4014 6226
204 462 331 527 1033

181 686 557 760 justojndicio
593 688 715 741 Dei.
753 687 879 740 Ι]ωο
909 685 1149 757 quidem
1182 685 1294 741 alio
1327 686 1637 757 detorquet
1668 684 1811 741 Gra-

191 778 326 843 bius,
355 777 780 846 intersertaque
826 773 1296 845 patriarcharum
1343 773 1734 829 Testamentis
1780 788 1816 829 a

190 865 475 937 cujusdam
510 862 827 918 Christiani
858 879 1038 918 manu
1092 862 1203 918 sub
1238 861 1435 917 saeculi
1468 881 1480 914 ι
1515 861 1691 918 ﬁnem
1725 861 1814 918 vel

190 956 287 1010 sub
309 953 537 1008 initium
572 950 939 1023 insequentis
968 951 1266 1007 existimat
1320 952 1434 1022 (23)
1465 967 1480 1006 :
1514 953 1575 1007 at
1620 949 1813 1006 virum

189 1044 433 1099 criticum
486 1041 631 1098 locis
672 1039 865 1096 allatis
907 1040 1025 1095 vim
1071 1040 1307 1106 inferre,
1356 1056 1473 1112 quo
1522 1055 1693 1095 suam
1744 1038 1814 1094 de

184 1134 362 1189 ,Ιυάωο
416 1130 699 1202 scriptore
747 1127 1010 1184 stabiliat
1059 1127 1433 1200 hypothesin,
1491 1143 1664 1183 nemo
1696 1143 1813 1182 non

186 1221 376 1277 dixerit
429 1220 528 1291 qui
573 1235 694 1273 rem
744 1216 1002 1289 penitius
1042 1217 1412 1289 intrnpisciat
1450 1231 1463 1272 :
1498 1216 1625 1272 loca
1654 1215 1812 1271 enim

184 1328 298 1383 qum
329 1309 396 1364 ad
429 1308 653 1364 Novum
681 1307 1122 1361 Testamentum
1174 1309 1465 1378 spectant,
1497 1306 1569 1360 de
1598 1303 1813 1360 Christi

182 1399 466 1455 divinitate
498 1398 686 1468 deque
717 1394 847 1450 aliis
876 1394 1218 1450 Christianas
1251 1393 1551 1467 religionis
1608 1392 1813 1465 capiti-

181 1490 301 1559 bus,
329 1488 374 1543 si
406 1503 436 1542 e
466 1485 659 1540 medio
688 1482 1266 1549 tollantur,concidat
1286 1482 1635 1555 opusculum
1666 1481 1812 1537 illud

182 1592 400 1632 necesse
432 1578 539 1631 est.
574 1573 724 1639 Quid
754 1573 907 1644 quod
940 1573 1014 1627 ab
1045 1589 1164 1628 una
1182 1589 1359 1627 manu
1383 1571 1581 1627 omnia
1610 1571 1672 1626 in
1704 1570 1813 1626 hoc

181 1680 337 1737 opere
369 1662 694 1736 perscripta
722 1677 850 1717 esse
896 1660 985 1716 vel
1038 1660 1177 1715 inde
1223 1660 1428 1733 liquet,
1472 1659 1673 1731 judice
1721 1659 1812 1713 Si-

182 1755 361 1811 monio
394 1753 528 1824 (24),
561 1751 716 1823 quod
748 1750 951 1806 eadem
986 1748 1122 1822 styli
1152 1750 1298 1804 ratio
1348 1749 1565 1821 ubique
1608 1748 1810 1821 spiret,

179 1846 494 1914 cunctaque
524 1856 642 1895 uno
690 1844 888 1895 tenore
947 1837 1309 1909 aequabiliter
1364 1837 1550 1893 ﬂuant
1576 1836 1604 1892 ‘l
1628 1835 1815 1892 Instat

1662 460 2083 527 ΡιιυιΕΜιΑ.

84 592 89 595 ⁷
192 598 387 669 accipio
410 597 459 653 is
490 592 843 668 approbrium
870 596 921 652 et
945 594 1321 667 confusiouem
1361 596 1752 669 sempiternam
1779 612 1815 651 a
1843 596 1895 663 Α
1924 595 2240 652 stamentis
2263 594 2627 669 patriarchas
2648 594 2955 653 duodecim
2971 595 3124 653 filios
3142 596 3579 671 Jacobloquen-

3422 464 3578 528 1034

1922 688 2011 741 tes
2034 684 2263 740 inducit
2295 703 2310 754 ;
2344 684 2446 757 qui
2468 685 2722 757 jamjam
2780 685 3074 754 morituri,
3106 690 3163 742 et
3202 688 3399 743 futura
3429 705 3573 759 prte-

1922 774 2216 842 nuntient,
2248 777 2307 829 et
2353 773 2595 847 optimis
2648 772 2935 830 institutis
2993 773 3146 832 filios
3204 792 3271 831 ac
3329 780 3574 849 nepotes

1922 860 2632 919 erudiant.Praedictiones
2649 862 2887 934 quidem
2901 862 3173 919 Messiam
3192 864 3570 936 potissimum

1922 968 1989 1009 ac
2018 955 2241 1007 statum
2269 951 2585 1025 Synagoga:
2609 954 2666 1007 et
2697 949 2967 1007 Ecclesiae
2989 951 3255 1025 gentium
3281 953 3392 1008 sub
3408 957 3568 1009 Novo

1922 1041 2298 1097 Testamento
2320 1039 2643 1113 respiciunt
2674 1056 2688 1096 :
2721 1039 2782 1095 in
2805 1039 3049 1096 historia
3064 1057 3196 1097 vero
3211 1041 3568 1114 patriarcha-

1922 1128 2255 1201 rum,plura
2283 1129 2355 1185 de
2384 1127 2475 1184 his
2495 1131 2845 1185 enarrantur
2869 1145 2996 1201 quas
3026 1127 3085 1184 in
3110 1128 3323 1186 Genesi
3345 1128 3568 1189 alliisve

1921 1216 2220 1274 canonicis
2253 1215 2419 1273 libris
2448 1215 2604 1272 haud
2638 1217 3082 1285 occurrunt,sed
3114 1234 3182 1273 ex
3214 1219 3565 1291 apocrypbis

1921 1308 2234 1378 desumpta
2252 1309 2591 1363 censentur:
2611 1322 2813 1362 eorum
2845 1310 3041 1362 tamen
3068 1306 3346 1379 pleraque
3378 1325 3566 1381 neque

1920 1395 2246 1469 incongrua
2272 1395 2523 1467 veritati,
2559 1412 2747 1466 neque
2778 1395 3024 1451 fortasse
3054 1396 3128 1451 ad
3172 1412 3351 1452 sacra)
3380 1397 3565 1453 histo-

1921 1485 2019 1541 ria;
2053 1484 2505 1540 illustrationem
2538 1483 2771 1539 inutilia
2800 1500 2930 1540 esse
2959 1484 3254 1540 videntur.

1990 1574 2206 1629 Verum
2240 1572 2431 1646 magis
2461 1572 2703 1628 interest
2730 1573 2846 1628 huc
2896 1572 3103 1629 afferre
3158 1573 3416 1647 insignia
3464 1591 3567 1649 pro

1920 1661 2133 1719 Christi
2165 1661 2468 1717 divinitate
2492 1661 2849 1729 testimonia,
2883 1678 3014 1735 quae
3043 1667 3247 1719 contra
3278 1663 3569 1721 Unitarios

1921 1768 1991 1807 ex
2020 1751 2115 1806 his
2145 1750 2540 1807 Testamentis
2579 1750 2822 1806 collecta
2850 1750 3036 1806 eidem
3088 1755 3157 1806 V.
3208 1752 3269 1808 C.
3324 1752 3463 1807 alibi
3492 1752 3571 1809 si-

1921 1845 2076 1896 stere
2106 1839 2450 1913 placuit.Sie
2470 1839 2651 1912 igitur
2671 1838 2767 1895 ille
2796 1839 2975 1911 (28):«
3001 1839 3063 1896 In
3088 1839 3463 1898 Testamento
3486 1842 3573 1898 Si-

193 1933 424 2003 insuper
451 1930 606 1985 idem
638 1928 728 1982 vir
747 1925 1358 1998 eruditus(25),aliqua
1388 1926 1447 1981 in
1480 1924 1574 1981 his
1606 1926 1812 1981 Testa-

1939 1929 2148 1985 neonis
2181 1929 2300 1984 hazc
2330 1927 2583 2001 legimus
2611 1924 3221 2002 verba(29):detoc,6
3243 1928 3373 1990 Θεὸς
3401 1929 3571 2003 μέγας

177 2020 379 2076 mentis
409 2033 864 2087 occurrere,quaa
891 2016 963 2071 ab
984 2016 1222 2071 homine
1242 2015 1570 2071 Christiano
1593 2012 1812 2070 tradita

1939 2020 2016 2072 τοῦ
2068 2014 2311 2090 Ἰσραὴλ,
2362 2014 2682 2093 φαινόμενος
2733 2014 2822 2070 ἐπὶ
2867 2022 2972 2091 γῆς
3014 2015 3089 2078 ὡς
3146 2014 3451 2093 ἅνθρωπος,
3480 2017 3570 2072 καὶ

174 2109 378 2165 litteris
410 2107 613 2173 fuisse,
667 2106 957 2161 absonum
1014 2104 1262 2173 videtur,
1326 2103 1489 2160 Haud
1537 2103 1810 2175 equidem

176 2196 613 2270 repugnaverim
648 2210 663 2249 :
697 2199 755 2249 at
783 2192 930 2248 nihil
965 2192 1206 2259 mirum,
1258 2192 1308 2248 si
1357 2208 1519 2248 more
1566 2191 1812 2248 Judaico

176 2286 420 2343 subinde
452 2284 728 2356 loquatur
758 2282 1012 2354 scriptor
1041 2281 1151 2338 iste
1196 2281 1563 2337 Christianus
1590 2305 1605 2348 ;
1636 2295 1813 2352 quem

174 2393 319 2449 Opus
350 2390 524 2430 suum
555 2389 622 2429 eo
654 2371 899 2428 consilio
931 2370 1251 2427 confecisse
1284 2373 1535 2439 constat,
1569 2386 1686 2441 quo
1714 2369 1817 2424 Ju-

172 2465 276 2520 daei
310 2461 535 2519 facilius
558 2461 887 2534 exciperent
918 2476 1044 2532 quae
1075 2459 1145 2516 de
1175 2459 1405 2515 Christo
1435 2459 1681 2530 ejusque
1713 2458 1813 2513 do-

176 2553 362 2611 ctrina
388 2552 608 2625 passim
639 2548 914 2607 inculcat.

247 2642 460 2698 Verum
491 2656 564 2696 ne
594 2640 652 2695 in
682 2638 779 2695 his
808 2638 1031 2694 diutius
1052 2638 1456 2704 immoremur,
1487 2636 1560 2692 ad
1591 2640 1818 2692 aetatem

177 2729 477 2803 scriptoris
507 2728 688 2799 hujus
719 2727 877 2800 quod
908 2726 1136 2797 attinet,
1170 2743 1324 2782 unus
1355 2725 1547 2781 adhuc
1579 2724 1821 2781 audien-

178 2820 291 2876 dus
320 2822 559 2874 Caveus.
596 2815 908 2871 Existimat
936 2813 1035 2871 ille
1065 2814 1345 2870 nimirum
1408 2813 1544 2886 (26),
1576 2812 1699 2868 ﬁeri
1728 2813 1824 2868 vix

178 2907 443 2983 potuisse
474 2905 614 2977 quin
648 2904 865 2976 aliquis
902 2903 1282 2975 antiquorum
1330 2907 1465 2959 ante
1512 2901 1821 2975 Origenem

177 2999 309 3069 ejus
339 2994 530 3067 operis
561 2992 947 3059 meminisset;
972 2993 1234 3063 adeoque
1264 2990 1475 3047 saaculo
1507 2989 1823 3063 apostolico

175 3086 338 3143 haud
369 3100 498 3140 esse
526 3082 938 3138 ascribendum
961 3079 1428 3152 opinatur.Hunc
1445 3083 1642 3135 tamen
1659 3095 1824 3134 scru-

173 3174 384 3249 pulum
416 3173 466 3229 si
499 3170 663 3228 evelli
693 3170 804 3226 sibi
838 3186 909 3226 ex
964 3170 1162 3225 animo
1220 3168 1493 3241 postulet,
1548 3168 1606 3223 id
1637 3184 1824 3223 unum

173 3263 518 3327 subdimus,
553 3263 617 3315 ut
648 3258 763 3315 alia
792 3263 1224 3331 praetereamus,
1259 3257 1611 3329 scriptorum
1637 3255 1826 3312 eccle—

1921 2106 2108 2175 σώζων
2142 2105 2196 2160 ἐν
2224 2102 2371 2177 αὖτῷ
2426 2103 2519 2159 τὸν
2554 2100 2750 2176 ’Δδάμ.
2799 2106 3079 2175 Dominus,
3112 2106 3270 2163 DEUS
3327 2110 3571 2165 MAGNUS

1919 2196 2112 2262 Israel,
2141 2195 2431 2267 apparebit
2460 2196 2525 2251 in
2553 2202 2710 2251 terra
2738 2198 2799 2250 ut
2827 2195 3073 2263 homo,et
3100 2196 3338 2252 salvabit
3368 2198 3428 2251 in
3455 2199 3572 2269 ipso

1922 2286 2125 2343 Adam.
2182 2285 2252 2340 Et
2307 2301 2443 2340 mox
2499 2284 2610 2356 (30)
2645 2301 2658 2340 :
2689 2283 2747 2336 Ὀ
2803 2282 2934 2343 Οεὸς
2990 2286 3152 2355 σῶμα
3207 2278 3415 2356 λαϐὼν,
3482 2284 3572 2340 καὶ

1925 2370 2212 2428 συνεσθίων
2259 2369 2589 2445 ἀνθρώποις,
2637 2364 2839 2424 ἔσωσεν
2891 2367 3108 2431 αὐτούς.
3160 2375 3315 2427 DEUB
3378 2387 3575 2445 corpus

1926 2477 2230 2528 assumens,
2264 2464 2317 2516 et
2345 2459 2623 2515 comedens
2652 2475 2779 2515 cum
2834 2459 3174 2529 hominibus,
3205 2460 3437 2516 salvavit
3466 2477 3574 2518 eos.

1930 2549 2254 2622 Paucisque
2285 2547 2607 2619 interjectis
2636 2546 2773 2620 (31),
2804 2547 3083 2605 Messiam
3111 2552 3278 2605 vocat
3307 2548 3435 2605 Θεὸν
3485 2548 3576 2604 καὶ

1930 2635 2238 2714 ἄνθρωπον,
2271 2637 2445 2694 Deum
2474 2644 2527 2694 et
2553 2635 2853 2693 hominem.

2002 2750 2031 2778 «
2068 2728 2131 2783 In
2162 2727 2537 2783 Testamento
2564 2725 2720 2791 Levi,
2752 2723 3146 2798 patriarcham
3188 2725 3368 2782 istum
3402 2741 3581 2800 ange-

1930 2815 2026 2872 lus
2055 2815 2149 2872 his
2181 2813 2503 2886 alloquitur
2548 2812 2742 2870 verbis
2778 2812 2892 2884 (32)
2927 2829 2941 2869 :
2975 2810 3074 2866 Διὰ
3120 2816 3217 2867 σοῦ
3263 2813 3353 2868 καὶ
3403 2811 3583 2871 Ἰούδα

1934 2903 2227 2982 ὀφθήσεται
2279 2900 2475 2977 Κύριος
2537 2899 2590 2955 ἐν
2650 2900 2981 2976 ἀνθρώποις,
3032 2900 3221 2970 σώζων
3288 2899 3341 2957 ἐν
3396 2902 3581 2966 αὐτοῖς

1932 2998 2036 3047 πᾶν
2092 2992 2245 3067 γένος
2304 2989 2625 3064 ἀνθρώπων.
2654 2991 2765 3046 Per
2817 2998 2869 3046 te
2932 2993 2983 3047 et
3033 2991 3242 3049 ludam
3293 2994 3586 3064 apparebit

1931 3083 2195 3139 Dominus
2221 3082 2284 3136 in
2313 3079 2648 3149 hominibus,
2679 3078 2899 3134 sulvans
2950 3081 3012 3135 in
3043 3080 3181 3151 ipsis
3222 3095 3381 3137 omne
3408 3097 3580 3152 genus

1932 3171 2238 3227 hominum.
2264 3166 2478 3225 Deinde
2510 3166 2636 3223 Levi
2667 3167 2750 3223 ait
2788 3166 3227 3239 (33),int'ernum
3259 3169 3576 3241 spoliatum

1933 3259 2006 3315 iri
2062 3255 2150 3312 ἐπὶ
2205 3252 2285 3329 τῷ
2338 3253 2495 3310 πάθει
2551 3258 2647 3309 τοῦ
2702 3253 2973 3328 Ὑψίστου,
3007 3257 3071 3312 in
3118 3258 3373 3328 passione
3408 3259 3576 3314 Altis-

173 3352 551 3409 siasticorum
581 3353 965 3405 monumenta
986 3347 1082 3418 qui
1114 3347 1341 3402 duobus
1368 3345 1575 3417 primis
1597 3344 1826 3400 saeculis
1856 3333 1899 3400 C
1935 3350 2087 3405 simi.

175 3441 453 3511 ﬂoruere,
488 3438 803 3493 maximam
835 3441 1058 3508 partem
1091 3451 1219 3490 esse
1248 3435 1550 3506 deperdita
1583 3451 1597 3502 ;
1630 3433 1831 3490 nobis-

2017 3459 2038 3487 ι
2075 3441 2141 3492 In
2172 3437 2547 3492 Testamento
2577 3433 2742 3490 Judae
2774 3432 2994 3489 mentio
3043 3433 3111 3489 ﬁt
3138 3434 3249 3506 (34)
3292 3432 3590 3509 παρουσίας

180 3546 303 3601 que
334 3546 407 3583 cx
446 3544 647 3584 eorum
691 3525 988 3597 operibus,
1046 3523 1251 3595 paucis
1307 3522 1585 3595 exceptis,
1635 3522 1818 3596 aliqua

1939 3528 2037 3580 τοῦ
2066 3526 2200 3579 Θεοῦ
2237 3528 2339 3591 τῆς
2389 3518 2758 3591 δικαιοσύνης,
2789 3520 3056 3578 adventus
3087 3526 3185 3578 Ds!
3208 3522 3453 3594 justitiae
3479 3539 3501 3587 ,°
3532 3525 3591 3579 ni

172 3623 415 3673 tantum
457 3630 763 3687 superesse
794 3613 1139 3685 fragmenta:
1174 3616 1239 3666 ut
1267 3610 1834 3684 propterea,illorum
1944 3614 2134 3681 fallor,
2165 3629 2235 3670 ex
2263 3612 2480 3668 Jerem.
2511 3628 2673 3683 xxm,
2710 3612 2766 3680 6,
2800 3614 2858 3667 et
2885 3627 3090 3680 xxxm,
3150 3613 3239 3667 16.
3297 3611 3369 3668 Et
3421 3612 3597 3685 paulo

173 3705 730 3763 vetustissimorum
764 3702 997 3757 Patrum
1020 3701 1317 3758 silentium
1342 3702 1635 3758 immerito
1667 3701 1818 3757 nobi:

1946 3708 2079 3777 post
2108 3703 2181 3758 de
2211 3701 2428 3759 Messia
2455 3700 2670 3756 dicitur
2845 3715 2859 3755 :
2892 3698 3062 3761 Οὗτος
3104 3699 3132 3754 ὁ
3177 3697 3411 3775 βλαστὸς
3467 3704 3602 3756 Θεοῦ

178 3793 522 3865 objiciatur.

179 3920 284 3977 III.
325 3917 517 3989 Operis
546 3918 791 3989 pretium
821 3915 1154 3984 expendatur
1180 3932 1292 3989 {ex
1321 3932 1424 3986 quo
1460 3917 1536 3989 _in
1579 3916 1779 3988 primis
1808 3931 1844 3989 a

261 3987 471 4045 Grabio
510 3987 827 4060 deprompta
866 4005 968 4056 pro
1007 4004 1139 4043 vera
1188 3987 1393 4043 Christi
1438 3987 1639 4060 deitate
1687 3988 1842 4043 testi-

1949 3789 2193 3866 ὑψίστου.
2226 3792 2326 3846 Hie
2391 3793 2471 3848 est
2526 3804 2748 3863 germen
2804 3788 2911 3846 DEI
2967 3789 3281 3848 altissimi:
3314 3806 3384 3848 ex
3440 3790 3604 3848 Isaia

1945 3881 2148 4027 1",«ZIn
2197 3969 2572 4026 Testamento
2619 3966 2875 4024 Zabulon
2920 3967 3035 4041 (36)
3068 3984 3082 4024 :
3111 3965 3211 4022 Καὶ
3259 3966 3395 4040 μετὰ
3437 3971 3606 4025 ταῦτα

256 4062 456 4134 monia
499 4052 908 4115 describuntur.
960 4061 1097 4134 ῌιήε
1139 4061 1415 4115 sententia
1461 4059 1526 4116 de
1578 4061 1818 4131 scriptam

1952 4057 2200 4114 ἀνατελεῖ
2242 4055 2369 4131 ὑμῖν
2411 4054 2572 4117 αὐτὸς
2600 4053 2821 4131 Κύριος,
2854 4059 2967 4134 φῶς
3016 4052 3388 4128 δικαιοσύνης·
3417 4089 3484 4102 —-
3512 4055 3603 4112 καὶ

264 4133 590 4188 Christiano
622 4133 823 4186 iterum
851 4131 1231 4201 conﬁrmatur.

261 4240 403 4296 Jam
435 4255 567 4294 vero
600 4238 851 4310 pretium
884 4237 1075 4309 operis
1106 4242 1281 4308 atque
1326 4236 1639 4293 utilitatem
1670 4252 1843 4309 expo-

182 4345 337 4385 nere
367 4332 628 4400 przestat,
658 4330 951 4397 praeunte
984 4325 1239 4381 maxime
1261 4325 1472 4382 Grabio
1503 4324 1605 4398 qui
1634 4342 1700 4382 eo
1725 4342 1849 4380 mu-

180 4433 338 4473 nere
372 4416 483 4471 rite
515 4416 859 4488 perfunctus
889 4414 1268 4485 comperitur.
1326 4414 1591 4469 Primum
1649 4414 1849 4486 itaque

180 4504 471 4563 omnium
505 4504 777 4559 observat
807 4503 894 4557 vir
923 4502 1196 4558 eruditus
1228 4502 1365 4574 (27),
1422 4502 1707 4557 Jacobum
1749 4518 1846 4573 pa-

1954 4144 2147 4222 ὄψεσθε
2177 4145 2304 4202 Θεὸν
2338 4144 2391 4200 ἐν
2424 4146 2672 4220 σχήματι
2704 4144 3011 4221 ἀνθρώπου.
3042 4146 3111 4202 Et
3158 4155 3280 4220 post
3320 4146 3433 4205 hac
3458 4148 3603 4205 orie-

1955 4245 2054 4295 tur
2081 4237 2236 4294 vobis
2266 4238 2381 4308 ipse
2419 4237 2703 4307 Dominus,
2753 4234 2857 4292 tua:
2888 4237 3237 4307 justitia...
3272 4244 3323 4295 et
3349 4236 3605 4294 videbitis

1956 4333 2127 4384 DEUM
2157 4328 2219 4382 in
2247 4326 2425 4397 forma
2456 4324 2716 4381 hominis.

2033 4437 2062 4468 ‹‹
2094 4417 2157 4471 In
2188 4415 2563 4472 Testamento
2593 4414 2712 4470 Dan
2739 4413 2853 4485 (37)
2887 4430 2901 4470 :
2932 4410 3043 4467 Οὐκ
3088 4408 3166 4469 ἔτι
3222 4412 3484 4487 ὑπομενεῖ
3510 4412 3609 4472 Ἱε-

1980 4500 2275 4580 ρουσαλὴμ
2321 4499 2621 4575 ἐρήμωσιν,
2667 4496 2793 4555 οὐδέ
2848 4497 3318 4575 αἰχμαλωτίσεται
3369 4500 3612 4577 Ἰσραὴλ,

178 4594 522 4651 triarcham
553 4591 817 4663 aliosque
848 4595 1083 4647 sanctos
1114 4590 1405 4659 homines,
1450 4589 1622 4645 morti
1654 4588 1816 4662 proxi

1962 4591 2044 4648 ὅτι
2112 4590 2312 4664 Κύριος
2375 4585 2521 4644 ἔσται
2592 4586 2818 4661 ἰμμέσῳ
2876 4586 3066 4658 αὐτῆς,
3122 4594 3241 4652 τοῖς
3308 4589 3617 4665 ἀνθρώποις

180 4700 355 4748 mos,
387 4682 508 4738 sive
531 4681 860 4736 futurorum
917 4679 1198 4752 praesagia
1257 4679 1375 4735 sive
1431 4678 1665 4751 egregia
1718 4678 1818 4733 vit:

1965 4676 2547 4756 συναναστρεφόμενος,
2576 4675 2666 4731 καὶ
2698 4678 2890 4752 Ἀγιος
2919 4676 3141 4753 Ἰσραὴλ
3190 4676 3491 4754 βασιλεύων
3536 4676 3621 4732 ἐπ’

183 4775 355 4829 bene
389 4772 628 4843 agendae
661 4769 883 4824 monita
915 4769 1189 4824 edidisse:
1226 4784 1353 4839 qua:
1383 4767 1626 4839 proinde
1644 4782 1818 4839 magn

1969 4768 2165 4830 αὐτοὺς
2197 4765 2249 4823 ἐν
2280 4765 2599 4822 ταπεινώσει
2628 4764 2719 4820 καὶ
2748 4765 3018 4841 πτωχείᾳ.
3049 4768 3167 4824 Non
3212 4768 3454 4840 amplius
3499 4783 3619 4823 sus-

182 4862 256 4917 in
296 4860 491 4931 pretio
522 4858 722 4913 haberi
757 4858 828 4912 ab
862 4853 1863 4926 audientibuslitterisquemandari
1971 4860 2167 4917 tinebit
2222 4856 2586 4914 Hierusalem
2646 4856 3065 4923 desolationem,
3125 4873 3298 4927 neque
3364 4859 3624 4929 captivus

184 4952 670 5006 consueverunt.
701 4947 865 5001 Hunc
894 4945 1077 5018 igitur
1106 4960 1326 5000 morem
1368 4943 1633 4999 imitatus
1663 4946 1868 4999 auctor
1972 4948 2200 5004 ducetur
2230 4946 2404 5004 Israel
2430 4961 2452 5007 .‘
2482 4945 2745 5017 quoniam
2774 4944 3036 5001 Dominus
3055 4946 3167 5001 erit
3196 4948 3256 5001 in
3278 4945 3457 5002 medio
3486 4946 3621 5018 ejus,

185 5044 436 5105 noster,
469 5054 584 5091 non
618 5040 738 5091 tam
773 5034 969 5091 animo
1018 5032 1368 5107 decipiendi,
1419 5049 1597 5104 quam
1636 5034 1867 5089 Judaaos
1974 5052 2101 5092 cum
2132 5035 2441 5092 hominibus
2466 5036 2890 5099 conversatus,et
2907 5036 3156 5089 Sanetus
3188 5034 3360 5090 Israel
3390 5048 3626 5106 regnans

183 5126 500 5200 religione
534 5140 598 5181 ac
630 5123 942 5197 disciplina
971 5122 1274 5178 imbuendi
1305 5121 1501 5178 studio
1530 5122 1591 5177 in
1622 5121 1717 5178 his
1758 5121 1867 5178 Te-
1976 5141 2141 5198 super
2163 5126 2307 5197 ipsos
2338 5123 2400 5178 in
2429 5121 2747 5178 humilitate
2776 5128 2829 5179 et
2850 5128 3196 5194 paupertate.

271 5284 403 5358 (23)
433 5284 607 5358 Grab.
643 5282 680 5339 l.
702 5299 991 5358 7c.,ipagg.
1028 5283 1151 5349 139,
1184 5282 1309 5358 I49.
1425 5352 1522 5358 MA

2052 5284 2161 5358 (30)
2194 5282 2338 5358 Ibi‘l-
2374 5282 2480 5351 §6-

271 5352 400 5426 (24)
432 5357 658 5411 Simon.
694 5352 840 5410 Bibl.
871 5352 1022 5420 erit,
1054 5360 1198 5410 tom.
1232 5352 1300 5419 ll,
1334 5368 1391 5424 p.
1422 5352 1548 5409 228.
2052 5352 2169 5423 (31)
2199 5354 2345 5426 Ibid.
2380 5369 2507 5426 cap.
2537 5353 2593 5426 2,
2627 5352 2738 5426 ΞῚ.

294 5424 402 5498 25)
435 5427 611 5498 Grab.
645 5426 684 5480 l.
718 5443 796 5491 c.,
831 5443 963 5498 pag.
997 5426 1121 5481 l33.
1166 5496 1181 5498 ᾼ
1329 5495 1356 5498 Α,
2055 5426 2168 5498 (32)
2199 5424 2348 5498 Ibid.
2382 5424 2504 5498 3,:§
2529 5425 2586 5479 2.

297 5429 402 5567 25)
435 5429 611 5483 Grab.
645 5429 684 5480 l.
718 5443 796 5491 0.,
831 5443 963 5498 pag.
997 5429 1121 5481 l33.
2077 5429 2168 5497 32)
2199 5429 2348 5480 Ibid.
2382 5429 2436 5492 3,
2472 5429 2494 5496 ς

297 5499 381 5553 26
432 5497 569 5570 Cav.
597 5499 736 5570 Hist.
772 5497 973 5563 littera,
1007 5501 1127 5570 tom
1160 5496 1206 5570 Ι,
1228 5513 1295 5570 Ap.
1324 5495 1417 5550 51.
2054 5429 2169 5570 (33)
2198 5495 2347 5570 ibid.
2378 5494 2409 5567 §
2440 5495 2494 5549 4.

273 5564 405 5641 (27)
439 5568 616 5641 Grab.
654 5568 693 5622 l.
729 5584 779 5623 c.
816 5569 1146 5641 pagg._l29.
1173 5564 1303 5641 141)
1353 5638 1367 5641 Α
1501 5636 1517 5641 _
1542 5636 1557 5641 _

2058 5564 2172 5641 (34)
2204 5566 2350 5641 Ποὲεὲ·
2383 5564 2512 5641 eat);
2547 5564 2602 5636 4,
2633 5566 2662 5635 §
2689 5565 2781 5622 22-

2157 5568 2179 5857 ἒ

275 5626 408 5713 (28)
440 5639 615 5713 Grab.
651 5626 851 5713 Αηηρὶ.
884 5626 967 5696 ait
985 5639 1043 5696 ο.
1075 5640 1231 5695 Bulli
1257 5636 1577 5710 Defens.ﬁd.
1607 5637 1877 5694 Nie.sect.
2059 5626 2176 5713 (se)
2206 5637 2353 5713 iuga.
2384 5626 2532 5704 §24.

180 5706 537 5784 u,'ca'p._3,
572 5727 706 5784 pag.
735 5712 831 5767 64.
1095 5781 1107 5784 _
1333 5706 1383 5784 '_
1449 5706 1535 5784 ,Ἀ

2062 5706 2175 5784 eo
2206 5708 2352 5784 Iba.
2380 5723 2509 5780 cap.
2539 5706 2598 5784 ο
2628 5706 2742 5784 se

282 5639 408 5713 (28)
440 5639 615 5695 Grab.
651 5639 851 5695 Annot.
884 5639 954 5696 ad
985 5639 1043 5696 G.
1075 5640 1231 5695 Bulli
1257 5639 1577 5710 Defens.ﬁd.
1607 5639 1877 5694 Nic.sect.
2081 5640 2155 5694 35
2208 5639 2353 5693 Ibid.
2384 5639 2532 5704 §24.

310 5729 388 5767 ca
437 5753 449 5765 .
482 5711 537 5778 3,
572 5727 706 5784 pag.
735 5712 831 5767 64.
2086 5710 2156 5765 36
2206 5708 2352 5765 Ibid.
2380 5723 2509 5780 cap.
2539 5706 2598 5774 6,
2685 5707 2742 5764 9.

282 5728 427 5861 (29S,
448 5782 677 5839 Testam.
708 5799 789 5839 xii
819 5781 1169 5855 Patriarch.,
1202 5797 1332 5856 cap.
1356 5782 1416 5851 2,
1445 5778 1477 5855 §
1504 5778 1561 5837 6.
2207 5778 2359 5839 Ibid.
2389 5794 2520 5857 cap.
2548 5776 2606 5851 7,
2628 5705 2667 5853 ἓ
2693 5778 2752 5847 5.

510 5911 776 5978 Persen.
823 5910 936 5977 Gn.
979 5910 1058 5980 II.
3282 5916 3360 5990 83
