4014 6226
472 396 622 453 1035

1506 386 2035 450 TESTAMENTA
2080 384 2189 448 XII
2235 386 2942 452 PATBIARCHARUM.

2940 54 3225 90 'h‘T‘U'EI

3714 73 3837 209 ι.

3679 401 3807 462 1036

541 549 568 574 ‹‹
604 527 664 580 In
697 526 1065 581 Testamento
1091 522 1465 596 Nephthalim
1499 522 1611 593 (38)
1645 537 1658 576 :
1691 519 1785 573 Avi:
1812 524 1906 573 τοῦ
1938 515 2105 574 Ἰούδα

2224 518 2298 574 tis
2329 519 2526 573 citare.
2564 543 2588 569 ››
2625 522 2920 594 Excerptis
2951 523 3158 578 deinde
3203 526 3493 597 productis
3524 546 3637 601 qius
3665 550 3804 605 supc-

469 611 715 668 ἀνατελεῖ
740 612 977 687 σωτηρία
1004 617 1083 684 τῷ
1114 608 1356 687 Ἰσραὴλ,
1389 609 1479 663 καὶ
1510 608 1561 662 ἐν
1607 608 1753 679 αὐτῴ
1803 606 2113 683 εὐλογηθή-

469 721 613 756 σεται
664 698 877 755 Ἰακώϐ.
934 703 1031 756 Διά
1075 703 1175 778 γὰρ
1236 704 1333 754 τοῦ
1382 700 1659 774 σκήπτρου
1720 697 1884 751 αὐτοῦ
1940 695 2111 774 ὀφθή-

468 811 614 845 σεται
672 790 820 860 Θεὸς,
877 793 1140 845 κατοικῶν
1202 787 1253 843 ἐν
1324 788 1631 862 ἀνθρώποις
1690 785 1776 840 ἐπὶ
1831 792 1929 854 τῆς
1984 791 2112 861 γῆς,

469 884 635 934 σῶσαι
687 880 750 934 τὸ
796 880 949 955 γένος
998 877 1243 955 Ἰσραήλ.
1293 880 1403 935 Per
1448 879 1657 937 ludam
1704 877 1913 933 orietur
1962 876 2112 930 salus

470 971 659 1035 Israel,
691 978 745 1026 et
793 972 855 1025 in
897 972 1013 1042 ipso
1070 969 1415 1026 benedicetur
1467 968 1647 1024 Iacob.
1680 972 1788 1023 Per
1841 968 2114 1037 sceptrum

467 1062 618 1116 enim
645 1060 761 1132 ejus
785 1060 1075 1132 apparebit
1101 1060 1281 1129 Duos,
1306 1059 1561 1114 habitans
1594 1059 1741 1113 inter
1767 1056 2018 1111 homines
2048 1055 2114 1110 in

466 1159 634 1221 terra,
676 1153 735 1205 ut
766 1151 938 1205 salvet
966 1165 1138 1221 genus
1166 1148 1358 1204 Israel.

538 1261 569 1290 ‹‹
601 1242 663 1295 In
695 1239 1066 1295 Testamento
1096 1240 1241 1294 Aser
1269 1238 1380 1309 (39)
1414 1254 1426 1292 :
1461 1236 1517 1288 Ὁ
1547 1237 1801 1307 Ὕψιστος
1830 1232 2110 1305 ἐπισκέψε-

462 1346 550 1380 ται
596 1327 695 1395 τὴν
747 1333 872 1402 γῆν,
904 1326 993 1380 καὶ
1042 1324 1203 1387 αὐτὸς
1253 1322 1422 1380 ἐλθὼν
1470 1322 1543 1384 ὡς
1582 1319 1885 1397 ἄνθρωπος,
1918 1318 2108 1384 ἐσθίων

464 1416 554 1469 καὶ
584 1415 753 1470 πίνων
807 1416 940 1489 μετᾶ
985 1419 1090 1470 τῶν
1148 1414 1472 1491 ἀνθρώπων,
1503 1411 1591 1466 καὶ
1638 1410 1689 1464 ἐν
1733 1408 1941 1485 ἡσυχίᾳ
1987 1430 2109 1463 συν-

465 1500 666 1577 τρίϐων
697 1505 795 1573 τήν
826 1502 1068 1582 κεφαλὴν
1104 1508 1201 1559 τοῦ
1251 1500 1543 1575 δράκοντος
1592 1498 1661 1554 δι’
1692 1496 1907 1560 ὕδατος.
1941 1497 2110 1559 Οὗτος

467 1594 628 1647 σώσει
674 1594 765 1647 τὸν
797 1593 1021 1670 Ἰσραὴλ
1068 1594 1158 1647 καὶ
1209 1590 1382 1646 πάντα
1429 1592 1493 1644 τὰ
1541 1585 1845 1661 ἔθνη,Θεὸς
1896 1587 1971 1649 εἷς
2016 1584 2107 1641 ἄν-

469 1679 567 1757 δρα
598 1681 1035 1757 ὑποκρινόμενος.
1072 1688 1422 1739 ALT:SSIMUS
1478 1680 1726 1736 visitabit
1786 1686 2030 1739 terram;
2059 1685 2110 1733 et

466 1775 583 1844 ipse
608 1774 831 1828 veniens
858 1778 917 1827 ut
939 1776 1121 1841 homo,
1174 1788 1299 1827 cum
1345 1769 1661 1826 hominibus
1688 1768 2026 1823 manducans
2057 1770 2110 1822 et

464 1862 674 1929 bibens,
706 1864 755 1917 et
788 1863 847 1915 in
877 1862 1098 1917 silentio
1145 1868 1427 1917 conterens
1482 1862 1647 1930 caput
1705 1857 1959 1912 draconis
2010 1870 2110 1927 per

466 1966 690 2023 aquam.
728 1952 823 2005 Hic
849 1951 1094 2006 salvabit
1117 1950 1285 2007 Israel
1316 1958 1369 2005 et
1407 1963 1590 2005 omnes
1621 1951 1827 2017 gentes,
1866 1951 2017 2001 Deus
2049 1947 2108 2001 in

466 2041 650 2095 virum
671 2040 1048 2097 absconditus.

544 2149 571 2182 α
599 2128 863 2200 Denique
917 2129 977 2183 in
1036 2130 1408 2184 Testamento
1439 2125 1744 2197 Benjamin
1775 2125 1888 2196 (40)
1922 2141 1935 2180 :
1978 2120 2110 2176 Τότε

464 2217 553 2271 καὶ
585 2218 746 2289 ἡμεῖς
778 2215 1205 2289 ἀναστησόμεθα,
1232 2212 1453 2277 ἕκαστος
1487 2212 1573 2268 ἐπὶ
1605 2220 1879 2289 σκῆπτρον
1921 2214 2105 2284 ἡμῶν,

464 2310 888 2381 προσκυνοῦντες
916 2306 1005 2359 τὸν
1044 2304 1269 2379 βασιλέα
1292 2307 1398 2358 τῶν
1447 2303 1706 2376 οὐρανῶν,
1739 2302 1830 2356 τὸν
1877 2300 1962 2355 ἐπὶ
2008 2308 2109 2376 γῆς

466 2394 691 2473 φανέντα
732 2394 782 2448 ἐν
839 2398 1022 2473 μορφῇ
1068 2394 1352 2471 ἀνθρώπου
1412 2392 1796 2468 (ἀνθρωπίνης)
1845 2390 2107 2444 ταπεινώ-

466 2505 619 2545 σεως.
664 2488 809 2542 Tunc
836 2495 887 2541 et
923 2502 1021 2541 nos
1067 2500 1435 2557 resurgemus,
1464 2486 1837 2554 unusquisque
1894 2483 1953 2536 in
2001 2497 2110 2536 sce-

459 2582 646 2646 ptrum
674 2575 1239 2640 nostrum,adorantes
1252 2589 1435 2643 regem
1447 2572 1731 2642 caelorum,
1756 2572 1852 2642 qui
1879 2572 1937 2624 in
1959 2574 2110 2625 terra

464 2666 728 2735 apparuit
757 2666 812 2717 in
864 2667 1045 2733 forma
1091 2663 1331 2718 hominis
1378 2661 1694 2733 (humanae)
1749 2659 2109 2715 humilitatis.

466 2753 714 2823 Moxque
743 2753 905 2808 addit
944 2751 1242 2808 Israelitas
1273 2750 1649 2822 judicandos,
1683 2745 1765 2801 ὅτι
1811 2744 2113 2821 παραγενό-

471 2859 629 2913 μενον
676 2840 802 2894 Θεὸν
852 2838 903 2893 ἐν
956 2838 1111 2915 σαρκὶ
1171 2837 1536 2912 ἐλευθερωτὴν
1590 2836 1690 2891 οὐκ
1751 2835 2111 2891 ἐπίστευσανε

468 2932 733 3002 quoniam
779 2931 1156 2987 advenientem
1205 2929 1362 2985 Dnou
1410 2930 1473 2984 in
1534 2943 1700 2984 carne
1762 2927 2117 2984 liberatorem

468 3036 579 3074 non
607 3018 974 3075 crediderunt.

548 3130 577 3159 «
633 3108 776 3165 Ecce
832 3107 1161 3175 Christum,
1220 3108 1532 3178 Dominum,

473 3203 671 3266 Deum,
704 3198 1068 3264 Altissimum,
1114 3196 1382 3253 Sauetum
1428 3196 1621 3262 Israel,
1671 3200 1805 3265 etc.,
1858 3192 2113 3267 appella-

1608 3107 1798 3172 Deum,
1854 3122 2117 3177 magnum

2222 608 2345 661 rius
2377 609 2768 677 recitavimus,
2803 613 3151 668 sententiam
3175 630 3341 669 suam
3373 616 3581 672 claudit
3606 619 3685 675 his
3712 640 3805 678 ver-

2223 695 2314 751 bis
2349 712 2361 750 :
2397 718 2425 746 «
2457 696 2588 752 Haec
2618 698 2865 755 clariora
2893 704 2950 756 et
2981 704 3345 773 expressiora
3396 711 3548 775 sunt,
3581 725 3734 780 quam
3760 719 3807 767 ut

2223 784 2556 856 detorqueri
2587 787 2834 857 possint.
2870 790 3029 855 Quod
3063 791 3112 845 si
3145 796 3346 847 assuta
3372 798 3429 849 et
3456 794 3721 852 insincera
3746 800 3805 853 di-

2223 877 2355 927 cent
2384 873 2764 948 (adversarii),
2798 894 2911 932 non
2947 882 3036 933 est
3068 880 3222 951 quod
3257 897 3389 937 cum
3420 884 3502 938 eis
3533 884 3802 959 litigemus.

2223 961 2317 1017 Slc
2347 962 2499 1018 enim
2532 964 2846 1036 scriptores
2874 983 3077 1023 omnes
3132 971 3557 1028 ecclesiasticos
3608 974 3799 1033 eludere

2220 1048 2434 1105 licebit.
2467 1051 2637 1107 Nulla
2666 1054 2823 1109 enim
2854 1054 2947 1110 hic
2977 1055 3113 1129 styli
3151 1058 3419 1127 varietas,
3452 1060 3607 1117 nulla
3651 1081 3801 1121 rerum

2222 1143 2325 1194 aut
2348 1140 2658 1197 verborum
2690 1143 3103 1216 discrepantia,
3151 1147 3297 1202 nihil
3355 1166 3468 1205 non
3527 1153 3742 1224 simplex
3763 1160 3803 1209 et

2220 1228 2395 1283 unius
2426 1230 2645 1286 formae.
2679 1231 2927 1288 Videtur
2956 1238 3148 1290 autem
3183 1236 3291 1293 iste
3321 1238 3581 1311 scriptor,
3615 1243 3801 1298 consilio

2219 1316 2316 1372 ille
2347 1318 2582 1389 quidem
2616 1337 2733 1376 non
2765 1321 2944 1389 malo,
2985 1324 3085 1379 sed
3119 1326 3326 1382 fraude
3386 1344 3500 1383 non
3554 1328 3799 1397 laudabili,

2219 1406 2341 1462 hinc
2369 1408 2643 1465 vaticinia
2672 1410 3445 1485 patriarchissubjecisse,ut
3474 1416 3683 1475 Judzeos
3699 1438 3800 1476 suos

2219 1496 2292 1552 ad
2324 1496 2499 1552 fidem
2530 1496 2808 1570 alliceret,
2841 1504 2900 1557 et
2945 1518 3228 1575 magnum
3259 1504 3407 1561 illud
3438 1508 3706 1564 nascentis
3729 1511 3798 1564 Dei

2220 1586 2562 1657 mysterium
2595 1605 2628 1642 a
2658 1605 2773 1659 quo
2814 1589 3224 1664 abhorrebant,
3288 1594 3347 1648 in
3403 1611 3500 1651 ore
3554 1597 3798 1654 duodecim

2218 1674 2681 1747 patriarcharum
2714 1678 2912 1735 minus
2942 1680 3025 1736 eis
3060 1681 3316 1738 invisum
3349 1684 3641 1741 accideret.
3667 1710 3690 1737 ››
3713 1690 3799 1741 Huc.

2219 1780 2401 1835 usque
2435 1764 2710 1822 Maranus
2742 1767 2809 1822 V.
2842 1770 2901 1823 C.
2933 1769 3014 1824 Ex
3060 1770 3278 1842 quibus
3334 1772 3519 1845 liquet
3548 1774 3703 1831 nimis
3724 1776 3797 1831 ab-

2212 1852 2366 1923 jecte
2397 1856 2654 1911 sensisse
2683 1856 3001 1914 Nourrium
3032 1860 3159 1929 ejus
3214 1861 3503 1934 sodalem,
3531 1863 3697 1920 virum
3720 1882 3796 1920 ca-

2219 1945 2343 1998 tera
2372 1944 2773 2014 doctum,cum
2806 1947 2877 2001 de
2906 1946 3000 2003 his
3021 1948 3416 2006 Testamentis
3442 1950 3581 2006 illud
3603 1970 3794 2025 pronun-

2219 2031 2384 2087 tiavit
2414 2049 2426 2087 :
2465 2055 2492 2081 ‹‹
2524 2032 2583 2088 in
2618 2032 2806 2090 lucem
2838 2053 3143 2108 nunquam
3174 2038 3368 2094 emitti
3386 2056 3455 2096 ea
3482 2041 3793 2113 debuisse,vel

2220 2121 2517 2193 perpetuis
2564 2123 2820 2178 tenebris
2869 2125 3053 2181 fuisse
3109 2127 3447 2185 damnanda
3495 2131 3599 2203 (42)
3630 2154 3653 2179 ιι
3684 2148 3792 2202 :quo

2221 2210 2459 2282 quidem
2493 2212 2729 2268 nomine
2756 2213 2843 2269 vel
2876 2214 2947 2269 ab
2976 2214 3103 2286 ipso
3154 2216 3419 2275 Simonio
3468 2223 3679 2275 notatur
3701 2221 3791 2289 (43).

2202 2326 2317 2391 Ν.
2348 2336 2421 2390 De
2450 2337 2779 2419 εξαζήἱδνηδ-εςἶ
2809 2340 3215 2419 exemplaribus
3234 2341 3475 2419 _Graecis.
3520 2344 3671 2416 deque
3692 2346 3791 2398 mati-

2294 2424 2405 2533 qua
2444 2408 2660 2464 Roberti
2713 2408 3108 2466 Lincolniensis
3157 2414 3398 2486 episcopi
3454 2408 3675 2471 versibus
3715 2420 3792 2483 agi-

2320 2495 2406 2534 ur.

2300 2569 2483 2638 Hujus
2514 2568 2705 2640 operis
2733 2570 2895 2625 varia
2933 2571 3434 2629 circumferuntur
3480 2592 3613 2632 mss.
3660 2592 3796 2631 exem-

2226 2655 2410 2728 plaria
2438 2656 2654 2727 Graeca,
2685 2658 2825 2714 viris
2851 2660 3098 2717 eruditis
3132 2661 3394 2730 laudata,
3444 2664 3792 2720 Montfauconio

2226 2746 2340 2817 (44)
2371 2745 2430 2800 in
2464 2746 2691 2817 primis,
2726 2748 2996 2815 Nourrio,
3030 2750 3309 2815 Simonio,
3338 2753 3642 2808 Warthono
3669 2753 3717 2808 ll.
3740 2769 3795 2808 cc.

2232 2832 2504 2906 aliisque.
2534 2837 2640 2890 Ms.
2693 2835 3194 2910 Cantabrigiensis
3246 2842 3521 2896 meminit
3571 2842 3795 2897 Fabricius

2229 2923 2363 2995 (45),
2394 2924 2639 2997 ejusque
2668 2924 2871 2982 titulos
2903 2944 3004 2982 seu
3037 2929 3295 3001 capitum
3330 2933 3640 2987 summaria
3662 2935 3795 2985 Grece

2228 3012 2453 3081 recitat,
2486 3013 2632 3070 nihil
2664 3018 2882 3071 tamem
2917 3018 2988 3072 ab
3020 3017 3173 3073 edito
3204 3018 3501 3075 Grabiano
3538 3019 3793 3075 diversaDe

2228 3100 2526 3158 codicibus
2558 3107 2754 3159 autem
2783 3104 3121 3178 Anglicanis
3153 3124 3286 3164 mox
3314 3108 3492 3175 infra,
3522 3110 3612 3165 ubi
3632 3110 3688 3165 de
3710 3108 3795 3164 edi-

2226 3190 2384 3247 tione
2416 3190 2747 3248 Oxoniensi.
2783 3194 3040 3249 Primum
3070 3212 3204 3251 vero
3253 3196 3522 3255 Graecum
3551 3197 3791 3269 exemplar.

470 3291 619 3342 tum.
653 3308 681 3337 »
712 3291 1005 3342 Hactenus
1036 3285 1300 3341 eruditus
1321 3283 1574 3340 Grabius
1612 3300 1624 3338 :
1661 3300 1695 3339 a
1726 3300 1841 3355 quo
1875 3284 1995 3338 hinc
2023 3299 2113 3338 ea-
2144 3267 2187 3334 C
2225 3279 2276 3334 ei
2309 3280 2451 3335 ﬁdes
2484 3280 2754 3337 Matthseo
2779 3282 2940 3339 Paris
2973 3283 3410 3357 (/16),detectum
3431 3288 3509 3343 ita
3536 3267 3791 3357 fuisseper-

468 3377 601 3432 dem
632 3380 927 3432 contracta
949 3379 1254 3431 mutuatus
1274 3378 1363 3430 est
1384 3373 1734 3429 Prudentius
1755 3373 2029 3428 Maranus
2052 3372 2111 3427 in

466 3466 759 3538 przsstanti
795 3481 966 3538 opere
991 3464 1271 3535 inscripto
1305 3480 1317 3518 :
1350 3463 1668 3518 Divinitatis
1723 3462 1788 3517 D.
1845 3462 1909 3517 N.
1967 3462 2016 3517 Ι.
2052 3460 2108 3515 C.

465 3555 769 3628 manifesta
797 3555 858 3608 in
895 3554 1194 3625 Scripturis
1226 3555 1280 3607 et
1309 3551 1601 3607 traditione
1630 3551 1762 3621 (41).
1795 3549 1973 3621 Cujus
2004 3549 2112 3604 viri

463 3644 793 3700 doctissimi
817 3642 1109 3715 judicium
1140 3642 1211 3697 de
1241 3641 1451 3697 horum
1475 3642 1989 3696 Testamentorum
2012 3655 2111 3694 au-

464 3736 619 3787 ctore
648 3731 707 3785 in
741 3731 999 3787 medium
1032 3730 1290 3803 proferre
1319 3728 1480 3793 libet,
1513 3746 1627 3801 quo
1660 3727 1849 3800 magis
1880 3726 1981 3782 illa
2012 3727 2109 3782 fir-

464 3824 700 3875 mentur
731 3837 858 3891 quae
890 3821 960 3875 de
994 3819 1179 3891 ipsius
1210 3836 1381 3891 opere
1432 3818 1843 3874 disseruimus.
1878 3841 1905 3867 «
1945 3816 2109 3871 Hunc

464 3908 831 3980 scriptorem,
866 3908 1077 3979 inquit,
1129 3908 1396 3963 Judaeum
1446 3907 1627 3963 fuisse
1673 3906 1931 3962 declarat
1977 3904 2105 3977 plu-

465 3997 651 4052 rimus
679 3996 1058 4053 Judaicarum
1100 3996 1433 4052 fabularum
1486 4013 1628 4051 usus
1661 4011 1675 4050 :
1710 3994 2106 4051 Christianum

462 4102 614 4155 vero,
677 4086 926 4140 nimium
985 4088 1196 4156 apertae
1253 4086 1324 4141 de
1394 4084 1619 4139 Christo
1677 4084 2104 4156 praedictiones,

462 4190 640 4246 quam
673 4178 737 4228 ut
765 4192 831 4230 ex
879 4174 1098 4230 eventis
1150 4174 1295 4228 fictae
1346 4190 1462 4228 non
1512 4173 1749 4228 fuerint.
1802 4173 2100 4228 Seniorem

459 4262 669 4318 saeculo
700 4280 739 4317 ιι
770 4262 1039 4318 nonnulli
1070 4262 1313 4327 faciunt,
1346 4279 1513 4317 nemo
1536 4262 1854 4333 juniorem,
1890 4264 2103 4334 quippe

457 4368 591 4407 cum
622 4353 693 4407 ab
727 4352 974 4425 Origene
1007 4351 1210 4407 homil.
1243 4369 1313 4406 xv
1344 4353 1400 4407 in
1436 4353 1593 4408 Iosue
1641 4350 1854 4406 citatus
1903 4352 2097 4407 fuerit.

452 4441 703 4496 Grabius
734 4442 893 4496 hunc
925 4440 1140 4496 librum
1172 4440 1312 4496 olim
1345 4458 1377 4496 a
1405 4441 1605 4496 Judch
1640 4440 1924 4511 scriptum
1968 4444 2099 4495 ante

450 4529 662 4586 Christi
695 4536 910 4598 ortum,
945 4534 1002 4585 et
1032 4546 1064 4584 a
1094 4529 1423 4584 Christiano
1448 4530 1656 4584 sazculo
1688 4546 1706 4583 ι
1733 4532 1976 4584 exeunte
1998 4533 2100 4584 aut

449 4635 489 4673 ιι
522 4618 804 4675 inueunte
833 4617 1247 4691 interpolatum
1272 4618 1577 4690 putat.Sed
1607 4618 1727 4673 huic
1758 4617 2093 4673 eruditiviri
2126 4638 2174 4703 D

447 4708 642 4779 opinio
674 4708 989 4765 levissimis
1018 4707 1369 4779 conjecturis
1402 4707 1627 4763 nititur.
1662 4706 1817 4762 Nihil
1849 4706 2005 4762 enim
2034 4706 2093 4762 in

445 4796 555 4852 hoc
586 4812 758 4867 opere
788 4797 1153 4853 insincerum
1188 4800 1245 4852 et
1275 4796 1599 4852 interlitum
1656 4799 1915 4868 apparet,
1949 4796 2092 4851 nihil

444 4887 598 4956 quod
630 4903 742 4940 non
770 4886 1064 4958 proposito
1104 4887 1411 4943 conducat.
1464 4888 1653 4953 Quare
1702 4903 1816 4941 non
1867 4891 1955 4941 est
1987 4902 2092 4941 cur

440 4990 747 5029 vereamur
776 4974 896 5030 haec
937 4976 1316 5030 Testamenta
1362 4974 1714 5045 patriarchis
1764 4974 2089 5046 supposita,

442 5068 507 5119 ut
535 5064 1052 5135 germanissimum
1076 5081 1225 5135 opus
1239 5063 1423 5119 Judmi
1447 5064 1507 5119 in
1530 5064 1826 5119 Christum
1857 5064 2092 5119 creden-

508 5225 623 5295 (38)
655 5224 881 5297 Testam.
916 5240 996 5278 x11
1020 5224 1362 5297 Patriarch.,
1397 5241 1523 5297 cap.
1555 5224 1609 5293 8,
1640 5225 1669 5293 §
1696 5225 1749 5279 8.

507 5297 621 5365 (29)
660 5296 805 5368 Ibid.
840 5312 968 5366 cap.
1004 5296 1091 5365 40,
1124 5295 1154 5368 §
1185 5296 1241 5368 7.

533 5368 623 5435 40)
656 5367 800 5421 Ibid.
837 5384 965 5439 cap.
1004 5367 1091 5437 12,
1124 5367 1152 5435 §
1184 5367 1269 5439 1οε

508 5369 623 5508 (40)
656 5369 800 5421 Ibid.
837 5384 965 5439 cap.
1004 5369 1091 5437 12,
1124 5373 1152 5435 §
1184 5369 1269 5422 10.

532 5438 617 5511 fit)
651 5438 873 5495 Maran.
906 5440 1087 5494 Divin.
1123 5441 1187 5494 D.
1222 5438 1285 5494 Ν.
1318 5439 1366 5495 J.
1399 5438 1453 5493 ϐ.
1490 5438 1594 5493 lib.
1629 5454 1693 5505 Ir,
1726 5455 1852 5511 cap.
1893 5442 1940 5507 1,
1973 5439 2001 5507 §
2030 5438 2083 5494 4.

436 5508 862 5703 ἓξὲῗΝοωτ.
931 5582 1136 5653 Appar.
1186 5581 1266 5638 ad
1331 5580 1445 5637 bibl
1480 5581 1593 5636 PP.
1663 5584 1808 5637 tom.
1867 5585 1913 5653 Ι,
1949 5598 2081 5656 pag.

487 5668 619 5809 ὲ(43)
647 5718 868 5780 Simon.
903 5724 1050 5782 Bibl.
1072 5725 1226 5799 crit.,
1259 5726 1402 5815 tom.
1438 5723 1510 5791 11,
1544 5738 1601 5795 p.
1633 5722 1760 5780 225.

2222 3368 2477 3436 hibetur,
2509 3370 2784 3440 Magister,
2816 3371 3028 3444 inquit,
3057 3378 3291 3429 Joannes
3338 3376 3405 3432 de
3434 3378 3789 3447 Basingestokrs.

2220 3457 2642 3513 archidiaconus
2671 3460 2906 3530 Legriw,
2937 3462 3025 3515 vir
3054 3463 3115 3516 in
3144 3464 3312 3519 trivio
3343 3469 3398 3520 et
3448 3465 3699 3537 quadrivio
3721 3478 3789 3516 ελσε

2215 3548 2680 3617 perientisszmus,
2713 3547 2918 3605 Graecis
2948 3565 3014 3605 ac
3038 3551 3255 3607 Latinis
3285 3554 3491 3609 litteris
3536 3554 3600 3609 ad
3630 3555 3790 3625 plenum

2220 3636 2584 3707 eruditus,....
2617 3637 2979 3693 intimavcrat
3034 3642 3281 3713 episcopo
3340 3643 3687 3699 Lincolniensi
3722 3644 3787 3697 Ita-

2222 3724 2389 3791 berto,
2419 3725 2558 3796 quod
2587 3726 2804 3797 quando
2831 3727 3041 3782 studuit
3064 3729 3309 3799 Athenis,
3334 3734 3552 3788 viderat
3587 3741 3629 3787 et
3652 3730 3785 3785 audie-

2217 3816 2308 3867 rat
2336 3813 2407 3868 ab
2437 3816 2629 3879 peritis
2657 3819 2974 3871 Graecorum
3002 3816 3311 3875 doctoribus
3361 3822 3603 3892 quaedam
3634 3820 3783 3874 Latinis
3891 3866 3893 3892 λ

2218 3903 2515 3973 incognita.
2547 3905 2695 3959 Inter
2721 3919 2848 3976 quae
2884 3908 3087 3977 reperit
3132 3924 3214 3962 xn
3268 3911 3706 3971 Patriarcharum,
3740 3907 3781 3973 ﬁ-

2216 3991 2418 4046 liorum
2470 3992 2720 4048 videlicet
2777 3994 2959 4060 Iacob,
3013 3996 3353 4053 Testamenta
3405 4016 3419 4055 :
3471 4014 3588 4072 qua?
3633 4001 3781 4052 constat

2215 4096 2325 4136 esse
2352 4080 2419 4136 de
2446 4080 2763 4137 substantia
2796 4083 3130 4141 bibliothecas
3150 4102 3172 4147 ;
3201 4088 3295 4141 sed
3319 4105 3421 4160 psr
3464 4088 3701 4144 invidiam
3722 4086 3779 4139 lu-

2214 4170 2461 4227 da’orum
2488 4169 2696 4226 dudum
2720 4173 2896 4242 fuisse
2930 4174 3230 4246 incognita,
3260 4182 3486 4249 prapter
3537 4177 3778 4245 manifesta:

2212 4275 2334 4332 qua?
2363 4276 2423 4314 in
2452 4260 2653 4316 eisdem
2679 4268 2890 4332 patent,
2920 4262 2989 4319 de
3031 4263 3247 4321 Christo
3305 4267 3631 4335 propheticis.
3681 4260 3775 4319 (inde

2212 4348 2355 4403 idem
2385 4350 2661 4421 episwpus
2690 4351 2841 4405 misit
2872 4352 2932 4406 in
2964 4352 3231 4409 Graeciam
3266 4372 3281 4423 ;
3313 4362 3368 4411 et
3398 4372 3522 4411 cum
3542 4371 3595 4411 ea
3621 4352 3775 4407 habuis-

2209 4440 2306 4505 set,
2340 4439 2623 4493 transtulit
2651 4438 2716 4494 de
2746 4438 2927 4496 Grazco
2960 4442 3017 4495 in
3052 4444 3311 4497 Latinum
3370 4460 3665 4500 sermonem.
3692 4439 3771 4493 Ηέε

2208 4525 2306 4581 ille
2338 4528 2660 4583 monachus
2689 4528 2936 4601 Anglus,
2970 4531 3069 4586 ubi
3104 4531 3250 4586 nihil
3284 4532 3355 4588 de
3408 4538 3561 4589 textu
3588 4530 3769 4589 Hebraeo,

2207 4618 2271 4669 ut
2300 4615 2460 4683 alibi,
2494 4632 2669 4687 quem
2700 4616 2875 4672 etiam
2903 4619 3175 4690 superius
3196 4621 3454 4677 vidimus
3486 4622 3767 4677 enarrantem

2204 4705 2276 4760 ab
2307 4705 2510 4761 eodem
2532 4705 2772 4776 quidem
2800 4707 3193 4765 Lincolniensi
3224 4710 3496 4783 episcopo
3518 4709 3623 4763 haec
3642 4707 3767 4761 Testa-

2204 4799 2400 4849 menta
2430 4811 2459 4849 e
2493 4795 2687 4850 Graeco
2722 4796 2927 4851 Latine
2958 4797 3139 4853 fuisse
3184 4800 3433 4867 reddita,
3487 4799 3761 4868 coadjurantt

2201 4887 2398 4938 tamen
2455 4885 2719 4951 magistro
2765 4885 2985 4940 Nicolao
3036 4886 3239 4955 Graeco,
3304 4890 3499 4943 clerico
3542 4878 3757 4941 abbatisS.

2201 4972 2425 5026 Albani.
2458 4972 2538 5027 De
2569 4978 2818 5045 utroque
2859 4972 3175 5047 interprete
3208 4977 3544 5032 distinctius
3579 4974 3675 5045 agit
3696 4969 3755 5023 Ba-

2201 5059 2326 5117 leus
2358 5061 2491 5132 (47)·

2270 5222 2383 5299 (44)
2414 5223 2614 5278 Montf.
2648 5222 2792 5279 Bibl.
2823 5222 3096 5295 biblioth.,
3129 5228 3273 5282 tom.
3310 5229 3357 5295 Ι,
3392 5242 3522 5299 pag,
3569 5223 3640 5287 14,

2196 5296 2639 5467 ῗῗῗᾶὃῗῐῗπόὒτὶο.
2702 5364 2827 5421 Cod.
2892 5367 3090 5439 pseud.
3131 5370 3188 5425 V.
3222 5369 3296 5436 T.,
3364 5373 3507 5435 tom,
3566 5366 3628 5434 ll,
3665 5372 3740 5434 pag.

2242 5440 2257 5467 1

2193 5440 2387 5633 3:546)
2421 5508 2623 5564 Matth.
2656 5508 2787 5565 Par.
2822 5509 2957 5565 Hist.
2993 5512 3213 5580 maior.,
3245 5512 3310 5567 ad
3374 5527 3509 5565 ann.
3561 5506 3726 5569 125ζὲ

2230 5594 2241 5605 ·
2330 5596 2455 5633 seu.

2203 5596 2539 5779 “2:32?th
2576 5652 2714 5708 Ηίδεο
2748 5648 2815 5708 ιιι
2846 5652 3037 5725 script.
3092 5654 3372 5723 Britann.,
3430 5655 3630 5711 centur.
3671 5654 3731 5701 sit

2192 5740 2248 5797 p.
2364 5763 2378 5778 .
