4014 6226
245 478 366 538 ΙΟΊἸ
1450 477 1760 540 TESTAM
1774 478 1819 539 Ε

2041 480 2047 539 [
2096 480 2385 541 RUBEN.
3473 480 3626 542 1038

357 614 422 666 V.
459 612 531 667 De
560 608 808 668 editione.
843 608 1124 667 Grabiana
1155 609 1243 666 hic
1273 613 1416 682 typis
1443 627 1716 683 expressa.
1891 617 1945 680 Α
1976 612 2653 684 tabrigiensis.Latinam
2682 629 2912 684 quoque
2934 613 3167 669 Roberti
3201 614 3627 672 Lincolniensis

299 718 446 773 Hanc
477 722 672 772 autem
703 716 936 772 Roberti
975 716 1276 789 antiquum
1327 718 1652 772 versionem
1705 718 1865 773 Lati-
1973 702 2301 758 versionem
2334 701 2634 774 perpetuis
2657 704 3166 757 emendationibus
3191 703 3456 772 limavit;
3491 705 3625 780 aliis

249 824 368 863 nam
399 807 650 862 subinde
679 807 833 878 typis
855 807 1038 862 fuisse
1063 807 1470 878 consignatam
1493 813 1712 862 norunt
1741 825 1866 863 eru-
1975 790 2213 863 (ἶυίάθω
2245 807 2394 862 quas
2424 808 2454 846 θ
2484 791 2713 845 dUObus
2766 807 2908 846 mSS-
2949 791 3317 847 bibliotheca
3361 791 3623 850 BOdleia‘

239 897 330 953 diti
357 915 370 964 ;
402 896 763 968 dignamque
789 896 849 950 in
883 895 1090 967 primis
1120 896 1529 952 existimarunt
1557 896 1663 952 viri
1711 897 1824 952 doc

2040 896 2060 934 3
2087 880 2364 935 hauserat
2393 884 2450 935 et
2479 880 2642 952 prius
2674 880 2746 935 ad
2777 897 2909 935 oras
2941 879 3287 952 paginarum
3326 884 3625 952 posuerat,

235 1002 349 1057 quae
376 985 435 1041 in
467 967 724 1040 veterum
753 984 990 1040 Patrum
1023 984 1398 1040 Bibliothecis
1422 985 1613 1041 locum
1645 986 1865 1041 obtine—
1973 967 2031 1022 in
2055 972 2274 1024 tomum
2299 968 2654 1040 assumptis;
2691 968 2820 1024 aliis
2843 986 2976 1024 Vero
2999 986 3031 1024 ἃ
3050 987 3112 1024 se
3135 971 3260 1041 ipso
3284 969 3579 1039 adiunctis
3611 989 3628 1027 ε

241 1079 332 1129 ret.
361 1072 574 1129 Verum
608 1074 666 1128 in
718 1073 996 1129 omnibus
1039 1074 1396 1129 editionibus
1449 1091 1574 1145 quae
1604 1075 1676 1129 ab
1723 1091 1826 1130 an:

2068 1075 2136 1113 ex
2169 1058 2503 1130 prmfatione
2535 1059 2605 1112 ad
2639 1058 2958 1113 secundam
3009 1057 3294 1129 Spicilegii
3340 1058 3628 1115 Oxonien-

242 1164 364 1218 1483
393 1179 580 1234 usque
609 1163 680 1218 ad
711 1180 933 1218 annum
965 1164 1104 1217 1677
1133 1163 1192 1217 in
1236 1163 1446 1235 vulgus
1500 1162 1860 1235 prodierunt,
1975 1163 2099 1202 sem
2132 1147 2450 1202 editionem
2483 1147 2621 1202 anni
2656 1148 2791 1200 1714
2821 1146 3133 1215 muli-litur-

237 1255 312 1306 tot
338 1251 634 1322 tantisque
668 1251 895 1306 mendis
919 1249 1131 1305 fmdata
1149 1253 1238 1304 est
1261 1249 1504 1320 antiqua
1525 1249 1726 1305 isthaec
1748 1265 1866 1304 ver-
2047 1253 2304 1308 Priorem
2332 1253 2687 1308 Grabianam
2719 1257 2961 1308 secutus
2991 1257 3082 1308 est
3113 1253 3412 1309 Fabricius
3448 1254 3507 1309 in
3542 1256 3634 1312 Co-

235 1341 330 1406 sio,
362 1344 424 1394 ut
467 1356 620 1411 sape
665 1340 760 1394 vix
806 1355 1048 1395 sensum
1091 1339 1406 1394 extundere
1454 1338 1668 1394 valeas.
1701 1338 1864 1402 Quod
1986 1341 2102 1396 dice
2128 1341 2602 1413 pseudengrapho
2651 1342 2855 1398 Oeteris
2903 1342 3242 1407 Testamentz',
3293 1342 3406 1397 vol.
3456 1343 3500 1410 Ι,
3541 1360 3632 1398 se-

234 1445 419 1484 secum
449 1433 728 1500 reputans
756 1428 1016 1486 Joannes
1046 1428 1330 1483 Ernestus
1377 1427 1650 1494 Grabius,
1685 1426 1864 1483 eolla-
1983 1429 2096 1485 mel
2131 1430 2458 1500 iterumque
2512 1429 2666 1502 typis
2699 1445 2910 1485 excuso
2943 1431 3261 1502 Hamburgi
3296 1447 3432 1485 ann.
3468 1432 3632 1486 1713-

231 1518 300 1574 tis
327 1517 496 1574 editis
526 1534 662 1573 cum
692 1517 924 1573 duobus
953 1515 1317 1572 bibliothecae
1362 1516 1688 1572 Bodleianae
1719 1533 1863 1571 mss.
1988 1518 2146 1584 1722,
2173 1535 2512 1590 quanquam
2547 1518 2829 1574 memoria
2857 1517 3062 1589 lapsus
3087 1517 3258 1573 aliter
3287 1518 3499 1576 alicubi
3522 1518 3632 1590 (48)

233 1607 541 1673 codicibus,
563 1605 852 1679 plurimos
883 1605 1125 1664 sustulit
1152 1622 1397 1672 errores,
1417 1605 1691 1661 correctis
1721 1621 1867 1676 quo-
1975 1613 2237 1662 asserat:
2265 1609 2419 1678 quod
2453 1609 2676 1678 utique,
2710 1612 2774 1663 ut
2804 1611 3012 1663 caetera
3067 1607 3434 1676 omittamus,
3478 1623 3633 1663 com-

233 1712 336 1767 que
364 1694 495 1752 aliis
524 1711 672 1767 pene
702 1695 1028 1750 innumeris
1061 1695 1132 1750 ab
1174 1694 1489 1766 interprete
1529 1693 1658 1766 ipso
1706 1710 1866 1749 com-
1976 1701 2204 1768 pertum
2243 1697 2358 1766 fiet,
2394 1698 2662 1751 secundae
2695 1696 2997 1751 Grabianze
3029 1702 3230 1752 notam
3264 1714 3320 1767 p.
3357 1697 3462 1751 224
3495 1713 3628 1753 cum

233 1783 439 1840 missis.
488 1785 647 1841 Hanc
691 1784 892 1856 itaque
935 1783 1263 1840 versionem
1317 1784 1401 1838 sic
1451 1782 1865 1850 emaculatum,
1976 1785 2234 1840 secunda
2291 1785 2427 1840 item
2479 1785 2818 1840 Fabriciana
2869 1802 2924 1856 p.
2970 1786 3075 1839 687
3130 1785 3472 1840 conferenti.
3507 1786 3628 1842 Nos

232 1890 359 1929 cum
386 1877 550 1930 textu
585 1873 782 1931 Graeco
816 1874 883 1930 ad
920 1873 1067 1928 duos
1107 1873 1337 1928 codices
1368 1876 1586 1936 exacto,
1617 1871 1864 1927 alterum
1975 1891 2108 1930 vero
2161 1873 2538 1945 posteriorem
2587 1872 2994 1940 Oxoniensem,
3058 1875 3141 1928 uti
3185 1891 3288 1945 par
3335 1879 3479 1940 erat,
3515 1873 3632 1930 sele

228 1962 541 2019 Academiae
573 1961 1088 2033 Cantabrigiensis,
1133 1961 1503 2016 bibliothecae
1541 1959 1866 2016 Bodleianas
1899 1979 1945 2042 Β
1976 1963 2171 2034 gimus
2196 1981 2208 2017 :
2234 1963 2474 2017 editoris
2494 1963 3046 2032 adnotationesqute
3065 1962 3248 2018 textui
3270 1962 3634 2017 emendando

231 2050 887 2124 alterum,publieijuris
911 2051 1046 2106 fecit
1067 2049 1424 2106 Oxonii1698
1445 2049 1504 2104 in
1527 2048 1867 2104 volumineI
1983 2051 2328 2116 inserviunt,
2365 2051 2713 2106 retinuimus
2758 2067 2769 2103 :
2808 2050 2954 2106 alias
2998 2049 3292 2122 longiores
3341 2049 3634 2106 contraxi-

227 2139 505 2213 sz'cilegiz
534 2139 627 2195 SS.
661 2145 916 2201 Patrum.
947 2139 1164 2194 Exinde
1192 2155 1324 2194 vero
1353 2138 1667 2194 editionem
1694 2155 1866 2193 suam
1983 2157 2140 2204 mus,
2173 2139 2374 2212 paucis
2410 2139 2643 2193 interim
2675 2139 2890 2194 additis
2925 2155 3054 2210 quae
3086 2139 3350 2194 auctoris
3382 2142 3640 2193 mentem

229 2244 529 2286 recensens
550 2231 707 2285 idem
726 2229 814 2283 vir
834 2228 1348 2299 eruditus,textum
1369 2231 1629 2283 Graecum
1651 2227 1868 2282 iterum
1988 2229 2048 2283 in
2081 2228 2290 2300 primis
2321 2228 2662 2300 respiciunt.

229 2317 471 2392 contulit
497 2334 632 2374 cum
665 2318 896 2374 duobus
928 2333 1071 2374 mss.
1120 2317 1348 2390 collegii
1389 2316 1694 2373 Trinitatis
1725 2320 1874 2373 Can-

1327 2673 1509 2802 AI
1635 2673 2499 2803 ΔΙΑΘΗΚΑΙ

654 2923 1125 3092 ΤΩΝ
1266 2922 1538 3091 ΙΒ⁷
1679 2920 3197 3090 ΠΑΤΡΙΑΡΧΩΝ

1645 3177 1775 3227 ΤΩΝ
1813 3177 1970 3229 ΥῙΩΝ
2003 3175 2212 3229 ΙΑΚΩΒ

1059 3331 1386 3428 ΠΡΟΣ
1463 3331 1782 3427 ΤΟΥΣ
1863 3331 2234 3428 ΥΙΟΥΣ
2318 3328 2778 3425 ΛΥΤΩΝ.

1276 3526 2586 3804 ΤΕεΤῶΕΝΤΑ

742 3907 1612 4042 DUODECIM
1731 3908 3123 4041 PATRIABCHARUM

1606 4127 1991 4189 FlLIOltUM
2034 4128 2273 4187 JACOB

1352 4289 1511 4372 AD
1609 4286 2070 4373 FILIOS
2170 4285 2520 4374 SIHJS

968 4458 1467 4518 INTERPRETE
1517 4458 1882 4518 ROBERTO
1927 4457 2473 4518 LINCOLNIENSI
2518 4456 2924 4517 EPISCOPO.

1337 4606 1653 4677 (G.\LLAND.,
1691 4607 1796 4662 Vat.
1829 4608 1980 4662 Patr.
2017 4606 2299 4674 Bibliot/i.,
2335 4607 2378 4674 Ι,
2415 4606 2560 4678 195.)

808 4776 1207 4829 ΚΕΦΛᾹΑΙΟΝ
1263 4775 1338 4828 A'.
1931 4780 1973 4846 (ι

1931 4780 1973 4846 c
2671 4773 2903 4829 CAPUT
2944 4775 2984 4828 L

596 4881 834 4951 Διαθῖςκη
867 4874 1115 4952 Ῥουϐἡμ
1146 4879 1268 4956 περὶ
1302 4879 1541 4935 ἐννοιῶν.
2142 4865 2181 4919 T'

2142 4865 2535 4920 Testamentum
2567 4863 2781 4956 Ruben,
2800 4863 2964 4956 stetis
2990 4879 3111 4956 lgna:
3143 4862 3444 4916 meriturus
3473 4862 3534 4915 in

2542 4939 2725 4990 mente
2768 4935 2877 5005 (49)
2911 4936 3124 4990 habuit.

312 5045 398 5095 A'.
433 5038 790 5116 ’Δντίγραφον
851 5037 1113 5110 διαθήκης
1151 5035 1415 5112 Ῥουϐνὲ,μ,
1445 5039 1541 5094 ὅσα
1601 5038 1897 5096 ἐνετεῖλατο

2082 5044 2123 5098 Ι.
2159 5041 2603 5113 Transcriptum
2642 5040 2978 5096 testamenti
3031 5041 3251 5107 Roben,
3300 5053 3663 5111 quaecunque

222 5133 368 5190 τοῖς
417 5129 558 5190 υἱοῖς
609 5128 794 5201 αὐτοῦ,
827 5128 952 5205 πρὶν
998 5128 1283 5192 ἀποθανεῖν
1334 5129 1514 5198 αὐτὸν,
1549 5128 1601 5184 ἐν
1635 5131 1807 5184 Emito:

2082 5132 2314 5187 andavit
2345 5131 2480 5186 filiis
2509 5131 2657 5196 suis,
2711 5129 3056 5202 priusquam
3090 5133 3434 5192 moreretur,
3474 5128 3534 5182 in
3564 5129 3667 5182 125

225 5216 483 5289 sinam?)
535 5219 739 5292 πὲμπῳ
794 5216 902 5274 ἓτει
960 5221 1057 5288 τῆς
1090 5223 1236 5288 ζωῆς
1266 5218 1449 5273 αὐτοῦ.
1481 5219 1625 5274 Μετᾶ
1658 5217 1749 5289 ἔτη

2080 5238 2170 5276 uno
2200 5222 2331 5276 vitae
2354 5219 2704 5292 ipsius.Post
2727 5236 2912 5274 annos
2943 5219 3091 5273 duos
3123 5219 3328 5274 mortis
3346 5215 3665 5288 Josepb,ad

224 5313 350 5376 τῆς
399 5307 658 5377 τελευτῆς
702 5308 924 5385 Ἰωσὴφ,
961 5307 1329 5384 ἀρῥωστοῧντι
1380 5309 1726 5383 συνήχθησαν
1790 5307 1809 5362 ἐ

2087 5313 2401 5382 grotantem
2435 5309 2770 5381 congregati
2803 5312 3045 5375 sunt,ut
3072 5307 3375 5362 visitarent
3404 5303 3672 5368 eum,filii

229 5395 548 5469 σκέψασθαι
582 5395 740 5452 αὐτὸν
775 5397 827 5450 οἱ
857 5397 965 5450 υἱοῖ
997 5395 1087 5450 καὶ
1105 5395 1214 5450 υἱοὶ
1235 5400 1344 5450 τῶν
1372 5397 1500 5450 υἱῶν
1523 5396 1814 5452 αὐτοῦ.Καῖ

2111 5397 2216 5452 ﬁlii
2244 5397 2501 5452 ﬁliorum
2529 5399 2680 5468 ejus.
2715 5398 2784 5452 Et
2815 5397 2960 5452 dixit
2991 5395 3115 5452 eis:
3149 5419 3176 5446 »
3210 5394 3393 5450 Filioli
3428 5392 3674 5463 mei,ego

227 5504 351 5540 πεν
388 5485 593 5548 αὐτοῖς’
625 5510 653 5538 ‹‹
684 5484 870 5540 Τεκνία
905 5505 1031 5558 μου,
1057 5484 1166 5560 ἐγὼ
1197 5485 1546 5556 ἀποθνήσκω,
1569 5485 1658 5539 καὶ
1689 5504 1812 5562 πορε

2093 5487 2267 5558 orior,
2298 5491 2354 5541 et
2384 5488 2530 5542 vado
2561 5487 2715 5542 viam
2738 5491 2974 5558 patrum
3006 5501 3340 5541 meorum.»
3378 5484 3446 5538 Et
3470 5481 3674 5537 videns

289 5629 446 5756 4018)
479 5631 704 5687 Fabric.
762 5630 887 5686 Cod.
935 5629 1122 5702 pseud.
1177 5634 1246 5684 γ.
1290 5631 1514 5686 Testam.
1549 5633 1693 5701 tom.
1745 5629 1815 5700 ΙΙ,
1858 5646 1914 5701 p.
2029 5633 2232 5756 ἓξὲξ,
2294 5629 2475 5686 habet
2534 5629 2825 5684 Robertus
2873 5628 3183 5702 episcopus
3254 5621 3676 5682 Lincolnensis.

241 5701 356 5756 84.
431 5701 434 5702 ⁷
939 5701 947 5702 ί
2031 5701 2211 5759 GRAB.

332 5741 452 5848 ξ49)
491 5773 556 5830 In
603 5777 802 5833 mente.
848 5775 912 5862 In
961 5777 1143 5830 mente
1187 5775 1388 5850 spiritu
1430 5774 1793 5848 prwgnostico
1836 5771 1922 5830 di-
