4014 6226
274 353 422 417 1011

1507 347 2113 414 TESTAMENTUM
2160 346 2445 413 RUBEN.

3527 341 3686 407 1042

268 483 399 555 ἐστὶ,
456 487 569 557 μεθ’
619 480 681 538 οὗ
727 478 942 554 ἐκτίσθη
978 483 1091 556 (64)
1138 479 1381 544 ἔκστασις
1437 480 1669 561 φύσεως,
1720 483 1809 537 καὶ
1841 482 1906 538 εί-

2029 499 2165 539 cum
2198 499 2313 555 quo
2343 486 2537 540 creata
2564 484 2656 539 est
2684 478 2934 540 exstasis
2966 480 3208 551 naturae,
3233 480 3290 536 et
3309 476 3501 551 imago
3526 496 3679 536 mor-

267 575 374 628 κὼν
433 578 531 628 τοῦ
582 570 827 637 θανάτου.
880 572 1109 633 Τούτοις
1164 577 1281 635 τοῖς
1312 572 1579 645 πνεύμάσι
1616 572 1917 646 συμμίγνυ-

266 683 352 717 ται
400 661 463 717 τὰ
511 666 723 735 πνεῦμα
753 663 865 735 (65)
908 664 1007 729 τῆς
1039 659 1273 731 πλάνης.
1309 665 1533 737 Πρῶτον
1560 663 1621 716 τὸ
1648 668 1749 730 τῆς
1780 680 1917 734 πορ-

264 752 406 813 νείας
436 751 486 805 ἐν
518 750 587 824 τῇ
619 751 771 828 φύσει
803 751 892 828 καὶ
920 755 1039 828 ταῖς
1090 749 1406 828 ἀἰσθήσεσιν
1471 748 1733 828 ἔγκειται.
1788 750 1915 805 Δεύ-

262 844 419 899 τερον
470 820 685 895 πνεῦμα
736 820 1039 891 ἀπληστίας
1088 820 1138 875 έν
1188 826 1258 895 τῇ
1289 820 1721 897 γαστρί.’Τρίτον
1754 826 1914 876 πνεῦ-

268 932 340 985 μα
392 912 579 987 μάχης
622 910 673 965 ἐν
734 910 813 982 τῷ
851 911 1014 979 ἣπατι
1046 908 1134 965 καὶ
1164 909 1233 983 τῇ
1264 909 1436 985 χολῇ.
1468 908 1727 985 Τέταρτον
1758 913 1916 964 πνεῦ-

267 1022 340 1074 μα
399 999 676 1075 ἀρεσκείας
744 998 834 1054 καὶ
897 999 1247 1074 μαγγανείας,
1315 996 1407 1053 ⁸ίνα
1464 995 1553 1053 διὰ
1609 997 1915 1074 περιεργίας

262 1089 469 1165 ὡραῖος
527 1088 692 1166 ὀφθῇ.
742 1088 997 1162 Πέμπτον
1045 1091 1259 1159 πνεῦμα
1290 1086 1680 1164 ὑπερηφανίας,
1707 1085 1800 1142 ’ίνα
1827 1106 1913 1141 κι-

258 1183 415 1246 νῆται
467 1179 603 1251 (66),
658 1175 746 1231 καὶ
800 1175 1206 1253 μεγαλοφρονῇ·
1257 1178 1451 1230 Ἕκτον
1511 1179 1725 1248 πνεῦμα
1781 1173 1911 1249 ψεύ-

260 1264 409 1335 δους,
471 1265 521 1321 έν
563 1264 812 1336 ἀπωλείᾳ
850 1266 938 1320 καὶ
974 1263 1128 1337 ζήλῳ
1156 1267 1253 1319 τοῦ
1284 1262 1537 1319 πλάττειν
1571 1262 1790 1338 λόγους,
1822 1260 1912 1319 κκί

256 1354 512 1428 κρύπυειν
560 1352 756 1430 λόγους
773 1353 937 1409 αὐτοῦ
969 1352 1074 1408 ἀπὸ
1106 1352 1291 1427 γένους
1319 1352 1407 1407 καὶ
1435 1350 1673 1407 οἰκείων·
1709 1346 1908 1407 Ἕϐδο-

264 1464 363 1516 μον
410 1447 621 1517 πνεῦμα
667 1441 898 1511 ἀδικίας,
954 1444 1067 1516 μεθ’
1114 1444 1180 1511 ἧς
1211 1439 1394 1511 κλοπή
1428 1441 1515 1496 καὶ
1541 1439 1907 1517 γρυπίσματα,

252 1531 343 1588 ’ίνα
393 1534 597 1606 ποιήσῃ
641 1529 963 1610 φιληδονίαν
1013 1528 1237 1607 καρδίας
1289 1530 1473 1586 αὐτοῦ.
1506 1530 1569 1587 Ἡ
1598 1531 1698 1606 γάρ
1731 1527 1911 1584 ἀδικία

258 1627 501 1699 συνεργεῖ
543 1626 659 1683 τοῖς
711 1619 930 1683 λοιποῖς
974 1619 1240 1693 πνεύμασι
1300 1617 1389 1674 διὰ
1416 1626 1514 1689 τῆς
1542 1616 1907 1692 δολοληψίας.

256 1709 381 1766 Ἐπὶ
430 1715 559 1765 πᾶσι
607 1709 823 1772 τούτοις
867 1710 930 1764 τὸ
976 1713 1185 1782 πνεῦμα
1225 1712 1322 1764 τοῦ
1371 1706 1560 1779 ὕπνου,
1599 1708 1663 1763 τὸ
1710 1705 1906 1783 ὄγδοον

258 1802 493 1873 πνεῦμα,
542 1797 858 1854 συνάπτεται
905 1796 1085 1872 πλάνῃ
1132 1800 1246 1871 (67)
1306 1796 1395 1853 καὶ
1462 1796 1740 1875 φαντασίᾴ.
1808 1795 1907 1852 Καὶ

259 1886 436 1951 οὕτως
486 1885 792 1944 ἀπόλλυται
844 1891 950 1949 πᾶς
1004 1887 1291 1962 νεώτερος,
1338 1885 1598 1956 σκοτίζων
1647 1886 1739 1942 τὸν
1788 1890 1909 1941 νοῦν

263 1975 371 2031 ἀπὸ
416 1981 518 2045 τῆς
569 1974 843 2047 ἀληθείας,
891 1974 981 2030 καὶ
1030 1976 1105 2048 μὴ
1163 1975 1357 2029 συνιὼν
1409 1973 1462 2029 ἐν
1513 1972 1594 2047 τῷ
1630 1972 1787 2046 νόμῳ
1815 1977 1912 2029 τοῦ

263 2068 422 2133 Θεοῦ,
457 2066 595 2138 μήτε
627 2062 910 2120 ὑπακούων
942 2061 1213 2125 νουθεσίας
1241 2062 1487 2137 πατέριον
1520 2060 1704 2134 αὐτοῦ,
1729 2059 1910 2137 ὥσπερ

260 2152 416 2229 κάγὼ
449 2148 642 2208 ἔπαθον
673 2151 723 2208 ἐν
752 2156 831 2224 τῷ
858 2154 1208 2227 νεωτερισμῷ
1254 2172 1378 2225 μου.
1425 2149 1524 2206 Καὶ
1569 2154 1683 2221 νῦν,
1731 2148 1911 2220 τέκνα,

258 2243 359 2311 τὴν
406 2240 663 2312 ἀλήθειαν
717 2240 1051 2316 ἀγαπήσατε,
1100 2239 1191 2294 καὶ
1240 2238 1375 2310 αὕτη
1416 2236 1705 2313 φυλάξεται
1748 2238 1909 2310 ὑμᾶς.

260 2327 507 2385 Διδάσκω
558 2330 720 2402 ὑμᾶς,
773 2329 1035 2384 ἀκούσατε
1082 2322 1330 2401 Ῥουϐἠμ
1375 2330 1473 2382 τοῦ
1502 2328 1704 2403 πατρὸς
1736 2328 1910 2401 ὑμῶν.

258 2421 348 2488 Μὴ
402 2419 701 2494 προσέχετε
756 2418 808 2473 ἐν
859 2412 979 2491 ὄψει
1031 2416 1280 2493 γυναικὸς
1336 2418 1472 2489 (68),
1517 2413 1651 2489 μηδὲ
1682 2413 1913 2484 ἰδιάζετε

261 2509 398 2581 μετὰ
446 2506 676 2578 θηλείας
709 2504 1024 2581 ύπάνδρου,
1078 2502 1218 2580 μηδὲ
1264 2504 1671 2581 περιεργάζεσθέ
1718 2507 1909 2578 πρᾶξιν

257 2600 551 2673 γυναικῶν,
600 2595 661 2650 Εἰ
711 2597 786 2669 μή
818 2596 918 2672 γάρ
952 2592 1091 2649 εἶδον
1126 2594 1236 2668 ἐγὼ
1267 2592 1480 2649 Βάλλαν
1516 2592 1821 2666 λουομένην
1856 2592 1907 2648 ἐν

257 2689 513 2757 σκεπηνῷ
545 2684 719 2757 τόπῳ,
754 2684 853 2738 ούκ
883 2684 1165 2739 ἐνέπιπτον
1199 2683 1272 2744 εἶς
1301 2684 1399 2752 τὴν
1432 2682 1654 2755 ἀνομίαν
1684 2682 1784 2750 τὴν
1816 2701 1910 2755 με-

254 2774 455 2852 γάλην.
500 2768 863 2829 Συλλαϐοῦσα
892 2773 994 2849 γὰρ
1026 2776 1060 2842 ἡ
1095 2770 1304 2827 διάνοιά
1340 2792 1444 2845 μου
1473 2772 1573 2840 τὴν
1602 2771 1906 2845 γυναικείαν

257 2863 562 2939 γύμνωσιν,
612 2862 711 2917 οὐκ
759 2860 901 2918 εἷάσέ
952 2882 1019 2935 με
1069 2862 1333 2930 ὑπνῶσαι,
1376 2858 1480 2923 ἓως
1519 2861 1580 2915 οὗ
1612 2858 1810 2937 ἔπραξα
1846 2860 1908 2916 τὸ

262 2947 565 3025 βδέλυγμα.
614 2948 879 3011 Ἀπόντος
926 2950 1030 3025 γὰρ
1081 2943 1274 3004 Ἰακὼϐ
1321 2952 1418 3003 τοῦ
1481 2948 1683 3023 πατρὸς
1748 2950 1910 3021 ἡμῶν

258 3039 397 3115 πρὸς
430 3039 609 3094 Ἰσαὰκ
635 3038 725 3093 τὸν
759 3039 964 3114 πατέρα
991 3037 1176 3109 αὐτοῦ,
1209 3031 1372 3092 ὄντων
1405 3038 1566 3109 ἡμῶν
1614 3036 1667 3092 ἐν
1716 3034 1908 3113 Γαδὲρ,

258 3125 497 3197 πλησίον
547 3129 783 3205 Ἐφραθὰ
832 3128 942 3201 (69)
988 3126 1135 3181 οἶκον
1178 3123 1431 3199 Βηθλεὲμ
1458 3127 1592 3199 (70),
1627 3124 1811 3181 Βάλλα
1840 3126 1905 3197 ᾖν

1941 1849 1989 1914 Β

2027 573 2124 628 tis.
2162 573 2261 627 llis
2293 571 2598 643 spiritibus
2622 571 3040 627 commiscetur
3059 569 3302 640 spiritus
3323 569 3684 625 erroris.Pri-

2028 678 2161 716 mus
2192 660 2591 716 fornicationis
2623 660 2684 715 in
2718 665 2930 715 natura
2954 664 3011 715 et
3034 659 3307 715 sensibus
3328 658 3678 714 insidet.Se-

2024 750 2256 804 cundus
2286 748 2530 820 spiritus
2571 748 3036 803 insatiabilitatis
3087 747 3146 801 in
3195 752 3412 801 ventre.
3445 746 3677 802 Tertius

2026 838 2271 909 spiritus
2302 853 2533 910 pugnaa,
2566 836 2625 893 in
2661 836 2869 909 hepate
2901 839 2959 891 et
2988 834 3123 890 bile.
3157 837 3408 901 Quartus
3434 834 3679 906 spiritus

2024 926 2347 997 placientiaa
2369 930 2427 981 et
2448 927 2527 980 im
2536 929 2807 998 posturse,
2825 930 2889 979 ut
2906 940 3007 996 per
3022 923 3487 996 superfluitatem
3510 924 3677 979 deco-

2025 1031 2128 1070 rus
2159 1020 2455 1086 appareat.
2489 1014 2740 1078 Quintus
2762 1014 3006 1085 spiritus
3027 1013 3333 1085 superbiai,
3358 1016 3422 1066 ut
3444 1028 3675 1069 movea-

2023 1106 2140 1169 tur,
2174 1108 2231 1158 et
2259 1119 2473 1175 magna
2503 1103 2715 1175 sapiat.
2750 1102 2960 1157 Sextus
2993 1101 3238 1173 spiritus
3268 1100 3580 1171 mendacii,
3613 1101 3675 1156 in

2022 1191 2347 1264 perditione
2370 1196 2429 1247 et
2454 1190 2575 1247 zelo
2611 1190 2865 1263 fingendi
2891 1206 3214 1259 sermones,
3238 1206 3453 1260 eosque
3478 1189 3671 1245 celan-

2021 1281 2080 1335 di
2113 1298 2147 1335 a
2177 1296 2388 1352 genere
2417 1284 2474 1335 et
2496 1279 2908 1334 familiaribus.
2933 1278 3232 1349 Septimus
3253 1278 3496 1349 spiritus
3516 1278 3672 1347 inju-

2023 1369 2217 1441 stitiaa,
2248 1385 2381 1425 cum
2412 1385 2531 1440 qua
2564 1369 2715 1423 ﬁunt
2743 1368 2968 1423 furtum
2999 1370 3057 1423 et
3087 1366 3483 1435 distortioues,
3502 1372 3566 1421 ut
3587 1367 3671 1422 fa-

2021 1458 2136 1513 ciat
2167 1457 2699 1529 concupiscentiam
2732 1455 3045 1528 voluptatis
3078 1455 3269 1511 cordis
3292 1455 3404 1510 sui.
3428 1456 3668 1525 Injusti-

2018 1546 2100 1603 tia
2131 1547 2285 1602 enim
2318 1549 2661 1618 cooperatur
2689 1544 2931 1617 reliquis
2963 1544 3268 1616 spiritibus
3300 1560 3403 1615 per
3422 1542 3538 1597 doli
3568 1561 3667 1599 as-

2019 1635 2438 1707 sumptionem.
2475 1636 2538 1690 In
2569 1634 2846 1690 omnibus
2894 1633 2989 1689 his
3036 1633 3281 1705 spiritus
3320 1632 3536 1697 somni,
3569 1649 3665 1689 oc-

2016 1726 2186 1779 tavus
2244 1722 2489 1795 spiritus
2553 1721 2863 1794 copulatur
2942 1736 3136 1777 errore
3212 1725 3270 1777 et
3317 1720 3652 1793 phantasia.

2018 1811 2087 1866 Et
2107 1811 2191 1865 ita
2220 1810 2369 1883 perit
2397 1809 2591 1866 omnis
2630 1810 2854 1881 junior,
2905 1809 3294 1865 obtenebrans
3343 1814 3599 1865 mentem
3630 1827 3665 1865 a

2019 1897 2277 1965 veritate,
2308 1902 2367 1953 et
2397 1914 2514 1953 non
2542 1896 2878 1969 intelligens
2906 1896 3094 1968 legem
3133 1896 3257 1963 Dei,
3290 1912 3478 1967 neque
3524 1897 3665 1952 obe-

2021 1986 2189 2041 diens
2235 1985 2510 2041 doctrinis
2560 1990 2795 2057 patrum
2846 2000 3112 2053 suorum,
3166 1984 3666 2054 quemadmodum

2021 2077 2079 2130 et
2107 2090 2212 2145 ego
2240 2091 2450 2146 passus
2482 2090 2615 2129 sum
2645 2073 2707 2128 in
2733 2074 3043 2144 juventute
3067 2088 3217 2128 mea.
3251 2073 3321 2128 Et
3352 2088 3507 2129 nunc
3539 2072 3668 2141 ﬁlii,

2019 2162 2322 2219 veritatem
2356 2161 2601 2233 diligite,
2632 2165 2691 2217 et
2718 2161 2849 2233 ipsa
2877 2160 3164 2217 custodiet
3192 2176 3314 2217 vos.
3338 2161 3523 2216 Deceo
3544 2178 3669 2229 vos,

2022 2251 2219 2307 audite
2246 2250 2452 2306 Ruben
2480 2253 2704 2322 patrem
2736 2254 3019 2306 vestrum.
3055 2249 3135 2306 Ne
3158 2248 3474 2304 attendatis
3490 2250 3671 2305 visio-

2021 2339 2081 2395 ni
2112 2338 2398 2404 mulieris,
2428 2355 2618 2409 neque
2673 2338 2734 2394 in
2793 2342 3014 2394 secreto
3069 2337 3200 2393 sitis
3254 2353 3388 2393 cum
3448 2338 3668 2394 femina

2021 2444 2150 2500 quae
2182 2432 2271 2483 est
2298 2430 2408 2483 sub
2438 2428 2585 2493 viro,
2620 2443 2808 2499 neque
2850 2425 3417 2482 circumscrutemini
3465 2443 3667 2499 opera-

2018 2517 2239 2573 tionem
2273 2516 2607 2572 mulierum.
2639 2516 2764 2572 Nisi
2795 2516 2953 2572 enim
2981 2515 3261 2571 vidissem
3295 2514 3517 2571 Ballam
3548 2515 3668 2571 bal-

2019 2610 2291 2662 neantem
2317 2606 2376 2660 in
2418 2609 2687 2677 cooperto
2717 2604 2865 2675 loco,
2897 2622 3013 2660 non
3055 2604 3395 2661 incidissem
3443 2604 3503 2660 in
3552 2605 3663 2660 ini-

2019 2695 2302 2766 quitatem
2325 2710 2623 2766 magnam.
2642 2694 2813 2750 Conci
2820 2693 2989 2766 piens
3008 2693 3166 2749 enim
3198 2709 3369 2750 mens
3392 2710 3520 2749 mea
3541 2710 3666 2750 mu-

2014 2783 2258 2841 liebrem
2290 2784 2615 2839 nuditatem
2674 2800 2791 2838 non
2840 2783 2976 2838 sivit
3023 2799 3119 2838 me
3167 2782 3443 2853 dormire,
3476 2783 3660 2839 donec

2018 2878 2296 2946 operatus
2325 2889 2459 2928 sum
2491 2871 3005 2927 abominationem.
3030 2872 3278 2927 Absente
3299 2872 3455 2927 enim
3481 2872 3662 2928 Jacob

2018 2967 2182 3036 patre
2220 2965 2421 3018 nostro
2454 2960 2609 3033 apud
2641 2965 2806 3017 Isaac
2856 2964 3085 3033 patrem
3130 2976 3329 3031 suum,
3360 2961 3666 3017 existenti-

2020 3052 2132 3107 bus
2161 3050 2331 3106 nobis
2363 3050 2425 3105 in
2455 3050 2665 3117 Gader,
2699 3066 2879 3123 prope
2906 3049 3160 3122 Ephrata
3189 3048 3402 3106 domus
3444 3048 3669 3107 Bethle-

2019 3137 2156 3196 hem
2189 3138 2347 3195 Balla
2374 3142 2498 3194 erat
2525 3138 2704 3205 ebria,
2738 3142 2795 3193 et
2824 3137 3124 3193 dormiens
3153 3136 3406 3193 revelata
3434 3137 3669 3208 jacebat

266 3216 535 3289 μεθύουσα
579 3216 669 3271 καὶ
718 3214 1069 3289 κοιμωμένη,
1115 3214 1204 3269 καὶ
1258 3213 1583 3277 ἀκαλύπτως
1633 3213 1906 3270 κατέκειτο

2022 3228 2083 3284 in
2109 3227 2377 3284 cubiculo
2412 3245 2425 3283 :
2458 3232 2515 3283 et
2544 3243 2651 3299 ego
2682 3226 3043 3299 ingrediens,
3075 3229 3132 3282 et
3175 3226 3383 3282 videns
3431 3225 3669 3283 nudita-

259 3304 312 3361 ἐν
341 3309 418 3377 τῷ
446 3309 688 3361 κοιτῶνι·
720 3306 896 3381 κάγὼ,
930 3303 1206 3373 εἰσελθὼν,
1237 3303 1327 3358 καὶ
1360 3300 1488 3358 ἰδὼν
1536 3304 1634 3372 τὴν
1686 3302 1906 3378 γύμνω-

257 3416 339 3449 σιν
388 3393 576 3467 αότῆς,
624 3392 824 3471 ἔπραξα
864 3395 962 3462 τήν
1012 3388 1275 3464 ἀσέϐειαν,
1331 3391 1420 3447 καὶ
1466 3389 1782 3447 καταλιπὼν
1813 3391 1908 3447 αὖ·

254 3484 354 3551 τήν
404 3482 782 3557 κοιμωμένην,
836 3481 1083 3554 ἐξῆλθον.
1144 3482 1244 3536 Καὶ
1292 3480 1490 3545 εὐθέως
1540 3479 1770 3557 ἄγγελος
1809 3484 1907 3537 τοῦ

257 3576 392 3628 Θεοῦ
438 3570 753 3647 ἀπεκάλυψε
791 3569 871 3643 τῷ
918 3569 1082 3647 πατρί
1138 3591 1243 3644 μου
1276 3564 1470 3627 Ἰακὼϐ
1504 3570 1628 3645 περὶ
1658 3572 1756 3639 τῆς
1784 3569 1906 3626 ἀσε-

258 3654 409 3723 ϐείας
453 3678 576 3734 μου·
628 3660 717 3717 καὶ
767 3658 938 3715 ἐλθὼν
972 3658 1177 3714 ἐπένθει
1208 3657 1288 3713 ἐπ’
1326 3658 1443 3732 ἐμὲ,
1480 3657 1673 3732 μηκέτι
1706 3658 1908 3733 άψάμε·

258 3770 351 3812 νος
384 3748 575 3820 αὐτῆς.

330 3838 407 3894 Δ’.
441 3862 469 3891 ‹‹
502 3838 591 3907 Μὴ
636 3835 728 3893 οῦν
772 3834 1070 3914 προσέχετε
1097 3834 1304 3900 κάλλος
1333 3840 1625 3913 γυναικῶν,
1662 3833 1802 3911 μηδὲ
1831 3836 1907 3891 έν-

254 3929 460 3982 νοεῖσθε
507 3927 603 3989 τὰς
651 3926 867 4000 πράξεις
900 3926 1095 3982 αὐτῶν·
1156 3924 1301 3982 ἀλλὰ
1330 3924 1621 3999 πορεύεσθε
1653 3923 1703 3982 ἐν
1739 3924 1907 3981 ἀπλύ-

254 4038 381 4087 τητι
430 4014 670 4091 καρδίας,
723 4015 774 4071 ἐν
829 4010 985 4094 φόϐῳ
1028 4014 1253 4092 Κυρίου,
1304 4014 1393 4070 καὶ
1467 4019 1801 4091 μοχθοῦντες
1852 4015 1902 4071 ἐν

256 4103 457 4181 ἔργοις,
508 4104 597 4160 καὶ
646 4103 1105 4178 ἀποπλανώμενοι
1155 4104 1205 4160 έν
1239 4103 1547 4180 γράμμασι,
1581 4102 1672 4159 καὶ
1703 4103 1754 4159 ἐν
1787 4109 1902 4168 τοῖς

254 4193 537 4267 ποιμνίοις
587 4194 761 4268 ὑμῶν,
809 4190 914 4255 ἕως
961 4194 989 4249 ὁ
1020 4193 1215 4270 Κύριος
1248 4192 1361 4267 δώῃ
1399 4194 1522 4268 ὑμῖν
1558 4192 1804 4270 σύζυγον,
1837 4193 1903 4264 ἥν

255 4282 418 4347 αὐτὸς
452 4282 616 4356 θέλει,
664 4280 747 4338 ἵνα
800 4284 875 4357 μὴ
907 4282 1135 4355 πάθητε,
1170 4282 1244 4345 ὡς
1270 4282 1441 4359 κάγώ.
1474 4288 1645 4358 ’Ἄχρι
1675 4286 1785 4356 ('72)
1813 4303 1906 4338 τε·

254 4371 453 4441 λευτῆς
500 4376 597 4427 τοῦ
645 4373 849 4449 πατρὸς
892 4373 1049 4445 ἡμῶν
1097 4370 1197 4427 οῦκ
1244 4371 1393 4446 εἶχον
1433 4370 1700 4447 παρῥηίαν
1733 4370 1902 4426 ἀτενί-

256 4462 345 4515 σαῖ
375 4460 453 4524 εἷς
482 4460 773 4535 πρόσωπον
805 4456 1022 4533 Ἰακὼϐ,
1052 4461 1086 4530 ἢ
1121 4458 1358 4529 λαλῆσαί
1386 4464 1612 4514 τινιτῶν
1633 4457 1904 4537 ἀδελφῶν,

2014 3320 2135 3374 tem
2166 3316 2376 3389 ipsius,
2410 3320 2683 3388 operatus
2713 3332 2848 3371 sum
2896 3314 3279 3386 impietatem,
3314 3318 3369 3370 et
3410 3314 3660 3370 derelin-

2016 3420 2207 3476 quens
2239 3420 2368 3460 eam
2397 3404 2807 3472 dormientem,
2839 3418 3111 3476 egressus
3142 3419 3296 3459 sum.
3328 3403 3398 3459 Et
3435 3402 3662 3461 confes-

2014 3493 2123 3551 tim
2155 3492 2402 3566 angelus
2428 3493 2527 3549 Dei
2560 3492 2829 3550 revelavit
2856 3491 3009 3564 patri
3040 3507 3169 3547 meo
3208 3490 3389 3548 Jacob
3436 3491 3506 3548 de
3553 3492 3663 3546 im-

2015 3582 2231 3656 pietate
2261 3598 2425 3651 mea;
2457 3584 2514 3637 et
2542 3580 2780 3638 veniens
2802 3580 3039 3654 lugebat
3060 3596 3235 3653 super
3255 3596 3370 3650 me,
3392 3596 3507 3636 non
3536 3594 3661 3636 am-

2015 3670 2173 3744 plius
2200 3674 2449 3743 tangens
2479 3686 2628 3726 eam.

2086 3848 2182 3906 IV.
2199 3868 2229 3900 «
2247 3847 2519 3919 Neigitur
2534 3845 2851 3903 attendatis
2872 3843 3295 3918 pulchritudini
3323 3842 3660 3911 mulierum,

2014 3954 2202 4009 neque
2232 3936 2499 4009 cogitetis
2530 3935 2895 4008 operationes
2925 3950 3167 4001 earum;
3218 3933 3319 3989 sed
3364 3932 3662 3989 ambulate

2013 4025 2073 4082 in
2105 4025 2481 4097 simplicitate
2511 4024 2801 4092 cordis,in
2826 4022 3037 4078 timore
3057 4021 3371 4088 Domini,et
3401 4020 3662 4076 laboran-

2014 4118 2101 4170 tes
2128 4114 2189 4169 in
2220 4113 2517 4185 operibus,
2551 4117 2608 4168 et
2650 4112 3033 4168 exercitantes
3064 4111 3175 4184 (7i)
3202 4110 3446 4183 (vosmet)
3475 4109 3535 4165 in
3566 4108 3663 4166 lit-

2015 4202 2238 4273 leris,et
2276 4202 2337 4257 in
2370 4201 2649 4274 gregibus
2679 4201 2910 4269 vestris,
2930 4200 3113 4257 donec
3147 4198 3429 4256 Dominus
3450 4200 3546 4255 det
3565 4216 3663 4256 vo-

2014 4289 2106 4344 bis
2131 4288 2445 4361 conjugem
2460 4287 3014 4361 quamipsevult,ut
3043 4304 3159 4343 non
3174 4286 3481 4360 patiamini
3513 4287 3666 4342 sicut

2015 4382 2071 4433 et
2083 4393 2209 4450 ego.
2227 4376 2425 4449 Usque
2446 4377 2519 4433 ad
2535 4382 2783 4433 mortem
2798 4375 2980 4449 patris
3013 4375 3200 4432 nostri
3234 4392 3349 4431 non
3372 4374 3662 4431 habebam

2013 4465 2291 4522 ﬁduciam
2324 4465 2647 4538 aspiciendi
2678 4465 2736 4519 in
2770 4464 2975 4520 faciem
3024 4464 3225 4529 Jacob,
3253 4462 3342 4519 vel
3384 4462 3661 4535 loquendi

254 4548 346 4605 διὰ
390 4550 517 4613 τοὺς
562 4547 924 4623 δνειδισμούς.
966 4549 1067 4605 Καὶ
1116 4545 1217 4610 ἕως
1263 4552 1354 4603 νῦν
1394 4550 1429 4617 ἡ
1462 4544 1765 4618 συνείδησίς
1801 4569 1905 4621 μου

2018 4553 2190 4610 alicui
2239 4554 2507 4623 fratrum,
2542 4557 2778 4626 propter
2808 4553 3138 4625 opprobria.
3170 4552 3242 4607 Et
3275 4567 3460 4623 usque
3503 4566 3659 4606 nunc

254 4638 468 4715 συνέχει
523 4660 589 4713 με
630 4640 753 4713 περὶ
800 4645 899 4709 τῆς
932 4636 1187 4715 ἁγαρτίας
1218 4658 1342 4710 μου.
1376 4636 1537 4712 Καίγε
1568 4634 1901 4711 παρεκάλεσέ

2018 4640 2372 4699 conscientia
2403 4659 2533 4699 mea
2555 4642 2776 4698 cruciat
2804 4657 2898 4698 me
2920 4641 2991 4697 de
3010 4644 3246 4712 peccato
3268 4656 3416 4695 meo.
3436 4640 3505 4695 Et
3525 4654 3661 4695 con-

258 4748 327 4800 με
357 4729 385 4784 ὁ
434 4729 615 4804 πατήρ
670 4748 796 4801 μου,
838 4728 923 4783 ὃτι
953 4724 1155 4799 ηὔξατο
1187 4726 1311 4803 περί
1345 4724 1480 4799 ἐμοῦ
1508 4723 1643 4799 πρὸς
1673 4723 1765 4780 τὸν
1798 4724 1899 4780 Κύ-

323 4872 436 4944 (64)
460 4868 739 4944 Ἐλκτίσθη.
769 4868 1113 4944 Ἐσκοτίσθῃ.
1141 4870 1222 4926 ID.

324 4941 436 5014 (65)
466 4942 536 4996 Τὸ
566 4946 797 5015 πνεῦμα.
832 4944 914 4999 Τὰ
942 4941 1223 5013 πνεύματα
1267 4941 1495 4997 melius.
1530 4944 1611 4996 ID.

257 5037 264 5045 ’
324 5016 436 5081 (66)
458 5016 571 5067 Ἵνα
600 5020 836 5081 κινῆται.
871 5019 1176 5081 Καυχᾶται.
1209 5018 1293 5069 ID.

418 5020 436 5299 ἐ

322 5088 339 5301 ἒ

344 5082 435 5154 67)
462 5082 672 5154 Πλάνῂη.
706 5086 775 5142 Ὅ
802 5083 909 5139 ἐστι
940 5082 1146 5153 «iam.
1182 5090 1265 5154 In.

470 5157 557 5230 Έν
587 5151 707 5230 ὄψει
738 5156 1005 5230 γυναικός.
1164 5152 1607 5230 ὅψινγυναικείαν.
1650 5154 1729 5209 ID.

343 5227 899 5320 §?>_’F?£“°*.He°.
924 5248 991 5285 ex
1023 5227 1706 5320 θθο-,ῖέιξῖνὲἒνηξῗίξςς
1730 5240 1895 5320 -.δειξ-

247 5296 503 5375 rantur:
541 5296 776 5375 Ἐφραθαὶ
804 5305 999 5375 autem
1027 5300 1245 5375 mentio
1276 5296 1699 5375 ﬁt'precedenti
1730 5296 1893 5375 v.__19,

244 5354 659 5428 summa
688 5354 1386 5430 textusHEeEaitinnS‘
1432 5378 1541 5427 ru:
1588 5376 1719 5426 ain.
1772 5354 1897 5422 Haec

246 5452 330 5500 est
358 5443 689 5499 Bethlehem.
706 5443 988 5499 Similiter
1017 5440 1345 5509 LXX:A317)
1370 5438 1479 5493 ἐστὶ
1504 5435 1767 5507 Βηθλεέμ.
1785 5438 1893 5493 Sed

247 5519 308 5569 et
341 5516 669 5570 Demetrius
700 5515 852 5586 apud
888 5515 1097 5571 Euseb.
1132 5515 1232 5569 lib.
1258 5530 1313 5586 ix
1337 5513 1647 5586 Rraeparat.
1674 5526 1892 5586 evqng.,

250 5603 379 5657 cap.
409 5588 500 5655 21,
533 5578 822 5657 consentit
852 5587 943 5643 his
1000 5586 1192 5657 verbis
1221 5602 1235 5642 :
1268 5584 1446 5657 Ἔνθεν
1466 5578 1478 5583 ’
1502 5578 1890 5657 παραγενέσθαι

250 5653 615 5733 εἶξἚφράθά,
648 5657 709 5725 ἣν
759 5656 889 5711 εἶναι
946 5655 1216 5729 Βηθλεέμ.
1251 5653 1675 5727 Indequelipse
1712 5654 1891 5709 Euse-

2009 4729 2231 4788 solatus
2256 4734 2345 4788 est
2376 4748 2469 4788 me
2498 4735 2663 4804 pater
2694 4746 2881 4799 meus,
2910 4728 3189 4802 quoniam
3214 4726 3401 4784 oravit
3428 4742 3532 4799 pro
3563 4743 3658 4784 me

2009 4871 2143 4928 bius
2172 4871 2271 4930 lib.
2302 4889 2380 4928 vn
2421 4872 2912 4928 Demonstratiom's
2940 4870 3209 4941 evangel.,
3241 4884 3374 4940 pag.
3425 4868 3552 4937 347,
3584 4883 3653 4923 ex

2009 4943 2256 5016 allegato
2286 4942 2411 4999 loco
2443 4944 2732 5016 Geneseos
2761 4943 2914 4998 idem
2966 4941 3401 5016 docet._Qontra
3453 4944 3653 5016 auctor

2013 5011 2339 5072 Τθδιῖιτηεηιί
2367 5016 2553 5072 Ruben
2583 5016 2642 5070 in
2674 5015 2866 5070 citatis
2906 5013 3097 5069 verbis
3124 5013 3356 5068 videtur
3388 5012 3504 5067 haec
3532 5011 3646 5066 duo

2007 5086 2389 5164 distinguere,
2421 5092 2481 5164 et_
2508 5087 2824 5164 Ephratam
2873 5085 3062 5164 facere
3105 5084 3347 5164 domum
3398 5081 3650 5164 in.u.rbc

2006 5155 2344 5213 Bethlehem
2375 5155 2391 5213 ἐ
2427 5158 2538 5213 nisi
2555 5155 2717 5214 'forte
2745 5156 2961 5228 aliquis
2996 5156 3066 5228 a_d
3101 5155 3421 5228 marginem
3470 5155 3649 5228 inter-

2006 5228 2347 5301 pretationis
2378 5230 2563 5301 gratia
2615 5224 3140 5301 ascrripseritgolxov
3174 5224 3360 5299 ἄρτιοι),
3393 5228 3451 5277 et
3485 5224 3651 5301 prior

2004 5298 2115 5357 vox
2144 5300 2279 5355 inde
2330 5298 2405 5354 inv
2433 5306 2657 5356 textum
2706 5298 3032 5370 irrepserit,
3060 5298 3244 5370 quem
3279 5300 3648 5370 correcturus

2004 5376 2223 5441 postea,
2260 5370 2380 5443 sive
2410 5366 2906 5443 explanaturus—is
2937 5368 3038 5443 qui
3069 5366 3455 5443 Ogoniensem
3486 5366 3644 5421 codi-

2004 5440 2128 5498 cem
2160 5442 2417 5513 scripsit.
2452 5440 2660 5513 éx‘rloco
2690 5440 2839 5496 οἶκον
2873 5440 3088 5513 posuit.
3121 5441 3204 5513 I_o.

2217 5508 2379 5598 ρῖκον
2404 5510 2668 5598 praise“:
2701 5513 2786 5598 Ἔχ
2817 5508 3091 5582 Βηθλεέμ.
3125 5511 3207 5598 ID.

2094 5582 2185 5641 71)
2217 5582 2619 5640 Exercitantes.
2650 5585 2709 5639 In
2744 5585 2939 5641 Graaco
2968 5585 3231 5640 errantes.
3270 5582 3352 5636 Io.

2094 5653 2184 5726 72)
2215 5655 2403 5729 Ἄχρι.
2436 5657 2553 5709 Ὅτι
2587 5653 2739 5731 ἄχρι.
2774 5660 2857 5713 ID.

2072 5513 2093 5727 ἕ
