4014 6226
345 359 509 434 1043

1346 371 1878 434 ΤΕΞΤΑΜΕΝΤΑ
1918 370 2024 431 x11
2068 365 2770 434 PA'rmARCHAaUM.
2823 355 2826 358 ’

3600 374 3769 436 1044

354 504 426 560 ad
457 502 795 570 Dominum,
830 505 895 557 ut
929 506 1186 558 transeat
1231 520 1265 558 3.
1312 520 1404 559 me
1436 504 1522 559 ira
1565 504 1818 575 Domini,
1856 507 2005 559 sicut
2034 548 2043 572 λ

2157 523 2256 574 ιον,
2304 501 2394 556 ἳνα
2440 501 2680 577 παρέλθῃ
2713 503 2800 556 ἀπ’
2831 501 2965 576 ἐμοῦ
2995 504 3029 574 ἡ
3065 502 3198 582 ὀργή
3229 502 3455 582 Κυρίου,
3487 502 3563 568 ὡς
3594 502 3773 579 ἔδειξὲ

357 592 611 648 ostendit
635 590 780 645 mihi
803 591 1103 648 Dominus.
1130 593 1210 647 Ex
1231 610 1296 649 eo
1317 594 1497 664 igitur
1518 598 1777 666 tempore
1800 599 2002 648 custo-

358 681 516 736 ditus
555 696 710 746 sum,
744 683 801 734 et
847 697 962 735 non
1015 681 1263 749 peccavi.
1298 683 1538 754 PrOpter
1567 684 1696 749 hoc,
1733 683 1838 736 filii
1867 683 2003 753 mei,

359 768 648 824 custodite
661 768 1151 841 omniaquzecunq
1163 789 1232 826 ue
1253 773 1464 826 mando
1482 773 1732 841 vobis,et
1749 790 1863 826 non
1881 788 2006 842 pec-

363 856 589 913 cabitis.
616 857 866 913 Perditio
889 859 1045 913 enim
1069 859 1277 914 anima:
1301 865 1389 915 est
1412 860 2008 930 fornicatio,dividens

367 963 402 1002 a
431 946 568 1012 Deo,
599 950 656 1000 et
699 948 1168 1019 appropinquare
1219 948 1436 1004 faciens
1484 950 1692 1016 idolis;
1729 950 2010 1021 quoniam

366 1035 499 1107 ipsa
527 1034 586 1090 in
616 1051 870 1090 errorem
903 1037 1065 1091 ducit
1095 1037 1453 1092 intellectum
1477 1042 1532 1093 et
1557 1039 2012 1103 mentem,etde-

371 1123 560 1194 ducitj
572 1140 786 1179 uvenes
801 1125 870 1179 ad
887 1125 1182 1181 infernum
1202 1130 1334 1180 ante
1349 1133 1462 1181 tem
1472 1128 2011 1199 pus(7-’i‘)ipsorum.

371 1212 519 1267 Nam
551 1212 768 1267 multos
800 1214 1056 1285 perdidit
1086 1215 1392 1270 fornicatio
1421 1239 1435 1282 ;
1469 1216 1751 1286 quoniam
1783 1216 1888 1270 etsi
1939 1215 2019 1270 sit

376 1299 586 1371 aliquis
619 1317 814 1369 senex,
846 1302 932 1356 vel
966 1302 1199 1370 nobilis,
1235 1303 1613 1374 opprobrium
1648 1305 1840 1375 ipsum
1887 1304 2022 1359 facit

379 1390 534 1460 apud
566 1389 754 1444 Beliar
781 1393 839 1444 et
860 1391 1009 1445 ﬁlios
1033 1391 1359 1446 hominum.
1379 1393 1688 1458 Quiaenim
1707 1392 2023 1448 custodivit

371 1477 642 1548 seipsum
674 1477 888 1549 Joseph
923 1480 992 1533 ab
1026 1480 1185 1534 omni
1238 1479 1500 1548 muliere,
1535 1485 1592 1536 et
1641 1481 2024 1553 cogitationes

384 1568 655 1638 purgavit
684 1567 754 1621 ab
791 1568 950 1622 omni
982 1569 1382 1640 fornicatione,
1414 1570 1902 1641 invenitgratiam
1932 1586 2027 1625 co-

386 1672 512 1713 ram
549 1655 787 1710 Domino
816 1661 874 1711 et
905 1656 1265 1712 hominibus.
1301 1657 1530 1713 Etenim
1562 1658 1747 1713 multa
1797 1658 1930 1714 fecit
1979 1657 2031 1714 ei

389 1744 672 1818 Egyptia,
707 1749 763 1799 et
792 1761 993 1818 magos
1025 1746 1342 1814 advocavit,
1377 1751 1434 1802 et
1455 1747 1769 1817 pharmaca
1789 1748 1839 1802 ei
1863 1748 2032 1802 obtu-

388 1835 494 1903 lit;
527 1840 584 1890 et
613 1851 729 1890 non
760 1834 1018 1906 suscepit
1047 1834 1359 1891 consilium
1390 1835 1597 1892 animae
1627 1838 1756 1907 ejus
1806 1836 2033 1892 deside-

387 1923 546 1979 rium
572 1922 986 1996 perniciosum.
1021 1925 1260 1997 Propter
1287 1924 1397 1981 hoc
1426 1930 1578 1981 Deus
1617 1930 1851 1996 patrum
1883 1941 2038 1982 meo-

393 2030 526 2069 rum
558 2011 709 2068 eruit
729 2029 864 2068 eum
896 2014 968 2068 ab
1000 2013 1161 2069 omni
1193 2013 1408 2070 visibili
1437 2018 1494 2069 et
1522 2015 1868 2070 abscondita
1890 2030 2040 2070 mor-

395 2107 472 2157 te.
506 2102 566 2157 Si
598 2101 755 2158 enim
782 2118 896 2157 non
923 2101 1236 2175 praevaleat
1265 2102 1568 2160 fornicatio
1617 2103 1822 2175 menti,
1855 2119 2042 2175 neque

398 2190 584 2249 Beliar
608 2190 943 2263 praevalebit
968 2191 1154 2248 vobis.

473 2372 542 2427 V.
577 2370 972 2428 «Perniciosa:
1022 2373 1162 2427 sunt
1209 2370 1504 2441 mulieres,
1541 2371 1647 2426 ﬁlii
1697 2372 1849 2443 mei;
1899 2387 2046 2443 quo—

405 2463 565 2519 niam
597 2479 712 2518 non
743 2460 1026 2518 habentes
1057 2464 1404 2532 potestatem
1433 2461 1523 2517 vel
1567 2461 1840 2516 virtutem
1873 2478 2050 2533 super

404 2552 726 2621 hominem,
760 2549 958 2606 dolose
1002 2553 1184 2622 agunt
1230 2549 1290 2604 in
1341 2549 1566 2616 formis,
1594 2551 1885 2622 quomodo
1917 2565 2050 2605 eum

404 2641 478 2698 ad
508 2641 670 2713 ipsas
702 2639 1036 2706 attrahant;
1068 2644 1124 2694 et
1165 2655 1338 2709 quem
1369 2655 1471 2710 per
1501 2639 1903 2695 fortitudinem
1934 2655 2050 2694 non

405 2733 655 2803 possunt
699 2728 950 2798 vincere,
981 2727 1138 2782 hunc
1187 2743 1290 2798 per
1336 2727 1734 2799 deceptionem
1784 2728 2047 2783 vincunt.

395 2817 694 2884 Quoniam
724 2821 780 2873 et
809 2817 880 2871 de
907 2817 990 2871 eis
1023 2815 1168 2871 dixit
1199 2815 1343 2870 mihi
1374 2816 1616 2887 angelus
1638 2816 1758 2882 Dei,
1778 2820 1836 2870 et
1858 2815 2055 2871 docuit

406 2923 502 2964 me
533 2907 689 2978 quod
722 2904 997 2960 mulieres
1027 2904 1341 2960 vincuntur
1371 2904 1633 2975 aspiritu
1656 2903 2054 2960 fornicationis

407 3013 592 3068 supra
620 2993 942 3065 hominem,
974 2998 1031 3051 et
1057 2993 1119 3049 in
1149 2995 1320 3048 corde
1341 2993 1756 3049 machinantur
1777 2995 2054 3049 adversus

409 3085 699 3151 homines,
732 3088 790 3140 et
813 3100 916 3156 per
943 3086 1214 3139 ornatum
1247 3098 1438 3139 errare
1468 3082 1690 3138 faciunt
1721 3082 1909 3155 primo
1958 3099 2055 3140 eo-

412 3190 544 3233 rum
576 3178 822 3240 mentes,
853 3175 910 3227 et
958 3189 1060 3244 per
1100 3171 1292 3227 visum
1337 3187 1628 3227 venenum
1670 3173 1954 3244 inserunt,
1999 3175 2058 3227 et

2116 611 2209 663 μοι
2263 592 2486 666 Κύριος.
2537 592 2674 646 Ἀπὸ
2723 592 2845 647 τότε
2889 593 2978 647 οὗν
3010 595 3122 668 (73)
3153 593 3640 674 παρεφυλαξάμην,
3671 596 3769 650 καί

2115 679 2222 754 οὐχ
2253 680 2498 753 ἥμαρτον
2515 725 2526 738 .
2569 682 2665 735 Διά
2692 685 2879 748 τοῦτο,
2909 682 3068 737 τέκνα
3093 705 3216 755 μου,
3242 683 3546 759 φυλάξασθε
3568 687 3774 756 πάντα,

2117 767 2214 823 ὅσα
2260 768 2582 842 ἐντέλλομαι
2639 770 2788 843 ὑμῖν,
2849 771 2938 824 καὶ
2990 771 3050 826 οὐ
3105 773 3181 844 μὴ
3215 775 3574 846 ἁμαρτήσετε.
3606 773 3778 828 Ὀλε-

2117 859 2243 933 θρος
2272 859 2375 934 γὰρ
2400 861 2586 933 ψυχῆς
2621 859 2761 913 ἐστιν
2789 861 2824 928 ἡ
2859 860 3083 932 πορνεία
3113 862 3254 934 (74),
3276 861 3593 937 χωρίζουσα
3615 867 3781 932 θεοδ,

2119 947 2207 1000 καὶ
2253 948 2684 1022 προσεγγίζουσα
2727 953 2844 1009 τοῖς
2894 946 3172 1019 εἷδώλοις,
3203 949 3284 1004 ὅτι
3325 949 3455 1004 αὐτό
3487 949 3600 1005 ἐστι
3633 955 3784 1005 πλα-

2121 1039 2268 1089 νῶσα
2308 1036 2399 1090 τὸν
2449 1040 2573 1090 νοῦν
2620 1037 2708 1091 καὶ
2757 1038 2856 1105 τὴν
2904 1034 3162 1110 διάνοιαν,
3219 1039 3309 1093 καὶ
3342 1040 3566 1114 κατάγει
3599 1041 3786 1094 νεανί-

2126 1145 2284 1186 σκους
2319 1124 2393 1186 εἰς
2425 1119 2556 1194 ᾅδην
2609 1124 2707 1179 οὐκ
2743 1124 2794 1179 ἐν
2829 1125 3003 1199 λαιρῷ
3034 1126 3228 1184 αὐτῶν.
3264 1130 3361 1184 Καὶ
3390 1129 3491 1204 γὰρ
3523 1127 3791 1190 πολλοῦς

2129 1211 2404 1267 ἀπώλεσεν
2455 1215 2490 1282 ἡ
2543 1214 2786 1287 πορνεία’
2830 1214 2913 1268 ὅτι
2941 1213 3036 1269 κᾶν
3133 1237 3218 1278 τις
3246 1215 3439 1292 γέρων,
3473 1218 3508 1286 ἢ
3535 1217 3789 1292 εὐγενής,

2130 1294 2336 1363 ὄνειδος
2398 1300 2555 1355 αὐτὸν
2607 1305 2724 1375 (75)
2772 1308 2920 1357 ποιεῖ
2968 1305 3113 1380 παρά
3168 1309 3245 1377 τῷ
3275 1303 3497 1381 Βελιὰρ,
3538 1307 3632 1360 καὶ
3667 1311 3794 1368 τοῖς

2132 1389 2271 1450 υἱοῖς
2317 1394 2424 1444 τῶν
2480 1389 2796 1465 ἀνθρώπων.
2852 1389 3070 1460 Ἐπειδὴ
3118 1393 3223 1468 γὰρ
3274 1392 3528 1471 ἐφύλαξεν
3595 1394 3794 1449 ἑαυτὸν

2135 1477 2338 1554 Ἰωσήφ
2386 1477 2491 1532 ἀπὸ
2540 1479 2710 1544 πάσης
2752 1480 3026 1554 γυναικὸς,
3077 1481 3168 1535 καὶ
3213 1481 3307 1544 τὰς
3358 1481 3564 1544 ἐννοίας
3597 1482 3800 1538 ἕκαθέ-

2139 1587 2281 1642 ρισεν
2332 1563 2436 1620 ἀπὸ
2485 1566 2660 1635 πάσης
2707 1570 2981 1644 πορνείας,
3033 1567 3179 1642 εὗρεν
3227 1571 3386 1646 χάριν
3415 1570 3653 1626 ἐνώπιον
3691 1579 3802 1626 Ku-

2141 1653 2260 1730 ρίου
2309 1654 2399 1708 καὶ
2452 1654 2775 1730 ἀνθρώπων.
2824 1657 2927 1712 Καὶ
2979 1658 3086 1733 γὰρ
3133 1655 3320 1713 πολλὰ
3360 1657 3618 1729 ἐποίησεν
3648 1665 3804 1732 αυτῷ

2140 1745 2176 1812 ἡ
2229 1743 2522 1818 Αἰγυπτία,
2561 1743 2650 1798 καὶ
2713 1744 2916 1821 μάγους
2962 1745 3315 1821 παρεκάλεσε,
3370 1748 3460 1802 καὶ
3532 1749 3806 1826 φάρμακα

2144 1832 2289 1904 αὐτῷ
2329 1835 2688 1909 προσήνεγκε·
2737 1833 2827 1888 καὶ
2878 1834 2978 1889 οὐκ
3009 1832 3220 1906 ἐδέξατο
3246 1837 3308 1890 τὸ
3341 1831 3664 1891 διαόοὖλιον
3701 1844 3806 1906 τῆς

2147 1924 2334 1996 ψυχῆς
2381 1919 2545 1976 αὐτοῦ
2592 1921 2879 1996 ἐπιθυμίαν
2927 1923 3192 2000 πονηράν.
3245 1926 3342 1978 Διὰ
3383 1927 3554 1980 τοῦτο
3586 1927 3618 1981 ὀ
3668 1927 3808 1987 Θεός

2143 2013 2253 2065 τῶν
2304 2007 2547 2084 πατέρων
2601 2031 2706 2084 μου
2746 2010 3004 2088 ἐρρύσατο
3037 2012 3196 2068 αὐτὸν
3227 2013 3332 2068 ἀπὸ
3356 2014 3567 2076 ’παντὸς
3599 2014 3809 2090 ὁρατοῦ

2147 2098 2239 2154 καὶ
2289 2097 2668 2174 κεκρυμμένου
2725 2103 2973 2164 θανάτου*
3027 2103 3146 2157 Ἐὰν
3179 2105 3283 2179 γὰρ
3318 2104 3392 2175 μή
3424 2102 3746 2179 κατισχύει-η
3773 2106 3811 2174 ἡ

2149 2187 2375 2263 πορνεία
2417 2189 2518 2258 τὴν
2569 2183 2771 2246 ἔννοιαν
2829 2192 2964 2265 (76),
3015 2188 3141 2247 οὐδὲ
3189 2192 3217 2247 ὁ
3249 2190 3445 2266 Βελίαρ
3476 2192 3814 2268 κατισχύει-ει

2155 2277 2334 2352 ὑμῶν.

2227 2368 2300 2421 Εό
2340 2387 2364 2418 α
2418 2366 2658 2440 Πονηραί
2707 2367 2837 2422 εἰσιν
2877 2368 2932 2423 αἱ
2958 2373 3228 2445 γυναῖκες,
3258 2371 3410 2426 τέκνα
3444 2392 3579 2443 μου,
3612 2369 3703 2426 ὅτι

2158 2455 2384 2530 ἔχουσαι
2431 2454 2666 2528 ἐξουσίαν
2717 2460 2753 2527 ἢ
2805 2455 3034 2531 δύναμιν
3067 2458 3156 2514 ἐπὶ
3184 2459 3273 2514 τὸν
3309 2458 3622 2536 ἄνθρωπον,
3655 2458 3819 2514 δολι-

2159 2543 2371 2599 εύονται
2427 2542 2477 2599 ἐν
2530 2545 2801 2620 σχήμασι,
2849 2550 2967 2608 πῶς
3016 2545 3176 2602 αὐτὸν
3217 2549 3352 2623 πρὸς
3383 2547 3550 2610 αὐτας
3584 2547 3822 2604 ἐπιπί-

2158 2653 2352 2688 σωνται
2379 2652 2392 2666 ⁶
2420 2633 2510 2688 καὶ
2536 2632 2592 2689 ὅν
2635 2631 2722 2688 διὰ
2753 2633 3030 2708 δυνάμεως
3063 2636 3161 2692 οὐκ
3207 2636 3455 2713 ἰσχύουσι
3502 2637 3822 2712 καταγωνί-

2161 2733 2373 2793 σασθαι,
2418 2726 2608 2777 τοῦτον
2662 2720 2731 2777 δι’
2780 2723 2991 2794 ἀπάτης
3031 2725 3509 2802 καταγωνίζονται.
3538 2730 3663 2780 ’Ὁτι
3701 2726 3822 2780 καί·

2160 2831 2225 2885 γε
2272 2812 2396 2886 περὶ
2445 2810 2617 2864 αὐτῶν
2656 2811 2771 2866 εἶπε
2807 2833 2900 2885 μοι
2947 2814 2975 2868 ὁ
3007 2811 3235 2890 ἄγγελος
3261 2820 3358 2870 τοῦ
3389 2819 3547 2883 Θεοῦ,
3581 2815 3676 2869 καὶ
3714 2813 3824 2870 ’Ξδῖ-

2163 2897 2283 2969 δαξὲ
2339 2921 2425 2971 με,
2487 2899 2569 2954 ὅτι
2620 2902 2675 2955 αἱ
2723 2907 2970 2977 γυναῖκες
3010 2905 3272 2972 ἡττῶνται
3301 2909 3378 2977 τῷ
3410 2904 3689 2978 πνεύματι
3723 2912 3823 2974 τῆς

2161 2987 2416 3064 πορνείας
2465 2989 2596 3064 ὑπὲρ
2643 2991 2736 3044 τὸν
2785 2991 3088 3068 ἄνθρωπον,
3136 2992 3225 3046 καὶ
3276 2991 3326 3046 ἐν
3374 2990 3578 3068 καρδίᾳ
3629 3014 3821 3068 μηχα.

2160 3081 2353 3132 νῶνται
2397 3077 2533 3132 κατά
2577 3083 2685 3133 τῶν
2734 3079 3058 3155 ἀνθρώπων,
3103 3081 3193 3136 καὶ
3243 3079 3331 3136 διὰ
3358 3089 3459 3151 τῆς
3485 3086 3824 3156 κοσμήσεως

2163 3164 2441 3220 πλανῶσιν
2488 3165 2662 3221 αὐτῶν
2708 3172 2922 3242 πρῶτον
2971 3170 3067 3231 τὰς
3127 3167 3384 3241 διανοίας,
3434 3170 3522 3224 καὶ
3584 3169 3677 3225 διὰ
3726 3176 3824 3225 τοῦ

412 3268 555 3318 tunc
585 3279 757 3335 opere
788 3241 1078 3334 captivant
1110 3277 1122 3314 :
1157 3278 1273 3316 non
1303 3260 1458 3316 enim
1491 3264 1682 3333 potest
1713 3241 2043 3317 muliervho-

2175 3254 2492 3332 βλέμματος
2540 3255 2632 3310 τὸν
2681 3255 2762 3311 ἱὸν
2815 3256 3174 3328 ἐνσπείρουσι,
3231 3259 3317 3314 καὶ
3355 3259 3481 3314 τότε
3539 3264 3624 3331 τῷ
3681 3258 3823 3336 ἔργῳ

417 3351 638 3408 minem
696 3367 921 3422 cogere.
973 3351 1165 3421 Fugite
1219 3366 1354 3422 ergo
1409 3351 1830 3420 fornicationem
1859 3351 1902 3418 ⁸,
1951 3348 2058 3403 ﬁlii

415 3440 554 3508 mei,
585 3445 641 3496 et
671 3439 962 3513 praecipita
993 3439 1342 3494 mulieribus
1371 3438 1578 3494 vestris
1620 3442 1677 3494 et
1727 3437 1963 3494 ﬁliabus
1995 3441 2062 3493 ut

415 3546 532 3585 non
559 3533 766 3586 ornent
796 3529 988 3600 capita
1009 3533 1068 3584 et
1092 3529 1256 3584 visus
1286 3543 1487 3583 earum
1517 3529 1574 3594 ⁶;
1608 3527 1889 3599 quoniam
1934 3543 2058 3582 om-

417 3618 508 3674 nis
540 3618 749 3674 mulier
780 3618 976 3674 dolose
1004 3634 1185 3690 agens
1215 3617 1274 3672 in
1305 3616 1418 3687 his,
1453 3616 1513 3671 in
1542 3616 1906 3688 punitionem
1953 3632 2059 3671 sae-

421 3707 538 3762 culi
570 3711 863 3763 reservata
882 3711 989 3763 est.
1016 3709 1102 3762 Ita
1129 3706 1284 3762 enim
1309 3707 1666 3762 seduxerunt
1685 3704 1904 3778 Vigiles
1927 3708 2061 3761 ante

416 3796 741 3865 diluvium;
775 3800 832 3852 et
859 3795 944 3850 illi
975 3795 1211 3852 assidue
1238 3795 1502 3851 videntes
1530 3812 1650 3864 eas,
1684 3794 1874 3850 affecti
1921 3797 2062 3850 sunt

416 3885 705 3941 desiderio
736 3885 808 3940 ad
838 3884 1106 3952 invicem,
1137 3888 1194 3939 et
1219 3888 1608 3957 conceperunt
1638 3888 1833 3940 mente
1862 3899 2062 3956 opera-

417 3975 662 4042 tionem,
711 3977 766 4028 et
812 3972 1217 4044 transﬁgurati
1266 3977 1406 4028 sunt
1462 3973 1522 4027 in
1581 3973 1869 4043 homines,
1903 3977 1959 4028 et
1999 3972 2060 4028 in

417 4063 574 4118 coitu
604 4063 861 4117 virorum
896 4078 1137 4116 suorum
1171 4067 1635 4132 coapparuerunt
1673 4062 1791 4131 eis;
1845 4066 1902 4117 et
1951 4061 2061 4116 illas

419 4151 820 4206 desiderantes
850 4155 1044 4206 mente
1073 4150 1521 4222 imaginationes
1562 4167 1786 4221 eorum,
1821 4167 2062 4222 pepere-

419 4244 558 4296 runt
612 4239 902 4313 gigantes.
955 4241 1365 4312 Apparuerunt
1395 4239 1550 4296 enim
1581 4239 1663 4296 eis
1693 4240 1911 4313 Vigiles
1958 4258 2064 4296 us-

421 4346 535 4402 que
565 4330 638 4386 ad
672 4329 882 4386 coelum
914 4330 1285 4402 attingentes.

2167 3343 2668 3419 αἰχμαλωτίζουσιν
2695 3365 2708 3378 ·
2742 3344 2803 3400 οὐ
2833 3348 2935 3422 γὰρ
2967 3344 3184 3402 δύναται
3213 3350 3347 3424 γυνή
3382 3347 3672 3424 ἄνθρωπον
3709 3349 3827 3424 βια-

2166 3435 2378 3490 σασθαι.
2405 3433 2642 3509 Φεύγετε
2668 3431 2757 3489 οὖν
2774 3435 2872 3504 τήν
2897 3433 3165 3510 πορνείαν,
3197 3437 3351 3492 τέκνα
3371 3458 3498 3509 μου,
3527 3437 3624 3492 καὶ
3656 3458 3825 3511 προσ·

2165 3523 2384 3577 τάσσετε
2439 3528 2559 3584 ταῖς
2608 3521 2843 3598 γυναιξὶν
2897 3523 3072 3596 ὑμῶν,
3124 3525 3211 3580 καὶ
3278 3531 3396 3588 ταῖς
3469 3525 3821 3602 Θυγπράαεν,

2162 3609 2256 3666 ’ίνα
2311 3611 2387 3684 μὴ
2447 3615 2759 3684 κοσμῶνται
2805 3613 2901 3675 τὰς
2949 3610 3189 3690 κεφαλὰς
3237 3614 3326 3668 καὶ
3373 3614 3466 3676 τὰς
3517 3613 3677 3688 ὄψεις
3727 3615 3821 3669 αὖ·

2165 3720 2272 3755 των
2329 3701 2462 3774 (77),
2511 3699 2594 3754 ’ὁτι
2639 3705 2782 3755 πᾶσα
2810 3701 2970 3776 γυνὴ,
3004 3698 3363 3774 δολιευομὲνη
3387 3701 3437 3756 ἐν
3468 3702 3719 3770 τούτοις,
3753 3705 3823 3765 si;

2167 3789 2390 3845 κόλασιν
2439 3793 2536 3844 τοῦ
2584 3789 2781 3852 αἰῶνος
2827 3792 3141 3866 τετήρηται.
3188 3790 3343 3846 Οὕοω
3425 3791 3530 3868 γὰρ
3605 3791 3816 3864 {delira

2166 3876 2294 3941 τοὺς
2345 3875 2713 3954 Ἐγρηγόρους
2780 3877 2888 3953 πρὸ
2942 3882 3040 3931 τοῦ
3093 3875 3517 3950 κατακλυσμοῦ’
3578 3881 3817 3934 κάκεῖνοι

2171 3969 2412 4041 συνεχῶς
2458 3966 2690 4042 ὁρῶντες
2734 3965 2920 4034 αὐτὰς,
2964 3964 3212 4040 ἐγένοντο
3265 3964 3314 4020 ἐν
3353 3965 3620 4040 ἐπιθυμίᾳ
3651 3966 3823 4038 ἀλλή-

2171 4055 2304 4124 λων,
2355 4055 2445 4109 καὶ
2497 4049 2790 4110 συνέλαϐον
2839 4057 2908 4127 τῇ
2941 4051 3151 4126 διανοίᾳ
3178 4057 3277 4124 τήν
3301 4055 3508 4130 πρᾶξιν,
3542 4057 3640 4111 καὶ
3677 4077 3823 4129 μετε-

2171 4143 2578 4220 σχηματίζοντο
2637 4143 2712 4205 είς
2761 4143 3095 4220 ἀνθρώπους,
3123 4143 3214 4198 καὶ
3245 4145 3295 4199 ἐν
3327 4148 3396 4218 τῇ
3427 4146 3693 4217 συνουσίᾳ
3719 4151 3819 4200 tim

2171 4232 2379 4308 ἀνδρῶν
2428 4231 2602 4288 αὐτῶν
2653 4233 3031 4312 συνεφαίνοντο
3081 4232 3308 4295 αὐταῖςο
3374 4232 3648 4302 κάκεῖναι,
3717 4236 3826 4290 ἐπι-

2173 4326 2435 4396 θυμοῦσαι
2466 4325 2535 4396 τῇ
2568 4319 2776 4394 διανοιᾳ
2803 4323 2899 4384 τὰς
2929 4321 3218 4400 φαντασίας
3265 4322 3467 4392 αὐτῶν,
3515 4320 3709 4379 ἔτεκον
3746 4327 3822 4400 γε·

2170 4432 2385 4488 γαντας.
2437 4411 2751 4489 Ἐφαίνοντο
2797 4411 2899 4488 γὰρ
2947 4410 3134 4474 αὐταῖς
3178 4413 3516 4488 Ἑγρήγοροι
3566 4415 3688 4487 (78)
3728 4411 3822 4475 ἕως

2168 4503 2267 4556 τοῦ
2295 4501 2523 4577 οὖρανοῦ
2553 4501 2862 4579 φθάνοντες.

483 4601 580 4656 VI.
619 4623 646 4650 ‹‹
679 4597 982 4656 Custodite
1013 4598 1196 4670 igitur
1235 4614 1335 4654 vos
1389 4615 1422 4652 a
1472 4597 1851 4653 fornicatione
1881 4615 1893 4666 ;
1926 4603 1982 4654 et
2011 4616 2039 4655 s

2245 4590 2304 4659 ζ’.
2346 4612 2372 4644 α
2415 4590 2726 4660 Φυκάξασθε
2773 4587 2864 4644 οὖν
2916 4590 3021 4645 ἀπὸ
3066 4596 3167 4659 τῆς
3213 4588 3488 4667 πορνείας·
3527 4594 3640 4647 ’καὶ
3669 4594 3716 4649 εἰ
3744 4595 3815 4648 Θε-

413 4689 590 4745 vultis
622 4687 860 4761 purgari
894 4692 1106 4756 mente,
1139 4686 1424 4742 custodite
1456 4704 1667 4742 sensus
1716 4691 1939 4742 vestros
1990 4687 2062 4742 ab

416 4779 574 4833 omni
609 4779 842 4832 femina.
878 4777 946 4831 Et
979 4776 1092 4830 illis
1125 4776 1298 4831 etiam
1332 4775 1627 4848 prascipite
1659 4793 1772 4831 non
1805 4793 2065 4832 commu-

416 4866 611 4922 nicare
634 4883 766 4921 cum
790 4865 1152 4936 hominibus,
1174 4869 1238 4919 ut
1259 4868 1314 4920 et
1341 4865 1480 4937 ipsm
1501 4868 1827 4937 purgentur
1847 4868 2060 4937 mente,

487 4991 510 5026 ⁸
539 4989 581 5045 Ι.
612 4991 739 5046 Cor.
768 5007 844 5061 vr,
880 4991 967 5046 18.
1044 4991 1065 5024 δ
1100 4991 1140 5044 Ι.
1172 4989 1324 5044 Tim.
1357 5007 1420 5060 ιι,
1451 4989 1506 5061 8,
1536 4989 1590 5044 9.

490 5133 601 5206 (73)
631 5130 761 5206 Τότε
790 5129 911 5206 οὖν.-
933 5130 1063 5185 Τότε
1091 5127 1195 5206 ἕως
1226 5129 1646 5206 ἐν-νοιῷνΔΕΒΑΒ.

728 5202 966 5278 πορνεία.
995 5209 1053 5257 Ἡ
1083 5202 1334 5278 ἁμαρτία,
1368 5205 1403 5272 ἡ
1437 5199 1525 5256 διὰ
1553 5209 1652 5278 τῆς
1681 5203 2058 5278 πορνείας.Ιῡ.

491 5275 640 5348 (74⁸),
662 5275 879 5330 Textus
905 5276 1136 5330 Graecus
1165 5275 1340 5330 habet
1364 5292 1377 5329 :
1397 5291 1520 5348 gnari
1551 5276 1611 5330 in
1642 5275 1898 5348 tempore,
1932 5293 2058 5331 me-

418 5346 520 5402 rus
550 5346 1250 5417 hebraismus,:3m’t~z)2,
1296 5352 1361 5418 ut
1394 5346 1613 5402 Eceles.
1672 5346 1769 5418 vn,
1822 5349 1934 5402 18:
1987 5349 2063 5403 Ne

416 5421 675 5473 moriaris
707 5421 764 5474 in
786 5427 1030 5488 _tempore
1062 5434 1168 5472 non
1200 5427 1309 5488 tuo.
1341 5417 1558 5488 DRACH.

487 5491 598 5560 (75)
631 5486 870 5550 Ὄνειδος
901 5484 1084 5542 αὐτόν.
1123 5484 1455 5558 Ὀνειδισμὸν
1490 5488 1682 5558 ἑαυτῷ.
1723 5491 1800 5544 ΙΙ).

509 5492 577 5543 75
631 5491 870 5550 Ὄνειδος
905 5491 1084 5542 αὐτόν.
1123 5491 1455 5558 Ὀνειδισμὸν

509 5491 599 5630 7δέ
629 5561 733 5627 Τὴν
769 5559 986 5630 ἔννοίαν.
1019 5566 1126 5626 Τῆς
1161 5557 1379 5630 ἐννοίας.
1408 5563 1488 5616 ID.

509 5561 599 5630 76)
629 5561 733 5627 Τὴν
769 5561 986 5616 ἓννοίαν.
1019 5566 1126 5626 Τῆς
1161 5561 1379 5618 ἐννοίας.
1408 5563 1488 5616 ID.

487 5561 599 5700 E77)
628 5632 810 5702 Ὄψεις
848 5629 1044 5686 αὐτῶν.
1080 5631 1219 5701 Πρὸς
1249 5629 1455 5698 ἀπάτην
1491 5626 1729 5682 διανοίας
1765 5631 1942 5686 addit.
1976 5631 2056 5686 ID.

488 5701 602 5768 (78)
632 5701 974 5775 Ἐγρήγοροι.
1016 5707 1087 5756 ne
1124 5702 1426 5773 Egregoris
1484 5702 1652 5772 plura
1704 5718 1772 5756 ex
1811 5702 2056 5773 Georgio

2172 4676 2293 4733 λετε
2321 4679 2634 4754 καθαρεύειν
2657 4683 2726 4753 τῇ
2767 4676 3002 4750 διανοίᾳ,
3047 4679 3350 4758 φυλάξασθε
3393 4681 3496 4743 τὰς
3541 4683 3816 4754 αἰσθήσεις

2170 4767 2276 4822 ἀπὸ
2316 4764 2493 4837 πάσης
2542 4767 2789 4839 θηλείας.
2841 4768 3121 4831 Κάκείναις
3173 4765 3220 4823 δ’
3253 4767 3555 4825 ἐντείλασϐε
3593 4775 3673 4845 μή
3710 4794 3812 4826 πιε-

2173 4854 2381 4926 δυάζειν
2432 4856 2762 4932 ἀνθρώποις,
2811 4854 2903 4913 τίνα
2930 4857 3019 4912 καὶ
3047 4856 3203 4913 αὐταὶ
3231 4858 3577 4936 καθαρεύω-σι
3715 4860 3813 4916 δια-

2172 5129 2438 5201 Syncello
2470 5127 2752 5185 describit
2779 5126 3030 5184 Grabius
3058 5125 3172 5195 hic,
3207 5126 3271 5201 in
3293 5126 3458 5201 Notis
3498 5130 3578 5186 ad
3629 5132 3809 5189 tom.I

2171 5198 2425 5274 Sbicileg.
2463 5217 2593 5274 pag.
2627 5201 2754 5266 347,
2796 5215 2944 5274 δοριξ,
2997 5198 3534 5274 eoquejabricius
3588 5202 3654 5260 in
3704 5202 3803 5258 ατί.

2169 5271 2508 5346 Ρζςσιιάξνεῖ.
2539 5273 2677 5346 Τεδί.
2711 5274 2853 5346 tom.
2881 5271 2933 5339 ἶ,
2984 5285 3116 5346 pag.
3167 5271 3466 5346 179,,seq.
3508 5277 3606 5346 De
3659 5275 3804 5346 Egi?

2170 5347 2330 5420 geris
2359 5345 2499 5420 item
2535 5343 2594 5420 in
2627 5342 2845 5414 scripto
2888 5337 3142 5420 quodam
3190 5337 3621 5420 ψευδεπιῆράφευ
3649 5337 3804 5420 BEne-

2171 5412 2264 5472 ιῖὴὶ
2304 5414 2647 5489 patriarcha
2686 5412 3794 5489 commemoratisteruditam'instituﬂ

2172 5484 2646 5558 disquisitionem
2677 5486 2768 5541 J0.
2801 5485 3085 5559 Henricus
3112 5484 3426 5559 AScbulzius
3459 5503 3596 5559 cap.
3640 5496 3684 5556 ι,
3713 5487 3790 5543 Hi-

2168 5555 2353 5614 storiae
2382 5559 2675 5614 medicinae
2704 5575 2737 5612 a
2767 5573 2957 5612 rerum
2990 5557 3149 5611 initio
3179 5555 3252 5610 ad
3279 5574 3502 5614 annum
3531 5555 3693 5617 iubis
3717 5559 3788 5616 Pi-

2168 5646 2277 5688 mae
2306 5631 2511 5686 DXXXV
2539 5629 2815 5700 deducta,
2843 5627 3008 5684 editae
3039 5626 3245 5699 Lipsia
3277 5627 3433 5684 1728.
