4014 6226
287 403 430 462 1045
1464 390 1904 456 TESTAMEN'

2024 393 2065 455 il
2109 393 2504 460 SlMEONlS.
3532 395 3687 460 i046

281 531 410 604 νοίᾳ.
445 531 515 587 Αἱ
544 528 644 608 γαρ
698 533 942 604 συνεχεῖς
987 524 1288 603 συντυχίαι,
1321 525 1417 582 κᾶν
1473 526 1546 598 μὴ
1597 525 1816 601 πραχθῇ
1866 545 1904 578 τι

2042 527 2326 584 Continua
2374 529 2529 585 enim
2562 531 2876 600 consortia,
2908 534 2966 588 et
3007 530 3056 588 si
3088 550 3200 589 non
3233 536 3469 606 peracta
3513 532 3686 588 fuerit

282 617 543 694 ἀσέϐημα,
594 619 781 682 αὐταῖς
837 620 930 692 μεν
986 617 1085 672 εἶσι
1148 613 1304 678 νόσος
1380 615 1618 684 ἀνίατος,
1672 615 1796 687 ὑμῖν
1869 611 1904 668 δῖ

2034 617 2526 689 impietas,tamcn
2561 621 2704 691 ipsis
2735 626 2875 676 sunt
2905 622 3186 695 aegritudo
3217 622 3682 686 insanabilis,vo-

281 706 480 772 ὄνειδος
510 713 607 765 τοῦ
639 707 835 784 Βελιᾶρ
880 707 1122 762 αἰώνιον·
1177 705 1259 760 ὅτι
1291 707 1326 776 ἡ
1359 705 1581 780 πορνεία
1629 701 1751 758 οὔτε
1800 701 1893 757 σύν

2033 705 2122 761 bis
2150 723 2284 762 vero
2318 709 2692 780 opprobrium
2723 709 2906 765 Beliar
2927 711 3675 782 sempiternum;quoniam

280 820 380 854 εσιν
414 795 538 854 οὔτε
570 793 837 852 εὐσέϐειαν
873 794 987 872 ἔχει
1021 795 1072 850 ἐν
1105 796 1290 869 ἑαυτῇ,
1322 794 1410 849 καὶ
1443 800 1548 855 πᾶς
1602 799 1771 861 ζῆλος
1799 812 1904 846 κατι

2033 794 2335 851 fornicatio
2366 813 2554 867 neque
2582 797 2945 854 intellectum
2979 816 3167 870 neque
3197 800 3469 871 pietatem
3501 800 3679 856 habet

278 894 408 944 οικεῖ
452 886 504 942 ἐν
573 891 644 961 τῇ
708 885 967 959 ἐπιθυμίᾳ
1019 885 1207 954 αὐτῆς.
1262 883 1360 938 Διὰ
1421 887 1582 937 τοῦτο
1647 880 1922 951 ζηλώσετε

274 977 390 1040 τοὺς
441 975 589 1038 υἱοὺς
635 977 768 1030 Λευῗ
818 977 950 1048 (79),
1001 975 1091 1028 καὶ
1143 975 1402 1044 ζητήσετε
1451 972 1726 1046 ὑψωθῆναι
1789 970 1920 1046 ὑπὲρ

274 1066 486 1136 αὐτοὺς,
519 1065 646 1121 ἀλλ’
676 1064 736 1119 οὐ
786 1061 1094 1134 δυνήσεσθε.
1127 1064 1186 1120 Ὁ
1224 1061 1325 1139 γὰρ
1376 1061 1505 1122 Θεὸς
1552 1061 1771 1130 ποιήσει
1818 1059 1918 1128 τὴν

274 1151 539 1224 ἐκδίκησιν
590 1153 787 1226 αὐτῶν,
832 1152 922 1207 καὶ
980 1152 1331 1215 ἀποθανεῖσθε
1392 1148 1603 1222 θανάτῳ
1667 1147 1917 1222 πονηρῷ.

270 1248 350 1316 Τῷ
417 1244 518 1320 γὰρ
585 1241 717 1297 Λευῗ
780 1239 951 1296 ἔδωκε
1018 1238 1218 1317 Κύριος
1277 1240 1375 1309 τήν
1446 1238 1647 1314 ἀρχὴν,
1698 1235 1788 1290 καὶ
1843 1239 1920 1308 τῷ

266 1329 462 1404 Ἰούδᾳ,
509 1337 622 1405 μετ’
670 1329 842 1386 αὐτῶν
891 1327 1082 1403 κάμοὶ,
1113 1327 1203 1383 καὶ
1249 1325 1374 1398 Adv,
1417 1325 1506 1382 καὶ
1553 1325 1774 1401 Ἰωσὴφ,
1820 1327 1918 1378 τοῦ

273 1421 399 1476 εἶναι
433 1421 520 1476 ἐπὶ
553 1417 840 1497 ἄρχοντας.
875 1419 972 1474 Διὰ
999 1422 1160 1473 τοῦτο
1185 1415 1513 1490 ἐντέλλομαι
1545 1415 1669 1488 ὑμῖν
1701 1411 1914 1468 ἀκούειν

266 1515 340 1582 τῷ
389 1510 539 1583 Λευῒ,
611 1508 693 1564 ὅτι
759 1508 918 1570 αὐτὸς
984 1507 1247 1584 γνώσεται
1313 1505 1478 1580 νόμον
1553 1501 1778 1579 Κυρίου,
1826 1503 1916 1557 καὶ

266 1596 531 1654 διαστελεῖ
590 1598 668 1661 εἷς
725 1595 901 1671 κρίσιν
959 1597 1049 1651 καὶ
1109 1595 1293 1657 θυσίας
1350 1597 1465 1670 (80)
1525 1592 1656 1669 ὑπὲρ
1715 1593 1914 1655 παντὸς

266 1686 503 1763 Ἰσραὴλ,
558 1687 724 1763 μέχρι
775 1684 1110 1747 τελειώσεως
1164 1684 1377 1760 ’χρόνων
1423 1681 1726 1759 ἀρχιερέως
1779 1683 1913 1758 Χρι-

267 1781 410 1848 στοῦ,
443 1777 502 1832 ὸν
554 1777 668 1832 εἶπε
717 1775 935 1852 Κύριος.
976 1777 1154 1851 Ὀρκῷ
1205 1773 1342 1846 ὑμᾶς
1378 1773 1468 1826 τὸν
1512 1771 1638 1837 Θεὸν
1669 1775 1767 1825 τοῦ
1817 1769 1910 1825 οὖ-

267 1871 424 1943 ροινοῦ
469 1873 695 1936 ποιῆσαι
748 1864 1005 1936 ἀλήθειαν
1063 1859 1286 1918 ἕκαστον
1339 1863 1478 1937 πρὸς
1535 1860 1626 1916 τὸν
1672 1859 1907 1931 πλησίον
1941 1897 1987 1961 Β

262 1955 444 2024 αὐτοῦ,
476 1955 563 2011 καὶ
596 1956 730 2032 πρὸς
757 1956 848 2010 τὸν
883 1955 999 2028 (82)
1033 1953 1162 2007 Λευῒ
1219 1951 1467 2027 ἐγγίσατε
1511 1949 1562 2004 ἐν
1590 1949 1910 2004 ταπεινώσει

259 2042 504 2121 καρδίας,
543 2042 636 2098 ἵνα
682 2042 905 2114 δέξησθε
957 2039 1208 2116 εὐλογίαν
1260 2040 1322 2094 ἐκ
1362 2043 1460 2094 τοῦ
1510 2037 1777 2113 στόματος
1816 2037 1910 2093 αὐ-

261 2139 374 2189 τοῦ.
410 2133 582 2196 Αὐτὸς
625 2132 726 2210 γὰρ
777 2131 1064 2208 εὑλογήσει
1118 2130 1211 2184 τὸν
1241 2128 1464 2205 Ἰσραὴλ
1512 2127 1601 2183 καὶ
1640 2128 1731 2182 τὸν
1777 2125 1910 2182 Ἰού-

261 2220 372 2278 δανο
452 2222 536 2278 ὅτι
612 2221 664 2277 ἐν
738 2220 884 2293 αὐτῷ
958 2219 1231 2291 ἐξελέξατο
1306 2217 1501 2293 Κύριος
1599 2213 1912 2292 βασιλεῦσαι

257 2309 466 2367 πάντων
515 2316 621 2366 τῶν
682 2309 850 2368 λαῶν.
899 2309 996 2364 Καὶ
1054 2308 1454 2381 προσκυνήσετε
1507 2309 1586 2378 τῷ
1640 2307 1909 2381 σπέρματι

257 2400 440 2470 αὐτοῦ,
469 2399 550 2456 ὅτι
585 2401 714 2476 ὑπὲρ
766 2400 916 2472 ὑμῶν
970 2399 1313 2462 ἀποθανεῖται
1362 2396 1415 2451 ἐν
1455 2393 1728 2468 πολέμοις
1777 2395 1910 2470 ὁρα-

254 2496 371 2552 τοῖς
428 2491 516 2545 καὶ
589 2489 866 2566 ἀοράτοις,
937 2488 1026 2543 καὶ
1097 2485 1240 2542 ἔσται
1319 2484 1371 2541 ἐν
1451 2485 1576 2559 ὑμῖν
1655 2482 1908 2562 βασιλεὺς

260 2579 494 2634 αἰώνων.
523 2603 552 2630 ››

325 2670 394 2725 Ζ’.
424 2667 522 2722 Καὶ
572 2667 804 2723 ἀπέθανε
849 2661 1111 2740 ’Βουϐὴμ,
1153 2664 1524 2738 ἐντειλάμενος
1572 2667 1738 2719 ταῦτα
1791 2667 1908 2727 τοῖς

254 2758 396 2819 υἱοῖς
429 2756 612 2811 αὐτοῦ’
641 2757 730 2812 καὶ
767 2755 945 2821 ἔθεντο
978 2755 1136 2810 αὐτὸν
1191 2754 1242 2809 ἐν
1295 2759 1459 2829 σορῷ,
1491 2750 1596 2816 ἕως
1644 2751 1732 2808 ὅτε
1790 2753 1907 2808 ἀνε-

249 2845 531 2920 νέγκαντες
591 2845 750 2901 αὐτὸν
798 2845 848 2916 ἐξ
898 2843 1197 2920 Αἰγύπτου,
1238 2841 1434 2917 ἔθαψαν
1484 2841 1536 2896 ἐν
1578 2836 1822 2919 Χεϐρὼν,
1854 2841 1905 2896 ἐν

252 2938 332 3008 τῷ
363 2933 622 3008 σπηλαίῳ
651 2939 730 3007 τῷ
759 2931 960 3006 διπλῷ,
995 2931 1132 2988 ὅπου
1163 2933 1217 2987 οἱ
1245 2932 1470 3006 πατέρες
1507 2928 1690 2986 αὐτοῦ.

815 3114 1215 3167 ΚΕΦΔΛΑΙΟΝ
1258 3111 1335 3166 Β’.

610 3201 854 3271 Διαθήκη
891 3201 1140 3274 Συμεὼν,
1171 3199 1295 3272 περὶ
1327 3198 1549 3278 φθόνου.

322 3308 405 3364 Α’.
455 3306 810 3384 Ἀντίγραφον
875 3303 1057 3382 λόγων
1105 3306 1358 3379 Συμεὼν,
1408 3304 1442 3358 ἃ
1491 3302 1730 3375 ἐλάλησε
1781 3309 1900 3367 τοῖς

247 3397 393 3460 υἱοῖς
449 3395 636 3469 αὐτοῦ,
686 3396 794 3471 πρὸ
838 3400 936 3451 τοῦ
998 3400 1173 3460 θανεῖν
1222 3393 1381 3450 αὐτὸν
1432 3393 1482 3449 ἐν
1533 3395 1611 3470 ρκ’
1655 3390 1758 3450 ἔτει
1797 3401 1900 3465 τῆς

247 3492 399 3557 ζωῆς
446 3484 632 3554 αὐτοῦ,
694 3483 746 3540 ἐν
806 3485 853 3558 ᾧ
925 3482 1028 3540 ἔτει
1104 3483 1359 3539 ἀπέθανεν
1423 3484 1645 3561 Ἰωσήφ.
1694 3480 1895 3538 Ἦλθον

243 3577 348 3653 γὰρ
445 3573 825 3649 ἐπισκέψασθαι
918 3573 1077 3628 αὐτὸν
1178 3571 1575 3650 ἀρρωστοῦνταο
1644 3573 1734 3628 καὶ
1819 3572 1897 3628 ἐν-

250 3663 478 3740 ισχύσας
534 3663 762 3736 ἐκάθισε,
788 3663 876 3718 καὶ
934 3661 1290 3741 κατεφίλησεν
1350 3661 1564 3732 αὐτοὺς,
1616 3663 1705 3717 καὶ
1758 3662 1898 3718 εἶπεν

246 3751 457 3816 αὐτοῖς·

323 3843 400 3901 B'.
435 3865 464 3894 ‹‹
495 3840 804 3912 Ἀκούσατε,
848 3841 1023 3913 τέκνα,
1074 3838 1334 3894 ἀκούσατε
1383 3840 1610 3913 Συμεὼν
1656 3838 1750 3894 τοῦ
1793 3861 1898 3894 πα-

243 3930 376 4007 τρὸς
427 3930 601 4004 ὑμῶν,
634 3929 732 3985 ὅσα
779 3928 893 4005 ἔχω
942 3927 992 3984 ἐν
1035 3932 1101 4002 τῇ
1130 3925 1324 4003 καρδίᾳ
1359 3949 1482 4000 μου.
1518 3929 1659 4002 Ἐγὼ
1707 3928 1900 4004 ἐγενή-

243 4021 347 4091 θην
384 4018 434 4090 ἐξ
467 4013 658 4073 Ἰακὼϐ
688 4016 784 4073 τοῦ
814 4017 1018 4093 πατρός
1054 4038 1157 4092 μου
1201 4017 1317 4080 υἱὸς
1358 4015 1624 4094 δεύτερος,
1657 4016 1746 4072 καὶ
1798 4017 1900 4073 At:

241 4110 280 4177 ἡ
323 4111 507 4182 μήτηρ
562 4128 664 4180 μου
717 4105 938 4162 ἐκαλεσέ
987 4128 1054 4180 με
1102 4109 1387 4180 Συμεῶνα,
1418 4104 1500 4160 ὅτι
1548 4103 1747 4174 ἤκουσε
1795 4105 1903 4162 Κύ-

243 4218 369 4273 ριος
414 4200 509 4265 τῆς
560 4193 798 4267 δεήσεως
849 4194 1034 4265 αὐτῆς.
1085 4196 1314 4257 Δυνατὸς
1363 4193 1624 4272 ἐγενόμην
1673 4192 1900 4273 σφόδρα,

242 4284 350 4340 οὐκ
402 4282 675 4340 ἐδειλίασα
731 4287 941 4360 πρᾶξιν,
1002 4282 1128 4339 οὔδε
1189 4278 1465 4362 ἐφοϐήθην
1539 4283 1645 4339 ἀπὸ
1701 4285 1900 4348 παντὸς

237 4375 590 4450 πράγματος.
623 4375 686 4428 Ἡ
740 4375 842 4451 γὰρ
891 4370 1087 4450 καρδία
1139 4395 1242 4447 μου
1285 4373 1351 4443 ἦν
1410 4371 1643 4449 σκληρὰ,
1691 4373 1781 4428 καὶ
1835 4373 1904 4428 τὰ

238 4462 434 4532 ἧπατά
465 4484 568 4536 μου
601 4461 849 4535 ἀκίνητα,
880 4463 970 4517 καὶ
1002 4461 1070 4517 τὰ
1108 4459 1398 4538 σπλάγχνα
1433 4482 1536 4534 μου
1584 4461 1899 4536 ἀσυμπαθῆ·

238 4551 332 4608 δτι
382 4552 471 4606 καὶ
507 4553 543 4622 ἡ
596 4549 813 4628 ἀνδρεία
857 4550 964 4606 ἀπὸ
994 4550 1243 4624 Ὑψίστου
1278 4547 1491 4606 δέδοται
1521 4555 1640 4612 τοῖς
1691 4549 1899 4626 ἀνθρώ-

2032 884 2091 938 in
2123 885 2335 956 seipsa,
2358 890 2414 940 et
2443 887 2635 942 omnis
2665 886 2826 943 zelus
2856 887 3083 944 habitat
3113 889 3171 943 in
3203 889 3491 944 desiderio
3523 889 3672 959 ejus.

2029 972 2271 1044 Propter
2325 974 2435 1030 hoc
2486 975 2824 1032 invidebitis
2881 975 3016 1032 ﬁliis
3073 977 3224 1046 Levi,
3284 981 3341 1032 et
3400 978 3673 1050 quaeretis

2030 1061 2270 1118 exaltari
2322 1079 2500 1136 super
2529 1080 2649 1132 eos,
2682 1066 2784 1120 sed
2835 1083 2951 1122 non
2995 1066 3276 1138 poteritis.
3310 1067 3464 1122 Deus
3513 1066 3670 1123 enim

2031 1150 2201 1207 faciet
2245 1151 2563 1209 vindictam
2594 1170 2819 1225 eorum,
2851 1159 2910 1210 et
2949 1154 3279 1211 moriemini
3329 1160 3513 1210 morte
3544 1172 3672 1228 per-

2029 1241 2272 1296 niciosa.
2303 1241 2440 1298 Levi
2487 1241 2643 1298 enim
2675 1243 2836 1299 dedit
2864 1243 3149 1299 Dominus
3193 1243 3584 1316 principatum
3615 1249 3674 1301 et

2026 1327 2352 1395 Judae,cum
2383 1329 2476 1386 his
2506 1333 2562 1385 et
2591 1329 2735 1385 mihi
2760 1334 2816 1385 et
2837 1329 2960 1386 Dan
2989 1335 3049 1386 et
3071 1331 3383 1403 Joseph,ut
3409 1347 3673 1387 essemus

2026 1416 2340 1490 principes.
2388 1418 2628 1490 Propter
2671 1417 2782 1474 hoc
2811 1419 3028 1474 mando
3074 1418 3238 1474 vobis
3281 1419 3484 1475 audire
3516 1420 3669 1491 Levi,

2025 1506 2300 1578 quoniam
2331 1506 2457 1579 ipse
2497 1511 2699 1564 noscet
2728 1506 2916 1579 legem
2949 1507 3197 1573 Domini,
3233 1511 3290 1564 et
3337 1509 3551 1563 dividet
3571 1511 3670 1580 ju-

2025 1595 2178 1651 dicia
2206 1595 2316 1669 (84)
2347 1600 2406 1652 et
2451 1596 2737 1653 sacriﬁcia
2767 1613 2871 1668 pro
2920 1597 3078 1652 omni
3128 1596 3326 1666 Israel,
3359 1613 3545 1668 usque
3596 1598 3667 1652 ad

2023 1685 2591 1741 consummationem
2621 1690 2950 1758 temporum
2982 1685 3264 1758 principis
3296 1687 3665 1742 sacerdotum

2021 1773 2439 1847 Christi,quem
2471 1775 2615 1830 dixit
2645 1773 3186 1844 Dominus.Adjuro
3217 1791 3317 1830 vos
3347 1791 3450 1846 per
3479 1780 3663 1831 Deum

2020 1862 2170 1930 cmli,
2205 1868 2269 1919 ut
2311 1863 2539 1920 faciatis
2589 1863 2895 1922 veritatem
2948 1862 3358 1935 unusquisque
3401 1865 3665 1935 proximo

2023 1956 2214 2020 suo,et
2238 1953 2309 2008 ad
2343 1952 2473 2009 Levi
2498 1952 2968 2024 appropinquate
2989 1951 3049 2007 in
3081 1951 3424 2007 humilitate
3453 1955 3665 2022 cordis,

2023 2046 2087 2096 ut
2116 2041 2412 2114 recipiatis
2436 2041 2902 2098 benedictionem
2917 2057 2986 2097 ex
3015 2057 3113 2098 ore
3142 2040 3486 2113 ipsius.lpse
3511 2033 3678 2096 enim'

2021 2130 2324 2187 benedicet
2367 2130 2567 2187 Israeli
2614 2135 2672 2187 et
2716 2130 2931 2199 Judaa;
2987 2130 3266 2203 quoniam
3314 2147 3446 2185 eum
3498 2130 3670 2202 elegit

2021 2220 2176 2276 Deus
2225 2236 2418 2293 regem
2453 2220 2566 2292 (83)
2595 2236 2772 2292 super
2820 2235 3020 2275 omnes
3050 2217 3318 2292 populos.
3353 2219 3423 2274 Et
3460 2220 3670 2274 adora-

2021 2310 2160 2366 bitis
2192 2326 2391 2366 semen
2425 2310 2612 2382 ipsius
2642 2309 2776 2381 (84),
2810 2309 3088 2382 quoniam
3120 2325 3224 2380 pro
3251 2308 3417 2364 vobis
3458 2309 3667 2364 morie-

2019 2403 2118 2456 tur
2146 2399 2204 2454 in
2237 2398 2406 2455 bellis
2448 2397 2781 2454 visibilibus
2813 2401 2869 2454 et
2914 2395 3331 2467 invisibilibus,
3364 2400 3420 2453 ct
3467 2398 3577 2453 erit
3606 2399 3665 2452 in

2020 2488 2182 2545 vobis
2212 2505 2311 2545 rex
2340 2486 2710 2544 saeculorum.
2745 2509 2774 2537 ››

2088 2668 2210 2725 VlI.
2260 2669 2331 2724 Et
2377 2671 2644 2723 mortuus
2693 2669 2783 2723 est
2827 2666 3056 2734 Ruben,
3113 2682 3245 2722 cum
3295 2665 3666 2739 praecepisset

2018 2757 2141 2814 haec
2173 2756 2308 2814 ﬁliis
2337 2756 2500 2824 suis;
2533 2760 2591 2812 et
2620 2758 2944 2828 posuerunt
2972 2771 3106 2811 eum
3137 2755 3197 2810 in
3227 2755 3416 2824 theca,
3447 2771 3662 2826 usque-

2019 2863 2133 2919 quo
2192 2846 2505 2902 referentes
2563 2860 2698 2900 eum
2757 2861 2826 2899 ex
2879 2844 3144 2917 Egypto,
3193 2843 3550 2916 sepelierunt
3600 2844 3660 2898 in

2022 2935 2248 2990 Hebron
2277 2933 2338 2990 in
2391 2932 2674 3007 spelunca
2703 2931 2945 3005 duplici,
2979 2932 3080 2990 ubi
3117 2935 3314 3005 patres
3341 2933 3469 3006 ejus
3499 2934 3662 3006 (dor-

2016 3024 2314 3095 mierunt).

2666 3111 2899 3169 CAPUT
2939 3112 3009 3168 ΙΙ.

2303 3203 2699 3259 Testamentum
2729 3201 3020 3270 Simeonis,
3050 3201 3115 3258 de
3142 3201 3376 3258 invidia.

2088 3312 2132 3368 Ι.
2164 3310 2604 3382 Transcriptum
2638 3309 2948 3366 verborum
2979 3308 3240 3378 Simeon,
3272 3325 3398 3380 quae
3429 3308 3659 3366 locutus

2009 3402 2096 3457 est
2148 3398 2286 3455 ﬁliis
2347 3397 2492 3466 suis,
2555 3401 2871 3470 antequam
2930 3401 3257 3454 moreretur
3336 3398 3657 3455 centesimo

2006 3488 2282 3545 vicesimo
2313 3503 2466 3544 anno
2496 3487 2627 3544 vitae
2680 3503 2830 3556 suis,
2860 3487 2919 3542 in
2952 3503 3067 3559 quo
3121 3490 3388 3543 mortuus
3418 3491 3508 3543 est
3549 3488 3656 3544 Jo-

2006 3577 2172 3650 seph.
2203 3577 2502 3634 Venerunt
2537 3575 2693 3632 enim
2719 3576 2956 3633 visitare
2984 3576 3179 3648 ipsum
3227 3581 3600 3649 aegrotantem
3635 3591 3650 3632 :

2007 3671 2066 3723 et
2096 3665 2303 3723 enixus
2331 3665 2486 3722 sedit
2513 3665 2572 3721 in
2601 3665 2832 3735 lecto,et
2861 3664 3161 3721 osculatus
3177 3668 3266 3722 est
3294 3669 3477 3738 eos,et
3505 3665 3651 3721 dixit

2004 3756 2092 3813 eis
2123 3773 2136 3810 :

2080 3845 2147 3900 ΙΙ.
2181 3866 2209 3895 ‹‹
2243 3842 2477 3909 Audite,
2528 3841 2654 3910 ﬁlii,
2690 3842 2887 3898 audite
2915 3841 3241 3899 Simeonem
3288 3847 3511 3915 patrem
3557 3859 3654 3900 ve-

2010 3938 2218 4002 strum,
2253 3947 2619 4005 quaecunque
2651 3932 2837 3988 habeo
2870 3932 2927 3987 in
2961 3932 3133 3988 corde
3165 3947 3312 3989 meo.
3347 3933 3461 4006 Ego
3493 3933 3652 4005 geni-

2009 4030 2108 4080 tus
2140 4040 2272 4078 sum
2321 4039 2389 4078 ex
2415 4021 2596 4077 Jacob
2645 4025 2808 4092 patre
2852 4037 2981 4077 meo
3031 4021 3189 4077 ﬁlius
3237 4023 3568 4090 secundus;
3602 4027 3658 4078 et

2009 4112 2107 4168 Lia
2137 4116 2323 4168 mater
2350 4127 2481 4166 mea
2506 4110 2728 4165 vocavit
2760 4126 2852 4165 me
2877 4111 3225 4181 Simeonem,
3245 4111 3522 4182 quoniam
3556 4127 3656 4166 au-

2011 4202 2155 4258 divit
2205 4201 2486 4257 Dominus
2520 4200 2841 4255 orationem
2895 4199 3100 4271 ipsius.
3156 4200 3366 4256 Potens
3415 4200 3656 4257 eﬁectus

2011 4308 2142 4347 sum
2176 4288 2380 4358 valde;
2414 4304 2530 4345 non
2563 4286 2868 4343 formidavi
2911 4288 3330 4360 operationem,
3362 4305 3553 4360 neque
3584 4289 3655 4345 ti-

2011 4380 2134 4434 mui
2167 4378 2238 4435 ab
2268 4376 2428 4434 omni
2459 4392 2540 4433 re.
2575 4380 2682 4432 Cor
2728 4377 2883 4432 enim
2917 4392 3109 4433 meum
3159 4381 3283 4433 erat
3331 4379 3568 4448 durum,
3602 4381 3659 4433 et

2011 4468 2226 4540 hepata
2254 4482 2382 4522 mea
2412 4464 2758 4533 immobilia,
2782 4470 2839 4520 et
2864 4465 3084 4521 viscera
3115 4481 3244 4521 mea
3275 4483 3389 4521 non
3421 4482 3658 4538 compa-

2011 4556 2216 4612 tientia
2239 4573 2253 4624 ;
2276 4555 2552 4626 quoniam
2572 4558 2628 4609 et
2657 4554 2935 4609 lortitudo
2962 4554 3033 4609 ab
3053 4553 3352 4610 Altissimo
3375 4554 3659 4609 daturho-

235 4662 376 4703 ποις
407 4641 459 4696 ἐν
491 4644 697 4717 ψυχαῖς
727 4639 819 4695 καὶ
852 4639 904 4696 ἐν
937 4641 1172 4712 σώμασι.
1208 4637 1306 4693 Καὶ
1354 4639 1405 4694 ἐν
1437 4639 1517 4710 τῷ
1571 4643 1745 4712 καιρῷ
1792 4637 1904 4693 νεό-

2024 4645 2274 4702 minibus
2306 4643 2366 4699 in
2399 4642 2709 4699 animabus
2741 4645 2798 4698 et
2828 4641 3190 4714 corporibus.
3215 4643 3281 4698 Et
3311 4642 3369 4697 in
3400 4647 3659 4714 tempore

236 4751 414 4802 τητος
450 4727 704 4800 ἐζήλωσα
736 4729 826 4784 τὸν
875 4729 1095 4807 Ἰωσὴφ,
1127 4727 1210 4782 ὅτι
1242 4728 1424 4804 ἠγάπα
1472 4726 1629 4782 αὐτὸν
1663 4728 1690 4783 6
1722 4728 1900 4803 πατὴρ

238 4822 435 4893 ἡμῶν·
484 4817 573 4873 καὶ
627 4817 883 4894 ἐστήρισα
934 4816 1014 4872 ἐπ’
1063 4817 1221 4871 αὐτὸν
1271 4818 1337 4870 τὰ
1404 4815 1586 4886 ἥπατά
1645 4838 1748 4890 μου
1804 4821 1901 4872 τοῦ

239 4907 463 4964 ἀνελεῖν
497 4907 678 4980 αὐτὸν,
700 4905 780 4961 ὅτι
823 4905 850 4960 ὁ
882 4904 1068 4983 ἄρχων
1099 4908 1196 4976 τῆς
1233 4904 1470 4980 πλάνης,
1494 4905 1817 4968 ἀποστείλας
1837 4905 1900 4961 τὸ

236 5002 467 5072 πνεῦμα
494 5001 591 5052 τοῦ
625 4995 817 5067 ζήλου,
852 4991 1131 5075 ἐτύφλωσέ
1173 5015 1276 5068 μου
1304 4996 1395 5050 τὸν
1428 4999 1571 5066 νοῦν,
1611 4997 1684 5069 μή
1734 5016 1900 5072 προσ-

237 5087 397 5163 έχειν
431 5085 578 5158 αὗτῷ
605 5085 681 5148 ὡς
718 5082 959 5162 ἀδελφῷ,
992 5083 1080 5139 καὶ
1131 5085 1205 5158 μὴ
1255 5083 1534 5162 φείσασθαι
1565 5079 1758 5140 Ἰακὼϐ
1804 5088 1902 5139 τοῦ

233 5175 455 5254 πατρός
491 5195 616 5250 μου.
651 5171 808 5230 Ἀλλ’
840 5175 868 5228 ὁ
902 5173 1033 5236 Θεὸς
1080 5171 1267 5243 αὐτοῦ,
1297 5173 1387 5228 καὶ
1419 5174 1448 5228 6
1478 5174 1606 5237 Θεὸς
1653 5177 1760 5229 τῷν
1805 5194 1904 5229 πα-

227 5268 417 5344 τέρων
468 5264 655 5336 αὐτοῦ,
698 5260 1024 5325 ἀποστείλας
1069 5261 1162 5318 τὸν
1215 5259 1448 5338 ἄγγελον
1496 5261 1682 5335 αὐτοῦ,
1740 5263 1900 5320 αὐτὸν

317 5447 435 5520 (79)
485 5443 802 5520 Ζηλώσετε-
831 5443 957 5520 τοὺς
1017 5441 1168 5520 υἱοὺς
1226 5442 1564 5520 Λευῗμθῑο.
1645 5445 1906 5518 Respicit

237 5516 334 5577 ad
358 5516 738 5575 rebellionem
769 5516 1012 5583 Dathan,
1046 5516 1262 5589 Abiron
1293 5519 1348 5572 et
1397 5519 1544 5583 Bon,
1580 5516 1900 5589 atque'poe-

235 5608 392 5648 nam
422 5591 496 5646 iis
525 5589 824 5654 inﬁictam,
858 5589 926 5660 de
958 5605 1074 5659 qua
1102 5588 1275 5642 Num.
1307 5603 1420 5658 XVI,
1454 5605 1617 5660 seqq.
1649 5588 1829 5646 Gaaa.

321 5664 442 5736 (80)
472 5660 684 5736 Θυσίας.
719 5657 1089 5736 Baptism—11‘).
1143 5709 1149 5716 ,

327 5730 446 5808 (81)
475 5734 694 5790 Dividet
709 5732 958 5806 judicia.
995 5731 1297 5790 Discernet
1325 5730 1384 5788 in
1408 5730 1721 5804 judicium.
1747 5733 1830 5790 Io.

2004 4733 2332 4807 juventutis
2364 4731 2543 4787 invidi
2569 4729 3095 4802 Joseph,quoniam
3114 4730 3317 4787 dilexit
3343 4747 3472 4786 eum
3494 4736 3660 4802 pater

2011 4827 2247 4890 noster;
2281 4825 2338 4876 et
2368 4819 2593 4876 ﬁrmavi
2627 4835 2804 4891 super
2835 4835 2968 4875 eum
3001 4819 3214 4891 hepata
3245 4836 3375 4876 mea
3403 4820 3475 4875 ad
3507 4822 3657 4876 occi-

2010 4912 2268 4968 dendum
2316 4925 2470 4978 eum,
2504 4909 2780 4980 quoniam
2829 4908 3101 4981 princeps
3132 4909 3366 4981 erroris,
3419 4909 3657 4966 mittens

2011 4999 2282 5072 spiritum
2311 4997 2439 5067 zeli,
2473 4995 2780 5054 excszcavit
2811 4999 3063 5052 mentem
3093 5012 3306 5066 meam,
3334 5002 3401 5054 ut
3431 5015 3544 5053 non
3578 5003 3658 5055 at-

2013 5088 2308 5145 tenderem
2340 5087 2392 5144 si
2424 5086 2579 5143 sicut
2609 5084 2797 5154 fratri,
2826 5100 2933 5140 nec
2962 5101 3260 5156 parcerem
3290 5087 3472 5144 Jacob
3505 5087 3658 5160 patri

2013 5193 2162 5234 meo.
2213 5176 2320 5234 Sed
2371 5176 2525 5232 Deus
2573 5175 2701 5247 ejus
2749 5177 2806 5230 et
2857 5178 3010 5230 Deus
3057 5179 3292 5246 patrum
3342 5177 3490 5248 ejus,
3525 5177 3655 5233 mit-

2011 5269 2144 5322 tens
2201 5265 2476 5338 angelum
2535 5278 2746 5334 suum,
2807 5262 2959 5319 eruit
3031 5279 3165 5320 eum
3235 5281 3305 5321 ex
3382 5266 3657 5323 manibus

2242 5439 2340 5519 Καὶ
2390 5442 2525 5519 πρὸς
2574 5440 2689 5498 τόν.
2742 5441 2841 5495 Καὶ
2890 5438 3102 5518 ἀγάπην
3146 5436 3367 5498 ἕκαστον
3398 5442 3533 5519 πρὸς
3565 5445 3654 5499 τὸν

2011 5511 2242 5570 ἀδελφὸν
2272 5511 2452 5568 αὐτοῦ’.
2489 5515 2572 5570 ID.

2086 5586 2196 5660 (83)
2229 5588 2402 5660 Elegit
2432 5603 2554 5642 eum
2582 5587 2722 5642 Deus
2752 5602 2950 5657 regem.
2975 5587 3038 5641 In
3069 5604 3135 5643 eo
3164 5586 3336 5659 elegit
3367 5586 3647 5647 Dominus

2014 5676 2074 5716 re
2118 5674 2276 5715 nare.
2310 5659 2392 5712 In.

2077 5675 2196 5803 ῗ84)
2230 5729 2423 5786 Semen
2453 5730 2646 5802 ipsius.
2677 5729 2896 5801 Ipsum.
2931 5731 3013 5785 ID.
