4014 6226
328 300 483 366 1047
1321 306 1861 371 TESTAMENTA
1905 303 2009 366 ΧΠ

2130 300 2771 371 \TRIARCHARUM.
3577 304 3752 371 1048

328 435 495 492 meis.
558 433 629 491 Ut
684 434 842 491 enim
900 451 1007 508 ego
1065 434 1245 493 ieram
1304 439 1365 494 in
1430 438 1706 495 Sicbimis
1763 436 2009 501 ail‘erre,

2130 434 2274 487 ιτῶν
2328 438 2530 510 χειρῶν
2581 457 2685 511 μου
2734 435 3131 514 ἒῤῥύσατο.⁹Ως
3184 437 3283 515 γὰρ
3337 434 3445 515 ἐγὼ
3504 435 3752 514 ἐπορεύ-

329 527 696 596 unguentum
746 524 1045 598 gregibus,
1095 531 1153 583 et
1192 526 1393 583 Ruben
1446 528 1504 583 in
1555 528 1823 584 Dotbaim
1875 524 1974 580 ubi

2130 542 2181 590 ην
2212 519 2262 577 ἐν
2300 524 2592 596 Σικήμοις,
2626 524 2840 601 ἐνὲγκαι
2870 526 3117 602 ἄλειμμα
3157 534 3273 590 τοῖς
3302 528 3615 601 ποιμνίοις,
3651 528 3755 582 καὶ

332 615 499 669 erant
524 612 853 668 necessaria
901 614 1072 670 nobis
1103 618 1161 671 et
1190 616 1381 671 omnis
1407 631 1613 688 penus,
1643 615 1830 670 Judas
1860 612 1976 668 fra-

334 704 427 756 ter
455 714 623 755 meus
653 702 912 757 vendidit
940 719 1075 758 eum
1108 704 1440 761 Ismaelitis.
1473 704 1540 759 Et
1585 704 1823 760 veniens
1854 702 1977 757 Ru-

337 788 450 845 ben
480 789 745 846 trislatus
774 796 900 859 est;
932 791 1115 848 voluit
1140 793 1297 849 enim
1328 792 1523 865 ipsum
1555 793 1782 848 salvum
1814 790 1981 847 redu-

338 893 468 934 cere
496 879 566 933 ad
601 884 847 951 patrem.
881 880 995 953 Ego
1026 898 1158 951 vero
1189 882 1375 937 iratus
1407 897 1565 937 eram
1617 881 1804 948 Judas,
1837 894 1981 951 quo-

339 967 498 1024 niam
528 968 812 1024 viventem
845 968 1040 1041 ipsum
1073 970 1301 1026 dimisit
1324 974 1411 1039 ;et
1439 970 1521 1025 fui
1553 986 1784 1026 menses
1815 968 1984 1040 quin-

339 1074 453 1130 que
483 1057 669 1114 iratus
700 1058 789 1126 ei;
826 1058 1127 1130 impedivit
1157 1064 1353 1115 autem
1388 1075 1481 1115 me
1512 1059 1686 1129 Deus,
1701 1062 1758 1113 et
1788 1056 1984 1130 probi-

339 1145 467 1202 buit
497 1162 530 1201 a
562 1162 653 1202 me
684 1149 1078 1220 operationem
1112 1164 1418 1216 manuum,
1453 1147 1729 1219 quoniam
1774 1164 1986 1202 manus

342 1250 474 1292 mea
502 1235 703 1291 dextra
733 1236 1039 1293 semisicca
1070 1241 1195 1293 erat
1234 1254 1337 1309 per
1365 1237 1489 1292 dies
1522 1240 1767 1308 septem.
1801 1240 1866 1291 Et
1893 1252 1985 1291 co-

343 1323 669 1396 gnovi,filii,
704 1325 860 1396 quod
893 1329 1129 1398 propter
1155 1325 1369 1396 Joseph
1402 1325 1511 1381 hoc
1544 1324 1688 1380 mihi
1738 1323 1987 1392 accidit;

346 1416 403 1468 et
432 1412 719 1483 pmnitens
750 1413 899 1480 ﬂevi,
933 1416 991 1469 et
1022 1414 1177 1470 oravi
1209 1414 1521 1470 Dominum
1555 1418 1617 1469 ut
1660 1413 1993 1469 restitueret

350 1516 593 1555 manum
626 1506 902 1570 meam,et
917 1502 1268 1560 abstinerem
1282 1503 1354 1558 ab
1368 1502 1527 1558 omni
1544 1502 1992 1574 inquinamento

353 1593 411 1646 et
439 1590 677 1656 invidia,
708 1594 768 1646 et
814 1592 885 1646 ab
904 1592 1078 1659 ,omni
1131 1590 1485 1664 insipientia.
1534 1590 1787 1666 Cognovi
1836 1589 1995 1644 enim

356 1678 511 1751 quod
543 1678 929 1751 perniciosam
961 1696 1083 1735 rem
1115 1679 1500 1753 cogitaveram
1526 1696 1719 1736 coram
1754 1677 1997 1734 Domino

2082 605 2332 685 Ῥουϐὴμ
2382 611 2459 674 εἷς
2490 615 2717 687 Δοθαῒμ,
2752 614 2889 671 ὅπου
2944 619 3013 671 τὰ
3066 616 3402 693 ἐγχρῄζοντα
3450 619 3618 689 ἡμῖν,
3652 616 3757 672 καὶ

2085 704 2227 754 πᾶσα
2270 702 2305 771 ἡ
2364 701 2636 776 ἀπόθεσις,
2689 702 2894 768 Ἰούδας
2940 707 2969 761 6
3017 704 3250 784 ἀδελφός
3298 728 3402 779 μου
3450 706 3753 776 ἐπώλησεν

2087 785 2246 842 αὐτὸν
2288 794 2406 851 τοῖς
2456 790 2833 864 Ισμαηλίταις.
2867 793 2963 847 Καὶ
3011 791 3185 857 ἐλθὼν
3235 789 3483 866 Ῥουὸἡμ
3530 793 3758 863 ἐλυπή-

2090 878 2181 947 θη’
2238 874 2406 946 ⁴ἤθελε
2459 880 2561 956 γὰρ
2618 879 2777 935 αὐτόν
2840 878 3099 936 διασῶσαι
3155 882 3291 958 πρὸς
3346 883 3438 937 τὸν
3514 883 3758 955 πατέρα.

2088 965 2229 1041 Ἐγὼ
2278 962 2336 1020 δὲ
2382 966 2658 1042 ὠργίσθην
2705 967 2786 1042 τῷ
2817 968 3012 1041 Ἰούδᾳ,
3041 967 3123 1025 ὅτι
3176 974 3351 1040 ζῶντα
3397 970 3559 1025 αὐτὸν
3615 970 3762 1025 ἀπέ-

2092 1052 2241 1109 λυσε·
2291 1056 2379 1110 καὶ
2428 1054 2658 1127 ἐποίησα
2719 1065 2894 1132 μῆνας
2950 1060 3106 1114 πέντε
3166 1059 3521 1135 ὀργιζόμενος
3580 1060 3759 1130 αὐτῷ’

2092 1143 2245 1219 καίγε
2300 1142 2607 1200 συνεπόδισέ
2667 1167 2733 1219 με
2798 1148 2827 1200 6
2858 1148 3006 1215 Θεὸς,
3036 1148 3127 1202 καὶ
3186 1147 3454 1203 ἐκώλυσεν
3491 1147 3585 1202 ἀπ’
3618 1147 3763 1221 ἐμοῦ

2097 1229 2281 1307 δρᾶσιν
2312 1238 2538 1309 χειρῶν·
2568 1234 2649 1290 ὅτι
2682 1236 2716 1305 ἠ
2748 1236 2870 1312 χείρ
2926 1258 3030 1309 μου
3083 1238 3118 1306 ἡ
3166 1234 3309 1307 δεξιά
3354 1236 3636 1312 ἠμίξηρος
3692 1237 3763 1305 ἦν

2098 1319 2187 1377 ἐπὶ
2245 1320 2455 1399 ἡμέρας
2490 1324 2549 1392 ζ’.
2584 1323 2681 1378 Καὶ
2740 1323 2931 1400 ἔγνων,
2986 1324 3167 1395 τὲκνα,
3226 1325 3311 1381 ὅτι
3368 1325 3493 1399 περὶ
3554 1327 3765 1399 Ἰωσήφ

2098 1410 2259 1466 τοῦτό
2322 1432 2416 1485 μοι
2486 1407 2705 1483 συνέϐη·
2762 1413 2852 1468 καὶ
2940 1416 3275 1487 μετανοήσας
3343 1412 3606 1484 ἔκλαυσα,
3668 1413 3763 1468 καὶ

2101 1499 2351 1573 ηὐξάμην
2411 1500 2616 1576 Κυρίῳ,
2643 1499 2735 1556 ἵνα
2789 1502 3207 1578 ἀποκαταστήσῃ
3259 1505 3359 1573 τήν
3408 1504 3578 1579 χεῖρά
3629 1524 3762 1576 μου,

2101 1588 2192 1643 καὶ
2222 1588 2555 1666 ἀπόσχωμαι
2587 1589 2692 1645 ἀπὸ
2724 1592 2921 1653 παντὸς
2958 1591 3270 1666 μολυσμοῦ,
3301 1590 3391 1646 καέ
3422 1591 3651 1669 φθόνου,
3668 1592 3763 1645 καὶ

2104 1676 2211 1733 ἀπὸ
2274 1677 2451 1749 πάσης
2532 1678 2862 1757 ἀφροσύνης.
2914 1683 3124 1756 Ἕγνων
3182 1680 3311 1757 γὰρ,
3370 1680 3453 1736 ὅτι
3514 1682 3764 1755 πονηρὸν

357 1771 413 1824 et
442 1767 619 1824 Jacob
645 1771 808 1840 patre
838 1784 987 1838 meo,
1021 1773 1222 1825 contra
1248 1769 1464 1843 Joseph
1496 1768 1736 1825 fratrem
1776 1782 1998 1835 meum,

2130 1772 2333 1843 τρᾶγμα
2384 1767 2719 1841 ἐνεθυμήθην
2767 1767 2997 1825 ἐνώπιον
3047 1768 3268 1846 Κυρίου,
3300 1771 3391 1825 καὶ
3424 1764 3625 1825 Ἰακὼϐ
3667 1773 3768 1823 τοῦ

357 1856 627 1914 invidens
655 1857 728 1913 ei.

429 2037 528 2093 Ill.
564 2038 693 2093 «Et
741 2053 917 2102 nunc,
970 2034 1097 2107 filii,
1145 2036 1432 2093 custodite
1476 2052 1578 2093 vos
1608 2053 1642 2093 a
1693 2034 2001 2110 spiritibus

357 2126 570 2183 erroris
599 2129 656 2183 et
687 2125 942 2181 invidias.
971 2124 1201 2181 Etenim
1227 2125 1451 2182 invidia
1477 2126 1822 2183 dominatur
1840 2124 2003 2182 omni

355 2214 754 2288 intelligentiae
800 2214 1082 2282 hominis,
1112 2218 1169 2271 et
1216 2231 1333 2270 non
1364 2215 1586 2287 patitur
1612 2231 1748 2271 eum
1777 2214 1868 2272 vel
1908 2231 2004 2272 co-

359 2304 609 2374 medere,
644 2302 729 2359 vel
778 2303 997 2376 bibere,
1035 2304 1124 2359 vel
1174 2303 1361 2360 facere
1417 2302 1640 2377 aliquid
1688 2304 1865 2374 boni;
1901 2303 2004 2361 sed

358 2410 593 2467 semper
637 2391 899 2466 suggerit
944 2392 1205 2448 occidere
1250 2409 1407 2460 eum,
1449 2392 1543 2450 cui
1591 2393 1917 2462 invidetur;
1950 2395 2008 2449 et

360 2482 686 2539 invidiosus
715 2497 949 2555 semper
979 2481 1164 2554 ﬂoret,
1197 2481 1467 2539 invidens
1514 2498 1647 2539 vero
1678 2481 2003 2539 marcescit.

364 2575 474 2629 Per
509 2571 659 2628 duos
688 2587 874 2627 annos
920 2569 1151 2627 dierum
1181 2569 1242 2626 in
1291 2570 1499 2627 timore
1533 2569 1759 2627 Domini
1808 2569 2010 2645 punivi

368 2661 625 2718 animam
660 2675 851 2716 meam
874 2658 1102 2731 jejunio
1126 2663 1213 2729 ;et
1241 2660 1481 2733 cognovi
1508 2660 1662 2732 quod
1693 2659 1906 2717 solutio
1930 2659 2012 2716 in-

368 2749 534 2806 vidias
564 2765 668 2822 per
697 2748 965 2804 timorem
997 2747 1105 2804 Dei
1141 2748 1412 2803 efﬁcitur.
1444 2748 1499 2804 Si
1528 2749 1661 2822 quis
1692 2750 1764 2805 ad
1812 2748 2009 2805 Domi-

374 2854 517 2894 num
550 2836 817 2911 refugiat,
836 2837 1066 2910 aufugit
1092 2836 1457 2909 perniciosus
1486 2838 1731 2911 spiritus
1761 2838 1833 2895 ab
1864 2839 2012 2911 ipso,

368 2931 424 2983 et
454 2927 707 2984 efficitur
722 2942 891 2982 mens
908 2926 1289 2997 levis;etiam
1335 2927 2014 3000 compatiturinvidioso,

366 3020 426 3074 et
456 3032 570 3073 non
602 3014 976 3089 reprehendit
1005 3014 1314 3089 diligentes
1343 3015 1632 3090 ipsum,et
1659 3016 1740 3074 ita
1769 3016 2019 3089 quiescit

368 3108 438 3164 ab
472 3105 709 3163 invidia.
1010 3114 1013 3115 ⁷

435 3284 525 3343 IV.
562 3307 583 3334 ι
618 3284 689 3341 Et
716 3282 1114 3356 interrogabat
1142 3286 1308 3357 pater
1335 3284 1408 3340 de
1438 3283 1838 3357 me,quoniam
1866 3284 2013 3341 vidit

362 3391 457 3432 me
487 3374 803 3442 tristem,et
830 3372 1097 3431 dicebam
1130 3388 1180 3428 :«
1214 3373 1436 3446 Hepata
1464 3390 1596 3432 mea
1624 3373 1846 3432 doleo»
1882 3374 2011 3432 Tri-

361 3465 564 3523 stabar
581 3463 736 3520 enim
768 3479 953 3536 supra
982 3462 1497 3536 omnes,quoniam
1516 3479 1622 3537 ego
1651 3480 1809 3520 eram
1835 3480 2016 3522 causa

367 3552 722 3610 venditionis
774 3551 1012 3625 Joseph.
1068 3552 1139 3608 Et
1192 3553 1429 3625 quando
1483 3553 1898 3610 descendimus
1952 3553 2014 3611 in

364 3644 760 3716 IEgyptum,et
789 3641 989 3715 ligavit
1013 3657 1107 3698 me
1128 3640 1289 3698 velut
1308 3640 2015 3716 exploratorem,cognovi

368 3731 523 3805 quod
548 3732 708 3802 juste
747 3730 1035 3804 patiebar,
1066 3734 1123 3787 et
1153 3747 1269 3789 non
1317 3747 1449 3787 sum
1482 3731 1882 3789 contristatus.
1912 3731 2017 3789 Jo-

370 3820 513 3895 seph
541 3836 674 3876 vero
705 3823 828 3875 erat
856 3819 946 3874 vir
987 3818 1210 3889 bonus;
1244 3824 1301 3876 et
1328 3820 1553 3878 habens
1583 3821 1865 3894 Spiritum
1916 3820 2017 3877 Dei

372 3910 431 3967 in
482 3908 696 3982 seipse,
731 3908 1066 3964 misericors
1099 3913 1156 3965 et
1204 3909 1484 3977 clemens,
1512 3926 1629 3965 non
1682 3911 2018 3968 recordatus

374 4002 463 4055 est
494 3998 679 4054 facere
728 3996 948 4053 malum
1001 3997 1165 4066 mihi,
1190 3999 1291 4055 sed
1324 4003 1381 4053 et
1409 3998 1614 4055 dilexit
1641 4015 1734 4054 me
1761 4003 1825 4055 ut
1875 3998 2019 4056 alios

376 4089 605 4144 fratres.
639 4087 937 4143 Custodite
968 4086 1146 4159 igitur
1172 4087 1411 4153 vos,filii
1447 4088 1580 4157 mei,
1606 4088 1678 4144 ab
1709 4088 1867 4143 omni
1898 4088 2019 4145 zelo

375 4181 434 4232 et
464 4175 703 4244 invidia,
731 4180 790 4231 et
818 4174 1115 4231 ambulate
1146 4176 1204 4231 in
1237 4174 1613 4249 simplicitate
1639 4176 1845 4233 anima:
1877 4188 1930 4233 et
1962 4178 2020 4233 in

377 4265 529 4321 bono
561 4265 753 4333 corde,
784 4263 1106 4337 cogitantes
1138 4264 1376 4320 fratrem
1407 4264 1591 4338 patris
1621 4265 1900 4334 vestri,ut
1928 4267 2025 4322 det

376 4359 434 4411 et
464 4352 627 4410 vobis
658 4357 810 4409 Deus
839 4353 1172 4425 gratiam,et
1198 4352 1530 4425 gloriam,et
1560 4354 2023 4412 benedictionem

376 4459 556 4517 super
582 4441 774 4515 capita
802 4446 1015 4511 vestra,
1045 4441 1196 4498 sicut
1226 4442 1435 4499 videtis
1465 4442 1525 4499 in
1555 4443 1703 4516 ipso.
1736 4443 2024 4501 Omnibus

2111 1854 2314 1931 πατρός
2362 1876 2489 1931 μου,
2522 1853 2611 1912 διὰ
2661 1858 2864 1937 Ἰωσῆφ
2906 1858 2997 1914 τὸν
3046 1854 3281 1937 ἀδελφόν
3327 1880 3454 1932 μου,
3488 1859 3771 1937 φθονήσας

2112 1944 2278 2017 αὐτῷ.

2183 2035 2256 2094 Γ’.
2292 2057 2321 2087 ‹‹
2350 2031 2451 2090 Καί
2496 2039 2611 2108 νῦν,
2651 2035 2832 2107 τὲκνα,
2873 2034 3177 2115 φυλάξασθε
3223 2036 3329 2091 ἀπὸ
3375 2040 3486 2091 τῶν
3531 2039 3781 2109 πνευμά-

2109 2144 2218 2180 των
2269 2130 2370 2195 τῆς
2424 2122 2639 2195 πλάνης
2686 2124 2776 2180 καὶ
2821 2129 2920 2179 τοῦ
2966 2125 3185 2203 φθόνου.
3220 2126 3317 2180 Καὶ
3364 2126 3466 2203 γὰρ
3514 2128 3544 2181 6
3574 2127 3777 2204 φθόνος

2111 2212 2347 2291 κυριεῦει
2395 2211 2577 2285 πάσης
2616 2219 2719 2285 τῆς
2770 2210 3010 2277 διανοίας
3053 2218 3151 2271 τοῦ
3201 2214 3513 2292 ἀνθρώπου,
3546 2215 3643 2269 καὶ
3675 2214 3780 2270 οὐκ

2113 2301 2332 2383 ἀφίησιν
2364 2301 2522 2358 αὐτὸν
2583 2298 2707 2359 061:3
2760 2308 2968 2382 φαγεῖν,
3000 2300 3121 2359 οὔτε
3176 2308 3342 2376 πιεῖν,
3373 2299 3498 2359 οὔτε
3537 2305 3779 2373 ποιῆσαί

2111 2412 2168 2448 τι
2200 2389 2421 2468 ἀγαθόν·
2452 2389 2600 2447 ἀλλὰ
2629 2389 2857 2448 πάντοτε
2890 2388 3192 2449 ὑποϐάλλει
3247 2390 3452 2448 ἀνελεῖν
3497 2392 3594 2447 τὸν
3638 2396 3777 2471 φθοο

2112 2478 2397 2555 νοόμενονο
2431 2480 2519 2535 καὶ
2552 2480 2580 2535 ὁ
2616 2481 2710 2555 μὲν
2751 2480 3115 2560 φθονοῦμενος
3161 2482 3391 2536 πάντοτε
3440 2482 3610 2549 ἀνθεῖ,
3645 2483 3675 2536 ὁ
3722 2479 3780 2536 δὲ

2119 2571 2327 2649 φθονῶν
2365 2568 2699 2647 μαραίνεται.
2732 2568 2837 2626 Δύο
2868 2567 2960 2640 ἔτη
2988 2572 3212 2647 ἡμερῶν
3254 2571 3305 2626 ἐν
3356 2566 3512 2649 φόϐῳ
3562 2571 3781 2643 Κυρίου

2120 2658 2367 2716 ἔκάκωσα
2391 2659 2490 2729 τὴν
2523 2660 2709 2734 ψυχήν
2741 2680 2846 2733 μου
2896 2658 2948 2715 ἐν
2996 2659 3235 2731 νηστεία
3268 2660 3356 2715 καὶ
3397 2656 3567 2736 ἔγνων
3624 2659 3712 2715 ὅτι
3746 2663 3782 2728 ἡ

2122 2746 2279 2811 λύσις
2330 2752 2426 2803 τοῦ
2480 2747 2681 2827 φθόνου
2730 2745 2820 2803 διὰ
2862 2743 3034 2828 φόϐου
3083 2753 3218 2804 Θεοῦ
3269 2748 3494 2824 γίνεται.
3531 2750 3661 2806 Ἐάν
3695 2770 3785 2811 τις

2124 2837 2212 2895 ἐπὶ
2260 2835 2454 2913 Κύριον
2499 2836 2827 2914 καταφεύγῃ,
2872 2836 3164 2914 ἀποτρέχει
3203 2838 3266 2893 τὸ
3320 2839 3565 2914 πονηρὸν
3618 2842 3787 2892 πνεῦ-

2128 2948 2203 3002 μα
2259 2926 2349 2981 ἀπ’
2400 2925 2586 2993 αὐτοῦ,
2643 2925 2734 2981 καὶ
2793 2926 2995 3003 γίνεται
3052 2929 3088 2997 ἡ
3147 2924 3357 2982 διάνοια
3420 2926 3629 3004 κοῦφηθ
3694 2928 3789 2981 καὶ

2126 3014 2320 3074 λοιπὸν
2377 3019 2650 3089 συμπαθεῖ
2699 3019 2780 3088 τῷ
2836 3016 3210 3094 φθονουμένῳ,
3237 3016 3325 3070 καὶ
3384 3015 3446 3070 οὐ
3477 3018 3791 3093 κατακριθῶ-

2129 3126 2243 3163 σκει
2293 3107 2401 3160 τῶν
2450 3104 2785 3182 ἀγαπώντων
2821 3108 2931 3179 (85)
2961 3104 3144 3177 αὐτὸν,
3177 3105 3265 3161 καὶ
3318 3104 3494 3167 οὕτως
3551 3106 3793 3161 ruﬁs-:1:

2038 3174 2084 3243 (ἶ
2118 3197 2217 3251 τοῦ
2247 3192 2468 3274 φθόνου.

2193 3284 2265 3341 Δ’.
2302 3308 2329 3337 ιι
2357 3282 2457 3339 Καὶ
2486 3284 2550 3353 ἦν
2581 3281 2795 3359 ἐρωτῶν
2828 3284 2856 3338 6
2886 3284 3065 3359 πατὴρ
3119 3282 3241 3357 περὶ
3301 3282 3458 3357 ἐμοῦ,
3491 3282 3580 3338 ὅτι
3635 3284 3791 3360 ἑώρα

2124 3394 2192 3449 με
2224 3372 2564 3449 σκυθρωπὸν,
2593 3372 2683 3427 καὶ
2713 3369 2917 3449 ἔλεγονο
2951 3396 2981 3425 ‹‹
3012 3374 3088 3427 Τὰ
3117 3371 3297 3442 ἤπατά
3357 3395 3462 3447 μου
3502 3377 3793 3445 κακοῦμαι

2123 3462 2249 3539 ἰγώ.
2284 3488 2314 3514 υ
2345 3462 2632 3517 Ἐπὲνθουν
2655 3461 2760 3538 γὰρ
2790 3460 2936 3529 παρὰ
2964 3462 3189 3529 πάντας,
3220 3460 3305 3516 δτι
3337 3460 3447 3535 ἐγὼ
3487 3459 3524 3531 ἤ
3534 3484 3645 3534 μην
3696 3462 3792 3517 αἴ-

2119 3572 2237 3615 τιος
2284 3554 2384 3621 τῆς
2445 3551 2693 3627 πράσεως
2745 3551 2964 3629 Ἰωσήφ.
3032 3551 3133 3606 Καὶ
3193 3550 3283 3606 ὅτε
3343 3546 3659 3625 κατέϐημεν
3708 3552 3792 3614 εἰς

2124 3639 2418 3719 Αἴγυπτον,
2459 3638 2551 3695 καὶ
2593 3636 2755 3710 ἕδησὲ
2806 3660 2873 3713 με
2919 3639 2995 3701 ὡς
3053 3639 3410 3713 κατάσκοπον,
3463 3638 3637 3715 ἔγνων
3700 3640 3789 3695 δτι

2126 3727 2348 3794 δικαίως
2400 3729 2622 3805 πάσχω,
2670 3727 2761 3784 καὶ
2808 3726 2908 3784 οὐκ
2970 3728 3309 3802 ἐλυπούμην.
3360 3730 3563 3808 Ἰωσὴφ
3615 3727 3672 3784 δὲ
3718 3731 3789 3799 ἦν

2124 3819 2261 3896 ἀνὴρ
2305 3818 2523 3896 ἀγαθὸς,
2569 3816 2659 3874 καί
2705 3816 2849 3893 ἔχων
2899 3821 3113 3891 πνεῦμα
3178 3822 3312 3874 Θεοῦ
3376 3817 3427 3872 ἐν
3474 3818 3648 3891 αὐτῷ,
3706 3817 3794 3874 εὕ-

2126 3908 2439 3985 σπλαγχνος
2490 3905 2579 3962 καὶ
2612 3903 2890 3980 ἐλεήμων,
2923 3906 3024 3962 οὐκ
3053 3907 3457 3980 ἐμνησικάκησε
3487 3929 3609 3980 μοι,
3644 3908 3794 3963 ἀλλὰ

2126 3996 2216 4053 καὶ
2246 3995 2499 4072 ἠγάπησὲ
2533 4015 2620 4068 με,
2648 3994 2722 4057 ὡς
2755 3992 2881 4055 τοὺς
2911 3990 3115 4055 ἄλλους
3150 3991 3438 4072 ἀδελφούς.
3475 3994 3795 4064 Φυλάξασθε

2130 4083 2246 4155 οὖν,
2288 4086 2444 4140 τὲκνα
2496 4104 2619 4157 μου,
2652 4082 2760 4137 ἀπὸ
2807 4082 3005 4144 παντὸς
3060 4081 3232 4153 ζήλου
3282 4082 3372 4138 καί
3420 4083 3653 4161 φθόνου,
3703 4084 3791 4138 καῖ

2128 4172 2422 4250 πορεύεσθε
2453 4172 2503 4226 ἐν
2538 4168 2808 4240 ἁπλότητι
2856 4173 3061 4246 ψυχῆς,
3093 4169 3184 4224 καί
3234 4169 3286 4225 ἐν
3339 4172 3513 4246 ἀγαθῇ
3570 4171 3792 4247 καρδία,

2132 4264 2438 4325 ἐννοοῦντες
2478 4260 2569 4316 τὸν
2620 4256 2997 4337 πατράδελφον
3048 4259 3201 4332 ὑμῶν
3230 4261 3366 4333 (86),
3391 4258 3486 4314 ’ἶνα
3533 4259 3657 4335 δώῃ
3705 4262 3793 4315 καὶ

2135 4354 2259 4427 ὑμῖν
2290 4352 2318 4406 6
2350 4352 2479 4413 Θεὸς
2529 4346 2715 4425 χάριν,
2760 4348 2851 4403 καὶ
2903 4345 3081 4421 δόξαν,
3114 4348 3204 4402 καὶ
3248 4347 3501 4423 εὐλογίαν
3547 4348 3646 4404 ἐπὶ
3701 4352 3794 4411 τὶς

2134 4438 2373 4519 κεφαλὰς
2403 4438 2578 4512 ὑμῶν,
2607 4437 2787 4499 καθὼς
2818 4432 2985 4491 εἷ’δετε
3014 4435 3066 4491 ἐν
3098 4436 3267 4508 αὐτῷ.
3298 4436 3478 4515 Πάσας
3524 4439 3629 4499 τὰς
3662 4440 3794 4511 imi.

377 4534 585 4589 diebus
618 4549 733 4587 non
762 4530 1132 4604 exprobravit
1164 4549 1269 4588 nos
1300 4532 1372 4588 de
1401 4532 1574 4588 verbo
1605 4532 1843 4604 boc,sed
1878 4533 2009 4589 dile-

2131 4550 2227 4605 ρας
2258 4527 2359 4584 οὐκ
2388 4525 2661 4583 ὠνείδισεν
2692 4527 2840 4599 ἡμᾶς
2865 4524 2990 4602 περὶ
3020 4529 3117 4581 τοῦ
3166 4524 3335 4600 λόγου
3384 4525 3614 4599 τούτου,
3650 4527 3792 4583 ἀλλὰ

375 4622 461 4679 xit
494 4638 599 4679 nos
629 4624 695 4677 ut
724 4620 981 4677 animam
1016 4624 1273 4689 suam,et
1298 4638 1477 4693 supra
1506 4620 1657 4677 filios
1687 4638 1826 4678 suos
1856 4621 2026 4695 glori-

385 4711 578 4768 ficavit
603 4728 710 4767 nos
738 4729 751 4779 ;
785 4714 842 4767 et
872 4710 1125 4777 divitias,
1158 4714 1215 4765 et
1235 4726 1462 4783 pecora,
1493 4714 1551 4767 et
1583 4710 1806 4766 fructus
1836 4710 2025 4766 omni-

386 4801 498 4856 bus
528 4801 696 4856 nobis
727 4799 971 4875 largitus
1004 4804 1109 4855 est.
1133 4799 1202 4855 Et
1232 4817 1331 4855 vos
1361 4798 1628 4872 ergo,filii
1662 4799 1774 4854 mei
1807 4799 2025 4866 dilecti,

387 4888 609 4961 diligite
640 4889 1048 4961 unusquisque
1080 4889 1315 4945 fratrem
1345 4905 1517 4945 suum
1551 4888 1612 4945 in
1644 4888 1795 4945 bono
1834 4889 2027 4960 corde,

387 4981 445 5034 et
474 4983 736 5034 amovete
767 4995 799 5033 a
824 4977 987 5033 vobis
1018 4977 1292 5050 spiritum
1323 4977 1575 5046 invidias,
1610 4978 1888 5051 quoniam
1920 4977 2031 5034 iste

388 5070 675 5141 agrestem
727 5066 863 5122 facit
905 5066 1183 5133 animam,
1217 5072 1273 5122 et
1320 5065 1645 5140 corrumpit
1690 5083 1921 5139 corpus,
1968 5067 2029 5123 in

388 5156 535 5212 iram
566 5161 623 5211 et
673 5154 891 5211 bellum
924 5155 1094 5210 vertit
1123 5154 1458 5222 consilium,
1491 5159 1548 5211 et
1578 5155 1637 5211 in
1683 5156 2030 5229 sanguinem

390 5246 621 5317 (caedes)
670 5244 922 5309 exacuit,
953 5248 1009 5298 et
1056 5246 1112 5297 in
1145 5243 1402 5299 exstasin
1454 5244 1616 5300 ducit
1662 5250 1943 5315 mentem,
1974 5248 2034 5300 et

388 5351 501 5390 non
536 5332 676 5389 sinit
705 5331 1062 5388 intellectum
1096 5331 1155 5387 in
1188 5331 1524 5387 hominibus
1555 5332 1781 5405 operari
1808 5334 1941 5401 ;sed
1974 5338 2034 5390 et

461 5494 571 5567 (8_5)
604 5492 702 5545 Καὶ
733 5490 1243 5567 ,νοῦ-καταγινώσὶιει
1309 5494 1417 5545 τῶν
1486 5490 1843 5567 ἀγαπώντων.
1892 5497 2031 5567 Συγ-

387 5562 639 5637 γινῴσκει
665 5566 781 5624 τοῖς
814 5562 1111 5637 ἀγαπῶσιν..
1145 5562 1327 5618 GRAB.

462 5634 575 5703 (86)
623 5629 963 5694 Ἐννοοῦντες
1049 5632 1139 5687 τὸν
1209 5629 1586 5709 πατράδελφον
1653 5632 1824 5705 ὑμῶν.
1902 5634 2030 5691 Haec

2142 4616 2431 4696 ἠγάπησεν
2468 4617 2618 4690 ἡμᾶς
2648 4614 2722 4678 ὡς
2780 4613 2880 4683 τὴν
2917 4615 3102 4691 ψυχὴν
3159 4612 3346 4685 αὑτοῦ,
3377 4612 3467 4668 καὶ
3503 4615 3645 4692 ὑπὲρ
3676 4618 3796 4675 τοὺς

2135 4706 2287 4771 υἱοὺς
2329 4705 2493 4761 αὐτοῦ
2543 4700 2785 4775 ἐδόξασεν
2829 4704 3001 4774 ἡμᾶς,
3031 4701 3121 4757 καὶ
3171 4700 3428 4776 πλοῦτον⁴
3454 4704 3547 4758 καὶ
3596 4708 3787 4777 κτήνη,

2135 4797 2225 4853 καὶ
2280 4793 2522 4872 καρποὺς
2580 4792 2872 4869 ἐχαρίσατο
2923 4798 3082 4847 πᾶσιν
3136 4794 3293 4865 ἡμῖν.
3326 4792 3425 4846 Καὶ
3460 4793 3626 4865 ὑμεῖς
3684 4793 3788 4861 οὖν,

2135 4885 2295 4943 τέκνα
2327 4905 2431 4959 μου
2477 4881 2749 4961 ἀγαπητὰ,
2784 4881 3100 4959 ἀγαπήσατε
3141 4878 3363 4943 ἕκαστος
3407 4882 3502 4937 τὸν
3556 4881 3788 4961 ἄδελφότ

2138 4974 2303 5031 αὐτοῦ
2358 4972 2409 5028 ἐν
2467 4971 2645 5048 ἀγαθῇ
2691 4968 2909 5045 καρδίᾳ,
2964 4969 3053 5026 καὶ
3109 4969 3450 5040 ἀποστήσατε
3498 4972 3595 5049 ἀφ’
3649 4974 3788 5046 ὑμῶν

2136 5064 2201 5120 τὸ
2227 5066 2443 5137 πνεῦμα
2476 5064 2573 5117 τοῦ
2611 5058 2829 5139 φθόνου,
2863 5057 2946 5116 ὅτι
2994 5059 3181 5136 ἀγριοῖ
3222 5063 3381 5116 τοῦτο
3427 5062 3530 5132 τὴν
3586 5064 3787 5137 ψυχῆν,

2140 5152 2229 5209 καὶ
2260 5151 2462 5232 φθείρει
2490 5149 2555 5207 τὸ
2597 5154 2777 5224 σῶμα,
2809 5148 2978 5226 ὀργὴν
3028 5148 3119 5203 καὶ
3163 5146 3408 5223 πόλεμον
3454 5150 3694 5228 παρέχει
3734 5152 3785 5205 τὸ

2143 5237 2456 5297 διαὸούλιον
2492 5241 2625 5313 (87),
2659 5236 2749 5293 καί
2808 5238 2883 5300 εἷς
2938 5236 3142 5311 α’ίματα
3196 5238 3511 5313 παροξύνει,
3567 5241 3663 5294 καὶ
3720 5237 3782 5298 :3;

2142 5328 2383 5385 ἔκστασιν
2434 5326 2554 5404 ἄγει
2604 5326 2734 5397 τὴν
2768 5323 3029 5394 διάνοιαν,
3060 5324 3151 5380 καὶ
3210 5325 3307 5381 οὐκ
3364 5326 3423 5398 ἐᾷ
3449 5329 3555 5398 τήν
3588 5330 3777 5384 crium

2141 5490 2362 5547 omissa
2391 5492 2529 5544 sunt
2558 5488 2616 5543 in
2650 5504 2760 5544 ms.
2795 5488 2923 5543 cod.
2956 5487 3138 5543 Oxon.
3170 5488 3248 5542 In.

2212 5562 2324 5634 (87)
2353 5559 2424 5614 T6
2456 5552 2792 5615 διαϐούλιον.
2823 5561 2910 5629 Τῷ
2941 5554 3260 5630 διαοουλίῳ.
3297 5558 3376 5616 In.
