4014 6226
334 272 486 335 1031

1315 282 1836 345 TES'l‘AMENTA
1887 285 1993 347 ΧΙΙ
2038 287 2534 349 PATRIARCHA
2551 289 2741 351 RUM.

3581 286 3740 345 1052

329 405 470 462 coelo
501 409 608 474 est,
642 424 675 462 a
704 406 875 464 bello.
906 410 1069 465 Tunc
1099 411 1231 466 Sem
1263 411 1704 485 glorificabitur,
1736 420 1972 488 quando

2098 424 2225 473 πᾶσα
2276 422 2311 489 ἡ
2364 422 2435 495 γῆ
2476 417 2583 474 ἀπὸ
2626 426 2899 496 ταραχῆς,
2946 418 3036 473 καὶ
3084 420 3228 473 πᾶσα
3274 420 3309 487 ἡ
3372 418 3460 473 ὑπ’
3508 416 3735 493 ούρανὸν

325 495 611 552 Dominus
641 497 794 552 Deus
828 500 1071 570 Magnus
1106 501 1280 555 Israel
1312 504 1615 575 apparebit
1644 505 1703 560 in
1734 511 1886 561 terra
1912 512 1973 561 ut

326 584 521 655 homo,
555 588 611 640 et
642 585 889 641 salvabit
932 587 990 642 in
1040 588 1167 659 ipso
1197 591 1402 645 Adam.
1458 593 1624 649 Tunc
1676 595 1974 650 dabuntur

324 690 528 729 omnes
558 674 801 745 spiritus
833 678 1047 732 erroris
1079 678 1137 732 in
1170 679 1759 750 conculcationem,et
1788 684 1972 739 homi-

320 779 424 818 nes
456 764 784 835 regnabunt
809 782 987 836 super
1014 768 1373 837 perniciosos
1398 770 1659 841 spiritus.
1695 774 1858 828 Tunc
1889 791 1973 829 re-

323 868 563 923 surgam
592 852 651 907 in
680 852 898 921 laztitia,
932 860 986 909 et
1014 855 1357 912 benedicam
1389 858 1690 915 Altissimo
1712 861 1770 915 in
1795 862 1971 917 mira-

321 940 538 996 bilibus
566 943 754 1013 ipsius
792 964 806 1012 ;
838 944 1115 1014 quoniam
1146 946 1300 1001 Deus
1330 964 1539 1019 corpus
1572 957 1974 1018 assumens,et

327 1031 639 1088 comedens
667 1048 798 1087 cum
834 1033 1191 1105 hominibus,
1222 1035 1464 1093 salvavit
1494 1054 1612 1095 eos.

393 1301 517 1356 VII.
551 1323 579 1350 ‹‹
613 1302 681 1357 Et
711 1318 888 1369 nunc,
912 1302 1073 1359 ﬁlioli
1098 1304 1231 1371 mei,
1256 1306 1483 1377 opedite
1505 1308 1722 1375 Levi,et
1742 1309 1799 1365 in
1822 1312 1972 1367 Iuda

323 1388 753 1458 liberabimini;
806 1395 861 1447 et
891 1409 963 1447 ne
992 1393 1313 1448 efferamini
1365 1412 1542 1467 super
1584 1398 1730 1453 duas
1780 1400 1970 1456 tribus

325 1479 454 1548 has,
485 1480 760 1549 quoniam
794 1497 861 1535 ex
891 1477 1034 1551 ipsis
1066 1482 1286 1537 orietur
1314 1485 1483 1540 vobis
1513 1485 1678 1542 salus
1708 1488 1971 1544 Dei.Sus-

328 1568 535 1624 citabit
565 1570 722 1625 enim
773 1570 1058 1626 Dominus
1106 1587 1174 1626 ex
1222 1573 1351 1629 Levi
1400 1575 1755 1646 pontiﬁcem,
1805 1582 1862 1633 et
1903 1595 1971 1634 ex

326 1658 483 1714 Juda
513 1663 916 1731 regem,Deum
948 1665 1006 1715 et
1036 1660 1469 1718 hominem.Hic
1491 1664 1738 1721 salvabit
1767 1684 1971 1725 omnes

329 1751 549 1820 gentes,
581 1751 639 1803 et
668 1764 854 1819 genus
886 1749 1081 1804 Israel.
1118 1753 1362 1822 Propter
1390 1752 1498 1808 hoc
1529 1755 1725 1810 omnia
1756 1758 1969 1813 mando

329 1837 584 1907 vobis,ut
614 1841 670 1892 et
694 1854 795 1893 vos
818 1839 1108 1895 mandetis
1130 1838 1269 1897 ﬁliis
1290 1842 1519 1911 vestris,
1546 1848 1612 1900 ut
1637 1846 1971 1904 custodiant

324 1924 427 1982 illa
455 1926 514 1982 in
545 1928 947 1999 generationes
978 1943 1200 1985 eorum.
1233 1952 1263 1981 ››

396 2102 551 2158 VIII.
582 2105 653 2159 Et
682 2104 915 2162 Simeon
967 2108 1401 2164 consummavit
1448 2126 1770 2180 sermones,
1822 2129 1971 2184 quos

327 2192 627 2248 mandavit
655 2192 792 2249 filiis
814 2195 1023 2261 suis,et
1055 2196 1329 2252 dormivit
1358 2214 1491 2253 cum
1525 2200 1791 2271 patribus
1823 2201 1968 2271 suis,

328 2298 464 2337 cum
497 2287 650 2338 esset
669 2288 905 2339 centum
937 2288 993 2340 et
1013 2285 1219 2358 viginti
1241 2293 1627 2344 annorum.Et
1648 2295 1974 2362 posuerunt

330 2387 465 2428 eum
498 2371 557 2426 in
588 2371 817 2428 thecam
850 2373 1144 2445 lignorum
1167 2392 1281 2431 non
1308 2379 1867 2448 putrescentium,ut
1890 2396 1974 2435 re-

330 2460 611 2516 ducerent
650 2478 783 2517 ossa
824 2463 952 2533 ejus
997 2462 1054 2518 in
1109 2465 1355 2519 Hebron.
1406 2466 1475 2521 Et
1521 2468 1877 2525 reduxerunt
1907 2486 1975 2525 ea

329 2548 478 2605 clam
500 2549 561 2604 in
588 2548 740 2605 bello
762 2551 1185 2623 Egyptiorum.
1203 2553 1349 2610 Ossa
1370 2555 1522 2609 enim
1545 2554 1760 2629 Joseph
1785 2563 1977 2614 custo-

329 2637 568 2693 diebant
594 2640 845 2711 {Egyptii
878 2640 938 2695 in
973 2642 1193 2697 aerariis
1243 2660 1468 2716 regum.
1501 2644 1785 2702 Dicebant
1817 2647 1974 2702 enim

329 2726 415 2784 eis
446 2728 866 2795 incantatores,
900 2731 1052 2801 quod
1086 2730 1133 2786 si
1166 2732 1542 2802 deportentur
1575 2752 1709 2791 ossa
1735 2736 1975 2809 Joseph,

334 2816 525 2871 forent
551 2815 608 2870 in
642 2817 801 2871 omni
835 2822 1074 2891 Egypto
1105 2820 1360 2878 tenebrae
1406 2827 1464 2877 et
1502 2823 1686 2897 caligo
1719 2828 1777 2880 et
1804 2825 1979 2899 plaga

339 2920 554 2975 magna
581 2904 748 2959 valde
772 2905 1074 2979 Egyptiis,
1099 2912 1164 2963 ut
1185 2926 1316 2964 cum
1346 2908 1586 2967 lucerna
1607 2929 1838 2985 quoque
1861 2932 1977 2971 non

340 2996 652 3064 cognoscat
680 2995 1090 3067 unusquisque
1120 2996 1354 3054 fratrem
1387 3016 1586 3056 suum.

408 3085 508 3135 IX.
542 3083 611 3137 Et
633 3082 915 3139 ﬂeverunt
936 3084 1042 3139 filii
1073 3085 1304 3142 Simeon
1329 3093 1554 3160 patrem
1577 3107 1752 3147 suum
1779 3109 1985 3150 secun-

2082 508 2186 562 ἀπὸ
2236 508 2507 581 πολέμου.
2556 508 2703 563 Τότε·
2750 510 2881 580 Σήμ
2912 506 3379 578 ἐνδοξασθήσεται,
3414 506 3503 560 ὅτε
3536 506 3734 579 Κύριος

2083 598 2110 651 δ
2169 598 2297 659 Θεὸς
2363 598 2524 673 μέγας
2573 602 2670 651 τοῦ
2730 595 2953 672 Ἰσραὴλ
3004 596 3330 674 φαινόμενος
3364 594 3451 649 ἐπὶ
3482 601 3590 669 γῆς
3622 597 3735 668 (93)

2082 686 2155 748 ὡς
2200 686 2479 762 ἄνθρωπος
2528 687 2661 759 (94),
2728 684 2819 739 καὶ
2868 686 3057 753 σώζων
3111 684 3161 738 ἐν
3218 684 3364 755 αὐτῷ
3406 684 3498 737 τὸν
3534 680 3733 754 ’Δδάμ.

2080 774 2213 829 Τότε
2261 772 2582 845 δοθήσονται
2635 773 2808 828 πάντα
2863 773 2930 827 τὰ
2966 771 3249 844 πνεύματα
3275 779 3377 840 τῆς
3408 768 3626 841 πλάνης
3660 770 3735 830 εἷς

2079 866 2472 933 καταπάτησιν,
2523 864 2613 919 καὶ
2660 864 2715 917 οἱ
2766 862 3044 939 ἅνθρωποι
3082 860 3463 937 βασιλεύσουσι
3490 865 3601 913 τῶν
3634 881 3736 913 πο-

2078 958 2256 1029 νηρῶν
2310 951 2815 1026 πνευμάτωνσΐότε
2858 951 3235 1022 ἀναστήσομαι
3292 950 3343 1004 ἐν
3411 948 3739 1027 εὐφροσύνῃ,

2079 1041 2169 1098 καί
2215 1042 2503 1117 εὐλογήσω
2549 1042 2642 1097 τὸν
2694 1044 2948 1115 Ὕψιστον
2992 1040 3043 1095 ἐν
3094 1042 3207 1113 (95)
3247 1044 3367 1100 τοῖς
3414 1037 3741 1109 θαυμασίοις

2079 1132 2242 1187 αὐτοῦ
2275 1151 2287 1163 ⁸
2322 1132 2405 1186 ὅτι
2440 1133 2467 1187 ὁ
2497 1130 2625 1194 Θεὺς
2658 1135 2817 1205 σῶμα
2848 1124 3056 1204 λαϐὼν,
3089 1128 3179 1184 xui
3210 1128 3497 1183 συνεσθίων
3530 1126 3743 1199 ἀνθρώ-

2079 1243 2223 1295 ποις,
2254 1220 2448 1277 ἔσωσεν
2481 1219 2699 1284 αὐτούς.

2151 1312 2219 1368 Ζ“.
2275 1334 2302 1365 α
2350 1311 2447 1365 Καὶ
2496 1315 2613 1380 νῦν,
2660 1307 2846 1365 τεκνία
2896 1329 3023 1382 μου,
3077 1306 3371 1362 ὑπακούετε
3421 1302 3578 1371 Aeni,
3644 1302 3740 1357 xui

2081 1399 2133 1455 ἐν
2193 1398 2372 1471 Ἰούδᾳ
2429 1399 2860 1474 λυτρωθήσεσθε·
2921 1396 3012 1452 καὶ
3070 1398 3146 1469 μὴ
3205 1395 3485 1470 ἐπαίρεσθε
3518 1394 3741 1454 Exitu:

2080 1488 2175 1545 δύο
2226 1488 2401 1567 φυλὰς
2451 1488 2671 1557 ταύτας,
2726 1486 2807 1543 ὅτι
2853 1488 2911 1556 ἐζ
2956 1486 3132 1541 αὐτῶν
3177 1484 3426 1539 ἀνατελεῖ
3491 1484 3622 1556 ὑμῖν
3675 1483 3741 1536 τὸ

2080 1581 2350 1655 σωτήριον
2397 1583 2494 1634 τοῦ
2552 1582 2706 1634 Θεοῦ.
2763 1578 3074 1646 Ἀναστήσει
3130 1574 3231 1651 γὰρ
3284 1570 3487 1649 Κύριος
3541 1572 3607 1627 ἐκ
3641 1577 3743 1627 τοῦ

2080 1668 2211 1722 Aeni
2286 1667 2565 1742 ἀρχιερέα,
2643 1665 2734 1721 xui
2805 1664 2864 1719 ἐκ
2917 1669 3012 1719 τοῦ
3073 1660 3250 1721 Ἰούδα
3311 1660 3544 1738 βασιλέα
3603 1664 3745 1734 (96),

2080 1756 2207 1811 Θεὸν
2265 1756 2354 1810 καὶ
2404 1756 2709 1831 ἄνθρωπον.
2762 1752 2931 1816 Οὗτος
2978 1752 3137 1807 σώσει
3169 1755 3343 1807 πάντα
3370 1752 3437 1805 τὰ
3468 1749 3621 1821 ἔθνη,
3652 1750 3745 1804 καὶ

2078 1843 2140 1901 τὰ
2191 1845 2347 1921 γένος
2396 1849 2502 1899 τῶν
2550 1844 2795 1920 Ἰσραήλ.
2848 1843 2948 1897 Διά
2984 1840 3146 1897 τοῧτο
3202 1843 3377 1895 πάντα
3405 1842 3523 1913 (97)
3558 1837 3743 1893 ἐντελ-

2080 1931 2250 2007 λομαι
2312 1934 2461 2007 ὑμῖν,
2515 1930 2604 1987 ’ἶνα
2656 1932 2748 1987 καὶ
2801 1932 2956 2005 ὑμεῖς
3014 1928 3328 2001 ὲντείλησθε
3372 1934 3494 1990 τοῖς
3522 1929 3746 1988 τεκνοις

2080 2022 2257 2097 ὐμῶν,
2290 2021 2439 2085 ὅπως
2472 2020 2778 2100 φυλάξωσιν
2812 2021 2948 2076 αὐτὰ
2978 2020 3054 2083 εἷς
3088 2020 3186 2082 τὰς
3237 2018 3422 2095 γενεὰς
3472 2016 3681 2071 αύτῶν.
3718 2042 3746 2065 n

2153 2114 2233 2170 ΗΣ
2316 2111 2418 2168 Καὶ
2494 2110 2776 2167 συντέλεσε
2852 2110 3079 2183 Συμεὼν
3155 2106 3549 2180 ἐντελλόμενος
3627 2110 3745 2166 τοῖς

2082 2204 2223 2264 υἱοῖς
2272 2199 2460 2269 αύτοῦ,
2506 2200 2597 2255 καὶ
2644 2198 2914 2274 ἐκοιμήθη
2961 2198 3228 2272 μετὰτῶν
3261 2195 3514 2269 πατάρων
3550 2194 3742 2265 αὐτοῦ,

2083 2290 2215 2346 ἐτῶν
2251 2291 2331 2364 ρκ’
2362 2290 2460 2344 Καὶ
2491 2284 2687 2359 ἔθηκαν
2721 2287 2879 2343 αὐτὸν
2938 2286 2990 2341 ἐν
3037 2288 3178 2359 θήκῃ
3224 2283 3398 2357 ξύλων
3452 2285 3741 2354 ἀσήπτων,

2079 2385 2177 2436 τοῦ
2232 2381 2514 2454 ἀναγαγεῖν
2565 2378 2632 2432 τὰ
2684 2377 2816 2432 ὀστᾶ
2864 2375 3028 2431 αύτοῦ
3078 2374 3128 2430 ἐν
3181 2368 3410 2449 Χεὸρόν.
3466 2371 3574 2430 Καῖ
3608 2373 3741 2443 ἀνή-

2082 2490 2270 2546 νεγκαν
2322 2467 2455 2522 αὐτὰ
2502 2466 2552 2521 ἐν
2599 2466 2833 2539 πολέμῳ
2884 2464 3197 2540 Αἰγυπτίων
3251 2466 3454 2539 κρυφῇ.
3508 2462 3589 2516 Τὰ
3639 2462 3741 2538 γὰρ

2087 2558 2219 2613 ὀστᾶ
2268 2557 2469 2632 Ἰωσὴφ
2526 2554 2821 2634 ἐφύλαττον
2868 2555 2921 2609 οἱ
2992 2550 3287 2628 Αἰγύπτιοι
3358 2551 3407 2606 ἐν
3465 2557 3590 2613 τοῖς
3649 2572 3746 2605 τα-

2089 2646 2262 2721 μείοις
2319 2647 2431 2719 (98)
2487 2649 2593 2699 τῶν
2655 2642 2944 2719 βασιλέων·
3004 2640 3231 2716 ’Ἔλεγον
3290 2642 3391 2715 γὰρ
3438 2640 3635 2701 αὐτοῖς
3695 2639 3748 2692 οἱ

2086 2733 2353 2808 ἐπαοιδοί,
2394 2732 2478 2789 ὅτι
2528 2733 2576 2788 ἐν
2636 2729 2803 2806 ἐξόδῳ
2850 2732 3048 2786 ὀστέων
3098 2732 3300 2808 Ἰωσὴφ
3331 2728 3480 2785 ἔσται
3516 2729 3573 2784 ἐν
3602 2731 3749 2801 πάσῃ

2084 2828 2153 2900 τῇ
2200 2827 2274 2900 γῇ
2324 2821 2602 2899 Αἰγύπτου
2644 2820 2858 2892 σκότος,
2902 2821 2992 2876 καὶ
3039 2817 3229 2895 πληγὴ
3288 2817 3503 2894 μεγάλη
3540 2815 3753 2895 σφόδρα

2085 2920 2202 2977 τοῖς
2254 2911 2598 2989 Αἰγυπτίοις,
2647 2909 2787 2966 ὥστε
2840 2911 2975 2984 μετᾶ
3006 2908 3215 2985 λύχνου
3253 2909 3326 2982 μή
3362 2906 3749 2983 ἐπιγινώσκειν

2088 2999 2309 3065 ἕκαστος
2338 3003 2427 3057 τὸν
2458 2998 2691 3077 ἀδελφὸν
2724 3000 2911 3057 αὐτοῦ.

2163 3094 2237 3149 6‘.
2290 3092 2413 3163 Καὶ;
2434 3090 2697 3147 ἔκλαυσαν
2754 3089 2864 3144 υἱοὶ
2908 3088 3134 3161 Συμεὼν
3185 3086 3276 3142 τὸν
3326 3087 3535 3159 πατέρα
3568 3084 3748 3140 α’ἶιτῶν

339 3171 482 3225 dum
511 3169 698 3242 legem
726 3172 1010 3241 tristitias;
1046 3179 1103 3230 et
1132 3182 1299 3233 erant
1329 3177 1389 3232 in
1420 3180 1660 3252 lEgypto
1689 3198 1877 3253 usque
1907 3184 1979 3240 ad

2098 3181 2229 3237 κατά
2272 3183 2362 3237 τὸν
2402 3180 2572 3255 νόμον
2621 3184 2720 3234 τοῦ
2762 3177 2991 3240 πένθους
3016 3197 3028 3210 ·
3078 3175 3168 3232 καὶ
3197 3177 3330 3246 ἦσαν
3358 3175 3433 3238 εἷς
3466 3176 3745 3251 Αἱγδπτον

337 3258 462 3316 dies
493 3260 683 3315 exitus
718 3277 919 3318 eorum
949 3263 1023 3318 ab
1050 3265 1290 3337 Aﬁgypto
1321 3266 1379 3321 in
1412 3284 1590 3323 manu
1617 3271 1852 3343 Moysis.

982 3442 1213 3498 CAPUT
1243 3446 1338 3499 III.

472 3528 868 3583 Tectum-nium
899 3531 1048 3599 Levi,
1075 3532 1141 3586 de
1168 3535 1474 3590 sacerdotio
1498 3540 1549 3591 et
1577 3539 1854 3610 superbia.

416 3619 460 3671 Ι.
487 3617 934 3689 Transcriptum
954 3622 1263 3677 verborum
1295 3623 1445 3693 Levi,
1473 3641 1836 3699 quaecunque
1866 3628 1986 3683 dis-

346 3706 543 3778 posuit
570 3706 707 3763 filiis
737 3707 883 3778 suis,
917 3713 1242 3766 secundum
1274 3714 1473 3768 omnia
1511 3732 1636 3787 quin
1667 3717 1900 3784 facient,
1934 3721 1989 3772 et

345 3812 708 3867 quaecunque
740 3797 1080 3869 contingent
1128 3800 1211 3855 eis
1240 3819 1426 3873 usque
1473 3805 1545 3859 ad
1577 3806 1728 3861 diem
1753 3807 1987 3877 judicii.

346 3884 538 3940 Sanus
568 3888 950 3955 erat,quando
975 3889 1196 3944 vocavit
1228 3907 1325 3947 eos
1356 3893 1427 3946 ad
1459 3893 1719 3965 seipsum
1754 3896 1992 3967 :prrevi-

347 3974 523 4028 debat
552 3973 707 4028 enim
742 3976 896 4045 quod
931 3977 1253 4033 moriturus
1278 3984 1420 4035 erat.
1454 3985 1597 4038 Cum
1630 3988 1825 4039 autem
1861 4002 1993 4041 con-

350 4062 576 4135 gregati
607 4068 824 4132 essent,
856 4064 1001 4120 dixit
1032 4068 1115 4121 eis
1149 4084 1161 4123 :

424 4151 497 4218 II,
533 4173 561 4200 ‹‹
594 4152 711 4223 Ego
736 4151 866 4207 Levi
886 4152 943 4206 in
965 4153 1222 4211 Charran
1249 4162 1562 4231 conceptus
1586 4165 1803 4229 sum,et
1823 4166 1995 4219 natus

351 4236 473 4293 illic
501 4256 514 4299 ;
550 4243 605 4294 et
633 4244 766 4309 post
794 4240 916 4296 haec
938 4242 1066 4298 veni
1098 4259 1232 4299 cum
1263 4250 1426 4317 patre
1457 4247 1514 4302 in
1545 4248 1996 4307 Sichima.Eram

355 4328 710 4400 verojunior
739 4331 910 4401 quasi
934 4348 1223 4389 annorum
1245 4334 1712 4409 viginti,quando
1736 4340 1841 4394 feci
1864 4357 1998 4396 cum

356 4416 624 4474 Simeone
652 4418 971 4477 vindictam
1003 4422 1220 4478 sororis
1244 4432 1454 4481 nostra:
1476 4426 1632 4483 Dina
1657 4428 1726 4482 de
1740 4428 1998 4485 Emmor.

2090 3268 2195 3333 ἕως
2227 3270 2437 3347 ἡμέρας
2494 3266 2679 3340 ἐξόδου
2717 3267 2891 3323 αὐτῶν
2925 3266 3014 3322 ἀπ’
3046 3267 3155 3341 (99)
3184 3264 3467 3341 Αἰγύπτου
3500 3263 3552 3319 ἐν
3596 3262 3748 3339 χειρέ

2093 3363 2332 3418 Μωυσοῦ
2354 3360 2526 3434 (100).

2677 3447 3034 3503 ΚΕΦΑΛΙΟΝ
3068 3445 3142 3499 Γ’.

2190 3540 2428 3609 Διαθήκη
2463 3535 2615 3607 Aeni,
2647 3536 2771 3612 περὶ
2803 3535 3100 3611 ἱερωσύνης
3131 3533 3219 3589 καὶ
3253 3530 3648 3609 ὑπερηφανίας.

2169 3630 2246 3684 Δ“.
2278 3625 2633 3704 Ἀντίγραφον
2668 3624 2849 3701 λόγων
2880 3623 3030 3695 Λευΐ,
3063 3622 3161 3678 ὅσα
3191 3620 3396 3677 διέθετο
3442 3627 3561 3683 τοῖς
3612 3622 3753 3681 υἱοῖς

2097 3716 2280 3789 αὐτοῦ,
2314 3716 2451 3771 κατά
2506 3716 2679 3770 πάντα
2737 3714 2771 3768 ἃ
2800 3716 3113 3784 ποιήσουσι,
3143 3712 3234 3767 καὶ
3281 3711 3383 3767 ὅσα
3430 3713 3753 3780 συναντήσει

2098 3807 2280 3867 αὐτοῖς
2317 3803 2425 3867 ἕως
2474 3804 2683 3880 ἡμέρας
2734 3803 2983 3878 κρίσεως.
3030 3801 3303 3877 Ὺγιαίνων
3354 3801 3442 3871 ἦν,
3486 3800 3581 3854 ’ὀτε
3630 3800 3753 3852 ἐκάη

2101 3895 2251 3951 λεσεν
2308 3892 2501 3955 αὐτοὺς
2558 3894 2695 3967 πρὸς
2762 3891 2984 3947 ἑαυτόν·
3064 3890 3217 3969 ὤφθη
3276 3891 3377 3965 γὰρ
3437 3887 3608 3960 αὐτῷ.
3668 3889 3752 3942 ὅτι

2106 3983 2297 4060 μέλλει
2331 3985 2713 4055 ἀποθνήσκειν.
2760 3985 2885 4036 "Ore
2916 3978 2973 4036 δὲ
3018 3982 3386 4056 συνήχθησαν,
3446 3979 3564 4033 εἶπε
3616 3980 3752 4053 πρὸς

2101 4072 2316 4135 αὐτούς.

2176 4164 2253 4219 Β“.
2289 4186 2316 4213 ‹‹
2368 4163 2509 4237 Ἐγὼ
2564 4161 2695 4216 Λευῖ
2738 4159 2788 4215 ἐν
2841 4158 3051 4236 Χαρῥδιν
3100 4155 3468 4233 σῦνελήφθην,
3516 4157 3610 4211 καὶ
3642 4157 3757 4211 ἓτε-

2106 4253 2246 4327 χθην
2308 4250 2436 4323 ἐκεῖ,
2493 4249 2581 4305 καὶ
2618 4250 2751 4323 μετὰ
2804 4253 2971 4303 ταῦτα
3025 4246 3193 4317 ἦλθον
3247 4246 3337 4301 σὺν
3367 4251 3447 4317 τῷ
3478 4247 3647 4322 πατρῖ
3681 4246 3758 4306 εἷς

2110 4340 2349 4414 Σίκημα.
2399 4342 2584 4413 ’Ήμην
2637 4336 2694 4394 δὲ
2740 4338 3022 4414 νεώτερος,
3071 4336 3199 4391 ὡσεὶ
3243 4338 3321 4409 (1)
3373 4335 3509 4389 ἐτῶν
3566 4338 3642 4403 κ’,
3673 4336 3761 4389 ὅτε

2109 4429 2339 4500 ἐποίησα
2398 4430 2531 4502 μετὰ
2588 4428 2813 4501 Συμεὼν
2869 4428 2967 4495 τὴν
3024 4422 3297 4493 ἐκδίκησιν
3349 4431 3452 4493 τῆς
3514 4421 3761 4501 ἀδελφῆς

354 4512 420 4562 ut
450 4511 644 4563 autem
668 4509 936 4580 pavimus
958 4527 1164 4584 greges
1187 4514 1245 4568 in
1266 4514 1594 4584 Abelmaul,
1638 4516 1890 4589 Spiritus
1912 4520 1971 4574 in

2107 4521 2267 4591 ἡμῶν
2303 4518 2453 4579 Δίνας
2508 4517 2612 4572 ἀπὸ
2640 4521 2736 4571 τοῦ
2768 4516 3017 4589 Ἐμμώρ.
3049 4516 3135 4575 Ὠς
3168 4511 3225 4568 δὲ
3256 4512 3653 4585 ἐποιμαίνομεν
3685 4515 3759 4581 (2)

354 4595 620 4653 tellectus
650 4598 880 4654 Domini
915 4602 1073 4657 venit
1103 4620 1279 4674 super
1302 4609 1480 4675 me,et
1503 4606 1769 4662 videbam
1794 4624 1997 4663 omnes

356 4684 625 4742 homines
675 4688 1034 4745 occultantes
1064 4691 1218 4747 viam
1251 4709 1442 4761 suam,
1489 4698 1545 4749 et
1592 4696 1747 4766 quod
1799 4712 1998 4751 muros

354 4773 662 4831 aediﬁcavit
690 4777 800 4832 sibi
833 4778 945 4849 ipsi
976 4779 1266 4850 injustitia
1294 4782 1335 4849 ⁷,
1367 4786 1424 4838 et
1452 4799 1630 4856 super
1658 4788 1849 4841 turres
1880 4784 1998 4840 ini-

428 4947 447 4982 ⁷
480 4945 630 5004 Psal.
664 4964 775 5015 LIV,
810 4948 896 5016 11,
932 4948 1020 5005 12.

428 5122 542 5195 (93)
617 5116 983 5195 Φαινόμενος⁸
1014 5116 1100 5171 ἐπὶ
1158 5124 1321 5195 vict
1346 5119 1421 5182 ὡς
1448 5120 1762 5195 -ἄνθρωπος
1791 5163 1803 5177 .
1864 5125 2000 5189 Quae

356 5190 452 5251 hic
483 5200 540 5249 et
571 5191 742 5265 paulo
772 5190 921 5263 post,
953 5190 1023 5246 de
1055 5190 1267 5264 magno
1299 5193 1412 5248 Deo
1440 5193 1504 5265 in
1537 5190 1721 5250 ferma
1746 5196 2002 5254 hominis

357 5283 535 5338 super
561 5264 778 5338 terram
812 5268 1136 5338 apparente
1173 5268 1230 5338 et
1275 5280 1405 5319 cum
1436 5264 1775 5338 hominibus
1805 5284 2002 5324 come-

360 5335 529 5395 denle
558 5337 856 5405 dicuntur,
881 5351 997 5389 non
1028 5335 1234 5407 Judaei,
1269 5338 1370 5391 sed
1401 5337 1714 5395 Christiani
1744 5339 2003 5397 hominis

361 5413 502 5467 sunt
528 5409 721 5464 verba.
755 5412 934 5462 GRAB.

437 5483 549 5551 (94)
575 5486 660 5540 Ὡς
694 5477 1236 5552 aivopemoqﬂmissa
1264 5482 1423 5535 sunt.
1456 5480 1539 5539 Id.

437 5552 548 5619 (95)
579 5556 687 5607 Ἐν.
722 5550 863 5608 Ἐπί.
898 5552 979 5606 In.

441 5622 553 5693 (96)
592 5621 909 5696 Ἀρχιερὲα,
959 5620 1047 5676 καὶ
1096 5620 1155 5675 ἐκ
1207 5622 1304 5674 τοῦ
1366 5619 1541 5676 Ἰούδα
1601 5620 1843 5697 βασιλέα,
1906 5630 2000 5699 Γρ.

2111 4609 2161 4663 ἐν
2225 4601 2596 4680 Ἀϐελμαοὺλ,
2653 4602 2865 4677 πνεῦμα
2923 4605 3181 4664 συνέσεως
3239 4602 3436 4676 Κυρίου
3476 4599 3651 4673 ἦλθεν
3683 4600 3762 4654 ἐπ’

2108 4696 2224 4769 ἐμὲ,
2282 4697 2371 4750 καὶ
2428 4696 2629 4757 πάντας
2688 4694 3003 4769 ἀνθρώπους
3056 4692 3240 4766 ἑώρων
3274 4690 3637 4769 ἀφανίζοντας
3668 4691 3763 4758 τὴν

2108 4785 2231 4842 ὁδὸν
2265 4786 2463 4857 αὐτῶν,
2496 4785 2585 4842 xui
2617 4784 2699 4840 ὅτι
2728 4783 2889 4860 τείχη
2925 4779 3279 4856 ᾠκοδόμησεν
3309 4781 3474 4855 ἑαυτῇ
3558 4780 3758 4851 ἀδικία,

2110 5117 2493 5199 ὡςᾲᾼρχιερὲα,
2527 5115 2602 5199 ὡξ
2632 5109 2882 5199 βασιλέα.
2918 5114 2999 5172 ID.

2201 5190 2525 5247 97ῩΠᾶντα.
2556 5190 2750 5243 Ταῦτα.
2783 5190 2867 5243 ID.

2202 5258 2293 5333 98)
2322 5260 2598 5333 Ταμείοις.
2630 5258 2930 5331 Ταμιείοις·
2962 5262 3041 5313 ID.

2202 5332 2294 5401 99)
2328 5332 2464 5389 Ἀπ’.
2500 5332 2603 5401 Ἐξ.
2639 5334 2722 5388 ID.

2209 5403 2331 5479 100)
2366 5407 2619 5479 Multiqu
2653 5409 2745 5477 Γρ.
2778 5407 3006 5479 Μωυσῆ.
3041 5403 3118 5457 ID.

2208 5482 2259 5551 1)
2290 5476 2434 5532 Ωσεί.
2470 5476 2790 5551 omissam2
2812 5478 2907 5551 711).

2207 5542 2262 5624 2)
2294 5547 2743 5621 Ἐποιμαίνομεν.
2776 5542 3141 5617 Έαοίμαινον.
3172 5542 3252 5598 ID.

2180 5196 2198 5405 ἓ

2277 5198 2294 5405 l

2181 5406 2201 5620 ἒ
