4014 6226
275 375 429 440 1053

1547 373 2146 446 TESTAMENTUM
2192 379 2398 443 LEVI.

3516 373 3673 440 1054

271 510 356 566 καὶ
405 509 495 566 ἐπὶ
546 507 786 586 πύργους
833 511 869 582 ἡ
921 509 1118 584 ἀνομία
1155 511 1420 580 κάθηται’
1469 512 1558 568 καὶ
1591 511 1910 586 ἐλυπούμην

2042 513 2217 587 {nitas
2248 513 2401 570 sedit
2424 516 2508 582 ;et
2535 513 2803 570 tristatus
2834 529 2967 569 sum
2999 512 3070 570 de
3100 526 3311 586 genere
3339 509 3674 585 hominum,

272 600 392 675 περὶ
440 604 538 655 τοῦ
585 598 767 676 γένους
816 605 922 656 τῶν
956 601 1277 677 ἀνθρώπων,
1310 602 1398 656 καὶ
1431 602 1673 675 εὐξάμην
1711 600 1915 677 Κυρίῳ,

275 688 422 751 ὅπως
478 691 657 745 σωθῶ.
701 689 832 744 Τότε
879 689 1128 745 ἐπέπεσεν
1179 690 1261 745 ἐπ’
1303 689 1399 762 ἐμὲ
1431 690 1614 759 ὕπνος,
1646 690 1734 745 καὶ
1768 689 1916 745 ἐθεα-

271 778 454 852 ’σάμην
511 776 636 852 ὅρος
681 777 890 850 ὑψηλόν
922 798 934 810 '
993 783 1154 833 τοῦτο
1195 778 1320 855 ὅρος
1353 776 1609 842 Ἀσπίδος
1643 779 1694 834 ἐν
1729 773 1921 836 Ἀϐελ-

283 865 460 940 μαούλ
662 866 765 924 Καὶ
823 864 941 920 ἰδοὺ
971 867 1323 943 ἀνεῴχθησαν
1353 868 1404 922 οἱ
1438 866 1676 939 οὐρανοὶ,
1707 867 1796 922 καὶ
1829 866 1923 942 ἅγ-

279 956 440 1031 γελος
491 955 688 1030 Κυρίου
738 954 854 1011 εἶπε
901 956 1035 1032 πρός
1065 976 1166 1030 με·
1219 981 1248 1008 ‹‹
1297 954 1446 1026 Λευί,
1491 955 1722 1021 εἳσελθε.
1769 981 1790 1008 ι
1825 955 1924 1012 Καὶ

282 1043 534 1114 εἰσῆλθον
587 1043 646 1099 ἐκ
690 1050 787 1099 τοῦ
836 1045 1055 1120 πρώτου
1103 1044 1332 1121 ούρανοῦ
1379 1045 1456 1107 εἷς
1500 1045 1593 1101 τὸν
1659 1042 1924 1122 δεύτερον,

279 1133 366 1189 καὶ
429 1131 570 1189 εἶδον
631 1133 740 1189 ἐκεῖ
797 1131 943 1211 ὕδωρ
999 1135 1339 1211 κρεμάμενον
1397 1134 1497 1188 ἀνὰ
1541 1135 1704 1207 μὲσον
1733 1132 1929 1189 τούτου

283 1221 546 1279 κάκείνου.
597 1222 695 1278 Καὶ
747 1220 885 1278 ε’ίδον
941 1225 1018 1296 (4)
1067 1221 1249 1299 τρίτον
1297 1222 1522 1300 οὐρανὸν
1557 1220 1702 1279 πολὺ
1733 1243 1930 1302 φωτει-

282 1311 495 1387 νότερον
545 1312 691 1387 παρά
731 1310 858 1374 τοὺς
909 1308 1042 1368 δύο·
1093 1313 1182 1367 καὶ
1231 1312 1334 1389 γὰρ
1383 1310 1515 1386 ὕψος
1555 1313 1621 1382 ἦν
1673 1311 1724 1367 ἐν
1786 1309 1934 1385 αὐτῷ

285 1401 529 1476 ἄπειρον.
564 1400 661 1454 Καὶ
693 1400 840 1455 εἶπον
872 1405 950 1473 τῷ
982 1399 1218 1477 ἀγγέλῳ·
1285 1423 1313 1456 ιι
1345 1400 1500 1456 Διατί
1531 1399 1738 1469 οὓτως;
1779 1425 1799 1451 ι
1833 1400 1932 1456 Καὶ

291 1489 434 1545 εἶπεν
465 1489 492 1544 6
544 1488 773 1565 ἄγγελος
825 1489 961 1565 πρός
996 1510 1081 1562 με·
1126 1511 1155 1542 ι(
1185 1489 1273 1558 Μή
1295 1488 1550 1563 ’θαύμαζε
1582 1487 1670 1544 ἐπὶ
1695 1488 1933 1561 τούτοις,

287 1575 492 1640 ἄλλους
550 1577 652 1654 γὰρ
699 1577 954 1653 τέσσαρας
985 1577 1243 1652 οὐρανοὺς
1273 1573 1390 1652 ὄψει
1425 1576 1816 1657 φαιδροτέρους
1845 1579 1936 1634 καὶ

287 1665 664 1741 ἀσυγκρίτους,
715 1664 839 1721 ὅταν
895 1663 1119 1741 ἀνέλθῃς
1183 1665 1326 1722 ἐκεῖ³
1377 1666 1473 1722 ’ὅτι
1532 1666 1593 1721 σὺ
1643 1666 1806 1742 ἐγγὺς
1839 1673 1939 1720 Κυ-

2027 609 2083 662 et
2112 602 2270 660 oravi
2300 603 2614 660 Dominum
2648 608 2711 660 ut
2740 601 3014 659 salvarer.
3045 601 3209 657 Tunc
3239 600 3447 657 cecidit
3495 617 3673 672 super

2028 708 2123 748 me
2135 697 2462 754 somnus.et
2474 692 2902 764 contemplatus
2930 708 3060 747 sum
3081 694 3339 746 montem
3353 689 3666 746 excelsum:

2030 781 2127 838 hic
2156 787 2246 838 est
2277 795 2448 836 mons
2489 781 2720 854 Aspidis
2749 781 2810 836 in
2855 779 3184 836 Abelmaul.
3218 778 3289 836 Et
3320 795 3450 836 ecce
3499 778 3681 852 aperti

2032 874 2173 926 sunt
2204 869 2354 938 coeli,
2385 874 2443 926 et
2473 869 2716 942 angelus
2749 867 2849 924 Dei
2881 867 3029 924 dixit
3059 868 3202 924 mihi
3229 885 3242 924 :
3277 890 3306 918 «
3341 867 3684 941 Levi,ingre-

2035 959 2228 1015 dere.»
2256 959 2327 1014 Et
2357 957 2725 1030 ingrediebar
2756 959 2827 1013 de
2857 957 3045 1030 primo
3075 956 3217 1014 ccelo
3248 956 3304 1012 in
3334 957 3683 1027 secundum,

2037 1051 2096 1105 et
2123 1047 2240 1104 vidi
2284 1047 2406 1104 illic
2433 1063 2646 1118 aquam
2697 1063 3047 1119 suspensam
3077 1045 3138 1102 in
3183 1046 3374 1102 medio
3417 1046 3599 1118 hujus
3630 1051 3688 1103 et

2038 1135 2310 1192 illius.Et
2335 1135 2455 1191 vidi
2488 1135 2728 1192 tertium
2759 1133 2970 1190 coelum
3001 1135 3190 1190 multo
3219 1133 3475 1190 lucidius
3506 1149 3686 1205 quam

2041 1224 2189 1281 duos
2215 1243 2228 1294 ;
2260 1224 2475 1281 etenim
2507 1223 2756 1280 altitudo
2788 1227 2914 1279 erat
2943 1223 3002 1279 in
3034 1223 3162 1296 ipso
3211 1221 3462 1278 inﬁnita.
3494 1222 3564 1277 Et
3592 1222 3687 1277 di-

2043 1314 2245 1371 cebam
2277 1312 2482 1385 angelo
2515 1329 2529 1370 :
2556 1329 2592 1361 ἀ
2623 1313 2870 1386 Propter
2917 1312 3054 1385 quid
3089 1309 3216 1368 ita?
3248 1332 3276 1360 ››
3303 1311 3379 1367 Et
3407 1310 3553 1366 dixit
3584 1328 3687 1367 an-

2043 1401 2211 1476 gelus
2241 1401 2388 1458 mihi
2420 1417 2477 1458 :u
2512 1400 2594 1457 Ne
2625 1399 2857 1457 mireris
2887 1400 2948 1456 in
2977 1399 3071 1455 his
3097 1418 3148 1468 ;»
3181 1399 3326 1456 alios
3356 1399 3512 1456 enim
3544 1415 3688 1472 qua-

2044 1496 2184 1548 tuor
2223 1489 2398 1547 caelos
2451 1489 2676 1546 videbis
2732 1488 3006 1546 clariores
3063 1493 3120 1545 et
3174 1487 3687 1561 incomparabiles,

2046 1597 2179 1636 cum
2212 1579 2544 1636 ascenderis
2574 1577 2727 1647 illic;
2761 1578 3039 1650 quoniam
3074 1582 3137 1634 tu
3169 1593 3347 1650 prope
3381 1576 3692 1633 Dominum

2048 1668 2253 1736 stabis,
2289 1672 2346 1724 et
2373 1667 2643 1723 minister
2670 1667 2858 1740 ipsius
2889 1666 3090 1732 eris,et
3119 1666 3398 1739 mysteria
3427 1665 3556 1737 ejus
3588 1682 3690 1720 an-

287 1755 407 1830 ρίου
454 1757 646 1830 στήσῃ,
699 1755 787 1810 καὶ
835 1753 1153 1831 λειτουργὸς
1202 1755 1366 1811 αὐτοῦ
1392 1754 1507 1830 ἔσῃ,
1541 1756 1630 1811 καὶ
1666 1758 1931 1832 μυστήρια

2049 1757 2350 1813 nuntiabis
2379 1756 2742 1828 hominibus,
2773 1760 2830 1812 et
2861 1756 2932 1812 de
2961 1759 3204 1812 venturo
3235 1755 3484 1811 liberare
3512 1753 3692 1810 Israel

289 1843 453 1899 αὐτοῦ
503 1842 808 1920 ἐξαγγελεῖς
855 1850 974 1906 τοῖς
1029 1844 1354 1920 ἀνθρώποις,
1403 1843 1491 1899 καὶ
1523 1846 1646 1918 περὶ
1673 1849 1770 1900 τοῦ
1806 1843 1931 1918 μὲλ-

289 1931 364 1956 \_,
393 1952 444 1956 ..-
473 1954 482 1956 _
530 1933 574 1956 Ἴ.
603 1934 846 1956 ᾲ-μ···κῆγη
909 1932 995 1956 -Σγ,
1046 1931 1252 1956 ",A“.\,‘
1295 1954 1336 1956 με
1379 1933 1505 1956 ,γ’ὶᾲ.
1533 1954 1560 1956 ,_
1595 1934 1681 1956 _,,,‘,
1727 1931 1810 1956 b,‘,
1851 1937 1931 1956 --θ’

2049 1845 2392 1919 prmdicabis
2418 1850 2502 1915 ;et
2530 1861 2632 1918 per
2664 1850 2715 1901 te
2745 1849 2804 1901 et
2829 1845 3044 1902 Judam
3077 1844 3380 1917 apparebit
3408 1844 3691 1901 Dominus

289 1931 483 1994 λοντος
530 1933 852 2009 λυτροῦσθαι
906 1932 998 1988 τὸν
1046 1931 1263 2008 Ἰσραὴλ
1293 1933 1561 2008 κηρύξεις·
1595 1934 1685 1989 καὶ
1725 1931 1813 1989 διὰ
1842 1937 1931 1989 σοῦ

2047 1935 2198 1991 inter
2223 1933 2517 2002 homines,
2543 1933 2776 1990 salVans
2807 1933 2867 1989 in
2895 1933 3040 2005 ipsis
3070 1948 3244 1988 omne
3273 1947 3461 2005 genus
3498 1931 3692 1988 homi-

291 2021 382 2076 καῖ
413 2019 592 2078 ’ἰούδα
622 2021 909 2098 ὀρθήσεται
943 2021 1143 2097 Κύριος
1175 2022 1227 2078 ἐν
1277 2023 1603 2098 ἀνθρώποις,
1653 2023 1840 2092 σώζων
1887 2021 1938 2078 ἐν

290 2109 475 2173 αὐτοῖς
505 2117 609 2166 πᾶν
639 2115 794 2186 γένος
823 2112 1147 2186 ἀνθρώπων·
1179 2111 1270 2166 καὶ
1329 2110 1390 2166 ἐκ
1423 2109 1643 2188 μερίδος
1673 2111 1869 2187 Κυρίου
1896 2113 1935 2182 ἡ

293 2201 404 2270 ζωή
441 2219 558 2271 σου,
591 2201 680 2255 καὶ
713 2199 872 2264 αὐτὸς
904 2199 1049 2256 ἔσται
1081 2221 1176 2256 σου
1199 2201 1382 2278 ἀγρὸς,
1406 2199 1692 2276 ἀμπελὼν,
1713 2201 1935 2278 καρποὶ,

289 2287 514 2363 χρυσίον
541 2289 631 2344 καὶ
654 2288 936 2365 ἀργύριον·

357 2379 430 2434 Γ“.
491 2402 520 2430 ‹‹
579 2380 844 2433 ’Δκουσον
905 2376 996 2433 οῦν
1054 2379 1180 2454 περὶ
1235 2383 1341 2434 τῶν
1399 2378 1534 2435 ἐπτὰ
1582 2378 1848 2457 οὐρανῶν.
1878 2379 1936 2433 '0

285 2468 587 2534 κατώτερος
633 2464 721 2522 διὰ
765 2472 926 2522 τοῦτο
966 2467 1314 2544 στυγνότερός
1347 2467 1512 2542 ἐστιν,
1547 2465 1734 2537 ἐπειδὴ
1775 2466 1932 2532 οὗτος

283 2554 430 2630 παρᾶ
507 2557 678 2619 πάσας
743 2553 952 2618 ἀδικίας
1017 2556 1337 2632 ἀνθρώπων.
1408 2560 1466 2612 Ὁ
1515 2555 1762 2634 δεύτερος
1814 2553 1931 2634 ἔχει

283 2648 410 2719 πῦρ,
470 2644 654 2720 χιόνα,
706 2643 1069 2717 κρύσταλλον,
1119 2642 1316 2718 ἕτοιμα
1346 2645 1421 2708 είς
1455 2645 1664 2722 ἡμέραν
1698 2647 1935 2723 προστά-

281 2751 488 2808 γματος
551 2731 770 2804 Κυρίου,
817 2733 869 2788 ἐν
922 2737 990 2807 τῇ
1025 2731 1388 2810 δικαιοκρισίᾳ
1414 2739 1513 2790 τοῦ
1547 2739 1681 2790 Θεοῦ
1709 2754 1721 2768 ·
1757 2734 1808 2790 ἐν
1843 2734 1936 2791 αύ-

284 2819 363 2893 τῷ
412 2821 515 2875 εἰσι
563 2823 732 2876 πάντα
777 2823 845 2877 τὰ
891 2821 1171 2896 πνεύματα
1221 2825 1296 2897 (5)
1344 2828 1448 2878 τῶν
1500 2823 1794 2900 ἐπαγωγῶν
1857 2823 1932 2883 εἰς

284 2907 558 2980 ἐκδίκησιν
607 2915 715 2966 τῶν
770 2911 1010 2984 ἀνόμων.
1061 2912 1146 2966 Ἐν
1194 2916 1274 2984 τῷ
1320 2913 1489 2989 τρίτῳ
1522 2912 1654 2968 εἰσὶν
1687 2913 1741 2968 αἱ
1773 2911 1932 2969 δυνά-

293 3021 413 3072 μεις
459 3004 566 3055 τῶν
616 2996 1005 3076 παρεμϐολῶν,
1059 3002 1343 3077 ταχθεῖσαι
1366 3003 1444 3076 (6)
1476 3002 1552 3065 εἷς
1578 3003 1787 3078 ἡμέραν
1813 3002 1935 3076 κρί-

288 3108 445 3160 σεως,
503 3096 727 3159 ποιῆσαι
781 3086 1056 3159 ἐκδίκησιν
1108 3089 1158 3146 ἐν
1205 3097 1322 3154 τοῖς
1367 3091 1636 3165 πνεύμασι
1667 3098 1766 3162 τῆς
1795 3090 1935 3147 πλά-

283 3197 382 3248 νης
414 3178 503 3232 καὶ
533 3183 630 3233 τοῦ
660 3178 881 3254 Βελιάρ.
916 3180 979 3235 Οἱ
1011 3177 1067 3234 δὲ
1099 3179 1174 3243 εἷς
1213 3179 1465 3257 τέταρτον
1499 3179 1676 3236 ἐπάνω
1723 3181 1930 3238 τούτων

2047 2031 2191 2080 nam
2215 2040 2230 2093 ;
2253 2027 2310 2080 et
2340 2039 2408 2080 ex
2437 2027 2601 2096 parte
2633 2021 2862 2078 Domini
2892 2021 3003 2078 erit
3028 2022 3146 2078 vita
3173 2025 3313 2091 tua;
3341 2028 3398 2078 et
3424 2021 3552 2094 ipse
3580 2019 3693 2078 erit

2046 2112 2154 2170 tibi
2181 2123 2339 2186 ager,
2371 2112 2560 2182 vinea,
2590 2112 2836 2180 fructus,
2867 2125 3078 2168 aurum
3109 2115 3168 2168 et
3197 2114 3524 2184 argentum.

2118 2380 2214 2438 Ιῐῐ.
2247 2400 2277 2434 ιι
2304 2379 2452 2436 Audi
2485 2393 2621 2453 ergo
2651 2380 2724 2437 de
2767 2381 2990 2452 septem
3022 2377 3182 2436 ccelis
3215 2394 3228 2434 :
3263 2377 3513 2435 Inferius
3559 2394 3694 2452 pro-

2039 2472 2242 2542 pterea
2269 2468 2500 2526 tristius
2529 2473 2638 2537 est,
2672 2468 2813 2542 quia
2842 2467 3002 2525 istud
3024 2469 3195 2541 juxta
3225 2483 3428 2524 omnes
3458 2468 3692 2540 injusti-

2034 2558 2158 2615 tias
2188 2558 2497 2616 hominum
2529 2563 2638 2615 est.
2657 2558 2988 2615 Secundum
3019 2557 3197 2614 habet
3226 2557 3444 2629 ignem,
3476 2557 3690 2626 nivem,

2045 2647 2312 2720 glaciem,
2346 2652 2550 2721 parata
2579 2647 2640 2703 in
2672 2647 2825 2704 diem
2858 2647 3124 2719 praecepti
3158 2645 3413 2715 Domini,
3445 2645 3504 2702 in
3527 2647 3691 2718 justo

2030 2736 2262 2808 judicio
2296 2737 2393 2794 Dei
2421 2735 2511 2808 ;in
2540 2737 2668 2809 ipso
2699 2741 2838 2792 sunt
2867 2752 3071 2792 omnes
3100 2735 3344 2807 spiritus
3366 2734 3694 2791 retributio-

2030 2839 2185 2882 ‘num
2215 2825 2277 2882 in
2306 2825 2625 2882 vindictam
2655 2825 3017 2897 iniquorum.
3051 2824 3116 2880 In
3147 2824 3320 2880 tertio
3352 2827 3488 2880 sunt
3514 2822 3694 2879 virtu-

2043 2917 2132 2971 tes
2162 2918 2510 2986 castrorum,
2543 2914 2820 2970 ordinatis
2854 2913 2913 2969 in
2945 2912 3101 2969 diem
3123 2912 3442 2985 judicii,ad
3474 2913 3692 2969 facien-

2045 3003 2186 3059 dum
2214 3003 2535 3060 vindictam
2583 3003 2643 3059 in
2683 3002 2988 3076 spiritibus
3043 3003 3257 3058 erroris
3286 3006 3344 3058 et
3386 3000 3593 3058 Beliar.
3628 3003 3692 3059 ln

2043 3097 2252 3165 quarto
2282 3095 2476 3150 autem
2510 3092 2784 3165 superius
2808 3091 2902 3149 his
2933 3091 3120 3150 sancti
3150 3090 3690 3164 sunt;quoniamin

2030 3199 2318 3254 supremo
2351 3181 2613 3238 omnium
2659 3181 2887 3238 habitat
2914 3197 3128 3254 magna
3156 3179 3343 3254 gloria
3386 3182 3444 3236 in
3475 3182 3690 3238 Sancto

283 3266 428 3342 ἅγιοί
474 3267 622 3322 εἰσιν
673 3267 757 3323 ’ὁτι
806 3268 856 3322 ἐν
905 3269 1159 3345 ἀνωτέρῳ
1215 3271 1429 3325 πάντων
1478 3269 1732 3326 καταλύει
1773 3273 1807 3341 ἡ
1840 3290 1931 3345 με·

2045 3274 2408 3337 sanctorum,
2441 3288 2620 3343 supra
2650 3287 2882 3327 omnem
2913 3270 3305 3327 sanctitatem.
3340 3271 3404 3326 In
3449 3271 3558 3325 hoc
3585 3287 3690 3326 an-

269 3355 422 3433 ’γάλη
463 3353 589 3427 δόξα
619 3357 670 3412 ἐν
704 3357 877 3434 ’Δγίῳ
910 3358 1096 3435 ἁγίων,
1131 3357 1378 3435 ὑπεράνω
1407 3360 1586 3431 πάσης
1625 3359 1934 3438 ἀγιότητος⁶

282 3450 367 3500 Ἐν
428 3444 572 3519 αὐτῷ
622 3448 698 3521 (7)
737 3447 790 3502 οἱ
849 3445 1074 3523 ἄγγελοί
1122 3446 1222 3502 εἰσι
1252 3451 1349 3503 τοῦ
1381 3449 1681 3526 προσώπου
1713 3448 1934 3525 Κυρίου,

287 3536 340 3589 οἱ
369 3534 809 3612 λειτουργοῦντες
839 3537 927 3592 καὶ
974 3535 1388 3610 ἐξιλασκόμενοι
1440 3538 1576 3613 πρὸς
1618 3538 1812 3615 Κύριον
1846 3538 1935 3594 ἐπὶ

286 3622 482 3686 πάσαις
531 3630 646 3686 ταῖς
694 3624 940 3701 ἀγνοίαις
986 3630 1092 3680 τῶν
1148 3623 1393 3685 δικαίων.
1460 3629 1828 3705 Προσφὲρουσι
1877 3626 1935 3684 δὲ

289 3712 470 3787 Κυρίῳ
518 3715 594 3786 (8)
649 3713 825 3786 ὀσμὴν
882 3711 1108 3776 εὐωδίας
1154 3713 1399 3791 λογικὴν,
1449 3716 1538 3770 καὶ
1599 3716 1932 3790 ἀναίμακτον

287 3800 618 3877 προσφοράν.
681 3803 766 3859 Ἐν
817 3800 874 3857 δὲ
920 3807 999 3874 τῷ
1047 3802 1301 3858 ὑποκάτω
1350 3803 1483 3858 εἷσὶν
1532 3805 1585 3859 οἱ
1616 3804 1848 3880 ἀγγελοι
1882 3806 1934 3860 οἳ

289 3891 539 3967 φέροντες
570 3891 666 3952 τὰς
696 3891 1008 3967 ἀποκρίσεις
1037 3897 1152 3954 τοῖς
1197 3891 1454 3969 ἀγγέλοις
1499 3899 1595 3948 τοῦ
1637 3895 1934 3969 προσώπου

289 3977 513 4054 Κυρίου.
566 3979 649 4033 Ἐν
699 3977 758 4034 δὲ
804 3985 881 4052 τῷ
915 3987 1026 4054 μετ’
1082 3979 1264 4048 αὐτὸν,
1299 3981 1400 4036 εἰσί
1433 3982 1643 4057 θρόνοι,
1677 3981 1932 4056 ἐξουσίαι,

288 4065 340 4120 ἐν
373 4068 418 4139 ᾦ
472 4067 554 4122 ἀεὶ
604 4067 764 4140 ὕμνοι
794 4073 874 4141 τῷ
904 4074 1019 4141 Θεῴ
1048 4069 1465 4148 προσφέρονται.
1499 4072 1658 4125 Ὅταν
1691 4070 1789 4127 οὖν
1821 4071 1936 4128 ἐπι-

285 4149 463 4230 ϐλέψῃ
511 4157 538 4210 6
589 4155 786 4232 Κύριος
816 4159 893 4231 (9)
938 4156 1018 4236 ἐφ’
1065 4159 1234 4231 ἡμᾶς,
1289 4162 1482 4222 πάντες
1515 4161 1676 4233 ἡμεῖς
1706 4158 1936 4217 σαλευό-

289 4255 424 4317 μεθα
447 4264 458 4276 ’
491 4244 580 4298 καὶ
611 4245 663 4299 οἱ
695 4244 938 4322 οὐρανοὶ,
968 4246 1058 4301 καὶ
1088 4249 1123 4316 ἡ
1156 4254 1253 4323 γῆ,
1283 4247 1376 4303 καὶ
1426 4249 1480 4303 αἱ
1530 4243 1778 4318 ἅϐδσσοι,
1827 4250 1934 4306 ἀπὸ

280 4333 582 4408 προσώπου
635 4341 734 4404 τῆς
788 4334 1182 4410 μεγαλωσύνης
1229 4335 1393 4392 αὐτοῦ
1423 4336 1742 4394 σαλεύονται
1802 4343 1932 4413 (10)⁶

283 4420 336 4476 ei
357 4418 428 4476 δὲ
458 4421 566 4476 υἱοὶ
596 4425 704 4477 τῶν
739 4422 1060 4500 ἀνθρώπων,
1093 4421 1179 4479 ἐπὶ
1221 4425 1438 4489 τούτοις
1488 4424 1933 4500 ἅναισθητοῦντες

284 4511 674 4586 ἁμαρτάνουσι,
704 4512 795 4566 καὶ
824 4512 1214 4589 παροργίζουσι
1245 4514 1335 4569 τὸν
1367 4517 1644 4589 Ὕψιστον.

2044 3359 2158 3434 geli
2189 3364 2329 3417 sunt
2375 3360 2539 3416 faciei
2584 3360 2708 3428 Dei,
2742 3359 3146 3416 ministrantes
3197 3364 3256 3415 et
3306 3359 3690 3432 pr0pitiantes

2044 3449 2200 3521 apud
2231 3447 2549 3505 Dominum
2578 3448 2640 3504 in
2673 3447 2946 3504 omnibus
2992 3446 3344 3521 ignorantiis
3366 3449 3687 3520 justorum.

2045 3538 2310 3595 Oil‘erunt
2349 3553 2483 3594 vero
2517 3537 2761 3594 Domino
2809 3537 3044 3594 odorem
3079 3535 3384 3594 suavitatis
3432 3535 3689 3592 rationa-

2040 3625 2246 3694 lem,et
2271 3625 2399 3682 sine
2429 3624 2716 3696 sanguine
2739 3625 3182 3682 oblationem.In
3210 3640 3276 3680 eo
3306 3628 3503 3680 autem
3533 3624 3688 3697 quod

2041 3714 2256 3770 subtus
2284 3718 2540 3782 est,sunt
2567 3713 2759 3787 angeli
2791 3714 2893 3786 qui
2925 3714 3119 3770 ferunt
3148 3712 3560 3786 responsiones
3590 3727 3690 3769 an-

2045 3802 2192 3875 gelis
2220 3803 2385 3860 faciei
2435 3803 2691 3860 Domini.
2727 3803 2788 3859 In
2819 3819 2888 3860 eo
2915 3819 3049 3859 vero
3081 3803 3235 3875 quod
3267 3806 3402 3875 post
3438 3801 3548 3858 hoc
3578 3806 3687 3868 est,

2043 3897 2185 3948 sunt
2213 3892 2408 3949 throni
2439 3897 2498 3949 et
2525 3892 2930 3964 potestates,in
2947 3909 3063 3965 quo
3094 3891 3298 3964 hymni
3320 3907 3552 3965 semper
3573 3891 3689 3948 Deo

2044 3983 2388 4039 offeruntur.
2423 3982 2663 4049 Quando
2696 3997 2834 4055 ergo
2858 3981 3175 4055 respexerit
3199 3980 3484 4038 Dominus
3513 3995 3691 4052 super

2044 4088 2174 4139 nos,
2207 4087 2640 4128 commovemur
2667 4085 2871 4129 omnes
2900 4087 3046 4140 nos;
3078 4076 3136 4128 et
3165 4070 3312 4139 coeli,
3345 4075 3402 4126 et
3424 4074 3600 4139 terra,
3632 4074 3691 4126 et

2043 4161 2301 4235 abyssi,a
2324 4160 2470 4217 facie
2490 4160 2917 4234 magnitudinis
2936 4162 3065 4233 ejus
3087 4164 3556 4218 commoventur:
3582 4158 3688 4215 filii

2043 4256 2239 4307 autem
2269 4249 2575 4307 hominum
2606 4250 2665 4306 in
2697 4249 2792 4306 his
2823 4251 3140 4307 existentes
3157 4249 3529 4308 insensibiles
3560 4265 3690 4323 pec-

2042 4340 2281 4410 oabunt,
2312 4343 2369 4396 et
2399 4339 2713 4397 irritabunt
2742 4338 3132 4397 Altissimum.

357 4601 428 4656 Δ’,
465 4625 492 4651 ι‹
527 4604 630 4654 Νῦν
665 4597 755 4654 οὖν
789 4601 1101 4676 γινώσκετε,
1133 4601 1216 4657 ὅτι
1244 4605 1462 4674 ποιήσει
1514 4603 1709 4679 Κύριος
1755 4604 1929 4679 κρίσιν

2112 4607 2205 4664 IV.
2236 4628 2264 4662 ιι
2293 4608 2462 4664 Nunc
2490 4621 2625 4680 ergo
2651 4605 3166 4680 cognoscite,quod
3200 4605 3373 4662 faciet
3400 4605 3684 4664 Dominus

285 4686 374 4742 ἐπὶ
431 4687 558 4750 τοὺς
615 4689 770 4752 υἱοὺς
826 4693 934 4745 τῶν
994 4689 1311 4762 ἀνθρώπων,
1387 4691 1495 4765 ὅτε,
1553 4698 1662 4748 τῶν
1717 4699 1928 4770 πετρῶν

2042 4697 2328 4769 judicium
2358 4713 2536 4768 super
2563 4694 2715 4751 ﬁlios
2744 4695 3312 4767 hominum,quando
3336 4694 3516 4767 petris
3545 4695 3686 4750 scis-

283 4777 648 4852 σχιζομένων,
699 4783 788 4832 καί
818 4782 915 4834 τοῦ
944 4777 1108 4848 ἡλίου
1140 4773 1519 4854 σϐεννύμένου,
1551 4781 1640 4836 καὶ
1667 4786 1774 4837 τῶν
1807 4780 1930 4837 ὑδά-

281 4887 389 4920 των
451 4865 873 4941 ξηραινομένων,
930 4867 1020 4922 καὶ
1079 4872 1176 4924 τοῦ
1233 4870 1403 4945 πυρὸς
1435 4873 1927 4944 καταπτήσσοντος,

278 4955 372 5010 καὶ
422 4956 598 5027 πάσης
646 4955 872 5020 κτίσεως
921 4955 1321 5032 κλονουμένης,
1372 4959 1462 5014 καὶ
1504 4963 1612 5014 τῶν
1683 4959 1928 5038 ἀοράτων

352 5135 438 5210 (3)Δ
463 5133 562 5189 Καὶ
615 5131 934 5210 ἐλυπούμην
968 5179 980 5194 .
1012 5174 1028 5192 .
1069 5177 1082 5191 .
1122 5177 1135 5192 .
1197 5133 1294 5210 ,ἐνί
1341 5131 1712 5210 Ἀϐελμαούλ·
1795 5143 1928 5198 Hinc

278 5207 482 5334 omnga
533 5207 755 5332 qmissa
800 5213 959 5277 sunt,
1011 5208 1213 5282 procul
1267 5209 1445 5267 dubio
1493 5207 1598 5283 per
1639 5209 1927 5269 incuriam

281 5297 397 5334 scri
447 5296 511 5332 ω.
575 5295 628 5334 υ.

281 5295 511 5336 ΒΟῙῚῡῖΒ.
547 5295 628 5334 ID.

355 5351 430 5420 14)
467 5345 644 5403 Εἶδον.
681 5353 798 5420 Ἔτι
832 5349 1114 5406 additum.
1147 5350 1230 5406 ID.

354 5418 430 5493 (5)
460 5419 534 5472 Τὰ
563 5418 861 5494 πνεύματα.
891 5421 1107 5494 Dahis
1155 5420 1542 5494 Ecclesiastici
1591 5441 1784 5494 xxxrx,
1834 5426 1924 5482 33.

280 5488 435 5546 ’Ἐστι
469 5488 766 5562 πνεύματα,
799 5491 832 5544 ἃ
861 5491 936 5552 είς
979 5488 1252 5560 ἐκδίκησιν
1285 5491 1540 5550 ἔκτισται.
1577 5495 1654 5551 ID.

464 5565 774 5653 'l‘oixgsiezi.
808 5563 870 5615 Οἱ
894 5562 1200 5653 ταχθέντες.
1235 5570 1317 5621 ID.

380 5632 437 5703 7)
465 5632 644 5705 Αὐτῷ.
681 5635 775 5706 Τῷ
810 5632 1136 5706 μετ’ῥῦτόν.
1170 5636 1251 5692 Ιῐ).

359 5702 438 5776 (8)
505 5702 874 5781 Προσφέρουσι
934 5702 990 5761 δὲ
1045 5706 1246 5782 Κυρίῳ.
1306 5707 1394 5765 Ita
1449 5708 1573 5782 ipse
1613 5709 1929 5784 archange-

2040 4787 2145 4858 sis,
2177 4791 2234 4843 et
2263 4785 2384 4842 sole
2413 4784 2717 4850 exstincto,
2750 4789 2809 4842 et
2835 4783 3005 4856 aquis
3037 4783 3290 4851 siccatis,
3319 4789 3378 4839 et
3405 4783 3541 4855 igne
3570 4787 3684 4840 tre-

2041 4879 2253 4944 mente,
2294 4879 2354 4932 et
2402 4873 2563 4930 omni
2595 4878 2862 4931 creatura
2902 4873 3156 4940 turbata,
3186 4876 3244 4929 et
3289 4871 3682 4929 invisibilibus

2039 4964 2347 5038 spiritibus
2374 4963 2788 5037 liquefactis,et
2807 4963 3034 5021 inferno
3065 4961 3316 5036 spoliato
3334 4961 3392 5018 in
3409 4961 3683 5036 passione

2037 5141 2132 5217 lus
2171 5138 2465 5217 _Raphael,
2514 5139 2971 5217 Tob._xn,_15_:_
3023 5137 3183 5217 Ἐγώ,
3229 5136 3343 5210 εἰμι
3412 5137 3679 5217 Ῥαιραὴλ,

2038 5213 2114 5302 eis
2168 5209 2229 5267 ἐκ
2273 5206 2379 5266 τῶν
2424 5206 2559 5300 ξιττά
2576 5210 2769 5300 *ἁγίων
2793 5206 3106 5302 ἀγγέλων(
3132 5206 3183 5264 ο⁹ί
3213 5206 3679 5304 πρόσαναξρὲρουσὶ

2035 5284 2132 5346 τὰς
2173 5281 2513 5375 προσευχὰς,
2533 5281 2996 5375 τι’ἱ›ν’ἀγξων,,’καὶῚ
3017 5281 3416 5375 εἷρπορεύονται
3447 5281 3680 5375 ἐνώπιον

2035 5304 2132 5346 τας
2179 5304 2490 5375 προσευχαις
2533 5304 2640 5337 των
2668 5304 2856 5411 αγὲων,
2888 5304 2977 5337 και
3017 5304 3416 5359 εισπορευονται
3447 5304 3678 5339 ενωπιον

2034 5361 2136 5424 τῆς
2169 5352 2330 5484 δὲξης
2359 5352 2660 5482 τοῗυάγίου.
2759 5355 2924 5412 onfer
2962 5355 3020 5411 S.
3051 5355 3298 5412 Joannis
3330 5355 3678 5428 Apocalyps.

2035 5444 2155 5484 vm.
2230 5471 2243 5484 .
2277 5444 2395 5484 sea.
2501 5466 2513 5479 .

2035 5444 2155 5494 vm,
2189 5443 2243 5495 ὅ,
2277 5444 2395 5495 seq.
2435 5443 2513 5482 ιι).

2109 5445 2524 5573 (Ῑόβίοῗξιὲέὲὲ
2576 5491 2862 5573 ἐπιϐλὲψη-
2916 5496 2943 5550 6
3001 5495 3360 5573 Kﬁpzo§,_etc.
3411 5495 3682 5573 Respexit

2037 5567 2893 5643 ad:prophetiathebacucL
2917 5586 3010 5643 ιιι,Δ
3049 5567 3367 5643 ϐἐωνΕστη,
3412 5568 3502 5623 καὶ
3529 5567 3676 5624 ’ἐσα-

2037 5633 2202 5715 λεύθῆ
2236 5633 2837 5715 ἡ’γῆ,,ἐπέ6λεψε,-καὶ
2869 5637 3084 5715 διετάκη
3121 5637 3263 5715 ἔθνη.
3298 5633 3384 5698 ID.

2111 5709 2222 5786 (10)
2255 5709 2605 5770 Σάλνεύονται.
2638 5709 3096 5781 Σαλευθησονται.
3131 5713 3214 5770 ID.
