4014 6226
363 334 520 397 1055

1347 336 1876 401 TESTAMENTA
1918 341 2027 402 XII
2071 338 2781 405 PATRIARCHARUM.

3612 334 3771 397 1056

353 464 641 523 Altisslmi
696 508 710 533 ,
747 464 1016 522 homines
1066 483 1181 524 non
1223 469 1521 527 credentes
1573 472 1989 543 permanebunt

2111 473 2431 545 πνευμάτων
2479 470 2825 546 τηκομένων,
2875 469 2963 526 καὶ
3013 473 3109 526 τοῦ
3168 466 3298 541 ᾅδου
3358 464 3769 542 σκυλευομένου

354 558 414 612 in
447 555 1016 627 injustitia:propter
1045 554 1153 613 hoc
1182 557 1239 612 in
1264 558 1997 632 punitionemjudicabun-

352 643 707 703 tur.Audivit
758 642 938 716 igitur
974 645 1316 702 Altissimus
1346 649 1669 705 orationem
1722 654 1905 717 tuam,
1939 653 2002 706 ut

352 735 649 806 separaret
680 736 738 788 te
765 732 839 787 ab
880 732 1253 804 injustitia,et
1282 739 1346 791 ut
1375 737 1689 793 efﬁcereris
1718 738 1770 794 ei
1819 738 1997 808 ﬁlius,

350 828 409 880 et
439 820 718 888 famulus,
751 823 808 876 et
836 821 1105 877 minister
1146 823 1309 878 faciei
1343 825 1491 896 ejus.
1525 827 1746 883 Lumen
1800 827 1999 899 cogni-

348 911 530 968 tionis
560 909 904 965 illuminans
926 909 1294 968 illuminabis
1325 912 1384 967 in
1404 914 1669 985 Jacob,et
1698 919 1763 969 ut
1779 916 1865 970 sol
1885 917 2001 972 eris

348 1001 508 1058 omni
541 999 752 1056 semini
784 999 983 1066 Israel,
1014 1000 1236 1073 tibique
1286 1002 1521 1058 dabitur
1554 1004 1881 1060 benedictio
1932 1021 1999 1061 ac

349 1089 510 1146 omni
565 1086 777 1145 semini
814 1092 939 1157 tuo,
993 1105 1299 1161 usquequo
1346 1090 1545 1147 visitet
1597 1094 1747 1148 Deus
1795 1110 1998 1150 omnes

349 1182 553 1252 gentes
585 1177 645 1233 in
677 1176 999 1233 visceribus
1042 1178 1452 1236 misericordia:
1482 1180 1611 1236 Filii
1641 1183 1768 1253 ejus
1813 1199 1999 1254 usque

348 1268 409 1324 in
442 1265 723 1324 saeculum
758 1264 1217 1323 °.Verumtamen
1250 1267 1354 1323 filii
1382 1269 1470 1324 tui
1503 1270 1997 1341 injicientmanus

348 1356 409 1414 in
441 1356 748 1428 ipsum,ad
780 1356 1238 1427 cruciﬁgendum
1271 1358 1489 1429 ipsum.
1525 1360 1595 1414 Et
1624 1364 1859 1432 propter
1887 1361 1997 1417 hoc

350 1445 553 1501 datum
584 1448 674 1499 est
702 1443 809 1499 tibi
862 1443 1173 1500 consilium
1204 1449 1262 1501 et
1290 1446 1638 1513 intellectus,
1674 1452 1739 1503 ut
1790 1454 1996 1505 notum

349 1534 530 1590 facias
562 1532 698 1588 ﬁliis
751 1533 870 1588 tuis
918 1534 988 1588 de
1017 1534 1144 1605 ipso
1174 1551 1187 1602 ;
1222 1534 1497 1606 quoniam
1550 1536 1651 1607 qui
1704 1537 1997 1594 benedicit

348 1621 831 1695 ipsi,benedictus
861 1622 1008 1692 erit;
1038 1623 1137 1695 qui
1170 1638 1304 1680 vero
1336 1623 1694 1682 maledicunt
1724 1626 1996 1699 ipsi,per-

349 1711 539 1769 ibunt.

419 1890 525 1946 V.«
555 1890 627 1945 Et
656 1888 885 1962 aperuit
914 1889 1058 1945 mihi
1088 1891 1335 1963 angelus
1367 1894 1566 1964 portas
1598 1892 1724 1948 coeli
1751 1910 1765 1962 ;
1788 1896 1844 1948 et
1872 1892 1992 1948 vidi

174 2016 177 2023 ν
236 1996 239 2001 ‘
348 1978 634 2051 templum
667 1983 1022 2047 sanctum,et
1051 1979 1111 2035 in
1142 1980 1351 2037 throno
1377 1982 1574 2054 gloriae
1594 1982 1991 2041 Altissimum.

346 2070 417 2126 Et
446 2068 593 2125 dixit
620 2067 765 2124 mihi
799 2085 849 2125 :«
878 2068 1147 2135 Levi,tibi
1178 2070 1310 2126 dedi
1341 2071 1773 2129 benedictiones
1806 2090 1991 2129 sacer-

347 2158 827 2230 dotii,usquequo
859 2158 1096 2214 veniens
1127 2158 1403 2215 habitabo
1432 2160 1491 2215 in
1526 2161 1714 2217 medio
1745 2161 1942 2217 Israel.
1963 2184 1985 2213 υ

348 2248 512 2303 Tunc
544 2246 709 2301 duxit
738 2263 828 2303 me
852 2247 1091 2319 angelus
1110 2247 1169 2302 in
1190 2252 1487 2317 terram,et
1508 2250 1669 2305 dedit
1692 2250 1837 2305 mihi
1861 2267 1988 2307 scu-

346 2338 472 2392 tum
504 2341 560 2391 et
588 2334 934 2408 gladium,et
963 2336 1107 2391 dixit
1132 2354 1177 2392 τι
1195 2338 1305 2394 Fac
1331 2338 1645 2395 vindictam
1676 2339 1735 2393 in
1761 2339 1985 2397 Sichem

344 2441 449 2497 pro
480 2424 649 2491 Dina,
680 2428 737 2480 et
783 2440 887 2497 ego
938 2442 1034 2481 ero
1064 2429 1279 2497 tecum,
1314 2427 1591 2498 quoniam
1638 2428 1794 2484 Deus
1825 2428 1989 2485 misit

304 2520 305 2525 ‘
345 2530 496 2570 me.»
529 2513 598 2569 Et
626 2514 810 2570 occidi
856 2514 915 2569 in
947 2517 1211 2587 tempore
1236 2515 1335 2571 illo
1366 2516 1515 2571 ﬁlios
1546 2517 1802 2584 Emmor,
1835 2517 1988 2573 sicut

346 2603 631 2675 scriptum
664 2607 753 2657 est
790 2603 849 2661 in
882 2602 1099 2658 tabulis
1130 2603 1431 2659 caelorum.
1471 2605 1737 2661 Dicebam
1789 2610 1989 2661 autem

345 2691 396 2746 ei
432 2709 446 2747 :
480 2712 509 2742 «
540 2692 672 2759 Oro,
705 2690 969 2760 Domine,
1002 2691 1093 2747 dic
1126 2692 1272 2747 mihi
1303 2710 1513 2749 nomen
1545 2698 1807 2760 tuum,ut
1836 2694 1989 2750 invo-

346 2796 470 2836 cem
506 2783 561 2835 te
592 2780 650 2835 in
684 2779 777 2835 die
805 2779 1222 2836 tribulationis.
1256 2803 1285 2831 »
1318 2783 1386 2836 Et
1411 2782 1557 2838 dixit
1590 2799 1603 2837 :
1641 2805 1662 2832 σι
1699 2788 1810 2853 Ego
1854 2799 1989 2839 sum

345 2867 586 2939 angelus
617 2885 903 2925 excusans
932 2885 1118 2942 genus
1148 2869 1345 2940 Israel,
1379 2874 1444 2925 ut
1473 2888 1589 2927 non
1634 2871 1993 2944 percutiatur

344 2956 404 3013 in
438 2956 613 3011 finem
648 2957 714 3024 ίο,
740 2958 1018 3028 quoniam
1052 2958 1243 3015 omnis
1276 2960 1520 3031 spiritus
1552 2960 1915 3032 perniciosus
1935 2960 1991 3016 ei

344 3043 712 3101 insidiatur.»
749 3047 816 3101 Et
854 3052 985 3118 post
1013 3046 1134 3104 haec
1163 3046 1320 3103 velut
1348 3064 1417 3104 ex
1446 3065 1651 3105 somno
1682 3049 1991 3120 excitatus,

345 3133 615 3189 benedixi
640 3132 1028 3203 Altissimo,et
1041 3135 1246 3209 angelo
1260 3137 1561 3194 excusanti
1573 3154 1760 3211 genus
1792 3138 1989 3212 Israel,

342 3226 400 3278 et
429 3238 634 3280 omnes
657 3225 872 3296 justos.

411 3599 507 3655 VI.
541 3622 570 3650 «
604 3597 709 3655 Ubi
762 3616 893 3656 vero
939 3600 1065 3656 veni
1120 3602 1190 3657 ad
1245 3606 1469 3675 patrem
1521 3619 1739 3672 meum,
1790 3603 1987 3661 inveni

343 3687 607 3760 aspidem
658 3704 908 3761 mneum,
957 3690 1114 3746 unde
1162 3690 1336 3747 etiam
1388 3708 1600 3747 nomen
1656 3693 1840 3748 monti
1899 3697 1989 3749 est

339 3777 820 3849 Aspis,quoniam
848 3795 1027 3851 prope
1056 3779 1231 3836 Gebal
1263 3784 1411 3850 est,a
1436 3780 1657 3837 dextris
1684 3781 1852 3838 Abila
1884 3799 1897 3839 :
1932 3785 1989 3838 et

342 3867 674 3922 conservavi
723 3882 1022 3923 sermones
1052 3867 1160 3923 hos
1190 3868 1249 3924 in
1297 3870 1468 3925 corde
1497 3886 1646 3926 meo.
1676 3871 1794 3942 Ego
1826 3869 1986 3926 suasi

343 3954 493 4026 patri
526 3971 654 4010 meo
692 3958 749 4011 et
794 3955 997 4013 Ruben
1050 3958 1212 4013 fratri
1262 3974 1410 4025 meo,
1445 3964 1509 4013 ut
1556 3959 1818 4015 dicerent
1848 3959 1985 4014 ﬁliis

343 4044 671 4113 Emmor,ut
692 4044 1549 4119 circumciderentur;quoniam
1570 4047 1692 4104 zelo
1715 4049 1987 4104 movebar

343 4136 579 4204 propter
626 4134 1142 4201 abominationem,
1173 4152 1347 4207 quam
1396 4137 1652 4193 fecerant
1679 4137 1738 4192 in
1785 4137 1982 4194 Israel.

342 4221 414 4275 Et
441 4237 546 4293 ego
574 4222 838 4279 interfeci
874 4224 1101 4280 Sichem
1133 4224 1192 4280 in
1224 4226 1452 4298 primis,
1486 4230 1544 4281 et
1588 4226 1819 4281 Simeon
1850 4227 1985 4281 Em-

343 4312 567 4366 mor.Et
598 4315 799 4384 postea
825 4312 1120 4370 venientes
1153 4314 1359 4370 fratres
1394 4320 1812 4387 percusserunt
1841 4315 1985 4370 civi-

340 4401 518 4455 tatem
552 4399 609 4455 in
642 4417 737 4457 ore
767 4402 968 4474 gladii.
1002 4403 1070 4458 Et
1099 4402 1321 4459 audivit
1351 4407 1532 4476 pater,
1566 4408 1623 4459 et
1659 4404 1844 4460 iratus
1875 4408 1984 4473 est,

343 4492 400 4547 et
429 4489 808 4549 contristatus
838 4492 1233 4566 est,quoniam
1264 4496 1644 4567 susceperant
1672 4493 1984 4549 circumci-

408 4633 430 4668 ⁸
459 4633 675 4691 Coloss.
713 4651 778 4704 II,
813 4636 898 4691 15.
977 4636 998 4672 ³
1032 4637 1159 4692 Luc.
1192 4651 1233 4706 1,
1263 4637 1354 4693 78.
1432 4637 1474 4673 ¹⁰
1506 4637 1650 4693 Dan.
1682 4653 1783 4708 xu,
1813 4636 1905 4691 78.

410 4795 522 4867 (11)
550 4796 694 4856 Ἕως
726 4794 1068 4867 αἰῶνος.Εἷς
1098 4795 1288 4853 αἰῶνα.
1322 4798 1501 4854 GRAB.

413 4863 1073 4943 (111¹’)ΠἈποσκολοπίσαι.
1115 4871 1249 4943 Leg.
1284 4863 1729 4943 ἀνασκολοπίσαι.
1763 4866 1981 4923 DRACH.

411 4939 525 5010 (12)
553 4940 905 5010 [Ιαηοικήσω.
941 4939 1284 5010 Κατοικήσῖω.
1318 4941 1500 4997 GRAB.

411 4958 504 5007 με
553 4958 633 4990 ua
679 4958 905 5008 οικησω.
943 4958 1284 5010 ιςατοικησω.
1318 4958 1500 4997 URAB.

409 4958 525 5093 (13:;
848 5031 961 5093 μοι.
999 5009 1170 5066 ὅπλον
1224 5011 1315 5065 καὶ
1373 5007 1663 5089 ῥομφαίαν.
1696 5011 1804 5093 “Ita
1822 5026 1986 5093 ’ςιμο-

338 5097 452 5207 gue
483 5081 693 5138 Judith
726 5082 784 5137 in
819 5080 1078 5140 oratione
1109 5101 1216 5141 sua
1245 5080 1664 5170 cap.'1x,'vers.
1695 5082 1768 5139 2:
1822 5080 1986 5157 Κύριε

420 5153 549 5207 Θεὸς
597 5156 694 5206 τοῦ
742 5153 946 5207 πατρός
996 5176 1098 5207 μου
1150 5161 1400 5207 Συμεων-
1440 5156 1486 5207 ὦ
1517 5150 1721 5207 ἔδωκας
1752 5150 1803 5207 ἐν
1835 5152 1984 5207 γειοὶ

350 5150 374 5242 ξ
420 5153 549 5242 θεὸς
597 5156 694 5242 rei?
742 5153 946 5242 πατρός
995 5176 1109 5242 μουκ
1130 5150 1401 5242 ἱΣυμεὼν,
1440 5156 1486 5227 ᾧ
1517 5150 1721 5242 ἔδωκας
1752 5150 1803 5208 ἐν
1835 5150 1984 5226 χείρὶ

339 5222 401 5298 ῥο
453 5224 611 5301 φαίαν
647 5224 721 5286 εἷς
753 5222 1026 5296 ἐκδίκησιν
1054 5222 1393 5298 ἀλλογενῶν,
1425 5222 1535 5282 etc.
1570 5226 1651 5281 ID.
1838 5222 1876 5226 ’⁷
1931 5222 1939 5225 ⁷

553 5301 682 5373 Ταῖς
737 5294 1065 5373 πλαξὶ-*τὼν
1096 5297 1376 5373 ,οὐρανῷνι
1434 5299 1519 5353 Ad
1576 5297 1732 5373 hung
1787 5294 1982 5373 locum

336 5366 753 5423 illUstrandum
787 5366 1018 5425 exhibet
1049 5370 1141 5424 hic
1179 5366 1438 5425 'Grabius
1468 5374 1642 5423 Henr.
1696 5366 1983 5423 Dodwelli

337 5439 619 5511 prolixam
656 5457 816 5511 eaque
847 5458 912 5495 ac
942 5442 1233 5498 eruditam
1266 5440 1747 5498 Dissertationem
1787 5443 1866 5511 pe
1894 5448 1979 5493 ta-

340 5510 480 5585 Qulis
534 5512 810 5575 cwlorum,
871 5531 998 5585 quin
1049 5514 1106 5566 in
1182 5512 1478 5585 hiscexn
1528 5510 1984 5585 patriarcharum

339 5579 687 5664 testamentis
718 5579 957 5664 passim
986 5584 1323 5664 laudantur.
1346 5579 1552 5664 pilius:
1578 5581 1687 5664 viri
1724 5582 1983 5664 sagacis-

339 5652 472 5707 simi
506 5652 795 5708 sententia
827 5655 1021 5711 statim
1055 5658 1215 5729 patet
1241 5655 1312 5711 ab
1343 5652 1631 5722 initio,his
1662 5652 1853 5709 verbis
1882 5669 1982 5708 ex-

2023 1839 2072 1904 B

2107 561 2193 617 έπὶ
2242 567 2320 634 τῷ
2365 563 2521 626 πάθει
2569 565 2668 617 τοῦ
2721 565 2969 634 Ὑψστου,
3017 560 3068 615 οἱ
3127 558 3403 634 ἅνθρῶποι
3456 559 3769 619 ἀιστοῦντες

2114 651 2454 725 ἐπιμενοῢσιν
2507 649 2559 707 έν
2602 656 2723 714 ταῖς
2769 648 3042 712 ἀδικίαιςο
3092 647 3181 704 διὰ
3224 652 3385 703 τοῦτο
3446 647 3498 703 ἐν
3530 646 3764 703 κολάσει

2108 742 2475 817 κριθήσονται.
2510 739 2838 811 Είσήκουσεν
2865 736 2955 793 οὖν
3009 739 3036 793 6
3083 740 3336 811 Ὕψιστος
3385 739 3485 804 τῆς
3533 757 3769 811 προσευ-

2108 832 2217 906 χῆς
2247 850 2363 899 σου,
2393 833 2491 884 τοῦ
2522 826 2720 885 διελεῖν
2759 848 2817 883 σε
2847 827 2952 883 ἀπὸ
2980 834 3082 896 τῆς
3120 823 3355 893 ἀδικίας,
3383 826 3473 879 καὶ
3510 824 3763 900 γενέσθαι

2109 917 2255 990 αὐτῷ
2303 918 2437 990 υἱὸν,
2487 917 2573 973 καὶ
2626 918 2944 994 θεράποντα,
2996 916 3087 970 καὶ
3118 911 3430 989 λειτουργὸν
3463 918 3559 968 τοῦ
3593 934 3765 987 προσ-

2109 1008 2262 1062 ώπου
2312 1004 2494 1064 αὐτοῦ.
2547 1010 2673 1067 Φῶς
2725 1005 2981 1081 γνώσεως
3030 1004 3289 1081 φωτεινὸν
3322 1007 3543 1079 φωτιεῖς
3578 1000 3629 1055 ἐν
3665 1003 3767 1059 Ἰα-

2105 1091 2243 1169 κὼϐ,
2294 1095 2383 1150 καὶ
2431 1095 2505 1157 ὡς
2555 1094 2583 1149 6
2640 1093 2804 1164 ἥλιος
2854 1090 2946 1167 ἔσῃ
2993 1091 3153 1148 παντὶ
3205 1091 3474 1166 σπέρματι
3508 1088 3761 1165 Ἰσραήλ.

2106 1184 2205 1239 Καὶ
2255 1181 2538 1254 δοθήσεταί
2588 1203 2672 1237 σοι
2728 1180 2975 1256 εὐλογία,
3006 1180 3095 1235 καὶ
3126 1179 3285 1234 παντὶ
3328 1178 3603 1252 σπέρματί
3644 1199 3762 1248 σου,

2107 1269 2211 1335 ἕως
2264 1272 2620 1345 έπισκέψηται
2679 1270 2880 1344 Κύριος
2936 1271 3109 1324 πάντα
3152 1268 3220 1324 τὰ
3270 1265 3395 1338 ἔθνη
3449 1266 3501 1321 ἐν
3545 1264 3762 1342 σπλάγ-

2106 1381 2265 1438 χνοις
2295 1362 2414 1416 υἱοῦ
2441 1360 2605 1416 αὐτοῦ
2637 1358 2739 1423 ἕως
2771 1359 2970 1420 αἰῶνος
3001 1360 3133 1431 (11).
3184 1355 3339 1426 Πλὴν
3391 1357 3445 1411 οἱ
3495 1354 3611 1410 υἱοί
3666 1378 3763 1410 σου

2108 1446 2429 1506 έπιϐαλοῦσι
2478 1450 2669 1526 χεῖρας
2718 1448 2800 1504 ἐπ’
2826 1447 3005 1513 αὐτὸν,
3033 1450 3132 1502 τοῦ
3160 1444 3603 1501 ἀποσκολοπίσαι
3626 1447 3671 1515 (1
3690 1449 3763 1518 Γ)

2106 1539 2288 1597 αὐτόν.
2342 1539 2442 1594 Καὶ
2488 1537 2575 1594 διὰ
2620 1542 2781 1594 τοῦτο
2831 1535 3044 1593 δέδοταί
3073 1556 3159 1590 σοι
3196 1536 3371 1610 βουλή
3398 1534 3492 1589 καὶ
3523 1534 3757 1605 σύνεσις,

2102 1632 2200 1684 τοῦ
2232 1627 2491 1683 συνετίσαι
2519 1627 2647 1689 τοὺς
2676 1626 2827 1689 υἱούς
2859 1647 2955 1681 σου
2985 1625 3111 1701 περὶ
3140 1623 3305 1679 αὐτοῦ
3332 1643 3343 1655 ·
3398 1624 3487 1678 ’ὁτι
3516 1624 3545 1677 ὁ
3598 1622 3756 1677 εὐλο-

2103 1722 2215 1794 γῶν
2262 1716 2419 1772 αὐτὸν
2471 1714 2841 1792 εὐλογημένος
2883 1712 3048 1787 ἔσται,
3083 1714 3135 1768 οἱ
3166 1710 3223 1768 δὲ
3249 1712 3635 1789 καταρώμελοι
3661 1710 3755 1766 1'3-

2101 1807 2196 1862 τὸτ
2229 1804 2582 1862 ἀπολοῦνται.

2171 1902 2248 1952 E‘.
2281 1919 2311 1948 «
2359 1894 2458 1950 Καὶ
2505 1890 2691 1964 ἤνοιξέ
2739 1909 2830 1966 μοι
2872 1893 2901 1947 6
2932 1890 3164 1968 ἄγγελος
3192 1892 3290 1952 τὰς
3320 1887 3501 1952 πύλας
3526 1892 3631 1945 τοῦ
3663 1888 3752 1943 οὐ-

2101 1990 2264 2061 ρανοῦ
2288 2003 2302 2019 ⁸
2354 1984 2444 2039 καὶ
2499 1981 2638 2038 εἶδον
2685 1982 2777 2037 τὸν
2823 1981 2948 2036 ναὸν
2979 1980 3072 2035 τὸν
3106 1981 3279 2055 ἅγιον,
3309 1979 3399 2034 καὶ
3430 1978 3521 2035 ἐπὶ
3557 1977 3753 2054 θρόνου

2100 2071 2261 2145 δόξης
2303 2074 2393 2129 τὸν
2446 2074 2726 2147 Ὕψιστον.
2778 2069 2879 2128 Καὶ
2912 2070 3027 2125 εἶπέ
3061 2087 3192 2143 μοι·
3225 2092 3256 2121 ‹‹
3289 2070 3439 2139 Λευῒ,
3473 2068 3559 2122 σοὶ
3594 2064 3755 2121 δέδω-

2097 2183 2167 2218 κα
2209 2167 2305 2225 τὰς
2360 2159 2609 2238 εὐλογίας
2651 2167 2753 2229 τῆς
2793 2157 3083 2236 ἱερατείας,
3111 2154 3216 2219 ἕως
3245 2155 3307 2212 οὗ
3338 2156 3511 2211 ἐλθὼν
3554 2177 3755 2231 παροιο

2097 2253 2252 2322 κήσω
2300 2253 2414 2325 (12)
2456 2249 2508 2305 έν
2559 2250 2708 2322 μέσῳ
2753 2253 2850 2303 τοῦ
2900 2244 3143 2320 Ἰσραήλ.
3200 2270 3228 2298 )›
3276 2246 3406 2301 Τότε
3455 2246 3484 2299 6
3517 2243 3756 2319 ἅγγελος

2104 2337 2266 2416 ἤγαγέ
2326 2359 2393 2413 με
2454 2337 2541 2394 ἐπὶ
2598 2339 2697 2407 τὴν
2756 2343 2885 2411 γῆν,
2941 2335 3030 2391 καὶ
3089 2332 3258 2389 ἔδωκέ
3309 2355 3403 2407 μοι
3428 2331 3609 2387 ὅπλον
3668 2333 3758 2387 καὶ

2103 2428 2370 2506 ῥομφαίαν
2417 2430 2553 2498 (13),
2602 2426 2692 2481 καὶ
2742 2425 2893 2481 εἶπε·
2963 2447 2992 2477 ‹‹
3058 2423 3295 2493 Ποίησον
3362 2419 3645 2491 ἐκδίκησιν
3707 2420 3755 2475 ἓν

2103 2518 2298 2593 Συχὲμ
2355 2517 2487 2592 ὑπὲρ
2541 2515 2715 2587 Δίνας,
2763 2516 2918 2590 κάγὼ
2958 2512 3153 2587 ἔσομαι
3207 2512 3341 2585 μετὰ
3369 2516 3490 2574 σοῦ,
3530 2510 3618 2565 ὅτι
3654 2509 3759 2565 Κύ-

2100 2627 2215 2682 ριος
2275 2603 2579 2661 ἀπέσταλκέ
2633 2625 2718 2677 με,
2765 2626 2793 2656 ››
2843 2602 2941 2658 Καὶ
2984 2600 3302 2657 συνετέλεσα
3351 2600 3402 2655 ἐν
3454 2604 3535 2671 τῷ
3580 2604 3759 2674 καιρῷ

2098 2695 2284 2768 ἐκείνῳ
2338 2693 2463 2757 τοὺς
2538 2692 2687 2755 υἱοὺς
2753 2692 3004 2765 Ἑμμὼρ,
3080 2692 3263 2753 καθὼς
3334 2690 3641 2764 γέγραπται
3703 2688 3755 2743 ἐν

2095 2788 2215 2847 ταῖς
2247 2780 2410 2854 πλαξί
2440 2787 2546 2837 τῶν
2579 2782 2817 2859 οὐρανῶν
2851 2784 2962 2853 (14)
3016 2780 3182 2834 Εἶπον
3214 2776 3271 2834 δὲ
3300 2777 3445 2849 αὐτῷ
3471 2796 3486 2808 ’
3550 2801 3579 2832 ι
3628 2778 3757 2831 Δέο-

2102 2894 2198 2947 μαι
2247 2872 2432 2947 Κύριε,
2487 2871 2603 2927 εἶπέ
2654 2892 2748 2945 μοι
2794 2869 2858 2925 τὸ
2906 2868 3083 2942 δνομά
3128 2889 3245 2938 σου,
3272 2865 3366 2921 ’ίνα
3396 2864 3758 2939 έπικαλῶμαί

2097 2982 2156 3016 σε
2194 2960 2246 3017 έν
2295 2959 2477 3033 ἡμέρᾳ
2525 2957 2787 3033 θλίψεως.
2826 2981 2847 3009 ι
2891 2956 2991 3012 Καὶ
3022 2956 3187 3012 εἶπεν·
3222 2980 3249 3008 ‹‹
3283 2955 3406 3032 Εγώ
3436 2955 3553 3028 εἶμι
3588 2956 3618 3009 ὁ
3652 2952 3753 3029 ἅγ-

2098 3049 2264 3126 γελος
2295 3050 2322 3105 ὁ
2352 3046 2788 3125 παραιτούμενος
2816 3046 2879 3102 τὸ
2907 3046 3063 3123 γένος
3093 3043 3336 3120 Ἰσραὴλ,
3365 3048 3463 3098 τοῦ
3515 3044 3595 3118 μὴ
3646 3064 3754 3097 πα-

2096 3136 2247 3209 τάξαι
2278 3136 2473 3199 αὐτοὺς
2506 3135 2584 3199 εἷς
2614 3135 2794 3208 τέλος,
2824 3135 2909 3190 ὅτι
2938 3136 3041 3189 πᾶν
3073 3137 3184 3208 (15)
3233 3137 3447 3206 πνεῦμα
3499 3131 3752 3208 πονηρὸν

2021 3206 2065 3274 C
2100 3206 2187 3290 εἷς
2210 3225 2404 3289 αὐτοὺς
2434 3206 2793 3301 προσϐάλλει,
2829 3247 2857 3276 ››
2888 3224 2987 3278 Καὶ
3022 3206 3368 3297 μετάνταῦτα,
3401 3220 3583 3295 ὥσπερ
3632 3206 3757 3295 (16)

2094 3313 2318 3387 ἔξυπνος
2346 3313 2662 3392 γενόμενος,
2696 3312 2967 3390 εὐλόγησα
2992 3312 3083 3368 τὸν
3115 3314 3394 3385 Ὕψιστον,
3416 3310 3507 3365 καὶ
3535 3311 3631 3365 τὸν
3657 3311 3756 3384 ἅγ-

2094 3403 2256 3481 γελον
2285 3404 2378 3460 τὸν
2428 3402 2860 3481 παραιτούμενον
2887 3406 2987 3457 τοῦ
3025 3402 3215 3478 γένους
3245 3400 3341 3455 τοῦ
3370 3398 3616 3476 Ἰσραήλ,
3657 3399 3756 3455 καὶ

2093 3496 2309 3551 πάντων
2338 3497 2447 3550 τῶν
2480 3490 2727 3549 δικαίων.

2170 3601 2230 3670 ζ’.
2267 3624 2294 3653 ‹‹
2327 3597 2426 3655 Καὶ
2457 3599 2531 3662 ὡς
2563 3597 2825 3675 ἠρχόμην
2856 3599 2995 3675 πρὸς
3022 3597 3112 3653 τὸν
3162 3596 3366 3671 πατέρα
3411 3616 3536 3668 μου,
3590 3592 3748 3669 εὗρον

2096 3686 2297 3745 ἀσπίδα
2343 3687 2584 3765 χαλκῆν,
2639 3684 2725 3743 διὸ
2770 3687 2860 3741 καὶ
2909 3687 2972 3742 τὸ
3003 3684 3178 3758 ὅνομα
3204 3688 3302 3739 τοῦ
3332 3682 3494 3760 ὅρους
3522 3684 3753 3749 Ἀσπις,

2094 3776 2176 3833 ὅτι
2222 3776 2386 3853 έγγὺς
2433 3771 2630 3847 Γεϐὰλ,
2680 3774 2740 3831 ἐκ
2788 3773 2975 3846 δεξιῶν
3019 3769 3251 3829 ’Δϐιλᾶο
3296 3774 3388 3827 καὶ
3417 3774 3750 3847 συνετήρουν

2091 3866 2220 3929 τοὺς
2278 3864 2478 3943 λόγους
2531 3864 2759 3927 τούτους
2818 3864 2870 3920 ἐν
2917 3867 2986 3937 τῇ
3034 3861 3197 3934 καδίᾳ
3248 3883 3374 3935 μου’
3414 3862 3559 3935 Ἐγὼ
3598 3882 3751 3915 συνε-

2096 3950 2366 4011 ϐούλευσα
2401 3959 2481 4028 τῷ
2509 3954 2672 4029 πατρί
2706 3976 2809 4027 μου
2838 3952 2927 4008 καὶ
2958 3947 3205 4025 Ῥουϐἡμ
3230 3956 3310 4023 τῷ
3342 3948 3564 4027 ἀδελφῷ
3622 3971 3751 4022 μου,

2088 4042 2182 4099 *ίνα
2240 4041 2430 4099 εἶάπωσι
2487 4048 2606 4106 τοῖς
2665 4043 2806 4104 υἱοῖς
2866 4042 3122 4117 Ἑμμὼρ,
3168 4044 3266 4095 τοῦ
3340 4041 3751 4112 περιτμηθῆναι

2094 4132 2311 4205 αὐτοὺς,
2362 4131 2444 4189 ὅτι
2490 4131 2744 4203 ἐζήλωσα
2768 4129 2859 4186 διὰ
2884 4132 2947 4186 τὸ
2984 4127 3283 4206 βδέλυγμα,
3342 4126 3375 4182 ὅ
3404 4128 3663 4198 ἐποίησαν
3698 4127 3753 4182 ἐν

2096 4220 2341 4299 Ἰσραήλ.
2388 4221 2550 4297 Κάγὼ
2591 4219 2803 4276 ἀνεῖλον
2850 4219 2942 4275 τὸν
2990 4219 3183 4294 Συχὲμ
3237 4217 3290 4272 έν
3335 4218 3602 4294 πρώτοις,
3660 4218 3753 4271 καὶ

2097 4313 2322 4385 Συμεὼν
2378 4312 2469 4367 τὸν
2519 4310 2772 4384 Ἑμμὼρ.
2827 4310 2929 4364 Καὶ
2976 4308 3108 4382 μετᾶ
3154 4311 3323 4362 ταῦτα
3397 4304 3645 4367 ἐλθόντες
3697 4308 3755 4360 οἱ

2094 4398 2325 4478 ἀδελφοὶ
2386 4400 2647 4473 ἐπάταξαν
2696 4400 2794 4468 τήν
2845 4397 3007 4453 πόλιν
3067 4397 3120 4452 έν
3171 4395 3398 4469 στόματι
3446 4394 3751 4473 ῥομφαίας.

2095 4490 2194 4546 Καὶ
2222 4487 2452 4560 ἤκουσεν
2485 4490 2513 4545 6
2545 4489 2748 4564 πατὴρ,
2780 4487 2869 4543 καὶ
2902 4485 3169 4564 ὠργίσθη,
3201 4484 3291 4540 καὶ
3324 4482 3603 4556 ἐλυπήθη,
3666 4484 3754 4539 ὅτι

2095 4811 2300 4868 pressa
2331 4812 2344 4852 :
2378 4817 2423 4868 ι(
2470 4792 2682 4855 Πλάκες
2714 4795 2810 4846 τοῦ
2843 4789 3073 4868 οὐρανοῦ
3114 4790 3327 4868 inquit,
3383 4806 3501 4868 non
3558 4790 3747 4861 aliud,

2095 4862 2321 4939 opinor,
2358 4867 2657 4939 denotant,
2682 4881 2865 4939 quam
2882 4862 3068 4939 legent
3093 4863 3334 4939 incudi}
3363 4862 3751 4939 archetypum.

2096 4933 2213 4994 L'ex
2238 4939 2394 4994 enim
2428 4938 2680 4994 Mosaica
2700 4933 2926 4993 tabulis
2949 4933 3204 4994 lapideis
3232 4952 3265 4989 a
3294 4933 3409 4989 Deo
3440 4933 3573 4994 ipso
3603 4933 3749 4989 exa-

2094 5015 2220 5066 rata
2251 5016 2358 5066 est.
2393 5010 2527 5073 Quae
2558 5009 2795 5081 quidem
2849 5000 3106 5081 Tabulas,
3138 5002 3348 5059 πλάκεσ
3404 5000 3745 5081 λίθιναι-ξρ-

2135 5080 2386 5137 ellantur
2412 5081 2473 5136 in
2500 5077 2685 5137 sacris
2714 5078 2945 5143 litteris,
2979 5095 3083 5147 pro
3114 5092 3379 5133 sermone
3409 5077 3566 5147 apud
3618 5077 3749 5147 Bel-

2117 5154 2334 5225 enistas
2395 5157 2644 5225 recepto,
2696 5145 3107 5225 quanquid‘em
3160 5145 3747 5225 opponunturj::l_a_igi

2092 5223 2365 5298 σαρκίναις
2400 5219 2647 5297 Legique
2677 5219 2952 5304 cordibus
2994 5219 3273 5276 humanis
3317 5219 3620 5301 inscriptae
3655 5221 3745 5292 (Il.

2095 5296 2222 5351 Cor.
2282 5311 2371 5364 III,
2420 5297 2493 5364 3).
2546 5317 2575 5345 »
2607 5299 2737 5349 Hazc
2786 5294 3015 5364 aliaque
3064 5292 3234 5364 plura
3279 5290 3745 5364 v1r_doctus.ln

2095 5310 2222 5351 cor.
2282 5311 2371 5367 ut,
2420 5310 2493 5364 3).
2546 5317 2575 5345 »
2607 5310 2737 5349 nam
2786 5310 3015 5364 aliaque
3064 5310 3234 5365 plura
3279 5310 3366 5344 vu'
3411 5310 3649 5345 doctus.
3686 5310 3744 5345 in

2093 5367 2265 5446 aliam
2317 5371 2514 5446 autem
2566 5364 2911 5446 sententiam
2943 5363 3051 5446 hac
3098 5363 3170 5446 de
3214 5361 3448 5446 reabiit
3498 5361 3744 5446 celebris

2092 5439 2329 5497 criticus
2374 5438 2700 5494 Richardus
2764 5434 3064 5491 Simonius
3110 5433 3172 5489 in
3224 5431 3485 5505 Biblioth.

2092 5516 2233 5567 tom.
2272 5513 2339 5579 II,
2373 5528 2500 5580 cap.
2535 5508 2623 5575 45,
2676 5507 2963 5580 pag._23!i,
2995 5521 3169 5579 quem
3219 5503 3492 5561 consulas
3541 5503 3742 5560 velim.

2184 5582 2273 5637 45)
2304 5586 2412 5636 Πᾶν
2444 5578 2775 5637 Οωὶεευωξ
2795 5578 2981 5634 GBAB.

2188 5650 2275 5725 16)
2301 5655 2504 5727 Ὥσπερ
2539 5650 2857 5709 Omissum.
2892 5650 2975 5707 In.
