4014 6226
279 407 428 475 1057

1554 406 2148 474 TESTAMENTUM
2194 410 2400 475 LEVI.

3528 421 3687 485 1058

271 542 618 616 κατεδέξαντο
661 544 760 613 τὴν
812 543 1140 621 περιτομὴν,
1183 544 1273 598 καὶ
1322 544 1454 617 μετὰ
1500 548 1662 598 τοῦτο
1720 542 1907 598 ἀπέθα-

2034 544 2281 611 sionem,
2316 547 2373 599 et
2406 548 2535 615 post
2565 544 2675 600 hoc
2698 546 2910 601 mortui
2938 546 3077 604 sunt
3110 566 3122 615 ;
3159 552 3215 604 et
3240 550 3300 606 in
3326 551 3685 611 benedictio-

271 656 385 689 νον·
430 634 521 688 καὶ
574 633 627 689 ἐν
674 638 794 695 ταῖς
840 633 1114 710 εὐλογίαις
1163 630 1350 694 ἄλλως
1399 631 1675 703 ἐποίησεν.
1715 634 1920 708 Ἡμάρ-

270 744 436 796 τομεν
495 724 618 799 γὰρ,
652 720 736 777 ὅτι
792 723 939 798 παρὰ
999 723 1226 796 γνώμην
1304 720 1470 776 αύτοῢ
1541 722 1922 793 πεποιήκαμεν

267 817 454 866 τοῦτο’
498 812 647 887 καίγε
689 809 1025 884 ἐμαλακίσθη
1081 810 1134 866 έν
1173 814 1242 884 τῇ
1292 808 1475 885 ἡμέρᾳ
1523 809 1715 883 ἐκείνῃ.
1768 808 1926 864 Ἀλλ⁶

270 899 383 977 ἐγὼ
429 900 591 973 εἶδον,
652 898 734 955 ὅτι
789 899 1054 978 ἀπόφασις
1102 903 1235 955 Θεοῦ
1274 899 1339 967 ἦν
1390 897 1465 960 εἷς
1509 898 1648 953 κακὰ
1695 898 1782 953 ἐπὶ
1832 897 1925 952 Σί-

272 1008 447 1062 κημα’
483 988 623 1044 διότι
655 986 852 1059 ⁴ἤθελον
887 988 962 1051 εἷς
1010 989 1110 1057 τὴν
1156 986 1366 1063 Σάῤῥαν
1418 994 1670 1056 ποιῆσαι,
1700 987 1759 1041 ὃν
1806 986 1929 1060 τρό-

274 1097 375 1131 πον
436 1075 695 1145 ἐποίησαν
754 1076 906 1131 Δίθαν
964 1077 1063 1145 τὴν
1127 1073 1367 1154 ἀδελφὴν
1422 1077 1605 1147 ἡμῶν·
1661 1075 1749 1130 καὶ
1822 1074 1925 1129 Κύ-

279 1186 395 1242 ριος
446 1164 712 1220 ἐκώλυσεν
759 1164 973 1227 αὐτούς.
1026 1164 1120 1219 Καὶ
1172 1160 1345 1226 οὕτως
1409 1162 1630 1235 ἐδίωξαν
1677 1158 1929 1239 Ἀϐραὰμ

2034 633 2211 690 nibus
2239 632 2407 688 aliter
2434 632 2589 688 fecit.
2624 634 2996 693 Peccavimus
3018 637 3199 706 enim,
3234 641 3512 711 quoniam
3545 661 3686 715 prae-

2032 727 2122 779 ter
2153 720 2463 778 consilium
2492 722 2621 794 ejus
2651 723 2760 780 hoc
2801 725 3052 783 fecimus
3089 744 3103 796 ;
3136 732 3193 783 et
3224 730 3557 789 inﬁrmatus
3597 736 3687 788 est

2036 810 2097 866 1n
2130 812 2227 867 die
2259 809 2375 867 illa.
2400 811 2508 867 Sed
2539 827 2643 884 ego
2677 813 2828 881 novi,
2864 815 3020 886 quod
3054 818 3346 874 sententia
3402 819 3502 875 Dei
3559 824 3685 877 erat

2035 899 2096 955 in
2126 899 2278 955 mala
2303 916 2481 972 super
2512 901 2771 958 Sicbima
2805 920 2818 971 ;
2852 905 3127 975 quoniam
3181 906 3495 964 voluerunt
3528 910 3682 967 Saraa

2037 989 2244 1056 facere,
2279 990 2773 1061 quemadmodum
2806 991 3070 1049 fecerunt
3128 994 3289 1051 Dinae
3349 998 3533 1054 sorori
3574 1016 3681 1055 no-

2042 1081 2172 1133 strae
2208 1094 2221 1133 :
2259 1082 2317 1134 et
2345 1078 2631 1134 Dominus
2678 1080 2977 1151 prohibuit
3014 1098 3133 1139 eos.
3157 1084 3225 1139 Et
3271 1084 3353 1141 sic
3393 1087 3682 1158 persecuti

2045 1171 2185 1223 sunt
2212 1167 2502 1223 Abraham
2536 1173 2762 1240 patrem
2794 1174 3082 1241 nostrum,
3142 1174 3516 1246 peregrinum
3562 1176 3680 1233 exi-

274 1257 366 1311 τὸν
443 1254 647 1328 πατέρα
702 1257 885 1328 ἡμῶν,
944 1254 1089 1325 ξένον
1172 1248 1319 1325 ὄντα,
1377 1253 1467 1308 καὶ
1553 1254 1907 1323 κατεπάτησαε

2038 1261 2311 1325 stentem,
2345 1260 2402 1312 et
2430 1258 2918 1315 conculcaverunt
2966 1277 3170 1334 greges
3214 1263 3363 1334 ejus,
3412 1264 3681 1337 turgidos

275 1346 485 1419 (17)τά
538 1344 763 1417 ποίμνια
819 1342 1122 1419 ὠγκωμένα
1179 1339 1305 1398 ὄντα
1361 1343 1443 1397 ἐπ’
1492 1341 1674 1397 αὐτόν’
1705 1342 1795 1397 καὶ
1827 1342 1907 1398 Ἰε-

2034 1346 2349 1401 existentes
2376 1347 2530 1417 apud
2563 1346 2759 1419 ipsum
2797 1372 2812 1417 ;
2845 1352 2902 1405 et
2928 1350 3137 1418 Jeblai,
3170 1350 3229 1407 in
3277 1352 3451 1409 domo
3492 1353 3682 1426 ipsius

277 1428 429 1504 ϐλαὶ,
460 1434 551 1489 τὸν
612 1432 860 1508 οῒκογενῆ
918 1432 1102 1503 αὐτοῦ,
1160 1432 1367 1511 σφόδρα
1424 1431 1717 1488 αἰκίσαντο.
1766 1431 1907 1507 Καίγι

2034 1435 2316 1505 genitum,
2347 1433 2513 1491 valde
2543 1436 3008 1494 verberaverunt.
3053 1440 3123 1495 Et
3170 1440 3253 1497 ita
3299 1442 3589 1499 faciebant
3620 1443 3679 1499 in

276 1523 451 1585 οὕτως
502 1522 720 1578 ἐποίουν
767 1522 968 1584 πάντας
1014 1520 1141 1584 τοὺς
1182 1521 1362 1592 ξένους
1394 1523 1527 1595 (18),
1562 1520 1613 1575 ἐν
1648 1518 1907 1592 δυναστείς

2034 1539 2238 1578 omnes
2269 1523 2626 1596 peregrinos,
2659 1524 2713 1580 vi
2746 1526 3039 1598 rapientes
3097 1546 3307 1586 uxores
3337 1547 3562 1600 eorum,
3623 1535 3681 1588 et

275 1613 606 1687 ἁρπάζοντες
656 1612 751 1674 τὰς
806 1616 1059 1687 γυναῖκας
1118 1610 1318 1683 αὐτῶν,
1368 1608 1457 1665 καί
1508 1608 1907 1681 ξενηλατοῦνσει

2032 1610 2092 1667 in
2126 1611 2394 1668 exsilium
2427 1612 2774 1685 inpellentes
2804 1632 2924 1673 eos.
2967 1616 3138 1674 Venit
3186 1622 3384 1676 autem
3431 1620 3520 1676 ira
3566 1621 3679 1678 Do-

274 1701 739 1777 αύτούς.”Εφθασε
760 1699 816 1756 δὲ
845 1703 881 1770 ἡ
903 1700 1042 1776 ὀργὴ
1066 1700 1267 1776 Κυρίου
1298 1700 1381 1755 ἐπ’
1410 1699 1607 1761 αὐτοὺς
1636 1697 1710 1761 εἷς
1738 1698 1907 1762 τέλος

2034 1700 2179 1755 mini
2209 1717 2388 1773 super
2415 1716 2515 1759 eos
2546 1702 2606 1758 in
2632 1702 2830 1760 ﬁnem.

346 1797 412 1845 Ζ.
450 1816 477 1843 (ι
511 1791 609 1845 Καὶ
666 1790 816 1844 εἶπον
870 1794 950 1861 τῷ
1005 1787 1189 1864 πατρί·
1232 1789 1377 1858 ιιΜή
1440 1788 1685 1865 ὀργίζου,
1743 1788 1907 1865 κύριε,

2101 1788 2222 1845 VII.
2258 1813 2284 1841 ‹‹
2315 1791 2385 1846 Et
2414 1791 2679 1849 dicebam
2712 1793 2862 1866 patri
2897 1810 2909 1851 :
2944 1818 2972 1845 «
3004 1794 3088 1855 Ne
3118 1795 3410 1868 irascaris,
3444 1800 3678 1858 domine

272 1879 357 1935 ὅτι
388 1879 439 1935 ἐν
497 1880 579 1934 σοὶ
638 1876 976 1949 ἐξουδενώσει
1007 1878 1205 1955 Κύριος
1259 1877 1386 1940 τοὺς
1437 1877 1788 1946 Χαναναίους,
1828 1877 1907 1932 καῖ

2033 1878 2311 1951 quoniam
2342 1878 2401 1935 in
2424 1885 2479 1936 te
2510 1882 2581 1937 ad
2615 1882 2867 1938 nihilum
2884 1884 3107 1957 rediget
3138 1890 3288 1942 Deus
3313 1886 3674 1948 Chananeos

273 1967 434 2025 δώσει
488 1970 589 2039 τήν
645 1975 747 2045 γῆν
801 1967 976 2023 αὐτῶν
1040 1988 1145 2039 σοι,
1176 1968 1265 2022 καὶ
1315 1965 1583 2043 σπέρματί
1631 1988 1727 2021 σου
1791 1967 1907 2040 μετέ

2033 1972 2090 2023 et
2116 1968 2278 2023 dabit
2304 1972 2520 2025 terram
2550 1968 2814 2042 ipsorum
2845 1971 2972 2044 tibi,
3018 1977 3075 2029 et
3121 1974 3329 2031 semini
3382 1980 3487 2033 tuo
3542 1983 3676 2050 post

273 2060 566 2115 σὲ.Ἔσται
595 2059 696 2134 γὰρ
746 2057 851 2112 ἀπὸ
908 2058 1147 2132 σήμερον
1184 2057 1371 2129 Σικήμ
1427 2054 1701 2131 λεγομένη
1756 2055 1907 2112 πόλις

2028 2060 2105 2112 te.
2140 2079 2168 2106 ››
2202 2057 2323 2113 Erit
2348 2058 2506 2114 enim
2537 2059 2608 2115 ab
2648 2059 2759 2116 hoc
2813 2060 2905 2117 die
2962 2061 3195 2118 Sichem
3255 2064 3410 2120 dicta
3466 2066 3674 2124 civitas

273 2149 561 2203 ἀσυνέτων·
582 2148 663 2203 ὅτι
698 2146 824 2201 ὡσεί
853 2168 937 2208 τις
968 2144 1223 2221 χλευάσει
1260 2144 1463 2219 μωρὸν,
1487 2142 1661 2207 οὕτως
1693 2144 1920 2221 ἐχλευά-

272 2259 438 2310 σαμεν
471 2235 685 2299 αὐτούς·
710 2234 792 2290 ὅτι
822 2236 974 2311 καίγε
1002 2234 1307 2313 ἀφροσύνην
1338 2233 1563 2306 ἔπραξαν
1596 2233 1647 2289 έν
1676 2232 1916 2308 Ἰσραὴλ,

277 2333 461 2399 μιᾶναι
492 2328 603 2399 (19)
632 2326 733 2394 τήν
762 2322 1001 2402 ἀδελφήν
1048 2326 1232 2397 ἡμῶν.
1268 2324 1365 2377 Καὶ
1418 2319 1675 2385 λαϐόντες
1719 2323 1914 2378 ἐκεῖθεν

267 2418 367 2485 τὴν
400 2413 639 2493 ἀδελφὴν
669 2414 1163 2487 ἡμῶν,ἀπάροντες
1196 2414 1307 2485 (20)
1339 2410 1585 2486 ἤλθομεν
1616 2412 1691 2475 εἷς
1716 2412 1913 2483 Βεθήλ.

341 2511 419 2560 H'.
460 2530 480 2556 ι
520 2504 683 2559 Κάκεῖ
710 2502 874 2557 πάλιν
911 2500 1051 2557 εἶδον
1102 2507 1352 2577 πρᾶγμα,
1385 2500 1565 2576 ὥσπερ
1610 2502 1673 2556 τὸ
1721 2501 1914 2577 πρότε-

270 2616 386 2670 ρον,
421 2592 552 2667 μετὰ
606 2594 668 2648 τὸ
716 2592 941 2661 ποιῆσαι
1000 2591 1211 2666 ἡμέρας
1244 2598 1284 2645 ο¹
1315 2592 1448 2665 (21).
1482 2590 1581 2645 Καὶ
1612 2587 1753 2646 εἶδον
1782 2589 1916 2646 έπτᾶ

268 2682 584 2758 ἀνθρώπους
618 2681 668 2736 ἐν
704 2681 883 2751 ἐσθῆτι
925 2680 1114 2754 λευκῇ,
1148 2678 1407 2754 λέγοντάς
1450 2698 1563 2753 μοι*
1596 2705 1622 2731 ‹‹
1654 2682 1914 2742 ’Δναστάς

272 2770 483 2827 ἔνδυσαι
530 2773 627 2840 τὴν
688 2768 889 2839 στολὴν
941 2775 1043 2838 τῆς
1101 2768 1383 2845 ἱερατείας,
1414 2770 1503 2824 καὶ
1532 2768 1623 2823 τὸν
1655 2771 1910 2847 στέφανον

261 2868 363 2931 τῆς
392 2858 761 2929 δικαιοσύνης,
792 2857 882 2912 καὶ
923 2858 985 2912 τὸ
1032 2856 1222 2933 λόγιον
1250 2864 1351 2927 τῆς
1392 2858 1673 2925 συνέσεως,
1707 2857 1796 2913 καὶ
1824 2859 1914 2913 τὸν

264 2947 484 3025 ποδήρη
515 2951 614 3017 τῆς
660 2946 943 3017 ἀληθείας,
971 2946 1063 3001 καὶ
1106 2947 1168 3001 τὸ
1215 2944 1449 3001 πέταλον
1497 2953 1597 3016 τῆς
1656 2945 1910 3017 πίστεως,

262 3039 353 3094 καὶ
380 3040 479 3106 τὴν
516 3036 706 3114 μίτραν
732 3040 830 3091 τοῦ
861 3036 1112 3109 σημείου,
1143 3034 1233 3090 καὶ
1262 3036 1325 3090 τὸ
1358 3033 1520 3113 ἐφοὺδ
1548 3043 1648 3106 τῆς
1696 3057 1912 3114 προφη-

262 3127 431 3189 τείας.
469 3128 625 3181 »Καὶ
658 3126 731 3188 εἷς
774 3122 994 3187 ἕκαστος
1042 3125 1215 3179 αὐτῶν
1266 3121 1489 3180 ἕκαστον
1536 3124 1911 3201 βαστάζοντες,

268 3215 532 3286 ἐπέθηκαν
570 3236 684 3288 μοι,
715 3214 806 3269 καὶ
856 3213 1025 3269 εἶπον⁸
1062 3214 1196 3269 Ἀπὸ
1243 3218 1338 3269 τοῦ
1378 3218 1469 3269 νῦν
1517 3214 1668 3289 γίνου
1719 3214 1796 3276 εἷς
1835 3215 1910 3269 ἰε-

2029 2143 2369 2214 stultorum;
2402 2148 2679 2217 quoniam
2704 2154 2770 2205 ut
2798 2149 2934 2221 quis
2962 2151 3190 2208 deridet
3214 2153 3551 2224 fatuum,ita
3571 2157 3673 2213 de-

2028 2232 2270 2289 risimus
2282 2236 2685 2306 eos;quoniam
2701 2236 3101 2310 insipientiam
3124 2242 3346 2313 operati
3369 2243 3575 2299 suntin
3592 2249 3675 2303 Is-

2027 2322 2167 2393 rael,
2190 2322 2569 2394 inquinantes
2582 2343 2841 2383 sororem
2860 2333 3219 2385 nostram.Et
3233 2332 3585 2404 accipientes
3607 2334 3675 2389 il-

2026 2408 2144 2466 linc
2177 2428 2437 2469 sororem
2452 2417 3070 2485 nostram,auferentes
3086 2420 3352 2477 venimus
3368 2421 3426 2476 in
3444 2422 3666 2480 Bethel.

2094 2499 2241 2557 VIII.
2281 2524 2309 2551 «
2344 2502 2415 2558 Et
2443 2502 2523 2559 ibi
2554 2521 2759 2562 rursus
2788 2505 3055 2563 vldebam
3089 2525 3234 2580 rem,
3286 2512 3669 2582 quemadmo-

2023 2588 2166 2644 dum
2198 2589 2381 2661 prius,
2410 2597 2721 2665 postquam
2750 2594 2858 2651 feci
2889 2595 3013 2652 dies
3042 2599 3515 2671 septuaginta.Et
3542 2600 3663 2657 vidi

2022 2682 2245 2749 septem
2276 2680 2541 2737 hsmines
2572 2683 2629 2737 in
2663 2687 2818 2739 veste
2840 2684 3259 2753 alba,dicentes
3291 2687 3436 2743 mihi
3466 2706 3480 2745 :
3511 2712 3538 2740 «
3562 2690 3665 2746 Ex-

2024 2768 2480 2839 surgens,indue
2509 2770 2721 2827 stolam
2753 2774 3156 2845 sacerdotii,et
3184 2792 3460 2833 coronam
3485 2778 3662 2849 justi-

2023 2856 2141 2924 tiaa,
2171 2860 2228 2911 et
2264 2857 2545 2915 rationale
2572 2858 2924 2931 intellectus,
2958 2868 3015 2919 et
3060 2866 3333 2936 poderem
3374 2867 3659 2938 veritatis,

2021 2951 2079 3000 et
2110 2945 2365 3017 petalum
2395 2948 2551 3020 fidei,
2584 2953 2643 3006 et
2674 2951 2907 3008 mitram
2934 2953 3171 3026 signi,et
3200 2954 3386 3026 ephod
3417 2956 3666 3029 prophe-

2021 3034 2173 3092 tiae.»
2203 3036 2273 3091 Et
2302 3038 2712 3111 unusquisque
2737 3039 3002 3112 ipsorum
3033 3045 3498 3115 unumquodque
3530 3061 3664 3117 por-
3758 3108 3759 3111 η

2021 3127 2231 3191 tantes,
2265 3125 2677 3198 imposuerunt
2708 3129 2876 3199 mihi,
2905 3134 2963 3186 et
3009 3131 3283 3188 dixerunt
3312 3150 3326 3189 :
3365 3154 3393 3183 «
3422 3134 3509 3188 Ab
3556 3133 3667 3190 hoc

2022 3214 2283 3284 tempore
2313 3219 2436 3271 esto
2466 3217 2738 3273 sacerdos
2774 3218 3021 3291 Domini,
3054 3224 3117 3275 tu
3148 3224 3207 3276 et
3259 3237 3455 3277 semen
3492 3226 3662 3278 tuum

260 3307 355 3383 ρέα
414 3276 639 3379 ίίυρίόυ,
667 3276 735 3359 σὺ
790 3304 880 3359 καὶ
938 3303 1152 3377 σπέρμα
1208 3324 1302 3358 σου
1344 3301 1449 3366 ἕως
1481 3302 1699 3367 αἰῶνος.
1747 3303 1845 3359 Καὶ
1878 3304 1907 3360 6

2025 3317 2213 3373 usque
2244 3302 2303 3358 in
2346 3303 2684 3363 saeculum.»
2706 3308 2777 3363 Et
2806 3308 3035 3380 primus
3059 3309 3226 3364 unxit
3255 3326 3348 3365 me
3379 3309 3503 3366 oleo
3534 3329 3667 3367 san-

257 3398 474 3471 πρῶτος
504 3396 617 3467 (22)
645 3390 842 3467 ⁴ἤλειψέ
876 3414 942 3466 με
970 3390 1140 3465 ἐλαίῳ
1170 3391 1329 3469 ἁγίῳ,
1358 3391 1447 3447 καὶ
1490 3389 1658 3448 ἔδωκέ
1692 3414 1783 3466 μοι
1820 3391 1909 3469 ῥά-

256 3478 386 3538 ϐδον
418 3481 667 3557 κρίσεως.
700 3484 755 3536 Ὀ
805 3480 1051 3558 δεύτερος
1099 3476 1289 3536 ἔΛουσέ
1346 3502 1412 3554 με
1457 3478 1609 3536 ὕδατι
1666 3483 1905 3557 καθαρῷ,

252 3572 343 3627 καὶ
374 3571 618 3646 ἐψώμισε
648 3568 806 3647 ἄρτον
840 3572 957 3645 (23)
983 3569 1071 3625 ml
1131 3568 1300 3643 οἶνον,
1326 3572 1491 3645 Ἅγια
1548 3568 1716 3645 ἁγίων
1769 3571 1903 3644 (24),

257 3658 351 3715 καί
381 3658 669 3735 περιέθηκέ
702 3680 796 3733 μοι
826 3657 1025 3727 στολὴν
1081 3657 1231 3733 ἁγίαν
1279 3656 1368 3712 καὶ
1414 3654 1648 3730 ἔνδοξον.
1694 3658 1750 3710 Ὃ
1796 3656 1907 3733 τρί-

249 3769 343 3811 τος
404 3747 656 3824 βυσσίνην
716 3770 783 3821 με
834 3742 1174 3823 περιέϐαλεν,
1227 3746 1420 3819 ὁμοίαν
1481 3744 1666 3823 ἐφούδ.
1712 3747 1769 3801 Ὀ
1821 3746 1907 3801 τέ-

251 3858 446 3912 ταρτος
506 3838 681 3907 ζώνην
747 3858 841 3910 μοι
898 3837 1243 3909 περιέθηκεν,
1302 3835 1497 3909 ὁμοίαν
1547 3834 1905 3913 πορφύρα,’0

250 3927 501 4000 πέμπτος
529 3923 729 3981 κλάδον
768 3947 860 4000 μοι
913 3923 1094 3988 ἐλαίας
1142 3922 1310 3980 ἔδωκε
1356 3924 1637 3995 πιότητος.
1666 3926 1721 3978 Ὀ
1748 3921 1903 3987 ἕκτος

251 4014 504 4094 στέφανόν
542 4036 635 4089 μοι
683 4018 752 4088 τῇ
801 4013 1012 4092 κεφαλῇ
1059 4015 1391 4091 περιέθηκεν.
1420 4019 1473 4068 Ὀ
1501 4008 1737 4087 ἕϐδομος
1793 4012 1905 4069 διά-

254 4101 405 4177 δημα
432 4106 502 4176 τῇ
530 4103 742 4181 κεφαλῇ
806 4125 900 4177 μοι
961 4103 1222 4180 ἱερατείας
1272 4102 1581 4180 περιέθηκε,
1612 4108 1702 4158 καὶ
1733 4102 1903 4175 ἐπλή-

254 4212 395 4269 ρωσε
449 4192 545 4254 τὰς
604 4192 796 4267 χεῖράς
854 4212 959 4263 μου
1014 4189 1378 4264 θυμιάματος,
1424 4190 1563 4246 ὥστε
1613 4192 1903 4269 ἱερατεύειν

255 4301 322 4353 με
354 4280 549 4354 Κυρίῳ.
584 4280 751 4337 Εἶπαν
786 4277 843 4334 δὲ
882 4279 1018 4356 πρός
1055 4299 1139 4352 με·
1174 4304 1201 4332 ‹‹
1236 4280 1368 4334 Λευῒ
1393 4279 1470 4341 εἰς
1523 4286 1671 4349 τρεῖς
1724 4281 1900 4358 ἀρχὰς

250 4366 649 4445 διαιρεθήσεται
680 4369 741 4424 τὸ
789 4370 1005 4445 σπέρμα
1036 4391 1154 4438 σου,
1186 4368 1261 4431 εἷς
1302 4374 1531 4441 σημεῖον
1579 4364 1738 4441 δόξης
1796 4378 1899 4425 Κυ-

249 4458 366 4535 ρίου
396 4458 789 4534 ἐπερχομένου*
840 4459 930 4513 καί
962 4459 990 4513 6
1024 4456 1312 4520 πιστεύσας
1343 4460 1460 4532 (25)
1491 4463 1709 4531 πρῶτος
1764 4458 1899 4528 κλῆ-

248 4567 343 4623 ρος
395 4545 564 4617 ἔσται,
621 4546 711 4602 καὶ
776 4547 940 4624 μέγας
1000 4546 1132 4622 ὑπὲρ
1191 4546 1347 4609 αὐτὸν
1388 4546 1450 4601 οὐ
1507 4549 1806 4624 γενήσεται.
1841 4550 1897 4604 Ὁ

2018 3394 2130 3455 cto,
2163 3395 2219 3445 et
2248 3391 2409 3448 dedit
2438 3394 2585 3449 mihi
2624 3396 2848 3468 virgam
2872 3397 3106 3469 judicii.
3165 3398 3469 3455 Secundus
3521 3399 3663 3457 lavit

2018 3494 2113 3534 me
2141 3496 2294 3551 aqua
2324 3483 2629 3549 munda,et
2657 3484 2870 3540 cibavit
2896 3485 3093 3559 (dans)
3132 3502 3341 3558 panem
3373 3491 3433 3542 et
3458 3487 3660 3543 vinum

2018 3567 2239 3623 scilicet
2269 3569 2482 3625 Sancta
2512 3577 2932 3643 sanctorum,et
2959 3574 3344 3631 circumdedit
3374 3592 3467 3631 me
3510 3575 3661 3632 stola

2017 3660 2219 3711 sancta
2239 3660 2295 3711 et
2323 3657 2836 3730 gloriosa.Tertius
2858 3661 3096 3733 byssina
3117 3679 3210 3717 me
3240 3663 3454 3730 induit,
3478 3664 3659 3720 simili

2014 3743 2224 3815 ephod.
2259 3746 2511 3811 Quartus
2540 3764 2745 3803 zonam
2795 3749 2936 3804 mihi
2993 3750 3436 3823 circumposuit,
3495 3752 3659 3807 simi-

2015 3830 2131 3886 lem
2164 3833 2711 3904 purpuraz.Quintus
2744 3852 2973 3891 ramum
2996 3835 3157 3891 olivae
3179 3837 3325 3892 mihi
3354 3837 3515 3893 dedit
3534 3838 3659 3909 pin-

2013 3920 2307 3991 guedinis.
2352 3922 2560 3977 Sextus
2605 3939 2880 3979 coronam
2928 3924 3102 3996 capiti
3154 3942 3280 3981 meo
3324 3925 3655 3997 circumpo-

2014 4009 2151 4064 suit.
2186 4009 2484 4082 Septimus
2516 4011 2788 4068 diadema
2816 4013 2991 4085 capiti
3022 4030 3152 4070 meo
3196 4014 3500 4071 sacerdotii
3546 4015 3656 4070 cir-

2013 4098 2435 4170 cumposuit,et
2462 4097 2724 4171 implevit
2754 4118 2968 4158 manus
3000 4118 3161 4158 meas
3182 4103 3658 4176 thymiamate,ut

2012 4187 2335 4243 sacerdotio
2368 4189 2641 4261 fungerer
2662 4190 3227 4247 Domino.Dixerunt
3255 4196 3451 4247 autem
3483 4191 3651 4247 mihi:

2013 4296 2043 4326 «
2076 4276 2229 4347 Levi,
2262 4278 2320 4332 in
2354 4277 2468 4332 tria
2497 4278 2782 4351 principia
2810 4280 3102 4336 dividetur
3139 4296 3337 4335 semen
3368 4284 3563 4347 tuum,
3594 4280 3653 4335 in

2011 4364 2246 4437 signum
2278 4364 2475 4438 glorias
2512 4368 2738 4423 Domini
2772 4369 3235 4441 supervenientis
3266 4386 3279 4435 ;
3308 4373 3366 4426 et
3400 4369 3500 4440 qui
3532 4385 3652 4425 cre-

2009 4453 2243 4522 diderit,
2278 4453 2467 4525 prima
2497 4472 2624 4511 sors
2655 4456 2784 4527 erit,
2815 4461 2872 4512 et
2894 4458 3083 4529 major
3103 4472 3281 4529 super
3310 4457 3505 4529 ipsum
3535 4474 3651 4513 non

2008 4540 2123 4597 ﬁet.
2156 4544 2458 4599 Secundus
2489 4543 2597 4599 erit
2624 4544 2685 4599 in
2715 4546 3061 4601 sacerdotio.
3093 4545 3346 4612 Tertius,
3379 4546 3429 4600 ei
3481 4561 3652 4601 voca-

245 4633 493 4711 δεύτερος
549 4630 693 4699 ἔςται
722 4635 774 4690 ἐν
805 4635 1089 4713 ἱερωσύνῃ.
1119 4640 1174 4689 '0
1228 4635 1435 4712 τρίτος,
1468 4634 1889 4708 ἐπικληθήσεται

2020 4630 2165 4685 oitur
2195 4648 2406 4687 nomen
2439 4647 2676 4701 novum,
2710 4632 2990 4704 quoniam
3022 4634 3141 4689 Rex
3170 4650 3239 4689 ex
3264 4632 3418 4688 Juda
3446 4647 3652 4687 exsur-

486 4793 891 4865 Κατεπάτησαν.
950 4792 1604 4868 Κατεπόνησανκηὶφηίἰις
1687 4798 1891 4855 labori-

246 4866 342 4923 bus
372 4866 775 4939 defatigarunt,
804 4869 924 4939 sive
952 4866 1548 4938 confecerunthAB.

462 4940 670 5001 Πάντας
700 4938 827 5011 τοὺς
862 4938 1063 5010 ξένους.
1084 4942 1233 5011 -Ηᾶσι
1264 4943 1381 4999 τοῖς
1412 4938 1604 5009 ξένοις.
1638 4944 1719 4995 ID.

314 5008 428 5077 (19)
458 5014 673 5064 Μιᾶναι.
709 5008 1000 5072 Μιαναντες
1033 5008 1205 5067 Δίναν.
1241 5011 1321 5066 ID.

316 5080 427 5158 (2Q)
458 5082 808 5158 ἈπςιὶροντΔεςς.Δ
851 5082 1192 5158 Ἐπάραντες,
1244 5098 1355 5138 ms.
1416 5080 1595 5139 Oxon.
1646 5082 1759 5139 Sed
1808 5082 1888 5140 le-

243 5153 499 5229 gendum
532 5153 676 5229 puto
706 5153 1021 5229 a‘wra'zpav'teé.
1048 5155 1129 5209 ID.

338 5226 427 5299 21)
456 5221 707 5299 Ἡμέρας.
726 5221 960 5282 Inserta:
992 5229 1130 5299 sunt
1151 5224 1278 5299 dua;
1299 5240 1467 5299 voces
1488 5225 1636 5297 ἡμᾶς
1659 5221 1788 5282 ἐκεῖ.
1805 5230 1889 5282 ID.

455 5297 510 5370 Ὁ
540 5295 776 5370 πρῶτος.
806 5300 924 5370 Ἔτι
958 5296 1221 5353 additum
1254 5295 1338 5350 Id.

311 5367 425 5435 (23)
457 5367 672 5437 Ἄρτον.
706 5374 803 5423 Με.
838 5369 919 5425 In.

310 5439 424 5509 (24)
455 5440 623 5513 ⁰Αγια
671 5439 859 5513 ἁγίων.
896 5438 1088 5513 Minus
1144 5437 1374 5513 plaeent
1432 5453 1558 5513 quas
1617 5439 1677 5494 in
1734 5439 1890 5495 hunc

237 5506 433 5563 locum
468 5506 991 5567 ad'notat'Grabius
1021 5527 1033 5572 ;
1068 5506 1319 5564 ea_enim
1352 5508 1409 5563 in
1450 5506 1724 5565 alienum
1758 5527 1891 5566 sen-

237 5596 371 5634 sum
404 5581 630 5637 detorta
658 5580 1027 5637 videntur.“
1058 5581 1224 5653 ’Ἅγια
1278 5582 1387 5653 τῶν
1445 5579 1612 5653 ᾁγίων
1682 5598 1891 5637 occur-

237 5656 378 5706 runt
407 5654 628 5723 passim
665 5655 723 5709 in
756 5655 938 5709 sacris
963 5651 1266 5719 litteris,in
1302 5651 1511 5723 primis
1540 5668 1675 5708 vero
1706 5653 1887 5709 Levit.

238 5724 711 5803 respondentque
756 5725 830 5783 iis
873 5724 1181 5802 principue,
1244 5739 1373 5797 qua
1430 5726 1639 5800 sponte
1696 5723 1891 5784 oblata

2003 4792 2270 4858 Domino,
2297 4791 2516 4847 fiebant
2542 4790 2744 4847 Sancta
2772 4800 3105 4857 sanctorum,
3136 4791 3537 4863 cadebantque
3589 4789 3649 4844 in

2004 4880 2181 4943 usum
2214 4863 2578 4943 sacerdotum
2612 4868 2678 4943 et
2697 4863 3023 4943 levitarum.
3060 4864 3258 4943 Neque
3289 4862 3458 4943 aliter
3504 4878 3645 4943 sane

2003 4935 2259 4990 sensisse
2281 4938 2586 5006 auctorem
2638 4937 3099 4991 Testamentorum
3152 4932 3315 5006 puto,
3366 4934 3509 5006 dum
3554 4932 3649 5006 hic

2002 5007 2138 5062 Levi
2165 5007 2249 5061 sic
2279 5005 2613 5076 loquentem
2646 5006 2887 5062 inducit.
2931 5037 2993 5047 —
3030 5004 3205 5061 Recte
3254 5004 3649 5060 consideranti

2002 5077 2125 5154 haee
2153 5076 2298 5133 visio
2330 5077 2524 5154 potius
2550 5077 2783 5133 videtur
2810 5077 3009 5133 referri
3065 5078 3136 5154 ad
3170 5076 3565 5154 christianum
3592 5078 3651 5129 et

2002 5149 2267 5204 divinum
2300 5148 2501 5203 altaris
2533 5154 2963 5205 sacramentum
2998 5149 3107 5205 sub
3132 5153 3378 5218 utraque
3409 5148 3604 5218 specie
3630 5161 3645 5212 ;

2002 5221 2171 5290 cujus
2190 5218 2395 5275 ethinc
2417 5236 2653 5292 quoque
2670 5220 3100 5292 primmvaﬁdes
3114 5216 3319 5274 contra
3339 5216 3644 5273 haereticos

2001 5292 2399 5369 Protestantes
2428 5291 2797 5369 comprobari
2827 5296 3046 5369 potest.
3068 5291 3287 5369 Danaa.
3445 5357 3458 5369 .

2071 5363 2184 5432 (25)
2243 5360 2345 5417 Καὶ
2422 5360 2450 5413 6
2506 5359 2967 5424 πιστεύσας.’Καῖ
3029 5359 3333 5431 ἐπίστευσα,
3365 5399 3385 5429 ,
3442 5359 3524 5432 ita
3581 5361 3648 5413 ut

1999 5431 2217 5512 πρῷτος
2250 5449 2455 5512 novam
2490 5433 2731 5512 inchoet
2755 5436 3077 5512 petjodum.
3110 5434 3293 5512 Galae.
3340 5459 3410 5512 :—
3448 5431 3646 5485 Graeca

1998 5504 2172 5560 verbo
2204 5510 2375 5560 tenus
2406 5504 2488 5558 ita
2531 5510 2740 5560 sonant
2757 5504 2789 5561 'z
2825 5507 2888 5560 Et
2938 5507 3032 5577 qui
3076 5504 3401 5577 credzderit,
3438 5516 3646 5577 magna

1997 5593 2115 5633 sors
2146 5578 2269 5647 erit,
2293 5583 2356 5658 et
2382 5592 2617 5658 magnus
2646 5593 2809 5649 super
2838 5571 3020 5651 ipsum
3074 5592 3182 5633 non
3213 5574 3304 5646 ﬁet
3336 5590 3354 5627 :
3387 5571 3498 5627 hoc
3555 5575 3646 5629 est

1999 5665 2159 5707 nemo
2189 5663 2367 5721 major
2398 5663 2533 5721 zpso.
