4014 6226
354 411 510 471 1059

1332 404 1875 475 TESTAMENTA
1918 407 2029 473 ΧΠ
2074 406 2781 477 PATIllARCHARUM.

3600 416 3770 475 1060

350 542 466 613 get,
500 542 560 595 et
590 538 760 594 tacict
789 538 1135 593 sacerdotim
1163 553 1396 607 novum,
1430 539 1753 595 secundum
1786 542 1984 611 typum

2108 537 2255 610 αὐτῷ
2285 533 2460 612 ὄνομα
2488 541 2691 611 καινὸν,
2725 539 2806 595 ὅτι
2846 538 3097 616 βασιλεὺς
3147 539 3206 597 ἐκ
3250 548 3347 599 τοῦ
3405 542 3583 599 Ἰούδα
3631 547 3767 599 ἀνα-

349 627 615 701 gentium
647 626 706 683 in
740 642 945 683 omnes
976 631 1199 698 gentes.
1230 628 1528 684 Adventus
1578 632 1775 685 autem
1808 628 2001 700 ipsius

350 715 683 782 ineffabilia,
719 720 783 772 ut
812 716 1105 788 prepbetze
1134 715 1419 777 Altissimi
1449 733 1516 780 ex
1560 716 1785 779 semine
1814 716 1996 772 Abra-

350 805 489 861 ham
519 804 704 876 patris
734 805 940 861 nostri.
974 804 1156 861 Omne
1185 804 1569 867 desiderabile
1594 804 1653 860 in
1685 804 1865 861 Israel
1888 803 1997 861 tibi

351 894 483 963 erit,
516 897 573 949 et
597 892 807 950 semini
835 898 932 948 tuo
967 911 980 959 ;
1014 897 1071 948 et
1095 893 1412 950 comedetis
1460 910 1633 950 omne
1680 892 1996 965 pulchrum

346 984 499 1051 visu,
532 987 592 1040 et
621 999 885 1039 mensam
918 982 1148 1041 Domini
1179 983 1492 1039 distribuet
1514 999 1714 1039 semen
1748 984 1998 1052 tuum,et

352 1088 422 1131 ex
445 1072 592 1144 ipsis
622 1076 797 1127 erunt
829 1071 1134 1143 pontifices
1165 1075 1221 1126 et
1242 1071 1497 1143 judices,
1526 1075 1582 1127 et
1611 1070 1995 1142 scribae;quo-

347 1161 505 1218 niam
539 1161 599 1217 in
631 1177 730 1218 ore
761 1176 961 1216 eorum
1008 1160 1369 1217 custodiet-ur
1416 1164 1706 1216 sanctum.
1739 1180 1769 1209 »ι
1803 1160 1868 1214 Et
1897 1176 1994 1215 ex-

343 1250 707 1323 pergefactus
739 1249 1304 1321 intellexi,quoniam
1337 1249 1446 1306 hoc
1467 1249 1660 1305 simile
1690 1247 1848 1305 illlus
1880 1253 1991 1304 est.

342 1339 638 1396 Abscondi
669 1356 803 1395 vero
834 1338 943 1394 hoc
972 1337 1033 1393 in
1057 1338 1228 1395 corde
1258 1344 1474 1407 meo,et
1502 1355 1616 1395 non
1648 1337 1992 1394 annuntiavi

344 1428 456 1486 hoc
487 1428 762 1499 cuiquam
794 1426 1021 1483 homini
1050 1426 1109 1483 in
1140 1430 1313 1484 terra.

409 1693 504 1763 IX,
537 1715 567 1745 ‹‹
596 1693 668 1751 Et
696 1694 992 1765 postduos
1024 1694 1151 1750 dies
1171 1693 1546 1752 ascendimus
1578 1708 1685 1766 ego
1716 1697 1772 1749 et
1799 1693 1989 1749 Judas

340 1783 413 1841 ad
446 1787 609 1839 Isaac
639 1799 772 1839 cum
800 1785 963 1855 patre
992 1787 1213 1851 nostro;
1241 1786 1299 1839 et
1322 1782 1617 1839 benedixit
1645 1781 1789 1841 mihi
1822 1784 1989 1854 pater

2107 629 2378 701 στήσεται,
2410 630 2502 684 καὶ
2546 633 2763 701 ποιήσει
2830 631 3091 707 ἱερατείαν
3140 634 3283 700 νέαν,
3330 635 3466 705 μετὰ
3508 635 3603 688 τὸν
3663 632 3771 688 τύ-

2105 735 2206 770 πον
2250 720 2359 770 τῶν
2411 715 2600 786 ἐθνῶν,
2632 716 2707 779 εἲς
2759 719 2927 773 πάντα
2973 718 3040 773 τά
3088 716 3234 788 ἔθνη.
3266 720 3327 773 Ἣ
3372 717 3428 773 δὲ
3484 722 3771 795 παρουσία

2106 802 2269 863 αὗτοῦ
2295 805 2587 883 ἄφραστος,
2616 805 2689 868 ὡς
2735 809 3020 883 προφήτου
3075 806 3290 881 ὑψηλοῦ
3321 810 3434 882 (26)
3484 808 3543 862 ἐκ
3590 808 3765 883 σπέρ-

2108 913 2277 965 ματος
2328 888 2578 970 ’Δϐραάμ
2638 895 2843 971 πατρὸς
2903 898 3083 969 ἡμῶν.
3136 902 3244 951 Πᾶν
3316 895 3651 969 ἐπιθυμητὸν
3713 898 3766 952 ἐν

2106 980 2323 1057 Ἰσραήλ
2378 1002 2462 1037 σοι
2508 980 2675 1056 ἔσται,
2706 984 2796 1038 καὶ
2844 988 2921 1057 τῷ
2968 982 3235 1061 σπέρματί
3285 1004 3399 1039 σου·
3432 987 3521 1041 καὶ
3574 984 3767 1051 ἔδετθε

2102 1076 2205 1125 πᾶν
2255 1070 2453 1146 ὡραῖον
2506 1071 2708 1147 ὁράσει,
2741 1073 2831 1127 καὶ
2876 1075 2975 1142 τὴν
3009 1075 3273 1145 τράπεζαν
3306 1076 3511 1151 Κυρίου
3572 1073 3767 1130 δια-οε-

2106 1160 2335 1231 μήσεται
2364 1159 2424 1214 τὸ
2456 1161 2671 1234 σπέρμα
2699 1182 2817 1227 σου,
2843 1162 2933 1216 καὶ
2983 1161 3031 1235 ἐξ
3082 1161 3255 1217 αὐτῶν
3307 1159 3511 1217 ἔσονται
3562 1164 3767 1239 ἀρχιε-

2103 1253 2233 1323 ρεῖς,
2266 1250 2466 1323 κριταὶ,
2498 1256 2861 1325 γραμματεῖςσ
2895 1250 2977 1305 ὅτι
3012 1250 3097 1306 ἐπὶ
3133 1252 3401 1324 στόματος
3434 1253 3611 1307 αὐτῶν
3659 1276 3763 1329 ’.ρυ-

2100 1333 2438 1412 λαχθήσεται
2469 1339 2585 1410 (27)
2618 1338 2680 1392 τὸ
2724 1339 2901 1414 ἅγιον.
2932 1362 2959 1391 ››
2990 1339 3092 1397 Καὶ
3145 1340 3471 1411 ἐξυπνισθεὶς
3524 1350 3764 1410 συνῆκα,

2099 1424 2182 1480 ὅτι
2211 1430 2371 1481 τοῦτο
2404 1424 2596 1499 ὅμοιον
2630 1424 2820 1501 ἐκείνῳ
2864 1427 2994 1485 ἐστί.
3028 1428 3190 1505 Καίγε
3241 1424 3443 1505 ἔκρυψα
3487 1436 3659 1485 τοῦτο
3716 1430 3769 1486 ἐν

2096 1517 2166 1587 τῇ
2214 1511 2407 1589 καρδίᾳ
2460 1536 2584 1588 μου,
2618 1515 2708 1571 καὶ
2768 1516 2867 1572 οὐκ
2917 1515 3220 1594 ἀνήγγειλα
3280 1518 3406 1574 αὐτὸ
3456 1520 3619 1574 παντὶ
3670 1520 3764 1574 άν-

2100 1603 2309 1678 θρώπῳ
2338 1603 2426 1657 ἐπὶ
2464 1610 2563 1674 τῆς
2588 1610 2711 1680 γῆς.

2168 1693 2241 1751 Θ’.
2274 1717 2303 1745 ‹‹
2338 1694 2439 1750 Καὶ
2488 1695 2602 1766 μεθ’
2633 1692 2842 1769 ἡμέρας
2892 1692 2987 1750 δύο
3039 1691 3235 1767 ἀνέϐην
3286 1696 3394 1773 ἐγὼ
3425 1697 3515 1752 καὶ
3546 1696 3763 1760 Ἰούδας

2096 1782 2232 1856 πρὸς
2285 1782 2462 1837 Ἰσαὰκ
2520 1785 2653 1855 μετὰ
2702 1784 2790 1841 τὸν
2846 1785 3047 1861 πατέρα
3104 1788 3293 1859 ἡμῶνο
3344 1788 3434 1841 καὶ
3484 1785 3760 1864 εὐλόγησέ

341 1873 525 1945 patris
554 1872 689 1942 mei,
714 1872 1037 1928 secundum
1067 1888 1370 1928 sermones
1393 1871 1687 1928 visionum
1718 1887 1984 1928 mearum

2100 1892 2168 1944 με
2196 1872 2224 1927 ὁ
2254 1874 2434 1947 πατὴρ
2480 1876 2578 1927 τοῦ
2625 1872 2829 1947 πατρός
2881 1894 3008 1947 μου,
3039 1875 3175 1931 κατὰ
3220 1875 3346 1938 τοὺς
3389 1875 3589 1951 λόγους
3641 1882 3756 1931 τῶν

341 1978 490 2033 quas
519 1961 801 2030 videram;
825 1965 1012 2020 etnon
1024 1960 1210 2017 voluit
1233 1961 1318 2017 ire
1338 1960 1649 2018 nobiscum
1675 1960 1735 2016 in
1758 1960 1983 2017 Bethel.

341 2050 415 2108 Ut
443 2054 641 2108 autem
662 2050 931 2107 venimus
962 2050 1409 2121 in.Bethel,vidit
1429 2054 1593 2122 pater
1617 2064 1783 2105 meus
1802 2050 1984 2106 Jacob

343 2140 403 2197 in
432 2139 657 2197 visione
686 2140 757 2194 de
788 2139 1063 2210 me,quod
1096 2139 1328 2197 futurus
1374 2154 1564 2194 essem
1594 2137 1679 2195 eis
1710 2138 1985 2195 sacerdos

337 2230 410 2285 ad
441 2228 649 2287 Deum.
674 2229 743 2284 Et
772 2243 1090 2301 exsurgens
1120 2242 1293 2283 mane
1322 2226 1633 2284 decimavit
1652 2226 1852 2282 omnia
1882 2242 1986 2299 per

338 2333 432 2375 me
464 2316 805 2375 Domino.Et
834 2317 1104 2372 venimus
1136 2316 1199 2373 in
1225 2316 1456 2371 Hebron
1486 2316 1561 2372 ad
1592 2314 1982 2371 habitandum

334 2412 392 2463 et
418 2412 582 2464 Isaac
603 2406 827 2463 vocavit
858 2422 951 2462 me
982 2405 1285 2473 continuo,
1320 2408 1387 2460 ut
1433 2408 1785 2462 memoraret
1832 2403 1979 2461 mihi

334 2494 525 2569 legem
556 2495 813 2565 Domini,
853 2494 1007 2551 sicut
1037 2494 1384 2555 monstravit
1404 2494 1547 2550 mihi
1580 2492 1823 2566 angelus
1860 2493 1978 2550 Dei.

334 2584 403 2643 Et
431 2584 631 2641 docuit
660 2599 753 2639 me
782 2582 971 2655 legem
1002 2582 1786 2651 sacerdotii,sacrificiorum,
1818 2581 1980 2641 holo-

334 2676 757 2740 cautomatum,
792 2672 1208 2745 primitiarum,
1239 2671 1727 2738 voluntariorum,
1760 2669 1981 2726 saluta-

334 2761 512 2820 rium.
545 2762 807 2834 Singulis
834 2760 1254 2818 diebusdocuit
1282 2777 1375 2823 me
1408 2759 1815 2833 intelligere,et
1845 2776 1981 2832 per-

340 2851 642 2907 severabat
663 2851 725 2907 in
746 2865 839 2907 me
857 2866 1053 2907 coram
1084 2848 1582 2911 Domino.Etdixit
1600 2848 1978 2921 mihi:«Cave,

2094 1960 2331 2037 ὁράσεών
2396 1982 2523 2033 μου,
2568 1961 2641 2015 ὧν
2693 1958 2856 2016 εἶδον·
2908 1962 2998 2016 καὶ
3058 1962 3158 2017 οὐκ
3202 1961 3369 2033 ἤθελε
3416 1967 3759 2041 πορευθῆναι

2096 2049 2214 2123 μεθ’
2243 2050 2403 2121 ἡμῶν
2438 2048 2517 2111 εἷς
2550 2047 2748 2120 Βεθήλ.
2781 2051 2869 2112 Ὠς
2903 2048 2960 2104 δὲ
2989 2048 3236 2123 ἤλθομεν
3264 2051 3338 2113 εἷς
3372 2052 3568 2128 βεθήλ,
3614 2052 3754 2109 εἶδεν

2092 2138 2122 2192 6
2151 2139 2332 2211 πατήρ
2367 2158 2472 2210 μου
2505 2133 2698 2193 Ἰακὼϐ
2746 2138 2798 2193 ἐν
2841 2140 3073 2212 ὁράματι
3132 2140 3257 2216 περὶ
3307 2139 3463 2213 ἐμοῦ,
3495 2141 3582 2195 ὅτι
3638 2142 3761 2197 ἔτνο-

2095 2246 2190 2297 μαι
2250 2223 2433 2288 αὐτοῖς
2489 2224 2563 2287 εἷς
2622 2221 2768 2302 ἱερέα
2825 2227 2960 2300 πρὸς
3013 2228 3102 2283 τὸν
3155 2226 3307 2284 Θεὸν.
3363 2228 3464 2289 Καὶ
3518 2228 3760 2293 ἀναστάς

2087 2314 2150 2369 τὸ
2326 2314 2473 2389 πρωῒ
2521 2311 2894 2370 ἀπεδεκάτωσε
2936 2314 3104 2369 πάντα
3135 2312 3203 2370 δι’
3232 2315 3367 2389 ἐμοῦ
3412 2321 3492 2389 τῷ
3545 2324 3657 2392 Kc;

2088 2408 2135 2459 Κ
2174 2401 2190 2424 \
2251 2400 2347 2458 νλο
2434 2422 2453 2436 ρ
2567 2401 2613 2437 ’ρ
2774 2404 2829 2437 A‘
2925 2425 2954 2437 .-
2991 2408 3018 2418 ~
3248 2409 3269 2418 δ’
3372 2424 3385 2437 .
3509 2406 3523 2422 \
3574 2408 3586 2425 3
3700 2410 3711 2423 \

2138 2424 2191 2457 αι
2240 2425 2274 2471 η
2355 2423 2484 2476 ομεν
2539 2424 2611 2465 ει..
2658 2398 2895 2478 Χεϐρών,
2936 2425 3022 2458 μου
3069 2403 3364 2460 καταλυσαι
3436 2427 3527 2460 και
3593 2413 3756 2462 [can

2089 2489 2268 2546 ἐκάλει
2304 2512 2370 2563 με
2402 2495 2643 2569 συνεχῶς
2674 2496 2769 2547 τοῦ
2804 2491 3113 2565 ὑπομνῆσαί
3151 2497 3267 2566 (29)
3306 2515 3373 2566 με
3421 2494 3596 2568 νόμον
3646 2503 3753 2551 Κυ-

2090 2580 2231 2655 ρίου,
2263 2581 2439 2643 καθὼς
2471 2578 2636 2652 ἔδειξέ
2670 2601 2763 2655 μοι
2794 2581 2822 2634 6
2863 2580 3099 2657 ἄγγελος
3145 2587 3241 2637 τοῦ
3290 2588 3444 2640 Θεοῦ.
3479 2585 3583 2639 Καὶ
3635 2584 3749 2640 5.35-

2088 2665 2250 2725 δασκέ
2300 2690 2368 2743 με
2409 2668 2577 2743 νόμον
2629 2668 2951 2744 ἱερωσύνης,
2983 2672 3200 2739 θυσιῶν,
3235 2671 3748 2746 ὁλοκαυτωμάτων,

2088 2758 2374 2834 ἀπαρχῶν,
2437 2756 2718 2831 ἑκουσίων,
2778 2758 3087 2835 σωτηρίων.
3144 2761 3242 2815 Καὶ
3313 2763 3378 2830 ἦν
3439 2765 3561 2826 καθ’
3619 2765 3750 2819 ἑκά-

2086 2868 2216 2919 στην
2257 2847 2466 2924 ἡμέραν
2497 2847 2781 2917 συνετίζων
2818 2868 2903 2920 με,
2935 2849 3025 2903 καὶ
3074 2848 3149 2911 εἷς
3197 2849 3294 2922 ἐμὲ
3323 2850 3753 2927 ἀσχολούμενος

2084 2936 2151 3011 ἦν
2209 2935 2440 2992 ἐνώπιον
2486 2934 2707 3011 Κυρίου.
2742 2935 2839 2993 Καὶ
2889 2932 3042 3013 ἔλεγέ
3092 2956 3205 3010 μοι’
3257 2962 3285 2989 ‹‹
3338 2938 3608 3015 Πρόσεχε,
3658 2944 3751 2997 τέ-

2083 3046 2208 3080 κνον
2253 3028 2388 3099 (30),
2438 3024 2544 3081 ἀπὸ
2602 3029 2700 3080 τοῦ
2748 3024 3052 3099 πνεύματος
3096 3033 3196 3096 τῆς
3252 3028 3525 3101 πορνείας·
3579 3035 3750 3085 τοῦτο

333 3134 596 3185 uxorem,
628 3117 819 3175 adhuc
841 3117 1078 3189 juvenis
1107 3116 1380 3185 existens,
1400 3115 1693 3173 maculam
1723 3132 1840 3173 non
1870 3116 1975 3173 ba-

2100 3114 2184 3192 (ὰρ
2215 3111 2511 3190 ἐνδελεχεῖ,
2541 3114 2630 3169 καὶ
2666 3111 2860 3187 μέλλει
2894 3114 3120 3187 μιαίνειν
3152 3112 3240 3171 διὰ
3284 3120 3379 3171 τοῦ
3428 3119 3751 3194 σπέρματός

328 3207 564 3264 bentem
577 3222 766 3279 neque
780 3206 1170 3278 inquinatam,
1185 3221 1372 3279 neque
1386 3206 1457 3263 de
1468 3220 1679 3278 genere
1699 3204 1976 3278 alienige-

2100 3224 2184 3259 που
2231 3204 2379 3279 ἅγια·
2413 3197 2560 3258 Λάϐε
2590 3200 2679 3258 οὖν
2711 3207 2916 3275 σεαυτῷ
2962 3209 3209 3279 γυναῖκα,
3244 3201 3319 3260 ἔτι
3350 3206 3472 3269 νέος
3516 3205 3619 3277 ὢν,
3659 3212 3743 3281 μὴ

341 3314 550 3355 narum
567 3296 655 3353 vel
673 3295 1033 3369 gentium.Et
1048 3298 1362 3367 antequam
1385 3294 1568 3351 intres
1588 3294 1647 3350 in
1669 3293 1979 3363 sancta,la—

2100 3288 2317 3369 ίγουσαν
2354 3296 2566 3366 μῶμον,
2604 3289 2744 3365 μηδέ
2777 3288 3197 3367 βεϐηλωμένην,
3229 3296 3367 3367 μήτε
3396 3294 3504 3351 ἀπὸ
3549 3279 3747 3373 γένους

339 3404 477 3445 vare
510 3404 524 3443 :
555 3390 614 3443 et
643 3386 702 3441 in
736 3385 1359 3454 sacriﬁcando,lavare;
1392 3387 1450 3441 et
1477 3383 1777 3457 complens
1802 3382 1981 3441 sacri-

2100 3378 2424 3461 ἆλλοφύλων
2457 3381 2492 3450 ἢ
2524 3380 2709 3437 ἐθνῶν.
2751 3382 2854 3443 Καὶ
2910 3382 3019 3445 πρὸ
3070 3387 3169 3438 τοῦ
3223 3382 3479 3439 εἷσελθεῖν
3544 3386 3621 3448 εἷς
3678 3390 3753 3443 τὰ

338 3477 773 3542 ﬁcium,rursus
785 3474 1320 3531 lavare.Duodecim
1335 3474 1609 3531 arborum
1628 3490 1748 3529 sem
1758 3472 1982 3545 perha»

2100 3473 2236 3548 Ξίγια,
2270 3469 2581 3527 λούου·καὶ
2640 3470 2690 3524 ἐν
2747 3475 2827 3543 τῷ
2886 3470 3049 3537 θύειν,
3107 3471 3322 3527 νίπτουσ
3363 3474 3455 3527 καὶ
3515 3475 3749 3551 ἀπαρτί-

341 3567 607 3624 bentium
642 3564 780 3623 folia
810 3564 1082 3636 (fructus)
1114 3564 1255 3619 offer
1286 3563 1550 3629 Domino,
1583 3567 1649 3618 ut
1676 3563 1851 3621 etiam
1886 3578 1980 3620 me

2100 3566 2194 3630 ζων
2243 3558 2407 3615 πάλιν
2449 3560 2547 3629 τήν
2598 3558 2802 3633 θυσίαν,
2849 3558 3061 3613 νίπτου.
3106 3558 3324 3616 Δώδεκα
3372 3559 3612 3636 δένδρων
3655 3565 3743 3619 ἀεὶ

334 3654 630 3711 Abraham
656 3654 870 3709 docuit.
906 3655 973 3708 Et
1003 3653 1194 3709 omnis
1227 3651 1500 3709 animalis
1531 3651 1759 3720 mundi,
1792 3654 1849 3709 et
1877 3668 1976 3708 vo-

2100 3649 2326 3727 ἒχόντων
2361 3646 2546 3727 φύλλα
2572 3648 2809 3724 ἀνάγαγε
2835 3653 2914 3720 τῷ
2947 3648 3152 3724 Κυρίῳ,
3186 3650 3258 3712 ὡς
3304 3652 3449 3723 κάμε
3481 3648 3744 3729 Ἀϐραὰμ

332 3743 512 3799 latilis
542 3742 747 3799 mundi
776 3742 918 3798 offer
948 3742 1302 3798 sacrificium
1341 3741 1610 3800 Domino.
1663 3742 1733 3796 Et
1784 3740 1978 3797 omnis

2100 3737 2306 3811 ἐδίδαξε.
2364 3737 2463 3793 Καὶ
2534 3737 2734 3800 παντὸς
2811 3738 2954 3806 ζώου
3017 3740 3273 3815 καθαροῦ,
3333 3742 3422 3794 καὶ
3485 3748 3742 3797 πετεινοῦ

334 3832 508 3904 primi
539 3831 820 3903 germinis
850 3830 936 3887 tui
965 3835 1023 3889 et
1051 3831 1169 3886 vini
1200 3831 1343 3887 oil'er
1380 3830 1691 3902 primitias,
1752 3831 1975 3889 sacriﬁ-

2100 3833 2320 3904 ιαθαροῦ
2384 3825 2619 3905 πρόφερε
2695 3826 2874 3891 θυσίαν
2951 3831 3030 3900 τῷ
3091 3828 3294 3903 Κυρίῳ.
3367 3831 3467 3884 Καὶ
3542 3834 3745 3894 παντὸς

334 3920 491 3977 cium
520 3920 768 3977 Domino
841 3924 898 3976 et
926 3936 1099 3976 omne
1128 3919 1483 3977 sacriﬁcium
1529 3918 1652 3978 sale
1699 3935 1973 3992 consper-

2100 3914 2579 3993 τρωτογενήματός
2633 3935 2751 3987 σου,
2782 3914 2871 3971 καὶ
2930 3911 3089 3969 οἷ’νων
3148 3916 3419 3994 πρόσφερε
3460 3919 3741 3996 ἀπαρχὰς,

338 4025 465 4082 ges.
506 4030 537 4060 »
2085 4005 2265 4070 θυσίαν
2323 4009 2403 4077 τῷ
2449 4003 2649 4080 Κυρίῳ·
2682 4003 2770 4059 καὶ
2821 4008 2989 4059 πᾶσαν
3039 4004 3218 4068 θυσίαν
3272 4004 3431 4061 ἅλατι
3476 4006 3674 4070 ἁλιεῖς.
3712 4033 3744 4060 ιι

403 4101 475 4153 Χ.
509 4120 540 4149 ‹‹
569 4100 735 4153 Nunc
765 4095 945 4169 igitur
986 4097 1295 4165 custodite,
1346 4113 1709 4170 quaecunque
1758 4098 1973 4154 mando

2155 4100 2215 4153 P.
2249 4116 2279 4145 ι(
2308 4098 2414 4149 Νῦν
2445 4091 2536 4149 οὖν
2565 4090 2851 4171 φυλάξατε,
2885 4090 2983 4147 ὅσα
3038 4092 3143 4169 ἐγὼ
3194 4092 3522 4168 ἐντέλλομαι
3589 4097 3742 4168 ὑμῖν,

328 4185 518 4252 vobis,
550 4185 692 4255 filii;
726 4185 1005 4258 quoniam
1034 4202 1395 4258 quacunque
1423 4186 1618 4243 audivi
1647 4203 1683 4242 a
1711 4186 1974 4258 patribus

2100 4182 2258 4240 τέκνα·
2317 4182 2400 4245 ὅτι
2460 4182 2559 4238 ὅσα
2612 4179 2820 4251 ἤκουσα
2890 4183 3036 4257 παρὰ
3112 4185 3218 4237 τῶν
3294 4184 3543 4259 πατέρων
3612 4207 3740 4258 μου,

331 4273 502 4344 meis,
536 4274 874 4332 annuntiavi
905 4274 1382 4339 vobis.lnnocens
1411 4291 1544 4337 sum
1576 4276 1647 4332 ab
1679 4275 1840 4337 omni
1863 4275 1972 4332 im-

2100 4268 2389 4348 ὶνήγγειλα
2455 4271 2602 4345 ὑμῖν.
2653 4269 2857 4332 Ἀθῶός
2915 4270 3030 4342 εἶμι
3084 4270 3192 4325 ἀπὸ
3246 4273 3423 4341 πάσης
3491 4269 3744 4336 ἀσεϐείας

328 4363 544 4435 pietate
572 4367 765 4423 vestra
794 4368 851 4419 et
880 4363 1363 4436 transgressione,
1414 4380 1594 4436 quam
1642 4363 1868 4421 facietis
1912 4365 1972 4421 in

2100 4362 2236 4433 ὗμῶν
2295 4359 2386 4416 καὶ
2437 4353 2813 4435 παραϐάσεως,
2857 4361 2919 4428 ἣν
2977 4361 3234 4431 ποιήσετε
3308 4360 3396 4416 ἐπὶ
3456 4362 3743 4435 συντελείᾳ

329 4453 840 4511 consummatione
872 4452 1220 4513 saeculorum
1251 4452 1311 4511 in
1358 4451 1715 4513 Salvatorem
1764 4453 1974 4510 mundi

2100 4454 2188 4505 τῶν
2221 4448 2429 4505 αἰώνων
2464 4447 2538 4510 εἰς
2565 4449 2655 4505 τὸν
2686 4454 2921 4524 Σωτῆρα
2974 4453 3071 4503 τοῦ
3128 4449 3339 4522 κόσμου
3394 4448 3742 4527 ἀσεϐοῦντες,

326 4540 508 4613 impie
534 4540 835 4609 facientes,
867 4542 1213 4601 seducentes
1231 4540 1430 4610 Israel,
1454 4546 1512 4598 et
1540 4542 1897 4601 suscitantes
1918 4542 1970 4598 ei

2100 4536 2392 4601 πλανῶντες
2439 4538 2528 4593 τὸν
2577 4535 2820 4613 Ἰσραὴλ,
2849 4536 2939 4592 καὶ
2988 4537 3351 4614 ἐπεγείροντες
3393 4539 3543 4611 αὖτῷ
3603 4544 3747 4597 κακὰ

327 4628 484 4687 mala
506 4645 720 4703 magna
740 4647 773 4685 a
794 4630 1137 4691 Domino.Et
1161 4630 1356 4705 inique
1375 4631 1598 4695 facietis
1624 4648 1758 4691 cum
1794 4630 1971 4687 Israel

2100 4625 2297 4703 ιεγάλα
2325 4627 2473 4703 παρὰ
2502 4625 2704 4703 Κυρίῳ.
2740 4626 2839 4682 Καὶ
2889 4627 3193 4699 ἀνομήσετε
3231 4626 3323 4682 σὺν
3363 4633 3445 4701 τῷ
3488 4630 3744 4705 Ἰσραήλ,

324 4722 392 4773 ut
421 4736 539 4775 non
570 4720 861 4777 sustineat
890 4736 952 4775 se
980 4719 1307 4775 Jerusalem
1333 4736 1368 4775 a
1400 4719 1543 4774 facie
1603 4717 1839 4773 malitiae
1870 4734 1971 4773 ve-

2100 4715 2220 4771 i'ms
2272 4717 2346 4789 μή
2403 4715 2659 4791 βαστάσαι
2707 4713 3069 4789 Ἰερουσαλὴμ
3110 4716 3215 4771 ἀπὸ
3276 4719 3581 4793 προσώπου
3642 4742 3745 4775 πο-

327 4811 458 4863 strae
492 4826 507 4876 ;
540 4809 642 4864 sed
674 4808 979 4865 scindatur
1006 4808 1199 4864 velum
1231 4807 1530 4880 templi,ut
1560 4824 1675 4863 non
1701 4806 1849 4863 velet
1871 4808 1970 4864 de-

2100 4804 2271 4881 ,ηρίας
2306 4805 2477 4877 ὑμῶν·
2514 4802 2659 4860 ἀλλᾶ
2689 4800 2872 4879 σχίσαι
2902 4805 2964 4858 τὸ
3013 4801 3218 4877 ἔνδυμα
3256 4810 3355 4861 τοῦ
3408 4812 3569 4877 ναοῦ,
3607 4808 3746 4864 ὥστε

333 2940 479 3011 ΐώ,,ει
501 2939 711 3012 spiritu
736 2938 1161 3006 fornicationis;
1182 2937 1276 2995 hic
1306 2939 1464 3001 enim
1494 2937 1881 3011 permanebit,
1918 2942 1978 2995 et

331 3046 435 3102 per
463 3045 662 3085 semen
684 3033 854 3085 tuum
878 3027 1217 3101 inquinabit
1244 3027 1685 3099 sancta.Accipe
1714 3042 1850 3100 ergo
1871 3026 1979 3083 tibi

326 4896 683 4953 formitatem
704 4901 954 4953 vestram
970 4940 980 4953 .
996 4898 1062 4952 Et
1080 4897 1497 4971 dispergemini
1520 4895 1732 4969 captivi
1752 4895 1812 4951 in
1834 4912 1972 4969 gen-

325 4985 509 5051 tibus,
543 4987 601 5040 et
627 4985 790 5041 eritis
821 4985 880 5040 in
913 4986 1318 5057 opprobrium,
1370 4990 1427 5042 et
1475 4985 1971 5051 maledictionem,

326 5077 384 5130 et
411 5073 1149 5142 conculcationem;domus
1181 5074 1337 5131 enim
1369 5091 1549 5147 quam
1581 5073 1755 5147 eliget
1779 5074 1971 5130 Domi.-

327 5179 463 5231 nus,
490 5162 821 5220 Jerusalem
852 5163 1680 5236 vocabitur,quemadmodum
1713 5164 1975 5219 continet

328 5251 477 5309 liber
505 5253 701 5309 Enoch
725 5251 896 5325 justi.

396 5448 505 5527 (26)
552 5448 890 5527 η’Δφραστος,
1078 5517 1088 5527 _
1127 5448 1413 5527 προφῄτου
1480 5446 1718 5523 ὑψηλοῦ.
1808 5446 1973 5523 Ἀγαμ⁹

327 5517 504 5597 animi,
537 5517 932 5597 (licjrpoprﬁtﬁq
970 5517 1456 5597 Ὑψίστουίῧῐιλιξ.

545 5589 989 5669 (ξυλαχθῄσεται.
1022 5589 1388 5669 Ᾱηφθήσεται.
1417 5592 1500 5649 ID.

423 5662 516 5727 28)
546 5660 639 5716 Τό.
670 5660 826 5719 ’Ᾱῖπόι
861 5665 941 5720 Ιυ.

420 5731 511 5803 29)
539 5730 892 5805 Ὑπομνῆσαι.
924 5730 1416 5809 Ὑπομνηματίσαι.
1450 5733 1532 5790 ID.

2087 4895 2162 4968 μὴ
2212 4892 2642 4949 κατακαλύπτειν
2696 4892 3085 4969 ἁσχημοσύνῃν
3146 4894 3319 4966 ὑμῶν.
3354 4895 3452 4949 Καὶ
3510 4893 3747 4952 διας-πα·-

2084 4984 2312 5058 ρήσεσθε
2340 4980 2697 5056 αἰχμάλωτοι
2728 4979 2778 5034 ἐν
2809 4986 2926 5043 τοῖς
2960 4979 3151 5053 ἔθνεσι,
3181 4983 3271 5036 καὶ
3304 4980 3483 5039 ἔσεσθε
3518 4985 3601 5047 εἷς
3635 4990 3745 5059 (31)

2086 5068 2416 5143 ὀνειδισμὸν,
2476 5069 2567 5125 καὶ
2652 5071 2907 5145 κατάραν,
2962 5068 3051 5125 καὶ
3110 5073 3493 5145 καταπάτήμα·
3558 5076 3590 5127 ὁ
3643 5076 3743 5151 γαρ

2087 5159 2259 5232 οἶκος,
2292 5161 2349 5214 ὃν
2384 5160 2444 5214 ἂν
2479 5158 2755 5230 ἐκλέξηται
2802 5158 3022 5234 Κύριος,
3052 5159 3413 5235 Ἰερουσαλὴμ
3463 5160 3742 5233 κληθήσε-

2078 5269 2189 5321 ται,
2216 5249 2395 5311 καθὼς
2450 5247 2693 5325 περιέχει
2759 5243 2953 5323 βίϐλος
2988 5249 3169 5325 Ἑνὼχ
3223 5254 3319 5305 τοῦ
3351 5247 3573 5306 διααίου
3608 5254 3740 5324 (33).

2178 5448 2269 5532 §9i
2299 5446 2517 5532 Ῑέκνεαι
2552 5449 2792 5532 emet?-
2822 5449 2905 5504 ιο-

2178 5519 2268 5590 31)
2299 5519 2595 5590 ΕἲςζἚκεῖ
2623 5519 2911 5576 additum.
2941 5521 3021 5590 In.

2178 5585 2268 5663 32)
2322 5585 2541 5665 ΒίϐλοςΔ
2576 5590 2759 5665 Ἐκὼχ
2812 5593 2909 5665 τοῦ
2967 5587 3196 5665 δικαίου.
3251 5590 3387 5665 lam
3431 5610 3617 5665 supra
3680 5593 3733 5648 in

2085 5662 2458 5739 Testamento
2485 5662 2780 5739 Simeon'is
2811 5664 2840 5731 §
2868 5663 3226 5739 v_,citaverat
3240 5663 3437 5736 aliqua
3467 5662 3537 5720 ei
3565 5682 3731 5739 χειρατ

2087 5737 2251 5810 κτῆρι
2287 5739 2507 5813 γραφῆς
2542 5732 2744 5811 Ἑνὼχ,
2777 5738 2835 5791 et
2878 5735 3010 5807 jam
3066 5735 3128 5791 in
3182 5732 3731 5797 Testamento—Lini
