4014 6226
220 397 355 463 10θῦ

1478 397 2075 460 TESTAMENTUM
2125 394 2301 457 ων]
2316 440 2329 454 .

3450 382 3606 455 1066

215 530 419 602 θήσεσθε
462 525 549 584 ἐπὶ
592 532 663 603 τῇ
711 527 996 605 ἱερωσύνῃ,
1028 514 1164 583 κατὰ
1207 531 1314 583 τῶν
1365 528 1663 604 ἀνθρώπων
1696 526 1844 582 ἐπαι-

1963 526 2058 584 sed
2073 530 2129 584 et
2158 527 2438 583 adversus
2460 526 2737 584 mandata
2760 526 2864 584 Dei
2886 525 3356 590 inﬂati,illudetis
3380 533 3601 598 sancta,

215 620 440 694 ρόμενοι⁶
472 618 537 674 οὐ
596 617 759 692 μόνον
810 616 889 687 δὲ,
929 616 1077 673 άλλᾶ
1121 618 1211 673 καὶ
1259 617 1397 673 κατὰ
1442 620 1551 672 τῶν
1604 614 1842 672 ἐντολῶν

210 713 295 765 τοῦ
334 711 468 764 Θεοῦ
512 705 888 786 φυσιούμενοι,
928 705 1281 781 καταπαίεετε
1322 706 1392 761 τὰ
1448 706 1577 781 ἅγια
1618 706 1754 781 (48),
1787 702 1842 761 έν

207 798 590 875 καταφρονήσει
621 794 1023 872 γελοιάζοντες.

272 886 364 943 ΙΕ’.
392 908 423 938 «
469 883 569 939 Διά
610 888 777 939 ταῦτα
824 885 852 939 6
900 884 1043 953 ναὸς,
1077 883 1136 939 ’ὀν
1178 880 1237 938 ἃν
1290 881 1572 954 ἐκλέξηται
1620 879 1842 957 Κύριος,

210 968 398 1048 ἕρημος
456 972 602 1028 ἔσται
653 971 705 1028 ἰν
751 972 1065 1049 ἀκαθαρσία,
1115 970 1206 1027 καὶ
1275 971 1435 1044 ὑμεῖς
1487 969 1842 1046 αἶ’χμάλωτοι

211 1058 371 1118 ἔσεσθε
400 1065 515 1137 (49)
558 1060 637 1125 εἲς
684 1062 854 1116 πάντα
900 1063 967 1115 τὰ
1011 1058 1163 1131 ἔθνη,
1192 1059 1283 1115 καὶ
1334 1055 1513 1114 ἔσεσθε
1565 1056 1845 1136 βδέλυγμα

212 1151 258 1209 ἐν
284 1152 484 1224 αὐτοῖς,
514 1149 605 1205 καὶ
639 1149 877 1224 λήψεσθε
907 1144 1111 1211 ὄνειδος
1160 1147 1248 1204 καὶ
1295 1146 1563 1224 αἰσχύνην
1622 1146 1843 1202 αἰώνιον

211 1242 343 1317 παρὰ
367 1248 468 1311 τῆς
499 1238 891 1316 δικαιοκρισίας
920 1243 1016 1294 τοῦ
1046 1242 1200 1294 Θεοῦ’
1234 1237 1323 1293 καὶ
1364 1236 1560 1299 πάντες
1607 1236 1660 1291 οἱ
1707 1247 1843 1301 θεω-

215 1332 411 1408 ροῦντες
472 1328 611 1403 ὑμᾶς
670 1326 948 1406 φεύξονται
1006 1327 1096 1405 ἀφ’
1152 1327 1327 1400 ὑμῶν,
1376 1326 1475 1381 Καὶ
1527 1324 1574 1381 εἰ
1644 1326 1720 1397 μὴ
1775 1320 1846 1379 δι’

216 1414 473 1495 Ἀϐραὰμ,
544 1417 633 1473 καὶ
694 1417 890 1489 Ἰσαὰκ,
947 1415 1037 1471 καὶ
1123 1410 1337 1485 Ἰακὼϐ,
1397 1414 1527 1477 τοὺς
1609 1414 1844 1489 πατέρας

212 1511 383 1582 ἡμῶν,
410 1507 489 1570 εἷς
520 1506 579 1562 ἐκ
606 1510 704 1562 τοῦ
730 1504 1040 1583 σπέρματός
1100 1524 1208 1579 μου
1263 1503 1325 1560 οὗ
1379 1505 1455 1579 μὴ
1510 1501 1845 1581 καταλειφθῇ

215 1596 295 1653 ἐπὶ
321 1603 418 1663 τῆς
446 1602 576 1672 γῆς.

278 1688 361 1756 Ιζ“.
395 1708 425 1739 α
458 1683 558 1744 Καὶ
600 1678 692 1739 νῦν
738 1683 909 1759 ἔγνων
960 1682 1013 1739 ἐν
1057 1677 1261 1760 βιϐλίῳ
1308 1681 1510 1758 Ἐνὼχ,
1560 1679 1644 1737 ὅτι
1695 1675 1848 1736 ἐϐδο-

215 1775 451 1847 μήκοντα
495 1766 803 1844 ἑϐδομάδας
857 1770 1293 1842 πλανηθήσεσθε,
1338 1770 1428 1824 καὶ
1465 1769 1565 1838 τήν
1615 1768 1845 1843 ἱερωσῦ-

207 1882 300 1933 νην
351 1856 717 1938 βεϐηλώσετε,
764 1860 852 1915 καὶ
900 1858 997 1922 τὰς
1052 1858 1237 1922 θυσίας
1303 1863 1561 1931 μιανεῖτε,
1610 1858 1701 1913 καὶ
1755 1858 1848 1913 τὸν

206 1950 368 2024 νόμον
397 1949 693 2028 ἆφανίσετε,
725 1950 813 2004 καὶ
845 1947 1046 2023 λόγους
1100 1951 1395 2027 προφητῶν
1439 1944 1840 2018 ἐξουδενώσετε,

208 2039 257 2094 ἐν
305 2037 601 2117 διαστροφῇ
653 2035 872 2108 διώξετε
919 2034 1114 2111 ἄνδρας
1162 2034 1422 2106 δικαίους,
1460 2035 1551 2091 καὶ
1611 2030 1847 2098 εὐσεϐεῖς

212 2131 478 2204 μισήσετε,
540 2127 815 2198 ἀληθινῶν
874 2125 1078 2202 λόγους
1142 2123 1478 2202 βδελύξεσθε,
1526 2124 1618 2181 καὶ
1680 2121 1848 2200 ἄνδρα

207 2220 718 2273 άνακαινοποιοῦντα
744 2215 835 2271 τὸν
866 2216 1039 2289 νόμοτ
1070 2214 1122 2270 ἐν
1164 2212 1389 2289 δυνάμει
1419 2214 1669 2289 Ὑψίστου
1704 2211 1846 2268 πλά-

202 2327 291 2361 νον
335 2304 815 2381 προσαγορεύσετε,
850 2305 939 2360 καὶ
996 2303 1179 2376 τέλος,
1249 2304 1325 2366 ὡς
1386 2302 1657 2376 νομίσετε,
1711 2302 1846 2358 ἀπο-

200 2400 430 2451 κτενεῖτε
475 2394 658 2462 αὐτὸν,
701 2394 799 2448 οὐκ
844 2390 1045 2456 εἰδότες
1093 2392 1257 2447 αὐτοῦ
1302 2392 1365 2447 τὸ
1431 2393 1736 2466 ἀνάστημα,
1785 2392 1848 2447 τὸ

202 2485 372 2541 ἀθῶον
404 2485 542 2557 αἷμα
569 2483 623 2538 ἐν
675 2481 838 2554 κακίᾳ
877 2481 965 2537 ἐπὶ
1011 2480 1252 2561 κεφαλὰς
1302 2482 1454 2555 ὑμῶν
1512 2478 1847 2557 ἀναδεχόμε-

199 2594 310 2631 νοι.
341 2572 445 2631 Καὶ
491 2569 561 2626 δι’
615 2571 775 2627 αὐτὸν
824 2567 969 2627 ἔσται
1014 2572 1081 2626 τὰ
1127 2572 1253 2647 ἅγια
1300 2570 1454 2645 ὑμῶν
1497 2568 1697 2647 ἔρημα,
1742 2566 1847 2633 ἓως

199 2660 431 2741 ἐδάφους
467 2659 839 2734 μεμιαμμένα·
872 2661 963 2715 καὶ
1011 2659 1111 2715 οὐκ
1147 2658 1294 2715 ἔσται
1343 2657 1512 2721 τόπος
1556 2659 1706 2732 ὑμῶν
1750 2679 1847 2714 κα-

198 2752 377 2825 θαρὸς,
418 2748 545 2806 ἀλλ’
596 2748 648 2805 έν
698 2753 814 2812 τοῖς
862 2746 1064 2814 ἔθνεσιν
1105 2744 1285 2812 ἔσεσθε
1332 2746 1409 2811 εἷς
1470 2748 1703 2823 κατάραν
1756 2746 1847 2803 καὶ

198 2840 278 2902 εἷς
336 2836 792 2916 διασκορπισμὸν,
827 2835 935 2901 ἕως
1013 2837 1172 2900 αὐτὸς
1240 2835 1406 2893 πάλιν
1470 2835 1846 2911 ἐπισκέψηται,

196 2929 288 2984 καὶ
358 2928 702 3003 οἷκτειρήσας
773 2925 1133 3003 προσδέξηται
1198 2927 1340 3002 ὑμᾶς
1404 2924 1459 2981 ἐν
1522 2926 1702 2983 πίστει
1754 2926 1847 2983 καὶ

199 3016 377 3076 ὕδατι.
1396 3018 1407 3029 ’

271 3114 367 3165 ΙΖ’.
403 3129 435 3161 ιι
469 3108 569 3163 Καὶ
620 3106 703 3163 ὅτι
750 3104 1019 3177 ἠκούσατε
1072 3105 1197 3183 περὶ
1244 3108 1348 3161 τῶν
1409 3106 1453 3160 o'
1499 3099 1845 3179 ἑϐδομάδων,

196 3197 463 3252 ἀκούσατε
498 3198 587 3252 καὶ
634 3195 757 3273 περὶ
802 3203 904 3265 τῆς
951 3194 1265 3272 ἱερωσύνης.
1300 3196 1424 3250 Καθ’
1469 3191 1692 3251 ἕκαστον
1742 3193 1845 3271 γὰρ

1876 1904 1924 1972 Β

1952 615 2014 673 in
2046 619 2381 689 contemptu
2413 616 2764 673 deridentes.

2020 881 2133 941 XV.
2167 904 2195 934 «
2229 886 2470 956 Propter
2497 882 2621 940 haac
2649 882 2937 956 templum
2985 885 3141 957 quod
3173 884 3378 958 utique
3427 882 3602 957 eliget

1950 972 2257 1041 Dominus,
2289 972 2650 1029 desolabitur
2676 972 2737 1028 in
2767 973 3228 1044 immunditia,et
3255 990 3356 1031 vos
3387 972 3599 1047 captivi

1951 1061 2116 1118 eritis
2146 1061 2207 1117 in
2237 1077 2441 1118 omnes
2470 1066 2692 1135 gentes,
2724 1064 2782 1118 et
2813 1062 3170 1119 abominatio
3201 1062 3352 1119 inter
3379 1079 3479 1119 eas
3503 1080 3517 1132 ;
3541 1064 3600 1120 et

1953 1150 2249 1224 accipietis
2296 1151 2677 1224 opprobrium
2726 1154 2784 1208 et
2831 1151 3234 1208 confusionem
3288 1152 3595 1224 sempiter-

1954 1256 2091 1296 nam
2125 1241 2327 1313 ajusto
2352 1240 2576 1313 judicio
2611 1239 2707 1296 Dei
2726 1244 2819 1303 ;et
2838 1256 3042 1297 omnes
3073 1240 3174 1313 qui
3202 1240 3453 1297 viderint
3472 1258 3598 1314 vos,

1954 1329 2180 1403 fugient
2208 1346 2242 1386 a
2289 1328 2475 1385 vobis.
2510 1330 2579 1385 Et
2626 1329 2741 1385 nisi
2790 1333 2947 1386 esset
2996 1332 3230 1402 propter
3276 1330 3597 1398 Abraham,

1955 1419 2117 1475 Isaac
2162 1422 2221 1475 et
2264 1420 2460 1488 Jacob,
2508 1422 2704 1490 patres
2753 1422 3005 1487 nostros,
3056 1436 3211 1475 unus
3258 1435 3327 1475 ex
3377 1418 3602 1476 semine

1955 1524 2084 1566 meo
2114 1525 2232 1566 non
2262 1508 2693 1583 relinqueretur
2719 1509 2781 1565 in
2810 1513 2986 1566 terra.
3072 1512 3077 1515 “

2024 1687 2164 1745 XVI.
2200 1710 2229 1738 «
2262 1687 2332 1744 Et
2361 1703 2517 1744 nunc
2548 1689 2790 1761 cognovi
2820 1686 2880 1744 in
2912 1687 3061 1745 libro
3090 1687 3474 1761 Enoch,quod
3505 1704 3602 1746 se-

1954 1776 2266 1850 ptuaginta
2286 1776 2687 1833 hebdomadas
2717 1774 3070 1844 errabitis,et
3091 1776 3483 1833 sacerdotium
3514 1776 3603 1834 in-

1954 1864 2296 1937 quinabitis,
2330 1867 2388 1921 et
2415 1863 2703 1921 sacrificia
2732 1863 3088 1937 polluetis,et
3117 1863 3303 1938 legem
3336 1864 3604 1922 extermi-

1956 1953 2195 2023 nabitis,
2229 1958 2287 2010 et
2317 1969 2617 2010 sermones
2649 1953 3070 2026 prophetarum
3101 1954 3506 2025 contemnetis,
3538 1954 3600 2010 in

1956 2042 2329 2116 perversitate
2360 2042 2791 2115 persequemini
2820 2042 2975 2098 viros
2996 2043 3278 2113 justos,et
3307 2044 3434 2115 pios
3465 2043 3599 2100 odio

1955 2131 2268 2202 habebitis,
2316 2129 2609 2187 veracium
2657 2147 2959 2187 sermones
3006 2131 3510 2202 abominabimini,
3545 2136 3603 2189 et

1953 2221 2146 2277 virum
2176 2223 2551 2276 renovantem
2580 2219 2767 2291 legem
2799 2219 2860 2274 in
2888 2219 3102 2275 virtute
3146 2219 3460 2288 Altissimi,
3487 2220 3602 2277 im-

1956 2312 2251 2381 postorem
2280 2307 2651 2381 appellabitis
2675 2312 2765 2375 ;et
2793 2308 2853 2363 in
2882 2307 3091 2374 ﬁne,ut
3118 2307 3604 2381 aastimabitis,oc-

1957 2397 2162 2454 cidetis
2191 2396 2680 2467 eum,nescientes
2707 2396 2896 2470 ipsius
2928 2396 3605 2469 resurrectionem,inno—

1958 2491 2183 2543 centem
2233 2486 2580 2559 sanguinem
2612 2486 2674 2542 in
2722 2485 2945 2542 malitia
2974 2502 3152 2559 super
3179 2486 3371 2559 capita
3411 2491 3606 2545 vestra

1958 2575 2346 2649 recepturi.Et
2375 2578 2611 2648 propter
2638 2573 2835 2647 ipsum
2857 2578 3032 2631 erunt
3061 2578 3265 2632 sancta
3289 2578 3481 2632 vestra
3509 2576 3606 2633 de-

1957 2667 2329 2736 serta,usque
2359 2664 2431 2719 ad
2462 2663 2863 2736 pavimentum
2895 2663 3198 2735 profanata
3223 2681 3236 2733 ;
3259 2666 3315 2719 et
3345 2681 3462 2721 non
3493 2663 3605 2720 erit

1956 2752 2118 2809 locus
2146 2758 2337 2809 vester
2366 2753 2645 2822 mundus,
2677 2753 2777 2809 sed
2809 2752 2869 2808 in
2900 2753 3171 2825 gentibus
3202 2753 3365 2809 eritis
3394 2753 3455 2809 in
3485 2770 3606 2809 ma-

1955 2843 2325 2899 ledictionem
2354 2846 2411 2898 et
2439 2842 2500 2897 in
2544 2841 2991 2915 dispersionem,
3027 2840 3208 2897 donec
3239 2841 3366 2914 ipse
3394 2858 3604 2899 rursus

1954 2930 2238 2997 visitabit,
2268 2934 2327 2987 et
2356 2930 2643 2987 miserans
2680 2929 2923 3003 recipiet
2949 2947 3051 2987 vos
3081 2930 3141 2986 in
3174 2930 3288 2987 ﬁde
3316 2932 3373 2987 et
3424 2947 3600 3005 aqua.

2025 3108 2190 3167 XVII.
2221 3128 2243 3158 α
2276 3108 2343 3164 Et
2372 3106 2651 3181 quoniam
2681 3106 2931 3164 audistis
2963 3108 3033 3165 de
3063 3108 3436 3181 septuaginta
3463 3108 3604 3165 heb-

1954 3197 2325 3266 domadibus,
2359 3196 2555 3253 audite
2584 3196 2759 3252 etiam
2792 3197 2861 3252 de
2894 3197 3243 3253 sacerdotio.
3263 3197 3598 3253 Secundum

192 3280 523 3356 Ἰωϐηλαῖον
551 3268 1016 3361 ἔσται-ἱερωσύνηξ
1050 3283 1153 3341 Καὶ
1184 3283 1237 3339 ἐν
1271 3288 1350 3355 τῷ
1395 3284 1602 3360 πρώτῳ
1647 3268 1843 3354 Ἰωϐηλ-

1963 3302 2443 3359 unumquemque
2467 3285 2624 3341 enim
2638 3284 2950 3355 jubilaeum
2981 3284 3091 3341 erit
3114 3284 3601 3343 sacerdotium.In

188 3370 341 3447 λαίῳ
371 3375 399 3430 6
424 3380 640 3450 πρῶτος
669 3373 967 3450 χριόμενος
998 3373 1075 3435 εἷς
1107 3372 1410 3447 ἰερωσῦνήν
1459 3373 1627 3448 μέγας
1675 3370 1843 3444 ἔσται,

1963 3377 2145 3450 primo
2151 3374 2389 3447 jubilaao
2401 3373 2629 3447 primus
2643 3378 2857 3429 unctus
2869 3374 2928 3428 in
2943 3374 3334 3430 sacerdotium
3350 3390 3602 3446 magnus

183 3462 283 3517 καὶ
332 3462 564 3534 λαλήσει
614 3459 731 3536 Θεῷ
783 3462 860 3524 ὡς
906 3461 1089 3537 πατρί’
1140 3461 1230 3516 καὶ
1279 3463 1314 3531 ἡ
1356 3460 1623 3535 ἱερωσύνη
1683 3460 1845 3516 αὐτοῦ

1963 3465 2151 3532 erit,et
2179 3464 2449 3535 loquetur
2476 3462 2592 3518 Deo
2615 3466 2680 3517 ut
2708 3462 2858 3534 patri
2884 3481 2897 3530 ;
2921 3466 2978 3518 et
3008 3463 3399 3519 sacerdotium
3414 3462 3603 3535 ipsius

181 3551 417 3627 πλήρης
468 3573 602 3626 μετα
632 3548 805 3631 φόϐου
834 3550 1054 3627 Κυρίου’
1085 3550 1175 3605 καὶ
1208 3549 1261 3606 ἐν
1293 3551 1477 3627 ἡμέρᾳ
1523 3556 1702 3627 χαρᾶς
1750 3549 1845 3605 αὖ·

1963 3551 2195 3622 plenum
2227 3551 2339 3607 erit
2367 3567 2503 3606 cum
2532 3550 2743 3606 timore
2774 3551 3005 3606 Domini
3035 3568 3049 3619 ;
3080 3555 3139 3607 et
3170 3552 3229 3606 in
3261 3551 3355 3607 die
3400 3552 3605 3623 gaudii

179 3643 291 3697 τοῦ
338 3640 426 3697 ἐπὶ
476 3642 722 3717 σωτηρίᾳ
766 3640 976 3714 κόσμου
1026 3638 1186 3702 αὐτὸς
1226 3639 1601 3710 ἀναστήσεται.
1635 3640 1722 3695 Ἐν
1767 3637 1845 3712 τῷ

1963 3639 2144 3711 ipsius
2174 3640 2233 3694 in
2265 3639 2453 3696 salute
2507 3639 2714 3695 mundi
2744 3639 2871 3711 ipse
2910 3644 3196 3711 resurget.
3240 3641 3304 3713 In
3351 3641 3609 3699 secundo

182 3727 431 3804 δευτέρῳ
460 3724 773 3802 Ἰωϐηλαιῳ
806 3730 834 3785 6
874 3728 1172 3805 χριόμενος
1221 3728 1272 3784 ἐν
1322 3729 1504 3784 πένθει
1551 3728 1845 3803 ἀγαπητῶν

1963 3728 2191 3800 ῙιιὺὶΙεεο
2222 3732 2458 3797 unctus,
2489 3728 2549 3783 in
2581 3727 2820 3784 tristitia
2849 3727 3192 3785 dilectorum
3224 3729 3608 3801 concipiatur,

182 3816 662 3896 συλληφθήσεται,
700 3818 789 3874 καὶ
840 3815 984 3873 ἔσται
1034 3820 1070 3887 ἠ
1122 3816 1388 3890 ἱερωσύνη
1448 3817 1615 3872 αὐτοῦ
1667 3816 1845 3890 τιμία,

1963 3821 2016 3874 et
2043 3816 2151 3874 erit
2179 3818 2569 3873 sacerdotium
2599 3817 2726 3887 ejus
2756 3816 3187 3883 honorabile,et
3216 3818 3368 3889 apud
3403 3832 3607 3875 omnes

178 3906 281 3962 καὶ
329 3909 476 3983 παρὰ
519 3913 650 3963 πῖισι
704 3904 1107 3979 δοξασθήσεται.
1140 3903 1304 3969 ’0,δὲ
1351 3903 1534 3983 τρίτος
1576 3905 1748 3983 ἱερεὺς
1795 3904 1845 3961 ἐν

1963 3905 2399 3979 gloriﬁcabitur.
2430 3905 2662 3962 Tertius
2693 3923 2825 3962 vero
2857 3906 3128 3962 sacerdos
3158 3905 3219 3961 in
3246 3905 3484 3963 tristitia
3512 3924 3607 3963 as-

180 3994 345 4070 λύπῃ
406 3994 913 4074 παραληφθήσεται.
964 3996 1069 4053 Καὶ
1118 3994 1146 4050 6
1188 3993 1441 4071 τέταρτος
1513 3994 1564 4049 έν
1636 3992 1845 4058 ὀδύναις

1963 3996 2323 4052 sumetur.Et
2353 3998 2598 4068 quartus
2626 3995 2686 4051 in
2719 3994 2915 4051 dolore
2943 3994 3090 4063 erit;
3124 3994 3401 4067 quoniam
3432 4011 3609 4067 appo-

180 4082 367 4139 ἔσται·
401 4083 485 4140 ὅτι
526 4086 826 4161 προσθήσει
877 4082 960 4139 ἐπ’
1002 4082 1161 4139 αὐτὸν
1206 4085 1241 4154 ἡ
1274 4080 1457 4139 ἀδικία
1506 4082 1582 4145 είς
1610 4081 1845 4153 πλῆθος·

1963 4088 2060 4141 net
2106 4101 2284 4157 super
2327 4083 2525 4156 ipsum
2576 4084 2870 4156 injustitia
2920 4083 2979 4139 in
3029 4082 3467 4141 multitudinem
3503 4101 3515 4141 :
3549 4078 3610 4141 et

174 4174 283 4228 καὶ
341 4178 448 4236 πᾶς
506 4171 725 4248 Ἰσραὴλ
800 4174 1125 4248 μισήσουσιν
1175 4168 1401 4235 ἕκαστος
1464 4172 1557 4227 τὸν
1614 4170 1845 4243 πλησίον

1963 4174 2153 4229 omnis
2182 4172 2357 4229 Israel
2388 4173 2521 4230 odio
2551 4172 2793 4229 habebit
2823 4172 3233 4245 unusquisque
3272 4173 3608 4245 proximum

176 4262 382 4319 αὐτοῦ.
431 4262 489 4317 '0
532 4263 782 4336 πέμπτος
829 4261 882 4317 ἐν
933 4262 1111 4317 σκότει
1183 4258 1689 4340 παραληφθήσεταιο
1741 4262 1845 4316 ὠσ-

1963 4262 2421 4327 suum.Quintus
2451 4261 2512 4317 in
2543 4262 2805 4318 tenebris
2836 4261 3365 4333 comprehendetur
3392 4279 3407 4319 :
3443 4261 3611 4319 simi-

172 4351 373 4414 αὔτως
400 4350 492 4407 καὶ
522 4351 551 4406 6
580 4348 758 4424 ἕκτος,
784 4349 874 4406 καὶ
919 4351 948 4406 6
975 4345 1238 4423 ἕϐδομος.
1281 4351 1367 4405 Ἐν
1398 4347 1457 4406 δε
1501 4354 1581 4422 τῷ
1627 4347 1845 4423 ἑϐδόμῳ

1963 4350 2091 4407 liter
2117 4356 2175 4407 et
2223 4354 2424 4407 sextus
2456 4354 2515 4406 et
2562 4351 2871 4422 septimus.
2908 4350 2973 4405 In
3023 4349 3274 4422 septimo
3321 4366 3455 4407 vero
3503 4350 3615 4407 erit

173 4439 341 4496 ἔσται
378 4440 636 4514 μιασμὸς,
669 4440 728 4495 ὃν
764 4439 826 4495 οὐ
867 4435 1097 4512 δύναμαι
1147 4437 1334 4511 εἰπεῖν,
1370 4437 1599 4493 ἐνώπιον
1650 4437 1845 4514 Κυρίου

1963 4439 2342 4508 abominatio,
2376 4455 2555 4511 quam
2586 4455 2702 4494 non
2732 4454 2974 4510 possum
3026 4437 3238 4506 dicere,
3270 4454 3467 4494 coram
3496 4438 3611 4494 Do-

169 4528 280 4583 καὶ
333 4528 654 4604 ἀνθρώιιτωνο
724 4526 808 4582 ὅτι
872 4526 1026 4583 αὐτοὶ
1092 4527 1390 4602 γνώσονται
1459 4526 1511 4581 οἳ
1568 4530 1845 4589 ποιοῦντες

1963 4528 2121 4584 mino
2152 4532 2209 4584 et
2236 4528 2613 4596 hominibus;
2646 4526 2923 4599 quoniam
2953 4525 3065 4597 ipsi
3099 4531 3472 4598 cognoscent,
3507 4525 3610 4597 qui

169 4614 349 4672 αὐτά.
402 4616 499 4671 Διὰ
561 4620 723 4672 τοῦτο
790 4615 843 4671 ἐν
912 4614 1292 4692 αἷχμαλωσίᾳ,
1338 4614 1429 4670 καὶ
1488 4614 1540 4669 ἐν
1593 4617 1845 4690 προνομῇ

1963 4616 2173 4672 facient
2218 4632 2305 4672 ea.
2341 4618 2583 4687 Propter
2629 4615 2738 4671 hoc
2769 4614 2829 4669 in
2881 4612 3213 4685 captivitate
3266 4615 3410 4668 etin
3454 4614 3609 4671 dire-

88 4732 93 4735 έ
168 4701 430 4760 ἔσονται·
462 4706 553 4760 καὶ
609 4708 645 4775 ἡ
704 4704 988 4780 γῆ,καὶή
1039 4703 1265 4779 ὕπαρξις
1321 4703 1496 4759 αὐτῶν
1555 4702 1845 4781 ἀφανισθή-

1963 4705 2157 4777 ptione
2186 4708 2359 4761 erunt
2382 4709 2467 4774 ;et
2496 4708 2652 4760 terra
2681 4708 2738 4759 et
2765 4702 3097 4759 substantia
3112 4718 3313 4758 eorum
3341 4702 3612 4759 extermi-

172 4814 367 4848 σεται.
415 4793 516 4849 Καὶ
565 4794 616 4848 ἐν
680 4793 902 4869 πέμπτῃ
968 4788 1230 4867 ἑϐδομάδι
1301 4791 1708 4867 ἐπιστρέφουσιν
1774 4793 1845 4856 εἷς

1963 4794 2220 4851 nabitur.
2253 4794 2323 4849 Et
2370 4793 2431 4848 in
2463 4793 2672 4865 quinta
2719 4792 3085 4848 hebdomade
3136 4793 3499 4847 revertentur
3545 4791 3608 4850 in

169 4889 297 4959 γῆν
334 4881 671 4958 ἐρημώσεως
717 4882 915 4953 αὐτῶν,
947 4881 1037 4937 καὶ
1076 4882 1655 4953 ἀνακαινοποιήσουσιν
1706 4882 1845 4938 οἶκον

1963 4884 2178 4940 terram
2209 4880 2589 4939 desolationis
2610 4881 2958 4954 ipso‘rum,et
2988 4880 3349 4937 renOvabuut
3364 4881 3607 4937 domum

166 4971 423 5047 Κυρίου.
460 4972 547 5027 Ἐν
599 4969 657 5027 δὲ
683 4976 763 5044 τῷ
792 4966 1017 5045 ἑϐδόμῳ
1046 4966 1395 5044 ἑϐδοματικῷ
1422 4970 1640 5042 ἥξουσιν
1690 4971 1845 5047 ἱερεῖς

1963 4971 2282 5029 Domini.ln
2312 4971 2563 5043 septima
2590 4987 2725 5027 vero
2757 4970 3124 5026 hebdomade
3154 4968 3387 5026 venient
3416 4986 3608 5026 sacer-

168 5057 747 5137 εἷδωλολατροῦντες,
805 5062 1070 5137 μάχιμοι,
1111 5059 1461 5139 φιλάργυροι,
1495 5060 1845 5138 ὑπερήφανοι,

1963 5062 2127 5118 dotes
2156 5059 2617 5126 idololatrantes,
2658 5059 2990 5126 bellatores,
3021 5057 3200 5126 avari,
3234 5056 3610 5130 superbi,ini-

166 5151 423 5225 ἄνομοι,
452 5149 726 5228 ἀσελγεῖς,
758 5147 1144 5229 παιδοφθόροι,
1174 5148 1559 5229 κτηνοφθόροι.

1964 5149 2085 5223 qui,
2106 5149 2732 5221 impudici,puerorum
2764 5150 3153 5219 corruptores,
3178 5162 3452 5219 pecorum
3482 5162 3611 5202 cor-

1962 5242 2257 5311 ruptores.

254 5332 378 5386 IH’.
414 5350 443 5382 «
471 5327 571 5385 Καὶ
625 5327 759 5403 μετὰ
804 5327 869 5385 τὸ
924 5326 1169 5404 γενέσθαι
1217 5327 1319 5398 τὴν
1362 5322 1635 5399 ἆκδίκησιν
1675 5326 1845 5384 αὐτῶν

2033 5326 2234 5383 XVIII.
2267 5348 2296 5378 «
2329 5326 2399 5382 Et
2426 5328 2742 5398 postquam
2771 5324 2925 5381 facta
2954 5322 3130 5381 fuerit
3165 5321 3422 5380 vindicta
3448 5321 3609 5394 ipso-

1962 5509 2138 5577 atque
2168 5502 2795 5577 afﬂictionistempore
2824 5503 3070 5572 Messiee,
3101 5502 3210 5577 sub
3243 5516 3358 5573 quo
3395 5497 3608 5577 omnia

1964 5572 2075 5649 sibi
2106 5591 2385 5649 prospera
2416 5572 3055 5649 pollicenturAttamen
3080 5572 3303 5649 priscos
3327 5572 3606 5649 rabbinos

246 5651 381 5735 (49)
414 5653 594 5722 Ὑμεῖς
643 5648 1020 5735 αῗχμάλωτοι,
1050 5644 1244 5705 ἔσεσθε.
1276 5648 1648 5735 udaaorum”
1672 5650 1845 5735 placi-

1963 5643 2127 5735 male'
2146 5643 2306 5720 genti
2337 5643 2476 5735 suae,
2508 5646 2683 5735 etiam
2709 5651 2841 5735 post
2870 5643 3184 5735 adventum
3218 5643 3608 5735 Messiammi-

142 5715 270 5782 tis'
300 5715 556 5783 adversa
603 5715 843 5781 omiiino
872 5723 1104 5782 videtur
1149 5718 1453 5800 praedictio
1494 5715 1853 5797 captivitatis
1961 5725 2130 5781 natos
2148 5715 2312 5792 'esse,
2343 5734 2413 5776 ex
2439 5715 3095 5780 traditionibuseorum
3118 5718 3377 5774 abnatat:
3398 5715 3487 5774 In.
3550 5784 3557 5789 ﬁ

484 5850 751 5933 Panos.
798 5848 913 5931 Gn.
955 5848 1036 5915 Π.
3254 5840 3336 5934 ὃς

171 5506 383 5631 ivga?
424 5506 791 5631 ᾗαταπαίξετε
861 5509 929 5563 τὰ
1002 5508 1150 5583 ἅγια.
1230 5506 1672 5585 Καταφρονήσετε
1743 5508 1851 5563 τῶν

154 5578 247 5655 ἀγ
258 5578 390 5655 (cev.
417 5578 507 5655 VID.
