4014 6226
398 376 553 439 1067

1378 373 1900 437 TESTAMENTA
1950 371 2058 435 ΧΠ
2101 374 2805 440 PATRIABCHARUM.

3637 367 3813 434 1068

394 524 529 565 rum
560 524 595 564 a
622 505 1129 577 Domino,deﬂciet
1158 507 1548 563 sacerdotium
1575 510 1662 576 ;et
1690 510 1831 563 tunc
1858 504 2042 561 susci-

2174 506 2297 582 ταρᾶ
2346 507 2573 581 Κυρίου,
2622 505 2857 581 ἐκλείψει
2908 508 2942 577 ἡ
2988 502 3279 579 ἱερωσύνηυ
3328 501 3417 558 καὶ
3458 502 3583 559 τότε
3623 501 3815 579 ἐγερεῖ

394 597 545 654 tabit
573 597 727 653 Deus
758 596 1118 653 sacerdotem
1138 597 1472 663 novum,cui
1505 613 1709 653 omnes
1738 610 2041 652 sermones

395 684 627 741 Domini
660 684 1069 741 revelabuntur
1096 702 1110 754 ;
1143 689 1201 741 et
1226 685 1351 757 ipse
1384 685 1555 741 faciet
1576 684 1871 757 judicium
1900 681 2047 739 veri-

403 772 544 829 tatis
590 773 651 828 in
700 777 856 829 terra
910 773 968 829 in
1002 773 1380 830 multitudine
1408 774 1656 831 dierum.
1709 775 1780 829 Et
1828 772 2047 828 orietur

402 866 628 921 astrum
661 861 849 935 ipsius
879 862 939 918 in
969 863 1134 931 coelo,
1169 864 1319 919 sicut
1350 863 1819 928 rex,illuminans
1847 861 2046 917 lumen

402 951 755 1023 cognitionis
787 952 846 1006 in
879 952 1001 1008 sole
1031 953 1144 1007 diei
1171 971 1184 1022 ;
1216 958 1273 1010 et
1303 953 1775 1026 magniﬁcabitur
1805 952 1864 1007 in
1911 950 2049 1006 orbe

399 1044 716 1108 terrarum,
745 1055 929 1113 usque
961 1042 1030 1097 ad
1065 1042 1528 1115 assumptionem
1559 1041 1769 1113 ipsius.
1801 1040 1931 1112 Ipse
1958 1053 2048 1093 re-

402 1128 738 1200 splendebit
767 1130 919 1185 sicut
948 1131 1035 1187 sol
1066 1132 1125 1186 in
1154 1136 1331 1202 terra,
1363 1137 1419 1187 et
1446 1130 1612 1187 tollet
1656 1146 1860 1185 omnes
1890 1132 2050 1184 tene-

402 1217 542 1273 bras
574 1234 701 1289 quaa
732 1224 872 1274 sunt
901 1221 1012 1275 sub
1045 1220 1285 1287 ccelo,et
1316 1222 1425 1276 erit
1456 1237 1565 1292 pax
1595 1219 1655 1275 in
1686 1218 1844 1275 omni
1874 1222 2049 1272 terra.

404 1306 543 1363 lei
576 1307 951 1381 exsultabunt
980 1309 1039 1365 in
1072 1309 1281 1365 diebus
1310 1310 1520 1382 ipsius,
1553 1313 1611 1365 et
1639 1314 1795 1365 terra
1831 1306 2055 1380 gaude-

406 1394 515 1467 bit,
548 1400 605 1451 et
634 1397 822 1452 nubes
872 1397 1243 1470 laetabuntur,
1275 1404 1332 1455 et
1356 1398 1609 1471 cognitio
1662 1397 1891 1472 Domini
1924 1396 2055 1450 fun-

410 1484 582 1539 detur
610 1484 671 1539 in
701 1489 948 1555 terra,ut
979 1504 1134 1560 aqua
1164 1488 1415 1543 marium
1446 1491 1535 1556 ;et
1564 1484 1757 1557 angeli
1786 1483 1983 1557 glorias
2001 1485 2059 1538 et

409 1571 579 1628 faciei
612 1573 843 1629 Domini
874 1577 1213 1647 gaudebunt
1242 1576 1302 1631 in
1333 1593 1420 1632 eo.
1454 1575 1589 1630 Coeli
1621 1574 1957 1647 aperientur
1987 1573 2056 1637 ίί,

410 1665 469 1717 et
499 1677 567 1716 ex
596 1662 815 1734 templo
846 1663 1042 1735 gloria;
1065 1664 1255 1721 veniet
1277 1681 1453 1737 super
1483 1663 1653 1719 illum
1675 1659 2058 1719 sanctiﬁcatio

410 1765 545 1805 cum
595 1765 731 1807 voce
759 1756 1023 1825 paterna,
1057 1752 1210 1809 sicut
1241 1753 1312 1809 ab
1360 1753 1651 1809 Abraham
1682 1755 1844 1825 patre
1876 1750 2055 1805 Isaac.

410 1839 479 1895 Et
506 1838 692 1911 gloria
721 1838 1007 1896 Altissimi
1040 1858 1216 1914 super
1243 1842 1439 1914 ipsum
1471 1842 1777 1909 dicetur,et
1805 1837 2059 1910 Spiritus

408 1926 741 1985 intellectus
753 1930 1305 1986 etsanctiﬁcationis
1326 1931 1651 2002 requiescet
1670 1927 2052 2000 superipsum

408 2015 469 2071 in
502 2033 657 2089 aqua
688 2018 755 2073 ¹².
783 2019 910 2091 Ipse
938 2018 1099 2076 dabit
1128 2020 1623 2092 magnificentiam
1660 2016 1885 2074 Domini
1918 2014 2058 2071 filiis

410 2104 537 2160 suis
568 2104 627 2159 in
658 2106 897 2162 veritate
926 2107 986 2162 in
1013 2108 1290 2164 saaculum
1317 2125 1331 2177 ;
1368 2112 1425 2163 et
1456 2125 1570 2164 non
1604 2107 1717 2162 erit
1765 2102 2059 2162 successio

410 2193 523 2264 ipsi
555 2193 613 2247 in
645 2196 1049 2267 generationes
1078 2202 1135 2253 et
1165 2197 1569 2271 generationes
1586 2212 1775 2268 usque
1806 2195 1864 2250 in
1885 2210 2061 2250 saecu-

410 2280 635 2337 lum.Et
654 2282 712 2337 in
735 2285 1057 2340 sacerdatio
1079 2285 1266 2357 ipsius
1292 2285 1520 2341 deficiet
1539 2301 1713 2340 omne
1734 2288 2059 2356 peccatum,

412 2374 472 2426 et
502 2370 689 2442 iniqui
720 2372 1088 2443 requiescent
1117 2373 1175 2428 in
1227 2373 1399 2429 malis
1429 2389 1443 2429 :
1469 2373 1619 2445 justi
1649 2388 1783 2428 vero
1835 2370 2061 2443 requie-

415 2464 582 2515 scent
610 2460 668 2515 in
701 2460 847 2533 ipso.
884 2463 953 2517 Et
983 2462 1108 2534 ipse
1139 2462 1357 2534 aperiet
1386 2467 1583 2535 portas
1631 2460 1908 2535 paradisi,
1942 2463 2062 2516 sta-

412 2549 654 2620 tuetque
684 2549 798 2621 (53)
834 2550 1155 2608 minantem
1187 2550 1449 2624 gladium
1471 2540 1750 2607 adversus
1779 2550 2066 2620 Adam,et

414 2635 581 2691 dabit
633 2639 852 2694 sanctis
902 2641 1203 2696 comedere
1250 2640 1323 2696 de
1352 2638 1511 2713 ligno
1539 2640 1691 2707 vitea,
1724 2643 1783 2695 et
1820 2638 2065 2710 spiritus

418 2727 903 2783 sanctiﬁcationis
952 2728 1065 2784 erit
1092 2729 1152 2784 in
1199 2728 1307 2785 eis.
1340 2730 1409 2784 Et
1452 2727 1641 2785 Beliar
1686 2727 1965 2800 ligabitur
1993 2725 2067 2781 ab

421 2810 573 2884 ipso,
607 2819 664 2870 st
692 2815 856 2871 dabit
880 2820 1226 2889 potestatem
1275 2816 1411 2872 filiis
1443 2816 1567 2873 suis
1597 2818 1669 2872 ad
1722 2816 2067 2873 calcandum

420 2917 601 2973 super
628 2904 990 2975 perniciosos
1021 2905 1677 2977 spiritus.Etlastabitur
1705 2905 1988 2961 Dominus
2006 2902 2067 2959 in

421 2989 562 3046 ﬁliis
592 2992 740 3063 ejus,
772 2997 830 3049 et
860 2994 1188 3068 acquiescet
1229 2994 1508 3052 Dominus
1554 2994 1616 3050 in
1663 2994 1892 3050 dilectis
1939 2994 2069 3066 ejus

429 3096 619 3152 usque
668 3081 728 3138 in
782 3082 1022 3141 saecula.
1081 3084 1245 3141 Tunc
1303 3084 1586 3141 exultabit
1637 3084 1952 3151 Abraham,
2013 3087 2071 3139 et

428 3167 609 3241 Isaac,
642 3176 700 3228 et
726 3172 905 3229 Jacob
932 3199 946 3243 ;
978 3178 1036 3231 et
1064 3190 1170 3247 ego
1222 3175 1510 3248 gaudebo,
1542 3180 1599 3230 et
1628 3189 1833 3231 omnes
1882 3171 2070 3229 sancti

425 3255 747 3316 induantur
775 3261 994 3319 laetitia.

493 3616 636 3674 XIX.
670 3639 699 3669 «
730 3620 801 3674 Et
845 3633 1022 3685 nunc,
1052 3616 1156 3672 ﬁlii
1203 3616 1340 3689 mei,
1385 3615 1584 3673 omnia
1633 3615 1882 3673 audistis
1919 3631 1933 3672 :
1964 3614 2068 3671 eli-

423 3705 543 3778 gite
570 3706 751 3779 igitur
797 3706 1229 3779 vobismetipsis
1258 3705 1347 3762 vel
1395 3707 1668 3763 tenebras
1714 3705 1802 3762 vel
1850 3706 2064 3775 lucem,

421 3794 510 3852 vel
541 3795 729 3867 legem
766 3795 990 3852 Domini
1021 3794 1108 3851 vel
1142 3811 1316 3868 opera
1342 3794 1550 3853 Beliar.
1585 3817 1614 3845 ››
1646 3796 1716 3851 Et
1760 3794 2067 3867 respondi-

424 3899 558 3940 mus
589 3900 696 3940 nos
726 3883 899 3956 patri,
933 3884 1190 3939 dicentes
1223 3899 1237 3938 :
1271 3905 1301 3933 «
1331 3883 1535 3939 Coram
1570 3883 1817 3939 Domino
1858 3883 2066 3939 ambu-

423 3971 700 4044 labimus,
752 3973 1076 4028 secundum
1124 3972 1312 4045 legem
1365 3971 1572 4044 ipsius.
1608 3994 1636 4022 »
1668 3972 1736 4028 Et
1782 3971 1926 4027 dixit
1963 3988 2067 4044 pa-

423 4064 512 4117 ter
540 4064 738 4117 noster
770 4077 784 4116 :
826 4081 854 4114 σ
883 4060 1075 4117 Testis
1113 4066 1202 4117 est
1234 4061 1515 4117 Dominus
1564 4068 1621 4117 et
1649 4065 1827 4117 testes
1876 4059 2066 4134 angeli

423 4149 573 4218 ejus,
606 4153 663 4204 et
707 4149 871 4205 testis
902 4165 1007 4222 ego
1056 4153 1113 4206 et
1142 4154 1320 4205 testes
1368 4166 1468 4205 vos
1508 4150 1579 4205 de
1632 4167 1900 4206 sermone
1948 4149 2066 4206 oris

421 4237 619 4293 vestri.
657 4260 685 4287 ››
718 4240 785 4293 Et
833 4238 1088 4295 diximus
1120 4255 1133 4293 :
1167 4261 1194 4289 «
1228 4239 1428 4294 Testes
1480 4240 1756 4312 (sumus).
1791 4261 1821 4289 »
1865 4240 1933 4295 Et
1981 4240 2066 4295 sic

422 4325 708 4397 requievit
747 4327 902 4397 Levi,
926 4327 1046 4383 haec
1074 4327 1361 4383 mandans
1385 4327 1522 4384 filiis
1555 4328 1701 4395 suis,
1725 4332 1781 4384 et
1809 4328 2069 4384 extendit

421 4417 599 4488 pedes
630 4433 790 4485 suos,
835 4420 892 4473 et
919 4416 1222 4489 appositus
1267 4422 1358 4473 est
1387 4418 1459 4473 ad
1492 4422 1687 4489 patres
1736 4434 1896 4489 suos,
1931 4434 2063 4473 cum

420 4505 661 4562 vixisset
690 4510 925 4562 centum
948 4511 1006 4561 et
1032 4505 1272 4578 triginta
1298 4511 1524 4578 septem
1555 4507 1835 4563 annos.Et
1863 4522 2068 4580 posue-

2151 595 2348 671 Κύριος
2378 598 2525 673 ἱερέα
2551 596 2757 665 καινὸν,
2789 596 2836 668 ᾧ
2867 594 3060 656 πάντες
3111 594 3164 649 ol
3212 592 3372 669 λόγοι
3418 592 3622 669 Κυρίου
3672 592 3814 647 ἀποο

2151 683 2611 764 καλυφθήσοντοιι⁸
2661 684 2753 740 καὶ
2802 683 2962 746 αὐτὸς
3031 685 3247 753 ποιήσει
3306 680 3485 757 κρίσιν
3543 681 3814 751 ἀληθείας

2154 773 2240 829 ἐπὶ
2271 780 2371 844 τῆς
2401 780 2504 851 γῆς
2534 773 2586 828 ἐν
2635 772 2835 845 πλήθει
2882 775 3127 849 ἡμερῶν.
3161 771 3264 829 Καὶ
3315 769 3565 826 ἀνατελεῖ
3610 767 3815 842 ἄστρον

2156 861 2320 918 αὐτοῦ
2359 863 2411 918 ἓν
2471 864 2679 938 οὐρανῷ
2734 865 2868 936 (50),
2921 862 2997 924 ὡς
3054 858 3334 937 βασιλεὺς,
3390 858 3641 937 φωτίζων
3692 862 3815 936 φῶς

2156 952 2408 1029 γνώσεως
2440 951 2493 1007 ἐν
2525 951 2672 1025 ἡλίῳ
2702 952 2929 1027 ἡμέρας
2962 949 3052 1004 καὶ
3104 946 3573 1024 μεγαλυνθήσεται
3635 947 3692 1001 ἐν

2158 1040 2469 1115 οἰκουμένῃ,
2520 1037 2627 1103 ἓως
2685 1037 3009 1114 ἀναλήψεως
3056 1036 3242 1094 αὐτοῦ.
3283 1036 3451 1099 Οὗτος
3496 1035 3821 1109 ἀναλάμψει

2160 1130 2234 1194 ὡς
2263 1131 2291 1185 6
2319 1129 2480 1200 ἥλιος
2529 1127 2579 1185 ἐν
2627 1132 2697 1203 τῇ
2745 1127 2842 1205 γῇ,
2872 1128 2962 1183 καὶ
3010 1127 3184 1203 ὲξαρεῖ
3229 1132 3333 1182 πᾶν
3361 1126 3555 1188 σκότος
3614 1126 3683 1180 ἐκ
3721 1132 3826 1193 τῆς

2164 1219 2252 1276 ὑπ’
2310 1219 2558 1296 οὐρανὸν,
2606 1221 2697 1274 καὶ
2750 1214 2896 1273 ἔσται
2942 1216 3133 1294 εἲρήνη
3180 1215 3233 1272 ἐν
3293 1215 3436 1290 πάσῃ
3479 1219 3551 1290 τῇ
3761 1214 3824 1269 Ol

2162 1309 2381 1386 οὐρανοὶ
2432 1306 2848 1385 ἀγαλλιάσονται
2896 1306 2948 1362 ἐν
2991 1311 3112 1369 ταῖς
3158 1305 3391 1382 ἡμέραις
3432 1304 3623 1378 αὐτοῦ,
3657 1304 3759 1359 καὶ
3790 1305 3826 1373 ἡ

2160 1404 2231 1476 γῆ
2280 1400 2601 1474 χαρήσεται,
2634 1398 2723 1452 καὶ
2769 1397 2825 1452 αἱ
2873 1393 3093 1475 νεφέλαι
3142 1394 3626 1473 εὐφρανθήσονται,
3662 1393 3761 1449 καὶ
3790 1394 3825 1461 ἧ

2162 1491 2360 1564 γνῶσις
2387 1486 2584 1563 Κυρίου
2639 1484 3002 1563 ἐκχυθήσεται
3064 1483 3151 1539 ἐπὶ
3208 1490 3309 1553 τῆς
3345 1490 3469 1560 γῆς,
3527 1482 3606 1546 ὡς
3674 1479 3827 1557 ὕδωρ

2164 1576 2471 1632 θαλασσῶν·
2498 1575 2589 1632 καὶ
2631 1576 2684 1631 οἱ
2740 1573 2970 1651 ἄγγελοι
3023 1580 3125 1644 τῆς
3184 1570 3345 1647 δόξης
3396 1572 3619 1628 καὶτοῦ
3656 1592 3831 1648 προσ-

2167 1668 2319 1723 ώπου
2353 1663 2552 1743 Κυρίου
2603 1666 2937 1740 χαρήσονται
2993 1661 3045 1718 ἐν
3102 1661 3269 1734 αὐτῷ.
3299 1661 3368 1720 Οἱ
3413 1659 3648 1737 οὐρανοὶ
3684 1661 3828 1715 ἀνοι-

2166 1758 2449 1831 γήσονται,
2480 1754 2569 1810 καὶ
2600 1751 2662 1809 ἐκ
2688 1756 2785 1808 τοῦ
2824 1754 2960 1807 ναοῦ
3006 1756 3106 1821 τῆς
3157 1747 3323 1822 δόξης
3362 1748 3478 1822 ἥξει
3541 1748 3632 1804 ἐπ’
3668 1747 3827 1804 αὐτὸν

2088 1878 2136 1943 Β
2167 1843 2409 1921 ἀγίασμα
2474 1842 2612 1916 μετὰ
2672 1846 3214 1943 φωνῆρςίπατρικῆς,
3268 1839 3372 1943 (ξς.
3410 1832 3831 1943 ἆττὸὶ’Δξραὶμ

2163 1932 2369 2008 πατρὸς
2416 1932 2611 1988 Ἰσαάκ.
2673 1929 2775 1988 Καὶ
2820 1925 2948 2000 δόξα
2995 1927 3246 2003 Ὑψίστου
3289 1925 3372 1983 ἐπ’
3421 1926 3584 1982 αὐτὸν
3650 1926 3836 2003 ῥηθή-

2166 2042 2334 2092 σεται,
2364 2020 2453 2075 καὶ
2500 2022 2715 2092 πνεῦμα
2757 2018 3021 2080 συνέσεως
3068 2015 3158 2073 καὶ
3220 2016 3493 2093 ἀγιασμοῢ
3551 2015 3836 2071 καταπτύ-

2167 2130 2246 2165 σει
2280 2108 2362 2164 ἐπ’
2392 2107 2551 2164 αὐτὸν
2584 2106 2635 2164 ἐν
2662 2111 2743 2179 τῷ
2781 2103 2955 2163 ὕδατι.
2993 2102 3172 2167 Αὐτὸς
3214 2103 3375 2160 δώσει
3404 2105 3506 2174 τήν
3566 2104 3831 2181 μεγαλω-

2168 2197 2331 2269 σόνην
2384 2196 2582 2274 Κυρίου
2629 2200 2748 2258 τοῖς
2795 2195 2935 2257 υἱοῖς
2985 2194 3150 2250 αὐτοῦ
3202 2193 3253 2249 ἐν
3303 2191 3539 2267 ἀληθείᾳ
3597 2191 3688 2255 εἰς
3749 2194 3833 2247 τὸν

2168 2288 2356 2343 αίῶνα·
2406 2287 2494 2342 καὶ
2542 2284 2641 2340 οὐκ
2687 2282 2831 2340 ἔσται
2882 2280 3115 2359 διαδοχὴ
3166 2282 3311 2355 αότῷ
3359 2282 3437 2344 εἷς
3490 2282 3689 2357 γενεὰς
3750 2282 3835 2335 καὶ

2170 2376 2354 2453 γενεὰς
2385 2373 2488 2438 ἓως
2543 2374 2758 2435 αἰῶνος.
2792 2372 2895 2430 Καὶ
2950 2372 3037 2427 ἐπὶ
3084 2378 3186 2441 τῆς
3235 2373 3347 2445 (51)
3372 2370 3691 2447 ἱερωσύνης
3748 2371 3835 2425 αὖα

2169 2470 2270 2521 τοῦ
2303 2462 2541 2538 ἐκλείψει
2579 2468 2723 2517 πᾶσα
2761 2460 3016 2535 ἁμαρτία,
3048 2460 3137 2515 καὶ
3186 2460 3238 2515 οἱ
3287 2460 3483 2532 ἄνομοι
3547 2459 3835 2514 καταπαπῷ

2173 2574 2354 2608 σουσιν
2410 2551 2485 2615 εἷς
2525 2551 2680 2606 κακά·
2740 2549 2792 2604 οἱ
2871 2545 2929 2604 δὲ
2997 2545 3197 2603 δίκαιοι
3270 2545 3719 2603 καταπαύσουσιν
3793 2546 3838 2602 ἓν

2175 2641 2338 2715 αὐτῷ.
2370 2641 2536 2717 Καίγε
2563 2639 2722 2702 αὐτὸς
2753 2637 2951 2708 ἀνοίξει
2975 2640 3071 2700 τὰς
3104 2635 3268 2713 θύρας
3316 2640 3413 2691 τοῦ
3466 2633 3838 2714 παραδείσου,

2172 2733 2262 2788 καὶ
2310 2731 2494 2801 στήσει
2535 2730 2649 2803 (52)
2696 2729 2797 2799 τὴν
2846 2724 3173 2782 ἀπειλοῦσαν
3221 2724 3493 2804 ῥομφαίαν
3540 2725 3695 2780 κατὰ
3748 2730 3839 2781 τοῦ

2174 2818 2375 2893 Ἀδὰμ,
2414 2819 2505 2873 καὶ
2554 2814 2715 2873 δώσει
2760 2820 2879 2879 τοῖς
2930 2814 3101 2891 ἁγίοις
3142 2818 3333 2892 φαγεῖν
3386 2813 3447 2868 ἐκ
3492 2818 3599 2869 τοῦ
3669 2814 3838 2884 ξύλου

2172 2916 2272 2980 τῆς
2307 2911 2474 2979 ζωῆς,
2505 2906 2594 2961 καὶ
2650 2909 2864 2978 πνεῦμα
2918 2903 3221 2981 ἁγιωσύνης
3279 2901 3423 2958 ἔσται
3471 2901 3563 2957 ἐπ’
3616 2902 3840 2965 αὐτοῖς.

2178 3000 2281 3058 Καὶ
2328 2998 2357 3054 6
2399 2994 2594 3071 Βελιᾶρ
2650 2992 2928 3065 δεθήσεται
2977 2992 3066 3055 ὑπ’
3110 2991 3295 3063 αὐτοῦ,
3325 2990 3416 3046 καὶ
3464 2987 3636 3047 δώσει
3686 2990 3841 3064 Egon-

2178 3086 2293 3143 σίαν
2323 3090 2441 3149 τοῖς
2468 3085 2680 3145 τὲκνοις
2709 3081 2872 3138 αὐτοῦ
2901 3085 3086 3136 πατεῖν
3144 3078 3232 3135 ἐπὶ
3279 3080 3347 3134 τὰ
3388 3080 3611 3157 πονηρᾶ
3674 3080 3839 3135 πνεῶ

2185 3197 2345 3251 ματα.
2404 3173 2503 3230 Καὶ
2569 3172 2981 3251 εὐφρανθήσεται
3020 3170 3217 3246 Κύριος
3282 3166 3369 3223 ἐπὶ
3422 3173 3542 3231 τοῖς
3615 3168 3842 3229 τέκνοις

2100 3241 2144 3309 c
2179 3241 2365 3335 αὐτοῦ,
2408 3262 2499 3318 καὶ
2550 3241 2832 3331 εὐδοκήσει
2879 3258 3080 3335 Κύριος
3102 3241 3212 3313 ’ἐπὶ
3240 3261 3355 3319 τοῖς
3387 3257 3718 3331 ἀγαπητοῖς
3752 3258 3845 3313 αὖ·

2176 3358 2273 3411 τοῦ
2321 3349 2426 3414 ἕως
2470 3354 2578 3407 τῶν
2638 3349 2873 3405 αἰώνων.
2920 3345 3051 3403 Τότε
3115 3343 3499 3423 ἆγαλλιάσεται
3551 3340 3840 3424 ’Δϐραᾶμ

2176 3442 2267 3498 καὶ
2316 3439 2511 3511 Ἰσαὰκ,
2569 3437 2660 3494 καὶ
2713 3430 2928 3492 Ἰακώϐ·
2972 3434 3127 3511 κάγὼ
3177 3435 3521 3510 χαρήσομαι,
3574 3433 3682 3490 καὶ

2175 3550 2262 3594 τες
2294 3530 2346 3585 οἱ
2378 3529 2519 3605 ἅγιοι
2550 3524 2857 3582 ἐνδύσονται
2881 3520 3211 3601 εὐφροσύνην
3245 3524 3380 3596 (54).

2249 3620 2349 3677 ΙΘ’,
2380 3602 2553 3671 α’Καὶ
2606 3620 2718 3688 νῦν,
2774 3613 2935 3669 τέκνα
2984 3632 3111 3684 μου,
3164 3611 3337 3667 πάντα
3382 3608 3671 3681 ἠκούσατε
3727 3602 3855 3668 ile--

2175 3711 2269 3764 σθε
2298 3705 2389 3763 οὗν
2421 3707 2632 3767 ἑαυτοῖς
2661 3704 2697 3773 ἢ
2727 3702 2792 3758 τὸ
2839 3701 3030 3764 σκότος
3074 3702 3111 3770 ἢ
3157 3700 3222 3755 τὸ
3270 3702 3405 3777 φῶς.
3436 3699 3472 3767 ἢ
3504 3698 3694 3774 νόμον
3748 3706 3836 3756 τοῦ

2177 3796 2375 3874 Κυρίου
2405 3795 2441 3865 ἢ
2476 3791 2609 3870 ἔργα
2632 3790 2730 3849 τοῦ
2768 3791 2985 3867 ΒεΛιάρ.
3021 3815 3043 3845 ι
3081 3788 3186 3846 Καὶ
3236 3786 3610 3865 ἀπεκρίθημεν
3674 3792 3835 3864 ipsi;

2173 3891 2252 3959 τῷ
2294 3884 2480 3962 πατρὶ,
2527 3881 2795 3960 λέγοντεςο
2850 3903 2878 3933 ιι
2926 3879 3187 3935 Ἐνώπιον
3233 3874 3433 3954 Κυρίου
3487 3879 3838 3954 «(ipsumips-

2176 3986 2262 4045 θα,
2318 3974 2455 4030 κατὰ
2502 3972 2594 4028 τὸν
2651 3969 2821 4044 νόμον
2882 3966 3067 4026 αὐτοῦ.
3118 3992 3142 4023 ι
3208 3966 3309 4025 Καὶ
3349 3964 3491 4020 εἶπεν
3561 3966 3592 4020 6
3658 3968 3837 4043 πατὴρ

2174 4066 2359 4137 ἡμῶν·
2408 4084 2430 4113 ι
2474 4060 2692 4136 Μάρτυς
2747 4056 2963 4135 Κύριος,
3012 4054 3103 4112 καὶ
3164 4054 3429 4133 μάρτυρες
3478 4053 3540 4108 οἱ
3600 4053 3831 4133 ἄγγελοι

2174 4151 2361 4219 αὐτοῦ,
2406 4149 2498 4206 καὶ
2550 4150 2755 4225 μάρτυς
2803 4145 2929 4223 ἐγὼ,
2978 4145 3068 4201 καὶ
3144 4145 3411 4220 μάρτυρες
3485 4142 3657 4217 ὑμεῖς
3714 4146 3831 4218 περί

2172 4245 2271 4297 τοῦ
2327 4237 2499 4315 λόγου
2569 4241 2668 4293 τοῦ
2742 4234 3009 4308 στόματος
3086 4233 3258 4307 ὑμῶν.
3321 4256 3349 4285 ››
3409 4231 3511 4287 Καὶ
3582 4228 3833 4305 εἴπαμεν

2176 4354 2205 4382 ‹‹
2242 4330 2543 4406 Μάρτυρες.
2604 4349 2633 4377 ››
2690 4324 2790 4379 Καὶ
2830 4322 3003 4385 οὕτως
3062 4320 3327 4376 ἐπαύσατο
3376 4321 3531 4394 Aeoli,
3575 4320 3831 4376 Evtsllé~

2179 4439 2336 4493 μενος
2365 4422 2483 4479 τοῖς
2534 4415 2676 4476 υἱοῖς
2723 4409 3027 4481 αὖτοῦ,καί
3070 4408 3291 4481 ἐξέτεινε
3337 4408 3466 4473 τοὺς
3518 4406 3708 4472 πόδας
3755 4410 3836 4466 αὗ-

2172 4512 2291 4581 τοῦ,
2322 4505 2412 4560 καὶ
2470 4501 2763 4581 προσετέθη
2823 4502 2959 4577 πρὸς
3010 4498 3139 4561 τοὺς
3191 4495 3423 4572 πατέρας
3480 4497 3682 4568 αὐτοῦ,
3750 4502 3832 4568 ξιξ.

421 4599 562 4650 runt
612 4611 746 4651 eum
779 4597 838 4651 in
886 4594 1091 4663 theca;
1126 4598 1183 4650 et
1211 4599 1412 4666 postea
1440 4594 1795 4675 sepelierunt
1840 4612 1974 4652 eum
2004 4596 2061 4652 in

2175 4618 2268 4660 σας
2301 4594 2415 4673 ρλζ¹
2454 4591 2569 4664 ἔτη.
2602 4597 2704 4648 Καῖ
2746 4585 2941 4661 ἔθηκαν
2980 4587 3147 4675 αὐτὸν
3199 4586 3265 4675 ,ἐν
3310 4590 3471 4661 σορῷ·
3533 4588 3627 4642 καὶ
3688 4588 3829 4643 ὅπε.

422 4683 673 4755 Ilebron,
697 4685 866 4756 juxta
892 4683 1208 4752 Abraham,
1238 4688 1295 4739 et
1324 4685 1505 4753 Isaac,
1538 4688 1597 4740 et
1624 4684 1825 4741 Jacob.

421 4863 464 4900 ¹¹
498 4862 702 4919 Matth.
735 4879 874 4931 xvu,
903 4863 958 4921 5.
1038 4862 1082 4897 ³2
1111 4861 1319 4919 Matth.
1350 4879 1435 4935 ιιι,
1467 4863 1554 4934 16,
1589 4863 1690 4932 17;
1727 4863 1866 4919 Luc.
1901 4881 1986 4935 ιιι,
2015 4865 2110 4926 22.

493 4968 607 5051 (50)
654 4968 887 5051 ’Άσῖτρον
943 4965 1108 5050 αὖῖοδ
1168 4966 1220 5022 έν
1277 4966 1511 5051 9&9??-
1548 4969 1741 5051 .Hi399
1813 4973 2069 5051 θυρέοτίε

422 5040 609 5116 nostri
655 5040 845 5095 verbis
895 5040 1131 5116 gemina
1179 5040 1416 5116 scripsit
1443 5045 1499 5116 ξ.
1546 5040 1809 5113 Ignatius
1857 5042 2072 5116 aliique

424 5112 647 5186 Patres,
680 5111 929 5186 quorum
962 5112 1134 5186 verba
1162 5111 1799 5186 recitavitLPearsonus,
1820 5111 2069 5186 partfn,

429 5183 638 5241 Vindic.
674 5186 843 5254 Epist.
869 5183 1092 5254 Ignatii,
1124 5198 1251 5253 cap.
1270 5182 1589 5254 ‘10.,7Grus.

495 5255 611 5325 (51)
644 5249 745 5308 Καὶ
806 5249 911 5306 ἐπὶ⁷
948 5249 1154 5321 τῆς,κ.
1185 5249 1235 5305 τ.
1270 5249 1325 5325 λ.
1360 5253 1463 5325 Hic
1521 5254 1743 5310 incerta
1789 5259 1928 5311 sunt
1979 5273 2069 5313 se-

426 5323 664 5407 quentia
693 5325 754 5380 in
770 5324 1027 5407 'Cantab.
1061 5323 1401 5407 exemplari,
1426 5324 1497 5405 ob
1529 5326 1729 5407 eadem
1753 5327 1935 5407 verba
1965 5329 2072 5407 ini-

424 5395 587 5468 tialia
613 5413 721 5468 per
767 5396 1052 5468 incuriam
1076 5396 1300 5468 scribae
1345 5395 1611 5468 omissa:
1672 5396 1777 5468 Καὶ,
1828 5395 1915 5451 ἐπὶ
1968 5404 2069 5468 τῆς

425 5460 725 5542 ῖερωσόνης
753 5466 917 5542 αὐτοῖξ
970 5464 1038 5519 τὰ
1074 5460 1193 5542 ἔθνη
1243 5462 1712 5542 πληθυνθήσονται
1763 5466 1815 5522 ἐν
1872 5460 2068 5542 γνῴσὲι

426 5533 641 5613 twigs;
674 5533 801 5613 γῆς,
826 5535 921 5613 καὶ
953 5537 1390 5613 φωτιισθήσονται
1436 5533 1525 5591 διὰ
1560 5539 1797 5613 Δ’χάριτος
1847 5533 2066 5613 Κυρίου·

427 5607 456 5659 6
488 5604 544 5659 δὲ
572 5604 793 5678 Ἰσραὴλ
822 5604 1251 5677 ἐλαττωθήσεται
1280 5604 1333 5661 ἐν
1366 5604 1629 5684 ἀγνωσίᾷ
1648 5604 1739 5665 καὶ
1788 5604 2072 5684 σκοτισθή-

427 5694 571 5729 σεται
605 5675 657 5730 ἐν
684 5678 887 5732 πένθει.
919 5682 1004 5732 ID.

427 5694 571 5729 σεται
605 5694 657 5730 εν
684 5694 887 5733 πενυει.
920 5694 1004 5735 ΙΙ).

497 5745 611 5839 ί52)
642 5748 861 5823 Στήσει.
892 5746 1238 5822 ’Δποστήσει.
1268 5749 1333 5807 ID

2169 4707 2261 4764 ρον
2302 4671 2501 4757 -ἕθαψαν
2550 4679 2707 4736 αὐτὸν
2776 4677 2828 4734 ἐν
2891 4671 3138 4764 Χεϐρῲν,
3186 4674 3283 4731 ἀνὰ
3326 4678 3488 4751 χεῖρα
3738 4679 3827 4733 Ἀ-

2169 4760 2374 4854 ϐραὰμ,
2406 4772 2497 4828 καὶ
2522 4770 2722 4841 Ἰσαὰκ,
2753 4768 2843 4824 καὶ
2874 4760 3091 4823 Ἰακώϐ.

2252 4972 2376 5047 (53)Δ
2397 4971 2730 5047 διαιιιειᾳμε.
2759 4964 2936 5047 ,θερίᾳ
3408 4964 3667 5035 uterque
3716 4979 3821 5047 ῃ

2181 5033 2520 5173 sistra:
2544 5033 3421 5166 εειάθξηίιξξὲἐηδίιξξδῂξεξὲειίι
3438 5033 3819 5162 ιεοὲξξείξξ

2229 5160 2241 5173 .
2276 5133 2308 5172 a
2354 5132 2382 5171 e
3057 5152 3070 5173 9

2229 5160 2241 5173 .
2276 5131 2419 5172 adeo
2453 5131 2517 5169 ut
2544 5131 2636 5166 le
2685 5131 2930 5165 (ulmum
2973 5131 3070 5175 BIL,

2181 5205 2289 5243 sua
2319 5188 2475 5242 hunc
2523 5177 3286 5251 sensumiexpressisseteo
3330 5176 3487 5251 quod
3507 5176 3586 5251 Δἰιι
3636 5177 3815 5251 Graia

2180 5258 2395 5331 legeret
2421 5255 2627 5331 στήσει,
2661 5252 2748 5331 uti
2764 5246 2954 5331 _hab'et
2982 5250 3161 5331 codex
3187 5246 3812 5331 Cantabrigiensia“—

2179 5319 2311 5386 ru‘in
2336 5329 2456 5385 haec
2486 5319 2935 5394 lectio,indeque
2963 5319 3809 5394 nata_versio,antecedenn'bu

2179 5402 2398 5474 pariter
2425 5415 2492 5453 ac
2527 5390 2924 5478 sequentibus
2970 5391 3179 5478 verbis,
3210 5390 3442 5478 ipsique
3472 5391 3560 5446 rei
3612 5395 3807 5446 natura

2180 5461 2486 5544 repugnat.
2522 5461 2750 5544 Optime
2779 5480 2910 5544 vero
2937 5468 3149 5544 cuncta
3163 5461 3290 5544 sibi
3320 5461 3577 5517 invicem
3620 5475 3803 5544 cogn-

2180 5484 2486 5544 repugnat.
2522 5484 2565 5523 U
2610 5484 2750 5520 tune
2779 5484 2910 5520 vero
2937 5484 3149 5518 cuneta
3179 5484 3290 5518 SlDl
3321 5484 3577 5517 ιηνιῠειω
3620 5484 3801 5518 σουσ-

2180 5549 2342 5612 nant,
2374 5543 2421 5598 si
2450 5556 2518 5612 ex
2556 5484 2866 5612 ἇχοηὶειιεὶ
2923 5532 3353 5612 codice_(lra_3co
3382 5548 3643 5607 reponas
3692 5530 3801 5587 ἆτο-

2176 5604 2384 5684 στήσει,
2416 5608 2696 5684 qbscedqre
2721 5608 2911 5684 faciet,
2940 5605 3228 5684 ampvebz‘t:
3256 5604 3343 5661 ln.

2248 5672 2767 5769 ῥέξ’ξΞ-ὐψροσέννην1
2782 5672 3172 5769 ⁸Δικαιοσύνην.
3201 5679 3287 5735 ID.

2246 5748 2362 5830 (55)
2389 5748 2577 5829 Χεῖρα.
2603 5752 2821 5829 Χεῖρας.
2850 5748 2937 5813 ID.
