4014 6226
189 472 311 535 1069

702 610 1059 663 ΚΕΦΛΛΙΟΝ
1089 613 1125 663 Δ
1145 651 1159 666 .

181 711 370 784 Διαθήκη
408 708 584 768 Ἰούδα
632 712 755 790 περὶ
816 711 1081 793 ἀνδρείας,
1149 714 1237 770 καὶ
1264 713 1644 793 φιλαργυρίας,
1674 714 1764 770 καὶ

806 784 1079 861 πορνείας.

234 905 283 962 Δ¹
320 904 645 984 ’Δντίγραφον
693 904 872 983 λόγων
924 904 1122 981 Ἰούδα,
1189 905 1288 964 ὅσα
1352 904 1592 974 ιλάλησε
1643 911 1763 969 τοῖς

171 993 289 1057 υἱοῖς
326 994 467 1049 αὐτοῦ
516 996 622 1071 πρὸ
669 1000 767 1049 τοῦ
811 996 1096 1051 ἀποθανεῖν
1149 994 1332 1054 αὐτόν.
1395 994 1761 1071 Συναχθέντες

167 1080 308 1152 ἦλθον
356 1084 478 1159 πρὸς
523 1082 705 1153 αὐτὸν,
764 1083 854 1138 καὶ
913 1083 1059 1139 εἶπεν
1124 1080 1329 1146 αὒτοῖς.
1400 1106 1429 1137 ι(
1496 1081 1759 1159 Τέταρτος

165 1172 265 1234 υἱὸς
304 1170 543 1247 ἆγενόμην
591 1172 696 1249 ἐγὼ
743 1176 824 1243 τῷ
863 1170 1028 1249 πατρί
1062 1192 1188 1245 μου,
1248 1171 1338 1227 καὶ
1366 1173 1401 1241 ἡ
1438 1172 1621 1247 μήτηρ
1654 1190 1760 1243 μου

161 1261 261 1334 (56)
299 1260 522 1334 ὠνόμασέ
575 1280 641 1334 με
697 1257 923 1331 Ἰούδαν,
979 1259 1250 1335 λέγουσα⁸
1318 1258 1759 1334 ’Δνθομολογοῦ-

160 1369 244 1422 μαι
284 1354 349 1422 τῷ
389 1349 584 1426 Κυρίῳ,
634 1348 718 1404 ὅτι
771 1346 977 1405 δέδωκέ
1024 1370 1116 1422 μοι
1164 1346 1253 1405 καί
1311 1347 1566 1424 τέταρτον
1618 1346 1758 1406 υἱόν.

154 1437 288 1512 Ὀξὺς
328 1434 459 1511 ἤμην
510 1438 599 1493 καὶ
651 1435 945 1500 σπουδαῖος
994 1437 1046 1493 ἐν
1078 1436 1294 1509 νεότητί
1328 1459 1452 1512 μου,
1479 1436 1569 1492 καὶ
1621 1437 1756 1492 ὑπα-

150 1526 305 1582 κούων
349 1531 416 1599 τῷ
472 1526 637 1603 πατρὶ
694 1526 829 1582 κατὰ
884 1525 1057 1581 πάντα
1108 1524 1298 1601 λόγον’
1355 1526 1447 1581 καὶ
1497 1524 1755 1603 εὐλόγουν

148 1617 250 1689 (58)
297 1615 381 1685 τὴν
408 1613 615 1691 μητέρα
648 1636 774 1688 μου,
833 1616 925 1670 καὶ
982 1616 1081 1685 τὴν
1123 1612 1359 1693 ἀδεκφήν
1389 1617 1491 1685 τῆς
1548 1612 1755 1689 μητρός

151 1704 376 1778 μου.Καί
419 1703 649 1781 ἐγένετο,
699 1703 776 1766 ὡς
824 1701 1110 1780 ἠνδρώθην
1160 1705 1296 1779 (58),
1341 1703 1433 1759 καὶ
1490 1704 1518 1758 ὁ
1574 1705 1754 1777 πατήρ

144 1814 244 1867 μου
286 1788 457 1851 Ἰακὼϐ
505 1789 704 1864 ηὔξατό
759 1813 854 1866 μοι
903 1794 1038 1868 (59),
1082 1791 1297 1869 λέγων·
1347 1789 1609 1856 Βασιλεὺς
1639 1789 1754 1867 ἔσῃ,

139 1879 498 1956 κατευοδούμεν
507 1902 565 1945 ος
596 1881 647 1937 ἐν
673 1887 825 1939 πᾶσι.

1375 474 1973 538 TESTAMENTUM
2015 471 2260 536 JUDE.

1792 610 1847 674 A

3366 476 3523 539 ιοτο

2516 607 2753 664 CAPUT
2792 608 2884 665 ιν.

1877 714 2272 769 Testamentum
2316 712 2490 781 Judx,
2523 713 2618 786 ide
2661 713 3010 786 fortitudine,
3059 722 3112 771 et
3154 716 3414 781 avaritia,
3466 720 3520 773 et

2499 785 2887 854 forniCatz'one.

1942 908 1988 965 Ι.
2037 908 2480 980 Transcriptum
2529 923 2867 967 sermonum
2917 910 3103 979 Judm,
3153 926 3519 985 quaecunque

1872 995 2102 1054 locutus
2153 1002 2241 1053 est
2288 996 2425 1053 ﬁliis
2469 998 2615 1066 suis,
2649 1004 2964 1071 antequam
2996 1004 3337 1056 moreretur.
3370 1001 3519 1058 Con-

1869 1086 2093 1157 gregati
2135 1090 2423 1142 venerunt
2450 1086 2522 1142 ad
2554 1086 2837 1158 ipsum,et
2863 1087 3008 1143 dixit
3036 1088 3120 1144 eis
3153 1106 3167 1144 :
3202 1110 3231 1138 ‹‹
3262 1090 3517 1155 Quartus

1869 1172 2030 1229 filius
2062 1175 2301 1230 effectus
2331 1191 2464 1231 sum
2496 1175 2647 1247 patri
2678 1180 2893 1247 meo,et
2922 1180 3110 1232 mater
3139 1192 3269 1233 mea
3293 1178 3519 1234 vocavit

1869 1278 1962 1317 me
1990 1261 2228 1329 Judam,
2261 1261 2460 1319 dicens
2492 1278 2506 1318 :
2541 1285 2570 1313 «
2604 1262 2892 1320 Conﬁteor
2934 1264 3201 1336 Domino,
3234 1265 3514 1338 quoniam

1867 1349 2026 1406 dedit
2056 1350 2200 1406 mihi
2231 1354 2290 1407 et
2319 1355 2597 1423 quartum
2628 1351 2874 1408 filium.»
2903 1352 3084 1409 Velox
3113 1370 3272 1409 eram
3305 1358 3364 1409 et
3392 1358 3515 1410 stu-

1866 1438 2070 1495 diosus
2099 1440 2158 1495 in
2183 1440 2489 1511 juventute
2520 1456 2669 1512 mea,
2686 1445 2744 1497 et
2772 1441 3049 1499 obediens
3078 1442 3230 1515 patri
3260 1459 3388 1498 meo
3415 1459 3513 1499 se-

1865 1528 2122 1583 cundum
2155 1529 2580 1585 omneverbum
2606 1534 2695 1599 ;et
2725 1530 3142 1587 benedicebam
3156 1531 3513 1601 matrimeaa,

1866 1619 1923 1672 et
1951 1616 2135 1673 sorori
2185 1617 2393 1674 matris
2420 1634 2582 1674 meas.
2631 1622 2701 1675 Et
2729 1619 2950 1675 factum
3000 1624 3110 1689 est,
3159 1623 3226 1675 ut
3273 1620 3515 1677 effectus

1865 1720 2000 1760 sum
2028 1704 2134 1774 vir,
2184 1710 2243 1761 et
2272 1710 2439 1778 pater
2489 1722 2659 1764 meus
2705 1708 2886 1765 Jacob
2934 1709 3120 1765 oravit
3166 1724 3345 1781 super
3392 1726 3507 1779 me,

1864 1792 2066 1851 dicens
2097 1809 2112 1850 :
2145 1816 2174 1845 «
2206 1798 2327 1851 Rex
2353 1794 2490 1866 eris,
2520 1800 2897 1869 prosperatus
2928 1796 2989 1853 in
3018 1797 3319 1855 omnibus.
3353 1819 3385 1848 ››

203 1990 270 2047 B'.
301 2012 327 2042 «
353 1988 444 2043 Καὶ
474 1985 644 2044 ἔδωκέ
677 2008 769 2062 μοι
803 1986 1003 2063 Κύριος
1025 1988 1188 2065 χάριν
1220 1987 1273 2044 ἐν
1313 1992 1444 2044 πᾶσι
1492 1992 1610 2050 τοῖς
1661 1982 1751 2064 ἔρ-

1932 1989 2003 2046 II.
2036 2010 2065 2040 ι(
2097 1988 2169 2045 Et
2219 1988 2381 2045 dedit
2411 1988 2558 2045 mihi
2608 1989 2896 2048 Dominus
2939 1991 3190 2064 gratiam
3220 1992 3282 2048 in
3322 1991 3513 2049 omni-

133 2098 245 2152 γοις
293 2098 405 2152 μου,
456 2074 510 2133 ἔν
582 2098 642 2133 τε
704 2081 784 2149 τῷ
842 2076 1016 2153 ἀγρῷ,
1073 2076 1162 2133 καὶ
1220 2076 1273 2133 έν
1320 2082 1402 2151 τῷ
1445 2074 1604 2150 οἷ’κῳ.
1664 2078 1751 2140 Ὡς

134 2164 267 2222 είδου
319 2168 422 2240 (60)
478 2165 562 2221 ὅτι
611 2162 945 2241 συνέδραμον
991 2168 1061 2239 τῇ
1131 2164 1341 2244 ἐλάφῳ,
1404 2165 1495 2221 καὶ
1560 2164 1754 2227 πιάσας

130 2255 305 2325 αὐτὴν,
332 2254 554 2325 ἐποίησα
581 2258 660 2326 τῷ
688 2253 851 2329 πατρί
900 2274 1004 2327 μου
1056 2254 1273 2330 βρῶμα.
1331 2254 1436 2317 Τὰς
1484 2250 1754 2330 δορκάδας

128 2342 367 2419 ἐκράτουν
398 2340 483 2397 διὰ
510 2347 607 2397 τοῦ
640 2340 869 2419 δρόμου,
900 2343 990 2397 καὶ
1021 2348 1147 2415 πᾶν,
1189 2341 1221 2397 ὅ
1267 2342 1333 2412 ἦν
1385 2342 1436 2397 έν
1489 2346 1607 2404 τοῖς
1654 2362 1756 2397 πε-

128 2430 283 2502 δίοις,
323 2426 742 2504 κατελάμϐανον.
795 2428 1017 2508 Φοράδα
1060 2429 1252 2507 ἀγρίαν
1292 2426 1618 2499 κατέλαϐον,
1666 2431 1756 2486 καὶ

121 2520 311 2583 πιάσας
365 2519 625 2594 ἡμέρωσα
683 2522 815 2594 (61)·
874 2520 964 2575 καὶ
1025 2517 1220 2574 λέοντα
1285 2518 1586 2591 ἀπέκτεινα,
1665 2520 1756 2575 καὶ

118 2607 418 2687 ἀφειλόμην
470 2608 656 2687 ἔριφον
698 2607 758 2664 ἐκ
803 2612 898 2663 τοῦ
943 2608 1210 2682 στόματος
1267 2607 1454 2667 αὐτοῦ.
1523 2609 1755 2682 ’Δρκτον

118 2693 306 2754 λαϐὼν
359 2698 461 2752 ἀπὸ
508 2702 606 2752 τοῦ
660 2694 851 2767 ποδὸς,
883 2695 1186 2752 ἀπεκύλισα
1216 2696 1293 2759 εἷς
1321 2696 1567 2774 κρημνόν
1593 2716 1607 2729 ·
1667 2696 1758 2752 καὶ

115 2792 223 2841 πᾶν
272 2783 479 2861 θηρίον,
526 2785 573 2840 εί
617 2784 933 2865 ἐπέστρεφεν
984 2785 1067 2841 ἐπ’
1136 2785 1253 2860 ἐμὲ,
1320 2783 1552 2841 διέσπων
1607 2785 1760 2855 αὐτὸ,

113 2875 193 2938 ὡς
238 2874 403 2933 κύων.
447 2874 652 2951 Ἀγρίῳ
697 2875 875 2952 χοίρῳ
929 2871 1283 2951 συνέδραμον,
1330 2874 1422 2930 καὶ
1459 2869 1760 2951 προλαϐὼν

112 2963 169 3020 ἐν
200 2966 281 3035 τῷ
325 2961 542 3039 τρέχειν
598 2984 683 3037 με,
739 2963 1110 3040 κατεσπάραξα
1150 2963 1331 3020 αὐτόν·
1382 2961 1660 3041 Πάρδαλις
1708 2963 1759 3019 ἐν

106 3048 341 3129 Χεϐρὼν
372 3050 786 3128 προσεπήδησεν
820 3051 907 3107 ἐπὶ
935 3052 1029 3107 τὸν
1070 3051 1205 3107 κύνα
1231 3071 1244 3085 ·
1290 3051 1381 3108 καὶ
1428 3051 1623 3115 πιάσας
1672 3051 1764 3107 αύ-

100 3142 211 3210 τήν
262 3140 369 3196 ἀπὸ
415 3147 514 3211 τῆς
555 3140 740 3217 οὐρᾶς,
784 3140 1123 3212 ἀπηκόντισα
1171 3139 1364 3211 αὐτὴν,
1412 3140 1502 3196 καὶ
1555 3137 1759 3217 έῤῥάγη

100 3230 157 3285 ἐν
216 3235 337 3292 τοῖς
398 3228 550 3307 ὅροις
604 3232 796 3301 Γάζης.
848 3234 983 3284 Βοῦν
1032 3230 1222 3305 ἄγριον
1263 3229 1317 3284 έν
1344 3230 1505 3305 χώρᾳ
1532 3228 1766 3303 νεμόμε-

1862 2078 1974 2134 bus
2003 2076 2279 2150 operibus
2327 2077 2495 2145 meis,
2525 2082 2585 2134 et
2630 2078 2691 2134 in
2724 2094 2863 2153 agro
2907 2083 2965 2135 et
2993 2081 3055 2136 in
3085 2080 3281 2137 domo.
3316 2080 3386 2137 Ut
3426 2079 3512 2136 vi-

1862 2167 2097 2235 debam,
2146 2166 2302 2238 quod
2352 2167 2773 2224 concurrebam
2821 2184 3037 2237 cervas;
3087 2174 3144 2225 et
3189 2168 3513 2242 apprehen-

1864 2256 2011 2312 dens
2040 2254 2253 2327 ipsam,
2289 2255 2397 2311 feci
2428 2254 2624 2311 cibum
2656 2256 2808 2329 patri
2837 2273 2988 2313 meo.
3019 2257 3238 2331 Capras
3268 2274 3512 2330 supera-

1864 2344 2000 2400 bam
2031 2359 2135 2415 per
2177 2358 2439 2413 cursum,
2468 2348 2527 2399 et
2571 2360 2745 2400 omne
2783 2345 2939 2416 quod
2988 2349 3111 2401 erat
3156 2345 3215 2401 in
3261 2346 3511 2418 campis,

1864 2432 2188 2505 capiebam.
2237 2435 2460 2503 Equam
2505 2438 2795 2506 agrestem
2842 2434 3165 2506 capiebam,
3198 2438 3255 2490 et
3303 2450 3511 2507 appre-

1867 2520 2132 2577 hendens
2162 2519 2519 2576 mansuefeci
2550 2538 2564 2588 ;
2591 2525 2649 2577 et
2672 2520 2899 2577 leonem
2928 2521 3276 2592 interfeci,et
3305 2522 3516 2595 eripie-

1866 2608 2003 2666 bam
2024 2608 2259 2664 haedum
2289 2622 2359 2663 ex
2386 2624 2483 2665 ore
2512 2608 2883 2680 ejus.Ursum
2900 2610 3136 2683 capiens
3150 2627 3251 2683 per
3274 2612 3508 2683 pedem,

1866 2696 2165 2754 volvebam
2195 2697 2255 2753 in
2287 2696 2712 2770 pracipitium;
2748 2702 2806 2754 et
2834 2715 3066 2755 omnem
3099 2700 3302 2768 feram,
3332 2700 3383 2755 si
3414 2716 3512 2755 re-

1868 2802 2035 2843 versa
2063 2785 2238 2842 estin
2270 2801 2386 2852 me,
2408 2784 2798 2843 dilacerebam
2831 2802 2986 2855 eam,
3020 2792 3085 2843 ut
3115 2788 3301 2845 canis.
3333 2789 3513 2846 Porco

1869 2874 2121 2932 silvestri
2170 2874 2611 2942 concurrebam,
2644 2879 2701 2931 et
2728 2892 3142 2949 praeoccupans
3180 2876 3517 2944 incurren-

1869 2964 2278 3035 do,dilaceravi
2326 2962 2751 3020 eum.Pardalis
2780 2964 2843 3021 in
2894 2965 3121 3021 Hebron
3151 2965 3383 3022 insiluit
3411 2982 3516 3023 su-

1870 3068 1975 3125 per
2002 3068 2244 3121 canem;
2276 3057 2334 3108 et
2363 3052 2807 3125 apprehendens
2836 3068 2966 3109 eam
2998 3069 3102 3125 per
3131 3055 3514 3122 caudam,ab-

1863 3141 2141 3212 jiciebam
2190 3157 2342 3211 eam,
2384 3146 2443 3198 et
2491 3140 2728 3213 dirupta
2773 3144 2863 3197 est
2908 3141 2966 3196 in
3013 3140 3281 3199 terminis
3328 3142 3515 3199 Gazae.

1870 3230 2081 3287 Bovem
2129 3228 2456 3287 silvestrem
2486 3229 2545 3285 in
2596 3229 2832 3301 regione
2868 3233 3103 3301 pastum
3132 3231 3296 3287 tenui
3327 3230 3518 3287 corni-

95 3340 198 3373 νον
233 3318 506 3395 ἐκράτησα
544 3322 655 3393 (62)
682 3323 788 3373 τῶν
819 3317 1080 3395 κεράτων.
1108 3318 1199 3373 καὶ
1231 3318 1283 3373 έν
1314 3316 1504 3391 κύκλῳ
1550 3316 1757 3374 συσσεί-

1877 3319 2004 3390 bus,
2036 3322 2094 3375 et
2123 3320 2182 3374 in
2213 3316 2497 3374 circulum
2527 3316 2728 3374 volens
2758 3321 2816 3373 et
2852 3317 3264 3387 obtenebrans,
3289 3319 3519 3390 jaciens

95 3428 221 3480 σας,
254 3407 348 3463 καὶ
374 3405 649 3479 σκοτίσας,
683 3406 841 3483 ῥίψας
872 3405 1086 3462 ἀνεῖλον
1110 3405 1293 3462 αὐτόν.

175 3515 253 3572 Γ’,
296 3533 319 3563 ι
354 3514 455 3567 Καὶ
486 3510 575 3567 ὅτε
602 3512 771 3582 ἦλθον
801 3513 853 3567 οἱ
885 3509 980 3567 δύο
1037 3510 1281 3588 βασιλεῖς
1318 3515 1426 3567 τῶν
1454 3508 1764 3567 Χαναναίων

92 3600 577 3679 τεθωρακισμένοι
608 3601 695 3656 ἐπὶ
722 3603 790 3657 τὰ
818 3601 1070 3675 ποίμνια,
1101 3601 1192 3656 καὶ
1239 3600 1420 3662 πολὺς
1471 3600 1600 3663 λαὸς
1650 3600 1766 3673 μετ’

89 3691 313 3763 αὐτῶν,
366 3690 519 3766 κάγὼ
568 3690 733 3762 μότος
781 3687 1001 3766 δραμὼν
1052 3688 1139 3744 ἐπὶ
1185 3689 1277 3744 τὸν
1331 3688 1555 3764 βασιλέα
1598 3688 1765 3765 Σοὺρ,

88 3780 382 3855 συνέσχοθ
561 3780 737 3847 αὐτὸν,
767 3778 855 3834 καὶ
905 3777 991 3833 ἐπὶ
1048 3779 1145 3840 τὰς
1195 3775 1466 3851 κνημίδας
1512 3777 1767 3855 κρούσας,

83 3867 450 3939 κατέσπασα,
510 3868 599 3923 καὶ
652 3867 824 3930 οὕτως
871 3865 1085 3922 ἀνεῖλον
1129 3862 1309 3921 αὐτόν.
1361 3867 1457 3921 Καὶ
1502 3868 1594 3922 τὸν
1658 3863 1770 3921 ἔτε-

83 3977 194 4034 ρον
268 3954 510 4031 βασιλέα
566 3956 793 4034 Ταφουὶ,
866 3956 1175 4028 καθήμενον
1250 3954 1337 4009 ἐπὶ
1411 3959 1509 4009 τοῦ
1575 3951 1772 4029 ἵππου,

78 4042 330 4099 ἀνεῖλον
366 4042 554 4112 αὐτὸν,
585 4043 674 4097 καὶ
706 4042 880 4105 οὕτως
908 4043 1084 4098 πάντα
1110 4043 1201 4098 τὸν
1236 4040 1367 4097 λαὸν
1392 4044 1501 4117 (64)
1523 4042 1774 4118 γιεσκόρ-

74 4152 257 4188 πισα.
315 4132 424 4186 Τὸν
475 4132 662 4209 Ἀχὼρ
732 4129 979 4207 βασιλέα,
1044 4129 1212 4208 ἄνδρα
1278 4130 1568 4208 γιγάντων,
1643 4129 1778 4207 βάλ-

74 4221 279 4278 λοντα
340 4221 479 4292 τόξα
526 4218 830 4297 ἔμπροσθεν
889 4220 980 4276 καὶ
1029 4216 1266 4293 ὄπισθεν,
1318 4219 1399 4299 ἐφ’
1440 4217 1618 4276 ἵππου
1658 4220 1779 4277 ἀνε-

72 4310 377 4383 λόμενος,
433 4308 586 4373 λίθον
632 4308 891 4381 ἐξήκοντα
939 4308 1140 4386 λιτρῶν
1189 4308 1487 4379 ἀκοντίσας,
1573 4305 1784 4364 δέδωκα

66 4402 170 4471 νῷ
229 4394 415 4471 ἵππῳ
482 4399 573 4452 καὶ
622 4398 905 4453 ἀπέκτεινα
954 4396 1137 4454 αὐτόν.
1188 4397 1287 4453 Καὶ
1318 4396 1639 4471 πολεμήσας
1692 4397 1786 4453 τὸν

68 4487 305 4564 Ἀχὼρ
362 4485 460 4541 ἐπὶ
510 4484 654 4563 ὣρας
713 4483 829 4558 δύο,
881 4485 1168 4542 ἀπέκτεινα
1221 4485 1403 4557 αὐτὸν,
1451 4486 1542 4541 καὶ
1571 4484 1648 4547 εἰς
1690 4483 1787 4541 δύο

71 4576 250 4651 μέρη
315 4576 567 4646 ποιήσας
621 4574 721 4643 τὴν
772 4570 972 4629 ἀσπίδα
1018 4573 1202 4631 αὐτοῦ.
1234 4573 1497 4647 συνέκοψα
1525 4572 1660 4636 τοὺς
1686 4568 1791 4628 πό-

65 4663 193 4726 δας
254 4662 471 4721 αὐτου.
528 4663 615 4718 Ἐν
665 4659 724 4717 δὲ
770 4666 849 4735 τῷ
897 4660 1101 4717 ἐκδύειν
1138 4682 1204 4735 με
1232 4661 1391 4717 αὐτὸν
1422 4662 1514 4717 τὸν
1547 4662 1788 4739 θώρακα,

64 4752 222 4808 ἰδοὺ
278 4749 494 4829 ἄνδρες
552 4750 717 4823 ὀκτὼ,
769 4751 974 4828 ἑταῖροι
1021 4751 1209 4819 αὐτοῦ,
1251 4747 1483 4827 ἤρξαντο
1521 4748 1786 4825 πολεμεῖν

1871 3407 2056 3465 occidi
2087 3423 2245 3463 eum.

1944 3514 2087 3571 IlI.«
2116 3514 2188 3569 Et
2216 3514 2451 3585 quando
2478 3512 2790 3569 veniebant
2816 3513 2933 3569 duo
2964 3528 3129 3585 reges
3159 3513 3519 3571 Chananaao-

1874 3619 2005 3661 rum
2036 3601 2263 3657 loricati
2294 3618 2470 3673 super
2499 3617 2721 3673 greges,
2752 3604 2810 3657 et
2838 3600 3060 3657 multus
3091 3601 3346 3674 populus
3376 3618 3511 3659 cum

1876 3691 2042 3764 ipsis,
2072 3694 2129 3746 et
2158 3705 2263 3763 ego
2293 3688 2456 3745 solus
2488 3705 2727 3744 currens
2758 3689 2817 3744 in
2851 3705 3044 3760 regem
3085 3691 3219 3760 Sur,
3250 3690 3518 3747 continui

1878 3797 2013 3837 eum
2044 3783 2101 3834 et
2128 3778 2188 3833 in
2218 3778 2393 3834 tibias
2424 3778 2776 3849 percutiens,
2804 3778 3112 3850 prostravi,
3135 3783 3193 3835 et
3220 3779 3302 3835 ita
3335 3778 3522 3836 occidi

1880 3868 2113 3927 eum.Et
2142 3866 2325 3923 alium
2355 3882 2549 3939 regem
2580 3866 3147 3939 Tapbue,sedentem
3178 3868 3236 3923 in
3263 3885 3411 3941 equo
3434 3885 3527 3924 oc-

1883 3957 2019 4028 cidi,
2051 3960 2226 4028 atque
2256 3955 2339 4010 ita
2370 3970 2603 4011 omnem
2636 3954 2917 4027 populum
2950 3955 3415 4028 dispersi.Acbor
3444 3972 3529 4012 re-

1884 4063 2038 4120 gem,
2069 4044 2258 4099 virum
2291 4044 2974 4117 gigantum,sagitantem
3007 4050 3144 4101 ante
3171 4049 3229 4101 et
3262 4050 3435 4113 retro,
3468 4044 3529 4101 in

1887 4132 2775 4208 equoapprehendens,lapidem
2797 4132 3387 4206 sexagintalibrarum
3400 4150 3536 4191 con-

1888 4228 2191 4297 torquens,
2220 4221 2437 4294 projeci
2466 4221 2525 4276 in
2552 4236 2795 4294 equum,
2829 4226 2886 4278 et
2912 4222 3108 4295 ipsum
3152 4223 3434 4280 interfeci.
3468 4222 3537 4279 Et

1890 4327 2233 4385 expugnans
2263 4309 2454 4366 Achor
2482 4309 2644 4367 horis
2673 4310 2924 4379 duabus,
2944 4310 3129 4367 occidi
3158 4316 3387 4383 eum,et
3416 4311 3539 4367 dis-

1893 4416 2097 4457 secans
2114 4398 2382 4471 clypeum
2404 4398 2816 4470 ejus,conscidi
2838 4400 3014 4471 pedes
3036 4399 3252 4470 ejus.In
3275 4400 3540 4456 exuendo

1895 4492 2094 4546 autem
2125 4488 2255 4559 ejus
2280 4487 2739 4555 thoracem,ecce
2770 4491 2899 4543 octo
2929 4486 3060 4558 viri,
3091 4487 3264 4544 amici
3294 4489 3422 4560 ejus
3452 4488 3543 4543 in-

1897 4580 2177 4649 ceperunt
2223 4590 2484 4649 pugnare
2546 4576 2826 4633 adversus
2874 4591 2987 4631 me.
3039 4575 3340 4632 Involvens
3407 4590 3546 4647 ergo

1900 4665 2109 4723 stolam
2144 4680 2334 4721 meam
2364 4664 2425 4719 in
2459 4679 2637 4719 manu
2669 4662 3121 4735 mea,lapidibus
3153 4680 3183 4720 e
3213 4662 3394 4719 funda
3420 4679 3551 4736 per-

1899 4754 2125 4811 cutiens
2152 4752 2603 4826 ipsos,quatuor
2633 4768 2834 4808 eorum
2866 4751 3050 4808 occidi
3078 4769 3092 4821 ;
3125 4752 3315 4808 centeri
3348 4755 3554 4808 autem

54 4840 241 4915 πρός
316 4862 420 4915 με.
488 4840 804 4911 Ἐτειλήσας
862 4840 954 4895 οὗν
1006 4842 1107 4910 τὴν
1167 4838 1369 4911 στολήν
1429 4860 1534 4912 μου
1612 4837 1663 4894 έν
1719 4860 1757 4894 τ

1901 4844 2195 4916 fugerunt.
2230 4843 2297 4898 Et
2324 4841 2500 4898 Jacob
2535 4845 2699 4913 pater
2728 4844 2926 4896 noster
2954 4840 3163 4896 occidit
3193 4840 3435 4909 Beelisa,
3466 4856 3559 4898 re-

53 4929 255 5008 χειρί
323 4950 471 5003 μου,
523 4928 697 4991 λίθοις
743 4927 1099 5008 σφενδονήσας
1162 4927 1376 4997 αὐτοὺς,
1430 4927 1687 5005 τέσσαρας
1741 4927 1757 4984 ἔ

1905 4948 2037 5006 gem
2068 4931 2333 4987 omnium
2366 4928 2898 5003 regum,gigantem
2932 4930 3294 4999 fortitudine,
3328 4931 3554 4987 cubito-

53 5020 289 5075 αὐτῶν
358 5018 610 5074 ἀνεῖλον·
672 5019 725 5073 οἱ
782 5016 840 5074 δὲ
897 5018 1061 5075 ἄλλοι
1109 5014 1328 5095 ἔφυγον·
1391 5018 1489 5072 Καὶ
1522 5012 1712 5076 Ἰακὼϐ

1909 5037 2040 5079 rum
2090 5019 2419 5076 duodecim.
2454 5019 2525 5074 Et
2571 5017 2781 5074 cecidit
2811 5035 2988 5090 super
3017 5018 3179 5091 ipsos
3225 5024 3466 5091 tremor,
3499 5023 3558 5075 et

48 5108 299 5184 πατὴρ
386 5109 557 5180 ἡμῶν
609 5105 792 5162 ἀνεῖλε
848 5108 939 5162 τὸν
998 5105 1249 5175 Βεελισᾶ,
1308 5102 1535 5181 βασιλέα
1583 5105 1757 5160 πάντα

1912 5112 2288 5167 cessaverunt
2316 5122 2575 5180 pugnare
2606 5111 2808 5162 contra
2838 5111 3214 5180 nos.Propter
3244 5108 3354 5164 hoc
3385 5124 3558 5164 secu-

40 5202 193 5253 τῶν
268 5196 594 5273 βασιλέων,
640 5195 872 5273 γίγαντα
915 5199 984 5270 τῇ
1045 5194 1219 5272 ἰσχύϊ,
1266 5193 1496 5271 πηχέων
1566 5191 1757 5249 δώδεκι

1915 5216 2017 5256 rus
2048 5203 2173 5255 erat
2203 5201 2366 5269 pater
2398 5212 2562 5251 meus
2593 5196 2652 5249 in
2686 5194 2922 5267 praaliis,
2953 5197 3232 5268 quoniam
3264 5213 3370 5269 ego
3402 5210 3562 5253 eram

45 5286 196 5345 Καὶ
278 5284 566 5342 ἐπέπεσεν
628 5284 713 5341 ἐπ’
769 5284 963 5348 αὐτοὺς
1021 5284 1249 5359 τρόμος,
1324 5282 1415 5338 καὶ
1498 5280 1757 5338 έπαύσαντ

1918 5304 2052 5345 cum
2085 5286 2363 5344 fratribus
2395 5284 2562 5341 meis.
2594 5283 2757 5340 Vidit
2802 5284 2958 5341 enim
2990 5285 3051 5341 in
3079 5285 3300 5343 visione
3329 5285 3399 5342 de
3447 5301 3564 5354 me,

349 5498 574 5575 Μήτηρ
613 5518 738 5575 μου.
771 5496 893 5575 Δία.
930 5502 1027 5575 ID._
1996 5498 2106 5573 (61)
2138 5490 2361 5575 Φοράδα
2387 5492 2578 5571 ἀγρίαν
2602 5487 2926 5565 κατέλαϐον,
2950 5494 3040 5552 καὶ
3059 5493 3253 5559 πιάσας
3274 5492 3558 5572 ἡμέρωσα.

149 5500 279 5573 (56
349 5503 418 5555 Μ
467 5518 574 5575 τηρ
613 5518 738 5573 μου.
771 5500 893 5556 Δία.
930 5502 1013 5557 ID.

149 5573 281 5642 (57
354 5570 444 5625 Εὐ
495 5571 682 5644 όγουν,
718 5571 974 5660 Ἐτίμων.
1005 5572 1088 5627 ID.

181 5645 284 5699 58
363 5640 719 5718 Ἠνδρώθην.
762 5642 1085 5719 Ἦορύνθην.

180 5716 286 5772 59
362 5710 591 5785 Ηῦξατό
629 5734 740 5787 μοι.
774 5713 1080 5785 Ἐπηύξατο

178 5787 287 5845 60
359 5787 465 5848 Ὦς
500 5781 664 5842 εἶδον.
696 5782 847 5846 Οἶδα.
879 5792 968 5844 ID.

1926 5570 2164 5629 Desunt.
2198 5570 2281 5624 In.

1997 5644 2113 5716 (62)
2144 5638 2465 5716 'Ettpci'c'qaa:
2497 5632 2813 5716 Κρατείσαςρ
2845 5643 2929 5696 ID.

2147 5705 2314 5789 Σοίξρ,
2345 5705 2627 5789 συνέσχον.
2661 5708 2880 5789 ’Δσοὺρ,
2912 5713 3183 5786 συνεῖχον.
3217 5709 3300 5789 ΙΙ),

2021 5717 2092 5768 63
2147 5717 2314 5787 Σοὺρ,
2345 5717 2627 5784 συνέσχον.
2661 5717 2880 5789 ’Δσοὺρ,
2912 5717 3183 5786 συνεῖχον.
3218 5717 3300 5779 ID.

1998 5717 2115 5858 (64)
2144 5779 2308 5842 Δαόν.
2339 5779 2557 5840 Αὐτῶν.
2587 5784 2672 5839 ID.
3296 5787 3305 5796 ‘

181 5640 315 5719 εξ)
362 5640 719 5719 ﬁnissent
762 5640 1085 5719 ’βδρύγβην-
1118 5641 1200 5719 ΙΡ·

180 5710 316 5787 59)
362 5710 591 5787 mea;
629 5710 1101 5787 μοιεζετεηύεαέο.
1134 5717 1221 5769 In.

181 5645 284 5699 58
363 5644 719 5718 Ἢνδρώθην.
762 5644 968 5719 Ἦδρύνί

180 5716 286 5772 59
362 5710 591 5785 Ηῦξατό
629 5734 740 5787 μοι.
774 5713 968 5785 Ἐπηύξ

146 5644 317 5862 ἔδοξ
359 5787 465 5848 Ὦς
500 5781 664 5842 εἶδον.
696 5782 847 5846 Οἶδα.
879 5792 968 5844 In.
