  <div class='ocr_page' id='page_1' title='image "/cluster/home/n/w/nwhite01/storage/ocr_20150623/2/hvd.32044073501397/544.png"; bbox 0 0 4014 6226; ppageno 0'>
   <div class='ocr_carea' id='block_1_1' title="bbox 176 370 322 441">
    <p class='ocr_par' dir='ltr' id='par_1_1' title="bbox 176 370 322 441">
     <span class='ocr_line' id='line_1_1' title="bbox 176 370 322 441; baseline 0.014 -2"><span class='ocrx_word' id='word_1_1' title='bbox 176 370 322 441; x_wconf 71' lang='grc'><strong>10⁸13</strong></span> 
     </span>
    </p>
   </div>
   <div class='ocr_carea' id='block_1_2' title="bbox 1440 366 2331 453">
    <p class='ocr_par' dir='ltr' id='par_1_2' title="bbox 1440 366 2331 453">
     <span class='ocr_line' id='line_1_2' title="bbox 1440 366 2331 453; baseline 0.01 -9"><span class='ocrx_word' id='word_1_2' title='bbox 1440 366 2039 447; x_wconf 76' lang='lat' dir='ltr'><strong>TESTAMENTUM</strong></span> <span class='ocrx_word' id='word_1_3' title='bbox 2079 380 2331 453; x_wconf 51' lang='lat' dir='ltr'><strong>JUDEX</strong></span> 
     </span>
    </p>
   </div>
   <div class='ocr_carea' id='block_1_3' title="bbox 3421 380 3579 445">
    <p class='ocr_par' dir='ltr' id='par_1_3' title="bbox 3421 380 3579 445">
     <span class='ocr_line' id='line_1_3' title="bbox 3421 380 3579 445; baseline 0.013 -2"><span class='ocrx_word' id='word_1_4' title='bbox 3421 380 3579 445; x_wconf 72' lang='grc'><strong>1074</strong></span> 
     </span>
    </p>
   </div>
   <div class='ocr_carea' id='block_1_4' title="bbox 168 504 1829 590">
    <p class='ocr_par' dir='ltr' id='par_1_4' title="bbox 168 504 1809 590">
     <span class='ocr_line' id='line_1_4' title="bbox 168 504 1809 590; baseline 0.001 -26"><span class='ocrx_word' id='word_1_5' title='bbox 168 508 253 565; x_wconf 73' lang='grc' dir='ltr'>καὶ</span> <span class='ocrx_word' id='word_1_6' title='bbox 309 504 548 585; x_wconf 81' lang='grc' dir='ltr'>ὥρμησα</span> <span class='ocrx_word' id='word_1_7' title='bbox 601 506 684 565; x_wconf 82' lang='grc' dir='ltr'>ἐπ’</span> <span class='ocrx_word' id='word_1_8' title='bbox 737 505 933 573; x_wconf 72' lang='grc' dir='ltr'>αὐτοὺς</span> <span class='ocrx_word' id='word_1_9' title='bbox 991 508 1078 567; x_wconf 83' lang='grc' dir='ltr'><strong>ἐπὶ</strong></span> <span class='ocrx_word' id='word_1_10' title='bbox 1126 512 1225 582; x_wconf 79' lang='grc' dir='ltr'>τήν</span> <span class='ocrx_word' id='word_1_11' title='bbox 1274 512 1538 590; x_wconf 70' lang='grc' dir='ltr'>κορυφήν·</span> <span class='ocrx_word' id='word_1_12' title='bbox 1572 511 1809 567; x_wconf 83' lang='grc' dir='ltr'>κάκεῖνοι</span> 
     </span>
    </p>
   </div>
   <div class='ocr_carea' id='block_1_5' title="bbox 1950 504 3579 590">
    <p class='ocr_par' dir='ltr' id='par_1_5' title="bbox 1950 514 3579 589">
     <span class='ocr_line' id='line_1_5' title="bbox 1950 514 3579 589; baseline 0.002 -19"><span class='ocrx_word' id='word_1_13' title='bbox 1950 533 2101 588; x_wconf 76' lang='lat' dir='ltr'><strong>:uper</strong></span> <span class='ocrx_word' id='word_1_14' title='bbox 2129 518 2399 573; x_wconf 76' lang='lat' dir='ltr'><strong>verticem</strong></span> <span class='ocrx_word' id='word_1_15' title='bbox 2437 535 2450 573; x_wconf 87' lang='lat'><strong>:</strong></span> <span class='ocrx_word' id='word_1_16' title='bbox 2484 521 2543 572; x_wconf 90' lang='lat' dir='ltr'><strong>et</strong></span> <span class='ocrx_word' id='word_1_17' title='bbox 2571 516 2654 572; x_wconf 83' lang='lat' dir='ltr'><strong>illi</strong></span> <span class='ocrx_word' id='word_1_18' title='bbox 2690 516 2888 573; x_wconf 87' lang='lat' dir='ltr'><strong>fundis</strong></span> <span class='ocrx_word' id='word_1_19' title='bbox 2933 514 3234 588; x_wconf 88' lang='lat' dir='ltr'><strong>jaciebant</strong></span> <span class='ocrx_word' id='word_1_20' title='bbox 3263 532 3441 589; x_wconf 83' lang='lat' dir='ltr'><strong>super</strong></span> <span class='ocrx_word' id='word_1_21' title='bbox 3484 532 3579 574; x_wconf 86' lang='lat' dir='ltr'><strong>me</strong></span> 
     </span>
    </p>
   </div>
   <div class='ocr_carea' id='block_1_6' title="bbox 179 592 1817 678">
    <p class='ocr_par' dir='ltr' id='par_1_6' title="bbox 179 592 1817 678">
     <span class='ocr_line' id='line_1_6' title="bbox 179 592 1817 678; baseline 0.001 -23"><span class='ocrx_word' id='word_1_22' title='bbox 179 596 503 678; x_wconf 77' lang='grc' dir='ltr'>ἐσφενδόνων</span> <span class='ocrx_word' id='word_1_23' title='bbox 564 592 649 655; x_wconf 80' lang='grc' dir='ltr'>ἐπ’</span> <span class='ocrx_word' id='word_1_24' title='bbox 706 598 804 675; x_wconf 76' lang='grc' dir='ltr'>ἐμὲ</span> <span class='ocrx_word' id='word_1_25' title='bbox 857 599 1031 663; x_wconf 81' lang='grc' dir='ltr'>λίθοις</span> <span class='ocrx_word' id='word_1_26' title='bbox 1089 600 1179 655; x_wconf 80' lang='grc' dir='ltr'><strong>καὶ</strong></span> <span class='ocrx_word' id='word_1_27' title='bbox 1243 600 1444 673; x_wconf 58' lang='grc' dir='ltr'>τόξοις</span> <span class='ocrx_word' id='word_1_28' title='bbox 1495 602 1584 656; x_wconf 79' lang='grc' dir='ltr'><strong>καὶ</strong></span> <span class='ocrx_word' id='word_1_29' title='bbox 1634 601 1679 657; x_wconf 75' lang='grc' dir='ltr'><strong>εί</strong></span> <span class='ocrx_word' id='word_1_30' title='bbox 1742 604 1817 676; x_wconf 77' lang='grc' dir='ltr'>μὴ</span> 
     </span>
    </p>
   </div>
   <div class='ocr_carea' id='block_1_7' title="bbox 173 686 1819 768">
    <p class='ocr_par' dir='ltr' id='par_1_7' title="bbox 173 686 1819 768">
     <span class='ocr_line' id='line_1_7' title="bbox 173 686 1819 768; baseline 0.003 -24"><span class='ocrx_word' id='word_1_31' title='bbox 173 687 266 744; x_wconf 81' lang='grc' dir='ltr'><strong>Δάν</strong></span> <span class='ocrx_word' id='word_1_32' title='bbox 298 688 328 744; x_wconf 88' lang='lat'><strong>6</strong></span> <span class='ocrx_word' id='word_1_33' title='bbox 356 686 591 768; x_wconf 79' lang='grc' dir='ltr'>ἀδελφός</span> <span class='ocrx_word' id='word_1_34' title='bbox 626 709 730 761; x_wconf 89' lang='grc' dir='ltr'><strong>μου</strong></span> <span class='ocrx_word' id='word_1_35' title='bbox 760 689 1103 765; x_wconf 83' lang='grc' dir='ltr'>συνεμάχησέ</span> <span class='ocrx_word' id='word_1_36' title='bbox 1151 710 1265 763; x_wconf 87' lang='grc' dir='ltr'>μοι,</span> <span class='ocrx_word' id='word_1_37' title='bbox 1298 689 1450 766; x_wconf 79' lang='grc' dir='ltr'>εἶχόν</span> <span class='ocrx_word' id='word_1_38' title='bbox 1486 712 1553 764; x_wconf 87' lang='grc' dir='ltr'><strong>με</strong></span> <span class='ocrx_word' id='word_1_39' title='bbox 1590 688 1819 749; x_wconf 78' lang='grc' dir='ltr'><strong>ἀνελεῖν.</strong></span> 
     </span>
    </p>
   </div>
   <div class='ocr_carea' id='block_1_8' title="bbox 171 775 1819 853">
    <p class='ocr_par' dir='ltr' id='par_1_8' title="bbox 171 775 1819 853">
     <span class='ocr_line' id='line_1_8' title="bbox 171 775 1819 853; baseline 0.001 -20"><span class='ocrx_word' id='word_1_40' title='bbox 171 776 511 851; x_wconf 85' lang='grc' dir='ltr'>Ἐπήλθομεν</span> <span class='ocrx_word' id='word_1_41' title='bbox 566 775 657 832; x_wconf 77' lang='grc' dir='ltr'><strong>οὖν</strong></span> <span class='ocrx_word' id='word_1_42' title='bbox 718 776 800 832; x_wconf 81' lang='grc' dir='ltr'>ἐπ’</span> <span class='ocrx_word' id='word_1_43' title='bbox 830 777 1024 841; x_wconf 77' lang='grc' dir='ltr'>αὐτοὺς</span> <span class='ocrx_word' id='word_1_44' title='bbox 1086 780 1221 852; x_wconf 82' lang='grc' dir='ltr'>μετᾶ</span> <span class='ocrx_word' id='word_1_45' title='bbox 1249 780 1446 853; x_wconf 80' lang='grc' dir='ltr'>θυμοῦ,</span> <span class='ocrx_word' id='word_1_46' title='bbox 1477 778 1567 835; x_wconf 84' lang='grc' dir='ltr'><strong>καὶ</strong></span> <span class='ocrx_word' id='word_1_47' title='bbox 1624 779 1819 843; x_wconf 83' lang='grc' dir='ltr'>πάντες</span> 
     </span>
    </p>
   </div>
   <div class='ocr_carea' id='block_1_9' title="bbox 169 860 1817 945">
    <p class='ocr_par' dir='ltr' id='par_1_9' title="bbox 169 860 1817 945">
     <span class='ocr_line' id='line_1_9' title="bbox 169 860 1817 945; baseline 0 -22"><span class='ocrx_word' id='word_1_48' title='bbox 169 860 378 945; x_wconf 62' lang='grc' dir='ltr'>ἔφυγον</span> <span class='ocrx_word' id='word_1_49' title='bbox 435 864 528 921; x_wconf 84' lang='grc' dir='ltr'><strong>καὶ</strong></span> <span class='ocrx_word' id='word_1_50' title='bbox 586 862 892 931; x_wconf 83' lang='grc' dir='ltr'><strong>διελθόντες</strong></span> <span class='ocrx_word' id='word_1_51' title='bbox 960 864 1029 922; x_wconf 86' lang='grc' dir='ltr'>δι’</span> <span class='ocrx_word' id='word_1_52' title='bbox 1087 866 1268 938; x_wconf 81' lang='grc' dir='ltr'>ἄλλης</span> <span class='ocrx_word' id='word_1_53' title='bbox 1319 865 1469 941; x_wconf 81' lang='grc' dir='ltr'>ὁδοῦ,</span> <span class='ocrx_word' id='word_1_54' title='bbox 1522 865 1817 939; x_wconf 87' lang='grc' dir='ltr'>ἐδεήθησαν</span> 
     </span>
    </p>
   </div>
   <div class='ocr_carea' id='block_1_10' title="bbox 163 954 1817 1033">
    <p class='ocr_par' dir='ltr' id='par_1_10' title="bbox 163 954 1817 1033">
     <span class='ocr_line' id='line_1_10' title="bbox 163 954 1817 1033; baseline 0.001 -22"><span class='ocrx_word' id='word_1_55' title='bbox 163 960 259 1011; x_wconf 77' lang='grc' dir='ltr'><strong>τοῦ</strong></span> <span class='ocrx_word' id='word_1_56' title='bbox 305 954 513 1030; x_wconf 88' lang='grc' dir='ltr'>πατρός</span> <span class='ocrx_word' id='word_1_57' title='bbox 576 975 703 1029; x_wconf 90' lang='grc' dir='ltr'>μου,</span> <span class='ocrx_word' id='word_1_58' title='bbox 752 955 843 1011; x_wconf 80' lang='grc' dir='ltr'><strong>καὶ</strong></span> <span class='ocrx_word' id='word_1_59' title='bbox 894 954 1143 1027; x_wconf 77' lang='grc' dir='ltr'>ἐποίησεν</span> <span class='ocrx_word' id='word_1_60' title='bbox 1197 956 1422 1033; x_wconf 79' lang='grc' dir='ltr'>εἰρήνην</span> <span class='ocrx_word' id='word_1_61' title='bbox 1481 958 1596 1031; x_wconf 88' lang='grc' dir='ltr'>μετ’</span> <span class='ocrx_word' id='word_1_62' title='bbox 1644 957 1817 1012; x_wconf 78' lang='grc' dir='ltr'>αὐτῶν</span> 
     </span>
    </p>
   </div>
   <div class='ocr_carea' id='block_1_11' title="bbox 166 1042 1823 1119">
    <p class='ocr_par' dir='ltr' id='par_1_11' title="bbox 166 1042 1823 1119">
     <span class='ocr_line' id='line_1_11' title="bbox 166 1042 1823 1119; baseline -0.001 -18"><span class='ocrx_word' id='word_1_63' title='bbox 166 1046 295 1119; x_wconf 74' lang='grc'>(74),</span> <span class='ocrx_word' id='word_1_64' title='bbox 327 1042 418 1099; x_wconf 81' lang='grc' dir='ltr'><strong>καὶ</strong></span> <span class='ocrx_word' id='word_1_65' title='bbox 472 1043 573 1099; x_wconf 75' lang='grc' dir='ltr'><strong>οὐκ</strong></span> <span class='ocrx_word' id='word_1_66' title='bbox 619 1044 948 1118; x_wconf 76' lang='grc' dir='ltr'><strong>ἐποιήσαμεν</strong></span> <span class='ocrx_word' id='word_1_67' title='bbox 999 1043 1184 1107; x_wconf 77' lang='grc' dir='ltr'>αὐτοῖς</span> <span class='ocrx_word' id='word_1_68' title='bbox 1243 1042 1396 1101; x_wconf 77' lang='grc' dir='ltr'>οὐδὲν</span> <span class='ocrx_word' id='word_1_69' title='bbox 1452 1046 1635 1115; x_wconf 83' lang='grc' dir='ltr'>κακὸν,</span> <span class='ocrx_word' id='word_1_70' title='bbox 1694 1043 1823 1101; x_wconf 90' lang='grc' dir='ltr'>ἀλλ’</span> 
     </span>
    </p>
   </div>
   <div class='ocr_carea' id='block_1_12' title="bbox 170 1130 1819 1209">
    <p class='ocr_par' dir='ltr' id='par_1_12' title="bbox 170 1130 1819 1209">
     <span class='ocr_line' id='line_1_12' title="bbox 170 1130 1819 1209; baseline 0 -20"><span class='ocrx_word' id='word_1_71' title='bbox 170 1133 498 1207; x_wconf 78' lang='grc' dir='ltr'>ἐποιήσαμεν</span> <span class='ocrx_word' id='word_1_72' title='bbox 569 1132 764 1196; x_wconf 82' lang='grc' dir='ltr'>αὐτοὺς</span> <span class='ocrx_word' id='word_1_73' title='bbox 841 1130 1236 1206; x_wconf 78' lang='grc' dir='ltr'>ὑποσπόνδους,</span> <span class='ocrx_word' id='word_1_74' title='bbox 1286 1133 1377 1189; x_wconf 82' lang='grc' dir='ltr'><strong>καὶ</strong></span> <span class='ocrx_word' id='word_1_75' title='bbox 1464 1132 1819 1209; x_wconf 83' lang='grc' dir='ltr'>ἀπεδώκαμεν</span> 
     </span>
    </p>
   </div>
   <div class='ocr_carea' id='block_1_13' title="bbox 166 1221 1820 1301">
    <p class='ocr_par' dir='ltr' id='par_1_13' title="bbox 166 1221 1820 1301">
     <span class='ocr_line' id='line_1_13' title="bbox 166 1221 1820 1301; baseline 0 -23"><span class='ocrx_word' id='word_1_76' title='bbox 166 1222 344 1285; x_wconf 74' lang='grc' dir='ltr'>αὐτοῖς</span> <span class='ocrx_word' id='word_1_77' title='bbox 371 1228 544 1277; x_wconf 78' lang='grc' dir='ltr'>πᾶσαν</span> <span class='ocrx_word' id='word_1_78' title='bbox 576 1223 676 1292; x_wconf 79' lang='grc' dir='ltr'>τήν</span> <span class='ocrx_word' id='word_1_79' title='bbox 731 1221 1138 1298; x_wconf 86' lang='grc' dir='ltr'>αἰχμαλωσίαν.</span> <span class='ocrx_word' id='word_1_80' title='bbox 1182 1223 1278 1278; x_wconf 82' lang='grc' dir='ltr'><strong>Καὶ</strong></span> <span class='ocrx_word' id='word_1_81' title='bbox 1331 1221 1665 1297; x_wconf 75' lang='grc' dir='ltr'>ᾠκοδόμησα</span> <span class='ocrx_word' id='word_1_82' title='bbox 1715 1222 1820 1301; x_wconf 85' lang='grc' dir='ltr'><strong>ἐγὼ</strong></span> 
     </span>
    </p>
   </div>
   <div class='ocr_carea' id='block_1_14' title="bbox 160 1307 1819 1388">
    <p class='ocr_par' dir='ltr' id='par_1_14' title="bbox 160 1307 1819 1388">
     <span class='ocr_line' id='line_1_14' title="bbox 160 1307 1819 1388; baseline 0 -21"><span class='ocrx_word' id='word_1_83' title='bbox 160 1313 259 1381; x_wconf 84' lang='grc' dir='ltr'>τήν</span> <span class='ocrx_word' id='word_1_84' title='bbox 303 1310 540 1385; x_wconf 75' lang='grc' dir='ltr'>Θάμναν,</span> <span class='ocrx_word' id='word_1_85' title='bbox 571 1311 663 1367; x_wconf 83' lang='grc' dir='ltr'><strong>καὶ</strong></span> <span class='ocrx_word' id='word_1_86' title='bbox 709 1311 739 1367; x_wconf 87' lang='lat'><strong>6</strong></span> <span class='ocrx_word' id='word_1_87' title='bbox 783 1313 965 1388; x_wconf 89' lang='grc' dir='ltr'>πατήρ</span> <span class='ocrx_word' id='word_1_88' title='bbox 1016 1333 1120 1385; x_wconf 93' lang='grc' dir='ltr'><strong>μου</strong></span> <span class='ocrx_word' id='word_1_89' title='bbox 1160 1313 1260 1381; x_wconf 75' lang='grc' dir='ltr'>τὴν</span> <span class='ocrx_word' id='word_1_90' title='bbox 1291 1307 1598 1385; x_wconf 76' lang='grc' dir='ltr'>Ῥαμϐαήλ.</span> <span class='ocrx_word' id='word_1_91' title='bbox 1633 1309 1819 1368; x_wconf 56' lang='grc' dir='ltr'>Εἴκοσι</span> 
     </span>
    </p>
   </div>
   <div class='ocr_carea' id='block_1_15' title="bbox 163 1398 1819 1476">
    <p class='ocr_par' dir='ltr' id='par_1_15' title="bbox 163 1398 1819 1476">
     <span class='ocr_line' id='line_1_15' title="bbox 163 1398 1819 1476; baseline 0 -19"><span class='ocrx_word' id='word_1_92' title='bbox 163 1398 289 1457; x_wconf 81' lang='grc' dir='ltr'>ἐτῶν</span> <span class='ocrx_word' id='word_1_93' title='bbox 341 1398 519 1474; x_wconf 80' lang='grc' dir='ltr'>ἤμην,</span> <span class='ocrx_word' id='word_1_94' title='bbox 550 1398 640 1455; x_wconf 83' lang='grc' dir='ltr'>ὅτε</span> <span class='ocrx_word' id='word_1_95' title='bbox 688 1399 899 1476; x_wconf 86' lang='grc' dir='ltr'>ἐγένετο</span> <span class='ocrx_word' id='word_1_96' title='bbox 952 1401 980 1456; x_wconf 90' lang='lat'><strong>6</strong></span> <span class='ocrx_word' id='word_1_97' title='bbox 1027 1398 1274 1474; x_wconf 84' lang='grc' dir='ltr'>πόλεμος</span> <span class='ocrx_word' id='word_1_98' title='bbox 1324 1399 1502 1464; x_wconf 73' lang='grc' dir='ltr'>οὗτος·</span> <span class='ocrx_word' id='word_1_99' title='bbox 1534 1401 1625 1457; x_wconf 81' lang='grc' dir='ltr'><strong>καὶ</strong></span> <span class='ocrx_word' id='word_1_100' title='bbox 1682 1402 1819 1472; x_wconf 79' lang='grc' dir='ltr'>ἦσαν</span> 
     </span>
    </p>
   </div>
   <div class='ocr_carea' id='block_1_16' title="bbox 165 1484 1818 1569">
    <p class='ocr_par' dir='ltr' id='par_1_16' title="bbox 165 1484 1818 1569">
     <span class='ocr_line' id='line_1_16' title="bbox 165 1484 1818 1569; baseline 0.001 -24"><span class='ocrx_word' id='word_1_101' title='bbox 165 1489 217 1545; x_wconf 74' lang='grc' dir='ltr'>οἱ</span> <span class='ocrx_word' id='word_1_102' title='bbox 248 1494 542 1545; x_wconf 81' lang='grc' dir='ltr'>Χαναναῖοι</span> <span class='ocrx_word' id='word_1_103' title='bbox 575 1484 906 1567; x_wconf 77' lang='grc' dir='ltr'>φοϐούμενοί</span> <span class='ocrx_word' id='word_1_104' title='bbox 942 1510 1028 1562; x_wconf 90' lang='grc' dir='ltr'><strong>με,</strong></span> <span class='ocrx_word' id='word_1_105' title='bbox 1059 1489 1151 1545; x_wconf 80' lang='grc' dir='ltr'><strong>καὶ</strong></span> <span class='ocrx_word' id='word_1_106' title='bbox 1188 1490 1315 1553; x_wconf 79' lang='grc' dir='ltr'>τοὺς</span> <span class='ocrx_word' id='word_1_107' title='bbox 1366 1487 1634 1569; x_wconf 78' lang='grc' dir='ltr'>ἀδελφούς</span> <span class='ocrx_word' id='word_1_108' title='bbox 1693 1512 1818 1564; x_wconf 88' lang='grc' dir='ltr'>μου.</span> 
     </span>
    </p>
   </div>
   <div class='ocr_carea' id='block_1_17' title="bbox 236 1574 1822 1655">
    <p class='ocr_par' dir='ltr' id='par_1_17' title="bbox 236 1574 1822 1655">
     <span class='ocr_line' id='line_1_17' title="bbox 236 1574 1822 1655; baseline 0.001 -22"><span class='ocrx_word' id='word_1_109' title='bbox 236 1578 316 1635; x_wconf 86' lang='grc' dir='ltr'><strong>Η’.</strong></span> <span class='ocrx_word' id='word_1_110' title='bbox 348 1601 378 1631; x_wconf 78' lang='grc' dir='ltr'><strong>κ</strong></span> <span class='ocrx_word' id='word_1_111' title='bbox 408 1579 507 1633; x_wconf 87' lang='grc' dir='ltr'>Ἥν</span> <span class='ocrx_word' id='word_1_112' title='bbox 537 1574 596 1633; x_wconf 87' lang='grc' dir='ltr'><strong>δέ</strong></span> <span class='ocrx_word' id='word_1_113' title='bbox 629 1598 722 1651; x_wconf 90' lang='grc' dir='ltr'><strong>μοι</strong></span> <span class='ocrx_word' id='word_1_114' title='bbox 753 1576 842 1633; x_wconf 81' lang='grc' dir='ltr'><strong>καὶ</strong></span> <span class='ocrx_word' id='word_1_115' title='bbox 872 1578 1046 1649; x_wconf 78' lang='grc' dir='ltr'>κτήνη</span> <span class='ocrx_word' id='word_1_116' title='bbox 1092 1576 1299 1647; x_wconf 76' lang='grc' dir='ltr'>πολλὰ,</span> <span class='ocrx_word' id='word_1_117' title='bbox 1330 1578 1421 1633; x_wconf 82' lang='grc' dir='ltr'><strong>καὶ</strong></span> <span class='ocrx_word' id='word_1_118' title='bbox 1469 1578 1618 1655; x_wconf 81' lang='grc' dir='ltr'>εἶχον</span> <span class='ocrx_word' id='word_1_119' title='bbox 1664 1578 1822 1655; x_wconf 87' lang='grc' dir='ltr'>ἀρχι-</span> 
     </span>
    </p>
   </div>
   <div class='ocr_carea' id='block_1_18' title="bbox 168 1664 1825 1744">
    <p class='ocr_par' dir='ltr' id='par_1_18' title="bbox 168 1664 1825 1744">
     <span class='ocr_line' id='line_1_18' title="bbox 168 1664 1825 1744; baseline 0 -23"><span class='ocrx_word' id='word_1_120' title='bbox 168 1666 401 1740; x_wconf 80' lang='grc' dir='ltr'>πυίμενα</span> <span class='ocrx_word' id='word_1_121' title='bbox 436 1669 575 1743; x_wconf 78' lang='grc' dir='ltr'><strong>Ἰρᾶν</strong></span> <span class='ocrx_word' id='word_1_122' title='bbox 623 1668 717 1722; x_wconf 86' lang='grc' dir='ltr'><strong>τὸν</strong></span> <span class='ocrx_word' id='word_1_123' title='bbox 760 1664 1152 1740; x_wconf 77' lang='grc' dir='ltr'>Ὀδολαμίτηνο</span> <span class='ocrx_word' id='word_1_124' title='bbox 1203 1668 1339 1744; x_wconf 88' lang='grc' dir='ltr'>πρὸς</span> <span class='ocrx_word' id='word_1_125' title='bbox 1404 1666 1463 1723; x_wconf 81' lang='grc' dir='ltr'>ὃν</span> <span class='ocrx_word' id='word_1_126' title='bbox 1524 1666 1719 1738; x_wconf 87' lang='grc' dir='ltr'>ἐλθὼν,</span> <span class='ocrx_word' id='word_1_127' title='bbox 1752 1667 1825 1722; x_wconf 82' lang='grc' dir='ltr'>εῖ-</span> 
     </span>
    </p>
   </div>
   <div class='ocr_carea' id='block_1_19' title="bbox 172 1752 1824 1832">
    <p class='ocr_par' dir='ltr' id='par_1_19' title="bbox 172 1752 1824 1832">
     <span class='ocr_line' id='line_1_19' title="bbox 172 1752 1824 1832; baseline 0.001 -22"><span class='ocrx_word' id='word_1_128' title='bbox 172 1752 266 1811; x_wconf 85' lang='grc' dir='ltr'><strong>δον</strong></span> <span class='ocrx_word' id='word_1_129' title='bbox 294 1756 500 1832; x_wconf 86' lang='grc' dir='ltr'>Βάρσαν</span> <span class='ocrx_word' id='word_1_130' title='bbox 528 1757 643 1830; x_wconf 89' lang='grc'><strong>(75)</strong></span> <span class='ocrx_word' id='word_1_131' title='bbox 678 1753 903 1832; x_wconf 87' lang='grc' dir='ltr'>βασιλέα</span> <span class='ocrx_word' id='word_1_132' title='bbox 933 1753 1200 1830; x_wconf 87' lang='grc' dir='ltr'>Ὀδολάμ.</span> <span class='ocrx_word' id='word_1_133' title='bbox 1234 1756 1334 1811; x_wconf 80' lang='grc' dir='ltr'><strong>Καὶ</strong></span> <span class='ocrx_word' id='word_1_134' title='bbox 1386 1754 1637 1827; x_wconf 81' lang='grc' dir='ltr'>ἐποίησεν</span> <span class='ocrx_word' id='word_1_135' title='bbox 1687 1758 1824 1831; x_wconf 87' lang='grc' dir='ltr'>ἡμῖν</span> 
     </span>
    </p>
   </div>
   <div class='ocr_carea' id='block_1_20' title="bbox 168 1842 1898 1954">
    <p class='ocr_par' dir='ltr' id='par_1_20' title="bbox 168 1842 1898 1954">
     <span class='ocr_line' id='line_1_20' title="bbox 168 1842 1898 1954; baseline 0.001 -54"><span class='ocrx_word' id='word_1_136' title='bbox 168 1844 357 1949; x_wconf 49' lang='grc' dir='ltr'>’πό-τονθ</span> <span class='ocrx_word' id='word_1_137' title='bbox 388 1845 478 1900; x_wconf 83' lang='grc' dir='ltr'><strong>καὶ</strong></span> <span class='ocrx_word' id='word_1_138' title='bbox 503 1842 886 1954; x_wconf 53' lang='grc' dir='ltr'>παρακαλέσας</span> <span class='ocrx_word' id='word_1_139' title='bbox 928 1842 1257 1954; x_wconf 43' lang='grc' dir='ltr'>δίδωσίῃμοι,</span> <span class='ocrx_word' id='word_1_140' title='bbox 1296 1846 1396 1915; x_wconf 75' lang='grc' dir='ltr'>τὴν</span> <span class='ocrx_word' id='word_1_141' title='bbox 1426 1846 1689 1923; x_wconf 72' lang='grc' dir='ltr'>θυγατέρα</span> <span class='ocrx_word' id='word_1_142' title='bbox 1725 1846 1819 1902; x_wconf 75' lang='grc' dir='ltr'>αὖε·</span> <span class='ocrx_word' id='word_1_143' title='bbox 1851 1888 1898 1954; x_wconf 81' lang='grc' dir='ltr'><strong>Β</strong></span> 
     </span>
    </p>
   </div>
   <div class='ocr_carea' id='block_1_21' title="bbox 165 1931 1816 2012">
    <p class='ocr_par' dir='ltr' id='par_1_21' title="bbox 165 1931 1816 2012">
     <span class='ocr_line' id='line_1_21' title="bbox 165 1931 1816 2012; baseline 0.002 -23"><span class='ocrx_word' id='word_1_144' title='bbox 165 1937 265 1990; x_wconf 76' lang='grc' dir='ltr'>τοῦ</span> <span class='ocrx_word' id='word_1_145' title='bbox 294 1933 532 2005; x_wconf 85' lang='grc' dir='ltr'>Βησσουέ</span> <span class='ocrx_word' id='word_1_146' title='bbox 562 1933 640 1997; x_wconf 79' lang='grc' dir='ltr'>εἷς</span> <span class='ocrx_word' id='word_1_147' title='bbox 669 1932 1084 2010; x_wconf 60' lang='grc' dir='ltr'>γυναῖη.Αὕτη</span> <span class='ocrx_word' id='word_1_148' title='bbox 1118 1931 1263 1990; x_wconf 78' lang='grc' dir='ltr'>ἔτεκέ</span> <span class='ocrx_word' id='word_1_149' title='bbox 1292 1954 1385 2008; x_wconf 91' lang='grc' dir='ltr'><strong>μοι</strong></span> <span class='ocrx_word' id='word_1_150' title='bbox 1414 1934 1507 1990; x_wconf 85' lang='grc' dir='ltr'><strong>τὸν</strong></span> <span class='ocrx_word' id='word_1_151' title='bbox 1536 1934 1635 2012; x_wconf 84' lang='grc' dir='ltr'><strong>Εἳρ</strong></span> <span class='ocrx_word' id='word_1_152' title='bbox 1658 1937 1816 2011; x_wconf 68' lang='grc'>(75⁵),</span> 
     </span>
    </p>
   </div>
   <div class='ocr_carea' id='block_1_22' title="bbox 167 2020 1820 2097">
    <p class='ocr_par' dir='ltr' id='par_1_22' title="bbox 167 2020 1820 2097">
     <span class='ocr_line' id='line_1_22' title="bbox 167 2020 1820 2097; baseline 0.001 -20"><span class='ocrx_word' id='word_1_153' title='bbox 167 2022 257 2077; x_wconf 79' lang='grc' dir='ltr'><strong>καὶ</strong></span> <span class='ocrx_word' id='word_1_154' title='bbox 284 2022 377 2078; x_wconf 86' lang='grc' dir='ltr'><strong>τὸν</strong></span> <span class='ocrx_word' id='word_1_155' title='bbox 398 2022 573 2081; x_wconf 80' lang='grc' dir='ltr'><strong>Αὒνᾶν</strong></span> <span class='ocrx_word' id='word_1_156' title='bbox 606 2023 741 2097; x_wconf 89' lang='grc'>(76),</span> <span class='ocrx_word' id='word_1_157' title='bbox 769 2021 860 2077; x_wconf 81' lang='grc' dir='ltr'><strong>καὶ</strong></span> <span class='ocrx_word' id='word_1_158' title='bbox 893 2020 1111 2097; x_wconf 89' lang='grc' dir='ltr'>Σιλώμ·</span> <span class='ocrx_word' id='word_1_159' title='bbox 1144 2024 1219 2078; x_wconf 84' lang='grc' dir='ltr'>ὧν</span> <span class='ocrx_word' id='word_1_160' title='bbox 1248 2022 1375 2085; x_wconf 79' lang='grc' dir='ltr'>τοὺς</span> <span class='ocrx_word' id='word_1_161' title='bbox 1420 2020 1516 2079; x_wconf 81' lang='grc' dir='ltr'><strong>δύο</strong></span> <span class='ocrx_word' id='word_1_162' title='bbox 1567 2022 1820 2087; x_wconf 85' lang='grc' dir='ltr'>ἀτέκνους</span> 
     </span>
    </p>
   </div>
   <div class='ocr_carea' id='block_1_23' title="bbox 169 2108 1821 2189">
    <p class='ocr_par' dir='ltr' id='par_1_23' title="bbox 169 2108 1821 2189">
     <span class='ocr_line' id='line_1_23' title="bbox 169 2108 1821 2189; baseline 0.001 -24"><span class='ocrx_word' id='word_1_163' title='bbox 169 2109 347 2167; x_wconf 81' lang='grc' dir='ltr'>ἀνεῖλε</span> <span class='ocrx_word' id='word_1_164' title='bbox 376 2109 599 2187; x_wconf 79' lang='grc' dir='ltr'>Κύριοςο</span> <span class='ocrx_word' id='word_1_165' title='bbox 629 2112 659 2166; x_wconf 87' lang='lat'><strong>6</strong></span> <span class='ocrx_word' id='word_1_166' title='bbox 687 2112 789 2189; x_wconf 81' lang='grc' dir='ltr'>γὰρ</span> <span class='ocrx_word' id='word_1_167' title='bbox 821 2108 1024 2181; x_wconf 79' lang='grc' dir='ltr'>Σιλὼυ.</span> <span class='ocrx_word' id='word_1_168' title='bbox 1052 2110 1229 2185; x_wconf 78' lang='grc' dir='ltr'>ἔζησε,</span> <span class='ocrx_word' id='word_1_169' title='bbox 1254 2112 1345 2168; x_wconf 88' lang='grc' dir='ltr'><strong>καὶ</strong></span> <span class='ocrx_word' id='word_1_170' title='bbox 1373 2112 1441 2167; x_wconf 76' lang='grc' dir='ltr'>τὰ</span> <span class='ocrx_word' id='word_1_171' title='bbox 1466 2113 1627 2169; x_wconf 88' lang='grc' dir='ltr'>τέκνα</span> <span class='ocrx_word' id='word_1_172' title='bbox 1656 2112 1821 2169; x_wconf 78' lang='grc' dir='ltr'>αὐτοῦ</span> 
     </span>
    </p>
   </div>
   <div class='ocr_carea' id='block_1_24' title="bbox 171 2198 503 2270">
    <p class='ocr_par' dir='ltr' id='par_1_24' title="bbox 171 2198 503 2270">
     <span class='ocr_line' id='line_1_24' title="bbox 171 2198 503 2270; baseline 0.009 -16"><span class='ocrx_word' id='word_1_173' title='bbox 171 2198 328 2270; x_wconf 77' lang='grc' dir='ltr'>ὑμεῖς</span> <span class='ocrx_word' id='word_1_174' title='bbox 366 2199 503 2257; x_wconf 76' lang='grc' dir='ltr'>ἐστι.</span> 
     </span>
    </p>
   </div>
   <div class='ocr_carea' id='block_1_25' title="bbox 243 2285 1824 2368">
    <p class='ocr_par' dir='ltr' id='par_1_25' title="bbox 243 2285 1824 2368">
     <span class='ocr_line' id='line_1_25' title="bbox 243 2285 1824 2368; baseline 0.001 -23"><span class='ocrx_word' id='word_1_175' title='bbox 243 2288 319 2345; x_wconf 80' lang='lat'><strong>6&#39;.</strong></span> <span class='ocrx_word' id='word_1_176' title='bbox 352 2310 383 2340; x_wconf 88' lang='lat'><strong>«</strong></span> <span class='ocrx_word' id='word_1_177' title='bbox 412 2290 699 2344; x_wconf 76' lang='grc' dir='ltr'>Δεκαοκτῶ</span> <span class='ocrx_word' id='word_1_178' title='bbox 746 2285 842 2360; x_wconf 78' lang='grc' dir='ltr'>ἔτη</span> <span class='ocrx_word' id='word_1_179' title='bbox 898 2287 1234 2363; x_wconf 77' lang='grc' dir='ltr'>ἐποιήσαμεν</span> <span class='ocrx_word' id='word_1_180' title='bbox 1292 2288 1529 2367; x_wconf 83' lang='grc' dir='ltr'>εἷ’ρήνην,</span> <span class='ocrx_word' id='word_1_181' title='bbox 1562 2291 1591 2346; x_wconf 88' lang='lat'><strong>6</strong></span> <span class='ocrx_word' id='word_1_182' title='bbox 1642 2292 1824 2368; x_wconf 72' lang='grc' dir='ltr'>πατὴρ</span> 
     </span>
    </p>
   </div>
   <div class='ocr_carea' id='block_1_26' title="bbox 171 2375 1827 2456">
    <p class='ocr_par' dir='ltr' id='par_1_26' title="bbox 171 2375 1827 2456">
     <span class='ocr_line' id='line_1_26' title="bbox 171 2375 1827 2456; baseline 0.001 -25"><span class='ocrx_word' id='word_1_183' title='bbox 171 2377 336 2451; x_wconf 79' lang='grc' dir='ltr'>ἡμῶν</span> <span class='ocrx_word' id='word_1_184' title='bbox 362 2376 452 2433; x_wconf 83' lang='grc' dir='ltr'><strong>καὶ</strong></span> <span class='ocrx_word' id='word_1_185' title='bbox 482 2380 668 2451; x_wconf 87' lang='grc' dir='ltr'>ἡμεῖς,</span> <span class='ocrx_word' id='word_1_186' title='bbox 700 2378 835 2451; x_wconf 85' lang='grc' dir='ltr'>μετᾶ</span> <span class='ocrx_word' id='word_1_187' title='bbox 879 2382 975 2433; x_wconf 77' lang='grc' dir='ltr'><strong>τοῦ</strong></span> <span class='ocrx_word' id='word_1_188' title='bbox 1022 2375 1263 2456; x_wconf 78' lang='grc' dir='ltr'>ἀδελφοῦ</span> <span class='ocrx_word' id='word_1_189' title='bbox 1310 2378 1476 2434; x_wconf 71' lang='grc' dir='ltr'>αὐτοῦ</span> <span class='ocrx_word' id='word_1_190' title='bbox 1517 2376 1704 2453; x_wconf 73' lang='grc' dir='ltr'>Ἠσαῦ,</span> <span class='ocrx_word' id='word_1_191' title='bbox 1736 2378 1827 2435; x_wconf 84' lang='grc' dir='ltr'><strong>καὶ</strong></span> 
     </span>
    </p>
   </div>
   <div class='ocr_carea' id='block_1_27' title="bbox 174 2462 1830 2541">
    <p class='ocr_par' dir='ltr' id='par_1_27' title="bbox 174 2462 1830 2541">
     <span class='ocr_line' id='line_1_27' title="bbox 174 2462 1830 2541; baseline 0 -20"><span class='ocrx_word' id='word_1_192' title='bbox 174 2466 228 2521; x_wconf 81' lang='grc' dir='ltr'><strong>οἱ</strong></span> <span class='ocrx_word' id='word_1_193' title='bbox 272 2464 382 2520; x_wconf 73' lang='grc' dir='ltr'>υἱοὶ</span> <span class='ocrx_word' id='word_1_194' title='bbox 436 2462 602 2520; x_wconf 77' lang='grc' dir='ltr'><strong>αὐτοῦ</strong></span> <span class='ocrx_word' id='word_1_195' title='bbox 636 2465 754 2539; x_wconf 83' lang='grc' dir='ltr'>μεθ’</span> <span class='ocrx_word' id='word_1_196' title='bbox 791 2467 976 2538; x_wconf 78' lang='grc' dir='ltr'>ἡμῶν,</span> <span class='ocrx_word' id='word_1_197' title='bbox 1027 2465 1161 2539; x_wconf 85' lang='grc' dir='ltr'>μετὰ</span> <span class='ocrx_word' id='word_1_198' title='bbox 1203 2462 1303 2520; x_wconf 74' lang='grc' dir='ltr'>τοῦ</span> <span class='ocrx_word' id='word_1_199' title='bbox 1349 2462 1524 2521; x_wconf 82' lang='grc' dir='ltr'>ἐλθεῖν</span> <span class='ocrx_word' id='word_1_200' title='bbox 1578 2467 1725 2541; x_wconf 80' lang='grc' dir='ltr'>ἡμᾶς</span> <span class='ocrx_word' id='word_1_201' title='bbox 1770 2464 1830 2521; x_wconf 85' lang='grc' dir='ltr'><strong>ἐκ</strong></span> 
     </span>
    </p>
   </div>
   <div class='ocr_carea' id='block_1_28' title="bbox 182 2548 1827 2630">
    <p class='ocr_par' dir='ltr' id='par_1_28' title="bbox 182 2548 1827 2630">
     <span class='ocr_line' id='line_1_28' title="bbox 182 2548 1827 2630; baseline 0 -20"><span class='ocrx_word' id='word_1_202' title='bbox 182 2552 608 2627; x_wconf 77' lang='grc' dir='ltr'>Μεσοποταμίας</span> <span class='ocrx_word' id='word_1_203' title='bbox 677 2554 784 2609; x_wconf 85' lang='grc' dir='ltr'>ἀπὸ</span> <span class='ocrx_word' id='word_1_204' title='bbox 850 2548 1054 2610; x_wconf 80' lang='grc' dir='ltr'>Λάϐαν.</span> <span class='ocrx_word' id='word_1_205' title='bbox 1104 2553 1204 2609; x_wconf 73' lang='grc' dir='ltr'><strong>Καὶ</strong></span> <span class='ocrx_word' id='word_1_206' title='bbox 1271 2551 1671 2630; x_wconf 81' lang='grc' dir='ltr'>πληρωθέντων</span> <span class='ocrx_word' id='word_1_207' title='bbox 1719 2558 1827 2610; x_wconf 80' lang='grc' dir='ltr'><strong>τῶν</strong></span> 
     </span>
    </p>
   </div>
   <div class='ocr_carea' id='block_1_29' title="bbox 182 2640 1832 2718">
    <p class='ocr_par' dir='ltr' id='par_1_29' title="bbox 182 2640 1832 2718">
     <span class='ocr_line' id='line_1_29' title="bbox 182 2640 1832 2718; baseline -0.002 -17"><span class='ocrx_word' id='word_1_208' title='bbox 182 2642 460 2701; x_wconf 85' lang='grc' dir='ltr'>δεκαοκτὼ</span> <span class='ocrx_word' id='word_1_209' title='bbox 493 2642 649 2713; x_wconf 80' lang='grc' dir='ltr'>ἐτῶν,</span> <span class='ocrx_word' id='word_1_210' title='bbox 684 2643 737 2698; x_wconf 87' lang='grc' dir='ltr'><strong>ἐν</strong></span> <span class='ocrx_word' id='word_1_211' title='bbox 795 2646 876 2715; x_wconf 78' lang='grc' dir='ltr'>τῷ</span> <span class='ocrx_word' id='word_1_212' title='bbox 919 2646 1331 2718; x_wconf 85' lang='grc' dir='ltr'>τεσσαρακοστῷ</span> <span class='ocrx_word' id='word_1_213' title='bbox 1379 2640 1483 2699; x_wconf 81' lang='grc' dir='ltr'>ἔτει</span> <span class='ocrx_word' id='word_1_214' title='bbox 1540 2649 1641 2714; x_wconf 81' lang='grc' dir='ltr'>τῆς</span> <span class='ocrx_word' id='word_1_215' title='bbox 1688 2648 1832 2715; x_wconf 82' lang='grc' dir='ltr'>ζωῆς</span> 
     </span>
    </p>
   </div>
   <div class='ocr_carea' id='block_1_30' title="bbox 186 2728 1831 2810">
    <p class='ocr_par' dir='ltr' id='par_1_30' title="bbox 186 2728 1831 2810">
     <span class='ocr_line' id='line_1_30' title="bbox 186 2728 1831 2810; baseline -0.001 -21"><span class='ocrx_word' id='word_1_216' title='bbox 186 2752 313 2807; x_wconf 87' lang='grc' dir='ltr'>μου,</span> <span class='ocrx_word' id='word_1_217' title='bbox 348 2729 585 2803; x_wconf 84' lang='grc' dir='ltr'>ἐπῆλθεν</span> <span class='ocrx_word' id='word_1_218' title='bbox 616 2733 754 2804; x_wconf 82' lang='grc' dir='ltr'>ἡμῖν</span> <span class='ocrx_word' id='word_1_219' title='bbox 787 2732 975 2803; x_wconf 78' lang='grc' dir='ltr'>Ἡσαῦ,</span> <span class='ocrx_word' id='word_1_220' title='bbox 1008 2732 1037 2786; x_wconf 92' lang='lat'><strong>6</strong></span> <span class='ocrx_word' id='word_1_221' title='bbox 1060 2728 1296 2810; x_wconf 81' lang='grc' dir='ltr'>ἀδελφὸς</span> <span class='ocrx_word' id='word_1_222' title='bbox 1324 2734 1422 2786; x_wconf 79' lang='grc' dir='ltr'>τοῦ</span> <span class='ocrx_word' id='word_1_223' title='bbox 1449 2732 1652 2806; x_wconf 89' lang='grc' dir='ltr'>πατρός</span> <span class='ocrx_word' id='word_1_224' title='bbox 1703 2752 1831 2806; x_wconf 91' lang='grc' dir='ltr'>μου,</span> 
     </span>
    </p>
   </div>
   <div class='ocr_carea' id='block_1_31' title="bbox 187 2817 1833 2897">
    <p class='ocr_par' dir='ltr' id='par_1_31' title="bbox 187 2817 1833 2897">
     <span class='ocr_line' id='line_1_31' title="bbox 187 2817 1833 2897; baseline -0.001 -19"><span class='ocrx_word' id='word_1_225' title='bbox 187 2822 241 2879; x_wconf 87' lang='grc' dir='ltr'><strong>ἐν</strong></span> <span class='ocrx_word' id='word_1_226' title='bbox 286 2819 405 2894; x_wconf 88' lang='grc' dir='ltr'>λαῷ</span> <span class='ocrx_word' id='word_1_227' title='bbox 450 2823 605 2897; x_wconf 89' lang='grc' dir='ltr'>βαρεῖ</span> <span class='ocrx_word' id='word_1_228' title='bbox 656 2821 748 2875; x_wconf 85' lang='grc' dir='ltr'><strong>καὶ</strong></span> <span class='ocrx_word' id='word_1_229' title='bbox 799 2819 1029 2897; x_wconf 77' lang='grc' dir='ltr'>ἰσχυρῷ·</span> <span class='ocrx_word' id='word_1_230' title='bbox 1061 2819 1151 2875; x_wconf 80' lang='grc' dir='ltr'><strong>καὶ</strong></span> <span class='ocrx_word' id='word_1_231' title='bbox 1201 2817 1383 2876; x_wconf 79' lang='grc' dir='ltr'>ἔπεσεν</span> <span class='ocrx_word' id='word_1_232' title='bbox 1595 2820 1647 2877; x_wconf 82' lang='grc' dir='ltr'><strong>ἐν</strong></span> <span class='ocrx_word' id='word_1_233' title='bbox 1692 2820 1833 2895; x_wconf 78' lang='grc' dir='ltr'>τόξῳ</span> 
     </span>
    </p>
   </div>
   <div class='ocr_carea' id='block_1_32' title="bbox 186 2905 1833 2987">
    <p class='ocr_par' dir='ltr' id='par_1_32' title="bbox 186 2905 1833 2987">
     <span class='ocr_line' id='line_1_32' title="bbox 186 2905 1833 2987; baseline -0.001 -22"><span class='ocrx_word' id='word_1_234' title='bbox 186 2905 381 2969; x_wconf 74' lang='grc' dir='ltr'>Ἰακὼϐ</span> <span class='ocrx_word' id='word_1_235' title='bbox 431 2912 565 2985; x_wconf 90' lang='grc'>(78),</span> <span class='ocrx_word' id='word_1_236' title='bbox 615 2908 704 2964; x_wconf 74' lang='grc' dir='ltr'>καί</span> <span class='ocrx_word' id='word_1_237' title='bbox 762 2907 908 2987; x_wconf 74' lang='grc' dir='ltr'>ἤρθη</span> <span class='ocrx_word' id='word_1_238' title='bbox 971 2909 1161 2985; x_wconf 85' lang='grc' dir='ltr'>νεκρὸς</span> <span class='ocrx_word' id='word_1_239' title='bbox 1228 2909 1283 2964; x_wconf 78' lang='grc' dir='ltr'><strong>ἐν</strong></span> <span class='ocrx_word' id='word_1_240' title='bbox 1345 2908 1459 2986; x_wconf 81' lang='grc' dir='ltr'>ὅρει</span> <span class='ocrx_word' id='word_1_241' title='bbox 1529 2910 1698 2987; x_wconf 89' lang='grc' dir='ltr'>Σιείρ·</span> <span class='ocrx_word' id='word_1_242' title='bbox 1742 2910 1833 2965; x_wconf 83' lang='grc' dir='ltr'><strong>καὶ</strong></span> 
     </span>
    </p>
   </div>
   <div class='ocr_carea' id='block_1_33' title="bbox 174 2997 1832 3076">
    <p class='ocr_par' dir='ltr' id='par_1_33' title="bbox 174 2997 1832 3076">
     <span class='ocr_line' id='line_1_33' title="bbox 174 2997 1832 3076; baseline -0.001 -22"><span class='ocrx_word' id='word_1_243' title='bbox 174 2997 550 3076; x_wconf 82' lang='grc' dir='ltr'>πορευόμενος</span> <span class='ocrx_word' id='word_1_244' title='bbox 600 2997 780 3054; x_wconf 77' lang='grc' dir='ltr'>ἐπάνω</span> <span class='ocrx_word' id='word_1_245' title='bbox 826 2997 1107 3075; x_wconf 77' lang='grc' dir='ltr'><strong>Εἰῤῥαμνᾶ</strong></span> <span class='ocrx_word' id='word_1_246' title='bbox 1315 2999 1591 3055; x_wconf 74' lang='grc' dir='ltr'>ἀπέθανεν.</span> <span class='ocrx_word' id='word_1_247' title='bbox 1643 3000 1832 3072; x_wconf 83' lang='grc' dir='ltr'>Ἡμεῖς</span> 
     </span>
    </p>
   </div>
   <div class='ocr_carea' id='block_1_34' title="bbox 178 3085 1833 3162">
    <p class='ocr_par' dir='ltr' id='par_1_34' title="bbox 178 3085 1833 3162">
     <span class='ocr_line' id='line_1_34' title="bbox 178 3085 1833 3162; baseline -0.002 -17"><span class='ocrx_word' id='word_1_248' title='bbox 178 3087 239 3145; x_wconf 71' lang='grc' dir='ltr'>δὲ</span> <span class='ocrx_word' id='word_1_249' title='bbox 271 3086 565 3162; x_wconf 81' lang='grc' dir='ltr'>ἐδιώξαμεν</span> <span class='ocrx_word' id='word_1_250' title='bbox 613 3087 700 3143; x_wconf 79' lang='grc' dir='ltr'><strong>ἐπὶ</strong></span> <span class='ocrx_word' id='word_1_251' title='bbox 738 3087 867 3149; x_wconf 83' lang='grc' dir='ltr'>τοὺς</span> <span class='ocrx_word' id='word_1_252' title='bbox 917 3087 1070 3149; x_wconf 72' lang='grc' dir='ltr'>υἱοὺς</span> <span class='ocrx_word' id='word_1_253' title='bbox 1117 3088 1303 3144; x_wconf 82' lang='grc' dir='ltr'>Ἡσαῦ.</span> <span class='ocrx_word' id='word_1_254' title='bbox 1354 3089 1455 3144; x_wconf 88' lang='grc' dir='ltr'>Ἦν</span> <span class='ocrx_word' id='word_1_255' title='bbox 1507 3085 1565 3142; x_wconf 75' lang='grc' dir='ltr'>δὲ</span> <span class='ocrx_word' id='word_1_256' title='bbox 1617 3087 1833 3149; x_wconf 79' lang='grc' dir='ltr'>τούτοις</span> 
     </span>
    </p>
   </div>
   <div class='ocr_carea' id='block_1_35' title="bbox 177 3172 1833 3252">
    <p class='ocr_par' dir='ltr' id='par_1_35' title="bbox 177 3172 1833 3252">
     <span class='ocr_line' id='line_1_35' title="bbox 177 3172 1833 3252; baseline -0.003 -18"><span class='ocrx_word' id='word_1_257' title='bbox 177 3177 367 3249; x_wconf 81' lang='grc' dir='ltr'>πόλις,</span> <span class='ocrx_word' id='word_1_258' title='bbox 396 3176 487 3231; x_wconf 82' lang='grc' dir='ltr'><strong>καὶ</strong></span> <span class='ocrx_word' id='word_1_259' title='bbox 534 3181 723 3252; x_wconf 89' lang='grc' dir='ltr'>τεῖχος</span> <span class='ocrx_word' id='word_1_260' title='bbox 771 3172 1054 3252; x_wconf 78' lang='grc' dir='ltr'>σιδηροῦν,</span> <span class='ocrx_word' id='word_1_261' title='bbox 1100 3175 1188 3230; x_wconf 79' lang='grc' dir='ltr'><strong>καὶ</strong></span> <span class='ocrx_word' id='word_1_262' title='bbox 1238 3173 1407 3231; x_wconf 82' lang='grc' dir='ltr'>πύλαι</span> <span class='ocrx_word' id='word_1_263' title='bbox 1465 3176 1691 3251; x_wconf 84' lang='grc' dir='ltr'>χαλκαῖ⁶</span> <span class='ocrx_word' id='word_1_264' title='bbox 1743 3174 1833 3230; x_wconf 77' lang='grc' dir='ltr'>καὶ</span> 
     </span>
    </p>
   </div>
   <div class='ocr_carea' id='block_1_36' title="bbox 1931 605 3579 679">
    <p class='ocr_par' dir='ltr' id='par_1_36' title="bbox 1931 605 3579 679">
     <span class='ocr_line' id='line_1_36' title="bbox 1931 605 3579 679; baseline 0 -18"><span class='ocrx_word' id='word_1_265' title='bbox 1931 605 2237 679; x_wconf 89' lang='lat' dir='ltr'><strong>lapides,et</strong></span> <span class='ocrx_word' id='word_1_266' title='bbox 2258 608 2674 679; x_wconf 87' lang='lat' dir='ltr'><strong>jaculabantur</strong></span> <span class='ocrx_word' id='word_1_267' title='bbox 2702 606 2955 663; x_wconf 79' lang='lat' dir='ltr'><strong>arcubus</strong></span> <span class='ocrx_word' id='word_1_268' title='bbox 2981 624 2995 676; x_wconf 90' lang='lat'><strong>;</strong></span> <span class='ocrx_word' id='word_1_269' title='bbox 3018 609 3075 663; x_wconf 90' lang='lat' dir='ltr'><strong>et</strong></span> <span class='ocrx_word' id='word_1_270' title='bbox 3103 605 3214 661; x_wconf 85' lang='lat' dir='ltr'>nisi</span> <span class='ocrx_word' id='word_1_271' title='bbox 3246 609 3366 662; x_wconf 91' lang='lat' dir='ltr'><strong>Dan</strong></span> <span class='ocrx_word' id='word_1_272' title='bbox 3400 605 3579 662; x_wconf 81' lang='lat' dir='ltr'><strong>frater</strong></span> 
     </span>
    </p>
   </div>
   <div class='ocr_carea' id='block_1_37' title="bbox 1931 695 3573 769">
    <p class='ocr_par' dir='ltr' id='par_1_37' title="bbox 1931 695 3573 769">
     <span class='ocr_line' id='line_1_37' title="bbox 1931 695 3573 769; baseline 0 -17"><span class='ocrx_word' id='word_1_273' title='bbox 1931 712 2097 752; x_wconf 89' lang='lat' dir='ltr'><strong>meus</strong></span> <span class='ocrx_word' id='word_1_274' title='bbox 2142 696 2445 769; x_wconf 83' lang='lat' dir='ltr'><strong>suppetias</strong></span> <span class='ocrx_word' id='word_1_275' title='bbox 2478 695 2620 751; x_wconf 89' lang='lat' dir='ltr'><strong>mihi</strong></span> <span class='ocrx_word' id='word_1_276' title='bbox 2669 695 2921 760; x_wconf 83' lang='lat' dir='ltr'><strong>tulisset,</strong></span> <span class='ocrx_word' id='word_1_277' title='bbox 2979 695 3411 752; x_wconf 83' lang='lat' dir='ltr'><strong>interfecissent</strong></span> <span class='ocrx_word' id='word_1_278' title='bbox 3460 712 3573 752; x_wconf 91' lang='lat' dir='ltr'><strong>me.</strong></span> 
     </span>
    </p>
   </div>
   <div class='ocr_carea' id='block_1_38' title="bbox 1928 784 3576 858">
    <p class='ocr_par' dir='ltr' id='par_1_38' title="bbox 1928 784 3576 858">
     <span class='ocr_line' id='line_1_38' title="bbox 1928 784 3576 858; baseline 0 -17"><span class='ocrx_word' id='word_1_279' title='bbox 1928 785 2386 858; x_wconf 87' lang='lat' dir='ltr'><strong>Supervenimus</strong></span> <span class='ocrx_word' id='word_1_280' title='bbox 2417 784 2768 857; x_wconf 87' lang='lat' dir='ltr'><strong>igituripsis</strong></span> <span class='ocrx_word' id='word_1_281' title='bbox 2817 801 2952 841; x_wconf 89' lang='lat' dir='ltr'><strong>cum</strong></span> <span class='ocrx_word' id='word_1_282' title='bbox 2998 785 3210 853; x_wconf 85' lang='lat' dir='ltr'><strong>furore,</strong></span> <span class='ocrx_word' id='word_1_283' title='bbox 3256 789 3313 839; x_wconf 89' lang='lat' dir='ltr'><strong>et</strong></span> <span class='ocrx_word' id='word_1_284' title='bbox 3371 801 3576 841; x_wconf 88' lang='lat' dir='ltr'><strong>omnes</strong></span> 
     </span>
    </p>
   </div>
   <div class='ocr_carea' id='block_1_39' title="bbox 1931 872 3574 947">
    <p class='ocr_par' dir='ltr' id='par_1_39' title="bbox 1931 872 3574 947">
     <span class='ocr_line' id='line_1_39' title="bbox 1931 872 3574 947; baseline 0.001 -18"><span class='ocrx_word' id='word_1_285' title='bbox 1931 874 2240 947; x_wconf 84' lang='lat' dir='ltr'><strong>fugerunt;</strong></span> <span class='ocrx_word' id='word_1_286' title='bbox 2275 878 2332 929; x_wconf 87' lang='lat' dir='ltr'><strong>et</strong></span> <span class='ocrx_word' id='word_1_287' title='bbox 2361 878 2732 930; x_wconf 83' lang='lat' dir='ltr'><strong>transeuntes</strong></span> <span class='ocrx_word' id='word_1_288' title='bbox 2763 891 2865 946; x_wconf 92' lang='lat' dir='ltr'><strong>per</strong></span> <span class='ocrx_word' id='word_1_289' title='bbox 2892 872 3067 929; x_wconf 89' lang='lat' dir='ltr'><strong>aliam</strong></span> <span class='ocrx_word' id='word_1_290' title='bbox 3097 873 3251 928; x_wconf 90' lang='lat' dir='ltr'><strong>viam</strong></span> <span class='ocrx_word' id='word_1_291' title='bbox 3301 873 3574 944; x_wconf 89' lang='lat' dir='ltr'><strong>depreca-</strong></span> 
     </span>
    </p>
   </div>
   <div class='ocr_carea' id='block_1_40' title="bbox 1930 961 3576 1035">
    <p class='ocr_par' dir='ltr' id='par_1_40' title="bbox 1930 961 3576 1035">
     <span class='ocr_line' id='line_1_40' title="bbox 1930 961 3576 1035; baseline -0.001 -17"><span class='ocrx_word' id='word_1_292' title='bbox 1930 962 2148 1019; x_wconf 85' lang='lat' dir='ltr'><strong>bantur</strong></span> <span class='ocrx_word' id='word_1_293' title='bbox 2195 968 2419 1035; x_wconf 79' lang='lat' dir='ltr'><strong>patrem</strong></span> <span class='ocrx_word' id='word_1_294' title='bbox 2453 980 2671 1031; x_wconf 89' lang='lat' dir='ltr'><strong>meum,</strong></span> <span class='ocrx_word' id='word_1_295' title='bbox 2705 966 2763 1018; x_wconf 90' lang='lat' dir='ltr'><strong>et</strong></span> <span class='ocrx_word' id='word_1_296' title='bbox 2792 961 2927 1019; x_wconf 89' lang='lat' dir='ltr'><strong>fecit</strong></span> <span class='ocrx_word' id='word_1_297' title='bbox 2972 978 3174 1034; x_wconf 90' lang='lat' dir='ltr'><strong>pacem</strong></span> <span class='ocrx_word' id='word_1_298' title='bbox 3214 980 3347 1017; x_wconf 90' lang='lat' dir='ltr'><strong>cum</strong></span> <span class='ocrx_word' id='word_1_299' title='bbox 3383 963 3488 1029; x_wconf 91' lang='lat' dir='ltr'><strong>eis,</strong></span> <span class='ocrx_word' id='word_1_300' title='bbox 3520 966 3576 1017; x_wconf 88' lang='lat' dir='ltr'><strong>et</strong></span> 
     </span>
    </p>
   </div>
   <div class='ocr_carea' id='block_1_41' title="bbox 1931 1048 3573 1123">
    <p class='ocr_par' dir='ltr' id='par_1_41' title="bbox 1931 1048 3573 1123">
     <span class='ocr_line' id='line_1_41' title="bbox 1931 1048 3573 1123; baseline -0.001 -15"><span class='ocrx_word' id='word_1_301' title='bbox 1931 1069 2046 1108; x_wconf 89' lang='lat' dir='ltr'><strong>non</strong></span> <span class='ocrx_word' id='word_1_302' title='bbox 2104 1052 2347 1109; x_wconf 84' lang='lat' dir='ltr'><strong>fecimus</strong></span> <span class='ocrx_word' id='word_1_303' title='bbox 2395 1048 2478 1107; x_wconf 89' lang='lat' dir='ltr'><strong>eis</strong></span> <span class='ocrx_word' id='word_1_304' title='bbox 2534 1051 2857 1123; x_wconf 87' lang='lat' dir='ltr'><strong>quidquam</strong></span> <span class='ocrx_word' id='word_1_305' title='bbox 2902 1050 3061 1120; x_wconf 90' lang='lat' dir='ltr'><strong>mali,</strong></span> <span class='ocrx_word' id='word_1_306' title='bbox 3104 1051 3205 1106; x_wconf 86' lang='lat' dir='ltr'><strong>sed</strong></span> <span class='ocrx_word' id='word_1_307' title='bbox 3255 1052 3393 1106; x_wconf 88' lang='lat' dir='ltr'><strong>data</strong></span> <span class='ocrx_word' id='word_1_308' title='bbox 3439 1051 3573 1117; x_wconf 86' lang='lat' dir='ltr'><strong>ﬁde,</strong></span> 
     </span>
    </p>
   </div>
   <div class='ocr_carea' id='block_1_42' title="bbox 1930 1139 3577 1214">
    <p class='ocr_par' dir='ltr' id='par_1_42' title="bbox 1930 1139 3577 1214">
     <span class='ocr_line' id='line_1_42' title="bbox 1930 1139 3577 1214; baseline 0 -18"><span class='ocrx_word' id='word_1_309' title='bbox 1930 1141 2259 1214; x_wconf 86' lang='lat' dir='ltr'><strong>recepimus</strong></span> <span class='ocrx_word' id='word_1_310' title='bbox 2288 1156 2391 1196; x_wconf 91' lang='lat' dir='ltr'><strong>eos</strong></span> <span class='ocrx_word' id='word_1_311' title='bbox 2421 1140 2479 1195; x_wconf 88' lang='lat' dir='ltr'><strong>in</strong></span> <span class='ocrx_word' id='word_1_312' title='bbox 2514 1140 2935 1207; x_wconf 86' lang='lat' dir='ltr'><strong>societatem,et</strong></span> <span class='ocrx_word' id='word_1_313' title='bbox 2954 1139 3315 1195; x_wconf 88' lang='lat' dir='ltr'><strong>reddidimus</strong></span> <span class='ocrx_word' id='word_1_314' title='bbox 3345 1140 3428 1195; x_wconf 89' lang='lat' dir='ltr'><strong>eis</strong></span> <span class='ocrx_word' id='word_1_315' title='bbox 3457 1157 3577 1196; x_wconf 86' lang='lat' dir='ltr'><strong>om-</strong></span> 
     </span>
    </p>
   </div>
   <div class='ocr_carea' id='block_1_43' title="bbox 1930 1227 3578 1301">
    <p class='ocr_par' dir='ltr' id='par_1_43' title="bbox 1930 1227 3578 1301">
     <span class='ocr_line' id='line_1_43' title="bbox 1930 1227 3578 1301; baseline -0.001 -17"><span class='ocrx_word' id='word_1_316' title='bbox 1930 1245 2034 1285; x_wconf 88' lang='lat' dir='ltr'><strong>nes</strong></span> <span class='ocrx_word' id='word_1_317' title='bbox 2065 1229 2344 1301; x_wconf 85' lang='lat' dir='ltr'><strong>captivos.</strong></span> <span class='ocrx_word' id='word_1_318' title='bbox 2381 1228 2449 1284; x_wconf 84' lang='lat' dir='ltr'><strong>Et</strong></span> <span class='ocrx_word' id='word_1_319' title='bbox 2489 1227 2764 1283; x_wconf 69' lang='lat' dir='ltr'><strong>aediﬁcavi</strong></span> <span class='ocrx_word' id='word_1_320' title='bbox 2796 1243 2901 1299; x_wconf 86' lang='lat' dir='ltr'><strong>ego</strong></span> <span class='ocrx_word' id='word_1_321' title='bbox 2947 1227 3295 1294; x_wconf 89' lang='lat' dir='ltr'><strong>Thamnam,</strong></span> <span class='ocrx_word' id='word_1_322' title='bbox 3329 1232 3384 1283; x_wconf 91' lang='lat' dir='ltr'><strong>et</strong></span> <span class='ocrx_word' id='word_1_323' title='bbox 3416 1236 3578 1299; x_wconf 77' lang='lat' dir='ltr'><strong>pater</strong></span> 
     </span>
    </p>
   </div>
   <div class='ocr_carea' id='block_1_44' title="bbox 1930 1316 3575 1389">
    <p class='ocr_par' dir='ltr' id='par_1_44' title="bbox 1930 1316 3575 1389">
     <span class='ocr_line' id='line_1_44' title="bbox 1930 1316 3575 1389; baseline -0.001 -15"><span class='ocrx_word' id='word_1_324' title='bbox 1930 1335 2097 1374; x_wconf 89' lang='lat' dir='ltr'><strong>meus</strong></span> <span class='ocrx_word' id='word_1_325' title='bbox 2142 1317 2485 1373; x_wconf 81' lang='lat' dir='ltr'><strong>Rambabel.</strong></span> <span class='ocrx_word' id='word_1_326' title='bbox 2518 1316 2737 1389; x_wconf 83' lang='lat' dir='ltr'><strong>Viginti</strong></span> <span class='ocrx_word' id='word_1_327' title='bbox 2788 1333 3075 1372; x_wconf 89' lang='lat' dir='ltr'><strong>annorum</strong></span> <span class='ocrx_word' id='word_1_328' title='bbox 3126 1332 3309 1385; x_wconf 86' lang='lat' dir='ltr'><strong>eram,</strong></span> <span class='ocrx_word' id='word_1_329' title='bbox 3341 1318 3575 1388; x_wconf 86' lang='lat' dir='ltr'><strong>quando</strong></span> 
     </span>
    </p>
   </div>
   <div class='ocr_carea' id='block_1_45' title="bbox 1930 1404 3580 1475">
    <p class='ocr_par' dir='ltr' id='par_1_45' title="bbox 1930 1404 3580 1475">
     <span class='ocr_line' id='line_1_45' title="bbox 1930 1404 3580 1475; baseline -0.001 -13"><span class='ocrx_word' id='word_1_330' title='bbox 1930 1408 2150 1464; x_wconf 87' lang='lat' dir='ltr'><strong>factum</strong></span> <span class='ocrx_word' id='word_1_331' title='bbox 2180 1410 2270 1463; x_wconf 92' lang='lat' dir='ltr'><strong>est</strong></span> <span class='ocrx_word' id='word_1_332' title='bbox 2312 1407 2469 1462; x_wconf 87' lang='lat' dir='ltr'><strong>istud</strong></span> <span class='ocrx_word' id='word_1_333' title='bbox 2504 1405 2763 1475; x_wconf 89' lang='lat' dir='ltr'><strong>bellum;</strong></span> <span class='ocrx_word' id='word_1_334' title='bbox 2792 1409 2849 1461; x_wconf 90' lang='lat' dir='ltr'><strong>et</strong></span> <span class='ocrx_word' id='word_1_335' title='bbox 2895 1404 3207 1463; x_wconf 67' lang='lat' dir='ltr'><strong>Chananazi</strong></span> <span class='ocrx_word' id='word_1_336' title='bbox 3255 1406 3580 1461; x_wconf 89' lang='lat' dir='ltr'><strong>timuerunt</strong></span> 
     </span>
    </p>
   </div>
   <div class='ocr_carea' id='block_1_46' title="bbox 1930 1496 2598 1567">
    <p class='ocr_par' dir='ltr' id='par_1_46' title="bbox 1930 1496 2598 1567">
     <span class='ocr_line' id='line_1_46' title="bbox 1930 1496 2598 1567; baseline -0.004 -14"><span class='ocrx_word' id='word_1_337' title='bbox 1930 1513 2044 1567; x_wconf 88' lang='lat' dir='ltr'><strong>me,</strong></span> <span class='ocrx_word' id='word_1_338' title='bbox 2085 1501 2143 1551; x_wconf 91' lang='lat' dir='ltr'><strong>et</strong></span> <span class='ocrx_word' id='word_1_339' title='bbox 2172 1496 2379 1551; x_wconf 83' lang='lat' dir='ltr'><strong>fratres</strong></span> <span class='ocrx_word' id='word_1_340' title='bbox 2412 1512 2598 1551; x_wconf 89' lang='lat' dir='ltr'><strong>meos.</strong></span> 
     </span>
    </p>
   </div>
   <div class='ocr_carea' id='block_1_47' title="bbox 1998 1583 3579 1656">
    <p class='ocr_par' dir='ltr' id='par_1_47' title="bbox 1998 1583 3579 1656">
     <span class='ocr_line' id='line_1_47' title="bbox 1998 1583 3579 1656; baseline -0.001 -16"><span class='ocrx_word' id='word_1_341' title='bbox 1998 1586 2151 1640; x_wconf 86' lang='lat' dir='ltr'><strong>VIII.</strong></span> <span class='ocrx_word' id='word_1_342' title='bbox 2185 1608 2213 1635; x_wconf 88' lang='lat'><strong>«</strong></span> <span class='ocrx_word' id='word_1_343' title='bbox 2250 1584 2427 1640; x_wconf 87' lang='lat' dir='ltr'><strong>Erant</strong></span> <span class='ocrx_word' id='word_1_344' title='bbox 2457 1589 2651 1639; x_wconf 90' lang='lat' dir='ltr'><strong>autem</strong></span> <span class='ocrx_word' id='word_1_345' title='bbox 2684 1583 2829 1639; x_wconf 87' lang='lat' dir='ltr'><strong>mihi</strong></span> <span class='ocrx_word' id='word_1_346' title='bbox 2861 1587 2917 1640; x_wconf 89' lang='lat' dir='ltr'><strong>et</strong></span> <span class='ocrx_word' id='word_1_347' title='bbox 2947 1600 3155 1656; x_wconf 89' lang='lat' dir='ltr'><strong>pecora</strong></span> <span class='ocrx_word' id='word_1_348' title='bbox 3184 1583 3455 1655; x_wconf 89' lang='lat' dir='ltr'><strong>multa,et</strong></span> <span class='ocrx_word' id='word_1_349' title='bbox 3475 1584 3579 1639; x_wconf 89' lang='lat' dir='ltr'><strong>ha-</strong></span> 
     </span>
    </p>
   </div>
   <div class='ocr_carea' id='block_1_48' title="bbox 1930 1672 3579 1747">
    <p class='ocr_par' dir='ltr' id='par_1_48' title="bbox 1930 1672 3579 1747">
     <span class='ocr_line' id='line_1_48' title="bbox 1930 1672 3579 1747; baseline -0.003 -15"><span class='ocrx_word' id='word_1_350' title='bbox 1930 1676 2141 1732; x_wconf 88' lang='lat' dir='ltr'><strong>bebam</strong></span> <span class='ocrx_word' id='word_1_351' title='bbox 2180 1673 2503 1747; x_wconf 87' lang='lat' dir='ltr'><strong>principem</strong></span> <span class='ocrx_word' id='word_1_352' title='bbox 2541 1677 2847 1745; x_wconf 87' lang='lat' dir='ltr'><strong>pastorum</strong></span> <span class='ocrx_word' id='word_1_353' title='bbox 2877 1678 3009 1729; x_wconf 86' lang='lat' dir='ltr'><strong>Iran</strong></span> <span class='ocrx_word' id='word_1_354' title='bbox 3042 1672 3429 1729; x_wconf 88' lang='lat' dir='ltr'><strong>Odolamitem</strong></span> <span class='ocrx_word' id='word_1_355' title='bbox 3457 1691 3470 1741; x_wconf 91' lang='lat'><strong>;</strong></span> <span class='ocrx_word' id='word_1_356' title='bbox 3505 1673 3579 1728; x_wconf 89' lang='lat' dir='ltr'><strong>ad</strong></span> 
     </span>
    </p>
   </div>
   <div class='ocr_carea' id='block_1_49' title="bbox 1933 1760 3582 1836">
    <p class='ocr_par' dir='ltr' id='par_1_49' title="bbox 1933 1760 3582 1836">
     <span class='ocr_line' id='line_1_49' title="bbox 1933 1760 3582 1836; baseline -0.002 -17"><span class='ocrx_word' id='word_1_357' title='bbox 1933 1779 2109 1836; x_wconf 86' lang='lat' dir='ltr'><strong>quem</strong></span> <span class='ocrx_word' id='word_1_358' title='bbox 2159 1779 2294 1818; x_wconf 89' lang='lat' dir='ltr'><strong>cum</strong></span> <span class='ocrx_word' id='word_1_359' title='bbox 2345 1761 2501 1830; x_wconf 84' lang='lat' dir='ltr'><strong>veni,</strong></span> <span class='ocrx_word' id='word_1_360' title='bbox 2532 1760 2649 1816; x_wconf 91' lang='lat' dir='ltr'><strong>vidi</strong></span> <span class='ocrx_word' id='word_1_361' title='bbox 2698 1761 2915 1817; x_wconf 90' lang='lat' dir='ltr'><strong>Barsan</strong></span> <span class='ocrx_word' id='word_1_362' title='bbox 2966 1776 3161 1833; x_wconf 82' lang='lat' dir='ltr'><strong>regem</strong></span> <span class='ocrx_word' id='word_1_363' title='bbox 3213 1760 3479 1817; x_wconf 91' lang='lat' dir='ltr'><strong>Odolam.</strong></span> <span class='ocrx_word' id='word_1_364' title='bbox 3511 1761 3582 1815; x_wconf 86' lang='lat' dir='ltr'><strong>Et</strong></span> 
     </span>
    </p>
   </div>
   <div class='ocr_carea' id='block_1_50' title="bbox 1933 1847 3579 1922">
    <p class='ocr_par' dir='ltr' id='par_1_50' title="bbox 1933 1847 3579 1922">
     <span class='ocr_line' id='line_1_50' title="bbox 1933 1847 3579 1922; baseline -0.002 -15"><span class='ocrx_word' id='word_1_365' title='bbox 1933 1852 2067 1909; x_wconf 91' lang='lat' dir='ltr'><strong>fecit</strong></span> <span class='ocrx_word' id='word_1_366' title='bbox 2108 1850 2278 1907; x_wconf 89' lang='lat' dir='ltr'><strong>nobis</strong></span> <span class='ocrx_word' id='word_1_367' title='bbox 2326 1849 2653 1906; x_wconf 89' lang='lat' dir='ltr'><strong>convivium</strong></span> <span class='ocrx_word' id='word_1_368' title='bbox 2681 1892 2695 1919; x_wconf 91' lang='lat'><strong>,</strong></span> <span class='ocrx_word' id='word_1_369' title='bbox 2745 1854 2802 1905; x_wconf 91' lang='lat' dir='ltr'><strong>et</strong></span> <span class='ocrx_word' id='word_1_370' title='bbox 2850 1850 3166 1922; x_wconf 89' lang='lat' dir='ltr'><strong>deprecans</strong></span> <span class='ocrx_word' id='word_1_371' title='bbox 3216 1848 3375 1904; x_wconf 87' lang='lat' dir='ltr'><strong>dedit</strong></span> <span class='ocrx_word' id='word_1_372' title='bbox 3434 1847 3579 1903; x_wconf 89' lang='lat' dir='ltr'><strong>mihi</strong></span> 
     </span>
    </p>
   </div>
   <div class='ocr_carea' id='block_1_51' title="bbox 1930 1936 3581 2009">
    <p class='ocr_par' dir='ltr' id='par_1_51' title="bbox 1930 1936 3581 2009">
     <span class='ocr_line' id='line_1_51' title="bbox 1930 1936 3581 2009; baseline -0.003 -13"><span class='ocrx_word' id='word_1_373' title='bbox 1930 1940 2111 1996; x_wconf 83' lang='lat' dir='ltr'><strong>ﬁliam</strong></span> <span class='ocrx_word' id='word_1_374' title='bbox 2142 1956 2312 1996; x_wconf 89' lang='lat' dir='ltr'><strong>suam</strong></span> <span class='ocrx_word' id='word_1_375' title='bbox 2362 1939 2579 1995; x_wconf 85' lang='lat' dir='ltr'><strong>Bessus</strong></span> <span class='ocrx_word' id='word_1_376' title='bbox 2618 1938 2678 1993; x_wconf 91' lang='lat' dir='ltr'><strong>in</strong></span> <span class='ocrx_word' id='word_1_377' title='bbox 2710 1955 2970 1994; x_wconf 83' lang='lat' dir='ltr'><strong>uxorem.</strong></span> <span class='ocrx_word' id='word_1_378' title='bbox 3004 1937 3135 1993; x_wconf 66' lang='lat' dir='ltr'><strong>Haec</strong></span> <span class='ocrx_word' id='word_1_379' title='bbox 3184 1937 3406 2009; x_wconf 90' lang='lat' dir='ltr'><strong>peperit</strong></span> <span class='ocrx_word' id='word_1_380' title='bbox 3434 1936 3581 1992; x_wconf 90' lang='lat' dir='ltr'><strong>mihi</strong></span> 
     </span>
    </p>
   </div>
   <div class='ocr_carea' id='block_1_52' title="bbox 1929 2024 3579 2099">
    <p class='ocr_par' dir='ltr' id='par_1_52' title="bbox 1929 2024 3579 2099">
     <span class='ocr_line' id='line_1_52' title="bbox 1929 2024 3579 2099; baseline -0.005 -10"><span class='ocrx_word' id='word_1_381' title='bbox 1929 2030 2064 2099; x_wconf 81' lang='lat' dir='ltr'><strong>Her,</strong></span> <span class='ocrx_word' id='word_1_382' title='bbox 2103 2032 2160 2085; x_wconf 90' lang='lat' dir='ltr'><strong>et</strong></span> <span class='ocrx_word' id='word_1_383' title='bbox 2188 2033 2420 2096; x_wconf 87' lang='lat' dir='ltr'><strong>Aunan,</strong></span> <span class='ocrx_word' id='word_1_384' title='bbox 2453 2031 2509 2083; x_wconf 91' lang='lat' dir='ltr'><strong>et</strong></span> <span class='ocrx_word' id='word_1_385' title='bbox 2554 2028 2769 2094; x_wconf 89' lang='lat' dir='ltr'><strong>Silom;</strong></span> <span class='ocrx_word' id='word_1_386' title='bbox 2804 2042 3051 2099; x_wconf 89' lang='lat' dir='ltr'><strong>quorum</strong></span> <span class='ocrx_word' id='word_1_387' title='bbox 3085 2027 3233 2082; x_wconf 90' lang='lat' dir='ltr'><strong>duos</strong></span> <span class='ocrx_word' id='word_1_388' title='bbox 3284 2026 3412 2082; x_wconf 85' lang='lat' dir='ltr'><strong>sine</strong></span> <span class='ocrx_word' id='word_1_389' title='bbox 3442 2024 3579 2081; x_wconf 81' lang='lat' dir='ltr'><strong>ﬁliis</strong></span> 
     </span>
    </p>
   </div>
   <div class='ocr_carea' id='block_1_53' title="bbox 1929 2113 3581 2185">
    <p class='ocr_par' dir='ltr' id='par_1_53' title="bbox 1929 2113 3581 2185">
     <span class='ocr_line' id='line_1_53' title="bbox 1929 2113 3581 2185; baseline -0.003 -10"><span class='ocrx_word' id='word_1_390' title='bbox 1929 2117 2141 2175; x_wconf 90' lang='lat' dir='ltr'><strong>occidit</strong></span> <span class='ocrx_word' id='word_1_391' title='bbox 2170 2115 2495 2185; x_wconf 89' lang='lat' dir='ltr'><strong>Dominus;</strong></span> <span class='ocrx_word' id='word_1_392' title='bbox 2529 2116 2712 2173; x_wconf 91' lang='lat' dir='ltr'><strong>Silom</strong></span> <span class='ocrx_word' id='word_1_393' title='bbox 2741 2114 2898 2172; x_wconf 91' lang='lat' dir='ltr'><strong>enim</strong></span> <span class='ocrx_word' id='word_1_394' title='bbox 2928 2114 3150 2185; x_wconf 84' lang='lat' dir='ltr'><strong>vixit,et</strong></span> <span class='ocrx_word' id='word_1_395' title='bbox 3184 2113 3289 2168; x_wconf 85' lang='lat' dir='ltr'><strong>filii</strong></span> <span class='ocrx_word' id='word_1_396' title='bbox 3320 2114 3448 2185; x_wconf 87' lang='lat' dir='ltr'><strong>ejus</strong></span> <span class='ocrx_word' id='word_1_397' title='bbox 3478 2129 3581 2170; x_wconf 89' lang='lat' dir='ltr'><strong>vos</strong></span> 
     </span>
    </p>
   </div>
   <div class='ocr_carea' id='block_1_54' title="bbox 1932 2206 2094 2265">
    <p class='ocr_par' dir='ltr' id='par_1_54' title="bbox 1932 2206 2094 2265">
     <span class='ocr_line' id='line_1_54' title="bbox 1932 2206 2094 2265; baseline -0.006 -1"><span class='ocrx_word' id='word_1_398' title='bbox 1932 2206 2094 2265; x_wconf 87' lang='lat' dir='ltr'><strong>estis.</strong></span> 
     </span>
    </p>
   </div>
   <div class='ocr_carea' id='block_1_55' title="bbox 2006 2291 3586 2365">
    <p class='ocr_par' dir='ltr' id='par_1_55' title="bbox 2006 2291 3586 2365">
     <span class='ocr_line' id='line_1_55' title="bbox 2006 2291 3586 2365; baseline -0.004 -13"><span class='ocrx_word' id='word_1_399' title='bbox 2006 2296 2098 2353; x_wconf 89' lang='lat' dir='ltr'><strong>IX.</strong></span> <span class='ocrx_word' id='word_1_400' title='bbox 2136 2316 2165 2347; x_wconf 79' lang='grc' dir='ltr'><strong><em>κ</em></strong></span> <span class='ocrx_word' id='word_1_401' title='bbox 2194 2294 2527 2352; x_wconf 88' lang='lat' dir='ltr'><strong>Octodecim</strong></span> <span class='ocrx_word' id='word_1_402' title='bbox 2558 2292 2729 2351; x_wconf 87' lang='lat' dir='ltr'><strong>annis</strong></span> <span class='ocrx_word' id='word_1_403' title='bbox 2759 2291 3004 2350; x_wconf 82' lang='lat' dir='ltr'><strong>fecimus</strong></span> <span class='ocrx_word' id='word_1_404' title='bbox 3034 2309 3256 2365; x_wconf 88' lang='lat' dir='ltr'><strong>pacem,</strong></span> <span class='ocrx_word' id='word_1_405' title='bbox 3292 2296 3455 2364; x_wconf 90' lang='lat' dir='ltr'><strong>pater</strong></span> <span class='ocrx_word' id='word_1_406' title='bbox 3484 2308 3586 2347; x_wconf 87' lang='lat' dir='ltr'><strong>no-</strong></span> 
     </span>
    </p>
   </div>
   <div class='ocr_carea' id='block_1_56' title="bbox 1936 2382 3582 2454">
    <p class='ocr_par' dir='ltr' id='par_1_56' title="bbox 1936 2382 3582 2454">
     <span class='ocr_line' id='line_1_56' title="bbox 1936 2382 3582 2454; baseline -0.004 -12"><span class='ocrx_word' id='word_1_407' title='bbox 1936 2391 2057 2443; x_wconf 88' lang='lat' dir='ltr'><strong>ster</strong></span> <span class='ocrx_word' id='word_1_408' title='bbox 2084 2389 2142 2441; x_wconf 91' lang='lat' dir='ltr'><strong>et</strong></span> <span class='ocrx_word' id='word_1_409' title='bbox 2171 2400 2300 2451; x_wconf 85' lang='lat' dir='ltr'><strong>nos,</strong></span> <span class='ocrx_word' id='word_1_410' title='bbox 2332 2400 2467 2440; x_wconf 89' lang='lat' dir='ltr'><strong>cum</strong></span> <span class='ocrx_word' id='word_1_411' title='bbox 2506 2383 2682 2439; x_wconf 87' lang='lat' dir='ltr'><strong>fratre</strong></span> <span class='ocrx_word' id='word_1_412' title='bbox 2713 2384 2842 2454; x_wconf 89' lang='lat' dir='ltr'><strong>ejus</strong></span> <span class='ocrx_word' id='word_1_413' title='bbox 2870 2383 3046 2448; x_wconf 88' lang='lat' dir='ltr'><strong>Esau,</strong></span> <span class='ocrx_word' id='word_1_414' title='bbox 3085 2389 3142 2437; x_wconf 91' lang='lat' dir='ltr'><strong>et</strong></span> <span class='ocrx_word' id='word_1_415' title='bbox 3171 2382 3274 2437; x_wconf 84' lang='lat' dir='ltr'><strong>filii</strong></span> <span class='ocrx_word' id='word_1_416' title='bbox 3319 2382 3449 2452; x_wconf 90' lang='lat' dir='ltr'><strong>ejus</strong></span> <span class='ocrx_word' id='word_1_417' title='bbox 3479 2397 3582 2436; x_wconf 90' lang='lat' dir='ltr'><strong>no-</strong></span> 
     </span>
    </p>
   </div>
   <div class='ocr_carea' id='block_1_57' title="bbox 1938 2469 3588 2546">
    <p class='ocr_par' dir='ltr' id='par_1_57' title="bbox 1938 2469 3588 2546">
     <span class='ocr_line' id='line_1_57' title="bbox 1938 2469 3588 2546; baseline -0.003 -15"><span class='ocrx_word' id='word_1_418' title='bbox 1938 2474 2189 2541; x_wconf 90' lang='lat' dir='ltr'><strong>biscum,</strong></span> <span class='ocrx_word' id='word_1_419' title='bbox 2241 2476 2553 2546; x_wconf 88' lang='lat' dir='ltr'><strong>postquam</strong></span> <span class='ocrx_word' id='word_1_420' title='bbox 2606 2472 2893 2541; x_wconf 54' lang='lat' dir='ltr'><strong>{venimus</strong></span> <span class='ocrx_word' id='word_1_421' title='bbox 2939 2487 3008 2528; x_wconf 89' lang='lat' dir='ltr'><strong>ex</strong></span> <span class='ocrx_word' id='word_1_422' title='bbox 3074 2469 3494 2543; x_wconf 87' lang='lat' dir='ltr'><strong>Mesopotamia</strong></span> <span class='ocrx_word' id='word_1_423' title='bbox 3552 2487 3588 2526; x_wconf 89' lang='lat' dir='ltr'><strong>a</strong></span> 
     </span>
    </p>
   </div>
   <div class='ocr_carea' id='block_1_58' title="bbox 1940 2557 3587 2634">
    <p class='ocr_par' dir='ltr' id='par_1_58' title="bbox 1940 2557 3587 2634">
     <span class='ocr_line' id='line_1_58' title="bbox 1940 2557 3587 2634; baseline -0.003 -14"><span class='ocrx_word' id='word_1_424' title='bbox 1940 2564 2149 2621; x_wconf 89' lang='lat' dir='ltr'><strong>Laban.</strong></span> <span class='ocrx_word' id='word_1_425' title='bbox 2185 2562 2253 2618; x_wconf 88' lang='lat' dir='ltr'><strong>Et</strong></span> <span class='ocrx_word' id='word_1_426' title='bbox 2285 2559 2541 2634; x_wconf 89' lang='lat' dir='ltr'><strong>impletis</strong></span> <span class='ocrx_word' id='word_1_427' title='bbox 2572 2559 2894 2617; x_wconf 89' lang='lat' dir='ltr'><strong>octodecim</strong></span> <span class='ocrx_word' id='word_1_428' title='bbox 2925 2557 3118 2627; x_wconf 91' lang='lat' dir='ltr'><strong>annis,</strong></span> <span class='ocrx_word' id='word_1_429' title='bbox 3150 2558 3209 2615; x_wconf 89' lang='lat' dir='ltr'><strong>in</strong></span> <span class='ocrx_word' id='word_1_430' title='bbox 3261 2559 3587 2632; x_wconf 87' lang='lat' dir='ltr'><strong>quadrage-</strong></span> 
     </span>
    </p>
   </div>
   <div class='ocr_carea' id='block_1_59' title="bbox 1940 2646 3589 2721">
    <p class='ocr_par' dir='ltr' id='par_1_59' title="bbox 1940 2646 3589 2721">
     <span class='ocr_line' id='line_1_59' title="bbox 1940 2646 3589 2721; baseline -0.004 -14"><span class='ocrx_word' id='word_1_431' title='bbox 1940 2651 2091 2707; x_wconf 89' lang='lat' dir='ltr'><strong>simo</strong></span> <span class='ocrx_word' id='word_1_432' title='bbox 2123 2668 2274 2706; x_wconf 89' lang='lat' dir='ltr'><strong>anno</strong></span> <span class='ocrx_word' id='word_1_433' title='bbox 2304 2650 2434 2706; x_wconf 72' lang='lat' dir='ltr'><strong>vitaa</strong></span> <span class='ocrx_word' id='word_1_434' title='bbox 2465 2666 2628 2721; x_wconf 67' lang='lat' dir='ltr'><strong>meas,</strong></span> <span class='ocrx_word' id='word_1_435' title='bbox 2661 2648 3000 2721; x_wconf 90' lang='lat' dir='ltr'><strong>supervenit</strong></span> <span class='ocrx_word' id='word_1_436' title='bbox 3029 2647 3196 2703; x_wconf 90' lang='lat' dir='ltr'><strong>nobis</strong></span> <span class='ocrx_word' id='word_1_437' title='bbox 3227 2646 3377 2702; x_wconf 88' lang='lat' dir='ltr'><strong>Esau</strong></span> <span class='ocrx_word' id='word_1_438' title='bbox 3412 2647 3589 2702; x_wconf 87' lang='lat' dir='ltr'><strong>frater</strong></span> 
     </span>
    </p>
   </div>
   <div class='ocr_carea' id='block_1_60' title="bbox 1941 2734 3587 2814">
    <p class='ocr_par' dir='ltr' id='par_1_60' title="bbox 1941 2734 3587 2814">
     <span class='ocr_line' id='line_1_60' title="bbox 1941 2734 3587 2814; baseline -0.005 -18"><span class='ocrx_word' id='word_1_439' title='bbox 1941 2739 2127 2814; x_wconf 89' lang='lat' dir='ltr'><strong>patris</strong></span> <span class='ocrx_word' id='word_1_440' title='bbox 2158 2739 2295 2808; x_wconf 90' lang='lat' dir='ltr'><strong>mei,</strong></span> <span class='ocrx_word' id='word_1_441' title='bbox 2340 2739 2398 2793; x_wconf 93' lang='lat' dir='ltr'><strong>in</strong></span> <span class='ocrx_word' id='word_1_442' title='bbox 2433 2736 2648 2811; x_wconf 81' lang='lat' dir='ltr'><strong>papulo</strong></span> <span class='ocrx_word' id='word_1_443' title='bbox 2697 2737 2855 2809; x_wconf 82' lang='lat' dir='ltr'><strong>gravi</strong></span> <span class='ocrx_word' id='word_1_444' title='bbox 2886 2740 2943 2793; x_wconf 90' lang='lat' dir='ltr'><strong>et</strong></span> <span class='ocrx_word' id='word_1_445' title='bbox 2994 2737 3164 2804; x_wconf 87' lang='lat' dir='ltr'><strong>forti;</strong></span> <span class='ocrx_word' id='word_1_446' title='bbox 3196 2740 3253 2791; x_wconf 92' lang='lat' dir='ltr'><strong>et</strong></span> <span class='ocrx_word' id='word_1_447' title='bbox 3283 2734 3490 2791; x_wconf 88' lang='lat' dir='ltr'><strong>cecidit</strong></span> <span class='ocrx_word' id='word_1_448' title='bbox 3527 2734 3587 2789; x_wconf 89' lang='lat' dir='ltr'><strong>in</strong></span> 
     </span>
    </p>
   </div>
   <div class='ocr_carea' id='block_1_61' title="bbox 1943 2823 3586 2897">
    <p class='ocr_par' dir='ltr' id='par_1_61' title="bbox 1943 2823 3586 2897">
     <span class='ocr_line' id='line_1_61' title="bbox 1943 2823 3586 2897; baseline -0.004 -12"><span class='ocrx_word' id='word_1_449' title='bbox 1943 2846 2080 2886; x_wconf 91' lang='lat' dir='ltr'><strong>arcu</strong></span> <span class='ocrx_word' id='word_1_450' title='bbox 2101 2828 2366 2897; x_wconf 89' lang='lat' dir='ltr'><strong>Jacob,et</strong></span> <span class='ocrx_word' id='word_1_451' title='bbox 2384 2826 2538 2883; x_wconf 90' lang='lat' dir='ltr'><strong>latus</strong></span> <span class='ocrx_word' id='word_1_452' title='bbox 2559 2829 2648 2881; x_wconf 81' lang='lat' dir='ltr'><strong>est</strong></span> <span class='ocrx_word' id='word_1_453' title='bbox 2668 2829 2937 2881; x_wconf 89' lang='lat' dir='ltr'><strong>mortuus</strong></span> <span class='ocrx_word' id='word_1_454' title='bbox 2960 2825 3019 2881; x_wconf 90' lang='lat' dir='ltr'><strong>in</strong></span> <span class='ocrx_word' id='word_1_455' title='bbox 3043 2828 3298 2881; x_wconf 89' lang='lat' dir='ltr'><strong>montem</strong></span> <span class='ocrx_word' id='word_1_456' title='bbox 3322 2823 3586 2895; x_wconf 86' lang='lat' dir='ltr'><strong>Seir(79).</strong></span> 
     </span>
    </p>
   </div>
   <div class='ocr_carea' id='block_1_62' title="bbox 1940 2914 3587 2989">
    <p class='ocr_par' dir='ltr' id='par_1_62' title="bbox 1940 2914 3587 2989">
     <span class='ocr_line' id='line_1_62' title="bbox 1940 2914 3587 2989; baseline -0.004 -15"><span class='ocrx_word' id='word_1_457' title='bbox 1940 2918 2057 2974; x_wconf 86' lang='lat' dir='ltr'><strong>Nos</strong></span> <span class='ocrx_word' id='word_1_458' title='bbox 2088 2922 2280 2973; x_wconf 90' lang='lat' dir='ltr'><strong>autem</strong></span> <span class='ocrx_word' id='word_1_459' title='bbox 2313 2914 2831 2989; x_wconf 89' lang='lat' dir='ltr'><strong>persecutisumus</strong></span> <span class='ocrx_word' id='word_1_460' title='bbox 2862 2914 3013 2970; x_wconf 84' lang='lat' dir='ltr'><strong>filios</strong></span> <span class='ocrx_word' id='word_1_461' title='bbox 3043 2914 3359 2969; x_wconf 85' lang='lat' dir='ltr'><strong>Esau.Erat</strong></span> <span class='ocrx_word' id='word_1_462' title='bbox 3390 2918 3587 2968; x_wconf 87' lang='lat' dir='ltr'><strong>autem</strong></span> 
     </span>
    </p>
   </div>
   <div class='ocr_carea' id='block_1_63' title="bbox 1942 3004 3591 3076">
    <p class='ocr_par' dir='ltr' id='par_1_63' title="bbox 1942 3004 3591 3076">
     <span class='ocr_line' id='line_1_63' title="bbox 1942 3004 3591 3076; baseline -0.004 -14"><span class='ocrx_word' id='word_1_463' title='bbox 1942 3006 2027 3062; x_wconf 91' lang='lat' dir='ltr'><strong>eis</strong></span> <span class='ocrx_word' id='word_1_464' title='bbox 2075 3005 2303 3073; x_wconf 86' lang='lat' dir='ltr'><strong>civitas,</strong></span> <span class='ocrx_word' id='word_1_465' title='bbox 2333 3009 2392 3059; x_wconf 92' lang='lat' dir='ltr'><strong>et</strong></span> <span class='ocrx_word' id='word_1_466' title='bbox 2441 3020 2647 3059; x_wconf 91' lang='lat' dir='ltr'><strong>murus</strong></span> <span class='ocrx_word' id='word_1_467' title='bbox 2695 3004 2937 3070; x_wconf 88' lang='lat' dir='ltr'><strong>ferreus,</strong></span> <span class='ocrx_word' id='word_1_468' title='bbox 2968 3006 3025 3057; x_wconf 90' lang='lat' dir='ltr'><strong>et</strong></span> <span class='ocrx_word' id='word_1_469' title='bbox 3071 3006 3249 3076; x_wconf 83' lang='lat' dir='ltr'><strong>portae</strong></span> <span class='ocrx_word' id='word_1_470' title='bbox 3303 3018 3481 3069; x_wconf 68' lang='lat' dir='ltr'><strong>tersae,</strong></span> <span class='ocrx_word' id='word_1_471' title='bbox 3532 3004 3591 3056; x_wconf 90' lang='lat' dir='ltr'><strong>et</strong></span> 
     </span>
    </p>
   </div>
   <div class='ocr_carea' id='block_1_64' title="bbox 1944 3090 3589 3166">
    <p class='ocr_par' dir='ltr' id='par_1_64' title="bbox 1944 3090 3589 3166">
     <span class='ocr_line' id='line_1_64' title="bbox 1944 3090 3589 3166; baseline -0.004 -16"><span class='ocrx_word' id='word_1_472' title='bbox 1944 3111 2059 3151; x_wconf 87' lang='lat' dir='ltr'><strong>non</strong></span> <span class='ocrx_word' id='word_1_473' title='bbox 2092 3094 2394 3166; x_wconf 85' lang='lat' dir='ltr'><strong>potuimus</strong></span> <span class='ocrx_word' id='word_1_474' title='bbox 2426 3092 2643 3148; x_wconf 87' lang='lat' dir='ltr'><strong>intrare</strong></span> <span class='ocrx_word' id='word_1_475' title='bbox 2672 3091 2732 3146; x_wconf 90' lang='lat' dir='ltr'><strong>in</strong></span> <span class='ocrx_word' id='word_1_476' title='bbox 2765 3090 3256 3159; x_wconf 90' lang='lat' dir='ltr'><strong>eam,obsidentes</strong></span> <span class='ocrx_word' id='word_1_477' title='bbox 3285 3107 3418 3145; x_wconf 91' lang='lat' dir='ltr'><strong>vero</strong></span> <span class='ocrx_word' id='word_1_478' title='bbox 3449 3107 3589 3145; x_wconf 84' lang='lat' dir='ltr'><strong>con-</strong></span> 
     </span>
    </p>
   </div>
   <div class='ocr_carea' id='block_1_65' title="bbox 1945 3177 3590 3252">
    <p class='ocr_par' dir='ltr' id='par_1_65' title="bbox 1945 3177 3590 3252">
     <span class='ocr_line' id='line_1_65' title="bbox 1945 3177 3590 3252; baseline -0.004 -13"><span class='ocrx_word' id='word_1_479' title='bbox 1945 3182 2231 3239; x_wconf 89' lang='lat' dir='ltr'><strong>clusimus</strong></span> <span class='ocrx_word' id='word_1_480' title='bbox 2261 3198 2359 3238; x_wconf 88' lang='lat' dir='ltr'><strong>eos</strong></span> <span class='ocrx_word' id='word_1_481' title='bbox 2385 3208 2399 3249; x_wconf 88' lang='lat'><strong>;</strong></span> <span class='ocrx_word' id='word_1_482' title='bbox 2430 3185 2487 3237; x_wconf 89' lang='lat' dir='ltr'><strong>et</strong></span> <span class='ocrx_word' id='word_1_483' title='bbox 2516 3197 2649 3237; x_wconf 90' lang='lat' dir='ltr'><strong>cum</strong></span> <span class='ocrx_word' id='word_1_484' title='bbox 2681 3198 2796 3235; x_wconf 91' lang='lat' dir='ltr'><strong>non</strong></span> <span class='ocrx_word' id='word_1_485' title='bbox 2840 3180 3151 3252; x_wconf 89' lang='lat' dir='ltr'><strong>aperirent,</strong></span> <span class='ocrx_word' id='word_1_486' title='bbox 3185 3184 3317 3251; x_wconf 90' lang='lat' dir='ltr'><strong>post</strong></span> <span class='ocrx_word' id='word_1_487' title='bbox 3346 3179 3470 3234; x_wconf 88' lang='lat' dir='ltr'><strong>dies</strong></span> <span class='ocrx_word' id='word_1_488' title='bbox 3499 3177 3590 3233; x_wconf 89' lang='lat' dir='ltr'><strong>vi-</strong></span> 
     </span>
    </p>
   </div>
   <div class='ocr_carea' id='block_1_66' title="bbox 176 3251 1829 3346">
    <p class='ocr_par' dir='ltr' id='par_1_66' title="bbox 176 3251 1829 3341">
     <span class='ocr_line' id='line_1_66' title="bbox 176 3251 1829 3341; baseline -0.001 -19"><span class='ocrx_word' id='word_1_489' title='bbox 176 3266 284 3322; x_wconf 76' lang='grc' dir='ltr'><strong>οὗκ</strong></span> <span class='ocrx_word' id='word_1_490' title='bbox 309 3264 556 3337; x_wconf 78' lang='grc' dir='ltr'>ἠδυνήθη</span> <span class='ocrx_word' id='word_1_491' title='bbox 569 3251 662 3339; x_wconf 87' lang='grc' dir='ltr'><strong>μεν</strong></span> <span class='ocrx_word' id='word_1_492' title='bbox 706 3251 964 3329; x_wconf 83' lang='grc' dir='ltr'>εἷ’σελθεῖν</span> <span class='ocrx_word' id='word_1_493' title='bbox 1008 3264 1060 3319; x_wconf 83' lang='grc' dir='ltr'><strong>ἐν</strong></span> <span class='ocrx_word' id='word_1_494' title='bbox 1111 3264 1271 3338; x_wconf 83' lang='grc' dir='ltr'>αὐτῇ,</span> <span class='ocrx_word' id='word_1_495' title='bbox 1300 3264 1391 3319; x_wconf 78' lang='grc' dir='ltr'><strong>καὶ</strong></span> <span class='ocrx_word' id='word_1_496' title='bbox 1456 3264 1829 3341; x_wconf 88' lang='grc' dir='ltr'>περικαθίσαν-</span> 
     </span>
    </p>
   </div>
   <div class='ocr_carea' id='block_1_67' title="bbox 1950 3251 3591 3346">
    <p class='ocr_par' dir='ltr' id='par_1_67' title="bbox 1950 3251 3591 3346">
     <span class='ocr_line' id='line_1_67' title="bbox 1950 3251 3591 3346; baseline -0.004 -19"><span class='ocrx_word' id='word_1_497' title='bbox 1950 3271 2111 3346; x_wconf 84' lang='lat' dir='ltr'><strong>giuti,</strong></span> <span class='ocrx_word' id='word_1_498' title='bbox 2142 3271 2478 3327; x_wconf 90' lang='lat' dir='ltr'><strong>videntibus</strong></span> <span class='ocrx_word' id='word_1_499' title='bbox 2527 3270 2634 3339; x_wconf 89' lang='lat' dir='ltr'><strong>eis,</strong></span> <span class='ocrx_word' id='word_1_500' title='bbox 2666 3251 2893 3324; x_wconf 79' lang='lat' dir='ltr'><strong>adduxi</strong></span> <span class='ocrx_word' id='word_1_501' title='bbox 2929 3267 3168 3339; x_wconf 88' lang='lat' dir='ltr'><strong>scalam,</strong></span> <span class='ocrx_word' id='word_1_502' title='bbox 3219 3272 3274 3323; x_wconf 89' lang='lat' dir='ltr'><strong>et</strong></span> <span class='ocrx_word' id='word_1_503' title='bbox 3321 3267 3591 3339; x_wconf 83' lang='lat' dir='ltr'><strong>clypeum</strong></span> 
     </span>
    </p>
   </div>
   <div class='ocr_carea' id='block_1_68' title="bbox 174 3351 1835 3433">
    <p class='ocr_par' dir='ltr' id='par_1_68' title="bbox 174 3351 1835 3433">
     <span class='ocr_line' id='line_1_68' title="bbox 174 3351 1835 3433; baseline -0.001 -22"><span class='ocrx_word' id='word_1_504' title='bbox 174 3376 268 3417; x_wconf 84' lang='grc' dir='ltr'><strong>τες</strong></span> <span class='ocrx_word' id='word_1_505' title='bbox 302 3354 730 3433; x_wconf 78' lang='grc' dir='ltr'>ἐπολιορκοῦμεν</span> <span class='ocrx_word' id='word_1_506' title='bbox 775 3352 991 3415; x_wconf 76' lang='grc' dir='ltr'>αὐτούς.</span> <span class='ocrx_word' id='word_1_507' title='bbox 1024 3356 1123 3408; x_wconf 84' lang='grc' dir='ltr'>Καὶ</span> <span class='ocrx_word' id='word_1_508' title='bbox 1173 3353 1250 3416; x_wconf 87' lang='grc' dir='ltr'>ὡς</span> <span class='ocrx_word' id='word_1_509' title='bbox 1301 3352 1399 3407; x_wconf 76' lang='grc' dir='ltr'><strong>οὐκ</strong></span> <span class='ocrx_word' id='word_1_510' title='bbox 1424 3351 1667 3431; x_wconf 69' lang='grc' dir='ltr'>ἤνοιγον,</span> <span class='ocrx_word' id='word_1_511' title='bbox 1700 3355 1835 3429; x_wconf 86' lang='grc' dir='ltr'><strong>μετά</strong></span> 
     </span>
    </p>
   </div>
   <div class='ocr_carea' id='block_1_69' title="bbox 178 3441 1833 3520">
    <p class='ocr_par' dir='ltr' id='par_1_69' title="bbox 178 3441 1833 3520">
     <span class='ocr_line' id='line_1_69' title="bbox 178 3441 1833 3520; baseline -0.001 -20"><span class='ocrx_word' id='word_1_512' title='bbox 178 3442 386 3501; x_wconf 71' lang='grc' dir='ltr'>εἴκοσιν</span> <span class='ocrx_word' id='word_1_513' title='bbox 442 3443 678 3520; x_wconf 88' lang='grc' dir='ltr'>ἡμέρας,</span> <span class='ocrx_word' id='word_1_514' title='bbox 706 3444 959 3520; x_wconf 82' lang='grc' dir='ltr'>ὁρώντων</span> <span class='ocrx_word' id='word_1_515' title='bbox 1018 3441 1218 3510; x_wconf 75' lang='grc' dir='ltr'>αὐτῶν,</span> <span class='ocrx_word' id='word_1_516' title='bbox 1249 3441 1512 3519; x_wconf 85' lang='grc' dir='ltr'>προσάγω</span> <span class='ocrx_word' id='word_1_517' title='bbox 1568 3442 1833 3516; x_wconf 76' lang='grc' dir='ltr'>κλίμακα,</span> 
     </span>
    </p>
   </div>
   <div class='ocr_carea' id='block_1_70' title="bbox 174 3530 1832 3610">
    <p class='ocr_par' dir='ltr' id='par_1_70' title="bbox 174 3530 1832 3610">
     <span class='ocr_line' id='line_1_70' title="bbox 174 3530 1832 3610; baseline -0.002 -20"><span class='ocrx_word' id='word_1_518' title='bbox 174 3533 275 3590; x_wconf 72' lang='grc' dir='ltr'>καὶ</span> <span class='ocrx_word' id='word_1_519' title='bbox 316 3534 417 3603; x_wconf 76' lang='grc' dir='ltr'>τὴν</span> <span class='ocrx_word' id='word_1_520' title='bbox 466 3531 667 3589; x_wconf 85' lang='grc' dir='ltr'>ἀσπίδα</span> <span class='ocrx_word' id='word_1_521' title='bbox 715 3532 803 3587; x_wconf 88' lang='grc' dir='ltr'><strong>ἐπὶ</strong></span> <span class='ocrx_word' id='word_1_522' title='bbox 848 3538 951 3602; x_wconf 82' lang='grc' dir='ltr'>τῆς</span> <span class='ocrx_word' id='word_1_523' title='bbox 999 3530 1242 3610; x_wconf 75' lang='grc' dir='ltr'>κεφαλῆς</span> <span class='ocrx_word' id='word_1_524' title='bbox 1294 3549 1419 3605; x_wconf 70' lang='grc' dir='ltr'>μου*</span> <span class='ocrx_word' id='word_1_525' title='bbox 1460 3532 1549 3587; x_wconf 84' lang='grc' dir='ltr'><strong>καὶ</strong></span> <span class='ocrx_word' id='word_1_526' title='bbox 1597 3531 1832 3603; x_wconf 83' lang='grc' dir='ltr'>ἀνῆλθον</span> 
     </span>
    </p>
   </div>
   <div class='ocr_carea' id='block_1_71' title="bbox 177 3615 1831 3698">
    <p class='ocr_par' dir='ltr' id='par_1_71' title="bbox 177 3615 1831 3698">
     <span class='ocr_line' id='line_1_71' title="bbox 177 3615 1831 3698; baseline -0.002 -19"><span class='ocrx_word' id='word_1_527' title='bbox 177 3618 597 3698; x_wconf 85' lang='grc' dir='ltr'>ἀποδεχόμενος</span> <span class='ocrx_word' id='word_1_528' title='bbox 628 3620 816 3686; x_wconf 83' lang='grc' dir='ltr'>λίθους</span> <span class='ocrx_word' id='word_1_529' title='bbox 845 3615 955 3683; x_wconf 71' lang='grc' dir='ltr'><strong>ἕως</strong></span> <span class='ocrx_word' id='word_1_530' title='bbox 983 3618 1266 3677; x_wconf 87' lang='grc' dir='ltr'>ταλάντων</span> <span class='ocrx_word' id='word_1_531' title='bbox 1314 3624 1501 3697; x_wconf 74' lang='grc' dir='ltr'>τριῶψ</span> <span class='ocrx_word' id='word_1_532' title='bbox 1531 3620 1620 3676; x_wconf 86' lang='grc' dir='ltr'><strong>καὶ</strong></span> <span class='ocrx_word' id='word_1_533' title='bbox 1676 3620 1831 3676; x_wconf 90' lang='grc' dir='ltr'>ἀνελ-</span> 
     </span>
    </p>
   </div>
   <div class='ocr_carea' id='block_1_72' title="bbox 175 3706 1833 3787">
    <p class='ocr_par' dir='ltr' id='par_1_72' title="bbox 175 3706 1833 3787">
     <span class='ocr_line' id='line_1_72' title="bbox 175 3706 1833 3787; baseline -0.001 -21"><span class='ocrx_word' id='word_1_534' title='bbox 175 3713 294 3767; x_wconf 85' lang='grc' dir='ltr'>θὼν</span> <span class='ocrx_word' id='word_1_535' title='bbox 328 3713 436 3786; x_wconf 89' lang='grc'><strong>(81)</strong></span> <span class='ocrx_word' id='word_1_536' title='bbox 484 3710 745 3787; x_wconf 88' lang='grc' dir='ltr'>τέσσαρας</span> <span class='ocrx_word' id='word_1_537' title='bbox 792 3709 919 3772; x_wconf 74' lang='grc' dir='ltr'>τοὺς</span> <span class='ocrx_word' id='word_1_538' title='bbox 967 3706 1226 3772; x_wconf 76' lang='grc' dir='ltr'>δυνατοὺς</span> <span class='ocrx_word' id='word_1_539' title='bbox 1272 3707 1324 3780; x_wconf 80' lang='grc' dir='ltr'>ἐξ</span> <span class='ocrx_word' id='word_1_540' title='bbox 1373 3708 1566 3764; x_wconf 73' lang='grc' dir='ltr'>αὐτῶν.</span> <span class='ocrx_word' id='word_1_541' title='bbox 1608 3708 1711 3766; x_wconf 82' lang='grc' dir='ltr'><strong>Καὶ</strong></span> <span class='ocrx_word' id='word_1_542' title='bbox 1764 3712 1833 3784; x_wconf 82' lang='grc' dir='ltr'>τῇ</span> 
     </span>
    </p>
   </div>
   <div class='ocr_carea' id='block_1_73' title="bbox 177 3790 1835 3874">
    <p class='ocr_par' dir='ltr' id='par_1_73' title="bbox 177 3790 1835 3874">
     <span class='ocr_line' id='line_1_73' title="bbox 177 3790 1835 3874; baseline 0.001 -20"><span class='ocrx_word' id='word_1_543' title='bbox 177 3799 311 3871; x_wconf 69' lang='grc' dir='ltr'>ἑξῆς</span> <span class='ocrx_word' id='word_1_544' title='bbox 344 3792 605 3872; x_wconf 78' lang='grc' dir='ltr'>ἐμϐάντες</span> <span class='ocrx_word' id='word_1_545' title='bbox 634 3790 828 3867; x_wconf 78' lang='grc' dir='ltr'>Ῥουϐῆ</span> <span class='ocrx_word' id='word_1_546' title='bbox 838 3819 878 3872; x_wconf 90' lang='grc' dir='ltr'><strong>μ</strong></span> <span class='ocrx_word' id='word_1_547' title='bbox 905 3797 997 3853; x_wconf 81' lang='grc' dir='ltr'><strong>καὶ</strong></span> <span class='ocrx_word' id='word_1_548' title='bbox 1029 3794 1134 3853; x_wconf 86' lang='grc' dir='ltr'><strong>Γάδ</strong></span> <span class='ocrx_word' id='word_1_549' title='bbox 1158 3796 1371 3853; x_wconf 84' lang='grc' dir='ltr'>ἀνεῖλον</span> <span class='ocrx_word' id='word_1_550' title='bbox 1396 3798 1609 3874; x_wconf 70' lang='grc' dir='ltr'>ἐτέρους</span> <span class='ocrx_word' id='word_1_551' title='bbox 1629 3795 1682 3869; x_wconf 59' lang='grc' dir='ltr'><strong>ἐξ</strong></span> <span class='ocrx_word' id='word_1_552' title='bbox 1700 3800 1835 3873; x_wconf 87' lang='grc'>(82).</span> 
     </span>
    </p>
   </div>
   <div class='ocr_carea' id='block_1_74' title="bbox 174 3884 1836 3964">
    <p class='ocr_par' dir='ltr' id='par_1_74' title="bbox 174 3884 1836 3964">
     <span class='ocr_line' id='line_1_74' title="bbox 174 3884 1836 3964; baseline -0.001 -20"><span class='ocrx_word' id='word_1_553' title='bbox 174 3888 319 3944; x_wconf 81' lang='grc' dir='ltr'>Τότε</span> <span class='ocrx_word' id='word_1_554' title='bbox 363 3887 604 3944; x_wconf 75' lang='grc' dir='ltr'>αἰτοῦσιν</span> <span class='ocrx_word' id='word_1_555' title='bbox 645 3888 794 3962; x_wconf 80' lang='grc' dir='ltr'>ἡμᾶς</span> <span class='ocrx_word' id='word_1_556' title='bbox 839 3886 906 3942; x_wconf 72' lang='grc' dir='ltr'>τὰ</span> <span class='ocrx_word' id='word_1_557' title='bbox 952 3887 1090 3964; x_wconf 83' lang='grc' dir='ltr'>πρὸς</span> <span class='ocrx_word' id='word_1_558' title='bbox 1139 3884 1379 3963; x_wconf 64' lang='grc' dir='ltr'>εἶ’ρήνην·</span> <span class='ocrx_word' id='word_1_559' title='bbox 1412 3886 1503 3942; x_wconf 79' lang='grc' dir='ltr'>καὶ</span> <span class='ocrx_word' id='word_1_560' title='bbox 1553 3887 1836 3963; x_wconf 89' lang='grc' dir='ltr'>γενόμενοι</span> 
     </span>
    </p>
   </div>
   <div class='ocr_carea' id='block_1_75' title="bbox 172 3972 1835 4053">
    <p class='ocr_par' dir='ltr' id='par_1_75' title="bbox 172 3972 1835 4053">
     <span class='ocr_line' id='line_1_75' title="bbox 172 3972 1835 4053; baseline 0 -21"><span class='ocrx_word' id='word_1_561' title='bbox 172 3983 287 4046; x_wconf 82' lang='grc' dir='ltr'>τῆς</span> <span class='ocrx_word' id='word_1_562' title='bbox 317 3974 524 4053; x_wconf 77' lang='grc' dir='ltr'>βουλῆς</span> <span class='ocrx_word' id='word_1_563' title='bbox 552 3979 655 4031; x_wconf 78' lang='grc' dir='ltr'>τοῦ</span> <span class='ocrx_word' id='word_1_564' title='bbox 692 3976 898 4053; x_wconf 83' lang='grc' dir='ltr'>πατρὸς</span> <span class='ocrx_word' id='word_1_565' title='bbox 928 3977 1113 4048; x_wconf 79' lang='grc' dir='ltr'>ἡμῶν,</span> <span class='ocrx_word' id='word_1_566' title='bbox 1145 3972 1434 4049; x_wconf 81' lang='grc' dir='ltr'>ἐδεξάμεθα</span> <span class='ocrx_word' id='word_1_567' title='bbox 1462 3975 1657 4039; x_wconf 76' lang='grc' dir='ltr'>αὐτοὺς</span> <span class='ocrx_word' id='word_1_568' title='bbox 1698 3977 1835 4033; x_wconf 86' lang='grc' dir='ltr'>ὑπο-</span> 
     </span>
    </p>
   </div>
   <div class='ocr_carea' id='block_1_76' title="bbox 174 4062 1837 4144">
    <p class='ocr_par' dir='ltr' id='par_1_76' title="bbox 174 4062 1837 4144">
     <span class='ocr_line' id='line_1_76' title="bbox 174 4062 1837 4144; baseline 0 -24"><span class='ocrx_word' id='word_1_569' title='bbox 174 4064 410 4144; x_wconf 72' lang='grc' dir='ltr'>φόρους.</span> <span class='ocrx_word' id='word_1_570' title='bbox 459 4066 559 4120; x_wconf 83' lang='grc' dir='ltr'><strong>Καὶ</strong></span> <span class='ocrx_word' id='word_1_571' title='bbox 616 4065 751 4136; x_wconf 82' lang='grc' dir='ltr'>ἦσαν</span> <span class='ocrx_word' id='word_1_572' title='bbox 820 4062 1060 4127; x_wconf 86' lang='grc' dir='ltr'>διδόντες</span> <span class='ocrx_word' id='word_1_573' title='bbox 1107 4065 1244 4138; x_wconf 86' lang='grc' dir='ltr'>ἡμῖν</span> <span class='ocrx_word' id='word_1_574' title='bbox 1302 4069 1477 4139; x_wconf 79' lang='grc' dir='ltr'>πυροῦ</span> <span class='ocrx_word' id='word_1_575' title='bbox 1527 4064 1723 4141; x_wconf 87' lang='grc' dir='ltr'>κόρους</span> <span class='ocrx_word' id='word_1_576' title='bbox 1774 4067 1837 4131; x_wconf 85' lang='grc' dir='ltr'>σ’,</span> 
     </span>
    </p>
   </div>
   <div class='ocr_carea' id='block_1_77' title="bbox 174 4150 1842 4233">
    <p class='ocr_par' dir='ltr' id='par_1_77' title="bbox 174 4150 1842 4233">
     <span class='ocr_line' id='line_1_77' title="bbox 174 4150 1842 4233; baseline -0.001 -22"><span class='ocrx_word' id='word_1_577' title='bbox 174 4153 376 4211; x_wconf 86' lang='grc' dir='ltr'>ἐλαίου</span> <span class='ocrx_word' id='word_1_578' title='bbox 406 4154 502 4211; x_wconf 86' lang='grc' dir='ltr'><strong>Βέθ</strong></span> <span class='ocrx_word' id='word_1_579' title='bbox 532 4157 650 4230; x_wconf 88' lang='grc'>(83)</span> <span class='ocrx_word' id='word_1_580' title='bbox 677 4155 750 4233; x_wconf 79' lang='grc' dir='ltr'><strong>φ’,</strong></span> <span class='ocrx_word' id='word_1_581' title='bbox 783 4152 933 4209; x_wconf 72' lang='grc' dir='ltr'>οἴνου</span> <span class='ocrx_word' id='word_1_582' title='bbox 969 4154 1139 4231; x_wconf 84' lang='grc' dir='ltr'>μέτρα</span> <span class='ocrx_word' id='word_1_583' title='bbox 1166 4174 1212 4223; x_wconf 69' lang='grc' dir='ltr'><strong>,α</strong></span> <span class='ocrx_word' id='word_1_584' title='bbox 1238 4154 1310 4231; x_wconf 78' lang='grc' dir='ltr'><strong>φ’,</strong></span> <span class='ocrx_word' id='word_1_585' title='bbox 1339 4150 1448 4217; x_wconf 73' lang='grc' dir='ltr'>ἕως</span> <span class='ocrx_word' id='word_1_586' title='bbox 1508 4153 1598 4209; x_wconf 86' lang='grc' dir='ltr'>ὅτε</span> <span class='ocrx_word' id='word_1_587' title='bbox 1638 4153 1842 4227; x_wconf 88' lang='grc' dir='ltr'>κατήλ-</span> 
     </span>
    </p>
   </div>
   <div class='ocr_carea' id='block_1_78' title="bbox 176 4241 792 4320">
    <p class='ocr_par' dir='ltr' id='par_1_78' title="bbox 176 4241 792 4320">
     <span class='ocr_line' id='line_1_78' title="bbox 176 4241 792 4320; baseline 0 -21"><span class='ocrx_word' id='word_1_588' title='bbox 176 4246 358 4318; x_wconf 84' lang='grc' dir='ltr'>θομεν</span> <span class='ocrx_word' id='word_1_589' title='bbox 387 4244 465 4307; x_wconf 78' lang='grc' dir='ltr'><strong>εἷς</strong></span> <span class='ocrx_word' id='word_1_590' title='bbox 493 4241 792 4320; x_wconf 55' lang='grc' dir='ltr'>ΑἷΎυπτον.</span> 
     </span>
    </p>
   </div>
   <div class='ocr_carea' id='block_1_79' title="bbox 256 4331 1840 4409">
    <p class='ocr_par' dir='ltr' id='par_1_79' title="bbox 256 4331 1840 4409">
     <span class='ocr_line' id='line_1_79' title="bbox 256 4331 1840 4409; baseline -0.001 -19"><span class='ocrx_word' id='word_1_591' title='bbox 256 4339 321 4390; x_wconf 83' lang='grc' dir='ltr'><strong>Ρ.</strong></span> <span class='ocrx_word' id='word_1_592' title='bbox 353 4358 383 4387; x_wconf 93' lang='grc'><strong>‹‹</strong></span> <span class='ocrx_word' id='word_1_593' title='bbox 413 4334 563 4390; x_wconf 82' lang='grc' dir='ltr'>Μετά</span> <span class='ocrx_word' id='word_1_594' title='bbox 591 4331 649 4389; x_wconf 79' lang='grc' dir='ltr'>δὲ</span> <span class='ocrx_word' id='word_1_595' title='bbox 674 4336 843 4388; x_wconf 78' lang='grc' dir='ltr'>ταῦτα</span> <span class='ocrx_word' id='word_1_596' title='bbox 870 4331 971 4409; x_wconf 77' lang='grc' dir='ltr'><strong>Εἳρ</strong></span> <span class='ocrx_word' id='word_1_597' title='bbox 1001 4332 1030 4388; x_wconf 86' lang='lat'><strong>6</strong></span> <span class='ocrx_word' id='word_1_598' title='bbox 1070 4331 1186 4395; x_wconf 72' lang='grc' dir='ltr'>υἱός</span> <span class='ocrx_word' id='word_1_599' title='bbox 1219 4352 1323 4406; x_wconf 90' lang='grc' dir='ltr'><strong>μου</strong></span> <span class='ocrx_word' id='word_1_600' title='bbox 1353 4333 1540 4409; x_wconf 82' lang='grc' dir='ltr'>ἄγεται</span> <span class='ocrx_word' id='word_1_601' title='bbox 1592 4334 1689 4402; x_wconf 80' lang='grc' dir='ltr'>τὴν</span> <span class='ocrx_word' id='word_1_602' title='bbox 1737 4335 1840 4390; x_wconf 86' lang='grc' dir='ltr'><strong>Θά-</strong></span> 
     </span>
    </p>
   </div>
   <div class='ocr_carea' id='block_1_80' title="bbox 180 4419 1840 4499">
    <p class='ocr_par' dir='ltr' id='par_1_80' title="bbox 180 4419 1840 4499">
     <span class='ocr_line' id='line_1_80' title="bbox 180 4419 1840 4499; baseline -0.001 -21"><span class='ocrx_word' id='word_1_603' title='bbox 180 4441 304 4499; x_wconf 79' lang='grc' dir='ltr'><strong>μαρ</strong></span> <span class='ocrx_word' id='word_1_604' title='bbox 354 4420 415 4479; x_wconf 88' lang='grc' dir='ltr'><strong>ἐκ</strong></span> <span class='ocrx_word' id='word_1_605' title='bbox 459 4422 902 4496; x_wconf 82' lang='grc' dir='ltr'>Μεσοποταμίας,</span> <span class='ocrx_word' id='word_1_606' title='bbox 935 4419 1198 4497; x_wconf 76' lang='grc' dir='ltr'>θυγατέρα</span> <span class='ocrx_word' id='word_1_607' title='bbox 1246 4422 1443 4497; x_wconf 68' lang='grc' dir='ltr'><strong>Ἀράμ.⁸</strong></span> <span class='ocrx_word' id='word_1_608' title='bbox 1477 4424 1576 4477; x_wconf 89' lang='grc' dir='ltr'>Ἦν</span> <span class='ocrx_word' id='word_1_609' title='bbox 1638 4419 1695 4477; x_wconf 75' lang='grc' dir='ltr'>δὲ</span> <span class='ocrx_word' id='word_1_610' title='bbox 1742 4422 1840 4497; x_wconf 83' lang='grc' dir='ltr'><strong>Εἲρ</strong></span> 
     </span>
    </p>
   </div>
   <div class='ocr_carea' id='block_1_81' title="bbox 178 4508 1843 4588">
    <p class='ocr_par' dir='ltr' id='par_1_81' title="bbox 178 4508 1843 4588">
     <span class='ocr_line' id='line_1_81' title="bbox 178 4508 1843 4588; baseline 0 -21"><span class='ocrx_word' id='word_1_611' title='bbox 178 4510 453 4588; x_wconf 79' lang='grc' dir='ltr'>πονηρὸς,</span> <span class='ocrx_word' id='word_1_612' title='bbox 485 4512 578 4567; x_wconf 83' lang='grc' dir='ltr'><strong>καὶ</strong></span> <span class='ocrx_word' id='word_1_613' title='bbox 608 4510 804 4587; x_wconf 76' lang='grc' dir='ltr'>ἠπόρει</span> <span class='ocrx_word' id='word_1_614' title='bbox 836 4508 960 4585; x_wconf 80' lang='grc' dir='ltr'>περὶ</span> <span class='ocrx_word' id='word_1_615' title='bbox 997 4515 1100 4579; x_wconf 81' lang='grc' dir='ltr'>τῆς</span> <span class='ocrx_word' id='word_1_616' title='bbox 1149 4508 1360 4582; x_wconf 82' lang='grc' dir='ltr'>Θάμαρ,</span> <span class='ocrx_word' id='word_1_617' title='bbox 1392 4508 1475 4565; x_wconf 80' lang='grc' dir='ltr'><strong>ὅτι</strong></span> <span class='ocrx_word' id='word_1_618' title='bbox 1518 4509 1620 4565; x_wconf 81' lang='grc' dir='ltr'><strong>οὐκ</strong></span> <span class='ocrx_word' id='word_1_619' title='bbox 1664 4510 1731 4581; x_wconf 78' lang='grc' dir='ltr'>ἦν</span> <span class='ocrx_word' id='word_1_620' title='bbox 1783 4510 1843 4567; x_wconf 89' lang='grc' dir='ltr'><strong>ἐκ</strong></span> 
     </span>
    </p>
   </div>
   <div class='ocr_carea' id='block_1_82' title="bbox 1944 3355 3592 3433">
    <p class='ocr_par' dir='ltr' id='par_1_82' title="bbox 1944 3355 3592 3433">
     <span class='ocr_line' id='line_1_82' title="bbox 1944 3355 3592 3433; baseline -0.004 -16"><span class='ocrx_word' id='word_1_621' title='bbox 1944 3377 2122 3433; x_wconf 89' lang='lat' dir='ltr'><strong>super</strong></span> <span class='ocrx_word' id='word_1_622' title='bbox 2151 3365 2327 3433; x_wconf 88' lang='lat' dir='ltr'><strong>caput</strong></span> <span class='ocrx_word' id='word_1_623' title='bbox 2364 3375 2600 3427; x_wconf 89' lang='lat' dir='ltr'><strong>meum;</strong></span> <span class='ocrx_word' id='word_1_624' title='bbox 2634 3363 2692 3414; x_wconf 90' lang='lat' dir='ltr'><strong>et</strong></span> <span class='ocrx_word' id='word_1_625' title='bbox 2721 3356 2977 3425; x_wconf 88' lang='lat' dir='ltr'><strong>ascendi,</strong></span> <span class='ocrx_word' id='word_1_626' title='bbox 3027 3356 3320 3429; x_wconf 90' lang='lat' dir='ltr'><strong>accipiens</strong></span> <span class='ocrx_word' id='word_1_627' title='bbox 3366 3355 3592 3428; x_wconf 87' lang='lat' dir='ltr'><strong>lapides</strong></span> 
     </span>
    </p>
   </div>
   <div class='ocr_carea' id='block_1_83' title="bbox 1942 3445 3593 3521">
    <p class='ocr_par' dir='ltr' id='par_1_83' title="bbox 1942 3445 3593 3521">
     <span class='ocr_line' id='line_1_83' title="bbox 1942 3445 3593 3521; baseline -0.005 -15"><span class='ocrx_word' id='word_1_628' title='bbox 1942 3466 2132 3521; x_wconf 87' lang='lat' dir='ltr'><strong>usque</strong></span> <span class='ocrx_word' id='word_1_629' title='bbox 2161 3449 2232 3505; x_wconf 90' lang='lat' dir='ltr'><strong>ad</strong></span> <span class='ocrx_word' id='word_1_630' title='bbox 2265 3448 2495 3521; x_wconf 89' lang='lat' dir='ltr'><strong>pondus</strong></span> <span class='ocrx_word' id='word_1_631' title='bbox 2528 3445 2881 3503; x_wconf 86' lang='lat' dir='ltr'><strong>talentorum</strong></span> <span class='ocrx_word' id='word_1_632' title='bbox 2914 3445 3093 3501; x_wconf 88' lang='lat' dir='ltr'><strong>trium</strong></span> <span class='ocrx_word' id='word_1_633' title='bbox 3118 3449 3196 3515; x_wconf 89' lang='lat' dir='ltr'><strong>;et</strong></span> <span class='ocrx_word' id='word_1_634' title='bbox 3225 3462 3355 3500; x_wconf 90' lang='lat' dir='ltr'><strong>cum</strong></span> <span class='ocrx_word' id='word_1_635' title='bbox 3390 3460 3593 3499; x_wconf 90' lang='lat' dir='ltr'><strong>ascen-</strong></span> 
     </span>
    </p>
   </div>
   <div class='ocr_carea' id='block_1_84' title="bbox 1944 3531 3594 3609">
    <p class='ocr_par' dir='ltr' id='par_1_84' title="bbox 1944 3531 3594 3609">
     <span class='ocr_line' id='line_1_84' title="bbox 1944 3531 3594 3609; baseline -0.004 -15"><span class='ocrx_word' id='word_1_636' title='bbox 1944 3538 2189 3602; x_wconf 88' lang='lat' dir='ltr'><strong>dissem,</strong></span> <span class='ocrx_word' id='word_1_637' title='bbox 2237 3537 2421 3594; x_wconf 90' lang='lat' dir='ltr'><strong>occidi</strong></span> <span class='ocrx_word' id='word_1_638' title='bbox 2456 3540 2707 3609; x_wconf 84' lang='lat' dir='ltr'><strong>quatuor</strong></span> <span class='ocrx_word' id='word_1_639' title='bbox 2753 3538 3022 3608; x_wconf 87' lang='lat' dir='ltr'><strong>potentes</strong></span> <span class='ocrx_word' id='word_1_640' title='bbox 3065 3551 3135 3590; x_wconf 84' lang='lat' dir='ltr'><strong>ex</strong></span> <span class='ocrx_word' id='word_1_641' title='bbox 3181 3533 3347 3605; x_wconf 88' lang='lat' dir='ltr'><strong>ipsis:</strong></span> <span class='ocrx_word' id='word_1_642' title='bbox 3381 3533 3451 3587; x_wconf 89' lang='lat' dir='ltr'><strong>Et</strong></span> <span class='ocrx_word' id='word_1_643' title='bbox 3499 3531 3594 3588; x_wconf 90' lang='lat' dir='ltr'><strong>die</strong></span> 
     </span>
    </p>
   </div>
   <div class='ocr_carea' id='block_1_85' title="bbox 1945 3621 3592 3699">
    <p class='ocr_par' dir='ltr' id='par_1_85' title="bbox 1945 3621 3592 3699">
     <span class='ocr_line' id='line_1_85' title="bbox 1945 3621 3592 3699; baseline -0.004 -15"><span class='ocrx_word' id='word_1_644' title='bbox 1945 3626 2212 3699; x_wconf 82' lang='lat' dir='ltr'><strong>sequenti</strong></span> <span class='ocrx_word' id='word_1_645' title='bbox 2244 3626 2531 3682; x_wconf 88' lang='lat' dir='ltr'><strong>intrantes</strong></span> <span class='ocrx_word' id='word_1_646' title='bbox 2587 3624 2790 3681; x_wconf 81' lang='lat' dir='ltr'><strong>Ruben</strong></span> <span class='ocrx_word' id='word_1_647' title='bbox 2822 3628 2881 3679; x_wconf 90' lang='lat' dir='ltr'><strong>et</strong></span> <span class='ocrx_word' id='word_1_648' title='bbox 2908 3623 3029 3680; x_wconf 89' lang='lat' dir='ltr'><strong>Gad</strong></span> <span class='ocrx_word' id='word_1_649' title='bbox 3077 3623 3417 3679; x_wconf 89' lang='lat' dir='ltr'><strong>occiderunt</strong></span> <span class='ocrx_word' id='word_1_650' title='bbox 3446 3621 3592 3677; x_wconf 90' lang='lat' dir='ltr'><strong>alios</strong></span> 
     </span>
    </p>
   </div>
   <div class='ocr_carea' id='block_1_86' title="bbox 1945 3710 3597 3787">
    <p class='ocr_par' dir='ltr' id='par_1_86' title="bbox 1945 3710 3597 3787">
     <span class='ocr_line' id='line_1_86' title="bbox 1945 3710 3597 3787; baseline -0.005 -15"><span class='ocrx_word' id='word_1_651' title='bbox 1945 3732 2064 3772; x_wconf 87' lang='lat' dir='ltr'><strong>sex.</strong></span> <span class='ocrx_word' id='word_1_652' title='bbox 2098 3716 2263 3771; x_wconf 91' lang='lat' dir='ltr'><strong>Tunc</strong></span> <span class='ocrx_word' id='word_1_653' title='bbox 2296 3715 2630 3787; x_wconf 90' lang='lat' dir='ltr'><strong>petiverunt</strong></span> <span class='ocrx_word' id='word_1_654' title='bbox 2658 3731 2692 3769; x_wconf 91' lang='lat' dir='ltr'><strong>a</strong></span> <span class='ocrx_word' id='word_1_655' title='bbox 2724 3711 2895 3769; x_wconf 93' lang='lat' dir='ltr'><strong>nobis</strong></span> <span class='ocrx_word' id='word_1_656' title='bbox 2924 3711 3285 3767; x_wconf 89' lang='lat' dir='ltr'><strong>conditiones</strong></span> <span class='ocrx_word' id='word_1_657' title='bbox 3317 3710 3477 3783; x_wconf 89' lang='lat' dir='ltr'><strong>pacis</strong></span> <span class='ocrx_word' id='word_1_658' title='bbox 3501 3726 3515 3777; x_wconf 90' lang='lat'><strong>;</strong></span> <span class='ocrx_word' id='word_1_659' title='bbox 3538 3712 3597 3765; x_wconf 89' lang='lat' dir='ltr'><strong>et</strong></span> 
     </span>
    </p>
   </div>
   <div class='ocr_carea' id='block_1_87' title="bbox 1946 3798 3594 3875">
    <p class='ocr_par' dir='ltr' id='par_1_87' title="bbox 1946 3798 3594 3875">
     <span class='ocr_line' id='line_1_87' title="bbox 1946 3798 3594 3875; baseline -0.006 -14"><span class='ocrx_word' id='word_1_660' title='bbox 1946 3804 2104 3861; x_wconf 86' lang='lat' dir='ltr'><strong>ducti</strong></span> <span class='ocrx_word' id='word_1_661' title='bbox 2138 3802 2381 3860; x_wconf 90' lang='lat' dir='ltr'><strong>consilio</strong></span> <span class='ocrx_word' id='word_1_662' title='bbox 2415 3801 2598 3875; x_wconf 90' lang='lat' dir='ltr'><strong>patris</strong></span> <span class='ocrx_word' id='word_1_663' title='bbox 2630 3801 2808 3857; x_wconf 87' lang='lat' dir='ltr'><strong>nostri</strong></span> <span class='ocrx_word' id='word_1_664' title='bbox 2843 3801 3172 3873; x_wconf 87' lang='lat' dir='ltr'><strong>recepimus</strong></span> <span class='ocrx_word' id='word_1_665' title='bbox 3218 3816 3317 3855; x_wconf 88' lang='lat' dir='ltr'><strong>eos</strong></span> <span class='ocrx_word' id='word_1_666' title='bbox 3347 3798 3594 3853; x_wconf 90' lang='lat' dir='ltr'><strong>tributa-</strong></span> 
     </span>
    </p>
   </div>
   <div class='ocr_carea' id='block_1_88' title="bbox 1948 3888 3592 3956">
    <p class='ocr_par' dir='ltr' id='par_1_88' title="bbox 1948 3888 3592 3956">
     <span class='ocr_line' id='line_1_88' title="bbox 1948 3888 3592 3956; baseline -0.005 -7"><span class='ocrx_word' id='word_1_667' title='bbox 1948 3893 2087 3950; x_wconf 89' lang='lat' dir='ltr'><strong>rios.</strong></span> <span class='ocrx_word' id='word_1_668' title='bbox 2121 3896 2188 3948; x_wconf 84' lang='lat' dir='ltr'><strong>Et</strong></span> <span class='ocrx_word' id='word_1_669' title='bbox 2235 3891 2521 3947; x_wconf 88' lang='lat' dir='ltr'><strong>dederunt</strong></span> <span class='ocrx_word' id='word_1_670' title='bbox 2552 3890 2721 3946; x_wconf 89' lang='lat' dir='ltr'><strong>nobis</strong></span> <span class='ocrx_word' id='word_1_671' title='bbox 2774 3888 3051 3945; x_wconf 87' lang='lat' dir='ltr'><strong>frumenti</strong></span> <span class='ocrx_word' id='word_1_672' title='bbox 3081 3904 3247 3944; x_wconf 90' lang='lat' dir='ltr'><strong>coros</strong></span> <span class='ocrx_word' id='word_1_673' title='bbox 3290 3888 3592 3956; x_wconf 88' lang='lat' dir='ltr'><strong>ducentos,</strong></span> 
     </span>
    </p>
   </div>
   <div class='ocr_carea' id='block_1_89' title="bbox 1948 3973 3598 4052">
    <p class='ocr_par' dir='ltr' id='par_1_89' title="bbox 1948 3973 3598 4052">
     <span class='ocr_line' id='line_1_89' title="bbox 1948 3973 3598 4052; baseline -0.005 -14"><span class='ocrx_word' id='word_1_674' title='bbox 1948 3986 2006 4039; x_wconf 89' lang='lat' dir='ltr'><strong>et</strong></span> <span class='ocrx_word' id='word_1_675' title='bbox 2050 3980 2162 4038; x_wconf 88' lang='lat' dir='ltr'><strong>olei</strong></span> <span class='ocrx_word' id='word_1_676' title='bbox 2212 3981 2321 4036; x_wconf 85' lang='lat' dir='ltr'><strong>Bes</strong></span> <span class='ocrx_word' id='word_1_677' title='bbox 2371 3980 2746 4052; x_wconf 86' lang='lat' dir='ltr'><strong>quingentos,</strong></span> <span class='ocrx_word' id='word_1_678' title='bbox 2794 3977 2913 4033; x_wconf 90' lang='lat' dir='ltr'><strong>vini</strong></span> <span class='ocrx_word' id='word_1_679' title='bbox 2962 3994 3270 4034; x_wconf 88' lang='lat' dir='ltr'><strong>mensuras</strong></span> <span class='ocrx_word' id='word_1_680' title='bbox 3333 3973 3492 4030; x_wconf 89' lang='lat' dir='ltr'><strong>mille</strong></span> <span class='ocrx_word' id='word_1_681' title='bbox 3540 3977 3598 4030; x_wconf 90' lang='lat' dir='ltr'><strong>et</strong></span> 
     </span>
    </p>
   </div>
   <div class='ocr_carea' id='block_1_90' title="bbox 1951 4066 3434 4145">
    <p class='ocr_par' dir='ltr' id='par_1_90' title="bbox 1951 4066 3434 4145">
     <span class='ocr_line' id='line_1_90' title="bbox 1951 4066 3434 4145; baseline -0.006 -17"><span class='ocrx_word' id='word_1_682' title='bbox 1951 4071 2323 4145; x_wconf 85' lang='lat' dir='ltr'><strong>quingentas,</strong></span> <span class='ocrx_word' id='word_1_683' title='bbox 2356 4070 2539 4125; x_wconf 90' lang='lat' dir='ltr'><strong>donec</strong></span> <span class='ocrx_word' id='word_1_684' title='bbox 2571 4068 2984 4126; x_wconf 88' lang='lat' dir='ltr'><strong>descendimus</strong></span> <span class='ocrx_word' id='word_1_685' title='bbox 3009 4066 3070 4122; x_wconf 86' lang='lat' dir='ltr'><strong>in</strong></span> <span class='ocrx_word' id='word_1_686' title='bbox 3100 4068 3434 4138; x_wconf 67' lang='lat' dir='ltr'><strong>IEgyptum.</strong></span> 
     </span>
    </p>
   </div>
   <div class='ocr_carea' id='block_1_91' title="bbox 2019 4331 3597 4393">
    <p class='ocr_par' dir='ltr' id='par_1_91' title="bbox 2019 4331 3597 4393">
     <span class='ocr_line' id='line_1_91' title="bbox 2019 4331 3597 4393; baseline -0.005 0"><span class='ocrx_word' id='word_1_687' title='bbox 2019 4336 2123 4393; x_wconf 88' lang='lat' dir='ltr'><strong>X.«</strong></span> <span class='ocrx_word' id='word_1_688' title='bbox 2156 4336 2292 4392; x_wconf 89' lang='lat' dir='ltr'><strong>Post</strong></span> <span class='ocrx_word' id='word_1_689' title='bbox 2322 4335 2432 4391; x_wconf 92' lang='lat' dir='ltr'><strong>hoc</strong></span> <span class='ocrx_word' id='word_1_690' title='bbox 2463 4332 2575 4391; x_wconf 85' lang='lat' dir='ltr'><strong>Her</strong></span> <span class='ocrx_word' id='word_1_691' title='bbox 2607 4334 2763 4391; x_wconf 82' lang='lat' dir='ltr'><strong>filius</strong></span> <span class='ocrx_word' id='word_1_692' title='bbox 2795 4351 2961 4391; x_wconf 89' lang='lat' dir='ltr'><strong>meus</strong></span> <span class='ocrx_word' id='word_1_693' title='bbox 2991 4333 3153 4390; x_wconf 82' lang='lat' dir='ltr'><strong>duxit</strong></span> <span class='ocrx_word' id='word_1_694' title='bbox 3184 4348 3423 4388; x_wconf 85' lang='lat' dir='ltr'><strong>uxorem</strong></span> <span class='ocrx_word' id='word_1_695' title='bbox 3443 4331 3597 4386; x_wconf 88' lang='lat' dir='ltr'><strong>Tha-</strong></span> 
     </span>
    </p>
   </div>
   <div class='ocr_carea' id='block_1_92' title="bbox 1953 4422 3597 4497">
    <p class='ocr_par' dir='ltr' id='par_1_92' title="bbox 1953 4422 3597 4497">
     <span class='ocr_line' id='line_1_92' title="bbox 1953 4422 3597 4497; baseline -0.004 -16"><span class='ocrx_word' id='word_1_696' title='bbox 1953 4443 2082 4482; x_wconf 86' lang='lat' dir='ltr'><strong>mar</strong></span> <span class='ocrx_word' id='word_1_697' title='bbox 2129 4440 2198 4481; x_wconf 85' lang='lat' dir='ltr'><strong>ex</strong></span> <span class='ocrx_word' id='word_1_698' title='bbox 2244 4424 2683 4497; x_wconf 79' lang='lat' dir='ltr'><strong>Mesopotamia,</strong></span> <span class='ocrx_word' id='word_1_699' title='bbox 2734 4423 2917 4479; x_wconf 85' lang='lat' dir='ltr'><strong>filiam</strong></span> <span class='ocrx_word' id='word_1_700' title='bbox 2969 4429 3165 4477; x_wconf 79' lang='lat' dir='ltr'><strong>Aram.</strong></span> <span class='ocrx_word' id='word_1_701' title='bbox 3216 4422 3354 4477; x_wconf 89' lang='lat' dir='ltr'><strong>Erat</strong></span> <span class='ocrx_word' id='word_1_702' title='bbox 3400 4424 3597 4475; x_wconf 89' lang='lat' dir='ltr'><strong>autem</strong></span> 
     </span>
    </p>
   </div>
   <div class='ocr_carea' id='block_1_93' title="bbox 1951 4508 3592 4587">
    <p class='ocr_par' dir='ltr' id='par_1_93' title="bbox 1951 4508 3592 4587">
     <span class='ocr_line' id='line_1_93' title="bbox 1951 4508 3592 4587; baseline -0.004 -17"><span class='ocrx_word' id='word_1_703' title='bbox 1951 4514 2065 4571; x_wconf 86' lang='lat' dir='ltr'><strong>Her</strong></span> <span class='ocrx_word' id='word_1_704' title='bbox 2094 4512 2479 4587; x_wconf 88' lang='lat' dir='ltr'><strong>perniciosus,</strong></span> <span class='ocrx_word' id='word_1_705' title='bbox 2511 4516 2567 4568; x_wconf 90' lang='lat' dir='ltr'><strong>et</strong></span> <span class='ocrx_word' id='word_1_706' title='bbox 2596 4511 2884 4568; x_wconf 91' lang='lat' dir='ltr'><strong>dubitavit</strong></span> <span class='ocrx_word' id='word_1_707' title='bbox 2913 4511 2984 4567; x_wconf 89' lang='lat' dir='ltr'><strong>de</strong></span> <span class='ocrx_word' id='word_1_708' title='bbox 3014 4511 3290 4578; x_wconf 87' lang='lat' dir='ltr'><strong>Thamar,</strong></span> <span class='ocrx_word' id='word_1_709' title='bbox 3313 4508 3592 4579; x_wconf 87' lang='lat' dir='ltr'><strong>quoniam</strong></span> 
     </span>
    </p>
   </div>
   <div class='ocr_carea' id='block_1_94' title="bbox 178 4595 1829 4681">
    <p class='ocr_par' dir='ltr' id='par_1_94' title="bbox 178 4596 1829 4677">
     <span class='ocr_line' id='line_1_94' title="bbox 178 4596 1829 4677; baseline 0.001 -24"><span class='ocrx_word' id='word_1_710' title='bbox 178 4606 299 4677; x_wconf 82' lang='grc' dir='ltr'>γῆς</span> <span class='ocrx_word' id='word_1_711' title='bbox 344 4599 571 4657; x_wconf 78' lang='grc' dir='ltr'>Χαναάν.</span> <span class='ocrx_word' id='word_1_712' title='bbox 616 4601 713 4656; x_wconf 85' lang='grc' dir='ltr'><strong>Καὶ</strong></span> <span class='ocrx_word' id='word_1_713' title='bbox 760 4596 993 4676; x_wconf 75' lang='grc' dir='ltr'>ἅγγελος</span> <span class='ocrx_word' id='word_1_714' title='bbox 1039 4598 1238 4672; x_wconf 82' lang='grc' dir='ltr'>Κυρίου</span> <span class='ocrx_word' id='word_1_715' title='bbox 1286 4596 1496 4654; x_wconf 82' lang='grc' dir='ltr'>ἀνεῖλεν</span> <span class='ocrx_word' id='word_1_716' title='bbox 1555 4598 1713 4654; x_wconf 82' lang='grc' dir='ltr'>αὐτὸν</span> <span class='ocrx_word' id='word_1_717' title='bbox 1769 4603 1829 4673; x_wconf 62' lang='grc' dir='ltr'>τῇ</span> 
     </span>
    </p>
   </div>
   <div class='ocr_carea' id='block_1_95' title="bbox 1950 4595 3594 4681">
    <p class='ocr_par' dir='ltr' id='par_1_95' title="bbox 1950 4595 3594 4671">
     <span class='ocr_line' id='line_1_95' title="bbox 1950 4595 3594 4671; baseline -0.006 -11"><span class='ocrx_word' id='word_1_718' title='bbox 1950 4616 2065 4660; x_wconf 83' lang='lat' dir='ltr'><strong>non</strong></span> <span class='ocrx_word' id='word_1_719' title='bbox 2098 4606 2224 4659; x_wconf 89' lang='lat' dir='ltr'><strong>erat</strong></span> <span class='ocrx_word' id='word_1_720' title='bbox 2253 4619 2321 4658; x_wconf 84' lang='lat' dir='ltr'><strong>ex</strong></span> <span class='ocrx_word' id='word_1_721' title='bbox 2350 4607 2505 4658; x_wconf 88' lang='lat' dir='ltr'><strong>terra</strong></span> <span class='ocrx_word' id='word_1_722' title='bbox 2528 4601 2823 4657; x_wconf 89' lang='lat' dir='ltr'><strong>Chanaan.</strong></span> <span class='ocrx_word' id='word_1_723' title='bbox 2859 4599 2924 4655; x_wconf 86' lang='lat' dir='ltr'><strong>Et</strong></span> <span class='ocrx_word' id='word_1_724' title='bbox 2952 4597 3196 4671; x_wconf 86' lang='lat' dir='ltr'><strong>angelus</strong></span> <span class='ocrx_word' id='word_1_725' title='bbox 3227 4595 3454 4652; x_wconf 88' lang='lat' dir='ltr'><strong>Domini</strong></span> <span class='ocrx_word' id='word_1_726' title='bbox 3498 4612 3594 4650; x_wconf 89' lang='lat' dir='ltr'><strong>oc-</strong></span> 
     </span>
    </p>
   </div>
   <div class='ocr_carea' id='block_1_96' title="bbox 176 4683 1840 4767">
    <p class='ocr_par' dir='ltr' id='par_1_96' title="bbox 176 4683 1840 4767">
     <span class='ocr_line' id='line_1_96' title="bbox 176 4683 1840 4767; baseline -0.001 -22"><span class='ocrx_word' id='word_1_727' title='bbox 176 4687 349 4767; x_wconf 73' lang='grc' dir='ltr'>τρίτῃ</span> <span class='ocrx_word' id='word_1_728' title='bbox 394 4688 576 4766; x_wconf 80' lang='grc' dir='ltr'>ἡμέρᾳ</span> <span class='ocrx_word' id='word_1_729' title='bbox 619 4692 689 4764; x_wconf 80' lang='grc' dir='ltr'>τῇ</span> <span class='ocrx_word' id='word_1_730' title='bbox 736 4689 912 4758; x_wconf 75' lang='grc' dir='ltr'>νυκτὶ,</span> <span class='ocrx_word' id='word_1_731' title='bbox 961 4688 1051 4743; x_wconf 84' lang='grc' dir='ltr'><strong>καὶ</strong></span> <span class='ocrx_word' id='word_1_732' title='bbox 1100 4686 1259 4749; x_wconf 81' lang='grc' dir='ltr'>αὐτὸς</span> <span class='ocrx_word' id='word_1_733' title='bbox 1301 4686 1401 4742; x_wconf 77' lang='grc' dir='ltr'><strong>οὐκ</strong></span> <span class='ocrx_word' id='word_1_734' title='bbox 1463 4683 1600 4763; x_wconf 80' lang='grc' dir='ltr'>ἔγνω</span> <span class='ocrx_word' id='word_1_735' title='bbox 1650 4687 1840 4760; x_wconf 74' lang='grc' dir='ltr'>αὐτὴν,</span> 
     </span>
    </p>
   </div>
   <div class='ocr_carea' id='block_1_97' title="bbox 174 4774 1840 4856">
    <p class='ocr_par' dir='ltr' id='par_1_97' title="bbox 174 4774 1840 4856">
     <span class='ocr_line' id='line_1_97' title="bbox 174 4774 1840 4856; baseline -0.002 -21"><span class='ocrx_word' id='word_1_736' title='bbox 174 4777 333 4835; x_wconf 78' lang='grc' dir='ltr'><strong>κατά</strong></span> <span class='ocrx_word' id='word_1_737' title='bbox 367 4777 694 4856; x_wconf 88' lang='grc' dir='ltr'>πανουργίαν</span> <span class='ocrx_word' id='word_1_738' title='bbox 737 4784 836 4849; x_wconf 79' lang='grc' dir='ltr'>τῆς</span> <span class='ocrx_word' id='word_1_739' title='bbox 888 4777 1094 4853; x_wconf 87' lang='grc' dir='ltr'>μητρὸς</span> <span class='ocrx_word' id='word_1_740' title='bbox 1144 4774 1330 4831; x_wconf 69' lang='grc' dir='ltr'><strong>αὐτοῦ⁹</strong></span> <span class='ocrx_word' id='word_1_741' title='bbox 1380 4775 1442 4831; x_wconf 78' lang='grc' dir='ltr'><strong>οὐ</strong></span> <span class='ocrx_word' id='word_1_742' title='bbox 1490 4777 1593 4853; x_wconf 80' lang='grc' dir='ltr'>γὰρ</span> <span class='ocrx_word' id='word_1_743' title='bbox 1648 4775 1840 4848; x_wconf 76' lang='grc' dir='ltr'>ἤθελεν</span> 
     </span>
    </p>
   </div>
   <div class='ocr_carea' id='block_1_98' title="bbox 182 4863 1843 4944">
    <p class='ocr_par' dir='ltr' id='par_1_98' title="bbox 182 4863 1843 4944">
     <span class='ocr_line' id='line_1_98' title="bbox 182 4863 1843 4944; baseline -0.009 -19"><span class='ocrx_word' id='word_1_744' title='bbox 182 4867 347 4944; x_wconf 78' lang='grc' dir='ltr'>ἔχειν</span> <span class='ocrx_word' id='word_1_745' title='bbox 391 4869 552 4925; x_wconf 89' lang='grc' dir='ltr'>τέκνα</span> <span class='ocrx_word' id='word_1_746' title='bbox 600 4868 692 4924; x_wconf 82' lang='grc' dir='ltr'>ἀπ’</span> <span class='ocrx_word' id='word_1_747' title='bbox 720 4867 909 4937; x_wconf 73' lang='grc' dir='ltr'>αὐτ-ἧς’</span> <span class='ocrx_word' id='word_1_748' title='bbox 936 4865 1088 4943; x_wconf 85' lang='grc' dir='ltr'>καίγε</span> <span class='ocrx_word' id='word_1_749' title='bbox 1136 4864 1293 4928; x_wconf 78' lang='grc' dir='ltr'>οὗτος</span> <span class='ocrx_word' id='word_1_750' title='bbox 1342 4863 1591 4921; x_wconf 84' lang='grc' dir='ltr'>ἀπέθανεν</span> <span class='ocrx_word' id='word_1_751' title='bbox 1643 4866 1696 4922; x_wconf 89' lang='grc' dir='ltr'><strong>ἐν</strong></span> <span class='ocrx_word' id='word_1_752' title='bbox 1743 4886 1843 4922; x_wconf 90' lang='grc' dir='ltr'>πο-</span> 
     </span>
    </p>
   </div>
   <div class='ocr_carea' id='block_1_99' title="bbox 176 4950 1848 5035">
    <p class='ocr_par' dir='ltr' id='par_1_99' title="bbox 176 4950 1848 5035">
     <span class='ocr_line' id='line_1_99' title="bbox 176 4950 1848 5035; baseline 0 -24"><span class='ocrx_word' id='word_1_753' title='bbox 176 4956 380 5035; x_wconf 78' lang='grc' dir='ltr'>νηρίᾳ.</span> <span class='ocrx_word' id='word_1_754' title='bbox 414 4957 500 5013; x_wconf 86' lang='grc' dir='ltr'><strong>Ἐν</strong></span> <span class='ocrx_word' id='word_1_755' title='bbox 549 4962 671 5021; x_wconf 89' lang='grc' dir='ltr'>ταῖς</span> <span class='ocrx_word' id='word_1_756' title='bbox 717 4957 952 5034; x_wconf 89' lang='grc' dir='ltr'>ἡμέραις</span> <span class='ocrx_word' id='word_1_757' title='bbox 989 4958 1088 5011; x_wconf 81' lang='grc' dir='ltr'><strong>τοῦ</strong></span> <span class='ocrx_word' id='word_1_758' title='bbox 1136 4951 1387 5029; x_wconf 86' lang='grc' dir='ltr'>θαλάμου</span> <span class='ocrx_word' id='word_1_759' title='bbox 1434 4950 1848 5032; x_wconf 77' lang='grc' dir='ltr'>ἐπεγάμϐρευσα</span> 
     </span>
    </p>
   </div>
   <div class='ocr_carea' id='block_1_100' title="bbox 289 5062 979 5123">
    <p class='ocr_par' dir='ltr' id='par_1_100' title="bbox 289 5062 979 5123">
     <span class='ocr_line' id='line_1_100' title="bbox 289 5062 979 5123; baseline -0.001 -4"><span class='ocrx_word' id='word_1_760' title='bbox 289 5066 387 5123; x_wconf 74' lang='grc'><strong>74)</strong></span> <span class='ocrx_word' id='word_1_761' title='bbox 414 5064 630 5123; x_wconf 77' lang='grc' dir='ltr'>Αὐτῶν.</span> <span class='ocrx_word' id='word_1_762' title='bbox 662 5064 859 5123; x_wconf 75' lang='grc' dir='ltr'>Αὐτοῦ.</span> <span class='ocrx_word' id='word_1_763' title='bbox 895 5062 979 5121; x_wconf 84' lang='lat' dir='ltr'><strong>ID.</strong></span> 
     </span>
    </p>
   </div>
   <div class='ocr_carea' id='block_1_101' title="bbox 292 5129 1062 5213">
    <p class='ocr_par' dir='ltr' id='par_1_101' title="bbox 292 5129 1062 5213">
     <span class='ocr_line' id='line_1_101' title="bbox 292 5129 1062 5213; baseline 0 -22"><span class='ocrx_word' id='word_1_764' title='bbox 402 5135 641 5213; x_wconf 75' lang='grc' dir='ltr'>Βάρσαν.</span> <span class='ocrx_word' id='word_1_765' title='bbox 677 5129 957 5213; x_wconf 40' lang='grc' dir='ltr'>Βαρσαϐάᾷ</span> <span class='ocrx_word' id='word_1_766' title='bbox 978 5138 1062 5191; x_wconf 87' lang='lat' dir='ltr'><strong>ID.</strong></span> 
     </span>
    </p>
   </div>
   <div class='ocr_carea' id='block_1_102' title="bbox 293 5206 1137 5284">
    <p class='ocr_par' dir='ltr' id='par_1_102' title="bbox 293 5206 1137 5284">
     <span class='ocr_line' id='line_1_102' title="bbox 293 5206 1137 5284; baseline -0.005 -20"><span class='ocrx_word' id='word_1_767' title='bbox 293 5206 416 5284; x_wconf 55' lang='lat'><strong>15&quot;)</strong></span> <span class='ocrx_word' id='word_1_768' title='bbox 446 5206 727 5284; x_wconf 73' lang='lat' dir='ltr'><strong>septuag.</strong></span> <span class='ocrx_word' id='word_1_769' title='bbox 755 5206 887 5284; x_wconf 82' lang='grc' dir='ltr'><strong>Ἤρ.</strong></span> <span class='ocrx_word' id='word_1_770' title='bbox 918 5206 1137 5284; x_wconf 77' lang='lat' dir='ltr'><strong>DRACH.</strong></span> 
     </span>
    </p>
   </div>
   <div class='ocr_carea' id='block_1_103' title="bbox 303 5276 1851 5363">
    <p class='ocr_par' dir='ltr' id='par_1_103' title="bbox 303 5276 1851 5363">
     <span class='ocr_line' id='line_1_103' title="bbox 303 5276 1851 5363; baseline -0.003 -25"><span class='ocrx_word' id='word_1_771' title='bbox 303 5276 409 5355; x_wconf 77' lang='grc'>76)</span> <span class='ocrx_word' id='word_1_772' title='bbox 447 5276 1007 5363; x_wconf 43' lang='grc' dir='ltr'>Αὐῖιᾶνςρρδερεε,</span> <span class='ocrx_word' id='word_1_773' title='bbox 1057 5283 1207 5363; x_wconf 54' lang='grc' dir='ltr'><strong>ὶοωζ</strong></span> <span class='ocrx_word' id='word_1_774' title='bbox 1254 5292 1378 5363; x_wconf 54' lang='lat' dir='ltr'><strong>vni.</strong></span> <span class='ocrx_word' id='word_1_775' title='bbox 1432 5276 1714 5363; x_wconf 49' lang='grc' dir='ltr'>ϐρτητζιετὶι</span> <span class='ocrx_word' id='word_1_776' title='bbox 1743 5348 1759 5363; x_wconf 49' lang='grc'><em>¹</em></span> <span class='ocrx_word' id='word_1_777' title='bbox 1789 5279 1851 5334; x_wconf 78' lang='lat' dir='ltr'><strong>in</strong></span> 
     </span>
    </p>
   </div>
   <div class='ocr_carea' id='block_1_104' title="bbox 170 5345 1850 5426">
    <p class='ocr_par' dir='ltr' id='par_1_104' title="bbox 170 5345 1850 5426">
     <span class='ocr_line' id='line_1_104' title="bbox 170 5345 1850 5426; baseline -0.013 -13"><span class='ocrx_word' id='word_1_778' title='bbox 170 5345 491 5426; x_wconf 62' lang='grc' dir='ltr'><strong>Ιοὰηπὶῖη,</strong></span> <span class='ocrx_word' id='word_1_779' title='bbox 522 5371 581 5426; x_wconf 87' lang='lat' dir='ltr'><strong>p.</strong></span> <span class='ocrx_word' id='word_1_780' title='bbox 749 5345 1046 5426; x_wconf 54' lang='lat' dir='ltr'><strong>T;_’Io&#39;534</strong></span> <span class='ocrx_word' id='word_1_781' title='bbox 1082 5346 1231 5426; x_wconf 61' lang='grc' dir='ltr'><strong>παρ’⁸</strong></span> <span class='ocrx_word' id='word_1_782' title='bbox 1252 5347 1538 5426; x_wconf 31' lang='grc' dir='ltr'>ἡμῖνμμὲν</span> <span class='ocrx_word' id='word_1_783' title='bbox 1572 5348 1613 5426; x_wconf 43' lang='grc' dir='ltr'>,ὁ</span> <span class='ocrx_word' id='word_1_784' title='bbox 1671 5345 1850 5426; x_wconf 72' lang='grc' dir='ltr'>δεύτε..</span> 
     </span>
    </p>
   </div>
   <div class='ocr_carea' id='block_1_105' title="bbox 238 5368 1855 5503">
    <p class='ocr_par' dir='ltr' id='par_1_105' title="bbox 238 5368 1855 5503">
     <span class='ocr_line' id='line_1_105' title="bbox 238 5368 1850 5473; baseline -0.002 -65"><span class='ocrx_word' id='word_1_785' title='bbox 238 5368 491 5422; x_wconf 70' lang='lat' dir='ltr'><strong>cannam,</strong></span> <span class='ocrx_word' id='word_1_786' title='bbox 522 5371 581 5426; x_wconf 87' lang='lat' dir='ltr'><strong>p.</strong></span> <span class='ocrx_word' id='word_1_787' title='bbox 620 5368 725 5410; x_wconf 73' lang='lat'><strong>1:52.</strong></span> <span class='ocrx_word' id='word_1_788' title='bbox 750 5368 838 5425; x_wconf 73' lang='grc' dir='ltr'>ἰφ</span> <span class='ocrx_word' id='word_1_789' title='bbox 869 5368 1046 5421; x_wconf 62' lang='grc' dir='ltr'>⁷ιουοᾳ</span> <span class='ocrx_word' id='word_1_790' title='bbox 1082 5368 1188 5418; x_wconf 84' lang='grc' dir='ltr'><strong>παρ</strong></span> <span class='ocrx_word' id='word_1_791' title='bbox 1252 5368 1409 5473; x_wconf 56' lang='grc' dir='ltr'>ηὲιν,</span> <span class='ocrx_word' id='word_1_792' title='bbox 1443 5368 1538 5419; x_wconf 90' lang='grc' dir='ltr'><strong>μεν</strong></span> <span class='ocrx_word' id='word_1_793' title='bbox 1584 5368 1613 5402; x_wconf 96' lang='grc' dir='ltr'><strong>ο</strong></span> <span class='ocrx_word' id='word_1_794' title='bbox 1671 5368 1850 5404; x_wconf 86' lang='grc' dir='ltr'>οευτε-</span> 
     </span>
     <span class='ocr_line' id='line_1_106' title="bbox 238 5417 1855 5503; baseline -0.005 -20"><span class='ocrx_word' id='word_1_795' title='bbox 238 5442 306 5484; x_wconf 83' lang='grc' dir='ltr'><strong>ος</strong></span> <span class='ocrx_word' id='word_1_796' title='bbox 366 5425 540 5503; x_wconf 71' lang='grc' dir='ltr'>ᾼύνᾶν</span> <span class='ocrx_word' id='word_1_797' title='bbox 596 5424 763 5503; x_wconf 48' lang='grc' dir='ltr'>εἶναι-</span> <span class='ocrx_word' id='word_1_798' title='bbox 797 5423 1057 5503; x_wconf 35' lang='grc' dir='ltr'>λέγᾼεταικ</span> <span class='ocrx_word' id='word_1_799' title='bbox 1095 5417 1241 5503; x_wconf 67' lang='grc' dir='ltr'>παρόξ</span> <span class='ocrx_word' id='word_1_800' title='bbox 1327 5418 1354 5473; x_wconf 72' lang='grc' dir='ltr'><strong>ὲ</strong></span> <span class='ocrx_word' id='word_1_801' title='bbox 1397 5418 1855 5503; x_wconf 40' lang='grc' dir='ltr'>ἘοραίοιςιὮνᾶν</span> 
     </span>
    </p>
   </div>
   <div class='ocr_carea' id='block_1_106' title="bbox 238 5489 1364 5564">
    <p class='ocr_par' dir='ltr' id='par_1_106' title="bbox 238 5489 1364 5564">
     <span class='ocr_line' id='line_1_107' title="bbox 238 5489 1364 5564; baseline -0.011 -6"><span class='ocrx_word' id='word_1_802' title='bbox 238 5514 328 5549; x_wconf 80' lang='grc' dir='ltr'><strong>στι</strong></span> <span class='ocrx_word' id='word_1_803' title='bbox 357 5498 519 5557; x_wconf 67' lang='lat' dir='ltr'><strong>Iudae</strong></span> <span class='ocrx_word' id='word_1_804' title='bbox 553 5497 825 5553; x_wconf 73' lang='lat' dir='ltr'><strong>secundus</strong></span> <span class='ocrx_word' id='word_1_805' title='bbox 856 5489 1060 5564; x_wconf 70' lang='lat' dir='ltr'><strong>(filius)</strong></span> <span class='ocrx_word' id='word_1_806' title='bbox 1088 5489 1242 5564; x_wconf 48' lang='lat' dir='ltr'><strong>apud</strong></span> <span class='ocrx_word' id='word_1_807' title='bbox 1270 5507 1364 5547; x_wconf 80' lang='lat' dir='ltr'><strong>nos</strong></span> 
     </span>
    </p>
   </div>
   <div class='ocr_carea' id='block_1_107' title="bbox 190 5560 1356 5641">
    <p class='ocr_par' dir='ltr' id='par_1_107' title="bbox 190 5560 1356 5641">
     <span class='ocr_line' id='line_1_108' title="bbox 190 5560 1356 5641; baseline -0.009 -13"><span class='ocrx_word' id='word_1_808' title='bbox 190 5584 323 5641; x_wconf 61' lang='lat' dir='ltr'><strong>esse</strong></span> <span class='ocrx_word' id='word_1_809' title='bbox 346 5572 573 5637; x_wconf 79' lang='lat' dir='ltr'><strong>dicitur,</strong></span> <span class='ocrx_word' id='word_1_810' title='bbox 602 5569 747 5641; x_wconf 80' lang='lat' dir='ltr'><strong>apud</strong></span> <span class='ocrx_word' id='word_1_811' title='bbox 773 5560 1000 5624; x_wconf 61' lang='lat' dir='ltr'><strong>Hehrws</strong></span> <span class='ocrx_word' id='word_1_812' title='bbox 1020 5560 1148 5641; x_wconf 68' lang='lat' dir='ltr'><strong>vero</strong></span> <span class='ocrx_word' id='word_1_813' title='bbox 1180 5560 1356 5619; x_wconf 78' lang='lat' dir='ltr'><strong>Onan.</strong></span> 
     </span>
    </p>
   </div>
   <div class='ocr_carea' id='block_1_108' title="bbox 277 5638 1104 5715">
    <p class='ocr_par' dir='ltr' id='par_1_108' title="bbox 277 5638 1104 5715">
     <span class='ocr_line' id='line_1_109' title="bbox 277 5638 1104 5715; baseline -0.012 -16"><span class='ocrx_word' id='word_1_814' title='bbox 426 5638 670 5715; x_wconf 65' lang='grc' dir='ltr'>Ἔπεσεν.</span> <span class='ocrx_word' id='word_1_815' title='bbox 711 5645 985 5715; x_wconf 53' lang='grc' dir='ltr'>Ἔπαισεηρ</span> <span class='ocrx_word' id='word_1_816' title='bbox 1016 5639 1104 5715; x_wconf 75' lang='lat' dir='ltr'><strong>ID_.</strong></span> 
     </span>
    </p>
   </div>
   <div class='ocr_carea' id='block_1_109' title="bbox 286 5705 1264 5788">
    <p class='ocr_par' dir='ltr' id='par_1_109' title="bbox 286 5705 1264 5788">
     <span class='ocr_line' id='line_1_110' title="bbox 286 5705 1264 5788; baseline -0.01 -17"><span class='ocrx_word' id='word_1_817' title='bbox 286 5705 405 5788; x_wconf 81' lang='grc'>(78)</span> <span class='ocrx_word' id='word_1_818' title='bbox 434 5705 650 5769; x_wconf 80' lang='grc' dir='ltr'>Ἰακώϐ.</span> <span class='ocrx_word' id='word_1_819' title='bbox 684 5712 786 5769; x_wconf 83' lang='grc' dir='ltr'><strong>τὸν</strong></span> <span class='ocrx_word' id='word_1_820' title='bbox 821 5709 985 5767; x_wconf 76' lang='grc' dir='ltr'>Ἠσαῦ</span> <span class='ocrx_word' id='word_1_821' title='bbox 1015 5706 1151 5764; x_wconf 86' lang='lat' dir='ltr'><strong>add.</strong></span> <span class='ocrx_word' id='word_1_822' title='bbox 1182 5709 1264 5761; x_wconf 87' lang='lat' dir='ltr'><strong>ID.</strong></span> 
     </span>
    </p>
   </div>
   <div class='ocr_carea' id='block_1_110' title="bbox 1450 5492 1855 5549">
    <p class='ocr_par' dir='ltr' id='par_1_110' title="bbox 1450 5492 1855 5549">
     <span class='ocr_line' id='line_1_111' title="bbox 1450 5492 1855 5549; baseline 0.007 -3"><span class='ocrx_word' id='word_1_823' title='bbox 1450 5492 1629 5548; x_wconf 76' lang='lat' dir='ltr'><strong>uidem</strong></span> <span class='ocrx_word' id='word_1_824' title='bbox 1656 5493 1855 5549; x_wconf 79' lang='lat' dir='ltr'><strong>Aunan</strong></span> 
     </span>
    </p>
   </div>
   <div class='ocr_carea' id='block_1_111' title="bbox 1441 5579 1567 5621">
    <p class='ocr_par' dir='ltr' id='par_1_111' title="bbox 1441 5579 1567 5621">
     <span class='ocr_line' id='line_1_112' title="bbox 1441 5579 1567 5621; baseline 0 -1"><span class='ocrx_word' id='word_1_825' title='bbox 1441 5579 1567 5621; x_wconf 75' lang='grc' dir='ltr'><strong>ΗΑΒ.</strong></span> 
     </span>
    </p>
   </div>
   <div class='ocr_carea' id='block_1_112' title="bbox 1950 4684 3599 4759">
    <p class='ocr_par' dir='ltr' id='par_1_112' title="bbox 1950 4684 3599 4759">
     <span class='ocr_line' id='line_1_113' title="bbox 1950 4684 3599 4759; baseline -0.007 -10"><span class='ocrx_word' id='word_1_826' title='bbox 1950 4692 2090 4749; x_wconf 83' lang='lat' dir='ltr'><strong>cidit</strong></span> <span class='ocrx_word' id='word_1_827' title='bbox 2122 4706 2255 4747; x_wconf 91' lang='lat' dir='ltr'><strong>eum</strong></span> <span class='ocrx_word' id='word_1_828' title='bbox 2286 4691 2461 4747; x_wconf 86' lang='lat' dir='ltr'><strong>tertia</strong></span> <span class='ocrx_word' id='word_1_829' title='bbox 2490 4690 2583 4745; x_wconf 93' lang='lat' dir='ltr'><strong>die</strong></span> <span class='ocrx_word' id='word_1_830' title='bbox 2617 4689 2677 4745; x_wconf 89' lang='lat' dir='ltr'><strong>in</strong></span> <span class='ocrx_word' id='word_1_831' title='bbox 2710 4692 2897 4757; x_wconf 86' lang='lat' dir='ltr'><strong>nocte,</strong></span> <span class='ocrx_word' id='word_1_832' title='bbox 2929 4692 2985 4743; x_wconf 87' lang='lat' dir='ltr'><strong>et</strong></span> <span class='ocrx_word' id='word_1_833' title='bbox 3014 4686 3139 4759; x_wconf 89' lang='lat' dir='ltr'><strong>ipse</strong></span> <span class='ocrx_word' id='word_1_834' title='bbox 3171 4703 3283 4741; x_wconf 90' lang='lat' dir='ltr'><strong>non</strong></span> <span class='ocrx_word' id='word_1_835' title='bbox 3329 4684 3599 4756; x_wconf 87' lang='lat' dir='ltr'><strong>cognovit</strong></span> 
     </span>
    </p>
   </div>
   <div class='ocr_carea' id='block_1_113' title="bbox 1953 4772 3599 4853">
    <p class='ocr_par' dir='ltr' id='par_1_113' title="bbox 1953 4772 3599 4853">
     <span class='ocr_line' id='line_1_114' title="bbox 1953 4772 3599 4853; baseline -0.006 -17"><span class='ocrx_word' id='word_1_836' title='bbox 1953 4796 2104 4851; x_wconf 89' lang='lat' dir='ltr'><strong>eam,</strong></span> <span class='ocrx_word' id='word_1_837' title='bbox 2138 4797 2240 4853; x_wconf 86' lang='lat' dir='ltr'><strong>per</strong></span> <span class='ocrx_word' id='word_1_838' title='bbox 2288 4780 2564 4835; x_wconf 87' lang='lat' dir='ltr'><strong>astutiam</strong></span> <span class='ocrx_word' id='word_1_839' title='bbox 2602 4778 2809 4834; x_wconf 89' lang='lat' dir='ltr'><strong>matris</strong></span> <span class='ocrx_word' id='word_1_840' title='bbox 2852 4793 2970 4833; x_wconf 65' lang='lat' dir='ltr'><strong>suae</strong></span> <span class='ocrx_word' id='word_1_841' title='bbox 2997 4794 3011 4844; x_wconf 89' lang='lat'><strong>;</strong></span> <span class='ocrx_word' id='word_1_842' title='bbox 3043 4791 3157 4830; x_wconf 91' lang='lat' dir='ltr'><strong>non</strong></span> <span class='ocrx_word' id='word_1_843' title='bbox 3210 4773 3364 4829; x_wconf 90' lang='lat' dir='ltr'><strong>enim</strong></span> <span class='ocrx_word' id='word_1_844' title='bbox 3416 4772 3599 4828; x_wconf 90' lang='lat' dir='ltr'><strong>voluit</strong></span> 
     </span>
    </p>
   </div>
   <div class='ocr_carea' id='block_1_114' title="bbox 1952 4862 3600 4939">
    <p class='ocr_par' dir='ltr' id='par_1_114' title="bbox 1952 4862 3600 4939">
     <span class='ocr_line' id='line_1_115' title="bbox 1952 4862 3600 4939; baseline -0.006 -14"><span class='ocrx_word' id='word_1_845' title='bbox 1952 4868 2167 4925; x_wconf 84' lang='lat' dir='ltr'><strong>habere</strong></span> <span class='ocrx_word' id='word_1_846' title='bbox 2198 4868 2348 4923; x_wconf 80' lang='lat' dir='ltr'><strong>filios</strong></span> <span class='ocrx_word' id='word_1_847' title='bbox 2398 4884 2468 4923; x_wconf 79' lang='lat' dir='ltr'><strong>ex</strong></span> <span class='ocrx_word' id='word_1_848' title='bbox 2498 4867 2667 4939; x_wconf 87' lang='lat' dir='ltr'><strong>ipsa;</strong></span> <span class='ocrx_word' id='word_1_849' title='bbox 2699 4871 2757 4923; x_wconf 89' lang='lat' dir='ltr'><strong>et</strong></span> <span class='ocrx_word' id='word_1_850' title='bbox 2785 4865 2881 4921; x_wconf 88' lang='lat' dir='ltr'><strong>hic</strong></span> <span class='ocrx_word' id='word_1_851' title='bbox 2912 4865 2972 4920; x_wconf 90' lang='lat' dir='ltr'><strong>in</strong></span> <span class='ocrx_word' id='word_1_852' title='bbox 3021 4862 3281 4936; x_wconf 90' lang='lat' dir='ltr'><strong>nequitia</strong></span> <span class='ocrx_word' id='word_1_853' title='bbox 3330 4866 3600 4917; x_wconf 89' lang='lat' dir='ltr'><strong>mortuus</strong></span> 
     </span>
    </p>
   </div>
   <div class='ocr_carea' id='block_1_115' title="bbox 1953 4950 3603 5019">
    <p class='ocr_par' dir='ltr' id='par_1_115' title="bbox 1953 4950 3603 5019">
     <span class='ocr_line' id='line_1_116' title="bbox 1953 4950 3603 5019; baseline -0.006 -4"><span class='ocrx_word' id='word_1_854' title='bbox 1953 4958 2134 5015; x_wconf 88' lang='lat' dir='ltr'><strong>est.In</strong></span> <span class='ocrx_word' id='word_1_855' title='bbox 2165 4955 2372 5012; x_wconf 90' lang='lat' dir='ltr'><strong>diebus</strong></span> <span class='ocrx_word' id='word_1_856' title='bbox 2396 4955 2638 5010; x_wconf 90' lang='lat' dir='ltr'><strong>thalami</strong></span> <span class='ocrx_word' id='word_1_857' title='bbox 2671 4955 2802 5011; x_wconf 91' lang='lat' dir='ltr'><strong>dedi</strong></span> <span class='ocrx_word' id='word_1_858' title='bbox 2833 4953 2886 5010; x_wconf 90' lang='lat' dir='ltr'><strong>ei</strong></span> <span class='ocrx_word' id='word_1_859' title='bbox 2912 4953 3103 5009; x_wconf 89' lang='lat' dir='ltr'><strong>virum</strong></span> <span class='ocrx_word' id='word_1_860' title='bbox 3135 4960 3343 5007; x_wconf 89' lang='lat' dir='ltr'><strong>Aunan</strong></span> <span class='ocrx_word' id='word_1_861' title='bbox 3368 4968 3381 5019; x_wconf 92' lang='lat'><strong>;</strong></span> <span class='ocrx_word' id='word_1_862' title='bbox 3409 4954 3466 5006; x_wconf 89' lang='lat' dir='ltr'><strong>et</strong></span> <span class='ocrx_word' id='word_1_863' title='bbox 3493 4950 3603 5006; x_wconf 88' lang='lat' dir='ltr'><strong>iste</strong></span> 
     </span>
    </p>
   </div>
   <div class='ocr_carea' id='block_1_116' title="bbox 2027 5055 3601 5135">
    <p class='ocr_par' dir='ltr' id='par_1_116' title="bbox 2027 5055 3601 5135">
     <span class='ocr_line' id='line_1_117' title="bbox 2027 5055 3601 5135; baseline -0.004 -17"><span class='ocrx_word' id='word_1_864' title='bbox 2027 5062 2139 5135; x_wconf 87' lang='lat'><strong>(79)</strong></span> <span class='ocrx_word' id='word_1_865' title='bbox 2172 5062 2399 5135; x_wconf 80' lang='lat' dir='ltr'><strong>Montem</strong></span> <span class='ocrx_word' id='word_1_866' title='bbox 2449 5060 2589 5118; x_wconf 84' lang='lat' dir='ltr'><strong>Seir.</strong></span> <span class='ocrx_word' id='word_1_867' title='bbox 2641 5061 2893 5135; x_wconf 85' lang='lat' dir='ltr'><strong>Additur</strong></span> <span class='ocrx_word' id='word_1_868' title='bbox 2929 5059 2988 5115; x_wconf 91' lang='lat' dir='ltr'><strong>in</strong></span> <span class='ocrx_word' id='word_1_869' title='bbox 3037 5058 3234 5115; x_wconf 69' lang='lat' dir='ltr'><strong>Graeco</strong></span> <span class='ocrx_word' id='word_1_870' title='bbox 3286 5061 3469 5135; x_wconf 78' lang='lat' dir='ltr'><strong>textu,</strong></span> <span class='ocrx_word' id='word_1_871' title='bbox 3518 5055 3601 5111; x_wconf 86' lang='lat' dir='ltr'><strong>vi-</strong></span> 
     </span>
    </p>
   </div>
   <div class='ocr_carea' id='block_1_117' title="bbox 1955 5132 3449 5204">
    <p class='ocr_par' dir='ltr' id='par_1_117' title="bbox 1955 5132 3449 5204">
     <span class='ocr_line' id='line_1_118' title="bbox 1955 5132 3449 5204; baseline -0.006 -13"><span class='ocrx_word' id='word_1_872' title='bbox 1955 5132 2104 5191; x_wconf 58' lang='lat' dir='ltr'><strong>tio&#39;se</strong></span> <span class='ocrx_word' id='word_1_873' title='bbox 2137 5151 2151 5190; x_wconf 90' lang='lat'><strong>:</strong></span> <span class='ocrx_word' id='word_1_874' title='bbox 2181 5143 2233 5191; x_wconf 78' lang='lat' dir='ltr'><strong>et</strong></span> <span class='ocrx_word' id='word_1_875' title='bbox 2260 5134 2651 5204; x_wconf 57' lang='lat' dir='ltr'><strong>vadenssuper</strong></span> <span class='ocrx_word' id='word_1_876' title='bbox 2683 5134 2927 5204; x_wconf 73' lang='lat' dir='ltr'><strong>Iramna,</strong></span> <span class='ocrx_word' id='word_1_877' title='bbox 2957 5139 3217 5204; x_wconf 46' lang='lat' dir='ltr'><strong>mortuus</strong></span> <span class='ocrx_word' id='word_1_878' title='bbox 3234 5132 3334 5183; x_wconf 75' lang='lat' dir='ltr'><strong>est.</strong></span> <span class='ocrx_word' id='word_1_879' title='bbox 3373 5133 3449 5183; x_wconf 84' lang='lat' dir='ltr'><strong>lo.</strong></span> 
     </span>
    </p>
   </div>
   <div class='ocr_carea' id='block_1_118' title="bbox 2052 5201 3279 5279">
    <p class='ocr_par' dir='ltr' id='par_1_118' title="bbox 2052 5201 3279 5279">
     <span class='ocr_line' id='line_1_119' title="bbox 2052 5201 3279 5279; baseline -0.004 -19"><span class='ocrx_word' id='word_1_880' title='bbox 2052 5207 2144 5279; x_wconf 88' lang='grc'>80)</span> <span class='ocrx_word' id='word_1_881' title='bbox 2174 5201 2721 5279; x_wconf 27' lang='grc' dir='ltr'>ξΕπάνωΑΕἰρῥαμνᾶ,</span> <span class='ocrx_word' id='word_1_882' title='bbox 2751 5203 2835 5279; x_wconf 69' lang='grc' dir='ltr'>Ἐν</span> <span class='ocrx_word' id='word_1_883' title='bbox 2870 5201 3162 5279; x_wconf 84' lang='grc' dir='ltr'>Ανονιράμ.</span> <span class='ocrx_word' id='word_1_884' title='bbox 3197 5201 3279 5255; x_wconf 89' lang='lat' dir='ltr'><strong>ID.</strong></span> 
     </span>
    </p>
   </div>
   <div class='ocr_carea' id='block_1_119' title="bbox 2053 5269 3606 5346">
    <p class='ocr_par' dir='ltr' id='par_1_119' title="bbox 2053 5269 3606 5346">
     <span class='ocr_line' id='line_1_120' title="bbox 2053 5269 3606 5346; baseline -0.005 -14"><span class='ocrx_word' id='word_1_885' title='bbox 2053 5269 2145 5344; x_wconf 77' lang='grc'><strong>81)</strong></span> <span class='ocrx_word' id='word_1_886' title='bbox 2174 5269 2644 5332; x_wconf 71' lang='grc' dir='ltr'>’Δνελθών.’Ᾱόὂ.</span> <span class='ocrx_word' id='word_1_887' title='bbox 2697 5272 2930 5339; x_wconf 83' lang='grc' dir='ltr'>ἀνεῖλον,</span> <span class='ocrx_word' id='word_1_888' title='bbox 2983 5269 3220 5346; x_wconf 70' lang='lat' dir='ltr'><strong>propter</strong></span> <span class='ocrx_word' id='word_1_889' title='bbox 3267 5269 3606 5346; x_wconf 75' lang='lat' dir='ltr'><strong>similitudi-</strong></span> 
     </span>
    </p>
   </div>
   <div class='ocr_carea' id='block_1_120' title="bbox 1961 5341 3606 5418">
    <p class='ocr_par' dir='ltr' id='par_1_120' title="bbox 1961 5341 3606 5418">
     <span class='ocr_line' id='line_1_121' title="bbox 1961 5341 3606 5418; baseline -0.005 -12"><span class='ocrx_word' id='word_1_890' title='bbox 1961 5341 2097 5406; x_wconf 82' lang='lat' dir='ltr'><strong>nem</strong></span> <span class='ocrx_word' id='word_1_891' title='bbox 2125 5341 2284 5403; x_wconf 81' lang='lat' dir='ltr'><strong>vocis</strong></span> <span class='ocrx_word' id='word_1_892' title='bbox 2317 5349 2691 5418; x_wconf 64' lang='lat' dir='ltr'><strong>praecedentis</strong></span> <span class='ocrx_word' id='word_1_893' title='bbox 2722 5346 2948 5418; x_wconf 80' lang='lat' dir='ltr'><strong>incuria</strong></span> <span class='ocrx_word' id='word_1_894' title='bbox 2978 5341 3606 5418; x_wconf 60' lang='lat' dir='ltr'><strong>scribmpmissumln.</strong></span> 
     </span>
    </p>
   </div>
   <div class='ocr_carea' id='block_1_121' title="bbox 2056 5414 3533 5488">
    <p class='ocr_par' dir='ltr' id='par_1_121' title="bbox 2056 5414 3533 5488">
     <span class='ocr_line' id='line_1_122' title="bbox 2056 5414 3533 5488; baseline -0.005 -15"><span class='ocrx_word' id='word_1_895' title='bbox 2056 5419 2146 5486; x_wconf 88' lang='lat'><strong>82)</strong></span> <span class='ocrx_word' id='word_1_896' title='bbox 2176 5418 2271 5487; x_wconf 80' lang='grc' dir='ltr'><strong>’Ἐξ</strong></span> <span class='ocrx_word' id='word_1_897' title='bbox 2299 5414 2585 5486; x_wconf 73' lang='grc' dir='ltr'>Ἑξήκοντα</span> <span class='ocrx_word' id='word_1_898' title='bbox 2615 5435 2725 5473; x_wconf 88' lang='lat' dir='ltr'><strong>ms.</strong></span> <span class='ocrx_word' id='word_1_899' title='bbox 2760 5417 2927 5488; x_wconf 86' lang='lat' dir='ltr'><strong>Coll.,</strong></span> <span class='ocrx_word' id='word_1_900' title='bbox 2962 5418 3151 5488; x_wconf 89' lang='lat' dir='ltr'><strong>Trin.,</strong></span> <span class='ocrx_word' id='word_1_901' title='bbox 3181 5415 3419 5488; x_wconf 78' lang='lat' dir='ltr'><strong>Cantab.</strong></span> <span class='ocrx_word' id='word_1_902' title='bbox 3450 5414 3533 5488; x_wconf 77' lang='lat' dir='ltr'><strong>ID.</strong></span> 
     </span>
    </p>
   </div>
   <div class='ocr_carea' id='block_1_122' title="bbox 2034 5422 3608 5563">
    <p class='ocr_par' dir='ltr' id='par_1_122' title="bbox 2034 5422 3608 5563">
     <span class='ocr_line' id='line_1_123' title="bbox 2056 5422 3533 5488; baseline -0.003 -15"><span class='ocrx_word' id='word_1_903' title='bbox 2056 5422 2146 5486; x_wconf 87' lang='lat'>82)</span> <span class='ocrx_word' id='word_1_904' title='bbox 2176 5422 2271 5487; x_wconf 81' lang='grc' dir='ltr'><strong>’Ἐξ</strong></span> <span class='ocrx_word' id='word_1_905' title='bbox 2299 5422 2585 5486; x_wconf 79' lang='grc' dir='ltr'>Ἐξήκοντα</span> <span class='ocrx_word' id='word_1_906' title='bbox 2615 5435 2725 5473; x_wconf 88' lang='lat' dir='ltr'><strong>ms.</strong></span> <span class='ocrx_word' id='word_1_907' title='bbox 2760 5422 2927 5488; x_wconf 72' lang='lat'><strong>(1011.,</strong></span> <span class='ocrx_word' id='word_1_908' title='bbox 2962 5422 3151 5482; x_wconf 89' lang='lat' dir='ltr'><strong>Trin.,</strong></span> <span class='ocrx_word' id='word_1_909' title='bbox 3181 5422 3419 5469; x_wconf 70' lang='lat' dir='ltr'><strong>Cantab.</strong></span> <span class='ocrx_word' id='word_1_910' title='bbox 3450 5422 3533 5468; x_wconf 86' lang='grc' dir='ltr'>ιι).</span> 
     </span>
     <span class='ocr_line' id='line_1_124' title="bbox 2034 5422 3608 5563; baseline -0.003 -18"><span class='ocrx_word' id='word_1_911' title='bbox 2034 5422 2147 5563; x_wconf 69' lang='grc'>(83)</span> <span class='ocrx_word' id='word_1_912' title='bbox 2180 5490 2304 5546; x_wconf 78' lang='grc' dir='ltr'><strong>Βὲθ.</strong></span> <span class='ocrx_word' id='word_1_913' title='bbox 2338 5493 2613 5563; x_wconf 75' lang='lat' dir='ltr'><strong>Suspicor</strong></span> <span class='ocrx_word' id='word_1_914' title='bbox 2657 5488 2971 5563; x_wconf 86' lang='lat' dir='ltr'><strong>legendum</strong></span> <span class='ocrx_word' id='word_1_915' title='bbox 3006 5487 3223 5563; x_wconf 67' lang='grc' dir='ltr'>βάτους.</span> <span class='ocrx_word' id='word_1_916' title='bbox 3251 5484 3430 5563; x_wconf 62' lang='grc' dir='ltr'>βάτος</span> <span class='ocrx_word' id='word_1_917' title='bbox 3452 5486 3608 5563; x_wconf 87' lang='lat' dir='ltr'><strong>enim</strong></span> 
     </span>
    </p>
   </div>
   <div class='ocr_carea' id='block_1_123' title="bbox 1965 5557 3612 5634">
    <p class='ocr_par' dir='ltr' id='par_1_123' title="bbox 1965 5557 3612 5634">
     <span class='ocr_line' id='line_1_125' title="bbox 1965 5557 3612 5634; baseline -0.002 -15"><span class='ocrx_word' id='word_1_918' title='bbox 1965 5557 2057 5619; x_wconf 79' lang='lat' dir='ltr'><strong>est</strong></span> <span class='ocrx_word' id='word_1_919' title='bbox 2088 5557 2363 5634; x_wconf 84' lang='lat' dir='ltr'><strong>mensura</strong></span> <span class='ocrx_word' id='word_1_920' title='bbox 2395 5557 2776 5634; x_wconf 74' lang='lat' dir='ltr'><strong>liquidarum,</strong></span> <span class='ocrx_word' id='word_1_921' title='bbox 2812 5564 2876 5616; x_wconf 89' lang='lat' dir='ltr'><strong>ut</strong></span> <span class='ocrx_word' id='word_1_922' title='bbox 2906 5557 3073 5617; x_wconf 77' lang='lat' dir='ltr'><strong>docet</strong></span> <span class='ocrx_word' id='word_1_923' title='bbox 3098 5557 3340 5634; x_wconf 87' lang='lat' dir='ltr'><strong>Joseph.</strong></span> <span class='ocrx_word' id='word_1_924' title='bbox 3372 5558 3475 5615; x_wconf 91' lang='lat' dir='ltr'><strong>lib.</strong></span> <span class='ocrx_word' id='word_1_925' title='bbox 3508 5560 3612 5616; x_wconf 84' lang='lat' dir='ltr'><strong>An-</strong></span> 
     </span>
    </p>
   </div>
   <div class='ocr_carea' id='block_1_124' title="bbox 1968 5632 2827 5706">
    <p class='ocr_par' dir='ltr' id='par_1_124' title="bbox 1968 5632 2827 5706">
     <span class='ocr_line' id='line_1_126' title="bbox 1968 5632 2827 5706; baseline -0.005 -15"><span class='ocrx_word' id='word_1_926' title='bbox 1968 5636 2150 5706; x_wconf 73' lang='lat' dir='ltr'><strong>tiquit.</strong></span> <span class='ocrx_word' id='word_1_927' title='bbox 2181 5632 2313 5693; x_wconf 75' lang='lat' dir='ltr'><strong>Iud.</strong></span> <span class='ocrx_word' id='word_1_928' title='bbox 2346 5649 2467 5704; x_wconf 84' lang='lat' dir='ltr'><strong>vm,</strong></span> <span class='ocrx_word' id='word_1_929' title='bbox 2501 5650 2626 5704; x_wconf 91' lang='lat' dir='ltr'><strong>cap.</strong></span> <span class='ocrx_word' id='word_1_930' title='bbox 2656 5633 2711 5687; x_wconf 89' lang='lat'><strong>2.</strong></span> <span class='ocrx_word' id='word_1_931' title='bbox 2743 5635 2827 5687; x_wconf 84' lang='lat' dir='ltr'><strong>In.</strong></span> 
     </span>
    </p>
   </div>
  </div>
