4014 6226
406 339 563 405 1075
1446 343 1978 437 ΤΕΞΤᾼΜΕΝΤΑ
2021 342 2132 405 ΧΠ
2173 340 2884 408 PATRIARCHARUM.
3665 338 3833 404 1076

402 475 464 530 in
492 473 717 531 malitia
748 492 866 532 non
883 476 1153 550 cognovit
1182 477 1538 545 eam,vivens
1568 494 1701 533 cum
1721 494 1788 532 ea
1806 493 2048 533 annum.

2200 472 2298 547 ύτῇ
2329 473 2423 529 τὸν
2458 473 2654 529 Αύνὲἱνι
2685 474 2839 551 καίγε
2894 474 3052 537 οὗτος
3111 472 3166 530 ἐν
3224 473 3465 551 πονηρίᾳ
3522 471 3628 529 οὗκ
3686 469 3831 549 ἔγνω

404 567 476 621 Et
506 567 739 636 quando
766 565 1026 623 minatus
1058 583 1192 623 sum
1225 566 1477 638 ei,coivit
1509 568 1745 640 quidem
1766 584 1901 623 cum
1931 566 2051 639 illa,

2196 562 2355 634 ,L’rmlw,
2389 566 2621 635 ποιήσας
2654 563 2746 620 σὺν
2778 564 2914 639 αὐτῇ
2958 563 3218 620 ἐνιαυτόν.
3250 566 3347 620 Καὶ
3399 563 3492 619 ὅτε
3537 561 3832 634 ἠπείλησα

405 669 605 710 semen
634 669 767 709 vero
797 654 1010 711 corruit
1041 655 1156 728 (85)
1186 655 1245 710 in
1277 656 1853 724 terram,secundum
1886 672 2052 711 man-

2199 650 2329 724 ύτῷ,
2380 650 2618 723 συνῆλθε
2673 653 2768 726 μὲν
2832 653 2989 724 αὐτῇ,
3041 651 3306 731 διέφθειρε
3368 650 3426 708 δὲ
3476 655 3540 708 τὸ
3603 652 3831 727 σπέρμα

407 742 609 798 datum
641 742 844 799 matris
875 760 995 799 suas
1021 762 1036 812 ;
1069 748 1125 799 et
1154 744 1248 799 hic
1278 744 1337 799 in
1370 743 1597 800 malitia
1645 748 1911 800 mortuus
1942 748 2049 800 est.

2196 741 2251 795 πὶ
2280 742 2381 811 τὴν
2412 744 2537 818 γῆν,
2558 742 2692 815 μετᾶ
2718 743 2817 812 τήν
2851 741 3075 811 ἐντολὴν
3106 749 3205 811 τῆς
3241 743 3448 815 μητρὸς
3479 740 3654 796 αὑτοῦ
3687 742 3829 813 (8‘)-

402 829 681 887 Volebam
730 826 925 888 autem
957 836 1015 888 et
1059 832 1240 889 Silom
1294 832 1432 888 dare
1474 832 1548 900 ei,
1582 833 1684 889 sed
1733 850 1877 888 uxor
1924 849 2054 889 mea

2196 828 2317 905 αίγε
2365 831 2522 893 οὗτος
2572 830 2829 894 ἀπέθανεν
2896 829 2947 885 ἐν
3018 830 3274 906 πονηρίᾳ.
3320 828 3551 888 ’Ήθελον
3630 827 3694 884 δὲ
3744 828 3831 883 καί

402 919 621 977 Bessus
650 937 765 977 non
797 920 1100 993 permisit;
1138 920 1432 977 malitiosa
1462 921 1619 976 enim
1650 926 1776 977 erat
1804 920 1864 977 in
1894 921 2054 977 Tha-

2196 918 2253 973 ὸν
2284 918 2486 992 Σιλὼμ
2515 917 2700 974 δοῦναι
2729 919 2888 994 αὐτῇ,
2918 917 3046 975 ἀλλ’
3074 922 3110 990 ἡ
3142 921 3277 995 γυνή
3316 940 3418 993 μου
3454 918 3701 995 βησσουέ
3734 917 3834 973 ούκ

402 1024 551 1075 mar,
584 1009 863 1080 quoniam
892 1025 1008 1065 non
1040 1013 1164 1065 erat
1192 1026 1263 1066 ex
1290 1009 1524 1066 ﬁliabus
1553 1008 1851 1078 Chanaan,
1902 1011 2055 1067 sicut

2196 1014 2387 1086 φῆκεν·
2425 1007 2779 1082 ἐπονηρεύετο
2829 1008 2931 1085 γὰρ
2978 1009 3117 1083 πρὸς
3164 1009 3264 1078 τὴν
3318 1009 3531 1084 Θάμαρ,
3584 1006 3677 1063 ὅτι
3734 1007 3833 1062 οόκ

400 1096 552 1170 ipsa.
2162 1096 2230 1166 ἦν
2262 1095 2320 1150 ἐκ
2350 1095 2651 1173 θυγατέρων
2686 1096 2919 1167 Χαναὰν,
2950 1096 3026 1160 ὡς
3054 1096 3217 1167 αὐτή.

472 1186 567 1243 ΧΙ.
600 1208 629 1236 ‹‹
657 1186 726 1241 Et
752 1202 857 1259 ego
888 1186 1166 1257 sciebam,
1186 1188 1343 1259 quod
1374 1186 1771 1260 perniciosum
1800 1191 1926 1244 erat
1954 1204 2053 1261 ge-

2234 1186 2341 1242 IA'.
2382 1208 2407 1240 α
2439 1185 2598 1263 Κάγὼ
2628 1180 2801 1261 ᾔδειν,
2835 1185 2919 1241 ὅτι
2966 1185 3206 1261 πονηρὸν
3264 1185 3327 1240 τὸ
3371 1185 3524 1261 γένος
3585 1184 3830 1257 Χαναὰν,

402 1292 519 1333 nus
550 1274 847 1340 Chanaan,
878 1277 979 1333 sed
1021 1276 1335 1333 consilium
1382 1276 1708 1348 juventutis
1754 1276 2057 1333 excaecavit

2196 1272 2312 1331 ηλλὰ
2358 1275 2419 1329 τὸ
2472 1269 2787 1329 διαϐούλιον
2816 1277 2914 1344 τῆς
2943 1274 3342 1347 νεότητος
3393 1272 3685 1352 ἐτύφλωσε
3734 1276 3833 1343 τήν

406 1382 506 1422 cor
535 1381 754 1420 meum.
787 1366 856 1421 Et
904 1365 1107 1421 videns
1156 1381 1284 1421 eam
1339 1366 1541 1421 vinum
1591 1365 1952 1437 fundentem,
1993 1366 2053 1421 in

2199 1360 2383 1440 αρδίαν
2428 1384 2553 1436 μου.
2588 1364 2687 1418 Καὶ
2741 1361 2868 1419 ἰδὼν
2926 1363 3091 1433 αὐτὴν
3139 1363 3513 1439 οἰνοχοοῦσαν,
3576 1362 3632 1418 ἐν
3701 1365 3837 1437 μέθῃ

405 1452 687 1511 ebrietate
736 1452 856 1508 vini
905 1454 1182 1524 deceptus
1234 1469 1389 1522 sum,
1422 1458 1479 1509 et
1524 1453 1749 1509 concidi
1781 1454 1854 1510 ad
1901 1470 2052 1510 eam.

2201 1448 2315 1506 l’vou
2362 1452 2676 1522 ἠπατήθην,
2725 1452 2816 1507 καὶ
2884 1451 3146 1507 συνέπεσα
3202 1454 3338 1528 πρὸς
3394 1450 3594 1523 αύτήν.
3654 1450 3835 1523 Αὕτη,

410 1542 564 1614 Ipsa,
596 1557 690 1597 me
718 1542 979 1608 absente,
1010 1541 1236 1608 abiit,et
1266 1541 1487 1613 accepit
1515 1541 1697 1599 Silom
1722 1559 1961 1599 uxorem
1987 1560 2057 1599 ex

2200 1539 2394 1602 πόντος
2429 1562 2555 1613 μου,
2589 1539 2880 1615 ἐπορεύθη,
2909 1540 2999 1595 καὶ
3032 1536 3194 1597 ἔλαϐε
3222 1546 3301 1613 τῷ
3361 1540 3569 1614 Σιλὼμ
3598 1544 3833 1617 γυναῖκα

407 1633 566 1685 terra
595 1629 890 1685 Chanaan.
923 1631 992 1685 At
1022 1646 1156 1685 eum
1199 1630 1601 1701 cognovissem
1634 1630 1774 1702 quid
1822 1631 2054 1704 fecerat,

2196 1650 2227 1683 κ
2271 1635 2373 1705 γῆς
2442 1627 2675 1686 Χαναάν.
2723 1629 2885 1692 Γνοὺς
2945 1628 3005 1685 δὲ
3051 1630 3081 1685 ὃ
3132 1628 3378 1701 ἐποίησε,
3426 1629 3834 1705 κατηρασάμην

410 1717 685 1774 maledixi
713 1717 765 1773 ei
795 1716 855 1772 in
885 1716 1080 1773 dolore
1110 1718 1319 1773 animis
1352 1735 1493 1775 mets
1536 1734 1549 1775 :
1580 1724 1638 1775 et
1667 1719 1798 1792 ipsa
1828 1725 2058 1777 mortua

2196 1717 2302 1788 ,ύτῇ
2351 1717 2402 1773 ἐν
2457 1714 2618 1793 ὀδύνῃ
2666 1720 2851 1794 ψυχῆς
2904 1736 3029 1792 μου·
3072 1716 3224 1796 καίγε
3271 1716 3408 1787 αύτὴ
3456 1717 3731 1774 ἀπέθανεν
3789 1718 3839 1775 ἑν

408 1810 501 1863 est
530 1805 591 1862 in
622 1805 848 1862 malitia
875 1804 1131 1862 ﬁliorum
1164 1823 1428 1862 suorum.

2196 1805 2405 1881 πονηρίᾳ
2434 1807 2565 1861 υἱῶν
2607 1805 2798 1876 αὐτῆς.

2242 1896 2315 1911 -.α
2462 1900 2513 1911 -.
2584 1895 2599 1911 ι
2659 1893 2703 1911 ..ς

478 1895 601 1951 XII.
636 1917 664 1946 ‹‹
698 1898 838 1951 Post
865 1893 973 1951 hos
1005 1898 1201 1951 autem
1234 1911 1536 1952 sermones
1568 1896 1702 1969 (87),
1732 1898 1909 1954 vidua
1938 1899 2056 1954 exi-

2240 1896 2335 1951 IB'.
2384 1918 2414 1947 «
2461 1895 2609 1950 Μετὰ
2656 1893 2714 1950 δὲ
2756 1894 2886 1958 τοὺς
2933 1892 3136 1972 λόγους
3179 1895 3426 1965 τούτους,
3478 1894 3842 1971 χηρευούστςς

405 1986 595 2040 stente
644 1983 920 2051 Thamar,
967 1988 1097 2057 post
1150 1985 1299 2040 duos
1348 2002 1534 2042 annos
1584 1986 1849 2058 audiens,
1902 1988 2057 2059 quod

2196 1990 2270 2054 ’ἧς
2309 1982 2520 2059 Θάμαρ,
2555 1983 2689 2057 μετᾶ
2735 1981 2831 2039 δύο
2882 1982 2973 2055 ἔτη
3036 1984 3326 2054 ἀκούσασα,
3379 1983 3465 2041 ὅτι
3514 1985 3841 2061 ἀνέρχομαι

404 2073 655 2130 ascendo
686 2073 926 2129 tondere
961 2090 1114 2142 oves,
1141 2078 1347 2129 ornata
1379 2073 1757 2147 sponsalibus
1780 2092 2061 2132 ornamen

2196 2077 2345 2147 ιεῖραι
2401 2076 2469 2127 τὰ
2520 2067 2787 2146 πρόϐατα,
2844 2076 3181 2147 κοσμηθεῖσα
3263 2074 3457 2147 κόσμῳ
3544 2076 3841 2153 νυμφικῷ,

404 2160 665 2232 tis,sedit
693 2165 827 2217 ante
855 2161 1149 2217 civitatem
1182 2163 1253 2217 ad
1289 2164 1659 2234 portam.Lex
1681 2163 1837 2220 enim
1857 2168 2063 2221 Amor-

409 2249 701 2306 rhaaorum
732 2254 1090 2322 est,nuptam
1123 2251 1434 2322 praesidere
1462 2250 1523 2306 in
1555 2252 1936 2310 fornicatione
1962 2270 2065 2326 per

409 2343 637 2411 septem
668 2337 791 2394 dies
813 2340 986 2410 juxta
1014 2342 1264 2411 portam.
1296 2339 1628 2396 Inebriatus
1658 2340 1838 2413 igitur
1866 2358 1973 2415 ego
2003 2343 2065 2398 in

412 2427 580 2499 aquis
611 2427 978 2499 Chozeb,non
1004 2428 1211 2500 agnovi
1241 2445 1370 2485 eam
1400 2446 1516 2501 prsa
1546 2430 1679 2485 vino
1710 2454 1723 2498 ;
1753 2434 1812 2487 et
1840 2431 2068 2504 decepit

412 2532 508 2573 me
537 2515 912 2589 pulchritudo
943 2516 1132 2588 ipsius
1162 2533 1266 2590 per
1295 2518 1543 2573 formam
1575 2523 1839 2575 ornatus.
1872 2520 1942 2575 Et
1973 2521 2071 2577 de-

410 2605 667 2663 clinatus
699 2606 771 2661 ad
807 2604 1621 2679 ipsam,dicebam:Ingredior
1648 2609 1719 2664 ad
1744 2608 1898 2664 te.Et
1923 2610 2070 2667 dixit

410 2694 558 2751 mihi
591 2711 607 2750 :
643 2693 791 2761 Quid
824 2693 967 2749 mihi
998 2693 1164 2750 dabis
1186 2694 1215 2749 ?
1245 2695 1315 2750 Et
1346 2695 1477 2751 dedi
1508 2695 1561 2751 ei
1593 2695 1814 2769 virgam
1851 2714 2065 2770 meam,

411 2787 469 2840 et
497 2799 725 2851 zonam,
759 2787 814 2838 et
860 2782 1132 2838 diadema
1162 2783 1329 2855 regni
1364 2799 1377 2839 :
1410 2788 1468 2840 et
1520 2801 1654 2841 cum
1685 2785 1900 2842 coirem
1932 2805 2066 2843 cum

408 2870 534 2942 illa,
589 2870 873 2943 concepit.
927 2873 1210 2944 Ignorans
1257 2875 1453 2928 autem
1502 2872 1642 2944 quid
1695 2873 1850 2943 fecit,
1913 2864 2069 2932 volui

406 2960 667 3019 occidere
714 2961 1045 3032 eam;ipsa
1098 2964 1293 3016 autem
1349 2962 1588 3018 mittens
1617 2963 1676 3018 in
1730 2963 2070 3021 abscondito

407 3049 673 3122 pignora,
725 3049 945 3121 pudore
996 3048 1241 3105 suffudit
1292 3066 1405 3106 me.
1457 3049 1684 3107 Vocans
1733 3067 1867 3108 vero
1916 3068 2070 3120 eam,

409 3136 603 3195 audivi
636 3141 693 3193 et
740 3136 1020 3210 mysticos
1062 3153 1385 3209 sermones,
1434 3155 1582 3210 quos
1628 3139 1864 3197 locutus
1908 3158 2065 3205 sum,

2173 2159 2411 2217 ἐκάθισεν
2445 2160 2694 2217 ἀπέναντι
2735 2167 2805 2237 τῇ
2852 2162 3012 2219 πόλει
3058 2164 3195 2239 πρὸς
3242 2164 3341 2231 τήν
3400 2161 3621 2233 πύλην.
3656 2163 3843 2235 Νόμος

2171 2250 2276 2326 γὰρ
2326 2250 2695 2327 Ἀμορραίων,
2740 2252 2841 2322 τὴν
2888 2256 3165 2328 γαμοῦσαν
3211 2251 3539 2328 προκαθίσαι
3601 2250 3661 2306 ἐν
3712 2272 3841 2328 πορ-

2172 2337 2288 2411 νείᾳ
2334 2339 2468 2394 ἑπτὰ
2512 2338 2724 2416 ἡμέρας
2771 2341 2917 2416 παρά
2966 2341 3067 2410 τήν
3137 2338 3343 2411 πύλην.
3394 2340 3708 2403 Melius-Gel;
3754 2338 3839 2395 οὗν

2175 2428 2281 2505 ἐγὼ
2319 2427 2369 2483 ὲν
2420 2425 2573 2483 ὕδασι
2624 2422 2850 2499 Χωζὴϐ,
2901 2428 3000 2484 οὐκ
3045 2428 3282 2504 ἐπέγνων
3328 2427 3499 2496 αὐτὴν
3561 2427 3682 2483 ἀπὸ
3748 2429 3839 2483 τοῦ

2176 2515 2346 2573 οἷ’νου’
2380 2517 2469 2572 καὶ
2495 2518 2743 2589 ἠπάτησὲ
2773 2538 2841 2592 με
2866 2518 2930 2573 τὸ
2957 2515 3165 2581 κάλλος
3222 2516 3388 2587 αὐτῆς
3446 2514 3540 2571 διὰ
3568 2521 3682 2572 τοῦ
3714 2520 3845 2593 σχή-

2181 2628 2350 2681 ματος
2402 2612 2503 2677 τῆς
2568 2608 2914 2681 κοσμήσεως.
2975 2605 3073 2661 Καὶ
3134 2604 3381 2668 ἐκκλίνας
3440 2605 3587 2680 πρὸς
3651 2606 3842 2674 αὐτὴν,

2178 2696 2347 2752 εἷπον·
2381 2720 2410 2749 ‹‹
2450 2694 2694 2751 Εἶσὲλθω
2741 2696 2876 2770 πρὸς
2923 2697 3000 2752 σὲ.
3032 2718 3062 2748 »
3105 2694 3204 2750 Kal
3255 2694 3371 2750 εἶπέ
3414 2713 3533 2769 μοι’
3577 2719 3603 2745 ι
3640 2694 3708 2749 Τί
3758 2714 3844 2767 μοι

2179 2782 2408 2855 δώσεις;
2448 2810 2469 2837 ι
2505 2785 2604 2839 Kal
2638 2782 2815 2840 ἔδωκα
2859 2782 2995 2859 αὐτῇ
3044 2784 3144 2853 τὴν
3198 2778 3392 2859 ῥάϐδον
3438 2804 3575 2857 μου,
3608 2781 3712 2837 καὶ
3754 2785 3841 2851 τήν

2182 2874 2381 2945 ζώνην,
2412 2872 2502 2928 καὶ
2531 2874 2593 2928 τὸ
2624 2870 2867 2946 διάδημα
2893 2879 2993 2942 τῆς
3033 2870 3329 2949 βασιλείας·
3360 2872 3452 2926 καὶ
3509 2872 3595 2934 ὡς
3644 2870 3845 2941 συνῆλ-

2181 2974 2273 3027 θον
2328 2962 2485 3035 αὐτῇ,
2519 2960 2862 3041 συνείληφεν.
2894 2963 3132 3036 Ἀγνοῶν
3166 2958 3224 3016 δὲ
3251 2961 3280 3016 ὃ
3329 2959 3621 3033 ἐποίησεν,
3650 2959 3844 3030 ἤθελον

2181 3050 2347 3121 αὐτὴν
2372 3050 2604 3105 ἀνελεῖν·
2627 3051 2885 3124 πέμψασα
2916 3047 2974 3105 δὲ
3002 3049 3055 3105 ἐν
3082 3054 3303 3124 κρυπτῷ
3328 3047 3463 3112 τοὺς

2179 3137 2484 3216 κατῄσχυνὲ
2536 3159 2621 3213 με.
2674 3136 2917 3201 Καλέσας
2963 3136 3022 3193 δὲ
3067 3139 3257 3211 αὐτὴν,
3306 3135 3521 3207 ἤκουσα
3576 3138 3682 3192 καὶ
3732 3138 3850 3199 τοὶς

410 3226 709 3285 dormiens
739 3241 874 3283 cum
905 3242 992 3296 ea,
1025 3226 1084 3281 in
1117 3227 1397 3283 ebrietate
1447 3244 1615 3298 mea;
1647 3232 1706 3285 et
1734 3246 1849 3285 non
1899 3230 2063 3302 potui

2196 3234 2230 3283 ιν
2267 3214 2551 3304 μυστηρίῳ
2592 3226 2815 3303 λόγους,
2858 3226 2971 3296 οὓς,
3002 3224 3272 3282 καθεύδων
3324 3226 3417 3280 σὺν
3470 3225 3652 3300 αὐτῇ,
3688 3224 3742 3282 ἒν

415 3315 676 3373 occidere
730 3330 882 3383 eam,
916 3316 1194 3387 quoniam
1228 3333 1262 3372 a
1306 3316 1550 3373 Domino
1594 3322 1737 3375 erat.
1790 3318 2063 3376 Dicebam

417 3408 613 3461 autem
643 3404 764 3461 :Ne
791 3404 937 3460 forte
966 3404 1099 3460 dolo
1132 3420 1361 3461 mecum
1388 3408 1620 3478 agat,ab
1643 3407 1756 3463 alia
1774 3408 2067 3482 accipiens

417 3492 655 3566 pignus.
675 3493 787 3549 Sed
818 3509 1007 3565 neque
1027 3494 1491 3567 appropinquavi
1522 3494 1574 3550 ei
1602 3495 1860 3569 amplius
1880 3515 2069 3570 usque

419 3583 492 3639 ad
526 3586 773 3638 mortem
826 3598 1038 3650 meam,
1085 3583 1360 3654 quoniam
1412 3572 1927 3641 abominationem‘
1961 3587 2069 3643 feci

418 3670 573 3728 hanc
602 3671 663 3727 in
695 3670 853 3727 omni
885 3671 1158 3728 Israel.Et
1187 3671 1289 3743 qui
1320 3676 1484 3728 erant
1513 3672 1570 3728 in
1627 3673 1880 3743 civitate,
1912 3675 2069 3732 dice-

419 3759 565 3816 bant
596 3775 711 3815 non
742 3775 871 3815 esse
898 3759 958 3815 in
981 3760 1212 3816 civitate
1229 3761 1641 3833 desponsatam
1668 3781 1683 3832 ;
1707 3764 1987 3836 quoniam
2004 3782 2073 3820 ex

420 3848 534 3905 alio
565 3848 690 3904 loco
720 3848 963 3905 veniens
1009 3850 1082 3905 ad
1114 3849 1284 3906 breve
1314 3854 1551 3923 tempus
1583 3852 1734 3908 sedit
1774 3854 1833 3908 in
1865 3857 2069 3925 porta;

421 3942 480 3994 et
509 3937 883 4008 existimavit,
926 3938 1084 4010 quod
1117 3938 1318 3995 nullus
1348 3940 1616 4012 cognovit
1645 3958 1738 3998 me
1767 3941 2076 3999 intravisse

424 4027 497 4082 ad
529 4042 679 4081 eam.
710 4026 781 4081 Et
810 4031 943 4097 post
975 4026 1098 4083 haec
1128 4028 1397 4084 venimus
1427 4029 1486 4083 in
1533 4030 1844 4103 [Egyptum
1874 4031 1947 4088 ad
1977 4031 2074 4088 Jo-

424 4113 568 4186 seph
625 4118 857 4186 propter
903 4115 1137 4170 famem.
1189 4116 1587 4190 Quadraginta
1634 4135 1736 4175 sex
1781 4136 2074 4175 annorum

427 4217 611 4274 eram,
645 4206 702 4258 et
730 4202 1093 4274 septuaginta
1127 4207 1246 4259 tres
1277 4221 1463 4261 annos
1492 4205 1605 4260 vixi
1634 4205 1775 4262 illic.

500 4292 686 4348 XIII.«
714 4290 785 4346 Et
814 4308 970 4347 nunc
1000 4308 1363 4365 quiscunque
1391 4310 1497 4367 ego
1526 4295 1689 4351 vobis
1721 4297 1957 4367 mando,
1972 4313 2077 4353 au-

432 4380 551 4436 dite
580 4379 688 4436 filii
718 4379 854 4446 mei,
885 4379 917 4435 J
926 4380 1101 4437 udam
1135 4385 1358 4453 patrem
1388 4387 1669 4451 vestrum,
1700 4386 1760 4440 et
1789 4385 2080 4442 custodite

435 4485 639 4526 omnes
670 4483 971 4525 sermones
1002 4486 1184 4542 meos,
1208 4471 1278 4525 ad
1311 4470 1644 4527 faciendum
1674 4488 1878 4529 omnes
1900 4474 2080 4545 justi-

2180 3316 2315 3392 μέθῃ
2350 3338 2457 3391 μου
2489 3315 2756 3386 ἐλάλησα·
2789 3316 2879 3372 καὶ
2909 3315 3010 3371 οὐκ
3054 3313 3332 3386 ἠδυνήθην
3382 3313 3606 3370 ἀνελεῖν
3669 3316 3858 3383 az’m'y,

2177 3406 2262 3462 ὅτι
2317 3405 2465 3483 παρὰ
2511 3404 2710 3481 Κυρίου
2754 3406 2843 3475 ἦν.
2874 3404 3108 3480 Ἔλεγον
3139 3402 3264 3480 γάρ·
3300 3428 3327 3455 ‹‹
3355 3405 3600 3473 Μήποτε
3661 3404 3722 3459 ἐν
3778 3402 3859 3459 ὄιε-

2182 3495 2399 3567 λιότητι
2433 3493 2677 3565 ἐποίησε,
2697 3495 2843 3570 παρὰ
2872 3491 3052 3563 ἄλλης
3084 3488 3326 3549 λαϐοῦσα
3352 3493 3443 3546 τὸν
3476 3487 3813 3568 ἀρραϐῶνα.
3832 3517 3858 3543 ι

2176 3582 2333 3641 Ἀλλ’
2366 3580 2493 3639 οὐδὲ
2516 3581 2717 3659 ἤγγισα
2746 3581 2883 3657 αὐτῇ
2917 3579 2994 3637 ἔτι
3024 3578 3127 3644 ἕως
3155 3582 3385 3636 θανάτου
3426 3601 3562 3653 μου,
3602 3581 3701 3636 ὅτι
3741 3580 3857 3655 βδὲσ

2181 3671 2371 3748 λυγμα
2412 3671 2644 3742 ἐποίησα
2686 3675 2848 3727 τοῦτο
2897 3670 2950 3727 ἐν
2997 3669 3157 3727 παντὶ
3209 3667 3450 3746 Ἰσραήλ.
3499 3670 3689 3747 Καίγε
3731 3673 3786 3725 οἱ
3814 3671 3857 3725 ἐν

2178 3766 2249 3836 τῇ
2297 3759 2460 3817 πόλει
2507 3759 2722 3836 ἔλεγον,
2768 3761 2844 3834 μὴ
2894 3760 3026 3816 εἶναι
3079 3759 3131 3816 ἐν
3184 3762 3253 3833 τῇ
3302 3756 3463 3814 πόλει
3515 3756 3861 3833 τελισκομὲ-

2178 3870 2278 3921 νην
2313 3852 2444 3923 (88)·
2476 3847 2558 3904 ὅτι
2591 3848 2641 3922 ἐξ
2697 3845 2873 3904 ἄλλου
2921 3846 3136 3923 χωρίου
3185 3845 3415 3911 ἐλθοῦσα
3465 3846 3621 3920 πρὸς
3683 3848 3860 3924 βραχὸ

2182 3936 2417 3995 ἐκάθισεν
2478 3938 2529 3994 ἐν
2578 3941 2648 4011 τῇ
2692 3936 2860 4011 πύλην
2912 3936 3002 3992 καὶ
3060 3935 3304 4009 ἐνόμιζεν
3351 3936 3487 4006 (89),
3535 3933 3629 3989 ὅτι
3689 3934 3863 3997 οὐδεὶς

2183 4023 2345 4103 ἔγνω,
2371 4025 2453 4082 ὅτι
2485 4025 2738 4096 εἰσῆλθον
2771 4025 2848 4088 εἷς
2898 4025 3090 4097 αὐτήν.
3122 4024 3220 4079 Kal
3273 4023 3407 4096 μετὰ
3450 4026 3637 4078 ταῦτα
3684 4022 3863 4094 ἤλθο-

2188 4137 2281 4191 μεν
2316 4115 2391 4180 είς
2426 4114 2698 4191 Αἴγυπτον
2730 4114 2868 4190 πρὸς
2900 4114 3101 4189 Ἰωσὴφ
3132 4111 3222 4168 διὰ
3247 4112 3339 4167 τὸν
3373 4109 3570 4183 λιμόν·
3601 4113 3710 4187 μς¹
3732 4112 3859 4168 ἐτῶν

2183 4204 2220 4276 ἤ
2231 4227 2359 4281 μην,
2390 4204 2481 4260 καὶ
2521 4205 2601 4281 ογ¹
2633 4201 2799 4275 ἔζησα
2828 4202 2939 4259 ἐκεῖ
2967 4201 3083 4273 ἔτη.

2257 4295 2357 4352 II".
2389 4318 2416 4346 ‹‹
2450 4292 2548 4348 Kal
2576 4297 2667 4349 νῦν
2701 4290 2800 4348 ὅσα
2830 4289 2940 4367 ἐγὼ
2988 4291 3117 4365 ὑμῖν
3174 4284 3531 4362 ἐντέλλομαι,
3560 4287 3865 4361 ἀκούσατε,

2185 4384 2345 4439 τέκνα
2398 4403 2525 4456 μου,
2576 4378 2753 4439 Ἰούδα
2807 4384 2905 4436 τοῦ
2959 4380 3166 4456 πατρὸς
3214 4378 3384 4451 ὑμῶν,
3430 4376 3529 4431 καὶ
3578 4376 3869 4457 φυλάξατε

2187 4473 2387 4535 πάντας
2414 4470 2543 4533 τοὺς
2575 4468 2777 4546 λόγους
2810 4490 2937 4543 μου,
2970 4473 3067 4524 τοῦ
3114 4472 3288 4523 ποιεῖν
3324 4465 3501 4521 πάντα
3530 4468 3603 4522 τὰ
3641 4465 3867 4524 δικαιώ-

433 4558 735 4616 ﬂcationes
766 4557 1082 4629 Domini,et
1111 4559 1182 4615 ad
1211 4559 1602 4616 obediendum
1632 4562 1926 4619 mandatis
1955 4562 2072 4620 Dei.

2196 4582 2335 4636 μιτα
2382 4560 2608 4637 Κυρίου,
2656 4558 2747 4614 καὶ
2794 4556 3081 4613 ὑπακούειν
3129 4554 3350 4618 ἐντολὰς
3399 4558 3564 4613 Θεοῦ.
3611 4556 3730 4611 Καὶ
3789 4562 3859 4633 μή

434 4651 504 4703 Et
552 4665 667 4703 non
701 4646 1014 4703 ambuletis
1062 4652 1197 4719 post
1224 4648 1515 4705 desideria
1545 4653 1759 4717 vestra,
1792 4667 1981 4723 neque
2020 4652 2078 4709 in

433 4736 882 4810 cogitationibus
914 4735 1290 4793 consiliorum
1321 4740 1669 4803 vestrorum,
1703 4739 1761 4793 in
1806 4739 2081 4810 superbia

433 4825 625 4883 cordis
655 4823 914 4893 vestri,et
944 4840 1016 4880 ne
1045 4825 1379 4897 gloriamini
1407 4825 1468 4882 in
1497 4825 1771 4899 operibus
1793 4827 2081 4885 fortitudi-

524 5022 613 5096 48)
668 5018 742 5096 ρύ
822 5018 923 5096 γὰρ
961 5086 972 5096 _
1010 5013 1207 5096 ἤθελεν
1280 5016 1426 5095 ἔχειν
1496 5019 1661 5096 τέκνα
1734 5020 1827 5075 ἀπ’
1889 5018 2078 5096 αὐτῆς·

499 5036 613 5148 (48)
668 5036 742 5074 uo
822 5036 923 5143 va:
1010 5036 1201 5087 ηθεΛεν
1280 5036 1426 5095 εχειν
1500 5036 1661 5075 τεκνα
1734 5036 1824 5075 ἀπ’
1889 5036 2078 5090 αυτης·

425 5113 496 5149 κα
521 5114 584 5168 γε
649 5091 838 5168 οὗτος.
874 5086 1130 5168 ,πέθανεν
1189 5089 1241 5168 ἐν
1273 5089 1576 5168 Δπονηρίᾳ..
1762 5096 1884 5168 ταῖς
1934 5090 2079 5168 ᾑμέ-

426 5155 546 5242 ραιὲ
600 5166 697 5242 τος)
753 5158 1002 5242 θαλάμου
1059 5155 1463 5242 ἐπεγάμβρευσᾶ
1518 5155 1661 5242 αὐτῇ
1716 5163 1815 5242 ⁵τὸν
1873 5155 2071 5242 Δύναν·

424 5230 584 5311 καίγε
623 5233 797 5311 οὗτος·
832 5230 1183 5311 ἐν’πονηρίᾳξ
1222 5230 1325 5311 egi
1393 5230 1553 5311 ἔγνω.
1605 5230 1793 5311 αὐτὴν²
1846 5236 2080 5311 ποιήσας

428 5281 545 5363 σὺνΙ
579 5305 715 5378 αὐτῇ
780 5281 1187 5378 ἐνιαυτόνλῗςάὶ
1250 5303 1367 5378 6'15
1404 5281 1681 5378 ⁴ιῖξπείλησα
1727 5281 1881 5378 αύτῷ
1949 5281 2074 5361 aov-

429 5377 566 5463 ἦλθε
789 5374 947 5470 αὐτῇ»
997 5371 1261 5470 asilas
1294 5373 1389 5470 ἐξ
1428 5371 1500 5433 ’τὸ
1558 5371 1771 5470 eam
1826 5371 1913 5463 έὲτῖ
1954 5378 2076 5470 ,ξὴγ

432 5444 554 5525 γῆν,
620 5444 755 5503 κατᾶ
836 5444 935 5514 τήν
1008 5444 1232 5513 ἐντόλὴν
1289 5455 1391 5517 τῆς
1449 5444 1667 5523 μητρὸς
1697 5444 1898 5505 ἀύτοῦ.
1953 5444 2078 5506 Ηαέο

394 5523 493 5577 .in
525 5520 833 5579 Oxoniensi
871 5519 1067 5574 codice
1124 5517 1276 5573 male
1334 5527 1475 5577 sunt
1530 5522 1787 5578 omissa:
1846 5526 2078 5579 exstant

433 5608 571 5663 vero
600 5596 661 5649 in
690 5610 756 5649 eo
791 5588 1521 5663 sequentiarKatyeroEtoc
1571 5592 1827 5646 ἀπὲθανεν
1875 5591 1928 5646 ἐν
1975 5612 2077 5648 πο-

436 5662 621 5737 νηρίᾳ,
653 5680 777 5735 quae
807 5659 1355 5733 inCantabrigiensi
1387 5663 1618 5721 desunt.
1653 5664 1834 5721 (ἔπη.

2187 4650 2479 4725 πορεύεσθε
2511 4647 2686 4704 ὀπίσω
2713 4651 2819 4703 τῶν
2850 4646 3153 4720 ἐπιθυμιῶν
3196 4646 3372 4719 ὑμῶν,
3407 4641 3557 4717 μηδὲ
3604 4644 3857 4720 ἐνθυμή-

2188 4760 2300 4796 σεσι
2334 4733 2664 4795 διαϐουλίων
2691 4736 2864 4810 ὑμῶν,
2897 4734 2948 4791 ἐν
2984 4733 3322 4812 ὑπερηφανίᾳ
3382 4730 3622 4807 καρδίας
3684 4735 3849 4808 ὑμῶν,

2185 4828 2275 4885 καὶ
2338 4828 2415 4903 μή
2464 4827 2736 4902 καυχᾶσθε
2782 4824 2834 4881 ἐν
2884 4823 3067 4903 ἔργοις
3118 4822 3308 4900 ἰσχύος
3354 4820 3625 4894 νεότητος
3682 4822 3847 4897 ὑμῦτ,

2257 5023 2372 5096 (85)
2405 5021 2645 5096 Corma.
2677 5021 2741 5077 In
2772 5018 2989 5087 Graeco,
3018 5020 3290 5096 corrupit.
3316 5018 3401 5073 In.

2259 5087 2371 5167 (86)
2403 5091 2691 5167 Νεότητος.
2726 5096 2926 5167 Ψυχῆς
2954 5090 3044 5145 καὶ
3073 5087 3481 5167 τῆξνεότητος.
3520 5087 3613 5167 1P.

2280 5164 2374 5229 87)
2400 5168 2530 5221 Post
2558 5160 2652 5221 hos
2679 5160 2865 5219 anteiri
2890 5179 3185 5219 sermones.
3218 5160 3490 5229 Posthac.
3538 5161 3630 5216 In.

2281 5232 2385 5361 88;
2404 5233 2570 5291 Πόλει
2612 5231 3028 5306 τελισκομὲνην.
3080 5229 3237 5307 Πύλῃ
3278 5228 3718 5313 τελωνουμὲνην
3758 5232 3833 5313 ,ἶλ

2284 5313 2350 5361 Τε
2396 5304 2677 5361 ισκοιιὲνη.
2710 5323 2825 5361 non
2866 5310 2955 5361 est
2998 5305 3339 5361 desponsata.
3392 5308 3457 5358 ut
3505 5304 3713 5359 reddit
3756 5319 3833 5357 ιιι-

2187 5302 2677 5379 --’Τελισκομιὲνη,
2710 5302 2973 5379 ῃοοεετ
2998 5302 3362 5379 ᾰεδροπέαἰαη
3392 5308 3457 5379 ut
3505 5304 3713 5379 reddit
3756 5302 3834 5379 in-

2187 5384 2411 5453 terpres
2450 5372 2682 5453 Latine,
2734 5378 2835 5433 sed
2883 5372 3144 5453 δερνιιιῄι.
3175 5374 3367 5433 Semel
3416 5373 3644 5453 legith
3678 5376 3750 5453 in
3779 5372 3829 5427 5.

2188 5446 2399 5539 Spript.
2432 5451 2502 5506 de
2533 5454 2724 5539 scorto
2755 5447 3037 5538 masculo:
3067 5448 3302 5533 Denter.
3336 5463 3501 5539 ξιιμ,
3532 5446 3624 5539 3‘8,
3658 5446 3825 5500 Alex;

2187 5521 2288 5577 οὐκ
2315 5515 2458 5576 ἕσται
2484 5518 2886 5592 τελισκόμενος
2934 5518 3073 5592 πρὸς
3096 5522 3265 5592 πάσαν
3300 5515 3499 5592 εὐχήν.
3532 5516 3764 5574 Diues.

2258 5542 2288 5575 κ
2315 5538 2458 5576 εσται
2500 5538 2886 5590 τεΑισκομενος
2934 5539 2975 5573 π
3014 5539 3073 5580 ος
3096 5538 3265 5573 πασαν
3300 5538 3329 5571 ε

2258 5594 2371 5667 (89)
2400 5591 2498 5648 Καὶ
2530 5590 2800 5665 ἐνομιζεν.
2831 5538 3111 5663 Νομίῗων.
3144 5590 3329 5649 GnAB.
