4014 6226
206 399 347 463 1077

1447 394 2051 463 TESTAMENTUM
2090 395 2338 461 JUDE.

3450 404 3607 471 1078

200 529 276 587 ὅτι
304 527 455 607 καίγε
482 531 643 586 τοῦτο
671 526 909 607 πονηρὼ
942 526 994 585 ἐν
1032 527 1340 609 ὀφθαλμοῖς
1371 527 1591 606 Κυρίου.
1617 525 1833 595 Ἐπειδῆ

1955 529 2045 585 nis
2068 530 2397 600 juventutis
2429 536 2652 599 vestrae,
2687 534 2965 605 quoniam
2995 538 3053 591 et
3081 534 3191 592 hoc
3212 539 3301 593 est
3322 538 3605 610 pernicio-

200 622 294 697 γὰρ
338 619 492 696 κάγὼ
541 619 981 696 καυχησάμενος,
1014 616 1096 674 ὅτι
1141 618 1192 675 ἐν
1240 617 1511 694 πολέμοις
1564 618 1663 673 οὐκ
1704 616 1843 687 ἠπά-

198 710 320 781 τησέ
388 730 457 782 με
522 708 813 785 πρόσωπον
881 708 1134 785 γυναικὸς
1209 708 1509 788 εὐμόρφου,
1567 704 1838 776 ὠνείδιζον

194 794 431 872 Ῥουϐἠμ
460 799 550 854 τὸν
583 796 816 876 ἀδελφόν
851 819 954 871 μου
1005 797 1129 874 περὶ
1179 796 1396 860 Βαλλας
1443 797 1691 873 γυναικὸς
1736 815 1840 850 πα-

193 889 314 964 τρός
350 908 473 962 μου’
506 889 595 943 καὶ
624 887 687 943 τὸ
715 892 927 961 πνεῦμα
954 890 1051 942 τοῦ
1086 886 1257 957 ζήλου
1303 887 1393 942 καὶ
1436 892 1537 955 τῆς
1584 883 1838 960 πορνείας

194 977 517 1052 παρετάξατο
569 975 621 1033 ἐν
669 974 814 1050 ἐμοὶ,
862 973 967 1039 ἕως
1020 978 1281 1032 συνέπεσα
1320 975 1397 1039 εἴς
1447 975 1686 1046 Βησσουέ
1739 974 1839 1043 τὴν

193 1066 511 1138 Χαναναίαν,
562 1067 651 1123 καὶ
714 1065 789 1128 εἷς
849 1064 1037 1142 Θάμαρ
1103 1068 1206 1149 τὴν
1264 1069 1654 1145 νυμφευθεῖσαν
1722 1068 1838 1124 τοῖς

192 1158 327 1220 υἱοῖς
378 1178 503 1231 μου.
538 1157 637 1211 Καὶ
684 1152 872 1231 ἔλεγον
917 1159 997 1227 τῷ
1042 1146 1283 1232 πενθερῷ
1335 1173 1459 1229 μουο
1510 1178 1539 1206 ιι
1582 1146 1835 1227 Συμϐου-

190 1245 363 1303 λεύσω
404 1244 484 1318 τῷ
530 1244 693 1322 πατρί
744 1266 868 1319 μου,
900 1244 989 1300 καὶ
1039 1244 1212 1307 οὕτως
1244 1242 1497 1318 λήψομαι
1535 1244 1636 1312 τὴν
1678 1243 1837 1317 θυγα-

186 1335 311 1411 τέρα
340 1357 457 1394 σου.
492 1359 521 1387 ››
552 1336 651 1390 Καὶ
682 1331 847 1405 ἔδειξέ
893 1355 985 1407 μοι
1021 1325 1103 1389 ἐπ’
1150 1333 1373 1407 ὀνόματι
1422 1340 1521 1402 τῆς
1571 1330 1833 1407 θυγατρὸς

187 1424 347 1481 αὐτοῦ
377 1428 587 1501 χρυσοῦ
626 1423 839 1493 πλῆθος
889 1425 1130 1497 ἄπειρον·
1164 1423 1230 1493 ἧν
1278 1422 1378 1499 γὰρ
1428 1420 1700 1497 βασιλεύς.
1735 1420 1834 1474 Καὶ

187 1514 348 1584 αὐτὴν
379 1515 665 1587 κοσμήσας
695 1512 746 1567 ἐν
778 1511 993 1587 χρυσίῳ
1030 1512 1120 1568 καὶ
1172 1510 1549 1588 μαργαρίταις,
1583 1508 1831 1580 ἐποίησεν

183 1605 315 1677 ἡμῖν
350 1603 622 1680 οἰνοχοεῖν
655 1603 706 1657 ἐν
736 1606 815 1675 τῷ
846 1598 1067 1675 δείπνῳ,
1101 1600 1151 1656 ἐν
1183 1600 1380 1657 κάλλει
1407 1603 1694 1677 γυναικῶν.
1733 1597 1831 1653 Καὶ

183 1694 211 1748 ὁ
258 1692 406 1756 οἶνος
456 1690 731 1768 διέστρεψέ
782 1713 875 1766 μοι
940 1691 1069 1754 τοὺς
1100 1688 1442 1771 ὀφθαλμὸὺς,
1493 1689 1584 1744 καὶ
1650 1686 1832 1761 ἠμαύ-

184 1802 323 1858 ρωσε
366 1782 467 1852 τὴν
516 1778 736 1856 καρδίαν
787 1802 891 1854 μοο
922 1783 958 1851 ἡ
989 1778 1186 1851 ἡδονή.
1220 1778 1320 1834 Καὶ
1369 1777 1607 1856 ἐρασθεὶς
1665 1776 1833 1847 αὐτῆς

1951 635 2083 674 sum
2118 619 2176 674 in
2208 619 2393 676 oculis
2424 621 2677 678 Domini.
2710 622 2855 687 Quia
2884 623 3041 680 enim
3073 630 3129 681 et
3158 641 3264 697 ego
3314 627 3599 700 gloriatus

1950 724 2104 777 sum,
2128 710 2277 778 quod
2306 709 2362 764 in
2396 709 2564 766 bellis
2595 728 2709 767 non
2743 711 2969 785 decepit
3001 729 3094 769 me
3126 715 3301 772 facies
3334 717 3600 774 mulieris

1950 798 2239 864 formosas,
2274 800 2481 869 probro
2514 800 2676 856 all‘eci
2719 800 2923 857 Ruben
2984 803 3221 860 fratrem
3271 821 3468 861 meum
3525 808 3599 865 de

1948 885 2111 942 Balla
2140 903 2318 943 uxore
2348 888 2530 959 patris
2562 888 2712 944 mei:
2746 894 2802 944 et
2830 890 3074 961 spiritus
3102 891 3208 947 zeli
3239 898 3295 949 et
3341 894 3599 951 fornica-

1948 974 2124 1031 tionis
2157 976 2421 1032 constitit
2447 976 2507 1031 in
2542 993 2653 1049 me,
2686 978 2868 1034 donec
2898 978 3076 1035 incidi
3107 981 3165 1037 in
3198 982 3414 1039 Bessue
3444 984 3597 1040 Cha-

1948 1080 2233 1135 nanzeam,
2267 1068 2322 1120 et
2351 1063 2409 1119 in
2440 1065 2696 1122 Thamar
2724 1071 2967 1139 nuptam
3000 1067 3138 1125 ﬁliis
3168 1071 3332 1127 meis.
3354 1073 3422 1127 Et
3442 1073 3597 1129 dice-

1946 1153 2082 1208 bam
2143 1170 2342 1209 socero
2375 1170 2541 1211 meo:
2605 1156 2971 1213 Persuadebo
3028 1159 3178 1229 patri
3236 1177 3386 1230 meo,
3421 1165 3479 1216 et
3518 1162 3598 1217 ita

1946 1242 2229 1315 accipiam
2263 1241 2443 1297 filiam
2466 1247 2651 1299 tuam.
2675 1244 2744 1299 Et
2763 1245 3021 1301 ostendit
3040 1247 3182 1302 mihi
3207 1250 3441 1305 nomine
3464 1251 3595 1307 filiae

1946 1349 2065 1388 suae
2097 1332 2220 1387 auri
2245 1331 2683 1387 multitudinem
2707 1333 2997 1390 inﬁnitam
3026 1341 3184 1404 ;erat
3206 1339 3361 1393 enim
3386 1355 3503 1395 rex.
3531 1341 3597 1395 Et

1944 1436 2077 1477 cum
2110 1425 2377 1476 ornasset
2404 1437 2531 1477 eam
2566 1438 2707 1477 auro
2737 1427 2793 1478 et
2833 1424 3188 1496 margaritis,
3247 1427 3378 1482 fecit
3426 1430 3595 1485 nobis

1941 1509 2144 1566 vinum
2176 1510 2395 1565 effundi
2428 1509 2487 1564 in
2511 1510 2769 1579 ccena,in
2794 1511 3229 1583 pulchritudine
3254 1515 3592 1573 mulierum.

1942 1599 2012 1654 Et
2040 1598 2239 1654 vinum
2273 1598 2545 1670 pervertit
2576 1598 2776 1655 oculos
2809 1616 2991 1666 meos,
3024 1606 3080 1657 et
3104 1604 3441 1660 obscuravit
3497 1622 3598 1663 cor

1944 1703 2139 1743 meum
2184 1686 2473 1758 voluptas.
2540 1688 2607 1742 Et
2663 1687 3006 1745 desiderans
3061 1706 3190 1746 eam
3247 1694 3493 1763 concidi,
3540 1699 3597 1751 et

1940 1780 2349 1850 transgressus
2381 1792 2514 1831 sum
2548 1777 2893 1833 mandatum
2913 1778 3145 1834 Domini
3168 1785 3224 1836 et
3246 1784 3591 1840 mandatum

178 1868 459 1944 συνέπεσα,
489 1869 580 1926 καὶ
628 1865 871 1947 παρέϐην
922 1867 1149 1938 ἐντολὴν
1196 1866 1429 1945 Κυρίου,
1465 1866 1557 1923 καὶ
1602 1864 1829 1935 ἐντολὴν

1951 1870 2176 1938 patrum
2209 1881 2494 1932 meorum,
2522 1869 2579 1921 et
2607 1865 2800 1937 accepi
2832 1882 2961 1922 eam
2994 1867 3053 1922 in
3089 1885 3347 1927 uxorem.
3381 1872 3451 1927 Et
3501 1889 3592 1928 se-

179 1960 426 2036 πατέρων
482 1981 610 2033 μου,
657 1959 748 2016 καὶ
810 1952 1007 2015 ἔλαϐον
1074 1957 1242 2027 αὐτὴν
1312 1957 1388 2020 εἷς
1439 1961 1681 2034 γυναῖκα.
1734 1956 1831 2010 Καὶ

1951 1954 2204 2010 cundum
2235 1953 2547 2010 consilium
2580 1954 2772 2010 cordis
2804 1955 2916 2011 mei
2949 1956 3215 2013 retribuit
3236 1958 3379 2014 mihi
3402 1959 3593 2016 Domi-

178 2045 525 2103 ἀνταπέδωκέ
557 2068 649 2122 μοι
680 2046 879 2123 Κύριος
906 2047 1043 2103 κατά
1078 2045 1141 2102 τὸ
1192 2040 1508 2101 διαϐούλιον
1552 2050 1654 2113 τῆς
1699 2063 1831 2119 καρ-

179 2134 295 2199 δίας
329 2158 456 2211 μου,
488 2135 571 2192 ὅτι
604 2135 703 2193 οὐκ
741 2135 1042 2215 εὖφράνθην
1078 2134 1130 2191 ἐν
1151 2140 1270 2198 τοῖς
1299 2132 1503 2196 τέκνοις
1535 2132 1723 2204 αὐτῆς.

247 2228 347 2282 ΙΔ’.
380 2250 411 2281 ι‹
444 2225 543 2282 Καὶ
601 2223 713 2295 νῦν,
752 2225 914 2281 τέκνα
963 2244 1090 2298 μου,
1143 2225 1218 2297 μὴ
1293 2222 1617 2297 μεθύσκεσθε
1676 2218 1830 2295 οἷ’νῳ·

173 2313 259 2372 ὅτι
290 2315 434 2377 οἶνος
482 2312 788 2393 διαστρέφει
833 2315 925 2369 τὸν
972 2318 1097 2368 νοῦν
1147 2314 1252 2369 ἀπὸ
1301 2319 1402 2383 τῆς
1435 2310 1711 2384 ἀληθείας,
1742 2310 1833 2366 καὶ

174 2399 447 2479 ἐμϐάλλει
497 2404 666 2480 ὀργὴν
699 2405 812 2476 (90)
843 2401 1155 2475 ἐπιθυμίας,
1185 2400 1277 2457 καὶ
1325 2398 1520 2477 ὁδηγεῖ
1566 2399 1642 2462 είς
1690 2397 1834 2454 πλά-

171 2516 275 2565 νην
324 2492 450 2556 τοὺς
501 2492 845 2570 ὀφθαλμούς.
896 2491 967 2546 Τὸ
1016 2490 1120 2569 γὰρ
1168 2494 1385 2564 πνεῦμα
1429 2496 1532 2560 τῆς
1576 2486 1833 2566 πορνείας

173 2584 268 2638 τὸν
322 2582 490 2651 οἶνον,
541 2581 615 2644 ὡς
682 2580 929 2637 διάκονον
980 2581 1118 2657 πρὸς
1164 2579 1261 2642 τὰς
1312 2576 1510 2650 ἡδονᾶς
1569 2574 1686 2653 ἔχει
1735 2580 1835 2632 τοῦ

171 2670 323 2733 νοός’
358 2669 443 2725 ὅτι
491 2669 647 2745 καίγε
694 2672 761 2725 τὰ
804 2668 899 2725 δύο
948 2673 1115 2724 ταῦτα
1154 2669 1415 2746 ἀφιστῶσι
1444 2667 1544 2736 τήν
1607 2663 1832 2739 δύναμιν

171 2758 276 2815 τοῦ
306 2760 612 2834 ἀνθρώπου.
646 2760 770 2814 Ἐὰν
819 2757 920 2836 γάρ
966 2778 1050 2820 τις
1095 2756 1192 2832 πίῃ
1239 2756 1384 2811 οἶνον
1432 2755 1509 2819 είς
1564 2753 1752 2829 μέθην,
1785 2752 1837 2808 ἐν

177 2848 564 2925 διαλογισμοῖς
651 2847 913 2925 ῥυπαροῖς
997 2844 1344 2922 συνταράσσει
1409 2846 1501 2900 τὸν
1566 2848 1691 2899 νοῦν
1757 2841 1833 2906 είς

178 2936 459 3015 πορνείαν,
488 2936 577 2993 καὶ
617 2936 955 3011 έκθερμαίνει
998 2936 1062 2990 τὸ
1112 2939 1269 3008 σῶμα
1318 2932 1394 2996 εἲς
1447 2931 1609 3006 μίξιν
1649 2931 1739 2986 καὶ
1788 2931 1833 2986 εἷ

180 3026 409 3103 πάρεστι
450 3024 515 3081 τὸ
543 3032 641 3095 τῆς
672 3025 958 3099 ἐπιθυμίας
1014 3019 1209 3091 αἴτιον,
1241 3020 1466 3097 πράσσει
1514 3022 1613 3090 τὴν
1664 3021 1836 3094 ἁμαρ-

175 3114 301 3171 τίαν
328 3117 461 3189 (91),
491 3113 579 3170 καὶ
612 3114 712 3169 οὐκ
757 3112 1092 3189 αἰσχύνεται.
1124 3109 1382 3173 Τοιοῦτός
1433 3111 1573 3165 ἐστιν
1606 3110 1634 3164 ὁ
1665 3108 1833 3181 οἶνος,

173 3203 343 3261 τέκνα
392 3224 519 3277 μου,
565 3202 647 3258 ὅτι
696 3204 725 3258 6
776 3201 984 3277 μεθύων
1034 3198 1187 3256 οὐδὲν
1242 3197 1490 3255 αἰδεῖται.
1544 3195 1684 3255 Ἰδοὺ
1728 3198 1833 3273 γὰρ

174 3293 327 3367 κάμὲ
357 3260 649 3365 ἐπλάνησε,
686 3260 1143 3368 μὴΙαίσχυνθῆναι
1175 3288 1386 3358 πλῆθος
1436 3286 1488 3343 ἐν
1536 3290 1606 3361 τῇ
1653 3260 1835 3342 πόλεί’
1869 3260 1913 3329 C

176 3382 269 3439 ὅτι
302 3381 353 3437 ἐν
390 3380 699 3461 ὀφθαλμοῖς
738 3380 948 3435 πάντων
1000 3377 1242 3450 ἐξέκλινα
1292 3377 1429 3454 πρὸς
1473 3377 1572 3445 τὴν
1624 3374 1835 3451 Θάμαρ,

171 3472 275 3527 καὶ
323 3470 553 3541 ἐποίησα
600 3469 861 3547 ἁμαρτίαν
916 3466 1185 3545 μεγάλην,
1237 3465 1327 3523 καὶ
1393 3463 1703 3539 ἀνεκάλυψα
1748 3462 1839 3518 κά-

176 3561 385 3635 λυμμα
411 3558 732 3636 ἀκαθαρσίας
762 3560 890 3614 υἱῶν
932 3579 1056 3631 μου.
1093 3555 1239 3611 Πιὼν
1288 3554 1454 3625 οἶνον,
1490 3553 1589 3608 οὐκ
1634 3550 1840 3628 ήσχύν-

181 3662 290 3721 θην
321 3650 421 3719 τήν
456 3646 683 3718 ἐντολὴν
714 3651 812 3703 τοῦ
843 3650 999 3718 Θεοῦ,
1030 3645 1118 3700 καὶ
1153 3637 1349 3700 ἔλαϐον
1398 3646 1622 3719 γυναῖκα
1672 3647 1844 3696 Χανα-

172 3737 361 3796 ναίαν.
395 3736 670 3800 Συνέσεως
696 3737 802 3813 γὰρ
832 3734 1030 3812 χρῄζει
1062 3734 1091 3788 ὁ
1120 3733 1260 3788 πιὼν
1297 3730 1463 3798 οἶνον,
1494 3731 1654 3786 τέκνα
1712 3748 1837 3803 μου·

173 3828 280 3884 καὶ
307 3826 438 3898 αὕτη
474 3825 614 3881 ἐστὶν
642 3828 678 3896 ἡ
712 3824 922 3887 σύνεσις
951 3828 1053 3893 τῆς
1086 3818 1416 3893 οἷνοποσίας,
1442 3816 1533 3875 ἵνα
1559 3814 1666 3882 ’έως
1714 3816 1841 3874 ὅτου

174 3913 306 3993 ἔχει
336 3913 495 3984 αἷδὼ,
526 3914 644 3989 πίῃο
680 3913 768 3969 ἐὰν
803 3910 860 3968 δὲ
904 3909 1149 3987 παρέλθῃ
1193 3910 1285 3965 τὸν
1335 3907 1462 3984 ὅρον
1504 3912 1718 3977 τοῦτον,
1752 3906 1846 3981 έμ-

178 4000 387 4061 ϐάλλει
418 4004 493 4066 εἷς
520 4002 613 4058 τὸν
648 4005 769 4057 νοῦν
800 4000 863 4057 τὸ
890 4003 1106 4073 πνεῦμα
1144 4006 1245 4069 τῆς
1293 3997 1528 4069 πλάνης,
1558 3996 1649 4053 καὶ
1695 4000 1845 4051 ποιεῖ

172 4093 280 4151 τὸν
330 4092 555 4168 μέθυσον
621 4089 1144 4168 αἷσχρορῥημονεῖν,
1193 4088 1283 4143 καὶ
1348 4090 1704 4162 παρανομεῖν,
1751 4084 1843 4140 καὶ

177 4184 271 4257 μή
323 4180 689 4257 αἲσχύνεσθαι,
721 4177 848 4235 ἀλλ’
897 4176 1258 4255 ἐμαυχᾶσθαι
1307 4180 1376 4251 τῇ
1428 4175 1642 4250 ἀτιμίᾳ,
1690 4172 1845 4247 νομί-

180 4279 355 4342 ζοντα
383 4270 517 4326 εἶναι
546 4268 735 4327 καλόν.
1654 4336 1656 4338 ν

264 4364 364 4417 ΙΕ’.
401 4384 430 4412 ‹‹
471 4360 528 4415 Ὁ
574 4359 876 4435 πορνεύων,
924 4354 1014 4412 καί
1089 4352 1463 4432 γυμνούμενος
1526 4358 1627 4422 τῆς
1699 4353 1847 4427 βασι-

174 4448 343 4511 λείας
375 4450 511 4519 (92),
542 4446 815 4524 ἐξέρχεται
848 4448 985 4520 (93),
1017 4442 1317 4509 δουλωθεὶς
1372 4446 1443 4516 τῇ
1493 4440 1737 4519 πορνείᾳ,
1769 4440 1843 4497 ὡς

170 4537 344 4616 κάγὼ
372 4535 703 4614 γυμνωθείς.
730 4532 949 4590 Ἔδωκα
974 4535 1077 4611 γάρ
1125 4534 1225 4601 τὴν
1278 4526 1473 4608 ῥάϐδον
1527 4551 1653 4604 μου,
1683 4550 1843 4584 τουτ-

1944 2060 2057 2100 nus
2088 2044 2365 2116 quoniam
2398 2060 2513 2099 non
2544 2042 2773 2100 lmtatus
2803 2061 2935 2100 sum
2967 2045 3027 2101 in
3058 2045 3196 2104 ﬁliis
3224 2049 3372 2120 ejus.

2015 2222 2153 2278 XIV.
2186 2245 2213 2273 «
2248 2224 2319 2278 Et
2348 2240 2526 2295 nunc,
2562 2222 2664 2278 filii
2699 2223 2834 2291 mei,
2883 2238 2957 2280 ne
3006 2224 3374 2282 inebriemini
3419 2228 3593 2298 vino;

1943 2313 2221 2385 quoniam
2261 2312 2460 2367 vinum
2514 2313 2722 2368 avertit
2770 2312 3131 2370 intellectum
3165 2332 3199 2371 a
3226 2316 3488 2383 veritate,
3541 2323 3599 2375 et

1944 2402 2149 2457 imittit
2177 2401 2324 2457 iram
2358 2401 2657 2469 desiderii,
2702 2406 2759 2457 et
2788 2402 2948 2458 ducit
2975 2403 3034 2458 in
3064 2420 3321 2461 errorem
3373 2406 3596 2464 oculos.

1943 2490 2201 2563 Spiritus
2232 2489 2390 2545 enim
2424 2490 2822 2546 fornicationis
2848 2491 3046 2547 vinum
3074 2497 3140 2548 ut
3159 2493 3496 2551 ministrum
3522 2497 3595 2553 ad

1942 2579 2272 2651 voluptates
2302 2579 2477 2635 habet
2509 2580 2721 2635 mentis
2750 2598 2763 2648 ;
2798 2581 3075 2652 quoniam
3107 2586 3161 2638 et
3193 2583 3307 2639 duo
3335 2584 3454 2640 haec
3490 2603 3595 2641 au-

1944 2669 2137 2725 ferunt
2166 2669 2485 2741 potentiam
2520 2668 2804 2724 hominis.
2836 2669 2892 2724 Si
2922 2670 3078 2725 enim
3120 2671 3333 2743 aliquis
3382 2674 3599 2731 biberit

1941 2757 2143 2813 vinum
2174 2756 2233 2813 in
2266 2757 2632 2828 ebrietatem,
2675 2758 3125 2830 cogitationibus
3157 2762 3410 2820 sordidis
3462 2780 3597 2820 con-

1943 2847 2144 2902 turbat
2162 2844 2521 2902 intellectum
2555 2846 2614 2902 in
2632 2846 3166 2915 fornicationem,et
3186 2851 3450 2906 accendit
3473 2868 3597 2907 cor-

1943 2953 2056 3009 pus
2086 2937 2159 2991 ad
2190 2935 2526 2991 mistionem
2554 2953 2568 3003 ;
2602 2939 2659 2991 et
2679 2936 2726 2992 si
2752 2937 2918 2992 adest
2942 2937 3217 2993 desiderii
3240 2956 3438 3010 causa,
3463 2957 3598 3014 ope-

1942 3028 2109 3081 ratur
2136 3029 2463 3098 peccatum,
2487 3028 2544 3081 et
2565 3041 2680 3081 non
2702 3026 3064 3082 suffunditur
3082 3028 3324 3098 pudore.
3348 3028 3486 3085 Tale
3507 3034 3600 3087 est

1942 3113 2167 3181 vinum,
2197 3113 2301 3168 filii
2336 3114 2473 3183 mei,
2506 3114 2783 3186 quoniam
2842 3114 3040 3170 ebrius
3085 3115 3233 3170 nihil
3280 3118 3593 3176 erubescit.

1949 3203 2091 3259 Ecce
2118 3203 2274 3259 enim
2301 3206 2357 3258 et
2388 3218 2480 3258 me
2508 3219 2700 3259 errare
2726 3203 2881 3273 fecit,
2915 3207 2981 3259 ut
3023 3220 3137 3259 non
3190 3206 3595 3264 erubescerem

1951 3293 2023 3349 ob
2047 3291 2486 3347 multitudinem
2510 3291 2569 3346 in
2585 3292 2851 3362 civitate;
2876 3294 3154 3365 quoniam
3176 3293 3235 3349 in
3258 3294 3443 3351 oculis
3470 3313 3597 3351 om-

1948 3380 2111 3437 nium
2143 3380 2427 3436 declinavi
2461 3381 2533 3436 ad
2565 3381 2841 3450 Thamar,
2876 3389 2933 3438 et
2962 3382 3068 3438 feci
3119 3387 3423 3455 peccatum
3473 3401 3598 3439 ma-

1946 3487 2150 3544 gnum,
2181 3474 2239 3526 et
2298 3468 2539 3526 revelavi
2590 3469 2856 3526 velamen
2906 3471 3294 3527 immunditiae
3341 3472 3597 3529 ﬁliorum

1950 3576 2234 3616 meorum.
2268 3558 2412 3614 Cum
2446 3558 2705 3614 biberem
2736 3560 2964 3628 vinum,
3005 3577 3121 3616 non
3171 3563 3598 3618 verecundatus

1949 3666 2081 3706 sum
2102 3649 2442 3705 mandatum
2463 3647 2586 3713 Dei,
2618 3652 2674 3703 et
2696 3649 2892 3721 accepi
2915 3664 3154 3705 uxorem
3184 3650 3596 3706 Chananaeam.

1949 3739 2187 3811 Propter
2216 3738 2371 3809 quod
2406 3736 2701 3792 intellectu
2735 3754 2884 3809 opus
2913 3737 3111 3804 habet,
3172 3739 3269 3808 qui
3322 3739 3471 3794 bibit
3512 3740 3601 3793 vi-

1948 3844 2114 3895 num,
2149 3827 2253 3881 filii
2284 3826 2434 3893 mei;
2467 3831 2524 3881 et
2553 3826 2604 3881 is
2635 3829 2726 3881 est
2753 3825 3085 3882 intellectus
3116 3827 3234 3882 vini
3261 3829 3600 3900 potationis,

1953 3921 2016 3973 ut
2044 3916 2305 3988 quandiu
2340 3914 2514 3970 habet
2559 3916 3050 3985 erubescentiam,
3110 3916 3307 3986 bibat;
3369 3917 3417 3973 si
3467 3932 3601 3973 vero

1950 4009 2212 4062 transeat
2227 4003 2542 4060 terminum
2558 4003 2735 4070 hunc,
2762 4004 3027 4059 immittit
3040 4004 3097 4059 in
3115 4004 3470 4061 intellectum
3486 4005 3601 4078 spi-

1952 4096 2133 4152 ritum
2165 4093 2398 4162 erroris,
2432 4092 2532 4164 qui
2566 4093 2701 4147 facit
2726 4093 2952 4148 ebrium
2982 4093 3180 4166 turpia
3210 4093 3389 4165 loqui,
3415 4098 3471 4150 et
3491 4094 3603 4149 ini-

1953 4201 2069 4258 qua
2099 4199 2288 4256 agere,
2320 4187 2378 4237 et
2408 4198 2522 4237 non
2553 4182 2963 4251 verecundari,
3007 4182 3109 4238 sed
3148 4186 3207 4238 et
3255 4183 3493 4256 gloriari
3541 4183 3603 4238 in

1952 4271 2301 4346 ignominia.
2332 4270 2702 4327 existimante
2717 4286 2907 4327 messe
2949 4270 3195 4326 bonum.

2026 4361 2143 4418 XV.
2181 4383 2201 4409 ι
2235 4360 2342 4424 Qui
2374 4359 2711 4426 fornicatur,
2744 4363 2801 4415 et
2827 4360 3085 4415 nudatus
3128 4376 3324 4433 regno,
3375 4360 3602 4432 egredi-

1952 4455 2070 4519 tur,
2097 4467 2299 4505 servus
2329 4450 2565 4505 effectus
2598 4447 2985 4515 fornicationi,
3018 4448 3174 4503 sicut
3203 4454 3261 4502 et
3289 4464 3392 4520 ege
3415 4449 3605 4503 nuda-

1953 4544 2050 4595 tus
2081 4554 2236 4594 sum.
2270 4537 2413 4593 Dedi
2445 4536 2603 4592 enim
2628 4534 2811 4607 (aliis)
2835 4534 3061 4606 virgam
3092 4550 3310 4602 meam,
3342 4534 3451 4591 hoc
3491 4537 3605 4602 est,

171 4626 331 4699 ἐστι,
373 4624 437 4682 τὸ
480 4626 760 4701 στήριγμα
804 4630 905 4694 τῆς
954 4622 1093 4696 ἐμῆς
1140 4620 1337 4699 φυλῆς’
1371 4618 1462 4675 καὶ
1508 4619 1608 4689 τήν
1662 4618 1833 4689 ζώνην

1951 4628 2387 4684 ﬁrmamentum
2410 4641 2552 4680 meas
2573 4624 2800 4691 tribus;
2822 4627 2879 4679 et
2898 4640 3106 4678 zonam
3130 4640 3342 4689 meam,
3363 4623 3470 4678 hoc
3491 4626 3602 4691 est,

179 4736 330 4793 μου,
384 4712 651 4785 τουτέστι,
700 4711 946 4785 δύναμινο
1000 4709 1090 4766 καὶ
1157 4710 1221 4765 τὸ
1269 4706 1532 4781 διάδημα,
1581 4706 1846 4777 τουτέστι,

168 4805 298 4875 τὴν
350 4800 504 4878 δόξαν
552 4805 653 4873 τῆς
706 4798 982 4878 βασιλείας
1018 4820 1143 4873 μου.
1175 4796 1341 4873 Καίγε
1386 4798 1718 4870 μετανοήσας
1759 4794 1849 4851 ἐπὶ

162 4892 432 4963 τούτοις,
458 4892 602 4949 οἶνον
631 4890 721 4946 καὶ
760 4888 922 4967 κρέας
952 4887 1053 4944 οὐκ
1080 4881 1277 4943 ἔλαϐον
1295 4883 1400 4949 ἕως
1422 4888 1619 4962 γῆρας,
1637 4885 1726 4941 καὶ
1754 4890 1852 4940 πᾶ-

170 5004 293 5040 σαν
322 4979 655 5061 εὐφροσύνην
706 4978 806 5035 ούκ
852 4975 1016 5036 εἶδον.
1052 4975 1147 5031 Καὶ
1206 4973 1371 5046 ἔδειξέ
1430 4996 1523 5048 μοι
1556 4975 1585 5030 ὁ
1616 4972 1852 5050 ἄγγελος

161 5075 295 5131 τοῦ
323 5074 477 5141 Θεοῦ,
502 5069 585 5126 ὅτι
615 5067 721 5132 ἕως
750 5071 847 5122 τοῦ
878 5064 1207 5138 αἰῶνος,κᾶν
1241 5062 1473 5140 βασιλεῖ,
1486 5062 1582 5118 κᾶν
1613 5063 1850 5140 πτωχῷ,

166 5162 251 5219 αἱ
310 5163 561 5235 γυναῖκες
612 5154 1110 5231 κατακυριεύσουσι,
1157 5153 1249 5208 καὶ
1288 5156 1387 5208 τοῦ
1438 5153 1532 5225 μὲν
1581 5149 1850 5229 βασιλέως

161 5252 387 5329 ἆροῦσι
431 5250 532 5319 τὴν
584 5244 762 5318 δόξαν,
793 5248 890 5299 τοῦ
940 5240 999 5298 δὲ
1046 5239 1309 5329 ἀνδρείου
1338 5242 1437 5311 τὴν
1479 5239 1730 5315 δύναμιν,
1759 5239 1851 5296 καὶ

160 5343 296 5398 τοῦ
350 5342 583 5415 πτωχοῦ
636 5336 700 5392 τὸ
753 5338 852 5403 τῆς
895 5330 1173 5407 πτωχείας
1220 5328 1509 5407 ἐλάχιστον
1551 5332 1849 5406 στήριγμα.

271 5518 385 5591 (90)
423 5516 650 5592 Ὀργήν.
683 5513 964 5585 Suspicor
990 5510 1305 5584 legendum
1340 5508 1542 5584 ὁρμήν,
1570 5512 1852 5583 impetum,

165 5593 389 5652 Gms.

414 5656 732 5734 ’Δμαρτίαν.
765 5650 1204 5734 ’βπιθυμίανμιῐλ

276 5663 365 5717 (91
414 5662 732 5734 ’Δμαρτίαν.
766 5662 1087 5727 Ἐπιθυμίαν
1120 5662 1204 5710 ID.

276 5662 396 5808 (92)
420 5728 521 5787 Καὶ
586 5724 964 5806 γυμνούμενος
1046 5729 1146 5794 τῆς
1232 5719 1531 5800 βασιλείας.
1608 5719 1853 5797 Ζημιοῦ-

1959 4717 2277 4790 potentiam
2305 4733 2319 4785 ;
2351 4719 2409 4770 et
2438 4713 2729 4780 diadema,
2765 4711 2873 4767 hoc
2901 4716 2990 4767 est
3009 4710 3256 4783 gloriam
3278 4710 3440 4783 regni
3466 4711 3604 4767 mei.

1959 4807 2029 4863 Et
2056 4804 2340 4878 pcsnitens
2366 4804 2435 4859 de
2464 4802 2578 4873 his,
2612 4801 2812 4856 vinum
2844 4804 2901 4856 et
2931 4816 3139 4856 carnes
3169 4817 3284 4856 non
3307 4800 3609 4873 assumpsi

1960 4910 2148 4967 usque
2178 4894 2250 4949 ad
2282 4894 2664 4956 senectutem,
2695 4894 2754 4945 et
2792 4904 3030 4945 omnem
3060 4887 3320 4944 laetitiam
3366 4890 3609 4946 nescivi.

1960 4986 2027 5039 Et
2054 4981 2312 5039 ostendit
2342 4979 2487 5036 mihi
2512 4977 2756 5051 angelus
2790 4977 2909 5049 Dei,
2942 4977 3101 5049 quod
3124 4993 3312 5049 usque
3342 4977 3401 5033 in
3434 4995 3610 5034 saecu-

1959 5071 2107 5140 lum,
2126 5074 2183 5127 et
2206 5069 2350 5142 regi,
2375 5074 2431 5124 et
2451 5067 2723 5140 pauperi,
2747 5065 3023 5122 mulieres
3038 5065 3526 5135 dominabuntur;
3552 5070 3612 5123 et

1960 5161 2114 5233 regis
2131 5159 2367 5232 quidem
2390 5156 2592 5214 tollent
2611 5154 2858 5228 gloriam
2886 5158 2944 5209 et
2960 5153 3146 5209 virilis
3178 5155 3517 5225 potentiam,
3550 5158 3611 5210 et

1962 5248 2237 5323 pauperis
2268 5245 2629 5321 paupertatis
2660 5243 2975 5299 minimum
3006 5243 3466 5298 ﬁrmamentum.

1967 5525 2125 5581 μενος
2159 5502 2258 5559 οὐκ
2283 5502 2606 5581 αἰσθάνεται,
2636 5498 2726 5555 καὶ
2750 5496 2947 5581 ,ἄδοξον
2997 5496 3098 5581 οὐκ
3136 5495 3471 5581 αἰσχύνεται.
3505 5496 3611 5554 Κᾶν
3648 5550 3651 5553 .

1962 5568 2534 5654 γάρᾼτιςᾳβασιλεύσῃ,
2562 5568 2845 5654 πορνεύων
2872 5568 3283 5646 γυμνούμενος.
3320 5571 3401 5627 ID.

2040 5644 2154 5721 (93)
2186 5644 2518 5723 Ἐξέρχεται.
2553 5644 2681 5699 Οὐκ.
2716 5644 2798 5701 ID.
