4014 6226
388 360 547 429 1079

392 587 547 645 Sunt
584 584 742 641 enim
774 583 834 639 in
864 599 929 640 eo
961 587 1213 655 quatuor
1243 583 1488 656 spiritus
1519 582 1867 656 perniciosi;
1904 599 2041 638 con-

395 673 789 749 cupiscentias,
819 670 1326 738 inﬂammationis,
1356 670 1619 739 luxuriae,
1642 675 1699 728 et
1726 671 1920 742 turpis
1950 669 2042 727 lu-

396 765 502 823 cri.
531 764 589 819 Si
618 762 836 819 hibatis
864 760 1071 817 vinum
1120 761 1179 816 in
1225 760 1447 829 laetitia,
1494 777 1628 815 cum
1681 761 1892 815 timore
1945 759 2045 815 Dei

396 856 825 921 erubescentes,
857 850 1085 907 vivetis.
1118 849 1177 905 Si
1208 852 1364 905 enim
1411 848 1627 904 bibatis
1676 865 1793 905 non
1839 848 2044 905 erube-

398 948 649 1013 scentes,
683 947 739 997 et
769 942 1001 997 recedat
1033 940 1133 995 Dei
1166 939 1362 1010 timor,
1379 940 1505 1009 jam
1526 938 1778 994 efﬁcitur
1797 938 2047 993 ebrietas

401 1038 460 1091 et
487 1033 784 1089 subintrat
810 1028 1242 1086 invcrecundia.
1285 1026 1345 1084 Si
1400 1043 1533 1083 vero
1576 1044 1767 1099 neque
1809 1026 2045 1081 omnino

401 1122 618 1180 hibetis
648 1121 782 1195 (95),
816 1124 882 1176 ut
911 1136 1026 1175 non
1058 1118 1311 1191 peccetis
1348 1116 1408 1172 in
1438 1116 1629 1173 verbis
1658 1114 2045 1177 contumelia.

403 1217 461 1270 et
490 1227 722 1285 pugnae,
754 1213 811 1267 et
840 1208 1169 1275 calumniae,
1197 1210 1255 1263 et
1283 1204 1762 1279 transgressionis
1803 1204 2049 1260 manda-

402 1306 599 1359 torum
622 1298 724 1355 Dei
754 1304 810 1354 et
839 1296 1089 1370 pereatis
1120 1299 1254 1352 ante
1290 1299 1525 1366 tempus
1573 1298 1853 1350 vestrum.
1903 1297 2049 1348 Nam

407 1388 687 1463 mysteria
716 1387 813 1443 Dei
843 1391 901 1441 et
928 1384 1235 1442 hominum
1257 1384 1463 1440 alienis
1495 1382 1708 1440 revelat
1742 1384 1942 1440 vinum
1966 1385 2025 1457 (u

410 1484 470 1537 et
492 1494 596 1551 ego
627 1476 905 1533 mandata
932 1474 1033 1530 Dei
1057 1477 1114 1530 et
1133 1472 1412 1547 mysteria
1428 1473 1609 1529 Jacob
1631 1473 1814 1545 patris
1836 1474 1951 1529 mei
1962 1490 2051 1529 re-

408 1566 592 1626 velavi
624 1562 994 1622 Chananitidi
1021 1562 1259 1632 Bessue)
1282 1561 1499 1635 quibus
1518 1561 1704 1618 vetuit
1724 1566 1875 1618 Deus
1901 1578 2055 1619 reve-

411 1658 549 1715 lare.
583 1655 695 1713 Sed
725 1659 783 1710 et
809 1652 946 1710 belli
978 1656 1033 1708 et
1071 1649 1534 1708 conturbationis
1582 1667 1760 1709 causa
1804 1652 2056 1709 efﬁcitur

409 1745 635 1802 vinum.

1381 357 1914 429 TESTAMENTA
1954 356 2062 428 XII
2103 356 2807 427 PATRIARGHARUM.

460 495 609 551 XVI.
645 516 674 545 «
706 492 1004 550 Custodite
1033 507 1190 565 ergo,
1225 492 1328 547 ﬁlii
1370 493 1506 563 mei,
1538 492 1857 549 terminum
1895 493 2033 547 vim.
2071 492 2122 559 Α

3636 360 3797 427 ιοεο

2226 492 2314 560 Ιζ’.
2367 516 2397 543 ‹‹
2442 491 2787 550 (summae;
2836 490 2949 567 οῦν,
2996 492 3154 550 τέκνα
3216 514 3344 569 μου,
3382 491 3476 550 τὸν
3530 491 3658 568 ὅρον
3698 498 3797 550 τοῦ

2153 578 2318 638 οἶνον.
2354 588 2506 639 ’Ἐστι
2554 585 2657 661 γὰρ
2712 583 2763 640 ἐν
2816 583 2962 657 αὐτῷ
3003 582 3235 658 τέσσαρα
3275 582 3560 657 πνεύματα
3585 586 3796 659 πονηρά

2154 666 2460 743 ἐπιθυμίας,
2502 673 2824 747 πυρώσεως,
2873 673 3126 742 ἀσωτίας,
3180 671 3649 749 αἰσχροκερδείας.
3684 674 3798 728 Ἐὰν

2153 757 2347 831 πίνητε
2385 761 2525 816 οἶνον
2575 762 2627 817 ἐν
2678 762 3000 839 εὐφροσύνῃ,
3036 764 3170 835 μετά
3216 758 3389 841 φόϐου
3429 767 3566 817 Θεοῦ
3616 760 3799 817 αίδούο

2159 869 2330 922 μενοι,
2365 852 2605 921 ζήσεσθε.
2654 852 2774 906 Ἐὰν
2826 852 2927 928 γὰρ
2976 850 3170 921 πίνητε
3223 853 3298 925 μὴ
3347 849 3687 924 αἰδούμενοι,
3719 852 3803 906 καὶ

2155 936 2365 1013 ἀποστῇ
2397 941 2424 995 6
2453 945 2552 995 τοῦ
2581 944 2715 996 Θεοῦ
2738 935 3137 1018 φόϐος,λοιπὸν
3158 940 3358 1016 γίνεται
3387 940 3653 1014 μέθη,καὶ
3682 962 3806 1013 παρ-

2158 1026 2457 1104 εισέρχεται
2489 1031 2525 1100 ἡ
2557 1029 2928 1105 ἀναισχυντία.
2950 1030 3013 1084 Εἰ
3046 1027 3102 1085 δὲ
3136 1027 3277 1103 μηδε
3306 1029 3453 1092 ὅλως
3483 1030 3806 1103 πίητεβ-ΞῙ,

2152 1113 2242 1171 ’ίνα
2275 1118 2351 1190 μὴ
2402 1116 2680 1195 ἁμάρτητε
2738 1118 2789 1173 ἐν
2833 1116 3024 1194 λόγοις
3070 1113 3302 1195 ὕϐρεως,
3330 1117 3419 1173 καί
3474 1120 3692 1195 μάχης,
3723 1120 3807 1174 καί

2158 1206 2531 1285 συκοφαντίας,
2615 1206 2704 1262 καὶ
2774 1203 3132 1280 παραϐάσεως
3202 1206 3439 1264 ἐντολῶν
3503 1214 3667 1278 Θεοῦ,
3729 1208 3815 1263 καί

2161 1292 2455 1351 ἀπολεῖσθε
2501 1295 2600 1351 οὐκ
2646 1296 2697 1351 ἐν
2724 1300 2898 1372 καιρῷ
2930 1296 3106 1371 ὑμῶν.
3140 1297 3307 1372 Καίγε
3358 1299 3635 1373 μυστήρια
3685 1303 3819 1354 Θεοῦ

2158 1384 2249 1439 καὶ
2299 1384 2596 1461 ἀνθρώπων
2648 1383 2965 1459 ἀλλοτρίοις
3019 1383 3388 1441 ἀποκαλύπτει
3441 1386 3470 1441 6
3518 1386 3676 1449 οἶνος
3724 1388 3820 1457 (ὡς

2160 1472 2311 1549 κάγὼ
2342 1472 2563 1537 ἐντολὰς
2594 1478 2728 1530 Θεοῦ
2770 1474 2860 1530 καὶ
2898 1476 3173 1549 μυστήρια
3220 1470 3415 1530 Ἰακὼϐ
3460 1479 3563 1530 τοῦ
3612 1475 3823 1550 πατρός

2166 1583 2272 1637 μου
2318 1561 2641 1639 ἀπεκάλυψα
2678 1563 2749 1638 τῇ
2798 1560 3105 1619 Χανανίτιδι
3154 1565 3420 1638 Βησσουὲ)
3473 1564 3562 1628 οἷς
3610 1564 3765 1621 εἶπεν
3799 1567 3827 1623 ὁ

2163 1652 2291 1715 Θεὸς
2325 1653 2401 1727 μὴ
2434 1651 2805 1710 ἀποκαλύψαι.
2838 1652 2937 1708 Καὶ
2995 1650 3054 1708 δὲ
3104 1650 3361 1727 πολέμου
3416 1654 3511 1709 καὶ
3564 1661 3829 1731 ταραχῆς

2163 1738 2338 1804 αἶ’τιος
2366 1740 2569 1816 γίνεται
2601 1742 2629 1797 6
2652 1741 2815 1804 οἶνος.

483 1834 657 1890 XVII.
693 1854 722 1884 ‹‹
752 1832 964 1890 Mando
993 1830 1174 1904 igitur
1200 1828 1385 1901 vobis,
1417 1828 1520 1885 ﬁlii
1549 1829 1686 1897 mei,
1717 1833 1783 1886 ut
1810 1846 1928 1886 non
1967 1828 2054 1885 di-

2236 1835 2331 1887 IZ’.
2364 1828 2785 1931 ‹‹”Εντέλλομαι
2837 1828 2927 1931 οΞΞν
2983 1828 3323 1905 ὑμῖν,τέκνα
3372 1852 3501 1905 μου,
3545 1834 3631 1907 μὴ
3696 1831 3829 1908 ἀγι-

410 1924 607 1998 ligatis
637 1926 969 1997 argentum,
993 1935 1181 1992 neque
1210 1918 1538 1992 inspiciatis
1567 1919 1626 1975 in
1666 1919 2053 1993 pulchritudi-

412 2030 544 2071 nem
571 2011 885 2069 mulierum
909 2031 924 2080 ς
953 2010 1092 2082 quia
1117 2013 1173 2065 et
1189 2012 1424 2081 propter
1437 2012 1743 2080 argentum
1766 2013 1822 2065 et
1838 2009 2053 2065 formo-

411 2104 646 2162 sitatem
676 2101 857 2157 erravi
891 2099 951 2154 in
978 2099 1194 2154 Bessue
1223 2097 1633 2153 Chananaaam.
1685 2097 1826 2153 Novi
1874 2097 2054 2165 enim,

412 2192 568 2267 quod
599 2189 962 2263 propterduo
994 2186 1237 2242 hmoerit
1256 2202 1441 2258 genus
1467 2202 1665 2242 meum
1684 2186 1744 2241 in
1765 2185 2055 2257 nequitia;

410 2280 690 2356 quoniam
714 2282 771 2335 et
792 2276 1086 2349 sapientes
1106 2274 1260 2331 viros
1284 2274 1538 2330 ﬁliorum
1563 2291 1826 2331 meorum
1841 2274 2057 2331 aliena-

409 2373 582 2440 bunt,
614 2374 671 2427 et
698 2384 945 2442 regnum
974 2366 1139 2422 Judaa
1178 2365 1468 2431 minuent,
1501 2365 1657 2435 quod
1704 2364 1863 2420 dedit
1912 2364 2060 2419 mihi

410 2459 697 2521 Dominus
726 2458 786 2513 in
817 2454 1147 2513 obedientia
1175 2454 1378 2527 patris.
1410 2453 1723 2526 Nunquam
1746 2452 1904 2510 enim
1924 2470 2060 2509 con-

410 2550 637 2608 tristavi
667 2547 907 2603 verbum
946 2544 1130 2617 patris
1160 2543 1272 2600 mei
1300 2542 1502 2611 Jacob,
1548 2544 1825 2614 quoniam
1864 2542 2066 2599 omnia

415 2657 544 2714 quae
575 2635 738 2708 dixit,
772 2634 1075 2691 faciebam.
1108 2632 1176 2687 Et
1203 2631 1497 2688 Abraham
1529 2635 1694 2703 pater
1726 2630 1910 2703 patris
1948 2631 2063 2688 mei

416 2725 712 2785 benedixit
740 2723 906 2792 mihi,
939 2726 1006 2779 ut
1032 2737 1338 2794 regnarem
1369 2720 1427 2776 in
1459 2719 1638 2776 Israel
1663 2737 1678 2789 ;
1700 2724 1760 2776 et
1787 2724 1946 2777 Isaac
1966 2721 2064 2776 he-

414 2816 639 2876 nedixit
668 2813 815 2870 mihi
845 2811 1025 2869 simili
1055 2810 1250 2866 modo.
1278 2810 1349 2865 Et
1377 2824 1482 2882 ego
1509 2809 1663 2881 novi,
1695 2810 1851 2882 quod
1872 2826 1941 2867 ex
1970 2825 2065 2866 me

413 2906 595 2964 stabit
622 2919 889 2977 regnum.

482 2994 682 3051 XVIII.
710 3014 739 3045 ‹‹
762 2992 833 3046 Ει
852 2989 966 3063 legi
989 2989 1051 3046 in
1071 2987 1240 3045 libris
1260 2987 1459 3045 Enoch
1472 2987 1642 3061 justi,
1666 2991 1888 3061 quanta
1907 2986 2067 3046 mala

413 3083 641 3143 facietis
671 3082 729 3137 in
751 3078 1024 3137 extremis
1054 3077 1280 3134 diebus.
1314 3081 1517 3134 Cavete
1546 3077 1727 3151 igitur
1773 3077 1878 3133 ﬁlii
1926 3077 2062 3148 mei,

2161 1922 2265 1991 πᾷν
2294 1917 2574 1997 ἀργύριον,
2611 1917 2752 1993 μηδὲ
2784 1915 3079 1994 ἐμϐλέπειν
3130 1919 3207 1984 εἲς
3263 1919 3471 1983 κάλλος
3524 1927 3825 1997 γυναικῶν·

2164 2006 2248 2064 ὅτι
2276 2007 2430 2085 καίγε
2477 2006 2549 2063 δι’
2586 2008 2869 2084 ἀργύριον,
2900 2008 2991 2064 καὶ
3041 2006 3109 2065 δι’
3156 2008 3451 2088 εὐμορφίαν
3505 2009 3827 2082 ἐπλανήθην

2165 2098 2242 2160 εἷς
2277 2098 2515 2169 Βησσουὶ
2540 2099 2641 2166 τὴν
2675 2097 2997 2156 Χαναναίαν.
3030 2101 3152 2154 Ὅτι
3182 2096 3301 2153 οἶδα
3332 2098 3459 2174 ἐγὼ,
3492 2098 3579 2155 ὅτι
3625 2097 3725 2155 διὰ
3766 2103 3828 2156 τὰ

2165 2184 2263 2242 δύο
2298 2190 2466 2242 ταῦτα
2518 2182 2663 2241 ἔσται
2702 2187 2767 2242 τὸ
2811 2186 2965 2262 γένος
3018 2208 3124 2259 μου
3156 2185 3206 2241 ἐν
3236 2188 3495 2261 πονηρίᾳ·
3531 2187 3620 2243 δτι
3671 2190 3825 2265 καίγε

2168 2275 2365 2353 σοφοὺς
2394 2273 2583 2351 ἄνδρας
2610 2280 2719 2331 τῶν
2778 2276 2910 2331 υἱῶν
2963 2297 3068 2349 μου
3118 2274 3515 2347 ἀλλοιώσουσι,
3543 2280 3645 2332 καὶ
3680 2280 3828 2355 βασι-

2168 2363 2314 2422 λείαν
2363 2362 2539 2422 Ἰούδα
2585 2366 2979 2438 σμικρυνθῆναι
3024 2366 3365 2436 ποιήσουσιν,
3393 2367 3453 2435 ἢν
3508 2364 3693 2423 ἔδωκέ
3743 2391 3826 2440 μοι

2168 2452 2367 2530 Κύριος
2422 2453 2475 2509 ἐν
2534 2454 2746 2528 ὑπακοῇ
2804 2454 3030 2531 πατρός.
3084 2451 3355 2511 Οὐδέποτε
3419 2456 3528 2530 γὰρ
3578 2456 3828 2529 ἐλύπησα

2171 2541 2332 2620 λόγον
2364 2538 2557 2599 Ἰακὼϐ
2613 2547 2709 2598 τοῦ
2765 2542 2971 2617 πατρός
3204 2565 3331 2617 μου,
3360 2543 3445 2599 ὅτι
3500 2544 3709 2617 πάντα,
3738 2546 3827 2602 ὅσα

2172 2631 2339 2699 εἶπεν,
2370 2630 2604 2689 ἐποίουν.
2640 2632 2738 2689 Καὶ
2768 2630 3025 2709 Ἀϐραὰμ.
3055 2634 3082 2687 6
3113 2633 3291 2707 πατὴρ
3320 2637 3418 2688 τοῦ
3454 2635 3676 2711 πατρός
3729 2658 3826 2709 μου

2172 2719 2435 2797 εὐλόγησέ
2468 2741 2554 2794 με,
2601 2720 2905 2796 βασιλεύειν
2958 2720 3010 2776 ἐν
3051 2720 3295 2794 Ἰσραήλ·
3352 2721 3443 2777 καὶ
3502 2724 3701 2781 Ἰσαὰκ
3752 2726 3832 2780 εύ-

2171 2807 2380 2884 λόγησέ
2412 2830 2479 2883 με
2507 2808 2737 2883 ὁμοίως.
2768 2810 2869 2864 Καὶ
2900 2809 3005 2886 ἐγὼ
3035 2807 3176 2883 οἶδα,
3218 2809 3302 2867 ὅτι
3349 2810 3401 2882 ἐξ
3450 2810 3596 2885 ἐμοῦ
3642 2816 3833 2883 στῆσε-ι

2170 2919 2260 2955 ται
2287 2898 2351 2954 τὸ
2384 2896 2682 2973 βασίλειον.

2244 2988 2352 3045 IH'.
2384 3011 2413 3039 ‹‹
2446 2987 2607 3064 Καίγε
2636 2983 2805 3063 ἔγνων
2847 2985 2901 3042 ἐν
2941 2982 3181 3063 βιϐλίοις
3214 2989 3392 3065 Ἐνὼχ
3438 2993 3542 3045 τοῦ
3593 2987 3831 3060 δικαίου,

2172 3074 2270 3132 ὅσα
2314 3075 2453 3131 κακὰ
2493 3076 2752 3145 ποιήσετε
2799 3074 2851 3130 ἐν
2902 3074 3155 3152 ἐσχάταις
3201 3078 3453 3151 ἡμέραις.
3506 3078 3834 3154 Φυλάξασθε

415 3191 451 3231 a
480 3170 862 3229 fornicatione
891 3173 949 3225 et
996 3166 1273 3225 avaritia:
1334 3167 1531 3224 audite
1577 3168 1789 3225 Judam
1837 3170 2060 3239 patrem

2174 3166 2290 3239 οὖν,
2327 3163 2486 3221 τέκνα
2537 3185 2663 3238 μου,
2697 3164 2803 3219 ἀπὸ
2852 3167 2953 3234 τῆς
2997 3165 3251 3241 πορνείας
3278 3165 3369 3221 καὶ
3395 3175 3497 3237 τῆς
3559 3168 3833 3247 φιλαργυ-

409 3267 695 3332 vestrum,
719 3258 995 3333 quoniam
1019 3258 1134 3314 ista
1153 3260 1429 3330 separant
1449 3274 1484 3313 a
1507 3256 1634 3330 lege
1656 3256 1778 3329 Dei,
1802 3261 1859 3312 et
1882 3273 2060 3313 excas-

2177 3255 2314 3332 ρίας“
2365 3252 2626 3310 ἀκούσατε
2674 3251 2853 3309 Ἰούδα
2895 3258 2994 3309 τοῦ
3039 3256 3244 3331 πατρὸς
3293 3256 3472 3329 ὑμῶν,
3522 3235 3610 3314 δτι
3674 3235 3837 3315 ταῦτα

414 3356 550 3411 cant
582 3349 894 3408 consilium
925 3347 1153 3415 animae,
1178 3350 1235 3403 et
1254 3346 1589 3418 superbiam
1622 3346 1849 3413 docent,
1872 3350 1930 3402 et
1948 3362 2060 3403 non

2176 3345 2374 3425 ἀφιστᾷ
2401 3342 2572 3415 νόμου
2603 3346 2758 3412 Θεοῦ,
2784 3342 2873 3398 καὶ
2901 3341 3104 3420 τυφλοῖ
3129 3342 3191 3399 τὰ
3225 3339 3547 3401 διαϐούλιον
3592 3354 3709 3417 τῆς
3741 3353 3839 3423 φο-

419 3437 1027 3517 patiunturhominem
1042 3434 1504 3491 misericordiam
1518 3434 1790 3491 exhibere
1802 3435 2065 3507 proximo

421 3548 553 3599 suo,
583 3530 813 3603 privant
835 3527 1090 3583 animam
1116 3524 1303 3597 ipsius
1329 3523 1487 3579 omni
1509 3523 1787 3595 bonitate,
1811 3528 1868 3580 et
1888 3524 2068 3579 conti-

422 3624 562 3677 nent
588 3620 785 3692 ipsum
816 3618 873 3673 in
906 3615 1205 3672 laboribus
1235 3619 1293 3670 et
1321 3613 1640 3683 doloribus,
1685 3618 1743 3669 et
1798 3617 2069 3669 amovent

424 3727 697 3768 somnum
722 3709 794 3763 ab
815 3692 1270 3775 eo,consumunt
1283 3719 1488 3759 carnes
1500 3702 1771 3774 ipsius,et
1784 3702 2068 3758 sacriﬁcia

420 3800 522 3858 Dei
546 3798 894 3871 impediunt,
922 3800 979 3852 et
1006 3793 1441 3851 benedictiones
1472 3808 1588 3847 non
1620 3796 1967 3861 memorant,
2013 3796 2071 3847 et

421 3888 715 3962 propheta)
748 3884 1007 3957 loquenti
1038 3899 1154 3939 non
1186 3881 1487 3951 obediunt,
1519 3885 1577 3937 et
1605 3880 1778 3936 verbo
1833 3880 2068 3953 pietatis

420 3978 818 4033 offenduntur.
858 3973 1094 4029 Duabus
1138 3970 1295 4027 enim
1342 3968 1717 4043 passionihus
1760 3967 2069 4024 contrariis

420 4063 717 4121 mandatis
738 4062 837 4119 Dei
860 4060 1140 4130 serviens,
1161 4060 1277 4115 Deo
1300 4057 1533 4114 obedire
1553 4073 1671 4113 non
1694 4060 1904 4129 potest,
1919 4073 2069 4128 quo-

422 4152 583 4210 niam
612 4152 1042 4208 excaacaverunt
1071 4146 1329 4203 animam
1352 4147 1501 4217 ejus,
1525 4149 1583 4201 et
1611 4145 1671 4201 in
1694 4145 1808 4211 die,
1835 4146 1987 4202 sicut
2007 4145 2067 4201 in

419 4246 590 4301 nocte
619 4240 903 4297 ambulat.

496 4330 637 4388 XIX.
686 4328 813 4384 Filii
873 4326 1009 4395 mei,
1066 4324 1310 4382 avaritia
1364 4325 1436 4381 ad
1494 4323 1649 4380 idola
1696 4323 1876 4392 ducit,
1921 4340 2067 4397 quo-

422 4421 581 4478 niam
602 4420 664 4475 in
683 4432 879 4475 errore
900 4432 1002 4489 per
1028 4418 1358 4487 argentum,
1381 4429 1480 4469 eos
1501 4413 1602 4485 qui
1628 4428 1745 4467 non
1761 4413 2068 4480 sunt,deos

422 4510 760 4576 nominant;
793 4511 851 4562 et
873 4505 1010 4562 facit
1038 4504 1353 4560 habentem
1384 4518 1515 4559 eam
1547 4501 1605 4557 in
1637 4501 1893 4558 exstasin
1918 4501 2063 4557 inci-

2172 3440 2307 3511 χῆς,
2339 3433 2431 3488 καὶ
2489 3431 2850 3509 ὑπερηφανίαν
2921 3429 3243 3502 ἐκδιδάσκει,
3300 3434 3390 3488 καὶ
3447 3435 3555 3490 οὐκ
3609 3436 3837 3516 ἆφὶηιπι,

2175 3520 2342 3598 ἄνδρα
2371 3519 2591 3591 ἐλεῆσαι
2620 3524 2717 3576 τοῦ
2746 3520 2982 3591 πλησίον
3028 3520 3215 3590 αὐτοῦ,
3249 3522 3514 3598 στερίσκει
3572 3527 3684 3595 τήν
3739 3531 3837 3600 ψυ-

2174 3613 2283 3688 χὴν
2317 3610 2481 3666 αὐτοῦ
2510 3610 2616 3665 ἀπὸ
2646 3611 2823 3681 πάσης
2856 3610 3236 3685 ἀγαθωσύνης,
3266 3612 3356 3666 καὶ
3396 3615 3619 3689 συνέχει
3680 3616 3837 3670 αὐτὸν

2176 3700 2228 3757 ἐν
2261 3699 2494 3776 μόχθοις
2523 3698 2613 3754 καὶ
2663 3698 2872 3770 πόνοις,
2910 3699 3001 3754 καὶ
3050 3701 3247 3777 ἀφιστᾷ
3292 3700 3452 3756 ὕπνον
3505 3703 3710 3776 αὐτοῦ,
3751 3727 3839 3759 κα-

2174 3788 2454 3861 ταδαπανᾷ
2483 3787 2681 3864 σάρκας
2733 3788 2919 3857 αὐτοῦ,
2949 3788 3039 3843 καὶ
3092 3788 3274 3853 θυσίας
3330 3794 3463 3845 Θεοῦ
3519 3790 3834 3865 ἐμποδίζει,

2175 3879 2265 3935 καὶ
2299 3876 2547 3955 εὐλογίας
2580 3876 2641 3932 οὐ
2677 3878 2949 3951 μέμνηται
2981 3878 3115 3951 (97),
3146 3877 3235 3933 καὶ
3266 3881 3524 3957 προφήτῃ
3570 3878 3839 3938 λαλοξντι

2178 3966 2285 4043 οὐχ
2335 3964 2611 4035 ὑπακούει,
2642 3963 2733 4020 καὶ
2782 3963 2933 4042 λόγῳ
2978 3961 3246 4028 εὐσεϐείας
3291 3968 3684 4045 προσοχθίζει.
3717 3972 3839 4026 Acci

2175 4056 2279 4133 γὰρ
2329 4056 2545 4110 πάθεσιν
2594 4052 2850 4116 ἐναντίοις
2898 4058 3007 4110 τῶν
3056 4053 3289 4111 ἐντολῶν
3354 4061 3449 4111 τοῦ
3507 4062 3653 4113 Θεοῦ
3717 4057 3839 4115 ἰοδ-

2177 4143 2373 4218 λεύων,
2403 4148 2518 4216 Θεῷ
2545 4142 2829 4199 ὑπακούειν
2863 4142 2926 4199 οὐ
2957 4141 3197 4214 δύναται,
3230 4142 3315 4200 ὅτι
3362 4144 3696 4224 ἐτύφλωσαν
3741 4151 3834 4219 τήν

2174 4234 2359 4310 ψυχὴν
2387 4232 2572 4304 αὐτοῦ,
2604 4231 2692 4288 καὶ
2743 4232 2794 4287 ἐν
2846 4232 3049 4308 ἡμέρᾳ,
3081 4232 3156 4295 ὡς
3212 4232 3265 4288 ἐν
3313 4235 3487 4305 νυκτὶ,
3521 4237 3836 4312 πορεύεται.

2247 4324 2346 4379 ΙΘ’.
2370 4347 2398 4374 ‹‹
2432 4323 2610 4379 Τέκνα
2640 4323 2821 4395 μου,ἡ
2853 4319 3187 4400 φιλαργυρία
3212 4323 3349 4397 πρὸς
3381 4320 3593 4378 εἴδωλα
3616 4323 3834 4401 ὁδηγεῖ,

2175 4412 2261 4469 ὅτι
2289 4410 2341 4468 ἐν
2369 4410 2546 4485 πλάνῃ
2580 4408 2652 4465 δι’
2676 4409 2938 4485 ἀργυρίου
2963 4410 3089 4474 τοὺς
3124 4411 3200 4484 μὴ
3232 4406 3390 4473 ὄντας
3439 4412 3600 4477 θεοὺς
3638 4416 3842 4489 ὄνομά-

2178 4508 2346 4572 ζουσι*
2380 4500 2469 4557 καὶ
2499 4504 2651 4555 ποιεῖ
2678 4500 2770 4555 τὸν
2802 4497 2999 4575 ἔχοντα
3024 4492 3191 4569 αὐτην
3242 4500 3320 4563 εἷς
3368 4497 3619 4558 ἔκστασιν
3673 4504 3837 4577 ἐμπε-

419 4601 574 4657 dere.
598 4598 838 4670 Propter
858 4598 1166 4669 argentum
1185 4593 1297 4665 (98)
1318 4608 1423 4665 ego
1438 4591 1665 4663 perdidi
1683 4590 1833 4646 ﬁlios
1862 4606 2024 4647 meos
2048 4606 2060 4659 ;

2174 4596 2307 4648 σεῖν.
2340 4591 2419 4645 Δι’
2466 4588 2727 4666 ἀργυρίου
2778 4588 2890 4664 ἐγὼ
2940 4587 3201 4644 ἀπώλεσα
3240 4590 3308 4645 τὰ
3350 4592 3516 4646 τέκνα
3570 4614 3713 4665 μου,
3754 4596 3833 4650 καὶ

420 4693 478 4747 et
507 4688 621 4745 nisi
650 4685 993 4759 pmnitentia
1021 4681 1213 4739 carnis
1246 4698 1407 4748 meis,
1439 4684 1496 4736 et
1524 4678 1825 4735 humilitas
1855 4679 2064 4735 anima)

422 4795 563 4835 meae
593 4782 651 4834 et
670 4775 957 4833 orationes
977 4773 1157 4830 Jacob
1172 4771 1355 4844 patris
1369 4769 1481 4826 mei
1494 4768 2063 4843 (obstitissent),sine

420 4866 622 4924 liberis
652 4880 927 4921 morerer.
958 4862 1070 4918 Sed
1103 4867 1250 4917 Deus
1284 4863 1513 4932 patrum
1532 4874 1818 4924 meorum,
1844 4856 2069 4913 miseri-

420 4972 548 5013 cors
562 4959 620 5010 et
639 4953 916 5017 clemens,
930 4950 1197 5024 cognovit
1213 4949 1369 5021 quod
1392 4949 1449 5002 in
1468 4948 1797 5021 ignorantia
1812 4947 1935 5002 feci.
1954 4946 2064 5000 Ex-

420 5045 652 5103 cecavit
679 5043 835 5101 enim
857 5056 950 5097 me
971 5040 1243 5112 princeps
1263 5036 1496 5106 erroris,
1522 5042 1579 5092 et
1598 5036 1879 5110 ignoravi,
1909 5035 2065 5091 sicut

418 5135 617 5205 homo,
650 5137 707 5188 et
734 5132 886 5187 sicut
915 5145 1069 5196 caro,
1102 5127 1161 5182 in
1192 5126 1445 5198 peccatis
1482 5128 1817 5198 corruptus.
1858 5124 1925 5180 Et
1970 5139 2065 5180 co-

512 5268 817 5348 94)]Ξλί-δξιιΔ
855 5266 994 5344 μηδὲ
1046 5264 1192 5348 ἥλως
1248 5264 1410 5348 πίητε
1463 5266 1696 5348 Cgrige
1754 5282 1824 5323 ex
1878 5264 2061 5324 Oxon.

415 5336 542 5406 cod.
574 5336 628 5401 τί
670 5342 727 5399 δὲ
761 5336 931 5418 λέγω,
968 5336 1097 5413 μηδ’
1128 5338 1275 5418 ὅλως
1304 5336 1693 5418 «(vste-(33513.

489 5421 601 5493 (95)
632 5418 695 5474 Si
721 5408 1045 5493 υενοίηείίιιᾴ
1072 5415 1293 5493 omnino
1353 5411 1561 5467 bibetz's.
1615 5408 1764 5482 Quid
1806 5425 1931 5467 vero
1976 5409 2063 5466 di-

418 5484 538 5548 cain
557 5484 678 5545 ἵήθ
710 5489 935 5545 omnino
952 5484 1169 5541 bibatis.
1206 5484 1284 5540 Ιο.

453 5545 603 5687 ἐωξῖ)
658 5557 826 5635 Λόγον
876 5549 1069 5614 Ἰακὼϐ
1123 5557 1220 5608 τοῦ
1277 5550 1508 5627 πατρός.
1573 5545 1769 5609 Ἰακὼϐ
1820 5551 1911 5607 τὸν
1967 5572 2069 5607 πα-

482 5650 546 5687 οα
592 5648 647 5686 D.

418 5648 546 5686 τεοα
565 5648 647 5686 Π).

738 5716 1011 5772 μεμνηται
1040 5698 1175 5752 Θεοῦ
1206 5693 1268 5749 οὐ
1304 5692 1656 5768 μνημονεύει*
1691 5699 1777 5751 In.

2176 4678 2224 4736 εἷ
2254 4680 2331 4753 μὴ
2361 4681 2397 4750 ἡ
2432 4677 2691 4751 μετάνοια
2713 4683 2815 4747 τῆς
2848 4677 3043 4753 σαρκός
3081 4678 3309 4751 μου,καὶ
3330 4681 3365 4749 ἡ
3387 4680 3729 4745 ταπείνωσις
3742 4690 3831 4752 τῆς

2175 4772 2361 4845 ψυχῆς
2414 4789 2539 4843 μου,
2598 4768 2688 4823 καὶ
2733 4767 2787 4821 αἱ
2836 4765 2995 4844 εὐχαὶ
3041 4762 3236 4824 Ἰακὼϐ
3300 4773 3400 4825 τοῦ
3447 4772 3663 4846 πατρός
3714 4794 3829 4846 μω.

2176 4859 2393 4921 ἄτεκνος
2441 4857 2592 4932 εἶχον
2644 4857 2952 4914 ἀποθανεῖν.
2981 4854 3142 4912 Ἀλλ’
3172 4858 3201 4911 6
3232 4856 3360 4920 Θεὸς
3411 4862 3524 4914 τῶν

2178 4968 2306 5021 μου,
2337 4946 2366 5001 6
2397 4944 2697 5019 οἰκτίρμων
2723 4944 2813 4999 καὶ
2841 4941 3117 5018 ἐλεήμων,
3151 4945 3382 5022 συνέγνω
3414 4946 3498 5002 ὅτι
3554 4946 3610 5005 ὲν

2175 5035 2424 5107 ἐποίησα.
2456 5032 2767 5113 Ἐτύφλωσε
2795 5034 2899 5109 γάρ
2934 5054 3000 5107 με
3023 5035 3055 5089 6
3084 5031 3269 5111 ἅρχων
3316 5042 3422 5105 τῆς
3466 5037 3719 5109 πλάνης,
3748 5041 3819 5094 ui

2174 5123 2444 5201 ἠγνόησα,
2495 5122 2571 5186 ὡς
2616 5123 2923 5199 ἄνθρωπος,
2973 5122 3063 5179 καὶ
3108 5123 3187 5187 ὡς
3234 5125 3361 5201 σὰρξ
3400 5127 3542 5201 (99)⁹
3574 5127 3629 5184 ξι,
3658 5131 3821 5203 ἀμφ.

2268 5266 3112 5349 98)‘Propter_ar:gentum._Dup
3165 5268 3339 5349 verba
3386 5270 3504 5349 ista
3564 5275 3639 5329 ad
3688 5290 3815 5349 pr:-

2176 5339 2477 5398 cedentem
2489 5339 2832 5412 periodum
2846 5342 2989 5412 sunt
3006 5340 3325 5396 referenda:
3350 5342 3398 5398 si
3416 5339 3811 5402 Graecum’tex-

2173 5417 2301 5469 tum
2331 5412 2497 5485 sequi
2512 5410 2799 5488 'velimus,
2822 5410 2883 5466 in
2896 5411 3072 5488 cuius
3090 5416 3338 5488 utroque
3353 5417 3807 5488 exemplar-me

2174 5489 2353 5562 Oxon.
2386 5478 2561 5555 q'uam
2594 5478 2834 5562 Qan‘tab.
2867 5478 3072 5553 post8t’
3093 5478 3366 5562 ᾀργυρίοσ
3384 5478 3803 5562 estphnctum;

2175 5552 2570 5619 melius—vero,
2594 5554 2765 5619 juxta
2795 5552 2944 5609 hanc
2966 5552 3317 5613 versionem.
3343 5557 3427 5613 In.

2247 5627 2360 5699 (99)
2374 5624 2535 5701 Σάρξ,
2568 5624 2895 5689 Οωὶεευωμ,
2916 5628 3001 5683 Ιο.
