4014 6226
346 329 494 396 1081

1596 330 2203 398 TIBTAME’NTUM
2242 333 2495 400 JU'Dﬂ.‘

3590 326 3749 392 1082

342 465 480 526 τίαις
528 461 768 542 φθαρείς.
822 462 923 520 Καῖ
969 462 1207 538 ἐπὲγνων
1254 464 1353 534 τὴν
1413 463 1648 537 ἐμαυτοῦ
1690 465 1983 537 ἀσθένειαν,

2102 469 2450 538 gnoscebam
2483 469 2719 524 tandem
2771 467 2884 524 mei
2914 464 3104 540 ipsius
3162 462 3590 531 inﬁrmitatem,
3642 462 3746 535 qui

340 554 575 628 νομίζων
608 550 1033 629 ἀκαταμάχητος
1067 553 1220 612 εἶναι.

412 644 490 701 Κ’.
534 645 835 718 Ἐπιγνωτε
885 640 977 697 οὖν
1026 644 1177 717 (100)
1227 642 1387 699 τὲκνα
1426 664 1551 717 μου,
1582 641 1665 698 ὅτι
1698 641 1795 699 δύο
1825 642 1991 699 πνεύ-

348 753 487 807 ματα
518 731 853 808 σχολάζουσι
900 736 978 803 τῷ
1025 732 1317 805 ἀνθρώπῳ,
1363 733 1427 788 τὸ
1454 740 1555 801 τῆς
1586 731 1866 803 ἀληθείας,
1898 732 1986 788 καὶ

342 821 405 876 τὸ
449 828 551 889 τῆς
600 819 815 891 πλάνης
839 841 853 854 ο
897 820 988 875 καὶ
1025 819 1186 893 μέσον
1234 820 1344 876 ἐστὶ
1381 819 1445 875 τὸ
1476 828 1575 891 τῆς
1604 821 1862 884 συνέσεως
1890 826 1989 877 τοῦ

345 910 488 981 νοὸς,
547 908 608 964 οὗ
641 909 728 965 ἐὰν
759 908 891 983 θέλῃ
917 909 1123 966 κλῖναι.
1158 909 1321 985 Καίγε
1348 910 1415 965 τὰ
1451 917 1550 980 τῆς
1581 909 1865 981 ἀληθείας,
1897 910 1989 966 καὶ

348 1001 414 1055 τὰ
439 1006 541 1069 τῆς
573 996 807 1069 πλάνης,
840 997 1135 1074 γέγραπται
1168 998 1254 1054 ἐπὶ
1283 999 1346 1054 τὸ
1388 1006 1586 1068 στῆθος
1634 1004 1731 1054 τοῦ
1782 999 1989 1076 ἀνθρώ-

345 1108 448 1143 που
474 1107 486 1119 ·
516 1086 604 1141 καὶ
634 1084 690 1141 ἓν
711 1083 930 1142 ἕκαστον
962 1086 1136 1143 αὐτῶν
1168 1087 1422 1164 γνωρίζει
1476 1088 1690 1163 Κύριος.
1742 1089 1841 1143 Καὶ
1890 1088 1989 1145 οὐκ

344 1172 453 1233 ἔστι
486 1177 695 1251 καιρὸς,
730 1175 779 1230 ἐν
812 1178 858 1249 ᾧ
889 1174 1168 1247 δυνήσεται
1202 1175 1383 1241 λαθεῖν
1408 1176 1708 1253 ἀνθρώπων
1728 1175 1875 1255 ἔργα,
1902 1178 1986 1235 ὄτι

345 1265 395 1322 ἐν
431 1267 617 1337 στήθει
674 1264 869 1321 ὀστὲων
921 1265 1055 1320 αύτά
1109 1265 1469 1342 ἐγγέγραπται
1499 1266 1731 1321 ἐνώπιον
1764 1266 1983 1343 Κυρίου.

343 1353 441 1411 Καὶ
489 1356 552 1410 τὸ
598 1359 812 1427 πνεῦμα
856 1361 957 1425 τῆς
1013 1354 1275 1426 ἀληθείας
1350 1361 1611 1431 μαρτυρεῖ
1655 1357 1848 1426 πάντα,
1895 1356 1985 1411 καὶ

340 1448 633 1519 κατηγορεῖ
673 1443 913 1515 πάντων,
960 1443 1051 1498 καὶ
1102 1442 1494 1520 ἐμπεπύρισται
1526 1446 1554 1499 ὁ
1584 1446 1900 1521 ἁμαρτήσας
1930 1444 1990 1501 ἐκ

339 1540 439 1602 τῆς
472 1530 611 1595 ἰδίας
641 1530 888 1608 καρδίας,
918 1532 1008 1589 καὶ
1042 1534 1164 1609 ἆραι
1195 1532 1490 1609 πρόσωπον
1513 1532 1575 1590 ού
1608 1531 1827 1590 δύναται
1847 1534 1987 1609 πρὸς

341 1622 430 1678 τὸν
460 1622 671 1697 κριτήν.

415 1711 543 1767 ΚΔ’.
578 1734 606 1761 ι(
658 1708 755 1764 Καὶ
802 1713 917 1779 νῦν,
966 1708 1127 1765 τέκνα
1177 1730 1305 1783 μου,
1351 1710 1667 1786 ἀγαπήσατε
1708 1711 1801 1768 τὸν
1834 1709 1985 1786 Acut,

339 1798 453 1903 ‘iva‘
482 1796 816 1903 διαμείνητε
844 1799 958 1903 ¹καὶ
984 1799 1104 1903 ,μήὶ
1149 1797 1426 1903 ἐπαίρεσθε
1465 1799 1548 1855 ἐπ’
1576 1800 1759 1869 αὐτὸν,
1786 1798 1877 1857 ἵνα
1909 1803 1985 1876 μὴ
2020 1836 2071 1903 Β

346 1886 783 1964 ἐξολοθρευθῆτε.
844 1886 1000 1960 Ἐμοὶ
1044 1889 1146 1963 γὰρ
1195 1883 1365 1943 ἔδωκε
1421 1887 1617 1965 Κύριος
1661 1890 1761 1959 τὴν
1836 1892 1989 1966 βασι-

349 1977 518 2044 λείαν,
568 1975 800 2049 κάκείνῳ
842 1978 944 2046 τήν
982 1974 1266 2053 ἱερατείαν,
1334 1977 1424 2031 καὶ
1474 1977 1696 2049 ὑπέταξε
1743 1979 1843 2048 τήν
1900 1980 1993 2056 βα-

347 2065 554 2121 σιλείαν
602 2070 671 2140 τῇ
720 2066 1006 2142 ἱερωσύνῃ,
1064 2066 1223 2138 Ἐμοὶ
1272 2063 1443 2122 ἔδωκε
1480 2068 1550 2122 τὰ
1595 2067 1684 2122 ἐπὶ
1728 2075 1833 2138 τῆς
1860 2076 1989 2145 γῆς,

344 2154 573 2227 κάκείνῳ
614 2155 681 2209 τὰ
733 2154 783 2211 ἐν
834 2154 1107 2230 οὐρανοῖς.
1156 2158 1244 2217 Ὣς
1294 2156 1547 2231 ὑπερὲχει
1605 2155 1832 2233 οὐρανὸς
1887 2164 1991 2227 τῆς

342 2251 468 2320 γῆς,
518 2244 690 2306 οὕτως
741 2243 993 2320 ὑπερέχει
1030 2248 1161 2299 Θεοῦ
1190 2245 1426 2311 ἱερατεία
1452 2252 1553 2314 τῆς
1585 2244 1672 2301 ἐπὶ
1703 2253 1807 2321 γῆς
1842 2247 1992 2323 βασι-

346 2331 492 2394 λείας
688 2333 785 2389 Καὶ
834 2333 937 2407 γὰρ
986 2332 1145 2387 αὐτὸν
1199 2333 1330 2409 ὑπὲρ
1382 2334 1441 2388 σε
1486 2332 1760 2405 ἐξελέξατο
1790 2334 1988 2413 Κύριος

348 2420 576 2497 ἐγγίζειν
650 2422 818 2494 αὐτῷ,
889 2420 978 2477 καὶ
1055 2420 1245 2477 ἐσθίειν
1309 2422 1577 2499 τράπεζαν
1651 2424 1839 2498 αὐτοῦ,
1897 2425 1988 2481 καὶ

347 2511 597 2587 ἀπαρχὰς
643 2510 1069 2589 ἐντρυφημάτων
1118 2512 1249 2566 υἱῶν
1300 2510 1562 2588 Ἰσραήλο
1615 2514 1705 2567 καὶ
1756 2514 1852 2589 ἔσῃ
1899 2514 1990 2570 αὗ-

340 2604 457 2661 τοῖς
502 2602 579 2673 (2)
629 2599 704 2662 ὡς
751 2601 787 2669 ἡ
848 2598 1089 2663 θάλασσα
1133 2602 1336 2677 Ὠσπερ
1395 2603 1499 2678 γὰρ
1540 2600 1593 2657 ἐν
1618 2601 1752 2676 αὐτῇ
1786 2600 1985 2659 δίκαιοι

341 2689 431 2743 καὶ
462 2686 639 2743 ἄδικοι
669 2688 1046 2764 χειμάζονται,
1079 2691 1132 2744 οἱ
1180 2691 1275 2764 μὲν
1316 2690 1882 2766 αἱχμαλωτιζόμενοι,
1933 2694 1989 2749 οὶ

342 2773 401 2833 δὲ
429 2775 813 2840 πλουτοῦντες·
872 2777 1047 2840 οὕτως
1093 2778 1183 2833 καὶ
1230 2778 1284 2834 ἐν
1327 2780 1413 2835 σοὶ
1459 2786 1562 2835 πᾶν
1594 2781 1750 2855 γένος
1780 2782 1988 2858 ἀνθρώ-

340 2887 481 2935 πων,
537 2867 589 2921 oi.
640 2867 737 2940 μὶν
786 2863 1114 2923 κινδυνεύσω
1180 2866 1750 2942 αίχμαλιιγτιζόμενοι,
1820 2870 1874 2925 οἱ
1930 2866 1990 2926 δὶ

342 2954 667 3011 πλουτοῦσιν
708 2956 1058 3027 άρπάζοντες.
1090 2961 1208 3011 Ὀτι
1238 2958 1290 3011 οἱ
1325 2956 1704 3032 βασιλεύοντες
1752 2957 1988 3029 ἔσονται,

343 3045 416 3106 ὡς
446 3047 610 3116 κήτη,
641 3044 1023 3107 κάταπίνοντες
1056 3044 1393 3121 ἀνθρώπους,
1434 3046 1510 3108 ὡς
1562 3045 1757 3122 ἰχθύας
1778 3067 1789 3081 ·
1832 3059 1988 3125 θυγα-

338 3134 497 3208 τέρας
526 3135 614 3189 καὶ
646 3133 797 3197 υἱοὺς
834 3133 1147 3208 ἐλευθέρους
1195 3132 1724 3191 καταδουλώσουσιν’
1775 3134 1981 3212 οἷ’κους,

2095 557 2525 614 existimassem
2558 574 2649 614 me
2676 554 3191 631 inexpugnabilem
3222 571 3371 611 esse.

2165 647 2277 703 XX.
2316 667 2342 699 ιι
2372 647 2709 719 Cognoscite
2738 647 2940 719 igitur,
2973 645 3078 700 ﬁlii
3109 644 3244 711 mei,
3279 643 3431 715 quod
3482 643 3597 698 duo
3626 641 3744 714 spi-

2096 736 2245 791 ritus
2275 742 2482 791 vacant
2502 736 2746 801 homini,
2797 736 3041 807 spiritus
3088 732 3369 797 veritatis,
3395 736 3452 787 et
3500 731 3747 803 spiritus

2096 826 2346 894 erroris;
2378 831 2434 880 et
2454 826 2686 881 medius
2716 829 2804 880 est
2833 823 3076 895 spiritus
3111 821 3444 877 intellectus
3500 820 3743 891 mentis,

2097 916 2267 987 cujus
2300 920 2407 983 est,
2442 932 2555 987 quo
2578 914 2701 969 vult
2732 913 3032 969 inclinare.
3058 916 3123 967 Et
3151 928 3275 982 quae
3299 913 3439 966 sunt
3456 908 3743 979 veritatis,

2097 1007 2153 1059 et
2173 1020 2303 1075 quae
2324 1008 2463 1059 sunt
2483 1003 2716 1072 erroris,
2742 1002 2962 1074 scripta
2983 1004 3121 1056 sunt
3143 1017 3317 1071 super
3333 1002 3533 1069 pectus
3553 997 3743 1053 homi-

2098 1093 2273 1161 nis",
2304 1096 2361 1148 et
2393 1108 2813 1164 unumquoque
2854 1107 3055 1146 eorum
3107 1088 3407 1161 cognoscit
3444 1087 3743 1143 Dominus.

2097 1186 2165 1236 Et
2196 1198 2311 1237 non
2334 1186 2424 1237 est
2448 1187 2701 1253 tempus,
2726 1180 2786 1235 in
2810 1197 2925 1252 quo
2946 1183 3218 1251 poterunt
3240 1177 3417 1231 latere
3436 1176 3743 1231 hominum

2097 1288 2271 1344 opera
2296 1289 2309 1339 ;
2343 1272 2618 1343 quoniam
2648 1287 2716 1325 ea
2736 1269 2794 1324 in
2816 1274 3045 1341 pectore
3065 1266 3288 1323 ossium
3307 1264 3587 1335 inscripta
3608 1268 3747 1319 sunt

2097 1376 2293 1416 coram
2326 1360 2593 1417 Domino.
2631 1360 2698 1414 Et
2723 1358 2967 1429 spiritus
3020 1356 3279 1411 veritatis
3338 1352 3742 1409 testimonium

2098 1450 2362 1521 perhibet
2381 1450 2452 1505 de
2480 1448 2779 1516 omnibus,
2812 1452 2869 1503 et
2898 1452 3136 1502 accusat
3155 1442 3385 1511 omnia;
3419 1447 3477 1497 et
3497 1442 3745 1497 adustus

2097 1543 2189 1596 est
2219 1540 2320 1611 qui
2352 1544 2554 1611 peccat
2583 1554 2653 1593 ex
2707 1537 2941 1610 proprio
2993 1535 3185 1606 corde,
3218 1538 3274 1590 et
3300 1531 3491 1588 levare
3536 1530 3742 1587 faciem

2098 1645 2213 1685 non
2246 1632 2436 1700 potest
2466 1628 2537 1682 ad
2558 1626 2838 1697 judicem.

2168 1717 2313 1773 XXI.
2347 1738 2375 1768 ‹‹
2408 1720 2475 1771 Et
2501 1732 2679 1781 nunc,
2698 1714 2805 1770 filii
2838 1713 2977 1779 mei,
3008 1710 3233 1784 diligite
3256 1709 3408 1777 Levi,
3434 1711 3500 1764 ut
3525 1722 3747 1781 perma-

2098 1805 2323 1874 neatis;
2356 1809 2413 1861 et
2440 1821 2555 1860 non
2587 1802 2909 1859 eﬂ'eramini
2942 1817 3118 1874 super
3146 1799 3363 1872 ipsum,
3397 1802 3461 1852 ut
3491 1814 3606 1853 non
3631 1797 3751 1852 dis-

2104 1894 2375 1968 pereatis.
2408 1893 2551 1949 Mihi
2582 1893 2736 1948 enim
2770 1892 2930 1947 dedit
2957 1890 3243 1946 Dominus
3272 1903 3539 1959 regnum,
3570 1890 3629 1941 et
3658 1885 3744 1941 illi

2101 1982 2514 2047 sacerdotium,
2545 1986 2603 2038 et
2631 1981 2884 2053 subjecit
2927 1995 3174 2051 regnum
3224 1974 3563 2032 sacerdotio.
3599 1974 3743 2030 Mihi

2100 2073 2263 2129 dedit
2290 2089 2420 2145 quas
2450 2072 2508 2127 in
2541 2080 2729 2137 terra;
2763 2069 2848 2125 illi
2878 2085 3033 2135 vero,
3065 2084 3192 2139 quae
3218 2069 3360 2120 sunt
3389 2064 3447 2119 in
3465 2063 3647 2119 caelis.
3673 2064 3745 2121 Ut

2100 2161 2498 2234 supereminet
2524 2160 2736 2216 coelum
2757 2164 2945 2224 terrai,
2976 2157 3061 2213 ita
3090 2154 3487 2227 supereminet
3513 2151 3616 2208 Dei
3646 2169 3740 2207 sa-

2100 2252 2423 2309 cerdotium
2470 2266 2649 2322 regno
2681 2248 2834 2321 quod
2865 2252 2955 2303 est
2996 2245 3057 2301 in
3086 2250 3257 2301 terra.
3293 2242 3519 2299 Etenim
3547 2242 3743 2313 ipsum

2100 2346 2345 2413 suprate
2356 2339 2529 2411 elegit
2546 2338 2829 2395 Dominus
2847 2335 3316 2408 appropinquare
3337 2332 3470 2404 ipsi,
3502 2334 3559 2387 et
3578 2346 3743 2413 com-

2097 2431 2267 2486 edere
2298 2445 2563 2486 mensam
2609 2427 2818 2500 ipsius,
2852 2429 2909 2481 et
2940 2424 3229 2498 primitias
3273 2408 3642 2477 deliciarum.
3670 2418 3740 2473 ﬁ-

2097 2518 2309 2574 liorum
2344 2517 2519 2574 Israel
2554 2534 2567 2572 :
2600 2521 2658 2572 et
2680 2516 2795 2571 eris
2826 2515 2911 2570 eis
2932 2517 2997 2569 ut
3028 2528 3208 2568 mare.
3236 2508 3741 2578 Quemadmodum

2099 2607 2255 2663 enim
2277 2607 2336 2662 in
2369 2606 2515 2661 mari
2539 2604 2683 2677 justi
2718 2608 2775 2660 et
2803 2601 3009 2674 injusti
3046 2601 3329 2667 hiemant,
3386 2598 3444 2653 hi
3501 2596 3737 2669 quidem

2098 2696 2307 2770 captivi
2340 2695 2498 2766 facti,
2532 2694 2588 2750 hi
2609 2710 2743 2750 vero
2774 2691 2941 2748 ditati
2964 2708 2977 2746 :
2999 2690 3081 2746 ita
3100 2694 3157 2745 et
3186 2689 3245 2744 in
3276 2692 3334 2743 te
3362 2702 3534 2743 omne
3554 2701 3741 2758 genus

2097 2785 2429 2855 hominum,
2461 2784 2521 2839 hi
2554 2783 2790 2855 quidem
2824 2780 3226 2853 periclitantur
3253 2778 3310 2833 in
3342 2775 3736 2848 captivitatem

2098 2874 2231 2942 acti,
2266 2874 2327 2930 hi
2356 2890 2490 2930 vero
2520 2873 2782 2929 ditantur
2811 2870 3126 2943 rapientes.
3185 2866 3470 2934 Quoniam
3519 2864 3619 2937 qui
3649 2880 3738 2919 re-

2097 2968 2283 3038 gnant
2303 2968 2475 3019 erunt
2504 2962 2657 3018 sicut
2688 2965 2829 3029 cete,
2862 2958 3250 3031 deglutientes
3282 2955 3548 3012 homines
3575 2952 3738 3009 velut

2097 3054 2287 3126 pisces
2310 3070 2323 3109 :
2348 3051 2501 3108 ﬁlias
2522 3056 2579 3107 et
2600 3050 2749 3107 filios
2778 3047 3062 3105 liberosin
3086 3045 3429 3103 servitutem
3443 3042 3741 3114 redigent;

2096 3144 2323 3213 domos,
2347 3158 2539 3213 agros,
2571 3155 2796 3212 greges,
2830 3137 3108 3210 pecunias
3138 3136 3399 3206 rapiant;
3431 3138 3489 3188 et
3526 3130 3741 3187 multo-

342 3206 557 3298 ἀγροὺς,
598 3224 849 3296 ποίμνια,
911 3206 1175 3300 χρήματα
1223 3224 1558 3297 ἀρπάσουσι·
1618 3226 1708 3281 καὶ
1756 3206 1983 3283 πολλῶν

2102 3248 2224 3288 rum
2252 3232 2530 3287 carnibus
2562 3230 2780 3301 injuste
2810 3243 3010 3283 corvos
3048 3229 3105 3280 et
3137 3224 3315 3279 ibices
3365 3221 3739 3287 saturabunt,

338 3313 537 3387 σάρκας
595 3309 797 3374 ἀδίκως
852 3312 1077 3389 κόρακες
1131 3313 1222 3368 καὶ
1284 3309 1417 3376 ἴϐεις
1467 3316 1818 3391 χορτάσουσι,
1890 3316 1981 3372 καὶ

335 3401 702 3476 προκόψουσιν
736 3401 823 3457 ἐπὶ
850 3402 914 3457 τὸ
943 3401 1106 3457 κακὸν
1140 3400 1192 3457 ἐν
1224 3401 1510 3477 πλεονεξίᾳ
1531 3403 1851 3478 ὑψούμενοι.
1875 3406 1982 3463 Καὶ

337 3488 549 3546 ἔσονται
595 3491 670 3553 ὡς
714 3488 1019 3567 καταιγίδες
1050 3488 1517 3571 ψευδοπροφῆται,
1543 3493 1633 3549 καὶ
1662 3497 1864 3558 πάντας
1897 3493 1979 3551 δι-

335 3580 522 3643 καίους
555 3578 861 3651 διώξονται.

410 3671 531 3728 ΚΒ’.
579 3694 610 3723 κ
662 3670 871 3740 Ἐπάξει
922 3666 979 3726 δὲ
1024 3668 1210 3733 αὐτοῖς
1260 3669 1463 3747 Κύριος
1510 3669 1799 3748 διαιρέσεις
1864 3676 1982 3730 κατ’

338 3756 628 3830 ἀλλήλων,
666 3758 756 3814 καὶ
804 3758 1044 3833 πόλεμοι
1092 3764 1337 3835 συνεχεῖς
1394 3756 1604 3816 ἔσονται
1654 3761 1704 3817 ἐν
1736 3762 1981 3838 Ἰσραὴλ,

338 3848 427 3904 καὶ
476 3848 527 3903 ἐν
578 3845 918 3926 ἀλλοφύλοις
967 3846 1441 3919 συντελεσθήσεται
1490 3852 1525 3920 ἡ
1575 3850 1822 3925 βασιλεία
1855 3874 1981 3926 μου,

336 3936 440 3999 ἓως
471 3941 568 3992 τοῦ
598 3935 773 4001 ἐλθεῖν
802 3937 867 3992 τὸ
918 3939 1189 4009 σωτήριον
1221 3936 1301 4011 τῷ
1332 3939 1573 4016 Ἰσραὴλ,
1626 3937 1732 4003 ἕως
1784 3962 1984 4019 παρου-

336 4025 454 4088 σίας
480 4030 578 4081 τοῦ
607 4030 741 4081 Θεοῦ
771 4028 870 4095 τῆς
903 4022 1269 4099 δικαιοσύνης,
1297 4031 1394 4081 τοῦ
1423 4028 1695 4105 ἡσυχάσαι
1734 4029 1827 4085 τὸν
1879 4033 1981 4089 Ἰα-

336 4109 452 4170 κὼϐ
484 4113 537 4170 ἐν
572 4115 781 4191 εἱρήνῃ,
810 4115 902 4170 καὶ
933 4115 1108 4170 πάντα
1134 4114 1203 4171 τά
1233 4114 1384 4186 ἔθνη.
1417 4116 1515 4172 Καὶ
1547 4118 1709 4181 αὑτὸς
1757 4117 1983 4197 φυλάξει

336 4206 531 4278 κράτος
586 4202 864 4280 βασιλείας
910 4224 1014 4277 μου
1060 4203 1165 4267 ’ἕως
1211 4208 1310 4259 τοῦ
1358 4204 1575 4269 αἰῶνος.
1644 4206 1827 4281 Ὀρκῳ
1874 4210 1979 4285 γὰρ

338 4290 520 4366 ὣμοσέ
543 4314 635 4366 μοι
659 4292 885 4368 Κύριος,
911 4293 988 4366 μὴ
1013 4291 1278 4366 ἐκλείψειν
1299 4293 1364 4350 τὸ
1390 4294 1662 4370 βασίλειόν
1681 4316 1785 4370 μου
1807 4297 1865 4352 ἐκ
1885 4304 1984 4355 τοῦ

334 4381 644 4457 σπέρματός
678 4401 804 4455 μου,
844 4383 1017 4443 πάσας
1044 4383 1142 4443 τὰς
1164 4383 1395 4457 ἡμέρας,
1426 4381 1533 4446 ἓως
1558 4389 1657 4441 τοῦ
1688 4385 1907 4450 αἰῶνος.

406 4473 523 4529 Kl“.
558 4494 587 4523 (ι
613 4468 807 4540 Πολλή
842 4467 900 4526 δὲ
932 4468 1081 4541 λύπη
1116 4470 1212 4543 μοί
1244 4470 1375 4542 ἐστι,
1406 4471 1565 4527 τέκνα
1593 4494 1719 4547 μου,
1753 4472 1843 4531 διὰ
1884 4477 1984 4540 τὰς

2092 3324 2147 3376 et
2204 3320 2509 3392 proficient
2553 3318 2615 3373 in
2672 3316 2895 3373 malum
2953 3316 3013 3370 in
3072 3312 3312 3369 avaritia
3366 3309 3619 3367 exaltati.
3666 3310 3737 3364 Et

2092 3413 2265 3465 erunt
2293 3412 2358 3464 ut
2378 3406 2643 3481 procellae
2665 3403 3208 3480 pseudoprophetae,
3241 3407 3513 3457 etomnes
3535 3398 3732 3469 justos

2089 3502 2536 3571 persequentur.

2162 3676 2325 3733 XXII.
2361 3695 2389 3728 ιι
2420 3677 2659 3731 Inducet
2696 3677 2891 3729 autem
2950 3672 3037 3727 eis
3084 3669 3359 3726 dominus
3415 3666 3734 3725 divisiones

2091 3765 2244 3821 inter
2272 3781 2357 3833 se,
2388 3768 2446 3820 et
2475 3762 2626 3820 bella
2683 3762 2962 3819 continua
3015 3764 3190 3816 erunt
3219 3760 3275 3813 in
3336 3758 3536 3826 Israel,
3569 3762 3626 3812 et
3674 3757 3737 3813 in

2093 3854 2436 3927 alienigenis
2459 3852 2967 3908 consummabitur
2995 3866 3242 3921 regnum
3275 3863 3492 3915 meum,
3552 3848 3737 3903 donec

2090 3944 2283 4000 veniet
2313 3943 2571 3999 salutare
2602 3940 2801 4006 Israel,
2836 3956 3024 4012 usque
3055 3939 3125 3993 ad
3158 3938 3473 3994 adventum
3506 3935 3606 3992 Dei
3636 3937 3736 4007 ju-

2093 4033 2289 4101 stitiaa,
2320 4037 2386 4089 ut
2415 4032 2680 4103 quiescat
2706 4029 2886 4086 Jacob
2909 4029 2967 4084 in
3009 4044 3171 4100 pace,
3202 4031 3259 4083 et
3289 4042 3493 4083 omnes
3532 4029 3736 4098 gentes

2090 4124 2162 4179 Et
2188 4122 2314 4195 ipse
2345 4121 2634 4177 custodiet
2678 4122 3023 4192 potestatem
3082 4117 3245 4189 regni
3294 4116 3409 4171 mei
3459 4131 3647 4187 usque
3674 4114 3735 4169 in

2092 4211 2393 4269 saeculum.
2422 4212 2766 4267 Juramento
2806 4209 2963 4265 enim
2996 4206 3221 4279 juravit
3253 4204 3397 4261 mihi
3428 4204 3734 4273 Dominus,

2090 4318 2206 4357 non
2237 4302 2602 4357 defecturum
2632 4314 2879 4370 regnum
2912 4314 3107 4353 meum
3138 4313 3169 4351 e
3191 4297 3417 4352 semine
3444 4310 3593 4361 meo,
3618 4309 3742 4349 om-

2092 4391 2267 4446 nibus
2299 4390 2525 4459 diebus,
2559 4404 2744 4459 usque
2772 4386 2831 4442 in
2864 4387 3165 4441 saeculum.

2160 4479 2346 4536 XXIII.
2385 4501 2406 4530 ι
2440 4478 2619 4533 Multa
2650 4481 2845 4532 autem
2879 4475 3117 4532 tristitia
3150 4474 3293 4530 mihi
3315 4477 3404 4529 est
3435 4472 3538 4527 filii
3598 4472 3733 4539 moi,

335 4558 609 4637 ἀσελγείας
638 4560 727 4615 καὶ
756 4559 1031 4636 γοητείας,
1061 4559 1150 4614 καὶ
1183 4556 1659 4636 εἷδωλολατρείας,
1710 4563 1772 4626 ἅς
1818 4567 1981 4636 ποιή-

2102 4572 2327 4640 propter
2373 4565 2791 4639 impudicitiae,
2823 4568 2875 4620 et
2908 4563 3224 4635 sortilegia,
3257 4566 3314 4617 et
3354 4559 3733 4629 idololatrias,

334 4669 451 4705 οετε
479 4648 558 4711 εἰς
611 4648 674 4704 τὸ
710 4648 1007 4724 βασίλειον,
1039 4646 1489 4725 ἐγγαστριμύθοις
1530 4649 1978 4726 ἀκολουθοῦντες,

331 4735 558 4812 κλῃδόσι
614 4740 719 4812 (3),
774 4737 864 4793 καὶ
929 4734 1152 4810 δαίμοσι
1209 4736 1444 4809 πλάνης.
1512 4741 1615 4802 Τὰς
1685 4740 1980 4817 θυγατέρας

336 4828 487 4901 ὑμῶν
540 4828 806 4901 μουσικὰς
853 4825 943 4882 καί
989 4823 1259 4900 δημοσίας
1314 4830 1593 4901 ποιήσετε,
1658 4830 1747 4885 καὶ
1795 4830 1980 4905 ἐπιμι-

331 4920 564 4993 γήσεσθε
594 4915 649 4972 ἐν
703 4913 1067 4992 βδελύγμασιν
1117 4915 1308 4971 ἐθνῶν*
1360 4917 1471 4972 ἀνθ’
1516 4919 1594 4972 ὧν
1644 4917 1755 4990 ἄξει
1786 4919 1981 4996 Κύριος

332 5005 413 5085 ἐφ’
460 5006 602 5079 ὑμᾶς
670 5004 858 5079 λιμὸν,
908 5004 1133 5060 θάνατον
1183 5005 1273 5060 καὶ
1318 5005 1612 5085 ῥομφαίαν,
1663 5005 1977 5064 ἐκδικοῦσαν

327 5094 676 5172 πολιορκίαν,
723 5094 812 5149 καὶ
858 5092 1016 5156 κύνας
1063 5094 1139 5157 εἷς
1183 5092 1541 5169 διασπασμὸν,
1608 5095 1821 5173 ἐχθρῶν
1886 5097 1979 5155 καὶ

330 5183 508 5264 φίλων
555 5181 917 5257 ὀνειδισμοὺς,
964 5181 1239 5240 ἀπώλειαν
1308 5183 1398 5240 καὶ
1458 5187 1536 5260 (4)
1609 5186 1979 5265 σφακελισμὸν

400 5276 448 5313 ¹⁸
478 5276 646 5331 Rom.
682 5291 743 5343 n,
778 5274 865 5342 14,
900 5273 988 5330 15.

328 5380 873 5511 ᾶα(ἑ.0(ἓ)λἘπίγνωτε
920 5380 1036 5437 οὖν.
1084 5382 1318 5440 Omissa
1368 5382 1597 5458 integra
1638 5384 1761 5443 hac
1792 5386 1978 5458 peric.

396 5526 474 5597 (1)
505 5521 812 5598 Βασιλείας.
847 5520 1151 5598 Βασιλείας,
1177 5523 1280 5598 ,ἐὰν⁸
1307 5526 1384 5597 μὴ
1416 5522 1487 5598 δι’
1518 5526 1784 5598 ἁμαρτίας
1814 5526 1976 5583 ἐκπὲ-

326 5594 643 5725 «ἔδέὲἓρίου,
673 5595 763 5651 καὶ
792 5601 1047 5671 κυριευθῆ
1096 5594 1199 5651 ὑπὸ
1264 5594 1523 5673 ἐπιγείοις,
1558 5594 1746 5657 addit
1797 5602 1979 5660 codex

2091 4674 2240 4730 quas
2268 4656 2491 4712 facietis
2516 4656 2575 4711 in
2618 4669 2886 4726 regnum,
2947 4652 3345 4722 ventriloquos
3398 4652 3731 4720 sequentes,

2088 4743 2477 4799 divinationes
2523 4748 2579 4798 et
2634 4742 2931 4797 daemonas
2986 4738 3219 4796 erroris.
3281 4736 3455 4793 Filias
3508 4740 3733 4793 vestras

2088 4833 2439 4887 cantatrices
2477 4835 2534 4886 et
2560 4829 2826 4902 publicas
2854 4830 3099 4897 facietis,
3134 4834 3193 4884 et
3248 4826 3730 4883 im'niscebimini

2090 4920 2627 4977 abominationibus
2648 4919 2908 4991 gentium
2935 4936 2948 4984 ;
2974 4934 3076 4991 pro
3108 4918 3323 4990 quibus
3343 4918 3516 4972 ducet
3539 4916 3732 4972 Domi-

2090 5027 2205 5066 nus
2234 5027 2411 5082 super
2438 5026 2539 5065 vos
2570 5011 2783 5064 famem
2810 5012 2868 5063 et
2898 5007 3315 5078 pestilentiam,
3372 5011 3619 5063 mortem
3676 5010 3735 5061 et

2085 5099 2373 5171 gladium,
2404 5098 2780 5154 ulciscentem
2812 5096 3199 5164 obsidionem,
3229 5101 3286 5152 et
3312 5112 3484 5153 canes
3535 5095 3593 5151 in
3643 5094 3732 5150 di-

2084 5186 2487 5258 laniationem,
2522 5185 2895 5243 inimicorum
2925 5189 2984 5242 et
3024 5186 3347 5242 amicorum
3396 5182 3733 5258 opprobria,

2155 5387 2235 5460 (2)
2264 5385 2362 5440 Καὶ
2392 5380 2483 5458 ἔσῃ
2536 5382 2738 5445 αὐτοῖς.
2789 5384 2934 5442 Add.
2983 5380 3047 5437 σὺ
3104 5378 3162 5438 δὲ
3208 5378 3300 5456 ἔσῃ
3345 5375 3596 5456 βασιλεὺς
3622 5383 3725 5439 Ἰα-

2084 5452 2222 5514 κώϐ.
2256 5460 2438 5515 GRAB.

2155 5532 2235 5614 (β)
2303 5524 2781 5614 ’Δκολουθοῦντες,
2832 5521 3107 5614 ὶκλεηδόσι.
3191 5520 3725 5596 Ἐξακολουθοῦντες,

2084 5594 2307 5660 omissa
2334 5600 2602 5673 sequenti
2631 5594 2775 5673 voce
2796 5594 3043 5673 κληδόσι.
3075 5602 3157 5673 _In.

2155 5675 2234 5748 (4)
2285 5672 2382 5727 Καὶ
2414 5666 2598 5734 ’κύνας
2656 5670 2736 5734 εἰς
2793 5666 3149 5743 διασπασμὸν,
3214 5666 3437 5748 ἐχθρῶν»
3502 5667 3592 5726 καὶ
3649 5667 3732 5747 φί.
