4014 6226
352 320 506 385 1083

1344 317 1879 383 TESTAMENTA
1925 316 2036 381 XII
2077 314 2789 383 PATRIARGHARUM.

3575 317 3711 382 ιοει

338 450 723 526 perditionem
757 454 815 507 et
843 450 1021 507 talem
1052 450 1422 518 occulodum,
1457 467 1770 524 puerorum
1829 450 1980 506 occi-

2098 445 2422 525 ὀφθαλμῶν,
2473 447 2687 518 τήπίων
2739 448 3028 524 ἀναίρεσιν,
3078 446 3171 504 καὶ
3224 440 3464 521 συμϐίων
3515 445 3710 527 ἀφαίρε-

340 543 588 611 sionem,
620 546 675 596 et
700 557 942 595 uxorum
976 540 1348 608 ablationem,
1392 542 1834 613 possessionum
1893 556 1983 593 ra-

339 631 561 703 pinam,
592 634 757 685 terrw
792 629 1229 700 desolationem,
1262 629 1467 701 templi
1489 629 1589 684 Dei
1622 626 1982 697 incendium,

332 718 507 775 vestri
537 718 799 791 ipsorum
834 718 1170 774 servitutem
1204 719 1262 773 in
1295 718 1573 790 gentibus
1606 735 1620 785 ;
1653 722 1710 773 et
1758 717 1984 773 exscin-

334 808 472 864 dent
501 824 531 863 e
562 807 726 863 vobis
754 808 1011 863 enuchos
1047 808 1325 863 uxoribus
1356 807 1503 877 suis,
1553 808 1737 862 donec
1795 821 1984 861 rever-

332 896 539 953 tamini
574 897 645 952 ad
678 896 990 952 Dominum
1012 897 1072 951 in
1100 897 1324 969 integro
1357 897 1549 963 corde,
1612 894 1983 967 pcsnitentes,

334 991 392 1043 et
423 985 791 1042 ambulantes
823 986 879 1040 in
914 986 1188 1042 omnibus
1219 985 1514 1041 mandatis
1554 984 1676 1055 Dei,
1710 988 1766 1040 et
1792 982 1987 1038 visitet

333 1092 437 1131 vos
469 1074 749 1131 Dominus
774 1075 831 1129 in
865 1074 1285 1143 misericordia,
1320 1079 1377 1131 et
1400 1075 1639 1130 reducat
1669 1090 1703 1129 a
1737 1071 1980 1144 captivi-

334 1168 454 1222 tate
481 1164 855 1220 inimicorum
883 1169 1244 1221 vestrorum.

405 1254 595 1310 XXIV.
633 1276 661 1305 «
704 1254 771 1308 Et
827 1258 957 1326 post
987 1253 1107 1308 haec
1152 1253 1371 1308 orietur
1425 1252 1588 1307 vobis
1630 1255 1855 1307 astrum
1914 1266 1983 1305 ex

332 1342 511 1400 Jacob
540 1343 600 1397 in
634 1359 793 1414 pace,
828 1346 883 1397 et
929 1346 1198 1413 exsurget
1246 1342 1420 1397 homo
1469 1359 1538 1397 ex
1577 1340 1801 1397 semine
1830 1355 1980 1408 meo,

332 1436 399 1488 ut
418 1432 505 1488 sol
549 1432 815 1503 justitiae,
850 1430 1160 1486 ambulans
1207 1448 1338 1486 cum
1391 1430 1528 1485 filiis
1576 1429 1883 1484 hominum
1917 1428 1976 1483 in

332 1521 784 1576 mansuetudine
816 1524 872 1575 et
903 1520 1157 1590 justitia,
1190 1525 1246 1575 et
1275 1520 1597 1591 quidquam
1622 1517 1839 1590 peccati
1864 1533 1980 1572 non

332 1608 701 1664 invenientur
728 1609 787 1663 in
822 1624 907 1664 eo.
939 1609 1009 1663 Et
1038 1609 1374 1681 aperientur
1402 1608 1793 1680 superipsum
1828 1604 1977 1675 coeli,

335 1699 405 1754 ad
439 1698 857 1753 effundendum
902 1697 1206 1770 Spiritum,
1267 1696 1729 1753 benedictionem
1790 1694 1979 1750 Patris

332 1786 518 1843 sancti
543 1803 557 1843 :
589 1790 645 1842 et
675 1786 797 1857 ipse
818 1786 1077 1841 eﬂundet
1107 1786 1378 1858 spiritum
1410 1786 1609 1858 gratiae
1643 1802 1821 1858 super
1850 1800 1978 1853 vos,

331 1878 390 1931 et
410 1874 571 1931 eritis
601 1876 652 1931 ei
686 1874 786 1928 filii
819 1875 876 1930 in
909 1875 1168 1941 veritate,
1200 1879 1257 1930 et
1287 1873 1667 1931 ambulabitis
1715 1874 1774 1929 in
1833 1889 1981 1945 prae-

331 1962 513 2035 ceptis
543 1961 702 2018 illius
731 1963 937 2035 primis
968 1967 1025 2019 et
1056 1963 1300 2019 ultimis.
1335 1964 1433 2019 Hic
1476 1967 1566 2018 est
1611 1979 1847 2035 germen
1882 1960 1978 2016 Dei

330 2051 640 2119 Altissimi,
691 2057 748 2107 et
776 2052 870 2107 hic
902 2056 991 2108 est
1022 2053 1152 2108 fons
1180 2053 1239 2107 in
1278 2053 1456 2107 vitam
1508 2053 1703 2108 omnis
1760 2050 1975 2107 carnis.

329 2141 494 2197 Tunc
543 2140 853 2213 refulgebit
902 2145 1197 2213 sceptrum
1248 2141 1410 2213 regni
1450 2140 1583 2207 mei,
1616 2145 1732 2195 eta
1785 2140 1979 2195 radice

327 2234 520 2286 vestra
548 2234 818 2285 nascetur
863 2247 1118 2303 propago
1148 2249 1162 2299 ;
1197 2234 1255 2285 et
1304 2230 1360 2284 in
1393 2246 1459 2284 eo
1491 2230 1765 2286 ascendet
1816 2228 1980 2299 virga

322 2318 570 2391 justitizs
599 2319 892 2391 gentibus,
925 2324 990 2376 ut
1012 2319 1235 2391 judicet
1270 2323 1327 2375 et
1355 2318 1537 2375 salvet
1585 2334 1790 2375 omnes
1820 2317 1980 2374 invo-

334 2411 536 2465 cantes
565 2408 900 2466 Dominum.

402 2582 566 2640 XXV.
595 2602 623 2637 ιι
652 2585 723 2640 Et
753 2587 883 2657 post
910 2584 1021 2641 hoc
1043 2588 1310 2658 resurget
1337 2583 1651 2651 Abraham,
1685 2588 1743 2640 et
1793 2584 1976 2654 Isaac,

331 2676 388 2729 et
416 2674 596 2729 Jacob
624 2672 684 2728 in
714 2673 894 2729 vitam
925 2690 938 2743 ;
973 2678 1029 2729 et
1058 2690 1184 2745 ego,
1214 2676 1272 2730 et
1295 2674 1502 2730 fratres
1526 2673 1639 2729 mei
1662 2674 1973 2745 principes,

332 2766 631 2834 sceptrum
656 2767 914 2818 vertrum
956 2762 1016 2819 in
1051 2761 1229 2818 Israel
1282 2764 1504 2818 erimus
1536 2762 1668 2818 Levi
1729 2763 1975 2835 primus,

333 2852 629 2907 secundus
658 2867 786 2923 ego,
817 2852 1027 2908 tertius
1065 2850 1305 2923 Joseph,
1356 2856 1603 2923 quartus
1649 2850 1975 2923 Benjamin,

334 2938 577 3011 quintus
607 2938 865 3006 Simeon,
927 2944 1126 2995 sextus
1184 2939 1437 3007 Isacbar,
1470 2943 1528 2994 et
1574 2939 1657 2994 ita
1702 2939 1979 3010 deinceps

334 3045 558 3085 omnes.
594 3028 662 3085 Et
691 3028 971 3085 Dominus
1018 3027 1312 3085 benedixit
1342 3028 1503 3097 Levi;
1536 3027 1779 3101 angelus
1813 3026 1979 3083 faciei

2097 557 2199 609 σιν,
2252 536 2609 613 ὑπαρχόντων
2663 538 2914 615 ἁρπαγὴν
2961 541 3062 613 (5),
3111 544 3216 614 γῆς
3268 536 3558 613 ἐρήμωσιν,
3604 545 3709 593 ναοῦ

2096 629 2231 681 Θεοῦ
2278 625 2638 703 ἐμπυρισμὸν,
2687 627 2839 698 ὑμῶν
2888 626 3065 683 αὐτῶν
3121 624 3366 681 δουλείαν
3427 624 3480 681 ἐν
3531 625 3711 683 ἒθνεσι’

2092 714 2182 769 καὶ
2209 713 2526 788 ἐκυεμοῦσιν
2555 714 2605 788 ἐξ
2656 715 2809 788 ὑμῶν
2865 715 2941 778 εἷς
2997 714 3294 792 εὐνούχους
3342 720 3460 777 ταῖς
3503 717 3709 791 γυναιξὶν

2094 802 2293 872 αὐτῶν,
2351 800 2460 865 ἕως
2507 803 2566 858 ἂν
2616 803 2974 880 ἐπιστρὲψητε
3018 804 3155 880 πρὸς
3203 803 3400 878 Κύριον
3451 802 3501 858 ἓν
3555 803 3715 875 τελείᾳ

2094 889 2307 968 καρδίᾳ,
2362 891 2852 966 μεταμελούμενοι,
2910 894 2999 948 καὶ
3042 892 3405 969 πορευόμενοι
3454 891 3503 947 ὲν
3543 894 3713 956 πάσαις

2091 986 2210 1044 ταῖς
2252 978 2497 1045 ὶντολαῖς
2539 985 2637 1037 τοῦ
2677 986 2831 1053 Θεοῦ,
2864 982 2953 1037 καὶ
2987 981 3330 1055 ὲπισκὲψητατ
3369 981 3507 1055 ὑμᾶς
3537 981 3711 1057 Κύριος

2094 1069 2144 1126 ἐν
2197 1068 2360 1139 ἐλέει,
2407 1070 2497 1126 καὶ
2549 1070 2799 1147 ἀναγάπῃ
2846 1072 2926 1146 (6)
2954 1070 3061 1127 ἀπὸ
3090 1072 3192 1141 τὴς
3221 1068 3600 1147 αἰχμαλωσίας
3622 1075 3710 1126 τῶν

2094 1158 2307 1236 ἐχθρῶν
2342 1161 2517 1234 ὑμῶν.

2162 1250 2279 1304 ΚΔ’.
2340 1272 2371 1302 «
2427 1248 2527 1304 Καὶ
2588 1251 2721 1323 μετᾶ
2768 1252 2934 1304 ταῦτα
2971 1246 3221 1304 ἀνατελεῖ
3264 1249 3391 1321 ὑμῖν
3442 1249 3622 1323 ἄστρον
3670 1248 3711 1320 ἐξ

2092 1333 2287 1393 Ἰακὼϐ
2316 1337 2368 1393 ἐν
2404 1337 2614 1414 εἰρήνῃ,
2659 1337 2749 1394 καὶ
2799 1338 3153 1409 ἀναστήσεται
3200 1337 3485 1412 ἅνθρωπος
3540 1336 3594 1392 ἐκ
3632 1342 3713 1393 τοῦ

2091 1426 2400 1503 σπέρματός
2435 1448 2560 1500 μου,
2590 1427 2667 1490 ὡς
2724 1429 2753 1484 ὁ
2801 1426 2966 1497 ἥλιος
3014 1424 3359 1496 δικαιοσύνης
3410 1427 3710 1501 συμπορευό·

2093 1535 2255 1589 μενος
2304 1520 2426 1578 τοῖς
2478 1516 2619 1578 υἱοῖς
2670 1520 2779 1570 τῶν
2828 1516 3128 1590 ἀνθρώπων
3162 1515 3213 1569 ἐν
3242 1514 3511 1591 πραότητι
3539 1515 3621 1569 καὶ
3648 1512 3712 1570 δι-

2089 1603 2369 1679 καιοσύνῃ,
2417 1605 2507 1660 καὶ
2556 1610 2703 1659 πᾶσα
2782 1604 3018 1681 ἁμαρτία
3085 1603 3195 1680 οὐχ
3270 1603 3609 1678 εὑρεθήσεται
3671 1605 3712 1659 ἐν

2088 1692 2255 1767 αύτῷ.
2298 1693 2398 1749 Καὶ
2430 1695 2804 1770 ἀνοιγήσονται
2839 1692 2923 1749 ἐπ’
2968 1692 3127 1749 αὑτὸν
3160 1694 3211 1749 ol
3266 1692 3511 1768 οὐρανοὶ,
3558 1692 3713 1769 ἒκχὲαι

2011 1823 2058 1888 Β
2090 1788 2330 1857 Πνεῦμα,
2380 1780 2634 1859 εὐλογίαν
2690 1782 2900 1859 Πατρὸς
2943 1782 3141 1888 ἁγίοου·
3205 1781 3294 1838 καὶ
3344 1781 3507 1844 αὐτὸς
3561 1780 3714 1857 ὲκχεεῖ

2087 1876 2298 1946 πνεῦμα
2343 1870 2574 1949 χάριτος
2621 1870 2702 1950 ἐφ’
2750 1872 2915 1946 ὑμᾶς,
2944 1871 3035 1927 καὶ
3062 1868 3245 1927 ἓσεσθε
3276 1870 3425 1944 αύτῷ
3455 1869 3528 1933 εἷς
3582 1870 3709 1933 υἱοὺς

2089 1959 2142 2016 ἐν
2187 1959 2435 2033 ἀληθείᾳ,
2480 1960 2571 2015 καὶ
2644 1959 2967 2036 πορεύσεσθε
3009 1959 3061 2016 ἐν
3129 1959 3510 2036 προστάγματι
3569 1959 3711 2015 αύτοῦ

2086 2051 2328 2126 πρώτοις
2359 2049 2447 2129 καὶ
2480 2047 2734 2125 ἐσχάτοις
2897 2048 3066 2111 Οὗτος
3097 2049 3126 2105 ὁ
3163 2046 3400 2124 βλαστὸς
3432 2052 3563 2104 Θεοῦ
3606 2047 3711 2120 ὑψί-

2087 2158 2242 2208 στου,
2271 2137 2360 2192 καὶ
2392 2136 2527 2209 αὕτη
2554 2139 2590 2207 ἠ
2622 2140 2777 2213 πηγὴ
2812 2136 2889 2201 είς
2926 2138 3070 2208 ζωὴν
3102 2139 3281 2208 πάσης
3337 2137 3561 2209 σαρκός.
3602 2135 3715 2191 Τότε

2085 2226 2393 2300 ἀναλάμψει
2424 2227 2503 2301 (8)
2539 2233 2818 2301 σκῆπτρον
2855 2224 3134 2302 βασιλείας
3171 2247 3298 2299 μου,
3354 2224 3449 2281 καὶ
3497 2226 3595 2280 ἀπὸ
3625 2232 3711 2293 τῆς

2088 2314 2236 2392 ῥίζης
2270 2315 2421 2388 ὑμῶν
2448 2316 2726 2392 γενήσεται
2767 2315 3009 2387 πυθμήν
3049 2314 3139 2369 καὶ
3166 2314 3217 2370 ἐν
3246 2312 3394 2388 αύτῷ
3412 2308 3713 2385 ἀναϐήσεται

2087 2400 2284 2482 ῥάϐδος
2316 2401 2661 2473 δικαιοσύνης
2692 2408 2807 2467 τοῖς
2840 2398 3031 2474 ἔθνεσι,
3062 2409 3241 2480 κρῖναι
3266 2403 3357 2459 καὶ
3390 2407 3560 2458 σῶσαι
3604 2402 3714 2458 πάν-

2082 2514 2178 2557 τας
2202 2492 2330 2557 τοὺς
2361 2491 2819 2567 ἐπικαλουμὲνττς
2848 2492 3065 2570 Κύριον.

2158 2584 2276 2640 ΚΕ’.
2312 2604 2342 2633 ί(
2389 2581 2494 2638 Καὶ
2549 2582 2684 2656 μετὰ
2728 2586 2895 2637 ταῦτα
2922 2581 3275 2653 ἀναστήσεται
3306 2577 3582 2657 Ἁϐραάμ,
3633 2582 3707 2635 καὶ

2085 2672 2285 2743 Ἰσαὰκ,
2313 2671 2402 2727 καὶ
2432 2667 2647 2742 Ἰακὼϐ,
2708 2670 2785 2733 εἷς
2827 2673 2972 2744 ζωήν
2996 2690 3009 2703 ·
3060 2670 3151 2727 καὶ
3197 2670 3324 2747 ἐγὼ,
3369 2673 3463 2726 καί
3492 2671 3543 2725 οἱ
3573 2667 3715 2725 ἀδελ-

2086 2760 2178 2842 φοί
2212 2782 2317 2836 μου
2366 2760 2609 2838 ἔξαρχοι,
2660 2764 2935 2837 σκῆπτρον
2981 2763 3143 2835 ἡμῶν
3177 2763 3256 2836 (9)
3288 2759 3339 2815 ἐν
3373 2758 3595 2834 Ἰσραὴλ
3623 2757 3716 2813 ἐσό-

2090 2853 2244 2925 μεθα.
2307 2847 2437 2906 Δευΐ
2483 2854 2724 2927 πρῶτος,
2788 2848 3036 2926 δεύτερος
3081 2849 3214 2926 ἐγὼ,
3262 2849 3454 2927 τρίτος
3520 2848 3718 2925 Ἰωσὴφ,

2083 2939 2339 3016 τέταρτος
2388 2940 2661 3013 Βενιαμὶν,
2710 2938 2961 3013 πέμπτος
3015 2940 3264 3013 Ευμεὼν,
3306 2934 3469 3001 ἕκτος
3499 2937 3716 3013 Ἰσαχὰρ,

2085 3028 2175 3084 καὶ
2207 3027 2379 3089 οὕτῶς
2409 3029 2636 3099 καθεξῆς
2665 3028 2882 3090 πάντες.
2914 3027 3013 3083 Καὶ
3070 3027 3267 3103 Κύριος
3328 3022 3599 3102 εύλόγησε
3640 3025 3717 3080 τὸν

338 3133 469 3185 me;
500 3117 751 3173 virtutes
780 3117 972 3191 gloriae
1002 3118 1237 3174 Simeon
1272 3136 1286 3186 ;
1320 3116 1531 3174 caelum
1579 3117 1777 3173 Ruben
1805 3134 1818 3185 ;
1852 3117 1978 3173 Isa-

2096 3113 2217 3173 Λευί
2245 3136 2258 3149 ·
2294 3117 2322 3172 ὁ
2353 3114 2582 3193 ἅγγελος
2608 3120 2706 3173 τοῦ
2736 3117 3026 3193 προσώυου
3064 3115 3162 3190 ἐμέ
3186 3133 3201 3149 ⁸
3255 3117 3311 3170 αἱ
3352 3113 3608 3189 δυνάμεις
3633 3120 3719 3183 τῆς

332 3206 476 3263 chac
506 3210 694 3274 terra;
728 3189 887 3262 mare
916 3206 1171 3263 Zabulcn
1198 3226 1211 3276 ;
1245 3212 1476 3263 montes
1504 3205 1754 3279 Joseph;
1782 3206 1973 3261 taber-

2096 3203 2253 3278 δόξης
2308 3189 2728 3279 τὸν-Συμεών·
2872 3204 3094 3281 οὐρανὸς
3158 3204 3251 3261 τὸν
3310 3200 3593 3277 Ῥουϐήμο
3640 3202 3719 3259 τὸν

329 3295 606 3351 naculum
640 3296 942 3366 Benjamin
978 3315 992 3361 ς
1035 3296 1349 3351 luminaria
1378 3296 1501 3352 Dan
1537 3313 1551 3366 ;
1602 3295 1821 3350 deliciae
1862 3295 1973 3351 Ne-

330 3383 575 3459 pthalim
601 3402 614 3453 ;
648 3384 733 3440 sol
763 3385 916 3453 Gad;
945 3384 1092 3441 olivo
1122 3387 1299 3441 Aser:
1334 3388 1391 3440 et
1411 3386 1519 3439 erit
1548 3401 1703 3441 unus
1724 3382 1974 3456 populus

332 3472 586 3541 Domini,
618 3478 675 3529 et
704 3473 904 3547 lingua
927 3492 1044 3530 una
1066 3492 1079 3541 ;
1109 3478 1166 3529 et
1189 3491 1300 3529 non
1326 3473 1436 3530 erit
1456 3472 1711 3546 amplius
1732 3473 1976 3545 spiritus

333 3563 547 3619 erroris
581 3562 786 3633 Beliar,
818 3564 1095 3634 quoniam
1134 3564 1395 3620 mittetur
1416 3564 1473 3619 in
1497 3565 1692 3635 ignem
1718 3566 1778 3618 in
1801 3579 1978 3618 seacu-

332 3650 477 3707 lum.
511 3652 583 3708 Et
612 3652 711 3723 qui
742 3651 798 3707 in
828 3653 1070 3709 tristitia
1101 3654 1314 3709 mortui
1341 3658 1499 3721 sunt,
1552 3656 1860 3725 resurgent
1915 3651 1977 3707 in

334 3741 548 3814 gaudio
572 3758 587 3810 ;
619 3745 676 3797 et
706 3741 877 3813 quiin
902 3747 1256 3814 pauperpate
1275 3748 1508 3815 propter
1528 3742 1866 3809 Dominum,
1889 3741 1976 3796 di-

333 3830 650 3898 tabuntur;
685 3836 743 3886 et
762 3830 863 3902 qui
894 3831 953 3886 in
976 3832 1195 3904 inopia,
1218 3832 1674 3900 saturabuntur;
1702 3836 1760 3887 et
1781 3830 1980 3903 quiin-

334 3919 697 3988 inﬂrmitate,
731 3919 1231 3989 fortiﬁcabuntur;
1266 3926 1321 3976 et
1361 3921 1462 3992 qui
1519 3925 1754 3993 propter
1788 3918 1979 3976 Domi-

338 4024 481 4064 num
515 4008 730 4063 mortui
764 4013 922 4077 sunt,
954 4008 1312 4079 evigilabunt
1333 4010 1389 4064 in
1423 4009 1560 4064 vita.
1595 4014 1661 4065 Et
1700 4009 1849 4065 cervi
1881 4009 1982 4064 Ja-

338 4096 447 4151 cob
476 4101 712 4152 current
756 4097 813 4151 in
854 4096 1227 4164 exultatione,
1276 4102 1334 4154 et
1362 4098 1569 4169 aquilas
1618 4098 1794 4154 Israel
1827 4097 1982 4153 vola-

339 4184 490 4240 bunt
518 4185 577 4239 in
600 4183 814 4255 gaudio
848 4201 861 4252 ;
894 4184 1060 4255 impii
1091 4201 1220 4240 vero
1252 4184 1663 4255 tristabuntur,
1694 4189 1752 4240 et
1781 4202 1983 4258 pecca-

339 4277 497 4329 tores
519 4272 823 4345 lugebunt,
841 4278 899 4331 et
919 4290 1121 4330 omnes
1146 4273 1346 4347 populi
1370 4274 1986 4346 gloriﬁcabuntDomi-

340 4379 485 4420 num
514 4362 575 4419 in
596 4361 831 4420 saecula.

406 4629 592 4686 XXVI.
626 4652 654 4682 «
688 4630 987 4688 Custodite
1013 4630 1214 4705 igitur,
1246 4629 1350 4687 ﬁlii
1379 4630 1516 4697 mei,
1540 4647 1775 4688 omnem
1796 4631 1984 4704 legem

336 4719 594 4791 Domini,
622 4720 901 4792 quoniam
954 4737 1089 4793 spes
1145 4725 1233 4777 est
1261 4720 1539 4777 omnibus
1596 4721 1985 4793 dirigentibus

335 4808 490 4866 viam
520 4810 668 4879 ejus.
702 4830 730 4860 »
746 4813 814 4864 Et
834 4809 979 4865 dixit
1009 4810 1128 4866 eis:
1153 4811 1442 4867 «Centum
1465 4810 1663 4867 decem
1692 4814 1750 4866 et
1780 4826 1984 4866 novem

340 4913 631 4954 onnorum
663 4912 769 4969 ego
799 4898 1017 4954 morior
1045 4898 1217 4954 hodie
1246 4899 1305 4954 in
1339 4898 1524 4955 oculis
1545 4899 1772 4956 vestris.
1803 4898 1985 4956 Nemo

342 5001 437 5043 me
467 4984 711 5058 sepeliet
738 4985 798 5041 in
828 4988 1083 5059 pretiosa
1118 4992 1297 5054 veste,
1345 4988 1435 5045 vel
1483 4993 1747 5045 ventrem
1787 5004 1985 5045 meum

340 5144 455 5201 λων
539 5143 847 5219 ὀνειισμοὺς
915 5143 1192 5219 ᾁπώλειαν
1234 5147 1347 5219 καὶ,
1413 5149 1637 5207 Desunt
1682 5151 1881 5208 omnia
1930 5155 1990 5208 et

338 5219 464 5348 ἓ)οο
496 5216 796 5292 sequentis
826 5218 982 5276 vocis
1013 5216 1378 5297 σφακελισμόν
1408 5222 1598 5294 posita
1624 5240 1733 5280 vox
1774 5219 1983 5296 λήμην.

397 5308 530 5347 me.

397 5308 530 5347 ΕΑΒ.

432 5364 487 5450 ᾗ)
518 5358 901 5450 ξῐςπαρχόντωμ
932 5362 1195 5450 ἁρπαγήν.
1231 5364 1473 5450 Desunt.
1509 5371 1592 5421 ID.

434 5433 490 5507 6)
527 5433 821 5509 ᾊναγάπῃ,
854 5433 1121 5509 Αναγάγῄ,
1155 5436 1497 5509 quaelectio
1548 5437 1731 5494 multo
1783 5438 1989 5509 melior

344 5505 710 5584 οδε-’διεθτῇ
727 5505 985 5584 prorsus
1016 5505 1240 5561 vitiosa.
1294 5508 1509 5584 Neque
1539 5511 1695 5584 enim
1748 5508 1988 5584 ᾁναγάπῃ

345 5574 579 5647 uspiam
611 5573 751 5631 alibi
777 5576 994 5654 legitur
1013 5594 1170 5654 ,χηλοῦ
1202 5573 1455 5654 sequens
1486 5580 1592 5634 ἀπὸ
1623 5582 1697 5637 ad
1728 5573 1988 5654 aliquam

343 5660 546 5703 vocem
574 5648 995 5717 precedentem
1027 5648 1226 5723 referri
1256 5648 1467 5722 potest.
1498 5656 1583 5708 In.

2084 3296 2304 3373 Ἰσαχὰρ
2334 3301 2369 3365 ἦ
2400 3300 2472 3371 γῆ
2500 3314 2513 3328 ·
2546 3297 2583 3365 ἡ
2616 3293 2859 3359 θάλασσα
2882 3296 2974 3350 τὸν
3008 3289 3320 3351 Ζαϐουλώψ
3372 3294 3445 3350 τὰ
3492 3293 3589 3369 ὅρη
3640 3293 3718 3347 τὸν

2083 3377 2327 3463 Ἰωσήφ’
2370 3386 2407 3454 ἡ
2467 3385 2640 3464 σκφνὴ
2698 3384 2788 3439 τὸν
2863 3383 3157 3458 Βενιαμίν
3206 3384 3259 3439 οἱ
3313 3390 3596 3461 φωστῆρες
3645 3381 3721 3436 τὸν

2086 3473 2186 3529 Δάν
2215 3493 2228 3507 θ
2288 3474 2324 3543 ἡ
2372 3474 2550 3552 τρυφῆ
2599 3474 2691 3529 τὸν
2744 3471 3098 3551 Νεφθαλείμ·
3158 3472 3188 3528 ὁ
3236 3471 3405 3542 ἣλιος
3441 3472 3533 3528 τὸν
3602 3468 3716 3525 Γάδο

2086 3561 2242 3619 ἐλαία
2283 3562 2375 3618 τὸν
2422 3563 2629 3638 Ἀσήρο
2678 3563 2769 3617 καὶ
2818 3559 2962 3617 ἔσται
3027 3560 3103 3623 εἷς
3170 3559 3305 3624 λαὸς
3365 3561 3592 3635 Κυρίου,
3642 3558 3717 3612 καὶ

2085 3651 2305 3729 γλῶσσα
2352 3650 2452 3724 μία
2478 3670 2493 3685 ·
2538 3649 2630 3706 καὶ
2680 3649 2781 3706 ούκ
2826 3648 2972 3706 ἔσται
3024 3647 3101 3705 ἔτι
3148 3654 3359 3723 πνεῦμα
3402 3648 3720 3719 πλάνηςτοῦ

2088 3738 2304 3816 Βελιὰρ,
2351 3738 2434 3794 ὅτι
2487 3733 2899 3813 ἐμϐληθήσεται
2943 3737 2996 3794 ἐν
3035 3739 3117 3813 τῷ
3148 3739 3285 3818 πυφὶ
3316 3738 3396 3801 εἷς
3426 3738 3518 3793 τὸν
3550 3738 3717 3793 αἰῶνα.

2088 3827 2188 3884 Καὶ
2242 3829 2295 3883 ol
2342 3827 2395 3884 ἐν
2447 3825 2594 3903 λύπῃ
2622 3828 3038 3899 τελευτήσαντες
3070 3827 3463 3900 ἀναστήσονται
3495 3826 3545 3884 ἐν
3575 3831 3719 3903 χαρᾷ,

2088 3917 2179 3974 καὶ
2225 3917 2279 3972 οἶ
2323 3916 2375 3973 ἐν
2424 3916 2674 3993 πτωχείᾳ
2719 3913 2809 3972 διὰ
2854 3916 3074 3993 Κύριον,
3108 3913 3620 3987 πλουτισθήσονται,
3645 3914 3720 3969 καὶ

2092 4006 2143 4063 οἶ
2191 4005 2242 4062 ἐν
2292 4005 2469 4079 πενίᾳ,
2518 4006 3017 4083 χορτασθήσονται,
3076 4006 3167 4062 καὶ
3229 4006 3283 4062 cl
3356 4005 3410 4062 ἐν
3481 4002 3718 4075 ἀσθενείᾳ,

2090 4094 2400 4172 ῒσχύσουσι,
2452 4094 2542 4150 καὶ
2595 4096 2647 4151 οἱ
2691 4092 2781 4151 διὰ
2828 4094 3033 4169 Κύριον
3101 4093 3466 4160 ἀποθανόντες
3534 4095 3721 4165 ἐξυπνι-

2092 4187 2379 4256 σθήσονται
2426 4182 2480 4241 ἐν
2538 4188 2674 4259 ζωῇ.
2725 4184 2824 4240 Καὶ
2856 4185 2907 4239 οἱ
2939 4179 3132 4261 ἔλαφοι
3178 4180 3375 4241 Ἰακὼϐ
3409 4183 3721 4261 δραμοῦνται

2094 4274 2146 4331 ἐν
2195 4272 2539 4350 ἀγαλλιάσει,
2572 4273 2663 4329 καὶ
2728 4274 2782 4329 οἱ
2842 4273 2987 4329 ἀετοὶ
3044 4272 3265 4351 Ἰσραὴλ
3320 4276 3723 4344 πετασθήσονται

2095 4363 2149 4420 ἐν
2177 4368 2357 4440 χαρᾷ·
2408 4364 2461 4417 οἱ
2512 4359 2572 4418 δὲ
2618 4357 2829 4426 ἀσεϐεῖς
2876 4364 3223 4435 πενθήσουσι,
3281 4362 3371 4418 καὶ
3421 4359 3722 4439 ἁμαρτωλοὶ

2094 4452 2443 4526 κλαύσονται,
2481 4450 2573 4508 καὶ
2624 4450 2818 4515 πάντες
2866 4452 2921 4507 ol
2965 4449 3089 4508 λαοὶ
3120 4448 3402 4525 δοξάσουσι
3430 4450 3620 4528 Κύριον
3657 4447 3722 4509 είς

2021 4559 2066 4624 D
2096 4542 2312 4605 αἰῶνας.

2166 4631 2275 4702 [ζ’.
2307 4654 2339 4684 ‹‹
2390 4628 2673 4704 Φυλάξατε
2719 4627 2835 4705 οὖν,
2881 4630 3041 4686 τέκνα
3087 4650 3215 4704 μου,
3246 4631 3421 4686 πάντα
3447 4630 3545 4686 τὸτ
3571 4627 3719 4702 νόμον

2093 4719 2316 4798 Κυρίου,
2366 4716 2450 4775 ὅτι
2497 4717 2653 4783 ἐλπίς
2706 4718 2847 4775 ἐστιν
2892 4724 3021 4775 πᾶσι
3072 4724 3189 4782 τοῖς
3231 4716 3724 4785 κατευθύνουσιτήτ

2095 4808 2219 4866 ὁδὸν
2272 4808 2457 4864 αὐτοῦ.
2501 4807 2601 4864 Kal
2652 4807 2798 4864 εἶπεν
2828 4808 2967 4885 πρός
3000 4806 3214 4870 αὐτούς·
3252 4832 3274 4860 ι
3313 4810 3415 4885 ριθ¹
3445 4807 3578 4863 ἑτῶν
3608 4808 3721 4860 ἁπο-

2094 4900 2309 4971 θνήσκω
2339 4897 2449 4974 ἐγὼ
2480 4898 2721 4974 σήμερον
2751 4897 2803 4953 ἐν
2849 4895 3160 4976 ὀφθαλμοῖς
3208 4896 3379 4971 ὑμῶν.
3428 4893 3635 4968 Μηδείς
3667 4912 3724 4967 με

2094 4988 2379 5067 ὲνταφιάσῃ
2428 4983 2729 5043 πολυτελεῖ
2781 4985 2988 5059 ἐσθῆτι,
3046 4987 3083 5057 ἦ
3133 4985 3419 5063 ἀναῤῥήεοι
3468 4987 3570 5056 τήν
3624 5002 3722 5039 κοι-

2164 5151 2221 5225 (7
2273 5148 2375 5204 Kal
2423 5145 2750 5226 πορεύσεσθε
2793 5146 2846 5204 ἒν
2875 5168 2916 5203 π
2954 5147 3257 5222 οστάγματι
3311 5146 3475 5203 αὐτοῦ
3505 5146 3721 5223 πρώτοις

2093 5222 2184 5279 καὶ
2213 5150 2496 5291 ἐσχάτοις·
2544 5221 2769 5278 Desunt
2820 5221 2879 5277 in
2909 5166 3242 5278 Suionensi.
3282 5219 3436 5291 Ροῑοᾼ
3454 5236 3584 5276 vero
3636 5232 3723 5291 pro

2094 5242 2184 5279 και
2213 5242 2496 5297 εσχατοις·
2545 5242 2769 5278 uesunt.
2820 5242 2879 5277 1n
2909 5242 3242 5278 uxnonensl.
3282 5242 3425 5276 rum
3454 5242 3584 5276 vero
3637 5242 3722 5291 pru

2094 5295 2504 5379 προστάγματι,
2535 5292 2847 5379 legendum
2884 5291 3202 5379 Pluraliter
3238 5289 3636 5367 προστάγμασι,
3672 5292 3722 5344 ut

2097 5365 2408 5426 sequentia
2434 5365 2612 5422 verba
2639 5365 2923 5420 indicant.
2958 5368 3042 5419 In.

2190 5426 2246 5510 Β)
2274 5436 2417 5510 ΤότεΔ
2462 5433 2789 5510 ἀναλάμψει.
2840 5434 3073 5510 Omissa
3112 5434 3311 5491 omnia
3340 5450 3525 5510 usque
3552 5433 3621 5490 ad
3648 5426 3721 5485 δο-

2094 5506 2313 5581 ξάσουσι
2345 5506 2541 5583 Κύριον
2566 5506 2893 5583 εἶς-αἰῶνας,
2926 5506 3048 5563 sive
3079 5523 3267 5579 usque
3306 5507 3380 5564 ad
3426 5506 3597 5562 ﬁnem
3640 5518 3720 5559 se-

2097 5579 2335 5656 quentis
2365 5579 2737 5656 paragrapr
2770 5583 2857 5656 ip.

2170 5596 2335 5639 lenus
2365 5597 2501 5653 para
2550 5596 2737 5653 mpm.
2770 5596 2857 5635 ω.

2170 5651 2257 5742 (9(
2278 5654 2482 5726 Ἠμῶν.
2507 5596 2670 5725 iege
2696 5648 2895 5726 potius
2923 5645 3096 5725 ὑμῶν.
3127 5651 3212 5707 In.
