4014 6226
325 343 480 407 1085

1521 350 2119 415 TES'I‘AMENTUM
2161 350 2525 413 ISACBAR.

3578 353 3735 416 1086

321 475 444 533 λίαν
479 498 606 550 μου,
636 476 719 532 ὅτι
749 480 916 535 ταῦτα
951 477 1216 553 μέλλουσι
1246 487 1420 537 ποιεῖν
1468 484 1520 537 οἱ
1572 481 1968 559 βασιλεύοντες.

2088 482 2401 547 rescindat,
2437 483 2716 554 quoniam
2748 482 2871 539 haec
2901 482 3111 539 facturi
3141 484 3282 540 sunt
3308 484 3640 556 regnantes.
3662 484 3735 541 Et

322 566 423 620 Καὶ
483 565 773 642 άναγάγετέ
836 589 901 643 με
964 569 1041 631 εἷς
1100 566 1323 645 Χεϐρὼν
1380 574 1491 645 μεθ’
1553 574 1727 646 ὑμῶν.
1785 594 1815 625 ››
1877 572 1975 628 Καὶ

321 658 487 709 ταῦτα
578 655 767 727 εἰπὼν,
819 655 1086 731 ἐκοιμήθη
1155 658 1377 723 Ἰούδας·
1436 659 1526 716 καὶ
1594 660 1850 732 ἐποίησαν
1924 661 1978 715 οἱ

322 743 431 798 υἱοὶ
491 743 656 799 αὐτοῦ
708 748 844 801 κατὰ
895 748 1088 818 πάντα,
1134 747 1231 803 ὅσα
1296 748 1569 805 ἐντείλατο
1632 749 1837 823 αὐτοῖς,
1886 750 1976 805 καὶ

321 830 518 907 ἔθαψαν
546 832 704 889 αὐτὸν
734 834 785 889 ἐν
826 831 1048 911 Χεϐρὼν
1084 838 1220 911 μετὰ
1247 843 1353 893 τῶν
1385 838 1630 916 πατέρων
1655 844 1840 896 αῦτοῦ.

883 963 1290 1017 ΚΕΦΔΛΑΙΟΝ
1328 967 1403 1019 E'.

623 1048 872 1119 Λιαθήκη
909 1050 1155 1127 Ἰσαχὰρ,
1188 1051 1310 1125 περὶ
1344 1049 1673 1123 ἁπλότητος.

387 1154 463 1211 Δ’.
508 1153 861 1233 Ἀντίγραφον
946 1156 1128 1233 λόγων
1212 1160 1454 1235 Ἰσαχάρ.
1525 1159 1766 1223 Καλέσας
1846 1160 1973 1225 τοὺς

316 1242 469 1305 υἱοὺς
515 1243 699 1316 αὐτοῦ,
734 1245 878 1300 εἶπεν
927 1246 1132 1310 αὐτοῖς·
1180 1272 1209 1299 ‹‹
1244 1249 1560 1320 Ἀκούσατε,
1609 1248 1783 1321 τέκνα,
1833 1251 1973 1305 Ἰσα-

317 1331 428 1407 χὰρ
472 1337 572 1387 τοῦ
618 1334 821 1409 πατρὸς
875 1335 1046 1408 ὑμῶν,
1092 1335 1409 1403 ἐνωτίσασθε
1476 1338 1696 1415 ῥήματα
1752 1338 1973 1415 ἠγαπη-

323 1422 475 1505 μένοι
509 1424 623 1495 (10)
652 1422 756 1477 ὑπὸ
818 1423 1037 1500 Κυρίου.
1086 1427 1224 1502 Ἐγὼ
1283 1427 1511 1503 ἐτέχθην
1559 1429 1809 1501 πέμπτος
1857 1429 1972 1491 υἱὸς

319 1512 400 1580 τῷ
431 1505 651 1577 Ἰακὼϐ,
690 1510 742 1566 ἐν
795 1514 973 1586 μισθῷ
1020 1518 1128 1569 τῶν
1180 1512 1582 1592 μανδραγόρων.
1614 1512 1809 1572 Ἰακὼϐ
1862 1520 1972 1591 (11)

322 1598 427 1673 γὰρ
499 1596 689 1675 ἤνεγκε
758 1598 1165 1679 μανδραγόρους
1214 1607 1327 1674 (12)
1370 1603 1430 1659 ἐκ
1481 1609 1578 1660 τοῦ
1636 1605 1827 1682 ἀγροῦ,
1881 1606 1971 1661 καὶ

322 1689 782 1761 προαπαντήσασα
828 1688 1040 1765 Ῥαχὴλ
1092 1685 1283 1745 ἔλαϐεν
1324 1690 1517 1755 αύτούς
1565 1695 1700 1765 (13).
1747 1692 1974 1749 Ἕκλαιε

324 1771 381 1828 δὲ
426 1769 693 1848 Ῥουϐὴμ,
741 1776 831 1831 καὶ
881 1776 969 1832 ἐπὶ
1009 1778 1080 1853 τῇ
1130 1783 1281 1857 φωνῇ
1330 1780 1495 1836 αὐτοῦ
1543 1780 1736 1852 ἐξῆλθε
1782 1782 1887 1838 Λία
1933 1785 1968 1853 ἡ

2087 574 2347 628 reducite
2397 589 2491 627 me
2523 572 2581 626 in
2629 572 2861 629 Hebron
2912 572 3236 629 vobiscum.
3274 596 3294 623 ι
3331 573 3400 629 Et
3430 588 3564 629 cum
3612 573 3733 630 haec

2089 661 2350 730 dixisset,
2405 660 2758 717 obdormivit
2799 662 3024 731 Judas;
3059 665 3116 717 et
3147 662 3410 719 fecerunt
3454 661 3560 716 ﬁlii
3606 664 3734 733 ejus

2087 751 2413 806 secundum
2444 751 2643 806 omnia
2668 767 2795 823 quae
2829 750 3126 807 mandavit
3154 750 3260 821 eis,
3291 755 3349 806 et
3389 750 3744 824 sepelierunt

2086 856 2222 896 eum
2255 840 2312 895 in
2346 838 2574 896 Hebron
2606 856 2741 895 cum
2773 840 3038 912 patribus
3068 841 3215 895 suis.

2740 962 2972 1020 CAPUT
3009 963 3077 1019 V.

2320 1054 2721 1111 Testamentum
2750 1052 2992 1119 Isachar,
3023 1053 3088 1110 de
3115 1054 3496 1125 simplicitate.

2156 1166 2202 1216 Ι.
2235 1161 2681 1232 Transcriptum
2711 1160 3019 1216 verborum
3045 1160 3451 1218 Isachar.Cum
3472 1165 3736 1219 vocasset

2085 1250 2239 1306 inios
2270 1266 2429 1313 suos,
2464 1250 2608 1305 dixit
2637 1249 2721 1305 eis
2754 1265 2767 1304 :
2806 1271 2834 1300 «
2864 1249 3074 1304 Audite
3105 1249 3206 1303 ﬁlii
3238 1250 3476 1305 Isachar
3506 1254 3732 1322 patrem

2082 1344 2365 1404 vestrum,
2386 1338 2629 1395 auribus
2662 1338 2940 1410 percipite
2969 1338 3143 1393 verba
3174 1338 3368 1393 dilecti
3402 1355 3435 1393 ει
3464 1339 3729 1393 Domino.

2083 1432 2199 1500 Ego
2230 1444 2363 1483 sum
2418 1431 2592 1482 natus
2632 1427 2874 1498 quintus
2925 1425 3082 1481 ﬁlius
3125 1425 3323 1492 Jacob,
3359 1426 3416 1481 in
3466 1428 3734 1482 mercede

2083 1517 2630 1588 mandragorarum.
2668 1515 2867 1569 Ruben
2900 1513 3056 1570 enim
3089 1514 3283 1569 attulit
3313 1515 3731 1587 mandragorae

2081 1621 2150 1660 ex
2180 1622 2338 1677 agro,
2370 1608 2426 1660 et
2457 1603 2818 1675 prazobvians
2864 1602 3078 1659 Rachel
3132 1602 3354 1673 accepit
3382 1619 3502 1659 eas.
3553 1602 3732 1659 Flevit

2081 1698 2279 1749 autem
2333 1693 2559 1758 Ruben,
2600 1698 2655 1747 et
2684 1692 2743 1747 in
2792 1707 2929 1748 voce
2961 1691 3148 1764 ipsius
3193 1692 3365 1747 exivit
3412 1691 3515 1747 Lia
3540 1695 3730 1747 mater

2080 1782 2634 1854 meaMandragoraa
2665 1786 2857 1837 autem
2889 1786 3055 1836 erant
3083 1780 3237 1836 mala
3257 1781 3564 1849 odorifera,
3599 1797 3726 1852 qua:

327 1864 511 1937 μήτηρ
562 1884 689 1936 μου.
739 1870 915 1921 Ταῦτα
958 1864 1015 1923 δὲ
1058 1869 1192 1937 ἦσαν
1245 1868 1395 1943 μῆλα
1442 1868 1704 1944 εύώδημα
1753 1874 1888 1945 (14),
1940 1870 1968 1926 ’ἁ

2085 1870 2351 1944 producit
2380 1875 2536 1926 terra
2562 1872 2737 1926 Aram
2760 1870 2818 1925 in
2851 1870 3075 1926 excelso
3107 1870 3216 1925 sub
3241 1869 3386 1925 velle
3416 1886 3731 1940 aquarum.

322 1948 489 2006 ἐποίει
538 1954 574 2022 ἡ
626 1959 695 2029 γῆ
740 1955 920 2030 ’Δράμ
968 1954 1021 2011 ἐν
1072 1956 1192 2031 ὕψει
1237 1958 1491 2014 ὑποκάτω
1534 1959 1806 2038 φάραγγος
1851 1958 1976 2015 ὑδά-

320 2060 449 2096 των.
482 2040 618 2096 Elite
648 2038 706 2096 δὲ
733 2041 963 2119 Ῥαχήλ·
998 2069 1027 2097 ‹‹
1060 2045 1137 2102 Ού
1169 2043 1329 2101 δώσω
1379 2069 1464 2102 σοι
1514 2048 1667 2122 αὐτὰ,
1700 2048 1783 2103 ὅτι
1832 2048 1977 2105 ἔσον-

320 2128 409 2184 ταί
444 2150 537 2201 μοι
570 2130 682 2185 ἀντὶ
728 2133 946 2189 τέκνων.
984 2158 1012 2185 ››
1043 2136 1210 2192 Ἦσαν
1259 2133 1316 2191 δὲ
1366 2135 1518 2210 μῆλα
1561 2137 1677 2193 δύο.
1712 2138 1809 2193 Καὶ
1860 2138 1975 2195 εἶπε

325 2217 445 2273 Δία·
480 2242 507 2269 ‹‹
534 2220 854 2276 Ἰκανούσθω
904 2243 1010 2292 σοι,
1057 2222 1139 2278 ὅτι
1189 2220 1380 2288 ἔΛαϐες
1424 2226 1516 2281 τὸν
1565 2224 1731 2303 ἄνδρα
1776 2238 1974 2304 παρθε-

322 2306 462 2368 νείας
538 2327 663 2380 μου’
728 2310 806 2382 μὴ
868 2309 957 2365 καὶ
1019 2316 1185 2367 ταῦτα
1241 2312 1431 2388 λήψῃ;
1489 2338 1509 2365 ι
1561 2315 1625 2373 Ἠ
1693 2313 1751 2370 δὲ
1808 2316 1971 2371 εἶπεν·

328 2418 358 2449 α
387 2394 550 2466 Ἰδοὺ,
584 2394 721 2452 ἔστω
759 2420 845 2454 σοι
875 2395 1067 2455 Ἰακὼϐ
1112 2402 1211 2471 τὴν
1255 2401 1417 2457 νύκτα
1459 2402 1660 2473 ταύτην
1708 2403 1822 2460 ἀντὶ
1867 2407 1976 2460 τῶν

333 2482 716 2563 μανδραγόρων
762 2493 858 2542 τοῦ
889 2490 1010 2544 υἱοῦ
1050 2511 1166 2547 σου.
1201 2514 1230 2542 ››
1260 2490 1396 2546 Εἶπε
1443 2489 1501 2547 δὲ
1544 2491 1649 2547 Λία
1695 2492 1830 2569 πρὸς
1879 2491 1974 2548 αύ-

328 2575 451 2643 τήν·
489 2597 516 2626 α
548 2577 635 2645 Μὴ
689 2581 902 2652 noxii),
943 2578 1033 2633 καὶ
1083 2580 1160 2651 μὴ
1205 2576 1449 2650 δοξάζου’
1502 2580 1633 2655 ἐμὸς
1677 2580 1780 2657 γάρ
1833 2580 1973 2637 ἐστίν

330 2661 358 2716 6
392 2658 605 2735 Ἰακὼϐ,
636 2665 791 2740 κάγὼ
847 2668 981 2740 γυνὴ
1038 2662 1290 2738 νεότητος
1349 2668 1533 2725 αὐτοῦ.
1570 2693 1598 2722 ››
1636 2670 1700 2725 Ἡ
1748 2667 1806 2725 δὲ
1851 2671 1976 2725 Ῥα-

328 2749 447 2826 χὴλ
487 2752 621 2807 εἴπεο
655 2776 686 2805 «
714 2753 775 2808 Τί
819 2752 909 2809 οῦν
937 2771 951 2824 ;
985 2754 1068 2810 ὅτι
1118 2755 1243 2830 ἐμοὶ
1290 2761 1503 2830 πρῶτον
1536 2760 1648 2831 (15)
1677 2757 1973 2831 ἥρμοσται,

325 2838 416 2894 καὶ
442 2837 513 2895 δι’
542 2841 639 2915 ἐμὲ
668 2840 954 2900 ἐδούλευσε
980 2850 1060 2917 τῷ
1090 2845 1253 2919 πατρὶ
1301 2848 1464 2920 ἡμῶν
1519 2843 1610 2913 ἔτη
1662 2844 1746 2904 ιδ’.
1776 2846 1838 2902 Τί
1887 2869 1972 2903 σοι

325 2932 564 3003 ποιήσω,
597 2930 681 2985 ὅτι
713 2932 1007 3004 ἐπλήθυνεν
1038 2935 1066 2989 6
1098 2931 1261 2997 δόλος
1292 2937 1381 2990 καὶ
1430 2937 1464 3005 ἡ
1514 2936 1818 3013 πανουργία
1860 2941 1971 2993 τῶν

326 3018 646 3094 ἀνθρώπων,
673 3020 763 3076 καὶ
796 3023 823 3077 6
847 3019 1009 3085 δόλος
1038 3030 1326 3100 προχωρεῖ
1354 3022 1441 3079 ἐπὶ
1485 3032 1586 3096 τῆς
1618 3033 1723 3101 γῆς
1751 3045 1765 3096 ;
1798 3025 1863 3082 Εἰ
1916 3023 1973 3082 δὲ

330 3108 429 3179 μή,
462 3108 561 3163 οὐκ
607 3109 667 3164 ἂν
717 3109 782 3180 ᾖς
832 3110 895 3165 σὺ
944 3113 1123 3189 ὁρῶσα
1178 3112 1470 3189 πρόσωπον
1505 3109 1722 3171 Ἰακώϐ’
1756 3114 1817 3170 ού
1865 3115 1969 3193 γὰρ

2084 1958 2239 2015 Dixit
2267 1964 2462 2015 autem
2503 1958 2717 2015 Rachel
2752 1976 2801 2014 :«
2826 1959 2952 2017 Non
2983 1958 3132 2014 dabo
3165 1958 3285 2014 haec
3316 1958 3731 2029 tibi,quoniam

2082 2052 2255 2103 erunt
2284 2047 2428 2102 mihi
2465 2064 2569 2120 pro
2603 2047 2758 2104 ﬁliis.
2794 2070 2822 2098 »
2853 2048 3031 2102 Erant
3061 2052 3257 2102 autem
3310 2046 3463 2101 mala
3491 2047 3630 2103 duo.
3665 2048 3735 2103 Et

2086 2135 2231 2191 dixit
2264 2136 2358 2191 Lia
2390 2153 2403 2192 :
2439 2158 2467 2188 «
2502 2136 2766 2192 Sufﬁciat
2793 2135 3206 2208 tibi,quoniam
3240 2134 3511 2207 accepisti
3540 2134 3732 2191 virum

2081 2224 2431 2298 virginitatis
2463 2242 2639 2294 mese;
2673 2243 2815 2281 num
2846 2229 2902 2280 et
2927 2226 3047 2281 haec
3078 2225 3326 2296 accipies
3347 2224 3374 2279 ?
3408 2246 3435 2273 »
3469 2217 3573 2279 Illa
3596 2241 3729 2280 vero

2084 2312 2274 2370 dixit:
2314 2334 2341 2365 ‹‹
2387 2314 2551 2382 Ecce,
2594 2314 2673 2370 sit
2700 2315 2873 2370 Jacob
2918 2315 3024 2370 tibi
3060 2319 3224 2370 nocte
3271 2313 3380 2369 hac
3411 2330 3514 2385 pro
3562 2330 3726 2369 man-

2083 2399 2349 2472 dragoris
2380 2400 2483 2455 ﬁlii
2515 2402 2657 2457 tui.»
2693 2401 2842 2457 Dixit
2870 2407 3063 2457 autem
3094 2401 3143 2457 ei
3179 2401 3314 2457 Lia:
3351 2424 3380 2452 «
3412 2402 3492 2457 Ne
3514 2402 3726 2472 jactes,

2083 2492 2142 2544 et
2170 2505 2242 2544 ne
2270 2487 2571 2561 glorieris;
2608 2506 2775 2547 meus
2805 2491 2961 2547 enim
3010 2495 3100 2546 est
3128 2491 3327 2558 Jacob,
3361 2493 3418 2545 et
3447 2506 3551 2563 ego
3582 2507 3728 2547 uxor

2076 2577 2408 2649 juventutis
2437 2580 2587 2649 eius.
2606 2602 2635 2630 »
2665 2579 2879 2636 Rachel
2911 2596 3045 2635 vero
3075 2580 3256 2636 dixit:
3297 2579 3471 2643 «Quid
3504 2579 3683 2652 igitur
3702 2579 3731 2634 ?

2084 2667 2362 2737 quoniam
2396 2667 2542 2724 mihi
2574 2669 2762 2741 primo
2792 2670 3099 2742 copulatus
3130 2674 3238 2738 est,
3270 2674 3326 2724 et
3374 2673 3609 2741 propter
3638 2686 3732 2724 me

2084 2756 2318 2811 servivit
2346 2757 2497 2828 patri
2529 2763 2728 2814 nostro
2760 2758 2930 2813 annis
2962 2758 3422 2829 quatuordecim.
3443 2757 3588 2823 Quid
3621 2758 3729 2813 tibi

2082 2844 2314 2916 faciam,
2346 2846 2621 2917 quoniam
2653 2846 3079 2919 multiplicatus
3109 2852 3197 2902 est
3227 2847 3396 2902 dolus
3428 2850 3484 2901 et
3513 2846 3748 2908 astutia.

2081 2932 2412 3001 hominum,
2460 2940 2518 2991 et
2563 2935 2734 2991 dolus
2780 2935 3039 3008 procedit
3080 2936 3140 2990 in
3194 2936 3395 2991 terra?
3422 2934 3480 2990 Si
3523 2940 3719 2991 autem

2079 3038 2251 3079 secus
2280 3027 2455 3091 esset,
2487 3041 2601 3079 non
2655 3024 2857 3097 utique
2887 3029 2950 3080 tu
2993 3025 3219 3081 videres
3269 3025 3469 3081 faciem
3500 3024 3721 3092 Jacob;

2080 3126 2196 3166 non
2230 3111 2385 3167 enim
2434 3128 2579 3167 uxor
2606 3113 2793 3185 ipsius
2840 3119 2903 3168 tu
2943 3129 3026 3180 es,
3060 3114 3159 3169 sed
3208 3114 3265 3168 in
3299 3113 3430 3169 dolo
3481 3131 3585 3185 pro
3630 3130 3725 3169 me

322 3197 455 3299 γυνὴ
479 3196 652 3299 ,αύτοῦ
683 3198 737 3299 et:
759 3200 843 3270 σὺ,
876 3199 1000 3257 ἀλλ’
1029 3200 1081 3255 ἐν
1114 3199 1264 3275 δόλῳ
1309 3203 1421 3258 ἀντ’
1479 3203 1614 3276 ἐμοῦ
1680 3203 1968 3280 εἰσήχθης.

2085 3200 2324 3257 inducta
2347 3218 2430 3258 es.
2464 3204 2532 3258 Et
2574 3202 2806 3258 seduxit
2836 3219 2929 3258 me
2960 3207 3121 3275 pater
3151 3219 3337 3268 meus,
3370 3206 3427 3257 et
3473 3203 3726 3258 transfe-

325 3285 424 3339 Καὶ
476 3284 744 3358 ἐπλάνησέ
794 3309 860 3362 με
908 3289 936 3343 6
966 3291 1148 3365 πατήρ
1208 3312 1333 3364 μου,
1380 3291 1470 3346 καὶ
1522 3295 1856 3365 μεταστήσας
1906 3315 1974 3368 με

326 3378 395 3448 τῇ
427 3377 574 3430 νυκτῖ
606 3375 798 3451 ἐκείνῃ,
831 3376 930 3432 ούκ
960 3374 1103 3433 εἷάσέ
1137 3401 1205 3452 με
1235 3378 1386 3435 ἰδεῖν·
1422 3380 1507 3436 ὅτι
1556 3381 1602 3436 εἰ
1658 3378 1695 3451 ἤ
1704 3404 1811 3454 μην
1844 3383 1972 3455 ἐκεῖ,

331 3463 430 3518 οὐκ
460 3464 659 3541 ἐγίνετο
684 3470 867 3523 τοῦτο.
900 3489 927 3522 ι
960 3468 1059 3522 Καὶ
1093 3468 1210 3524 εἶπε
1247 3469 1478 3545 Ῥαχήλ’
1515 3495 1537 3521 α
1572 3466 1718 3525 Λάϐε
1744 3468 1838 3527 ἕνα
1862 3474 1975 3547 (16)

333 3550 725 3629 μανδραγόραν,
747 3555 836 3609 καὶ
870 3556 985 3611 ἀντὶ
1010 3560 1109 3611 τοῦ
1139 3557 1255 3620 ἐνὸς
1288 3556 1527 3631 ἐκμισθῶ
1556 3561 1667 3633 (17)
1698 3580 1782 3615 σοι
1813 3559 1972 3616 αὐτὸν

327 3640 379 3697 ἐν
411 3647 509 3715 μιᾷ
536 3643 706 3701 νυκτί.
742 3668 772 3695 ››
802 3645 899 3699 Καὶ
931 3640 1069 3723 ἔγνω
1101 3642 1292 3702 Ἰακὼϐ
1321 3648 1419 3717 τὴν
1452 3648 1608 3717 Δίαν,
1646 3651 1736 3705 καὶ
1769 3649 1974 3706 συλλα-

329 3725 497 3787 ϐοῦσά
530 3753 596 3807 με
627 3729 793 3789 ἔτεκε·
825 3734 917 3789 καὶ
947 3732 1037 3791 διὰ
1062 3736 1153 3791 τὸν
1207 3738 1396 3810 μισθὸν
1457 3735 1696 3809 ἐκλήθην
1730 3738 1971 3815 Ἰσαχάρ.

397 3819 472 3905 Bt.
513 3844 534 3870 ι
566 3819 697 3875 Τότε
727 3818 881 3899 ὤφθη
911 3827 990 3893 τῷ
1021 3818 1215 3878 Ἰακὼϐ
1257 3822 1489 3900 ἅγγελος
1523 3826 1741 3900 Κυρίου,
1774 3826 1974 3905 λέγων,

324 3904 409 3961 ὅτι
440 3904 535 3962 δύο
566 3908 725 3963 τέκνα
752 3909 964 3986 Ῥαχὴλ
995 3911 1220 3985 τέξεται,
1255 3911 1337 3967 ὅτι
1394 3911 1642 3970 διέπτυσε
1691 3916 1971 3972 συνουσίαν

322 3993 536 4071 ἀνδρὸς,
568 3997 657 4052 καὶ
708 3997 981 4071 ἐξελέξατο
1036 3999 1365 4077 ἐγκράτειαν.
1419 4003 1518 4057 Καὶ
1569 4004 1614 4057 εί
1676 4005 1753 4077 μὴ
1804 4004 1971 4076 Λίαὴ

326 4086 510 4159 μήτηρ
548 4108 651 4159 μου
683 4086 867 4142 ἀπέδω
898 4088 1012 4144 ἀντὶ
1042 4090 1328 4154 συνουσίας
1376 4092 1443 4146 τὰ
1491 4090 1585 4147 δύο
1621 4092 1794 4167 μῆλα,
1828 4093 1972 4150 ὀκτὼ

321 4173 473 4236 υἱοὺς
523 4174 641 4251 εἶχε
690 4181 885 4232 τεκεῖν·
921 4175 1010 4232 διὰ
1063 4184 1227 4235 τοῦτο
1268 4178 1323 4251 ’ἐξ
1377 4177 1540 4253 ἔτεκε,
1590 4181 1717 4245 τοὺς
1768 4180 1827 4237 δὲ
1875 4180 1971 4238 δύο

320 4262 553 4338 Ῥαχὴλ,
612 4263 697 4319 ὅτι
755 4265 808 4320 ἐν
860 4264 1257 4345 μανδραγόραις
1331 4269 1659 4345 ἐπεσκέψατο
1727 4271 1895 4343 αὐτὴν
1943 4275 1972 4329 6

322 4350 541 4423 Κύριος.
590 4350 718 4408 Εἴδε
764 4355 886 4430 γὰρ,
926 4354 1010 4410 ὅτι
1061 4354 1151 4411 διά
1193 4358 1353 4413 τέκνα
1398 4356 1567 4428 ἤθελε
1614 4365 1843 4416 συνεῖναι
1891 4360 1971 4435 τῷ

321 4434 536 4510 Ἰακὼϐ,
582 4442 671 4496 καὶ
717 4442 779 4498 ού
828 4442 918 4499 διὰ
964 4442 1304 4523 φιληδονίαν.
1354 4449 1655 4516 Προσθεῖσα
1719 4450 1821 4526 γὰρ
1878 4450 1969 4505 καὶ

320 4528 389 4603 τῇ
436 4528 690 4606 ἐπαύριον
737 4528 969 4588 ἀπέδοτο
1018 4534 1107 4588 τὸν
1154 4530 1370 4606 Ἰακὼϐ,
1413 4531 1504 4590 ’ίνα
1550 4531 1693 4611 λάϐῃ
1746 4538 1836 4592 καὶ
1874 4537 1966 4593 τὸν

2088 3307 2223 3347 rens
2254 3306 2345 3345 me
2376 3294 2543 3346 nocte
2572 3290 2693 3360 illa,
2726 3309 2841 3347 non
2892 3292 3158 3364 permisit
3189 3308 3282 3347 me
3310 3291 3543 3359 videre;
3579 3308 3731 3363 quo-

2085 3380 2243 3435 niam
2274 3381 2322 3436 si
2352 3379 2597 3436 fuissem
2629 3381 2769 3447 illic,
2802 3398 2918 3436 non
2951 3382 3165 3436 factum
3199 3380 3408 3436 fuisset
3438 3379 3567 3435 hoc.
3599 3399 3625 3430 ιι
3664 3383 3733 3434 Et

2085 3468 2230 3523 dixit
2259 3469 2472 3526 Rachel
2501 3486 2515 3526 :
2547 3471 2755 3540 Accipe
2786 3487 2965 3524 unam
3015 3469 3489 3539 mandragoram,
3522 3471 3580 3523 et
3625 3484 3729 3540 pro

2085 3574 2203 3613 una
2232 3558 2291 3613 in
2341 3560 2666 3615 mercedem
2698 3559 2771 3614 do
2819 3558 2925 3614 tibi
2956 3575 3091 3613 eum
3121 3557 3179 3612 in
3222 3574 3337 3612 una
3382 3561 3565 3612 nocte.
3602 3577 3631 3607 »
3665 3556 3733 3611 Et

2083 3648 2353 3719 cognovit
2378 3648 2556 3703 Jacob
2593 3648 2778 3715 Liam,
2810 3650 2868 3702 et
2896 3645 3229 3718 concipiens
3263 3662 3355 3700 me
3380 3644 3640 3717 peperit;
3674 3649 3734 3700 et

2082 3740 2321 3808 propter
2350 3737 2673 3792 mercedem
2705 3740 2945 3792 vocatus
2975 3751 3108 3791 sum
3140 3734 3395 3790 Isachar.

2153 3828 2225 3877 II.
2260 3846 2289 3875 «
2316 3824 2478 3881 Tunc
2527 3825 2799 3898 apparuit
2845 3824 3023 3881 Jacob
3056 3823 3300 3896 angelus
3360 3822 3609 3894 Domini,
3642 3822 3730 3877 di-

2082 3929 2240 3980 cens,
2274 3915 2429 3985 quod
2461 3914 2609 3970 duos
2636 3914 2787 3970 ﬁlios
2834 3913 3047 3970 Rachel
3090 3913 3295 3985 pariet,
3328 3912 3606 3984 quoniam
3637 3928 3732 3967 re-

2082 4002 2246 4073 spuit
2272 4002 2490 4058 coitum
2522 4002 2652 4073 viri,
2683 4008 2742 4059 et
2790 4002 2966 4076 elegit
3011 4002 3451 4058 continentiam.
3502 4002 3571 4056 Et
3615 4000 3731 4056 nisi

2084 4091 2181 4146 Lia
2208 4096 2396 4147 mater
2422 4108 2550 4148 mea
2579 4108 2683 4164 pro
2707 4092 2859 4147 coitu
2893 4092 3245 4148 reddidisset
3275 4092 3389 4146 duo
3420 4089 3730 4154 mala,octo

2081 4179 2232 4235 ﬁlios
2264 4181 2524 4252 paritura
2554 4181 2797 4249 fuisset;
2822 4187 3055 4253 propter
3076 4180 3183 4236 hoc
3211 4196 3311 4235 sex
3332 4179 3728 4251 peperit,duos

2080 4285 2213 4325 vero
2261 4270 2497 4340 Rachel,
2547 4271 2825 4343 quoniam
2873 4271 2933 4325 in
2999 4269 3405 4341 mandragoris
3476 4268 3729 4325 visitavit

2079 4374 2209 4413 eam
2263 4360 2562 4416 Dominus.
2615 4359 2795 4416 Scivit
2844 4360 3029 4428 enim,
3080 4359 3236 4431 quod
3290 4361 3526 4431 propter
3573 4357 3725 4415 ﬁlios

2078 4446 2259 4503 voluit
2286 4448 2440 4505 coire
2471 4465 2605 4505 cum
2633 4448 2835 4514 Jacob,
2866 4452 2923 4503 et
2951 4465 3064 4504 non
3100 4451 3331 4520 propter
3368 4446 3728 4502 desiderium

2080 4536 2419 4609 voluptatis.
2450 4540 2762 4610 Apponens
2810 4536 2964 4592 enim
2998 4540 3057 4591 et
3082 4536 3143 4591 in
3183 4535 3438 4591 crastino
3477 4534 3730 4589 reddidit

323 4597 493 4673 ἄλλον
547 4597 919 4697 μανδραγόραν
951 4624 1087 4696 (18).
1119 4624 1219 4678 Διὰ
1259 4597 1420 4679 τοῦτο
1470 4623 1521 4679 ἐν
1573 4597 1693 4688 τοῖς
1732 4625 1968 4701 μανδρα-

2085 4597 2277 4693 Jacob,
2310 4631 2375 4682 ut
2422 4597 2707 4697 acciperet
2736 4630 2792 4681 et
2840 4624 3015 4681 aliam
3068 4624 3539 4694 mandragoram.
3593 4623 3727 4678 Pro-

320 4704 507 4783 γόραις
558 4710 671 4782 (19)
722 4708 991 4781 ἐπήκουσε
1037 4711 1234 4786 Κύριος
1279 4719 1383 4783 τῆς
1413 4713 1647 4787 Ῥαγήλο
1678 4713 1782 4783 ὅτι,
1814 4714 1971 4790 καίγε

320 4798 605 4867 ποθήσασα
658 4797 854 4862 αὐτοὺς
920 4802 1057 4874 (20),
1103 4800 1203 4856 ούκ
1260 4797 1477 4880 ἔφαγεν,
1525 4800 1653 4858 ἀλλ’
1714 4804 1969 4875 ἀνέθηκεν

529 4958 743 5036 fil-fam
754 4957 937 5036 μίένοιλ
960 4960 1174 5036 ᾟγαπη
1185 4960 1370 5036 μένου.
1405 4964 1587 5022 GRAB.

413 5025 500 5114 11)
529 5025 1071 5114 ἸαᾶιώϐξῬουϐήμέ
1105 5025 1430 5114 σι’-σιξὶᾶθω
1477 5041 1653 5105 recte,
1701 5038 1861 5095 unde
1910 5042 1967 5096 et

317 5103 577 5158 Latinam
609 5105 935 5160 versionem
971 5103 1224 5161 correin
1247 5108 1329 5164 In.

382 5174 499 5253 (12)
544 5171 1022 5253 Μανδραγόριους..
1064 5174 1473 5253 Μανδραγόραν.
1544 5183 1627 5253 In.
1694 5210 1763 5221 —
1811 5180 1963 5236 Μαν-

313 5238 600 5330 δραγόρων
647 5238 708 5302 et
754 5238 1177 5330 μξανδραγόρους,
1223 5238 1540 5330 hominum
1586 5250 1774 5330 i_ns_tar
1802 5253 1962 5330 _sim-

312 5318 553 5397 plicium
576 5318 643 5397 .in
675 5334 733 5373 os
762 5318 1305 5397 desinent’ium.';sed
1329 5321 1771 5397 paulo_i_nferigs
1802 5322 1961 5397 leges

316 5386 687 5466 μανδραγόραν
766 5396 824 5446 et
892 5386 1349 5466 μανδραγόραις.’
1382 5394 1445 5447 In
1503 5393 1612 5466 Vat
1684 5386 1960 5466 Test.vet

316 5409 687 5517 μανφραγοραν
766 5409 824 5446 et
892 5409 1307 5466 μανοραγοραις.
1382 5409 1445 5447 1n
1513 5409 1612 5450 vet
1684 5409 1842 5450 west.
1901 5409 1959 5452 et

313 5476 426 5532 apu
501 5462 774 5540 profanos
822 5462 1137 5540 scriptores
1177 5463 1543 5540 solummodo
1574 5464 1602 5518 6
1646 5461 1959 5540 μανδραγό-

348 5530 409 5593 ας
457 5530 545 5586 καὶ
609 5530 991 5607 μανδραγόρης
1029 5533 1115 5588 vel
1170 5535 1203 5602 ἡ
1259 5532 1605 5610 μανδραγόρα
1643 5530 1955 5593 ἷηνθὸὶιίπ.

348 5602 477 5662 Inde
506 5604 617 5661 hoc
643 5604 706 5660 in
735 5607 860 5661 loco
890 5605 1303 5665 corrigendum
1334 5612 1473 5665 nuto
1515 5625 1529 5664 :
1564 5604 1955 5665 μανδραγοοῶν

317 5621 477 5662 unae
506 5621 617 5661 noo
643 5622 706 5660 1n
735 5621 860 5661 loco
890 5621 1303 5679 corrigendum
1333 5621 1473 5680 puto
1515 5625 1529 5664 :
1564 5621 1955 5685 μανδραγορων

313 5679 370 5733 et
401 5672 801 5753 μανδραγόρας.
834 5681 1050 5734 ΟΒΔΟΗ.

2080 4718 2208 4786 pter
2235 4714 2345 4771 hoc
2394 4715 2454 4770 in
2487 4714 2896 4785 mandragoris
2944 4711 3234 4769 exaudivit
3282 4711 3564 4766 Dominus
3612 4709 3727 4765 Ra-

2078 4803 2206 4860 chel
2231 4822 2246 4872 ;
2275 4804 2554 4876 quoniam
2580 4807 2638 4858 et
2665 4802 3004 4859 desiderans
3035 4817 3278 4869 eas,non
3309 4798 3580 4867 comedit,
3621 4799 3722 4854 sed

2286 5024 2561 5107 Ταῦταδέ
2608 5024 2743 5104 ἦσαν
2799 5031 2951 5107 μῆλα
2998 5028 3280 5105 εὑώδημα.
3333 5028 3479 5102 Αὕτη
3539 5024 3597 5083 δὲ
3650 5028 3718 5097 ἧν

2076 5104 2484 5181 μῆλαξεῦοσμα.
2518 5107 2600 5161 ID.

2290 5173 2830 5253 dercov._llpdtapdv
2862 5195 2959 5231 σου
2990 5178 3075 5234 ID.

2142 5246 2255 5322 (16)
2286 5246 2438 5322 Ἕνα.
2473 5246 2633 5322 Μίαν.
2668 5246 2750 5322 ΙΙ).

2140 5314 2255 5391 (17)
2284 5325 2389 5375 Τοῦ
2420 5318 2844 5391 ἐνὸςέκμισθὼἱ
2868 5316 3084 5391 Ταύτης
3114 5315 3455 5391 ἐκμισθῴοξψ
3490 5314 3575 5371 ID.

2139 5383 2254 5481 (18)
2301 5391 2400 5447 Τὸν
2474 5383 2647 5447 ἄλλον
2715 5383 3113 5466 μανδραγόραν.
3162 5383 3270 5457 Τὴν
3339 5383 3516 5455 ἄλλην
3587 5405 3720 5455 μαν-

2070 5461 2336 5519 δοανοραν
2372 5470 2451 5519 ID.

2103 5470 2856 5619 ραῖϐρῗέῖέυὲιανδραγόραις.
2888 5536 3015 5593 Ταῖς
3048 5527 3468 5605 μανδραγόραις.
3500 5528 3584 5584 ID.

2138 5538 2250 5682 (20)
2281 5605 2510 5667 Δύτους.
2542 5603 2742 5666 Αὐτάς.
2773 5604 2868 5662 Sic
2897 5608 2956 5661 et
2984 5602 3159 5676 paulo
3190 5608 3342 5677 post.
3373 5601 3457 5659 ID.

2173 4964 2237 5019 13
2290 4960 2514 5025 Αύτούς.
2546 4960 2747 5032 Αύτήν.
2780 4967 2961 5020 GRAB.

2145 4963 2260 5107 1‘14;
2286 5039 2461 5107 Ταῦτα
2504 5030 2561 5088 δὲ
2608 5034 2743 5104 ἦσαν
2799 5031 2951 5107 μῆλα

2281 5601 2510 5667 Δύτοῦς.
2542 5601 2742 5666 Ᾱύτᾶς.
2773 5604 2868 5662 Sio
2897 5608 2956 5661 et
2984 5601 3159 5676 paulo
3189 5601 3342 5677 post.
3373 5601 3457 5659 ID.
