4014 6226
320 304 477 371 108⁸7

1306 306 1834 375 TESTAMENTA
1874 304 1988 375 ΧΠ
2018 304 2735 379 'PATRIARGHARUM.

3549 308 3691 379 {0‘88

321 439 586 514 reposuit
612 456 712 497 eas
752 439 815 495 in
858 441 1032 496 domo
1085 440 1333 509 Domini,
1388 443 1636 499 olferens
1683 445 1963 500 sacerdoti

2095 443 2273 507 ιύτοὺς
2308 445 2359 499 ἐν
2392 442 2527 518 οἴκῳ
2577 445 2794 521 Κυρίου,
2841 445 3242 521 προσενέγκασα
3285 448 3365 519 τῷ
3408 446 3539 524 ἱερεῖ
3560 448 3688 523 Ὑψί-

318 529 625 601 Altissimi,
660 529 757 601 qui
791 535 914 585 erat
943 530 1003 585 in
1034 534 1296 603 tempore
1329 531 1448 587 illo.

387 641 489 691 III.
526 657 555 686 ‹‹
587 636 829 701 Quando
881 634 1063 708 igitur
1110 638 1299 694 factus
1347 656 1478 695 sum
1524 639 1631 709 vir,
1676 639 1778 695 filii
1828 640 1964 710 mei,

316 724 610 782 ambulavi
642 724 702 780 in
735 726 1037 781 rectudine
1078 727 1294 797 cordis,
1329 732 1385 783 et
1414 730 1605 784 factus
1635 746 1768 785 sum
1819 730 1967 801 agri-

317 814 445 871 cola
474 818 705 886 patrum
740 820 1088 884 meorum,et
1118 816 1362 872 fratrum
1397 833 1682 884 meorum,
1711 824 1767 873 et
1798 818 1969 874 attuli

318 905 543 959 fructus
573 921 641 959 ex
672 904 827 975 agris
859 905 1183 960 secundum
1215 910 1449 978 tempus
1478 912 1765 973 eorum,et
1791 908 1966 963 bene-

317 993 464 1049 dixit
494 992 637 1047 mihi
669 997 834 1065 pater
866 994 1275 1064 meus,videns
1307 996 1463 1065 quod
1496 996 1556 1050 in
1588 996 1968 1068 simplicitate

320 1081 717 1138 ambulabam.
752 1083 820 1138 Et
868 1100 981 1138 non
1015 1100 1172 1138 eram
1225 1088 1620 1155 perscrutator
1650 1086 1708 1140 in
1741 1086 1967 1142 actibus

320 1171 687 1243 meis,neque
719 1171 1082 1242 perniciosus
1115 1177 1172 1227 ct
1201 1173 1469 1229 invidens
1502 1174 1762 1245 proximo
1797 1190 1966 1247 meo;

321 1276 437 1315 non
470 1258 777 1315 oblocutus
814 1277 944 1315 sum
978 1260 1171 1329 alicui,
1207 1278 1396 1334 neque
1438 1262 1758 1334 vituperavi
1790 1263 1967 1319 vitam

321 1348 579 1405 hominis
617 1349 929 1404 ambulans
961 1351 1019 1403 in
1052 1350 1426 1421 simplicitate
1474 1352 1797 1407 oculorum.
1834 1353 1970 1408 Pro-

319 1444 449 1511 pter
478 1437 587 1493 hoc
616 1438 857 1509 triginta
884 1456 1171 1494 annorum
1204 1442 1394 1511 accepi
1419 1440 1689 1496 mihimet
1708 1458 1969 1513 uxorem,

322 1527 601 1600 quoniam
635 1527 802 1582 labor
831 1528 1203 1584 devoraverat
1232 1529 1636 1585 fortitudinem
1668 1546 1878 1585 meam.
1904 1530 1973 1586 Et

325 1632 443 1673 non
474 1615 1007 1671 animadvertebam
1041 1616 1393 1687 voluptatem
1428 1618 1712 1688 mulieris,
1736 1620 1838 1675 sed
1870 1634 1974 1691 per

324 1705 587 1763 laborem
618 1720 862 1760 somnus
892 1721 1057 1761 meus
1090 1706 1476 1763 circumdedit
1506 1724 1618 1774 me,
1652 1713 1711 1763 et
1741 1724 1974 1780 semper

2077 554 2225 607 στου,
2258 539 2336 607 τῷ
2368 529 2479 589 ὄντι
2513 534 2565 590 ἐν
2595 540 2674 608 τῷ
2703 539 2877 611 καιρῷ
2908 533 3116 608 ἐκείνῳ.

2147 646 2218 697 I".
2255 665 2282 694 ‹‹
2313 643 2438 700 ’ἶΟτε
2468 643 2560 697 οὗν
2588 639 2882 716 ἡδρύνθην,
2912 641 3075 697 τέκνα
3116 662 3242 715 μου,
3275 641 3603 715 ἐπορευόμην
3646 643 3688 699 ἐν

2076 728 2329 799 εύθύτητι
2358 727 2603 804 καρδίας,
2633 730 2722 784 καὶ
2756 728 3021 805 ἐγενόμην
3053 730 3295 806 γεωργὸς
3325 735 3429 785 τῶν
3468 731 3689 807 πατέρων

2080 838 2205 891 μου,
2236 818 2327 873 καὶ
2371 823 2479 873 τῶν
2522 816 2769 897 ἀδελφῶν
2823 839 2949 893 μου,
3002 819 3092 873 καὶ
3140 815 3328 897 ἔφερον
3375 819 3603 893 καρποὺς
3650 820 3692 891 ἐξ

2076 906 2257 982 ἀγρῶν
2289 907 2425 962 κατά
2469 908 2657 984 καιρὸν
2706 906 2901 979 αὐτῶν,
2932 908 3021 963 καὶ
3072 906 3337 983 εὐλόγησέ
3388 928 3455 981 με
3482 909 3509 962 δ
3537 911 3693 983 πατὴρ

2082 1016 2209 1069 μου,
2245 994 2462 1071 βλέπων
2513 995 2595 1051 ὅτι
2648 995 2701 1052 ἐν
2750 995 3023 1066 ἁπλότητι
3078 995 3402 1072 πορεύομαι.
3454 996 3551 1053 Καὶ
3612 997 3696 1054 οὐκ

2077 1080 2229 1156 ἤμην
2279 1082 2565 1161 περίεργος
2615 1082 2667 1138 ἐν
2720 1090 2841 1147 ταῖς
2901 1082 3121 1161 πράξεσί
3194 1105 3320 1158 μου,
3371 1082 3495 1138 οὐδὲ
3552 1105 3695 1152 πονη-

2079 1173 2170 1247 ρὸς
2200 1175 2313 1247 (21)
2342 1173 2432 1227 καὶ
2486 1172 2749 1248 βάσκανος
2797 1177 2876 1245 τῷ
2921 1171 3157 1244 πλησίον
3217 1191 3340 1245 μου’
3393 1171 3454 1226 ού
3499 1172 3696 1229 κατελά-

2078 1259 2224 1333 λησά
2262 1282 2430 1331 τινος,
2462 1259 2589 1317 οὐδὲ
2633 1258 2790 1335 ἔψεξα
2841 1261 2959 1336 βίον
3016 1261 3328 1337 ἀνθρώπου,
3358 1261 3694 1337 πορευόμενος

2080 1348 2132 1406 ἐν
2176 1347 2448 1418 ἁπλότητι
2516 1349 2835 1429 ὀφθαλμῶν,
2888 1351 2986 1405 Διά
3047 1354 3210 1406 τοῦτο
3272 1352 3557 1427 τριάκοντα

2080 1438 2213 1494 ἐτῶν
2265 1435 2459 1494 ἔλαϐον
2511 1438 2729 1513 ἐμαυτῷ
2773 1445 3018 1515 γυναῖκα,
3063 1438 3146 1494 ὅτι
3193 1440 3223 1495 6
3268 1439 3511 1513 κάματος
3552 1442 3698 1510 κατη-

2080 1528 2195 1583 σθιε
2221 1529 2320 1597 τὴν
2354 1526 2510 1604 ἰσχύν
2546 1545 2670 1601 μου·
2700 1528 2793 1583 καὶ
2837 1527 2939 1583 οὐκ
2991 1528 3233 1584 ἐνενόουν
3285 1526 3489 1599 ἡδονήν
3536 1548 3697 1604 γυναι-

2078 1616 2196 1684 κὸς,
2229 1614 2375 1672 ἀλλὰ
2421 1612 2512 1671 διὰ
2560 1619 2657 1672 τοῦ
2697 1615 2871 1672 κόπου
2919 1616 3088 1679 ὕπνος
3120 1638 3219 1691 μοι
3248 1618 3599 1694 περιεγένετο,
3623 1619 3699 1673 καὶ

2079 1705 2307 1760 πάντοτε
2334 1700 2550 1780 ἔχαιρεν
2600 1704 2687 1760 ἐπὶ
2736 1708 2806 1779 τῇ
2854 1703 3128 1777 ἁπλότητί
3176 1724 3280 1779 μου
3310 1707 3339 1761 6
3369 1707 3547 1781 πατήρ
3593 1727 3699 1779 μου.

327 1794 562 1868 gavisus
608 1798 697 1848 est
744 1793 803 1848 in
860 1793 1237 1864 simplicitate
1284 1812 1415 1851 mea
1459 1800 1623 1868 pater
1670 1814 1858 1853 meus.
1908 1796 1969 1853 Si

2095 1791 2201 1850 Ξῖίτι
2262 1793 2364 1871 γὰρ
2437 1791 2693 1868 ἔκαμνον,
2761 1799 2932 1849 πᾶσαν
3002 1793 3222 1870 ὀπώραν
3288 1797 3423 1869 (23),
3474 1795 3559 1849 καὶ
3612 1800 3699 1849 πᾶν

322 1882 465 1955 quid
512 1881 667 1938 enim
715 1882 1074 1949 laborabam,
1108 1899 1342 1940 omnem
1396 1885 1649 1941 fructum
1696 1890 1753 1940 et
1796 1902 1969 1941 omne

321 1971 577 2045 primum
610 1987 849 2043 germen
885 1973 1143 2035 primum
1178 1990 1280 2044 per
1311 1975 1674 2031 sacerdotem
1728 1974 1970 2030 Domino

323 2061 657 2129 offerebam,
691 2060 901 2116 deinde
951 2063 1100 2132 patri
1134 2079 1284 2133 meo,
1316 2068 1373 2118 et
1419 2068 1559 2119 tunc
1590 2080 1695 2136 ego
1739 2064 1869 2136 (24).
1903 2063 1973 2118 Et

325 2149 609 2205 Dominus
639 2148 958 2219 duplicavit
997 2151 1149 2206 bona
1178 2151 1237 2206 in
1270 2152 1545 2208 manibus
1595 2152 1761 2209 meis.
1796 2151 1974 2209 Scivit

328 2242 523 2295 autem
556 2242 615 2294 et
638 2238 837 2305 Jacob,
871 2240 1023 2311 quod
1061 2242 1209 2295 Deus
1239 2246 1584 2313 cooperatur
1611 2240 1975 2313 simplicitati

327 2327 657 2384 meaemmni
689 2328 846 2383 enim
878 2330 1119 2401 pauperi
1136 2334 1193 2385 et
1220 2330 1611 2387 omniafﬂicto
1642 2331 1974 2388 tribuebam

326 2420 493 2473 terra;
524 2416 677 2473 bona
708 2416 768 2472 in
797 2416 1169 2489 simplicitate
1199 2419 1410 2475 cordis.

352 2528 355 2531 '
400 2525 496 2579 IV.
530 2524 660 2579 «Et
713 2540 867 2579 nunc
908 2525 1106 2581 audite
1158 2541 1270 2591 me,
1305 2525 1429 2598 filii,
1462 2531 1522 2582 et
1568 2526 1866 2583 ambulate
1913 2526 1975 2582 in

326 2611 704 2685 simplicitate
755 2614 967 2683 cordis,
1002 2615 1280 2687 quoniam
1332 2615 1463 2671 novi
1512 2615 1572 2671 in
1623 2617 1753 2689 ipsa
1804 2632 1978 2672 omne

326 2701 759 2774 beneplacitum
790 2702 1042 2758 Domini.
1076 2702 1333 2776 Simplex
1364 2722 1573 2760 aurum
1604 2722 1720 2761 non
1763 2721 1974 2762 concu-

331 2789 524 2865 piscit,
575 2790 904 2861 proximum
957 2809 1071 2848 non
1120 2793 1521 2864 circumvenit,
1583 2795 1744 2851 cibos
1790 2794 1978 2851 varios

335 2896 455 2937 non
484 2880 728 2952 appetit,
777 2884 995 2936 vestem
1031 2882 1322 2939 diversam
1374 2900 1491 2938 non
1517 2883 1661 2949 vult,
1714 2887 1981 2956 tempora

332 2969 507 3042 longa
537 2969 647 3025 sibi
680 2986 793 3024 non
825 2970 1150 3041 praescribit
1186 2972 1504 3038 vivere,sed
1537 2973 1727 3029 solum
1775 2972 1983 3046 recipit

335 3057 694 3115 voluntatem
744 3059 885 3126 Dei;
919 3065 977 3115 et
1023 3060 1265 3133 spiritus
1314 3063 1528 3118 erroris
1577 3061 1658 3117 nil
1702 3062 1983 3119 valebunt

335 3148 615 3203 adversus
645 3163 801 3203 eum.
834 3148 957 3204 Non
986 3149 1141 3205 enim
1175 3151 1333 3206 novit
1360 3151 1616 3223 recipere
1655 3151 1980 3223 pulchritu-

334 3236 531 3291 dinem
580 3236 863 3304 mulieris,
896 3243 957 3293 ut
1005 3255 1120 3294 non
1153 3239 1211 3294 in
1245 3241 1614 3311 perversione
1643 3240 1985 3312 coinquinet

333 3328 589 3380 mentem
621 3342 791 3382 suam
817 3344 830 3395 ;
866 3344 980 3382 non
1027 3327 1186 3383 zelus
1217 3328 1277 3384 in
1309 3328 1573 3385 consiliis
1604 3330 1733 3401 ejus
1778 3345 1981 3401 super-

2078 1883 2516 1959 πρωτογὲννημα
2543 1887 2758 1960 πρῶτον
2791 1880 2880 1938 διὰ
2932 1887 3031 1938 τοῦ
3080 1883 3273 1958 ἱερέως
3329 1883 3512 1960 Κυρίῳ
3563 1904 3702 1960 προσ-

2080 1971 2291 2050 έφερον,
2350 1968 2535 2028 ἔπειτα
2577 1976 2657 2045 τῷ
2710 1972 2874 2049 πατρί
2922 1993 3048 2047 μου,
3092 1973 3183 2028 καὶ
3237 1972 3364 2029 τότε
3450 1973 3568 2050 ἐγώ.
3616 1973 3702 2028 Καὶ

2080 2061 2279 2137 Κύριος
2377 2058 2727 2116 ἐδιπλασίασε
2819 2062 2888 2117 τὰ
2971 2061 3142 2139 ἀγαθὰ
3226 2061 3278 2117 ἐν
3368 2061 3525 2137 χερσῖ
3596 2082 3701 2134 μου.

2079 2147 2231 2221 ᾜδει
2280 2146 2339 2206 δὲ
2377 2149 2468 2205 καὶ
2512 2144 2727 2223 Ἰακὼϐ,
2758 2149 2842 2206 ὅτι
2891 2151 2920 2205 6
2963 2151 3093 2214 Θεὸς
3140 2156 3385 2227 συνεργεῖ
3439 2154 3507 2225 τῇ
3562 2148 3706 2205 ἁπλό·

2078 2238 2207 2312 τητί
2270 2260 2394 2314 μοιν
2444 2240 2606 2297 παντὶ
2658 2240 2760 2316 γὰρ
2817 2239 3014 2311 πένητι
3054 2240 3146 2294 καὶ
3207 2239 3369 2295 παντὶ
3420 2233 3706 2312 θλιϐομένην

2079 2334 2347 2407 παρεῖχον
2375 2335 2474 2399 τῆς
2504 2336 2611 2406 γῆς
2636 2330 2705 2384 τὰ
2732 2327 2906 2406 ἀγαθὰ
2932 2328 2985 2383 ἐν
3014 2327 3287 2398 ἁπλότητι
3317 2326 3562 2405 καρδίας.

2153 2529 2226 2582 Δ’.
2258 2547 2289 2578 ‹‹
2321 2523 2420 2579 Καὶ
2464 2526 2553 2579 νῦν
2598 2522 2861 2579 ἀκούσατέ
2911 2544 3037 2598 μου,
3076 2522 3257 2595 τέκνα,
3305 2525 3400 2579 καὶ
3447 2520 3707 2599 πορεύεσθε

2085 2613 2136 2671 ἐν
2168 2612 2438 2685 ἁπλότητι
2467 2610 2714 2690 καρδίας,
2746 2610 2830 2669 ὅτι
2863 2610 3008 2669 εἶδον
3037 2612 3088 2669 ἐν
3130 2612 3268 2690 αὐτῇ
3314 2618 3490 2669 πᾶσαν
3549 2611 3706 2688 εὐαρέ-

2083 2723 2274 2776 στησιν
2322 2702 2542 2777 Κυρίου.
2575 2704 2633 2757 ’0
2683 2699 2892 2766 ἁπλοῦς
2934 2703 3159 2780 χρυσίον
3211 2702 3313 2758 οὐκ
3340 2702 3607 2776 ἐπιθυμεῖ,
3635 2700 3708 2756 τὸν

2084 2792 2319 2865 πλησίον
2350 2790 2412 2848 ού
2441 2789 2772 2865 πλεονεκτεῖ,
2810 2792 3118 2868 βρωμάτων
3147 2790 3419 2848 ποικίλων
3453 2790 3548 2847 ιἰοκ
3591 2790 3708 2869 ἐφίε-

2083 2903 2200 2953 ται,
2226 2880 2423 2951 ἐσθῆτα
2452 2879 2709 2958 διάφορον
2764 2879 2827 2936 οὗ
2870 2878 3039 2949 θέλει,
3070 2878 3307 2957 χρόνους
3342 2878 3582 2957 μακροὺς
3625 2878 3712 2953 οὐχ

2090 2969 2390 3049 ὑπογράφει
2425 2974 2546 3043 ζῇν,
2578 2968 2725 3026 ἀλλᾶ
2757 2968 2921 3043 μόνον
2954 2966 3233 3045 ἐκδέχεται
3269 2969 3334 3025 τὸ
3383 2968 3594 3042 θέλημα
3633 2971 3713 3022 τοῦ

2087 3064 2241 3117 Θεοῦο
2271 3059 2429 3134 καίγε
2472 3058 2543 3114 τὰ
2576 3057 2856 3131 πνεύματα
2895 3066 2997 3128 τῆς
3044 3056 3260 3129 πλάνης
3310 3057 3416 3114 οὐκ
3446 3062 3553 3131 (25)
3580 3055 3714 3132 ίσχύο

2091 3168 2242 3205 σουσι
2288 3148 2429 3224 πρὸς
2474 3147 2656 3203 αὐτόν.
2688 3147 2762 3202 Οὐ
2806 3148 2912 3223 γὰρ
2962 3144 3096 3203 εἶδεν
3142 3145 3482 3219 ἐπιδέξασθαι
3536 3144 3715 3207 κάλλος

2094 3236 2342 3310 θηλείας,
2364 3235 2458 3293 ’ίνα
2490 3238 2567 3311 μή
2599 3236 2654 3292 ἐν
2691 3233 2990 3313 διαστροφῇ
3022 3237 3186 3311 μιάνῃ
3241 3237 3331 3292 τὸν
3380 3242 3507 3292 νοῦν
3556 3235 3713 3291 αὐτοῦ*

2090 3327 2154 3385 οὗ
2187 3327 2355 3398 ζῆλος
2384 3324 2437 3382 ἐν
2470 3321 2809 3388 διαϐουλίοις
2839 3325 3004 3382 αὐτοῦ
3033 3325 3400 3382 ἐπελεύσεται·
3439 3326 3502 3381 οὐ
3544 3326 3716 3402 βασκα-

328 3414 543 3481 veniet,
575 3431 687 3471 non
730 3415 950 3471 invidia
977 3416 1276 3489 liquefacit
1320 3418 1580 3474 animam
1612 3418 1759 3490 ejus,
1795 3432 1980 3491 neque

2095 3416 2181 3472 νία
2208 3415 2421 3488 ἐκτήκει
2452 3415 2637 3492 ψυχὴν
2669 3415 2857 3483 αὐτοῦ,
2889 3411 3016 3470 οὐδὲ
3044 3416 3457 3492 πορισμὸν
3486 3414 3538 3471 ὲν
3564 3410 3718 3483 ἀπλη·

332 3502 567 3560 lucrum
600 3503 659 3558 in
690 3503 1132 3562 insatiabilitate
1160 3507 1448 3580 excogitat
1471 3509 1599 3576 ;sed
1633 3506 1896 3564 ambulat
1924 3507 1980 3561 in

2095 3504 2216 3578 στίᾳ
2264 3505 2452 3561 ἐννοεῖ·
2486 3502 2771 3580 πορεύεται
2820 3501 2879 3560 δὲ
2926 3501 2978 3559 ἄν
3030 3502 3275 3571 εὸθύτητι
3309 3509 3461 3574 ζωῆς
3491 3505 3614 3579 (27),
3640 3500 3711 3555 καὶ

339 3593 690 3649 rectitudine
742 3593 894 3664 vitae,
938 3598 995 3651 et
1040 3596 1238 3652 omnia
1280 3596 1435 3653 videt
1478 3596 1539 3653 in
1588 3596 1980 3669 simplicitate,

2095 3596 2261 3652 πάντα
2290 3596 2391 3671 ὁρᾳ
2420 3592 2473 3649 ἐν
2528 3593 2823 3665 ἁπλότητι,
2859 3594 2934 3668 μὴ
2984 3591 3381 3670 ἐπιδεχόμενος
3439 3590 3714 3672 ὀφθαλμοῖς

341 3698 457 3739 non
488 3681 774 3754 recipiens
796 3683 981 3740 oculis
1003 3685 1397 3759 malignitates
1426 3686 1500 3741 ab
1530 3703 1722 3743 errore
1754 3685 1980 3753 mundi,

2095 3683 2354 3762 πονηρίας
2384 3684 2490 3739 ἀπὸ
2511 3689 2615 3753 τῆς
2645 3681 2860 3752 πλάνης
2886 3684 2985 3738 τοῦ
3011 3681 3246 3757 κόσμου,
3267 3680 3363 3739 ἵνα
3397 3684 3476 3757 μὴ
3508 3679 3593 3757 ἴδῃ
3626 3678 3714 3735 διε-

341 3776 408 3828 ut
438 3789 552 3827 non
583 3771 776 3827 videat
819 3790 1085 3845 perverse
1113 3774 1351 3846 aliquod
1400 3776 1812 3832 mandatorum
1860 3775 1983 3831 Dei.

408 3878 481 3934 V.
514 3900 543 3930 «
576 3879 881 3936 Custodite
931 3881 1129 3952 igitur,
1182 3880 1287 3936 filii
1335 3882 1470 3950 mei,
1519 3882 1707 3955 legem
1755 3881 1879 3951 Dei,
1930 3884 1988 3938 et

341 3966 777 4039 simplicitatem
812 3970 1185 4040 possidete,et
1212 3969 1272 4024 in
1302 3970 1636 4027 innocentia
1665 3970 1986 4039 ambulate,

343 4072 461 4112 non
493 4056 671 4111 nimis
703 4057 931 4112 curiose
973 4062 1300 4115 scrutantes
1331 4060 1608 4116 mandata
1651 4060 1903 4131 Domini,
1936 4064 1993 4115 et

345 4144 594 4218 proximi
625 4146 882 4201 actiones
912 4165 925 4213 ;
959 4148 1061 4202 sed
1093 4147 1318 4219 diligite
1347 4149 1658 4204 Dominum
1691 4153 1749 4204 et
1792 4149 1991 4221 proxi-

351 4249 539 4302 mum,
590 4234 861 4306 pauperis
891 4237 948 4290 et
995 4235 1215 4291 infirmi
1258 4236 1639 4293 miseremini.
1673 4237 1994 4310 Supponite

349 4324 592 4379 dorsum
621 4327 878 4380 vestrum
912 4325 983 4381 ad
1014 4340 1220 4397 agrum
1251 4323 1583 4396 colendum,
1614 4330 1672 4383 et
1718 4326 1992 4383 laboran-

349 4414 491 4469 dum
525 4414 584 4469 in
616 4414 891 4486 operibus
922 4419 1109 4485 terra},
1142 4416 1464 4471 secundum
1514 4432 1996 4488 unamquamque

347 4503 769 4577 agriculturam
800 4505 951 4561 dona
980 4521 1113 4560 cum
1146 4506 1471 4577 gratiarum
1494 4505 1721 4562 actione
1749 4506 1995 4561 Domino

345 4593 653 4649 offerentes
670 4612 682 4663 ;
700 4596 978 4665 quoniam
1010 4594 1069 4649 in
1087 4595 1294 4667 primis
1306 4595 1671 4667 germinibus
1695 4596 1991 4651 fructuum

345 4686 511 4739 terrae
540 4683 839 4740 benedixit
865 4684 968 4739 tibi
1007 4684 1307 4755 Dominus,
1341 4685 1496 4740 sicut
1544 4684 1839 4741 benedixit
1865 4701 1993 4740 om-

347 4772 524 4828 nibus
554 4772 796 4841 sanctis,
828 4774 901 4828 ab
933 4773 1075 4828 Abel
1108 4790 1296 4845 usque
1326 4775 1398 4830 ad
1429 4774 1535 4830 hoc
1578 4779 1836 4846 tempus.
1866 4774 1993 4829 Non

350 4861 507 4917 enim
537 4861 712 4917 datur
740 4863 845 4918 tibi
878 4861 993 4918 alia
1024 4879 1365 4935 pars,quam
1396 4862 1774 4936 pinguedinis
1803 4867 1993 4930 terrae,

350 4951 522 5024 cujus
551 4950 610 5006 in
641 4951 939 5007 doloribus
970 4957 1111 5007 sunt
1142 4952 1404 5022 fructus;
1438 4952 1715 5026 quoniam
1746 4957 1804 5009 et
1833 4956 1997 5025 pater

350 5045 550 5097 noster
576 5040 758 5096 Jacob
791 5041 850 5095 in
882 5040 1387 5098 benedictionibus
1417 5046 1581 5098 terrae
1611 5046 1669 5097 et
1707 5040 1996 5113 primitia-

348 5147 482 5189 rum
512 5132 813 5188 fructuum
860 5130 1159 5186 benedixit
1206 5130 1375 5187 mihi.
1422 5132 1496 5188 Et
1541 5130 1674 5189 Levi
1715 5134 1773 5188 et
1812 5130 1998 5187 Judas

442 5365 537 5440 21)
564 5361 841 5440 Πονηρὸς.
874 5360 1381 5440 Φθονερός.ῌῐὶᾼρ.

443 5434 535 5506 22)
564 5434 884 5511 Τριάκοντα,
914 5434 1093 5504 Πέντε,
1126 5436 1257 5490 add.
1299 5436 1481 5491 GRAB.

446 5510 538 5584 23)
570 5508 841 5584 Ὀπώραν.
874 5510 1074 5584 Ὥραν,
1091 5512 1173 5584 _lD.

446 5512 518 5567 23
570 5510 841 5584 Ὀπώραν.
874 5510 1057 5575 Ὥραν.
1092 5512 1173 5562 lD.

446 5510 538 5657 24)
568 5584 634 5639 Et
684 5585 819 5638 tunc
866 5595 984 5651 ego.
1038 5577 1145 5634 Hic
1210 5576 1432 5651 aliquid
1511 5577 1681 5636 desse
1750 5577 2001 5635 videtur.

354 5654 439 5712 In.

2099 3771 2457 3847 στραμμὲνως
2483 3793 2536 3827 τι
2563 3775 2667 3827 τῶν
2702 3769 2936 3827 ἐντολῶν
2967 3773 3081 3845 (28)
3111 3776 3210 3827 τοῦ
3239 3770 3505 3849 Κυρίουᾶ

2166 3881 2243 3936 Ε’.
2277 3904 2306 3932 ‹‹
2339 3876 2618 3952 Φυλάξατε
2643 3875 2757 3949 οὖν,
2788 3877 2943 3934 τέκνα
2976 3898 3102 3952 μου,
3132 3876 3305 3954 νόμον
3330 3881 3490 3949 Θεοῦ,
3520 3875 3603 3933 καὶ
3635 3875 3719 3944 τὴν

2100 3966 2387 4039 ἁπλότητα
2443 3968 2732 4040 κτήσασθε,
2780 3968 2871 4023 καὶ
2936 3966 2988 4022 ἐν
3051 3967 3248 4041 ἀκακία
3307 3967 3611 4043 πορεύεσθε,
3654 3964 3715 4039 μή

2097 4056 2578 4136 περιεργαζόμενοι
2610 4055 2835 4118 ἐντολὰς
2866 4056 3087 4133 Κυρίου,
3118 4076 3206 4112 και
3236 4060 3333 4112 τοῦ
3362 4056 3597 4127 πλησίον
3645 4054 3721 4115 τὰς

2097 4147 2338 4223 πράξεις’
2389 4144 2514 4202 ἀλλ’
2568 4146 2810 4221 ἀγαπᾶτε
2857 4144 3053 4222 Κύριον
3110 4145 3200 4201 καὶ
3241 4146 3334 4202 τὸν
3364 4145 3618 4216 πλησίον,
3644 4141 3718 4199 πέ-

2098 4256 2235 4307 νητα
2261 4234 2351 4291 καὶ
2381 4236 2575 4305 ἀσθενῆ
2608 4233 2886 4305 ἐλεήσατε.
2917 4235 3220 4293 Ὑποτίθετε
3243 4236 3336 4291 τὸν
3378 4239 3552 4291 νῶτον
3594 4232 3720 4305 ὑμῶν

2103 4325 2183 4390 εἷς
2226 4325 2289 4380 τὸ
2333 4329 2614 4402 γεωργεῖν,
2645 4325 2735 4379 καὶ
2774 4322 3089 4401 ἐργάζεσθαι
3137 4323 3191 4381 ἐν
3236 4322 3418 4402 ἔργοις
3460 4331 3584 4401 γῆς,
3625 4317 3722 4376 καθ’

2104 4415 2333 4485 εκάστην
2365 4412 2637 4491 γεωργίαν
2668 4410 2817 4488 δῶρα
2849 4415 2963 4488 μετ’
2992 4412 3338 4491 εὖχαριστίας
3368 4412 3557 4489 Κυρίῳ
3584 4429 3721 4487 προσ-

2106 4505 2375 4586 φέροντες·
2418 4502 2502 4559 ὅτι
2554 4502 2608 4558 ἐν
2653 4504 3135 4580 πρωτογεννήμασι
3182 4506 3405 4581 καρπῶν
3450 4500 3552 4579 γῆς
3594 4496 3722 4556 εὐλό-

2101 4594 2240 4671 γησέ
2271 4615 2328 4649 σε
2357 4590 2577 4669 Κύριος,
2606 4591 2789 4655 καθὼς
2839 4589 3104 4669 εύλόγησε
3133 4592 3332 4654 πάντας
3359 4590 3490 4655 τοὺς
3543 4588 3719 4667 ἁγίους,

2103 4684 2210 4740 ἀπὸ
2238 4677 2411 4738 ’Ἅϐελ
2442 4679 2547 4743 ἕως
2569 4684 2667 4736 τοῦ
2695 4680 2811 4738 νῦν.
2843 4680 2921 4739 Οὔ
2949 4682 3051 4759 γὰρ
3082 4678 3295 4737 δέδοταί
3326 4700 3410 4737 σοι
3450 4678 3591 4751 ἄλλη
3640 4698 3722 4751 με-

2105 4771 2213 4850 ρὶς,
2243 4770 2278 4842 ἢ
2309 4774 2413 4840 τῆς
2440 4768 2703 4841 πιότητος
2733 4771 2831 4839 τῆς
2858 4771 2985 4845 γῆς,
3016 4771 3082 4840 ἧς
3112 4769 3166 4825 ἐν
3194 4770 3390 4833 πόνοις
3436 4770 3490 4825 οἳ
3528 4764 3716 4844 καρποί

2103 4861 2186 4918 ὅτι
2213 4860 2303 4916 καὶ
2353 4860 2382 4915 6
2423 4859 2606 4933 πατὴρ
2652 4860 2812 4933 ἡμῶν
2854 4853 3048 4914 Ἰακὼϐ
3089 4858 3142 4916 ἐν
3189 4856 3464 4936 εὐλογίαις
3510 4865 3607 4936 γῆς
3646 4853 3718 4911 καὶ

2103 4950 2369 5026 ἀπαρχῶν
2416 4951 2638 5021 καρπῶν
2689 4944 2955 5026 εὐλόγησὲ
3005 4967 3094 5022 με.
3148 4948 3249 5005 Καὶ
3307 4948 3336 5005 ὁ
3389 4947 3519 5005 Λευῒ
3569 4946 3652 5003 καὶ
3696 4942 3718 4997 ὃ

2106 5036 2285 5097 Ἰούδα
2337 5035 2686 5112 ἐδοξάσθῃσαν
2730 5036 2878 5113 παρὰ
2924 5034 3107 5114 Κυρίῳ
3145 5035 3198 5094 ἐν
3236 5038 3377 5102 υἱοῖς
3406 5030 3612 5095 Ἰακώϐ.
3640 5033 3719 5090 Καὶ

2106 5126 2211 5206 γὰρ
2243 5128 2273 5184 6
2303 5126 2500 5203 Κύριος
2533 5124 2845 5204 ἐκλήρωσεν
2872 5124 2927 5183 ἐν
2952 5123 3161 5201 αὐτοῖς,
3192 5126 3282 5184 καὶ
3311 5132 3390 5201 τῷ
3440 5126 3536 5202 μὶν
3582 5122 3721 5183 ἔδωκε

2178 5360 2287 5431 (25)
2317 5356 2447 5415 Οὔκ.
2479 5354 2668 5431 Ούδὲν.
2699 5358 2782 5417 ID.

2328 5429 2630 5506 Πορισμόν.
2664 5430 3070 5506 Περισπασμόν.
3104 5433 3189 5489 ID.

2328 5434 2630 5506 Πορισμόν.
2664 5434 3070 5505 Περισπασμόν.
3104 5434 3189 5489 In.

2181 5434 2301 5649 β)
2332 5508 2504 5572 Ζωῆςο
2536 5507 2760 5631 Ψυχὲς.
2794 5503 2873 5560 Io.
3003 5572 3033 5590 ἡ
3296 5576 3333 5591 υ
3695 5597 3716 5611 .

2203 5576 2273 5633 28
2334 5580 2650 5649 ᾴιεοςτραμμ
2710 5593 2784 5649 εικ
2846 5590 2900 5631 τι
2965 5592 3072 5630 των
3131 5571 3392 5631 ἔντολων.
3457 5579 3695 5649 Διεστραμ

2203 5571 2301 5649 28)
2334 5571 2784 5649 ᾼιεστραμμξνῳς
2846 5590 2900 5631 τι
2965 5572 3072 5630 τῶν
3131 5571 3392 5631 ἐντολῶν.
3457 5579 3695 5649 Διεστραμ

2118 5594 2301 5722 uti?
2309 5594 2801 5713 τέῗῖἷῑέἵὲἒῗνῗιξ.
