4014 6226
332 403 481 472 1089

1511 397 2107 462 TESTAMENTUM
2153 364 2543 464 ZABULoN.

3573 399 3733 464 1090

329 539 423 607 τὴν
455 530 741 610 ἱερατείαν,
789 533 868 604 τῷ
922 529 979 586 δὲ
1031 526 1329 607 βασιλείαν,
1381 528 1580 592 Αύτοῖς
1614 527 2003 607 ύπακούσατεη

2119 531 2389 587 loriﬁcati
2438 536 2577 588 sunt
2609 549 2640 587 a
2671 531 2914 588 Domino
2972 531 3030 587 in
3071 531 3204 588 ﬁliis
3253 533 3449 588 λάροι).
3499 533 3729 591 Etenim

331 626 417 682 καὶ
446 629 514 698 τῇ
546 622 820 691 ἁπλότητι
862 624 962 676 τοῦ
1009 620 1210 696 πατρὸς
1254 619 1405 692 ὑμῶν
1438 620 1858 694 περιπατήσατε
1893 619 1978 673 ’ὁτι

331 713 417 768 γαί
463 715 542 783 τῷ
587 706 694 766 Γὰδ
725 706 884 778 ἐδόθη
916 706 1181 764 ἀπολέσαι
1210 706 1278 763 τὰ
1301 707 1628 783 πειρατήρια
1653 708 1720 763 τὰ
1751 703 1978 781 ἐπερχό-

339 823 466 879 μενα
495 797 737 876 Ἰσραήλ.

411 1072 468 1137 ζ’·
510 1091 529 1117 ι
560 1061 692 1120 Οἶδα
724 1061 802 1133 δὲ,
830 1063 990 1118 τέκνα
1024 1083 1148 1135 μον,
1180 1061 1263 1118 ὅτι
1295 1059 1346 1117 έν
1380 1059 1630 1136 ἐσχάτοις
1654 1066 1864 1136 καιροῖς
1889 1080 1983 1116 κα-

340 1155 688 1230 ταλείψουσιν
723 1154 773 1209 οἱ
804 1153 912 1207 υἱοὶ
943 1155 1102 1225 ἡμῶν
1136 1153 1251 1225 (29)
1282 1152 1381 1220 τὴν
1410 1149 1717 1221 ἁπλότητα,
1740 1148 1828 1206 καί
1851 1149 1982 1206 κολ-

344 1245 674 1317 ληθήσονται
731 1243 802 1314 τῇ
857 1238 1154 1312 ἀπληστίᾳο
1202 1240 1292 1294 καὶ
1341 1240 1560 1318 ἀφέντες
1608 1241 1706 1308 τὴν
1737 1238 1983 1312 ἀκακίαν,

342 1332 778 1411 προσπελάσουσι
829 1333 900 1403 τῇ
945 1328 1265 1403 κακουργίᾳ,
1300 1327 1388 1384 καὶ
1440 1323 1829 1393 καταλιπόντες
1871 1331 1986 1403 (30)

342 1422 433 1485 τὰς
477 1419 698 1485 ἐντολὰς
743 1417 961 1494 Κυρίου,
1019 1415 1461 1488 κοΛληθήσονται
1513 1422 1592 1489 τῷ
1621 1416 1837 1493 Βελιάρ·
1896 1417 1986 1472 καὶ

346 1513 558 1590 ἀφέντες
589 1510 650 1566 τὸ
686 1510 974 1586 γεώργιον,
1023 1504 1511 1578 έξακολουθήσουσι
1561 1512 1678 1570 τοῖς
1722 1511 1986 1581 πονηροῖς

346 1596 679 1662 διαϐουλίοις
710 1598 909 1670 αὐτῶν,
934 1596 1026 1651 καὶ
1056 1593 1512 1672 διασπαρήσονται
1544 1595 1596 1651 έν
1626 1601 1744 1658 τοῖς
1795 1592 1988 1668 ἔθνεσι,

344 1691 432 1747 καὶ
491 1687 843 1744 δουλεύσουσι
894 1690 1010 1748 τοῖς
1060 1683 1282 1760 ἐχθροῖς
1340 1683 1537 1740 αὐτῶν.
1589 1683 1688 1741 Καὶ
1715 1685 1868 1757 ὑμεῖς
1896 1682 1986 1739 οὖν

349 1779 530 1835 εἴπατε
582 1782 750 1832 ταῦτα
794 1780 910 1837 τοῖς
951 1774 1161 1835 τέκνοις
1206 1773 1380 1847 ὑμῶν,
1425 1771 1598 1848 ὅπως,
1630 1773 1714 1828 ἐὰν
1749 1775 1993 1849 ἁμαρτή-

350 1889 478 1924 σωσι
511 1869 646 1942 (31),
673 1864 866 1940 τάχιον
899 1861 1260 1938 ἐπιστρέψωσι
1294 1863 1428 1938 πρὸς
1457 1864 1685 1939 Κύριον·
1721 1861 1803 1918 ὅτι
1837 1860 1990 1932 ἐλεή-

353 1978 467 2031 μων
495 1954 628 2023 ἐστὶ,
659 1953 747 2008 καὶ
775 1950 1032 2024 έξελεῖται
1062 1950 1281 2024 αὐτοὺς,
1309 1955 1408 2006 τοῦ
1439 1950 1754 2027 ἐπιπρέψαι
1785 1950 1862 2014 εἲς
1891 1952 1991 2021 τὴν

348 2053 449 2122 γῆν
478 2044 653 2099 αὐτῶν
684 2044 819 2116 (32).

421 2136 488 2190 Ζ’.
522 2157 549 2184 ››
597 2127 716 2187 Ρκ6’
761 2130 892 2185 ἐτῶν
944 2127 1059 2201 εἶμι
1111 2127 1236 2205 ἐγώ·
1295 2129 1385 2184 καὶ
1434 2128 1533 2184 ούκ
1579 2126 1740 2206 ἔγνων
1791 2127 1870 2183 ἐπ’
1900 2129 1999 2202 ἐμὲ

354 2222 615 2298 ἁμαρτίαν
667 2219 742 2281 εἷς
796 2217 1040 2273 θάνατον’
1099 2215 1251 2286 Πλήν
1292 2219 1390 2286 τῆς
1438 2218 1692 2292 γυναικός
1737 2239 1866 2290 μου,
1897 2218 1998 2273 οὐκ

352 2308 515 2389 ἔγνων
571 2307 770 2379 ἄλλην·
806 2306 904 2362 οὐκ
951 2305 1246 2381 έπόρνευσα
1287 2306 1338 2362 ἐν
1403 2311 1760 2384 μετεωρισμῷ
1791 2309 1996 2384 ὀφθαλ-

359 2405 496 2474 μῶν·
549 2399 690 2454 οἶνον
738 2396 812 2458 εἰς
861 2393 1238 2464 ἀποπλάνησιν
1291 2394 1389 2450 οὐκ
1441 2393 1615 2450 ἔπιον·
1667 2401 1770 2450 πᾶν
1809 2393 1996 2459 ἐπιθύ-

359 2510 433 2562 μη
445 2508 520 2560 μα
545 2491 643 2543 τοῦ
677 2483 910 2555 πλησίον
944 2483 1043 2539 οὐκ
1072 2484 1330 2553 ἐπόθησα·
1387 2482 1553 2546 δόλος
1584 2484 1684 2540 ούκ
1711 2484 1917 2561 ἐγένετο
1944 2484 1996 2539 έν

357 2575 553 2650 καρδίᾳ
582 2594 706 2648 μου·
757 2573 954 2648 ψεῦδος
1005 2573 1104 2628 οὐκ
1131 2570 1337 2643 ἀνῆλθε
1366 2570 1455 2629 διὰ
1481 2579 1590 2629 τῶν
1623 2571 1858 2651 χειλέων
1895 2595 2000 2646 μου

360 2666 524 2722 Παντὶ
557 2665 825 2741 ἀνθρώπῳ
877 2660 1207 2736 ὀδυνωμένῳ
1255 2663 1618 2737 συνεστέναξα,
1658 2662 1748 2718 καὶ
1790 2663 2006 2738 πτωχῷ

357 2752 630 2811 κετέδωκα
677 2754 768 2807 τὸν
809 2750 967 2823 ἄρτον
1032 2773 1156 2824 μου.
1209 2750 1319 2807 Οὐκ
1366 2747 1559 2828 ἔφαγον
1615 2751 1801 2824 μόνος’
1851 2751 2001 2826 δριον

363 2843 461 2899 οὐκ
491 2842 674 2913 ἔλυσα,
711 2836 978 2896 εὖσέϐείαν
1009 2839 1239 2911 ἐποίησα
1269 2840 1320 2895 ἐν
1351 2841 1548 2903 πάσαις
1601 2846 1720 2903 ταῖς
1770 2839 2003 2916 ἡμέραις

363 2932 520 3008 ἐμοῦ,
551 2932 640 2987 καὶ
672 2931 929 3001 ἀληθειαν
962 2932 1097 3004 (33).
1129 2930 1233 2986 Τὸν
1266 2929 1460 3005 Κύριον
1492 2929 1750 3006 ἠγάπησα
1780 2929 1831 2986 ἐν
1863 2931 2010 3004 πάσῃ

361 3025 431 3096 τῇ
465 3020 618 3096 ἰσχύϊ
650 3041 754 3093 μου
785 3018 993 3094 ὁμοίως
1043 3018 1133 3075 καὶ
1181 3020 1354 3074 πάντα
1402 3020 1683 3094 ἀτθρωπον
1727 3018 2007 3095 ἠγάπησα,

366 3111 438 3173 ὡς
486 3113 602 3185 (34)
656 3110 724 3164 τὰ
780 3107 933 3164 τέκνα
995 3129 1120 3181 μου.
1169 3111 1345 3164 Ταῦτα
1397 3110 1630 3178 πιήσατε
1681 3111 1771 3163 καὶ
1831 3109 2009 3182 ὑμεῖς,

363 3199 521 3256 τέκνα
573 3221 677 3272 μου
721 3198 812 3252 καὶ
861 3202 968 3253 πᾶν
1010 3200 1224 3270 πνεῦμα
1266 3201 1365 3252 τοῦ
1411 3194 1606 3273 Βελιὰρ
1648 3196 1889 3274 φεύξεται
1920 3198 2008 3276 ἀφ’

2023 1910 2074 1976 Β

2087 619 2243 676 Deus
2272 620 2667 677 haereditatem
2701 622 3027 693 assumpsit
3055 639 3122 677 ex
3153 622 3307 691 illis;
3341 627 3397 678 et
3427 622 3563 678 huic
3599 624 3730 696 qui-

2088 709 2222 765 dem
2273 709 2434 765 dedit
2483 711 2897 777 sacerdotium,
2947 711 3084 766 huic
3138 728 3270 767 vero
3321 728 3587 784 regnum.
3636 713 3732 769 Eis

2087 814 2224 870 ergo
2255 798 2506 866 obedite,
2530 803 2587 854 et
2614 799 2672 854 in
2707 798 3081 870 simplicitate
3113 801 3293 871 patris
3322 800 3497 856 vestri
3530 801 3734 856 ambu-

2089 885 2204 942 late
2227 887 2536 958 ;quoniam
2559 891 2615 942 et
2643 888 2763 943 Gad
2778 888 2977 942 datum
3011 893 3100 944 est
3119 889 3357 960 perdere
3377 890 3734 946 tentationes

2091 976 2562 1046 supervenientes
2593 976 2793 1032 Israel.

2159 1063 2256 1118 VI.
2295 1087 2316 1113 ιι
2352 1065 2492 1120 Νονί
2524 1082 2679 1131 vero,
2715 1065 2816 1120 ﬁlii
2848 1065 2980 1132 mei,
3012 1067 3166 1137 quod
3196 1066 3255 1120 in
3287 1067 3562 1124 extremis
3593 1071 3737 1124 tem-

2093 1153 2332 1224 poribus
2381 1153 2787 1224 derelinquent
2837 1153 2937 1209 ﬁlii
2971 1155 3145 1210 vestri
3201 1155 3632 1228 simplicitatem
3681 1161 3740 1213 et

2095 1242 2474 1298 adhaerebunt
2509 1243 2763 1298 avaritiae
2789 1261 2803 1310 ;
2836 1248 2893 1299 et
2922 1244 3282 1300 dimittentes
3314 1245 3734 1318 innocentiam,

2094 1331 2650 1403 appropinquahunt
2699 1331 3048 1404 malignitati
3101 1351 3114 1400 ;
3164 1338 3221 1388 et
3267 1335 3738 1408 derelinquentes

2096 1423 2376 1475 mandata
2422 1419 2545 1484 Dei,
2580 1421 2962 1477 adharebunt
3012 1422 3234 1489 Beliar;
3270 1428 3327 1479 et
3371 1425 3738 1482 dimittentes

2097 1509 2540 1580 agriculturam,
2573 1514 2895 1581 sequentur
2923 1511 3251 1583 perniciosa
3271 1512 3516 1568 consilia
3543 1531 3670 1584 sua,
3685 1518 3745 1570 et

2098 1597 2510 1669 dispergentur
2541 1599 2597 1652 in
2631 1598 2925 1670 gentibus,
2948 1603 3005 1653 et.
3029 1599 3279 1656 servient
3307 1600 3566 1657 inimicis
3596 1602 3744 1658 suis.

2098 1686 2167 1741 Et
2191 1703 2291 1742 vos
2321 1686 2500 1758 igitur
2533 1687 2650 1740 haec
2679 1686 2850 1742 dicite
2882 1687 3016 1742 ﬁliis
3044 1688 3272 1758 vestris,
3308 1693 3373 1744 ut
3403 1690 3453 1745 si
3484 1695 3744 1762 peccent,

2097 1773 2368 1829 velociter
2417 1779 2781 1833 revertantur
2811 1776 2880 1830 ad
2932 1777 3285 1846 Dominum;
3320 1779 3593 1850 quoniam
3637 1780 3748 1836 mi-

2101 1861 2348 1918 sericors
2377 1867 2487 1932 est,
2520 1867 2578 1919 et
2623 1863 2827 1935 eripiet
2856 1879 2976 1931 eos,
3010 1869 3074 1919 ut
3127 1871 3492 1923 revertantur
3522 1869 3580 1924 in
3631 1873 3750 1926 ter-

2105 1969 2230 2008 ram
2262 1969 2452 2009 suam.

2175 2130 2299 2185 VII.
2340 2149 2361 2177 ι
2395 2130 2640 2186 Centum
2670 2130 2876 2202 viginti
2908 2131 3022 2185 duo
3054 2149 3338 2188 annorum
3375 2152 3506 2190 sum
3537 2152 3642 2208 ego
3667 2141 3753 2204 ;et

2107 2236 2221 2274 non
2256 2219 2497 2289 cognovi
2532 2235 2706 2288 super
2738 2235 2830 2274 me
2863 2225 3164 2290 peccatum
3197 2221 3255 2274 in
3298 2229 3566 2280 mortem.
3602 2230 3752 2279 Prae-

2107 2311 2193 2364 ter
2224 2324 2462 2362 uxorem
2497 2323 2710 2374 meam,
2744 2325 2857 2362 non
2890 2311 3128 2378 cognovi
3179 2309 3354 2366 aliam
3381 2329 3393 2379 ;
3429 2331 3543 2368 non
3575 2314 3752 2369 forni-

2108 2401 2273 2452 catus
2304 2413 2436 2451 sum
2468 2396 2528 2451 in
2560 2395 2808 2451 elatione
2839 2396 3178 2466 oculorum;
3211 2400 3408 2456 vinum
3441 2403 3499 2457 in
3531 2404 3758 2459 aberra-

2109 2484 2327 2540 tionem
2356 2501 2470 2539 non
2505 2484 2626 2538 bibi
2657 2502 2669 2552 ;
2703 2501 2876 2540 omne
2916 2486 3296 2543 desiderabile
3341 2491 3586 2560 proximi
3637 2510 3754 2548 non

2111 2573 2474 2642 desideravi;
2515 2571 2684 2628 dolus
2733 2590 2847 2628 non
2899 2575 3087 2630 factus
3122 2580 3210 2632 est
3261 2577 3317 2630 in
3375 2579 3546 2634 corde
3584 2595 3752 2650 meo;

2113 2663 2482 2717 mendacium
2517 2678 2632 2717 non
2664 2663 2926 2718 ascendit
2957 2680 3059 2734 per
3079 2663 3235 2720 labia
3268 2683 3411 2722 mea.
3447 2667 3615 2724 Omni
3647 2668 3752 2724 ho-

2113 2751 2258 2806 mini
2290 2750 2484 2806 dolore
2505 2751 2761 2806 cruciato
2793 2753 3122 2823 congemui,
3155 2759 3210 2810 et
3233 2757 3474 2827 pauperi
3506 2758 3637 2812 dedi
3661 2775 3758 2829 pa-

2115 2856 2249 2896 nem
2301 2856 2521 2894 meum.
2572 2839 2698 2894 Non
2748 2841 2974 2896 comedi
3021 2841 3227 2912 solus;
3278 2845 3594 2902 terminum
3640 2864 3756 2902 non

2115 2928 2299 2995 solvi;
2336 2927 2610 2999 pietatem
2657 2929 2764 2984 feci
2817 2929 2874 2984 in
2925 2931 3200 2986 omnibus
3248 2932 3454 2989 diebus
3503 2934 3671 3007 meis,
3703 2939 3760 2991 et

2114 3017 2758 3073 veritatem.Dominum
2792 3018 2963 3074 dilexi
2995 3019 3053 3074 in
3090 3026 3210 3076 tota
3241 3023 3580 3080 fortitudine
3605 3041 3758 3094 mea;

2118 3105 2391 3161 similiter
2418 3110 2474 3161 et
2502 3122 2732 3161 omnem
2767 3106 3066 3163 hominem
3099 3110 3364 3181 dilexi,ut
3395 3112 3545 3168 ﬁlios
3577 3131 3759 3170 meos.

2119 3195 2248 3251 Haec
2299 3198 2355 3250 et
2397 3211 2500 3250 vos
2553 3194 2796 3265 faciatis,
2842 3195 2946 3250 ﬁlii
2984 3198 3119 3264 mei,
3171 3204 3227 3254 et
3277 3201 3470 3258 omnis
3516 3202 3762 3274 spiritus

367 3289 543 3363 ὗμων,
595 3287 684 3342 καὶ
728 3292 872 3341 πᾶσα
914 3286 1104 3362 πρᾶξις
1156 3290 1410 3362 πονηρῶν
1462 3286 1760 3360 ἀνθρώπων
1801 3285 1863 3342 ού
1909 3307 2003 3342 κυ-

2119 3283 2310 3340 Beliar
2337 3283 2521 3356 fugiet
2551 3301 2585 3339 a
2614 3284 2776 3340 vobis
2802 3302 2815 3352 ;
2838 3290 2894 3340 et
2909 3287 3102 3343 omnis
3132 3289 3280 3344 actio
3304 3291 3762 3362 perniciosorum

367 3376 566 3454 ριεύσει
593 3377 765 3449 ὑμῶν.
798 3375 888 3430 καὶ
911 3375 1079 3430 πάντο
1113 3371 1297 3452 ἄγριον
1329 3375 1470 3451 θῆρα
1508 3373 2006 3445 καταδουλώσεσθε,

367 3466 594 3542 ἔχοντας
630 3466 744 3538 μεθ’
775 3465 975 3519 έαυτῶν
1008 3464 1136 3520 Θεὸν
1162 3467 1260 3519 τοῦ
1292 3462 1542 3538 ούρανοῦ
1592 3462 2013 3537 συμπορευόμε-

368 3576 451 3610 νοι
480 3560 596 3617 τοῖς
624 3554 931 3630 ἀνθρώποις
965 3552 1016 3607 έν
1049 3551 1322 3623 ἁπλότητι
1351 3550 1596 3630 καρδίας.
1631 3578 1652 3604 ι
1689 3553 1786 3608 Καὶ
1817 3552 2011 3608 ἐνετεί-

373 3643 505 3700 λατο
535 3644 742 3712 αύτοῖς,
775 3643 925 3704 ’ὁπως
953 3639 1220 3717 ἀνάγωσιν
1244 3640 1402 3696 αὐτὸν
1464 3640 1516 3695 ἐν
1565 3636 1812 3715 Χεϐρὼν,
1860 3646 2018 3696 κακεῖ

375 3731 532 3786 αὐτὸν
567 3733 806 3805 θάψωσιν
840 3730 890 3784 ἐν
917 3734 998 3800 τῷ
1027 3727 1285 3801 σπηλαίῳ
1337 3729 1472 3801 μετὰ
1511 3733 1614 3783 τῶν
1648 3729 1894 3803 πατέρων
1926 3728 2017 3784 αύο

439 3824 464 3834 -
636 3819 648 3836 ς
830 3840 849 3850 ⁸
1055 3817 1067 3836 ε
1250 3815 1273 3834 ιε
1459 3816 1512 3850 ,_
1548 3822 1574 3832 ..
1703 3818 1716 3835 ς
1841 3819 1852 3836 ι

373 3840 489 3874 του·
551 3822 652 3876 Και
713 3818 933 3889 ἐξέτεινε
986 3838 1113 3879 τους
1168 3817 1361 3889 πόοας,
1415 3839 1599 3890 αυιου,
1630 3839 1720 3872 και
1751 3819 2017 3874 ἀπαθανεν

378 3907 623 3981 πέμπτος
677 3910 788 3981 (35)
835 3906 886 3961 έν
933 3909 1090 3984 γήρει
1127 3905 1301 3978 καλῷ,
1333 3912 1436 3961 πᾶν
1471 3906 1636 3981 μέλος
1668 3903 1812 3984 ἔχων
1846 3908 2017 3984 ὑγιὲς,

378 3997 465 4054 καὶ
498 3996 702 4073 ἰσχύων
735 3995 975 4052 ὕπνωσεν
1008 3995 1172 4052 ὕπνον
1199 3995 1441 4055 αἰώνιον.

945 4194 1347 4249 ΚΕΦΔΛΑΙΟΝ
1388 4191 1449 4260 ζ’.

547 4299 791 4369 Διαθήκη
826 4292 1305 4426 Ζαϐουλὼὲἄὲπερὶ
1338 4295 1732 4375 εύσκλαγχνίας
1763 4303 1853 4356 καὶ

1186 4390 1300 4426 ους.

1186 4390 1300 4432 ους.

450 4477 528 4531 A'.
563 4475 914 4554 ’Δντίγραφον
961 4470 1274 4541 Ζαϐουλὼν,
1323 4470 1352 4529 ὅ
1401 4472 1603 4531 διέθετο
1647 4481 1768 4539 τοῖς
1819 4477 2028 4540 τέκνοις·

379 4564 543 4620 αὐτοῦ
592 4563 864 4636 ἑκατοστῷ
906 4568 1315 4640 τεσσαρακοστῷ
1363 4566 1482 4638 (36)
1522 4563 1611 4619 καὶ
1661 4562 1868 4640 δεκάτῳ
1920 4563 2023 4622 ἔτει

2118 3373 2425 3428 hominum
2457 3389 2571 3427 non
2606 3373 3004 3429 dominabitur
3031 3376 3230 3443 vobis;
3265 3383 3322 3433 et
3344 3396 3574 3435 omnem
3607 3398 3766 3453 agre-

2120 3466 2268 3516 stem
2301 3461 2482 3516 feram
2515 3461 3428 3533 servitutisubjicietis,habentes
3458 3469 3759 3524 vobiscum

2123 3556 2303 3605 Deum
2334 3549 2491 3615 omli;
2516 3550 2884 3605 ambulantes
2914 3568 3048 3606 cum
3081 3553 3418 3610 hominibus
3448 3557 3507 3611 in
3540 3557 3764 3629 simpli-

2123 3639 2296 3694 citate
2326 3637 2536 3694 cordis.
2572 3659 2600 3686 »
2631 3639 2701 3693 Et
2744 3640 3040 3695 mandavit
3069 3642 3172 3707 eis,
3210 3648 3273 3697 ut
3304 3647 3584 3701 reducant
3631 3664 3765 3703 eum

2125 3726 2184 3780 in
2215 3725 2466 3794 Hebron,
2501 3730 2558 3781 et
2589 3725 2707 3780 illic
2737 3742 2869 3782 eum
2921 3729 3204 3799 sepeliant
3230 3731 3286 3785 in
3321 3733 3601 3803 spelunca
3630 3751 3766 3790 cum

2126 3815 2391 3888 patribus
2422 3815 2565 3870 suis.
2597 3816 2665 3869 Et
2693 3817 2952 3871 extendit
3001 3819 3174 3888 pedes
3206 3837 3364 3891 suos,
3397 3827 3453 3876 et
3501 3828 3768 3879 mortuus

2127 3907 2214 3960 est
2246 3903 2488 3974 quintus
2534 3903 2714 3974 (ﬁlius
2749 3904 2896 3975 Liae),
2931 3905 2988 3960 in
3040 3913 3335 3966 senectute
3383 3912 3555 3983 bona,
3597 3930 3770 3968 omne

2130 3993 2459 4049 membrum
2486 3992 2710 4048 habens
2743 3999 3047 4062 sanum,et
3075 4001 3280 4067 potens
3313 4000 3587 4056 dormivit
3615 4017 3773 4058 som-

2129 4099 2271 4138 num
2303 4085 2672 4153 perpetuum.

2769 4187 3000 4246 CAPUT
3039 4190 3132 4246 VI.

2133 4296 2541 4351 Testamentum
2588 4293 3466 4421 Zabulo—n,‘dedcommiseratione
3511 4307 3563 4360 et
3606 4306 3774 4361 mise-

2820 4383 2966 4421 7'1607’
3005 4386 3077 4421 τα.

2820 4383 3077 4423 νιοονατα.

2203 4476 2248 4526 Ι.
2283 4470 2726 4541 Transcriptum
2784 4472 3064 4541 Zabulon,
3099 4477 3253 4546 quod
3301 4477 3592 4549 disposuit
3638 4478 3775 4535 ﬁliis

2135 4562 2260 4619 suis
2291 4559 2607 4616 centesimo
2638 4559 2862 4614 decimo
2894 4567 3101 4632 quarto
3132 4581 3283 4619 anno
3315 4567 3440 4620 vitae
3473 4584 3614 4633 suae,
3646 4572 3779 4639 post

376 4660 476 4724 τῆς
512 4658 657 4723 ζωῆς
697 4653 882 4726 αὐτοῦ,
921 4655 1054 4728 μετὰ
1085 4653 1182 4708 δύο
1232 4651 1324 4722 ἔτη
1372 4656 1471 4707 τοῦ
1527 4654 1758 4709 θανάτου
1801 4656 1999 4734 Ἰωσήφ

2132 4652 2279 4707 duos
2312 4665 2494 4704 annos
2544 4647 2747 4703 mortis
2776 4648 3014 4719 Joseph.
3047 4652 3116 4706 Et
3165 4653 3310 4708 dixit
3339 4655 3423 4709 eis
3456 4671 3469 4710 :
3510 4674 3533 4704 ι
3564 4656 3776 4712 Audite

379 4743 478 4799 Καὶ
538 4741 681 4799 εἶπεν
740 4743 946 4805 αύτοῖς·
1006 4767 1035 4795 κ
1096 4740 1387 4798 ’Δκούσατε
1447 4762 1576 4816 μου,
1634 4743 1743 4798 υἱοὶ
1827 4739 2026 4800 Ζαϐου-

452 4940 564 5023 (29)
595 4941 802 5025 Ἡμῶν.
835 4941 1007 5025 ’Υμῷν
1032 4943 1181 5025 puto
1237 4937 1691 5025 legendumuuti
1739 4941 2026 5025 Robertus

377 5012 593 5094 legisse
620 5011 849 5094 videtur
872 5011 1059 5094 {licet
1082 5011 1426 5094 anniensis
1462 5011 1678 5082 pariter
1709 5029 1773 5068 ac
1816 5015 2024 5071 Canta-

378 5084 694 5153 brigiensis
726 5086 905 5141 codex
933 5085 1146 5141 habeat
1174 5084 1352 5153 ἡμῶν.
1374 5086 1465 5153 VIn.

453 5150 567 5224 (30)
597 5153 1021 5216 Καταλιπόντες.
1055 5150 1591 5224 Καταλιμπάνοντες.
1622 5158 1706 5208 ID.

476 5195 544 5210 νυ
597 5195 1021 5216 μ-...,η..υ,....,.
1055 5195 1260 5210 ,ια-...μ
1318 5195 1475 5207 ...νυν

452 5195 568 5317 (31)
598 5228 1004 5317 Ἃμαρτήσωσι.
1039 5195 1374 5317 Ἃμάρτιιῖσιὶ
1411 5225 1490 5317 ID).

596 5292 1042 5373 Τοῧέπιστρέψαι
1074 5292 1151 5357 εἷς
1169 5292 1407 5373 ,τὴνΙγῆν
1434 5292 1631 5373 αὐτων,
1676 5299 1911 5373 Desunt.
1938 5297 2022 5373 li).

587 5363 1137 5439 Εύσέϐειανέτέρίησα
1166 5365 1219 5422 έν
1239 5363 1428 5439 Ἶοάσαις
1457 5369 1574 5439 ταῖς
1603 5363 1835 5439 ἡμέραις
1867 5366 2025 5439 ἐμοῦ,

453 5389 567 5438 (ὀύ)
588 5389 873 5426 ιυσεοειαν
908 5389 1137 5438 εποιησα
1166 5389 1219 5422 εν
1245 5389 1428 5427 οασαις
1457 5389 1574 5424 ταις
1603 5389 1835 5439 ημεραις
1867 5389 1890 5420 ε
1939 5389 2024 5438 ου,

379 5439 471 5493 καὶ
502 5438 780 5512 ἀλήθειαν.
814 5435 1098 5495 Εὐσέϐειαν
1132 5438 1379 5508 ἐποίησα,
1410 5436 1461 5492 έν
1489 5435 1684 5498 πάσαις
1712 5443 1832 5500 ταῖς
1882 5389 2024 5512 sps-

381 5529 502 5585 ραις
538 5531 642 5582 μου
672 5511 928 5582 ἀλήθειαν
950 5512 1200 5581 ἐποίησα.
1233 5516 1314 5567 ID.

453 5584 566 5640 (34)
596 5588 704 5640 Ὡς.
737 5584 915 5640 Ὑπέο.
949 5586 1032 5640 ID.

660 5605 704 5645 ς.
759 5603 915 5645 [περ.
949 5603 1032 5641 Π).

475 5605 569 5736 Ξὲιί
597 5605 1097 5736 ἔμπ-ἒῗέορὺὲἒει.
1129 5656 1262 5736 12..
1470 5719 1547 5736 ,θ
1660 5722 1677 5736 .
1892 5723 1930 5736 ..

477 5719 570 5799 36)
622 5719 1062 5807 Τέσσαρακοστῷ.
1135 5721 1387 5801 τετάρτῳ
1470 5719 1808 5798 legendum,
1891 5723 2028 5784 licet

453 5584 472 5801 ἓ

2135 4756 2249 4807 me,
2282 4737 2385 4792 ﬁlii
2415 4735 2981 4803 Zabulon,attendite
3016 4740 3203 4794 verbis
3229 4743 3410 4813 patris
3433 4744 3630 4800 vestri.
3657 4744 3776 4816 Ego

2136 4938 2260 5012 tam
2289 4932 2348 4988 in
2379 4929 2712 4996 Oxoniensi,
2742 4945 2917 5012 quam
2951 4932 3644 5012 Cantabrigiensicomce
3671 4937 3778 4995 ha-

2133 5007 2343 5092 beatur
2386 5007 3115 5092 caecaeaao‘ncptquamv‘is
3146 5007 3203 5062 in
3237 5007 3590 5092 Willo‘ultim‘a
3642 5027 3779 5092 pars

2135 5075 2502 5152 hujusvocis
2548 5073 2736 5152 deleta
2769 5073 2880 5152 sit,
2920 5079 3074 5152 quod
3105 5096 3287 5152 _error
3334 5073 3778 5152 chronologicus

2137 5146 2892 5220 deprehendereturltuben
2907 5146 3062 5204 enim
3095 5150 3273 5206 frater
3298 5157 3438 5208 natu
3463 5146 3777 5218 maximus,

2136 5215 2339 5295 eodem
2372 5233 2487 5295 quo
2536 5215 2800 5295 zabulon
2839 5234 3012 5285 anno,
3069 5224 3322 5295 secundo
3375 5223 3598 5278 scilicet
3647 5215 3781 5295 post

2137 5287 2686 5365 mortemiJosephi,
2708 5288 3021 5365 defunctus
3078 5293 3292 5348 dicitur
3320 5312 3500 5365 supra
3549 5287 3774 5350 Testem.

2133 5367 2179 5430 Ι,
2211 5364 2239 5430 §
2270 5362 2321 5414 1.
2347 5359 2542 5430 Atqui,
2573 5359 2622 5413 is
2654 5359 2866 5414 ibidem
2921 5367 3187 5419 mortuus
3227 5359 3439 5420 dicitur
3476 5367 3580 5421 425
3628 5383 3782 5421 anno

2134 5429 2262 5488 vitae
2285 5429 2622 5507 ipsius.Non
2649 5430 2828 5507 igitur
2845 5432 3542 5507 Za_bulon,fraterjunior,
3561 5453 3782 5493 annum

2139 5507 2239 5560 150
2271 5501 2554 5576 attingere
2584 5501 2794 5576 potuit,
2830 5504 2928 5557 sed
2963 5505 3163 5576 utique
3195 5509 3297 5560 1M
3321 5501 3480 5563 anno
3513 5501 3781 5564 mortuus

2135 5582 2246 5642 est,
2281 5580 2343 5650 ut
2373 5570 3272 5650 Latini_’codi_ces,_manuscripti
3304 5579 3519 5650 pariter
3562 5597 3628 5635 ac
3671 5581 3784 5636 im-

2135 5645 2344 5726 pressi,
2371 5642 2612 5726 babent.
2643 5643 2752 5726 S_ed
2783 5643 2843 5700 in
2869 5645 2962 5703 his
2992 5647 3144 5706 male
3172 5642 3262 5725 32,
3292 5642 3397 5726 pro
3423 5651 3655 5710 duobus
3685 5669 3784 5711 an-

2135 5715 2229 5778 nis
2259 5715 2436 5790 positi
2465 5715 2623 5772 sunt.
2657 5716 2742 5770 In.

3839 5931 3975 6031 Γ
