4014 6226
333 396 482 460 1091
1313 346 1837 451 TESTAMENTA
1886 384 1990 450 xu
2036 388 2741 454 PATRIARCHARUM.
3552 390 3687 454 mea

334 544 467 586 sum
496 526 777 592 Zabulon,
811 524 967 580 datio
1014 523 1166 580 bona
1219 522 1582 594 genitoribus
1629 521 1797 578 meis.
1830 524 1972 576 Cum

2090 518 2201 575 λὼν
2375 523 2677 598 προσέχετε
2711 521 2915 599 ῥήμασι
2946 519 3149 597 πατρὸς
3195 522 3363 594 ὑμῶν.
3417 524 3551 597 Ἐγώ
3595 524 3693 597 εἶμι

332 619 490 675 enim
520 616 753 689 genitus
781 630 993 681 essem,
1023 612 1189 668 valde
1219 616 1427 668 auctus
1456 615 1547 668 est
1578 616 1739 682 pater
1778 614 1972 666 noster

2086 604 2398 683 Ζαϐουλὼν,
2431 609 2581 674 δόσις
2610 612 2779 688 ἀγαθή
2814 613 2928 685 (38)
2954 616 3074 673 τοῖς
3103 611 3311 687 γονεῦσί
3343 632 3464 685 μου.
3496 612 3576 667 Ἐν
3608 614 3693 690 γὰρ

331 710 390 763 et
417 705 694 779 gregibus
724 708 782 759 et
810 701 1349 773 armentis,quando
1382 700 1441 756 in
1471 699 1647 756 variis
1678 699 1856 770 virgis
1877 699 1969 755 ha-

2086 697 2162 770 τῷ
2191 700 2510 774 γεννηθῆναί
2569 720 2635 773 με
2679 699 2917 777 ηὐξήθη,
2952 701 2980 756 ὁ
3031 701 3211 775 πατὴρ
3258 701 3411 774 ἡμῶν
3456 697 3555 762 ἓως
3582 703 3693 779 σφό-

330 795 459 852 buit
486 798 728 851 sortem.
761 793 885 849 Non
937 791 1088 858 novi,
1124 790 1228 844 ﬁlii
1280 790 1414 859 mei,
1449 789 1605 862 quod
1638 787 1864 860 peccavi
1913 788 1972 843 in

2086 783 2205 859 δρα,
2237 787 2328 842 καὶ
2356 788 2422 843 τά
2473 786 2724 862 ποίμνια,
2774 788 2863 844 καὶ
2891 810 2961 844 τα
3009 788 3291 859 βουκόλια,
3351 788 3437 845 ὅτε
3492 789 3540 845 ἐν
3594 797 3695 855 ταῖς

329 883 536 940 diebus
566 882 732 950 meis,
769 885 1154 954 praeterquam
1188 883 1417 945 mente;
1453 893 1641 949 neque
1680 876 1971 947 recordor,

2086 874 2363 939 ποικίλαις
2395 872 2614 953 ῥάϐδοις
2641 877 2759 953 εἶχε
2811 877 2903 933 τὸν
2930 877 3163 955 κλῆρον.
3196 879 3305 934 Οὐκ
3333 876 3520 955 ἔγνων,
3562 880 3694 936 τέκνα

326 973 480 1045 quod
509 971 879 1043 iniquitatem
930 969 1059 1034 feci,
1094 972 1303 1041 praeter
1355 967 1746 1039 ignorantiam
1795 982 1972 1037 quam

2086 985 2212 1037 μου,
2244 963 2326 1020 ὅτι
2357 966 2597 1043 ⁴ἥμαρτον
2633 965 2683 1022 ἐν
2713 972 2831 1030 ταῖς
2881 967 3137 1044 ἡμέραις,
3187 969 3449 1043 παρεκτὸς
3493 967 3689 1034 ἐννοίας·

325 1061 435 1118 feci
464 1061 523 1115 in
553 1059 792 1131 Joseph,
814 1058 1090 1131 quoniam
1122 1056 1301 1113 celavi
1333 1072 1468 1112 cum
1494 1055 1773 1111 fratribus
1805 1052 1970 1121 meis,

326 1154 392 1207 ut
420 1167 535 1206 non
565 1150 818 1204 dicerem
865 1146 1012 1219 patri
1063 1162 1190 1201 meo
1240 1146 1395 1218 quod
1438 1145 1657 1200 factum
1711 1147 1853 1198 erat.
1908 1142 1975 1197 Et

326 1238 459 1295 ﬂevi
503 1238 755 1295 multum
806 1236 867 1291 in
921 1235 1263 1291 abscondito
1297 1251 1311 1290 :
1342 1232 1515 1288 timui
1562 1232 1719 1288 enim
1766 1232 1972 1287 fratres

327 1344 511 1395 meos,
546 1326 822 1400 quoniam
872 1323 1289 1396 conspirabant
1317 1337 1520 1377 omnes
1573 1319 1771 1390 simul,
1804 1323 1869 1375 ut
1922 1317 1971 1374 si

327 1416 460 1488 quis
492 1415 770 1472 revelaret
816 1412 1183 1485 mysterium,
1215 1410 1541 1466 occiderent
1569 1425 1703 1465 eum
1753 1408 1968 1480 gladio.

319 1502 1004 1575 Verumtamen,quando
1034 1500 1303 1556 volebant
1331 1498 1591 1555 occidere
1619 1496 1969 1569 eum,multa

320 1594 669 1649 testiﬁcatus
700 1608 832 1648 sum
862 1592 945 1646 eis
978 1606 1112 1646 cum
1146 1589 1440 1662 lacrymis,
1472 1593 1538 1644 ut
1568 1605 1683 1644 non
1716 1588 1969 1643 facerent

319 1682 696 1755 iniquitatem
727 1680 899 1737 hanc.

393 1865 465 1915 II.
498 1882 528 1911 ‹‹
558 1859 852 1917 Venerunt
899 1856 1054 1913 enim
1080 1856 1312 1913 Simeon
1361 1858 1419 1911 et
1445 1855 1568 1913 Gad
1611 1853 1672 1909 in
1720 1851 1963 1923 Joseph,

323 1953 391 2007 ut
418 1948 746 2005 occiderent
775 1961 908 2002 eum
936 1949 1021 2013 ;et
1047 1946 1262 2001 cadens
1293 1959 1470 2016 super
1499 1943 1703 1998 faciem
1726 1941 1967 2014 Joseph,

324 2037 472 2095 dixit
500 2036 584 2093 eis
616 2053 630 2092 ε
669 2058 691 2085 ι
727 2033 1082 2091 Miseremini
1133 2034 1272 2101 mei,
1304 2034 1511 2088 fratres
1559 2031 1692 2099 mei,
1726 2030 1967 2086 misere-

320 2126 464 2183 mini
496 2124 784 2180 viscerum
814 2122 992 2178 Jacob
1027 2121 1212 2194 patris
1242 2120 1449 2177 nostri.
1482 2120 1563 2177 Ne
1597 2118 1876 2191 injiciatis
1906 2118 1966 2174 in

321 2232 416 2271 me
447 2230 658 2269 manus
688 2212 1012 2276 vestras,ad
1040 2209 1460 2267 effundendum
1494 2208 1842 2281 sanguinem
1876 2207 1967 2262 in-

319 2306 647 2369 nocentem,
702 2301 981 2372 quoniam
1022 2316 1136 2355 non
1186 2298 1415 2370 peccavi
1463 2298 1523 2352 in
1572 2313 1692 2352 vos.
1726 2296 1785 2352 Si
1833 2312 1965 2351 vero

320 2392 574 2465 peccavi,
606 2391 665 2445 in
716 2387 1025 2458 disciplina
1052 2387 1277 2444 erudite
1324 2404 1455 2455 me;
1490 2402 1731 2441 manum
1768 2388 1965 2441 autem

318 2486 573 2538 vestram
623 2495 695 2534 ne
742 2477 1005 2533 inferatis
1068 2480 1302 2549 propter
1349 2476 1527 2531 Jacob
1579 2479 1805 2547 patrem
1858 2489 1963 2529 no-

322 2574 534 2627 strum.
569 2588 597 2619 »
629 2567 699 2624 Ut
748 2572 939 2621 autem
989 2566 1136 2621 dixit
1177 2566 1351 2620 verba
1399 2564 1542 2629 haec,
1593 2561 1966 2618 miseratione

326 2661 657 2716 commotus
686 2672 841 2722 sum,
872 2660 930 2710 et
958 2655 1145 2726 incepi
1178 2655 1335 2718 ﬂere,
1366 2658 1422 2709 et
1452 2652 1664 2724 hepata
1694 2668 1824 2707 mea
1869 2666 1963 2706 re-

323 2746 516 2804 soluta
544 2749 684 2802 sunt
714 2745 772 2799 in
806 2759 919 2809 me,
952 2748 1007 2799 et
1035 2743 1226 2798 omnis
1256 2741 1639 2797 subsistentia
1674 2739 1964 2796 viscerum

322 2850 589 2892 meorum
640 2833 829 2889 laxata
859 2837 949 2887 est
1002 2847 1180 2902 super
1222 2829 1480 2885 animam
1527 2844 1738 2884 meam.
1789 2826 1968 2883 Flevit

319 2928 518 2981 autem
552 2926 609 2978 et
635 2920 875 2991 Joseph,
908 2924 966 2975 et
995 2936 1100 2992 ego
1133 2934 1268 2974 cum
1298 2918 1510 2990 ipso,et
1536 2916 1841 2972 intremuit
1870 2932 1969 2971 cor

322 3026 545 3077 meum,
576 3013 633 3067 et
670 3010 961 3080 junctum
1009 3007 1270 3079 corporis
1319 3006 1435 3062 mei
1486 3008 1860 3078 expaverunt,
1911 3007 1969 3061 et

326 3116 445 3157 non
478 3096 638 3171 potui
670 3100 844 3153 stare.
876 3096 945 3150 Et
972 3096 1175 3151 videns
1205 3111 1299 3151 me
1345 3095 1578 3150 ﬂentem
1626 3110 1762 3150 cum
1792 3111 1878 3162 eo,
1911 3096 1969 3149 et

326 3187 458 3244 illos
488 3186 960 3259 supervenientes
1006 3184 1076 3240 ad
1126 3183 1508 3239 occidendum
1554 3198 1713 3252 eum,
1758 3182 1969 3254 refugit

326 3281 459 3350 post
489 3276 924 3346 me,deprecans
953 3272 1133 3345 ipsos.
1166 3273 1497 3345 Exsurgens
1529 3277 1725 3328 autem
1767 3271 1969 3327 Ruben

328 3365 530 3422 dixit:«
546 3365 795 3431 Fratres,
819 3379 891 3419 ne
920 3361 1253 3418 occidamus
1283 3378 1439 3434 eum,
1463 3362 1563 3418 sed
1596 3360 1971 3433 projiciamus

322 3470 460 3511 eum
490 3454 549 3508 in
580 3469 765 3508 unum
796 3451 1032 3506 lacuum
1066 3450 1275 3506 horum
1305 3450 1614 3520 siccorum,
1634 3466 1782 3522 quos
1810 3450 1969 3505 fode-

321 3545 459 3599 runt
488 3546 681 3614 patres
712 3540 985 3606 nostri,et
1014 3556 1129 3594 non
1160 3539 1508 3595 invenerunt
1537 3555 1810 3611 aquam.»
1827 3539 1970 3594 Pro-

321 3635 451 3702 pter
482 3631 590 3687 hoc
619 3630 775 3685 enim
806 3628 1403 3701 probibuitDominus
1423 3629 1734 3684 ascendere
1756 3642 1968 3699 aquam

322 3720 385 3776 in
416 3719 520 3787 eis,
554 3723 619 3774 ut
648 3718 811 3774 fieret
841 3717 1121 3788 protectio
1153 3717 1394 3789 Joseph.
1426 3719 1492 3772 Et
1522 3717 1656 3773 fecit
1684 3716 1970 3773 Dominus

323 3809 427 3881 ita,
461 3810 645 3865 donec
669 3806 1057 3863 vendiderunt
1087 3822 1221 3860 eum
1254 3806 1585 3862 Ismaelitis.

396 3898 495 3953 Ill.
528 3920 558 3949 «
588 3896 811 3952 Etenim
848 3895 905 3950 in
938 3894 1124 3966 pretio
1152 3894 1368 3967 Joseph
1401 3911 1507 3968 ego
1541 3912 1655 3951 non
1707 3910 1968 3950 commu-

325 3986 512 4043 nicavi
543 3986 679 4058 (42),
730 3984 870 4051 ﬁlii;
905 3984 1005 4038 sed
1059 3982 1315 4050 Simeon,
1346 3988 1402 4038 et
1440 3983 1584 4052 Gad,
1638 3988 1696 4039 et
1723 3982 1821 4039 alii
1872 3998 1974 4038 sex

324 4075 533 4130 fratres
565 4073 747 4128 nostri
781 4071 1129 4142 accipientes
1164 4070 1414 4143 pretium
1446 4071 1975 4143 Joseph,emerunt

323 4162 717 4219 calceamenta
766 4159 877 4215 sibi
924 4159 1093 4231 ipsis,
1124 4165 1181 4214 et
1232 4159 1509 4215 uxoribus
1556 4160 1700 4229 suis,
1734 4163 1791 4215 et
1836 4159 1975 4215 filiis

325 4250 473 4318 suis,
525 4249 785 4306 dicentes
817 4265 831 4305 :
869 4269 898 4300 «
923 4247 1211 4312 Quoniam
1262 4251 1512 4320 pretium
1546 4247 1850 4320 sanguinis
1889 4250 1978 4303 est

326 4339 528 4395 fratris
558 4337 742 4394 nostri
777 4337 906 4407 hoc,
940 4353 1013 4391 ne
1044 4336 1423 4392 comedamus
1454 4337 1675 4408 ipsum,
1706 4337 1809 4392 sed
1839 4352 1978 4391 con-

336 4426 659 4484 culcatione
688 4424 1098 4481 conculcemus
1129 4424 1347 4497 ipsum,
1380 4440 1481 4496 pro
1511 4441 1577 4481 eo
1608 4425 1761 4496 quod
1812 4424 1978 4495 dixit,

331 4532 398 4575 se
428 4520 808 4589 regnaturum
840 4530 1016 4585 super
1045 4530 1150 4569 nos
1175 4528 1190 4582 ;
1220 4518 1276 4569 et
1320 4514 1624 4570 videamus
1654 4512 1791 4585 quid
1846 4528 1983 4584 por-

2082 1050 2208 1107 οόδὲ
2258 1057 2680 1129 μιμινήσκομαι,
2727 1054 2810 1112 ὅτι
2860 1056 3198 1133 παρανομίαν
3258 1057 3502 1130 ἐποίησα,
3567 1058 3691 1129 πλὴν

2078 1142 2178 1211 τὴν
2212 1139 2457 1217 ἄγνοιαν,
2487 1141 2553 1213 ἤν
2586 1143 2815 1216 ἐποίησα
2845 1144 2935 1201 ἐπὶ
2960 1147 3183 1225 Ἰωσὴφ,
3209 1144 3290 1201 ὅτι
3324 1144 3694 1221 ἐσκέπασα’(39)

2081 1228 2169 1285 ἐπὶ
2223 1237 2341 1294 τοῖς
2400 1230 2658 1312 ἀδελφοῖς
2717 1255 2843 1307 μου,
2906 1235 2982 1308 μὴ
3044 1234 3212 1291 εἰπεῖν
3269 1239 3350 1307 τῷ
3400 1235 3554 1310 πατρί
3609 1257 3692 1307 μου

2077 1318 2140 1373 τὸ
2177 1320 2488 1395 γενόμενον.
2525 1321 2622 1376 Καὶ
2656 1320 2871 1378 ἔκλαιον
2902 1321 3089 1379 πολλὰ
3130 1322 3183 1379 ἐν
3241 1327 3442 1401 κρυφῇ·
3496 1319 3694 1402 ἐφνϐού-

2082 1428 2189 1480 μην
2220 1409 2320 1484 γάρ
2340 1408 2466 1471 τοὺς
2494 1412 2609 1483 (40)
2638 1408 2907 1490 ἀδελφούς
2955 1432 3082 1485 μου,
3134 1410 3217 1467 δτι
3266 1410 3533 1467 ωτὲθεντο
3586 1414 3693 1467 πάν-

2075 1515 2164 1558 τες
2195 1496 2357 1569 ὁμοῦ,
2390 1496 2521 1553 εἷίτις
2553 1497 2731 1573 ἐξείπῃ
2784 1501 2847 1555 τὸ
2882 1501 3205 1577 μυστήριον,
3239 1501 3569 1574 ἀναιρεθῆναι
3615 1501 3690 1555 αὖ·

2075 1584 2166 1639 τὸν
2203 1585 2466 1662 μαχαίρᾳ.
2502 1586 2654 1656 Πλὴν
2688 1586 2764 1660 δὲ,
2824 1589 2914 1644 ’ὀτε
2943 1583 3235 1645 ἐϐούλνντο
3281 1587 3507 1659 ἀνελεῖν,
3537 1590 3691 1662 αὑτὸν,

2075 1670 2263 1729 πολλὰ
2293 1671 2739 1752 διεμαρτυράμην
2797 1677 2980 1740 αὐτοῖς
3030 1679 3167 1752 μετὰ
3195 1676 3464 1753 δακρύων,
3495 1684 3582 1735 τοῦ
3630 1681 3692 1755 μὴ

2074 1763 2299 1833 ποιῆσαι
2326 1764 2427 1833 τὴν
2460 1763 2690 1839 ἀνομίαν
2721 1766 2947 1839 ταύτην.

2144 1852 2199 1905 B'
2228 1874 2259 1905 ι(
2290 1850 2494 1909 Ἦλθον
2527 1853 2630 1930 γὰρ
2664 1857 2890 1929 Συμεὼν
2923 1855 3013 1911 καὶ
3066 1853 3173 1912 Γὰδ
3227 1855 3319 1912 ἐπὶ
3361 1858 3450 1913 τὸν
3499 1858 3690 1936 Ἰωσὴφ,

2074 1941 2173 1994 τοῦ
2202 1938 2413 1997 ἀνελεῖν
2446 1941 2630 1999 αὐτόν’
2659 1942 2751 1999 καὶ
2790 1946 2966 2000 πεσὼν
3010 1942 3100 2001 ἐπῖ
3145 1945 3440 2020 πρόσωπον
3496 1947 3688 2026 Ἰωσήφ,

2076 2025 2257 2105 ἔλεγεν
2289 2027 2493 2092 αὐτοῖς’
2528 2052 2557 2081 ‹‹
2586 2028 2878 2103 Ἐλεήσατὲ
2912 2054 2998 2106 με,
3033 2029 3260 2111 ἀδελφοί
3293 2056 3420 2108 μου,
3451 2034 3691 2109 οἶκτοιρήο

2076 2135 2202 2171 σατε
2230 2114 2522 2193 σπλάγχνα
2553 2115 2747 2176 Ἰακὼϐ
2775 2125 2873 2175 τοῦ
2902 2122 3103 2198 πατρὸς
3149 2123 3331 2195 ἡμῶν.
3382 2125 3468 2194 Μὴ
3516 2124 3686 2199 ἐπαγά-

2075 2224 2210 2279 γητε
2256 2204 2336 2260 ἐπ’
2385 2205 2482 2280 ἐμὲ
2527 2206 2624 2271 τὰς
2676 2213 2866 2285 χεῖρας
2922 2210 3095 2283 ὑμῶν,
3158 2216 3256 2267 τοῦ
3327 2212 3509 2289 ἐκχέαι
3580 2216 3690 2287 αἷμα

2074 2291 2276 2363 ἀθῶον,
2309 2292 2391 2348 ὅτι
2424 2294 2532 2371 οὐχ
2560 2295 2807 2371 ἥμαρτον
2842 2297 2920 2361 εἷς
2953 2298 3114 2372 ὑμᾶς.
3151 2300 3229 2356 Ἐἰ
3262 2299 3324 2356 δὲ
3378 2303 3622 2379 ῧμαρτον,
3648 2302 3687 2359 ἐν

2072 2379 2290 2453 παιδείᾳ
2314 2380 2634 2440 παιδεύσατέ
2667 2406 2753 2459 με·
2785 2387 2884 2456 τὴν
2941 2384 2997 2443 δὲ
3026 2393 3187 2467 χεῖρα
3217 2388 3375 2463 ὐμῶν
3411 2394 3484 2464 μὴ
3510 2391 3690 2467 ἐπενέγ-

2073 2490 2201 2525 κατε
2230 2467 2318 2525 διὰ
2348 2468 2541 2527 Ἰακὼϐ
2595 2474 2686 2529 τὸν
2719 2476 2922 2551 πατὲρα
2953 2478 3133 2549 ἡμῶν.
3171 2502 3199 2529 ››
3229 2484 3319 2542 Ὡς
3353 2478 3411 2535 δὲ
3458 2478 3595 2556 ἔλεγε
3634 2479 3688 2536 τὰ

2075 2557 2294 2635 ῥήματα
2343 2558 2529 2632 ταῦτα,
2578 2562 2653 2626 εἷς
2714 2563 2892 2619 οἶκτον
2942 2564 3114 2635 ἦλθον
3165 2567 3294 2643 ἐγὼ,
3349 2570 3437 2623 καὶ
3472 2570 3685 2645 ἠρξάμην

2073 2645 2304 2714 κλαίειν,
2353 2649 2442 2703 καὶ
2481 2650 2547 2705 τὰ
2592 2649 2774 2720 ἤπατά
2820 2674 2924 2726 μου
2973 2652 3297 2727 ἐξελύθησαν
3345 2656 3428 2712 ἐπ’
3457 2656 3565 2730 ἐμὲ,
3614 2656 3688 2713 καὶ

2073 2740 2216 2790 πᾶσα
2243 2737 2279 2806 ἡ
2314 2733 2602 2801 ὑπόστασις
2642 2745 2749 2795 τῶν
2794 2741 3128 2819 σπλάγχνων
3175 2743 3473 2821 ἐχαυνοῦτο
3505 2744 3583 2800 ἐπὶ
3608 2748 3688 2815 τήν

2074 2825 2286 2911 ψυχήν.
2320 2847 2445 2911 μου.
2499 2826 2724 2883 Ἔκλαιε
2754 2828 2811 2884 δὲ
2866 2851 2955 2885 και
2996 2832 3214 2908 Ἰωσήρ,
3245 2834 3401 2911 κάγὼ
3434 2833 3522 2889 σὺν
3551 2834 3692 2906 αὐτῷ,

2072 2911 2163 2967 καὶ
2196 2908 2417 2986 ἐδόμϐει
2448 2916 2481 2985 ἡ
2514 2914 2707 2992 καρδία
2741 2939 2866 2991 μου,
2898 2918 2988 2973 καὶ
3021 2921 3075 2974 οἱ
3116 2921 3284 2997 άρμοὶ
3331 2908 3429 2978 τοῦ
3471 2923 3690 2995 σώματός

2080 3018 2183 3072 μου
2233 2999 2535 3075 ἐξέστησαν,
2579 3003 2669 3058 καὶ
2721 3004 2818 3060 οὐκ
2869 3003 3154 3082 ἠδυνάμην
3201 3012 3415 3079 στῆναι.
3460 3010 3551 3066 Καὶ
3582 3008 3688 3066 ἰδών

2080 3106 2147 3174 με
2203 3087 2565 3164 συγκλαίοντα
2611 3092 2778 3165 αὐτῷ,
2825 3094 3103 3159 κακείνους
3149 3095 3550 3174 ἐπερχομένους
3602 3100 3693 3154 ἄνευ

2078 3172 2191 3232 λεῖν
2232 3177 2413 3248 αὐτὸν,
2463 3181 2756 3258 κατέφυγεν
2807 3182 2979 3239 ὀπίσω
3033 3206 3158 3259 μου,
3219 3172 3479 3261 δεόμενος
3528 3188 3693 3245 αὐτῶν.

2000 3244 2044 3313 C
2079 3266 2334 3330 Ἀναστὰς
2381 3244 2438 3323 δὲ
2483 3244 2736 3344 Ἀουιϐἠιμ
2782 3270 2946 3327 εἶπεν·
2996 3244 3338 3354 «ιἈδΙελφοὶ,
3376 3244 3695 3351 μήνάποκτεί-

2078 3374 2259 3429 νωμεν
2319 3355 2496 3430 αὐτον,
2547 3356 2692 3414 ἀλλᾶ
2742 3359 2986 3436 ῥίψωμεν
3017 3362 3173 3419 αὐτὸν
3220 3365 3298 3427 εἷς
3329 3363 3421 3421 ἕνα
3449 3371 3551 3423 τῶν
3582 3364 3692 3421 λάκ-

2076 3463 2188 3499 κων
2220 3448 2327 3499 τῶν
2360 3446 2539 3521 ξηρῶν
2582 3446 2810 3522 τούτων,
2862 3451 2934 3505 ὧν
2966 3449 3169 3526 ὤρυξαν
3204 3454 3255 3509 οἱ
3286 3454 3511 3531 πατέρες
3535 3459 3693 3528 ἡμῶν,

2077 3533 2168 3620 καὶ
2210 3533 2493 3620 ούχεύρον
2527 3533 2694 3612 ὕδωρ.
2731 3562 2758 3589 ‹‹
2791 3538 2888 3593 Διὰ
2918 3539 3022 3616 γὰρ
3050 3545 3211 3597 τοῦτο
3243 3542 3485 3600 ἐκώλυσε
3524 3545 3692 3620 Κύριος

2077 3618 2224 3698 ὕδωρ
2274 3618 2531 3693 ἀναϐῆναι
2585 3624 2637 3680 ἐν
2706 3625 2910 3700 αὐτοῖς,
2968 3628 3058 3684 ’ίνα
3100 3631 3321 3706 γένηται
3375 3618 3690 3710 περιποίησις

2074 3712 2155 3785 τῷ
2184 3713 2404 3790 Ἰωσήφ.
2438 3714 2541 3769 Καὶ
2580 3713 2803 3786 ἐποίησε
2834 3718 3032 3792 Κύριος
3061 3719 3256 3790 οὸτως,
3300 3719 3409 3785 ἓως
3452 3721 3511 3778 οὗ
3557 3722 3688 3778 αὐτὸν

2076 3804 2194 3863 τοῖς
2228 3800 2600 3874 Ἰσμαηλίταις
2634 3803 2948 3875 ἐπώλησαν.

2150 3890 2221 3944 Γ’.
2253 3913 2282 3941 ί(
2318 3890 2415 3944 Καὶ
2470 3890 2570 3967 γὰρ
2618 3898 2718 3961 τῆς
2764 3900 2933 3966 τιμῆς
2968 3897 3080 3969 (41)
3105 3901 3202 3951 τοῦ
3233 3899 3437 3978 Ἰωσῆφ
3470 3900 3567 3977 ἐγὼ
3612 3898 3693 3953 οὐκ

2081 3975 2431 4048 ἐκοινώνησα,
2488 3979 2663 4051 τέκνα,
2713 3979 2861 4037 ἀλλᾶ
2910 3986 3157 4059 Ευμεὼν,
3219 3988 3309 4042 καὶ
3358 3975 3617 4061 Γᾶδςκαὶ
3652 3988 3695 4043 οἱ

2080 4063 2307 4144 ἀδελφοὶ
2335 4063 2389 4137 ἓξ
2418 4068 2532 4141 (43)
2562 4065 2727 4124 ἄλλοι
2757 4071 2918 4144 ἡμῶν
2962 4068 3221 4137 λαϐόντες
3258 4077 3359 4145 τήν
3406 4080 3567 4150 τιμὴν
3616 4079 3692 4131 τοῦ

2084 4154 2307 4234 Ἰωσὴφ,
2383 4154 2704 4228 ἐπριάσαντο
2769 4156 3094 4233 ὑποδήματα
3163 4164 3397 4238 ἑαυτοῖς,
3465 4166 3550 4221 καὶ
3596 4169 3692 4227 ταῖς

2081 4243 2339 4320 γυναιξὶν,
2393 4243 2590 4317 αὐτῶν,
2648 4247 2738 4301 καὶ
2784 4253 2902 4311 τοῖς
2954 4248 3166 4314 τέκνοις
3218 4252 3419 4327 αὐτων,
3451 4254 3692 4314 εἰπόντες·

2091 4355 2114 4384 ι
2146 4334 2264 4387 Ὅτι
2296 4334 2431 4421 τιμὴ
2464 4332 2693 4407 α’ίματός
2725 4334 2865 4391 ἐστιν
2893 4335 3132 4417 ἀδελφοῦ
3162 4338 3322 4416 ily.th
3353 4340 3513 4416 αὕτη,
3536 4343 3592 4399 οὐ
3618 4362 3696 4421 91-

2086 4421 2313 4496 γώμεθα
2357 4420 2550 4491 αὐτὴν,
2624 4421 2769 4479 ἀλλὰ
2840 4430 3207 4499 καταπατήσει
3260 4420 3694 4503 καταπατῆσωμεν

2091 4507 2278 4597 αύτήν,
2329 4510 2440 4597 ἀνθ’
2496 4508 2570 4565 ὧν
2622 4511 2738 4566 εἶπε
2780 4512 3083 4589 βασιλεύειν
3115 4520 3233 4592 (44[
3261 4518 3343 4597 ἐφ’
3398 4521 3575 4594 ἡμὰς·
3622 4517 3695 4574 καὶ

336 4607 584 4663 tendant
612 4604 841 4661 somnia
889 4603 1038 4673 ejus.
1077 4624 1104 4651 »
1136 4605 1375 4674 Propter
1424 4602 1533 4658 hoc
1561 4602 1621 4657 in
1672 4601 1972 4674 scripturis

2086 4594 2313 4685 ’ίδωμεν,
2345 4596 2397 4652 τί
2425 4597 2533 4654 ἐστι
2562 4600 2630 4654 τὰ
2660 4598 2881 4656 ἐνύπνια
2911 4602 3095 4669 αὐτοῦ,
3120 4629 3148 4658 ι)
3172 4609 3267 4662 Διὰ
3292 4594 3454 4664 τοῦτο
3476 4609 3525 4663 ἐν
3543 4610 3695 4685 γραφῇ

338 4694 488 4767 legis
532 4693 727 4750 Enoch
779 4691 1065 4763 scriptum
1116 4695 1225 4757 est,
1274 4707 1389 4746 non
1437 4690 1650 4747 volenti
1696 4690 1982 4746 suscitare

434 4836 525 4907 37)
558 4832 672 4907 Υἱοὶ
702 4826 1027 4907 Ζαϐουλῴντ
1047 4830 1234 4907 ᾼόγων
1279 4832 1413 4907 add.
1444 4832 1624 4907 (ξω.

434 4838 525 4907 37)
558 4838 672 4887 Υἱοὶ
702 4838 1013 4887 Ζαϐουλὼν.
1047 4838 1234 4905 Λόγων
1279 4838 1413 4887 add.
1444 4838 1624 4889 GRAB.

409 4838 526 4980 E38)
557 4904 714 4980 Λύσις
769 4903 968 4980 ἀγαθή.
1002 4903 1223 4958 Alludit
1253 4904 1323 4980 ad
1370 4904 1541 4959 verba
1588 4904 1793 4980 matris
1827 4902 1983 4980 Liaa,

340 4975 468 5051 quae
499 4975 1078 5051 protulisse'dicitur,
1111 4975 1345 5051 quando
1366 4990 1498 5051 eum
1522 4975 1691 5051 enixa
1720 4979 1861 5046 erat,
1875 4978 1983 5051 ρετ

340 5047 466 5108 fies.
500 5047 635 5116 Sixx,
684 5048 755 5101 20
795 5064 807 5102 :
843 5048 1049 5101 Bonam
1096 5049 1402 5117 portionem
1448 5047 1678 5117 largitus
1721 5055 1799 5101 est
1844 5047 1986 5101 mihi

337 5122 479 5178 Deus
507 5139 526 5176 :
558 5129 725 5177 etiam
752 5119 853 5173 hac
880 5120 992 5173 vice
1020 5118 1288 5172 habitabit
1316 5118 1545 5172 maritus
1572 5133 1723 5173 meus
1751 5132 1981 5186 mecum,

339 5210 399 5250 eo
432 5193 577 5266 quod
604 5191 904 5266 Agenyerim
941 5190 1116 5266 ei_sex
1141 5189 1283 5266 ﬁlios
1314 5204 1327 5266 :_
1369 5192 1420 5243 et
1451 5188 1654 5266 idcirco
1684 5188 1984 5266 appellapit

336 5259 534 5321 ηοτὶιεη
563 5259 679 5336 ejus
706 5259 1229 5317 Zabulon.C.onsule
1252 5261 1595 5331 interpretes
1624 5260 1686 5315 in
1715 5259 1873 5316 hunc
1902 5259 1983 5316 lo-

339 5352 500 5393 cum.
536 5341 615 5390 In.

430 5407 521 5480 39)
565 5399 882 5480 Ἐσκέπασα.
915 5393 1266 5480 Ἐϐεϐᾳίωσα
1295 5401 1375 5457 ID.

432 5465 520 5547 40)
554 5475 673 5549 Καὶ-
701 5471 916 5549 ἔκλαιον
966 5469 1153 5549 πολλᾲ
1183 5471 1276 5549 ,ἐν’
1299 5474 1495 5549 κρυφῇ·
1532 5465 1847 5549 ἐφοϐούμην
1870 5473 1981 5549 ,γὰρ

334 5542 486 5618 τούς,
501 5542 674 5619 ⁷Ἂλλ³
713 5542 929 5619 ἔκλαιον
962 5547 1141 5619 κρυφῇ
1173 5542 1380 5616 ἡμέρας
1414 5542 1641 5607 ’πολλὰς
1692 5542 1815 5617 περὶ
1865 5542 1981 5598 ’Ῑω“.

504 5609 1126 5693 κσέῂέφοϐούμην-τὸύέξ
1141 5609 1225 5669 lli;

411 5681 525 5764 (41)
553 5681 991 5757 Τῆς’τιμῆξ.“Τὸ
1016 5681 1256 5758 τίμημα.
1291 5688 1375 5743 ID.

2087 4684 2258 4760 νόμου
2296 4687 2477 4763 Ἑνὼχ
2523 4689 2824 4764 γέγραπται
2864 4693 2999 4766 (45),
3038 4692 3128 4749 τὸν
3162 4696 3240 4768 μὴ
3262 4695 3487 4753 θέλοντα
3513 4684 3698 4772 σπέρμα

2163 4830 2291 4913 (42)-
2310 4829 2740 4889 Communicavi.
2772 4832 2837 4889 Id
2867 4840 2956 4891 est
2986 4836 3209 4895 nullam
3239 4845 3463 4912 partem
3484 4841 3601 4913 ejus
3624 4853 3695 4893 ac-

2092 4901 2238 4959 cepi.
2258 4901 2354 4957 'Io.

2308 4969 2563 5053 ᾎδελφοὶ
2824 4972 3068 5053 ᾀδελεροί.
3104 4982 3183 5034 In.

2306 5042 2797 5121 ΒοιωλὲύεινζξΌτί
2827 5042 3154 5121 βασιλεύσει.
3187 5056 3270 5106 In.

2343 5116 2428 5198 Ἑν
2477 5119 2686 5198 ¹γραφῇ
2741 5115 2912 5198 νόμου
2972 5119 3149 5198 Ἑνὼχ
3202 5120 3535 5198 γέγραπταιη
3564 5124 3695 5179 Idem

2091 5187 2306 5271 legitur
2351 5187 2954 5271 Deute'ronomii‘xxv,
2983 5192 3019 5245 7
3049 5187 3183 5271 seq:
3217 5187 3308 5271 ’δός
3337 5196 3569 5265 proinde
3613 5209 3695 5247 no-

2092 5211 2306 5260 wguur
2351 5211 2779 5245 ueuwronomu
2825 5211 2954 5256 xxv,
2994 5211 3012 5245 ι
3049 5211 3110 5248 se
3160 5236 3171 5248 .
3223 5211 3288 5249 ac
3337 5211 3569 5265 promas
3613 5211 3695 5247 no-

2090 5260 2271 5338 t_anda
2298 5259 2701 5338 convenientia
2728 5260 2880 5338 inter
2907 5261 3095 5338 legem
3115 5211 3359 5338 ίλαογειίει,
3374 5271 3432 5321 et
3452 5278 3695 5338 eamque

2089 5330 2324 5412 ΕπιοοὶΞο
2355 5333 2575 5412 auctori
2612 5332 2882 5412 ascripta
2910 5330 3024 5412 est1
3048 5330 3510 5412 Caeterumquod
3558 5330 3694 5391 Cﬁri-

2089 5401 2321 5476 stu_s_de
2350 5401 2802 5476 circumcisione
2820 5403 2966 5476 dixit
2991 5405 3160 5463 Joan.
3195 5424 3296 5474 vn,
3337 5401 3426 5476 22,
3456 5424 3575 5463 eam
3603 5420 3696 5460 non

2087 5490 2156 5529 ex
2186 5472 2405 5541 Moyse,
2441 5474 2543 5551 sed
2591 5490 2679 5551 eg
2706 5475 2973 5551 patribus
3023 5493 3173 5551 esse,
3222 5472 3291 5533 id
3328 5472 3422 5534 de’
3449 5481 3695 5551 praecepto

2090 5559 2324 5626 quoque
2356 5544 2683 5626 sqscitandi
2710 5544 2877 5601 fratri
2903 5544 3166 5626 seminis
3189 5566 3386 5605 verum
3418 5544 3541 5606 esse
3565 5544 3697 5626 colli-

2089 5614 2251 5698 ἐὲιιξτ
2278 5630 2348 5698 εδδ
2395 5614 2604 5698 9.6m-
2635 5633 2872 5698 κξινῑιιρ
2900 5617 3272 5698 φλεάορςιιιθ
3316 5636 3414 5677 nec
3459 5619 3694 5698 verae.“

2090 5684 2363 5748 absimile
2389 5685 2570 5745 ritum
2617 5686 2807 5750 calcei
2826 5684 3192 5750 detrahendi
3222 5695 3282 5752 et
3307 5689 3602 5766 eupuendi
3638 5688 3687 5744 in

2260 4974 2277 5188 ἓ
