4014 6226
284 398 426 462 1093

1455 394 2047 458 TESTAMENTUM
2093 393 2461 458 ZABULUN
2476 440 2489 453 .

3522 397 3681 459 1094

285 531 570 597 ἀναστῆσαι
623 530 703 599 τῷ
759 523 980 605 ἀδελφῷ
1035 523 1219 600 αὖτοῦ,
1254 524 1687 596 ὁπολυθήσεσθαι
1720 526 1833 599 (46)
1862 524 1927 580 τὸ

2057 540 2238 582 Iemen
2280 525 2441 582 fratri
2496 541 2624 597 suo,
2686 525 3028 581 solvendum
3089 526 3572 597 calceamentum,
3625 533 3683 587 et

287 616 555 691 ὑπόδημα,
607 615 695 672 καὶ
742 614 1072 690 ὲμπτύεσθαι
1127 614 1204 678 εἷς
1257 616 1321 671 τὸ
1377 613 1687 691 πρόσωπον.
1723 614 1824 671 Καὶ
1872 614 1926 669 el.

287 704 503 785 ἀδελφοὶ
534 705 738 783 Ἰωσὴφ
769 704 869 760 οὐκ
911 703 1186 776 ἠθέλησαν
1238 703 1315 766 εἷς
1349 706 1463 777 (47)
1494 704 1637 774 ζωὴν
1689 700 1926 776 ἀδελφοῦ

287 795 474 851 αὐτῶν·
508 794 597 850 καὶ
630 794 827 869 Κύριος
860 791 1121 849 ὑπέλυσεν
1154 793 1340 855 αὐτοῖς
1383 793 1448 849 τὸ
1497 789 1759 865 ὑπόδημα
1809 792 1926 847 Ἰω-

290 887 389 963 σήφ
418 886 555 957 (43).
590 882 692 941 Καὶ
740 884 840 959 γὰρ
873 881 1119 944 ἐλθόντες
1170 881 1222 937 ἐν
1270 880 1550 958 Αἰγύπτῳ,
1585 879 1924 950 ὑπελύθησαν

291 973 385 1029 ὑπὸ
428 976 538 1028 τῶν
584 969 790 1027 παίδων
842 972 1064 1049 Ἰωσὴφ,
1112 970 1248 1025 κατὰ
1300 970 1392 1025 τὸν
1451 969 1619 1025 τύπον
1675 974 1771 1024 τοῦ
1815 973 1927 1023 Φα-

290 1062 395 1135 ραώ
636 1060 709 1115 Οὐ
772 1059 934 1133 μόνον
997 1057 1055 1114 δὲ
1098 1057 1501 1136 προσεκύνησαν
1557 1058 1725 1131 αύτῷ,
1783 1055 1930 1113 ἀλλὰ

288 1149 370 1206 καὶ
427 1149 841 1220 ἐνεπτύσθησαν,
900 1155 1245 1225 παραχρῆμα
1319 1146 1571 1210 πεσόντες
1630 1145 1931 1221 ἔμπροσθεν

290 1237 463 1294 αὐτοῦ’
510 1237 601 1294 καὶ
640 1236 811 1300 οὕτως
856 1236 1203 1313 ᾐσχύνθησαν
1265 1233 1563 1313 ἔμπροσθεν
1616 1240 1722 1289 τῶν
1770 1234 1929 1311 Αἴγυ-

290 1327 473 1385 πτίων.
510 1328 661 1385 Μετὰ
688 1330 857 1381 ταῦτα
882 1327 984 1403 γὰρ
1043 1323 1280 1395 ἤκουσαν
1321 1326 1375 1381 o't
1418 1325 1706 1402 Αῗγύπτιοι
1757 1325 1932 1380 πάντα

289 1419 351 1473 τὰ
378 1418 516 1473 κακά
544 1416 579 1471 ἃ
608 1416 938 1489 ἐποιήσαμεν
964 1416 1045 1487 τῷ
1077 1416 1299 1493 Ἰωσήφ.

358 1507 431 1562 Δ’.
492 1530 521 1559 ‹‹
580 1504 729 1562 Μετὰ
781 1509 950 1560 ταῦτα
1004 1500 1202 1561 ἔϐαλον
1262 1502 1451 1560 ἐσθίειν
1521 1502 1735 1562 ἐκεῖνοι.
1792 1502 1932 1577 Ἑγὼ

292 1594 389 1672 γὰρ
446 1591 543 1649 δύο
599 1592 811 1668 ἡμέρας
866 1593 955 1648 καὶ
1013 1590 1110 1648 δύο
1176 1592 1370 1656 νύκτας
1446 1591 1546 1648 οὐκ
1601 1591 1930 1667 ἐγευσάμην,

291 1682 796 1759 σπλαγχνιζόμενος
846 1681 934 1737 ἐπὶ
980 1683 1205 1759 Ἰωσήφ.
1255 1682 1362 1739 Καὶ
1421 1679 1622 1744 Ἰούδας
1680 1680 1743 1736 οὐ
1788 1678 1936 1736 συνέ-

290 1793 487 1849 τρωγεν
519 1771 724 1835 αὐτοῖς·
755 1776 1018 1848 προσεῖχε
1049 1769 1108 1826 δὲ
1158 1775 1237 1843 τῷ
1277 1770 1485 1844 λάκκῳ,
1519 1768 1604 1826 ὅτι
1661 1764 1932 1848 ἐφοϐεῖτο,

2033 616 2475 687 conspuendum
2527 613 2587 669 in
2641 613 2869 670 faciem.
2918 616 2987 670 Et
3033 616 3239 672 fratres
3289 617 3508 690 Joseph
3562 635 3679 675 non

2032 702 2342 759 voluerunt
2370 703 2549 758 vitam
2581 703 2777 759 fratris
2805 719 3007 759 eorum
3033 721 3046 760 :
3078 705 3149 760 Et
3198 706 3480 763 Dominus
3511 706 3683 763 solvit

2033 791 2119 848 eis
2167 791 2629 848 calceamentum
2693 792 2910 863 Joseph
2972 798 3106 849 ante
3154 799 3379 866 portam
3438 796 3574 867 (49),
3625 799 3684 853 et

2036 879 2119 936 ita
2190 881 2577 936 adoraverunt
2648 880 2887 953 Joseph.
2946 882 3171 937 Etenim
3250 883 3547 941 venientes
3620 884 3679 939 in

2038 973 2372 1042 Egyptum,
2405 968 2580 1024 soluti
2616 972 2754 1024 sunt
2786 987 2819 1025 a
2848 970 3044 1041 pueris
3083 972 3323 1044 Joseph,
3356 974 3680 1029 secundum

2037 1062 2238 1131 typum
2268 1057 2609 1114 Pharaonis.
2653 1060 2779 1113 Non
2821 1058 3010 1114 solum
3069 1064 3261 1115 autem
3295 1062 3686 1119 adoraverunt

2037 1163 2197 1216 eum,
2230 1147 2331 1202 sed
2362 1146 2537 1202 etiam
2568 1147 2837 1217 consputi
2860 1151 3019 1215 sunt,
3046 1149 3351 1205 confestim
3385 1152 3685 1223 prociden-

2036 1240 2126 1291 tes
2157 1251 2353 1291 coram
2386 1250 2490 1290 eo:
2523 1239 2581 1290 et
2612 1235 2695 1291 sic
2727 1235 2952 1291 confusi
2983 1240 3124 1292 sunt
3148 1254 3341 1293 coram
3376 1241 3681 1313 Egyptiis.

2039 1325 2177 1381 Post
2206 1325 2327 1379 hac
2357 1323 2512 1380 enim
2536 1324 2849 1379 audierunt
2872 1325 3122 1398 Egyptii
3156 1327 3352 1384 omnia
3373 1328 3527 1386 mala
3552 1346 3680 1402 quas

2040 1414 2287 1470 fecimus
2314 1413 2552 1486 Joseph.

2112 1502 2205 1559 IV.
2244 1522 2266 1551 ι
2299 1502 2436 1558 Post
2464 1502 2586 1557 haec
2626 1508 3025 1574 apposuerunt
3070 1503 3156 1559 illi
3184 1505 3434 1579 (fratres)
3463 1506 3688 1578 cibum,

2044 1597 2108 1647 ut
2139 1592 2526 1647 comederent.
2561 1595 2677 1664 Ego
2729 1591 2885 1647 enim
2938 1609 3042 1665 per
3097 1594 3244 1649 duos
3274 1595 3399 1651 dies
3454 1601 3513 1652 et
3541 1597 3689 1654 duas

2044 1684 2243 1737 noctes
2274 1696 2388 1735 non
2415 1680 2645 1753 gustavi
2675 1680 2943 1753 (cibum),
2992 1682 3307 1739 miseratus
3352 1683 3590 1757 Joseph.
3625 1686 3695 1742 Et

2041 1769 2228 1827 Judas
2277 1785 2390 1825 non
2451 1767 2704 1825 comedit
2750 1786 2886 1825 cum
2944 1770 3067 1839 eis;
3114 1772 3455 1829 intendebat
3493 1778 3692 1831 autem

298 1862 369 1935 μή
400 1857 853 1931 ἀποπηδήσαντες
885 1860 1111 1933 Συμεὼν
1151 1859 1243 1914 καὶ
1292 1856 1398 1915 Γὰδ
1444 1858 1703 1915 ἀνέλωσιν
1749 1857 1932 1915 αὐτόν.

2057 1859 2108 1913 in
2139 1856 2358 1926 lacum,
2394 1858 2673 1930 quoniam
2703 1857 2968 1924 timebat,
3001 1876 3073 1915 ne
3106 1861 3428 1918 resilientes
3455 1862 3693 1920 Simeon

294 1949 391 2008 Καὶ
448 1951 681 2026 ὁρῶντες
737 1948 880 2022 κάμὲ
938 1949 1015 2022 μὴ
1076 1947 1334 2017 ἐσθίοντα,
1392 1946 1569 2013 ἔθεντό
1628 1968 1696 2022 με
1749 1952 1935 2024 τηρεῖν

295 2037 474 2109 αὐτὸν,
521 2034 626 2100 ἕως
680 2037 743 2092 οὗ
802 2035 1034 2111 ἐπράθη.
1085 2035 1343 2108 Ἐποίησε
1391 2033 1450 2092 δὲ
1497 2036 1550 2092 ἐν
1605 2040 1685 2108 τῷ
1749 2033 1939 2109 λάκκῳ

292 2131 435 2203 τρεῖς
486 2126 695 2202 ἡμέρας
746 2124 838 2180 καὶ
892 2129 1039 2201 τρεῖς
1093 2125 1311 2193 νύκτας,
1361 2125 1453 2179 καὶ
1500 2124 1675 2187 οὕτως
1732 2123 1937 2199 ἐπράθη

296 2212 498 2277 ἄσιτος.
546 2214 645 2270 Καὶ
704 2213 934 2276 ἀκούσας
989 2209 1241 2283 Ῥουϐὴν,
1301 2212 1385 2268 ὅτι
1442 2212 1645 2289 ἐπράθη
1707 2212 1940 2275 ἀπόντος

297 2303 478 2375 αὐτοῦ,
536 2304 991 2379 περισχισάμενος
1038 2302 1273 2379 ἐθρήνει,
1325 2301 1522 2377 λέγων·
1558 2307 1683 2365 Πῶς
1733 2298 1940 2377 ὄψομαι

294 2393 354 2448 τὸ
410 2392 700 2466 πρόσωπον
762 2386 955 2448 Ἰακὼϐ
1004 2396 1102 2445 τοῦ
1157 2390 1361 2467 πατρός
1422 2410 1561 2464 μου;
1594 2391 1694 2446 Καὶ
1755 2386 1939 2447 λαϐὼν

295 2481 355 2536 τὸ
430 2480 713 2557 ἀργύριον,
787 2477 1090 2554 κατέδραμε
1148 2482 1260 2555 (51)
1324 2485 1440 2542 τοῖς
1507 2480 1793 2557 ἐμπόροις,
1850 2478 1941 2534 καὶ

298 2567 445 2624 οὐδὲν
494 2571 609 2642 (52)
660 2570 828 2645 εὗρεν*
886 2567 1106 2647 ἀφέντες
1152 2568 1253 2645 γὰρ
1307 2570 1408 2638 τήν
1463 2566 1587 2625 ὁδὸν
1641 2571 1739 2638 τὴν
1785 2567 1944 2644 μεγά-

298 2658 418 2731 λην,
451 2657 815 2734 ἐπορεύθησαν
878 2654 967 2712 διὰ
1019 2656 1539 2733 τρωγλοκολπητῶν
1602 2660 1718 2732 (53)
1771 2657 1823 2713 ἐν
1871 2660 1940 2732 τῇ

298 2745 570 2819 συντόμῳ·
601 2746 692 2801 καὶ
750 2744 849 2800 οὐκ
905 2744 1069 2823 ἔφαγε
1122 2740 1370 2819 Ῥουϐἠμ
1424 2747 1538 2821 (54)
1568 2744 1727 2820 ἄρτον
1768 2746 1818 2800 ἐν
1872 2749 1942 2820 τῇ

296 2835 478 2912 ἡμέρᾳ
534 2834 726 2909 ἐκείνῃ.
784 2833 1109 2912 Προσελθὼν
1178 2833 1270 2889 οὖν
1329 2835 1357 2890 ὁ
1413 2836 1515 2890 Δάν
1573 2834 1715 2890 εἶπεν
1773 2834 1938 2909 αὐτῷ’

300 2950 331 2980 ι(
362 2925 452 2994 Μή
482 2922 659 2991 κλαῖε,
695 2921 836 2998 μηδὲ
891 2923 1091 2978 πένθει’
1126 2923 1277 2999 εὗρον
1334 2924 1435 3001 γὰρ
1491 2923 1544 2978 τί
1574 2920 1810 2998 εἷ’πωμεν
1865 2928 1946 2997 τῷ

300 3012 463 3087 πατρὶ
522 3015 684 3086 ἡμῶν
741 3007 953 3069 Ἰακώϐ.
987 3010 1227 3087 Θύσομεν
1445 3010 1720 3089 χίμαρῥον
1753 3012 1945 3089 αἰγῶν,

302 3103 393 3157 καὶ
452 3096 771 3176 ἐμϐάψομεν
832 3102 924 3156 τὸν
981 3105 1194 3178 χιτῶνα
1254 3101 1478 3179 Ἰωσὴφ,
1529 3101 1621 3156 καὶ
1700 3100 1947 3177 ἐροῦμεν

2048 1952 2105 2004 et
2130 1946 2253 2003 Gad
2276 1946 2666 2002 interficerent
2685 1962 2839 2002 eum.
2863 1947 2933 2003 Et
2961 1948 3221 2005 videntes
3246 1965 3340 2005 me
3361 1966 3476 2007 non
3499 1968 3694 2009 come-

2049 2036 2303 2101 dentem,
2336 2040 2659 2107 posuerunt
2688 2051 2782 2091 me
2811 2037 3106 2092 custodire
3135 2037 3353 2107 ipsum,
3381 2056 3691 2111 quousque

2047 2124 2319 2179 venditus
2349 2128 2455 2180 est.
2490 2124 2620 2179 Fuit
2666 2129 2861 2181 autem
2908 2126 2967 2180 in
2999 2125 3129 2181 lacu
3162 2133 3276 2184 tres
3332 2128 3457 2184 dies
3487 2134 3545 2185 et
3570 2134 3689 2187 tres

2051 2217 2271 2283 noctes,
2305 2217 2362 2267 et
2407 2211 2488 2267 ita
2530 2213 2804 2268 venditus
2860 2220 2947 2269 est
2976 2214 3289 2286 impastus.
3351 2218 3412 2272 Et
3444 2219 3690 2275 audiens

2051 2302 2275 2365 Ruben.
2310 2303 2465 2373 quod
2507 2301 2777 2357 venditus
2827 2314 2981 2359 esset
3027 2305 3268 2360 absente
3317 2322 3404 2373 eo,
3438 2306 3689 2363 circum-

2050 2392 2271 2446 scissus
2303 2389 2587 2461 plorabat,
2620 2390 2856 2446 dicens:
2900 2392 3198 2455 Quomodo
3249 2395 3454 2450 videbo
3487 2396 3693 2451 faciem

2048 2480 2229 2535 Jacob
2262 2479 2445 2550 patris
2469 2478 2629 2534 mei?
2660 2480 2729 2534 Et
2778 2480 3067 2552 accipiens
3096 2489 3405 2554 argentum
3437 2486 3698 2540 cucurrit

2051 2570 2123 2624 ad
2156 2572 2530 2635 mercatores,
2585 2572 2643 2624 et
2696 2568 2985 2625 neminem
3044 2570 3298 2629 invenit:
3331 2573 3694 2630 dimittentes

2051 2657 2209 2714 enim
2239 2657 2394 2713 viam
2449 2672 2744 2729 magnam,
2805 2658 3253 2716 ambulaverunt
3300 2678 3404 2733 per
3455 2679 3694 2735 asperos

2052 2745 2222 2802 sinus
2251 2744 2309 2800 in
2340 2744 2433 2801 via
2460 2746 2928 2818 compendiaria:
2962 2752 3018 2804 et
3047 2766 3161 2804 non
3206 2750 3458 2807 comedit
3487 2751 3693 2807 Ruben

2055 2849 2266 2907 panem
2299 2834 2359 2889 in
2391 2834 2484 2890 die
2531 2834 2649 2890 illa.
2701 2836 2988 2892 Accedens
3046 2838 3227 2910 igitur
3256 2843 3376 2895 Dan
3425 2839 3570 2895 dixit
3600 2840 3695 2898 ei:

2063 2945 2084 2974 ι
2119 2924 2200 2979 Νε
2231 2924 2391 2993 fleas,
2424 2940 2611 2995 neque
2643 2923 2891 2981 trieteris
2917 2950 2931 2992 ;
2956 2924 3146 2982 inveni
3179 2927 3335 2983 enim
3370 2929 3511 3001 quid
3543 2929 3702 2985 dica-

2058 3029 2193 3068 mus
2223 3012 2371 3084 patri
2407 3016 2600 3068 nostro
2629 3013 2829 3069 Jacob.
2863 3013 3209 3072 Occidemus
3241 3016 3471 3073 hircum
3503 3034 3706 3091 capro-

2058 3117 2211 3172 rum,
2245 3104 2303 3157 et
2358 3101 2655 3174 tingemus
2711 3102 2969 3158 tunicam
3000 3103 3237 3176 Joseph,
3297 3109 3354 3162 et
3396 3106 3700 3165 dicemus:

302 3190 619 3268 Ἐπίγνωθι,
651 3189 697 3245 εἷ
729 3191 898 3267 χιτὼν
941 3194 1038 3245 τοῦ
1096 3190 1217 3245 υἱοῦ
1264 3187 1360 3245 σού
1391 3190 1529 3245 ἐστιν
1562 3190 1719 3253 οὗτος
1751 3192 1884 3265 (56)·
1915 3211 1942 3244 ι

2058 3189 2374 3262 Cognosce,
2408 3188 2455 3244 si
2489 3189 2689 3245 tunica
2719 3190 2820 3245 ﬁlii
2854 3192 2941 3246 tui
2972 3192 3049 3247 sit
3077 3193 3225 3262 ista;
3261 3216 3284 3246 ι
3318 3196 3517 3251 tunica
3546 3196 3702 3252 enim

302 3281 393 3335 τὸν
442 3258 555 3356 ’γὰρ
606 3258 821 3356 ἠχιτῶνα
865 3284 963 3335 τοῦ
1008 3278 1212 3356 πατρὸς
1243 3280 1405 3353 ἡμῶν
1434 3274 1678 3352 ἐξέδυσαν
1706 3258 1798 3335 τόν
1832 3258 1942 3335 ’,Ιω-

2062 3258 2245 3351 patris
2272 3277 2455 3334 nostri
2484 3279 3017 3352 exueruntJoseph,
3035 3298 3168 3337 cum
3192 3258 3484 3340 vendituri
3506 3289 3705 3341 essent

303 3370 414 3447 σήφ
454 3367 507 3423 ἐν
552 3371 631 3441 τῷ
693 3366 914 3442 μέλλειν
969 3365 1290 3441 πιπράσκειν
1346 3367 1527 3436 αὐτὸν,
1559 3367 1649 3423 καὶ
1704 3365 1949 3423 ἐνέδυσαν

300 3456 461 3513 αὐτὸν
494 3456 713 3531 ἱμάτιον
744 3455 975 3512 παλαιὸν
1035 3454 1262 3513 δούλου.
1294 3457 1393 3511 Τὸν
1453 3453 1511 3512 δὶ
1565 3462 1779 3533 χιτῶνα
1836 3457 1953 3534 εἶχε

302 3547 558 3621 Συμεὼν,
589 3545 679 3602 καὶ
711 3545 810 3601 οὐκ
839 3543 1007 3615 ἤθελε
1047 3542 1232 3601 δοῦναι
1276 3545 1458 3618 αὐτὸν,
1487 3545 1660 3603 θέλων
1699 3550 1768 3621 τῇ
1820 3545 1955 3623 ῥομο

301 3635 434 3716 φαίᾳ
463 3634 628 3691 αὐτοῦ
655 3634 958 3709 κατακόψαι
1009 3634 1190 3703 αὐτὸν,
1222 3633 1598 3711 ὀργιζόμενος,
1631 3634 1713 3690 ὅτι
1769 3631 1949 3705 ἔζησε,

299 3724 391 3780 καὶ
451 3723 550 3780 οὐκ
604 3723 813 3780 ἀνεῖλεν
874 3722 1055 3781 αὐτόν.
1118 3722 1465 3787 Ἀναστάντες
1523 3722 1581 3779 δὲ
1633 3725 1751 3779 κατ’
1787 3724 1953 3779 αὐτοῦ

300 3814 497 3876 πάντες
544 3814 705 3887 ὁμοῦ,
738 3809 984 3887 εἷ’πομενο
1019 3837 1048 3865 ‹‹
1080 3813 1199 3868 Ὅτι
1257 3810 1345 3868 ἐὰν
1408 3814 1484 3886 μή
1542 3810 1673 3885 δῷς,
1700 3812 1951 3889 ἐροῦμεν,

303 3901 390 3958 ὅτι
419 3901 482 3957 σὺ
534 3902 692 3976 μόνος
741 3901 997 3971 ἐποίησας
1037 3902 1099 3957 τὸ
1148 3902 1391 3977 πονηρὸν
1420 3900 1472 3956 ἐν
1506 3900 1723 3978 Ἰσραήλ
1755 3904 1890 3976 (57).
1927 3926 1949 3954 ι

303 3991 410 4050 Καὶ
440 3989 613 4054 οὕτως
672 3988 889 4047 δίδωσιν
920 3990 1100 4064 αὐτὸν,
1132 3991 1223 4047 καὶ
1271 3989 1555 4063 ἐποίησαν,
1581 3992 1760 4054 καθὼς
1810 3990 1952 4047 εἶπεν

306 4080 336 4135 ὁ
369 4079 492 4137 Δάν.

377 4170 454 4227 E'.
494 4193 517 4220 ι
552 4169 655 4226 Καὶ
713 4172 827 4242 νῦν,
883 4168 1044 4224 τέκνα
1111 4189 1236 4242 μου,
1295 4166 1623 4245 ἀναγγέλλω
1677 4168 1803 4242 ὑμῖν
1858 4172 1957 4224 τοῦ

304 4256 596 4336 φυλάσσειν
642 4257 739 4319 τὰς
786 4256 1005 4320 ἐντολὰς
1050 4257 1271 4334 Κυρίου,
1300 4257 1391 4313 καὶ
1445 4262 1622 4313 ποιεῖν
1664 4254 1816 4320 ἕλεος
1868 4256 1957 4313 ἐπὶ

300 4347 396 4403 τὸν
456 4345 717 4418 πλησίον,
748 4346 838 4401 καὶ
898 4345 1297 4423 εὐσπλαγχνίαν
1352 4344 1499 4422 ἔχειν
1555 4346 1693 4421 πρὸς
1732 4344 1958 4414 πάντας,

2059 3383 2215 3436 eum,
2249 3371 2306 3422 et
2334 3366 2654 3423 induerunt
2689 3384 2823 3424 eum
2870 3371 3284 3428 vestimentum
3332 3376 3496 3429 vetus
3527 3374 3700 3430 servi.

2059 3455 2343 3511 Tunicam
2364 3471 2496 3512 vero
2527 3456 2735 3512 habuit
2762 3457 3016 3526 Simeon,
3065 3466 3122 3516 et
3152 3459 3339 3516 noluit
3383 3462 3521 3518 dare
3549 3479 3703 3531 eam,

2058 3544 2259 3600 volens
2302 3543 2496 3617 gladio
2554 3562 2660 3602 suo
2719 3546 3048 3605 discindere
3101 3565 3252 3617 eam,
3312 3549 3496 3608 iratus
3544 3553 3700 3623 quod

2063 3634 2292 3703 viveret,
2323 3637 2380 3689 et
2413 3650 2525 3690 non
2556 3635 2866 3691 occidisset
2894 3652 3049 3692 eum.
3082 3638 3475 3710 Exsurgentes
3505 3644 3703 3696 autem

2060 3721 2339 3777 adversus
2368 3738 2503 3777 eum
2531 3738 2733 3779 omnes
2756 3724 2933 3779 simul
2957 3724 3212 3781 diximus
3239 3744 3251 3782 :
3278 3750 3305 3777 ‹‹
3330 3729 3491 3793 Quod
3516 3728 3567 3783 si
3589 3743 3707 3785 non

2062 3811 2185 3877 des,
2217 3809 2488 3878 dicimus,
2522 3812 2677 3882 quod
2710 3817 2770 3867 tu
2822 3812 2984 3868 solus
3016 3814 3203 3869 fecisti
3256 3814 3363 3870 hoc
3397 3816 3619 3873 malum
3647 3816 3708 3873 in

2064 3896 2262 3954 Israel.
2294 3918 2321 3953 ιι
2358 3900 2428 3956 Et
2456 3898 2537 3956 ita
2567 3899 2727 3956 dedit
2754 3917 2881 3956 eam
2907 3919 2921 3970 ;
2954 3905 3010 3958 et
3055 3903 3336 3972 fecerunt,
3378 3905 3532 3962 sicut
3562 3905 3710 3961 dixit

2061 3986 2208 4043 Dan.

2113 4004 2208 4044 an.

2136 4165 2199 4221 V.
2233 4186 2262 4215 α
2295 4165 2364 4221 Et
2393 4182 2568 4237 nunc,
2602 4166 2708 4222 filii
2739 4168 2872 4239 mei,
2908 4169 3192 4226 annuntio
3222 4171 3385 4227 vobis
3414 4172 3710 4231 custodire

2065 4254 2343 4309 mandata
2368 4255 2618 4325 Domini,
2649 4261 2706 4312 et
2734 4257 2921 4313 facere
2974 4258 3431 4316 misericordiam
3477 4261 3536 4316 in
3575 4279 3710 4334 pro-

2065 4342 2311 4413 ximum,
2344 4346 2402 4399 et
2430 4342 2649 4399 viscera
2692 4346 3222 4403 commiserationis
3269 4349 3341 4403 ad
3372 4365 3575 4405 omnes
3605 4351 3713 4406 ha-

303 4434 370 4491 οὖ
431 4435 594 4509 μόνον
653 4435 731 4498 εἷς
795 4434 1134 4511 ἀνθρώπους,
1168 4433 1315 4490 ἀλλὰ
1368 4434 1460 4489 καὶ
1508 4434 1586 4496 εἰς
1633 4432 1829 4509 ἄλογα.
1862 4434 1942 4489 Διέ

2068 4430 2223 4499 bere,
2255 4447 2368 4485 non
2400 4431 2591 4486 solum
2618 4433 2688 4487 ad
2713 4432 3003 4502 homines,
3027 4435 3126 4490 sed
3150 4438 3207 4490 et
3235 4436 3308 4490 ad
3332 4436 3711 4493 irrationalia.

300 4524 407 4600 γὰρ
458 4528 626 4578 ταῦτα
682 4522 946 4600 εὐλόγησέ
1006 4544 1074 4596 με
1128 4522 1348 4596 Κύριος,
1408 4520 1517 4595 καί,
1578 4520 1792 4576 πάντων
1848 4525 1956 4575 τῶν

2068 4518 2307 4590 Propter
2362 4520 2483 4575 haec
2541 4521 2697 4575 enim
2757 4521 3050 4577 benedixit
3107 4522 3249 4577 mihi
3300 4523 3602 4596 Dominus,
3635 4531 3715 4591 et,

300 4610 555 4691 ἀδελφῶν
619 4632 724 4686 μου
782 4610 1162 4684 ἀσθενούντων,
1216 4611 1325 4687 ἐγὼ
1401 4608 1592 4673 ἄνοσος
1650 4610 1942 4687 παρῆλθοψ

2069 4607 2344 4664 omnibus
2401 4608 2680 4664 fratribus
2738 4609 2884 4664 meis
2939 4610 3375 4681 aegrotantibus,
3436 4628 3542 4684 ego
3585 4612 3715 4669 sine

299 4699 422 4757 οἶδε
477 4700 577 4778 γὰρ
636 4699 833 4779 Κύριος
891 4700 1114 4756 ἑκάστου
1188 4701 1289 4769 τήν
1367 4700 1698 4777 προαίρεσιν.
1758 4704 1956 4775 Ἔχετε

300 4787 398 4846 οὖν
428 4786 582 4853 ἔλεος
620 4789 672 4845 ἐν
726 4795 843 4853 τοῖς
900 4787 1238 4867 σπλάγχνοις
1297 4789 1471 4861 ὑμῶν,
1499 4789 1659 4844 τέκνα
1713 4808 1840 4862 μου,
1872 4786 1956 4843 ὅτι

299 4878 381 4941 ὡς
440 4879 500 4933 ἄν
551 4899 636 4941 τις
690 4880 898 4954 ποιήσῃ
950 4882 1029 4951 τῷ
1073 4874 1309 4948 πλησίον
1338 4878 1523 4947 αὐτοῦ,
1575 4875 1750 4939 οὕτως
1806 4876 1956 4932 καὶὸ

298 5005 516 5078 faciem
549 5005 827 5078 ejus,_qui
863 5004 1062 5078 fratris
1092 5020 1303 5078 nomen
1356 5020 1676 5078 propagare
1724 5018 1957 5078 recusa-

295 5077 474 5143 verit,
499 5074 626 5149 jam
658 5074 799 5132 elifn
831 5076 1114 5149 usitatum
1147 5077 1327 5149 fuisse
1350 5074 1375 5142 ξ
1397 5074 1567 5132 εἱουί
1598 5074 1714 5149 alia
1768 5074 1954 5131 excal-

298 5147 517 5220 ceatio,
559 5164 676 5220 qua
723 5148 1088 5220 propinquus
1143 5147 1310 5220 alteri
1358 5164 1465 5220 suo
1515 5147 1774 5220 cedebat,
1830 5162 1958 5202 mos

298 5218 594 5287 antiquus
624 5220 682 5275 in
716 5218 891 5275 Israel
922 5218 1105 5275 fuisse
1135 5218 1369 5287 dicitur,
1403 5218 1579 5275 Ruth.
1606 5235 1679 5284 1v,
1710 5218 1765 5272 7.
1798 5220 1882 5273 In.

378 5236 433 5275 ιιι
481 5237 591 5275 ΗΠΒ
624 5237 682 5275 Π]
716 5236 891 5275 Israel
922 5236 1105 5275 101886
1135 5236 1369 5287 alcnur,
1404 5236 1579 5275 num.
1606 5236 1679 5284 IV,
1722 5236 1739 5270 Ι

378 5236 495 5361 (Iug)
524 5288 1004 5361 ’Ῑξπολυθήσεσθαα
1036 5286 1422 5360 ’Υποδήσεσθαι
1452 5289 1625 5345 male.
1658 5293 1741 5344 ID.

402 5363 492 5429 47)
521 5360 637 5422 Εἰς.
668 5363 988 5418 Omissum.
1020 5361 1101 5418 In.

351 5426 492 5523 ,(118)
523 5433 745 5559 ’lIwcrﬁcp.
777 5436 839 5486 ‘0
870 5431 1124 5510 ἐφόρεσαν
1156 5431 1292 5487 κατά
1318 5430 1524 5507 Ἰωσὴφ
1572 5433 1670 5485 τοῦ
1716 5426 1957 5507 ἀδελφοῦ

351 5524 509 5559 οτων.
571 5521 624 5559 D.

296 5521 509 5559 αυτων.
545 5521 624 5561 ΙΙ).

376 5576 493 5649 (49)
519 5576 764 5657 ρονιαγη.
795 5576 1034 5657 atrium,
1066 5573 1308 5657 Josephi
1359 5572 1583 5657 scilicet
1611 5590 1625 5641 ;
1660 5571 1769 5628 hoc
1799 5571 1957 5657 enim

290 5642 414 5705 voir
442 5642 632 5702 πυλών
664 5648 903 5705 denotat
933 5642 1117 5703 Ιῡέ-
1152 5642 1293 5705 Vide
1340 5649 1566 5716 notam,
1588 5646 1954 5716 sequentem.

375 5718 491 5795 (50)
519 5716 666 5776 Κατᾶ
703 5718 796 5775 τὸν
840 5716 1009 5775 τύπον
1050 5719 1149 5775 τοῦ
1192 5715 1418 5793 Φαραώ.
1450 5715 1610 5775 Adde
1655 5715 1725 5775 ἐκ
1768 5717 1951 5775 Oxon.

2066 4696 2409 4769 aegritudine
2438 4697 2594 4752 evasi
2618 4714 2632 4765 ;
2664 4696 2823 4753 novit
2842 4698 2998 4753 enim
3022 4698 3306 4756 Dominus
3329 4700 3710 4773 uniuscujus-

2066 4801 2179 4857 que
2237 4785 2622 4857 propositum.
2681 4786 2902 4843 Habete
2958 4802 3093 4860 ergo
3150 4788 3611 4846 misericordiam
3650 4790 3715 4846 in

2065 4873 2386 4930 visceribus
2442 4875 2671 4940 vestris,
2724 4874 2825 4929 filii
2889 4876 3025 4943 mei,
3065 4877 3343 4948 quoniam
3407 4883 3472 4935 ut
3499 4879 3718 4952 aliquis

2066 4994 2363 5096 ἔμπροσθεν
2394 4999 2493 5052 τοῦ
2523 4995 2801 5069 πυλῶνος,
2830 4997 2919 5053 καὶ
2953 4996 3124 5062 οὕτως
3179 5001 3578 5077 προσεκύνησαν
3636 5005 3715 5076 τῷ

2088 5074 2125 5096 Ῐ.
2143 5090 2152 5096 ι
2235 5088 2266 5096 ,Α
2352 5087 2382 5096 κ

2086 5070 2288 5145 Ιωσήφ.
2328 5072 2404 5126 lD.
3224 5070 3233 5077 ’

2287 5136 2616 5217 Κατέδραμε,
2652 5138 3270 5217 Καίκαταδραμώνηῐο.

2159 5208 2250 5286 52)
2278 5208 2469 5286 Ωόδὲνξ
2503 5208 2667 5286 Forte
2705 5209 2914 5286 οὐδένα,
2948 5208 3216 5286 quamvis
3266 5219 3323 5271 et
3368 5214 3710 5273 Oxoniensis

2066 5280 2246 5340 codex
2276 5284 2487 5339 habeat
2516 5280 2691 5339 οὐδέν.
2727 5285 2835 5341 Ms.
2869 5280 3029 5341 Tri'n.
3066 5281 3274 5341 οὐδένα.
3310 5287 3386 5342 In.

2137 5354 2251 5497 (53)
2282 5352 2830 5431 Τρωγλοκολπητῶν.
2861 5353 3289 5431 Τρωγλοδυτῶν.
3324 5363 3404 5411 ID.

2158 5426 2252 5493 54)
2307 5430 2510 5497 ’Έφαγε
2576 5420 2841 5497 Ῥουϐήμ,
2925 5426 3182 5497 Ἔφαγον,
3272 5428 3404 5484 omit

2067 5420 2510 5567 ϐλὲίξῡήεφαγε
2576 5420 2841 5499 Ῥουϐήμ.
2904 5420 3182 5504 ’Ἔξραγον,
3272 5428 3490 5485 omisso
3563 5431 3711 5485 Ῥου-

2126 5540 2543 5657 iga-Egeo”?
2570 5565 2837 5657 Μαχαίρςε
2866 5570 2999 5657 adid.
3032 5574 3116 5624 ID.

2137 5570 2251 5787 (55ξ
2282 5570 2543 5657 Θύσομεν.
2578 5570 2835 5695 Meﬁtis;
2866 5570 2999 5625 add.
3032 5574 3116 5624 ID.

2158 5642 2229 5696 56
2281 5644 2470 5701 Ουτος.
2502 5641 2653 5696 Add.
2738 5660 2792 5693 αι
2820 5639 3076 5709 ἐποίησαν
3112 5637 3307 5702 οὕτως.
3340 5640 3423 5699 ID.

2159 5712 2230 5770 57
2280 5710 2366 5771 Ἐν
2400 5707 2643 5787 Ἰσραήλ.
2677 5709 2942 5771 Ἐνώπιον
2974 5707 3198 5787 Κυρίου.
3229 5715 3316 5772 ID.

2159 5707 2251 5787 57)
2280 5710 2366 5771 Ἐν
2400 5707 2643 5789 Ἰσραήλ.
2677 5709 2942 5771 Ἐνώπιον
2967 5707 3198 5795 Κυρίου.
3229 5715 3316 5772 ID.
