4014 6226
413 376 569 437 1098

1396 367 1928 430 TESTAMENTA
1970 366 2079 427 ΧΠ
2121 363 2832 429 PATRIARCHABUM.

3611 373 3734 437 ιωι

411 506 585 564 faciet
615 505 876 578 proximo
908 520 1033 572 suo,
1068 504 1148 559 ita
1168 507 1225 558 et
1247 500 1533 558 Dominus
1555 500 1725 556 faciet
1746 497 2021 555 ei.Etenin

2166 494 2362 573 Κύριος
2392 498 2610 567 ποιήσει
2641 497 2807 569 αὐτῷ.
2840 496 2938 553 Καὶ
2994 499 3097 573 γὰρ
3154 499 3206 553 οἱ
3236 494 3344 554 υἱοὶ
3394 504 3493 555 τῶν
3536 500 3735 580 ἀδελφῶν

409 595 516 652 filii
546 595 797 651 fratrum
827 608 1094 648 meorum
1114 590 1909 663 mgrotabant,moriebantur
1934 603 2065 659 pro-

2175 605 2280 657 μου
2309 585 2594 659 ἠσθένουν,
2622 586 2959 657 ἀπέθνησκον
2990 584 3079 643 διὰ
3110 589 3329 667 Ἰωσὴφ,
3360 588 3437 644 ὅτι
3490 590 3576 645 οὐκ
3600 591 3740 665 inole-

410 689 540 757 pter
564 682 806 755 Joseph,
838 680 1120 754 quoniam
1150 697 1266 735 non
1304 679 1571 735 fecerunt
1599 675 2021 733 misericordia:

2170 693 2265 729 σαν
2324 669 2479 736 ἕλεος
2533 673 2584 730 ἐν
2646 674 2988 752 σπλάγχνοις
3039 676 3238 733 αὐτῶν⁹
3284 678 3336 733 οἱ
3390 675 3446 733 δέ
3520 680 3615 735 υἱοί
3663 705 3740 755 μου

408 772 469 828 in
495 772 820 829 visceribus
848 770 1009 837 suis;
1043 769 1148 824 filii
1175 773 1371 825 autem
1413 767 1525 823 mei
1557 767 1687 822 sine
1716 764 2021 837 aegritudin

2168 760 2351 816 ἄνοσοι
2393 759 2854 839 διεφυλάχθησαν,
2886 764 2961 827 ὡς
3020 762 3222 823 οἴδατε.
3263 764 3363 821 Καὶ
3414 766 3495 823 ὅτε
3534 766 3662 841 ἤμην
3705 772 3741 827 ἐν

410 859 687 917 custoditi
717 864 877 926 sunt,
908 859 1060 915 sicut
1104 856 1369 913 novistis.
1412 857 1483 911 Et
1540 856 1774 927 quando
1804 870 1964 909 eram
1995 853 2057 909 in

2164 852 2233 923 τῇ
2318 853 2433 925 (58)
2518 854 2751 926 Χαναὰν,
2831 852 2909 916 εἷς
2992 853 3262 929 παράλιον
3346 854 3580 932 ἐθήρευον
3640 861 3743 933 θήρᾳ

408 950 701 1017 Chanaan,
727 948 787 1004 in
814 947 1008 1004 littore
1036 950 1283 1002 venatus
1310 962 1443 1000 sum
1464 943 1771 1000 venatione
1802 943 2021 1014 pisciun

2166 935 2372 1013 ἰχθύων
2433 942 2548 1014 (59)
2606 937 2800 996 Ἰακὼϐ
2856 946 2936 1014 τῷ
3008 943 3173 1020 πατρί
3234 963 3358 1017 pou“
3422 946 3504 999 καὶ
3568 947 3740 1003 πολλῶν

403 1039 583 1095 Jacob
615 1038 765 1111 patri
798 1052 963 1103 meo;
996 1040 1054 1092 et
1094 1034 1297 1091 multis
1326 1032 1623 1091 suffocatis
1654 1032 1713 1087 in
1746 1030 1915 1099 mari,
1946 1046 2021 1104 egi

2163 1026 2488 1103 ἀγχομένων
2520 1028 2573 1084 ἐν
2597 1034 2666 1104 τῇ
2700 1028 2963 1106 θαλάσσῃ,
2994 1031 3105 1108 ἐγὼ
3136 1027 3383 1102 ἀϐλαϐὴς
3410 1030 3639 1107 διέμεινα.

401 1128 623 1184 illaesus
654 1125 969 1198 permansi.

472 1217 567 1273 VI.
606 1235 635 1270 ιι
664 1216 894 1271 Primus
923 1230 1028 1286 ego
1060 1214 1164 1269 feci
1187 1212 1468 1285 scapham
1493 1211 1553 1267 in
1580 1211 1728 1267 mari
1753 1210 2045 1282 navigare,

394 1306 672 1379 quoniam
707 1304 985 1361 Dominus
1006 1302 1165 1358 dedit
1186 1301 1329 1357 mihi
1353 1300 1711 1356 intellectum
1734 1304 1793 1355 et
1812 1298 2045 1370 sapien-

2230 1204 2294 1269 c'.
2338 1229 2367 1257 ‹‹
2399 1210 2623 1277 Πρῶτος
2670 1206 2780 1283 ἐγὼ
2841 1207 3073 1280 ἐποίησα
3127 1209 3329 1287 σκάφος
3377 1212 3483 1285 (60)
3522 1210 3741 1269 ἐπιπλέειν

2156 1291 2208 1347 ἐν
2264 1292 2335 1369 τῇ
2395 1293 2653 1371 θαλάσσῃ,
2686 1295 2771 1352 ὅτι
2828 1297 3030 1374 Κύριος
3080 1296 3253 1354 ἔδωκέ
3298 1320 3393 1373 μοι
3448 1300 3628 1355 σύνεσιν
3672 1304 3736 1356 καὶ

392 1395 537 1450 tiam
585 1395 645 1449 in
703 1392 868 1465 ipsa:
904 1399 960 1447 et
1018 1390 1217 1446 dimisi
1271 1390 1499 1462 lignum
1559 1393 1692 1460 post
1728 1388 1943 1459 ipsam,
1987 1404 2018 1443 e

2155 1381 2344 1461 σοφίαν
2399 1383 2451 1438 ἐν
2509 1384 2675 1458 αὐτῷ·
2706 1386 2797 1441 καὶ
2862 1394 3076 1457 καθῆκα
3130 1387 3293 1459 ξύλον
3336 1388 3540 1453 ὄπισθεν
3591 1390 3733 1461 αὐτοῦ,

391 1482 587 1539 velum
619 1482 847 1539 extendi
877 1481 937 1535 in
970 1480 1127 1553 ligno
1157 1484 1336 1545 recto,
1366 1479 1425 1533 in
1459 1478 1650 1534 medio
1676 1494 1690 1545 ;
1736 1480 1794 1532 et
1822 1477 1883 1531 in
1914 1476 2046 1548 ipsa

395 1570 814 1643 perambulans
843 1569 1056 1636 littora,
1101 1569 1370 1640 piscabar
1406 1567 1596 1639 pisces
1626 1564 1827 1621 domui
1856 1564 2044 1637 patris

398 1662 535 1730 mei,
569 1676 875 1732 usquequo
906 1657 1171 1713 venimus
1200 1656 1261 1712 in
1291 1656 1600 1729 Egyptum
1626 1672 1639 1710 :
1685 1658 1743 1709 et
1771 1670 1838 1709 ex
1868 1670 2043 1710 vena-

391 1750 550 1806 tione
568 1765 698 1805 mea
716 1748 876 1804 omni
898 1746 1119 1802 homini
1144 1745 1449 1818 peregrino
1465 1744 1779 1799 miseratus
1801 1742 2039 1798 dabam.

388 1838 449 1895 Si
480 1854 613 1894 vero
645 1841 767 1894 erat
806 1836 1168 1909 peregrinus,
1217 1835 1305 1891 vel
1359 1837 1669 1907 aegrotans,
1717 1832 1806 1888 vel
1838 1848 2035 1900 senex,

389 1944 648 2000 coquens
678 1926 886 1998 pisces,
922 1929 979 1981 et
1006 1925 1153 1980 bene
1196 1939 1266 1979 ea
1302 1923 1445 1994 (eos)
1485 1938 1795 1994 apparens,
1828 1937 2034 1976 secun-

385 2017 524 2072 dum
561 2015 1027 2085 uniuscujusque
1060 2011 1464 2068 necessitatem
1502 2010 1811 2066 alferebam
1841 2009 2033 2064 omni-

386 2106 518 2175 bus,
552 2104 831 2176 colligens
862 2108 918 2158 et
947 2102 1331 2173 con‘patiens.
1366 2101 1606 2171 Propter
1628 2099 1737 2154 hoc
1757 2104 1815 2154 et
1834 2098 2033 2153 Domi-

386 2210 501 2249 nus
531 2193 747 2249 multos
780 2193 969 2264 pisces
991 2192 1125 2247 fecit
1147 2206 1239 2245 me
1258 2188 1474 2244 venari.
1502 2188 1611 2253 Qui
1642 2188 1797 2242 enim
1830 2186 2037 2242 tribuit

386 2282 670 2354 proximo,
705 2281 915 2352 accipit
962 2278 1352 2350 multiplicata
1390 2294 1423 2332 a
1467 2276 1729 2332 Domino.
1764 2275 2032 2347 Quinque

386 2370 557 2427 annis
587 2370 846 2442 piscatus
895 2386 1050 2435 sum,
1100 2366 1261 2422 omni
1298 2365 1521 2422 homini
1564 2382 1740 2436 quem
1771 2365 2031 2420 videram

381 2460 671 2530 tribuens,
702 2464 761 2513 et
789 2458 949 2513 omni
988 2456 1188 2511 domui
1237 2454 1420 2528 patris
1450 2456 1563 2510 mei
1612 2453 1932 2509 sufﬁciens.
1966 2455 2030 2509 In

377 2552 579 2604 testate
604 2547 874 2619 piscabar
897 2564 911 2615 ;
935 2546 993 2600 in
1017 2544 1209 2601 hieme
1230 2549 1423 2599 autem
1450 2543 1765 2616 pascebam
1794 2558 2029 2616 gregem

376 2652 512 2692 cum
544 2635 823 2692 fratribus
856 2633 1021 2689 meis.

447 2726 561 2782 VII.
597 2746 625 2776 ‹‹
658 2725 824 2779 Nunc
846 2721 1206 2778 annuntiabo
1236 2720 1401 2777 vobis
1422 2737 1550 2792 qua:
1582 2719 1715 2775 feci.
1745 2718 2026 2776 Videbam

374 2813 657 2869 afﬂictum
688 2813 747 2867 in
793 2812 1056 2866 nuditate
1104 2810 1352 2877 hiemis;
1401 2814 1459 2864 et
1504 2808 1694 2880 ipsius
1726 2808 2020 2876 misertus,

374 2904 606 2958 furatus
660 2900 1073 2957 vestimentum
1130 2916 1200 2954 ex
1256 2900 1428 2954 domo
1487 2914 1618 2953 mea
1664 2897 2021 2965 abscondite,

375 2991 509 3046 dedi
540 2989 776 3046 afﬂicto.
839 2990 907 3044 Et
934 3005 1036 3044 vos
1094 2988 1292 3059 igitur,
1348 2986 1451 3041 lilii
1481 2986 1617 3056 mei,
1674 3002 1743 3041 ex
1772 2985 1863 3041 his
1893 3002 2022 3057 qua:

372 3078 583 3134 tribuit
612 3079 775 3135 vobis
804 3082 975 3145 Deus,
1008 3077 1403 3132 indifferenter
1433 3074 1697 3130 omnium
1738 3074 2020 3129 miseren-

2152 1472 2243 1526 καὶ
2277 1471 2472 1544 ὀθόνην
2502 1472 2731 1545 ἐξέτεινα
2758 1474 2811 1531 ἐν
2842 1474 2991 1549 ξύλῳ
3020 1475 3168 1550 ὀρθῷ
3196 1477 3247 1532 ἐν
3278 1477 3538 1551 μέσῳ·καὶ
3564 1478 3607 1533 ἐν
3628 1480 3733 1551 αὐτῷ

2152 1557 2611 1639 διαπορευόμενος
2636 1562 2766 1627 τοὺς
2821 1564 3125 1644 αἰγιαλοὺς,
3155 1565 3377 1637 ἠλίευον
3423 1567 3597 1643 ἰχθύας
3636 1566 3735 1642 οἴκῳ

2149 1648 2353 1725 πατρός
2387 1671 2514 1724 μου,
2560 1648 2667 1715 ἕως
2720 1650 2966 1727 ἤλθομεν
3027 1654 3106 1717 εἷς
3148 1652 3441 1733 Αἴγυπτον·
3470 1656 3551 1711 καὶ
3579 1656 3627 1713 ἐκ
3662 1664 3735 1726 τῆς

2150 1738 2323 1814 θήρας
2382 1761 2487 1814 μου
2538 1740 2698 1797 παντὶ
2756 1743 3030 1819 ἀνθρώπῳ
3094 1744 3227 1817 ξένῳ
3284 1744 3734 1822 σπλαγχνιζόμενος

2148 1823 2373 1885 ἐδίδουν.
2406 1828 2471 1884 Εἰ
2519 1826 2577 1884 δὲ
2613 1830 2680 1899 ἦν
2731 1830 2899 1902 ξένος,
2933 1833 2968 1901 ἢ
3000 1837 3195 1903 νοσῶν,
3226 1834 3263 1903 ἢ
3294 1832 3548 1910 γηράσας,
3578 1836 3736 1907 ἑψήσας

2141 1915 2270 1979 τοὺς
2330 1916 2545 1993 ἰχθύας,
2577 1919 2667 1974 καὶ
2723 1922 2957 1990 ποιήσας
3014 1920 3152 1976 αὐτὰ
3208 1923 3445 1997 ἆγαθῶς,
3500 1924 3620 1978 κατὰ
3660 1924 3735 1991 τὴν

2143 2005 2367 2061 ἑκάστου
2414 2005 2602 2083 χρείαν
2648 2010 2981 2086 προσέφερον
3026 2016 3175 2082 πᾶσι,
3228 2012 3468 2087 συνάγων
3510 2012 3589 2066 καὶ
3631 2033 3734 2083 σομ-

2140 2093 2391 2171 πάσχων.
2425 2098 2524 2151 Διά
2548 2100 2709 2152 τοῦτο
2738 2097 2828 2152 καὶ
2859 2099 2889 2153 ὁ
2918 2098 3120 2175 Κύριος
3150 2097 3327 2154 πολὺν
3361 2100 3508 2174 ἰχθῦν
3561 2098 3734 2170 ἐποίησέ

2144 2202 2212 2254 με
2240 2184 2431 2257 θηρᾷν.
2465 2184 2522 2237 Ὀ
2547 2184 2652 2259 γὰρ
2721 2183 3040 2259 μεταδιδοὺς
3092 2185 3174 2259 τῷ
3230 2187 3465 2258 πλησίον
3520 2186 3735 2261 λαμϐάνει

2140 2270 2595 2328 πολλαπλασίονα
2656 2274 2803 2350 παρὰ
2858 2274 3076 2351 Κυρίου,
3140 2275 3303 2331 Πέντε
3381 2274 3471 2348 ἔτη
3532 2278 3733 2347 ﬁlium,

2139 2360 2297 2415 παντὶ
2354 2361 2645 2437 ἀνθρώπῳ,
2678 2363 2736 2417 ’ὀν
2796 2364 3073 2440 ἐωράκειν,
3113 2363 3458 2437 μεταδιδοὺς,
3486 2368 3569 2421 καὶ
3616 2366 3737 2422 παντὶ

2135 2453 2216 2521 τῷ
2246 2447 2383 2523 οἷᾌιῳ
2408 2455 2506 2505 τοῦ
2536 2450 2741 2528 πατρός
2776 2474 2883 2526 μου
2939 2453 3195 2530 ἐξαρκῶν.
3228 2457 3300 2510 Τὸ
3360 2457 3511 2531 θέρος
3539 2456 3733 2527 ﬁliam,

2136 2537 2226 2593 καὶ
2256 2537 2308 2594 ἐν
2366 2544 2599 2615 χειμῶνι
2654 2539 2970 2615 ἐποίμαινον
3012 2543 3149 2616 μετὰ
3190 2548 3298 2599 τῶν
3349 2540 3589 2624 ἀδελφῶν
3640 2566 3733 2619 μου.

2206 2720 2274 2772 Z'.
2306 2738 2336 2767 «
2368 2714 2476 2770 Νὒν
2530 2716 2819 2793 ἀναγγελῶ
2876 2718 3003 2793 ὑμῖν
3062 2722 3196 2794 (61).
3228 2719 3264 2774 ἆ
3320 2720 3565 2793 ἐποίησα.
3615 2719 3735 2778 Εἶδον

2135 2798 2469 2876 θλιϐόμενον
2527 2804 2580 2860 ἐν
2629 2807 2933 2882 γυμνότητι
2979 2813 3283 2884 χειμῶνος,
3328 2810 3421 2865 καὶ
3479 2809 3735 2886 σπλαγχνιο

2132 2890 2275 2957 σθείς
2328 2892 2410 2947 ἐπ’
2464 2893 2648 2969 αὐτὸν,
2678 2895 2885 2971 κλέψας
2940 2898 3158 2971 ἱμάτιον
3219 2898 3280 2953 ἐκ
3319 2904 3424 2954 τοῦ
3467 2896 3607 2955 οἴκου
3656 2919 3737 2971 μου

2130 2982 2433 3062 κρυφαίως,
2460 2981 2637 3039 ἔδωκα
2662 2989 2742 3058 τῷ
2770 2980 3101 3060 θλιϐομένῳ.
3135 2994 3232 3042 Kal
3266 2988 3431 3061 ὑμεῖς
3485 2987 3586 3056 οὖν,
3612 2987 3737 3042 τέκνα

2132 3090 2260 3144 μου,
2305 3070 2357 3142 ἐξ
2398 3073 2472 3127 ὧν
2507 3072 2739 3150 παρέχει
2796 3075 2922 3149 ὑμῖν
2980 3076 3010 3131 ὁ
3066 3077 3218 3144 Θεὸς,
3257 3074 3583 3151 ἀδιακρίτως
3632 3082 3732 3132 πᾶσι

368 3171 479 3234 tes,
512 3167 972 3224 misericordiam
1004 3165 1198 3232 facite,
1227 3168 1285 3221 et
1318 3163 1556 3220 tribuite
1603 3162 1762 3219 omni
1793 3162 2017 3218 homini

2140 3159 2626 3237 τπλαγχνιζόμενοι
2696 3162 2899 3219 ἐλεεῖτε
2952 3166 3084 3239 (62),
3144 3164 3234 3220 καὶ
3290 3168 3559 3243 παρέχετε
3608 3167 3733 3222 παντὶ

276 3272 277 3277 ‘
365 3257 427 3312 in
457 3257 608 3313 bono
641 3257 833 3313 corde.
892 3256 951 3311 Si
1006 3272 1140 3311 vero
1191 3271 1305 3310 non
1335 3253 1563 3308 habetis
1620 3252 1678 3307 in
1710 3252 2016 3308 occasione

2140 3234 2401 3325 ὶνθρῶπῳ
2570 3251 2745 3328 ἀγαθῇ
2789 3234 3002 3329 καρδία.
3044 3234 3120 3309 Ἐἰ
3182 3252 3238 3309 δὲ
3290 3234 3385 3329 μή.
3424 3234 3572 3333 ἔχετε
3629 3256 3735 3331 πρὸς

365 3346 503 3402 dare
532 3344 844 3418 indigenti,
877 3342 1319 3415 compatiamini
1350 3341 1410 3396 in
1441 3340 1764 3397 visceribus
1796 3340 2019 3396 miseri-

366 3434 594 3491 cordiae.
625 3433 764 3489 Novi
798 3433 954 3507 quod
986 3449 1196 3488 manus
1228 3448 1357 3487 mea
1385 3446 1501 3486 non
1532 3429 1753 3485 invenit
1778 3429 1838 3484 in
1871 3446 2016 3501 prae-

366 3540 503 3580 sens
533 3524 789 3579 tribuere
821 3521 1125 3593 indigenti,
1183 3524 1240 3576 et
1268 3519 1522 3592 amplius
1555 3523 1777 3591 septem
1810 3518 2018 3574 stadiis

367 3611 681 3668 ambulans
712 3628 845 3666 cum
878 3612 1024 3684 ipso,
1057 3610 1304 3677 flebam;
1352 3613 1408 3665 et
1445 3609 1666 3665 viscera
1695 3624 1824 3663 mea
1851 3624 2018 3663 versa

367 3705 508 3757 sunt
537 3716 715 3773 super
744 3701 937 3773 ipsum
970 3700 1029 3755 in
1060 3698 1549 3771 compassionem.

430 3875 580 3932 VIII.
622 3894 644 3925 ι
676 3879 744 3929 Et
791 3892 891 3930 vos
948 3873 1146 3946 igitur,
1198 3873 1299 3928 filii
1360 3872 1495 3940 mei,
1556 3872 1764 3927 habete
1790 3870 2014 3928 viscera

358 3964 783 4035 compassionis
816 3965 873 4018 in
908 3979 1142 4018 omnem
1170 3961 1469 4017 hominem
1492 3960 1550 4015 in
1586 3961 2008 4030 misericordia,

358 4056 424 4108 ut
451 4056 509 4108 et
538 4052 692 4108 Deus
720 4052 883 4109 vobis
925 4051 1211 4123 propitius
1261 4052 1608 4106 misereatur
1652 4050 1831 4105 vestri
1862 4066 2010 4122 quo-

357 4141 516 4197 niam
548 4144 606 4197 et
632 4140 692 4195 in
722 4140 999 4196 extremis
1029 4139 1234 4195 diebus
1264 4138 1417 4194 Deus
1459 4138 1652 4193 mittet
1679 4138 2007 4194 misericor-

357 4230 517 4285 diam
566 4245 735 4284 suam
784 4228 846 4283 in
877 4233 1132 4284 terram:
1176 4232 1235 4283 et
1291 4226 1392 4282 ubi
1449 4226 1735 4282 invenerit
1786 4227 2010 4283 viscera

2126 3340 2312 3414 καιρὸν
2364 3336 2548 3394 δοῦναι
2593 3345 2674 3412 τῷ
2723 3341 3012 3417 χρῄζοντι,
3061 3344 3419 3421 συμπάσχετε
3463 3345 3513 3400 ἐν
3566 3342 3734 3418 σπλάγο

2125 3445 2280 3502 χνοις
2330 3426 2537 3492 ἐλέους.
2571 3426 2702 3485 Οἶδα
2752 3429 2837 3485 ὅτι
2886 3434 2921 3501 ἡ
2967 3431 3091 3509 χείρ
3145 3454 3251 3505 μου
3308 3434 3423 3509 οὐχ
3471 3434 3583 3506 εὗρε
3630 3433 3734 3508 πρὸς

2122 3516 2187 3571 τὸ
2259 3518 2429 3593 παρὸν
2506 3516 2779 3574 ἐπιδοῦναι
2852 3524 2935 3592 τῷ
3007 3521 3295 3596 χρῄζοντι,
3362 3523 3453 3578 καὶ
3513 3519 3585 3578 ἔτι
3635 3522 3737 3577 ἐπτᾶ

2125 3603 2373 3669 σταδίους
2458 3608 2939 3685 συμπορευόμενος
3020 3608 3188 3683 αὐτῷ,
3260 3609 3505 3668 ἔκλαιον’
3566 3612 3645 3667 καὶ
3688 3611 3739 3665 τὰ

2124 3692 2421 3772 σπλάγχνα
2476 3717 2581 3769 μου
2635 3696 2883 3775 ἐτρέφετο
2934 3699 3050 3773 (63)
3098 3698 3180 3755 ἐπ’
3236 3699 3390 3773 αὐτῷ
3440 3699 3515 3763 εἰς
3566 3696 3737 3773 συμπά-

2122 3783 2291 3840 θειαν.

2190 3874 2274 3930 H'.
2314 3896 2337 3924 α
2370 3873 2475 3931 Καὶ
2510 3874 2664 3947 ὑμεῖς
2695 3872 2814 3948 οὖν,
2838 3875 2999 3931 τέκνα
3031 3897 3157 3949 μου,
3185 3874 3341 3954 ἔχετε
3370 3877 3735 3952 εὖσπλαγχνίωι

2119 3962 2256 4017 κατὰ
2309 3963 2510 4025 παντὸς
2568 3964 2852 4037 ἀνθρώπου
2909 3964 2961 4020 ἐν
3004 3963 3163 4038 ἐλέει,
3191 3963 3279 4021 ’ἕνα
3337 3967 3431 4023 καὶ
3490 3969 3519 4022 ὁ
3575 3964 3735 4041 Κύριος

2118 4049 2195 4113 εἷς
2272 4051 2414 4123 ὑμᾶς
2487 4052 2913 4128 σπλαγχνισθεὶς
2990 4053 3186 4128 ἐλεήσῃ
3255 4055 3423 4128 ὑμᾶς’
3482 4056 3562 4111 ὅτι
3613 4053 3735 4128 salvs

2117 4138 2200 4194 ἐπ’
2257 4138 2499 4216 ἐσχάτων
2559 4140 2784 4218 ἡμερῶν
2842 4143 2871 4198 ὁ
2928 4142 3058 4205 Θεὸς
3104 4142 3434 4201 ἀποστέλλει
3465 4144 3528 4199 τὸ
3556 4140 3731 4216 σπλάγ-

2116 4246 2245 4303 χνον
2303 4227 2466 4284 αὐτοῦ
2523 4228 2610 4284 ἐπὶ
2665 4236 2768 4300 τῆς
2818 4238 2943 4306 γῆς,
2974 4230 3064 4286 καὶ
3122 4231 3261 4287 ὅπου
3290 4233 3423 4309 εὕρῃ
3482 4232 3735 4307 σπλάγχνα

356 4317 793 4381 misericordia,
850 4317 909 4373 in
958 4317 1087 4389 ipso
1137 4315 1442 4371 habitabit.
1505 4317 1800 4381 Quantum
1848 4316 2006 4371 enim

2140 4315 2323 4389 ιλέους,
2399 4315 2452 4372 ἐν
2514 4317 2667 4391 αὖτῷ
2742 4324 3004 4377 κατοικεῖ.
3062 4322 3219 4377 Ὅσον
3298 4323 3407 4398 γὰρ
3486 4321 3730 4397 ἄνθρωπος

354 4405 533 4463 homo
589 4407 901 4463 miseretur
956 4405 1227 4479 proximi,
1293 4409 1525 4460 tantum
1583 4404 1740 4459 Deus
1797 4405 2003 4475 ipsius.

2140 4406 2543 4483 πλαγχνίζεται
2603 4407 2680 4469 εἷς
2709 4408 2801 4462 τὸν
2849 4406 3111 4481 πλησίον,
3139 4414 3402 4466 τοσοῦτον
3438 4410 3630 4485 Κύριος
3676 4407 3736 4467 εἷς

353 4496 600 4561 Quando
616 4496 775 4553 enim
798 4496 1210 4551 descendimus
1228 4493 1288 4549 in
1310 4493 1865 4566 Egyptum,Joseph
1889 4510 2004 4549 non

2140 4494 2292 4551 n’rcdv.
2323 4498 2451 4551 Ὅτε
2501 4497 2607 4571 γὰρ
2662 4495 3009 4570 κατήλθομεν
3077 4497 3155 4560 εἰς
3214 4496 3515 4574 Αἴγυπτον,
3566 4496 3733 4573 Ἰωσήο

350 4585 690 4642 recordatus
722 4589 811 4640 est
841 4584 979 4639 mali
1027 4584 1087 4639 in
1119 4600 1265 4650 nos;
1321 4598 1413 4638 me
1453 4599 1583 4637 vero
1633 4582 1860 4651 videns,
1893 4582 2005 4637 mi-

2140 4582 2215 4638 ιύκ
2262 4582 2692 4657 ἐμνησικάκησεν
2737 4585 2814 4648 εἷς
2853 4588 3023 4659 ἡμᾶς’
3082 4586 3181 4659 ἐμέ
3232 4584 3291 4642 δὲ
3348 4585 3505 4661 ἰδὼν,
3538 4588 3738 4659 ἐσπλαγ-

352 4678 549 4730 sertus
579 4679 686 4730 est.
720 4675 782 4729 In
814 4690 988 4745 quem
1021 4672 1398 4743 inspicientes
1422 4674 1479 4726 et
1496 4670 2008 4735 vos,immemores

2140 4672 2333 4749 [νεοθη.
2367 4672 2463 4735 Εἷς
2521 4673 2579 4728 ὃν
2624 4668 2990 4746 ἐμϐλέποντες
3041 4674 3132 4730 καῖ
3191 4676 3364 4750 ὑμεῖς,
3400 4675 3739 4751 dav-ncluto:-

351 4762 643 4818 malorum
673 4761 1035 4831 efficiamini,
1087 4760 1190 4815 filii
1242 4759 1374 4825 mei,
1423 4763 1479 4815 et
1525 4758 1750 4831 diligite
1778 4763 2008 4815 vosmet

2140 4759 2346 4831 ’ίνεσθε,
2376 4762 2535 4817 τέκνα
2599 4783 2724 4836 μου,
2757 4764 2846 4818 καὶ
2901 4764 3145 4840 ἀγαπᾶτε
3196 4765 3509 4835 ἀλλήλους,
3542 4766 3624 4820 καὶ
3673 4762 3731 4835 μή

352 4850 624 4923 invicem,
655 4855 713 4908 et
754 4866 826 4907 ne
873 4849 1350 4907 animadvertatis
1399 4848 1811 4920 unusquisque
1836 4848 2001 4905 mali-

2140 4849 2389 4928 ,ογίζεσθε
2412 4847 2636 4914 ἕκαστος
2661 4852 2761 4922 τὴν
2794 4852 2983 4908 κακίαν
3012 4856 3111 4909 τοῦ
3142 4851 3384 4933 ἀδελφοῦ
3434 4854 3595 4911 αὐτοῦ
3619 4853 3730 4927 (64)’

2108 5045 2507 5103 nominarunt.
2537 5046 2619 5102 Ex
2648 5046 2865 5119 quibus
2892 5048 3445 5120 patebit,Zabulone
3474 5047 3727 5121 antiquio-

2107 5135 2227 5195 rem
2255 5135 2385 5174 esse
2413 5122 2608 5195 artem
2629 5121 2946 5187 nauticam,
2963 5122 3209 5194 eiusque
3229 5122 3520 5195 originem
3542 5120 3728 5178 adNoe

2106 5189 2317 5246 saltem
2351 5190 2709 5246 referendam
2744 5207 2893 5247 esse.
2917 5189 3003 5247 In.

2173 5261 2297 5348 (6.1).
2319 5263 2424 5313 Νῦν
2463 5258 2785 5348 νάναγγιλιῖ]
2858 5261 3007 5348 ὑμῖν.
3067 5263 3231 5348 Hac.
3277 5264 3479 5348 omnia

2104 5332 2246 5387 sunt
2268 5332 2343 5387 in
2376 5332 2909 5407 codicellsoniensi
2951 5350 3133 5407 usque
3163 5336 3234 5392 ad
3284 5333 3725 5407 istasequentis

2102 5404 2448 5476 paragraphi
2479 5404 2655 5460 verba
2686 5422 2700 5462 :
2734 5408 2992 5459 τοσοῦτον
3025 5405 3224 5481 Κύριος
3254 5405 3327 5468 εἰς
3374 5404 3557 5462 αὐτόνῖ
3591 5407 3664 5461 In.

2172 5476 2285 5540 (62)
2318 5474 2569 5531 Ἐ..εεῖτε.
2601 5477 2707 5531 Ms.
2743 5473 2946 5532 ἐλεᾶτε.
2980 5478 3062 5532 ID.

2377 5495 2569 5531 ..εειτε.
2601 5495 2707 5531 ms.
2743 5495 2946 5532 εΑεατε.
2980 5495 3062 5532 Π).

2193 5493 2285 5540 02.)
2336 5493 2569 5531 εμεειτε.
2601 5493 2707 5531 MS.
2743 5493 2946 5532 εΛεατε.
2980 5493 3062 5532 ιο.

2191 5545 2284 5625 93)
2314 5544 2991 5625 iliepéveeoﬂeeenéum
3021 5541 3320 5625 ἐστρέφετρ-
3358 5551 3441 5605 ὀ·

2480 5612 2770 5693 ’λὸγίζεσθὶ
2852 5614 3074 5693 ἕκαστος
3112 5612 3122 5623 ’
3154 5612 3334 5693 κακίαν
3414 5614 3523 5693 toﬁ
3566 5612 3721 5693 ﬁda»

2096 5684 2202 5767 ιροὸ
2246 5684 2435 5762 αὐτοῦ,
2475 5684 2590 5748 αισι
2635 5684 2809 5749 Idem
2861 5691 3163 5752 monitum
3200 5691 3445 5750 Hermae
3491 5690 3718 5749 σώσαι·

421 5047 535 5120 (58)
563 5048 662 5119 Τῇ.
694 5049 795 5120 Γῇ.
828 5047 1007 5120 GnAB.

440 5114 555 5193 59).
591 5114 1238 5193 éﬁpa'lxtliitpvrﬂrﬁ‘pav.
1272 5122 1355 5172 ID.

440 5125 512 5174 59
543 5161 555 5175 .
591 5125 743 5193 Θήρᾳ
778 5125 1000 5193 ἰχθύων.
1034 5125 1238 5192 Θήραν.
1272 5125 1355 5172 ID.
1898 5186 1910 5199 .

416 5125 534 5263 ξδοί
559 5192 781 5266 Πρῶτος
842 5188 947 5266 ἐγῲ
999 5188 1261 5266 ἐποίησα-
1300 5187 1519 5266 σκά-ιρος·
1579 5184 1835 5266 Zabulon
1894 5192 1997 5243 Ita-

345 5259 456 5335 que
486 5259 1000 5335 connumerandus
1039 5263 1218 5335 variis
1248 5259 1547 5335 heroibus,
1575 5259 1675 5330 qui
1708 5275 1772 5335 se
1797 5260 1996 5335 inven-

341 5329 499 5391 tores
547 5337 689 5392 artis
748 5334 994 5389 nauticae
1057 5334 1238 5388 fuisse
1285 5329 1606 5402 jactarunt,
1636 5329 1723 5402 vel
1759 5331 1829 5385 ab
1866 5330 1995 5386 aliis

337 5406 488 5461 tales
518 5406 721 5463 crediti
753 5411 889 5461 sunt
915 5430 927 5471 ;
951 5410 1009 5460 et
1039 5401 1347 5460 addendus
1378 5402 1471 5470 iis,
1494 5419 1641 5472 quos
1675 5401 1992 5473 Polydorus

337 5476 633 5547 Vergilius
692 5477 790 5531 lib.
824 5476 987 5531 111Dc
1045 5475 1420 5547 inventoribus
1470 5489 1681 5537 rerum,
1717 5489 1847 5547 cap.
1902 5475 1988 5547 15,

343 5544 690 5602 Salmuthus
748 5548 804 5600 in
860 5546 1229 5601 Pancirolum
1288 5546 1379 5599 tit.
1411 5560 1467 5615 χι
1516 5549 1600 5599 De
1646 5544 1991 5615 Pyxidecula

341 5618 588 5688 nautica,
616 5622 672 5672 et
698 5617 997 5688 Cornelius
1026 5634 1060 5688 a
1108 5616 1321 5688 Lapide
1371 5614 1590 5687 aliique
1631 5619 1988 5688 commenta-

341 5687 499 5741 tores
551 5685 612 5741 in
666 5687 975 5760 Sapintiam
1019 5685 1329 5748 Sabiniani:
1374 5685 1642 5761 capinv,
1673 5701 1725 5744 υ.
1758 5687 1795 5743 ι
1821 5701 1984 5760 seqq.

2169 5476 2189 5688 ἕ
