4014 6226
211 412 342 473 1097

1463 406 2064 472 TESTAMENTUM
2105 409 2291 468 DAN.

3443 413 3598 477 1098

208 540 280 595 ὅτι
305 544 458 596 τοῦτο
489 539 715 617 χωρίζει
748 537 995 613 ἐνότητα,
1029 537 1117 595 καὶ
1168 545 1339 596 πᾶσαν
1366 538 1672 617 συγγένειαν
1720 536 1836 593 δια-

1973 538 2100 594 iam
2150 538 2346 595 fratris
2390 539 2519 608 sui;
2554 539 2830 611 quoniam
2879 541 2989 598 hoc
3034 541 3244 599 dividit
3289 543 3598 615 unitatem,

208 629 488 705 σκορπίζει,
520 629 609 683 καὶ
638 630 738 698 τήν
770 629 956 704 ψυχὴν
987 629 1239 705 ταράσσει
1272 631 1407 704 (65).
1438 635 1493 684 Ὀ
1547 628 1648 706 γὰρ
1703 648 1842 701 μνη-

207 719 407 780 σίκακος
439 716 724 793 σπλάγχνα
753 716 941 779 ἐλέους
966 716 1065 772 οὐκ
1095 712 1233 792 ἔχει.

274 897 340 951 6‘.
370 918 398 947 α
432 893 737 972 Προσέχετε
777 895 847 950 τὰ
902 891 1069 950 ὕδατα
1100 896 1234 970 (66),
1267 893 1351 949 ὅτι
1381 892 1505 949 ὅταν
1535 892 1621 949 ἐπὶ
1655 892 1716 949 τὸ
1746 892 1841 948 αύ-

207 987 264 1041 τὸ
289 985 585 1059 πορεύεται,
620 983 827 1053 λίθους,
860 981 1015 1057 ξύλα,
1044 985 1143 1053 τὴν
1175 984 1360 1056 ἄμμον
1386 981 1669 1057 κατοσύρει
1703 982 1838 1055 (67)·

212 1075 290 1130 ἐὰν
337 1071 390 1129 δὲ
438 1074 515 1135 εἰς
552 1069 739 1128 πολλὰ
784 1070 1051 1145 διαιρεθῇ,
1101 1074 1136 1143 ἡ
1166 1075 1240 1147 γῆ
1271 1070 1509 1149 ἀφανίζει
1538 1070 1691 1140 αὐτὰ,
1751 1070 1841 1125 καὶ

210 1163 392 1241 γίνεται
442 1160 903 1239 εὐκαταφρόνητα.
964 1162 1062 1216 Καὶ
1125 1161 1301 1233 ὑμεῖς,
1366 1158 1454 1215 ἐὰν
1514 1157 1843 1234 διαιρεθῆτε,

212 1251 374 1308 ἔσεσθε
403 1251 598 1313 οὕτως.
649 1251 737 1320 Μὴ
788 1257 1053 1326 σχισθῆτε
1100 1250 1177 1311 εἷς
1211 1247 1306 1305 δύο
1336 1248 1596 1328 κεφαλὰς,
1629 1247 1711 1304 ὅτι
1741 1252 1844 1302 πᾶν

208 1340 238 1396 ὅ
280 1341 496 1411 ἐποίησε
542 1338 763 1415 Κύριος,
812 1337 1054 1416 κεφαλὴν
1105 1337 1231 1411 μίαν
1280 1336 1419 1413 ἔχει.
1468 1334 1681 1393 Ἔδωκε
1746 1333 1842 1390 δύο

208 1430 402 1504 ὤμους,
436 1426 627 1499 πόδας,
674 1433 884 1505 χεῖρας¹
934 1425 1082 1482 ἀλλὰ
1127 1428 1299 1482 πάντα
1339 1427 1407 1482 τὰ
1456 1425 1596 1500 μέλη
1641 1430 1709 1500 τῇ
1746 1430 1845 1499 μιᾷ

204 1518 401 1597 κεφαλῇ
457 1516 738 1574 ὑπακούει.
787 1518 993 1591 Ἒγνων
1046 1516 1096 1570 ἐν
1146 1520 1326 1593 γραφῇ
1395 1514 1639 1591 πατέρων
1710 1536 1839 1588 μου,

209 1606 284 1663 ὅτι
328 1606 377 1661 ἐν
426 1605 677 1681 ἐσχάταις
722 1605 955 1681 ἡμέραις
1005 1605 1374 1675 ἀποπήσεσοε
1437 1605 1543 1659 ἀπὸ
1619 1604 1840 1679 Κυρίου,

206 1696 288 1751 καὶ
343 1693 763 1771 διαιρεθήσεσθε,
816 1694 867 1749 ἐν
914 1694 1135 1770 Ἰσραὴλ
1192 1696 1329 1766 (68),
1387 1692 1475 1748 xui
1535 1691 1653 1748 δυσὶ
1689 1694 1841 1769 βασι-

208 1784 377 1841 λεῦσιν
426 1782 898 1855 ἐξακολουθήσετε,
950 1783 1040 1839 καὶ
1088 1788 1192 1837 πᾶν
1243 1780 1524 1859 βδέλυγμα
1586 1784 1844 1853 ποιήσετε

205 1874 288 1929 καί
316 1894 376 1949 γε
413 1879 517 1928 πᾶν
577 1870 808 1928 εἶ’δωλον
852 1874 1276 1948 προσκυνήσετε,
1326 1872 1414 1926 xui
1464 1870 1838 1947 αίχμαλοτεύ-
1877 1909 1923 1974 Β

206 1983 378 2018 σουσιν
433 1962 571 2034 ὑμᾶς
629 1963 680 2016 oi
730 1960 919 2037 ἐχθροί
970 1961 1144 2033 ὑμῶν,
1194 1960 1283 2014 καὶ
1313 1960 1590 2024 καθίσεσθε
1621 1962 1735 2032 (69)
1792 1958 1842 2014 ἐν

204 2050 369 2116 ἔθνεσι
396 2051 448 2106 ἐν
478 2052 671 2113 πάσαις
700 2049 1016 2122 ἀσθενείαις,
1063 2050 1155 2104 καὶ
1204 2048 1440 2123 θλίψεσι,
1492 2049 1580 2103 καὶ
1633 2046 1847 2111 ὀδύναις

205 2144 404 2216 ψυχῆς.
463 2140 565 2197 Καὶ
628 2138 761 2212 μετὰ
814 2143 981 2193 ταῦτα
1042 2139 1412 2211 μνησθήσεσθε
1472 2136 1697 2213 Κυρίου,
1756 2136 1845 2191 καὶ

208 2231 576 2304 μετανοήσετε,
608 2228 697 2283 xui
730 2226 1036 2304 ἐπιστρέψει
1088 2228 1247 2299 ὑμᾶς.
1298 2226 1381 2282 ὅτι
1434 2225 1685 2299 ἐλεήμων
1737 2224 1847 2281 ἐστί

202 2318 289 2372 καὶ
336 2317 734 2392 εὕσπΛαγχνος,
782 2317 859 2388 μή
912 2314 1271 2392 λογιζόμενος
1316 2314 1505 2369 κακίαν
1555 2320 1672 2376 τοῖς
1703 2315 1847 2376 υἱοῖς

203 2411 305 2461 τῶν
357 2406 678 2481 ἀνθρώπων,
741 2402 879 2460 διότι
951 2404 1078 2480 σάρξ
1128 2403 1251 2475 εἶσι,
1309 2403 1399 2459 καὶ
1454 2404 1522 2458 τὰ
1566 2402 1847 2475 πνεύματα

196 2498 296 2564 τῆς
326 2493 541 2565 πλάνης
576 2495 751 2565 ἀπατᾷ
798 2492 991 2556 αὐτοὺς
1043 2492 1131 2548 ἐπὶ
1176 2492 1373 2555 πάσαις
1422 2498 1543 2555 ταῖς
1593 2492 1843 2566 πράξεσιν

200 2583 393 2641 αὐτῶν.
441 2582 537 2638 Kui
586 2584 722 2657 μετᾶ
769 2587 935 2637 ταῦτα
984 2581 1231 2637 ἀνατελεῖ
1280 2582 1406 2655 ὑμῖν
1459 2582 1618 2645 αὐτὸς
1678 2582 1706 2635 ὁ
1738 2581 1844 2638 Κύ-

202 2693 316 2749 ριος
347 2674 480 2747 (70),
513 2676 626 2739 φῶς
661 2669 1036 2741 δικαιοσύνης,
1086 2671 1175 2727 xui
1237 2668 1375 2733 ἴασις
1422 2670 1514 2725 καὶ
1571 2669 1843 2745 εὐσπλαγ-

200 2760 331 2837 χνία
361 2761 449 2817 ἐπὶ
478 2767 597 2823 ταῖς
628 2760 873 2837 πτέρυξιν
907 2760 1090 2816 αὐτοῦ.
1140 2759 1313 2821 Αὐτὸς
1362 2758 1696 2834 λυτρώσεται
1742 2765 1845 2814 πᾶ-

202 2871 303 2905 σαν
362 2848 746 2925 αἰχμαλωσίπον
780 2850 911 2903 υἱῶν
944 2848 1232 2921 ἀνθρώπου
1265 2847 1324 2903 ἐκ
1354 2852 1450 2902 τοῦ
1504 2846 1725 2923 Βελιᾶρ,
1756 2847 1846 2902 καὶ

196 2946 302 2994 πᾶν
354 2944 564 3012 πνεῦμα
629 2937 842 3008 πλάνης
917 2940 1324 3008 πατηοήσεται·
1382 2941 1475 2992 καῖ
1541 2934 1846 3010 ἐπιστρέψει

190 3027 355 3084 πέντα
418 3030 485 3083 τά
514 3026 639 3098 ἔθνη
704 3027 778 3089 εἰς
830 3024 1220 3102 παραζήλωσιν
1275 3025 1478 3081 αὐτοῦ’
1524 3024 1613 3079 καὶ
1656 3025 1848 3098 ὄψεσθε

192 3117 322 3172 Θεὸν
357 3115 408 3171 ἐν
442 3118 688 3190 σχήματι
722 3115 1029 3191 ἀνθρώπου,
1074 3113 1132 3169 ὅν
1188 3112 1248 3169 ἂν
1299 3111 1580 3185 ἐκλέξηται
1631 3112 1847 3189 Κύριος,

193 3204 557 3278 Ἰερουσαλὴμ
602 3205 773 3277 ’ύνομα
820 3203 967 3275 αύτῴ
1013 3205 1147 3277 (74).
1200 3202 1301 3258 Καὶ
1348 3201 1514 3258 πάλιν
1572 3201 1624 3257 ἐν
1674 3223 1847 3271 πονη-

196 3276 289 3369 ρία
318 3276 525 3369 λόγων⁷
553 3276 707 3367 ὑμῶν
754 3276 1110 3368 παροργίσετε
1152 3290 1336 3361 αὐτὸν,
1384 3291 1475 3347 καὶ
1505 3289 1844 3369 ἀπόρῥιφθή-
1875 3276 1919 3345 C

198 3385 351 3438 σεσθε
378 3379 486 3445 ἕως
514 3386 707 3456 καιροῦ
738 3379 1063 3442 συντελείας.

271 3473 329 3529 Ι”
363 3496 393 3524 ‹‹
427 3470 524 3526 Καὶ
555 3475 670 3542 νῦν,
697 3470 855 3525 τέκνα
890 3490 1016 3543 μου,
1053 3469 1129 3543 μή
1161 3467 1435 3537 λυπεῖσθε,
1468 3468 1549 3524 ὅτι
1612 3469 1850 3540 ἀποθνή-

197 3579 315 3615 σκω
373 3558 507 3634 ἐγὼ,
568 3556 710 3632 μηδὲ
762 3558 1117 3631 συμπίπτετε,
1173 3556 1257 3612 ὅτι
1315 3555 1602 3612 ἀπολείπω
1676 3557 1853 3630 ὑμῶν.

198 3649 576 3722 ’Δνασήσομαι
625 3649 729 3722 γὰρ
776 3645 941 3703 πάλιν
1002 3645 1054 3701 ἐν
1114 3647 1263 3719 μέσῳ
1306 3645 1478 3719 ὑμῶν,
1511 3646 1584 3708 ὡς
1612 3645 1859 3722 ἡγούμε-

204 3757 302 3800 νος
337 3735 391 3791 ἐν
419 3740 567 3810 μέσῳ
598 3737 730 3791 υἱῶν
779 3735 965 3805 αὐτοῦ,
1024 3735 1116 3790 xui
1163 3733 1604 3812 εύφρανθήσομαι
1659 3734 1710 3789 ἐν
1764 3732 1858 3807 μέ-

210 3847 295 3900 σῳ
324 3832 428 3895 τῆς
455 3824 632 3903 φυλῆς
669 3846 795 3898 μου,
827 3824 948 3879 ὅσοι
980 3821 1244 3902 ἐφύλαξαν
1285 3822 1451 3897 νόμον
1502 3822 1732 3897 Κυρίου,
1772 3821 1862 3878 καὶ

211 3913 446 3976 ἐντολὰς
473 3908 761 3969 Ζαϐουλὼν
802 3913 1005 3989 πατρὸς
1052 3912 1248 3967 αὐτῶν.
1305 3912 1424 3967 Ἐπὶ
1474 3909 1531 3966 δὲ
1576 3910 1703 3973 τοὺς
1743 3910 1864 3966 ἀσε-

210 3998 334 4065 ϐεῖς
370 4001 568 4073 ἐπάξει.
603 4001 799 4078 Κύριος
832 4006 937 4076 πῦρ
970 4002 1213 4070 αἱώνιον,
1265 4000 1356 4056 xui
1385 3998 1640 4056 ἀπολέσει
1671 3999 1866 4063 αὐτοὺς

204 4088 321 4155 ἕως
368 4095 588 4168 γενεῶν.
639 4091 782 4166 Ἐγὼ
831 4090 909 4153 εἷς
955 4092 1055 4160 τὴν
1087 4088 1379 4145 ἀνάπαυσίν
1417 4111 1522 4163 μου
1552 4087 1868 4165 ἀποτρέχω,

206 4180 287 4243 ὡς
349 4181 402 4236 oi
450 4179 677 4257 πατέρες
738 4199 879 4253 μου’
938 4180 1093 4252 ὑμεῖς
1140 4176 1196 4234 δὲ
1246 4174 1496 4258 φοϐεῖσθε
1541 4178 1737 4255 Κύριον
1780 4179 1874 4233 τὸν

202 4269 345 4327 Θεὸν
400 4270 577 4343 ὑμῶν,
634 4268 686 4323 ἐν
738 4269 880 4342 πάσῃ
932 4266 1105 4345 ἰσχύϊ,
1147 4268 1321 4330 πάσας
1376 4267 1471 4330 τὰς
1528 4268 1739 4344 ἡμέρας
1770 4272 1873 4336 τῆς

208 4365 369 4429 ζωῆς
404 4359 579 4432 ὑμῶν.
613 4382 640 4410 ››
676 4357 772 4414 Καὶ
804 4362 970 4413 ταῦτα
1001 4356 1192 4429 εἰπὼν,
1224 4356 1497 4429 ἐκοιμήθη
1522 4355 1677 4428 iiqu
1697 4352 1873 4427 καλῷ,

205 4448 311 4503 καὶ
372 4445 568 4518 ἔθηκαν
615 4446 772 4502 αὐτὸν
822 4447 877 4501 oi
909 4446 1020 4500 uioi
1049 4443 1214 4501 αὐτοῦ
1246 4444 1297 4499 ἐν
1331 4446 1469 4518 θήκῃ
1493 4462 1506 4477 ⁶
1542 4442 1760 4517 ὕστερον
1820 4439 1879 4498 δὲ

208 4535 583 4613 ἀναγαγόντες
614 4535 772 4592 αὐτὸν
806 4533 882 4598 εἷς
916 4528 1163 4611 Χεϐρὼν,
1196 4532 1396 4607 ἔθαψαν
1436 4532 1572 4606 μετὰ
1616 4536 1725 4586 τῶν
1774 4551 1877 4586 πα-

204 4627 399 4701 τέρων
433 4624 618 4682 αὐτοῦ.

818 4712 1175 4770 ΚΕΦΑΛΙΟΝ
1211 4711 1281 4767 Ζ“.

469 4804 710 4874 Διαθήκη
754 4804 879 4870 Δὰν,
912 4801 1036 4879 περὶ
1066 4804 1243 4876 θυμοῦ
1271 4800 1362 4856 xui
1390 4795 1643 4874 ψεύδους.

297 4895 385 4950 Α’.
418 4891 774 4970 Ἀντίγραφον
820 4888 999 4967 λόγων
1060 4890 1185 4958 Δάν,
1217 4890 1292 4944 ὧν
1324 4887 1440 4944 εἶπε
1466 4892 1581 4950 τοῖς
1612 4887 1751 4950 υἱοῖς
1784 4885 1883 4942 αὖ·

208 4987 323 5038 τοῦ
371 4980 456 5037 ἐπ’
505 4979 749 5055 ἐσχάτων
798 4984 905 5035 τῶν
956 4981 1179 5056 ἡμερῶν
1230 4977 1415 5033 αὐτοῦ.
1444 4977 1751 5049 Ἐκατοστῷ
1807 4975 1882 5031 εἶ-

205 5074 413 5143 κοστῷ
455 5069 693 5143 πέμπτῳ
720 5066 830 5125 έτει
881 5073 983 5138 τῆς
1043 5071 1189 5137 ζωῆς
1264 5064 1450 5138 αὐτοῦ,
1497 5062 1729 5127 καλέσας
1785 5064 1884 5134 τήν

206 5230 467 5288 Visione
514 5246 580 5299 ιι,
623 5231 651 5299 §
697 5230 751 5298 3,
805 5228 894 5286 bis
952 5226 1180 5285 verbis:
1224 5249 1253 5279 «
1283 5226 1370 5283 Tu
1400 5230 1618 5293 autem,
1652 5226 1884 5296 Herma,

207 5302 348 5359 noli
373 5302 717 5358 meminisse
746 5299 1100 5371 injuriarum
1122 5299 1376 5355 ﬁliorum
1395 5302 1652 5371 tuorum.
1676 5302 1889 5371 Memo-

206 5376 308 5430 ria
342 5374 503 5430 enim
531 5370 886 5444 injuriarum
918 5374 1166 5444 mortem
1198 5373 1492 5442 operatur,
1518 5370 1731 5425 oblivio
1752 5385 1888 5426 vero

206 5462 435 5503 earum
469 5442 647 5500 vitam
681 5449 978 5500 aeternam.
1017 5465 1045 5493 »
1080 5442 1252 5498 GnAB.

294 5517 421 5589 (65)
451 5515 731 5591 Τάράσσει.
766 5514 869 5571 Καὶ
896 5514 997 5583 τήν
1031 5512 1254 5589 ὕπαρξιν
1288 5509 1554 5591 ἀφανίζει,
1587 5510 1752 5569 addit
1796 5526 1893 5569 co-

210 5587 342 5646 dex
371 5587 555 5644 Oxon.
594 5587 681 5643 In.

318 5661 397 5715 66
447 5658 525 5712 Τὰ
553 5653 739 5712 ὕδατα.
771 5654 895 5711 Ἐπί
924 5656 1056 5712 add.
1090 5659 1179 5711 ID.

292 5660 421 5806 (67)
450 5725 840 5806 Κατασύφέρει.
876 5726 1179 5805 Καταφέρει

320 5725 421 5805 67)
450 5725 840 5807 Κατασύφέρει.
876 5726 1207 5805 Καταφέρει.
1238 5730 1321 5783 ID.

526 5856 794 5921 Ριτιιοι..
842 5854 958 5919 Gn.
1000 5853 1082 5918 II.

1952 632 2009 684 et
2037 644 2270 684 omnem
2302 630 2870 701 consanguinitatem
2903 632 3213 705 dispergit,
3241 638 3298 689 et
3331 634 3600 691 animum

1952 718 2273 789 perturbat.
2308 718 2528 775 Memor
2551 718 2707 776 enim
2757 719 2898 776 mali
2926 720 3150 777 viscera
3184 721 3600 780 misericordia

1953 822 2069 861 non
2104 806 2299 862 habet.

2022 894 2112 950 IX.
2148 917 2176 945 ‹‹
2208 895 2501 952 Attendite
2530 898 2719 971 aquis,
2756 898 3035 970 quoniam
3086 915 3221 956 cum
3253 901 3431 957 simul
3470 918 3604 958 mo-

1951 988 2177 1055 ventur,
2212 984 2453 1056 lapides,
2486 986 2669 1059 ligna,
2729 1004 2967 1043 arenam
3001 988 3351 1061 detrahunt;
3386 990 3435 1047 si
3466 1008 3600 1048 vero

1951 1073 2014 1129 in
2046 1072 2264 1130 multas
2292 1074 2649 1146 dividantur,
2674 1080 2829 1133 terra
2851 1078 3200 1134 exterminat
3227 1096 3346 1147 eas,
3374 1083 3432 1135 et
3452 1080 3602 1137 ﬁunt

1952 1161 2247 1234 neglectae.
2273 1163 2341 1217 Et
2371 1179 2493 1230 vos,
2518 1164 2567 1220 ei
2592 1165 2956 1233 dividamini,
2990 1166 3152 1222 eritis
3184 1168 3282 1223 ita.
3315 1167 3396 1224 Ne
3437 1170 3598 1225 scin-

1952 1250 2176 1306 damini
2207 1250 2267 1306 in
2298 1252 2413 1307 duo
2444 1252 2656 1326 capita,
2684 1253 2820 1324 quia
2850 1272 3020 1310 omne
3050 1257 3205 1326 quod
3252 1257 3388 1311 fecit
3415 1257 3594 1326 Deus,

1952 1344 2128 1411 caput
2169 1357 2354 1395 unum
2399 1341 2593 1396 habet.
2634 1342 2805 1397 Dedit
2854 1343 2999 1398 duos
3049 1343 3349 1416 humeros,
3399 1346 3597 1416 pedes,

1953 1445 2197 1496 manus;
2232 1430 2335 1485 sed
2366 1430 2565 1485 omnia
2604 1432 2867 1486 membra
2918 1432 3020 1486 uni
3070 1433 3247 1504 capiti
3295 1434 3595 1490 obediunt.

1951 1517 2092 1573 Novi
2125 1517 2186 1573 in
2216 1518 2508 1590 scriptura
2537 1523 2772 1590 patrum
2795 1536 3082 1586 meorum,
3110 1523 3265 1593 quod
3288 1522 3347 1577 in
3380 1523 3603 1579 ultimis

1953 1606 2161 1662 diebus
2193 1608 2474 1663 recedetis
2497 1626 2530 1663 a
2555 1608 2818 1676 Domino,
2837 1613 2893 1663 et
2918 1609 3083 1665 divisi
3111 1611 3276 1667 eritis
3307 1611 3366 1666 in
3398 1611 3602 1680 Israel,

1952 1699 2009 1750 et
2038 1694 2188 1751 duos
2217 1712 2383 1767 reges
2405 1696 2817 1768 sequemini,et
2838 1714 3069 1753 omnem
3104 1699 3603 1756 abominationem

1952 1783 2196 1851 facietis,
2231 1789 2287 1839 et
2315 1801 2487 1840 omne
2516 1785 2737 1840 idolum
2766 1786 3105 1854 adorabitis,
3132 1791 3189 1843 et
3219 1789 3476 1859 captivos
3508 1790 3607 1844 ab-

1954 1872 2171 1928 ducent
2196 1889 2297 1927 vos
2329 1871 2552 1929 inimici
2584 1873 3140 1942 vestri,etsedebitis
3169 1875 3227 1930 in
3261 1877 3605 1933 nationibus

1953 1960 2012 2015 in
2044 1960 2318 2017 omnibus
2348 1961 2879 2030 inﬁrmitatibus,et
2908 1962 3474 2034 tribulationibus,et
3505 1966 3607 2021 do-

1955 2048 2179 2104 loribus
2212 2051 2517 2105 animaaEt
2546 2056 2679 2122 post
2710 2053 2829 2105 haec
2863 2051 3309 2107 recordabimini
3342 2052 3601 2121 Domini,

1954 2142 2011 2193 et
2040 2138 2383 2210 resipicetis,
2416 2144 2474 2194 et
2520 2144 2815 2195 convertet
2845 2157 2967 2207 vos,
3017 2142 3293 2211 quoniam
3343 2142 3600 2197 clemens

1955 2231 2043 2282 est
2063 2231 2119 2282 et
2149 2226 2501 2296 misericors,
2538 2245 2651 2283 non
2683 2228 2980 2299 imputans
3013 2229 3293 2284 malitiam
3330 2231 3465 2286 ﬁliis
3496 2231 3600 2286 ho-

1958 2314 2221 2383 minum;
2256 2316 2535 2386 quoniam
2566 2333 2697 2372 caro
2730 2321 2890 2384 sunt,
2921 2322 2975 2372 et
3008 2317 3249 2388 spiritus
3274 2318 3487 2374 erroris
3516 2334 3602 2374 se-

1954 2403 2179 2459 ducunt
2221 2420 2320 2460 eos
2368 2404 2427 2459 in
2469 2404 2746 2460 omnibus
2799 2406 3128 2462 actionibus
3178 2407 3322 2462 suis.
3372 2408 3443 2462 Et
3472 2412 3604 2479 post

1954 2493 2076 2548 haec
2106 2492 2325 2548 orietur
2357 2493 2520 2549 vobis
2553 2495 2678 2565 ipse
2710 2494 3016 2563 Dominus,
3045 2495 3239 2551 lumen
3267 2496 3604 2566 justitiae,et

1955 2581 2177 2636 sanitas
2199 2584 2256 2636 et
2280 2581 2680 2638 misericordia
2704 2582 2762 2637 in
2787 2584 2995 2655 pennis
3025 2585 3172 2654 ejus.
3200 2584 3327 2655 Ipse
3359 2585 3607 2640 redimet

1954 2686 2188 2726 omnem
2222 2670 2615 2742 captivitatem
2651 2670 2903 2727 filiorum
2938 2672 3194 2728 hominis
3245 2690 3279 2728 a
3310 2673 3517 2743 Beliar,
3552 2678 3610 2728 et

1954 2759 2147 2816 omnis
2178 2759 2423 2831 spiritus
2453 2760 2669 2815 erroris
2701 2762 3176 2829 conculcabitur;
3227 2767 3283 2817 et
3315 2768 3611 2818 convertet

1956 2864 2159 2903 omnes
2189 2852 2388 2920 gentes
2436 2848 2493 2902 in
2546 2848 2979 2905 aemulationem
3030 2852 3200 2921 ejus;
3235 2853 3291 2906 et
3336 2851 3609 2907 videbitis

1958 2941 2136 2991 Deum
2172 2937 2229 2991 in
2264 2936 2451 2992 forma
2476 2936 2755 3004 hominis,
2790 2955 2963 3010 quem
2996 2938 3235 3010 elegerit
3266 2940 3555 2996 Dominus
3589 2958 3602 3009 ;

1953 3024 2278 3081 Jerusalem
2304 3042 2515 3081 nomen
2543 3026 2690 3081 ei.Et
2711 3044 2917 3082 rursus
2938 3026 2996 3082 in
3022 3028 3243 3083 malitia
3264 3046 3606 3086 sermonum

1955 3118 2283 3169 vestrorum
2316 3115 2389 3169 ad
2420 3114 2784 3170 iracundiam
2815 3117 3204 3188 provocabitis
3234 3135 3390 3187 eum,
3423 3123 3481 3173 et
3511 3119 3608 3174 ab-

1947 3202 2091 3274 jecti
2119 3202 2280 3259 eritis
2312 3218 2500 3275 usque
2530 3204 2600 3259 ad
2634 3207 2869 3276 tempus
2911 3205 3458 3263 consummationis.

2031 3470 2096 3525 Χ.
2132 3491 2160 3521 ‹‹
2192 3469 2258 3525 Et
2286 3486 2465 3538 nunc,
2498 3469 2601 3526 ﬁlii
2655 3471 2793 3540 mei,
2843 3488 2914 3528 ne
2963 3472 3409 3543 contristemini,
3461 3489 3605 3545 quo-

1964 3558 2124 3613 niam
2154 3558 2373 3613 morior
2417 3574 2562 3631 ego;
2598 3576 2787 3631 neque
2824 3561 3164 3627 concidatis,
3214 3562 3489 3633 quoniam
3522 3578 3610 3617 re-

1969 3647 2171 3717 linquo
2194 3662 2317 3702 vos.
2350 3646 2672 3720 Resurgam
2704 3647 2860 3704 enim
2895 3649 2953 3703 in
3001 3650 3193 3704 medio
3223 3651 3423 3716 vestri,
3455 3649 3617 3706 velut

1970 3734 2089 3789 dux
2137 3737 2197 3789 in
2266 3734 2459 3790 medio
2507 3735 2763 3792 filiorum
2832 3752 3099 3803 suorum,
3152 3742 3210 3792 et
3262 3737 3502 3793 laetabor
3557 3738 3617 3792 in

1974 3822 2166 3878 medio
2215 3822 2404 3879 tribus
2451 3839 2614 3890 meae,
2667 3828 2954 3897 quotquot
3001 3825 3404 3881 custodierunt
3434 3826 3622 3899 legem

1976 3911 2229 3980 Domini,
2275 3916 2333 3967 et
2363 3913 2641 3968 mandata
2670 3912 2927 3969 Zabulon
2962 3914 3145 3985 patris
3176 3931 3402 3970 eorum.
3440 3916 3629 3988 Super

1976 3999 2192 4072 impios
2217 4016 2351 4056 vero
2381 4000 2620 4056 inducet
2664 4001 2950 4057 Dominus
2996 4002 3193 4074 ignem
3234 4008 3541 4071 aeternum,
3572 4010 3630 4060 et

1980 4089 2183 4161 perdet
2213 4104 2312 4144 eos
2341 4105 2528 4161 usque
2557 4090 2618 4144 in
2650 4090 3074 4163 generationes.
3108 4092 3224 4164 Ego
3254 4091 3313 4147 in
3367 4094 3624 4165 requiem

1982 4194 2173 4233 meam
2206 4177 2657 4250 confugio,sicut
2682 4183 2875 4251 patres
2907 4180 3019 4236 mei
3046 4197 3178 4236 :vos
3204 4185 3397 4237 autem
3430 4183 3631 4237 timete

1986 4266 2291 4321 Dominum
2319 4271 2495 4321 Deum
2526 4272 2809 4336 vestrum,
2844 4267 2902 4323 in
2933 4268 3092 4324 omni
3126 4269 3490 4337 fortitudine,
3511 4286 3637 4325 om-

1986 4354 2160 4409 nibus
2191 4354 2399 4409 diebus
2426 4354 2555 4410 vitae
2602 4359 2827 4411 vestrae.
2867 4378 2888 4405 ι
2927 4360 2996 4411 Et
3039 4372 3173 4412 cum
3205 4356 3327 4411 hzec
3370 4358 3634 4429 dixisset,

1987 4441 2259 4499 dormivit
2288 4459 2495 4498 somno
2524 4443 2700 4510 bono,
2734 4448 2793 4499 et
2822 4449 3145 4515 posuerunt
3175 4461 3311 4500 eum
3358 4446 3463 4500 filii
3506 4448 3637 4517 ejus

1989 4532 2197 4600 theca;
2231 4536 2435 4604 postea
2464 4548 2598 4588 vero
2630 4534 2971 4589 reducentes
3000 4549 3137 4589 eum
3166 4533 3227 4588 in
3259 4534 3509 4602 Hebron,
3547 4550 3640 4590 se-

1912 4640 1961 4707 ι)
1990 4620 2283 4695 pelierunt
2311 4637 2443 4677 eum
2476 4620 2745 4693 patribus
2776 4621 2931 4692 ejus.

2619 4708 2851 4766 CAPUT
2890 4708 3009 4766 VII.

2222 4799 2614 4854 Testamentum
2643 4798 2781 4864 Dan,
2814 4798 2879 4855 de
2904 4800 2996 4855 ira
3025 4808 3079 4857 et
3108 4800 3409 4858 mendacio.

2065 4890 2110 4943 Ι.
2144 4886 2591 4958 Transcriptum
2621 4888 2929 4943 verborum
2979 4894 3123 4960 Dan,
3166 4906 3293 4961 quas
3324 4888 3469 4945 dixit
3501 4887 3641 4945 filiis

1994 4975 2121 5031 suis
2152 4975 2211 5030 in
2263 4974 2489 5031 ultimis
2538 4976 2745 5032 diebus
2792 4976 2937 5032 suis.
2988 4978 3317 5035 Centesimo
3362 4978 3640 5036 vicesimo

1995 5063 2201 5136 quinto
2230 5079 2384 5119 anno
2415 5062 2544 5120 vitae
2573 5080 2693 5119 suae
2723 5081 2939 5122 vocans
2970 5067 3190 5123 tribum
3223 5084 3415 5136 suam,
3444 5066 3590 5123 dixit
3625 5080 3642 5121 :

2214 5218 2464 5297 Ἰσραήλ.Δ
2482 5219 2846 5297 Ιερουσαλήμ.
2881 5224 2941 5297 ID
2959 5268 2972 5280 .

2090 5292 2181 5364 69)
2218 5292 2522 5364 Καθίσεσθε.
2536 5292 2544 5295 ’
2557 5292 2964 5364 Κακῶθήσεσθε.
2992 5300 3050 5352 ID
3063 5338 3076 5352 .

2069 5361 2485 5444 (?O)_’{\vute)tei
2515 5365 2641 5444 ὑμῖν
2673 5361 2834 5428 αὐτὸς
2862 5367 2891 5421 ὁ
2922 5365 3141 5444 Κύριος,
3169 5373 3280 5426 etc.
3314 5368 3540 5426 Alludit
3569 5368 3642 5425 ad

2000 5436 2296 5494 Malaebiae
2317 5454 2417 5507 71v,
2436 5438 2490 5491 2.
2526 5436 2609 5493 ID.

2071 5506 2331 5586 (71)“Kui
2388 5502 2645 5586 iacnt...
2703 5505 3064 5586 Ἰερουσαλὴμ
3098 5502 3284 5586 ,ὄνομα
3330 5508 3497 5586 αύτῷ.
3548 5506 3651 5586 Καὶ

2002 5576 2347 5671 ἐπιστρέφετε
2395 5577 2470 5671 ἐκ
2506 5581 2631 5671 τῇςυ
2654 5576 2783 5655 γῆς’
2806 5580 2978 5671 ὑμῶν,
3006 5576 3115 5671 "xui
3141 5576 3334 5671 ὄψεσθε
3363 5576 3560 5657 Κύριον
3594 5579 3649 5635 ἐν

2000 5647 2482 5732 Ἰερουσαλὴμ-διὰ
2506 5647 2771 5732 τὸ-ὅνομα
2800 5647 2985 5725 αὑτοῦ,
3019 5647 3197 5711 habet
3228 5654 3409 5711 codex
3445 5647 3659 5713 'Oxon.

2004 5722 2191 5781 multo
2220 5722 2539 5782 concisius.
2571 5727 2655 5780 In.

2091 5223 2160 5278 68

2068 5226 2159 5368 269

2164 5222 2182 5438 ἒ

3301 5854 3382 5915 35
