4014 6226
270 413 407 472 “Ol

1545 406 2141 472 TESTAMENTUM
2184 411 2367 472 DAN.

3506 423 3660 485 1102

262 545 464 613 πνεῦμα
496 538 575 595 ἀεὶ
610 539 746 612 μετὰ
779 542 876 593 τοῦ
925 536 1154 612 ψεύδους
1202 536 1263 593 ἐκ
1309 535 1493 611 δεξιῶν
1545 541 1642 593 τοῦ
1691 542 1898 592 Σατανᾶ

2016 540 2257 612 quitate.
2291 542 2395 601 Hic
2426 545 2669 617 spiritus
2700 562 2931 620 semper
2959 564 3093 605 cum
3125 550 3429 607 mendacio
3460 568 3494 607 a
3522 553 3659 609 dex-

262 630 559 706 πορεύεται,
605 626 693 684 ’ίνα
736 627 786 683 ἐν
832 627 1080 702 ὠμότητι
1148 628 1238 683 καὶ
1286 625 1467 703 ψεύδει
1538 625 1792 705 γίνωνται
1845 626 1899 681 αἱ

259 720 469 794 πράξεις
498 719 684 775 αὐτοῦ.

325 810 394 865 Δ’.
428 833 456 861 (‹
489 807 695 862 Οὐκοῦν
752 804 957 861 συνίετε
1001 806 1101 875 τήν
1152 802 1381 879 δύναμιν
1437 809 1534 861 τοῦ
1587 806 1783 877 θυμοῦ,
1816 802 1901 859 ὅτι

267 896 455 969 ματαία
510 896 669 952 ἐστίν.
703 897 787 951 Ἐν
831 895 935 971 γὰρ
987 893 1142 969 λόγῳ
1187 893 1471 970 παροξύνει
1515 895 1629 968 (78)
1659 897 1897 969 πρῶτον·

263 987 366 1041 εἶτα
412 985 463 1041 ἐν
516 982 693 1062 ἔργοις
744 981 964 1039 δυνατοῖ
1008 984 1097 1039 τὸν
1151 983 1524 1060 ἐρεθιζόμενον
1564 985 1696 1058 (79),
1729 982 1817 1037 καὶ
1849 981 1901 1037 ἐν

263 1074 473 1149 ζημίαις
518 1078 739 1150 πικραῖς
787 1075 901 1146 (80)
930 1073 1181 1147 ταράσσει
1229 1072 1292 1128 τὸ
1342 1068 1657 1127 διαϐούλιον
1712 1070 1896 1125 αὐτοῦ*

260 1166 337 1221 καὶ
369 1164 538 1225 οὕτως
569 1160 821 1237 διεγείρει
850 1161 903 1216 ἐν
952 1163 1109 1235 θυμῷ
1160 1160 1381 1237 μεγάλῳ
1428 1161 1527 1230 τήν
1576 1160 1759 1236 ψυχὴν
1810 1158 1901 1214 αύ-

257 1258 364 1310 τοῦ.
399 1255 523 1308 Ὅτε
566 1250 655 1307 οὖν
708 1248 869 1305 λαλεῖ
902 1271 985 1313 τις
1035 1251 1154 1314 καθ’
1204 1251 1379 1323 ὑμῶν,
1414 1250 1567 1322 ὑμεῖς
1620 1250 1694 1322 μή
1736 1252 1898 1303 κινεῖ-

263 1346 342 1398 σθε
394 1342 471 1404 εἷς
521 1340 707 1414 θυμόν·
754 1338 843 1394 καὶ
895 1337 979 1393 ἐάν
1029 1360 1110 1401 τις
1157 1337 1351 1410 ἐπαινῇ
1414 1338 1553 1410 ὑμᾶς
1621 1338 1697 1400 ὡς
1762 1337 1894 1411 ἀγα-

262 1431 375 1496 θοὺς
425 1432 558 1504 (81),
610 1429 685 1502 μή
738 1426 1037 1504 ἐπαίρεσθε,
1083 1427 1223 1499 μήτε
1278 1421 1703 1499 μεταϐάλλεσθε,
1759 1427 1900 1498 μήτε

262 1520 329 1583 εἰς
358 1521 568 1596 τέρψιν,
606 1519 744 1590 μήτε
791 1515 867 1579 εἷς
913 1512 1112 1571 ἀειδίαν
1164 1517 1299 1589 (82).
1354 1519 1574 1591 Πρῶτον
1628 1515 1732 1590 γὰρ
1775 1513 1898 1588 τέρα

257 1630 339 1664 πει
367 1611 463 1677 τὴν
497 1607 690 1679 ἀκοὴν,
721 1606 811 1660 καὶ
842 1605 1020 1667 οὕτως
1056 1603 1227 1677 ὀξύνει
1270 1604 1362 1659 τὸν
1417 1608 1563 1671 νοῦν,
1596 1605 1785 1672 νοῆσαι
1835 1602 1897 1657 τὸ

260 1698 537 1774 ἐρεθισθέν*
588 1696 674 1750 καὶ
721 1694 843 1749 τότε
891 1693 1161 1765 θυμωθεὶς
1219 1690 1427 1764 νομίζει
1475 1688 1700 1752 δικαίως
1748 1687 1899 1764 ὀργί-

262 1790 449 1855 ζεσθαι.
504 1785 623 1839 Ἐὰν
702 1781 759 1837 δὲ
815 1783 986 1855 ζημίᾳ
1034 1781 1069 1851 ἢ
1125 1779 1355 1851 ἀπολείᾳ
1409 1780 1514 1833 τινὶ
1571 1777 1899 1855 περιπέσητε

258 1877 383 1949 (83),
433 1874 614 1941 τέκνα,
669 1872 744 1945 μὴ
796 1872 1057 1945 θροεῖσθε*
1112 1868 1195 1924 ὅτι
1241 1868 1368 1923 αὐτὸ
1416 1868 1478 1922 τὸ
1524 1872 1734 1939 πνεῧμα
1778 1866 1895 1921 ἐπι-

259 1926 383 1949 \"n
446 1926 526 1929 *νη
586 1926 614 1941 τι
669 1926 678 1945 ι
735 1926 744 1940 ι
800 1926 837 1945 νι
1659 1926 1669 1939 ι

258 1965 486 2036 θυμῆσαι
516 1966 664 2016 ποιεῖ
701 1964 798 2015 τοῦ
845 1958 1214 2032 ἀπολομένου,
1244 1954 1337 2011 ’ίνα
1389 1958 1618 2030 θυμωθῇ
1670 1953 1758 2010 διὰ
1802 1959 1898 2010 τοῦ
1928 1926 1975 1991 Β

256 2051 437 2105 πόθου.
466 2051 587 2105 Ἐὰν
640 2047 697 2104 δὲ
751 2049 1069 2121 ζημιωθῆτε
1111 2047 1224 2120 (84)
1272 2044 1547 2116 ἑκουσίως,
1585 2044 1660 2117 μή
1716 2042 1899 2100 λυπεῖ-

254 2142 354 2196 σθε·
390 2140 493 2194 ἀπὸ
525 2138 627 2215 γὰρ
672 2136 855 2208 λύπης
907 2134 1167 2213 ἐγείρεται
1216 2135 1387 2208 θυμὸς
1450 2134 1584 2207 μετά
1642 2131 1895 2207 ψεύδους.

252 2230 394 2284 Ἐστι
455 2225 512 2282 δὲ
570 2224 914 2301 διπρόσωπον
980 2224 1164 2293 κακὸν,
1223 2224 1392 2296 θυμὸς
1454 2222 1587 2296 μετά
1641 2219 1895 2295 ψεύδους,

252 2316 336 2372 καὶ
367 2320 689 2392 συνερῶνται
722 2311 1014 2384 ἀλλήλοις,
1040 2310 1134 2367 ’ίνα
1159 2313 1426 2388 ταράξωσι
1457 2312 1519 2365 τὸ
1560 2305 1892 2366 διαϐούλιον’

250 2405 648 2481 ταρασσομένης
680 2401 736 2457 δὲ
763 2402 864 2471 τῆς
897 2405 1081 2476 ψυχῆς
1112 2400 1674 2479 συνεχῶς,ἀιρίσταται
1700 2398 1894 2474 Κύριος

253 2496 338 2550 ἀπ’
370 2494 555 2565 αὐτῆς,
586 2493 675 2547 καὶ
703 2490 936 2565 κυριεύει
964 2490 1130 2560 αὐτῆς
1161 2491 1188 2545 ὁ
1220 2491 1438 2561 Βελιάρ.

319 2586 393 2641 E'.
423 2608 451 2635 «
487 2582 765 2653 Φυλάξατε
812 2578 925 2653 οὖν,
976 2583 1131 2635 τέκνα
1182 2600 1307 2652 μου,
1365 2579 1459 2642 τὰς
1519 2577 1741 2640 ἐντολὰς
1796 2581 1894 2633 τοῦ

254 2672 475 2747 Κυρίου,
531 2672 621 2727 καὶ
677 2671 768 2726 τὸν
824 2670 992 2743 νόμον
1043 2668 1207 2723 αὐτοῦ
1271 2670 1560 2743 τηρήσατε·
1623 2665 1894 2735 ἀπόστητε

253 2760 308 2818 δὲ
358 2762 462 2817 ἀπὸ
510 2764 705 2834 θυμοῦ,
738 2760 827 2815 καὶ
890 2761 1151 2833 μισήσατε
1205 2758 1267 2812 τὸ
1308 2753 1633 2832 ψεῦδος,⁹ίνα
1692 2754 1889 2832 Κύριος

249 2854 544 2925 κατοικῆσῃ
602 2850 653 2904 ἐν
715 2850 863 2923 ὑμῖν.
900 2846 1332 2921 (85)’Δλήθειαν
1393 2844 1612 2901 λαλεῖτε
1668 2841 1893 2906 ἕκαστος

249 2942 383 3017 πρὸς
430 2942 520 2996 τὸν
569 2938 806 3009 πλησίον
857 2938 1042 3008 αὐτοῦ,
1094 2936 1184 2991 καὶ
1235 2935 1295 2990 ού
1362 2936 1436 3008 μὴ
1485 2934 1757 3008 ἐμπέσητε
1816 2933 1892 2995 εἰς

254 3034 408 3103 μῆνιν
466 3030 555 3084 καὶ
612 3027 877 3103 ταραχὰς,
911 3024 1037 3082 ἀλλ’
1065 3021 1244 3089 ἔσεσθε
1298 3024 1348 3079 ἐν
1409 3024 1614 3101 εἰρήνῃ,
1674 3022 1891 3099 ἔχοντες

247 3119 335 3173 τὸν
363 3118 490 3174 Θεὸν
522 3124 619 3187 τῆς
652 3116 897 3192 εἰρήνης,
938 3115 1026 3168 καὶ
1054 3112 1117 3169 ού
1150 3114 1225 3186 μὴ
1267 3112 1567 3189 κατισχύσῃ
1596 3114 1709 3185 (86)
1741 3112 1892 3183 ὑμῶν

248 3206 517 3281 πόλεμος.
549 3211 821 3281 Ἀγαπᾶτε
848 3204 937 3258 τὸν
972 3203 1171 3277 Κύριον
1200 3202 1252 3257 ἐν
1284 3201 1425 3275 πάσῃ
1463 3205 1531 3274 τῇ
1564 3200 1676 3275 ζωῇ
1718 3201 1892 3273 ὑμῶν,

2009 629 2116 684 tris
2147 631 2372 687 Satanae
2406 635 2691 703 ambulat,
2712 640 2777 691 ut
2805 636 2866 692 in
2893 637 3237 695 crudelitate
3267 643 3322 695 et
3352 642 3656 699 mendacio

2010 717 2153 775 ﬁant
2181 725 2348 777 actus
2378 723 2528 793 ejus.

2082 808 2169 863 IV.
2204 830 2233 859 «
2264 811 2627 884 Quapropter
2655 812 2963 886 intelligite
2993 817 3315 886 potentiam
3354 817 3473 885 irai,
3507 834 3655 890 quo-

2011 893 2169 950 niam
2200 913 2350 953 vana
2380 901 2561 955 est.In
2580 916 2849 957 sermone
2880 903 3036 958 enim
3055 905 3355 961 exacerbat
3374 905 3653 977 primum;

2010 983 2219 1040 deinde
2249 986 2309 1041 in
2340 988 2615 1059 operibus
2648 990 2920 1046 fortiﬁcat
2950 992 3345 1061 stimulatum,
3380 1000 3436 1050 et
3464 994 3526 1050 in
3552 996 3656 1052 da-

2010 1074 2165 1129 mnis
2198 1076 2414 1131 amaris
2439 1078 2751 1135 conturbat
2781 1080 3092 1136 consilium
3124 1082 3359 1151 ejus:et
3381 1083 3464 1138 ita
3492 1099 3658 1141 exsu-

2009 1162 2179 1217 scitat
2207 1162 2267 1217 in
2299 1162 2386 1220 ira
2416 1181 2630 1238 magna
2658 1168 2918 1223 animam
2951 1170 3350 1240 ejus.Quando
3372 1171 3552 1243 igitur
3579 1172 3658 1229 lo-

2008 1250 2211 1322 quitur
2239 1251 2450 1322 aliquis
2468 1254 2775 1311 adversum
2793 1273 2992 1327 vos,ne
3012 1259 3359 1314 moveamini
3390 1259 3448 1315 in
3470 1260 3615 1317 iram
3638 1279 3652 1331 ;

2007 1342 2064 1394 et
2094 1338 2141 1395 si
2175 1340 2307 1411 quis
2335 1340 2534 1397 laudet
2562 1360 2663 1399 vos
2692 1349 2756 1399 ut
2786 1346 3076 1414 bonos,ne
3107 1345 3430 1413 elevemini,
3466 1366 3654 1421 neque

2005 1430 2481 1485 transmutemini
2510 1431 2596 1486 vel
2628 1433 2685 1487 in
2718 1432 3277 1502 delectationem,vel
3306 1435 3367 1490 in
3400 1435 3652 1509 rigorem

2004 1515 2227 1573 vultus.
2260 1517 2523 1575 Primum
2554 1521 2707 1576 enim
2743 1522 2991 1578 delectat
3020 1523 3309 1593 auditum,
3337 1528 3394 1580 et
3425 1524 3505 1580 ita
3531 1541 3661 1582 exa-

2006 1604 2127 1660 cuit
2157 1611 2436 1675 mentem,
2468 1614 2532 1664 ut
2559 1609 2845 1682 intelligat
2877 1613 3031 1684 quod
3066 1614 3479 1683 exprobratum
3520 1617 3609 1669 est
3640 1629 3655 1668 :

2006 1697 2063 1749 et
2091 1698 2231 1751 tunc
2262 1695 2446 1753 iratus
2478 1699 2773 1755 existimat
2796 1701 2959 1771 juste
2987 1701 3245 1756 irasci.Si
3277 1701 3335 1755 in
3360 1702 3658 1773 jacturam

2008 1787 2109 1837 aut
2137 1784 2521 1855 perditionem
2556 1786 2817 1859 aliquam
2850 1788 3408 1859 incideritis,ﬁlii,ne
3438 1790 3658 1845 tumul-

2004 1872 2291 1941 tuemini;
2326 1874 2605 1945 quoniam
2652 1875 2748 1932 hic
2780 1877 3023 1947 spiritus
3076 1878 3486 1949 concupiscere
3518 1878 3659 1935 facit

2006 1960 2160 2031 quod
2192 1962 2485 2032 perditum
2518 1967 2627 2034 est,
2663 1969 2726 2020 ut
2756 1965 3043 2021 irascatur
3072 1983 3175 2037 per
3204 1966 3658 2023 desiderium.Si

2005 2053 2200 2103 autem
2224 2050 2517 2121 jacturam
2548 2052 2852 2125 patiemini
2882 2053 3227 2121 voluntarie,
3249 2070 3320 2109 ne
3352 2055 3655 2111 contriste-

2007 2136 2231 2203 mini;a
2260 2139 2498 2195 tristitia
2528 2143 2683 2197 enim
2718 2143 3140 2198 suscitaturira
3170 2159 3303 2198 cum
3329 2144 3654 2200 mendacio.

2004 2226 2105 2281 Est
2135 2232 2327 2282 autem
2354 2228 2575 2285 malum
2606 2231 2899 2303 duplicem
2918 2232 3139 2287 habens
3172 2232 3491 2297 faciem,ira
3521 2249 3653 2288 cum

2006 2316 2330 2384 mendacio,
2363 2321 2421 2373 et
2463 2318 2879 2391 colloquuntur
2927 2326 3155 2387 mutuo,
3188 2325 3253 2375 ut
3300 2321 3655 2376 conturbent

2004 2404 2315 2460 consilium
2351 2423 2363 2460 :
2399 2408 2633 2462 turbata
2662 2413 2859 2464 autem
2892 2409 3089 2465 anima
3119 2410 3394 2466 continue
3436 2410 3654 2466 recedit

2008 2493 2289 2549 Dominus
2319 2495 2391 2550 ab
2422 2494 2571 2566 ipsa,
2600 2500 2658 2552 et
2687 2496 3025 2553 dominatur
3053 2499 3104 2553 ei
3135 2497 3345 2554 Beliar.

2074 2585 2143 2637 V.
2179 2603 2207 2631 ‹‹
2238 2583 2534 2640 Custodite
2582 2602 2738 2657 ergo,
2773 2586 2875 2640 ﬁlii
2910 2587 3042 2653 mei,
3078 2589 3353 2642 mandata
3396 2587 3648 2655 Domini,

2002 2673 2059 2726 et
2086 2670 2276 2743 legem
2325 2674 2453 2742 ejus
2501 2679 2758 2741 servate;
2792 2676 3040 2731 recedite
3088 2680 3283 2731 autem
3334 2677 3406 2730 ab
3456 2677 3562 2740 ira,
3594 2680 3652 2732 et

2002 2759 2135 2814 odio
2166 2760 2373 2815 habete
2406 2762 2871 2829 mendacium,ut
2900 2763 3185 2819 Dominus
3213 2763 3434 2819 habitet
3464 2766 3520 2819 in
3553 2780 3650 2819 vo-

2003 2848 2116 2914 bis,
2145 2854 2201 2903 et
2244 2849 2427 2921 fugiat
2455 2867 2489 2907 a
2514 2851 2677 2907 vobis
2726 2852 2927 2907 Beliar.
2960 2852 3276 2908 Veritatem
3319 2852 3646 2925 loquamini

2005 2938 2412 3009 unusquisque
2442 2939 2509 2993 ad
2547 2940 2875 3010 proximum
2911 2958 3109 3008 suum,
3140 2944 3197 2997 et
3227 2958 3341 2996 non
3374 2941 3647 2997 incidetis

2004 3026 2062 3081 in
2096 3026 2241 3081 iram
2274 3032 2331 3082 et
2359 3028 2722 3084 turbationes
2746 3046 2760 3096 ;
2786 3030 2883 3085 sed
2918 3029 3080 3085 eritis
3110 3029 3168 3084 in
3201 3030 3650 3101 pace,babentes

2005 3116 2187 3171 Deum
2220 3116 2416 3186 pacis;
2450 3120 2507 3171 et
2537 3134 2649 3172 non
2686 3117 3016 3190 praevalebit
3063 3120 3372 3174 adversum
3402 3135 3502 3174 vos
3534 3118 3651 3175 bel-

2004 3203 2389 3277 lum.Diligite
2421 3205 2737 3261 Dominum
2769 3207 2829 3261 in
2862 3208 3021 3262 omni
3052 3207 3171 3263 vita
3201 3212 3411 3273 vestra,
3445 3212 3500 3263 et
3533 3224 3656 3264 vos-

247 3298 335 3352 καὶ
384 3294 669 3368 ἀλλήλους
718 3294 769 3349 ἐν
823 3293 1058 3366 ἀληθινῇ
1099 3288 1313 3367 καρδίᾳ.
1364 3288 1496 3345 Οἶδα
1546 3291 1672 3365 γὰρ,
1715 3288 1796 3344 ὅτι
1845 3288 1896 3345 ἐν

2015 3296 2132 3348 met
2159 3292 2406 3349 invicem
2456 3294 2515 3349 in
2545 3294 2731 3350 veraci
2779 3296 2971 3351 corde.
3004 3296 3143 3351 Novi
3175 3296 3354 3364 enim,
3390 3297 3545 3367 quod
3594 3296 3654 3351 in

256 3385 507 3461 ἐσχάταις
540 3386 771 3461 ἡμέραις
802 3382 1165 3453 ἀποστήσεσθε
1198 3385 1297 3435 τοῦ
1340 3378 1561 3456 Κυρίου,
1588 3377 1677 3433 καὶ
1724 3397 1899 3454 προσ-

255 3477 493 3550 οχθιεῖτε
540 3475 631 3529 τὸν
687 3473 836 3544 Λευί,
902 3470 990 3525 καὶ
1070 3470 1205 3545 πρὸς
1257 3466 1462 3526 Ἰούδαν
1544 3466 1894 3540 ἀντιτάξεσθε·

254 3562 380 3619 ἀλ)’
433 3563 494 3617 ού
549 3561 833 3632 δυνήσεσθε
878 3560 1013 3637 πρὸς
1073 3556 1296 3620 αὐτούς.
1337 3554 1608 3633 ’Ἄγγελος
1645 3556 1749 3631 γὰρ
1795 3561 1898 3609 Κυ-

254 3652 375 3728 ρίου
406 3649 599 3726 ὁδηγεῖ
625 3650 928 3726 ἑκατέρους,
962 3647 1046 3703 ὅτι
1077 3647 1129 3703 ἐν
1162 3646 1345 3707 αὐτοῖς
1376 3647 1624 3716 στήσεται
1654 3642 1894 3719 Ἰσραήλ.

252 3740 351 3795 Καὶ
397 3741 471 3803 ὡς
528 3739 587 3794 ἂν
664 3739 933 3807 ἀποστῆτε
984 3736 1089 3791 ἀπὸ
1158 3735 1374 3811 Κυρίου,
1433 3732 1485 3787 ἐν
1543 3734 1686 3807 πάσῃ
1741 3730 1899 3803 κακίᾳ

251 3829 563 3906 πορεύεσθε,
596 3833 873 3889 ποιοῦντες
934 3824 1282 3903 βδελύγματα
1329 3824 1518 3890 ἐθνῶν,
1551 3821 1897 3894 ἐκπορνεύον-

248 3940 341 3981 τες
394 3917 445 3973 ἐν
490 3917 727 3994 γυναιξὶν
778 3916 1020 3989 ἀνόμων,
1046 3914 1136 3969 καὶ
1187 3912 1239 3968 ἐν
1291 3914 1433 3987 πάσῃ
1462 3911 1696 3986 πονηρίᾳ
1751 3908 1896 3986 ἐνερ-

250 4006 495 4084 γούντων
529 4006 579 4061 ἐν
632 4008 757 4080 ὑμῖν
808 4010 914 4060 τῶν
964 4003 1287 4076 πνευμάτων
1337 4008 1438 4071 τῆς
1482 3998 1717 4069 πλάνης.
1750 3999 1899 4055 Ἀνέ-

249 4118 392 4173 γνων
424 4098 527 4172 γὰρ
576 4095 625 4151 ἐν
665 4091 844 4171 βίϐλῳ
876 4094 1056 4168 Ἑνὼχ
1091 4096 1189 4147 τοῦ
1238 4089 1468 4163 δικαίου,
1501 4089 1583 4144 ὅτι
1636 4090 1664 4143 ὁ
1712 4086 1899 4165 ἅρχων

254 4186 408 4259 ὑμῶν
469 4185 607 4240 ἐστιν
642 4186 670 4240 ὁ
704 4189 963 4255 Σατανᾶς,
994 4180 1084 4236 καὶ
1143 4180 1225 4235 ὅτι
1282 4178 1455 4235 πάντα
1500 4180 1567 4233 τὰ
1621 4177 1902 4252 πνεύματα

249 4282 355 4345 τῆς
404 4275 655 4351 πορνείας
711 4273 801 4329 καὶ
857 4279 956 4342 τῆς
1016 4269 1408 4348 ὑπερηφανείας
1450 4272 1528 4340 τῷ
1586 4268 1717 4322 Λευῗ
1773 4267 1903 4321 ὑπα-

250 4363 563 4434 κούσονται,
620 4367 717 4419 τοῦ
794 4358 1139 4438 παρεδρεύειν
1225 4363 1339 4421 τοῖς
1405 4358 1543 4419 υἱοῖς
1602 4357 1751 4425 Λευῒ,
1805 4359 1903 4411 τοῦ

252 4458 433 4508 ποιεῖν
510 4450 705 4513 αὐτοὺς
770 4447 1148 4526 ἐξαμαρτάνειν
1223 4446 1449 4502 ἐνώπιον
1529 4445 1752 4521 Κυρίου.
1803 4443 1905 4499 Καὶ

253 4541 367 4596 υἱοί
410 4562 515 4615 μου
564 4538 864 4617 ἐγγίζοντές
914 4537 1015 4593 εἰσι
1070 4540 1149 4608 τῷ
1204 4535 1355 4606 Λευῒ,
1386 4533 1475 4589 καὶ
1508 4531 1901 4610 συνεξαμαρτά-

251 4651 439 4693 νοντες
496 4629 680 4691 αὐτοῖς
739 4628 789 4682 ἐν
843 4632 994 4682 πᾶσι’
1022 4625 1110 4680 καὶ
1169 4624 1277 4679 υἱοὶ
1345 4620 1525 4679 Ἰούδα
1578 4619 1790 4678 ἔσονται
1851 4621 1903 4676 ἐν

250 4718 564 4793 πλεονεξίᾳ,
607 4719 935 4792 ἁρπάζοντες
989 4715 1057 4770 τὰ
1101 4711 1369 4789 ἀλλότρια
1411 4712 1484 4774 ὡς
1536 4709 1770 4773 λέοντες.
1807 4710 1905 4766 Διὰ

248 4814 420 4864 τοῦτο
470 4809 850 4883 ἀπαχθήσεσθε
886 4804 975 4859 σὺν
1008 4803 1192 4865 αὐτοῖς
1243 4802 1293 4857 ἐν
1346 4798 1722 4877 αἰχμαλωσίᾳ,
1753 4799 1908 4855 κάκεῖ

249 4896 607 4972 ἀπολήψεσθε
636 4898 807 4957 πάσας
853 4896 947 4956 τὰς
994 4891 1209 4968 πληγὰς
1266 4890 1561 4967 Αἰγύπτου,
1594 4890 1683 4945 καὶ
1737 4888 1907 4951 πάσας

246 4986 524 5061 πονηρίας
552 4990 658 5042 τῶν
691 4984 876 5040 ἐθνῶν
924 4983 1015 5038 καὶ
1073 4981 1247 5043 οὕτως
1304 4979 1714 5055 ἐπιστρέψαντες
1772 4979 1909 5055 πρὸς

248 5075 481 5153 Κύριον,
514 5072 1013 5146 ἐλεηθήσεσθε,καὶ
1054 5072 1164 5144 ἄξει
1222 5069 1364 5143 ὑμᾶς
1420 5067 1495 5130 εἰς
1551 5067 1614 5123 τὸ
1673 5068 1910 5144 ἁγίασμα

247 5166 446 5237 αὐτοῦ,
479 5166 620 5242 βοῶν
654 5164 779 5238 ὑμῖν
815 5162 1059 5237 εἰρήνην,
1093 5158 1195 5217 Καὶ
1226 5155 1476 5214 ἀνατελεῖ
1529 5157 1656 5232 ὑμῖν
1708 5156 1767 5212 ἐκ
1811 5163 1911 5227 τῆς

332 5328 448 5397 (78)
482 5324 793 5398 Παροξύνει.
830 5320 1209 5398 Παρρξύνεται.
1243 5320 1431 5398 GRAI}.

332 5392 450 5474 (79)
484 5392 923 5474 Ἐρεθιζόμενον.’
945 5392 1343 5474 ξΟργιζόμενον.
1378 5394 1459 5447 ID.

332 5471 452 5542 (ευ)
484 5472 730 5542 [πικραῖς.
764 5471 1016 5542 Maps:-
1054 5471 1135 5522 In.

357 5537 450 5605 81)
481 5537 768 5613 ΪΑγαθούς.
800 5537 1040 5613 Ἀγίρυς.
1079 5543 1162 5593 ID.

358 5616 452 5679 82)
485 5608 744 5667 ’Δειδίαν.
776 5608 1022 5678 Ἀηδίαν.
1058 5614 1139 5666 11).

358 5686 454 5755 83)
486 5683 839 5755 Περιπέσητε.
871 5678 1159 5755 Περιπέσςῃ.
1194 5684 1278 5735 ID.

359 5688 433 5743 83
486 5686 839 5755 Περιπέσητε.
871 5686 1073 5755 Περιπέ
1148 5719 1159 5733 .
1194 5686 1278 5735 ID.

359 5686 454 5833 84)
485 5755 604 5813 Ἐὰν
637 5751 697 5811 δὲ
726 5754 1060 5828 ζημιωθῆτε.
1078 5700 1316 5811 (assunt
1361 5745 1561 5805 omnia
1606 5761 1796 5820 usque
1843 5746 1919 5804 ad

2008 3381 2236 3438 ultimis
2286 3382 2493 3438 diebus
2542 3384 2825 3440 recedetis
2856 3402 2891 3439 a
2938 3385 3198 3454 Domino,
3246 3389 3303 3440 et
3349 3384 3655 3440 oﬂ‘endetis

2006 3472 2159 3540 Levi,
2193 3474 2250 3527 et
2297 3471 2460 3527 Judae
2493 3472 2815 3540 resistetis;
2849 3474 2950 3529 sed
3001 3490 3118 3528 non
3150 3472 3502 3545 superabitis
3531 3489 3652 3528 eos.

2005 3559 2263 3632 Angelus
2293 3560 2450 3616 enim
2483 3561 2708 3616 Domini
2741 3562 2903 3616 ducit
2934 3566 3237 3632 utrosque,
3273 3562 3551 3634 quoniam
3592 3561 3652 3618 in

2006 3650 2152 3721 ipsis
2196 3648 2375 3705 stabit
2406 3649 2601 3705 Israel.
2638 3650 2706 3705 Et
2735 3667 2868 3705 cum
2920 3651 3201 3706 recedetis
3232 3668 3265 3706 a
3295 3649 3559 3718 Domino,
3591 3649 3648 3705 in

2007 3738 2167 3793 omni
2200 3736 2424 3792 malitia
2453 3737 2851 3806 ambulabitis,
2877 3738 3155 3794 facientes
3186 3738 3651 3793 abominationes

2007 3826 2291 3898 gentium,
2325 3831 2650 3883 scortantes
2680 3844 2814 3883 cum
2847 3826 3190 3882 mulieribus
3220 3827 3655 3898 iniquorum,et

2007 3916 2069 3970 in
2102 3915 2260 3970 omni
2310 3914 2537 3970 malitia
2582 3915 2895 3987 spirituum
2930 3915 3142 3972 erroris
3191 3916 3555 3987 operantium
3589 3917 3651 3970 in

2006 4003 2193 4059 vobis.
2227 4003 2363 4077 Legi
2410 4004 2568 4059 enim
2599 4004 2658 4059 in
2689 4004 2837 4060 libro
2869 4004 3061 4060 Enoch
3107 4005 3277 4075 justi,
3304 4005 3459 4076 quod
3491 4005 3654 4077 prin-

2010 4109 2146 4164 ceps
2177 4096 2365 4150 vester
2393 4096 2481 4148 est
2499 4093 2828 4158 Satanas,et
2858 4093 3012 4165 quod
3044 4109 3247 4149 omnes
3279 4093 3523 4165 spiritus
3545 4094 3658 4148 for.

2011 4181 2320 4237 nicationis
2348 4186 2404 4236 et
2432 4181 2717 4253 superbiae
2747 4182 2879 4237 Levi
2911 4181 3275 4251 obedient,ut
3302 4181 3659 4237 insidientur

2012 4270 2151 4326 filiis
2186 4270 2394 4337 Levi,et
2424 4270 2639 4325 faciant
2671 4287 2769 4327 eos
2801 4286 3036 4342 peccare
3059 4287 3252 4326 coram
3288 4270 3555 4326 Domino.
3590 4266 3658 4324 Et

2012 4358 2117 4413 ﬁlii
2150 4358 2264 4414 mei
2295 4358 2772 4431 appropinquant
2804 4358 3029 4425 Levi,et
3061 4358 3239 4414 simul
3262 4363 3503 4430 peccant
3525 4374 3659 4413 cum

2014 4448 2098 4504 eis
2128 4447 2187 4501 in
2220 4448 2495 4503 omnibus
2527 4463 2540 4502 :
2577 4452 2633 4503 et
2663 4447 2767 4501 ﬁlii
2801 4448 2967 4502 Juda:
2999 4452 3171 4502 erunt
3198 4448 3255 4501 in
3297 4447 3658 4513 avaritia,ra-

2015 4537 2240 4610 pientes
2272 4535 2461 4591 aliena
2512 4539 2578 4590 ut
2604 4534 2821 4590 leones.
2851 4539 3095 4607 Propter
3140 4535 3248 4591 hoc
3287 4532 3661 4589 abducemini

2016 4641 2151 4681 cum
2199 4624 2373 4680 eisin
2421 4623 2838 4696 captivitatem,
2871 4628 2929 4679 et
2954 4623 3072 4678 illic
3120 4622 3408 4694 recipietis
3456 4637 3661 4677 omnes

2014 4714 2217 4786 plagas
2246 4713 2558 4786 ngypti,et
2586 4727 2790 4768 omnes
2821 4712 3135 4784 pravitates
3165 4710 3427 4783 gentium
3452 4726 3466 4765 :
3496 4713 3554 4765 et
3582 4708 3665 4765 ita

2017 4807 2369 4859 revertentes
2401 4802 2472 4857 ad
2503 4801 2816 4858 Dominum
2850 4799 3311 4857 misericordiam
3343 4814 3664 4871 conseque-

2018 4891 2248 4960 mini,et
2277 4892 2450 4946 ducet
2476 4907 2577 4946 vos
2608 4890 2665 4944 in
2689 4889 3213 4945 sanctiﬁcationem
3245 4887 3663 4960 ejus,clamans

2017 4980 2183 5036 vobis
2216 4980 2515 5052 pacem.Et
2545 4978 2763 5034 orietur
2791 4978 2956 5034 vobis
2988 4995 3058 5034 ex
3083 4978 3239 5033 tribu
3262 4979 3293 5034 J
3302 4978 3418 5033 uda
3446 4982 3505 5033 et
3537 4974 3665 5032 Levi

2021 5070 2275 5127 salutare
2324 5067 2606 5124 Domini:
2657 5071 2713 5122 et
2761 5066 2888 5139 ipse
2939 5068 3107 5123 faciet
3151 5069 3432 5123 adversus
3477 5062 3669 5121 Beliar

2022 5158 2313 5231 praelium,
2346 5160 2403 5212 et
2450 5156 2735 5211 ultionem
2765 5155 3017 5212 victoriae
3071 5156 3234 5212 dabit
3261 5153 3531 5213 terminis
3575 5167 3669 5209 ve-

2023 5318 2199 5373 finem
2232 5316 2412 5387 hujus
2444 5315 2815 5441 paragraphi.
2851 5316 2936 5371 In.
3586 5383 3597 5396 _

2093 5390 2207 5441 (85)
2240 5388 2543 5441 Ἀλήθειαν.
2627 5389 2718 5441 inc
2747 5388 2805 5441 in
2838 5387 3019 5441 Oxon.
3069 5392 3125 5441 et
3170 5387 3410 5441 Cantab.
3473 5384 3597 5441 codl

2093 5390 2207 5462 (85)
2236 5384 2543 5462 ῘΑᾸῄθεῐαν.
2576 5384 2718 5462 Hinc
2747 5387 3019 5462 in_0xon.
3069 5392 3125 5444 et
3170 5387 3410 5444 Cantab.
3473 5384 3670 5441 codice

2026 5458 2290 5517 clausula
2318 5461 2520 5515 deesse
2553 5458 2777 5513 videtur
2814 5458 2898 5513 In.

2096 5532 2209 5603 (86)
2242 5531 2338 5584 Καὶ
2387 5528 2448 5582 ού
2500 5528 2951 5603 (annual-601].
2988 5531 3210 5603 Omnia
3264 5529 3325 5585 in
3349 5600 3363 5603 _
3390 5531 3494 5603 ΟΧ.
3545 5526 3669 5603 90d.

2027 5599 2242 5675 desunt
2271 5616 2457 5675 usque
2488 5599 2559 5657 ad
2594 5601 2706 5656 ista
2730 5599 3033 5675 sequentis
3063 5600 3410 5675 paragraphi
3452 5599 3628 5656 verba
3655 5613 3669 5655 :

2025 5673 2116 5730 καὶ
2145 5672 2198 5729 ἐν
2225 5678 2341 5735 τοῖς
2364 5669 2539 5729 ἔθνεσι
2580 5672 2799 5747 Σωτήρ.
2820 5669 2927 5730 Ἰο.
