4014 6226
421 380 575 440 “03

1456 376 1987 439 TESTAMENTA
2030 375 2141 436 XII
2183 373 2909 438 PATRIARCIIARUM.

3628 382 3757 443 1104

423 510 659 568 stris.Et
688 509 916 566 animas
947 512 1283 565 sanctorum
1315 508 1573 581 captivas
1603 508 1874 565 liberabit
1903 526 1937 564 a
1964 508 2061 563 Be-

2201 502 2347 560 [ούδα
2401 503 2493 559 καὶ
2560 506 2691 560 Aeni
2742 507 2806 561 τὸ
2882 506 3151 581 σωτήριον
3211 504 3423 578 Κυρίου·
3477 507 3559 562 καὶ
3632 511 3760 571 αὐτὸς

422 600 553 666 liar,
587 603 644 654 et
673 602 966 653 convertet
997 598 1172 653 corda
1202 597 1504 653 incredula
1532 598 1605 652 ad
1645 598 1984 668 Dominum,
2018 599 2075 652 et

425 686 588 742 dabit
617 686 1024 741 invocantibus
1058 702 1191 741 cum
1224 701 1427 758 pacem
1461 689 1821 754 aeternam,et
1852 682 2082 755 requie-

426 777 593 831 scent
620 774 680 829 in
710 776 869 831 Eden
902 778 1175 845 sancti,et
1202 774 1262 829 in
1295 773 2076 830 novaJerusalemlaetabun-

426 870 524 920 tur
545 864 714 936 justi,
749 881 876 936 quas.
905 863 1016 919 erit
1045 864 1105 918 in
1145 863 1629 936 gloriﬁcationem
1664 863 1765 917 Dei
1800 879 1986 934 usque
2015 862 2075 916 in

429 953 809 1010 saeculum.Et
838 970 954 1009 non
987 952 1241 1025 amplius
1273 952 1593 1008 sustinebit
1620 950 1947 1007 Jerusalem
1974 950 2075 1006 de-

428 1042 989 1115 solationem,neque
1020 1041 1283 1114 captivus
1301 1040 1733 1096 duceturlsrael
1760 1058 1773 1108 ;
1799 1040 2076 1112 quoniam

432 1131 717 1188 Dominus
748 1132 857 1186 erit
889 1131 949 1187 in
980 1130 1170 1186 medio
1213 1132 1364 1202 ejus,
1402 1146 1536 1185 cum
1566 1129 1905 1185 hominibus
1935 1145 2077 1184 con-

427 1226 716 1291 versatus,
751 1226 807 1276 et
835 1224 1077 1276 sanctus
1114 1219 1289 1275 Israel
1322 1236 1573 1291 regnans
1603 1235 1779 1291 super
1826 1218 1987 1290 ipsos
2016 1218 2077 1273 in

431 1309 766 1366 humilitate
797 1314 854 1366 et
883 1313 1226 1381 paupertate
1260 1327 1271 1363 :
1301 1314 1359 1365 et
1387 1308 1488 1379 qui
1519 1307 1702 1364 credit
1726 1308 1785 1362 in
1815 1322 2077 1375 eum,re-

432 1399 636 1472 gnabit
665 1398 726 1453 in
755 1398 997 1454 veritate
1028 1398 1089 1452 in
1120 1396 1300 1453 caelis.

2184 595 2401 664 ποιήσει
2431 595 2567 667 πρὸς
2597 595 2686 649 τὸν
2720 593 2916 671 Βελιὰρ
2954 591 3225 668 πόλεμον,
3254 594 3342 649 καὶ
3393 597 3485 665 τήν
3540 595 3760 670 ἐκδίκησιν

2183 686 2280 736 τοῦ
2331 681 2510 744 νίκους
2542 679 2702 737 δώσει
2742 682 2958 757 πέρασιν
3014 682 3189 756 ὑμῶν.
3226 682 3322 737 Καὶ
3376 685 3468 751 τὴν
3520 683 3763 760 αἷχμαλω-

2184 770 2299 825 σίαν
2333 765 2478 845 λάϐῃ
2512 771 2616 826 ἀπὸ
2644 776 2741 826 τοῦ
2774 770 2968 847 Βελιὰρ
3000 771 3180 847 ψυχας
3228 771 3413 847 ἁγίων,
3441 771 3525 827 καί
3578 773 3766 851 ἐπιστρέ-

2186 863 2274 935 ψει
2322 858 2543 935 καρδίας
2596 860 2832 923 ἀπειθεῖς
2876 861 3013 936 πρὸς
3081 860 3303 937 Κύριον,
3349 862 3437 916 καὶ
3502 860 3644 918 δώσει
3682 872 3767 929 τοῖς

2187 947 2636 1022 ἐπικαλουμένοις
2678 949 2837 1005 αὐτὸν
2888 948 3109 1025 εἰρήνην
3170 949 3410 1023 αἰώνιον,
3458 952 3540 1005 καὶ
3583 952 3768 1008 avni-.25-

2188 1059 2371 1094 σονται
2418 1038 2469 1093 ἐν
2518 1035 2683 1112 Ἐδὲμ
2728 1038 2895 1115 ἅγιοι,
2924 1039 3015 1094 καὶ
3062 1037 3149 1093 ἐπὶ
3198 1046 3298 1109 τῆς
3329 1038 3446 1101 νέας
3474 1041 3772 1116 Ἰερουσαλήμ

2188 1126 2646 1205 εὐφρανθήσονται
2694 1123 2917 1198 δίκαιοι,
2946 1125 3070 1197 ἥτις
3121 1124 3269 1183 ἔσται
3319 1127 3393 1189 εἰς
3436 1125 3650 1202 δόξασμα
3674 1136 3769 1186 Θεοῦ

2185 1211 2291 1278 ἓως
2343 1219 2441 1270 τοῦ
2494 1213 2841 1278 αἷῶνος.Καί
2897 1216 2997 1271 οὐκ
3052 1214 3128 1271 ἔτι
3190 1216 3445 1290 ὑπομένει
3474 1218 3771 1293 Ἰερουσαλὴμ

2189 1304 2492 1381 ἐρήμωσιν,
2525 1302 2651 1359 οὐδὲ
2709 1302 3175 1380 αἱχμαλωτίσεται
3235 1305 3474 1379 Ἰσραὴλ,
3505 1306 3581 1362 ὅτι
3620 1308 3769 1384 Κύριος

2188 1389 2333 1449 ἔσται
2402 1392 2454 1448 έν
2518 1392 2667 1467 μέσῳ
2713 1392 2904 1463 αὐτῆς,
2932 1398 3050 1457 τοῖς
3110 1394 3417 1470 ἀνθρώποις
3449 1400 3770 1475 συνανασρεοὸ-

438 1507 596 1560 μενος
653 1487 787 1557 (87),
819 1484 908 1539 καὶ
948 1484 1103 1559 ἅγιος
1160 1483 1379 1560 Ἰσραὴλ
1440 1483 1739 1559 βασιλεύων
1800 1482 1879 1539 ἐπ’
1934 1481 2130 1546 αὐτοὺς
2189 1481 2239 1538 ἐν
2291 1483 2614 1538 ταπεινώσει
2667 1482 2757 1538 καὶ
2816 1482 2868 1539 ἐν
2927 1483 3195 1560 πτωχείᾳ·
3219 1484 3309 1539 καὶ
3359 1485 3389 1540 ὁ
3434 1484 3670 1541 πιστεύων
3712 1488 3769 1542 ἐπ’

435 1575 580 1647 αὐτῷ
615 1572 917 1650 βασιλεύσει
952 1572 1002 1627 ἐν
1036 1572 1266 1645 ἀληθείᾳ
1297 1572 1348 1627 ἐν
1378 1578 1493 1634 τοῖς
1523 1571 1791 1649 οὐρανοῖς.

507 1665 601 1720 VI.
638 1687 665 1715 ‹‹
698 1665 769 1719 Et
799 1681 953 1719 nunc
982 1664 1183 1719 timete
1216 1664 1551 1733 Dominum,
1587 1663 1691 1718 ﬁlii
1739 1662 1874 1731 mei,
1909 1666 1965 1718 et
1995 1666 2079 1718 at-

2264 1662 2325 1730 ζ’.
2360 1684 2389 1713 ‹‹
2421 1659 2521 1716 Καὶ
2551 1665 2639 1717 νῦν
2675 1657 2957 1741 φοϐήθητε
2998 1661 3091 1717 τὸν
3150 1660 3374 1738 Κύριον,
3403 1660 3553 1718 τέκνα
3581 1684 3685 1737 μου,
3708 1666 3770 1719 καὶ

436 1754 657 1810 tendite
704 1752 1141 1824 vobismetipsis
1177 1769 1209 1807 a
1237 1753 1452 1807 Satana
1498 1756 1555 1807 et
1586 1751 1891 1824 spiritibus
1928 1754 2078 1823 ejus.

436 1842 916 1915 Appropinquate
941 1845 1139 1896 autem
1178 1842 1374 1906 Deo,et
1395 1840 1599 1912 angelo
1623 1840 1922 1896 excusanti
1945 1855 2080 1908 vos;

438 1930 718 2003 quoniam
750 1930 842 1985 hic
872 1934 961 1986 est
992 1929 1276 1985 mediator
1307 1929 1408 1984 Dei
1440 1934 1498 1984 et
1526 1928 1859 1999 hominum,
1892 1929 1950 1983 in
1982 1946 2083 2000 pa-

437 2037 562 2076 cem
601 2018 1015 2074 Israel.Contra
1044 2033 1291 2089 regnum
1324 2017 1546 2073 inimici
1579 2018 1794 2086 stabit;
1829 2034 2084 2090 quapro-

437 2113 566 2182 pter
595 2109 791 2163 studet
839 2107 1115 2163 inimicus
1142 2108 1475 2163 subvertere
1519 2124 1719 2163 omnes
1750 2107 2084 2163 invocantes

437 2198 775 2253 Dominum.
808 2196 979 2252 Novit
1009 2196 1189 2263 enim,
1223 2196 1376 2268 quod
1409 2195 1468 2251 in
1501 2213 1617 2267 qua
1649 2195 1741 2251 die
1771 2195 2087 2253 crediderit

440 2285 1160 2353 Israel,consummabitur
1189 2301 1436 2356 regnum
1468 2284 1711 2341 inimici.
1746 2285 1874 2356 Ipse
1906 2300 2081 2357 ange-

438 2375 532 2431 lus
564 2374 725 2446 pacis
758 2374 1092 2430 fortilicabit
1121 2373 1399 2441 Israel,ne
1422 2373 1642 2430 incidat
1665 2374 1724 2428 in
1759 2375 1935 2430 ﬁnem
1968 2391 2088 2430 ma-

439 2464 733 2520 lorum.In
764 2468 1027 2535 tempore
1056 2468 1254 2518 autem
1283 2462 1616 2535 iniquitatis
1648 2462 1823 2518 Israel
1858 2462 2088 2518 recedet

442 2554 515 2609 ab
546 2553 630 2608 eis
668 2551 967 2618 Dominus,
1003 2550 1277 2607 transibit
1307 2556 1440 2622 post
1472 2552 1777 2607 facientem
1819 2550 2087 2607 volunta-

440 2647 561 2698 tem
607 2640 817 2713 ipsius,
869 2641 1146 2712 quoniam
1194 2640 1338 2695 nulli
1370 2640 1711 2714 angelorum
1765 2640 1875 2696 erit
1903 2645 1969 2696 ut
2014 2640 2087 2697 ei.

444 2731 670 2786 Nomen
702 2731 828 2801 ejus
859 2728 969 2784 erit
995 2729 1055 2784 in
1086 2729 1245 2785 omni
1278 2728 1400 2784 loco
1433 2728 1611 2785 Israel
1640 2733 1698 2784 et
1728 2729 1787 2784 in
1817 2728 2091 2801 gentibus

447 2819 723 2875 Salvator.
756 2820 1103 2874 Conservate
1133 2817 1313 2888 igitur
1358 2818 1766 2889 vosmetipsos,
1802 2816 1904 2872 ﬁlii
1953 2817 2089 2889 mei,

448 2908 520 2964 ab
552 2907 712 2963 omni
743 2923 914 2978 opere
944 2906 1289 2977 pernicioso,
1309 2910 1365 2960 ct
1395 2906 1627 2976 abjicite
1653 2906 1801 2960 iram
1833 2910 1890 2961 et
1920 2920 2093 2961 omne

447 2996 904 3064 mendacium,et
925 2993 1149 3066 diligite
1165 2994 1468 3049 veritatem
1486 2998 1543 3049 et
1558 2992 2088 3065 longanimitatem,

2189 1751 2490 1825 προσέχετε
2523 1749 2739 1813 ἑαυτοῖς
2782 1752 2888 1805 ἀπὸ
2935 1753 3034 1806 τοῦ
3066 1756 3298 1822 Σατανᾶ,
3330 1750 3420 1806 καὶ
3470 1756 3569 1807 τῶν
3596 1751 3774 1827 πνευμί

2190 1860 2297 1894 των
2328 1839 2513 1896 αὐτοῦ.
2544 1839 2817 1915 Ἐγγίζετε
2849 1837 2906 1895 δὲ
2932 1844 3010 1911 τῷ
3058 1844 3192 1912 Θεῷ,
3224 1840 3313 1895 καὶ
3371 1845 3450 1912 τῷ
3506 1841 3688 1917 ἀγγέλῳ
3723 1847 3774 1915 τῷ

2191 1927 2608 2001 παραιτουμένῳ
2641 1929 2801 2001 ὑμᾶς·
2837 1928 2920 1985 ὅτι
2953 1926 3110 1991 οὗτός
3139 1928 3248 1984 ἐστι
3302 1929 3526 2002 μεσίτης
3568 1936 3680 1986 Θεοῦ
3715 1932 3776 1987 καὶ

2192 2015 2510 2093 ἀνθρώπων,
2553 2016 2639 2072 ἐπὶ
2694 2024 2795 2087 τῆς
2847 2017 3069 2092 εῗρήνης
3115 2017 3360 2089 Ἰσραήλ.
3417 2019 3673 2075 Κατέναντι
3707 2028 3777 2088 τῆς

2197 2102 2475 2181 βασιλείας
2502 2109 2600 2159 τοῦ
2631 2105 2830 2181 ἐχθροῦ
2862 2108 3134 2177 στήσεται·
3170 2104 3259 2161 διὰ
3285 2110 3449 2162 τοῦτο
3499 2105 3777 2177 σπουδάζειὸ

2194 2192 2388 2269 ἐχθρὸς
2422 2194 2794 2264 ὑποσκελίζειν
2822 2193 3023 2257 πάντας
3068 2194 3197 2259 τοὺς
3244 2194 3683 2270 ἐπικαλουμένους
3716 2199 3778 2252 τὸν

2193 2281 2411 2355 Κύριον.
2445 2280 2569 2337 Οἵδε
2597 2283 2719 2359 γὰρ,
2752 2282 2835 2339 ὅτι
2867 2282 2919 2338 έν
2952 2285 3134 2358 ἡμέρᾳ
3162 2286 3275 2359 (88)
3298 2286 3564 2341 πιστεύσει
3592 2284 3778 2362 Ἰσραὴλ,

2195 2370 2672 2443 συντελεσθήσεται
2717 2374 2753 2442 ἡ
2809 2371 3056 2447 βασιλεία
3100 2378 3198 2429 τοῦ
3237 2373 3461 2450 ἐχθροῦ.
3493 2375 3779 2451 Αὐτὸςὸᾶγ·

2194 2457 2359 2536 γελος
2384 2466 2485 2530 τῆς
2517 2461 2739 2537 εἰρήνης
2768 2460 3038 2537 ἐνισχύσει
3068 2463 3160 2518 τὸν
3192 2462 3441 2539 Ἰσραὴλ,
3476 2463 3547 2538 μὴ
3590 2463 3778 2536 ἐμπεσεῖν

2196 2547 2353 2604 αὐτὸν
2414 2548 2491 2611 εἷς
2546 2547 2706 2611 τέλος
2755 2555 2959 2608 κακῶν.
3001 2556 3187 2607 Ἔσται
3222 2548 3281 2607 δὲ
3308 2550 3365 2606 ἐν
3398 2551 3566 2627 καιρῷ
3616 2552 3782 2626 ἀνομίας

2196 2641 2293 2693 τοῦ
2343 2635 2563 2714 Ἰσραὴλ
2621 2636 2982 2716 ἀφιστάμενος
3041 2639 3132 2695 ἀπ’
3191 2640 3371 2695 αὐτῶν
3431 2640 3633 2717 Κύριος,
3673 2662 3779 2714 μετε-

2199 2722 2446 2780 λεύσεται
2480 2720 2697 2791 ὄπισθεν
2736 2731 2995 2783 ποιοῦντα
3038 2727 3103 2783 τὸ
3151 2726 3377 2802 θέλημα
3426 2729 3603 2800 αὐτοῦ,
3630 2730 3695 2784 ὅτι
3726 2730 3784 2784 οὖς

2202 2811 2311 2869 Sevi
2365 2818 2471 2869 τῶν
2520 2814 2761 2892 ἀγγέλων
2812 2812 2956 2871 ἔσται
3015 2817 3090 2879 ὡς
3140 2816 3307 2889 αὐτῷ.
3345 2818 3427 2875 Τὸ
3466 2812 3629 2892 ὄνομα
3670 2816 3784 2873 αὖτοῦ

2202 2899 2347 2958 ἔσται
2380 2902 2431 2958 έν
2463 2904 2622 2959 παντὶ
2652 2904 2804 2976 τόπῳ
2834 2905 3077 2982 Ἰσραὴλ,
3103 2906 3194 2960 καὶ
3234 2906 3287 2962 ἐν
3337 2913 3460 2969 τοῖς
3511 2905 3679 2975 ἔθνεσι,
3708 2914 3787 2962 Σω-

2200 2992 2328 3068 τήρ.
2364 2994 2739 3070 Διατηρήσατε
2769 2991 2860 3048 οὖν
2914 2993 3157 3066 ἑαυτοὺς,
3189 2994 3354 3051 τέκνα.
3415 3017 3538 3070 μου,
3568 2994 3660 3051 and
3697 3017 3785 3050 mv-

447 3090 503 3141 et
533 3101 659 3156 qua:
690 3044 993 3139 audivistis
1023 3044 1249 3154 :patre
1279 3044 1705 3153 vestro,traditoe
1734 3086 1791 3138 et
1818 3099 1919 3138 vos
1951 3044 2087 3138 ﬁliis

2216 3044 2267 3062 Γ,
2315 3044 2328 3050 _
2364 3044 2530 3064 -ηψ,
2916 3044 3157 3066 “nn”
3201 3044 3354 3051 πη...
3466 3044 3516 3051 π
3570 3044 3657 3051 ...η
3703 3044 3764 3050 .___

2201 3044 2298 3143 τὸς
2349 3076 2507 3157 ἔργου
2539 3044 2816 3157 ῗιιεονηροῖὶ,
2877 3081 2966 3137 καὶ
3012 3082 3350 3159 ἀπορρίψατε
3396 3044 3487 3141 τΓθν
3524 3044 3681 3159 ’θυμὸν
3726 3083 3785 3139 ui

445 3174 678 3241 vestris,
708 3177 774 3227 ut
821 3172 1062 3244 recipiat
1088 3188 1191 3227 vos
1243 3175 1411 3227 Pater
1439 3170 1702 3244 gentium
1740 3189 1753 3227 :
1785 3171 1896 3227 erit
1934 3171 2092 3226 enim

442 3280 617 3320 verax
647 3266 704 3318 et
733 3260 1110 3332 longanimis,
1144 3264 1491 3315 mansuetus
1521 3264 1577 3316 et
1605 3259 1870 3329 humilis,
1899 3264 1957 3316 et
1986 3260 2090 3315 do-

442 3368 580 3407 cens
607 3368 709 3423 per
739 3367 913 3422 opera
940 3349 1127 3419 legem
1153 3348 1273 3403 Del.
1305 3348 1597 3405 Discedite
1636 3364 1772 3421 ergo
1803 3349 1875 3404 ab
1929 3349 2091 3405 omni

442 3440 756 3512 injustitia,
789 3443 845 3495 et
870 3438 1433 3510 adhaeretejustitiae
1462 3436 1609 3511 legis
1644 3437 1967 3494 Domini.Et
1997 3453 2089 3495 se-

442 3529 618 3603 pelite
647 3545 738 3584 me
769 3545 947 3601 prope
978 3531 1174 3600 patres
1207 3544 1389 3583 meos.
1423 3548 1452 3578 ››

2202 3174 2307 3223 πᾶν
2351 3166 2571 3243 ψεῦδος,
2622 3170 2713 3225 καὶ
2758 3171 3071 3247 ἀγαπήσατε
3141 3174 3241 3242 τὴν
3298 3173 3560 3245 ἀλήθειαν
3606 3175 3679 3229 καὶ
3719 3175 3785 3239 τήν

2206 3258 2602 3334 μακροθυμίαν,
2634 3260 2723 3314 καὶ
2757 3259 2791 3314 ἃ
2819 3261 3087 3330 ἠκούσατε
3114 3264 3260 3338 παρὰ
3282 3268 3388 3318 τοῦ
3426 3265 3618 3338 πατρὸς
3659 3264 3785 3335 ὑμῶν,

2206 3345 2465 3423 μετάδοτε
2512 3348 2603 3403 καὶ
2658 3348 2816 3422 ὑμεῖς
2859 3355 2976 3413 τοῖς
3022 3350 3233 3414 τέκνοις
3283 3351 3575 3425 tam?“
3625 3350 3782 3422 δέξητιι

2201 3436 2340 3509 ὑμᾶς
2372 3436 2401 3492 ὁ
2432 3437 2618 3513 Πατὴρ
2646 3441 2754 3492 τῶν
2789 3437 2975 3495 ἐθνῶν*
3008 3437 3153 3494 ἔσται
3199 3442 3301 3518 γὰρ
3360 3439 3572 3511 ἀληθής
3613 3441 3689 3497 καὶ
3719 3460 3786 3512 px.

2197 3524 2490 3601 κρόθυμος,
2537 3531 2710 3601 πρᾶος
2758 3527 2848 3581 καὶ
2903 3528 3177 3601 ταπεινὸς,
3234 3529 3325 3583 καὶ
3385 3527 3686 3585 ἐκδιδάσκων
3727 3524 3787 3580 διὲ

440 3622 548 3672 τῶν
582 3614 755 3694 ἔργων
783 3616 947 3690 νόμον
981 3620 1134 3671 Θεοῦ.
1170 3614 1469 3684 Ἀπόστητε
1516 3613 1606 3669 οὖν
1636 3614 1742 3672 ἀπὸ
1772 3612 1950 3686 πάσης
2003 3611 2233 3682 ἀδικίας,
2262 3613 2353 3669 καὶ
2382 3611 2700 3686 κολλήθητε
2726 3619 2796 3690 τῇ
2828 3612 3140 3692 δικαιοσύνῃ
3166 3622 3264 3673 τοῦ
3293 3618 3475 3694 νόμου
3500 3623 3593 3675 τοῦ
3620 3616 3788 3694 Κυρίου.

442 3707 542 3761 Καὶ
574 3706 771 3780 θάψατέ
807 3727 873 3779 με
904 3707 1018 3775 (89)
1045 3703 1205 3780 ἐγγὺς
1234 3708 1342 3758 τῶν
1374 3705 1619 3780 πατέρων
1657 3725 1782 3778 μου.
1816 3728 1845 3757 ››

511 3796 633 3851 VII.
665 3797 736 3850 Et
785 3812 918 3851 cum
948 3794 1070 3850 haec
1120 3795 1380 3863 dixisset,
1412 3797 1711 3851 osculatus
1741 3798 1830 3850 est
1883 3811 2003 3862 eos,
2035 3796 2093 3851 et

443 3883 720 3941 dormivit
749 3901 1023 3940 somnum
1056 3888 1425 3956 perpetuum.
1458 3885 1528 3939 Et
1570 3883 1927 3956 sepelierunt
1956 3900 2092 3940 eum

444 3972 549 4027 ﬁlii
580 3974 706 4044 ejus
737 3991 749 4041 ;
780 3977 836 4029 et
866 3977 997 4044 post
1042 3972 1166 4028 haec
1195 3974 1551 4028 reduxerunt
1582 3990 1717 4030 ossa
1747 3974 1874 4045 ejus
1912 3989 2091 4044 prope

444 4062 933 4128 Abraham,Isaac
965 4066 1021 4117 et
1047 4062 1246 4118 Jacob.
1265 4063 1771 4128 Quemadmodum
1801 4078 1935 4119 vero
1963 4079 2092 4134 pro-

447 4150 707 4222 pbetavit
735 4151 817 4206 eis
848 4151 1156 4221 Dan,quod
1188 4150 1375 4224 legem
1407 4151 1507 4206 Dei
1539 4152 1630 4206 sui
1662 4150 1979 4225 neglecturi
2010 4168 2094 4208 es-

448 4241 599 4306 sent,
627 4242 684 4292 et
727 4236 1037 4293 abalienati
1072 4238 1257 4294 forent
1286 4256 1318 4292 a
1349 4244 1502 4294 terra
1545 4239 1905 4295 bmreditatis
1936 4238 2092 4309 ipso-

2273 3793 2343 3849 Z'.
2397 3792 2498 3848 Καὶ
2561 3796 2729 3848 ταῦτα
2803 3794 2993 3864 εἰπὼν,
3050 3795 3416 3873 κατεφίλησεν
3498 3794 3689 3867 αὐτοὺς,
3731 3791 3790 3847 κιῖ

2201 3879 2442 3937 ὕπνωσεν
2471 3880 2651 3937 ὕπνων
2685 3882 2926 3940 αἰώνιον.
2962 3884 3058 3938 Καὶ
3092 3883 3289 3960 ἔθαψαν
3323 3887 3488 3942 αὐτὸν
3523 3888 3573 3942 οἱ
3614 3887 3705 3939 uio:
3736 3882 3793 3935 r3-

2197 3967 2315 4024 τοῦ·
2348 3969 2437 4025 καὶ
2490 3970 2623 4044 μετᾶ
2665 3976 2832 4028 ταῦτα
2880 3972 3174 4051 ἀνήνεγκαν
3224 3975 3290 4030 τὰ
3324 3975 3463 4032 ὀστᾶ
3519 3975 3666 4031 αύτοῦ
3712 3970 3791 4025 σὺν·

2202 4077 2366 4134 εγγυς
2424 4054 2693 4135 Ἀϐραὰμ,
2752 4059 2843 4115 καὶ
2898 4061 3099 4132 Ἰσαὰκ,
3160 4061 3248 4118 καὶ
3309 4060 3531 4119 Ἰακώϐ.
3571 4063 3699 4129 Πλὴν
3742 4060 3791 4117 ὡς

2202 4145 2596 4225 ἐπροφήτευσεν
2628 4147 2814 4211 αὐτοῖς
2846 4149 2968 4219 Δᾶν,
3002 4149 3084 4205 ὅτι
3138 4150 3509 4216 ἐπιλάθωνται
3538 4152 3685 4225 νόμον
3715 4150 3789 4222 (90)

2203 4234 2337 4292 Θεοῦ
2395 4236 2591 4305 αὐτῶν,
2622 4235 2713 4293 καὶ
2771 4236 3307 4314 ἀλλοτριωθήσονται
3372 4250 3481 4317 γῆς
3531 4241 3715 4314 κλήρου
3736 4236 3793 4291 si

450 4341 603 4391 rum,
636 4328 694 4382 et
723 4342 758 4381 a
786 4342 995 4399 genere
1042 4325 1240 4395 Israel,
1272 4332 1328 4382 et
1362 4327 1550 4398 patria
1595 4328 1900 4400 ipsorum;
1933 4328 2014 4382 ita
2042 4329 2087 4385 θ1

2202 4329 2332 4394 τῶν,
2363 4325 2454 4379 καὶ
2510 4324 2703 4399 γένους
2760 4326 3005 4403 Ἰσραήλ,
3035 4327 3125 4383 καὶ
3183 4330 3418 4408 πατριὰς
3462 4330 3643 4402 αὐτῶν,
3671 4326 3792 4384 οὕτως

450 4415 667 4471 factum
699 4420 809 4472 est.

1053 4521 1291 4579 CAPUT
1332 4523 1481 4579 VIII.

538 4613 932 4669 Testamentum
960 4611 1331 4684 Nephthalim,
1363 4612 1431 4667 de
1459 4610 1710 4667 naturali
1740 4610 2002 4667 bonitate.

519 4720 562 4775 Ι.
591 4718 1039 4790 Transcriptum
1080 4719 1419 4774 testamenti
1450 4715 1829 4787 Nephlhalim
1861 4718 1932 4773 de
1979 4716 2093 4787 his,

447 4823 576 4877 quae
607 4806 899 4878 disposuit
926 4806 986 4861 in
1020 4810 1278 4879 tempore
1309 4807 1445 4862 ﬁnis
1476 4806 1592 4875 sui,
1625 4805 1683 4860 in
1718 4823 1870 4861 anno
1903 4812 2094 4862 conte-

447 4895 597 4951 simo
628 4895 924 4950 tricesimo
954 4895 1086 4951 vitae
1115 4913 1255 4951 suae.
1284 4895 1776 4951 Convenientibus
1803 4894 1941 4950 filiis
1971 4894 2095 4951 suis

448 4984 508 5039 in
539 4983 787 5055 septimo
843 5000 1057 5049 mense,
1093 4988 1302 5057 quarta
1352 4984 1445 5040 die
1498 4982 1742 5053 mensis,
1774 4982 1901 5055 ipso
1951 5001 2095 5040 sano

449 5073 926 5142 exsistenteJeoit
953 5090 1179 5130 ccenam
1206 5074 1351 5146 ipsis
1382 5077 1440 5129 et
1460 5076 1663 5144 potum
1694 5071 2094 5144 magniﬁcum.

519 5269 788 5358 (87)‘Toi'¢
850 5268 1202 5358 (ἀνθρώποις
1235 5342 1262 5353 η
1313 5263 1867 5358 συναναστρεφιξμενος
1903 5307 1917 5322 .
1965 5266 2096 5358 ‘SEO

449 5334 699 5414 Ba'ruch,
731 5358 817 5414 ιιι,
849 5340 937 5395 38.
971 5334 1118 5396 Μετὰ
1167 5342 1330 5414 τοῦτο
1386 5334 1659 5414 έπὶῃγῆς¹
1682 5334 1861 5414 ᾥφθη,
1891 5335 1983 5414 καὶ
2038 5336 2089 5414 ἐν

447 5418 588 5495 τοῖς.
619 5408 945 5495 ἀνθρώποις.
975 5408 1371 5495 συνανεστράφη
1407 5428 1420 5495 ξ
1470 5408 1642 5495 Yulg.
1689 5408 1815 5465 Pbst
1850 5408 1993 5495 [ιεεε
2033 5411 2096 5495 in

448 5487 614 5540 terris
667 5483 816 5539 visus
865 5491 1041 5550 est,et
1096 5500 1221 5539 cum
1268 5483 1583 5538 hominibus
1615 5486 1964 5536 conversatus
1993 5486 2091 5537 est.

448 5556 569 5619 Quo
599 5571 740 5611 sane
779 5554 987 5609 horum
1041 5559 1512 5613 Testamentorum
1555 5556 1850 5609 auctorem
1901 5568 2094 5623 respe-

445 5629 602 5682 xisse
635 5624 781 5680 nihil
813 5627 1038 5681 dubito.

520 5697 632 5768 (88)
660 5697 750 5750 Ἐν
781 5695 981 5770 ἡμέρᾳ.
1012 5696 1175 5753 Adde
1290 5695 1474 5752 σιω.

2204 4414 2294 4470 καὶ
2320 4414 2538 4490 γέγονεν
2571 4416 2707 4489 (91).

2765 4526 3166 4581 ΚΕΦΑΛΔΙΟΝ
3204 4526 3285 4583 H'.

2314 4610 2554 4681 Διαθήκη
2588 4610 2921 4689 Νεφθαλείμ,
2953 4613 3077 4690 περὶ
3108 4620 3342 4692 φυσικῆς
3372 4613 3701 4692 ἆγαθότητοςι

2273 4717 2355 4773 Α’⁶
2381 4715 2737 4795 Ἀντίγραφον
2766 4714 3034 4789 διαθήκης
3064 4717 3404 4797 Νεφθαλείμ,
3437 4718 3512 4776 ὧν
3573 4718 3738 4774 διέθετο
3760 4712 3789 4766 ἓν

2202 4804 2376 4881 καιρῴ
2427 4803 2620 4867 τέλους
2680 4804 2866 4879 αὐτοῦ,
2901 4806 2951 4860 ἐν
3014 4806 3118 4863 ἔτει
3180 4807 3263 4883 ρλ⁹
3296 4814 3443 4880 ζωῆς
3500 4810 3653 4865 αύτοῦ
3699 4807 3787 4877 (93,"

2206 4891 2582 4949 Συνελθόντων
2640 4897 2747 4949 τῶν
2809 4895 2938 4950 υἱῶν
2998 4895 3163 4952 αὐτοῦ
3211 4897 3263 4953 ἐν
3321 4893 3548 4972 ἑϐδόμῳ
3582 4895 3788 4973 μηνῖ,τξ·

2202 4982 2368 5059 τάΡτὩ
2416 4984 2529 5056 (93)
2587 4986 2683 5037 τοῖ’
2744 4984 2933 5056 μηνὸς,
2987 4986 3322 5059 ὑγιαίνοντος
3384 4988 3571 5053 αὐτοῦ,
3628 4982 3788 5049 tamira

2204 5068 2418 5127 δεῖπνον
2478 5071 2659 5134 αὐτοῖς
2714 5072 2804 5127 καὶ
2860 5075 3109 5135 κώθωνα.
3145 5077 3243 5131 Καὶ
3306 5077 3444 5151 μετᾶ
3498 5081 3591 5131 τοῦ
3641 5074 3788 5147 tium:-

2274 5265 2525 5347 (89).Καὶ
2578 5264 2921 5347 θάψατέῌμε.
2955 5270 3072 5347 Καὶ⁸
3100 5266 3250 5347 ἔσται
3284 5272 3361 5347 ,τὸ
3423 5272 3578 5347 γένος
3631 5260 3782 5344 ponti:

2203 5334 2606 5413 σωὲηρίανὲως
2631 5334 2726 5413 τοῦ
2757 5334 2974 5413 αἰῶνος,
3004 5344 3167 5400 addit
3196 5346 3321 5402 cod.
3352 5334 3536 5403 Oxon.
3570 5334 3642 5401 In:

2273 5408 2387 5483 (90)
2418 5408 2601 5483 Νρμον
2635 5412 2814 5483 deest.
2848 5417 2931 5468 ID.

2272 5480 2599 5572 ()3pr
2630 5480 2720 5535 καὶ
2742 5480 2987 5585 γέγονεν.
3022 5484 3119 5539 Καὶ
3149 5491 3246 5542 τοῦ
3293 5487 3598 5562 σπέρματος
3636 5480 3775 5545 «ore,

2272 5570 2438 5585 ηεαδ-α
2470 5572 2641 5585 Λιιρι.ιρ
2669 5572 2755 5585 uno
2786 5573 2819 5585 Α,
2848 5573 3003 5585 nonus-..
3064 5563 3119 5585 '—

2202 5551 2439 5628 Omissis
2470 5551 3027 5628 oiifrwgmi'yéyovsv.
3061 5563 3143 5615 ID.

2272 5625 2388 5769 E923
2419 5624 2570 5692 Ζωῆς
2601 5622 3062 5703 αὐτοῦ.’Δὲυτὲρῳ
3094 5630 3229 5687 add.
3262 5630 3318 5689 in
3341 5647 3458 5690 ms.
3490 5628 3639 5688 Trin.
3666 5628 3732 5680 In.

2294 5696 2364 5753 93
2412 5695 2668 5769 Τετάρτῃ.
2700 5698 2832 5767 Μιᾷ.
2862 5702 2949 5754 ID.

2294 5695 2388 5769 93)
2412 5695 2668 5772 Τετάρτῃ.
2700 5698 2832 5767 Μιᾷ.
2862 5702 2949 5754 ID.
