4014 6226
250 414 391 475 1105

1372 415 1977 482 TESTAMENTUM
2016 416 2505 482 NEPHTALIM.

3485 424 3640 486 1106

250 553 424 616 σθῆναι
470 546 625 604 αὐτὸν
673 548 737 604 τὸ
783 548 951 625 πρωῒ,
986 548 1127 605 εἶπεν
1169 549 1373 618 αὐτοῖς,
1405 548 1509 604 ὅτι·
1555 572 1582 601 ‹‹
1616 549 1879 619 Ἀποθνή-

1997 550 2059 605 Et
2090 554 2401 623 postquam
2431 552 2715 609 excitatus
2744 557 2834 610 est
2861 571 2895 609 a
2926 571 3132 611 somno
3165 573 3358 623 mane,
3391 556 3537 612 dixit
3570 558 3639 613 il-

250 656 369 691 σκω·
406 662 428 688 n
464 637 553 691 καὶ
584 636 681 693 οὐκ
710 636 985 694 ἐπίστευον
1010 638 1176 711 αὐτῷ.
1213 639 1311 694 Καὶ
1362 637 1601 715 εὐλογῶν
1661 636 1883 714 Κύριον,

248 723 609 802 ἐκραταίωσεν,
644 724 729 781 ὅτι
759 727 890 801 μετὰ
928 725 989 783 τό
1045 725 1260 783 δεῖπνον
1309 726 1374 782 τὸ
1424 728 1553 803 χθὲς
1606 727 1886 781 ἀποθανεῖ-

245 835 339 869 ται.
377 816 611 891 ’Ἠρξατο
641 814 733 871 οὖν
767 815 942 893 λέγειν
986 823 1103 879 τοῖς
1155 816 1295 879 υἱοῖς
1338 815 1522 871 αὐτοῦ·
1558 840 1585 869 ‹‹
1620 814 1882 870 Ἀκούσα-

243 925 311 976 τε,
340 905 493 959 τέκνα
527 926 652 978 μου,
686 905 793 960 υἱοί
826 905 1163 984 Νεφθαλεὶμ,
1197 906 1460 960 ἀκούσατε
1521 904 1723 980 λόγους
1780 924 1883 959 πα-

244 1000 357 1068 τρὸς
408 994 579 1066 ὑμῶν.
630 995 771 1069 Ἐγὼ
820 995 1106 1071 ἐγεννήθην
1140 995 1247 1050 ἀπὸ
1299 993 1537 1056 Βάλλας·
1570 994 1659 1048 καὶ
1717 992 1798 1049 ὅτι
1832 992 1886 1048 ἐν

245 1084 532 1159 πανουργίᾳ
570 1082 817 1154 ἐποίησεν
868 1086 903 1154 ὴ
936 1083 1169 1159 Ῥαχὴλ,
1218 1083 1308 1138 καὶ
1366 1080 1563 1139 ἔδωκεν
1610 1082 1720 1137 ἀνθ’
1766 1082 1886 1137 ἐαυ-

243 1178 332 1240 τῆς
362 1172 461 1240 τὴν
491 1170 704 1228 Βάλλαν
738 1176 816 1244 τῷ
849 1168 1173 1240 Ἰακὼϐ,καὶ
1198 1171 1284 1227 ἐπὶ
1305 1177 1412 1228 τῶν
1450 1194 1523 1246 μη
1536 1177 1642 1249 ρῶν
1673 1168 1884 1249 Ῥαχὴλ

243 1257 377 1318 ἔτεκέ
438 1279 522 1334 με·
579 1258 666 1316 διὰ
716 1265 878 1316 τοῦτο
948 1260 1185 1332 ἐκλήθην
1249 1260 1563 1340 Νεφθαλείμ
1618 1263 1752 1335 (94).
1784 1259 1884 1316 Καὶ

245 1348 481 1427 ἠγάπησέ
511 1370 577 1423 με
604 1347 838 1426 Ῥαχὴλ,
870 1349 953 1406 ὅτι
998 1350 1085 1405 ἐπὶ
1130 1354 1237 1405 τῶν
1288 1355 1476 1425 μηρῶν
1522 1349 1688 1420 αὐτῆς
1740 1349 1886 1423 ἐγεν..

243 1441 426 1509 νήθην·
460 1437 548 1493 καὶ
582 1436 710 1494 εἷ’δει
743 1437 951 1494 ἁπαλὸν
996 1435 1124 1494 ὄντα
1172 1438 1457 1518 κατεφίλει¹
1506 1460 1591 1513 με,
1625 1437 1881 1514 λέγουσα·

244 1552 269 1581 ‹‹
300 1524 500 1601 Ἴδοιμι
530 1525 768 1607 ἀδελφόν
801 1550 895 1583 σου
930 1529 990 1583 ἐκ
1014 1535 1116 1599 τῆς
1146 1526 1362 1592 κοιλίας
1399 1550 1503 1602 μου
1551 1528 1686 1583 κατᾶ
1743 1528 1820 1584 σέ.
1857 1550 1886 1579 ››

241 1620 384 1681 Ὅθεν
439 1616 529 1671 καὶ
589 1616 783 1689 ὅμοιός
818 1638 921 1691 μου
947 1619 1013 1687 ἦν
1050 1617 1103 1672 ἐν
1130 1622 1289 1673 πᾶσιν
1338 1618 1562 1693 Ἰωσὴφ,
1595 1614 1733 1671 κατὰ
1788 1614 1885 1680 τὰς

244 1704 400 1781 εὐχὰς
431 1706 543 1779 (95)
576 1703 809 1781 Ῥαχὴλ.
842 1707 904 1761 Ἠ
931 1703 988 1761 δὲ
1022 1709 1205 1782 μήτηρ
1244 1706 1347 1779 μοό
1379 1706 1488 1760 ἐστι
1540 1702 1752 1776 Βάλλα,
1788 1715 1882 1769 θυ-

240 1796 406 1870 γάτηρ
462 1795 707 1849 Ῥουθέου
770 1797 907 1869 (96),
966 1792 1204 1873 ἀδελφοῦ
1262 1790 1531 1871 Δεϐόρρας
1587 1795 1724 1868 (97),
1780 1800 1882 1863 τῆς

234 1886 426 1961 τροφοῦ
490 1878 787 1945 Ῥεϐέκκας·
820 1882 944 1953 ἥτις
1000 1883 1053 1939 ἐν
1126 1888 1227 1958 μιᾷ
1274 1883 1457 1959 ἡμέρᾳ
1508 1881 1731 1958 ἐτέχθη,
1765 1881 1817 1937 ἐν

236 1971 317 2026 καὶ
373 1973 604 2048 Ῥαχήλ.
664 1972 721 2025 '0
780 1968 837 2026 δὲ
906 1971 1157 2034 Ῥουθέος
1214 1973 1329 2046 (98)
1390 1973 1449 2026 ἐκ
1521 1975 1617 2026 τοῦ
1692 1971 1880 2046 γένους

233 2055 492 2137 Ἀϐραὰμ,
524 2057 819 2133 Χαλδαῖος,
851 2056 1129 2131 θεοσεϐὴς,
1162 2059 1446 2134 ἐλεύθερος
1486 2061 1575 2115 καὶ
1636 2059 1877 2136 εὐγενής.

234 2150 328 2204 Καὶ
358 2147 826 2225 αἰχμαλωτισθεὶς
859 2148 1135 2226 ἠγοράσθη
1173 2149 1276 2204 ὑπὸ
1308 2143 1511 2203 Λάϐαν·
1543 2148 1634 2203 καὶ
1686 2146 1882 2203 ἔδωκεν

236 2236 376 2311 αὒτῷ
430 2237 590 2295 Αἰνᾶν
645 2239 747 2307 τὴν
802 2235 1092 2307 παιδίσκην
1152 2236 1317 2293 αὐτοῦ
1376 2237 1453 2300 εἷς
1480 2241 1725 2313 γυναῖκα·
1758 2236 1881 2306 ἥτις

235 2325 375 2383 ἔτεκε
428 2326 712 2403 θυγατέρα,
771 2326 860 2382 καὶ
931 2324 1177 2381 ἐκάλεσεν
1259 2324 1425 2394 αὐτὴν
1510 2323 1738 2404 Ζελφὸιν,
1797 2319 1883 2380 ἐπ’

236 2416 459 2490 ὀνόματι
514 2422 615 2485 τῆς
667 2415 889 2489 κώμης,
921 2414 973 2470 ἐν
1022 2416 1061 2489 ᾖ
1115 2413 1527 2492 ᾐχμαλωτεύθη
1777 2412 1881 2471 Καὶ

235 2506 354 2578 ἒξῆς
413 2499 559 2561 ἔτεκε
615 2504 715 2574 τὴν
779 2501 1022 2575 Βάλλαν,
1065 2501 1262 2580 λέγων·
1310 2501 1709 2568 Καινόσπουδός
1775 2525 1880 2578 μου

237 2598 272 2668 ἡ
323 2596 580 2672 θυγάτηρ.
634 2592 821 2658 Ἐὐθὺς
905 2592 1010 2671 γὰρ
1074 2598 1330 2673 τεχθεῖσα
1402 2590 1625 2651 ἔσπευδε
1708 2592 1880 2667 θηλά-

244 2690 346 2756 ζειν
378 2687 549 2759 (100).

306 2775 385 2832 B'.
418 2797 447 2825 ι(
481 2770 581 2828 Καὶ
610 2769 798 2843 ἐπειδὴ
824 2776 1025 2852 κοῦφος
1056 2770 1093 2843 ἤ
1104 2794 1208 2849 μην
1248 2778 1368 2837 τοῖς
1413 2771 1594 2844 ποσὶν,
1628 2774 1705 2835 ὡς
1750 2766 1879 2830 ἔλα-

238 2884 353 2941 φος,
386 2859 537 2933 ἔταξέ
578 2882 644 2937 με
673 2864 701 2918 6
732 2864 913 2939 πατήρ
949 2883 1052 2936 μου
1080 2858 1274 2921 Ἰακὼϐ
1306 2862 1382 2926 εἷς
1432 2868 1605 2919 πᾶσαν
1650 2863 1880 2918 ἀποστο-

238 2952 339 3022 λὴν
369 2952 458 3007 καὶ
491 2954 566 3026 (1)
594 2948 873 3028 ἀγγελίαν·
906 2953 995 3007 καί
1025 2973 1106 3028 γε,
1138 2952 1212 3015 ὡς
1244 2950 1442 3031 ἔλαφόν
1476 2973 1543 3025 με
1590 2950 1879 3028 εὖλόγησε.

237 3042 424 3106 Καθὼς
454 3043 559 3117 γὰρ
591 3044 619 3096 6
647 3039 915 3116 κεραμεὺς
946 3039 1059 3096 οἶδε
1111 3042 1173 3096 τὸ
1222 3045 1431 3112 σκεῦος,
1462 3040 1629 3096 πόσον
1684 3046 1879 3117 χωρεῖ,

236 3130 323 3186 καὶ
355 3131 490 3207 πρὸς
521 3130 679 3185 αὐτὸν
712 3130 862 3208 φέρει
891 3130 983 3185 τὸν
1041 3129 1243 3201 πηλόν·
1278 3129 1451 3193 οὕτως
1505 3129 1595 3186 καὶ
1628 3132 1655 3185 ὁ
1686 3130 1883 3206 Κύριος

236 3220 371 3297 πρὸς
428 3218 689 3293 ὁμοίωσιν
747 3224 846 3275 τοῦ
901 3218 1207 3292 πνεύματος
1263 3224 1412 3275 ποιεῖ
1457 3217 1520 3274 τὰ
1581 3223 1759 3294 σῶμα,
1791 3218 1881 3275 καὶ

1995 637 2068 695 lis
2101 657 2115 699 ξ
2148 662 2175 689 ‹‹
2210 640 2426 697 Morior
2457 658 2470 697 :
2507 664 2535 691 »
2567 646 2625 698 et
2656 660 2771 698 non
2799 644 3173 700 crediderunt
3203 646 3275 702 ei.
3306 646 3376 701 Et
3406 646 3640 703 benedi-

1994 743 2133 784 cens
2162 728 2428 797 Domino,
2479 731 2866 799 conﬁrmavit,
2915 733 3071 804 quod
3123 738 3255 805 post
3303 734 3636 793 hesternam

1994 833 2217 873 coenam
2252 824 2594 875 moreretur.
2625 821 2866 893 lnccnpit
2892 820 3074 891 igitur
3102 822 3293 877 dicere
3326 822 3460 878 ﬁliis
3492 825 3639 880 suis:

1996 927 2025 957 «
2057 908 2288 978 Audite,
2322 908 2426 963 ﬁlii
2458 908 2702 976 mei,ﬁlii
2724 909 3075 982 Nepthalim,
3107 912 3303 966 audite
3334 928 3633 968 sermones

1993 996 2178 1068 patris
2208 997 2403 1053 vestri.
2434 1018 2461 1051 ιι
2482 998 2600 1071 Ego
2622 1004 2795 1055 natus
2826 1016 2959 1055 sum
2985 1017 3018 1055 a
3049 999 3238 1056 Balla:
3269 1004 3327 1056 et
3357 1002 3639 1072 quoniam

1996 1088 2187 1141 astute
2219 1085 2354 1142 fecit
2384 1086 2619 1155 Rachel,
2650 1091 2707 1143 et
2737 1088 2896 1143 dedit
2932 1105 3036 1161 pro
3068 1088 3263 1161 seipsa
3292 1090 3512 1146 Ballam
3539 1091 3637 1146 Ja-

1995 1175 2123 1241 cob,
2154 1178 2211 1230 et
2241 1192 2418 1248 super
2456 1177 2679 1231 femora
2724 1175 2938 1232 Rachel
2989 1178 3215 1249 peperit
3244 1195 3374 1246 me;
3409 1183 3648 1250 propter

1995 1263 2103 1319 hoc
2136 1268 2376 1320 vocatus
2399 1282 2531 1320 sum
2558 1264 2955 1336 Nephthalim.
2982 1266 3049 1320 Et
3072 1266 3274 1322 dilexit
3298 1283 3392 1322 me
3411 1265 3645 1333 Rachel,

1996 1352 2273 1425 quoniam
2306 1369 2481 1425 super
2512 1354 2732 1409 femora
2764 1371 2872 1409 sua
2919 1358 3094 1410 natus
3143 1372 3275 1410 sum
3303 1373 3316 1424 ;
3351 1359 3407 1410 et
3453 1356 3646 1427 specie

1994 1445 2260 1498 tenerum
2311 1442 2688 1498 exsistentem
2748 1442 3010 1499 osculata
3080 1447 3171 1498 est
3227 1461 3340 1511 me,
3391 1443 3641 1499 dicens:

1995 1552 2024 1580 «
2056 1530 2298 1585 Videam
2331 1530 2568 1585 fratrem
2600 1536 2770 1585 tuum
2801 1548 2871 1586 ex
2897 1534 3097 1586 ventre
3136 1547 3264 1586 meo
3315 1532 3641 1587 secundum

1992 1623 2069 1674 te.
2105 1639 2133 1668 »
2166 1618 2329 1675 Unde
2360 1624 2415 1674 et
2449 1619 2662 1674 similis
2693 1620 2807 1675 mei
2839 1625 2963 1675 erat
2992 1620 3052 1674 in
3083 1620 3356 1676 omnibus
3398 1620 3638 1693 Joseph,

1995 1709 2318 1763 secundum
2352 1708 2658 1780 petitiones
2693 1708 2926 1763 Rachel.
2959 1712 3139 1764 Mater
3167 1714 3362 1765 autem
3397 1726 3527 1765 mea
3554 1714 3643 1765 est

1994 1795 2172 1863 Balla,
2208 1796 2327 1851 ﬁlia
2360 1795 2611 1865 Ruthaei,
2644 1796 2839 1852 fratris
2870 1796 3125 1867 Deboraa,
3156 1797 3402 1853 nutricis
3430 1799 3643 1854 Rebec-

1995 1902 2110 1954 cae;
2147 1902 2273 1958 quae
2305 1884 2466 1940 Balla
2497 1885 2555 1940 in
2588 1901 2706 1940 una
2734 1885 2825 1940 die
2867 1890 3001 1940 nata
3048 1889 3155 1956 est,
3202 1885 3262 1940 in
3302 1903 3416 1956 qua
3445 1892 3501 1941 et
3530 1887 3641 1942 Ra-

1994 1973 2143 2030 chel.
2178 1974 2458 2029 Ruthaaus
2487 1990 2621 2029 vero
2653 1990 2722 2028 ex
2750 1990 2959 2046 genere
2989 1974 3285 2029 Abraham
3318 1975 3639 2042 erat,Chsl-

1991 2063 2172 2131 daaus,
2202 2068 2379 2119 Deum
2401 2062 2857 2131 venerans,liber
2880 2066 2935 2117 et
2957 2062 3191 2119 nobilis.
3237 2064 3305 2118 Et
3327 2080 3461 2118 cum
3483 2068 3639 2119 esset

1992 2152 2275 2224 captivus,
2298 2155 2531 2224 emptus
2562 2154 2651 2207 est
2672 2167 2706 2205 a
2736 2152 2926 2206 Laban
2950 2169 2963 2220 ;
2997 2155 3054 2207 et
3073 2151 3232 2207 dedit
3255 2151 3305 2207 ei
3336 2152 3517 2207 Enam
3539 2169 3638 2208 an-

1992 2240 2188 2297 cillam
2221 2257 2389 2297 suam
2420 2239 2481 2295 in
2513 2256 2751 2296 uxorem
2780 2258 2793 2309 ;
2828 2257 2955 2312 quae
2988 2240 3212 2313 peperit
3240 2240 3511 2308 ﬁliam,et
3538 2258 3635 2297 vo-

1990 2331 2143 2387 cavit
2170 2346 2297 2385 eam
2328 2328 2631 2401 _Zelpham,
2666 2329 3011 2401 cognomine
3039 2329 3261 2385 castelli
3293 2329 3351 2384 in
3385 2345 3499 2402 quo
3532 2345 3633 2386 ca-

1990 2420 2183 2493 ptivus
2213 2421 2353 2475 erat.
2388 2417 2602 2474 Deinde
2632 2416 2853 2490 peperit
2875 2416 3115 2489 Ballam,
3139 2418 3339 2475 dicens
3363 2435 3376 2470 :
3399 2418 3634 2475 Noviter

1990 2509 2277 2566 festinans
2306 2505 2431 2563 ﬁlia
2460 2521 2607 2563 mea.
2640 2506 2958 2564 Confestim
2985 2506 3142 2563 enim
3165 2511 3306 2564 nata
3334 2504 3636 2564 festinavit

1988 2598 2079 2656 lac
2106 2614 2337 2671 sugere.

2062 2779 2131 2834 ΙΙ·
2169 2798 2197 2829 ‹‹
2226 2779 2295 2834 Et
2326 2777 2463 2850 quia
2494 2777 2741 2848 pedibus
2771 2774 2915 2831 levis
2944 2790 3125 2845 eram,
3148 2777 3213 2830 ut
3233 2789 3459 2847 cervus,
3484 2772 3637 2831 ordi-

1990 2866 2149 2924 navit
2170 2884 2262 2923 me
2291 2871 2455 2939 pater
2484 2883 2650 2922 meus
2670 2865 2848 2921 Jacob
2874 2864 2934 2919 in
2956 2879 3191 2919 omnem
3216 2863 3560 2920 missionem
3583 2865 3642 2919 et

1992 2957 2498 3014 ennuntiationem
2527 2981 2542 3025 ;
2572 2959 2629 3011 et
2650 2959 2716 3011 ut
2738 2970 2903 3010 cervo
2923 2953 3066 3009 mihi
3092 2953 3405 3009 benedixit.
3428 2952 3641 3018 Quem-

1992 3048 2311 3104 admodum
2342 3045 2500 3102 enim
2534 3042 2753 3118 ﬁgulus
2775 3042 2936 3098 novit
2958 3045 3376 3114 vas,quantum
3407 3041 3647 3114 capit,et

1993 3137 2064 3192 ad
2096 3136 2292 3208 ipsum
2328 3135 2436 3190 fert
2466 3134 2700 3203 lutum;
2742 3132 2824 3188 ita
2854 3136 2909 3188 et
2933 3132 3218 3189 Dominus
3264 3130 3334 3186 ad
3368 3130 3647 3187 similitu-

2000 3225 2197 3281 dinem
2231 3223 2473 3296 spiritus
2505 3221 2643 3278 facit
2663 3237 2895 3294 corpus,
2914 3224 2972 3275 et
2994 3220 3065 3275 ad
3097 3218 3417 3291 potentiam
3450 3234 3648 3290 corpo-

238 3310 372 3386 πρὸς
403 3310 503 3379 τὴν
538 3305 761 3382 δύναμιν
789 3306 887 3363 τοῦ
917 3309 1170 3383 σώματος
1202 3310 1261 3364 τὸ
1293 3313 1505 3382 πνεῦμα
1527 3308 1885 3380 ἐντίθησι,καὶ

2000 3314 2081 3370 ris
2115 3313 2390 3386 spiritum
2421 3311 2691 3384 imponit,
2725 3314 2781 3366 et
2812 3325 2927 3365 non
2960 3312 3050 3364 est
3072 3309 3198 3380 jam
3231 3325 3347 3363 una
3377 3307 3548 3363 tertia
3577 3323 3648 3363 ex

239 3399 338 3455 οὐκ
393 3394 503 3454 ἔστι
562 3397 757 3453 λοιπὸν
789 3400 865 3472 (2)
892 3397 948 3454 ἓν
982 3397 1041 3453 ἐκ
1066 3403 1162 3453 τοῦ
1206 3398 1321 3461 ἐνὸς
1350 3398 1528 3475 τρίτον
1558 3398 1754 3474 τριχός
1786 3401 1885 3472 (3)·

239 3491 467 3561 σταθμῷ
492 3486 593 3564 γὰρ
646 3485 737 3541 καὶ
799 3488 980 3561 μέτρῳ
1029 3488 1119 3542 καὶ
1162 3486 1342 3542 κανόὲι
1371 3493 1515 3543 πᾶσα
1543 3487 1714 3549 κτίσις
1745 3486 1890 3561 Ὑψί-

240 3598 389 3633 στου.
423 3576 521 3632 Καὶ
579 3577 818 3651 καθάπερ
878 3573 1019 3631 οἶδεν
1079 3577 1106 3631 6
1162 3575 1430 3654 κεραμεὺς
1488 3577 1603 3639 ἐνὸς
1663 3576 1888 3631 ἐκάστου

235 3668 339 3736 τὴν
365 3672 591 3741 χρῆσιν,
623 3665 699 3727 ὡς
731 3665 925 3720 ἱκανοῖ·
969 3664 1142 3727 οὕτως
1180 3665 1268 3720 καὶ
1321 3666 1349 3720 6
1394 3665 1589 3741 Κύριος
1658 3665 1772 3720 οἶδε
1826 3666 1889 3721 τὸ

239 3760 426 3829 σῶμα,
454 3751 557 3816 ἕως
597 3753 743 3816 τίνος
777 3751 1043 3830 διαρκέσει
1095 3753 1146 3810 ἐν
1186 3755 1392 3829 ἀγαθῷ,
1424 3755 1514 3809 καὶ
1567 3753 1698 3810 πότε
1729 3753 1890 3831 ἄρχε-

236 3865 325 3900 ται
386 3844 438 3899 ἐν
496 3848 664 3916 κακῷ.
722 3845 847 3901 ’Ότι
895 3842 993 3898 οὐκ
1048 3841 1161 3899 ἔστι
1190 3849 1293 3899 πᾶν
1324 3842 1570 3917 πλάσμα,
1602 3844 1691 3899 καὶ
1746 3850 1891 3900 πᾶσα

239 3931 436 4003 ἔννοια,
472 3934 533 4003 ἣν
593 3931 692 3987 οὐκ
748 3929 886 4009 ἔγνω
938 3932 1157 4009 Κύριος·
1217 3931 1390 3988 πάντα
1442 3934 1545 4009 γὰρ
1605 3931 1886 4010 ἄνθρωπον

241 4020 419 4078 ἔκτισε
460 4022 576 4078 κατ’
624 4020 808 4077 εἰκόνα
863 4021 1074 4079 ἐαυτοῦ,
1108 4023 1195 4085 Ὠς
1241 4024 1277 4093 ἡ
1331 4022 1489 4099 ἰσχὺς
1528 4022 1712 4093 αὐτοῦ,
1748 4022 1890 4080 οὕτω

238 4112 331 4166 καὶ
376 4110 439 4165 τὸ
486 4107 639 4187 ἔργον
677 4109 863 4165 αὐτοῦ·
915 4110 1004 4165 καὶ
1033 4110 1127 4184 (ὡς
1158 4111 1186 4165 6
1214 4114 1339 4174 νοῦς
1379 4110 1564 4180 αὐτοῦ,
1612 4110 1755 4167 οὕτω
1803 4112 1892 4166 καὶ

234 4200 301 4254 τὸ
334 4195 487 4276 ἔργον
522 4198 707 4253 αὐτοῦ·
737 4198 826 4253 καὶ
859 4197 935 4262 ὡς
974 4200 1009 4270 ἠ
1041 4197 1356 4275 προαίρεσις
1386 4199 1572 4274 αὐτοῦ,
1604 4199 1747 4256 οὕτω
1803 4200 1892 4256 καὶ

237 4289 274 4359 ἡ
318 4288 511 4364 πρᾶξις
567 4287 752 4343 αὐτοῦ·
804 4287 878 4350 ὡς
929 4290 964 4359 ἡ
1016 4286 1211 4364 καρδία
1260 4287 1446 4358 αὐτοῦ,
1505 4288 1646 4345 οὕτω
1693 4289 1784 4345 καὶ
1831 4290 1894 4346 τὸ

234 4377 420 4451 στόμα
448 4376 632 4433 αὐτοῦ·
666 4377 742 4439 ὡς
773 4377 802 4432 6
835 4376 1115 4455 ὀφθαλμὸς
1146 4376 1331 4450 αὐτοῦ,
1365 4377 1508 4432 οὕτω
1550 4378 1638 4434 καὶ
1671 4379 1698 4433 ὁ
1731 4378 1896 4440 ὕπνος

232 4465 425 4523 αὐτοῦ·
459 4467 536 4529 ὡς
565 4468 600 4536 ἡ
632 4466 784 4542 ψυχὴ
831 4466 1018 4535 αὐτοῦ,
1051 4466 1194 4522 οὕτω
1242 4466 1333 4522 καὶ
1367 4468 1395 4521 6
1427 4465 1590 4543 λόγος
1640 4467 1825 4538 αὐτοῦ,
1857 4468 1893 4539 ἢ

235 4556 291 4611 ἐν
324 4556 483 4630 νόμῳ
509 4555 733 4631 Κυρίου,
763 4555 799 4625 ἢ
829 4553 882 4611 ἐν
926 4555 1080 4630 νόμῳ
1127 4555 1350 4633 Βελιάρ.
1384 4556 1481 4611 Καὶ
1538 4557 1614 4619 ὡς
1666 4558 1899 4633 κεχώρι-

1997 3421 2115 3460 uno
2146 3400 2389 3474 capillo;
2422 3401 2676 3473 pondere
2698 3399 2854 3455 enim
2885 3402 2943 3454 et
2970 3413 3250 3453 mensura
3268 3400 3325 3453 et
3353 3395 3557 3468 regula
3579 3394 3644 3459 ⁸⁸,

1998 3492 2191 3549 omnis
2222 3494 2489 3547 creatura
2520 3487 2812 3544 Altissimi
2837 3486 3173 3559 (consistit).
3204 3488 3272 3541 Et
3301 3485 3455 3541 sicut
3484 3483 3647 3540 novit
3706 3474 3709 3483 “

1999 3580 2215 3653 ﬁgulus
2236 3579 2696 3648 uniuscujusque
2719 3592 2917 3642 usum,
2938 3574 3153 3647 quibus
3177 3574 3351 3630 rebus
3377 3572 3646 3629 sufﬁcere

1999 3672 2174 3742 queat
2205 3669 2248 3704 ³⁸
2276 3692 2290 3736 ;
2322 3667 2402 3723 ita
2430 3671 2488 3722 et
2533 3665 2817 3722 Dominus
2858 3663 3019 3719 novit
3071 3678 3303 3733 corpus,
3336 3675 3644 3733 usquequo

1998 3757 2255 3815 sufﬁciat
2284 3756 2343 3811 in
2374 3757 2551 3821 bono,
2584 3759 2638 3810 et
2668 3753 2903 3825 quando
2935 3750 3144 3824 incipit
3188 3750 3249 3806 in
3282 3750 3455 3806 malo.
3489 3752 3645 3816 Quo-

1998 3848 2158 3904 niam
2193 3863 2308 3902 non
2331 3848 2419 3901 est
2444 3843 2565 3899 ulla
2593 3844 2991 3910 creatura,nec
3020 3838 3142 3896 ulla
3168 3839 3646 3912 cogitatio,quam

1999 3953 2115 3994 non
2149 3934 2420 4007 cognovit
2462 3932 2749 3988 Dominus
2772 3930 2854 3999 16;
2888 3944 3122 3985 omnem
3153 3929 3309 3984 enim
3348 3927 3646 3983 hominem

1999 4025 2214 4083 creavit
2246 4025 2318 4081 ad
2350 4022 2666 4095 imaginem
2730 4034 2920 4075 suam.
2966 4018 3132 4074 Sicut
3178 4016 3456 4073 fortitudo
3495 4015 3646 4087 ejus,

2000 4116 2082 4172 ita
2111 4118 2168 4170 et
2193 4128 2342 4186 opus
2372 4111 2540 4182 ejus;
2575 4113 2633 4164 et
2661 4107 2816 4163 sicut
2846 4122 3014 4162 mens
3063 4106 3214 4177 ejus,
3265 4104 3348 4160 ita
3393 4108 3452 4160 et
3502 4119 3650 4176 opus

2001 4206 2166 4278 ejus;
2196 4208 2255 4259 et
2308 4201 2462 4258 sicut
2491 4196 2814 4272 praelectio
2863 4197 3010 4267 ejus,
3060 4194 3143 4251 ita
3172 4198 3229 4249 et
3259 4199 3424 4249 actus
3471 4192 3599 4265 ejus
3632 4209 3647 4260 ;

2002 4293 2160 4350 sicut
2184 4308 2282 4347 cor
2306 4291 2456 4360 ejus,
2488 4287 2570 4342 ita
2600 4290 2657 4342 et
2686 4302 2750 4341 os
2780 4285 2908 4356 ejus
2935 4301 2949 4352 ;
2983 4282 3137 4338 sicut
3166 4280 3371 4337 oculus
3402 4281 3552 4352 ejus,
3567 4279 3650 4335 ita

2004 4387 2062 4439 et
2089 4395 2335 4436 somnus
2357 4378 2485 4448 ejus
2512 4394 2526 4444 ;
2558 4376 2712 4431 sicut
2733 4372 2930 4429 anima
2950 4371 2999 4442 ej
3009 4371 3185 4441 us,ita
3206 4372 3263 4425 et
3283 4384 3475 4425 sermo
3497 4367 3646 4438 ejus,

2004 4469 2092 4526 vel
2123 4468 2182 4523 in
2212 4468 2338 4540 lege
2368 4463 2621 4530 Domini,
2646 4462 2733 4517 vel
2766 4461 2823 4515 in
2867 4459 2992 4531 lege
3031 4457 3235 4514 Beliar.
3264 4457 3333 4512 Et
3362 4455 3514 4511 sicut
3561 4453 3648 4510 di-

2006 4559 2198 4615 visum
2230 4561 2319 4612 est
2350 4551 2762 4609 intermedium
2792 4547 2942 4604 lucis
2973 4550 3031 4602 et
3061 4545 3455 4608 tenebrarum,
3486 4542 3649 4599 visus

233 4667 361 4703 σται
392 4629 652 4718 ἀνάμεσον
685 4644 867 4722 φωτὸς
897 4645 987 4700 καὶ
1017 4645 1264 4718 σκότους,
1299 4629 1536 4721 δράσεως
1566 4646 1656 4699 καὶ
1697 4629 1885 4717 ἀκοῆς·

2003 4652 2060 4705 et
2088 4645 2325 4702 auditus
2364 4660 2384 4699 :
2415 4641 2498 4697 ita
2538 4638 2790 4695 divisum
2837 4639 2927 4691 est
2966 4632 3382 4690 intermedium
3430 4629 3538 4687 viri
3589 4633 3648 4686 et

232 4735 387 4792 οὕτω
442 4719 773 4811 κεχώρισται
832 4734 1098 4809 ἀνάμεσω
1159 4719 1356 4812 ἀνδρὸς
1412 4733 1503 4789 καὶ
1560 4732 1885 4812 ἀνδρὸς,καῖ

2004 4736 2135 4804 viri,
2166 4738 2223 4791 et
2250 4729 2665 4789 intermedium
2695 4722 2961 4781 mulieris
3011 4725 3069 4778 et
3115 4719 3417 4789 mulieris;
3449 4722 3507 4775 et
3531 4733 3647 4774 non

232 4824 510 4900 ἁνάμεσον
538 4822 792 4903 γυναικὸς
821 4821 913 4880 καὶ
942 4823 1217 4900 γυναικός·
1252 4824 1343 4880 καὶ
1375 4822 1475 4880 οὐκ
1503 4820 1644 4879 ἔστιν
1704 4823 1898 4898 εἰπεῖν,

316 4996 365 5037 ιδ
391 4997 530 5071 Sap.
561 5012 640 5057 x1.
670 4997 763 5054 21.
841 4996 887 5036 ¹⁸
916 4997 1054 5071 Sap.
1086 5012 1179 5065 xv,
1210 4995 1267 5053 7.
1344 4995 1389 5032 ¹⁶
1416 4994 1567 5055 Heb.
1595 5012 1668 5053 Iv.
1702 4996 1789 5053 13.

313 5161 745 5241 (9§)_’E:5M0_~qv_
798 5158 1135 5241 Ιξζεφθαλείμ.
1195 5164 1553 5220 Pecuniarem
1584 5163 1901 5241 (rationem

230 5236 507 5295 nominis
536 5236 913 5309 Nephthalﬁim
944 5237 1206 5309 assignat
1235 5240 1441 5291 auctor
1465 5240 1685 5309 noster,
1712 5236 1899 5291 diver-

2008 4827 2099 4882 est
2127 4822 2461 4889 dicendum,
2490 4817 2646 4890 quod
2679 4812 2801 4870 ulla
2827 4812 2888 4868 in
2919 4827 2981 4868 re
3012 4808 3181 4868 faciei
3229 4808 3317 4867 vel
3364 4806 3649 4867 similium

2102 5162 2196 5232 97)
2226 5145 2863 5233 AeGdépaciiAsQGcipacz
2878 5154 2965 5207 In.

2102 5162 2196 5232 97)
2226 5161 2519 5233 Δεϐόρῥας.
2553 5161 2845 5225 Δεόὅόρας.
2879 5161 2925 5207 II

2102 5233 2172 5289 98
2221 5228 2484 5293 Ῥουθὲος.
2512 5225 2810 5284 Ῥουθαῖος.
2845 5226 2925 5278 ID.

2079 5161 2195 5377 ί99)
2216 5296 2691 5377 νᾛχμαλωτεόθῃ.
2724 5289 2925 5377 ’ῌχμαί

2139 5519 2160 5732 ξ

2080 5522 2100 5736 ἓ

229 5289 578 5383 satsat;
594 5289 726 5383 ἒῖιῖεὲ
735 5289 804 5364 ἶ
818 5289 1432 5383 negassetis;
1451 5289 1885 5376 stantiam

2081 5289 2691 5383 (φῇξῌχμαλωτεόθη.
2724 5289 3190 5383 ’ῌχέραλιυτίσθη1
3216 5294 3364 5383 1oz“
3383 5376 3403 5383 Δ
3483 5352 3609 5383 mm

229 5326 373 5367 sam
406 5320 479 5366 ab
509 5326 578 5366 ea
599 5326 726 5383 qua
754 5326 787 5364 a
818 5320 1034 5380 Moyse,
1068 5320 1275 5365 Uenes.
1298 5325 1432 5378 xxx,
1451 5320 1505 5375 δ,
1537 5320 1811 5376 traditur,
1834 5323 1885 5362 at

228 5382 494 5455 proinde
525 5382 681 5437 haud
712 5379 1521 5453 approbandam.Genuinum
1547 5386 1740 5435 autem
1774 5394 1885 5435 sen~

231 5469 379 5489 anm
434 5453 612 5489 hninn
662 5453 917 5489 nnminiu
971 5467 1020 5489 Δ·
1072 5450 1379 5489 vnrhnnnm
1436 5450 1649 5489 Μηυαῖςι
1698 5451 1768 5489 ΑΔ
1810 5466 1876 5489 οη

2081 5320 2193 5377 (W)
2230 5320 2691 5429 ‘lﬂépaltw'tauo‘q.
2742 5320 3182 5419 ῃέμαιιωτισυη.
3216 5320 3296 5379 lu;
3535 5352 3548 5373 ,
3594 5352 3609 5375 ἱ

2079 5376 2229 5447 (100)
2261 5384 2462 5461 Λθγων·
2497 5366 2812 5454 Καινόσπου,
2837 5364 2894 5425 ός
2940 5384 3045 5438 μου
3082 5365 3117 5433 ἡ
3166 5372 3427 5489 θυῖἓιτηρ.
3480 5355 3656 5417 Ευθυς

2007 5446 2110 5489 νᾶη
2140 5446 2391 5489 τενθεητα
2420 5436 2643 5489 ἔσπευδε
2673 5433 2929 5489 θηλαζειν
2962 5438 3195 5489 dBBUDt.
3299 5472 3315 5489 ο

230 5433 311 5532 Et}
319 5433 417 5532 gs“
430 5433 639 5532 hujus—
653 5433 1035 5532 ῖιᾶἇιῖἑιξὲξθί
1065 5433 1382 5532 verborum
1436 5433 1672 5532 Moysis'
1698 5451 1769 5532 dﬂe
1784 5433 1794 5435 ⁷
1810 5466 1885 5506 eo.

2007 5433 2391 5532 γάριτεχθεῖσα
2420 5436 2648 5532 ἔσπευδε
2673 5433 3195 5532 θηλρὶζεινρθειωι.
3229 5433 3315 5489 ID.

230 5509 478 5580 dabunt
510 5509 1021 5579 "commentatores
1075 5521 1135 5577 in
1175 5523 1417 5579 citatum
1466 5509 1658 5579 loéum
1713 5521 1885 5578 Gene-

2021 5509 2032 5524 ’
2081 5509 2157 5581 (1)
2187 5509 2531 5581 ’λποστολὴν
2552 5509 2651 5581 ,καὶ
2682 5509 2923 5565 omissa.
2958 5509 3042 5564 ID.

232 5612 405 5654 secs.
439 5595 620 5651 GRAB.

2080 5580 2158 5656 (2)
2190 5586 2417 5642 Λοιπόν.
2450 5580 2761 5656 Ἐλλεῖπον.
2787 5581 2867 5656 I_D.
2989 5650 3000 5656 _
3427 5646 3445 5656 _
3485 5643 3511 5656 _
3581 5641 3611 5656 α

348 5643 678 5741 amid-iis-
709 5662 1003 5741 Ειέλογίας·
1037 5664 1124 5741 Ιυε

2016 5729 2031 5741 _
2187 5657 2375 5741 Τρίτον
2404 5652 2618 5731 τριχός.
2650 5651 2861 5711 Omnia
2888 5650 3107 5709 omissa
3155 5661 3344 5721 usque
3376 5646 3449 5703 ad
3477 5643 3514 5715 ἢ
3542 5643 3653 5698 τῶν

348 5672 422 5723 95
471 5672 678 5741 Εὐχάς.
709 5672 1003 5740 Εὑλογὶας.
1037 5672 1119 5720 1D.

345 5672 443 5813 96)
470 5736 745 5798 'PouOéoo.
770 5733 1072 5802 Ῥουθαίου.
1102 5739 1187 5794 ιο.

2008 5729 2038 5786 ὁ
2081 5672 2160 5789 (3‘)
2187 5672 2375 5791 'l‘ptl'tov
2404 5672 2618 5731 τριχός.
2650 5672 2861 5711 Ulnnla
2888 5672 3107 5709 omissa
3156 5672 3344 5721 usque
3376 5672 3449 5703 au
3478 5672 3514 5715 η
3542 5672 3653 5698 των

2044 5751 2117 5807 po
2144 5750 2242 5791 ων.
2299 5747 2358 5791 D.
3976 5758 3983 5787 ι
