4014 6226
260 361 411 422 1109

1384 362 1979 426 TESTAMENTUM
2023 363 2515 427 NEPHTALIM.

3501 365 3658 426 mo

327 499 395 549 A'.
430 516 459 546 «
488 497 657 549 Ταῦτα
686 493 857 569 λέγω,
890 490 1048 549 τέκνα
1084 514 1209 566 μου,
1243 492 1327 549 ὅτι
1368 494 1599 571 ἀνέγνων
1628 492 1679 548 ἐν
1714 496 1900 570 Γραφῇ

2089 496 2177 550 IV.
2222 518 2247 549 ‹‹
2280 498 2405 554 Haec
2439 498 2588 570 dico,
2625 497 2727 553 filii
2760 498 2896 568 mei,
2929 498 3205 571 quoniam
3242 497 3351 570 legi
3410 497 3467 553 in
3500 498 3653 554 Scri-

260 583 385 659 ἀγίᾳ
432 584 546 657 (19)
593 583 792 659 Ἑνὼχ,
843 583 925 637 ’ὁτι
980 582 1069 637 καί
1113 604 1173 659 γε
1215 584 1370 657 ὑμεῖς
1403 584 1766 653 ἀποστήσεσθε
1796 583 1902 638 ἀπὸ

259 672 477 749 Κυρίου,
521 672 878 747 πορευόμενοι
931 672 1066 726 κατά
1096 678 1265 727 πᾶσαν
1299 672 1564 749 πονηρίαν
1598 671 1779 741 ἐθνῶν,
1811 671 1901 727 καὶ

258 763 513 831 ποιήσετε
566 762 703 815 κατὰ
753 767 923 815 πᾶσαν
972 761 1199 833 ἀνομίαν
1251 759 1532 834 Σοδόμων.
1586 760 1682 816 Καὶ
1725 760 1903 832 ἐπάξει

265 851 385 923 ὑμῖν
442 849 640 926 Κύριος
674 849 1078 925 αἰχμαλωσίαν,
1133 851 1221 905 καὶ
1271 848 1587 906 δουλεύσετε
1648 849 1757 905 ἐκεῖ
1783 855 1902 913 τοῖς

259 938 472 1013 ἐχθροῖς
506 939 679 1012 ὑμῶν,
710 939 798 993 καὶ
831 940 972 1012 πάσῃ
1001 940 1234 993 κακώσει
1264 939 1351 994 καὶ
1403 937 1581 1012 θλίψει
1634 934 1900 1012 συγκαλυ-

259 1030 518 1105 φθήσεσθε
568 1029 703 1101 (20),
743 1023 851 1090 ἕως
901 1026 958 1081 ἂν
993 1027 1246 1102 ἀναλώσῃ
1278 1027 1472 1105 Κύριος
1504 1029 1705 1089 πάντας
1737 1026 1899 1100 ὑμᾶς.

258 1115 354 1171 Καί
406 1117 540 1189 μετὰ
589 1116 653 1171 τὸ
733 1114 1064 1191 ὀλιγωθῆναι
1133 1116 1271 1189 ὑμᾶς
1330 1116 1420 1171 καὶ
1482 1122 1899 1190 σμικρυνθῆναι,

258 1204 597 1281 ἐπιστρέφετε
645 1204 734 1260 καὶ
785 1204 1139 1278 ἐπιγνώσεσθε
1187 1204 1379 1281 Κύριον
1427 1202 1518 1260 τὸν
1565 1204 1694 1260 Θεὸν
1726 1205 1913 1277 ὑμῶν’

257 1294 342 1349 καὶ
386 1293 689 1369 ἐπιστρέψει
740 1293 879 1366 ὑμᾶς
930 1294 1004 1355 εἰς
1048 1296 1148 1363 τήν
1178 1297 1277 1370 γῆν
1305 1294 1479 1367 ὑμῶν,
1510 1293 1638 1349 κετά
1663 1293 1727 1348 τὸ
1756 1290 1901 1349 πολὺ

258 1382 419 1437 αὐτοῦ
468 1381 642 1446 ἔλεος.
696 1381 794 1438 Καί
843 1380 1010 1454 ἔσται,
1060 1382 1138 1438 ὅτ’
1161 1384 1219 1439 ἃν
1254 1385 1465 1456 ἥξουσιν
1494 1383 1547 1438 ἐν
1576 1386 1647 1459 γῇ
1678 1382 1902 1458 πατρώῃ

258 1471 452 1543 αὐτῶν,
498 1471 662 1527 πάλιν
716 1469 1077 1527 ἐπιλάθωνται
1138 1472 1356 1549 Κυρίου,
1414 1472 1503 1527 καὶ
1553 1467 1898 1543 ἀσεϐήσουσι,

254 1561 340 1615 καὶ
368 1558 644 1638 διασπερεῖ
673 1559 865 1624 αὐτοὺς
900 1560 1102 1636 Κύριος
1136 1560 1222 1617 ἐπὶ
1253 1562 1551 1638 προσώπου
1580 1564 1759 1631 πάσης
1798 1568 1899 1630 τῆς

255 1656 379 1724 γῆς,
412 1647 543 1725 ἄχρι
571 1654 668 1704 τοῦ
700 1648 875 1713 ἐλθεῖν
904 1650 966 1704 τὸ
1000 1649 1311 1727 σπλάγχνον
1347 1650 1566 1724 Κυρίου,
1618 1646 1900 1725 ἄνθρωπος

252 1743 421 1793 ποιῶν
469 1737 841 1809 δικαιοσύνην,
886 1739 974 1794 καὶ
1027 1743 1200 1795 ποιῶν
1251 1738 1404 1802 ἔλεος
1437 1739 1513 1803 εἰς
1542 1740 1745 1803 πάντας
1774 1738 1901 1803 τοὺς

258 1827 477 1903 μακρὰν,
508 1827 599 1883 καὶ
626 1828 755 1890 τοὺς
784 1826 941 1905 ἐγγύς
971 1828 1109 1901 (21).

318 2007 389 2062 Ε’.
424 2029 451 2058 ‹‹
505 2006 591 2061 Ἐν
641 2007 742 2082 γὰρ
790 2004 897 2063 ἔτει
940 2011 1350 2083 τεσσαρακοστῷ
1400 2010 1543 2076 ζωῆς
1595 2027 1720 2081 μου,
1753 2002 1892 2061 εἶδον

254 2093 304 2148 ἐν
335 2089 511 2170 ὄρεσιν
545 2096 659 2168 (22)
690 2092 876 2150 ἐλαίου
908 2098 1018 2167 (23)
1048 2095 1185 2150 κατὰ
1211 2094 1480 2157 ἀνατολὰς
1510 2093 1895 2171 Ἰερουσαλὴμ,

255 2181 333 2238 ὅτι
369 2184 397 2238 6
428 2182 590 2253 ἥλιος
633 2182 723 2238 καὶ
767 2186 803 2254 ἠ
847 2182 1051 2254 σελήνη
1084 2182 1335 2255 ἓστηκαν.
1371 2182 1468 2238 Καὶ
1493 2181 1610 2239 ἰδοὺ
1638 2183 1818 2240 Ἰσαὰκ
1870 2184 1899 2238 ὁ

256 2272 435 2348 πατὴρ
456 2276 552 2327 τοῦ
584 2271 786 2348 πατρός
823 2293 927 2346 μου
960 2274 1102 2349 λέγει
1143 2275 1278 2346 ἡμῖν
1306 2291 1318 2303 '
1373 2297 1401 2325 ‹‹
1450 2270 1899 2349 Προσδραμόντες

253 2362 553 2436 κρατήσατε
583 2358 806 2423 ἕκαστος
836 2362 971 2416 κατά
1019 2359 1243 2435 δύναμιν
1277 2380 1290 2395 ο
1342 2362 1430 2416 καὶ
1470 2366 1566 2416 τοῦ
1612 2362 1902 2423 πιάσαντος

255 2447 398 2503 ἔσται
432 2449 460 2503 6
510 2447 673 2519 ἥλιος
719 2450 810 2505 καὶ
857 2452 892 2521 ἡ
927 2448 1153 2521 σελήνη·
1191 2473 1219 2502 ι(
1257 2450 1356 2505 Καὶ
1385 2449 1578 2513 πάντες
1611 2452 1752 2523 ὁμοῦ
1782 2448 1902 2505 έπε-

262 2535 541 2613 δράμομεν
568 2557 581 2570 ⁸
614 2538 703 2593 καὶ
736 2540 764 2593 6
792 2539 921 2593 Λευὶ
953 2538 1214 2615 ἐκράτησε
1241 2539 1331 2593 τὸν
1360 2536 1544 2611 ἥλιον,
1576 2537 1665 2594 καὶ
1698 2540 1726 2594 6
1772 2536 1905 2594 Ἰού-

264 2624 355 2688 δας
405 2625 605 2700 φθάσας
655 2627 839 2683 ἐπίασε
876 2628 976 2696 τήν
1026 2627 1298 2699 σελήνην’
1348 2627 1436 2683 καὶ
1483 2626 1903 2702 ὑψώθησανάμ-

262 2714 478 2792 φότεροι
509 2714 599 2769 σὺν
632 2716 836 2778 αὑτοῖς.
870 2715 968 2771 Καὶ
999 2714 1153 2778 ὅντος
1182 2718 1279 2770 τοῦ
1310 2714 1441 2770 Λευῒ
1471 2714 1546 2777 ὡς
1575 2712 1762 2784 ἡλίου,
1792 2734 1907 2768 νεα-

258 2803 371 2866 νίας
418 2825 502 2867 τις
551 2801 862 2860 ἐπιδίδωσιν
907 2803 1054 2877 αύτῷ
1089 2806 1215 2881 βάϊα
1246 2803 1503 2880 φοινίκων
1537 2798 1628 2871 ιϐ’,
1655 2803 1745 2858 καὶ
1776 2802 1906 2858 Ἰού-

262 2888 353 2955 δας
402 2894 468 2963 ἦν
518 2890 794 2969 λαμπρὸς,
854 2894 927 2956 ὡς
983 2896 1017 2963 ἡ
1068 2892 1294 2965 σελήνη,
1325 2892 1415 2948 καὶ
1449 2893 1552 2948 ὑπὸ
1580 2892 1708 2955 τοὺς
1738 2889 1907 2955 πόδας

260 2982 423 3037 αὐτοῦ
474 2983 606 3053 ἦσαν
657 2978 728 3037 ιϐ’
757 2983 986 3045 ἀκτῖνες.
1036 2982 1134 3037 Καὶ
1166 2978 1603 3059 προσδραμόντες
1632 2978 1906 3052 ἀλλήλοις

265 3072 292 3126 ὁ
323 3072 453 3125 Λευῒ
499 3072 589 3125 καὶ
638 3071 666 3125 6
714 3069 943 3139 Ἰούδας,
994 3070 1289 3145 ἐκράτησαν
1342 3070 1584 3133 ἑαυτούς.
1640 3070 1739 3124 Καὶ
1789 3067 1909 3125 ἰδοὺ

262 3163 457 3233 ταῦρος
515 3158 601 3214 ἐπὶ
650 3162 751 3229 τῆς
802 3167 929 3234 γῆς,
976 3156 1118 3235 ἔχων
1174 3157 1270 3214 δύο
1316 3160 1515 3236 κέρατα
1555 3158 1789 3234 μεγάλα,
1818 3158 1909 3213 καὶ

2011 588 2183 657 ptura
2214 592 2415 642 sancta
2446 588 2662 655 Enoch,
2697 587 2851 659 quod
2883 592 2940 643 et
2982 603 3084 643 vos
3143 587 3422 643 recedetis
3481 604 3513 642 a
3547 588 3652 641 Do-

2013 674 2572 742 mino,ambulantes
2604 677 2928 733 secundum
2952 693 3186 733 omnem
3210 675 3497 730 malitiam
3523 692 3657 747 gen-

2010 764 2157 819 tium
2190 769 2247 819 et
2278 765 2503 820 facietis
2530 766 2855 821 secundum
2883 782 3116 821 omnem
3147 764 3519 836 iniquitatem
3553 766 3653 820 So-

2013 852 2341 908 domorum.
2376 854 2444 909 Et
2474 854 2710 909 inducet
2739 854 2902 909 vobis
2932 853 3218 909 Dominus
3251 854 3654 924 captivitatem

2010 946 2069 997 et
2099 941 2363 998 servietis
2393 942 2513 997 illic
2540 942 2798 998 inimicis
2842 942 3071 1009 vestris,
3104 947 3161 997 et
3208 942 3367 996 omni
3400 958 3569 1013 poena
3600 946 3659 997 et

2009 1030 2391 1086 tribulatlone
2405 1030 3005 1102 comprehendemini,
3021 1046 3326 1102 usquequo
3349 1034 3657 1086 consumat

2016 1119 2298 1175 Dominus
2331 1136 2534 1174 omnes
2571 1136 2693 1174 vos.
2754 1119 2824 1174 Et
2878 1124 3191 1191 postquam
3250 1119 3419 1191 pauci
3466 1119 3653 1173 effecti

2013 1208 2240 1277 fueritis
2270 1214 2325 1264 et
2352 1209 2647 1279 minorati,
2681 1208 3049 1263 revertemini
3079 1212 3137 1264 et
3168 1209 3530 1279 cognoscetis
3544 1208 3652 1264 Do-

2011 1297 2241 1353 minum
2278 1299 2457 1353 Deum
2489 1301 2774 1365 vestrum;
2805 1302 2862 1353 et
2888 1300 3182 1353 convertet
3212 1314 3312 1353 vos
3345 1298 3403 1352 in
3435 1301 3650 1352 terram
3754 1326 3755 1329 η

2008 1390 2260 1442 vestram
2293 1387 2614 1442 secundum
2655 1386 2905 1442 multam
2966 1386 3426 1442 miscricordiam
3481 1402 3650 1441 suam

2010 1475 2079 1531 Et
2108 1475 2235 1544 erit,
2270 1492 2401 1531 cum
2434 1475 2699 1531 venerint
2728 1476 2787 1530 in
2816 1480 3033 1531 terram
3094 1479 3329 1547 patrum
3385 1491 3648 1541 suorum,

2011 1581 2218 1620 rursus
2248 1564 2662 1621 obliviscentur
2691 1564 3018 1631 Domini,et
3048 1564 3224 1636 impie
3254 1568 3446 1636 agent,
3474 1567 3532 1618 et
3562 1563 3651 1617 di-

2010 1656 2243 1726 sperget
2266 1670 2365 1710 eos
2394 1653 2680 1709 Dominus
2711 1670 2885 1724 super
2915 1652 3123 1708 faciem
3154 1653 3435 1708 universae
3467 1656 3650 1719 terrae,

2010 1757 2315 1815 usquequo
2329 1741 2545 1798 venerit
2566 1741 2966 1797 misericordia
2988 1740 3417 1811 Domini,homo
3440 1740 3656 1795 faciens

2002 1831 2299 1903 justitiam
2338 1834 2394 1887 et
2424 1830 2643 1887 faciens
2685 1829 3149 1886 misericordiam
3196 1830 3257 1884 in
3296 1846 3523 1895 omnes,
3556 1828 3656 1900 qui

2007 1920 2179 1993 longe
2208 1924 2367 1986 sunt,
2400 1924 2459 1975 et
2493 1920 2592 1991 qui
2616 1935 2794 1992 prope
2825 1924 2965 1975 sunt
2994 1920 3059 1975 ’3.

2073 2009 2143 2064 V.
2183 2031 2211 2060 «
2243 2010 2305 2065 In
2338 2026 2493 2065 anno
2527 2010 2685 2065 enim
2720 2008 3172 2081 quadragesimo
3202 2007 3335 2063 vitis
3365 2006 3651 2076 meae,vidi

2004 2098 2065 2154 in
2100 2098 2398 2154 montibus
2430 2098 2541 2154 olei
2573 2115 2775 2154 versus
2805 2098 3089 2153 orientem
3117 2096 3468 2162 Jerusalem,
3492 2096 3647 2167 quod

2009 2188 2095 2244 sol
2126 2192 2183 2243 et
2212 2186 2352 2242 luna
2381 2192 2669 2243 steterunt
2699 2188 2764 2241 ⁵³⁸.
2799 2187 2866 2242 Et
2893 2203 3023 2242 ecce
3054 2187 3215 2241 Isaac
3261 2190 3426 2257 pater
3469 2184 3655 2256 patris

2010 2276 2123 2331 mei
2152 2277 2293 2331 dicit
2322 2276 2492 2331 nobis
2525 2293 2537 2331 :
2571 2298 2599 2326 «
2623 2278 2976 2331 Accurentes
3026 2279 3216 2331 tenete
3248 2274 3656 2345 unusquisque

2010 2367 2335 2423 secundum
2367 2366 2640 2421 virtutem
2674 2382 2841 2419 suam
2873 2383 2887 2433 ;
2920 2368 2978 2419 et
3026 2362 3515 2437 apprehendentis
3546 2362 3656 2418 erit

2012 2455 2097 2511 sol
2128 2459 2185 2510 et
2218 2454 2376 2509 luna.
2411 2475 2439 2505 »
2474 2455 2544 2509 Et
2592 2469 2797 2509 omnes
2841 2452 3020 2508 simul
3068 2453 3518 2508 accurrebamus
3553 2468 3568 2519 ;
3597 2454 3654 2507 et

2010 2545 2140 2600 Levi
2172 2544 2360 2599 tenuit
2389 2545 2595 2613 solem,
2628 2547 2685 2597 et
2714 2542 2895 2597 Judas
2935 2542 3289 2614 praeveniens
3320 2539 3652 2613 apprehen-

2013 2633 2099 2688 dit
2128 2632 2363 2700 lunam;
2397 2636 2455 2686 et
2482 2630 2718 2687 exaltati
2751 2634 2889 2686 sunt
2920 2631 3092 2686 ambo
3115 2646 3246 2685 cum
3280 2630 3385 2685 eis.
3421 2629 3487 2684 Et
3517 2645 3653 2685 cum

2013 2726 2168 2779 esset
2198 2720 2330 2795 Levi
2362 2721 2511 2776 sicut
2541 2720 2648 2790 sol,
2674 2720 2911 2791 juvenis
2942 2719 3177 2791 quidam
3211 2719 3452 2775 tradidit
3480 2718 3531 2773 ei
3564 2735 3655 2773 ra-

2016 2828 2144 2867 mos
2174 2809 2499 2883 palmarum
2537 2808 2844 2864 duodecim
2871 2826 2883 2864 :
2909 2808 3160 2863 etJudas
3188 2813 3311 2863 erat
3345 2808 3661 2879 splendens

2016 2904 2083 2955 ut
2110 2899 2271 2967 luna,
2304 2902 2361 2954 et
2390 2899 2500 2955 sub
2532 2898 2781 2970 pedibus
2810 2898 2938 2968 ejus
2969 2901 3135 2953 erant
3166 2897 3232 2952 12
3263 2897 3431 2952 radii.
3464 2896 3533 2951 Et
3562 2912 3664 2951 ac-

2018 2992 2318 3045 currentes
2349 2988 2421 3042 ad
2454 3004 2517 3043 se
2545 2987 2794 3042 invicem
2824 2987 2856 3042 J
2864 2987 3011 3042 udas
3042 2991 3098 3041 et
3128 2986 3281 3054 Levi,
3324 2988 3660 3042 tenuerunt.

2018 3079 2263 3149 seipsos.
2295 3077 2366 3132 Et
2395 3092 2526 3132 ecce
2554 3081 2757 3131 taurus
2788 3076 2847 3131 in
2886 3082 3064 3141 terra,
3108 3075 3333 3131 habens
3384 3075 3499 3130 duo
3530 3091 3662 3130 cor-

2020 3184 2137 3222 nua
2169 3182 2402 3237 magna,
2419 3169 2476 3219 et
2505 3164 2626 3220 alas
2655 3163 2862 3236 aquilae
2894 3164 2953 3219 in
2985 3164 3156 3219 dorso
3188 3165 3352 3234 ejus;
3386 3168 3445 3219 et
3468 3162 3665 3218 volen-

262 3247 529 3324 πτέρυγας
578 3247 737 3303 ἀετοῦ
784 3248 870 3303 ἐπὶ
920 3253 1017 3303 τοῦ
1060 3248 1236 3304 νώτου
1288 3248 1453 3303 αὐτοῦ
1480 3268 1493 3281 ·
1537 3248 1626 3303 καὶ
1660 3246 1907 3312 θέλοντες

2026 3260 2107 3311 tes
2133 3254 2570 3326 apprehendere
2599 3268 2755 3319 eum,
2789 3268 2903 3307 non
2936 3252 3256 3323 potuimus.
3304 3250 3667 3306 Praeveniens

265 3337 423 3393 αὐτὸν
471 3336 681 3409 πιάσαι,
729 3336 829 3392 ούκ
873 3335 1245 3411 ἠδυνήθημεν.
1313 3336 1527 3400 Φθάσας
1591 3335 1648 3392 δὲ
1714 3338 1913 3416 Ἰωσὴφ

264 3420 453 3481 ἔλαϐεν
488 3424 668 3495 αὐτὸν,
700 3425 789 3481 καὶ
821 3424 1085 3495 συνῆλθεν
1122 3426 1268 3498 αὐτῷ
1300 3426 1375 3489 εἷς
1415 3426 1570 3499 ὕψος.
1612 3425 1712 3480 Καὶ
1769 3423 1912 3480 εἶδον

267 3513 373 3580 (ὅτι
424 3512 578 3588 ἤμην
628 3514 815 3591 παρὼν
866 3516 1001 3588 ἐκεῖ)
1046 3514 1135 3570 καὶ
1189 3512 1307 3570 ἰδού
1354 3515 1539 3593 Γραφή
1586 3514 1708 3590 ἁγία
1757 3512 1912 3591 ὣφθη

268 3604 429 3676 ἡμῖν,
486 3601 757 3679 λέγουσα·
814 3626 843 3655 ‹‹
897 3603 1191 3677 Ἀσσύριει,
1242 3601 1444 3673 Μῆδοι,
1491 3602 1711 3678 Πέρσαι,
1758 3603 1914 3659 Ἐλυ-

276 3696 432 3765 μαῖοι
462 3693 601 3766 (24),
653 3689 949 3767 Γελαχαῖοι
1000 3694 1139 3763 (25).
1170 3689 1455 3761 Χαλδαῖοι,
1492 3691 1678 3766 Σύροι,
1711 3690 1917 3764 κληρο-

269 3782 601 3854 νομήσουσιν
632 3779 998 3856 αἷχμπλωσίᾳ
1034 3780 1099 3835 τὰ
1134 3775 1198 3834 ιϐ’
1228 3787 1477 3855 σκῆπτρα
1504 3778 1599 3834 τοῦ
1632 3778 1850 3856 Ἰσραήλ
1888 3802 1916 3831 ››

346 3871 410 3938 ζ’.
448 3894 475 3921 ‹‹
510 3870 614 3926 Καὶ
664 3868 829 3924 πάλιν
879 3870 1013 3943 μετά
1065 3872 1234 3942 μῆνας
1267 3869 1401 3923 ἑπτὰ
1430 3866 1570 3923 εἶδον
1595 3868 1686 3923 τὸν
1717 3870 1922 3945 πατέρα

266 3960 428 4030 ἡμῶν
482 3954 697 4030 Ἰακὼϐ,
750 3957 1014 4027 ἑστηκότα
1057 3957 1108 4013 ἐν
1151 3961 1218 4032 τῇ
1269 3957 1510 4032 θαλάσσῃ
1549 3956 1729 4031 Ἰαμνέ
1785 3960 1917 4032 (26)’

266 4047 356 4102 καὶ
386 4050 551 4122 ἡμεῖς
583 4049 636 4103 οἱ
667 4049 780 4103 υἱοὶ
812 4048 942 4103 αὐτο
974 4048 1101 4102 ὖσὺν
1130 4046 1296 4119 αύτῷ.
1327 4048 1428 4104 Καὶ
1462 4044 1579 4102 ἰδοὺ
1601 4045 1797 4102 πλοῖον
1818 4046 1918 4125 ἤρ-

275 4154 407 4212 χετο
456 4136 768 4213 ἀρμενίζον,
821 4137 1013 4210 μεστὸν
1070 4136 1333 4212 ταρίχων,
1384 4136 1535 4199 έκτὸς
1580 4141 1786 4192 ναυτῶν
1832 4137 1923 4192 καὶ

277 4222 632 4301 κυϐερνήτου’
681 4226 1048 4302 ἐπεγέγραπτο
1094 4223 1171 4297 δὲ,
1201 4226 1263 4280 τὸ
1303 4225 1497 4281 πλοῖον
1550 4222 1765 4283 Ἰακώϐ.
1824 4228 1923 4282 Καὶ

272 4314 421 4391 λέγει
445 4317 578 4388 ἡμῖν
618 4316 646 4371 6
675 4316 857 4391 πατὴρ
888 4317 1074 4387 ἡμῶνο
1112 4338 1141 4366 ‹‹
1172 4308 1462 4387 Ἐμϐῶμεν
1497 4314 1575 4377 εἷς
1617 4314 1684 4370 τὰ
1732 4312 1922 4371 πλοῖεν

273 4406 461 4479 ἡμῶν.
509 4429 539 4458 ››
587 4410 671 4466 Ὠς
717 4401 774 4459 δὲ
823 4403 1145 4479 ρῖσήλομεν,
1194 4401 1393 4480 γίνεται
1425 4406 1638 4478 χειμῶν
1671 4401 1923 4482 σφοδρὸς,

275 4492 365 4549 καὶ
414 4491 624 4567 λαῖλαψ
679 4492 883 4565 ἀνέμου
944 4490 1205 4568 μεγάλου,
1271 4490 1361 4546 καὶ
1422 4490 1711 4568 ἐφεπτᾶται
1752 4494 1864 4563 (27)
1898 4493 1926 4548 6

350 4602 397 4637 2³
426 4602 637 4673 Ephes.
671 4617 733 4668 ιι,
768 4601 855 4655 17.
954 4600 1001 4636 ²⁴
1027 4600 1242 4656 Habac.
1274 4616 1359 4668 III,
1396 4600 1483 4655 11.

2033 3348 2229 3400 autem
2259 3342 2476 3415 Jpseph
2510 3341 2663 3414 cepit
2690 3356 2847 3407 eum,
2887 3345 2944 3396 et
2986 3340 3250 3396 ascendit
3277 3357 3411 3395 cum
3450 3340 3578 3411 ipso
3610 3341 3671 3394 in

2022 3432 2339 3489 excelsum.
2375 3432 2443 3486 Et
2472 3430 2587 3485 vidi
2621 3430 2921 3501 (quoniam
2958 3430 3193 3484 aderam
3226 3428 3392 3499 illic),
3440 3436 3497 3484 et
3539 3444 3671 3484 ecce

2024 3522 2328 3592 Scriptura
2357 3523 2562 3574 sancta
2593 3518 2868 3590 apparuit
2900 3518 3088 3588 nobis,
3129 3517 3329 3573 dicens
3365 3535 3377 3583 ;
3416 3516 3671 3589 «Assyrii

2026 3610 2199 3672 Medi,
2218 3614 2427 3675 Persae,
2442 3607 2697 3680 Elymaei,
2714 3606 3019 3676 Gelachaei,
3035 3605 3311 3673 Chaldaei,
3327 3605 3474 3677 Syri,
3491 3606 3672 3660 haere-

2027 3698 2267 3755 ditatem
2291 3696 2640 3753 obtinebunt
2661 3696 2719 3750 in
2740 3695 3073 3768 captivitate
3089 3696 3157 3750 12
3177 3699 3408 3766 sceptra
3429 3694 3674 3750 Israel.»

2099 3875 2194 3929 VI.
2229 3897 2256 3924 «
2289 3875 2359 3930 Et
2391 3890 2596 3929 rursus
2626 3878 2760 3945 post
2792 3888 3025 3928 menses
3054 3876 3276 3943 septem
3308 3872 3421 3927 vidi
3451 3876 3676 3943 patrem

2031 3968 2297 4019 nostrum
2327 3962 2789 4027 Jacob,stantem
2817 3960 2875 4015 in
2908 3961 3053 4016 mari
3073 3961 3283 4016 Jamne
3315 3979 3329 4028 ;
3363 3966 3418 4015 et
3448 3977 3553 4015 nos
3572 3960 3681 4014 filii

2031 4054 2160 4124 ejus
2187 4068 2321 4108 sum
2355 4067 2441 4106 eo.
2477 4051 2543 4105 Et
2572 4066 2703 4105 ecce
2740 4049 2904 4104 navis
2950 4051 3109 4105 venit
3155 4048 3471 4115 veliﬁcans,
3507 4048 3680 4121 plena

2032 4141 2204 4199 siccis
2235 4138 2666 4205 carnibus,sine
2695 4138 2891 4194 nautis
2924 4142 2980 4193 et
2999 4139 3387 4210 gubernatore
3421 4154 3432 4192 :
3469 4138 3677 4193 inscri-

2030 4231 2282 4287 bebatur
2319 4233 2542 4293 autem,
2573 4228 2737 4283 Navis
2765 4228 2946 4284 Iacob.
3004 4228 3073 4281 Et
3104 4227 3246 4281 dixit
3293 4226 3463 4282 nobis
3518 4231 3683 4298 pater

2032 4322 2235 4375 noster
2266 4332 2280 4373 :
2318 4338 2346 4366 «
2375 4317 2780 4371 Ascendamus
2809 4315 2870 4371 in
2903 4331 3109 4371 navem
3140 4315 3543 4371 nostram.»Ut
3573 4332 3679 4370 au—

2031 4413 2149 4463 tem
2182 4404 2556 4471 intravimus,
2589 4405 2741 4460 facta
2769 4407 2859 4458 est
2890 4407 3210 4474 tempestas
3238 4403 3577 4467 vehemens,
3622 4406 3680 4457 et

2034 4496 2207 4552 turbo
2237 4494 2392 4550 venti
2425 4491 2624 4565 magni
2659 4509 2672 4559 ;
2706 4495 2759 4547 et
2801 4490 2990 4546 avolat
3018 4494 3183 4562 pater
3202 4494 3451 4545 nostera
3482 4489 3675 4559 nobis,

351 4708 465 4781 (19)
493 4704 670 4781 Ἁγίᾳ.
704 4710 829 4763 Vox
850 4702 973 4781 ἁγίᾳ
1000 4722 1116 4761 non
1148 4705 1363 4778 legitur
1392 4705 1450 4761 in
1496 4722 1607 4763 ms.
1653 4710 1906 4767 Cantabr

2037 4706 2213 4763 habet
2229 4723 2258 4781 _;
2291 4708 2353 4762 In
2383 4707 2539 4781 φανί
2565 4706 2817 4781 Jammaz.
2840 4703 2993 4781 _Hinc
3022 4701 3258 4781 conjicit
3285 4701 3373 4781 vir
3428 4720 3685 4781 κριεικω-

349 4855 461 4997 (20)
494 4855 1037 4941 Συγκαλυφθήσεσθε.
1073 4855 1593 4936 ᾏναστραφήσεσθε,
1628 4855 1709 4906 ID.
1849 4921 1859 4933 _

274 4924 461 5053 ID.21)
493 4923 595 4978 Και
624 4918 887 4977 ἐσται.....
919 4939 1009 4973 και
1038 4938 1166 4980 τους
1200 4917 1383 4994 ἐγγυς.
1429 4920 1659 4978 Omissa
1702 4938 1921 4978 omnia.

307 5014 365 5053 ι).

370 5066 462 5138 22)
493 5064 579 5138 Ἔν
609 5057 808 5138 ὄρεσιν’.
1020 5059 1072 5115 έν
1108 5059 1324 5138 ὀνείρῳ,
1357 5057 1461 5118 ὅτι.
1487 5067 1569 5119 ID.

372 5081 441 5121 zz
496 5081 579 5118 Ἐν
609 5084 636 5116 ο
678 5082 808 5118 εσιν.
841 5081 995 5117 auo.
1021 5081 1072 5115 εν
1108 5081 1153 5115 οι

372 5081 463 5193 23)
496 5081 738 5189 Έλαίίο.
783 5130 1034 5189 Ἐλαιῶν.
1071 5138 1153 5188 ID.

373 5202 464 5278 24)
497 5205 790 5278 Ἐλυμαῖοι
820 5206 999 5278 deest.
1036 5209 1115 5259 ID.

505 5273 822 5352 Γελαχαῖοι.
856 5273 1136 5352 Χελκαῖοι.
1178 5278 1262 5329 ΙΙ).

379 5283 451 5336 25
506 5282 822 5352 Γελαγαῖοι.
856 5282 1136 5331 Χελκαῖοι.
1179 5282 1262 5329 ID.

504 5340 700 5435 Ἰαημνξ.
732 5346 1017 5435 Ἰαμνίας..
1050 5347 1243 5435 ξομ-ξ
1275 5346 1930 5435 Βὶοὺθιυόυρξξῳοηίυε

328 5417 387 5479 ui
418 5417 537 5477 haec
569 5417 903 5477 Testamenta
934 5417 1178 5475 contulit
1218 5434 1349 5472 cum
1406 5435 1517 5473 ms.
1572 5417 1931 5474 bibliothecas

446 5066 464 5279 ἒ

341 5495 500 5561 agite,
534 5497 782 5550 testatur
827 5490 1091 5561 Biblioth.
1133 5490 1281 5561 crit.‘
1309 5493 1452 5561 tom.
1489 5490 1574 5561 AII,
1626 5506 1757 5561 pag.
1806 5491 1934 5555 231,

2036 4772 2352 4844 τατοςὼαξο
2386 4778 2715 4832 Testamenta
2742 4774 2957 4846 scripta
2988 4774 3245 4846 primum
3296 4772 3475 4846 fuisse
3523 4772 3690 4827 Chal-

2038 4851 2203 4905 daice
2234 4871 2248 4919 ;
2284 4865 2391 4904 vox
2419 4848 2574 4919 enim
2606 4849 2824 4919 Jamma
2867 4845 3195 4901 ’Chaldaica
3248 4849 3376 4919 (ξεῖ,⁸
3418 4845 3688 4919 idemque

2034 4926 2209 4978 sonat
2239 4914 2410 4992 quod
2442 4914 2907 4992 Gakdcanﬁrsece,
2960 4921 3017 4973 et
3057 4932 3215 4992 mare
3260 4914 3689 4992 Latin_e.At,in-

2036 4993 2225 5065 quies,
2259 4983 2575 5065 sibuacita
2604 4983 3309 5065 se'habeantgcauicoldvoc
3329 4987 3459 5065 erit
3487 4991 3690 5065 auctor

2036 5054 2252 5121 noster.
2288 5063 2362 5120 Ut
2390 5060 2525 5131 quid
2559 5060 2715 5117 enim
2748 5054 3056 5132 scripserit
3078 5056 3128 5132 έν
3160 5054 3500 5132 τῇίθαλάσση
3537 5058 3685 5130 Ἰάμ-

2040 5151 2308 5218 μας,ουῐϊι
2337 5127 2573 5218 Ιαᾶηηξα,
2590 5132 2744 5187 idem
2771 5127 2948 5218 .sit-‘ac
2974 5127 3215 5218 θαλάσση
3241 5131 3507 5218 1Ουίᾶυὶ
3526 5127 3682 5218 vero,

2036 5202 2282 5278 inquam
2313 5220 2439 5278 ego,
2505 5202 2734 5278 Ἰάμμας
2768 5204 2827 5258 in
2876 5207 3032 5259 textu
3076 5203 3376 5278 scripserit
3430 5206 3681 5278 auctor;

2040 5272 2608 5348 aliusquedeinceps
2630 5272 2780 5348 hanc
2812 5291 3012 5348 vocem
3037 5274 3320 5348 exoticam
3370 5272 3686 5348 explicatu-

2042 5366 2163 5415 rus,
2199 5344 2439 5413 θαλάσση
2469 5344 2716 5420 margini
2766 5345 3089 5420 adle_ve_ri_t_:
3124 5345 3275 5414 quod
3307 5344 3506 5420 postea
3533 5345 3688 5420 glos-

2044 5437 2205 5476 sema
2250 5420 2308 5474 in
2356 5423 2577 5473 textum
2601 5415 2931 5489 virrepserit
2958 5417 2986 5471 ?
3015 5415 3683 5489 Hactenus’USimonius.

2042 5490 2275 5547 Videsis
2307 5489 2658 5545 Bochartum
2688 5485 2766 5545 in_
2802 5488 3096 5561 Geograph.
3147 5503 3288 5543 sacr.
3334 5485 3436 5543 lib.
3486 5504 3525 5558 ι,
3560 5504 3685 5559 cap.

288 5555 550 5624 codicem
625 5564 897 5621 exhibere
940 5559 992 5634 ἐν
1042 5562 1111 5634 οῇ
1144 5555 1458 5634 ιθαλλᾴσσῃ,
1488 5555 1787 5634 Ἰαμνείοῖς.
1824 5562 1910 5617 Sel

2044 5564 2133 5627 35,
2168 5578 2298 5634 pag.
2330 5562 2435 5616 634
2466 5577 2583 5631 seq.

333 5642 547 5707 raestat,
564 5636 775 5709 inquit,
790 5630 1209 5718 legere‘la'zapac;
1243 5631 1357 5687 :sio
1370 5630 1526 5687 enim
1543 5633 1743 5704 procul
1760 5633 1937 5689 dubio

287 5656 435 5767 feeit
462 5710 773 5767 enisconus
804 5704 1253 5767 Lincolniensis,
1294 5705 1465 5767 cujus
1514 5704 1702 5763 versio
1759 5704 1841 5762 ita
1877 5720 1937 5761 se

2120 5628 2623 5709 (2Ἷ)”Ἐφεπτᾶται
2690 5630 2833 5709 Legg
2888 5628 3175 5706 ἀφίπταται
3213 5670 3227 5699 ,
3277 5629 3376 5686 sed
3435 5628 3492 5684 in
3557 5629 3685 5699 cod,

317 5710 435 5783 egit
462 5701 773 5783 episcopus
804 5701 1253 5776 Lincolniensis,
1294 5705 1465 5776 cujus
1514 5701 1702 5763 versio
1759 5704 1841 5762 ita
1877 5720 1941 5761 se
2051 5701 2235 5762 Ox'on'.
2269 5708 2361 5762 est
2376 5701 2694 5783 ἀφίσταται.
2732 5745 2746 5762 .
2769 5701 2964 5760 GRAB'.
