4014 6226
368 316 523 379 illi

1359 315 1884 378 TESTAMENTA
1932 315 2041 377 XlI
2084 316 2579 379 PATRIARCHA
2594 319 2785 381 DUM.

3604 319 3741 379 1112

368 453 583 507 tenens
616 447 1031 522 gubernacula.
1055 447 1124 505 Et
1153 463 1263 503 nos
1282 451 1633 520 tempestate
1663 448 1927 520 quassati
1957 447 2013 502 in

2164 448 2311 523 τατὴρ
2341 446 2430 525 ἀφ’
2459 450 2643 521 ἡμῶν,
2676 448 2704 504 6
2730 452 2941 525 κρατῶν
2977 446 3112 511 τοὺς
3160 446 3411 525 αὐχένας.
3466 447 3557 503 Kui
3600 451 3744 522 ἡμεῖς

370 539 616 612 pelagus
650 538 1013 600 ferebamur;
1044 541 1101 593 et
1131 536 1373 609 impleta
1401 541 1491 592 est
1509 538 1669 593 navis
1693 537 2016 609 aquis,pro-

377 628 541 684 cellis
574 627 836 698 undique
858 626 1251 697 quassata,ita
1282 625 2019 697 utcontritaesset.Joseph

375 722 573 773 autem
607 717 816 789 cymba
848 716 1043 787 fugit;
1093 714 1413 770 dividimur
1459 720 1652 770 autem
1705 720 1763 770 et
1812 732 1917 770 nos
1960 715 2022 769 in

374 806 595 863 tabulis
627 806 851 862 decem.
888 804 1017 860 Levi
1050 808 1245 860 autem
1278 805 1532 859 etJudas
1561 810 1726 859 erant
1756 803 2020 859 insimul.

377 895 787 967 Dispergimur
818 895 997 968 igitur
1026 910 1250 964 omnes,
1275 909 1462 965 usque
1490 893 1549 947 in
1583 891 2026 949 terminos.Levi

380 990 576 1041 autem
608 983 851 1039 indutus
882 999 1069 1051 sacco,
1104 999 1206 1054 pro
1236 981 1510 1037 omnibus
1548 981 1718 1036 nobis
1748 982 2022 1054 depreca—

386 1076 564 1130 batur
595 1071 1023 1128 Dominum.Ut
1055 1075 1249 1127 autem
1282 1070 1501 1142 quievit
1527 1074 1867 1142 tempestas,
1899 1086 2026 1126 sca-

381 1163 500 1235 pha
530 1161 725 1233 attigit
753 1166 991 1229 terram,
1022 1159 1181 1215 velut
1212 1159 1269 1214 in
1302 1175 1461 1231 pace.
1480 1158 1550 1214 Et
1577 1176 1709 1215 ecce
1738 1160 1895 1215 venit
1923 1175 2024 1231 pa-

382 1257 472 1309 ter
497 1256 696 1308 noster
723 1250 926 1315 Jacob,
957 1253 1014 1305 et
1045 1248 1401 1304 unanimiter
1430 1247 1873 1305 exsultavimus.

455 1449 612 1505 VII.«
645 1447 777 1503 Haec
808 1446 922 1502 duo
954 1444 1186 1502 somnia
1215 1444 1479 1500 dicebam
1512 1443 1662 1516 patri
1685 1459 1836 1512 meo;
1868 1448 1923 1500 et
1945 1443 2028 1499 d1-

387 1539 473 1595 xit
504 1537 706 1593 mihim
740 1536 977 1608 Oportet
1006 1535 1124 1590 haec
1157 1533 1388 1606 impleri
1436 1534 1761 1589 secundum
1794 1536 2030 1605 tempus

388 1626 678 1697 ipsorum,
711 1640 844 1679 cum
876 1623 1062 1678 multa
1124 1621 1301 1679 Israel
1359 1621 1727 1677 sustinuerit.
1786 1642 1813 1672 ››
1866 1621 2029 1678 Tunc

390 1714 537 1770 dixit
563 1718 725 1785 pater
748 1728 913 1767 meus
948 1728 960 1766 :
999 1733 1027 1762 «
1057 1712 1258 1779 Credo,
1291 1710 1569 1782 quoniam
1599 1709 1737 1764 vivit
1763 1709 1977 1782 Joseph
2012 1726 2026 1765 :

390 1802 556 1859 video
579 1802 733 1857 enim
759 1801 1167 1873 semper,quod
1195 1800 1479 1855 Dominus
1504 1803 2030 1855 connumerateum

390 1892 713 1950 vobiscum.
748 1912 775 1941 »
814 1892 879 1945 Et
910 1890 1054 1945 ﬂens
1082 1888 1227 1944 dixit
1257 1906 1270 1943 :
1309 1910 1337 1938 «
1368 1888 1545 1954 Vivis,
1578 1888 1794 1959 Joseph
1823 1887 1902 1942 ﬁli
1928 1888 2028 1953 mi,

396 1986 452 2037 et
482 1998 595 2035 non
636 1984 694 2035 te
723 1979 906 2049 video,
940 1983 996 2034 et
1025 1984 1088 2033 tu
1122 1995 1234 2033 non
1268 1977 1429 2033 vides
1450 1976 1652 2043 Jacob,
1684 1976 1784 2048 qui
1833 1978 2035 2049 genuit

393 2074 471 2126 te.
507 2092 534 2119 ››
567 2068 722 2124 Fecit
750 2071 946 2123 autem
974 2071 1031 2123 et
1062 2082 1167 2121 nos
1198 2065 1505 2138 lacrymari
1535 2064 1594 2119 in
1626 2064 1718 2120 his
1749 2064 2034 2120 sermoni-

393 2159 525 2215 bus.
558 2158 629 2213 Et
658 2157 1016 2213 accendebar
1036 2155 1094 2210 in
1123 2154 1537 2221 visceribus,ut
1569 2153 1760 2226 palam
1784 2153 2033 2210 facerem

395 2247 549 2320 quod
580 2246 851 2301 venditus
885 2248 1038 2301 esset
1064 2289 1077 2312 ,
1110 2244 1211 2300 sed
1242 2243 1413 2299 timui
1444 2244 1651 2298 fratres
1683 2259 1866 2299 meos.

463 2354 612 2410 VIII.
651 2376 673 2403 u
706 2354 871 2420 Ecce,
906 2351 1008 2406 filii
1041 2350 1177 2421 mei,
1197 2351 1426 2406 ostendi
1457 2350 1624 2405 vobis
1652 2352 1919 2421 tempora
1947 2365 2039 2405 ex-

395 2448 605 2511 trema,
641 2442 918 2515 quoniam
952 2440 1148 2495 omnia
1179 2440 1320 2495 ﬁent
1374 2439 1432 2494 in
1466 2438 1664 2495 Israel.
1699 2440 1769 2494 Et
1798 2456 1899 2495 vos
1932 2438 2039 2512 igi-

393 2537 493 2590 tur
521 2532 795 2587 mandate
821 2529 957 2585 filiis
980 2529 1280 2594 vestris,ut
1311 2528 1590 2583 uniantur
1612 2528 1745 2583 Levi
1774 2532 1831 2583 et
1848 2528 2037 2585 Judae.

399 2622 506 2678 Per
532 2622 745 2677 Judam
780 2618 936 2674 enim
984 2618 1206 2673 orietur
1247 2616 1409 2673 salus
1454 2616 1649 2685 Isrrel,
1707 2620 1766 2672 et
1808 2616 1867 2672 in
1912 2616 2039 2688 ipso

399 2710 775 2766 benedicetur
801 2707 1001 2762 Jacob.
1034 2706 1141 2761 Per
1171 2710 1466 2778 sceptrum
1498 2705 1654 2761 enim
1703 2705 1830 2777 ejus
1861 2722 2038 2777 appa-

400 2798 550 2855 rebit
603 2797 778 2863 Deus,
810 2795 1083 2850 habitans
1126 2795 1277 2850 inter
1329 2793 1596 2849 homines
1654 2793 1712 2848 in
1770 2798 1945 2859 terra,
1979 2797 2042 2848 ut

404 2887 587 2943 salvet
616 2902 803 2957 genus
836 2883 1011 2939 Israel
1046 2900 1059 2951 ;
1091 2887 1149 2939 et
1176 2882 1554 2955 congregabit
1575 2883 1772 2953 justos
1803 2899 1871 2938 ex
1901 2898 2042 2954 gen-

404 2976 589 3032 tibus~
619 2973 677 3029 Si
706 2971 1026 3045 operemini
1078 2972 1321 3037 bonum,
1372 2970 1477 3026 ﬁlii
1536 2970 1670 3037 mei,
1703 2971 2049 3027 benedicent

402 3063 568 3120 vobis
596 3066 654 3118 et
679 3061 947 3117 homines
984 3064 1043 3117 et
1071 3060 1261 3132 angeli
1296 3076 1310 3128 ;
1345 3063 1401 3114 et
1434 3060 1583 3115 Deus
1627 3058 2050 3132 gloriﬁcabitur

413 3169 518 3227 per
546 3168 646 3208 vos
686 3150 744 3206 in
776 3150 1073 3223 gentibus,
1105 3153 1163 3205 et
1211 3147 1477 3205 diabolus
1507 3148 1689 3221 fugiet
1719 3165 1752 3205 a
1779 3148 1964 3217 vobis,
1996 3153 2054 3204 et

406 3242 605 3298 bestiae
635 3240 927 3297 timebunt
952 3256 1073 3302 vos,
1108 3242 1165 3295 et
1194 3236 1383 3311 angeli
1415 3237 1741 3309 suscipiant
1771 3237 2059 3294 vos.Sicut

408 3330 564 3388 enim
597 3329 647 3386 si
677 3330 813 3401 quis
847 3328 1033 3383 ﬁlium
1065 3327 1287 3383 nutriat
1317 3327 1483 3392 bene,
1516 3330 1796 3398 perpetuo
1855 3330 2058 3397 gratus

409 3425 467 3479 et
498 3436 721 3476 memor
751 3423 839 3474 est
870 3434 881 3474 :
918 3421 1001 3473 ita
1031 3422 1087 3472 et
1118 3417 1177 3471 in
1237 3416 1390 3472 bono
1449 3430 1622 3488 Opere
1661 3415 1944 3471 memoria
1972 3420 2063 3471 est

407 3511 567 3582 apud
595 3510 776 3565 Deum
811 3506 1098 3572 bona.Qui
1132 3522 1266 3561 vero
1301 3520 1416 3559 non
1447 3503 1648 3561 fecerit
1670 3503 2064 3573 bonum,huic

411 3598 777 3654 maledicunt
806 3600 857 3652 et
894 3594 1084 3668 angeli
1115 3599 1173 3650 et
1202 3594 1557 3660 homines,et
1586 3593 1739 3649 Deus
1768 3597 2065 3647 contume-

412 3687 491 3743 lia
525 3686 814 3742 afficietur
841 3702 944 3757 per
967 3684 1163 3756 ipsum
1192 3684 1249 3738 in
1272 3683 1567 3755 gentibus,
1582 3685 1639 3737 et
1658 3680 1928 3735 diabolus
1951 3680 2060 3736 sibi

409 3776 668 3833 vindicat
700 3775 856 3829 hunc
886 3778 1169 3845 tanquam
1214 3771 1515 3843 proprium
1574 3785 1696 3835 vas,
1757 3772 1814 3823 et
1872 3769 2065 3824 omnis

413 3867 603 3922 bestia
632 3863 1039 3920 dominabitur
1067 3860 1139 3928 ei,
1183 3866 1241 3916 et
1296 3859 1583 3915 Dominus
1641 3857 1772 3913 odio
1828 3857 2063 3913 habebit

417 3973 575 4012 eum.
610 3952 837 4008 Etenim
866 3950 1144 4005 mandata
1175 3948 1322 4019 legis
1351 3946 1609 4019 duplicia
1655 3949 1814 4011 sunt,
1847 3950 1903 4001 et
1932 3961 2066 4000 cum

414 4049 539 4101 arte
570 4041 907 4113 implentur.
941 4060 971 4089 «
1006 4039 1263 4110 Tempus
1303 4035 1460 4092 enim
1518 4040 1608 4091 est
1664 4034 1869 4090 coendi
1933 4050 2067 4089 cum

416 4148 594 4188 uxore
625 4147 733 4185 sua
762 4129 888 4195 25,et
918 4132 1154 4198 tempus
1176 4124 1512 4180 abstinendi
1547 4124 1620 4179 ab
1652 4138 1720 4179 ea
1749 4123 1820 4178 ad
1853 4122 2068 4179 oratio-

416 4236 550 4276 nem
586 4234 760 4275 suam
794 4218 859 4271 ’5.
892 4218 962 4271 Et
990 4215 1105 4270 duo
1138 4213 1419 4269 mandata
1448 4211 1891 4283 sunt,quae,nisi
1927 4212 2071 4266 fiant

414 4309 475 4365 in
508 4308 710 4365 ordine
742 4323 871 4373 suo,
908 4308 1214 4377 peccatum
1245 4300 1632 4357 tribuunt.lta
1660 4304 1749 4356 est
1777 4300 1913 4355 etin
1939 4298 2073 4355 reli-

421 4398 556 4470 quis
587 4396 908 4452 mandatis.
943 4390 1298 4448 Efﬁciamini
1333 4406 1469 4462 ergo
1519 4389 1816 4461 saqientes
1865 4389 1923 4443 in
1955 4389 2072 4445 Deo

413 4492 496 4555 let
521 4484 1112 4560 prudentes,scientes
1138 4479 1401 4536 ordinem
1432 4478 1841 4534 mandatorum
1865 4478 2076 4549 eius,et

428 4593 582 4650 eges
616 4574 812 4632 omnis
843 4573 949 4642 rei,
979 4574 1044 4627 ut
1074 4570 1358 4627 Dominus
1389 4567 1596 4641 diligat
1623 4582 1746 4623 vos.
1783 4588 1812 4616 »

501 4859 594 4927 IX,
633 4859 855 4914 Etcum
888 4854 1073 4911 multa
1105 4852 1243 4909 talia
1273 4852 1614 4908 mandasset
1662 4849 1770 4916 eis,
1801 4852 2075 4921 precatus

426 4954 538 5017 est,
571 4953 637 5004 ut
663 4947 1021 5002 transferant
1045 4960 1180 4999 ossa
1207 4943 1337 5013 ejus
1364 4941 1422 4995 in
1446 4940 1761 5011 Hebron,et
1789 4937 2077 5010 sepeliant

427 5056 563 5097 eum
597 5054 733 5094 cum
768 5034 1037 5107 patribus
1067 5033 1217 5104 ejus.
1249 5031 1319 5086 Et
1347 5030 1660 5085 comedens
1690 5030 1747 5083 et
1776 5027 1984 5083 bibens
2013 5026 2074 5083 in

427 5127 724 5185 hilaritate
758 5124 989 5193 animae,
1021 5121 1232 5177 velavit
1262 5118 1468 5176 faciem
1499 5133 1691 5184 suam,
1722 5120 1779 5173 et
1808 5120 2075 5173 mortuus

502 5314 550 5351 9‘
578 5312 732 5371 Ecle-
766 5328 849 5382 ιιι,
875 5309 931 5365 5.
964 5308 1008 5344 ²⁶
1037 5307 1059 5364 l
1089 5310 1216 5364 Cor.
1247 5322 1349 5372 vn,
1380 5305 1434 5361 5.

504 5520 618 5593 (28)
648 5517 918 5593 Ποιοῢντα
944 5509 1041 5593 τέ,
1068 5512 1250 5567 Ὄντα.
1274 5511 1466 5593 ρΒΑΒ..

433 5667 454 5714 Ι
656 5586 827 5643 Αὐτὸν
857 5585 929 5647 ὡς
984 5580 1128 5638 ’ίδιον
1180 5584 1389 5644 σκεῦος.
1424 5576 1600 5652 Αὐτῷ,
1639 5577 1712 5642 ὡς
1747 5574 1872 5651 ἰδίῳ
1904 5576 2079 5633 σκεῦει

464 5680 520 5717 D.

2128 537 2521 611 χειμαζόμενοι
2572 537 2659 591 ἐπὶ
2706 538 2769 592 τὸ
2818 536 3057 614 πέλαγος
3109 537 3438 616 ἐφερόμεθα·
3488 538 3746 611 καῖὲπλη·

2131 626 2281 699 ρώθη
2312 626 2376 680 τὸ
2404 623 2598 681 πλοῖον
2626 624 2854 699 ὑδάτων,
2897 626 3209 702 τρικυμίαις
3255 626 3741 703 περιρῥησσόμενον,

2132 713 2269 769 ὥστε
2297 715 2385 769 καὶ
2417 710 2789 792 συντρίϐεσθαι
2820 715 2971 771 αὑτό.
3015 717 3111 770 Καὶ
3164 718 3359 791 Ἰωσὴφ
3406 715 3491 770 ἐπὶ
3552 716 3746 772 ἀλα-τίον

2133 802 2357 881 φεύγει·
2409 803 2761 880 χωριζόμεθα
2808 801 2865 859 δὲ
2909 804 2998 859 καὶ
3047 807 3211 877 ἡμεῖς
3254 805 3341 859 ἐπὶ
3372 802 3593 859 σανίδων
3624 804 3747 865 δέκα.

2134 893 2257 947 Δευῒ
2305 889 2361 947 δὲ
2406 893 2496 947 xui
2546 891 2750 955 Ἰούδας
2802 895 2935 962 ἦσαν
2980 892 3066 947 ἐπὶ
3118 894 3180 948 τὸ
3221 893 3369 949 αὐτό.
3404 896 3747 967 Διεσπάρημεν

2135 981 2228 1035 οὖν
2277 981 2493 1051 πάντες,
2537 980 2643 1045 ’ὲως
2690 981 2765 1043 εἷς
2807 982 2875 1036 τὰ
2920 983 3146 1057 πέρατα.
3177 984 3234 1037 Ὀ
3266 980 3324 1037 δὲ
3357 980 3486 1037 Λευῒ
3515 978 3748 1056 περιϐαλ-

2136 1069 2368 1144 λόμενος
2401 1072 2617 1138 σάκκον,
2639 1070 2762 1147 περὶ
2787 1071 3002 1125 πάντων
3031 1073 3194 1144 ἡμῶν
3230 1068 3407 1126 ἐδέετο
3438 1074 3534 1125 τοῦ
3559 1071 3748 1145 Κυρίου.

2131 1156 2224 1221 Ὦς
2257 1156 2313 1214 δὲ
2341 1158 2606 1215 ἐπαύσατο
2638 1160 2665 1213 6
2692 1160 2929 1235 χειμὼν,
2989 1160 3051 1213 τὸ
3082 1158 3284 1236 excisso:
3314 1157 3537 1238 ἔφθασεν
3570 1158 3649 1214 ἐπὶ
3673 1160 3753 1228 τήν

2133 1254 2260 1323 γῆν,
2318 1246 2391 1310 ὡς
2446 1247 2498 1303 ἐν
2538 1247 2752 1324 εἷρήνῇ.
2808 1247 2905 1302 Καὶ
2952 1244 3072 1302 ἰδοὺ
3120 1246 3286 1317 ἦλθεν
3323 1242 3521 1303 Ἰακὼϐ
3554 1249 3757 1323 ὁπατήρ

2135 1339 2321 1409 ἡμῶν,
2351 1336 2440 1392 ναὶ
2472 1334 2825 1411 ὁμοθυμαδὸν
2858 1334 3281 1411 ἠγαλλιώμεθα.

2209 1444 2277 1501 Ζ’.
2316 1467 2343 1495 (ι
2374 1446 2448 1498 Τά
2478 1441 2574 1499 δύο
2610 1442 2833 1498 ἐνύπνια
2866 1443 3016 1498 εἶπον
3052 1446 3129 1515 τά)
3157 1441 3322 1517 πατρί
3358 1464 3466 1516 μου
3499 1461 3512 1474 ·
3543 1443 3627 1498 καὶ
3670 1443 3759 1498 εἶπὲ

2142 1552 2275 1605 μοι·
2316 1557 2337 1585 ι
2386 1538 2476 1587 Δεῖ
2518 1532 2654 1587 αὐτα
2703 1530 3076 1608 πληρωθῆναι
3122 1530 3260 1586 κατᾶ
3319 1531 3544 1607 καιροὺς
3596 1530 3760 1604 αὐτῶν,

2138 1618 2325 1676 πολλᾶ
2351 1626 2448 1677 τοῦ
2480 1620 2702 1693 Ἰσραὴλ
2734 1620 3146 1695 ὑπομείναντος.
3183 1643 3214 1672 ››
3236 1619 3369 1675 Τότε
3385 1618 3534 1695 λέγει
3567 1619 3594 1673 6
3614 1623 3759 1697 πατήρ

2146 1729 2286 1782 μου’
2322 1734 2349 1762 ‹‹
2400 1709 2665 1783 Πιστεύω,
2696 1708 2779 1764 ὅτι
2832 1713 2896 1783 ζῇ
2952 1711 3192 1787 Ἰῶστςφ·
3245 1710 3358 1775 ὁρῶ
3409 1711 3517 1785 γὰρ
3546 1705 3759 1777 πάντοτε,

2061 1821 2111 1887 Β
2142 1798 2225 1887 ὅτι
2259 1799 2291 1887 r6
2322 1798 2520 1887 Κύριος
2552 1800 2976 1875 συγκαταριθμεῖ
3005 1797 3164 1852 αὐτὸν
3215 1798 3331 1869 μεθ’
3382 1798 3561 1869 ὑμῶν.
3601 1818 3625 1849 ι
3682 1797 3760 1851 Καὶ

2136 1885 2344 1942 κλαίων
2378 1883 2552 1962 ἔλεγε·
2586 1912 2615 1939 ‹‹
2651 1892 2777 1961 Ζῇς,
2809 1887 2991 1941 τέκνον
3020 1907 3125 1960 μου
3148 1888 3375 1962 Ἰωσὴφ,
3410 1886 3501 1940 xui
3525 1885 3584 1941 οὑ
3609 1884 3761 1962 βλέπω

2141 1997 2220 2046 σε,
2276 1975 2366 2031 καὶ
2412 1975 2522 2052 οὑχ
2580 1977 2706 2051 ὁρᾶς
2765 1970 2959 2030 Ἰακὼϐ
3012 1974 3105 2030 τὸν
3162 1975 3498 2051 γεννήσαντά
3528 1996 3603 2031 σε.
3634 1975 3765 2029 »Καὶ

2142 2063 2369 2134 ἐποίησε
2418 2065 2507 2119 καὶ
2548 2067 2698 2137 ἡμᾶς
2759 2061 3018 2137 δακρῦσαι
3070 2062 3122 2117 ἐν
3169 2068 3284 2125 τοῖς
3337 2061 3535 2137 λόγοις
3571 2062 3766 2124 τούτοις.

2147 2154 2247 2208 Καὶ
2280 2153 2542 2226 ἐκαιόμην
2573 2159 2692 2215 τοῖς
2724 2151 3070 2228 σπλάγχνοις
3102 2152 3425 2229 ἀναγγεῖλαι
3479 2152 3562 2208 ὅτι
3600 2152 3768 2226 πέπρα-

2139 2263 2230 2298 ται
2254 2262 2268 2275 '
2302 2241 2430 2298 ἀλλ’
2462 2237 2776 2321 ἐφοϐούμην
2811 2240 2939 2303 τοὺς
2973 2238 3245 2319 ἀδελφούς
3281 2261 3414 2313 μου.

2219 2351 2300 2407 Η’.
2334 2374 2362 2401 ‹‹
2398 2347 2561 2421 Ἰδοὺ,
2593 2350 2753 2404 τὲκνα
2789 2369 2917 2421 μου,
2951 2345 3201 2420 ὑπέδειξα
3232 2347 3360 2420 ὑμῖν
3393 2346 3616 2423 καιροὺς
3644 2345 3773 2421 ἐσχά-

2145 2460 2293 2510 τους,
2355 2436 2440 2494 ὅτι
2491 2437 2663 2493 πάντα
2707 2438 2993 2513 γενήσεται
3046 2434 3097 2490 ἐν
3160 2434 3409 2512 Ἰσραήλ.
3497 2436 3592 2491 Καὶ
3650 2436 3774 2509 ὑμεῖς

2150 2527 2242 2584 οὖν
2295 2525 2599 2583 ἐντείλασθε
2644 2532 2763 2587 τοῖς
2809 2527 3021 2588 τέκνοις
3072 2525 3246 2599 ὑμῶν,
3298 2521 3389 2578 ’ἶνα
3444 2524 3656 2580 ἑνῶν-ται
3716 2528 3776 2596 τῷ

2151 2614 2281 2672 Λευΐ
2326 2616 2418 2670 xui
2464 2620 2544 2688 τῷ
2592 2612 2792 2686 Ἰούδᾳ.
2854 2613 2956 2668 Διὰ
3012 2613 3114 2690 γὰρ
3172 2617 3269 2669 τοῖ’)
3327 2611 3517 2670 Ἰούδα
3570 2611 3777 2669 ἀνατελεῖ

2153 2704 2397 2781 σωτηρία
2439 2709 2518 2778 τῷ
2566 2702 2809 2778 Ἰσραήλ,
2857 2702 2949 2758 xui
2989 2700 3041 2757 ἐν
3073 2700 3220 2775 αὖτῷ
3251 2701 3773 2774 εὐλογηθῆσεταιίαο

2152 2790 2288 2850 κώὸ.
2342 2794 2439 2849 Διὰ
2483 2793 2588 2869 γάρ
2624 2796 2723 2848 τοῦ
2773 2793 3055 2867 σκήπτρου
3102 2790 3267 2846 αὑτοῦ
3322 2791 3618 2870 ὀφθήσεται
3654 2791 3772 2859 Θεὸς,

2152 2886 2418 2938 κατοικῶν
2472 2881 2523 2936 ἐν
2579 2882 2886 2958 ἀνθρώποις
2921 2880 3009 2935 ἐπὶ
3036 2887 3139 2949 τῆς
3168 2882 3295 2955 γῆς,
3334 2884 3535 2951 σῶσαι,
3572 2881 3774 2957 τὸγένος

2156 2969 2420 3048 Ἰσραήλ·
2480 2970 2571 3025 καὶ
2636 2968 2935 3039 ἐπισυνάξει
3009 2965 3250 3031 δικαίους
3326 2967 3379 3022 ἐν
3462 2973 3567 3023 τῶν
3619 2968 3773 3033 ἐθνῶν.

2158 3061 2282 3118 Ἐὰν
2331 3058 2626 3137 ἐργάζησθε
2672 3059 2735 3113 τὸ
2782 3055 2973 3130 καλὸν,
3024 3056 3187 3112 τὲκνα
3238 3078 3369 3130 μου,
3428 3057 3777 3132 εὐλογήσουσιν

2169 3149 2309 3222 ὑμᾶς
2356 3148 2445 3202 καὶ
2498 3147 2550 3202 oi
2608 3144 2904 3221 ἄνθρωποι,
2954 3144 3043 3201 xui
3093 3146 3146 3199 οἱ
3178 3141 3412 3221 ἄγγελοι
3444 3167 3458 3178 ⁸
3491 3147 3637 3201 καὶὸ
3686 3146 3783 3204 Θεὸς

2170 3234 2556 3311 δοξασθήσεται
2586 3236 2639 3291 ἐν
2666 3240 2785 3298 τοῖς
2822 3234 2990 3291 ἔθνεσι
3025 3232 3095 3291 δι’
3128 3234 3306 3307 ὑμῶν,
3368 3234 3460 3289 xui
3506 3235 3537 3289 6
3566 3229 3781 3295 διάϐολος

2170 3326 2413 3405 φεύξεται
2475 3326 2563 3403 ἀφ’
2622 3325 2797 3397 ὑμῶν,
2866 3324 2957 3378 καὶ
3027 3324 3097 3379 τὰ
3172 3323 3337 3400 θηρία
3418 3318 3781 3402 φοϐηθήσονται

2170 3414 2312 3488 ὑμᾶς
2363 3412 2454 3469 καὶ
2510 3413 2562 3468 οἱ
2621 3411 2847 3489 ἄγγελοι
2902 3410 3206 3485 ἀνθέξονται
3261 3412 3445 3484 ὑμῶν.
3503 3412 3592 3476 Ὧς
3631 3411 3683 3469 ἄν
3727 3432 3787 3471 τις

2168 3503 2354 3558 τὲκνον
2403 3500 2633 3577 ἐκθρέψη
2686 3498 2894 3572 καλῶς,
2948 3499 3131 3574 μνείαν
3183 3498 3302 3576 ἔχει
3361 3503 3602 3577 ἀγαθήνο
3656 3500 3791 3559 οὕτως

2244 3592 2258 3612 \
2310 3590 2334 3646 ὲ
2380 3592 2393 3609 \
2511 3596 2536 3606 ν
2657 3589 2691 3646 λ
2728 3594 2755 3605 ο
2814 3586 2839 3610 ν
3099 3591 3130 3642 ⁷(
3356 3591 3413 3626 μὶ
3518 3612 3536 3622 ρ
3573 3594 3599 3606 η’
3640 3591 3653 3609 ν

2170 3612 2261 3647 και
2335 3613 2395 3646 πι
2442 3613 2540 3646 του
2586 3611 2653 3645 κα
2697 3611 2759 3644 ου
2813 3610 2972 3665 εργου
3028 3611 3217 3662 μν,μη
3270 3611 3422 3663 παρα
3472 3598 3602 3646 Θιου
3632 3591 3787 3665 αγσθή.

2171 3681 2271 3736 Τὸν
2303 3678 2360 3735 δὶ
2394 3681 2469 3752 μὴ
2500 3683 2765 3734 ποιοῦντα
2787 3681 2850 3733 τὸ
2900 3681 3015 3752 (28)
3071 3676 3263 3749 καλὸν,
3295 3680 3680 3756 καταράσονται
3723 3677 3787 3731 ul.

2175 3769 2228 3825 oi
2259 3768 2504 3846 ἄγγελοι,
2536 3768 2626 3823 καὶ
2658 3767 2712 3822 οἱ
2742 3769 3043 3841 ἅνθρωποι,
3091 3766 3180 3823 xui
3212 3767 3241 3822 6
3288 3769 3422 3829 Θεὸς
3470 3766 3704 3839 ἀδοξήσει
3748 3765 3787 3822 ἐν

2175 3863 2293 3919 τοῖς
2325 3853 2490 3921 ἔθνεσι
2544 3855 2614 3911 δι’
2654 3855 2841 3925 αὑτοῦ,
2873 3855 2963 3910 καὶ
2995 3857 3023 3911 6
3056 3850 3319 3918 διάϐολος
3353 3856 3646 3912 οἶκοιοῦται
3668 3856 3787 3911 αὐτὰ

2178 3948 2252 4009 ὡς
2304 3944 2441 4001 ἴδιον
2490 3949 2677 4007 σκεῦος
2725 3946 2859 4018 (29),
2912 3944 3003 3998 xui
3050 3949 3154 3999 πᾶν
3204 3944 3398 4020 θηρίον
3432 3943 3788 4021 καταχυριεύπι

2179 4035 2363 4107 οὐτοῦ,
2396 4033 2485 4089 xui
2517 4036 2546 4089 6
2578 4032 2778 4107 Κύριος
2813 4034 3032 4106 μισήσει
3067 4031 3248 4091 αὑτόν.
3282 4032 3382 4088 Καί
3436 4036 3540 4111 γὰρ
3587 4034 3636 4088 αἱ
3679 4034 3794 4088 ἐντο-

2181 4123 2272 4181 λαὶ
2303 4127 2399 4178 τοῦ
2421 4121 2598 4197 νόμου
2628 4119 2823 4176 διπλαῖ
2852 4120 2976 4193 εἰσι,
3009 4122 3099 4175 καὶ
3135 4123 3269 4195 μετά
3305 4120 3519 4199 τέχνης
3565 4119 3791 4198 stirpe-3a-

2178 4234 2289 4269 ται.
2317 4212 2519 4289 Καιρὸς
2574 4211 2677 4288 γὰρ
2731 4210 3018 4273 συνουσίας
3066 4210 3321 4285 γυναικὸς
3364 4213 3537 4267 αὑτοῦ
3566 4215 3689 4284 (30),
3730 4209 3794 4263 xui

2181 4301 2371 4377 καιρὸς
2429 4299 2742 4377 ἐγκρατείας
2800 4299 2878 4362 εἷς
2935 4300 3250 4376 προσευχὴν
3299 4300 3494 4358 αὑτοῦ.
3574 4300 3661 4355 Καὶ
3724 4297 3794 4353 δύο

2185 4388 2397 4447 ἐντολαί
2454 4388 2595 4444 εἰσι⁹
2653 4387 2742 4445 xui
2794 4387 2840 4443 εἰ
2893 4388 2969 4461 μή
3021 4387 3286 4464 γένωνται
3347 4390 3400 4445 ἐν
3451 4391 3596 4462 τάξει
3640 4388 3793 4453 αὐτῶν,

2187 4479 2453 4556 ἁμαρτίαν
2511 4479 2828 4555 ιταρὲχουσι.
2880 4476 3063 4540 Οὕτως
3113 4477 3223 4533 ἐστὶ
3275 4480 3365 4533 xui
3407 4479 3499 4534 ἐπὶ
3559 4484 3657 4535 τῶν
3711 4477 3795 4533 λοι-

2108 4557 2302 4624 Βπῶν
2363 4565 2593 4623 ἐντολῶν
2653 4568 2786 4641 (31).
2848 4565 3063 4621 Γίνεσθε
3120 4566 3209 4622 οὖν
3268 4568 3433 4646 σοφοὶ
3479 4567 3530 4623 ἐν
3580 4572 3685 4640 Θεῷ
3730 4564 3792 4620 ui

2180 4656 2463 4736 φρόνιμοι,
2514 4653 2719 4718 είδόνες
2765 4655 2913 4726 τάξιν
2964 4653 3201 4711 ἐντολῶν
3244 4655 3434 4725 αὑτοῦ,
3494 4652 3792 4728 καῖθεσμιιξις

2180 4747 2382 4809 παντὸς
2412 4746 2757 4823 πράγματος,
2794 4739 2946 4807 ὅπως
2980 4744 3233 4821 ἀγαπήσῃ
3282 4745 3427 4819 ὑμᾶς
3485 4748 3514 4802 6
3560 4749 3749 4821 Κύριος.
3772 4766 3790 4793 ι·

2252 4855 2322 4913 Θ’.
2357 4852 2455 4908 Kui
2503 4850 2691 4908 πολλὰ
2737 4855 2963 4908 τοιαῦτα
3011 4849 3387 4925 ἐντειλάμενος
3443 4853 3641 4926 αὐτοῖς,
3668 4869 3788 4923 παρεο

2182 4942 2427 5012 κάλεσεν,
2471 4939 2564 4996 ’ίνα
2614 4939 3022 5015 μετακομίσωσι
3071 4940 3138 4994 τὰ
3186 4940 3318 4995 ὀστᾶ
3367 4942 3541 4998 αὐτοῦ
3606 4942 3674 5003 εἷς
3719 4945 3787 4994 Xs-

2184 5027 2350 5107 ϐρὼν,
2380 5030 2469 5086 καὶ
2528 5028 2767 5106 θάψωσιν
2812 5029 2971 5085 αὑτὸν
3018 5031 3151 5104 μετᾶ
3195 5035 3303 5085 τῶν
3352 5032 3603 5108 πατέρων
3648 5029 3784 5084 eritsi.

2185 5121 2283 5177 Καὶ
2324 5121 2510 5201 φαγὼν
2542 5120 2631 5177 xui
2666 5119 2804 5176 πιὼν
2847 5118 2899 5175 ἐν
2930 5116 3224 5197 ἱλαρότητι
3252 5122 3463 5196 ψυχῆς,
3512 5118 3785 5189 συνεκάλυψε

2258 5501 2373 5575 (30)
2404 5498 2583 5575 Αὑτοῦ
2609 5500 2792 5575 deest.
2820 5500 2903 5575 I_D_.

2261 5566 2590 5703 (3ἓ)1οὕτως
2621 5570 2731 5627 ἐστὶ
2762 5569 2851 5627 xui
2878 5568 2966 5627 ἐπὶ
3012 5572 3122 5626 τῶν
3182 5567 3394 5627 λοιπῶν
3454 5566 3673 5627 ἐντολῶν
3709 5568 3780 5625 de-

2261 5663 2307 5703 .n
2341 5682 2355 5702 .
2414 5662 2472 5703 D.

2193 5662 2355 5703 sunt.
2387 5662 2472 5703 ω.
