4014 6226
294 381 442 440 1117

1573 380 2176 446 TESTAMENTUM
2220 385 2404 445 GAD.

3535 382 3691 442 1118

290 508 453 586 ἔγνων
501 510 634 584 μετά
676 512 738 566 τὸ
791 512 1115 586 μετανοῆσαί
1169 534 1234 587 με
1289 512 1410 589 περὶ
1460 518 1557 569 τοῦ
1606 516 1919 592 Ἰωσήφ.Ἣ

2039 519 2359 571 secundum
2395 522 2574 573 Deum
2606 520 2693 573 est
2721 533 2856 573 vera
2888 514 3227 589 poenitentia
3256 513 3538 585 “,oecidit
3559 515 3683 569 ino-

286 601 377 675 γὰρ
428 601 563 655 κατά
614 601 741 655 Θεὸν
793 600 1007 671 ἀληθὴς
1054 602 1308 675 μετάνοια
1375 602 1583 679 ἀναιρεῖ
1628 604 1725 673 τὴν
1774 601 1925 657 ἀπεί-

287 690 421 743 θειαν
474 691 607 762 (53),
659 689 748 743 καὶ
791 688 1072 767 φυγαδεύει
1104 691 1167 745 τὸ
1198 691 1406 761 σκότος,
1432 691 1521 746 καὶ
1555 691 1773 769 φωτίζει
1803 690 1930 754 τοὺς

289 777 618 850 ὀφθαλμοὺς,
670 776 760 833 καί
809 784 1008 853 γνῶσιν
1048 780 1281 855 παρέχει
1310 784 1379 853 τῇ
1411 784 1587 855 ψυχῇ,
1618 781 1708 835 καὶ
1739 778 1931 857 ὁδηγεῖ

285 868 342 922 τὸ
384 862 698 922 διαϐούλιον
756 867 895 943 πρὸς
940 869 1231 945 σωτηρίαν,
1264 868 1352 922 καδ
1387 869 1419 923 ἃ
1447 870 1545 924 οὐκ
1575 864 1765 942 ἔμαθεν
1825 870 1930 925 ἀπὸ

293 956 609 1030 ἀνθρώπων,
683 953 795 1037 οίδε
843 955 931 1011 διά
975 964 1077 1027 τῆς
1131 957 1431 1031 μετανοίας·
1484 958 1756 1035 Ἐπήγαγε

288 1046 385 1120 γάρ
440 1066 531 1117 μοι
582 1045 609 1099 ὁ
658 1043 787 1108 Θεὸς
833 1044 986 1100 νόσον
1037 1046 1265 1118 ἥπατος,
1317 1046 1405 1101 καὶ
1456 1046 1501 1101 εἰ
1539 1048 1613 1120 μὴ
1648 1046 1931 1123 εὑχαὶτοῦ

291 1133 488 1209 πατρός
523 1152 631 1207 μου
663 1129 874 1207 Ἰακὼϐ,
908 1134 1103 1209 ὀλίγου
1136 1133 1464 1213 διεφώνησεν
1662 1136 1753 1190 ἀπ’
1796 1134 1932 1209 ἐμοῦ

288 1222 349 1278 τὸ
378 1220 592 1295 πνεῦμά
621 1244 744 1295 μου.
779 1224 857 1277 Δι’
888 1224 961 1278 ὧν
988 1226 1101 1299 (57)
1131 1224 1233 1299 γὰρ
1266 1221 1549 1299 ἄνθρωπος
1604 1228 1929 1301 παρανομεῖ,

292 1309 358 1367 δι’
405 1311 617 1365 ἐκείνων
667 1311 755 1366 καὶ
817 1311 1124 1382 κολάζεται.
1206 1314 1353 1369 Έπεὶ
1414 1312 1507 1368 οὖν
1571 1312 1807 1369 ἀνέκειτο
1865 1313 1932 1369 τὰ

286 1398 465 1468 ἧπατά
517 1421 619 1472 μου
670 1398 915 1471 ἀνηλεῶς
969 1402 1104 1456 κατά
1164 1406 1261 1457 τοῦ
1323 1403 1541 1481 Ἰωσὴφ,
1611 1407 1690 1475 τῷ
1759 1401 1930 1471 ἥπατι

282 1486 505 1564 πάσχων
562 1486 833 1559 ἀνηλεῶς,
904 1489 1197 1565 ἐκρινόμην
1272 1490 1360 1546 ἐπὶ
1443 1498 1616 1564 μῆνας
1696 1487 1926 1564 ἕνδεκα,

288 1579 401 1641 καθ’
446 1576 568 1632 ὅσον
618 1576 826 1654 χρόνον
879 1577 1087 1655 ἐνεῖχον
1125 1584 1204 1653 τῷ
1236 1581 1457 1658 Ἰωσὴφ,
1509 1578 1615 1642 ἓως
1645 1578 1734 1635 ἵνα
1792 1601 1929 1658 πρα-

289 1669 353 1741 θῇ
386 1669 518 1741 (58).

358 1758 416 1825 ζ’.
448 1781 475 1808 ‹‹
536 1756 635 1811 Καὶ
678 1761 793 1829 νῦν,
832 1755 991 1812 τέκνα
1041 1778 1167 1831 μου,
1221 1758 1530 1834 ἀγαπήσατε
1561 1756 1785 1822 ἕκαστος
1837 1760 1929 1815 τὸν

286 1843 513 1923 ἀδελφὸν
569 1845 755 1917 αὑτοῦ,
806 1845 895 1900 καὶ
955 1845 1171 1922 ἐξάρατε
1215 1847 1278 1901 τὸ
1329 1852 1486 1919 μῖσος
1535 1848 1639 1903 ἀπὸ
1668 1853 1774 1903 τῶν
1805 1868 1934 1925 καρ-

284 1932 411 1989 διῶν
442 1935 611 2007 ὑμῶν,
643 1934 967 2008 ἀγαπῶντες
1002 1934 1288 2007 ἀλλήλους
1321 1935 1373 1991 ἐν
1406 1934 1571 2012 ἔργῳ,
1619 1936 1709 1991 καὶ
1758 1936 1930 2013 λόγῳ,

286 2022 374 2077 καὶ
425 2021 636 2095 διανοίᾳ
677 2026 883 2098 ψυχῆς.
938 2024 1079 2099 Ἐγὼ
1123 2026 1226 2101 γὰρ
1289 2027 1426 2080 κατά
1490 2025 1781 2102 πρόσωπον
1835 2030 1932 2081 τοῦ

288 2112 491 2187 πατρὸς
540 2115 701 2184 ἡμῶν
753 2112 1000 2188 εἰρηνικά
1047 2112 1279 2169 ἐλάλουν
1333 2118 1413 2186 τῷ
1448 2116 1648 2193 Ἰωσὴφ
1676 2118 1810 2189 (59),
1841 2114 1932 2170 καὶ

289 2200 597 2271 ἐξελθόντος
632 2222 758 2274 μου,
818 2202 879 2256 τὸ
909 2207 1122 2276 πνεῦμα
1147 2207 1245 2257 τοῦ
1290 2203 1480 2276 μίσους
1538 2202 1777 2273 ἐσκότιζὲ
1826 2224 1931 2277 μου

283 2291 372 2345 τὸν
421 2294 567 2359 νοῦν,
616 2290 705 2344 καὶ
757 2288 1001 2365 ἐτέρασσέ
1053 2313 1157 2364 μου
1205 2292 1303 2361 τὴν
1346 2293 1561 2367 ψυχὴν,
1592 2296 1690 2347 τοῦ
1720 2292 1928 2349 ἀνελεῖν

280 2374 462 2437 αὐτόν.
514 2385 767 2454 Αγαπᾶτε
794 2382 906 2453 (60)
950 2379 1040 2434 οὗν
1078 2377 1366 2451 ἀλλήλους
1414 2381 1519 2436 ἀπὸ
1550 2379 1772 2457 καρδίας
1795 2400 1808 2413 ⁸
1840 2379 1931 2438 καῗ

283 2468 368 2523 ἐὰν
394 2469 606 2544 ἁμάρτῃ
639 2467 716 2530 εἰς
744 2468 821 2541 σὲ,
868 2468 984 2523 εἷπε
1030 2467 1176 2541 αὐτῷ
1225 2468 1276 2524 ἐν
1328 2468 1535 2544 εἰρήνῃ,
1570 2469 1807 2547 ἐξορίσας
1836 2472 1927 2527 τὸν

285 2558 361 2613 ίὸν
394 2562 490 2612 τοῦ
528 2555 740 2631 μίσους,
772 2557 861 2611 καὶ
892 2554 944 2612 ἐν
977 2560 1130 2633 ψυχῇ
1164 2579 1259 2613 σου
1293 2559 1368 2631 μὴ
1399 2560 1673 2633 κρατήσῃς
1723 2557 1886 2614 δόλον
1911 2578 1926 2593 ⁶

280 2648 368 2702 καὶ
417 2645 503 2701 ἐὰν
554 2642 911 2721 ὁμολογήσας
966 2648 1292 2720 μετανοήσῃ,
1343 2643 1470 2722 ἄφες
1524 2646 1691 2719 αὐτῷ·
1754 2646 1840 2703 ἐάν
1870 2668 1930 2705 τε

282 2736 539 2813 ἀρνεῖται,
596 2736 670 2809 μὴ
706 2734 1003 2814 φιλονείκει
1050 2735 1216 2807 αὐτῷ,
1253 2738 1469 2809 μήποτε
1507 2736 1809 2811 ὀμόσαντος
1834 2736 1926 2793 αὖ·

279 2830 397 2893 τοῦ,
433 2823 631 2887 δισσῶς
664 2826 998 2899 ἁμαρτήσῃς.
1032 2825 1119 2893 Μὴ
1152 2822 1354 2899 ἀκούσῃ
1384 2823 1434 2879 ἐν
1466 2824 1618 2900 μάχῃ
1636 2822 1931 2902 ἀλλότριος

287 2916 585 2988 μυσσήριον
638 2913 813 2987 ὑμῶν·
868 2910 960 2968 ’ίνα
1020 2914 1094 2985 μὴ
1161 2915 1395 2986 μισήσας
1450 2912 1784 2991 σεέχθράνῃ,
1837 2915 1929 2970 καὶ

289 3000 534 3077 μεγάλην
569 3001 831 3077 ἁμαρτίαν
866 3000 1157 3077 ἐργάσηται
1186 3002 1322 3056 κατὰ
1350 3006 1479 3058 σοῦ·
1525 3002 1607 3058 ὅτι
1659 3001 1930 3066 πολλάκις

284 3088 653 3168 δολοψονῆσαι
708 3091 844 3163 (61),
894 3089 930 3159 ἢ
980 3087 1385 3165 περιεργάσεταί
1435 3110 1493 3145 σε
1542 3089 1592 3145 ἐν
1622 3089 1795 3163 κακῷ,
1828 3090 1926 3147 λα-

277 3174 388 3233 ϐὼν
446 3178 551 3232 ἀπὸ
602 3181 697 3233 σοῦ
744 3177 834 3232 τὸν
883 3177 985 3235 ἰόν.
1034 3178 1156 3233 Ἐὰν
1187 3178 1277 3234 οὗν
1302 3178 1673 3255 ἀρνεῖται,καὶ
1704 3177 1926 3255 αἷδεσθῇ

2037 605 2411 677 bedientiam,
2446 612 2501 662 et
2534 607 2696 679 fugat
2725 607 3020 675 tenebras,
3053 610 3110 661 et
3149 604 3443 660 illuminat
3465 603 3685 673 oculos,

2037 698 2094 749 et
2122 694 2512 766 cognitionem
2552 695 2759 750 tribuit
2806 696 3037 767 animae,
3091 699 3145 749 et
3177 694 3336 749 ducit
3376 693 3687 748 consilium

2038 783 2109 837 ad
2142 782 2390 838 salutem
2418 802 2430 851 ;
2477 788 2532 839 et
2558 800 2684 854 quae
2718 800 2832 838 non
2859 784 3064 838 didicit
3091 784 3163 837 ab
3189 782 3548 847 hominibus,
3584 798 3686 836 no-

2037 870 2121 926 vit
2151 888 2254 943 per
2286 872 2707 943 pcnnitentiam.
2735 872 2971 926 lnduxit
2988 870 3141 926 enim
3168 870 3311 924 mihi
3346 874 3493 924 Deus
3526 868 3693 941 aegri-

2040 960 2305 1015 tudinem
2338 960 2607 1031 hepatis;
2638 965 2696 1015 et
2724 960 2838 1015 nisi
2890 960 3182 1015 orationes
3214 959 3395 1030 patris
3447 958 3559 1013 mei
3590 957 3693 1013 Ja-

2041 1049 2146 1104 cob
2180 1049 2612 1119 praevenissent,
2645 1065 2851 1121 parum
2885 1049 3074 1103 abfuit
3121 1048 3263 1119 quin
3313 1047 3584 1102 desiisset
3629 1045 3688 1101 in

2044 1153 2137 1192 me
2167 1138 2281 1206 (56)
2312 1136 2557 1209 spiritus
2589 1142 2891 1192 meus.Per
2919 1154 3046 1209 qua:
3078 1136 3233 1192 enim
3266 1136 3439 1190 homo
3471 1138 3693 1207 peccat,

2041 1241 2144 1297 per
2172 1224 2273 1280 illa
2304 1230 2361 1281 et
2410 1226 2655 1297 punitur
2678 1226 2744 1279 ³⁸.
2789 1224 2934 1289 Quia
2979 1225 3160 1297 igitur
3193 1223 3477 1295 disposita
3523 1228 3692 1279 erant

2044 1312 2259 1386 hepata
2288 1330 2415 1369 mea
2460 1314 3007 1370 immisericorditer
3053 1314 3333 1369 adversus
3361 1312 3599 1383 Joseph,
3631 1312 3690 1368 in

2046 1401 2251 1472 hepate
2282 1404 2510 1475 patiens
2539 1402 3099 1470 immisericorditer,
3140 1401 3433 1472 judicium
3478 1400 3690 1471 pertuli

2045 1508 2149 1563 per
2178 1507 2409 1548 menses
2438 1492 2733 1560 undecim,
2759 1492 3081 1547 secundum
3110 1495 3345 1561 tempus
3373 1490 3432 1545 in
3465 1505 3579 1561 quo
3603 1489 3689 1543 in-

2042 1579 2300 1635 sidiabar
2326 1579 2563 1652 Joseph,
2597 1596 2786 1652 usque
2816 1581 2958 1635 dum
2987 1579 3355 1635 venderetur.

2110 1757 2209 1812 Vl.
2247 1778 2274 1808 ‹‹
2307 1758 2373 1813 Et
2402 1774 2582 1825 nunc,
2604 1756 2707 1812 filii
2731 1758 2867 1824 mei,
2890 1756 3114 1830 diligite
3137 1756 3544 1828 unusquisque
3577 1756 3691 1811 fra-

2043 1850 2190 1902 trem
2223 1863 2420 1918 suum,
2442 1853 2498 1903 et
2527 1847 2750 1903 auferte
2772 1847 2970 1903 odium
3005 1864 3038 1902 a
3063 1846 3338 1902 cordibus
3369 1844 3692 1912 vestris,di-

2042 1934 2289 2007 ligentes
2319 1941 2542 1991 vosmet
2570 1935 2818 1991 invicem
2852 1937 2911 1990 in
2963 1952 3219 2007 operere,
3251 1941 3308 1990 et
3339 1951 3607 1991 sermone
3636 1938 3694 1988 et

2043 2024 2391 2097 cogitatione
2413 2025 2769 2098 animaaEgo
2798 2026 2954 2082 enim
2987 2041 3181 2081 coram
3213 2025 3356 2080 facie
3389 2023 3569 2095 patris
3592 2039 3692 2077 no-

2042 2112 2149 2167 stri
2180 2112 2421 2182 paciﬁca
2450 2112 2730 2185 loquebar
2760 2115 2831 2169 ad
2882 2113 3100 2185 Joseph
3127 2131 3140 2181 ;
3173 2116 3230 2168 et
3276 2114 3520 2166 exeunte
3571 2126 3688 2178 me,

2046 2200 2289 2273 spiritus
2322 2201 2437 2256 odii
2471 2201 3246 2257 obtenebravitintellectum
3270 2204 3552 2267 meum,et
3568 2203 3689 2254 tur-

2053 2288 2211 2344 bavit
2236 2292 2494 2345 animam
2522 2307 2735 2359 meam,
2770 2292 2839 2346 ad
2864 2291 3247 2347 occidendum
3269 2306 3424 2345 eum.
3460 2289 3689 2361 Diligite

2041 2377 2222 2449 igitur
2251 2384 2475 2435 vosmet
2503 2378 2749 2435 invicem
2780 2396 2849 2435 ex
2876 2380 3083 2447 corde;
3116 2385 3172 2435 et
3210 2379 3259 2434 si
3302 2383 3497 2451 peccet
3528 2378 3586 2432 in
3628 2382 3689 2433 te

2043 2465 2303 2539 (aliquis)
2351 2467 2444 2522 dic
2490 2469 2541 2523 ei
2572 2468 2631 2522 in
2662 2484 2802 2539 pace
2846 2469 2911 2541 ’9,
2960 2468 3355 2525 exterminans
3400 2483 3685 2523 venenum

2046 2555 2185 2621 odii,
2216 2560 2271 2611 et
2301 2556 2358 2610 in
2391 2556 2703 2612 animatus
2734 2574 2804 2613 ne
2833 2563 3032 2613 teneas
3059 2557 3259 2612 dolum
3291 2574 3305 2613 :
3339 2560 3395 2613 et
3424 2556 3470 2611 si
3504 2556 3688 2611 confi-

2039 2646 2171 2699 tens
2202 2644 2501 2716 pmniteat,
2526 2646 2758 2701 remitte
2787 2646 2872 2713 ei;
2907 2651 2963 2701 et
2984 2647 3033 2701 si
3065 2651 3335 2718 negat,ne
3365 2646 3683 2700 contendas

2042 2748 2176 2787 cum
2208 2749 2295 2800 eo,
2330 2750 2403 2788 ne
2453 2734 2687 2805 quando
2726 2736 2964 2806 jurante
2994 2752 3081 2803 eo,
3115 2734 3427 2806 dupliciter
3458 2749 3681 2805 pecces.

2038 2820 2120 2876 Ne
2139 2821 2341 2876 audiat
2362 2820 2586 2878 alienus
2610 2822 2667 2877 in
2691 2823 3061 2879 contentione
3087 2828 3373 2878 secretum
3396 2827 3679 2890 vestrum;

2040 2925 2111 2964 ne
2135 2908 2381 2965 audiens
2408 2915 2463 2966 te
2494 2910 3192 2984 inimicetur,etmagnum
3227 2916 3526 2983 peccatum
3551 2927 3683 2981 ope-

2039 3002 2202 3053 retur
2230 2998 2509 3054 adversus
2539 3004 2623 3066 te;
2648 3001 2925 3071 quoniam
2945 3000 3242 3056 multoties
3264 3001 3395 3055 dolo
3414 3000 3685 3071 loquetur

2036 3088 2256 3154 tecum,
2286 3086 2374 3143 vel
2403 3090 2868 3161 perscrutabitur
2897 3094 2952 3145 te
2981 3090 3041 3144 in
3073 3089 3543 3162 malo,accipiens
3575 3105 3609 3144 a
3628 3093 3684 3143 te

2037 3191 2349 3232 venenum.
2381 3177 2438 3231 Si
2470 3178 2649 3251 igitur
2676 3183 2867 3251 neget,
2890 3183 2947 3235 et
2974 3180 3279 3235 erubescat
3310 3178 3679 3251 redargutue,

275 3266 661 3344 ἐλεγχόμενος,
710 3268 996 3343 ἡσυχασθῇ
1070 3268 1205 3341 (6),
1261 3268 1337 3340 μή
1399 3266 1580 3341 ἐξάξῃς
1628 3267 1809 3326 αὐτόν.
1866 3272 1920 3324 '0

2039 3270 2088 3321 et
2117 3266 2475 3337 quiescat,ne
2502 3268 2719 3323 educas
2750 3268 3143 3339 eum,Negans
3172 3266 3329 3323 enim
3353 3266 3673 3335 resipiscit,

272 3357 377 3432 γὰρ
425 3355 757 3433 ἀρνούμενος
812 3361 1078 3430 μετανοεῖ,
1126 3359 1223 3411 τοῦ
1275 3355 1467 3429 μηκέτι
1516 3354 1921 3430 πλημμελῆσαι

275 3445 353 3508 εἷς
399 3445 493 3500 σέ·
546 3443 692 3500 ἀλλά
737 3444 826 3499 καὶ
882 3445 1104 3517 τιμήσει
1153 3465 1231 3516 σε,
1262 3443 1353 3499 καὶ
1386 3439 1778 3522 φοϐηθήσεται,
1826 3445 1917 3500 καὶ

272 3534 592 3610 εἰρηνεόσει.
654 3534 776 3590 Ἐὰν
828 3530 885 3588 δὲ
932 3530 1159 3604 ἀναιδής
1210 3531 1341 3604 ἐστι,
1385 3533 1475 3587 καὶ
1524 3532 1789 3589 ἐνίσταται
1848 3537 1917 3608 τῇ

270 3622 451 3694 κακίᾳ,
483 3623 572 3676 καὶ
603 3622 776 3683 οὓτως
807 3619 935 3699 ἄφες
966 3620 1111 3694 αὐτῷ
1150 3622 1256 3676 ἀπὸ
1305 3620 1544 3699 καρδίας,
1592 3622 1683 3677 καὶ
1726 3620 1918 3696 δὸςτῴ

310 3716 381 3784 εῷ
406 3712 504 3781 τὴν
539 3708 723 3781 ἐκδίκη
734 3732 837 3767 σιν.

342 3802 409 3857 Ζ’.
454 3824 480 3854 ι
510 3800 631 3854 Ἐάν
671 3820 753 3862 τις
802 3799 935 3876 ὑπὲρ
983 3800 1121 3873 ὑμᾶς
1171 3796 1473 3872 εὐοδοῦται,
1510 3801 1585 3874 μή
1618 3797 1914 3865 λυπεῖσθεο

270 3887 416 3944 ἀλλά
444 3888 533 3943 καὶ
583 3884 805 3964 εὔχεσθε
854 3889 985 3964 ὑπὲρ
1029 3888 1213 3955 αὐτοῦ,
1240 3884 1333 3943 ἵνα
1359 3887 1583 3950 τελείως
1614 3885 1914 3947 εὐοδοῦται.

267 3980 427 4039 Ἴσως
454 3978 554 4054 γὰρ
607 3978 734 4051 ὑμῖν
788 3976 1048 4055 συμφέρει
1100 3976 1274 4039 οὕτως
1301 3994 1314 4009 ⁸
1362 3978 1451 4032 καὶ
1477 3974 1564 4031 ἐὰν
1600 3976 1686 4032 ἐπὶ
1717 3974 1912 4033 πλεῖον

270 4067 518 4140 ὑψοῦται,
553 4068 630 4140 μὴ
663 4072 925 4144 φθονεῖτε,
962 4064 1415 4139 μνημονεύοντες,
1463 4066 1545 4120 ὃτι
1594 4070 1738 4122 πᾶσα
1787 4066 1915 4141 σὰρξ

268 4156 633 4212 ἀποθανεῖται.
686 4154 867 4230 Κυρίῳ
907 4151 964 4209 δὲ
1013 4154 1181 4227 ὕμνον
1239 4155 1590 4233 προσφέρετε,
1642 4158 1720 4227 τῷ
1749 4153 1913 4231 παρέ-

264 4245 424 4320 χοντί
478 4245 545 4299 τὰ
592 4242 736 4298 καλά
790 4241 879 4297 καὶ
937 4242 1280 4321 συμφέροντα
1345 4248 1506 4299 πᾶσιν
1582 4242 1910 4319 ἀνθρώποις.

2032 3357 2098 3409 ut
2128 3371 2243 3409 non
2274 3354 2530 3426 amplius
2553 3355 2855 3425 delinquat
2875 3356 2933 3410 in
2956 3361 3041 3421 te;
3061 3356 3159 3411 sed
3182 3361 3237 3410 et
3269 3355 3579 3411 honorabit
3599 3360 3675 3421 te,

2030 3446 2087 3498 et
2115 3443 2363 3511 timebit,
2397 3448 2454 3500 et
2485 3444 2763 3516 paciﬁcus
2792 3445 2920 3500 erit.
2970 3444 3028 3498 Si
3066 3460 3198 3499 vero
3246 3444 3673 3499 inverecundus

2033 3536 2142 3600 est,
2177 3536 2233 3587 et
2261 3533 2440 3588 instat
2470 3533 2739 3602 malitiae;
2768 3538 2826 3590 et
2846 3534 2925 3589 ita
2955 3532 3183 3588 remitte
3214 3532 3265 3589 ei
3294 3550 3362 3589 ex
3391 3533 3582 3603 corde,
3614 3536 3673 3588 et

2028 3620 2103 3677 da
2131 3625 2244 3677 Deo
2274 3622 2591 3677 vindictam
2620 3622 2685 3676 ³ο.

2097 3800 2214 3856 VII.
2244 3820 2270 3853 ι
2293 3800 2350 3855 Si
2373 3799 2505 3872 quis
2535 3799 2668 3873 plus
2700 3817 2875 3872 quam
2907 3817 3011 3857 vos
3041 3805 3513 3873 prosperatur,ne
3536 3816 3672 3854 con-

2024 3887 2340 3944 tristemini
2368 3914 2381 3956 ;
2415 3889 2515 3943 sed
2538 3893 2597 3943 et
2618 3895 2777 3945 orate
2799 3906 2899 3958 pro
2931 3890 3152 3961 ipso,ut
3173 3892 3419 3962 perfecte
3441 3904 3674 3962 prospe-

2027 3982 2207 4032 retur.
2243 3978 2407 4032 Forte
2448 3977 2601 4033 enim
2634 3978 2797 4032 vobis
2828 3979 3060 4049 expedit
3088 3979 3168 4033 ita
3204 3996 3217 4034 :
3248 3983 3305 4033 et
3332 3979 3379 4033 si
3412 3978 3544 4050 plus
3576 3994 3672 4033 ex-

2026 4066 2244 4123 altatus
2280 4066 2472 4132 fuerit,
2508 4082 2579 4121 ne
2611 4066 2939 4136 invideatis,
2972 4068 3525 4139 recordantes,quod
3552 4082 3674 4123 om-

2024 4156 2117 4211 nis
2148 4172 2279 4211 caro
2303 4156 2603 4211 morietur.
2638 4154 2881 4211 Domino
2914 4160 3107 4212 autem
3131 4157 3415 4230 hymnum
3448 4157 3670 4223 oli'erte,

2021 4244 2300 4299 tribuenti
2330 4244 2483 4300 bona
2504 4247 2561 4299 et
2586 4242 2753 4299 utilia
2773 4244 3048 4301 omnibus
3067 4246 3403 4302 hominibus
3432 4246 3649 4302 “.Scru

336 4372 379 4406 ²τ
407 4371 454 4426 ΙΙ
487 4370 613 4426 Cor.
642 4386 763 4436 νηί,
800 4369 885 4423 10.
964 4369 1008 4404 ⁵³⁸
1038 4370 1174 4449 Sap.
1204 4386 1283 4439 ιι,
1319 4370 1405 4425 17.
1486 4370 1534 4408 ²ο
1562 4369 1765 4425 Matth.
1805 4387 1919 4427 xvu

2039 4370 2105 4437 5;
2154 4369 2298 4427 Luc.
2336 4386 2474 4439 xvu,
2505 4370 2558 4424 3.
2635 4370 2680 4405 ³ο
2713 4370 2880 4426 Rom.
2939 4388 3035 4442 ιιι,
3086 4373 3170 4427 19.
3251 4373 3292 4408 ³¹
3345 4373 3472 4428 Isai.
3528 4390 3567 4443 1,
3617 4373 3672 4427 5.

352 4496 445 4567 53)
474 4492 795 4567 Ἀπείθειαν.
827 4496 1103 4567 ⁸ᾼγνοιαν.
1137 4497 1318 4567 GRAB.

352 4496 421 4551 53
474 4496 795 4550 Ἀπείθειαν.
827 4496 1103 4567 ⁸Αγνοιαν.
1137 4497 1318 4549 GRAB.

331 4496 445 4639 (54)
475 4565 767 4641 Ἐπήγαγε.
807 4563 943 4641 Top}:
976 4562 1391 4641 ἐπιστρέφοντας
1440 4559 1691 4641 δέχεσοαι
1744 4564 1909 4641 addit

331 4585 443 4639 (δᾶ)
492 4585 686 4639 ιιπηγα
725 4585 767 4619 ε.
818 4585 943 4624 ιους
976 4585 1391 4641 επιστρεφοντας
1440 4585 1691 4637 οεχεσυαι
1744 4585 1905 4621 αααιι

258 4641 438 4695 codex
468 4642 647 4694 Oxon.
684 4585 818 4702 ὂυω
849 4636 1029 4709 alium
1083 4654 1322 4709 prorsus
1374 4652 1611 4709 sensum
1663 4636 1905 4709 faciunt,

259 4710 431 4783 quasi
482 4709 603 4783 hinc
648 4708 828 4783 verba
878 4708 949 4762 ad
996 4707 1197 4783 Deum
1227 4712 1425 4763 essent
1454 4707 1775 4783 _referenda
1807 4708 1909 4764 sed

258 4776 500 4855 praefero
532 4778 837 4855 lectionem
868 4779 1429 4855 Cantabrigiensem.
1453 4776 1532 4834 lu.
1590 4851 1616 4855 _
1898 4826 1903 4835 η

330 4854 439 4924 (55)
472 4853 720 4924 Desiisset
750 4852 809 4905 in
841 4866 943 4905 me.
980 4850 1351 4924 Disgoizuisset
1380 4868 1413 4905 α
1441 4864 1545 4924 me.
1578 4851 1774 4905 Greca
1800 4866 1911 4907 vox

260 4922 537 4991 occurrit,
571 4922 932 4991 Exod._xx1v,
964 4937 1049 4984 11;
1076 4922 1197 4979 Jos.
1228 4938 1390 4989 XXIII,
1438 4922 1513 4988 ,4,
1545 4925 1653 4977 etc.

330 4996 442 5068 (56)
472 4988 698 5121 ἱσλιγου
744 4988 1097 5069 διεφώνησεν.
1144 4992 1437 5069 Ἐφθασαν,
1490 4992 1625 5048 add.
1675 4990 1735 5046 in
1776 4993 1899 5048 cod.

330 5085 437 5121 :ou.
500 5083 553 5121 D.

253 5070 437 5125 Oxou.
472 5070 553 5121 In.

327 5139 440 5209 (57)
472 5136 549 5190 Δι’
579 5135 674 5201 ὧν,
723 5153 775 5188 κ.
823 5153 877 5209 τἼ
900 5130 974 5209 Ϋλ.
1020 5134 1185 5209 Hanc
1209 5133 1564 5209 sententiam
1596 5134 1907 5209 exscripsit

252 5205 456 5266 auctor
485 5225 553 5265 ex
582 5213 824 5279 Sap._xn,
859 5206 946 5275 17,
974 5207 1079 5279 ubi
1110 5206 1412 5279 ipsissigna
1431 5222 1575 5279 pene
1606 5205 1904 5279 verb‘a:oc-

251 5286 534 5337 currunt:
576 5272 677 5332 Δι”
701 5277 773 5330 ῶν
824 5295 906 5337 τις
931 5272 939 5275 ⁷
960 5272 1277 5351 ἀμαρτάνει,
1309 5273 1397 5330 διὰ
1429 5272 1637 5351 τούτων
1669 5272 1899 5345 κολάζε-

246 5372 358 5407 ται.
394 5351 563 5424 Vulg.
591 5368 605 5406 :
638 5352 745 5405 Per
771 5363 897 5420 qua?
920 5351 1044 5419 quis
1072 5348 1271 5421 peccat,
1298 5365 1398 5421 per
1428 5348 1547 5405 hac
1598 5353 1648 5403 et
1675 5350 1901 5420 torque-

250 5430 433 5579 ωἷξξ)
466 5492 591 5579 ςαθ’
619 5487 978 5579 ’ὀσρνίχρόνον
1009 5488 1217 5567 ἐνεῖχον
1263 5494 1343 5563 τῷ
1398 5490 1620 5569 Ἰωσὴφ,
1659 5488 1763 5552 ἓως
1806 5485 1899 5544 ἵνα

245 5568 447 5641 πραθῇ.
486 5568 730 5641 D_esunt._
753 5568 936 5641 Gallis.

318 5624 431 5710 (59)
480 5634 743 5711 Εἷρηνικᾶι
790 5631 1023 5711 ἐλάλουν
1064 5637 1156 5711 ’τῷ
1224 5634 1461 5711 Ἰωσήφ.-
1520 5638 1728 5711 Moses,
1788 5634 1907 5694 Ge-,

1938 4504 1985 4568 Β
2020 4508 2166 4565 eum,
2194 4510 2295 4549 nec
2319 4498 2576 4568 poterant
2619 4495 2928 4568 quidquam!
2960 4497 3188 4565 paciﬁca
3218 4497 3294 4551 ad
3324 4513 3447 4551 eum
3502 4497 3667 4567 loqui.

2022 4570 2235 4619 Auctor
2261 4582 2395 4620 vero
2429 4567 2887 4621 Testamentorum
2918 4566 3025 4621 hac
3046 4568 3220 4621 verba
3255 4584 3366 4621 non
3402 4566 3669 4623 universe

2018 4636 2496 4708 intelligivoluit,
2551 4638 2650 4691 sed
2683 4639 2753 4691 ad
2804 4636 3092 4708 colloquia
3137 4640 3380 4693 fratrum
3426 4640 3576 4693 inter
3603 4657 3666 4695 se

2018 4707 2611 4781 restrinxitLindeque
2639 4707 3091 4781 Gadumgcoram
3123 4714 3283 4780 patre
3304 4710 3481 4764 Jacob
3511 4711 3665 4781 paci-

2017 4779 2127 4835 ﬁca
2156 4796 2289 4851 cum
2321 4778 2574 4851 Josepho
2608 4780 2776 4851 verba
2810 4778 3313 4851 miscuisse'dixit.
3345 4781 3427 4836 Io.

2087 4851 2199 4922 (60)
2232 4846 2517 4925 Ἀγαπᾶτἐ,
2546 4870 2599 4925 κ.
2631 4868 2680 4925 [τ.
2806 4850 3037 4925 omissa
3096 4852 3294 4907 omnia
3352 4867 3538 4925 usque
3588 4854 3660 4908 ad

2015 4920 2388 4996 περισπασμρν
2418 4924 2530 4996 τῶν
2560 4920 2857 4996 ἀνθρῴπων
2892 4924 2971 4996 I_D.

2086 4990 2197 5065 (61)
2224 4990 2628 5072 ’Δολοφονῆσ-αι
2661 4990 3029 5072 '_Legen_dum
3079 4998 3218 5072 puto
3248 5071 3252 5072 γ
3278 4990 3661 5072 δο-λ-οφονήσει.

2013 5063 2190 5138 idque
2224 5063 2424 5119 Latine
2445 5063 2805 5138 reddendum
2860 5065 2980 5120 dolo
3010 5063 3211 5121 occidet
3237 5071 3307 5121 te.
3331 5063 3666 5138 ld.'quippe

2014 5130 2310 5209 signiﬁcat
2340 5136 2580 5191 verbum
2614 5130 2962 5209 δολοφονεῖν,
2998 5154 3111 5192 non
3145 5144 3342 5209 autem
3371 5130 3665 5209 dolose-7'0-

2011 5205 2128 5279 qui,
2164 5213 2229 5262 ut
2261 5208 2545 5262 Robertus
2572 5205 3101 5283 transtul_it,legens
3134 5210 3277 5283 forte
3304 5205 3660 5283 δολοφιυνεῖνς

2011 5278 2188 5350 quam
2203 5284 2411 5350 tamen
2434 5294 2631 5350 vocem
2654 5278 2709 5331 in
2737 5278 2899 5334 nullo
2919 5278 3151 5335 auctore
3166 5280 3377 5349 legisse
3396 5278 3661 5336 memini.

2009 5349 2261 5415 Accedit,
2291 5351 2445 5421 quod
2478 5349 2648 5404 caedes
2675 5366 2774 5420 per
2794 5350 2980 5405 dolum
3001 5353 3152 5422 facta
3183 5352 3661 5407 antecedentibus

2010 5422 2203 5493 magis
2235 5427 2538 5494 congruat,
2572 5437 2749 5494 quam
2775 5423 3107 5494 colloquium
3133 5422 3410 5479 dolosam:
3443 5423 3659 5494 quippe

2050 5492 2496 5567 randis__peccati
2531 5492 2747 5548 mentio
2782 5492 2935 5549 facta
2963 5500 3105 5563 erat,
3130 5494 3307 5565 quala
3333 5499 3420 5549 est
3454 5492 3659 5567 utique

2006 5508 2247 5619 grandis
2279 5508 2496 5564 peccati

2050 5564 2412 5619 omicidium.
2448 5566 2530 5618 In.

2078 5636 2189 5708 (62)
2247 5634 2559 5710 Ἠσυχασθῇ
2647 5634 2752 5689 Hic
2811 5634 3189 5692 inserendum
3248 5635 3478 5694 videtur
3542 5632 3655 5691 καί.

242 5704 351 5767 nes
380 5704 683 5781 xxxv1'x,'v,
718 5706 771 5776 4,
805 5706 879 5763 de
904 5704 1195 5765 fratribus
1226 5704 1465 5779 Josephi
1497 5706 1613 5763 ait:
1652 5704 1896 5785 Oderunt
2004 5704 2089 5761 In;
