4016 6222
281 320 311 381 1
327 322 357 380 1
368 322 393 380 1
405 325 443 384 9
1279 318 1813 384 TESTAMENTA
1851 316 1958 379 XII
1999 316 2701 379 PATRIARCHARUM.
3548 323 3582 381 1
3596 320 3731 381 120

286 455 421 511 tare
445 454 681 526 judicia
707 454 1023 522 Domini,et
1053 458 1134 511 ita
1166 456 1422 511 dimittet
1450 456 1649 527 (64),et
1675 452 1936 525 quiescet

2095 448 2326 520 Ξξὲτασον
2363 447 2601 525 κρίματα
2646 445 2831 520 Κυρίῳ
2860 451 2994 523 (63),
3044 449 3135 505 καὶ
3175 449 3354 512 οὕτως
3385 448 3722 524 καταλείψει

288 544 603 600 consilium
650 548 840 599 tuum.
882 543 940 598 Si
972 560 1103 599 vero
1146 546 1202 599 et
1244 559 1314 598 ex
1344 542 1516 598 malis
1549 541 1681 614 quis
1712 540 1932 595 ditatus

2095 537 2130 590 ιὶ
2160 536 2422 613 ῆσυχάζει
2634 538 2699 593 τὸ
2746 534 3063 593 διαῦοόλιόν
3111 560 3230 594 σου.
3272 539 3400 594 Ἐὰν
3432 537 3500 594 δα
3528 541 3625 595 καί
3658 540 3726 596 ἐκ

288 629 467 687 fuerit
496 630 647 686 sicut
667 631 815 686 Esau
852 631 1028 687 frater
1057 631 1239 702 patris
1268 631 1405 699 mei,
1428 628 1603 685 nolite
1633 624 1929 693 aemulari;

2095 630 2220 681 ικῶν
2267 646 2348 688 τις
2394 625 2683 701 πλουτίσῃ,
2737 625 2811 689 ὡς
2856 629 3022 684 Ἠσαῦ
3062 628 3092 682 ὁ
3122 627 3514 704 πατραδελφός
3582 650 3718 703 μου,

284 720 609 775 terminum
640 719 794 774 enim
819 719 1050 774 Domini
1076 719 1537 791 suscipietis.Vel
1560 716 1718 773 enim
1745 715 1936 770 aufert

2095 715 2123 782 ἦ
2175 715 2497 785 ζηλώσητε·
2549 716 2675 791 δρον
2728 714 2833 791 γὰρ
2886 716 3091 791 Κυρίου
3137 714 3442 787 ἐκδέξασθε.
3475 720 3547 772 ’Ἡ
3610 719 3720 795 γὰρ

292 808 417 863 haec
448 807 507 863 in
538 807 731 875 malis,
778 806 864 863 vel
899 808 1316 880 pcenitentibus
1348 803 1703 872 dimittit,vel
1735 804 1933 874 impae-

2095 809 2345 881 ρηιρεῖται
2377 802 2512 858 αὐτᾶ
2544 803 2595 859 ἐν
2625 811 2838 875 κακοῖς,
2870 806 2905 873 ἢ
2956 810 3311 877 μετανοοῦσιν
3364 806 3619 884 ἀφίησιν,

284 897 493 953 nitenti
527 904 713 952 servat
741 896 802 951 in
849 902 1130 951 aeternum
1177 896 1289 967 (66)
1342 894 1728 967 punitionem.
1783 890 1931 945 Nam

2095 895 2391 964 ιενανοήτῳ
2437 897 2598 967 τηρεῖ
2645 891 2724 955 εἷς
2772 891 2945 947 αἷῶνα
2972 894 3074 961 τήν
3102 893 3355 951 κολασιν.
3385 896 3451 953 Ὁ
3480 896 3591 971 γᾶρ
3624 899 3729 951 πὲ-

286 1002 526 1059 pauper,
559 989 617 1041 et
648 984 864 1040 invidia
892 1001 1095 1040 carens
1128 985 1260 1056 (67),
1290 984 1347 1039 in
1376 982 1650 1039 omnibus
1681 980 1931 1036 Domino

2095 1002 2165 1051 λς,
2190 982 2279 1035 καὶ
2312 980 2568 1059 ἄφθονος,
2603 980 2691 1035 ἐπὶ
2723 987 2853 1036 πᾶσι
2905 981 3089 1057 Κυρίῳ
3138 982 3503 1059 εὐχαριστῶν,
3550 984 3723 1047 αὐτὸς

286 1075 509 1147 gratias
540 1090 739 1146 agens,
772 1073 897 1146 ipse
927 1074 1081 1145 apud
1121 1088 1325 1128 omnes
1366 1072 1607 1137 ditatur,
1654 1067 1933 1140 quoniam

2095 1069 2188 1143 ιρὰ
2240 1075 2371 1125 πᾶσι
2415 1069 2665 1138 πλουτεῖ,
2717 1069 2801 1124 δτι
2852 1069 2952 1125 οὐκ
2998 1068 3116 1146 ἔχει
3146 1071 3246 1126 τὸτ
3278 1072 3525 1147 πονηρὸν
3559 1094 3725 1148 περι-

284 1180 403 1219 non
434 1163 609 1218 habet
641 1163 1025 1235 perniciosam
1058 1161 1551 1234 depraedationem
1600 1159 1713 1231 (68)
1744 1155 1933 1213 homi-

2095 1157 2293 1231 τασμὸν
2337 1162 2447 1213 τῶν
2496 1158 2821 1234 ἀνθρώπων.
2874 1160 3129 1233 Ἐξάρατε
3175 1157 3271 1216 οὖν
3300 1160 3365 1215 τδ
3400 1166 3563 1233 μῖσος
3600 1163 3714 1217 ἀπὸ

285 1269 450 1308 num.
482 1252 715 1307 Auferte
746 1250 925 1324 igitur
954 1250 1152 1307 odium
1179 1250 1250 1305 ab
1282 1249 1593 1305 animabus
1623 1244 1853 1311 vestris,
1878 1247 1937 1299 et

2095 1250 2147 1300 iw
2197 1250 2389 1322 ψυχῶν
2441 1246 2619 1320 ὑμῶν,
2667 1246 2758 1302 καὶ
2790 1246 3112 1323 ἀγαπήσατε
3141 1246 3431 1321 ἀλλήλους
3463 1250 3516 1305 ἐν
3554 1250 3721 1315 εὐθύ-

288 1339 512 1413 diligite
540 1346 765 1396 vosmet
794 1340 1040 1397 invicem
1074 1340 1134 1395 in
1160 1338 1515 1395 rectttudine
1542 1335 1753 1392 cordis.

2095 1356 2165 1406 rc:
2196 1332 2442 1411 καρδίας.

356 1431 508 1485 VIII.
544 1451 573 1479 «
605 1429 788 1485 Dicite
818 1437 1010 1484 autem
1040 1434 1096 1483 et
1140 1444 1242 1484 vos
1272 1427 1394 1481 haec
1440 1425 1577 1480 ﬁliis
1607 1421 1836 1488 vestris,
1870 1424 1937 1475 ut

2114 1425 2194 1481 H’.
2228 1448 2256 1475 ‹‹
2291 1421 2491 1479 Εἴπατε
2512 1420 2571 1479 δὲ
2596 1422 2688 1479 καὶ
2719 1422 2878 1498 ὑμεῖς
2905 1429 3075 1480 ταῦτα
3100 1430 3221 1489 τοῖς
3257 1427 3475 1489 τὲκνοις
3526 1427 3720 1500 ὑμῶν,

287 1518 578 1576 honorent
622 1517 652 1573 J
663 1518 835 1574 udam
866 1522 923 1573 et
968 1517 1097 1573 Levi
1132 1532 1144 1572 :
1176 1517 1455 1588 quoniam
1495 1530 1564 1569 ex
1600 1512 1686 1569 eis
1716 1510 1936 1567 orietur

2095 1533 2194 1575 τως
2217 1514 2524 1585 τιμήσωσιν
2558 1509 2765 1568 Ἰούδαν
2796 1514 2888 1568 καὶ
2916 1514 3049 1569 Λευῒ
3072 1533 3084 1546 ·
3127 1514 3214 1570 ὅτι
3246 1514 3295 1588 ἐξ
3348 1514 3526 1570 αὐτῶν
3578 1515 3717 1570 ἀνα-

286 1608 452 1664 vobis
475 1607 776 1673 Dominus,
805 1606 1066 1662 Salvator
1090 1604 1311 1661 lsraeli.
1334 1599 1753 1676 Cognovienim
1778 1598 1932 1670 quod

2095 1599 2190 1656 ιλεῖ
2242 1602 2367 1675 ὑμῖν
2431 1600 2647 1676 Κύριος,
2699 1602 2884 1675 σωτὴρ
2932 1607 3011 1674 τῷ
3052 1603 3298 1677 Ἰσραήλ.
3332 1609 3544 1678 Ἔγνων
3605 1604 3715 1680 γὰρ

289 1697 350 1753 in
371 1696 485 1751 ﬁne
518 1696 789 1751 recedent
821 1694 922 1749 filii
951 1695 1127 1751 vestri
1157 1695 1228 1749 ab
1274 1692 1379 1763 eis,
1424 1696 1480 1747 et
1520 1691 1580 1745 in
1613 1687 1773 1746 omni
1804 1703 1933 1759 per-

2095 1713 2126 1745 τι
2178 1690 2265 1746 ἐπὶ
2314 1690 2461 1747 τέλει
2515 1693 2631 1766 (69)
2679 1691 3077 1763 ἀποστήσονται
3126 1694 3193 1749 τὰ
3235 1692 3397 1749 τέκνα
3428 1694 3586 1767 ὑμῶν
3623 1695 3717 1748 ἀπ’

288 1784 462 1853 nieie,
496 1790 555 1840 et
601 1784 985 1857 malignitate,
1028 1790 1082 1840 et
1118 1780 1488 1854 corruptione
1534 1782 1709 1834 erunt
1738 1791 1935 1832 coram

2095 1781 2218 1836 316w
2269 1782 2405 1854 (70),
2453 1779 2543 1836 καὶ
2592 1778 2643 1835 ἐν
2694 1780 2837 1855 πάσῃ
2884 1781 3147 1856 πονηρίᾳ,
3178 1782 3271 1837 καὶ
3300 1784 3563 1854 κακώσει,
3624 1784 3723 1837 καὶ

287 1874 557 1931 Domino.
584 1895 611 1923 »
642 1875 713 1929 Et
740 1872 1046 1946 paululum
1079 1872 1618 1944 quiescens,rursus
1641 1866 1789 1922 dixit
1808 1863 1893 1919 eis
1920 1879 1934 1919 :

2095 1874 2318 1948 αφηορᾷ
2351 1867 2561 1925 ἔσονται
2592 1869 2824 1925 ἐνώπιον
2856 1869 3079 1944 Κόριου.
3114 1894 3144 1923 ››
3186 1871 3285 1925 Καὶ
3346 1870 3539 1945 ὀΑίγον
3576 1871 3720 1941 ἠσυ-

291 1984 321 2015 ‹‹
355 1962 483 2019 Filii
506 1963 878 2032 mei,obedite
900 1962 1048 2036 patri
1070 1964 1342 2029 vestro,et
1371 1956 1609 2030 sepelite
1638 1971 1730 2010 me
1759 1969 1938 2027 prope

2095 1959 2239 2031 ἀσας,
2298 1957 2463 2014 πάλιν
2514 1960 2660 2014 εἶπεν
2709 1958 2915 2021 αὐτοῖς·
2953 1983 2982 2012 ι‹
3012 1958 3181 2014 Τέκνα
3212 1981 3340 2032 μου,
3375 1958 3723 2016 ἐπακονῦσατε

291 2057 489 2126 patres
521 2068 702 2108 meos.
737 2075 766 2103 ››
798 2054 868 2108 Et
895 2053 1128 2109 elevans
1157 2050 1332 2123 pedes
1381 2064 1542 2113 suos,
1573 2042 1849 2101 dormivit
1876 2042 1937 2096 in

2095 2051 2143 2102 >6
2170 2047 2375 2124 πατρὸς
2407 2047 2579 2120 ὑμῶν,
2634 2045 2725 2101 καὶ
2765 2045 2968 2121 θάψατὲ
3012 2068 3079 2121 με
3106 2048 3369 2123 σύνεγγυς
3395 2053 3506 2103 τῶν
3543 2048 3720 2105 πατὲ-

295 2145 533 2213 pace.Et
552 2146 682 2213 post
706 2141 961 2214 quinque
982 2155 1166 2195 annos
1201 2138 1553 2193 reduxerunt
1573 2150 1729 2200 eum,
1760 2135 1818 2187 et
1837 2146 1938 2203 po-

2095 2158 2157 2191 nv
2210 2156 2336 2210 μου.
2382 2159 2413 2187 ››
2464 2135 2563 2191 Καὶ
2612 2134 2798 2212 ἐξάρας
2845 2135 2975 2199 τοὺς
3005 2134 3179 2199 πόδας
3210 2136 3400 2207 αὑτοῦ,
3432 2136 3719 2212 ἐκοιμήθη

292 2233 540 2287 suerunt
570 2247 703 2286 eum
736 2230 795 2286 in
828 2230 1058 2286 Hebron
1090 2244 1221 2285 eum
1256 2226 1524 2300 patribus
1554 2222 1765 2296 ipsius.

2095 2248 2101 2274 ν
2136 2224 2345 2301 εἰρήνῃ.
2380 2224 2483 2282 Καὶ
2526 2223 2663 2298 μετὰ
2707 2225 2868 2279 πέντε
2916 2222 3011 2293 ἔτη
3062 2227 3339 2303 ἀτήγαγον
3383 2226 3574 2295 αὐτὸν,
3625 2228 3721 2281 καὶ

944 2492 1181 2551 CAPUT
1219 2496 1291 2549 Χ.

295 2589 693 2650 Testamentum
749 2586 903 2657 Aser,
955 2583 1020 2640 de
1049 2582 1286 2710 filippus
1331 2578 1575 2653 [aciebus
1615 2574 1847 2633 malitiae
1893 2578 1949 2630 et

1005 2671 1090 2710 ιίν
1175 2671 1240 2710 ιδ.

1005 2656 1240 2712 virtutis.

370 2766 416 2824 Ι.
449 2763 891 2836 Transcriptum
945 2758 1281 2817 testamenti
1327 2759 1492 2825 Aser,
1539 2770 1667 2829 quae
1716 2751 1948 2809 locutus

300 2859 392 2912 est
420 2853 556 2909 filiis
603 2852 728 2908 suis
774 2850 1091 2907 centesimo
1130 2848 1406 2905 vicesimo
1456 2861 1610 2902 anno
1659 2841 1772 2916 (72)
1820 2840 1949 2896 vitas

302 2961 444 3001 sum.
476 2942 679 2998 Adhuc
709 2956 889 2996 sanus
920 2939 1195 3005 existens,
1229 2936 1378 2993 dixit
1407 2934 1493 2991 eis
1524 2951 1591 2990 τι(
1611 2927 1950 2997 Audite,ﬁlii

297 3038 465 3099 Aser,
511 3036 734 3104 patrem
765 3032 1025 3085 vestrum
1057 3030 1114 3084 et
1142 3041 1315 3083 omne
1344 3028 1570 3081 rectum
1613 3035 1806 3077 coram
1833 3017 1951 3074 Deo

302 3118 821 3188 ostendam,vobis,
854 3124 1007 3175 Duas
1031 3118 1155 3174 vias
1184 3116 1345 3172 dedit
1372 3111 1657 3171 Dominus
1689 3108 1826 3165 ﬁliis
1846 3106 1953 3163 ho-

2049 2310 2245 2385 ἔθηκαν
2302 2312 2461 2370 αὐτὸν
2513 2312 2592 2378 είς
2642 2308 2865 2391 Χεϐρὼν
2921 2314 3059 2389 μετὰ
3119 2318 3229 2372 τῶν
3296 2315 3548 2393 πατέρων
3617 2316 3719 2372 αὖ·

2046 2406 2147 2459 τοῦ
2167 2405 2301 2478 (71).

2632 2493 3034 2551 ΚΕΦΔΛΑΙΟΝ
3075 2497 3102 2549 Ι

2052 2580 2295 2653 Διαθήκη
2356 2579 2549 2654 Ἀσὴρ,
2606 2582 2732 2659 περὶ
2767 2578 3279 2708 inrisorie-1:900:va
3354 2580 3550 2646 κακίας
3622 2579 3717 2638 καὶ

2805 2672 2987 2730 ρετης.

2124 2760 2203 2818 Α’.
2255 2756 2613 2838 Ἀντίγραφον
2661 2755 2928 2831 διαθήκης
2974 2758 3169 2835 Ἀσήρ,
3228 2759 3263 2814 ἃ
3311 2757 3558 2830 ἑλάλησε
3599 2765 3721 2822 τοῖς

2056 2849 2197 2911 υἱοῖς
2231 2846 2395 2903 αὐτοῦ
2424 2847 2476 2903 ἐν
2511 2849 2622 2923 ρκς¹
2652 2844 2758 2903 ἔτει
2784 2855 2886 2919 τῆς
2933 2852 3082 2918 ζωῆς
3130 2847 3319 2906 αὐτοῦ.
3368 2851 3495 2904 Ἔτι
3545 2848 3728 2924 ὑγιαί-

2056 2958 2184 3010 νων,
2235 2936 2351 2992 είπε
2391 2937 2532 3012 πρὸς
2581 2935 2796 2999 αὐτοὺςσ
2846 2960 2875 2989 ιι
2928 2936 3246 3010 ’Δκοόσατε,
3302 2935 3466 2993 τέκνα
3524 2938 3726 3015 Ἀσήρ,

2055 3029 2156 3083 τοῦ
2184 3025 2389 3100 πατρὸς
2420 3025 2600 3100 ὑμῶν,
2638 3024 2728 3082 καὶ
2759 3032 2864 3082 πᾶν
2889 3026 2954 3081 τὸ
2985 3025 3135 3090 εὖθὲς
3166 3025 3400 3082 ἐνώπιον
3440 3031 3542 3082 τοῦ
3594 3031 3729 3083 Θεοῦ

2066 3113 2331 3187 ὑποδείξω
2383 3115 2534 3189 ὑμῖν.
2586 3113 2690 3171 Δύο
2741 3112 2904 3178 ὁδοὺς
2946 3111 3145 3171 ἔδωκεν
3192 3116 3221 3171 ὁ
3270 3114 3403 3178 Θεὸς
3432 3120 3553 3178 τοῖς
3589 3118 3731 3177 υἱοῖς

304 3212 558 3277 minum,
593 3209 707 3265 duo
737 3207 1002 3277 consilia,
1035 3210 1092 3264 et
1120 3207 1269 3263 duos
1296 3208 1482 3275 actus,
1505 3205 1562 3259 et
1589 3201 1705 3257 duo
1735 3198 1880 3263 loca,
1900 3197 1958 3252 et

2099 3210 2173 3261 ὧν
2221 3188 2537 3281 ἀνθρώπων,
2594 3201 2690 3260 δύο
2740 3200 3053 3277 διαϐούλια,
3082 3203 3172 3260 καὶ
3204 3201 3301 3260 δύο
3330 3205 3576 3281 πράξεις,
3636 3206 3726 3261 καὶ

307 3302 456 3359 duos
489 3300 653 3355 ﬁnes.
688 3299 938 3369 Ideoque
969 3296 1166 3352 omnia
1210 3296 1325 3351 duo
1370 3296 1510 3350 sunt
1541 3304 1725 3346 unum
1756 3289 1960 3342 contra

307 3389 642 3449 unum.Vize
664 3387 955 3455 duae,boni
970 3391 1027 3443 et
1040 3385 1198 3453 mali;
1214 3385 1272 3440 in
1296 3382 1513 3456 quibus
1527 3377 1796 3436 suntduo
1817 3390 1959 3429 con-

308 3480 444 3538 silia
463 3480 523 3534 in
546 3477 875 3550 pectoribus
898 3475 1134 3547 nostris,
1159 3470 1541 3544 dijudicantia
1561 3484 1680 3525 eos.
1701 3464 1762 3521 Si
1780 3463 1962 3537 igitur

311 3569 507 3629 anima
535 3566 677 3623 velit
695 3567 752 3622 in
777 3566 1048 3636 bono,[ad
1074 3566 1292 3621 bonum
1321 3561 1557 3619 ducitur
1576 3554 1777 3626 homo]
1797 3552 1960 3625 (72').

317 3658 511 3717 omnis
543 3661 708 3712 actus
727 3655 911 3728 ipsius
934 3660 1023 3715 est
1052 3655 1110 3710 in
1135 3653 1368 3726 justitia
1392 3670 1405 3719 ;
1428 3654 1485 3707 et
1514 3648 1562 3705 si
1586 3640 1962 3719 peccet,illico

308 3745 620 3817 resipiscit.
636 3746 662 3801 J
677 3750 807 3801 usta
822 3745 977 3801 enim
999 3744 1345 3818 cogitans,et
1359 3739 1640 3813 abjiciens
1651 3731 1963 3800 malitiam,

323 3837 526 3894 statim
554 3835 757 3891 evertit
784 3834 1029 3903 malum,
1054 3838 1111 3890 et
1140 3832 1395 3889 eradicet
1423 3822 1811 3902 peccatum.Si
1834 3835 1966 3876 vero

316 3927 389 3984 ad
418 3924 641 3981 malum
674 3921 929 3979 declinat
955 3921 1288 3989 consilium,
1307 3919 1499 3977 omnis
1528 3920 1698 3973 actus
1728 3910 1858 3982 ejus
1878 3910 1968 3964 est

311 4014 376 4071 in
408 4013 654 4083 malitia,
681 4016 738 4068 et
768 4010 1053 4083 repellens
1081 4012 1301 4067 bonum
1334 4005 1585 4066 assumit
1613 4000 1837 4057 malum
1863 4015 1878 4066 ;
1910 3999 1969 4053 et

316 4102 674 4161 constitutus
700 4100 811 4156 sub
833 4100 1092 4156 dominio
1117 4097 1445 4167 Beliar,etsi
1474 4096 1695 4151 bonum
1729 4085 1969 4158 aliquod

316 4195 607 4265 operetur,
640 4189 697 4244 in
733 4188 1018 4245 malitiam
1050 4188 1160 4244 hoc
1183 4185 1483 4244 convertit.
1518 4182 1663 4239 Cum
1695 4177 1854 4235 enim
1879 4173 1969 4265 in-

316 4263 537 4354 ceperit
566 4278 732 4352 quasi
761 4279 983 4335 bonum
1016 4278 1256 4345 faciens,
1277 4276 1453 4332 linem
1481 4268 1726 4329 actionis
1759 4267 1888 4338 ejus
1909 4263 1971 4319 in

317 4368 539 4427 malum
563 4386 710 4443 opus
729 4366 1497 4442 perduxit.Quiathesaurus
1519 4358 1734 4418 diaboli
1753 4368 1972 4413 veneno

317 4457 629 4534 perniciosi
659 4458 905 4533 spiritus
929 4458 1206 4531 impletus
1240 4460 1349 4512 est.

395 4637 464 4693 II.
499 4658 527 4687 ‹‹
556 4635 725 4708 Dicit,
759 4635 939 4709 igitur
967 4634 1166 4693 anima
1194 4632 1629 4707 ipsius,bonum
1653 4641 1832 4701 supra
1852 4635 1977 4678 ma-

320 4725 447 4785 lum
480 4729 693 4795 esse,et
722 4727 899 4782 ﬁnem
931 4724 1012 4781 rei
1044 4725 1103 4781 in
1135 4722 1421 4780 malitiam
1453 4720 1633 4778 ducit.
1654 4719 1757 4776 Est
1774 4716 1973 4778 homo,

541 4863 745 4943 [{6th.
774 4863 1195 4943 Forte_Kuplo_u.
1218 4866 1401 4924 ϐω.

420 4939 511 4996 64)
542 4939 804 4996 Dimittat.
841 4939 989 4995 Add.
1025 4939 1095 4996 te.
1131 4940 1214 4995 In.

420 5005 512 5085 65)
556 5009 868 5085 ᾙσυχάζει.
904 5011 1071 5085 Forte
1098 5005 1384 5085 ἡσυχάσει.
1412 5007 1472 5064 ID

420 5076 512 5138 66)
540 5076 830 5138 Ασῖιενῆιιὴι
859 5076 1365 5137 δωσιιίωηᾘεὶὃεηῐ
1393 5078 1621 5136 codices
1638 5095 1781 5136 mss.
1815 5076 1899 5132 In.

398 5147 511 5229 (67)
542 5156 607 5210 Et
647 5154 869 5229 ἰῃυξάία
916 5169 1129 5229 carens.
1178 5154 1266 5229 Et
1291 5152 1390 5223 qui
1411 5156 1511 5229 _est
1540 5147 1969 5229 abundans”62.

324 5221 505 5298 Atqui
533 5242 639 5282 vox
669 5221 897 5300 ἄφθονος
926 5225 1101 5281 habet
1129 5221 1367 5301 quidem
1411 5221 1968 5301 hanc_significatio-

328 5294 464 5355 nem
495 5315 509 5367 ;
553 5294 955 5353 verumtamen
1005 5294 1263 5370 propria
1286 5297 1415 5368 ejus
1441 5294 1754 5370 _notio_hic
1784 5294 1974 5370 magis

326 5364 524 5428 locum
572 5370 769 5436 habet,
801 5384 983 5441 eaque
1007 5364 1531 5441 reddenda'potius
1558 5366 1787 5441 videtur
1822 5364 1976 5423 Invi-

329 5446 423 5568 dictz
451 5457 670 5569 claram,
703 5436 904 5514 qualis'
924 5441 1224 5498 character
1250 5436 1491 5513 pauperi
1522 5438 1739 5511 optime
1770 5450 1976 5495 conve-

332 5530 392 5569 ni
427 5554 439 5567 .
502 5529 555 5569 ο.

332 5514 439 5572 nit.
474 5514 555 5569 ln.

405 5586 524 5657 (687),
562 5584 1077 5657 Deprazrlationem.
1132 5582 1574 5657 Distrqctionem,
1614 5610 1628 5656 7.
1646 5580 1839 5656 qualis
1906 5593 1977 5636 ex

332 5654 738 5715 mendicorum
760 5655 1206 5730 importunitate
1229 5655 1434 5715 oritur.
1466 5654 1549 5713 Io.

2068 3293 2164 3351 δύο
2191 3294 2414 3367 τόπους,
2447 3294 2537 3349 καὶ
2568 3290 2665 3349 δύο
2693 3291 2852 3364 τὲλη.
2885 3293 2983 3349 Διὰ
3008 3297 3173 3348 τοῦτο
3200 3291 3377 3348 πάντα
3424 3290 3525 3347 δύο
3568 3293 3730 3363 εἰσὶν,

2066 3380 2122 3441 ἓν
2154 3382 2427 3440 κατέναντι
2474 3387 2574 3439 τοῦ
2622 3381 2739 3446 ἑνός
2784 3384 2917 3456 (73).
2968 3379 3119 3440 Ὀδοὶ
3152 3379 3271 3451 δύο,
3301 3379 3477 3438 καλοῦ
3506 3382 3604 3437 καὶ
3634 3405 3731 3437 και

2068 3477 2169 3531 κοῦ
2192 3492 2205 3505 '
2238 3472 2290 3528 ἐν
2342 3471 2422 3535 οἷς
2474 3472 2577 3527 εἷ’σι
2625 3473 2693 3528 τὰ
2721 3470 2823 3528 δύο
2855 3466 3148 3527 διαὸοόλια
3177 3471 3231 3527 ἐν
3264 3472 3509 3543 στέρνοις
3538 3474 3733 3546 ἡμῶν,

2072 3560 2413 3638 διακρίνοντα
2462 3560 2647 3624 αὐτάς.
2694 3562 2815 3616 Ἐὰν
2864 3558 2956 3615 οὖν
3008 3563 3043 3630 ἡ
3095 3561 3250 3636 ψυχὴ
3301 3560 3434 3635 θέλῃ
3466 3560 3521 3616 ἐν
3549 3560 3738 3634 καλῷ,

2071 3657 2215 3708 πᾶσα
2258 3651 2449 3725 πρᾶξις
2502 3650 2671 3720 αὐτῆς
2720 3649 2861 3705 ἐστιν
2916 3649 2968 3705 ἐν
3000 3647 3336 3724 δικαιοσύνῃ,
3366 3649 3467 3705 κᾶν
3494 3650 3737 3725 ἁμάρτῃ,

2074 3740 2231 3805 εὐθὺς
2289 3744 2558 3814 μετανοεῖ.
2614 3738 2805 3794 Δίκαια
2851 3738 2954 3815 γὰρ
3014 3738 3398 3814 λογιζόμενος,
3437 3740 3533 3794 καὶ
3560 3739 3739 3813 ἀπορ-

2076 3829 2280 3907 ρίπτων
2309 3829 2410 3897 τὴν
2436 3826 2721 3905 πονηρίαν,
2753 3826 3037 3903 ἀνατρέπει
3088 3827 3244 3891 εὐθὺς
3284 3829 3348 3883 τὸ
3392 3828 3589 3898 κακὸν,
3649 3829 3739 3883 καὶ

2076 3918 2283 3995 ἐκριζοῖ
2326 3918 2425 3987 τὴν
2474 3915 2761 3993 ἁμαρτίαν.
2813 3916 2935 3972 Ἐὰν
2986 3914 3046 3972 δὲ
3093 3916 3146 3972 ἐν
3181 3921 3410 3993 πονηρῷ
3437 3915 3624 3973 κλίνει
3678 3919 3740 3973 τὸ

2077 4001 2417 4077 διαϐοόλιον,
2447 4010 2594 4060 πᾶσα
2620 4006 2813 4080 πρᾶξις
2843 4004 3013 4075 αὐτῆς
3044 4004 3185 4062 ἐστιν
3230 4004 3283 4061 ἐν
3329 4005 3595 4082 πονηρίᾳ,
3649 4007 3744 4061 καὶ

2079 4095 2467 4169 ἀπωθούμενος
2493 4094 2556 4150 τὸ
2586 4094 2784 4170 ἀγαθὸν
2829 4090 3243 4171 προσλαμϐάνει
3290 4094 3355 4149 τὸ
3403 4096 3593 4167 κακὸν,
3649 4095 3744 4150 καὶ

2076 4184 2377 4263 κυριευθεὶς
2420 4183 2524 4240 ὑπὸ
2567 4187 2665 4239 1:06
2714 4181 2936 4260 Βελιᾶρ,
2984 4183 3082 4239 κᾶν
3116 4183 3314 4260 ἀγαθόν
3344 4206 3393 4238 νι
3423 4185 3628 4259 πράξῃ,
3690 4187 3742 4241 ὲν

2078 4273 2317 4350 πονηρίᾳ
2366 4272 2495 4329 αὐτὸ
2549 4274 2922 4352 μεταστρέφει.
2972 4275 3101 4329 Ὅτε
3146 4272 3251 4350 γὰρ
3311 4273 3604 4351 ἐνάρξηται
3668 4275 3743 4336 ὡς

2079 4365 2275 4443 ἀγαθὸν
2323 4367 2520 4432 ποιῶν,
2584 4363 2648 4418 τὸ
2675 4360 2838 4426 τέλος
2861 4365 2963 4432 τῆς
2994 4364 3234 4439 πράξεως
3264 4362 3429 4419 αὐτοῦ
3461 4363 3542 4426 εἷς
3572 4364 3743 4419 κακὸν

2080 4457 2254 4511 ποιεῖν
2286 4450 2564 4508 ἀνελαύνει
2595 4453 2731 4527 (74).
2784 4449 3004 4521 Ἐπειδὴ
3055 4452 3083 4506 ὁ
3116 4452 3386 4526 θησαυρὸς
3415 4456 3517 4507 τοῦ
3548 4449 3743 4508 διαϐάς

2082 4543 2183 4601 λου
2214 4545 2326 4617 (75)
2366 4540 2451 4597 ἰοῦ
2480 4545 2723 4614 πονηροῦ
2756 4540 3117 4616 πεπλήρωται
3149 4540 3487 4615 πνεύματος.

2154 4632 2226 4689 B'.
2262 4655 2292 4685 «
2324 4631 2505 4686 Ἔστιν
2537 4630 2630 4686 οὗν
2647 4630 2801 4706 ψυχὴ
2833 4628 3086 4707 λὲγουσα,
3118 4630 3273 4709 φησὶ,
3304 4630 3367 4685 τὸ
3396 4627 3571 4686 καλὸν
3610 4631 3744 4705 ὑπὲρ

2082 4724 2181 4777 τοῦ
2237 4723 2428 4790 κακοῦ,
2485 4718 2577 4775 καὶ
2612 4718 2678 4775 τὸ
2729 4717 2893 4782 τέλος
2946 4722 3046 4774 τοῦ
3074 4718 3402 4796 πράγματος
3434 4717 3517 4782 εἷς
3545 4719 3742 4776 κακίαν

2149 4863 2264 4937 (69)
2292 4857 2471 4937 Tt)“.
2499 4862 2715 4937 Τοῦτουν
2732 4861 2913 4920 habet
2939 4860 3122 4920 Oxon.
3154 4862 3241 4920 In.

2211 4930 2267 4991 0)
2300 4932 2511 4990 Αὐτῶν.
2543 4930 2741 4989 Αὐτοῦ.
2776 4938 2857 4991 In.

2158 4934 2168 4937 ’
2211 4936 2247 4991 0
2300 4934 2511 4990 Αὐτῶν.
2543 4934 2741 4989 Αὐτοῦ.
2776 4938 2857 4991 In.

2150 4934 2267 5080 (71)
2293 5004 2455 5081 Μετὰῇ
2494 5008 2625 5081 τῖον-
2656 5002 2903 5081 πατέρων
2950 5000 3137 5059 αὐτοῦ.
3193 5002 3292 5062 Καὶ
3338 4996 3545 5078 ἔθαψαν
3578 5003 3737 5063 dicit

2081 5075 2212 5147 ἰκέἲ,
2247 5075 2492 5135 omissis
2521 5076 2772 5134 ultimis.
2795 5075 2890 5133 "In.

2153 5145 2269 5225 (72)
2297 5150 2473 5225 Αηιιο.
2513 5150 2796 5206 Addenda
2823 5150 3135 5225 voxgsegcto,
3166 5145 3219 5204 si
3249 5146 3540 5225 .Grgcum
3593 5150 3743 5206 codi-

2081 5219 2207 5280 cem
2236 5219 2361 5278 tam
2390 5223 2572 5277 Oxon.
2609 5237 2789 5293 quam
2819 5220 3067 5293 Cantab.
3084 5219 3263 5293 sequi
3297 5219 3555 5276 velimus
3579 5239 3594 5288 ;
3617 5238 3739 5293 qn:

2080 5300 2279 5353 tamen
2310 5293 2475 5349 deest
2503 5293 2564 5361 in
2595 5290 2707 5349 ms.
2738 5292 2943 5361 Graia,
2973 5290 3145 5359 Coll.,
3168 5290 3352 5361 Trin.,
3375 5290 3737 5352 Cantabfln.

2153 5333 2286 5440 ("iii
2297 5333 2576 5440 "is?"
2584 5333 2708 5440 ς’ῖὲζ
2727 5333 3395 5440 εὖῖξδςῗῑὶξὲυᾘῖίίδῖ

2212 5433 2295 5510 3")
2326 5435 2568 5510 Uneinis
2595 5434 2827 5510 inclusa
2845 5435 3071 5510 desunt
3091 5435 3153 5490 in
3173 5433 3400 5510 Graeco.
3433 5435 3539 5491 En.
3565 5435 3735 5510 Pan.

2173 5502 2288 5580 74)
2342 5506 2516 5580 ξίακὸν
2598 5509 2773 5561 ποιεῖν
2834 5502 3137 5561 ἀνελαόνει.
3208 5503 3305 5567 El:
3375 5506 3741 5577 κακοποίησιν

2083 5576 2313 5637 ἐλαύνει.
2346 5579 2428 5637 In.

2155 5651 2274 5727 (75)
2298 5649 2406 5709 Τοῦ
2436 5641 2724 5713 διαϐόλου.
2752 5640 3108 5709 Διαϐουλίου.
3137 5651 3226 5708 In.

2247 4864 2267 5080 ἐ
