4016 6222
264 394 418 457 1121

1532 393 2130 459 TESTAMENTUM
2178 395 2407 460 ASER.

3516 404 3673 465 H22

263 525 403 602 ἄγει.
436 530 619 581 Ἔστιν
661 520 939 601 ἄιθρωπος
984 523 1117 597 (76),
1150 518 1298 585 ὅστις
1346 520 1445 578 ούκ
1491 521 1743 599 οἶκτείρει
1795 521 1909 579 λει-

2038 528 2125 600 qui
2156 545 2272 586 non
2303 529 2613 586 miseretur
2660 530 3055 588 ministrantis
3105 533 3155 588 ei
3208 533 3268 588 in
3317 532 3581 604 malum;
3616 538 3675 591 et

264 618 592 691 τουργοῦντα
620 612 767 685 αὐτῷ
800 611 850 667 ἐν
890 616 1060 684 κακῷ·
1105 611 1194 667 καί
1233 632 1294 688 γε
1320 615 1483 667 τοῦτο
1534 609 1909 689 διπρόσωπον,

262 702 407 759 ἀλλὰ
438 705 500 759 τὸ
530 702 659 758 ὅλον
692 700 926 777 πονηρόν
962 700 1095 757 ἐστι.
1129 701 1227 756 Καὶ
1258 697 1398 756 ἔστιν
1449 700 1734 778 ἅνθρωπος
1783 702 1913 779 ἀγα-

262 797 376 849 πῶν
406 791 499 848 τὸν
560 790 1020 868 πονηρευόμενον,
1055 789 1313 853 ὡσαύτως
1364 789 1505 846 ἐστὶν
1553 791 1604 846 ἐν
1656 791 1910 863 πονηρίᾳο

260 881 340 938 ὅτι
387 881 477 937 καὶ
534 880 817 936 ἀποθανεῖν
884 881 1114 956 αἱρεῖται
1163 878 1214 934 ἐν
1262 883 1415 952 κακῷ
1461 876 1531 935 δι’
1580 879 1760 938 αὐτόν.
1814 879 1916 938 Καὶ

258 970 378 1046 περὶ
407 969 609 1027 τούτου
638 968 893 1049 φανερὸν,
926 967 1010 1025 ὅτι
1040 966 1387 1044 διπρόσωπόν
1423 968 1553 1024 ἐστι’
1585 969 1649 1024 τὸ
1682 966 1741 1024 δὲ
1786 974 1915 1041 πᾶν,

261 1061 397 1130 κακή
448 1060 661 1136 πρᾶξις.
731 1058 830 1114 Καί
891 1079 953 1135 γε
1009 1057 1189 1134 ἀγάπη
1276 1058 1427 1132 οὖσα,
1488 1057 1724 1132 πονηρία
1780 1056 1913 1131 ἐστὶ,

260 1168 671 1227 συγκρυπτουσα
714 1148 777 1203 τὸ
820 1146 1003 1202 κακόψ
1038 1145 1220 1222 ὥσπερ
1269 1144 1381 1201 ἐστὶ
1426 1150 1509 1219 τῷ
1563 1144 1789 1221 ὀνόματι
1840 1146 1917 1210 ὡς

259 1239 437 1312 καλῷ,
468 1239 532 1294 τὸ
581 1235 638 1293 δὲ
682 1235 845 1300 τέλος
887 1243 986 1307 τῆς
1034 1235 1277 1313 πράξεως
1330 1231 1550 1312 ἔρχεται
1604 1235 1680 1299 εἰς
1728 1235 1916 1294 κακόν.

262 1326 471 1391 ’Δλλος
536 1324 781 1401 κλέπτει,
845 1323 1039 1396 ἀδικεῖ,
1110 1327 1358 1400 ἁρπάζει,
1421 1323 1756 1395 πλεονεκτεῖ,
1826 1324 1918 1381 καὶ

267 1416 409 1474 ἐλεεῖ
434 1414 565 1479 τοὺς
594 1414 877 1492 πτωχούς·
921 1412 1272 1492 διπρόσωπον
1311 1415 1405 1487 μὲν
1434 1413 1526 1470 καὶ
1555 1419 1737 1485 τοῦτο,
1768 1415 1832 1470 τὸ
1863 1412 1921 1470 δὲ

266 1506 394 1564 ὅλον
424 1505 663 1583 πονηρόν
698 1504 862 1562 ἐστιν.
894 1505 951 1559 '0
980 1503 1324 1560 πλεονεκτῶν
1354 1504 1446 1559 τὸν
1493 1501 1732 1575 πλησίον
1780 1524 1917 1581 παρ-

268 1592 466 1671 οργίζει
531 1596 622 1649 τὸν
679 1595 830 1665 Θεὸν,
888 1593 978 1648 καὶ
1041 1594 1132 1649 τὸν
1192 1596 1447 1667 Ὕψιστον
1502 1592 1769 1669 ἐπιορκεῖ,
1826 1591 1917 1648 καὶ

264 1684 353 1739 τὸν
385 1684 609 1759 πτωχὸν
643 1682 804 1739 ἐλεεῖ⁶
835 1682 927 1739 τὸν
962 1681 1183 1739 ἐντολὲα
1210 1687 1307 1738 τοῦ
1337 1676 1509 1756 νόμου
1548 1680 1749 1760 Κυρίου
1798 1683 1918 1739 ἀθε-

266 1777 349 1827 τεῖ
374 1772 464 1827 καὶ
492 1770 802 1849 παροξύνει,
832 1771 921 1827 καὶ
964 1772 1056 1828 τὸν
1106 1773 1312 1843 πένητα
1365 1771 1623 1827 ἀναπαύει
1816 1771 1917 1841 τήν

268 1862 450 1937 ψυχὴν
510 1860 723 1930 σπιλοῖ,
778 1860 870 1916 καὶ
925 1860 989 1916 τὸ
1065 1864 1224 1933 σῶμα
1280 1858 1609 1936 λαμπρύνει·
1668 1857 1919 1921 πολλοὺς

1954 1906 2001 1972 Β

2023 618 2132 675 hoc
2162 618 2457 692 duplicem
2491 620 2695 676 faciem
2720 621 2917 692 habet,
2938 622 3039 677 sed
3065 627 3248 677 totum
3274 623 3674 695 perniciosum

2023 713 2129 764 est.
2166 709 2235 764 Et
2267 712 2356 765 est
2400 709 2577 765 homo
2626 709 2876 781 diligens
2924 710 3369 783 malignantem,
3400 713 3677 769 similiter

2024 801 2113 854 est
2140 797 2199 855 in
2232 797 2493 867 malitia;
2529 798 2808 871 quoniam
2837 804 2895 855 et
2923 802 3070 855 mori
3106 800 3397 857 desiderat
3425 800 3484 856 in
3518 801 3672 858 malo

2025 889 2259 956 propter
2287 885 2505 958 ipsum.
2542 887 2610 941 Et
2641 885 2710 941 de
2742 890 2848 941 hoc
2877 886 3278 955 manifestum,
3307 889 3462 960 quod
3485 888 3676 961 dupli-

2025 972 2108 1028 cis
2157 972 2325 1029 faciei
2373 978 2501 1042 est;
2552 978 2741 1030 totum
2799 991 2954 1042 vero,
2990 974 3181 1031 malus
3240 981 3404 1033 actus
3455 981 3563 1034 est.
3605 978 3678 1034 Et

2025 1078 2192 1118 amor
2220 1061 2528 1132 exsisteos,
2562 1062 2789 1119 malitia
2833 1068 2941 1133 est,
2993 1064 3363 1121 abscondens
3409 1065 3674 1137 malum;

2026 1150 2181 1207 sicut
2209 1155 2299 1207 est
2327 1152 2564 1207 nomine
2596 1151 2766 1223 quasi
2798 1152 2971 1223 bono,
2992 1151 3125 1208 finis
3154 1170 3287 1209 vero
3319 1157 3486 1210 actus
3516 1154 3678 1211 venit

2026 1239 2087 1295 in
2119 1239 2364 1296 malum.
2397 1239 2562 1296 Alius
2595 1240 2842 1309 furatur,
2867 1240 3086 1312 injuste
3108 1241 3249 1313 agit,
3272 1242 3443 1315 rapit,
3469 1260 3680 1300 avarus

2027 1329 2275 1395 exsistit,
2301 1334 2357 1385 et
2388 1329 2697 1385 miseretur
2721 1346 3042 1402 pauperum
3072 1347 3086 1397 ;
3122 1330 3415 1402 duplicem
3438 1332 3677 1405 quidem

2028 1418 2233 1474 faciem
2264 1418 2440 1475 habet
2470 1422 2527 1475 et
2555 1418 2687 1485 hoc,
2719 1422 2908 1474 totum
2941 1436 3075 1475 vero
3122 1419 3512 1490 perniciosum
3562 1424 3673 1477 est.

2029 1507 2138 1573 Qui
2168 1506 2475 1563 defraudat
2506 1508 2861 1579 proximum,
2891 1508 2961 1563 ad
2994 1507 3360 1564 iracundiam
3404 1512 3679 1581 provocat

2028 1596 2235 1662 Deum,
2267 1599 2325 1652 et
2357 1612 2460 1668 per
2488 1595 2861 1651 Altissimum
2891 1594 3035 1651 falso
3060 1597 3301 1668 dejerat,
3326 1601 3382 1652 et
3403 1597 3678 1669 pauperis

2029 1684 2378 1752 miseretur;
2432 1689 2846 1757 praeceptorem
2898 1683 3011 1755 legi
3061 1684 3293 1740 Domini
3350 1686 3575 1757 spernit
3624 1689 3682 1742 et

2028 1774 2355 1844 exacerbat,
2389 1778 2446 1829 et
2478 1789 2791 1845 pauperem
2825 1774 3186 1839 requiescere
3216 1774 3390 1841 facit;
3419 1775 3679 1831 animam

2031 1863 2327 1935 inquinat,
2358 1867 2416 1918 et
2469 1878 2685 1934 corpus
2745 1860 3119 1934 splendidum
3179 1862 3405 1928 reddit;
3467 1863 3687 1921 multos

270 1949 496 2023 ἀναιρεῖ,
552 1948 643 2004 καὶ
716 1947 935 2025 ὀλίγους
995 1946 1156 2004 ἐλεεῖ·
1208 1948 1299 2004 καὶ
1356 1953 1518 2004 τοῦτο
1578 1944 1925 2025 διπρόσωπόν

2038 1951 2262 2018 occidit,
2299 1955 2357 2007 et
2404 1967 2727 2023 paucorum
2779 1951 3125 2019 miseretur;
3176 1956 3233 2007 et
3279 1951 3389 2007 hoc
3443 1954 3683 2023 quidem

272 2039 403 2095 ἐστι.
460 2035 675 2100 ’Ἄλλος
727 2036 997 2113 μοιχεύει,
1042 2036 1314 2113 πορνεύει,
1358 2037 1449 2093 καὶ
1500 2037 1761 2113 ἀπέχεται
1810 2034 1923 2092 ἐδε-

274 2130 509 2201 σμάτων·
559 2127 649 2181 καὶ
697 2126 972 2197 νηστεύων
1014 2130 1320 2199 κακοποιεῖ,
1362 2125 1455 2182 καὶ
1500 2130 1569 2200 τῇ
1620 2124 1920 2199 δυναστείᾳ,

271 2220 351 2289 τῷ
380 2215 607 2289 πλούτῳ
636 2218 774 2288 (78),
802 2212 1049 2278 πολλοὺς
1079 2214 1398 2292 παρασύρει,
1426 2214 1518 2270 καὶ
1544 2213 1604 2270 ἐκ
1629 2222 1730 2285 τῆς
1761 2215 1925 2292 ὑπερ-

277 2304 444 2380 όγκου
509 2304 696 2368 κακίας
760 2308 908 2359 ποιεῖ
970 2302 1211 2367 ἐντολάς.
1262 2302 1362 2360 Καὶ
1428 2308 1591 2360 τοῦτο
1652 2301 1925 2380 διπρόσω-

276 2393 375 2449 πόν
416 2392 548 2464 ἐστι,
577 2394 641 2450 τὸ
673 2390 732 2449 δὲ
760 2392 890 2450 ὅλον
920 2393 1083 2449 κακόν
1116 2393 1247 2451 ἐστι.
1278 2393 1341 2448 Ol
1370 2397 1613 2449 τοιοῦτοι
1642 2392 1781 2449 ὅσιοί
1810 2394 1928 2465 (79)

279 2482 381 2539 εἶσι
412 2479 706 2545 δασύποδες
735 2484 870 2555 (80),
904 2481 986 2537 ὅτι
1020 2482 1071 2556 ἐξ
1110 2481 1366 2555 ἡμισείας
1393 2481 1494 2537 εἶσὶ
1525 2480 1849 2558 καθαροὶ,τὸ
1869 2478 1926 2537 δὲ

280 2570 482 2644 ἀληθὲς
541 2570 832 2647 ἀκάθαρτοι
891 2570 1015 2629 εἷ’σι.
1046 2572 1149 2629 Καὶ
1205 2570 1310 2649 γὰρ
1368 2572 1497 2634 Θεὸς
1536 2570 1587 2626 ἐν
1614 2576 1734 2635 ταῖς
1763 2568 1927 2642 πλαξὶ

277 2665 383 2717 τῶν
417 2660 661 2737 ούρανῶν
695 2660 838 2716 εἶπεν
870 2659 1065 2723 οὕτως.

352 2752 423 2808 I".
458 2774 486 2803 (ι
532 2751 709 2823 Ὑμεῖς
757 2747 873 2818 οὖν,
920 2748 1081 2805 τέκνα
1129 2769 1255 2823 μου,
1293 2750 1369 2822 μή
1418 2747 1629 2826 γίνεσθε
1675 2749 1793 2805 κατ’
1829 2748 1930 2804 αύ-

276 2838 404 2902 τοὺς
461 2836 824 2915 διπρόσωποι,
876 2837 1212 2913 ἀγαθότητος
1264 2838 1356 2893 καὶ
1412 2837 1619 2902 κακίας·
1669 2837 1817 2895 ἀλλὰ
1858 2842 1928 2913 τῇ

280 2927 579 3003 ἀγαθότητι
612 2926 750 3003 μόνῃ
779 2926 1117 2997 κολλήθητε,
1139 2926 1223 2983 ὅτι
1254 2928 1283 2983 ὁ
1314 2928 1441 2990 Θεὸς
1478 2926 1805 2983 ἀναπαύεται
1851 2926 1931 2991 εἰς

282 3016 473 3088 αὐτὴν,
505 3017 594 3071 καὶ
625 3017 677 3071 οἱ
727 3017 999 3091 ἄνθρωποι
1044 3018 1301 3072 ποθοῦσιν
1360 3015 1549 3087 αὐτήν
1580 3017 1681 3085 τὴν
1731 3013 1789 3072 δὲ
1827 3037 1930 3072 κα-

282 3104 401 3160 κίαν
453 3103 787 3181 ἀποδράσατε
833 3107 965 3178 (81),
1016 3104 1361 3181 ἀναιροῦντες
1405 3104 1499 3161 τὸν
1567 3101 1824 3162 διάϐολον
1876 3104 1928 3162 ἐν

280 3199 398 3257 ταῖς
444 3194 670 3270 ἀγαθαῖς
723 3194 871 3268 δμῶν
916 3193 1195 3269 πράξεσινο
1231 3192 1314 3249 ὅτι
1364 3194 1417 3249 οἱ
1466 3191 1805 3271 διπρόσωποι
1866 3194 1929 3250 ού

2033 2040 2286 2113 duplicis
2318 2039 2482 2096 faciei
2516 2044 2625 2096 est.
2654 2038 2820 2095 Alius
2852 2038 3236 2107 adulteretur,
3259 2045 3316 2096 et
3338 2040 3678 2110 fornicatur,

2035 2134 2092 2185 et
2122 2129 2373 2185 abstinet
2403 2146 2437 2184 a
2466 2129 2612 2184 cibis
2636 2146 2649 2197 ;
2684 2133 2740 2184 et
2761 2130 3042 2201 jejunans
3064 2128 3376 2201 malefacit,
3400 2134 3457 2185 et
3478 2137 3682 2202 poten-

2033 2219 2117 2275 tia
2143 2223 2202 2275 et
2230 2218 2449 2274 divitiis
2498 2217 2717 2274 multos
2766 2216 2976 2274 misere
3021 2222 3207 2289 vexat,
3239 2223 3296 2274 et
3337 2234 3405 2274 ex
3451 2220 3681 2277 tumida

2036 2308 2263 2364 malitia
2292 2307 2429 2364 facit
2460 2308 2757 2363 mandata.
2791 2306 2858 2362 Et
2888 2306 2999 2363 hoc
3048 2307 3300 2375 duplicis
3352 2307 3517 2363 faciei
3565 2314 3679 2377 est,

2034 2401 2225 2453 totum
2256 2400 2451 2452 autem
2484 2395 2706 2451 malum
2740 2400 2848 2453 est.
2877 2396 3047 2452 Tales
3081 2401 3145 2452 ut
3173 2413 3309 2453 sues
3340 2400 3482 2453 sunt
3507 2402 3563 2453 et
3599 2396 3681 2454 le-

2037 2502 2232 2559 pores,
2265 2486 2404 2559 quia
2433 2502 2502 2542 ex
2531 2486 2844 2541 medietate
2895 2493 3036 2541 sunt
3088 2485 3315 2553 mundi,
3348 2502 3546 2542 revera
3576 2504 3685 2543 au-

2035 2579 2154 2630 tem
2186 2579 2325 2631 sunt
2352 2574 2668 2631 immundi.
2701 2573 2927 2629 Etenim
2958 2574 3110 2630 Deus
3142 2574 3203 2629 in
3248 2574 3466 2631 tabulis
3512 2574 3684 2633 cmlo-

2038 2680 2167 2719 rum
2205 2663 2349 2720 dixit
2379 2662 2481 2720 ita.

2108 2753 2204 2809 ΙΙΙ.
2245 2775 2265 2802 ι
2300 2752 2411 2809 Vos
2440 2752 2636 2825 igitur,
2670 2751 2775 2807 filii
2807 2750 2943 2822 mei,
2975 2768 3047 2808 ne
3093 2752 3430 2808 efﬁciamini
3474 2770 3683 2810 secun-

2039 2840 2179 2896 dum
2210 2841 2370 2914 ipsos
2400 2840 2694 2913 duplicem
2724 2840 3006 2897 habentes
3040 2840 3267 2912 faciem,
3320 2841 3593 2898 bonitatis
3626 2845 3684 2898 et

2040 2928 2307 2991 malitiae;
2342 2931 2444 2986 sed
2473 2929 2717 2986 bonitati
2750 2928 2859 2985 soli
2890 2929 3199 2998 adhaerete,
3229 2930 3504 3002 quoniam
3523 2931 3682 2988 Deus

2038 3018 2354 3090 requiescit
2383 3019 2442 3073 in
2490 3018 2641 3091 ipsa,
2675 3021 2733 3073 et
2788 3018 3056 3074 homines
3116 3018 3452 3074 desiderant
3506 3036 3678 3089 eam;

2041 3107 2326 3163 malitiam
2383 3110 2578 3163 autem
2638 3106 2840 3179 fugite,
2899 3107 3226 3163 occidentes
3273 3107 3570 3164 diabolum
3624 3109 3685 3164 in

2038 3196 2211 3252 bonis
2240 3196 2449 3253 vestris
2493 3196 2764 3263 actibus;
2799 3194 3077 3267 quoniam
3137 3194 3237 3267 qui
3295 3196 3547 3268 duplicis
3602 3197 3688 3252 fa-

284 3287 422 3356 Θεῷ,
474 3282 621 3339 ἀλλᾶ
658 3288 777 3346 ταῖς
843 3282 1155 3357 ἐπιθυμίαις
1204 3282 1380 3339 αὐτῶν
1427 3279 1799 3352 δουλεύουσιν,
1842 3280 1926 3338 ἵνα

2047 3285 2155 3342 ciei
2184 3289 2345 3351 sunt,
2376 3301 2491 3340 non
2546 3285 2678 3355 Deo,
2712 3283 2812 3339 sed
2862 3282 3348 3356 concupiscentiis
3390 3283 3515 3340 suis
3563 3300 3688 3340 ser-

284 3376 366 3443 τῷ
405 3370 604 3447 Βελιᾶρ
656 3372 909 3447 ἆρὲσωσι,
940 3371 1031 3427 καὶ
1073 3376 1192 3435 τοῖς
1241 3371 1455 3447 ὁμοίοις
1501 3371 1677 3428 αὐτῶν
1730 3373 1935 3448 ἀνθρώ-

291 3481 442 3522 ποις.

360 3549 434 3608 Δ’.
468 3572 497 3601 ‹‹
528 3549 591 3605 Οἱ
629 3549 735 3627 γὰρ
766 3548 953 3626 ἀγαθοῖ
1006 3551 1303 3628 ἄνθρωποι,
1344 3548 1435 3605 καὶ
1485 3549 1932 3626 μονοπρόσωποι,

284 3636 383 3694 κᾶν
439 3640 736 3711 νομισθῶσι
785 3640 932 3715 παρὰ
998 3644 1107 3694 τῶν
1168 3637 1531 3715 διπροσώπων
1590 3639 1932 3715 ἁμαρτάνειν,

286 3723 485 3782 δίκαιοί
544 3727 648 3782 εἶσι
703 3729 850 3805 παρὰ
894 3733 974 3801 τῷ
1029 3733 1164 3801 Θεῷ.
1198 3726 1411 3785 Πολλοὶ
1458 3728 1561 3806 γὰρ
1590 3728 1935 3804 ἀναιροῦντες

282 3814 581 3892 πονηροὺς,
613 3814 708 3871 δύο
764 3821 1011 3872 ποιοῦσιν
1069 3816 1219 3894 ἔργα,
1248 3816 1411 3873 κακὸν
1462 3815 1552 3873 διὰ
1595 3815 1769 3873 καλοῦ
1798 3820 1932 3893 (82),

282 3901 415 3961 ὅλον
450 3902 507 3960 δὲ
536 3905 646 3960 ἐστι
674 3904 863 3961 καλόν·
897 3906 979 3962 ὅτι
1005 3908 1069 3963 τὸ
1098 3907 1262 3962 κακὸν
1304 3906 1602 3983 ἐκριζώσας
1632 3905 1931 3965 ἀπώλεσεν.

280 3994 433 4049 Ἔστι
477 4014 561 4056 τις
611 3999 782 4068 μισῶν
831 3995 923 4051 τὸν
971 3994 1268 4069 ἐλεήμονα,
1302 3995 1394 4052 καὶ
1440 3992 1640 4051 ἀδικῶν
1689 3998 1804 4070 (83)
1844 3998 1937 4052 τὸν

287 4083 485 4159 μοιχὸν
513 4083 603 4139 καὶ
635 4082 964 4159 λῃστεύοντα
994 4087 1127 4159 (84)’
1176 4085 1265 4140 καὶ
1312 4083 1440 4140 αύτό
1489 4084 1599 4139 ἐστι
1660 4082 1933 4161 διπρόσω-

286 4192 409 4226 πον·
443 4170 590 4228 ἀλλᾶ
638 4173 701 4228 τὸ
750 4178 853 4228 πᾶν
900 4169 1053 4251 ἔργον
1103 4172 1299 4251 ἀγαθόν
1346 4173 1508 4243 ἐστιν,
1542 4173 1625 4229 ὅτι
1688 4179 1932 4246 μιμεῖται

282 4259 505 4337 Κύριον,
541 4262 617 4335 μὴ
650 4260 1094 4339 προσδεχόμενος
1119 4262 1183 4319 τὸ
1215 4260 1409 4319 δοκοῦν
1437 4260 1606 4318 καλὸν
1660 4262 1793 4336 μετὰ
1836 4265 1934 4318 τοῦ

279 4343 545 4417 ἀληθινοῦ
601 4353 788 4403 κακοῦ.
841 4352 1063 4426 ’Έτερος
1121 4348 1182 4406 ού
1242 4347 1387 4405 θέλει
1440 4349 1645 4425 ἀγαθὴν
1723 4350 1932 4426 ἡμέραν

281 4432 414 4490 ἴδεῖν
469 4436 603 4509 μετὰ
648 4435 895 4511 ἀσώτων,
921 4435 1014 4494 ’ίνα
1067 4440 1142 4513 μὴ
1176 4440 1353 4515 χράνῃ
1381 4438 1444 4494 τὸ
1475 4437 1650 4510 στόμα
1681 4440 1815 4511 (85),
1844 4436 1934 4493 καὶ

284 4521 497 4598 μολύνῃ
524 4525 625 4595 τήν
674 4528 884 4603 ψυχήν·
914 4527 1005 4584 καί
1052 4548 1118 4603 γε
1160 4531 1323 4583 τοῦτο
1371 4523 1719 4601 διπρόσωπόν
1768 4525 1932 4598 ἐστιν,

2044 3374 2232 3444 viunt,
2262 3377 2330 3430 ut
2359 3372 2547 3430 Beliar
2570 3372 2858 3445 placeant,
2889 3374 2947 3428 et
2991 3371 3288 3429 similibus
3329 3371 3443 3429 sibi
3494 3372 3687 3429 homi-

2044 3462 2241 3521 nibus.

2114 3556 2213 3608 IX.
2247 3574 2276 3603 «
2310 3550 2452 3607 Boni
2500 3550 2655 3606 enim
2701 3549 2830 3618 viri,
2882 3552 2938 3604 et
2977 3548 3075 3621 qui
3110 3553 3247 3606 sunt
3289 3549 3466 3606 unius
3493 3549 3687 3620 faciei,

2040 3641 2152 3698 etsi
2183 3640 2589 3697 existimentur
2618 3640 2691 3694 ab
2734 3638 2819 3694 eis
2866 3637 2967 3710 qui
3016 3637 3267 3710 duplicis
3318 3638 3483 3695 faciei
3525 3643 3688 3707 sunt,

2043 3745 2301 3802 peccare,
2326 3727 2475 3797 justi
2508 3731 2648 3784 sunt
2696 3727 2851 3798 apud
2901 3730 3104 3782 Deum.
3140 3726 3302 3782 Multi
3333 3726 3490 3783 enim
3535 3727 3688 3783 occi-

2042 3819 2245 3875 dentes
2276 3816 2656 3889 perniciosos,
2682 3815 2798 3871 duo
2830 3814 3055 3870 faciunt
3084 3831 3280 3887 Opera,
3307 3814 3529 3871 malum
3562 3831 3692 3887 pro-

2042 3911 2170 3980 pter
2198 3908 2440 3972 bonum,
2469 3907 2658 3960 totum
2687 3920 2823 3959 vero
2854 3908 2944 3960 est
2974 3903 3192 3959 bonum
3220 3922 3233 3973 ;
3268 3904 3545 3977 quoniam
3587 3904 3688 3976 qui

2043 3995 2264 4052 malum
2305 3993 2641 4062 eradicavit,
2664 3992 2918 4065 perdidit
2966 3991 3136 4048 illud.
3170 3994 3272 4049 Est
3315 3993 3533 4067 aliquis
3585 3992 3688 4066 qui

2043 4086 2165 4140 odit
2196 4082 2656 4147 misericordem.
2690 4085 2747 4138 et
2774 4082 2991 4153 injuria
3020 4082 3203 4139 afficit
3250 4083 3583 4140 adulterum
3631 4084 3693 4139 et

2041 4175 2371 4241 latronem;
2403 4178 2459 4228 et
2485 4173 2592 4228 hoc
2635 4176 2725 4228 est
2774 4170 3025 4243 duplicis
3078 4171 3283 4241 faciei;
3335 4174 3437 4229 sed
3495 4176 3687 4229 totum

2044 4281 2190 4336 opus
2222 4264 2442 4319 bonum
2475 4264 2585 4331 est,
2617 4261 2758 4333 quia
2787 4261 3052 4318 imitatur
3080 4262 3418 4333 Dominum,
3444 4278 3561 4319 non
3588 4278 3688 4318 ac-

2045 4353 2266 4425 cipiens
2297 4352 2449 4423 quod
2477 4350 2707 4407 videtur
2747 4350 2967 4406 bonum
3016 4368 3149 4407 cum
3202 4367 3336 4407 vero
3390 4351 3567 4407 malo.
3592 4347 3693 4407 Al-

2044 4447 2133 4499 ter
2163 4459 2277 4497 non
2312 4439 2431 4495 vult
2460 4439 2616 4495 diem
2656 4439 2874 4495 bonum
2922 4439 3116 4496 videre
3165 4456 3299 4495 cum
3348 4438 3690 4504 luxuriosis,

2047 4535 2111 4587 ut
2141 4547 2257 4585 non
2308 4527 2563 4585 maculet
2610 4543 2697 4594 os,
2747 4531 2805 4583 et
2852 4526 3121 4599 inquinet
3151 4528 3452 4596 animam;
3497 4530 3554 4583 et
3580 4526 3693 4582 hoc

278 4609 409 4668 ὅλον
443 4609 502 4703 δὲ
529 4612 696 4703 καλόν
731 4614 895 4686 ἐστιν,
932 4616 1017 4672 ὅτι
1048 4616 1100 4671 οἱ
1130 4619 1372 4671 τοιοῦτοι
1399 4611 1624 4703 Δδόρκοις
1664 4614 1754 4670 καὶ
1807 4613 1926 4703 ἐλᾴ-

2044 4619 2295 4693 duplicis
2322 4616 2483 4675 faciei
2529 4620 2637 4686 est,
2670 4618 2859 4672 totum
2902 4620 3098 4671 autem
3149 4618 3369 4673 bonum
3400 4619 3510 4686 est,
3546 4630 3691 4686 quo-

277 4722 401 4779 φοις
445 4700 632 4775 ὅμοιοί
688 4702 844 4776 εἰσιν,
885 4702 970 4760 ὅτι
1008 4703 1061 4759 ἐν
1116 4704 1230 4774 ἤθει
1282 4700 1457 4779 ἀγρίῳ
1508 4700 1756 4759 δοκοῦσιν
1810 4702 1934 4758 ἀκά-

280 4792 467 4867 θαρτοι
521 4791 677 4846 εἶναι’
708 4794 772 4848 τὸ
820 4791 879 4849 δὲ
925 4800 1029 4848 πᾶν
1076 4791 1302 4870 καθαροί
1349 4789 1506 4865 εἶσιν,
1546 4792 1629 4847 ὅτι
1670 4791 1722 4847 ἐν
1775 4791 1933 4867 ζήλῳ

277 5008 319 5059 G
349 4932 465 5004 (76)
496 4933 677 4988 Ἔστιν
706 4931 1084 5011 ἄνθρωπος....
1114 4932 1396 4991 ἀναπαύει.
1430 4932 1641 4993 Omnia
1688 4935 1929 4993 omissa.

326 5021 458 5059 me.

326 5021 458 5060 ΕΑΒ.

347 5076 466 5145 (77)
492 5073 593 5128 Τὸν
624 5074 934 5134 ὲντολὲα....
965 5075 1243 5133 ἀναπαύει.
1279 5081 1499 5134 Desunt
1528 5078 1612 5134 ID.

614 5145 862 5221 πλούτῳ.
893 5153 997 5204 Τοῦ
1028 5146 1293 5221 πλούτου.
1332 5149 1414 5221 Il).

374 5218 467 5295 ‘19)
497 5219 694 5295 "Omen.
725 5218 1018 5295 interpres
1050 5222 1190 5295 legit
1218 5220 1295 5282 ὼς
1325 5218 1465 5280 σύες.
1493 5220 1575 5276 In.

378 5288 470 5357 80)
504 5288 828 5353 Δασύποδες.
859 5288 1020 5349 Hanc
1065 5288 1265 5350 vocem
1314 5296 1517 5347 auctor
1553 5308 1588 5347 a
1638 5291 1793 5348 LXX.
1842 5293 1932 5348 In-

283 5362 664 5447 terpretibus_
689 5369 993 5421 mutuatus
1040 5365 1281 5447 esthqui
1328 5379 1456 5419 eam
1491 5362 1664 5447 Levit.
1696 5380 1774 5447 xi,
1806 5365 1841 5418 6
1878 5367 1935 5421 et

282 5430 453 5509 Deut.
485 5450 598 5509 xiv,
628 5435 683 5502 7,
721 5442 1081 5509 usurparunt
1104 5430 1252 5509 ;ilglic
1284 5450 1385 5509 pro
1413 5435 1688 5509 cuniculo,
1713 5434 1808 5490 hic
1829 5452 1933 5506 pro

287 5453 453 5488 ueut.
485 5453 598 5501 XIV,
639 5453 683 5502 ι,
721 5453 1081 5509 usurparunt
1104 5453 1252 5503 nunc
1325 5453 1385 5490 ro
1413 5453 1688 5504 cunwuw,
1714 5453 1808 5490 mc
1829 5453 1931 5506 pro

287 5502 830 5578 lepore.Utrumque
860 5513 1054 5564 autem
1088 5453 1616 5578 animafmundum
1648 5521 1717 5560 ex
1747 5512 1931 5578 parte,

280 5591 350 5652 ex
382 5581 541 5646 parte
561 5576 936 5635 immundum
960 5581 1112 5652 apud
1134 5579 1368 5652 Judaeos
1390 5576 1936 5652 habebaturﬂnun-

281 5647 425 5702 dum
459 5652 749 5720 quatenus
778 5646 1115 5708 ruminabat
1144 5649 1405 5720 quidem,
1424 5648 1529 5720 sed
1558 5646 1934 5707 immundum

282 5717 574 5792 quatenus
603 5720 887 5795 ungulam
909 5739 1026 5781 non
1047 5717 1337 5780 ﬁndebat:
1353 5717 1440 5777 uti
1455 5722 1682 5789 contra,
1698 5736 1802 5778 sus
1824 5737 1935 5777 un-

2042 4709 2201 4765 niam
2224 4707 2369 4764 tales
2390 4704 2676 4778 capreolis
2696 4709 2753 4761 et
2775 4704 2957 4760 cervis
2977 4703 3197 4762 similes
3221 4709 3390 4771 sunt;
3411 4704 3691 4776 quoniam

2041 4799 2099 4853 in
2132 4796 2554 4853 consuetudine
2585 4792 2799 4866 agresti
2831 4792 3099 4849 videntur
3127 4794 3419 4850 immundi
3449 4809 3599 4862 esse,
3623 4807 3693 4849 ex

2041 4937 2241 5023 gulam
2271 4935 2509 5023 quidem
2539 4934 2854 5023 sed.
2877 4951 2994 4990 non
3026 4936 3381 5023 ruminat,et
3406 4937 3533 5008 ipsa
3562 4949 3695 5023 pro-

2040 5005 2177 5066 inde
2207 5005 2533 5063 immunda.
2550 5005 2793 5061 Talibus
2816 5006 3016 5079 itaque
3047 5005 3455 5079 animantibus
3479 5005 3689 5079 merito

2044 5082 2117 5138 ab
2144 5085 2377 5135 auctore
2408 5082 2601 5134 ncstro
2630 5073 3048 5149 comparantur
3075 5080 3343 5136 homines
3364 5077 3414 5147 ἐξ
3434 5073 3690 5149 ἡμισείας

2040 5149 2286 5228 καθαροί,
2319 5150 2379 5228 id
2408 5154 2516 5228 est,
2547 5147 2809 5228 exparte
2840 5150 2996 5228 boni,
3029 5156 3087 5228 et
3116 5168 3184 5228 ex
3214 5155 3376 5224 parte
3425 5147 3590 5228 mali,
3624 5147 3685 5228 in

2043 5219 2535 5297 quib'us’mistura
2562 5219 2663 5277 οδε
2678 5220 2961 5277 virtutum
2988 5226 3046 5278 et
3080 5219 3377 5289 vitiorum,
3411 5220 3495 5276 uti
3525 5219 3691 5274 Taci-

2043 5292 2140 5353 t'us
2169 5292 2451 5353 loquitur.

2135 5313 2140 5348 ι
2170 5310 2451 5365 loquitur.

2135 5368 2228 5434 81)
2254 5358 2938 5437 Ἀπῷρᾴσῃατεκῷεύγετεη
2962 5363 3143 5437 ϐῃᾼΒ.

2138 5428 2231 5492 82⁷)
2262 5428 2442 5488 Κακὸν’
2463 5430 2551 5487 διὰ
2578 5428 2770 5487 καλοῦ.
2804 5428 2979 5488 Καλὸν
3015 5431 3103 5488 διὰ
3132 5437 3319 5489 κακοῦ.
3361 5434 3441 5490 ID.

2262 5502 2511 5559 Ἀδικῶν.
2543 5498 2789 5558 ’¹Αδικον.
2834 5510 2915 5560 ID.

2260 5574 2613 5649 qunedovm,
2648 5579 2689 5626 Ν
2695 5573 3007 5649 ηστεύοντα,
3036 5578 3118 5633 ID.

2262 5646 2469 5721 Στόμα.
2503 5647 2728 5717 Στῶμα.
2759 5646 2843 5702 ID.

2139 5508 2207 5563 83

2137 5581 2207 5634 84

2137 5652 2209 5706 85

2114 5368 2134 5725 ἓ
