4016 6222
230 282 363 341 H29

1425 280 2024 348 TESTAMENTUM
2068 280 2382 347 JOSEPH.

3448 288 3603 351 H30

228 396 401 484 Κυρίου¹
443 433 538 466 σου
586 411 966 489 πορευόμενοι.
1002 438 1030 467 ››
1062 414 1220 489 Λέγω
1251 416 1363 489 (24)
1394 412 1451 469 δὲ
1480 416 1617 492 πρὸς
1650 415 1839 487 αύτήν·

1961 417 2057 472 Dei
2089 417 2174 473 tui
2205 418 2659 475 ambulabimus.
2688 444 2713 471 ‹‹
2738 418 2838 475 His
2863 437 2995 493 ergo
3022 420 3291 491 respondi
3318 439 3329 477 :
3365 441 3384 469 π
3407 423 3467 476 In
3497 421 3604 477 im-

226 524 253 553 ‹‹
292 500 390 558 Ούκ
442 500 493 556 ἐν
549 502 841 578 ἀκαθαρσίᾳ
895 501 1043 577 λέγει
1100 506 1211 576 (22)
1269 503 1468 581 Κύριος
1523 500 1848 578 σεϐομένους

223 588 515 657 αὖτὸνρύδέ
546 590 597 646 έν
628 597 743 654 τοῖς
770 591 1119 667 μοιχεύουσιν
1148 590 1413 651 εὐδοκεῖ.»
1436 593 1663 665 Κάκείνη
1697 594 1850 649 ἐσιώ-

224 699 348 747 πησε
400 682 511 752 (23)
570 682 813 734 ποθοῦσα
886 679 1157 735 ἐκτελέσαι
1234 683 1348 756 (24)
1404 683 1504 751 τήν
1563 681 1850 755 ἐπιθυμίαν

224 767 390 836 αὐτῆς.
448 769 608 842 Κάγὼ
656 768 1007 843 προσετίθουν
1068 769 1315 839 νηστείαν
1375 771 1462 824 καὶ
1511 772 1847 847 προσευχὴν,

225 856 355 917 ὅπως
384 855 610 933 ῥύσηταί
645 879 711 930 με
742 859 769 911 6
804 857 997 932 Κύριος
1028 859 1119 912 ἀπ’
1147 858 1338 928 αὐτῆς.

289 951 349 1000 E'.
382 970 407 997 ιι
445 945 614 1001 Πάλιν
648 943 706 1000 δὶ
739 946 788 1001 ἐν
822 946 989 1023 ἑτέρῳ
1020 946 1208 1023 χρόνῳ
1240 946 1389 1022 λέγει
1423 967 1538 1020 μοι’
1569 973 1595 1000 ‹‹
1630 948 1694 1003 Ei
1726 969 1849 1021 μοι·

222 1038 394 1109 χεῦσαι
445 1034 511 1088 ού
564 1032 776 1104 θέλεις,
828 1034 937 1109 ἐγὼ
986 1036 1188 1109 ἀναιρῶ
1235 1036 1325 1090 τὸν
1373 1035 1703 1111 Αίγύπτιον,
1759 1035 1849 1090 καὶ

223 1121 377 1186 οὕτως
404 1122 559 1195 νόμῳ
588 1125 702 1196 (25)
734 1121 985 1197 λήψομαί
1033 1145 1092 1178 σε
1139 1124 1215 1187 εἷς
1265 1122 1449 1199 ἄνδρα.
1486 1146 1513 1176 )›
1550 1126 1687 1202 Ἐγὼ
1736 1122 1846 1194 οὖν,

222 1211 289 1273 ὡς
316 1209 516 1280 ἤκουσα
544 1209 726 1279 τοῦτο,
762 1209 1017 1288 διερῥηξα
1046 1215 1143 1282 τὴν
1169 1211 1372 1283 στολήν
1407 1235 1533 1287 μου,
1563 1215 1651 1268 καὶ
1674 1214 1846 1269 εἶπον

224 1301 442 1371 «Γύναι,
478 1299 749 1371 αἷὸέσθητι
795 1302 886 1355 τὸν
937 1302 1157 1378 Κύριον,
1199 1302 1288 1357 καὶ
1339 1304 1414 1374 μὴ
1466 1305 1700 1376 ποιήσῃς
1747 1303 1845 1371 τὴν

221 1390 391 1463 πρᾶξιν
436 1388 634 1458 ταύτην
692 1390 791 1458 τήν
851 1392 1112 1467 πονηρὰν,
1167 1389 1260 1445 ’ίνα
1312 1392 1387 1463 μὴ
1436 1390 1844 1467 ἐξολοθρευθῇς·

221 1476 297 1531 ὅτι
337 1477 419 1531 καί
466 1498 530 1551 γε
578 1477 686 1551 ἐγὼ
740 1477 1011 1553 ἐξαγγελῶ
1058 1480 1156 1548 τὴν
1188 1479 1424 1534 ἐπίνοιαν
1473 1487 1573 1548 τῆς
1606 1474 1846 1543 ἀσεϐείας

221 1587 307 1620 σου
335 1573 477 1621 πᾶσι.
514 1591 541 1618 ››
573 1562 880 1635 Φοϐτ,θεῖσα
929 1566 1019 1622 οὖν
1070 1568 1269 1639 ἐκείνη,
1303 1568 1479 1640 ἠξίου,
1519 1566 1611 1622 τίνα
1654 1566 1845 1641 μηδενῖ

219 1654 508 1729 ἀναγγείλω
556 1657 654 1724 τὴν
707 1657 891 1710 κακίαν
943 1657 1132 1725 αὐτῆς·
1188 1658 1275 1710 καὶ
1321 1657 1667 1732 ἀνεχώρησε,
1720 1655 1844 1720 Θέλ-

218 1745 379 1798 πουσά
407 1748 520 1816 (26)
553 1766 619 1816 με
659 1742 880 1821 δώροις,
926 1746 1015 1799 καὶ
1064 1744 1352 1817 πέμπουσα
1400 1752 1569 1800 πᾶσαν
1604 1745 1845 1801 ἀπόλαυ·
1875 1791 1922 1855 Β

234 1854 241 1855 ,
352 1834 402 1855 ε..
487 1833 499 1853 ν
538 1836 589 1855 η.
628 1834 638 1852 ν

217 1854 292 1888 σιν
322 1834 443 1887 υἱῶν
476 1833 768 1909 ἀνθρώπων
781 1878 792 1890 .

284 1930 341 1985 ς’.
372 1948 397 1974 ‹‹
429 1922 527 1976 Καὶ
560 1920 883 1977 ἀποστέλλει
920 1944 1012 1995 μοι
1049 1923 1246 1998 βρῶμα
1284 1922 1334 1978 ἐν
1384 1922 1606 1999 γοητείᾳ
1635 1943 1843 2001 πεφυρ-

219 2011 395 2083 μένον.
444 2011 543 2066 Καὶ
588 2012 662 2073 ὡς
711 2009 877 2081 ἦλθεν
931 2012 958 2065 6
1008 2012 1269 2087 εὐνοῦχος
1318 2013 1345 2067 6
1393 2011 1636 2084 κομίζων
1689 2012 1841 2086 αὐτὸ,

212 2095 479 2174 ἐνέϐλεψα,
528 2100 617 2155 καὶ
667 2098 808 2155 εἶδον
859 2095 1087 2177 φοϐερὸν
1139 2098 1335 2176 ἄνδρα,
1388 2098 1698 2156 ἐπιδιδόντα
1749 2122 1841 2174 μοι

216 2190 341 2263 μετὰ
385 2194 481 2244 τοῦ
526 2184 792 2265 τρυϐλίου
847 2190 1136 2266 μάχαιραν.
1180 2190 1282 2246 Καὶ
1328 2197 1554 2261 συνῆκα,
1615 2189 1699 2246 ὅτι
1746 2211 1841 2245 πε-

212 2277 406 2355 ριεργία
434 2278 567 2347 αὕτη
606 2277 679 2340 εἷς
713 2275 1094 2347 ἀποπλάνησιν
1141 2281 1325 2353 ψυχῆς
1356 2278 1487 2336 ἐστι.
1520 2278 1639 2348 Καὶ,
1693 2278 1840 2352 ἐξελα

211 2367 387 2431 θόντος
444 2366 626 2435 αὐτοῦ,
687 2364 927 2436 ἔκλαιον,
990 2368 1129 2439 μήτε
1186 2366 1410 2435 ἐκείνου,
1475 2369 1611 2441 μήτε
1667 2366 1841 2423 ἄλλου

208 2456 528 2532 γευσάμενος
577 2452 882 2527 ἐδεσμάτων
934 2454 1099 2525 αὐτῆς
1133 2500 1145 2513 .
1197 2457 1344 2511 Μετά
1402 2453 1458 2510 δὲ
1518 2456 1639 2529 μίαν
1698 2456 1843 2530 ἡμέ-

209 2566 299 2623 ραν
332 2545 556 2600 ἐλθοῦσα
604 2545 739 2621 πρὸς
794 2545 880 2617 με,
934 2543 1138 2620 ἐπέγνω
1184 2542 1246 2599 τό
1301 2546 1517 2621 βρῶμα,
1548 2545 1638 2599 καὶ
1692 2544 1840 2621 λέγει

205 2635 336 2710 πρός
371 2656 454 2709 με.
490 2658 517 2685 ‹‹
549 2635 608 2689 Τί
657 2639 842 2706 τοῦτο,
889 2632 971 2688 ὅτι
1020 2632 1119 2687 οὐκ
1162 2629 1353 2711 ἔφαγες
1402 2634 1508 2689 ἀπὸ
1555 2640 1651 2690 τοῦ
1696 2635 1840 2711 βρώ-

209 2746 371 2798 ματος
403 2744 417 2793 ;
449 2748 478 2777 ››
512 2724 611 2778 Καὶ
662 2724 808 2778 εἷπον
854 2723 990 2796 πρὸς
1038 2722 1228 2792 αὐτήν.
1285 2747 1313 2775 ‹‹
1362 2725 1479 2779 ’Ὁτι
1516 2721 1839 2797 ἐπλήρωσας

205 2814 331 2870 αὐτὸ
387 2813 613 2868 θανάτου
653 2856 665 2868 .
726 2811 823 2866 Καὶ
883 2816 999 2873 πῶς
1078 2811 1230 2873 εἶπας
1266 2856 1278 2876 ,
1341 2810 1422 2866 ὅτι
1496 2812 1593 2866 ούκ
1649 2811 1841 2889 ἐγγίζω

201 2908 314 2964 τοῖς
360 2899 651 2974 εἰδώλοις,
708 2899 854 2957 ἀλλὰ
918 2900 1098 2976 Κυρίῳ
1171 2899 1322 2973 μόνῳ
1393 2903 1505 2973 (27)
1540 2919 1553 2969 ;
1588 2904 1691 2954 Νὖν
1753 2898 1843 2954 οὖν

201 2993 409 3068 γνῶθι,
463 2990 545 3045 ὅτι
604 2991 632 3045 6
691 2991 821 3051 Θεὸς
877 2994 974 3044 τοῦ
1029 2989 1230 3065 πατρός
1311 3011 1414 3062 μου
1482 2986 1551 3043 δι’
1608 2988 1841 3065 ἀγγέλου

200 3079 509 3153 ἀπεκάλυψέ
560 3100 652 3154 μοι
703 3080 802 3148 τήν
853 3078 1038 3133 κακίαν
1087 3100 1221 3147 σου,
1270 3077 1359 3133 καὶ
1418 3077 1657 3153 ἐτήρησα
1712 3077 1841 3132 αὐτὸ

1959 506 2231 562 mundita
2260 524 2375 562 non
2405 507 2530 562 vult
2559 508 2844 563 Dominus
2875 524 3003 565 esse
3022 513 3361 565 venerantes
3382 508 3602 582 ipsum,

1961 611 2150 667 neque
2180 595 2239 649 in
2273 595 2742 652 adulterantibus
2771 596 2921 653 bene
2952 597 3229 668 placitum
3264 602 3353 654 est
3380 599 3453 654 ei.
3480 621 3507 648 ››
3539 599 3606 655 Et

1960 682 2061 737 illa
2117 681 2300 754 siluit,
2370 684 2711 740 desiderans
2784 684 3014 757 explere
3070 687 3605 759 concupiscentiam

1960 788 2150 827 suam.
2184 773 2253 828 Et
2281 789 2387 844 ego
2418 773 2616 828 addidi
2640 774 2935 845 jejunium
2976 779 3032 831 et
3063 775 3404 846 orationem,
3439 780 3506 832 ut
3534 776 3603 833 li-

1958 860 2188 917 beraret
2216 878 2309 917 me
2340 861 2623 918 Dominus
2654 863 2725 918 ab
2760 862 2905 935 ipsa.

2028 950 2099 1006 V.
2136 970 2162 1002 α
2190 951 2410 1006 Rursus
2438 967 2572 1008 vero
2621 950 2736 1007 alio
2788 957 3049 1025 tempore
3098 954 3240 1009 dicit
3271 954 3452 1011 mihi:
3488 979 3516 1007 ‹‹
3543 954 3601 1012 Si

1959 1039 2286 1095 adulterare
2344 1057 2459 1095 non
2513 1040 2623 1111 vis,
2677 1057 2781 1113 ego
2838 1042 3098 1098 occidam
3154 1044 3486 1116 Egyptum,
3547 1048 3604 1102 et

1958 1127 2041 1182 ita
2070 1127 2195 1200 lege
2243 1129 2530 1201 accipiam
2592 1133 2646 1185 te
2702 1130 2761 1184 in
2816 1130 3088 1185 virum.»
3140 1132 3255 1204 Ego
3304 1132 3503 1205 igitur,
3538 1138 3603 1190 ut

1959 1215 2154 1271 audivi
2186 1216 2313 1288 hoc,
2348 1217 2494 1272 scidi
2526 1216 2736 1273 stolam
2771 1234 2982 1287 meam,
3016 1223 3072 1274 et
3102 1220 3365 1276 dicebam
3393 1238 3406 1276 :
3431 1243 3460 1271 «
3481 1222 3603 1279 Mu-

1958 1302 2086 1372 lier,
2114 1320 2372 1361 reverere
2424 1306 2629 1377 Deum,
2682 1310 2739 1361 et
2789 1322 2860 1362 ne
2908 1306 3086 1363 facies
3128 1307 3280 1364 hanc
3309 1309 3600 1381 pernicio-

1960 1409 2087 1447 sam
2119 1410 2262 1465 rem,
2315 1398 2380 1449 ut
2424 1412 2539 1450 non
2582 1395 2919 1467 dispereas;
2961 1396 3238 1467 quoniam
3282 1401 3337 1453 et
3369 1414 3474 1470 ego
3505 1416 3604 1454 an-

1960 1482 2244 1537 nuntiabo
2274 1482 2681 1554 cogitationem
2732 1482 3055 1555 impietatis
3099 1488 3213 1539 tua
3245 1486 3537 1541 omnibus.
3575 1508 3603 1536 »

1958 1570 2197 1625 Timens
2228 1570 2407 1641 igitur
2434 1570 2557 1637 illa,
2592 1572 2852 1644 rogabat,
2900 1577 2965 1626 ut
3013 1571 3160 1627 nulli
3192 1573 3600 1629 annuntiarem

1958 1659 2241 1713 malitiam
2276 1660 2442 1729 ejus;
2494 1664 2550 1714 et
2592 1660 2853 1727 recessit,
2906 1665 3142 1718 tentans
3190 1679 3281 1717 me
3325 1662 3516 1728 donis,
3548 1666 3606 1719 et

1958 1748 2198 1802 mittens
2228 1747 2371 1803 mihi
2401 1749 2619 1819 omnia,
2653 1765 2780 1820 quae
2826 1754 2965 1805 sunt
3010 1750 3070 1805 in
3121 1768 3295 1806 usum
3347 1751 3602 1807 filiorum

1955 1834 2285 1891 hominum.

2025 1924 2114 1979 VI.
2149 1947 2177 1975 «
2208 1925 2278 1980 Et
2307 1924 2469 1981 misit
2496 1926 2638 1981 mihi
2693 1926 2887 1982 cibum
2931 1926 3325 1983 incantatione
3356 1928 3600 1983 commi-

1953 2016 2132 2068 stum.
2168 2014 2236 2069 Et
2266 2017 2333 2069 ut
2376 2014 2532 2069 venit
2551 2015 2856 2071 eunuchus
2901 2016 3093 2071 ferens
3125 2014 3315 2083 illum,
3350 2016 3597 2089 respexi,

1953 2105 2010 2157 et
2054 2102 2170 2157 vidi
2228 2103 2420 2159 virum
2472 2103 2813 2171 terribilem,
2872 2106 3202 2160 tradentem
3261 2103 3407 2159 mihi
3464 2122 3599 2161 cum

1953 2190 2113 2246 disco
2145 2191 2429 2264 gladium.
2479 2192 2546 2247 Et
2595 2191 2869 2260 intellexi,
2918 2193 3070 2265 quod
3102 2192 3224 2249 haec
3250 2193 3480 2249 curiosa
3510 2210 3599 2249 se-

1953 2279 2171 2336 dulitas
2203 2281 2263 2335 in
2295 2280 2695 2336 seductionem
2718 2286 2873 2337 esset
2898 2283 3107 2337 anima:
3130 2298 3292 2337 meae.
3323 2282 3392 2337 Et
3413 2298 3603 2355 egres-

1953 2386 2016 2424 so
2047 2385 2134 2436 eo,
2167 2369 2399 2437 ﬂebam,
2424 2385 2614 2441 neque
2636 2368 2825 2439 illum,
2854 2386 3043 2442 neque
3064 2370 3311 2426 aliorum
3334 2370 3599 2427 ciborum

1951 2457 2140 2529 ipsius
2172 2457 2482 2529 (mulieris)
2532 2462 2796 2529 gustans.
2852 2458 2986 2513 Post
3017 2475 3199 2513 unum
3236 2458 3416 2530 igitur
3444 2459 3598 2515 diem

1954 2546 2083 2618 ipsa
2112 2546 2349 2601 veniens
2380 2547 2450 2602 ad
2486 2563 2599 2615 me,
2631 2546 2900 2618 cognovit
2927 2547 3145 2617 cibum,
3170 2551 3227 2603 et
3252 2546 3398 2601 dixit
3419 2546 3597 2605 mihi:

1953 2657 1981 2685 «
2016 2635 2163 2697 Quid
2196 2634 2304 2690 hoc
2334 2639 2441 2701 est,
2472 2635 2624 2706 quod
2660 2652 2772 2690 non
2819 2635 3122 2691 comedisti
3156 2636 3226 2691 de
3255 2635 3432 2691 cibo?
3472 2658 3499 2685 »
3533 2636 3601 2692 Et

1951 2724 2215 2779 dicebam
2248 2724 2297 2779 ei
2326 2740 2338 2779 :
2394 2746 2421 2774 «
2456 2723 2740 2789 Quoniam
2792 2723 3048 2795 implesti
3096 2722 3261 2779 illum
3293 2728 3499 2780 morte.
3531 2724 3601 2781 Et

1952 2813 2246 2885 quomodo
2303 2812 2521 2879 dixisti,
2583 2813 2735 2884 quod
2797 2829 2913 2868 non
2963 2812 3365 2885 appropinquo
3404 2812 3596 2883 idolis,

1952 2903 2053 2958 sed
2085 2902 2329 2958 Domino
2360 2901 2466 2957 soli
2493 2902 2521 2956 ‘?
2550 2902 2714 2957 Nunc
2741 2901 2920 2975 igitur
2940 2917 3245 2974 cognosce,
3268 2903 3421 2974 quod
3445 2902 3599 2957 Deus

1951 2991 2140 3063 patris
2171 2991 2286 3046 mei
2338 3006 2440 3062 per
2486 2990 2760 3063 angelum
2812 2990 3085 3046 revelavit
3134 2990 3277 3046 mihi
3311 2990 3595 3046 malitiam

1952 3084 2136 3149 tuam,
2190 3083 2247 3135 et
2294 3079 2516 3135 servavi
2565 3080 2761 3135 cibum
2813 3079 2872 3135 in
2906 3080 3378 3152 redargutionem
3408 3078 3513 3146 tui,
3545 3077 3596 3133 si

198 3170 276 3233 εἷς
301 3164 529 3245 ἔλεγχόν
564 3190 657 3223 σου
708 3169 753 3223 εἶ
782 3168 885 3243 ἄρα
932 3165 1117 3221 ἰδοῦσα
1146 3165 1275 3221 αύτὸ
1323 3169 1692 3241 μετανοήσεις.
1723 3169 1838 3225 ’Ἰνα

1961 3170 2096 3225 Forte
2120 3169 2322 3225 videns
2343 3168 2510 3224 illum
2532 3169 2835 3241 poeniteas.
2864 3168 2934 3225 Ut
2948 3185 3080 3224 vero
3100 3169 3312 3236 discas,
3333 3169 3485 3240 quod
3500 3167 3593 3223 his

200 3258 259 3315 δὲ
292 3261 480 3333 μάθῃς,
526 3258 608 3313 ὅτι
667 3264 773 3312 τῶν
835 3259 885 3312 ἐν
948 3257 1269 3335 σωφροσύνη
1323 3256 1449 3311 Θεὸν
1483 3252 1747 3311 σεϐόντων
1779 3256 1841 3311 οὔ

196 3348 476 3425 κατισχύει
508 3346 669 3402 κακία
714 3342 1071 3418 ἀσεϐούντων,
1105 3340 1287 3400 λαϐὼν
1331 3345 1560 3400 ἐνώπιον
1593 3345 1757 3415 αὐτῆς
1789 3343 1840 3399 ἔ-

197 3459 388 3516 φαγον,
441 3437 623 3491 εἷ’πών·
660 3461 687 3487 ‹‹
731 3438 791 3492 Ὀ
842 3435 968 3497 Θεὸς
1014 3439 1121 3489 τῶν
1180 3434 1424 3510 πατέρων
1488 3456 1612 3507 μου,
1670 3434 1759 3489 καὶ
1814 3435 1843 3489 ὁ

196 3525 431 3603 ἅγγελος
482 3519 732 3600 Ἀϐραὰμ
776 3522 921 3579 ἔσται
976 3524 1090 3596 μετ’
1145 3523 1300 3596 ἐμοῦ.
1356 3547 1383 3574 »
1434 3524 1498 3579 Ἦ
1547 3520 1605 3577 δὲ
1660 3522 1840 3577 ἔπεσεν

193 3616 286 3671 ἐπὶ
316 3615 606 3691 πρόσωπον
641 3614 715 3675 εἰς
764 3613 892 3675 τοὺς
941 3611 1110 3675 πόδας
1162 3634 1288 3685 μου,
1336 3613 1425 3666 καὶ
1477 3609 1720 3666 ἔκλαυσε’
1753 3611 1843 3666 καὶ

194 3706 500 3774 ἀναστήσας
560 3702 725 3772 αὐτὴν
783 3701 1119 3770 ἐνουθέτησα·
1178 3702 1268 3756 καὶ
1320 3700 1567 3765 συνέθετο
1614 3705 1711 3755 τοῦ
1765 3701 1841 3774 μὴ

192 3801 424 3863 ποιῆσαι
458 3790 533 3847 ἔτι
563 3792 661 3859 τὴν
696 3786 940 3845 ἀσέϐειαν
967 3790 1191 3860 ταύτην.

268 3885 338 3940 Z'.
375 3904 402 3933 ‹‹
435 3884 552 3935 ’Ὀτι
587 3884 699 3954 (28)
731 3877 788 3934 δὲ
817 3882 853 3949 ἡ
902 3877 1097 3954 καρδία
1135 3878 1300 3949 αὐτῆς
1350 3878 1580 3934 ἐνέκειτο
1630 3878 1705 3941 εἷς
1750 3878 1849 3951 ἐμὲ

190 3971 335 4045 πρὸς
395 3969 725 4038 ἀκολασίαν,
785 3968 875 4022 καὶ
935 3971 1048 4041 (29)
1109 3969 1429 4037 στενάζουσα
1489 3966 1846 4044 προσέπιπτεν

393 4056 539 4113 Ἰδὼν
601 4055 657 4112 δὲ
689 4058 717 4111 6
768 4056 1084 4133 Αἰγύπτιος,
1135 4056 1278 4134 λέγει
1327 4058 1463 4133 πρὸς
1505 4060 1693 4128 αὑτήν·
1730 4082 1757 4109 ι(
1789 4055 1849 4111 Τί

191 4148 452 4204 συνέπεσε
495 4149 557 4202 τὸ
605 4146 895 4222 πρόσωπόν
952 4167 1046 4201 σου
1081 4165 1093 4216 ;
1130 4170 1157 4197 ››
1205 4148 1267 4201 Ἦ
1319 4144 1376 4201 δὲ
1425 4146 1557 4202 εἶπε·
1595 4171 1623 4199 (‹
1674 4145 1846 4201 Πόνον

186 4236 423 4315 καρδίας
456 4236 611 4311 ἀλγῶ
659 4237 789 4311 ἐγὼ,
821 4233 909 4290 καί
961 4237 1013 4289 οἱ
1062 4236 1349 4310 στεναγμοὶ
1392 4241 1489 4291 τοῦ
1541 4235 1847 4309 πνεύματός

192 4349 303 4400 μου
338 4325 627 4401 συνέχουσί
657 4346 743 4397 με.
779 4349 805 4375 ι)
840 4324 934 4378 Καὶ
984 4323 1329 4399 ἐθεράπευσεν
1379 4324 1543 4392 αὐτὴν
1582 4325 1657 4396 μὴ
1691 4325 1849 4388 ἀσθε-

184 4422 412 4472 νοῦσαν.
447 4415 577 4469 Τότε
626 4411 950 4483 εἷσεπήδησε
994 4414 1131 4487 πρὸς
1186 4414 1272 4485 με,
1306 4411 1383 4467 ἔτι
1433 4410 1532 4482 ἔξω
1573 4409 1725 4474 ὄντος
1752 4418 1849 4468 τοῦ

1951 3258 2051 3329 qui
2075 3257 2135 3312 in
2158 3258 2425 3313 castitate
2444 3256 2759 3312 Dominum
2781 3262 3150 3327 venerantur,
3176 3274 3289 3313 non
3322 3255 3594 3329 praevalet

1952 3345 2176 3407 malitia
2204 3345 2383 3417 impie
2413 3345 2734 3416 agentium,
2760 3367 2787 3396 ››
2811 3345 3104 3417 accipiens
3125 3362 3319 3401 coram
3338 3348 3467 3417 ipsa
3497 3360 3593 3400 co-

1952 3435 2130 3504 medi,
2156 3434 2389 3490 dicens:
2426 3455 2454 3485 «
2481 3439 2634 3491 Deus
2668 3438 2903 3507 patrum
2935 3450 3219 3502 meorum,
3260 3437 3317 3489 et
3350 3432 3595 3506 angelus

1952 3524 2268 3589 Abraham,
2301 3523 2411 3579 erit
2441 3540 2696 3580 mecum.
2734 3546 2754 3572 ι
2791 3522 2897 3579 Illa
2921 3539 3054 3579 vero
3077 3522 3285 3578 cecidit
3307 3522 3365 3576 in
3390 3522 3597 3577 faciem

1953 3618 2024 3673 ad
2058 3618 2235 3690 pedes
2266 3632 2443 3682 meos,
2498 3620 2555 3672 et
2602 3615 2794 3671 ﬂevit:
2848 3619 2904 3670 et
2952 3615 3182 3686 erigens
3213 3614 3373 3669 illam
3405 3614 3601 3669 admo-

1955 3707 2100 3775 nui;
2143 3710 2199 3761 et
2247 3704 2516 3776 promisit
2566 3721 2628 3760 se
2676 3722 2791 3760 non
2834 3721 2962 3760 esse
3007 3704 3290 3759 facturam
3343 3701 3601 3775 amplius

1954 3794 2311 3867 impietatem
2343 3792 2513 3848 hanc.

2027 3885 2149 3939 VII.
2211 3906 2238 3934 «
2271 3882 2476 3938 Adhuc
2531 3898 2665 3937 vero
2724 3899 2823 3938 cor
2853 3881 3040 3954 ipsius
3092 3882 3148 3937 in
3184 3898 3277 3937 me
3306 3884 3603 3937 exarserat

1956 3977 2026 4034 ad
2061 3972 2435 4037 adulterium,
2469 3975 2527 4027 et
2553 3972 2947 4043 ingemiscens
2978 3972 3204 4027 cecidit.
3228 3972 3445 4027 Videns
3466 3987 3602 4028 vero

1956 4078 2083 4118 eam
2124 4061 2446 4133 rEgyptius,
2505 4059 2645 4115 dicit
2701 4061 2788 4115 ei:
2852 4083 2871 4109 ι
2910 4061 3056 4126 Quid
3112 4060 3369 4116 concidit
3424 4058 3602 4116 facies

1957 4150 2101 4207 tua?
2133 4173 2161 4202 »
2198 4149 2301 4205 Illa
2330 4166 2465 4205 vero
2496 4148 2675 4205 dixit:
2720 4171 2748 4199 «
2783 4148 2984 4205 Dolore
3032 4149 3226 4205 cordis
3275 4166 3380 4222 ego
3411 4147 3598 4217 doleo,

1958 4246 2014 4297 et
2042 4241 2295 4312 gemitus
2327 4239 2577 4310 spiritus
2601 4239 2712 4294 mei
2747 4239 3158 4311 constringunt
3184 4254 3295 4294 me.
3329 4239 3399 4293 Et
3427 4255 3600 4294 cura-

1958 4330 2057 4385 hat
2087 4344 2217 4382 eam
2278 4343 2392 4381 non
2447 4331 2841 4398 aegrotantem.
2901 4328 3063 4382 Tunc
3123 4326 3353 4382 insiluit
3380 4327 3451 4381 ad
3485 4342 3599 4394 me,

1959 4417 2151 4471 adhuc
2184 4415 2320 4470 foris
2350 4415 2665 4470 exsistente
2696 4416 2819 4469 viro
2851 4433 2978 4480 suo,
3013 4420 3070 4469 et
3090 4416 3233 4470 dicit
3255 4415 3398 4469 mihi
3425 4431 3438 4469 :
3469 4413 3603 4469 Suf-

185 4502 395 4579 ἀνδρὸς
430 4503 617 4573 αὐτῆς,
650 4502 739 4556 καὶ
768 4501 916 4577 λέγει
952 4521 1065 4574 μοι·
1095 4526 1122 4552 ι(
1144 4504 1451 4576 Ἅγχομαι,
1483 4502 1517 4570 ἢ
1552 4501 1625 4562 εἰς
1656 4502 1845 4579 φρέαρ,

1961 4505 2136 4570 focor,
2195 4502 2282 4558 vel
2338 4505 2398 4558 in
2462 4507 2720 4575 puteum,
2780 4502 2869 4558 vel
2928 4502 3311 4573 praecipitium
3365 4500 3605 4573 projicio

183 4596 222 4663 ἢ
282 4594 362 4655 εἷς
414 4593 657 4669 κρημνὸν
709 4590 884 4667 ῥίπτω
934 4589 1196 4662 ἐμαυτὴν,
1238 4589 1324 4644 ἐὰν
1379 4591 1454 4661 μὴ
1510 4595 1847 4663 συμπεισθῇς

185 4684 310 4756 (3|)
353 4703 468 4754 μοι,
513 4703 537 4731 η
578 4680 672 4733 Καὶ
706 4682 928 4749 νοήσας,
963 4678 1046 4732 ὅτι
1074 4679 1136 4732 τὸ
1167 4682 1379 4750 πνεῦμα
1404 4675 1502 4733 τοῦ
1533 4678 1728 4754 Βελιαρ
1760 4677 1853 4733 αύ-

181 4772 294 4839 τῆν
334 4773 448 4843 (32)
481 4767 723 4843 ἐνοχλεῖν
756 4767 1189 4843 προσευξάμενος
1238 4766 1441 4842 Κυρίῳ,
1495 4766 1643 4821 εἶπον
1695 4766 1852 4841 αὐτῇ·

188 4884 219 4912 α
255 4861 383 4916 Ἵνα
408 4858 461 4911 τί
491 4858 727 4933 ταράσσῃ
772 4856 861 4911 καὶ
914 4851 1141 4932 θορυϐῇ,
1174 4854 1225 4910 ἐν
1277 4854 1566 4933 ἁμαρτίαις
1602 4854 1853 4935 τυφλώτ-

264 5038 385 5110 (21)
414 5036 589 5108 Λέγω.
624 5032 876 5110 Ἔλεγον.
910 5038 1091 5110 GRA_B.

262 5105 389 5177 (22)
423 5105 605 5181 Λέγει,
639 5105 815 5181 eam,
850 5115 1003 5181 recte
1035 5106 1175 5181 legit
1204 5105 1331 5162 cod.
1364 5108 1543 5181 onn.
1580 5107 1659 5161 ID.

262 5176 390 5253 (23)
424 5176 749 5255 ’EO’tuSﬁﬂO’E.
803 5176 1179 5255 Ἐφιλονείκει,
1234 5179 1388 5250 quod
1428 5178 1598 5250 plane
1630 5182 1857 5234 contra-

178 5251 281 5309 riu
296 5270 359 5306 ω
396 5258 587 5307 sonat.
624 5251 702 5306 In.

285 5324 392 5394 '21s)
429 5320 754 5376 Ἐκτελέσαι.
781 5317 1026 5394 Τελέσαι.
1060 5323 1145 5377 ID.

262 5391 392 5467 (25)
436 5394 628 5467 Νόμῳ.
662 5391 927 5467 Νομίσας.
954 5397 1045 5467 in.

258 5462 392 5534 (26)
426 5462 915 5538 ΘέλπουσαζΙλθεζϐ
946 5462 1231 5538 θέλγουσα.
1265 5464 1347 5538 Ip.

426 5537 606 5612 Κυρίῳ
642 5536 813 5609 μόνῳ.
865 5539 944 5591 Ex
991 5536 1266 5619 veneﬁcio
1289 5536 1603 5619 'idolorum
1637 5536 1861 5619 cultum

287 5610 771 5665 1ιειιιιοεομῠυε.
821 5608 1157 5665 Idololatria
1205 5626 1419 5665 eumne
1450 5614 1506 5665 et
1537 5625 1734 5665 1118218.
1764 5624 1861 5665 ae.

172 5608 435 5685 colligit
458 5608 771 5683 Jusepbus.
821 5608 1157 5665 Idololatria
1205 5608 1419 5684 quippe
1450 5614 1506 5665 et
1537 5610 1734 5683 magia
1762 5624 1861 5684 ge.

536 5738 802 5806 Persen.
851 5737 965 5800 Gn.
1010 5735 1091 5800 Il.

1964 4593 2272 4665 meipsam,
2322 4592 2435 4647 nisi
2492 4590 2633 4645 mihi
2683 4590 3197 4661 obtemperaveris.
3235 4611 3262 4639 »
3293 4590 3362 4643 Et
3390 4587 3607 4643 intelli-

1964 4699 2129 4753 gens,
2164 4682 2318 4753 quod
2351 4679 2593 4752 spiritus
2624 4677 2813 4733 Beliar
2850 4677 3035 4747 ipsam
3071 4678 3401 4745 conturbat,
3435 4692 3611 4733 orans

1966 4769 2303 4839 Dominum,
2336 4768 2452 4823 dixi
2486 4767 2536 4822 ei
2563 4781 2576 4822 :
2614 4788 2641 4816 «
2672 4766 2817 4829 Quid
2846 4766 3103 4821 turbaris
3125 4769 3182 4821 et
3202 4765 3610 4834 tumultuarie,

1965 4860 2023 4914 in
2059 4858 2309 4931 peccatis
2340 4855 2666 4913 excaecata?
2698 4856 2983 4911 Memento
3015 4856 3167 4928 quod
3200 4855 3249 4911 si
3277 4855 3512 4913 occidas
3535 4859 3614 4912 te-

1969 5036 2139 5093 minzn
2171 5039 2311 5091 sunt
2364 5050 2614 5099 sorores,
2675 5037 2741 5088 ut
2798 5033 2893 5089 alii
2953 5037 3087 5090 ante
3127 5051 3221 5090 me
3260 5034 3481 5105 prolixe
3510 5048 3613 5105 per

1969 5106 2235 5178 exempla
2282 5108 2622 5178 docuerunt.
2676 5105 2804 5175 Ipse
2854 5106 3109 5177 Spiritus
3158 5108 3216 5163 S.
3263 5105 3611 5178 Babeliuna

1968 5196 2101 5235 cum
2128 5175 2455 5234 idololatria
2479 5175 2912 5231 incantationes
2956 5178 3199 5234 ascribit
3226 5183 3283 5233 et
3311 5175 3608 5247 veneﬁcia,

1971 5250 2133 5307 Isaize
2163 5266 2336 5316 XLVII,
2368 5252 2425 5303 et
2452 5248 2779 5319 Apocalyps
2833 5265 2903 5303 xv
2930 5264 2993 5304 II.
3029 5249 3110 5304 ID.

2064 5324 2156 5388 28)
2181 5322 2319 5375 Ὃτι.
2352 5319 2490 5373 Ἔτι.
2526 5319 2607 5374 ID.

2064 5393 2155 5447 29)
2188 5389 2303 5445 Καί.
2342 5392 2508 5446 Deest
2536 5390 2595 5444 in
2628 5406 2739 5444 ms.
2769 5388 2949 5446 Trim.
2983 5394 3067 5447 ID.

2064 5458 2154 5533 30)
2188 5468 2548 5536 Ηροσπιπτεν.
2586 5458 2935 5536 Συνέπιιπτεν.
2962 5464 3045 5519 lD.

2066 5530 2155 5603 3i)
2190 5530 2563 5609 Συμπεισθῇς.
2601 5530 2859 5609 ᾼυγγένῃ.
2898 5534 2976 5589 lo.

2066 5609 2155 5683 32)
2189 5603 2578 5685 Δότήν.Αὐτῇ.
2612 5604 2691 5662 ID.

3231 5732 3307 5807 δῦ
