4016 6222
460 201 609 260 1131

1445 193 1693 256 ’I‘ESTA
1707 195 1756 252 M
1771 191 1972 254 ENTA
2019 182 2126 252 ΧΙῙ
2175 189 2456 253 PATRIA
2470 183 2876 254 RCHARUM.

3630 197 3743 262 lilii

456 333 668 403 ipsam,
698 328 934 398 Sethon,
958 326 1287 382 concubina
1307 325 1414 380 viri
1433 326 1541 396 tui,
1569 324 1766 381 rivalis
1789 329 1912 393 tua,
1942 322 2094 380 cola-

2216 340 2374 375 τουσα
2395 337 2409 390 ;
2434 321 2719 390 Μνήσθητι
2749 318 2830 375 ὅτι
2855 317 2942 374 ἐὰν
2974 318 3166 394 ἀνέλῃς
3194 318 3450 393 σαυτὴν,ἡ
3473 325 3626 394 Σηθῶν
3645 331 3748 403 (33),

455 419 603 490 phos
634 417 912 489 inlringet
943 415 1080 472 {iliis
1102 415 1241 486 tuis,
1265 418 1321 471 et
1342 415 1542 487 perdet
1565 415 1907 470 memoriam
1930 417 2096 468 tuam

456 507 525 562 de
553 510 730 561 terra.
768 527 789 554 η
829 505 896 559 Et
927 504 1070 560 dicit
1101 504 1242 558 mihi
1269 522 1283 560 :
1323 525 1349 558 ι
1370 504 1520 559 Num
1543 503 1722 576 igitur
1743 501 1939 574 diligis
1963 500 2098 556 me?

453 592 675 650 sufﬁcit
705 592 847 648 mihi
880 591 1096 663 solum,
1128 593 1283 664 quod
1315 592 1574 665 protegis
1605 592 1781 647 vitam
1807 607 2018 660 meam,
2043 591 2100 643 et

453 682 709 738 filiorum
735 698 996 738 meorum
1027 698 1040 750 ;
1067 685 1124 736 et
1145 681 1331 737 habeo
1353 681 1842 753 exspectationem
1867 679 2099 750 potiun-

455 771 514 826 di
549 771 834 827 desiderio
863 787 1012 827 meo.
1046 790 1071 822 ι
1112 771 1179 825 Et
1209 787 1322 826 non
1355 771 1644 843 cognovit,
1678 769 1833 840 quod
1865 770 2100 840 propter

453 861 638 916 Deum
689 877 882 916 meum
934 860 1013 914 ita
1063 858 1202 926 dixi,
1252 863 1310 915 et
1359 875 1471 913 non
1521 863 1756 930 propter
1800 857 2009 926 ipsam.
2038 853 2099 910 Si

456 949 613 1005 enim
637 947 851 1021 aliquis
872 948 1131 1020 passioni
1157 948 1505 1003 succumbat
1527 946 1797 1002 desiderii
1822 942 2101 1017 pernicio-

459 1039 530 1106 si,
563 1040 619 1094 et
648 1038 783 1094 huic
815 1054 1021 1094 servus
1052 1036 1358 1108 efficiatur,
1393 1039 1458 1091 ut
1487 1038 1543 1090 et
1574 1033 1674 1090 illa
1700 1054 1713 1104 ;
1749 1033 1858 1089 etsi
1879 1033 2098 1088 bonum

459 1126 681 1198 aliquid
705 1125 973 1195 audierit,
1000 1125 1058 1180 in
1083 1124 1416 1196 passionem
1443 1140 1561 1195 qua
1591 1122 1859 1194 vincitur,
1891 1121 2102 1194 accipit

459 1213 603 1271 illud
634 1214 705 1269 ad
736 1213 1091 1270 desiderium
1124 1212 1540 1285 perniciosum.

527 1391 672 1449 VIII.
729 1390 865 1447 Dico
923 1389 1111 1459 vobis,
1168 1388 1292 1461 filii,
1354 1389 1508 1461 quod
1569 1387 1713 1444 hora
1767 1390 1891 1444 erat
1932 1387 2103 1460 quasi

459 1486 640 1551 sexta,
693 1479 928 1552 quando
969 1477 1141 1534 exivit
1192 1496 1225 1534 a
1273 1492 1410 1546 me;
1461 1481 1518 1533 et
1546 1492 1650 1548 ego
1681 1493 1831 1549 genu
1865 1477 2102 1532 ﬂectens

459 1569 664 1643 (oravi)
696 1569 767 1623 ad
804 1567 1112 1623 Dominum
1145 1569 1335 1621 totum
1367 1565 1542 1632 diem,
1576 1569 1632 1620 et
1660 1569 1839 1620 totam
1872 1569 2102 1620 noctem

2205 413 2241 480 ἠ
2274 407 2531 478 παλλακὴ
2561 413 2658 463 τοῦ
2687 406 2880 482 ἀνδρός
2927 431 3043 478 σου,
3072 411 3108 478 ἡ
3141 407 3416 480 ἀντίζηλός
3443 433 3544 482 σου,
3573 413 3750 493 κολαφί.

2207 519 2284 553 σει
2317 499 2428 571 (34)
2455 497 2520 552 τὰ
2550 497 2707 552 τέκνα
2735 519 2852 566 σου,
2884 497 2973 552 καὶ
3001 496 3256 553 ἀπολέσει
3273 499 3334 552 τὸ
3364 501 3656 572 μνημόσυνόν
3683 526 3750 560 σου

2206 585 2312 640 ἀπὸ
2339 593 2440 656 τῆς
2469 592 2592 662 γῆς.
2626 612 2653 638 ››
2687 586 2786 641 Κοιῖ
2839 584 2987 660 λέγει
3036 586 3171 662 πρός
3227 605 3309 658 με·
3344 612 3368 638 ι(
3399 587 3453 642 Εἰ
3495 587 3570 643 οὖν
3597 591 3751 667 ἀγαπᾷς

2211 695 2322 749 μες
2375 675 2527 751 ἀρκεῖ
2579 696 2670 748 μοι
2726 674 2909 749 μόνον,
2959 675 3044 730 ὅτι
3092 675 3340 748 ἀντιποιῇ
3520 685 3604 746 τῆς
3648 685 3753 750 ζωῆς

2212 785 2336 837 μου,
2368 763 2457 818 καὶ
2509 767 2615 818 τῶν
2662 765 2864 818 τέκνων
2914 784 3038 837 μου·
3071 764 3160 818 καὶ
3192 762 3306 840 ἔχω
3347 763 3630 838 προσδοκίαν
3658 770 3752 824 ἀπο-

2208 852 2403 909 λαῦσαι
2448 855 2547 922 τῆς
2597 851 2884 927 ἐπιθυμίας
2936 875 3060 926 μου.
3097 878 3124 904 ››
3155 853 3253 908 Καὶ
3306 852 3397 908 οὐκ
3439 852 3577 930 ἔγνω,
3607 856 3672 911 ὅτι
3697 855 3755 912 ari

2206 941 2296 995 τὸν
2331 941 2458 996 Θεόν
2494 962 2598 1014 μου
2640 941 2787 996 εἶπον
2840 941 3032 1013 οὕτως,
3080 941 3171 997 καὶ
3218 941 3344 1018 οὐχὶ
3389 939 3452 997 δι’
3492 943 3752 1015 αὖτήν,Έᾶν

2209 1030 2311 1104 γάρ
2340 1051 2422 1091 τις
2452 1031 2638 1094 πάθειν
2670 1029 2911 1105 ὑποπέσῃ
2958 1029 3247 1104 ἐπιθυμίας
3293 1038 3537 1104 πονηρᾶς,
3563 1035 3638 1088 καὶ
3669 1035 3757 1090 τοῦ-

2207 1140 2288 1190 τῳ
2316 1115 2602 1193 δουλευθῇ,
2636 1119 2712 1181 ὡς
2740 1118 2976 1194 κάκείνῃ
3010 1120 3106 1174 κᾶν
3158 1120 3350 1195 ἀγαθόν
3396 1141 3446 1175 τι
3486 1121 3672 1196 ἀκοῦσῃ,
3705 1123 3758 1188 εἷς

2207 1208 2270 1262 τὸ
2301 1208 2470 1272 πάθος
2502 1213 2547 1280 ᾦ
2573 1210 2796 1278 ἡττᾶται
2847 1209 2981 1282 (36),
3028 1204 3358 1282 ἐκλαμϐάνει
3405 1208 3522 1266 αὖτό
3547 1213 3657 1286 πρὸς
3681 1211 3758 1267 ἐπι-

2209 1295 2401 1370 θυμίαν
2433 1295 2702 1373 πονηράν.

2283 1387 2424 1443 1]’.ι‹
2473 1385 2627 1462 Λέγω
2680 1386 2830 1460 ὑμῖν,
2882 1387 3060 1460 τέκνα,
3113 1384 3195 1443 ὅτι
3246 1385 3362 1464 ὥρα
3399 1388 3460 1457 ἦν
3511 1388 3619 1444 ὡσεὶ
3657 1386 3761 1462 ἕκτη,

2211 1473 2301 1530 ὅτε
2341 1474 2561 1545 ἐξῆλθεν
2607 1475 2697 1530 ἀπ’
2751 1474 2905 1549 ἐμοῦ·
2956 1475 3109 1551 κάγὼ
3155 1475 3286 1554 γόνυ
3333 1476 3509 1539 κλίνας
3549 1479 3660 1552 πρὸς
3693 1480 3762 1536 Κύ-

2214 1585 2327 1637 ριον
2362 1563 2497 1635 ὅλην
2528 1565 2627 1634 τὴν
2677 1565 2907 1640 ἡμέραν,
2957 1565 3047 1620 καὶ
3097 1564 3235 1636 ὅλην
3273 1567 3370 1635 τὴν
3401 1564 3550 1621 νύκτα
3575 1567 3764 1641 συνάψας,

459 1659 846 1730 conjungens,
881 1656 1036 1712 circa
1097 1655 1424 1711 diluculum
1494 1653 1719 1710 surrexi
1751 1653 2102 1727 lacrymans,

2216 1654 2335 1730 περὶ
2391 1654 2483 1708 τὸν
2539 1650 2732 1730 ὄρθρον
2791 1654 3014 1725 ἀνέστην
3075 1651 3322 1729 δακρύων
3377 1655 3462 1710 καὶ
3517 1656 3651 1710 αἰτῶν
3699 1656 3761 1710 li-

458 1753 514 1804 et
544 1752 746 1820 petens
795 1745 1197 1801 liberationem
1250 1745 1322 1800 ab
1363 1743 1649 1817 .Egyptia.
1687 1745 1748 1798 In
1783 1744 1896 1798 [ine
1925 1743 2106 1815 igitur

460 1834 846 1908 apprehendit
895 1850 1026 1889 mea
1074 1833 1444 1904 vestimenta,
1494 1832 1775 1888 violenter
1804 1832 2104 1888 attrahens

459 1941 552 1980 me
584 1925 654 1980 ad
686 1923 1085 1979 concubitum.
1121 1923 1191 1979 Ut
1223 1922 1402 1994 igitur
1440 1921 1560 1976 vidi
1608 1922 1758 1993 quod
1805 1920 2105 1977 insaniens

457 2013 647 2070 tenuit
699 2012 1042 2067 vestimenta
1099 2028 1247 2079 mea,
1309 2011 1506 2066 nudus
1562 2011 1760 2081 effugi.
1819 2009 1925 2066 Illa
1971 2026 2103 2065 vero

461 2101 815 2159 calumniata
870 2107 958 2156 est
1009 2115 1100 2156 me
1149 2100 1303 2172 apud
1355 2099 1544 2154 virum
1579 2116 1787 2154 suum:
1823 2104 1879 2154 et
1910 2097 2108 2169 injecit

464 2207 555 2248 me
588 2192 645 2246 in
679 2206 966 2246 carcerem
1020 2190 1119 2260 qui
1172 2193 1295 2244 erat
1324 2189 1383 2243 in
1416 2189 1588 2244 domo
1625 2205 1731 2243 sua
1761 2187 2102 2260 IEgyptius;

462 2284 520 2337 et
551 2280 815 2350 sequenti
847 2278 960 2346 die,
1014 2294 1148 2332 cum
1201 2276 1554 2348 ﬂagellasset
1583 2293 1696 2343 me,
1731 2277 1890 2331 misit
1923 2293 2013 2331 me
2044 2276 2104 2331 in

462 2384 750 2425 carcerem
800 2366 1140 2422 Pharaonis.
1193 2370 1254 2420 Et
1303 2382 1437 2420 cum
1487 2365 1716 2420 vinctus
1758 2367 2013 2436 jacerem
2045 2365 2105 2419 in

461 2458 864 2531 compedibus,
895 2461 1138 2529 [Egypta
1185 2455 1477 2510 inﬁrmata
1518 2460 1605 2510 est
1636 2455 1851 2522 dolore,
1884 2460 1938 2510 et
1969 2471 2104 2510 aus-

461 2547 722 2604 cultabat
745 2546 908 2616 mihi,
935 2544 1182 2617 qualiter
1203 2544 1439 2616 hymnis
1460 2543 1771 2599 laudabam
1791 2543 2104 2598 Dominum

459 2637 517 2692 in
545 2638 715 2691 domo
738 2635 1133 2704 tenebrarum,
1159 2637 1215 2688 et
1235 2631 1407 2688 hilari
1430 2649 1566 2688 voce
1592 2633 1855 2704 gaudens
1887 2631 2106 2704 glorifi-

461 2725 665 2781 cabam
689 2724 872 2778 Deum
907 2739 1101 2776 meum
1141 2719 1354 2788 solum,
1399 2722 1552 2794 quod
1594 2737 1698 2794 per
1721 2722 1912 2793 (hanc)
1941 2738 2105 2777 occa-

461 2813 686 2868 sionem
720 2811 1027 2866 amovebar
1057 2810 1129 2865 ab
1160 2809 1446 2882 Egyptia.

532 2905 630 2956 IX.
688 2924 714 2952 «
761 2899 1056 2955 Multotics
1107 2898 1267 2954 misit
1315 2899 1385 2954 ad
1422 2916 1528 2966 me,
1565 2899 1804 2955 dicens:
1838 2898 2106 2971 Digneris

461 2989 706 3062 implere
755 2987 1106 3044 desiderium
1155 2987 1420 3060 (meum),
1463 2992 1517 3042 et
1546 2987 1802 3043 liberabo
1833 2992 1886 3044 te
1919 3006 1950 3043 a
1981 2987 2102 3042 vin-

2210 1764 2407 1820 τρωσιν
2438 1743 2542 1798 ἀπὸ
2589 1746 2686 1812 τῆς
2733 1743 3054 1820 Αἰγυπτίας.
3097 1743 3266 1805 Τέλος
3309 1743 3397 1797 οὖν
3430 1740 3767 1818 έπιλαμῧάνετιί

2216 1853 2322 1906 μου
2373 1836 2480 1887 τῶν
2539 1831 2816 1906 ἱματίων,
2877 1833 3013 1905 μετᾶ
3071 1830 3193 1908 βίας
3253 1831 3573 1911 ἐφελκομένη
3625 1855 3678 1907 με
3718 1835 3766 1894 εἷς

2212 1920 2506 1978 συνουσίαν.
2560 1925 2648 1984 Ὡς
2707 1917 2798 1976 οὖν
2861 1918 2999 1976 εἶδον
3059 1919 3141 1976 ὅτι
3204 1921 3499 1995 μαινομένη
3545 1928 3696 1996 γρατεῖ
3727 1922 3768 1976 τὶ

2213 2009 2404 2082 ἱμάτιά
2459 2031 2562 2084 μου
2596 2055 2610 2080 ,
2668 2011 2872 2086 γυμνὸς
2933 2008 3124 2087 ἔφυγον
3159 2051 3172 2065 .
3235 2011 3460 2081 Κάκείνη
3531 2010 3768 2087 ἐσυκοφάν-

2210 2099 2343 2170 τησέ
2402 2121 2469 2172 με
2525 2100 2659 2174 πρὸς
2716 2099 2805 2154 τὸν
2879 2097 3046 2172 ἄνδρα
3102 2098 3312 2169 αὐτῆς·
3369 2100 3456 2154 καὶ
3504 2095 3689 2154 ἐνέϐαλέ
3731 2119 3773 2171 με

2214 2189 2291 2250 εἰς
2350 2186 2596 2267 φυλακὴν
2650 2187 2701 2241 έν
2761 2185 2897 2261 οἶειῳ
2954 2187 3117 2243 αὐτοῦ
3178 2189 3206 2243 ὁ
3269 2189 3573 2265 Αἰγύπτιος”
3621 2189 3690 2242 καὶ

2214 2278 2334 2350 ἑξῆς
2386 2277 2638 2350 μαστίξας
2697 2298 2782 2350 με,
2832 2275 3038 2351 ἔπεμψὲ
3089 2297 3156 2348 με
3200 2276 3277 2338 εἷς
3354 2278 3449 2346 τὴν
3495 2277 3677 2349 εἱρκτὴν
3712 2279 3774 2329 τοῦ

2215 2367 2417 2442 Φαραώ
2468 2369 2604 2438 (37).
2651 2372 2735 2426 Ὠς
2783 2364 2873 2420 οὖν
2924 2364 3076 2438 ἤμην
3128 2365 3180 2421 έν
3225 2363 3438 2434 πέδαις,
3491 2368 3522 2435 ἡ
3579 2364 3777 2438 Αἰγυπτὶι

2213 2453 2424 2525 ἠσθενει
2473 2455 2578 2509 ἀπὸ
2625 2457 2721 2523 τῆς
2776 2454 2978 2525 λύπης,
3028 2455 3118 2509 καὶ
3173 2454 3481 2531 ἐπηκροᾶτὸ
3534 2476 3666 2527 μου,
3702 2458 3777 2510 πῶς

2215 2544 2415 2617 ὕμνουν
2466 2544 2556 2597 τὸν
2612 2542 2807 2618 Κύριον
2860 2542 2910 2597 ἐν
2962 2540 3096 2616 οἷόιῳ
3145 2544 3398 2612 σκότους,
3448 2543 3532 2598 καὶ
3580 2542 3625 2597 ἐν
3669 2542 3779 2610 Napi

2216 2637 2368 2711 φωνῇ
2401 2632 2610 2708 χαίρων
2663 2629 2909 2704 ἐδόξαζον
2949 2632 3039 2686 τὸν
3089 2632 3214 2687 Θεόν
3271 2655 3380 2706 μου
3431 2633 3604 2706 μόνον,
3639 2627 3777 2684 ὅτιδιὰ

2213 2724 2531 2800 προφάσεως
2560 2719 2892 2796 ἀπηλλάγην
2916 2728 3016 2790 τῆς
3051 2721 3374 2797 Αἰγυπτίας.

2286 2899 2357 2953 Θ’.
2398 2920 2425 2952 α
2451 2897 2728 2961 Πολλάκις
2761 2896 2969 2973 ἔπεμψε
3015 2898 3149 2975 πρός
3206 2920 3296 2972 με,
3352 2897 3590 2974 λέγουσιν
3621 2923 3645 2950 ‹‹
3672 2894 3780 2951 Eii-rl-

2218 3009 2382 3058 κησον
2435 2985 2721 3063 πληρῶσαι
2770 2988 2869 3056 τὴν
2923 2987 3226 3061 ἐπιθυμίαν,
3282 2989 3375 3042 καὶ
3435 2987 3672 3063 λυτρὼσω
3715 2986 3783 3056 μὲδ]

464 3079 635 3147 culis,
667 3083 722 3133 et
753 3077 992 3148 eripiam
1031 3081 1084 3132 te
1116 3093 1184 3131 ex
1214 3076 1508 3131 tenebris:
1540 3099 1566 3126 ››
1621 3081 1676 3131 et
1708 3093 1893 3148 neque
1921 3094 2107 3148 usque

2221 3099 2277 3132 σε
2330 3081 2437 3131 τῶν
2497 3075 2731 3150 δεσμῶν,
2791 3075 2879 3131 καὶ
2937 3074 3233 3147 ἀπαλλάξω
3298 3098 3358 3132 σε
3413 3081 3509 3132 τοῦ
3558 3076 3786 3132 σκότους’·

467 3169 539 3224 ad
563 3167 944 3239 cogitationes
973 3164 1245 3221 inclinavi
1277 3166 1348 3219 ad
1375 3181 1525 3220 eam.
1551 3165 1752 3238 Diligit
1774 3167 1929 3221 enim
1953 3166 2108 3221 Deus

469 3272 604 3312 eum
634 3256 845 3329 magis,
879 3256 979 3327 qui
1011 3255 1070 3309 in
1103 3253 1234 3309 lacu
1264 3255 1634 3310 tenebrarum
1661 3254 1894 3325 jejunat
1927 3255 1984 3309 in
2017 3271 2111 3310 ca-

469 3345 684 3416 stitate,
718 3361 896 3417 quam
927 3360 1062 3399 eum
1115 3343 1214 3415 qui
1262 3341 1320 3397 in
1360 3342 1520 3398 cellis
1551 3342 1846 3414 penuariis
1876 3344 2114 3416 opipare

468 3433 820 3490 luxuriatur.
883 3433 986 3498 Qui
1049 3437 1247 3488 autem
1302 3432 1360 3486 in
1417 3433 1682 3487 castitate
1727 3432 1867 3487 vivit
1911 3439 1968 3488 et
1994 3434 2116 3488 vult

469 3523 738 3596 gloriam,
780 3526 838 3577 et
883 3522 933 3577 si
988 3521 1212 3577 noverit
1238 3519 1601 3590 Altissimus,
1635 3523 1788 3593 quod
1823 3522 2112 3593 expediat,

467 3613 674 3668 tribuit
702 3611 752 3667 ei
785 3615 842 3667 et
871 3611 1011 3679 haec,
1040 3610 1537 3682 quemadmodum
1570 3616 1625 3666 et
1655 3610 1819 3665 mihi.
1857 3611 2112 3677 Quoties,

469 3701 738 3774 quamvis
772 3700 1086 3771 infirmata,
1120 3698 1422 3755 descendit
1452 3699 1523 3754 ad
1558 3716 1649 3754 me
1694 3699 2026 3765 immature,
2059 3702 2115 3754 et

469 3789 692 3845 audivit
739 3804 938 3843 vocem
988 3787 1100 3843 mei
1151 3787 1421 3842 orantis?
1469 3786 1800 3859 intelligens
1843 3805 1975 3843 vero
2008 3803 2112 3859 ego

470 3876 726 3950 suspiria
772 3878 921 3948 ejus,
974 3875 1132 3932 silui.
1186 3876 1410 3931 Etenim
1459 3894 1591 3930 cum
1640 3894 1797 3931 eram
1850 3877 1904 3930 in
1941 3877 2112 3931 domn

470 3969 618 4038 ejus,
654 3966 893 4020 nudavit
923 3963 1162 4020 brachia
1193 3982 1318 4031 sua,
1352 3971 1410 4019 et
1452 3970 1705 4036 pectora,
1736 3970 1791 4019 et
1823 3964 2017 4030 tibias,
2054 3970 2115 4020 ut

468 4055 786 4110 inciderem
836 4053 897 4108 in
945 4070 1114 4108 eam:
1153 4051 1319 4107 valde
1350 4052 1502 4107 enim
1538 4057 1661 4108 erat
1693 4052 1955 4123 pulchra,
1991 4070 2113 4107 ma-

469 4144 740 4214 ximeque
771 4147 998 4208 ornata,
1027 4145 1092 4196 ut
1121 4157 1213 4196 me
1243 4140 1554 4212 deciperet.
1603 4141 1669 4196 Et
1699 4141 1983 4196 Dominus
2014 4157 2113 4196 cu-

471 4232 708 4290 stodivit
738 4249 832 4287 me
861 4249 893 4286 a
926 4229 1231 4287 conatibus
1262 4231 1411 4301 ejus.

541 4410 608 4465 X.
646 4407 907 4463 «Videte
967 4406 1164 4479 igitur,
1227 4406 1329 4461 filii
1388 4407 1524 4474 mei,
1584 4411 1804 4480 quanta
1845 4413 2117 4480 operatur
2147 4417 2192 4481 1)

471 4497 844 4565 sustinentia,
867 4501 923 4551 et
946 4495 1126 4551 oratio
1150 4495 1548 4566 cumjejunio.
1592 4497 1658 4550 Et
1692 4513 1794 4552 vos
1832 4498 2030 4569 igitur,
2065 4498 2114 4551 si

470 4588 847 4645 sobrietatem
879 4590 936 4640 et
965 4583 1294 4640 castitatem
1329 4584 1642 4639 transeatis
1679 4583 1738 4638 in
1766 4585 2117 4642 sustinentia

471 4682 527 4734 et
555 4674 889 4731 humilitate
922 4673 1135 4743 cordis,
1168 4672 1473 4728 Dominus
1516 4671 1807 4728 habitabit
1837 4673 1897 4728 in
1927 4675 2110 4744 vobis,

471 4765 746 4837 quoniam
796 4763 997 4818 dilexit
1038 4761 1432 4817 sobrietatem.
1470 4761 1574 4817 Ubi
1604 4779 1737 4818 vero
1768 4761 1991 4818 habitat
2016 4763 2113 4818 Al-

469 4853 760 4919 tissimus,
792 4850 899 4906 etsi
932 4850 1146 4921 aliquis
1193 4849 1413 4904 incidat
1464 4850 1520 4904 in
1548 4849 1848 4922 invidiam,
1883 4851 1967 4907 vel
1993 4869 2111 4907 ser-

539 5065 654 5138 (33)
683 5062 966 5138 Ἦξηθῷν.
999 5061 1170 5138 0mis
1192 5062 1370 5138 (iam.

541 5129 655 5209 (34)
684 5129 1002 5209 halantis-st.
1039 5129 1373 5209 lgovdullc’eg
1427 5149 1652 5209 pugnos
1683 5133 1990 5206 impinget.
2027 5135 2108 5192 ID.

541 5139 655 5276 (3’1;
691 5139 1002 5209 Κολαερίσει.
1039 5139 1373 5202 Κονδυλίσει,
1427 5149 1646 5205 pugnos

539 5209 630 5280 (35
683 5207 803 5280 :O‘tt
830 5206 1102 5280 ἀντιποιῇ,
1133 5207 1528 5280 Ἀντιποιῆσαι,
1565 5205 1646 5262 ID.

563 5281 651 5352 36)
685 5277 1044 5352 ᾩλήττδιταιοΔ
1066 5277 1254 5352 Deest.
1291 5278 1368 5330 In.

563 5286 651 5348 3U)
689 5286 748 5352 ᾩ
779 5286 1024 5344 ἡττᾶται⁸
1066 5286 1254 5331 Deest.
1291 5286 1368 5330 ID.

539 5286 652 5422 E37)
872 5346 1088 5422 εἱρκτήν
1145 5351 1254 5422 του,
1303 5341 1548 5422 Φῃραῶ.Δ
1587 5352 1685 5422 Ita
1724 5349 2111 5422 emendo,_ex

471 5419 582 5477 ms.
616 5419 955 5513 maxum.
994 5437 1092 5513 pro
1134 5419 1354 5513 quibus
1391 5419 1643 5513 antehac
1676 5419 1972 5513 legebatur
2004 5420 2107 5474 ite-

469 5508 639 5553 rum:
674 5488 932 5562 Φυλακήν
991 5488 1040 5547 ἐν
1102 5488 1237 5565 οἷςιῳ
1290 5489 1452 5544 αὐτοῦ
1511 5490 1538 5544 6
1571 5488 1890 5564 Αἰγύπτιος.
1925 5493 2007 5546 ID.
2039 5522 2109 5533 —-

2216 3166 2315 3220 Καὶ
2349 3162 2474 3220 οὐδὲ
2501 3163 2604 3226 ἕως
2635 3164 2853 3220 ἐννοιῶν
2884 3163 3071 3220 ἔκλινα
3119 3165 3255 3241 πρὸς
3308 3165 3498 3235 αὐτήν.
3533 3167 3704 3239 Ἀγαπᾷ
3725 3159 3784 3232 τὶς

2221 3257 2248 3310 6
2283 3254 2411 3316 Θεὸς
2447 3253 2657 3328 μᾶλλον
2685 3255 2775 3308 τὸν
2809 3252 2861 3308 έν
2911 3251 3096 3326 λάκκῳ
3146 3254 3379 3316 σκότους
3409 3252 3701 3322 νηστεύοντα
3723 3248 3788 3320 (39ξὶ

2222 3342 2272 3396 ἐν
2335 3343 2654 3421 σωφροσύνῃ
2689 3387 2702 3413 ι
2759 3343 2793 3412 ἢ
2848 3343 2937 3397 τὸν
2999 3341 3050 3397 ἐν
3116 3342 3370 3415 ταμείοις
3428 3347 3683 3418 τρυφῶντα
3726 3340 3787 3407 (l0,

2228 3432 2360 3506 μετὰ
2418 3431 2727 3492 ἀκολασίας.
2778 3437 2832 3485 ⁸0
2882 3429 2939 3486 δὲ
2981 3431 3032 3486 ἐν
3091 3431 3424 3509 σωφροσύνῃ
3482 3428 3660 3506 διάγων
3703 3424 3793 3489 θέλει

2222 3521 2310 3576 καὶ
2361 3519 2538 3593 δόξαν,
2586 3520 2677 3575 καὶ
2735 3520 2781 3575 εἰ
2839 3517 2979 3575 οίδεν
3037 3522 3065 3576 6
3123 3521 3412 3594 Ὕψίπος,
3461 3520 3539 3574 δτι
3592 3517 3793 3593 macies;

2222 3609 2451 3686 παρέχει
2505 3609 2647 3682 αὐτῷ
2695 3609 2785 3664 καὶ
2832 3613 2998 3664 ταῦτα
3045 3611 3180 3681 (41),
3235 3610 3315 3672 ὡς
3375 3607 3563 3682 κάμοί.
3617 3608 3794 3666 “oriza,

2221 3698 2415 3774 καίπερ
2475 3697 2783 3768 ἀσθενοῦσα,
2833 3698 3022 3771 κατῄει
3078 3696 3214 3772 πρός
3281 3718 3353 3771 με
3413 3697 3465 3751 ἐν
3524 3695 3703 3768 ἀωρίᾳ,
3742 3689 3792 3742 κέ

2221 3785 2420 3856 ἤκουσε
2476 3793 2576 3856 τῆς
2635 3787 2820 3863 φωνῆς
2872 3807 2974 3859 μου
3031 3786 3492 3862 προσευχομένου
3525 3806 3538 3855 ;
3570 3783 3724 3840 συνιὼν
3762 3775 3794 3830 ἒξ

2224 3875 2328 3951 ἐγὼ
2357 3874 2483 3936 τους
2515 3874 2843 3949 στεναγμοὺς
2897 3875 3082 3945 αὐτῆς,
3135 3874 3436 3931 ἐσιώπουν.
3492 3875 3586 3931 Καὶ
3629 3872 3705 3946 γὰρ
3743 3872 3791 3920 iii

2221 3962 2375 4037 ἤμην
2436 3963 2486 4017 ἐν
2535 3964 2614 4035 τῷ
2663 3961 2798 4035 οἴκῳ
2848 3962 3036 4035 αὐτῆς,
3098 3962 3344 4037 έγόμνου
3404 3963 3530 4025 τοὺς
3582 3957 3792 4038 βραχίονες

2222 4052 2409 4123 αὐτῆς,
2442 4053 2530 4106 καὶ
2569 4051 2634 4105 τὰ
2663 4050 2872 4128 στέρνα,
2922 4052 3009 4106 καὶ
3059 4052 3154 4114 τὲις
3209 4055 3460 4125 κνήμας,
3485 4050 3572 4106 ἳνα
3613 4047 3791 4120 caprina

2223 4140 2300 4203 εἷς
2332 4141 2519 4210 αὐτήν·
2552 4139 2689 4194 πάνυ
2733 4141 2835 4215 γὰρ
2865 4141 2932 4209 ἦν
2982 4139 3176 4215 ὡραία,
3231 4140 3483 4213 μάλιστα
3529 4153 3793 4211 adsumsi-ﬁ

2221 4230 2356 4306 πρὸς
2385 4229 2647 4299 ἀπάτησίν
2681 4251 2806 4303 μου.
2839 4228 2938 4286 Καὶ
2973 4229 3001 4283 6
3033 4228 3232 4305 Κύριος
3268 4227 3511 4307 ἐφόλαξέ
3543 4250 3604 4302 με
3630 4225 3712 4280 ἀπὸ
3732 4226 3792 4273 tim

2224 4317 2637 4396 ἐγχειρημάτων
2670 4317 2861 4387 αὐτῆς.

2298 4409 2351 4464 Ι’.
2388 4433 2414 4459 ‹‹
2447 4413 2630 4482 Ὁρᾶτε
2669 4406 2782 4472 οὖν,
2825 4407 2986 4460 τέκνα
3037 4427 3161 4480 μου,
3212 4405 3364 4462 πόσα
3413 4401 3793 4483 κατεργάζετιιὴ

2227 4497 2505 4570 ὑπομονὴ,
2538 4495 2626 4550 καὶ
2670 4497 2705 4564 ἡ
2755 4496 3037 4571 προσευχὴ
3097 4496 3230 4568 μετὰ
3280 4496 3555 4566 νηστείας,
3588 4491 3792 4560 Κιὶύμεξ

2224 4585 2338 4653 οὗν,
2373 4584 2459 4639 ἐὰν
2491 4585 2589 4652 τὴν
2637 4583 2990 4662 σωφροσύνην
3037 4583 3129 4637 καῖ’
3176 4585 3279 4652 τήν
3316 4585 3537 4660 ἁγνείαν
3587 4579 3794 4657 μετέλῇζῖ

2225 4673 2276 4728 ἐν
2328 4673 2580 4746 ὑπομονῇ
2628 4671 2716 4726 καὶ
2765 4671 3080 4726 ταπεινώσει
3137 4669 3398 4748 καρδίας,
3461 4672 3645 4746 Κύριος
3689 4683 3791 4720 κατιέ-

2223 4764 2378 4831 κησει
2425 4761 2476 4815 ἐν
2527 4761 2672 4832 ὑμῖν,
2713 4759 2795 4814 δτι
2843 4761 3092 4836 ἠγάπησε
3133 4762 3232 4830 τήν
3286 4762 3661 4838 σωφροσύνην.

2225 4848 2279 4904 δὲ
2308 4854 2550 4904 κατοικεῖ
2599 4851 2626 4904 6
2674 4851 2953 4924 Ὕψιστος,
2999 4850 3094 4903 κᾶν
3143 4870 3227 4911 τις
3283 4850 3557 4925 περιπέσῃ
3601 4840 3782 4924 ceri-ven"

2222 5064 2562 5120 Emendatio
2614 5064 2853 5119 minime
2902 5066 3046 5119 forte
3093 5063 3494 5132 admittenda,
3545 5064 3592 5118 si
3636 5055 3784 5116 cum

2222 5138 2452 5210 quiede
2482 5136 2748 5210 .‘Egyptia
2777 5137 3375 5210 statimAsubduntur,
3420 5138 3730 5192 conferatur.

2315 5209 2403 5279 38)
2438 5205 2709 5279 Λυτρώσω
2754 5205 2934 5260 Λύσω.
2969 5207 3149 5279 Gnan.

2315 5211 2382 5261 38
2438 5211 2709 5259 Λυτοώσω
2754 5211 2934 5260 Λύσω.
2969 5211 3149 5262 GRAB.

2292 5211 2405 5350 539i
2481 5265 2839 5346 Νηστεύοντα.
2922 5276 3244 5331 Πιστεύοντα
3329 5294 3635 5350 perperam
3690 5268 3785 5328 bibi

2220 5353 2346 5407 cod.
2381 5350 2561 5406 Oxon.
2599 5350 2678 5404 ID.

2431 5423 2760 5496 Τρνυιρῶντα..
2780 5418 3055 5496 Βασιλέων
3091 5421 3219 5475 add.
3257 5421 3395 5476 rod.
3436 5421 3614 5478 Oxon.
3643 5417 3707 5473 ID.

2289 5489 2402 5566 (41)
2433 5489 2626 5548 Ταῦτα.
2659 5489 2889 5563 Ταύτην.
2924 5493 3006 5550 ID.
