4016 6222
234 292 372 349 ΗΜ

1438 286 2034 357 TESTAMENTUM
2081 290 2403 357 JOSEPH.

3472 298 3627 363 1134

223 418 448 494 δουλείᾳ,
481 425 515 492 ἢ
551 422 880 500 συκοφαντίᾳ
926 424 1060 497 (42),
1110 422 1302 498 Κάριος
1352 426 1380 480 6
1420 424 1471 479 ἐν
1503 424 1649 497 αὐτῷ
1677 446 1845 480 κατοι·

1976 427 2241 496 vitutem,
2274 428 2362 484 vel
2393 428 2776 501 calumniam,
2820 430 3105 487 Dominus
3135 432 3236 502 qui
3268 433 3327 488 in
3358 433 3486 505 ipso
3519 436 3627 492 ha-

218 515 341 582 κῶν,
394 508 483 567 διὰ
528 514 629 581 τὴν
677 512 1026 590 σωφροσύνην
1078 512 1140 567 οὐ
1193 512 1357 586 μόνον
1409 513 1468 569 ἐκ
1518 519 1626 569 τῶν
1680 520 1860 570 κακῶν

219 598 410 675 ῥύεται,
445 598 591 656 ἀλλὰ
638 602 727 657 καὶ
775 603 925 676 ὑψοῖ,
972 602 1063 656 καὶ
1113 599 1319 673 δοξάζει
1368 603 1545 676 αὐτὸν,
1578 604 1651 666 ὡς
1682 604 1848 676 κάμέ.

217 690 426 752 Πάντως
456 690 558 766 γὰρ
590 691 618 744 6
650 688 956 765 ἅνθρωπος,
990 692 1024 760 ἢ
1058 690 1110 746 ἐν
1161 688 1326 767 ἔργῳ,
1359 693 1395 761 ἢ
1446 691 1496 746 ἐν
1533 691 1704 766 λόγῳ,
1734 692 1767 761 ἢ
1804 691 1853 746 έν

220 774 417 851 διανοίᾳ
449 780 765 854 συνέρχεται
796 782 927 852 (43).
964 781 1324 834 Γινώσκουσιν
1377 782 1433 834 οἱ
1470 778 1696 859 ἀδελφοί
1730 803 1856 854 μου,

216 871 323 928 πῶς
348 869 600 943 ἠγάπησέ
643 889 710 941 με
755 870 783 923 6
832 871 1010 943 πατήρ
1064 890 1185 942 μου·
1220 870 1309 924 καὶ
1361 869 1469 945 ούχ
1518 870 1771 943 ὑψούμην
1805 869 1856 925 έν

214 959 278 1029 τῇ
317 954 505 1032 καρδίᾳ
554 977 679 1030 μου·
714 956 907 1033 καίπερ
955 959 1153 1028 νήπιος
1199 956 1296 1029 ὢν,
1348 958 1496 1033 εἶχον
1542 960 1633 1013 τὸν
1680 953 1851 1036 φόϐον

214 1048 306 1099 τοῦ
360 1050 493 1100 Θεοῦ
551 1045 603 1100 έν
662 1050 730 1119 τῇ
791 1043 999 1118 διανοίᾳ
1057 1065 1187 1120 μου·
1252 1043 1403 1121 ᾔδειν
1462 1047 1596 1122 γὰρ,
1655 1046 1737 1102 ὅτι
1788 1049 1856 1102 τὰ

210 1132 372 1188 πάντα
425 1133 864 1209 παρελεύσεται,
924 1134 1014 1189 καὶ
1091 1135 1351 1211 ἐμέτρουν
1421 1135 1653 1209 ἐμαυτὸν
1690 1180 1704 1205 ,
1764 1136 1853 1190 καὶ

211 1220 417 1293 έτίμουν
450 1222 577 1285 τοὺς
609 1221 878 1301 ἀδελφούς
912 1245 1036 1297 μου.
1072 1224 1170 1280 Καὶ
1226 1222 1315 1280 διὰ
1340 1226 1430 1280 τὸν
1476 1220 1643 1303 φόϐον
1674 1223 1851 1279 αὐτῶν

208 1308 465 1366 ἐσιώπουν
496 1311 962 1388 πιπρασκόμενος,
999 1314 1074 1386 μὴ
1108 1312 1276 1368 εἰπεῖν
1324 1319 1443 1376 τοῖς
1480 1312 1852 1387 Ἰσμαηλίταις

204 1400 265 1454 τὸ
295 1399 443 1474 γένος
477 1421 602 1473 μου,
637 1399 719 1456 ὅτι
772 1401 887 1463 υἱός
938 1402 1050 1474 εἰμι
1102 1398 1315 1476 Ἰακὼϐ,
1370 1400 1562 1479 ἀνδρὸς
1610 1402 1850 1479 μεγάλου

201 1488 291 1542 καὶ
324 1485 566 1547 δυνατοῦ.

277 1578 377 1633 ΙΔ’.
413 1601 439 1629 ‹‹
471 1575 571 1631 Καὶ
602 1576 757 1651 ὑμεῖς
805 1576 897 1634 οὗν
931 1576 1084 1655 ἔχετε
1123 1578 1175 1635 έν
1204 1581 1392 1656 πράξει
1434 1580 1584 1653 ὑμῶν
1611 1581 1701 1635 τὸν
1735 1583 1849 1655 (44)

203 1669 294 1718 τοῦ
339 1670 471 1721 Θεοῦ
522 1661 692 1743 φόϐον
728 1711 741 1737 ,
786 1668 877 1721 καὶ
924 1674 1120 1741 τιμᾶτε
1173 1668 1300 1730 τοὺς
1348 1666 1619 1746 ἀδελφοὺς
1675 1670 1843 1742 ὑμῶν.

205 1759 308 1815 Πᾶς
353 1756 455 1830 γὰρ
504 1757 531 1811 ὁ
578 1760 751 1810 ποιῶν
799 1756 963 1830 νόμον
1018 1758 1245 1831 Κυρίου,
1297 1758 1703 1833 ἀγαπηθήσεται
1756 1758 1847 1813 ὑπ’

201 1842 358 1897 αὐτοῦ
392 1889 405 1900 .
466 1843 671 1899 Ἐλθὼν
737 1843 828 1900 οὖν
903 1846 980 1909 εἷς
1056 1844 1460 1908 Ἰνδοκολπίτας
1534 1847 1666 1920 μετὰ
1739 1852 1847 1902 τῶν

201 1931 581 2005 Ἰσμαηλιτῶν,
634 1935 882 2010 ἠρώτουν
937 1954 1020 2008 με’
1073 1935 1227 2010 κάγὼ
1278 1936 1466 2005 εἶπον,
1511 1934 1593 1990 6'1:
1640 1934 1839 1999 δοῦλός

198 2020 310 2094 εἶμι
343 2020 393 2091 ἐξ
427 2019 601 2094 οἷ’κου,
651 2021 741 2078 ’ἱνα
793 2026 868 2095 μή
920 2023 1164 2099 αίσχόνω
1206 2025 1337 2087 τοὺς
1388 2022 1655 2102 ἀδελφούς
1706 2046 1831 2098 μου.

194 2109 341 2185 Λέγει
388 2108 444 2165 δέ
499 2133 590 2184 μοι
635 2114 662 2166 6
697 2112 895 2186 μείζων
940 2113 1135 2169 αὐτῶν·
1186 2139 1214 2168 ‹‹
1262 2113 1335 2168 Ού
1380 2114 1432 2169 εἶ
1479 2112 1701 2184 δοῦλος,
1750 2114 1835 2169 ὄτι

195 2199 282 2253 καὶ
312 2202 345 2269 ἡ
377 2194 499 2273 ὄψις
530 2222 624 2254 σου
661 2199 829 2271 δηλοῖ
856 2202 979 2277 περὶ
1011 2207 1126 2257 σοῦ·
1163 2227 1190 2253 ι)
1221 2204 1308 2258 καὶ
1358 2203 1575 2274 ἠπείλει
1612 2225 1705 2276 μοι
1734 2200 1838 2266 ἕως

197 2288 437 2344 Θανάτου.
499 2290 636 2365 Ἐγὼ
691 2288 748 2345 δὲ
805 2288 1016 2367 ἔλεγον,
1076 2291 1159 2346 ὅτι
1210 2289 1407 2354 δοῦλος
1466 2292 1640 2347 αὐτῶν
1702 2293 1836 2365 εἶμι.

196 2377 284 2438 Ὡς
315 2374 371 2431 δὶ
416 2376 663 2451 ἤλθομεν
714 2379 789 2441 εἷς
839 2377 1133 2456 Δῖίγυπτον,
1183 2382 1308 2456 περὶ
1357 2380 1492 2454 ἐμοῦ
1542 2381 1838 2456 ἐμάχοντο,

201 2465 283 2527 τίς
328 2464 597 2543 προσδοὺς
643 2468 872 2543 χρυσίον
922 2465 1062 2543 λάϐῃ
1109 2491 1194 2543 με.
1249 2470 1393 2524 Διότι
1444 2476 1601 2525 πᾶσιν
1661 2469 1840 2543 ἔδοξεν

207 2553 339 2608 εἷναί
401 2576 466 2627 με
524 2556 600 2618 εἷς
658 2553 929 2631 Αἴγυπτον
1006 2560 1141 2633 πρὸς
1205 2554 1505 2632 μετάϐολον
1577 2558 1841 2634 ἐμπορίας

207 2641 399 2714 αὐτῶν,
449 2640 554 2706 ἕως
603 2644 963 2722 ἐπιστρέψωσι
1014 2646 1262 2724 φέροντες
1311 2647 1614 2724 ἐμπορίαν.
1667 2648 1763 2702 Καὶ
1815 2649 1842 2703 6

209 2733 400 2808 Κύριος
435 2731 603 2789 ἔδωκέ
636 2757 727 2808 μοι
760 2734 920 2811 χάριν
954 2735 1005 2791 ἐν
1042 2736 1346 2815 ὀφθαλμοῖς
1374 2743 1470 2793 τοῦ
1514 2736 1841 2813 μεταϐόλου,

205 2822 294 2877 καὶ
339 2820 613 2877 ἐπίστευσέ
664 2844 757 2897 μοι
799 2826 889 2879 τὸν
939 2826 1085 2881 οἶκον
1136 2826 1299 2881 αὐτοῦ
1332 2869 1343 2882 .
1396 2826 1500 2883 Καὶ
1551 2827 1842 2903 εὐλόγησεν

205 2910 361 2965 αὐτὸν
395 2912 422 2966 6
456 2911 649 2987 Κύριος
698 2912 749 2968 έν
778 2914 925 2991 χειρί
959 2936 1084 2987 μου,
1116 2916 1206 2970 καὶ
1255 2915 1549 2987 ἐπλήθυνεν
1600 2914 1757 2971 αύτὸν
1790 2915 1841 2972 ἐν

205 2998 444 3074 ἀργυρίῳ
498 3002 588 3055 καὶ
634 3003 847 3077 χρυσίῳ
885 3024 896 3035 ’
948 3004 1039 3058 καὶ
1084 3002 1237 3078 ἤμην
1290 3008 1403 3079 μετ’
1454 3005 1616 3061 αὐτοῦ
1668 3013 1845 3079 μῆνας

199 3094 365 3163 τρεῖς,
397 3090 484 3144 καὶ
517 3091 727 3165 ἡμέρας
756 3091 930 3147 πέντε.

1967 515 2138 587 bitat,
2172 521 2412 589 prapter
2442 517 2769 574 castitatem
2821 535 2936 574 non
2985 518 3178 575 solum
3209 537 3243 575 a
3274 520 3446 577 malis
3477 521 3623 579 libe-

1968 610 2077 672 rat,
2111 606 2212 661 sed
2246 611 2303 661 et
2333 606 2546 662 exaltat
2575 613 2633 662 et
2661 607 2945 679 gloriﬁcat
2965 606 3183 679 ipsum.
3236 608 3402 665 Sicut
3422 614 3480 665 et
3501 626 3618 667 me.

1968 692 2221 750 Omnino
2265 694 2421 751 enim
2472 696 2669 761 homo,
2724 696 2810 752 vel
2861 696 2921 751 in
2969 713 3162 768 opere,
3213 696 3299 753 vel
3329 698 3390 753 in
3420 698 3617 765 verbo,

1965 781 2054 836 vel
2088 785 2146 838 in
2197 784 2548 855 cogitatione
2602 785 2953 841 continetur.
3009 785 3381 856 Cognoscunt
3409 786 3618 845 fratres

1966 870 2101 937 mei,
2137 871 2388 943 qualiter
2418 872 2620 928 dilexit
2652 890 2744 929 me
2788 878 2951 944 pater
2981 889 3186 929 meus:
3219 879 3272 930 et
3307 891 3422 930 non
3456 875 3618 932 exal-

1965 964 2125 1016 tatus
2156 978 2288 1016 sum
2318 960 2379 1016 in
2411 963 2581 1018 corde
2632 979 2761 1018 meo
2790 987 2805 1030 ;
2856 963 3124 1035 quamvis
3163 979 3309 1035 puer
3337 963 3614 1034 existens,

1964 1049 2250 1105 habebam
2302 1049 2571 1106 timorem
2616 1050 2716 1107 Dei
2747 1050 2807 1105 in
2838 1056 3032 1107 mente
3064 1067 3214 1108 mea.
3247 1052 3401 1111 Scivi
3432 1054 3611 1126 enim,

1963 1140 2114 1208 quod
2145 1138 2343 1195 omnia
2388 1138 2749 1208 transibunt,
2796 1145 2854 1195 et
2904 1140 3251 1196 moderabar
3296 1142 3611 1214 meipsum,

1962 1231 2019 1280 et
2047 1225 2409 1283 honorabam
2460 1230 2669 1284 fratres
2710 1245 2913 1297 meos;
2962 1232 3021 1285 et
3070 1234 3310 1301 propter
3338 1230 3611 1288 timorem

1960 1330 2163 1371 eorum
2212 1315 2348 1371 silui
2396 1316 2694 1383 venditus,
2743 1322 2809 1372 ut
2858 1334 2973 1373 non
3013 1316 3265 1375 dicerem
3297 1319 3610 1377 Ismaelitis

1958 1420 2147 1476 genus
2178 1421 2398 1473 meum,
2448 1406 2604 1477 quod
2653 1404 2812 1462 ﬁlius
2859 1421 2988 1462 esse
3033 1405 3241 1476 Jacob,
3270 1407 3379 1463 viri
3410 1410 3609 1482 magni

1958 1497 2017 1548 et
2046 1492 2323 1565 potentis.

2028 1582 2120 1639 XI.
2159 1604 2187 1633 ‹‹
2217 1587 2287 1638 Et
2315 1600 2419 1639 vos
2466 1582 2646 1655 igitur
2674 1583 2885 1639 habete
2918 1583 2979 1639 in
3009 1586 3142 1639 actu
3172 1588 3364 1641 vestro
3400 1585 3497 1642 Dei
3528 1587 3602 1642 ti-

1959 1686 2203 1738 morem,
2235 1676 2291 1726 et
2338 1670 2621 1727 honorate
2667 1672 2879 1727 fratres
2928 1676 3174 1728 vestros.
3209 1673 3415 1729 Omnis
3448 1675 3605 1731 enim

1959 1759 2059 1830 qui
2092 1759 2231 1816 facit
2258 1759 2444 1831 legem
2482 1760 2600 1831 Dei,
2630 1760 2891 1833 diligitur
2928 1762 2999 1816 ab
3029 1762 3175 1833 ipso.
3211 1762 3464 1819 Veniens
3495 1764 3604 1836 igi-

1957 1854 2052 1903 tur
2081 1849 2151 1903 ad
2182 1849 2573 1921 Indocolpitas
2620 1866 2754 1905 cum
2803 1849 3131 1918 Ismaelitis,
3164 1850 3607 1922 interrogabant

1956 1952 2047 1991 me
2075 1954 2088 1992 :
2119 1942 2176 1993 et
2201 1954 2307 2010 ego
2339 1938 2624 2007 dicebam,
2658 1938 2813 2010 quod
2846 1953 3050 1994 servus
3082 1954 3275 1995 essem
3304 1956 3373 1995 ex
3405 1940 3602 2008 domo,

1952 2033 2017 2081 ut
2048 2044 2163 2082 non
2195 2028 2613 2083 confunderem
2659 2028 2867 2084 fratres
2898 2044 3082 2084 meos.
3111 2027 3261 2083 Dicit
3288 2043 3421 2084 vero
3454 2029 3596 2084 mihi

1951 2117 2140 2186 major
2164 2132 2367 2172 eorum
2393 2134 2407 2173 :
2443 2138 2471 2167 «
2502 2116 2626 2172 Non
2658 2133 2721 2173 es
2771 2133 2995 2181 servus,
3031 2117 3309 2188 quoniam
3341 2123 3399 2173 et
3429 2134 3599 2188 aspe-

1951 2208 2082 2260 ctus
2134 2209 2271 2261 tuus
2313 2205 2569 2261 ostendit
2617 2206 2688 2260 de
2738 2210 2828 2275 te;
2864 2228 2892 2255 »
2944 2210 3001 2261 ct
3045 2205 3301 2260 minatus
3330 2209 3419 2261 est
3448 2205 3598 2260 mihi

1951 2309 2138 2364 usque
2164 2295 2234 2349 ad
2267 2299 2538 2350 mortem.
2568 2295 2683 2366 Ego
2716 2311 2848 2350 vero
2881 2294 3167 2359 dicebam,
3199 2295 3355 2365 quod
3386 2311 3590 2351 servus

1950 2381 2211 2452 ipsorum
2263 2399 2474 2439 essem.
2526 2382 2598 2438 Ut
2643 2387 2838 2438 autem
2884 2382 3151 2438 venimus
3191 2380 3250 2436 in
3281 2382 3592 2454 Egyptum

1952 2471 2021 2524 de
2054 2488 2145 2525 me
2193 2472 2587 2540 decertabant,
2614 2471 2744 2542 quis
2769 2472 2993 2526 addens
3045 2471 3388 2525 thesaurum
3432 2472 3589 2527 acci-

1952 2564 2111 2630 peret
2142 2577 2253 2615 me.
2288 2560 2420 2615 Ideo
2451 2559 2670 2632 placuit
2698 2560 2994 2624 omnibus,
3027 2563 3091 2613 ut
3119 2575 3308 2614 essem
3341 2558 3401 2613 in
3433 2559 3595 2632 [Egy-

1953 2652 2051 2719 pto
2083 2650 2235 2719 apud
2270 2649 2685 2719 negotiatorem
2738 2647 3145 2719 negotiationis
3178 2648 3465 2718 ipsorum,
3500 2664 3597 2703 us-

1955 2754 2185 2808 quequo
2237 2742 2661 2793 reverterentur
2707 2737 2959 2792 ferentes
3006 2735 3482 2807 negotiationem.
3533 2735 3601 2791 Et

1955 2825 2239 2881 Dominus
2270 2826 2429 2880 dedit
2460 2825 2604 2880 mihi
2630 2825 2879 2897 gratiam
2902 2824 2961 2879 in
2984 2823 3170 2880 oculis
3194 2823 3601 2896 negotiatoris,

1953 2919 2010 2970 et
2037 2913 2285 2969 credidit
2317 2913 2461 2968 mihi
2486 2914 2728 2969 domum
2760 2930 2951 2969 suam.
2983 2913 3055 2968 Et
3082 2913 3381 2968 benedixit
3405 2911 3456 2967 ei
3488 2917 3595 2967 Do-

1955 3001 2152 3058 minus
2184 3004 2243 3058 in
2274 3019 2453 3058 manu
2502 3019 2653 3071 mea,
2703 3005 2761 3057 et
2809 3002 3071 3073 implevit
3111 3018 3245 3056 eum
3272 3004 3511 3073 argento
3544 3003 3601 3056 et

1954 3107 2136 3160 auro;
2167 3096 2224 3146 et
2253 3108 2413 3147 eram
2444 3107 2579 3146 cum
2609 3090 2736 3162 ipso
2782 3091 3086 3146 mensibus
3118 3091 3329 3160 tribus,
3371 3094 3431 3145 et
3475 3088 3597 3145 die-

1954 3180 2065 3235 bus
2097 3180 2377 3251 quinque.

272 3266 426 3321 18'.“
462 3267 589 3323 Κατ’
636 3265 837 3321 ἐκεῖνον
886 3268 943 3323 δὲ
987 3269 1078 3323 τὸν
1127 3271 1312 3346 καιρὸν
1360 3271 1559 3346 παρῄει
1607 3274 1642 3341 ἡ
1694 3279 1841 3346 Μεμ-

2024 3269 2146 3323 XII.
2192 3290 2220 3320 «
2251 3267 2585 3323 Secundum
2634 3267 2778 3323 illud
2828 3271 3064 3338 tempus
3100 3266 3373 3322 transivit
3421 3265 3599 3320 Mem-

197 3353 294 3430 φία
324 3357 437 3427 (45)
466 3358 597 3430 γυνή
645 3360 741 3410 τοῦ
792 3358 1019 3435 Πετεφρὶ
1063 3361 1174 3432 (46)
1209 3360 1342 3433 μετὰ
1388 3358 1547 3431 δόξης
1597 3360 1839 3434 πολλῆς,

194 3443 287 3497 καὶ
344 3438 599 3499 ἐπέϐαλεν
647 3443 729 3499 ἐπ’
774 3445 872 3517 ἐμὲ
916 3446 1044 3509 τοὺς
1110 3448 1425 3525 ὀφθαλμοὺς
1490 3449 1655 3519 αὐτῆς
1693 3472 1705 3485 ’
1758 3450 1841 3505 6'1:

198 3533 350 3587 εἶπον
379 3533 514 3606 αὐτῇ
545 3534 596 3587 οἱ
629 3533 879 3609 εύνοῦχοι
910 3537 1034 3612 περὶ
1066 3536 1221 3609 ἐμοῦ.
1256 3538 1353 3592 Καὶ
1405 3537 1551 3613 λέγει
1578 3543 1657 3611 τῷ
1687 3536 1842 3615 ἀνδρὶ

196 3621 367 3691 αὐτῆς
400 3621 522 3694 περὶ
567 3626 664 3676 τοῦ
717 3618 1043 3695 μεταϐόλου,
1099 3624 1181 3680 6'1:
1232 3625 1564 3697 ἐπλούτησεν
1611 3627 1663 3682 ἐν
1694 3616 1843 3704 χειρὶ

196 3711 323 3765 νέου
378 3711 524 3771 τινὸς
581 3705 835 3785 Ἑϐραίου
871 3734 882 3746 ·
948 3712 1168 3789 λέγουσι
1218 3712 1317 3784 δὲ,
1372 3715 1455 3770 ὅτι
1511 3716 1600 3770 καὶ
1656 3716 1841 3791 κλοπῇ

198 3797 430 3872 ἔκλεψαν
487 3798 645 3853 αὐτὸν
704 3800 764 3854 έκ
815 3807 919 3875 γῆς
978 3804 1187 3858 Χαναάν
1225 3846 1238 3860 .
1296 3804 1400 3858 Νῦν
1456 3803 1545 3858 οὖν
1612 3805 1841 3875 ποίησον

203 3892 320 3959 μετ’
352 3888 515 3942 αὐτοῦ
543 3887 740 3964 κρίσιν,
790 3889 880 3943 καὶ
926 3890 1130 3968 ἀφελοῦ
1175 3892 1267 3947 τὸν
1318 3892 1523 3947 νεανίαν
1570 3893 1644 3955 είς
1696 3894 1842 3949 οἷκο-

195 3972 369 4048 νόμον
428 3978 541 4047 (47)
592 3995 725 4032 σου·
776 3978 867 4032 καὶ
917 3976 1201 4055 εὖλογήσει
1253 4002 1311 4035 σε
1355 3982 1383 4035 6
1429 3986 1535 4036 τῶν
1577 3976 1842 4059 Ἑϐραίων

196 4066 352 4135 Θεὸς,
386 4064 469 4119 6'1:
500 4066 663 4142 χάρις
688 4065 746 4120 ἐκ
774 4070 871 4121 τοῦ
901 4067 1131 4143 ούρανοῦ
1166 4068 1305 4124 ἐστιν
1336 4069 1417 4125 ἐπ’
1448 4069 1613 4143 αύτῷ.

272 4156 372 4211 ΙΓ“.
435 4176 457 4205 ι
501 4160 553 4208 '0
604 4152 661 4209 δὲ
714 4155 974 4233 Πετεφρίς
1031 4160 1143 4231 (48)
1195 4159 1429 4223 πεισθεὶς
1482 4166 1601 4222 τοῖς
1659 4156 1847 4237 λόγοις

196 4242 391 4315 αὐτῆς,
439 4242 713 4299 ἐκέλευσεν
761 4244 998 4320 ἀχθῆναι
1046 4247 1137 4301 τὸν
1192 4242 1519 4320 μετάϐολον,
1568 4250 1657 4303 καὶ
1697 4248 1848 4325 λέγει

192 4332 365 4403 αύτῷ-
407 4356 429 4382 ‹
459 4333 518 4387 Τί
557 4338 724 4388 ταῦτα
771 4334 973 4408 ἀκούω,
1027 4335 1108 4390 6'1:
1140 4334 1389 4399 κλέπτεις
1438 4338 1616 4413 ψυχὰς
1657 4338 1715 4393 ἐκ
1744 4346 1848 4413 γῆς

188 4415 462 4495 Ἑϐραίων
496 4423 609 4494 (49)
650 4422 725 4483 εἰς
772 4420 966 4484 παῖδας
1017 4423 1377 4497 μετεμπολῶν
1410 4429 1520 4498 (51)
1555 4446 1569 4495 ;
1605 4453 1626 4481 ι
1667 4428 1848 4481 Πεσὼν

195 4508 293 4564 οὖν
329 4509 417 4564 ἐπὶ
465 4510 757 4585 πρόσωπον
790 4510 955 4566 αὐτοῦ
988 4512 1016 4565 6
1052 4508 1377 4585 μετάϐολος,
1422 4511 1599 4569 ἐδέετο
1651 4514 1849 4589 λέγων’

196 4622 227 4650 ‹‹
282 4598 487 4671 Δέομαί
544 4620 678 4668 σου,
736 4598 908 4675 κύριε,
969 4599 1068 4654 οὐκ
1116 4598 1239 4656 οἶδα
1282 4602 1310 4656 ὃ
1358 4600 1559 4677 λέγεις.
1613 4627 1640 4655 ››
1690 4604 1747 4657 '0
1797 4599 1854 4658 δὲ
1885 4640 1931 4705 D

198 4686 223 4703 ,ν
479 4688 585 4705 ..ιη
724 4686 748 4705 ν
857 4690 869 4705 .
1022 4695 1045 4705 ..
1265 4691 1277 4705 .
1333 4686 1426 4705 ,κο
1503 4696 1525 4705 -
1757 4698 1791 4705 --
1838 4692 1851 4705 ι

478 4688 643 4742 Πόθεν
689 4686 780 4741 οὖν
849 4690 878 4743 6
944 4695 1074 4751 παῖς
1123 4710 1206 4744 σοι
1258 4691 1286 4745 6
1333 4686 1632 4767 Ἑϐραῖοςς
1682 4716 1703 4744 ι
1757 4692 1854 4746 Καὶ

509 4776 571 4829 Οἱ
617 4775 964 4850 Ἰσμαηλῖται
1022 4778 1314 4851 παρέθεντό
1373 4800 1466 4852 μοι
1524 4780 1708 4851 αὑτὸν,
1750 4778 1853 4843 ἓως

196 4686 329 4764 ἔφη’
390 4712 418 4739 ((

195 4776 293 4830 εἴπ
300 4796 352 4830 εν
362 4796 374 4808 ⁸
428 4800 455 4827 ‹(

1039 4975 1107 5030 Ἥ
1191 4973 1391 5045 σκότει,
1478 4977 1642 5033 addit
1723 4978 1852 5035 cod.

189 5045 386 5126 Giton.
420 5045 656 5126 omissis
687 5045 1069 5119 sequentibus
1099 5064 1133 5103 a
1180 5046 1377 5119 Κύριος
1426 5064 1610 5119 usque
1637 5068 1851 5126 σωφρο-

188 5115 385 5183 σύνην.
421 5118 594 5171 GRAB.

424 5188 775 5262 Συνέρχεται.
813 5186 1102 5262 Συνέχεται
1136 5207 1248 5262 ms.
1290 5191 1453 5262 Trin.
1486 5192 1567 5262 ID,

268 5259 390 5334 (44)
452 5258 644 5334 Πράξὲί
703 5258 855 5333 ὑμῶν
912 5258 1027 5317 τόν*
1090 5258 1239 5334 Πάσῃ
1295 5261 1483 5333 πράξει
1544 5260 1697 5333 ὑμῶν
1749 5261 1857 5334 πρὸ

184 5327 508 5405 ὀφθαλμῶν
540 5331 654 5405 τόν.
688 5327 765 5386 In.

183 5400 391 5527 1'45)
443 5402 683 5479 MEMP'O"
736 5404 951 5481 Μεμφῖς
1001 5407 1034 5475 ἡ
1089 5400 1395 5474 ἐλλακπίνη
1439 5406 1536 5457 τοῦ
1562 5405 1855 5482 πεντεφρῆ.

218 5488 281 5527 D.

218 5488 281 5527 D.

267 5544 391 5621 (46)
436 5544 684 5621 Πετεφρί.
742 5546 825 5621 Il_a
873 5548 944 5621 is,
996 5550 1095 5618 qui
1146 5548 1205 5602 in
1251 5545 1733 5621 Hebraeqdicitur
1759 5554 1861 5603 P0-

180 5616 417 5693 tz'phar,
450 5616 689 5674 vocatur
719 5639 751 5674 a
783 5619 916 5676 LXX
940 5616 1113 5694 jukta
1159 5619 1459 5695 exemplar
1489 5617 1857 5692 Vaticanum,

271 4973 391 5045 (42)
447 4972 532 5051 Ἦ-
604 4972 949 5051 συκοφαντίᾳ,

1952 3357 2170 3429 phitica
2200 3356 2411 3412 mulier
2439 3356 2707 3429 Petephri
2737 3372 2869 3410 cum
2903 3354 3089 3426 gloria
3121 3355 3325 3423 multa,
3359 3356 3415 3407 et
3446 3352 3595 3423 inje-

1952 3447 2031 3502 cit
2051 3463 2228 3518 super
2248 3463 2341 3501 me
2362 3445 2561 3501 oculos
2584 3462 2725 3501 suos
2750 3462 2763 3512 ;
2806 3444 3085 3516 quoniam
3127 3443 3393 3498 dixerant
3412 3440 3461 3496 ei
3494 3457 3593 3496 eu-

1952 3534 2129 3588 nuchi
2164 3534 2234 3589 de
2292 3550 2404 3589 me.
2455 3534 2525 3588 Et
2571 3533 2715 3588 dicit
2762 3532 2882 3588 viro
2934 3549 3042 3587 suo
3094 3532 3164 3586 de
3217 3529 3595 3602 negotiatore,

1951 3623 2108 3693 quod
2140 3622 2358 3677 ditatus
2389 3625 2546 3677 esset
2573 3620 2633 3676 in
2665 3638 2845 3676 manu
2875 3620 3111 3692 juvenis
3151 3618 3461 3690 cujusdam
3495 3617 3599 3671 Ile-

1952 3709 2129 3767 brtei:
2172 3710 2377 3765 dicunt
2420 3726 2576 3778 vero,
2626 3709 2780 3781 quod
2833 3709 2987 3764 furto
3028 3707 3205 3763 furati
3236 3709 3432 3762 essent
3459 3722 3596 3760 eum

1952 3801 2023 3855 de
2052 3804 2206 3855 terra
2235 3798 2529 3855 Chanaan.
2561 3798 2727 3853 Nunc
2756 3814 2892 3869 ergo
2922 3798 3011 3852 fac
3041 3812 3173 3853 cum
3199 3793 3594 3866 eojudicium,

1953 3893 2010 3944 et
2037 3888 2201 3943 aufer
2220 3889 2497 3959 juvenem
2522 3886 2583 3941 in
2610 3887 3075 3957 dispensatorem
3106 3888 3273 3938 tuum
3300 3900 3314 3950 ;
3349 3886 3406 3937 et
3427 3881 3600 3936 bene-

1953 3977 2107 4033 dicet
2135 3977 2237 4032 tibi
2270 3976 2423 4032 Deus
2446 3975 2843 4042 Hebraeorum,
2867 3972 3142 4046 quoniam
3165 3969 3352 4044 gratia
3372 3986 3441 4026 ex
3456 3967 3599 4026 coelo

1952 4072 2042 4122 est
2069 4066 2129 4120 in
2162 4064 2309 4137 ipso.

2025 4155 2173 4210 XIII.
2210 4178 2236 4205 «
2271 4152 2571 4226 Petephris
2597 4153 2734 4208 dero
2776 4168 3134 4224 persuansus
3163 4148 3359 4206 verbis
3388 4146 3597 4220 ipsius,

1950 4244 2133 4316 jussit
2162 4243 2369 4298 adduci
2402 4242 2846 4314 negotiatorem,
2876 4248 2932 4297 et
2962 4240 3101 4295 dicit
3132 4240 3221 4295 ei:
3252 4263 3279 4290 «
3307 4238 3454 4305 Quid
3479 4236 3604 4292 haec

1958 4332 2154 4400 audio,
2204 4332 2359 4403 quod
2409 4332 2623 4386 furaris
2675 4330 2904 4386 animas
2933 4347 3001 4384 ex
3032 4334 3185 4384 terra
3208 4327 3602 4391 Hebraeorum,

1959 4422 2019 4476 in
2052 4421 2249 4493 pueris
2280 4419 2598 4474 vendendis
2630 4420 2740 4490 (50)
2766 4418 2794 4473 ‘I
2828 4440 2855 4467 ››
2889 4418 3112 4473 Cadens
3144 4416 3322 4488 igitur
3343 4411 3602 4485 negotia-

1960 4514 2052 4565 tor
2081 4510 2138 4564 in
2162 4508 2370 4564 faciem
2392 4524 2581 4576 suam,
2606 4508 2954 4579 precabatur
2973 4506 3175 4560 dicens
3199 4521 3213 4559 :
3247 4526 3273 4554 «
3301 4503 3506 4559 Precor
3525 4504 3603 4566 te,

1962 4598 2216 4666 domine,
2250 4613 2364 4652 non
2398 4595 2529 4652 novi
2552 4594 2693 4667 quid
2717 4595 2883 4651 dicis.
2915 4618 2935 4643 ι
2964 4593 3067 4648 Ille
3087 4607 3218 4647 vero
3241 4590 3322 4645 ait
3347 4606 3360 4646 :
3388 4609 3416 4637 «
3441 4586 3606 4642 Unde

1965 4688 2146 4759 igitur
2173 4686 2279 4741 tibi
2309 4703 2455 4757 puer
2491 4684 2768 4740 Hebraeus
2788 4683 2815 4737 ?
2846 4706 2875 4733 ››
2924 4686 2992 4737 Et
3022 4680 3166 4736 dixit
3193 4698 3206 4736 :
3237 4703 3264 4730 «
3300 4674 3607 4734 Ismaelitaa

1964 4775 2522 4833 commendaverunt
2553 4772 2695 4827 mihi
2730 4772 2947 4842 ipsum,
2979 4784 3284 4841 usquequo
3316 4768 3606 4823 revertan-

1964 4971 2077 5030 nisi
2110 4969 2259 5043 quod
2294 4973 2327 5038 ἦ
2360 4966 2487 5043 loco
2521 4966 2538 5019 ‘:
2566 4966 2772 5043 habet,
2794 4966 2877 5021 In.

2061 5037 2149 5110 47)
2181 5037 2503 5110 Οἱκονόμον.
2536 5037 2717 5092 Οἶκον⁸
2756 5040 2834 5093 ID.

2180 5111 2460 5188 Πετεφρίς.
2494 5113 2826 5188 ῌ-εντεφρῆς.
2862 5114 2942 5164 In.

2041 5177 2150 5257 (49)
2182 5177 2727 5257 ἘϐραίωνεΧαναάν.
2766 5184 2845 5257 ιρ.
2932 5251 2949 5257 _
3391 5245 3406 5257 .
3557 5240 3569 5255 ,

2039 5242 2151 5327 (50)
2207 5242 2290 5311 ιη’
2320 5255 2505 5327 pueris
2560 5252 2882 5327 vendendis:
2926 5251 2988 5305 In
3032 5265 3229 5321 pueros
3267 5245 3524 5315 vendens,
3554 5242 3612 5297 id

1966 5322 2059 5386 est
2091 5322 2148 5382 in
2181 5322 2380 5383 servos
2406 5324 2525 5397 sive
2556 5323 2829 5397 famulos.
2863 5322 2968 5397 In.‘
2999 5394 3021 5397 μ
3232 5391 3266 5397 __
3404 5386 3418 5397 _
3500 5384 3513 5397 ,

2039 5401 2155 5471 (51)
2215 5392 2614 5471 ῌετεμπ-ολῶν.
2694 5389 3066 5471 Ἀπεμπολῷο
3127 5391 3346 5447 rectius
3404 5386 3619 5471 ξερῖιιιῐδ

1967 5471 2025 5525 in
2042 5455 2187 5527 'cod.
2223 5455 2403 5525 Oxon.
2434 5467 2632 5537 Neque
2675 5455 2845 5537 enini"
2880 5466 3119 5537 verbum
3156 5455 3523 5536 μετεμπώἁςυ
3559 5459 3616 5511 in

1969 5542 2088 5599 ullo
2120 5543 2401 5614 scriptore
2429 5536 2642 5610 legisse
2676 5536 2937 5593 memini.
2975 5541 3054 5595 ID.
