4016 6222
399 250 553 308 1135

1379 242 1622 308 TESTA
1642 245 1907 305 MENTA
1960 238 2068 305 XII
2113 239 2822 310 PATRIARCHARUM.

3646 246 3801 310 1136

396 386 510 435 tur.
543 403 565 432 ι
602 379 670 434 Et
699 396 813 435 non
845 378 1090 436 credidit
1130 380 1219 436 ei:
1271 379 1373 435 sed
1414 380 1595 450 jussit
1664 380 1889 434 nudum
1945 379 2046 434 fla-

2170 376 2225 430 οὗ
2284 373 2669 453 ἐπιστρέψωσι.
2718 402 2747 431 ››
2795 376 2897 434 Καὶ
2946 376 3045 434 ούκ
3095 377 3396 437 ἐπίστευσεν
3450 378 3615 455 αύτῷ·
3674 380 3804 436 ἀλλ’

397 467 601 541 gellari
632 483 786 522 eum.
839 467 1179 523 Sustinente
1226 484 1359 523 vero
1403 484 1493 535 eo,
1524 467 1669 523 dixit
1696 467 2038 540 Petephris:

399 579 428 608 ι(
459 556 1077 627 Adducaturjuvsnis.
1104 578 1132 606 »
1158 559 1225 612 Et
1246 557 1524 612 inductus
1547 557 1868 629 supplicavi
1891 557 2044 628 prin-

398 645 513 718 cipi
543 645 989 713 cunuchorum;
1038 646 1245 702 tertius
1294 646 1449 702 enim
1497 652 1622 702 erat
1670 646 1728 701 in
1760 646 2044 719 dignitate

400 735 555 807 apud
586 735 969 803 Pharaonem,
1003 735 1275 807 princeps
1321 736 1584 791 omnium
1618 735 2042 807 cunuchorum,

400 824 627 880 habens
658 840 887 893 uxores,
920 828 976 879 et
1005 826 1386 893 concubinas,
1420 830 1477 880 et
1507 824 1677 882 ﬁlios.
1709 826 1927 880 Etcum
1952 840 2045 879 me

404 929 672 969 seorsum
704 912 988 983 duxisset,
1023 914 1204 969 dixit:
1256 936 1283 964 «
1317 914 1526 969 Servus
1576 930 1660 983 es,
1691 931 1765 968 an
1796 913 1987 969 liber?
2020 936 2040 963 ι»

404 1006 460 1059 et
491 1001 791 1057 dicebam:
830 1024 858 1051 ‹‹
890 1002 1120 1058 Servus.
1157 1027 1179 1055 ι
1217 1002 1285 1058 Et
1325 1003 1466 1059 dicit
1498 1002 1681 1057 mihi:
1718 1024 1745 1052 «
1778 1004 1955 1074 Cujus
1986 1019 2048 1058 es

404 1091 654 1148 servus?
683 1114 704 1144 η
741 1091 811 1145 Et
840 1090 968 1147 dico
998 1090 1087 1147 ei:
1132 1114 1159 1141 ‹‹
1193 1090 1646 1147 Ismaelitarum.
1684 1112 1713 1141 ››
1746 1092 1813 1147 Et
1844 1108 2049 1148 rursus

407 1180 551 1237 dixit
582 1179 734 1235 mei:
771 1202 799 1230 «
833 1179 1093 1244 Qualiter
1121 1180 1383 1252 ipsorum
1416 1181 1603 1236 factus
1634 1196 1696 1236 es
1736 1196 1937 1237 servus
1959 1180 1987 1234 ?
2018 1200 2048 1229 »

405 1269 474 1326 Et
494 1268 762 1325 dicebam
788 1286 801 1327 :
828 1291 856 1319 «
881 1268 1167 1333 Quoniam
1187 1286 1255 1325 ex
1278 1273 1433 1325 terra
1471 1269 1743 1325 Chanaan
1785 1272 2052 1325 emerunt

408 1374 522 1415 me.
560 1381 581 1408 ι
618 1357 717 1413 Ille
746 1374 879 1414 vero
908 1374 1025 1414 non
1056 1358 1322 1427 credidit,
1355 1358 1591 1415 dicens:
1621 1381 1649 1409 ‹‹
1684 1357 1985 1429 Mentiris;
2020 1379 2049 1409 »

408 1453 465 1506 et
493 1448 717 1503 nudum
741 1448 926 1518 jussit
957 1464 1049 1503 me
1075 1447 1376 1519 ﬂagellari.

477 1536 616 1593 XIV.
672 1558 700 1587 «
759 1535 1133 1607 Memphitica
1186 1553 1321 1593 vero
1374 1536 1521 1592 vidit
1578 1552 1679 1609 per
1738 1537 2050 1594 fenestram

411 1642 504 1682 me
540 1624 917 1696 ﬂagellatum,
950 1628 1007 1680 et
1054 1624 1233 1681 mittit
1262 1626 1333 1681 ad
1364 1625 1556 1681 virum
1587 1643 1781 1694 suum,
1812 1626 2049 1681 dicens:

412 1737 441 1766 «
474 1715 766 1785 Injustum
794 1719 882 1769 est
918 1714 1211 1784 judicium
1260 1718 1453 1781 tuum,
1502 1714 1782 1787 quoniam
1814 1721 1871 1769 et
1901 1715 2052 1769 furtu

2153 464 2400 522 ἐκέλευσε
2456 469 2659 544 γυμνὸν
2708 468 2996 524 τύπτεσθαι
3054 468 3247 528 αὐτόν.
3304 472 3687 545 Ἐπιμένοντος
3745 470 3805 525 δὲ

2151 555 2339 627 αὐτοῦ,
2391 555 2534 633 λέγει
2584 558 2611 612 6
2654 556 2945 637 Πετεφρίς.
3002 582 3023 609 ε
3079 559 3335 635 ’Δχθήτω
3385 564 3497 634 (52)
3547 562 3576 615 6
3630 560 3806 616 νεανί-

2154 664 2303 706 σκος.
2339 668 2367 695 ››
2397 645 2496 699 Καὶ
2546 645 2817 722 εἰσαχθεὶς
2869 646 3243 723 προσεκύνησα
3270 646 3349 721 τῷ
3391 649 3808 725 ἀρχιευνούχφ·

2151 732 2332 808 τρίτος
2363 732 2465 810 γὰρ
2494 737 2559 803 ἦν
2592 735 2644 790 ἐν
2678 736 2797 807 ἀξίᾳ
2825 738 2971 810 παρὰ
2997 740 3079 809 τῷ
3111 738 3336 813 Φαραὼ,
3368 736 3555 815 ἄρχων
3593 741 3810 793 πάντων

2152 826 2261 876 τῶν
2318 822 2617 899 εὐνούχων,
2668 820 2811 901 ἔχων
2860 831 3148 902 γυναῖκας,
3203 827 3294 881 καὶ
3350 826 3668 896 παλλακάς,
3726 828 3815 881 καὶ

2154 905 2333 967 τέκνα.
2372 912 2476 967 Καὶ
2525 909 2861 989 διαχωρίσας
2896 936 2963 987 με
3010 914 3100 969 ἀπ’
3147 914 3335 985 αὑτοῦ,
3368 917 3503 974 εἶπε,
3546 939 3569 967 ι
3604 916 3815 979 Δοῦλος

2158 999 2225 1072 εἴ,
2276 1002 2311 1070 ἢ
2364 998 2646 1078 ἐλεύθερος
2679 1021 2693 1071 ;
2724 1025 2753 1054 ››
2777 1004 2867 1057 γαὶ
2921 1004 3092 1058 εἶπον·
3130 1028 3158 1058 ιι
3194 1004 3421 1067 Δοῦλος.
3456 1030 3485 1057 ››
3528 1006 3631 1061 Καὶ
3668 1006 3815 1081 λέγει

2157 1087 2295 1161 πρός
2326 1108 2412 1163 με’
2449 1089 2656 1154 «Τίνος
2688 1090 2735 1145 εἷ
2784 1088 2983 1154 δοῦλος
3017 1111 3084 1162 ;››
3117 1092 3207 1146 καὶ
3241 1090 3385 1169 λέγω
3432 1092 3603 1167 αύτῷ·
3640 1119 3672 1146 ι(
3707 1100 3820 1149 Τῶν

2160 1176 2543 1250 Ἰσμαηλιτῶν.
2596 1202 2625 1230 ››
2677 1178 2779 1236 Καὶ
2823 1178 2989 1235 πάλιν
3042 1175 3193 1256 λέγει
3243 1200 3357 1252 μοι·
3400 1206 3429 1233 ‹‹
3464 1188 3593 1245 Πῶς
3642 1184 3819 1238 αὐτῶν

2160 1266 2341 1343 ἐγένου
2390 1266 2635 1338 δοῦλος;
2686 1291 2715 1319 ››
2764 1268 2854 1324 καὶ
2903 1269 3075 1325 εἶποψ
3128 1294 3159 1322 ι(
3206 1272 3331 1328 ’Ότι
3361 1270 3421 1326 ἐκ
3464 1274 3571 1347 γῆς
3613 1273 3823 1327 Χαναὰν

2160 1354 2412 1431 ἐπρίαντό
2448 1377 2533 1430 με.
2569 1380 2598 1410 ιι
2626 1358 2683 1411 '0
2716 1354 2773 1412 δὲ
2820 1358 3107 1430 ἠπίστησε,
3150 1359 3354 1435 λὲγων,
3385 1359 3467 1415 ὅτι
3500 1387 3531 1414 ιι
3559 1359 3760 1436 ψεύδῃ
3794 1387 3821 1414 ι)

2159 1445 2248 1500 καὶ
2280 1446 2483 1521 γυμνὸν
2519 1442 2767 1501 ἰκὲλευσὲ
2799 1469 2865 1521 με
2892 1447 3205 1513 τύπτεσθαι.

2234 1536 2331 1592 ΙΔ’.
2372 1556 2394 1585 ι
2428 1536 2490 1591 Ἡ
2524 1532 2582 1589 δὲ
2611 1536 2828 1613 Μέμφις
2879 1536 3022 1613 ἑώρα
3073 1534 3163 1591 διὰ
3212 1534 3429 1614 θυρίδος
3472 1541 3823 1613 τυπνομένον

2166 1642 2291 1696 μου,
2324 1623 2413 1677 καὶ
2444 1622 2770 1679 ἀποστέλλει
2801 1626 2935 1699 πρὸς
2964 1625 3055 1680 τὸν
3104 1622 3271 1702 ἄνδρα
3317 1627 3509 1698 αὐτῆς,
3566 1627 3823 1704 λέγουσι’

2163 1736 2191 1763 ‹‹
2219 1708 2442 1774 Ἀδικός
2475 1712 2612 1767 ἐστιν
2664 1714 2698 1782 ἠ
2752 1714 2924 1787 κρίσις
2976 1734 3093 1781 σου,
3144 1713 3227 1770 ὅτι
3275 1714 3366 1771 καὶ
3412 1716 3504 1771 τὸν
3544 1716 3827 1773 κλαπέντα

415 1760 441 1766 ““
474 1760 766 1785 ⁶⁵⁶ιΙ“¹““’“’““⁵’⁶
795 1760 882 1769 “”’“’“
918 1760 1211 1784 ιΙ““”⁸“’“”“““⁵’
1267 1760 1453 1781 ““’““““⁸⁶ῗ
1505 1760 1782 1787 Ὶ““““¹⁵⁶““”⁵⁴⁶
1816 1760 1871 1769 ""
1901 1760 2049 1769 ⁵““”““’

413 1808 718 1875 abreptum
768 1805 1020 1861 liberum
1078 1804 1274 1877 punis,
1327 1810 1389 1861 ut
1436 1805 1652 1876 injuste
1700 1810 2052 1878 agentem.»

2170 1760 2191 1763 ν.
2245 1760 2441 1774 ..-ηας
2476 1760 2606 1767 η--.
2671 1760 2698 1782 -,
2754 1760 2924 1787 "rm,
2979 1760 3093 1781 --η
3147 1760 3227 1770 -..
3278 1760 3366 1771 η...
3425 1760 3501 1771 η,
3547 1760 3827 1773 ....-.....-

2170 1797 2445 1876 ἐλεύθερον
2504 1806 2790 1874 τιμωρεῖς,
2849 1802 2923 1864 ὡς
2973 1800 3323 1874 ἀδικήσαντα.
3382 1828 3411 1857 ››
3468 1811 3565 1879 ,Ως
3623 1802 3687 1860 δὲ
3734 1806 3829 1861 οὐκ

413 1894 521 1951 Ubi
569 1897 763 1949 autem
816 1911 932 1949 non
981 1894 1332 1950 commutavi
1395 1894 1638 1949 verbum
1704 1894 2053 1967 ﬂagellatus,

408 1983 587 2055 jussit
618 1983 901 2039 custodiri
932 1999 1044 2051 me,
1080 1999 1387 2055 usquequo
1418 1983 1677 2051 veniant,
1710 1983 1813 2053 ait,
1836 1982 2058 2039 domini

411 2072 598 2145 pueri.
624 2072 689 2127 Et
711 2088 856 2126 uxor
875 2073 1004 2143 ejus
1026 2071 1166 2127 dicit
1196 2072 1247 2127 ei
1275 2090 1287 2128 :
1325 2093 1353 2123 «
1386 2073 1630 2144 Propter
1659 2071 1797 2143 quid
1830 2072 2056 2129 detines

412 2159 706 2231 captivum
740 2159 994 2215 nobilem
1036 2176 1305 2230 puerum,
1360 2176 1536 2232 quem
1583 2160 1840 2232 oportuit
1870 2159 2057 2232 magis

413 2248 580 2319 solvi,
613 2252 671 2303 et
702 2248 973 2304 famulari
999 2248 1152 2303 tibi?
1181 2269 1208 2301 η
1242 2248 1440 2304 Voluit
1472 2249 1628 2303 enim
1661 2266 1752 2304 me
1781 2250 1976 2305 videre
1996 2248 2055 2303 in

413 2337 702 2393 desiderio
733 2336 989 2409 peccati;
1040 2342 1097 2393 et
1144 2337 1485 2410 ignorabam
1536 2339 1607 2393 de
1638 2338 1911 2393 omnibus
1941 2337 2055 2394 his.

415 2425 516 2482 llle
569 2442 703 2482 vero
761 2427 907 2482 dixit
964 2426 1386 2498 Memphitica):
1451 2448 1481 2478 «
1528 2427 1654 2482 Non
1713 2426 1848 2483 licet
1903 2427 2058 2499 apud

414 2516 730 2589 Egyptios,
764 2520 897 2572 ante
944 2517 1339 2572 ostensionem
1387 2517 1599 2572 auferri
1639 2515 1847 2572 aliena.
1882 2538 1911 2567 »
1945 2519 2058 2572 Hoc

419 2604 563 2661 dixit
593 2605 662 2661 de
694 2605 1087 2677 negotiatore;
1121 2608 1178 2661 et
1206 2605 1276 2660 de
1306 2621 1420 2677 me,
1453 2605 1729 2677 quoniam
1759 2605 1933 2662 debui
1962 2605 2058 2662 in-

418 2692 621 2751 clusus
650 2694 857 2749 teneri.

488 2782 609 2838 XV.
643 2804 672 2835 ‹‹
702 2782 839 2838 Post
867 2782 1070 2855 viginti
1098 2798 1232 2838 vero
1262 2786 1319 2838 et
1350 2786 1600 2855 quatuor
1629 2784 1754 2840 dies
1776 2789 2060 2841 venerunt

419 2870 766 2939 Ismaelitae;
817 2875 873 2926 et
921 2870 1060 2943 quia
1107 2871 1468 2938 audiverant,
1501 2873 1655 2943 quod
1686 2873 1863 2929 Jacob
1896 2878 2059 2946 pater

420 2976 588 3016 meus
628 2960 895 3016 tristatur
942 2960 1012 3015 de
1041 2976 1156 3025 me,
1190 2961 1464 3016 dixerunt
1495 2961 1677 3018 mihi:
1717 2985 1737 3013 α
1769 2962 1913 3028 Quid
1947 2966 2055 3032 est,

419 3050 573 3121 quod
606 3048 803 3105 dixisti
835 3049 1087 3121 teipsum
1113 3066 1342 3105 servum
1375 3065 1502 3105 esse
1523 3050 1551 3104 ?
1585 3055 1643 3106 et
1684 3067 1814 3107 ecce
1844 3068 2055 3123 cogno-

2163 1886 2380 1959 ἥλλαξα
2433 1888 2525 1944 τὸν
2568 1889 2729 1966 λόγον
2776 1890 3138 1964 τυπτόμενος,
3187 1891 3436 1948 ἐκέλευσε
3478 1892 3828 1972 (palen-.0011,-

2165 1977 2251 2032 ναί
2300 1979 2413 2053 (53)
2466 1999 2552 2052 με,
2600 1974 2704 2041 ἕως
2750 1979 2813 2033 οὗ
2863 1975 3103 2049 ἔλθωσι,
3156 1979 3338 2058 φησὶν,
3388 1982 3443 2036 οἱ
3490 1982 3687 2059 κύριοι
3738 1987 3828 2039 τοῦ

2164 2064 2382 2129 παιδός.
2416 2066 2515 2122 Καὶ
2544 2069 2578 2138 ἡ
2607 2069 2744 2143 γυνὴ
2791 2066 2939 2143 λέγει
2989 2070 3127 2145 πρὸς
3176 2068 3359 2124 αὐτόν·
3397 2093 3426 2121 α
3457 2072 3562 2125 Διά
3589 2072 3646 2126 τί
3680 2072 3828 2128 suvi-

2166 2175 2286 2231 χεις
2313 2156 2404 2211 τὸν
2454 2154 2815 2233 αἰχμάλωτον
2872 2156 3059 2232 εὐγενῆ
3109 2154 3297 2230 παῖδα,
3345 2159 3402 2213 ὃν
3456 2157 3572 2215 ἔδει
3608 2160 3827 2233 μᾶλλον

2168 2243 2351 2300 ἄνετον
2398 2245 2551 2318 εἶναι,
2602 2245 2692 2300 καὶ
2742 2246 3025 2323 ὑπηρετεῖν
3077 2267 3173 2302 σου
3215 2266 3230 2317 ;
3280 2270 3307 2298 n
3367 2244 3541 2316 ἤθελε
3597 2252 3709 2325 γάρ
3774 2272 3833 2323 με

2169 2334 2296 2411 ὁρᾷν
2347 2334 2398 2390 ἐν
2451 2334 2604 2408 πόθῳ
2656 2334 2944 2412 ἁμαρτίαςο
2996 2334 3086 2390 καὶ
3132 2335 3365 2411 ἠγνόουν
3418 2335 3470 2391 ἐν
3525 2344 3665 2392 πᾶσι
3708 2338 3831 2393 τού.

2166 2443 2302 2485 τοις.
2337 2423 2397 2477 Ὀ
2446 2420 2505 2477 δὲ
2543 2422 2660 2478 εἷπε
2701 2424 2836 2500 πρὸς
2877 2425 2977 2493 τὴν
3026 2423 3259 2502 Μέμφιν·
3312 2447 3341 2476 ‹‹
3371 2424 3488 2482 Ούκ
3537 2424 3657 2481 ἔστι
3711 2428 3834 2501 παρ’

2170 2510 2528 2586 Αἰγυπτίοις,
2584 2512 2689 2589 πρὸ
2747 2509 3072 2583 ἀποδείξεως
3131 2513 3475 2590 ἀφαιρεῖσθαι
3533 2514 3608 2570 τὰ
3665 2515 3838 2571 ἁλλό-

2165 2620 2311 2677 τρια.
2343 2624 2371 2654 ››
2420 2605 2595 2657 Ταῦτα
2649 2600 2765 2657 εἷπε
2820 2601 2943 2677 περὶ
2999 2606 3095 2657 τοῦ
3157 2597 3487 2675 μεταϐόλου,
3554 2604 3651 2659 καὶ
3715 2606 3832 2679 περὶ

2168 2689 2325 2764 ἐμοῦ,
2353 2689 2435 2746 ὅτι
2465 2694 2581 2765 (54)
2610 2685 2805 2769 ὅφειλα
2835 2690 3287 2767 ἐγκατάκλειστος
3319 2693 3476 2749 εἶναι.

2237 2780 2338 2838 IE'.
2401 2804 2427 2832 «
2464 2781 2609 2836 Μετὰ
2654 2777 2711 2835 δὲ
2752 2776 2920 2835 εἷ’κοσι
2968 2780 3229 2856 τέσσαρας
3275 2780 3486 2857 ἡμέρας
3543 2783 3730 2852 ἦλθον
3785 2786 3832 2839 οἱ

2169 2868 2510 2943 Ἰσμαηλῖται
2544 2888 2557 2901 ο
2608 2868 2695 2924 καὶ
2755 2868 3097 2941 ἀκούσαντες,
3158 2868 3240 2925 ὅτι
3301 2866 3495 2925 Ἰακὼϐ
3561 2872 3592 2925 6
3650 2878 3829 2947 πατήρ

2171 2978 2275 3031 μου
2332 2963 2515 3022 πενθεῖ
2568 2957 2690 3035 περὶ
2743 2957 2900 3031 ὶμου,
2961 2956 3144 3013 εἵπασι
3198 2958 3338 3035 πρός
3400 2978 3488 3032 με’
3562 2983 3595 3012 «ι
3648 2962 3714 3015 Τί
3755 2964 3831 3016 δτι

2168 3046 2321 3110 εἶπας
2373 3046 2614 3119 σεαυτὸν,
2666 3044 2747 3101 δτι
2799 3044 2995 3108 δοῦλός
3040 3046 3155 3119 εἰμι
3190 3066 3205 3117 ;
3237 3047 3327 3101 καὶ
3382 3045 3502 3103 ἰδοὺ
3559 3047 3827 3125 ἔγνωμεν,

416 3138 631 3208 vimus,
666 3139 820 3209 quod
856 3138 1009 3194 filius
1039 3155 1100 3194 es
1130 3139 1237 3194 viri
1266 3139 1465 3211 magni
1486 3139 1544 3193 in
1569 3144 1718 3195 terra
1744 3140 2015 3196 Chanaan
2042 3160 2052 3210 ς

2172 3135 2255 3189 ὅτι
2308 3136 2422 3198 υἱὸς
2470 3136 2518 3190 εἴ
2574 3133 2765 3211 ἀνδρὸς
2821 3133 3060 3210 μεγάλου
3113 3134 3163 3189 ἐν
3213 3139 3282 3209 τῇ
3334 3140 3405 3211 γῇ
3454 3140 3706 3211 Χαναὰν,
3750 3142 3831 3194 ui

420 3233 477 3283 et
507 3229 773 3284 tristatur
802 3229 872 3283 de
902 3231 957 3283 te
988 3232 1154 3300 pater
1200 3232 1340 3283 tuus
1384 3228 1444 3283 in
1477 3245 1665 3285 sacco.
1699 3250 1728 3279 ››
1761 3230 1828 3284 Et
1858 3247 2067 3286 rursus

418 3316 576 3373 volui
633 3316 964 3389 lacrymari,
1018 3322 1076 3372 et
1130 3318 1390 3373 continui
1451 3318 1767 3390 meipsum,
1829 3323 1894 3373 ut
1951 3336 2067 3375 non

421 3407 836 3464 confunderem
889 3407 1095 3462 fratres
1141 3423 1324 3462 meos.
1374 3407 1439 3461 Et
1488 3406 1643 3462 dixi:
1702 3429 1724 3459 ι
1759 3409 1876 3478 Ego
1907 3408 2065 3465 istud

422 3514 538 3552 non
570 3496 739 3565 novi;
792 3513 993 3551 servus
1043 3513 1196 3552 sum.
1232 3518 1259 3547 »
1293 3498 1457 3552 Tunc
1488 3497 1718 3552 inibant
1752 3497 2064 3554 consilium

420 3584 709 3640 vendendi
766 3601 880 3652 me,
933 3601 1006 3640 ne
1064 3584 1356 3641 invenirer
1406 3585 1465 3639 in
1517 3584 1789 3641 manibus
1840 3603 2063 3642 eorum.

424 3675 794 3744 Timuerunt,
827 3674 983 3729 enim
1025 3674 1226 3743 Jacob,
1268 3690 1341 3729 ne
1389 3674 1603 3730 faceret
1649 3674 1710 3729 in
1750 3673 1834 3730 eis
1877 3674 2065 3731 vindi-

425 3768 579 3819 ctam
629 3762 890 3835 periculi.
939 3762 1221 3818 Auditum
1273 3767 1363 3819 est
1407 3762 1584 3834 enim,
1627 3764 1784 3833 quod
1816 3780 2066 3835 magnus

424 3856 579 3909 esset
603 3853 758 3924 apud
811 3852 1123 3907 Dominum
1172 3855 1229 3907 et
1275 3851 1564 3908 homines.
1600 3853 1763 3909 Tunc
1794 3852 1935 3907 dicit
1964 3870 2064 3909 ne-

421 3942 670 4015 gotiator
711 3940 831 3996 eis:
889 3962 912 3992 ι
964 3940 1175 3997 Solvite
1224 3957 1315 3996 me
1366 3959 1399 3996 a
1433 3942 1658 4011 judicio
1710 3941 1998 4013 Petephri.
2036 3966 2057 3992 ι

417 4031 769 4085 Accedentes
818 4029 998 4101 igitur
1044 4030 1317 4101 petebant
1362 4046 1474 4100 me,
1523 4031 1829 4086 dicentes:
1884 4053 1912 4080 ‹‹
1962 4031 2062 4087 Dic

418 4119 574 4191 quod
606 4121 843 4191 argento
894 4122 1127 4190 emptus
1174 4134 1236 4173 es
1286 4135 1319 4173 a
1367 4119 1557 4183 nobis,
1590 4123 1647 4175 et
1674 4118 1770 4175 ille
1800 4118 2061 4176 absolvet

415 4224 541 4264 n08.
579 4229 607 4258 ))

485 4296 626 4351 XVI.
659 4296 1099 4368 «Memphitica
1144 4313 1278 4352 vero
1328 4297 1585 4353 ostendit
1634 4297 1757 4354 viro
1810 4315 1939 4366 suo,
1994 4303 2059 4355 ut

412 4390 630 4442 emeret
660 4402 790 4442 me:
826 4410 853 4437 «
888 4386 1073 4441 Audio
1108 4387 1288 4455 enim,
1313 4387 1412 4453 ait,
1439 4387 1590 4458 quod
1615 4388 1875 4442 vendunt
1895 4404 2051 4443 eum.

2176 3227 2359 3280 πενθεῖ
2385 3225 2508 3300 περὶ
2558 3229 2654 3279 σοῦ
2683 3225 2711 3279 6
2741 3226 2922 3300 πατήρ
2965 3245 3061 3278 σου
3107 3223 3158 3279 ἑν
3210 3224 3413 3298 σάκκῳ.
3450 3250 3476 3277 )›
3512 3229 3624 3283 Καὶ
3670 3228 3827 3283 πάλιν

2175 3312 2372 3385 ἤθελον
2398 3317 2508 3389 (55)
2533 3311 2814 3391 δακρῦσαι,
2836 3312 3065 3389 ἐπέσχον
3090 3312 3345 3387 ἐμαυτὸν,
3362 3312 3457 3369 ἵνα
3480 3318 3565 3388 μὴ
3594 3318 3829 3393 aio—[lacn

2176 3404 2302 3467 τοὺς
2335 3402 2604 3483 ἀδελφούς
2638 3424 2762 3477 μου.
2796 3403 2894 3457 Καὶ
2915 3402 3084 3458 εἴποψ
3116 3428 3144 3455 ‹‹
3173 3404 3316 3479 Ἐγὼ
3348 3402 3448 3458 ούκ
3477 3402 3829 3468 οἶδα·δοῦλέις

2178 3493 2313 3568 εἶμι.
2347 3518 2376 3545 ››
2408 3493 2538 3548 Τότε
2585 3490 2934 3569 βουλεύονται
2984 3488 3242 3561 πωλῆσαί
3276 3512 3364 3565 με,
3391 3489 3485 3547 ἵνα
3517 3495 3602 3566 μή
3635 3494 3827 3570 εύρτθῶ

2178 3581 2228 3637 ἐν
2278 3580 2463 3658 χερσῖν
2523 3581 2716 3639 αὐτῶν.
2774 3576 3097 3659 Ἐφοόοὖντο
3146 3580 3250 3658 γὰρ
3312 3582 3404 3637 τὸν
3455 3579 3701 3653 Ἰακὼϐ,
3750 3584 3829 3638 ἵνα

2180 3672 2255 3745 μὴ
2314 3674 2517 3746 ποιήσῃ
2573 3670 2623 3725 ἐν
2668 3670 2851 3732 αὐτοῖς
2896 3667 3169 3741 ἐκδίκησιν
3233 3667 3483 3725 κινδύνου
3516 3717 3528 3727 .
3560 3673 3820 3742 Ἧκοῇ

2173 3760 2273 3835 γὰρ
2304 3805 2317 3831 ,
2369 3759 2453 3815 ὅτι
2504 3761 2670 3836 μὲγας
2719 3758 2828 3815 ἐστὶ
2879 3760 3027 3835 παρὰ
3073 3758 3251 3835 Κυρίῳ
3307 3759 3396 3813 καὶ
3460 3760 3818 3835 ἀνθρώποις.

2172 3849 2302 3904 Τότε
2333 3848 2479 3925 λέγει
2512 3850 2540 3904 6
2575 3844 2878 3923 μετάϐολος
2906 3848 3110 3911 αὐτοῖς’
3151 3872 3173 3901 ι
3208 3848 3413 3904 Λύσατὲ
3462 3872 3537 3923 με
3586 3851 3699 3906 ἀπὸ
3738 3858 3820 3920 τῆς

2170 3938 2398 4013 κρίσεως
2428 3938 2674 4017 Πετεφρί.
2730 3962 2758 3990 ››
2808 3935 3205 4014 Προσελθόντες
3255 3934 3345 3991 οὖν
3399 3936 3576 4013 ᾔτουν
3620 3962 3713 4012 με,
3744 3940 3820 3994 λὲο

2170 4048 2377 4101 γοντες·
2413 4052 2441 4080 ‹‹
2476 4027 2627 4100 Εἰπὲ,
2660 4026 2745 4082 ὅτι
2791 4026 2842 4081 ἐν
2893 4026 3140 4103 ἀργυρίῳ
3188 4025 3473 4101 ἠγοράσθη
3508 4030 3632 4101 (56)
3672 4032 3815 4099 ἡμῖν,

2167 4116 2414 4179 κάκεῖνος
2445 4117 2707 4173 ἀπέλυσεν
2741 4118 2852 4192 (57)
2883 4118 3055 4191 ἡμᾶς.

2238 4296 2331 4358 ἶς’.
2372 4318 2399 4347 ‹‹
2431 4292 2709 4365 Ἐδήλωσε
2736 4291 2793 4349 δὲ
2821 4296 2856 4365 ἠ
2888 4291 3105 4371 Μέμφις
3150 4290 3229 4364 τῷ
3275 4289 3431 4369 ἀνδρί
3467 4292 3670 4363 αὐτῆς,
3703 4296 3817 4368 πρί-

2165 4381 2321 4437 ασθαί
2382 4405 2447 4455 με
2481 4403 2494 4417 ·
2554 4409 2583 4436 ‹‹
2642 4382 2853 4440 Ἀκούω
2908 4382 3012 4458 γὰρ
3047 4427 3060 4450 ,
3120 4380 3329 4460 φησὶν,
3389 4380 3476 4437 ὅτι
3540 4383 3814 4439 πωλοῦσιτ

411 4475 482 4531 Et
516 4476 677 4531 misit
706 4476 1042 4531 eunuchum
1074 4477 1144 4531 ad
1176 4475 1521 4541 Ismaelitas,
1554 4476 1653 4549 (et)
1688 4476 1849 4548 petiit
1879 4494 1970 4532 me
1994 4477 2052 4532 in

2170 4470 2358 4529 αὐτόν.
2418 4497 2446 4524 ››
2494 4473 2592 4527 Καὶ
2640 4471 2949 4529 ἀπέστειλεν
3007 4471 3267 4548 εὐνοῦχον
3324 4476 3444 4533 τοῖς
3504 4472 3815 4545 Ἰσμαηλίο

406 4565 837 4634 venditionem;
885 4570 942 4620 et
988 4582 1104 4621 non
1151 4566 1350 4621 volens
1400 4567 1584 4621 facere
1634 4583 1768 4621 cum
1804 4566 1888 4621 eis
1916 4566 2051 4638 (60),

477 4797 587 4870 (5
619 4796 889 4870 Ἀχθήτωᾼ
906 4797 1307 4870 Ἀποκρισῄτωτ
1332 4796 1514 4852 GRAB.

623 4865 1027 4942 φύλακιοθῆναι
1039 4912 1062 4942 ._
1080 4865 1465 4942 Φυλαχβῇναι.
1502 4870 1584 4923 ID.

474 4940 590 5010 (54)
636 4938 775 5010 Ὦτι.
837 4940 975 4994 God.
1039 4940 1221 4995 Oxon.
1250 4937 1377 4995 "hic
1426 4940 1667 4995 inserit:
1727 4937 1826 4992 Καὶ
1860 4938 1887 4992 ὸ
1918 4943 2046 5001 παῖς

402 5006 506 5086 οὖν»
532 5006 759 5086 ὀφείλει.
794 5012 872 5086 ιρτ

473 5078 586 5153 (55)
618 5078 787 5134 Πάλιν
821 5079 1039 5149 ἤθελον.
1078 5082 1220 5153 Πάνυ
1252 5079 1447 5135 Οέλων.
1484 5082 1563 5136 ΙΙ).

466 5152 577 5231 (⁷56)
611 5152 1232 5279 ’[Ιγοραὶτθη.Ἒπράθης
1287 5154 1532 5208 venditus
1562 5169 1615 5208 es
1647 5153 1729 5208 Io.

470 5227 583 5279 (57)
616 5224 744 5278 Ἀττέ
771 5246 926 5279 ωηεν.
961 5222 1277 5277 ’Δπολύσει.
1312 5226 1391 5279 ID.

470 5222 583 5295 (57')
616 5222 926 5279 ’Artélu‘xsv.
961 5222 1277 5277 ’Δπολύσει.
1312 5226 1391 5280 ΙΙ).

468 5295 580 5365 (58)
619 5295 1008 5366 Ἰσμαηλέταις.
1071 5297 1292 5351 Statuit
1351 5299 1553 5349 auctor
1611 5301 1824 5363 nostcr,
1882 5296 2043 5350 Jose-

397 5367 575 5440 phum
614 5368 913 5440 Putiphuri
947 5369 1024 5440 ab,
1047 5367 1354 5440 Ismaelitis
1386 5367 1682 5440 venditum
1717 5384 1863 5440 esse.
1898 5370 2038 5421 Con-

392 5444 481 5491 tra
516 5439 578 5493 Ρι.
615 5436 846 5495 Salomo
876 5439 1072 5494 Jarchi
1104 5438 1425 5509 Josephum
1459 5436 1582 5509 vult
1613 5438 1824 5508 sapius
1846 5439 2038 5492 vendi-

391 5513 539 5569 tum.
576 5511 829 5580 primnm
865 5510 1193 5580 Ismaelitis,
1227 5508 1361 5565 inde
1393 5508 1748 5574 Madianitis,
1773 5511 1920 5563 etab
1948 5510 2037 5566 his

391 5581 629 5635 tandem
661 5582 1001 5656 Putipharo.
1032 5582 1248 5637 Verum
1281 5598 1314 5636 a
1343 5581 1607 5652 partibus
1631 5581 1815 5636 nostri
1841 5586 2037 5637 aucto-

2161 4580 2281 4621 ‘CMC
2334 4563 2469 4636 (58),
2519 4562 2704 4632 ᾐτεῖτο
2762 4560 2838 4624 εἷς
2886 4561 3078 4635 πράσιν
3128 4562 3259 4634 (59)'
3313 4558 3407 4614 καὶ
3460 4561 3547 4633 μή
3595 4561 3815 4632 θελησις

2161 4794 2242 4849 ris
2287 4798 2404 4850 stat
2431 4795 2708 4868 ,Moyses,
2768 4794 3233 4868 Genest‘xxxix,‘
3282 4794 3332 4847 1.
3366 4792 3602 4868 Raschi
3633 4800 3801 4851 autem

2161 4867 2392 4935 erravit,
2413 4865 2896 4923 dum'lsmaelitas
2913 4873 2970 4921 et
2984 4865 3332 4921 Madianitas
3347 4865 3595 4933 ambos,
3619 4868 3796 4924 Genes

2158 4953 2369 5006 xxxvn,
2400 4938 2491 5003 28,
2535 4939 2887 5005 nominatos,
2921 4938 3227 5010 distinctos
3258 4954 3292 4990 a
3320 4952 3381 4991 se
3418 4936 3687 5010 invicem
3722 4955 3798 5010 ριῖρο

2159 5009 2329 5079 pulos
2380 5011 2562 5065 fuisse
2611 5010 2850 5082 putavit,
2901 5026 3049 5081 quos
3096 5009 3355 5082 eosdem,
3386 5007 3797 5082 diversiolicez

2158 5078 2522 5152 nominibus,
2574 5078 2892 5152 appellatos
2918 5078 3143 5152 luisse,
3187 5083 3246 5133 et
3274 5078 3493 5152 _J:id‘ic.
3560 5097 3692 5136 vm.
3731 5082 3796 5133 ﬁt

2157 5151 2302 5206 bene
2326 5152 2589 5221 probavit
2610 5148 2902 5208 Abenezra
2926 5153 2983 5206 in
3016 5151 3205 5206 locum
3238 5148 3337 5204 cit.
3380 5149 3712 5221 Genesens.
3738 5152 3793 5205 la

2228 5220 2340 5295 (59)
2386 5226 2595 5295 ᾜτεῖτο
2628 5222 2985 5295 ῌεῖςνπράσιν.
3017 5220 3267 5295 Δ,ιλῖτοῦσά
3329 5240 3396 5295 με
3451 5220 3534 5295 εἷς
3594 5220 3794 5295 διά-ερε-

2151 5291 2250 5369 civ.
2304 5291 2546 5369 Καλέσας
2596 5291 2685 5369 οὖν
2737 5294 2764 5347 6
2813 5291 3212 5369 ἆρχιμάγειρος
3271 5291 3402 5351 τοὺς
3456 5293 3789 5365 Ἰσμαηλίτπ

2148 5364 2268 5435 ἤτει
2306 5363 2474 5439 ⁹λεῃεῖς
2504 5364 2714 5439 πράσιν.
2752 5371 2834 5423 ID.

2220 5438 2342 5510 (60)
2366 5436 2503 5491 Cum
2550 5436 2644 5510 eis.
2693 5436 3077 5507 Subintellige
3124 5439 3501 5510 contractum
3538 5438 3785 5510 emptis.

2148 5507 2259 5577 nis,
2295 5507 2369 5564 0b
2403 5509 2871 5581 magnitudinem
2897 5510 3118 5567 scilicet
3152 5507 3349 5580 pretii,
3386 5509 3557 5581 quod
3597 5507 3781 5567 Ismae-

2146 5582 2261 5637 litae
2292 5586 2704 5654 poposcerunt.
2748 5582 2830 5639 Io.
