  <div class='ocr_page' id='page_1' title='image "/cluster/home/n/w/nwhite01/storage/ocr_20150623/2/hvd.32044073501397/576.png"; bbox 0 0 4016 6222; ppageno 0'>
   <div class='ocr_carea' id='block_1_1' title="bbox 246 546 385 608">
    <p class='ocr_par' dir='ltr' id='par_1_1' title="bbox 246 546 385 608">
     <span class='ocr_line' id='line_1_1' title="bbox 246 546 385 608; baseline -0.014 0"><span class='ocrx_word' id='word_1_1' title='bbox 246 546 385 608; x_wconf 81' lang='grc'>1137</span> 
     </span>
    </p>
   </div>
   <div class='ocr_carea' id='block_1_2' title="bbox 1441 540 2407 605">
    <p class='ocr_par' dir='ltr' id='par_1_2' title="bbox 1441 540 2407 605">
     <span class='ocr_line' id='line_1_2' title="bbox 1441 540 2407 605; baseline -0.004 0"><span class='ocrx_word' id='word_1_2' title='bbox 1441 541 1687 605; x_wconf 83' lang='lat' dir='ltr'><strong>TES’I‘A</strong></span> <span class='ocrx_word' id='word_1_3' title='bbox 1702 540 2039 603; x_wconf 84' lang='lat' dir='ltr'><strong>MENTUM</strong></span> <span class='ocrx_word' id='word_1_4' title='bbox 2089 540 2407 602; x_wconf 85' lang='lat' dir='ltr'><strong>JOSEPH.</strong></span> 
     </span>
    </p>
   </div>
   <div class='ocr_carea' id='block_1_3' title="bbox 239 672 1848 754">
    <p class='ocr_par' dir='ltr' id='par_1_3' title="bbox 239 672 1843 754">
     <span class='ocr_line' id='line_1_3' title="bbox 239 672 1843 754; baseline -0.002 -21"><span class='ocrx_word' id='word_1_5' title='bbox 239 684 448 748; x_wconf 87' lang='grc' dir='ltr'>ποιῆσαι</span> <span class='ocrx_word' id='word_1_6' title='bbox 499 680 610 751; x_wconf 85' lang='grc' dir='ltr'>μετ’</span> <span class='ocrx_word' id='word_1_7' title='bbox 657 673 852 750; x_wconf 75' lang='grc' dir='ltr'>αὐτῶν,</span> <span class='ocrx_word' id='word_1_8' title='bbox 903 672 1268 754; x_wconf 79' lang='grc' dir='ltr'><strong>ἀνεχώρησεν·</strong></span> <span class='ocrx_word' id='word_1_9' title='bbox 1303 674 1331 731; x_wconf 81' lang='grc' dir='ltr'><strong>ὁ</strong></span> <span class='ocrx_word' id='word_1_10' title='bbox 1363 672 1419 731; x_wconf 76' lang='grc' dir='ltr'>δὲ</span> <span class='ocrx_word' id='word_1_11' title='bbox 1466 672 1728 750; x_wconf 76' lang='grc' dir='ltr'>εὐνοῦχος</span> <span class='ocrx_word' id='word_1_12' title='bbox 1759 674 1843 748; x_wconf 89' lang='grc'><strong>(61</strong></span> 
     </span>
    </p>
   </div>
   <div class='ocr_carea' id='block_1_4' title="bbox 1965 672 3634 754">
    <p class='ocr_par' dir='ltr' id='par_1_4' title="bbox 1986 676 3634 746">
     <span class='ocr_line' id='line_1_4' title="bbox 1986 676 3634 746; baseline 0.002 -16"><span class='ocrx_word' id='word_1_13' title='bbox 1986 689 2254 730; x_wconf 79' lang='lat' dir='ltr'><strong>reversus</strong></span> <span class='ocrx_word' id='word_1_14' title='bbox 2276 679 2364 731; x_wconf 89' lang='lat' dir='ltr'><strong>est</strong></span> <span class='ocrx_word' id='word_1_15' title='bbox 2383 676 2718 734; x_wconf 86' lang='lat' dir='ltr'><strong>eunuchum</strong></span> <span class='ocrx_word' id='word_1_16' title='bbox 2742 694 2874 734; x_wconf 88' lang='lat' dir='ltr'><strong>cum</strong></span> <span class='ocrx_word' id='word_1_17' title='bbox 2896 679 3178 734; x_wconf 77' lang='lat' dir='ltr'><strong>tentasset</strong></span> <span class='ocrx_word' id='word_1_18' title='bbox 3208 694 3306 735; x_wconf 90' lang='lat' dir='ltr'><strong>eos</strong></span> <span class='ocrx_word' id='word_1_19' title='bbox 3330 694 3344 746; x_wconf 89' lang='lat'><strong>;</strong></span> <span class='ocrx_word' id='word_1_20' title='bbox 3377 679 3634 735; x_wconf 82' lang='lat' dir='ltr'><strong>ostendit</strong></span> 
     </span>
    </p>
   </div>
   <div class='ocr_carea' id='block_1_5' title="bbox 238 760 1871 842">
    <p class='ocr_par' dir='ltr' id='par_1_5' title="bbox 238 760 1871 842">
     <span class='ocr_line' id='line_1_5' title="bbox 238 760 1871 842; baseline -0.003 -21"><span class='ocrx_word' id='word_1_21' title='bbox 238 766 530 842; x_wconf 77' lang='grc' dir='ltr'>πειρασθεῖς</span> <span class='ocrx_word' id='word_1_22' title='bbox 575 765 770 823; x_wconf 79' lang='grc' dir='ltr'>αὐτῶν.</span> <span class='ocrx_word' id='word_1_23' title='bbox 817 764 992 837; x_wconf 86' lang='grc' dir='ltr'>Δηλοῖ</span> <span class='ocrx_word' id='word_1_24' title='bbox 1041 764 1097 821; x_wconf 80' lang='grc' dir='ltr'>δὲ</span> <span class='ocrx_word' id='word_1_25' title='bbox 1125 769 1193 840; x_wconf 76' lang='grc' dir='ltr'>τῇ</span> <span class='ocrx_word' id='word_1_26' title='bbox 1235 762 1507 839; x_wconf 82' lang='grc' dir='ltr'>δεσποίνῃ,</span> <span class='ocrx_word' id='word_1_27' title='bbox 1539 763 1620 819; x_wconf 79' lang='grc' dir='ltr'><strong>ὅτι</strong></span> <span class='ocrx_word' id='word_1_28' title='bbox 1652 760 1871 831; x_wconf 74' lang='grc' dir='ltr'>πολλὴν</span> 
     </span>
    </p>
   </div>
   <div class='ocr_carea' id='block_1_6' title="bbox 238 848 1869 930">
    <p class='ocr_par' dir='ltr' id='par_1_6' title="bbox 238 848 1869 930">
     <span class='ocr_line' id='line_1_6' title="bbox 238 848 1869 930; baseline -0.004 -18"><span class='ocrx_word' id='word_1_29' title='bbox 238 857 434 912; x_wconf 75' lang='grc' dir='ltr'><strong>αἰτοῦσι</strong></span> <span class='ocrx_word' id='word_1_30' title='bbox 480 857 648 930; x_wconf 80' lang='grc' dir='ltr'>τιμὴν</span> <span class='ocrx_word' id='word_1_31' title='bbox 692 860 789 911; x_wconf 89' lang='grc' dir='ltr'><strong>τοῦ</strong></span> <span class='ocrx_word' id='word_1_32' title='bbox 839 854 1054 918; x_wconf 76' lang='grc' dir='ltr'>παιδός.</span> <span class='ocrx_word' id='word_1_33' title='bbox 1103 857 1165 909; x_wconf 75' lang='grc' dir='ltr'>ἸΙ</span> <span class='ocrx_word' id='word_1_34' title='bbox 1216 853 1275 910; x_wconf 67' lang='grc' dir='ltr'>δὲ</span> <span class='ocrx_word' id='word_1_35' title='bbox 1333 850 1643 910; x_wconf 74' lang='grc' dir='ltr'>ἀπέστειλεν</span> <span class='ocrx_word' id='word_1_36' title='bbox 1688 848 1869 927; x_wconf 75' lang='grc' dir='ltr'>ἓτερον</span> 
     </span>
    </p>
   </div>
   <div class='ocr_carea' id='block_1_7' title="bbox 238 940 1866 1029">
    <p class='ocr_par' dir='ltr' id='par_1_7' title="bbox 238 940 1866 1029">
     <span class='ocr_line' id='line_1_7' title="bbox 238 940 1866 1029; baseline -0.005 -28"><span class='ocrx_word' id='word_1_37' title='bbox 238 946 504 1022; x_wconf 79' lang='grc' dir='ltr'><strong>εὐνοῦχον,</strong></span> <span class='ocrx_word' id='word_1_38' title='bbox 562 944 810 1020; x_wconf 76' lang='grc' dir='ltr'><strong>λέγουσα·</strong></span> <span class='ocrx_word' id='word_1_39' title='bbox 871 968 900 996; x_wconf 88' lang='grc'><strong>‹‹</strong></span> <span class='ocrx_word' id='word_1_40' title='bbox 960 945 1080 999; x_wconf 77' lang='grc' dir='ltr'><strong>Ἐὰν</strong></span> <span class='ocrx_word' id='word_1_41' title='bbox 1140 943 1229 998; x_wconf 86' lang='grc' dir='ltr'><strong>καὶ</strong></span> <span class='ocrx_word' id='word_1_42' title='bbox 1264 942 1384 1029; x_wconf 39' lang='grc' dir='ltr'>,δύο</span> <span class='ocrx_word' id='word_1_43' title='bbox 1446 948 1579 1016; x_wconf 82' lang='grc' dir='ltr'>μνᾶς</span> <span class='ocrx_word' id='word_1_44' title='bbox 1636 940 1866 1017; x_wconf 81' lang='grc' dir='ltr'>χρυσίου</span> 
     </span>
    </p>
   </div>
   <div class='ocr_carea' id='block_1_8' title="bbox 236 1030 1863 1111">
    <p class='ocr_par' dir='ltr' id='par_1_8' title="bbox 236 1030 1863 1111">
     <span class='ocr_line' id='line_1_8' title="bbox 236 1030 1863 1111; baseline -0.004 -22"><span class='ocrx_word' id='word_1_45' title='bbox 236 1034 436 1104; x_wconf 73' lang='grc' dir='ltr'>αἰτῶσι,</span> <span class='ocrx_word' id='word_1_46' title='bbox 484 1034 721 1110; x_wconf 82' lang='grc' dir='ltr'>πρόσεχε</span> <span class='ocrx_word' id='word_1_47' title='bbox 767 1035 901 1107; x_wconf 97' lang='grc'>(62),</span> <span class='ocrx_word' id='word_1_48' title='bbox 965 1035 1039 1106; x_wconf 74' lang='grc' dir='ltr'><strong>μὴ</strong></span> <span class='ocrx_word' id='word_1_49' title='bbox 1092 1032 1341 1111; x_wconf 77' lang='grc' dir='ltr'>φείσασθε</span> <span class='ocrx_word' id='word_1_50' title='bbox 1394 1031 1645 1108; x_wconf 89' lang='grc' dir='ltr'>χρυσίου,</span> <span class='ocrx_word' id='word_1_51' title='bbox 1701 1030 1863 1103; x_wconf 88' lang='grc' dir='ltr'>μόνον</span> 
     </span>
    </p>
   </div>
   <div class='ocr_carea' id='block_1_9' title="bbox 235 1118 1865 1197">
    <p class='ocr_par' dir='ltr' id='par_1_9' title="bbox 235 1118 1865 1197">
     <span class='ocr_line' id='line_1_9' title="bbox 235 1118 1865 1197; baseline -0.003 -20"><span class='ocrx_word' id='word_1_52' title='bbox 235 1125 517 1196; x_wconf 80' lang='grc' dir='ltr'>πριάμενος</span> <span class='ocrx_word' id='word_1_53' title='bbox 565 1126 677 1195; x_wconf 84' lang='grc'>(64)</span> <span class='ocrx_word' id='word_1_54' title='bbox 724 1123 816 1177; x_wconf 85' lang='grc' dir='ltr'>τὸν</span> <span class='ocrx_word' id='word_1_55' title='bbox 863 1120 1031 1177; x_wconf 80' lang='grc' dir='ltr'>παῖδα</span> <span class='ocrx_word' id='word_1_56' title='bbox 1085 1121 1333 1197; x_wconf 84' lang='grc' dir='ltr'>ἀγάγετε.</span> <span class='ocrx_word' id='word_1_57' title='bbox 1367 1121 1465 1175; x_wconf 83' lang='grc' dir='ltr'><strong>Καὶ</strong></span> <span class='ocrx_word' id='word_1_58' title='bbox 1515 1118 1649 1175; x_wconf 86' lang='grc' dir='ltr'>δίδει</span> <span class='ocrx_word' id='word_1_59' title='bbox 1681 1118 1865 1181; x_wconf 85' lang='grc' dir='ltr'>αὐτοῖς</span> 
     </span>
    </p>
   </div>
   <div class='ocr_carea' id='block_1_10' title="bbox 233 1208 1864 1287">
    <p class='ocr_par' dir='ltr' id='par_1_10' title="bbox 233 1208 1864 1287">
     <span class='ocr_line' id='line_1_10' title="bbox 233 1208 1864 1287; baseline -0.002 -22"><span class='ocrx_word' id='word_1_60' title='bbox 233 1213 281 1266; x_wconf 84' lang='grc' dir='ltr'>π’</span> <span class='ocrx_word' id='word_1_61' title='bbox 306 1211 559 1287; x_wconf 86' lang='grc' dir='ltr'>χρυσίους</span> <span class='ocrx_word' id='word_1_62' title='bbox 730 1211 840 1265; x_wconf 86' lang='grc' dir='ltr'>ἀντ’</span> <span class='ocrx_word' id='word_1_63' title='bbox 872 1209 1028 1284; x_wconf 80' lang='grc' dir='ltr'>ἐμοῦ,</span> <span class='ocrx_word' id='word_1_64' title='bbox 1062 1210 1247 1266; x_wconf 71' lang='grc' dir='ltr'>ἑκατὸν</span> <span class='ocrx_word' id='word_1_65' title='bbox 1278 1211 1442 1265; x_wconf 85' lang='grc' dir='ltr'>εἰπὼν</span> <span class='ocrx_word' id='word_1_66' title='bbox 1492 1214 1561 1283; x_wconf 78' lang='grc' dir='ltr'>τῇ</span> <span class='ocrx_word' id='word_1_67' title='bbox 1594 1208 1864 1284; x_wconf 78' lang='grc' dir='ltr'><strong>Αἰγυπτίᾳ</strong></span> 
     </span>
    </p>
   </div>
   <div class='ocr_carea' id='block_1_11' title="bbox 232 1295 1858 1376">
    <p class='ocr_par' dir='ltr' id='par_1_11' title="bbox 232 1295 1858 1376">
     <span class='ocr_line' id='line_1_11' title="bbox 232 1295 1858 1376; baseline -0.002 -22"><span class='ocrx_word' id='word_1_68' title='bbox 232 1297 462 1355; x_wconf 82' lang='grc' dir='ltr'><strong>δεδόσθαι</strong></span> <span class='ocrx_word' id='word_1_69' title='bbox 502 1301 613 1355; x_wconf 84' lang='grc' dir='ltr'>ἀντ’</span> <span class='ocrx_word' id='word_1_70' title='bbox 660 1299 815 1372; x_wconf 70' lang='grc' dir='ltr'>ἐμοῦ.</span> <span class='ocrx_word' id='word_1_71' title='bbox 844 1299 943 1354; x_wconf 84' lang='grc' dir='ltr'><strong>Καὶ</strong></span> <span class='ocrx_word' id='word_1_72' title='bbox 995 1296 1121 1355; x_wconf 77' lang='grc' dir='ltr'>ἰδὼν</span> <span class='ocrx_word' id='word_1_73' title='bbox 1168 1298 1278 1376; x_wconf 79' lang='grc' dir='ltr'>ἐγὼ</span> <span class='ocrx_word' id='word_1_74' title='bbox 1330 1298 1630 1371; x_wconf 74' lang='grc' dir='ltr'>ἐσιώπησα,</span> <span class='ocrx_word' id='word_1_75' title='bbox 1656 1295 1750 1352; x_wconf 71' lang='grc' dir='ltr'>⁹ίνα</span> <span class='ocrx_word' id='word_1_76' title='bbox 1783 1298 1858 1371; x_wconf 81' lang='grc' dir='ltr'>μὴ</span> 
     </span>
    </p>
   </div>
   <div class='ocr_carea' id='block_1_12' title="bbox 230 1388 926 1464">
    <p class='ocr_par' dir='ltr' id='par_1_12' title="bbox 230 1388 926 1464">
     <span class='ocr_line' id='line_1_12' title="bbox 230 1388 926 1464; baseline 0.003 -20"><span class='ocrx_word' id='word_1_77' title='bbox 230 1389 409 1464; x_wconf 77' lang='grc' dir='ltr'>ἐτασθῇ</span> <span class='ocrx_word' id='word_1_78' title='bbox 440 1392 553 1464; x_wconf 87' lang='grc'><strong>(67)</strong></span> <span class='ocrx_word' id='word_1_79' title='bbox 583 1390 611 1444; x_wconf 82' lang='grc' dir='ltr'>ὁ</span> <span class='ocrx_word' id='word_1_80' title='bbox 644 1388 926 1464; x_wconf 77' lang='grc' dir='ltr'>εὐνοῦχος.</span> 
     </span>
    </p>
   </div>
   <div class='ocr_carea' id='block_1_13' title="bbox 295 1474 1854 1555">
    <p class='ocr_par' dir='ltr' id='par_1_13' title="bbox 295 1474 1854 1555">
     <span class='ocr_line' id='line_1_13' title="bbox 295 1474 1854 1555; baseline -0.001 -23"><span class='ocrx_word' id='word_1_81' title='bbox 295 1484 382 1535; x_wconf 92' lang='lat' dir='ltr'><strong>lZ&#39;.</strong></span> <span class='ocrx_word' id='word_1_82' title='bbox 415 1480 681 1555; x_wconf 80' lang='grc' dir='ltr'>«Ὁρᾶτε,</span> <span class='ocrx_word' id='word_1_83' title='bbox 730 1477 891 1533; x_wconf 77' lang='grc' dir='ltr'>τέκνα</span> <span class='ocrx_word' id='word_1_84' title='bbox 942 1498 1067 1551; x_wconf 85' lang='grc' dir='ltr'>μου,</span> <span class='ocrx_word' id='word_1_85' title='bbox 1116 1476 1258 1532; x_wconf 89' lang='grc' dir='ltr'>πόσα</span> <span class='ocrx_word' id='word_1_86' title='bbox 1304 1477 1587 1551; x_wconf 72' lang='grc' dir='ltr'>ὑπέμεινα,</span> <span class='ocrx_word' id='word_1_87' title='bbox 1636 1474 1728 1530; x_wconf 70' lang='grc' dir='ltr'>’ίνα</span> <span class='ocrx_word' id='word_1_88' title='bbox 1779 1476 1854 1547; x_wconf 81' lang='grc' dir='ltr'>μὴ</span> 
     </span>
    </p>
   </div>
   <div class='ocr_carea' id='block_1_14' title="bbox 224 1564 1858 1646">
    <p class='ocr_par' dir='ltr' id='par_1_14' title="bbox 224 1564 1858 1646">
     <span class='ocr_line' id='line_1_14' title="bbox 224 1564 1858 1646; baseline -0.001 -25"><span class='ocrx_word' id='word_1_89' title='bbox 224 1566 557 1643; x_wconf 72' lang='grc' dir='ltr'>καταισχύνω</span> <span class='ocrx_word' id='word_1_90' title='bbox 585 1567 713 1631; x_wconf 78' lang='grc' dir='ltr'>τοὺς</span> <span class='ocrx_word' id='word_1_91' title='bbox 743 1564 1011 1646; x_wconf 79' lang='grc' dir='ltr'>ἀδελφούς</span> <span class='ocrx_word' id='word_1_92' title='bbox 1064 1587 1189 1641; x_wconf 84' lang='grc' dir='ltr'>μου.</span> <span class='ocrx_word' id='word_1_93' title='bbox 1241 1566 1344 1624; x_wconf 86' lang='grc' dir='ltr'>Καὶ</span> <span class='ocrx_word' id='word_1_94' title='bbox 1394 1568 1547 1639; x_wconf 80' lang='grc' dir='ltr'>ὑμεῖς</span> <span class='ocrx_word' id='word_1_95' title='bbox 1597 1566 1687 1620; x_wconf 80' lang='grc' dir='ltr'><strong>οὖν</strong></span> <span class='ocrx_word' id='word_1_96' title='bbox 1737 1565 1858 1642; x_wconf 89' lang='grc' dir='ltr'>ἀγα-</span> 
     </span>
    </p>
   </div>
   <div class='ocr_carea' id='block_1_15' title="bbox 224 1653 1851 1733">
    <p class='ocr_par' dir='ltr' id='par_1_15' title="bbox 224 1653 1851 1733">
     <span class='ocr_line' id='line_1_15' title="bbox 224 1653 1851 1733; baseline -0.002 -21"><span class='ocrx_word' id='word_1_97' title='bbox 224 1662 349 1712; x_wconf 77' lang='grc' dir='ltr'>πᾶτε</span> <span class='ocrx_word' id='word_1_98' title='bbox 374 1655 679 1729; x_wconf 74' lang='grc' dir='ltr'>ἀλλήλους·</span> <span class='ocrx_word' id='word_1_99' title='bbox 710 1656 762 1713; x_wconf 74' lang='grc' dir='ltr'>ἐν</span> <span class='ocrx_word' id='word_1_100' title='bbox 799 1656 1145 1733; x_wconf 76' lang='grc' dir='ltr'>μακροθυμίᾳ</span> <span class='ocrx_word' id='word_1_101' title='bbox 1182 1655 1541 1733; x_wconf 75' lang='grc' dir='ltr'>συγκρύπτετε</span> <span class='ocrx_word' id='word_1_102' title='bbox 1587 1653 1851 1726; x_wconf 79' lang='grc' dir='ltr'>ἀλλήλων</span> 
     </span>
    </p>
   </div>
   <div class='ocr_carea' id='block_1_16' title="bbox 220 1742 1854 1823">
    <p class='ocr_par' dir='ltr' id='par_1_16' title="bbox 220 1742 1854 1823">
     <span class='ocr_line' id='line_1_16' title="bbox 220 1742 1854 1823; baseline -0.001 -23"><span class='ocrx_word' id='word_1_103' title='bbox 220 1745 282 1801; x_wconf 71' lang='grc' dir='ltr'>τὰ</span> <span class='ocrx_word' id='word_1_104' title='bbox 332 1745 727 1819; x_wconf 81' lang='grc' dir='ltr'>ἐλαττώματα,</span> <span class='ocrx_word' id='word_1_105' title='bbox 776 1746 1035 1822; x_wconf 78' lang='grc' dir='ltr'>Τὲρπεται</span> <span class='ocrx_word' id='word_1_106' title='bbox 1083 1746 1188 1823; x_wconf 82' lang='grc' dir='ltr'>γὰρ</span> <span class='ocrx_word' id='word_1_107' title='bbox 1236 1746 1265 1800; x_wconf 85' lang='grc' dir='ltr'><strong>ὁ</strong></span> <span class='ocrx_word' id='word_1_108' title='bbox 1312 1745 1439 1808; x_wconf 85' lang='grc' dir='ltr'>Θεὸς</span> <span class='ocrx_word' id='word_1_109' title='bbox 1486 1744 1573 1800; x_wconf 73' lang='grc' dir='ltr'><strong>ἐπὶ</strong></span> <span class='ocrx_word' id='word_1_110' title='bbox 1622 1742 1854 1818; x_wconf 77' lang='grc' dir='ltr'>ὁμονοίᾳ</span> 
     </span>
    </p>
   </div>
   <div class='ocr_carea' id='block_1_17' title="bbox 220 1830 1851 1912">
    <p class='ocr_par' dir='ltr' id='par_1_17' title="bbox 220 1830 1851 1912">
     <span class='ocr_line' id='line_1_17' title="bbox 220 1830 1851 1912; baseline -0.001 -24"><span class='ocrx_word' id='word_1_111' title='bbox 220 1830 456 1912; x_wconf 77' lang='grc' dir='ltr'><strong>ἀδελφῶν</strong></span> <span class='ocrx_word' id='word_1_112' title='bbox 484 1878 499 1904; x_wconf 94' lang='grc'>,</span> <span class='ocrx_word' id='word_1_113' title='bbox 546 1836 636 1890; x_wconf 88' lang='grc' dir='ltr'><strong>καὶ</strong></span> <span class='ocrx_word' id='word_1_114' title='bbox 679 1833 765 1890; x_wconf 76' lang='grc' dir='ltr'><strong>ἐπὶ</strong></span> <span class='ocrx_word' id='word_1_115' title='bbox 820 1836 1129 1911; x_wconf 70' lang='grc' dir='ltr'>προαιρέσει</span> <span class='ocrx_word' id='word_1_116' title='bbox 1190 1832 1411 1910; x_wconf 82' lang='grc' dir='ltr'>καρδίας</span> <span class='ocrx_word' id='word_1_117' title='bbox 1459 1831 1851 1906; x_wconf 76' lang='grc' dir='ltr'>εὖδοκιμούσης</span> 
     </span>
    </p>
   </div>
   <div class='ocr_carea' id='block_1_18' title="bbox 217 1921 1849 2002">
    <p class='ocr_par' dir='ltr' id='par_1_18' title="bbox 217 1921 1849 2002">
     <span class='ocr_line' id='line_1_18' title="bbox 217 1921 1849 2002; baseline -0.001 -25"><span class='ocrx_word' id='word_1_118' title='bbox 217 1923 288 1984; x_wconf 84' lang='grc' dir='ltr'><strong>είς</strong></span> <span class='ocrx_word' id='word_1_119' title='bbox 325 1922 535 1997; x_wconf 83' lang='grc' dir='ltr'>ἀγάπην</span> <span class='ocrx_word' id='word_1_120' title='bbox 589 1926 723 1999; x_wconf 87' lang='grc'>(69).</span> <span class='ocrx_word' id='word_1_121' title='bbox 756 1924 853 1979; x_wconf 84' lang='grc' dir='ltr'>Καὶ</span> <span class='ocrx_word' id='word_1_122' title='bbox 902 1922 991 1979; x_wconf 77' lang='grc' dir='ltr'>ὅτε</span> <span class='ocrx_word' id='word_1_123' title='bbox 1038 1923 1204 1993; x_wconf 73' lang='grc' dir='ltr'>ἦλθον</span> <span class='ocrx_word' id='word_1_124' title='bbox 1252 1925 1303 1978; x_wconf 77' lang='grc' dir='ltr'>οἱ</span> <span class='ocrx_word' id='word_1_125' title='bbox 1350 1921 1576 2002; x_wconf 81' lang='grc' dir='ltr'>ἀδελφοί</span> <span class='ocrx_word' id='word_1_126' title='bbox 1624 1943 1728 1996; x_wconf 89' lang='grc' dir='ltr'><strong>μου</strong></span> <span class='ocrx_word' id='word_1_127' title='bbox 1774 1921 1849 1984; x_wconf 79' lang='grc' dir='ltr'><strong>είς</strong></span> 
     </span>
    </p>
   </div>
   <div class='ocr_carea' id='block_1_19' title="bbox 1980 765 3627 841">
    <p class='ocr_par' dir='ltr' id='par_1_19' title="bbox 1980 765 3627 841">
     <span class='ocr_line' id='line_1_19' title="bbox 1980 765 3627 841; baseline 0.002 -21"><span class='ocrx_word' id='word_1_128' title='bbox 1980 768 2177 820; x_wconf 88' lang='lat' dir='ltr'><strong>autem</strong></span> <span class='ocrx_word' id='word_1_129' title='bbox 2210 765 2480 833; x_wconf 71' lang='lat' dir='ltr'><strong>dominae,</strong></span> <span class='ocrx_word' id='word_1_130' title='bbox 2516 770 2673 840; x_wconf 88' lang='lat' dir='ltr'><strong>quod</strong></span> <span class='ocrx_word' id='word_1_131' title='bbox 2730 768 2937 841; x_wconf 89' lang='lat' dir='ltr'><strong>ingens</strong></span> <span class='ocrx_word' id='word_1_132' title='bbox 2994 772 3192 840; x_wconf 88' lang='lat' dir='ltr'><strong>petant</strong></span> <span class='ocrx_word' id='word_1_133' title='bbox 3239 768 3489 840; x_wconf 81' lang='lat' dir='ltr'><strong>pretium</strong></span> <span class='ocrx_word' id='word_1_134' title='bbox 3523 786 3627 840; x_wconf 88' lang='lat' dir='ltr'><strong>pro</strong></span> 
     </span>
    </p>
   </div>
   <div class='ocr_carea' id='block_1_20' title="bbox 1979 856 3625 927">
    <p class='ocr_par' dir='ltr' id='par_1_20' title="bbox 1979 856 3625 927">
     <span class='ocr_line' id='line_1_20' title="bbox 1979 856 3625 927; baseline 0.004 -18"><span class='ocrx_word' id='word_1_135' title='bbox 1979 872 2180 927; x_wconf 91' lang='lat' dir='ltr'><strong>puero.</strong></span> <span class='ocrx_word' id='word_1_136' title='bbox 2216 856 2319 912; x_wconf 89' lang='lat' dir='ltr'><strong>Illa</strong></span> <span class='ocrx_word' id='word_1_137' title='bbox 2348 874 2480 914; x_wconf 91' lang='lat' dir='ltr'><strong>vero</strong></span> <span class='ocrx_word' id='word_1_138' title='bbox 2510 858 2671 914; x_wconf 85' lang='lat' dir='ltr'><strong>misit</strong></span> <span class='ocrx_word' id='word_1_139' title='bbox 2699 858 2946 912; x_wconf 88' lang='lat' dir='ltr'><strong>alterum</strong></span> <span class='ocrx_word' id='word_1_140' title='bbox 2991 856 3350 924; x_wconf 87' lang='lat' dir='ltr'><strong>eunuchum,</strong></span> <span class='ocrx_word' id='word_1_141' title='bbox 3386 858 3584 915; x_wconf 88' lang='lat' dir='ltr'><strong>dicens</strong></span> <span class='ocrx_word' id='word_1_142' title='bbox 3612 876 3625 914; x_wconf 89' lang='lat'><strong>:</strong></span> 
     </span>
    </p>
   </div>
   <div class='ocr_carea' id='block_1_21' title="bbox 1981 946 3625 1018">
    <p class='ocr_par' dir='ltr' id='par_1_21' title="bbox 1981 946 3625 1018">
     <span class='ocr_line' id='line_1_21' title="bbox 1981 946 3625 1018; baseline 0 -15"><span class='ocrx_word' id='word_1_143' title='bbox 1981 968 2008 996; x_wconf 82' lang='lat'>«</span> <span class='ocrx_word' id='word_1_144' title='bbox 2039 948 2160 1004; x_wconf 83' lang='lat' dir='ltr'><strong>Etsi</strong></span> <span class='ocrx_word' id='word_1_145' title='bbox 2194 949 2343 1003; x_wconf 90' lang='lat' dir='ltr'><strong>duas</strong></span> <span class='ocrx_word' id='word_1_146' title='bbox 2375 948 2566 1003; x_wconf 86' lang='lat' dir='ltr'><strong>minas</strong></span> <span class='ocrx_word' id='word_1_147' title='bbox 2620 948 2747 1001; x_wconf 90' lang='lat' dir='ltr'><strong>auri</strong></span> <span class='ocrx_word' id='word_1_148' title='bbox 2782 946 3111 1018; x_wconf 90' lang='lat' dir='ltr'><strong>petiverint,</strong></span> <span class='ocrx_word' id='word_1_149' title='bbox 3138 946 3267 1001; x_wconf 87' lang='lat' dir='ltr'>vide</span> <span class='ocrx_word' id='word_1_150' title='bbox 3317 964 3389 1001; x_wconf 89' lang='lat' dir='ltr'><strong>ne</strong></span> <span class='ocrx_word' id='word_1_151' title='bbox 3420 965 3625 1018; x_wconf 90' lang='lat' dir='ltr'><strong>parcas</strong></span> 
     </span>
    </p>
   </div>
   <div class='ocr_carea' id='block_1_22' title="bbox 1977 1036 3623 1111">
    <p class='ocr_par' dir='ltr' id='par_1_22' title="bbox 1977 1036 3623 1111">
     <span class='ocr_line' id='line_1_22' title="bbox 1977 1036 3623 1111; baseline 0.002 -21"><span class='ocrx_word' id='word_1_152' title='bbox 1977 1052 2117 1092; x_wconf 90' lang='lat' dir='ltr'><strong>auro</strong></span> <span class='ocrx_word' id='word_1_153' title='bbox 2174 1039 2306 1111; x_wconf 87' lang='lat'>(63);</span> <span class='ocrx_word' id='word_1_154' title='bbox 2366 1041 2593 1091; x_wconf 89' lang='lat' dir='ltr'><strong>tantum</strong></span> <span class='ocrx_word' id='word_1_155' title='bbox 2652 1053 2853 1091; x_wconf 91' lang='lat' dir='ltr'><strong>emens</strong></span> <span class='ocrx_word' id='word_1_156' title='bbox 2900 1052 3168 1106; x_wconf 90' lang='lat' dir='ltr'><strong>puerum,</strong></span> <span class='ocrx_word' id='word_1_157' title='bbox 3229 1036 3341 1090; x_wconf 92' lang='lat' dir='ltr'><strong>duc</strong></span> <span class='ocrx_word' id='word_1_158' title='bbox 3401 1037 3473 1091; x_wconf 88' lang='lat' dir='ltr'><strong>ad</strong></span> <span class='ocrx_word' id='word_1_159' title='bbox 3531 1052 3623 1093; x_wconf 89' lang='lat' dir='ltr'><strong>me</strong></span> 
     </span>
    </p>
   </div>
   <div class='ocr_carea' id='block_1_23' title="bbox 1973 1122 3619 1196">
    <p class='ocr_par' dir='ltr' id='par_1_23' title="bbox 1973 1122 3619 1196">
     <span class='ocr_line' id='line_1_23' title="bbox 1973 1122 3619 1196; baseline 0.001 -18"><span class='ocrx_word' id='word_1_160' title='bbox 1973 1122 2109 1195; x_wconf 86' lang='lat'>(65).</span> <span class='ocrx_word' id='word_1_161' title='bbox 2146 1148 2173 1175; x_wconf 82' lang='grc'><strong>››</strong></span> <span class='ocrx_word' id='word_1_162' title='bbox 2206 1125 2306 1181; x_wconf 88' lang='lat' dir='ltr'><strong>Ille</strong></span> <span class='ocrx_word' id='word_1_163' title='bbox 2359 1142 2492 1180; x_wconf 88' lang='lat' dir='ltr'><strong>vero</strong></span> <span class='ocrx_word' id='word_1_164' title='bbox 2552 1124 2710 1179; x_wconf 85' lang='lat' dir='ltr'><strong>dedit</strong></span> <span class='ocrx_word' id='word_1_165' title='bbox 2767 1125 3059 1195; x_wconf 90' lang='lat' dir='ltr'><strong>octoginta</strong></span> <span class='ocrx_word' id='word_1_166' title='bbox 3118 1141 3322 1179; x_wconf 89' lang='lat' dir='ltr'><strong>aureos</strong></span> <span class='ocrx_word' id='word_1_167' title='bbox 3370 1141 3472 1196; x_wconf 90' lang='lat' dir='ltr'><strong>pro</strong></span> <span class='ocrx_word' id='word_1_168' title='bbox 3505 1142 3619 1193; x_wconf 90' lang='lat' dir='ltr'><strong>me,</strong></span> 
     </span>
    </p>
   </div>
   <div class='ocr_carea' id='block_1_24' title="bbox 1972 1214 3618 1286">
    <p class='ocr_par' dir='ltr' id='par_1_24' title="bbox 1972 1214 3618 1286">
     <span class='ocr_line' id='line_1_24' title="bbox 1972 1214 3618 1286; baseline 0.002 -19"><span class='ocrx_word' id='word_1_169' title='bbox 1972 1218 2206 1269; x_wconf 86' lang='lat' dir='ltr'><strong>centum</strong></span> <span class='ocrx_word' id='word_1_170' title='bbox 2238 1215 2438 1269; x_wconf 90' lang='lat' dir='ltr'><strong>dicens</strong></span> <span class='ocrx_word' id='word_1_171' title='bbox 2494 1214 2769 1286; x_wconf 68' lang='lat' dir='ltr'><strong>{Egyptiaa</strong></span> <span class='ocrx_word' id='word_1_172' title='bbox 2802 1215 2968 1269; x_wconf 88' lang='lat' dir='ltr'><strong>datos</strong></span> <span class='ocrx_word' id='word_1_173' title='bbox 3001 1230 3128 1268; x_wconf 89' lang='lat' dir='ltr'><strong>esse</strong></span> <span class='ocrx_word' id='word_1_174' title='bbox 3157 1231 3260 1285; x_wconf 93' lang='lat' dir='ltr'><strong>pro</strong></span> <span class='ocrx_word' id='word_1_175' title='bbox 3290 1230 3400 1271; x_wconf 88' lang='lat' dir='ltr'><strong>me.</strong></span> <span class='ocrx_word' id='word_1_176' title='bbox 3434 1216 3504 1270; x_wconf 87' lang='lat' dir='ltr'><strong>Et</strong></span> <span class='ocrx_word' id='word_1_177' title='bbox 3532 1215 3618 1270; x_wconf 91' lang='lat' dir='ltr'><strong>vi-</strong></span> 
     </span>
    </p>
   </div>
   <div class='ocr_carea' id='block_1_25' title="bbox 1972 1301 3615 1376">
    <p class='ocr_par' dir='ltr' id='par_1_25' title="bbox 1972 1301 3615 1376">
     <span class='ocr_line' id='line_1_25' title="bbox 1972 1301 3615 1376; baseline 0.002 -20"><span class='ocrx_word' id='word_1_178' title='bbox 1972 1301 2115 1358; x_wconf 90' lang='lat' dir='ltr'><strong>dens</strong></span> <span class='ocrx_word' id='word_1_179' title='bbox 2172 1319 2277 1375; x_wconf 86' lang='lat' dir='ltr'><strong>ego</strong></span> <span class='ocrx_word' id='word_1_180' title='bbox 2334 1302 2493 1373; x_wconf 80' lang='lat' dir='ltr'><strong>silui,</strong></span> <span class='ocrx_word' id='word_1_181' title='bbox 2528 1308 2591 1358; x_wconf 92' lang='lat' dir='ltr'><strong>ut</strong></span> <span class='ocrx_word' id='word_1_182' title='bbox 2647 1319 2761 1358; x_wconf 88' lang='lat' dir='ltr'><strong>non</strong></span> <span class='ocrx_word' id='word_1_183' title='bbox 2821 1302 3223 1373; x_wconf 84' lang='lat' dir='ltr'><strong>exquireretur</strong></span> <span class='ocrx_word' id='word_1_184' title='bbox 3274 1303 3387 1376; x_wconf 87' lang='lat'>(68)</span> <span class='ocrx_word' id='word_1_185' title='bbox 3430 1320 3615 1360; x_wconf 90' lang='lat' dir='ltr'><strong>eunu-</strong></span> 
     </span>
    </p>
   </div>
   <div class='ocr_carea' id='block_1_26' title="bbox 1972 1391 2143 1446">
    <p class='ocr_par' dir='ltr' id='par_1_26' title="bbox 1972 1391 2143 1446">
     <span class='ocr_line' id='line_1_26' title="bbox 1972 1391 2143 1446; baseline 0.006 -1"><span class='ocrx_word' id='word_1_186' title='bbox 1972 1391 2143 1446; x_wconf 87' lang='lat' dir='ltr'><strong>chus.</strong></span> 
     </span>
    </p>
   </div>
   <div class='ocr_carea' id='block_1_27' title="bbox 2038 1480 3615 1551">
    <p class='ocr_par' dir='ltr' id='par_1_27' title="bbox 2038 1480 3615 1551">
     <span class='ocr_line' id='line_1_27' title="bbox 2038 1480 3615 1551; baseline 0.004 -17"><span class='ocrx_word' id='word_1_187' title='bbox 2038 1480 2203 1535; x_wconf 83' lang='lat' dir='ltr'><strong>XVII.</strong></span> <span class='ocrx_word' id='word_1_188' title='bbox 2239 1504 2267 1531; x_wconf 87' lang='grc'><strong>‹‹</strong></span> <span class='ocrx_word' id='word_1_189' title='bbox 2299 1482 2522 1549; x_wconf 88' lang='lat' dir='ltr'><strong>Videte,</strong></span> <span class='ocrx_word' id='word_1_190' title='bbox 2556 1480 2659 1535; x_wconf 83' lang='lat' dir='ltr'><strong>filii</strong></span> <span class='ocrx_word' id='word_1_191' title='bbox 2692 1480 2826 1548; x_wconf 90' lang='lat' dir='ltr'><strong>mei,</strong></span> <span class='ocrx_word' id='word_1_192' title='bbox 2848 1484 3070 1551; x_wconf 77' lang='lat' dir='ltr'><strong>quanta</strong></span> <span class='ocrx_word' id='word_1_193' title='bbox 3098 1481 3374 1550; x_wconf 85' lang='lat' dir='ltr'><strong>sustinui,</strong></span> <span class='ocrx_word' id='word_1_194' title='bbox 3408 1486 3471 1536; x_wconf 86' lang='lat' dir='ltr'><strong>ut</strong></span> <span class='ocrx_word' id='word_1_195' title='bbox 3500 1500 3615 1540; x_wconf 89' lang='lat' dir='ltr'><strong>non</strong></span> 
     </span>
    </p>
   </div>
   <div class='ocr_carea' id='block_1_28' title="bbox 1966 1569 3615 1642">
    <p class='ocr_par' dir='ltr' id='par_1_28' title="bbox 1966 1569 3615 1642">
     <span class='ocr_line' id='line_1_28' title="bbox 1966 1569 3615 1642; baseline 0.001 -18"><span class='ocrx_word' id='word_1_196' title='bbox 1966 1569 2383 1625; x_wconf 79' lang='lat' dir='ltr'><strong>confunderem</strong></span> <span class='ocrx_word' id='word_1_197' title='bbox 2434 1572 2644 1625; x_wconf 78' lang='lat' dir='ltr'><strong>fratres</strong></span> <span class='ocrx_word' id='word_1_198' title='bbox 2676 1586 2863 1624; x_wconf 89' lang='lat' dir='ltr'><strong>meos.</strong></span> <span class='ocrx_word' id='word_1_199' title='bbox 2903 1570 2972 1624; x_wconf 88' lang='lat' dir='ltr'><strong>Et</strong></span> <span class='ocrx_word' id='word_1_200' title='bbox 3022 1586 3125 1625; x_wconf 89' lang='lat' dir='ltr'><strong>vos</strong></span> <span class='ocrx_word' id='word_1_201' title='bbox 3182 1570 3363 1641; x_wconf 79' lang='lat' dir='ltr'><strong>igitur</strong></span> <span class='ocrx_word' id='word_1_202' title='bbox 3393 1571 3615 1642; x_wconf 86' lang='lat' dir='ltr'><strong>diligite</strong></span> 
     </span>
    </p>
   </div>
   <div class='ocr_carea' id='block_1_29' title="bbox 1961 1658 3614 1729">
    <p class='ocr_par' dir='ltr' id='par_1_29' title="bbox 1961 1658 3614 1729">
     <span class='ocr_line' id='line_1_29' title="bbox 1961 1658 3614 1729; baseline 0.002 -17"><span class='ocrx_word' id='word_1_203' title='bbox 1961 1663 2189 1713; x_wconf 86' lang='lat' dir='ltr'><strong>vosmet</strong></span> <span class='ocrx_word' id='word_1_204' title='bbox 2216 1658 2505 1727; x_wconf 89' lang='lat' dir='ltr'><strong>invicem;</strong></span> <span class='ocrx_word' id='word_1_205' title='bbox 2540 1659 2599 1713; x_wconf 89' lang='lat' dir='ltr'><strong>in</strong></span> <span class='ocrx_word' id='word_1_206' title='bbox 2652 1658 3099 1729; x_wconf 84' lang='lat' dir='ltr'><strong>longanimitate</strong></span> <span class='ocrx_word' id='word_1_207' title='bbox 3145 1658 3485 1716; x_wconf 86' lang='lat' dir='ltr'><strong>abscondite</strong></span> <span class='ocrx_word' id='word_1_208' title='bbox 3516 1660 3614 1717; x_wconf 89' lang='lat' dir='ltr'><strong>alii</strong></span> 
     </span>
    </p>
   </div>
   <div class='ocr_carea' id='block_1_30' title="bbox 1961 1746 3612 1806">
    <p class='ocr_par' dir='ltr' id='par_1_30' title="bbox 1961 1746 3612 1806">
     <span class='ocr_line' id='line_1_30' title="bbox 1961 1746 3612 1806; baseline 0.002 -4"><span class='ocrx_word' id='word_1_209' title='bbox 1961 1746 2210 1803; x_wconf 89' lang='lat' dir='ltr'><strong>aliorum</strong></span> <span class='ocrx_word' id='word_1_210' title='bbox 2244 1748 2522 1803; x_wconf 90' lang='lat' dir='ltr'><strong>defectus.</strong></span> <span class='ocrx_word' id='word_1_211' title='bbox 2564 1747 2889 1803; x_wconf 85' lang='lat' dir='ltr'><strong>Delectatur</strong></span> <span class='ocrx_word' id='word_1_212' title='bbox 2916 1747 3070 1802; x_wconf 88' lang='lat' dir='ltr'><strong>enim</strong></span> <span class='ocrx_word' id='word_1_213' title='bbox 3108 1749 3257 1804; x_wconf 87' lang='lat' dir='ltr'><strong>Deus</strong></span> <span class='ocrx_word' id='word_1_214' title='bbox 3285 1749 3342 1804; x_wconf 90' lang='lat' dir='ltr'><strong>in</strong></span> <span class='ocrx_word' id='word_1_215' title='bbox 3376 1766 3612 1806; x_wconf 88' lang='lat' dir='ltr'><strong>concor-</strong></span> 
     </span>
    </p>
   </div>
   <div class='ocr_carea' id='block_1_31' title="bbox 1959 1835 3611 1909">
    <p class='ocr_par' dir='ltr' id='par_1_31' title="bbox 1959 1835 3611 1909">
     <span class='ocr_line' id='line_1_31' title="bbox 1959 1835 3611 1909; baseline 0.003 -19"><span class='ocrx_word' id='word_1_216' title='bbox 1959 1836 2054 1891; x_wconf 87' lang='lat' dir='ltr'><strong>dia</strong></span> <span class='ocrx_word' id='word_1_217' title='bbox 2116 1836 2361 1892; x_wconf 84' lang='lat' dir='ltr'><strong>fratrum</strong></span> <span class='ocrx_word' id='word_1_218' title='bbox 2392 1838 2456 1904; x_wconf 77' lang='grc'><strong>³⁸,</strong></span> <span class='ocrx_word' id='word_1_219' title='bbox 2490 1842 2548 1892; x_wconf 87' lang='lat' dir='ltr'><strong>et</strong></span> <span class='ocrx_word' id='word_1_220' title='bbox 2604 1837 2664 1891; x_wconf 87' lang='lat' dir='ltr'><strong>in</strong></span> <span class='ocrx_word' id='word_1_221' title='bbox 2696 1835 2973 1892; x_wconf 88' lang='lat' dir='ltr'><strong>electione</strong></span> <span class='ocrx_word' id='word_1_222' title='bbox 3030 1838 3223 1892; x_wconf 89' lang='lat' dir='ltr'><strong>cordis</strong></span> <span class='ocrx_word' id='word_1_223' title='bbox 3288 1839 3517 1909; x_wconf 89' lang='lat' dir='ltr'><strong>probati</strong></span> <span class='ocrx_word' id='word_1_224' title='bbox 3551 1840 3611 1895; x_wconf 94' lang='lat' dir='ltr'><strong>in</strong></span> 
     </span>
    </p>
   </div>
   <div class='ocr_carea' id='block_1_32' title="bbox 1959 1924 3609 1989">
    <p class='ocr_par' dir='ltr' id='par_1_32' title="bbox 1959 1924 3609 1989">
     <span class='ocr_line' id='line_1_32' title="bbox 1959 1924 3609 1989; baseline 0.002 -10"><span class='ocrx_word' id='word_1_225' title='bbox 1959 1924 2286 1981; x_wconf 89' lang='lat' dir='ltr'><strong>dilectione.</strong></span> <span class='ocrx_word' id='word_1_226' title='bbox 2320 1927 2560 1989; x_wconf 88' lang='lat' dir='ltr'><strong>Quando</strong></span> <span class='ocrx_word' id='word_1_227' title='bbox 2594 1929 2787 1981; x_wconf 88' lang='lat' dir='ltr'><strong>autem</strong></span> <span class='ocrx_word' id='word_1_228' title='bbox 2847 1931 3134 1981; x_wconf 89' lang='lat' dir='ltr'><strong>venerunt</strong></span> <span class='ocrx_word' id='word_1_229' title='bbox 3164 1926 3372 1982; x_wconf 84' lang='lat' dir='ltr'><strong>fratres</strong></span> <span class='ocrx_word' id='word_1_230' title='bbox 3405 1929 3518 1983; x_wconf 88' lang='lat' dir='ltr'><strong>mei</strong></span> <span class='ocrx_word' id='word_1_231' title='bbox 3548 1928 3609 1983; x_wconf 92' lang='lat' dir='ltr'><strong>in</strong></span> 
     </span>
    </p>
   </div>
   <div class='ocr_carea' id='block_1_33' title="bbox 211 2008 1848 2113">
    <p class='ocr_par' dir='ltr' id='par_1_33' title="bbox 211 2008 1843 2089">
     <span class='ocr_line' id='line_1_33' title="bbox 211 2008 1843 2089; baseline -0.001 -22"><span class='ocrx_word' id='word_1_232' title='bbox 211 2008 508 2087; x_wconf 65' lang='grc' dir='ltr'>Αἴγυπτον,</span> <span class='ocrx_word' id='word_1_233' title='bbox 559 2012 634 2074; x_wconf 85' lang='grc' dir='ltr'>ὡς</span> <span class='ocrx_word' id='word_1_234' title='bbox 690 2010 920 2088; x_wconf 80' lang='grc' dir='ltr'>ἔγνωσαν</span> <span class='ocrx_word' id='word_1_235' title='bbox 984 2010 1067 2067; x_wconf 76' lang='grc' dir='ltr'>ὅτι</span> <span class='ocrx_word' id='word_1_236' title='bbox 1117 2011 1423 2089; x_wconf 79' lang='grc' dir='ltr'>ἀπέστρεψα</span> <span class='ocrx_word' id='word_1_237' title='bbox 1469 2012 1531 2066; x_wconf 83' lang='grc' dir='ltr'><em>τό</em></span> <span class='ocrx_word' id='word_1_238' title='bbox 1587 2010 1843 2086; x_wconf 75' lang='grc' dir='ltr'>ἀργύριον</span> 
     </span>
    </p>
   </div>
   <div class='ocr_carea' id='block_1_34' title="bbox 1965 2008 3607 2113">
    <p class='ocr_par' dir='ltr' id='par_1_34' title="bbox 1965 2014 3607 2087">
     <span class='ocr_line' id='line_1_34' title="bbox 1965 2014 3607 2087; baseline 0.001 -18"><span class='ocrx_word' id='word_1_239' title='bbox 1965 2014 2288 2087; x_wconf 65' lang='grc' dir='ltr'>Εεγριυω,</span> <span class='ocrx_word' id='word_1_240' title='bbox 2338 2019 2651 2086; x_wconf 87' lang='lat' dir='ltr'><strong>postquam</strong></span> <span class='ocrx_word' id='word_1_241' title='bbox 2706 2019 3118 2086; x_wconf 90' lang='lat' dir='ltr'><strong>cognoverunt,</strong></span> <span class='ocrx_word' id='word_1_242' title='bbox 3168 2015 3323 2087; x_wconf 90' lang='lat' dir='ltr'><strong>quod</strong></span> <span class='ocrx_word' id='word_1_243' title='bbox 3381 2016 3607 2071; x_wconf 90' lang='lat' dir='ltr'><strong>reddidi</strong></span> 
     </span>
    </p>
   </div>
   <div class='ocr_carea' id='block_1_35' title="bbox 213 2098 1846 2175">
    <p class='ocr_par' dir='ltr' id='par_1_35' title="bbox 213 2098 1846 2175">
     <span class='ocr_line' id='line_1_35' title="bbox 213 2098 1846 2175; baseline 0.001 -21"><span class='ocrx_word' id='word_1_244' title='bbox 213 2098 421 2170; x_wconf 77' lang='grc' dir='ltr'>αὐτοῖς,</span> <span class='ocrx_word' id='word_1_245' title='bbox 476 2099 568 2155; x_wconf 86' lang='grc' dir='ltr'><strong>καὶ</strong></span> <span class='ocrx_word' id='word_1_246' title='bbox 624 2100 725 2156; x_wconf 77' lang='grc' dir='ltr'><strong>οὐκ</strong></span> <span class='ocrx_word' id='word_1_247' title='bbox 780 2098 1031 2156; x_wconf 85' lang='grc' dir='ltr'>ὠνείδισα</span> <span class='ocrx_word' id='word_1_248' title='bbox 1064 2143 1078 2169; x_wconf 95' lang='grc'>,</span> <span class='ocrx_word' id='word_1_249' title='bbox 1137 2099 1283 2158; x_wconf 82' lang='grc' dir='ltr'>ἀλλὰ</span> <span class='ocrx_word' id='word_1_250' title='bbox 1335 2100 1676 2175; x_wconf 79' lang='grc' dir='ltr'>παρεκάλεσα</span> <span class='ocrx_word' id='word_1_251' title='bbox 1730 2100 1793 2155; x_wconf 79' lang='grc' dir='ltr'><strong>αὖ</strong></span> <span class='ocrx_word' id='word_1_252' title='bbox 1825 2133 1846 2142; x_wconf 93' lang='grc'><strong>-</strong></span> 
     </span>
    </p>
   </div>
   <div class='ocr_carea' id='block_1_36' title="bbox 208 2185 1844 2265">
    <p class='ocr_par' dir='ltr' id='par_1_36' title="bbox 208 2185 1844 2265">
     <span class='ocr_line' id='line_1_36' title="bbox 208 2185 1844 2265; baseline 0 -22"><span class='ocrx_word' id='word_1_253' title='bbox 208 2187 332 2251; x_wconf 81' lang='grc' dir='ltr'>τοὺς</span> <span class='ocrx_word' id='word_1_254' title='bbox 390 2191 524 2264; x_wconf 87' lang='grc'>(70),</span> <span class='ocrx_word' id='word_1_255' title='bbox 577 2188 668 2245; x_wconf 82' lang='grc' dir='ltr'>καὶ</span> <span class='ocrx_word' id='word_1_256' title='bbox 729 2189 864 2263; x_wconf 83' lang='grc' dir='ltr'>μετᾶ</span> <span class='ocrx_word' id='word_1_257' title='bbox 919 2190 1138 2245; x_wconf 84' lang='grc' dir='ltr'>θάνατον</span> <span class='ocrx_word' id='word_1_258' title='bbox 1198 2185 1393 2245; x_wconf 75' lang='grc' dir='ltr'>Ἰακὼϐ</span> <span class='ocrx_word' id='word_1_259' title='bbox 1448 2189 1844 2265; x_wconf 77' lang='grc' dir='ltr'>περισσοτέρως</span> 
     </span>
    </p>
   </div>
   <div class='ocr_carea' id='block_1_37' title="bbox 208 2276 1841 2354">
    <p class='ocr_par' dir='ltr' id='par_1_37' title="bbox 208 2276 1841 2354">
     <span class='ocr_line' id='line_1_37' title="bbox 208 2276 1841 2354; baseline 0.002 -22"><span class='ocrx_word' id='word_1_260' title='bbox 208 2278 457 2354; x_wconf 79' lang='grc' dir='ltr'>ἠγάπησα</span> <span class='ocrx_word' id='word_1_261' title='bbox 514 2276 730 2350; x_wconf 81' lang='grc' dir='ltr'>αὐτοὺς,</span> <span class='ocrx_word' id='word_1_262' title='bbox 788 2277 878 2333; x_wconf 76' lang='grc' dir='ltr'><strong>καὶ</strong></span> <span class='ocrx_word' id='word_1_263' title='bbox 934 2279 1135 2347; x_wconf 80' lang='grc' dir='ltr'>πάντα,</span> <span class='ocrx_word' id='word_1_264' title='bbox 1195 2278 1292 2335; x_wconf 73' lang='grc' dir='ltr'>ὅσα</span> <span class='ocrx_word' id='word_1_265' title='bbox 1347 2278 1620 2335; x_wconf 72' lang='grc' dir='ltr'>ἐκέλευσεν</span> <span class='ocrx_word' id='word_1_266' title='bbox 1680 2280 1795 2350; x_wconf 81' lang='grc'>(71)</span> <span class='ocrx_word' id='word_1_267' title='bbox 1828 2325 1841 2350; x_wconf 93' lang='grc'>,</span> 
     </span>
    </p>
   </div>
   <div class='ocr_carea' id='block_1_38' title="bbox 208 2365 1846 2446">
    <p class='ocr_par' dir='ltr' id='par_1_38' title="bbox 208 2365 1846 2446">
     <span class='ocr_line' id='line_1_38' title="bbox 208 2365 1846 2446; baseline 0 -24"><span class='ocrx_word' id='word_1_268' title='bbox 208 2365 266 2422; x_wconf 68' lang='grc' dir='ltr'>ἐκ</span> <span class='ocrx_word' id='word_1_269' title='bbox 316 2372 571 2442; x_wconf 78' lang='grc' dir='ltr'>περισσοῦ</span> <span class='ocrx_word' id='word_1_270' title='bbox 625 2366 855 2438; x_wconf 80' lang='grc' dir='ltr'>ἐποίησα</span> <span class='ocrx_word' id='word_1_271' title='bbox 889 2412 903 2437; x_wconf 94' lang='grc'><strong>,</strong></span> <span class='ocrx_word' id='word_1_272' title='bbox 951 2368 1042 2423; x_wconf 78' lang='grc' dir='ltr'><strong>καὶ</strong></span> <span class='ocrx_word' id='word_1_273' title='bbox 1100 2367 1400 2442; x_wconf 76' lang='grc' dir='ltr'>ἐθαύμαζον</span> <span class='ocrx_word' id='word_1_274' title='bbox 1429 2414 1441 2427; x_wconf 94' lang='grc'>.</span> <span class='ocrx_word' id='word_1_275' title='bbox 1499 2368 1609 2424; x_wconf 83' lang='grc' dir='ltr'>Οὐκ</span> <span class='ocrx_word' id='word_1_276' title='bbox 1666 2370 1846 2446; x_wconf 74' lang='grc' dir='ltr'>ἀφῆκα</span> 
     </span>
    </p>
   </div>
   <div class='ocr_carea' id='block_1_39' title="bbox 205 2454 1841 2534">
    <p class='ocr_par' dir='ltr' id='par_1_39' title="bbox 205 2454 1841 2534">
     <span class='ocr_line' id='line_1_39' title="bbox 205 2454 1841 2534; baseline 0.002 -24"><span class='ocrx_word' id='word_1_277' title='bbox 205 2456 305 2531; x_wconf 83' lang='grc' dir='ltr'>γὰρ</span> <span class='ocrx_word' id='word_1_278' title='bbox 361 2456 546 2519; x_wconf 77' lang='grc' dir='ltr'>αὐτοῖς</span> <span class='ocrx_word' id='word_1_279' title='bbox 590 2459 701 2531; x_wconf 91' lang='grc'>(73)</span> <span class='ocrx_word' id='word_1_280' title='bbox 755 2454 1033 2529; x_wconf 75' lang='grc' dir='ltr'>θλιόῆναι,</span> <span class='ocrx_word' id='word_1_281' title='bbox 1087 2454 1192 2519; x_wconf 69' lang='grc' dir='ltr'>ἕως</span> <span class='ocrx_word' id='word_1_282' title='bbox 1253 2463 1450 2534; x_wconf 85' lang='grc' dir='ltr'>μικροῦ</span> <span class='ocrx_word' id='word_1_283' title='bbox 1501 2458 1841 2534; x_wconf 76' lang='grc' dir='ltr'>πράγματος.</span> 
     </span>
    </p>
   </div>
   <div class='ocr_carea' id='block_1_40' title="bbox 206 2544 1843 2624">
    <p class='ocr_par' dir='ltr' id='par_1_40' title="bbox 206 2544 1843 2624">
     <span class='ocr_line' id='line_1_40' title="bbox 206 2544 1843 2624; baseline 0.001 -25"><span class='ocrx_word' id='word_1_284' title='bbox 206 2544 363 2620; x_wconf 86' lang='grc' dir='ltr'>Καίγε</span> <span class='ocrx_word' id='word_1_285' title='bbox 415 2550 545 2616; x_wconf 80' lang='grc' dir='ltr'>πᾶν,</span> <span class='ocrx_word' id='word_1_286' title='bbox 596 2546 720 2615; x_wconf 70' lang='grc' dir='ltr'><strong>’ὁῆν</strong></span> <span class='ocrx_word' id='word_1_287' title='bbox 770 2544 822 2601; x_wconf 79' lang='grc' dir='ltr'>ἐν</span> <span class='ocrx_word' id='word_1_288' title='bbox 867 2546 1017 2624; x_wconf 85' lang='grc' dir='ltr'>χειρί</span> <span class='ocrx_word' id='word_1_289' title='bbox 1074 2568 1199 2620; x_wconf 83' lang='grc' dir='ltr'>μου,</span> <span class='ocrx_word' id='word_1_290' title='bbox 1252 2546 1436 2609; x_wconf 80' lang='grc' dir='ltr'>αὐτοῖς</span> <span class='ocrx_word' id='word_1_291' title='bbox 1494 2544 1721 2603; x_wconf 74' lang='grc' dir='ltr'>δέδωκα.</span> <span class='ocrx_word' id='word_1_292' title='bbox 1781 2547 1843 2600; x_wconf 74' lang='grc' dir='ltr'><strong>Οἱ</strong></span> 
     </span>
    </p>
   </div>
   <div class='ocr_carea' id='block_1_41' title="bbox 202 2633 1842 2709">
    <p class='ocr_par' dir='ltr' id='par_1_41' title="bbox 202 2633 1842 2709">
     <span class='ocr_line' id='line_1_41' title="bbox 202 2633 1842 2709; baseline 0.001 -22"><span class='ocrx_word' id='word_1_293' title='bbox 202 2633 307 2688; x_wconf 74' lang='grc' dir='ltr'>υἱοὶ</span> <span class='ocrx_word' id='word_1_294' title='bbox 352 2633 527 2690; x_wconf 71' lang='grc' dir='ltr'>αὐτῶν</span> <span class='ocrx_word' id='word_1_295' title='bbox 557 2681 572 2707; x_wconf 84' lang='grc'>,</span> <span class='ocrx_word' id='word_1_296' title='bbox 631 2633 741 2689; x_wconf 78' lang='grc' dir='ltr'>υἱοί</span> <span class='ocrx_word' id='word_1_297' title='bbox 796 2656 923 2708; x_wconf 86' lang='grc' dir='ltr'>μου,</span> <span class='ocrx_word' id='word_1_298' title='bbox 981 2636 1070 2691; x_wconf 80' lang='grc' dir='ltr'><strong>καὶ</strong></span> <span class='ocrx_word' id='word_1_299' title='bbox 1104 2636 1156 2691; x_wconf 74' lang='grc' dir='ltr'>οἱ</span> <span class='ocrx_word' id='word_1_300' title='bbox 1187 2635 1295 2690; x_wconf 75' lang='grc' dir='ltr'>υἱοί</span> <span class='ocrx_word' id='word_1_301' title='bbox 1344 2658 1468 2709; x_wconf 88' lang='grc' dir='ltr'>μου,</span> <span class='ocrx_word' id='word_1_302' title='bbox 1527 2636 1603 2698; x_wconf 83' lang='grc' dir='ltr'>ὡς</span> <span class='ocrx_word' id='word_1_303' title='bbox 1655 2633 1842 2691; x_wconf 86' lang='grc' dir='ltr'>δοῦλοι</span> 
     </span>
    </p>
   </div>
   <div class='ocr_carea' id='block_1_42' title="bbox 200 2722 1847 2801">
    <p class='ocr_par' dir='ltr' id='par_1_42' title="bbox 200 2722 1847 2801">
     <span class='ocr_line' id='line_1_42' title="bbox 200 2722 1847 2801; baseline 0.002 -24"><span class='ocrx_word' id='word_1_304' title='bbox 200 2722 392 2779; x_wconf 80' lang='grc' dir='ltr'>αὐτῶν.</span> <span class='ocrx_word' id='word_1_305' title='bbox 452 2724 514 2778; x_wconf 87' lang='grc' dir='ltr'><strong>Ἦ</strong></span> <span class='ocrx_word' id='word_1_306' title='bbox 563 2726 716 2800; x_wconf 75' lang='grc' dir='ltr'>ψυχὴ</span> <span class='ocrx_word' id='word_1_307' title='bbox 776 2724 972 2797; x_wconf 81' lang='grc' dir='ltr'>αὐτῶν,</span> <span class='ocrx_word' id='word_1_308' title='bbox 1031 2727 1185 2801; x_wconf 79' lang='grc' dir='ltr'>ψυχή</span> <span class='ocrx_word' id='word_1_309' title='bbox 1247 2745 1378 2799; x_wconf 78' lang='grc' dir='ltr'>μου’</span> <span class='ocrx_word' id='word_1_310' title='bbox 1439 2724 1528 2780; x_wconf 85' lang='grc' dir='ltr'><strong>καὶ</strong></span> <span class='ocrx_word' id='word_1_311' title='bbox 1585 2731 1688 2780; x_wconf 82' lang='grc' dir='ltr'>πᾶν</span> <span class='ocrx_word' id='word_1_312' title='bbox 1750 2722 1847 2779; x_wconf 80' lang='grc' dir='ltr'><strong>ἄλ-</strong></span> 
     </span>
    </p>
   </div>
   <div class='ocr_carea' id='block_1_43' title="bbox 200 2810 1844 2890">
    <p class='ocr_par' dir='ltr' id='par_1_43' title="bbox 200 2810 1844 2890">
     <span class='ocr_line' id='line_1_43' title="bbox 200 2810 1844 2890; baseline 0.002 -25"><span class='ocrx_word' id='word_1_313' title='bbox 200 2832 355 2886; x_wconf 86' lang='grc' dir='ltr'>γημα</span> <span class='ocrx_word' id='word_1_314' title='bbox 400 2811 575 2867; x_wconf 81' lang='grc' dir='ltr'>αὐτῶν</span> <span class='ocrx_word' id='word_1_315' title='bbox 605 2857 620 2884; x_wconf 96' lang='grc'>,</span> <span class='ocrx_word' id='word_1_316' title='bbox 670 2810 897 2890; x_wconf 74' lang='grc' dir='ltr'>ἄλγημά</span> <span class='ocrx_word' id='word_1_317' title='bbox 951 2832 1078 2887; x_wconf 83' lang='grc' dir='ltr'>μου·</span> <span class='ocrx_word' id='word_1_318' title='bbox 1127 2814 1218 2869; x_wconf 82' lang='grc' dir='ltr'><strong>καὶ</strong></span> <span class='ocrx_word' id='word_1_319' title='bbox 1264 2821 1408 2870; x_wconf 81' lang='grc' dir='ltr'>πᾶσα</span> <span class='ocrx_word' id='word_1_320' title='bbox 1459 2813 1699 2888; x_wconf 85' lang='grc' dir='ltr'>μαλακία</span> <span class='ocrx_word' id='word_1_321' title='bbox 1744 2813 1844 2869; x_wconf 79' lang='grc' dir='ltr'>αῦ-</span> 
     </span>
    </p>
   </div>
   <div class='ocr_carea' id='block_1_44' title="bbox 199 2900 1839 2979">
    <p class='ocr_par' dir='ltr' id='par_1_44' title="bbox 199 2900 1839 2979">
     <span class='ocr_line' id='line_1_44' title="bbox 199 2900 1839 2979; baseline 0.001 -22"><span class='ocrx_word' id='word_1_322' title='bbox 199 2906 306 2957; x_wconf 83' lang='grc' dir='ltr'>τῶν</span> <span class='ocrx_word' id='word_1_323' title='bbox 342 2945 356 2970; x_wconf 97' lang='grc'>,</span> <span class='ocrx_word' id='word_1_324' title='bbox 414 2900 659 2957; x_wconf 73' lang='grc' dir='ltr'>ἀσθένειά</span> <span class='ocrx_word' id='word_1_325' title='bbox 712 2923 815 2975; x_wconf 88' lang='grc' dir='ltr'><strong>μου</strong></span> <span class='ocrx_word' id='word_1_326' title='bbox 849 2946 863 2960; x_wconf 92' lang='grc'><strong>.</strong></span> <span class='ocrx_word' id='word_1_327' title='bbox 923 2903 985 2959; x_wconf 87' lang='grc' dir='ltr'>ἹΙ</span> <span class='ocrx_word' id='word_1_328' title='bbox 1042 2910 1113 2979; x_wconf 80' lang='grc' dir='ltr'>γῆ</span> <span class='ocrx_word' id='word_1_329' title='bbox 1178 2925 1326 2978; x_wconf 91' lang='grc' dir='ltr'>μου,</span> <span class='ocrx_word' id='word_1_330' title='bbox 1385 2910 1456 2979; x_wconf 85' lang='grc' dir='ltr'>γῆ</span> <span class='ocrx_word' id='word_1_331' title='bbox 1518 2902 1693 2959; x_wconf 81' lang='grc' dir='ltr'>αὐτῶν</span> <span class='ocrx_word' id='word_1_332' title='bbox 1730 2922 1742 2937; x_wconf 73' lang='grc' dir='ltr'><strong><em>ο</em></strong></span> <span class='ocrx_word' id='word_1_333' title='bbox 1804 2906 1839 2973; x_wconf 75' lang='grc' dir='ltr'><strong>ἡ</strong></span> 
     </span>
    </p>
   </div>
   <div class='ocr_carea' id='block_1_45' title="bbox 200 2988 1840 3068">
    <p class='ocr_par' dir='ltr' id='par_1_45' title="bbox 200 2988 1840 3068">
     <span class='ocr_line' id='line_1_45' title="bbox 200 2988 1840 3068; baseline 0.002 -23"><span class='ocrx_word' id='word_1_334' title='bbox 200 2988 374 3065; x_wconf 82' lang='grc' dir='ltr'>βουλή</span> <span class='ocrx_word' id='word_1_335' title='bbox 427 3011 551 3063; x_wconf 89' lang='grc' dir='ltr'>μου,</span> <span class='ocrx_word' id='word_1_336' title='bbox 603 2988 780 3066; x_wconf 84' lang='grc' dir='ltr'>βουλὴ</span> <span class='ocrx_word' id='word_1_337' title='bbox 827 2990 1033 3046; x_wconf 76' lang='grc' dir='ltr'>αὐτῶν·</span> <span class='ocrx_word' id='word_1_338' title='bbox 1081 2995 1170 3047; x_wconf 78' lang='grc' dir='ltr'>καί</span> <span class='ocrx_word' id='word_1_339' title='bbox 1221 2992 1327 3068; x_wconf 75' lang='grc' dir='ltr'><strong>οὐχ</strong></span> <span class='ocrx_word' id='word_1_340' title='bbox 1377 2992 1565 3067; x_wconf 74' lang='grc' dir='ltr'>ὕψωσα</span> <span class='ocrx_word' id='word_1_341' title='bbox 1611 2991 1840 3065; x_wconf 75' lang='grc' dir='ltr'>ἐμαυτὸν</span> 
     </span>
    </p>
   </div>
   <div class='ocr_carea' id='block_1_46' title="bbox 197 3076 1842 3155">
    <p class='ocr_par' dir='ltr' id='par_1_46' title="bbox 197 3076 1842 3155">
     <span class='ocr_line' id='line_1_46' title="bbox 197 3076 1842 3155; baseline 0.002 -22"><span class='ocrx_word' id='word_1_342' title='bbox 197 3078 250 3133; x_wconf 84' lang='grc' dir='ltr'>ἐν</span> <span class='ocrx_word' id='word_1_343' title='bbox 309 3077 491 3140; x_wconf 79' lang='grc' dir='ltr'>αὐτοῖς</span> <span class='ocrx_word' id='word_1_344' title='bbox 565 3077 618 3134; x_wconf 80' lang='grc' dir='ltr'>ἐν</span> <span class='ocrx_word' id='word_1_345' title='bbox 699 3076 1035 3152; x_wconf 78' lang='grc' dir='ltr'>ἀλαζονείᾳ,</span> <span class='ocrx_word' id='word_1_346' title='bbox 1096 3077 1184 3135; x_wconf 76' lang='grc' dir='ltr'><strong>διὰ</strong></span> <span class='ocrx_word' id='word_1_347' title='bbox 1256 3083 1355 3150; x_wconf 75' lang='grc' dir='ltr'>τὴν</span> <span class='ocrx_word' id='word_1_348' title='bbox 1426 3082 1697 3155; x_wconf 77' lang='grc' dir='ltr'>κοσμικὴν</span> <span class='ocrx_word' id='word_1_349' title='bbox 1757 3078 1842 3136; x_wconf 85' lang='grc' dir='ltr'><strong>δό-</strong></span> 
     </span>
    </p>
   </div>
   <div class='ocr_carea' id='block_1_47' title="bbox 195 3164 1842 3245">
    <p class='ocr_par' dir='ltr' id='par_1_47' title="bbox 195 3164 1842 3245">
     <span class='ocr_line' id='line_1_47' title="bbox 195 3164 1842 3245; baseline 0.002 -24"><span class='ocrx_word' id='word_1_350' title='bbox 195 3169 285 3240; x_wconf 75' lang='grc' dir='ltr'><strong>ξαν</strong></span> <span class='ocrx_word' id='word_1_351' title='bbox 338 3187 464 3240; x_wconf 88' lang='grc' dir='ltr'>μου,</span> <span class='ocrx_word' id='word_1_352' title='bbox 512 3164 641 3222; x_wconf 86' lang='grc' dir='ltr'>ἀλλ’</span> <span class='ocrx_word' id='word_1_353' title='bbox 682 3164 836 3241; x_wconf 73' lang='grc' dir='ltr'>ἤμην</span> <span class='ocrx_word' id='word_1_354' title='bbox 894 3167 945 3223; x_wconf 79' lang='grc' dir='ltr'>ἐν</span> <span class='ocrx_word' id='word_1_355' title='bbox 1003 3167 1188 3231; x_wconf 79' lang='grc' dir='ltr'>αὐτοῖς</span> <span class='ocrx_word' id='word_1_356' title='bbox 1238 3169 1312 3233; x_wconf 85' lang='grc' dir='ltr'>ὡς</span> <span class='ocrx_word' id='word_1_357' title='bbox 1369 3170 1444 3233; x_wconf 76' lang='grc' dir='ltr'>εἷς</span> <span class='ocrx_word' id='word_1_358' title='bbox 1491 3175 1598 3225; x_wconf 79' lang='grc' dir='ltr'><strong>τῶν</strong></span> <span class='ocrx_word' id='word_1_359' title='bbox 1655 3168 1842 3245; x_wconf 76' lang='grc' dir='ltr'>ἐλαχί-</span> 
     </span>
    </p>
   </div>
   <div class='ocr_carea' id='block_1_48' title="bbox 194 3259 497 3330">
    <p class='ocr_par' dir='ltr' id='par_1_48' title="bbox 194 3259 497 3330">
     <span class='ocr_line' id='line_1_48' title="bbox 194 3259 497 3330; baseline 0.01 -19"><span class='ocrx_word' id='word_1_360' title='bbox 194 3277 333 3311; x_wconf 83' lang='grc' dir='ltr'>στων</span> <span class='ocrx_word' id='word_1_361' title='bbox 362 3259 497 3330; x_wconf 80' lang='grc'>(74).</span> 
     </span>
    </p>
   </div>
   <div class='ocr_carea' id='block_1_49' title="bbox 264 3342 1840 3422">
    <p class='ocr_par' dir='ltr' id='par_1_49' title="bbox 264 3342 1840 3422">
     <span class='ocr_line' id='line_1_49' title="bbox 264 3342 1840 3422; baseline 0.003 -23"><span class='ocrx_word' id='word_1_362' title='bbox 264 3348 370 3413; x_wconf 84' lang='grc' dir='ltr'>Ιῌ’.</span> <span class='ocrx_word' id='word_1_363' title='bbox 410 3364 438 3398; x_wconf 80' lang='grc' dir='ltr'><strong>ιι</strong></span> <span class='ocrx_word' id='word_1_364' title='bbox 484 3344 607 3399; x_wconf 75' lang='grc' dir='ltr'><strong>Ἐὰν</strong></span> <span class='ocrx_word' id='word_1_365' title='bbox 659 3342 749 3399; x_wconf 84' lang='grc' dir='ltr'><strong>οῦν</strong></span> <span class='ocrx_word' id='word_1_366' title='bbox 800 3344 892 3401; x_wconf 82' lang='grc' dir='ltr'>καὶ</span> <span class='ocrx_word' id='word_1_367' title='bbox 943 3346 1095 3420; x_wconf 83' lang='grc' dir='ltr'>ὑμεῖς</span> <span class='ocrx_word' id='word_1_368' title='bbox 1143 3347 1445 3422; x_wconf 80' lang='grc' dir='ltr'>πορευθῆτε</span> <span class='ocrx_word' id='word_1_369' title='bbox 1489 3346 1540 3402; x_wconf 79' lang='grc' dir='ltr'><strong>ἒν</strong></span> <span class='ocrx_word' id='word_1_370' title='bbox 1590 3352 1709 3410; x_wconf 82' lang='grc' dir='ltr'>ταῖς</span> <span class='ocrx_word' id='word_1_371' title='bbox 1759 3346 1840 3403; x_wconf 80' lang='grc' dir='ltr'><strong>ἐν·</strong></span> 
     </span>
    </p>
   </div>
   <div class='ocr_carea' id='block_1_50' title="bbox 1954 2103 3605 2175">
    <p class='ocr_par' dir='ltr' id='par_1_50' title="bbox 1954 2103 3605 2175">
     <span class='ocr_line' id='line_1_50' title="bbox 1954 2103 3605 2175; baseline 0.002 -17"><span class='ocrx_word' id='word_1_372' title='bbox 1954 2107 2264 2175; x_wconf 87' lang='lat' dir='ltr'><strong>argentum</strong></span> <span class='ocrx_word' id='word_1_373' title='bbox 2296 2103 2478 2173; x_wconf 76' lang='lat' dir='ltr'><strong>eis,‘et</strong></span> <span class='ocrx_word' id='word_1_374' title='bbox 2507 2121 2620 2159; x_wconf 91' lang='lat' dir='ltr'><strong>non</strong></span> <span class='ocrx_word' id='word_1_375' title='bbox 2648 2104 3017 2175; x_wconf 83' lang='lat' dir='ltr'><strong>exprobravi;</strong></span> <span class='ocrx_word' id='word_1_376' title='bbox 3052 2105 3149 2160; x_wconf 92' lang='lat' dir='ltr'><strong>sed</strong></span> <span class='ocrx_word' id='word_1_377' title='bbox 3182 2109 3239 2159; x_wconf 87' lang='lat' dir='ltr'><strong>et</strong></span> <span class='ocrx_word' id='word_1_378' title='bbox 3269 2106 3605 2162; x_wconf 87' lang='lat' dir='ltr'><strong>consolatus</strong></span> 
     </span>
    </p>
   </div>
   <div class='ocr_carea' id='block_1_51' title="bbox 1954 2192 3601 2264">
    <p class='ocr_par' dir='ltr' id='par_1_51' title="bbox 1954 2192 3601 2264">
     <span class='ocr_line' id='line_1_51' title="bbox 1954 2192 3601 2264; baseline 0.001 -17"><span class='ocrx_word' id='word_1_379' title='bbox 1954 2209 2085 2247; x_wconf 85' lang='lat' dir='ltr'><strong>sum</strong></span> <span class='ocrx_word' id='word_1_380' title='bbox 2120 2209 2239 2259; x_wconf 87' lang='lat' dir='ltr'><strong>eos,</strong></span> <span class='ocrx_word' id='word_1_381' title='bbox 2262 2197 2318 2248; x_wconf 89' lang='lat' dir='ltr'><strong>et</strong></span> <span class='ocrx_word' id='word_1_382' title='bbox 2348 2197 2479 2264; x_wconf 89' lang='lat' dir='ltr'><strong>post</strong></span> <span class='ocrx_word' id='word_1_383' title='bbox 2508 2196 2756 2247; x_wconf 85' lang='lat' dir='ltr'><strong>mortem</strong></span> <span class='ocrx_word' id='word_1_384' title='bbox 2787 2192 2967 2248; x_wconf 87' lang='lat' dir='ltr'><strong>Jacob</strong></span> <span class='ocrx_word' id='word_1_385' title='bbox 3001 2193 3399 2248; x_wconf 86' lang='lat' dir='ltr'><strong>abundantius</strong></span> <span class='ocrx_word' id='word_1_386' title='bbox 3430 2194 3601 2249; x_wconf 83' lang='lat' dir='ltr'><strong>dilexi</strong></span> 
     </span>
    </p>
   </div>
   <div class='ocr_carea' id='block_1_52' title="bbox 1954 2281 3603 2354">
    <p class='ocr_par' dir='ltr' id='par_1_52' title="bbox 1954 2281 3603 2354">
     <span class='ocr_line' id='line_1_52' title="bbox 1954 2281 3603 2354; baseline 0.001 -17"><span class='ocrx_word' id='word_1_387' title='bbox 1954 2297 2073 2348; x_wconf 87' lang='lat' dir='ltr'><strong>eos,</strong></span> <span class='ocrx_word' id='word_1_388' title='bbox 2107 2286 2162 2337; x_wconf 89' lang='lat' dir='ltr'><strong>et</strong></span> <span class='ocrx_word' id='word_1_389' title='bbox 2183 2282 2380 2337; x_wconf 87' lang='lat' dir='ltr'><strong>omnia</strong></span> <span class='ocrx_word' id='word_1_390' title='bbox 2402 2296 2786 2353; x_wconf 71' lang='lat' dir='ltr'><strong>quaecumque</strong></span> <span class='ocrx_word' id='word_1_391' title='bbox 2806 2281 2989 2351; x_wconf 88' lang='lat' dir='ltr'><strong>jussit</strong></span> <span class='ocrx_word' id='word_1_392' title='bbox 3009 2282 3141 2354; x_wconf 85' lang='lat'>(72),</span> <span class='ocrx_word' id='word_1_393' title='bbox 3164 2281 3271 2338; x_wconf 87' lang='lat' dir='ltr'><strong>feci</strong></span> <span class='ocrx_word' id='word_1_394' title='bbox 3304 2282 3603 2338; x_wconf 85' lang='lat' dir='ltr'><strong>abundan—</strong></span> 
     </span>
    </p>
   </div>
   <div class='ocr_carea' id='block_1_53' title="bbox 1953 2370 3601 2444">
    <p class='ocr_par' dir='ltr' id='par_1_53' title="bbox 1953 2370 3601 2444">
     <span class='ocr_line' id='line_1_53' title="bbox 1953 2370 3601 2444; baseline 0 -18"><span class='ocrx_word' id='word_1_395' title='bbox 1953 2375 2062 2438; x_wconf 88' lang='lat' dir='ltr'><strong>ter,</strong></span> <span class='ocrx_word' id='word_1_396' title='bbox 2094 2374 2151 2426; x_wconf 89' lang='lat' dir='ltr'><strong>et</strong></span> <span class='ocrx_word' id='word_1_397' title='bbox 2179 2371 2640 2426; x_wconf 82' lang='lat' dir='ltr'><strong>admirabantur.</strong></span> <span class='ocrx_word' id='word_1_398' title='bbox 2666 2371 2791 2425; x_wconf 90' lang='lat' dir='ltr'><strong>Non</strong></span> <span class='ocrx_word' id='word_1_399' title='bbox 2813 2370 2968 2426; x_wconf 91' lang='lat' dir='ltr'><strong>enim</strong></span> <span class='ocrx_word' id='word_1_400' title='bbox 3003 2371 3247 2442; x_wconf 87' lang='lat' dir='ltr'><strong>permisi</strong></span> <span class='ocrx_word' id='word_1_401' title='bbox 3268 2388 3367 2426; x_wconf 91' lang='lat' dir='ltr'><strong>eos</strong></span> <span class='ocrx_word' id='word_1_402' title='bbox 3399 2370 3601 2444; x_wconf 78' lang='lat' dir='ltr'><strong>affligi,</strong></span> 
     </span>
    </p>
   </div>
   <div class='ocr_carea' id='block_1_54' title="bbox 1954 2459 3602 2532">
    <p class='ocr_par' dir='ltr' id='par_1_54' title="bbox 1954 2459 3602 2532">
     <span class='ocr_line' id='line_1_54' title="bbox 1954 2459 3602 2532; baseline 0.001 -18"><span class='ocrx_word' id='word_1_403' title='bbox 1954 2476 2141 2532; x_wconf 88' lang='lat' dir='ltr'><strong>usque</strong></span> <span class='ocrx_word' id='word_1_404' title='bbox 2172 2461 2240 2514; x_wconf 90' lang='lat' dir='ltr'><strong>ad</strong></span> <span class='ocrx_word' id='word_1_405' title='bbox 2272 2476 2510 2531; x_wconf 89' lang='lat' dir='ltr'><strong>parvam</strong></span> <span class='ocrx_word' id='word_1_406' title='bbox 2542 2476 2687 2514; x_wconf 90' lang='lat' dir='ltr'><strong>rem.</strong></span> <span class='ocrx_word' id='word_1_407' title='bbox 2714 2460 2781 2514; x_wconf 88' lang='lat' dir='ltr'><strong>Et</strong></span> <span class='ocrx_word' id='word_1_408' title='bbox 2811 2476 2983 2514; x_wconf 89' lang='lat' dir='ltr'><strong>omne</strong></span> <span class='ocrx_word' id='word_1_409' title='bbox 3012 2462 3165 2530; x_wconf 92' lang='lat' dir='ltr'><strong>quod</strong></span> <span class='ocrx_word' id='word_1_410' title='bbox 3186 2464 3311 2515; x_wconf 90' lang='lat' dir='ltr'><strong>erat</strong></span> <span class='ocrx_word' id='word_1_411' title='bbox 3341 2459 3399 2514; x_wconf 93' lang='lat' dir='ltr'><strong>in</strong></span> <span class='ocrx_word' id='word_1_412' title='bbox 3425 2477 3602 2515; x_wconf 88' lang='lat' dir='ltr'><strong>manu</strong></span> 
     </span>
    </p>
   </div>
   <div class='ocr_carea' id='block_1_55' title="bbox 1955 2545 3607 2617">
    <p class='ocr_par' dir='ltr' id='par_1_55' title="bbox 1955 2545 3607 2617">
     <span class='ocr_line' id='line_1_55' title="bbox 1955 2545 3607 2617; baseline -0.001 -15"><span class='ocrx_word' id='word_1_413' title='bbox 1955 2563 2106 2615; x_wconf 89' lang='lat' dir='ltr'><strong>mea,</strong></span> <span class='ocrx_word' id='word_1_414' title='bbox 2137 2547 2222 2603; x_wconf 90' lang='lat' dir='ltr'><strong>eis</strong></span> <span class='ocrx_word' id='word_1_415' title='bbox 2254 2547 2408 2603; x_wconf 90' lang='lat' dir='ltr'><strong>dedi.</strong></span> <span class='ocrx_word' id='word_1_416' title='bbox 2436 2546 2561 2602; x_wconf 87' lang='lat' dir='ltr'><strong>Filii</strong></span> <span class='ocrx_word' id='word_1_417' title='bbox 2592 2545 3269 2617; x_wconf 86' lang='lat' dir='ltr'><strong>eorum,ﬁliimei,(apud</strong></span> <span class='ocrx_word' id='word_1_418' title='bbox 3304 2561 3396 2601; x_wconf 90' lang='lat' dir='ltr'><strong>me</strong></span> <span class='ocrx_word' id='word_1_419' title='bbox 3420 2545 3607 2602; x_wconf 89' lang='lat' dir='ltr'><strong>habiti</strong></span> 
     </span>
    </p>
   </div>
   <div class='ocr_carea' id='block_1_56' title="bbox 1954 2635 3603 2709">
    <p class='ocr_par' dir='ltr' id='par_1_56' title="bbox 1954 2635 3603 2709">
     <span class='ocr_line' id='line_1_56' title="bbox 1954 2635 3603 2709; baseline -0.001 -18"><span class='ocrx_word' id='word_1_420' title='bbox 1954 2637 2148 2709; x_wconf 89' lang='lat' dir='ltr'><strong>sunt);</strong></span> <span class='ocrx_word' id='word_1_421' title='bbox 2182 2640 2238 2691; x_wconf 90' lang='lat' dir='ltr'><strong>et</strong></span> <span class='ocrx_word' id='word_1_422' title='bbox 2261 2635 2365 2691; x_wconf 80' lang='lat' dir='ltr'><strong>filii</strong></span> <span class='ocrx_word' id='word_1_423' title='bbox 2407 2636 2541 2703; x_wconf 89' lang='lat' dir='ltr'><strong>mei,</strong></span> <span class='ocrx_word' id='word_1_424' title='bbox 2579 2639 2643 2690; x_wconf 94' lang='lat' dir='ltr'><strong>ut</strong></span> <span class='ocrx_word' id='word_1_425' title='bbox 2698 2636 2845 2691; x_wconf 86' lang='lat' dir='ltr'><strong>servi</strong></span> <span class='ocrx_word' id='word_1_426' title='bbox 2877 2651 3100 2691; x_wconf 91' lang='lat' dir='ltr'><strong>eorum.</strong></span> <span class='ocrx_word' id='word_1_427' title='bbox 3133 2635 3344 2691; x_wconf 85' lang='lat' dir='ltr'><strong>Anima</strong></span> <span class='ocrx_word' id='word_1_428' title='bbox 3381 2652 3603 2704; x_wconf 89' lang='lat' dir='ltr'><strong>eorum,</strong></span> 
     </span>
    </p>
   </div>
   <div class='ocr_carea' id='block_1_57' title="bbox 1953 2723 3602 2793">
    <p class='ocr_par' dir='ltr' id='par_1_57' title="bbox 1953 2723 3602 2793">
     <span class='ocr_line' id='line_1_57' title="bbox 1953 2723 3602 2793; baseline -0.001 -13"><span class='ocrx_word' id='word_1_429' title='bbox 1953 2725 2151 2780; x_wconf 88' lang='lat' dir='ltr'><strong>anima</strong></span> <span class='ocrx_word' id='word_1_430' title='bbox 2181 2741 2345 2793; x_wconf 88' lang='lat' dir='ltr'><strong>mea;</strong></span> <span class='ocrx_word' id='word_1_431' title='bbox 2380 2729 2436 2780; x_wconf 91' lang='lat' dir='ltr'><strong>et</strong></span> <span class='ocrx_word' id='word_1_432' title='bbox 2465 2724 2659 2779; x_wconf 89' lang='lat' dir='ltr'><strong>omnis</strong></span> <span class='ocrx_word' id='word_1_433' title='bbox 2719 2723 2881 2779; x_wconf 88' lang='lat' dir='ltr'><strong>dolor</strong></span> <span class='ocrx_word' id='word_1_434' title='bbox 2909 2740 3133 2790; x_wconf 90' lang='lat' dir='ltr'><strong>eorum,</strong></span> <span class='ocrx_word' id='word_1_435' title='bbox 3166 2723 3332 2779; x_wconf 93' lang='lat' dir='ltr'><strong>dolor</strong></span> <span class='ocrx_word' id='word_1_436' title='bbox 3396 2740 3602 2791; x_wconf 88' lang='lat' dir='ltr'><strong>meus;</strong></span> 
     </span>
    </p>
   </div>
   <div class='ocr_carea' id='block_1_58' title="bbox 1952 2812 3607 2881">
    <p class='ocr_par' dir='ltr' id='par_1_58' title="bbox 1952 2812 3607 2881">
     <span class='ocr_line' id='line_1_58' title="bbox 1952 2812 3607 2881; baseline -0.001 -11"><span class='ocrx_word' id='word_1_437' title='bbox 1952 2818 2011 2870; x_wconf 90' lang='lat' dir='ltr'><strong>et</strong></span> <span class='ocrx_word' id='word_1_438' title='bbox 2041 2813 2232 2869; x_wconf 89' lang='lat' dir='ltr'><strong>omnis</strong></span> <span class='ocrx_word' id='word_1_439' title='bbox 2264 2814 2581 2869; x_wconf 80' lang='lat' dir='ltr'><strong>infirmitas</strong></span> <span class='ocrx_word' id='word_1_440' title='bbox 2630 2829 2852 2881; x_wconf 89' lang='lat' dir='ltr'><strong>eorum,</strong></span> <span class='ocrx_word' id='word_1_441' title='bbox 2886 2812 3199 2868; x_wconf 80' lang='lat' dir='ltr'><strong>infirmitas</strong></span> <span class='ocrx_word' id='word_1_442' title='bbox 3247 2828 3396 2868; x_wconf 89' lang='lat' dir='ltr'><strong>mea.</strong></span> <span class='ocrx_word' id='word_1_443' title='bbox 3429 2814 3607 2869; x_wconf 88' lang='lat' dir='ltr'><strong>Terra</strong></span> 
     </span>
    </p>
   </div>
   <div class='ocr_carea' id='block_1_59' title="bbox 1953 2900 3604 2970">
    <p class='ocr_par' dir='ltr' id='par_1_59' title="bbox 1953 2900 3604 2970">
     <span class='ocr_line' id='line_1_59' title="bbox 1953 2900 3604 2970; baseline -0.001 -12"><span class='ocrx_word' id='word_1_444' title='bbox 1953 2919 2103 2970; x_wconf 88' lang='lat' dir='ltr'><strong>mea,</strong></span> <span class='ocrx_word' id='word_1_445' title='bbox 2136 2907 2293 2958; x_wconf 91' lang='lat' dir='ltr'><strong>terra</strong></span> <span class='ocrx_word' id='word_1_446' title='bbox 2349 2919 2593 2970; x_wconf 90' lang='lat' dir='ltr'><strong>eorum;</strong></span> <span class='ocrx_word' id='word_1_447' title='bbox 2644 2901 2958 2958; x_wconf 87' lang='lat' dir='ltr'><strong>consilium</strong></span> <span class='ocrx_word' id='word_1_448' title='bbox 3017 2918 3236 2970; x_wconf 90' lang='lat' dir='ltr'><strong>meum,</strong></span> <span class='ocrx_word' id='word_1_449' title='bbox 3289 2900 3604 2958; x_wconf 88' lang='lat' dir='ltr'><strong>consilium</strong></span> 
     </span>
    </p>
   </div>
   <div class='ocr_carea' id='block_1_60' title="bbox 1952 2990 3604 3065">
    <p class='ocr_par' dir='ltr' id='par_1_60' title="bbox 1952 2990 3604 3065">
     <span class='ocr_line' id='line_1_60' title="bbox 1952 2990 3604 3065; baseline -0.001 -18"><span class='ocrx_word' id='word_1_450' title='bbox 1952 3008 2194 3048; x_wconf 90' lang='lat' dir='ltr'><strong>eorum:</strong></span> <span class='ocrx_word' id='word_1_451' title='bbox 2228 2998 2285 3047; x_wconf 91' lang='lat' dir='ltr'><strong>et</strong></span> <span class='ocrx_word' id='word_1_452' title='bbox 2317 3008 2431 3048; x_wconf 92' lang='lat' dir='ltr'><strong>non</strong></span> <span class='ocrx_word' id='word_1_453' title='bbox 2486 2990 2732 3048; x_wconf 85' lang='lat' dir='ltr'><strong>exaltavi</strong></span> <span class='ocrx_word' id='word_1_454' title='bbox 2766 2992 3059 3065; x_wconf 88' lang='lat' dir='ltr'><strong>meipsum</strong></span> <span class='ocrx_word' id='word_1_455' title='bbox 3102 2990 3162 3047; x_wconf 90' lang='lat' dir='ltr'><strong>in</strong></span> <span class='ocrx_word' id='word_1_456' title='bbox 3192 2991 3275 3047; x_wconf 89' lang='lat' dir='ltr'><strong>eis</strong></span> <span class='ocrx_word' id='word_1_457' title='bbox 3305 2991 3363 3047; x_wconf 92' lang='lat' dir='ltr'><strong>in</strong></span> <span class='ocrx_word' id='word_1_458' title='bbox 3396 3008 3604 3064; x_wconf 90' lang='lat' dir='ltr'><strong>super-</strong></span> 
     </span>
    </p>
   </div>
   <div class='ocr_carea' id='block_1_61' title="bbox 1950 3079 3603 3153">
    <p class='ocr_par' dir='ltr' id='par_1_61' title="bbox 1950 3079 3603 3153">
     <span class='ocr_line' id='line_1_61' title="bbox 1950 3079 3603 3153; baseline 0.001 -18"><span class='ocrx_word' id='word_1_459' title='bbox 1950 3079 2066 3147; x_wconf 88' lang='lat' dir='ltr'><strong>bia,</strong></span> <span class='ocrx_word' id='word_1_460' title='bbox 2101 3084 2338 3153; x_wconf 89' lang='lat' dir='ltr'><strong>propter</strong></span> <span class='ocrx_word' id='word_1_461' title='bbox 2383 3082 2744 3137; x_wconf 85' lang='lat' dir='ltr'><strong>mundanam</strong></span> <span class='ocrx_word' id='word_1_462' title='bbox 2775 3079 3020 3151; x_wconf 90' lang='lat' dir='ltr'><strong>gloriam</strong></span> <span class='ocrx_word' id='word_1_463' title='bbox 3054 3096 3267 3152; x_wconf 89' lang='lat' dir='ltr'><strong>meam,</strong></span> <span class='ocrx_word' id='word_1_464' title='bbox 3301 3080 3403 3137; x_wconf 88' lang='lat' dir='ltr'><strong>sed</strong></span> <span class='ocrx_word' id='word_1_465' title='bbox 3442 3096 3603 3137; x_wconf 86' lang='lat' dir='ltr'><strong>eram</strong></span> 
     </span>
    </p>
   </div>
   <div class='ocr_carea' id='block_1_62' title="bbox 1949 3168 2931 3227">
    <p class='ocr_par' dir='ltr' id='par_1_62' title="bbox 1949 3168 2931 3227">
     <span class='ocr_line' id='line_1_62' title="bbox 1949 3168 2931 3227; baseline 0 -2"><span class='ocrx_word' id='word_1_466' title='bbox 1949 3168 2009 3225; x_wconf 89' lang='lat' dir='ltr'><strong>in</strong></span> <span class='ocrx_word' id='word_1_467' title='bbox 2042 3169 2124 3225; x_wconf 89' lang='lat' dir='ltr'><strong>eis</strong></span> <span class='ocrx_word' id='word_1_468' title='bbox 2156 3168 2310 3225; x_wconf 88' lang='lat' dir='ltr'><strong>sicut</strong></span> <span class='ocrx_word' id='word_1_469' title='bbox 2340 3187 2494 3227; x_wconf 90' lang='lat' dir='ltr'><strong>unus</strong></span> <span class='ocrx_word' id='word_1_470' title='bbox 2528 3169 2931 3226; x_wconf 86' lang='lat' dir='ltr'><strong>minimorum.</strong></span> 
     </span>
    </p>
   </div>
   <div class='ocr_carea' id='block_1_63' title="bbox 2021 3346 3603 3418">
    <p class='ocr_par' dir='ltr' id='par_1_63' title="bbox 2021 3346 3603 3418">
     <span class='ocr_line' id='line_1_63' title="bbox 2021 3346 3603 3418; baseline 0.001 -16"><span class='ocrx_word' id='word_1_471' title='bbox 2021 3348 2222 3405; x_wconf 84' lang='lat' dir='ltr'><strong>XVIII.</strong></span> <span class='ocrx_word' id='word_1_472' title='bbox 2259 3370 2287 3398; x_wconf 91' lang='grc'><strong>‹‹</strong></span> <span class='ocrx_word' id='word_1_473' title='bbox 2320 3349 2378 3404; x_wconf 91' lang='lat' dir='ltr'><strong>Si</strong></span> <span class='ocrx_word' id='word_1_474' title='bbox 2412 3348 2589 3418; x_wconf 77' lang='lat' dir='ltr'><strong>igitur</strong></span> <span class='ocrx_word' id='word_1_475' title='bbox 2618 3352 2674 3402; x_wconf 88' lang='lat' dir='ltr'><strong>et</strong></span> <span class='ocrx_word' id='word_1_476' title='bbox 2702 3364 2805 3403; x_wconf 88' lang='lat' dir='ltr'><strong>vos</strong></span> <span class='ocrx_word' id='word_1_477' title='bbox 2853 3346 3171 3403; x_wconf 88' lang='lat' dir='ltr'><strong>ambuletis</strong></span> <span class='ocrx_word' id='word_1_478' title='bbox 3199 3347 3259 3403; x_wconf 90' lang='lat' dir='ltr'><strong>in</strong></span> <span class='ocrx_word' id='word_1_479' title='bbox 3308 3348 3603 3404; x_wconf 89' lang='lat' dir='ltr'><strong>mandatis</strong></span> 
     </span>
    </p>
   </div>
   <div class='ocr_carea' id='block_1_64' title="bbox 186 3421 1848 3512">
    <p class='ocr_par' dir='ltr' id='par_1_64' title="bbox 186 3421 1834 3512">
     <span class='ocr_line' id='line_1_64' title="bbox 186 3421 1834 3512; baseline 0.004 -24"><span class='ocrx_word' id='word_1_480' title='bbox 186 3430 384 3495; x_wconf 77' lang='grc' dir='ltr'>τολαῖς</span> <span class='ocrx_word' id='word_1_481' title='bbox 416 3433 637 3510; x_wconf 84' lang='grc' dir='ltr'>Κυρίου,</span> <span class='ocrx_word' id='word_1_482' title='bbox 667 3433 828 3489; x_wconf 81' lang='grc' dir='ltr'>τὲκνα</span> <span class='ocrx_word' id='word_1_483' title='bbox 861 3456 987 3508; x_wconf 82' lang='grc' dir='ltr'>μου,</span> <span class='ocrx_word' id='word_1_484' title='bbox 1034 3421 1236 3510; x_wconf 76' lang='grc' dir='ltr'>ὑψώσει</span> <span class='ocrx_word' id='word_1_485' title='bbox 1284 3436 1422 3509; x_wconf 80' lang='grc' dir='ltr'>ὑμᾶς</span> <span class='ocrx_word' id='word_1_486' title='bbox 1452 3436 1674 3501; x_wconf 76' lang='grc' dir='ltr'>ἐνταῦθα</span> <span class='ocrx_word' id='word_1_487' title='bbox 1704 3440 1834 3512; x_wconf 86' lang='grc'>(75),</span> 
     </span>
    </p>
   </div>
   <div class='ocr_carea' id='block_1_65' title="bbox 1965 3421 3605 3512">
    <p class='ocr_par' dir='ltr' id='par_1_65' title="bbox 1965 3436 3605 3507">
     <span class='ocr_line' id='line_1_65' title="bbox 1965 3436 3605 3507; baseline 0 -14"><span class='ocrx_word' id='word_1_488' title='bbox 1965 3437 2207 3507; x_wconf 88' lang='lat' dir='ltr'><strong>Domini,</strong></span> <span class='ocrx_word' id='word_1_489' title='bbox 2250 3437 2353 3492; x_wconf 82' lang='lat' dir='ltr'><strong>filii</strong></span> <span class='ocrx_word' id='word_1_490' title='bbox 2415 3436 2549 3505; x_wconf 89' lang='lat' dir='ltr'><strong>mei,</strong></span> <span class='ocrx_word' id='word_1_491' title='bbox 2606 3436 2882 3492; x_wconf 87' lang='lat' dir='ltr'><strong>exaltabit</strong></span> <span class='ocrx_word' id='word_1_492' title='bbox 2911 3454 3012 3492; x_wconf 90' lang='lat' dir='ltr'><strong>vos</strong></span> <span class='ocrx_word' id='word_1_493' title='bbox 3044 3436 3158 3505; x_wconf 90' lang='lat' dir='ltr'><strong>hic,</strong></span> <span class='ocrx_word' id='word_1_494' title='bbox 3192 3441 3249 3492; x_wconf 89' lang='lat' dir='ltr'><strong>et</strong></span> <span class='ocrx_word' id='word_1_495' title='bbox 3302 3437 3605 3493; x_wconf 87' lang='lat' dir='ltr'><strong>benedicet</strong></span> 
     </span>
    </p>
   </div>
   <div class='ocr_carea' id='block_1_66' title="bbox 188 3520 1839 3601">
    <p class='ocr_par' dir='ltr' id='par_1_66' title="bbox 188 3520 1839 3601">
     <span class='ocr_line' id='line_1_66' title="bbox 188 3520 1839 3601; baseline 0.002 -23"><span class='ocrx_word' id='word_1_496' title='bbox 188 3522 283 3578; x_wconf 83' lang='grc' dir='ltr'><strong>καὶ</strong></span> <span class='ocrx_word' id='word_1_497' title='bbox 313 3520 605 3597; x_wconf 74' lang='grc' dir='ltr'>εὖλογήσει</span> <span class='ocrx_word' id='word_1_498' title='bbox 655 3522 707 3577; x_wconf 82' lang='grc' dir='ltr'>ἐν</span> <span class='ocrx_word' id='word_1_499' title='bbox 755 3523 977 3599; x_wconf 82' lang='grc' dir='ltr'>ἀγαθοῖς</span> <span class='ocrx_word' id='word_1_500' title='bbox 1028 3524 1102 3587; x_wconf 74' lang='grc' dir='ltr'>εἷς</span> <span class='ocrx_word' id='word_1_501' title='bbox 1153 3525 1370 3587; x_wconf 73' lang='grc' dir='ltr'>αἰῶνας.</span> <span class='ocrx_word' id='word_1_502' title='bbox 1423 3526 1519 3580; x_wconf 83' lang='grc' dir='ltr'><strong>Καὶ</strong></span> <span class='ocrx_word' id='word_1_503' title='bbox 1572 3525 1659 3580; x_wconf 79' lang='grc' dir='ltr'><strong>ἐὰν</strong></span> <span class='ocrx_word' id='word_1_504' title='bbox 1709 3525 1839 3601; x_wconf 76' lang='grc' dir='ltr'>θὲλῃ</span> 
     </span>
    </p>
   </div>
   <div class='ocr_carea' id='block_1_67' title="bbox 183 3611 1840 3690">
    <p class='ocr_par' dir='ltr' id='par_1_67' title="bbox 183 3611 1840 3690">
     <span class='ocr_line' id='line_1_67' title="bbox 183 3611 1840 3690; baseline 0.001 -24"><span class='ocrx_word' id='word_1_505' title='bbox 183 3632 276 3674; x_wconf 87' lang='grc' dir='ltr'><strong>τις</strong></span> <span class='ocrx_word' id='word_1_506' title='bbox 321 3618 685 3682; x_wconf 80' lang='grc' dir='ltr'>κακοποιῆσαι</span> <span class='ocrx_word' id='word_1_507' title='bbox 738 3612 897 3685; x_wconf 81' lang='grc' dir='ltr'>ὑμᾶς,</span> <span class='ocrx_word' id='word_1_508' title='bbox 945 3613 1101 3686; x_wconf 85' lang='grc' dir='ltr'>ὑμεῖς</span> <span class='ocrx_word' id='word_1_509' title='bbox 1148 3612 1199 3667; x_wconf 85' lang='grc' dir='ltr'>ἐν</span> <span class='ocrx_word' id='word_1_510' title='bbox 1250 3614 1574 3689; x_wconf 79' lang='grc' dir='ltr'>ἀγαθοποιίᾳ</span> <span class='ocrx_word' id='word_1_511' title='bbox 1618 3611 1840 3690; x_wconf 70' lang='grc' dir='ltr'>εὔχεσθε</span> 
     </span>
    </p>
   </div>
   <div class='ocr_carea' id='block_1_68' title="bbox 189 3699 1841 3777">
    <p class='ocr_par' dir='ltr' id='par_1_68' title="bbox 189 3699 1841 3777">
     <span class='ocr_line' id='line_1_68' title="bbox 189 3699 1841 3777; baseline 0.002 -23"><span class='ocrx_word' id='word_1_512' title='bbox 189 3700 327 3775; x_wconf 73' lang='grc' dir='ltr'>ὑπὲρ</span> <span class='ocrx_word' id='word_1_513' title='bbox 385 3699 549 3755; x_wconf 78' lang='grc' dir='ltr'>αὐτοῦ</span> <span class='ocrx_word' id='word_1_514' title='bbox 584 3719 597 3733; x_wconf 80' lang='grc'><strong><em>⁸</em></strong></span> <span class='ocrx_word' id='word_1_515' title='bbox 654 3700 743 3755; x_wconf 85' lang='grc' dir='ltr'><strong>καὶ</strong></span> <span class='ocrx_word' id='word_1_516' title='bbox 799 3702 903 3756; x_wconf 85' lang='grc' dir='ltr'><strong>ἀπὸ</strong></span> <span class='ocrx_word' id='word_1_517' title='bbox 970 3702 1167 3764; x_wconf 85' lang='grc' dir='ltr'>παντὸς</span> <span class='ocrx_word' id='word_1_518' title='bbox 1211 3707 1379 3757; x_wconf 86' lang='grc' dir='ltr'>κακοῦ</span> <span class='ocrx_word' id='word_1_519' title='bbox 1435 3702 1841 3777; x_wconf 81' lang='grc' dir='ltr'>λυτρωθήσεσθε</span> 
     </span>
    </p>
   </div>
   <div class='ocr_carea' id='block_1_69' title="bbox 185 3786 1836 3868">
    <p class='ocr_par' dir='ltr' id='par_1_69' title="bbox 185 3786 1836 3868">
     <span class='ocr_line' id='line_1_69' title="bbox 185 3786 1836 3868; baseline 0.003 -25"><span class='ocrx_word' id='word_1_520' title='bbox 185 3786 281 3843; x_wconf 81' lang='grc' dir='ltr'>διὰ</span> <span class='ocrx_word' id='word_1_521' title='bbox 312 3788 531 3865; x_wconf 85' lang='grc' dir='ltr'>Κυρίου.</span> <span class='ocrx_word' id='word_1_522' title='bbox 564 3786 704 3846; x_wconf 75' lang='grc' dir='ltr'>Ἰδοὺ</span> <span class='ocrx_word' id='word_1_523' title='bbox 736 3791 849 3863; x_wconf 89' lang='grc'>(76)</span> <span class='ocrx_word' id='word_1_524' title='bbox 880 3791 983 3866; x_wconf 77' lang='grc' dir='ltr'>γὰρ</span> <span class='ocrx_word' id='word_1_525' title='bbox 1024 3790 1201 3866; x_wconf 76' lang='grc' dir='ltr'>ὁρᾶτε,</span> <span class='ocrx_word' id='word_1_526' title='bbox 1236 3791 1319 3847; x_wconf 78' lang='grc' dir='ltr'>ὅτι</span> <span class='ocrx_word' id='word_1_527' title='bbox 1369 3788 1457 3846; x_wconf 76' lang='grc' dir='ltr'>διὰ</span> <span class='ocrx_word' id='word_1_528' title='bbox 1500 3793 1598 3860; x_wconf 77' lang='grc' dir='ltr'>τήν</span> <span class='ocrx_word' id='word_1_529' title='bbox 1637 3812 1836 3868; x_wconf 87' lang='grc' dir='ltr'>μακρο-</span> 
     </span>
    </p>
   </div>
   <div class='ocr_carea' id='block_1_70' title="bbox 182 3875 1841 3954">
    <p class='ocr_par' dir='ltr' id='par_1_70' title="bbox 182 3875 1841 3954">
     <span class='ocr_line' id='line_1_70' title="bbox 182 3875 1841 3954; baseline 0.002 -24"><span class='ocrx_word' id='word_1_530' title='bbox 182 3875 412 3949; x_wconf 85' lang='grc' dir='ltr'>θυμίαν,</span> <span class='ocrx_word' id='word_1_531' title='bbox 465 3876 554 3932; x_wconf 83' lang='grc' dir='ltr'><strong>καὶ</strong></span> <span class='ocrx_word' id='word_1_532' title='bbox 603 3877 871 3953; x_wconf 72' lang='grc' dir='ltr'>θυγατέρα</span> <span class='ocrx_word' id='word_1_533' title='bbox 920 3878 1121 3954; x_wconf 89' lang='grc' dir='ltr'>κυρίων</span> <span class='ocrx_word' id='word_1_534' title='bbox 1183 3900 1287 3951; x_wconf 88' lang='grc' dir='ltr'><strong>μου</strong></span> <span class='ocrx_word' id='word_1_535' title='bbox 1344 3882 1457 3953; x_wconf 89' lang='grc'>(77)</span> <span class='ocrx_word' id='word_1_536' title='bbox 1517 3876 1712 3936; x_wconf 75' lang='grc' dir='ltr'>ἔλαϐον</span> <span class='ocrx_word' id='word_1_537' title='bbox 1764 3880 1841 3943; x_wconf 79' lang='grc' dir='ltr'>εἷς</span> 
     </span>
    </p>
   </div>
   <div class='ocr_carea' id='block_1_71' title="bbox 182 3965 1841 4045">
    <p class='ocr_par' dir='ltr' id='par_1_71' title="bbox 182 3965 1841 4045">
     <span class='ocr_line' id='line_1_71' title="bbox 182 3965 1841 4045; baseline 0.002 -26"><span class='ocrx_word' id='word_1_538' title='bbox 182 3971 423 4041; x_wconf 84' lang='grc' dir='ltr'>γυναῖκα</span> <span class='ocrx_word' id='word_1_539' title='bbox 454 3985 467 4000; x_wconf 78' lang='grc'><strong><em>⁸</em></strong></span> <span class='ocrx_word' id='word_1_540' title='bbox 525 3965 616 4021; x_wconf 80' lang='grc' dir='ltr'><strong>καὶ</strong></span> <span class='ocrx_word' id='word_1_541' title='bbox 664 3966 853 4022; x_wconf 71' lang='grc' dir='ltr'>ἑκατὸν</span> <span class='ocrx_word' id='word_1_542' title='bbox 898 3966 1136 4024; x_wconf 82' lang='grc' dir='ltr'>τάλαντά</span> <span class='ocrx_word' id='word_1_543' title='bbox 1196 3989 1289 4042; x_wconf 83' lang='grc' dir='ltr'><strong>μοι</strong></span> <span class='ocrx_word' id='word_1_544' title='bbox 1342 3968 1571 4045; x_wconf 86' lang='grc' dir='ltr'>χρυσίου</span> <span class='ocrx_word' id='word_1_545' title='bbox 1628 3967 1841 4025; x_wconf 85' lang='grc' dir='ltr'>δέδοται</span> 
     </span>
    </p>
   </div>
   <div class='ocr_carea' id='block_1_72' title="bbox 186 4053 1840 4134">
    <p class='ocr_par' dir='ltr' id='par_1_72' title="bbox 186 4053 1840 4134">
     <span class='ocr_line' id='line_1_72' title="bbox 186 4053 1840 4134; baseline 0.003 -25"><span class='ocrx_word' id='word_1_546' title='bbox 186 4053 288 4109; x_wconf 78' lang='grc' dir='ltr'><strong>σὺν</strong></span> <span class='ocrx_word' id='word_1_547' title='bbox 316 4054 475 4129; x_wconf 78' lang='grc' dir='ltr'>αὐτῇ·</span> <span class='ocrx_word' id='word_1_548' title='bbox 508 4054 591 4111; x_wconf 80' lang='grc' dir='ltr'>ὅτι</span> <span class='ocrx_word' id='word_1_549' title='bbox 625 4055 828 4131; x_wconf 79' lang='grc' dir='ltr'>Κύριός</span> <span class='ocrx_word' id='word_1_550' title='bbox 879 4076 976 4130; x_wconf 87' lang='grc' dir='ltr'><strong>μοι</strong></span> <span class='ocrx_word' id='word_1_551' title='bbox 1027 4056 1189 4121; x_wconf 80' lang='grc' dir='ltr'>αὐτὸς</span> <span class='ocrx_word' id='word_1_552' title='bbox 1236 4055 1523 4115; x_wconf 80' lang='grc' dir='ltr'>ἐδούλευσε</span> <span class='ocrx_word' id='word_1_553' title='bbox 1571 4062 1702 4134; x_wconf 87' lang='grc'>(78).</span> <span class='ocrx_word' id='word_1_554' title='bbox 1738 4060 1840 4117; x_wconf 89' lang='grc' dir='ltr'>Καί</span> 
     </span>
    </p>
   </div>
   <div class='ocr_carea' id='block_1_73' title="bbox 264 4161 756 4233">
    <p class='ocr_par' dir='ltr' id='par_1_73' title="bbox 264 4161 756 4233">
     <span class='ocr_line' id='line_1_73' title="bbox 264 4161 756 4233; baseline 0 -14"><span class='ocrx_word' id='word_1_555' title='bbox 264 4162 314 4199; x_wconf 79' lang='grc'><strong>⁸⁸</strong></span> <span class='ocrx_word' id='word_1_556' title='bbox 342 4161 517 4219; x_wconf 89' lang='lat' dir='ltr'><strong>Eccli.</strong></span> <span class='ocrx_word' id='word_1_557' title='bbox 544 4179 676 4233; x_wconf 81' lang='lat' dir='ltr'><strong>xxv,</strong></span> <span class='ocrx_word' id='word_1_558' title='bbox 702 4163 756 4219; x_wconf 91' lang='lat'><strong><em>2.</em></strong></span> 
     </span>
    </p>
   </div>
   <div class='ocr_carea' id='block_1_74' title="bbox 258 4302 1841 4391">
    <p class='ocr_par' dir='ltr' id='par_1_74' title="bbox 258 4302 1841 4391">
     <span class='ocr_line' id='line_1_74' title="bbox 258 4302 1841 4391; baseline 0.002 -31"><span class='ocrx_word' id='word_1_559' title='bbox 258 4305 409 4391; x_wconf 51' lang='grc'>(61)-</span> <span class='ocrx_word' id='word_1_560' title='bbox 432 4302 833 4391; x_wconf 34' lang='grc' dir='ltr'>Ἀνείχιρρησεν·</span> <span class='ocrx_word' id='word_1_561' title='bbox 871 4304 923 4391; x_wconf 46' lang='lat'><strong>.6</strong></span> <span class='ocrx_word' id='word_1_562' title='bbox 949 4302 1039 4391; x_wconf 57' lang='grc' dir='ltr'><strong>Λδὶ</strong></span> <span class='ocrx_word' id='word_1_563' title='bbox 1096 4304 1381 4391; x_wconf 80' lang='grc' dir='ltr'>εὐνοῦχος.</span> <span class='ocrx_word' id='word_1_564' title='bbox 1434 4308 1841 4391; x_wconf 37' lang='grc' dir='ltr'>ἈξΑγεχώρησεν</span> 
     </span>
    </p>
   </div>
   <div class='ocr_carea' id='block_1_75' title="bbox 179 4375 1842 4454">
    <p class='ocr_par' dir='ltr' id='par_1_75' title="bbox 179 4375 1842 4454">
     <span class='ocr_line' id='line_1_75' title="bbox 179 4375 1842 4454; baseline 0.004 -22"><span class='ocrx_word' id='word_1_565' title='bbox 179 4376 520 4454; x_wconf 42' lang='grc' dir='ltr'>ὁ-ερνοῦχος</span> <span class='ocrx_word' id='word_1_566' title='bbox 550 4375 740 4454; x_wconf 67' lang='lat' dir='ltr'><strong>habet</strong></span> <span class='ocrx_word' id='word_1_567' title='bbox 784 4378 1127 4454; x_wconf 82' lang='lat' dir='ltr'><strong>cod._0xon.</strong></span> <span class='ocrx_word' id='word_1_568' title='bbox 1158 4375 1399 4454; x_wconf 74' lang='lat' dir='ltr'><strong>omisso</strong></span> <span class='ocrx_word' id='word_1_569' title='bbox 1431 4375 1508 4448; x_wconf 67' lang='grc' dir='ltr'>δέ,</span> <span class='ocrx_word' id='word_1_570' title='bbox 1540 4375 1629 4437; x_wconf 69' lang='grc' dir='ltr'><strong>ἱιὲἰ</strong></span> <span class='ocrx_word' id='word_1_571' title='bbox 1655 4375 1842 4454; x_wconf 53' lang='grc' dir='ltr'>ιξιίρο-</span> 
     </span>
    </p>
   </div>
   <div class='ocr_carea' id='block_1_76' title="bbox 179 4448 1845 4523">
    <p class='ocr_par' dir='ltr' id='par_1_76' title="bbox 179 4448 1845 4523">
     <span class='ocr_line' id='line_1_76' title="bbox 179 4448 1845 4523; baseline 0.002 -18"><span class='ocrx_word' id='word_1_572' title='bbox 179 4449 399 4523; x_wconf 69' lang='grc' dir='ltr'>ῖὶοᾷιιε</span> <span class='ocrx_word' id='word_1_573' title='bbox 420 4448 538 4505; x_wconf 73' lang='lat' dir='ltr'><strong>non</strong></span> <span class='ocrx_word' id='word_1_574' title='bbox 590 4449 650 4504; x_wconf 90' lang='lat' dir='ltr'><strong>in</strong></span> <span class='ocrx_word' id='word_1_575' title='bbox 709 4448 823 4504; x_wconf 91' lang='lat' dir='ltr'><strong>duo</strong></span> <span class='ocrx_word' id='word_1_576' title='bbox 847 4448 980 4523; x_wconf 85' lang='lat' dir='ltr'><strong>cola</strong></span> <span class='ocrx_word' id='word_1_577' title='bbox 1018 4450 1451 4523; x_wconf 81' lang='lat' dir='ltr'><strong>distinguatur.</strong></span> <span class='ocrx_word' id='word_1_578' title='bbox 1487 4454 1620 4523; x_wconf 65' lang='lat' dir='ltr'><strong>Qua:</strong></span> <span class='ocrx_word' id='word_1_579' title='bbox 1675 4448 1845 4509; x_wconf 72' lang='lat' dir='ltr'><strong>lectio</strong></span> 
     </span>
    </p>
   </div>
   <div class='ocr_carea' id='block_1_77' title="bbox 178 4520 1846 4595">
    <p class='ocr_par' dir='ltr' id='par_1_77' title="bbox 178 4520 1846 4595">
     <span class='ocr_line' id='line_1_77' title="bbox 178 4520 1846 4595; baseline 0.002 -18"><span class='ocrx_word' id='word_1_580' title='bbox 178 4520 406 4577; x_wconf 87' lang='lat' dir='ltr'><strong>melior</strong></span> <span class='ocrx_word' id='word_1_581' title='bbox 434 4524 544 4595; x_wconf 78' lang='lat' dir='ltr'><strong>est,</strong></span> <span class='ocrx_word' id='word_1_582' title='bbox 599 4521 920 4595; x_wconf 64' lang='lat' dir='ltr'><strong>praesertim</strong></span> <span class='ocrx_word' id='word_1_583' title='bbox 961 4522 1027 4595; x_wconf 82' lang='lat' dir='ltr'><strong>si</strong></span> <span class='ocrx_word' id='word_1_584' title='bbox 1062 4520 1345 4595; x_wconf 74' lang='lat' dir='ltr'><strong>punctum</strong></span> <span class='ocrx_word' id='word_1_585' title='bbox 1384 4528 1515 4595; x_wconf 90' lang='lat' dir='ltr'><strong>post</strong></span> <span class='ocrx_word' id='word_1_586' title='bbox 1541 4521 1714 4577; x_wconf 81' lang='grc' dir='ltr'>αὐτῶν</span> <span class='ocrx_word' id='word_1_587' title='bbox 1745 4541 1846 4595; x_wconf 90' lang='lat' dir='ltr'><strong>po-</strong></span> 
     </span>
    </p>
   </div>
   <div class='ocr_carea' id='block_1_78' title="bbox 171 4541 1847 4722">
    <p class='ocr_par' dir='ltr' id='par_1_78' title="bbox 171 4541 1847 4722">
     <span class='ocr_line' id='line_1_78' title="bbox 178 4541 1846 4595; baseline 0.002 -18"><span class='ocrx_word' id='word_1_588' title='bbox 178 4541 406 4577; x_wconf 74' lang='lat' dir='ltr'><strong>mellOI&#39;</strong></span> <span class='ocrx_word' id='word_1_589' title='bbox 434 4541 544 4585; x_wconf 74' lang='grc' dir='ltr'>εει,</span> <span class='ocrx_word' id='word_1_590' title='bbox 599 4541 920 4592; x_wconf 67' lang='lat' dir='ltr'><strong>praesertim</strong></span> <span class='ocrx_word' id='word_1_591' title='bbox 980 4541 1027 4577; x_wconf 81' lang='lat' dir='ltr'><strong>BI</strong></span> <span class='ocrx_word' id='word_1_592' title='bbox 1062 4541 1345 4594; x_wconf 73' lang='lat' dir='ltr'><strong>punctum</strong></span> <span class='ocrx_word' id='word_1_593' title='bbox 1384 4541 1515 4595; x_wconf 76' lang='grc' dir='ltr'>ροει</span> <span class='ocrx_word' id='word_1_594' title='bbox 1541 4541 1714 4577; x_wconf 86' lang='grc' dir='ltr'>αυτων</span> <span class='ocrx_word' id='word_1_595' title='bbox 1785 4541 1846 4580; x_wconf 76' lang='grc' dir='ltr'>θ’</span> 
     </span>
     <span class='ocr_line' id='line_1_79' title="bbox 171 4541 1847 4722; baseline 0.002 -73"><span class='ocrx_word' id='word_1_596' title='bbox 171 4598 425 4722; x_wconf 48' lang='grc' dir='ltr'><strong>μείω-ὴ</strong></span> <span class='ocrx_word' id='word_1_597' title='bbox 424 4595 502 4718; x_wconf 52' lang='lat'><strong>1;:</strong></span> <span class='ocrx_word' id='word_1_598' title='bbox 509 4592 580 4718; x_wconf 54' lang='grc' dir='ltr'><strong>ιξι)</strong></span> <span class='ocrx_word' id='word_1_599' title='bbox 639 4592 819 4648; x_wconf 81' lang='lat' dir='ltr'><strong>Oxon.</strong></span> <span class='ocrx_word' id='word_1_600' title='bbox 848 4593 1066 4665; x_wconf 89' lang='lat' dir='ltr'><strong>pariter</strong></span> <span class='ocrx_word' id='word_1_601' title='bbox 1120 4598 1176 4651; x_wconf 86' lang='lat' dir='ltr'><strong>et</strong></span> <span class='ocrx_word' id='word_1_602' title='bbox 1232 4594 1475 4651; x_wconf 87' lang='lat' dir='ltr'><strong>Cantab.</strong></span> <span class='ocrx_word' id='word_1_603' title='bbox 1509 4595 1703 4653; x_wconf 88' lang='lat' dir='ltr'><strong>codice</strong></span> <span class='ocrx_word' id='word_1_604' title='bbox 1734 4541 1847 4652; x_wconf 51' lang='lat' dir='ltr'><strong>ac-</strong></span> 
     </span>
     <span class='ocr_line' id='line_1_80' title="bbox 202 4682 566 4722; baseline -0.011 0"><span class='ocrx_word' id='word_1_605' title='bbox 202 4682 338 4722; x_wconf 88' lang='lat' dir='ltr'><strong>um.</strong></span> <span class='ocrx_word' id='word_1_606' title='bbox 554 4705 566 4718; x_wconf 92' lang='lat'><strong>.</strong></span> 
     </span>
    </p>
   </div>
   <div class='ocr_carea' id='block_1_79' title="bbox 202 4680 566 4722">
    <p class='ocr_par' dir='ltr' id='par_1_79' title="bbox 202 4680 566 4722">
     <span class='ocr_line' id='line_1_81' title="bbox 202 4680 566 4722; baseline -0.011 0"><span class='ocrx_word' id='word_1_607' title='bbox 202 4682 338 4722; x_wconf 88' lang='lat' dir='ltr'><strong>um.</strong></span> <span class='ocrx_word' id='word_1_608' title='bbox 378 4680 566 4720; x_wconf 75' lang='lat' dir='ltr'><strong>URAB.</strong></span> 
     </span>
    </p>
   </div>
   <div class='ocr_carea' id='block_1_80' title="bbox 277 4733 1122 4808">
    <p class='ocr_par' dir='ltr' id='par_1_80' title="bbox 277 4733 1122 4808">
     <span class='ocr_line' id='line_1_82' title="bbox 277 4733 1122 4808; baseline 0 -17"><span class='ocrx_word' id='word_1_609' title='bbox 277 4737 379 4803; x_wconf 86' lang='lat'>62)</span> <span class='ocrx_word' id='word_1_610' title='bbox 413 4733 675 4808; x_wconf 68' lang='grc' dir='ltr'>Πρᾴσεχε.</span> <span class='ocrx_word' id='word_1_611' title='bbox 710 4733 1003 4808; x_wconf 80' lang='grc' dir='ltr'>Παρὲχετε.</span> <span class='ocrx_word' id='word_1_612' title='bbox 1038 4736 1122 4791; x_wconf 90' lang='lat' dir='ltr'><strong>ID.</strong></span> 
     </span>
    </p>
   </div>
   <div class='ocr_carea' id='block_1_81' title="bbox 251 4737 701 4881">
    <p class='ocr_par' dir='ltr' id='par_1_81' title="bbox 251 4737 701 4881">
     <span class='ocr_line' id='line_1_83' title="bbox 251 4737 675 4879; baseline -0.012 -88"><span class='ocrx_word' id='word_1_613' title='bbox 251 4737 379 4879; x_wconf 67' lang='grc'>(62)</span> <span class='ocrx_word' id='word_1_614' title='bbox 413 4737 675 4861; x_wconf 39' lang='grc' dir='ltr'>Ῑῖίρόσεχε.</span> 
     </span>
     <span class='ocr_line' id='line_1_84' title="bbox 276 4807 701 4881; baseline -0.005 -18"><span class='ocrx_word' id='word_1_615' title='bbox 276 4808 374 4881; x_wconf 88' lang='grc'>63)</span> <span class='ocrx_word' id='word_1_616' title='bbox 470 4807 573 4881; x_wconf 77' lang='lat' dir='ltr'><strong>zde_</strong></span> <span class='ocrx_word' id='word_1_617' title='bbox 630 4822 701 4861; x_wconf 81' lang='lat' dir='ltr'><strong>ne</strong></span> 
     </span>
    </p>
   </div>
   <div class='ocr_carea' id='block_1_82' title="bbox 168 4824 1327 4948">
    <p class='ocr_par' dir='ltr' id='par_1_82' title="bbox 168 4824 1327 4948">
     <span class='ocr_line' id='line_1_85' title="bbox 251 4824 1327 4933; baseline 0.001 -70"><span class='ocrx_word' id='word_1_618' title='bbox 251 4824 374 4881; x_wconf 69' lang='grc' dir='ltr'>(οδ)</span> <span class='ocrx_word' id='word_1_619' title='bbox 434 4824 559 4861; x_wconf 79' lang='lat' dir='ltr'><strong>nae</strong></span> <span class='ocrx_word' id='word_1_620' title='bbox 630 4824 701 4861; x_wconf 81' lang='lat' dir='ltr'><strong>ne</strong></span> <span class='ocrx_word' id='word_1_621' title='bbox 750 4824 961 4933; x_wconf 54' lang='lat' dir='ltr'><strong>gat-cas</strong></span> <span class='ocrx_word' id='word_1_622' title='bbox 1034 4824 1189 4864; x_wconf 86' lang='lat' dir='ltr'><strong>auro.</strong></span> <span class='ocrx_word' id='word_1_623' title='bbox 1248 4824 1327 4864; x_wconf 86' lang='lat' dir='ltr'><strong>ua</strong></span> 
     </span>
     <span class='ocr_line' id='line_1_86' title="bbox 168 4877 1327 4948; baseline 0.001 -13"><span class='ocrx_word' id='word_1_624' title='bbox 168 4895 354 4945; x_wconf 81' lang='lat' dir='ltr'><strong>auro,</strong></span> <span class='ocrx_word' id='word_1_625' title='bbox 386 4882 522 4943; x_wconf 87' lang='lat' dir='ltr'><strong>etc.,</strong></span> <span class='ocrx_word' id='word_1_626' title='bbox 549 4877 722 4948; x_wconf 85' lang='lat' dir='ltr'><strong>juxta</strong></span> <span class='ocrx_word' id='word_1_627' title='bbox 802 4895 1011 4934; x_wconf 72' lang='lat' dir='ltr'><strong>meum</strong></span> <span class='ocrx_word' id='word_1_628' title='bbox 1034 4879 1215 4935; x_wconf 85' lang='lat' dir='ltr'><strong>Oxon.</strong></span> <span class='ocrx_word' id='word_1_629' title='bbox 1249 4897 1327 4936; x_wconf 81' lang='grc' dir='ltr'>ιι).</span> 
     </span>
    </p>
   </div>
   <div class='ocr_carea' id='block_1_83' title="bbox 256 4948 1206 5022">
    <p class='ocr_par' dir='ltr' id='par_1_83' title="bbox 256 4948 1206 5022">
     <span class='ocr_line' id='line_1_87' title="bbox 256 4948 1206 5022; baseline 0 -17"><span class='ocrx_word' id='word_1_630' title='bbox 256 4951 377 5022; x_wconf 84' lang='grc'>(64)</span> <span class='ocrx_word' id='word_1_631' title='bbox 411 4948 737 5022; x_wconf 82' lang='grc' dir='ltr'>Πριάμενος.</span> <span class='ocrx_word' id='word_1_632' title='bbox 770 4950 1087 5022; x_wconf 89' lang='grc' dir='ltr'>Πριάμενοι.</span> <span class='ocrx_word' id='word_1_633' title='bbox 1126 4954 1206 5007; x_wconf 90' lang='lat' dir='ltr'><strong>ID.</strong></span> 
     </span>
    </p>
   </div>
   <div class='ocr_carea' id='block_1_84' title="bbox 254 5020 1207 5093">
    <p class='ocr_par' dir='ltr' id='par_1_84' title="bbox 254 5020 1207 5093">
     <span class='ocr_line' id='line_1_88' title="bbox 254 5020 1207 5093; baseline 0 -16"><span class='ocrx_word' id='word_1_634' title='bbox 254 5020 379 5093; x_wconf 90' lang='grc'>(65)</span> <span class='ocrx_word' id='word_1_635' title='bbox 412 5020 526 5093; x_wconf 59' lang='lat' dir='ltr'><strong>Duc</strong></span> <span class='ocrx_word' id='word_1_636' title='bbox 552 5020 622 5077; x_wconf 87' lang='lat' dir='ltr'><strong>ad</strong></span> <span class='ocrx_word' id='word_1_637' title='bbox 650 5036 755 5093; x_wconf 65' lang='lat' dir='ltr'><strong>me.</strong></span> <span class='ocrx_word' id='word_1_638' title='bbox 789 5020 1089 5078; x_wconf 77' lang='lat' dir='ltr'><strong>Adducite.</strong></span> <span class='ocrx_word' id='word_1_639' title='bbox 1125 5027 1207 5077; x_wconf 86' lang='grc' dir='ltr'>ΙΙ).</span> 
     </span>
    </p>
   </div>
   <div class='ocr_carea' id='block_1_85' title="bbox 254 5089 1849 5168">
    <p class='ocr_par' dir='ltr' id='par_1_85' title="bbox 254 5089 1849 5168">
     <span class='ocr_line' id='line_1_89' title="bbox 254 5089 1849 5168; baseline 0.003 -22"><span class='ocrx_word' id='word_1_640' title='bbox 439 5089 583 5168; x_wconf 76' lang='grc' dir='ltr'>Δίδει</span> <span class='ocrx_word' id='word_1_641' title='bbox 662 5089 846 5153; x_wconf 77' lang='grc' dir='ltr'>αὐτοῖς</span> <span class='ocrx_word' id='word_1_642' title='bbox 893 5093 946 5146; x_wconf 91' lang='grc' dir='ltr'>π’</span> <span class='ocrx_word' id='word_1_643' title='bbox 1002 5092 1281 5168; x_wconf 87' lang='grc' dir='ltr'>χουσίους.</span> <span class='ocrx_word' id='word_1_644' title='bbox 1341 5091 1476 5156; x_wconf 76' lang='grc' dir='ltr'>Δοὺς</span> <span class='ocrx_word' id='word_1_645' title='bbox 1552 5092 1736 5156; x_wconf 79' lang='grc' dir='ltr'>αὐτοῖς</span> <span class='ocrx_word' id='word_1_646' title='bbox 1797 5096 1849 5150; x_wconf 82' lang='grc' dir='ltr'>π’</span> 
     </span>
    </p>
   </div>
   <div class='ocr_carea' id='block_1_86' title="bbox 168 5163 624 5241">
    <p class='ocr_par' dir='ltr' id='par_1_86' title="bbox 168 5163 624 5241">
     <span class='ocr_line' id='line_1_90' title="bbox 168 5163 624 5241; baseline 0 0"><span class='ocrx_word' id='word_1_647' title='bbox 168 5163 508 5241; x_wconf 45' lang='lat'><strong>#93605-</strong></span> <span class='ocrx_word' id='word_1_648' title='bbox 544 5166 624 5241; x_wconf 63' lang='lat'><strong>19:</strong></span> 
     </span>
    </p>
   </div>
   <div class='ocr_carea' id='block_1_87' title="bbox 282 5232 1412 5308">
    <p class='ocr_par' dir='ltr' id='par_1_87' title="bbox 282 5232 1412 5308">
     <span class='ocr_line' id='line_1_91' title="bbox 282 5232 1412 5308; baseline 0.002 -17"><span class='ocrx_word' id='word_1_649' title='bbox 282 5238 383 5308; x_wconf 87' lang='lat'>67)</span> <span class='ocrx_word' id='word_1_650' title='bbox 418 5235 668 5307; x_wconf 80' lang='grc' dir='ltr'>Ἐτασθῇ.</span> <span class='ocrx_word' id='word_1_651' title='bbox 726 5232 957 5308; x_wconf 76' lang='grc' dir='ltr'>Δῖκισθῇ</span> <span class='ocrx_word' id='word_1_652' title='bbox 988 5237 1293 5307; x_wconf 82' lang='lat' dir='ltr'><strong>vapularet.</strong></span> <span class='ocrx_word' id='word_1_653' title='bbox 1334 5238 1412 5293; x_wconf 91' lang='grc' dir='ltr'>ΙΙ).</span> 
     </span>
    </p>
   </div>
   <div class='ocr_carea' id='block_1_88' title="bbox 278 5309 1848 5381">
    <p class='ocr_par' dir='ltr' id='par_1_88' title="bbox 278 5309 1848 5381">
     <span class='ocr_line' id='line_1_92' title="bbox 278 5309 1848 5381; baseline 0.003 -18"><span class='ocrx_word' id='word_1_654' title='bbox 278 5309 380 5381; x_wconf 91' lang='lat'>68)</span> <span class='ocrx_word' id='word_1_655' title='bbox 412 5309 835 5381; x_wconf 78' lang='lat' dir='ltr'><strong>Exquireretur.</strong></span> <span class='ocrx_word' id='word_1_656' title='bbox 863 5309 1086 5381; x_wconf 88' lang='lat' dir='ltr'><strong>Flagris</strong></span> <span class='ocrx_word' id='word_1_657' title='bbox 1110 5310 1446 5378; x_wconf 60' lang='lat' dir='ltr'><strong>caederetur,</strong></span> <span class='ocrx_word' id='word_1_658' title='bbox 1470 5309 1642 5381; x_wconf 83' lang='lat' dir='ltr'><strong>juxta</strong></span> <span class='ocrx_word' id='word_1_659' title='bbox 1669 5313 1848 5367; x_wconf 65' lang='lat' dir='ltr'><strong>Graec.</strong></span> 
     </span>
    </p>
   </div>
   <div class='ocr_carea' id='block_1_89' title="bbox 170 5378 427 5436">
    <p class='ocr_par' dir='ltr' id='par_1_89' title="bbox 170 5378 427 5436">
     <span class='ocr_line' id='line_1_93' title="bbox 170 5378 427 5436; baseline -0.008 0"><span class='ocrx_word' id='word_1_660' title='bbox 170 5378 295 5436; x_wconf 56' lang='lat' dir='ltr'><strong>Ox.</strong></span> <span class='ocrx_word' id='word_1_661' title='bbox 341 5378 427 5436; x_wconf 81' lang='lat' dir='ltr'><strong>ID.</strong></span> 
     </span>
    </p>
   </div>
   <div class='ocr_carea' id='block_1_90' title="bbox 416 5447 1047 5525">
    <p class='ocr_par' dir='ltr' id='par_1_90' title="bbox 416 5447 1047 5525">
     <span class='ocr_line' id='line_1_94' title="bbox 416 5447 1047 5525; baseline 0 -21"><span class='ocrx_word' id='word_1_662' title='bbox 416 5448 661 5525; x_wconf 69' lang='grc' dir='ltr'>’Δγάπηγ</span> <span class='ocrx_word' id='word_1_663' title='bbox 691 5447 955 5525; x_wconf 34' lang='grc' dir='ltr'>Ἀγαθόν..</span> <span class='ocrx_word' id='word_1_664' title='bbox 969 5451 1047 5505; x_wconf 90' lang='lat' dir='ltr'><strong>ID.</strong></span> 
     </span>
    </p>
   </div>
   <div class='ocr_carea' id='block_1_91' title="bbox 362 5452 382 5665">
    <p class='ocr_par' dir='ltr' id='par_1_91' title="bbox 362 5452 382 5665">
     <span class='ocr_line' id='line_1_95' title="bbox 362 5452 382 5665; baseline 0 0"><span class='ocrx_word' id='word_1_665' title='bbox 362 5452 382 5665; x_wconf 73' lang='grc' dir='ltr'>ξ</span> 
     </span>
    </p>
   </div>
   <div class='ocr_carea' id='block_1_92' title="bbox 251 5451 1425 5665">
    <p class='ocr_par' dir='ltr' id='par_1_92' title="bbox 251 5451 1425 5665">
     <span class='ocr_line' id='line_1_96' title="bbox 278 5451 1047 5525; baseline -0.003 -19"><span class='ocrx_word' id='word_1_666' title='bbox 278 5451 360 5506; x_wconf 85' lang='grc'>69</span> <span class='ocrx_word' id='word_1_667' title='bbox 416 5451 661 5523; x_wconf 82' lang='grc' dir='ltr'>’Δγάπην</span> <span class='ocrx_word' id='word_1_668' title='bbox 691 5451 935 5525; x_wconf 84' lang='grc' dir='ltr'>Ἀγαθόν.</span> <span class='ocrx_word' id='word_1_669' title='bbox 969 5451 1047 5505; x_wconf 90' lang='lat' dir='ltr'><strong>ID.</strong></span> 
     </span>
     <span class='ocr_line' id='line_1_97' title="bbox 251 5452 1425 5665; baseline 0.002 -90"><span class='ocrx_word' id='word_1_670' title='bbox 251 5452 382 5665; x_wconf 60' lang='grc'>(70)</span> <span class='ocrx_word' id='word_1_671' title='bbox 417 5518 766 5595; x_wconf 84' lang='grc' dir='ltr'>Παρεκάλεσα</span> <span class='ocrx_word' id='word_1_672' title='bbox 797 5519 1010 5581; x_wconf 72' lang='grc' dir='ltr'>αὐτούς.</span> <span class='ocrx_word' id='word_1_673' title='bbox 1044 5518 1148 5576; x_wconf 70' lang='grc' dir='ltr'>Καί</span> <span class='ocrx_word' id='word_1_674' title='bbox 1179 5522 1313 5577; x_wconf 86' lang='lat' dir='ltr'><strong>add.</strong></span> <span class='ocrx_word' id='word_1_675' title='bbox 1344 5527 1425 5578; x_wconf 88' lang='lat' dir='ltr'><strong>ID.</strong></span> 
     </span>
     <span class='ocr_line' id='line_1_98' title="bbox 279 5590 1425 5665; baseline 0.002 -17"><span class='ocrx_word' id='word_1_676' title='bbox 279 5595 352 5648; x_wconf 91' lang='grc'>71</span> <span class='ocrx_word' id='word_1_677' title='bbox 441 5590 774 5651; x_wconf 68' lang='grc' dir='ltr'>Ἐκὲλευσεν.</span> <span class='ocrx_word' id='word_1_678' title='bbox 832 5590 1152 5661; x_wconf 79' lang='grc' dir='ltr'>’Πθέλησαν.</span> <span class='ocrx_word' id='word_1_679' title='bbox 1215 5595 1365 5665; x_wconf 85' lang='lat' dir='ltr'><strong>Lege</strong></span> <span class='ocrx_word' id='word_1_680' title='bbox 1422 5612 1425 5637; x_wconf 67' lang='grc' dir='ltr'><strong>ε</strong></span> 
     </span>
    </p>
   </div>
   <div class='ocr_carea' id='block_1_93' title="bbox 279 5590 1855 5667">
    <p class='ocr_par' dir='ltr' id='par_1_93' title="bbox 279 5590 1855 5667">
     <span class='ocr_line' id='line_1_99' title="bbox 279 5590 1855 5667; baseline 0.003 -19"><span class='ocrx_word' id='word_1_681' title='bbox 279 5590 382 5665; x_wconf 90' lang='grc'>71)</span> <span class='ocrx_word' id='word_1_682' title='bbox 441 5590 774 5667; x_wconf 53' lang='grc' dir='ltr'>Ἐξιὲλευσει</span> <span class='ocrx_word' id='word_1_683' title='bbox 832 5590 1365 5667; x_wconf 32' lang='grc' dir='ltr'>ξΠθέλῃσανηΙλθεϐ</span> <span class='ocrx_word' id='word_1_684' title='bbox 1422 5595 1627 5651; x_wconf 88' lang='lat' dir='ltr'><strong>Genes.</strong></span> <span class='ocrx_word' id='word_1_685' title='bbox 1689 5614 1740 5664; x_wconf 72' lang='grc' dir='ltr'><strong>ι,</strong></span> <span class='ocrx_word' id='word_1_686' title='bbox 1789 5598 1855 5652; x_wconf 90' lang='grc'>16</span> 
     </span>
    </p>
   </div>
   <div class='ocr_carea' id='block_1_94' title="bbox 164 5665 1541 5807">
    <p class='ocr_par' dir='ltr' id='par_1_94' title="bbox 164 5665 1541 5807">
     <span class='ocr_line' id='line_1_100' title="bbox 164 5665 1541 5807; baseline -0.002 -87"><span class='ocrx_word' id='word_1_687' title='bbox 164 5680 391 5807; x_wconf 60' lang='lat' dir='ltr'><strong>se.qu</strong></span> <span class='ocrx_word' id='word_1_688' title='bbox 424 5670 483 5721; x_wconf 91' lang='lat' dir='ltr'><strong>et</strong></span> <span class='ocrx_word' id='word_1_689' title='bbox 509 5666 630 5749; x_wconf 60' lang='lat' dir='ltr'><strong>haec</strong></span> <span class='ocrx_word' id='word_1_690' title='bbox 661 5666 809 5748; x_wconf 80' lang='lat' dir='ltr'><strong>bene</strong></span> <span class='ocrx_word' id='word_1_691' title='bbox 832 5665 1142 5737; x_wconf 86' lang='lat' dir='ltr'><strong>intelliges.</strong></span> <span class='ocrx_word' id='word_1_692' title='bbox 1178 5666 1259 5721; x_wconf 86' lang='lat' dir='ltr'><strong>In.</strong></span> <span class='ocrx_word' id='word_1_693' title='bbox 1303 5665 1320 5667; x_wconf 41' lang='lat'><strong><em>&#39;</em></strong></span> <span class='ocrx_word' id='word_1_694' title='bbox 1529 5736 1541 5750; x_wconf 46' lang='lat'><strong><em>.</em></strong></span> 
     </span>
     <span class='ocr_line' id='line_1_101' title="bbox 188 5736 1541 5807; baseline 0.002 -18"><span class='ocrx_word' id='word_1_695' title='bbox 188 5805 209 5807; x_wconf 25' lang='grc' dir='ltr'><strong>Α</strong></span> <span class='ocrx_word' id='word_1_696' title='bbox 286 5738 393 5805; x_wconf 87' lang='lat'>72)</span> <span class='ocrx_word' id='word_1_697' title='bbox 422 5738 608 5793; x_wconf 73' lang='lat' dir='ltr'><strong>Iussu.</strong></span> <span class='ocrx_word' id='word_1_698' title='bbox 640 5736 873 5792; x_wconf 77' lang='lat' dir='ltr'><strong>Scilicet</strong></span> <span class='ocrx_word' id='word_1_699' title='bbox 904 5742 1066 5807; x_wconf 85' lang='lat' dir='ltr'><strong>pater</strong></span> <span class='ocrx_word' id='word_1_700' title='bbox 1093 5737 1295 5793; x_wconf 86' lang='lat' dir='ltr'><strong>Jacob.</strong></span> <span class='ocrx_word' id='word_1_701' title='bbox 1352 5736 1463 5793; x_wconf 85' lang='lat' dir='ltr'><strong>Sed</strong></span> <span class='ocrx_word' id='word_1_702' title='bbox 1494 5753 1541 5792; x_wconf 75' lang='grc' dir='ltr'>δι</span> 
     </span>
    </p>
   </div>
   <div class='ocr_carea' id='block_1_95' title="bbox 286 5736 1855 5808">
    <p class='ocr_par' dir='ltr' id='par_1_95' title="bbox 286 5736 1855 5808">
     <span class='ocr_line' id='line_1_102' title="bbox 286 5736 1855 5808; baseline 0.004 -19"><span class='ocrx_word' id='word_1_703' title='bbox 286 5738 393 5805; x_wconf 87' lang='lat'>72)</span> <span class='ocrx_word' id='word_1_704' title='bbox 422 5738 608 5793; x_wconf 73' lang='lat' dir='ltr'><strong>Iussit.</strong></span> <span class='ocrx_word' id='word_1_705' title='bbox 640 5736 873 5792; x_wconf 89' lang='lat' dir='ltr'><strong>Scilicet</strong></span> <span class='ocrx_word' id='word_1_706' title='bbox 904 5736 1066 5808; x_wconf 85' lang='lat' dir='ltr'><strong>pater</strong></span> <span class='ocrx_word' id='word_1_707' title='bbox 1093 5737 1295 5793; x_wconf 86' lang='lat' dir='ltr'><strong>Jacob.</strong></span> <span class='ocrx_word' id='word_1_708' title='bbox 1352 5736 1463 5793; x_wconf 85' lang='lat' dir='ltr'><strong>Sed</strong></span> <span class='ocrx_word' id='word_1_709' title='bbox 1494 5736 1544 5792; x_wconf 91' lang='lat' dir='ltr'><strong>si</strong></span> <span class='ocrx_word' id='word_1_710' title='bbox 1594 5739 1855 5795; x_wconf 71' lang='lat' dir='ltr'><strong>Graecum</strong></span> 
     </span>
    </p>
   </div>
   <div class='ocr_carea' id='block_1_96' title="bbox 170 5805 1857 5883">
    <p class='ocr_par' dir='ltr' id='par_1_96' title="bbox 170 5805 1857 5883">
     <span class='ocr_line' id='line_1_103' title="bbox 170 5805 1857 5883; baseline 0.002 -19"><span class='ocrx_word' id='word_1_711' title='bbox 170 5805 388 5864; x_wconf 80' lang='lat' dir='ltr'><strong>Oxon.</strong></span> <span class='ocrx_word' id='word_1_712' title='bbox 450 5824 791 5883; x_wconf 81' lang='lat' dir='ltr'><strong>sequamur,</strong></span> <span class='ocrx_word' id='word_1_713' title='bbox 825 5805 952 5865; x_wconf 74' lang='lat' dir='ltr'><strong>loco</strong></span> <span class='ocrx_word' id='word_1_714' title='bbox 1002 5809 1173 5879; x_wconf 77' lang='lat' dir='ltr'><strong>jussit</strong></span> <span class='ocrx_word' id='word_1_715' title='bbox 1227 5810 1626 5883; x_wconf 89' lang='lat' dir='ltr'><strong>reponendum</strong></span> <span class='ocrx_word' id='word_1_716' title='bbox 1672 5812 1857 5869; x_wconf 84' lang='lat' dir='ltr'><strong>volue-</strong></span> 
     </span>
    </p>
   </div>
   <div class='ocr_carea' id='block_1_97' title="bbox 165 5881 966 5956">
    <p class='ocr_par' dir='ltr' id='par_1_97' title="bbox 165 5881 966 5956">
     <span class='ocr_line' id='line_1_104' title="bbox 165 5881 966 5956; baseline 0.006 -22"><span class='ocrx_word' id='word_1_717' title='bbox 165 5883 356 5948; x_wconf 84' lang='lat' dir='ltr'><strong>runt,</strong></span> <span class='ocrx_word' id='word_1_718' title='bbox 382 5895 595 5956; x_wconf 88' lang='lat' dir='ltr'><strong>nempe</strong></span> <span class='ocrx_word' id='word_1_719' title='bbox 623 5881 849 5938; x_wconf 86' lang='lat' dir='ltr'><strong>fratres.</strong></span> <span class='ocrx_word' id='word_1_720' title='bbox 883 5886 966 5939; x_wconf 85' lang='grc' dir='ltr'>ΙΙ).</span> 
     </span>
    </p>
   </div>
   <div class='ocr_carea' id='block_1_98' title="bbox 1948 3520 3603 3595">
    <p class='ocr_par' dir='ltr' id='par_1_98' title="bbox 1948 3520 3603 3595">
     <span class='ocr_line' id='line_1_105' title="bbox 1948 3520 3603 3595; baseline 0.003 -20"><span class='ocrx_word' id='word_1_721' title='bbox 1948 3520 2006 3580; x_wconf 91' lang='lat' dir='ltr'><strong>in</strong></span> <span class='ocrx_word' id='word_1_722' title='bbox 2041 3525 2211 3580; x_wconf 87' lang='lat' dir='ltr'><strong>bonis</strong></span> <span class='ocrx_word' id='word_1_723' title='bbox 2244 3526 2301 3579; x_wconf 91' lang='lat' dir='ltr'><strong>in</strong></span> <span class='ocrx_word' id='word_1_724' title='bbox 2336 3524 2567 3580; x_wconf 76' lang='lat' dir='ltr'><strong>saecula.</strong></span> <span class='ocrx_word' id='word_1_725' title='bbox 2605 3526 2671 3579; x_wconf 89' lang='lat' dir='ltr'><strong>Et</strong></span> <span class='ocrx_word' id='word_1_726' title='bbox 2709 3525 2756 3579; x_wconf 89' lang='lat' dir='ltr'><strong>si</strong></span> <span class='ocrx_word' id='word_1_727' title='bbox 2788 3523 3037 3579; x_wconf 88' lang='lat' dir='ltr'><strong>voluerit</strong></span> <span class='ocrx_word' id='word_1_728' title='bbox 3077 3524 3209 3595; x_wconf 88' lang='lat' dir='ltr'><strong>quis</strong></span> <span class='ocrx_word' id='word_1_729' title='bbox 3261 3524 3603 3581; x_wconf 88' lang='lat' dir='ltr'><strong>malefacere</strong></span> 
     </span>
    </p>
   </div>
   <div class='ocr_carea' id='block_1_99' title="bbox 1946 3614 3603 3685">
    <p class='ocr_par' dir='ltr' id='par_1_99' title="bbox 1946 3614 3603 3685">
     <span class='ocr_line' id='line_1_106' title="bbox 1946 3614 3603 3685; baseline 0 -16"><span class='ocrx_word' id='word_1_730' title='bbox 1946 3614 2131 3683; x_wconf 85' lang='lat' dir='ltr'><strong>vobis,</strong></span> <span class='ocrx_word' id='word_1_731' title='bbox 2162 3631 2262 3669; x_wconf 88' lang='lat' dir='ltr'><strong>vos</strong></span> <span class='ocrx_word' id='word_1_732' title='bbox 2292 3614 2350 3668; x_wconf 83' lang='lat' dir='ltr'><strong>in</strong></span> <span class='ocrx_word' id='word_1_733' title='bbox 2386 3614 2743 3684; x_wconf 86' lang='lat' dir='ltr'><strong>benignitate</strong></span> <span class='ocrx_word' id='word_1_734' title='bbox 2799 3618 2958 3669; x_wconf 89' lang='lat' dir='ltr'><strong>orate</strong></span> <span class='ocrx_word' id='word_1_735' title='bbox 2989 3630 3092 3685; x_wconf 91' lang='lat' dir='ltr'><strong>pro</strong></span> <span class='ocrx_word' id='word_1_736' title='bbox 3115 3630 3216 3681; x_wconf 90' lang='lat' dir='ltr'><strong>eo;</strong></span> <span class='ocrx_word' id='word_1_737' title='bbox 3252 3619 3309 3669; x_wconf 91' lang='lat' dir='ltr'><strong>et</strong></span> <span class='ocrx_word' id='word_1_738' title='bbox 3340 3614 3412 3669; x_wconf 88' lang='lat' dir='ltr'><strong>ab</strong></span> <span class='ocrx_word' id='word_1_739' title='bbox 3443 3614 3603 3669; x_wconf 91' lang='lat' dir='ltr'><strong>omni</strong></span> 
     </span>
    </p>
   </div>
   <div class='ocr_carea' id='block_1_100' title="bbox 1951 3701 3601 3773">
    <p class='ocr_par' dir='ltr' id='par_1_100' title="bbox 1951 3701 3601 3773">
     <span class='ocr_line' id='line_1_107' title="bbox 1951 3701 3601 3773; baseline 0.001 -17"><span class='ocrx_word' id='word_1_740' title='bbox 1951 3702 2104 3758; x_wconf 90' lang='lat' dir='ltr'><strong>malo</strong></span> <span class='ocrx_word' id='word_1_741' title='bbox 2137 3701 2530 3757; x_wconf 91' lang='lat' dir='ltr'><strong>liberabimini</strong></span> <span class='ocrx_word' id='word_1_742' title='bbox 2566 3718 2669 3773; x_wconf 90' lang='lat' dir='ltr'><strong>per</strong></span> <span class='ocrx_word' id='word_1_743' title='bbox 2719 3701 3051 3757; x_wconf 89' lang='lat' dir='ltr'><strong>Dominum.</strong></span> <span class='ocrx_word' id='word_1_744' title='bbox 3088 3702 3230 3758; x_wconf 88' lang='lat' dir='ltr'><strong>Ecce</strong></span> <span class='ocrx_word' id='word_1_745' title='bbox 3260 3702 3414 3757; x_wconf 90' lang='lat' dir='ltr'><strong>enim</strong></span> <span class='ocrx_word' id='word_1_746' title='bbox 3442 3703 3601 3757; x_wconf 90' lang='lat' dir='ltr'><strong>vide-</strong></span> 
     </span>
    </p>
   </div>
   <div class='ocr_carea' id='block_1_101' title="bbox 1951 3790 3604 3863">
    <p class='ocr_par' dir='ltr' id='par_1_101' title="bbox 1951 3790 3604 3863">
     <span class='ocr_line' id='line_1_108' title="bbox 1951 3790 3604 3863; baseline 0.001 -17"><span class='ocrx_word' id='word_1_747' title='bbox 1951 3790 2046 3858; x_wconf 90' lang='lat' dir='ltr'><strong>tis,</strong></span> <span class='ocrx_word' id='word_1_748' title='bbox 2081 3791 2236 3862; x_wconf 90' lang='lat' dir='ltr'><strong>quod</strong></span> <span class='ocrx_word' id='word_1_749' title='bbox 2271 3795 2505 3863; x_wconf 90' lang='lat' dir='ltr'><strong>propter</strong></span> <span class='ocrx_word' id='word_1_750' title='bbox 2533 3790 3066 3863; x_wconf 87' lang='lat' dir='ltr'><strong>longanimitatem,</strong></span> <span class='ocrx_word' id='word_1_751' title='bbox 3096 3790 3270 3846; x_wconf 86' lang='lat' dir='ltr'><strong>etiam</strong></span> <span class='ocrx_word' id='word_1_752' title='bbox 3293 3790 3474 3846; x_wconf 84' lang='lat' dir='ltr'><strong>ﬁliam</strong></span> <span class='ocrx_word' id='word_1_753' title='bbox 3504 3792 3604 3847; x_wconf 90' lang='lat' dir='ltr'><strong>do-</strong></span> 
     </span>
    </p>
   </div>
   <div class='ocr_carea' id='block_1_102' title="bbox 1951 3882 3601 3954">
    <p class='ocr_par' dir='ltr' id='par_1_102' title="bbox 1951 3882 3601 3954">
     <span class='ocr_line' id='line_1_109' title="bbox 1951 3882 3601 3954; baseline 0 -17"><span class='ocrx_word' id='word_1_754' title='bbox 1951 3883 2245 3938; x_wconf 87' lang='lat' dir='ltr'><strong>minorum</strong></span> <span class='ocrx_word' id='word_1_755' title='bbox 2279 3899 2541 3937; x_wconf 87' lang='lat' dir='ltr'><strong>meorum</strong></span> <span class='ocrx_word' id='word_1_756' title='bbox 2603 3882 2798 3954; x_wconf 88' lang='lat' dir='ltr'><strong>accepi</strong></span> <span class='ocrx_word' id='word_1_757' title='bbox 2830 3882 2888 3936; x_wconf 89' lang='lat' dir='ltr'><strong>in</strong></span> <span class='ocrx_word' id='word_1_758' title='bbox 2948 3898 3188 3938; x_wconf 78' lang='lat' dir='ltr'><strong>uxorem</strong></span> <span class='ocrx_word' id='word_1_759' title='bbox 3217 3901 3229 3951; x_wconf 92' lang='lat'><strong>;</strong></span> <span class='ocrx_word' id='word_1_760' title='bbox 3280 3888 3337 3938; x_wconf 88' lang='lat' dir='ltr'><strong>et</strong></span> <span class='ocrx_word' id='word_1_761' title='bbox 3365 3887 3601 3939; x_wconf 88' lang='lat' dir='ltr'><strong>centum</strong></span> 
     </span>
    </p>
   </div>
   <div class='ocr_carea' id='block_1_103' title="bbox 1949 3970 3601 4042">
    <p class='ocr_par' dir='ltr' id='par_1_103' title="bbox 1949 3970 3601 4042">
     <span class='ocr_line' id='line_1_110' title="bbox 1949 3970 3601 4042; baseline 0 -14"><span class='ocrx_word' id='word_1_762' title='bbox 1949 3972 2171 4029; x_wconf 88' lang='lat' dir='ltr'><strong>talenta</strong></span> <span class='ocrx_word' id='word_1_763' title='bbox 2200 3971 2329 4026; x_wconf 89' lang='lat' dir='ltr'><strong>auri</strong></span> <span class='ocrx_word' id='word_1_764' title='bbox 2361 3970 2505 4026; x_wconf 88' lang='lat' dir='ltr'><strong>mihi</strong></span> <span class='ocrx_word' id='word_1_765' title='bbox 2539 3971 2677 4027; x_wconf 88' lang='lat' dir='ltr'><strong>data</strong></span> <span class='ocrx_word' id='word_1_766' title='bbox 2708 3976 2844 4027; x_wconf 89' lang='lat' dir='ltr'><strong>sunt</strong></span> <span class='ocrx_word' id='word_1_767' title='bbox 2890 3986 3022 4026; x_wconf 88' lang='lat' dir='ltr'><strong>cum</strong></span> <span class='ocrx_word' id='word_1_768' title='bbox 3054 3986 3159 4039; x_wconf 87' lang='lat' dir='ltr'><strong>ea;</strong></span> <span class='ocrx_word' id='word_1_769' title='bbox 3192 3972 3470 4042; x_wconf 88' lang='lat' dir='ltr'><strong>quoniam</strong></span> <span class='ocrx_word' id='word_1_770' title='bbox 3502 3988 3601 4028; x_wconf 89' lang='lat' dir='ltr'><strong>eos</strong></span> 
     </span>
    </p>
   </div>
   <div class='ocr_carea' id='block_1_104' title="bbox 1950 4059 3598 4133">
    <p class='ocr_par' dir='ltr' id='par_1_104' title="bbox 1950 4059 3598 4133">
     <span class='ocr_line' id='line_1_111' title="bbox 1950 4059 3598 4133; baseline -0.001 -15"><span class='ocrx_word' id='word_1_771' title='bbox 1950 4061 2238 4119; x_wconf 85' lang='lat' dir='ltr'><strong>Dominus</strong></span> <span class='ocrx_word' id='word_1_772' title='bbox 2292 4060 2433 4115; x_wconf 88' lang='lat' dir='ltr'><strong>mihi</strong></span> <span class='ocrx_word' id='word_1_773' title='bbox 2494 4060 2711 4116; x_wconf 88' lang='lat' dir='ltr'><strong>servire</strong></span> <span class='ocrx_word' id='word_1_774' title='bbox 2761 4059 2913 4115; x_wconf 89' lang='lat' dir='ltr'><strong>fecit.</strong></span> <span class='ocrx_word' id='word_1_775' title='bbox 2971 4060 3039 4116; x_wconf 89' lang='lat' dir='ltr'><strong>Et</strong></span> <span class='ocrx_word' id='word_1_776' title='bbox 3095 4060 3598 4133; x_wconf 88' lang='lat' dir='ltr'><strong>pulchritudinem</strong></span> 
     </span>
    </p>
   </div>
   <div class='ocr_carea' id='block_1_105' title="bbox 2026 4308 2757 4383">
    <p class='ocr_par' dir='ltr' id='par_1_105' title="bbox 2026 4308 2757 4383">
     <span class='ocr_line' id='line_1_112' title="bbox 2026 4308 2757 4383; baseline -0.001 -16"><span class='ocrx_word' id='word_1_777' title='bbox 2026 4313 2139 4383; x_wconf 90' lang='lat'>(73)</span> <span class='ocrx_word' id='word_1_778' title='bbox 2170 4309 2370 4373; x_wconf 81' lang='grc' dir='ltr'>Αὐτοῖς</span> <span class='ocrx_word' id='word_1_779' title='bbox 2406 4308 2640 4380; x_wconf 78' lang='grc' dir='ltr'>Δῦτούς,</span> <span class='ocrx_word' id='word_1_780' title='bbox 2673 4315 2757 4366; x_wconf 88' lang='grc' dir='ltr'>ΙΙ).</span> 
     </span>
    </p>
   </div>
   <div class='ocr_carea' id='block_1_106' title="bbox 2024 4378 3601 4459">
    <p class='ocr_par' dir='ltr' id='par_1_106' title="bbox 2024 4378 3601 4459">
     <span class='ocr_line' id='line_1_113' title="bbox 2024 4378 3601 4459; baseline 0.002 -21"><span class='ocrx_word' id='word_1_781' title='bbox 2024 4378 2138 4456; x_wconf 80' lang='grc'>(74)</span> <span class='ocrx_word' id='word_1_782' title='bbox 2168 4384 2232 4438; x_wconf 78' lang='grc' dir='ltr'><strong>’Π</strong></span> <span class='ocrx_word' id='word_1_783' title='bbox 2265 4389 2337 4459; x_wconf 83' lang='grc' dir='ltr'>γῆ</span> <span class='ocrx_word' id='word_1_784' title='bbox 2388 4378 2633 4457; x_wconf 20' lang='grc' dir='ltr'>μου,....ν</span> <span class='ocrx_word' id='word_1_785' title='bbox 2667 4385 2774 4436; x_wconf 82' lang='grc' dir='ltr'><strong>τῶν</strong></span> <span class='ocrx_word' id='word_1_786' title='bbox 2805 4378 3132 4455; x_wconf 81' lang='grc' dir='ltr'>ἐλαχίστων,</span> <span class='ocrx_word' id='word_1_787' title='bbox 3165 4383 3386 4440; x_wconf 87' lang='lat' dir='ltr'><strong>omissa</strong></span> <span class='ocrx_word' id='word_1_788' title='bbox 3442 4389 3601 4442; x_wconf 89' lang='lat' dir='ltr'><strong>sunt.</strong></span> 
     </span>
    </p>
   </div>
   <div class='ocr_carea' id='block_1_107' title="bbox 1955 4456 2779 4580">
    <p class='ocr_par' dir='ltr' id='par_1_107' title="bbox 1955 4456 2779 4580">
     <span class='ocr_line' id='line_1_114' title="bbox 1955 4456 2779 4580; baseline -0.002 0"><span class='ocrx_word' id='word_1_789' title='bbox 1955 4456 2440 4580; x_wconf 67' lang='lat' dir='ltr'><strong>IDI75i’vaBOa.</strong></span> <span class='ocrx_word' id='word_1_790' title='bbox 2475 4527 2661 4580; x_wconf 90' lang='lat' dir='ltr'><strong>Deest.</strong></span> <span class='ocrx_word' id='word_1_791' title='bbox 2702 4526 2779 4579; x_wconf 86' lang='lat' dir='ltr'><strong>In.</strong></span> 
     </span>
    </p>
   </div>
   <div class='ocr_carea' id='block_1_108' title="bbox 2047 4526 3607 4668">
    <p class='ocr_par' dir='ltr' id='par_1_108' title="bbox 2047 4526 3607 4668">
     <span class='ocr_line' id='line_1_115' title="bbox 2047 4526 2779 4580; baseline 0 -2"><span class='ocrx_word' id='word_1_792' title='bbox 2047 4527 2117 4580; x_wconf 83' lang='lat'>75</span> <span class='ocrx_word' id='word_1_793' title='bbox 2159 4526 2440 4580; x_wconf 86' lang='grc' dir='ltr'>Ἐνταῦθα.</span> <span class='ocrx_word' id='word_1_794' title='bbox 2475 4527 2661 4580; x_wconf 90' lang='lat' dir='ltr'><strong>Deest.</strong></span> <span class='ocrx_word' id='word_1_795' title='bbox 2702 4526 2779 4579; x_wconf 86' lang='lat' dir='ltr'><strong>In.</strong></span> 
     </span>
     <span class='ocr_line' id='line_1_116' title="bbox 2047 4526 3607 4668; baseline 0.001 -19"><span class='ocrx_word' id='word_1_796' title='bbox 2047 4526 2331 4668; x_wconf 52' lang='grc' dir='ltr'>76)]18ού.</span> <span class='ocrx_word' id='word_1_797' title='bbox 2386 4600 2608 4653; x_wconf 89' lang='lat' dir='ltr'><strong>Desunt</strong></span> <span class='ocrx_word' id='word_1_798' title='bbox 2663 4596 2860 4651; x_wconf 87' lang='lat' dir='ltr'><strong>omnia</strong></span> <span class='ocrx_word' id='word_1_799' title='bbox 2919 4610 3105 4665; x_wconf 88' lang='lat' dir='ltr'><strong>usque</strong></span> <span class='ocrx_word' id='word_1_800' title='bbox 3156 4595 3228 4650; x_wconf 91' lang='lat' dir='ltr'><strong>ad</strong></span> <span class='ocrx_word' id='word_1_801' title='bbox 3276 4591 3326 4648; x_wconf 79' lang='grc' dir='ltr'>ἐν</span> <span class='ocrx_word' id='word_1_802' title='bbox 3369 4599 3499 4649; x_wconf 81' lang='grc' dir='ltr'>πᾶσι</span> <span class='ocrx_word' id='word_1_803' title='bbox 3528 4601 3607 4668; x_wconf 82' lang='grc' dir='ltr'>τῷ</span> 
     </span>
    </p>
   </div>
   <div class='ocr_carea' id='block_1_109' title="bbox 1974 4662 3601 4813">
    <p class='ocr_par' dir='ltr' id='par_1_109' title="bbox 1974 4662 3601 4813">
     <span class='ocr_line' id='line_1_117' title="bbox 1974 4662 3601 4813; baseline 0 -19"><span class='ocrx_word' id='word_1_804' title='bbox 1974 4662 2448 4813; x_wconf 42' lang='grc' dir='ltr'><strong>Ιαέίᾝῗθζῗίατέρα</strong></span> <span class='ocrx_word' id='word_1_805' title='bbox 2503 4734 2704 4811; x_wconf 81' lang='grc' dir='ltr'>κυρίων</span> <span class='ocrx_word' id='word_1_806' title='bbox 2765 4755 2888 4813; x_wconf 61' lang='grc' dir='ltr'>μου.</span> <span class='ocrx_word' id='word_1_807' title='bbox 2924 4736 3001 4813; x_wconf 72' lang='lat' dir='ltr'><strong>Ex</strong></span> <span class='ocrx_word' id='word_1_808' title='bbox 3057 4734 3149 4791; x_wconf 89' lang='lat' dir='ltr'><strong>his</strong></span> <span class='ocrx_word' id='word_1_809' title='bbox 3201 4736 3393 4813; x_wconf 83' lang='lat' dir='ltr'><strong>verbis</strong></span> <span class='ocrx_word' id='word_1_810' title='bbox 3424 4742 3601 4813; x_wconf 78' lang='lat' dir='ltr'><strong>patet,</strong></span> 
     </span>
    </p>
   </div>
   <div class='ocr_carea' id='block_1_110' title="bbox 805 4787 3603 4882">
    <p class='ocr_par' dir='ltr' id='par_1_110' title="bbox 805 4787 3603 4882">
     <span class='ocr_line' id='line_1_118' title="bbox 805 4787 3603 4882; baseline 0.002 -22"><span class='ocrx_word' id='word_1_811' title='bbox 805 4787 961 4861; x_wconf 66' lang='grc' dir='ltr'><strong>ιιι-’ἓως</strong></span> <span class='ocrx_word' id='word_1_812' title='bbox 1034 4823 1189 4882; x_wconf 74' lang='lat' dir='ltr'><strong>quro.</strong></span> <span class='ocrx_word' id='word_1_813' title='bbox 1248 4810 1405 4877; x_wconf 73' lang='lat' dir='ltr'><strong>Date,</strong></span> <span class='ocrx_word' id='word_1_814' title='bbox 1463 4826 1565 4865; x_wconf 83' lang='lat' dir='ltr'><strong>nec</strong></span> <span class='ocrx_word' id='word_1_815' title='bbox 1638 4787 2708 4882; x_wconf 51' lang='lat' dir='ltr'><strong>parciteDau‘ctolrem‘nosrtrumrper</strong></span> <span class='ocrx_word' id='word_1_816' title='bbox 2763 4787 3157 4882; x_wconf 42' lang='lat' dir='ltr'><strong>&#39;Putipbarem,</strong></span> <span class='ocrx_word' id='word_1_817' title='bbox 3220 4810 3390 4882; x_wconf 85' lang='lat' dir='ltr'><strong>cujus</strong></span> <span class='ocrx_word' id='word_1_818' title='bbox 3421 4787 3603 4866; x_wconf 61' lang='lat' dir='ltr'><strong>filiani</strong></span> 
     </span>
    </p>
   </div>
   <div class='ocr_carea' id='block_1_111' title="bbox 1954 4879 3603 4954">
    <p class='ocr_par' dir='ltr' id='par_1_111' title="bbox 1954 4879 3603 4954">
     <span class='ocr_line' id='line_1_119' title="bbox 1954 4879 3603 4954; baseline -0.001 -15"><span class='ocrx_word' id='word_1_819' title='bbox 1954 4884 2211 4940; x_wconf 86' lang='lat' dir='ltr'><strong>Asenath</strong></span> <span class='ocrx_word' id='word_1_820' title='bbox 2243 4879 2621 4954; x_wconf 72' lang='lat' dir='ltr'><strong>Josepbusin</strong></span> <span class='ocrx_word' id='word_1_821' title='bbox 2648 4896 2879 4954; x_wconf 79' lang='lat' dir='ltr'><strong>uxorem</strong></span> <span class='ocrx_word' id='word_1_822' title='bbox 2914 4879 3205 4954; x_wconf 70' lang='lat' dir='ltr'><strong>accepisse</strong></span> <span class='ocrx_word' id='word_1_823' title='bbox 3231 4880 3465 4954; x_wconf 83' lang='lat' dir='ltr'><strong>dicitur,</strong></span> <span class='ocrx_word' id='word_1_824' title='bbox 3497 4885 3603 4937; x_wconf 90' lang='lat' dir='ltr'><strong>Ge-</strong></span> 
     </span>
    </p>
   </div>
   <div class='ocr_carea' id='block_1_112' title="bbox 1958 4951 3603 5025">
    <p class='ocr_par' dir='ltr' id='par_1_112' title="bbox 1958 4951 3603 5025">
     <span class='ocr_line' id='line_1_120' title="bbox 1958 4951 3603 5025; baseline -0.001 -16"><span class='ocrx_word' id='word_1_825' title='bbox 1958 4972 2081 5009; x_wconf 89' lang='lat' dir='ltr'><strong>nes.</strong></span> <span class='ocrx_word' id='word_1_826' title='bbox 2142 4951 2760 5022; x_wconf 49' lang='lat' dir='ltr'><strong>xu,45,&#39;intellexisse</strong></span> <span class='ocrx_word' id='word_1_827' title='bbox 2818 4952 3009 5020; x_wconf 89' lang='lat' dir='ltr'><strong>ipsum</strong></span> <span class='ocrx_word' id='word_1_828' title='bbox 3077 4951 3471 5023; x_wconf 79' lang='lat' dir='ltr'><strong>Putipharem,</strong></span> <span class='ocrx_word' id='word_1_829' title='bbox 3503 4954 3603 5025; x_wconf 92' lang='lat' dir='ltr'><strong>qui</strong></span> 
     </span>
    </p>
   </div>
   <div class='ocr_carea' id='block_1_113' title="bbox 1956 5025 3606 5097">
    <p class='ocr_par' dir='ltr' id='par_1_113' title="bbox 1956 5025 3606 5097">
     <span class='ocr_line' id='line_1_121' title="bbox 1956 5025 3606 5097; baseline -0.001 -16"><span class='ocrx_word' id='word_1_830' title='bbox 1956 5027 2279 5097; x_wconf 88' lang='lat' dir='ltr'><strong>Josephum</strong></span> <span class='ocrx_word' id='word_1_831' title='bbox 2336 5030 2577 5089; x_wconf 90' lang='lat' dir='ltr'><strong>emerat,</strong></span> <span class='ocrx_word' id='word_1_832' title='bbox 2610 5025 2752 5077; x_wconf 85' lang='lat' dir='ltr'><strong>adeo</strong></span> <span class='ocrx_word' id='word_1_833' title='bbox 2812 5028 2877 5097; x_wconf 84' lang='lat' dir='ltr'><strong>ut</strong></span> <span class='ocrx_word' id='word_1_834' title='bbox 2926 5038 3019 5097; x_wconf 83' lang='lat' dir='ltr'><strong>ex_</strong></span> <span class='ocrx_word' id='word_1_835' title='bbox 3051 5038 3235 5097; x_wconf 80' lang='lat' dir='ltr'><strong>servo</strong></span> <span class='ocrx_word' id='word_1_836' title='bbox 3273 5040 3451 5095; x_wconf 89' lang='lat' dir='ltr'><strong>gener</strong></span> <span class='ocrx_word' id='word_1_837' title='bbox 3479 5028 3606 5095; x_wconf 87' lang='lat' dir='ltr'><strong>ejus</strong></span> 
     </span>
    </p>
   </div>
   <div class='ocr_carea' id='block_1_114' title="bbox 1960 5092 3606 5164">
    <p class='ocr_par' dir='ltr' id='par_1_114' title="bbox 1960 5092 3606 5164">
     <span class='ocr_line' id='line_1_122' title="bbox 1960 5092 3606 5164; baseline -0.001 -12"><span class='ocrx_word' id='word_1_838' title='bbox 1960 5092 2152 5153; x_wconf 67' lang='lat' dir='ltr'><strong>taetris</strong></span> <span class='ocrx_word' id='word_1_839' title='bbox 2178 5096 2373 5152; x_wconf 89' lang='lat' dir='ltr'><strong>fuerit.</strong></span> <span class='ocrx_word' id='word_1_840' title='bbox 2409 5099 2470 5151; x_wconf 92' lang='lat' dir='ltr'><strong>In</strong></span> <span class='ocrx_word' id='word_1_841' title='bbox 2494 5112 2607 5164; x_wconf 85' lang='lat' dir='ltr'><strong>qun</strong></span> <span class='ocrx_word' id='word_1_842' title='bbox 2628 5094 2917 5149; x_wconf 87' lang='lat' dir='ltr'><strong>sententia</strong></span> <span class='ocrx_word' id='word_1_843' title='bbox 2946 5092 3121 5148; x_wconf 87' lang='lat' dir='ltr'><strong>etiam</strong></span> <span class='ocrx_word' id='word_1_844' title='bbox 3156 5092 3359 5151; x_wconf 51' lang='lat' dir='ltr'><strong>iuit—ex</strong></span> <span class='ocrx_word' id='word_1_845' title='bbox 3386 5092 3606 5151; x_wconf 64' lang='lat' dir='ltr'><strong>Judéeis</strong></span> 
     </span>
    </p>
   </div>
   <div class='ocr_carea' id='block_1_115' title="bbox 1959 5165 3606 5237">
    <p class='ocr_par' dir='ltr' id='par_1_115' title="bbox 1959 5165 3606 5237">
     <span class='ocr_line' id='line_1_123' title="bbox 1959 5165 3606 5237; baseline -0.001 -13"><span class='ocrx_word' id='word_1_846' title='bbox 1959 5169 2028 5225; x_wconf 77' lang='grc' dir='ltr'>Β.</span> <span class='ocrx_word' id='word_1_847' title='bbox 2060 5169 2292 5224; x_wconf 88' lang='lat' dir='ltr'><strong>Salomo</strong></span> <span class='ocrx_word' id='word_1_848' title='bbox 2340 5167 2531 5223; x_wconf 87' lang='lat' dir='ltr'><strong>Jarcbi</strong></span> <span class='ocrx_word' id='word_1_849' title='bbox 2560 5184 2573 5233; x_wconf 87' lang='lat'><strong>;</strong></span> <span class='ocrx_word' id='word_1_850' title='bbox 2607 5182 2673 5220; x_wconf 84' lang='lat' dir='ltr'><strong>ex</strong></span> <span class='ocrx_word' id='word_1_851' title='bbox 2722 5165 3072 5221; x_wconf 85' lang='lat' dir='ltr'><strong>Christianis</strong></span> <span class='ocrx_word' id='word_1_852' title='bbox 3131 5167 3519 5237; x_wconf 84' lang='lat' dir='ltr'><strong>Hieronymus</strong></span> <span class='ocrx_word' id='word_1_853' title='bbox 3546 5168 3606 5222; x_wconf 90' lang='lat' dir='ltr'><strong>in</strong></span> 
     </span>
    </p>
   </div>
   <div class='ocr_carea' id='block_1_116' title="bbox 1964 5238 3609 5310">
    <p class='ocr_par' dir='ltr' id='par_1_116' title="bbox 1964 5238 3609 5310">
     <span class='ocr_line' id='line_1_124' title="bbox 1964 5238 3609 5310; baseline -0.001 -15"><span class='ocrx_word' id='word_1_854' title='bbox 1964 5242 2019 5295; x_wconf 90' lang='lat' dir='ltr'><strong>b.</strong></span> <span class='ocrx_word' id='word_1_855' title='bbox 2054 5240 2092 5295; x_wconf 93' lang='lat' dir='ltr'><strong>l.</strong></span> <span class='ocrx_word' id='word_1_856' title='bbox 2128 5244 2227 5296; x_wconf 85' lang='lat' dir='ltr'><strong>Ast</strong></span> <span class='ocrx_word' id='word_1_857' title='bbox 2286 5239 2635 5295; x_wconf 87' lang='lat' dir='ltr'><strong>recentiores</strong></span> <span class='ocrx_word' id='word_1_858' title='bbox 2695 5240 3187 5310; x_wconf 82' lang='lat' dir='ltr'><strong>commentatores</strong></span> <span class='ocrx_word' id='word_1_859' title='bbox 3219 5255 3365 5309; x_wconf 88' lang='lat' dir='ltr'><strong>quos</strong></span> <span class='ocrx_word' id='word_1_860' title='bbox 3396 5238 3609 5310; x_wconf 87' lang='lat' dir='ltr'><strong>legisse</strong></span> 
     </span>
    </p>
   </div>
   <div class='ocr_carea' id='block_1_117' title="bbox 1961 5308 3607 5383">
    <p class='ocr_par' dir='ltr' id='par_1_117' title="bbox 1961 5308 3607 5383">
     <span class='ocr_line' id='line_1_125' title="bbox 1961 5308 3607 5383; baseline -0.001 -16"><span class='ocrx_word' id='word_1_861' title='bbox 1961 5312 2107 5367; x_wconf 85' lang='lat' dir='ltr'><strong>mihi</strong></span> <span class='ocrx_word' id='word_1_862' title='bbox 2135 5311 2399 5383; x_wconf 86' lang='lat' dir='ltr'><strong>contigit,</strong></span> <span class='ocrx_word' id='word_1_863' title='bbox 2426 5327 2628 5383; x_wconf 85' lang='lat' dir='ltr'><strong>omnes</strong></span> <span class='ocrx_word' id='word_1_864' title='bbox 2652 5310 2767 5383; x_wconf 87' lang='lat' dir='ltr'><strong>fere</strong></span> <span class='ocrx_word' id='word_1_865' title='bbox 2800 5308 3178 5383; x_wconf 76' lang='lat' dir='ltr'><strong>Putipharem</strong></span> <span class='ocrx_word' id='word_1_866' title='bbox 3210 5308 3477 5383; x_wconf 74' lang='lat' dir='ltr'><strong>socerum</strong></span> <span class='ocrx_word' id='word_1_867' title='bbox 3500 5311 3607 5383; x_wconf 12' lang='lat' dir='ltr'><strong>7J0-</strong></span> 
     </span>
    </p>
   </div>
   <div class='ocr_carea' id='block_1_118' title="bbox 1961 5380 3609 5453">
    <p class='ocr_par' dir='ltr' id='par_1_118' title="bbox 1961 5380 3609 5453">
     <span class='ocr_line' id='line_1_126' title="bbox 1961 5380 3609 5453; baseline -0.001 -14"><span class='ocrx_word' id='word_1_868' title='bbox 1961 5384 2150 5453; x_wconf 86' lang='lat' dir='ltr'><strong>sephi,</strong></span> <span class='ocrx_word' id='word_1_869' title='bbox 2189 5400 2221 5438; x_wconf 89' lang='lat' dir='ltr'><strong>a</strong></span> <span class='ocrx_word' id='word_1_870' title='bbox 2255 5380 2565 5453; x_wconf 75' lang='lat' dir='ltr'><strong>Putiphare</strong></span> <span class='ocrx_word' id='word_1_871' title='bbox 2596 5381 2833 5435; x_wconf 89' lang='lat' dir='ltr'><strong>domino</strong></span> <span class='ocrx_word' id='word_1_872' title='bbox 2891 5382 3041 5450; x_wconf 89' lang='lat' dir='ltr'><strong>ejus,</strong></span> <span class='ocrx_word' id='word_1_873' title='bbox 3076 5380 3371 5453; x_wconf 73' lang='lat' dir='ltr'><strong>diversum</strong></span> <span class='ocrx_word' id='word_1_874' title='bbox 3427 5382 3609 5437; x_wconf 84' lang='lat' dir='ltr'><strong>fuisse</strong></span> 
     </span>
    </p>
   </div>
   <div class='ocr_carea' id='block_1_119' title="bbox 1961 5451 3605 5523">
    <p class='ocr_par' dir='ltr' id='par_1_119' title="bbox 1961 5451 3605 5523">
     <span class='ocr_line' id='line_1_127' title="bbox 1961 5451 3605 5523; baseline -0.001 -13"><span class='ocrx_word' id='word_1_875' title='bbox 1961 5451 2186 5510; x_wconf 89' lang='lat' dir='ltr'><strong>volunt.</strong></span> <span class='ocrx_word' id='word_1_876' title='bbox 2218 5454 2358 5509; x_wconf 87' lang='lat' dir='ltr'><strong>Mihi</strong></span> <span class='ocrx_word' id='word_1_877' title='bbox 2388 5451 2504 5523; x_wconf 77' lang='lat' dir='ltr'><strong>iam</strong></span> <span class='ocrx_word' id='word_1_878' title='bbox 2548 5469 2661 5507; x_wconf 91' lang='lat' dir='ltr'><strong>non</strong></span> <span class='ocrx_word' id='word_1_879' title='bbox 2693 5456 2858 5506; x_wconf 87' lang='lat' dir='ltr'><strong>vacat</strong></span> <span class='ocrx_word' id='word_1_880' title='bbox 2907 5451 3237 5507; x_wconf 89' lang='lat' dir='ltr'><strong>accuratius</strong></span> <span class='ocrx_word' id='word_1_881' title='bbox 3294 5453 3605 5523; x_wconf 87' lang='lat' dir='ltr'><strong>inquirere,</strong></span> 
     </span>
    </p>
   </div>
   <div class='ocr_carea' id='block_1_120' title="bbox 1965 5523 3615 5598">
    <p class='ocr_par' dir='ltr' id='par_1_120' title="bbox 1965 5523 3615 5598">
     <span class='ocr_line' id='line_1_128' title="bbox 1965 5523 3615 5598; baseline -0.002 -16"><span class='ocrx_word' id='word_1_882' title='bbox 1965 5527 2144 5598; x_wconf 18' lang='lat' dir='ltr'><strong>cujus,</strong></span> <span class='ocrx_word' id='word_1_883' title='bbox 2172 5526 2292 5580; x_wconf 85' lang='lat' dir='ltr'><strong>ﬁlia</strong></span> <span class='ocrx_word' id='word_1_884' title='bbox 2322 5525 2497 5598; x_wconf 84' lang='lat' dir='ltr'><strong>fuerit</strong></span> <span class='ocrx_word' id='word_1_885' title='bbox 2526 5524 2685 5593; x_wconf 86' lang='lat' dir='ltr'><strong>virgo</strong></span> <span class='ocrx_word' id='word_1_886' title='bbox 2730 5523 2984 5598; x_wconf 82' lang='lat' dir='ltr'><strong>Ascnath</strong></span> <span class='ocrx_word' id='word_1_887' title='bbox 3016 5540 3160 5598; x_wconf 80' lang='lat' dir='ltr'><strong>uxor</strong></span> <span class='ocrx_word' id='word_1_888' title='bbox 3188 5524 3441 5598; x_wconf 76' lang='lat' dir='ltr'><strong>Iosephi,</strong></span> <span class='ocrx_word' id='word_1_889' title='bbox 3476 5524 3615 5595; x_wconf 87' lang='lat' dir='ltr'><strong>quia</strong></span> 
     </span>
    </p>
   </div>
   <div class='ocr_carea' id='block_1_121' title="bbox 1965 5594 3611 5667">
    <p class='ocr_par' dir='ltr' id='par_1_121' title="bbox 1965 5594 3611 5667">
     <span class='ocr_line' id='line_1_129' title="bbox 1965 5594 3611 5667; baseline -0.002 -13"><span class='ocrx_word' id='word_1_890' title='bbox 1965 5594 2049 5654; x_wconf 28' lang='lat' dir='ltr'><strong>adv</strong></span> <span class='ocrx_word' id='word_1_891' title='bbox 2099 5597 2273 5653; x_wconf 88' lang='lat' dir='ltr'><strong>aliam</strong></span> <span class='ocrx_word' id='word_1_892' title='bbox 2336 5596 2524 5667; x_wconf 86' lang='lat' dir='ltr'><strong>magis</strong></span> <span class='ocrx_word' id='word_1_893' title='bbox 2592 5596 2981 5649; x_wconf 86' lang='lat' dir='ltr'><strong>necessariam</strong></span> <span class='ocrx_word' id='word_1_894' title='bbox 3040 5594 3611 5667; x_wconf 27' lang='lat' dir='ltr'><strong>adnotationem’me</strong></span> 
     </span>
    </p>
   </div>
   <div class='ocr_carea' id='block_1_122' title="bbox 1964 5665 3608 5737">
    <p class='ocr_par' dir='ltr' id='par_1_122' title="bbox 1964 5665 3608 5737">
     <span class='ocr_line' id='line_1_130' title="bbox 1964 5665 3608 5737; baseline -0.002 -12"><span class='ocrx_word' id='word_1_895' title='bbox 1964 5673 2131 5725; x_wconf 91' lang='lat' dir='ltr'><strong>vocat</strong></span> <span class='ocrx_word' id='word_1_896' title='bbox 2153 5668 2410 5724; x_wconf 89' lang='lat' dir='ltr'><strong>melioris</strong></span> <span class='ocrx_word' id='word_1_897' title='bbox 2442 5665 2588 5722; x_wconf 64' lang='lat' dir='ltr'><strong>notis</strong></span> <span class='ocrx_word' id='word_1_898' title='bbox 2621 5669 2799 5737; x_wconf 84' lang='lat' dir='ltr'><strong>virgo,</strong></span> <span class='ocrx_word' id='word_1_899' title='bbox 2830 5667 2891 5719; x_wconf 91' lang='lat' dir='ltr'><strong>B.</strong></span> <span class='ocrx_word' id='word_1_900' title='bbox 2927 5665 3107 5721; x_wconf 86' lang='lat' dir='ltr'><strong>Maria</strong></span> <span class='ocrx_word' id='word_1_901' title='bbox 3140 5672 3326 5721; x_wconf 88' lang='lat' dir='ltr'><strong>mater</strong></span> <span class='ocrx_word' id='word_1_902' title='bbox 3360 5668 3608 5735; x_wconf 86' lang='lat' dir='ltr'><strong>Domini,</strong></span> 
     </span>
    </p>
   </div>
   <div class='ocr_carea' id='block_1_123' title="bbox 1966 5738 3607 5811">
    <p class='ocr_par' dir='ltr' id='par_1_123' title="bbox 1966 5738 3607 5811">
     <span class='ocr_line' id='line_1_131' title="bbox 1966 5738 3607 5811; baseline -0.001 -15"><span class='ocrx_word' id='word_1_903' title='bbox 1966 5742 2137 5811; x_wconf 90' lang='lat' dir='ltr'><strong>cujus</strong></span> <span class='ocrx_word' id='word_1_904' title='bbox 2165 5739 2461 5811; x_wconf 86' lang='lat' dir='ltr'><strong>Josepbus</strong></span> <span class='ocrx_word' id='word_1_905' title='bbox 2491 5738 2548 5793; x_wconf 89' lang='lat' dir='ltr'><strong>in</strong></span> <span class='ocrx_word' id='word_1_906' title='bbox 2582 5738 2780 5793; x_wconf 87' lang='lat' dir='ltr'><strong>eadem</strong></span> <span class='ocrx_word' id='word_1_907' title='bbox 2816 5738 3030 5809; x_wconf 86' lang='lat' dir='ltr'><strong>pagina</strong></span> <span class='ocrx_word' id='word_1_908' title='bbox 3060 5738 3419 5795; x_wconf 89' lang='lat' dir='ltr'><strong>mentionem</strong></span> <span class='ocrx_word' id='word_1_909' title='bbox 3451 5739 3607 5795; x_wconf 88' lang='lat' dir='ltr'><strong>facit.</strong></span> 
     </span>
    </p>
   </div>
   <div class='ocr_carea' id='block_1_124' title="bbox 1968 5813 3537 5955">
    <p class='ocr_par' dir='ltr' id='par_1_124' title="bbox 1968 5813 3537 5955">
     <span class='ocr_line' id='line_1_132' title="bbox 1968 5813 3537 5955; baseline 0 -19"><span class='ocrx_word' id='word_1_910' title='bbox 1968 5813 2149 5955; x_wconf 79' lang='lat' dir='ltr'><strong>ID(78)</strong></span> <span class='ocrx_word' id='word_1_911' title='bbox 2176 5881 2346 5943; x_wconf 78' lang='grc' dir='ltr'>Αὐτὸς</span> <span class='ocrx_word' id='word_1_912' title='bbox 2378 5878 2681 5936; x_wconf 75' lang='grc' dir='ltr'>ἐδούλευσε.</span> <span class='ocrx_word' id='word_1_913' title='bbox 2716 5884 2861 5950; x_wconf 79' lang='lat' dir='ltr'><strong>Lege</strong></span> <span class='ocrx_word' id='word_1_914' title='bbox 2905 5876 3099 5941; x_wconf 78' lang='grc' dir='ltr'>αὐτοὺς</span> <span class='ocrx_word' id='word_1_915' title='bbox 3131 5875 3421 5938; x_wconf 71' lang='grc' dir='ltr'>ὲδούλωσε.</span> <span class='ocrx_word' id='word_1_916' title='bbox 3454 5887 3537 5939; x_wconf 91' lang='grc' dir='ltr'>ΙΙ).</span> 
     </span>
    </p>
   </div>
   <div class='ocr_carea' id='block_1_125' title="bbox 3475 544 3743 635">
    <p class='ocr_par' dir='ltr' id='par_1_125' title="bbox 3475 544 3743 635">
     <span class='ocr_line' id='line_1_133' title="bbox 3475 544 3743 635; baseline -0.015 -29"><span class='ocrx_word' id='word_1_917' title='bbox 3475 544 3635 606; x_wconf 77' lang='lat' dir='ltr'><strong>nas</strong></span> <span class='ocrx_word' id='word_1_918' title='bbox 3740 632 3743 635; x_wconf 3' lang='grc' dir='ltr'><strong>ᾳ</strong></span> 
     </span>
    </p>
   </div>
  </div>
