4016 6222
218 525 357 590 1111

1365 530 1963 595 TESTAMENTUM
2032 533 2441 595 BENJAMIN.

3448 533 3606 594 1142

217 658 309 714 Καὶ
358 656 645 730 ἐπενοησεν
695 656 852 714 αὐτὸν
899 678 1005 723 πας
1064 658 1289 737 Ῑσραήλ,
1339 662 1429 717 καὶ
1484 667 1627 718 πᾶσα
1673 663 1708 731 ἡ
1757 660 1852 718 Αἴ-

1982 665 2158 720 πηοίε
2191 663 2387 735 Israel,
2420 668 2477 720 et
2524 662 2715 721 omnis
2770 664 3072 738 Egyptus,
3106 663 3340 737 planctu
3372 683 3601 739 magno.

215 768 430 825 γυπτος,
463 746 658 809 πένθος
720 747 876 823 μέγα.
910 749 1009 802 Καὶ
1058 751 1157 825 γὰρ
1207 750 1296 805 καὶ
1344 756 1462 814 τοῖς
1509 750 1850 827 Αἰγυπτίοις,

219 839 289 899 ὡς
339 834 501 898 ἰδίοις
558 836 765 909 μέλασι,
816 837 1138 915 συνέπασχε,
1188 839 1279 893 καὶ
1346 840 1646 917 εὐηργέτει,
1693 840 1850 894 παντὶ

222 925 377 1002 ἔργῳ,
412 924 501 980 καὶ
537 924 736 1000 βουλῇ,
768 926 854 980 καὶ
887 926 1162 1003 πράγματι
1194 929 1614 1005 παριστάμενος.

764 1037 1160 1088 ΚΕΦΑᾹΔΙΟΝ
1203 1036 1298 1089 ΙΒ’·

400 1120 638 1193 Διαθήξιη
682 1120 951 1192 Βενιαμὶν,
983 1122 1103 1196 περὶ
1137 1119 1370 1185 διανοίας
1402 1128 1655 1197 καθαρᾶς.

285 1209 358 1264 Δ’.
388 1206 743 1285 ’Δντίγραφον
796 1207 977 1283 λόγων
1025 1210 1303 1283 Βενιαμὶν,
1359 1213 1430 1265 ὧν
1483 1209 1686 1265 διέθετο
1734 1216 1851 1272 τοῖς

219 1298 349 1359 υἱοῖς
382 1296 567 1366 αὐτοῦ,
602 1299 764 1366 ζήσας
798 1294 890 1367 ἔτη
925 1300 1001 1371 ρκ’
1046 1301 1176 1371 (88).
1231 1301 1327 1354 Καὶ
1377 1299 1611 1378 φιλήσας
1659 1299 1851 1361 αὐτοὺς

218 1386 374 1440 εῗπενο
412 1410 437 1437 ‹‹
467 1390 551 1447 Ὡς
586 1385 761 1439 Ἰσαὰκ
790 1384 1062 1459 ἑκατοστῷ
1093 1384 1197 1442 ἔτει
1231 1386 1425 1463 ἐτέχθη
1470 1394 1548 1460 τῷ
1578 1384 1849 1463 Ἀϐραὰμ,

217 1474 381 1536 οὕτως
434 1475 586 1549 κάγὼ
632 1478 711 1546 τῷ
755 1470 971 1532 Ἰακώϐ.
1003 1475 1101 1530 Καὶ
1152 1475 1339 1546 ἐπειδὴ
1371 1477 1580 1552 Ῥαχὴλ
1628 1477 1853 1546 τέθνηκε

216 1562 447 1638 γεννῶσά
499 1582 584 1634 με,
616 1561 760 1637 γάλα
806 1562 905 1617 οὐκ
954 1559 1135 1639 ἔσχον.
1170 1564 1350 1621 Βάλαν
1401 1566 1489 1619 οὗν
1533 1566 1630 1633 τὴν
1673 1562 1851 1619 παιδί-

221 1673 346 1721 σκην
396 1650 563 1719 αὐτῆς
612 1648 870 1722 ἐθήλασα.
900 1653 962 1709 Ἠ
991 1652 1092 1729 γὰρ
1122 1654 1354 1728 Ῥαχὴλ,
1392 1654 1524 1726 μετά
1572 1652 1634 1708 τὸ
1680 1658 1851 1707 τεκεῖν

218 1740 375 1808 αὐτὴν
406 1740 498 1793 τὸν
552 1740 773 1817 Ἰωσὴφ,
807 1736 1016 1795 δώδεκα
1062 1740 1153 1812 ἔτη
1206 1742 1517 1817 ἐστείρευσε’
1552 1744 1639 1797 καὶ
1684 1762 1852 1816 προσ-

220 1827 410 1899 ηύξατο
464 1826 642 1902 Κυρίῳ
698 1827 829 1899 μετά
882 1828 1129 1898 νηστείας
1195 1826 1402 1883 δώδεκα
1477 1829 1705 1905 ἡμέρας·
1764 1828 1863 1883 καὶ

219 1910 560 1970 συλλαϐοῦσα
618 1913 763 1970 ἔτεκέ
825 1937 908 1987 με.
945 1914 1164 1994 Σφόδρα
1220 1918 1322 1992 γὰρ
1372 1919 1399 1971 6
1458 1919 1634 1991 πατὴρ
1692 1920 1851 1989 ἡμῶν

218 2002 401 2079 ἠγάπα
451 2002 805 2078 τὴνῬαχὴλ,
838 2004 927 2059 καὶ
986 2001 1189 2080 ηὔχετο
1239 2004 1333 2061 δύο
1384 2007 1534 2068 υἱοὺς
1588 2004 1715 2059 ἰδεῖν
1764 2006 1853 2059 ἀπ’
1886 2032 1931 2095 Β

219 2095 399 2162 αὐτῆς.
434 2093 530 2147 Διά
577 2096 738 2147 τοῦτο
788 2090 1026 2163 ἐκλήθην
1075 2094 1188 2156 υἱὸς
1238 2098 1483 2171 ἡμερῶν,
1516 2094 1545 2150 ὅ
1595 2095 1705 2149 ἐστι
1754 2101 1849 2150 Βε-

216 2182 392 2256 νιαμίν
428 2184 562 2254 (89).

284 2272 354 2327 Β’.
387 2294 416 2321 ‹(
447 2271 572 2324 ’Ὀτε
602 2266 693 2323 οὗν
741 2268 991 2339 εἰσῆλθον
1042 2270 1116 2333 εἷς
1149 2271 1442 2345 Αἶγυπτον,
1475 2272 1564 2327 καὶ
1616 2272 1851 2347 ἀνεγνώ-

220 2358 331 2431 ρισέ
366 2380 432 2431 με
462 2359 663 2435 Ἰωσὴφ
696 2359 723 2413 6
749 2356 982 2433 ἀδελφός
1018 2381 1142 2433 μου,
1176 2358 1321 2435 λέγει
1376 2382 1490 2434 μοι’
1529 2386 1555 2413 ‹‹
1586 2361 1646 2415 Τί
1702 2361 1849 2415 εἶπον

214 2453 290 2519 τῷ
317 2446 480 2523 πατρί
520 2468 646 2519 μου,
680 2444 768 2502 ὅτε
815 2447 1100 2519 ἐπώληςάν
1138 2468 1239 2521 με;
1277 2473 1303 2501 ››
1341 2450 1435 2506 Kal
1487 2449 1633 2504 εἶπον
1685 2449 1852 2521 αὐτῷ,

219 2534 297 2590 ὅτι
358 2533 552 2612 ἔφυρον
608 2535 697 2589 τὸν
756 2537 967 2611 χιτῶνά
1023 2558 1117 2590 σου
1166 2534 1376 2609 α’ίματι,
1408 2538 1496 2592 καὶ
1546 2537 1851 2611 πέμψαντες

218 2623 382 2679 εἶπον·
406 2620 828 2698 ‹‹Ἐπίγνωθι,εί
848 2624 1019 2698 χιτὼν
1050 2629 1146 2678 τοῦ
1180 2628 1300 2679 υἱοῦ
1331 2646 1425 2679 σου
1458 2624 1595 2680 ἐστὶν
1629 2627 1854 2688 οὗτος.»

219 2712 311 2767 Kal
360 2709 503 2787 λέγει
557 2730 670 2783 μοι·
704 2735 733 2763 ‹‹
768 2710 867 2765 Nai
911 2710 1130 2791 ἀδελφέ.
1165 2714 1262 2767 Καὶ
1294 2715 1397 2789 γὰρ
1429 2712 1517 2768 ὅτε
1542 2710 1736 2769 ἔλαϐόν
1792 2736 1857 2787 με

219 2801 269 2855 οἱ
298 2796 664 2870 Ἰσμαηλῖται,
698 2799 771 2860 εἷς
804 2798 854 2869 ἐξ
902 2798 1104 2869 αὐτῶν,
1128 2797 1401 2863 ἀποδύσας
1436 2823 1502 2873 με
1542 2802 1631 2855 τὸν
1684 2806 1855 2878 χιτῶ-

219 2909 301 2957 να,
334 2884 501 2941 ἔδωκέ
556 2907 649 2959 μοι
706 2886 1012 2962 περίζωμα,
1043 2889 1132 2941 καὶ
1191 2888 1582 2966 φραγελλώσας
1625 2912 1709 2963 με,
1745 2890 1859 2945 εἶπε

220 2978 453 3051 τρέχειν.
486 2976 571 3028 Ἐν
624 2972 681 3030 δὲ
725 2980 804 3047 τῷ
853 2976 1073 3051 ὑπάγειν
1123 2975 1285 3031 αὐτὸδ
1324 2978 1521 3053 κρύψαι
1548 2980 1607 3033 τὸ
1637 2978 1854 3051 ἱμάτιόν

227 3084 349 3138 μου,
384 3064 681 3133 ὑπήντησεν
733 3062 877 3135 αὐτῷ
928 3062 1086 3136 λέων,
1132 3067 1221 3119 καὶ
1270 3066 1476 3121 ἀνεῖλεν
1528 3068 1705 3122 αὐτόν.
1760 3068 1859 3123 Καὶ

222 3152 392 3213 οὕτως
423 3153 475 3206 οἱ
508 3151 737 3227 μέτοχοι
771 3146 1097 3229 φοϐηθέντες
1128 3152 1465 3210 διαπιυλοῦσί
1501 3177 1564 3229 με
1584 3162 1701 3217 τοῖς
1726 3156 1863 3210 ἑταί-

224 3261 339 3317 ροις
369 3262 567 3297 αυτων.
595 3263 623 3291 ››

292 3330 362 3383 Γ’.
398 3352 426 3381 ‹‹
479 3328 575 3382 Καὶ
625 3328 781 3401 ὑμεῖς
850 3328 963 3401 οὖν,
1012 3333 1170 3385 τέκνα
1234 3354 1357 3404 μου,
1404 3333 1719 3407 ἀγαπήσατε
1774 3334 1864 3388 τὸν

219 3418 346 3474 Θεὸν
390 3421 487 3472 τοῦ
533 3416 781 3493 οὐρανοῦ,
814 3419 903 3473 καὶ
959 3418 1224 3497 φυλάξατε
1269 3424 1362 3482 τὰς
1411 3421 1631 3484 ἐντολὰς
1674 3423 1861 3489 αὐτοῦ,

223 3506 554 3579 μιμούμενοι
598 3506 689 3560 τὸν
742 3507 933 3583 ἀγαθὸν
978 3510 1066 3561 καὶ
1116 3508 1263 3564 ὅσιον
1312 3508 1474 3583 ἄνδρα
1513 3513 1731 3589 Ἰωσήφ.
1768 3510 1865 3565 Καὶ

219 3594 357 3650 ἔστω
413 3598 449 3664 ἡ
500 3592 711 3649 διάνοια
772 3596 924 3669 ὑμῶν
981 3595 1057 3657 εἷς
1107 3598 1166 3651 τὸ
1215 3597 1429 3673 ἀγαθὸν,
1464 3599 1537 3660 ὡς
1588 3599 1868 3671 κάμὶι90)

221 3681 419 3740 οἷ’δατε.
451 3688 505 3737 Ὀ
555 3679 698 3759 ἔχων
751 3685 849 3752 τήν
901 3682 1139 3739 διάνοιαν
1188 3688 1412 3763 ἀγαθὴν,
1457 3689 1626 3742 πάντα
1679 3687 1867 3762 βλέπει

223 3772 421 3849 ὀρθῶς.
477 3767 742 3827 Φοϐεῖσθε
787 3772 1005 3849 Κύριον,
1046 3776 1133 3829 καὶ
1184 3775 1424 3851 ἀγαπᾶτε
1466 3776 1556 3829 τὸν
1608 3774 1864 3845 πλησίον·

220 3862 307 3917 καὶ
343 3860 429 3916 ἐὰν
462 3863 527 3915 τά
558 3860 837 3934 πνεύματα
874 3866 970 3917 τοῦ
1014 3861 1213 3939 Βελιάρ
1263 3864 1338 3927 εἷς
1388 3871 1558 3919 πᾶσαν
1608 3864 1868 3939 πονηρίαν

222 3949 463 4024 θλίψεως
532 3949 917 4020 ἐξαιτήσωνται
995 3951 1153 4023 ὑμᾶς,
1205 3951 1266 4006 οὐ
1333 3953 1407 4025 μὴ
1484 3950 1873 4025 κατακυριεῦσῃ

227 4039 383 4111 ὑμῶν
434 4043 578 4092 πᾶσα
624 4038 862 4114 πονηρία
912 4037 1171 4112 θλίψεως,
1223 4040 1299 4101 ὡς
1348 4038 1472 4095 οὐδὲ
1519 4042 1719 4117 Ἰωσὴφ
1775 4044 1871 4094 τοῦ

232 4123 473 4203 ἀδελφοῦ
506 4147 629 4199 μου.
663 4125 827 4182 Πόσοι
857 4131 964 4181 τῶν
998 4127 1293 4203 ἀνθρώπιον
1340 4126 1612 4199 ἠθέλησαν
1662 4127 1869 4183 ἀνελεῖν

231 4213 415 4285 αὐτὸν,
466 4212 556 4269 καὶ
604 4214 633 4268 6
684 4215 813 4277 Θεὸς
862 4214 1143 4270 ἑσκέπασεν
1203 4216 1361 4271 αὐτόν
1389 4244 1402 4285 ;
1434 4218 1494 4273 Ὀ
1522 4218 1624 4292 γὰρ
1670 4212 1874 4294 φοϐού-

228 4324 391 4377 μενος
423 4303 515 4357 τὸ)
545 4302 697 4374 Θεὸν,
729 4304 818 4357 καὶ
849 4302 1069 4378 ἀγαπῶν
1114 4304 1205 4358 τὸν
1260 4304 1496 4374 πλησίον
1554 4305 1737 4375 αὐτοῦ,
1774 4305 1874 4359 ὑπὸ

221 4396 322 4446 τοῦ
353 4390 539 4466 ἀερίου
566 4389 874 4464 πνεύματος
909 4397 1007 4446 τοῦ
1039 4390 1232 4466 Βελιάρ
1276 4392 1337 4446 οὐ
1387 4391 1605 4447 δύναται
1652 4392 1874 4468 πληγῆ-

223 4500 334 4551 ναι,
368 4479 769 4553 σκεπαζόμενος
804 4480 905 4535 ὑπὸ
942 4485 1040 4535 τοῦ
1089 4476 1260 4559 φόϐου
1309 4486 1404 4536 τοῦ
1450 4486 1601 4541 Θεοῦ·
1632 4481 1721 4536 καὶ
1771 4481 1877 4535 ἀπὸ

228 4563 532 4638 ἐπιϐουλῆς
587 4568 911 4645 ἀνθρώπων,
958 4570 993 4639 ἢ
1034 4569 1264 4647 θηρίων,
1295 4569 1356 4625 οὐ
1406 4567 1621 4625 δύναται
1666 4590 1879 4647 κυριευ-

224 4659 410 4726 θῆναι,
445 4657 811 4732 βοηθούμενος
866 4658 968 4713 ὑπὸ
1012 4666 1111 4727 τῆς
1159 4663 1256 4713 τοῦ
1305 4658 1502 4734 Κυρίου
1541 4658 1779 4734 ἀγάπης,
1810 4661 1879 4728 ἧς

1962 754 2191 808 Etenim
2224 757 2278 808 et
2308 753 2608 825 ngyptiis,
2632 757 2696 809 ut
2725 754 2977 826 propriis
3008 755 3306 825 membris,
3341 772 3604 827 compas-

1962 859 2063 896 sus
2096 846 2204 909 est,
2232 846 2286 897 et
2326 843 2628 911 benefccit,
2690 842 2849 897 omni
2879 858 3050 915 opere
3080 846 3137 898 et
3195 843 3434 899 consilio
3461 848 3517 900 et
3544 860 3603 900 re

1962 930 2263 987 assistens.

2588 1018 2819 1074 CAPUT
2857 1019 2973 1074 XII.

2154 1109 2545 1163 Testamentum
2576 1110 2875 1177 Benjamin
2904 1108 2967 1163 de
2996 1114 3170 1163 mente
3201 1108 3423 1164 munda.

2032 1217 2073 1270 Ι.
2107 1215 2549 1285 Transcriptum
2598 1215 2905 1269 verborum
2966 1214 3290 1285 Benjamin,
3324 1233 3449 1287 quae
3482 1217 3604 1271 dis-

1961 1304 2155 1377 posuit
2185 1303 2321 1358 tiliis
2352 1304 2499 1373 suis,
2532 1304 2729 1358 vivens
2782 1319 2965 1358 annos
2996 1308 3227 1358 centum
3278 1304 3501 1376 viginti.
3537 1306 3606 1361 Et

1960 1390 2234 1446 osculans
2264 1407 2381 1457 eos,
2413 1390 2596 1445 dixit:
2649 1412 2676 1439 ‹‹
2701 1389 2862 1445 Sicut
2917 1392 3079 1446 Isaac
3109 1392 3424 1447 centesimo
3453 1409 3605 1447 anno

1962 1486 2135 1534 natus
2167 1484 2254 1533 est
2283 1478 2602 1544 Abraham,
2638 1479 2717 1532 ita
2770 1484 2826 1533 et
2856 1496 2959 1549 ego
3015 1481 3217 1534 Jacob.
3253 1481 3398 1546 Quia
3429 1481 3609 1552 igitur

1962 1566 2175 1622 Rachel
2209 1572 2439 1622 mortua
2468 1571 2555 1621 est
2585 1582 2717 1620 cum
2751 1573 2980 1638 pareret
3010 1584 3123 1637 me,
3148 1567 3237 1622 lac
3268 1586 3383 1623 non
3404 1568 3605 1624 habui.

1960 1654 2182 1711 Ballam
2212 1656 2387 1728 igitur
2408 1654 2679 1709 ancillam
2701 1655 2828 1725 ejus
2851 1655 2998 1710 suxi.
3024 1656 3233 1710 Rachel
3262 1657 3606 1728 enim,post-

1962 1760 2137 1815 quam
2161 1745 2383 1815 peperit
2402 1743 2641 1815 Joseph,
2666 1744 2973 1799 duodecim
2997 1761 3181 1799 annos
3213 1744 3430 1800 sterilis
3462 1746 3601 1813 fuit;

1963 1837 2018 1888 et
2048 1833 2230 1887 oravit
2263 1832 2572 1887 Dominum
2604 1831 2980 1901 cumjejunio
3012 1832 3317 1887 duodecim
3350 1833 3559 1889 diebus
3588 1859 3602 1899 ;

1962 1926 2019 1976 et
2048 1920 2378 1991 concipiens
2410 1921 2632 1991 peperit
2662 1937 2771 1975 me.
2805 1920 2986 1975 Valde
3031 1920 3185 1975 enim
3219 1926 3379 1990 pater
3410 1927 3607 1977 noster

1962 2008 2162 2064 dilexit
2193 2008 2427 2074 Rachel,
2460 2013 2517 2063 et
2547 2010 2765 2081 optavit
2789 2009 2935 2064 duos
2966 2008 3117 2064 ﬁlios
3146 2010 3338 2064 videre
3360 2026 3427 2063 ex
3457 2010 3603 2081 ipsa.

1960 2098 2198 2175 Propter
2227 2097 2335 2152 hoc
2392 2100 2632 2152 vocatus
2664 2114 2796 2152 sum
2851 2096 3003 2166 ﬁlius
3034 2096 3271 2167 dierum,
3333 2098 3488 2169 quod
3518 2101 3608 2153 est

1962 2186 2288 2256 Benjamin.

2033 2276 2100 2331 ll.
2136 2298 2163 2325 ι(
2198 2275 2438 2340 Quando
2474 2273 2651 2346 igitur
2707 2273 2916 2329 intravi
2950 2274 3008 2328 in
3065 2277 3395 2345 Egyptum,
3429 2278 3484 2329 et
3516 2291 3606 2329 re-

1962 2363 2230 2435 cognovit
2260 2380 2351 2419 me
2372 2363 2548 2418 frater
2568 2378 2734 2417 meus
2755 2362 2992 2433 Joseph,
3025 2362 3169 2417 dixit
3190 2362 3333 2416 mihi
3359 2378 3372 2416 :
3410 2382 3437 2414 α
3459 2363 3605 2426 Quid

1964 2453 2233 2508 dixerunt
2264 2451 2413 2524 patri
2446 2467 2594 2519 meo,
2617 2452 2850 2522 quando
2894 2451 3281 2506 vendiderunt
3310 2450 3447 2508 me?
3477 2473 3506 2501 »
3540 2452 3609 2506 Et

1963 2542 2227 2599 dicebam
2258 2540 2491 2611 ei,quod
2541 2543 2991 2610 consperserunt
3012 2537 3269 2594 tunicam
3292 2543 3457 2594 tuam
3479 2556 3611 2594 san-

1964 2631 2162 2704 guine,
2194 2633 2249 2684 et
2281 2628 2580 2683 mittentes
2613 2627 2911 2682 dixerunt:
2936 2650 2962 2676 ‹‹
2987 2628 3302 2698 Cognosce,
3336 2626 3383 2681 si
3411 2627 3609 2682 tunica

1967 2719 2069 2774 filii
2101 2717 2183 2773 tui
2241 2721 2326 2772 est
2358 2716 2544 2771 ista.»
2595 2715 2659 2769 Et
2715 2715 2857 2771 dicit
2911 2715 3090 2769 mihi:
3127 2737 3153 2764 ‹‹
3189 2715 3374 2770 Etiam
3409 2714 3607 2770 frater.

1967 2807 2191 2864 Etenim
2223 2805 2457 2875 quando
2490 2803 2853 2875 accipiebant
2884 2820 2976 2859 me
3007 2803 3331 2869 Ismaelitaa,
3364 2819 3517 2858 unus
3545 2820 3613 2858 ex

1968 2896 2071 2963 eis,
2105 2910 2321 2949 exuens
2353 2909 2443 2947 me
2502 2892 2785 2957 tunicam,
2817 2890 2976 2946 dedit
3032 2890 3177 2945 mihi
3222 2890 3534 2962 perizoma,
3559 2894 3615 2945 ct

1969 2981 2269 3055 ﬂugellans
2302 2997 2391 3035 me
2426 2979 2589 3049 dixit,
2621 2984 2683 3035 ut
2739 2996 3052 3034 currerem.
3086 2979 3230 3034 Cum
3266 2996 3398 3034 vero
3431 2979 3616 3034 abiret

1970 3073 2114 3144 ipse,
2150 3074 2212 3125 ut
2242 3070 2622 3125 absconderet
2653 3068 3065 3123 vestimentum
3113 3084 3331 3137 meum,
3364 3066 3617 3122 occurrit

1972 3161 2019 3215 ei
2056 3159 2161 3224 leo,
2198 3162 2254 3213 et
2312 3156 2521 3212 occidit
2552 3174 2705 3211 eum.
2752 3158 2816 3211 Et
2845 3156 2926 3211 ita
2981 3156 3295 3227 participes
3344 3155 3617 3211 timentes

1969 3248 2229 3304 vendunt
2260 3262 2351 3300 me
2381 3246 2555 3300 sociis
2587 3245 2732 3299 suis.
2764 3265 2793 3294 »

2048 3336 2139 3391 Ill.
2176 3359 2202 3384 «
2239 3335 2305 3389 Et
2339 3351 2438 3389 vos
2482 3334 2660 3404 igitur
2716 3332 2818 3387 ﬁlii
2851 3334 2987 3401 mei,
3020 3332 3244 3404 diligite
3303 3332 3617 3388 Dominum

1974 3426 2157 3480 Deum
2189 3423 2338 3488 cmli,
2370 3426 2425 3477 et
2484 3422 2770 3477 custodite
2827 3422 3100 3476 mandata
3130 3422 3279 3491 ejus,
3322 3420 3621 3475 imitantes

1974 3514 2193 3568 bonum
2221 3516 2277 3566 et
2298 3516 2566 3565 sanctum
2587 3511 2777 3564 virum
2807 3509 3118 3580 JosephEt
3145 3508 3221 3564 sit
3240 3525 3404 3563 mens
3432 3512 3623 3563 vestra

1976 3602 2035 3656 in
2067 3603 2309 3665 bonum,
2346 3606 2407 3654 ut
2437 3604 2493 3653 et
2526 3616 2617 3653 me
2648 3598 2853 3654 nostis.
2890 3598 2998 3661 Qui
3029 3598 3202 3653 habet
3235 3602 3490 3651 mentem
3522 3596 3623 3651 bo-

1978 3706 2136 3753 nam,
2169 3686 2366 3741 omnia
2396 3686 2553 3741 videt
2585 3690 2754 3740 recte.
2788 3685 3009 3741 Timete
3044 3684 3382 3752 Dominum,
3413 3688 3469 3738 et
3499 3681 3626 3737 dili-

1978 3777 2095 3849 gite
2128 3774 2487 3848 proximum;
2512 3779 2568 3829 et
2590 3774 2638 3829 si
2672 3772 2913 3845 spiritus
2946 3772 3132 3828 Beliar
3162 3772 3217 3827 in
3240 3786 3472 3826 omnem
3497 3787 3622 3824 ma-

1980 3865 2165 3920 litiam
2197 3862 2592 3917 tribulationis
2623 3862 3061 3917 sollicitaverint
3084 3879 3202 3929 vos,
3228 3878 3341 3915 non
3366 3859 3627 3915 domina-

1981 3954 2139 4009 bitur
2170 3953 2331 4008 vobis
2360 3953 2553 4007 omnis
2602 3950 2824 4006 malitia
2881 3948 3302 4020 tribulationis,
3337 3948 3489 4003 sicut
3521 3962 3626 4001 nec

1979 4041 2195 4113 Joseph
2234 4040 2393 4095 fratri
2430 4042 2768 4104 moo.Quam
2804 4038 2972 4094 multi
3014 4038 3281 4093 homines
3322 4036 3630 4091 voluerunt

1982 4129 2243 4186 occidero
2303 4144 2459 4197 eum,
2496 4131 2552 4183 et
2610 4127 2760 4182 Deus
2818 4127 3067 4198 protexit
3097 4124 3275 4181 eum?
3324 4122 3434 4188 Qui
3471 4121 3628 4178 enim

1982 4219 2154 4273 timet
2184 4222 2389 4285 Deum,
2420 4220 2478 4271 et
2529 4215 2719 4287 diligit
2750 4215 3080 4286 proximum
3129 4230 3325 4283 suum,
3359 4212 3430 4266 ab
3462 4226 3628 4266 aereo

1984 4306 2193 4375 spiritu
2216 4305 2404 4359 Beliar
2425 4321 2539 4359 non
2562 4309 2752 4375 potest
2771 4302 3083 4363 vulnerari,
3108 4304 3403 4372 protectus
3424 4300 3630 4354 timore

1986 4395 2125 4461 Dei;
2158 4400 2214 4449 et
2243 4394 2314 4448 ab
2373 4392 2605 4447 insidiis
2664 4392 2967 4447 hominum
3025 4394 3126 4445 aut
3162 4390 3483 4444 bestiarum
3514 4403 3631 4441 non

1986 4486 2175 4555 potest
2205 4480 2531 4552 subjugari,
2565 4480 2801 4549 adjutus
2851 4476 3084 4533 Domini
3117 4476 3426 4531 dilectione
3456 4489 3630 4544 quam

1986 4570 2163 4626 habet
2192 4586 2328 4642 erga
2358 4567 2707 4640 proximum.
2730 4566 2954 4621 Etenim
2989 4566 3333 4635 deprecatus
3364 4578 3495 4615 sum
3529 4578 3633 4630 pa-

1989 4665 2135 4715 trem
2161 4664 2425 4713 nostrum
2448 4656 2650 4718 Jacob.
2671 4660 2733 4709 ut
2755 4658 2946 4709 oraret
2968 4669 3069 4724 pro
3088 4652 3365 4707 fratribus
3395 4649 3631 4715 nostris,

226 4744 351 4821 ἔχει
384 4746 521 4821 πρὸς
556 4747 648 4801 τὸν
683 4745 943 4816 πλησίον.
976 4748 1072 4801 Καὶ
1104 4749 1210 4823 γάρ
1241 4746 1467 4818 ἐδεήθην
1494 4750 1605 4821 (91)
1634 4751 1731 4802 τοῦ
1779 4768 1867 4801 πα·

1995 4753 2202 4803 utnon
2262 4748 2578 4815 imputaret
2607 4744 2689 4798 eis
2747 4742 3031 4797 Dominus
3061 4740 3215 4810 quod
3274 4738 3631 4808 excogitave-

225 4835 357 4910 τρὸς
403 4836 565 4906 ἡμῶν
597 4830 811 4905 Ἰακὼϐ,
839 4833 930 4889 ’ίνα
975 4834 1335 4909 προσεύξηται
1386 4836 1508 4912 περὶ
1560 4839 1667 4890 τῶν
1719 4833 1879 4891 ἀδελ-

309 4976 416 5047 (88)
449 4976 532 5028 Ρκ¹
563 4976 701 5032 Cod.
735 4977 917 5034 Oxon.
951 4979 1152 5045 habet,
1189 4997 1217 5052 ρ
1246 4998 1280 5031 κ
1307 4978 1363 5032 ε’·
1398 4978 1576 5035 GRAB.

309 5062 728 5139 (89)__Bevtautv.
762 5067 979 5139 Auctor
1038 5067 1337 5136 Benjamin
1369 5069 1783 5139 interpretatur
1810 5066 1881 5138 ﬁ-

234 5135 381 5191 lium
411 5135 645 5209 dierum,
682 5137 820 5208 quia
858 5155 892 5193 a
919 5138 1094 5194 Jacob
1121 5135 1247 5209 jam
1296 5135 1627 5193 centenario
1658 5135 1888 5209 genitus

231 5212 363 5263 erat
388 5222 402 5272 ;
426 5222 562 5280 qua;
589 5208 1011 5280 interpretatio
1059 5208 1391 5263 conﬁrmari
1424 5208 1884 5265 videtur’Genes.

231 5278 517 5357 ξιιχηὲο,
546 5278 644 5333 ubi
694 5278 1007 5357 Beniamin
1030 5285 1268 5336 vocatur
1322 5282 1887 5357 ﬁliusjcnectutam.

236 5348 452 5423 gejicit
488 5353 702 5423 tamen
759 5348 886 5423 eam
943 5348 1329 5423 Hieronymus
1373 5353 1432 5405 in
1489 5351 1891 5408 Traditionibus

231 5419 525 5494 Hebraicis
582 5421 743 5494 adh.
807 5419 1180 5479 l.ecrlbensE
1242 5423 1623 5494 Errant,rqui
1683 5428 1893 5494 putant

234 5490 547 5565 Benjamin
581 5491 791 5565 Filium
851 5493 1076 5549 dierum
1135 5490 1702 5565 interpretari—Cum
1734 5495 1890 5549 enim

235 5562 838 5635 dexteraappelletur
863 5566 1055 5621 Jamin
1089 5569 1144 5620 et
1174 5562 1415 5619 ﬁniatur
1442 5564 1500 5635 in
1548 5584 1586 5620 η
1614 5565 1889 5631 litteram,

235 5634 371 5707 dies
403 5632 641 5704 quidem
674 5635 1038 5707 appellantur
1096 5641 1151 5691 et
1182 5635 1295 5707 ipsi
1353 5634 1569 5707 Jamin,
1604 5638 1703 5692 sed
1738 5638 1795 5691 in
1838 5653 1894 5691 m

232 5704 505 5779 li_tte_ram
530 5704 893 5762 terminatur.
922 5709 980 5763 Si
1000 5709 1119 5779 jam
1144 5704 1675 5777 interpretationem
1698 5712 1895 5763 aucto-

236 5776 329 5833 ris
362 5776 686 5851 Testamenti
715 5776 1015 5849 Benjamiri
1061 5776 1482 5834 defendendam
1516 5779 1893 5851 susciperem,

240 5848 666 5921 responderem
699 5848 888 5908 lamin
921 5867 1024 5923 pro
1052 5851 1256 5907 Jamim
1284 5853 1587 5923 acceptum
1618 5848 1748 5908 esse
1774 5851 1897 5908 dia-

1995 4840 2130 4891 runt
2160 4833 2381 4889 malum
2409 4834 2479 4887 de
2509 4832 2654 4904 ipso.
2680 4832 2749 4887 Et
2770 4832 2851 4885 ita
2881 4828 3153 4884 clamavit
3172 4827 3350 4883 Jacob
3377 4843 3390 4881 ε
3423 4825 3505 4881 «Ο
3531 4824 3636 4879 filii

1993 4978 2139 5033 lecto
2169 4977 2424 5050 Syriaca,
2448 4973 2847 5050 quahJaeobus
2881 4972 3050 5050 modo
3081 4986 3121 5050 e_
3140 4969 3304 5050 Syria
3327 4967 3639 5050 adveniens

1994 5051 2142 5104 bene
2174 5040 2258 5102 uti
2293 5040 2536 5119 poterat,
2571 5045 2681 5098 Sed
2715 5060 2828 5097 non
2861 5048 2959 5119 est
2978 5042 3124 5095 tanti
3155 5040 3640 5119 h’uichreiimrno-

1999 5121 2132 5175 rari.
2167 5122 2248 5173 lD.
2283 5109 2348 5158 ᾆ-
2378 5118 2538 5180 Quod
2594 5130 2895 5187 perperam
2946 5113 3250 5187 impugnet
3281 5112 3337 5165 S.
3368 5111 3514 5187 Hier.
3550 5109 3638 5160 in-

1996 5190 2472 5262 terpretationem
2526 5184 2782 5241 auctoris
2814 5184 3262 5262 nostri,_'_patet‘e
3292 5186 3450 5262 textu
3486 5194 3643 5262 mere

1997 5251 2276 5317 Hebraico
2335 5276 2460 5330 cap.
2510 5276 2610 5327 χιι,
2643 5274 2789 5330 vers.
2852 5255 2955 5309 ult.
3007 5251 3161 5330 libri
3208 5252 3484 5330 Danielis,
3542 5251 3641 5302 ubi

1998 5348 2267 5404 expresse
2295 5322 2511 5404 degere
2566 5322 2672 5396 est,
2708 5328 2929 5397 absque
2960 5324 3277 5380 variatione
3333 5322 3600 5377 codicum
3628 5336 3641 5373 :

1998 5386 2328 5495 ima

2078 5492 2184 5562 :90)
2216 5480 2303 5562 Ὧς
2334 5488 2493 5562 κάμέ.
2529 5492 2769 5562 Desunt,
2803 5501 2989 5554 usque
3020 5484 3090 5538 ad
3124 5480 3338 5562 Κύριον.
3367 5482 3553 5562 ΔΟιΜΒἔ

2094 5549 2185 5633 91)
2221 5549 2497 5629 Ἐδεῆθην.
2558 5549 2771 5633 Sitatuit
2828 5549 3028 5633 auctor
3065 5549 3295 5633 poster,
3322 5557 3385 5633 ut
3438 5568 3507 5633 ex
3537 5549 3645 5633 hec

2000 5621 2335 5706 locopatet,
2363 5621 2526 5706 mala
2567 5630 2818 5700 Josepho
2852 5646 2882 5681 a
2916 5625 3191 5706 fratribus
3212 5624 3399 5706 illata,
3430 5621 3645 5677 Jacobo

2006 5696 2457 5778 patri-taedeat
2489 5696 2722 5778 detecta
2745 5716 2893 5778 esse,
2925 5697 3079 5765 quod
3112 5701 3171 5777 et
3207 5696 3426 5778 G‘enes;
3448 5711 3487 5759 ι,
3519 5708 3647 5778 vers

2014 5764 2095 5840 l6,
2127 5774 2299 5832 claris
2345 5774 2535 5829 verbis
2591 5771 2895 5835 asseritur,
2929 5764 2995 5822 ac
3052 5767 3293 5839 proinde
3323 5784 3356 5822 a
3387 5764 3647 5822 Rambam

2006 5848 2155 5903 male
2187 5849 2449 5919 negatur.
