4016 6222
399 495 554 558 1143

1385 491 1919 556 TESTAMENTA
1958 493 2066 554 XII
2111 491 2611 554 PATRIABCHA
2624 491 2817 557 RUM.

3647 495 3803 557 il“

397 627 634 701 Joseph,
662 624 851 685 vicisti
906 625 1129 685 viscera
1179 626 1357 685 Jacob
1380 627 1563 700 patris
1589 626 1697 683 tui.
1734 648 1762 676 »
1793 627 1863 681 Et
1916 641 2039 680 am-

2171 627 2265 698 ρῶν
2298 624 2332 693 ἠ
2343 627 2481 695 μῶν,
2509 621 2597 678 ’ίνα
2631 625 2705 697 μὴ
2740 622 3030 700 λογίσηται
3079 623 3265 689 αὐτοῖς
3308 622 3535 702 Κύριος,
3566 623 3659 681 ὅτε
3687 627 3801 698 (92)

399 718 640 792 plexans
671 733 829 783 eum,
863 734 965 790 per
992 719 1139 773 duas
1170 717 1343 773 horas
1374 716 1747 773 osculabatur
1776 732 1932 781 eum,
1957 714 2045 769 di-

400 821 575 863 cens:
617 825 639 854 ι
674 805 1184 878 Adimplebiturin
1214 810 1270 861 te
1300 805 1606 877 praphetia
1635 802 1761 858 cceli
1795 803 1865 858 de
1885 804 2047 873 Agno

399 894 502 950 Dei
533 898 590 950 et
610 894 898 950 Salvatore
930 895 1151 964 mundi,
1177 893 1330 964 quod
1355 891 1768 947 immaculatus
1800 907 1901 962 pro
1934 890 2049 943 ini-

402 982 535 1055 quis
564 984 866 1052 tradetur;
916 987 972 1038 et
1001 984 1099 1054 qui
1132 982 1257 1037 sine
1315 985 1547 1052 peccato
1592 985 1679 1035 est
1709 996 1811 1050 pro
1848 978 2049 1049 impiis

403 1072 685 1127 morietur
736 1072 794 1127 in
881 1071 1165 1144 sanguine
1240 1069 1619 1135 Teslamenti,
1678 1068 1735 1122 in
1794 1066 2046 1122 salutem

403 1159 578 1216 Israel
608 1164 663 1216 et
692 1159 957 1231 gentium
986 1163 1042 1215 et
1087 1160 1352 1214 destruet
1399 1157 1588 1212 Beliar
1621 1162 1678 1213 et
1707 1156 2045 1211 ministran-

400 1252 488 1305 tes
518 1249 592 1304 ei.
629 1270 659 1299 ››

2156 711 2557 784 ἐνεθυμήθησαν
2618 714 2854 789 πονηρὸν
2904 712 3028 789 περί
3069 713 3251 770 αὐτοῦ.
3299 716 3396 769 Καὶ
3446 714 3624 776 οὕτως
3676 710 3804 768 ἐὸόα

2156 796 2371 856 Ἰακώϐ’
2435 824 2462 852 ι(
2519 803 2585 856 Ὠ
2638 802 2822 856 τεκνον
2912 804 3111 880 Ἰωσὴφ
3186 806 3322 877 (93),
3405 803 3661 873 ἐνίκησας
3739 805 3805 858 τὰ

2158 888 2448 964 σπλάγχνα
2498 886 2690 946 Ἰακὼϐ
2731 895 2827 945 τοῦ
2876 891 3077 967 πατρός
3129 913 3243 946 σου.
3276 916 3304 943 ››
3338 893 3439 949 Καὶ
3488 886 3805 966 περιλαϐὼν

2158 977 2339 1049 αὐτὸν,
2391 976 2485 1032 δύο
2535 978 2679 1054 ὥρας
2727 978 3025 1056 κατεφίλει,
3068 978 3262 1056 λέγων’
3299 1003 3329 1033 ‹‹
3370 980 3807 1055 Ηληρωθήσεται

2156 1064 2242 1118 ἐπὶ
2276 1066 2357 1119 σοὶ
2389 1068 2693 1141 προφητεία
2723 1067 2953 1143 οὐρανοῦ
2984 1069 3107 1142 περὶ
3138 1074 3235 1123 τοῦ
3267 1071 3467 1141 Ἀμνοῦ
3514 1074 3617 1123 τοῦ
3650 1073 3804 1137 Θεοῦ,

2154 1152 2243 1208 καὶ
2277 1160 2535 1229 Σωτῆρος
2574 1160 2670 1209 τοῦ
2718 1156 2949 1229 κόσμου,
2981 1155 3063 1211 ὅτι
3115 1156 3347 1231 ἄμωμος
3400 1158 3532 1232 ὑπὲρ
3583 1158 3805 1229 ἀνόμων

2155 1240 2612 1318 παραδοθήσεται,
2661 1244 2750 1299 καὶ
2803 1244 3182 1318 ἀναμάρτητος
3236 1246 3365 1319 ὑπὲρ
3416 1241 3625 1301 ἀσεϐῶν
3678 1246 3812 1299 ἀπο-

398 1335 633 1390 θανεῖται
693 1333 744 1389 ἐν
802 1331 990 1407 α’ίματι
1049 1330 1337 1406 διαθήκης,
1369 1332 1456 1388 ἐπὶ
1509 1331 1751 1408 σωτηρίᾳ
1804 1325 2025 1407 Ἰσραὴλ
2080 1328 2169 1383 καὶ
2215 1334 2321 1385 τῶν
2372 1331 2558 1406 ἐθνῶν,
2609 1333 2698 1389 καὶ
2745 1337 3069 1411 καταργήσει
3120 1338 3232 1409 (94)
3284 1334 3484 1412 Βελιὰρ
3536 1335 3629 1391 καὶ
3679 1336 3810 1397 τοὺς

405 1423 804 1500 ὑπηρετοῦντας
836 1422 1003 1495 αὐτῷ.
1038 1446 1066 1475 ››

476 1514 569 1569 IV.
607 1534 636 1564 ι(
665 1513 891 1582 Videte,
922 1513 1046 1583 filii,
1080 1512 1212 1569 boui
1241 1512 1346 1569 viri
1379 1513 1555 1568 ﬁnem
1581 1536 1596 1580 ;
1645 1508 1962 1565 imitamini
1991 1508 2052 1562 in

406 1602 561 1657 bona
590 1605 784 1657 mente
828 1600 1287 1656 misericordiam
1342 1601 1550 1673 ipsius,
1586 1604 1647 1656 ut
1675 1604 1732 1655 et
1759 1616 1859 1654 vos
1891 1613 2052 1653 coro-

407 1689 501 1747 nis
531 1688 726 1761 gloriae
754 1689 1317 1746 induamini.Bonus
1345 1690 1521 1745 homo
1552 1706 1667 1744 non
1698 1688 1873 1743 habet
1902 1689 2054 1741 tene-

408 1779 651 1833 brosum
679 1777 936 1846 oculum;
970 1778 1281 1834 miseretur
1308 1777 1463 1833 enim
1492 1776 1788 1847 omnibus,
1822 1774 2052 1831 etiamsi

410 1866 526 1923 sint
555 1869 907 1939 peccatores,
940 1867 1207 1939 quamvis
1263 1867 1502 1921 inierint
1532 1865 1778 1922 consilia
1824 1865 1895 1919 de
1925 1864 2052 1935 ipso

411 1954 585 2011 mala.
620 1955 721 2011 Hic
778 1955 1145 2011 benefaciens
1175 1954 1351 2010 vincit
1403 1954 1645 2023 malum,
1678 1956 1971 2025 prolectus
2021 1969 2054 2007 a

410 2044 582 2113 bono,
608 2044 802 2114 justos
833 2060 966 2098 vero
994 2043 1202 2115 diligit,
1227 2048 1291 2098 ut
1321 2042 1579 2098 animam
1610 2060 1797 2097 suam.
1832 2041 1891 2097 Si
1922 2040 2053 2111 quis

2231 1508 2302 1563 Δ’.
2339 1532 2367 1561 ‹ι
2400 1507 2605 1579 Ε’ίδετε,
2652 1511 2831 1580 τέκνα,
2874 1516 2970 1566 τοῦ
3018 1512 3223 1587 ἀγαθοῦ
3272 1511 3466 1590 ἀνδρὸς
3512 1516 3579 1568 τὸ
3626 1513 3812 1575 τέλος.

2165 1597 2474 1667 μιμήσασθε
2523 1598 2574 1653 ἐν
2628 1599 2805 1675 ἀγαθῇ
2854 1597 3065 1672 διανοίᾳ
3106 1603 3206 1671 τὴν
3257 1600 3659 1678 εὐσπλαγχνίαν
3721 1603 3814 1657 αὖ-

2159 1681 2277 1756 τοῦ,
2320 1682 2411 1740 ἵνα
2467 1686 2556 1741 καὶ
2617 1689 2773 1761 ὑμεῖς
2839 1689 3125 1768 στεφάνους
3185 1687 3343 1761 δόξης
3401 1692 3698 1768 φορὲσητε.
3760 1693 3813 1745 Ὃ

2163 1772 2361 1846 ἀγαθὸς
2391 1771 2668 1850 ἅνθρωπος
2701 1777 2800 1832 οὐκ
2826 1774 2944 1853 ἔχει
2993 1780 3264 1833 σκοτεινὸν
3313 1779 3622 1857 ὀφθαλμόν
3674 1779 3816 1835 ἐλεεῖ

2162 1861 2266 1937 γὰρ
2305 1864 2528 1933 πάντας,
2558 1865 2653 1919 κᾶν
2714 1867 2843 1921 ὦσιν
2906 1866 3249 1942 ἁμαρτωλοὶ,
3280 1867 3376 1922 κᾶν
3433 1866 3815 1943 βουλεύωνται

2162 1950 2284 2025 περὶ
2316 1952 2477 2007 αὐτοῦ
2528 1954 2602 2016 εἷς
2635 1956 2749 2027 (95)
2779 1957 2935 2013 κακά.
2970 1956 3141 2017 Οὗτος
3185 1956 3529 2030 ἀγαθοποιῶν
3582 1962 3717 2026 νικᾷ
3756 1958 3814 2011 τὸ

2162 2039 2344 2112 κακὸν,
2396 2043 2794 2115 σκεπαζόμενος
2851 2045 2963 2116 (96)
2995 2043 3099 2099 ὑπὸ
3154 2049 3250 2099 τοῦ
3302 2045 3529 2120 ἀγαθοῦ·
3566 2047 3703 2107 τοὺς
3765 2043 3816 2099 εὶ

410 2131 913 2205 gloriﬁcatur,non
944 2132 1185 2200 invidet;
1218 2132 1267 2187 si
1325 2131 1458 2204 quis
1509 2132 1749 2201 ditatur,
1783 2147 1900 2185 non
1930 2130 2052 2185 zelo

2171 2124 2400 2191 δικαίους
2432 2130 2632 2204 ἀγαπᾷ,
2666 2131 2739 2193 ὡς
2767 2133 2865 2200 τὴν
2899 2132 3080 2207 ψυχὴν
3128 2131 3312 2189 αὐτοῦ.
3349 2134 3467 2187 Ἐάν
3519 2154 3605 2195 τις
3656 2131 3814 2203 δοξά-

411 2225 716 2282 movetur;
747 2220 797 2275 si
828 2220 963 2291 quis
995 2220 1160 2275 fortis
1214 2225 1322 2293 est,
1354 2220 1508 2274 hunc
1567 2219 1788 2287 laudat;
1824 2223 2050 2273 castum

411 2306 901 2374 credens,laudat;
931 2309 1170 2380 pauperi
1203 2308 1528 2375 miseretur;
1564 2307 1796 2362 inﬁrmo
1824 2323 2057 2378 compa-

411 2396 592 2464 titur;
620 2400 801 2452 Deum
831 2395 1068 2464 laudat;
1102 2413 1237 2452 cum
1288 2399 1386 2469 qui
1422 2396 1601 2452 habet
1633 2397 1731 2451 Dei
1765 2395 2058 2461 timorem,

414 2485 667 2559 protegit
690 2510 704 2555 ;
727 2484 992 2557 diligenti
1022 2485 1205 2541 Deum
1237 2488 1616 2556 cooperatur;
1650 2474 2059 2557 reprobantem

412 2572 805 2642 Altissimum,
868 2574 1192 2630 admonens
1258 2574 1575 2642 convertit;
1636 2578 1693 2628 et
1746 2573 2059 2629 habentem

417 2662 670 2736 gratiam
713 2661 954 2735 spiritus
1010 2662 1170 2734 boni,
1203 2660 1396 2733 diligit
1448 2662 1773 2718 secundum
1806 2662 2062 2719 animam

419 2767 612 2808 suam.

488 2926 559 2982 V.
593 2948 621 2977 «
652 2927 712 2983 Si
768 2926 1033 2982 habeatis
1064 2926 1278 2981 bonam
1338 2930 1617 2994 mentem,
1658 2926 1786 2996 ﬁlii,
1814 2936 1869 2983 et
1924 2927 2065 2983 mali

416 3014 685 3072 homines
707 3014 1167 3088 pacificabuntur
1186 3015 1378 3084 vobis;
1411 3019 1468 3071 et
1498 3014 1779 3073 luxuriosi
1801 3032 2063 3073 reveren-

419 3109 507 3161 tes
536 3121 659 3173 vos,
692 3107 1098 3160 convertentur
1129 3104 1188 3159 in
1246 3105 1469 3160 bonum
1501 3122 1514 3174 ;
1547 3109 1606 3161 et
1633 3104 1790 3161 avari
1822 3122 1936 3160 non
1971 3122 2063 3163 so-

417 3192 543 3249 lum
577 3193 848 3249 recedent
878 3210 912 3248 a
940 3193 1233 3265 passione,
1264 3193 1363 3248 sed
1396 3209 1523 3265 quae
1562 3193 2067 3265 superabundant,

420 3282 645 3339 dabunt
673 3282 924 3338 afﬂictis.
958 3281 1015 3337 Si
1048 3281 1445 3352 benefaciatis,
1478 3286 1535 3337 et
1571 3280 1862 3337 immundi
1895 3283 2066 3354 spiri-

420 3370 570 3427 ritus
606 3369 831 3442 fugient
860 3387 893 3426 a
921 3369 1107 3439 vobis,
1139 3373 1197 3424 et
1225 3370 1362 3441 ipsas
1392 3369 1592 3425 bestias
1619 3371 1909 3425 timebunt
1942 3388 2062 3426 vos.

423 3459 532 3516 Ubi
555 3458 710 3515 enim
743 3464 832 3514 est
862 3459 1149 3514 bonorum
1180 3474 1424 3530 cperum
1456 3459 1634 3513 timor
1655 3458 1730 3530 (1)
1760 3458 1818 3513 in
1848 3464 2061 3528 mente,

423 3547 674 3604 tenebrae
707 3547 927 3618 fugient
955 3547 1027 3602 ab
1054 3563 1140 3601 eo.
1173 3546 1232 3601 Si
1262 3545 1418 3601 enim
1449 3545 1663 3616 injuria
1692 3546 1907 3602 efﬁciat
1933 3547 2065 3618 quis

427 3640 696 3693 sanctum
728 3635 936 3704 virum,
972 3634 1249 3706 pmnitet;
1303 3634 1612 3690 miseretur
1640 3634 1794 3690 enim
1826 3640 2065 3691 sanctus

426 3724 662 3795 injurio,
695 3728 751 3779 et
776 3723 923 3779 silet.
958 3724 1026 3778 Et
1055 3722 1103 3777 si
1136 3722 1266 3794 quis
1298 3722 1555 3778 animam
1578 3724 1803 3795 justam
1836 3725 2061 3795 prodat,

423 3816 481 3869 et
501 3814 703 3884 justus
731 3828 978 3884 operans
1009 3812 1079 3867 ad
1117 3812 1414 3867 modicum
1470 3810 1833 3878 humilietur,
1865 3817 2067 3885 postea

425 3901 609 3958 multo
640 3900 850 3958 clarior
879 3906 1138 3974 apparet,
1167 3900 1357 3974 qualis
1387 3901 1574 3958 factus
1603 3906 1693 3959 est
1718 3901 1935 3975 Joseph
1957 3902 2066 3958 fra-

421 3993 511 4047 ter
530 4007 716 4047 meus.

490 4167 587 4222 VI.
624 4190 644 4217 ι
680 4166 998 4223 Consilium
1032 4167 1167 4223 boni
1189 4167 1296 4222 viri
1327 4185 1443 4224 non
1469 4172 1558 4225 est
1588 4169 1647 4225 in
1679 4186 1857 4226 manu
1888 4171 2066 4243 spiri-

420 4259 517 4313 tus
543 4255 754 4312 erroris
803 4254 1008 4311 Beliar.
1044 4255 1301 4328 Angelus
1357 4257 1515 4313 enim
1546 4259 1706 4329 pacis
1754 4259 1915 4315 ducit
1944 4261 2066 4316 ani-

422 4362 575 4400 mam
608 4344 815 4417 ipsius.
852 4345 973 4402 Non
998 4345 1206 4416 aspicit
1232 4362 1364 4401 cum
1398 4347 1605 4402 aﬂ‘ectu
1638 4348 2059 4420 corruptibilia,

418 4451 607 4507 neque
636 4440 949 4506 congregat
978 4433 1208 4489 divitias
1237 4434 1296 4489 in
1327 4434 1683 4491 desiderium
1712 4437 2059 4509 voluptatis;

417 4540 532 4579 non
557 4524 877 4579 delectatur
900 4522 1213 4595 voluptate,
1236 4539 1350 4578 non
1374 4524 1683 4579 contristat
1704 4527 2057 4597 proximum;

414 4630 529 4669 non
562 4612 835 4683 impletur
863 4612 1011 4679 cibo,
1044 4630 1157 4668 non
1189 4616 1343 4668 errat
1389 4612 1448 4667 in
1480 4612 1830 4670 elationibus
1861 4616 2059 4672 oculo-

412 4718 585 4770 rum;
621 4701 904 4757 Dominus
951 4700 1108 4755 enim
1142 4717 1277 4772 pars
1308 4705 1397 4756 est
1427 4701 1575 4772 ejus.
1609 4702 1835 4758 Bonum
1869 4705 2059 4760 consi-

412 4789 559 4846 lium
591 4806 706 4845 non
737 4789 943 4860 recipit
988 4787 1183 4861 gloriae
1216 4792 1272 4844 et
1318 4790 1616 4846 dedecoris
1647 4791 1977 4861 hominum,
2005 4798 2061 4850 et

2169 2221 2345 2287 ζηται,
2397 2218 2458 2272 οὐ
2507 2221 2709 2297 φθονεῖ·
2771 2219 2856 2274 ἐάν
2915 2240 2997 2283 τις
3055 2220 3304 2286 πλουτεῖ,
3354 2222 3415 2276 οὐ
3478 2220 3668 2291 (nlo?
3734 2221 3817 2277 ἐάν

2163 2325 2248 2366 τις
2331 2303 2596 2381 ἀνδρεῖος,
2683 2308 2909 2363 ἐπαινεῖ*
2986 2310 3078 2364 τὸν
3161 2311 3414 2387 σώφρονα
3514 2311 3815 2379 πιστώων,

2169 2392 2475 2469 ὑμνεῖ
2501 2396 2592 2451 τὸν
2623 2398 2826 2467 πένητα
2851 2394 3009 2452 ἐλεεῖ·
3029 2403 3109 2470 τῷ
3138 2398 3343 2453 ἀσθενεῖ
3371 2406 3652 2471 συμπαθεῖ
3684 2402 3815 2471 (98)·

2165 2482 2257 2537 τὸν
2305 2483 2433 2538 Θεὸν
2480 2485 2722 2559 ἀνυμνεῖ·
2754 2486 2843 2541 τὸν
2896 2482 3094 2561 ἔχοντα
3123 2481 3287 2565 φόϐον
3328 2489 3436 2561 (99)
3466 2492 3628 2555 Θεοῦ,
3665 2488 3820 2561 ὑπερ-

2168 2570 2380 2640 ασπίζει
2434 2573 2619 2628 αὐτοῦ’
2679 2579 2758 2647 τῷ
2829 2574 3101 2651 ἀγαπῶντι
3176 2576 3267 2629 τὸν
3340 2576 3471 2631 Θεὸν
3551 2583 3816 2654 συνεργεῖ·

2168 2659 2258 2713 τὸν
2324 2660 2606 2717 ἀθετοῦντα
2662 2662 2751 2716 τὸν
2810 2665 3087 2736 Ὕψιστον,
3144 2669 3407 2727 νουθετῶν
3485 2663 3818 2742 ἐπιστρὲφευ

2168 2748 2259 2802 καὶ
2286 2748 2378 2803 τὸν
2410 2745 2608 2825 ἔχοντα
2636 2750 2796 2827 χάριν
2836 2749 3143 2826 πνεύματος
3191 2753 3418 2828 ἀγαθοῦ,
3451 2754 3641 2828 ἀγαπᾷ
3691 2756 3822 2809 κατᾶ

2169 2837 2269 2905 τὴν
2297 2839 2480 2913 ψυχὴν
2516 2837 2698 2894 αὐτοῦ.

2245 2926 2315 2984 E'.
2351 2952 2379 2978 «
2411 2927 2531 2981 Ἐὰν
2586 2924 2752 3003 ἔχητε
2809 2927 3013 3002 ἀγαθὴν
3074 2926 3330 3003 διάνοιαν,
3380 2930 3560 3000 τέκνα,
3622 2932 3715 2986 καὶ
3772 2934 3820 2987 οἱ

2172 3015 2409 3089 πονηροὶ
2442 3014 2713 3091 ἄνθρωποι
2753 3016 3148 3090 εἶρηνεύσουσιν
3198 3019 3350 3092 ὑμῖν,
3379 3020 3469 3073 καὶ
3512 3021 3570 3074 οἱ
3622 3022 3822 3077 ἄσωτοι

2173 3100 2500 3166 αἶ’δεσθὲντες
2558 3104 2717 3178 ὑμᾶς,
2772 3104 3178 3181 ἐπιστρέψουσιν
3234 3106 3310 3169 εἷς
3364 3107 3595 3183 ἀγαθὸν,
3641 3111 3737 3164 καὶ
3776 3113 3822 3165 οἱ

2173 3189 2492 3247 πλεονέκται
2521 3192 2582 3248 οὐ
2617 3193 2781 3266 μόνον
2826 3193 3223 3265 ἀποστήσονται
3270 3200 3367 3251 τοῦ
3414 3196 3649 3268 πάθους,
3684 3198 3825 3253 ἀλλά

2174 3280 2263 3336 καὶ
2293 3283 2357 3336 τὰ
2384 3283 2531 3355 (400)
2554 3285 2650 3351 τῆς
2678 3280 2989 3354 πλεονεξίας
3020 3281 3253 3338 δώσουσι
3279 3290 3395 3347 τοῖς
3445 3281 3821 3358 θλιϐομένοις.

2178 3369 2296 3423 Ἐὰν
2320 3370 2417 3438 ἦτε
2449 3370 3037 3443 ἀγαθοποιοῦντες,καὶ
3094 3373 3161 3426 τὰ
3215 3372 3487 3447 ἀκάθαρτα
3545 3376 3825 3447 mediam

2176 3457 2415 3536 φεύξεται
2473 3457 2561 3536 ἀφ’
2596 3459 2769 3531 ὑμῶν,
2802 3459 2890 3513 καὶ
2949 3459 3082 3514 αὐτά
3136 3462 3202 3515 τὰ
3255 3462 3419 3537 θηρία
3448 3457 3824 3539 φοϐηθήσεται

2178 3547 2335 3619 ὑμᾶς.
2367 3548 2544 3605 ’Όπου
2602 3548 2704 3622 γὰρ
2767 3544 2844 3603 ἔνι
2901 3544 3067 3625 φόϐος
3119 3552 3193 3621 (2)
3244 3550 3454 3623 ἀγαθῶν
3516 3548 3703 3627 ἔργων
3755 3555 3822 3615 ek

2174 3632 2430 3706 διάνοιαν,
2459 3635 2521 3689 τὸ
2569 3635 2758 3698 σκότος
2807 3634 3187 3712 ἀποδιδράσκει
3228 3637 3391 3692 αὐτοῦ
3558 3642 3684 3695 Ἐὰν
3723 3644 3821 3715 Ti;

2175 3719 2367 3798 ὑϐρίσῃ
2419 3747 2502 3786 τις
2560 3722 2721 3800 ἄνδρα
2778 3723 2948 3794 ὅσιον,
2994 3733 3259 3798 μετανοεῖ·
3319 3726 3462 3782 ἐλεεῖ
3516 3731 3627 3804 γὰρ
3678 3731 3824 3791 ὅσιος

2169 3813 2261 3869 τὸν
2292 3811 2562 3888 λοίδορον,
2594 3814 2683 3868 καὶ
2714 3819 2909 3885 σιωπᾷ.
2945 3814 3053 3870 Κᾶν
3081 3836 3167 3877 τις
3191 3817 3374 3891 ψυχὴν
3419 3814 3640 3872 δικαίαν
3691 3840 3818 3893 προσ

2174 3897 2318 3971 δοίη,
2353 3901 2441 3955 καὶ
2483 3902 2510 3955 ὁ
2560 3898 2764 3963 δίκαιος
2808 3902 3249 3977 προσευχόμενος
3298 3904 3435 3977 πρὸς
3483 3903 3680 3980 ὀλίγον
3733 3928 3820 3960 τα-

2170 3991 2432 4062 πεινωθῇ,
2470 3991 2584 4062 μετ’
2608 3989 2669 4044 οὐ
2699 3988 2843 4044 πολὺ
2891 3988 3247 4068 φαιδρότερος
3296 3992 3679 4069 ἀναφαίνεται,
3712 3998 3818 4055 οἶος

2169 4077 2381 4153 γέγονεν
2413 4079 2612 4157 Ἰωσὴφ
2644 4080 2672 4133 ὁ
2702 4075 2935 4157 αδελφός
2972 4100 3075 4152 μου
3108 4083 3205 4153 (4).

2246 4167 2305 4235 ζ’,
2343 4189 2370 4219 ι(
2398 4169 2468 4222 Τὸ
2500 4163 2812 4223 διαϐούλιον
2844 4172 2942 4222 τοῦ
2974 4169 3178 4244 ἀγαθοῦ
3207 4167 3400 4245 ἀνδρὸς
3454 4170 3560 4225 οῦκ
3591 4172 3736 4228 ἔστιν
3774 4173 3817 4227 ἐν·

2172 4256 2320 4331 χειρὶ
2360 4254 2571 4326 πλάνης
2604 4254 2904 4329 πνεύματος
2936 4257 3153 4332 Βελιάρ.
3185 4264 3243 4316 Ὁ
3287 4259 3389 4334 γὰρ
3443 4258 3687 4336 ἅγγελος
3736 4270 3824 4329 τῆς

2172 4345 2396 4421 εἰρήνης
2427 4342 2615 4419 ὁδηγεῖ
2650 4346 2748 4413 τὴν
2791 4346 2973 4421 ψυχὴν
3023 4346 3209 4401 αὐτοῦ.
3239 4347 3362 4421 Οὐχ
3410 4349 3515 4423 ὁρᾷ
3568 4348 3824 4421 ἐμπαθῶς

2170 4439 2283 4494 τοῖς
2314 4439 2570 4509 φθαρτοῖς
2595 4430 2833 4506 (5),οὐδέ
2854 4435 3070 4507 συνάγει
3090 4435 3328 4490 πλοῦτον
3358 4436 3433 4497 εἰς
3468 4436 3821 4510 φιληδονὶσνο

2171 4521 2233 4576 οὐ
2264 4521 2510 4598 τὲρπεται
2540 4521 2813 4594 ἡδονῇ,οῦ
2847 4520 3007 4576 λυπεῖ
3036 4523 3124 4575 τὸν
3148 4522 3523 4593 πλησίον,οῦκ
3548 4525 3823 4597 Egnatii-

2168 4631 2254 4664 ται
2284 4614 2489 4688 τροφῆς
2521 4613 2618 4684 (6),
2653 4609 2714 4663 οὐ
2745 4608 3011 4664 πλανᾶται
3058 4618 3457 4685 μετεωρισμοῖς
3492 4614 3817 4691 ὀφθαλμῶνο

2170 4698 2365 4772 Κύριος
2394 4698 2494 4773 γάρ
2544 4697 2651 4752 ἐστι
2698 4697 2849 4771 μερὶς
2901 4697 3085 4755 αὐτοῦ.
3132 4701 3201 4754 Τὸ
3250 4701 3444 4775 ἀγαθὸν
3500 4700 3813 4760 διαϐοὖλιςν

2170 4787 2270 4842 οὐκ
2298 4785 2603 4863 ἐπιδέχεται
2635 4784 2794 4859 δόξης
2826 4785 2914 4841 καὶ
2946 4786 3163 4861 ἀτιμίας
3196 4788 3638 4866 ἀνθρώπων,κ,αὶ
3661 4796 3815 4849 πάντα

414 4877 599 4934 ullum
631 4876 831 4933 dolum
863 4875 950 4933 vel
1000 4877 1393 4947 mendacium,
1428 4895 1689 4952 pugnam
1736 4880 1825 4939 vel
1857 4888 2057 4940 contu-

2171 4874 2327 4934 δόλον
2372 4878 2407 4945 ἦ
2459 4873 2654 4950 ψεῦδος
2684 4877 2784 4949 (7),
2820 4876 3005 4951 μάχην
3064 4876 3153 4931 καὶ
3202 4875 3485 4954 λοιδορίαν
3537 4881 3650 4937 οὐχ
3696 4882 3809 4938 οἶδε’

504 5019 595 5088 92)
625 5019 754 5074 Ὅτε
780 5016 922 5074 Ὅτι.
959 5017 1139 5088 GRAB.

630 5089 846 5165 Ἰωσήφ.
864 5087 1145 5165 Χρηστόν.
1168 5089 1261 5165 ⁸Ις).

481 5158 595 5235 (94)
628 5158 989 5235 Καταργήσειέ
1016 5158 1337 5217 Καταλύσει.
1371 5163 1451 5218 ID.

482 5230 595 5305 (95)
620 5230 715 5293 Εἰς
752 5230 937 5305 Deest.
968 5233 1048 5287 In.

502 5300 593 5370 96)
627 5300 1063 5376 Σκεπαζὸμιενος1
1095 5301 1460 5376 Σκεπόμενος.
1494 5304 1576 5359 In-

502 5310 593 5370 96)
627 5310 1058 5374 Σκεπαζὸμενος.
1095 5310 1460 5376 Σκεπόμενος.
1496 5310 1576 5359 Ιῡ·

480 5310 590 5467 (97)
632 5374 752 5467 Ἐάγ
784 5394 893 5467 τις
930 5369 1254 5467 ῃάνδρεῖος,
1329 5373 1535 5429 ἐπαινεῖ
1613 5375 1715 5431 τὸν
1803 5378 2055 5456 σώφρονα

404 5445 688 5509 τιστεύων,
722 5445 899 5514 ὑμνεῖ.
929 5445 1168 5502 Desunt.
1200 5447 1282 5503 lD.

476 5519 587 5594 (98)
614 5521 700 5594 Τῷ
728 5516 937 5594 ἀσθενεῖ
963 5521 1256 5594 συμξτθεφῖ.
1291 5519 1530 5594 Desunt.
1561 5519 1644 5576 ID.

478 5583 591 5667 (99')
620 5583 736 5667 Τόν-
753 5587 947 5663 ἔχοντα
990 5583 1440 5667 φόϐον.“ς)ωἰεειι
1469 5597 1609 5647 sunt
1639 5592 1835 5649 omnia
1866 5610 2053 5667 usque

409 5660 687 5718 adﬁnem
717 5660 901 5733 (hujus
934 5660 1176 5733 periodi.
1210 5662 1291 5716 In.

479 5733 629 5800 (100)
657 5731 748 5783 Τά,
774 5731 1127 5806 Τίσιυᾞιώοι
1160 5733 1284 5786 σοπί.
1320 5731 1497 5806 onn.
1527 5750 1652 5806 quae
1684 5752 1790 5806 vox
1821 5735 2051 5806 signiﬁ-

410 5809 501 5853 cat
531 5818 799 5870 palmam;
851 5803 993 5857 adeo
1026 5809 1087 5858 ut
1141 5803 1467 5859 secundum
1522 5804 1696 5860 istam
1748 5803 2049 5866 lectionem

2167 5023 2265 5080 hic
2295 5020 2677 5100 significetur,
2712 5018 3071 5100 avaros,
3127 5020 3534 5100 paenituerint,
3585 5025 3653 5100 ip
3709 5045 3807 5100 pe.

2167 5111 2327 5162 nam,
2352 5090 2479 5148 sive
2505 5096 2568 5147 ut
2588 5107 2722 5163 voce
2747 5090 3144 5163 ecclesiastica
3166 5090 3803 5163 utar,satisfacticném.

2166 5183 2270 5244 pro
2294 5164 2541 5238 pristina
2567 5162 2822 5218 habendi
2843 5162 3116 5233 cupidine
3136 5162 3540 5238 eleemosynas
3562 5186 3804 5244 erogare

2168 5243 2311 5375 ID.1)
2344 5308 2521 5362 szor
2548 5308 2773 5371 Lumen,
2799 5303 2969 5373 juxta
2997 5304 3175 5361 Graio.
3206 5306 3388 5363 Oxon.
3422 5310 3512 5365 In.

2235 5312 2311 5454 (2)
2344 5371 2538 5454 Φόϐος.
2577 5378 2706 5454 φῶς
2746 5375 2804 5454 in
2826 5374 3014 5454 _Q_xon.
3049 5376 3281 5454 melius.
3308 5381 3390 5435 In.

2256 5371 2311 5452 2)
2344 5371 2538 5452 Φόϐος.
2577 5378 2706 5452 φῶς
2746 5371 3014 5452 ἱοξφχοιι.
3049 5376 3281 5452 melius.
3308 5381 3390 5435 In.

2233 5446 2311 5522 (3)
2345 5448 2544 5522 Αῦτοῦ.
2577 5447 2712 5522 Ἀπί
2730 5446 3019 5522 additum.
3053 5449 3133 5522 Ip.

2234 5513 2310 5597 (4)
2341 5519 2443 5574 Κᾶν
2468 5538 2620 5597 τις...
2654 5513 2885 5597 ἀδελφός
2912 5538 3036 5597 μου.
3070 5519 3309 5597 Desunt.
3343 5523 3427 5579 In.

2234 5527 2289 5597 (4
2341 5526 2443 5574 Κᾶν
2468 5538 2620 5580 τις...
2654 5526 2885 5642 ἁδελφΐός
2912 5538 3036 5589 μου.
3070 5526 3251 5575 Desun

2232 5526 2310 5667 (5)
2339 5596 2463 5654 Τοῖς
2497 5591 2788 5667 φθαρτοῖς,
2846 5589 3131 5667 ἁ-φθαρτά.
3168 5594 3251 5648 ln.

2232 5662 2308 5753 (91>
2337 5662 2851 5753 Iuris-mis;
2878 5662 2961 5753 I9.-

2232 5729 2305 5812 (7)
2337 5729 2406 5791 Τὸ
2436 5729 2795 5810 ἄγαθὸνξ...’ἢ
2828 5729 3309 5807 ψεῦδος.1)θευῃί,
3347 5735 3432 5793 ιο,
