4016 6222
315 522 467 581 1145

1485 510 2091 577 TESTAMENTUM
2132 511 2559 573 BENJA‘MIN.

3564 512 3721 572 1146

310 649 510 723 Κύριος
538 649 642 726 γὰρ
673 646 724 704 ἒν
756 647 903 721 αὐτῷ
930 649 1193 715 κατοικεῖ,
1222 645 1312 701 καὶ
1358 643 1578 724 φωτίζει
1624 644 1809 719 ψυχὴν
1860 641 1951 698 αὑ-

2068 642 2299 699 meliam
2325 659 2439 699 non
2472 642 2664 711 novit;
2694 642 2978 700 Dominus
3000 642 3157 699 enim
3192 641 3249 699 in
3284 659 3349 699 eo
3381 642 3627 711 habitat,
3662 648 3719 701 et

308 743 426 807 τοῦ,
486 738 575 793 καὶ
633 737 815 813 χαίρει
870 736 1008 812 πρὸς
1046 735 1249 797 πάντας
1313 733 1363 789 ἰν
1424 734 1583 789 παντὶ
1639 731 1833 809 καιρῷ.
1890 733 1951 787 Ἡ

309 828 486 903 ἀγαθή
534 824 744 882 διάνοια
792 825 891 881 οὐκ
938 823 1051 901 ἔχει
1103 822 1197 878 δύο
1246 822 1523 897 γλώσσας,
1570 822 1818 897 εὐλογίας
1864 819 1953 875 καὶ

308 917 565 991 κατάρας,
599 910 805 991 ὕϐρεως
836 913 923 968 καὶ
954 920 1148 985 τιμῆς,
1182 910 1361 981 λύπης
1395 910 1483 965 καί
1514 908 1952 986 χαρᾶς,ἡσυχίας

307 1005 395 1060 καὶ
451 1011 719 1080 ταραχῆς,
753 1001 1090 1077 ὑποκρίσεως
1147 1000 1238 1055 καὶ
1292 999 1554 1069 ἀληθείας
1613 1002 1713 1071 (8),
1767 998 1953 1058 πενίας

307 1092 395 1148 καὶ
425 1090 851 1148 πλούτου·ἀλλὰ
886 1090 1009 1164 μίαν
1043 1086 1160 1166 ἔχει
1188 1087 1309 1164 περί
1339 1088 1540 1149 πάντας
1572 1085 1839 1162 εἰλικρινῆ
1864 1084 1951 1139 καὶ

306 1181 541 1258 καθαρὰν
576 1179 832 1235 διάθεσιν.
858 1180 973 1237 Ούκ
994 1177 1109 1253 ἔχει
1134 1178 1345 1254 ὅρασιν,
1370 1174 1495 1231 οὐδὲ
1523 1176 1690 1244 ἀκοὴν
1726 1173 1950 1243 διπλῆν’

308 1276 411 1325 πᾶν
466 1270 589 1347 γὰρ,
622 1270 651 1325 ὃ
680 1273 852 1337 ποιεῖ,
883 1269 917 1338 ἢ
968 1266 1149 1339 λαλεῖ,
1179 1267 1215 1336 ἢ
1267 1267 1387 1341 ὁρᾷ,
1421 1264 1564 1321 οἶδεν
1616 1262 1700 1318 ὅτι
1757 1262 1953 1338 Κύριος

307 1357 616 1414 ἕπισκὲπτει
670 1359 856 1433 ψυχὴν
906 1356 1092 1430 αὑτοῦ,
1121 1355 1212 1410 καὶ
1267 1353 1510 1428 καθαίρει
1557 1354 1655 1421 τὴν
1717 1349 1948 1407 διάνοιαν

308 1444 493 1516 αὑτοῦ,
525 1447 660 1523 πρὸς
689 1448 751 1501 τὸ
786 1447 862 1518 μὴ
902 1446 1345 1520 καταγνωσθῆναι
1396 1443 1499 1497 ὑπὸ
1546 1445 1680 1497 Θεοῦ
1723 1442 1812 1496 καὶ
1860 1440 1951 1494 ἀν-

307 1536 560 1611 θρώπων·
593 1535 682 1589 καὶ
712 1539 808 1589 τοῦ
840 1533 1039 1609 Βελιὰρ
1078 1532 1135 1589 δὲ
1182 1539 1283 1588 πᾶν
1336 1527 1492 1609 ἔργον
1545 1528 1774 1586 διπλοῦν
1820 1527 1951 1597 ἐστι,

308 1624 399 1679 καὶ
430 1623 529 1679 οὐκ
556 1622 673 1700 ἔχει
706 1621 991 1694 ἁπλότητα
1020 1624 1117 1697 (9).

380 1800 448 1856 Ζ’.
483 1822 511 1851 ‹‹
545 1799 643 1854 Διὰ
690 1803 877 1867 τοῦτο,
932 1797 1093 1854 τὲκνα
1151 1813 1284 1871 μου,
1332 1796 1553 1876 φεύγετε
1605 1795 1704 1865 τήν
1764 1793 1951 1849 κακίαν

306 1891 404 1943 τοῦ
433 1886 651 1963 Βελιᾶρ,
670 1886 753 1941 ὅτι
779 1885 1052 1964 μάχαιραν
1076 1883 1393 1947 δίδωσιτοῖς
1426 1886 1765 1957 πειθομένοις
1795 1882 1953 1956 αὐτῇ.

308 1977 372 2033 Ἠ
403 1973 460 2077 δὲ
493 1977 737 2053 μάχαιρα
768 1976 901 2031 ἑπτὰ
916 1980 1103 2077 ⁸κακῶν
1140 1978 1324 2051 μήτηρ
1378 1973 1510 2030 ἐστί.
1545 1977 1767 2077 Πρῶτον
1824 1969 1953 2025 συλ-
1986 2012 2035 2077 Β

309 2060 576 2139 λαμϐάνει
606 2068 640 2135 ἡ
675 2063 882 2120 διάνοια
912 2062 1002 2120 διὰ
1027 2069 1124 2119 τοῦ
1156 2063 1375 2140 Βελιάρ.
1407 2069 1557 2118 ’Ἐστι
1610 2061 1667 2117 δὲ
1714 2066 1952 2136 πρῶτον,

311 2153 519 2231 φθόνος
573 2150 841 2228 δεύτερον,
889 2153 1155 2208 ἀπώλεια’
1205 2152 1409 2228 τρίτον,
1444 2150 1645 2226 θλίψις
1676 2150 1953 2227 τέταρτον,

310 2238 687 2318 αἰχμαλωσία·
728 2242 1003 2315 πέμπτον,
1051 2238 1244 2297 ἔνδεια’
1292 2238 1471 2311 ἕκτον,
1515 2241 1754 2315 ταραχή·
1804 2234 1957 2293 ἕϐδο-

313 2350 435 2404 μον,
469 2329 747 2405 ἐρήμωσις
795 2332 929 2404 (10).
962 2330 1060 2384 Διά
1097 2334 1259 2385 τοῦτο
1306 2329 1394 2383 καὶ
1441 2330 1469 2383 6
1520 2330 1644 2383 Κάϊν
1704 2326 1836 2382 ἑπτὰ
1874 2325 1957 2381 ὲκ-

310 2414 509 2480 δικίαις
564 2414 922 2493 παραδίδοται
974 2419 1087 2491 (11)
1133 2418 1235 2473 ὑπὸ
1293 2421 1390 2471 τοῦ
1447 2420 1601 2473 Θεοῦ.
1662 2416 1805 2470 Κατὰ
1850 2414 1953 2490 γὰρ

307 2504 493 2562 ἱκατὸν
555 2502 645 2577 ἔτη
694 2506 817 2579 μίαν
872 2504 1096 2580 πληγὴν
1156 2504 1424 2581 ἐπήγαγεν
1483 2503 1629 2576 αὐτῷ
1660 2504 1687 2559 ὁ
1736 2502 1952 2577 Κύριος⁶

304 2592 607 2649 Διακοσίων
663 2594 797 2649 ἐτῶν
847 2595 1069 2670 πάσχει,
1102 2595 1191 2649 καὶ
1236 2593 1629 2665 ἐννακοσιοστῷ
1677 2587 1780 2647 ἔτει
1825 2590 1954 2667 ἐρη-

310 2686 507 2756 μοῦται
563 2681 651 2737 ἐπὶ
707 2687 805 2737 τοῦ
851 2680 1237 2756 κατακλυσμοῦ
1269 2684 1382 2757 (12)
1412 2678 1501 2736 διὰ
1533 2676 1707 2750 Ἀϐἠλ
1753 2682 1844 2737 τὸν
1878 2679 1956 2735 δί-

306 2791 457 2825 καιον
492 2767 725 2849 ἀδελφὸν
758 2769 944 2827 αὑτοῦ.
976 2776 1061 2825 Ἐν
1090 2775 1206 2833 τοῖς
1254 2768 1595 2832 ἑπτακοσίοις
1640 2768 1806 2824 ἔτεσιν
1840 2772 1955 2841 (13)

308 2860 337 2914 6
368 2860 495 2913 Κάϊν
525 2858 760 2935 ἐκρίνετο
791 2860 927 2933 (14),
958 2860 986 2914 6
1017 2856 1075 2914 δὲ
1114 2859 1311 2937 Λαμὶχ
1358 2859 1408 2915 ἐν
1451 2864 1566 2921 τοῖς
1614 2854 1953 2933 ἑϐδομηκον-

304 2946 456 3010 τάκις
484 2949 635 3004 ἑπτά·
673 2948 755 3004 ὅτι
810 2945 914 3011 ἕως
968 2952 1066 3003 τοῦ
1125 2949 1325 3011 αἱῶνος
1380 2949 1432 3004 οἱ
1494 2948 1957 3023 ὁμοιούμενοιτῷ

307 3037 436 3092 Κάϊν
468 3036 519 3092 ἐν
549 3035 729 3115 φθόνῳ
762 3035 837 3099 εἷς
868 3038 968 3108 τῆν
1023 3034 1401 3116 μισαδελφίαν,
1431 3037 1501 3113 τῇ
1550 3037 1685 3113 αὐτῇ
1732 3036 1953 3093 κολάσει

305 3128 653 3201 κριθήσονται
686 3128 819 3199 (15).
1334 3186 1340 3191 _

378 3216 459 3272 H'.
493 3238 521 3266 ‹‹
557 3214 658 3272 Καὶ
692 3214 845 3288 ὑμεῖς
877 3212 991 3288 οὖν,
1022 3214 1181 3270 τὲκνα
1213 3235 1343 3289 μου,
1374 3212 1709 3293 ἀποδράσατε
1736 3215 1834 3283 τὴν
1866 3235 1958 3269 κα-

303 3302 447 3371 κίαν,
480 3303 672 3382 φθόνον
724 3325 782 3358 τε
827 3304 917 3358 καὶ
965 3305 1066 3375 τῆν
1125 3302 1501 3383 μισαδελφίαν,
1550 3304 1639 3359 καὶ
1683 3301 1956 3379 προσκολ-

2064 732 2359 787 illuminat
2390 733 2647 787 animam
2679 734 2830 803 ejus,
2866 737 2923 788 et
2961 734 3174 805 gaudet
3216 749 3406 788 coram
3441 734 3716 789 omnibus

2064 822 2122 876 in
2156 821 2314 877 omni
2346 826 2624 893 tempore.
2660 826 2817 877 Bona
2851 838 3016 876 mens
3047 840 3162 877 non
3192 821 3367 877 habet
3391 823 3541 877 duas
3600 822 3715 877 lin-

2063 926 2232 983 guas,
2265 909 2687 965 benedictionis
2718 915 2774 965 et
2796 909 3245 974 maledictionis,
3279 910 3641 966 contumeliaa
3664 916 3721 967 et

2068 998 2320 1062 honoris,
2344 997 2590 1053 tristitia:
2622 1002 2677 1052 et
2698 997 2918 1069 gaudii,
2952 999 3169 1069 quietis
3226 1003 3281 1054 et
3340 1000 3719 1068 turbationis,

2063 1085 2456 1141 simulationis
2479 1092 2537 1141 et
2566 1086 2856 1155 veritatis,
2890 1086 3101 1158 inopiae
3130 1092 3185 1141 et
3206 1088 3542 1143 divitiarum
3570 1106 3583 1156 ;
3616 1090 3717 1144 sed

2063 1192 2242 1230 unam
2262 1175 2435 1230 habet
2465 1175 2619 1229 circa
2639 1191 2843 1229 omnes
2875 1175 3164 1231 sinceram
3197 1180 3253 1231 et
3284 1193 3489 1247 puram
3523 1176 3719 1248 dispo-

2061 1263 2355 1320 sitionem.
2388 1264 2509 1318 Non
2544 1264 2718 1319 habet
2745 1264 2960 1330 visum,
2993 1280 3181 1336 neque
3214 1265 3479 1320 auditum
3517 1265 3719 1337 dupli-

2062 1368 2187 1409 cem
2222 1370 2236 1420 ;
2268 1352 2329 1407 in
2358 1351 2518 1407 omni
2548 1352 2705 1407 enim
2736 1352 2891 1423 quod
2934 1353 3091 1419 facit,
3141 1353 3229 1409 vel
3272 1352 3557 1424 loquitur,
3616 1354 3707 1409 vel

2059 1440 2237 1507 videt,
2268 1440 2425 1495 novit
2454 1440 2609 1512 quod
2639 1440 2791 1495 Deus
2820 1440 3019 1495 visitat
3046 1441 3303 1495 animam
3331 1443 3482 1512 ejus,
3504 1446 3560 1496 et
3580 1458 3714 1514 pur-

2062 1534 2161 1601 gat
2181 1530 2447 1584 animum
2479 1531 2627 1599 ejus,
2664 1534 2727 1584 ut
2758 1546 2871 1584 non
2923 1530 3380 1601 reprehendatur
3421 1547 3454 1584 a
3498 1534 3608 1585 Deo
3657 1536 3713 1586 et

2062 1616 2401 1671 hominibus
2424 1633 2439 1683 ;
2459 1616 2558 1671 sed
2584 1632 2757 1671 omne
2778 1632 2925 1689 opus
2944 1617 3127 1672 Beliar
3155 1616 3370 1689 duplex
3396 1622 3569 1685 est,et
3594 1634 3709 1673 non

2064 1704 2242 1759 habet
2271 1703 2732 1775 simplicitatem.

2134 1792 2252 1848 VII.
2287 1815 2316 1843 «
2348 1792 2589 1864 Propter
2616 1792 2744 1861 hoc,
2778 1792 2879 1847 filii
2904 1793 3048 1859 mei,
3073 1794 3255 1865 fugite
3288 1792 3574 1850 malitiam
3604 1795 3722 1855 lBe-

2064 1880 2193 1949 liar,
2225 1881 2497 1952 quoniam
2529 1880 2789 1954 gladium
2816 1882 2915 1937 dat
2944 1882 3351 1937 obedientibus
3374 1882 3446 1938 ei.
3476 1882 3717 1939 Gladius

2066 1975 2258 2026 autem
2293 1975 2515 2042 septem
2549 1969 2839 2025 malorum
2866 1975 3051 2026 mater
3069 1971 3443 2026 est.Primum
3466 1972 3719 2043 concipit

2068 2076 2232 2115 mens
2264 2077 2361 2131 per
2383 2059 2589 2115 Beliar.
2622 2060 2721 2114 Est
2740 2064 2936 2115 autem
2970 2060 3247 2131 primum,
3296 2060 3515 2115 invidia
3544 2084 3559 2129 ς
3620 2077 3712 2116 se-

2065 2149 2345 2216 cundum,
2371 2147 2655 2220 perditio;
2702 2148 2966 2213 tertium,
3023 2148 3322 2204 tribulatio
3357 2166 3370 2217 ;
3413 2152 3711 2220 quartum,

2066 2235 2409 2308 captivitas;
2444 2236 2737 2308 quintum,
2771 2236 3128 2308 indigentia;
3164 2238 3709 2307 sextum,turbatio;

2066 2324 2405 2396 septimum,
2436 2324 2740 2389 desolatio,
2774 2331 3009 2397 propter
3033 2326 3140 2381 hoc
3186 2331 3243 2381 et
3300 2326 3437 2381 Cain
3490 2332 3715 2398 septem

2062 2413 2337 2468 vindictis
2366 2413 2617 2468 traditur
2648 2431 2681 2469 a
2719 2413 2855 2469 Deo.
2898 2414 3046 2469 Nam
3095 2414 3418 2469 secundum
3480 2420 3715 2470 centum

2066 2518 2250 2557 annos
2281 2518 2457 2557 unam
2490 2501 2719 2574 plagam
2749 2502 2981 2558 induxit
3009 2502 3060 2557 ei
3091 2503 3395 2559 Domiuus.
3437 2503 3715 2560 Ducentis

2066 2593 2235 2647 annis
2268 2592 2504 2664 patitur,
2538 2597 2594 2647 et
2632 2592 3073 2664 nongentesimo
3114 2610 3265 2649 anno
3310 2592 3607 2649 desolatur
3653 2594 3712 2649 in

2064 2682 2281 2737 diluvio
2303 2688 2535 2755 propter
2550 2682 2689 2737 Abel
2730 2683 2962 2753 justum
2982 2684 3215 2739 fratrem
3247 2684 3465 2755 ejuan
3490 2684 3712 2756 septin-

2065 2771 2255 2843 gentis
2288 2772 2457 2827 annis
2504 2772 2640 2827 Cain
2687 2772 3085 2842 judicabatur,
3145 2772 3387 2828 Lamech
3448 2789 3579 2828 vero
3650 2772 3710 2829 in

2065 2860 2399 2933 septuagies
2442 2866 2703 2932 septem;
2754 2862 3031 2932 quoniam
3081 2878 3269 2933 usque
3316 2861 3372 2917 in
3433 2860 3709 2917 smculum

2066 2948 2378 3005 aesimilati
2406 2950 2544 3006 Cain
2575 2950 2634 3005 in
2664 2950 2963 3005 invidiain
2995 2950 3194 3006 odium
3229 2952 3573 3019 fraternum,
3616 2967 3711 3007 ea-

2067 3039 2199 3095 dem
2231 3038 2534 3111 punitione
2555 3040 2999 3111 judicabuntur.

2135 3215 2287 3271 VIII.
2321 3237 2350 3266 «
2382 3219 2450 3270 Et
2469 3232 2569 3271 vos
2598 3214 2800 3287 igitur,
2842 3213 2946 3270 ﬁlii
2986 3215 3123 3280 mei,
3182 3215 3366 3289 fugite
3400 3216 3709 3287 malitiam,

2064 3303 2461 3376 invidiamque
2492 3308 2547 3359 et
2567 3304 2769 3359 odium
2803 3303 3146 3373 fraternum,
3172 3308 3229 3360 et
3266 3306 3553 3361 adhaerete
3610 3307 3712 3363 bo-

304 3394 468 3448 λᾶσθε
594 3392 891 3467 ἀγαθότητι
919 3394 1010 3447 καὶ
1059 3396 1128 3467 τῇ
1178 3377 1381 3468 ἀγάπῃ.
1412 3394 1472 3450 Ὀ
1520 3390 1661 3470 ἔχων
1715 3377 1951 3447 διάνοιαν

2068 3393 2239 3449 nitati
2267 3398 2325 3449 et
2354 3392 2669 3449 dilectioni.
2705 3393 2811 3459 Qui
2843 3393 3019 3448 habet
3075 3398 3330 3449 mentem
3386 3412 3595 3466 puram
3654 3396 3713 3450 in

304 3481 535 3552 καθαρὰν
596 3481 646 3535 ἐν
704 3482 905 3557 ἀγάπῃ,
949 3481 1057 3558 οὐχ
1115 3482 1215 3556 ὁρᾷ
1270 3487 1496 3558 γυναῖκα
1553 3482 1628 3545 εἰς
1679 3482 1950 3559 πορνείαν*

304 3568 367 3624 οὐ
420 3569 523 3644 γὰρ
584 3567 698 3644 ἔχει
761 3570 996 3643 μιασμὸν
1055 3569 1107 3624 ἐν
1163 3575 1232 3645 τῇ
1263 3568 1478 3644 καρδίᾳ,
1512 3570 1593 3625 ὅτι
1630 3571 1953 3626 ἀναπαύεται

305 3655 355 3712 ἰν
387 3657 535 3730 αύτῴ
565 3658 628 3713 τὸ
657 3662 868 3731 πνεῦμα
896 3663 993 3713 τοῦ
1037 3664 1191 3717 Θεοῦ.
1226 3663 1429 3737 Ὥσπερ
1484 3662 1588 3735 γὰρ
1621 3662 1648 3715 6
1679 3659 1840 3729 ἥλιος
1891 3659 1952 3714 οὐ

306 3747 572 3819 μιαίνεται
623 3747 908 3823 προσέχων
971 3746 1057 3802 ἐπί
1114 3747 1317 3822 κόπρον
1377 3747 1470 3803 καί
1524 3743 1787 3823 βόρϐορον
1816 3751 1954 3822 (16),

304 3833 449 3889 ἀλλά
508 3833 720 3908 μᾶλλον
767 3835 1047 3912 ἀμφότερα
1103 3836 1293 3912 ψύχει,
1342 3836 1433 3891 καὶ
1483 3835 1768 3892 ἀπελαύνει
1850 3837 1949 3906 τήν

305 3920 591 3978 δυσωδίαν·
626 3923 800 3986 οὕτως
855 3925 943 3979 καὶ
994 3926 1022 3980 6
1070 3926 1303 4002 καθαρὸς
1352 3930 1479 3989 νοῦς
1544 3924 1593 3981 ἐν
1651 3930 1761 3988 τοῖς
1825 3927 1949 3999 μιά-

305 4032 472 4086 σμασι
498 4018 597 4081 τῆς
630 4020 733 4087 γῆς
759 4013 1146 4089 συνεχόμενος,
1184 4012 1396 4089 μᾶλλον
1436 4012 1721 4089 οἰκοδομεῖ
1766 4014 1947 4088 αὐτὸς,

302 4100 392 4156 καὶ
422 4103 536 4174 (17)
568 4099 629 4155 οὐ
665 4100 953 4173 μιαίνεται.

374 4195 446 4246 Θ’.
480 4213 509 4241 ‹‹
556 4190 798 4245 Ὑπονοῶ
855 4187 913 4245 δὲ
954 4191 1043 4246 καὶ
1099 4190 1317 4267 πράξεις
1374 4191 1425 4248 ἐν
1487 4192 1614 4266 ὑμῖν
1659 4190 1721 4247 οὐ
1777 4191 1949 4257 καλὰς

300 4272 531 4345 ἔσεσθαι,
561 4277 669 4333 ἀπὸ
727 4277 908 4354 λόγων
968 4279 1151 4356 Ἑνὼχ
1196 4285 1293 4335 τοῦ
1351 4277 1582 4339 διγαίου.
1626 4282 1951 4357 Πορνεύσετε

298 4366 402 4442 γὰρ
451 4366 701 4443 πορνείαν
756 4364 1041 4441 Σοδόμων,
1092 4368 1183 4423 καὶ
1232 4369 1520 4426 ἀπολεῖσθε
1573 4367 1679 4433 ἕως
1744 4370 1945 4446 βραχὺ,

298 4454 387 4509 καὶ
439 4456 795 4511 ἀνανεώσεσθε
843 4456 894 4511 ἐν
944 4457 1151 4533 γυναιξὶ
1200 4460 1464 4534 στρήνους
1494 4461 1627 4533 (18),
1658 4458 1746 4513 καὶ
1779 4462 1813 4529 ἡ
1850 4462 1946 4534 βα-

298 4543 473 4599 σιλεία
532 4544 728 4620 Κυρίου
787 4544 885 4600 οὑκ
932 4544 1080 4600 ἔσται
1136 4546 1187 4600 ἐν
1234 4547 1381 4619 ὑμῖν
1424 4546 1508 4602 ὅτι
1573 4547 1728 4611 εὐθὺς
1789 4548 1947 4610 αὐτὸς

300 4633 531 4705 λήψεται
591 4632 780 4702 αὐτήν.
815 4631 969 4703 ΙΙλήν
1028 4633 1081 4688 ἐν
1140 4633 1320 4709 μερίδι
1382 4636 1536 4708 ὑμῶν
1595 4637 1870 4711 γενήσεται
1916 4637 1943 4691 6

371 4760 449 4837 (8)
482 4829 492 4837 _
524 4757 789 4837 'Ho‘pxiac
820 4835 827 4837 ξ
862 4757 952 4837 καὶ
1044 4766 1294 4835 ταραχῆς
1361 4805 1376 4833 ,
1454 4760 1785 4837 ὑποκρίσεως
1860 4760 1951 4817 καὶ
1982 4737 2028 4802 D

298 4826 577 4897 ἀληθείας.
617 4826 856 4886 Dia-sunt.
892 4831 1075 4888 GRAB.

370 4903 449 4972 (9)
509 4899 848 4955 Ἐπισκέπτει
873 4944 886 4957 .
915 4944 928 4957 .
956 4943 969 4957 .
995 4943 1008 4958 .
1093 4898 1379 4972 ἁπλότητα
1431 4947 1443 4959 .

298 4971 536 5046 omissis
568 4972 809 5044 reliquis
839 4989 1027 5046 usque
1056 4971 1342 5046 ἁπλότητα
1372 4975 1453 5030 Io.

367 5044 482 5121 (.10)
536 5042 782 5121 ηρῷτον.
811 5085 824 5099 .
932 5042 1290 5121 ίξρήμωσις..
1326 5047 1485 5121 Ὅτε-
1505 5044 1674 5121 τίκτει
1730 5048 1947 5121 πρῶτον

296 5111 514 5192 φθόνον,
564 5111 811 5192 δεύτερον
856 5111 1156 5192 ἀπώλειαν,
1203 5115 1383 5192 τρίτον
1437 5111 1946 5192 θλίψινλτὲταρτον

295 5182 988 5264 άῖχμίαλιωσίανίπέμπτον
1017 5182 1425 5258 ἔνδειαν,’ἓκτον
1476 5182 1741 5264 ταραχὴν,
1786 5182 1954 5247 ἓϐδου

300 5256 413 5330 μόηῖ
431 5256 525 5331 ἐρή
539 5256 708 5331 μωσιν
719 5301 743 5331 ,Δ
766 5256 849 5314 Io.

300 5278 402 5330 μον
431 5278 456 5312 ε
492 5278 732 5331 ημωσιν.
766 5278 849 5314 ω.

298 5402 321 5459 ι
365 5278 489 5405 (11)
536 5326 829 5391 Ἐκδικίαις
888 5325 1260 5404 παραδίδοται.
1332 5326 1595 5393 Ἀδικίαις
1651 5329 1945 5408 παρεδόθη.

325 5420 379 5459 Ι).
1318 5450 1325 5457 .

1500 4903 1875 4960 Ἐπισκοπεύει
1934 4947 1949 4975 ,

365 5444 485 5598 (122
534 5467 782 5598 Ἰῗπίίτοῦ
836 5470 1239 5545 κατακλυσμοῦ.
1304 5450 1543 5543 Desunl,
1602 5480 1657 5531 et
1712 5476 1945 5547 quidem

365 5562 526 5598 erio.
586 5562 642 5598 ι).

299 5550 526 5600 merito.
564 5550 642 5599 lo.

301 5687 321 5689 _
370 5616 482 5689 (13)
529 5612 904 5677 Ἑπτακοσίοις
956 5611 1145 5671 ἔτεσιν.
1195 5614 1381 5685 Ἑπτά,
1465 5617 1684 5674 omisso
1752 5614 1944 5675 ἔτεσιν.

512 5754 637 5832 Κάιν
671 5754 929 5832 ἐκρίνετο,
972 5761 1113 5814 Cum
1174 5758 1258 5814 eis
1315 5776 1442 5831 qua:
1498 5764 1700 5816 auctor
1752 5767 1949 5815 noster

297 5827 470 5903 dicit,
485 5829 631 5889 satis
650 5827 1000 5890 conveniunt
1017 5833 1275 5891 veterum
1290 5827 1359 5904 et
1387 5832 1774 5891 recentiorum
1806 5846 1948 5904 quo-

2065 3482 2396 3551 dilectione,
2421 3498 2534 3537 non
2566 3482 2721 3537 videt
2744 3481 3063 3552 (mulierem
3117 3482 3177 3537 in
3226 3483 3667 3539 fornicationem
3697 3502 3710 3541 :

2065 3589 2181 3627 non
2211 3572 2366 3626 enim
2398 3571 2575 3626 habet
2603 3570 3068 3642 inquinationem
3098 3571 3157 3626 in
3190 3572 3384 3637 corde,
3436 3572 3710 3642 quoniam

2063 3661 2376 3732 requiescit
2407 3660 2465 3714 in
2496 3677 2560 3715 eo
2593 3660 2836 3731 spiritus
2868 3660 2987 3714 Dei.
3021 3661 3525 3726 Quemadmodum
3558 3661 3712 3715 enim

2062 3750 2149 3806 sol
2184 3767 2298 3805 non
2330 3749 2674 3820 inquinatur
2703 3749 2997 3819 attingens
3029 3754 3255 3804 stercus
3279 3749 3367 3804 vel
3391 3750 3707 3821 gurgitem,

2061 3839 2164 3894 sed
2198 3838 2383 3910 magis
2413 3837 2583 3893 ambo
2602 3837 2780 3892 siccat
2797 3842 2854 3891 et
2876 3837 3057 3910 abigit
3088 3838 3351 3906 felcrem;
3377 3839 3457 3894 ita
3488 3844 3545 3895 et
3565 3856 3713 3910 pura

2061 3943 2229 3983 mens
2259 3927 2318 3982 in
2349 3926 2857 4000 inquinationibus
2889 3931 3052 3982 terra:
3084 3927 3321 3984 detenta
3352 3928 3540 4001 magis
3573 3927 3710 3983 aedi-

2060 4016 2215 4086 ficat,
2249 4017 2378 4088 ipsa
2406 4032 2540 4071 vero
2576 4032 2690 4071 non
2718 4015 3083 4087 inquinatur.

2130 4194 2228 4248 IX.
2265 4190 2567 4264 «Intelligo
2589 4195 2782 4248 autem
2815 4195 2873 4247 et
2901 4192 3157 4248 actiones
3188 4192 3247 4248 in
3278 4193 3441 4250 vobis
3474 4212 3588 4251 non
3612 4196 3709 4252 bo-

2058 4298 2164 4337 nas
2204 4281 2343 4349 fore,
2376 4298 2409 4337 a
2438 4280 2810 4337 sermonibus
2828 4280 3209 4353 Enochjusli.
3244 4283 3697 4341 Fornicabimini

2056 4370 2212 4425 enim
2246 4369 2623 4425 fornicatione
2643 4370 3113 4439 Sodomorum,et
3141 4371 3406 4442 peribitis
3426 4390 3614 4444 usque
3636 4374 3706 4427 ad

2056 4460 2225 4515 breve
2255 4460 2540 4531 (paucos),
2571 4464 2627 4513 et
2653 4460 3005 4514 renovabitis
3036 4460 3097 4513 in
3132 4460 3477 4515 mulieribus
3511 4468 3704 4517 motus

2054 4548 2438 4617 inordinatos,
2470 4553 2526 4602 et
2555 4564 2799 4617 regnum
2838 4548 3064 4601 Domini
3096 4564 3208 4602 non
3243 4548 3353 4603 erit
3383 4550 3439 4603 in
3494 4550 3655 4604 vobis
3690 4569 3703 4617 ;

2056 4637 2334 4709 quoniam
2365 4637 2671 4692 confestim
2704 4634 2800 4691 ille
2832 4635 3076 4706 accipiet
3105 4635 3269 4690 illud.
3294 4637 3705 4692 Verumtamen

2060 4762 2333 4817 rumdam
2355 4761 2689 4817 Judaeorum
2722 4760 3122 4829 sententiae,de
3153 4760 3368 4831 quibus
3407 4761 3538 4815 vide
3598 4761 3707 4815 Fa-

2103 4835 2246 4900 ium,
2279 4832 2760 4903 Cartwrightum,
2791 4830 3051 4902 aliosque
3096 4830 3185 4886 in,
3214 4831 3421 4887 Genes.
3478 4850 3556 4896 γι,
3618 4833 3701 4887 15.

2103 4851 2246 4900 ium,
2279 4850 2760 4903 uartwrigntum,
2791 4850 3051 4902 auosque
3096 4850 3157 4886 1n
3214 4850 3421 4887 uenes.
3478 4850 3556 4896 v1.
3618 4850 3701 4887 io.

2060 4850 2173 4961 ged
2206 4906 2350 4961 bene
2378 4905 2764 4974 Cartwrigtus
2796 4905 3015 4958 notavit
3041 4903 3396 4975 Scripturam
3438 4903 3545 4960 loc.
3607 4904 3704 4958 cit.

2060 4982 2257 5048 aperte
2288 4975 2445 5101 loqui
2476 4976 2545 5030 de
2578 4991 2761 5045 poma,
2796 4991 2911 5029 non
2946 4974 3057 5046 ipsi
3114 4975 3310 5045 Caino,
3354 4976 3455 5031 sed
3500 4976 3550 5031 ei
3609 4976 3708 5047 qui

2060 5064 2193 5101 eum
2224 5049 2343 5101 occi
2390 5046 2517 5101 erit.
2552 5046 3143 5101 infligenda.Grandis
3173 5064 3403 5101 ouoouc
3433 5054 3520 5101 est
3551 5064 3708 5101 error

2060 5046 2193 5103 eum
2224 5046 2517 5110 occiderit,
2552 5046 3143 5118 infligendaﬂrandis
3173 5064 3403 5118 quoquo
3433 5054 3520 5101 cst
3551 5046 3710 5102 error

2060 5118 2504 5189 chronologicua
2538 5118 2717 5172 nostri
2746 5116 3028 5189 auctoris,
3063 5116 3346 5173 diluvium
3381 5119 3449 5173 ad
3484 5135 3704 5173 annum

2060 5188 2574 5263 nongentesimum
2598 5188 2757 5244 Caini
2782 5189 3101 5263 referentis,
3127 5190 3445 5263 dummodo
3463 5189 3713 5263 ipsemet

2058 5263 2140 5318 ita
2169 5256 2504 5332 scripserit;
2538 5278 2671 5332 nam
2702 5276 2870 5332 voces
2918 5256 3003 5312 ἐπὶ
3060 5263 3157 5313 τοῦ
3203 5256 3589 5331 κατακλυσμοῦ
3649 5261 3706 5315 in

2058 5330 2369 5459 Oxpnienisi
2401 5330 2717 5403 exemplari
2748 5332 2942 5387 Grmco
2970 5330 3506 5406 haudleguntur,ut
3536 5332 3707 5387 modo

2058 5421 2133 5459 no
2164 5422 2273 5459 ενι.
2342 5420 2396 5459 o.

2058 5406 2273 5462 notavi.
2317 5406 2396 5459 In.

2128 5478 2241 5546 (15)
2265 5477 2451 5546 "011....
2479 5472 2847 5546 κριθήσονται.
2884 5473 3126 5546 Desunt.
3161 5475 3243 5530 ID.

2273 5540 2565 5633 Βόρϐορον.
2588 5543 2852 5633 βόθυνον.
2888 5545 2973 5600 ID.

2058 5611 2240 5742 8£117)
2314 5611 2609 5687 Οἰκοδομεῖ
2685 5614 2867 5683 αὐτὸς,
2951 5614 3060 5670 καὶ.
3146 5611 3461 5687 Οἰκοδομεῖ,
3546 5614 3708 5678 αὐτὸς

2125 5732 2138 5742 .
2204 5707 2259 5742 o.

2092 5689 2143 5745 ἑ.
2176 5692 2259 5744 Io.

2126 5761 2238 5833 (18)
2323 5758 2420 5813 Καὶ
2505 5756 2861 5813 ἀνανεώσεσθε
2955 5754 3007 5812 ἐν
3117 5756 3327 5834 γυναιξὶ

2126 5761 2238 5833 (18)
2323 5759 2420 5813 Καὶ
2505 5759 2861 5813 ἀνανεώσεσθε
2955 5759 3007 5812 ἐν
3117 5759 3327 5834 γυναιξὶ
3444 5759 3705 5833 στρήνους

2055 5830 2296 5890 Desunt.
2336 5836 2413 5889 lo.
