4016 6222
311 506 463 570 1147

1290 507 1823 570 TESTAMENI‘A
1865 508 1969 569 Xll
2018 506 2728 571 PATRIARCHARUM.

3572 510 3727 570 1148

309 639 367 695 in
420 643 582 713 parte
612 641 803 695 vestra
856 636 956 695 tlet
982 638 1270 711 templum
1293 639 1391 696 Dei
1403 643 1481 708 ,et
1512 639 1833 714 gloriosum
1858 640 1964 695 erit

2082 639 2207 701 ναὸς
2262 643 2359 693 τοῦ
2415 644 2569 708 Θεοῦ,
2605 638 2695 693 καὶ
2744 636 2955 709 ἔνδοξος
3008 634 3155 693 ἔσται
3201 637 3253 694 ἐν
3289 640 3417 712 ὑμῖν
3448 642 3585 713 (19).
3608 642 3729 697 ’Ὀτι

306 729 366 783 in
393 730 569 784 vobis.
595 728 888 792 Quoniam
918 728 1043 801 ipse
1070 728 1353 784 Dominus
1397 729 1641 800 accipiet
1696 745 1966 801 regnum,

308 822 362 871 et
395 816 700 872 duodecim
734 816 924 872 tribus
955 816 1077 873 illic
1109 818 1642 889 congregabuntur,
1674 823 1731 873 et
1760 833 1967 872 omnes

311 910 512 975 gentes
543 925 558 975 ς
584 921 889 976 usquequo
916 905 1255 961 Altissimus
1280 906 1471 961 mittat
1503 906 1759 961 salutare
1791 921 1965 960 suum

308 994 367 1048 in
403 994 738 1050 visitatione
768 993 1081 1065 Unigeniti.
1107 996 1175 1049 Et
1206 996 1567 1067 ingredietur
1588 996 1647 1050 in
1708 994 1966 1065 primum

304 1082 613 1153 templum,
631 1087 687 1138 et
716 1082 835 1138 illic
857 1082 1144 1138 Dominus
1165 1082 1385 1152 injuria
1416 1083 1726 1147 afficietur,
1745 1086 1801 1137 et
1825 1098 1965 1137 con-

305 1175 618 1237 temnetur,
650 1176 708 1227 et
726 1171 882 1243 ligno
912 1171 1285 1226 exaltabitur.
1318 1172 1387 1225 Et
1426 1171 1536 1226 erit
1594 1170 1785 1226 velum
1818 1177 1965 1225 tem-

309 1260 391 1331 pli
424 1259 761 1326 scissum,et
783 1261 1095 1315 descendet
1124 1259 1377 1330 Spiritus
1404 1260 1501 1315 Dei
1533 1276 1711 1330 super
1738 1263 1966 1332 gentes,

312 1353 372 1401 ul
393 1347 548 1419 ignis
569 1348 893 1403 etfusus.Et
920 1348 1243 1402 ascendens
1274 1363 1342 1402 ex
1388 1346 1638 1414 inferno,
1690 1339 1969 1401 ascendet

308 1453 341 1491 a
377 1440 528 1491 terra
554 1435 612 1489 in
637 1436 867 1492 coelum.
900 1435 1175 1507 Cognovit
1198 1440 1392 1491 autem
1423 1451 1598 1506 quam
1634 1434 1808 1489 fuerit
1848 1434 1967 1489 hu'

312 1524 469 1580 milis
500 1524 560 1579 in
590 1527 840 1592 terra,et
869 1541 1047 1595 quam
1074 1523 1364 1596 gloriosus
1393 1523 1451 1578 in
1476 1522 1635 1578 coelo.

377 1722 443 1778 X.
468 1744 496 1772 ‹‹
525 1722 766 1788 Quando
798 1726 990 1777 autem
1012 1721 1237 1793 Joseph
1273 1724 1397 1777 erat
1420 1720 1479 1775 in
1510 1721 1775 1792 zEgypto,
1808 1720 1968 1775 desi-

308 1812 582 1866 derabam
615 1810 807 1865 videre
828 1810 1081 1881 speciem
1113 1812 1264 1880 ejus,
1302 1814 1358 1864 et
1389 1810 1639 1863 formam
1693 1813 1964 1878 aspectus

308 1900 474 1969 ejus;
504 1903 559 1954 et
586 1899 994 1971 perorationes
1022 1899 1204 1953 Jacob
1237 1898 1419 1969 patris
1468 1898 1582 1952 mei
1634 1898 1748 1951 vidi
1807 1912 1963 1965 eum,

2078 726 2236 789 αὐτὸς
2269 727 2499 802 λήψεται
2531 727 2696 797 αὐτὴν
2726 730 2859 800 (20),
2891 728 2979 783 καὶ
3012 724 3221 783 δώδεκα
3254 728 3421 806 φυλαὶ
3464 728 3577 783 ἐκεῖ
3605 750 3729 785 συν-

2075 819 2433 892 αχθήσονται,
2465 817 2554 871 καὶ
2608 816 2779 872 πάντα
2828 816 2895 870 τὰ
2922 814 3066 887 ἔθνη·
3125 814 3231 878 ἕως
3289 814 3357 871 οὗ
3408 818 3436 871 6
3466 820 3728 891 Ὕψιστος

2075 903 2371 978 ἀποστείλῃ
2440 907 2552 978 (21)
2606 904 2669 959 τὸ
2754 904 3022 979 σωτήρίον
3096 904 3282 973 αὐτοῦ,
3333 904 3385 959 έν
3454 904 3726 981 ἐπισκοπῇ

2074 998 2404 1068 Μονογενοῦς
2459 996 2592 1066 (22)⁹
2655 993 2753 1047 Καὶ
2812 992 3169 1048 εἰσελεύσεται
3220 993 3446 1054 εἰς’τὸν
3504 1000 3724 1069 πρῶτον

2073 1081 2193 1134 ναὸν
2244 1084 2376 1153 (23),
2426 1082 2516 1136 καὶ
2565 1081 2675 1135 ἐκεῖ
2722 1078 2921 1155 Κύριος
2959 1075 3361 1155 ὑϐρισθήσεται,
3419 1081 3510 1135 καὶ
3571 1082 3725 1153 ἐξου-

2077 1154 2429 1239 θένωθήσεται
2480 1172 2615 1243 (24),
2673 1170 2763 1224 καὶ
2808 1154 2909 1224 νέπὶ
2965 1169 3128 1240 ξύλου
3197 1170 3565 1244 ὑψωθήσεται.
3626 1171 3727 1226 Καὶ

2076 1256 2220 1312 ἔσται
2249 1259 2311 1313 τὸ
2361 1256 2606 1332 ἅπλωμα
2648 1265 2745 1314 τού
2788 1263 2917 1312 ναοῦ
2968 1258 3314 1334 σχιζόμενον,
3344 1261 3435 1314 καὶ
3483 1258 3729 1330 καταϐή-

2078 1367 2221 1401 σεται
2270 1347 2331 1402 τὸ
2381 1352 2599 1421 Ηνεῦμα
2642 1345 2739 1402 τοῦ
2790 1351 2924 1403 Θεοῦ
2957 1346 3044 1401 ἐπὶ
3071 1348 3139 1402 τὰ
3170 1344 3291 1418 ἔθνη
3323 1350 3463 1422 (25),
3496 1350 3574 1409 ὡς
3618 1354 3727 1424 πῦρ

2077 1433 2463 1510 ἐκχυνὸμενον.
2496 1435 2594 1490 Καὶ
2624 1435 2862 1491 ἀνελθὼν
2892 1435 2950 1490 έκ
2976 1440 3073 1491 τοῦ
3128 1431 3258 1507 ᾅδου
3306 1435 3455 1491 ἔσται
3508 1432 3731 1491 ἆναῧαῖο

2074 1545 2180 1579 νων
2230 1524 2335 1580 ἀπὸ
2383 1532 2487 1600 γῆς
2536 1525 2612 1587 εἷς
2660 1524 2908 1601 οὐρανόν.
2942 1531 3118 1600 Ἔγνω
3169 1523 3245 1594 δὲ,
3281 1528 3395 1587 οἷος
3434 1524 3585 1580 ἔσται
3630 1547 3727 1580 τα·

2074 1613 2254 1668 πεινὸς
2285 1613 2372 1668 ἐπὶ
2400 1620 2502 1684 τῆς
2530 1620 2654 1689 γῆς,
2685 1612 2776 1669 καί
2806 1616 2921 1675 οἷος
2951 1611 3165 1684 ἔνδοξος
3198 1612 3248 1669 έν
3282 1613 3519 1690 οὐρανῷ.

2147 1722 2203 1775 Ι’.
2238 1744 2266 1773 ‹‹
2296 1721 2425 1777 ’Ὀτε
2491 1718 2549 1775 δὲ
2604 1720 2804 1796 Ἰωσὴφ
2854 1718 2905 1774 ἓν
2966 1719 3231 1795 Αἰγύπτῳ
3286 1722 3377 1793 ἦν,
3416 1720 3728 1793 ἐπεθύμουν

2076 1806 2207 1863 ἰδεῖν
2259 1810 2358 1878 τὴν
2417 1806 2560 1864 ἷδέαν
2597 1809 2759 1864 αὐτοῦ
2809 1808 2899 1863 καὶ
2944 1810 3043 1877 τὴν
3080 1809 3360 1887 μόρφωσιν
3390 1814 3491 1878 τῆς
3541 1808 3730 1883 ὅψεως

2075 1897 2257 1951 αὐτοῦ’
2290 1897 2379 1951 καὶ
2412 1894 2481 1951 δι’
2513 1896 2690 1971 εὐχῶν
2738 1900 2835 1950 τοῦ
2886 1897 3089 1966 πατρὸς
3120 1894 3312 1953 Ἰακὼϐ
3361 1896 3506 1953 εἶδον
3560 1899 3724 1953 αὐτὸν

314 1989 373 2043 in
403 1988 495 2042 die
528 1987 794 2059 vigilans,
825 1988 1148 2042 secundum
1183 1987 1334 2058 quod
1370 1990 1492 2040 erat
1521 1985 1712 2040 omnis
1742 1984 1964 2055 species

2082 1985 2124 2039 ἒν
2184 1984 2365 2061 ἡμέρᾳ
2418 1990 2732 2061 γρηγορῶν,
2763 1986 2879 2040 καθ’
2909 1986 2937 2040 ’ὁ
2982 1986 3049 2053 ἦν
3100 1992 3243 2040 πᾶσα
3290 1988 3327 2056 ἡ
3381 1984 3499 2041 ἰδέα
3533 1986 3728 2045 αὐτοῦ.

310 2076 810 2147 ejus.Cognoscite
848 2075 1046 2149 igitur,
1072 2076 1175 2131 filii
1201 2076 1335 2143 mei,
1369 2075 1522 2146 quod
1579 2074 1814 2129 morior.
1852 2074 1958 2129 Fa-

310 2164 423 2220 cite
445 2164 623 2237 igitur
645 2165 947 2221 veritatem
970 2169 1026 2220 et
1048 2164 1345 2234 justitiam
1379 2163 1783 2234 unusquisque
1823 2178 1957 2217 cum

310 2254 573 2326 proximo
604 2270 730 2319 suo,
763 2259 817 2309 et
838 2253 1129 2325 judicium
1159 2254 1215 2308 in
1248 2252 1382 2308 fidei
1421 2250 1840 2324 operationem,
1901 2254 1958 2306 et

308 2340 497 2414 legem
531 2341 758 2397 Domini
790 2346 846 2397 et
867 2344 1146 2398 mandata
1176 2343 1304 2413 ejus
1325 2339 1628 2397 custodite.
1650 2340 1781 2396 Haec
1801 2339 1957 2395 enim

306 2446 413 2486 vos
443 2447 546 2502 pro
573 2431 731 2486 omni
760 2432 1095 2487 hereditate
1123 2431 1318 2486 doceo.
1353 2431 1420 2485 Et
1464 2447 1564 2485 vos
1594 2428 1772 2500 igitur
1827 2428 1957 2483 date

309 2519 433 2575 hac
480 2519 617 2575 {iliis
664 2520 872 2576 vestris
921 2520 979 2575 in
1030 2520 1459 2592 possessionem
1516 2518 1955 2589 sempiternam.

311 2608 428 2663 Hoc
460 2608 614 2663 enim
651 2609 911 2664 fecerunt
937 2607 1418 2672 Abraham,Isaac
1450 2610 1508 2661 et
1526 2606 1725 2660 Jacob.
1751 2604 1961 2659 Omnia

311 2696 435 2752 haec
480 2697 765 2753 dederunt
786 2696 953 2752 nobis
989 2696 1402 2765 hereditatem,
1442 2694 1735 2749 dicentes:
1775 2714 1798 2744 ι
1845 2693 1956 2749 Cu-

311 2784 523 2839 stodite
563 2786 839 2839 mandata
895 2784 1021 2851 Dei,
1074 2799 1377 2855 usquequo
1426 2781 1639 2837 revelet
1676 2780 1959 2837 Dominus

312 2870 568 2925 salutare
598 2888 772 2926 suum
804 2872 1078 2927 omnibus
1110 2872 1403 2941 gentibus.
1466 2872 1631 2925 Tunc
1682 2869 1958 2925 videbitis

314 2957 530 3023 Enoch,
563 2959 701 3025 Noe,
735 2964 792 3014 et
813 2961 968 3028 Sem,
994 2964 1050 3014 et
1070 2958 1387 3023 Abraham,
1420 2962 1476 3013 et
1506 2960 1666 3013 Isaac
1687 2962 1744 3012 et
1777 2957 1956 3014 Jacob

312 3051 687 3119 resurgentes
719 3066 752 3103 a
781 3047 1001 3103 dextris
1030 3049 1089 3102 in
1113 3047 1515 3104 exsultatione.
1558 3049 1721 3102 Tunc
1752 3052 1810 3101 et
1851 3063 1957 3101 nos

314 3136 1129 3208 resurgemus,unusquisque
1156 3136 1214 3190 in
1236 3140 1530 3206 sceptrum
1562 3136 1957 3204 nostrum,ad-

313 3227 549 3280 orantes
572 3224 785 3296 Regem
813 3224 1111 3289 caelorum,
1152 3224 1250 3296 qui
1281 3225 1337 3278 in
1396 3228 1552 3279 terra
1571 3222 1842 3295 apparuit
1896 3222 1957 3277 in

314 3313 503 3369 forma
521 3313 1254 3369 humanaehumilitatisﬂt
1275 3317 1561 3385 quotquot
1589 3312 1959 3367 crediderunt

2068 2074 2365 2129 Γινώσκετε
2422 2071 2542 2146 οὐν,
2571 2075 2730 2128 τέκνα
2784 2095 2909 2146 μου,
2941 2072 3024 2128 ὅτι
3069 2074 3413 2145 ἀποθνήσκω.
3448 2076 3729 2145 Ποιήσατε

2068 2160 2159 2217 οὖν
2194 2160 2449 2232 ἀλήθειαν
2483 2162 2572 2216 καὶ
2604 2159 2948 2232 δικαιοσύνην
2979 2159 3205 2224 ἕκαστος
3259 2164 3391 2235 μετὰ
3438 2168 3538 2217 τοῦ
3582 2162 3730 2233 πλη·

2066 2250 2181 2306 σίον
2231 2249 2418 2319 αὐτοῦ,
2448 2252 2537 2305 καὶ
2575 2256 2748 2327 κρῖμα
2785 2250 2860 2313 εἷς
2906 2251 3296 2321 πιστοποίησιν
3325 2255 3463 2326 (26),
3494 2253 3589 2307 καὶ
3635 2252 3729 2307 τὸν

2064 2334 2234 2413 νόμον
2266 2338 2462 2416 Κυρίου
2492 2339 2702 2402 καὶτὰς
2732 2338 2953 2402 ἐντολὰς
3004 2339 3167 2395 αὐτοῦ
3216 2340 3506 2418 φυλάξατε.
3537 2345 3723 2395 Ταῦτα

2064 2430 2165 2505 γὰρ
2227 2429 2365 2501 ὑμᾶς
2422 2428 2534 2483 ἀντὶ
2591 2429 2771 2499 πάσης
2832 2428 3209 2504 κληρονομίας
3285 2427 3548 2487 διδάσκω.
3614 2430 3718 2485 Καὶ

2067 2517 2223 2590 ὑμεῖς
2255 2515 2345 2571 οὖν
2378 2514 2499 2572 δότε
2527 2516 2661 2572 αὐτὰ
2689 2521 2806 2578 τοῖς
2833 2518 3044 2579 τέκνοις
3078 2517 3228 2590 ὑμῶν
3263 2516 3340 2580 εἷς
3384 2520 3716 2594 κατάσχεσιν

2066 2604 2308 2662 αἰώνιον.
2340 2610 2507 2660 Τοῦτο
2557 2606 2662 2681 γὰρ
2720 2603 2979 2676 ἐποίησαν
3032 2601 3306 2681 ’Δϐραὰμ,
3364 2608 3455 2661 καὶ
3515 2607 3724 2675 Ἰσαὼι,

2065 2694 2155 2749 καὶ
2206 2688 2418 2751 Ἰακώϐ.
2467 2698 2643 2748 Ταῦτα
2697 2691 2871 2748 πάντα
2930 2696 3079 2766 ἡμᾶς
3133 2692 3721 2767 κατεκληρονόμησαν,

2068 2782 2329 2846 εἰπόντες·
2384 2806 2412 2835 ι(
2463 2781 2780 2852 Φυλάξασθε
2837 2783 2932 2845 τὰς
2992 2781 3215 2843 ἐντολὰς
3270 2787 3368 2837 τοῦ
3424 2780 3723 2852 Θεοῦ,⁶ἐως

2067 2871 2193 2927 ὅτου
2226 2873 2254 2926 6
2292 2870 2487 2946 Κύριος
2542 2869 2882 2943 ἀποκαλύψει
2927 2868 2991 2924 τὸ
3042 2872 3311 2944 σωτήριον
3362 2870 3527 2924 αὐτοῦ
3590 2877 3720 2925 πᾶσι

2064 2966 2181 3022 τοῖς
2232 2958 2419 3016 ἔθνεσι.
2451 2959 2581 3013 Τότε
2628 2954 2821 3033 ὄψεσθε
2866 2958 3065 3034 Ἑνὼχ,
3098 2962 3241 3029 Νῶε,
3287 2958 3377 3013 καὶ
3430 2960 3585 3032 Σήμ,
3628 2959 3721 3013 καὶ

2068 3045 2337 3125 ’Δϐραάμ,
2396 3046 2486 3103 καὶ
2538 3049 2733 3113 Ἰσαὰκ,
2788 3045 2876 3102 καὶ
2940 3042 3131 3102 Ἰακὼϐ
3208 3049 3595 3120 ἀνισταμένους
3661 3046 3722 3101 ἐκ

2067 3136 2250 3208 δεξιῶν
2306 3137 2356 3191 ἐν
2418 3136 2757 3212 ἀγαλλιάσει.
2788 3138 2901 3209 (27)
2931 3135 3061 3191 Τότε
3107 3135 3195 3190 καὶ
3256 3138 3417 3209 ἡμεῖς
3475 3136 3719 3205 ἀναστη-

2067 3225 2289 3299 σόμεθα,
2336 3222 2558 3286 ἕκαστος
2604 3224 2692 3279 ἐπὶ
2741 3227 3015 3299 σκῆπτρον
3065 3226 3252 3297 ἡμῶν,
3291 3229 3722 3300 προσκυνοῦντες

2063 3316 2155 3370 τὸν
2206 3312 2443 3371 Βασιλέα
2486 3317 2593 3368 τῶν
2644 3312 2909 3389 οὐρανῶν,
2953 3313 3045 3368 τὸν
3092 3312 3180 3367 ἐπὶ
3229 3320 3331 3389 γῆς
3384 3313 3613 3390 φανέντα
3675 3313 3731 3368 ἐν

311 3402 362 3459 ei
378 3400 440 3458 in
456 3403 1088 3475 terra,congaudebunt
1114 3402 1186 3469 ei,
1201 3403 1433 3473 quando
1449 3405 1721 3457 etomnes
1764 3417 1956 3456 resur-

2082 3367 2599 3481 ξορφξγάνθρώπου
2653 3367 3030 3463 ταπεινώσεως
3087 3404 3222 3475 (28).
3242 3367 3356 3459 '1in
3396 3367 3726 3457 's.g.’z.i-

313 3490 536 3562 gent,hi
551 3490 787 3562 quidem
802 3492 860 3547 in
877 3490 1962 3564 gloriam,istiveroinignominiam.Et

313 3582 602 3653 iudicabit
632 3582 912 3638 Dominus
944 3583 1004 3637 in
1034 3581 1242 3653 primis
1272 3579 1470 3648 Israel,
1504 3580 1574 3634 de
1605 3596 1671 3635 ea
1718 3595 1845 3650 quis
1900 3578 1961 3632 in

316 3671 531 3744 ipsum,
564 3670 877 3741 injustitia,
903 3671 1177 3741 quoniam
1198 3670 1605 3725 advenientem
1655 3668 1836 3722 Deum
1901 3668 1961 3721 in

314 3776 488 3816 carne
520 3758 888 3815 liberatorem
913 3775 1026 3814 non
1050 3758 1443 3813 crediderunt.
1478 3758 1546 3813 Et
1575 3761 1717 3811 tunc
1740 3756 1964 3827 judica-

315 3848 624 3903 bitomnes
649 3851 1166 3920 gentes,quotquot
1189 3864 1301 3902 non
1362 3844 1736 3901 crediderunt
1791 3844 1843 3899 ei
1901 3845 1961 3899 in

315 3943 469 3993 terra
498 3936 799 4009 apparenti
824 3953 838 4003 ;
862 3940 919 3990 et
940 3940 1145 4008 arguet
1172 3935 1232 3989 in
1259 3934 1459 3990 electis
1480 3934 1739 4007 gentium
1770 3932 1960 4002 Israel,

228 4032 239 4041 '
317 4026 813 4097 quemadmodum
838 4024 1137 4096 redarguit
1169 4025 1319 4080 Esau
1352 4025 1410 4079 in
1446 4024 1763 4093 Madinaeis,
1788 4024 1960 4079 sedu-

318 4113 585 4169 centibus
616 4118 679 4168 ut
700 4114 876 4169 frater
899 4129 1098 4168 eorum
1136 4114 1298 4168 fieret
1318 4130 1419 4185 per
1435 4111 1876 4168 fornicationem
1909 4115 1966 4166 et

314 4200 739 4269 idololatriam;
789 4205 845 4257 et
877 4200 1189 4257 abalienati
1222 4208 1360 4257 sunt
1390 4219 1424 4257 a
1455 4202 1593 4267 Deo,
1634 4201 1965 4256 excidentes

317 4291 389 4346 ab
420 4290 758 4347 haereditate
789 4289 1174 4362 ﬁliorum,qui
1198 4307 1312 4346 non
1342 4291 1555 4346 timent
1605 4292 1786 4345 Deum
1826 4289 1962 4361 (31).

315 4378 432 4436 Vos
462 4382 656 4436 autem
672 4379 719 4435 si
743 4377 1129 4434 ambuletisin
1161 4378 1617 4435 sanctificatione
1639 4378 1965 4433 secundum

321 4610 499 4740 G(19)
556 4610 728 4683 Ὑμῖν.
782 4608 940 4685 Ὑπὲρ
995 4608 1085 4664 τὸν
1145 4611 1360 4685 πρῶτον
1412 4608 1546 4665 add.
1606 4608 1732 4664 cod.
1783 4606 1963 4663 Oxon.

371 4700 502 4738 ΗΑΒ.

371 4700 502 4738 ΗΑΒ.

391 4754 504 4823 (20)
533 4754 651 4806 Ὅτι
682 4750 840 4823 αὐτὸς
871 4749 1321 4823 λήψεται-αὐτήν.
1355 4750 1595 4807 D;sunt.
1627 4753 1710 4805 lo.

535 4821 881 4903 ’ᾼποστείλῃ
914 4820 1233 4903 Ἀνατείλει.
1262 4820 1351 4879 In.

560 4890 918 4969 Μονογενοῧς.
972 4894 1261 4969 [Ιροφήτου
1311 4893 1443 4948 add.
1491 4892 1616 4969 cod.
1667 4891 1846 4969 Oxon.
1890 4890 1970 4945 Ῑι).

540 4962 762 5040 Πρῶτον
802 4962 947 5040 ναόν.
981 4962 1109 5040 Yox'
1148 4962 1363 5039 πρῶτος
1407 4981 1522 5040 non
1570 4964 1641 5019 de
1687 4966 1972 5040 tempore,

328 5034 429 5093 sed
462 5034 600 5093 loco'
618 5041 707 5092 est
735 5034 1113 5108 explicanda:
1140 5034 1333 5108 neque
1361 5035 1541 5108 enim_
1577 5039 1810 5108 auctor__
1825 5039 1975 5108 tem-

328 5109 485 5180 plum
514 5108 772 5181 primum
804 5104 1173 5181 a‘Salomone
1204 5104 1624 5181 conditumbic
1656 5104 1978 5181 intelligere

329 5175 644 5253 potuit",sed
673 5180 743 5237 ad
777 5178 1032 5253 primam
1066 5182 1290 5253 partem
1307 5177 1521 5253 templi
1547 5194 1688 5253 quas
1742 5175 1977 5253 diceba-

327 5247 423 5308 tur
442 5247 730 5317 Sanctum,
777 5247 1041 5322 'digitum
1066 5247 1420 5322 'intendisse
1442 5247 1718 5322 _videtur.
1765 5247 1977 5322 Qedam

328 5326 525 5449 tacilnen
552 5324 664 5450 tiae
693 5318 1181 5395 expositionembi
1213 5321 1388 5378 aliam
1422 5321 1716 5377 meliorem
1741 5318 1978 5375 allatam

328 5412 378 5450 v1
427 5411 544 5450 ero.
598 5412 654 5450 ο.

326 5411 544 5451 νιαθτο.
571 5411 654 5451 1D.

398 5467 516 5537 (24)
557 5466 657 5521 Καὶ
732 5462 1236 5536 έξουθενωθήσεται.

331 5536 515 5593 Oxon.
552 5540 636 5593 In.

398 5610 514 5675 (24)
574 5600 946 5677 Καταϐήσεται
1014 5606 1229 5677 πνεῦμα
1309 5607 1453 5677 Θεοῦ,
1519 5601 1605 5656 ἐπὶ
1686 5600 1761 5677 τᾷ,
1814 5598 1978 5677 Δἔθνη.

332 5673 532 5735 lnnuit
561 5687 762 5735 auctor
783 5673 954 5734 verbo
991 5673 1375 5745 καταϐήσεται,
1434 5676 1554 5731 fore
1611 5679 1674 5731 ut
1730 5673 1984 5744 Spiritus

1332 5467 1553 5520 Desunt
1633 5461 1694 5517 in
1785 5460 1979 5517 Graeco

2067 3511 2285 3546 στευσαν
2322 3489 2467 3561 αὐτῷ
2496 3487 2584 3543 έπὶ
2630 3495 2755 3565 γῆς,
2794 3490 3236 3565 συγχαρήσονται
3281 3489 3448 3561 αὐτῷ,
3480 3488 3571 3544 ὅτε

2068 3580 2159 3635 καὶ
2189 3579 2382 3639 πάντες
2410 3577 2827 3650 ἀναστήσονται,
2862 3578 2914 3632 οῖ
2969 3578 3064 3650 μὲν
3108 3578 3184 3639 εἷς
3238 3576 3413 3647 δόξαν,
3447 3578 3500 3632 οἱ
3530 3576 3592 3631 δὲ
3650 3579 3730 3639 εἷς

2072 3666 2305 3741 ἀτιμίαν.
2340 3666 2438 3720 Καὶ
2468 3671 2643 3741 κρινεῖ
2684 3666 2879 3740 Κύριος
2936 3664 2989 3721 ἐν
3046 3666 3287 3740 πρώτοις
3334 3666 3425 3720 τὸν
3477 3666 3728 3741 Ἰσραὴλ,

2070 3758 2193 3831 περὶ
2224 3762 2325 3824 τῆς
2356 3754 2431 3816 εἷς
2470 3754 2629 3809 αὐτὸν
2685 3752 2915 3823 ἀδικίας,
2949 3753 3032 3808 ὅτι
3092 3753 3533 3830 παραγενόμενον
3590 3756 3725 3810 Θεὸν

2071 3846 2123 3900 έν
2151 3844 2307 3918 σαρκὶ
2349 3841 2715 3918 έλευθερωτήν
2762 3842 2862 3898 οὐκ
2915 3841 3249 3899 ἐπίστευσαν.
3284 3843 3381 3897 Καὶ
3428 3842 3557 3898 τότε
3608 3864 3735 3917 κρι-

2070 3939 2151 3990 νεῖ
2179 3931 2348 3988 παὶντα
2376 3932 2442 3986 τὰ
2471 3927 2617 4003 ἔθνη,
2646 3929 2744 3985 ὅσα
2774 3930 2875 3986 οὐκ
2921 3930 3231 3985 ἐπίστευσαν
3278 3931 3426 4002 αὐτῷ
3480 3930 3573 3985 ἐπὶ
3625 3938 3733 4005 γῆς

2072 4024 2306 4101 φανέντι’
2339 4021 2429 4075 καὶ
2460 4018 2663 4096 ἐλέγξει
2696 4019 2746 4074 έν
2772 4025 2893 4083 τοῖς
2935 4018 3214 4082 ἐκλεκτοῖς
3259 4025 3366 4075 τῶν
3414 4020 3587 4084 έονῶν
3639 4021 3732 4075 τὸν

2073 4109 2316 4188 Ἰσραὴλ,
2351 4109 2529 4185 ὥσπερ
2560 4107 2759 4184 ἤλεγξε
2778 4109 2871 4164 τὸν
2902 4110 3069 4166 Ἠσαῦ
3101 4108 3152 4163 ὲν
3184 4114 3305 4171 τοῖς
3362 4106 3732 4177 Μαδηναίοις,

2070 4207 2188 4263 τοῖς
2218 4200 2551 4270 ἀπατήσασιν
2731 4196 2961 4276 ἀδελφὸν
2996 4198 3169 4253 αὐτῶν
3209 4196 3453 4275 γενέσθαι
3507 4195 3602 4251 διὰ
3632 4204 3733 4266 τῆς

2072 4288 2349 4363 πορνείας,
2396 4286 2486 4341 καὶ
2532 4292 2632 4356 τῆς
2689 4282 3161 4361 εἷδωλολατρείαςο
3193 4285 3284 4340 καὶ
3332 4282 3737 4360 ἀπηλλοτριώο

2073 4380 2239 4450 Θησαν
2279 4380 2434 4433 Θεοῦ.
2492 4373 2780 4450 Γενόμενοι
2816 4372 2928 4447 οὖν,
2957 4373 3133 4444 τέκνα,
3170 4373 3222 4429 έν
3285 4370 3465 4450 μερίδι
3527 4368 3738 4451 φοϐου-

2168 4608 2260 4679 26)
2294 4605 2391 4681 Καὶ
2416 4610 2590 4681 κρῖμα
2618 4602 2693 4681 εἷς
2725 4602 3144 4681 πιστοποίησιν..
3164 4604 3397 4661 Omissa
3440 4607 3607 4681 sunt.
3662 4604 3743 4681 ξι).

2171 4673 2266 4747 27)
2319 4673 2463 4732 Τότε
2506 4673 2596 4730 καὶ
2652 4678 2816 4749 ἡμεῖς
2881 4673 3318 4749 ἀναστησόμεῃθα,
3348 4715 3361 4727 .
3390 4719 3404 4731 ,
3462 4673 3743 4749 gain-33'?

2002 4730 2047 4795 D
2078 4730 2610 4819 tsemrivuc‘txjcovtut
2645 4730 2771 4817 ,Ποῖ
2803 4730 2814 4738 ’
2843 4746 2936 4818 μὲν
3155 4730 3328 4816 ιδόξαν
3356 4730 3400 4816 ,ί
3432 4745 3487 4819 οἱ
3550 4740 3614 4798 δὲ
3674 4742 3749 4803 εἷς

2085 4821 2322 4893 ἀτιμίαν.
2358 4816 2575 4878 Ultima
2604 4816 2777 4893 verba
2802 4816 3113 4893 desumpta
3143 4825 3377 4893 suntex
3411 4816 3579 4893 _D_an.
3642 4833 3746 4893 xu,

2081 4896 2136 4962 2,
2171 4888 2388 4964 quibus
2420 4893 2571 4947 hanc
2603 4892 2662 4945 in
2688 4906 2810 4944 rem
2845 4888 3291 4964 cilatirsquoque
3313 4889 3372 4943 in
3403 4888 3747 4964 Maurusii!-

2086 4959 2376 5037 lim'super
2402 4965 2794 5037 psatm._xc1u_,
2815 4964 2964 5037 v.,2,
2996 4959 3149 5017 idem
3180 4959 3252 5017 de
3292 4959 3747 5037 resuscitatione

2086 5032 2574 5107 mortuorumper
2605 5032 2879 5107 Messium
2912 5033 3154 5107 docetur
3184 5033 3335 5103 quod
3376 5038 3587 5107 auctor
3649 5046 3747 5084 no-

2086 5113 2206 5163 ster
2230 5103 2605 5162 dixit.Vérba
2635 5104 2714 5159 ibi
2747 5120 2809 5159 se
2855 5103 3074 5159 habent
3123 5107 3464 5172 sequentem
3520 5103 3583 5157 in
3628 5116 3747 5156 mo-

2087 5180 2258 5234 dum:
2294 5202 2322 5229 «
2352 5182 2639 5233 Futurum
2672 5180 2761 5231 est
2791 5178 2856 5248 ut
2886 5176 3045 5231 nasci
3067 5175 3242 5248 faciat
3270 5173 3582 5248 (Messias),
3617 5189 3742 5228 om-

2090 5267 2193 5306 nes
2238 5250 2595 5306 dormientes
2646 5248 2706 5301 in
2755 5245 3009 5317 pulvere.
3066 5246 3222 5302 Dixit
3270 5244 3336 5302 Β.
3388 5244 3739 5317 Nacbmau:

2088 5322 2451 5378 Dormientes
2477 5320 2537 5375 in
2583 5315 2833 5391 pulvere
2865 5322 3007 5391 sunt
3039 5317 3279 5391 mortui,
3326 5318 3481 5373 sicut
3520 5315 3744 5391 dictum

2089 5403 2176 5518 θῗι
2198 5408 2211 5449 :
2236 5394 2316 5518 IEt
2340 5392 2509 5448 multi
2528 5386 2603 5446 de
2621 5389 2712 5445 bis
2736 5387 2838 5460 qui
2865 5388 3238 5445 dormiuntin
3258 5386 3425 5445 terra
3447 5386 3744 5461 pulverea

2090 5480 2121 5518 e
2150 5480 2199 5518 c.
2262 5481 2314 5518 ο.

2090 5468 2199 5520 etc.
2236 5468 2314 5519 Io.

2184 5534 2274 5591 28)
2302 5530 2911 5591 Ταπεινώσεωςᾘοθει.
2949 5528 3029 5585 ID.

2184 5536 2251 5588 28
2302 5536 2911 5591 T1ﬁ£Wd)O’Et0€.D888t.
2950 5536 3029 5585 lD.

2184 5536 2274 5673 29)
2303 5607 2449 5660 Ὅτε,
2483 5601 2623 5659 Τότε
2653 5618 2763 5673 ms.
2808 5600 2969 5673 Trin.
3002 5601 3084 5657 In.

2165 5668 2278 5749 (30)
2312 5675 2694 5744 Ἀπατήσασιν.
2728 5671 3114 5742 Ἀπιστήσασιν
3156 5673 3335 5730 habet
3372 5671 3502 5729 cod.
3563 5668 3741 5725 Oxon.

334 5755 576 5821 sanctus
606 5768 641 5805 a
669 5749 1329 5821 SynagogaJudaeorum
1386 5747 1703 5815 auferatur,
1735 5751 1793 5801 et
1816 5746 1986 5800 detur
2096 5746 2177 5804 ID.

334 5817 606 5873 Ecclesia»
637 5817 932 5891 gentiu'mf
956 5819 1037 5875 In.

2166 5819 2277 5890 (31)
2333 5817 2654 5875 Excidentes
2704 5814 2773 5872 ad
2830 5814 3151 5873 hereditate
3185 5816 3453 5891 filiorum,
3511 5812 3607 5887 qui
3635 5825 3744 5864 non
