4016 6222
232 368 386 427 1161

1116 365 1503 428 EPISTOLA
1548 368 1653 427 AD
1701 366 2184 429 DIOGNETUM.
2222 398 2302 415 —
2341 368 2756 429 PROCEMIA.

3483 371 3639 433 1162

301 497 373 553 Et
404 495 663 569 primum
698 495 935 566 quidem
970 497 1115 552 satis
1135 501 1330 570 aperte
1344 498 1538 570 prodit
1564 497 1880 570 auctor(5),
1913 500 1968 565 Α
1999 501 2097 570 pta
2128 497 2240 570 (11)
2275 515 2288 567 ;
2321 502 2387 554 ut
2425 499 2667 570 proinde
2698 500 3273 572 argumentumillud
3306 503 3462 575 quod
3487 518 3555 558 ex
3573 518 3640 559 eo

227 586 630 659 apostolorum
658 585 980 657 disciplina
1040 603 1166 642 sese
1202 587 1517 656 addixisse,
1561 603 1880 659 eorumque

226 675 520 732 exstitisse
552 672 1263 730 auditorem.’A1roc'co1wv
1286 674 1579 751 γενόμενος
1608 676 1879 749 μαθητὴς,

225 762 448 837 γίνομαι
482 758 1042 823 διδάσκαλοςέθνῶν.‹‹
1066 770 1208 819 Cum
1245 765 1450 820 fuerim
1480 765 1877 837 apostolorum

223 852 653 925 discipulus,in
682 853 946 925 gentium
982 854 1423 919 doctor.»Quod
1458 872 1599 910 sane
1633 872 1745 910 non
1767 853 1879 909 nisi

225 942 545 998 admodum
577 940 898 1013 improprie
928 942 998 998 de
1025 943 1259 998 Justino
1305 943 1438 1014 quis
1471 943 1697 998 dixerit.

297 1030 517 1087 Deinde
547 1030 940 1087 Christianam
1000 1031 1339 1105 religionem
1375 1048 1573 1087 recens
1616 1034 1877 1087 exortam

227 1119 444 1192 saepius
467 1118 722 1175 inculcat
744 1123 940 1176 noster
986 1122 1350 1193 Anonymus.
1386 1120 1701 1193 Alloquens
1722 1120 1879 1176 enim

228 1209 578 1281 Diognetum
639 1208 749 1264 sub
790 1207 1027 1264 initium
1066 1208 1337 1280 Epistolas
1363 1210 1439 1281 (6)
1473 1226 1486 1265 :
1522 1230 1551 1259 «
1591 1209 1770 1265 Video
1801 1213 1879 1277 te,

226 1297 440 1369 inquit,
472 1296 757 1353 acerrimo
790 1296 987 1353 studio
1043 1297 1228 1354 teneri
1277 1297 1564 1366 discendi,
1624 1298 1757 1369 quis
1803 1297 1883 1353 sit

230 1386 464 1441 divinus
519 1384 985 1441 Christianorum
1017 1387 1235 1455 cultus,
1288 1390 1345 1442 et
1375 1402 1481 1441 cur
1526 1402 1740 1442 novum
1771 1385 1881 1442 hoc

230 1490 416 1547 genus
446 1478 547 1529 aut
576 1473 990 1529 institutumin
1003 1475 1488 1529 consuetudinem
1512 1475 1705 1530 venire
1725 1490 1881 1531 nunc

230 1562 488 1634 coeperit,
520 1566 577 1617 et
618 1579 733 1616 non
774 1565 1007 1633 prius...
1044 1585 1071 1611 »
1101 1560 1162 1614 Τί
1213 1558 1277 1628 δή
1325 1582 1457 1615 ποτε
1502 1562 1679 1616 καινὸν
1718 1565 1878 1616 τοῦτο

227 1648 380 1724 γένος
428 1648 463 1716 ἢ
517 1645 853 1720 ἐπιτήδευμα
911 1648 1159 1716 εἶ’σῆλθεν
1208 1648 1282 1710 εἷς
1339 1651 1430 1702 τὸν
1488 1648 1601 1724 βίον
1648 1654 1760 1716 νῦν,
1791 1648 1880 1703 καὶ

232 1737 295 1791 οὐ
330 1736 591 1812 πρότερον
631 1780 643 1794 .
679 1739 757 1792 Ex
789 1755 923 1793 mox
980 1740 1038 1792 in
1073 1740 1337 1794 eamdem
1381 1740 1729 1794 sententiam
1762 1740 1878 1810 (7):

238 1850 257 1876 ι
295 1827 607 1898 Postquam
640 1827 830 1881 factus
863 1826 1063 1893 fueris,
1088 1827 1244 1881 velut
1265 1830 1335 1882 ab
1369 1828 1747 1893 initio,novus
1780 1828 1877 1882 ho-

233 1932 349 1981 mo,
383 1920 579 1985 utpote
611 1916 902 1969 sermonis
928 1916 1081 1982 novi,
1114 1916 1269 1970 sicut
1324 1921 1381 1970 et
1410 1916 1534 1987 ipse
1584 1917 1886 1972 confessus

232 2022 315 2075 es,
332 2004 566 2059 auditor
587 2004 818 2059 futurus
845 2027 866 2056 ι
987 1999 1158 2077 λόγου
1189 2007 1375 2057 καινοῦ
1407 2004 1674 2079 ἀκροατὴς
1699 2002 1891 2075 ἐσόμε-

230 2112 343 2153 νος.
376 2092 802 2163 Nonnullisque
850 2092 1193 2163 interjectis,
1252 2094 1470 2148 clarius
1511 2093 1699 2148 adhuc
1730 2094 1885 2148 idem

233 2181 544 2236 confirmat
566 2180 658 2235 his
687 2181 879 2235 verbis
901 2182 976 2252 (8)
1016 2198 1028 2235 :
1063 2203 1088 2231 (ι
1124 2185 1266 2236 Cum
1298 2182 1587 2253 superiori
1623 2186 1887 2253 tempore

234 2270 390 2325 Deus
421 2285 529 2325 nos
559 2268 924 2339 convicisset,
959 2286 1072 2324 non
1098 2286 1269 2341 posse
1295 2270 1471 2326 vitam
1490 2271 1765 2341 consequi
1784 2288 1885 2325 na-

241 2363 435 2413 turam
469 2363 754 2424 nostram,
788 2375 945 2413 nunc
968 2362 1162 2413 autem
1197 2359 1560 2414 Servatorem
1593 2358 1883 2413 ostendis-

236 2452 349 2516 set,
380 2447 479 2518 qui
510 2463 743 2502 servare
778 2450 976 2517 posset
1005 2462 1073 2500 ea
1122 2447 1298 2501 etiam
1358 2464 1484 2518 qua:
1516 2448 1731 2503 servari
1766 2464 1881 2502 non

234 2539 522 2607 poterant,
553 2538 662 2589 etc.
689 2557 716 2585 »
750 2536 856 2586 Νὖν
885 2533 974 2586 τὸν
1011 2539 1242 2609 Σωτῆρα
1275 2532 1467 2605 δείξας,
1506 2530 1724 2588 δυνατὸν
1773 2534 1880 2587 σώ-

236 2624 342 2689 ζειν
364 2618 549 2674 καίτὰ
603 2618 854 2689 ἀδύνατα,
911 2642 962 2676 κ.
1021 2642 1071 2677 τ.
1125 2620 1179 2679 λ.
1240 2625 1309 2678 Et
1356 2623 1530 2695 paulo
1582 2628 1713 2696 post
1756 2626 1878 2696 (6):

236 2732 262 2760 «
297 2711 396 2766 Hic
449 2711 549 2783 qui
572 2728 822 2783 semper,
880 2711 1052 2767 hodie
1085 2712 1263 2768 Filius
1293 2712 1546 2781 habitus,
1584 2730 1687 2785 per
1706 2730 1880 2785 quem

228 2797 484 2855 Ecclesia
532 2800 770 2855 ditatur.
810 2820 837 2852 η
874 2798 1047 2861 Οὗτος
1098 2800 1125 2853 ὁ
1173 2799 1276 2871 ἀεὶ,
1322 2801 1559 2875 σήμερον
1610 2800 1731 2862 Υἱὸς
1784 2798 1879 2855 λο-

227 2886 452 2960 γισθείς·
485 2883 555 2940 δι’
586 2887 648 2941 οὗ
680 2886 1024 2957 πλουτίζεται
1056 2890 1091 2957 ἠ
1124 2888 1443 2959 Ἐκκλησία.
1477 2892 1609 2955 Qum
1641 2892 1878 2961 quidem

227 2976 423 3032 omnia
454 2978 563 3031 rite
593 2994 900 3049 perpensa,
936 2978 1088 3034 aetati
1118 2978 1338 3034 Justini
1370 2981 1659 3051 quadrare
1688 2979 1780 3034 vix
1814 2996 1880 3035 ac

231 3082 301 3121 ne
330 3066 424 3120 vix
456 3065 691 3137 quidem
723 3068 1070 3138 putaverim.

302 3154 450 3218 Quid
482 3154 886 3227 quod,templo
906 3155 1431 3228 Hierosolymitano
1455 3157 1646 3212 adhuc
1664 3161 1874 3213 stante.

1990 586 2351 643 Clementino
2384 586 2507 643 loco
2538 588 2609 643 ad
2642 588 2922 659 temporis
2953 589 3313 645 notationem
3355 590 3636 647 deﬁnien-

1988 676 2124 731 dam
2152 675 2421 748 superius
2453 676 2715 731 eruimus
2747 676 3041 749 (l2),idem
3072 695 3326 751 quoque,
3349 680 3418 734 ad
3454 678 3637 735 nostri

1988 764 2271 837 Anonymi
2308 768 2532 819 atatem
2566 765 2718 835 quod
2752 765 3313 839 attinet,urgendum
3336 767 3634 823 videatur:

1990 854 2247 924 adeoque
2269 852 2458 925 ipsius
2490 852 2752 926 Epistola
2782 858 2846 908 ut
2866 856 3115 910 maxime
3137 855 3348 912 Christi
3371 873 3524 912 anno
3545 857 3634 924 69,

1988 940 2291 1014 illiganda,
2350 947 2451 997 aut
2499 942 2660 997 ocius
2718 943 2893 999 etiam
2956 944 3223 1015 fortasse,
3257 946 3411 1017 quod
3447 944 3638 1020 magis

1988 1030 2196 1103 placet,
2229 1035 2291 1085 ut
2322 1046 2391 1086 ex
2424 1047 2557 1085 mox
2585 1030 2847 1087 dicendis
2875 1036 3242 1104 compertum
3269 1032 3385 1089 fiet.

2058 1119 2231 1174 Aliud
2264 1119 2524 1193 insuper,
2548 1124 2604 1175 et
2661 1137 2786 1176 meo
2820 1121 3053 1193 quidem
3089 1122 3309 1190 animo,
3340 1122 3497 1179 haud
3517 1123 3640 1180 leve

1987 1207 2269 1264 indicium
2302 1210 2561 1281 suppetit
2590 1226 2657 1264 ex
2689 1210 2890 1264 eadem
2914 1210 3195 1282 Epistola,
3228 1211 3447 1267 nemini
3480 1211 3637 1284 quod

1988 1298 2169 1355 sciam
2203 1298 2486 1354 hactenus
2518 1298 3137 1370 animadversum,quo
3160 1300 3636 1372 conjecturapro—

1989 1388 2177 1461 posita
2207 1388 2277 1442 de
2324 1386 2513 1459 ipsius
2545 1391 2784 1442 auctore
2812 1387 2934 1441 viro
2965 1386 3283 1459 apostolico
3314 1389 3502 1460 magis
3521 1405 3640 1445 ma-

1989 1477 2196 1550 gisque
2227 1475 2674 1531 astruitur.Belli
2707 1475 2983 1530 nimirum
3015 1476 3167 1548 quod
3190 1480 3329 1531 tunc
3358 1478 3639 1549 temporis

1988 1564 2171 1622 Judaei
2197 1564 2373 1621 simul
2403 1568 2460 1620 et
2515 1562 2696 1621 Graeci
2736 1564 3013 1620 adversus
3073 1564 3436 1621 Christianos
3477 1582 3639 1637 gere-

1988 1654 2149 1720 bant,
2184 1653 2452 1708 meminit
2482 1657 2679 1707 noster
2712 1655 3048 1725 Anonymus
3079 1652 3239 1709 hisce
3271 1654 3465 1709 verbis
3487 1654 3637 1725 (13):

1989 1739 2118 1795 Ὑπὸ
2166 1738 2441 1795 Ἰουδαίων
2494 1739 2570 1801 ὠς
2620 1737 2927 1816 ἀλλόφυλοι
2980 1737 3371 1813 πολεμοῦνται,
3402 1740 3491 1795 καὶ
3539 1741 3642 1796 ὑπὸ

1992 1828 2275 1899 Ἐλλήνων
2311 1827 2619 1882 διώκονται·
2655 1827 2744 1881 καὶ
2765 1829 2863 1896 τὴν
2894 1826 3067 1881 αἰτίαν
3100 1834 3203 1896 τῆς
3241 1826 3442 1904 ἔχθρας
3474 1827 3641 1884 εἷ’πιῖν

1999 1918 2050 1971 ot
2086 1921 2364 1989 μισοῦντες
2396 1916 2494 1970 οὐκ
2523 1914 2763 1991 ἔχουσιν.
2800 1939 2827 1966 κ
2881 1918 3177 1971 Adversus
3218 1933 3316 1972 eos
3348 1918 3644 1983 (Christia-

1998 2007 2128 2077 nos)
2160 2012 2443 2076 tanquam
2467 2005 2825 2076 alienigenas
2854 2005 3041 2059 Judaei
3078 2004 3296 2059 bellum
3320 2010 3552 2078 gerunt,
3586 2012 3644 2063 et

1995 2096 2173 2150 Graeci
2206 2112 2304 2149 eos
2335 2097 2799 2165 persequuntur:
2834 2099 2892 2148 et
2921 2109 3119 2149 osores
3168 2110 3369 2149 eorum
3402 2110 3639 2150 causam

1995 2184 2441 2239 inimicitiarum
2472 2182 2663 2237 dicere
2692 2187 3011 2253 nequeunt.
3047 2204 3074 2231 »
3107 2183 3433 2254 Paucisque
3463 2183 3640 2239 inter-

1995 2274 2203 2344 positis
2224 2274 2368 2343 (14);
2410 2268 2555 2344 (Οὐχ
2580 2270 2731 2345 ὁρᾷς)
2752 2264 3275 2343 παραϐαλλομένους
3306 2267 3642 2346 Θηρίοις,⁹(να

1993 2361 2331 2435 ἀρνήσωνται
2378 2359 2468 2413 τὸν
2520 2358 2740 2433 Κύριον,
2795 2356 2883 2411 καὶ
2956 2358 3029 2429 μή
3098 2358 3471 2430 νικωμένουςς
3522 2357 3635 2432 Οὐγ

1994 2449 2144 2523 ὁρᾷς,
2179 2447 2291 2519 ὅσῳ
2316 2445 2560 2507 πλείονες
2589 2444 2935 2515 κολάζοντες,
2968 2444 3213 2517 τοσούτῳ
3243 2443 3642 2514 πλεονάζοντας

1993 2534 2196 2597 ἄλλους
2222 2555 2234 2591 :
2273 2558 2300 2587 ‹‹
2333 2537 2455 2593 Non
2471 2536 2632 2591 vides
2658 2535 2916 2605 objectos
2934 2534 3071 2589 feris
3097 2540 3193 2601 ;ut
3222 2535 3512 2606 abnegent
3527 2535 3641 2591 Do-

1993 2627 2243 2693 minum,
2268 2631 2326 2680 et
2356 2642 2471 2680 non
2518 2624 2669 2678 vinci
2704 2624 2731 2678 Ὺ
2760 2623 2886 2678 Non
2932 2623 3084 2689 vide,
3143 2639 3259 2693 quo
3308 2623 3506 2694 plures
3538 2624 3642 2696 qui

1992 2714 2294 2787 suppliciis
2307 2710 2590 2779 afﬁciunt,
2609 2728 2675 2767 eo
2694 2712 2977 2781 majorem
3009 2710 3259 2766 aliorum
3290 2728 3419 2767 esse
3435 2728 3643 2768 nume-

1991 2821 2122 2858 rum
2149 2808 2171 2859 ?
2204 2826 2231 2853 »
2266 2803 2489 2866 Quibus
2520 2803 2577 2855 in
2607 2799 2799 2855 verbis
2829 2800 2945 2854 duo
2983 2800 3358 2871 potissimum
3384 2800 3644 2858 notanda

1990 2894 2335 2963 putaverim.
2372 2893 2440 2946 Et
2493 2890 2749 2961 primum
2783 2888 3017 2960 quidem
3049 2886 3310 2960 loquitur
3340 2893 3543 2945 auctor
3570 2890 3642 2945 de

1990 2980 2333 3035 Christianis
2381 2978 2677 3050 exjudaeis,
2728 2978 2851 3033 sive
2909 2978 2982 3031 de
3045 2976 3118 3032 iis
3176 2976 3275 3049 qui
3327 2983 3640 3049 postquam

1990 3070 2267 3125 exiissent
2302 3070 2374 3123 ad
2406 3070 2604 3123 Jesum
2627 3071 2788 3121 extra
2817 3070 3029 3132 castra,
3059 3064 3481 3137 improperium
3509 3067 3639 3137 ejus

1990 3158 2322 3230 portabant,
2358 3161 2423 3211 ut
2452 3155 2652 3227 phrasi
2685 3160 2819 3219 utar
2846 3152 3129 3209 Paulina‘
3158 3170 3170 3209 :
3197 3160 3447 3209 testatur
3474 3171 3642 3210 nam-

230 3243 382 3299 hanc
414 3243 487 3298 ab
511 3260 572 3299 se
602 3243 879 3316 scriptam
902 3244 1219 3316 Epistolam
1236 3250 1437 3301 auctor
1454 3246 1611 3301 haud
1630 3246 1878 3302 obscure
1909 3234 1951 3301 C
1991 3262 2125 3319 que,
2169 3246 2445 3300 adversus
2495 3261 2594 3299 eos
2652 3249 2937 3314 tanquam
2985 3243 3326 3311 alienigenas
3372 3242 3635 3300 aludavia

234 3331 535 3387 declarat?
557 3336 634 3387 De
663 3332 881 3387 Judaeis
914 3349 1171 3404 namque
1204 3334 1377 3389 verba
1408 3334 1883 3406 faciens,eosque

239 3436 374 3476 cum
404 3420 653 3475 ethnicis
665 3422 966 3477 conferens
979 3421 1539 3487 etChristianis,hac
1560 3422 1880 3495 habet(lO):

233 3531 262 3558 ‹‹
289 3508 569 3564 Judaei....
605 3509 704 3579 qui
738 3526 840 3581 per
870 3510 1220 3582 sanguinem
1247 3516 1302 3566 et
1333 3512 1593 3567 nidorem
1630 3518 1686 3567 et
1718 3511 1881 3567 holo-

230 3603 452 3664 causta,
486 3598 673 3653 facere
730 3613 792 3653 se
831 3602 942 3653 Deo
970 3598 1256 3654 sacriﬁcia
1296 3604 1522 3671 putant,
1556 3600 1698 3654 nihil
1735 3600 1879 3655 mihi

229 3686 458 3741 differre
501 3686 774 3741 videntur
801 3687 875 3742 ab
906 3686 1000 3754 iis,
1035 3687 1135 3759 qui
1167 3704 1344 3743 sensu
1378 3690 1635 3744 carentia
1674 3690 1877 3744 eodem

226 3774 446 3830 honore
472 3775 733 3831 studiose
765 3780 1260 3848 prosequuntur.»
1281 3777 1623 3849 Subditque
1654 3776 1873 3833 statim:

227 3884 256 3913 «
285 3864 358 3918 At
385 3879 588 3918 eorum
620 3863 776 3918 circa
806 3864 969 3919 cibos
1019 3864 1426 3920 meticulosam
1459 3866 1789 3920 cautionem
1822 3870 1878 3921 et

224 3952 699 4023 superstitionem
733 3952 885 4008 circa
927 3954 1265 4021 Sabbata,ct
1285 3955 1631 4024 jactantiam
1665 3955 1735 4010 de
1767 3955 1872 4009 cir-

222 4040 605 4105 cumcisione,
639 4045 695 4095 et
727 4058 852 4112 quas
888 4043 957 4096 de
980 4042 1210 4113 jejunio
1243 4060 1309 4099 ac
1339 4043 1655 4098 noviluniis
1687 4045 1871 4098 simu-

223 4128 367 4195 lant,
401 4145 531 4199 qua:
564 4128 812 4184 ridicula
840 4135 977 4185 sunt
1008 4136 1063 4185 et
1111 4130 1297 4186 relatu
1333 4132 1592 4205 indigna,
1624 4137 1677 4188 te
1718 4150 1752 4187 a
1782 4148 1874 4187 me

231 4218 455 4273 discere
485 4234 723 4274 necesse
758 4218 971 4275 habere
1010 4236 1123 4275 non
1183 4220 1451 4277 arbitror.
1482 4243 1509 4271 »
1543 4221 1673 4276 Mox
1701 4238 1872 4277 vero:

226 4330 257 4357 «
293 4306 601 4362 Communi
632 4307 1365 4381 igitur(gentium)vanitate
1395 4310 1878 4383 etimpostura,et

226 4394 563 4451 Judaeorum
593 4395 933 4452 curiositate
980 4401 1154 4468 atque
1191 4398 1495 4468 jactantia,
1546 4399 1682 4469 jure
1710 4399 1875 4455 Chri-

228 4483 449 4539 stianos
506 4484 821 4555 abstinere,
854 4489 912 4540 te
963 4486 1196 4541 abunde
1235 4485 1510 4541 didicisse
1540 4486 1809 4542 arbitror.
1843 4508 1872 4535 »

1991 3335 2209 3390 bellum
2244 3335 2387 3406 geri.
2419 3333 2669 3398 Scilicet,
2701 3332 2919 3403 inquit,
2946 3331 3043 3401 qui
3073 3332 3441 3403 exagitantur
3469 3330 3634 3386 Chri-

1992 3424 2186 3487 stiani,
2220 3425 2433 3478 Hebraei
2486 3426 2634 3490 sunt,
2672 3422 2941 3476 Israelita?
2984 3428 3131 3485 sunt,
3182 3434 3361 3474 semen
3402 3420 3638 3477 Abram

1989 3519 2119 3567 sunt
2158 3512 2201 3579 ³,
2234 3512 2554 3581 eodemque
2584 3508 2869 3580 sanguine
2883 3507 2993 3563 sati
3012 3524 3128 3578 quo
3142 3513 3199 3562 et
3218 3523 3421 3562 eorum
3439 3522 3637 3578 perse-

1990 3604 2222 3656 cutores
2250 3599 2435 3654 Judaei
2462 3615 2475 3665 ;
2509 3598 2607 3668 qui
2638 3602 2833 3651 tamen
2859 3612 2958 3651 eos
2989 3595 3357 3650 insectantur
3387 3610 3453 3650 ac
3484 3594 3637 3651 bello

1986 3686 2551 3757 lacessunt,perinde
2568 3702 2632 3739 ac
2647 3685 2694 3739 si
2710 3686 3059 3753 alienigenae,
3079 3681 3635 3759 d116qau1oz,essent,

1988 3778 2053 3831 Et
2077 3777 2186 3831 hoc
2217 3792 2357 3831 sane
2382 3791 2559 3829 sensu
2590 3772 2752 3828 illam
2775 3773 3033 3828 auctoris
3070 3772 3252 3828 nostri
3284 3772 3637 3827 sententiam

1986 3882 2113 3921 esse
2145 3864 2840 3935 accipiendam,nemo,ut
2867 3861 3139 3932 equidem
3171 3860 3636 3931 opinor,inficias

1984 3953 2394 4023 ierit.Hicjam
2429 3967 2644 4021 quaero,
2672 3950 2812 4021 quid
2847 3949 3005 4004 aliud
3040 3949 3112 4003 iis
3148 3948 3339 4004 verbis
3370 3947 3636 4004 innuisse

1985 4043 2284 4114 putandus
2342 4046 2537 4095 noster
2580 4047 2943 4110 Anonymus,
2996 4042 3382 4109 praeterquam
3428 4037 3634 4092 turbas

1982 4131 2115 4186 illas
2141 4147 2205 4186 ac
2246 4130 2562 4185 seditiones
2616 4145 2763 4199 quas
2807 4128 2878 4181 ab
2936 4125 3203 4181 Ecclesia:
3259 4125 3633 4181 incunabulis

1986 4221 2266 4275 adversus
2300 4217 2501 4273 ﬁdeles
2517 4233 2585 4272 ex
2598 4214 3042 4271 circumcisione
3072 4214 3306 4270 ciebant
3333 4214 3634 4269 incessan-

1982 4314 2072 4363 ter
2097 4307 2285 4363 Judaei
2346 4305 2845 4377 quemadmodum
2877 4310 3003 4358 tum
3053 4318 3122 4358 ex
3148 4304 3308 4358 Actis
3334 4301 3636 4374 apostolo-

1985 4413 2116 4452 rum
2147 4395 2368 4467 passim
2399 4395 2442 4460 ³,
2473 4399 2596 4449 tum
2627 4410 2694 4448 ex
2720 4390 3067 4464 Apocalypsi
3097 4393 3120 4425 ‘
3146 4391 3320 4463 plane
3349 4396 3588 4447 constat
3616 4408 3631 4460 ;

1983 4502 2132 4559 quas
2161 4484 2301 4539 item
2357 4482 2631 4553 deinceps
2662 4496 3085 4551 nonnunquam
3117 4480 3399 4535 excitasse
3442 4479 3637 4550 perhi-

223 4567 551 4627 Ἰουδαῖοι...
610 4571 998 4647 ἀπέχονται....
1059 4571 1357 4645 ἀξιοῦσι....
1416 4574 1515 4641 τήν
1585 4572 1871 4647 θρησκείαν

1990 4577 2288 4639 bentur,ut
2317 4589 2387 4627 ex
2418 4570 2673 4626 Ecclesia
2702 4569 3076 4639 Smyrnensis
3105 4566 3354 4639 epistola
3379 4567 3439 4621 in
3475 4568 3635 4638 prin-

221 4655 556 4733 προσάγουσι
619 4663 699 4731 τῷ
747 4664 860 4732 Θεῷ
918 4659 1186 4732 ταύτην...
1241 4657 1731 4736 διαμαρτάνουσι...
1784 4660 1875 4717 δο-

222 4749 397 4801 κοῦσι.
433 4747 632 4803 Viden’
665 4748 758 4803 hic
788 4750 986 4804 omnia
1032 4751 1113 4806 ita
1166 4750 1377 4822 eti'erri,
1411 4756 1478 4806 ut
1519 4768 1584 4807 eo
1616 4758 1877 4825 tempore

225 4852 339 4908 quo
370 4837 661 4894 scribebat
703 4840 1067 4911 Anonymus,
1125 4843 1322 4896 cultus
1368 4840 1653 4897 Judaicus
1684 4842 1877 4898 adhuc

220 4923 478 4996 viguisse
510 4926 833 4996 oportuerit
868 4927 895 4981 ?
930 4928 1209 4999 Loquitur
1238 4928 1394 4984 enim
1427 4928 1583 4984 haud
1618 4946 1787 4986 secus
1810 4947 1877 4986 ao

223 5011 488 5068 Clemens
516 5014 817 5070 Romanus
876 5016 932 5069 in
964 5016 1223 5088 Epistola
1254 5017 1273 5071 Ι
1306 5017 1623 5073 Corinthiis
1667 5019 1878 5075 inscri-

1986 4664 2101 4720 mis
2133 4662 2320 4734 liquet
2350 4660 2462 4732 (15)
2484 4658 2511 4711 ‘l
2542 4656 3344 4729 HarumigiturJudaicarum
3368 4670 3639 4726 persecu-

1986 4755 2212 4809 tionum
2244 4747 2517 4815 αὐτόπτης
2566 4746 2815 4816 scriptor
2878 4744 3126 4816 ipsemet
3156 4742 3535 4815 apostolicus,
3569 4758 3637 4797 ea

1984 4842 2197 4897 litteris
2227 4835 2592 4908 consignavit
2621 4851 2745 4904 quas
2796 4834 2969 4887 modo
3002 4832 3314 4888 retulimus
3341 4850 3355 4901 ;
3388 4847 3636 4904 qumque

1986 4930 2230 5004 proinde
2260 4925 2417 4982 haud
2448 4923 2721 4996 equidem
2753 4921 3146 4994 intelligoqua
3175 4920 3399 4977 ratione
3415 4918 3635 4977 Justini

1985 5017 2351 5090 temporibus
2383 5011 2568 5086 aptari
2602 5012 2847 5083 possint.

298 5118 523 5199 "Hebr.
550 5135 684 5199 3m,
718 5120 806 5175 13.
868 5121 889 5155 ³
920 5123 970 5177 ΙΙ
1010 5125 1115 5177 Cor
1134 5138 1211 5194 ιιι,
1261 5122 1351 5178 22.
1411 5122 1432 5156 ³
1475 5124 1602 5179 Act.
1636 5139 1758 5193 xm,
1790 5126 1861 5181 50
1892 5174 1897 5199 ,

1990 5145 2057 5199 ιν,
2086 5125 2123 5179 2
2156 5142 2170 5193 ;
2202 5138 2363 5189 xvm,
2394 5120 2499 5189 12;
2530 5134 2648 5187 xxx,
2681 5134 2819 5187 χχιι,
2850 5121 3011 5185 xxiii,
3050 5133 3202 5186 xxiv,
3251 5132 3377 5172 xxv.
3400 5115 3424 5151 ‘
3450 5119 3634 5186 Apoc.

223 5206 289 5258 ιι,
312 5190 395 5257 9;
432 5207 517 5255 ιιι,
548 5191 603 5245 9.

354 5313 585 5457 gAnon.
616 5314 785 5385 Epist.
819 5316 888 5374 ad
914 5319 1186 5391 Diognet.,
1222 5335 1351 5392 cap.
1396 5319 1481 5374 11.

399 5385 574 5457 lbzd.,
606 5401 733 5457 cap.
768 5389 821 5443 1.

398 5314 585 5369 Anon.
616 5314 785 5385 Epist.
819 5350 821 5371 ι

315 5314 371 5457 6i
399 5385 574 5467 lbid.,
606 5401 733 5459 cap.
768 5389 821 5443 1.

290 5314 373 5744 iis
403 5455 566 5584 lit-il?
586 5473 715 5602 eg-
747 5461 802 5585 ξ-

315 5600 372 5667 9)
405 5570 579 5686 Ibid;
610 5572 742 5675 cap.
775 5572 821 5660 ἐς

320 5671 409 5744 10)
439 5670 601 5743 Ιὺιὰ.,
635 5689 805 5744 capp.

316 5529 350 5583 8

354 5455 373 5531 )
404 5455 566 5531 (οἱα...
586 5455 715 5531 cap.
747 5461 802 5515 2.

356 5529 372 5599 )
403 5527 572 5602 πρίει,
591 5527 723 5602 cap.
748 5531 805 5585 9.

315 5599 579 5675 Qithit!”
610 5599 742 5675 cap.
775 5603 866 5660 11.

231 5741 245 5755 l
295 5670 409 5745 (10)
439 5670 575 5739 Ibid.
588 5714 601 5743 ,
635 5670 805 5747 capp.
838 5675 872 5732 3
893 5679 951 5733 et
972 5675 1023 5732 4.

548 5798 815 5866 Panos.
862 5803 973 5867 Gn.
1023 5804 1101 5869 II.

2090 5322 2178 5388 tl)
2210 5317 2390 5374 Clem.
2422 5315 2607 5385 Epist.
2639 5314 2667 5370 Ι
2691 5312 2767 5388 ad
2783 5312 2933 5388 Cor.,
2966 5330 3092 5387 cap.
3124 5330 3240 5370 xu.

2087 5385 2174 5458 12)
2208 5389 2551 5458 Prolegom.,
2586 5385 2800 5458 cap.1,
2832 5386 2942 5454 §9.

2087 5402 2154 5447 ω
2208 5402 2551 5469 Protegom,
2586 5402 2651 5441 ca
2702 5426 2714 5439 .
2749 5402 2800 5468 ι,
2832 5402 2861 5454 9
2887 5402 2942 5440 υ.

2085 5402 2174 5530 13)
2195 5464 2381 5516 Αιιοιι.
2415 5460 2587 5530 Epist.
2612 5402 2976 5528 αὲυιοσηειη
3008 5473 3134 5529 cap.
3164 5458 3221 5512 6.

2088 5529 2177 5601 14)
2207 5532 2365 5601 lbid.,
2402 5529 2528 5601 cap.
2559 5529 2615 5583 7.

2552 5618 2611 5657 n.
2644 5601 2817 5672 Epist.
2848 5598 2915 5655 de
2936 5600 2994 5656 S.
3040 5598 3332 5671 Polycarp.
3372 5598 3639 5666 martyr.,

2061 5325 2082 5678 Ξ

2086 5602 2174 5673 15)
2208 5602 2358 5659 Eccl.
2381 5602 2549 5673 Smyr

1992 5674 2114 5751 cap.
2146 5674 2233 5746 12,
2270 5675 2356 5742 13,
2392 5674 2479 5731 17.

3242 5796 3314 5864 3Ἰ
