4016 6222
386 355 543 414 1163

1548 347 1759 409 ANON
1775 346 1911 408 le
1967 344 2120 408 VlRI
2166 344 2627 407 APOS’I‘OLICI

3642 351 3804 410 1164

453 486 715 539 Alterum
773 500 904 539 vero
928 482 1160 538 duobus
1210 484 1270 537 in
1302 481 1445 538 locis
1493 481 1686 537 allatis
1722 484 1924 535 notatu
1958 478 2041 533 di-
2070 480 2117 546 Α
2154 478 2728 533 attribui.Enimvero
2750 482 2882 550 post
2902 478 3126 535 divinos
3156 479 3494 551 scriptores,
3518 497 3553 535 a
3577 482 3805 552 quibus

387 591 568 647 gnum
584 574 727 629 illud
747 573 1183 643 occurrit,quod
1208 572 1410 627 eodem
1428 578 1686 641 tempore
1703 586 1815 640 quo
1828 569 1856 624 J
1869 568 2034 638 udzei,

390 663 568 719 Graeci
627 678 857 732 quoque
914 662 1195 716 adversus
1252 660 1611 716 Christianos
1643 659 2033 730 pugnabant;

391 768 539 823 quos
569 756 627 805 et
653 753 790 821 feri:
820 751 1049 821 objecta:
1080 751 1292 804 asserit
1321 749 1590 819 Epistolas
1632 754 1853 812 auctor,
1885 750 1942 801 et
1978 760 2037 800 eo

390 845 661 911 majorem
689 840 916 895 illorum
943 855 1055 893 esse
1082 855 1380 893 numerum
1405 836 1763 907 pronuntiat,
1783 850 1885 905 quo
1912 835 2038 905 plu-

388 946 476 985 res
496 931 593 1000 qui
616 944 703 985 eos
731 928 1018 998 suppliciis
1049 928 1324 997 afﬁciunt.
1387 925 1601 995 Ecquis
1644 941 1812 995 porro
1845 939 2037 994 perse-

391 1019 681 1073 cutionem
715 1016 1107 1071 Neronianam
1164 1016 1256 1069 his
1311 1014 1744 1069 characteribus
1775 1010 2039 1083 apprime

389 1106 755 1179 designatum
789 1121 901 1160 non
915 1105 1107 1159 videat
1126 1103 1153 1158 ?
1175 1104 1439 1157 Primum
1455 1102 1746 1173 siquidem
1771 1101 2039 1155 eamdem

388 1195 850 1268 persecutionem
911 1192 1226 1263 respiciens
1265 1192 1528 1256 Hermas,
1590 1190 1839 1260 scriptor
1895 1189 2041 1243 alter

389 1282 743 1357 apostolicus
774 1283 1094 1353 eademque
1132 1283 1481 1351 tempestate
1509 1279 1721 1333 ﬂorens
1752 1295 1869 1348 qua
1900 1277 2039 1331 scri-

390 1374 580 1445 psisse
611 1375 877 1428 censetur
896 1375 1094 1425 noster
1115 1372 1552 1441 Anonymus,ut
1567 1368 1838 1438 superius
1851 1369 2039 1419 osten-

392 1463 589 1517 dimus
620 1463 759 1532 (16),
792 1476 990 1515 eorum
1028 1457 1294 1513 meminit
1326 1458 1438 1529 (17)
1458 1459 1552 1526 qui
1572 1457 1692 1527 jam
1716 1463 2041 1509 meruerunt

392 1551 646 1619 Deum,et
673 1549 825 1620 passi
850 1551 980 1602 sunt
1009 1562 1181 1600 causa
1208 1547 1448 1600 nominis
1486 1545 1603 1615 ejus
1625 1544 1776 1597 feras
1796 1542 2037 1612 bestias,

391 1639 634 1711 ﬂagella,
667 1652 925 1703 carceres,
979 1650 1184 1690 cruces.
1249 1634 1461 1687 Deinde
1492 1650 1560 1687 ex
1617 1632 1811 1686 Tacito
1842 1630 2038 1685 erudi-

394 1744 530 1782 mur
559 1726 691 1796 (18),
727 1724 1067 1796 religionem
1128 1722 1517 1777 Christianam
1553 1722 1662 1775 sub
1690 1720 1891 1774 eodem
1923 1719 2037 1774 Ne-

392 1831 531 1871 rone
562 1831 675 1885 quo
700 1813 887 1884 magis
908 1817 1192 1881 vexatam,
1226 1827 1291 1865 eo
1316 1811 1540 1879 majora
1586 1810 1645 1862 in
1686 1809 1810 1862 dies
1847 1808 2037 1861 incre-

392 1909 589 1958 menta
619 1902 861 1974 cepisse.
894 1904 1169 1970 Repressa,
1203 1900 1414 1969 inquit,
1464 1900 1523 1952 in
1571 1914 1807 1969 praesens
1828 1899 2037 1951 exilia-

390 1993 514 2046 bilis
554 1993 891 2063 superstitio,
941 2005 1136 2043 rursus
1191 1988 1525 2057 erumpebat,
1583 2003 1691 2039 non
1751 1984 1905 2039 modo
1940 1999 2040 2054 per

383 2081 635 2138 Judaeum
653 2081 925 2150 originem
957 2078 1125 2148 hujus
1153 2078 1310 2143 mali,
1341 2075 1437 2129 sed
1488 2091 1587 2145 per
1620 2076 1814 2131 Urbem
1844 2074 2035 2141 etiam,

381 2186 485 2241 quo
533 2177 733 2224 cuncta
762 2168 1005 2238 undique
1058 2165 1264 2219 atrocia
1314 2168 1413 2218 aut
1458 2162 1719 2234 pudenda
1750 2163 2038 2231 conﬂuunt

380 2258 832 2328 celebranturque
862 2274 878 2310 :
912 2260 975 2309 ut
997 2255 1239 2325 proinde
1263 2253 1495 2307 locutus
1522 2268 1650 2306 esse
1680 2253 1751 2305 de
1786 2250 1885 2304 illa
1908 2251 2036 2321 ipsa

384 2346 786 2418 persecutione
838 2346 971 2415 jure
1001 2360 1067 2398 ac
1099 2342 1304 2397 merito
1362 2340 1730 2395 existimetur
1764 2338 2032 2409 Epistolas

384 2440 606 2492 auctor.

456 2543 557 2597 His
581 2543 816 2597 demum
842 2540 1066 2595 accedit
1095 2537 1356 2608 ejusdem
1377 2535 1646 2607 Epistolis
1662 2533 2030 2606 stylus,mul-

383 2636 441 2686 to
470 2630 730 2686 floridior
759 2646 825 2684 eo
857 2633 914 2684 et
943 2627 1280 2698 elegantior,
1316 2641 1431 2696 quo
1462 2625 1521 2681 S.
1556 2627 1777 2694 martyr
1816 2625 1871 2676 in
1906 2622 2031 2676 suis

383 2722 663 2790 quotquot
705 2718 1197 2773 circumferuntur
1253 2712 1497 2768 sinceris
1557 2712 1831 2783 operibus
1887 2727 2030 2766 usus

382 2807 757 2879 comperitur.
794 2812 869 2861 De
898 2804 1048 2877 stle
1077 2802 1363 2875 siquidem
1387 2801 1610 2857 Justini
1642 2817 1913 2855 summus
1928 2800 2032 2854 cri-

379 2896 531 2950 ticus
570 2896 810 2951 Photius
841 2896 920 2950 ita
963 2892 1190 2948 censuit
1225 2892 1371 2963 (19):
1415 2890 1758 2962 Ῥητορικαῖς
1810 2887 2030 2961 τέχναις

378 2981 476 3036 οὐκ
506 2978 631 3058 ἔσχε
666 2978 906 3048 σπουδὴν
959 2980 1263 3053 ἐπιχρῶσαι
1308 2978 1370 3030 τὸ
1419 2972 1652 3051 ἔμφυτον
1703 2974 1872 3029 αὐτοῦ
1926 2981 2029 3043 τῆς

378 3071 702 3149 φιλοσοφίας
720 3068 1057 3131 κάλλος.Διὸ
1087 3070 1176 3121 καί
1204 3067 1254 3120 οἱ
1287 3064 1446 3138 λόγοι
1479 3064 1642 3118 αὐτοῦ
1668 3062 1855 3125 ἄλλως
1879 3060 2029 3124 ὄντες

382 3159 618 3229 δυνατοὶ,
650 3159 739 3214 καὶ
769 3159 832 3214 τὸ
864 3157 1285 3230 ἐπιστημονικὸν
1320 3152 1695 3222 διασώζοντες,
1729 3157 1837 3207 τῶν
1887 3152 2027 3207 ἐκεῖ·

382 3252 501 3305 σθεν
559 3249 659 3305 οὐκ
715 3248 844 3304 εἰσὶν
905 3247 1296 3315 ἀποστάζοντες
1358 3241 1709 3316 ἡδυσμάτων,
1769 3238 1893 3295 οὐδὲ
1953 3244 2032 3313 τῷ

386 3339 655 3415 ἐπαγωγῷ
692 3339 781 3393 καὶ
829 3336 1133 3408 Θελκτηρίῳ
1178 3334 1306 3395 τοὺς
1372 3330 1617 3393 πολλοὺς
1684 3335 1789 3384 τῶν
1840 3329 2036 3405 ἀκροα-

387 3434 494 3484 τῶν
524 3427 897 3506 ἐφελκόμενοι.
935 3450 963 3477 ‹‹
999 3425 1303 3481 Rethorico
1341 3422 1607 3493 artificio,
1642 3422 1858 3492 inquit,
1890 3420 2036 3476 nati-

388 3536 516 3575 vam
536 3518 915 3590 philosophize
945 3532 1063 3569 suae
1086 3510 1587 3584 pulchritudinem
1607 3509 1863 3565 colorare
1886 3507 2033 3564 nihil

390 3609 553 3680 pensi
583 3606 805 3663 habuit.
839 3604 1225 3669 Quamobrem
1247 3600 1423 3656 etiam
1441 3601 1569 3670 ejus
1595 3597 2031 3670 oratio,pollens

389 3697 610 3769 alioqui
633 3712 699 3751 ac
718 3694 927 3760 valida,
974 3691 1478 3759 scientiﬁcumque
1512 3704 1749 3743 servans
1785 3686 2029 3760 stylum,

388 3786 675 3841 rhetorica
704 3782 804 3838 illa
835 3782 1207 3837 condimenta
1228 3794 1340 3833 non
1374 3777 1577 3849 spirat,
1608 3791 1712 3830 nec
1746 3774 2030 3830 illecebris

382 3878 440 3930 et
468 3872 888 3930 blandimentis
918 3868 1126 3940 vulgus
1159 3866 1493 3922 auditorum
1515 3863 1776 3919 attrahit.
1806 3885 1832 3911 ››
1865 3862 2027 3929 Quod

381 3982 521 4021 sane
552 3964 843 4036 judicium
872 3964 919 4015 si
956 3958 1089 4030 quis
1121 3960 1381 4011 conferre
1410 3954 1547 4008 velit
1584 3969 1717 4007 cum
1752 3952 1850 4005 illa
1882 3969 2026 4023 prae-

379 4054 555 4108 stanti
590 4051 914 4106 elocutione
945 4064 1063 4119 qua
1083 4047 1267 4100 utitur
1287 4050 1491 4099 auctor
1520 4041 2024 4113 Epistolae,quam-

374 4142 461 4196 vis
495 4144 739 4196 fortasse
770 4139 992 4208 reliqua
1038 4136 1305 4188 deessent
1340 4136 1701 4204 argumenta,
1736 4129 1896 4183 illam
1931 4134 2022 4183 ta-

376 4249 509 4288 men
566 4231 793 4288 Justino
853 4226 1305 4300 abjudicandam
1352 4223 1439 4276 vel
1502 4221 1722 4275 invitus
1775 4222 2021 4274 fateatur

372 4326 617 4394 oportet.
654 4326 720 4374 Et
750 4321 857 4374 hac
886 4316 1125 4389 quidem
1173 4312 1515 4367 difficultate
1545 4311 1686 4366 adeo
1719 4313 2018 4394 permotus

369 4393 479 4469 fuit
506 4415 711 4470 doctus
740 4412 927 4468 editor
956 4403 1388 4472 Benedictinus,
1421 4406 1485 4455 ut
1514 4400 1666 4454 inter
1686 4393 2016 4453 certissima

363 4506 421 4562 S.
453 4506 726 4578 martyris
777 4518 951 4575 opera
979 4498 1242 4554 eamdem
1270 4492 1578 4563 epistulam
1601 4508 1666 4545 eo
1698 4488 1822 4545 loco
1854 4489 2011 4544 haud

2147 573 2348 622 sancto
2382 569 2615 622 al'ﬂante
2654 568 2873 640 Spiritu
2904 569 3059 623 edita
3090 572 3230 624 sunt
3261 585 3432 624 sacra
3460 570 3807 641 Scriptura-

2148 674 2277 711 rum
2311 657 2626 723 volumina,
2651 658 2885 730 ingenio
2918 659 3168 729 quisque
3191 657 3439 714 indulsit
3457 677 3591 728 suo,
3629 669 3807 732 atque

2144 743 2583 800 lucubrationes
2606 763 2743 800 suas
2764 746 2913 818 stylo
2943 745 3043 800 alii
3074 745 3438 817 elegantiori,
3456 747 3556 803 alii
3574 749 3806 820 simpli-

2150 834 2291 888 ciori
2322 840 2651 889 exararunt.
2685 836 3005 889 Fatendum
3039 840 3233 890 tamen
3268 842 3377 902 est,
3440 853 3543 891 eos
3585 840 3808 908 saepius

2148 922 2512 994 simplicitati
2565 923 2906 992 studuisse;
2940 941 3043 980 nec
3092 930 3296 979 auctor
3346 931 3548 980 noster
3580 928 3810 997 absque

2148 1010 2308 1082 gravi
2332 1012 2528 1082 aliqua
2559 1028 2752 1079 causa,
2785 1012 3049 1067 fortassis
3080 1017 3146 1067 ut
3174 1014 3479 1068 veritatem
3514 1014 3811 1087 Diogneto

2148 1098 2374 1154 facilius
2406 1100 2801 1171 persuaderet,
2826 1099 2920 1155 his
2943 1099 3290 1173 eloquentiae
3326 1102 3597 1158 artificiis
3630 1108 3812 1175 atque

2148 1189 2499 1243 ornamentis
2535 1206 2675 1244 usus
2714 1188 2906 1245 fuerit.
2954 1213 2983 1239 »
3031 1190 3329 1246 Hactenus
3383 1190 3471 1246 vir
3512 1193 3811 1248 eruditus.

2152 1277 2274 1340 Qua
2297 1278 2367 1331 de
2393 1293 2453 1331 re
2502 1276 2777 1349 pleraque
2828 1278 3031 1346 habes,
3091 1278 3479 1336 solertissimo
3540 1280 3814 1337 Fabricio

2152 1364 2294 1421 scite
2324 1365 2628 1421 observata
2648 1367 2785 1437 (32).

2365 1480 2434 1534 ll.
2482 1481 2775 1537 Nonnullis
2819 1484 3222 1552 objectionibu:
3251 1487 3587 1539 occurritur.

2220 1579 2351 1642 Quae
2375 1581 2568 1632 autem
2601 1578 2715 1633 huc
2766 1595 2954 1650 usque
3001 1582 3547 1649 animadvertimus,
3604 1584 3660 1639 si
3722 1584 3816 1639 cui

2148 1682 2312 1737 aequo
2344 1666 2541 1721 animo
2567 1668 2891 1739 expendere
2920 1667 3122 1731 libeat,
3170 1670 3263 1723 vix
3295 1671 3502 1726 dubito
3534 1673 3690 1743 quin
3722 1689 3817 1728 eo-

2146 1771 2279 1809 rum
2312 1756 2665 1810 sententiam
2722 1756 3127 1826 amplectatur,
3176 1757 3280 1829 qui
3331 1757 3515 1829 hujus
3546 1762 3815 1821 epistola

2066 1845 2113 1910 B
2144 1848 2429 1898 auctorem
2460 1844 2689 1899 Justino
2722 1845 2796 1900 M.
2833 1846 3019 1901 multo
3072 1846 3450 1902 vetustiorem
3474 1864 3612 1903 esse
3664 1850 3815 1904 deﬁ-

2147 1932 2339 1985 niunt.
2372 1932 2679 1987 Nonnullis
2739 1934 2977 2004 quidem
3026 1933 3166 1989 viris
3196 1935 3417 1989 criticis
3457 1952 3526 1991 ex
3561 1936 3639 1992 iis
3670 1937 3817 1993 locis

2147 2036 2328 2074 unum
2342 2019 2428 2074 vel
2458 2020 2703 2075 alterum
2719 2021 2887 2075 aliter
2916 2021 3176 2092 accipere
3199 2023 3408 2095 placet,
3425 2041 3546 2096 quo
3566 2025 3815 2081 Justino

2144 2108 2447 2177 epistolam
2474 2114 2774 2172 asserant;
2809 2111 2909 2164 sed
2936 2110 3054 2165 vim
3102 2111 3317 2167 inferre
3358 2113 3559 2169 verbis
3603 2116 3818 2171 viden-

2141 2200 2331 2258 tur,ut
2353 2214 2421 2251 ea
2450 2214 2689 2253 sensum
2723 2197 2890 2252 illum
2926 2200 3230 2254 effundant
3252 2217 3426 2271 quem
3460 2202 3813 2271 intendunt;

2142 2301 2277 2340 cum
2309 2291 2510 2341 contra
2535 2286 2883 2357 aequabilius
2916 2287 3102 2342 fluant
3130 2289 3348 2358 omnia,
3375 2290 3477 2344 ubi
3523 2292 3599 2345 ad
3636 2309 3711 2347 ea
3736 2310 3819 2348 re-

2142 2374 2404 2428 ferantur
2433 2378 2698 2445 tempora
2726 2391 2853 2446 qua:
2885 2391 2953 2430 ex
2982 2376 3109 2446 ipso
3127 2381 3404 2432 contextu
3434 2380 3814 2436 extudimus.

2143 2462 2339 2533 Neque
2367 2464 2606 2517 demum
2639 2463 2770 2533 quis
2790 2464 2925 2534 jure
2964 2464 3077 2518 sibi
3110 2467 3461 2535 persuadeat
3490 2468 3814 2525 Justinum

2142 2551 2218 2605 M.
2253 2555 2354 2605 aut
2383 2551 2562 2606 alium
2597 2552 2864 2622 quemvis
2923 2551 3052 2623 ipso
3106 2553 3517 2623 recentiorem,
3546 2573 3687 2611 eam
3726 2559 3814 2612 lo-

2142 2640 2359 2710 quendi
2398 2639 2680 2693 rationem
2718 2641 2777 2693 in
2803 2644 2923 2694 tota
2955 2639 3057 2695 illa
3104 2642 3354 2712 epistola
3385 2659 3695 2714 usurpare
3726 2662 3819 2700 vo-

2141 2728 2343 2794 luisse,
2375 2745 2501 2798 quaa
2557 2726 2824 2782 ultimam
2856 2729 3267 2798 antiquitatem
3315 2731 3536 2801 sapiat,
3577 2740 3644 2787 ut
3675 2735 3813 2790 viris

2141 2816 2385 2871 eruditis
2417 2823 2571 2870 recte
2596 2821 2860 2870 notatum
2890 2817 3023 2885 (23).

2211 2909 2278 2960 At
2307 2904 2460 2959 enim
2486 2910 2706 2968 auctor,
2740 2905 2915 2959 tacito
2949 2906 3183 2961 nomine
3226 2907 3410 2974 Pauli,
3446 2914 3809 2967 antonoma-

2140 2995 2282 3048 stice
2298 2992 2551 3063 Apostoli
2570 2992 2944 3064 tituloipsum
2961 2995 3372 3067 designat,quo
3394 3014 3515 3051 non
3538 3001 3659 3053 nisi
3685 3006 3808 3069 post

2140 3081 2331 3151 priora
2359 3082 2621 3137 Ecclesia:
2652 3080 3390 3152 sceculainsignitusf‘uisse
3412 3089 3807 3158 comperitur.

2062 3206 2104 3273 Ο
2144 3170 2317 3237 Quam
2344 3171 2686 3273 facultatem,
2715 3172 2827 3239 (24)
2858 3171 3069 3240 inquit,
3101 3188 3227 3225 cum
3252 3178 3641 3243 perspexisset
3672 3180 3807 3246 Apo-

2143 3259 2336 3322 stolus,
2366 3258 2392 3311 ὁ
2425 3255 2857 3318 Ἀπόστολος....
2889 3260 3024 3313 dicit
3052 3277 3071 3313 .·
3100 3260 3347 3329 Cognilio
3368 3264 3561 3331 inﬂat,
3586 3265 3806 3320 dilectis

2142 3356 2326 3403 autem
2378 3347 2813 3419 aediﬁcaLAtqui
2842 3349 2912 3401 ad
2947 3348 3097 3402 hanc
3139 3349 3561 3406 difficultatem
3599 3356 3807 3409 tolleno

2143 3438 2277 3491 dam
2311 3454 2425 3491 non
2458 3453 2523 3491 eo
2555 3453 2693 3491 sane
2726 3443 2857 3490 utar
2877 3437 3109 3507 effugio,
3139 3453 3255 3508 quo
3305 3445 3644 3495 extremam
3676 3444 3806 3514 Epi-

2142 3526 2304 3580 stolae
2335 3530 2582 3597 partem,
2615 3525 2686 3580 ab
2735 3524 2828 3581 his
2884 3526 3073 3581 verbis
3120 3525 3277 3585 οὗτος
3325 3526 3352 3579 ὁ
3384 3527 3479 3580 ἀπ’
3511 3528 3707 3605 ἀρχῆς
3736 3534 3802 3587 ad

2141 3614 2318 3668 finem
2349 3630 2556 3684 usque,
2617 3617 2686 3667 ab
2734 3612 2846 3668 alio
2904 3614 3152 3669 fortasse
3191 3620 3458 3671 assutam
3491 3634 3638 3674 cum
3674 3621 3799 3676 Ste-

2140 3702 2333 3774 phano
2364 3708 2421 3757 et
2439 3701 2745 3773 Sylburgio
2778 3701 2890 3773 (25)
2914 3702 3198 3774 suspicer.
3234 3704 3378 3758 Leve
3406 3723 3679 3778 namque
3707 3710 3799 3763 ad~

2138 3792 2379 3846 modum
2401 3790 2545 3845 illud
2575 3794 2665 3845 est
2695 3791 2847 3862 quod
2871 3796 3249 3861 praatexunt,«
3270 3793 3547 3864 Epistolas
3574 3797 3795 3852 auctori

2138 3896 2258 3934 rem
2310 3896 2424 3934 non
2479 3878 2658 3933 fuisse
2705 3894 2839 3933 cum
2887 3877 3239 3946 Christiano,
3288 3881 3387 3951 qui
3440 3879 3520 3942 εἷς
3572 3890 3793 3938 τοιαῦτα

2133 3972 2239 4021 τῶν
2270 3966 2451 4040 λόγων
2518 3966 2654 4041 βάθη
2688 3970 2989 4038 penetrare
3045 3974 3278 4039 posset;
3312 3970 3413 4024 sed
3476 3988 3623 4029 cum
3673 3977 3791 4030 Dio-

2134 4062 2325 4128 gneto,
2348 4056 2685 4111 Christianae
2719 4056 2994 4111 doctrinae
3017 4057 3209 4112 adhuc
3233 4059 3383 4114 rudi.
3416 4083 3444 4108 ››
3481 4064 3787 4133 Siquidem

2131 4146 2251 4200 viro
2284 4145 2363 4198 illi
2396 4144 2735 4200 Christiana
2787 4145 3085 4216 religionis
3143 4151 3569 4218 cognoscendae
3627 4154 3789 4223 cupi-

2130 4232 2681 4305 dissimo,pleraque
2713 4233 2786 4289 iis
2809 4233 3008 4288 afﬁnis
3030 4251 3159 4305 qua:
3181 4235 3289 4289 sub
3316 4236 3593 4306 Epistolas
3610 4240 3787 4295 ﬁnem

2127 4327 2461 4390 occurrunt,
2492 4321 2553 4375 in
2584 4321 2984 4392 superioribus
3018 4325 3287 4393 proponit
3308 4331 3553 4382 auctor:
3588 4330 3785 4399 cujus—

2126 4411 2285 4467 modi
2315 4416 2456 4465 sunt
2480 4411 2728 4481 ea,quod
2751 4411 2904 4466 Deus
2936 4428 3051 4466 non
3084 4428 3203 4465 rem
3230 4418 3487 4468 creatam
3526 4416 3781 4483 miserit,

2123 4503 2222 4555 sed
2251 4501 2545 4570 pr0prium
2579 4498 2785 4553 Filium
2811 4500 2995 4571 :quod
3012 4516 3141 4554 sero
3158 4503 3377 4556 missus
3394 4503 3578 4558 fuerit
3600 4506 3781 4561 Filius

360 4593 676 4660 collocarit,
737 4607 909 4663 quem
968 4584 1225 4656 alioquin
1284 4581 1395 4653 ipsi
1465 4579 1845 4650 assignasset,
1897 4577 2011 4632 nisi
2041 4573 2087 4637 D
2119 4606 2231 4660 quo
2264 4592 2680 4660 cognoscerent
2727 4590 2993 4643 homines
3024 4606 3091 4643 ex
3119 4591 3370 4661 peccatis
3398 4592 3531 4646 suis
3567 4611 3631 4649 se
3664 4596 3779 4650 vita

357 4684 643 4740 dubitatio
706 4688 933 4756 pectore
1005 4677 1183 4732 inﬁxa
1235 4671 1356 4726 viro
1416 4668 1741 4725 clarissimo
1801 4667 2001 4721 lliBSlS-
2111 4676 2383 4748 indignos
2415 4692 2579 4741 esse;
2615 4677 2843 4747 quodin
2866 4676 2977 4731 alio
3005 4693 3181 4747 quam
3217 4678 3272 4731 in
3301 4671 3783 4751 Christojustiﬁo

360 4780 448 4832 set
470 4776 605 4847 (20).

2146 4768 2227 4819 ari
2266 4766 2434 4819 homo
2469 4782 2581 4819 non
2613 4770 2855 4835 poterat,
2892 4771 3028 4829 etc.,
3052 4769 3117 4819 ut
3148 4766 3393 4836 proinde
3426 4767 3777 4839 hujuuaot‘i

427 4907 454 4933 ‹‹
487 4882 686 4951 Neque
710 4894 859 4940 vero,
895 4878 960 4928 ut
989 4870 1206 4943 optime
1236 4866 1522 4921 Nourrius
1552 4863 1831 4931 (21),inde
1861 4878 2000 4916 con-
2111 4854 2388 4926 mysteria
2418 4855 2659 4908 edoctus
2689 4854 3399 4927 Diognetus,illisquoque
3432 4858 3641 4929 ipsum
3663 4861 3778 4914 im-

354 4974 520 5029 tinuo
552 4944 684 5040 quis
718 4960 1174 5037 arguat,stylum
1201 4961 1362 5009 tanto
1395 4954 1591 5008 studio
1613 4951 1998 5016 elaboratum,
2108 4944 2209 4998 bui
2242 4944 2395 4998 haud
2448 4945 2844 5014 incongruum
2868 4950 3011 5007 erat,
3071 4962 3199 5014 qua:
3234 4946 3555 5001 subdititia
3591 4950 3775 5020 gratis

356 5064 428 5119 ab
451 5033 685 5118 summa
715 5033 995 5112 orationis
1048 5044 1373 5118 apostolica:
1407 5041 1777 5113 simplicitate
1811 5038 1997 5110 magis
2109 5033 2542 5087 existimantur.

353 5151 685 5217 abhorrere,
719 5160 897 5217 quam
957 5142 1017 5193 ut
1048 5133 1216 5193 alicui
1252 5148 1452 5188 eorum
1486 5128 1772 5200 discipulo
1811 5128 1997 5200 possit
2178 5121 2279 5175 His
2310 5122 2509 5192 itaque
2541 5118 2914 5188 missis,illud
2946 5119 3141 5191 potius
3172 5137 3307 5177 cum
3330 5120 3457 5179 viro
3489 5124 3666 5181 docto
3686 5124 3766 5179 di-

2177 5299 2535 5375 (22)_Fabr.
2583 5299 2772 5355 Salut.
2833 5300 2935 5354 lux
2992 5300 3203 5371 Evang.
3265 5316 3393 5373 cap.
3474 5302 3533 5371 9,
3592 5301 3625 5375 §
3678 5301 3759 5372 ω,

2106 5372 2503 5512 ρᾶἕζόἓὲῗωι.
2542 5442 2755 5516 Disquis
2805 5440 2995 5516 chron.
3058 5457 3184 5513 cap.
3220 5456 3294 5516 vi,
3328 5443 3357 5509 δ
3390 5444 3452 5516 74,
3500 5461 3639 5516 pag.
3668 5445 3753 5500 76.

2105 5515 2232 5569 Orsi
2271 5516 2421 5569 (star.
2451 5518 2576 5568 eccl.
2610 5513 2711 5598 lib.
2739 5530 2797 5576 II,
2824 5514 2979 5639 $26,
3015 5517 3159 5568 tom.
3194 5513 3266 5579 II,
3300 5532 3358 5586 p.
3380 5513 3507 5570 382.

2175 5587 2289 5639 (24)
2318 5588 2504 5639 Anon.
2538 5586 2706 5639 Epist.
2730 5585 2805 5639 ad
2873 5593 3077 5639 manet.
3114 5600 3243 5639 can.
3284 5588 3369 5639 12.

2312 5588 2504 5668 (anon.
2538 5585 3077 5668 {Epistzad‘llioqneh
3114 5600 3243 5668 cap.

2175 5654 2289 5730 (25)
2311 5657 2511 5729 Steph.
2536 5654 2596 5715 in
2628 5660 2749 5716 not.
2782 5660 2839 5717 et
2867 5654 3142 5735 Sylburg.
3173 5654 3236 5716 in
3265 5657 3493 5735 διάησι..
3523 5656 3755 5737 pagﬂ,

478 5330 533 5397 6)
564 5327 867 5397 Prolegom.
901 5318 1104 5397 cap,_2,
1138 5317 1164 5383 §
1193 5314 1246 5396 4..

478 5331 512 5384 6
564 5330 867 5397 Prolegom.
901 5336 1026 5389 cap.
1050 5330 1104 5383 Ζ,
1138 5330 1164 5383 3
1193 5330 1246 5367 ιι.

476 5330 533 5471 7;
568 5402 757 5471 Herm.
792 5396 962 5471 Past._.
1124 5404 1163 5449 ι,
1186 5385 1293 5439 vis.
1326 5384 1381 5448 3,
1415 5398 1580 5471 capp.
1608 5382 1632 5436 1
1668 5385 1725 5435 et
1747 5380 1800 5433 3.

477 5454 529 5542 8)
557 5470 740 5526 Tacit.
767 5466 972 5542 annal.
998 5462 1099 5542 lib.
1128 5475 1225 5542 lay:
1258 5472 1386 5526 cap.
1412 5454 1499 5507 44.

474 5530 529 5611 9’)
560 5543 725 5597 Phot.
759 5538 926 5600 Bibl.,
953 5534 1082 5611 cod.
1121 5530 1239 5611 12a

443 5592 530 5687 es
560 5592 783 5687 wn:
822 5592 1257 5687 vra-atmii-
1291 5592 1986 5687 Hh°a.9'_?i§.5113§337§°

416 5663 530 5767 (ei)
562 5663 781 5741 Nonii.
804 5684 1005 5753 Appar.
1030 5663 1261 5731 ad‘oibz.
1286 5663 1583 5738 PP.,tom.
1620 5665 1663 5721 Ι.
1698 5681 1827 5738 pag.
1864 5663 1990 5717 446.
