4016 6222
248 392 398 453 1165

1132 389 1515 451 EPISTULA
1562 390 1666 450 AD
1712 387 2202 449 DIOGNETUM.
2234 420 2311 433 —-
2342 388 2759 453 PROOEMIA.

3499 392 3655 451 1166

236 524 482 580 cendum
517 520 841 594 putaverim
877 522 987 593 (26)
1021 543 1048 571 «
1084 522 1238 595 quod
1296 538 1428 577 cum
1482 522 1539 577 in
1589 525 1711 576 tota
1753 520 1884 593 Epi-
1913 525 1967 588 Α
1997 537 2127 575 vens
2153 522 2351 592 spiritu
2383 522 2726 592 loquebatur,
2749 525 2803 577 ct
2822 522 3051 577 docebat
3094 523 3399 594 diligenter
3435 538 3499 579 ea
3528 540 3654 594 quae

237 615 352 669 tola
382 612 527 667 varii
560 615 867 667 occurrant
898 610 1092 666 hiatus
1130 611 1420 682 variaeque
1470 610 1710 676 lacunae,
1754 609 1879 665 alia;

236 701 548 765 breviores,
582 700 871 772 longiores
905 699 1029 755 alia:
1058 717 1070 756 :
1105 707 1409 772 propterea
1441 717 1555 755 non
1590 701 1669 754 ita
1725 703 1880 755 certo

236 791 683 862 definiripotest,
710 806 977 860 quasnam
1001 789 1217 844 ibidem
1244 789 1460 855 desint,
1487 805 1614 861 quae
1632 788 1881 843 aliorum

241 896 382 935 mss.
409 895 515 950 ope
547 882 822 950 poterunt
853 877 1168 950 aliquando
1201 877 1483 950 suppleri.
1516 878 1585 932 Et
1625 894 1756 933 vero
1801 876 1882 932 ibi

235 968 478 1024 forsitan
511 968 741 1033 abrasa,
782 966 871 1023 vel
926 968 1146 1023 omissa
1192 972 1300 1035 est,
1348 971 1448 1022 aut
1494 967 1730 1023 evanuit
1775 984 1883 1022 vox

243 1058 468 1128 Paulus,
501 1074 629 1129 quas
662 1073 896 1113 omnem
938 1056 1138 1128 procul
1188 1056 1364 1111 dubio
1414 1055 1588 1111 solvit
1634 1055 1881 1127 hujusce

232 1146 594 1203 difﬁcultatis
618 1148 858 1202 nodum.
888 1168 915 1195 »
939 1146 1163 1211 Quibus
1185 1146 1366 1201 addas
1392 1145 1644 1200 maxime
1682 1144 1877 1212 velim,

233 1253 335 1292 cur
347 1237 585 1291 demum
606 1237 1014 1292 antonomasia
1033 1234 1134 1290 illa
1148 1235 1227 1290 uti
1244 1234 1401 1289 haud
1420 1234 1884 1307 potueritnoster

230 1325 759 1397 Anonymus?Quod
782 1323 1201 1396 posterioribus
1218 1324 1484 1378 Patribus
1500 1322 1884 1395 Ecclesiazque

231 1414 614 1485 scriptoribus
649 1413 767 1469 sive
798 1412 965 1468 licuit
999 1413 1117 1468 sive
1148 1411 1343 1479 libuit,
1400 1412 1607 1484 quidni
1655 1416 1714 1467 et
1760 1412 1882 1468 viro

235 1502 550 1574 apostolico
567 1502 594 1557 ?
608 1502 870 1574 Denique
884 1502 1023 1573 quid
1048 1502 1240 1555 obstat
1263 1501 1579 1573 quominus
1593 1500 1883 1571 ejusmodi

236 1591 508 1663 loquendi
546 1607 765 1646 morem
798 1591 869 1645 ab
901 1607 967 1645 eo
1002 1590 1259 1660 primum
1292 1590 1581 1645 invectum
1626 1589 1882 1662 reliquos

238 1696 555 1752 usurpasse
606 1680 928 1751 putemus?
978 1680 1123 1734 Vere
1173 1695 1429 1749 namque
1478 1696 1542 1734 ac
1591 1678 1885 1750 sapienter

230 1770 682 1841 Chrysnstomus
712 1768 826 1840 (27)
852 1786 863 1822 :
890 1768 1054 1823 ’Όταν
1091 1764 1423 1822 Ἀπὸστολον
1477 1763 1630 1841 εἷ’πῃς
1685 1765 1881 1829 εὐθέως

231 1857 423 1917 πάντες
478 1854 635 1909 αὑτὸν
667 1854 960 1909 ἐννοοῦσιν·
1014 1853 1192 1929 ὥσπερ
1242 1854 1366 1909 ὅταν
1414 1856 1743 1923 Βαπτιστὴν,
1795 1854 1880 1909 εὐ-

232 1945 366 2009 θέως
410 1946 501 1999 τὸν
566 1945 843 2014 Ἰωάννην.
905 1968 933 1995 ‹‹
968 1946 1210 2011 Quando
1256 1945 1593 2017 Apostolum
1645 1946 1882 2017 dixeris,

236 2036 435 2090 statim
469 2035 749 2090 omnibus
780 2033 874 2089 ille
933 2033 1198 2106 (Paulus)
1260 2034 1316 2088 in
1377 2041 1631 2089 mentem
1690 2034 1881 2089 venit:

237 2124 735 2194 quemadmodum
769 2123 816 2179 si
850 2122 1196 2193 Baptistam,
1232 2122 1429 2177 statim
1451 2123 1739 2177 Joannem
1794 2123 1881 2177 in-

234 2211 529 2284 telligunt.
566 2235 593 2261 »
626 2212 770 2277 Quid
805 2213 957 2283 quod
992 2212 1305 2283 Apostolum
1329 2210 1674 2282 simpliciter
1696 2210 1885 2267 nomi-

238 2306 340 2357 nat
367 2301 767 2373 Athenagoras
798 2300 864 2356 de
895 2302 1118 2367 Resurr,
1151 2303 1357 2368 §xvxn,
1394 2317 1525 2372 pag.
1558 2300 1649 2354 53.

238 2446 335 2499 III.
372 2444 500 2512 Quis
531 2443 771 2515 ejusdem
799 2445 1056 2515 Epistolas
1084 2447 1276 2498 auctor
1310 2444 1502 2514 fuerit,
1554 2445 1882 2514 inquiritur.

310 2518 393 2570 An
451 2515 695 2570 Clemens
756 2515 1074 2570 Romanus?
1133 2518 1379 2570 Fortasse
1432 2517 1615 2586 potius
1673 2516 1880 2585 Apollo,

312 2590 398 2641 vir
427 2587 854 2658 Alexandrinus,
875 2588 1128 2658 eloquens
1171 2603 1235 2641 ac
1290 2586 1775 2658 disertuszqcujus
1826 2588 1883 2639 in

309 2659 452 2713 Actis
496 2656 861 2728 apostolorum
913 2656 982 2713 et'
1021 2660 1081 2711 in
1142 2658 1396 2729 Epistolis
1454 2656 1717 2711 Paulinis
1770 2659 1883 2727 fre-

312 2747 479 2800 quens
508 2732 727 2784 mentio.
764 2732 837 2784 De
884 2732 1146 2795 Diogneto
1194 2732 1285 2783 cui
1334 2730 1575 2799 Epistola
1626 2731 1885 2782 inscribi-

310 2807 420 2872 tur,
452 2801 620 2871 deque
650 2804 823 2873 ipsius
867 2802 1125 2872 Epistolaz
1163 2803 1507 2871 praestantia,
1556 2801 1882 2855 observatio.

310 2925 439 2980 ch
470 2941 601 2979 vero
635 2924 704 2979 de
735 2924 951 2995 quibus
983 2924 1266 2979 hactenus
1292 2923 1736 2993 edisseruimus,
1762 2924 1886 2977 ani-

239 3031 403 3069 mum
434 3014 701 3069 alliciunt
732 3014 1240 3085 etquodammodo
1268 3013 1577 3084 impellunt
1599 3014 1668 3067 ad
1693 3013 1887 3085 inqui-

241 3104 511 3173 rendum,
545 3104 819 3175 quisnam
848 3103 926 3158 sit
959 3107 1162 3158 auctor
1192 3101 1498 3174 Epistolas:
1542 3118 1657 3173 quo
1708 3101 1890 3157 semel

238 3193 386 3247 forte
417 3193 663 3261 detecto,
690 3193 816 3262 jam
849 3191 1021 3247 dictis
1056 3192 1152 3245 lux
1184 3192 1371 3259 major
1419 3191 1673 3245 accedet.
1728 3190 1889 3245 Unus

1988 609 2189 664 suntde
2210 611 2505 666 Domino...
2536 612 2703 683 qui...
2729 612 2968 666 contulit
2990 612 3223 666 multum
3238 611 3325 667 his
3354 613 3451 684 qui
3480 612 3653 668 credi-

1990 699 2233 753 derant.
2249 742 2260 753 .
2276 699 2781 754 Vehementerenim
2793 701 3022 756 Iudaeos
3040 700 3403 772 redargucbat
3429 700 3649 772 publice

1989 788 2273 843 ostendens
2300 805 2397 861 per
2426 789 2746 861 Scripturas
2774 805 2889 845 esse
2939 789 3216 846 Christum
3265 792 3466 847 Iesum.
3524 792 3643 848 Ita-

1993 894 2104 949 que
2136 877 2183 932 si
2206 882 2409 933 tantus
2430 878 2518 933 vir
2540 882 2665 933 erat
2692 878 2907 950 Apollo,
2933 895 3067 934 cum
3092 879 3284 935 adhuc
3310 878 3454 936 solis
3477 878 3645 934 Chri-

1993 966 2195 1021 stianas
2230 967 2357 1022 ﬁdei
2395 966 2746 1023 rudimentis
2775 972 2931 1023 esset
2980 968 3242 1024 imbutus
3298 972 3356 1024 et
3398 969 3644 1026 Joannis

1993 1056 2347 1127 baptismate
2371 1056 2654 1111 duntaxat
2674 1055 2987 1125 intinctus;
3014 1062 3269 1129 quantus
3293 1075 3461 1131 porro
3514 1076 3646 1115 eva-

1995 1146 2143 1201 sisse
2176 1146 2494 1216 putandus,
2529 1149 2841 1218 postquam
2875 1146 3152 1219 deinceps
3179 1147 3488 1204 altioribus
3510 1147 3647 1204 reli-

1994 1234 2185 1306 gionis
2215 1235 2510 1307 mysteriis
2541 1253 2574 1290 a
2604 1235 2915 1308 discipulis
2940 1236 3191 1303 Domini,
3216 1241 3390 1308 atque
3420 1238 3478 1291 in
3522 1236 3647 1308 pri-

1994 1324 2107 1379 mis
2139 1323 2209 1378 ab
2235 1323 2361 1395 ipso
2382 1324 2644 1395 gentium
2670 1325 2903 1379 doctore
2931 1326 3040 1379 fuit
3064 1326 3371 1381 institutus
3390 1325 3418 1380 ‘t
3449 1326 3529 1382 De
3578 1343 3644 1382 eo

1994 1428 2133 1467 sane
2164 1417 2415 1468 testatur
2440 1412 2806 1485 Apostolus“,
2855 1412 3173 1469 Ecclesiam
3214 1414 3644 1471 Corinthiacum

1995 1518 2028 1555 a
2048 1517 2108 1555 se
2139 1500 2483 1572 plantatam,
2511 1500 2679 1556 illum
2705 1501 2939 1573 copioso
2962 1503 3260 1575 sapientiae
3285 1519 3350 1559 ac
3372 1502 3646 1576 eloquen-

1993 1589 2087 1645 tia:
2116 1607 2233 1646 suae
2266 1590 2453 1646 imbre
2483 1590 2626 1645 adeo
2658 1590 2958 1663 irrigasse,
2993 1596 3056 1648 ut
3088 1592 3445 1648 uberrimam
3489 1608 3651 1665 sege-

1992 1683 2109 1735 tem
2135 1679 2411 1749 referens,
2446 1678 2783 1736 schismatis
2816 1680 3041 1737 occasio
3076 1681 3267 1750 fuerit,
3327 1682 3650 1739 Corinthio-

1993 1784 2125 1823 rum
2156 1768 2290 1822 aliis
2333 1768 2782 1825 dictitantibus:
2844 1772 2951 1842 Ego
2999 1769 3216 1842 quidem
3261 1787 3384 1826 sum
3441 1770 3646 1828 Pauli:

1994 1856 2128 1911 aliis
2159 1872 2330 1911 vero:
2370 1859 2483 1928 Ego
2531 1862 2718 1913 autem
2776 1859 2965 1930 Apollo
3022 1858 3236 1926 Quidni
3285 1875 3421 1932 ergo
3484 1859 3647 1916 lucu-

1996 1945 2382 2001 lentissimam
2416 1947 2718 2018 scripserit
2746 1947 3053 2018 epistolam
3070 1948 3159 2004 vir
3188 1948 3638 2018 Alexandrinus,

1994 2035 2249 2106 eloquens
2268 2041 2466 2105 potens
2484 2036 2543 2089 in
2565 2035 2891 2108 Scripturis,
2941 2039 3155 2106 fervens
3187 2038 3390 2109 spiritu
3410 2046 3465 2093 et
3490 2039 3642 2092 viam

1996 2125 2216 2179 Domini
2245 2124 2458 2179 edoctus
2480 2124 2737 2190 ?Quidni
2779 2124 2865 2179 vir
2913 2125 3009 2182 ille
3043 2125 3419 2197 apostolicus,
3449 2126 3641 2181 scien-

1994 2213 2099 2278 tia,
2132 2213 2244 2267 iide
2265 2229 2329 2267 ac
2352 2214 2566 2284 pietate
2587 2218 2866 2284 prastans
2893 2230 2906 2281 ;
2930 2215 3027 2285 qui
3050 2231 3117 2269 ea
3144 2215 3439 2285 diligenter
3478 2215 3637 2271 doce-

1996 2301 2085 2356 bat
2113 2315 2231 2372 quaz
2258 2306 2388 2356 sunt
2417 2301 2481 2357 de
2522 2303 2778 2369 Domino,
2844 2318 2944 2373 per
2992 2302 3304 2374 Scripturas
3371 2303 3656 2359 ostendens

1996 2392 2173 2462 ipsum
2193 2406 2306 2446 esse
2325 2392 2604 2447 Christum
2620 2407 2640 2452 ;
2674 2390 2892 2463 quique
2922 2396 3043 2446 erat
3092 2388 3281 2465 λόγιος
3314 2392 3342 2445 ὁ
3372 2392 3633 2460 ποτιστὴς

1991 2482 2099 2533 τῶν
2116 2483 2347 2550 Χριστοῦ
2366 2480 2618 2551 μαθητῶν
2642 2480 2966 2551 «eloquens
2985 2480 3204 2551 rigator
3220 2480 3644 2553 discipulorum

1994 2569 2205 2624 Christi
2244 2592 2269 2620 ››
2305 2577 2364 2623 ut
2396 2571 2448 2623 S.
2478 2569 2591 2622 Nili
2639 2569 2814 2624 verba
2857 2586 3135 2640 usurpem
3186 2571 3338 2640 (29);
3372 2569 3652 2627 sublimia

1996 2657 2097 2729 illa
2126 2658 2403 2730 mysteria
2428 2659 2497 2712 de
2526 2656 2669 2712 Filio
2716 2658 2817 2712 Dei
2838 2658 3233 2726 edisseruerit,
3264 2676 3394 2730 quae
3423 2659 3652 2715 suavis-

1997 2747 2147 2802 simo
2175 2746 2405 2818 eloquio
2428 2747 2772 2818 Diognetum
2796 2763 2863 2801 ea
2892 2748 2950 2800 in
2984 2747 3229 2818 epistola
3258 2749 3462 2803 edocet
3491 2749 3602 2819 (30)
3623 2748 3652 2804 ?

1994 2835 2198 2907 Apollo
2219 2836 2507 2890 enimvero
2531 2841 2737 2891 caetera
2755 2835 2953 2890 omnia
2975 2842 3460 2908 congruunt,qum
3476 2838 3652 2895 modo

1998 2940 2067 2979 ex
2095 2924 2281 2994 ipsius
2313 2924 2583 2993 Epistolas
2620 2928 2890 2978 contextu
2940 2925 3287 2996 deprompta
3332 2926 3653 2982 illustravi-

2000 3030 2165 3079 mus;
2186 3012 2449 3083 illudque
2471 3012 2869 3084 potissimum,
2895 3015 3048 3084 quod
3070 3015 3316 3070 Paulum
3333 3032 3650 3086 suppresso

1999 3101 2232 3156 nomine
2292 3101 2603 3172 Apostolum
2655 3100 3003 3173 simpliciter
3041 3103 3386 3175 appellarit;
3466 3121 3645 3177 quem

2000 3206 2184 3244 unum
2214 3189 2434 3245 scilicet
2463 3190 2670 3261 Ephesi
2703 3190 3089 3245 conveniens"
3116 3208 3245 3247 cum
3286 3211 3471 3266 eoque
3501 3195 3649 3250 ami-

238 3282 569 3337 Baraterius
627 3281 979 3337 Clementem
1036 3282 1361 3336 Romanum
1416 3279 1567 3334 hanc
1640 3279 1884 3351 perscri-
1921 3260 1961 3327 (Σ
2002 3279 2239 3334 cissime
2270 3294 2469 3349 agens,
2504 3278 2662 3334 illius
2690 3279 3125 3335 sollicitudinem
3161 3284 3410 3338 omnium
3458 3285 3647 3340 Eccle-

238 3370 430 3443 psisse
462 3371 709 3441 conjecit
739 3370 872 3440 (28),
906 3384 971 3424 eo
1006 3368 1380 3440 potissimum
1424 3366 1681 3435 nomine,
1732 3367 1887 3438 quod

238 3459 338 3515 ille
368 3459 439 3513 iis
473 3459 837 3531 temporibus
885 3458 1064 3512 vitam
1122 3457 1313 3528 egisse
1364 3461 1730 3528 compertum
1789 3456 1885 3524 sit,

241 3548 457 3615 quibus
488 3547 757 3603 floruisse
789 3546 1126 3619 perhibetur
1157 3550 1354 3601 noster
1383 3550 1743 3617 Anonymus.
1776 3544 1887 3599 Ve-

239 3641 601 3707 reortamen,
622 3641 687 3691 ut
708 3636 854 3691 illud
883 3636 1025 3691 satis
1044 3636 1279 3690 ﬁrmum
1306 3640 1615 3706 ratumque
1637 3635 1713 3689 sit
1735 3634 1888 3703 quod

239 3726 472 3782 censuit
500 3726 586 3780 vir
611 3726 895 3795 eruditus,
930 3724 1240 3796 epistolam
1274 3740 1482 3794 nempe
1518 3740 1633 3795 qua
1664 3724 1733 3777 de
1766 3723 1890 3795 agi-

239 3832 395 3881 mus,
430 3814 644 3887 stylum
678 3814 987 3869 Paulinum
1021 3814 1103 3869 ita
1132 3815 1343 3869 referre
1372 3818 1433 3868 ut
1464 3812 1624 3867 Pauli
1657 3828 1785 3867 esse
1807 3813 1888 3866 vi-

237 3904 478 3971 deatur;
512 3904 773 3974 adeoque
790 3902 1145 3957 Clementem
1170 3907 1467 3957 auctorem
1493 3916 1610 3972 prae
1632 3917 1693 3955 se
1716 3901 1887 3971 ferre,

238 3993 412 4063 cujus
442 3992 657 4066 stylum
691 4009 823 4047 cum
859 3991 1100 4046 Paulino
1132 4007 1404 4062 magnam
1438 3990 1653 4044 habere
1694 3989 1889 4044 afﬁni-

237 4086 422 4137 tatem
457 4083 624 4153 plane
652 4084 897 4137 constat.
935 4083 999 4135 At
1028 4097 1154 4152 ego,
1194 4078 1241 4134 si
1275 4080 1411 4150 quid
1441 4080 1625 4149 sapio.
1668 4079 1723 4131 in
1758 4094 1887 4132 eam

238 4169 436 4243 potius
468 4169 816 4225 sententiam
851 4169 1075 4235 iverim,
1108 4168 1310 4240 Apollo
1368 4169 1495 4239 ejus
1542 4167 1887 4239 scriptorem

239 4276 371 4313 esse
401 4259 860 4330 agnoscendum,
894 4258 964 4313 de
996 4274 1109 4329 quo
1142 4257 1262 4311 haec
1312 4258 1495 4311 Lucas
1546 4256 1602 4310 in
1653 4257 1884 4311 Actis”:

236 4344 634 4407 Ἀπολλὼς....
668 4345 803 4420 ἀνὴρ
837 4344 1086 4420 λόγιος...
1122 4342 1343 4406 δυνατὸς
1390 4352 1460 4397 ων
1504 4343 1555 4397 ἐν
1606 4348 1721 4404 ταῖς
1752 4350 1889 4417 Γρα-

237 4440 391 4513 quis.
424 4434 593 4496 Οὗτος
640 4434 705 4503 ἦν
756 4433 1145 4509 κατηχημένος
1193 4434 1292 4501 τὴν
1344 4430 1467 4486 ὁδὸν
1517 4436 1614 4487 τοῦ
1662 4432 1890 4507 Κυρίου,

234 4526 328 4579 καὶ
382 4522 511 4593 ζέων
556 4523 636 4595 τῷ
684 4523 988 4596 πνεύματι,
1039 4520 1223 4576 ἐλάλει
1273 4522 1360 4576 καὶ
1415 4519 1685 4575 ἐδίδασκεν
1737 4520 1889 4595 ἀκρι-

1997 3369 2211 3423 siarum
2230 3368 2250 3402 ⁸
2284 3368 2461 3439 probe
2491 3368 2745 3422 tenebat.

2069 3456 2267 3528 Neque
2298 3456 2441 3510 illud
2476 3455 2715 3511 omittas
2742 3456 2916 3512 velim
2948 3458 3020 3512 ad
3061 3460 3343 3531 temporis
3392 3462 3644 3517 notatio-

1999 3562 2130 3599 nem
2166 3545 2354 3616 magis
2388 3544 2578 3599 adhuc
2609 3546 2985 3600 astruendam
3010 3546 3202 3602 virum
3235 3548 3393 3621 hunc
3416 3555 3646 3621 aposto-

1996 3633 2175 3688 licum
2204 3634 2262 3688 in
2288 3634 2429 3687 vivis
2462 3633 2648 3703 egisse
2676 3650 2829 3688 anno
2850 3634 2919 3687 64
2941 3635 3075 3705 (31),
3100 3636 3188 3691 vel
3213 3618 3405 3709 potius
3426 3618 3517 3705 65,
3543 3641 3642 3695 de-

1999 3722 2223 3777 sinente
2254 3723 2387 3792 (32),
2420 3738 2534 3793 quo
2576 3738 2744 3777 suam
2776 3721 3012 3794 scripsit
3059 3724 3279 3781 Paulus
3328 3728 3399 3781 ad
3445 3728 3643 3783 Titum

2000 3810 2316 3883 Epistolam
2347 3827 2359 3865 :
2393 3810 2452 3864 in
2471 3826 2538 3865 ea
2556 3810 2711 3865 enim
2735 3811 2836 3865 dat
2857 3811 2969 3882 ipsi
2992 3814 3335 3870 mandatum
3357 3817 3426 3872 de
3443 3816 3646 3889 Apollo

1998 3901 2164 3957 Creta
2188 3898 2511 3971 Nicopolim
2544 3900 2971 3971 premittendo,
2997 3903 3098 3957 ubi
3130 3903 3388 3961 hiemare
3418 3910 3647 3962 statue-

1998 3995 2117 4053 rat;
2158 3994 2217 4043 ut
2250 3988 2491 4060 proinde
2523 3989 2756 4044 ineunte
2796 4006 2949 4045 anno
3007 3990 3354 4064 insequente
3408 3996 3499 4062 66,
3562 4012 3650 4051 co-

1998 4079 2201 4133 mitem
2244 4094 2370 4133 sese
2419 4076 2750 4147 adiunxerit
2804 4078 3067 4151 apostolo
3123 4081 3372 4154 ipsemet
3422 4083 3646 4155 Apollo,

1999 4168 2259 4238 adeoque
2292 4182 2460 4221 suam
2498 4166 2773 4238 Diogneto
2804 4167 3125 4238 Epistolam
3156 4172 3266 4225 sub
3298 4172 3453 4227 idem
3494 4177 3650 4228 tem-

1999 4273 2110 4328 pus
2141 4259 2242 4309 aut
2274 4253 2448 4327 paulo
2479 4254 2669 4309 serius
2700 4255 3091 4327 inscripserit.

2069 4344 2209 4408 Quis
2231 4360 2401 4415 porro
2427 4342 2599 4397 fuerit
2620 4343 2937 4414 Diognetus
2963 4344 3083 4411 ille,
3109 4344 3279 4416 plane
3311 4347 3647 4421 incomper-

2000 4438 2147 4488 tum.
2174 4432 2372 4503 Neque
2388 4431 2565 4501 enim,
2591 4431 2640 4486 si
2661 4432 2792 4502 quis
2821 4433 2990 4503 pretii
3014 4432 3268 4490 habeant
3316 4452 3443 4506 qua
3476 4438 3647 4493 modo

1999 4521 2402 4592 expendimus,
2438 4520 2620 4576 fuisse
2675 4520 2725 4575 is
2780 4520 3210 4576 existimandus
3271 4539 3441 4593 quem
3492 4526 3647 4595 apud

236 4608 352 4675 ϐῶξ
378 4614 442 4667 τὰ
472 4612 594 4689 περὶ
624 4617 725 4667 τοῦ
756 4611 1049 4684 Κυρίου....
1084 4611 1208 4673 ὃς...
1245 4604 1568 4665 συνεϐάλετο
1601 4608 1744 4664 πολὺ
1772 4613 1891 4672 τοῖς

2002 4610 2077 4666 Μ.
2104 4608 2765 4665 AureliumAntoninum
2788 4607 3109 4678 plurimum
3124 4609 3379 4667 valuisse
3402 4616 3652 4669 testatur

238 4702 715 4759 πεπιστευκόσι....
752 4700 998 4762 Εὐτόνως
1030 4699 1133 4776 γὰρ
1161 4704 1278 4761 τοῖς
1326 4696 1610 4760 Ἰουδαίοις
1642 4695 1896 4769 διακατη-

2005 4698 2370 4771 Capitolinus
2401 4697 2532 4769 (33).
2586 4697 2646 4751 Id
2697 4712 2881 4750 unum
2940 4696 3211 4753 novimus
3268 4715 3337 4754 ex
3380 4700 3650 4772 Epistolas

239 4791 478 4867 λὲγχετο
530 4789 789 4864 δημοσίᾳ,
824 4787 1125 4851 ἐπιδεικνὺς
1176 4786 1263 4843 διὰ
1311 4792 1416 4842 τῶν
1468 4792 1718 4866 Γραφῶν,
1760 4787 1895 4842 εἶναι

2005 4791 2241 4842 auctore
2289 4786 2420 4856 (34),
2482 4783 2648 4838 illum
2710 4782 2890 4837 fuisse
2936 4783 3125 4838 virum
3174 4785 3457 4858 κράτιστον
3507 4804 3645 4860 prae.

234 4882 335 4936 τὸν
367 4882 589 4955 Χριστὸν
624 4882 857 4951 Ἰησοῦν,
896 4881 1168 4953 Apollo...
1200 4881 1287 4935 vir
1315 4880 1642 4950 eloquens...
1699 4884 1896 4951 potens
2003 4877 2429 4944 stantissimum,
2468 4873 2567 4943 qui
2599 4886 2811 4932 magno
2843 4870 3187 4927 Christiane:
3225 4874 3526 4947 religionis
3556 4895 3649 4935 co-

238 4974 639 5044 inScripturis.
676 4972 772 5027 Hic
792 4973 911 5026 erat
950 4969 1171 5024 edoctus
1208 4970 1357 5024 viam
1395 4969 1633 5039 Domini,
1686 4976 1738 5023 et
1776 4969 1897 5038 fer-
2007 4963 2349 5037 gnoscendaa
2381 4961 2669 5017 desiderio
2701 4959 3005 5032 ﬂagrabat.
3040 4961 3109 5016 Et
3164 4961 3364 5034 plures
3414 4967 3651 5038 quidem

317 5170 337 5204 ⁵
395 5172 519 5257 Act;
569 5184 731 5234 xvm,
780 5166 942 5221 24-28
1015 5166 1036 5201 ⁸
1096 5166 1117 5219 Ι
1175 5164 1305 5222 Cor.
1356 5182 1395 5236 Ι,
1457 5165 1562 5235 12;
1624 5181 1705 5237 ιιι,
1766 5166 1883 5219 4-6.

2014 5160 2193 5217 ICor.
2242 5174 2359 5228 xv1,
2419 5158 2497 5214 ‘2.
2574 5158 2594 5193 ³
2626 5158 2674 5212 ΙΙ
2726 5162 2851 5214 Cor.
2902 5175 2980 5227 xi,
3035 5158 3108 5212 27
3131 5176 3145 5218 :
3195 5160 3308 5216 Tit.
3340 5162 3424 5233 lli,
3456 5161 3543 5219 13.

318 5363 431 5436 (26)
465 5363 675 5436 Nourr.
700 5362 905 5436 Appar.
930 5360 1007 5417 ad
1031 5359 1166 5436 bibl.
1193 5362 1328 5436 PR,
1359 5365 1506 5415 tom.
1542 5364 1587 5427 Ι,
1616 5375 1746 5433 pag.

321 5430 433 5507 (27)
464 5430 759 5507 Chrysost'.
779 5430 958 5490 ‘Hom.
988 5450 1055 5488 Lv
1086 5434 1147 5488 in.
1176 5432 1328 5502 Acta,
1389 5449 1523 5505 opp.
1575 5430 1718 5488 nov:
1756 5430 1894 5497 edit,

243 5510 391 5563 tom.
427 5508 518 5575 IX,
555 5524 687 5580 pag.
723 5507 845 5560 415.

320 5579 432 5650 (28)
464 5581 657 5635 Barat.
689 5578 925 5650 Disquis.
950 5577 1159 5650 chron,
1195 5577 1409 5650 cap.g6,
1442 5579 1487 5644 §.
1522 5576 1578 5643 5,
1611 5590 1743 5646 pag.
1802 5574 1894 5628 77.

342 5648 436 5720 29)
468 5651 557 5706 Nil
590 5651 696 5707 lib.
730 5648 805 5716 ιι,⁷
825 5648 995 5721 epist.
1030 5648 1117 5721 43,
1150 5664 1281 5720 pag.
1319 5648 1441 5703 140.

465 5728 652 5780 Anon.
690 5718 878 5795 Epistf
894 5720 961 5776 ad
991 5718 1265 5791 Diognetf,
1300 5737 1467 5794 capp.
1499 5718 1660 5773 ’7-12.

2102 5355 2191 5429 31)
2220 5353 2362 5429 131m.
2393 5354 2703 5429 Prolegom.
2735 5352 2810 5429 9d
2840 5352 2902 5429 1y.
2939 5353 3015 5423 1:,
3048 5352 3232 5429 θρίξ,
3266 5373 3322 5429 p.
3348 5358 3410 5429 1.

2101 5424 2192 5494 32)
2229 5426 2419 5481 Pears.
2464 5425 2665 5479 Annal.
2724 5424 2907 5491 Paul.,
2964 5441 3021 5496 p.
3056 5424 3169 5497 ’22,
3229 5424 3287 5483 et

2008 5499 2199 5579 thas.»
2228 5516 2290 5579 Β·
2322 5498 2391 5579 7.7
2424 5513 2545 5579 seq-

2079 5516 2290 5625 um,£.
2334 5516 2385 5580 1.1
2424 5516 2545 5579 seq.
2787 5568 2796 5577 ⁸
2935 5569 2943 5579 ι

2237 5568 2481 5649 _ap1tol_._
2504 5568 2854 5649 inAntoiun.
2887 5574 2982 5649 vit.
3017 5582 3143 5640 cap.
3168 5570 3223 5624 4.

2079 5638 2190 5714 (34)
2221 5638 2405 5697 Anon.
2438 5641 2612 5713 Epist.
2645 5638 2720 5694 ad
2747 5639 3019 5711 Diognet,
3052 5638 3179 5714 cap.
3227 5642 3274 5696 1.
