4016 6222
428 451 585 510 1167

1591 449 1956 508 ANONYMl
2011 446 2166 508 VIBI
2210 446 2671 509 APOSTOLICI

3680 448 3849 509 1168

425 581 691 652 ejusdem
712 580 969 636 nominis
1006 580 1158 635 viros
1184 579 1445 636 illustres
1488 581 1803 649 exstitisse,
1834 597 1902 635 ex
1925 584 2078 636 vete-
2109 584 2164 649 Α
2266 582 2545 635 Caeterum
2580 579 2814 650 plurimi
2848 581 3111 636 ducenda
3144 579 3522 653 potissimum
3554 579 3678 635 haec
3707 580 3849 653 Epi-

423 688 554 726 rum
580 670 980 724 monumentis
1006 673 1386 741 perspicuum
1406 670 1789 734 sit,utvidero
1812 673 1899 724 est
1921 669 2076 740 apud
2190 669 2360 730 stola.
2393 670 2547 740 quod
2580 672 2707 741 ejus
2765 676 2969 726 auctor
3026 670 3294 742 quisquis
3346 670 3589 725 demum
3643 670 3847 737 fuerit,

420 757 753 815 Fabricium
776 758 886 830 (35)
913 776 936 823 ;
964 758 1179 830 quibus
1202 759 1378 814 etiam
1411 758 1505 814 alii
1533 760 1646 814 duo
1696 757 1949 814 addendi
1983 775 2075 813 co-

422 847 754 919 gnomines,
786 847 1115 903 Archontes
1132 847 1532 914 Athenienses,
1558 847 1632 903 cl.
1656 846 1932 902 Corsonio
1955 862 2075 901 me-

2188 758 2487 830 complura
2517 759 2643 815 loca
2672 761 2828 815 omni
2863 760 3264 816 observatione
3299 759 3652 831 dignissima
3715 775 3845 831 pro-

2188 848 2352 919 ferat,
2386 848 2600 919 quibus
2631 849 2787 905 baud
2823 867 3007 922 pauca
3037 848 3379 905 Christianas
3413 848 3547 902 fidei
3602 865 3844 903 summa

421 936 631 993 morati
663 937 797 1010 (36).
831 936 941 990 Sed
1003 936 1236 991 nullum
1281 936 1511 1009 uspiam
1564 936 1755 991 adhuc
1806 935 2075 1005 detegere
2186 937 2380 1009 capita
2407 939 2619 1007 tradat,
2654 938 2909 994 illustret
2964 944 3140 1010 atque
3189 938 3539 1004 confirmet;
3587 943 3653 991 ut
3703 937 3844 994 viris

415 1024 610 1096 licuit,
643 1026 738 1081 cui
768 1031 1035 1096 tempora
1080 1030 1136 1081 et
1184 1025 1409 1098 reliqua
1466 1026 1739 1098 superius
1799 1024 2076 1080 adnotata
2186 1026 2391 1095 doctis,
2417 1027 2665 1085 Nourrio
2687 1029 2748 1084 in
2768 1029 2977 1101 primis
2998 1029 3113 1102 (37)
3138 1026 3376 1085 etBullo
3398 1026 3537 1101 (38),
3568 1026 3844 1083 animad-

417 1131 740 1189 oongruere
773 1118 1112 1172 noscantur.

2183 1133 2437 1176 versum.

1599 1509 2663 1666 ΑΝΟΝΥΜΙ

1820 1773 1970 1829 VIRI
2005 1773 2422 1832 APOSTOLICI

1003 1943 1807 2079 EPlSTOLA
1896 1949 2104 2076 AD
2194 1945 3229 2079 DlOGNETUM.

1077 2179 1187 2242 Ea:
1218 2183 1701 2263 interpretatione
1734 2181 1991 2243 Henrici
2013 2179 2329 2263 Stephani,
2356 2180 2630 2263 pluribus
2661 2180 2801 2243 locis
2831 2179 3162 2243 emendata.

1495 2359 1824 2432 (GALLAND.,
1862 2362 1903 2419 γ
1922 2362 1993 2419 et.
2025 2365 2182 2417 Patr.
2214 2358 2501 2429 Biblioth.,
2530 2360 2551 2415 Ι
2581 2359 2734 2426 320.)

412 2644 542 2694 Ωιι).
578 2638 622 2692 Ι.
656 2634 879 2708 Occasio
907 2633 1183 2706 Epistolat’.
1216 2634 1468 2703 Diogneti
1507 2636 1831 2707 quaestiones
1850 2640 2266 2708 proponuntur:
2319 2636 2369 2691 1.
2402 2637 2461 2691 In
2493 2651 2597 2708 quo
2633 2635 2736 2689 Deo
2781 2633 2991 2689 scilicet
3036 2633 3301 2708 ﬁduciam
3345 2633 3619 2690 habentes
3671 2636 3831 2691 Chri-

481 2709 677 2777 stiani,
708 2706 969 2761 mundum
1020 2709 1069 2761 et
1116 2715 1342 2778 mortem
1387 2706 1755 2763 contemnant.
1787 2706 1861 2762 2.‘
1893 2706 2001 2764 cur
2051 2707 2358 2764 Graecorum
2386 2716 2439 2764 et
2467 2706 2785 2763 Iudaeorum
2814 2708 2990 2761 sacris
3046 2706 3287 2777 objectis,
3346 2722 3546 2761 novam
3605 2709 3831 2778 religio-

481 2796 607 2835 nem
636 2782 925 2854 sectentur.
959 2778 1026 2854 3.7
1050 2777 1194 2833 Unde
1220 2778 1321 2832 ille
1348 2794 1522 2846 amor,
1554 2795 1657 2851 quo
1686 2796 1745 2836 se
1772 2782 1963 2835 mutuo
1987 2789 2414 2854 prosequuntur.
2441 2780 2491 2834 4.
2529 2779 2639 2835 Cur
2666 2787 2789 2835 tam
2833 2794 2954 2834 sero
2993 2778 3054 2832 in
3103 2778 3287 2833 orbem
3333 2784 3618 2833 terrarum
3675 2777 3832 2835 inda-

481 2855 624 2907 ctum
652 2852 721 2905 sit
748 2850 847 2905 hoc
872 2850 1211 2905 institutum.

479 2974 964 3046 Quandoquidem
987 2973 1153 3029 video
1182 2977 1257 3042 te,
1280 2973 1580 3046 Diogneto,
1632 2975 1717 3030 vir
1770 2979 2049 3047 praestan-
2082 2978 2129 3042 Β

406 3064 657 3133 tissime,
690 3062 969 3120 acerrimo
1002 3062 1196 3119 studio
1249 3062 1433 3119 teneri
1492 3064 1754 3120 discendi
1797 3064 1931 3136 quis
1978 3064 2056 3120 sit

406 3153 637 3209 divinus
670 3152 863 3209 cultus
893 3152 1379 3219 Christianorum,
1412 3169 1478 3209 ac
1507 3152 1673 3209 valde
1714 3158 1909 3225 aperte
1958 3170 2052 3210 ac-

404 3247 717 3314 curateque
746 3242 1075 3315 percontari
1118 3242 1188 3297 de
1250 3240 1389 3309 illis,
1444 3243 1503 3297 in
1564 3260 1676 3313 quo
1734 3243 1849 3298 Deo
1901 3243 2051 3298 fidu-

402 3333 553 3389 ciam
585 3332 955 3398 collocantes,
986 3336 1043 3387 et
1074 3347 1246 3405 quam
1278 3331 1620 3405 religionem
1670 3331 1946 3400 colentes,
1998 3335 2054 3388 et

403 3421 693 3476 mundum
726 3420 921 3492 ipsum
956 3424 1345 3492 aspernentur
1401 3437 1625 3488 omnes,
1688 3425 1746 3477 et
1802 3426 2049 3477 mortem

405 3514 821 3578 contemnant;
856 3525 921 3564 ac
954 3526 1141 3580 neque
1188 3525 1288 3565 eos
1338 3509 1436 3580 qui
1472 3527 1505 3564 a
1534 3511 1746 3564 Graecis
1795 3510 1875 3565 dii
1926 3512 2051 3565 exi-

405 3598 740 3667 stimantur,
766 3615 868 3671 pro
899 3598 1012 3653 diis
1039 3598 1332 3666 habeant;
1369 3615 1551 3668 neque
1578 3598 1915 3654 Judaeorum
1950 3616 2049 3653 su-

403 3687 810 3760 perstitionem
844 3687 1171 3751 observent,
1205 3692 1261 3742 et
1292 3688 1425 3759 quis
1457 3688 1535 3742 sit
1576 3687 1672 3743 ille
1723 3705 1884 3743 amor
1933 3704 2048 3760 quo

405 3792 467 3831 se
501 3781 704 3832 mutuo
733 3780 1189 3848 prosequuntur,
1222 3780 1278 3830 et
1306 3792 1410 3830 cur
1436 3794 1649 3832 novum
1708 3776 1816 3833 hoc
1863 3793 2050 3849 genus

403 3869 505 3922 aut
538 3866 871 3921 institutum
903 3866 960 3918 in
984 3864 1467 3921 consuetudinem
1498 3867 1694 3921 venire
1726 3882 1882 3921 nunc
1931 3883 2048 3920 cae-

402 3953 574 4026 perit,
607 3970 673 4009 ac
703 3971 819 4008 non
862 3953 1062 4025 prius;
1122 3957 1425 4024 acceptum
1485 3954 1670 4009 habeo
1728 3959 1897 4009 tuum
1942 3954 2049 4010 boc

402 4042 782 4107 desiderium,
817 4045 873 4096 et
903 4050 1033 4112 peto
1066 4058 1099 4095 a
1130 4045 1263 4107 Deo,
1296 4041 1395 4111 qui
1429 4046 1486 4095 et
1515 4042 1788 4111 loquendi
1838 4047 1896 4097 et
1944 4060 2049 4097 au-

397 4129 594 4185 diendi
627 4130 797 4185 nobis
829 4129 1163 4184 facultatem
1197 4130 1551 4199 suppeditat,
1580 4134 1643 4184 ut
1659 4130 1731 4185 ab
1753 4147 1819 4185 eo
1855 4131 2047 4199 detur,

396 4217 836 4290 mihiquidem,
871 4218 951 4273 ita
981 4217 1155 4273 verba
1197 4218 1384 4272 facere
1431 4222 1496 4271 ut
1547 4218 1605 4272 in
1666 4218 1868 4288 primis
1912 4236 2048 4274 con-

2234 2971 2451 3043 Ἒπειὸὴ
2506 2975 2640 3049 ὁρῶ,
2692 2974 2943 3046 κράτιστε
2992 2972 3276 3047 Διόγνητε,
3312 2970 3829 3047 ὑπερεσπουδακότει

2164 3063 2271 3135 (39)
2322 3082 2379 3116 σε
2418 3063 2519 3131 τὴν
2563 3056 2865 3125 θεοσέϐειαν
2914 3064 3018 3114 τῶν
3066 3064 3401 3132 Χριστιανῶν
3460 3061 3694 3132 μαθεῖν,
3742 3061 3827 3114 καί

2160 3150 2302 3203 πάνυ
2349 3154 2530 3229 σαφῶς
2580 3149 2671 3204 καὶ
2721 3148 3000 3223 ἐπιμελῶς
3048 3147 3413 3221 ποθανόμενον
3462 3149 3596 3223 περὶ
3625 3149 3827 3221 αὐτῶν,

2160 3238 2266 3294 τίνι
2315 3261 2373 3294 τε
2420 3244 2535 3311 Θεῴ
2583 3238 2925 3305 πεποιθότες,
2956 3237 3044 3292 καὶ
3093 3242 3213 3299 πῶς
3262 3239 3685 3313 θρησκεύσαντες,
3740 3238 3828 3291 ατόο

2161 3328 2251 3383 τόν
2299 3350 2358 3383 τε
2410 3328 2613 3403 κόσμον
2669 3331 2781 3402 (40)
2828 3329 3133 3401 ὑπερορῶσι
3180 3326 3401 3392 πάντες,
3449 3328 3545 3381 καὶ
3596 3329 3827 3381 Θανάτου

2160 3422 2577 3493 καταφρονοῦσιο
2627 3418 2715 3473 καὶ
2765 3414 2888 3471 οὕτε
2934 3416 3060 3478 τοὺς
3106 3417 3506 3488 νομιζομένους
3570 3416 3681 3469 ὑπὸ
3727 3421 3823 3470 τῶν

2159 3504 2439 3577 Ἑλλήνων
2476 3506 2631 3571 θεοὺς
2684 3505 3015 3582 λογίζονται,
3049 3501 3171 3559 οὔτε
3218 3506 3316 3572 τὴν
3376 3501 3668 3559 Ἰουδαίων
3724 3502 3826 3558 3::-

2161 3594 2501 3669 σιδαιμονίαν
2559 3593 2913 3669 φυλάσσουσι’
2968 3593 3058 3648 καὶ
3116 3592 3235 3647 τίνα
3282 3593 3379 3660 τήν
3425 3591 3821 3669 φιλοποργέτν

2161 3683 2351 3760 ἔχουσι
2382 3685 2519 3761 πρὸς
2570 3682 2878 3754 ἀλλήλους·
2921 3681 3011 3736 καὶ
3056 3681 3107 3735 τί
3138 3678 3203 3751 δή
3257 3701 3389 3734 ποτε
3436 3682 3627 3735 καινὸν
3663 3686 3819 3735 τοῦτο

2158 3773 2311 3850 γένος
2350 3775 2385 3843 ἢ
2440 3770 2776 3844 ἐπιτήδευμα
2823 3771 3072 3840 εἰσῆλθεν
3122 3769 3197 3831 εἷς
3248 3769 3339 3823 τὸν
3396 3769 3513 3844 βίον
3568 3774 3693 3840 vis,
3738 3771 3817 3823 ιιαὲ

2161 3862 2222 3917 οὗ
2251 3863 2533 3936 πρότερον·
2587 3859 2935 3937 ἀποδέχομαι
2979 3881 3041 3934 γε
3084 3866 3185 3929 τῆς
3227 3858 3537 3933 προθυμίας
3593 3858 3653 3911 οὶ
3695 3858 3815 3911 ταύ-

2156 3973 2280 4023 της,
2330 3950 2420 4007 καί
2467 3952 2613 4027 παρὰ
2660 3956 2756 4005 τοῦ
2806 3954 2960 4016 Θεοῦ,
3009 3952 3107 4004 τοῦ
3157 3948 3246 4003 καὶ
3291 3946 3355 4001 τὸ
3406 3944 3594 4019 λέγειν
3642 3948 3732 4000 καί
3761 3946 3815 3999 τὸ

2157 4040 2371 4095 ἀκούειν
2428 4043 2563 4114 ἡμῖν
2611 4043 3013 4116 χορηγοῦντος,
3076 4038 3331 4109 αἰτοῦμαι
3392 4032 3647 4103 δοθῆναι,
3700 4035 3815 4107 ἐμοὶ

2165 4130 2277 4203 μὲν,
2330 4130 2498 4184 εἰπεῖν
2560 4129 2733 4191 οὕτως
2791 4129 2865 4189 ὡς
2929 4126 3165 4200 μάλιστα
3223 4125 3280 4178 ἃν
3334 4124 3572 4178 ἀκοῦσαί
3623 4127 3815 4197 (41)σι

2164 4217 2364 4295 βελτίω
2393 4218 2657 4293 γενέσθαι·
2710 4216 2795 4272 σοι
2844 4237 2922 4287 τε,
2955 4214 3129 4277 οὕτως
3176 4214 3425 4283 ἀκοῦσαι,
3478 4213 3562 4275 ὡς
3616 4215 3694 4286 μή
3728 4212 3818 4267 λοι

393 4306 604 4380 tingat,
636 4310 713 4374 te,
746 4310 1058 4379 postquam
1095 4304 1373 4376 audieris,
1416 4304 1715 4361 meliorem
1770 4308 2045 4377 evadere;

2173 4314 2401 4378 πηθῆναι
2431 4308 2522 4362 τὸν
2558 4305 2797 4363 εἰπόντα.

397 4399 455 4454 et
482 4397 615 4463 tibi,
640 4396 723 4453 ita
754 4395 977 4465 audire,
1011 4399 1077 4450 ut
1100 4393 1345 4451 tristitia
1374 4411 1491 4451 non
1523 4394 1814 4453 afﬁciatur
1845 4397 1895 4453 is
1946 4396 2049 4468 qui

395 4486 575 4545 verba
604 4486 827 4544 fecerit.

845 4612 980 4669 CAP.
1013 4611 1084 4668 II.
1118 4611 1358 4683 Exponit
1385 4614 1577 4668 auctor
1605 4612 1885 4683 Epistolas,
1909 4626 2009 4667 cur
2035 4609 2345 4668 Christiani
2370 4608 2673 4666 simulacra
2702 4624 2812 4667 non
2841 4608 3050 4681 colant,
3079 4612 3143 4665 ut
3172 4606 3367 4665 Graeci.

471 4738 591 4809 Age
620 4736 825 4810 igitur,
857 4740 1170 4809 postquam
1206 4735 1459 4808 teipsum
1493 4754 1527 4792 a
1555 4737 1784 4793 cunctis
1833 4737 2051 4810 cogita-

400 4826 662 4881 tionibus
694 4831 949 4882 mentem
981 4831 1146 4882 tuam
1178 4826 1725 4897 praeoccupantibus
1766 4843 2051 4899 purgave-

399 4912 502 4984 ris,
541 4918 600 4969 et
631 4914 1117 4970 consuetudinem
1149 4929 1276 4985 qua)
1297 4916 1353 4968 te
1370 4913 1615 4985 decepit,
1639 4920 1921 4986 tanquam
1940 4915 2051 4971 im-

493 5062 584 5135 35)
617 5063 840 5135 Fabric.
868 5063 1012 5119 Bibl.
1049 5063 1163 5129 Gr.,
1187 5066 1332 5135 tom.
1362 5062 1601 5135 II_.7pag.
1633 5064 1758 5118 226.

480 5078 563 5117 oo
617 5078 840 5145 ιεἰιοιζιο.
868 5078 1012 5119 mat.
1049 5078 1163 5146 un,
1187 5078 1329 5117 tom.
1362 5078 1435 5116 ιι.
1510 5078 1601 5135 ag.
1633 5078 1758 5118 κιο.

616 5134 838 5191 Corsin.
867 5137 1009 5191 Fast.
1043 5136 1205 5191 Attzc.
1246 5132 1360 5189 vol.
1413 5078 1511 5203 Ill:
1566 5151 1625 5206 p.
1682 5136 1805 5205 146,
1853 5139 1909 5191 et
1956 5136 2049 5206 IV,

400 5221 585 5349 p.(zg‘jll)
616 5282 825 5334 Nourr.
858 5283 1064 5349 Appar.
1099 5277 1177 5332 ad
1209 5276 1340 5349 bibl.
1375 5274 1506 5339 PP.,
1535 5279 1678 5331 tom.
1714 5276 1734 5331 Ι
1767 5294 1898 5349 pag.
1922 5279 2050 5335 447.

498 5348 587 5419 38)
619 5349 769 5405 Bull.
796 5348 1010 5421 Defens.
1044 5349 1145 5420 ﬁd.
1194 5348 1340 5413 Nic.,
1390 5351 1643 5421 secttu,
1690 5364 1816 5420 cap.
1851 5348 1959 5419 71,9'
1994 5351 2049 5417 8,

404 5424 461 5475 et
484 5425 631 5496 sect.
669 5439 754 5489 ιιι,
787 5418 914 5496 cap.
945 5424 1001 5496 2,
1033 5418 1063 5494 ς
1090 5424 1145 5496 _2,
1175 5434 1346 5496 pagg.
1368 5418 1629 5496 .69,_488.

498 5492 587 5563 39)
644 5489 1194 5568 Ὑπερεσῖπουδακόταῖ
1261 5489 1415 5568 ’An_te
1445 5560 1455 5568 _
1482 5489 1633 5545 hanc
1652 5563 1667 5568 _
1692 5507 1890 5547 vocem
1969 5491 2051 5548 le-

403 5560 651 5646 gebatur
680 5560 845 5646 ᾡςῖιι
879 5564 1113 5646 Beureri
1144 5560 1481 5633 exemplari,
1517 5563 1669 5643 quod
1703 5568 1769 5618 ut
1806 5581 2049 5636 prorsus

402 5633 631 5709 inutile,
665 5637 895 5709 videtur
923 5633 1655 5709 Stephanus_expunxisse_.

469 5706 789 5781 (49)A_616v
843 5729 903 5764 τε
958 5705 1189 5781 κόσμον.
1252 5705 1450 5781 Mallet
1495 5705 1832 5781 Stephanus
1884 5705 2044 5781 αὐτόν

398 5792 456 5825 τε
481 5773 574 5829 τὸν
600 5774 824 5851 κόσμον.
860 5782 971 5838 Sed
999 5773 1156 5837 haud
1188 5776 1310 5834 scio
1341 5793 1415 5832 an
1446 5773 1688 5848 operam
1736 5776 1901 5835 ludat
1942 5780 2046 5839 do-

2233 4730 2501 4811 Ἀγε“δὴ,
2548 4734 2787 4808 καθάρας
2834 4734 3053 4789 σεαυτὸν
3103 4732 3211 4788 ἀπὸ
3258 4732 3473 4787 πάντων
3529 4736 3645 4787 τῶν
3694 4753 3812 4809 προ-

2159 4823 2501 4899 κατεχόντων
2550 4827 2646 4877 σοῦ
2700 4824 2800 4891 τήν
2873 4820 3117 4877 διάνοιαν
3175 4820 3460 4896 λογισμῶν
3496 4864 3512 4891 ,
3576 4824 3671 4877 καὶ
3728 4826 3807 4889 τήν

2162 4911 2446 4967 άπατῶσάν
2504 4932 2563 4966 σε
2619 4912 2899 4982 συνήθειαν
2957 4910 3468 4983 ἀποσκευασάμενος
3502 4956 3520 4980 ,
3582 4911 3676 4967 καὶ
3732 4932 3803 4981 7:-

2164 5062 2468 5133 ctissimus
2498 5061 2939 5133 grammaticus,
2974 5062 3117 5118 dum
3137 5061 3199 5116 in
3232 5060 3341 5117 hoc
3372 5061 3602 5133 scripto
3632 5079 3800 5118 emen-

2165 5135 2356 5207 dando
2390 5132 2473 5207 sic
2504 5132 2797 5205 versatur,
2826 5134 2992 5207 quasi
3033 5133 3293 5191 Platonis
3352 5132 3515 5189 esset
3566 5140 3670 5190 ant
3713 5135 3797 5191 Die-

2163 5205 2484 5261 mosthenis
2516 5222 2683 5276 opus.

2232 5279 2346 5359 (Iri)
2406 5276 2699 5359 Ἀκοῦσαι.⁹
2742 5276 2905 5359 Legit
2990 5276 3270 5359 §tephan.
3348 5276 3683 5359 ἀκοζόσέντα,

2162 5344 2337 5421 paulo
2368 5354 2499 5420 post
2526 5354 2652 5403 tum
2684 5347 2809 5420 ipse
2824 5344 2966 5403 tum
2999 5344 3349 5475 ξῖιῇιιιιξὶυς
3378 5347 3468 5401 σοὶ
3499 5344 3567 5402 δὲ
3598 5344 3789 5429 procul

2160 5440 2233 5494 τε.
2270 5421 2395 5477 Non
2426 5424 2646 5494 tamen_
2691 5427 2978 5494 repugnat
3008 5420 3048 5475 Il
3078 5422 3155 5476 ud
3239 5439 3465 5494 ,δίοιδε-αι,
3526 5426 3590 5494 et
3645 5431 3789 5494 miro:

2161 5493 2415 5565 Stepano
2475 5489 2868 5566 displicuisse:
2923 5494 3065 5549 Mihi
3118 5493 3339 5566 quidem
3396 5489 3477 5547 ita
3514 5492 3679 5548 detur
3721 5489 3787 5543 lo-

2194 5563 2279 5632 αι’,
2308 5572 2370 5619 ut
2396 5563 2621 5619 audiam
2654 5564 2709 5618 in
2749 5565 2947 5635 primis
2992 5563 3283 5621 meliorem
3333 5568 3385 5620 te
3423 5579 3541 5620 esse
3586 5570 3783 5635 facta

2194 5582 2273 5632 ut,
2308 5582 2370 5619 ut
2396 5582 2621 5619 auctam
2654 5582 2709 5618 tn
2749 5582 2947 5635 pnmu
2992 5582 3283 5621 meliorem
3333 5582 3385 5620 te
3423 5582 3541 5620 esse
3586 5582 3783 5634 [acum

2159 5582 2382 5764 éimilis
2413 5635 2667 5708 precatio
2696 5635 2755 5691 in
2777 5636 3011 5695 exordio
3043 5636 3458 5695 Cohortationis
3484 5635 3701 5694 Justini
3732 5628 3784 5688 ad

2203 5724 2389 5764 rzcos.

2203 5724 2389 5768 rzcos.

2990 5276 3270 5341 Stephan.
3348 5274 3683 5341 ἀκούσαντα,
3751 5278 3794 5326 κ
