  <div class='ocr_page' id='page_1' title='image "/cluster/home/n/w/nwhite01/storage/ocr_20150623/2/hvd.32044073501397/592.png"; bbox 0 0 4016 6222; ppageno 0'>
   <div class='ocr_carea' id='block_1_1' title="bbox 226 318 384 381">
    <p class='ocr_par' dir='ltr' id='par_1_1' title="bbox 226 318 384 381">
     <span class='ocr_line' id='line_1_1' title="bbox 226 318 384 381; baseline -0.006 -2"><span class='ocrx_word' id='word_1_1' title='bbox 226 318 384 381; x_wconf 80' lang='lat' dir='ltr'>H69</span> 
     </span>
    </p>
   </div>
   <div class='ocr_carea' id='block_1_2' title="bbox 1403 312 2483 375">
    <p class='ocr_par' dir='ltr' id='par_1_2' title="bbox 1403 312 2483 375">
     <span class='ocr_line' id='line_1_2' title="bbox 1403 312 2483 375; baseline -0.004 -1"><span class='ocrx_word' id='word_1_2' title='bbox 1403 314 1785 375; x_wconf 87' lang='lat' dir='ltr'>EPISTOLA</span> <span class='ocrx_word' id='word_1_3' title='bbox 1841 313 1948 371; x_wconf 83' lang='lat' dir='ltr'><strong>AD</strong></span> <span class='ocrx_word' id='word_1_4' title='bbox 1991 312 2483 375; x_wconf 84' lang='lat' dir='ltr'>DIOGNETUM.</span> 
     </span>
    </p>
   </div>
   <div class='ocr_carea' id='block_1_3' title="bbox 3488 317 3645 377">
    <p class='ocr_par' dir='ltr' id='par_1_3' title="bbox 3488 317 3645 377">
     <span class='ocr_line' id='line_1_3' title="bbox 3488 317 3645 377; baseline 0 0"><span class='ocrx_word' id='word_1_5' title='bbox 3488 317 3645 377; x_wconf 80' lang='grc'>1170</span> 
     </span>
    </p>
   </div>
   <div class='ocr_carea' id='block_1_4' title="bbox 218 438 1863 522">
    <p class='ocr_par' dir='ltr' id='par_1_4' title="bbox 218 438 1863 522">
     <span class='ocr_line' id='line_1_4' title="bbox 218 438 1863 522; baseline -0.005 -19"><span class='ocrx_word' id='word_1_6' title='bbox 218 438 470 522; x_wconf 81' lang='grc' dir='ltr'>νόμενος,</span> <span class='ocrx_word' id='word_1_7' title='bbox 530 445 711 521; x_wconf 84' lang='grc' dir='ltr'>ὥσπερ</span> <span class='ocrx_word' id='word_1_8' title='bbox 770 445 819 517; x_wconf 73' lang='grc' dir='ltr'>ἐξ</span> <span class='ocrx_word' id='word_1_9' title='bbox 888 444 1115 520; x_wconf 71' lang='grc' dir='ltr'>ἀρχῆς,</span> <span class='ocrx_word' id='word_1_10' title='bbox 1172 443 1357 505; x_wconf 86' lang='grc' dir='ltr'>καινὸς</span> <span class='ocrx_word' id='word_1_11' title='bbox 1414 445 1738 518; x_wconf 80' lang='grc' dir='ltr'>ἄνθρωπος,</span> <span class='ocrx_word' id='word_1_12' title='bbox 1790 441 1863 502; x_wconf 82' lang='grc' dir='ltr'>ὡς</span> 
     </span>
    </p>
   </div>
   <div class='ocr_carea' id='block_1_5' title="bbox 1975 438 3620 522">
    <p class='ocr_par' dir='ltr' id='par_1_5' title="bbox 1983 443 3620 519">
     <span class='ocr_line' id='line_1_5' title="bbox 1983 443 3620 519; baseline 0.004 -23"><span class='ocrx_word' id='word_1_13' title='bbox 1983 444 2385 514; x_wconf 90' lang='lat' dir='ltr'>pedimentum</span> <span class='ocrx_word' id='word_1_14' title='bbox 2418 443 2675 514; x_wconf 82' lang='lat' dir='ltr'>aliquod,</span> <span class='ocrx_word' id='word_1_15' title='bbox 2728 444 3015 515; x_wconf 89' lang='lat' dir='ltr'>rejeceris,</span> <span class='ocrx_word' id='word_1_16' title='bbox 3065 448 3123 500; x_wconf 85' lang='lat' dir='ltr'>et</span> <span class='ocrx_word' id='word_1_17' title='bbox 3172 446 3359 502; x_wconf 85' lang='lat' dir='ltr'>factus</span> <span class='ocrx_word' id='word_1_18' title='bbox 3421 448 3620 519; x_wconf 89' lang='lat' dir='ltr'>fueris,</span> 
     </span>
    </p>
   </div>
   <div class='ocr_carea' id='block_1_6' title="bbox 220 531 1873 611">
    <p class='ocr_par' dir='ltr' id='par_1_6' title="bbox 220 531 1873 611">
     <span class='ocr_line' id='line_1_6' title="bbox 220 531 1873 611; baseline -0.005 -18"><span class='ocrx_word' id='word_1_19' title='bbox 220 541 279 594; x_wconf 75' lang='grc' dir='ltr'>ἂν</span> <span class='ocrx_word' id='word_1_20' title='bbox 338 538 427 592; x_wconf 75' lang='grc' dir='ltr'>καὶ</span> <span class='ocrx_word' id='word_1_21' title='bbox 484 534 656 611; x_wconf 76' lang='grc' dir='ltr'>λόγου</span> <span class='ocrx_word' id='word_1_22' title='bbox 714 538 902 589; x_wconf 73' lang='grc' dir='ltr'>καινοῦ</span> <span class='ocrx_word' id='word_1_23' title='bbox 962 534 1247 606; x_wconf 78' lang='grc' dir='ltr'>(καθάπερ</span> <span class='ocrx_word' id='word_1_24' title='bbox 1322 533 1412 587; x_wconf 82' lang='grc' dir='ltr'>καὶ</span> <span class='ocrx_word' id='word_1_25' title='bbox 1470 532 1627 593; x_wconf 74' lang='grc' dir='ltr'>αὐτὸς</span> <span class='ocrx_word' id='word_1_26' title='bbox 1696 531 1873 604; x_wconf 86' lang='grc' dir='ltr'>ὡμο-</span> 
     </span>
    </p>
   </div>
   <div class='ocr_carea' id='block_1_7' title="bbox 219 619 1874 703">
    <p class='ocr_par' dir='ltr' id='par_1_7' title="bbox 219 619 1874 703">
     <span class='ocr_line' id='line_1_7' title="bbox 219 619 1874 703; baseline -0.006 -21"><span class='ocrx_word' id='word_1_27' title='bbox 219 623 511 703; x_wconf 80' lang='grc' dir='ltr'>λόγησας)</span> <span class='ocrx_word' id='word_1_28' title='bbox 569 625 841 700; x_wconf 70' lang='grc' dir='ltr'>ἀκροατὴς</span> <span class='ocrx_word' id='word_1_29' title='bbox 900 622 1197 695; x_wconf 80' lang='grc' dir='ltr'>ἐσόμενος·</span> <span class='ocrx_word' id='word_1_30' title='bbox 1260 619 1341 676; x_wconf 62' lang='grc' dir='ltr'>ἴδε</span> <span class='ocrx_word' id='word_1_31' title='bbox 1401 623 1475 693; x_wconf 74' lang='grc' dir='ltr'>μὴ</span> <span class='ocrx_word' id='word_1_32' title='bbox 1540 620 1700 693; x_wconf 86' lang='grc' dir='ltr'>μόνον</span> <span class='ocrx_word' id='word_1_33' title='bbox 1759 625 1874 680; x_wconf 86' lang='grc' dir='ltr'>τοῖς</span> 
     </span>
    </p>
   </div>
   <div class='ocr_carea' id='block_1_8' title="bbox 222 709 1873 793">
    <p class='ocr_par' dir='ltr' id='par_1_8' title="bbox 222 709 1873 793">
     <span class='ocr_line' id='line_1_8' title="bbox 222 709 1873 793; baseline -0.005 -24"><span class='ocrx_word' id='word_1_34' title='bbox 222 713 573 793; x_wconf 73' lang='grc' dir='ltr'>ὀφθαλμοῖς,</span> <span class='ocrx_word' id='word_1_35' title='bbox 631 710 777 767; x_wconf 72' lang='grc' dir='ltr'>ἀλλὰ</span> <span class='ocrx_word' id='word_1_36' title='bbox 822 712 911 767; x_wconf 84' lang='grc' dir='ltr'>καὶ</span> <span class='ocrx_word' id='word_1_37' title='bbox 967 713 1037 782; x_wconf 78' lang='grc' dir='ltr'>τῇ</span> <span class='ocrx_word' id='word_1_38' title='bbox 1093 713 1372 789; x_wconf 71' lang='grc' dir='ltr'>φρονήσει,</span> <span class='ocrx_word' id='word_1_39' title='bbox 1432 710 1578 770; x_wconf 80' lang='grc' dir='ltr'>τίνος</span> <span class='ocrx_word' id='word_1_40' title='bbox 1638 709 1873 762; x_wconf 84' lang='grc' dir='ltr'>ὑποστά-</span> 
     </span>
    </p>
   </div>
   <div class='ocr_carea' id='block_1_9' title="bbox 221 797 1871 875">
    <p class='ocr_par' dir='ltr' id='par_1_9' title="bbox 221 797 1871 875">
     <span class='ocr_line' id='line_1_9' title="bbox 221 797 1871 875; baseline -0.005 -17"><span class='ocrx_word' id='word_1_41' title='bbox 221 826 355 866; x_wconf 87' lang='grc' dir='ltr'>σεως</span> <span class='ocrx_word' id='word_1_42' title='bbox 388 806 499 875; x_wconf 77' lang='grc'>(42)</span> <span class='ocrx_word' id='word_1_43' title='bbox 532 802 565 870; x_wconf 66' lang='grc' dir='ltr'>ἢ</span> <span class='ocrx_word' id='word_1_44' title='bbox 599 822 745 863; x_wconf 86' lang='grc' dir='ltr'>τινος</span> <span class='ocrx_word' id='word_1_45' title='bbox 796 798 972 862; x_wconf 67' lang='grc' dir='ltr'>εἶ’δους</span> <span class='ocrx_word' id='word_1_46' title='bbox 1019 797 1381 875; x_wconf 84' lang='grc' dir='ltr'>τυγχάνουσιν</span> <span class='ocrx_word' id='word_1_47' title='bbox 1434 798 1524 860; x_wconf 72' lang='grc' dir='ltr'>οὓς</span> <span class='ocrx_word' id='word_1_48' title='bbox 1576 798 1745 873; x_wconf 82' lang='grc' dir='ltr'>ἐρεῖτε</span> <span class='ocrx_word' id='word_1_49' title='bbox 1783 798 1871 850; x_wconf 83' lang='grc' dir='ltr'>καί</span> 
     </span>
    </p>
   </div>
   <div class='ocr_carea' id='block_1_10' title="bbox 220 884 1870 967">
    <p class='ocr_par' dir='ltr' id='par_1_10' title="bbox 220 884 1870 967">
     <span class='ocr_line' id='line_1_10' title="bbox 220 884 1870 967; baseline -0.006 -18"><span class='ocrx_word' id='word_1_50' title='bbox 220 894 467 967; x_wconf 76' lang='grc' dir='ltr'>νομίζετε</span> <span class='ocrx_word' id='word_1_51' title='bbox 498 894 669 953; x_wconf 88' lang='grc' dir='ltr'>θεους.</span> <span class='ocrx_word' id='word_1_52' title='bbox 703 890 822 965; x_wconf 84' lang='grc' dir='ltr'>Ούχ</span> <span class='ocrx_word' id='word_1_53' title='bbox 875 891 902 944; x_wconf 99' lang='lat'>6</span> <span class='ocrx_word' id='word_1_54' title='bbox 956 889 1050 963; x_wconf 77' lang='grc' dir='ltr'>μὲν</span> <span class='ocrx_word' id='word_1_55' title='bbox 1098 910 1205 956; x_wconf 87' lang='grc' dir='ltr'>τις,</span> <span class='ocrx_word' id='word_1_56' title='bbox 1258 886 1411 951; x_wconf 76' lang='grc' dir='ltr'>λίθος</span> <span class='ocrx_word' id='word_1_57' title='bbox 1462 887 1623 959; x_wconf 78' lang='grc' dir='ltr'>ἐστὶν,</span> <span class='ocrx_word' id='word_1_58' title='bbox 1675 884 1870 959; x_wconf 72' lang='grc' dir='ltr'>ὅμοιος</span> 
     </span>
    </p>
   </div>
   <div class='ocr_carea' id='block_1_11' title="bbox 217 975 1867 1056">
    <p class='ocr_par' dir='ltr' id='par_1_11' title="bbox 217 975 1867 1056">
     <span class='ocr_line' id='line_1_11' title="bbox 217 975 1867 1056; baseline -0.005 -19"><span class='ocrx_word' id='word_1_59' title='bbox 217 985 296 1056; x_wconf 79' lang='grc' dir='ltr'>τῷ</span> <span class='ocrx_word' id='word_1_60' title='bbox 352 981 680 1054; x_wconf 77' lang='grc' dir='ltr'>πατουμὲνῳ</span> <span class='ocrx_word' id='word_1_61' title='bbox 739 999 752 1049; x_wconf 87' lang='grc'><strong>;</strong></span> <span class='ocrx_word' id='word_1_62' title='bbox 815 981 842 1034; x_wconf 92' lang='lat'>6</span> <span class='ocrx_word' id='word_1_63' title='bbox 904 977 949 1034; x_wconf 85' lang='grc' dir='ltr'>δ’</span> <span class='ocrx_word' id='word_1_64' title='bbox 985 1024 998 1047; x_wconf 93' lang='grc'>,</span> <span class='ocrx_word' id='word_1_65' title='bbox 1062 977 1173 1032; x_wconf 73' lang='grc' dir='ltr'>ἐστὶ</span> <span class='ocrx_word' id='word_1_66' title='bbox 1242 975 1485 1053; x_wconf 86' lang='grc' dir='ltr'>χαλκὸς,</span> <span class='ocrx_word' id='word_1_67' title='bbox 1546 976 1606 1031; x_wconf 81' lang='grc' dir='ltr'>ού</span> <span class='ocrx_word' id='word_1_68' title='bbox 1664 976 1867 1051; x_wconf 71' lang='grc' dir='ltr'>κρείσ-</span> 
     </span>
    </p>
   </div>
   <div class='ocr_carea' id='block_1_12' title="bbox 218 1066 1864 1145">
    <p class='ocr_par' dir='ltr' id='par_1_12' title="bbox 218 1066 1864 1145">
     <span class='ocr_line' id='line_1_12' title="bbox 218 1066 1864 1145; baseline -0.005 -18"><span class='ocrx_word' id='word_1_69' title='bbox 218 1095 324 1127; x_wconf 91' lang='grc' dir='ltr'>σων</span> <span class='ocrx_word' id='word_1_70' title='bbox 352 1077 459 1126; x_wconf 83' lang='grc' dir='ltr'>τῶν</span> <span class='ocrx_word' id='word_1_71' title='bbox 491 1070 568 1132; x_wconf 75' lang='grc' dir='ltr'>εἷς</span> <span class='ocrx_word' id='word_1_72' title='bbox 597 1072 696 1139; x_wconf 69' lang='grc' dir='ltr'>τήν</span> <span class='ocrx_word' id='word_1_73' title='bbox 732 1077 931 1145; x_wconf 78' lang='grc' dir='ltr'>χρῆσιν</span> <span class='ocrx_word' id='word_1_74' title='bbox 965 1070 1099 1141; x_wconf 80' lang='grc' dir='ltr'>ἡμῖν</span> <span class='ocrx_word' id='word_1_75' title='bbox 1132 1066 1584 1143; x_wconf 80' lang='grc' dir='ltr'>κεχαλκευμὲνων</span> <span class='ocrx_word' id='word_1_76' title='bbox 1619 1069 1819 1119; x_wconf 87' lang='grc' dir='ltr'>σκευῶν</span> <span class='ocrx_word' id='word_1_77' title='bbox 1852 1082 1864 1133; x_wconf 88' lang='lat'><strong>;</strong></span> 
     </span>
    </p>
   </div>
   <div class='ocr_carea' id='block_1_13' title="bbox 214 1151 1868 1232">
    <p class='ocr_par' dir='ltr' id='par_1_13' title="bbox 214 1151 1868 1232">
     <span class='ocr_line' id='line_1_13' title="bbox 214 1151 1868 1232; baseline -0.005 -17"><span class='ocrx_word' id='word_1_78' title='bbox 214 1162 241 1215; x_wconf 85' lang='lat'>6</span> <span class='ocrx_word' id='word_1_79' title='bbox 302 1159 401 1227; x_wconf 74' lang='grc' dir='ltr'>δὲ,</span> <span class='ocrx_word' id='word_1_80' title='bbox 458 1159 617 1232; x_wconf 78' lang='grc' dir='ltr'>ξύλον</span> <span class='ocrx_word' id='word_1_81' title='bbox 656 1204 669 1228; x_wconf 89' lang='grc'>,</span> <span class='ocrx_word' id='word_1_82' title='bbox 733 1156 841 1228; x_wconf 69' lang='grc' dir='ltr'>ἤδη</span> <span class='ocrx_word' id='word_1_83' title='bbox 902 1157 991 1212; x_wconf 78' lang='grc' dir='ltr'>καὶ</span> <span class='ocrx_word' id='word_1_84' title='bbox 1052 1156 1287 1226; x_wconf 82' lang='grc' dir='ltr'>σεσηπός</span> <span class='ocrx_word' id='word_1_85' title='bbox 1349 1174 1362 1226; x_wconf 88' lang='grc'><strong>;</strong></span> <span class='ocrx_word' id='word_1_86' title='bbox 1422 1157 1449 1209; x_wconf 92' lang='lat'>6</span> <span class='ocrx_word' id='word_1_87' title='bbox 1509 1153 1565 1209; x_wconf 68' lang='grc' dir='ltr'>δὲ</span> <span class='ocrx_word' id='word_1_88' title='bbox 1607 1200 1620 1223; x_wconf 94' lang='grc'>,</span> <span class='ocrx_word' id='word_1_89' title='bbox 1682 1151 1868 1229; x_wconf 76' lang='grc' dir='ltr'>ἄργυ-</span> 
     </span>
    </p>
   </div>
   <div class='ocr_carea' id='block_1_14' title="bbox 210 1240 1868 1325">
    <p class='ocr_par' dir='ltr' id='par_1_14' title="bbox 210 1240 1868 1325">
     <span class='ocr_line' id='line_1_14' title="bbox 210 1240 1868 1325; baseline -0.004 -21"><span class='ocrx_word' id='word_1_90' title='bbox 210 1269 323 1324; x_wconf 88' lang='grc' dir='ltr'>ρος,</span> <span class='ocrx_word' id='word_1_91' title='bbox 384 1248 609 1325; x_wconf 70' lang='grc' dir='ltr'>χρῄζων</span> <span class='ocrx_word' id='word_1_92' title='bbox 669 1248 957 1323; x_wconf 86' lang='grc' dir='ltr'>ἀνθρώπου</span> <span class='ocrx_word' id='word_1_93' title='bbox 1012 1250 1110 1302; x_wconf 77' lang='grc' dir='ltr'>τοῦ</span> <span class='ocrx_word' id='word_1_94' title='bbox 1152 1244 1499 1323; x_wconf 70' lang='grc' dir='ltr'>Δ’φυλάξοντος</span> <span class='ocrx_word' id='word_1_95' title='bbox 1553 1246 1671 1314; x_wconf 81' lang='grc'>(43)</span> <span class='ocrx_word' id='word_1_96' title='bbox 1704 1290 1719 1316; x_wconf 81' lang='grc'>,</span> <span class='ocrx_word' id='word_1_97' title='bbox 1774 1240 1868 1297; x_wconf 68' lang='grc' dir='ltr'>’ἶνα</span> 
     </span>
    </p>
   </div>
   <div class='ocr_carea' id='block_1_15' title="bbox 218 1331 1863 1412">
    <p class='ocr_par' dir='ltr' id='par_1_15' title="bbox 218 1331 1863 1412">
     <span class='ocr_line' id='line_1_15' title="bbox 218 1331 1863 1412; baseline -0.005 -19"><span class='ocrx_word' id='word_1_98' title='bbox 218 1340 293 1412; x_wconf 78' lang='grc' dir='ltr'>μὴ</span> <span class='ocrx_word' id='word_1_99' title='bbox 354 1336 540 1411; x_wconf 72' lang='grc' dir='ltr'>κλαπῇ</span> <span class='ocrx_word' id='word_1_100' title='bbox 595 1338 671 1407; x_wconf 86' lang='lat'>;6</span> <span class='ocrx_word' id='word_1_101' title='bbox 732 1334 790 1391; x_wconf 73' lang='grc' dir='ltr'>δὲ</span> <span class='ocrx_word' id='word_1_102' title='bbox 837 1382 849 1405; x_wconf 92' lang='grc'>,</span> <span class='ocrx_word' id='word_1_103' title='bbox 910 1333 1175 1411; x_wconf 79' lang='grc' dir='ltr'>σίδηρος,</span> <span class='ocrx_word' id='word_1_104' title='bbox 1237 1335 1339 1390; x_wconf 82' lang='grc' dir='ltr'>ὑπὸ</span> <span class='ocrx_word' id='word_1_105' title='bbox 1398 1334 1480 1388; x_wconf 73' lang='grc' dir='ltr'>ἰοῦ</span> <span class='ocrx_word' id='word_1_106' title='bbox 1538 1331 1863 1410; x_wconf 72' lang='grc' dir='ltr'>διεφθαρμέ-</span> 
     </span>
    </p>
   </div>
   <div class='ocr_carea' id='block_1_16' title="bbox 207 1421 1863 1501">
    <p class='ocr_par' dir='ltr' id='par_1_16' title="bbox 207 1421 1863 1501">
     <span class='ocr_line' id='line_1_16' title="bbox 207 1421 1863 1501; baseline -0.004 -20"><span class='ocrx_word' id='word_1_107' title='bbox 207 1446 344 1495; x_wconf 85' lang='grc' dir='ltr'>νος;</span> <span class='ocrx_word' id='word_1_108' title='bbox 408 1428 436 1481; x_wconf 90' lang='lat'>6</span> <span class='ocrx_word' id='word_1_109' title='bbox 493 1424 584 1494; x_wconf 71' lang='grc' dir='ltr'>δὲ,</span> <span class='ocrx_word' id='word_1_110' title='bbox 643 1421 944 1501; x_wconf 79' lang='grc' dir='ltr'>ὄστρακον,</span> <span class='ocrx_word' id='word_1_111' title='bbox 1002 1422 1154 1479; x_wconf 79' lang='grc' dir='ltr'>οὐδὲν</span> <span class='ocrx_word' id='word_1_112' title='bbox 1214 1427 1311 1478; x_wconf 75' lang='grc' dir='ltr'>τοῦ</span> <span class='ocrx_word' id='word_1_113' title='bbox 1373 1423 1863 1494; x_wconf 74' lang='grc' dir='ltr'>κατεσκευασμένου</span> 
     </span>
    </p>
   </div>
   <div class='ocr_carea' id='block_1_17' title="bbox 208 1510 1860 1591">
    <p class='ocr_par' dir='ltr' id='par_1_17' title="bbox 208 1510 1860 1591">
     <span class='ocr_line' id='line_1_17' title="bbox 208 1510 1860 1591; baseline -0.004 -20"><span class='ocrx_word' id='word_1_114' title='bbox 208 1516 345 1591; x_wconf 88' lang='grc' dir='ltr'>πρὸς</span> <span class='ocrx_word' id='word_1_115' title='bbox 397 1516 496 1584; x_wconf 78' lang='grc' dir='ltr'>τὴν</span> <span class='ocrx_word' id='word_1_116' title='bbox 557 1514 892 1587; x_wconf 75' lang='grc' dir='ltr'>ἀτιμοτάτην</span> <span class='ocrx_word' id='word_1_117' title='bbox 942 1512 1235 1583; x_wconf 77' lang='grc' dir='ltr'>ὑπηρεσίαν</span> <span class='ocrx_word' id='word_1_118' title='bbox 1290 1511 1712 1589; x_wconf 75' lang='grc' dir='ltr'>εὐπρεπέστερον</span> <span class='ocrx_word' id='word_1_119' title='bbox 1753 1530 1765 1580; x_wconf 91' lang='grc'>;</span> <span class='ocrx_word' id='word_1_120' title='bbox 1800 1510 1860 1566; x_wconf 84' lang='grc' dir='ltr'>οὐ</span> 
     </span>
    </p>
   </div>
   <div class='ocr_carea' id='block_1_18' title="bbox 208 1598 1860 1683">
    <p class='ocr_par' dir='ltr' id='par_1_18' title="bbox 208 1598 1860 1683">
     <span class='ocr_line' id='line_1_18' title="bbox 208 1598 1860 1683; baseline -0.002 -25"><span class='ocrx_word' id='word_1_121' title='bbox 208 1606 448 1683; x_wconf 76' lang='grc' dir='ltr'>φθαρτῆς</span> <span class='ocrx_word' id='word_1_122' title='bbox 507 1603 645 1673; x_wconf 74' lang='grc' dir='ltr'>ὕλης</span> <span class='ocrx_word' id='word_1_123' title='bbox 693 1608 860 1657; x_wconf 75' lang='grc' dir='ltr'>ταῦτα</span> <span class='ocrx_word' id='word_1_124' title='bbox 916 1604 1087 1657; x_wconf 72' lang='grc' dir='ltr'>πάντα</span> <span class='ocrx_word' id='word_1_125' title='bbox 1121 1647 1134 1671; x_wconf 88' lang='grc'>,</span> <span class='ocrx_word' id='word_1_126' title='bbox 1179 1602 1287 1676; x_wconf 76' lang='grc' dir='ltr'>οὖχ</span> <span class='ocrx_word' id='word_1_127' title='bbox 1338 1602 1440 1656; x_wconf 78' lang='grc' dir='ltr'>ὑπὸ</span> <span class='ocrx_word' id='word_1_128' title='bbox 1492 1598 1721 1674; x_wconf 68' lang='grc' dir='ltr'>σιδήρου</span> <span class='ocrx_word' id='word_1_129' title='bbox 1770 1600 1860 1655; x_wconf 78' lang='grc' dir='ltr'>καὶ</span> 
     </span>
    </p>
   </div>
   <div class='ocr_carea' id='block_1_19' title="bbox 207 1689 1859 1767">
    <p class='ocr_par' dir='ltr' id='par_1_19' title="bbox 207 1689 1859 1767">
     <span class='ocr_line' id='line_1_19' title="bbox 207 1689 1859 1767; baseline -0.003 -19"><span class='ocrx_word' id='word_1_130' title='bbox 207 1694 375 1767; x_wconf 77' lang='grc' dir='ltr'>πυρὸς</span> <span class='ocrx_word' id='word_1_131' title='bbox 432 1692 845 1767; x_wconf 72' lang='grc' dir='ltr'>κεχαλκευμένα</span> <span class='ocrx_word' id='word_1_132' title='bbox 896 1711 909 1760; x_wconf 88' lang='grc'>;</span> <span class='ocrx_word' id='word_1_133' title='bbox 970 1691 1077 1766; x_wconf 78' lang='grc' dir='ltr'>ούχ</span> <span class='ocrx_word' id='word_1_134' title='bbox 1135 1692 1163 1746; x_wconf 82' lang='grc' dir='ltr'><strong>ὃ</strong></span> <span class='ocrx_word' id='word_1_135' title='bbox 1225 1692 1319 1762; x_wconf 76' lang='grc' dir='ltr'>μὲν</span> <span class='ocrx_word' id='word_1_136' title='bbox 1374 1690 1548 1744; x_wconf 81' lang='grc' dir='ltr'>αὐτῶν</span> <span class='ocrx_word' id='word_1_137' title='bbox 1609 1737 1624 1763; x_wconf 79' lang='grc'>,</span> <span class='ocrx_word' id='word_1_138' title='bbox 1680 1689 1802 1753; x_wconf 91' lang='grc' dir='ltr'>λιθο</span> <span class='ocrx_word' id='word_1_139' title='bbox 1836 1724 1859 1733; x_wconf 90' lang='grc'><strong><em>-</em></strong></span> 
     </span>
    </p>
   </div>
   <div class='ocr_carea' id='block_1_20' title="bbox 1985 531 3625 604">
    <p class='ocr_par' dir='ltr' id='par_1_20' title="bbox 1985 531 3625 604">
     <span class='ocr_line' id='line_1_20' title="bbox 1985 531 3625 604; baseline 0.004 -19"><span class='ocrx_word' id='word_1_140' title='bbox 1985 531 2143 587; x_wconf 83' lang='lat' dir='ltr'>velut</span> <span class='ocrx_word' id='word_1_141' title='bbox 2174 534 2245 587; x_wconf 87' lang='lat' dir='ltr'>ab</span> <span class='ocrx_word' id='word_1_142' title='bbox 2278 532 2660 600; x_wconf 89' lang='lat' dir='ltr'>initio,n0vus</span> <span class='ocrx_word' id='word_1_143' title='bbox 2691 531 2887 603; x_wconf 90' lang='lat' dir='ltr'>homo,</span> <span class='ocrx_word' id='word_1_144' title='bbox 2920 537 3121 604; x_wconf 79' lang='lat' dir='ltr'>utpote</span> <span class='ocrx_word' id='word_1_145' title='bbox 3152 536 3443 590; x_wconf 80' lang='lat' dir='ltr'>sermonis</span> <span class='ocrx_word' id='word_1_146' title='bbox 3498 538 3625 591; x_wconf 90' lang='lat' dir='ltr'>novi</span> 
     </span>
    </p>
   </div>
   <div class='ocr_carea' id='block_1_21' title="bbox 1984 621 3637 694">
    <p class='ocr_par' dir='ltr' id='par_1_21' title="bbox 1984 621 3637 694">
     <span class='ocr_line' id='line_1_21' title="bbox 1984 621 3637 694; baseline 0.002 -19"><span class='ocrx_word' id='word_1_147' title='bbox 1984 621 2159 688; x_wconf 83' lang='lat' dir='ltr'>(sicut</span> <span class='ocrx_word' id='word_1_148' title='bbox 2191 626 2247 676; x_wconf 90' lang='lat' dir='ltr'>et</span> <span class='ocrx_word' id='word_1_149' title='bbox 2278 622 2401 693; x_wconf 91' lang='lat' dir='ltr'>ipse</span> <span class='ocrx_word' id='word_1_150' title='bbox 2433 622 2737 676; x_wconf 90' lang='lat' dir='ltr'>confessus</span> <span class='ocrx_word' id='word_1_151' title='bbox 2766 621 2851 693; x_wconf 87' lang='lat' dir='ltr'>es)</span> <span class='ocrx_word' id='word_1_152' title='bbox 2892 621 3124 677; x_wconf 81' lang='lat' dir='ltr'>auditor</span> <span class='ocrx_word' id='word_1_153' title='bbox 3173 624 3408 679; x_wconf 84' lang='lat' dir='ltr'>futurus</span> <span class='ocrx_word' id='word_1_154' title='bbox 3435 644 3452 694; x_wconf 77' lang='grc' dir='ltr'>ι,</span> <span class='ocrx_word' id='word_1_155' title='bbox 3505 625 3637 680; x_wconf 86' lang='lat' dir='ltr'>vide</span> 
     </span>
    </p>
   </div>
   <div class='ocr_carea' id='block_1_22' title="bbox 1985 710 3633 783">
    <p class='ocr_par' dir='ltr' id='par_1_22' title="bbox 1985 710 3633 783">
     <span class='ocr_line' id='line_1_22' title="bbox 1985 710 3633 783; baseline 0.003 -19"><span class='ocrx_word' id='word_1_156' title='bbox 1985 727 2098 765; x_wconf 92' lang='lat' dir='ltr'>non</span> <span class='ocrx_word' id='word_1_157' title='bbox 2135 710 2327 765; x_wconf 90' lang='lat' dir='ltr'>solum</span> <span class='ocrx_word' id='word_1_158' title='bbox 2379 710 2586 779; x_wconf 87' lang='lat' dir='ltr'>oculis,</span> <span class='ocrx_word' id='word_1_159' title='bbox 2614 711 2716 765; x_wconf 70' lang='lat' dir='ltr'>&#39;sed</span> <span class='ocrx_word' id='word_1_160' title='bbox 2749 710 2924 766; x_wconf 89' lang='lat' dir='ltr'>etiam</span> <span class='ocrx_word' id='word_1_161' title='bbox 2958 712 3287 783; x_wconf 80' lang='lat' dir='ltr'>prudentia,</span> <span class='ocrx_word' id='word_1_162' title='bbox 3314 715 3485 783; x_wconf 83' lang='lat' dir='ltr'>cujus</span> <span class='ocrx_word' id='word_1_163' title='bbox 3514 714 3633 769; x_wconf 90' lang='lat' dir='ltr'>sint</span> 
     </span>
    </p>
   </div>
   <div class='ocr_carea' id='block_1_23' title="bbox 1981 800 3632 872">
    <p class='ocr_par' dir='ltr' id='par_1_23' title="bbox 1981 800 3632 872">
     <span class='ocr_line' id='line_1_23' title="bbox 1981 800 3632 872; baseline 0.003 -18"><span class='ocrx_word' id='word_1_164' title='bbox 1981 800 2345 864; x_wconf 66' lang='lat' dir='ltr'>substantiae,</span> <span class='ocrx_word' id='word_1_165' title='bbox 2381 804 2481 854; x_wconf 85' lang='lat' dir='ltr'>aut</span> <span class='ocrx_word' id='word_1_166' title='bbox 2512 800 2681 870; x_wconf 89' lang='lat' dir='ltr'>cujus</span> <span class='ocrx_word' id='word_1_167' title='bbox 2733 800 2953 865; x_wconf 73' lang='lat' dir='ltr'>formae,</span> <span class='ocrx_word' id='word_1_168' title='bbox 3012 800 3051 853; x_wconf 88' lang='lat' dir='ltr'>ii</span> <span class='ocrx_word' id='word_1_169' title='bbox 3106 818 3250 872; x_wconf 88' lang='lat' dir='ltr'>quos</span> <span class='ocrx_word' id='word_1_170' title='bbox 3303 803 3522 859; x_wconf 83' lang='lat' dir='ltr'>vocatis</span> <span class='ocrx_word' id='word_1_171' title='bbox 3575 808 3632 859; x_wconf 90' lang='lat' dir='ltr'>et</span> 
     </span>
    </p>
   </div>
   <div class='ocr_carea' id='block_1_24' title="bbox 1980 888 3629 962">
    <p class='ocr_par' dir='ltr' id='par_1_24' title="bbox 1980 888 3629 962">
     <span class='ocr_line' id='line_1_24' title="bbox 1980 888 3629 962; baseline 0.002 -18"><span class='ocrx_word' id='word_1_172' title='bbox 1980 888 2330 944; x_wconf 84' lang='lat' dir='ltr'>existimatis</span> <span class='ocrx_word' id='word_1_173' title='bbox 2361 889 2517 943; x_wconf 91' lang='lat' dir='ltr'>deos.</span> <span class='ocrx_word' id='word_1_174' title='bbox 2562 889 2766 943; x_wconf 87' lang='lat' dir='ltr'>Nonne</span> <span class='ocrx_word' id='word_1_175' title='bbox 2811 904 3009 943; x_wconf 89' lang='lat' dir='ltr'>eorum</span> <span class='ocrx_word' id='word_1_176' title='bbox 3044 889 3196 945; x_wconf 90' lang='lat' dir='ltr'>alius</span> <span class='ocrx_word' id='word_1_177' title='bbox 3244 890 3479 962; x_wconf 89' lang='lat' dir='ltr'>quidem</span> <span class='ocrx_word' id='word_1_178' title='bbox 3540 897 3629 948; x_wconf 89' lang='lat' dir='ltr'>est</span> 
     </span>
    </p>
   </div>
   <div class='ocr_carea' id='block_1_25' title="bbox 1980 976 3627 1049">
    <p class='ocr_par' dir='ltr' id='par_1_25' title="bbox 1980 976 3627 1049">
     <span class='ocr_line' id='line_1_25' title="bbox 1980 976 3627 1049; baseline 0.002 -17"><span class='ocrx_word' id='word_1_179' title='bbox 1980 977 2207 1049; x_wconf 77' lang='lat' dir='ltr'>lapis,ei</span> <span class='ocrx_word' id='word_1_180' title='bbox 2240 978 2338 1049; x_wconf 89' lang='lat' dir='ltr'>qui</span> <span class='ocrx_word' id='word_1_181' title='bbox 2374 977 2627 1031; x_wconf 84' lang='lat' dir='ltr'>calcatur</span> <span class='ocrx_word' id='word_1_182' title='bbox 2650 976 2862 1032; x_wconf 87' lang='lat' dir='ltr'>similis</span> <span class='ocrx_word' id='word_1_183' title='bbox 2884 978 2911 1031; x_wconf 92' lang='lat'>?</span> <span class='ocrx_word' id='word_1_184' title='bbox 2931 977 3082 1033; x_wconf 92' lang='lat' dir='ltr'>alius</span> <span class='ocrx_word' id='word_1_185' title='bbox 3102 983 3296 1034; x_wconf 90' lang='lat' dir='ltr'>autem</span> <span class='ocrx_word' id='word_1_186' title='bbox 3330 986 3418 1035; x_wconf 90' lang='lat' dir='ltr'>est</span> <span class='ocrx_word' id='word_1_187' title='bbox 3437 981 3627 1049; x_wconf 65' lang='lat' dir='ltr'>aes,ni-</span> 
     </span>
    </p>
   </div>
   <div class='ocr_carea' id='block_1_26' title="bbox 1979 1066 3625 1138">
    <p class='ocr_par' dir='ltr' id='par_1_26' title="bbox 1979 1066 3625 1138">
     <span class='ocr_line' id='line_1_26' title="bbox 1979 1066 3625 1138; baseline 0.003 -17"><span class='ocrx_word' id='word_1_188' title='bbox 1979 1066 2097 1121; x_wconf 87' lang='lat' dir='ltr'>hilo</span> <span class='ocrx_word' id='word_1_189' title='bbox 2128 1066 2339 1122; x_wconf 74' lang='lat' dir='ltr'>melius</span> <span class='ocrx_word' id='word_1_190' title='bbox 2372 1083 2546 1137; x_wconf 89' lang='lat' dir='ltr'>quam</span> <span class='ocrx_word' id='word_1_191' title='bbox 2580 1083 2704 1138; x_wconf 72' lang='lat' dir='ltr'>qua:</span> <span class='ocrx_word' id='word_1_192' title='bbox 2737 1067 2794 1121; x_wconf 91' lang='lat' dir='ltr'>in</span> <span class='ocrx_word' id='word_1_193' title='bbox 2830 1084 3005 1122; x_wconf 88' lang='lat' dir='ltr'>usum</span> <span class='ocrx_word' id='word_1_194' title='bbox 3038 1073 3307 1124; x_wconf 89' lang='lat' dir='ltr'>nostrum</span> <span class='ocrx_word' id='word_1_195' title='bbox 3342 1069 3625 1126; x_wconf 87' lang='lat' dir='ltr'>fabricata</span> 
     </span>
    </p>
   </div>
   <div class='ocr_carea' id='block_1_27' title="bbox 1978 1155 3624 1230">
    <p class='ocr_par' dir='ltr' id='par_1_27' title="bbox 1978 1155 3624 1230">
     <span class='ocr_line' id='line_1_27' title="bbox 1978 1155 3624 1230; baseline 0.002 -19"><span class='ocrx_word' id='word_1_196' title='bbox 1978 1161 2117 1212; x_wconf 91' lang='lat' dir='ltr'>sunt</span> <span class='ocrx_word' id='word_1_197' title='bbox 2132 1173 2271 1211; x_wconf 90' lang='lat' dir='ltr'>vasa</span> <span class='ocrx_word' id='word_1_198' title='bbox 2293 1157 2320 1210; x_wconf 89' lang='lat'>?</span> <span class='ocrx_word' id='word_1_199' title='bbox 2342 1155 2815 1227; x_wconf 87' lang='lat' dir='ltr'>aliuslignum,et</span> <span class='ocrx_word' id='word_1_200' title='bbox 2836 1156 3071 1227; x_wconf 89' lang='lat' dir='ltr'>quidem</span> <span class='ocrx_word' id='word_1_201' title='bbox 3094 1156 3268 1212; x_wconf 88' lang='lat' dir='ltr'>etiam</span> <span class='ocrx_word' id='word_1_202' title='bbox 3284 1158 3624 1230; x_wconf 85' lang='lat' dir='ltr'>putridum?</span> 
     </span>
    </p>
   </div>
   <div class='ocr_carea' id='block_1_28' title="bbox 1976 1244 3617 1317">
    <p class='ocr_par' dir='ltr' id='par_1_28' title="bbox 1976 1244 3617 1317">
     <span class='ocr_line' id='line_1_28' title="bbox 1976 1244 3617 1317; baseline 0.001 -16"><span class='ocrx_word' id='word_1_203' title='bbox 1976 1246 2147 1311; x_wconf 88' lang='lat' dir='ltr'>alius,</span> <span class='ocrx_word' id='word_1_204' title='bbox 2180 1248 2508 1317; x_wconf 86' lang='lat' dir='ltr'>argentum,</span> <span class='ocrx_word' id='word_1_205' title='bbox 2543 1244 2634 1299; x_wconf 92' lang='lat' dir='ltr'>cui</span> <span class='ocrx_word' id='word_1_206' title='bbox 2662 1261 2809 1313; x_wconf 89' lang='lat' dir='ltr'>opus</span> <span class='ocrx_word' id='word_1_207' title='bbox 2838 1250 2928 1300; x_wconf 91' lang='lat' dir='ltr'>est</span> <span class='ocrx_word' id='word_1_208' title='bbox 2957 1245 3193 1301; x_wconf 89' lang='lat' dir='ltr'>homine</span> <span class='ocrx_word' id='word_1_209' title='bbox 3233 1248 3617 1316; x_wconf 90' lang='lat' dir='ltr'>custodituro,</span> 
     </span>
    </p>
   </div>
   <div class='ocr_carea' id='block_1_29' title="bbox 1975 1333 3623 1409">
    <p class='ocr_par' dir='ltr' id='par_1_29' title="bbox 1975 1333 3623 1409">
     <span class='ocr_line' id='line_1_29' title="bbox 1975 1333 3623 1409; baseline 0.002 -19"><span class='ocrx_word' id='word_1_210' title='bbox 1975 1352 2048 1390; x_wconf 91' lang='lat' dir='ltr'>ne</span> <span class='ocrx_word' id='word_1_211' title='bbox 2080 1336 2233 1390; x_wconf 86' lang='lat' dir='ltr'>furto</span> <span class='ocrx_word' id='word_1_212' title='bbox 2268 1334 2613 1389; x_wconf 77' lang='lat' dir='ltr'>auferatur?</span> <span class='ocrx_word' id='word_1_213' title='bbox 2637 1333 2811 1403; x_wconf 88' lang='lat' dir='ltr'>alius,</span> <span class='ocrx_word' id='word_1_214' title='bbox 2836 1334 3053 1390; x_wconf 87' lang='lat' dir='ltr'>ferrum</span> <span class='ocrx_word' id='word_1_215' title='bbox 3103 1336 3373 1409; x_wconf 81' lang='lat' dir='ltr'>rubigine</span> <span class='ocrx_word' id='word_1_216' title='bbox 3429 1354 3623 1393; x_wconf 85' lang='lat' dir='ltr'>corru-</span> 
     </span>
    </p>
   </div>
   <div class='ocr_carea' id='block_1_30' title="bbox 1974 1422 3619 1497">
    <p class='ocr_par' dir='ltr' id='par_1_30' title="bbox 1974 1422 3619 1497">
     <span class='ocr_line' id='line_1_30' title="bbox 1974 1422 3619 1497; baseline 0.001 -18"><span class='ocrx_word' id='word_1_217' title='bbox 1974 1429 2140 1497; x_wconf 89' lang='lat' dir='ltr'>ptum</span> <span class='ocrx_word' id='word_1_218' title='bbox 2175 1424 2202 1478; x_wconf 88' lang='lat'>?</span> <span class='ocrx_word' id='word_1_219' title='bbox 2228 1423 2379 1479; x_wconf 88' lang='lat' dir='ltr'>alius</span> <span class='ocrx_word' id='word_1_220' title='bbox 2410 1422 2771 1489; x_wconf 89' lang='lat' dir='ltr'>testa,nihilo</span> <span class='ocrx_word' id='word_1_221' title='bbox 2803 1424 3121 1496; x_wconf 86' lang='lat' dir='ltr'>speciosior</span> <span class='ocrx_word' id='word_1_222' title='bbox 3154 1440 3218 1481; x_wconf 87' lang='lat' dir='ltr'>ea</span> <span class='ocrx_word' id='word_1_223' title='bbox 3249 1441 3377 1497; x_wconf 67' lang='lat' dir='ltr'>qua)</span> <span class='ocrx_word' id='word_1_224' title='bbox 3400 1428 3471 1483; x_wconf 91' lang='lat' dir='ltr'>ad</span> <span class='ocrx_word' id='word_1_225' title='bbox 3513 1427 3619 1482; x_wconf 88' lang='lat' dir='ltr'>ab-</span> 
     </span>
    </p>
   </div>
   <div class='ocr_carea' id='block_1_31' title="bbox 1965 1512 3622 1586">
    <p class='ocr_par' dir='ltr' id='par_1_31' title="bbox 1965 1512 3622 1586">
     <span class='ocr_line' id='line_1_31' title="bbox 1965 1512 3622 1586; baseline 0.001 -18"><span class='ocrx_word' id='word_1_226' title='bbox 1965 1513 2366 1586; x_wconf 89' lang='lat' dir='ltr'>jectissimum</span> <span class='ocrx_word' id='word_1_227' title='bbox 2400 1512 2797 1568; x_wconf 86' lang='lat' dir='ltr'>ministerium</span> <span class='ocrx_word' id='word_1_228' title='bbox 2818 1512 2969 1568; x_wconf 79' lang='lat' dir='ltr'>facta</span> <span class='ocrx_word' id='word_1_229' title='bbox 2998 1513 3335 1570; x_wconf 86' lang='lat' dir='ltr'>est?Nonne</span> <span class='ocrx_word' id='word_1_230' title='bbox 3363 1518 3622 1571; x_wconf 87' lang='lat' dir='ltr'>exmate-</span> 
     </span>
    </p>
   </div>
   <div class='ocr_carea' id='block_1_32' title="bbox 1972 1601 3621 1675">
    <p class='ocr_par' dir='ltr' id='par_1_32' title="bbox 1972 1601 3621 1675">
     <span class='ocr_line' id='line_1_32' title="bbox 1972 1601 3621 1675; baseline 0 -18"><span class='ocrx_word' id='word_1_231' title='bbox 1972 1603 2059 1658; x_wconf 92' lang='lat' dir='ltr'>ria</span> <span class='ocrx_word' id='word_1_232' title='bbox 2076 1602 2429 1675; x_wconf 91' lang='lat' dir='ltr'>corruptioni</span> <span class='ocrx_word' id='word_1_233' title='bbox 2444 1601 2692 1657; x_wconf 85' lang='lat' dir='ltr'>obnoxia</span> <span class='ocrx_word' id='word_1_234' title='bbox 2704 1606 2843 1657; x_wconf 92' lang='lat' dir='ltr'>sunt</span> <span class='ocrx_word' id='word_1_235' title='bbox 2859 1601 2979 1656; x_wconf 84' lang='lat' dir='ltr'>haec</span> <span class='ocrx_word' id='word_1_236' title='bbox 3000 1602 3240 1658; x_wconf 79' lang='lat' dir='ltr'>omnia?</span> <span class='ocrx_word' id='word_1_237' title='bbox 3262 1619 3453 1659; x_wconf 91' lang='lat' dir='ltr'>nonne</span> <span class='ocrx_word' id='word_1_238' title='bbox 3478 1603 3621 1659; x_wconf 87' lang='lat' dir='ltr'>ferri</span> 
     </span>
    </p>
   </div>
   <div class='ocr_carea' id='block_1_33' title="bbox 1970 1690 3620 1764">
    <p class='ocr_par' dir='ltr' id='par_1_33' title="bbox 1970 1690 3620 1764">
     <span class='ocr_line' id='line_1_33' title="bbox 1970 1690 3620 1764; baseline 0 -16"><span class='ocrx_word' id='word_1_239' title='bbox 1970 1696 2027 1748; x_wconf 92' lang='lat' dir='ltr'>et</span> <span class='ocrx_word' id='word_1_240' title='bbox 2054 1692 2208 1763; x_wconf 88' lang='lat' dir='ltr'>ignis</span> <span class='ocrx_word' id='word_1_241' title='bbox 2240 1708 2345 1763; x_wconf 91' lang='lat' dir='ltr'>ope</span> <span class='ocrx_word' id='word_1_242' title='bbox 2370 1691 2685 1747; x_wconf 87' lang='lat' dir='ltr'>fabricata?</span> <span class='ocrx_word' id='word_1_243' title='bbox 2702 1706 2893 1746; x_wconf 89' lang='lat' dir='ltr'>nonne</span> <span class='ocrx_word' id='word_1_244' title='bbox 2918 1707 3116 1746; x_wconf 92' lang='lat' dir='ltr'>eorum</span> <span class='ocrx_word' id='word_1_245' title='bbox 3152 1690 3310 1746; x_wconf 89' lang='lat' dir='ltr'>aliud</span> <span class='ocrx_word' id='word_1_246' title='bbox 3355 1691 3620 1764; x_wconf 88' lang='lat' dir='ltr'>sculptor</span> 
     </span>
    </p>
   </div>
   <div class='ocr_carea' id='block_1_34' title="bbox 212 1775 1863 1880">
    <p class='ocr_par' dir='ltr' id='par_1_34' title="bbox 212 1775 1858 1857">
     <span class='ocr_line' id='line_1_34' title="bbox 212 1775 1858 1857; baseline -0.002 -21"><span class='ocrx_word' id='word_1_247' title='bbox 212 1783 354 1855; x_wconf 69' lang='grc' dir='ltr'>ξύος·</span> <span class='ocrx_word' id='word_1_248' title='bbox 414 1783 441 1836; x_wconf 81' lang='grc' dir='ltr'><strong>ὃ</strong></span> <span class='ocrx_word' id='word_1_249' title='bbox 501 1779 579 1849; x_wconf 72' lang='grc' dir='ltr'>δὲ,</span> <span class='ocrx_word' id='word_1_250' title='bbox 640 1778 901 1857; x_wconf 80' lang='grc' dir='ltr'>χαλκεύς·</span> <span class='ocrx_word' id='word_1_251' title='bbox 962 1781 991 1835; x_wconf 81' lang='grc' dir='ltr'>’ὁ</span> <span class='ocrx_word' id='word_1_252' title='bbox 1049 1778 1138 1852; x_wconf 77' lang='grc' dir='ltr'>δὲ,</span> <span class='ocrx_word' id='word_1_253' title='bbox 1202 1775 1616 1855; x_wconf 83' lang='grc' dir='ltr'>ἀργυροκόπος·</span> <span class='ocrx_word' id='word_1_254' title='bbox 1677 1780 1706 1834; x_wconf 81' lang='grc' dir='ltr'><strong>’ὀ</strong></span> <span class='ocrx_word' id='word_1_255' title='bbox 1765 1778 1858 1849; x_wconf 79' lang='grc' dir='ltr'>δὲ,</span> 
     </span>
    </p>
   </div>
   <div class='ocr_carea' id='block_1_35' title="bbox 1975 1775 3612 1880">
    <p class='ocr_par' dir='ltr' id='par_1_35' title="bbox 1975 1778 3612 1853">
     <span class='ocr_line' id='line_1_35' title="bbox 1975 1778 3612 1853; baseline 0.001 -18"><span class='ocrx_word' id='word_1_256' title='bbox 1975 1780 2417 1853; x_wconf 89' lang='lat' dir='ltr'>lapidum,aliud</span> <span class='ocrx_word' id='word_1_257' title='bbox 2454 1780 2612 1834; x_wconf 81' lang='lat' dir='ltr'>faber</span> <span class='ocrx_word' id='word_1_258' title='bbox 2642 1778 3070 1847; x_wconf 63' lang='lat' dir='ltr'>mrarius,aliud</span> <span class='ocrx_word' id='word_1_259' title='bbox 3105 1781 3475 1852; x_wconf 88' lang='lat' dir='ltr'>argentarius</span> <span class='ocrx_word' id='word_1_260' title='bbox 3523 1782 3612 1836; x_wconf 86' lang='lat' dir='ltr'>fa-</span> 
     </span>
    </p>
   </div>
   <div class='ocr_carea' id='block_1_36' title="bbox 208 1867 1857 1947">
    <p class='ocr_par' dir='ltr' id='par_1_36' title="bbox 208 1867 1857 1947">
     <span class='ocr_line' id='line_1_36' title="bbox 208 1867 1857 1947; baseline -0.002 -22"><span class='ocrx_word' id='word_1_261' title='bbox 208 1870 475 1947; x_wconf 73' lang='grc' dir='ltr'>κεραμεῦς</span> <span class='ocrx_word' id='word_1_262' title='bbox 533 1868 760 1925; x_wconf 83' lang='grc' dir='ltr'>ἔπλασεν</span> <span class='ocrx_word' id='word_1_263' title='bbox 816 1890 829 1938; x_wconf 89' lang='grc'>;</span> <span class='ocrx_word' id='word_1_264' title='bbox 886 1869 947 1923; x_wconf 78' lang='grc' dir='ltr'>ού</span> <span class='ocrx_word' id='word_1_265' title='bbox 1005 1875 1130 1944; x_wconf 87' lang='grc' dir='ltr'>πρῖν</span> <span class='ocrx_word' id='word_1_266' title='bbox 1193 1870 1305 1943; x_wconf 88' lang='grc'>(44)</span> <span class='ocrx_word' id='word_1_267' title='bbox 1374 1871 1408 1937; x_wconf 71' lang='grc' dir='ltr'><strong>ἢ</strong></span> <span class='ocrx_word' id='word_1_268' title='bbox 1462 1874 1582 1931; x_wconf 89' lang='grc' dir='ltr'>ταῖς</span> <span class='ocrx_word' id='word_1_269' title='bbox 1638 1867 1857 1945; x_wconf 75' lang='grc' dir='ltr'>τέχναις</span> 
     </span>
    </p>
   </div>
   <div class='ocr_carea' id='block_1_37' title="bbox 208 1954 1858 2037">
    <p class='ocr_par' dir='ltr' id='par_1_37' title="bbox 208 1954 1858 2037">
     <span class='ocr_line' id='line_1_37' title="bbox 208 1954 1858 2037; baseline -0.002 -22"><span class='ocrx_word' id='word_1_270' title='bbox 208 1960 413 2015; x_wconf 80' lang='grc' dir='ltr'>τούτων</span> <span class='ocrx_word' id='word_1_271' title='bbox 448 1959 524 2021; x_wconf 78' lang='grc' dir='ltr'>εἷς</span> <span class='ocrx_word' id='word_1_272' title='bbox 553 1960 651 2027; x_wconf 75' lang='grc' dir='ltr'>τὴν</span> <span class='ocrx_word' id='word_1_273' title='bbox 689 1960 903 2037; x_wconf 73' lang='grc' dir='ltr'>μορφὴν</span> <span class='ocrx_word' id='word_1_274' title='bbox 936 1957 1143 2014; x_wconf 86' lang='grc' dir='ltr'>τούτων</span> <span class='ocrx_word' id='word_1_275' title='bbox 1192 1957 1589 2027; x_wconf 77' lang='grc' dir='ltr'>ἐκτυπωθῆναι,</span> <span class='ocrx_word' id='word_1_276' title='bbox 1621 1960 1681 2026; x_wconf 69' lang='grc' dir='ltr'>ἦν</span> <span class='ocrx_word' id='word_1_277' title='bbox 1730 1954 1858 2013; x_wconf 70' lang='grc' dir='ltr'>ἕκα-</span> 
     </span>
    </p>
   </div>
   <div class='ocr_carea' id='block_1_38' title="bbox 206 2043 1855 2123">
    <p class='ocr_par' dir='ltr' id='par_1_38' title="bbox 206 2043 1855 2123">
     <span class='ocr_line' id='line_1_38' title="bbox 206 2043 1855 2123; baseline -0.002 -22"><span class='ocrx_word' id='word_1_278' title='bbox 206 2067 328 2108; x_wconf 86' lang='grc' dir='ltr'>στος</span> <span class='ocrx_word' id='word_1_279' title='bbox 358 2047 533 2101; x_wconf 77' lang='grc' dir='ltr'>αὐτῶν</span> <span class='ocrx_word' id='word_1_280' title='bbox 568 2046 775 2118; x_wconf 70' lang='grc' dir='ltr'>ἑκάστῳ</span> <span class='ocrx_word' id='word_1_281' title='bbox 827 2043 903 2101; x_wconf 84' lang='grc' dir='ltr'>ἔτι</span> <span class='ocrx_word' id='word_1_282' title='bbox 951 2045 1039 2100; x_wconf 84' lang='grc' dir='ltr'>καὶ</span> <span class='ocrx_word' id='word_1_283' title='bbox 1091 2050 1177 2099; x_wconf 75' lang='grc' dir='ltr'>νῦν</span> <span class='ocrx_word' id='word_1_284' title='bbox 1234 2046 1855 2123; x_wconf 74' lang='grc' dir='ltr'>μεταμεμορφωμὲνονς</span> 
     </span>
    </p>
   </div>
   <div class='ocr_carea' id='block_1_39' title="bbox 212 2131 1860 2209">
    <p class='ocr_par' dir='ltr' id='par_1_39' title="bbox 212 2131 1860 2209">
     <span class='ocr_line' id='line_1_39' title="bbox 212 2131 1860 2209; baseline -0.001 -19"><span class='ocrx_word' id='word_1_285' title='bbox 212 2136 274 2190; x_wconf 79' lang='grc' dir='ltr'>ού</span> <span class='ocrx_word' id='word_1_286' title='bbox 328 2137 395 2190; x_wconf 78' lang='grc' dir='ltr'>τὰ</span> <span class='ocrx_word' id='word_1_287' title='bbox 444 2140 535 2189; x_wconf 78' lang='grc' dir='ltr'>νῦν</span> <span class='ocrx_word' id='word_1_288' title='bbox 587 2134 645 2190; x_wconf 81' lang='grc' dir='ltr'>ἐκ</span> <span class='ocrx_word' id='word_1_289' title='bbox 688 2143 787 2204; x_wconf 77' lang='grc' dir='ltr'>τῆς</span> <span class='ocrx_word' id='word_1_290' title='bbox 843 2134 1013 2205; x_wconf 76' lang='grc' dir='ltr'>αὐτῆς</span> <span class='ocrx_word' id='word_1_291' title='bbox 1072 2132 1209 2203; x_wconf 76' lang='grc' dir='ltr'>ὕλης</span> <span class='ocrx_word' id='word_1_292' title='bbox 1268 2131 1395 2189; x_wconf 76' lang='grc' dir='ltr'>ὄντα</span> <span class='ocrx_word' id='word_1_293' title='bbox 1443 2134 1605 2201; x_wconf 88' lang='grc' dir='ltr'>σκεύη</span> <span class='ocrx_word' id='word_1_294' title='bbox 1665 2134 1860 2209; x_wconf 81' lang='grc' dir='ltr'>γένοιτ’</span> 
     </span>
    </p>
   </div>
   <div class='ocr_carea' id='block_1_40' title="bbox 212 2223 1856 2299">
    <p class='ocr_par' dir='ltr' id='par_1_40' title="bbox 212 2223 1856 2299">
     <span class='ocr_line' id='line_1_40' title="bbox 212 2223 1856 2299; baseline -0.001 -20"><span class='ocrx_word' id='word_1_295' title='bbox 212 2224 294 2292; x_wconf 68' lang='grc' dir='ltr'>ἂν,</span> <span class='ocrx_word' id='word_1_296' title='bbox 356 2224 399 2279; x_wconf 82' lang='grc' dir='ltr'>εἰ</span> <span class='ocrx_word' id='word_1_297' title='bbox 468 2223 629 2299; x_wconf 89' lang='grc' dir='ltr'>τύχοι</span> <span class='ocrx_word' id='word_1_298' title='bbox 699 2229 806 2278; x_wconf 91' lang='grc' dir='ltr'>τῶν</span> <span class='ocrx_word' id='word_1_299' title='bbox 868 2223 1040 2278; x_wconf 80' lang='grc' dir='ltr'>αὐτῶν</span> <span class='ocrx_word' id='word_1_300' title='bbox 1096 2228 1394 2299; x_wconf 74' lang='grc' dir='ltr'>τεχνιτῶν,</span> <span class='ocrx_word' id='word_1_301' title='bbox 1454 2223 1621 2296; x_wconf 75' lang='grc' dir='ltr'>ὅμοια</span> <span class='ocrx_word' id='word_1_302' title='bbox 1676 2224 1856 2279; x_wconf 85' lang='grc' dir='ltr'>τοιού-</span> 
     </span>
    </p>
   </div>
   <div class='ocr_carea' id='block_1_41' title="bbox 210 2310 1859 2390">
    <p class='ocr_par' dir='ltr' id='par_1_41' title="bbox 210 2310 1859 2390">
     <span class='ocr_line' id='line_1_41' title="bbox 210 2310 1859 2390; baseline 0.001 -23"><span class='ocrx_word' id='word_1_303' title='bbox 210 2335 326 2375; x_wconf 85' lang='grc' dir='ltr'>τοις</span> <span class='ocrx_word' id='word_1_304' title='bbox 371 2315 483 2387; x_wconf 86' lang='grc'>(45)</span> <span class='ocrx_word' id='word_1_305' title='bbox 517 2331 530 2381; x_wconf 90' lang='grc'><strong>;</strong></span> <span class='ocrx_word' id='word_1_306' title='bbox 565 2313 626 2367; x_wconf 82' lang='grc' dir='ltr'>οὑ</span> <span class='ocrx_word' id='word_1_307' title='bbox 680 2317 845 2367; x_wconf 76' lang='grc' dir='ltr'>ταῦτα</span> <span class='ocrx_word' id='word_1_308' title='bbox 892 2310 1057 2367; x_wconf 89' lang='grc' dir='ltr'>πάλιν</span> <span class='ocrx_word' id='word_1_309' title='bbox 1106 2314 1171 2367; x_wconf 74' lang='grc' dir='ltr'>τὰ</span> <span class='ocrx_word' id='word_1_310' title='bbox 1215 2316 1306 2366; x_wconf 80' lang='grc' dir='ltr'>νῦν</span> <span class='ocrx_word' id='word_1_311' title='bbox 1356 2314 1442 2390; x_wconf 86' lang='grc' dir='ltr'>ὑφ’</span> <span class='ocrx_word' id='word_1_312' title='bbox 1491 2313 1640 2382; x_wconf 83' lang='grc' dir='ltr'>ὑμῶν</span> <span class='ocrx_word' id='word_1_313' title='bbox 1691 2334 1859 2389; x_wconf 85' lang='grc' dir='ltr'>προσ-</span> 
     </span>
    </p>
   </div>
   <div class='ocr_carea' id='block_1_42' title="bbox 213 2399 1861 2476">
    <p class='ocr_par' dir='ltr' id='par_1_42' title="bbox 213 2399 1861 2476">
     <span class='ocr_line' id='line_1_42' title="bbox 213 2399 1861 2476; baseline 0.001 -20"><span class='ocrx_word' id='word_1_314' title='bbox 213 2404 540 2474; x_wconf 86' lang='grc' dir='ltr'>κυνούμενα,</span> <span class='ocrx_word' id='word_1_315' title='bbox 591 2399 792 2456; x_wconf 83' lang='grc' dir='ltr'>δύναιτ’</span> <span class='ocrx_word' id='word_1_316' title='bbox 850 2400 907 2456; x_wconf 81' lang='grc' dir='ltr'>ἃν</span> <span class='ocrx_word' id='word_1_317' title='bbox 970 2402 1073 2456; x_wconf 85' lang='grc' dir='ltr'>ὑπὸ</span> <span class='ocrx_word' id='word_1_318' title='bbox 1125 2402 1423 2476; x_wconf 87' lang='grc' dir='ltr'>ἀνθρώπων</span> <span class='ocrx_word' id='word_1_319' title='bbox 1475 2401 1637 2472; x_wconf 89' lang='grc' dir='ltr'>σκεύη</span> <span class='ocrx_word' id='word_1_320' title='bbox 1695 2401 1861 2475; x_wconf 76' lang='grc' dir='ltr'>ὅμοια</span> 
     </span>
    </p>
   </div>
   <div class='ocr_carea' id='block_1_43' title="bbox 211 2489 1863 2568">
    <p class='ocr_par' dir='ltr' id='par_1_43' title="bbox 211 2489 1863 2568">
     <span class='ocr_line' id='line_1_43' title="bbox 211 2489 1863 2568; baseline 0.002 -24"><span class='ocrx_word' id='word_1_321' title='bbox 211 2490 455 2564; x_wconf 70' lang='grc' dir='ltr'>γενέσθαι</span> <span class='ocrx_word' id='word_1_322' title='bbox 517 2495 633 2551; x_wconf 88' lang='grc' dir='ltr'>τοῖς</span> <span class='ocrx_word' id='word_1_323' title='bbox 683 2490 901 2551; x_wconf 87' lang='grc' dir='ltr'>λοιποῖς</span> <span class='ocrx_word' id='word_1_324' title='bbox 964 2517 979 2559; x_wconf 84' lang='lat'><strong>;</strong></span> <span class='ocrx_word' id='word_1_325' title='bbox 1038 2489 1098 2544; x_wconf 84' lang='grc' dir='ltr'>ού</span> <span class='ocrx_word' id='word_1_326' title='bbox 1157 2491 1313 2568; x_wconf 80' lang='grc' dir='ltr'>κωφά</span> <span class='ocrx_word' id='word_1_327' title='bbox 1369 2490 1541 2545; x_wconf 90' lang='grc' dir='ltr'>πάντα</span> <span class='ocrx_word' id='word_1_328' title='bbox 1592 2510 1604 2559; x_wconf 90' lang='grc'><strong>;</strong></span> <span class='ocrx_word' id='word_1_329' title='bbox 1659 2491 1719 2545; x_wconf 82' lang='grc' dir='ltr'>οὐ</span> <span class='ocrx_word' id='word_1_330' title='bbox 1778 2514 1863 2547; x_wconf 86' lang='grc' dir='ltr'>τυ-</span> 
     </span>
    </p>
   </div>
   <div class='ocr_carea' id='block_1_44' title="bbox 208 2578 1858 2656">
    <p class='ocr_par' dir='ltr' id='par_1_44' title="bbox 208 2578 1858 2656">
     <span class='ocr_line' id='line_1_44' title="bbox 208 2578 1858 2656; baseline 0.002 -24"><span class='ocrx_word' id='word_1_331' title='bbox 208 2578 367 2656; x_wconf 86' lang='grc' dir='ltr'>φλά;</span> <span class='ocrx_word' id='word_1_332' title='bbox 417 2578 477 2634; x_wconf 81' lang='grc' dir='ltr'>οὐ</span> <span class='ocrx_word' id='word_1_333' title='bbox 528 2580 758 2655; x_wconf 77' lang='grc' dir='ltr'>ἄψυχα;</span> <span class='ocrx_word' id='word_1_334' title='bbox 810 2578 909 2633; x_wconf 78' lang='grc' dir='ltr'>οὐκ</span> <span class='ocrx_word' id='word_1_335' title='bbox 958 2578 1290 2649; x_wconf 81' lang='grc' dir='ltr'>ἀναίσθητα;</span> <span class='ocrx_word' id='word_1_336' title='bbox 1344 2578 1443 2633; x_wconf 76' lang='grc' dir='ltr'>οὐκ</span> <span class='ocrx_word' id='word_1_337' title='bbox 1490 2579 1715 2649; x_wconf 78' lang='grc' dir='ltr'>ἀκίνητα</span> <span class='ocrx_word' id='word_1_338' title='bbox 1750 2600 1762 2648; x_wconf 90' lang='lat'>;</span> <span class='ocrx_word' id='word_1_339' title='bbox 1798 2580 1858 2635; x_wconf 80' lang='grc' dir='ltr'>ού</span> 
     </span>
    </p>
   </div>
   <div class='ocr_carea' id='block_1_45' title="bbox 209 2667 1859 2744">
    <p class='ocr_par' dir='ltr' id='par_1_45' title="bbox 209 2667 1859 2744">
     <span class='ocr_line' id='line_1_45' title="bbox 209 2667 1859 2744; baseline 0.001 -23"><span class='ocrx_word' id='word_1_340' title='bbox 209 2669 383 2722; x_wconf 86' lang='grc' dir='ltr'>πάντα</span> <span class='ocrx_word' id='word_1_341' title='bbox 430 2668 712 2740; x_wconf 78' lang='grc' dir='ltr'>σηπόμενα</span> <span class='ocrx_word' id='word_1_342' title='bbox 745 2687 758 2736; x_wconf 86' lang='grc'><strong>;</strong></span> <span class='ocrx_word' id='word_1_343' title='bbox 794 2667 855 2722; x_wconf 79' lang='grc' dir='ltr'>ού</span> <span class='ocrx_word' id='word_1_344' title='bbox 886 2669 1057 2721; x_wconf 90' lang='grc' dir='ltr'>πάντα</span> <span class='ocrx_word' id='word_1_345' title='bbox 1106 2667 1432 2744; x_wconf 76' lang='grc' dir='ltr'>φθειρόμενα</span> <span class='ocrx_word' id='word_1_346' title='bbox 1464 2687 1476 2737; x_wconf 89' lang='grc'>;</span> <span class='ocrx_word' id='word_1_347' title='bbox 1508 2672 1676 2723; x_wconf 68' lang='grc' dir='ltr'>ταῦτα</span> <span class='ocrx_word' id='word_1_348' title='bbox 1706 2668 1859 2731; x_wconf 67' lang='grc' dir='ltr'>θεοὺς</span> 
     </span>
    </p>
   </div>
   <div class='ocr_carea' id='block_1_46' title="bbox 206 2753 1859 2833">
    <p class='ocr_par' dir='ltr' id='par_1_46' title="bbox 206 2753 1859 2833">
     <span class='ocr_line' id='line_1_46' title="bbox 206 2753 1859 2833; baseline 0.001 -22"><span class='ocrx_word' id='word_1_349' title='bbox 206 2756 445 2814; x_wconf 87' lang='grc' dir='ltr'>καλεῖτε,</span> <span class='ocrx_word' id='word_1_350' title='bbox 493 2756 708 2819; x_wconf 83' lang='grc' dir='ltr'>τούτοις</span> <span class='ocrx_word' id='word_1_351' title='bbox 760 2753 1060 2828; x_wconf 70' lang='grc' dir='ltr'>δουλεύετε,</span> <span class='ocrx_word' id='word_1_352' title='bbox 1104 2756 1318 2818; x_wconf 79' lang='grc' dir='ltr'>τούτοις</span> <span class='ocrx_word' id='word_1_353' title='bbox 1366 2762 1733 2833; x_wconf 82' lang='grc' dir='ltr'>προσκυνεῖτε·</span> <span class='ocrx_word' id='word_1_354' title='bbox 1773 2759 1859 2813; x_wconf 78' lang='grc' dir='ltr'>τὲο</span> 
     </span>
    </p>
   </div>
   <div class='ocr_carea' id='block_1_47' title="bbox 210 2843 1859 2923">
    <p class='ocr_par' dir='ltr' id='par_1_47' title="bbox 210 2843 1859 2923">
     <span class='ocr_line' id='line_1_47' title="bbox 210 2843 1859 2923; baseline 0 -23"><span class='ocrx_word' id='word_1_355' title='bbox 210 2845 334 2900; x_wconf 79' lang='grc' dir='ltr'>λεόν</span> <span class='ocrx_word' id='word_1_356' title='bbox 394 2868 454 2900; x_wconf 89' lang='grc' dir='ltr'>τε</span> <span class='ocrx_word' id='word_1_357' title='bbox 511 2849 623 2919; x_wconf 82' lang='grc'>(46)</span> <span class='ocrx_word' id='word_1_358' title='bbox 684 2845 1049 2917; x_wconf 75' lang='grc' dir='ltr'>ἐξομοιοῦσθε·</span> <span class='ocrx_word' id='word_1_359' title='bbox 1113 2843 1201 2900; x_wconf 74' lang='grc' dir='ltr'>διὰ</span> <span class='ocrx_word' id='word_1_360' title='bbox 1255 2850 1415 2900; x_wconf 78' lang='grc' dir='ltr'>τοῦτο</span> <span class='ocrx_word' id='word_1_361' title='bbox 1470 2852 1674 2917; x_wconf 87' lang='grc' dir='ltr'>μισεῖτε</span> <span class='ocrx_word' id='word_1_362' title='bbox 1730 2853 1859 2923; x_wconf 84' lang='grc' dir='ltr'>Χρι-</span> 
     </span>
    </p>
   </div>
   <div class='ocr_carea' id='block_1_48' title="bbox 212 2933 1860 3011">
    <p class='ocr_par' dir='ltr' id='par_1_48' title="bbox 212 2933 1860 3011">
     <span class='ocr_line' id='line_1_48' title="bbox 212 2933 1860 3011; baseline 0 -22"><span class='ocrx_word' id='word_1_363' title='bbox 212 2934 483 3001; x_wconf 72' lang='grc' dir='ltr'>στιανοὺς,</span> <span class='ocrx_word' id='word_1_364' title='bbox 510 2933 594 2988; x_wconf 75' lang='grc' dir='ltr'>ὅτι</span> <span class='ocrx_word' id='word_1_365' title='bbox 624 2933 848 2995; x_wconf 79' lang='grc' dir='ltr'>τούτους</span> <span class='ocrx_word' id='word_1_366' title='bbox 879 2933 985 3008; x_wconf 82' lang='grc' dir='ltr'>οὐχ</span> <span class='ocrx_word' id='word_1_367' title='bbox 1015 2936 1276 3007; x_wconf 78' lang='grc' dir='ltr'>ἡγοῦνται</span> <span class='ocrx_word' id='word_1_368' title='bbox 1326 2934 1499 2995; x_wconf 83' lang='grc' dir='ltr'>θεούς.</span> <span class='ocrx_word' id='word_1_369' title='bbox 1533 2936 1712 3007; x_wconf 79' lang='grc' dir='ltr'>Ὑμεῖς</span> <span class='ocrx_word' id='word_1_370' title='bbox 1758 2936 1860 3011; x_wconf 82' lang='grc' dir='ltr'>γὰρ</span> 
     </span>
    </p>
   </div>
   <div class='ocr_carea' id='block_1_49' title="bbox 217 3020 1859 3096">
    <p class='ocr_par' dir='ltr' id='par_1_49' title="bbox 217 3020 1859 3096">
     <span class='ocr_line' id='line_1_49' title="bbox 217 3020 1859 3096; baseline 0.002 -19"><span class='ocrx_word' id='word_1_371' title='bbox 217 3024 270 3077; x_wconf 80' lang='lat' dir='ltr'>ol</span> <span class='ocrx_word' id='word_1_372' title='bbox 300 3027 389 3077; x_wconf 75' lang='grc' dir='ltr'>νῦν</span> <span class='ocrx_word' id='word_1_373' title='bbox 422 3022 732 3096; x_wconf 80' lang='grc' dir='ltr'>νομίζοντες</span> <span class='ocrx_word' id='word_1_374' title='bbox 763 3022 851 3077; x_wconf 88' lang='grc' dir='ltr'>καὶ</span> <span class='ocrx_word' id='word_1_375' title='bbox 885 3021 1151 3094; x_wconf 70' lang='grc' dir='ltr'>οἷόμενοι,</span> <span class='ocrx_word' id='word_1_376' title='bbox 1184 3022 1245 3077; x_wconf 83' lang='grc' dir='ltr'>οὐ</span> <span class='ocrx_word' id='word_1_377' title='bbox 1295 3020 1439 3077; x_wconf 83' lang='grc' dir='ltr'>πολὺ</span> <span class='ocrx_word' id='word_1_378' title='bbox 1472 3021 1638 3078; x_wconf 81' lang='grc' dir='ltr'>πλέον</span> <span class='ocrx_word' id='word_1_379' title='bbox 1687 3024 1859 3080; x_wconf 80' lang='grc' dir='ltr'>αὐτῶν</span> 
     </span>
    </p>
   </div>
   <div class='ocr_carea' id='block_1_50' title="bbox 213 3110 1861 3189">
    <p class='ocr_par' dir='ltr' id='par_1_50' title="bbox 213 3110 1861 3189">
     <span class='ocr_line' id='line_1_50' title="bbox 213 3110 1861 3189; baseline 0.001 -22"><span class='ocrx_word' id='word_1_380' title='bbox 213 3116 597 3189; x_wconf 79' lang='grc' dir='ltr'>καταφρονεῖτε</span> <span class='ocrx_word' id='word_1_381' title='bbox 630 3131 643 3180; x_wconf 86' lang='grc'>;</span> <span class='ocrx_word' id='word_1_382' title='bbox 674 3110 736 3165; x_wconf 82' lang='grc' dir='ltr'>ού</span> <span class='ocrx_word' id='word_1_383' title='bbox 766 3110 909 3165; x_wconf 76' lang='grc' dir='ltr'>πολὺ</span> <span class='ocrx_word' id='word_1_384' title='bbox 962 3110 1173 3182; x_wconf 80' lang='grc' dir='ltr'>μᾶλλον</span> <span class='ocrx_word' id='word_1_385' title='bbox 1210 3110 1402 3167; x_wconf 77' lang='grc' dir='ltr'>αὐτοὺς</span> <span class='ocrx_word' id='word_1_386' title='bbox 1452 3111 1744 3187; x_wconf 79' lang='grc' dir='ltr'>χλευάζετε</span> <span class='ocrx_word' id='word_1_387' title='bbox 1772 3114 1861 3168; x_wconf 83' lang='grc' dir='ltr'>καὶ</span> 
     </span>
    </p>
   </div>
   <div class='ocr_carea' id='block_1_51' title="bbox 1970 1868 3621 1940">
    <p class='ocr_par' dir='ltr' id='par_1_51' title="bbox 1970 1868 3621 1940">
     <span class='ocr_line' id='line_1_51' title="bbox 1970 1868 3621 1940; baseline -0.001 -15"><span class='ocrx_word' id='word_1_388' title='bbox 1970 1870 2091 1935; x_wconf 89' lang='lat' dir='ltr'>her,</span> <span class='ocrx_word' id='word_1_389' title='bbox 2126 1868 2284 1924; x_wconf 90' lang='lat' dir='ltr'>aliud</span> <span class='ocrx_word' id='word_1_390' title='bbox 2310 1868 2523 1940; x_wconf 80' lang='lat' dir='ltr'>figulus</span> <span class='ocrx_word' id='word_1_391' title='bbox 2550 1868 2709 1922; x_wconf 80' lang='lat' dir='ltr'>ﬁnxit</span> <span class='ocrx_word' id='word_1_392' title='bbox 2736 1868 2764 1923; x_wconf 90' lang='lat'>?</span> <span class='ocrx_word' id='word_1_393' title='bbox 2788 1868 3145 1937; x_wconf 86' lang='lat' dir='ltr'>minimeque</span> <span class='ocrx_word' id='word_1_394' title='bbox 3176 1868 3235 1923; x_wconf 91' lang='lat' dir='ltr'>in</span> <span class='ocrx_word' id='word_1_395' title='bbox 3262 1868 3445 1924; x_wconf 88' lang='lat' dir='ltr'>talem</span> <span class='ocrx_word' id='word_1_396' title='bbox 3502 1870 3621 1924; x_wconf 86' lang='lat' dir='ltr'>for-</span> 
     </span>
    </p>
   </div>
   <div class='ocr_carea' id='block_1_52' title="bbox 1969 1956 3617 2029">
    <p class='ocr_par' dir='ltr' id='par_1_52' title="bbox 1969 1956 3617 2029">
     <span class='ocr_line' id='line_1_52' title="bbox 1969 1956 3617 2029; baseline 0 -16"><span class='ocrx_word' id='word_1_397' title='bbox 1969 1976 2126 2013; x_wconf 88' lang='lat' dir='ltr'>mam</span> <span class='ocrx_word' id='word_1_398' title='bbox 2158 1958 2621 2029; x_wconf 89' lang='lat' dir='ltr'>unumquodque</span> <span class='ocrx_word' id='word_1_399' title='bbox 2642 1960 2933 2012; x_wconf 86' lang='lat' dir='ltr'>mutatum</span> <span class='ocrx_word' id='word_1_400' title='bbox 2964 1956 3465 2028; x_wconf 87' lang='lat' dir='ltr'>erat,priusquam</span> <span class='ocrx_word' id='word_1_401' title='bbox 3494 1963 3617 2013; x_wconf 76' lang='lat' dir='ltr'>arte</span> 
     </span>
    </p>
   </div>
   <div class='ocr_carea' id='block_1_53' title="bbox 1968 2045 3621 2119">
    <p class='ocr_par' dir='ltr' id='par_1_53' title="bbox 1968 2045 3621 2119">
     <span class='ocr_line' id='line_1_53' title="bbox 1968 2045 3621 2119; baseline -0.001 -16"><span class='ocrx_word' id='word_1_402' title='bbox 1968 2046 2219 2119; x_wconf 88' lang='lat' dir='ltr'>alicujus</span> <span class='ocrx_word' id='word_1_403' title='bbox 2241 2047 2452 2101; x_wconf 92' lang='lat' dir='ltr'>borum</span> <span class='ocrx_word' id='word_1_404' title='bbox 2485 2047 2606 2101; x_wconf 72' lang='lat' dir='ltr'>haec</span> <span class='ocrx_word' id='word_1_405' title='bbox 2636 2047 2926 2117; x_wconf 89' lang='lat' dir='ltr'>impressa</span> <span class='ocrx_word' id='word_1_406' title='bbox 2982 2046 3034 2100; x_wconf 93' lang='lat' dir='ltr'>ei</span> <span class='ocrx_word' id='word_1_407' title='bbox 3093 2045 3303 2101; x_wconf 86' lang='lat' dir='ltr'>fuisset</span> <span class='ocrx_word' id='word_1_408' title='bbox 3332 2045 3359 2101; x_wconf 87' lang='lat'>?</span> <span class='ocrx_word' id='word_1_409' title='bbox 3417 2050 3621 2102; x_wconf 87' lang='lat' dir='ltr'>Nonne</span> 
     </span>
    </p>
   </div>
   <div class='ocr_carea' id='block_1_54' title="bbox 1968 2133 3617 2208">
    <p class='ocr_par' dir='ltr' id='par_1_54' title="bbox 1968 2133 3617 2208">
     <span class='ocr_line' id='line_1_54' title="bbox 1968 2133 3617 2208; baseline -0.001 -17"><span class='ocrx_word' id='word_1_410' title='bbox 1968 2154 2095 2208; x_wconf 59' lang='lat' dir='ltr'>quae</span> <span class='ocrx_word' id='word_1_411' title='bbox 2124 2151 2278 2190; x_wconf 93' lang='lat' dir='ltr'>nunc</span> <span class='ocrx_word' id='word_1_412' title='bbox 2310 2135 2511 2190; x_wconf 89' lang='lat' dir='ltr'>eadem</span> <span class='ocrx_word' id='word_1_413' title='bbox 2542 2151 2573 2189; x_wconf 95' lang='lat' dir='ltr'>e</span> <span class='ocrx_word' id='word_1_414' title='bbox 2607 2133 2850 2189; x_wconf 91' lang='lat' dir='ltr'>materia</span> <span class='ocrx_word' id='word_1_415' title='bbox 2867 2138 3005 2189; x_wconf 90' lang='lat' dir='ltr'>sunt</span> <span class='ocrx_word' id='word_1_416' title='bbox 3029 2151 3189 2204; x_wconf 85' lang='lat' dir='ltr'>vasa,</span> <span class='ocrx_word' id='word_1_417' title='bbox 3248 2133 3470 2190; x_wconf 89' lang='lat' dir='ltr'>similia</span> <span class='ocrx_word' id='word_1_418' title='bbox 3523 2133 3617 2191; x_wconf 90' lang='lat' dir='ltr'>his</span> 
     </span>
    </p>
   </div>
   <div class='ocr_carea' id='block_1_55' title="bbox 1968 2222 3616 2295">
    <p class='ocr_par' dir='ltr' id='par_1_55' title="bbox 1968 2222 3616 2295">
     <span class='ocr_line' id='line_1_55' title="bbox 1968 2222 3616 2295; baseline -0.001 -15"><span class='ocrx_word' id='word_1_419' title='bbox 1968 2226 2129 2280; x_wconf 87' lang='lat' dir='ltr'>reddi</span> <span class='ocrx_word' id='word_1_420' title='bbox 2178 2228 2413 2295; x_wconf 82' lang='lat' dir='ltr'>queant,</span> <span class='ocrx_word' id='word_1_421' title='bbox 2446 2222 2495 2278; x_wconf 91' lang='lat' dir='ltr'>si</span> <span class='ocrx_word' id='word_1_422' title='bbox 2545 2223 2779 2278; x_wconf 88' lang='lat' dir='ltr'>eosdem</span> <span class='ocrx_word' id='word_1_423' title='bbox 2839 2222 3093 2278; x_wconf 84' lang='lat' dir='ltr'>artiﬁces</span> <span class='ocrx_word' id='word_1_424' title='bbox 3142 2222 3616 2278; x_wconf 86' lang='lat' dir='ltr'>nanciscantur?</span> 
     </span>
    </p>
   </div>
   <div class='ocr_carea' id='block_1_56' title="bbox 1968 2311 3615 2384">
    <p class='ocr_par' dir='ltr' id='par_1_56' title="bbox 1968 2311 3615 2384">
     <span class='ocr_line' id='line_1_56' title="bbox 1968 2311 3615 2384; baseline -0.001 -15"><span class='ocrx_word' id='word_1_425' title='bbox 1968 2330 2161 2369; x_wconf 90' lang='lat' dir='ltr'>nonne</span> <span class='ocrx_word' id='word_1_426' title='bbox 2194 2313 2309 2368; x_wconf 63' lang='lat' dir='ltr'>haec</span> <span class='ocrx_word' id='word_1_427' title='bbox 2342 2329 2467 2384; x_wconf 62' lang='lat' dir='ltr'>quae</span> <span class='ocrx_word' id='word_1_428' title='bbox 2499 2311 2705 2367; x_wconf 91' lang='lat' dir='ltr'>avobis</span> <span class='ocrx_word' id='word_1_429' title='bbox 2753 2312 3091 2378; x_wconf 88' lang='lat' dir='ltr'>adorantur,</span> <span class='ocrx_word' id='word_1_430' title='bbox 3142 2312 3214 2367; x_wconf 93' lang='lat' dir='ltr'>ab</span> <span class='ocrx_word' id='word_1_431' title='bbox 3272 2312 3615 2368; x_wconf 88' lang='lat' dir='ltr'>hominibus</span> 
     </span>
    </p>
   </div>
   <div class='ocr_carea' id='block_1_57' title="bbox 1966 2400 3613 2472">
    <p class='ocr_par' dir='ltr' id='par_1_57' title="bbox 1966 2400 3613 2472">
     <span class='ocr_line' id='line_1_57' title="bbox 1966 2400 3613 2472; baseline -0.002 -13"><span class='ocrx_word' id='word_1_432' title='bbox 1966 2421 2099 2459; x_wconf 86' lang='lat' dir='ltr'>vasa</span> <span class='ocrx_word' id='word_1_433' title='bbox 2116 2401 2357 2472; x_wconf 91' lang='lat' dir='ltr'>reliquis</span> <span class='ocrx_word' id='word_1_434' title='bbox 2376 2401 2592 2457; x_wconf 90' lang='lat' dir='ltr'>similia</span> <span class='ocrx_word' id='word_1_435' title='bbox 2613 2400 2737 2455; x_wconf 86' lang='lat' dir='ltr'>ﬁeri</span> <span class='ocrx_word' id='word_1_436' title='bbox 2758 2417 2995 2455; x_wconf 91' lang='lat' dir='ltr'>rursum</span> <span class='ocrx_word' id='word_1_437' title='bbox 3015 2401 3466 2472; x_wconf 84' lang='lat' dir='ltr'>possint?nonne</span> <span class='ocrx_word' id='word_1_438' title='bbox 3488 2418 3613 2457; x_wconf 89' lang='lat' dir='ltr'>sur-</span> 
     </span>
    </p>
   </div>
   <div class='ocr_carea' id='block_1_58' title="bbox 1969 2489 3609 2549">
    <p class='ocr_par' dir='ltr' id='par_1_58' title="bbox 1969 2489 3609 2549">
     <span class='ocr_line' id='line_1_58' title="bbox 1969 2489 3609 2549; baseline -0.002 0"><span class='ocrx_word' id='word_1_439' title='bbox 1969 2494 2044 2549; x_wconf 91' lang='lat' dir='ltr'>da</span> <span class='ocrx_word' id='word_1_440' title='bbox 2074 2496 2212 2548; x_wconf 91' lang='lat' dir='ltr'>sunt</span> <span class='ocrx_word' id='word_1_441' title='bbox 2227 2490 2453 2546; x_wconf 85' lang='lat' dir='ltr'>omnia?</span> <span class='ocrx_word' id='word_1_442' title='bbox 2477 2506 2668 2546; x_wconf 90' lang='lat' dir='ltr'>nonne</span> <span class='ocrx_word' id='word_1_443' title='bbox 2698 2489 2878 2545; x_wconf 68' lang='lat' dir='ltr'>caeca?</span> <span class='ocrx_word' id='word_1_444' title='bbox 2900 2490 3408 2545; x_wconf 88' lang='lat' dir='ltr'>nonnneinanima</span> <span class='ocrx_word' id='word_1_445' title='bbox 3425 2490 3609 2545; x_wconf 87' lang='lat' dir='ltr'>?non-</span> 
     </span>
    </p>
   </div>
   <div class='ocr_carea' id='block_1_59' title="bbox 1970 2578 3613 2650">
    <p class='ocr_par' dir='ltr' id='par_1_59' title="bbox 1970 2578 3613 2650">
     <span class='ocr_line' id='line_1_59' title="bbox 1970 2578 3613 2650; baseline -0.001 -13"><span class='ocrx_word' id='word_1_446' title='bbox 1970 2598 2042 2637; x_wconf 89' lang='lat' dir='ltr'>ne</span> <span class='ocrx_word' id='word_1_447' title='bbox 2074 2598 2282 2636; x_wconf 88' lang='lat' dir='ltr'>sensus</span> <span class='ocrx_word' id='word_1_448' title='bbox 2312 2579 2504 2635; x_wconf 92' lang='lat' dir='ltr'>omnis</span> <span class='ocrx_word' id='word_1_449' title='bbox 2522 2578 2817 2650; x_wconf 85' lang='lat' dir='ltr'>expertia?</span> <span class='ocrx_word' id='word_1_450' title='bbox 2842 2578 3613 2636; x_wconf 86' lang='lat' dir='ltr'>nonneimmobilia?nonne</span> 
     </span>
    </p>
   </div>
   <div class='ocr_carea' id='block_1_60' title="bbox 1970 2670 3617 2741">
    <p class='ocr_par' dir='ltr' id='par_1_60' title="bbox 1970 2670 3617 2741">
     <span class='ocr_line' id='line_1_60' title="bbox 1970 2670 3617 2741; baseline 0 -16"><span class='ocrx_word' id='word_1_451' title='bbox 1970 2670 2168 2725; x_wconf 91' lang='lat' dir='ltr'>omnia</span> <span class='ocrx_word' id='word_1_452' title='bbox 2198 2671 2589 2741; x_wconf 81' lang='lat' dir='ltr'>putrescunt?</span> <span class='ocrx_word' id='word_1_453' title='bbox 2619 2684 2813 2723; x_wconf 91' lang='lat' dir='ltr'>nonne</span> <span class='ocrx_word' id='word_1_454' title='bbox 2853 2670 3053 2724; x_wconf 86' lang='lat' dir='ltr'>omnia</span> <span class='ocrx_word' id='word_1_455' title='bbox 3109 2670 3617 2740; x_wconf 88' lang='lat' dir='ltr'>corrumpuntur?</span> 
     </span>
    </p>
   </div>
   <div class='ocr_carea' id='block_1_61' title="bbox 1968 2759 3621 2830">
    <p class='ocr_par' dir='ltr' id='par_1_61' title="bbox 1968 2759 3621 2830">
     <span class='ocr_line' id='line_1_61' title="bbox 1968 2759 3621 2830; baseline -0.001 -14"><span class='ocrx_word' id='word_1_456' title='bbox 1968 2762 2100 2817; x_wconf 68' lang='lat' dir='ltr'>Haec</span> <span class='ocrx_word' id='word_1_457' title='bbox 2148 2762 2287 2816; x_wconf 88' lang='lat' dir='ltr'>deos</span> <span class='ocrx_word' id='word_1_458' title='bbox 2340 2761 2579 2830; x_wconf 87' lang='lat' dir='ltr'>vocatis,</span> <span class='ocrx_word' id='word_1_459' title='bbox 2639 2759 2731 2815; x_wconf 90' lang='lat' dir='ltr'>his</span> <span class='ocrx_word' id='word_1_460' title='bbox 2782 2761 3034 2825; x_wconf 87' lang='lat' dir='ltr'>servitis,</span> <span class='ocrx_word' id='word_1_461' title='bbox 3060 2760 3180 2814; x_wconf 68' lang='lat' dir='ltr'>haec</span> <span class='ocrx_word' id='word_1_462' title='bbox 3201 2760 3504 2827; x_wconf 89' lang='lat' dir='ltr'>adoratis;</span> <span class='ocrx_word' id='word_1_463' title='bbox 3564 2764 3621 2815; x_wconf 88' lang='lat' dir='ltr'>et</span> 
     </span>
    </p>
   </div>
   <div class='ocr_carea' id='block_1_62' title="bbox 1972 2848 3620 2906">
    <p class='ocr_par' dir='ltr' id='par_1_62' title="bbox 1972 2848 3620 2906">
     <span class='ocr_line' id='line_1_62' title="bbox 1972 2848 3620 2906; baseline -0.001 0"><span class='ocrx_word' id='word_1_464' title='bbox 1972 2850 2210 2906; x_wconf 88' lang='lat' dir='ltr'>omnino</span> <span class='ocrx_word' id='word_1_465' title='bbox 2242 2849 2464 2905; x_wconf 90' lang='lat' dir='ltr'>similes</span> <span class='ocrx_word' id='word_1_466' title='bbox 2492 2848 2623 2903; x_wconf 91' lang='lat' dir='ltr'>istis</span> <span class='ocrx_word' id='word_1_467' title='bbox 2655 2848 2989 2904; x_wconf 90' lang='lat' dir='ltr'>reddimini.</span> <span class='ocrx_word' id='word_1_468' title='bbox 3020 2848 3237 2903; x_wconf 87' lang='lat' dir='ltr'>Idcirco</span> <span class='ocrx_word' id='word_1_469' title='bbox 3270 2854 3409 2904; x_wconf 92' lang='lat' dir='ltr'>sunt</span> <span class='ocrx_word' id='word_1_470' title='bbox 3456 2849 3620 2905; x_wconf 90' lang='lat' dir='ltr'>vobis</span> 
     </span>
    </p>
   </div>
   <div class='ocr_carea' id='block_1_63' title="bbox 1971 2937 3619 3009">
    <p class='ocr_par' dir='ltr' id='par_1_63' title="bbox 1971 2937 3619 3009">
     <span class='ocr_line' id='line_1_63' title="bbox 1971 2937 3619 3009; baseline -0.002 -14"><span class='ocrx_word' id='word_1_471' title='bbox 1971 2940 2102 2995; x_wconf 92' lang='lat' dir='ltr'>odio</span> <span class='ocrx_word' id='word_1_472' title='bbox 2122 2937 2739 3009; x_wconf 85' lang='lat' dir='ltr'>Christiani,quoniam</span> <span class='ocrx_word' id='word_1_473' title='bbox 2760 2938 2865 2993; x_wconf 90' lang='lat' dir='ltr'>bos</span> <span class='ocrx_word' id='word_1_474' title='bbox 2889 2953 3017 2992; x_wconf 87' lang='lat' dir='ltr'>esse</span> <span class='ocrx_word' id='word_1_475' title='bbox 3034 2937 3173 2992; x_wconf 90' lang='lat' dir='ltr'>deos</span> <span class='ocrx_word' id='word_1_476' title='bbox 3191 2953 3305 2992; x_wconf 90' lang='lat' dir='ltr'>non</span> <span class='ocrx_word' id='word_1_477' title='bbox 3330 2937 3619 2993; x_wconf 90' lang='lat' dir='ltr'>arbitran-</span> 
     </span>
    </p>
   </div>
   <div class='ocr_carea' id='block_1_64' title="bbox 1971 3025 3627 3100">
    <p class='ocr_par' dir='ltr' id='par_1_64' title="bbox 1971 3025 3627 3100">
     <span class='ocr_line' id='line_1_64' title="bbox 1971 3025 3627 3100; baseline -0.002 -16"><span class='ocrx_word' id='word_1_478' title='bbox 1971 3028 2273 3100; x_wconf 75' lang='lat' dir='ltr'>tur.Atqui</span> <span class='ocrx_word' id='word_1_479' title='bbox 2305 3044 2406 3083; x_wconf 90' lang='lat' dir='ltr'>vos</span> <span class='ocrx_word' id='word_1_480' title='bbox 2438 3026 2536 3098; x_wconf 93' lang='lat' dir='ltr'>qui</span> <span class='ocrx_word' id='word_1_481' title='bbox 2557 3044 2685 3082; x_wconf 91' lang='lat' dir='ltr'>esse</span> <span class='ocrx_word' id='word_1_482' title='bbox 2706 3027 2845 3082; x_wconf 90' lang='lat' dir='ltr'>deos</span> <span class='ocrx_word' id='word_1_483' title='bbox 2892 3043 3050 3081; x_wconf 90' lang='lat' dir='ltr'>nunc</span> <span class='ocrx_word' id='word_1_484' title='bbox 3080 3025 3454 3092; x_wconf 83' lang='lat' dir='ltr'>existimatis,</span> <span class='ocrx_word' id='word_1_485' title='bbox 3517 3043 3627 3082; x_wconf 90' lang='lat' dir='ltr'>an-</span> 
     </span>
    </p>
   </div>
   <div class='ocr_carea' id='block_1_65' title="bbox 1973 3114 3625 3193">
    <p class='ocr_par' dir='ltr' id='par_1_65' title="bbox 1973 3114 3625 3193">
     <span class='ocr_line' id='line_1_65' title="bbox 1973 3114 3625 3193; baseline -0.002 -21"><span class='ocrx_word' id='word_1_486' title='bbox 1973 3134 2087 3172; x_wconf 93' lang='lat' dir='ltr'>non</span> <span class='ocrx_word' id='word_1_487' title='bbox 2123 3116 2307 3172; x_wconf 91' lang='lat' dir='ltr'>multo</span> <span class='ocrx_word' id='word_1_488' title='bbox 2331 3116 2519 3193; x_wconf 89' lang='lat' dir='ltr'>magis</span> <span class='ocrx_word' id='word_1_489' title='bbox 2545 3132 2719 3187; x_wconf 89' lang='lat' dir='ltr'>quam</span> <span class='ocrx_word' id='word_1_490' title='bbox 2741 3114 2825 3169; x_wconf 90' lang='lat' dir='ltr'>illi</span> <span class='ocrx_word' id='word_1_491' title='bbox 2847 3114 3207 3185; x_wconf 88' lang='lat' dir='ltr'>contemptui</span> <span class='ocrx_word' id='word_1_492' title='bbox 3230 3114 3501 3171; x_wconf 89' lang='lat' dir='ltr'>habetis?</span> <span class='ocrx_word' id='word_1_493' title='bbox 3519 3131 3625 3169; x_wconf 85' lang='lat' dir='ltr'>an-</span> 
     </span>
    </p>
   </div>
   <div class='ocr_carea' id='block_1_66' title="bbox 218 3183 1863 3277">
    <p class='ocr_par' dir='ltr' id='par_1_66' title="bbox 218 3196 1861 3276">
     <span class='ocr_line' id='line_1_66' title="bbox 218 3196 1861 3276; baseline 0.001 -21"><span class='ocrx_word' id='word_1_494' title='bbox 218 3196 461 3276; x_wconf 76' lang='grc' dir='ltr'>ὑϐρίζετε</span> <span class='ocrx_word' id='word_1_495' title='bbox 494 3221 507 3270; x_wconf 85' lang='lat'><strong>;</strong></span> <span class='ocrx_word' id='word_1_496' title='bbox 540 3200 668 3261; x_wconf 80' lang='grc' dir='ltr'>τοὺς</span> <span class='ocrx_word' id='word_1_497' title='bbox 703 3202 797 3273; x_wconf 72' lang='grc' dir='ltr'>μὲν</span> <span class='ocrx_word' id='word_1_498' title='bbox 847 3198 1086 3262; x_wconf 75' lang='grc' dir='ltr'>λιθίνους</span> <span class='ocrx_word' id='word_1_499' title='bbox 1140 3200 1229 3254; x_wconf 78' lang='grc' dir='ltr'>καὶ</span> <span class='ocrx_word' id='word_1_500' title='bbox 1281 3200 1627 3276; x_wconf 77' lang='grc' dir='ltr'>ὀστρακίνους</span> <span class='ocrx_word' id='word_1_501' title='bbox 1676 3198 1861 3257; x_wconf 74' lang='grc' dir='ltr'>σέϐονο</span> 
     </span>
    </p>
   </div>
   <div class='ocr_carea' id='block_1_67' title="bbox 1975 3183 3624 3277">
    <p class='ocr_par' dir='ltr' id='par_1_67' title="bbox 1977 3183 3624 3277">
     <span class='ocr_line' id='line_1_67' title="bbox 1977 3183 3624 3277; baseline -0.001 -16"><span class='ocrx_word' id='word_1_502' title='bbox 1977 3224 2091 3262; x_wconf 92' lang='lat' dir='ltr'>non</span> <span class='ocrx_word' id='word_1_503' title='bbox 2126 3206 2309 3260; x_wconf 89' lang='lat' dir='ltr'>multo</span> <span class='ocrx_word' id='word_1_504' title='bbox 2343 3183 2531 3277; x_wconf 74' lang='lat' dir='ltr'>magis</span> <span class='ocrx_word' id='word_1_505' title='bbox 2562 3183 2741 3275; x_wconf 81' lang='lat' dir='ltr'>quam</span> <span class='ocrx_word' id='word_1_506' title='bbox 2770 3203 2875 3273; x_wconf 88' lang='lat' dir='ltr'>illi,</span> <span class='ocrx_word' id='word_1_507' title='bbox 2910 3183 3162 3258; x_wconf 82' lang='lat' dir='ltr'>irridetis</span> <span class='ocrx_word' id='word_1_508' title='bbox 3194 3207 3255 3257; x_wconf 90' lang='lat' dir='ltr'>et</span> <span class='ocrx_word' id='word_1_509' title='bbox 3282 3204 3497 3273; x_wconf 86' lang='lat' dir='ltr'>injuria</span> <span class='ocrx_word' id='word_1_510' title='bbox 3540 3204 3624 3259; x_wconf 87' lang='lat' dir='ltr'>af-</span> 
     </span>
    </p>
   </div>
   <div class='ocr_carea' id='block_1_68' title="bbox 210 3286 1863 3367">
    <p class='ocr_par' dir='ltr' id='par_1_68' title="bbox 210 3286 1863 3367">
     <span class='ocr_line' id='line_1_68' title="bbox 210 3286 1863 3367; baseline 0.001 -23"><span class='ocrx_word' id='word_1_511' title='bbox 210 3311 298 3351; x_wconf 89' lang='grc' dir='ltr'>τες</span> <span class='ocrx_word' id='word_1_512' title='bbox 331 3289 672 3367; x_wconf 72' lang='grc' dir='ltr'>ἀφυλάκτους</span> <span class='ocrx_word' id='word_1_513' title='bbox 721 3292 853 3362; x_wconf 84' lang='grc'>(47),</span> <span class='ocrx_word' id='word_1_514' title='bbox 900 3290 1026 3351; x_wconf 85' lang='grc' dir='ltr'>τοὺς</span> <span class='ocrx_word' id='word_1_515' title='bbox 1077 3286 1134 3343; x_wconf 75' lang='grc' dir='ltr'>δὲ</span> <span class='ocrx_word' id='word_1_516' title='bbox 1182 3290 1447 3365; x_wconf 78' lang='grc' dir='ltr'>ἀργυροῦς</span> <span class='ocrx_word' id='word_1_517' title='bbox 1498 3291 1586 3345; x_wconf 76' lang='grc' dir='ltr'>καὶ</span> <span class='ocrx_word' id='word_1_518' title='bbox 1628 3296 1863 3365; x_wconf 71' lang='grc' dir='ltr'>χρυσοῦς</span> 
     </span>
    </p>
   </div>
   <div class='ocr_carea' id='block_1_69' title="bbox 214 3377 1863 3457">
    <p class='ocr_par' dir='ltr' id='par_1_69' title="bbox 214 3377 1863 3457">
     <span class='ocr_line' id='line_1_69' title="bbox 214 3377 1863 3457; baseline 0.001 -25"><span class='ocrx_word' id='word_1_519' title='bbox 214 3377 545 3453; x_wconf 75' lang='grc' dir='ltr'>ἐγκλείοντες</span> <span class='ocrx_word' id='word_1_520' title='bbox 600 3383 719 3440; x_wconf 87' lang='grc' dir='ltr'>ταῖς</span> <span class='ocrx_word' id='word_1_521' title='bbox 776 3378 889 3448; x_wconf 76' lang='grc' dir='ltr'>νυξὶ</span> <span class='ocrx_word' id='word_1_522' title='bbox 924 3422 938 3446; x_wconf 95' lang='grc'>,</span> <span class='ocrx_word' id='word_1_523' title='bbox 996 3378 1087 3432; x_wconf 85' lang='grc' dir='ltr'>καὶ</span> <span class='ocrx_word' id='word_1_524' title='bbox 1141 3383 1260 3440; x_wconf 85' lang='grc' dir='ltr'>ταῖς</span> <span class='ocrx_word' id='word_1_525' title='bbox 1328 3378 1561 3454; x_wconf 72' lang='grc' dir='ltr'>ἡμέραις</span> <span class='ocrx_word' id='word_1_526' title='bbox 1622 3379 1863 3457; x_wconf 81' lang='grc' dir='ltr'>φύλακας</span> 
     </span>
    </p>
   </div>
   <div class='ocr_carea' id='block_1_70' title="bbox 210 3464 1865 3542">
    <p class='ocr_par' dir='ltr' id='par_1_70' title="bbox 210 3464 1865 3542">
     <span class='ocr_line' id='line_1_70' title="bbox 210 3464 1865 3542; baseline 0.002 -22"><span class='ocrx_word' id='word_1_527' title='bbox 210 3468 692 3542; x_wconf 83' lang='grc' dir='ltr'>παρακαθίσαντες,</span> <span class='ocrx_word' id='word_1_528' title='bbox 743 3464 834 3521; x_wconf 70' lang='grc' dir='ltr'>ἵνα</span> <span class='ocrx_word' id='word_1_529' title='bbox 896 3468 971 3539; x_wconf 81' lang='grc' dir='ltr'>μή</span> <span class='ocrx_word' id='word_1_530' title='bbox 1027 3464 1339 3521; x_wconf 89' lang='grc' dir='ltr'>κλαπῶσιν.</span> <span class='ocrx_word' id='word_1_531' title='bbox 1394 3468 1491 3530; x_wconf 78' lang='grc' dir='ltr'>Αἶς</span> <span class='ocrx_word' id='word_1_532' title='bbox 1546 3466 1603 3522; x_wconf 78' lang='grc' dir='ltr'>δὲ</span> <span class='ocrx_word' id='word_1_533' title='bbox 1658 3468 1865 3523; x_wconf 84' lang='grc' dir='ltr'>δοκεῖτε</span> 
     </span>
    </p>
   </div>
   <div class='ocr_carea' id='block_1_71' title="bbox 211 3554 1864 3634">
    <p class='ocr_par' dir='ltr' id='par_1_71' title="bbox 211 3554 1864 3634">
     <span class='ocr_line' id='line_1_71' title="bbox 211 3554 1864 3634; baseline 0.001 -23"><span class='ocrx_word' id='word_1_534' title='bbox 211 3562 401 3628; x_wconf 89' lang='grc' dir='ltr'>τιμαῖς</span> <span class='ocrx_word' id='word_1_535' title='bbox 457 3558 778 3634; x_wconf 72' lang='grc' dir='ltr'>προσφέρειν</span> <span class='ocrx_word' id='word_1_536' title='bbox 816 3598 829 3623; x_wconf 88' lang='grc'>,</span> <span class='ocrx_word' id='word_1_537' title='bbox 891 3554 939 3610; x_wconf 68' lang='grc' dir='ltr'>εἲ</span> <span class='ocrx_word' id='word_1_538' title='bbox 1000 3554 1093 3628; x_wconf 79' lang='grc' dir='ltr'>μὶν</span> <span class='ocrx_word' id='word_1_539' title='bbox 1162 3556 1500 3619; x_wconf 75' lang='grc' dir='ltr'>αἰσθάνονται</span> <span class='ocrx_word' id='word_1_540' title='bbox 1534 3601 1549 3627; x_wconf 88' lang='grc'>,</span> <span class='ocrx_word' id='word_1_541' title='bbox 1606 3556 1864 3627; x_wconf 84' lang='grc' dir='ltr'>κολάζετε</span> 
     </span>
    </p>
   </div>
   <div class='ocr_carea' id='block_1_72' title="bbox 219 3641 1863 3721">
    <p class='ocr_par' dir='ltr' id='par_1_72' title="bbox 219 3641 1863 3721">
     <span class='ocr_line' id='line_1_72' title="bbox 219 3641 1863 3721; baseline 0.002 -22"><span class='ocrx_word' id='word_1_542' title='bbox 219 3643 434 3716; x_wconf 80' lang='grc' dir='ltr'>μᾶλλον</span> <span class='ocrx_word' id='word_1_543' title='bbox 495 3644 710 3706; x_wconf 76' lang='grc' dir='ltr'>αὐτούς’</span> <span class='ocrx_word' id='word_1_544' title='bbox 774 3645 819 3698; x_wconf 78' lang='grc' dir='ltr'>εἰ</span> <span class='ocrx_word' id='word_1_545' title='bbox 880 3641 937 3699; x_wconf 78' lang='grc' dir='ltr'>δὲ</span> <span class='ocrx_word' id='word_1_546' title='bbox 994 3645 1440 3714; x_wconf 84' lang='grc' dir='ltr'>ἀναισθητοῦσιν,</span> <span class='ocrx_word' id='word_1_547' title='bbox 1498 3645 1863 3721; x_wconf 77' lang='grc' dir='ltr'>ἐλέγχοντες,</span> 
     </span>
    </p>
   </div>
   <div class='ocr_carea' id='block_1_73' title="bbox 216 3732 1861 3809">
    <p class='ocr_par' dir='ltr' id='par_1_73' title="bbox 216 3732 1861 3809">
     <span class='ocr_line' id='line_1_73' title="bbox 216 3732 1861 3809; baseline -0.005 -21"><span class='ocrx_word' id='word_1_548' title='bbox 216 3733 405 3806; x_wconf 63' lang='grc' dir='ltr'>αῖματι</span> <span class='ocrx_word' id='word_1_549' title='bbox 460 3732 549 3788; x_wconf 83' lang='grc' dir='ltr'><strong>καί</strong></span> <span class='ocrx_word' id='word_1_550' title='bbox 606 3733 845 3795; x_wconf 82' lang='grc' dir='ltr'>κνίσσαις</span> <span class='ocrx_word' id='word_1_551' title='bbox 923 3732 1118 3795; x_wconf 79' lang='grc' dir='ltr'>αὐτοὺς</span> <span class='ocrx_word' id='word_1_552' title='bbox 1179 3734 1539 3809; x_wconf 84' lang='grc' dir='ltr'>θρησκεύετε·</span> <span class='ocrx_word' id='word_1_553' title='bbox 1598 3736 1745 3789; x_wconf 79' lang='grc' dir='ltr'>ταῦθ’</span> <span class='ocrx_word' id='word_1_554' title='bbox 1804 3736 1861 3790; x_wconf 87' lang='grc' dir='ltr'>ὑ-</span> 
     </span>
    </p>
   </div>
   <div class='ocr_carea' id='block_1_74' title="bbox 219 3822 1863 3897">
    <p class='ocr_par' dir='ltr' id='par_1_74' title="bbox 219 3822 1863 3897">
     <span class='ocr_line' id='line_1_74' title="bbox 219 3822 1863 3897; baseline 0.001 -20"><span class='ocrx_word' id='word_1_555' title='bbox 219 3828 335 3896; x_wconf 91' lang='grc' dir='ltr'>μῶν</span> <span class='ocrx_word' id='word_1_556' title='bbox 393 3822 475 3884; x_wconf 77' lang='grc' dir='ltr'>τίς</span> <span class='ocrx_word' id='word_1_557' title='bbox 535 3823 881 3895; x_wconf 85' lang='grc' dir='ltr'>ὑπομεινάτω</span> <span class='ocrx_word' id='word_1_558' title='bbox 936 3841 948 3889; x_wconf 89' lang='grc'><strong>;</strong></span> <span class='ocrx_word' id='word_1_559' title='bbox 997 3827 1165 3877; x_wconf 77' lang='grc' dir='ltr'>ταῦτα</span> <span class='ocrx_word' id='word_1_560' title='bbox 1220 3822 1537 3897; x_wconf 73' lang='grc' dir='ltr'>ἀνασχέσθω</span> <span class='ocrx_word' id='word_1_561' title='bbox 1588 3822 1670 3885; x_wconf 81' lang='grc' dir='ltr'>τίς</span> <span class='ocrx_word' id='word_1_562' title='bbox 1721 3824 1863 3878; x_wconf 74' lang='grc' dir='ltr'>ἑαυ-</span> 
     </span>
    </p>
   </div>
   <div class='ocr_carea' id='block_1_75' title="bbox 212 3908 1863 3988">
    <p class='ocr_par' dir='ltr' id='par_1_75' title="bbox 212 3908 1863 3988">
     <span class='ocr_line' id='line_1_75' title="bbox 212 3908 1863 3988; baseline 0.001 -22"><span class='ocrx_word' id='word_1_563' title='bbox 212 3917 293 3983; x_wconf 81' lang='grc' dir='ltr'>τῷ</span> <span class='ocrx_word' id='word_1_564' title='bbox 339 3913 583 3988; x_wconf 73' lang='grc' dir='ltr'>γενέσθαι</span> <span class='ocrx_word' id='word_1_565' title='bbox 633 3930 646 3980; x_wconf 88' lang='grc'><strong>;</strong></span> <span class='ocrx_word' id='word_1_566' title='bbox 689 3909 837 3965; x_wconf 85' lang='grc' dir='ltr'>ἀλλὰ</span> <span class='ocrx_word' id='word_1_567' title='bbox 886 3909 1170 3983; x_wconf 79' lang='grc' dir='ltr'>ἄνθρωπος</span> <span class='ocrx_word' id='word_1_568' title='bbox 1224 3912 1317 3983; x_wconf 73' lang='grc' dir='ltr'>μὲν</span> <span class='ocrx_word' id='word_1_569' title='bbox 1368 3908 1491 3965; x_wconf 80' lang='grc' dir='ltr'>οὐδὲ</span> <span class='ocrx_word' id='word_1_570' title='bbox 1539 3914 1614 3973; x_wconf 86' lang='grc' dir='ltr'>εἷς</span> <span class='ocrx_word' id='word_1_571' title='bbox 1659 3915 1863 3983; x_wconf 81' lang='grc' dir='ltr'>ταύτης</span> 
     </span>
    </p>
   </div>
   <div class='ocr_carea' id='block_1_76' title="bbox 212 3998 1860 4077">
    <p class='ocr_par' dir='ltr' id='par_1_76' title="bbox 212 3998 1860 4077">
     <span class='ocr_line' id='line_1_76' title="bbox 212 3998 1860 4077; baseline 0.002 -23"><span class='ocrx_word' id='word_1_572' title='bbox 212 4008 313 4069; x_wconf 77' lang='grc' dir='ltr'>τῆς</span> <span class='ocrx_word' id='word_1_573' title='bbox 372 3999 651 4062; x_wconf 88' lang='grc' dir='ltr'>κολάσεως</span> <span class='ocrx_word' id='word_1_574' title='bbox 729 4001 864 4054; x_wconf 73' lang='grc' dir='ltr'>ἑκὼν</span> <span class='ocrx_word' id='word_1_575' title='bbox 939 4000 1173 4070; x_wconf 73' lang='grc' dir='ltr'>ἀνέξεται</span> <span class='ocrx_word' id='word_1_576' title='bbox 1234 3998 1523 4073; x_wconf 76' lang='grc' dir='ltr'>(αἶ’σθησιν</span> <span class='ocrx_word' id='word_1_577' title='bbox 1584 4002 1687 4076; x_wconf 72' lang='grc' dir='ltr'>γάρ</span> <span class='ocrx_word' id='word_1_578' title='bbox 1746 4001 1860 4077; x_wconf 74' lang='grc' dir='ltr'>ἔχει</span> 
     </span>
    </p>
   </div>
   <div class='ocr_carea' id='block_1_77' title="bbox 214 4086 1860 4167">
    <p class='ocr_par' dir='ltr' id='par_1_77' title="bbox 214 4086 1860 4167">
     <span class='ocr_line' id='line_1_77' title="bbox 214 4086 1860 4167; baseline 0.001 -24"><span class='ocrx_word' id='word_1_579' title='bbox 214 4090 301 4143; x_wconf 82' lang='grc' dir='ltr'>καὶ</span> <span class='ocrx_word' id='word_1_580' title='bbox 338 4089 645 4165; x_wconf 86' lang='grc' dir='ltr'>λογισμόν·)</span> <span class='ocrx_word' id='word_1_581' title='bbox 677 4090 705 4142; x_wconf 88' lang='lat'>6</span> <span class='ocrx_word' id='word_1_582' title='bbox 754 4086 812 4143; x_wconf 75' lang='grc' dir='ltr'>δὲ</span> <span class='ocrx_word' id='word_1_583' title='bbox 861 4087 1013 4150; x_wconf 75' lang='grc' dir='ltr'>λίθος</span> <span class='ocrx_word' id='word_1_584' title='bbox 1061 4088 1327 4164; x_wconf 73' lang='grc' dir='ltr'>ἀνέχεται·</span> <span class='ocrx_word' id='word_1_585' title='bbox 1378 4090 1693 4159; x_wconf 80' lang='grc' dir='ltr'>ἀναισθητεῖ</span> <span class='ocrx_word' id='word_1_586' title='bbox 1737 4093 1860 4167; x_wconf 85' lang='grc' dir='ltr'>γάρ.</span> 
     </span>
    </p>
   </div>
   <div class='ocr_carea' id='block_1_78' title="bbox 214 4177 1863 4256">
    <p class='ocr_par' dir='ltr' id='par_1_78' title="bbox 214 4177 1863 4256">
     <span class='ocr_line' id='line_1_78' title="bbox 214 4177 1863 4256; baseline 0.002 -24"><span class='ocrx_word' id='word_1_587' title='bbox 214 4177 419 4233; x_wconf 70' lang='grc' dir='ltr'>Οὐκοῦν</span> <span class='ocrx_word' id='word_1_588' title='bbox 476 4178 575 4245; x_wconf 76' lang='grc' dir='ltr'>τήν</span> <span class='ocrx_word' id='word_1_589' title='bbox 624 4177 866 4248; x_wconf 62' lang='grc' dir='ltr'>αἴσθησιν</span> <span class='ocrx_word' id='word_1_590' title='bbox 1114 4220 1126 4233; x_wconf 92' lang='grc'><strong>.</strong></span> <span class='ocrx_word' id='word_1_591' title='bbox 1180 4222 1192 4235; x_wconf 93' lang='grc'><em>.</em></span> <span class='ocrx_word' id='word_1_592' title='bbox 1249 4223 1262 4236; x_wconf 93' lang='grc'><strong>.</strong></span> <span class='ocrx_word' id='word_1_593' title='bbox 1320 4222 1332 4235; x_wconf 94' lang='grc'><strong><em>.</em></strong></span> <span class='ocrx_word' id='word_1_594' title='bbox 1389 4223 1401 4234; x_wconf 92' lang='grc'><strong>.</strong></span> <span class='ocrx_word' id='word_1_595' title='bbox 1448 4222 1461 4236; x_wconf 94' lang='grc'><strong>.</strong></span> <span class='ocrx_word' id='word_1_596' title='bbox 1498 4222 1511 4235; x_wconf 92' lang='grc'><strong>.</strong></span> <span class='ocrx_word' id='word_1_597' title='bbox 1552 4223 1565 4236; x_wconf 93' lang='grc'><strong>.</strong></span> <span class='ocrx_word' id='word_1_598' title='bbox 1608 4224 1621 4237; x_wconf 93' lang='grc'><strong>.</strong></span> <span class='ocrx_word' id='word_1_599' title='bbox 1660 4223 1671 4235; x_wconf 94' lang='grc'><strong>.</strong></span> <span class='ocrx_word' id='word_1_600' title='bbox 1706 4180 1863 4256; x_wconf 67' lang='grc' dir='ltr'>ἐλέγ-</span> 
     </span>
    </p>
   </div>
   <div class='ocr_carea' id='block_1_79' title="bbox 214 4264 1863 4345">
    <p class='ocr_par' dir='ltr' id='par_1_79' title="bbox 214 4264 1863 4345">
     <span class='ocr_line' id='line_1_79' title="bbox 214 4264 1863 4345; baseline 0.002 -25"><span class='ocrx_word' id='word_1_601' title='bbox 214 4286 388 4342; x_wconf 87' lang='grc' dir='ltr'>χετε.</span> <span class='ocrx_word' id='word_1_602' title='bbox 448 4266 577 4342; x_wconf 86' lang='grc' dir='ltr'>Περὶ</span> <span class='ocrx_word' id='word_1_603' title='bbox 654 4268 751 4340; x_wconf 73' lang='grc' dir='ltr'>μὶν</span> <span class='ocrx_word' id='word_1_604' title='bbox 827 4264 918 4319; x_wconf 72' lang='grc' dir='ltr'>οὖν</span> <span class='ocrx_word' id='word_1_605' title='bbox 990 4270 1088 4321; x_wconf 77' lang='grc' dir='ltr'>τοῦ</span> <span class='ocrx_word' id='word_1_606' title='bbox 1166 4268 1241 4339; x_wconf 81' lang='grc' dir='ltr'>μὴ</span> <span class='ocrx_word' id='word_1_607' title='bbox 1311 4264 1677 4323; x_wconf 81' lang='grc' dir='ltr'>δεδουλῶσθαι</span> <span class='ocrx_word' id='word_1_608' title='bbox 1737 4275 1863 4345; x_wconf 78' lang='grc' dir='ltr'>Χρι-</span> 
     </span>
    </p>
   </div>
   <div class='ocr_carea' id='block_1_80' title="bbox 283 4410 1861 4537">
    <p class='ocr_par' dir='ltr' id='par_1_80' title="bbox 283 4410 1861 4537">
     <span class='ocr_line' id='line_1_80' title="bbox 283 4410 1861 4537; baseline 0.003 -72"><span class='ocrx_word' id='word_1_609' title='bbox 283 4411 400 4537; x_wconf 62' lang='grc'>⁴(42)</span> <span class='ocrx_word' id='word_1_610' title='bbox 436 4410 827 4471; x_wconf 82' lang='grc' dir='ltr'>Ὑποστάσεως.</span> <span class='ocrx_word' id='word_1_611' title='bbox 882 4410 1060 4467; x_wconf 85' lang='lat' dir='ltr'>Vertit</span> <span class='ocrx_word' id='word_1_612' title='bbox 1116 4410 1395 4482; x_wconf 89' lang='lat' dir='ltr'>Stephan.</span> <span class='ocrx_word' id='word_1_613' title='bbox 1449 4412 1861 4481; x_wconf 46' lang='lat' dir='ltr'>subsistentia,-</span> 
     </span>
     <span class='ocr_line' id='line_1_81' title="bbox 347 4482 1858 4537; baseline 0.001 -1"><span class='ocrx_word' id='word_1_614' title='bbox 347 4482 575 4537; x_wconf 88' lang='lat' dir='ltr'>melius.</span> <span class='ocrx_word' id='word_1_615' title='bbox 610 4482 857 4537; x_wconf 86' lang='lat' dir='ltr'>oninior.</span> <span class='ocrx_word' id='word_1_616' title='bbox 892 4482 1262 4537; x_wconf 88' lang='lat' dir='ltr'>reddidisset.</span> <span class='ocrx_word' id='word_1_617' title='bbox 1294 4484 1645 4537; x_wconf 70' lang='lat' dir='ltr'>substantiae.</span> <span class='ocrx_word' id='word_1_618' title='bbox 1683 4485 1858 4537; x_wconf 89' lang='lat' dir='ltr'>Paulo</span> 
     </span>
    </p>
   </div>
   <div class='ocr_carea' id='block_1_81' title="bbox 216 4482 1858 4553">
    <p class='ocr_par' dir='ltr' id='par_1_81' title="bbox 216 4482 1858 4553">
     <span class='ocr_line' id='line_1_82' title="bbox 216 4482 1858 4553; baseline 0.002 -16"><span class='ocrx_word' id='word_1_619' title='bbox 216 4482 317 4537; x_wconf 91' lang='lat' dir='ltr'>sed</span> <span class='ocrx_word' id='word_1_620' title='bbox 347 4482 575 4553; x_wconf 90' lang='lat' dir='ltr'>melius,</span> <span class='ocrx_word' id='word_1_621' title='bbox 610 4482 857 4553; x_wconf 90' lang='lat' dir='ltr'>opinior,</span> <span class='ocrx_word' id='word_1_622' title='bbox 892 4482 1262 4550; x_wconf 88' lang='lat' dir='ltr'>reddidisset,</span> <span class='ocrx_word' id='word_1_623' title='bbox 1294 4484 1645 4541; x_wconf 70' lang='lat' dir='ltr'>substantiae.</span> <span class='ocrx_word' id='word_1_624' title='bbox 1683 4485 1858 4541; x_wconf 89' lang='lat' dir='ltr'>Paulo</span> 
     </span>
    </p>
   </div>
   <div class='ocr_carea' id='block_1_82' title="bbox 218 4552 1359 4639">
    <p class='ocr_par' dir='ltr' id='par_1_82' title="bbox 218 4552 1359 4639">
     <span class='ocr_line' id='line_1_83' title="bbox 218 4552 1359 4639; baseline -0.001 -31"><span class='ocrx_word' id='word_1_625' title='bbox 218 4560 352 4639; x_wconf 73' lang='lat' dir='ltr'>post</span> <span class='ocrx_word' id='word_1_626' title='bbox 407 4552 577 4628; x_wconf 79' lang='grc' dir='ltr'>ἐρεῖτε</span> <span class='ocrx_word' id='word_1_627' title='bbox 627 4552 776 4639; x_wconf 72' lang='lat' dir='ltr'>recte</span> <span class='ocrx_word' id='word_1_628' title='bbox 1039 4554 1359 4639; x_wconf 68' lang='lat' dir='ltr'>contendit,</span> 
     </span>
    </p>
   </div>
   <div class='ocr_carea' id='block_1_83' title="bbox 218 4625 1864 4699">
    <p class='ocr_par' dir='ltr' id='par_1_83' title="bbox 218 4625 1864 4699">
     <span class='ocr_line' id='line_1_84' title="bbox 218 4625 1864 4699; baseline 0.003 -21"><span class='ocrx_word' id='word_1_629' title='bbox 218 4625 386 4699; x_wconf 55' lang='grc' dir='ltr'>ἐρέω,</span> <span class='ocrx_word' id='word_1_630' title='bbox 421 4625 536 4696; x_wconf 86' lang='lat' dir='ltr'>quo</span> <span class='ocrx_word' id='word_1_631' title='bbox 566 4626 803 4695; x_wconf 89' lang='lat' dir='ltr'>quidem</span> <span class='ocrx_word' id='word_1_632' title='bbox 824 4626 894 4681; x_wconf 90' lang='lat' dir='ltr'>de</span> <span class='ocrx_word' id='word_1_633' title='bbox 919 4625 1175 4680; x_wconf 89' lang='lat' dir='ltr'>themate</span> <span class='ocrx_word' id='word_1_634' title='bbox 1197 4625 1545 4683; x_wconf 77' lang='lat' dir='ltr'>disseruisse</span> <span class='ocrx_word' id='word_1_635' title='bbox 1576 4644 1637 4682; x_wconf 85' lang='lat' dir='ltr'>se</span> <span class='ocrx_word' id='word_1_636' title='bbox 1666 4634 1864 4683; x_wconf 91' lang='lat' dir='ltr'>monet</span> 
     </span>
    </p>
   </div>
   <div class='ocr_carea' id='block_1_84' title="bbox 216 4697 772 4752">
    <p class='ocr_par' dir='ltr' id='par_1_84' title="bbox 216 4697 772 4752">
     <span class='ocr_line' id='line_1_85' title="bbox 216 4697 772 4752; baseline -0.002 0"><span class='ocrx_word' id='word_1_637' title='bbox 216 4697 276 4752; x_wconf 86' lang='lat' dir='ltr'>in</span> <span class='ocrx_word' id='word_1_638' title='bbox 312 4697 613 4752; x_wconf 88' lang='lat' dir='ltr'>Thesauro</span> <span class='ocrx_word' id='word_1_639' title='bbox 644 4714 772 4751; x_wconf 91' lang='lat' dir='ltr'>suo.</span> 
     </span>
    </p>
   </div>
   <div class='ocr_carea' id='block_1_85' title="bbox 289 4764 1862 4842">
    <p class='ocr_par' dir='ltr' id='par_1_85' title="bbox 289 4764 1862 4842">
     <span class='ocr_line' id='line_1_86' title="bbox 289 4764 1862 4842; baseline 0.003 -20"><span class='ocrx_word' id='word_1_640' title='bbox 289 4764 792 4842; x_wconf 27' lang='lat' dir='ltr'>(43)¢u)\‘1&#39;ﬁov10c:.</span> <span class='ocrx_word' id='word_1_641' title='bbox 838 4767 933 4822; x_wconf 89' lang='lat' dir='ltr'>Sic</span> <span class='ocrx_word' id='word_1_642' title='bbox 992 4766 1189 4842; x_wconf 77' lang='lat' dir='ltr'>posuit</span> <span class='ocrx_word' id='word_1_643' title='bbox 1245 4767 1578 4840; x_wconf 88' lang='lat' dir='ltr'>Stephanus</span> <span class='ocrx_word' id='word_1_644' title='bbox 1637 4787 1739 4842; x_wconf 90' lang='lat' dir='ltr'>pro</span> <span class='ocrx_word' id='word_1_645' title='bbox 1797 4786 1862 4826; x_wconf 92' lang='lat' dir='ltr'>eo</span> 
     </span>
    </p>
   </div>
   <div class='ocr_carea' id='block_1_86' title="bbox 219 4835 1343 4914">
    <p class='ocr_par' dir='ltr' id='par_1_86' title="bbox 219 4835 1343 4914">
     <span class='ocr_line' id='line_1_87' title="bbox 219 4835 1343 4914; baseline -0.002 -19"><span class='ocrx_word' id='word_1_646' title='bbox 219 4835 529 4914; x_wconf 47' lang='lat' dir='ltr'>quod&#39;erat</span> <span class='ocrx_word' id='word_1_647' title='bbox 559 4835 622 4914; x_wconf 78' lang='lat' dir='ltr'>in</span> <span class='ocrx_word' id='word_1_648' title='bbox 649 4841 777 4896; x_wconf 93' lang='lat' dir='ltr'>cod.</span> <span class='ocrx_word' id='word_1_649' title='bbox 816 4856 956 4914; x_wconf 68' lang='lat' dir='ltr'>mss.</span> <span class='ocrx_word' id='word_1_650' title='bbox 991 4835 1343 4914; x_wconf 73' lang='grc' dir='ltr'>φυλάξαντος.</span> 
     </span>
    </p>
   </div>
   <div class='ocr_carea' id='block_1_87' title="bbox 290 4909 1860 4985">
    <p class='ocr_par' dir='ltr' id='par_1_87' title="bbox 290 4909 1860 4985">
     <span class='ocr_line' id='line_1_88' title="bbox 290 4909 1860 4985; baseline 0.001 -20"><span class='ocrx_word' id='word_1_651' title='bbox 290 4912 399 4985; x_wconf 61' lang='grc'>(44)</span> <span class='ocrx_word' id='word_1_652' title='bbox 531 4909 679 4985; x_wconf 81' lang='grc' dir='ltr'>πρὶν,</span> <span class='ocrx_word' id='word_1_653' title='bbox 714 4916 824 4985; x_wconf 62' lang='grc' dir='ltr'>εἰςἶ</span> <span class='ocrx_word' id='word_1_654' title='bbox 856 4910 950 4985; x_wconf 76' lang='lat' dir='ltr'>Sic</span> <span class='ocrx_word' id='word_1_655' title='bbox 981 4909 1168 4985; x_wconf 78' lang='lat' dir='ltr'>totum</span> <span class='ocrx_word' id='word_1_656' title='bbox 1202 4909 1359 4965; x_wconf 92' lang='lat' dir='ltr'>hunc</span> <span class='ocrx_word' id='word_1_657' title='bbox 1395 4909 1587 4985; x_wconf 86' lang='lat' dir='ltr'>locum</span> <span class='ocrx_word' id='word_1_658' title='bbox 1648 4912 1860 4985; x_wconf 85' lang='lat' dir='ltr'>immu-</span> 
     </span>
    </p>
   </div>
   <div class='ocr_carea' id='block_1_88' title="bbox 216 4980 1860 5056">
    <p class='ocr_par' dir='ltr' id='par_1_88' title="bbox 216 4980 1860 5056">
     <span class='ocr_line' id='line_1_89' title="bbox 216 4980 1860 5056; baseline -0.001 -20"><span class='ocrx_word' id='word_1_659' title='bbox 216 4980 303 5056; x_wconf 71' lang='lat' dir='ltr'>tat</span> <span class='ocrx_word' id='word_1_660' title='bbox 333 4980 706 5056; x_wconf 68' lang='lat' dir='ltr'>Stephanus:</span> <span class='ocrx_word' id='word_1_661' title='bbox 734 4980 829 5035; x_wconf 79' lang='grc' dir='ltr'>Καὶ</span> <span class='ocrx_word' id='word_1_662' title='bbox 863 4980 924 5056; x_wconf 81' lang='grc' dir='ltr'>ού</span> <span class='ocrx_word' id='word_1_663' title='bbox 956 4980 1105 5056; x_wconf 74' lang='grc' dir='ltr'>πρὶν,</span> <span class='ocrx_word' id='word_1_664' title='bbox 1136 4982 1171 5049; x_wconf 73' lang='grc' dir='ltr'><strong>ἢ</strong></span> <span class='ocrx_word' id='word_1_665' title='bbox 1218 4985 1337 5041; x_wconf 88' lang='grc' dir='ltr'>ταῖς</span> <span class='ocrx_word' id='word_1_666' title='bbox 1377 4982 1599 5056; x_wconf 72' lang='grc' dir='ltr'>τέχναις</span> <span class='ocrx_word' id='word_1_667' title='bbox 1647 4982 1860 5056; x_wconf 17' lang='grc' dir='ltr'>,τούτων</span> 
     </span>
    </p>
   </div>
   <div class='ocr_carea' id='block_1_89' title="bbox 218 5052 1865 5129">
    <p class='ocr_par' dir='ltr' id='par_1_89' title="bbox 218 5052 1865 5129">
     <span class='ocr_line' id='line_1_90' title="bbox 218 5052 1865 5129; baseline 0.001 -23"><span class='ocrx_word' id='word_1_668' title='bbox 218 5053 296 5129; x_wconf 73' lang='grc' dir='ltr'>εἰς</span> <span class='ocrx_word' id='word_1_669' title='bbox 505 5053 753 5129; x_wconf 40' lang='grc' dir='ltr'>μορφὴν.-</span> <span class='ocrx_word' id='word_1_670' title='bbox 784 5052 1007 5129; x_wconf 68' lang='grc' dir='ltr'>τούτων’</span> <span class='ocrx_word' id='word_1_671' title='bbox 1052 5052 1479 5129; x_wconf 64' lang='grc' dir='ltr'>ξκτυπωθῆναι,’</span> <span class='ocrx_word' id='word_1_672' title='bbox 1510 5054 1575 5121; x_wconf 81' lang='grc' dir='ltr'>ἦν</span> <span class='ocrx_word' id='word_1_673' title='bbox 1644 5052 1865 5129; x_wconf 69' lang='grc' dir='ltr'>ἕκαστον</span> 
     </span>
    </p>
   </div>
   <div class='ocr_carea' id='block_1_90' title="bbox 218 5120 1863 5201">
    <p class='ocr_par' dir='ltr' id='par_1_90' title="bbox 218 5120 1863 5201">
     <span class='ocr_line' id='line_1_91' title="bbox 218 5120 1863 5201; baseline 0.002 -23"><span class='ocrx_word' id='word_1_674' title='bbox 218 5120 644 5196; x_wconf 56' lang='grc' dir='ltr'>αὐτῶνὲκάστξμ</span> <span class='ocrx_word' id='word_1_675' title='bbox 678 5120 805 5201; x_wconf 72' lang='grc' dir='ltr'>εἷ’δει</span> <span class='ocrx_word' id='word_1_676' title='bbox 852 5124 944 5201; x_wconf 68' lang='grc' dir='ltr'>ὼςΔ</span> <span class='ocrx_word' id='word_1_677' title='bbox 986 5123 1074 5177; x_wconf 88' lang='grc' dir='ltr'>καὶ</span> <span class='ocrx_word' id='word_1_678' title='bbox 1126 5128 1216 5177; x_wconf 75' lang='grc' dir='ltr'>νῦν</span> <span class='ocrx_word' id='word_1_679' title='bbox 1273 5120 1863 5201; x_wconf 79' lang='grc' dir='ltr'>μεταμεμορφωμένον.</span> 
     </span>
    </p>
   </div>
   <div class='ocr_carea' id='block_1_91' title="bbox 219 5196 1865 5270">
    <p class='ocr_par' dir='ltr' id='par_1_91' title="bbox 219 5196 1865 5270">
     <span class='ocr_line' id='line_1_92' title="bbox 219 5196 1865 5270; baseline 0 -17"><span class='ocrx_word' id='word_1_680' title='bbox 219 5198 331 5253; x_wconf 90' lang='lat' dir='ltr'>Sed</span> <span class='ocrx_word' id='word_1_681' title='bbox 356 5196 825 5270; x_wconf 85' lang='lat' dir='ltr'>prorsusinutile</span> <span class='ocrx_word' id='word_1_682' title='bbox 854 5197 1085 5270; x_wconf 79' lang='lat' dir='ltr'>videtur</span> <span class='ocrx_word' id='word_1_683' title='bbox 1113 5200 1198 5251; x_wconf 92' lang='lat' dir='ltr'>tot</span> <span class='ocrx_word' id='word_1_684' title='bbox 1228 5213 1397 5270; x_wconf 90' lang='lat' dir='ltr'>voces</span> <span class='ocrx_word' id='word_1_685' title='bbox 1427 5196 1637 5253; x_wconf 75' lang='lat' dir='ltr'>addere</span> <span class='ocrx_word' id='word_1_686' title='bbox 1669 5196 1724 5253; x_wconf 88' lang='lat' dir='ltr'>et</span> <span class='ocrx_word' id='word_1_687' title='bbox 1753 5200 1865 5253; x_wconf 85' lang='lat' dir='ltr'>im-</span> 
     </span>
    </p>
   </div>
   <div class='ocr_carea' id='block_1_92' title="bbox 220 5268 1865 5335">
    <p class='ocr_par' dir='ltr' id='par_1_92' title="bbox 220 5268 1865 5335">
     <span class='ocr_line' id='line_1_93' title="bbox 220 5268 1865 5335; baseline 0.001 -11"><span class='ocrx_word' id='word_1_688' title='bbox 220 5268 469 5335; x_wconf 81' lang='lat' dir='ltr'>mutare,</span> <span class='ocrx_word' id='word_1_689' title='bbox 506 5268 604 5323; x_wconf 91' lang='lat' dir='ltr'>ubi</span> <span class='ocrx_word' id='word_1_690' title='bbox 639 5269 815 5323; x_wconf 91' lang='lat' dir='ltr'>unius</span> <span class='ocrx_word' id='word_1_691' title='bbox 854 5268 1057 5323; x_wconf 67' lang='lat' dir='ltr'>littera:</span> <span class='ocrx_word' id='word_1_692' title='bbox 1110 5269 1439 5323; x_wconf 84' lang='lat' dir='ltr'>emendatio</span> <span class='ocrx_word' id='word_1_693' title='bbox 1498 5271 1865 5325; x_wconf 85' lang='lat' dir='ltr'>commodam</span> 
     </span>
    </p>
   </div>
   <div class='ocr_carea' id='block_1_93' title="bbox 221 5337 1865 5411">
    <p class='ocr_par' dir='ltr' id='par_1_93' title="bbox 221 5337 1865 5411">
     <span class='ocr_line' id='line_1_94' title="bbox 221 5337 1865 5411; baseline -0.001 -16"><span class='ocrx_word' id='word_1_694' title='bbox 221 5342 389 5395; x_wconf 78' lang='lat' dir='ltr'>affert</span> <span class='ocrx_word' id='word_1_695' title='bbox 420 5340 798 5396; x_wconf 88' lang='lat' dir='ltr'>sententiam.</span> <span class='ocrx_word' id='word_1_696' title='bbox 831 5339 975 5411; x_wconf 86' lang='lat' dir='ltr'>Nam</span> <span class='ocrx_word' id='word_1_697' title='bbox 1010 5339 1058 5394; x_wconf 91' lang='lat' dir='ltr'>si</span> <span class='ocrx_word' id='word_1_698' title='bbox 1089 5338 1246 5410; x_wconf 69' lang='lat' dir='ltr'>legas</span> <span class='ocrx_word' id='word_1_699' title='bbox 1296 5337 1515 5393; x_wconf 74' lang='grc' dir='ltr'>ἕκαστον</span> <span class='ocrx_word' id='word_1_700' title='bbox 1578 5358 1678 5411; x_wconf 92' lang='lat' dir='ltr'>pro</span> <span class='ocrx_word' id='word_1_701' title='bbox 1734 5337 1865 5395; x_wconf 72' lang='grc' dir='ltr'>ἕκα-</span> 
     </span>
    </p>
   </div>
   <div class='ocr_carea' id='block_1_94' title="bbox 222 5410 1869 5483">
    <p class='ocr_par' dir='ltr' id='par_1_94' title="bbox 222 5410 1869 5483">
     <span class='ocr_line' id='line_1_95' title="bbox 222 5410 1869 5483; baseline 0.002 -18"><span class='ocrx_word' id='word_1_702' title='bbox 222 5431 369 5481; x_wconf 84' lang='grc' dir='ltr'>στος,</span> <span class='ocrx_word' id='word_1_703' title='bbox 403 5413 488 5467; x_wconf 89' lang='lat' dir='ltr'>sic</span> <span class='ocrx_word' id='word_1_704' title='bbox 529 5412 693 5467; x_wconf 91' lang='lat' dir='ltr'>locus</span> <span class='ocrx_word' id='word_1_705' title='bbox 734 5410 897 5467; x_wconf 86' lang='lat' dir='ltr'>reddi</span> <span class='ocrx_word' id='word_1_706' title='bbox 949 5411 1201 5483; x_wconf 90' lang='lat' dir='ltr'>poterit:</span> <span class='ocrx_word' id='word_1_707' title='bbox 1263 5414 1448 5467; x_wconf 86' lang='lat' dir='ltr'>Nonne</span> <span class='ocrx_word' id='word_1_708' title='bbox 1501 5415 1655 5483; x_wconf 78' lang='lat' dir='ltr'>prius</span> <span class='ocrx_word' id='word_1_709' title='bbox 1702 5431 1869 5483; x_wconf 86' lang='lat' dir='ltr'>quam</span> 
     </span>
    </p>
   </div>
   <div class='ocr_carea' id='block_1_95' title="bbox 223 5484 1866 5555">
    <p class='ocr_par' dir='ltr' id='par_1_95' title="bbox 223 5484 1866 5555">
     <span class='ocr_line' id='line_1_96' title="bbox 223 5484 1866 5555; baseline 0.001 -17"><span class='ocrx_word' id='word_1_710' title='bbox 223 5484 424 5539; x_wconf 83' lang='lat' dir='ltr'>horum</span> <span class='ocrx_word' id='word_1_711' title='bbox 452 5484 665 5539; x_wconf 78' lang='lat' dir='ltr'>artibus</span> <span class='ocrx_word' id='word_1_712' title='bbox 717 5500 778 5538; x_wconf 85' lang='grc' dir='ltr'>ιη</span> <span class='ocrx_word' id='word_1_713' title='bbox 836 5484 934 5538; x_wconf 87' lang='lat' dir='ltr'>has</span> <span class='ocrx_word' id='word_1_714' title='bbox 973 5486 1179 5553; x_wconf 79' lang='lat' dir='ltr'>formas</span> <span class='ocrx_word' id='word_1_715' title='bbox 1235 5484 1607 5555; x_wconf 80' lang='lat' dir='ltr'>efﬁgerentur,</span> <span class='ocrx_word' id='word_1_716' title='bbox 1669 5502 1866 5539; x_wconf 83' lang='lat' dir='ltr'>unum-</span> 
     </span>
    </p>
   </div>
   <div class='ocr_carea' id='block_1_96' title="bbox 223 5556 1870 5629">
    <p class='ocr_par' dir='ltr' id='par_1_96' title="bbox 223 5556 1870 5629">
     <span class='ocr_line' id='line_1_97' title="bbox 223 5556 1870 5629; baseline 0.001 -19"><span class='ocrx_word' id='word_1_717' title='bbox 223 5556 475 5629; x_wconf 65' lang='lat' dir='ltr'>quodque</span> <span class='ocrx_word' id='word_1_718' title='bbox 504 5557 573 5611; x_wconf 90' lang='lat' dir='ltr'>ab</span> <span class='ocrx_word' id='word_1_719' title='bbox 604 5571 921 5629; x_wconf 82' lang='lat' dir='ltr'>unoquoque</span> <span class='ocrx_word' id='word_1_720' title='bbox 962 5556 1175 5629; x_wconf 76' lang='lat' dir='ltr'>artiﬁce</span> <span class='ocrx_word' id='word_1_721' title='bbox 1223 5558 1411 5629; x_wconf 67' lang='lat' dir='ltr'>parii:</span> <span class='ocrx_word' id='word_1_722' title='bbox 1464 5556 1655 5627; x_wconf 83' lang='lat' dir='ltr'>modis,</span> <span class='ocrx_word' id='word_1_723' title='bbox 1711 5558 1870 5629; x_wconf 81' lang='lat' dir='ltr'>idque</span> 
     </span>
    </p>
   </div>
   <div class='ocr_carea' id='block_1_97' title="bbox 222 5626 1867 5698">
    <p class='ocr_par' dir='ltr' id='par_1_97' title="bbox 222 5626 1867 5698">
     <span class='ocr_line' id='line_1_98' title="bbox 222 5626 1867 5698; baseline 0 -13"><span class='ocrx_word' id='word_1_724' title='bbox 222 5626 397 5685; x_wconf 63' lang='lat' dir='ltr'>etiam</span> <span class='ocrx_word' id='word_1_725' title='bbox 417 5628 701 5698; x_wconf 73' lang='lat' dir='ltr'>hactenus,</span> <span class='ocrx_word' id='word_1_726' title='bbox 719 5626 1178 5684; x_wconf 59' lang='lat' dir='ltr'>iminutabatur?</span> <span class='ocrx_word' id='word_1_727' title='bbox 1222 5626 1581 5683; x_wconf 85' lang='lat' dir='ltr'>Videbantur</span> <span class='ocrx_word' id='word_1_728' title='bbox 1625 5626 1867 5685; x_wconf 82' lang='lat' dir='ltr'>simula-</span> 
     </span>
    </p>
   </div>
   <div class='ocr_carea' id='block_1_98' title="bbox 1977 3292 3622 3363">
    <p class='ocr_par' dir='ltr' id='par_1_98' title="bbox 1977 3292 3622 3363">
     <span class='ocr_line' id='line_1_99' title="bbox 1977 3292 3622 3363; baseline -0.001 -14"><span class='ocrx_word' id='word_1_729' title='bbox 1977 3296 2151 3350; x_wconf 87' lang='lat' dir='ltr'>ﬁcitis</span> <span class='ocrx_word' id='word_1_730' title='bbox 2184 3296 2362 3348; x_wconf 80' lang='lat' dir='ltr'>?dum</span> <span class='ocrx_word' id='word_1_731' title='bbox 2399 3294 2659 3363; x_wconf 89' lang='lat' dir='ltr'>lapideos</span> <span class='ocrx_word' id='word_1_732' title='bbox 2692 3292 2928 3363; x_wconf 91' lang='lat' dir='ltr'>quidem</span> <span class='ocrx_word' id='word_1_733' title='bbox 2961 3298 3019 3346; x_wconf 91' lang='lat' dir='ltr'>et</span> <span class='ocrx_word' id='word_1_734' title='bbox 3051 3297 3335 3346; x_wconf 88' lang='lat' dir='ltr'>testaceos</span> <span class='ocrx_word' id='word_1_735' title='bbox 3382 3308 3622 3347; x_wconf 87' lang='lat' dir='ltr'>venera-</span> 
     </span>
    </p>
   </div>
   <div class='ocr_carea' id='block_1_99' title="bbox 1977 3383 3619 3451">
    <p class='ocr_par' dir='ltr' id='par_1_99' title="bbox 1977 3383 3619 3451">
     <span class='ocr_line' id='line_1_100' title="bbox 1977 3383 3619 3451; baseline -0.002 -13"><span class='ocrx_word' id='word_1_736' title='bbox 1977 3385 2143 3451; x_wconf 91' lang='lat' dir='ltr'>mini,</span> <span class='ocrx_word' id='word_1_737' title='bbox 2178 3383 2522 3437; x_wconf 87' lang='lat' dir='ltr'>custodibus</span> <span class='ocrx_word' id='word_1_738' title='bbox 2554 3386 2815 3436; x_wconf 88' lang='lat' dir='ltr'>carentes</span> <span class='ocrx_word' id='word_1_739' title='bbox 2838 3401 2853 3448; x_wconf 71' lang='grc' dir='ltr'>ς</span> <span class='ocrx_word' id='word_1_740' title='bbox 2876 3385 3179 3451; x_wconf 88' lang='lat' dir='ltr'>argenteos</span> <span class='ocrx_word' id='word_1_741' title='bbox 3208 3387 3403 3435; x_wconf 91' lang='lat' dir='ltr'>autem</span> <span class='ocrx_word' id='word_1_742' title='bbox 3436 3386 3491 3435; x_wconf 92' lang='lat' dir='ltr'>et</span> <span class='ocrx_word' id='word_1_743' title='bbox 3517 3397 3619 3435; x_wconf 88' lang='lat' dir='ltr'>au-</span> 
     </span>
    </p>
   </div>
   <div class='ocr_carea' id='block_1_100' title="bbox 1976 3468 3617 3539">
    <p class='ocr_par' dir='ltr' id='par_1_100' title="bbox 1976 3468 3617 3539">
     <span class='ocr_line' id='line_1_101' title="bbox 1976 3468 3617 3539; baseline -0.004 -11"><span class='ocrx_word' id='word_1_744' title='bbox 1976 3490 2104 3528; x_wconf 92' lang='lat' dir='ltr'>reos</span> <span class='ocrx_word' id='word_1_745' title='bbox 2135 3471 2435 3526; x_wconf 89' lang='lat' dir='ltr'>includitis</span> <span class='ocrx_word' id='word_1_746' title='bbox 2466 3474 2661 3533; x_wconf 91' lang='lat' dir='ltr'>noctu,</span> <span class='ocrx_word' id='word_1_747' title='bbox 2696 3486 2763 3524; x_wconf 89' lang='lat' dir='ltr'>ac</span> <span class='ocrx_word' id='word_1_748' title='bbox 2792 3469 3047 3523; x_wconf 89' lang='lat' dir='ltr'>interdiu</span> <span class='ocrx_word' id='word_1_749' title='bbox 3072 3468 3345 3523; x_wconf 89' lang='lat' dir='ltr'>custodes</span> <span class='ocrx_word' id='word_1_750' title='bbox 3374 3468 3617 3539; x_wconf 89' lang='lat' dir='ltr'>apponi-</span> 
     </span>
    </p>
   </div>
   <div class='ocr_carea' id='block_1_101' title="bbox 1973 3556 3619 3631">
    <p class='ocr_par' dir='ltr' id='par_1_101' title="bbox 1973 3556 3619 3631">
     <span class='ocr_line' id='line_1_102' title="bbox 1973 3556 3619 3631; baseline -0.003 -15"><span class='ocrx_word' id='word_1_751' title='bbox 1973 3564 2071 3631; x_wconf 87' lang='lat' dir='ltr'>tis,</span> <span class='ocrx_word' id='word_1_752' title='bbox 2104 3578 2175 3615; x_wconf 92' lang='lat' dir='ltr'>ne</span> <span class='ocrx_word' id='word_1_753' title='bbox 2206 3564 2357 3614; x_wconf 82' lang='lat' dir='ltr'>turto</span> <span class='ocrx_word' id='word_1_754' title='bbox 2390 3558 2835 3613; x_wconf 84' lang='lat' dir='ltr'>auferantur.Et</span> <span class='ocrx_word' id='word_1_755' title='bbox 2864 3556 3129 3611; x_wconf 90' lang='lat' dir='ltr'>veroillis</span> <span class='ocrx_word' id='word_1_756' title='bbox 3144 3556 3467 3611; x_wconf 92' lang='lat' dir='ltr'>honoribus</span> <span class='ocrx_word' id='word_1_757' title='bbox 3488 3556 3619 3626; x_wconf 86' lang='lat' dir='ltr'>qui-</span> 
     </span>
    </p>
   </div>
   <div class='ocr_carea' id='block_1_102' title="bbox 1974 3644 3620 3719">
    <p class='ocr_par' dir='ltr' id='par_1_102' title="bbox 1974 3644 3620 3719">
     <span class='ocr_line' id='line_1_103' title="bbox 1974 3644 3620 3719; baseline -0.002 -15"><span class='ocrx_word' id='word_1_758' title='bbox 1974 3651 2085 3705; x_wconf 91' lang='lat' dir='ltr'>bus</span> <span class='ocrx_word' id='word_1_759' title='bbox 2116 3665 2215 3703; x_wconf 89' lang='lat' dir='ltr'>vos</span> <span class='ocrx_word' id='word_1_760' title='bbox 2248 3646 2522 3719; x_wconf 91' lang='lat' dir='ltr'>prosequi</span> <span class='ocrx_word' id='word_1_761' title='bbox 2553 3662 2651 3701; x_wconf 94' lang='lat' dir='ltr'>eos</span> <span class='ocrx_word' id='word_1_762' title='bbox 2681 3646 3056 3709; x_wconf 87' lang='lat' dir='ltr'>existimatis,</span> <span class='ocrx_word' id='word_1_763' title='bbox 3089 3644 3284 3715; x_wconf 84' lang='lat' dir='ltr'>potius</span> <span class='ocrx_word' id='word_1_764' title='bbox 3333 3644 3620 3716; x_wconf 90' lang='lat' dir='ltr'>supplicio</span> 
     </span>
    </p>
   </div>
   <div class='ocr_carea' id='block_1_103' title="bbox 1973 3733 3622 3808">
    <p class='ocr_par' dir='ltr' id='par_1_103' title="bbox 1973 3733 3622 3808">
     <span class='ocr_line' id='line_1_104' title="bbox 1973 3733 3622 3808; baseline -0.004 -14"><span class='ocrx_word' id='word_1_765' title='bbox 1973 3738 2284 3805; x_wconf 83' lang='lat' dir='ltr'>afﬁcitis,si</span> <span class='ocrx_word' id='word_1_766' title='bbox 2318 3735 2552 3808; x_wconf 92' lang='lat' dir='ltr'>quidem</span> <span class='ocrx_word' id='word_1_767' title='bbox 2576 3751 2755 3791; x_wconf 91' lang='lat' dir='ltr'>sensu</span> <span class='ocrx_word' id='word_1_768' title='bbox 2786 3734 3011 3804; x_wconf 69' lang='lat' dir='ltr'>praediti</span> <span class='ocrx_word' id='word_1_769' title='bbox 3043 3738 3180 3788; x_wconf 93' lang='lat' dir='ltr'>sunt</span> <span class='ocrx_word' id='word_1_770' title='bbox 3204 3750 3218 3800; x_wconf 89' lang='lat'><strong>;</strong></span> <span class='ocrx_word' id='word_1_771' title='bbox 3239 3733 3330 3788; x_wconf 92' lang='lat' dir='ltr'>sin</span> <span class='ocrx_word' id='word_1_772' title='bbox 3358 3738 3622 3804; x_wconf 86' lang='lat' dir='ltr'>expertes</span> 
     </span>
    </p>
   </div>
   <div class='ocr_carea' id='block_1_104' title="bbox 1974 3822 3625 3896">
    <p class='ocr_par' dir='ltr' id='par_1_104' title="bbox 1974 3822 3625 3896">
     <span class='ocr_line' id='line_1_105' title="bbox 1974 3822 3625 3896; baseline -0.004 -14"><span class='ocrx_word' id='word_1_773' title='bbox 1974 3832 2115 3883; x_wconf 89' lang='lat' dir='ltr'>sunt</span> <span class='ocrx_word' id='word_1_774' title='bbox 2143 3842 2375 3887; x_wconf 83' lang='lat' dir='ltr'>sensus,</span> <span class='ocrx_word' id='word_1_775' title='bbox 2409 3825 2609 3896; x_wconf 91' lang='lat' dir='ltr'>(hujus</span> <span class='ocrx_word' id='word_1_776' title='bbox 2634 3824 2738 3893; x_wconf 89' lang='lat' dir='ltr'>rei)</span> <span class='ocrx_word' id='word_1_777' title='bbox 2771 3822 3205 3888; x_wconf 89' lang='lat' dir='ltr'>convincentes,</span> <span class='ocrx_word' id='word_1_778' title='bbox 3240 3824 3528 3892; x_wconf 89' lang='lat' dir='ltr'>sanguine</span> <span class='ocrx_word' id='word_1_779' title='bbox 3566 3825 3625 3876; x_wconf 89' lang='lat' dir='ltr'>et</span> 
     </span>
    </p>
   </div>
   <div class='ocr_carea' id='block_1_105' title="bbox 1974 3908 3624 3976">
    <p class='ocr_par' dir='ltr' id='par_1_105' title="bbox 1974 3908 3624 3976">
     <span class='ocr_line' id='line_1_106' title="bbox 1974 3908 3624 3976; baseline -0.003 -5"><span class='ocrx_word' id='word_1_780' title='bbox 1974 3915 2279 3971; x_wconf 90' lang='lat' dir='ltr'>nidoribus</span> <span class='ocrx_word' id='word_1_781' title='bbox 2309 3930 2406 3968; x_wconf 93' lang='lat' dir='ltr'>eos</span> <span class='ocrx_word' id='word_1_782' title='bbox 2434 3912 2643 3967; x_wconf 87' lang='lat' dir='ltr'>colitis.</span> <span class='ocrx_word' id='word_1_783' title='bbox 2678 3912 2819 3976; x_wconf 88' lang='lat' dir='ltr'>Quis</span> <span class='ocrx_word' id='word_1_784' title='bbox 2849 3915 3110 3965; x_wconf 89' lang='lat' dir='ltr'>vestrum</span> <span class='ocrx_word' id='word_1_785' title='bbox 3167 3908 3289 3964; x_wconf 73' lang='lat' dir='ltr'>haac</span> <span class='ocrx_word' id='word_1_786' title='bbox 3338 3909 3624 3966; x_wconf 69' lang='lat' dir='ltr'>sufferat?</span> 
     </span>
    </p>
   </div>
   <div class='ocr_carea' id='block_1_106' title="bbox 1974 3997 3621 4076">
    <p class='ocr_par' dir='ltr' id='par_1_106' title="bbox 1974 3997 3621 4076">
     <span class='ocr_line' id='line_1_107' title="bbox 1974 3997 3621 4076; baseline -0.004 -17"><span class='ocrx_word' id='word_1_787' title='bbox 1974 4005 2103 4076; x_wconf 91' lang='lat' dir='ltr'>quis</span> <span class='ocrx_word' id='word_1_788' title='bbox 2134 4004 2255 4058; x_wconf 64' lang='lat' dir='ltr'>haec</span> <span class='ocrx_word' id='word_1_789' title='bbox 2286 4002 2397 4057; x_wconf 89' lang='lat' dir='ltr'>sibi</span> <span class='ocrx_word' id='word_1_790' title='bbox 2432 4002 2553 4056; x_wconf 81' lang='lat' dir='ltr'>fieri</span> <span class='ocrx_word' id='word_1_791' title='bbox 2588 4000 2843 4072; x_wconf 89' lang='lat' dir='ltr'>patiatur</span> <span class='ocrx_word' id='word_1_792' title='bbox 2863 3998 2994 4053; x_wconf 89' lang='lat' dir='ltr'>?sed</span> <span class='ocrx_word' id='word_1_793' title='bbox 3028 3997 3228 4053; x_wconf 90' lang='lat' dir='ltr'>nullus</span> <span class='ocrx_word' id='word_1_794' title='bbox 3259 3998 3495 4069; x_wconf 92' lang='lat' dir='ltr'>quidem</span> <span class='ocrx_word' id='word_1_795' title='bbox 3517 3997 3621 4053; x_wconf 89' lang='lat' dir='ltr'>ho-</span> 
     </span>
    </p>
   </div>
   <div class='ocr_carea' id='block_1_107' title="bbox 1974 4086 3622 4161">
    <p class='ocr_par' dir='ltr' id='par_1_107' title="bbox 1974 4086 3622 4161">
     <span class='ocr_line' id='line_1_108' title="bbox 1974 4086 3622 4161; baseline -0.005 -12"><span class='ocrx_word' id='word_1_796' title='bbox 1974 4095 2200 4149; x_wconf 91' lang='lat' dir='ltr'>minum</span> <span class='ocrx_word' id='word_1_797' title='bbox 2238 4092 2346 4146; x_wconf 91' lang='lat' dir='ltr'>hoc</span> <span class='ocrx_word' id='word_1_798' title='bbox 2380 4090 2737 4161; x_wconf 90' lang='lat' dir='ltr'>supplicium</span> <span class='ocrx_word' id='word_1_799' title='bbox 2762 4088 2875 4143; x_wconf 91' lang='lat' dir='ltr'>nisi</span> <span class='ocrx_word' id='word_1_800' title='bbox 2897 4086 3622 4158; x_wconf 88' lang='lat' dir='ltr'>invitus,patietur:(sensu</span> 
     </span>
    </p>
   </div>
   <div class='ocr_carea' id='block_1_108' title="bbox 1972 4174 3620 4249">
    <p class='ocr_par' dir='ltr' id='par_1_108' title="bbox 1972 4174 3620 4249">
     <span class='ocr_line' id='line_1_109' title="bbox 1972 4174 3620 4249; baseline -0.005 -12"><span class='ocrx_word' id='word_1_801' title='bbox 1972 4181 2129 4238; x_wconf 92' lang='lat' dir='ltr'>enim</span> <span class='ocrx_word' id='word_1_802' title='bbox 2157 4186 2213 4236; x_wconf 90' lang='lat' dir='ltr'>et</span> <span class='ocrx_word' id='word_1_803' title='bbox 2242 4178 2465 4234; x_wconf 91' lang='lat' dir='ltr'>ratione</span> <span class='ocrx_word' id='word_1_804' title='bbox 2496 4183 2586 4232; x_wconf 91' lang='lat' dir='ltr'>est</span> <span class='ocrx_word' id='word_1_805' title='bbox 2617 4176 2898 4249; x_wconf 64' lang='lat' dir='ltr'>praeditus</span> <span class='ocrx_word' id='word_1_806' title='bbox 2931 4191 2944 4229; x_wconf 92' lang='lat'><strong>:</strong></span> <span class='ocrx_word' id='word_1_807' title='bbox 2984 4182 2999 4243; x_wconf 90' lang='lat'>)</span> <span class='ocrx_word' id='word_1_808' title='bbox 3058 4179 3117 4229; x_wconf 91' lang='lat' dir='ltr'>at</span> <span class='ocrx_word' id='word_1_809' title='bbox 3176 4174 3328 4246; x_wconf 89' lang='lat' dir='ltr'>lapis</span> <span class='ocrx_word' id='word_1_810' title='bbox 3378 4176 3620 4245; x_wconf 88' lang='lat' dir='ltr'>patitur,</span> 
     </span>
    </p>
   </div>
   <div class='ocr_carea' id='block_1_109' title="bbox 1972 4263 3622 4335">
    <p class='ocr_par' dir='ltr' id='par_1_109' title="bbox 1972 4263 3622 4335">
     <span class='ocr_line' id='line_1_110' title="bbox 1972 4263 3622 4335; baseline -0.005 -8"><span class='ocrx_word' id='word_1_811' title='bbox 1972 4287 2147 4327; x_wconf 90' lang='lat' dir='ltr'>sensu</span> <span class='ocrx_word' id='word_1_812' title='bbox 2171 4269 2327 4324; x_wconf 90' lang='lat' dir='ltr'>enim</span> <span class='ocrx_word' id='word_1_813' title='bbox 2352 4266 2933 4332; x_wconf 79' lang='lat' dir='ltr'>caret.Quamobrum</span> <span class='ocrx_word' id='word_1_814' title='bbox 2963 4263 3095 4319; x_wconf 89' lang='lat' dir='ltr'>illos</span> <span class='ocrx_word' id='word_1_815' title='bbox 3126 4280 3336 4319; x_wconf 88' lang='lat' dir='ltr'>sensus</span> <span class='ocrx_word' id='word_1_816' title='bbox 3359 4275 3622 4335; x_wconf 81' lang='lat' dir='ltr'>expertes</span> 
     </span>
    </p>
   </div>
   <div class='ocr_carea' id='block_1_110' title="bbox 1973 4405 3615 4480">
    <p class='ocr_par' dir='ltr' id='par_1_110' title="bbox 1973 4405 3615 4480">
     <span class='ocr_line' id='line_1_111' title="bbox 1973 4405 3615 4480; baseline -0.004 -12"><span class='ocrx_word' id='word_1_817' title='bbox 1973 4429 2071 4468; x_wconf 89' lang='lat' dir='ltr'>cra</span> <span class='ocrx_word' id='word_1_818' title='bbox 2100 4409 2482 4467; x_wconf 86' lang='lat' dir='ltr'>stabilitatem</span> <span class='ocrx_word' id='word_1_819' title='bbox 2518 4409 2859 4480; x_wconf 90' lang='lat' dir='ltr'>quamdam,</span> <span class='ocrx_word' id='word_1_820' title='bbox 2893 4409 3094 4478; x_wconf 89' lang='lat' dir='ltr'>utpote</span> <span class='ocrx_word' id='word_1_821' title='bbox 3116 4405 3228 4461; x_wconf 90' lang='lat' dir='ltr'>diis</span> <span class='ocrx_word' id='word_1_822' title='bbox 3259 4409 3615 4480; x_wconf 80' lang='lat' dir='ltr'>consecrata,</span> 
     </span>
    </p>
   </div>
   <div class='ocr_carea' id='block_1_111' title="bbox 1973 4476 3617 4556">
    <p class='ocr_par' dir='ltr' id='par_1_111' title="bbox 1973 4476 3617 4556">
     <span class='ocr_line' id='line_1_112' title="bbox 1973 4476 3617 4556; baseline -0.006 -15"><span class='ocrx_word' id='word_1_823' title='bbox 1973 4482 2372 4556; x_wconf 86' lang='lat' dir='ltr'>acquisivisse.</span> <span class='ocrx_word' id='word_1_824' title='bbox 2401 4476 2604 4556; x_wconf 78' lang='lat' dir='ltr'>Quare</span> <span class='ocrx_word' id='word_1_825' title='bbox 2625 4480 2902 4556; x_wconf 73' lang='lat' dir='ltr'>observat</span> <span class='ocrx_word' id='word_1_826' title='bbox 2932 4476 3138 4556; x_wconf 71' lang='lat' dir='ltr'>auctor</span> <span class='ocrx_word' id='word_1_827' title='bbox 3192 4476 3449 4556; x_wconf 72' lang='lat' dir='ltr'>epistolae</span> <span class='ocrx_word' id='word_1_828' title='bbox 3508 4476 3617 4531; x_wconf 88' lang='lat' dir='ltr'>hoc</span> 
     </span>
    </p>
   </div>
   <div class='ocr_carea' id='block_1_112' title="bbox 1447 4546 3618 4620">
    <p class='ocr_par' dir='ltr' id='par_1_112' title="bbox 1447 4546 3618 4620">
     <span class='ocr_line' id='line_1_113' title="bbox 1447 4546 3618 4620; baseline -0.003 -13"><span class='ocrx_word' id='word_1_829' title='bbox 1447 4556 1711 4611; x_wconf 88' lang='lat' dir='ltr'>videlicet</span> <span class='ocrx_word' id='word_1_830' title='bbox 1786 4558 1858 4611; x_wconf 89' lang='lat' dir='ltr'>ab</span> <span class='ocrx_word' id='word_1_831' title='bbox 1890 4546 1936 4611; x_wconf 83' lang='grc' dir='ltr'>Ι)</span> <span class='ocrx_word' id='word_1_832' title='bbox 1967 4546 2313 4611; x_wconf 80' lang='lat' dir='ltr'>beneficium</span> <span class='ocrx_word' id='word_1_833' title='bbox 2340 4546 2468 4607; x_wconf 89' lang='lat' dir='ltr'>esse</span> <span class='ocrx_word' id='word_1_834' title='bbox 2500 4552 2811 4617; x_wconf 85' lang='lat' dir='ltr'>artiﬁcum,</span> <span class='ocrx_word' id='word_1_835' title='bbox 2850 4550 3069 4620; x_wconf 88' lang='lat' dir='ltr'>quibus</span> <span class='ocrx_word' id='word_1_836' title='bbox 3101 4546 3367 4620; x_wconf 79' lang='lat' dir='ltr'>quandiu</span> <span class='ocrx_word' id='word_1_837' title='bbox 3411 4562 3618 4620; x_wconf 82' lang='lat' dir='ltr'>carue-</span> 
     </span>
    </p>
   </div>
   <div class='ocr_carea' id='block_1_113' title="bbox 1975 4618 3617 4693">
    <p class='ocr_par' dir='ltr' id='par_1_113' title="bbox 1975 4618 3617 4693">
     <span class='ocr_line' id='line_1_114' title="bbox 1975 4618 3617 4693; baseline -0.006 -10"><span class='ocrx_word' id='word_1_838' title='bbox 1975 4633 2109 4683; x_wconf 90' lang='lat' dir='ltr'>runt</span> <span class='ocrx_word' id='word_1_839' title='bbox 2139 4625 2475 4693; x_wconf 89' lang='lat' dir='ltr'>simulacra,</span> <span class='ocrx_word' id='word_1_840' title='bbox 2520 4624 2723 4678; x_wconf 88' lang='lat' dir='ltr'>tandiu</span> <span class='ocrx_word' id='word_1_841' title='bbox 2773 4618 2982 4693; x_wconf 84' lang='lat' dir='ltr'>iisdem</span> <span class='ocrx_word' id='word_1_842' title='bbox 3040 4618 3469 4693; x_wconf 78' lang='lat' dir='ltr'>mutationibus</span> <span class='ocrx_word' id='word_1_843' title='bbox 3515 4618 3617 4673; x_wconf 86' lang='lat' dir='ltr'>ob-</span> 
     </span>
    </p>
   </div>
   <div class='ocr_carea' id='block_1_114' title="bbox 1973 4690 3618 4755">
    <p class='ocr_par' dir='ltr' id='par_1_114' title="bbox 1973 4690 3618 4755">
     <span class='ocr_line' id='line_1_115' title="bbox 1973 4690 3618 4755; baseline -0.005 -1"><span class='ocrx_word' id='word_1_844' title='bbox 1973 4699 2145 4755; x_wconf 86' lang='lat' dir='ltr'>noxia</span> <span class='ocrx_word' id='word_1_845' title='bbox 2175 4700 2411 4752; x_wconf 84' lang='lat' dir='ltr'>fuerunt</span> <span class='ocrx_word' id='word_1_846' title='bbox 2440 4690 2504 4750; x_wconf 84' lang='lat' dir='ltr'>ac</span> <span class='ocrx_word' id='word_1_847' title='bbox 2528 4695 2654 4750; x_wconf 59' lang='lat' dir='ltr'>aliis</span> <span class='ocrx_word' id='word_1_848' title='bbox 2678 4709 2769 4748; x_wconf 87' lang='lat' dir='ltr'>res</span> <span class='ocrx_word' id='word_1_849' title='bbox 2799 4692 3003 4747; x_wconf 90' lang='lat' dir='ltr'>eadem</span> <span class='ocrx_word' id='word_1_850' title='bbox 3065 4706 3133 4746; x_wconf 78' lang='lat' dir='ltr'>ex</span> <span class='ocrx_word' id='word_1_851' title='bbox 3180 4690 3425 4746; x_wconf 87' lang='lat' dir='ltr'>materia</span> <span class='ocrx_word' id='word_1_852' title='bbox 3475 4706 3618 4746; x_wconf 88' lang='lat' dir='ltr'>con-</span> 
     </span>
    </p>
   </div>
   <div class='ocr_carea' id='block_1_115' title="bbox 1975 4776 3625 4912">
    <p class='ocr_par' dir='ltr' id='par_1_115' title="bbox 1975 4776 3625 4912">
     <span class='ocr_line' id='line_1_116' title="bbox 1975 4776 3625 4912; baseline -0.003 -22"><span class='ocrx_word' id='word_1_853' title='bbox 1975 4776 2576 4912; x_wconf 43' lang='lat' dir='ltr'>st?24t)as&#39;Toon-coic:_</span> <span class='ocrx_word' id='word_1_854' title='bbox 2625 4833 2958 4912; x_wconf 79' lang='lat' dir='ltr'>Stephanus</span> <span class='ocrx_word' id='word_1_855' title='bbox 3029 4830 3344 4912; x_wconf 86' lang='lat' dir='ltr'>legendum</span> <span class='ocrx_word' id='word_1_856' title='bbox 3424 4834 3625 4912; x_wconf 71' lang='lat' dir='ltr'>monet</span> 
     </span>
    </p>
   </div>
   <div class='ocr_carea' id='block_1_116' title="bbox 1972 4901 3628 4994">
    <p class='ocr_par' dir='ltr' id='par_1_116' title="bbox 1972 4901 3628 4980">
     <span class='ocr_line' id='line_1_117' title="bbox 1972 4901 3628 4980; baseline -0.007 -13"><span class='ocrx_word' id='word_1_857' title='bbox 1972 4901 2208 4970; x_wconf 59' lang='grc' dir='ltr'>τούτοις.</span> <span class='ocrx_word' id='word_1_858' title='bbox 2245 4910 2403 4977; x_wconf 89' lang='lat' dir='ltr'>Quod</span> <span class='ocrx_word' id='word_1_859' title='bbox 2441 4906 2676 4980; x_wconf 88' lang='lat' dir='ltr'>quidem</span> <span class='ocrx_word' id='word_1_860' title='bbox 2710 4901 2957 4961; x_wconf 77' lang='lat' dir='ltr'>minime</span> <span class='ocrx_word' id='word_1_861' title='bbox 2988 4901 3388 4960; x_wconf 66' lang='lat' dir='ltr'>necéssarium</span> <span class='ocrx_word' id='word_1_862' title='bbox 3423 4901 3628 4958; x_wconf 87' lang='lat' dir='ltr'>existi-</span> 
     </span>
    </p>
   </div>
   <div class='ocr_carea' id='block_1_117' title="bbox 1976 5000 3629 5173">
    <p class='ocr_par' dir='ltr' id='par_1_117' title="bbox 1976 5000 3629 5173">
     <span class='ocr_line' id='line_1_118' title="bbox 1976 5000 3629 5173; baseline -0.008 -62"><span class='ocrx_word' id='word_1_863' title='bbox 1976 5000 2389 5128; x_wconf 52' lang='lat' dir='ltr'>mizgilineieav</span> <span class='ocrx_word' id='word_1_864' title='bbox 2448 5070 2526 5104; x_wconf 87' lang='grc' dir='ltr'>τε.</span> <span class='ocrx_word' id='word_1_865' title='bbox 2584 5050 2647 5103; x_wconf 91' lang='lat' dir='ltr'>In</span> <span class='ocrx_word' id='word_1_866' title='bbox 2698 5047 2926 5103; x_wconf 88' lang='lat' dir='ltr'>Beureri</span> <span class='ocrx_word' id='word_1_867' title='bbox 2984 5046 3319 5173; x_wconf 59' lang='lat' dir='ltr'>apographo</span> <span class='ocrx_word' id='word_1_868' title='bbox 3390 5044 3629 5100; x_wconf 88' lang='lat' dir='ltr'>additur</span> 
     </span>
     <span class='ocr_line' id='line_1_119' title="bbox 1976 5116 3627 5173; baseline -0.001 0"><span class='ocrx_word' id='word_1_869' title='bbox 1976 5127 2197 5173; x_wconf 69' lang='grc' dir='ltr'>ω’,τοῖεε</span> <span class='ocrx_word' id='word_1_870' title='bbox 2240 5131 2411 5173; x_wconf 81' lang='lat' dir='ltr'>atnue</span> <span class='ocrx_word' id='word_1_871' title='bbox 2442 5124 2521 5173; x_wconf 82' lang='lat' dir='ltr'>ita</span> <span class='ocrx_word' id='word_1_872' title='bbox 2550 5120 2691 5173; x_wconf 72' lang='lat' dir='ltr'>legit</span> <span class='ocrx_word' id='word_1_873' title='bbox 2719 5119 3076 5173; x_wconf 88' lang='lat' dir='ltr'>Stenhanus.</span> <span class='ocrx_word' id='word_1_874' title='bbox 3138 5136 3173 5172; x_wconf 90' lang='lat' dir='ltr'>n</span> <span class='ocrx_word' id='word_1_875' title='bbox 3226 5117 3429 5172; x_wconf 87' lang='lat' dir='ltr'>eodem</span> <span class='ocrx_word' id='word_1_876' title='bbox 3481 5116 3627 5172; x_wconf 88' lang='lat' dir='ltr'>Beu-</span> 
     </span>
    </p>
   </div>
   <div class='ocr_carea' id='block_1_118' title="bbox 1976 5116 3627 5194">
    <p class='ocr_par' dir='ltr' id='par_1_118' title="bbox 1976 5116 3627 5194">
     <span class='ocr_line' id='line_1_120' title="bbox 1976 5116 3627 5194; baseline -0.007 -12"><span class='ocrx_word' id='word_1_877' title='bbox 1976 5116 2159 5187; x_wconf 64' lang='grc' dir='ltr'>αὐτοῖς</span> <span class='ocrx_word' id='word_1_878' title='bbox 2186 5144 2198 5193; x_wconf 89' lang='grc'><strong>;</strong></span> <span class='ocrx_word' id='word_1_879' title='bbox 2240 5131 2411 5194; x_wconf 92' lang='lat' dir='ltr'>atque</span> <span class='ocrx_word' id='word_1_880' title='bbox 2442 5124 2521 5177; x_wconf 90' lang='lat' dir='ltr'>ita</span> <span class='ocrx_word' id='word_1_881' title='bbox 2550 5120 2691 5192; x_wconf 82' lang='lat' dir='ltr'>legit</span> <span class='ocrx_word' id='word_1_882' title='bbox 2719 5116 3076 5194; x_wconf 78' lang='lat' dir='ltr'>Stephanus,</span> <span class='ocrx_word' id='word_1_883' title='bbox 3102 5116 3429 5194; x_wconf 42' lang='lat' dir='ltr'>inn—eodem</span> <span class='ocrx_word' id='word_1_884' title='bbox 3481 5116 3627 5172; x_wconf 87' lang='lat' dir='ltr'>Beu-</span> 
     </span>
    </p>
   </div>
   <div class='ocr_carea' id='block_1_119' title="bbox 1976 5182 3433 5268">
    <p class='ocr_par' dir='ltr' id='par_1_119' title="bbox 1976 5182 3433 5268">
     <span class='ocr_line' id='line_1_121' title="bbox 1976 5182 3433 5268; baseline -0.009 -12"><span class='ocrx_word' id='word_1_885' title='bbox 1976 5200 2088 5257; x_wconf 91' lang='lat' dir='ltr'>reri</span> <span class='ocrx_word' id='word_1_886' title='bbox 2122 5182 2437 5268; x_wconf 51' lang='lat' dir='ltr'>exemp-lari</span> <span class='ocrx_word' id='word_1_887' title='bbox 2462 5194 2574 5249; x_wconf 86' lang='lat' dir='ltr'>alia</span> <span class='ocrx_word' id='word_1_888' title='bbox 2607 5182 2781 5268; x_wconf 66' lang='lat' dir='ltr'>manu</span> <span class='ocrx_word' id='word_1_889' title='bbox 2806 5182 3111 5268; x_wconf 64' lang='lat' dir='ltr'>[egebatur</span> <span class='ocrx_word' id='word_1_890' title='bbox 3138 5184 3320 5241; x_wconf 72' lang='grc' dir='ltr'>τέλεον</span> <span class='ocrx_word' id='word_1_891' title='bbox 3356 5182 3433 5268; x_wconf 65' lang='grc' dir='ltr'>ᾂὲ.</span> 
     </span>
    </p>
   </div>
   <div class='ocr_carea' id='block_1_120' title="bbox 2047 5254 3623 5344">
    <p class='ocr_par' dir='ltr' id='par_1_120' title="bbox 2047 5254 3623 5344">
     <span class='ocr_line' id='line_1_122' title="bbox 2047 5254 3623 5344; baseline -0.01 -20"><span class='ocrx_word' id='word_1_892' title='bbox 2047 5271 2159 5343; x_wconf 85' lang='grc'>(47)</span> <span class='ocrx_word' id='word_1_893' title='bbox 2232 5254 2628 5344; x_wconf 63' lang='grc' dir='ltr'>Ἀφυλάκτους.</span> <span class='ocrx_word' id='word_1_894' title='bbox 2688 5264 2751 5318; x_wconf 90' lang='lat' dir='ltr'>In</span> <span class='ocrx_word' id='word_1_895' title='bbox 2806 5254 3037 5318; x_wconf 65' lang='lat' dir='ltr'>B€ureri</span> <span class='ocrx_word' id='word_1_896' title='bbox 3099 5259 3433 5332; x_wconf 88' lang='lat' dir='ltr'>apographo</span> <span class='ocrx_word' id='word_1_897' title='bbox 3488 5254 3623 5332; x_wconf 81' lang='grc' dir='ltr'>ἀφυ-</span> 
     </span>
    </p>
   </div>
   <div class='ocr_carea' id='block_1_121' title="bbox 1978 5340 3623 5487">
    <p class='ocr_par' dir='ltr' id='par_1_121' title="bbox 1978 5340 3623 5487">
     <span class='ocr_line' id='line_1_123' title="bbox 1978 5340 3623 5487; baseline -0.007 -20"><span class='ocrx_word' id='word_1_898' title='bbox 2242 5405 2521 5487; x_wconf 57' lang='grc' dir='ltr'>Αζσθηςιςινἶ</span> <span class='ocrx_word' id='word_1_899' title='bbox 2563 5408 2671 5487; x_wconf 40' lang='lat' dir='ltr'>“in</span> <span class='ocrx_word' id='word_1_900' title='bbox 2704 5476 2716 5487; x_wconf 44' lang='lat'><strong><em>‘</em></strong></span> <span class='ocrx_word' id='word_1_901' title='bbox 2748 5404 2982 5459; x_wconf 81' lang='lat' dir='ltr'>Beureri</span> <span class='ocrx_word' id='word_1_902' title='bbox 3027 5400 3400 5487; x_wconf 57' lang='lat' dir='ltr'>apographo</span> <span class='ocrx_word' id='word_1_903' title='bbox 3458 5396 3623 5487; x_wconf 64' lang='grc' dir='ltr'>αὐτοῦ</span> 
     </span>
    </p>
   </div>
   <div class='ocr_carea' id='block_1_122' title="bbox 1980 5474 3622 5567">
    <p class='ocr_par' dir='ltr' id='par_1_122' title="bbox 1980 5474 3622 5567">
     <span class='ocr_line' id='line_1_124' title="bbox 1980 5474 3622 5567; baseline -0.01 -28"><span class='ocrx_word' id='word_1_904' title='bbox 1980 5474 2258 5567; x_wconf 49' lang='grc' dir='ltr'>ἐξὲχχετε.</span> <span class='ocrx_word' id='word_1_905' title='bbox 2287 5474 2532 5567; x_wconf 47' lang='lat' dir='ltr'>(&#39;Ionjicit</span> <span class='ocrx_word' id='word_1_906' title='bbox 2561 5476 2895 5567; x_wconf 72' lang='lat' dir='ltr'>Stephanus</span> <span class='ocrx_word' id='word_1_907' title='bbox 2926 5475 3213 5547; x_wconf 91' lang='lat' dir='ltr'>scriptum</span> <span class='ocrx_word' id='word_1_908' title='bbox 3264 5474 3465 5541; x_wconf 85' lang='lat' dir='ltr'>fuisse,</span> <span class='ocrx_word' id='word_1_909' title='bbox 3522 5474 3622 5539; x_wconf 78' lang='grc' dir='ltr'>τὴν</span> 
     </span>
    </p>
   </div>
   <div class='ocr_carea' id='block_1_123' title="bbox 1979 5546 2837 5625">
    <p class='ocr_par' dir='ltr' id='par_1_123' title="bbox 1979 5546 2837 5625">
     <span class='ocr_line' id='line_1_125' title="bbox 1979 5546 2837 5625; baseline -0.009 -14"><span class='ocrx_word' id='word_1_910' title='bbox 1979 5546 2222 5623; x_wconf 50' lang='grc' dir='ltr'>αἴσθησιν</span> <span class='ocrx_word' id='word_1_911' title='bbox 2252 5551 2356 5605; x_wconf 72' lang='grc' dir='ltr'>οὐκ</span> <span class='ocrx_word' id='word_1_912' title='bbox 2385 5546 2530 5625; x_wconf 76' lang='grc' dir='ltr'>ἔχειν</span> <span class='ocrx_word' id='word_1_913' title='bbox 2560 5546 2837 5624; x_wconf 60' lang='grc' dir='ltr'>ἑλὲλξχετε.</span> 
     </span>
    </p>
   </div>
  </div>
