4016 6222
252 341 405 400 1173

1418 339 1794 402 EPISTULA
1843 342 1946 402 AD
1991 343 2481 404 DIOGNETUM.

3502 344 3657 405 1174

247 493 359 547 ριον
539 468 776 545 ἐκλογῆς
823 470 1255 540 ἀλαζονεύεσθαι,
1309 470 1383 532 ὡς
1435 468 1523 526 διὰ
1571 474 1730 526 τοῦτο
1762 472 1867 541 ἐξαι

2013 474 2272 546 gloriari,
2305 480 2359 530 et
2393 481 2672 548 tanquam
2705 493 2833 534 eam
2855 478 2926 533 ob
2958 494 3080 533 rem
3113 478 3263 533 Deus
3295 476 3504 532 eximio
3526 477 3656 533 illos

246 562 415 634 ρέτως
441 561 826 634 ἧγαπημὲνους
879 560 980 613 ὑπὸ
1028 564 1180 629 Θεοῦ,
1210 564 1326 621 πῶς
1370 559 1430 614 οὐ
1463 559 1673 634 χλεύης
1707 559 1850 633 ἄξιον
1877 579 1890 628 ;

241 650 304 704 τὸ
337 647 392 702 δὲ
420 647 866 724 παρεδρεύοντας
896 648 1089 709 αὐτοὺς
1140 646 1354 722 ἄστροις
1401 649 1488 703 καὶ
1541 648 1742 723 σελήνῃ
1792 671 1890 703 πα-

245 741 540 813 ρατήρησιν
591 743 697 791 τῶν
751 743 936 808 μηνῶν
1160 737 1248 792 καὶ
1296 741 1401 790 τῶν
1446 740 1669 812 ἡμερῶν
1717 744 1890 791 ποιεῖ-

242 830 378 896 σθαι,
430 827 517 879 καὶ
562 826 657 887 τὰς
706 826 1016 896 οἰκονομίας
1073 830 1206 880 Θεοῦ
1262 827 1350 880 καὶ
1403 827 1498 888 τὰς
1551 831 1657 880 τῶν
1689 831 1890 901 καιρῶν

239 914 486 989 ἀλλαγὰς
511 914 645 969 κατά
678 915 814 988 (58).
943 914 1081 987 πρὸς
1111 913 1207 975 τὰς
1237 914 1412 968 αὐτῶν
1445 915 1646 989 ὁρμάς,
1679 914 1741 975 ’ἀς
1773 915 1888 988 μὶν,

241 1004 315 1065 εἷς
375 1005 584 1078 ἑορτάς,
645 1003 707 1065 ’ἀς
759 1000 862 1073 δὲ,
923 1002 999 1063 είς
1055 1004 1218 1072 πένθη
1259 1021 1270 1034 ⁸
1331 1003 1416 1063 τίς
1470 1003 1529 1057 ἂν
1593 999 1892 1065 θῖοσεϐεἷας

236 1093 325 1146 καὶ
370 1092 470 1146 οὐκ
521 1092 828 1170 cippos-qu:
885 1091 1028 1146 πολὺ
1088 1089 1254 1146 πλέον
1305 1094 1563 1168 ἡγήσεται
1622 1093 1684 1146 τὸ
1743 1089 1891 1168 δεῖγ-

245 1201 356 1253 μα;
389 1188 488 1249 τῆς
526 1182 620 1252 μὲν
655 1179 745 1234 οῦν
799 1187 986 1248 κοινῆς
1018 1179 1354 1249 εἷκαιότητος
1398 1179 1487 1234 καὶ
1537 1180 1768 1250 ἀπάτης,
1800 1183 1888 1235 καὶ

236 1273 332 1337 τῆς
378 1267 654 1324 Ἰουδαίων
707 1267 1244 1345 πολυπραγμοσύνης
1290 1268 1378 1322 καὶ
1439 1267 1757 1338 ἀλαζονείας
1806 1269 1888 1324 ὅτι

240 1358 414 1433 ὀρθῶς
472 1359 768 1433 ἀπέχονται
835 1357 1196 1434 Χριστιανοὶ,
1256 1357 1564 1433 ἀρκούντως
1616 1378 1673 1412 σε
1729 1358 1886 1430 νομί-

239 1453 314 1516 ζω
361 1447 748 1520 μεμαθηκέναι.
801 1447 871 1501 Τὸ
921 1444 977 1501 δὲ
1023 1454 1123 1516 τῆς
1175 1443 1314 1508 ἰδίας
1367 1446 1540 1501 αὐτῶν
1589 1443 1888 1510 Θεοσεϐείας

240 1538 536 1610 μυστήριον
592 1537 668 1609 μή
719 1533 1100 1612 προσδοκήσῃς
1161 1531 1414 1599 δύνασθαι
1473 1536 1619 1609 παρὰ
1675 1536 1886 1608 ἀνθρώο

234 1645 338 1677 που
374 1630 577 1698 μαθεῖν.

2005 581 2200 617 amore
2237 570 2643 634 prosequatur,
2694 567 2988 638 quomodo
3029 568 3489 622 subsannatione
3541 583 3650 620 non

2003 652 2074 706 sil
2106 653 2348 720 dignum
2374 652 2402 706 ‘I
2430 653 2759 716 Quinetiam
2803 670 2924 719 eoa,
2959 655 3292 726 (tanquam)
3326 654 3654 709 assidentes

2003 741 2175 794 astris
2204 745 2258 794 et
2289 740 2464 804 lunae,
2491 743 2878 797 observationi
2914 743 3205 797 mensium
3231 749 3287 797 et
3307 743 3534 798 dierum
3561 745 3655 798 de-

2001 830 2153 883 ditos
2185 836 2423 892 esse,.et
2454 831 2554 884 Dei
2587 833 2942 885 oeconomiae
2973 848 3037 885 ac
3067 837 3482 901 tempestatum
3516 848 3650 886 mu-

1999 918 2251 973 tationes
2269 918 2336 971 ad
2363 933 2430 972 ea
2449 920 2890 973 accommodare
2908 920 2978 973 ad
2997 936 3118 989 quae
3138 926 3364 974 mentes
3385 936 3502 973 suae
3526 936 3653 989 pro-

2001 1022 2193 1078 pensae
2241 1008 2380 1071 sint,
2414 1006 2556 1060 alias
2585 1009 2820 1078 quidem
2854 1009 2927 1061 ad
2962 1009 3136 1061 festos
3162 1008 3307 1076 dies,
3341 1007 3487 1062 alias
3516 1023 3649 1062 vero

2001 1097 2069 1148 ad
2098 1095 2310 1158 luclus;
2337 1095 2470 1165 quis
2493 1096 2669 1148 divini
2705 1094 2899 1150 cultus
2918 1102 3109 1150 etnon
3135 1095 3439 1149 dementiae
3464 1095 3648 1150 multo

1999 1183 2189 1252 magis
2219 1183 2500 1237 indicium
2533 1184 2940 1238 existimabit?
2981 1184 3288 1238 Communi
3340 1185 3519 1254 igitur
3544 1201 3647 1238 va-

1999 1271 2184 1326 nitate
2204 1275 2260 1325 et
2280 1272 2626 1342 impostura,
2653 1276 2710 1327 et
2740 1272 3072 1326 Iudaeorum
3107 1273 3442 1327 curiositate
3472 1279 3648 1344 atque

1989 1360 2299 1430 jactantia,
2323 1361 2459 1430 jure
2486 1359 2844 1416 Christianos
2878 1360 3187 1424 abstinere,
3212 1366 3266 1414 te
3295 1361 3526 1415 abunde
3553 1361 3647 1414 di—

1997 1447 2209 1503 dicisse
2235 1447 2522 1504 existimo.
2550 1449 2658 1503 Sed
2686 1448 2862 1502 divini
2897 1449 3091 1504 cultus
3120 1448 3240 1502 illis
3272 1449 3486 1520 proprii
3521 1465 3646 1520 my-

1996 1537 2241 1592 sterium
2275 1553 2347 1591 ne
2375 1541 2432 1592 te
2465 1537 2536 1592 ab
2570 1536 2809 1593 homine
2838 1536 2956 1592 ullo
2989 1537 3183 1592 doceri
3215 1552 3386 1608 posse
3424 1553 3644 1609 speres.

1187 1757 1321 1814 Car.
1356 1758 1424 1812 V.
1455 1760 1896 1816 Christianorum
1925 1773 2100 1815 mores
2127 1759 2388 1830 graphice
2418 1758 2680 1830 depingit.

305 1905 614 1982 Χριστιανοί
671 1909 771 1982 γάρ
833 1905 956 1961 οῦτε
1012 1910 1123 1980 γῇ,
1183 1904 1305 1961 οὔτε
1352 1910 1524 1985 φωνῇ,
1576 1905 1698 1962 οὔτε
1740 1904 1877 1962 ἔθεσι

2059 1908 2368 1964 Christiani
2404 1909 2558 1965 enim
2593 1926 2778 1981 neque
2822 1909 3074 1981 regione,
3119 1925 3307 1982 neque
3351 1925 3646 1976 sermone,

247 1994 648 2071 διακεκριμένοι
678 2000 784 2050 τῶν
835 1993 1043 2050 λοιπῶν
1095 1993 1224 2050 εῗσιν
1269 1995 1591 2071 ἀνθρώπων.
1625 1993 1757 2051 Οὕτε
1786 1995 1888 2071 γάρ

246 2106 349 2138 που
405 2083 595 2146 πόλεις
649 2081 785 2145 ἰδίας
855 2087 1196 2138 κατοικοῦσιν
1234 2128 1247 2153 ,
1308 2082 1429 2138 οῦτε
1483 2081 1751 2156 διαλέκτῳ
1805 2106 1886 2139 τι-

241 2173 287 2225 νὶ
347 2172 781 2248 παρηλλαγμένῃ
837 2178 1129 2248 χρῶνται,
1207 2169 1328 2228 οὔτε
1388 2173 1505 2248 βίον
1566 2175 1888 2248 παράσημον

241 2260 489 2314 ἀσκοῦσιν
525 2281 537 2292 ·
601 2260 662 2314 οὖ
743 2262 850 2332 μὴν
905 2259 1112 2330 ἐπινοίᾳ
1167 2261 1274 2314 τινὶ
1332 2261 1420 2315 καὶ
1493 2258 1732 2338 φροντίδι
1791 2283 1890 2314 που

243 2348 648 2425 λ’)πραγμόνων
709 2349 1007 2424 ἀνθρώπων
1070 2351 1349 2422 μαθήματι
1407 2352 1522 2424 (59)
1578 2351 1724 2404 τοῦτ’
1780 2353 1889 2423 (60)

237 2437 418 2498 αὐτοῖς
477 2437 616 2492 ἐστιν
669 2436 976 2510 εἰρημένοψ
1039 2435 1164 2492 οὐδὲ
1218 2435 1491 2513 δόγματος
1551 2438 1890 2513 ἀνθρωπίνου

236 2532 558 2600 προεστᾶσιν
613 2571 625 2595 ,
706 2525 886 2600 ὥσπερ
962 2522 1097 2580 ἔνιοι
1143 2545 1156 2559 °
1205 2531 1580 2588 κατοικοῦντες
1661 2524 1718 2580 δὲ
1790 2526 1890 2581 πός

236 2613 350 2677 λεις
412 2613 743 2684 Ἑλληνίδας
817 2636 876 2669 τε
948 2615 1037 2669 καὶ
1119 2610 1443 2690 βαρϐάρους,
1515 2616 1587 2676 ὡς
1664 2613 1889 2678 ἕκαστος

234 2703 524 2780 ἐκληρώθη
556 2750 570 2774 ,
620 2704 708 2758 καὶ
762 2703 813 2757 ἐν
861 2709 976 2765 τοῖς
1023 2706 1137 2778 (61)
1190 2703 1485 2780 ἐγγωρίοις
1540 2702 1709 2767 ἔθεσιν
1764 2705 1888 2758 ἀκο-

235 2790 556 2856 λουθοῦντες
622 2790 671 2846 ἓν
723 2813 780 2847 τε
831 2793 1014 2862 ἐσθῆτι
1060 2795 1150 2846 καὶ
1192 2790 1368 2858 διαίτῃ
1421 2793 1509 2847 καὶ
1565 2793 1646 2864 τῷ
1706 2790 1888 2866 λοιπῷ

240 2881 368 2954 βίῳ,
425 2882 735 2954 θαυμαστὴν
781 2880 870 2934 καὶ
921 2880 1386 2956 ὁμολογουμένως
1443 2879 1742 2955 παράδοξον
1806 2881 1885 2936 ἐν·

233 2967 522 3025 διίκνυνται
580 2972 677 3039 τήν
733 2971 1050 3024 κατάστασιν
1134 2973 1232 3038 τῆς
1290 2971 1492 3024 ἑαυτῶν
1552 2970 1831 3032 πολιτείας
1869 3014 1882 3027 .

236 3057 500 3135 Πατρίδας
557 3059 796 3113 οἰκοῦσιν
855 3055 1021 3125 ἰδίας,
1079 3058 1204 3113 ἀλλ’
1261 3059 1334 3120 ὡς
1400 3057 1646 3135 πάροικοι
1685 3081 1696 3093 ι
1761 3081 1882 3132 μετ-

233 3149 422 3223 έχουσι
481 3149 693 3203 πάντων
731 3193 743 3216 ,
805 3148 879 3209 ὡς
933 3147 1204 3219 πολῖται,
1263 3148 1352 3201 καὶ
1429 3150 1583 3211 πάνθ’
1653 3149 1882 3220 ὑπομει-

226 3257 410 3290 νουσιν
466 3237 540 3298 ὡς
600 3237 738 3298 ξένοι
774 3280 785 3292 .

227 3329 334 3378 τῶν
366 3343 378 3356 °
431 3324 519 3379 καὶ
577 3329 721 3379 πᾶσα
777 3325 992 3398 πατρὶς,
1053 3325 1192 3396 ξένη.
1257 3329 1528 3397 Γαμοῦσιν
1589 3325 1661 3387 ὠς
1713 3325 1814 3379 πάν
1848 3359 1874 3370 -

223 3431 332 3474 τες·
387 3418 788 3489 τεκνογονοῦσιν
825 3458 839 3483 ,
894 3411 1020 3468 ἀλλ’
1079 3412 1141 3467 οὖ
1219 3412 1465 3488 ῥίπτουσι
1524 3414 1591 3468 τά
1645 3415 1818 3488 γεννώ
1851 3448 1872 3457 -

231 3522 380 3573 μενα.
437 3503 710 3577 Τράπεζαν
770 3503 954 3570 κοινὴν
1009 3501 1408 3578 παρατίθενται,
1469 3501 1595 3557 ἀλλ’
1643 3506 1872 3577 (62).....

225 3593 414 3660 κοινήν
450 3631 462 3646 .
542 3593 628 3645 Ἐν
699 3591 854 3666 σαρκὶ
928 3591 1290 3666 τυγχάνουσιν
1329 3637 1342 3662 ,
1402 3589 1528 3646 ἀλλ’
1599 3591 1664 3645 οὐ
1739 3592 1874 3646 κατὰ

229 3681 398 3752 σάρκα
455 3684 630 3748 ζῶσιν.
682 3681 800 3733 Ἐπὶ
859 3687 964 3754 γῆς
1023 3674 1426 3754 διατρίϐουσιν,
1487 3678 1612 3734 ἀλλ’
1665 3679 1716 3734 ἐν
1780 3680 1872 3734 οῦ-

228 3773 373 3842 ρανῷ
431 3767 845 3825 πολιτεῦοντάι.
908 3770 1188 3832 Ιίείθονται
1240 3773 1356 3830 τοῖς
1412 3770 1734 3842 ὡρισμένοις
1786 3769 1871 3823 v6-

231 3878 402 3928 μοις,
460 3858 548 3912 καὶ
605 3864 720 3919 τοῖς
782 3855 942 3918 ἰδίοις
1005 3857 1144 3930 βίοις
1213 3862 1403 3910 νικῶσι
1461 3858 1588 3919 τοὺς
1645 3852 1865 3929 νόμους.

223 3951 498 4020 Ἀγαπῶσι
577 3946 776 4008 πάντας
812 3989 826 4013 ,
874 3946 964 3999 καὶ
1045 3946 1148 3999 ὑπὸ
1221 3945 1434 3999 πάντων
1525 3943 1815 4000 διώκονται
1851 3992 1862 4004 .

220 4038 604 4108 ’Δγνοοῦνται,
662 4036 750 4089 καὶ
806 4033 1212 4105 κατακρίνονται
1249 4077 1260 4089 .
1322 4039 1718 4103 Θανατοῦνται,
1777 4036 1864 4089 καὶ

226 4127 637 4190 ζιιλοποιοῦνται·
672 4123 1018 4198 πτωχεύουσι
1052 4126 1184 4196 (63),
1211 4123 1300 4178 καὶ
1331 4121 1683 4192 πλουτίζουσι
1723 4123 1863 4179 πολ-

222 4208 353 4273 λοῦς
387 4255 400 4268 .
461 4215 677 4267 Πάντων
754 4213 1097 4288 ὑστεροῦνται
1145 4255 1160 4282 ,
1219 4211 1308 4266 καὶ
1363 4211 1415 4266 ἐν
1479 4218 1608 4266 πᾶσι
1680 4233 1863 4286 περισ-

2001 2013 2187 2068 neque
2219 1996 2470 2070 politicis
2499 1997 2625 2052 vitae
2666 1997 2956 2053 institutis
2987 2014 3020 2052 a
3048 1998 3270 2053 caeteris
3301 1997 3643 2054 hominibus

1999 2091 2140 2140 sunt
2171 2086 2452 2141 distincti.
2487 2091 2631 2141 Nam
2672 2102 2858 2158 neque
2890 2086 3154 2158 proprias
3191 2086 3455 2142 civitates
3485 2086 3642 2142 inco-

2000 2173 2149 2239 lunt,
2185 2191 2372 2247 neque
2419 2192 2686 2231 sermone
2719 2181 2964 2230 utuntur
3007 2176 3109 2246 qui
3139 2177 3210 2230 ab
3240 2175 3487 2232 aliorum
3521 2192 3644 2232 scr-

2001 2279 2174 2318 mone
2205 2263 2454 2333 differat,
2478 2280 2666 2336 neque
2688 2264 2815 2319 vitea
2838 2280 3022 2335 genus
3053 2264 3269 2320 habent
3299 2269 3451 2336 quod
3485 2265 3556 2320 de
3586 2281 3649 2320 re

2001 2351 2197 2424 aliqua
2231 2353 2342 2407 sibi
2385 2351 2664 2424 peculiari
2705 2353 2782 2407 sit
2812 2353 3104 2414 notabile:
3148 2369 3335 2425 neque
3365 2353 3585 2425 aliquid
3618 2371 3652 2408 a

1999 2441 2247 2496 curiosis
2280 2441 2618 2497 hominibus
2649 2441 3042 2515 excogitatum
3075 2447 3408 2515 proponunt
3429 2443 3536 2497 sibi
3571 2442 3654 2497 di-

1999 2531 2322 2586 scendum:
2357 2546 2547 2602 neque
2597 2530 2766 2585 alicui
2805 2531 3061 2603 dogmati
3096 2531 3353 2586 humano
3404 2533 3654 2603 patroci-

1999 2623 2235 2686 nantur,
2261 2620 2414 2674 sicut
2446 2619 2746 2674 nonnulli:
2784 2621 2879 2674 sed
2909 2619 3227 2676 incolentes
3264 2621 3475 2692 partim
3507 2621 3656 2676 Grie-

1999 2723 2119 2777 cas,
2155 2707 2366 2779 partim
2391 2709 2669 2763 barbaras
2700 2709 2982 2773 civitates,
3011 2714 3185 2780 prout
3214 2711 3502 2781 cujusque
3523 2726 3653 2765 sors

1998 2796 2153 2860 tulit,
2185 2804 2242 2852 et
2269 2797 2678 2868 indigenarum
2714 2797 2978 2852 instituta
3012 2803 3322 2868 sequentes
3353 2799 3411 2853 in
3442 2798 3652 2854 vestitu

1995 2887 2291 2956 victuque,
2317 2890 2373 2940 et
2403 2886 2626 2942 caeteris
2655 2903 2782 2957 quae
2815 2886 2884 2940 ad
2921 2887 3099 2940 vitam
3135 2887 3446 2958 pertinent,
3479 2888 3652 2943 mira-

1998 2973 2173 3028 bilem
2207 2981 2263 3028 et
2292 2974 2448 3029 haud
2481 2975 2658 3028 dubie
2684 2974 3087 3030 incredibilem
3123 2993 3242 3030 suae
3283 2977 3495 3048 politiis
3527 2982 3651 3031 sta-

1993 3066 2118 3117 tum
2152 3063 2335 3118 oculis
2372 3063 2586 3118 nostris
2610 3070 2960 3135 proponunt.
2997 3064 3221 3119 Patrias
3254 3065 3518 3136 proprias
3548 3065 3650 3121 ba-

1995 3152 2222 3217 bitant;
2271 3153 2369 3206 sed
2417 3157 2698 3223 tanquam
2750 3152 3044 3223 inquilini.
3097 3152 3308 3208 Omnia
3355 3170 3488 3208 cum
3520 3153 3650 3210 aliis

845 3242 994 3290 Πᾶσα
1051 3236 1164 3307 ξένη
1205 3279 1218 3305 ,
1275 3236 1466 3312 πατρίς
1543 3236 1682 3291 ἐστιν
1762 3237 1876 3291 αῦ-

923 3325 937 3342 .
1055 3325 1098 3342 ,υ
1257 3331 1292 3342 ..
1413 3329 1438 3339 ..
1607 3325 1620 3342 ν
1770 3325 1779 3342 ν

1993 3241 2333 3295 communia
2366 3241 2602 3302 habent,
2655 3246 2935 3312 tanquam
2983 3241 3172 3307 cives;
3214 3249 3270 3295 et
3319 3243 3517 3296 omnia
3547 3261 3648 3315 pa-

1986 3329 2234 3396 tiuntur,
2260 3336 2540 3400 tanquam
2570 3329 2878 3401 peregrini.
2905 3329 3108 3385 Omnis
3131 3331 3436 3402 peregrina
3459 3331 3640 3403 regio,

1985 3419 2178 3490 patria
2222 3423 2310 3473 est
2357 3434 2560 3472 eorum
2588 3436 2601 3483 ;
2636 3423 2693 3472 et
2721 3419 2915 3473 omnis
2949 3419 3154 3490 patria,
3189 3424 3279 3474 est
3312 3421 3636 3490 peregrina.

1986 3507 2203 3562 Uxores
2251 3508 2496 3572 ducunt,
2550 3511 2614 3559 ut
2643 3523 2866 3570 omnes,
2918 3511 2974 3561 et
3020 3505 3233 3561 liberos
3293 3515 3638 3578 procreant;

1984 3596 2082 3649 sed
2111 3612 2222 3649 non
2247 3594 2532 3664 abjiciunt
2561 3594 2737 3648 fetus.
2766 3594 3028 3649 Mensam
3051 3610 3423 3650 communem
3458 3611 3638 3666 appu-

1982 3689 2151 3750 nnnt;
2189 3681 2431 3737 minime
2460 3698 2592 3736 vero
2623 3681 2833 3736 cubile.
2874 3683 2934 3736 ln
2968 3698 3142 3736 carne
3174 3688 3348 3748 sunt;
3384 3683 3483 3737 sed
3517 3701 3637 3738 non

1980 3773 2307 3827 secundum
2357 3787 2589 3825 carnem
2635 3771 2854 3826 vivunt.
2909 3775 2971 3824 In
3021 3777 3174 3825 terra
3220 3772 3481 3843 degunt;
3531 3773 3632 3827 sed

1978 3861 2037 3915 in
2062 3860 2203 3915 calo
2228 3858 2488 3930 politiam
2511 3875 2678 3913 suam
2700 3859 2938 3914 habent.
2965 3858 3382 3930 Obsequuntur
3405 3859 3635 3932 legibus

1977 3966 2105 4020 quis
2129 3949 2366 4003 sancite
2385 3954 2544 4016 sunt,
2560 3955 2618 4002 et
2639 3965 2745 4002 suo
2767 3949 2898 4002 vitm
2917 3965 3129 4019 genere
3150 3949 3308 4020 leges
3329 3959 3632 4021 superant.

1974 4043 2191 4092 Amant
2219 4053 2445 4100 omnes.
2478 4043 2536 4090 et
2564 4053 2769 4092 omnes
2802 4037 2936 4092 illos
2971 4042 3423 4109 persequuntur.
3462 4038 3632 4110 Igno-

1973 4132 2179 4182 rantur
2206 4133 2262 4181 et
2291 4126 2760 4181 condemnentur
2785 4143 2798 4193 ;
2834 4131 3022 4181 morte
3045 4125 3382 4181 afficiuntur
3412 4131 3468 4182 et
3491 4127 3633 4183 vivi-

1972 4217 2242 4270 ﬁcantur.
2266 4213 2510 4270 Mendici
2524 4218 2682 4280 sunt,
2706 4219 2761 4269 et
2782 4213 2999 4269 multos
3015 4215 3219 4270 ditant.
3240 4215 3434 4271 Rebus
3449 4215 3642 4272 omni-

290 4373 401 4442 (56)
433 4370 760 4446 Μαρτῦριονῗ.
812 4373 874 4428 In
928 4373 1054 4446 cod.
1109 4388 1218 4446 ms.
1269 4376 1394 4427 erat
1450 4377 1684 4446 tantum
1739 4391 1871 4446 μαρ-
1901 4377 1946 4442 1)
1978 4389 2080 4445 que
2104 4375 2528 4446 investigatione
2562 4373 2811 4446 guadqm
2857 4372 3242 4446 c!_hominum
3287 4379 3635 4446 curiosorum

214 4441 334 4516 τῦρ,
361 4441 854 4517 quemadmodum
879 4444 1054 4517 etiam
1079 4443 1248 4517 paulo
1273 4447 1404 4517 post
1423 4441 1521 4517 χλ.
1548 4441 1868 4517 Utramque

221 4512 416 4602 Vticam
484 4516 732 4589 explevit
796 4512 1095 4587 Stephanf
1152 4512 1868 4589 lege'ndo'pzprépzov'et

266 4599 452 4646 Λευης.

220 4605 652 4728 χῗζῧςῦιηνῶν.
688 4657 783 4713 Sic
816 4673 915 4728 pro
964 4677 1002 4728 μ
1030 4656 1380 4727 Stephanus,
1414 4657 1584 4713 Beur.
1620 4664 1677 4712 et
1708 4657 1863 4730 Sylb.

318 4747 553 4782 endam.

220 4731 553 4783 emendant.

292 4800 594 4888 ;'7)8)'K1'Fi.
647 4798 1102 4888 In‘apographon
1136 4798 1386 4888 Seureri"
1420 4803 1556 4888 erat,
1583 4794 1865 4888 καταδιαι-

219 4875 366 4945 ρεῖν.Δ
387 4867 557 4944 Legit
585 4867 1283 4945 Βῖθρῆ.”κξιταῤῥυθμίζειν
1311 4887 1324 4936 ;
1358 4868 1439 4923 δτι
1466 4871 1750 4945 additum
1803 4887 1870 4945 ex

216 4931 506 5012 Stephano
537 4948 594 4998 et
624 4931 786 4998 Beur.
830 4931 1323 4997 Mox'Judaaorum
1359 4941 1666 4996 curiositas
1699 4943 1867 4995 intel-

215 5014 449 5081 ligenda
477 5021 602 5070 est:
635 5017 928 5069 Curiosum
947 5014 1191 5068 studium
1221 5016 1377 5068 varia
1407 5014 1477 5067 ad
1509 5015 1604 5068 Dei
1631 5015 1864 5076 cultum,

213 5087 433 5157 quatem
461 5087 572 5140 sibi
598 5086 871 5157 ﬁngebant
899 5087 1238 5156 pertinentia
1269 5085 1596 5145 acervandi;
1629 5086 1711 5140 sic
1745 5086 1867 5156 ipse

213 5156 467 5227 explicat
495 5156 852 5227 Stephanus.

284 5224 393 5299 (59)
411 5224 739 5300 παθήματι.
775 5229 952 5300 Iidem
997 5224 1192 5300 legunt
1232 5225 1662 5300 p.iﬁv,pq'z_-.c,__ct
1694 5225 1865 5300 paulo

211 5297 343 5375 poet
366 5297 672 5375 εὑρημένον
723 5317 827 5371 pro
861 5297 1189 5375 _s’.p~r,p.équ.
1244 5303 1364 5375 Nop
1418 5297 1708 5375 displicet;
1738 5297 1863 5375 Syl-

209 5369 765 5444 burgio'ﬁpnpévov,
814 5369 1074 5444 electum.
1128 5369 1862 5444 Legendumhcrediderim

213 5439 441 5512 μάθημα
468 5439 648 5496 τοῦτο.
686 5443 829 5497 Illud
875 5441 1154 5512 μαθήματι
1191 5439 1382 5495 crtum
1429 5439 1658 5495 videtur
1687 5457 1754 5496 ex
1784 5441 1862 5496 si-

215 5513 336 5569 mili
372 5531 508 5570 casu
541 5531 748 5569 vocum
783 5512 1254 5586 praecedentium.

285 5587 398 5658 (60)
453 5587 749 5657 Μαθήματι
785 5579 974 5658 ’τοῦτ’.
1050 5584 1318 5658 Leigt‘ndio
1394 5579 1621 5658 μάθημα
1678 5585 1860 5658 τοῦτο,

213 5661 278 5711 ut
308 5653 877 5731 legendum'monui,
927 5656 1011 5712 sic
1040 5653 1371 5712 reddendus
1403 5655 1498 5710 hic
1530 5653 1729 5710 locus:
1760 5655 1860 5709 Ne-

1976 4443 2351 4499 .iolliritudine
2379 4445 2493 4498 haec
2541 4443 2841 4515 disciplina
2889 4443 2955 4497 ab
3005 4445 3084 4499 eis
3115 4445 3366 4499 inventa.
3401 4445 3630 4501 ΜΑΒΑΝ.

1979 4515 2036 4570 in
2071 4518 2112 4570 E
2117 4515 2306 4569 menda
2316 4515 2454 4569 ridis.

2051 4588 2164 4656 (61)
2198 4587 2280 4656 Ἐν
2312 4590 2450 4645 τοῖς.
2487 4585 2645 4639 Delet
2677 4584 2954 4654 Stephan.
2989 4584 3482 4656 praepositionem.

2050 4653 2164 4726 (62)
2198 4655 2422 4711 Ἀλλ’...
2484 4653 2816 4728 Stephanus
2847 4662 2904 4710 et
2934 4653 3220 4728 Beurerus
3263 4655 3463 4728 legunt
3503 4653 3630 4710 ἀλλ’

1979 4723 2284 4799 οὑήκοινήν.
2331 4728 2525 4799 Mallet
2567 4723 2910 4799 Sylburgius
2936 4723 3084 4799 ἀλλ’
3125 4724 3186 4780 οὐ
3218 4723 3386 4799 πάντη
3436 4729 3624 4798 κοινήν

1976 4799 2064 4853 vel
2100 4797 2226 4854 ἀλλ’
2257 4798 2417 4858 ὁσίως
2447 4797 2648 4871 κοινήν.
2677 4797 3030 4871 ὃθιῑΐινὶεἱάει
3057 4815 3298 4871 prorsus
3319 4797 3437 4854 haec
3470 4797 3625 4871 ejus-

1982 4872 2113 4925 dem
2176 4871 2332 4926 voris
2364 4869 2672 4943 repetitio,
2727 4874 2784 4924 et
2840 4869 2947 4924 hoc
3003 4869 3629 4943 perpolitogscrip‘tors

1980 4959 2222 5025 prorsus
2255 4941 2514 5025 indigna.
2549 4943 2960 5004 Quamobrem.
3008 4941 3064 4996 ni
3098 4941 3284 5003 fallor.
3319 4941 3626 5025 legendum

1979 5012 2106 5066 ἀλλ’
2137 5013 2197 5066 οὐ
2232 5013 2459 5079 xci-rm:
2508 5029 2756 5085 mensam
2801 5029 3149 5070 communem
3189 5012 3540 5085 opponimus,
3572 5024 3634 5070 at

1977 5087 2574 5156 cubilencquaquam.
2635 5084 2859 5156 Quibus
2911 5087 3103 5140 verbis
3159 5084 3508 5156 etﬂiniquos
3562 5087 3634 5141 de

1978 5155 2325 5211 Christianis
2363 5173 2624 5228 rumores
2659 5155 2902 5228 repellit,
2936 5160 2991 5210 et
3021 5160 3306 5228 quantum
3343 5155 3413 5211 ab
3442 5157 3630 5212 ethni-

1977 5243 2177 5281 corum
2228 5227 2490 5282 morihus
2533 5226 2945 5296 discreparent,
3001 5226 3382 5282 demonstrat.
3440 5228 3627 5284 Simili

1975 5315 2218 5367 prorsus
2241 5298 2528 5354 sententia
2551 5299 2980 5371 Tertullianus:
3005 5300 3226 5359 Omnia,
3250 5299 3440 5368 inquit
3463 5300 3628 5371 Apol.

1973 5372 2063 5434 39,
2099 5371 2400 5426 indiscreta
2445 5379 2574 5426 sunt
2603 5370 2750 5440 upui
2786 5387 2885 5426 nos
2927 5385 3131 5440 praeter
3161 5386 3378 5426 uxores.
3432 5371 3495 5426 In
3515 5370 3628 5428 isto

1973 5444 2085 5496 solo
2115 5444 2448 5496 consortium
2498 5442 2776 5506 solvimus,
2811 5444 2871 5497 in
2915 5458 3018 5512 quo
3065 5442 3179 5497 solo
3210 5443 3401 5498 caeleri
3445 5443 3622 5498 homi-

1972 5530 2066 5568 nes
2091 5515 2420 5568 consortium
2450 5517 2720 5568 exercent.

2043 5586 2154 5654 ((33)
2186 5582 2558 5659 Πτιυχεῦουσι.
2610 5584 2808 5659 Dicere
2852 5583 3052 5659 malim
3107 5585 3178 5639 de
3225 5584 3616 5659 Christianis:

1972 5658 2244 5728 Pauperes
2271 5656 2401 5713 sum
2441 5665 2492 5714 et
2523 5657 2724 5713 multo:
2752 5656 2948 5720 ditant,
2999 5672 3198 5727 quam,
3250 5661 3314 5712 ut
3360 5657 3618 5713 reddidit
