4016 6222
372 401 526 461 1175

372 625 487 684 tur,
511 624 568 673 et
591 619 742 672 inter
759 617 1039 673 dedecora
1053 615 1240 687 gloria
1262 616 1620 671 al‘ﬁciuntur.
1635 616 1849 670 Eorum
1870 615 2026 668 fama

370 708 679 773 laceratur,
712 708 769 760 et
791 703 1033 776 justitias
1078 720 1279 759 eorum
1322 702 1721 759 testimonium
1759 702 2023 775 perhibe-

370 801 487 854 tur.
522 794 850 850 Maledictis
891 809 957 850 ac
1005 792 1281 849 conviciis
1321 793 1715 863 incessuntur,
1749 796 1805 847 et
1855 789 2024 846 bonis

369 885 563 943 verbis
597 886 1058 957 prosequuntur.
1088 882 1312 953 lnjuria
1333 882 1690 949 afﬁciuntur,
1724 884 1779 936 et
1810 879 2027 935 honore

372 977 829 1049 prosequuntur.
864 972 1009 1028 Cum
1042 988 1104 1027 se
1132 975 1338 1044 gerant
1370 974 1434 1026 ut
1462 971 1674 1043 probos
1698 971 1879 1037 decet,
1907 972 2029 1023 tan-

375 1079 549 1137 quam
574 1060 828 1134 improbi
853 1060 1211 1134 puniuntur:
1238 1061 1375 1115 dum
1399 1059 1748 1132 puniuntur,
1773 1057 2029 1129 gaudent

372 1157 656 1223 tanquam
678 1149 1062 1206 viviﬁcentur.
1100 1150 1396 1205 Adversus
1427 1165 1548 1215 eos,
1572 1152 1854 1218 tanquam
1885 1144 2027 1201 alie-

1540 393 1905 455 ANONYMI
1947 392 2110 455 VIR!
2155 392 2620 455 APOS'I‘OLICI

372 534 482 587 bus
514 530 797 601 indigent,
833 531 887 581 et
918 526 1118 581 omnia
1143 526 1255 581 illis
1278 527 1629 581 redundant.
1667 526 2019 581 Dedecoran-
2049 528 2099 590 Α
2131 521 2371 576 σεύουσιν
2407 568 2418 578 .

3622 395 3788 455 H76

2481 525 2873 596 Ἀτιμοῦνται,
2932 524 3021 577 xui
3082 524 3133 577 ἐν
3192 530 3311 585 ταῖς
3369 525 3613 597 ἀτιμίαις
3668 522 3730 579 Eo
3764 558 3785 567 -

2134 611 2374 680 ξάζονται
2408 630 2419 642 ·
2486 612 2939 690 βλασφημοῦνται
2982 656 2995 681 ,
3054 611 3143 666 καὶ
3204 610 3538 667 δικαιοῦνται
3575 633 3587 643 ·
3647 614 3734 669 λοι
3768 647 3787 656 ο

2135 696 2463 774 δοροῦνται,
2524 702 2613 777 καὶ
2690 701 3045 777 εὐλογοῦσιν·
3113 696 3417 777 ὑϐρίζονται
3464 748 3477 773 ,
3540 700 3627 757 καῖ
3680 725 3733 757 τι
3765 736 3785 745 -

2140 792 2331 862 μῶσιν.
2386 791 2889 864 Ἀγαθοποιοῦντες,
2951 791 3025 853 ὡς
3082 791 3237 845 κακοὶ
3294 790 3641 860 κολάζονταιο
3689 814 3783 846 κου

2137 877 2431 951 λαζόμενοι
2486 878 2793 955 χαίρουσιν,
2844 880 2917 941 ὠς
2980 879 3431 952 ζωοποιοῦμενοι.
3482 881 3611 934 Ὑπὸ
3646 883 3785 936 Ἰου-

2138 963 2300 1021 δαίων
2334 967 2408 1029 ὡς
2442 966 2751 1045 ἀλλόφυλοι
2782 966 3175 1041 πολεμοῦνται,
3215 969 3303 1022 καὶ
3338 969 3440 1022 ὑπὸ
3497 968 3783 1039 Ἑλλήνων

2138 1053 2448 1110 διώκονται·
2485 1057 2573 1111 καὶ
2602 1058 2700 1127 τὴν
2733 1056 2905 1111 αἰτίαν
2928 1065 3027 1127 τῆς
3061 1056 3260 1134 ἔχθρας
3291 1057 3458 1112 εἷπεῖν
3511 1063 3787 1131 μισοῦντες

2139 1143 2238 1199 οὐκ
2269 1143 2505 1222 ἔχουσιν.

373 1241 638 1315 nigenas,
667 1240 851 1297 Judaei
900 1238 1119 1295 bellum
1152 1243 1383 1311 gerunt,
1411 1243 1467 1295 et
1499 1238 1680 1294 Graeci
1711 1254 1808 1294 eos
1862 1240 2323 1309 persequuntur;
2358 1242 2414 1293 et
2445 1254 2642 1294 osores
2691 1253 2892 1295 eorum
2942 1253 3182 1297 causam
3231 1237 3676 1294 inimicitiarum
3708 1239 3793 1293 di-

374 1345 502 1387 cere
533 1332 852 1401 nequeunt.

936 1443 1070 1499 CAP.
1103 1442 1200 1499 VI.
1251 1442 1399 1499 Velut
1429 1444 1678 1499 animam
1711 1444 1769 1497 in
1808 1454 2049 1513 corpore,
2086 1440 2423 1498 Christianos
2454 1443 2516 1497 in
2544 1443 2747 1498 mundo
2777 1443 2990 1498 versari
3018 1443 3228 1513 probat.

451 1554 639 1623 Atque
668 1554 733 1606 ut
776 1549 954 1607 semel
995 1550 1194 1605 omnia
1238 1549 1612 1621 complectar,
1645 1548 1801 1619 quod
1850 1550 1939 1603 est
1968 1546 2027 1601 in

379 1656 619 1713 corpore
675 1640 894 1703 anima,
950 1638 1061 1693 hoc
1107 1642 1247 1693 sunt
1300 1637 1358 1691 in
1418 1638 1637 1691 mundo
1687 1635 2024 1691 Christiani.

383 1731 652 1801 Dispersa
679 1733 769 1783 est
818 1744 918 1798 per
963 1727 1161 1782 omnia
1192 1726 1449 1797 corporis
1480 1726 1745 1780 membra
1794 1725 2025 1787 anima;

377 1823 433 1874 et
480 1816 796 1873 Christiani
850 1833 947 1888 per
998 1815 1202 1869 mundi
1247 1816 1507 1870 civitates
1538 1814 1809 1885 (dispersi
1841 1813 2026 1884 sunt.)

378 1906 612 1962 Habitat
658 1905 896 1977 quidem
949 1904 1010 1958 in
1061 1920 1302 1975 corpore
1350 1903 1566 1971 anima,
1618 1903 1720 1957 sed
1779 1919 1893 1956 non
1944 1905 2033 1957 est

378 2011 408 2050 e
438 2009 715 2065 corpore:
763 1992 886 2063 (sic)
916 1997 972 2047 et
1019 1992 1333 2047 Christiani
1367 1992 1426 2046 in
1477 1991 1697 2045 mundo
1745 1989 2030 2056 habitant,

378 2083 481 2138 sed
542 2097 573 2136 ο
633 2082 849 2135 mundo
910 2098 1026 2135 non
1086 2085 1225 2135 sunt
1247 2081 1286 2133 θ.
1347 2078 1665 2135 Invisibilis
1720 2077 1917 2133 anima
1972 2077 2032 2132 in

375 2169 881 2241 visibilicorpore,
934 2173 1213 2239 tanquam
1264 2169 1323 2222 in
1374 2167 1664 2239 praesidio,
1717 2167 2034 2222 constituta

377 2265 503 2315 est:
585 2258 703 2330 (sic)
778 2262 836 2312 et
893 2256 1208 2312 Christiani
1266 2261 1720 2329 cognoscuntur,
1772 2255 1912 2309 dum
1972 2254 2032 2309 in

380 2348 602 2404 mundo
649 2348 1126 2413 commorantur;
1180 2346 1281 2400 sed
1336 2345 1648 2400 invisibilis
1698 2348 1787 2399 est
1831 2359 2033 2399 eorum

378 2436 575 2491 cultus
623 2434 874 2491 divinus.
936 2433 1081 2489 Odio
1132 2433 1509 2505 prosequitur
1563 2432 1822 2488 animam
1875 2448 2029 2499 caro,

374 2528 433 2579 et
481 2521 701 2579 bellum
749 2522 801 2578 ei
855 2525 1047 2577 movet
1099 2521 1261 2576 nulla
1313 2522 1522 2576 affecta
1578 2521 1814 2591 injuria,
1874 2520 2030 2591 quod

374 2612 776 2685 voluptatibus
845 2611 960 2666 frui
1028 2610 1443 2681 prohibeatur:
1523 2610 1655 2664 odio
1732 2608 2030 2680 prosequi-

376 2704 474 2757 tur
515 2706 573 2757 et
626 2701 885 2755 mundus
940 2698 1321 2765 Christianos,
1378 2698 1542 2753 nulla
1586 2698 1826 2752 affectus
1884 2698 2033 2767 inju-

378 2790 488 2857 ria,
520 2790 800 2861 quoniam
842 2787 1244 2859 voluptatibus
1274 2791 1625 2858 repugnant.
1666 2787 1879 2841 Anima
1904 2803 2030 2841 car-

378 2895 511 2935 nem
543 2882 722 2946 amat,
772 2893 904 2948 quae
952 2877 1142 2948 ipsam
1193 2875 1334 2945 odit,
1367 2881 1425 2931 et
1470 2876 1670 2946 (amat)
1726 2875 2026 2932 membra:

377 2967 498 3040 (sic)
529 2966 704 3022 etiam
753 2964 1067 3020 Christiani
1116 2968 1317 3020 amant
1360 2980 1579 3019 osores.
1633 2966 1862 3019 Inclusa
1899 2963 2026 3035 qui-

378 3056 511 3111 dem
542 3059 630 3111 est
658 3053 856 3110 anima
884 3069 1141 3125 corpore,
1174 3053 1273 3108 sed
1308 3053 1437 3123 ipsa
1467 3070 1677 3124 corpus
1703 3056 2024 3107 conservat:

379 3144 504 3216 (sic)
552 3148 610 3199 et
656 3142 970 3198 Christiani
1018 3141 1354 3197 detinentur
1405 3141 1642 3213 quidem
1691 3141 1751 3196 in
1783 3143 2025 3213 mundo,

2210 1547 2427 1610 Ἀπλῶς
2487 1545 2533 1602 δ’
2589 1549 2779 1616 εἰπεῖν,
2839 1547 2969 1623 ὅπερ
3029 1547 3169 1602 ἐστὶν
3231 1548 3283 1602 ἐν
3343 1548 3560 1619 σώματι
3624 1550 3803 1623 ψυχὴ,

2134 1637 2282 1690 τοῦτ’
2336 1635 2470 1690 εῗσὶν
2530 1635 2581 1690 ἐν
2640 1636 2833 1709 κόσμῳ
2890 1637 3247 1711 Χριστιανοί.
3306 1638 3607 1707 Ἐσπαρται
3669 1658 3805 1691 κατα

2136 1722 2348 1777 πάντων
2404 1728 2510 1777 τῶν
2561 1729 2656 1778 τοῦ
2689 1725 2941 1795 σώματος
2997 1722 3177 1797 μελῶν
3226 1727 3261 1792 ἡ
3311 1725 3494 1799 ψυχή,
3543 1725 3636 1777 καὶ
3680 1724 3805 1795 Χριο

2137 1812 2343 1867 στιανοὶ
2394 1813 2529 1867 κατὰ
2564 1813 2661 1874 τὰς
2719 1818 2815 1867 τοῦ
2871 1813 3081 1884 κόσμου
3137 1812 3352 1873 πόλεις.
3404 1812 3555 1867 Οἰκεῖ
3610 1814 3708 1883 μὲν
3760 1812 3803 1866 ἐν

2138 1899 2218 1971 τῷ
2276 1902 2488 1973 σώματι
2547 1903 2723 1977 ψυχὴ,
2784 1901 2882 1955 οὐκ
2934 1899 3043 1955 ἔστι
3105 1899 3165 1955 δὶ
3224 1902 3283 1956 ἐκ
3337 1906 3435 1954 τοῦ
3495 1902 3801 1973 σώματος·

2140 1988 2230 2043 καὶ
2277 1989 2585 2063 Χριστιανοὶ
2644 1989 2696 2043 ἐν
2755 1990 2947 2062 κόσμῳ
3006 1989 3267 2055 οῗκοῦσιν,
3329 1990 3427 2043 οὒκ
3477 1989 3582 2042 εἶσὶ
3640 1987 3701 2043 δὲ
3754 1989 3806 2043 ἐκ

2141 2082 2237 2131 τοῦ
2284 2077 2514 2149 κόσμου.
2562 2078 2817 2153 Ἀόρατος
2862 2080 2897 2146 ἡ
2950 2080 3104 2152 ψυχὴ
3155 2077 3206 2131 ἐν
3254 2078 3434 2149 ὁρατῷ
3483 2084 3803 2153 φρουρεῖται

2139 2170 2219 2237 τῷ
2275 2167 2531 2238 σώματι⁶
2589 2165 2679 2220 καὶ
2762 2167 3077 2241 Χριστιανοὶ
3153 2167 3515 2239 γινώσκονται
3594 2166 3808 2239 μὲνονο

2140 2275 2229 2316 τες
2261 2256 2373 2328 (64)
2407 2255 2457 2309 ἐν
2507 2259 2585 2326 τῷ
2628 2254 2845 2327 κόσμῳ,
2896 2255 3127 2331 ἀόρατος
3158 2253 3215 2309 δὲ
3243 2254 3417 2308 αὐτῶν
3451 2260 3485 2323 ἡ
3523 2250 3815 2317 θεοσέϐεια

2146 2345 2313 2416 μένει.
2346 2348 2507 2398 Μισεῖ
2553 2344 2652 2412 τήν
2703 2345 2887 2419 ψυχὴν
2942 2346 2976 2413 ἡ
3024 2345 3171 2419 σὰρξ,
3205 2343 3295 2397 καὶ
3325 2343 3587 2416 πολεμεῖ,
3638 2342 3811 2415 μηδὲν

2140 2429 2495 2505 ἀδικουμένη,
2555 2430 2694 2486 διότι
2752 2438 2871 2493 ταῖς
2926 2430 3149 2500 ἡδοναῖς
3208 2430 3481 2486 κωλύεται
3533 2440 3808 2507 χρῆσθαι·

2147 2524 2295 2590 μισεῖ
2331 2519 2421 2573 xui
2470 2518 2820 2595 Χριστιανοὺς
2870 2521 2897 2573 ὁ
2942 2520 3150 2592 κόσμος
3195 2516 3361 2591 μηδὲν
3414 2517 3811 2593 ἀδικούμενος,

2141 2607 2226 2661 ὅτι
2262 2614 2381 2669 ταῖς
2429 2606 2651 2677 ἡδοναῖς
2694 2609 3118 2664 ἀντιτάσσονται.
3160 2615 3217 2663 'Il
3251 2611 3435 2683 ψυχὴν
3487 2610 3589 2677 τὴν
3627 2616 3812 2680 μισοῦ·

2140 2717 2233 2750 σαν
2266 2696 2449 2770 ἀγαπᾷ
2475 2697 2667 2771 σάρκα,
2708 2703 2800 2751 καῖ
2845 2698 2912 2751 τὰ
2966 2697 3128 2769 μὲλη·
3178 2698 3268 2752 καὶ
3320 2700 3648 2773 Χριστιανοὶ
3682 2699 3806 2760 τοὺς

2143 2790 2428 2857 μισοῦντας
2479 2787 2778 2859 ἀγαπῶσιν.
2831 2785 3232 2860 Ἐγκέκλεισται
3289 2788 3381 2858 μὲν
3439 2789 3472 2855 ἡ
3510 2789 3671 2862 ψυχή
3727 2792 3801 2857 τῷ

2139 2874 2373 2945 σώματι,
2424 2872 2639 2949 σύνέχει
2688 2871 2745 2928 δὲ
2796 2873 2927 2928 αὐτὸ
2981 2876 3043 2929 τὸ
3092 2880 3283 2946 σῶμα·
3336 2875 3425 2929 xui
3475 2877 3797 2950 Χριστιανοὶ

2136 2962 2451 3037 κατέχονται
2507 2964 2600 3035 μὲν
2646 2963 2722 3024 ὡς
2772 2962 2823 3018 ἐν
2866 2969 3077 3040 φρουρᾷ
3124 2969 3201 3035 τῷ
3242 2964 3475 3036 κόσμῳ,
3531 2963 3692 3019 αὐτοὶ
3740 2962 3796 3017 δὲ

2134 3059 2420 3125 συνέχουσι
2478 3054 2590 3125 (65)
2647 3052 2736 3105 τὸν
2796 3051 3023 3124 κόσμον.
3082 3054 3373 3115 Ἀθάνατος
3423 3055 3458 3122 ἡ
3521 3055 3683 3127 ψυχὴ
3741 3052 3789 3105 ἐν

2135 3140 2316 3211 θνητῷ
2373 3140 2693 3213 σκηνώματι
2738 3145 3030 3195 κατοικεῖ·

3080 3141 3168 3194 καὶ
3218 3142 3533 3217 Χριστιανοὶ
3593 3163 3789 3215 παροι-

382 3238 663 3304 tanquam
688 3232 746 3286 in
769 3231 1055 3298 custodia,
1089 3231 1188 3287 sed
1214 3230 1326 3301 ipsi
1350 3232 1637 3285 mundum
1665 3235 2026 3286 conservant.

2150 3233 2324 3282 κοῦσιν
2381 3228 2432 3283 ἐν
2492 3231 2747 3306 φθαρτοῖς
2784 3272 2798 3297 ,
2852 3231 2953 3299 τήν
3032 3229 3082 3284 ἐν
3159 3229 3410 3304 οὐρανοῖς
3489 3231 3789 3307 ἀφθαρσίαν

386 3321 737 3377 Immortalis
773 3321 969 3376 anima
1000 3320 1057 3375 in
1096 3319 1329 3374 mortali
1360 3318 1735 3375 tabernaculo
1768 3319 2027 3376 habitat:

384 3415 442 3467 et
483 3410 793 3466 Christiani
850 3409 950 3464 illa
1005 3425 1133 3479 quae
1183 3408 1542 3480 corruptioni
1599 3412 1739 3462 sunt
1784 3408 2034 3463 obnoxia

381 3503 666 3571 tanquam
733 3496 1007 3570 inquilini
1066 3496 1351 3565 incolunt,
1420 3496 2033 3569 incorruptibilitatem

383 3588 678 3644 cmlestem
711 3590 1134 3658 exspectantes.
1167 3586 1398 3651 Anima,
1446 3585 1586 3640 dum
1619 3584 1747 3641 cibo
1796 3591 1853 3640 et
1892 3591 2034 3656 potu

386 3677 538 3733 male
570 3681 868 3742 tractatur,
905 3676 971 3730 ﬁt
1000 3674 1206 3730 melior
1233 3693 1245 3729 :
1280 3679 1337 3730 et
1366 3675 1507 3729 dum
1538 3673 1852 3729 Christiani
1901 3692 2037 3746 sup-

2142 3316 2579 3393 προσδεχόμενοι
2615 3361 2628 3373 .
2690 3318 3145 3393 Κακουργουμὲνη
3200 3319 3389 3379 σιτίοις
3453 3320 3548 3373 καὶ
3608 3326 3799 3378 ποτοῖς

2143 3408 2177 3475 ἡ
2232 3406 2440 3479 ψυχὴν,
2501 3404 2843 3481 βελτιοῦταιο
2903 3406 2994 3461 xui
3052 3408 3362 3481 Χριστιανοῖ
3424 3407 3799 3481 κολαζόμενοι

2141 3496 2262 3550 καθ’
2318 3494 2528 3570 ἡμέραν
2565 3538 2580 3562 ,
2630 3495 2990 3565 πλεονάζουσι
3053 3494 3262 3567 μᾶλλον
3301 3541 3313 3552 .
3375 3497 3468 3558 Εἷς
3529 3498 3803 3565 τοσαύτην

2145 3583 2337 3645 αὐτοὺς
2389 3584 2535 3654 τάξιν
2596 3582 2744 3648 ἔθετο
2798 3586 2825 3638 ὁ
2884 3587 3035 3654 Θεὸς,
3094 3586 3154 3653 ἦν
3215 3584 3279 3639 οὐ
3333 3587 3557 3657 θεμιτὸν
3619 3588 3802 3647 αὐτοῖς

2145 3674 2602 3747 παραιτήσασθαι.

381 3764 572 3837 pliciis
619 3763 954 3820 afﬁciuntur
995 3762 1275 3834 quotidie,
1324 3779 1608 3819 numerus
1646 3780 1847 3818 eorum
1905 3763 2166 3819 cresccit.
2211 3763 2365 3819 Deus
2413 3763 2543 3819 illos
2593 3769 2714 3819 tam
2762 3763 3055 3836 insignem
3104 3771 3297 3821 tenere
3344 3765 3541 3821 locum
3598 3767 3802 3831 voluit.

383 3870 558 3927 quem
592 3852 677 3907 illi
711 3853 871 3908 nefas
904 3858 991 3907 est
1020 3852 1311 3924 defugere.

387 3958 523 4015 ΟΑΡ.
558 3958 676 4015 VII.
715 3959 837 4014 Have
862 3958 1062 4027 religio
1093 3974 1126 4013 a
1154 3959 1257 4013 Deo
1288 3958 1568 4025 instituta,
1602 3958 1699 4027 qui
1727 3973 1835 4012 non
1866 3972 1979 4012 rem
2008 3962 2278 4022 creatam,
2311 3957 2401 4011 sed
2430 3958 2714 4029 proprium
2742 3958 2948 4014 Filium
2974 3961 3130 4014 misit
3158 3964 3219 4015 ut
3255 3960 3495 4016 salvaret
3536 3961 3801 4018 homines.

1589 4030 1880 4100 Manifesta
1908 4030 2042 4084 Filii
2079 4029 2340 4085 adventus
2372 4030 2602 4085 indicia.

462 4134 588 4189 Non
619 4133 776 4189 enim
808 4137 1124 4206 terrenum,
1158 4138 1223 4190 ut
1266 4134 1408 4204 dixi,
1441 4134 1740 4190 inventum
1792 4134 1895 4190 hoc
1927 4134 2034 4191 illis

2225 4132 2297 4188 Οὐ
2352 4134 2455 4210 γὰρ
2514 4133 2768 4209 ἐπίγειον,
2826 4135 2901 4197 ὡς
2952 4133 3108 4213 ἔφην,
3160 4135 3375 4211 ετὶρημα
3428 4139 3585 4192 τοῦτ’
3632 4138 3807 4198 αὐτοῖς

395 4223 676 4279 traditum
728 4228 859 4291 est;
922 4239 1108 4295 neque
1156 4222 1422 4278 mortalis
1468 4228 1558 4279 est
1606 4224 2047 4293 commentatio,

392 4329 567 4384 quam
600 4312 743 4367 adeo
788 4317 1055 4367 accurate
1109 4312 1553 4367 custodiendam
1605 4313 1716 4368 sibi
1766 4318 2045 4382 censent;

392 4416 584 4474 neque
631 4400 1028 4457 humanorum
1085 4401 1498 4473 mysteriorum
1557 4403 1884 4457 oeconomia
1930 4400 2048 4458 illis

393 4490 711 4546 commissa
739 4494 865 4558 est;
899 4490 999 4545 sed
1050 4490 1174 4560 ipse
1207 4504 1337 4545 vere
1379 4489 1555 4559 Deus,
1589 4490 1689 4561 qui
1741 4496 1829 4545 est
1859 4490 2045 4545 omni-

392 4585 618 4652 potens,
651 4583 709 4635 et
737 4578 1003 4634 omnium
1052 4578 1335 4644 conditor,
1369 4594 1435 4633 ac
1485 4577 1817 4644 invisibilis,
1851 4594 1881 4633 θ
1933 4596 2045 4634 οω-

390 4667 464 4724 lis
496 4668 804 4723 Veritatem
846 4672 904 4722 et
932 4667 1190 4721 Verbum
1244 4666 1461 4721 factum
1506 4684 1572 4720 ac
1603 4666 2046 4739 incomprehen-

395 4756 566 4813 sibile
609 4758 760 4812 inter
791 4755 1061 4812 homines
1091 4755 1323 4821 locavit,
1359 4759 1416 4810 et
1447 4755 1507 4809 in
1540 4756 1811 4811 cordibus
1845 4772 2047 4811 eorum

394 4847 625 4901 ﬁrmam
655 4845 871 4901 habere
901 4845 1102 4900 sedem
1129 4843 1338 4902 voluit:
1378 4861 1515 4911 non,
1548 4844 2047 4914 quemadmodum

394 4933 609 5007 aliquis
638 4932 927 5005 conjicere
952 4932 1159 5005 possit,
1195 4932 1377 4988 misso
1411 4932 1751 4988 hominibus
1780 4932 2047 4989 ministro

466 5093 489 5129 ⁹
517 5092 683 5150 Joan.
711 5109 850 5158 xvn,
876 5092 963 5164 11,
997 5092 1087 5161 14,
1120 5091 1208 5146 16.

397 5268 751 5342 Stephanus,
783 5266 1033 5342 Mendiei
1051 5270 1197 5321 sunt.
1225 5267 1455 5342 Maium.
1482 5268 1619 5342 ibid.
1652 5301 1717 5311 —
1750 5268 1877 5325 Haec
1907 5271 2050 5342 scri-

396 5339 543 5396 bens
574 5339 1357 5410 auctoriepistolaegrespexit
1388 5341 1459 5394 ad
1486 5340 1531 5395 II
1571 5341 1698 5396 Cor.
1724 5358 1801 5407 v1,
1836 5343 1937 5397 10:
1972 5341 2047 5404 ὡς

397 5410 639 5486 πτωχοὶ,
672 5406 917 5486 πολλοὺς
936 5406 1012 5486 δὲ,
1036 5406 1415 5486 πλουτίζονται
1443 5428 1455 5466 :
1505 5429 1630 5483 qua:
1662 5406 1836 5468 verba
1875 5412 2044 5485 Vulg.

397 5483 686 5554 interpres
724 5484 807 5537 ita
852 5483 1082 5539 reddit:
1145 5484 1296 5538 Sicut
1341 5487 1576 5550 egentes,
1626 5486 1824 5539 multos
1867 5483 2047 5540 autem

399 5556 816 5627 locupletuntes.
851 5556 945 5610 Sic
977 5572 1107 5609 mox
1142 5556 1635 5627 inl‘ra_prae_oculis
1660 5556 1865 5627 habuit
1895 5557 2046 5612 idem

401 5620 604 5703 auctor
642 5632 676 5703 _l
720 5626 847 5683 Cor.
906 5642 981 5703 1_v,
1036 5626 1155 5703 1_2_,_
1184 5620 1619 5700 λοιδορούμενοι,
1663 5625 1992 5703 εὐλογοῦμεν
2030 5645 2042 5683 :

400 5697 799 5766 Maledicimur,
830 5706 883 5753 et
910 5697 1297 5755 benedicimus.

2154 4218 2427 4297 παρεδόοη
2466 4241 2478 4254 ·
2540 4220 2664 4276 οὑδὲ
2723 4224 2924 4294 θνητὴν
2985 4223 3221 4278 ἐπίνοιαν
3280 4222 3577 4302 φυλάσσειν
3640 4227 3810 4286 οὕτως

2157 4312 2391 4381 ἀξιοῦσιν
2458 4310 2735 4383 ἐπιμελῶς
2786 4357 2801 4379 ,
2862 4310 2989 4367 οὖδέ
3062 4314 3410 4386 ἀνθρωπίνων
3490 4314 3812 4388 οἰκονομίαν

2158 4400 2469 4475 μυστηρίων
2518 4401 2919 4456 πεπίστευνται·
2982 4400 3109 4456 ἀλλ’
3156 4402 3317 4464 αὐτὸς
3361 4404 3388 4456 δ
3423 4408 3815 4479 παντοκράτωρ

2159 4489 2247 4544 καὶ
2309 4489 2705 4560 παντοκτίστης
2766 4492 2858 4545 καὶ
2911 4491 3142 4567 ἀόρατος
3189 4492 3342 4559 Θεὸς,
3386 4492 3556 4554 αὐτὸς
3748 4493 3823 4547 οὗ·

2160 4582 2327 4654 ρανῶν
2374 4580 2474 4647 τήν
2530 4576 2816 4649 Ἀλήθειαν
2869 4580 2959 4633 xui
3006 4580 3093 4634 τὸν
3148 4575 3317 4655 Λόγον
3370 4582 3462 4634 τὸν
3511 4584 3671 4657 ἅγιον
3722 4587 3817 4651 1'66)

2157 4668 2246 4721 xui
2306 4667 2658 4740 ἀπερινόητον
2720 4668 3030 4745 ἀνθρώποις
3092 4666 3394 4742 ἐνίδρυται,
3455 4670 3551 4724 καὶ
3609 4672 3813 4746 ἐγκατε-

2159 4758 2375 4829 στήριξε
2431 4762 2550 4818 ταῖς
2609 4754 2856 4831 καρδίαις
2915 4756 3109 4812 αὐτῶνθ
3174 4757 3277 4825 οὐ,
3328 4760 3577 4835 καθάπερ
3628 4758 3687 4814 ἄν
3742 4782 3810 4819 :2;

2158 4846 2436 4913 εἰκάσειεν,
2490 4845 2800 4921 ἀνθρώποις
2861 4846 3134 4921 ὑπηρέτην
3185 4848 3307 4901 τινὰ
3354 4847 3609 4921 πέμψας,
3666 4852 3699 4916 ἦ
3734 4849 3809 4923 ἆγ-

2157 4932 2342 5008 γελον,
2378 4936 2410 5003 ἢ
2455 4935 2715 5010 ἄρχοντα,
2750 4935 2784 5004 ἢ
2837 4936 2959 4990 τινὰ
3003 4939 3109 4991 τῶν
3162 4934 3460 4991 διεπόντων
3489 4939 3565 4992 τὰ
3598 4938 3807 5013 ἐπίγεια,

2250 5270 2343 5340 64)
2377 5267 2661 5342 Μένοντες.
2694 5269 2892 5342 Steph.
2931 5269 3152 5326 mavult
3196 5269 3289 5341 μὲν
3323 5264 3494 5330 ὄντες.

2159 5340 2693 5468 ΙΙ(ΕΞ15)7Συνὲχουσι.
2740 5340 2950 5398 Eadem
2986 5342 3273 5399 habemus
3319 5344 3377 5397 in
3406 5343 3633 5398 Justini
3665 5342 3797 5413 Apol.

2229 5485 2341 5553 (66)
2394 5482 2491 5535 Τὸν
2550 5482 2703 5555 ἅγιον
2757 5484 2952 5539 Monet
2994 5485 3331 5555 Stephanus
3393 5486 3453 5539 in
3513 5486 3643 5540 cod.
3704 5501 3793 5538 ms.

2158 5558 2248 5609 vix
2279 5556 2438 5609 aliud
2473 5573 2645 5625 quam
2702 5558 2949 5628 primam
2984 5557 3161 5627 hujus
3205 5558 3364 5612 vocis
3420 5558 3675 5612 litteram
3712 5557 3795 5609 de.

2156 5627 2454 5699 prehendi.
