4016 6222
299 396 456 455 H77

1472 392 1854 454 EPISTOLA
1896 393 2002 454 AD
2048 391 2541 459 DIOGNETUM.

3558 392 3715 455 “’78

294 527 329 593 ἢ
380 525 499 579 τινὰ
541 527 647 577 τῶν
702 521 1139 595 πεπιστευμένων
1182 523 1275 585 τάς
1325 522 1376 578 ἐν
1426 522 1678 599 οὐρανοῖς
1738 520 1949 594 διοική-

2067 523 2283 599 aliquo,
2319 531 2419 583 aut
2449 528 2675 601 angelo,
2713 532 2809 585 aut
2837 527 3122 601 principe,
3145 531 3246 582 aut
3277 526 3471 599 aliquo
3507 542 3709 581 eorum

298 635 430 685 σεις,
484 612 612 667 ἀλλ’
661 611 819 666 αὐτὸν
869 611 961 666 τὸν
1012 611 1267 687 τεχνίτην
1314 614 1405 667 καὶ
1457 611 1796 688 δημιουργὸν
1845 618 1951 668 τῶν

303 701 472 757 ὅλων·
507 702 553 773 ᾧ
580 700 709 762 τοὺς
742 700 1002 776 οὐρανοὺς
1032 696 1256 771 ἔκτισεν,
1290 704 1335 773 ᾧ
1364 704 1461 771 τήν
1495 701 1761 757 Θάλασσαν
1798 699 1956 764 ίδίοις

301 791 451 867 ὅροις
514 788 855 861 ἐνέκλεισενο
918 790 979 844 οὗ
1036 792 1103 845 τὰ
1182 794 1450 866 μυστήρια
1528 795 1732 852 πιστῶς
1784 792 1956 845 πάντα

304 879 562 960 φυλάσσει
620 880 686 934 τὰ
742 884 1008 954 στοιχεῖαο
1068 880 1193 953 παρ’
1253 878 1314 934 οὗ
1370 881 1437 935 τὰ
1493 881 1661 953 μέτρα
1708 884 1814 934 τῶν
1856 887 1956 948 τῆς

310 970 513 1044 ἡμέρας
544 966 764 1044 δρόμων
814 965 1006 1046 εἴληφε
1060 966 1349 1046 φυλάσσειν
1397 972 1529 1039 (67)‘
1577 970 1622 1041 ᾧ
1668 970 1956 1043 πειθαρχεῖ

308 1058 512 1128 σελήνη
573 1056 726 1113 νυκτὶ
786 1057 990 1134 φαίνειν
1042 1055 1369 1111 κελεύοντι·
1430 1059 1475 1129 ᾧ
1548 1062 1838 1133 πειθαρχεῖ
1888 1057 1955 1111 τὰ

303 1144 490 1222 ἄστρα,
548 1150 627 1218 τῷ
681 1151 783 1214 τῆς
855 1144 1091 1215 σελήνης
1151 1144 1553 1200 ἀκολουθοῦντα
1606 1143 1797 1221 δρόμῳ
1831 1164 1843 1178 ⁸
1907 1150 1952 1217 ᾦ

302 1237 475 1289 πάντα
527 1232 864 1289 διατέτακται
928 1235 1017 1288 καὶ
1074 1232 1357 1310 διώρισται
1407 1235 1497 1289 καὶ
1550 1234 1952 1304 ὑποτέτακται,

299 1323 516 1397 οὐρανοὶ
565 1323 654 1378 καὶ
699 1323 767 1378 τὰ
817 1322 869 1377 έν
919 1320 1201 1395 οὒρανοῖς,
1252 1330 1322 1397 γῆ
1373 1324 1463 1377 καὶ
1510 1324 1577 1378 τὰ
1623 1323 1673 1379 έν
1723 1327 1791 1396 τῇ
1840 1323 1949 1399 γῇ,

300 1411 538 1478 θάλασςα
566 1412 654 1467 καὶ
709 1414 776 1466 τὰ
807 1410 859 1466 ἐν
900 1416 969 1485 τῇ
1002 1411 1273 1486 θαλάσσῃ’
1323 1416 1452 1486 πῦρ,
1513 1414 1639 1488 ἀὴρ,
1700 1408 1951 1475 ἅϐυσσοςο

296 1502 363 1556 τὰ
393 1500 443 1555 ἐν
476 1500 652 1575 ὕψεσι,
683 1501 752 1556 τὰ
800 1500 851 1555 ἐν
906 1500 1112 1575 βάθεσι,
1162 1503 1229 1555 τὰ
1278 1500 1329 1555 ἐν
1382 1506 1459 1572 τῷ
1505 1501 1719 1574 μεταξύ.
1752 1505 1949 1556 Τοῦτον

297 1590 435 1666 πρὸς
483 1589 679 1651 αὑτοὺς
738 1588 1070 1661 ἀπέστειλεν,
1132 1590 1234 1659 ἆρά
1281 1610 1365 1665 γε,
1415 1590 1489 1651 ὡς
1544 1591 1839 1666 ἀνθρώπων
1890 1588 1949 1645 ἄν

298 1700 381 1741 τις
430 1677 713 1753 λογίσαιτο
748 1720 762 1745 ,
822 1678 909 1732 ἐπὶ
963 1676 1238 1753 τυραννίδι
1296 1678 1386 1733 καὶ
1445 1675 1600 1755 φόϐῳ
1650 1678 1740 1734 καί
1787 1700 1950 1735 κατα-

304 1765 499 1837 πλήξει
532 1786 544 1836 ;
579 1764 873 1840 Οῧμενουν,
922 1766 1049 1821 ἀλλ’
1100 1766 1151 1821 ἐν
1204 1766 1484 1838 ἐπιεικείᾳ,
1517 1767 1783 1843 πραΰτητι
1817 1772 1947 1841 (68)·

306 1857 378 1917 ὡς
414 1855 665 1931 βασιλεὺς
703 1855 933 1928 πέμπων
982 1855 1096 1909 υίὸν
1152 1854 1377 1931 βασιλέα
1424 1856 1681 1929 ἔπεμψεν·
1716 1858 1792 1919 ὡς
1824 1859 1951 1913 Θεὸν
1982 1890 2030 1954 Β

305 1942 564 2018 ἔπεμψεν,
618 1945 693 2007 ὡς
741 1946 877 2019 πρὸς
945 1944 1259 2019 ἀνθρώπους
1324 1943 1596 2019 ἔπεμψεν,
1640 1946 1714 2008 ὡς
1761 1952 1947 2016 σώζων

305 2033 559 2108 ἔπεμψεν·
616 2034 691 2095 ὡς
748 2033 945 2096 πείθων
982 2080 996 2104 ,
1055 2032 1116 2087 οὐ
1180 2034 1519 2107 βιαζόμενος·
1584 2034 1674 2109 βία
1728 2035 1828 2111 γὰρ
1888 2034 1951 2090 οὐ

301 2123 555 2197 πρόσεστι
601 2127 680 2195 τῷ
722 2127 858 2193 Θεῷ.
905 2124 1184 2195 Ἔπεμψεν
1229 2122 1305 2183 ὡς
1353 2127 1559 2193 καλῶν,
1617 2123 1679 2177 οὐ
1711 2121 1946 2179 διωκῶν·

300 2210 537 2285 ἔπεμψεν
576 2212 650 2273 ὡς
702 2212 950 2287 ἀγαπῶν,
996 2211 1057 2265 οὐ
1109 2211 1328 2286 κρίνων.
1379 2213 1585 2286 metu
1634 2213 1736 2287 γὰρ
1788 2213 1946 2268 αὐτὸν

298 2300 586 2375 κρίνοντα,
637 2301 725 2355 καὶ
776 2300 860 2362 τίς
922 2299 1081 2355 αὐτεῦ
1137 2302 1236 2369 τὴν
1294 2300 1590 2376 παρουσίαν
1648 2302 1947 2373 ὑποστήσε-

296 2391 1947 2462 ται(69);.......................

296 2561 825 2642 παραϐαλλομένους
879 2566 1120 2643 θηρίοις,
1169 2564 1263 2621 ’ίνα
1308 2566 1648 2638 ἀρνήσωνται
1703 2569 1794 2623 τὸν
1851 2568 1953 2623 Κύ-

299 2675 435 2729 ριον,
487 2654 576 2708 καὶ
634 2656 708 2727 μή
754 2655 1093 2727 νικωμένους
1125 2675 1138 2724 ;
1174 2655 1293 2729 Οὐχ
1337 2656 1488 2730 ὁρᾷς,
1540 2655 1652 2730 ὅσῳ
1699 2657 1949 2720 πλείονες

297 2743 617 2812 κολάζοντες
683 2746 796 2817 (70)
831 2788 843 2811 ,
902 2744 1150 2816 τοσούτῳ
1225 2742 1620 2814 πλεονάζοντας
1696 2744 1947 2815 ἄλλουςς

298 2837 473 2888 Ταῦτα
522 2832 811 2908 ἀνθρώπου
860 2831 921 2887 οὗ
974 2831 1125 2887 δοκεῖ
1332 2834 1399 2886 τὰ
1444 2831 1596 2909 ἔργα,
1644 2839 1811 2890 ταῦτα
1865 2834 1953 2890 δύ-

300 2922 460 2994 ναμίς
511 2921 620 2977 ἐστι
671 2926 843 2977 Θεοῦ·
892 2926 1059 2976 ταῦτα
1113 2928 1213 2990 τῆς
1279 2923 1574 2997 παρουσίας
1617 2923 1780 2979 αὐτοῦ
1843 2922 1952 2979 δεί-

304 3030 503 3086 γματα.

2065 616 2161 686 qui
2195 622 2422 673 terrena
2451 619 2913 689 gubernant,aut
2946 618 3223 689 quopiam
3262 633 3461 672 eorum
3498 615 3713 685 quibus

2065 706 2383 761 commissa
2412 711 2500 762 est
2544 724 2739 761 rerum
2786 707 2846 761 in
2893 706 3053 761 ocelis
3104 704 3712 760 administrandarum

2065 810 2245 860 cura;
2281 796 2378 849 sed
2426 796 2553 866 ipso
2585 796 2791 867 opiﬁce
2845 800 2901 850 et
2953 799 3210 849 creatore
3259 792 3563 859 omnium;
3597 809 3712 863 quo

2067 881 2242 937 caalos
2274 883 2555 952 condidit,
2590 900 2701 954 quo
2735 900 2894 938 mare
2925 882 3049 937 suis
3081 881 3352 937 terminis
3381 879 3708 949 conclusit;

2067 973 2238 1041 cujus
2272 972 2549 1043 mysteria
2581 972 2830 1027 ﬁdeliter
2860 973 2930 1026 ab
2963 972 3238 1026 omnibus
3271 969 3577 1025 elementis
3610 970 3710 1024 ob-

2069 1064 2392 1126 servantur,
2429 1078 2462 1116 a
2492 1078 2606 1133 quo
2638 1066 2797 1116 certa
2828 1061 3017 1131 spatia
3048 1060 3395 1114 diurnorum
3428 1074 3711 1114 cursuum

2070 1148 2204 1220 (sol)
2236 1150 2601 1205 observanda
2646 1150 2886 1221 accepit,
2930 1150 3021 1203 cui
3076 1153 3238 1220 paret
3288 1148 3707 1218 luna,jubenti

2063 1254 2190 1293 eam
2246 1237 2437 1293 lucere
2494 1238 2646 1293 nocti
2684 1256 2696 1294 :
2731 1238 2822 1292 cui
2882 1242 3038 1292 astra
3095 1238 3521 1307 obtemperant,
3557 1236 3710 1291 lunas

2063 1343 2301 1381 cursum
2324 1328 2585 1393 sequenti
2620 1345 2633 1394 ;
2670 1344 2701 1382 a
2745 1344 2859 1398 quo
2893 1326 3091 1382 omnia
3130 1326 3417 1397 disposita
3464 1329 3621 1391 sunt,
3656 1329 3713 1380 et

2062 1416 2187 1471 suis
2216 1416 2504 1471 limitibus
2535 1416 2976 1487 circumscripta
3025 1419 3083 1470 et
3114 1414 3205 1469 cui
3241 1419 3381 1469 sunt
3402 1413 3712 1486 supposita

2063 1506 2188 1560 cceli
2222 1510 2279 1560 et
2308 1522 2436 1577 qum
2468 1505 2525 1559 in
2576 1504 2737 1560 coalis
2788 1508 2947 1568 sunt,
2995 1508 3151 1559 terra
3194 1507 3251 1558 et
3299 1520 3425 1575 quae
3458 1504 3517 1557 in
3549 1507 3710 1559 terra

2064 1598 2220 1661 sunt,
2255 1611 2414 1650 mare
2444 1603 2499 1649 et
2529 1611 2655 1664 qua)
2685 1594 2745 1648 in
2788 1594 2935 1649 mari
2965 1611 2977 1662 ;
3010 1592 3191 1664 ignis,
3246 1608 3362 1657 aer,
3420 1593 3706 1660 abyssus;

2063 1700 2192 1755 qua;
2220 1683 2278 1737 in
2313 1683 2745 1752 altitudinibus,
2777 1699 2907 1754 quae
2938 1682 2996 1737 in
3020 1681 3548 1754 profunditatibus,
3582 1698 3707 1751 quas

2062 1773 2120 1827 in
2157 1773 2345 1827 medio
2376 1772 2586 1837 (locata
2612 1774 2793 1839 sunt).
2826 1776 2995 1827 Hunc
3029 1771 3097 1825 ad
3143 1787 3242 1825 eos
3274 1770 3434 1825 misit
3469 1786 3480 1825 :
3517 1787 3609 1837 an,
3644 1773 3709 1824 ut

2062 1860 2275 1932 aliquis
2308 1860 2611 1916 hominum
2645 1861 2898 1933 cogitare
2939 1860 3144 1931 possit,
3180 1860 3516 1931 tyrannidis
3549 1873 3707 1913 excr-

2060 1951 2256 2006 cendaa
2287 1955 2339 2005 et
2372 1956 2649 2005 terrorem
2681 1949 2999 2004 incutiendi
3026 1965 3203 2003 causa
3234 1947 3262 2002 ‘?
3291 1948 3533 2003 Minime
3550 1963 3703 2015 vero;

2060 2040 2161 2093 sed
2192 2040 2251 2093 in
2282 2038 2611 2105 clementia,
2644 2039 2703 2094 in
2735 2038 2993 2102 lenitate,
3025 2043 3308 2106 tanquam
3342 2053 3439 2091 rex
3468 2036 3705 2090 mittens

2060 2127 2244 2182 filium
2279 2144 2493 2198 regem,
2539 2128 2701 2182 misit
2733 2153 2747 2193 ς
2778 2133 3057 2199 tanquam
3111 2125 3294 2180 Deum
3348 2124 3528 2189 misit,
3579 2128 3710 2178 tan-

2060 2232 2237 2287 quam
2266 2216 2335 2270 ad
2368 2216 2634 2271 homines
2668 2215 2848 2281 misit,
2882 2220 3165 2286 tanquam
3218 2230 3459 2269 servans
3493 2213 3654 2267 misit
3689 2228 3703 2267 :

2058 2310 2341 2376 tanquam
2373 2322 2505 2359 cum
2539 2305 2995 2376 obsequentibus
3044 2320 3249 2375 agens,
3281 2319 3394 2357 non
3422 2306 3706 2373 tanquam

2059 2393 2393 2449 violentiam
2426 2394 2709 2448 adhibens
2735 2411 2747 2449 :
2780 2393 3052 2448 violentia
3075 2392 3231 2448 enim
3261 2396 3369 2447 Deo
3394 2408 3507 2446 non
3531 2391 3705 2446 inest.

2062 2482 2660 2552 Misitutvocans,non
2677 2498 3067 2554 persequens;
3086 2481 3251 2536 misit
3273 2486 3335 2535 ut
3357 2496 3703 2546 amans,non

2053 2572 2360 2642 judicans;
2385 2571 2576 2626 mittet
2591 2571 2745 2626 enim
2762 2587 2894 2625 eum
2910 2571 3437 2625 condemnaturum
3458 2586 3471 2637 ;
3497 2569 3705 2640 etquis

2062 2661 2190 2730 ejus
2207 2661 2520 2716 adventum
2543 2659 3067 2716 sustinebit?.......
3100 2663 3224 2714 Non
3257 2660 3418 2713 vides
3449 2658 3704 2728 objectos

2064 2749 2221 2819 feris,
2263 2754 2327 2804 ut
2370 2750 2661 2821 abnegent
2710 2750 3050 2818 Dominum,
3100 2753 3158 2804 et
3207 2765 3321 2804 non
3350 2747 3551 2802 vinci?
3579 2747 3703 2802 Non

2061 2838 2247 2903 vides,
2299 2854 2415 2909 quo
2466 2838 2664 2909 plures
2712 2838 2810 2910 qui
2869 2837 3172 2910 suppliciis
3221 2836 3503 2902 afﬁciunt,
3543 2839 3706 2891 tanto

2063 2928 2345 2998 majorem
2377 2926 2623 2982 aliorum
2656 2943 2784 2983 esse
2810 2943 3123 2981 numerum
3154 2929 3175 2980 Ρ
3202 2926 3331 2980 Haec
3363 2940 3476 2979 non
3502 2924 3707 2979 viden-

2060 3020 2159 3070 tur
2188 3018 2259 3070 ab
2291 3016 2528 3071 homine
2559 3016 2703 3083 ﬁeri,
2748 3016 2868 3071 haec
2915 3018 3057 3071 sunt
3101 3015 3205 3071 Dei
3252 3012 3529 3086 potentia,
3584 3011 3706 3066 haec

2062 3106 2346 3161 adventus
2379 3106 2503 3175 ejus
2535 3109 2674 3160 sunt
2700 3104 2939 3159 indicia.

1031 3261 1171 3317 CAP.
1204 3260 1349 3317 VIII.
1384 3263 1559 3330 Quam
1587 3265 1757 3319 miser
1795 3264 2085 3321 hominum
2113 3269 2285 3321 status
2316 3268 2443 3321 ante
2479 3266 2640 3322 Verbi
2668 3265 2981 3322 adventum.

364 3381 459 3444 Τίς
516 3381 618 3458 γὰρ
674 3380 822 3444 ὅλως
876 3382 1178 3459 ἀνθρώπων
1232 3383 1498 3454 ἠπίστατο
1549 3384 1602 3441 τί
1658 3387 1782 3441 ποτ’
1840 3386 1950 3443 ἐστὶ

2138 3392 2285 3450 Nam
2336 3391 2469 3464 quis
2518 3408 2585 3447 ex
2637 3392 2912 3448 omnibus
2962 3389 3302 3447 hominibus
3350 3393 3517 3445 norat
3566 3387 3705 3460 quid

295 3472 424 3533 Θεὸς
455 3519 470 3545 ,
528 3471 655 3545 πρὶν
701 3470 862 3526 αὐτὸν
902 3471 1077 3527 ἐλθεῖν
1127 3490 1141 3541 ;
1180 3474 1249 3528 Ἦ
1278 3475 1405 3536 τοὺς
1464 3474 1653 3537 κενοὺς
1708 3477 1797 3530 καὶ
1855 3474 1956 3547 λη-

297 3558 488 3638 ρώδεις
541 3559 753 3615 ἐκείνων
805 3559 1005 3637 λόγους
1054 3559 1299 3638 ἀποδέχῃ
1344 3568 1450 3618 τῶν
1501 3563 1822 3637 ἀξιοπίστων
1871 3588 1955 3645 φι-

299 3648 550 3727 λοσόφων
586 3650 698 3719 ;ὧν
737 3650 788 3704 οἱ
844 3650 938 3724 μὲν
985 3654 1091 3726 πῦρ
1133 3653 1243 3723 (72)
1288 3648 1482 3730 ἔφασαν
1528 3653 1659 3707 εἶναι
1698 3654 1788 3708 τὸν
1826 3656 1954 3710 Θεὸν

296 3738 381 3813 (οὗ
426 3737 691 3812 μέλλουσι
735 3742 1011 3814 χωρήσειν
1062 3739 1236 3812 αὐτοὶ,
1286 3746 1446 3795 τοῦτο
1495 3742 1721 3798 καλοῦσι
1776 3742 1953 3816 Θεόν’)

299 3827 350 3882 οἱ
384 3825 463 3897 δὲ,
490 3824 658 3901 ὕδωρ·
694 3829 746 3881 οἱ
779 3825 846 3900 δ’,
880 3824 1023 3884 ἄλλο
1052 3848 1105 3882 τι
1133 3832 1239 3884 τῶν
1274 3830 1563 3907 στοιχείων
1615 3836 1723 3887 τῶν
1778 3832 1953 3888 ἐκτισ-

304 3915 478 3990 μένων
508 3916 611 3971 ὑπὸ
644 3921 796 3973 Θεοῦ.
832 3916 931 3972 Καί
958 3917 1045 3972 τοί
1075 3938 1135 3995 γε
1166 3916 1219 3972 εἷ’
1239 3940 1323 3981 τις
1368 3919 1576 3975 τούτων
1626 3925 1734 3976 τῶν
1769 3921 1950 3998 λόγων

301 4003 597 4068 ἀπόδεκτός
646 4006 778 4079 ἐστι,
836 4004 1038 4062 δύναιτ’
1087 4008 1145 4062 ἂν
1177 4008 1267 4063 καὶ
1311 4013 1419 4064 τῶν
1471 4008 1680 4065 λοιπῶν
1728 4011 1954 4086 κτισμά-

299 4115 407 4150 των
454 4093 510 4149 ’ὲν
560 4091 782 4150 ἕκαστον
843 4095 1052 4169 ὁμοίως
1106 4096 1491 4177 ἀποφαίνεσθαι
1553 4099 1681 4156 Θεόν
1719 4146 1733 4158 .
1776 4099 1953 4157 Ἀλλὰ

297 4188 461 4238 ναῦτα
514 4184 607 4257 μὶν
656 4184 905 4261 τερατεία
951 4185 1039 4239 καὶ
1088 4184 1267 4258 πλάνη
1325 4192 1433 4244 τῶν
1490 4190 1707 4265 γοήτων
1759 4189 1897 4245 ἐστίν
1934 4210 1948 4225 ι

300 4272 601 4350 ἀνθρώπων
665 4271 722 4329 δὲ
799 4271 976 4335 οὐδεὶς
1043 4274 1166 4331 οὕτε
1220 4274 1355 4332 εἶδεν
1419 4274 1546 4333 οὔτε
1612 4279 1896 4355 ἐγνώρισεν
1933 4298 1947 4313 ο

299 4361 459 4423 αὐτὸς
514 4360 571 4417 δὶ
619 4362 803 4418 ἑαυτὸν
861 4360 1143 4436 ἐπέδειξεν.
1178 4364 1445 4439 Ἐπέδειξε
1486 4365 1543 4422 δὲ
1573 4365 1663 4422 διὰ
1692 4367 1946 4431 πίστεως·

371 4514 486 4585 (67)
534 4511 859 4570 Φυλάσσειν.
912 4516 1049 4571 Post
1086 4516 1239 4573 hanc
1305 4535 1501 4574 vocem
1558 4519 1646 4573 vel
1699 4526 1832 4585 post
1878 4518 1952 4572 εἷ’-

371 4536 486 4585 ςοι)
534 4536 859 4570 ΨυΛασσειν.
912 4536 1049 4571 rost
1086 4536 1239 4573 nano
1305 4536 1501 4574 vocem
1558 4536 1646 4573 vel
1740 4536 1832 4575 osn
1878 4536 1952 4572 ει-

299 4583 444 4667 ληιιριε
470 4602 585 4667 non
617 4587 844 4667 dubitat
864 4588 1242 4667 Sthephanus
1276 4592 1423 4667 quin,
1449 4588 1610 4667 ἥλιος
1627 4536 1767 4667 γρΓὸ
1792 4589 1953 4660 ἥλιος

302 4674 336 4712 a
365 4657 923 4734 librarioomissum
958 4657 1149 4734 fuerit.
1196 4657 1480 4734 Στοιχεῖα
1503 4662 1611 4718 hoc
1661 4662 1784 4718 loco
1817 4657 1952 4719 'non

304 4733 554 4800 quatuor
582 4728 890 4797 elementa,
932 4732 1033 4786 sed
1057 4737 1223 4806 astra
1254 4728 1504 4806 intelligi
1555 4735 1787 4801 debent,
1822 4752 1953 4806 quae

308 4805 510 4873 postea
536 4808 977 4869 enumerantur,
1011 4803 1313 4872 nimirum,
1350 4803 1633 4871 solfluna
1666 4810 1723 4861 et
1746 4803 1949 4863 stellae.

307 4873 438 4945 Vid.
474 4878 593 4928 not.
626 4875 685 4945 in
718 4890 737 4927 I
765 4874 1070 4945 Theophili
1104 4874 1342 4943 librum,
1376 4894 1519 4932 num
1554 4879 1643 4933 44.

376 4943 488 5033 (68)
538 4942 835 5033 ρραύτητι.
894 4942 1225 5018 Stephanus
1284 4942 1554 5005 observat
1616 4949 1950 5005 addendum

307 5030 436 5071 6888
465 5030 575 5070 και.

377 5087 491 5172 (Q9)
537 5085 945 5172 Ὑποστήσεται.
999 5090 1354 5172 Perantiqua
1402 5090 1526 5146 haec
1574 5090 1785 5172 lacuna
1819 5092 1952 5172 Lei-

305 5159 539 5234 quidem
572 5157 870 5234 librarius,
917 5175 952 5214 a
998 5176 1113 5231 quo
1157 5157 1444 5234 scriptum
1496 5162 1794 5234 exemplar
1822 5157 1951 5219 Ste-

304 5228 506 5305 phani,
537 5230 609 5305 ad
641 5231 966 5305 marginem
996 5228 1193 5287 monet
1214 5228 1427 5289 se'eam
1456 5236 1515 5288 in
1537 5228 1951 5305 antiquissimo

304 5301 502 5357 codice
532 5301 845 5378 invenisse.
880 5302 1016 5378 Non
1038 5320 1225 5375 pauca
1275 5305 1477 5378 deesse
1509 5301 1951 5378 putat—Stepha-

307 5323 502 5357 UOGICB
534 5323 845 5357 lﬂVBﬂlSSB.
880 5323 1005 5357 H011
1038 5323 1225 5375 pauca
1275 5323 1477 5361 (183888
1551 5323 1675 5361 mat
1704 5323 1951 5378 btepna-

307 5389 439 5454 nus,
474 5372 689 5454 quibus
713 5378 771 5454 et
800 5374 1129 5454 praecedens
1152 5323 1783 5454 sermoﬁniegaturﬁt‘
1801 5376 1952 5454 alius

306 5443 713 5521 inchoabatur.
747 5443 1079 5521 [ﬁgendum
1110 5451 1275 5518 putat
1294 5445 1421 5521 Αοῦχ
1447 5448 1573 5517 ὁρᾷς
1603 5443 1953 5521 παραϐαλλο-

313 5513 526 5592 μένους.
546 5513 883 5592 _Huj_u_s_loci
913 5513 1149 5573 sensum
1183 5513 1421 5590 explere
1460 5513 1649 5590 potest
1680 5513 1953 5592 decerpta

311 5606 379 5643 ex
406 5588 622 5643 Justini
653 5587 903 5660 dialogo.
939 5592 1207 5646 num.121
1241 5587 1549 5659 sententia,
1579 5594 1677 5648 ubi
1708 5594 1762 5647 S.
1798 5587 1950 5647 mar-

312 5664 424 5735 tyr,
475 5675 545 5735 ego
600 5674 659 5735 eo
731 5660 873 5735 quod
932 5662 1169 5732 inglorio
1220 5666 1273 5718 et
1323 5664 1553 5735 inform:
1608 5673 1659 5721 et
1709 5665 1950 5735 despecto

358 5730 520 5788 hmti
543 5730 1011 5805 primo—adventu,
1050 5735 1239 5793 tanta:
1272 5730 1447 5809 fuerit
1488 5735 1648 5793 illius
1692 5730 1949 5810 splendor

2064 3490 2218 3537 esset
2247 3482 2421 3551 Deus,
2455 3482 2802 3554 priusquam
2850 3480 2977 3553 ipse
3024 3480 3329 3536 venisset?
3361 3485 3442 3535 An
3475 3494 3625 3532 vana
3654 3480 3712 3531 et

2064 3570 2307 3637 nugacia
2339 3570 2494 3625 dicta
2534 3570 2768 3625 illorum
2794 3570 2907 3624 ﬁde
2939 3568 3160 3625 scilicet
3190 3568 3497 3641 dignorum
3528 3566 3711 3638 philo-

2064 3658 2382 3730 sophorum
2434 3659 2769 3731 approbas?
2815 3675 3066 3730 quorum
3116 3657 3297 3729 aliqui
3339 3657 3535 3729 ignem
3585 3671 3713 3712 esse

2062 3747 2249 3803 Deum
2284 3747 2552 3803 dixerunt
2588 3747 2667 3817 (id
2721 3747 2790 3802 ad
2840 3748 2995 3818 quod
3050 3746 3365 3819 profecturi
3399 3750 3540 3800 sunt
3572 3744 3709 3816 ipsi,

2061 3836 2245 3893 Deum
2274 3837 2574 3908 vocantes)
2601 3862 2614 3903 ;
2650 3835 2745 3891 alii
2780 3853 3015 3907 aquam,
3050 3835 3145 3891 alii
3178 3834 3335 3890 eliud
3365 3851 3434 3890 ex
3464 3834 3713 3890 elemen-

2062 3924 2137 3980 tis
2167 3942 2294 3997 quw
2319 3942 2352 3980 a
2381 3925 2497 3980 Deo
2530 3929 2669 3980 sunt
2700 3931 2915 3981 creata.
2965 3923 3140 3996 Atqui
3192 3924 3236 3979 si
3283 3923 3493 3979 horum
3526 3922 3708 3978 dicto-

2063 4030 2194 4069 rum
2228 4012 2465 4084 aliquod
2501 4012 2925 4085 approbatione
2973 4012 3218 4085 dignum
3266 4016 3374 4079 est,
3403 4010 3633 4084 possint
3656 4014 3714 4066 et

2062 4107 2400 4158 ceterarum
2436 4118 2631 4157 rerum
2666 4119 2792 4174 quae
2824 4107 2963 4157 sunt
2994 4106 3198 4158 creatae
3231 4117 3712 4173 unamquamque

2061 4191 2334 4248 similiter
2380 4192 2762 4261 pronuntiare
2805 4196 2990 4250 Deum
3039 4208 3188 4247 esse.
3240 4194 3459 4246 Verum
3499 4190 3557 4244 hi
3590 4206 3714 4244 ser-

2062 4296 2265 4335 mones
2311 4283 2452 4334 sunt
2502 4280 2836 4351 prodigiosa
2909 4280 3208 4335 mendacia
3259 4286 3317 4334 et
3372 4280 3711 4349 imposturaa

2059 4370 2547 4441 praestigiatorum
2575 4386 2588 4423 :
2622 4386 2688 4423 ac
2720 4369 3027 4423 hominum
3061 4371 3379 4440 quisquam
3411 4383 3603 4438 neque
3631 4367 3712 4420 vi-

2061 4522 2113 4576 ct
2145 4523 2297 4599 tanta
2326 4519 2708 4599 ροιεηιιίακαι
2734 4518 3203 4599 ηυιιαμὶηιρθηισ
3249 4520 3529 4599 ignoretur
3557 4520 3609 4599 et
3639 4533 3709 4599 eo;

2066 4594 2224 4647 omni
2253 4586 2447 4658 genere
2484 4586 2727 4645 homines
2762 4586 3147 4660 paenitentiam
3198 4586 3381 4659 agant,
3416 4586 3710 4641 concludit

2062 4668 2280 4735 quanta
2310 4664 2387 4735 sit
2412 4663 2615 4735 ,l‘utura
2647 4662 2887 4735 secundi
2924 4661 3205 4735 adventus
3238 4662 3533 4735 majestas.

2131 4735 2243 4805 (70)
2277 4731 2629 4805 Κολάζοντες.
2667 4732 2947 4805 Observat
2984 4729 3473 4805 Sylburgiusnon
3512 4729 3707 4805 minus

2060 4800 2365 4862 commode
2397 4804 2509 4858 dici
2542 4821 2711 4875 posse
2741 4800 3085 4869 κολάζονται.
3123 4802 3235 4869 Quo
3280 4804 3466 4873 plures
3499 4803 3711 4871 suppli-

2059 4880 2142 4933 cio
2170 4880 2318 4948 affici
2325 4880 2510 4948 untur.

2134 4940 2247 5019 (7i)
2279 4946 2351 5000 Οὐ
2384 4944 2576 5019 δοκεῖη
2608 4944 2767 5001 Delet
2818 4943 3151 5019 Stephanus
3184 4940 3287 5019 κού,
3340 4947 3405 5019 et
3426 4941 3509 5019 sic
3542 4942 3705 5019 resti-

2060 5014 2343 5074 tuendum
2378 5019 2533 5073 hunc
2565 5017 2754 5072 locum
2810 5014 3105 5071 existimat
3137 5017 3303 5072 :Ha'c
3350 5016 3607 5071 videntur
3636 5014 3704 5067 ab

2062 5092 2375 5146 hominibus
2436 5090 2559 5158 ﬁeri
2588 5093 2613 5142 .9
2652 5094 2897 5143 Necesse
2942 5105 3055 5142 non
3100 5088 3331 5143 videtur
3380 5086 3706 5157 quidquam

2062 5168 2307 5217 mutare.
2344 5163 2472 5217 Haec
2509 5177 2738 5231 quoque
2770 5160 2829 5213 in
2864 5176 3065 5215 eorum
3101 5176 3421 5231 numerum
3447 5158 3707 5231 veniunt,

2061 5252 2187 5305 quae
2207 5234 2423 5289 Justini
2447 5228 2757 5305 sententiis
2779 5231 3024 5305 gemella
3043 5237 3201 5298 sunt;
3227 5229 3531 5286 simillima
3550 5228 3706 5284 enim

2063 5303 2375 5361 occurrunt
2409 5304 2557 5370 Apol.
2595 5303 2661 5370 Il,
2695 5320 2856 5357 num.
2896 5304 2979 5357 10.

2135 5378 2247 5448 (7‘3)
2278 5377 2369 5428 Ὧν
2404 5372 2459 5427 οἵ
2491 5374 2583 5447 μὶν
2636 5378 2763 5448 πῦρ,
2814 5373 2985 5448 Nulla
3034 5376 3155 5448 erat
3206 5372 3262 5425 in
3297 5372 3705 5448 Beureriapm

2064 5436 2285 5519 grapho
2338 5436 2567 5516 lacuna,
2601 5436 3067 5519 sed'Stephanus
3100 5446 3178 5498 ait
3208 5442 3519 5519 nonnullas
3545 5436 3706 5519 litte-

2063 5514 2156 5575 ras
2178 5514 2245 5575 'in
2279 5537 2387 5574 ms.
2421 5514 2736 5588 exemplari
2765 5514 2900 5573 ante
2932 5517 3198 5570 ultimam
3224 5531 3421 5569 vocem
3446 5514 3564 5588 legi
3589 5530 3703 5588 non

2061 5592 2343 5663 potuisse.
2378 5584 2740 5663 Quapropter
2773 5589 3073 5663 scriptum
3116 5588 3293 5663 fuisse
3327 5592 3491 5654 putat
3522 5584 3572 5637 οι
3607 5584 3701 5656 μὲν

2059 5655 2219 5724 τινες.
2253 5662 2383 5720 Mox
2405 5655 2744 5735 Stephanus
2773 5655 3171 5733 legit'8'5vmvt‘
3201 5676 3281 5712 αν.
