4016 6222
1320 316 1357 333 λ

288 387 430 448 1181

1450 388 1833 451 EPlSTOLA
1877 390 1984 450 AD
2028 389 2517 453 DIOGNETUM.

3540 397 3697 455 1182

283 515 482 571 ἐκείνου
531 513 883 584 damnes-3m;
918 515 967 569 ἐν
1014 515 1119 571 τίνι
1174 514 1528 589 δικαιωθῆναι
1562 520 1674 593 (80)
1706 517 1923 576 δυνατὸν

2053 526 2226 577 arant:
2283 520 2429 577 nihil
2465 522 2664 579 minus
2704 539 2882 595 quam
2916 523 3138 580 malum
3170 542 3273 597 pro
3325 526 3516 589 malis,
3558 528 3693 599 jus-

281 605 405 668 τοὺς
448 605 686 679 ἀνόμους
728 607 876 678 ἡμᾶς
920 604 1009 661 καὶ
1056 602 1286 674 ἀσεϐεῖς,
1318 608 1353 676 ἢ
1406 607 1457 662 ἐν
1510 608 1658 681 μόνῳ
1687 614 1765 682 τῷ
1816 611 1924 682 Υἱῴ

284 699 375 749 τοῦ
406 699 577 762 Θεοῦ;
612 692 657 748 ὣ
702 701 803 763 τῆς
849 694 1103 770 γλυκείας
1144 695 1514 773 ἀνταλλαγῆς,
1548 695 1591 752 ὣ
1631 705 1732 768 τῆς
1781 699 1925 769 ἀνεξ-

290 783 561 860 ιχνιάστου
632 781 1015 861 δημιουργίας,
1067 783 1111 840 ὣ
1176 790 1283 841 τῶν
1348 785 1772 862 ἀπροσδοκήτων
1843 788 1927 842 εὐ-

289 874 566 950 εργεσιῶνῐ
621 870 713 928 ’ίνα
768 873 964 947 ἀνομία
1041 874 1135 947 μὲν
1204 873 1429 930 πὸλλῶν
1491 875 1541 931 ἐν
1598 874 1792 949 δικαίῳ
1850 877 1928 931 ἒνὶ

288 957 479 1037 κρυϐῆ,
514 960 824 1033 δικαιοσύνη
859 960 916 1017 δὲ
946 961 1062 1024 ἒνὸς
1091 963 1335 1025 πολλοὺς
1365 964 1603 1038 ἀνόμους
1646 963 1926 1039 δικαιώσῃ.

289 1050 531 1127 Ἐλέγξας
561 1048 652 1106 οὖν
683 1050 734 1105 έν
785 1052 879 1123 μὲν
925 1056 1004 1122 τῷ
1050 1052 1277 1128 πρόσθεν
1326 1053 1513 1129 χρόνῳ
1558 1055 1620 1109 τὸ
1671 1052 1926 1109 ἀδύνατον

284 1142 379 1209 τῆς
422 1140 692 1215 ἡμετέρας
742 1140 950 1217 φύσεως
1009 1139 1083 1201 εἷς
1151 1142 1214 1195 τὸ
1268 1148 1455 1217 τυχεῖν
1518 1147 1680 1214 ζωῆς,
1725 1147 1817 1196 νῦν
1874 1140 1931 1197 δὲ

285 1229 371 1283 τὸν
426 1235 658 1303 Σωτῆρα
710 1226 900 1297 δείξας,
934 1226 1155 1284 δυνατὸν
1205 1231 1393 1299 σώζειν
1444 1232 1533 1285 καὶ
1580 1233 1646 1286 τὰ
1676 1229 1929 1302 ἀδύνατα,

287 1317 334 1387 ἐξ
362 1316 682 1395 ἀμφοτέρων
742 1312 1020 1387 ἐϐουλήθη
1069 1317 1337 1374 πιστεύειν
1390 1322 1539 1392 ἡμᾶς
1585 1324 1652 1393 τῆ
1693 1320 1933 1396 χρηστό-

285 1428 405 1477 τητι
460 1406 643 1473 αὐτοῦ,
701 1406 858 1461 αὐτὸν
924 1410 1173 1480 ἡγεῖσθαι
1228 1411 1450 1487 τροφέα,
1505 1411 1730 1485 πατέρα,
1781 1407 1930 1464 διδά-

290 1496 507 1563 σκαλον,
561 1490 898 1568 σύμϐουλον,
958 1496 1162 1572 ἱατρὸν,
1220 1502 1367 1568 νοῦν,
1423 1502 1559 1576 φῶς,
1610 1501 1796 1573 τιμήν,
1842 1497 1931 1554 δό-

290 1586 397 1657 ξαν,
458 1583 637 1660 ἰσχὺν,
694 1586 859 1655 ζωήν·
919 1585 1043 1662 περὶ
1097 1584 1353 1649 ἐνδύσεως
1409 1588 1499 1642 καὶ
1577 1592 1782 1668 τροφῆς
1854 1590 1931 1663 μὴ

296 1695 577 1749 μεριμνᾳν.

2034 615 2158 666 tum
2211 628 2314 683 pro
2364 610 2623 682 injustis,
2675 613 3068 685 corruptionis
3116 614 3379 670 nescium
3441 632 3545 687 pro
3593 616 3694 672 ob-

2036 700 2223 756 noxiis
2268 700 2651 772 corruptioni,
2711 701 3103 757 immortalem
3166 720 3269 774 pro
3322 703 3692 761 mortalibus.

2037 789 2183 857 Quid
2220 788 2376 845 enim
2409 789 2567 844 aliud
2588 796 2822 862 peccata
2855 796 3053 846 nostra
3079 791 3265 863 potuit
3295 797 3485 864 tegere
3516 810 3695 863 quam

2038 880 2165 950 ejus
2190 878 2467 948 justitia?
2498 878 2555 932 in
2595 895 2709 951 quo
2740 880 2854 934 alio
2902 896 3007 934 nos
3053 880 3233 950 iniqui
3287 885 3343 935 et
3390 881 3555 953 impii
3598 883 3696 952 ju-

2038 966 2278 1023 stiﬁcari
2311 984 2628 1038 possumus
2659 984 2836 1038 quam
2871 968 2929 1021 in
2959 968 3080 1023 solo
3112 969 3212 1023 Dei
3264 968 3403 1024 Filio
3425 970 3452 1024 ?
3485 970 3527 1026 Ο
3568 971 3695 1025 ἀυι-

2040 1072 2166 1112 cem
2200 1056 2688 1127 permutationem
2711 1056 2722 1109 l
2749 1072 2780 1111 o
2800 1056 3327 1130 impervestigabile
3349 1059 3660 1113 artiﬁcium
3681 1059 3694 1115 l

2040 1162 2072 1201 ο
2103 1145 2384 1200 beneﬁcia
2413 1145 2902 1216 exspectationem
2939 1162 3173 1201 omnem
3207 1148 3544 1219 superantia
3578 1148 3590 1202 l
3637 1152 3700 1202 ut

2040 1233 2321 1305 iniquitas
2354 1234 2589 1304 quidem
2626 1233 2942 1289 multorum
2974 1234 3033 1289 in
3056 1236 3220 1306 justo
3279 1253 3393 1291 uno
3452 1237 3696 1292 abscon-

2042 1322 2490 1393 datur,justitia
2520 1327 2713 1378 autem
2756 1323 2930 1378 unius
2963 1324 3135 1379 faciat
3178 1329 3244 1379 ut
3276 1324 3445 1380 multi
3493 1326 3701 1397 injusti

2034 1411 2457 1483 justiﬁcentur.
2484 1411 2624 1466 Cum
2650 1412 2831 1484 igitur
2860 1412 3147 1485 superiori
3171 1417 3433 1484 tempore
3475 1413 3700 1485 (hujus)

2043 1517 2151 1556 nos
2183 1500 2310 1572 (rei)
2357 1500 2720 1570 convicisset,
2754 1518 2868 1557 non
2914 1518 3086 1573 posse
3120 1506 3380 1557 nostram
3430 1508 3702 1559 naturam

2041 1589 2221 1645 vitam
2247 1589 2547 1660 consequi,
2579 1606 2735 1644 nunc
2767 1594 2961 1646 autem
3007 1592 3364 1647 Servatorem
3411 1592 3702 1648 ostendis-

2044 1682 2153 1748 set,
2186 1678 2287 1750 qui
2328 1695 2557 1734 servare
2600 1682 2797 1751 posset
2827 1695 2895 1734 ea
2942 1679 3119 1735 etiam
3182 1696 3308 1752 quas
3339 1681 3553 1737 servari
3588 1697 3701 1736 non

293 1769 589 1838 poterant;
623 1764 900 1838 utrinque
932 1782 1037 1821 nos
1068 1765 1415 1839 benignitati
1448 1785 1566 1823 suae
1600 1768 1774 1823 fidem
1805 1768 2025 1825 habere
2056 1768 2262 1833 voluit,
2292 1784 2486 1840 Ipsum
2533 1768 2864 1825 existimare
2917 1768 3183 1839 altorem,
3218 1774 3543 1842 parentem,
3578 1787 3711 1825 ma-

290 1855 560 1928 gistrum,
594 1854 1015 1923 consiliarium,
1049 1856 1365 1921 medicum,
1398 1862 1679 1924 mentem,
1703 1857 1916 1928 luccm,
1951 1858 2253 1928 honorem,
2287 1857 2563 1931 gloriam,
2596 1859 2794 1926 robur,
2827 1858 3037 1914 vitam:
3075 1860 3146 1915 de
3196 1858 3407 1914 vestitu
3439 1862 3497 1915 et
3544 1859 3703 1915 victu

290 1945 567 2003 sollicitos
597 1962 711 2000 non
740 1960 893 2001 esse.

496 2106 669 2178 fCap.
701 2106 768 2161 X.
796 2108 1065 2177 Diogneto
1092 2106 1333 2162 ostendit
1365 2112 1578 2173 auctor,
1610 2112 1739 2179 quot
1768 2114 1825 2163 et
1848 2118 2055 2182 quanta
2087 2109 2162 2164 ad
2175 2125 2297 2164 eum
2329 2112 2559 2163 ventura
2590 2110 2702 2164 sint
2734 2109 2891 2176 bona,
2924 2110 2972 2163 si
3000 2108 3156 2179 ﬁdem
3189 2109 3476 2179 suscipiat.

355 2230 562 2299 Ταύτην
633 2228 722 2284 καὶ
782 2228 844 2283 σὺ
899 2230 997 2297 τήν
1054 2227 1233 2283 πίστιν
1292 2228 1378 2284 ἐὰν
1440 2234 1615 2304 ποθῇς
1675 2233 1786 2306 (81)
1844 2231 1933 2286 καὶ

2115 2234 2302 2305 Hujus
2334 2233 2511 2289 etiam
2542 2238 2601 2288 tu
2628 2234 2761 2289 ﬁdei
2787 2236 2837 2290 si
2857 2233 3145 2289 desiderio
3172 2232 3444 2303 tenearis,
3464 2237 3521 2288 et
3542 2231 3702 2287 illam

290 2316 480 2395 λάϐῃς,
513 2323 728 2395 πρῶτον
762 2319 855 2392 μὶν
888 2317 1172 2394 ἐπίγνωσιν
1208 2320 1320 2392 (82)
1352 2341 1410 2375 π.
1466 2361 1481 2377 .
1548 2362 1560 2375 .
1629 2362 1643 2376 .
1702 2364 1714 2376 .
1775 2362 1787 2376 .
1850 2364 1863 2378 .
1922 2364 1934 2377 .

346 2454 360 2468 .
405 2450 418 2464 .
466 2452 477 2465 .
523 2451 537 2464 .
583 2452 596 2465 .
653 2452 665 2465 .
720 2449 732 2461 .
790 2451 801 2463 .
862 2408 890 2462 ὁ
934 2408 1037 2483 γὰρ
1083 2407 1210 2469 Θεὸς
1255 2407 1383 2470 τοὺς
1436 2408 1749 2484 ἀνθρώπους
1798 2409 1937 2483 ἠγά-

289 2519 447 2568 πησε,
512 2494 580 2552 δι’
648 2496 739 2559 οὓς
819 2494 1043 2564 ἐποίησε
1110 2496 1202 2551 τὸν
1273 2496 1502 2569 κόσμον,
1580 2496 1659 2560 οἷς
1722 2496 1941 2571 ὑπέταξε

291 2588 460 2644 πάντα
513 2587 581 2641 τὰ
636 2585 687 2641 έν
734 2630 747 2643 .
790 2627 803 2642 .
853 2627 866 2642 .
912 2628 925 2640 .
971 2628 983 2642 .
1028 2587 1110 2647 οἷς
1144 2580 1332 2660 λόγιον
1392 2581 1606 2658 ἔδωκεν,
1656 2587 1737 2649 οἷς
1790 2585 1935 2641 νοῦν·

292 2678 370 2739 οἷς
433 2674 618 2749 μόνοις
671 2676 784 2749 (83)
816 2675 949 2750 πρὸς
1006 2673 1164 2728 αὐτὸν
1224 2674 1351 2746 ὁρᾷν
1412 2673 1686 2750 ἐπέτρεψε·
1739 2674 1831 2737 οὖς
1883 2674 1941 2729 ἐκ

292 2773 387 2835 τῆς
430 2762 565 2825 ἰδίας
615 2762 817 2825 εἰκόνος
867 2758 1085 2817 ἔπλασε·
1139 2762 1273 2838 πρὸς
1340 2763 1431 2825 οὒς
1503 2762 1785 2819 ἀπέστειλε
1845 2764 1937 2819 τὸν

292 2855 413 2911 Υἱὸν
469 2852 634 2908 αὐτοῦ
680 2854 768 2906 τὸν
823 2859 1112 2925 μονογενῆ·
1146 2854 1230 2914 οἷς
1278 2853 1377 2921 τήν
1431 2852 1481 2907 ἐν
1537 2852 1748 2929 οὐρανῷ
1783 2854 1940 2929 βασι·-

292 2943 438 3001 λείαν
468 2940 850 3018 ἐπηγγείλατο,
881 2943 973 2995 καὶ
1005 2938 1164 2996 δώσει
1212 2947 1328 3003 τοῖς
1377 2943 1713 3017 ἀγαπήσασιν
1759 2942 1938 2998 αὐτόν.

294 3030 579 3108 Ἑπιγνοῦς
624 3028 701 3097 δὲ,
744 3030 893 3093 τίνος
960 3029 1059 3085 οἴει
1127 3029 1588 3107 πληρωθήσεσθαι
1640 3038 1855 3108 χαρᾶς;
1902 3033 1937 3103 ἢ

291 3127 408 3184 πῶς
452 3121 751 3196 ἀγαπήσεις
799 3119 893 3175 τὸν
944 3118 1121 3183 οὕτως
1170 3120 1629 3196 προαγαπήσαντά
1669 3139 1763 3191 σε;
1807 3122 1939 3197 ἀγα-

290 3213 466 3283 πήσας
516 3206 593 3281 δὲ,
632 3209 880 3283 μιμητὴς
932 3206 1024 3283 ἔσῃ
1056 3208 1219 3265 αὐτοῦ
1264 3216 1367 3279 τῆς
1416 3208 1818 3285 χρηστότητος·
1852 3210 1942 3265 καὶ

296 3302 370 3376 μή
432 3300 726 3373 θαυμάσῃς,
776 3296 823 3353 εἰ
874 3297 1091 3353 δύναται
1147 3300 1396 3373 μιμητὴς
1463 3296 1746 3375 ἄνθρωπος
1804 3298 1946 3376 γενέ-

294 3391 413 3445 σθαι
488 3384 639 3444 Θεοῦ.
716 3384 966 3453 Δύναται,
1021 3383 1275 3449 θέλοντος
1343 3385 1527 3443 αὐτοῦ.
1587 3386 1663 3444 Οὐ
1723 3388 1823 3463 γὰρ
1884 3387 1945 3442 τὸ

290 3473 760 3535 καταδυναστεύειν
817 3478 923 3529 τῶν
977 3473 1236 3545 πλησίον,
1287 3472 1411 3529 οὐδὲ
1462 3475 1524 3530 τὸ
1580 3473 1748 3531 πλέον
1799 3473 1942 3552 ἔχειν

300 3565 587 3644 βούλεσθαι
628 3568 736 3620 τῶν
784 3563 1191 3640 ἀσθενεστέρων·
1252 3561 1377 3619 οὐδὲ
1432 3564 1494 3619 τὸ
1548 3563 1803 3619 πλουτεῖν
1855 3564 1943 3619 καὶ

299 3654 572 3733 βιάζεσθαι
655 3652 781 3716 τοὺς
869 3650 1277 3729 ὑποδεστέρους,
1356 3650 1693 3726 εὐδαιμονεῖν
1781 3652 1937 3708 ἐστιν·

285 3742 408 3801 οὐδὲ
447 3744 497 3799 ἐν
550 3742 767 3805 τούτοις
825 3741 1044 3798 δύναταί
1089 3764 1173 3805 τις
1228 3745 1564 3817 μιμήσασθαι
1612 3741 1761 3798 Θεόν·
1798 3740 1941 3798 ἀλλά

280 3838 449 3890 ταῦτα
507 3832 658 3896 ἐκτὸς
690 3835 803 3907 (84)
848 3839 950 3902 τῆς
1006 3830 1216 3886 ἐκείνου
1279 3831 1723 3909 μεγαλειότητος.
1782 3829 1943 3887 Ἀλλ’

284 3922 431 3987 ὅστις
489 3923 551 3978 τὸ
605 3927 703 3977 τοῦ
761 3920 997 3993 πλησίον
1057 3919 1377 3997 ἀναδέχεται
1444 3922 1630 3998 βάρος,
1681 3922 1737 3982 ’ὀς
1791 3919 1842 3975 ἐν
1893 3921 1938 3993 ᾧ

282 4013 543 4088 κρείσσων
602 4010 765 4083 ἐστὶν,
810 4008 991 4088 θέρον
1047 4010 1138 4065 τὸν
1192 4008 1585 4084 ἐλαττούμενον
1638 4009 1933 4085 εὐεργετεῖν

283 4101 600 4175 ἰθέλει,ὅσα
655 4101 801 4178 παρᾶ
844 4105 941 4156 τοῦ
1000 4104 1133 4156 Θεοῦ
1192 4096 1375 4156 λαϐὼν
1437 4096 1574 4175 ἔχει,
1602 4104 1767 4154 ταῦτα
1816 4099 1933 4154 ἐπι-

284 4191 559 4266 δεομένοις
605 4195 886 4268 χορηγῶν,
927 4191 1056 4253 Θεὸς
1104 4189 1306 4265 γίνεται
1354 4195 1460 4245 τῶν
1521 4185 1930 4263 λαμϐανόντων·

285 4280 441 4344 οὗτος
478 4282 729 4355 μιμητής
778 4279 887 4334 ἐστι
935 4283 1089 4336 Θεοῦ.
1124 4278 1261 4336 Τότε
1308 4278 1470 4353 θεάσῃ
1516 4280 1799 4355 τυγχάνων
1847 4278 1933 4334 ἐπὶ

282 4374 405 4448 γῆς,
466 4370 549 4427 ὅτι
606 4370 732 4432 Θεὸς
789 4367 841 4425 ὲν
914 4366 1166 4445 οὐρανοῖς
1388 4366 1751 4423 πολιτεύεται·
1809 4367 1933 4423 τότε

288 4461 563 4536 μυστήρια
634 4463 765 4515 Θεοῦ
840 4456 1027 4515 λαλεῖν
1093 4454 1241 4531 ἄρξῃ·
1297 4456 1421 4512 τότε
1501 4458 1628 4519 τοὺς
1695 4455 1932 4526 κολαζο-

286 4551 480 4624 μένους
541 4548 627 4604 ἐπὶ
684 4552 762 4620 τῷ
840 4548 915 4621 μή
992 4547 1167 4611 θέλειν
1243 4546 1573 4621 ἀρνήσασθαι
1642 4546 1793 4615 Θεὸν,
1844 4547 1933 4600 καὶ

283 4640 584 4715 ἀγαπήσεις
652 4637 742 4693 καὶ
814 4636 1127 4710 θαυμάσεις·
1185 4635 1308 4690 τότε
1380 4638 1480 4704 τῆς
1555 4634 1762 4703 ἀπάτης
1837 4639 1934 4689 τοῦ

280 4728 494 4802 κόσμου
548 4726 637 4782 καὶ
691 4732 793 4797 τῆς
852 4725 1067 4797 πλάνης
1123 4725 1458 4802 καταγνώσῃ·
1519 4722 1642 4779 ὅταν
1695 4725 1758 4779 τὸ
1806 4723 1941 4795 ἀλη-

286 4819 394 4879 θῶς
452 4816 503 4872 ἐν
558 4816 770 4892 οὐρανῷ
831 4819 925 4889 ζῇν
983 4814 1277 4889 ἒπιγνώσῃ·
1320 4813 1443 4869 ὅταν
1496 4818 1590 4869 τοῦ
1650 4811 1938 4876 δοκοῦντος

286 4904 473 4962 ἐνθάδε
529 4904 758 4961 θανάτου
815 4906 1246 4982 καταφρονήσῃς,
1298 4902 1423 4958 ὅταν
1473 4903 1565 4957 τόν
1625 4897 1795 4958 ὅντως
1846 4902 1937 4957 θά-

362 5085 473 5158 (80)
505 5084 889 5158 Δικαιωθῆναι.
912 5084 1086 5158 _Sati_s
1126 5086 1254 5154 apte
1288 5083 1358 5138 ad
1392 5080 1725 5158 calviniana
1781 5098 1939 5158 com-

288 5153 491 5214 menta
520 5157 853 5227 reddiderat
904 5153 1255 5227 Stephanus,
1296 5171 1396 5225 pro
1416 5156 1583 5225 justi:
1613 5153 1843 5209 haberi:
1891 5159 1947 5209 et

287 5228 464 5302 paulo
500 5233 627 5302 post
649 5225 931 5302 δικαιώσῃ,
962 5225 1134 5302 faciat
1157 5233 1221 5302 at
1268 5243 1369 5297 pro
1390 5228 1561 5296 justi:
1608 5228 1943 5302 habeantur.

362 5301 475 5373 (81)
504 5297 706 5373 Ποθῇς.
742 5297 981 5373 Dubitat
1009 5298 1343 5370 Stephanus
1373 5304 1570 5353 utrum
1608 5297 1836 5369 legatur
1888 5298 1948 5352 in

288 5370 408 5428 ms.
434 5370 734 5444 n00ﬁ<,_an
766 5370 905 5440 ποθή
915 5389 1030 5444 σ-ῃς,

534 5436 921 5518 Ἐπίγνωσινί-
955 5436 1136 5496 Ἀὰάὶὶ
1215 5436 1833 5518 βγιδυςεὶυεφατρός·
1866 5458 1949 5518 cpt

287 5508 555 5590 ﬂa‘pégﬂ.‘
590 5508 720 5590 Mox
767 5512 1109 5590 Stephanus.
1157 5508 1329 5590 πάντα
1356 5508 1504 5590 τάὶν
1534 5508 1733 5582 κόσμῳ
1752 5510 1838 5567 vel
1898 5508 1949 5563 έν

523 5581 951 5677 ὃγιὺιινεὶιιέέν
1092 5582 1180 5637 ὑπ’
1210 5581 1453 5658 οὐρανόν.
1493 5653 1503 5664 ν
1643 5581 1647 5582 ⁷
1872 5652 1883 5664 .

369 5665 385 5717 (
465 5663 479 5717 )
510 5663 730 5717 Μονοις.
762 5658 899 5714 Post
928 5655 1078 5713 hanc
1107 5670 1308 5712 vocem
1337 5658 1461 5712 erat
1489 5670 1550 5709 in
1589 5669 1698 5710 me.
1757 5653 1883 5710 cod;

369 5653 479 5733 (83)
510 5653 899 5733 ΜόνοιςξΡοεῐ
928 5653 1090 5733 hanc
1107 5653 1308 5733 vocem
1337 5658 1461 5712 erat
1489 5653 1698 5733 inme.
1757 5653 1956 5733 codice

292 5723 699 5806 litters,qusm
720 5728 1055 5805 Stephanus
1075 5726 1312 5789 initium
1335 5742 1464 5789 esse
1478 5729 1646 5800 putat
1664 5723 1825 5783 vocis
1843 5723 1954 5780 ἄνω

2048 2322 2321 2395 accipias,
2356 2323 2611 2393 primum
2643 2323 2877 2393 quidem
2909 2340 3223 2395 cognosces
3256 2323 3503 2377 Patrem.
3551 2326 3702 2376 Deus

2048 2411 2203 2467 enim
2236 2412 2503 2467 homines
2534 2411 2754 2479 dilexit,
2790 2418 3024 2483 propter
3050 2428 3197 2482 quos
3230 2412 3519 2466 mundum
3544 2426 3704 2467 crea-

2046 2500 2148 2569 vit,
2200 2500 2416 2571 quibus
2454 2501 2653 2555 omnia
2709 2500 2958 2571 subjecit
3014 2517 3141 2572 quas
3173 2501 3231 2554 in
3266 2500 3484 2555 mundo
3544 2506 3708 2565 sunt,

2049 2590 2265 2661 quibus
2287 2589 2826 2661 rationem,quibus
2860 2595 3116 2645 mentem
3148 2590 3330 2655 dedit,
3366 2589 3583 2660 quibus
3614 2605 3705 2643 so-

2049 2678 2121 2734 lis
2144 2681 2213 2734 ad
2241 2679 2433 2751 ipsum
2466 2678 2665 2733 oculos
2688 2678 2954 2734 attollere
2984 2678 3268 2750 permisit,
3294 2694 3438 2748 quos
3461 2678 3531 2731 ad
3565 2678 3707 2732 ima-

2049 2768 2246 2841 ginem
2281 2784 2450 2823 suam
2484 2767 2772 2835 formavit,
2794 2769 2863 2822 ad
2898 2785 3048 2838 quos
3080 2767 3292 2823 Filium
3318 2784 3493 2821 suum
3512 2767 3710 2837 unige-

2050 2857 2241 2912 nitum
2293 2857 2475 2922 misit,
2509 2857 2726 2928 quibus
2766 2860 2999 2912 cmleste
3030 2873 3275 2927 regnum
3335 2855 3626 2927 promisit,
3659 2858 3716 2910 et

2052 2945 2231 3014 dabit,
2268 2946 2419 3017 quod
2453 2946 2647 3015 ipsum
2678 2945 3005 3001 dilexerint.
3040 2945 3357 3015 Postquam
3416 2948 3609 2999 autem
3643 2942 3710 2997 il-

2051 3034 2176 3091 lum
2207 3034 2564 3106 cognoveris,
2599 3039 2821 3105 quanta
2851 3040 2905 3089 te
2935 3033 3243 3105 impletum
3276 3033 3347 3088 iri
3378 3032 3580 3087 laetitia
3600 3031 3713 3087 exi-

2055 3124 2260 3180 stimas
2281 3123 2309 3179 τ
2340 3128 2441 3179 aut
2474 3129 2758 3195 quantum
2790 3122 2999 3195 diliges
3030 3139 3165 3179 eum
3206 3121 3307 3194 qui
3340 3122 3499 3194 prior
3528 3126 3585 3176 te
3635 3121 3715 3177 ita

2058 3212 2371 3268 dilexerit?
2404 3213 2548 3269 Cum
2574 3216 2764 3269 autem
2788 3212 3029 3285 diligere
3059 3210 3597 3283 cceperis,imitator
3617 3210 3713 3265 be-

2056 3301 2360 3374 nignitatis
2392 3302 2519 3373 ejus
2549 3302 2684 3358 eris.
2717 3302 2797 3357 Ac
2830 3318 2901 3357 ne
2933 3302 3165 3357 mireris
3196 3315 3367 3373 posse
3412 3298 3713 3355 hominem

2056 3407 2184 3448 esse
2216 3391 2570 3447 imitatorem
2620 3391 2737 3447 Dei.
2773 3391 2987 3460 Potest,
3021 3408 3087 3446 eo
3122 3389 3362 3446 volente.
3401 3389 3523 3445 Non
3558 3388 3711 3442 enim

2056 3480 2369 3553 imperium
2402 3480 2461 3534 in
2495 3480 2792 3552 proximos
2823 3480 3104 3549 obtinere,
3140 3495 3328 3549 neque
3358 3476 3502 3532 velle
3533 3476 3715 3547 potio-

2057 3587 2118 3626 re
2146 3570 2480 3626 conditione
2508 3586 2635 3625 esse
2657 3586 2828 3639 quam
2847 3568 2886 3623 ii
2918 3567 3017 3639 qui
3048 3572 3186 3624 sunt
3210 3566 3582 3635 infirmiores,
3609 3580 3714 3620 ne-

2058 3675 2170 3731 que
2202 3658 2441 3713 divitem
2473 3674 2619 3725 esse,
2652 3665 2708 3713 et
2753 3659 2871 3712 vim
2923 3658 3137 3713 inferre
3196 3655 3593 3725 inferioribus,
3627 3658 3715 3709 est

2060 3748 2292 3802 beatum
2329 3763 2453 3802 esse
2475 3765 2493 3801 :
2527 3763 2715 3817 neque
2745 3747 2801 3800 in
2834 3746 2926 3801 his
2954 3746 3134 3801 Deum
3160 3745 3378 3799 imitari
3403 3744 3712 3815 quisquam

2056 3841 2284 3908 potest;
2317 3837 2416 3891 sed
2451 3836 2569 3890 haec
2602 3841 2761 3890 extra
2781 3837 2908 3905 eius
2931 3836 3298 3905 majestatem
3333 3837 3490 3888 sunt.
3523 3834 3593 3886 At
3615 3831 3714 3902 qui

2056 3927 2303 3997 proximi
2336 3942 2485 3980 onus
2513 3924 2572 3979 in
2607 3942 2669 3980 se
2700 3925 2941 3996 recipit;
2974 3926 3073 3995 qui
3106 3940 3222 3995 qua
3257 3924 3315 3977 in
3349 3940 3409 3977 re
3448 3921 3716 3993 superior

2054 4024 2160 4085 est,
2195 4015 2372 4071 alium
2406 4015 2504 4085 qui
2554 4019 2643 4069 est
2674 4013 2933 4078 inferior,
2966 4013 3246 4068 beneﬁcio
3295 4011 3419 4067 vult
3451 4011 3715 4064 afﬁcere:

2056 4104 2154 4175 qui
2187 4119 2569 4176 quaecumque
2619 4102 2813 4171 habet,
2839 4120 2871 4157 a
2900 4102 3014 4157 Deo
3069 4106 3326 4172 accepta,
3358 4116 3427 4155 ea
3455 4098 3714 4169 indignis

2055 4193 2457 4265 suppeditans,
2508 4192 2661 4247 Deus
2703 4192 2765 4246 ﬁt
2794 4208 2997 4246 eorum
3028 4190 3128 4262 qui
3160 4189 3488 4261 accipiunt:
3524 4188 3575 4243 is
3618 4188 3713 4242 Dei

2052 4287 2142 4339 est
2178 4282 2460 4336 imitator.
2517 4281 2680 4335 Tunc
2741 4280 3082 4353 perspicies,
3143 4280 3200 4333 in
3256 4284 3413 4333 terra
3472 4278 3711 4347 degens,

2052 4375 2233 4425 Deum
2266 4370 2323 4423 in
2354 4369 2512 4424 cmlis
2547 4370 2857 4434 mundum,
2888 4368 3047 4423 velut
3084 4367 3344 4438 aliquam
3394 4363 3714 4435 rempubli-

2052 4476 2204 4525 cam,
2245 4459 2592 4531 gubernare,
2626 4463 2750 4512 tum
2786 4456 3065 4529 mysteria
3097 4457 3192 4509 Dei
3222 4454 3382 4525 loqui
3427 4453 3671 4522 incipies
3699 4485 3713 4533 ;

2050 4553 2194 4605 tunc
2226 4565 2325 4603 eos
2357 4547 2455 4619 qui
2488 4547 2817 4619 puniuntur
2866 4546 3019 4616 quod
3056 4545 3343 4614 abnegare
3376 4542 3554 4596 Deum
3614 4557 3715 4596 no-

2052 4638 2164 4693 lint
2212 4642 2268 4692 et
2327 4636 2542 4708 diliges
2601 4640 2656 4690 et
2717 4634 3068 4690 miraberis:
3126 4638 3267 4687 tunc
3327 4631 3717 4702 imposturam

2054 4727 2265 4783 mundi
2299 4740 2551 4780 errorem
2607 4722 2945 4788 damnabis,
3006 4738 3137 4775 cum
3173 4736 3304 4774 vere
3333 4719 3393 4772 in
3453 4717 3596 4772 coelo
3643 4716 3721 4770 vi-

2054 4831 2188 4873 vere
2221 4813 2493 4868 didiceris
2520 4830 2531 4867 :
2567 4829 2700 4867 cum
2736 4812 2864 4883 ejus
2892 4827 3019 4883 qua
3048 4810 3142 4865 hic
3173 4824 3331 4864 mors
3362 4824 3489 4862 esse
3518 4821 3716 4861 cense-

2057 4908 2171 4971 tur,
2206 4905 2573 4973 contemptor
2606 4916 2773 4968 esse;
2809 4904 2865 4956 et
2907 4904 3178 4967 mortem,
3213 4914 3338 4969 quas
3387 4912 3585 4951 revera
3631 4898 3719 4949 est

2050 5084 2153 5139 aut
2185 5077 2389 5149 ἀτενέςη
2415 5078 2674 5133 Habebat
2696 5078 2806 5130 ἅνω
2840 5075 3217 5149 apographon
3258 5071 3517 5149 Beureri.

2126 5152 2239 5222 (84)
2272 5146 2451 5203 Ἀλλά
2497 5152 2662 5202 ταῦτα
2710 5144 2894 5224 ἐκτὸς,
2942 5144 2995 5203 δῖ.
3054 5144 3106 5200 τ.
3141 5177 3193 5224 ιε.
3241 5145 3355 5224 μξςά
3408 5144 3523 5224 haec
3562 5144 3717 5224 {xtra

2055 5215 2173 5295 ejus
2194 5215 2533 5295 majestatem
2550 5232 2697 5275 sunt.
2718 5223 2777 5277 Id
2793 5215 2900 5295 est,
2921 5220 3216 5295 contraria
3236 5217 3393 5295 illius
3412 5215 3716 5295 ditissimis

2058 5286 2472 5365 beneﬁcentiae,
2496 5308 2673 5365 quam
2734 5292 2951 5347 imitari
2982 5292 3284 5347 debemus.
3318 5288 3623 5354 MARANUS,
3656 5286 3717 5339 in

2057 5364 2438 5423 Emendandis
2473 5406 2485 5419 .

2132 5439 2243 5509 (85)
2292 5437 2374 5489 Ἐν
2419 5432 2701 5509 οὐρανοῖς.
2739 5433 2819 5509 In,
2860 5433 2970 5488 hac
2996 5447 3157 5509 Δνοιξο
3210 5428 3480 5509 librari-os
3514 5425 3719 5509 lapsos

2061 5498 2190 5593 esse
2217 5498 2381 5593 putat
2410 5498 2743 5593 Stephanuns
2773 5508 2845 5593 ob
2895 5505 3209 5593 scripturae
3243 5498 3718 5593 similitudinem,

2062 5586 2119 5637 et
2155 5574 2467 5661 legendum
2516 5574 2568 5661 ἰν
2629 5576 2959 5661 ἀνθρώπρις,
2995 5576 3140 5661 δέξῃ
3195 5574 3493 5627 brevitatis
3540 5586 3721 5625 causa

2066 5645 2243 5711 scribi
2275 5650 2422 5708 solet
2451 5647 2502 5704 ἓν
2536 5648 2686 5711 ἄνοις
2716 5645 2819 5722 pro
2852 5645 2902 5702 ἐν
2935 5646 3257 5721 ἀνθρώποις.
