4016 6222
321 415 468 475 “85

318 566 514 621 καρπον
594 543 753 616 ξύλον
809 588 821 614 ,
881 542 1138 599 εὖθαλοῦν
1172 589 1185 614 ,

318 642 444 701 τοῖς,
489 633 765 696 ποικίλοις
811 639 1038 709 καρποῖς
1085 635 1511 707 κεκοσμημένοι.
1547 635 1632 690 Ἐν
1682 636 1785 710 γὰρ
1834 633 1959 688 τού-

319 746 391 797 τῳ
434 723 514 796 τῷ
565 723 759 799 χωρίῳ
812 721 973 793 ξύλον
1023 725 1279 798 γνώσεως
1328 723 1415 778 καὶ
1461 721 1619 793 ξύλον
1671 729 1817 792 ζωῆς
1864 744 1958 778 πε-

323 814 587 892 φύτευται’
626 810 751 867 ἀλλ’
784 812 844 867 οὗ
876 813 936 867 τὸ
969 819 1069 881 τῆς
1118 813 1371 888 γνώσεως
1424 814 1536 886 (95)
1578 812 1808 885 ἀναιρεῖ,
1840 809 1964 866 ἀλλ’

323 902 642 976 ἠπαρακοή
704 900 931 974 ἀναιρεῖ.
989 898 1125 955 068‘s
1176 901 1275 975 γάρ
1336 899 1521 973 ἄσημα
1576 900 1643 954 τὰ
1691 920 1907 975 γεγραμ
1938 930 1960 941 -

330 991 473 1066 μένα,
502 990 575 1053 ὡς
622 990 747 1051 Θεὸς
793 990 881 1045 ἀπ’
926 991 1105 1067 ἀρχῆς
1151 988 1310 1061 ξύλον
1365 995 1508 1059 ζωῆς
1557 990 1608 1045 ἐν
1666 987 1813 1063 μέσῳ
1860 1009 1963 1043 πα-

328 1077 566 1157 ραδείσου
620 1077 891 1157 ἐφύτευσε,
952 1076 1040 1134 διὰ
1093 1079 1346 1155 γνώσεως
1411 1080 1553 1148 ζωὴν
1613 1076 1914 1140 ἐπιδεικνύς
1947 1096 1961 1110 ⁸

326 1171 362 1243 ᾗ
417 1170 492 1243 μὴ
550 1169 795 1245 καθαρῶς
843 1169 1187 1245 χρησάμενοι
1250 1169 1302 1223 oi.
1357 1167 1447 1223 ἀπ’
1505 1167 1729 1245 ἀρχῆς,
1786 1166 1967 1241 πλάνῃ

326 1256 417 1315 τοῦ
464 1252 642 1337 ὄφεως
700 1256 1097 1333 γεγύμνωνται.
1144 1254 1281 1313 Οὑδὲ
1328 1257 1428 1334 γὰρ
1484 1259 1595 1327 ζωὴ
1648 1258 1771 1312 ἄνευ
1821 1256 1966 1331 γνώ-

327 1369 455 1412 σεως
492 1392 507 1418 ,
553 1344 681 1403 οὑδὲ
735 1352 932 1423 γνῶσις
980 1344 1229 1416 ἀσφαλὴς
1288 1348 1411 1402 ἄνευ
1473 1350 1616 1417 ζωῆς
1674 1344 1914 1413 ἀληθοῦς
1948 1387 1961 1402 .

329 1438 416 1492 Διὸ
455 1432 691 1507 πλησίον
742 1435 989 1509 ἑκάτερον
1038 1434 1382 1514 πεφύτευται.
1435 1436 1531 1490 Ἢν
1583 1432 1809 1509 δύναμιν
1861 1433 1966 1488 ἐνι-

330 1522 428 1580 δὼν
492 1525 520 1580 6
582 1523 921 1587 Ἀποστόλος
1128 1571 1144 1598 ,
1212 1525 1311 1594 τήν
1379 1544 1440 1580 τε
1514 1522 1632 1579 ἄνευ
1709 1521 1969 1590 ἀληθείας

327 1612 740 1691 προστάγματος
792 1612 867 1677 εἷς
921 1614 1065 1682 ζωὴν
1116 1612 1455 1686 ἀσκουμένην
1514 1618 1706 1689 γνῶσιν
1761 1611 1970 1689 μεμφό-

332 1724 503 1778 μενος,
562 1702 735 1779 λέγει’
794 1704 857 1760 Ἦ
913 1707 1110 1778 γνῶσις
1169 1707 1399 1780 φυσιοῖ,
1454 1705 1488 1773 ἡ
1543 1700 1599 1757 δὲ
1648 1702 1828 1777 ἀγάπη
1885 1700 1967 1756 οἲ-

327 1790 570 1866 κοδομεῖ.
611 1792 669 1845 Ὀ
697 1791 801 1867 γὰρ
846 1791 1086 1865 νομίζων
1139 1789 1331 1846 εἰδέναι
1379 1813 1430 1846 τι
1481 1792 1600 1846 ἄνευ
1637 1794 1883 1867 γνώσεως
1914 1790 1970 1844 ἀ-

330 1880 527 1951 ληθοῦς
555 1880 645 1935 καὶ
683 1881 1133 1957 μαρτυρουμένης
1185 1881 1288 1935 ὑπὸ
1324 1887 1426 1949 τῆς
1477 1884 1643 1950 ζωῆς,
1682 1880 1781 1934 οὑκ
1809 1877 1968 1954 ἔγνω,
2000 1911 2048 1977 Β

333 1970 431 2025 ὑπὸ
460 1974 557 2025 τοῦ
590 1965 763 2047 ὅφεως
816 1972 930 2043 (97)
956 1968 1247 2042 πλανᾶται,
1293 1970 1368 2042 μὴ
1422 1970 1697 2045 ἀγαπήσας
1748 1970 1858 2041 (98)
1908 1967 1971 2022 τὸ

334 2063 443 2133 ζῇν.
484 2060 540 2112 Ὀ
595 2056 650 2113 δὲ
683 2060 817 2132 μετὰ
846 2053 1019 2136 φόϐου
1068 2056 1347 2132 ἐπιγνοὺς,
1376 2056 1465 2112 καὶ
1499 2058 1643 2127 ζωὴν
1676 2056 1970 2129 ἐπιζητῶν,

332 2147 410 2203 ἐπ’
438 2143 618 2203 ἐλπίδι
649 2145 885 2224 φυτεύει,
915 2145 1120 2222 καρπὸν
1152 2143 1493 2222 προσδοκῶν.
1538 2152 1686 2201 Ἢτω
1726 2146 1810 2200 σοὶ
1841 2164 1972 2220 καρ-

334 2234 439 2308 δία,
499 2238 716 2311 γνῶσις·
781 2236 893 2304 ζωὴ
955 2232 1033 2304 δὲ,
1093 2232 1256 2310 λόγος
1312 2232 1555 2306 ἀληθὴς,
1610 2232 1970 2310 χορούμενος’

332 2324 391 2379 οὗ
446 2323 605 2395 ξύλον
665 2324 867 2401 φέρω),
923 2324 1012 2378 καὶ
1069 2323 1274 2399 καρπὸν
1488 2367 1501 2380 .
1539 2366 1552 2381 .
1586 2327 1717 2396 ρῶν,
1773 2323 1976 2397 τρυγή-

334 2435 440 2475 σεις
500 2412 582 2468 ἀεὶ
636 2412 704 2468 τὰ
754 2414 899 2487 παρὰ
959 2416 1074 2484 Θεῷ
1131 2411 1487 2485 ποθούμενα’
1544 2413 1616 2467 ὧν
1692 2406 1813 2488 ὄφις
1869 2412 1977 2486 οὐχ

332 2506 549 2558 ἅπτεται
584 2548 599 2574 ,
677 2499 802 2556 οὑδὲ
876 2499 1053 2572 πλάνη
1133 2500 1560 2576 συγχρωτίζεται
1597 2518 1609 2532 ⁶
1672 2496 1797 2554 οὑδὲ
1866 2499 1978 2553 an

332 2591 597 2669 φθείρεται
653 2592 813 2664 (99"),
864 2589 1010 2645 ἀλλὰ
1056 2589 1319 2665 παρθένος
1364 2588 1691 2658 πιστεύεται,
1742 2588 1831 2643 καὶ
1871 2610 1978 2643 σω-

329 2682 517 2755 τήριον
545 2677 834 2750 δείκνυται,
884 2678 973 2733 καὶ
1005 2677 1301 2733 ἀπόστολοι
1342 2676 1726 2747 συνετίζονται,
1782 2678 1870 2731 καὶ
1915 2678 1979 2732 τὸ

334 2768 536 2845 Κυρίου
567 2768 751 2844 πάσχα
790 2767 1139 2844 προέρχεται,
1190 2767 1278 2821 καὶ
1325 2767 1487 2842 κηροὶ
1536 2770 1685 2837 (100)
1737 2767 1981 2841 συνάγον-

330 2878 442 2924 ται,
473 2856 563 2911 καὶ
601 2857 734 2929 μετᾶ
761 2855 974 2929 κόσμου
1020 2854 1332 2928 ἀρμόζεταν
1378 2854 1467 2909 καὶ
1500 2852 1765 2909 διδάσκων
1800 2854 1982 2930 ἁγίους

334 2948 362 3002 6
384 2942 575 3021 λόγος,
601 2945 957 3023 εὑφραίνεταιυ
991 2942 1060 2999 δι’
1093 2945 1154 2999 οὗ
1186 2942 1371 3019 Πατῄρ
1406 2941 1701 3015 δοξάζεται.
1732 2946 1799 3023 ᾯ
1827 2946 1862 3013 ὴ
1896 2940 1983 2997 δό-

335 3036 396 3106 ξα
425 3034 499 3097 εἷς
532 3033 665 3096 τοὺς
696 3034 917 3095 αἰῶνας.
954 3034 1147 3106 Ἀμήν.

404 3305 517 3377 (95)
728 3300 789 3377 ού
819 3301 881 3354 τὸ
908 3307 1009 3377 τῆς
1035 3300 1309 3375 γνώσεως,
1340 3320 1392 3355 κ.
1424 3296 1564 3377 τηλ.
1587 3300 1693 3377 Sic
1733 3302 1980 3358 redden-
2012 3275 2054 3343 θ’

333 3374 473 3431 dum
507 3375 852 3430 crediderim
879 3391 893 3427 :
934 3374 1127 3428 Verum
1154 3389 1265 3427 non
1294 3374 1618 3442 cognitionis
1648 3374 1863 3441 lignum
1890 3392 1980 3430 oc-

330 3447 487 3509 cidit,
517 3446 611 3502 sed
644 3445 1033 3501 inobedientz’a.
1068 3445 1298 3499 Marum.
1330 3446 1391 3498 in
1425 3444 1778 3500 Emendand..

403 3518 516 3589 (96)
546 3517 645 3572 Ἦν
679 3512 904 3588 δύναμιν
938 3511 1123 3589 ἐνιδὼν
1157 3515 1184 3568 6
1213 3512 1570 3589 ’Δπόστολοςι
1603 3515 1663 3570 Id
1695 3521 1814 3589 est:
1845 3534 1978 3572 cum

272 3620 283 3631 ι
334 3586 726 3661 perspexisset
757 3586 1064 3661 Apostolus
1094 3604 1265 3661 quam
1290 3586 1416 3661 ‘vim
1468 3587 1680 3661 habeat
1712 3588 1811 3643 illa
1842 3589 1981 3644 utri-

334 3658 522 3731 usque
555 3661 716 3732 ligni,
753 3658 959 3729 nempe
991 3658 1337 3732 cognitionis
1368 3663 1423 3712 et
1451 3658 1597 3732 vita),
1622 3660 1976 3727 conjunctio.

335 3730 904 3802 ObScuraVStephani
961 3730 1396 3802 interpretatio:
1435 3731 1610 3802 Quam

336 3820 461 3859 cum
491 3801 1167 3875 perspexissetApostotus.
1203 3802 1430 3875 MAaAN.
1464 3801 1598 3875 ibjd.

430 3869 521 3950 97)
549 3869 799 3950 Ὑπὸ-τοῦ
829 3869 1028 3950 ὄφεωςζ
1063 3872 1360 3950 Pragmittit
1388 3870 1475 3925 καί
1506 3873 1811 3950 Beurcrus.

424 3943 1090 4019 98)AMﬁA&-{a1r/,éac.lta
1140 3945 1440 4019 Beurerus
1474 3948 1540 4019 _et
1572 3943 1978 4019 ‘Sylburgius:

332 4014 619 4088 posterior
647 4014 847 4073 littera
893 4018 1069 4087 hujus
1117 4015 1331 4071 voculas
1367 4016 1440 4086 μή
1474 4014 1585 4087 legi
1640 4014 1983 4088 'nonpotuit

334 4087 449 4143 ms.
485 4090 699 4157 codice,
732 4090 832 4144 sed
876 4094 1103 4143 tantum
1140 4108 1196 4159 μ.
1244 4089 1575 4159 Stephanus
1619 4087 1869 4159 reddidit
1919 4089 1983 4144 ob

332 4176 573 4216 amorem
604 4154 757 4219 me.
792 4161 922 4217 Mox
951 4160 1103 4215 idem
1139 4154 1417 4215 Beurerus
1448 4155 1567 4229 ἤτω
1599 4154 1688 4212 οὖν
1720 4178 1825 4215 σοι.

1661 3732 1982 3801 facultatem

1485 413 1863 475 EPlSTOLA
1905 417 2010 476 AD
2057 416 2517 480 DIOGNETUM
2532 463 2547 478 .

1260 542 1629 606 ἇνατείλαντες
1705 543 1757 599 ἒν
1830 545 1951 599 ἑαυ-

2088 547 2280 614 erens,
2315 548 2463 604 belle
2507 547 2870 621 germinans,
2902 548 2960 603 in
3007 548 3172 604 vobis
3202 549 3346 621 ipsis
3385 550 3714 620 producen-

3564 419 3745 480 1186‘

2070 641 2178 701 tes,
2212 638 2386 693 variis
2415 639 2703 693 fructibus
2724 638 2934 693 ornati.
2952 638 3013 692 In
3034 637 3141 692 hoc
3168 640 3318 692 enim
3341 637 3466 693 loco
3487 638 3712 709 lignum

2072 726 2420 798 cognitionis
2450 732 2507 782 et
2535 727 2761 798 lignum
2802 727 2933 782 vitae
2978 725 3303 797 plantatum
3344 727 3472 782 fuit.
3508 728 3715 783 Verum

2072 832 2187 870 non
2221 818 2377 886 quod
2402 820 2490 871 est
2520 815 2955 887 cognitionis,id
2987 820 3075 869 est
3096 816 3251 885 quod
3275 832 3304 870 e
3335 814 3523 871 medio
3547 816 3716 884 tollit;

2073 904 2171 959 sed
2204 904 2597 959 inobedientia
2630 921 2658 959 e
2691 904 2881 958 medio
2914 902 3291 975 tollit.Neque
3313 903 3466 959 enim
3491 921 3557 959 ea
3581 912 3720 962 sunt

2073 991 2319 1047 obscura
2346 1009 2473 1063 quae
2504 992 2723 1063 scripta
2778 995 2939 1059 sunt,
2968 990 3151 1046 Deum
3183 992 3255 1046 ab
3299 992 3460 1047 initio
3491 992 3717 1063 lignum

2072 1080 2199 1136 vitae
2231 1081 2291 1136 in
2327 1082 2516 1137 medio
2546 1080 2799 1153 paradisi
2848 1080 3162 1152 plantasse,
3198 1097 3300 1152 per
3329 1082 3719 1153 cognitionem

2073 1169 2252 1224 vitam
2285 1169 2687 1225 ostendentem
2714 1185 2727 1235 ;
2762 1185 2880 1240 qua
2908 1185 3040 1224 cum
3074 1184 3218 1239 pure
3256 1170 3349 1226 usi
3380 1188 3493 1226 non
3526 1177 3723 1228 essent

2076 1258 2177 1330 qui
2207 1260 2279 1315 ab
2310 1258 2476 1314 initio
2508 1259 2763 1326 fuerunt,
2798 1257 3126 1328 impostura
3184 1259 3471 1330 serpentis
3518 1262 3721 1317 nudati

2075 1347 2333 1404 fuerunt.
2371 1348 2568 1419 Neque
2616 1347 2771 1402 enim
2819 1346 2939 1401 vita
2996 1347 3122 1402 sine
3152 1347 3501 1419 cognitione,
3536 1367 3724 1423 neque

2076 1437 2328 1509 cognitio
2382 1441 2511 1492 tuta
2567 1436 2692 1491 sine
2747 1435 2865 1491 vita
2917 1451 3072 1491 vera.
3106 1434 3236 1491 Ideo
3287 1436 3345 1491 in
3396 1440 3723 1511 propinquo

2077 1531 2397 1597 utrumque
2446 1525 2772 1597 plantatum
2823 1523 2953 1579 fuit.
2987 1525 3171 1587 Quam
3224 1524 3557 1581 facultatem
3590 1545 3721 1584 cum

2080 1615 2466 1687 perspexisset
2494 1612 2830 1685 Apostolus,
2865 1612 3295 1684 reprehendens
3338 1617 3724 1686 cognitionem

2079 1721 2206 1776 quae
2241 1704 2366 1759 sine
2394 1703 2635 1759 veritate
2666 1702 2928 1757 mandati
2991 1702 3050 1756 in
3082 1703 3263 1757 vitam
3294 1710 3612 1776 exercetur,
3645 1709 3728 1761 di-

2078 1794 2194 1848 cit:
2230 1792 2477 1863 Cogm’tio
2516 1793 2700 1861 inﬂat,
2732 1792 2953 1846 dilectio
3008 1795 3201 1845 autem
3247 1792 3560 1863 aediﬁcat”.
3618 1797 3722 1860 Qui

2078 1881 2233 1938 enim
2266 1885 2434 1953 putat
2460 1897 2521 1936 se
2551 1881 2701 1935 scire
2731 1878 2950 1949 aliquid
2985 1879 3112 1934 sine
3151 1882 3479 1951 cognitione
3512 1901 3641 1940 vera
3669 1872 3729 1944 et

2082 1970 2174 2027 cui
2205 1968 2608 2026 testimonium
2643 1966 2983 2040 perhibetur
3014 1985 3048 2024 a
3088 1968 3226 2039 vita,
3259 1987 3373 2024 non
3407 1975 3726 2045 cognoscit,

2083 2078 2116 2117 a
2146 2063 2411 2128 serpente
2442 2057 2750 2129 decipitur,
2782 2057 2921 2128 quia
2948 2057 3127 2112 vitam
3158 2074 3273 2113 non
3303 2058 3599 2119 dilexit.At
3627 2064 3727 2135 qui

2082 2166 2217 2205 cum
2248 2147 2457 2203 timore
2487 2146 2878 2218 cognitionem
2910 2150 2998 2201 est
3024 2147 3356 2218 adeptus,et
3378 2148 3554 2205 vitam
3573 2168 3728 2223 quae-

2084 2239 2177 2306 rit,
2211 2237 2270 2292 in
2319 2251 2421 2308 spe
2473 2234 2720 2308 plantat,
2752 2235 3005 2290 fructum
3062 2241 3427 2307 exspectans.
3461 2239 3596 2295 Esto
3623 2242 3729 2297 tibi

2083 2343 2201 2393 cor,
2235 2324 2528 2397 cognitio:
2559 2323 2677 2378 vita
2724 2326 2941 2393 autem,
2973 2339 3165 2379 sermo
3212 2341 3382 2381 verus
3430 2328 3531 2398 qui
3581 2330 3731 2385 reci-

2085 2415 2261 2487 pitur.
2295 2413 2473 2483 Cujus
2503 2411 2732 2484 lignum
2772 2412 2983 2479 ferens,
3029 2416 3085 2467 et
3142 2413 3420 2480 fructum,
3450 2416 3733 2489 percipies

2085 2519 2317 2575 semper
2345 2518 2469 2572 quas
2499 2501 2654 2572 apud
2684 2499 2869 2556 Deum
2899 2501 3458 2575 desiderantur,qua3
3489 2521 3731 2576 serpens

2086 2609 2201 2648 non
2233 2592 2489 2663 attingit,
2517 2604 2705 2659 neque
2736 2589 3062 2660 impostura
3092 2607 3153 2645 se
3184 2590 3267 2645 illi
3310 2592 3594 2663 applicat;
3629 2610 3727 2650 ne-

2087 2698 2199 2754 que
2230 2681 2343 2735 Eva
2371 2679 2790 2751 corrumpitur,
2824 2679 2924 2734 sed
2961 2680 3119 2750 virgo
3151 2680 3443 2749 creditur;
3478 2688 3531 2738 et
3560 2683 3730 2739 Salu-

2087 2776 2209 2826 tare
2234 2768 2641 2833 ostenditur,et
2661 2767 2907 2839 apostoli
2930 2767 3314 2840 intelligentia
3339 2770 3732 2843 instruuntur,

2088 2864 2145 2915 et
2177 2859 2404 2914 Domini
2436 2857 2654 2929 pascha
2685 2856 3072 2928 progreditur,
3105 2864 3159 2913 et
3184 2858 3345 2914 chori
3377 2876 3733 2933 congregan-

2089 2953 2205 3016 tur,
2240 2954 2297 3003 et
2351 2947 2624 3002 decenter
2679 2945 3060 3001 ordinantur:
3111 2963 3175 3002 ac
3233 2947 3446 3004 docens
3502 2956 3735 3006 sanctos

2090 3053 2281 3094 sermo
2312 3035 2579 3102 laetatur;
2614 3051 2715 3106 per
2770 3051 2944 3105 quem
2992 3036 3160 3091 Pater
3216 3036 3591 3107 gloriﬁcatur.
3633 3038 3737 3095 Cui

2091 3126 2276 3198 gloria
2303 3125 2362 3181 in
2395 3124 2625 3180 saecula.
2660 3127 2864 3179 Amen.

2164 3304 2277 3374 (99)
2335 3301 2437 3377 Καὶ
2514 3301 2766 3377 καρπόν,
2814 3302 3144 3377 Stephanus
3182 3309 3257 3377 et
3308 3305 3595 3377 Beurerus
3649 3304 3738 3377 καὶ

2090 3378 2344 3502 ξαρῖτοῦκ
2397 3373 2596 3448 ἐρῶν(
2640 3374 2845 3431 Melius
2914 3373 3266 3448 'Sylburgius
3350 3376 3438 3430 καὶ
3531 3376 3734 3453 καρπὸν

2124 3466 2404 3502 κπεηοων.

2124 3466 2269 3514 κπΑη
2280 3466 2404 3522 ρων.

2168 3554 2306 3627 (99ξ)
2336 3547 2472 3627 Οὐδὲ
2638 3549 2929 3627 φθείρεταιἸ
2978 3551 3349 3627 ClariorJ‘rit
3392 3554 3738 3624 interpreta-

2093 3625 2194 3752 Itvilo,
2229 3624 2278 3679 si
2309 3624 2792 3749 sicbrsddamus}
2829 3624 2931 3680 Ubi
2978 3640 3151 3696 neque
3196 3624 3306 3679 Eva
3348 3628 3738 3697 corrumpitur.

2154 3713 2399 3763 Μυκη
2442 3712 2458 3749 ι
2503 3737 2515 3749 .

2164 3803 2308 3871 (100)
2340 3798 2532 3874 Κηροίε
2565 3800 2687 3856 Vox
2717 3804 3005 3874 corrupta,
3041 3817 3145 3874 nec
3174 3801 3468 3857 evidenter
3505 3802 3651 3858 lecta
3680 3802 3741 3858 in

2094 3891 2205 3929 ms.
2239 3872 2453 3928 codice.
2488 3872 2620 3945 Non
2637 3872 2943 3945 sanabitur
2969 3872 3204 3940 vulnus,
3239 3874 3286 3927 si
3320 3874 3583 3945 legamus
3606 3891 3739 3930 cum

2092 3945 2400 4019 Sylburgio
2431 3941 2776 4019 xatpoiiged
2812 3944 3179 4019 si_po_nam_us
3207 3941 3565 4018 χοροίςήἱὴίί
3602 3950 3741 4017 puto

2094 4015 2534 4089 superfuturum
2559 4015 3283 4089 difficultatis.Stepbanus
3307 4034 3470 4073 voces
3501 4015 3744 4089 sequen-

2092 4088 2183 4144 tes
2211 4088 2293 4143 sic
2326 4088 2533 4161 reddit,
2567 4099 2617 4141 et
2646 4103 2772 4142 cum
2802 4088 3008 4144 mundo
3050 4093 3351 4161 coaptamr.
3386 4090 3628 4145 Videtur
3658 4089 3740 4148 le-

2094 4161 2352 4234 gendum
2384 4156 2449 4227 ἀρ
2459 4157 2731 4230 μόζονται.
