4016 6222
346 616 1994 774 PRESBYTERORUM
2122 620 2364 766 ET
2490 615 3728 770 DIACONORUM

1730 887 2371 1018 ACHAIzE

698 1151 1239 1238 EPISTULA
1304 1154 1445 1234 Dii
1504 1147 2090 1237 ΜΑΗἹῪΒΙΟ
2150 1151 2242 1236 S.
2308 1150 2784 1234 ANDRE/E
2843 1148 3412 1235 APOSTOLI

1848 1348 2218 1365 η

1281 1497 1619 1591 VETE
1638 1496 1914 1590 RUM
1994 1496 2151 1589 TE
2167 1494 2810 1589 STIMONIA.

864 1714 1196 1785 (GALLAND.,
1234 1716 1487 1768 Veterum
1509 1714 1745 1767 Patrum
1766 1712 2054 1779 Biblioth.,
2087 1716 2129 1766 t.
2165 1712 2208 1766 Ι.
2241 1710 2519 1778 Venetiis,
2552 1712 2711 1782 4765,
2746 1711 2957 1778 in-fol.,
2989 1727 3043 1783 p.
3080 1712 3227 1784 145.)

2034 2015 2077 2070 Ι.

869 2122 1167 2189 Damasus,
1198 2122 1281 2176 vel
1310 2123 1557 2193 quisquis
1586 2130 1776 2176 auctor
1802 2123 1898 2188 sit,
1931 2122 2121 2177 Carm.
2156 2138 2230 2189 ιν,
2262 2137 2332 2177 ea:
2360 2122 2487 2176 edit.
2512 2122 2828 2189 Sarazanii,
2862 2122 3051 2179 Romae
3080 2123 3238 2178 1638.

1276 2258 1523 2323 Andrea,
1559 2256 1773 2311 Christi
1806 2255 2084 2328 apostole,

1422 2329 1540 2409 Iioc
1570 2329 1696 2409 ipso
1720 2327 1858 2409 jam
1876 2327 2156 2409 vocabulo

1422 2400 1687 2471 Signaris
1720 2400 1831 2455 isto
1866 2400 2121 2469 nomine,

1421 2472 1674 2526 Decorus
1706 2472 1860 2526 idem
1893 2472 2156 2540 mystice.

1281 2598 1460 2661 QUC-m
1497 2612 1636 2650 crux
1668 2597 1736 2650 ad
1763 2594 1878 2650 alta
1910 2594 2192 2666 provehit,

1422 2668 1571 2722 Crux
1601 2684 1770 2738 quem
1810 2669 1976 2721 beata
2006 2666 2215 2737 diligit,

1424 2740 1525 2792 Cui
1557 2756 1698 2793 crux
1727 2756 1928 2793 amara
1960 2745 2248 2809 praeparat

1430 2811 1601 2864 Lucis
1636 2810 1842 2865 futura
1874 2810 2107 2881 gaudia.

1282 2933 1339 2987 In
1374 2936 1429 2985 te
1461 2933 1649 2987 cruris
1684 2933 2026 3004 mysterium

1425 3004 1576 3058 Uluit
1605 3005 1854 3075 gemello
1886 3006 2184 3075 stigmate,

1425 3080 1570 3129 Dum
1606 3077 1820 3142 probra
1851 3077 2029 3130 vincis
2058 3093 2159 3147 per
2189 3092 2442 3140 crucem,

1425 3147 1746 3218 Crucisque
1775 3148 1987 3219 pandis
2019 3148 2389 3220 sanguinem.
2424 3147 2591 3219 Epist.
2625 3163 2741 3219 cap.
2776 3164 2829 3202 χ.

2029 3298 2096 3354 II.

571 3406 971 3473 Hiaaommus,
1005 3403 1175 3477 epist.
1211 3422 1296 3460 ιιι
1326 3406 1401 3459 at.
1435 3421 1639 3461 cxwm
1666 3405 1738 3460 ad
1769 3404 2125 3472 Marcellam,
2153 3422 2309 3460 num.
2350 3406 2407 3475 5,
2439 3413 2567 3462 tom.
2602 3408 2645 3473 Ι,
2676 3422 2804 3477 pag.
2835 3405 2961 3477 328,
2994 3406 3126 3463 edit.
3163 3406 3349 3463 Veron.
3388 3410 3553 3465 1734.

429 3541 493 3594 In
523 3540 803 3615 omnibus
833 3538 975 3594 locis
1007 3540 1351 3615 versabatur
1381 3540 1634 3615 (Jesus)_:
1669 3556 1809 3615 cum,
1856 3540 2081 3594 'I‘boma
2115 3539 2173 3593 in
2205 3539 2392 3607 India,
2424 3556 2559 3594 cum
2589 3539 2759 3595 Petro
2791 3539 3008 3609 Rome,
3040 3557 3175 3597 cum
3206 3541 3387 3598 Paulo
3419 3543 3482 3598 in
3513 3542 3739 3615 Illyrico,

356 3629 491 3667 cum
522 3613 646 3667 Tito
678 3613 735 3666 in
768 3613 958 3679 Creta,
994 3627 1128 3666 cum
1159 3612 1388 3665 Andrea
1422 3614 1479 3665 in
1511 3611 1750 3666 Achaia.
1782 3614 1916 3683 Cap.
1951 3628 2011 3679 ιι,
2048 3615 2157 3666 etc.

2010 3760 2104 3816 III.

1206 3857 1578 3915 GAUDENTlUS
1608 3858 1784 3931 Brix.,
1815 3861 1877 3914 in
1904 3874 2073 3915 serm.
2104 3858 2292 3914 habito
2322 3858 2381 3913 in
2410 3857 2665 3914 Dedicat.
2699 3857 2905 3916 eceles.

430 3993 688 4069 Joannes
713 3992 779 4069 in
808 3992 1126 4046 Sebastena
1160 3992 1301 4046 urbe
1334 3992 1643 4069 provincia
1675 3991 2011 4069 Palaestinas,
2044 3993 2302 4048 Thomas
2332 3993 2484 4065 apud
2520 3993 2715 4063 Indos,
2766 3995 3029 4050 Andreas
3076 4000 3132 4050 et
3161 3995 3347 4052 Lucas
3376 3998 3539 4069 apud
3570 4002 3741 4052 Patras

358 4065 588 4119 Achaiae
619 4064 932 4133 civitatem,
966 4064 1359 4119 consummati
1392 4066 1746 4118 referuntur.
1782 4068 1926 4135 Cap.
1958 4080 2060 4119 xu.

2016 4215 2114 4270 IV.

780 4316 1045 4369 PAULINUS
1075 4316 1366 4383 NOLANUS,
1400 4312 1470 4368 de
1501 4312 1559 4368 S.
1590 4313 1796 4381 Felice,
1826 4314 2008 4370 Natat.
2036 4332 2113 4383 ix,
2148 4330 2289 4370 vers.
2316 4315 2442 4384 406,
2471 4330 2602 4386 pag.
2635 4314 2762 4384 637,
2794 4315 2925 4373 edit.
2966 4318 3157 4375 Veron.
3193 4318 3351 4374 1736.

1291 4448 1426 4521 [tein
1456 4453 1621 4517 pater
1652 4448 1933 4521 Andreas,
1968 4447 2096 4521 heic
2125 4448 2224 4519 qui
2256 4448 2613 4521 piscator_ad
2650 4452 2829 4521 Argos

1286 4518 1523 4591 Missus.
1557 4519 1900 4590 vaniloquas
1931 4518 2485 4575 docuit’mu’tescere
2516 4518 2788 4591 linguas:

1286 4590 1393 4662 Qui
1429 4607 1735 4661 posuquam
1769 4590 2015 4662 p0pulos
2048 4593 2235 4661 ruptis
2265 4592 2482 4646 erroris
2511 4590 2699 4661 iniqui

1291 4661 1533 4716 Hetibus
1562 4661 1859 4732 explicuit,
1891 4662 2180 4733 traxitque
2210 4664 2281 4717 ad
2316 4662 2459 4718 retia
2489 4662 2722 4731 Christi,

1286 4733 1657 4788 Thessalicas
1691 4736 1819 4788 fuso
1852 4734 2154 4789 damnavit
2185 4734 2472 4805 sanguine
2504 4737 2726 4789 Patras.
2762 4733 2890 4805 Cap.
2925 4751 2981 4788 ι.

1217 4873 1381 4944 IDEM,
1415 4874 1574 4946 ibid.,
1607 4874 1806 4932 Natat.
1838 4894 1916 4944 ιι,
1947 4892 2089 4931 vers.
2121 4876 2350 4943 76-356,
2381 4893 2506 4948 pag.
2541 4878 2665 4947 443,
2698 4878 2802 4933 468

1455 4875 1574 4946 'n'd.,
1607 4874 1806 4932 Natat.
1838 4894 1916 4944 ιι,
1947 4892 2089 4931 vers.
2121 4876 2350 4943 76-356,
2381 4893 2506 4948 pag.
2541 4878 2665 4947 443,
2698 4878 2802 4933 468
2832 4882 2890 4933 et
2917 4878 3041 4933 659.

1289 4989 1382 5043 Sic
1416 4994 1564 5064 Deus
1585 4996 1654 5064 et
1686 4991 1925 5064 reliquis
1953 4991 2222 5047 tribuens
2253 4990 2347 5060 pia
2380 5007 2624 5047 munera
2652 4992 2843 5064 terris,

1285 5060 1756 5136 §par_sit_ubique
1787 5060 1896 5119 loci
1930 5079 2172 5136 magnas
2204 5079 2314 5118 sua
2344 5064 2610 5119 membra
2638 5081 2742 5136 per
2771 5060 2967 5120 urbes.

1286 5131 1378 5187 Sic
1408 5133 1567 5189 dedit
1594 5131 1885 5190 Andream
1915 5131 2124 5191 Patris.
2205 5175 2219 5190 .
2300 5174 2315 5189 .
2395 5176 2409 5190 .
2488 5176 2501 5189 .
2584 5178 2597 5190 .
2638 5131 2693 5190 ⁷.
2774 5177 2788 5192 .
2870 5175 2883 5190 .

1291 5245 1305 5258 .
1386 5244 1398 5258 .
1479 5245 1493 5259 .
1575 5248 1589 5261 .
1670 5246 1684 5261 .
1764 5248 1779 5263 .
1860 5248 1874 5261 .
1951 5247 1965 5261 .
2046 5247 2063 5263 .
2145 5245 2159 5260 .
2234 5209 2375 5261 tunc
2405 5206 2692 5263 Andream
2723 5207 2948 5264 devexit
2977 5206 3230 5265 Achivis.

1488 5444 1710 5502 Penus
1741 5448 2172 5518 Cnarsomcus,
2204 5462 2370 5502 serm.
2404 5464 2639 5502 cxxxiii.

434 5573 670 5625 Crucem
706 5587 881 5643 quam
917 5570 1250 5644 refugerant
1284 5568 1517 5644 (Petrus
1538 5575 1595 5644 et
1645 5573 1947 5642 Andreas),
1981 5575 2185 5644 postea
2215 5569 2543 5643 conjunctis
2576 5571 2796 5629 viribus
2825 5573 3098 5631 ardenter
3126 5573 3428 5635 invadunt.
3458 5610 3529 5620 —-
3559 5582 3736 5633 Petrus

312 5672 315 5677 -
366 5658 619 5713 namque
651 5660 905 5714 crucem,
939 5643 1203 5698 arborem
1238 5643 1575 5698 conscendit
1606 5645 1886 5701 Andreas.
1922 5643 2052 5718 Cap.
2089 5660 2145 5698 x.
