4016 6222
428 372 571 431 1191
1238 364 1929 427 PRESBYTERORUM
1976 366 2014 425 Ε

2182 368 2642 430 [ACUNORUM
2688 368 3012 428 ACHALE
3642 376 3768 437 1192

494 500 661 559 Οὗτος
693 494 923 572 ἀδελφὸς
954 498 1180 571 γνήσιος
1216 496 1475 571 ὑπάρχων
1502 499 1597 550 τοῦ
1633 494 1875 570 μεγάλου
1928 494 2063 550 ἀπο-

2251 498 2353 554 Ηίο
2386 516 2702 573 germanus
2736 498 2932 571 magni
2965 498 3209 571 apostoli
3241 499 3411 567 Petri,
3444 491 3564 572 post
3590 505 3768 561 Ascen-

420 586 618 643 στόλου
677 585 929 659 Πέτρου,
990 585 1122 657 μετά
1188 586 1287 653 τὴν
1347 582 1640 657 Ἀνάληψιν
1711 589 1807 639 τοῦ
1865 586 2006 661 Κυρῇ

2181 587 2400 644 sionem
2430 588 2664 645 Domini
2698 588 2879 645 nostri
2936 589 3076 645 Jesu
3133 588 3363 654 Christi,
3405 591 3701 661 praedicavit
3724 596 3767 650 in

419 680 578 749 ἡμῶν
630 677 807 745 ’1ησοῦ
860 679 1118 749 Χριστοῦ,
1169 673 1417 747 ἐκήρυξεν
1470 673 1547 736 εἷς
1595 679 1764 729 πᾶσαν
1797 674 1894 742 τήν
1928 696 2001 728 πα

2186 681 2297 732 tota
2347 678 2645 733 maritima
2702 695 2804 734 ora
2861 677 3163 749 Bithyniae,
3227 677 3409 747 Ponti,
3448 680 3683 737 Thracia
3729 689 3772 739 et

420 765 575 821 ἀλιον
620 771 721 833 τῆς
772 763 1043 831 Βιθυνίας,
1094 764 1182 817 καὶ
1229 767 1327 817 τοῦ
1377 762 1601 835 Πόντου,
1650 763 1737 816 καὶ
1784 770 1884 832 τῆς
1934 772 2005 837 Θρ

2182 766 2452 839 Scythiae:
2488 767 2697 823 deinde
2726 783 2999 839 magnam
3057 766 3475 838 Sebastopolim
3526 768 3768 827 lustravit.

419 876 543 925 κης,
605 854 693 908 καὶ
740 860 839 921 τῆς
899 851 1146 913 Σκυθίας.
1196 852 1342 906 Μετά
1400 848 1457 905 δὲ
1509 857 1675 906 ταῦτα
1723 850 1962 921 ἀπῆλθεν

2186 887 2240 896 -
2272 860 2569 912 Postremo
2602 857 2803 912 Patras
2832 855 3061 911 Achaiae
3103 855 3159 910 in
3218 856 3659 928 Peloponnesum
3688 864 3772 916 mi-

418 938 851 999 Σεϐαστουπόλει
897 944 966 1013 τῇ
1014 940 1237 1015 μεγάλη.
1275 972 1345 983 -
1375 940 1507 994 Εἶτα
1554 938 1795 1009 ἀπῆλθεν
1849 940 1899 995 ἐν
1952 947 2004 995 Πι

2182 946 2379 1017 gravit,
2414 945 2514 1001 ubi
2547 946 2617 1001 ab
2647 947 2821 1019 Egea
2864 944 3209 1018 proconsule
3240 946 3301 1000 in
3359 963 3578 1002 crucem
3608 949 3768 1005 subla-

414 1053 567 1108 τραις
610 1038 707 1100 τῆς
754 1027 948 1104 Ἀχαία
995 1028 1069 1091 εἰς
1120 1028 1558 1098 Πελοπόννησον.
1614 1030 1709 1083 Καὶ
1752 1027 2000 1105 ἐςταυρώ(

2182 1037 2269 1089 tus
2328 1038 2448 1091 est:
2509 1038 2683 1107 atque
2739 1034 2821 1091 ita
2876 1038 3124 1091 mortem
3183 1033 3348 1090 obiit.
3412 1034 3575 1107 Capp.
3626 1053 3681 1103 ιι,
3724 1054 3768 1105 x,

416 1122 519 1177 ὑπὸ
549 1118 717 1194 Αἰγέα
742 1122 838 1172 τοῦ
871 1116 1195 1182 ἀνθυπάτου·
1229 1117 1315 1172 καὶ
1350 1116 1523 1179 οὕτως
1564 1115 1878 1187 ἐτελειώθη.
2168 1138 2269 1177 x11.

2048 1262 2190 1318 XIII.

404 1358 693 1413 Erasmus
725 1354 1069 1411 Uxamensis
1100 1356 1163 1429 et_
1184 1354 1406 1429 Baa'rus
1450 1354 1772 1429 presbyter,
1796 1353 1927 1429 _lib_.
1958 1368 2004 1429 ι,
2038 1354 2697 1429 adversusuBlipandum
2759 1355 3264 1429 archiepiscopum
3324 1356 3667 1413 Toletanum.
3698 1358 3763 1413 Bs

1138 1424 1491 1480 Bibliotheca
1522 1424 1758 1478 Patrum
1792 1425 2129 1492 Parisiensi,
2161 1434 2288 1481 tom.
2317 1427 2407 1496 IV,
2436 1424 2581 1497 part.
2614 1426 2677 1498 ii,
2706 1445 2834 1499 pag.
2865 1424 2992 1495 526,
3026 1430 3087 1484 A.

477 1548 677 1617 Agnus
710 1545 817 1599 iste
850 1542 1317 1617 pr_a3dar_n_qu_am_
1357 1541 1618 1617 tenebas,
1653 1541 1929 1617 excussit,
1977 1545 2034 1596 et
2077 1543 2621 1617 argumentationes
2654 1543 3053 1617 phi1030phiaa
3096 1549 3231 1610 tuas,
3266 1544 3762 1617 simplicitatissua

408 1612 739 1673 innocentia
770 1612 1007 1669 omnino
1034 1613 1263 1685 delevit.
1300 1612 1413 1667 Istc
1458 1616 1546 1666 est
1588 1615 1783 1682 Agnus
1813 1612 2253 1680 immaculatUs,
2285 1614 2384 1683 qui
2438 1612 2719 1685 quotidie,
2754 1623 2814 1671 ut
2848 1612 3053 1670 beatus
3110 1612 3506 1684 Andreas—ait,
3536 1616 3586 1669 in
3622 1616 3765 1671 altare

405 1688 593 1743 crucis
625 1688 1060 1742 sanctiﬁcatur:
1097 1684 1263 1759 Cujus
1305 1700 1492 1737 carnes
1538 1694 1889 1754 posteaquam
1918 1688 2096 1738 omnis
2125 1688 2361 1756 populus
2403 1684 2749 1741 credentium
2797 1687 3207 1742 manducauerit
3257 1692 3309 1741 et
3337 1692 3460 1759 ejus
3484 1690 3765 1757 sanguinem

406 1762 621 1823 biberit,
654 1765 841 1825 Agnus
886 1760 981 1827 qui
1028 1758 1368 1824 sacriﬁcatus
1414 1758 1514 1818 est,
1552 1758 1758 1824 integer
1786 1761 2095 1825 perseverat
2124 1764 2174 1810 et
2205 1760 2401 1811 vivus:
2432 1763 2481 1811 et
2526 1774 2651 1811 cum
2704 1774 2822 1813 vere
2875 1759 3223 1827 sacriﬁcatus
3270 1758 3371 1825 sit,
3396 1767 3444 1813 et
3474 1776 3589 1813 vere
3612 1774 3763 1812 carnes

402 1834 516 1902 ejus
546 1834 659 1885 sint
686 1829 1037 1884 manducata:
1060 1846 1093 1883 a
1119 1828 1342 1899 paputo,
1373 1832 1425 1882 et
1456 1842 1577 1881 vere
1607 1829 1842 1897 sanguis
1874 1828 1991 1898 ejus
2028 1828 2101 1882 sit
2129 1829 2395 1883 haustus:
2426 1832 2627 1900 tamen,
2658 1834 2718 1883 ut
2756 1829 2899 1891 dixi.
2934 1832 3149 1901 integer
3169 1838 3376 1897 manet,
3410 1836 3462 1884 et
3490 1831 3767 1885 immacula-

399 1906 485 1959 tus
514 1911 563 1958 et
596 1903 769 1958 vivus.
802 1902 938 1972 Cap.
971 1916 1050 1955 v1.

2108 1996 2176 2050 V.

2108 1997 2176 2050 V.

616 2091 860 2155 Fconus,
895 2087 955 2142 in
983 2088 1217 2141 Auctar.
1253 2084 1321 2140 ad
1355 2082 1721 2157 Martyrolog.
1756 2088 1943 2139 Bsnm.
1978 1997 2255 2140 EZIActis
2284 2084 2629 2141 Sanctorum
2665 2083 2933 2142 Bolland.
2970 2086 3125 2141 Mart.
3164 2091 3297 2142 tom.
3332 2086 3405 2154 II,
3439 2103 3659 2159 νημαι,

469 2206 531 2261 In
564 2203 799 2267 Achaia,
834 2202 1063 2273 civitate
1092 2200 1316 2266 Patras,
1351 2199 1544 2271 passio
1578 2200 1635 2254 S.
1666 2198 1906 2254 Andreae
1937 2197 2225 2271 apostoli:
2259 2200 2359 2271 qui
2391 2200 2704 2256 cruciﬁxus
2734 2217 2838 2273 pro
2872 2200 3080 2258 Christi
3114 2201 3375 2273 nomine,
3408 2218 3577 2258 suum
3624 2216 3753 2256 com-

394 2278 570 2351 plevit
597 2274 961 2347 martyrium.
997 2272 1124 2344 Cap.
1160 2290 1211 2326 χ.

2034 2376 2155 2433 XV.

392 2474 563 2540 MiLo,
597 2468 921 2527 monachus
953 2465 1321 2536 Elnonensis,
1353 2467 1415 2519 in
1456 2464 1586 2520 Vita
1625 2466 1682 2521 S.
1715 2464 1965 2520 Amandi
2014 2464 2212 2591 epigg.4
2246 2466 2496 2537 Traject.
2528 2467 2625 2523 lib.
2659 2484 2699 2535 ι,
2728 2484 2849 2539 cap.
2908 2468 2959 2523 1.
2994 2469 3075 2523 Ea:
3102 2467 3370 2524 Bolland.
3406 2469 3555 2524 Febr.
3584 2471 3697 2522 tam.
3727 2466 3743 2520 1

1949 2553 2075 2591 vaa.
2220 2578 2232 2591 .

1943 2553 2075 2608 pag.
2107 2553 2232 2591 tm.

1315 2651 1457 2706 Hinc
1487 2651 1629 2721 petit
1655 2651 1915 2705 Andreas
1948 2652 2311 2723 properando
2342 2651 2529 2707 virilis
2570 2653 2870 2721 Achaiam,

1316 2726 1395 2777 Ac
1437 2740 1647 2777 nomen
1680 2722 1979 2793 proprium
2012 2722 2297 2794 patrando
2332 2724 2576 2779 viriliter
2605 2724 2833 2797 implet.

2024 2860 2163 2917 XVI.

631 2968 1027 3023 WALAPRIDUS
1058 2965 1300 3032 S'raaso,
1330 2959 1512 3015 Carm.
1546 2958 1614 3013 de
1642 2958 1699 3014 S.
1732 2959 1981 3015 Audrea.
2015 2960 2099 3015 Ea:
2132 2960 2430 3016 Thesauro
2469 2959 2685 3016 Canisii
2715 2966 2845 3019 tom.
2886 2962 2956 3033 ΙΙ,
2983 2968 3132 3033 part.
3170 2978 3228 3027 ιι,
3260 2978 3392 3033 pag.
3420 2962 3543 3016 258.

1199 3076 1474 3132 Protinus
1508 3074 1763 3129 Andreas
1796 3078 2182 3145 compunctus
2215 3091 2351 3131 voce
2380 3075 2689 3143 Tonantis,

1340 3145 1597 3218 Credidit
1628 3151 1908 3201 aeternum
1940 3146 2264 3204 salvantem
2300 3147 2509 3202 saecula
2538 3163 2730 3218 regem
2761 3166 2774 3204 :

1339 3216 1598 3299 Pendula
1628 3225 1886 3299 captura?
1912 3219 2468 3299 contemnens‘retia
2504 3216 2735 3299 spretae,

1342 3292 1408 3343 Et
1437 3290 1591 3344 dicto
1624 3290 1795 3343 citius
1828 3290 2041 3361 Christi
2075 3294 2361 3361 praecepta
2396 3291 2646 3345 facessit.

1338 3361 1480 3425 Quis
1515 3377 1823 3415 numerare
1853 3360 2008 3415 valet
2036 3360 2333 3432 pepulosis
2364 3362 2576 3432 oppida
2608 3361 2822 3416 turmis

1337 3433 1498 3488 Illius
1531 3432 1785 3503 eloquio,
1820 3448 1946 3503 quas
1980 3434 2115 3486 fana
2145 3432 2387 3503 profana
2412 3432 2715 3502 fricabant,

1336 3503 1586 3559 Credula
1616 3502 1935 3574 pandentes
1968 3504 2089 3574 regi
2116 3502 2433 3573 praecordia
2463 3502 2733 3558 Christo?

1340 3576 1558 3647 Nempe
1591 3576 1774 3628 vicem
1822 3574 2061 3647 Domino
2092 3575 2351 3629 solvebat
2372 3575 2821 3647 calcefcruenta,

1338 3644 1709 3701 Dum—crucis
1740 3647 1798 3699 in
1834 3644 2029 3717 patulo
2062 3662 2389 3717 suspensus
2419 3646 2615 3717 stipite
2650 3649 2870 3717 martyr

1336 3718 1553 3773 Ultima
1585 3717 1847 3773 mortalis
1881 3716 2093 3771 clausit
2121 3716 2415 3788 spiracula
2442 3716 2595 3785 vitae,

1338 3790 1668 3861 Purpureas
1701 3805 1942 3844 sumens
1972 3788 2203 3844 Christo
2236 3794 2515 3861 regnante
2548 3804 2812 3844 coronas.

1992 3929 2162 3985 XVII.

678 4031 1015 4101 RHABANUS,
1050 4032 1109 4085 in
1168 4026 1463 4101 Martyrol.
1499 4028 1567 4082 ad
1598 4028 1653 4082 d.
1680 4028 1748 4082 30
1778 4029 1907 4083 Nov.
1942 4030 2035 4082 Ea:
2066 4028 2365 4084 Thesauro
2397 4028 2609 4084 Canisii
2646 4038 2774 4084 tom.
2812 4028 2880 4094 II,
2911 4032 3059 4099 part.
3093 4045 3155 4095 ιι,
3184 4045 3314 4100 pag.
3350 4030 3482 4084 348.

440 4144 643 4201 Natale
668 4145 857 4201 sancti
888 4146 1127 4217 Andrea
1161 4144 1426 4216 apostoli.
1462 4174 1529 4185 —
1557 4143 1661 4198 Hic
1692 4144 2028 4215 praedicavit
2059 4142 2357 4216 Scythiam
2391 4148 2446 4200 et
2474 4144 2773 4216 Achaiam,
2805 4143 3002 4217 ibique
3032 4144 3092 4199 in
3127 4143 3363 4201 civitate
3398 4149 3598 4202 Patras
3624 4143 3745 4201 cruci

369 4232 703 4289 suspensus
735 4217 1027 4274 occubuit.
1065 4216 1193 4287 Cap.
1226 4233 1281 4271 x.

1981 4330 2177 4387 XVIII.

826 4433 1161 4503 Usuaauus,
1195 4433 1255 4486 in
1288 4428 1697 4501 Martyrologio
1727 4431 1801 4484 ad
1827 4429 1879 4484 d.
1914 4430 1984 4485 3O
2015 4430 2291 4499 Novemb.,
2320 4447 2446 4503 pag.
2482 4429 2606 4498 193,
2639 4430 2769 4486 edit.
2804 4432 2911 4486 BB.
2946 4433 3130 4488 Paris.
3166 4432 3324 4487 1718.

437 4561 503 4635 In
536 4558 767 4635 civitate
800 4559 999 4635 Patras
1031 4555 1336 4635 provincias
1371 4551 1614 4621 Achaize,
1646 4553 1857 4635 natalis
1885 4554 2073 4635 sancti
2102 4555 2343 4609 Andreas
2367 4554 2659 4635 .apostoli.
2692 4554 2794 4626 qui
2842 4555 3018 4635 etiam
3053 4557 3207 4635 apud
3242 4556 3544 4635 Scythiam
3573 4554 3746 4635 praedio

367 4632 535 4708 cavit.
572 4630 675 4685 Hic
708 4625 1093 4708 beatissimus
1116 4630 1189 4683 ab
1221 4629 1371 4699 Egea
1397 4626 1745 4708 proconsule
1776 4625 2259 4708 comprehensus,
2292 4625 2481 4708 primo
2533 4626 2591 4681 in
2648 4625 2994 4708 carcerenest
3025 4625 3283 4695 clausus,
3317 4625 3387 4683 ac
3422 4625 3621 4685 deinde
3654 4642 3749 4700 grr

366 4701 607 4759 vissime
629 4718 850 4770 caasus;
886 4703 958 4757 ad
993 4697 1429 4757 ultimum—vero
1457 4698 1514 4752 in
1546 4713 1716 4752 cruce
1745 4714 2063 4769 appensus,
2095 4697 2271 4753 biduo
2303 4697 2448 4753 inihi
2494 4697 2833 4770 supervixit.
2868 4698 3039 4770 Capp.
3072 4716 3197 4766 νιιι,
3230 4716 3306 4764 ιχ,
3337 4717 3397 4768 x,
3438 4718 3538 4756 xu.

2001 4839 2145 4895 XIX.

365 4942 670 5006 REMIGIUS,
706 4940 1027 4995 monachus
1057 4944 1587 5003 ANTISIODORENSIS,
1612 4934 2346 5064 Comment..intpsal)r:1‘ilitn
2375 4953 2494 4992 xxx.
2530 4936 2725 4991 Exstat
2755 4934 2813 4990 in
2861 4935 3223 4994 Bibliotheca
3271 4937 3513 4994 Patrum
3546 4935 3741 5009 Lugdu-

1799 5024 1985 5064 nen81.
2042 5024 2148 5064 om.
2313 5049 2325 5062 .

1799 5024 1985 5077 neum,
2021 5024 2148 5064 tom.
2176 5024 2325 5062 λνι.

434 5127 709 5191 Quamvis
740 5128 848 5183 hoc
877 5130 1309 5182 sacramentum
1338 5142 1373 5181 a
1404 5124 1669 5196 pluribus
1700 5122 2040 5196 accipiatur,
2073 5140 2189 5180 non
2238 5127 2456 5190 tamen,
2500 5125 2565 5178 ut
2611 5122 2859 5190 videtur,
2894 5124 2955 5179 in
2990 5128 3187 5196 partes
3246 5132 3329 5181 est
3365 5124 3635 5189 divisum,
3663 5118 3735 5175 sed

360 5202 549 5255 totum
582 5199 840 5327 singulis
861 5204 949 5255 est
975 5198 1314 5327 igdivisum,
1364 5195 1592 5252 Andrea
1639 5195 1900 5268 apostolo
1932 5196 2017 5252 sic
2046 5199 2336 5252 testante:
2388 5196 2593 5266 Agnus,
2643 5210 2959 5268 quanquam
2994 5195 3361 5268 sacriﬁcam:
3407 5206 3511 5269 est,
3562 5200 3735 5263 inter

357 5287 649 5344 persevera
701 5288 729 5327 e
782 5288 959 5328 vivus.
1037 5288 1129 5343 ap.
1160 5287 1237 5325 vi.

2004 5381 2118 5437 XX.

988 5484 1242 5542 Joannes
1274 5482 1718 5549 Eucnarrsusxs,
1748 5479 1809 5533 in
1835 5479 2230 5551 Poematibus,
2256 5495 2384 5551 pag.
2415 5478 2506 5547 70,
2539 5493 2574 5534 α

1546 5494 1718 5549 mals,
1748 5479 1809 5533 in
1835 5479 2230 5551 Poematibus,
2256 5495 2384 5551 pag.
2415 5478 2506 5547 70,
2539 5477 2669 5534 edit.
2702 5479 2937 5551 Αῑιοηέε,
2973 5479 3132 5537 1610.

1429 5594 1725 5672 ξταυροβσί
1753 5615 1812 5672 τε
1840 5600 1988 5672 τρεῖς
2020 5593 2210 5672 ἄνδρες
2243 5596 2397 5672 ὁμῷς
2431 5590 2707 5672 ᾊνδρέαν.

1429 5668 1583 5726 Tres
1605 5668 1782 5725 simul
1813 5668 1919 5726 viri
1954 5668 2310 5745 cruciﬁguut
2339 5668 2629 5724 Andream
