4016 6222
235 378 388 439 1193
904 377 1288 439 EPISTULA
1336 378 1437 437 DE
1482 375 1821 437 MARTYR:

2059 376 2421 437 ANDREE.
2456 408 2532 423 —
2565 376 2975 440 ΡΗοοΕκτιΑ.
3485 383 3645 443 1194

1866 551 2018 605 ΧΧΙ.

474 667 987 725 MARTYROLOGIUM
1025 666 1336 723 metricum
1367 665 1636 723 Ecclesiae
1666 665 1897 731 Graeca,
1928 665 2017 721 ad.
2051 665 2105 722 d.
2137 666 2206 722 30
2235 667 2388 733 Νου.,
2438 682 2508 723 ex
2550 666 2682 724 edit.
2717 667 2925 737 Siberi,
2951 669 3174 743 Lipsiae,
3207 668 3369 727 1727.

1330 805 2039 885 Ἀντίρντρτξφονησταύρωσιν
2066 806 2323 885 Ἀνδρέας
2355 807 2530 885 utpar,

1326 880 1522 941 Φανείς
1545 877 1797 950 ἆλὴθῶς,
1828 877 1891 933 οὖ
1922 877 2299 952 σκιωδῶς,’ὣν
2335 877 2559 952 μύάτηξ.

1292 952 1685 1024 Antistrophas
1718 952 1867 1009 ﬁxus
1897 952 2053 1008 cruci
2085 953 2197 1008 fuit
2228 952 2507 1020 Andreas,

1284 1025 1567 1081 Sacerdos
1598 1024 1809 1080 Christi
1840 1040 2034 1094 verus,
2077 1041 2193 1080 non
2225 1024 2586 1081 umbratilis.

1851 1164 2019 1222 XXII.

225 1284 608 1339 LANFRANCUS
640 1280 897 1354 archiep.
931 1285 1228 1349 Cantuar.,
1260 1282 1357 1338 lib.
1408 1287 1486 1338 De
1518 1298 1757 1354 corpore
1785 1287 1844 1338 et
1892 1282 2183 1355 sanguine
2234 1282 2485 1352 Domini,
2515 1298 2635 1364 cap.
2666 1300 2723 1351 χ,
2751 1300 2887 1358 pag.
2918 1284 3048 1353 239,
3085 1285 3210 1342 Edit
3237 1288 3447 1349 Paris..
3479 1286 3643 1344 1648.

299 1372 401 1427 Est
451 1371 655 1445 igitur,
680 1375 1113 1445 sacramentum
1138 1375 1205 1445 _et
1235 1388 1328 1426 res
1357 1371 1731 1445 sacramenti,
1764 1372 1824 1445 id
1854 1374 1943 1426 est
1972 1388 2182 1445 corpus
2212 1370 2447 1445 Christi.
2472 1370 2738 1445 Christus
2769 1376 2965 1445 tamen
2995 1389 3282 1445 resurgens
3312 1391 3382 1432 ea:
3408 1376 3645 1430 mortuis

220 1444 344 1516 jam
372 1441 498 1498 non
511 1443 771 1511 moritur,
786 1458 931 1499 mors
961 1442 1055 1497 illi
1082 1441 1242 1497 ultra
1270 1458 1384 1498 non
1410 1441 1789 1498 dominabitur
1807 1442 1983 1514 (Rom.
2011 1441 2091 1509 v1,
2107 1443 2183 1567 (δὲ.
2208 1442 2318 1497 Sed
2350 1446 2504 1498 sicut
2532 1442 2673 1497 dicit
2702 1444 2959 1500 Andreas
2989 1441 3322 1516 apostolus:
3347 1446 3482 1501 Cum
3516 1460 3645 1504 vers

230 1517 290 1567 in
316 1516 480 1567 terris
506 1529 705 1567 carnes
732 1516 848 1567 eius
876 1515 989 1567 sint
1018 1522 1294 1567 comestae.
1328 1522 1382 1567 et
1410 1530 1534 1567 vere
1560 1516 1789 1567 sanauis
1818 1515 1938 1567 eius
1978 1514 2050 1567 sit
2082 1514 2136 1567 bi
2174 1515 2280 1567 itus
2302 1532 2319 1567 :
2352 1515 2464 1567 ipse
2506 1516 2688 1567 tamen
2716 1531 2888 1567 usque
2915 1517 2978 1567 in
3009 1521 3251 1567 temnora
3279 1518 3645 1567 restitutionis

230 1517 290 1570 in
316 1516 480 1590 terris
506 1529 706 1590 carnes
732 1516 848 1590 ejus
876 1515 989 1568 sint
1005 1522 1294 1590 comestae,
1328 1522 1382 1568 et
1410 1530 1534 1590 vere
1560 1516 1789 1590 sanguis
1818 1515 1938 1583 ejus
1978 1514 2050 1569 sit
2082 1514 2319 1590 bibitus;
2352 1515 2464 1590 ipse
2506 1516 2688 1569 tamen
2716 1531 2888 1587 usque
2915 1517 2978 1572 in
3009 1514 3251 1590 tempora
3279 1518 3647 1574 restitutionis

226 1588 499 1652 omnium,
528 1586 586 1639 in
609 1586 916 1640 calestibus
946 1585 1016 1640 ad
1044 1586 1328 1640 dexteram
1354 1587 1541 1641 Patris
1572 1589 1783 1657 integer
1804 1594 2116 1658 perseverat
2143 1589 2197 1640 et
2223 1587 2398 1640 vivus.
2431 1588 2566 1656 Cap.
2596 1601 2674 1641 v1.

1834 1723 2037 1781 XXIII.

207 1810 634 1900 'WOLPHELMUS
664 1840 844 1897 abbas
875 1839 1394 1896 Brunwillerensis
1424 1842 1484 1896 in
1512 1841 1762 1913 Epistola
1793 1841 1871 1897 ad
1916 1840 2336 1913 Meginhardum
2374 1841 2627 1898 abbatem
2678 1840 3152 1912 Gladebacensem,
3184 1844 3256 1900 de
3273 1848 3641 1902 sacramento

291 1913 675 2041 (ISBSuzcbaristiae
708 1916 913 1969 contra
942 1928 1169 1969 errores
1220 1912 1573 1985 Berengarii.
1618 1914 1806 1969 Exstat
1839 1914 1984 1985 apud
2027 1912 2420 1969 Mabillonium
2471 1913 2685 1970 saeculo
2727 1930 2805 1985 VI,
2856 1914 3149 1972 Benedict.
3193 1921 3347 1988 part.
3403 1933 3467 1986 II,
3507 1933 3637 1990 pag.

291 2082 409 2138 Hoc
440 2086 635 2138 autem
674 2098 910 2153 corpus,
943 2085 1076 2152 post
1107 2080 1394 2151 expletam
1450 2096 1611 2137 more
1650 2080 1932 2153 catholico
1981 2082 2477 2145 communionem,
2505 2098 2713 2137 sanum
2746 2085 2803 2137 et
2830 2081 3142 2150 incolume,
3177 2083 3370 2139 vivum
3403 2089 3461 2140 et
3489 2085 3637 2140 inte-

220 2170 390 2226 grum
423 2171 485 2209 se
520 2154 728 2225 recipit
756 2152 828 2208 ad
858 2153 1258 2226 Patrem.ASicq
1288 2155 1446 2226 enim
1496 2157 1746 2208 testatur
1794 2152 2051 2226 Ecclesia
2096 2153 2346 2220 Achaiaa,
2398 2156 2631 2210 beatum
2679 2154 2972 2209 Andream
3015 2156 3349 2226 apostolum
3393 2156 3585 2212 dicere
3619 2173 3633 2213 :

222 2224 519 2296 Postquam
549 2224 726 2280 omnis
752 2224 985 2295 populus
1015 2224 1356 2279 credentium
1384 2225 1525 2294 Agni
1548 2240 1774 2298 carnem
1801 2225 2095 2298 comederit
2132 2229 2184 2280 et
2211 2226 2543 2298 sanguinem
2576 2226 2794 2280 biberit.
2826 2226 3009 2297 Agnus
3034 2224 3132 2297 qui
3156 2227 3500 2298 sacriﬁculus
3536 2235 3637 2296 est,

222 2298 436 2371 integer
457 2300 777 2371 perseuerat
806 2304 858 2351 et
884 2299 1040 2351 vivus
1073 2314 1093 2361 ;
1118 2303 1175 2371 et
1203 2311 1333 2371 cum,
1357 2312 1486 2371 vere
1510 2297 1849 2367 sacriﬁcatus
1879 2297 1973 2365 sit,
2002 2300 2055 2352 et
2084 2311 2205 2371 vere
2231 2311 2421 2371 carnes
2468 2297 2584 2368 ejus
2627 2304 2879 2371 comestae
2926 2313 2968 2354 α
3002 2298 3225 2371 populo,
3255 2297 3314 2357 et
3350 2314 3476 2356 vera
3502 2315 3639 2355 εαη.

222 2370 348 2440 guis
375 2368 493 2440 ejus
522 2370 595 2423 sit
628 2368 846 2435 bibitus,
886 2371 1086 2436 tamen,
1118 2370 1180 2423 ut
1206 2367 1353 2437 dixi,
1385 2375 1437 2423 et
1466 2368 1675 2439 integer
1698 2371 2005 2439 permanet,
2036 2375 2086 2424 et
2107 2367 2518 2436 immaculatus,
2546 2371 2599 2424 et
2624 2369 2801 2424 vivus.
2832 2369 2970 2441 Cap.
3003 2367 3124 2425 viii.

1837 2507 2033 2565 XXIV.

230 2626 329 2683 Ivo
357 2629 743 2683 CARNOTENSIS
775 2625 954 2682 Serm.
988 2625 1066 2682 De
1092 2624 1495 2682 convenientia
1516 2623 1731 2682 veteris
1761 2628 1819 2680 et
1848 2624 2303 2751 ncéiéissaAcriﬁcii.
2336 2629 2421 2683 Ex
2450 2624 2723 2683 Biblioth.
2762 2625 2997 2684 Patrum
3034 2625 3372 2699 Parisiensi,
3404 2634 3536 2686 tom.
3567 2626 3635 2685 X.

1743 2712 1868 2751 naa.
2011 2738 2025 2751 .
2104 2737 2118 2751 .

1742 2712 1868 2767 pag.
1900 2712 2025 2764 δυσ,
2057 2712 2118 2752 Α.

290 2812 534 2886 Ecce‘ad
562 2813 905 2886 memoriam
937 2811 1177 2886 veniunt
1204 2813 1378 2886 verba
1407 2812 1558 2886 beati
1577 2812 1838 2886 Andreae
1872 2810 2364 2886 apostoli,quibus
2392 2813 2600 2869 asserit
2629 2817 2686 2869 et
2713 2811 2772 2868 in
2803 2812 2962 2869 caelis
2983 2829 3110 2870 esse
3140 2830 3350 2886 corpus
3380 2813 3637 2885 Domini,

221 2888 279 2941 et
311 2885 381 2940 de
411 2883 576 2958 altari
612 2900 781 2955 posse
814 2884 967 2938 sumi
1001 2900 1211 2955 corpus
1243 2884 1474 2938 Domini
1511 2901 1524 2939 :
1558 2884 1742 2955 Cujus,
1776 2883 1987 2958 inquit,
2022 2899 2211 2958 carnes
2240 2900 2364 2958 cum
2391 2887 2505 2940 sint
2531 2890 2781 2958 comestae
2822 2886 3071 2958 ingtegrris
3117 2902 3153 2942 a
3179 2883 3404 2958 populo,
3432 2891 3483 2943 et
3509 2883 3638 2943 san;

227 2959 356 3029 guis
383 2958 499 3027 ejus
512 2957 729 3082 lbz'ltn'tus
748 2974 771 3020 ;
799 2959 914 3081 ipse
942 2958 1126 3011 tamen
1154 2970 1324 3026 usque
1352 2958 1414 3011 in
1442 2960 1688 3028 tempora
1712 2956 2077 3012 restitutionis
2104 2957 2373 3025 omnium,
2404 2958 2462 3011 in
2488 2957 2791 3014 caelestibus
2831 2956 2903 3013 ad
2930 2955 3190 3014 dextram
3210 2955 3401 3015 Patris
3427 2960 3639 3030 integer

214 3044 505 3100 persevera
560 3044 588 3082 c
640 3044 815 3082 vivus.
894 3044 986 3099 ap.
1019 3044 1095 3082 v1.

1853 3140 2021 3197 XXV.

225 3232 579 3288 Bsamanus
609 3230 792 3287 abbas
823 3229 1195 3300 Clara-vall.,
1229 3229 1400 3287 Serm.
1437 3229 1497 3287 in
1527 3230 1822 3358 Vigilia
1854 3232 2105 3359 Antigeitg
2147 3230 2417 3303 apostoli,
2464 3248 2622 3288 num.
2667 3231 2724 3304 3,
2774 3247 2898 3305 opp.
2929 3232 3036 3290 vol.
3071 3234 3113 3289 Ι.
3152 3249 3284 3307 pag.
3318 3232 3477 3291 1064.
3506 3232 3638 3291 edit.

1794 3320 1932 3359 aris.
2111 3343 2123 3357 .

1794 3320 1932 3362 ανιδ.
1965 3320 1991 3358 1
2007 3320 2123 3359 ιιυ.

298 3419 561 3473 Andreas
592 3417 919 3490 homoerat
950 3416 1164 3490 similis
1192 3417 1381 3490 nobis,
1414 3416 1731 3489 passibilis,
1762 3422 1820 3474 et
1868 3425 1986 3473 tam
2034 3417 2361 3490 vehementi
2391 3418 2595 3474 ardore
2638 3418 2882 3490 spiritus
2930 3436 3164 3476 crucem
3213 3418 3466 3484 sitiebat,
3514 3423 3638 3475 tam

227 3489 561 3564 inauditos
590 3488 821 3564 sseculis
850 3490 1064 3564 gaudio
1098 3488 1475 3564 tripudiabat,
1509 3494 1751 3564 utcum
1799 3494 2072 3561 paratum
2120 3489 2234 3544 sibi
2256 3490 2514 3564 geminus
2565 3488 2895 3564 patibulum
2927 3491 3328 3564 conspexisset
3358 3506 3371 3546 :
3407 3491 3446 3547 0
3472 3505 3636 3556 crux,

226 3562 448 3632 inquit,
478 3561 575 3616 diu
606 3561 932 3630 desiderata,
966 3563 1014 3615 et
1043 3561 1160 3630 jam
1193 3563 1600 3632 concupiscenti
1627 3560 1814 3615 animo
1842 3563 2197 3631 praeparata!
2244 3560 2474 3617 Securus
2502 3560 2582 3616 et'
2602 3561 2843 3630 gaudens
2871 3565 3031 3619 venio
3060 3560 3130 3617 ad
3166 3570 3233 3632 te,
3276 3564 3359 3617 ita
3388 3566 3451 3616 ut
3496 3566 3548 3616 et
3577 3565 3639 3632 tu

233 3631 522 3688 exsultans
550 3634 818 3703 suscipias
846 3648 952 3687 me.
986 3632 1056 3686 Et
1085 3631 1258 3704 paulo
1291 3637 1439 3703 post,
1474 3647 1636 3686 num.
1674 3632 1705 3686 4
1736 3649 1749 3685 :
1781 3632 2143 3704 Terrendum
2172 3647 2309 3704 eum
2357 3636 2522 3704 putat
2560 3633 2786 3703 Egeas,
2834 3634 3022 3689 crucis
3070 3631 3422 3704 supplicium
3458 3631 3633 3686 mini-

225 3710 359 3760 tans
389 3721 401 3759 :
436 3704 537 3759 sed
570 3702 705 3757 non
734 3708 823 3758 est
854 3705 956 3757 ita.
988 3702 1341 3776 Accenditur
1371 3704 1559 3773 magis
1590 3703 1649 3756 in
1681 3703 1853 3776 verbo
1884 3703 2011 3768 hoc,
2062 3708 2120 3757 et
2166 3702 2343 3776 libere
2366 3702 2590 3776 clamat
2620 3702 2790 3776 {Ego
2819 3706 2870 3759 si
2902 3702 3217 3776 patibulum
3261 3706 3444 3760 crucis
3470 3719 3635 3776 expa—

222 3792 509 3855 vescerem,
542 3778 720 3829 crucis
747 3774 1539 3855 gloriamnunpraediearem:
1585 3781 1659 3855 At
1690 3774 2089 3855 paratum
2137 3773 2249 3828 sibi
2280 3774 2532 3855 ligpum_
2556 3773 2832 3855 intuitus
2856 3773 2964 3855 est,
3020 3792 3089 3831 ex
3113 3775 3417 3855 _boc._ja.m
3464 3773 3637 3845 plane

223 3852 383 3903 totus
426 3820 1186 3918 igbescens’applaudebat:
1207 3853 1257 3900 et
1289 3844 1697 3918 blandiebatur
1752 3820 2070 3918 illiamataa
2119 3861 2265 3918 suae,
2296 3820 2721 3918 otiﬁciosissime
2751 3820 3066 3914 salutabat,
3096 3820 3635 3902 devotissimereus-

222 3915 499 3990 cipiebat,
532 3915 1173 3989 magnifice—attollebat
1203 3934 1355 3990 eam,
1386 3921 1443 3971 et
1470 3917 1529 3970 in
1570 3916 2076 3990 ipsiuspriaconio
2124 3915 2503 3990 gloriabatur,
2553 3916 2813 3990 clamans
2863 3918 3053 3989 magis
3099 3917 3404 3990 affectione
3453 3932 3633 3987 quam

218 3986 359 4045 vo'ce
400 4006 413 4045 :
455 3986 812 4054 Salvefcrua:
840 3990 1111 4058 pretiosa,
1159 4006 1277 4059 qua
1305 3988 1551 4043 decorem
1579 3986 1631 4042 et
1675 3986 2152 4059 pulchritudinem
2180 3987 2245 4043 de
2290 3988 2546 4043 membris
2587 3989 2885 4045 Dominicis
2924 3986 3230 4060 accepisti?
3267 3988 3442 4057 Salve,
3471 3986 3631 4056 crux,

222 4076 347 4134 quae
375 4063 433 4117 in
462 4077 683 4132 corpore
717 4060 919 4115 Christi
947 4060 1197 4116 dedicata
1227 4077 1301 4129 es,
1333 4063 1387 4114 et
1416 4076 1486 4114 ex
1512 4060 1773 4115 membris
1800 4060 1917 4131 ejus
1947 4067 2209 4131 tanquam
2242 4060 2570 4131 margaritis
2598 4069 2819 4117 ornata.
2851 4062 3027 4133 Capp.
3057 4076 3177 4127 VIII,
3209 4076 3262 4115 x.

1035 4202 1195 4270 IDEM,
1227 4218 1392 4258 serm.
1428 4220 1469 4271 I,
1502 4202 1565 4257 in
1596 4203 1739 4258 festo
1769 4202 1829 4256 in
1861 4202 1920 4257 S.
1951 4203 2211 4273 Andreae,
2243 4219 2399 4257 num'
2432 4203 2483 4273 1,
2510 4219 2639 4275 pag.
2674 4203 2831 4259 1065.

296 4318 439 4397 Cum
471 4320 778 4397 duceretur
809 4318 935 4397 pse
966 4318 1175 4372 beatus
1204 4317 1466 4397 Andreas
1495 4318 1564 4397 ad
1599 4333 1851 4397 crucem,
1885 4315 2139 4397 populus
2171 4317 2270 4397 qui
2288 4320 2571 4397 sanctum
2606 4320 2663 4372 et
2688 4319 2930 4397 justum
2950 4316 3181 4373 dolebat
3216 4318 3436 4388 injuste
3465 4319 3635 4373 dam~

222 4390 371 4454 nari,
403 4390 708 4462 prohibere
739 4388 922 4445 voluit
953 4406 1023 4443 ne
1091 4388 1435 4459 puniretur;
1469 4389 1567 4443 sed
1602 4389 1786 4456 magis
1817 4388 1943 4459 ipse
1972 4388 2405 4443 instantissime
2439 4404 2615 4514 grece
2661 4389 2962 4459 prohibuit
2993 4406 3115 4447 eos.
3148 4406 3219 4444 ne
3250 4406 3363 4444 non
3396 4406 3636 4443 corona-

222 4469 402 4514 retur.
434 4464 553 4514 imo
585 4478 657 4514 ne
688 4479 801 4514 non
837 4465 1148 4514 pateretur.
1183 4460 1565 4514 Desiderabat
1596 4459 1889 4514 siquidem
1921 4458 2248 4514 dissolvi.et
2276 4475 2408 4513 cum
2485 4460 2670 4513 hristo
2692 4476 2842 4514 esse.
2867 4461 2967 4513 sed
3000 4460 3059 4513 in
3090 4476 3260 4514 cruce
3284 4476 3462 4514 quam
3485 4475 3636 4513 sem-

221 4458 553 4529 retur,'imo
585 4478 657 4516 ne
688 4479 801 4515 non
835 4458 1148 4532 pateretur.
1183 4460 1565 4514 Desiderabat
1596 4458 1889 4532 siquidem
1921 4458 2248 4532 dissolvi,et
2276 4475 2417 4532 cum
2439 4458 2675 4532 Christo
2692 4476 2842 4532 esse,
2867 4460 3059 4532 sedin
3090 4476 3260 4514 cruce
3284 4476 3462 4531 quam
3485 4475 3637 4532 sem-

220 4550 326 4604 per
356 4528 649 4588 amaverat
683 4551 694 4587 :
728 4528 1099 4587 desiderabat
1128 4546 1372 4601 regnum
1410 4532 1646 4604 intrare,
1674 4528 1783 4604 aed
1818 4546 1921 4601 per
1992 4528 2345 4601 patibulum.
2393 4531 2540 4596 Quid
2588 4530 2744 4585 enim
2787 4530 2931 4585 dicit
2976 4529 3063 4585 illi
3093 4528 3450 4586 amatas—suas
3475 4529 3502 4584 ‘l
3530 4531 3636 4585 Per

217 4601 291 4671 te,
326 4604 535 4675 lnquit,
566 4620 653 4659 me
683 4606 929 4675 recipiat,
962 4605 1058 4673 qui
1085 4617 1187 4670 per
1218 4609 1268 4657 te
1297 4617 1386 4656 me
1424 4601 1674 4657 redemit.
1706 4602 1844 4672 Cap.
1870 4616 1972 4657 VII.

1259 4743 1417 4811 Iosu,
1469 4758 1633 4798 serm.
1664 4758 1729 4810 II,
1759 4758 1916 4798 num.
1950 4742 2003 4811 3,
2031 4742 2249 4810 ibidem,
2278 4758 2405 4814 pag,
2446 4741 2602 4797 1069.

296 4862 558 4917 Audistis
589 4866 767 4931 certe,
802 4876 935 4916 cum
968 4856 1328 4931 pervenisset
1356 4858 1563 4913 beatus
1591 4858 1851 4913 Andreas
1892 4858 1981 4931 ad,
2012 4857 2207 4914 locum
2242 4856 2340 4931 ubi
2365 4873 2515 4931 crux
2547 4860 2749 4931 parata
2776 4862 2919 4931 erat,
2952 4857 3244 4930 quomodo
3274 4858 3635 4915 confortatus

226 4933 305 4989 sit
332 4933 391 4988 in
424 4933 691 4999 Domino,
718 4927 775 4988 et
806 4927 1247 5005 peris—piritum,
1274 4945 1447 5005 quem
1481 4946 1599 5005 una
1628 4945 1762 5005 cum
1796 4928 2018 4986 caeteris
2049 4928 2330 5005 apostolis
2360 4929 2418 5005 in
2450 4927 2636 5000 igneis
2668 4927 3248 5005 linguis—acceperat,
3292 4931 3469 5005 verba
3505 4946 3637 5005 vere

227 5005 399 5073 ignea
427 5005 780 5076 loqueretur.
806 4999 874 5043 '—
908 4999 1599 5076 Ex'abundantiacordis
1630 5017 1694 5056 os
1726 5000 1987 5076 locutum
2013 4999 2102 5076 est
2128 5006 2221 5076 ;_et
2250 4999 2507 5076 charitas
2532 5016 2657 5071 quas
2691 4999 2947 5076 fervebat
2978 5002 3037 5056 in
3068 4999 3261 5068 corde,
3290 5002 3464 5076 quasi
3489 5001 3639 5058 scin-

225 5071 387 5131 tillas
421 5071 704 5148 quaedam
739 5074 1183 5148 ardentissimae
1213 5073 1490 5148 emi_teb_at
1514 5072 1574 5126 in
1603 5088 1760 5148 voce.
1790 5071 2121 5148 Q_uid_enim
2152 5072 2356 5148 beatus
2384 5072 2643 5148 Andreas
2665 5088 2799 5127 cum
2830 5073 2941 5148 sibi
2972 5071 3331 5148 paratam,ut
3351 5072 3638 5148 dixi,cru§

226 5163 355 5203 cem
382 5142 614 5203 eminus
645 5150 928 5215 cerneret,
960 5144 1351 5217 loquebatur?
1402 5144 1440 5199 0
1472 5160 1637 5210 crux,
1680 5143 1893 5217 inquit,
1924 5143 2021 5217 diu
2046 5142 2375 5217 desideratu,
2404 5146 2457 5217 et
2485 5143 2607 5217 jam
2636 5142 3042 5217 concupiscenti
3068 5145 3254 5200 animo
3278 5146 3640 5217 praeparata!

228 5220 462 5275 Securus
491 5228 541 5276 et
564 5219 806 5290 gaudens
839 5213 994 5272 venio
1020 5213 1091 5271 ad
1114 5219 1170 5290 te
1189 5231 1210 5290 ,ξ
1231 5216 1328 5290 Δἱιο.
1355 5218 1417 5290 ut
1445 5219 1505 5269 tu
1533 5216 1817 5290 cnsultans
1845 5216 2116 5290 suscipias
2152 5230 2264 5281 me,
2309 5213 2641 5280 discipulum
2668 5216 2785 5288 ejus
2805 5213 2923 5289 'qui
2972 5216 3231 5289 pependit
3278 5213 3348 5272 in
3377 5213 3430 5272 te
3458 5231 3472 5271 :
3506 5215 3637 5287 quia

226 5300 445 5347 amator
476 5285 604 5347 tuus
631 5305 845 5361 semper
871 5290 983 5360 fui,
1014 5292 1064 5343 et
1093 5285 1403 5342 desideravi
1431 5286 1701 5358 amplecti
1728 5293 1799 5343 te.
1834 5286 1971 5358 Cap.
1993 5285 2060 5341 7x.

993 5428 1161 5497 IDEM,
1194 5427 1255 5481 in
1281 5442 1444 5482 serm.
1476 5441 1593 5496 XVI,
1624 5427 1695 5482 de
1722 5425 1991 5494 diversis,
2021 5442 2175 5482 num.
2206 5425 2277 5494 ὃς
2313 5424 2533 5483 ibidem.
2560 5442 2699 5498 pag.
2734 5427 2892 5485 1122.

303 5547 581 5619 Nunquid
608 5565 722 5603 non
755 5564 934 5620 supra
965 5550 1235 5620 naturam
1269 5545 1497 5620 beatus
1523 5543 1633 5620 iste
1660 5546 1921 5620 Andreas
1954 5543 2274 5620 apostolus,
2304 5544 2475 5620 cujus
2506 5543 2848 5620 solemnitas
2887 5564 3003 5619 prae
3036 5546 3308 5620 manibus
3337 5551 3445 5619 est,
3478 5552 3640 5605 tran-

231 5617 601 5749 siliera‘télq‘ui
617 5617 884 5749 gicebat:
911 5620 949 5676 0
985 5619 1121 5674 bona
1144 5634 1303 5685 crux,
1334 5617 1432 5673 diu
1460 5617 1789 5692 desiderata,
1812 5621 1864 5674 et
1883 5618 2007 5691 jam
2034 5617 2438 5690 concupiscenti
2463 5618 2649 5674 animo
2674 5617 2988 5691 praeparata
3012 5622 3031 5675 !
3059 5618 3293 5677 Securus
3315 5623 3367 5677 et
3392 5617 3637 5693 gaudens

229 5707 389 5751 venio
576 5734 591 5748 .
664 5708 755 5763 ap.
786 5708 845 5748 x.

555 5819 821 5883 Psmon.
869 5818 984 5881 Gn.
1026 5816 1107 5879 Il.
3240 5816 3321 5887 38
