  <div class='ocr_page' id='page_1' title='image "/cluster/home/n/w/nwhite01/storage/ocr_20150623/2/hvd.32044073501397/606.png"; bbox 0 0 4016 6222; ppageno 0'>
   <div class='ocr_carea' id='block_1_1' title="bbox 184 439 3568 512">
    <p class='ocr_par' dir='ltr' id='par_1_1' title="bbox 184 439 3568 512">
     <span class='ocr_line' id='line_1_1' title="bbox 184 439 3568 512; baseline 0.003 -12"><span class='ocrx_word' id='word_1_1' title='bbox 184 439 319 502; x_wconf 79' lang='lat' dir='ltr'><strong>H97</strong></span> <span class='ocrx_word' id='word_1_2' title='bbox 836 444 1219 506; x_wconf 80' lang='lat' dir='ltr'><strong>EPISTULA</strong></span> <span class='ocrx_word' id='word_1_3' title='bbox 1261 445 1365 506; x_wconf 89' lang='lat' dir='ltr'><strong>DE</strong></span> <span class='ocrx_word' id='word_1_4' title='bbox 1408 445 1820 508; x_wconf 74' lang='lat' dir='ltr'><strong>MARTYBIO</strong></span> <span class='ocrx_word' id='word_1_5' title='bbox 1865 449 1929 507; x_wconf 93' lang='lat' dir='ltr'><strong>S.</strong></span> <span class='ocrx_word' id='word_1_6' title='bbox 1974 447 2343 507; x_wconf 66' lang='lat' dir='ltr'><strong>ANDREIE.</strong></span> <span class='ocrx_word' id='word_1_7' title='bbox 2381 479 2455 491; x_wconf 91' lang='lat'><strong>-—</strong></span> <span class='ocrx_word' id='word_1_8' title='bbox 2487 446 2902 509; x_wconf 69' lang='lat' dir='ltr'><strong>PROCEMIA.</strong></span> <span class='ocrx_word' id='word_1_9' title='bbox 3411 450 3568 512; x_wconf 77' lang='grc'><strong>1198</strong></span> 
     </span>
    </p>
   </div>
   <div class='ocr_carea' id='block_1_2' title="bbox 1743 603 1986 661">
    <p class='ocr_par' dir='ltr' id='par_1_2' title="bbox 1743 603 1986 661">
     <span class='ocr_line' id='line_1_2' title="bbox 1743 603 1986 661; baseline -0.004 -1"><span class='ocrx_word' id='word_1_10' title='bbox 1743 603 1986 661; x_wconf 83' lang='lat' dir='ltr'><strong>XXXIII.</strong></span> 
     </span>
    </p>
   </div>
   <div class='ocr_carea' id='block_1_3' title="bbox 308 698 3429 777">
    <p class='ocr_par' dir='ltr' id='par_1_3' title="bbox 308 698 3429 777">
     <span class='ocr_line' id='line_1_3' title="bbox 308 698 3429 777; baseline 0.002 -24"><span class='ocrx_word' id='word_1_11' title='bbox 308 698 700 770; x_wconf 74' lang='lat' dir='ltr'><strong>Soranomus,</strong></span> <span class='ocrx_word' id='word_1_12' title='bbox 732 703 795 755; x_wconf 85' lang='lat' dir='ltr'><strong>ut</strong></span> <span class='ocrx_word' id='word_1_13' title='bbox 818 701 1022 772; x_wconf 80' lang='lat' dir='ltr'><strong>fertur,</strong></span> <span class='ocrx_word' id='word_1_14' title='bbox 1045 702 1122 757; x_wconf 90' lang='lat' dir='ltr'><strong>De</strong></span> <span class='ocrx_word' id='word_1_15' title='bbox 1149 701 1282 758; x_wconf 86' lang='lat' dir='ltr'><strong>vitis</strong></span> <span class='ocrx_word' id='word_1_16' title='bbox 1314 701 1732 775; x_wconf 83' lang='lat' dir='ltr'><strong>apostolorum,</strong></span> <span class='ocrx_word' id='word_1_17' title='bbox 1763 719 1883 776; x_wconf 86' lang='lat' dir='ltr'><strong>cap.</strong></span> <span class='ocrx_word' id='word_1_18' title='bbox 1913 719 1952 758; x_wconf 82' lang='grc' dir='ltr'><strong>ι.</strong></span> <span class='ocrx_word' id='word_1_19' title='bbox 1984 701 2144 775; x_wconf 81' lang='lat' dir='ltr'><strong>Apud</strong></span> <span class='ocrx_word' id='word_1_20' title='bbox 2169 702 2482 760; x_wconf 77' lang='lat' dir='ltr'><strong>Fabricium</strong></span> <span class='ocrx_word' id='word_1_21' title='bbox 2512 706 2571 759; x_wconf 83' lang='lat' dir='ltr'><strong>in</strong></span> <span class='ocrx_word' id='word_1_22' title='bbox 2600 702 2874 761; x_wconf 88' lang='lat' dir='ltr'><strong>Biblioth.</strong></span> <span class='ocrx_word' id='word_1_23' title='bbox 2907 701 3125 760; x_wconf 84' lang='lat' dir='ltr'><strong>Ecoles.</strong></span> <span class='ocrx_word' id='word_1_24' title='bbox 3144 718 3275 777; x_wconf 86' lang='lat' dir='ltr'><strong>pag.</strong></span> <span class='ocrx_word' id='word_1_25' title='bbox 3303 703 3429 760; x_wconf 71' lang='lat'><strong>224.</strong></span> 
     </span>
    </p>
   </div>
   <div class='ocr_carea' id='block_1_4' title="bbox 235 815 1821 901">
    <p class='ocr_par' dir='ltr' id='par_1_4' title="bbox 235 815 1806 901">
     <span class='ocr_line' id='line_1_4' title="bbox 235 815 1806 901; baseline 0.004 -27"><span class='ocrx_word' id='word_1_26' title='bbox 235 815 486 895; x_wconf 86' lang='grc' dir='ltr'>Ἀνδρέας</span> <span class='ocrx_word' id='word_1_27' title='bbox 519 822 548 876; x_wconf 78' lang='grc' dir='ltr'>ὁ</span> <span class='ocrx_word' id='word_1_28' title='bbox 576 818 810 900; x_wconf 77' lang='grc' dir='ltr'>ἀδελφὸς</span> <span class='ocrx_word' id='word_1_29' title='bbox 856 822 1042 897; x_wconf 79' lang='grc' dir='ltr'>αὐτοῦ,</span> <span class='ocrx_word' id='word_1_30' title='bbox 1091 823 1165 885; x_wconf 86' lang='grc' dir='ltr'>ὡς</span> <span class='ocrx_word' id='word_1_31' title='bbox 1217 825 1269 879; x_wconf 88' lang='grc' dir='ltr'><strong>οἰ</strong></span> <span class='ocrx_word' id='word_1_32' title='bbox 1297 825 1403 901; x_wconf 84' lang='grc' dir='ltr'><strong>πρὸ</strong></span> <span class='ocrx_word' id='word_1_33' title='bbox 1433 827 1593 898; x_wconf 79' lang='grc' dir='ltr'><strong>ἡμῶν</strong></span> <span class='ocrx_word' id='word_1_34' title='bbox 1632 845 1806 901; x_wconf 89' lang='grc' dir='ltr'>παρα-</span> 
     </span>
    </p>
   </div>
   <div class='ocr_carea' id='block_1_5' title="bbox 1985 815 3571 901">
    <p class='ocr_par' dir='ltr' id='par_1_5' title="bbox 1999 826 3571 901">
     <span class='ocr_line' id='line_1_5' title="bbox 1999 826 3571 901; baseline 0.001 -17"><span class='ocrx_word' id='word_1_35' title='bbox 1999 827 2257 884; x_wconf 85' lang='lat' dir='ltr'><strong>Andreas</strong></span> <span class='ocrx_word' id='word_1_36' title='bbox 2287 828 2466 884; x_wconf 81' lang='lat' dir='ltr'><strong>frater</strong></span> <span class='ocrx_word' id='word_1_37' title='bbox 2493 827 2670 898; x_wconf 85' lang='lat' dir='ltr'><strong>hujus</strong></span> <span class='ocrx_word' id='word_1_38' title='bbox 2698 826 2978 901; x_wconf 82' lang='lat' dir='ltr'><strong>(Simonis</strong></span> <span class='ocrx_word' id='word_1_39' title='bbox 3009 827 3184 898; x_wconf 85' lang='lat' dir='ltr'><strong>Petri,</strong></span> <span class='ocrx_word' id='word_1_40' title='bbox 3216 831 3284 884; x_wconf 91' lang='lat' dir='ltr'><strong>ut</strong></span> <span class='ocrx_word' id='word_1_41' title='bbox 3319 827 3571 900; x_wconf 68' lang='lat' dir='ltr'><strong>maiores</strong></span> 
     </span>
    </p>
   </div>
   <div class='ocr_carea' id='block_1_6' title="bbox 176 904 1762 990">
    <p class='ocr_par' dir='ltr' id='par_1_6' title="bbox 176 904 1762 988">
     <span class='ocr_line' id='line_1_6' title="bbox 176 904 1762 988; baseline 0.004 -26"><span class='ocrx_word' id='word_1_42' title='bbox 176 904 480 979; x_wconf 78' lang='grc' dir='ltr'><strong>δεδώκασιν,</strong></span> <span class='ocrx_word' id='word_1_43' title='bbox 518 909 752 974; x_wconf 80' lang='grc' dir='ltr'><strong>Σκύθαις</strong></span> <span class='ocrx_word' id='word_1_44' title='bbox 800 911 889 965; x_wconf 82' lang='grc' dir='ltr'><strong>καὶ</strong></span> <span class='ocrx_word' id='word_1_45' title='bbox 936 909 1253 988; x_wconf 81' lang='grc' dir='ltr'><strong>Σογδιανοῖς</strong></span> <span class='ocrx_word' id='word_1_46' title='bbox 1285 912 1372 967; x_wconf 80' lang='grc' dir='ltr'><strong>καὶ</strong></span> <span class='ocrx_word' id='word_1_47' title='bbox 1424 915 1657 976; x_wconf 87' lang='grc' dir='ltr'>Σάκκαις</span> <span class='ocrx_word' id='word_1_48' title='bbox 1682 912 1762 969; x_wconf 72' lang='grc' dir='ltr'><strong>ἐκτ</strong></span> 
     </span>
    </p>
   </div>
   <div class='ocr_carea' id='block_1_7' title="bbox 1983 904 3569 990">
    <p class='ocr_par' dir='ltr' id='par_1_7' title="bbox 1983 916 3569 990">
     <span class='ocr_line' id='line_1_7' title="bbox 1983 916 3569 990; baseline 0 -16"><span class='ocrx_word' id='word_1_49' title='bbox 1983 917 2111 974; x_wconf 67' lang='lat' dir='ltr'><strong>nstri</strong></span> <span class='ocrx_word' id='word_1_50' title='bbox 2145 916 2548 989; x_wconf 86' lang='lat' dir='ltr'><strong>prodiderunt,</strong></span> <span class='ocrx_word' id='word_1_51' title='bbox 2569 917 2822 990; x_wconf 81' lang='lat' dir='ltr'><strong>Scythis,</strong></span> <span class='ocrx_word' id='word_1_52' title='bbox 2855 921 2912 973; x_wconf 89' lang='lat' dir='ltr'><strong>et</strong></span> <span class='ocrx_word' id='word_1_53' title='bbox 2941 916 3269 990; x_wconf 76' lang='lat' dir='ltr'><strong>Sogdianis,</strong></span> <span class='ocrx_word' id='word_1_54' title='bbox 3288 921 3346 973; x_wconf 89' lang='lat' dir='ltr'><strong>et</strong></span> <span class='ocrx_word' id='word_1_55' title='bbox 3375 916 3569 974; x_wconf 89' lang='lat' dir='ltr'><strong>Sacois</strong></span> 
     </span>
    </p>
   </div>
   <div class='ocr_carea' id='block_1_8' title="bbox 169 997 1755 1078">
    <p class='ocr_par' dir='ltr' id='par_1_8' title="bbox 169 997 1755 1076">
     <span class='ocr_line' id='line_1_8' title="bbox 169 997 1755 1076; baseline 0.004 -26"><span class='ocrx_word' id='word_1_56' title='bbox 169 1000 280 1070; x_wconf 80' lang='grc' dir='ltr'>ρυξε</span> <span class='ocrx_word' id='word_1_57' title='bbox 310 999 372 1052; x_wconf 87' lang='grc' dir='ltr'>τὸ</span> <span class='ocrx_word' id='word_1_58' title='bbox 404 997 740 1074; x_wconf 84' lang='grc' dir='ltr'>Εὐαγγέλιον</span> <span class='ocrx_word' id='word_1_59' title='bbox 768 1004 866 1054; x_wconf 79' lang='grc' dir='ltr'><strong>τοῦ</strong></span> <span class='ocrx_word' id='word_1_60' title='bbox 896 1000 1096 1076; x_wconf 83' lang='grc' dir='ltr'>Κυρίου</span> <span class='ocrx_word' id='word_1_61' title='bbox 1126 1003 1286 1075; x_wconf 80' lang='grc' dir='ltr'>ἡμῶν</span> <span class='ocrx_word' id='word_1_62' title='bbox 1333 1003 1511 1071; x_wconf 76' lang='grc' dir='ltr'>Ἰησοῦ</span> <span class='ocrx_word' id='word_1_63' title='bbox 1553 1007 1755 1076; x_wconf 83' lang='grc' dir='ltr'>Χριστο</span> 
     </span>
    </p>
   </div>
   <div class='ocr_carea' id='block_1_9' title="bbox 1983 997 3569 1078">
    <p class='ocr_par' dir='ltr' id='par_1_9' title="bbox 1983 1004 3569 1078">
     <span class='ocr_line' id='line_1_9' title="bbox 1983 1004 3569 1078; baseline 0.001 -18"><span class='ocrx_word' id='word_1_64' title='bbox 1983 1005 2266 1060; x_wconf 64' lang='lat' dir='ltr'><strong>raedicavit</strong></span> <span class='ocrx_word' id='word_1_65' title='bbox 2294 1004 2675 1078; x_wconf 88' lang='lat' dir='ltr'><strong>Evangelium</strong></span> <span class='ocrx_word' id='word_1_66' title='bbox 2697 1004 2931 1062; x_wconf 89' lang='lat' dir='ltr'><strong>Domini</strong></span> <span class='ocrx_word' id='word_1_67' title='bbox 2953 1004 3138 1061; x_wconf 80' lang='lat' dir='ltr'><strong>nostri</strong></span> <span class='ocrx_word' id='word_1_68' title='bbox 3159 1005 3302 1062; x_wconf 88' lang='lat' dir='ltr'><strong>Jesu</strong></span> <span class='ocrx_word' id='word_1_69' title='bbox 3331 1004 3569 1075; x_wconf 78' lang='lat' dir='ltr'><strong>Christi,</strong></span> 
     </span>
    </p>
   </div>
   <div class='ocr_carea' id='block_1_10' title="bbox 165 1081 1751 1167">
    <p class='ocr_par' dir='ltr' id='par_1_10' title="bbox 165 1081 1751 1166">
     <span class='ocr_line' id='line_1_10' title="bbox 165 1081 1751 1166; baseline 0.003 -25"><span class='ocrx_word' id='word_1_70' title='bbox 165 1086 324 1141; x_wconf 83' lang='grc' dir='ltr'>καὶέν</span> <span class='ocrx_word' id='word_1_71' title='bbox 357 1081 761 1144; x_wconf 76' lang='grc' dir='ltr'>Σεϐαστοπόλει</span> <span class='ocrx_word' id='word_1_72' title='bbox 816 1087 1042 1166; x_wconf 71' lang='grc' dir='ltr'>ἐκήρυξε</span> <span class='ocrx_word' id='word_1_73' title='bbox 1087 1093 1157 1164; x_wconf 80' lang='grc' dir='ltr'><strong>τῇ</strong></span> <span class='ocrx_word' id='word_1_74' title='bbox 1210 1089 1448 1166; x_wconf 82' lang='grc' dir='ltr'><strong>μεγάλη,</strong></span> <span class='ocrx_word' id='word_1_75' title='bbox 1483 1090 1621 1146; x_wconf 79' lang='grc' dir='ltr'>ὅπου</span> <span class='ocrx_word' id='word_1_76' title='bbox 1665 1091 1751 1146; x_wconf 73' lang='grc' dir='ltr'>ἐστ</span> 
     </span>
    </p>
   </div>
   <div class='ocr_carea' id='block_1_11' title="bbox 1986 1081 3572 1167">
    <p class='ocr_par' dir='ltr' id='par_1_11' title="bbox 2037 1094 3572 1167">
     <span class='ocr_line' id='line_1_11' title="bbox 2037 1094 3572 1167; baseline 0.002 -19"><span class='ocrx_word' id='word_1_77' title='bbox 2037 1095 2098 1149; x_wconf 91' lang='lat' dir='ltr'><strong>in</strong></span> <span class='ocrx_word' id='word_1_78' title='bbox 2147 1094 2513 1167; x_wconf 88' lang='lat' dir='ltr'><strong>Sebastopoli</strong></span> <span class='ocrx_word' id='word_1_79' title='bbox 2565 1094 2901 1166; x_wconf 67' lang='lat' dir='ltr'><strong>praedicavit</strong></span> <span class='ocrx_word' id='word_1_80' title='bbox 2947 1109 3074 1166; x_wconf 69' lang='lat' dir='ltr'><strong>quis</strong></span> <span class='ocrx_word' id='word_1_81' title='bbox 3123 1094 3572 1166; x_wconf 79' lang='lat' dir='ltr'><strong>cognominatur</strong></span> 
     </span>
    </p>
   </div>
   <div class='ocr_carea' id='block_1_12' title="bbox 165 1170 1751 1255">
    <p class='ocr_par' dir='ltr' id='par_1_12' title="bbox 165 1170 1751 1254">
     <span class='ocr_line' id='line_1_12' title="bbox 165 1170 1751 1254; baseline 0 -24"><span class='ocrx_word' id='word_1_82' title='bbox 165 1178 196 1245; x_wconf 73' lang='grc' dir='ltr'><strong>ἡ</strong></span> <span class='ocrx_word' id='word_1_83' title='bbox 241 1170 568 1252; x_wconf 78' lang='grc' dir='ltr'>παρεμϐολὴ</span> <span class='ocrx_word' id='word_1_84' title='bbox 620 1178 860 1252; x_wconf 83' lang='grc' dir='ltr'>Ἀψάρου</span> <span class='ocrx_word' id='word_1_85' title='bbox 917 1178 1007 1233; x_wconf 85' lang='grc' dir='ltr'><strong>καὶ</strong></span> <span class='ocrx_word' id='word_1_86' title='bbox 1059 1177 1228 1242; x_wconf 83' lang='grc' dir='ltr'>Φάσις</span> <span class='ocrx_word' id='word_1_87' title='bbox 1279 1179 1307 1234; x_wconf 85' lang='grc' dir='ltr'><strong>ὁ</strong></span> <span class='ocrx_word' id='word_1_88' title='bbox 1349 1181 1638 1254; x_wconf 83' lang='grc' dir='ltr'>ποταμὸς,</span> <span class='ocrx_word' id='word_1_89' title='bbox 1686 1177 1751 1234; x_wconf 73' lang='grc' dir='ltr'>ἕνί</span> 
     </span>
    </p>
   </div>
   <div class='ocr_carea' id='block_1_13' title="bbox 1981 1170 3567 1255">
    <p class='ocr_par' dir='ltr' id='par_1_13' title="bbox 1987 1182 3567 1255">
     <span class='ocr_line' id='line_1_13' title="bbox 1987 1182 3567 1255; baseline 0.002 -18"><span class='ocrx_word' id='word_1_90' title='bbox 1987 1199 2160 1255; x_wconf 84' lang='lat' dir='ltr'><strong>agna,</strong></span> <span class='ocrx_word' id='word_1_91' title='bbox 2192 1183 2294 1238; x_wconf 91' lang='lat' dir='ltr'><strong>ubi</strong></span> <span class='ocrx_word' id='word_1_92' title='bbox 2327 1186 2419 1239; x_wconf 90' lang='lat' dir='ltr'><strong>est</strong></span> <span class='ocrx_word' id='word_1_93' title='bbox 2446 1183 2694 1255; x_wconf 87' lang='lat' dir='ltr'><strong>irruptio</strong></span> <span class='ocrx_word' id='word_1_94' title='bbox 2726 1183 2953 1254; x_wconf 88' lang='lat' dir='ltr'><strong>Apsari,</strong></span> <span class='ocrx_word' id='word_1_95' title='bbox 2986 1186 3043 1238; x_wconf 88' lang='lat' dir='ltr'><strong>et</strong></span> <span class='ocrx_word' id='word_1_96' title='bbox 3072 1182 3276 1240; x_wconf 85' lang='lat' dir='ltr'><strong>Phasis</strong></span> <span class='ocrx_word' id='word_1_97' title='bbox 3306 1183 3521 1240; x_wconf 87' lang='lat' dir='ltr'><strong>ﬂuvius</strong></span> <span class='ocrx_word' id='word_1_98' title='bbox 3552 1199 3567 1240; x_wconf 87' lang='lat'><strong>:</strong></span> 
     </span>
    </p>
   </div>
   <div class='ocr_carea' id='block_1_14' title="bbox 164 1262 1750 1345">
    <p class='ocr_par' dir='ltr' id='par_1_14' title="bbox 164 1262 1750 1345">
     <span class='ocr_line' id='line_1_14' title="bbox 164 1262 1750 1345; baseline 0.003 -26"><span class='ocrx_word' id='word_1_99' title='bbox 164 1262 388 1320; x_wconf 75' lang='grc' dir='ltr'>οἰκοῦσιν</span> <span class='ocrx_word' id='word_1_100' title='bbox 423 1264 681 1329; x_wconf 81' lang='grc' dir='ltr'>Αἰθίοπες</span> <span class='ocrx_word' id='word_1_101' title='bbox 729 1267 786 1320; x_wconf 79' lang='grc' dir='ltr'><strong>οἰ</strong></span> <span class='ocrx_word' id='word_1_102' title='bbox 843 1265 1125 1344; x_wconf 77' lang='grc' dir='ltr'>ἆσωτέροι.</span> <span class='ocrx_word' id='word_1_103' title='bbox 1178 1269 1442 1324; x_wconf 82' lang='grc' dir='ltr'>Θάπτεται</span> <span class='ocrx_word' id='word_1_104' title='bbox 1475 1268 1527 1324; x_wconf 88' lang='grc' dir='ltr'><strong>έν</strong></span> <span class='ocrx_word' id='word_1_105' title='bbox 1569 1269 1750 1345; x_wconf 87' lang='grc' dir='ltr'>Πάτρα</span> 
     </span>
    </p>
   </div>
   <div class='ocr_carea' id='block_1_15' title="bbox 1987 1262 3573 1345">
    <p class='ocr_par' dir='ltr' id='par_1_15' title="bbox 1987 1270 3573 1344">
     <span class='ocr_line' id='line_1_15' title="bbox 1987 1270 3573 1344; baseline 0.002 -19"><span class='ocrx_word' id='word_1_106' title='bbox 1987 1271 2048 1326; x_wconf 89' lang='lat' dir='ltr'><strong>.ic</strong></span> <span class='ocrx_word' id='word_1_107' title='bbox 2079 1271 2342 1328; x_wconf 88' lang='lat' dir='ltr'><strong>incolunt</strong></span> <span class='ocrx_word' id='word_1_108' title='bbox 2362 1271 2662 1343; x_wconf 68' lang='lat' dir='ltr'><strong>Ethiopes</strong></span> <span class='ocrx_word' id='word_1_109' title='bbox 2691 1271 3020 1327; x_wconf 89' lang='lat' dir='ltr'><strong>interiores.</strong></span> <span class='ocrx_word' id='word_1_110' title='bbox 3054 1270 3330 1344; x_wconf 80' lang='lat' dir='ltr'><strong>Sepultus</strong></span> <span class='ocrx_word' id='word_1_111' title='bbox 3359 1277 3446 1328; x_wconf 85' lang='lat' dir='ltr'><strong>est</strong></span> <span class='ocrx_word' id='word_1_112' title='bbox 3474 1288 3573 1328; x_wconf 87' lang='lat' dir='ltr'><strong>au-</strong></span> 
     </span>
    </p>
   </div>
   <div class='ocr_carea' id='block_1_16' title="bbox 163 1351 1749 1433">
    <p class='ocr_par' dir='ltr' id='par_1_16' title="bbox 163 1351 1749 1433">
     <span class='ocr_line' id='line_1_16' title="bbox 163 1351 1749 1433; baseline 0.003 -26"><span class='ocrx_word' id='word_1_113' title='bbox 163 1359 254 1422; x_wconf 81' lang='grc' dir='ltr'><strong>τῆς</strong></span> <span class='ocrx_word' id='word_1_114' title='bbox 285 1351 536 1429; x_wconf 71' lang='grc' dir='ltr'>Ἀχαΐας,</span> <span class='ocrx_word' id='word_1_115' title='bbox 570 1359 783 1431; x_wconf 82' lang='grc' dir='ltr'>σταυρῷ</span> <span class='ocrx_word' id='word_1_116' title='bbox 811 1353 1142 1432; x_wconf 79' lang='grc' dir='ltr'><strong>παραδοθεὶς</strong></span> <span class='ocrx_word' id='word_1_117' title='bbox 1175 1356 1276 1412; x_wconf 85' lang='grc' dir='ltr'>ὑπὸ</span> <span class='ocrx_word' id='word_1_118' title='bbox 1326 1356 1492 1433; x_wconf 86' lang='grc' dir='ltr'>Αἰγέα</span> <span class='ocrx_word' id='word_1_119' title='bbox 1518 1361 1616 1411; x_wconf 81' lang='grc' dir='ltr'><strong>τοῦ</strong></span> <span class='ocrx_word' id='word_1_120' title='bbox 1651 1357 1749 1433; x_wconf 82' lang='grc' dir='ltr'>βασ</span> 
     </span>
    </p>
   </div>
   <div class='ocr_carea' id='block_1_17' title="bbox 1984 1351 3570 1433">
    <p class='ocr_par' dir='ltr' id='par_1_17' title="bbox 1985 1359 3570 1431">
     <span class='ocr_line' id='line_1_17' title="bbox 1985 1359 3570 1431; baseline 0.002 -17"><span class='ocrx_word' id='word_1_121' title='bbox 1985 1376 2040 1414; x_wconf 90' lang='lat' dir='ltr'><strong>m</strong></span> <span class='ocrx_word' id='word_1_122' title='bbox 2099 1360 2292 1416; x_wconf 85' lang='lat' dir='ltr'><strong>Patris</strong></span> <span class='ocrx_word' id='word_1_123' title='bbox 2363 1360 2597 1416; x_wconf 89' lang='lat' dir='ltr'><strong>civitate</strong></span> <span class='ocrx_word' id='word_1_124' title='bbox 2657 1359 2905 1431; x_wconf 71' lang='lat' dir='ltr'><strong>Achaiae,</strong></span> <span class='ocrx_word' id='word_1_125' title='bbox 2965 1360 3156 1417; x_wconf 86' lang='lat' dir='ltr'><strong>crucis</strong></span> <span class='ocrx_word' id='word_1_126' title='bbox 3203 1360 3451 1418; x_wconf 80' lang='lat' dir='ltr'><strong>sufﬁxus</strong></span> <span class='ocrx_word' id='word_1_127' title='bbox 3498 1361 3570 1417; x_wconf 88' lang='lat' dir='ltr'><strong>ab</strong></span> 
     </span>
    </p>
   </div>
   <div class='ocr_carea' id='block_1_18' title="bbox 167 1439 1753 1521">
    <p class='ocr_par' dir='ltr' id='par_1_18' title="bbox 167 1439 681 1512">
     <span class='ocr_line' id='line_1_18' title="bbox 167 1439 681 1512; baseline 0.006 -15"><span class='ocrx_word' id='word_1_128' title='bbox 167 1439 299 1505; x_wconf 87' lang='grc' dir='ltr'>λέως</span> <span class='ocrx_word' id='word_1_129' title='bbox 329 1440 681 1512; x_wconf 82' lang='grc' dir='ltr'>Ἐδεσσηνῶν.</span> 
     </span>
    </p>
   </div>
   <div class='ocr_carea' id='block_1_19' title="bbox 1293 1439 2879 1521">
    <p class='ocr_par' dir='ltr' id='par_1_19' title="bbox 1926 1448 2879 1521">
     <span class='ocr_line' id='line_1_19' title="bbox 1926 1448 2879 1521; baseline 0 -18"><span class='ocrx_word' id='word_1_130' title='bbox 1926 1448 2103 1520; x_wconf 66' lang='lat' dir='ltr'><strong>Egeo.</strong></span> <span class='ocrx_word' id='word_1_131' title='bbox 2131 1449 2401 1521; x_wconf 69' lang='lat' dir='ltr'><strong>prafecta</strong></span> <span class='ocrx_word' id='word_1_132' title='bbox 2429 1448 2879 1504; x_wconf 88' lang='lat' dir='ltr'><strong>Edessenorum.</strong></span> 
     </span>
    </p>
   </div>
   <div class='ocr_carea' id='block_1_20' title="bbox 227 1560 3573 1636">
    <p class='ocr_par' dir='ltr' id='par_1_20' title="bbox 227 1560 3573 1636">
     <span class='ocr_line' id='line_1_20' title="bbox 227 1560 3573 1636; baseline 0.002 -21"><span class='ocrx_word' id='word_1_133' title='bbox 227 1560 438 1616; x_wconf 87' lang='lat' dir='ltr'><strong>Eadem</strong></span> <span class='ocrx_word' id='word_1_134' title='bbox 475 1561 656 1636; x_wconf 82' lang='lat' dir='ltr'><strong>ferme</strong></span> <span class='ocrx_word' id='word_1_135' title='bbox 683 1561 860 1636; x_wconf 84' lang='lat' dir='ltr'><strong>habet</strong></span> <span class='ocrx_word' id='word_1_136' title='bbox 883 1563 1224 1636; x_wconf 81' lang='lat' dir='ltr'><strong>Anonymus</strong></span> <span class='ocrx_word' id='word_1_137' title='bbox 1254 1563 1410 1634; x_wconf 90' lang='lat' dir='ltr'><strong>apud</strong></span> <span class='ocrx_word' id='word_1_138' title='bbox 1440 1563 1837 1636; x_wconf 63' lang='lat' dir='ltr'><strong>QEcuMi-mmu</strong></span> <span class='ocrx_word' id='word_1_139' title='bbox 1868 1563 1926 1636; x_wconf 84' lang='lat' dir='ltr'><strong>in</strong></span> <span class='ocrx_word' id='word_1_140' title='bbox 1957 1564 2087 1636; x_wconf 83' lang='lat' dir='ltr'><strong>Acta</strong></span> <span class='ocrx_word' id='word_1_141' title='bbox 2105 1562 2327 1636; x_wconf 81' lang='lat' dir='ltr'><strong>apostot.</strong></span> <span class='ocrx_word' id='word_1_142' title='bbox 2354 1571 2406 1620; x_wconf 85' lang='lat' dir='ltr'><strong>et</strong></span> <span class='ocrx_word' id='word_1_143' title='bbox 2433 1564 2709 1636; x_wconf 70' lang='lat' dir='ltr'><strong>Epistolas</strong></span> <span class='ocrx_word' id='word_1_144' title='bbox 2735 1562 2946 1622; x_wconf 80' lang='lat' dir='ltr'><strong>Pauli:</strong></span> <span class='ocrx_word' id='word_1_145' title='bbox 2979 1563 3134 1636; x_wconf 89' lang='lat' dir='ltr'><strong>apud</strong></span> <span class='ocrx_word' id='word_1_146' title='bbox 3165 1579 3340 1636; x_wconf 87' lang='lat' dir='ltr'><strong>quem</strong></span> <span class='ocrx_word' id='word_1_147' title='bbox 3376 1567 3573 1622; x_wconf 88' lang='lat' dir='ltr'><strong>tamen</strong></span> 
     </span>
    </p>
   </div>
   <div class='ocr_carea' id='block_1_21' title="bbox 163 1633 1749 1710">
    <p class='ocr_par' dir='ltr' id='par_1_21' title="bbox 163 1633 1736 1710">
     <span class='ocr_line' id='line_1_21' title="bbox 163 1633 1736 1710; baseline -0.001 -20"><span class='ocrx_word' id='word_1_148' title='bbox 163 1636 446 1705; x_wconf 86' lang='lat' dir='ltr'><strong>postrema</strong></span> <span class='ocrx_word' id='word_1_149' title='bbox 474 1634 648 1690; x_wconf 87' lang='lat' dir='ltr'><strong>verba</strong></span> <span class='ocrx_word' id='word_1_150' title='bbox 678 1633 895 1690; x_wconf 87' lang='lat' dir='ltr'><strong>rectius</strong></span> <span class='ocrx_word' id='word_1_151' title='bbox 924 1633 1009 1690; x_wconf 89' lang='lat' dir='ltr'><strong>sic</strong></span> <span class='ocrx_word' id='word_1_152' title='bbox 1040 1633 1102 1690; x_wconf 81' lang='lat' dir='ltr'><strong>se</strong></span> <span class='ocrx_word' id='word_1_153' title='bbox 1137 1633 1351 1691; x_wconf 80' lang='lat' dir='ltr'><strong>habent</strong></span> <span class='ocrx_word' id='word_1_154' title='bbox 1383 1651 1396 1690; x_wconf 90' lang='lat'><strong>:</strong></span> <span class='ocrx_word' id='word_1_155' title='bbox 1433 1633 1538 1689; x_wconf 80' lang='grc' dir='ltr'><strong>ὑπὸ</strong></span> <span class='ocrx_word' id='word_1_156' title='bbox 1570 1633 1736 1710; x_wconf 82' lang='grc' dir='ltr'>Αἰγέα</span> 
     </span>
    </p>
   </div>
   <div class='ocr_carea' id='block_1_22' title="bbox 979 1633 2565 1710">
    <p class='ocr_par' dir='ltr' id='par_1_22' title="bbox 979 1633 2565 1710">
     <span class='ocr_line' id='line_1_22' title="bbox 979 1633 2565 1710; baseline 0.001 -20"><span class='ocrx_word' id='word_1_157' title='bbox 979 1651 1009 1690; x_wconf 82' lang='lat'><strong>0</strong></span> <span class='ocrx_word' id='word_1_158' title='bbox 1040 1633 1102 1690; x_wconf 73' lang='lat' dir='ltr'><strong>se</strong></span> <span class='ocrx_word' id='word_1_159' title='bbox 1137 1633 1351 1691; x_wconf 75' lang='lat' dir='ltr'><strong>habent</strong></span> <span class='ocrx_word' id='word_1_160' title='bbox 1383 1651 1396 1690; x_wconf 88' lang='lat'><strong>:</strong></span> <span class='ocrx_word' id='word_1_161' title='bbox 1433 1633 1538 1689; x_wconf 79' lang='grc' dir='ltr'>ὑπὸ</span> <span class='ocrx_word' id='word_1_162' title='bbox 1570 1633 1736 1710; x_wconf 82' lang='grc' dir='ltr'>Αἰγέα</span> <span class='ocrx_word' id='word_1_163' title='bbox 1761 1636 1859 1688; x_wconf 78' lang='grc' dir='ltr'><strong>τοῦ</strong></span> <span class='ocrx_word' id='word_1_164' title='bbox 1889 1633 2189 1698; x_wconf 78' lang='grc' dir='ltr'>ἀνθυπάτου</span> <span class='ocrx_word' id='word_1_165' title='bbox 2216 1633 2565 1708; x_wconf 76' lang='grc' dir='ltr'>παυρωθέίς.</span> 
     </span>
    </p>
   </div>
   <div class='ocr_carea' id='block_1_23' title="bbox 1731 1761 1981 1819">
    <p class='ocr_par' dir='ltr' id='par_1_23' title="bbox 1731 1761 1981 1819">
     <span class='ocr_line' id='line_1_23' title="bbox 1731 1761 1981 1819; baseline 0.004 -1"><span class='ocrx_word' id='word_1_166' title='bbox 1731 1761 1981 1819; x_wconf 82' lang='lat' dir='ltr'><strong>XXXIV.</strong></span> 
     </span>
    </p>
   </div>
   <div class='ocr_carea' id='block_1_24' title="bbox 240 1857 3467 1989">
    <p class='ocr_par' dir='ltr' id='par_1_24' title="bbox 240 1857 3467 1989">
     <span class='ocr_line' id='line_1_24' title="bbox 240 1857 3467 1989; baseline 0 -76"><span class='ocrx_word' id='word_1_167' title='bbox 240 1857 619 1926; x_wconf 78' lang='lat' dir='ltr'><strong>HIPPOLYTUS,</strong></span> <span class='ocrx_word' id='word_1_168' title='bbox 650 1873 748 1915; x_wconf 70' lang='lat' dir='ltr'><strong>seu</strong></span> <span class='ocrx_word' id='word_1_169' title='bbox 778 1860 1026 1932; x_wconf 73' lang='lat' dir='ltr'><strong>quisqui:</strong></span> <span class='ocrx_word' id='word_1_170' title='bbox 1047 1862 1123 1917; x_wconf 79' lang='lat' dir='ltr'><strong>sit</strong></span> <span class='ocrx_word' id='word_1_171' title='bbox 1152 1869 1365 1928; x_wconf 82' lang='lat' dir='ltr'><strong>auctor,</strong></span> <span class='ocrx_word' id='word_1_172' title='bbox 1397 1861 1479 1918; x_wconf 93' lang='lat' dir='ltr'><strong>De</strong></span> <span class='ocrx_word' id='word_1_173' title='bbox 1510 1860 1818 1918; x_wconf 87' lang='lat' dir='ltr'><strong>duodecim</strong></span> <span class='ocrx_word' id='word_1_174' title='bbox 1851 1860 2150 1989; x_wconf 55' lang='lat' dir='ltr'><strong>a8p3oistolis.</strong></span> <span class='ocrx_word' id='word_1_175' title='bbox 2182 1861 2337 1934; x_wconf 81' lang='lat' dir='ltr'><strong>Apud</strong></span> <span class='ocrx_word' id='word_1_176' title='bbox 2367 1860 2774 1933; x_wconf 67' lang='lat' dir='ltr'><strong>Combeﬁtium,</strong></span> <span class='ocrx_word' id='word_1_177' title='bbox 2801 1862 3036 1918; x_wconf 85' lang='lat' dir='ltr'><strong>Auctar.</strong></span> <span class='ocrx_word' id='word_1_178' title='bbox 3068 1875 3199 1917; x_wconf 87' lang='lat' dir='ltr'><strong>nov.</strong></span> <span class='ocrx_word' id='word_1_179' title='bbox 3231 1867 3362 1917; x_wconf 88' lang='lat' dir='ltr'><strong>tom.</strong></span> <span class='ocrx_word' id='word_1_180' title='bbox 3393 1859 3467 1928; x_wconf 87' lang='lat' dir='ltr'><strong>II,</strong></span> 
     </span>
     <span class='ocr_line' id='line_1_25' title="bbox 1708 1950 1995 1989; baseline 0 0"><span class='ocrx_word' id='word_1_181' title='bbox 1708 1950 1830 1989; x_wconf 84' lang='lat' dir='ltr'><strong>paa.</strong></span> <span class='ocrx_word' id='word_1_182' title='bbox 1982 1977 1995 1989; x_wconf 93' lang='lat'><strong>.</strong></span> 
     </span>
    </p>
   </div>
   <div class='ocr_carea' id='block_1_25' title="bbox 1706 1950 1995 2006">
    <p class='ocr_par' dir='ltr' id='par_1_25' title="bbox 1706 1950 1995 2006">
     <span class='ocr_line' id='line_1_26' title="bbox 1706 1950 1995 2006; baseline 0.003 -17"><span class='ocrx_word' id='word_1_183' title='bbox 1706 1950 1830 2006; x_wconf 86' lang='lat' dir='ltr'><strong>pag.</strong></span> <span class='ocrx_word' id='word_1_184' title='bbox 1870 1950 1995 1990; x_wconf 72' lang='grc' dir='ltr'>δδι.</span> 
     </span>
    </p>
   </div>
   <div class='ocr_carea' id='block_1_26' title="bbox 222 2039 1808 2126">
    <p class='ocr_par' dir='ltr' id='par_1_26' title="bbox 222 2039 1789 2125">
     <span class='ocr_line' id='line_1_27' title="bbox 222 2039 1789 2125; baseline 0.002 -25"><span class='ocrx_word' id='word_1_185' title='bbox 222 2039 509 2119; x_wconf 73' lang='grc' dir='ltr'>Ἀνδρέας,</span> <span class='ocrx_word' id='word_1_186' title='bbox 558 2043 814 2114; x_wconf 76' lang='grc' dir='ltr'>Σκύθαις,</span> <span class='ocrx_word' id='word_1_187' title='bbox 875 2045 1107 2121; x_wconf 82' lang='grc' dir='ltr'>Θρᾴκαις</span> <span class='ocrx_word' id='word_1_188' title='bbox 1162 2047 1420 2122; x_wconf 78' lang='grc' dir='ltr'>κηρύξας,</span> <span class='ocrx_word' id='word_1_189' title='bbox 1479 2047 1789 2125; x_wconf 79' lang='grc' dir='ltr'>ἐσταυρώθη</span> 
     </span>
    </p>
   </div>
   <div class='ocr_carea' id='block_1_27' title="bbox 1979 2039 3565 2126">
    <p class='ocr_par' dir='ltr' id='par_1_27' title="bbox 1979 2046 3565 2126">
     <span class='ocr_line' id='line_1_28' title="bbox 1979 2046 3565 2126; baseline -0.001 -20"><span class='ocrx_word' id='word_1_190' title='bbox 1979 2051 2261 2121; x_wconf 84' lang='lat' dir='ltr'><strong>Andreas,</strong></span> <span class='ocrx_word' id='word_1_191' title='bbox 2290 2065 2426 2106; x_wconf 90' lang='lat' dir='ltr'><strong>cum</strong></span> <span class='ocrx_word' id='word_1_192' title='bbox 2447 2048 2681 2119; x_wconf 82' lang='lat' dir='ltr'><strong>Scythis</strong></span> <span class='ocrx_word' id='word_1_193' title='bbox 2713 2065 2779 2105; x_wconf 85' lang='lat' dir='ltr'><strong>ac</strong></span> <span class='ocrx_word' id='word_1_194' title='bbox 2807 2046 3132 2104; x_wconf 86' lang='lat' dir='ltr'><strong>Thracibus</strong></span> <span class='ocrx_word' id='word_1_195' title='bbox 3173 2047 3565 2126; x_wconf 65' lang='lat' dir='ltr'><strong>prmdicasset,</strong></span> 
     </span>
    </p>
   </div>
   <div class='ocr_carea' id='block_1_28' title="bbox 160 2129 1746 2214">
    <p class='ocr_par' dir='ltr' id='par_1_28' title="bbox 160 2129 1746 2214">
     <span class='ocr_line' id='line_1_29' title="bbox 160 2129 1746 2214; baseline 0.004 -28"><span class='ocrx_word' id='word_1_196' title='bbox 160 2129 210 2186; x_wconf 77' lang='grc' dir='ltr'>ἐν</span> <span class='ocrx_word' id='word_1_197' title='bbox 243 2131 476 2206; x_wconf 78' lang='grc' dir='ltr'>Πάτραις</span> <span class='ocrx_word' id='word_1_198' title='bbox 520 2137 619 2203; x_wconf 80' lang='grc' dir='ltr'><strong>τῆς</strong></span> <span class='ocrx_word' id='word_1_199' title='bbox 670 2133 898 2210; x_wconf 71' lang='grc' dir='ltr'>’Δχαΐας</span> <span class='ocrx_word' id='word_1_200' title='bbox 943 2134 1029 2191; x_wconf 82' lang='grc' dir='ltr'><strong>ἐπὶ</strong></span> <span class='ocrx_word' id='word_1_201' title='bbox 1082 2134 1267 2200; x_wconf 80' lang='grc' dir='ltr'>ἐλαίας</span> <span class='ocrx_word' id='word_1_202' title='bbox 1316 2132 1516 2214; x_wconf 72' lang='grc' dir='ltr'>ὄρθιος,</span> <span class='ocrx_word' id='word_1_203' title='bbox 1564 2137 1654 2192; x_wconf 72' lang='grc' dir='ltr'><strong>καὶ</strong></span> <span class='ocrx_word' id='word_1_204' title='bbox 1704 2149 1746 2203; x_wconf 75' lang='grc' dir='ltr'><strong>θι</strong></span> 
     </span>
    </p>
   </div>
   <div class='ocr_carea' id='block_1_29' title="bbox 1983 2129 3569 2214">
    <p class='ocr_par' dir='ltr' id='par_1_29' title="bbox 1983 2135 3569 2206">
     <span class='ocr_line' id='line_1_30' title="bbox 1983 2135 3569 2206; baseline -0.001 -12"><span class='ocrx_word' id='word_1_205' title='bbox 1983 2139 2068 2194; x_wconf 89' lang='lat' dir='ltr'><strong>uci</strong></span> <span class='ocrx_word' id='word_1_206' title='bbox 2100 2139 2311 2195; x_wconf 77' lang='lat' dir='ltr'><strong>afﬁxus</strong></span> <span class='ocrx_word' id='word_1_207' title='bbox 2353 2142 2444 2194; x_wconf 88' lang='lat' dir='ltr'><strong>est</strong></span> <span class='ocrx_word' id='word_1_208' title='bbox 2489 2136 2679 2194; x_wconf 86' lang='lat' dir='ltr'><strong>Patris</strong></span> <span class='ocrx_word' id='word_1_209' title='bbox 2727 2137 2789 2193; x_wconf 90' lang='lat' dir='ltr'><strong>in</strong></span> <span class='ocrx_word' id='word_1_210' title='bbox 2834 2135 3078 2206; x_wconf 84' lang='lat' dir='ltr'><strong>Achaia,</strong></span> <span class='ocrx_word' id='word_1_211' title='bbox 3131 2139 3326 2194; x_wconf 86' lang='lat' dir='ltr'><strong>rectus</strong></span> <span class='ocrx_word' id='word_1_212' title='bbox 3353 2135 3414 2193; x_wconf 90' lang='lat' dir='ltr'><strong>ln</strong></span> <span class='ocrx_word' id='word_1_213' title='bbox 3443 2135 3569 2194; x_wconf 85' lang='lat' dir='ltr'><strong>olea</strong></span> 
     </span>
    </p>
   </div>
   <div class='ocr_carea' id='block_1_30' title="bbox 153 2220 1739 2300">
    <p class='ocr_par' dir='ltr' id='par_1_30' title="bbox 153 2220 496 2280">
     <span class='ocr_line' id='line_1_31' title="bbox 153 2220 496 2280; baseline 0.015 -6"><span class='ocrx_word' id='word_1_214' title='bbox 153 2240 335 2276; x_wconf 84' lang='grc' dir='ltr'>πτεται</span> <span class='ocrx_word' id='word_1_215' title='bbox 366 2220 496 2280; x_wconf 80' lang='grc' dir='ltr'>ἐκεῖ.</span> 
     </span>
    </p>
   </div>
   <div class='ocr_carea' id='block_1_31' title="bbox 1369 2220 2955 2300">
    <p class='ocr_par' dir='ltr' id='par_1_31' title="bbox 1913 2224 2955 2300">
     <span class='ocr_line' id='line_1_32' title="bbox 1913 2224 2955 2300; baseline -0.003 -17"><span class='ocrx_word' id='word_1_216' title='bbox 1913 2227 2142 2296; x_wconf 90' lang='lat' dir='ltr'><strong>arbore,</strong></span> <span class='ocrx_word' id='word_1_217' title='bbox 2174 2227 2376 2300; x_wconf 89' lang='lat' dir='ltr'><strong>ibique</strong></span> <span class='ocrx_word' id='word_1_218' title='bbox 2405 2224 2704 2298; x_wconf 85' lang='lat' dir='ltr'><strong>sepelitur.</strong></span> <span class='ocrx_word' id='word_1_219' title='bbox 2740 2225 2870 2298; x_wconf 84' lang='lat' dir='ltr'><strong>Cap.</strong></span> <span class='ocrx_word' id='word_1_220' title='bbox 2900 2242 2955 2281; x_wconf 73' lang='grc' dir='ltr'>ι.</span> 
     </span>
    </p>
   </div>
   <div class='ocr_carea' id='block_1_32' title="bbox 1752 2352 1972 2408">
    <p class='ocr_par' dir='ltr' id='par_1_32' title="bbox 1752 2352 1972 2408">
     <span class='ocr_line' id='line_1_33' title="bbox 1752 2352 1972 2408; baseline -0.005 0"><span class='ocrx_word' id='word_1_221' title='bbox 1752 2352 1972 2408; x_wconf 87' lang='lat' dir='ltr'><strong>XXXV.</strong></span> 
     </span>
    </p>
   </div>
   <div class='ocr_carea' id='block_1_33' title="bbox 334 2446 3392 2523">
    <p class='ocr_par' dir='ltr' id='par_1_33' title="bbox 334 2446 3392 2523">
     <span class='ocr_line' id='line_1_34' title="bbox 334 2446 3392 2523; baseline 0.001 -23"><span class='ocrx_word' id='word_1_222' title='bbox 334 2446 940 2504; x_wconf 73' lang='lat' dir='ltr'><strong>Pssuno-Doao&#39;rnzus</strong></span> <span class='ocrx_word' id='word_1_223' title='bbox 970 2447 1201 2520; x_wconf 84' lang='lat' dir='ltr'><strong>Tyrius,</strong></span> <span class='ocrx_word' id='word_1_224' title='bbox 1233 2451 1295 2505; x_wconf 84' lang='lat' dir='ltr'><strong>in</strong></span> <span class='ocrx_word' id='word_1_225' title='bbox 1325 2449 1594 2523; x_wconf 85' lang='lat' dir='ltr'><strong>Synopsi.</strong></span> <span class='ocrx_word' id='word_1_226' title='bbox 1629 2454 1738 2507; x_wconf 88' lang='lat' dir='ltr'><strong>etc.</strong></span> <span class='ocrx_word' id='word_1_227' title='bbox 1769 2452 1853 2506; x_wconf 77' lang='lat' dir='ltr'><strong>Ea:</strong></span> <span class='ocrx_word' id='word_1_228' title='bbox 1881 2451 2010 2508; x_wconf 80' lang='lat' dir='ltr'><strong>edit.</strong></span> <span class='ocrx_word' id='word_1_229' title='bbox 2044 2450 2283 2506; x_wconf 85' lang='lat' dir='ltr'><strong>Fabricii</strong></span> <span class='ocrx_word' id='word_1_230' title='bbox 2309 2451 2386 2506; x_wconf 89' lang='lat' dir='ltr'><strong>De</strong></span> <span class='ocrx_word' id='word_1_231' title='bbox 2427 2451 2542 2505; x_wconf 80' lang='lat' dir='ltr'><strong>vita</strong></span> <span class='ocrx_word' id='word_1_232' title='bbox 2582 2450 2632 2504; x_wconf 87' lang='lat' dir='ltr'><strong>et</strong></span> <span class='ocrx_word' id='word_1_233' title='bbox 2659 2455 2830 2504; x_wconf 84' lang='lat' dir='ltr'><strong>morte</strong></span> <span class='ocrx_word' id='word_1_234' title='bbox 2855 2448 3073 2520; x_wconf 72' lang='lat' dir='ltr'><strong>Moysis,</strong></span> <span class='ocrx_word' id='word_1_235' title='bbox 3104 2461 3236 2518; x_wconf 80' lang='lat' dir='ltr'><strong>pag.</strong></span> <span class='ocrx_word' id='word_1_236' title='bbox 3267 2447 3392 2504; x_wconf 85' lang='grc'>471.</span> 
     </span>
    </p>
   </div>
   <div class='ocr_carea' id='block_1_34' title="bbox 226 2555 1812 2639">
    <p class='ocr_par' dir='ltr' id='par_1_34' title="bbox 226 2555 1800 2639">
     <span class='ocr_line' id='line_1_35' title="bbox 226 2555 1800 2639; baseline 0.004 -26"><span class='ocrx_word' id='word_1_237' title='bbox 226 2555 545 2634; x_wconf 87' lang='grc' dir='ltr'>Ἀνδρέας...</span> <span class='ocrx_word' id='word_1_238' title='bbox 598 2560 766 2638; x_wconf 71' lang='grc' dir='ltr'>ἐτάφη</span> <span class='ocrx_word' id='word_1_239' title='bbox 819 2561 870 2616; x_wconf 82' lang='grc' dir='ltr'><strong>έν</strong></span> <span class='ocrx_word' id='word_1_240' title='bbox 923 2562 1158 2638; x_wconf 86' lang='grc' dir='ltr'>Πάτραις</span> <span class='ocrx_word' id='word_1_241' title='bbox 1203 2565 1302 2632; x_wconf 79' lang='grc' dir='ltr'><strong>τῆς</strong></span> <span class='ocrx_word' id='word_1_242' title='bbox 1363 2561 1592 2639; x_wconf 70' lang='grc' dir='ltr'>’Δχαΐας</span> <span class='ocrx_word' id='word_1_243' title='bbox 1640 2586 1800 2620; x_wconf 85' lang='grc' dir='ltr'>σταυ-</span> 
     </span>
    </p>
   </div>
   <div class='ocr_carea' id='block_1_35' title="bbox 1985 2555 3571 2639">
    <p class='ocr_par' dir='ltr' id='par_1_35' title="bbox 1985 2562 3571 2638">
     <span class='ocr_line' id='line_1_36' title="bbox 1985 2562 3571 2638; baseline -0.001 -16"><span class='ocrx_word' id='word_1_244' title='bbox 1985 2566 2310 2623; x_wconf 82' lang='lat' dir='ltr'><strong>Andreas...</strong></span> <span class='ocrx_word' id='word_1_245' title='bbox 2337 2564 2605 2638; x_wconf 88' lang='lat' dir='ltr'><strong>sepultus</strong></span> <span class='ocrx_word' id='word_1_246' title='bbox 2634 2567 2725 2620; x_wconf 87' lang='lat' dir='ltr'><strong>est</strong></span> <span class='ocrx_word' id='word_1_247' title='bbox 2766 2562 2956 2620; x_wconf 87' lang='lat' dir='ltr'><strong>Patris</strong></span> <span class='ocrx_word' id='word_1_248' title='bbox 2984 2562 3208 2618; x_wconf 64' lang='lat' dir='ltr'><strong>Achaiae</strong></span> <span class='ocrx_word' id='word_1_249' title='bbox 3240 2562 3402 2633; x_wconf 90' lang='lat' dir='ltr'><strong>urbe,</strong></span> <span class='ocrx_word' id='word_1_250' title='bbox 3436 2578 3571 2621; x_wconf 90' lang='lat' dir='ltr'><strong>cum</strong></span> 
     </span>
    </p>
   </div>
   <div class='ocr_carea' id='block_1_36' title="bbox 154 2647 1740 2728">
    <p class='ocr_par' dir='ltr' id='par_1_36' title="bbox 154 2647 796 2725">
     <span class='ocr_line' id='line_1_37' title="bbox 154 2647 796 2725; baseline 0.008 -24"><span class='ocrx_word' id='word_1_251' title='bbox 154 2648 344 2722; x_wconf 78' lang='grc' dir='ltr'>ρωθεὶς</span> <span class='ocrx_word' id='word_1_252' title='bbox 377 2647 480 2702; x_wconf 85' lang='grc' dir='ltr'>ὑπὸ</span> <span class='ocrx_word' id='word_1_253' title='bbox 507 2647 796 2725; x_wconf 85' lang='grc' dir='ltr'>Αἰγεάτου.</span> 
     </span>
    </p>
   </div>
   <div class='ocr_carea' id='block_1_37' title="bbox 1721 2647 3307 2728">
    <p class='ocr_par' dir='ltr' id='par_1_37' title="bbox 1911 2652 3307 2728">
     <span class='ocr_line' id='line_1_38' title="bbox 1911 2652 3307 2728; baseline -0.003 -16"><span class='ocrx_word' id='word_1_254' title='bbox 1911 2655 1984 2712; x_wconf 88' lang='lat' dir='ltr'><strong>ab</strong></span> <span class='ocrx_word' id='word_1_255' title='bbox 2017 2656 2252 2728; x_wconf 68' lang='lat' dir='ltr'><strong>IEgeate</strong></span> <span class='ocrx_word' id='word_1_256' title='bbox 2276 2655 2337 2711; x_wconf 92' lang='lat' dir='ltr'><strong>in</strong></span> <span class='ocrx_word' id='word_1_257' title='bbox 2369 2670 2602 2711; x_wconf 88' lang='lat' dir='ltr'><strong>crucem</strong></span> <span class='ocrx_word' id='word_1_258' title='bbox 2632 2657 2797 2710; x_wconf 88' lang='lat' dir='ltr'><strong>actus</strong></span> <span class='ocrx_word' id='word_1_259' title='bbox 2828 2652 3055 2709; x_wconf 86' lang='lat' dir='ltr'><strong>fuisset.</strong></span> <span class='ocrx_word' id='word_1_260' title='bbox 3084 2655 3220 2724; x_wconf 81' lang='lat' dir='ltr'><strong>Cap.</strong></span> <span class='ocrx_word' id='word_1_261' title='bbox 3251 2669 3307 2708; x_wconf 75' lang='grc' dir='ltr'><strong>κ.</strong></span> 
     </span>
    </p>
   </div>
   <div class='ocr_carea' id='block_1_38' title="bbox 231 2765 3571 2843">
    <p class='ocr_par' dir='ltr' id='par_1_38' title="bbox 231 2765 3571 2843">
     <span class='ocr_line' id='line_1_39' title="bbox 231 2765 3571 2843; baseline 0.001 -22"><span class='ocrx_word' id='word_1_262' title='bbox 231 2765 453 2843; x_wconf 78' lang='lat' dir='ltr'><strong>Quibus</strong></span> <span class='ocrx_word' id='word_1_263' title='bbox 479 2767 712 2843; x_wconf 20' lang='lat' dir='ltr'><strong>addesiis</strong></span> <span class='ocrx_word' id='word_1_264' title='bbox 741 2769 1242 2843; x_wconf 81' lang='lat' dir='ltr'><strong>pseudo-Abdiam</strong></span> <span class='ocrx_word' id='word_1_265' title='bbox 1274 2769 1331 2825; x_wconf 90' lang='lat' dir='ltr'><strong>in</strong></span> <span class='ocrx_word' id='word_1_266' title='bbox 1361 2772 1573 2828; x_wconf 76' lang='lat' dir='ltr'><strong>Histor.</strong></span> <span class='ocrx_word' id='word_1_267' title='bbox 1608 2773 1835 2843; x_wconf 79' lang='lat' dir='ltr'><strong>apostol.</strong></span> <span class='ocrx_word' id='word_1_268' title='bbox 1869 2770 1968 2828; x_wconf 88' lang='lat' dir='ltr'><strong>lib.</strong></span> <span class='ocrx_word' id='word_1_269' title='bbox 2002 2789 2082 2838; x_wconf 81' lang='grc' dir='ltr'>ιιι,</span> <span class='ocrx_word' id='word_1_270' title='bbox 2111 2788 2275 2826; x_wconf 87' lang='lat' dir='ltr'><strong>num.</strong></span> <span class='ocrx_word' id='word_1_271' title='bbox 2310 2771 2380 2826; x_wconf 90' lang='lat'>39</span> <span class='ocrx_word' id='word_1_272' title='bbox 2409 2773 2467 2826; x_wconf 88' lang='lat' dir='ltr'><strong>et</strong></span> <span class='ocrx_word' id='word_1_273' title='bbox 2497 2787 2618 2843; x_wconf 68' lang='lat' dir='ltr'><strong>seq.</strong></span> <span class='ocrx_word' id='word_1_274' title='bbox 2647 2785 2784 2843; x_wconf 85' lang='lat' dir='ltr'><strong>pag.</strong></span> <span class='ocrx_word' id='word_1_275' title='bbox 2817 2770 2943 2838; x_wconf 89' lang='grc'><strong>507,</strong></span> <span class='ocrx_word' id='word_1_276' title='bbox 2975 2768 3113 2843; x_wconf 77' lang='lat' dir='ltr'><strong>edit.</strong></span> <span class='ocrx_word' id='word_1_277' title='bbox 3141 2768 3193 2843; x_wconf 60' lang='grc' dir='ltr'>ᾇ.</span> <span class='ocrx_word' id='word_1_278' title='bbox 3224 2769 3293 2836; x_wconf 85' lang='grc' dir='ltr'>Α,</span> <span class='ocrx_word' id='word_1_279' title='bbox 3325 2766 3571 2843; x_wconf 63' lang='lat' dir='ltr'><strong>Fabricii</strong></span> 
     </span>
    </p>
   </div>
   <div class='ocr_carea' id='block_1_39' title="bbox 150 2837 3571 2914">
    <p class='ocr_par' dir='ltr' id='par_1_39' title="bbox 150 2837 3571 2914">
     <span class='ocr_line' id='line_1_40' title="bbox 150 2837 3571 2914; baseline 0.001 -23"><span class='ocrx_word' id='word_1_280' title='bbox 150 2837 212 2914; x_wconf 83' lang='lat' dir='ltr'><strong>in</strong></span> <span class='ocrx_word' id='word_1_281' title='bbox 250 2838 376 2914; x_wconf 56' lang='lat' dir='ltr'><strong>Cod:</strong></span> <span class='ocrx_word' id='word_1_282' title='bbox 405 2854 586 2914; x_wconf 78' lang='lat' dir='ltr'><strong>apocr.</strong></span> <span class='ocrx_word' id='word_1_283' title='bbox 621 2837 758 2895; x_wconf 72' lang='grc' dir='ltr'>Νουῖ</span> <span class='ocrx_word' id='word_1_284' title='bbox 787 2842 918 2914; x_wconf 17' lang='lat' dir='ltr'><strong>Teati.</strong></span> <span class='ocrx_word' id='word_1_285' title='bbox 951 2845 1099 2900; x_wconf 91' lang='lat' dir='ltr'><strong>tom.</strong></span> <span class='ocrx_word' id='word_1_286' title='bbox 1131 2842 1203 2908; x_wconf 90' lang='lat' dir='ltr'><strong>II,</strong></span> <span class='ocrx_word' id='word_1_287' title='bbox 1237 2847 1292 2897; x_wconf 88' lang='lat' dir='ltr'><strong>et</strong></span> <span class='ocrx_word' id='word_1_288' title='bbox 1325 2843 1608 2901; x_wconf 81' lang='lat' dir='ltr'><strong>ISIDORUM</strong></span> <span class='ocrx_word' id='word_1_289' title='bbox 1637 2837 2042 2901; x_wconf 75' lang='lat' dir='ltr'><strong>HISPALENSEM</strong></span> <span class='ocrx_word' id='word_1_290' title='bbox 2066 2837 2368 2912; x_wconf 81' lang='lat' dir='ltr'><strong>Juniorem,</strong></span> <span class='ocrx_word' id='word_1_291' title='bbox 2401 2846 2467 2898; x_wconf 88' lang='lat' dir='ltr'><strong>ut</strong></span> <span class='ocrx_word' id='word_1_292' title='bbox 2494 2837 2821 2914; x_wconf 74' lang='lat' dir='ltr'><strong>perhibent,</strong></span> <span class='ocrx_word' id='word_1_293' title='bbox 2843 2837 2999 2913; x_wconf 91' lang='lat' dir='ltr'><strong>apud</strong></span> <span class='ocrx_word' id='word_1_294' title='bbox 3029 2839 3334 2896; x_wconf 86' lang='lat' dir='ltr'><strong>laudatum</strong></span> <span class='ocrx_word' id='word_1_295' title='bbox 3366 2839 3571 2896; x_wconf 88' lang='lat' dir='ltr'><strong>Fabri-</strong></span> 
     </span>
    </p>
   </div>
   <div class='ocr_carea' id='block_1_40' title="bbox 156 2909 1396 2986">
    <p class='ocr_par' dir='ltr' id='par_1_40' title="bbox 156 2909 1396 2986">
     <span class='ocr_line' id='line_1_41' title="bbox 156 2909 1396 2986; baseline 0.004 -23"><span class='ocrx_word' id='word_1_296' title='bbox 156 2909 311 2964; x_wconf 88' lang='lat' dir='ltr'><strong>cium</strong></span> <span class='ocrx_word' id='word_1_297' title='bbox 343 2911 418 2964; x_wconf 84' lang='lat' dir='ltr'><strong>De</strong></span> <span class='ocrx_word' id='word_1_298' title='bbox 442 2912 557 2966; x_wconf 84' lang='lat' dir='ltr'><strong>vita</strong></span> <span class='ocrx_word' id='word_1_299' title='bbox 577 2921 630 2965; x_wconf 87' lang='lat' dir='ltr'><strong>et</strong></span> <span class='ocrx_word' id='word_1_300' title='bbox 656 2916 829 2968; x_wconf 87' lang='lat' dir='ltr'><strong>morte</strong></span> <span class='ocrx_word' id='word_1_301' title='bbox 857 2913 1076 2984; x_wconf 73' lang='lat' dir='ltr'><strong>Hoysis,</strong></span> <span class='ocrx_word' id='word_1_302' title='bbox 1105 2929 1239 2986; x_wconf 86' lang='lat' dir='ltr'><strong>pag.</strong></span> <span class='ocrx_word' id='word_1_303' title='bbox 1271 2914 1396 2968; x_wconf 82' lang='grc'>545.</span> 
     </span>
    </p>
   </div>
   <div class='ocr_carea' id='block_1_41' title="bbox 224 3025 3562 3153">
    <p class='ocr_par' dir='ltr' id='par_1_41' title="bbox 224 3025 3562 3153">
     <span class='ocr_line' id='line_1_42' title="bbox 224 3025 3562 3153; baseline 0.001 -72"><span class='ocrx_word' id='word_1_304' title='bbox 224 3025 634 3153; x_wconf 51' lang='grc' dir='ltr'><strong>ἓοιὲὲιέιθηάυε</strong></span> <span class='ocrx_word' id='word_1_305' title='bbox 664 3027 806 3084; x_wconf 88' lang='lat' dir='ltr'><strong>item</strong></span> <span class='ocrx_word' id='word_1_306' title='bbox 837 3029 1081 3086; x_wconf 82' lang='lat' dir='ltr'><strong>NICETAS</strong></span> <span class='ocrx_word' id='word_1_307' title='bbox 1110 3034 1432 3100; x_wconf 79' lang='lat' dir='ltr'><strong>PAPHLAGO,</strong></span> <span class='ocrx_word' id='word_1_308' title='bbox 1466 3031 1621 3090; x_wconf 85' lang='lat' dir='ltr'><strong>Orat.</strong></span> <span class='ocrx_word' id='word_1_309' title='bbox 1668 3035 1728 3088; x_wconf 83' lang='lat' dir='ltr'><strong>in</strong></span> <span class='ocrx_word' id='word_1_310' title='bbox 1777 3032 1832 3088; x_wconf 93' lang='lat' dir='ltr'><strong>S.</strong></span> <span class='ocrx_word' id='word_1_311' title='bbox 1877 3034 2188 3102; x_wconf 66' lang='lat' dir='ltr'><strong>Asnaum,</strong></span> <span class='ocrx_word' id='word_1_312' title='bbox 2216 3031 2372 3104; x_wconf 87' lang='lat' dir='ltr'><strong>apud</strong></span> <span class='ocrx_word' id='word_1_313' title='bbox 2403 3029 2802 3102; x_wconf 75' lang='lat' dir='ltr'><strong>Combeﬁsium,</strong></span> <span class='ocrx_word' id='word_1_314' title='bbox 2845 3035 2976 3085; x_wconf 90' lang='lat' dir='ltr'><strong>tom.</strong></span> <span class='ocrx_word' id='word_1_315' title='bbox 3009 3028 3031 3084; x_wconf 91' lang='grc' dir='ltr'>Ι</span> <span class='ocrx_word' id='word_1_316' title='bbox 3069 3028 3303 3085; x_wconf 85' lang='lat' dir='ltr'><strong>Auctar.</strong></span> <span class='ocrx_word' id='word_1_317' title='bbox 3335 3030 3562 3086; x_wconf 57' lang='lat' dir='ltr'><strong>novin&quot;</strong></span> 
     </span>
     <span class='ocr_line' id='line_1_43' title="bbox 269 3115 442 3153; baseline 0 0"><span class='ocrx_word' id='word_1_318' title='bbox 269 3140 282 3153; x_wconf 93' lang='lat'><strong>.</strong></span> <span class='ocrx_word' id='word_1_319' title='bbox 391 3115 442 3153; x_wconf 73' lang='grc' dir='ltr'>ι).</span> 
     </span>
    </p>
   </div>
   <div class='ocr_carea' id='block_1_42' title="bbox 142 3112 442 3170">
    <p class='ocr_par' dir='ltr' id='par_1_42' title="bbox 142 3112 442 3170">
     <span class='ocr_line' id='line_1_44' title="bbox 142 3112 442 3170; baseline -0.007 -15"><span class='ocrx_word' id='word_1_320' title='bbox 142 3112 282 3170; x_wconf 85' lang='lat' dir='ltr'><strong>pag.</strong></span> <span class='ocrx_word' id='word_1_321' title='bbox 319 3112 442 3154; x_wconf 63' lang='lat' dir='ltr'><strong>suo.</strong></span> 
     </span>
    </p>
   </div>
   <div class='ocr_carea' id='block_1_43' title="bbox 1733 3202 1976 3260">
    <p class='ocr_par' dir='ltr' id='par_1_43' title="bbox 1733 3202 1976 3260">
     <span class='ocr_line' id='line_1_45' title="bbox 1733 3202 1976 3260; baseline -0.004 -1"><span class='ocrx_word' id='word_1_322' title='bbox 1733 3202 1976 3260; x_wconf 83' lang='lat' dir='ltr'><strong>XXXVI.</strong></span> 
     </span>
    </p>
   </div>
   <div class='ocr_carea' id='block_1_44' title="bbox 597 3298 3127 3376">
    <p class='ocr_par' dir='ltr' id='par_1_44' title="bbox 597 3298 3127 3376">
     <span class='ocr_line' id='line_1_46' title="bbox 597 3298 3127 3376; baseline 0.001 -22"><span class='ocrx_word' id='word_1_323' title='bbox 597 3298 989 3370; x_wconf 79' lang='lat' dir='ltr'><strong>NICEPHORUS,</strong></span> <span class='ocrx_word' id='word_1_324' title='bbox 1024 3299 1168 3356; x_wconf 84' lang='lat' dir='ltr'><strong>Hist.</strong></span> <span class='ocrx_word' id='word_1_325' title='bbox 1201 3300 1418 3359; x_wconf 88' lang='lat' dir='ltr'><strong>Eccles.</strong></span> <span class='ocrx_word' id='word_1_326' title='bbox 1453 3303 1548 3359; x_wconf 84' lang='lat' dir='ltr'><strong>lib.</strong></span> <span class='ocrx_word' id='word_1_327' title='bbox 1582 3320 1648 3371; x_wconf 79' lang='grc' dir='ltr'><strong>ιι,</strong></span> <span class='ocrx_word' id='word_1_328' title='bbox 1679 3319 1798 3376; x_wconf 85' lang='lat' dir='ltr'><strong>cap.</strong></span> <span class='ocrx_word' id='word_1_329' title='bbox 1829 3320 2021 3371; x_wconf 78' lang='lat' dir='ltr'><strong>xxxix,</strong></span> <span class='ocrx_word' id='word_1_330' title='bbox 2046 3319 2215 3375; x_wconf 87' lang='lat' dir='ltr'><strong>pagg.</strong></span> <span class='ocrx_word' id='word_1_331' title='bbox 2248 3301 2351 3357; x_wconf 83' lang='grc'><strong>199</strong></span> <span class='ocrx_word' id='word_1_332' title='bbox 2380 3304 2436 3357; x_wconf 89' lang='lat' dir='ltr'><strong>et</strong></span> <span class='ocrx_word' id='word_1_333' title='bbox 2463 3299 2570 3356; x_wconf 88' lang='lat'><strong>200</strong></span> <span class='ocrx_word' id='word_1_334' title='bbox 2595 3299 2722 3358; x_wconf 87' lang='lat' dir='ltr'><strong>edit.</strong></span> <span class='ocrx_word' id='word_1_335' title='bbox 2753 3301 2937 3356; x_wconf 71' lang='lat' dir='ltr'><strong>Paris.</strong></span> <span class='ocrx_word' id='word_1_336' title='bbox 2968 3298 3127 3357; x_wconf 89' lang='grc'><strong>1630.</strong></span> 
     </span>
    </p>
   </div>
   <div class='ocr_carea' id='block_1_45' title="bbox 211 3411 1797 3494">
    <p class='ocr_par' dir='ltr' id='par_1_45' title="bbox 211 3411 1793 3494">
     <span class='ocr_line' id='line_1_47' title="bbox 211 3411 1793 3494; baseline 0.006 -27"><span class='ocrx_word' id='word_1_337' title='bbox 211 3411 466 3487; x_wconf 81' lang='grc' dir='ltr'>Ἀνδρέας</span> <span class='ocrx_word' id='word_1_338' title='bbox 523 3415 551 3469; x_wconf 88' lang='grc' dir='ltr'>ὁ</span> <span class='ocrx_word' id='word_1_339' title='bbox 608 3420 703 3469; x_wconf 82' lang='grc' dir='ltr'><strong>τοῦ</strong></span> <span class='ocrx_word' id='word_1_340' title='bbox 772 3415 1070 3494; x_wconf 78' lang='grc' dir='ltr'>κορυφαίου</span> <span class='ocrx_word' id='word_1_341' title='bbox 1144 3417 1350 3492; x_wconf 89' lang='grc' dir='ltr'>Πέτρου</span> <span class='ocrx_word' id='word_1_342' title='bbox 1396 3417 1793 3494; x_wconf 80' lang='grc' dir='ltr'>κασίγνητος...</span> 
     </span>
    </p>
   </div>
   <div class='ocr_carea' id='block_1_46' title="bbox 1977 3411 3563 3494">
    <p class='ocr_par' dir='ltr' id='par_1_46' title="bbox 1977 3415 3563 3491">
     <span class='ocr_line' id='line_1_48' title="bbox 1977 3415 3563 3491; baseline -0.002 -16"><span class='ocrx_word' id='word_1_343' title='bbox 1977 3421 2262 3486; x_wconf 83' lang='lat' dir='ltr'><strong>Andreae,</strong></span> <span class='ocrx_word' id='word_1_344' title='bbox 2315 3417 2602 3491; x_wconf 71' lang='lat' dir='ltr'><strong>coryphaai</strong></span> <span class='ocrx_word' id='word_1_345' title='bbox 2635 3416 2787 3473; x_wconf 87' lang='lat' dir='ltr'><strong>Petri</strong></span> <span class='ocrx_word' id='word_1_346' title='bbox 2834 3416 3115 3482; x_wconf 84' lang='lat' dir='ltr'><strong>frater,</strong></span> <span class='ocrx_word' id='word_1_347' title='bbox 3149 3431 3184 3470; x_wconf 89' lang='lat' dir='ltr'><strong>a</strong></span> <span class='ocrx_word' id='word_1_348' title='bbox 3212 3415 3563 3488; x_wconf 84' lang='lat' dir='ltr'><strong>proconsule</strong></span> 
     </span>
    </p>
   </div>
   <div class='ocr_carea' id='block_1_47' title="bbox 143 3501 1729 3582">
    <p class='ocr_par' dir='ltr' id='par_1_47' title="bbox 143 3501 1729 3582">
     <span class='ocr_line' id='line_1_49' title="bbox 143 3501 1729 3582; baseline 0.004 -26"><span class='ocrx_word' id='word_1_349' title='bbox 143 3501 253 3556; x_wconf 81' lang='grc' dir='ltr'>ὑπὸ</span> <span class='ocrx_word' id='word_1_350' title='bbox 294 3507 392 3557; x_wconf 77' lang='grc' dir='ltr'><strong>τοῦ</strong></span> <span class='ocrx_word' id='word_1_351' title='bbox 438 3502 739 3558; x_wconf 82' lang='grc' dir='ltr'>ἀνθυπάτου</span> <span class='ocrx_word' id='word_1_352' title='bbox 787 3503 1080 3580; x_wconf 82' lang='grc' dir='ltr'>Λίγαιάτου</span> <span class='ocrx_word' id='word_1_353' title='bbox 1125 3510 1204 3578; x_wconf 80' lang='grc' dir='ltr'>τῷ</span> <span class='ocrx_word' id='word_1_354' title='bbox 1249 3512 1462 3582; x_wconf 86' lang='grc' dir='ltr'>σταυρῷ</span> <span class='ocrx_word' id='word_1_355' title='bbox 1509 3508 1598 3562; x_wconf 84' lang='grc' dir='ltr'><strong>καὶ</strong></span> <span class='ocrx_word' id='word_1_356' title='bbox 1641 3508 1729 3564; x_wconf 78' lang='grc' dir='ltr'><strong>οὗτ</strong></span> 
     </span>
    </p>
   </div>
   <div class='ocr_carea' id='block_1_48' title="bbox 1977 3501 3563 3582">
    <p class='ocr_par' dir='ltr' id='par_1_48' title="bbox 1977 3501 3563 3581">
     <span class='ocr_line' id='line_1_50' title="bbox 1977 3501 3563 3581; baseline -0.003 -15"><span class='ocrx_word' id='word_1_357' title='bbox 1977 3511 2138 3581; x_wconf 86' lang='lat' dir='ltr'><strong>geato</strong></span> <span class='ocrx_word' id='word_1_358' title='bbox 2185 3508 2244 3562; x_wconf 90' lang='lat' dir='ltr'><strong>in</strong></span> <span class='ocrx_word' id='word_1_359' title='bbox 2267 3523 2497 3563; x_wconf 89' lang='lat' dir='ltr'><strong>crucem</strong></span> <span class='ocrx_word' id='word_1_360' title='bbox 2519 3521 2750 3577; x_wconf 87' lang='lat' dir='ltr'><strong>quoque</strong></span> <span class='ocrx_word' id='word_1_361' title='bbox 2770 3507 2860 3561; x_wconf 87' lang='lat' dir='ltr'><strong>est</strong></span> <span class='ocrx_word' id='word_1_362' title='bbox 2887 3507 3083 3561; x_wconf 88' lang='lat' dir='ltr'><strong>actus:</strong></span> <span class='ocrx_word' id='word_1_363' title='bbox 3115 3501 3215 3559; x_wconf 92' lang='lat' dir='ltr'><strong>illo</strong></span> <span class='ocrx_word' id='word_1_364' title='bbox 3237 3503 3286 3560; x_wconf 92' lang='lat' dir='ltr'><strong>ei</strong></span> <span class='ocrx_word' id='word_1_365' title='bbox 3319 3502 3563 3561; x_wconf 87' lang='lat' dir='ltr'><strong>crimine</strong></span> 
     </span>
    </p>
   </div>
   <div class='ocr_carea' id='block_1_49' title="bbox 138 3589 1724 3672">
    <p class='ocr_par' dir='ltr' id='par_1_49' title="bbox 138 3589 1724 3672">
     <span class='ocr_line' id='line_1_51' title="bbox 138 3589 1724 3672; baseline 0.004 -27"><span class='ocrx_word' id='word_1_366' title='bbox 138 3590 527 3667; x_wconf 76' lang='grc' dir='ltr'>προσήλωται,</span> <span class='ocrx_word' id='word_1_367' title='bbox 553 3589 808 3668; x_wconf 80' lang='grc' dir='ltr'>ἔγκλημά</span> <span class='ocrx_word' id='word_1_368' title='bbox 851 3595 904 3648; x_wconf 74' lang='grc' dir='ltr'>οἱ</span> <span class='ocrx_word' id='word_1_369' title='bbox 953 3590 1344 3670; x_wconf 80' lang='grc' dir='ltr'>ἐπαγαγόντος,</span> <span class='ocrx_word' id='word_1_370' title='bbox 1389 3595 1472 3652; x_wconf 78' lang='grc' dir='ltr'><strong>δτι</strong></span> <span class='ocrx_word' id='word_1_371' title='bbox 1516 3597 1660 3672; x_wconf 77' lang='grc' dir='ltr'>περὶ·</span> <span class='ocrx_word' id='word_1_372' title='bbox 1695 3619 1724 3652; x_wconf 92' lang='grc' dir='ltr'><strong>τ</strong></span> 
     </span>
    </p>
   </div>
   <div class='ocr_carea' id='block_1_50' title="bbox 1980 3589 3566 3672">
    <p class='ocr_par' dir='ltr' id='par_1_50' title="bbox 1980 3590 3566 3670">
     <span class='ocr_line' id='line_1_52' title="bbox 1980 3590 3566 3670; baseline -0.003 -16"><span class='ocrx_word' id='word_1_373' title='bbox 1980 3599 2152 3670; x_wconf 87' lang='lat' dir='ltr'><strong>jecto,</strong></span> <span class='ocrx_word' id='word_1_374' title='bbox 2186 3597 2342 3669; x_wconf 91' lang='lat' dir='ltr'><strong>quod</strong></span> <span class='ocrx_word' id='word_1_375' title='bbox 2374 3597 2683 3667; x_wconf 85' lang='lat' dir='ltr'><strong>conjugem</strong></span> <span class='ocrx_word' id='word_1_376' title='bbox 2733 3594 2860 3664; x_wconf 87' lang='lat' dir='ltr'><strong>ejus</strong></span> <span class='ocrx_word' id='word_1_377' title='bbox 2892 3590 3270 3649; x_wconf 85' lang='lat' dir='ltr'><strong>Maximillam</strong></span> <span class='ocrx_word' id='word_1_378' title='bbox 3302 3593 3566 3650; x_wconf 84' lang='lat' dir='ltr'><strong>fratrem-</strong></span> 
     </span>
    </p>
   </div>
   <div class='ocr_carea' id='block_1_51' title="bbox 128 3679 1714 3763">
    <p class='ocr_par' dir='ltr' id='par_1_51' title="bbox 128 3679 1714 3763">
     <span class='ocr_line' id='line_1_53' title="bbox 128 3679 1714 3763; baseline 0.003 -30"><span class='ocrx_word' id='word_1_379' title='bbox 128 3682 383 3755; x_wconf 74' lang='grc' dir='ltr'>γαμετὴν</span> <span class='ocrx_word' id='word_1_380' title='bbox 415 3679 576 3736; x_wconf 73' lang='grc' dir='ltr'>αὐτοῦ</span> <span class='ocrx_word' id='word_1_381' title='bbox 626 3680 976 3754; x_wconf 82' lang='grc' dir='ltr'>Μαξιμίλλαν</span> <span class='ocrx_word' id='word_1_382' title='bbox 1017 3682 1107 3737; x_wconf 85' lang='grc' dir='ltr'><strong>καὶ</strong></span> <span class='ocrx_word' id='word_1_383' title='bbox 1153 3684 1244 3738; x_wconf 89' lang='grc' dir='ltr'><strong>τὸν</strong></span> <span class='ocrx_word' id='word_1_384' title='bbox 1279 3682 1511 3763; x_wconf 76' lang='grc' dir='ltr'>ἀδελφὸν</span> <span class='ocrx_word' id='word_1_385' title='bbox 1556 3692 1714 3760; x_wconf 61' lang='grc' dir='ltr'>Στραπ</span> 
     </span>
    </p>
   </div>
   <div class='ocr_carea' id='block_1_52' title="bbox 1977 3679 3563 3763">
    <p class='ocr_par' dir='ltr' id='par_1_52' title="bbox 1977 3681 3563 3755">
     <span class='ocr_line' id='line_1_54' title="bbox 1977 3681 3563 3755; baseline -0.001 -15"><span class='ocrx_word' id='word_1_386' title='bbox 1977 3703 2018 3742; x_wconf 82' lang='grc' dir='ltr'>ιθ</span> <span class='ocrx_word' id='word_1_387' title='bbox 2047 3683 2411 3752; x_wconf 87' lang='lat' dir='ltr'><strong>Stratoclem,</strong></span> <span class='ocrx_word' id='word_1_388' title='bbox 2442 3682 2799 3755; x_wconf 87' lang='lat' dir='ltr'><strong>impietatem</strong></span> <span class='ocrx_word' id='word_1_389' title='bbox 2842 3682 2968 3752; x_wconf 88' lang='lat' dir='ltr'><strong>ejus</strong></span> <span class='ocrx_word' id='word_1_390' title='bbox 3016 3681 3290 3737; x_wconf 89' lang='lat' dir='ltr'><strong>detestari</strong></span> <span class='ocrx_word' id='word_1_391' title='bbox 3330 3681 3563 3739; x_wconf 87' lang='lat' dir='ltr'><strong>docuis-</strong></span> 
     </span>
    </p>
   </div>
   <div class='ocr_carea' id='block_1_53' title="bbox 123 3766 1709 3848">
    <p class='ocr_par' dir='ltr' id='par_1_53' title="bbox 123 3766 1709 3848">
     <span class='ocr_line' id='line_1_55' title="bbox 123 3766 1709 3848; baseline 0.003 -26"><span class='ocrx_word' id='word_1_392' title='bbox 123 3766 289 3840; x_wconf 78' lang='grc' dir='ltr'>κλέα,</span> <span class='ocrx_word' id='word_1_393' title='bbox 325 3773 541 3842; x_wconf 78' lang='grc' dir='ltr'>Χριστῷ</span> <span class='ocrx_word' id='word_1_394' title='bbox 572 3774 936 3848; x_wconf 80' lang='grc' dir='ltr'>προσαγάγοι,</span> <span class='ocrx_word' id='word_1_395' title='bbox 963 3773 1062 3842; x_wconf 77' lang='grc' dir='ltr'><strong>τήν</strong></span> <span class='ocrx_word' id='word_1_396' title='bbox 1098 3771 1304 3828; x_wconf 80' lang='grc' dir='ltr'>ἐκείνου</span> <span class='ocrx_word' id='word_1_397' title='bbox 1358 3771 1709 3848; x_wconf 78' lang='grc' dir='ltr'>βδελυξαμέν‹</span> 
     </span>
    </p>
   </div>
   <div class='ocr_carea' id='block_1_54' title="bbox 1709 3766 3295 3848">
    <p class='ocr_par' dir='ltr' id='par_1_54' title="bbox 1709 3770 3295 3846">
     <span class='ocr_line' id='line_1_56' title="bbox 1709 3770 3295 3846; baseline -0.001 -18"><span class='ocrx_word' id='word_1_398' title='bbox 1709 3795 1792 3837; x_wconf 75' lang='grc' dir='ltr'><strong>ους</strong></span> <span class='ocrx_word' id='word_1_399' title='bbox 1905 3780 2012 3846; x_wconf 88' lang='lat' dir='ltr'><strong>set,</strong></span> <span class='ocrx_word' id='word_1_400' title='bbox 2046 3779 2102 3830; x_wconf 91' lang='lat' dir='ltr'><strong>et</strong></span> <span class='ocrx_word' id='word_1_401' title='bbox 2130 3775 2202 3830; x_wconf 89' lang='lat' dir='ltr'><strong>ad</strong></span> <span class='ocrx_word' id='word_1_402' title='bbox 2233 3771 2448 3830; x_wconf 88' lang='lat' dir='ltr'><strong>Christi</strong></span> <span class='ocrx_word' id='word_1_403' title='bbox 2479 3772 2655 3828; x_wconf 86' lang='lat' dir='ltr'><strong>ﬁdem</strong></span> <span class='ocrx_word' id='word_1_404' title='bbox 2687 3771 3044 3828; x_wconf 87' lang='lat' dir='ltr'><strong>adduxisset.</strong></span> <span class='ocrx_word' id='word_1_405' title='bbox 3080 3770 3208 3843; x_wconf 85' lang='lat' dir='ltr'><strong>Cap.</strong></span> <span class='ocrx_word' id='word_1_406' title='bbox 3241 3787 3295 3826; x_wconf 83' lang='lat' dir='ltr'><strong>x.</strong></span> 
     </span>
    </p>
   </div>
   <div class='ocr_carea' id='block_1_55' title="bbox 130 3852 476 3915">
    <p class='ocr_par' dir='ltr' id='par_1_55' title="bbox 130 3852 476 3915">
     <span class='ocr_line' id='line_1_57' title="bbox 130 3852 476 3915; baseline 0.009 -4"><span class='ocrx_word' id='word_1_407' title='bbox 130 3852 476 3915; x_wconf 76' lang='grc' dir='ltr'>δυσσέϐειαν.</span> 
     </span>
    </p>
   </div>
   <div class='ocr_carea' id='block_1_56' title="bbox 1726 3981 1991 4038">
    <p class='ocr_par' dir='ltr' id='par_1_56' title="bbox 1726 3981 1991 4038">
     <span class='ocr_line' id='line_1_58' title="bbox 1726 3981 1991 4038; baseline 0 -2"><span class='ocrx_word' id='word_1_408' title='bbox 1726 3981 1991 4038; x_wconf 84' lang='lat' dir='ltr'><strong>XXXVII.</strong></span> 
     </span>
    </p>
   </div>
   <div class='ocr_carea' id='block_1_57' title="bbox 253 4071 3421 4152">
    <p class='ocr_par' dir='ltr' id='par_1_57' title="bbox 253 4071 3421 4152">
     <span class='ocr_line' id='line_1_59' title="bbox 253 4071 3421 4152; baseline 0 -25"><span class='ocrx_word' id='word_1_409' title='bbox 253 4071 624 4131; x_wconf 76' lang='lat' dir='ltr'><strong>LAUREN&#39;I‘IUS</strong></span> <span class='ocrx_word' id='word_1_410' title='bbox 671 4076 1073 4146; x_wconf 77' lang='lat' dir='ltr'><strong>JUSTINIANUS,</strong></span> <span class='ocrx_word' id='word_1_411' title='bbox 1105 4095 1266 4135; x_wconf 70' lang='lat' dir='ltr'><strong>term.</strong></span> <span class='ocrx_word' id='word_1_412' title='bbox 1295 4079 1357 4134; x_wconf 90' lang='lat' dir='ltr'><strong>in</strong></span> <span class='ocrx_word' id='word_1_413' title='bbox 1387 4080 1533 4136; x_wconf 86' lang='lat' dir='ltr'><strong>festo</strong></span> <span class='ocrx_word' id='word_1_414' title='bbox 1564 4081 1622 4137; x_wconf 91' lang='lat' dir='ltr'><strong>S.</strong></span> <span class='ocrx_word' id='word_1_415' title='bbox 1667 4081 1908 4136; x_wconf 67' lang='lat' dir='ltr'><strong>Andreae</strong></span> <span class='ocrx_word' id='word_1_416' title='bbox 1940 4078 2211 4152; x_wconf 89' lang='lat' dir='ltr'><strong>apostoli,</strong></span> <span class='ocrx_word' id='word_1_417' title='bbox 2243 4094 2313 4133; x_wconf 80' lang='lat' dir='ltr'><strong>ex</strong></span> <span class='ocrx_word' id='word_1_418' title='bbox 2339 4076 2472 4133; x_wconf 71' lang='lat' dir='ltr'><strong>edit.</strong></span> <span class='ocrx_word' id='word_1_419' title='bbox 2510 4077 2690 4132; x_wconf 81' lang='lat' dir='ltr'><strong>Venet.</strong></span> <span class='ocrx_word' id='word_1_420' title='bbox 2725 4074 2881 4140; x_wconf 86' lang='grc'>1606,</span> <span class='ocrx_word' id='word_1_421' title='bbox 2919 4091 3046 4146; x_wconf 88' lang='lat' dir='ltr'><strong>pag.</strong></span> <span class='ocrx_word' id='word_1_422' title='bbox 3077 4073 3202 4140; x_wconf 80' lang='grc'><strong>294,</strong></span> <span class='ocrx_word' id='word_1_423' title='bbox 3233 4071 3334 4129; x_wconf 83' lang='lat' dir='ltr'><strong>col.</strong></span> <span class='ocrx_word' id='word_1_424' title='bbox 3368 4071 3421 4127; x_wconf 87' lang='grc'><strong>4.</strong></span> 
     </span>
    </p>
   </div>
   <div class='ocr_carea' id='block_1_58' title="bbox 207 4170 3558 4255">
    <p class='ocr_par' dir='ltr' id='par_1_58' title="bbox 207 4170 3558 4255">
     <span class='ocr_line' id='line_1_60' title="bbox 207 4170 3558 4255; baseline 0 -29"><span class='ocrx_word' id='word_1_425' title='bbox 207 4175 754 4255; x_wconf 66' lang='lat' dir='ltr'><strong>magnanimitatem</strong></span> <span class='ocrx_word' id='word_1_426' title='bbox 786 4177 963 4247; x_wconf 87' lang='lat' dir='ltr'><strong>hujus</strong></span> <span class='ocrx_word' id='word_1_427' title='bbox 997 4179 1394 4255; x_wconf 71' lang='lat' dir='ltr'><strong>rubustissimi</strong></span> <span class='ocrx_word' id='word_1_428' title='bbox 1427 4181 1613 4251; x_wconf 89' lang='lat' dir='ltr'><strong>ducis,</strong></span> <span class='ocrx_word' id='word_1_429' title='bbox 1648 4179 2096 4255; x_wconf 82' lang='lat' dir='ltr'><strong>imperterritam</strong></span> <span class='ocrx_word' id='word_1_430' title='bbox 2140 4182 2420 4255; x_wconf 80' lang='lat' dir='ltr'><strong>mentem,</strong></span> <span class='ocrx_word' id='word_1_431' title='bbox 2468 4174 2761 4255; x_wconf 77' lang='lat' dir='ltr'><strong>passionis</strong></span> <span class='ocrx_word' id='word_1_432' title='bbox 2803 4173 3180 4255; x_wconf 78' lang='lat' dir='ltr'><strong>desiderium,</strong></span> <span class='ocrx_word' id='word_1_433' title='bbox 3232 4170 3558 4255; x_wconf 62' lang='lat' dir='ltr'><strong>spirituale-</strong></span> 
     </span>
    </p>
   </div>
   <div class='ocr_carea' id='block_1_59' title="bbox 132 4242 3552 4327">
    <p class='ocr_par' dir='ltr' id='par_1_59' title="bbox 132 4242 3552 4327">
     <span class='ocr_line' id='line_1_61' title="bbox 132 4242 3552 4327; baseline 0.004 -31"><span class='ocrx_word' id='word_1_434' title='bbox 132 4258 254 4313; x_wconf 88' lang='lat' dir='ltr'><strong>que</strong></span> <span class='ocrx_word' id='word_1_435' title='bbox 285 4242 725 4327; x_wconf 58' lang='lat' dir='ltr'><strong>lumenipsius,</strong></span> <span class='ocrx_word' id='word_1_436' title='bbox 761 4265 828 4303; x_wconf 82' lang='lat' dir='ltr'><strong>ex</strong></span> <span class='ocrx_word' id='word_1_437' title='bbox 857 4242 1227 4327; x_wconf 67' lang='lat' dir='ltr'><strong>sermonibus</strong></span> <span class='ocrx_word' id='word_1_438' title='bbox 1275 4252 1402 4327; x_wconf 79' lang='lat' dir='ltr'><strong>ejus</strong></span> <span class='ocrx_word' id='word_1_439' title='bbox 1433 4242 1688 4327; x_wconf 79' lang='lat' dir='ltr'><strong>attende.</strong></span> <span class='ocrx_word' id='word_1_440' title='bbox 1733 4242 1884 4327; x_wconf 71' lang='lat' dir='ltr'><strong>Cum</strong></span> <span class='ocrx_word' id='word_1_441' title='bbox 1931 4252 2087 4306; x_wconf 88' lang='lat' dir='ltr'><strong>enim</strong></span> <span class='ocrx_word' id='word_1_442' title='bbox 2137 4242 2446 4327; x_wconf 76' lang='lat' dir='ltr'><strong>duceretur</strong></span> <span class='ocrx_word' id='word_1_443' title='bbox 2463 4242 2552 4327; x_wconf 32' lang='lat' dir='ltr'><strong>fut</strong></span> <span class='ocrx_word' id='word_1_444' title='bbox 2588 4245 2778 4327; x_wconf 81' lang='lat' dir='ltr'><strong>crucis</strong></span> <span class='ocrx_word' id='word_1_445' title='bbox 2809 4245 3227 4327; x_wconf 66' lang='lat' dir='ltr'><strong>imponeretur</strong></span> <span class='ocrx_word' id='word_1_446' title='bbox 3267 4242 3552 4327; x_wconf 45' lang='lat' dir='ltr'><strong>patibulo,</strong></span> 
     </span>
    </p>
   </div>
   <div class='ocr_carea' id='block_1_60' title="bbox 122 4316 1708 4398">
    <p class='ocr_par' dir='ltr' id='par_1_60' title="bbox 122 4316 1686 4398">
     <span class='ocr_line' id='line_1_62' title="bbox 122 4316 1686 4398; baseline 0.007 -29"><span class='ocrx_word' id='word_1_447' title='bbox 122 4316 472 4398; x_wconf 12' lang='lat' dir='ltr'><strong>eamdemia</strong></span> <span class='ocrx_word' id='word_1_448' title='bbox 502 4316 670 4398; x_wconf 79' lang='lat' dir='ltr'><strong>longe</strong></span> <span class='ocrx_word' id='word_1_449' title='bbox 699 4316 1451 4398; x_wconf 48' lang='lat' dir='ltr'><strong>prospiciensexclam&#39;avit,</strong></span> <span class='ocrx_word' id='word_1_450' title='bbox 1485 4325 1686 4380; x_wconf 87' lang='lat' dir='ltr'><strong>dicens</strong></span> 
     </span>
    </p>
   </div>
   <div class='ocr_carea' id='block_1_61' title="bbox 1971 4316 3557 4398">
    <p class='ocr_par' dir='ltr' id='par_1_61' title="bbox 1971 4317 3557 4398">
     <span class='ocr_line' id='line_1_63' title="bbox 1971 4317 3557 4398; baseline -0.005 -21"><span class='ocrx_word' id='word_1_451' title='bbox 1971 4341 2011 4378; x_wconf 25' lang='lat' dir='ltr'><strong>ra</strong></span> <span class='ocrx_word' id='word_1_452' title='bbox 2039 4339 2196 4388; x_wconf 74' lang='lat' dir='ltr'><strong>crux,</strong></span> <span class='ocrx_word' id='word_1_453' title='bbox 2231 4321 2327 4375; x_wconf 84' lang='lat' dir='ltr'><strong>diu</strong></span> <span class='ocrx_word' id='word_1_454' title='bbox 2356 4319 2686 4398; x_wconf 75' lang='lat' dir='ltr'><strong>desiderata,</strong></span> <span class='ocrx_word' id='word_1_455' title='bbox 2717 4321 2769 4373; x_wconf 90' lang='lat' dir='ltr'><strong>et</strong></span> <span class='ocrx_word' id='word_1_456' title='bbox 2789 4317 3336 4398; x_wconf 65' lang='lat' dir='ltr'><strong>jam_coacupiscenti</strong></span> <span class='ocrx_word' id='word_1_457' title='bbox 3363 4317 3557 4398; x_wconf 62' lang='lat' dir='ltr'><strong>apimo</strong></span> 
     </span>
    </p>
   </div>
   <div class='ocr_carea' id='block_1_62' title="bbox 119 4389 3556 4470">
    <p class='ocr_par' dir='ltr' id='par_1_62' title="bbox 119 4389 3556 4470">
     <span class='ocr_line' id='line_1_64' title="bbox 119 4389 3556 4470; baseline -0 -29"><span class='ocrx_word' id='word_1_458' title='bbox 119 4397 457 4470; x_wconf 62' lang='lat' dir='ltr'><strong>praeparata</strong></span> <span class='ocrx_word' id='word_1_459' title='bbox 487 4393 511 4470; x_wconf 51' lang='grc' dir='ltr'>,ν</span> <span class='ocrx_word' id='word_1_460' title='bbox 565 4389 785 4470; x_wconf 62' lang='lat' dir='ltr'><strong>securus</strong></span> <span class='ocrx_word' id='word_1_461' title='bbox 831 4389 885 4470; x_wconf 72' lang='lat' dir='ltr'><strong>et</strong></span> <span class='ocrx_word' id='word_1_462' title='bbox 925 4393 1176 4465; x_wconf 78' lang='lat' dir='ltr'><strong>gaudens</strong></span> <span class='ocrx_word' id='word_1_463' title='bbox 1216 4397 1372 4450; x_wconf 81' lang='lat' dir='ltr'><strong>venio</strong></span> <span class='ocrx_word' id='word_1_464' title='bbox 1406 4399 1498 4470; x_wconf 84' lang='lat' dir='ltr'><strong>ad</strong></span> <span class='ocrx_word' id='word_1_465' title='bbox 1552 4401 1623 4460; x_wconf 89' lang='lat' dir='ltr'><strong>te,</strong></span> <span class='ocrx_word' id='word_1_466' title='bbox 1657 4397 1736 4450; x_wconf 84' lang='lat' dir='ltr'><strong>ita</strong></span> <span class='ocrx_word' id='word_1_467' title='bbox 1782 4399 1838 4470; x_wconf 73' lang='lat' dir='ltr'><strong>ut</strong></span> <span class='ocrx_word' id='word_1_468' title='bbox 1888 4394 2270 4470; x_wconf 64' lang='lat' dir='ltr'><strong>tuegcsultans</strong></span> <span class='ocrx_word' id='word_1_469' title='bbox 2315 4392 2583 4470; x_wconf 77' lang='lat' dir='ltr'><strong>suscipias</strong></span> <span class='ocrx_word' id='word_1_470' title='bbox 2630 4405 2735 4470; x_wconf 66' lang='lat' dir='ltr'><strong>rae,</strong></span> <span class='ocrx_word' id='word_1_471' title='bbox 2785 4389 3118 4470; x_wconf 59' lang='lat' dir='ltr'><strong>discipulum</strong></span> <span class='ocrx_word' id='word_1_472' title='bbox 3164 4389 3281 4453; x_wconf 73' lang='lat' dir='ltr'><strong>eius</strong></span> <span class='ocrx_word' id='word_1_473' title='bbox 3319 4389 3416 4456; x_wconf 87' lang='lat' dir='ltr'><strong>qui</strong></span> <span class='ocrx_word' id='word_1_474' title='bbox 3456 4401 3556 4456; x_wconf 82' lang='lat' dir='ltr'><strong>pe-</strong></span> 
     </span>
    </p>
   </div>
   <div class='ocr_carea' id='block_1_63' title="bbox 111 4459 3556 4537">
    <p class='ocr_par' dir='ltr' id='par_1_63' title="bbox 111 4459 3556 4537">
     <span class='ocr_line' id='line_1_65' title="bbox 111 4459 3556 4537; baseline -0.002 -22"><span class='ocrx_word' id='word_1_475' title='bbox 111 4460 330 4537; x_wconf 76' lang='lat' dir='ltr'><strong>pendit</strong></span> <span class='ocrx_word' id='word_1_476' title='bbox 369 4462 426 4514; x_wconf 86' lang='lat' dir='ltr'><strong>in</strong></span> <span class='ocrx_word' id='word_1_477' title='bbox 478 4463 551 4537; x_wconf 61' lang='lat' dir='ltr'><strong>te.</strong></span> <span class='ocrx_word' id='word_1_478' title='bbox 581 4462 756 4530; x_wconf 79' lang='lat' dir='ltr'><strong>Salve,</strong></span> <span class='ocrx_word' id='word_1_479' title='bbox 787 4479 816 4518; x_wconf 89' lang='lat'><strong><em>0</em></strong></span> <span class='ocrx_word' id='word_1_480' title='bbox 848 4459 983 4519; x_wconf 66' lang='lat' dir='ltr'><strong>boﬁa</strong></span> <span class='ocrx_word' id='word_1_481' title='bbox 1017 4481 1190 4537; x_wconf 74' lang='lat' dir='ltr'><strong>crux,</strong></span> <span class='ocrx_word' id='word_1_482' title='bbox 1225 4483 1343 4536; x_wconf 71' lang='lat' dir='ltr'><strong>quae</strong></span> <span class='ocrx_word' id='word_1_483' title='bbox 1392 4469 1450 4521; x_wconf 77' lang='lat' dir='ltr'><strong>in</strong></span> <span class='ocrx_word' id='word_1_484' title='bbox 1499 4459 1718 4537; x_wconf 86' lang='lat' dir='ltr'><strong>corpore</strong></span> <span class='ocrx_word' id='word_1_485' title='bbox 1767 4466 1972 4520; x_wconf 77' lang='lat' dir='ltr'><strong>Christi</strong></span> <span class='ocrx_word' id='word_1_486' title='bbox 2000 4465 2247 4520; x_wconf 84' lang='lat' dir='ltr'><strong>dedicata</strong></span> <span class='ocrx_word' id='word_1_487' title='bbox 2293 4480 2368 4529; x_wconf 84' lang='lat' dir='ltr'><strong>es,</strong></span> <span class='ocrx_word' id='word_1_488' title='bbox 2416 4459 2473 4517; x_wconf 75' lang='lat' dir='ltr'><strong>et</strong></span> <span class='ocrx_word' id='word_1_489' title='bbox 2511 4477 2583 4515; x_wconf 76' lang='lat' dir='ltr'><strong>ea:</strong></span> <span class='ocrx_word' id='word_1_490' title='bbox 2626 4459 3051 4537; x_wconf 73' lang='lat' dir='ltr'><strong>ejus_1nembris</strong></span> <span class='ocrx_word' id='word_1_491' title='bbox 3100 4461 3369 4537; x_wconf 84' lang='lat' dir='ltr'><strong>tanquam</strong></span> <span class='ocrx_word' id='word_1_492' title='bbox 3389 4472 3556 4537; x_wconf 42' lang='lat' dir='ltr'><strong>.mar-</strong></span> 
     </span>
    </p>
   </div>
   <div class='ocr_carea' id='block_1_64' title="bbox 119 4526 3554 4656">
    <p class='ocr_par' dir='ltr' id='par_1_64' title="bbox 119 4526 3554 4656">
     <span class='ocr_line' id='line_1_66' title="bbox 119 4526 3554 4656; baseline -0.001 -72"><span class='ocrx_word' id='word_1_493' title='bbox 119 4526 348 4656; x_wconf 54' lang='lat' dir='ltr'><strong>garitis</strong></span> <span class='ocrx_word' id='word_1_494' title='bbox 395 4535 609 4602; x_wconf 84' lang='lat' dir='ltr'><strong>ornata,</strong></span> <span class='ocrx_word' id='word_1_495' title='bbox 643 4526 824 4605; x_wconf 81' lang='lat' dir='ltr'><strong>accipe</strong></span> <span class='ocrx_word' id='word_1_496' title='bbox 851 4553 939 4591; x_wconf 85' lang='lat' dir='ltr'><strong>me</strong></span> <span class='ocrx_word' id='word_1_497' title='bbox 968 4536 1036 4591; x_wconf 92' lang='lat' dir='ltr'><strong>ab</strong></span> <span class='ocrx_word' id='word_1_498' title='bbox 1065 4526 1397 4607; x_wconf 65' lang='lat' dir='ltr'><strong>homiriibus,</strong></span> <span class='ocrx_word' id='word_1_499' title='bbox 1441 4544 1496 4592; x_wconf 85' lang='lat' dir='ltr'><strong>et</strong></span> <span class='ocrx_word' id='word_1_500' title='bbox 1544 4526 1703 4593; x_wconf 75' lang='lat' dir='ltr'><strong>redde</strong></span> <span class='ocrx_word' id='word_1_501' title='bbox 1748 4553 1836 4592; x_wconf 84' lang='lat' dir='ltr'><strong>me</strong></span> <span class='ocrx_word' id='word_1_502' title='bbox 1883 4553 2024 4606; x_wconf 85' lang='lat' dir='ltr'><strong>meo,</strong></span> <span class='ocrx_word' id='word_1_503' title='bbox 2066 4540 2127 4591; x_wconf 87' lang='lat' dir='ltr'><strong>ut</strong></span> <span class='ocrx_word' id='word_1_504' title='bbox 2163 4551 2263 4607; x_wconf 85' lang='lat' dir='ltr'><strong>per</strong></span> <span class='ocrx_word' id='word_1_505' title='bbox 2310 4526 2362 4591; x_wconf 80' lang='lat' dir='ltr'><strong>te</strong></span> <span class='ocrx_word' id='word_1_506' title='bbox 2408 4549 2491 4589; x_wconf 91' lang='lat' dir='ltr'><strong>me</strong></span> <span class='ocrx_word' id='word_1_507' title='bbox 2539 4526 2798 4602; x_wconf 76' lang='lat' dir='ltr'><strong>recipiat,</strong></span> <span class='ocrx_word' id='word_1_508' title='bbox 2849 4531 2948 4601; x_wconf 87' lang='lat' dir='ltr'><strong>qui</strong></span> <span class='ocrx_word' id='word_1_509' title='bbox 2972 4545 3076 4601; x_wconf 86' lang='lat' dir='ltr'><strong>per</strong></span> <span class='ocrx_word' id='word_1_510' title='bbox 3112 4536 3163 4583; x_wconf 87' lang='lat' dir='ltr'><strong>te</strong></span> <span class='ocrx_word' id='word_1_511' title='bbox 3191 4526 3276 4582; x_wconf 87' lang='lat' dir='ltr'><strong>me</strong></span> <span class='ocrx_word' id='word_1_512' title='bbox 3301 4526 3554 4583; x_wconf 86' lang='lat' dir='ltr'><strong>redemit.</strong></span> 
     </span>
     <span class='ocr_line' id='line_1_67' title="bbox 178 4617 370 4656; baseline 0 0"><span class='ocrx_word' id='word_1_513' title='bbox 178 4617 280 4656; x_wconf 83' lang='lat' dir='ltr'><strong>an.</strong></span> <span class='ocrx_word' id='word_1_514' title='bbox 314 4619 370 4656; x_wconf 88' lang='lat' dir='ltr'><strong>x.</strong></span> 
     </span>
    </p>
   </div>
   <div class='ocr_carea' id='block_1_65' title="bbox 178 4617 370 4656">
    <p class='ocr_par' dir='ltr' id='par_1_65' title="bbox 178 4617 370 4656">
     <span class='ocr_line' id='line_1_68' title="bbox 178 4617 370 4656; baseline 0 0"><span class='ocrx_word' id='word_1_515' title='bbox 178 4617 280 4656; x_wconf 67' lang='grc' dir='ltr'>ει).</span> <span class='ocrx_word' id='word_1_516' title='bbox 314 4619 370 4656; x_wconf 76' lang='grc' dir='ltr'>Χ.</span> 
     </span>
    </p>
   </div>
   <div class='ocr_carea' id='block_1_66' title="bbox 198 4619 3553 4749">
    <p class='ocr_par' dir='ltr' id='par_1_66' title="bbox 198 4619 3553 4749">
     <span class='ocr_line' id='line_1_69' title="bbox 198 4619 3553 4749; baseline -0.001 -21"><span class='ocrx_word' id='word_1_517' title='bbox 198 4619 527 4730; x_wconf 50' lang='grc' dir='ltr'><strong>Ἑίοέἶτειυε</strong></span> <span class='ocrx_word' id='word_1_518' title='bbox 554 4693 787 4749; x_wconf 84' lang='lat' dir='ltr'><strong>quoque</strong></span> <span class='ocrx_word' id='word_1_519' title='bbox 813 4677 1284 4749; x_wconf 62' lang='lat' dir='ltr'><strong>Caaruusumus,</strong></span> <span class='ocrx_word' id='word_1_520' title='bbox 1333 4696 1480 4736; x_wconf 88' lang='lat' dir='ltr'><strong>sem.</strong></span> <span class='ocrx_word' id='word_1_521' title='bbox 1530 4698 1548 4736; x_wconf 82' lang='lat'><strong><em>1</em></strong></span> <span class='ocrx_word' id='word_1_522' title='bbox 1577 4684 1634 4736; x_wconf 90' lang='lat' dir='ltr'><strong>et</strong></span> <span class='ocrx_word' id='word_1_523' title='bbox 1661 4697 1737 4747; x_wconf 78' lang='grc' dir='ltr'><strong>ιν,</strong></span> <span class='ocrx_word' id='word_1_524' title='bbox 1769 4679 1833 4736; x_wconf 86' lang='lat' dir='ltr'><strong>de</strong></span> <span class='ocrx_word' id='word_1_525' title='bbox 1867 4678 2120 4734; x_wconf 79' lang='lat' dir='ltr'><strong>laudibus</strong></span> <span class='ocrx_word' id='word_1_526' title='bbox 2151 4676 2206 4733; x_wconf 91' lang='lat' dir='ltr'><strong>S.</strong></span> <span class='ocrx_word' id='word_1_527' title='bbox 2239 4677 2494 4745; x_wconf 59' lang='lat' dir='ltr'><strong>Andrex,</strong></span> <span class='ocrx_word' id='word_1_528' title='bbox 2527 4673 2695 4747; x_wconf 88' lang='lat' dir='ltr'><strong>plura</strong></span> <span class='ocrx_word' id='word_1_529' title='bbox 2726 4670 3003 4728; x_wconf 86' lang='lat' dir='ltr'><strong>describit</strong></span> <span class='ocrx_word' id='word_1_530' title='bbox 3030 4686 3099 4728; x_wconf 82' lang='lat' dir='ltr'><strong>ex</strong></span> <span class='ocrx_word' id='word_1_531' title='bbox 3123 4668 3369 4743; x_wconf 78' lang='lat' dir='ltr'><strong>Epistola</strong></span> <span class='ocrx_word' id='word_1_532' title='bbox 3396 4682 3553 4740; x_wconf 74' lang='lat' dir='ltr'><strong>pres-</strong></span> 
     </span>
    </p>
   </div>
   <div class='ocr_carea' id='block_1_67' title="bbox 120 4742 1198 4816">
    <p class='ocr_par' dir='ltr' id='par_1_67' title="bbox 120 4742 1198 4816">
     <span class='ocr_line' id='line_1_70' title="bbox 120 4742 1198 4816; baseline 0.008 -18"><span class='ocrx_word' id='word_1_533' title='bbox 120 4742 454 4816; x_wconf 84' lang='lat' dir='ltr'><strong>byterorum</strong></span> <span class='ocrx_word' id='word_1_534' title='bbox 483 4751 537 4801; x_wconf 88' lang='lat' dir='ltr'><strong>et</strong></span> <span class='ocrx_word' id='word_1_535' title='bbox 565 4742 923 4805; x_wconf 77' lang='lat' dir='ltr'><strong>diacbnorum</strong></span> <span class='ocrx_word' id='word_1_536' title='bbox 951 4749 1198 4807; x_wconf 71' lang='lat' dir='ltr'><strong>Achaiae.</strong></span> 
     </span>
    </p>
   </div>
  </div>
