4016 6222
502 413 669 495 η1199

1333 404 2031 471 PBESBYTERORUM
2075 405 2176 467 ET
2220 404 2741 470 DIACONORUM
2784 404 3098 469 ACHAI/E

3690 419 3809 481 i200

3385 549 3815 574 ἣ

1472 689 2175 789 GALLANDII
2263 690 2949 788 PR/EFATIO

872 888 938 950 In
968 885 1310 969 Epistolam
1346 887 1865 967 Presbyterorum
1902 891 1966 947 et
1993 883 2407 946 Diaconorum
2434 882 2689 945 Achaiae
2727 883 2807 946 de
2844 884 3146 966 martyrio
3175 887 3242 948 S.
3272 886 3544 950 Andreae.

1520 1047 1654 1120 (Yet.
1686 1049 1839 1103 Patr.
1873 1044 2164 1118 Biblioth.,
2199 1045 2242 1115 Ι,
2273 1043 2522 1119 Proleg.,
2556 1060 2612 1117 p.
2649 1047 2911 1118 xxxvrn.)

587 1669 682 1725 ΙΙΙ.
716 1671 791 1723 De
818 1670 1043 1738 antiqua
1070 1667 1307 1738 ejusdem
1336 1666 1593 1735 Epistolee
1623 1667 1887 1738 versione.

583 1740 676 1795 ιν.
710 1740 885 1810 Hujus

1933 1340 2141 1432 SYN
2153 1340 2500 1430 OPSIS.

508 1514 509 1517 ¹
584 1527 630 1583 Ῑ.
665 1526 774 1583 Cur
801 1525 931 1581 huic
959 1523 1220 1596 Epistolas
1252 1524 1400 1596 inter
1425 1523 1637 1596 vetusta
1665 1521 1919 1596 Ecclesia
1945 1528 2298 1596 monumenta
2324 1519 2471 1596 locus
2500 1520 2828 1596 assignatus.

584 1598 653 1654 II.
688 1600 761 1654 De
789 1596 959 1653 variis
987 1592 1101 1665 eius
1129 1595 1484 1660 editionibus,
1516 1594 1900 1650 Mombritiana
1924 1594 2272 1664 potissimum
2298 1599 2351 1647 et
2379 1592 2801 1663 Lipomaniana.

952 1732 1171 1809 lpistolae
1200 1732 1489 1793 sinceritas
1519 1738 1692 1809 variis
1719 1734 2038 1809 nominibus
2065 1732 2413 1809 agnoscenda
2439 1733 2675 1789 videtur.
2711 1734 3082 1809 Chrysostomi
3102 1735 3261 1809 locus
3286 1751 3565 1809 expensus.

582 1810 650 1865 V.
684 1804 924 1866 Solvitur
951 1804 1199 1881 bbjectio,
1231 1824 1300 1863 ea:
1326 1824 1448 1881 voce
1475 1804 1694 1881 τριάὸρς
1724 1808 2031 1881 desumpta,
2057 1821 2220 1881 quam
2246 1807 2416 1876 fuisse
2451 1810 2775 1877 usurpatam
2805 1804 2987 1873 tertio,
3017 1807 3152 1878 quin
3181 1812 3232 1864 et
3259 1804 3492 1865 secundo
3519 1807 3706 1875 saeculo,
3723 1812 3827 1865 erin-

511 1884 656 1939 citur
684 1897 755 1938 ex
783 1877 1025 1937 Patrum'
1041 1877 1420 1936 vetustissimis
1448 1877 1564 1935 tum
1622 1878 1827 1935 Graecis
1854 1883 1973 1934 tum
2002 1877 2231 1932 Lalinis.

582 1957 677 2009 VI.
714 1953 957 2025 Objectus
987 1954 1131 2025 locus
1161 1952 1228 2007 de
1255 1952 1593 2025 processione
1623 1950 1860 2021 Spiritus
1889 1950 2064 2025 sancti
2092 1946 2443 2025 expenditur.
2470 1946 2666 2025 Eadem
2694 1946 2917 2019 phrasis
2946 1949 3005 2003 in
3037 1947 3225 2007 Graeca
3252 1951 3597 2021 Dialogorum
3621 1950 3669 2007 S.
3692 1950 3827 2022 Grego-

510 2024 587 2080 rii
616 2019 883 2090 versione,
912 2024 1070 2091 cuius
1097 2019 1288 2079 auctor
1314 2022 1608 2077 Zacharias
1635 2019 1799 2093 papa.
1831 2019 2062 2093 Samuel
2091 2019 2401 2093 Basnagius
2428 2022 2663 2093 notatus.

582 2095 709 2151 VII.

746 2098 994 2167 Quwstio
1020 2093 1085 2149 de
1114 2097 1283 2161 zEgea
1309 2098 1618 2167 memorato
1636 2090 1963 2167 in'epistota
1989 2090 2511 2167 Ecclesinnchaicae
2538 2090 2800 2167 discussa.
2822 2090 3317 2167 Locus_Sophronio
3343 2095 3620 2167 ascriptus,
3646 2093 3829 2167 vindica-

513 2175 623 2222 tur.
650 2160 1084 2241 Eiusinterpres
1110 2160 1369 2241 Erasmus
1397 2164 1730 2241 defenditur.
1753 2160 1976 2241 Duplex
1994 2164 2197 2241 Edessa
2223 2160 2650 2241 distinguenda;
2685 2177 2931 2241 quarum
2957 2160 3133 2241 altera
3160 2167 3437 2241 recentior
3464 2160 3832 2241 Osrhoeniccm-

512 2240 719 2309 tiquior
746 2239 928 2293 altera
957 2234 1322 2300 Macedonica,
1351 2237 1608 2309 primitus
1636 2237 1804 2306 Egea
1831 2235 1978 2290 dicta
2005 2252 2025 2290 :
2056 2237 2218 2304 cujus
2241 2234 2485 2287 nominis
2514 2234 2797 2287 occasione
2823 2235 3111 2291 nonnulla
3155 2234 3220 2290 de
3268 2237 3442 2306 digea
3473 2237 3762 2308 proconsule,
3794 2243 3835 2289 ut

513 2308 715 2382 fertur,
748 2308 990 2378 Achaiae,
1020 2309 1307 2379 propositae
1333 2308 1683 2382 conjectura.

584 2373 737 2436 Vill.
769 2385 855 2437 De
879 2373 1248 2451 tenip’ore’quo
1274 2373 1481 2449 scripta
1503 2382 1753 2434 censetur
1775 2375 2018 2449 Epistola
2049 2392 2062 2431 :
2093 2375 2370 2446 simulque
2393 2375 2558 2430 varia
2584 2373 2649 2429 de
2682 2373 3002 2447 Vespasiano
3025 2380 3401 2448 persecutore.

586 2536 630 2591 Ι.
665 2534 825 2599 Quod
859 2534 1132 2606 superius
1160 2533 1220 2588 in
1252 2532 1587 2605 praefatione
1620 2530 1873 2604 generali
1904 2530 2164 2602 antiqui-
2192 2531 2249 2598 Α
2278 2529 2453 2585 nibus
2483 2528 2850 2599 distinctum,
2878 2528 3037 2586 haud
3083 2531 3479 2606 incongruum
3522 2536 3838 2605 putsmns,ex

512 2626 703 2681 tatum
732 2622 1257 2681 ecclesiasticarum
1303 2621 1585 2678 studiosis
1615 2621 1965 2694 recepimus,
2014 2622 2160 2675 Acta

510 2716 828 2785 martyrum
880 2728 989 2767 nos
1045 2727 1175 2768 esse
1234 2709 1602 2776 collecturos,
1673 2727 1778 2783 pro
1825 2713 2155 2781 temporum

400 2816 409 2825 '
510 2798 735 2857 ratione
766 2800 1120 2873 digerenda;
1155 2799 1213 2854 id
1247 2798 1487 2871 quidem
1516 2802 1797 2871 prestare
1826 2814 1981 2853 nunc
2013 2796 2157 2852 inci-

508 2889 728 2962 pimus,
758 2889 1063 2960 Epistolam
1092 2886 1445 2961 encyclicam
1476 2887 1923 2959 presbyterorum
1958 2894 2009 2941 et
2036 2885 2157 2940 dia-

505 2993 766 3033 conorum
792 2977 1016 3033 Achaia
1051 2977 1118 3032 de
1145 2980 1205 3033 S.
1238 2978 1485 3034 Andrex
1512 2977 1747 3049 apostoli
1776 2977 2063 3046 martyrio,
2097 2975 2157 3030 in

506 3064 769 3122 medium
800 3064 1180 3137 proferentes.
1213 3064 1370 3121 Licet
1397 3065 1553 3120 enim
1585 3065 1738 3120 inter
1764 3066 1905 3120 Acta
1939 3066 2156 3135 marty-

506 3169 639 3211 rum
691 3154 941 3222 sincera,
992 3152 1251 3208 virorum
1302 3152 1667 3208 eruditorum
1726 3152 1951 3224 judicio
1995 3151 2153 3207 haud

507 3242 685 3299 fuerit
710 3242 997 3298 hactenus
1029 3242 1149 3297 hinc
1168 3240 1433 3313 Epistola
1453 3241 1775 3309 recensita;
1807 3257 1935 3296 eam
1956 3245 2155 3297 tamen

508 3331 747 3388 omnino
796 3330 1237 3404 praetermittere
1306 3329 1570 3402 religioni
1630 3329 1993 3385 habuimus:
2037 3330 2157 3385 sive

507 3420 660 3493 quod
714 3420 786 3475 ab
834 3419 1092 3491 antiquis
1142 3419 1507 3491 temporibus
1557 3416 1818 3473 Ecclesiae
1860 3417 2154 3474 catholicae

507 3508 813 3578 sententia,
848 3509 1025 3580 digna
1074 3508 1248 3565 fuerit
1276 3507 1608 3565 existimata
1659 3524 1785 3579 quae
1834 3506 1894 3562 in
1943 3507 2156 3565 divinis

507 3597 720 3655 ofﬁciis
750 3597 1111 3655 celebrandis
1161 3597 1393 3670 publice
1443 3599 1863 3668 usurparetur;
1908 3598 2060 3668 quod
2095 3597 2154 3653 in

503 3686 716 3759 primis
744 3688 1127 3760 spectandum
1161 3691 1283 3742 erat
1320 3705 1331 3743 :
1367 3686 1485 3742 sivo
1515 3686 1669 3757 quod
1703 3701 1887 3757 nuper
1917 3686 2154 3741 demum

509 3776 567 3832 in
600 3776 792 3833 lucem
826 3776 1106 3849 prodierit
1150 3779 1344 3831 textus
1375 3775 1626 3843 Graecus,
1662 3790 1777 3846 quo
1810 3774 1999 3848 magis
2030 3792 2153 3831 ma-

506 3864 715 3936 gisque
762 3864 1163 3920 vetustissima
1208 3863 1416 3931 versio,
1470 3862 1739 3919 Ecclesiae
1762 3864 1993 3934 jamdiu
2020 3880 2152 3936 pro-

502 3952 661 4008 bata:
696 3954 1076 4009 confirmatur
1116 3969 1128 4008 :
1184 3952 1304 4009 sive
1347 3953 1500 4024 quod
1531 3952 1770 4007 tandem
1799 3950 1906 4006 viri
1938 3953 2151 4008 eruditi

505 4043 700 4097 studio
750 4042 1019 4113 quamvis
1066 4058 1101 4096 a
1153 4040 1436 4096 catholica
1482 4039 1894 4096 communione
1952 4039 2149 4109 alieni,

505 4131 707 4185 eadem
738 4130 997 4202 Epistola
1024 4130 1228 4201 paucis
1272 4129 1483 4185 abhinc
1515 4129 1683 4185 annis
1716 4129 1909 4185 Graeco
1938 4147 2004 4184 ac
2043 4131 2149 4186 La-

504 4217 626 4274 tine
657 4219 715 4273 in
747 4218 957 4291 vulgus
987 4218 1225 4289 emissa,
1255 4217 1412 4273 velut
1458 4218 1721 4273 sincerus
1770 4234 1944 4274 sacrae
1995 4221 2148 4275 anti-

504 4306 750 4379 quitatis
779 4307 930 4364 fetus
961 4307 1135 4363 fuerit
1157 4310 1546 4379 propugnata.
1579 4307 1740 4372 Quod
1765 4307 1815 4363 si
1843 4323 1976 4363 vero
1997 4306 2149 4362 hanc

504 4395 823 4469 Epistolam
854 4397 1049 4453 minus
1080 4401 1234 4453 recte
1265 4397 1416 4452 inter
1442 4398 1585 4452 Acta
1623 4400 1944 4469 martyrum
1978 4396 2148 4453 nobis

500 4486 820 4560 repositam
852 4487 984 4559 quis
1014 4486 1370 4554 arbitretur;
1422 4485 1584 4541 illum
1625 4484 1832 4542 saltem
1864 4489 2145 4557 tanquam

497 4580 793 4633 vetustum
854 4593 1003 4649 opus
1062 4575 1524 4633 ecclesiasticum
1592 4591 1720 4630 esse
1792 4574 2146 4645 habendam,

497 4664 657 4721 haud
704 4664 839 4721 ierit
883 4665 1112 4720 inficias
1165 4681 1181 4720 :
1233 4665 1493 4735 adeoque
1541 4663 1628 4718 vel
1677 4680 1742 4718 eo
1791 4663 2027 4718 nomine
2086 4664 2144 4718 in

497 4757 760 4810 nostram
790 4752 1207 4810 bibliothecam
1247 4754 1382 4824 jure
1432 4752 1795 4807 inferendam
1844 4750 2144 4808 existima-

495 4842 710 4898 vimus.

568 4931 641 4986 ΙΙ.
677 4930 841 4987 Illam
874 4936 1069 4987 autem
1117 4930 1343 5002 primus
1386 4930 1441 4984 in
1476 4928 1663 4984 lucem
1694 4927 1959 4984 emisisse
1986 4945 2143 4984 com-

496 5018 720 5092 peritur
754 5020 1013 5075 Boninus
1042 5019 1410 5073 Mombritius
1445 5017 1725 5090 patricius
1750 5015 2141 5073 Mediolanen-

496 5107 602 5175 sis,
634 5106 691 5163 iu
731 5109 862 5165 Vitis
917 5112 1256 5173 sanctorum,
1309 5107 1417 5162 sub
1452 5107 1624 5161 linem
1659 5105 1853 5161 saeculi
1889 5123 1958 5160 xv
1989 5106 2142 5178 typis

2268 2633 2334 2673 eo
2368 2617 2637 2689 Epistolas
2682 2622 2893 2674 nostris
2922 2618 3159 2677 initium
3190 2620 3285 2676 hic
3317 2621 3713 2689 describere,ut
3729 2620 3835 2692 quod

2267 2723 2301 2763 a
2328 2705 2568 2777 reliquis
2598 2706 2790 2776 editis,
2824 2707 2968 2779 quin
2998 2713 3054 2765 et
3084 2710 3155 2765 ab
3198 2709 3334 2782 ipso
3369 2711 3563 2769 Graeco
3595 2707 3837 2783 exemplari

2267 2794 2697 2866 aliquantulum
2727 2796 3037 2869 discrepat.
3067 2797 3160 2853 Sic
3184 2803 3389 2855 autem
3423 2817 3486 2856 se
3516 2800 3675 2855 habet
3701 2816 3713 2855 :

2576 2888 2783 2941 PASSIO
2822 2901 2985 2942 BEATI
3021 2888 3276 2943 Annum:
3312 2904 3602 2946 APOS‘I‘OLI.

2340 2974 2595 3028 Diacones
2625 2975 2981 3030 ecclesiarum
3010 2976 3214 3031 Acahie
3257 2978 3397 3049 (sic)
3438 2980 3730 3050 scripsimus
3753 2976 3837 3030 uni-

2263 3062 2437 3116 versis
2462 3063 2738 3131 Ecclesiis,
2770 3079 2893 3135 qua:
2919 3067 3046 3119 sunt
3090 3066 3150 3120 in
3195 3067 3411 3123 oriente
3449 3071 3501 3122 et
3543 3065 3835 3131 occidentes!

2264 3149 2494 3205 meridie
2521 3153 2571 3205 et
2607 3153 2972 3223 septentrione
3013 3154 3070 3208 in
3123 3153 3338 3210 Christi
3380 3157 3603 3211 nomine
3641 3157 3836 3210 constituo

2263 3242 2331 3293 εκ
2380 3255 2399 3292 :
2442 3245 2567 3294 Pax
2610 3241 2762 3295 vobis
2806 3244 2861 3296 et
2905 3243 3179 3298 universis
3223 3245 3328 3315 qui
3377 3243 3603 3301 credunt
3644 3247 3696 3299 in
3717 3258 3835 3298 unum

2265 3342 2389 3382 eum
2418 3327 2484 3398 (Ι.
2519 3328 2707 3399 Deum)
2745 3337 2798 3384 et
2843 3329 2905 3385 in
2955 3331 3278 3387 Trinitatem
3325 3335 3669 3403 perfectam:
3706 3348 3836 3387 verm

2263 3420 2483 3471 Patrem
2538 3417 2860 3489 ingenitum,
2926 3427 2980 3473 et
3018 3436 3209 3475 verum
3273 3422 3489 3477 Filium
3544 3423 3835 3494 unigenitum.
3944 3468 3945 3475 η

2259 3506 2315 3561 et
2344 3521 2536 3560 verum
2580 3506 2850 3576 Spiritum
2893 3512 3172 3577 sanctum,
3210 3512 3601 3581 procedentem
3632 3528 3694 3568 ea:
3729 3512 3839 3565 Patri
3944 3574 3945 3593 χ

2260 3602 2314 3651 et
2343 3595 2529 3649 Filio:
2577 3600 2634 3651 et
2678 3594 2776 3651 hoc
2816 3612 2931 3652 esse
2974 3599 3328 3669 unigenitum
3380 3601 3601 3669 Filium,
3642 3598 3756 3671 quod
3788 3604 3834 3651 es:

2260 3686 2315 3738 et
2344 3684 2438 3738 ille
2467 3685 2564 3756 qui
2598 3687 2811 3754 genuit.
2864 3690 3021 3742 Hanc
3061 3687 3221 3758 ﬁdem
3269 3688 3599 3755 didicimus,
3640 3694 3730 3744 etc.
3771 3688 3835 3743 Usi

2261 3773 2596 3828 meminerit
2639 3773 2819 3830 lector
2882 3774 3092 3831 horum
3149 3778 3495 3845 verborum,
3540 3778 3835 3851 procedentem
3944 3810 3945 3851 ι

2261 3878 2331 3917 ea:
2385 3863 2549 3917 Patre
2604 3867 2661 3917 et
2712 3864 2870 3934 Filio,
2928 3864 3000 3920 de
3056 3865 3272 3936 quibus
3326 3868 3579 3924 inferius
3624 3869 3836 3923 disseren-

2261 3951 2424 4006 dum.

2332 4038 2551 4095 Saeculo
2581 4044 2812 4111 postero
2840 4058 2934 4098 xv:
2965 4046 3253 4111 currente,
3281 4045 3563 4102 eamdem
3594 4041 3833 4118 Epistolam

2259 4127 2473 4183 iterum
2524 4128 2813 4201 evulgavit
2863 4130 3134 4203 Aloysius
3178 4132 3553 4204 Lipomanns
3606 4134 3836 4207 episcosz

2257 4217 2632 4288 Veronensis,
2658 4217 2718 4273 in
2749 4233 2921 4290 opere
2975 4221 3221 4275 Vitarum
3249 4233 3583 4280 sanctorum
3607 4228 3839 4296 priscorum

2261 4306 2545 4369 Patrum;
2575 4307 2674 4362 sed
2708 4305 2820 4362 alio
2862 4324 2895 4364 a
2926 4308 3340 4367 Mombritiano
3396 4312 3697 4384 exemplari
3725 4324 3838 4371 usus,

2257 4395 2329 4452 ad
2360 4395 2629 4468 Epistolas
2668 4395 2903 4453 initium
2948 4397 3157 4454 saltem
3202 4401 3367 4471 quod
3421 4402 3648 4458 attinet.
3686 4401 3843 4469 Estque

2256 4484 2599 4557 hujusmodi
2628 4484 2703 4558 (1)
2743 4501 2757 4541 :
2803 4486 3136 4543 Passionem
3175 4492 3362 4545 sancti
3409 4492 3644 4563 apostoli
3677 4488 3839 4544 Andre:

2254 4591 2422 4647 quam
2449 4575 2624 4630 oculis
2651 4578 2852 4631 nostris
2875 4576 3135 4645 vidimus,
3155 4593 3348 4634 omnes
3377 4580 3683 4652 presbyteri
3704 4582 3745 4634 et
3766 4577 3842 4631 dis-

2252 4680 2410 4719 cones
2435 4663 2807 4721 Ecclesiarum
2836 4664 3071 4736 Achaia,
3101 4667 3404 4722 scribimus
3429 4670 3697 4724 universis
3719 4667 3836 4719 εταί-

2251 4753 2350 4808 siis
2376 4769 2493 4824 quae
2525 4761 2652 4807 sunt
2682 4754 2742 4807 in
2769 4754 2975 4809 oriente
3003 4757 3055 4809 el
3084 4754 3386 4827 occidente,
3428 4764 3484 4813 et
3526 4756 3836 4813 meridianos

2250 4843 2636 4912 septentrione,
2660 4842 2718 4896 in
2742 4841 2954 4898 Christi
2972 4845 3200 4901 nomine
3230 4849 3560 4902 constitutis
3578 4866 3597 4902 :
3619 4852 3725 4902 Pax
3741 4842 3834 4897 mhi

2252 4938 2306 4985 et
2351 4931 2623 4985 universis
2668 4932 2766 5002 qui
2810 4930 3040 4986 credunt
3085 4949 3261 4988 unum
3307 4935 3500 4989 Deum
3545 4938 3601 4990 in
3648 4934 3833 4991 manu

2248 5021 2669 5090 per]ectum.....
2718 5034 2909 5074 verum
2956 5020 3225 5092 Spiritum
3275 5028 3564 5093 sanctum,
3615 5020 3833 5096 praesim

2251 5114 2357 5163 tem
2385 5124 2455 5164 ea:
2485 5109 2673 5180 Patre,
2721 5109 2778 5163 in
2830 5109 2967 5165 Filio
3010 5114 3457 5182 permanentem,
3499 5117 3563 5169 ut
3597 5110 3831 5170 ostendit?

498 5197 897 5269 consignatis;
946 5197 1056 5253 loci
1089 5197 1246 5253 enim
1280 5213 1345 5251 ac
1376 5195 1655 5266 temporis
1699 5200 1835 5250 nota
1866 5197 2138 5266 nuspiam
2250 5213 2393 5251 unus
2426 5196 2662 5268 Spiritus
2690 5214 2805 5253 esse
2828 5198 2888 5253 in
2919 5199 3081 5255 Patre
3110 5208 3162 5255 et
3190 5200 3331 5255 Filio
3357 5216 3384 5264 ;
3416 5211 3475 5257 et
3504 5202 3608 5258 hoc
3630 5216 3743 5269 esse,
3763 5200 3829 5251 ειε-

494 5291 813 5357 comparet.
852 5286 1337 5357 Quandoquidem
1370 5300 1503 5339 vero
1533 5283 1685 5338 inter
1714 5283 2019 5339 rarissima
2048 5300 2135 5339 re-
2167 5270 2211 5336 (ἶ
2250 5283 2460 5340 Omnia
2489 5302 2634 5357 pene
2663 5286 2736 5341 ad
2762 5286 2942 5342 Graeci
2974 5293 3278 5343 contextus
3308 5290 3635 5347 amussim.

493 5378 765 5432 censetur
810 5392 956 5447 opus
1005 5373 1317 5446 ejusmodi,
1364 5371 1594 5428 duobus
1643 5371 1836 5427 in-fol.
1886 5370 2136 5428 volumi-

560 5516 1039 5601 (i)_i.ipom.._i:i_t.
1240 5518 1409 5601 tom.‘
1434 5514 1525 5587 VI,
1559 5531 1708 5601 pag.
1743 5514 1881 5601 197,.
1910 5531 1944 5570 a
1972 5517 2136 5601 tergp

489 5586 629 5646 edit.
656 5586 847 5648 Venet.
884 5591 1041 5659 1581,
1076 5588 1176 5645 fol.
1209 5604 1321 5660 qua
1355 5591 1503 5644 utor.
1552 5586 1757 5660 Primae
1788 5589 1985 5660 autem
2018 5586 2137 5660 edi-

488 5660 687 5733 tionis,
720 5678 898 5732 quam
929 5657 1107 5720 etiam
1137 5657 1256 5733 prii:
1270 5660 1558 5733 manibus
1580 5658 1787 5733 habeo,
1819 5658 1916 5733 sed
1960 5657 2135 5733 muti-
2186 5687 2189 5690 ‹

488 5728 629 5803 lam,
662 5728 923 5807 quinque
952 5728 1157 5809 priora—
1200 5730 1497 5792 volumina
1542 5729 1692 5790 in-l.
1741 5728 2009 5804 prodiere
2039 5730 2134 5789 iti-

2318 5374 2532 5431 Eodem
2555 5375 2767 5431 saeculo
2798 5391 2912 5446 xv1,
2946 5376 3294 5434 Laurentius
3330 5379 3557 5438 Surius
3584 5372 3829 5437 ϐιιϋώ

2246 5517 2380 5572 dem
2408 5516 2666 5599 Venetiis
2698 5518 2770 5573 ad
2796 5517 3038 5599 signum
3086 5519 3209 5599 spei
3258 5536 3405 5599 ann.
3455 5514 3827 5599 i551-i_5_56_tiis

2244 5605 2377 5718 :31:
2417 5589 2749 5718 pgissstefggba
2796 5589 2994 5648 Roma
3041 5589 3196 5664 apud
3249 5594 3588 5653 Antonium
3630 5591 3823 5652 Βωασ.
