4016 6222
195 357 340 418 1201

862 359 1245 422 EPISTULA
1287 361 1389 422 DE
1435 361 1847 423 MARTYRIO
1893 362 1958 423 S.
2006 361 2376 422 ANDREIE.
2412 392 2488 406 —
2517 361 2931 425 PROOEMIA.

3447 368 3601 432 l202

192 508 321 560 nus,
356 491 415 547 in
447 490 572 548 suis
616 491 872 550 collectis
915 493 1175 566 undique
1202 502 1314 550 tam
1363 511 1432 551 ea:
1475 510 1600 549 mss.
1635 494 1833 550 codici-
1863 495 1918 562 Α
1947 493 2158 550 Graecis
2189 493 2452 566 pressius
2479 493 2759 552 inhaerere
2800 497 3183 570 comperitur.
3227 498 3444 572 Nuperi
3485 501 3602 558 edi-

194 579 288 636 bus
337 597 505 653 quam
537 597 607 637 ex
646 581 807 636 editis
854 584 1187 652 auctoribus,
1234 583 1478 655 probatis
1524 588 1836 640 sanctorum

196 669 346 736 Vitis,
381 673 446 724 ut
502 671 612 724 fert
665 669 857 742 operis
916 670 1244 743 inscriptio,
1306 676 1478 744 atque
1537 689 1639 745 per
1697 672 1835 727 anni

191 757 400 813 seriem
441 758 706 830 digestis,
741 758 1053 814 editionem
1085 760 1563 832 Lipomanianam
1597 766 1834 818 secutus

192 851 278 902 est
308 848 406 918 (2).
440 848 719 903 Eamdem
759 865 989 921 quoque
1021 850 1173 921 typis
1215 850 1490 922 deinceps
1522 851 1835 922 consigna-

189 937 268 992 vit
298 939 428 1008 post
469 937 728 992 medium
773 938 1134 1010 insequentis
1175 939 1367 994 saeculi
1397 957 1532 1006 xvu,
1575 941 1834 994 Andreas

189 1026 266 1081 du
310 1026 566 1098 Saussay
619 1026 925 1098 episcopus
979 1027 1293 1095 Tullensis,
1344 1028 1402 1082 in
1456 1045 1626 1100 opere
1677 1029 1833 1084 haud

187 1114 351 1170 obvio
381 1115 463 1169 ita
495 1115 772 1187 inscripto
798 1131 810 1169 :
865 1115 1104 1170 Andreas
1146 1119 1324 1188 frater
1352 1118 1590 1172 Simonis
1641 1119 1796 1174 Petri
1812 1133 1834 1180 ,°

183 1219 282 1258 seu
334 1204 408 1258 De
462 1204 640 1274 gloria
699 1203 753 1259 S.
815 1204 1059 1261 Andreas
1116 1207 1352 1276 apostoli
1409 1207 1543 1262 libri
1595 1223 1674 1261 xu
1733 1207 1830 1278 (3).

187 1292 385 1364 Neque
416 1296 642 1348 tantum
670 1292 989 1364 Epistolam
1012 1298 1273 1350 nostram
1296 1294 1558 1351 exhibuit
1585 1296 1834 1367 scriptor

187 1381 409 1452 Gallus,
440 1385 505 1436 ut
552 1380 758 1453 reliqui
809 1384 1198 1454 praecedentes
1247 1385 1519 1451 editores,
1571 1386 1671 1439 sed
1703 1401 1832 1441 eam

187 1469 430 1542 insuper
459 1474 628 1526 «tam
652 1475 915 1542 patenter
946 1476 1225 1529 assertam
1251 1473 1430 1544 dedit,
1457 1490 1632 1544 quam
1664 1491 1832 1529 accu-

189 1562 312 1614 rate
341 1559 692 1615 vindicatam
739 1561 1019 1616 adversus
1049 1561 1240 1616 varias
1283 1567 1624 1617 novatorum
1657 1580 1830 1635 argu-

188 1648 470 1716 tationes;
504 1666 650 1721 quas
673 1650 964 1721 congessit
986 1654 1040 1704 et
1062 1651 1220 1704 auxit
1245 1651 1587 1706 Edmundus
1610 1653 1830 1707 Auber-

187 1735 349 1791 tinus
381 1737 437 1790 in
472 1736 619 1792 libro
651 1737 888 1793 Genevze
921 1756 1072 1794 anno
1107 1740 1264 1807 i633,
1289 1739 1506 1796 Gallice
1537 1742 1712 1808 edito,
1737 1741 1830 1795 cui

187 1824 395 1880 titulus
442 1830 566 1881 est:
622 1827 967 1883 Eucharistza
1013 1830 1210 1884 veteris
1257 1828 1584 1885 Ecclesiae.»
1632 1830 1723 1884 Sic
1768 1830 1827 1886 in

184 1914 374 1970 fronte
400 1915 590 1987 operis
621 1919 839 1971 auctor.

254 2007 401 2058 Tum
433 2020 562 2060 vero
603 2005 798 2060 saeculi
849 2007 1138 2062 currentis
1170 2024 1321 2063 anno
1355 2009 1510 2076 1731,
1562 2008 1826 2063 eamdem

183 2091 507 2164 Epistolam
552 2093 747 2149 Romae
796 2095 1186 2150 recudendam
1240 2096 1461 2150 curavit
1508 2097 1830 2152 Ludovicus

182 2182 468 2236 Andruzzi
502 2181 863 2238 Santandrea
891 2183 998 2256 (4);
1052 2183 1147 2256 qui
1185 2184 1598 2256 Lipomaniano
1639 2201 1832 2240 exem-

185 2269 335 2342 plari
369 2271 679 2342 praeterito,
715 2271 1192 2327 Mombritianum
1226 2273 1552 2329 describere
1583 2273 1828 2330 maluit:

187 2359 329 2431 quin
362 2363 418 2414 et
445 2360 800 2430 Saussayum
849 2360 1195 2434 plerumque
1241 2367 1588 2432 assectatus,
1643 2385 1663 2413 ι
1698 2363 1832 2435 Epi-

191 2447 350 2503 stolas
384 2448 784 2505 sinceritatem
806 2450 1173 2521 gravissimis
1201 2451 1553 2507 testimoniis
1576 2468 1834 2525 compro-

191 2536 349 2591 bavit
383 2536 480 2608 (5).
515 2557 544 2587 »

263 2624 530 2697 Quinque
569 2629 762 2682 autem
812 2627 1094 2684 hactenus
1139 2628 1436 2684 recensitis
1481 2629 1836 2686 editionibus

192 2714 394 2770 Latine
425 2718 655 2770 tantum
689 2716 994 2788 evulgatis,
1029 2721 1187 2772 sexta
1222 2719 1460 2773 demum
1494 2719 1737 2774 accessit
1768 2718 1834 2775 G.

192 2803 281 2869 L.,
314 2819 441 2873 quae
493 2821 644 2858 anno
698 2805 835 2859 1749
883 2804 1071 2861 Caroli
1117 2805 1430 2861 Christiani
1481 2807 1669 2878 Woog
1699 2824 1839 2863 cura

189 2896 248 2946 et
275 2892 469 2947 studio
523 2891 734 2964 Lipsiae
765 2892 954 2948 lucem
1001 2894 1243 2966 aspexit.
1296 2895 1540 2949 Textum
1577 2896 1837 2951 Graecum

188 2979 502 3052 descripsit
551 2981 622 3036 cl.
655 2982 843 3036 editor
873 2999 904 3038 θ
935 2983 1131 3038 codice
1163 2983 1679 3055 Huntingdoniano
1712 2985 1836 3052 457,

189 3068 552 3124 bibliotheca
611 3070 984 3140 Bodleianaa;
1035 3088 1166 3126 cum
1225 3089 1339 3143 quo
1399 3073 1537 3127 item
1589 3073 1838 3129 Grabius

189 3157 520 3230 Martyrium
549 3157 602 3213 S.
644 3160 852 3215 Thecla:
881 3159 1222 3226 contulerat,
1256 3161 1501 3231 ejusque
1543 3177 1650 3232 ope
1681 3163 1838 3217 curis

1945 582 2090 638 toris
2122 586 2287 638 notas
2339 587 2563 640 textum
2603 584 2664 640 in
2706 585 2909 657 primis
2962 587 3345 659 respicientes
3397 590 3600 661 selegi-

1946 689 2100 740 mus,
2153 671 2610 742 prolixioresque
2659 676 3098 743 contraximus;
3157 678 3372 748 quibus
3422 679 3598 736 etiam

1945 760 2260 816 nonnullas
2277 762 2710 818 observationes
2733 764 3112 832 attexuimus,
3141 765 3336 837 plures
3355 766 3599 824 fortasse

1944 849 2098 904 haud
2133 851 2588 905 contemnendas
2619 851 2896 918 addituri,
2938 853 2986 907 si
3022 855 3409 925 opportunius
3441 857 3599 910 codi-

1945 953 2070 992 cem
2105 955 2215 992 ms.
2251 938 2420 993 nobis
2465 938 2722 994 evolvere
2769 939 3054 1010 licuisset,
3105 958 3279 1013 quem
3310 960 3437 998 sero
3469 948 3598 1000 tan-

1944 1025 2074 1080 dem
2109 1025 2450 1081 deteximus.
2486 1027 2585 1081 Est
2633 1031 2828 1083 autem
2860 1030 3042 1084 codex
3073 1030 3307 1086 Grzecus
3350 1033 3598 1106 Bomby-

1944 1114 2112 1170 cinus
2142 1132 2304 1170 num.
2338 1131 2535 1181 CLxxv,
2573 1115 2623 1183 4,
2671 1116 2882 1172 saeculo
2928 1136 3025 1173 xxv
3057 1124 3354 1187 exaratus,
3391 1121 3596 1176 inscri-

1942 1207 2238 1276 ptusque:
2289 1205 2651 1273 Hcortotogia,
2683 1222 2779 1260 seu
2819 1205 3106 1262 Sermones
3162 1212 3212 1264 et
3262 1209 3508 1267 homiliaz
3538 1213 3597 1266 in

1941 1308 2130 1348 annua
2176 1295 2357 1363 festa;
2415 1310 2590 1365 quem
2646 1294 2814 1350 nobis
2877 1296 3274 1368 suppeditavit
3333 1297 3595 1371 locuples

1942 1381 2212 1436 Bernardi
2244 1381 2393 1436 Nani
2433 1383 2716 1438 senatoris
2764 1385 3064 1454 quondam
3115 1385 3465 1458 amplissimi
3500 1389 3592 1444 bi-

1942 1469 2238 1525 bliotheca
2259 1470 2301 1524 ‘.

2015 1559 2110 1613 ΙΙΙ.
2143 1559 2273 1613 Jam
2304 1575 2437 1614 vero
2478 1563 2545 1614 ut
2578 1561 2648 1615 de
2681 1561 2924 1633 antiqua
2954 1561 3134 1632 hujus
3165 1562 3437 1634 Epistolas
3469 1581 3593 1620 ver-

1962 1646 2124 1703 sione
2178 1649 2353 1703 verba
2411 1647 2716 1714 faciamus,
2775 1648 2974 1704 nullus
3029 1651 3284 1721 profecto
3341 1653 3600 1726 suppetit

1961 1736 2259 1791 character
2291 1737 2435 1792 satis
2467 1738 2693 1804 firmus,
2719 1754 2834 1809 quo
2875 1738 2980 1793 rite
3011 1740 3249 1796 definire
3280 1743 3598 1814 possimus,

1940 1841 2114 1895 quam
2149 1826 2372 1880 dudum
2407 1826 2581 1882 fuerit
2613 1825 2714 1881 illa
2764 1828 3047 1883 confecta.
3080 1830 3150 1883 At
3188 1847 3313 1884 eam
3347 1847 3474 1887 esse
3502 1850 3598 1888 ve-

1933 1902 2236 1968 tustiorem
2274 1931 2450 1986 quam
2508 1920 2570 1970 ut
2623 1915 2796 1987 vulgo
2841 1921 3171 1986 censeatur,
3227 1918 3476 1990 quisque
3507 1937 3596 1976 ar-

1935 2016 2109 2073 guere
2140 2001 2290 2057 valet
2335 2020 2402 2058 ex
2432 2004 2815 2076 scriptoribus
2863 2005 3300 2077 ecclesiasticis,
3335 2025 3594 2078 quorum

1941 2091 2280 2146 testimonia
2313 2092 2582 2163 Epistolas
2616 2093 2726 2163 ipsi
2759 2093 3171 2164 praemisimus.
3201 2095 3311 2149 Alii
3342 2096 3499 2151 enim
3533 2114 3602 2153 ex

1937 2195 2005 2234 ea
2033 2179 2121 2234 vel
2152 2177 2346 2236 locum
2399 2181 2693 2253 passionis
2749 2181 2837 2236 vel
2870 2198 3056 2253 genus
3110 2185 3320 2239 mortis
3367 2185 3598 2242 eruisse

1939 2268 2095 2323 haud
2130 2269 2374 2324 obscure
2419 2271 2710 2325 videntur.
2754 2269 2862 2324 Alii
2905 2287 3037 2326 vero
3087 2271 3280 2326 locum
3340 2272 3596 2345 aliquem

1937 2357 2282 2412 verbotenus
2315 2359 2672 2426 describunt,
2709 2359 2828 2414 sive
2869 2359 3061 2430 ipsam
3108 2365 3385 2417 Actorum
3419 2361 3600 2420 histo-

1941 2445 2088 2501 riam
2121 2446 2460 2514 excitantes,
2493 2446 2614 2502 sive
2650 2447 2828 2503 etiam
2861 2449 3212 2521 quandoque
3260 2450 3436 2506 tacito
3466 2452 3595 2521 eius

1943 2534 2181 2590 nomine
2227 2536 2299 2592 ad
2329 2535 2491 2590 illam
2537 2535 2953 2607 respicientes;
3007 2539 3159 2608 quod
3197 2537 3418 2596 scilicet
3464 2544 3596 2597 tan-

1944 2640 2120 2697 quam
2154 2627 2374 2679 certum
2406 2629 2460 2679 et
2488 2625 2854 2696 exploratum
2890 2630 3344 2682 monumentum
3379 2629 3602 2700 passim

1941 2712 2270 2780 haberetur,
2321 2717 2382 2768 ut
2426 2719 2579 2769 recte
2635 2715 2967 2786 Saussayus
2999 2715 3097 2786 (6).
3155 2716 3352 2787 Neque
3405 2721 3602 2773 tamen

1942 2799 2189 2855 inliciari
2235 2801 2429 2868 velim,
2483 2802 2794 2858 nonnullos
2843 2818 2912 2858 ex
2959 2803 3152 2858 allatis
3209 2804 3604 2876 scriptoribus

1945 2890 2208 2944 Graecum
2242 2890 2436 2961 potius
2480 2895 2706 2946 textum
2757 2908 2935 2963 quam
2966 2896 3216 2947 veterem
3250 2893 3378 2963 ejus
3415 2893 3602 2949 inter-
3669 2885 3680 2898 ’

1943 2982 2162 3050 pretem
2191 2979 2492 3034 consulere
2515 2980 2794 3050 potuisse.
2821 2981 2955 3047 Sed,
2983 2984 3114 3036 utut
3145 2983 3253 3052 est,
3287 2998 3490 3037 eorum
3516 2986 3599 3039 te-

1946 3067 2221 3122 stimonia
2243 3068 2368 3137 jam
2416 3067 2551 3123 inde
2582 3086 2615 3123 a
2654 3068 2867 3124 smeulo
2905 3085 2962 3124 ιν
2993 3085 3178 3140 usque
3226 3071 3296 3124 ad
3328 3086 3422 3138 xv,
3459 3087 3599 3127 con-

1942 3156 2105 3210 tinuo
2138 3156 2415 3226 temporis
2448 3157 2647 3212 ordine
2678 3162 2904 3212 servato
2937 3158 3207 3224 deducta,
3233 3157 3350 3214 sive
3372 3160 3445 3215 ad
3471 3176 3601 3216 ver-

191 3245 470 3302 secundis
517 3247 919 3318 perpoliverat,
973 3253 1038 3303 ut
1074 3265 1141 3303 ex
1179 3249 1454 3320 anonymi
1502 3250 1836 3320 praefatione
1868 3243 1909 3310 C
1949 3244 2131 3300 sionis
2163 3243 2571 3314 antiquitatem
2605 3246 2722 3300 sive
2754 3247 2822 3300 ad
2847 3245 3032 3317 ipsius
3057 3247 3326 3318 Epistolze
3356 3248 3597 3303 sinceri-

195 3335 267 3390 ad
299 3351 505 3390 novam
548 3335 834 3407 Spicilegii
880 3337 972 3392 SS.
1006 3341 1236 3392 Patrum
1285 3337 1668 3393 Oxoniensem
1717 3339 1837 3392 edi-

193 3423 418 3479 tionem
449 3425 770 3480 erudimur.
804 3430 868 3480 In
899 3425 1006 3481 hoc
1029 3442 1198 3497 porro
1230 3425 1458 3498 egregio
1491 3443 1667 3481 sacrae
1691 3427 1838 3482 anti-

197 3513 440 3585 quitatis
480 3517 860 3568 monumento
907 3515 1128 3569 edendo
1160 3518 1333 3585 atque
1382 3515 1716 3569 adornando
1749 3531 1838 3570 se-

198 3601 401 3657 dulam
433 3618 669 3674 operam
701 3601 812 3657 sibi
844 3601 1167 3658 adhibitam
1201 3603 1505 3675 profitetur
1531 3603 1618 3658 vir
1648 3604 1840 3659 erudi-

197 3695 315 3747 tus.
349 3691 662 3760 Nimirum,
695 3707 765 3745 ne
797 3690 1000 3745 litteras
1046 3691 1280 3762 quidem
1314 3691 1538 3762 apicem
1571 3693 1839 3759 mutavit,

197 3779 313 3835 nisi
345 3778 443 3834 ubi
491 3779 868 3834 dicendorum
917 3797 1120 3844 nexus,
1163 3779 1386 3835 librarii
1418 3780 1747 3848 oscitantia,
1784 3784 1842 3836 et

195 3872 354 3924 recta
384 3867 757 3923 construendi
804 3869 1212 3940 scribendique
1243 3869 1387 3924 ratio
1420 3869 1472 3923 id
1507 3868 1840 3941 expostula-

196 3956 311 4024 rit;
343 3956 443 4012 ubi
473 3972 606 4011 vero
652 3956 1008 4012 vocabulum
1039 3957 1272 4029 aliquod
1315 3956 1488 4012 unius
1533 3957 1842 4013 alteriusve

194 4043 400 4100 litteras
455 4045 798 4113 mutatione,
832 4046 1155 4116 adjectione
1204 4045 1290 4102 vel
1325 4047 1677 4103 detractione
1720 4063 1841 4102 cor-

197 4139 439 4206 ruptum
470 4134 707 4205 invenit,
740 4151 878 4190 suas
920 4135 1357 4192 emendationes
1387 4135 1445 4191 in
1490 4139 1713 4191 textum
1745 4136 1839 4191 in-

194 4223 355 4290 tulit,
381 4239 585 4278 omnes
612 4226 811 4278 tamen
839 4239 950 4279 ms.
985 4223 1495 4280 codicislectiones
1528 4225 1841 4281 mendosae

195 4311 539 4383 subjiciens.
581 4311 784 4367 Textui
815 4312 1008 4368 Graeco
1052 4330 1258 4368 novam
1305 4313 1630 4370 versionem
1661 4330 1838 4386 appo-

194 4401 340 4470 suit,
371 4400 684 4473 ipsumque
718 4401 870 4456 notis
910 4401 1280 4458 uberioribus
1320 4402 1650 4459 illustravit.
1688 4401 1837 4456 Reli-

194 4507 314 4562 qua
343 4489 674 4545 omittimus
706 4505 1025 4557 recensere,
1057 4506 1184 4560 quaa
1213 4493 1281 4544 V.
1315 4489 1374 4545 Ο.
1409 4490 1525 4545 sive
1557 4490 1615 4544 in
1647 4490 1838 4561 operis

1948 3336 2128 3388 tatem
2180 3334 2582 3401 astruendam,
2630 3333 2788 3389 haud
2838 3351 3046 3406 parum
3091 3335 3352 3392 conferre
3403 3337 3601 3393 existi-

1951 3427 2210 3478 mantur.

2021 3511 2109 3566 IV.
2147 3511 2224 3566 De
2257 3510 2602 3566 auctoritate
2634 3515 2830 3566 autem
2868 3511 3046 3582 hujus
3076 3512 3367 3585 Epistolas,
3399 3513 3592 3571 varias

1948 3615 2075 3654 esse
2107 3600 2360 3653 virorum
2408 3599 2771 3655 eruditorum
2816 3599 3135 3656 sententias
3180 3617 3353 3656 nemo
3389 3603 3598 3662 nescit.

1948 3687 2058 3742 Alii
2093 3704 2342 3759 namque
2371 3688 2528 3743 velut
2575 3687 3008 3760 supposititiam
3063 3694 3238 3761 atque
3285 3692 3599 3748 confictam

1949 3793 2189 3848 prorsus
2220 3775 2528 3846 rejiciunt;
2581 3776 2678 3831 alii
2729 3793 2861 3832 vero
2895 3778 3022 3847 ejus
3072 3780 3484 3835 auctoritatem
3539 3780 3601 3837 in

1948 3865 2194 3920 dubium
2228 3869 2533 3921 revocant:
2569 3865 2667 3921 alii
2699 3866 2953 3938 denique
2981 3869 3265 3938 tanquam
3297 3868 3599 3927 sincerum

1947 3973 2123 4012 sacrae
2179 3956 2544 4027 antiquitatis
2608 3957 2787 4012 fetum
2833 3961 3180 4029 agnoscunt.
3236 3958 3408 4015 Plura
3456 3965 3599 4017 sunt

1947 4046 2261 4117 enimvero,
2297 4061 2485 4117 neque
2522 4044 2690 4113 levia,
2724 4062 2853 4118 quae
2893 4046 2963 4101 ad
3004 4046 3436 4120 infringendam
3471 4050 3601 4120 ejus

1944 4132 2277 4210 γνησιότητα
2329 4133 2501 4206 objici
2561 4135 2770 4190 solent.
2822 4134 3053 4192 Potiora
3100 4140 3296 4191 tamen
3353 4136 3470 4193 huc
3525 4140 3600 4195 ad

1947 4239 2187 4280 examen
2221 4239 2487 4278 revocare
2535 4222 2769 4278 animus
2801 4226 2928 4293 est;
2983 4240 3166 4296 eaque
3218 4225 3599 4297 potissimum

1947 4329 2076 4385 quae
2108 4312 2176 4367 ab
2225 4311 2354 4367 aliis
2398 4311 2485 4367 vel
2535 4312 2771 4368 omnino
2825 4312 3240 4386 praetermissa,
3287 4314 3372 4370 vel
3434 4316 3596 4372 molli

1947 4401 2183 4456 brachio
2214 4399 2480 4455 discussa
2511 4404 2852 4455 noscuntur.

2015 4489 2278 4544 Primum
2311 4488 2526 4560 itaque,
2561 4507 2632 4545 an
2682 4505 2742 4543 re
2771 4505 2905 4544 vera
2935 4487 2993 4542 in
3032 4489 3247 4544 Achaia
3295 4493 3351 4544 et
3383 4489 3439 4544 in
3491 4491 3594 4547 Pa-

194 4578 421 4649 limine,
481 4578 600 4634 sive
631 4580 689 4634 in
742 4580 897 4635 calce
950 4578 1246 4650 reposuit;
1300 4595 1367 4634 ea
1423 4579 1714 4650 siquidem
1764 4581 1834 4635 ad
1867 4613 1914 4677 Β
1944 4583 2167 4634 trarum
2200 4578 2341 4633 urbe
2389 4577 2734 4649 martyrium
2779 4593 2988 4648 passus
3031 4576 3206 4631 fuerit
3237 4577 3295 4631 S.
3328 4578 3589 4636 Andreas

192 4671 464 4724 nostrum
511 4667 848 4725 instimtum
899 4668 1054 4723 haud
1105 4670 1389 4740 spectant.
1445 4668 1602 4722 Hanc
1644 4667 1837 4739 itaque
1867 4663 1912 4677 "
1947 4665 2263 4739 apostolus,
2321 4665 2746 4720 dubitationem
2807 4665 2985 4720 movit
3041 4663 3434 4721 Florentinius
3489 4667 3591 4738 (7);

193 4756 561 4828 Lipsiensem
604 4757 916 4812 editionem
949 4757 1325 4828 potissimum
1374 4756 1554 4812 secuti
1603 4773 1834 4813 sumus.

193 4844 353 4901 Novo
384 4845 686 4918 interpreti
706 4849 956 4901 veterem
979 4845 1320 4917 adjecimus,
1347 4862 1460 4900 non
1485 4845 1837 4901 Mombritia-

193 4948 341 4989 num
389 4932 648 5004 quidem,
708 4934 810 4990 sed
869 4933 1377 5007 Lipomanianum,
1427 4932 1526 5004 qui
1583 4935 1838 5004 profecto

268 5075 350 5145 (2)
380 5075 512 5132 Sur.
551 5075 650 5132 Vit.
685 5074 805 5144 $5.,
833 5079 976 5132 tom.
1009 5074 1103 5142 Vl,
1133 5090 1266 5147 pag.
1297 5075 1423 5142 633,
1456 5073 1650 5131 Colon.
1679 5076 1837 5132 1618.

191 5145 327 5219 Haec
357 5151 448 5202 est
475 5147 644 5219 tertia
675 5148 852 5203 editio
883 5145 1566 5219 Coloniensis,_omnium
1598 5147 1837 5219 optima;

193 5217 392 5290 prima
417 5218 574 5273 enim
610 5219 825 5290 prodiit
854 5236 990 5274 ann.
1026 5219 1182 5286 1569,
1219 5216 1314 5290 l'ol.

267 5288 349 5363 (3)
373 5288 646 5363 saussay,
670 5360 682 5363 _
703 5295 782 5346 De
811 5292 986 5361 gloria
1028 5294 1087 5345 S.
1120 5289 1315 5358 Anan,
1371 5291 1503 5361 post
1551 5303 1684 5361 pag.
1714 5289 1842 5362 676,

196 5358 385 5415 Paris.
421 5361 578 5426 1656,
596 5358 709 5417 Τοι.

261 5430 341 5501 (4)
375 5431 632 5488 Andruz.
671 5433 858 5489 Stater
887 5433 1068 5500 verit,
1101 5446 1233 5503 pag.
1267 5430 1390 5486 170.

1941 4754 2186 4810 Joannis
2216 4751 2609 4825 Chrysostomi
2660 4751 2941 4807 nimirum
2983 4751 3323 4808 auctoritate
3355 4769 3592 4824 permo-

1943 4847 2060 4912 tus,
2093 4843 2246 4914 apud
2280 4857 2454 4913 quem
2477 4841 2561 4896 sic
2590 4839 2840 4912 legimus
2873 4840 2969 4912 (8):
3007 4863 3036 4891 ‹‹
3063 4840 3217 4896 Petri
3248 4841 3515 4913 quidem,
3539 4847 3596 4899 et

1946 4930 2132 4998 Pauli,
2151 4934 2208 4986 et
2224 4929 2490 4996 Joannis,
2505 4933 2561 4984 et
2573 4929 2810 4985 Thomas
2826 4929 3138 4986 manifesta
3149 4933 3287 4987 sunt
3305 4932 3594 5003 sepulcra;

2041 5075 2075 5129 5
2125 5073 2210 5128 Id.
2245 5072 2408 5140 ibirl.,
2447 5088 2577 5144 pag.
2616 5073 2716 5126 190
2747 5088 2907 5198 seqq.

2019 5075 2097 5217 (6;
2131 5145 2354 5212 Sauss.,
2387 5145 2461 5200 De
2496 5147 2633 5215 glor.
2679 5143 2735 5199 S.
2767 5145 2845 5198 An
2889 5161 2962 5215 r.,
3002 5145 3109 5200 sub
3142 5145 3247 5201 ﬁn.
3281 5145 3340 5201 in
3370 5145 3539 5203 Vindi

2042 5143 2097 5215 6)
2131 5145 2354 5212 Sauss.,
2387 5143 2461 5200 De
2496 5147 2633 5215 glor.
2679 5143 2735 5199 S.
2767 5143 2962 5215 Andr.,
3002 5145 3109 5200 sub
3142 5145 3247 5201 ﬁn.
3281 5145 3340 5201 in
3370 5145 3598 5204 Vindic.

1953 5217 2540 5359 pa(§";.)21i“31.orent._Vat.
2575 5285 2754 5359 occidL
2793 5286 2934 5340 Eccl.
2978 5294 3233 5359 martyr.,
3285 5303 3418 5359 pag.
3476 5289 3599 5345 117.

2025 5356 2100 5434 (8)
2130 5362 2299 5434 Joan.
2350 5357 2554 5434 Chrys.
2606 5356 2666 5410 in
2704 5357 2888 5434 Epist.
2940 5357 3011 5413 ad
3057 5356 3240 5424 Hebr”
3286 5356 3452 5414 hoin.
3505 5360 3601 5434 26,

1957 5430 1987 5502 ξ
2016 5429 2237 5500 2,0pp.
2274 5432 2416 5484 tom.
2456 5432 2578 5494 XII,
2613 5444 2669 5498 p.
2699 5429 2825 5483 237.

257 5553 480 5628 "Editio
511 5560 694 5607 nostra
739 5571 936 5628 novam
967 5562 1018 5628 et
1047 5557 1334 5628 auctiorem
1381 5558 1558 5628 textus
1587 5556 1847 5628 Actorum
1879 5555 1936 5628 8..
1963 5554 2189 5628 Andreze
2237 5553 2602 5628 escensionem
2647 5551 2880 5628 ex‘hibet‘
2907 5565 3093 5628 quam“
3118 5552 3306 5628 Lippite
3336 5566 3509 5628 nuper
3538 5570 3604 5605 ex

196 5616 482 5674 codicibus
511 5634 638 5670 mss.
667 5621 941 5683 evulgavit
965 5621 1046 5668 vir
1074 5620 1140 5668 cl.
1169 5619 1548 5683 Constantinus
1587 5617 1948 5683 Tischendorf;
1976 5617 2069 5683 sed
2102 5630 2224 5665 cum
2253 5617 2434 5666 Griece
2473 5618 2682 5665 tantum
2710 5615 2826 5666 haec
2852 5614 2983 5665 Acta
3013 5614 3255 5674 ediderit,
3297 5614 3601 5670 versionem

199 5687 446 5740 Latinam
473 5696 630 5738 novae
658 5680 960 5734 recensioui
991 5680 1493 5733 accommodandam
1521 5683 1843 5733 curavimus.
1871 5681 2009 5733 Enn.
2039 5681 2188 5732 Pam.
