4016 6222
392 326 548 388 1203

1216 318 1912 383 PRESBYTEROBUM
1959 318 2059 377 ET
2104 315 2624 379 DIACONORUM
2670 316 2984 379 ACHAUE

3656 317 3827 379 1204

390 456 639 514 aliorum
660 457 855 510 autem
886 469 1021 509 cum
1052 452 1172 509 sint
1200 457 1321 509 tam
1353 451 1549 521 multi,
1578 467 1866 524 nusquam
1898 454 2038 507 sunt
2065 451 2121 517 Α
2161 464 2288 503 rum
2322 448 2630 519 splendida
2657 452 2797 505 sunt
2827 450 3003 506 etiam
3026 450 3319 523 sepulcra,
3344 454 3409 506 ut
3441 467 3572 523 quae
3604 452 3823 507 urbem

394 548 547 602 nota.
576 566 603 594 ιι
654 542 797 599 Hinc
832 559 965 597 vero
997 542 1129 614 quis
1163 544 1535 614 conjectaret,
1569 542 1762 614 inquit
1788 542 1877 596 vir
1902 556 2040 595 eru-

394 634 572 701 ditus,
616 632 828 687 festum
859 632 1095 687 Andreae
1148 632 1303 704 apud
1360 633 1560 687 Patras
1612 631 1793 685 fuisse
1842 630 2040 701 potius

393 723 523 793 ejus
554 719 981 793 praedicationis
1014 720 1382 786 memoriam,
1417 737 1520 775 seu
1551 720 1920 791 episcopatus
1952 719 2041 773 in-

393 810 759 867 stitutionem
810 813 910 864 aut
958 809 1173 875 natale,
1234 826 1411 881 quam
1469 809 1731 879 ejusdem
1781 808 2043 879 martyrii

394 898 789 956 celebritatem
812 899 871 954 in
896 899 1101 954 eadem
1134 899 1276 954 urbe
1299 898 1721 965 consummati;
1754 897 2041 967 siquidem

392 989 632 1044 Andrem
652 988 1008 1065 sepulcrum,
1032 988 1189 1059 quod
1218 989 1361 1043 adeo
1384 986 1787 1060 pervulgatum
1811 990 1965 1042 esset
1986 986 2044 1040 in

392 1076 627 1143 Achaia,
663 1076 756 1132 vix
802 1076 1073 1148 ignorare
1118 1076 1407 1148 potuisset
1452 1076 1910 1147 Chrysostomus,
1944 1074 2045 1146 qui

394 1182 510 1222 non
542 1163 776 1236 longius
809 1182 843 1220 a
882 1164 1104 1220 Graecia
1134 1165 1379 1236 positus,
1413 1165 1531 1220 imo
1561 1165 1890 1221 Graecorum
1922 1164 2046 1219 fue-

397 1253 473 1310 rit
524 1252 880 1327 patriarcha.
934 1253 1062 1308 Haac
1113 1253 1524 1321 Florentinius,
1574 1253 1742 1323 cujus
1792 1253 2045 1323 profecto

398 1343 689 1399 dubitatio
728 1342 778 1399 si
808 1342 925 1397 vim
977 1341 1235 1413 aliquam
1267 1341 1498 1407 habeat,
1548 1344 1781 1397 corruat
1811 1341 2047 1413 penitus

396 1430 666 1503 Epistolas
701 1433 913 1485 nostra)
948 1429 1266 1485 auctoritas
1298 1445 1535 1485 necesse
1563 1434 1671 1485 est.

467 1519 629 1575 Hanc
657 1523 852 1574 autem
883 1517 1296 1574 difficultatem
1328 1534 1505 1589 quam
1526 1517 1964 1573 Tillemontium
1987 1519 2048 1573 in

402 1608 611 1681 primis
640 1624 706 1663 ac
738 1610 1027 1679 Woogum
1060 1606 1408 1678 prmteriisse
1439 1607 1640 1662 mirari
1680 1608 1860 1675 subit,
1896 1606 2050 1663 facili

400 1696 630 1769 negotio
657 1695 779 1752 tolli
801 1694 1157 1752 existimavit
1186 1694 1534 1766 Lequienius
1555 1696 1653 1767 (9),
1688 1696 1737 1751 si
1758 1697 2047 1764 dicamus,

398 1786 642 1842 Andreae
675 1785 845 1855 cujus
876 1800 1087 1853 corpus
1117 1801 1151 1839 a
1180 1783 1517 1839 Constantio
1546 1784 1895 1856 imperatore
1926 1786 2048 1841 fue-

395 1878 487 1931 rat
513 1872 1078 1944 Constantinopolim
1122 1872 1498 1941 translatum,
1545 1878 1848 1946 propterea
1888 1891 2052 1930 men-

394 1964 610 2020 tionem
642 1962 797 2018 haud
832 1962 1041 2018 fecisse
1090 1962 1597 2034 Chrysostomum,
1650 1964 1805 2035 quod
1852 1964 2055 2035 utique

392 2068 508 2109 non
541 2050 603 2107 in
622 2051 765 2106 urbe
797 2050 979 2123 regia,
1005 2051 1107 2106 sed
1130 2050 1451 2106 Antiochiae
1482 2050 1757 2106 habuerit
1780 2050 2054 2107 homilias

391 2140 453 2197 in
485 2139 806 2212 Epistolam
836 2140 908 2195 ad
956 2140 1249 2195 Hebraeos.
1304 2139 1524 2194 Verum
1558 2139 1755 2195 minus
1789 2140 2054 2211 apposite

399 2229 461 2287 id
490 2228 808 2299 conjecisse
836 2228 925 2283 vir
956 2227 1160 2283 doctus
1190 2228 1438 2298 videtur,
1472 2228 1726 2298 adeoque
1757 2229 1913 2301 viget
1955 2231 2054 2285 ad-

402 2320 519 2375 huc
550 2317 820 2388 objectio.
872 2316 987 2373 Has
1018 2317 1175 2373 enim
1224 2316 1499 2373 homilias
1547 2317 2053 2391 Constantinopoli

406 2406 685 2464 habuisse
704 2406 1206 2479 Chrysostomum,
1238 2422 1372 2461 cum
1386 2406 1511 2477 jam
1534 2411 1690 2463 esset
1718 2408 2049 2480 episcopus,

404 2499 538 2568 post
566 2494 1006 2551 Tillemontium
1030 2496 1140 2568 (10)
1172 2495 1643 2551 Montfauconius
1674 2496 1886 2553 evincit
1914 2498 2047 2567 (11).

402 2584 821 2643 Existimamus
851 2584 1048 2655 itaque
1092 2584 1290 2656 potius
1319 2583 1407 2641 vel
1454 2582 1648 2640 locum
1675 2601 1804 2641 esse
1832 2588 2048 2657 fcorru-

403 2678 596 2746 ptum,
617 2673 707 2729 vel
740 2673 1022 2729 memoria
1050 2673 1283 2745 lapsum
1316 2677 1588 2730 sanctum
1633 2676 1947 2732 doctorem.
1980 2676 2051 2732 Et

402 2762 561 2835 prior
592 2761 830 2834 quidem
862 2763 1198 2834 conjectura
1226 2762 1286 2817 in
1318 2778 1384 2818 eo
1413 2762 1706 2831 innititur,
1750 2766 1900 2836 quod
1934 2781 2049 2822 ere-

401 2850 535 2907 dem
567 2850 841 2920 homilias,
891 2849 997 2905 ἀπὸ
1048 2849 1287 2922 σημείων
1326 2868 1397 2907 ex
1430 2853 1577 2910 notis
1623 2853 1863 2923 eductae,
1915 2858 2049 2927 post

403 2938 629 2995 obitum
653 2941 890 2996 demum
922 2940 1317 3013 Chrysostomi
1348 2941 1564 2997 fuerint
1594 2942 1872 3015 evulgatie
1900 2961 1913 3000 :
1948 2942 2046 2998 ἒπὸ

402 3026 666 3100 σημείων,
700 3028 967 3101 inquam,
998 3045 1103 3085 seu
1124 3046 1193 3086 ex
1224 3030 1498 3086 ductibus
1531 3030 1741 3087 calami
1774 3032 2048 3088 breviori-

402 3118 536 3184 bus,
583 3118 801 3189 quibus
846 3133 1013 3175 voces
1057 3122 1115 3175 et
1142 3120 1317 3175 verba
1344 3119 1709 3191 tachigraphi
1755 3120 2045 3178 describe-

2150 537 2699 608 prastantissimam
2722 555 2788 594 ac
2810 539 3026 611 regiam
3052 540 3426 611 occuparint;
3461 545 3518 595 et
3537 542 3669 597 dies
3694 544 3819 596 noti

2154 629 2327 696 atque
2362 625 2522 693 clari,
2556 626 2654 699 qui
2688 627 2823 682 festi
2854 645 2888 683 a
2913 632 3032 684 toto
3064 629 3203 684 orbe
3233 629 3681 684 celebrentur...
3718 632 3820 683 At-

2152 729 2266 785 que
2292 714 2348 769 id
2382 732 2495 769 non
2530 715 2723 770 Roma)
2745 716 2936 771 solum
2964 718 3085 772 fieri
3120 708 3420 790 quispiam
3444 719 3683 785 viderit,
3712 721 3818 774 sed

2153 802 2327 857 etiam
2360 804 2881 876 Constantinopoli.
2906 806 3051 861 Nam
3074 811 3129 861 et
3151 806 3244 860 hic
3266 824 3496 877 quoque
3524 807 3821 863 Constan-

2153 891 2340 946 tinum
2372 896 2645 963 Magnum
2680 894 2838 949 filius
2878 895 3297 966 (Constantius)
3327 897 3408 951 ita
3440 897 3690 951 demum
3727 900 3820 951 in—

2155 980 2311 1052 genti
2344 980 2561 1036 honore
2606 998 2667 1036 se
2697 982 3039 1038 effecturum
3070 984 3446 1052 existimavit,
3496 986 3547 1039 si
3582 1000 3724 1040 eum
3762 988 3822 1040 in

2156 1069 2463 1141 piscatoris
2495 1070 2781 1141 (Andreae)
2812 1071 3101 1127 vestibulo
3131 1073 3404 1127 conderet
3430 1090 3443 1139 ;
3480 1095 3509 1122 »
3543 1074 3603 1127 in
3636 1075 3825 1128 vesti-

2156 1156 2293 1213 bulo
2324 1158 2545 1213 scilicet
2570 1158 2823 1215 ecclesias
2856 1160 3291 1231 Apostolorum,
3333 1161 3435 1215 ubi
3468 1167 3820 1218 sanctorum

2156 1247 2418 1313 Andreae,
2451 1247 2614 1303 Lucas
2646 1265 2711 1303 ac
2755 1249 3045 1305 Timothei
3077 1265 3320 1321 corpora
3351 1251 3658 1306 recondita
3690 1269 3824 1322 per-

2156 1334 2453 1391 hibentur.
2496 1336 2617 1400 Quo
2650 1353 2789 1393 sane
2822 1338 3139 1410 respiciens
3170 1342 3439 1394 vetustus
3470 1344 3681 1395 auctor
3713 1341 3821 1396 hoc

2160 1422 2333 1479 milia:
2355 1423 2414 1479 in
2450 1423 2620 1493 illud,
2652 1429 2716 1480 In
2742 1428 3018 1497 principio
3046 1430 3169 1483 erat
3206 1428 3462 1495 Verbum,
3496 1428 3655 1483 inter
3684 1445 3826 1501 ope-

2160 1528 2225 1567 ra
2246 1512 2432 1584 ipsius
2464 1512 2862 1585 Chrysostomi
2894 1515 3030 1587 (15),
3060 1515 3271 1570 habite
3308 1520 3375 1571 ut
3402 1516 3640 1574 videtur
3671 1535 3828 1574 anno

2159 1600 2286 1669 381,
2318 1602 2436 1657 haec
2466 1602 2679 1658 habet:
2734 1626 2763 1654 «
2797 1603 3053 1660 Trinitas
3094 1605 3495 1676 apostolorum
3531 1607 3825 1677 (Andree,

2162 1689 2326 1745 Luca
2359 1707 2424 1746 ac
2464 1690 2777 1765 Timothei)
2812 1693 2976 1749 testis
3015 1698 3103 1749 est
3133 1693 3384 1749 cmlestis
3424 1695 3766 1751 Trinitatis.
3798 1721 3823 1745 ,ι

2164 1780 2375 1833 Eodem
2412 1778 2584 1851 plane
2627 1796 2809 1837 sensu
2839 1785 3012 1852 atque
3045 1782 3104 1836 in
3135 1783 3403 1839 eamdem
3437 1783 3822 1851 sententiam,

2164 1865 2476 1939 Gregorius
2501 1885 2734 1941 quoque
2765 1869 3163 1926 Nazianzenus
3197 1870 3329 1943 (16):

2236 1959 2449 2009 Μοῦνον
2498 1952 2545 2009 δ’
2594 1953 2761 2031 ἄλγος
2805 1952 3011 2030 ἔμεινεν
3066 1956 3212 2031 ἐμοὶ,
3265 1959 3533 2034 καὶγῆρας
3582 1960 3827 2037 ἀνεγρόει.

2234 2044 2301 2098 Ὠ
2334 2064 2427 2116 μοι
2458 2043 2599 2118 ἐμῆς
2629 2042 2869 2121 τριάδος.

2230 2134 2309 2190 Ac
2363 2134 2510 2190 mihi
2564 2135 2838 2193 duntaxat
2891 2137 3100 2192 mansit
3143 2136 3299 2194 dolor
3352 2146 3516 2210 atque
3580 2146 3834 2195 senectus

2304 2224 2556 2281 molesta.

2232 2316 2359 2368 Heu
2386 2328 2508 2368 mea
2535 2313 2692 2370 trias.

2160 2401 2267 2466 Qui
2299 2406 2356 2457 et
2384 2401 2523 2457 alibi
2571 2404 2707 2475 (l7),
2741 2403 2811 2458 ad
2861 2404 3203 2460 eorumdem
3236 2409 3579 2462 sanctorum
3615 2423 3831 2480 corpo-

2161 2506 2294 2546 rum
2337 2490 2779 2549 translationem
2825 2492 3076 2563 digitum
3129 2493 3465 2561 intendens,
3520 2494 3836 2568 eleganter

2160 2578 2342 2635 dixit:
2381 2600 2408 2633 ι
2437 2579 2655 2647 Valete,
2689 2580 2959 2652 apostoli,
2984 2581 3261 2653 prasclara
3291 2582 3525 2638 colonia
3546 2586 3829 2639 certami-

2160 2667 2251 2723 nis
2284 2666 2399 2724 mei
2442 2668 2731 2740 magistri.
2765 2690 2795 2719 ››
2844 2668 2978 2732 Quae
3024 2686 3154 2726 cum
3182 2670 3267 2726 ita
3314 2672 3457 2737 sint,
3514 2673 3659 2744 quis
3690 2690 3829 2745 ergo

2158 2756 2267 2813 rite
2296 2756 2505 2813 dixerit
2534 2757 2835 2829 ignorasse
2864 2758 3371 2831 Chrysostomum,
3404 2763 3566 2833 quod
3603 2765 3826 2834 Grego-

2156 2846 2280 2901 rius
2297 2846 2716 2915 Nazianzenus,
2732 2848 2884 2918 quod
2901 2847 3198 2914 Paulinus,
3213 2850 3369 2920 quod
3392 2850 3820 2923 Hieronymus,

2156 2936 2308 3006 quod
2343 2935 2549 3007 reliqui
2582 2935 2809 3007 antiqui
2854 2936 3166 3008 scriptores
3204 2938 3617 3009 ecclesiastici,
3653 2942 3724 2996 de
3757 2942 3817 2996 S.

2153 3025 2396 3079 Andreae
2422 3024 2667 3095 apostoli
2718 3040 2976 3096 corpore,
3010 3026 3192 3082 Patris
3241 3026 3474 3083 Achaia
3507 3028 3571 3083 in
3608 3030 3817 3085 urbem

2156 3112 2375 3185 regiam
2407 3112 2713 3182 translato,
2737 3113 2947 3170 litteris
2963 3115 3331 3171 tradiderunt
3348 3115 3375 3170 ?
3401 3116 3700 3189 Superest
3717 3119 3820 3191 igi-

402 3207 566 3275 bant,
590 3210 654 3261 ut
676 3211 891 3262 norunt
905 3206 1148 3275 eruditi;
1180 3223 1248 3262 ex
1277 3206 1493 3279 quibus
1523 3224 1659 3280 ergo
1690 3208 1843 3265 notis
1872 3209 2046 3282 plano
2078 3195 2121 3262 C
2159 3204 2275 3269 tur,
2310 3202 2464 3274 quod
2488 3202 2659 3259 modo
2682 3202 3042 3273 dicebamus,
3068 3207 3132 3259 ut
3152 3204 3634 3276 suspicemurvel
3660 3223 3821 3262 men-

406 3298 465 3351 et
492 3294 718 3368 vulgari
749 3296 922 3351 modo
968 3295 1180 3351 litteris
1226 3296 1507 3352 traditum
1552 3314 1720 3368 opus,
1771 3297 1830 3353 in
1862 3298 2052 3355 lucem

408 3383 617 3441 exinde
647 3383 755 3439 fuit
785 3383 1097 3457 prolatum.
1131 3383 1233 3441 His
1266 3385 1508 3453 accedit,
1548 3386 1710 3442 varia
1740 3386 1921 3443 fuisse
1952 3388 2054 3444 ha-

411 3489 543 3529 rum
573 3472 955 3529 homiliarum
980 3472 1352 3546 exemplaria,
1378 3473 1439 3529 in
1470 3474 1685 3546 quibus
1717 3475 2056 3549 colligendis

411 3561 929 3633 describendisque
950 3561 1047 3617 alii
1070 3572 1211 3618 tunc
1233 3562 1514 3635 temporis
1532 3563 1845 3621 feliciorem
1878 3583 2056 3637 quam

411 3650 825 3707 Constantinus
873 3667 1109 3722 operam
1161 3650 1426 3722 posuisse
1476 3651 1775 3722 feruntur;
1824 3672 1939 3725 qua
1986 3656 2058 3711 de

412 3755 474 3796 re
528 3738 698 3811 plura
750 3739 1132 3795 doctissimus
1177 3740 1573 3813 Chrysostomi
1632 3758 1873 3813 operum
1929 3744 2057 3800 edi-

410 3831 503 3884 tor
531 3828 663 3901 (12):
714 3831 780 3883 ut
809 3827 1050 3899 proinde
1081 3828 1238 3884 haud
1291 3829 1513 3885 absona
1559 3829 1825 3887 videatur
1862 3833 2057 3904 suspi-

366 3964 369 3965 ,
411 3915 520 3986 cio,
554 3919 777 3972 textum
826 3915 1071 3972 allatum
1126 3916 1501 3974 librariorum
1554 3920 1724 3991 culpa
1754 3920 1812 3975 in
1844 3923 2057 3979 mendo

409 4006 662 4074 cubare;
714 4021 781 4060 eo
812 4005 870 4060 in
903 4004 1108 4077 primis
1150 4006 1407 4078 nomine,
1441 4008 1595 4079 quod
1640 4008 1711 4064 de
1739 4010 1895 4065 Petri
1928 4010 2058 4081 qui-

410 4094 545 4148 dem
566 4098 624 4149 et
645 4092 809 4148 Pauli
829 4098 885 4149 et
909 4093 1154 4150 Joannis
1183 4094 1469 4166 sepulcris
1499 4096 1729 4153 dubitet
1750 4114 1920 4154 nemo
1941 4116 1954 4167 ;
1988 4100 2059 4156 de

410 4180 647 4237 Thomas
669 4186 865 4237 autem
889 4182 1157 4254 sepulcro
1187 4200 1303 4238 non
1337 4183 1417 4240 ita
1445 4189 1688 4257 certum,
1723 4190 1787 4242 ut
1817 4188 1887 4243 ad
1922 4205 2057 4245 eum

409 4268 605 4326 locum
635 4275 788 4326 recte
818 4271 1058 4327 adnotat
1088 4271 1579 4330 Montfauconius.

482 4359 645 4424 Quod
687 4359 736 4414 si
785 4359 879 4414 cui
926 4360 1216 4416 sententia
1272 4360 1473 4418 isthaac
1529 4364 1729 4420 minus
1786 4364 2058 4436 arrident,

413 4448 696 4504 memoria
724 4446 819 4503 hic
865 4446 1099 4520 lapsum
1147 4450 1206 4506 S.
1237 4450 1467 4506 Patrem
1513 4452 1740 4524 opinari
1771 4454 1860 4511 fas
1911 4456 2055 4511 erit:

2162 3290 2372 3347 desum
2404 3307 2532 3347 esse
2580 3291 2775 3348 locum
2806 3293 2976 3349 nobis
3018 3293 3352 3364 objectum;
3386 3294 3479 3350 vel
3528 3298 3580 3351 si
3617 3297 3824 3366 mavis,

2164 3381 2447 3436 memoria
2475 3380 2709 3453 lapsum
2740 3385 3006 3438 sanctum
3030 3383 3352 3455 doctorem,
3378 3385 3527 3440 dum
3552 3402 3625 3441 ea
3654 3388 3829 3442 verba

2163 3484 2195 3526 θ
2223 3473 2505 3541 suggestu
2540 3470 2843 3540 proferret.

2233 3557 2301 3615 V.
2335 3558 2491 3614 Inter
2534 3558 2890 3629 objectiones
2936 3574 3069 3615 vero
3099 3560 3388 3632 gravioris
3438 3565 3733 3619 momenti
3767 3582 3831 3620 ea

2166 3647 2354 3718 potior
2381 3646 2768 3716 existimatur,
2801 3664 2931 3720 quas
2958 3664 3027 3704 ex
3055 3666 3193 3705 voce
3218 3646 3445 3722 τριάδος
3490 3652 3830 3709 desumitnr

2166 3737 2275 3792 sub
2307 3735 2573 3808 Epistolas
2606 3735 2841 3792 initium
2894 3742 3232 3794 occurrente
3260 3756 3273 3805 ;
3304 3755 3511 3811 quam,
3548 3741 3830 3812 inquiunt

2165 3841 2455 3896 censores,
2488 3826 2546 3880 in
2576 3826 2994 3883 vetustissimis
3023 3827 3437 3885 ecclesiasticis
3470 3846 3827 3887 monumen-

2165 3914 2243 3969 tis
2268 3913 2361 3968 vix
2390 3929 2456 3969 ac
2486 3929 2557 3970 ne
2596 3913 2689 3969 vix
2719 3914 2953 3986 quidem
3000 3916 3249 3972 fortasse
3278 3918 3589 3987 invenias;
3634 3922 3825 3992 perin-

2166 4002 2237 4058 de
2267 4018 2333 4057 ac
2365 4002 2413 4056 si
2445 4002 2643 4058 omnia
2673 4004 2893 4075 scripta
2918 4003 3088 4060 nobis
3108 4010 3509 4077 superessent,
3536 4024 3674 4079 que
3696 4010 3824 4063 scri-

2166 4094 2362 4163 ptores
2405 4090 2709 4163 apostolici
2743 4097 2845 4147 aut
2888 4109 3008 4147 avo
3039 4093 3361 4165 apostolico
3405 4096 3694 4166 proximi,
3727 4098 3827 4153 Pa-

2166 4178 2315 4250 pias,
2348 4179 2702 4251 Quadratus,
2734 4180 3038 4248 Aristides,
3082 4181 3340 4253 Agrippa
3371 4186 3603 4250 Castor,
3637 4186 3827 4241 Aristo

2168 4266 2408 4322 Pellaeus
2440 4266 2654 4339 aliique
2695 4268 2906 4323 litteris
2948 4269 3257 4325 tradidere.
3303 4272 3481 4343 Atqui
3525 4274 3832 4344 antiquius

2166 4358 2255 4411 est
2287 4372 2499 4411 nomen
2530 4352 2771 4429 τριάδος,
2816 4373 2991 4428 quam
3046 4362 3109 4413 ut
3148 4358 3374 4429 passim
3415 4359 3831 4427 existimetur;

2164 4445 2336 4499 tertio
2366 4444 2546 4511 enim,
2580 4445 2722 4516 quin
2752 4448 2812 4502 et
2840 4447 3094 4503 secundo
3120 4446 3389 4503 Ecclesiae
3414 4448 3642 4506 saeculo
3666 4468 3837 4507 usur-

411 4538 580 4607 cujus
609 4536 692 4593 rei
719 4536 986 4609 exempla
1016 4538 1075 4592 in
1107 4537 1238 4595 aliis
1276 4540 1405 4610 ejus
1435 4539 1709 4612 operibus
1738 4541 1894 4598 haud
1927 4560 2057 4600 raro
2087 4562 2138 4630 Β
2167 4537 2367 4604 Fatum
2399 4534 2792 4606 comperitur;
2834 4536 2992 4630 βυοά
3028 4551 3183 4630 ’θεοῦ
3216 4536 3399 4630 miror
3444 4538 3690 4610 fugisse
3720 4541 3835 4595 Svi-

411 4624 812 4695 deprehendas
838 4626 973 4697 (13).
1024 4625 1157 4691 Quae
1207 4628 1441 4699 quidem
1492 4630 1835 4700 conjectatio
1869 4632 2056 4704 magis
2087 4622 2131 4630 —
2167 4637 2364 4677 08mm
2422 4622 2558 4693 (18)ο
2612 4622 2924 4695 Dionysius
2978 4622 3407 4680 Alexandrinus
3470 4626 3619 4697 (19):
3684 4627 3827 4681 Οὕτω

411 4711 619 4783 placet.
651 4713 950 4777 Quomodo
982 4716 1138 4771 enim
1169 4717 1411 4773 Andreas
1443 4716 1688 4788 apostoli
1722 4719 2056 4791 sepulcrum

410 4800 599 4873 potuit
619 4802 916 4871 ignorasse
938 4802 1410 4876 Chrysostomus;
1433 4822 1605 4877 quem
1628 4806 1909 4863 nimirum
1931 4824 2056 4864 cor-

408 4890 568 4962 poris
597 4891 724 4961 ejus
746 4892 1189 4949 translationem
1225 4910 1294 4948 ex
1322 4893 1541 4950 Achaia
1571 4894 2054 4969 Constantinopo-

405 4976 508 5034 lim
540 4995 574 5034 a
601 4980 939 5035 Constantio
971 4997 1122 5036 anno
1144 4981 1249 5037 357
1280 4986 1596 5053 peractam,
1621 4983 1778 5039 haud
1812 4984 2055 5043 latuisse

404 5065 644 5123 demum
675 5065 908 5139 liquet?
935 5068 1030 5125 Sic
1062 5069 1217 5125 enim
1246 5069 1345 5126 ille
1376 5071 1519 5143 (1:1):
1552 5093 1583 5122 «
1616 5071 1829 5129 Christi
1858 5091 2053 5131 servo-

472 5207 1011 5291 (9)‘L'equien..__0r.
1046 5211 1268 5291 Christ,
1299 5213 1549 5291 tom_._ll,
1582 5215 1800 5291 p.954.

616 5280 844 5357 Tillem.
876 5284 1031 5357 litem.
1052 5285 1216 5357 rech,
1237 5289 1393 5357 tom.
1420 5280 1605 5357 X1,'p'.
1639 5287 1763 5342 378.

495 5352 844 5477 gnsltgontﬁ,
897 5355 1128 5425 Praefat.
1177 5355 1249 5411 ad
1296 5372 1419 5429 Opp.
1476 5352 1692 5430 Chrys,
1744 5362 1885 5416 tom.
1925 5357 2047 5429 XII,

399 5436 459 5492 p.
495 5422 550 5491 5,
584 5422 696 5493 §9.
829 5422 837 5424 ⁷
1026 5422 1034 5425 ⁷

473 5491 588 5567 (ιὲ)
620 5493 855 5567 ἐξίει-.ίὲ
879 5494 914 5549 5
944 5511 1103 5567 seqq-

615 5563 851 5652 ,Iiilontfj
879 5563 1152 5652 {’raef.
1180 5569 1311 5651 tam.
1343 5568 1409 5652 Χ,
1497 5570 1626 5652 3__et

503 5634 590 5707 14)
613 5635 841 5709 Chrys.,
889 5634 1050 5697 hom.
1081 5639 1172 5711 26,
1206 5641 1269 5695 in
1312 5634 1472 5714 epist.
1523 5644 1576 5701 II
1600 5642 1670 5701 ad
1722 5642 1870 5713 Con,
1903 5644 2045 5714 n.5,

2169 4709 2262 4781 μὲν
2290 4712 2455 4782 ἡμεῖς
2487 4706 2564 4772 εἴς
2594 4729 2652 4765 τε
2688 4711 2787 4779 τὴν
2836 4707 3041 4787 Τριάδα
3074 4712 3173 4780 τὴν
3223 4710 3431 4785 μονάδα
3472 4713 3827 4789 «latinius

2164 4795 2485 4873 ἀδιαίρετον·
2532 4798 2621 4855 καὶ
2667 4800 2767 4869 τήν
2816 4797 3019 4875 Τριάδα
3064 4800 3229 4856 πάλιν
3282 4802 3561 4873 ἆμείωτον
3613 4804 3703 4865 εἷς
3737 4808 3827 4873 τήν

2166 4884 2373 4959 μονάδα
2403 4886 2961 4966 συγκεφαλαιούμεθα.
3004 4891 3098 4947 Sic
3143 4892 3363 4963 quidem
3408 4909 3515 4948 nos
3565 4896 3823 4953 individ-

2163 4978 2325 5033 bilem
2360 4980 2629 5034 unitatem
2659 4980 2721 5034 in
2754 4980 3080 5035 Trinitatem
3108 4979 3420 5036 dilatamus
3437 4998 3460 5042 :
3510 4988 3569 5038 et
3592 4984 3822 5040 Diuite-

2163 5070 2272 5123 tem
2299 5070 2499 5122 iterum
2530 5083 2651 5138 qum
2689 5068 2953 5124 imminui
2995 5070 3205 5140 nequit,
3251 5071 3315 5125 in
3362 5073 3657 5129 unitatem
3704 5090 3819 5132 ωι-

2159 5220 2302 5274 tom.
2334 5217 2401 5282 X,
2429 5232 2482 5288 p.
2519 5217 2645 5275 625.

2230 5289 2344 5360 (15)
2375 5289 2589 5360 Chrys.
2606 5305 2742 5360 opp.
2775 5292 2921 5345 tom.
2954 5288 3074 5358 XII,
3107 5305 3164 5359 ρ.
3198 5290 3319 5346 421.

2228 5359 2342 5434 (16)
2372 5359 2543 5434 Greg.
2577 5359 2739 5434 Nae,
2771 5361 3045 5434 carm._9,
3071 5362 3320 5434 tomrll,
3351 5362 3540 5434 p.‘;79.

2228 5405 2342 5503 Eii)
2369 5405 3320 5501 17123118333,'tB‘u‘iZ'II’p'TEEi"
3351 5405 3462 5434 ³”⁵’
3483 5405 3538 5420 ’⁸

2229 5503 2341 5559 (18)
2374 5501 2613 5559 Svicer..
2649 5502 2803 5558 Thes.
2836 5503 2989 5559 eccl..
3021 5506 3165 5559 tom.
3198 5503 3268 5559 II.
3302 5519 3358 5559 ι).
3394 5505 3538 5559 1288

2229 5501 2341 5571 (18)
2374 5501 2613 5569 Svicer.,
2649 5502 2803 5558 Thes.
2836 5503 2989 5570 eccl.,
3021 5506 3165 5559 tom.
3198 5503 3268 5570 II,

2229 5505 2320 5571 (18
2374 5505 2613 5569 Svicer.,
2649 5505 2803 5558 Thes.
2836 5505 2989 5570 eccl.,
3021 5506 3165 5559 tom.
3198 5505 3268 5570 II,
3345 5546 3358 5558 .
3394 5505 3563 5561 1288.

2227 5505 2351 5703 (ἐξ
2368 5573 2537 5648 Apud
2567 5572 2806 5643 Athan,
2835 5574 3008 5647 Epist.
3034 5573 3101 5631 de
3129 5582 3267 5632 sent.
3299 5519 3560 5649 gionys.,
3587 5580 3733 5636 tom.
3756 5576 3803 5644 Ι.

2357 5687 2371 5701 ο

2155 5661 2213 5717 Ρ.
