4016 6222
176 386 328 446 1205
844 387 1228 449 EPISTULA
1271 388 1372 447 DE
1418 388 1832 450 MARTYRIO
1878 390 1942 451 S.
1989 390 2361 451 ANDREIE.
2395 422 2473 436 —-
2500 391 2920 453 PROOEMIA.
3428 392 3584 453 1206

171 519 586 585 trahimus.Quo
607 518 849 591 insuper
902 517 1185 575 vocabulo
1216 520 1371 591 apud
1404 520 1686 578 Basilium
1708 521 1821 595 (20)
1850 523 1903 591 Α
1934 538 2067 580 cum
2083 522 2320 580 Daniele
2336 526 2455 582 tres
2484 540 2695 597 pueros
2724 526 2784 579 in
2808 524 2923 581 fide
2954 524 3131 581 fortes
3161 526 3218 581 et
3247 523 3307 581 in
3341 525 3579 599 captivi-

171 609 381 665 iterum
412 614 587 682 atque
618 610 830 665 iterum
878 609 1065 665 utitur
1105 609 1261 665 idem
1291 610 1625 683 Dionysius.
1675 612 1821 669 Huic
1929 616 2047 669 tate
2075 613 2556 682 victores,horam
2582 613 3092 684 tertiam,sextam,
3116 631 3353 683 nonam;
3386 632 3578 672 sacra-

173 698 440 771 episcopo
487 698 876 754 Alexandrino
908 696 1207 774 σῦγχρονος
1229 700 1542 772 Gregorius
1590 701 1818 760 Neocaa-
1929 706 2124 759 mento
2146 702 2368 759 scilicet
2390 703 2715 771 Trinitatis,
2741 720 2866 775 quae
2895 704 2954 758 in
2988 704 3326 761 novissimis
3352 708 3578 777 tempo-

174 788 452 844 sariensis
482 789 630 861 (21):
663 786 824 861 Τριὰς
855 783 1056 856 τελεία,
1118 784 1244 861 δόξῃ
1274 786 1363 842 καὶ
1408 786 1679 860 ἀϊδιότητι
1728 812 1760 845 κ

1996 808 2091 847 )us
2122 792 2487 848 manifestari
2513 792 2822 848 habebat.»
2855 793 3076 858 Quibus
3110 793 3346 849 demum
3370 794 3582 849 addere

181 873 446 950 βασιλείᾳ,
484 876 559 948 μὴ
618 875 971 951 μεριζομὲνη,
1004 895 1055 931 κ.
1088 897 1139 931 τ.
1176 876 1229 932 λ.
1284 879 1524 935 Trinitas
1559 882 1767 951 perfect)

1992 885 2069 936 )et
2098 880 2257 937 aliud
2282 881 2511 937 illustre
2565 881 2964 937 testimonium
2991 898 3057 937 ex
3115 883 3277 938 Actis
3335 881 3578 938 sinceris

176 981 299 1037 qua?
325 966 503 1037 gloria
530 970 583 1022 et
610 967 934 1023 aeternitate
961 983 1025 1021 ac
1052 983 1217 1038 regno
1246 984 1357 1023 non
1384 969 1677 1041 dividitur,
1708 976 1815 1027 etc.
1928 976 2265 1025 sanctorum
2296 974 2623 1044 martyrum
2668 969 2995 1036 Fructuosi,
3042 970 3288 1043 Augurii
3320 974 3375 1025 et
3404 971 3579 1026 Eulo-

176 1054 453 1127 Origenes
483 1058 731 1126 utroque
761 1055 1059 1127 antiquior
1088 1056 1203 1129 (22)
1233 1072 1247 1113 :
1279 1054 1430 1129 Τάχα
1456 1056 1559 1133 γὰρ
1589 1056 1679 1112 καί
1707 1078 1816 1113 τισι
1926 1057 2028 1130 gii,
2060 1075 2176 1114 evo
2207 1058 2479 1132 Cypriani
2523 1059 2817 1115 memoriae
2875 1059 3130 1114 traditis.
3163 1058 3258 1114 Sic
3288 1064 3483 1115 autem
3516 1077 3579 1116 se

172 1146 279 1197 τῶν
333 1141 608 1219 μακαρίων
659 1140 960 1215 δυνάμεων,
1009 1143 1098 1197 καὶ
1147 1139 1646 1216 ἐπανάϐεϐηκυιῶν,
1687 1168 1758 1201 οὐ¹

1986 1147 2102 1202 Lbet
2127 1147 2280 1220 (29):
2341 1170 2370 1198 ‹‹
2402 1147 2636 1203 Similes
2691 1147 2952 1213 Ananiae,
2984 1148 3201 1203 Azariaa
3259 1151 3315 1203 et
3347 1146 3572 1203 Misaeli

172 1230 339 1307 κρίσει
392 1235 499 1287 τῶν
531 1230 757 1287 πολλῶν
806 1235 1071 1308 γενητῶν,
1118 1232 1186 1288 τὰ
1230 1232 1378 1288 κάτω
1429 1241 1528 1304 τῆς
1582 1235 1758 1311 ἀρχικ-

1987 1236 2294 1309 :stiterunt,
2327 1240 2392 1293 ut
2418 1237 2593 1292 etiam
2623 1236 2683 1292 in
2714 1235 2832 1292 illis
2854 1236 3113 1294 Trinitas
3145 1235 3344 1293 divina
3373 1252 3573 1292 cerne-

170 1317 416 1395 Τριάδος,
446 1319 610 1397 λόγον
644 1316 760 1396 ἔχει
792 1318 923 1382 ὅλος
957 1322 985 1375 ὁ
1018 1320 1240 1383 ἐνεστὼς
1270 1322 1402 1377 αἰὼν
1436 1323 1511 1386 ὡς
1553 1326 1688 1400 πρὸς
1716 1326 1815 1395 τήν
1929 1328 2113 1380 retur.
2146 1347 2175 1377 »

173 1410 316 1479 ζωὴν
348 1408 541 1483 αὐτῶν,
575 1410 633 1465 ὃν
680 1409 841 1485 λόγον
893 1404 1011 1485 ἔχει
1038 1412 1074 1479 ἡ
1105 1412 1233 1484 παρ’
1280 1410 1591 1488 ἀνθρώποις
1637 1414 1759 1490 ἠμέ(

2000 1415 2187 1470 Habes
2215 1414 2392 1487 igiiur
2420 1418 2548 1471 tum
2578 1418 2822 1482 Graecos,
2855 1418 2983 1470 tum
3042 1413 3278 1469 Latinos
3310 1412 3575 1471 Ecclesiaa

169 1500 306 1575 πρὸς
336 1497 465 1554 ὅλον
520 1499 612 1554 τὸν
664 1495 885 1554 δυνατὸν
943 1498 1215 1573 ἀνθρώπῳ
1249 1504 1343 1574 ζῇν
1372 1502 1585 1577 χρόνον.
1627 1508 1755 1578 Siqu

1994 1506 2126 1559 Ltres
2157 1503 2371 1575 quibus
2402 1499 2621 1576 τριάδος
2642 1502 2999 1559 vobabulum
3022 1503 3149 1573 jam
3173 1503 3308 1559 inde
3340 1520 3373 1559 θ.
3402 1520 3580 1559 saecu-

168 1589 290 1645 dem
315 1603 560 1661 praesens
587 1597 714 1645 aetas
732 1589 982 1645 eamdam
1007 1593 1252 1662 fortasse
1280 1595 1551 1649 rationem
1572 1596 1729 1652 habet
1749 1596 1820 1651 ad
1927 1591 1981 1647 lo
2000 1610 2040 1647 ιι
2061 1592 2737 1665 desinente,usurpalum
2760 1591 3307 1663 comperitur.Quod
3323 1591 3371 1648 si
3389 1592 3579 1647 adhuc

170 1681 341 1734 vitam
369 1679 656 1757 beatorum
684 1680 1053 1751 quarumdam
1086 1684 1441 1751 potestatum,
1476 1700 1705 1756 qumque
1726 1700 1818 1754 ge-
1928 1682 2670 1752 superarentvetustiorum
2684 1682 3033 1753 scriptorum
3053 1684 3580 1749 monumenta,nou

172 1769 306 1824 niti:
335 1768 713 1837 compluribus
761 1769 998 1838 collatae,
1056 1773 1368 1842 superiores
1417 1771 1504 1827 his
1531 1781 1821 1830 evaserunt
1929 1772 2000 1827 ad
2017 1770 2321 1843 Theophili
2352 1770 2542 1827 solum
2561 1775 2663 1827 aut
2678 1769 3021 1826 Tertulliani
3043 1771 3403 1831 aetatemsed
3426 1770 3579 1827 alius

172 1872 299 1929 qua:
328 1858 479 1928 in/ra
506 1873 693 1914 rerum
722 1860 975 1914 omnium
1003 1859 1440 1916 moderationem
1491 1863 1819 1918 Trinitatem
1854 1896 1901 1961 B
1928 1860 2103 1916 etiam
2123 1860 2469 1932 assurgendi
2496 1859 2662 1915 nobis
2687 1860 2932 1915 fortasse
2954 1858 3201 1915 facultas
3223 1862 3579 1931 suppeteret,

169 1947 358 2019 posita
375 1954 543 2009 sunt;
573 1963 737 2020 quam
768 1947 1023 2004 humanae
1067 1950 1196 2006 vitm
1223 1949 1337 2005 dies
1362 1949 1433 2005 ad
1478 1953 1653 2007 totum
1686 1960 1821 2008 tem-
1854 1947 1900 1961 "
1933 1950 2003 2004 ad
2033 1948 2421 2021 antiquiorem
2468 1949 2734 2022 ejusdem
2767 1949 2923 2005 vocis
2962 1965 3138 2005 usum
3172 1950 3578 2005 asserendum'

167 2051 274 2108 pus
302 2037 571 2091 rationem
612 2035 795 2105 habet,
826 2037 899 2093 ad
947 2039 1091 2109 quod
1140 2040 1378 2094 hominis
1407 2040 1521 2096 vita
1568 2042 1826 2112 progredi
2000 2039 2095 2094 Vl.
2129 2039 2258 2094 Jam
2308 2055 2443 2094 vero
2472 2039 2545 2094 ad
2576 2037 2757 2094 Graeci
2814 2042 3006 2093 textus
3064 2037 3457 2109 integritatem
3489 2054 3583 2093 as-

168 2128 361 2196 potest.
394 2124 593 2196 Neque
622 2124 720 2180 hic
775 2125 988 2193 solum,
1022 2128 1121 2182 sed
1174 2127 1312 2183 alibi
1361 2145 1594 2201 quoque
1624 2146 1822 2185 vocem
1931 2129 2262 2195 truendam,
2296 2127 2439 2183 illud
2487 2144 2720 2200 quoque
2774 2126 3120 2197 objectionis
3146 2142 3333 2198 genus
3366 2141 3580 2198 expen-

171 2214 437 2270 eamdem
468 2215 539 2270 ab
566 2231 630 2270 eo
662 2214 912 2271 subinde
951 2221 1293 2288 usurpatam
1324 2218 1520 2274 videas
1552 2219 1686 2290 (23).
1718 2219 1824 2274 Ve-
1931 2217 2065 2273 dere
2093 2217 2334 2273 interest
2363 2217 2516 2289 quod
2549 2233 2617 2273 ex
2662 2216 2852 2273 verbis
2884 2216 2994 2271 sub
3025 2215 3260 2271 initium
3308 2215 3577 2287 Epistolas

166 2304 380 2359 tustior
408 2303 599 2358 adhuc
627 2304 873 2377 Origene
904 2304 1166 2361 Clemens
1197 2305 1629 2363 Alexandrinus
1661 2308 1777 2379 (24)
1804 2324 1818 2361 :
1931 2305 2264 2361 constitutis
2296 2305 2599 2377 repetitur,
2631 2309 2803 2377 prout
2840 2307 3074 2361 exstant
3102 2304 3161 2358 in
3192 2303 3460 2359 versione
3492 2305 3580 2359 Li-

170 2389 281 2445 Οόκ
310 2388 499 2453 ἄλλως
546 2389 715 2468 ἔγωγε
755 2391 1011 2464 ἐξακούω,
1044 2392 1080 2461 ἢ
1111 2393 1210 2462 τὴν
1262 2393 1419 2468 ἁγίαν
1467 2392 1670 2470 Τριάδα
1715 2417 1755 2469 μ

1992 2396 2283 2450 ιωᾶηίθῑιει
2313 2410 2439 2466 quae
2470 2393 2565 2449 hic
2594 2394 2921 2462 exhibetur,
2955 2392 3056 2448 ubi
3082 2393 3153 2448 de
3182 2392 3368 2448 sancti
3396 2393 3578 2464 Spiri-

166 2476 404 2543 νύεσθαι·
440 2479 621 2553 τρίτον
659 2480 755 2554 μὲν
799 2482 901 2557 γὰρ
951 2480 1106 2554 εἶναι,
1138 2482 1200 2536 τὸ
1250 2482 1404 2557 ἅγιον
1456 2487 1695 2556 Πνεῦμα·
1730 2506 1752 2539 τ

1999 2501 2027 2539 s
2060 2483 2430 2555 processione
2462 2483 2744 2555 professio
2767 2482 3123 2537 enuntiatur.
3161 2482 3377 2537 Locum
3410 2499 3578 2554 supe-

167 2568 291 2623 l'tov
326 2565 402 2637 δὲ,
437 2566 708 2642 δεύτερον,
741 2566 809 2624 δι’
838 2567 901 2625 οὗ
949 2569 1122 2625 πάντα
1170 2570 1381 2647 ἐγένετο
1431 2574 1567 2627 κατὰ
1619 2573 1753 2649 βοῦλ

1992 2591 2051 2629 as
2072 2573 2153 2641 §2
2174 2572 2803 2645 protulimus.Magnus
2824 2571 3059 2643 quidem
3082 2570 3368 2627 Baronius
3388 2571 3578 2627 haud-

168 2677 250 2712 σιν
283 2661 377 2712 τοῦ
410 2657 643 2735 Πατρός.
679 2662 951 2733 Equidem
984 2662 1089 2717 ista
1109 2678 1217 2719 non
1248 2663 1364 2719 nisi
1390 2663 1455 2719 de
1483 2672 1673 2720 sancta
1706 2666 1818 2720 Tri-
1928 2679 2222 2735 quaquam
2254 2678 2375 2718 rem
2408 2666 2540 2718 actu
2588 2660 2849 2733 tetigisse
2872 2660 3123 2732 videtur,
3156 2660 3296 2716 dum
3329 2660 3579 2731 conjecit

166 2749 343 2805 nitate
399 2749 646 2820 accipio:
701 2752 752 2805 et
782 2751 934 2805 tertii
989 2751 1207 2822 quidem
1255 2754 1495 2823 nomine,
1544 2754 1821 2825 Spiritum
1928 2752 1989 2807 in
2022 2753 2134 2824 (30)
2165 2751 2329 2807 illam
2378 2750 2702 2807 versionem
2756 2748 3137 2806 Grascismum
3168 2748 3477 2821 irrepsisse
3508 2750 3578 2805 de

166 2841 457 2901 sanctum:
478 2838 703 2894 secundi
726 2855 875 2906 vero,
905 2841 1111 2895 Filium
1134 2840 1411 2913 intelligo,
1438 2859 1539 2914 per
1566 2859 1724 2914 quem
1751 2860 1821 2900 ex
1927 2841 2146 2913 Spiritu
2177 2846 2401 2908 sancto,
2430 2839 2754 2913 procedente
2803 2854 2874 2895 ex
2899 2841 3070 2895 Patre
3114 2840 3163 2895 et
3193 2841 3253 2894 in
3285 2839 3424 2894 Filio
3452 2855 3577 2911 per-

170 2928 353 2983 Patris
373 2928 652 2991 voluntate
667 2931 814 2999 facta
840 2938 967 2984 sunt
994 2931 1197 2986 omnia.
1216 2930 1641 2987 Clementinum
1662 2933 1819 2988 hunc
1924 2938 2191 2989 manente
2208 2950 2231 2997 ;
2260 2932 2520 3002 adeoque
2540 2930 2591 2985 ei
2615 2929 3034 3002 praeferendam
3056 2944 3185 2984 esse
3215 2927 3581 2984 Mombritia-

170 3016 363 3072 locum
391 3016 699 3088 exscripsit
736 3018 874 3074 item
931 3019 1217 3075 Eusebius
1246 3020 1379 3093 (25).
1414 3020 1515 3076 His
1565 3021 1818 3095 denique
1927 3040 2012 3077 nae
2042 3021 2314 3077 editionis
2346 3020 2674 3087 lectionem,
2706 3036 2824 3091 qua
2852 3019 3089 3074 etlertur
3114 3017 3370 3089 Spiritus
3401 3034 3573 3073 sanc-

169 3107 408 3162 accedat
437 3106 799 3178 Theophilus
830 3108 1359 3180 Antiochenus,qui
1392 3115 1629 3167 caeteros
1651 3116 1817 3168 aetate
1924 3116 2020 3168 tus
2049 3111 2333 3183 procedere
2361 3127 2433 3166 ex
2463 3112 2623 3165 Patre
2652 3116 2703 3164 et
2720 3109 2881 3163 Filio.
2912 3106 3129 3163 Verum
3176 3107 3325 3163 hanc
3353 3106 3412 3161 in
3444 3123 3577 3163 seu-

160 3195 345 3251 anteit
511 3212 523 3251 :
558 3194 828 3257 Ὡσαύτως
878 3194 966 3250 καὶ
997 3196 1053 3250 αἱ
1080 3202 1224 3272 τρεῖς
1280 3196 1483 3271 ἡμέραι
1515 3198 1665 3273 [πρὸ]
1708 3221 1746 3254 τ‹

1988 3202 2169 3256 ntiam
2195 3200 2451 3271 profecto
2482 3215 2596 3253 non
2643 3196 3041 3253 descendisset
3098 3195 3349 3251 eximius
3379 3197 3574 3251 Anna-

160 3285 463 3361 φωστήρων
516 3290 818 3359 γεγονυῖαι,
866 3283 1027 3340 τύποι
1082 3268 1211 3341 εΙσῖν
1258 3268 1361 3356 τῆς
1399 3268 1665 3362 -Τριξὶδος,
1712 3310 1743 3344 τ

1990 3306 2069 3345 im
2099 3288 2631 3346 ecclesiasticorum
2664 3285 2950 3358 parens,si
2974 3284 3157 3341 oculis
3188 3284 3440 3340 lustrare
3461 3285 3576 3357 ipsi

158 3376 314 3442 Θεοῦ,
360 3372 450 3427 καὶ
495 3377 593 3428 τοῦ
639 3372 818 3451 Λόγου
863 3374 1049 3444 αὐτοῦ,
1099 3374 1188 3430 καὶ
1235 3383 1334 3447 τῆς
1386 3376 1589 3455 Σοφίας
1619 3377 1744 3433 αὐτο

1988 3379 2180 3434 uisset
2210 3379 2325 3433 duo
2355 3377 2456 3434 illa
2486 3392 2739 3449 quorum
2765 3392 2944 3447 supra
2975 3373 3355 3429 meminimus
3376 3373 3574 3430 Graeca

150 3462 429 3519 Similiter
475 3472 585 3519 tres
614 3465 707 3519 illi
763 3464 878 3521 dies
909 3467 1005 3537 qui
1049 3473 1179 3521 ante
1210 3468 1519 3523 luminaria
1556 3471 1805 3539 fuerunt,
1918 3466 2290 3539 exemplaria,
2327 3464 2908 3537 Huntingdonianum
2953 3467 3009 3518 et
3054 3462 3408 3533 Nanianum,
3443 3479 3571 3535 quae

151 3553 334 3623 imago
361 3561 490 3609 sunt
530 3554 857 3617 Trinitatis;
910 3555 1030 3623 Dei,
1061 3556 1179 3626 ejus
1213 3556 1398 3623 Verbi,
1448 3558 1674 3628 eiusque
1698 3556 1808 3614 Sa-
1917 3556 2027 3612 hoc
2058 3555 2165 3611 loci
2190 3558 2463 3627 corrupta
2491 3557 2548 3609 et
2565 3553 2859 3619 vitiata,ut
2889 3567 3243 3619 asseramus,
3270 3548 3433 3605 nulla
3462 3567 3567 3605 no-

142 3641 398 3712 Ρίεηιίᾶε·
1917 3646 2007 3702 bis
2040 3645 2184 3700 ratio
2215 3643 2496 3716 suppetit.
2520 3643 2695 3698 Porro
2726 3645 3041 3712 utrumque
3071 3640 3232 3695 istud
3265 3638 3565 3711 exemplar

225 3730 373 3795 Quid
403 3747 536 3787 vero
567 3731 839 3804 prohibet
860 3732 1001 3804 quin
1026 3732 1287 3789 Ecclesiae
1321 3734 1530 3790 Graecae
1552 3734 1800 3807 scripto-
1916 3734 2393 3807 Lipomanianam
2420 3731 2726 3788 lectionem
2750 3728 3252 3798 ﬁrmat,exhibens
3284 3728 3568 3800 Spiritum

151 3818 318 3876 ribus
348 3820 634 3877 hactenus
685 3822 1011 3890 recensitis,
1048 3824 1197 3878 duos
1253 3823 1431 3879 etiam
1467 3824 1737 3880 Latinoru

1986 3828 2208 3889 notum,
2265 3817 2689 3892 ἐκπορευόμενον
2751 3817 2811 3873 ἐκ
2838 3817 3066 3891 Ματρὸς,
3096 3817 3186 3872 καὶ
3235 3814 3285 3870 ἐν
3319 3817 3428 3889 Υἱῷ
3458 3812 3571 3871 δια-

154 3908 391 3965 Patrum
424 3911 857 3967 vetustissimos
909 3912 1300 3984 adjungamus
1322 3912 1349 3967 ‘t
1407 3913 1805 3971 Tertullianus
1918 3911 2096 3985 μένον.
2133 3911 2295 3978 Quod
2326 3910 2375 3966 si
2398 3908 2822 3966 Mombritianze
2853 3907 3085 3964 lectioni
3114 3910 3345 3963 vetusta
3373 3923 3569 3963 exem-

153 4000 308 4073 (27):
340 4022 370 4051 «
401 4000 779 4058 Custodiatur
806 4004 1140 4059 oeconomiae
1188 4010 1642 4072 sacramentum,
1675 4022 1802 4077 quas
1912 4002 2118 4074 plaria,
2152 4002 2354 4056 eodem
2388 3998 2629 4055 Baronio
2659 4002 2830 4065 teste,
2864 3996 3280 4069 astipulantur,
3316 4013 3431 4051 non
3463 3997 3559 4051 de-

156 4089 444 4146 uuitatem
475 4090 536 4145 in
554 4092 904 4148 Trinitatem
936 4091 1216 4165 disponit,
1242 4098 1360 4149 tres
1391 4094 1669 4167 dirigens,
1702 4096 1804 4151 Pa-
1911 4094 2053 4148 sunt
2082 4107 2241 4159 sane,
2274 4088 2487 4161 quibus
2513 4092 2569 4142 et
2586 4087 3010 4160 Lipomaniana
3038 4085 3341 4141 innitatur.
3364 4085 3565 4140 Exstat

153 4182 305 4235 trem
336 4183 391 4234 et
419 4178 633 4236 Filium
658 4185 715 4237 et
742 4181 1023 4253 Spiritum
1056 4184 1722 4240 sanctum...Numerum
1746 4188 1803 4241 et
1911 4180 2207 4236 enimvero
2237 4176 2297 4232 in
2329 4178 2530 4233 nostra
2570 4174 2927 4231 bibliotheca
2956 4174 3068 4245 (31)
3098 4173 3348 4246 insignis
3379 4174 3561 4229 codex

151 4267 599 4339 dispositionem
645 4269 968 4342 Trinitatis,
1028 4271 1375 4329 divisionem
1436 4279 1803 4345 prasumunt
1912 4268 2414 4326 membranaceus.
2472 4264 2908 4337 elegantissime
2981 4262 3334 4335 descriptus.
3387 4266 3563 4335 atque

150 4356 423 4414 unitatis:
456 4359 691 4429 quando
723 4359 917 4415 unitas
940 4376 1009 4415 ex
1037 4362 1355 4433 semetipsa
1384 4362 1651 4419 derivans
1672 4363 1801 4418 Tri—
1911 4373 2053 4413 auro
2085 4355 2446 4427 picturisque
2475 4354 2695 4411 atl‘abre
2716 4352 3024 4410 delineatis
3056 4356 3370 4407 exornatus
3397 4368 3410 4407 ε
3444 4357 3569 4406 est-

151 4445 542 4514 nitatem,non
574 4448 914 4504 destruatur
936 4449 1006 4505 ab
1038 4449 1265 4520 illa,sed
1300 4451 1800 4507 administretur.»
1912 4462 2024 4517 que
2054 4446 2403 4500 Breviarium
2432 4443 2733 4499 secundum
2787 4440 3237 4497 consuetudinem
3293 4440 3563 4496 Romani?

153 4534 478 4607 Paucisque
510 4536 872 4608 interjectis:
926 4560 954 4589 «
984 4538 1239 4595 Trinitas
1271 4557 1372 4611 per
1414 4544 1713 4597 consertos
1745 4546 1803 4596 et
1910 4536 2097 4590 curiae.
2130 4534 2193 4590 In
2250 4550 2316 4589 ϐο
2370 4536 2565 4590 autem
2624 4535 2757 4603 post
2811 4529 3094 4594 medium,
3128 4527 3226 4583 Ubi
3266 4527 3559 4598 iIICiPiunt

150 4640 445 4681 connexos
473 4627 691 4699 gradus
718 4645 752 4683 a
778 4631 949 4684 Patre
980 4628 1317 4697 decurrens,
1348 4634 1405 4685 et
1453 4630 1802 4686 monarcbim
1834 4638 1880 4703 Β
1907 4625 2230 4695 festivitates
2260 4626 2595 4689 sanctorum,
2654 4619 2715 4675 in
2748 4620 2892 4674 festo
2950 4617 3009 4673 S.
3042 4616 3281 4671 Andreae
3308 4614 3561 4703 apostoli

152 4712 301 4769 nihil
329 4714 633 4788 obstrepit,
664 4720 721 4772 et
750 4718 1078 4773 teconomiaa
1107 4721 1324 4774 statum
1357 4719 1627 4792 protegit.
1662 4742 1689 4769 ››
1722 4722 1805 4776 En
1915 4729 2016 4768 sex
2045 4711 2322 4767 lectiones
2346 4711 2653 4781 habentur,
2680 4726 2749 4764 ex
2778 4705 3036 4779 Epistola
3064 4703 3336 4761 Ecclesia
3364 4702 3570 4759 Achai-

153 4801 407 4859 alterum
437 4804 705 4861 Ecclesiae
738 4806 1021 4863 Africana;
1049 4806 1270 4877 lumen,
1305 4807 1629 4880 Cyprianus
1660 4810 1804 4883 (28):
1919 4820 1999 4860 cae
2027 4804 2375 4859 verbotenus
2406 4802 2766 4871 desumpta;
2798 4797 2858 4853 in
2890 4813 3139 4871 quarum
3166 4797 3374 4868 prima,
3400 4795 3569 4851 lectio

158 4914 179 4944 c
220 4892 285 4947 In
316 4892 681 4951 orationibus
713 4893 1076 4951 celebrandis
1106 4894 1439 4952 invenimus
1470 4898 1809 4958 observasse
1921 4892 2345 4967 Lipomaniaua
2376 4888 2647 4947 occurrit.

147 5012 341 5155 Ρ,(ἕῖ)
370 5012 784 5143 Egistilhlgbiisge
812 5015 948 5087 Spir
967 5016 1048 5087 S.,
1073 5032 1200 5088 cap.
1232 5016 1320 5072 29.
1357 5016 1501 5090 Opp.
1534 5021 1679 5074 tom.
1714 5019 1807 5087 ΙΙΙ,
1920 5018 2108 5143 67(525)
2141 5015 2377 5086 Euseb.,
2438 5015 2619 5086 Praep.
2674 5029 2894 5085 evang.,
2928 5011 3031 5068 lib.
3086 5008 3209 5082 xiii,
3241 5025 3367 5082 cap.
3401 5008 3491 5081 l3,
3515 5026 3573 5082 p.

223 5157 339 5299 (2Ιέ
371 5156 542 5240 Greg.
576 5158 773 5229 Neoc.,
800 5161 1009 5231 Expos.
1033 5158 1151 5230 ﬁd.,
1185 5176 1241 5230 p.
1276 5160 1328 5216 1.
1994 5160 2105 5299 (26)
2137 5157 2422 5229 Theoph.,
2454 5156 2524 5211 ad
2551 5156 2753 5225 Autol.,
2777 5153 2880 5211 lib.
2911 5158 2972 5221 ii,
3005 5156 3031 5222 §
3063 5155 3147 5209 15.

224 5227 319 5297 (22
373 5228 629 5299 Origen.,
658 5231 956 5287 Comment.
990 5233 1048 5286 in
1080 5231 1294 5299 Matth,
1324 5234 1469 5288 tom.
1502 5250 1595 5299 xv,
1629 5250 1686 5289 u.
1719 5234 1811 5299 31,
1994 5232 2083 5299 (27
2136 5229 2375 5285 Tertull.
2403 5228 2526 5283 adv.
2560 5233 2760 5295 Praua,
2788 5243 2955 5298 capp.
2987 5228 3042 5295 2,
3073 5226 3127 5294 3,

224 5225 339 5304 (22)
373 5225 629 5304 Origen.,
658 5225 956 5287 Comment.
990 5225 1048 5286 in
1080 5225 1294 5299 Matth,
1324 5234 1469 5288 tom.
1502 5250 1595 5304 xv,
1629 5250 1686 5289 u.
1719 5234 1811 5304 31,
1994 5225 2105 5304 (27)
2136 5225 2529 5304 Tertu_ll,_adv:
2560 5233 2955 5304 Prax.,_capp.
2987 5228 3042 5295 2,
3073 5226 3127 5294 3,
3157 5225 3212 5304 ξ,

148 5292 574 5382 θάξξλξηργὶἔεη
608 5292 750 5382 tom.
786 5320 868 5382 [In],
903 5320 959 5382 p.
993 5303 1119 5382 698.
1155 5374 1169 5382 _
1280 5292 1290 5299 ⁷
1354 5375 1385 5382 Α
1440 5374 1456 5382 _
1579 5292 1594 5304 ’
1644 5376 1691 5382 __
1767 5292 1810 5382 ί
2135 5302 2327 5382 Cyprv
2362 5300 2463 5356 lib.
2496 5301 2571 5356 De
2589 5292 2943 5367 orat-Doni,
2973 5292 3120 5369 pag.
3159 5295 3286 5363 214,
3316 5293 3444 5363 215,
3478 5292 3572 5361 ed,

2089 5160 2106 5373 ἓ

226 5368 341 5443 (23)
374 5368 568 5445 ldem,
614 5373 773 5428 hom.
808 5368 864 5445 9,
904 5368 974 5430 in
1003 5370 1213 5443 Exod,
1245 5391 1303 5429 n.
1354 5375 1408 5444 3,
1440 5374 1599 5430 hom.
1635 5376 1722 5445 11,
1753 5377 1816 5431 in
1927 5368 2146 5430 no‘vis's.
2180 5368 2366 5428 Paris.

151 5436 413 5517 {tumin
443 5444 499 5512 8,
533 5436 595 5500 in
610 5446 753 5516 psal.
778 5436 966 5509 cx'uv,
999 5450 1056 5501 et
1112 5436 1212 5501 lib'.
1239 5448 1323 5509 lii,
1355 5436 1414 5501 in
1457 5446 1612 5503 Cant.
1644 5437 1814 5517 eant,
1997 5446 2111 5517 (29)
2138 5444 2429 5510 Ruinart.,
2460 5443 2591 5517 Acta
2622 5441 3040 5517 Martyr.,_pag.
3073 5438 3196 5505 492,

325 5513 472 5588 Opp.
499 5511 641 5573 toni.
675 5519 738 5589 i1,
773 5534 828 5589 p.
893 5519 1016 5587 163,
1049 5518 1176 5586 3l0,
1207 5518 1333 5583 843,
1379 5522 1436 5572 et
1464 5522 1605 5574 tom.
1638 5536 1724 5590 ιιι,
1758 5511 1815 5590 ρζ
1998 5511 2110 5590 (30⁷)
2143 5514 2478 5590 Baronlad
2498 5511 2829 5590 litartyrz'd.
2856 5511 3118 5590 30_l‘lov.,
3143 5512 3359 5590 notuit.

156 5582 276 5657 84:,
310 5656 339 5657 η
374 5578 391 5586 ’
414 5578 433 5588 ’
724 5578 737 5589 ’
773 5578 791 5589 .
1003 5578 1013 5587 ’
1164 5578 1175 5586 ’
1319 5578 1330 5583 ⁷
1704 5578 1722 5590 ’
1758 5578 1776 5590 ’
1999 5578 2112 5657 (31)
2146 5586 2294 5645 Bibl.
2326 5578 2432 5643 ΡῬ.
2483 5578 2682 5657 6οης]νὶ
2717 5584 2867 5641 Orat.
2932 5578 3138 5653 VenetL,
3170 5579 3318 5653 plut.
3350 5578 3418 5650 V,
3453 5580 3576 5636 not.

159 5654 349 5785 17(254)
379 5657 557 5717 Clem.
590 5658 704 5728 AL,
731 5659 960 5733 Strom.,
993 5659 1094 5718 lib.
1127 5677 1181 5730 ν,
1216 5677 1274 5733 p.
1304 5661 1431 5730 710,
1464 5661 1602 5718 edit.
1634 5662 1815 5720 Oxon.
1928 5654 2079 5730 E,'2.

1997 5447 2016 5660 ἓ
