4016 6222
462 386 617 447 I207

1278 375 1977 441 PRESBYTERORUM
2021 376 2124 435 ET
2168 375 2683 439 DIACONOHUM
2732 376 3053 440 ACHAUE

3660 388 3778 448 1208

525 515 673 580 Quid
707 512 921 587 quieris
948 511 977 568 ‘t
996 510 1181 569 Lectio
1211 510 1413 567 istbtsc
1444 527 1683 567 sensum
1742 525 1954 566 sanum
1981 523 2111 563 om-
2141 507 2194 573 A
2217 507 2432 579 jungat
2461 508 2739 580 Spiritum
2771 528 2805 567 a
2829 510 2970 566 Filio
2998 526 3301 581 nunquam
3325 512 3581 579 recedere;
3604 520 3656 570 ut
3678 534 3776 574 con-

458 604 597 661 nino
630 609 690 659 ot
710 601 1072 659 catholicum
1097 600 1309 657 habet:
1335 601 1549 672 quippe
1579 617 1704 670 quas
1736 597 1970 655 tametsi
2007 598 2119 652 La-

454 694 649 749 tinum
680 692 751 749 de
788 691 979 748 sancti
1011 689 1263 761 Spiritus
1286 688 1651 761 processione
1684 707 1716 743 a
1748 690 1911 743 Patre
1941 690 1993 742 et
2029 685 2118 740 Fi-

456 766 534 837 lio
558 782 775 852 dogma
800 796 917 835 non
939 778 1264 851 exprimat;
1289 782 1547 834 attamen
1567 794 1756 849 neque
1786 776 2119 832 Graecorum

456 872 719 925 errorem
751 870 821 924 de
867 868 1086 940 Spiritu
1122 871 1323 923 sancto
1354 884 1389 922 a
1427 867 1549 922 solo
1576 866 1742 921 Patre
1775 864 2119 937 procedente

460 958 578 1014 ullo
604 964 772 1030 pacto
798 957 1087 1013 insinuat.
1112 957 1500 1020 Quamobrem
1534 959 1735 1009 Patres
1767 953 1913 1008 Graei
1958 969 2115 1007 com-

460 1048 658 1121 plures
691 1047 956 1118 ejusdem
981 1044 1139 1101 modi
1171 1049 1271 1099 aut
1286 1043 1743 1115 affiniloquendi
1778 1042 2002 1097 ratione
2024 1040 2115 1096 usi

459 1136 813 1209 quandoque
831 1135 1553 1206 comperiuntur,quorum
1576 1130 1917 1187 testimonia
1940 1129 2118 1197 plera-

458 1241 572 1297 que
601 1223 894 1295 congessit
952 1223 1012 1277 in
1043 1223 1169 1277 suis
1198 1223 1531 1293 Epigraphis
1587 1221 1840 1277 Joannes
1889 1218 2113 1273 Veccus

454 1313 592 1386 (32).
624 1312 822 1383 Neque
853 1310 1021 1365 aliter
1073 1311 1255 1365 (ἂι-ωοὶ
1304 1308 1608 1365 orthodoxi
1641 1307 2013 1373 recentiores,
2046 1312 2113 1361 ut

458 1419 528 1457 ex
559 1398 926 1456 Constantini
956 1398 1318 1455 Meliteniotaa
1365 1397 1721 1454 Orationibus
1748 1395 1835 1452 vel
1866 1396 2111 1451 maxime

458 1490 517 1546 in
549 1493 825 1562 promptu
858 1492 947 1543 est
975 1487 1248 1560 colligere
1265 1488 1405 1557 (33).
1439 1486 1587 1553 Quin
1619 1492 1676 1541 et
1705 1484 1971 1541 nonnulli
2001 1486 2107 1541 Pa-

455 1583 575 1634 tres
609 1577 793 1633 Latini
826 1576 1179 1631 locutionem
1213 1575 1480 1631 eamdem
1509 1591 1824 1646 usurpasse
1856 1590 2106 1630 noscun-

456 1670 591 1734 tur;
625 1670 690 1721 ut
718 1666 868 1720 inter
890 1669 1127 1720 caeteros
1160 1664 1472 1735 Gregorius
1496 1664 1763 1735 Magnus,
1798 1662 1896 1732 qui
1922 1664 2105 1719 Dialo-

454 1771 649 1828 gorum
675 1754 777 1809 lib.
811 1770 875 1823 Il,
901 1769 1029 1824 cap.
1061 1753 1152 1821 38,
1198 1753 1369 1822 juxta
1395 1759 1652 1807 Graecam
1682 1752 1973 1807 Zacharias
2004 1768 2104 1822 pa-

2230 601 2511 652 sentanea
2539 599 2617 653 sit
2668 598 2871 667 illatio,
2904 599 3133 654 videtur
3190 599 3415 655 omnino
3442 600 3629 659 dixisse
3644 606 3776 677 Spiri-

2226 690 2352 740 tum
2381 702 2617 743 manere
2646 688 2705 743 in
2763 688 2905 744 Filio
2930 705 2944 756 ;
3002 687 3160 743 velut
3189 688 3455 743 nimirum
3496 690 3585 746 lib.
3612 693 3678 761 ui,
3704 696 3778 751 lo-

2227 775 2362 841 rat.,
2385 793 2443 830 n.
2476 777 2568 839 92,
2600 778 2696 831 ubi
2725 778 2986 849 loquitur
3014 778 3081 832 de
3114 778 3283 832 modo
3309 794 3415 848 quo
3445 778 3664 849 Spiritus
3683 800 3777 838 san-

2227 867 2361 919 ctus
2391 864 2449 919 in
2474 865 2653 933 justis
2685 866 2928 934 habitat,
2953 864 3348 921 concludendo
3377 866 3448 921 ait
3470 883 3483 920 :
3503 868 3781 926 Dissimiliter

2225 969 2351 1021 ergo
2382 955 2443 1008 in
2472 955 2569 1009 illo
2600 955 2784 1025 (Filio)
2815 959 3018 1022 manet,
3044 972 3078 1009 a
3107 971 3211 1025 quo
3240 971 3334 1024 per
3360 960 3591 1011 naturam
3616 975 3700 1013 non
3724 977 3781 1014 re-

2222 1042 2381 1097 cedit.
2414 1042 2737 1106 Quodcirca
2758 1044 3002 1098 dicendo
3026 1043 3085 1097 in
3107 1044 3623 1115 Dialogis,Spiritum
3644 1064 3697 1101 ex
3712 1049 3781 1103 Pa-

2222 1132 2309 1183 tre
2341 1130 2645 1199 procedere
2669 1134 2726 1184 et
2758 1130 2816 1184 in
2846 1129 2990 1185 Filio
3022 1146 3259 1184 manere
3292 1130 3594 1188 nullatenus
3616 1135 3782 1190 dissen-

2221 1216 2364 1271 serit
2392 1233 2426 1271 a
2456 1217 2664 1289 Vigilio
2695 1218 3000 1291 Tapsensi,
3033 1219 3133 1290 qui
3167 1219 3268 1274 lib.
3302 1236 3355 1273 x1
3403 1220 3469 1275 De
3491 1222 3671 1290 Trinit,
3696 1223 3781 1279 haec

2221 1306 2419 1362 omnia
2449 1306 2788 1378 complexus
2846 1308 3072 1363 fuerat:
3098 1310 3214 1376 Ego
3244 1308 3396 1363 credo
3430 1310 3611 1363 Filium
3636 1313 3680 1363 in
3704 1313 3779 1365 Ρα-

2216 1396 2322 1461 tre,
2352 1394 2564 1467 inquit,
2606 1402 2656 1451 et
2680 1399 2902 1452 Patrem
2946 1399 3001 1451 in
3032 1398 3196 1465 Filio,-
3228 1396 3485 1467 Spiritum
3511 1415 3782 1470 quoquemu-

2215 1488 2364 1539 ctum
2410 1484 2768 1541 Paractetum
2798 1487 2899 1557 qui
2927 1485 3173 1556 procedit
3204 1504 3239 1540 a
3290 1488 3463 1553 Patre,
3490 1490 3534 1542 et
3578 1490 3687 1543 Filii
3706 1506 3783 1543 esse

2214 1582 2268 1628 et
2296 1575 2500 1641 Patris,
2535 1576 2670 1646 quia
2698 1583 2752 1630 et
2807 1592 2843 1629 a
2872 1575 3021 1631 Filio
3076 1574 3341 1645 procedit.
3372 1576 3438 1629 Et
3485 1574 3632 1644 paulo
3657 1584 3780 1647 post:

2217 1661 2364 1730 Quod
2420 1663 2564 1718 idem
2619 1662 2867 1733 Spiritus
2917 1663 3056 1719 Filii
3078 1665 3170 1733 sit,
3218 1664 3411 1718 multis
3452 1663 3783 1735 Scripturarum

2213 1752 2540 1807 testimoniis
2586 1752 2973 1823 probavimus,
3005 1756 3053 1806 et
3085 1751 3226 1823 quod
3273 1754 3413 1807 totus
3438 1762 3628 1806 maneat
3651 1754 3696 1807 in
3718 1754 3782 1807 Fi-

456 1861 542 1916 pts
571 1843 895 1898 versionem
927 1841 1011 1897 sic
1035 1841 1152 1897 ait:
1186 1840 1424 1915 Φανερὸν
1459 1839 1549 1894 οὗν
1586 1840 1842 1915 ὑπάρχει,
1876 1838 1957 1894 ὅτι
1992 1845 2099 1894 Πα-

2222 1842 2329 1901 lio;
2358 1848 2410 1896 et
2436 1841 2577 1896 sicut
2603 1841 2853 1912 procedit
2881 1858 2915 1896 a
2945 1842 3048 1896 Deo
3103 1846 3286 1907 Patre,
3321 1844 3395 1895 ita
3424 1841 3652 1912 procedit
3674 1859 3700 1895 α
3718 1845 3785 1898 Εὐ

458 1928 722 2006 ράκλῃτον
758 1931 980 2002 Πνεῦμα
1025 1927 1086 1983 ἐκ
1133 1932 1231 1984 τοῦ
1282 1929 1493 2005 ΙΙατρὸς
1544 1930 1895 2004 προὲρχεται,
1930 1928 2018 1982 καὶ
2049 1928 2099 1982 ἐν

451 2020 533 2091 τῷ
562 2020 671 2091 Ι·ἱῷ
702 2015 963 2091 διαμένει.
992 2019 1054 2074 Id
1087 2023 1194 2086 est,
1218 2019 1269 2073 si
1308 2020 1550 2074 verbum
1580 2018 1754 2073 verbo
1784 2018 2101 2073 reddatur:

448 2111 806 2179 Manifestum
825 2116 904 2164 est
933 2110 1110 2176 igitur
1137 2107 1278 2178 quod
1319 2108 1638 2162 Paracletus
1666 2107 1905 2177 Spiritus
1934 2124 1968 2161 a
1995 2108 2102 2161 Pa-

445 2206 525 2254 tre
548 2196 810 2269 procedit,
844 2197 981 2251 etin
1011 2196 1150 2251 Filio
1177 2203 1480 2267 permanet.
1513 2196 1649 2260 Quae
1680 2200 1769 2250 est
1799 2194 2101 2267 ipsissima

446 2285 720 2359 Epistolas
752 2284 1011 2340 Achaicus
1042 2284 1354 2352 sententia,
1389 2285 1459 2339 de
1493 2300 1612 2355 qua
1642 2283 1913 2356 agimus:
1947 2286 2101 2355 quod

445 2375 687 2448 quidem
711 2373 932 2428 nemini
965 2373 1251 2428 hactenus
1285 2372 1780 2428 animadversum.

514 2464 712 2536 Neque
754 2478 883 2518 vero
922 2460 1038 2517 ullo
1074 2462 1244 2517 modo
1293 2462 1627 2517 audiendus
1684 2462 1779 2516 hic
1811 2466 1900 2517 est
1924 2462 2013 2533 (ut
2043 2462 2100 2517 id

444 2552 633 2610 obiter
663 2568 935 2607 moneam
964 2550 1218 2606 Jacobus
1249 2550 1598 2622 Basnagius,
1634 2550 1733 2621 qui
1762 2550 2100 2606 Zachariam

448 2640 783 2716 pontificem
811 2639 1015 2695 Latina
1041 2638 1299 2710 Gregorii
1334 2638 1355 2694 Ι
1388 2638 1583 2694 (ἳππωοθ
1612 2639 1974 2707 reddentem,
2006 2640 2105 2695 de-

450 2731 700 2786 cessoris
721 2728 813 2785 sui
844 2727 1199 2784 sententiam
1230 2727 1468 2799 penitus
1490 2728 1839 2784 immutasse
1867 2733 2105 2785 conten-

453 2819 576 2889 dit;
606 2819 845 2890 quique,
880 2817 1036 2889 quod
1070 2816 1304 2888 gravius
1327 2816 1521 2872 adhuc
1552 2820 1660 2883 est,
1694 2816 1889 2888 ipsum
1908 2818 2105 2885 etiam,

457 2907 507 2964 si
539 2907 653 2963 diis
676 2907 885 2978 placet,
911 2905 1245 2962 Graecorum
1277 2906 1697 2961 contribulium
1724 2923 1966 2961 suorum
1989 2907 2110 2978 opi-

462 2996 694 3053 nionem
718 2995 788 3051 de
810 2994 999 3051 sancti
1031 2994 1287 3066 Spiritus
1310 3012 1343 3051 a
1365 2993 1486 3050 solo
1516 2994 1688 3050 Patre
1717 2995 2109 3067 processione,

456 3084 730 3157 Gregorio
754 3084 963 3156 Magno
980 3088 1180 3139 contra
1201 3084 1331 3154 ejus
1353 3088 1611 3139 mentem
1633 3084 1703 3139 ad
1704 3086 1727 3154 j
1738 3084 2003 3140 udicasse
2024 3102 2112 3140 as-

456 3179 684 3232 severat
713 3173 847 3245 (34).
881 3174 952 3228 At
981 3171 1113 3242 quis
1143 3173 1383 3227 demum
1415 3172 1485 3228 de
1516 3172 1888 3229 sanctissimo
1921 3175 2110 3245 ponti-

2216 1927 2313 1996 tio,
2347 1932 2407 1985 ut
2459 1932 2571 1986 tota
2626 1931 2865 1985 Trinitas
2919 1946 3064 1985 unus
3100 1929 3360 1985 credatur
3389 1931 3534 1985 Deus.
3564 1930 3785 1985 Hactenus

2211 2018 2299 2073 vir
2326 2019 2727 2075 doctissimus.

2284 2107 2405 2162 VII.
2436 2110 2555 2180 Age
2586 2124 2764 2174 nunc,
2788 2108 2860 2164 ad
2896 2125 3075 2163 unam
3103 2108 3300 2163 adhuc
3331 2107 3686 2180 digrediamur
3709 2106 3784 2160 dif-

2214 2196 2536 2252 ﬁcultatem
2558 2197 2949 2265 enodandam,
2976 2213 3155 2269 super
3177 2198 3366 2269 [Egere
3387 2197 3559 2252 ofﬁcio
3580 2213 3635 2252 ac
3652 2196 3789 2267 digni-

2213 2288 2333 2341 tate
2360 2285 2730 2342 institutam:
2766 2302 2884 2358 qua
2939 2286 3178 2341 demum
3227 2302 3459 2352 excusa,
3490 2285 3554 2340 de
3602 2283 3786 2355 reliquis

2212 2373 2528 2430 levioribus
2556 2374 2738 2429 lector
2795 2374 3062 2430 eruditus
3111 2374 3409 2445 judicium
3458 2374 3605 2429 ferat.
3632 2372 3789 2427 Scribit

2215 2463 2581 2535 Sophronius
2601 2463 2735 2535 (37),
2759 2467 2824 2518 ut
2848 2463 3048 2530 fertur,
3072 2464 3130 2519 S.
3161 2465 3453 2519 Andream
3483 2464 3619 2518 cruci
3648 2461 3781 2515 fuisse

2216 2553 2496 2608 suffixum
2528 2550 2631 2605 ὑπὸ
2657 2555 2754 2605 τοῦ
2785 2550 2958 2624 Αἰγέα
2984 2554 3082 2604 τοῦ
3117 2549 3387 2627 βασιλέως
3409 2547 3716 2619 Ἐδεσσηνῶν,
3749 2551 3792 2602 ab

2217 2643 2391 2710 AEgea
2442 2643 2700 2713 praefecto
2763 2640 3177 2709 Edessenorum,
3238 2641 3545 2713 interprete
3598 2641 3789 2694 Erasmn.

2216 2729 2491 2802 Scaliger,
2544 2735 2804 2801 quantus
2833 2729 2958 2785 vir!
2996 2730 3247 2786 miratur
3278 2731 3412 2801 (38),
3446 2735 3653 2801 Egeam
3700 2744 3795 2798 pro-

2217 2818 2522 2874 consulem
2554 2820 2983 2875 Edessenorum
3042 2835 3237 2890 regem
3273 2820 3583 2891 Saphronio
3609 2817 3789 2879 dictum,

2219 2913 2527 2981 magteque
2553 2908 2797 2963 miratur
2822 2904 3047 2980 βασιλέα
3070 2910 3409 2980 praelectum
3444 2907 3608 2963 reddii
3629 2904 3795 2961 abEra-

2220 3013 2368 3053 smo.
2405 2996 2741 3052 Blondellus
2794 2997 2933 3052 item
2984 2998 3044 3052 in
3100 2998 3453 3053 omnimodae
3506 2996 3795 3065 antiquitatis

2220 3085 2597 3157 indagatione
2629 3085 2871 3141 rimator
2913 3085 3262 3152 acerrimus,
3299 3085 3441 3143 satis
3466 3086 3679 3140 ﬁdenter
3702 3097 3795 3151 sug-

2222 3175 2387 3248 gillat
2416 3180 2733 3242 auctorem,
2756 3190 2931 3245 quem
2965 3174 3142 3230 etiam
3166 3175 3331 3230 aliud
3355 3191 3525 3248 agens
3556 3178 3691 3246 putat
3707 3185 3796 3224 esse

458 3264 568 3319 tice
598 3239 776 3335 atque
806 3239 1298 3334 gravissimo,sibi
1322 3260 1431 3317 hoc
1460 3261 1518 3316 in
1550 3262 1814 3316 animum
1846 3239 2114 3318 inducat?
2145 3239 2187 3306 (ἶ
2223 3239 2862 3330 ᾗδθυάο-Βοτοῐὺέάω,
2886 3263 3028 3317 dum
3052 3263 3264 3320 scribit
3285 3239 3601 3335 (39)ipsuin
3627 3258 3792 3331 nugari.

459 3351 610 3409 Illud
644 3350 838 3423 potius
867 3349 1178 3406 dicendum
1213 3350 1383 3417 foret,
1415 3349 1465 3405 si
1498 3366 1558 3405 re
1588 3365 1723 3405 vera
1752 3350 1949 3406 Graeca
1984 3352 2112 3421 ejus

456 3441 647 3497 versio
679 3458 713 3496 a
746 3438 942 3494 Latino
972 3438 1234 3510 Gregorii
1293 3443 1454 3493 textu
1483 3438 1889 3509 discrepasset,
1922 3456 2050 3495 eam
2083 3457 2117 3495 a

460 3528 795 3585 Graecorum
819 3528 1013 3597 aliquo
1035 3528 1221 3582 fuisse
1244 3526 1382 3582 olim
1406 3531 1765 3599 corruptam;
1793 3529 2115 3598 praesertim

461 3634 596 3673 cum
628 3634 695 3673 eo
727 3617 966 3672 nomine
986 3616 1242 3671 Joannes
1275 3615 1696 3686 diaconusjam
1726 3616 1948 3670 dudum
1981 3634 2117 3672 con-

464 3711 707 3777 questus
740 3722 867 3761 esse
890 3706 1324 3776 noscatur(35).
1357 3708 1425 3763 At
1462 3704 1835 3760 verisimilior
1860 3706 2004 3760 mihi
2034 3707 2117 3761 vi-

464 3795 635 3851 detur
663 3795 772 3851 hac
796 3795 865 3850 de
885 3811 945 3851 re
969 3794 1043 3850 cl.
1071 3794 1375 3865 Lequienii
1402 3794 1893 3865 sententia,cujus
1922 3796 2117 3866 proin-

466 3884 539 3941 de
558 3885 734 3940 verba
755 3883 871 3939 huc
890 3884 1095 3939 afferre
1117 3900 1304 3954 operas
1322 3883 1575 3955 pretium
1596 3883 1743 3938 duco
1766 3884 1899 3955 (36):
1921 3885 2119 3950 «Quod

468 3976 715 4044 spectat,
749 3971 963 4043 inquit,
997 3972 1068 4027 ad
1128 3971 1412 4043 Gregoriii
1465 3969 1682 4038 locum,
1716 3971 1817 4043 qui
1874 3972 2121 4028 habetur

465 4059 571 4115 lib.
606 4077 647 4114 ιι
676 4060 887 4131 Dialog.
910 4060 1405 4131 cap.38,sincerus
1436 4059 1846 4132 dicam,magis
1866 4061 2121 4117 arridere

466 4148 777 4204 lectionem
809 4164 988 4219 quam
1024 4149 1253 4219 praefert
1282 4148 1479 4204 Graeca
1522 4148 1847 4204 translatio.
1880 4150 2122 4205 Latinus

468 4241 772 4293 contextus
830 4236 1045 4291 habet:
1108 4237 1244 4291 Cum
1275 4238 1423 4292 enim
1458 4241 1678 4305 constet,
1709 4239 1841 4309 quia
1864 4240 2123 4295 Paracle-

466 4333 554 4381 tus
583 4324 825 4397 Spiritus
851 4342 885 4380 a
916 4326 1078 4381 Patre
1132 4342 1348 4396 semper
1400 4326 1654 4397 procedat
1709 4335 1762 4383 et
1812 4327 2124 4395 Fitio;cur

466 4430 522 4471 se
552 4415 729 4470 Filius
758 4429 1101 4470 recessurum
1129 4415 1291 4481 dicit,
1347 4419 1412 4470 ut
1439 4416 1539 4471 ille
1566 4417 1754 4471 veniat
1784 4418 1882 4487 qui
1908 4434 1946 4472 a
1985 4418 2123 4474 Filio

467 4519 756 4574 nunquam
801 4503 1048 4559 recedit?
1076 4503 1274 4559 Graeca
1322 4519 1454 4559 vero
1498 4504 1840 4561 translatio:
1883 4506 2120 4581 Φανερὸν

2222 3354 2515 3408 Andream
2548 3352 2736 3407 Patris
2767 3352 2839 3407 ab
2869 3353 3045 3424 Egea
3071 3353 3505 3408 Edessenorum
3527 3346 3794 3422 rege(quasi

2184 3496 2189 3501 .
2224 3459 2294 3498 ex
2324 3440 2530 3497 ultimo
2579 3442 2799 3496 oriente
2828 3442 2888 3495 in
2915 3441 3194 3497 Achaiam
3227 3448 3524 3498 momento
3552 3435 3794 3495 transvola-

2225 3531 2394 3598 verit)
2425 3529 2792 3585 cruciﬁxum.
2821 3530 3111 3603 Scaligero
3161 3531 3416 3586 adhaesit
3440 3531 3596 3586 etiam
3619 3541 3793 3582 accurs-

2224 3619 2494 3675 tissimus
2524 3617 2933 3674 'l‘illemontius
2963 3620 3095 3691 (40):
3130 3636 3323 3691 eoque
3352 3620 3577 3675 nomine
3608 3619 3794 3687 Wcogus

2229 3709 2472 3779 insuper
2501 3708 2773 3762 eumdem
2796 3707 3190 3777 Sophronium
3216 3709 3372 3764 ridet
3401 3710 3529 3777 (41).
3559 3712 3751 3761 Caeteros
3769 3702 3799 3755 si

2229 3798 2328 3869 qui
2363 3802 2520 3866 sunt,
2558 3796 2713 3850 idem
2747 3795 3088 3864 sentientes,
3119 3798 3511 3868 praeterimus.

2304 3884 2464 3941 Dolet
2520 3884 2814 3939 enimvero
2869 3885 3024 3940 viros
3081 3886 3515 3942 eruditissimos
3557 3884 3654 3940 alia
3677 3878 3799 3935 multa

2229 3990 2363 4031 cum
2391 3974 2587 4029 animo
2615 3973 2926 4043 agitantes,
2951 3973 3095 4028 illud
3118 3975 3365 4030 demum
3397 3991 3507 4046 quo
3528 3974 3592 4027 de
3618 3971 3795 4041 agimus.

2231 4065 2373 4119 adeo
2404 4062 2797 4134 perfunctorie
2856 4062 3231 4133 expendisse.
3269 4064 3575 4133 Nimirum,
3604 4076 3696 4114 una
3716 4064 3797 4111 tan-

2229 4150 2356 4207 tum
2413 4151 2630 4206 Edessa
2688 4149 3120 4221 Mesopotamiae
3178 4152 3344 4219 urbs,
3378 4150 3531 4206 haud
3581 4149 3717 4218 longe
3753 4140 3798 4195 ab

2233 4240 2529 4312 Euphrate
2562 4239 2697 4305 sita,
2727 4238 2875 4311 ipsis
2905 4239 3368 4308 obversabatur;
3428 4246 3493 4295 ut
3520 4237 3720 4311 proinde
3740 4233 3805 4286 Sa

2234 4328 2545 4402 phronium
2576 4327 2643 4381 de
2686 4325 2786 4379 illa
2816 4325 2998 4381 fuisse
3028 4326 3291 4382 locutum
3324 4326 3713 4387 existimarint;
3738 4334 3804 4373 ne-

2235 4434 2346 4489 que
2378 4415 2623 4472 alterius
2653 4415 2883 4469 Edessa
2940 4415 3284 4482 meminere,
3313 4414 3648 4472 Macedoniae
3666 4422 3806 4479 regum

2235 4504 2532 4576 sepulcris
2550 4502 2739 4573 clarae,
2764 4502 3180 4574 celebrataeque
3201 4505 3261 4559 in
3288 4505 3498 4576 primis
3516 4500 3695 4559 Joanni
3716 4501 3811 4550 Can-

473 4589 565 4647 οὖν
599 4591 854 4666 ὑπάρχει,
889 4590 974 4645 ὅτι
1020 4592 1082 4646 τὸ
1113 4588 1479 4666 ΙΙαράκλητον
1535 4595 1757 4665 Πνεῦμα
1806 4592 1865 4648 ἐκ
1892 4598 1989 4648 τοῦ
2024 4598 2108 4651 Ila

2238 4601 2515 4651 tacuzeno
2547 4592 2681 4664 (42).
2720 4593 2794 4647 De
2826 4595 3072 4662 utraque
3102 4592 3273 4663 plura
3306 4611 3427 4665 prae
3457 4591 3656 4648 ceteris
3680 4590 3809 4658 Span-

471 4680 599 4754 τρὸς
655 4679 1008 4755 προέρχεται,
1070 4678 1160 4734 καὶ
1193 4678 1246 4735 ἐν
1276 4683 1356 4752 τῷ
1407 4680 1517 4753 Υὶῷ
1579 4677 1840 4754 διαμένει.
1900 4684 2124 4741 Constat

474 4772 648 4841 igitur
692 4769 837 4840 quod
891 4770 1129 4840 Spiritus
1164 4771 1483 4827 Paractetus
1519 4788 1593 4827 ea:
1634 4774 1808 4828 Patre
1860 4774 2121 4842 procedit,

474 4862 525 4915 et
555 4860 617 4913 in
634 4858 774 4914 Filio
797 4865 1001 4914 manet.
1022 4858 1167 4913 Cum
1191 4858 1507 4931 Gregorius
1526 4861 1969 4919 moxinferendo
1988 4862 2124 4919 sub-

545 4981 661 5059 (32)
688 4980 854 5036 Vecc.
887 4983 1041 5054 apud
1073 4982 1239 5037 Attat.
1301 4982 1470 5041 Graec.
1517 4986 1682 5053 orth.,
1718 4989 1859 5041 tom.
1894 4986 1961 5050 II,
1993 5002 2124 5059 pag.

474 5054 583 5109 550
612 5057 671 5109 et
700 5068 865 5124 seqq.

545 5125 661 5269 (33)
692 5124 973 5191 Melitam,
1002 5124 1163 5206 ibid,
1198 5142 1254 5195 p.
1285 5126 1392 5181 786
1414 5143 1576 5200 seqq.

571 5197 639 5251 34
694 5196 970 5267 Basnag.,
999 5213 1058 5250 in
1091 5196 1307 5253 Observ.
1330 5198 1402 5254 ad
1428 5199 1576 5255 Cani.

547 5196 661 5323 (3t4)
694 5196 970 5322 Basn8a8g.,
999 5196 1058 5250 in
1091 5196 1307 5253 Observ.
1330 5198 1402 5254 ad
1428 5196 1646 5256 Cdriisii
1675 5198 1846 5264 Thes.,
1878 5203 2022 5256 tom.
2058 5201 2127 5267 II,

478 5285 583 5341 par
620 5311 628 5320 .
666 5285 799 5341 1,7p.
913 5309 985 5341 .__

481 5412 667 5559 75(3g)
695 5480 997 5559 Lequien,
1041 5482 1603 5559 Dissgingascrl,
1635 5484 1664 5559 ἕ
1692 5486 1785 5553 23,
1818 5502 1875 5558 p.
1901 5485 1988 5541 11.

556 5553 674 5630 (ξῖ)
705 5553 914 5630 Sophr.
948 5554 1103 5630 apud
1166 5554 1386 5630 Fabric.
1420 5557 1565 5613 Bibl.
1601 5553 1974 5630 eccles.,'pag.
2003 5556 2129 5611 225.

558 5624 672 5695 (38)
728 5625 936 5697 Scalig.
996 5625 1251 5697 Animad.
1302 5628 1364 5683 in
1420 5629 1619 5685 Chron.
1666 5624 1861 5686 Euseb:
1889 5624 1962 5685 ad
1994 5645 2131 5685 ann.

489 5704 873 5765 MMCCGLxxiv,
887 5695 1040 5769 'pag.
1070 5695 1195 5753 256.

519 5341 663 5465 5(35)
691 5336 861 5395 Joan.
921 5336 1106 5404 Diac.,
1143 5341 1243 5395 Vit.
1291 5342 1351 5399 S.
1385 5341 1541 5414 Greg.
1589 5344 1724 5410 PP.,
1756 5342 1859 5399 lib.
1892 5359 1969 5411 ιν,
1999 5358 2129 5414 cap.

2231 4684 2462 4739 hemius
2500 4682 2642 4753 (43),
2676 4680 3029 4751 Lequienius
3076 4682 3193 4752 (44)
3223 4688 3281 4737 et
3312 4682 3564 4755 Bayerus
3613 4680 3719 4749 (45).
3741 4673 3809 4725 Vc-

2228 4768 2445 4829 tustior
2477 4774 2566 4825 est
2617 4774 2839 4835 autem,
2869 4768 3078 4825 saltem
3128 4771 3369 4827 nomine
3402 4776 3588 4837 tenus,
3621 4763 3809 4823 Macedo-

2234 4861 2332 4917 nia
2364 4860 2619 4915 Edessa:
2667 4862 2735 4912 ex
2784 4857 2893 4912 hac
2948 4858 3105 4913 enim
3166 4864 3508 4931 nuncupata
3552 4857 3647 4913 fuit
3687 4853 3807 4907 altera

2308 4984 2420 5053 (39)
2454 4982 2657 5037 Blond.
2686 4980 2806 5055 Lib.
2822 4980 2888 5036 de
2916 4981 3164 5055 episc._et
3191 4982 3375 5055 presb.
3413 4982 3562 5054 apud
3589 4980 3725 5036 Febr.
3757 4976 3806 5026 De

2236 5060 2333 5113 vit.
2364 5059 2410 5110 et
2442 5063 2601 5109 mort.
2636 5054 2853 5124 Moysis,
2886 5069 3019 5124 pag.
3051 5053 3175 5108 496.

2315 5129 2427 5196 (40)
2459 5126 2688 5181 'l‘illem.
2719 5116 3059 5199 Merra-ccci”
3093 5130 3243 5199 tom.
3270 5129 3313 5199 Ι,
3379 5142 3508 5199 pag.
3537 5124 3647 5194 320,
3674 5122 3759 5176 not
3776 5116 3804 5168 l.

2311 5195 2425 5267 (41)
2461 5201 2662 5269 Woog.
2695 5195 3022 5269 exercit.gii,
3058 5212 3190 5268 pag.
3226 5198 3349 5251 101.

2452 5254 2688 5351 Cantab.
2722 5269 2860 5323 Hist.
2914 5254 3020 5323 lib:
3059 5254 3267 5340 fixcap.
3298 5269 3398 5336 54,
3433 5268 3531 5323 lib.
3564 5284 3628 5334 1v,
3650 5278 3745 5333 cap.
3768 5254 3805 5310 19

2241 5342 2678 5485 Θιᾶἓξῃέραηὴ.
2727 5410 2801 5465 De
2829 5413 3023 5481 praest.
3055 5411 3346 5476 numism.,
3380 5416 3517 5467 tom.
3542 5415 3585 5477 1,
3613 5422 3711 5476 cap.
3732 5400 3805 5459 127,

2460 5553 2737 5625 Lequien.
2776 5551 3058 5625 0r.ACItr.,
3092 5556 3236 5608 tom.
3269 5553 3338 5619 II,
3373 5568 3506 5624 pag.
3543 5552 3624 5616 79,

2342 5558 2433 5623 44)
2460 5558 2737 5625 Lequien.
2776 5558 2871 5608 0r.
2906 5558 3058 5617 Chr.,
3092 5558 3236 5608 tom.
3269 5558 3338 5619 II,
3373 5568 3506 5624 pag.
3543 5558 3565 5603 Ἰ

2313 5558 2427 5701 (45)
2460 5627 2660 5683 Baver.
2690 5625 2830 5681 Hist.
2864 5623 3153 5696 0srhoen.,
3184 5641 3315 5697 pag.
3350 5625 3420 5679 13
3448 5640 3565 5695 seq,
