4016 6222
336 381 361 439 1
374 380 490 441 209

999 377 1382 440 EPISTOLA
1426 380 1528 439 DE
1574 378 1988 439 MARTYRIO
2033 377 2098 436 S.
2144 376 2515 437 ANDRE/E.
2550 409 2625 419 -—
2659 372 3071 435 PROOEMIA.

3587 369 3742 428 1210

333 511 391 568 in
424 512 659 583 regione
689 510 1043 567 Osrhoenica
1074 512 1263 583 posita
1294 529 1441 584 qua,
1466 516 1611 568 teste
1639 510 1817 566 Plinio
1838 510 1972 582 (46),
2007 512 2061 576 Α
2088 508 2380 565 vocavit.»
2439 508 2669 565 Justino
2729 506 2984 563 concinit
3041 502 3289 569 Plinius,
3351 502 3503 574 apud
3562 518 3733 577 quem

333 593 633 665 quondam
660 590 968 646 Antiochia
999 591 1323 662 dicebatur,
1360 597 1531 663 atque
1565 608 1598 646 ιι
1645 592 1802 647 fonte
1848 607 1973 663 per-

332 680 545 737 lucidis
581 680 756 735 undis
784 679 904 735 illic
937 680 1172 748 fluente,
1231 680 1583 735 Callirrhoe:
1650 694 1979 750 nomenque

337 770 562 826 Edessa
583 768 834 824 inditum
850 768 1035 823 eidem
1053 769 1233 823 fuisse
1250 768 1585 839 perhibetur
1605 785 1637 822 a
1655 766 1980 823 Macedoni-

336 860 445 914 bus
463 862 778 929 postquam
799 857 869 912 ab
884 855 1194 911 Alexandri
1219 857 1293 913 M.
1313 857 1678 928 temporibus
1713 860 1851 911 sunt
1880 854 1980 910 illa

336 948 655 1020 potiti.Non
678 951 765 1001 est
797 946 977 1017 igitur
1006 962 1110 1000 cur
1140 946 1195 1000 in
1233 946 1506 1001 ultimum
1530 946 1813 1002 orientem
1844 961 1977 1000 cum

335 1035 629 1092 Blondello
671 1035 1088 1107 transmigrare
1127 1052 1425 1107 cogamur,
1454 1040 1518 1090 ut
1548 1033 1858 1107 Sophronii
1886 1034 1977 1089 2E-

332 1141 498 1198 geam
515 1125 803 1180 Edesseno
814 1141 940 1179 rum
955 1141 1147 1195 regem
1165 1124 1807 1181 invisamus.Discimus
1823 1124 1977 1179 enim

335 1231 403 1270 ex
423 1213 1037 1284 Tacito(47)Achaiam
1060 1218 1115 1269 et
1146 1214 1544 1270 Macedoniam
1577 1213 1821 1285 imperio
1854 1228 1979 1285 pro-

335 1303 627 1360 consulari
660 1302 841 1358 fuisse
872 1303 1338 1374 subjectae.Hinc
1370 1304 1562 1375 itaque
1586 1303 1785 1358 mirari
1820 1302 1975 1357 haud

334 1394 490 1448 subit
523 1392 883 1464 ἄξεσθαι,ᾳυὶ
918 1393 1099 1447 fertur
1127 1392 1438 1464 proconsul
1470 1392 1719 1460 Achaia,
1752 1391 1976 1447 censeri

332 1488 389 1537 et
420 1482 647 1537 Edessa
672 1480 1051 1537 Macedonica
1083 1498 1276 1553 regem
1301 1484 1581 1554 ;adeoque
1603 1482 1674 1537 ab
1702 1482 1809 1537 hac
1834 1481 1975 1536 urbe

331 1570 685 1643 digressum,
711 1572 905 1626 Patras
937 1570 1175 1627 Achaas
1207 1572 1552 1643 perrexisse,
1586 1576 1651 1626 ut
1709 1570 1976 1643 perhibet

328 1658 584 1730 Epistola
615 1664 836 1715 nostra.
864 1659 1235 1716 Proconsulis
1270 1677 1522 1733 namque
1557 1660 1724 1715 sedes
1756 1660 1975 1715 Edessa

326 1748 573 1804 fortasse
628 1748 802 1803 fuerit
861 1765 1107 1820 eamque
1168 1749 1488 1821 respexerit
1558 1748 1969 1820 Sophronius;

2087 599 2340 654 occurrit
2370 600 2519 670 (51):
2562 619 2581 647 ι
2616 597 2896 670 oppidum
2928 595 3087 666 IEge,
3110 594 3167 647 in
3200 610 3312 664 quo
3347 610 3469 647 mos
3500 591 3728 663 sepeliri

2088 704 2251 759 reges
2288 711 2314 736 »
2348 688 2753 743 Macedonum.
2792 686 3068 739 Edessam
3100 682 3294 753 itaque
3327 681 3612 738 habemus
3670 680 3729 735 in

2088 776 2425 831 Macedonia
2462 778 2655 843 sitam,
2693 774 3087 846 primitusque
3147 774 3408 825 vocatam
3468 769 3727 841 zEgeam.

2089 867 2221 931 Qua
2254 867 2492 937 quidem
2528 867 2688 934 urbs,
2722 862 2926 917 Vossio
2963 864 3234 915 monente
3267 860 3401 926 (5‘2),
3428 858 3730 929 scriptori-

2089 956 2199 1010 bus
2231 956 2444 1011 Gracis
2481 954 2697 1009 dicitur
2746 948 2928 1024 Αἶγαὶ,
2968 946 3159 1023 Δίγαία
3210 953 3266 1003 et
3315 944 3497 1021 A’i’yeia
3531 962 3543 1001 :
3580 946 3737 1001 unde

2089 1042 2294 1105 ἦθνικόν
2329 1049 2419 1099 est
2448 1041 2771 1111 Αἷγαιάτης,
2805 1039 2890 1095 vel
2925 1036 3239 1111 Αἷγειάτης.
3276 1037 3401 1092 Haec
3432 1052 3562 1091 vero
3594 1035 3736 1090 dum

2088 1133 2300 1199 recolo,
2327 1133 2495 1187 varia
2531 1131 2672 1187 mihi
2706 1131 2957 1186 suborta
2981 1128 3368 1198 suspiciones.
3403 1126 3545 1181 Cum
3581 1125 3739 1179 enim

2088 1222 2346 1278 noverim
2380 1222 2682 1293 proprium
2709 1216 3071 1291 proconsulis
3104 1233 3316 1271 nomen
3342 1215 3455 1270 sub
3480 1230 3593 1285 quo
3614 1230 3739 1285 pas-

2088 1328 2189 1367 sus
2222 1311 2559 1383 perhibetur
2579 1312 2631 1365 S.
2665 1304 3341 1374 Andreas,diversimode
3372 1304 3524 1374 apud
3544 1300 3736 1357 Eccle-

2084 1400 2183 1456 sia
2241 1403 2557 1471 scriptores
2609 1398 2849 1463 efferri;
2937 1395 3067 1451 aliis
3156 1410 3412 1464 namque
3495 1394 3735 1447 vocatur

2086 1486 2282 1562 Δῖγὲας
2315 1489 2447 1559 (53),
2479 1486 2609 1541 aliis
2641 1502 2771 1540 vero
2798 1482 3098 1557 Αἱγαιάτης
3132 1483 3252 1551 (54)
3279 1499 3289 1537 :
3326 1480 3464 1552 quid
3492 1481 3732 1535 demum

2083 1595 2152 1634 ea
2171 1578 2242 1633 de
2255 1577 2531 1634 varietate
2555 1575 2887 1644 augurabar
2908 1572 3101 1626 dicere
3126 1570 3306 1625 lubet.
3333 1568 3733 1640 Sophronium

2083 1666 2382 1729 nimirum,
2415 1666 2535 1719 sive
2568 1663 2907 1733 scriptorem
2950 1659 3329 1715 vetustiorem
3360 1674 3536 1728 quem
3579 1656 3733 1728 ipse-

2082 1760 2200 1812 met
2231 1759 2465 1811 secutus
2517 1752 2712 1815 fuerit,
2774 1751 3010 1805 nomine
3072 1746 3443 1820 proconsulis
3502 1744 3735 1818 proprio

326 1837 584 1893 Ecclesia
614 1854 744 1893 vero
774 1837 1025 1894 Achaica
1056 1838 1111 1892 in
1144 1838 1422 1909 Epistola,
1460 1855 1573 1893 non
1633 1839 1790 1894 sedis
1840 1839 1968 1911 qui-

2094 1844 2393 1918 praterito,
2454 1839 2793 1912 hujusmodi
2854 1838 3048 1905 verba,
3111 1836 3213 1889 ὑπὸ
3284 1839 3379 1888 τοῦ
3465 1831 3734 1909 βασιλέως

324 1926 455 1981 dem
488 1926 701 1992 locum,
736 1927 837 1981 sed
873 1943 1089 1981 munus
1121 1945 1235 1998 quo
1258 1929 1391 1983 etin
1415 1927 1642 1983 Achaia
1676 1926 1969 2000 provincia

322 2015 673 2087 fungebatur
695 2020 1028 2087 proconsul,
1066 2017 1396 2073 attenderit.

389 2121 585 2193 Neque
615 2138 747 2177 vero
779 2122 911 2193 quis
945 2126 1111 2194 putet
1142 2124 1311 2178 anxio
1341 2124 1537 2179 animo
1574 2140 1681 2181 nos
1712 2140 1841 2180 esse
1870 2129 1971 2181 aut

319 2208 587 2274 sollicito,
610 2211 763 2281 quod
798 2211 1031 2283 {Egeam
1061 2210 1286 2284 βασιλέα
1308 2212 1673 2284 Sephronius
1695 2214 1967 2285 appellet.

319 2299 482 2354 Haud
513 2299 670 2355 enim
705 2317 820 2355 una
850 2317 977 2355 esse
1011 2300 1188 2372 hujus
1220 2302 1373 2357 vocis
1407 2302 1756 2373 significatio
1811 2320 1969 2359 eom-

323 2388 572 2459 peritur;
609 2405 796 2461 neque
828 2389 930 2445 illa
961 2390 1198 2445 demum
1234 2392 1559 2446 abutuntur
1581 2393 1795 2447 vetusti
1828 2393 1968 2449 seri-

322 2483 539 2550 ptores,
587 2496 703 2551 quo
759 2497 944 2551 regem
1000 2487 1341 2538 constanter
1399 2482 1723 2555 exprimere
1769 2485 1971 2555 velint,

322 2571 387 2623 ut
418 2584 485 2623 ex
517 2569 778 2640 antiquis
841 2571 1289 2643 Lexicographis
1344 2571 1548 2643 liquet.
1610 2572 1967 2646 Hesychius:

322 2654 592 2728 Βασιλεῖς,
646 2656 698 2709 οἱ
742 2653 1009 2712 δικασταί·
1072 2659 1217 2734 παρᾶ
1264 2656 1564 2733 Ἡροδότῳ,
1618 2660 1668 2714 οἱ
1730 2661 1971 2737 βασιλεῖς

323 2743 637 2819 παράνομον
671 2744 1019 2821 ἐργαζομένῳ
1053 2746 1476 2821 ἐναντιούμενοι.
1510 2752 1592 2809 Ad
1654 2768 1829 2823 quem
1888 2754 1971 2809 lo-

324 2849 457 2889 cum
490 2833 660 2906 plura
682 2836 908 2891 erudite
938 2838 1195 2893 Joannes
1226 2838 1446 2893 Alberti
1506 2840 1642 2911 (48).
1703 2840 1974 2897 Phavori-

324 2939 437 2978 nus
486 2923 626 2979 item
682 2922 1007 2993 εΒασιλῆας
1054 2923 1201 3000 λέγει
1251 2924 1496 2988 Ἡσίοδος
1540 2925 1667 2989 τοὺς
1720 2925 1973 2991 δικαστὰς

322 3008 410 3063 καὶ
440 3008 570 3073 τοὺς
598 3008 891 3087 ἄρχοντας.
926 3012 1080 3068 Οὕτω
1112 3015 1214 3089 γὰρ
1254 3014 1446 3076 αὐτοὺς
1488 3014 1713 3071 ἐκάλουν
1768 3018 1820 3071 οἱ
1868 3038 1972 3072 πα-

326 3095 495 3164 λαιοὶ,
552 3098 626 3161 ὡς
677 3101 945 3176 Ὅμηρός·
1002 3101 1153 3159 Ἀλλ’
1208 3101 1331 3172 ἦτοι
1409 3104 1668 3180 βασιλῆες
1736 3106 1974 3182 Ἀχαιῶν

326 3186 426 3241 εἱσι
458 3187 546 3241 καὶ
606 3186 793 3247 ἄλλοι.
854 3194 987 3257 Qua
1044 3194 1285 3265 quidem
1342 3194 1575 3250 Homeri
1631 3196 1803 3252 verba
1858 3196 1970 3269 (49)

330 3276 455 3332 loco
477 3279 546 3332 de
579 3294 695 3349 quo
720 3280 972 3352 agimus,
1005 3282 1148 3337 mire
1182 3283 1468 3353 quadrare
1499 3301 1669 3339 nemo
1727 3301 1841 3340 non
1894 3286 1976 3340 vi-

322 3366 438 3422 det.
474 3366 753 3423 Eamdem
788 3370 848 3425 in
886 3370 1241 3426 sententiam
1274 3375 1614 3428 Maussacus
1648 3390 1884 3446 quoque
1915 3375 1986 3430 ad

333 3457 851 3526 Harpocrationcm
890 3476 943 3515 v.
979 3456 1243 3528 Βασιλικὴ
1280 3456 1574 3535 διαδρομή,
1609 3480 1793 3519 unum
1824 3480 1854 3519 e
1886 3480 1988 3519 no-

338 3561 464 3599 vem
497 3546 943 3617 magistratibus
1003 3548 1460 3606 Atheniensibus
1523 3548 1749 3625 βασιλὲα
1811 3551 1991 3609 fuisse

332 3641 372 3675 Δ
392 3638 645 3705 ocatum,
679 3655 740 3693 se
770 3637 946 3694 latius
974 3638 1279 3694 docturum
1312 3639 1661 3711 promiserat
1688 3644 1993 3712 νν.Θεσμο·

334 3716 483 3776 Θέται
517 3722 909 3799 Πολέμαρχος,
939 3727 1093 3797 quod
1127 3730 1322 3781 tamen
1381 3726 1471 3781 sui
1532 3726 1770 3794 oblitus,
1830 3726 1983 3783 baud

332 3813 622 3882 prastitit.
661 3814 806 3869 llinc
829 3830 967 3887 ergo
999 3814 1220 3886 liquido
1243 3819 1484 3887 apparet
1508 3814 1798 3870 immerito
1819 3817 1987 3889 argui

332 3900 642 3956 Erasmum
665 3919 731 3957 eo
764 3903 1021 3972 nomine,
1057 3904 1210 3975 quod
1246 3901 1469 3978 βασιλέα
1501 3903 1810 3975 Sophronii
1838 3919 1987 3977 prx-

327 3990 533 4057 fectum
566 3991 904 4046 reddiderit.

396 4094 611 4151 Verum
634 4097 692 4152 in
733 4096 846 4153 isto
876 4097 1281 4169 Sophroniano
1314 4099 1437 4155 loco
1472 4097 1834 4155 enucleando
1868 4100 1979 4157 im-

323 4184 537 4240 morari
563 4185 753 4241 adhuc
786 4204 1103 4259 parumper
1129 4186 1319 4243 liceat.
1355 4188 1534 4244 Nobis
1563 4188 1843 4245 nimirum
1867 4188 1984 4245 dis-

324 4272 686 4329 cutientibus
739 4274 1047 4346 Sophronii
1110 4277 1304 4345 verba,
1366 4278 1552 4348 deque
1611 4277 1981 4334 Macedonica

324 4361 546 4417 Edessa
575 4361 675 4417 illa
705 4380 833 4419 esse
865 4364 1205 4436 accipienda
1255 4366 1431 4436 probe
1490 4365 1977 4437 intelligentibus,

326 4448 469 4504 illud
503 4450 678 4506 etiam
700 4452 871 4522 Trogi
903 4452 1164 4523 Pompeii
1193 4454 1346 4524 apud
1379 4453 1682 4508 Justinum
1726 4455 1837 4521 (50)
1867 4470 1974 4525 op-

2079 1930 2434 2000 Ἐδεσσηνῶν,
2468 1929 2873 1986 tantummodo
2907 1927 3117 1982 litteris
3162 1926 3357 1997 primo
3420 1923 3732 1979 tradidisse

2078 2024 2358 2097 putabam
2384 2037 2579 2093 ;quem
2616 2016 3066 2091 quidemlocum
3088 2031 3157 2070 ne
3187 2014 3319 2085 quis
3365 2012 3734 2084 acciperetde

2079 2110 2434 2168 Osrhoenica
2464 2108 2697 2169 Edessa.
2723 2107 2811 2161 vir
2842 2104 3056 2177 aliquis
3089 2102 3355 2159 eruditus
3380 2100 3599 2156 codicis
3630 2100 3733 2157 So-

2078 2198 2386 2273 phroniani
2418 2214 2528 2252 ora
2561 2195 2821 2251 alleverit
2851 2199 3014 2249 vetus
3051 2193 3215 2248 urbis
3249 2206 3459 2247 nomen
3506 2187 3731 2262 Αἶγαεα,

2080 2290 2333 2360 indeque
2360 2288 2675 2341 formatum
2709 2280 3247 2358 εθιιὶὶιθΔίγαιάτηςο
3286 2296 3531 2352 quorum
3554 2294 3737 2334 unum

2080 2377 2401 2435 alterumve
2434 2380 2630 2449 postea
2659 2374 2933 2429 librarius
2965 2372 3239 2427 indoctus
3284 2386 3313 2424 e
3360 2374 3517 2423 textu
3576 2368 3733 2423 exci-

2081 2468 2237 2523 disse
2258 2465 2598 2537 conjiciens,
2636 2464 2898 2534 adeoque
2930 2460 3040 2533 ipsi
3092 2459 3474 2515 intexendum
3532 2456 3736 2513 existi-

2081 2573 2270 2621 mans,
2312 2552 2680 2625 exscripserit
2743 2568 2964 2624 suoque
2996 2548 3311 2621 exemplari
3373 2546 3721 2602 inseruerit:

2083 2648 2253 2716 atque
2284 2645 2363 2699 ita
2392 2644 2664 2714 deinceps
2699 2640 2856 2695 velut
2912 2640 3213 2711 proprium
3262 2635 3511 2709 praefecti
3567 2634 3729 2689 urbis

2084 2750 2293 2790 nomen
2322 2732 2668 2801 habitum,a
2721 2729 2961 2801 reliquis
3015 2728 3288 2799 deinceps
3348 2724 3733 2798 scriptoribus

2088 2822 2261 2877 fuerit
2292 2821 2541 2876 subinde
2572 2823 2921 2891 usurpatum
2950 2835 2962 2885 ;
2994 2817 3145 2873 unde
3169 2816 3403 2871 tandem
3434 2815 3492 2869 in
3525 2817 3735 2869 nostra

2082 2928 2315 2984 quoque
2352 2909 2622 2982 Epistola
2668 2908 2926 2963 Achaica
2986 2905 3343 2978 exemplaria
3400 2902 3733 2959 dimanarit.

2162 3041 2235 3091 At
2264 3037 2371 3091 hoc
2396 3037 2635 3090 demum
2670 3039 2759 3088 est
2779 3031 3233 3087 hariolariJllud
3268 3030 3461 3101 potius
3497 3029 3739 3083 fortasse

2084 3126 2422 3191 dicendum,
2478 3124 2712 3193 [Egeam
2758 3122 2996 3192 quidem
3048 3121 3228 3175 fuisse
3287 3123 3554 3175 vocatum
3633 3117 3735 3189 qui

2008 3241 2050 3308 ρ
2088 3217 2314 3271 Edessa
2346 3231 2411 3269 ac
2444 3212 2635 3268 Patris
2664 3211 2959 3282 prafuerit
2986 3228 2998 3277 ;
3034 3213 3435 3264 verumtamen
3468 3225 3583 3263 non
3608 3207 3736 3262 ideo

2099 3305 2296 3361 statim
2330 3301 2568 3373 colligas
2597 3300 2771 3355 velim
2795 3299 2991 3370 ipsum
3022 3302 3192 3369 gente
3223 3296 3405 3352 fuisse
3451 3300 3737 3367 Gracum,

2100 3410 2214 3449 non
2249 3393 2615 3455 Romanum;
2650 3389 2905 3458 adeoque
2937 3383 3302 3457 proconsulis
3335 3389 3435 3439 aut
3479 3384 3738 3439 consulis
3818 3418 3819 3423 η

2099 3498 2317 3537 munus
2348 3480 2533 3535 eidem
2563 3479 2668 3533 rite
2690 3477 2937 3532 conferri
2968 3475 3122 3530 haud
3154 3474 3740 3545 potuisse.Romanos

2099 3571 2253 3625 enim
2274 3569 2625 3640 quandoque
2643 3566 2713 3620 ab
2731 3565 3045 3620 urbibuset
3065 3562 3293 3635 pepulis
3311 3562 3547 3616 nomina
3568 3578 3675 3616 usu
3688 3579 3740 3615 r-

2100 3676 2289 3731 passe,
2325 3673 2511 3728 neque
2533 3656 2707 3711 etiam
2730 3671 2764 3710 a
2793 3653 3243 3725 cognominibus
3266 3650 3477 3706 Gracia
3510 3650 3619 3705 sibi
3643 3668 3735 3706 as-

2097 3747 2381 3804 eiscendis
2403 3743 2913 3813 abhorruisse,viri
2936 3740 3258 3796 doctissimi
3294 3739 3539 3795 Ursinus
3599 3740 3735 3809 (55),

2095 3834 2409 3892 Panvinius
2440 3835 2550 3907 (56)
2582 3839 2638 3888 et
2666 3831 2935 3903 Sigonius
2955 3830 3335 3902 prodiderunt
3362 3846 3373 3883 :
3401 3833 3465 3883 ut
3497 3829 3736 3898 proinde

2094 3926 2166 3981 ab
2202 3927 2373 3996 (Egeo.
2417 3923 2537 3979 sive
2573 3923 2643 3977 ab
2666 3922 2935 3989 Egeatis,
2973 3918 3477 3973 Macedonicorum
3511 3919 3745 3973 Edesse-

2100 4031 2312 4071 norum
2345 4012 2486 4068 urbe
2509 4028 2574 4067 ac
2606 4008 3059 4081 populo,IEgeas
3081 4006 3218 4062 item
3242 4013 3438 4062 noster
3457 4004 3739 4077 appellari

2092 4102 2369 4175 potuerit.
2419 4101 2478 4157 Si
2511 4099 2643 4171 quis
2672 4114 2804 4153 vero
2826 4113 2961 4152 eum
2993 4095 3173 4151 fuisse
3228 4094 3450 4165 origine
3479 4098 3741 4155 Graeum

2090 4192 2403 4248 contendat
2427 4215 2441 4257 ;
2475 4188 2629 4261 quod
2657 4202 2796 4243 sane
2825 4186 3020 4241 fratris
3042 4185 3394 4255 ejusnomen
3417 4182 3516 4255 qui
3549 4184 3737 4239 Strac-

2088 4281 2268 4337 tocles
2300 4279 2481 4347 audit,
2519 4278 2765 4333 suadere
2796 4276 3025 4331 videtur
3053 4292 3067 4343 ;
3093 4273 3248 4329 haud
3272 4272 3540 4345 equidem
3566 4289 3736 4343 repu-

2086 4368 2415 4441 gnaverim.
2444 4366 2638 4437 Neque
2678 4365 2834 4420 enim
2885 4364 3123 4418 domum
3182 4362 3442 4418 insolens
3503 4361 3738 4415 urbium

2086 4457 2349 4528 regimen
2381 4460 2437 4510 et
2451 4454 2666 4510 Gracia
2689 4451 2998 4508 tradidisse
3010 4455 3397 4515 Romanos,ut
3413 4465 3442 4503 e
3480 4449 3740 4503 nummis

327 4543 575 4609 portune
608 4540 899 4595 succurrit
932 4557 944 4595 :
975 4563 1002 4591 ‹‹
1035 4542 1316 4607 Caranus,
1354 4541 1564 4612 inquit,
1599 4558 1732 4596 cum
1765 4558 1976 4613 magna
2014 4609 2046 4616 _
2088 4544 2347 4616 antiquis
2379 4543 2598 4613 liquet:
2634 4559 2664 4597 e
2696 4540 2913 4612 quibus
2966 4538 3251 4593 discimus
3313 4538 3422 4607 (57)
3484 4536 3734 4591 Aristar-

326 4625 1321 4695 multitudineGracorum,sedesin
1350 4609 1686 4685 Macedonia
1703 4609 1981 4701 respohso
2010 4609 2056 4674 Β
2089 4609 2265 4687 chum
2296 4609 3005 4697 Daiiionis,Metrodorum
3040 4624 3740 4694 Meneclis,Nicostratum

325 4714 542 4769 oraculi
570 4717 778 4787 jussus
802 4733 1083 4788 quaerere,
1117 4734 1251 4773 cum
1288 4718 1345 4772 in
1360 4718 1979 4789 Emathiamvenisset,

327 4803 534 4858 urbem
566 4806 845 4861 Edessam
879 4806 1205 4878 occupavit.
1246 4807 1405 4861 Hanc
1432 4811 1629 4863 autem
1663 4807 1869 4863 urbem
1906 4809 1979 4863 ob

328 4892 675 4949 memoriam
711 4895 998 4964 muneris,
1048 4896 1299 4967 1Egeas;
1351 4896 1657 4967 pepulum,
1714 4896 1981 4969 [Egestas

399 5121 513 5198 (46)
546 5122 694 5198 Plin.
728 5126 893 5191 Hist,
926 5124 1135 5198 lib.iv,
1176 5142 1301 5198 cap.
1332 5127 1421 5181 25.

402 5195 514 5270 (47)
545 5195 725 5270 'l‘acit.
752 5198 980 5270 Annal,
1005 5196 1113 5270 lib.
1148 5215 1185 5266 ι,
1220 5195 1386 5270 capp.
1418 5198 1507 5266 76,
1542 5197 1631 5251 80.

402 5266 514 5342 (48)
545 5266 671 5323 Alb.
707 5269 785 5342 ad_
816 5266 1077 5342 (Issi/ciu,
1105 5273 1249 5342 tom.
1285 5266 1490 5342 prag.
1526 5270 1650 5325 699.

411 5340 523 5412 (49)
548 5342 729 5412 llam.
752 5339 965 5412 0dyss.,
985 5342 1063 5412 _A,
1095 5340 1220 5396 394.

422 5411 512 5477 50)
536 5409 753 5466 Justin.
788 5409 957 5475 Hist,
983 5410 1085 5467 lib.
1121 5429 1221 5477 vii,
1257 5427 1384 5477 cap.
1434 5413 1482 5469 1.

422 5416 490 5467 50
536 5416 753 5466 Justin.
788 5416 953 5475 Hist,
983 5416 1085 5467 lib.
1121 5429 1221 5477 vii,
1257 5427 1322 5466 ca
1372 5452 1382 5466 .

401 5416 512 5553 (511
546 5480 691 5554 Plin.
725 5484 893 5552 ΗΜ,
924 5482 1025 5539 lib.
1062 5499 1136 5550 ιν,
1170 5499 1297 5554 cap.

407 5554 524 5628 (52)
551 5553 719 5610 Voss.
746 5555 816 5610 ad
846 5555 1034 5627 Pomp.
1070 5554 1210 5622 Μαίη
1245 5553 1362 5610 lib.
1425 5571 1486 5627 ιι,
1546 5571 1669 5627 cap.
1731 5556 1783 5624 3,
1845 5572 1977 5629 pag.

345 5628 469 5685 140.
501 5626 640 5682 edit.
676 5626 726 5680 1.

456 5667 469 5690 ,
501 5641 640 5682 θαιι.
676 5641 726 5680 1.

413 5697 533 5773 (53)
564 5696 878 5771 Sephron.,
907 5698 1061 5770 apud
1095 5697 1322 5757 Fabric.
1382 5697 1519 5754 Bibl.
1570 5698 1779 5768 θεοῖσι,
1835 5714 1972 5772 pag.

2090 4720 2404 4777 Callistrati
2435 4724 2491 4775 et
2521 4716 2921 4773 {Eschrionem
2961 4714 3133 4787 Lysia
3174 4712 3344 4780 filios,
3373 4713 3735 4768 Patrensium

2090 4814 2363 4882 pratores
2395 4809 2597 4863 fuisse.
2633 4807 2741 4870 Qui
2771 4821 2907 4877 ergo
2957 4806 3202 4876 praerat
3262 4803 3487 4857 Edessa
3538 4807 3738 4857 noster

2088 4899 2316 4971 ngeas,
2349 4898 2653 4953 Patrarum
2708 4910 2941 4967 quoque
3001 4892 3555 4964 prafectuscfuerit,
3614 4907 3729 4946 non

2088 5129 2215 5192 225.
2249 5127 2369 5184 alii.

2161 5190 2276 5270 (5t)
2336 5196 2544 5270 Μειηοί.Δ
2590 5196 2773 5270 Graec.
2818 5194 3027 5270 _Basil.,
3077 5197 3235 5270 part.
3308 5210 3358 5270 1,_
3406 5208 3537 5270 pag.
3586 5190 3732 5259 231;

2092 5264 2589 5328 Pseudo-Doroth.
2627 5268 2778 5340 apud
2807 5266 3012 5340 Cang.,
3064 5264 3259 5319 Chron.
3286 5264 3541 5340 fascia,
3599 5278 3731 5333 pag.

2093 5346 2234 5411 435;
2267 5341 2504 5411 Niceph.
2540 5335 2680 5395 ΙΙίδιῖ
2705 5339 2857 5411 cecl.,
2882 5335 2992 5411 lib.
3029 5354 3089 5407 ii,
3124 5335 3371 5411 cap._39,

2183 5364 2234 5411 ›;
2267 5360 2401 5398 ruce
2449 5360 2504 5395 n.
2540 5360 2676 5395 mss.
2705 5360 2857 5405 ecca,
2893 5360 2992 5391 ιιυ.
3030 5360 3089 5407 ιι,
3124 5360 3251 5407 cap.
3283 5360 3371 5398 ου,

2183 5417 2273 5487 57))
2308 5415 2365 5487 Ρ.
2397 5360 2909 5487 8rsin._De_/‘amil.
2945 5414 3118 5473 Πυθίη
3153 5406 3527 5487 νκξέιὶανίαηι
3557 5412 3724 5474 gcnt.,

2092 5478 2235 5543 tom.
2259 5478 2365 5541 ’νη
2399 5486 2548 5540 Thes.
2580 5478 2794 5555 Antiqq.
2831 5486 3007 5555 Rem,
3043 5496 3173 5551 pag.
3210 5478 3364 5555 l_297.

2164 5559 2275 5629 (56)
2309 5558 2482 5612 Panv.
2517 5560 2575 5629 et
2642 5548 2842 5627 Sigon.
2892 5548 3399 5629 Densi—eiiilmlloniu
3461 5554 3595 5603 tom.
3658 5548 3729 5617 ll,

2098 5622 2919 5700 ThesfAntiqq._Rom.,'_pagg.
2954 5624 3086 5700 975.
3114 5622 3267 5700 1013.

2162 5647 2253 5772 '53—;
2283 5646 2479 5757 ’ἔξᾘέ
2490 5646 3147 5771 ὀῗιῖφέέιὲἓὲξῐεέἶῖίςέὶ
