4016 6222
249 341 399 401 1211

1059 343 1748 406 PRESBYTERORUM
1795 346 1894 405 ET
1940 345 2461 408 DIACONORUM
2506 344 2843 405 ACHAUE.

3486 346 3646 406 1212

247 472 530 546 dignitate
562 472 982 545 proconsulari,
1017 475 1117 530 sed
1149 474 1408 531 consulis
1439 476 1605 532 titulo
1639 476 1885 549 insigni-
1916 478 1972 544 Α
2002 481 2208 551 agente
2240 477 2747 550 dispensationeid
2766 476 3047 532 accidisse
3076 478 3331 549 potuerit
3354 495 3369 545 ;
3390 482 3457 533 ut
3488 476 3651 532 scili-

245 568 365 630 tus,
400 567 464 618 ut
493 580 561 617 ex
580 567 783 618 nostra
813 563 1073 635 Epistola
1102 569 1369 621 constat:
1408 567 1505 621 ubi
1565 583 1679 621 non
1729 564 1885 619 ἀνθύ-

1997 572 2085 622 cet
2104 567 2398 639 Evangelii
2421 565 2745 639 praecicatio
2763 565 2938 621 latius
2964 570 3187 637 pateret
3205 566 3265 621 in
3290 566 3650 629 dies,Chris-

245 670 435 719 πατος,
470 653 573 707 sed
604 648 806 711 ὕπατος
847 656 1077 708 tantum
1138 659 1379 710 vocatur
1412 672 1425 711 :
1486 672 1599 727 quo
1648 656 1885 727 quidem
1996 656 2301 727 stianaque
2326 656 2471 711 ﬁdes
2501 656 2561 710 in
2593 654 2805 710 animis
2835 655 3195 710 credentium
3219 654 3457 711 altiores
3498 671 3651 727 age-

248 741 485 798 nomine
514 740 623 795 viri
655 740 915 813 primarii
950 746 1007 797 et
1036 759 1303 814 proceres
1333 747 1685 816 quandoque
1727 746 1885 801 desi-

248 834 543 903 gnantur:
578 830 787 901 hisque
819 832 1062 902 passim,
1098 832 1349 888 maxime
1381 834 1616 888 urbium
1657 840 1712 889 et
1753 834 1887 889 civi-

246 924 435 977 tatum
468 919 1107 991 praefectis,consularis
1134 922 1387 993 dignitas
1420 924 1492 977 ab
1525 923 1887 994 imperatori-

1997 748 2083 799 ret
2128 745 2371 815 radices,
2404 750 2578 816 atque
2616 745 2697 800 ita
2724 745 2961 799 demum
2988 745 3251 800 nascenti
3290 744 3507 800 Christi
3537 744 3647 799 Ec-

1998 833 2186 889 clesiaa
2218 834 2362 890 satis
2393 833 2727 889 consultum
2760 833 2926 887 foret.

2069 922 2267 994 Neque
2296 923 2481 993 magis
2513 927 2679 994 urget
2721 921 2903 976 altera
2951 921 3223 992 objectio,
3270 922 3342 976 ab
3394 922 3647 995 imperio

250 1012 359 1065 bus
382 1025 658 1064 concessa
685 1008 918 1080 legitur,
943 1014 1007 1065 ut
1039 1010 1233 1066 videre
1264 1016 1352 1066 est
1382 1014 1533 1084 apud
1595 1013 1887 1085 Cangium
1997 1011 2335 1083 Vespasiani
2366 1009 2590 1066 nomini
2621 1009 2951 1065 Christiano
2982 1009 3140 1065 haud
3170 1010 3380 1066 infesto
3440 1012 3645 1083 petita.

250 1099 309 1154 in
334 1102 579 1169 utroque
612 1098 905 1155 Glossario
933 1100 1065 1171 (58).
1101 1104 1171 1154 At
1202 1101 1271 1154 de
1293 1100 1386 1157 his
1414 1102 1713 1157 hactenus.
1774 1106 1889 1156 Cie-

247 1192 372 1244 tera
401 1188 557 1243 enim
588 1186 803 1243 leviora
833 1205 955 1258 quae
973 1189 1093 1244 sive
1117 1190 1187 1244 ad
1211 1189 1591 1245 minuendam
1622 1191 1889 1262 Epistolas

249 1282 461 1333 nostrae
492 1277 1047 1344 auctoritatem,sive
1067 1279 1137 1333 ad
1162 1280 1290 1349 ejus
1320 1279 1716 1351 integritatem
1739 1297 1895 1336 ever-

248 1367 486 1422 tendam
515 1366 690 1435 objici
711 1366 919 1433 solent,
954 1367 1220 1423 consulto
1252 1369 1653 1439 praeterimus;
1677 1386 1748 1424 ne
1778 1370 1894 1425 sci-

251 1455 387 1510 licet
414 1454 732 1511 minutiora
762 1456 1053 1527 persequi,
1089 1474 1230 1512 neve
1263 1457 1409 1512 nihil
1440 1458 1707 1514 omittere
1748 1459 1893 1515 velle

251 1544 585 1600 videamur:
619 1544 668 1599 si
692 1543 825 1615 quis
854 1548 1048 1600 autem
1075 1562 1143 1600 ea
1174 1562 1345 1601 nosse
1368 1546 1549 1618 cupit,
1602 1564 1892 1619 nuperum

254 1634 533 1689 editorem
565 1632 923 1704 Lipsiensem
957 1635 1142 1689 adeat.

322 1723 472 1778 VIII.
507 1723 667 1787 Quod
702 1728 987 1793 superest,
1015 1724 1073 1778 in
1105 1727 1339 1796 tempus
1372 1725 1747 1797 inquisituris
1782 1743 1894 1797 quo

1998 1100 2240 1155 Nullum
2272 1099 2508 1171 quidem
2539 1099 2598 1154 in
2632 1097 2949 1154 Ecclesium
2980 1099 3053 1154 ab
3082 1115 3149 1154 eo
3180 1098 3366 1154 latum
3388 1100 3647 1155 edictum

2000 1189 2231 1261 uspiam
2264 1188 2533 1257 occurrit,
2559 1189 2866 1244 accedente
2895 1188 2953 1242 in
2984 1187 3191 1259 primis
3220 1192 3366 1244 teste
3398 1188 3653 1262 locuple-

1998 1280 2230 1337 tissimo
2260 1279 2617 1336 Tertulliano
2649 1280 2797 1352 (63):
2852 1300 2881 1329 «
2930 1279 3163 1347 Quales,
3216 1280 3432 1352 inquit,
3486 1280 3651 1353 leges

2001 1371 2129 1426 ista),
2155 1387 2301 1442 quas
2322 1370 2603 1426 adversus
2632 1368 2877 1435 nos,soli
2916 1373 3318 1440 exsequuntur
3362 1369 3531 1441 impii
3549 1370 3649 1425 τ...

2002 1477 2150 1532 quas
2204 1459 2405 1515 nullus
2462 1459 2880 1530 Vespasianus,
2922 1474 3261 1530 quanquam
3308 1458 3652 1515 Judaeorum

2003 1548 2385 1605 debellator...
2419 1548 2718 1618 impressit
2742 1547 2770 1602 ‘l
2793 1570 2821 1595 »
2844 1564 2958 1619 quo
2976 1564 3116 1603 sane
3146 1564 3327 1604 sensu
3358 1547 3655 1620 accipien-

2004 1638 2115 1693 dus
2147 1638 2323 1693 etiam
2351 1636 2585 1692 videtur
2610 1636 2923 1704 Eusebius,
2959 1636 3059 1690 ubi
3091 1636 3299 1692 scribit
3320 1636 3437 1710 (6i)
3474 1657 3502 1689 ι
3558 1638 3656 1693 Ve-

2003 1730 2322 1800 spasianum
2360 1722 2527 1798 μηδὲν
2560 1725 2679 1788 καθ’
2707 1726 2867 1797 ἡμῶν
2903 1720 3104 1779 ἄτοπον
3139 1728 3327 1782 animo
3356 1727 3656 1797 agitasse.»

258 1812 475 1884 scripta
507 1812 615 1866 fuit
642 1812 763 1867 haec
791 1812 1050 1883 Epistola
1081 1814 1347 1869 Ecclesia;
1394 1814 1675 1883 Achaicae,
1728 1816 1897 1871 nobis
1926 1850 1974 1914 B
2005 1817 2150 1873 Hinc
2174 1822 2368 1872 tamen
2406 1816 2565 1871 haud
2605 1815 2999 1887 colligendum
3039 1815 3291 1871 arbitror
3339 1831 3650 1888 nunquam

256 1902 514 1974 primum
545 1906 699 1956 esset
728 1901 1147 1970 definiendum,
1172 1920 1287 1975 quo
1331 1904 1568 1959 demum
1618 1922 1769 1961 anno
1832 1906 1895 1962 B.

253 1992 515 2047 Andreas
538 1991 835 2061 apostolus
858 1993 1202 2063 martyrium
1225 2009 1435 2063 passus
1457 1995 1897 2062 censeatur;hoc

256 2079 413 2134 enim
459 2078 636 2134 semel
682 2080 995 2151 explorato,
1047 2081 1191 2136 illud
1249 2082 1424 2137 etiam
1488 2082 1597 2138 levi
1670 2084 1895 2155 negotio

255 2168 433 2223 statui
451 2185 624 2240 posse
636 2167 983 2241 intelligitur
1003 2170 1318 2242 :siquidem
1334 2187 1403 2226 ex
1423 2172 1625 2227 eadem
1638 2173 1899 2244 Epistola

253 2261 479 2312 constat
508 2258 579 2312 ab
628 2258 855 2313 Achaiae
905 2260 1257 2332 presbyteris
1307 2265 1364 2316 et
1420 2261 1682 2317 diaconis
1734 2262 1893 2318 illam

252 2346 432 2401 fuisse
464 2347 867 2419 perscriptam,
902 2349 1001 2420 qui
1050 2349 1236 2404 sancti
1285 2350 1532 2421 apostoli
1590 2351 1893 2406 certamini

251 2437 605 2506 spectatores
656 2437 992 2493 interfuisse
1050 2438 1451 2510 perhibentur.
1502 2440 1717 2496 Verum
1757 2441 1895 2495 deﬁ—

253 2524 541 2580 cientibus
575 2526 806 2597 penitus
829 2526 1121 2583 solidioris
1151 2529 1522 2600 antiquitatis
1546 2545 1893 2585 monumen-

253 2613 350 2682 tis,
377 2615 729 2685 conjecturis
759 2619 988 2671 tantum
1013 2633 1134 2672 rem
1178 2617 1514 2690 transigunt
1560 2618 1894 2675 criticorum

252 2701 821 2775 ﬁlii.Aliisiquidem
854 2704 969 2777 {59)
1017 2722 1169 2761 anno
1227 2724 1354 2762 serae
1403 2707 1745 2764 Christianas
1801 2709 1892 2777 66,

252 2798 351 2847 aut
378 2794 448 2846 70
471 2793 829 2848 B.Andream
853 2811 1095 2866 passum
1127 2796 1483 2852 existimant.
1509 2797 1618 2853 Alii
1646 2797 1893 2870 vero(60)

250 2897 403 2936 anno
429 2880 660 2953 imperii
716 2883 1060 2955 Vespasiani
1093 2886 1303 2957 primo,
1361 2886 1449 2942 vel
1502 2886 1709 2942 saltem
1765 2886 1892 2959 ipso

251 2970 443 3025 adhuc
475 2971 939 3042 imperante.Alii
961 2975 1198 3029 demum
1233 2975 1347 3047 (61)
1378 2976 1487 3031 sub
1541 2976 1891 3032 Domitiano.

250 3062 393 3114 Cum
426 3064 622 3115 autem
655 3060 893 3117 omnino
925 3063 1287 3135 inexplorata
1334 3081 1425 3120 res
1468 3065 1769 3132 habeatur,
1803 3080 1891 3121 re-

252 3148 652 3222 centioresque
676 3167 780 3221 pro
802 3152 983 3206 animi
1014 3153 1255 3208 arbitrio
1278 3153 1414 3210 huic
1444 3155 1531 3209 vel
1553 3153 1637 3210 illi
1665 3159 1893 3210 senten-

2006 1906 2234 1961 infenso
2260 1914 2436 1977 alque
2465 1905 2704 1960 inimico
2731 1905 2926 1960 animo
2948 1904 3006 1958 in
3050 1904 3413 1960 Christianos
3470 1905 3657 1961 fuisse

2005 1995 2455 2068 Vespasianum,
2489 2010 2679 2066 neque
2709 1993 2829 2049 ulla
2858 1994 3095 2049 omnino
3128 1994 3348 2064 injuria
3398 2010 3499 2050 eos
3547 1994 3656 2049 ali-

2008 2085 2240 2156 quando
2268 2084 2553 2140 ail‘ecisse.
2585 2082 2949 2138 Contrarium
2992 2084 3159 2139 docet
3187 2082 3445 2138 Hilarius
3491 2084 3609 2156 (65)
3642 2099 3656 2137 :

2010 2176 2250 2242 «Anne,
2275 2174 2421 2228 ait...
2456 2172 2741 2228 Paulus...
2787 2172 3015 2227 Nerone
3059 2188 3143 2240 se,
3197 2173 3394 2237 credo,
3432 2172 3659 2245 Vespa-

2005 2263 2169 2318 siano
2194 2265 2297 2317 aut
2327 2262 2499 2317 Decio
2531 2260 3037 2333 patrocinantibus
3068 2261 3366 2327 tuebatur,
3399 2278 3659 2333 quorum

2003 2351 2064 2406 in
2078 2368 2183 2406 nos
2197 2351 2348 2406 odiis
2360 2350 2645 2405 confessio
2665 2349 3322 2421 divinaepradicationis
3336 2350 3660 2406 efﬂoruit?»

2003 2439 2220 2495 Hilario
2250 2439 2607 2512 astipulatur
2636 2438 3031 2494 Theodoritus
3044 2439 3159 2508 (66)
3184 2455 3197 2494 :
3221 2439 3346 2494 Τῶν
3371 2434 3429 2492 δὲ
3458 2435 3662 2492 ἁλιέων

2001 2527 2091 2582 καὶ
2119 2524 2374 2582 τελωνῶν
2405 2526 2495 2580 καὶ
2528 2525 2907 2604 σκηνορῤάφου
2954 2525 3082 2588 τοὺς
3121 2524 3351 2598 νόμους,
3384 2526 3447 2581 οὗ
3494 2527 3660 2588 Γάϊος

2002 2614 2245 2691 ἴσχυσεν,
2293 2615 2354 2671 οὐ
2404 2613 2677 2677 Κλαύδιος
2733 2614 3056 2687 καταλῦσαι,
3109 2615 3171 2669 οὐ
3220 2616 3404 2692 Νέρων
3460 2615 3490 2670 ὁ
3539 2617 3659 2688 μετ’

2003 2705 2259 2768 ἐκείνους*
2309 2705 2400 2760 καὶ
2449 2709 2635 2777 ταῦτα,
2684 2702 2780 2760 δύο
2825 2708 2932 2760 τῶν
2980 2706 3291 2778 νομοθετῶν
3340 2704 3469 2767 τοὺς
3537 2704 3658 2781 ἀρί-

2004 2816 2162 2857 στους
2200 2794 2606 2857 κατακοντίσας·
2639 2794 2731 2849 καὶ
2777 2796 2879 2871 γὰρ
2916 2794 3006 2849 τὸν
3059 2793 3261 2871 Πέτρον
3310 2792 3517 2856 ἐκεῖνος
3560 2795 3657 2848 καὶ

2000 2884 2093 2939 τὸν
2126 2883 2341 2941 Παῦλον
2364 2882 2596 2939 ἀνεῖλεν·
2630 2881 2757 2937 ἀλλ’
2787 2883 2849 2937 οὐ
2880 2881 3151 2954 ξυνανεῖλε
3180 2888 3298 2946 τοῖς
3328 2883 3654 2956 νομοθὲταις

1999 2973 2127 3037 τοὺς
2184 2973 2406 3047 νόμους,
2457 2972 2557 3028 οὐκ
2598 2971 3012 3043 Οὐεσπασιανὸς,
3045 2971 3105 3028 οὐ
3155 2972 3333 3045 Τίτος,
3370 2972 3431 3027 οὔ
3482 2979 3656 3045 Δομε-

1998 3064 2204 3135 τιανὸς,
2254 3063 2344 3118 καὶ
2392 3066 2578 3133 ταῦτα,
2628 3062 2864 3125 πολλοῖς
2904 3063 3023 3117 κατ’
3070 3062 3269 3133 αὐτῶν,
3310 3062 3401 3117 καὶ
3448 3083 3648 3118 παντο-

2004 3149 2197 3214 δαποῖς
2226 3152 2577 3229 ’χρησάμενος
2613 3152 3000 3226 μηχανήμασι.
3038 3154 3097 3207 Id
3118 3156 3206 3207 est
3238 3168 3253 3209 :
3302 3152 3652 3208 Piseatorum

252 3238 344 3293 tiae
377 3216 739 3295 adhaereant:
766 3258 870 3296 nos
904 3241 1123 3313 itaque,
1156 3244 1339 3298 donec
1370 3244 1430 3299 in
1478 3245 1723 3299 obscuro
1772 3249 1890 3299 tra-
1922 3216 1965 3283 Ο
2002 3249 2189 3300 autem
2232 3216 2338 3299 met.
2391 3216 2859 3314 publica-norum"
2886 3241 3348 3313 tentorioruqu
3446 3244 3655 3297 sutoris

252 3327 395 3383 mite
426 3328 543 3383 dux
574 3330 755 3384 tutior
779 3336 1013 3401 praeest,
1066 3334 1466 3387 cunctabundi
1526 3333 1680 3400 licet,
1739 3334 1894 3390 circa

251 3416 465 3473 Christi
498 3435 717 3474 annum
746 3421 816 3473 80
846 3420 1003 3474 cruci
1035 3420 1277 3476 afﬁxum
1309 3420 1368 3476 S.
1401 3423 1695 3477 Andream
1719 3439 1891 3494 apos-

249 3504 434 3561 tolum
468 3507 814 3580 martyrium
846 3511 1576 3583 consummasse,adeoque
1600 3528 1734 3566 mox
1754 3511 1896 3567 fuis—

249 3612 312 3652 se
342 3597 725 3669 perscriptam
759 3598 1283 3672 circumlatamque
1314 3600 1578 3657 Ecclesiae
1631 3601 1895 3657 Achaicae

249 3686 567 3759 Epistolam
599 3690 1027 3746 existimamus.

322 3778 627 3833 Mirahitur
652 3779 896 3835 fortasse
917 3780 1208 3851 quispiam
1233 3797 1340 3835 nos
1361 3780 1447 3836 vel
1471 3781 1703 3852 longius
1716 3798 1894 3853 quam

254 3882 360 3939 par
390 3866 466 3921 sit
496 3872 555 3922 B.
606 3868 851 3939 apostoli
908 3870 1089 3925 vitam
1138 3870 1496 3942 protrahere,
1553 3871 1643 3927 vel
1700 3871 1896 3943 potius

253 3955 448 4026 ipsum
480 3955 723 4027 imperio
757 3958 1094 4029 Vespasiani
1119 3960 1725 4033 desinente,martyrio
1757 3961 1895 4015 sub-

252 4042 441 4098 latum
473 4061 753 4113 asserere,
788 4063 961 4116 quem
995 4053 1190 4102 tamen
1244 4048 1709 4105 Christianorum
1768 4066 1895 4121 per-

256 4138 583 4190 secutorem
616 4134 797 4189 fuisse
830 4152 996 4191 nemo
1034 4136 1260 4192 dixerit.
1315 4139 1399 4193 Ad
1449 4138 1707 4209 primum
1767 4156 1898 4195 vero

257 4222 411 4292 quod
446 4222 987 4293 attinet,objectioni
1019 4226 1383 4282 occurrimus
1415 4243 1695 4299 magnum
1720 4229 1899 4284 Baro-

257 4311 422 4366 nium
452 4313 728 4367 assectati
758 4330 772 4380 ;
806 4313 905 4384 qui
928 4314 998 4369 de
1029 4314 1346 4370 novissimo
1369 4315 1641 4384 lustro,et
1660 4318 1898 4391 quidem

259 4402 367 4457 sub
400 4401 760 4474 Vespasiano
789 4408 1017 4476 peracto
1050 4412 1219 4462 verba
1246 4404 1465 4460 faciens
1518 4407 1651 4474 (62),
1706 4406 1898 4463 locum

257 4509 326 4548 ex
350 4490 535 4548 Plinio
559 4492 759 4548 recitat
784 4510 850 4548 ex
874 4510 986 4562 quo
1010 4493 1179 4566 plane
1205 4495 1721 4567 comperimus,his
1755 4497 1899 4567 ipsis

2005 3332 2165 3403 leges,
2194 3347 2306 3388 non
2326 3334 2516 3399 Gaius,
2548 3347 2660 3387 non
2690 3330 2954 3387 Claudius
2995 3331 3289 3387 dissolvere
3331 3333 3656 3402 potuerunt,

2004 3436 2177 3494 neque
2235 3422 2464 3478 illorum
2506 3436 2780 3479 successor
2824 3421 3008 3477 Nero:
3064 3420 3153 3476 hic
3207 3422 3359 3476 enim
3442 3421 3661 3476 tametsi

2006 3511 2140 3567 duos
2169 3512 2400 3583 optimos
2431 3511 2773 3580 legislatores
2800 3510 3139 3572 sustulerit;
3166 3511 3392 3566 Petrum
3419 3526 3662 3580 namque

2007 3618 2078 3657 ac
2103 3602 2344 3656 Paulum
2372 3601 2617 3671 interﬁci
2644 3600 2839 3667 iussit;
2869 3603 2926 3655 at
2950 3606 3090 3656 certe
3114 3599 3256 3670 leges
3288 3614 3414 3653 cum
3445 3598 3665 3670 legisla-

2004 3691 2213 3746 lorilms
2244 3689 2392 3744 haud
2418 3690 2659 3745 sustulit.
2702 3693 2825 3746 Non
2887 3689 3268 3761 Vespasianus,
3324 3704 3434 3744 non
3489 3689 3662 3753 Titus,

2003 3796 2115 3836 non
2143 3780 2497 3834 Domitianus
2513 3794 2536 3841 ,·
2562 3794 2881 3850 quanquam
2904 3779 3097 3833 multis
3126 3793 3191 3833 ac
3208 3778 3524 3849 omnigenis
3547 3793 3665 3831 ma-

2006 3871 2313 3926 chinalioni
2323 3870 2421 3925 bus
2452 3886 2544 3925 eas
2569 3884 2852 3940 opugnare
2880 3867 3239 3924 contenderit.

2079 3961 2277 4031 Neque
2294 3960 2533 4015 demum
2552 3957 3002 4030 puteslaudatos
3035 3957 3235 4013 Patres
3266 3955 3379 4013 sibi
3412 3955 3661 4012 invicem

2006 4048 2670 4117 adversari;oonvenient
2680 4045 2930 4113 enim,ut
2942 4050 3095 4102 recte
3104 4045 3661 4118 Havercampus(67)

2009 4139 2058 4195 si
2092 4138 2304 4194 dixeris
2334 4138 2392 4193 id
2424 4138 2579 4209 quod
2610 4152 2703 4192 res
2735 4135 3127 4205 est,Ecclesits
3157 4140 3563 4208 persecutores
3582 4136 3656 4191 ab

2008 4227 2226 4284 Hilario
2267 4244 2332 4282 ac
2381 4225 2731 4283 Theodorito
2784 4230 3160 4293 memoratos,
3216 4229 3366 4281 tecte
3424 4224 3665 4296 quidem

2010 4334 2237 4385 omnes,
2262 4333 2378 4371 non
2410 4332 2541 4371 vero
2574 4319 2776 4387 aperta
2804 4314 2955 4384 vi,ut
2977 4314 3148 4381 Nero,
3179 4317 3243 4369 ut
3270 4312 3666 4383 Domitianus,

2010 4408 2191 4463 fuisse
2214 4410 2531 4479 grassatos.
2557 4406 2645 4460 Ad
2684 4403 3111 4475 Vespasianum
3142 4418 3283 4459 sane
3331 4403 3489 4476 quod
3537 4405 3673 4459 attio

2011 4502 2131 4564 net,
2165 4496 2354 4568 magis
2383 4496 2591 4566 ,adhuc
2639 4493 2700 4549 in
2761 4509 2828 4549 ea
2874 4493 3169 4549 sententia
3225 4492 3543 4549 conﬁrmor
3596 4509 3671 4547 ex

256 4582 621 4653 temporibus
659 4582 987 4654 complures
1032 4582 1186 4639 ultra
1236 4584 1621 4641 centesimum
1682 4602 1902 4641 annum
1933 4593 1979 4657 D
2012 4586 2370 4657 Hegesippo;
2407 4583 2508 4656 qui
2543 4584 2698 4655 apud
2730 4583 3049 4639 Eusebium
3071 4585 3328 4639 testatur
3353 4582 3668 4655 (68),eum-

256 4674 435 4726 vitam
459 4671 695 4727 duxisse
716 4689 737 4733 ;
770 4678 833 4728 ut
862 4672 1107 4743 proinde
1134 4689 1238 4745 pro
1269 4678 1531 4729 monstro
1566 4673 1764 4729 haberi
1797 4689 1902 4731 ne-

260 4765 457 4831 queat,
490 4761 538 4815 si
561 4777 625 4816 ea
658 4764 1004 4833 tempestate
1034 4762 1301 4817 nonnulli
1353 4779 1423 4818 ex
1478 4762 1781 4836 apostolis,
1842 4767 1907 4820 ut

259 4849 328 4904 de
356 4849 580 4905 Joanne
600 4850 955 4922 evangelista
984 4851 1171 4922 deque
1218 4850 1443 4924 aliquot
1502 4852 1904 4924 apostolorum

260 4937 569 5010 discipulis
601 4937 807 4994 saltem
839 4938 1043 5010 liquet,
1074 4938 1331 5011 longaeva
1354 4945 1519 4996 aetate
1580 4941 1904 4999 decessisse

261 5028 533 5085 dicantur
564 5044 577 5082 :
612 5043 678 5083 eo
700 5028 757 5083 in
782 5027 989 5099 primis
1020 5028 1276 5099 nomine,
1312 5029 1467 5101 quod
1499 5029 1698 5086 divina
1727 5032 1904 5087 etiam

333 5172 444 5243 (58)
477 5173 653 5244 Cang.
686 5173 831 5227 Glos.
862 5175 1056 5236 Grec”
1090 5188 1142 5228 v.
1173 5172 1422 5241 Ὗπατοι,
1480 5177 1537 5229 et
1598 5174 1789 5230 Latin.
1849 5193 1905 5230 v.

263 5245 525 5314 Hypatus.

335 5314 445 5387 (59)
479 5314 706 5370 'l‘illem.
740 5316 896 5387 Mem.
929 5316 1081 5387 θεολ,
1112 5317 1255 5370 tom.
1288 5316 1332 5382 Ι,
1364 5332 1496 5387 pag.
1526 5318 1653 5382 593,

334 5388 446 5463 (60)
478 5386 638 5442 Baill.
686 5387 801 5469 (les
830 5386 919 5441 des
950 5386 1152 5469 Saluta,
1204 5386 1381 5443 tom.’
1411 5386 1506 5460 ΙΪΙ,
1567 5404 1698 5461 pag.
1761 5389 1859 5445 461
1889 5408 1902 5458 ;

261 5457 494 5530 Woog.,
528 5459 763 5539 exercit‘.
796 5475 1024 5586 11,’pag.
1050 5458 1171 5541 409,

334 5531 447 5586 (6|)
506 5531 822 5586 Florentin.
913 5539 981 5586 et.
1054 5547 1171 5586 occz.

261 5531 447 5660 “(’61)
506 5530 822 5586 Florentin.
876 5529 994 5586 Vet.’
1054 5529 1221 5586 occid.
1279 5532 1406 5587 eccl.
1460 5532 1714 5604 Μονίμη,
1769 5550 1902 5607 pag.

334 5673 439 5744 (62)
472 5672 681 5730 Baron.
716 5673 790 5730 ad
820 5689 958 5731 ann.
982 5673 1071 5746 76,
1104 5674 1217 5746 §_2.

2016 4677 2149 4732 dem
2183 4676 2594 4747 imperatorem
2617 4695 2644 4723 «
2666 4681 2793 4745 post
2815 4676 3209 4744 expugnatam
3240 4670 3670 4743 Hierosolymo-

2014 4781 2145 4821 rum
2168 4763 2483 4829 civitatem,
2511 4776 2609 4818 eos
2640 4760 2743 4833 qui
2785 4777 2820 4817 a
2878 4760 3094 4817 Davide
3148 4776 3336 4833 genus
3384 4760 3670 4816 ducerent

2015 4852 2636 4927 perquirijussisse,ne
2654 4850 2972 4922 quisquam
2992 4850 3149 4922 apud
3165 4849 3401 4906 Judieos
3423 4866 3493 4905 ex
3505 4850 3669 4923 regia

2014 4942 2194 5015 stirpe
2253 4941 2823 5013 superesset,{eaque
2870 4956 2941 4995 ex
2998 4955 3178 4995 causa
3249 4937 3666 5010 gravissimam

2015 5048 2222 5088 rursus
2254 5029 2718 5103 persecutionem
2743 5028 2964 5085 Judeis
2985 5027 3207 5084 illatam
3238 5028 3479 5084 tuisse.»
3495 5027 3661 5094 Quod

2108 5175 2199 5243 63)
2230 5171 2472 5230 Tertull.
2507 5172 2749 5243 Apolog.,
2786 5186 2913 5243 cap.
2942 5170 2999 5225 5.

2110 5242 2200 5314 64)
2232 5245 2444 5301 Euseb.
2473 5242 2609 5300 Hist.
2641 5242 2795 5311 θεολ,
2827 5242 2932 5307 lib,
2965 5258 3053 5312 ιιι,
3081 5257 3215 5314 cap.
3256 5242 3345 5298 17.

2108 5313 2199 5390 65)
2230 5315 2536 5390 Hilarslib.
2568 5318 2746 5390 contr.
2779 5315 3003 5390 Ατίαηη
3034 5330 3095 5368 n.

2110 5383 2201 5461 66)
2232 5389 2518 5443 Theodor.
2554 5385 2731 5444 Graec.
2762 5386 2947 5458 affect.
2979 5388 3182 5457 curat.,
3216 5383 3355 5441 dial.
3391 5400 3471 5455 ιι,
3521 5387 3663 5441 tom.

2017 5462 2460 5605 Iv(,6$)§:\1rere.
2504 5530 2584 5586 Ad
2632 5528 2854 5586 Tertull.
2904 5528 3151 5601 Apolog.,
3210 5542 3344 5601 pag.
3385 5526 3481 5595 62,
3540 5532 3660 5583 not.

2014 5605 2196 5749 30(68)
2228 5674 2442 5735 Euseb.
2473 5673 2616 5731 Hist.
2649 5671 2805 5743 eccl.,
2836 5670 2942 5732 lib.
2965 5670 3030 5745 ιι,
3062 5686 3188 5745 cap.
3221 5669 3311 5727 12.
