4016 6222
314 379 467 438 1213

987 375 1370 437 EPISTOLA
1413 377 1514 435 DE
1558 372 1976 434 MARTYRIO
2020 369 2084 429 S.
2132 372 2503 433 ANDREE.
2538 409 2613 418 —
2642 375 3061 437 PROOEMIA.

3564 381 3718 438 19314

313 508 551 582 quidem
572 509 784 564 iterum
808 512 980 579 atque
1000 507 1215 563 iterum
1232 525 1264 564 a
1289 508 1613 563 Domitiano
1635 509 1809 577 atque
1822 504 1961 561 Tra-
1992 502 2045 570 Α
2076 519 2205 559 rum
2235 506 2454 561 rituum
2504 511 2873 564 conservator
2896 507 3067 562 fuerit
3088 507 3434 579 appellatus;
3460 513 3719 566 attamen

303 600 444 670 jano
490 598 816 653 factitatum
848 598 1051 653 scribit
1107 597 1262 653 idem
1311 597 1596 653 Eusebius
1650 596 1781 668 (69).
1815 597 1958 651 Cum

310 694 503 743 autem
539 686 863 758 persecutio
907 691 1109 741 contra
1150 687 1379 741 Judmos
1425 686 1533 741 sub
1588 684 1680 739 bis
1730 684 1960 738 duobus

312 776 625 848 postremis
660 775 1133 846 imperatoribus,
1168 775 1225 828 in
1268 774 1627 829 Christianos
1659 772 1833 828 etiam
1866 773 1958 827 in-

312 866 555 931 vaserit;
589 864 795 935 quidni
840 881 1010 935 porro
1036 864 1093 918 in
1116 863 1509 935 Vespasianea
1531 878 1762 933 quoque
1785 862 1840 916 id
1872 878 1961 916 ac-

314 954 554 1009 ciderit?
586 956 647 1007 In
680 952 885 1025 primis
925 970 1056 1007 vero
1098 954 1144 1007 si
1188 954 1474 1019 attendas,
1517 957 1658 1007 tunc
1680 950 1959 1023 temporis

312 1050 371 1098 et
398 1043 691 1114 deinceps,
723 1042 1059 1097 Judazorum
1084 1042 1319 1096 nomine
1364 1042 1545 1096 fuisse
1594 1045 1825 1095 vocatos
1857 1039 1957 1111 qui

310 1132 639 1189 Christiana
672 1132 1032 1202 professione
1063 1135 1455 1187 censerentur.
1509 1129 1731 1195 Quibus
1781 1130 1957 1183 addas

309 1220 565 1276 maxime
597 1219 791 1288 velim,
814 1219 1239 1290 Vespasianum
1280 1222 1585 1291 propterea
1624 1218 1695 1272 de
1729 1216 1956 1272 Davidis

308 1309 583 1382 progenie
630 1307 887 1363 tollenda
936 1308 1243 1378 cogitasse,
1287 1311 1352 1361 ut
1403 1323 1537 1361 cum
1585 1305 1831 1361 Baronio
1878 1304 1959 1361 lo-

306 1414 454 1469 quar
486 1396 619 1469 (70),
654 1396 792 1467 quia
822 1412 888 1451 ex
918 1395 1174 1467 Josepho
1222 1395 1471 1466 aliisque
1520 1394 1775 1462 resciret,
1828 1412 1956 1450 ora-

305 1486 464 1541 cules
494 1485 913 1557 prophetarum
948 1484 1127 1540 fuisse
1150 1485 1513 1556 przedictum,
1538 1484 1779 1539 exillius
1802 1484 1956 1555 regis

306 1574 525 1631 familia
551 1574 848 1631 hominem
868 1578 1265 1648 regnaturum,
1289 1575 1457 1644 cujus
1476 1574 1785 1645 imperium
1801 1578 1957 1629 esset

306 1668 609 1720 aeternum.
637 1664 785 1719 Hinc
814 1679 950 1735 ergo
981 1664 1090 1720 sibi
1123 1665 1365 1735 suisque
1396 1662 1754 1735 prospiciens
1799 1663 1953 1717 idem

307 1753 649 1825 imperator,
675 1769 743 1808 ex
767 1754 1039 1809 Davidica
1069 1753 1248 1825 stirpe
1282 1756 1593 1824 prognatos
1626 1752 1735 1806 fuit
1763 1768 1956 1823 perse-

2072 597 2297 649 tantum
2330 595 2494 650 abest
2542 601 2604 651 ut
2658 613 2862 651 saxum
2911 597 3016 651 hoc
3048 597 3117 651 ad
3166 597 3524 652 Christianos
3557 598 3714 654 haud

2070 682 2359 753 respiciat,
2394 690 2457 737 ut
2502 685 2695 755 potius
2745 686 2816 740 ob
2868 685 3132 739 eamdem
3188 702 3424 740 causam
3476 691 3713 758 propter

2069 788 2243 842 quam
2274 777 2329 827 et
2358 773 2567 828 Neroni
2609 778 2665 829 et
2703 774 3055 829 Diocletiano
3089 781 3302 846 tropaea
3334 774 3523 846 posita
3554 782 3714 845 sunt,

2068 861 2139 915 ob
2155 863 2648 917 conservationem
2666 862 2943 917 nimirum
2959 863 3390 933 superstitionis
3406 880 3479 917 nu
3492 864 3716 919 minum

2069 948 2282 1016 cultus,
2316 950 2674 1022 insculptum
2707 951 2850 1006 illud
2884 968 3010 1006 esse
3042 952 3337 1006 definiam.
3369 973 3396 1001 υ
3430 952 3716 1007 Ηωοίιιίιι-

2069 1054 2180 1110 que
2213 1038 2379 1109 plura
2408 1038 2466 1091 in
2498 1041 2764 1094 eamdem
2794 1042 3143 1095 sententiam
3198 1041 3265 1094 V.
3320 1041 3385 1095 C.
3421 1044 3553 1105 Quae
3586 1041 3713 1113 qui-

2067 1127 2198 1181 dem
2250 1128 2436 1198 magis
2489 1129 2792 1200 magisque
2846 1130 3153 1183 confirmat
3209 1128 3319 1184 iste
3369 1130 3712 1201 sepulcralis

2066 1213 2235 1286 lapis,
2271 1233 2304 1270 a
2336 1219 2531 1271 nostro
2565 1217 2779 1289 Aringo
2810 1217 3116 1289 evulgatus
3146 1218 3259 1289 (74)
3293 1235 3305 1273 :

2276 1358 2373 1413 SIC
2403 1376 2615 1413 pasam
2646 1377 2855 1415 ssnvas
2888 1360 3241 1416 VESPASIANE
3272 1378 3402 1417 mas

2275 1449 2497 1504 CIVITAS
2530 1465 2627 1503 UBI
2658 1466 2856 1504 GLORIE
2885 1464 2995 1505 TUE
3024 1466 3232 1505 AUTORI

2276 1540 2610 1592 PREMIATUS
2641 1556 2702 1593 es
2746 1555 2935 1595 monre
2971 1539 3263 1594 GAUDENTI
3295 1556 3501 1595 LETARE

2280 1626 2560 1681 Pnomsrr
2592 1644 2709 1682 ISTB
2740 1644 2843 1682 nu
2873 1632 3127 1683 KRISTUS
3158 1645 3340 1683 OMNIA
3366 1645 3481 1684 TIBI
3562 1684 3563 1687 η

2276 1714 2387 1779 Ουι
2414 1732 2596 1771 ALIUM
2625 1734 2861 1773 ρΑιιΑνιΤ
2883 1734 3187 1772 THEATRUM
3216 1735 3274 1773 IN
3306 1734 3463 1773 CELO.

307 1846 509 1897 cutus:
534 1844 794 1914 adeoque
825 1859 897 1898 ne
924 1842 1204 1914 apostolis
1237 1842 1473 1913 quidem
1510 1841 1606 1912 qui
1638 1858 1706 1895 ex
1751 1840 1950 1895 Judaea

2067 1859 2171 1915 Ubi
2203 1862 2526 1917 cuneulesis
2559 1860 2857 1916 eruditum
2889 1861 3192 1917 editorem.
3216 1861 3431 1931 ,Neque
3463 1862 3711 1919 fortasse

306 1936 491 1997 erant,
516 1932 735 2003 quique
754 1932 1053 1986 Christum
1078 1948 1269 2003 regem
1296 1947 1328 1985 a
1355 1930 1654 2002 prophetis
1687 1946 1954 2001 praenun-

304 2020 516 2075 tiatum
548 2021 939 2090 praedicabant
970 2020 1469 2092 ubique,ipsemet
1497 2018 1823 2091 pepercisse
1855 2035 1958 2090 pu-

304 2110 541 2165 tandus.

373 2199 521 2265 Quid
550 2200 705 2270 quod
734 2198 1017 2255 nonnulla
1046 2198 1107 2254 in
1150 2200 1394 2255 vetustis
1426 2198 1824 2254 monumentis
1855 2214 1954 2253 su-

304 2292 547 2359 persunt
576 2288 765 2343 adhuc
795 2288 1058 2361 vestigia,
1084 2289 1238 2343 unde
1276 2289 1565 2358 conjicere
1586 2288 1722 2358 jure
1762 2287 1951 2355 liceat,

301 2394 334 2431 a
365 2376 724 2448 Vespasiano
756 2378 1072 2449 aliquando
1123 2378 1179 2431 in
1230 2377 1591 2433 Christianos
1647 2376 1955 2432 saavitum?

300 2466 502 2522 Exstat
533 2467 687 2539 apud
722 2467 1030 2522 Gruterum
1063 2467 1176 2540 (71)
1207 2466 1507 2538 inscriptio
1562 2466 1903 2537 hujusmodi
1936 2482 1949 2521 :

409 2611 534 2665 IMP.
562 2609 949 2665 Vespxsmno.
976 2615 1116 2665 Ave.
1153 2610 1322 2666 PONT.
1349 2609 1496 2664 Mxx.
1520 2610 1685 2665 TRIB.
1714 2611 1840 2666 POT.

566 2715 629 2753 ιιι
661 2699 703 2769 I,
737 2703 865 2754 Cos.
898 2716 1023 2754 νιιι.
1058 2699 1253 2753 Dssm.
1286 2715 1408 2753 νιιι.
1446 2701 1485 2753 Ι.
1521 2699 1580 2754 Ρ.
1618 2704 1678 2754 Ρ.

852 2788 1159 2843 Sacaxavm
1189 2804 1401 2842 AEDIVM

944 2877 1317 2931 Rns'rrrvroar

793 2966 886 3019 Er.
925 2982 1157 3021 mrvvu.
1191 2982 1472 3029 ANTIQVOR

928 3056 1361 3111 CONSERVATORI

905 3144 1176 3199 SODALES.
1210 3145 1332 3200 Tm
1366 3145 1385 3199 Ι

304 3284 451 3339 Huic
514 3284 762 3356 geminae
826 3285 1045 3341 ibidem
1104 3285 1229 3341 alite
1285 3286 1411 3341 dum
1472 3291 1754 3341 occurunt
1817 3289 1951 3360 (72).

300 3395 329 3422 ‹‹
372 3374 628 3438 Quarum
660 3374 1111 3446 inscriptionum
1136 3376 1425 3431 sententia
1450 3383 1507 3429 ut
1531 3380 1743 3447 pateat,
1765 3377 1953 3433 verbis

300 3466 434 3517 utor
465 3462 677 3517 eruditi
712 3462 955 3520 Walchii
988 3465 1122 3534 (73),
1156 3465 1333 3535 probe
1376 3464 1679 3520 sciendum
1718 3470 1827 3535 est,
1858 3483 1953 3521 ve-

296 3554 450 3607 teres
481 3550 738 3623 plurium
773 3553 1085 3607 numinum
1135 3553 1386 3608 cultores
1416 3570 1545 3609 eam
1576 3554 1951 3626 potissimum

302 3641 375 3695 ob
410 3658 650 3696 causam
685 3642 754 3696 de
802 3646 996 3715 strage
1045 3647 1287 3697 cruenta
1334 3642 1795 3699 Christianorum
1829 3646 1951 3715 glo-

300 3729 480 3785 riatos
514 3730 715 3796 fuisse,
754 3732 905 3803 quod
938 3731 1040 3785 illa
1080 3731 1325 3803 patriam
1360 3731 1701 3803 religionem
1734 3735 1952 3804 optime

300 3819 635 3875 conservari
660 3819 770 3875 sibi
803 3821 1262 3892 persuadebunt;
1297 3825 1381 3889 ut,
1404 3821 1453 3876 si
1484 3822 1773 3891 majorum
1788 3840 1951 3879 sacra

302 3908 373 3963 ab
407 3909 623 3978 injuria
653 3914 709 3964 et
756 3914 1091 3982 contemptu
1144 3911 1451 3965 defendere
1494 3927 1816 3982 eorumque
1863 3913 1949 3967 di-

300 3996 584 4068 gnitatem
614 3998 765 4052 tueri
796 3998 929 4069 quis
976 3998 1167 4066 vellet,
1202 4000 1258 4053 id
1312 3999 1438 4054 sine
1484 3999 1949 4057 Christianorum

298 4087 675 4157 oppressione
732 4104 1049 4159 eorumque
1082 4087 1379 4159 religionis
1423 4090 1740 4157 eversione,
1789 4089 1948 4146 nullo

298 4176 470 4230 modo
521 4177 632 4231 rite
676 4176 799 4231 fieri
848 4183 1180 4249 posset......
1213 4177 1341 4233 Haec
1372 4194 1503 4233 vero
1534 4195 1667 4233 cum
1698 4179 1779 4234 ita
1807 4180 1946 4250 sint,

296 4263 396 4337 qui
455 4281 572 4319 non
627 4265 837 4332 videat,
872 4265 1142 4332 arbitror,
1191 4268 1309 4321 fore
1360 4268 1675 4334 neminem,
1722 4285 1860 4323 saxa
1889 4270 1946 4324 in

294 4354 517 4423 quibus
550 4358 783 4425 propter
838 4355 1336 4410 conversationem
1371 4357 1593 4428 antiqui
1639 4358 1947 4413 numinum

294 4441 535 4511 cultus,
593 4443 795 4513 gratiae
827 4444 1277 4514 imperatoribus
1327 4461 1393 4500 ea
1424 4450 1767 4517 tempestate
1820 4463 1947 4517 per-

299 4535 439 4586 acta
473 4536 630 4599 sunt,
665 4532 737 4585 ab
786 4530 903 4586 illis
935 4549 1063 4602 quze
1093 4532 1309 4587 diserte
1356 4533 1425 4587 de
1472 4533 1661 4588 deleto
1711 4534 1947 4589 nomine

290 4619 983 4691 Cbristianoloquuntur,
1000 4625 1289 4692 quatenus
1311 4637 1511 4676 eorum
1535 4626 1945 4692 argumentum

293 4724 358 4763 ac
406 4708 755 4765 sententiam
805 4708 1163 4780 cogitamus,
1218 4708 1381 4765 nulla
1439 4710 1659 4765 ratione
1716 4710 1945 4768 diversa

294 4795 512 4865 fuisse;
546 4796 823 4869 quoniam
875 4796 1003 4868 ipsa
1032 4798 1155 4853 haec
1189 4798 1444 4869 profanas
1488 4798 1788 4871 religionis
1842 4802 1939 4857 de-

294 4884 500 4953 fensio,
533 4885 592 4939 in
635 4886 1069 4958 oppugnatione
1098 4886 1439 4942 Christianae
1471 4889 1723 4944 maxime
1753 4891 1943 4961 posita

291 4977 435 5029 erat.
466 5004 535 5015 —-
583 4973 771 5038 Quare
812 4974 948 5031 licet
996 4975 1391 5046 Vespasianus
1441 4976 1501 5032 in
1548 4977 1741 5050 lapide
1773 4981 1942 5037 modo

292 5063 547 5119 adducto
607 5080 723 5120 non
771 5065 1234 5122 Christianorum
1286 5066 1492 5136 hostis,
1526 5069 1627 5123 sed
1677 5070 1942 5142 antiquo-

380 5207 471 5282 (59)
500 5207 711 5282 Euseb.
745 5210 881 5263 Hist.
912 5208 1069 5271 θεοὶ..
1101 5207 1201 5282 lib.
1238 5226 1298 5275 ιι,
1332 5226 1497 5282 capp.
1533 5211 1619 5282 19,
1650 5212 1739 5268 22.

381 5279 472 5349 70)
505 5279 692 5335 Baron
724 5282 794 5334 ad
828 5297 967 5334 ann.
998 5281 1090 5345 75,
1124 5280 1153 5349 §
1182 5297 1261 5336 x1.

359 5351 471 5424 (71)
504 5350 668 5424 Grut.
702 5367 760 5422 p.
792 5352 1316 5424 cchm,Ainscript.
1345 5353 1399 5407 5.

358 5421 472 5499 (72)
502 5423 638 5499 leid.
689 5421 744 5494 p.
797 5438 977 5477 CCLIV.
1022 5421 1287 5495 inscript.
1336 5426 1389 5491 7,
1423 5428 1567 5496 etp.
1619 5442 1813 5499 CCLXX,
1848 5428 1937 5485 in-

288 5495 726 5645 εοῖθὲὒξάιοη.
772 5565 1002 5637 Explan.
1058 5582 1263 5638 persec.
1296 5567 1519 5634 Noram,
1562 5585 1686 5641 cap.
1734 5572 1790 5642 3,
1820 5572 1848 5645 ἓ
1878 5574 1934 5643 6,

290 5650 423 5707 pag.
453 5635 525 5688 77
555 5651 719 5707 seqq.

418 5707 475 5779 4)
502 5707 703 5781 Aring.
734 5708 885 5769 Rom.
916 5708 1176 5782 subtm.,
1206 5709 1251 5769 Ι.
1283 5726 1367 5779 ιιι,
1401 5726 1450 5769 c.
1490 5712 1581 5779 22,
1614 5728 1671 5785 p.
1701 5714 1827 5771 602.

2066 1949 2323 2004 alienum
2348 1950 2475 2020 erit,
2500 1950 2657 2005 aliud
2688 1950 2745 2004 in
2774 1950 2923 2005 hanc
2948 1966 3067 2004 rem
3093 1950 3495 2005 testimonium
3520 1955 3711 2022 petere

2067 2039 2137 2093 ab
2161 2039 2319 2094 Actis
2352 2040 2410 2094 S.
2458 2039 2835 2111 Apollinaris,
2885 2056 2996 2107 non
3031 2038 3146 2093 illis
3187 2038 3427 2109 quidem
3464 2039 3713 2111 interpo-

2064 2127 2200 2182 latis
2234 2134 2333 2183 aut
2364 2128 2641 2196 confictis,
2675 2129 2776 2183 sed
2808 2128 2881 2183 iis
2929 2145 3055 2199 quae
3112 2127 3301 2182 medio
3351 2128 3563 2183 saeculo
3615 2146 3709 2195 vn,

2064 2219 2302 2273 Maurus
2322 2219 2796 2289 archiepiscopus
2830 2218 3132 2271 Ravennas
3154 2216 3389 2271 laminis
3421 2219 3711 2289 argenteis

2064 2306 2305 2361 inscribi
2338 2308 2577 2373 curavit,
2609 2311 2674 2360 ut
2706 2306 2880 2359 refert
2900 2304 3178 2375 Agnellus
3207 2305 3340 2375 (75).
3377 2305 3518 2360 Rem
3541 2322 3708 2361 enar-

2065 2400 2153 2451 rat
2182 2411 2509 2466 anonymus
2553 2398 2755 2448 auctor
2795 2394 3079 2465 Spicilegii
3111 2394 3433 2449 Ravennatis
3463 2394 3708 2451 historiae

2063 2484 2222 2539 hisce
2247 2484 2437 2539 verbis
2467 2483 2577 2555 (76)
2605 2500 2617 2538 :
2647 2506 2666 2531 α
2703 2483 2838 2537 Dure
2890 2482 2949 2537 in
2999 2483 3201 2537 eodem
3234 2482 3501 2555 sepulcro
3550 2484 3707 2539 inve-

2062 2575 2308 2629 niuntur
2339 2576 2622 2645 argenteae
2655 2570 2884 2627 laminae
2916 2575 3090 2639 (anno
3128 2573 3263 2626 1173
3286 2572 3708 2641 detectae).......

2062 2663 2127 2719 In
2183 2663 2372 2735 prima
2428 2662 2770 2733 legebantur
2799 2661 2911 2716 ista
2955 2679 2966 2716 :
3021 2660 3214 2716 Oa'rus
3272 2679 3343 2716 AB
3399 2662 3707 2718 Annonam

2063 2768 2277 2807 BEATUS
2326 2758 2731 2806 APOLLINARIS.
2766 2780 2834 2789 --
2874 2750 2978 2805 HIC
3027 2767 3302 2805 FUSTIBUS
3350 2766 3542 2805 C.ESUS
3592 2767 3703 2806 EST.

2063 2847 2303 2897 Dumus
2323 2858 2508 2897 suasa
2528 2857 2752 2895 parmas
2775 2856 2964 2895 STETIT
2987 2856 3151 2895 NUDIS
3171 2856 3413 2895 psomus
3435 2840 3705 2903 EQUULso

2063 2948 2370 2999 APPBNSUS,
2405 2947 2586 2985 DENUO
2614 2946 2998 2999 VERBEBATUS,
3040 2946 3225 2985 SUPER
3256 2947 3463 2985 PLAGAS
3510 2947 3708 2992 AQUAM

2066 3039 2300 3077 RECEPIT
2321 3036 2693 3075 FERVIDAM....
2719 3020 3060 3074 DEFUNCTUS
3088 3036 3188 3073 EST
3218 3036 3328 3073 SUB
3350 3018 3707 3076 VESPASIANO

2064 3111 2303 3166 Cassam:
2332 3112 2603 3166 AUGUSTO
2635 3126 2669 3163 x
2702 3109 3091 3163 KALENDARUM
3117 3111 3540 3165 AUGUSTARUM.
3572 3132 3598 3159 ››

2138 3200 2303 3254 Haud
2353 3199 2623 3270 equidem
2675 3198 2867 3253 nescio
2921 3198 3312 3253 Mamachium
3361 3197 3427 3253 V.
3479 3200 3536 3253 C.
3573 3215 3705 3254 cum

2067 3291 2221 3361 apud
2274 3288 2557 3343 Hilarium
2588 3287 2713 3343 loco
2762 3285 3032 3357 superius
3063 3287 3333 3357 adducto,
3367 3292 3491 3341 tum
3529 3288 3587 3341 in
3620 3288 3712 3344 his

2065 3380 2123 3434 S.
2156 3378 2508 3450 Apollinaris
2566 3374 2745 3440 Actis,
2805 3373 3149 3446 Vespasiani
3196 3375 3471 3430 vocabulo
3513 3377 3708 3431 Domi-

2063 3468 2289 3522 tianum
2343 3466 2712 3537 designatum
2761 3480 2995 3519 censere
3040 3466 3198 3535 (77);
3253 3481 3423 3534 quem
3472 3464 3708 3535 quidem

2062 3560 2491 3628 persecutorem
2522 3554 2721 3621 fuisse,
2755 3570 2871 3607 non
2924 3553 3063 3607 item
3103 3552 3534 3623 Vespasianum
3568 3570 3707 3609 con-

2062 3650 2215 3701 stat:
2242 3662 2307 3700 eo
2340 3643 2427 3699 vel
2461 3643 2733 3709 maxime,
2768 3642 2978 3713 inquit,
3018 3642 3173 3713 quod
3196 3642 3255 3695 in
3289 3642 3547 3713 antiquis
3578 3660 3708 3698 mo-

2062 3734 2361 3790 numentis
2385 3732 2748 3788 Domitianus
2762 3732 3112 3802 quandoque
3125 3730 3517 3801 Vespasianus
3531 3732 3707 3787 etiam

2061 3823 2366 3889 vocitetur,
2394 3827 2456 3877 ut
2477 3826 2634 3894 patet
2657 3838 2724 3875 ex
2750 3819 3127 3890 inscriptione
3149 3821 3303 3891 apud
3331 3822 3707 3876 Hermolaum

2060 3912 2383 3968 Barbarum
2440 3911 2519 3967 Ad
2564 3912 2743 3965 Plinii
2788 3914 3013 3981 pre/at.,
3078 3926 3202 3980 qua:
3241 3908 3323 3964 sic
3372 3926 3433 3964 se
3482 3909 3704 3965 habet:

2061 4001 2189 4057 IMP.
2223 4002 2369 4055 Cass.
2414 4001 2775 4055 DOMITIANUS
2804 3998 2977 4053 Vese.
3009 3999 3152 4052 AUG.
3197 3998 3385 4053 GeaM.
3427 3998 3576 4053 JOVI.
3610 3998 3706 4054 V1-

2058 4108 2243 4146 c'rom.
2282 4091 2553 4161 Ejusdem
2575 4090 2715 4143 item
2738 4088 3036 4143 sententiae
3062 4088 3509 4143 sectatorfuerat
3538 4088 3705 4143 Arin-

2058 4197 2192 4253 gus,
2227 4180 2466 4235 titulum
2498 4178 2881 4249 sepulcralem
2915 4178 3085 4231 modo
3118 4175 3360 4231 allatum
3392 4194 3705 4248 exponens.

2059 4270 2203 4333 Quid
2265 4269 2511 4339 loquar?
2570 4269 2703 4322 Esto
2750 4283 2763 4322 :
2808 4267 2987 4338 patris
3048 4281 3262 4321 nomen
3321 4267 3709 4337 assumpserit

2059 4376 2283 4429 suoque
2314 4357 2601 4413 addiderit
2632 4356 3016 4421 Domitianus,
3050 4355 3310 4425 adeoque
3340 4355 3708 4410 Domitianus

2058 4448 2454 4518 Vespasianus
2532 4446 2706 4500 fuerit
2752 4445 3068 4515 aliquando
3128 4443 3492 4514 appellatus;
3550 4444 3706 4513 quod

2059 4552 2197 4591 sane
2230 4541 2355 4590 tum
2388 4552 2454 4589 ex
2487 4532 2902 4599 marmoribus,
2938 4536 3060 4585 tum
3092 4548 3159 4585 ex
3182 4532 3442 4584 nummis
3474 4532 3543 4584 de
3578 4530 3706 4586 Tito

1977 4606 2024 4669 D
2058 4625 2232 4680 etiam
2266 4624 2464 4695 liquet.
2502 4622 2719 4676 Verum
2752 4626 2817 4674 ut
2842 4636 2963 4675 rem
3022 4621 3255 4674 tandem
3307 4618 3577 4673 conficiat
3621 4619 3708 4673 vir

2053 4715 2282 4781 doctus,
2334 4714 2569 4783 vimque
2601 4710 3013 4765 auctoritatum
3047 4714 3221 4779 atque
3255 4707 3703 4778 inscriptionum

2053 4819 2200 4874 quas
2222 4801 2281 4857 in
2304 4800 2565 4855 medium
2587 4798 2757 4852 modo
2774 4796 3129 4868 protulimus
3145 4811 3383 4866 prorsus
3400 4794 3704 4866 infringat,

2051 4895 2499 4946 monumentum
2548 4886 2783 4958 aliquod
2816 4902 2945 4941 meo
2978 4884 3211 4956 quidem
3236 4883 3460 4954 judicio
3494 4883 3703 4939 excitet

2051 4995 2285 5037 necesse
2316 4983 2405 5035 est
2434 4976 2836 5032 indubitanter
2866 4974 3299 5030 Domitianeum
3332 4991 3344 5041 ;
3386 4990 3499 5043 quo
3534 4972 3704 5027 nimi-

2049 5088 2179 5127 rum
2213 5072 2576 5141 compertum
2608 5067 2711 5121 fiat
2742 5064 3163 5129 Domitianum,
3199 5063 3431 5135 preprio
3466 5062 3701 5119 nomine

2119 5215 2229 5285 (75)
2257 5208 2482 5284 Agnell.
2514 5211 2611 5265 Lib
2629 5227 2647 5263 .·
2664 5210 2859 5285 pontii.
2914 5208 3063 5263 inter
3102 5207 3337 5278 Sriptor.
3389 5221 3497 5261 rer.
3542 5206 3698 5273 Ital.,

2047 5282 2187 5343 tom.
2220 5282 2470 5355 Ilfpart.
2508 5301 2545 5355 1,
2580 5300 2635 5353 p.
2670 5282 2790 5355 144Ϊ

2117 5358 2230 5429 (76)
2277 5347 2702 5429 ᾹῖιοιιἏδρξρξί.
2742 5354 3004 5429 _Ravenn._.
3058 5350 3205 5429 his!”
3254 5347 3411 5429 idid?
3441 5352 3600 5429 tom.
3654 5348 3695 5415 Ι,

2047 5419 2293 5500 part.'11,
2326 5444 2380 5498 p.
2413 5419 2789 5500 54L'Videsis
2812 5440 2937 5494 qua:
2970 5420 3404 5500 deAVespasiani
3429 5419 3697 5489 jussione

2047 5494 2220 5556 refert
2246 5494 2399 5553 idem
2431 5502 2650 5553 auctor.
2688 5499 2727 5552 Ι.
2762 5512 2810 5549 c.
2844 5510 2975 5566 pag.
3008 5494 3129 5547 533.

2119 5572 2229 5644 (77)
2259 5570 2547 5627 Mamach.
2580 5570 2795 5638 Origin.
2844 5562 2905 5624 'et
2924 5562 3148 5637 wantiqq.
3203 5562 3429 5631 Christ.,
3472 5566 3611 5618 tom.
3650 5562 3692 5632 I;

2045 5660 2104 5716 p.
2129 5643 2261 5711 ⁷421,
2294 5646 2413 5701 not.
2444 5643 2498 5699 6.
