4016 6222
243 305 399 367 1215

1076 306 1764 369 PRESBYTEBORUM
1814 310 1910 371 ET
1953 309 2472 372 DIACONORUM
2520 309 2836 371 ACHAIE

3500 310 3663 371 1216

244 439 481 509 omisso,
522 437 949 511 Vespasianum
998 439 1344 512 simpliciter
1378 441 1557 497 fuisse
1590 446 1884 497 vocatum.
1921 444 1973 510 Α
2001 459 2216 516 χοντες,
2240 458 2347 497 sua
2372 441 2585 498 veritas
2616 446 2867 512 constet;
2903 441 3048 498 nihil
3097 459 3205 499 nos
3254 442 3434 516 cogit,
3469 446 3537 499 ut
3584 443 3661 499 ad

244 528 483 583 Interim
507 544 636 582 vero
658 529 841 583 donec
864 528 919 584 id
945 533 1195 601 praestet.
1219 530 1645 601 Vespasianum
1666 535 1891 602 patrem

246 618 439 672 allatis
469 617 527 671 in
562 616 703 672 locis
734 618 992 689 accipere
1023 619 1189 674 nobis
1224 636 1324 691 per
1352 619 1545 692 ipsum
1580 620 1765 675 liceat.

314 706 421 759 Vix
450 706 592 761 dum
624 706 743 762 hzec
783 708 1156 777 scripseram,
1202 725 1335 763 cum
1385 708 1709 780 elegantem
1747 713 1892 763 Lau-

240 795 407 851 rentii
452 794 703 849 Pataroli
746 795 1052 866 epistolam
1102 796 1289 869 legere
1334 797 1577 868 contigit
1610 797 1742 867 (78),
1777 813 1894 867 qua

235 885 322 937 vir
355 884 621 938 eruditus
653 884 951 953 singulare
982 885 1280 940 numisma
1326 885 1632 941 illustrans
1683 886 1891 955 hujus-

239 973 395 1027 inodi
477 973 860 1041 inscriptione
932 974 1278 1045 signatum,
1356 976 1888 1030 ΟΥΕΣΠΑΣΙΑΝΟΣ

235 1065 608 1131 ΝΕΩΤΕΡΟΣ,
665 1061 791 1117 Tito
848 1063 1194 1135 Vespasiani
1260 1064 1374 1118 filio
1426 1064 1623 1135 ipsum
1656 1064 1887 1119 asserit.

231 1149 411 1205 Aliter
441 1154 633 1204 tamen
669 1154 950 1205 statuerat
980 1152 1360 1207 doctissimus
1391 1152 1752 1218 Harduinus,
1786 1152 1890 1223 qui

233 1239 461 1311 primus
488 1238 643 1293 idem
678 1240 974 1295 numisma
1002 1242 1261 1313 vulgavit
1292 1244 1425 1312 (79);
1461 1241 1693 1297 cautius
1754 1258 1889 1297 vero

234 1327 593 1395 Frcelichius,
617 1328 702 1382 vir
723 1329 781 1383 in
808 1345 866 1383 re
898 1330 1228 1385 nummaria
1268 1330 1433 1386 facile
1456 1335 1725 1401 princeps
1752 1330 1888 1401 (80).

234 1415 451 1471 Verum
492 1421 785 1487 utcunque
832 1419 1070 1473 demum
1122 1436 1213 1474 res
1258 1436 1319 1474 se
1366 1418 1602 1487 habeat,
1645 1419 1891 1489 hujusce

238 1505 616 1561 numismatis
650 1507 993 1562 auctoritate
1026 1525 1211 1579 neque
1244 1508 1593 1563 sententiam
1626 1512 1890 1563 nostram

235 1594 305 1649 de
350 1594 813 1650 Christianorum
865 1603 1235 1667 persecutore
1276 1596 1633 1668 Vespasiano
1688 1596 1891 1664 everti,

233 1698 423 1753 neque
467 1683 795 1754 oppositam
856 1685 1162 1739 Mamachii
1224 1687 1622 1756 conjecturam
1687 1684 1879 1740 fulciri

231 1788 402 1827 nemo
450 1790 565 1827 non
616 1773 816 1828 videt:
851 1774 1145 1846 siquidem
1198 1776 1253 1829 in
1308 1775 1707 1830 monumentis
1758 1791 1887 1845 qua:

232 1860 557 1928 attulimus,
620 1862 818 1918 nullus
875 1863 1177 1918 character
1232 1864 1511 1935 nullaque
1572 1862 1884 1935 peculiaris

234 1954 372 2004 nota
431 1950 786 2020 perhibetur,
849 1956 914 2006 ut
972 1951 1063 2006 hic
1123 1969 1262 2007 sane
1318 1969 1427 2007 vox
1505 1952 1881 2019 ΝΕΩΤΕΡΟΣ,

2001 530 2310 586 Domitiani
2357 548 2545 602 usque
2600 536 2833 603 tempus
2888 547 3289 588 excurremus.
3350 532 3469 588 imo
3524 548 3665 589 vero

2000 619 2147 674 nihil
2177 636 2282 674 nos
2334 620 2601 692 prohibet
2632 620 2772 692 quin
2822 621 3025 675 eadem
3076 621 3250 676 verba
3277 620 3402 677 sive
3434 622 3506 677 de
3551 624 3665 678 Ve-

2000 707 2274 779 spasiano
2303 710 2547 780 ejusque
2596 708 2730 765 ﬁliis
2762 709 2894 764 Tito
2925 716 2980 764 et
3029 708 3361 765 Domitiano
3409 710 3667 782 accipia-

2002 813 2171 864 mus;
2232 814 2483 868 quorum
2515 797 2609 852 hic
2641 813 2824 869 usque
2856 798 2925 853 ab
2969 814 3120 853 anno
3170 798 3242 853 69
3270 798 3516 871 imperio
3544 799 3667 855 Cte-

2001 902 2167 941 sarea
2196 889 2528 953 exornatus,
2562 884 2659 941 ille
2686 902 2821 942 vero
2855 904 2991 942 ann.
3037 888 3103 941 71
3157 886 3390 959 imperii
3440 888 3671 960 collega

2000 974 2191 1029 fuerat
2221 975 2621 1043 renuntiatus;
2656 991 2920 1047 quosque
2934 979 3211 1047 praeterea
3228 976 3483 1047 junctim
3507 975 3671 1031 inter

2002 1069 2399 1136 persecutores
2415 1082 2448 1120 a
2467 1064 2818 1120 Theodorito
2844 1065 3201 1121 rescensitos
3224 1064 3495 1137 superius
3514 1066 3669 1120 vidi-

2002 1168 2134 1207 mus
2170 1169 2183 1207 :
2218 1152 2337 1208 sive
2358 1152 2481 1221 illa,
2515 1154 2665 1223 quod
2692 1154 2939 1208 fortasse
2962 1153 3155 1225 magis
3171 1153 3383 1226 placet,
3410 1154 3483 1209 de
3512 1170 3668 1226 pra:-

2002 1240 2166 1296 fectis
2198 1241 2259 1296 in
2292 1242 2437 1297 urbe
2483 1240 2909 1313 intelligamus,
2965 1258 3218 1314 quorum
3269 1258 3505 1298 summa
3535 1248 3670 1298 erat

2000 1331 2337 1386 auctoritas.
2359 1332 2485 1397 Qua
2505 1331 2575 1385 de
2606 1347 2667 1386 re
2690 1331 2853 1385 locus
2876 1334 3067 1386 exstat
3090 1330 3342 1403 insignis
3367 1331 3522 1402 apud
3547 1330 3672 1387 Cle-

2000 1422 2257 1475 mentem
2296 1422 2625 1474 Romanum
2662 1417 2798 1491 (811),
2827 1418 2925 1489 qui
2944 1418 3193 1473 Paulum
3217 1419 3546 1490 apostolum
3580 1414 3670 1471 ἐπὶ

1997 1509 2106 1560 τῶν
2152 1505 2467 1581 ἡγουμένων
2525 1507 2803 1579 martyrio
2857 1505 3159 1562 sublatum
3196 1506 3488 1562 memoria:
3543 1511 3675 1562 tra-

1999 1595 2184 1651 didit:
2212 1596 2347 1651 licet
2377 1612 2447 1651 ex
2473 1596 2727 1651 vetustis
2762 1596 3161 1651 monumentis
3210 1612 3343 1651 eum
3396 1596 3508 1651 sub
3558 1594 3673 1651 Ne-

2000 1701 2140 1740 rone
2197 1701 2438 1756 passum
2491 1690 2647 1741 certo
2700 1688 2947 1740 constet.
2994 1685 3194 1756 Neque
3242 1683 3414 1740 aliter
3465 1684 3527 1740 S.
3561 1685 3673 1757 Cy-

2001 1774 2245 1845 prianus
2270 1775 2381 1847 (85)
2409 1791 2473 1829 :«
2505 1774 2672 1845 Huic,
2720 1773 2933 1845 inquit,
2968 1773 3360 1846 persecutioni
3410 1772 3674 1846 quotidie

1998 1862 2287 1918 insistunt
2343 1862 2594 1935 praefecti
2646 1862 2705 1917 in
2757 1862 2923 1933 urbe,
2976 1866 3042 1917 ut
3093 1861 3145 1917 si
3195 1862 3295 1933 qui
3343 1861 3455 1917 sibi
3487 1860 3672 1917 oblati

1993 1950 2231 2021 fuerint,
2256 1951 2820 2021 animadvertantur,
2854 1952 2911 2005 et
2941 1950 3095 2005 bona
3125 1965 3328 2005 eorum
3382 1950 3527 2005 ﬁsco
3567 1948 3674 2004 ad-

239 2041 409 2108 cujus
439 2040 492 2093 vi
523 2039 703 2094 alium
737 2057 771 2093 a
802 2040 1156 2111 Vespasiano
1200 2046 1363 2113 patre
1413 2057 1727 2114 agnoscere
1751 2042 1886 2111 jure
1986 2040 2396 2111 judicentur.»
2445 2039 2668 2106 Quibus
2698 2039 2940 2110 insuper
2987 2040 3202 2095 addere
3254 2038 3398 2094 libet
3467 2038 3675 2093 Dionis

242 2142 541 2199 cogamur.

312 2217 417 2270 Sed
454 2232 583 2271 ecce
614 2216 719 2271 tibi
766 2216 947 2272 alium
982 2218 1227 2285 obicem,
1260 2219 1415 2274 hunc
1446 2218 1639 2292 ipsum
1690 2218 1885 2274 locum

240 2305 625 2377 attingentem
659 2306 728 2361 de
761 2323 874 2377 quo
906 2306 1159 2379 agimus,
1202 2308 1355 2363 haud
1385 2325 1524 2363 sane
1554 2313 1890 2380 praetergre-

247 2395 550 2450 diendum.
574 2395 1139 2451 Observatnimirum
1158 2396 1690 2469 Florentinius(81),
1712 2414 1885 2469 quem

243 2483 453 2538 deinde
484 2488 719 2539 secutus
762 2490 851 2540 est
892 2485 1296 2542 Tillemontius
1329 2487 1460 2559 (82).
1494 2488 1726 2559 {Egeam
1756 2503 1889 2558 pro-

240 2572 542 2628 consulem
594 2576 673 2629 ita
722 2578 990 2630 sanetum
1045 2576 1372 2647 apostolum
1436 2576 1615 2631 fuisse
1668 2575 1888 2631 allocu-

243 2667 371 2717 tum
397 2662 505 2734 (83)
533 2680 544 2717 :
574 2683 601 2712 «
632 2663 717 2717 Tu
770 2680 831 2718 es
874 2665 1153 2735 Andreas,
1189 2664 1381 2736 qui....
1436 2666 1649 2719 suades
1701 2665 1889 2720 homi-

245 2752 420 2807 nibus
452 2752 915 2822 superstitiosam
947 2753 1107 2808 illam
1140 2758 1357 2809 sectam
1391 2770 1566 2825 quam
1598 2770 1783 2825 nuper
1800 2754 1891 2809 de-

246 2846 459 2897 tectam
496 2842 735 2896 Romani
770 2843 1056 2913 principes
1078 2843 1450 2898 exterminari
1477 2843 1822 2914 jusserunt?
1860 2864 1889 2893 ››

247 2929 409 2985 Unde
439 2929 561 2983 viro
589 2930 815 2984 erudito
858 2931 1030 2986 verba
1078 2931 1179 2986 illa
1226 2932 1283 2985 in
1330 2948 1571 2987 numero
1624 2931 1891 2986 multitu-

248 3018 402 3074 dinis
432 3020 675 3075 Romani
693 3021 991 3091 principes,
1016 3021 1412 3076 Domitianum
1436 3021 1755 3092 respiscere
1775 3037 1895 3077 om-

249 3107 385 3163 nino
418 3107 821 3179 videntur,qui
856 3110 1350 3181 secundam,post
1379 3110 1664 3165 Neronem
1699 3125 1891 3180 perse-

1996 2129 2187 2197 verha,
2236 2129 2415 2201 digna
2455 2128 2625 2200 plane
2671 2144 2798 2199 quae
2833 2128 2891 2183 in
2956 2128 3227 2183 eamdem
3308 2127 3675 2183 sententiam

1996 2217 2378 2290 pensitentur.
2423 2217 2517 2272 Sic
2546 2221 2739 2272 autem
2779 2214 2877 2270 ille
2914 2216 3025 2285 (86)
3048 2232 3061 2269 :
3088 2213 3244 2269 Οὕτω
3282 2213 3377 2287 μὶν
3451 2210 3520 2281 δὴ
3554 2213 3676 2268 τότε

1994 2306 2029 2374 ἡ
2060 2308 2165 2359 τῶν
2199 2302 2482 2377 Ῥωμαίων
2530 2305 2678 2379 ἀρχὴ
2729 2300 2825 2357 δύο
2874 2302 3297 2378 αὐτοκράτορσιν
3359 2304 3473 2376 ἅμα
3519 2299 3679 2357 ἐδού-

1998 2393 2159 2466 λωσε,
2194 2392 2400 2470 Νέρωνι
2430 2391 2520 2447 καὶ
2550 2390 2643 2450 Ἡ)
2662 2391 2747 2465 ίῳ.
2782 2393 2987 2449 Viden’
3019 2392 3258 2450 Helium
3281 2392 3401 2449 sive
3423 2409 3682 2449 summa

1997 2488 2303 2559 potestate,
2337 2483 2457 2539 sive
2481 2482 2738 2538 nominis
2770 2481 3060 2555 dignitate
3104 2482 3151 2537 N
3173 2482 3337 2538 eroni
3371 2498 3677 2555 compara-

1996 2574 2163 2630 tum?
2216 2575 2505 2639 Quorsum
2553 2588 2684 2627 vero
2737 2571 2878 2638 hac,
2914 2570 3189 2643 inquies?
3236 2570 3563 2638 Nimirum,
3612 2575 3679 2625 ut

1998 2665 2357 2729 evincamus,
2424 2678 2493 2717 ex
2548 2660 2826 2732 Epistolas
2880 2664 3091 2716 nostra
3152 2659 3385 2729 verbis,
3443 2663 3683 2717 Romari

1996 2753 2274 2825 principes
2300 2755 2631 2823 jusserunt,
2667 2749 2864 2804 minus
2898 2755 3046 2805 recte
3076 2747 3270 2820 colligi
3306 2752 3595 2804 Neronem
3625 2753 3683 2803 et

2004 2842 2401 2898 Domitianum
2436 2840 2509 2896 iis
2533 2838 2866 2894 necessario
2882 2838 3331 2908 indicatos,cum
3348 2842 3405 2893 et
3424 2837 3681 2910 praefecti

2007 2930 2173 2987 urbis
2204 2930 2262 2984 in
2298 2928 2505 3001 primis
2562 2926 2879 3000 significari
2914 2942 3085 3000 posse
3114 2927 3443 2994 videantur;
3467 2927 3569 2999 qui
3593 2925 3682 2982 vel

2012 3020 2084 3075 ab
2128 3035 2243 3075 uno
2274 3019 2626 3091 imperatore
2670 3018 2741 3070 de
2788 3016 3069 3072 vexandis
3118 3014 3467 3071 Christianis
3526 3016 3677 3071 latas

2015 3108 2177 3182 leges
2240 3106 2446 3164 edictis
2505 3105 2630 3162 suis
2689 3105 3049 3161 exsecutioni
3098 3104 3467 3160 mandandas
3524 3103 3680 3159 indi-

251 3196 537 3252 cationem
578 3197 1068 3270 movitzcumque
1100 3198 1254 3254 haud
1307 3198 1622 3255 verisimile
1669 3202 1903 3255 censeat
1938 3182 1981 3249 C
2028 3201 2243 3267 cerent,
2266 3195 2355 3252 vel
2377 3212 2555 3252 novas
2577 3194 2753 3249 etiam
2777 3193 2997 3250 ferendi
3029 3198 3378 3267 potestatem
3418 3192 3533 3248 sibi
3574 3210 3681 3249 su-

252 3287 322 3342 ad
357 3290 477 3341 tam
507 3286 826 3359 longaevam
861 3292 1085 3343 aetatem
1120 3288 1450 3359 pervenisse
1476 3291 1747 3343 sanctum
1769 3305 1911 3360 apo-

256 3376 492 3448 stolum,
543 3382 605 3431 ut
654 3376 861 3432 saeculo
902 3395 920 3431 1
966 3383 1233 3445 exeunte,
1282 3378 1393 3433 sub
1442 3394 1506 3432 eo
1557 3378 1909 3450 imperatore

256 3482 469 3537 passus
502 3467 890 3521 existimetur:
916 3466 1051 3521 hinc
1070 3466 1334 3539 Epistolas
1357 3467 1626 3523 Ecclesiae
1648 3467 1909 3522 Achaicae

257 3556 649 3611 sinceritatem
716 3556 774 3609 in
832 3556 1080 3611 dubium
1159 3557 1464 3612 revocandi
1550 3555 1911 3611 occasionem

255 3650 469 3717 captat.
518 3649 589 3699 At
610 3646 808 3700 isthaec
838 3646 1075 3701 demum
1108 3646 1356 3717 objectio
1388 3646 1531 3701 tanti
1558 3663 1673 3701 non
1704 3649 1815 3713 est,
1850 3648 1914 3700 ut

257 3736 556 3807 negotium
588 3734 756 3790 nobis
787 3735 1071 3790 facessere
1102 3735 1384 3790 videatur.
1405 3736 1566 3801 Quod
1601 3735 1756 3790 enim
1786 3751 1911 3789 ver-

256 3825 348 3880 bis
365 3824 483 3880 illis
504 3848 530 3874 «
566 3824 807 3879 Romani
831 3824 1142 3896 principes,
1168 3846 1196 3874 »
1231 3823 1350 3879 sive
1382 3828 1446 3879 ut
1476 3823 1536 3879 in
1567 3827 1723 3879 textu
1749 3820 1801 3874 oi
1824 3817 1916 3896 ἄρ-

2023 3290 2271 3354 merent,
2295 3290 2360 3342 ut
2379 3286 2449 3342 de
2472 3283 2632 3341 Helio
2656 3287 3045 3356 compertum.
3075 3284 3289 3339 Caetera
3310 3282 3681 3354 praeterimus

2022 3393 2148 3449 quae
2199 3374 2344 3432 alias
2378 3377 2590 3446 praesto
2638 3377 2837 3429 essent
2884 3372 2956 3427 ad
3009 3371 3358 3427 sententiam
3416 3376 3682 3427 nostram

2023 3464 2209 3539 magis
2241 3464 2553 3537 magisque
2584 3461 2964 3517 astruendam
2990 3478 3004 3528 ;
3056 3475 3128 3515 ne
3157 3459 3430 3515 videlicet
3459 3459 3683 3515 Tullia-

2022 3571 2165 3611 num
2198 3552 2344 3608 illud
2382 3552 2551 3607 nobis
2599 3552 2729 3622 jure
2779 3550 3026 3606 fortasse
3064 3550 3199 3620 quis
3246 3548 3492 3620 objiciat
3517 3549 3631 3619 (87)
3665 3566 3680 3604 :

2023 3667 2051 3693 ‹‹
2087 3643 2283 3699 Utitur
2314 3642 2373 3696 in
2408 3658 2469 3695 re
2500 3658 2615 3696 non
2638 3639 2820 3695 dubia
2839 3639 3093 3696 testibus
3110 3655 3223 3693 non
3253 3638 3619 3694 necessariis.
3654 3660 3682 3687 ι.

2024 3733 2091 3787 Et
2122 3731 2240 3786 haec
2271 3728 2511 3802 quidem
2542 3728 2613 3784 de
2647 3726 2909 3783 Ecclesiae
2937 3725 3202 3782 Achaicis
3234 3725 3498 3798 Epistula
3528 3726 3679 3782 satis

2026 3823 2223 3876 sunto.

1628 4112 2337 4200 EXCERPTUM

1023 4284 1114 4343 Ex
1141 4281 1511 4343 Praefatioue
1542 4280 1867 4343 clarissimi
1896 4279 2014 4341 viri
2043 4280 2434 4343 Constantini
2460 4282 2909 4343 TISGHENDOBF.

1268 4434 1422 4499 (Acta
1451 4433 1801 4497 apostolorum
1830 4431 2143 4499 apocrypha,
2177 4432 2687 4497 Lipsim1851,in-8).

1097 4680 1188 4742 De
1232 4698 1386 4741 nova
1431 4678 1760 4739 recensione
1807 4685 2000 4739 textus
2044 4681 2327 4739 Actorum
2390 4675 2579 4737 sancti
2619 4672 2874 4735 Andreas

344 4848 534 4904 Fluxit
568 4847 743 4901 editio
772 4852 957 4899 nostra
997 4857 1066 4898 ex
1108 4842 1317 4898 duobus
1342 4842 1691 4913 potissimum
1719 4838 1990 4895 codicibus
2022 4838 2223 4896 Graecis
2251 4836 2677 4895 Parisiensibus.
2724 4834 2876 4892 Alter
2905 4834 3025 4979 Squi
3060 4831 3222 4917 notis
3267 4838 3350 4888 est
3392 4834 3461 4905 A)
3494 4835 3697 4962 Refice:

344 4924 370 4979 ‘:.
401 4934 548 4973 nunc
576 4917 896 4979 nationatis,
922 4931 1075 4969 num.
1107 4914 1234 4979 881,
1262 4914 1455 4971 saeculi
1486 4911 1784 4978 undecimi,
1812 4911 1912 4979 fol.
1944 4911 2188 4966 282-291
2208 4928 2233 4977 ;
2260 4910 2402 4967 alter
2432 4907 2601 4979 (apud
2625 4922 2726 4966 nos
2756 4912 2838 4963 est
2868 4905 2910 4961 B
2940 4947 2954 4962 .
2979 4904 3354 4963 Coislmzanus
3376 4921 3533 4960 num.
3596 4907 3694 4973 21,

272 4924 370 4986 est,
401 4934 548 4973 nunc
576 4917 896 4982 nationalis,
922 4931 1075 4969 num.
1107 4914 1234 4983 881,
1262 4904 1455 4971 saeculi
1486 4911 1784 4978 undecimi,
1812 4911 1912 4983 fol.
1944 4911 2188 4966 282-291
2208 4928 2233 4977 ;
2260 4910 2402 4967 alter
2432 4907 2601 4983 (apud
2625 4922 2726 4966 nos
2756 4912 2838 4963 est
2868 4904 2954 4979 B).
2979 4904 3354 4963 Coislinianus
3376 4921 3533 4960 num.
3563 4904 3694 4973 121,

284 5008 433 5048 anno
468 4990 604 5045 1343
633 4991 885 5059 scriptus,
914 4987 1013 5057 fol.
1046 4986 1234 5059 37-41.

341 5064 457 5119 Huc
484 5062 703 5119 accedit
733 5046 927 5116 tertius
956 5058 1133 5129 (nobis
1154 5060 1233 5132 est
1260 5059 1321 5123 C)
1346 5055 1515 5112 codex
1544 5055 2093 5132 Baroccianusnum.
2130 5053 2426 5132 180,quem
2443 5068 2519 5107 ea:
2546 5051 2794 5132 Woogio,
2815 5048 2923 5132 ‘qui
2949 5046 3163 5132 eg'solo.
3196 5062 3326 5103 usus
3348 5054 3457 5132 est,
3489 5046 3698 5132 hausi:

273 5152 414 5191 mus.
449 5136 659 5202 Quanto
706 5147 833 5187 vero
877 5119 1034 5201 opere
1078 5119 1326 5185 codicum
1378 5132 1691 5184 nostrorum
1737 5119 2345 5182 Parisiensiumtext'us
2391 5119 2694 5181 0.2:oniensi
2732 5119 2907 5177 codici
2961 5119 3163 5191 Woogil
3194 5121 3435 5190 praestet,
3478 5121 3694 5177 missi

350 5288 464 5361 (78)
500 5290 653 5343 Diar.
706 5285 858 5341 erud.
920 5284 1069 5353 ltal.,
1130 5286 1273 5340 tom.
1332 5282 1580 5351 XXVIII,
1642 5296 1774 5354 pag.
1825 5280 1931 5336 310

286 5378 467 5575 Βθῖἑξέ)
499 5430 697 5495 Hard.,
732 5430 865 5484 Hist.
898 5428 1034 5496 Aug.
1070 5424 1221 5482 inter
1240 5441 1384 5510 opp.,
1415 5426 1535 5492 sel.,
1570 5423 1857 5507 pag.'7.33.

376 5506 443 5558 80
497 5501 663 5557 Frrsl.
701 5501 867 5575 Quot.
910 5504 1160 5575 lentam,
1188 5500 1478 5554 Dissertat.
1524 5497 1588 5553 de
1632 5497 1800 5551 utzltt.
1852 5512 1857 5548 π

376 5497 465 5569 80)
497 5501 663 5557 Frrsl.
701 5501 857 5569 Quat.
910 5504 1138 5554 lentam.
1188 5497 1478 5554 Dissertat.
1524 5497 1588 5553 de
1632 5497 1800 5551 utilit.
1852 5510 1931 5549 ret

281 5571 654 5646 numm.}vet.,
685 5590 811 5646 cap.
843 5573 897 5634 3,
930 5588 1062 5643 pag.
1087 5571 1184 5646 15.

354 5647 466 5721 (81)
497 5638 1554 5713 Floreat.'Vestut.occid.Eccl.Martyr.,
1585 5654 1716 5712 pag.
1751 5638 1874 5695 119.

2132 5279 2222 5348 82)
2252 5275 2504 5347 Tillem.,
2535 5272 2883 5348 MempeceL,
2916 5276 3060 5348 tom.
3094 5272 3137 5340 Ι,
3168 5287 3303 5345 pag.
3331 5271 3462 5330 691.

2134 5343 2224 5417 83)
2256 5351 2420 5417 Epist.
2454 5343 2631 5417 presb.
2666 5346 2817 5415 Ach.,
2851 5343 3054 5417 cap.2.

2112 5364 2202 5421 (8:5
2256 5364 2295 5404 ts
2338 5364 2420 5404 tst.
2495 5364 2631 5404 rest).
2666 5364 2817 5415 nam,
2851 5364 3054 5417 cap.z,.

2112 5364 2224 5496 (84)
2249 5367 2426 5496 diem.
2454 5364 2736 5496 Epist.
2770 5417 2795 5472 Ι
2822 5416 2892 5472 ad
2918 5415 3070 5496 ςρςη
3097 5430 3225 5496 cap.

2136 5484 2222 5575 ἐξῇ)
2255 5484 2625 5575 ςγριςλθρίεί.
2650 5490 2740 5554 80,
2769 5488 3044 5575 pag;g§8,
3076 5484 3214 5542 edit.
3249 5484 3431 5543 Oxon.
3470 5486 3631 5541 1682.

2135 5558 2222 5642 se)
2254 5558 2357 5642 12in
2387 5558 2678 5642 li_b.'L_15m,
2696 5558 3003 5642 _p_ag.'720.

2133 5630 2223 5708 87)
2253 5634 2371 5694 Cic.
2405 5634 2479 5692 De
2498 5633 2666 5708 ofﬂa,
2696 5630 2815 5690 lib.“
2833 5645 2898 5702 ιι,
2930 5644 3057 5702 cap.
3086 5630 3141 5685 2.

2205 5351 2224 5709 ἕ
