4016 6222
273 403 429 466 1279

277 624 418 700 βίος,
450 626 540 679 καὶ
590 627 634 681 εἰ
676 626 866 682 δοῦλοί
910 628 1038 683 εἰσιν
1090 631 1124 697 ἢ
1179 627 1474 705 ἐλεύθεροι.
1516 634 1575 687 2.
1619 632 1716 685 Καὶ
1767 630 1916 704 ἐδινῇ

268 734 353 775 τις
405 711 625 788 δοῦλος,
657 714 944 792 έρωτάσθω
996 720 1023 773 6
1079 716 1342 788 δεσπότης
1404 719 1567 774 αὐτοῦ
1618 720 1662 775 εἰ
1717 742 1916 795 μαρτυ-

273 808 356 879 ρεῖ
420 803 587 876 αύτῷ·
652 805 697 860 εἷ
763 803 820 860 δὲ
888 809 987 879 μή,
1043 803 1423 876 ἀποϐαλέσθω,
1472 806 1576 870 ἓως
1646 810 1702 863 ἂν
1772 809 1916 878 ἄξιον

266 893 456 947 ἑαυτὸν
516 892 752 969 ἐπιδείξῃ
816 901 894 968 τῷ
942 894 1195 971 δεσπότῃ·
1230 898 1274 952 εἰ
1334 896 1392 953 δὲ
1449 904 1707 975 μαρτυρεῖ
1751 899 1916 969 αύτῷ,

265 979 675 1058 προσδεχέσθω.
728 986 975 1039 Ἐθνικοῦ
1045 987 1259 1057 οἰκέτης
1329 985 1660 1052 διδασκέσθω
1733 988 1914 1063 εὐαρε-

266 1075 409 1126 στεῖν
467 1077 546 1145 τῷ
605 1070 855 1148 δεσπότῃ,
882 1073 970 1129 ⁹ίνα
1031 1077 1105 1149 μὴ
1144 1076 1549 1153 βλασφημεῖται
1584 1079 1610 1130 ὁ
1643 1074 1826 1151 λόγος.
1862 1080 1912 1132 3.

263 1158 328 1214 Εἰ
365 1161 458 1234 μὲν
512 1159 602 1216 οὖν
656 1161 773 1238 ἔχει
824 1169 1048 1240 γυναῖκα
1091 1166 1126 1234 ἢ
1172 1168 1206 1234 ἡ
1255 1168 1390 1241 γυνὴ
1433 1163 1618 1240 ἄνδρα,
1672 1163 1916 1219 διδασκέ-

265 1251 472 1304 σθωσαν
524 1250 802 1324 ἀρκεῖσθαι
869 1255 1099 1316 ἑαυτοῖς·
1153 1254 1198 1309 εἰ
1247 1253 1304 1309 δὲ
1354 1252 1554 1330 ἄγαμοί
1607 1255 1728 1319 εἰσι,
1783 1276 1914 1327 μαν-

263 1338 562 1394 θανέτωσαν
600 1342 674 1414 μὴ
709 1343 1006 1416 πορνεύειν,
1041 1343 1184 1398 ἀλλᾶ
1213 1351 1407 1418 γαμεῖν
1443 1344 1494 1399 ἐν
1554 1345 1731 1417 νόμῳ.
1771 1343 1825 1398 Εἰ
1861 1342 1916 1397 δέ

266 1430 294 1483 6
329 1425 595 1500 δεσπότης
626 1431 790 1485 αὐτοῦ
828 1433 1017 1494 πιστὸς
1051 1430 1123 1486 ὣν
1176 1434 1266 1487 καὶ
1317 1431 1473 1494 εἰδὼς
1519 1433 1601 1487 ὅτι
1646 1432 1914 1508 πορνεύει,

266 1517 329 1572 ού
362 1515 580 1572 δίδωσιν
629 1519 776 1591 αύτῷ
829 1527 1054 1596 γυναῖκα
1101 1523 1135 1589 ἢ
1187 1526 1254 1594 τῇ
1303 1524 1512 1597 γυναικὶ
1563 1519 1748 1596 ἄνδρα,
1782 1522 1911 1600 ἀφο-

267 1607 614 1680 ριζέσθωσαν.
669 1611 722 1666 4.
794 1608 912 1663 Ἐάν
963 1612 1105 1681 (Cot.
1186 1613 1320 1667 add.
1392 1608 1470 1682 δέ)
1539 1633 1621 1671 τις
1685 1609 1917 1684 δαίμονα

267 1693 391 1770 ἔχῃ,
427 1693 756 1751 διδασκέσθω
791 1697 885 1770 μὲν
926 1699 1024 1767 τήν
1078 1694 1372 1768 εὒσέϐειαν,
1404 1701 1477 1772 μή
1531 1696 1915 1774 προσδεχέσθω

264 1781 322 1839 δὲ
353 1783 428 1846 εἷς
482 1785 766 1840 κοινωνίαν
810 1786 937 1863 πρὶν
997 1787 1056 1842 ἂν
1114 1792 1434 1862 καθαρισθῇ·
1480 1788 1524 1842 εἰ
1586 1787 1641 1842 δὲ
1695 1790 1915 1849 θάνατος

262 1873 584 1951 κατεπείγει,
653 1873 1062 1952 προσδεχέσθω.
1130 1881 1182 1934 5.
1251 1877 1319 1932 Εἴ
1374 1899 1454 1939 τις
1520 1872 2104 1984 πορνοϐοσκὸς,Βὲτὶ

271 1963 299 1984 Ἃ
493 1965 503 1982 1
551 1975 571 1984 Α
659 1966 719 1984 In
764 1970 773 1984 Ι
887 1968 944 1984 'I'I
1069 1970 1118 1984 αὶ
1467 1967 1480 1984 Ι
1623 1968 1647 1984 ιι
1714 1967 1728 1984 9
1818 1962 1848 1984 ρ

262 1963 299 2032 ἢ
331 1965 625 2028 παυσάσθω
657 1966 802 2037 (Cot.
836 1968 968 2023 add.
1002 1970 1122 2040 τοῦ)
1175 1967 1562 2042 μαστροπεύειν
1614 1968 1649 2036 ἢ
1705 1962 1912 2022 ἀποϐα-

266 2051 446 2118 λὲσθω
477 2055 828 2126 (sequuntur
856 2056 1028 2127 plura
1069 2058 1229 2128 apud
1277 2058 1444 2126 Cot.).
1475 2060 1589 2109 Τῶν
1641 2056 1728 2110 ἐπὶ
1779 2076 1912 2125 σκη-

263 2147 365 2211 νῆς
409 2141 497 2197 ἐάν
545 2163 628 2204 τις
674 2142 898 2219 προσείη
946 2145 1074 2217 (sic)
1113 2145 1309 2218 ἀνὴρ-ἢ
1337 2146 1470 2220 γυνή
1515 2146 1550 2213 ἢ
1605 2144 1828 2220 ἡνίοχος
1877 2147 1913 2214 ἢ

272 2230 654 2307 μονομάχοςῆ
712 2229 1108 2307 σταδιοδρόμος
1165 2234 1198 2303 ἢ
1260 2233 1665 2306 λουδεμπιστῆς
1714 2237 1916 2307 (codex

264 2323 420 2392 στῆς)
461 2322 496 2390 ἢ
553 2320 863 2394 ὀλυμπικὸς
901 2323 937 2390 ἢ
993 2321 1279 2398 χοραύλης
1322 2324 1357 2392 ἢ
1397 2325 1710 2398 κιθαριστὴς
1769 2325 1914 2396 (seq.

263 2410 378 2468 alia
427 2412 581 2483 apud
633 2411 780 2480 Cot.)
825 2411 860 2480 ἢ
906 2408 1136 2481 αὔλησιν
1188 2410 1645 2485 ἐπιδεικνύμενος,
1696 2413 1730 2481 ἢ
1781 2433 1916 2466 παυ-

263 2498 542 2554 σάσθωσαν
587 2500 622 2568 ἢ
692 2493 1172 2563 ἀποϐαλέσθωσαν.
1221 2503 1275 2557 6.
1328 2502 1677 2574 Στρατιώτης
1744 2522 1916 2577 προσ-

271 2589 364 2642 ιὼν
414 2584 746 2650 διδασκέσθω
801 2588 876 2660 μὴ
928 2584 1153 2660 ἀδικεῖν,
1190 2590 1264 2662 μὴ
1315 2594 1684 2667 συκοφαντεῖν,
1737 2589 1914 2666 ἀρκεῖ-

264 2678 385 2732 σθαι
415 2674 474 2732 δὲ
500 2682 616 2739 τοῖς
649 2673 956 2750 διδομένοις
997 2675 1272 2751 ὀψωνίοις·
1319 2678 1641 2752 πειθόμενος
1688 2677 1916 2755 προσδε-

269 2767 471 2843 χέσθω,
502 2764 797 2842 ἀντιλέγων
851 2767 907 2822 δὲ
961 2763 1342 2833 ἀποϐαλέσθω.
1377 2767 1801 2844 Ἀῥρητοποιὸς,
1833 2768 1917 2823 κί-

266 2853 474 2923 ναιδος,
526 2853 680 2930 βλὰξ,
737 2853 932 2931 μάγος,
978 2854 1327 2932 ὀχλαγωγὸς,
1381 2855 1650 2928 ἐπαοιδὸς,
1717 2855 1914 2928 λῶταξ,

268 2945 622 3020 περιάμματα
649 2947 847 3011 ποιῶν,
879 2943 1190 3014 οἰωνιστής,
1241 2940 1737 3017 σομϐολοδείκτης,
1770 2943 1918 2999 παλ-

283 3037 398 3107 μῶν
430 3031 718 3108 ἑρμηνεὺς,
770 3029 1176 3110 φυλαττόμενος
1246 3033 1296 3087 ἐν
1351 3036 1662 3104 συναντήσει
1733 3029 1917 3096 λωϐὰς

263 3122 400 3195 (sic)
431 3116 607 3196 ὄψεων
635 3121 670 3191 ἢ
702 3118 884 3176 ποδῶν
921 3120 950 3176 ύ
983 3120 1206 3197 ὀρνίθων
1251 3123 1287 3191 ἢ
1320 3121 1503 3198 γαλῶν
1555 3123 1591 3192 ἢ
1642 3121 1916 3201 ἐπιφωνή-

269 3231 404 3266 σεων
432 3211 468 3280 ἢ
514 3211 987 3287 παρακροαμάτων
1041 3207 1416 3285 συμϐολικῶν,
1449 3212 1638 3288 χρόνῳ
1686 3210 1915 3286 δοκιμα-

273 3299 542 3370 ζέσθωσαν
577 3317 592 3332 ·
680 3296 1026 3364 δυσέκνιπτος
1072 3345 1085 3358 .
1132 3341 1144 3354 .
1191 3321 1203 3335 σ

271 3386 538 3458 Παλλακὴ
583 3432 597 3448 .
642 3431 656 3446 .
700 3429 713 3444 .
757 3383 1115 3444 ἀποϐαλέσθω
1159 3432 1172 3446 .
1218 3434 1229 3446 .
1276 3433 1290 3448 .
1333 3391 1378 3444 εἷ
1430 3392 1522 3464 μὲν
1576 3389 1749 3461 δούλη
1783 3391 1924 3447 ἐστίν

272 3521 289 3538 .
333 3518 347 3534 .
394 3522 409 3535 .
451 3478 498 3534 εἰ
531 3475 590 3534 δὲ
637 3475 914 3555 ἐλευθέρα,
943 3478 1185 3554 γαμείτω
1228 3521 1240 3533 .
1287 3522 1300 3536 .
1347 3522 1359 3536 .
1393 3481 1422 3535 6
1454 3485 1584 3555 (pro
1613 3481 1680 3554 εἷ)
1716 3477 1774 3535 δὲ
1822 3481 1921 3554 μή,

271 3563 653 3624 ἆποϐαλέσθω.
721 3571 775 3624 8.
843 3567 1192 3638 Ἑλληνικοῖς
1235 3613 1246 3626 .
1292 3613 1304 3625 .
1355 3613 1367 3626 .
1460 3570 1822 3643 μετατιθέσθω
1886 3570 1922 3638 ἢ

238 3652 636 3722 ιᾶποϐαλέσθω
681 3701 694 3713 .
738 3702 751 3714 .
798 3701 811 3713 .
867 3654 1294 3733 ἱπποδρομικοῖς
1345 3658 1548 3733 ἀγῶσιν
1585 3703 1598 3716 .
1647 3703 1659 3716 .
1705 3703 1718 3716 .
1785 3661 1924 3714 ἀπο-

272 3743 542 3803 ϐαλέσθω.
574 3749 628 3803 9.
661 3747 717 3800 Ὀ
750 3745 970 3819 μέλλων
1020 3788 1031 3801 .
1080 3791 1092 3804 .
1138 3791 1151 3803 .
1213 3744 1419 3802 εὔνοιαν
1473 3750 1674 3821 (codex
1717 3749 1923 3821 ἄνοιαν)

274 3835 378 3912 ἔχῃ
407 3839 546 3910 (Cot.
576 3837 711 3894 add.
743 3835 866 3911 περὶ
894 3836 956 3891 τὸ
987 3839 1236 3910 πρᾶγμα)
1279 3881 1292 3893 .
1338 3879 1352 3893 .
1399 3882 1410 3894 .
1473 3841 1558 3893 10.
1606 3881 1618 3893 .
1665 3879 1676 3891 .
1727 3883 1740 3895 .
1800 3837 1919 3892 λαῖ-

274 3925 369 3986 κὸς
401 3921 508 3994 εἷή.
543 3925 630 3980 11.
662 3928 773 3986 Πᾶς
805 3924 994 3985 πιστὸς
1039 3966 1052 3980 .
1099 3967 1112 3980 .
1161 3967 1174 3980 .
1216 3924 1322 4000 πρὸ
1351 3928 1450 3979 τοῦ
1489 3925 1550 3979 τὸ
1599 3921 1755 4000 ἔργον
1806 3930 1923 4000 χεῖ-

277 4034 370 4090 ρον
430 4009 733 4068 ἐπιτελέσαι
775 4056 787 4069 .
835 4056 847 4069 .
893 4056 906 4067 .
970 4011 1016 4066 εἰ
1075 4009 1132 4066 δέ
1175 4034 1258 4068 τις
1333 4011 1496 4090 λόγος
1562 4016 1924 4089 κατηχήσεως

274 4101 498 4178 γίνεται,
562 4099 1054 4177 προτιμησάτωσαν
1100 4147 1113 4158 .
1159 4147 1171 4158 .
1218 4145 1229 4155 .
1298 4098 1590 4165 εὐσεϐείας.
1674 4106 1758 4159 12.
1829 4110 1925 4158 Πι-

279 4190 402 4251 στὸς
432 4191 468 4258 ἢ
499 4191 664 4258 πιστὴ
710 4234 724 4247 .
771 4231 782 4243 .
829 4234 841 4246 .
885 4189 1202 4252 ἐπιστολαῖς
1234 4188 1570 4263 διετάξαμεν.

353 4280 708 4353 lnscriptum
776 4283 866 4336 est
922 4278 1128 4354 Πέτρου
1191 4279 1280 4334 καὶ
1331 4280 1552 4336 Παύλου
1598 4284 1704 4334 τῶν
1757 4281 1924 4356 ἁγίων

279 4367 600 4424 ἀποστόλων
631 4365 865 4441 διάταξις
897 4369 1030 4442 (67).

1295 3295 1750 3357 ἀποϐαλέσθωσαν
1761 3345 1774 3359 .
1859 3304 1914 3358 7.

353 4459 600 4529 XXXIII,
663 4461 713 4516 1.
773 4459 912 4534 Ἐγὼ
965 4458 1166 4532 Πέτρος
1223 4457 1313 4512 καὶ
1371 4459 1514 4530 (Cot.
1595 4460 1727 4516 add.
1804 4458 1929 4534 ἐγὼ)

1756 407 2154 472 ADDENDA.

271 534 488 597 αύτούς.
558 537 914 607 Ἐξεταζέσθω
977 537 1033 594 δὲ
1105 534 1347 615 ἀκριϐῶς
1407 541 1434 593 ὁ
1486 540 1688 616 τρόπος
1755 542 1842 596 καὶ
1889 541 2205 611 ὁΑΠαῦλ.
2259 542 2614 618 διατάσσομεν
2679 544 2987 621 ἐργάζεσθαι
3051 541 3180 606 τοὺς
3267 539 3434 604 λαοὺς

3521 407 3687 472 1280

3524 562 3684 596 πεντε

2030 633 2260 708 ἡμέρας,
2293 629 2450 689 σάϐϐ.
2486 632 2542 688 δὲ
2600 657 2650 690 κ.
2708 654 2828 708 κυρ.
2880 632 3296 709 σχολαζέτωσαν
3344 632 3492 704 (Cot.
3544 633 3680 688 add.

2031 721 2106 795 ἐν)
2155 727 2222 795 τῇ
2275 721 2536 794 ἐκκλησίᾳ
2580 768 2591 779 .
2637 768 2648 780 .
2697 769 2707 778 .
2760 721 3054 798 δημιουργ.
3105 723 3302 798 τρόπον
3349 720 3497 797 ἔχειν
3545 765 3558 777 .
3609 764 3623 778 .
3669 763 3682 775 .

2025 814 2080 868 2.
2117 813 2223 880 Τὴν
2268 854 2281 868 .
2327 857 2337 868 .
2386 856 2397 869 .
2442 814 2469 866 6
2515 813 2880 888 συγχωρήσας
2933 813 3078 884 (Cot.
3133 813 3268 868 add.
3317 812 3377 880 ἢ)
3423 809 3515 864 καὶ
3560 808 3689 862 ἀνα-

2029 903 2228 970 στήσας
2273 945 2286 958 .
2332 947 2343 958 .
2390 947 2402 958 .
2445 902 2752 975 πνεύματος
2800 903 2898 969 τὴν
2952 898 3193 955 δοθεῖσαν
3239 943 3253 955 .
3300 943 3314 954 .
3359 941 3372 954 .
3436 899 3488 953 ἐν
3540 898 3683 971 αὖτῇ

2026 992 2171 1058 (Cot.
2218 993 2350 1046 add.
2383 991 2506 1062 τήν)
2538 987 2948 1066 ἀπροσδόκητον
2995 988 3153 1065 χάριν
3200 993 3317 1050 τοῖς
3368 988 3686 1061 ἀνθρώποις

2028 1075 2273 1142 δεδόσθαι
2319 1124 2329 1134 .
2378 1124 2389 1136 .
2439 1123 2451 1136 .
2494 1077 2660 1154 λόγον
2695 1080 2837 1152 (Cot.
2882 1080 3018 1135 add.
3070 1079 3275 1146 Ἰησοῦν
3324 1077 3580 1150 Χριστὸν)
3627 1076 3684 1129 ἐκ

2143 1207 2157 1224 .
2219 1169 2318 1236 τήν
2389 1172 2493 1223 τῶν
2581 1166 2748 1242 ἁγίων
2827 1167 3121 1245 θεοφανίων
3190 1166 3384 1242 ἑορτὴν
3432 1209 3444 1220 .
3492 1209 3562 1222 ..
3626 1167 3682 1221 3.

2024 1258 2125 1318 Τὰς
2159 1259 2370 1333 ἡμέρας
2414 1302 2425 1313 .
2475 1301 2486 1313 .
2533 1302 2544 1313 .
2589 1257 2821 1327 ἠξίωσαν
2858 1255 3035 1331 ἁγίου.

2096 1393 2335 1459 XXXIV,
2372 1395 2394 1448 1
2433 1393 2559 1463 (68).
2615 1389 2799 1466 Εύχᾶς
2851 1389 2990 1446 ἐπιτ.
3045 1385 3251 1464 ὅρθρως
3302 1391 3494 1460 τιτρώτγ⁸
3543 1387 3678 1461 ὥρα,

2023 1478 2180 1555 τρίτῃ

2027 1569 2313 1646 ροφωνίας.
2365 1571 2594 1644 Ὀρθρου
2673 1570 2764 1641 μὲν
2827 1571 2969 1639 (Cot.
3023 1570 3156 1624 add.
3206 1567 3679 1642 εὐχαριστοῦντες)

2025 1657 2106 1712 ὅτι
2137 1657 2220 1735 ἐφ.
2252 1660 2400 1730 ὖμᾶς
2430 1660 2575 1731 (Cot.
2613 1658 2761 1730 ὑμῖν,
2797 1676 2911 1714 non
2948 1658 3076 1729 Ue.)
3120 1700 3131 1711 .
3181 1699 3192 1710 .

2025 1745 2106 1802 ὅτι
2152 1747 2202 1801 ἐν
2236 1746 2371 1820 αὐτῇ
2403 1746 2668 1824 ἀπόφασιν
2718 1746 2823 1801 ἀπὸ
2874 1743 3114 1800 Πιλάτου
3157 1743 3344 1799 ἔλαϐεν
3402 1745 3429 1798 6
3486 1745 3682 1817 Κύριος

2147 1880 2159 1891 .
2223 1834 2531 1910 ἐσταυρώθη
2593 1836 2620 1889 6
2671 1833 2922 1910 Χριστός·
2978 1832 3167 1906 ἐννάτῃ
3213 1836 3356 1906 (Cot.
3408 1835 3548 1890 add.
3602 1830 3680 1904 δέ)

2149 1924 2321 1980 πάντα
2367 1923 2646 1993 ἐκεκίνητο
2691 1967 2705 1980 .
2747 1968 2762 1981 .
2809 1967 2820 1981 .
2887 1923 2967 1998 ἐφ’
3016 1921 3242 1999 ἑσπέρας
3303 1919 3361 1976 δὲ
3429 1921 3554 1997 εύχ.
3599 1921 3683 1975 ὅτι

2025 2017 2160 2087 ἡμῖν
2204 2018 2345 2087 (Cot.
2383 2014 2534 2086 ὑμῖν,
2587 2016 2680 2072 Ue.
2732 2016 2876 2082 om.)
2930 2007 3127 2067 ἔδωκεν
3184 2011 3482 2065 ἀνάπαυσιν
3535 2012 3686 2082 (Cot.

2027 2105 2160 2161 add.
2238 2105 2372 2177 τῶν)
2441 2104 2818 2175 καθημερινῶν
2868 2146 2880 2158 .
2926 2142 2940 2157 .
2986 2144 2998 2156 .
3039 2107 3140 2170 τῆς
3199 2100 3500 2176 παρουσίας
3549 2143 3562 2154 .
3611 2143 3624 2155 .
3672 2142 3685 2154 .

2024 2196 2078 2248 2.
2106 2191 2171 2246 EI
2205 2193 2280 2263 μή
2323 2231 2338 2248 .
2387 2235 2398 2246 .
2448 2234 2459 2246 .
2502 2191 2779 2266 προσιέναι
2825 2233 2838 2246 .
2884 2234 2896 2247 .
2945 2233 2956 2246 .
3011 2190 3270 2267 φευκτέος
3331 2234 3343 2245 .
3391 2232 3404 2244 .
3451 2235 3462 2246 .

2025 2281 2114 2336 καὶ
2161 2281 2211 2335 οἱ
2260 2280 2466 2357 ἐναγεῖς
2520 2280 2845 2352 μιαίνουσιν.
2895 2282 2947 2335 3.
3004 2277 3068 2332 Εἰ
3123 2275 3180 2332 δὲ
3246 2279 3385 2350 μήτε
3442 2276 3494 2329 ἐν
3547 2274 3691 2346 οἷ’κφ

2027 2367 2139 2443 ἅμα
2173 2370 2312 2442 μήτε
2342 2369 2394 2422 ἐν
2444 2367 2593 2424 ἐκκλ.
2628 2372 2770 2438 (Cot.
2816 2369 2950 2424 add.
2999 2366 3475 2440 συναθροισθῆναι)
3531 2363 3693 2418 δυνα-

2024 2458 2136 2529 τὸν,
2181 2454 2407 2519 ἕκαστος
2449 2461 2597 2531 (Cot.
2650 2459 2785 2513 add.
2840 2457 2988 2528 παρ’)
3040 2456 3212 2526 ἑαυτῷ
3241 2452 3504 2528 ψαλλέτω
3549 2496 3564 2509 .
3611 2496 3625 2508 .
3674 2498 3687 2508 .

2027 2547 2113 2602 ἐὰν
2149 2546 2250 2602 ὦσι
2280 2549 2386 2620 (ita
2414 2552 2567 2604 recte
2593 2548 2770 2603 etiam
2805 2547 2902 2602 Ue.
2937 2549 3142 2601 contra
3172 2545 3293 2601 Cot.
3337 2541 3464 2616 εἶσί)
3518 2543 3689 2619 φησὶν

2028 2636 2057 2690 ὁ
2089 2636 2283 2709 Κύριος
2315 2637 2478 2708 (item
2527 2636 2652 2704 Ue.,
2701 2639 2820 2691 Got.
2871 2639 3014 2703 om.)
3057 2677 3071 2690 .
3117 2677 3131 2688 .
3176 2676 3189 2688 .
3250 2636 3302 2689 4.
3367 2673 3378 2684 .
3426 2675 3440 2688 .
3485 2674 3500 2687 .
3563 2632 3689 2686 κατ’

2029 2725 2133 2782 οἶκ.
2164 2724 2548 2801 προσευχέσθω
2579 2726 2674 2797 (ab
2706 2725 2814 2781 hoc
2844 2741 3110 2799 προσευχ.
3143 2723 3339 2779 scriba
3381 2721 3695 2778 transiluit

2029 2817 2098 2873 ad
2156 2815 2432 2888 alterum)
2475 2856 2487 2871 .
2535 2856 2548 2870 .
2595 2858 2608 2870 .
2650 2815 2704 2869 5.
2751 2857 2764 2870 .
2810 2856 2824 2869 .
2869 2857 2883 2869 .
2927 2809 3149 2874 δούλοις
3199 2812 3303 2884 (ita
3350 2816 3508 2868 recte
3559 2811 3688 2880 Ue.,

2027 2909 2148 2962 Got.
2178 2901 2395 2977 δοῦλοι)
2438 2948 2451 2960 .
2497 2947 2509 2959 .
2556 2946 2570 2960 .
2605 2897 3082 2958 ἀποϐαλέσθωσαν.
3112 2902 3246 2958 Jam
3277 2901 3561 2974 sequitur.
3591 2917 3692 2956 ca-

2029 2999 2134 3067 put
2163 3011 2298 3060 XLII,
2323 2993 2485 3050 nullo
2514 2993 2684 3050 titulo
2715 2999 2816 3049 aut
2844 2997 2985 3050 nota
3014 2986 3705 3064 interposita.’EmtsXs£-

2028 3083 2136 3136 σθω
2167 3083 2314 3151 (Cot.
2342 3084 2477 3139 add.
2503 3078 2580 3153 δὲ)
2613 3079 2768 3155 τρίτα
2802 3123 2814 3136 .
2854 3125 2865 3136 .
2903 3123 2914 3136 .
2950 3079 3000 3134 ἐν
3035 3076 3213 3152 ψαλμ.
3248 3079 3392 3149 (Cot.
3424 3077 3565 3134 add.
3601 3075 3697 3130 καὶ

2026 3170 2377 3247 ἀναγνώσεσι)
2414 3169 2502 3224 καὶ
2535 3173 2867 3246 προσευχαῖς
2914 3214 2926 3226 .
2973 3213 2985 3224 .
3034 3211 3046 3224 .
3088 3168 3179 3222 καὶ
3217 3164 3510 3240 τριακοστᾶ
3555 3210 3570 3222 .
3617 3209 3631 3221 .
3683 3207 3700 3221 .

2033 3261 2124 3316 ὑπ.
2162 3258 2345 3332 μνείας
2401 3257 2576 3314 αὐτῶν
2637 3254 2870 3312 διδόσθω
2928 3255 2987 3311 ἐκ
3031 3277 3084 3311 τι
3132 3255 3224 3312 ὑπ.
3275 3254 3461 3316 αὐτοῖς
3492 3254 3574 3316 εἷς
3607 3254 3696 3311 ἂν,

2036 3348 2210 3404 αὐτῶν
2222 3391 2235 3405 .

2331 1480 2419 1534 καὶ
2469 1478 2596 1551 ἕκτῃ
2637 1501 2688 1536 κ.
2742 1478 2848 1535 ἐνν.
2898 1478 2987 1532 καὶ
3039 1479 3262 1552 ἑσπέρας
3306 1477 3396 1531 καὶ
3453 1477 3680 1530 ἀλεκτο-

3239 1700 3252 1711 .
3304 1655 3498 1710 νύκταν
3543 1699 3555 1711 .
3600 1699 3613 1711 .
3661 1698 3674 1710 .

3509 2186 3689 2248 οὕτως

2105 3483 2303 3550 XLIII,
2334 3481 2524 3550 XLIV;
2576 3483 2629 3538 1.
2674 3481 2758 3534 Ἐν
2807 3477 2864 3534 δὲ
2901 3482 3024 3541 ταῖς
3077 3479 3320 3551 μνήμαις
3366 3522 3378 3534 .
3426 3521 3438 3534 .
3485 3523 3497 3534 .
3553 3497 3690 3554 πρε-

2036 3565 2283 3644 σϐύτεροι
2316 3569 2418 3645 γὰρ
2454 3612 2466 3625 .
2504 3611 2516 3624 .
2554 3613 2567 3625 .
2596 3565 2745 3644 λέγει
2777 3568 2882 3642 γὰρ
2913 3611 2926 3624 .
2964 3608 2980 3624 .
3016 3609 3029 3622 .
3063 3566 3206 3621 οἶνον
3240 3569 3387 3636 (Got.
3421 3568 3558 3623 add.
3612 3565 3692 3638 δὲ)

2040 3660 2116 3733 μὴ
2151 3700 2164 3712 .
2196 3698 2212 3716 .
2251 3702 2264 3714 .
2299 3657 2360 3712 οὐ
2410 3658 2556 3729 (Cot.
2608 3659 2742 3714 add.
2795 3658 2896 3729 μὴ)
2941 3653 3202 3711 δύνωνται
3239 3700 3253 3712 .
3290 3702 3301 3713 .
3341 3701 3354 3713 .
3410 3656 3546 3729 μετᾶ
3593 3656 3689 3710 τὸν

2035 3748 2162 3804 Θεὸν
2199 3792 2210 3806 ,
2244 3789 2256 3800 .
2305 3789 2318 3802 .
2366 3746 2473 3822 οὐχ
2519 3745 2612 3800 ’ίνα
2672 3747 2748 3819 μή
2801 3745 3019 3800 πίωσιν·
3071 3743 3216 3806 ὅλως
3272 3743 3373 3820 γὰρ
3431 3743 3530 3799 οὐκ
3588 3746 3693 3817 (ita

2035 3838 2213 3895 etiam
2244 3837 2367 3906 Ue.,
2401 3837 2523 3893 Cot.
2561 3834 2670 3905 καί)
2723 3879 2736 3890 .
2791 3878 2804 3890 .
2860 3877 2873 3890 .
2927 3834 3003 3906 μή
3029 3832 3199 3888 πίνειν
3249 3833 3393 3887 οἶνον
3454 3831 3532 3894 εἷς
3570 3876 3584 3888 .
3622 3877 3636 3889 .
3672 3877 3686 3889 .

2034 3930 2131 3981 τοῦ
2193 3924 2447 3999 μεθύσου.
2503 3927 2559 3982 2.
2613 3969 2625 3980 .
2681 3966 2694 3982 .
2753 3965 2766 3979 .
2811 3921 2874 3977 τὸ
2923 3916 3096 3996 ὄνομα
3151 3921 3348 3997 Κυρίου
3406 3926 3502 3976 τοῦ
3561 3925 3692 3976 Θεοῦ

2036 4017 2194 4088 ἡμῶν
2227 4016 2360 4084 Ἰησ.
2394 4019 2492 4090 Χρ.
2547 4058 2558 4069 .
2599 4056 2611 4068 .
2651 4058 2664 4069 .
2715 4009 2900 4086 εἷ’ρηκε
2943 4009 3058 4064 Τίνι
3112 4055 3124 4067 .
3163 4055 3174 4068 .
3211 4055 3224 4067 .
3277 4010 3339 4064 ού
3388 4014 3497 4066 τῶν
3551 4031 3690 4086 χρο-

2036 4110 2140 4172 νιζ.
2176 4103 2226 4157 ἐν
2263 4101 2395 4174 οἷ’νῳ
2454 4103 2543 4156 καὶ
2600 4100 3084 4156 κατασκοπούντων
3143 4122 3202 4156 π.
3261 4121 3321 4156 π.
3353 4099 3454 4175 γίν.
3513 4100 3687 4156 XLV.

2167 4238 2181 4249 .
2230 4191 2539 4266 προσίενται
2776 4189 2854 4268 ἐφ’
2913 4190 3125 4251 ἑαυτοῖς
3188 4233 3201 4245 .
3259 4233 3272 4245 .
3327 4232 3341 4246 .
3392 4189 3581 4254 XLVI,
3646 4191 3695 4244 1.

2038 4285 2218 4339 Τοῦτο
2273 4278 2331 4334 δὲ
2385 4284 2542 4352 κοινῇ
2575 4284 2701 4333 πᾶσι
2739 4323 2752 4334 .
2789 4324 2800 4335 .
2839 4281 2941 4351 ,τῇ
2973 4278 3119 4350 αύτῷ
3150 4275 3364 4351 δοθείσῃ
3391 4276 3534 4348 τάξει
3573 4319 3592 4332 .
3627 4320 3642 4332 .
3681 4319 3693 4330 .

2040 4372 2068 4424 ὁ
2100 4370 2309 4424 ἀκούων
2356 4370 2459 4443 γὰρ
2507 4368 2684 4440 ὑμῶν,
2724 4366 2886 4444 φησὶν
2937 4368 2965 4420 ὁ
3009 4365 3229 4442 Κύριος,
3282 4364 3421 4438 ἐμοῦ
3462 4409 3474 4422 .
3510 4407 3523 4420 .
3564 4408 3576 4420 .
3611 4365 3698 4418 καὶ

2041 4460 2068 4513 6
2102 4457 2199 4531 ἐμὲ
2221 4457 2446 4527 ἀθετῶν,
2475 4462 2584 4514 etc.

1922 4735 2058 4831 II.

1073 4889 1277 4951 Variae
1307 4890 1629 4952 Lectiones
1659 4889 1739 4950 ad
1768 4888 2099 4952 Clementis
2127 4887 2432 4951 Homilies
2461 4892 2524 4949 et
2551 4886 2904 4967 Epitomen.

358 5141 516 5198 Inter
570 5141 728 5197 viros
786 5140 986 5195 doctos
1043 5144 1271 5196 constat
1326 5138 1643 5198 Clementis
1702 5138 1950 5194 Romani
1981 5153 2108 5209 quae
2143 5138 2410 5193 feruntur
2433 5135 2820 5209 Homiliarum
2853 5134 3705 5209 duo__tant_um__I_i_ncus_quego-

281 5214 441 5270 dices
498 5214 763 5268 inventos
819 5227 966 5267 esse.
1023 5211 1180 5267 Alter
1235 5215 1322 5266 est
1381 5212 1700 5277 Parisinus,
1735 5211 1805 5265 ad
1867 5205 2044 5266 finem
2077 5209 2344 5274 mutilus,
2378 5207 2652 5264 desinens
2683 5208 2741 5262 in
2771 5207 2948 5262 verba
2971 5206 3190 5262 Homil.
3221 5206 3364 5273 XIX,
3397 5205 3492 5274 14;
3517 5207 3551 5274 ἡ
3589 5205 3702 5275 ὅλη

286 5283 450 5339 ὁπότε
479 5285 576 5411 (Ιοῖ.
611 5285 700 5340 ed.
735 5282 981 5338 Dressel.
1004 5300 1147 5410 (ρας.
1179 5284 1331 5350 383‘,
1368 5285 1472 5352 12).
1507 5283 1585 5338 ΕΟ
1618 5282 1740 5338 solo
1771 5282 1917 5336 nitet

287 5361 489 5411 aoosto
516 5357 621 5411 icis
651 5373 798 5411 onus
829 5371 998 5410 emen
1045 5355 1197 5410 atius
1228 5355 1457 5411 repetiit
1486 5353 1708 5411 Clerici.
1732 5354 1869 5408 item
1901 5370 1917 5408 ι

2048 5281 2264 5337 reditio
2297 5279 2559 5336 Cotelerii
2607 5284 2665 5334 et
2765 5279 2824 5332 ui
2879 5282 2986 5334 toti

2048 5370 2125 5408 Ira
2152 5351 2502 5411 Schwegleri
2524 5296 2986 5411 editiofi‘luperri

1045 5349 1197 5410 atius
1228 5349 1457 5426 repetiit
1486 5353 1708 5421 Clerici,
1732 5354 1869 5426 item
1901 5370 2125 5426 nupera
2152 5351 2508 5426 Schwegleri
2524 5351 2722 5426 editio.
2742 5349 3088 5426 Nuperrime
3113 5353 3310 5426 eutem
3336 5349 3483 5426 alter
3504 5367 3711 5426 occes-

287 5357 621 5442 apostoiicis
651 5373 798 5437 opus
829 5371 998 5442 einen

2765 5279 2824 5332 ui
2879 5282 3070 5334 totum
3126 5279 3258 5349 ejus
3312 5279 3384 5333 de
3430 5278 3707 5348 patribus

289 5420 384 5496 sit,
419 5420 842 5486 Ottobonienus
872 5426 1206 5497 Vaticanus,
1239 5420 1310 5480 aii
1340 5425 1571 5481 Alberto
1601 5420 1831 5481 Dressel
1861 5420 2151 5494 inventus,
2184 5429 2240 5480 et
2269 5420 2420 5479 anno
2454 5423 2591 5478 1853
2623 5422 2694 5478 ad
2727 5420 2936 5477 novum
2967 5420 3345 5477 homiliarum
3376 5421 3704 5479 editionem

357 5552 809 5626 (67)_Proxim_us
840 5551 1058 5626 titulus
1079 5551 1139 5605 in
1173 5550 1374 5626 tabula
1405 5547 1607 5626 (nivosi)
1641 5554 1729 5606 est
1761 5569 1773 5605 :
1808 5547 1930 5624 περὶ

286 5619 383 5679 τοῦ
415 5619 700 5701 φυλάττειν
727 5619 948 5678 ἕκαστον
977 5620 1121 5691 τάξιν
1153 5622 1242 5675 καὶ
1277 5619 1641 5695 λειτουργίαν.

2115 5549 2225 5619 (68)
2255 5547 2427 5603 Nulla
2460 5546 2640 5603 textui
2669 5546 2973 5618 inscriptio
3004 5545 3320 5619 praeposita
3349 5552 3456 5603 est.

349 5760 369 5780 ⁸
399 5759 490 5809 Hm
525 5759 649 5807 sunt
678 5756 820 5819 apud
849 5770 946 5806 nos
975 5755 1276 5806 numeralee
1303 5760 1443 5806 nota:
1472 5757 1612 5820 typis
1632 5755 2005 5818 grandioribus
2035 5767 2296 5818 expressae
2329 5767 2448 5818 quin
2477 5753 2646 5805 textui
2668 5752 3114 5804 intermiscentur.
3145 5751 3285 5802 Ευιτ.
3320 5753 3470 5804 Pun.
