4016 6222
241 321 393 383 4293

1747 324 2144 386 ADDENDA.

3486 328 3638 391 1294

240 449 485 527 μεγάλου
514 449 714 526 ταύρου
748 450 888 505 εἶπεν
923 448 1089 525 λόγον
1120 451 1194 513 εἰς
1233 452 1296 506 τὸ
1337 451 1497 507 ὠτίον
1538 451 1702 507 αὐτοῦ
1726 456 1887 526 (I706
1916 459 1967 523 Α
2073 456 2167 509 Καὶ
2201 458 2227 510 6
2279 456 2464 525 Σίμων
2517 457 2678 533 φησίν
2712 476 2726 490 ο
2778 456 2842 512 Εἰ
2890 456 3196 532 πρόγνωσιν
3228 458 3371 533 εἶχεν
3401 461 3532 532 (70).
3574 506 3584 515 .
3623 505 3637 518 .

242 545 341 614 μιᾷ
393 538 487 594 οὖν
543 544 649 595 τῶν
712 542 935 617 ἡμερῶν
1004 542 1402 616 προστάξαντος
1467 546 1563 596 τοῦ
1628 543 1882 615 Σίμωνος

238 638 474 714 ἀχθῆναι
525 638 669 710 αὐτῷ
709 643 904 715 ταῦρον
956 637 1282 714 παμμεγέθη
1318 687 1333 711 ,
1384 637 1649 710 ἐλάλησεν
1697 641 1771 703 εἷς
1821 642 1883 696 τὸ

238 728 333 788 οῦς
383 726 589 799 αὐτοῦ),
636 728 725 781 καὶ
769 734 1111 804 παραχρῆμα
1158 730 1321 797 (1706
1366 728 1653 801 παρευθυς)
1700 728 1884 800 τέθνη-

236 835 326 869 κεν
356 816 383 867 6
411 818 626 886 ταῦρος.
668 817 723 870 '0
756 814 813 870 δὲ
863 813 1064 891 Πέτρδς
1112 816 1398 888 εὐξάμενος
1450 817 1539 871 καὶ
1584 817 1882 888 ἀναστήσας

238 901 417 968 αὐτὸν,
466 901 659 964 πάντες
696 901 907 974 μᾶλλον
960 902 1276 976 ἐθαύμαζον,
1332 904 1599 979 λέγοντεςι
1632 906 1702 960 Τὸ
1746 912 1881 974 ζωο-

237 996 463 1065 γονῆσαι
500 990 631 1065 ὑπὲρ
678 995 775 1044 τοῦ
824 996 1120 1054 θανατῶσαι
1170 992 1351 1065 μεῖζόν
1404 992 1511 1048 ἐστι
1544 996 1707 1066 (1706
1748 996 1880 1052 add.

234 1078 321 1151 τὸ)
351 1080 547 1151 θαῦμα.
585 1078 685 1134 Καὶ
729 1078 911 1151 μέντοι
954 1079 1041 1134 καὶ
1075 1079 1219 1136 ἄλλα
1249 1087 1450 1153 σημεῖα
1480 1080 1664 1136 πολλὰ
1697 1081 1883 1154 ἐποίη-

236 1188 356 1238 σαν,
387 1166 475 1220 καὶ
509 1164 710 1241 λόγους
751 1166 1115 1242 δογματικοὺς
1164 1167 1435 1237 ἐλάλησαν
1487 1170 1732 1225 ἀπέναντι
1784 1169 1881 1225 ἀλ-

238 1252 455 1324 λήλων,
488 1254 553 1308 οὐ
589 1250 748 1326 μόνον
778 1256 827 1309 ἐν
858 1257 1060 1330 Ῥώμῃ,
1096 1255 1239 1311 ἀλλᾶ
1270 1258 1355 1311 καὶ
1391 1256 1441 1312 ἐν
1478 1258 1647 1330 Συρίᾳ
1688 1258 1883 1334 πρότε-

236 1362 355 1417 ρον,
391 1344 543 1397 ἅτινα
571 1342 809 1415 Κλήμης
858 1345 886 1399 6
920 1346 1191 1417 Ῥώμαῖος
1243 1344 1333 1400 καί
1379 1345 1653 1423 πάνσοφός
1688 1367 1748 1401 τε
1796 1346 1887 1400 καὶ

238 1432 490 1503 μαθητὴς
542 1431 746 1507 Πέτρου
788 1435 950 1506 (1706
995 1434 1083 1488 καὶ
1132 1432 1290 1492 πάνσ.
1348 1446 1475 1507 μαθ.
1523 1436 1751 1508 Πέτρου)
1794 1434 1882 1489 καί

233 1517 575 1593 συνέκδημος
637 1520 1222 1597 ἐπεζεργαστικώτερον
1280 1526 1443 1596 (1706
1501 1522 1883 1600 ἐπεργαστικ.)

235 1604 637 1683 διηγησάμενος
668 1613 830 1683 (1706
861 1610 1247 1685 διηγούμενος)
1277 1608 1451 1674 οὕτως
1482 1610 1606 1690 ἔφη.

308 1701 415 1751 Τοῦ
462 1698 565 1771 γὰρ
617 1694 820 1773 Πέτρου
870 1702 983 1772 (67)
1031 1700 1162 1754 ποτὶ
1209 1697 1553 1763 διδάσκοντος
1603 1699 1690 1756 ἐπὶ
1748 1700 1884 1757 λαοῦ

1995 546 2095 601 Καὶ
2144 548 2171 599 6
2221 549 2422 620 Πέτρος
2468 550 2630 620 (1706
2685 548 2817 603 add.
2882 546 3118 618 εἶπεν)...
3177 548 3310 624 φησὶ
3360 548 3493 623 πρὸς
3544 551 3634 604 τὸν

1992 636 2156 707 (1706
2215 636 2346 712 φησί
2402 638 2501 706 τῷ)
2560 630 2739 709 ’Δϐρ.·
2789 635 3069 689 Γινώσκων
3102 635 3395 709 γίνωσκε...
3431 634 3639 693 δουλώ-

1993 743 2172 777 σουσιν
2223 723 2367 795 αὐτῷ
2419 727 2522 797 (ita
2570 726 2743 781 etiam
2798 726 2955 795 1706)
3005 722 3094 793 ἔτη
3131 726 3179 798 γ’
3227 728 3388 797 (1706
3414 728 3536 800 τγ’).
3570 769 3583 783 .
3620 770 3633 784 .

1992 811 2495 887 ἀποστραφήσονται
2546 810 2650 866 ὧδε
2688 815 2821 886 (71).
2852 809 3017 866 Οὕπω
3058 813 3161 888 γάρ
3206 814 3635 888 ἀναπεπλήρων-

1991 920 2078 953 ται
2108 902 2161 953 αἰ
2195 902 2450 975 ἁμαρτίαι
2496 906 2602 955 τῶν
2654 900 3000 975 Ἀμορῥαίων
3045 898 3150 963 ἓως
3189 907 3284 956 τοῦ
3332 908 3443 958 νῦν.
3477 904 3635 960 Οὕτω

1994 984 2060 1056 δὴ
2092 988 2181 1042 καὶ
2231 988 2363 1061 πρὸς
2416 989 2643 1043 Μωυσέα
2690 988 2871 1067 φησίν·
2921 986 3061 1046 Ἰδοὺ
3100 991 3162 1043 σὺ
3210 997 3465 1063 κοίμᾶσαι
3504 995 3636 1063 μετᾶ

1992 1081 2097 1131 τῶν
2152 1078 2396 1151 πατέρων
2426 1099 2541 1145 σου,
2590 1078 2679 1132 καὶ
2728 1079 2953 1139 ἀναστὰς
2998 1080 3025 1132 6
3067 1076 3199 1141 λαὸς
3250 1080 3405 1142 οὗτος
3437 1080 3632 1157 ἐκπορ-

1990 1164 2163 1219 νεύσει
2197 1166 2369 1220 ὀπίσω
2402 1172 2534 1230 θεῶν
2581 1164 2889 1243 ἀλλοτρίων
2936 1170 3033 1235 τῆς
3082 1175 3188 1242 γῆς
3238 1169 3314 1230 εἰς
3346 1171 3411 1239 ἣν
3448 1170 3633 1225 εἰσπο-

1994 1255 2198 1328 ρεύεται
2230 1254 2360 1321 έκεῖ,
2392 1254 2482 1309 καὶ
2515 1253 2960 1329 ἐγκαταλείψουσί
2995 1276 3080 1327 με,
3111 1257 3199 1310 καὶ
3251 1254 3631 1313 διασκεδάσου-

1993 1362 2074 1396 σιν
2106 1343 2205 1410 τήν
2238 1340 2502 1412 διαθήκην
2558 1363 2662 1415 μου
2708 1345 2769 1411 ἣν
2820 1341 3074 1415 διεθέμην
3111 1344 3312 1406 αὐτοῖς.
3349 1346 3447 1399 Καὶ
3483 1346 3632 1423 ὀργι-

1994 1432 2262 1501 σθήσομαι
2292 1432 2446 1502 θυμῷ
2491 1430 2581 1485 καὶ
2626 1430 2939 1505 καταλείψω
2990 1431 3181 1494 αὐτοὺς
3231 1432 3319 1487 καί
3369 1434 3631 1510 ἀποστρέ-

1993 1522 2079 1593 ψω
2108 1520 2169 1573 τὸ
2199 1519 2488 1593 πρόσωπόν
2524 1541 2628 1592 μου
2675 1520 2765 1574 ἀπ’
2813 1519 3011 1589 αὐτῶν,
3040 1520 3129 1575 καὶ
3178 1518 3321 1576 ἔσται
3350 1518 3633 1600 καταϐρω-

1998 1629 2091 1682 μα,
2122 1608 2211 1663 καὶ
2245 1608 2559 1683 εὑρήσουσιν
2592 1608 2750 1662 αὐτὸν
2800 1610 2938 1662 κακὰ
2985 1608 3188 1665 πολλά.
3233 1608 3365 1665 Οἶδα
3406 1613 3505 1687 γὰρ
3534 1613 3633 1681 τήν

1994 1697 2254 1773 πονηρίαν
2304 1696 2501 1763 αὐτῶν,
2547 1696 2644 1751 6'00:
2689 1701 2933 1751 ποιοῦσιν
2984 1695 3091 1752 ὧδε
3136 1700 3375 1773 σήμερον
3406 1701 3512 1775 πρὸ
3540 1706 3639 1755 τοῦ

236 1784 362 1861 περὶ
409 1790 507 1839 τοῦ
543 1784 709 1858 μόνου
759 1784 913 1857 Θεοῦ,
956 1788 983 1841 6
1027 1786 1213 1860 Σίμων
1261 1790 1425 1861 (1706
1470 1788 1573 1843 Τοῦ
1618 1790 1884 1865 μακαρίου
1923 1825 1971 1889 Β
2000 1784 2302 1861 εἰσαγαγεῖν
2335 1806 2401 1858 με
2430 1784 2624 1847 αὐτοὺς
2659 1786 2732 1847 εἷς
2760 1787 2857 1889 νθρι
2890 1792 2992 1862 γῆν
3019 1789 3117 1855 τήν
3150 1786 3349 1863 ἀγαθὴν
3383 1790 3444 1857 ἣν
3486 1784 3639 1862 ὤμο-

241 1872 337 1928 Πέ.
369 1878 467 1928 τοῦ
497 1872 805 1929 ἀποστόλου
837 1873 1183 1938 διδάσκοντος
1211 1878 1302 1931 τὸν
1354 1878 1482 1932 Λαὸν
1532 1873 1775 1941 σέϐεσθαι
1803 1880 1892 1933 καὶ
1923 1871 1971 1889 ³³
2005 1895 2068 1927 σα
2112 1878 2229 1935 τοῖς
2286 1873 2545 1949 πατράσιν
2595 1873 2769 1928 αὐτῶν
2816 1871 3019 1943 δοῦναι,
3070 1882 3173 1949 γῆν
3228 1875 3449 1952 ῥέουσαν
3498 1876 3644 1953 γάλα

250 1967 570 2036 προσκυνεῖν
618 1964 709 2018 τὸν
759 1963 845 2019 ἐπὶ
895 1966 1105 2019 πάντων
1160 1966 1321 2037 μόνον
1373 1964 1630 2036 ἀληθινὸν
1682 1968 1830 2038 Θεδν,
1866 1968 1894 2023 6

253 2050 411 2125 Σίμ.)
444 2047 542 2123 ἔξω
571 2056 667 2106 τοῦ
690 2047 865 2127 ὄχλου
894 2054 997 2128 βοῇ
1032 2054 1243 2127 μεγάλῃ
1273 2056 1623 2129 χρησάμενος
1646 2057 1779 2131 πρὸς
1802 2054 1897 2111 τὸν

250 2140 453 2215 Πέτρον
489 2142 654 2195 εἶπεν·
692 2143 854 2214 (1706
886 2139 984 2211 ἔξω
1012 2163 1064 2197 τ.
1097 2138 1228 2217 ὄχλ.
1264 2144 1430 2205 ἑστὼς
1462 2138 1675 2214 ἐϐόησε·
1710 2145 1776 2201 Τί
1812 2146 1893 2218 (Τί

248 2226 582 2303 ψευδόμενος
614 2230 815 2284 ἀπατᾶν
848 2229 1021 2293 θέλεις
1054 2231 1145 2285 τὸν
1191 2234 1508 2307 παρεστῶτά
1554 2254 1636 2287 σοι
1670 2230 1895 2305 ἰδιώτην

247 2314 443 2394 ὄχλον,
473 2318 671 2373 πείθων
703 2318 859 2373 αὐτὸν
912 2320 1064 2383 θεοὺς
1112 2322 1249 2393 μήτε
1292 2320 1533 2393 νομίζειν
1570 2324 1709 2394 μήτε
1738 2322 1889 2395 εἶναι,

244 2406 437 2479 καίπερ
469 2412 576 2461 τῶν
608 2414 732 2482 παρ’
759 2402 1031 2483 Ἑϐραιοις
1068 2404 1275 2483 βίϐλων
1326 2408 1599 2485 λεγουσῶν
1645 2408 1891 2474 πολλοὺς

246 2495 400 2557 θεοὺς
430 2495 596 2565 εἰναι;
633 2494 784 2563 Πλὴν
819 2494 909 2550 οῦν
958 2497 1082 2572 περὶ
1133 2495 1195 2552 οὗ
1227 2493 1360 2575 ἔφης
1392 2502 1546 2568 Θεοῦ,
1580 2495 1751 2570 δείξας
1783 2499 1891 2575 ἐγὼ

251 2584 327 2656 μὴ
356 2583 514 2638 αὐτὸν
544 2584 677 2639 εἶναι
704 2584 795 2639 τὸν
841 2584 1111 2639 ἀνώτατον
1161 2587 1251 2640 καὶ
1298 2584 1709 2660 παντοδύναμον
1740 2589 1891 2658 Θεὸν,

242 2673 375 2727 καθὸ
418 2672 799 2748 ἀπρόγνωστός
851 2672 961 2727 ἐστι
1025 2674 1116 2728 καὶ
1177 2673 1375 2743 ἀτελὴς
1438 2676 1527 2730 καί
1576 2674 1759 2746 ἐνδεὴς
1802 2678 1893 2731 καὶ

247 2758 349 2815 οὐκ
376 2759 590 2836 ἀγαθὸς,
620 2762 710 2816 καὶ
752 2760 990 2824 πολλοῖς
1023 2763 1376 2835 ὑποκείμενος
1414 2766 1602 2828 πάθεσι
1636 2766 1769 2821 κατὰ
1795 2767 1896 2837 τήν

248 2848 511 2925 ὑμετέραν
567 2852 798 2927 γραφὴν,
855 2848 1037 2926 ἕτερος
1080 2852 1291 2914 πάντως
1342 2853 1709 2928 περιλείπεται
1758 2875 1893 2929 προ-

245 2937 561 3013 γνωστικὸς,
612 2936 845 3007 τέλειος,
897 2937 1148 3008 ἀνενδεὴς
1183 2986 1197 3012 ,
1258 2941 1496 3017 ἀγαθὸς,
1554 2943 1644 2997 καὶ
1700 2944 1897 3006 παντὸς

247 3028 451 3088 πάθους
484 3024 937 3102 ἀπηλλαγμένος.
966 3030 1059 3084 Ὃν
1100 3026 1157 3083 δὲ
1182 3028 1245 3083 σὺ
1277 3031 1383 3105 φὴς
1433 3028 1772 3108 δημιουργὸν
1803 3040 1894 3087 καὶ

250 3114 531 3188 ὑπέρθεον,
561 3121 677 3178 τοῖς
708 3115 967 3179 ἐναντίοις
998 3117 1365 3190 ἀντικείμενος
1398 3117 1652 3196 ὑπάρχει.

2002 1963 2092 2017 καὶ
2127 1961 2273 2027 μέλι.
2320 1964 2420 2017 Καὶ
2468 1962 2727 2040 φαγόντες
2774 1963 2862 2017 καὶ
2908 1962 3307 2036 ἐμπλησθέντες
3337 1964 3645 2040 ἐγκαταλεί-

2003 2052 2161 2124 ψουσί
2215 2072 2299 2123 με,
2346 2052 2405 2105 Τί
2451 2049 2545 2119 δές
2580 2052 2707 2126 οὐχὶ
2755 2052 2844 2106 καὶ
2890 2059 3126 2121 Μωϋσῆς
3173 2055 3335 2127 (1706
3395 2059 3641 2129 Μωσ.)...

2004 2140 2081 2202 εἰς
2135 2142 2203 2194 τὰ
2259 2139 2382 2209 ἔθνη
2443 2141 2616 2195 πάντα
2673 2138 3033 2216 διασπορὰν...
3091 2143 3119 2196 6
3168 2140 3225 2196 δὲ
3271 2148 3509 2213 Μωῦσῆς
3553 2146 3643 2200 καὶ

2003 2229 2054 2283 οἰ
2102 2232 2265 2302 (1706
2310 2232 2452 2303 om.)
2504 2227 2687 2284 ἄλλοι.
2724 2274 2738 2287 .
2770 2274 2781 2286 .
2831 2227 3160 2305 προήδεισαν
3212 2234 3374 2303 (1706
3423 2234 3641 2310 προεγί-

2000 2320 2253 2388 νωσκον)·
2312 2322 2449 2379 πῶς.
2488 2363 2501 2375 .
2538 2362 2552 2375 .
2590 2318 2657 2372 τὰ
2721 2318 2949 2392 ἐσόμενα
3003 2322 3167 2392 (1706
3220 2320 3286 2374 τὰ
3344 2319 3642 2396 μέλλοντα)

2122 2406 2211 2461 καὶ
2268 2405 2361 2478 μέν
2411 2409 2573 2479 (1706
2616 2408 2819 2480 μέντοι)
2864 2428 2924 2482 γε
2974 2408 3062 2462 καὶ
3110 2407 3194 2462 τό·
3258 2410 3533 2485 Ἐπείραζε
3585 2432 3639 2469 τ.

2001 2490 2155 2572 Ἀϐρ.
2206 2496 2294 2549 καὶ
2341 2494 2423 2549 τό·
2475 2494 2771 2571 Ὀσφράνθη
2806 2499 2873 2569 (“
2922 2501 2975 2552 et
3010 2499 3145 2552 1706
3190 2495 3388 2575 ὠσφρ.)
3412 2497 3501 2553 καὶ
3544 2497 3643 2554 ὅσα

2000 2588 2241 2655 τοιαῦτα,
2292 2579 2766 2658 συγκαταϐατικῶς
2817 2586 2980 2656 (1706
3035 2588 3383 2659 σωματικῶς)
3431 2583 3538 2643 διὰ.
3574 2632 3588 2645 .
3625 2630 3640 2645 .

2004 2674 2092 2742 Μὴ
2152 2674 2465 2751 φάγομαι...
2514 2672 2711 2745 πίομαι
2746 2692 2759 2741 ;
2792 2676 2947 2737 Ὅθεν
2979 2674 3007 2727 6
3067 2672 3118 2743 ἐξ
3176 2674 3341 2729 αὐτοῦ
3384 2678 3548 2744 (1706
3593 2677 3645 2747 ἐξ

2004 2761 2123 2821 αὐτ.
2182 2763 2233 2835 6)
2288 2762 2395 2834 πρὸ
2440 2764 2618 2817 τῶν...
2652 2762 2680 2815 6
2712 2762 2897 2829 Πατὴρ
2955 2762 3106 2833 ὑμῶν
3164 2763 3192 2816 6
3248 2761 3367 2838 οὗρ.
3419 2762 3503 2819 δτι
3546 2783 3644 2840 χρ.

2002 2850 2153 2907 τούτ.
2202 2851 2413 2905 πάντων
2466 2852 2629 2921 (1706
2680 2849 2895 2922 ἁπάντ.)
2951 2850 3077 2923 πρὶν
3137 2851 3294 2905 αὐτὸν
3355 2851 3649 2923 αἰτήσησθε

2005 2943 2171 3009 (1706
2199 2940 2457 3011 -σασθαι).
2494 2938 2595 2994 Καὶ
2640 2944 2758 3000 τοῖς
2807 2940 2970 3011 (1706
3017 2941 3152 2997 add.
3190 2942 3292 3013 μὴ)
3336 2941 3647 3012 νομίζουσιν

2006 3028 2091 3083 ὅτι
2142 3030 2215 3101 μὴ
2268 3030 2430 3101 (1706
2474 3029 2616 3099 om.)
2666 3026 2858 3083 πάντα.
2891 3069 2904 3083 .
2941 3068 2954 3082 .
2989 3025 3259 3083 ἀποδώσει
3312 3032 3476 3101 (1706
3514 3032 3648 3088 add.

2008 3118 2160 3189 ὑμῖν)
2219 3116 2341 3174 ἐν...
2403 3114 2715 3191 διηγόρευεν
2776 3118 3167 3191 (1706·ρευσεν)
3225 3118 3253 3171 6
3310 3119 3435 3180 Θεὸς
3496 3117 3650 3182 ἔλεος

320 3183 526 3259 Ᾰῦτίκα
570 3209 699 3280 γοῦν
750 3206 779 3261 6
828 3206 947 3269 καθ’
998 3183 1261 3280 ὁμοίωσιν
1314 3183 1516 3280 (68)....
1544 3183 1759 3281 θανάτῳ
1796 3230 1895 3263 κα·
1927 3183 1969 3250 C
2006 3183 2276 3279 (1706-0v)
2335 3183 2701 3279 6615:.(1706
2749 3183 3079 3275 0610010050?
3129 3183 3191 3261 οὗ
3241 3206 3445 3269 θυσίας,
3487 3210 3651 3278 (4706

245 3288 585 3361 ταδικάζεται
623 3336 635 3349 .
673 3335 686 3349 .
725 3335 739 3349 .
774 3292 887 3348 ἐπεὶ
951 3295 1025 3366 μή
1087 3299 1368 3371 πανταχοῦ
1431 3295 1619 3372 βλέπει
1676 3296 1762 3351 ἐπὶ
1823 3301 1893 3371 τῇ

245 3384 354 3435 τῶν
407 3378 673 3454 Σοδόμων
721 3385 1087 3459 καταστροφῇ,
1120 3381 1289 3457 λέγει·
1335 3379 1579 3446 Καταϐὰς
1610 3379 1815 3459 ὄψομαι
1849 3385 1894 3441 εἰ

245 3470 483 3527 κατὰ...
542 3472 633 3525 καὶ
689 3470 752 3526 τὸ
809 3471 976 3526 εἰπεῖν
1023 3472 1145 3547 περὶ
1197 3477 1295 3527 τοῦ
1352 3471 1630 3547 ’Δδὰμ...
1694 3477 1894 3547 μήπως

248 3601 264 3617 .
306 3599 320 3614 .
356 3602 369 3615 .
401 3558 490 3614 καὶ
530 3560 712 3638 φαγὼν
763 3563 980 3631 ζήσεσαι
1030 3561 1107 3623 εἰς
1148 3582 1198 3616 τ.
1250 3561 1440 3633 αἰῶνα,
1490 3562 1811 3639 ἀγνοοῦντος
1839 3585 1892 3620 κ.

247 3658 341 3725 φθ.
390 3646 499 3703 ἐστι
549 3643 853 3720 σύμϐολον.
907 3651 1109 3725 ’Ὠσπερ
1158 3650 1246 3703 καὶ
1294 3650 1356 3704 τὸ
1407 3652 1741 3725 Ἐνεθυμήθη
1780 3695 1793 3709 .
1829 3697 1841 3710 ,
1878 3696 1892 3710 ,

246 3734 337 3790 καὶ
396 3735 457 3790 τὸ
513 3737 883 3814 Ὀσφράνθη...
943 3736 1033 3791 καὶ
1091 3737 1153 3792 τὸ
1212 3737 1371 3800 τέλος
1427 3746 1527 3808 τῆς
1587 3739 1755 3813 ὐπομ.
1816 3742 1889 3814 μὴ

249 3820 592 3899 προειδότος.

314 3916 372 3965 '0
394 3909 451 3966 δὶ
480 3912 683 3987 Πέτρος
712 3909 813 3991 ἔφη
845 3913 981 3990 πρὸς
1028 3912 1187 3969 αὐτόν
1236 3915 1399 3987 (1706
1441 3934 1535 3989 πρ.
1566 3915 1657 3970 τὸν
1705 3914 1891 3989 Σίμω-

244 4004 352 4071 να)·
385 4000 453 4057 Εἴ
480 3999 753 4078 τυφλὸς...
806 4006 926 4064 πῶς
975 4000 1367 4074 ἐντελλόμενος
1399 4004 1426 4057 6
1457 4004 1586 4065 Θεὸς
1630 4001 1889 4060 ἐδείκνυεν

242 4087 389 4161 αὐτῷ
419 4086 612 4165 λέγων·
647 4090 782 4147 Ἀπὸ
832 4087 889 4145 δὲ
931 4094 1028 4145 τοῦ
1314 4092 1402 4146 καὶ
1434 4093 1461 4147 6
1502 4093 1724 4169 Πέτρος·
1758 4098 1882 4157 Πῶς

244 4217 261 4234 .
292 4217 305 4230 .
340 4219 353 4233 .
403 4177 553 4252 εἶχον
629 4177 947 4254 ἀνεωγότας.
983 4221 998 4235 .
1052 4220 1066 4234 .
1143 4176 1311 4249 δῆλον
1384 4179 1616 4236 ἐντεῦθεν
1670 4201 1683 4215 ·
1747 4180 1880 4238 εἶδεν

242 4266 409 4334 (1706
461 4263 628 4332 δῆλον
663 4285 677 4299 ·
740 4264 1066 4336 ἰδοῦσα)...
1124 4269 1213 4323 καὶ
1272 4272 1433 4337 (1706
1488 4276 1632 4341 om.)
1689 4271 1888 4344 ὡραῖόν

243 4349 353 4405 ἐστι
409 4355 505 4405 τοῦ
559 4356 931 4407 κατανοεῖσθαι
986 4354 1391 4426 (1706-νοῆσαι)
1424 4397 1437 4410 .
1473 4400 1485 4413 .
1524 4399 1539 4413 .
1569 4358 1660 4412 καὶ
1719 4355 1889 4415 ἔδωκε

241 4439 408 4509 (4706
466 4440 600 4495 add.
650 4440 762 4512 καὶ)
800 4444 880 4511 τῷ
927 4440 1079 4513 ἀνδρὶ
1136 4442 1302 4512 αὐτῆς
1363 4445 1477 4516 μετ’
1519 4444 1683 4513 αὐτῆς
1725 4449 1888 4520 (1706

2004 3294 2113 3349 -ίαν
2148 3300 2213 3351 ut
2242 3296 2491 3366 videtur)
2636 3293 2980 3369 οἰκτίρμονες
3031 3294 3104 3356 ὡς
3161 3295 3188 3348 6
3253 3296 3435 3371 Πατὴρ
3493 3296 3644 3368 ὑμῶν

2003 3384 2131 3455 (nec
2164 3386 2301 3440 1706
2332 3385 2465 3439 add.
2498 3382 2550 3454 6)
2598 3381 2865 3457 οὐράνιος.
2913 3384 3009 3436 Διὰ
3036 3379 3093 3437 δὲ
3121 3384 3249 3445 τοὺς
3292 3384 3452 3441 ἀπατ.
3482 3386 3647 3458 (1706

2003 3474 2135 3528 add.
2191 3469 2281 3525 καί
2339 3466 2842 3543 ὑπολαμϐάνοντας)
2892 3470 3164 3534 πολλοὺς.
3210 3514 3223 3528 .
3255 3515 3268 3528 .
3323 3470 3415 3526 ἵνα
3473 3474 3643 3547 γινώ-

2004 3580 2170 3613 σκωσι
2230 3562 2392 3631 (4706
2445 3562 2675 3632 ισκουσι)
2733 3561 2856 3617 σὲ...
2902 3560 3039 3632 πρὸς
3087 3560 3180 3614 τὸν
3227 3560 3643 3636 ἐπερωτήσαντα

2002 3651 2166 3718 (1706
2194 3648 2376 3721 ἐρωτ.)
2402 3652 2538 3703 Ποία
2570 3647 2679 3703 ἐστὶ
2728 3649 2833 3721 πρὸ
2882 3650 3105 3721 corrige
3136 3650 3325 3724 πρώτη
3348 3651 3398 3722 ?)
3427 3650 3639 3706 πάντων

2002 3740 2165 3807 (1706
2208 3736 2315 3792 ἐστ.
2364 3739 2579 3811 πρώτη,
2630 3738 2849 3795 omisso
2899 3736 3135 3811 πάντων)
3166 3736 3385 3806 ἐντολὴ,
3427 3738 3645 3814 ἀπεκρί-

2001 3826 2066 3894 θη
2118 3828 2280 3899 (1706
2328 3824 2452 3903 ἔφη)
2496 3826 2695 3899 Πρώτη
2745 3825 2958 3881 πάντων
3005 3825 3199 3896 ἐντολή
3244 3825 3402 3881 ἐστιν’
3436 3832 3645 3883 ’Ἄκουε

2003 3912 2245 3987 Ἰσραὴλ,
2279 3914 2548 3988 Κύριος...

2070 4004 2127 4056 '0
2160 4000 2217 4056 δὲ
2274 4002 2403 4075 Σίμ.
2463 4023 2575 4057 συν.
2629 3999 2710 4056 6'5:
2763 4000 2964 4077 Πέτρος
3017 4000 3174 4056 αὐτὸν
3229 4004 3391 4074 (1706
3433 4003 3644 4078 ἑαυτὸν)

2002 4091 2208 4167 συνάγει
2268 4094 2430 4163 (1706
2484 4093 2619 4147 add.
2680 4090 2757 4164 ἐν)
2810 4111 2928 4152 ταις
2985 4095 3219 4168 γραφαῖς
3280 4091 3423 4153 εἰς...
3472 4092 3647 4155 οὕτως

2000 4184 2067 4250 ἦν
2101 4180 2467 4253 ἐξησκημένος
2500 4179 2552 4234 ἐν
2600 4185 2718 4240 ταῖς
2761 4180 3007 4253 μαγείαις
3052 4178 3142 4233 καὶ
3198 4177 3499 4252 μεθοδείαις
3546 4186 3644 4236 τοῦ

2001 4275 2232 4335 Σατανᾶ,
2266 4270 2339 4330 ὡς
2368 4271 2531 4343 (1706
2562 4267 2613 4322 ἐν
2656 4272 2774 4329 ταῖς
2824 4262 3163 4329 διαϐολικαῖς
3216 4268 3503 4345 ἐνεργείαις
3550 4271 3639 4324 καὶ

2001 4378 2133 4430 μαγ.
2190 4378 2260 4411 κ.
2324 4368 2462 4429 μεθ.
2523 4357 2690 4429 ὡς)...
2750 4354 2943 4431 σχεδὸν
3004 4355 3090 4410 ἐπὶ
3144 4361 3383 4418 ταῖς...
3440 4354 3635 4411 ’ίπτατο

1994 4444 2083 4499 καὶ
2139 4446 2264 4503 ἐκ...
2319 4443 2528 4520 δράκων
2584 4443 2785 4520 ἐγίνετο
2841 4444 2930 4497 καὶ
2989 4442 3063 4505 εἷς
3116 4442 3270 4517 ἕτερα
3328 4448 3437 4512 ζῶα
3489 4466 3637 4516 μετε-

244 4544 363 4584 om.
425 4528 539 4600 μετ’
596 4526 760 4601 αὐτ.).
819 4528 884 4584 Εἰ
942 4526 1100 4586 οῦν...
1156 4534 1351 4604 γνῶσιν
1413 4534 1564 4607 εἶχον
1614 4532 1785 4589 καλοῦ
1829 4544 1964 4609 55D
1998 4554 2291 4611 μορφουτο·
2354 4532 2701 4608 διπρόσωπος
2758 4532 2963 4601 ἐγίνετο
3021 4532 3109 4585 καὶ
3162 4531 3238 4593 εἰς
3298 4534 3460 4604 (1706
3512 4552 3628 4592 om.

241 4614 331 4670 καὶ
363 4618 551 4687 κακοῦ,
585 4611 708 4689 ὄψιν
757 4613 815 4671 δὲ
862 4618 1020 4683 (4706
1048 4617 1136 4672 καὶ
1166 4617 1247 4674 ὅτι
1298 4614 1445 4693 ὄψιν)
1476 4616 1694 4676 ἕκαστον
1727 4624 1889 4695 (1706

242 4705 411 4777 -στα).
450 4746 464 4760 .
502 4745 515 4760 .
556 4708 753 4780 γνῶσιν
833 4702 1157 4783 ἀδιάφθορον
1236 4708 1527 4785 παρέσχεν.
1564 4749 1576 4763 .
1614 4753 1625 4765 .
1679 4709 1887 4789 τυφλοῦ

243 4789 400 4862 δίκην
446 4794 609 4867 (1706
661 4790 766 4850 δίκ.
817 4794 1025 4872 τυφλ.),
1060 4839 1073 4851 .
1113 4796 1203 4851 καὶ
1258 4796 1319 4851 τὸ
1378 4800 1539 4869 (1706
1584 4798 1700 4872 τδν)
1748 4799 1886 4855 πάνυ

241 4882 545 4957 γνώριμον.
581 4926 594 4939 .
633 4925 646 4938 .
690 4882 863 4946 οὕτως
916 4883 1007 4938 οὖν
1053 4884 1141 4938 καὶ
1196 4885 1225 4939 6
1271 4882 1465 4958 Ἀδὰμ.
1510 4928 1522 4945 .
1562 4930 1575 4943 .
1611 4884 1888 4964 διεγέρθη-

241 4990 334 5025 σαν
367 4972 532 5044 (1706
562 4968 761 5046 διηγ.)’
802 4972 866 5027 τὸ
912 4972 1035 5048 γὰρ’
1068 4973 1353 5049 Διηνοίχθ.
1384 4973 1555 5030 αὐτῶν
1597 4976 1649 5031 οἱ
1681 4976 1883 5054 ὀφθαλ-

243 5057 360 5132 μοὶ.
396 5103 410 5116 .
445 5100 459 5114 .
511 5058 866 5136 ἐγγενομένην
924 5064 1088 5132 (4706
1159 5062 1469 5138 ἐγγινομ.).
1505 5109 1518 5121 .
1552 5108 1566 5122 .

238 5150 410 5223 γὰρ...
443 5146 763 5219 πλήττεται.

310 5272 425 5343 (67)
454 5273 535 5326 Cf.
570 5274 641 5328 ad
676 5274 797 5329 haec
831 5275 1043 5329 Homil.
1080 5276 1179 5342 ΙΙΙ,
1210 5276 1302 5332 38.

311 5344 424 5409 (68)
452 5344 664 5415 Incipit
692 5344 751 5399 Ι).
785 5344 825 5401 1.
860 5346 1073 5402 Hemi].
1108 5348 1206 5415 ΙΙΙ,
1254 5348 1343 5403 39.
1375 5350 1650 5405 Convenit
1686 5355 1882 5407 autem

239 5411 362 5489 hae
386 5411 747 5489 textus—pere
768 5420 1067 5489 tantopere
1099 5411 1231 5472 curn
1264 5419 1504 5475 Cedreni
1541 5421 1687 5476 libro
1714 5422 1789 5477 'ut
1816 5440 1883 5477 ea

240 5486 471 5561 tantum
504 5486 829 5561 e-xscyibere
860 5486 1091 5561 prieetet
1124 5506 1267 5561 (quae
1294 5490 1515 5561 reliquo
1565 5494 1736 5547 modo
1768 5494 1881 5548 dif-

241 5552 434 5609 ferent
463 5554 549 5611 vel
582 5557 654 5611 ad
684 5552 1094 5630 corrigendum
1118 5552 1500 5618 Homilierdm
1534 5568 1754 5620 textum
1787 5582 1882 5620 va-

244 5623 363 5683 lere
389 5624 718 5683 videantur.

269 5639 363 5683 οιιο
389 5639 718 5683 Vlaeentur.

1616 5066 1884 5140 παρευθὺς

1993 4620 2150 4697 ἕτερα
2199 4624 2308 4692 ζῶα
2364 4640 2551 4694 usque
2590 4642 2642 4676 κ.
2692 4619 2786 4689 εἰς)
2829 4639 2922 4695 χρ.
2975 4614 3359 4692 μετεϐάλλετο⁶
3400 4620 3629 4693 θύρας...

1995 4708 2185 4785 ἤνοιγε
2228 4711 2317 4765 καὶ
2369 4708 2566 4782 σιδηρᾶ
2607 4711 2778 4781 (1706
2822 4704 3101 4782 σιδήρων)
3150 4704 3387 4781 δεσμά...
3444 4705 3627 4763 εἰδεῶν

1995 4802 2159 4870 (1706
2206 4796 2389 4868 ἰδεῶν)
2434 4801 2707 4873 παριστῶν
2760 4799 2924 4869 (1706
2970 4794 3310 4871 παρίστα)...
3364 4796 3633 4873 φερόμενα

1997 4891 2160 4961 (4706
2189 4889 2459 4966 φέρεσθαι)
2500 4906 2594 4959 πρ.
2639 4886 2731 4943 ὑπ.
2776 4884 2945 4940 ἐποίει
2982 4883 3268 4959 βλέπεσθαι
3300 4887 3462 4958 (1706
3491 4889 3633 4959 om.)

2118 4982 2224 5031 τῶν
2282 4974 2698 5045 τεθνηκότων...
2750 4970 2995 5035 πολλοὺς
3054 4969 3112 5026 δὲ
3168 4972 3360 5048 γόητα.
3397 5016 3409 5028 .
3442 5014 3455 5028 .
3513 4993 3634 5027 πει-

1997 5069 2273 5142 ρωμένους
2321 5062 2611 5135 διαλλάξας
2634 5107 2647 5120 .
2675 5104 2688 5117 .
2716 5104 2729 5119 .
2780 5055 3061 5139 διαφόροις
3116 5061 3205 5116 καὶ
3266 5058 3567 5123 δυσιάτοις.
3594 5106 3631 5119 ..

1992 5153 2223 5211 πλεῖστα
2276 5156 2438 5228 (1706
2494 5154 2606 5209 add
2638 5194 2651 5208 .
2705 5149 3016 5225 εἰργάσατν)
3072 5151 3382 5225 καθυπουργ
3416 5192 3429 5205 .
3488 5149 3631 5222 αὐτῷ

2084 5281 2155 5335 69
2174 5280 2255 5335 Cf.
2289 5278 2359 5333 ad
2394 5276 2514 5331 haec
2546 5274 2755 5331 Homil.
2795 5276 2891 5341 ΙΙΙ,
2925 5276 3011 5331 42.

2064 5281 2082 5493 ἓ

2085 5352 2177 5405 79)
2206 5352 2289 5405 Cf.
2323 5350 2393 5404 ad
2428 5349 2548 5403 hac
2579 5347 2745 5401 Hom.
2781 5347 2876 5401 ΙΙΙ.
2911 5347 2999 5401 42.

2085 5352 2156 5405 79
2206 5352 2289 5405 Cf.
2323 5352 2393 5404 ad
2428 5352 2548 5403 hac
2579 5352 2745 5401 Hom.
2781 5352 2876 5401 ΙΙΙ.
2911 5352 2999 5401 42.

2084 5352 2177 5545 71)
2208 5421 2521 5491 Sequentia
2553 5434 2738 5488 usque
2768 5418 2909 5499 dnm
2939 5421 3029 5500 eet
3054 5414 3114 5468 Τί
3146 5411 3201 5468 δέ
3232 5434 3244 5483 ;
3280 5416 3338 5470 in
3378 5416 3631 5471 Cedreno

2084 5511 2105 5545 η
2181 5496 2433 5545 eauntur
2466 5507 2479 5545 :
2513 5491 2724 5544 desunt
2770 5492 2946 5543 ehem
2992 5504 3051 5541 In
3102 5489 3227 5541 cod.
3274 5488 3415 5545 Imp.
3470 5489 3625 5542 1706.

1993 5488 2105 5547 non
2157 5488 2433 5561 leguhtur
2466 5507 2479 5557 ;
2513 5491 2724 5544 desunt
2770 5488 2946 5543 etiam
2992 5488 3051 5561 in
3102 5489 3227 5561 θοᾷ.
3255 5488 3415 5561 _Irnp.
3470 5489 3625 5542 1706.

1998 5563 2188 5617 Prima
2217 5558 2244 5616 ἷ
2275 5561 2493 5617 οὔπω...
2543 5562 2640 5612 τοῦ
2686 5562 2777 5611 νῦν
2824 5576 2956 5615 cum
3008 5558 3219 5613 Homil.
3253 5558 3291 5613 l.
3326 5558 3369 5614 Ι.
3418 5575 3628 5614 conve-

1994 5634 2183 5691 niunt.
2216 5637 2428 5691 Cetera
2457 5634 2528 5689 cf.
2562 5647 2695 5688 cum
2726 5630 2955 5686 Denter.
2988 5629 3079 5697 31,
3114 5630 3179 5683 16
3209 5659 3230 5669 -
3258 5630 3348 5683 21.
