4016 6222
420 325 572 392 1295

1917 327 2318 389 ADDENDA.

3594 345 3717 407 1296

417 460 583 532 (1706
611 456 816 530 αὐτῶν)
862 461 968 511 τῶν
1016 455 1169 530 δαιμ.
1216 456 1486 534 εἰργάζετο
1537 460 1698 532 (1703
1740 462 1901 532 om.)'
1935 460 2061 514 κάν·
2095 463 2143 527 Α
2174 462 2281 513 τῶν
2316 455 2653 514 διδασκάλων
2708 459 3119 532 ἀγωνιζομένων
3164 462 3196 529 ἢ
3236 459 3553 541 θλιϐομένων,
3593 473 3652 535 ὡς
3678 476 3714 530 ἐν

421 552 601 611 τεῦθεν
637 546 697 601 οὐ
724 542 887 619 μόνον
910 546 1094 601 ἑαυτὸν
1121 546 1195 609 εἶς
1219 547 1398 623 ἐτέρας
1424 547 1630 625 μορφὰς
1666 549 1874 624 μορφὰς
1900 548 2061 623 ἀνορ-

412 658 529 693 πων
558 656 615 690 τε
642 635 730 690 καὶ
772 634 1008 711 ἀλόγων,
1054 635 1128 698 ὡς
1176 634 1330 713 ἔφην,
1385 636 1869 712 μετεσχημάτιζεν,
1918 636 2065 693 ἀλλᾶ

420 725 511 783 καὶ
570 724 663 788 οὓς
708 722 900 794 ἤθελεν
948 724 1121 787 οὕτως
1172 724 1379 782 ἐποίει.
1430 726 1527 780 Καὶ
1574 730 1770 801 γοῦν...
1827 728 2061 802 περιθεὶς

418 818 497 887 τῷ
540 817 758 888 μαθητῇ
810 812 1015 890 Πέτρου
1064 813 1295 887 Φαύστῳ
1350 816 1513 885 (1706
1569 814 1772 871 Φαύστ.
1820 816 1899 885 τῷ
1934 826 2061 888 μαθ.

415 904 611 976 Ιῐέ.)...
644 901 781 976 πρὸς
832 901 1034 978 Πέτρον
1087 902 1312 958 ἐνώπιον
1373 905 1535 975 ἡμῶν
1585 900 1730 978 έχων
1780 905 1878 971 τήν
1937 923 2066 977 μορ-

424 992 529 1071 φὴν
568 990 842 1063 Σίμωνος.
874 990 964 1045 καὶ
997 993 1158 1065 (1706
1207 1010 1310 1065 pro
1351 991 1579 1046 ἐνώπιον
1634 1011 1819 1065 usque
1848 992 1937 1047 καί
1970 995 2067 1049 ha-

421 1083 521 1139 bet
570 1077 848 1153 ἐδιώκετο)
899 1080 1001 1135 ὑπὸ
1045 1079 1258 1134 πάντων
1306 1080 1696 1154 ἀποσειόμενος
1743 1083 1831 1135 καὶ
1885 1083 2068 1155 μισού-

432 1189 593 1243 μενος
616 1169 779 1241 (1706
812 1186 929 1225 om.
962 1168 1101 1223 ἀποσ
1147 1190 1199 1225 κ.
1254 1170 1394 1243 μισ.)
1444 1167 1531 1224 διὰ
1575 1191 1625 1226 τ.
1661 1171 1740 1226 ἀν.
1771 1168 1939 1225 είδέαν
1971 1174 2067 1224 τοῦ

432 1256 684 1331 Σίμωνος
714 1258 879 1330 (1706
910 1254 1050 1312 ἰδέαν
1101 1258 1167 1326 ἢν
1209 1256 1533 1331 περιέκειτο)
1583 1253 1860 1331 ἐμϐλέψας
1907 1261 2069 1332 (1706

427 1348 561 1404 add.
614 1342 694 1419 δὲ)
741 1345 768 1400 6
816 1345 982 1403 Πέ....
1033 1342 1162 1400 ἰδὼν
1218 1348 1380 1416 (1706
1433 1349 1568 1405 add.
1624 1350 1839 1421 τοῦτον)
1869 1345 2071 1403 λυπού-

434 1454 588 1508 μενον
643 1433 733 1488 καὶ
792 1429 1012 1508 δάκρυσι
1071 1432 1427 1508 συνεχόμενον
1474 1429 1595 1510 ἔφη.
1635 1476 1648 1490 .
1685 1478 1698 1489 .
1742 1433 2067 1511 παραλλαγὴ

431 1522 595 1595 (4706
651 1516 1066 1596 ὑπαλλαγὴ).ξ..
1126 1521 1311 1596 γέγονε
1369 1518 1458 1575 διὰ
1511 1521 1927 1597 κακομηχανίας
1980 1522 2070 1577 καὶ

432 1617 722 1679 σατανικῆς
756 1608 995 1671 ἐπινοίας
1022 1613 1119 1664 τοῦ
1163 1608 1363 1684 γόητος
1415 1612 1576 1683 (1706
1607 1629 1727 1668 om.
1769 1608 1857 1665 διὰ
1888 1629 2073 1684 usque

432 1696 694 1772 γόητος)·
758 1698 864 1751 ὑπὸ
929 1699 1030 1773 γὰρ
1102 1701 1365 1773 Καίσαρος
1446 1698 1779 1771 ζητούμενος
1815 1743 1827 1755 .
1864 1744 1877 1757 .
1916 1745 1926 1756 .
1982 1698 2073 1753 ’ίνα

432 1788 594 1859 (1706
622 1788 756 1843 add.
786 1789 905 1858 τοῦ)
958 1806 1116 1861 συσχ.
1149 1808 1201 1843 κ.
1249 1788 1422 1862 ἀναιρ.
1458 1809 1555 1841 σου
1605 1790 1766 1860 (1706
1811 1790 1951 1862 om.)
1982 1786 2073 1842 λύ-

431 1894 606 1945 πην...
650 1874 962 1930 λαοπλάνου
996 1877 1158 1949 (4706
1211 1878 1345 1933 add.
1392 1877 1481 1930 καὶ
1535 1876 1736 1952 ἐχθροῦ
1783 1883 1881 1946 τῆς
1933 1877 2071 1947 ἀλη-

433 1961 603 2037 θείας)
662 1962 1014 2036 Σίμωνος...
1076 1962 1212 2019 ἰδίαν
1273 1986 1368 2019 σου
1425 1967 1586 2037 (4706
1641 1970 1801 2035 om.)
1857 1967 2071 2039 παρέξει

433 2054 575 2109 4706
605 2055 738 2110 add.
790 2055 897 2127 σοι)
941 2052 1156 2129 τάχιονο
1190 2052 1320 2130 ὅπερ
1367 2051 1433 2122 δὴ
1478 2054 1568 2108 καὶ
1599 2057 1761 2123 (1706
1800 2058 1938 2112 add.
1979 2053 2069 2110 σὺν

432 2145 513 2213 τῷ
546 2139 713 2217 λόγῳ)
743 2142 963 2216 γέγονεν
998 2144 1159 2215 (1706
1190 2144 1321 2200 add.
1354 2141 1566 2197 πάντων
1615 2144 1770 2215 ἡμῶν
1806 2141 2070 2216 θεωρούν-

430 2232 584 2304 των).
648 2229 745 2284 Καὶ
797 2235 964 2285 ταῦτα
1024 2230 1287 2303 μέντοι...
1344 2232 1698 2309 γεγράφηκεν,
1758 2233 1831 2293 ὡς
1889 2227 2020 2309 ἔφην
2056 2276 2069 2301 ,

432 2316 672 2391 Κλήμης
706 2317 757 2373 ἐν
788 2319 958 2395 Συρίᾳ
1003 2322 1165 2393 (1706
1208 2338 1323 2377 om.
1376 2319 1418 2378 ἐ.
1475 2325 1639 2394 Συρ.)
1682 2318 1944 2395 λεχθῆναι
1982 2321 2072 2376 καὶ

432 2405 833 2483 διαπραχθῆναι
866 2410 1028 2481 (1706
1058 2410 1192 2465 add.
1224 2408 1273 2462 ἐν
1304 2410 1479 2484 Συρ.).

500 2502 587 2551 Ἐν
646 2494 704 2552 δὶ
757 2495 828 2571 τῇ
884 2498 1069 2571 Ῥώμῃ
1129 2498 1263 2570 μετά
1314 2497 1399 2553 τὸ.
1434 2540 1447 2555 .
1487 2541 1500 2554 .
1534 2497 1609 2560 ὡς
1668 2494 1946 2573 εἷ’ρηται...
1998 2497 2073 2552 Σὺ

434 2580 653 2663 ἔφης...
713 2585 802 2641 καὶ
862 2582 989 2639 ἰδὼν
1048 2585 1205 2640 αὐτὸν
1262 2586 1549 2659 ΙΙέτρος...
1609 2585 1864 2650 ἀπέθανεν
1899 2631 1911 2644 .
1969 2591 2074 2641 Τοῦ

434 2671 492 2729 δὲ
525 2677 723 2750 μιαροῦ
766 2672 928 2729 αὐτοῦ
976 2674 1229 2747 σώματος
1275 2674 1515 2737 τεθέντος
1562 2672 1685 2729 ἔνθα
1730 2676 1819 2729 καὶ
1857 2675 2073 2730 πέπτω-

434 2784 547 2835 κεν,
580 2763 785 2833 ἐκλήθη
816 2763 844 2818 6
872 2762 1040 2825 τόπος
1091 2758 1273 2818 ἔκτοτε
1321 2764 1592 2836 Σιμώνιον
1633 2766 1796 2836 (4706
1823 2764 1850 2818 6
1883 2762 1940 2819 δὲ
1980 2764 2073 2819 τό-

346 2862 347 2867 “
433 2874 536 2915 πος
570 2850 807 2908 ἔκτοτεὸ
857 2849 1143 2925 δεξάμενος
1191 2853 1353 2907 αὐτοῦ
1399 2853 1460 2908 τὸ
1522 2846 1758 2929 βέϐηλον
1807 2853 1896 2908 καὶ
1926 2875 2073 2926 παμ-

437 2939 630 3017 μίαρον
660 2945 819 3013 σῶμα
866 2939 1074 3011 ἐκλήθη
1127 2942 1449 3014 Σιμώνιον).
1484 2940 1615 3016 ΙΙερί
1647 2941 1709 2995 οὗ
1756 2941 1845 2996 καὶ
1877 2940 1928 2996 ἐν
1958 2947 2074 3003 ταῖς

434 3028 823 3092 ἆποστολικαῖς
857 3027 1149 3100 διατάξεσιν
1202 3032 1314 3103 (72)
1364 3031 1391 3085 6
1440 3030 1598 3093 αὐτὸς
1641 3032 1803 3104 (1706
1850 3032 1877 3085 6
1912 3031 2074 3107 μέγας

432 3116 762 3193 ἀπόστολος)
824 3118 1087 3193 Πέτρος..
1123 3161 1135 3174 .
1187 3116 1490 3176 ἐσκύλευσε.
1526 3163 1539 3177 .
1577 3162 1589 3175 .
1646 3118 1929 3195 ἐμπειρίας
1984 3120 2071 3174 καὶ

435 3206 740 3283 ἐνεργείας..
766 3250 780 3264 .

433 3306 512 3361 θε.
558 3315 795 3371 συμπαρ.
850 3297 1012 3368 (1703
1062 3298 1197 3353 add.
1251 3298 1435 3370 μοι)...
1485 3296 1757 3372 Ζαχκαίου
1805 3295 1902 3353 τοῦ
1949 3299 2082 3353 ποτὶ

430 3381 675 3440 τελώνου
698 3405 750 3441 κ.
785 3386 948 3458 Βαρν.
977 3386 1141 3457 (1706
1170 3386 1304 3441 add.
1335 3384 1424 3439 καὶ
1470 3391 1513 3439 Ν
1522 3386 1697 3458 ικήτα)
1731 3386 1821 3440 καὶ
1855 3384 2081 3452 Ἀκόλα,

433 3469 683 3550 ἀδελφῶν
712 3471 1052 3545 Κλήμεντος,
1100 3492 1150 3528 τ.
1200 3478 1368 3545 Ῥωμ.
1419 3476 1586 3545 (4706
1616 3477 1750 3532 add.
1784 3474 2083 3529 ἐπισκόπου

432 3581 493 3617 τε
547 3562 637 3615 καὶ
693 3560 1050 3631 πολίτου)...
1112 3558 1422 3636 διαλεχθεὶς
1482 3562 1628 3635 αὐτῷ
1684 3563 1760 3626 εἷς
1818 3563 1909 3619 τὸν
1959 3563 2083 3639 περὶ

435 3653 535 3705 τοῦ
586 3647 921 3726 Εὐαγγελίου
977 3648 1138 3725 λόγον
1197 3650 1287 3704 καὶ
1343 3654 1450 3705 τῶν
1500 3671 1667 3729 προφ.
1717 3651 1875 3709 καὶ...
1919 3655 2087 3723 ἡττή-

439 3758 532 3801 σας
562 3740 724 3814 (1706
748 3736 981 3812 ἤττησα)
1030 3738 1148 3796 αὐτ.
1201 3735 1317 3798 δυν.
1369 3743 1464 3795 τοῦ
1516 3740 1715 3817 Κυρίου
1746 3744 1909 3813 (1706
1948 3744 2082 3799 add.

438 3829 601 3902 ἡμῶν
636 3828 766 3897 Ἰησ.
816 3828 940 3901 Χρ.)
984 3826 1074 3881 καὶ
1123 3827 1199 3890 εἷς
1248 3829 1342 3905 ἀφ.
1398 3823 1719 3884 καταϐαλὼν
1767 3851 1894 3908 φυγ.
1928 3830 2082 3885 κατέ-

439 3936 650 3988 στησα,
697 3914 773 3978 εἷς
830 3916 930 3985 τήν
984 3913 1281 3974 Ἰταλίαν..
1312 3960 1324 3973 .
1381 3916 1629 3980 πολλοὺς
1688 3919 1997 3995 ἀνατρέπων

439 4004 506 4061 τά
558 4025 618 4059 τε
676 3998 799 4075 ἔθνη
860 4003 1127 4059 ἐκστάνων
1188 4007 1352 4079 (4706
1407 4005 1792 4081 ἐξιστάνων)...
1853 4007 2090 4083 ἐνεργείᾳ

439 4094 606 4167 (1706
663 4091 897 4167 -γείαις)·
941 4092 1015 4154 ὡς
1065 4093 1229 4163 (4706
1276 4095 1417 4166 om.)
1466 4094 1556 4148 καί
1604 4116 1777 4150 ποτε..
1806 4140 1818 4152 .
1876 4094 2086 4151 πάντων

443 4179 502 4237 δὲ
557 4180 1054 4253 θαυμαζόντων...
1119 4180 1222 4235 ὑπὸ
1282 4179 1554 4255 δαιμόνων
1618 4184 1955 4258 (1706ανίων)
2012 4188 2087 4248 εἷς

439 4269 567 4333 τοὺς
624 4271 787 4342 (1706
835 4271 976 4341 om.)
1037 4268 1384 4345 οὐρανοὺς...
1448 4269 1874 4348 ἐπιχορηγήσειν
1929 4276 2092 4347 (1706

441 4360 624 4436 -γεῖν)·
672 4362 781 4414 τῶν
832 4354 889 4412 δὲ
938 4355 1130 4431 δήμων
1190 4356 1377 4436 ἐπευφ,
1441 4358 1599 4415 αὐτὸν
1661 4362 1823 4433 (1706
1880 4365 2088 4435 om.)...

441 4448 680 4504 ἱκέτευον
740 4449 1101 4522 (1706-τευσα)
1136 4489 1149 4503 .
1186 4490 1200 4503 .
1235 4488 1248 4501 .
1299 4446 1623 4523 καταῤῥάεαι
1702 4451 1864 4523 (4706
1929 4471 2089 4505 καταο

444 4536 589 4624 ράξ.)
617 4536 705 4591 τὸν
736 4535 1022 4610 λυμαιῶνα
1050 4536 1215 4609 (4706
1239 4538 1521 4610 λυμεῶνα)
1549 4537 1639 4592 καὶ
1668 4538 1767 4607 τήν
1802 4538 1956 4613 ἰσχὺν
1985 4543 2092 4593 τῶν
2125 4561 2168 4624 D

446 4623 718 4699 δαιμόνων
770 4624 1082 4700 περικόψαι.
1137 4625 1237 4679 Καὶ
1268 4626 1430 4698 (1706
1480 4627 1623 4700 om.)
1662 4625 1904 4689 ἀτενίσας
1930 4629 2091 4700 (1706

443 4717 577 4771 add.
611 4713 723 4787 οὖν)
777 4718 855 4785 τῷ
906 4713 1035 4786 Σίμ.
1098 4714 1270 4767 εἷπον·
1328 4712 1461 4771 Εἰ...
1527 4716 1663 4787 μετά
1717 4712 1941 4790 ἤχου...
1997 4717 2087 4770 καὶ

440 4804 604 4875 (1706
653 4804 797 4872 om.)
840 4805 938 4855 τοῦ
991 4799 1235 4875 ὄχλου...
1268 4801 1326 4856 ὃν
1378 4804 1541 4875 (1706
1589 4805 1723 4860 add.
1778 4805 1803 4859 ὃ
1862 4803 2087 4879 Πέτρος)

481 4933 535 4948 ..
593 4884 801 4959 ἀπέσϐη
884 4891 1047 4962 (1706
1104 4884 1554 4963 ἀπεσϐέσθη)...
1612 4890 1820 4967 ἡμέραν
1876 4890 2084 4964 ἐκείνην

437 4984 578 5036 τοῦ..
591 5022 605 5035 .
633 4978 685 5033 οἱ
714 4982 999 5051 Ῥωμαῖοι.

512 5072 645 5137 Quae
669 5069 797 5141 jam
829 5074 1157 5139 sequuntur
1185 5067 1244 5123 in
1278 5067 1550 5126 chronico
1580 5069 1810 5143 Georgii
1841 5070 2080 5128 Hamar-

437 5159 565 5224 toli.
608 5175 678 5215 ea
723 5157 878 5230 apud
926 5156 1250 5213 Cedrenum
1295 5174 1411 5213 non
1450 5157 1744 5231 leguntur.
1801 5152 2077 5213 Σάϐϐατον

435 5248 537 5323 γὰρ
579 5246 645 5316 ἦν
696 5246 742 5318 ᾧ
790 5244 878 5300 καὶ
935 5246 1216 5320 προσευχή
1283 5243 1373 5300 καὶ
1421 5244 1641 5315 νηστεία
1683 5250 1798 5308 τοῖς
1844 5252 2075 5309 πιστοῖς.

436 5336 596 5400 Ἐθος
648 5334 752 5410 γὰρ
792 5334 859 5404 ἦν
903 5332 966 5388 τὸ
1015 5332 1407 5410 προσεύχεσθαι
1454 5336 1553 5403 τήν
1604 5334 1892 5406 ἐκκλησίαν
1947 5336 2077 5411 ὑπὲρ

508 5565 621 5710 (72)
651 5565 734 5620 Cf.
768 5564 995 5620 Comm.
1019 5569 1190 5636 apost.
1220 5564 1313 5620 VI.
1344 5565 1399 5631 7,
1432 5565 1486 5634 8,
1518 5566 1573 5619 9.

508 5638 597 5708 (73
649 5636 941 5693 Nonnulla
972 5651 1101 5708 quae
1133 5636 1247 5692 huc
1286 5640 1553 5709 spectant

507 5636 618 5710 (73)
649 5636 941 5693 Nonnulla
972 5651 1101 5708 quae
1133 5636 1247 5692 huc
1286 5640 1553 5709 spectant
1592 5636 1720 5693 vide
1752 5637 1925 5712 apud.
1963 5637 2067 5695 So-

2170 552 2286 609 ταῖς
2324 549 2547 624 Πράξεσι
2578 553 2685 603 τῶν
2720 549 3035 605 ἀποστόλων
3087 551 3363 624 γέγραπται
3393 556 3460 609 ὅτι
3491 568 3714 637 προσευγή

2170 637 2237 705 ἦν
2272 635 2490 705 ἐκτενής
2520 637 2787 712 γενομένη
2825 641 2984 711 (4706
3012 642 3221 713 γινομ.)
3250 642 3336 696 ὑπὸ
3369 652 3452 713 τῆς

2174 725 2305 801 ὑπὲρ
2335 730 2432 781 τοῦ
2464 726 2688 813 Πέτρου.
2722 728 2810 790 Ὡς
2843 725 2933 781 οὖν
2966 726 3015 782 ἐν
3037 730 3197 801 (1706
3218 736 3339 800 om.)
3367 732 3507 808 ἐκείνη
3534 742 3589 811 τῇ

2175 834 2240 890 ρᾳ
2287 819 2383 868 τοῦ
2437 810 2706 870 σαϐϐάτου
2754 816 3053 890 γενομένης
3098 822 3198 885 τῆς
3238 822 3434 891 Χριστοῦ
3471 825 3600 896 νίκης
3641 810 3713 883 καὶ

2170 910 2271 972 τῆς
2313 904 2573 965 πτώσεως
2622 908 2717 959 τοῦ⁹
2765 904 3113 979 ἀντιχρίστου
3164 908 3346 977 (codex
3391 913 3542 968 Coisl.
3590 916 3709 970 ἀντι-

2174 994 2444 1067 χρήστου)
2502 994 2795 1067 Σίμωνος,
2854 993 3183 1072 ἐπιφανερῶς
3240 998 3335 1067 (ita
3381 1001 3531 1069 1706;
3570 1008 3702 1063 Coisl.

2174 1082 2344 1155 -ροῖς)
2376 1075 2603 1136 σάϐϐασι
2653 1082 2715 1136 τὸ
2769 1083 3115 1155 μνημόσυνον
3166 1082 3469 1149 ἐκτελοῦντες
3508 1092 3707 1163 Ῥωμαῖοι

2172 1167 2490 1238 νηστεύουσι
2535 1170 2625 1224 καὶ
2674 1171 2910 1241 συνάξεις
2960 1169 3189 1249 φαιδρᾶς
3236 1178 3448 1243 ποιοῦσι,
3493 1179 3713 1253 μέχρινῦν

2173 1258 2271 1325 τὴν
2303 1256 2597 1334 παράδοσιν
2630 1260 2837 1330 ἐκείνην
2884 1258 3261 1336 φυλάττοντες.
3310 1262 3401 1317 Καὶ
3426 1265 3509 1339 γὰρ
3544 1268 3613 1321 καὶ
3644 1268 3717 1323 ἄλ-

2180 1343 2268 1399 λαι
2298 1345 2440 1407 τινὲς
2469 1344 2751 1416 ἐκκλησίαι
2784 1343 3015 1424 διάφορα
3045 1345 3509 1423 παραφυλάττουσιν
3537 1350 3718 1423 €011,11-

2179 1433 2285 1495 θὼς
2336 1433 2386 1488 οἰ
2434 1436 2528 1496 τάς
2580 1433 3029 1505 ἐκκλησιαστικάς
3086 1435 3320 1511 ἱστορίας
3364 1439 3719 1516 [γραψάμενοιῗ]

2180 1522 2562 1597 ἀνεγράψαντο.
2597 1524 2747 1599 Παρᾶ
2806 1523 3038 1587 Σκύθαις
3088 1525 3180 1597 μὲν
3230 1526 3349 1599 γάρ,
3391 1529 3535 1603 φησὶν,
3561 1530 3603 1583 αἱ
3642 1532 3719 1585 πό-

2180 1607 2292 1672 λεις
2339 1616 2501 1667 πᾶσαι
2547 1611 2836 1666 ἐπίσκοπον
2887 1611 3108 1688 ἔχουσιν
3158 1610 3251 1667 ἓνα
3298 1614 3379 1669 καὶ
3424 1615 3561 1686 μόνον.
3601 1621 3719 1693 Παρὰ

2183 1696 2239 1754 δὲ
2270 1699 2527 1776 Κυπρίοις
2585 1701 2673 1755 καὶ
2726 1702 2955 1776 Ἀραψιν
3013 1703 3106 1756 καὶ
3166 1701 3217 1757 ἐν
3260 1708 3369 1763 ταῖς
3412 1705 3578 1775 κώμαις
3616 1706 3714 1761 εἶσῖν

2184 1788 2489 1843 ἐπίσκοποι.
2517 1792 2719 1865 Ὥσπερ
2751 1787 2841 1843 οὖν
2874 1790 2962 1844 καὶ
2994 1790 3145 1865 παρὰ
3166 1796 3277 1852 τοῖς
3321 1790 3367 1846 ἐν
3397 1794 3567 1867 Φρυγίᾳ
3588 1802 3718 1849 Χανα-

2178 1882 2379 1938 τιανοῖς
2408 1878 2496 1931 καὶ
2526 1883 2913 1941 Μοντανισταῖς
2946 1880 3039 1933 καὶ
3086 1878 3230 1955 παρὰ
3274 1880 3360 1951 μὲν
3406 1884 3464 1952 τῇ
3501 1882 3726 1954 Ἐκκλησία

2181 1966 2396 2037 Ῥώμης
2444 1966 2576 2021 ἑπτὰ
2626 1966 2790 2038 μόνον
2840 1965 3084 2022 διάκονοι
3136 1967 3380 2042 γίνονται.
3411 1970 3533 2044 παρὰ
3568 1967 3613 2024 δὶ
3634 1978 3730 2025 πᾶσι

2179 2059 2298 2115 τοῖς
2327 2051 2521 2117 ἄλλοις
2557 2052 2848 2133 ἀδιάφορος
2879 2056 2906 2110 6
2933 2056 3145 2111 τούτων
3194 2056 3409 2131 ἀριθμός
3450 2057 3559 2113 ἐστι.
3595 2061 3674 2114 Καὶ
3697 2059 3734 2113 ἐν

2179 2144 2366 2217 Ῥώμῃ
2397 2141 2559 2197 πάλιν
2594 2144 2729 2214 άπαξ
2783 2145 2876 2217 μὲν
2926 2146 3095 2219 (1706
3141 2147 3279 2218 om.)
3318 2150 3406 2200 τοῦ
3448 2144 3648 2201 ἐνιαυτοῦ
3672 2147 3737 2202 λέ·

2180 2252 2326 2307 γεται
2354 2232 2415 2286 τὸ
2447 2229 2781 2305 ἀλληλοῦϊα,
2810 2232 2860 2288 ἐν
2911 2235 2982 2305 τῇ
3028 2234 3221 2309 πρώτῃ
3264 2238 3356 2288 τοῦ
3386 2235 3543 2308 πάσχα
3581 2236 3738 2310 ἡμέρᾳ,

2182 2321 2271 2375 καὶ
2303 2317 2481 2382 οὐδεὶς
2526 2320 2606 2375 ἐπ’
2638 2319 2929 2392 ἐκκλησίας
2974 2319 3217 2377 διδάσκει
3264 2323 3403 2385 ποτε,
3434 2321 3529 2377 οὐδ’
3569 2323 3738 2385 αὐτὸςὸ

2184 2406 2499 2471 ἐπίσκοπος.
2550 2410 2637 2467 Ἐν
2691 2407 2748 2465 δὲ
2797 2408 3174 2487 Ἀλεξανδρείᾳ
3222 2408 3439 2466 διδάσκει
3485 2412 3564 2483 μὲν
3608 2412 3744 2466 ὁέπί-

2184 2519 2383 2559 σκοπος
2438 2498 2520 2553 ἐπ’
2547 2498 2863 2570 ἐκκλησίας,
2908 2505 3014 2554 τῶν
3070 2498 3130 2554 δὶ
3177 2499 3493 2577 Εὖαγγελίων
3537 2500 3741 2576 ἀναγινω-

2185 2588 2460 2659 σκομένων
2518 2586 2616 2642 οὐκ
2665 2587 2936 2643 ἀνίσταται
2982 2594 3083 2643 τοῦ
3116 2588 3327 2663 θρόνου.
3359 2588 3448 2644 Καὶ
3490 2590 3573 2656 τὴν
3599 2610 3741 2643 τεσσά-

2186 2676 2448 2750 ρακοστὴν
2499 2680 2606 2729 τῶν
2656 2680 2919 2745 νηστειῶν
2974 2677 3026 2730 οἱ
3060 2678 3157 2749 μὶν
3204 2672 3487 2748 ἑϐδομάδας
3516 2678 3552 2739 ς’
3578 2675 3745 2742 νηστεῦ-

2184 2784 2355 2829 ουσιν,
2389 2764 2465 2825 ὡς
2495 2765 2547 2819 οἱ
2576 2766 2740 2837 (4706
2772 2766 2914 2837 om.)
2965 2765 3016 2819 ἐν
3068 2770 3149 2836 τῷ
3196 2763 3464 2838 Ἰλλυρικῷ
3501 2765 3579 2818 καὶ
3614 2761 3744 2836 Λιϐύῃ

2181 2852 2271 2906 καὶ
2309 2852 2566 2928 Αἰγύπτῳ
2612 2853 2703 2907 καὶ
2752 2854 2895 2927 πάσῃ
2942 2857 3009 2927 τῇ
3060 2850 3209 2909 δύσει
3252 2854 3337 2907 καὶ
3384 2852 3677 2926 Παλαιστίνῃ
3704 2851 3742 2906 ἐν

2185 2937 2241 2995 δὲ
2274 2942 2435 3014 (4706
2464 2942 2599 2998 add.
2753 2941 3323 2999 Κωνσταντινουπόλει
3349 2944 3428 2996 καὶ
3472 2941 3600 3016 πέριξ
3628 2943 3739 3015 ἄχρι.

2184 3029 2447 3100 Φοινίκης
2494 3024 2797 3103 ἑϐδομάδας
2850 3032 2889 3101 ζ’
2936 3032 3321 3100 νηστεύουσινο
3368 3028 3510 3086 ἄλλοι
3556 3028 3604 3084 δὲ
3633 3034 3741 3104 τρεῖς

2188 3117 2355 3191 μόνας
2382 3118 2592 3195 ἡμέρας
2637 3119 2688 3173 ἐν
2717 3124 2835 3181 ταῖς
2880 3119 2935 3191 ’ἐξ
2983 3121 3017 3189 ἤ
3047 3121 3186 3175 ἐπτά
3218 3117 3474 3195 σποράδην
3514 3118 3745 3189 νηστεύου-

844 3205 1175 3285 διαστρέφειν
1232 3208 1322 3262 τὸν
1373 3203 1535 3283 λόγον
1593 3210 1755 3281 (4706
1813 3208 1964 3282 λαὸν)
2019 3231 2068 3264 τ.
2105 3197 2146 3262 C
2186 3228 2288 3277 σιν,
2320 3203 2497 3282 ἕτεροι
2528 3204 2585 3262 δὲ
2612 3213 2755 3282 τρεῖς
2786 3204 3094 3282 ἑϐδομάδας
3139 3209 3329 3287 ἐφεξῆς
3374 3210 3468 3284 πρὸ
3494 3212 3576 3261 τοῦ
3610 3207 3749 3279 πάσχα

2192 3294 2566 3350 συνάπτουσιν⁸
2614 3298 2775 3369 (4706
2823 3299 2988 3355 addit
3042 3297 3210 3354 ἄλλοι
3262 3294 3317 3351 δὲ
3363 3294 3467 3366 δύο,
3512 3296 3577 3357 ὡς
3623 3296 3662 3349 οἱ
3706 3294 3751 3345 τὰ

2192 3382 2466 3439 Μοντανοῧ
2515 3389 2854 3462 φρονοῦντες)
2886 3380 2937 3440 ἕν
2984 3408 3092 3441 τισι
3133 3385 3191 3441 δὲ
3219 3386 3403 3442 πόλεσι
3424 3387 3509 3453 τῆς
3537 3382 3753 3457 Αἰγύπτου

2192 3472 2328 3547 πρὸς
2388 3472 2613 3548 ἑσπέραν
2674 3473 3031 3548 ἠριστηκότες
3105 3480 3215 3529 τῶν
3276 3473 3558 3548 μυστηρίων
3612 3491 3754 3543 μετα-

2195 3556 2553 3634 λαμϐάνουσι.
2606 3563 2705 3616 Καὶ
2751 3566 2919 3617 ταῦτα
2970 3563 3064 3635 μὶν
3121 3563 3149 3618 6
3202 3563 3483 3638 Σωκράτης
3656 3556 3758 3611 ἱστὸ-

2197 3668 2355 3724 ρησεν
2411 3649 2486 3703 ὡς
2545 3649 2688 3711 εἰκὸς
2743 3649 2866 3705 τότε
2922 3649 3303 3728 φυλαττόμενα
3356 3649 3551 3704 πάντα·
3600 3644 3671 3700 νῦν
3718 3641 3757 3697 δὲ

2196 3735 2423 3803 πλείστη
2470 3738 2559 3792 καὶ
2606 3738 2741 3793 κατᾶ
2788 3737 2951 3814 μέρος
3001 3738 3275 3816 ἐναλλαγὴ
3325 3738 3522 3813 γέγονεν
3567 3736 3609 3791 έν
3636 3735 3758 3807 (1706

2197 3827 2339 3898 om.)
2368 3831 2484 3888 τοῖς
2516 3826 2831 3902 εἰρημένοις
2862 3830 3026 3902 (1706
3056 3831 3203 3902 om.)
3234 3824 3417 3885 ἔθεσιν.

2269 3920 2387 3971 ISta
2408 3916 2704 3988 excipiunt
2727 3933 2795 3972 ea
2818 3934 2944 3989 quae
2968 3918 3124 3990 apud
3148 3919 3461 3974 Cedrenum
3483 3915 3651 3971 statim
3667 3917 3757 3984 post

2198 4002 2464 4075 ἐπίσημον
2518 4004 2704 4080 ἄγουσι
2751 4010 3013 4078 Ῥωμαῖοι
3065 4008 3259 4078 posita
3315 4010 3466 4073 sunt,
3511 4005 3573 4060 ad
3621 4002 3755 4057 histo-

2201 4092 2343 4147 riam
2396 4093 2465 4148 de
2514 4094 2749 4149 Simone
2798 4095 2963 4166 Mago
3013 4100 3069 4150 et
3134 4099 3300 4150 Petro
3349 4092 3681 4165 pertinentia.
3718 4087 3757 4137 Ὀ

2204 4180 2385 4251 μέντοι
2445 4180 2625 4254 Νέρων
2676 4180 2906 4242 ἀκούσας
2973 4181 3055 4235 ὅτι
3113 4180 3430 4258 πεφόνευται
3484 4178 3641 4251 Σίμων
3688 4173 3761 4227 ὑπὸ

2203 4269 2447 4342 Ῑίὲτρουι
2498 4269 2587 4322 καὶ
2627 4268 3019 4345 ἀγανακτήσας,
3070 4268 3343 4325 ἐκέλευσεν
3393 4267 3534 4322 αὐτὸν
3579 4282 3758 4335 σταυρω-

2200 4357 2405 4425 θῆναι.
2479 4360 2518 4409 Ο
2577 4353 2633 4412 δὲ
2706 4356 2911 4433 Πέτρος
2942 4400 2960 4424 ,
3028 4355 3397 4432 παρακαλέσας
3446 4356 3529 4410 τὸν
3579 4351 3761 4425 ἔπαρχον

2194 4442 2286 4499 ’ίνα
2337 4446 2411 4518 μὴ
2463 4440 2647 4521 ὄρθιος
2691 4447 2973 4520 σταυρωθῇ
3020 4446 3095 4507 ὡς
3146 4447 3172 4500 6
3224 4446 3451 4522 Κύριος,
3495 4442 3609 4497 κατὰ
3646 4458 3761 4513 κεφα-

2204 4532 2307 4603 λῆς
2368 4533 2699 4607 ἐσταυρώθη,
2747 4536 2927 4599 καθὼς
2976 4535 3201 4608 ἠξίωσεν
3250 4534 3309 4590 ἐκ
3356 4531 3555 4600 πολλῆς
3604 4546 3765 4603 μετριο-

2201 4622 2489 4700 φροσῦνης.
2549 4625 2697 4678 Μετά
2746 4621 2804 4678 δέ
2852 4645 2911 4699 γε
2956 4625 3055 4693 τὴν
3109 4626 3313 4699 Πέτρου
3360 4621 3591 4688 τελευτήν
3630 4616 3671 4670 ἐν
3708 4617 3763 4683 τῷ

2200 4707 2432 4785 δευτέρῳ
2482 4709 2583 4767 ἔτει
2640 4714 2801 4786 (1706
2849 4730 2964 4769 om.
3016 4711 3068 4766 ἐν
3111 4734 3163 4769 τ.
3214 4710 3285 4785 ἕ.)
3330 4712 3493 4770 καθώς
3520 4726 3655 4784 φησιν
3686 4700 3763 4756 Εὖ·

2197 4794 2395 4869 σέϐιος,
2448 4800 2667 4863 Ιίαῦλος
2718 4801 2746 4855 6
2793 4799 3099 4862 ἀπόστολος
3146 4801 3281 4855 κατὰ
3326 4801 3413 4873 μὲν
3458 4798 3544 4864 τήν
3589 4793 3761 4868 πρώτην

2196 4887 2492 4964 ἀπολογίαν
2522 4888 2693 4945 ἐλθὼν
2726 4889 2830 4944 ἀπὸ
2868 4896 2967 4957 τῆς
3014 4886 3272 4950 Ἰουδαίας
3326 4885 3529 4958 δέσμιος
3555 4881 3631 4937 καὶ
3658 4880 3762 4932 ἀπο-

2195 4974 2572 5052 λογησάμενος
2603 4979 2811 5053 Νέρωνι
2858 4978 2945 5032 ἐπὶ
2972 4977 3071 5045 τὴν
3120 4973 3387 5032 διακονίαν
3417 4978 3504 5027 τοῦ
3530 4969 3765 5044 κηρύγμα-

2189 5086 2283 5127 τος
2343 5064 2541 5137 ἐστάλη
2601 5068 2763 5140 (1706
2821 5065 3140 5137 ἀπεστάλη).
3203 5064 3477 5119 Κάντεῦθεν
3523 5060 3588 5119 ὡς
3630 5055 3764 5110 ἔοικεν

2188 5154 2283 5216 τὰς
2331 5159 2437 5209 τῶν
2488 5153 2808 5211 ἀποστόλων
2861 5154 3087 5231 Ηράξεις
3138 5153 3219 5208 ἐπ’
3270 5152 3452 5206 ἐκεῖνον
3496 5148 3575 5202 τὸν
3609 5142 3764 5218 χρόνον

2189 5250 2398 5306 Λουκᾶς
2447 5246 2791 5320 περιέγραψε,
2848 5244 3042 5319 μέχρις
3092 5244 3182 5299 ’ὸτε
3241 5242 3398 5315 (1706
3453 5236 3592 5307 ὅτου)
3641 5234 3767 5295 συνῆν

2187 5330 2264 5404 τῷ
2296 5330 2521 5405 Παύλῳθ
2571 5333 2688 5387 καθ’
2735 5332 2793 5387 ὃν
2838 5329 2896 5386 δὲ
2941 5332 3125 5406 καιρὸν
3175 5326 3542 5404 ἐμαρτύρησεν,
3573 5320 3625 5375 οὐ
3658 5339 3764 5388 συμ-

2181 5570 2305 5624 crat
2333 5567 2470 5621 Hist.
2505 5566 2633 5622 eccl.
2667 5583 2720 5633 ν,
2751 5566 2841 5621 22.
2872 5565 2982 5621 Sed
3031 5580 3143 5619 non
3175 5581 3241 5619 ex
3295 5578 3402 5620 uno
3432 5562 3570 5615 certo
3594 5558 3760 5609 Socra-

2180 5639 2256 5694 tis
2290 5636 2414 5693 loco
2440 5637 2561 5694 haec
2592 5636 2787 5693 omnia
2816 5636 3103 5708 exscripta
3134 5637 3287 5693 sunt.
