4040 6220
317 363 469 426 1297

1820 352 2214 417 ADDENDA.

3563 348 3719 409 1298

313 501 492 570 παρῆν
545 491 711 563 αὐτῷ,
760 495 856 546 τοῦ
900 486 1205 545 ἀποστόλου
1256 491 1437 565 σαφῶς
1484 488 1762 542 καὶτοῦτο
1802 490 1957 560 (1706

2078 484 2213 539 λαοῦ
2261 483 2347 538 καὶ
2394 482 2717 554 δικαιούνη.
2767 485 2861 544 ’Ός
2903 482 3000 554 (ab
3052 482 3159 539 hac
3207 480 3342 536 inde
3397 498 3534 537 voce
3587 483 3715 537 cod.

314 604 368 639 κ.
400 604 451 640 τ.
486 585 638 659 σαφ.)
667 580 912 656 λέγοντος
962 576 1045 633 6'11
1089 574 1266 639 οὐδείς
1319 598 1410 650 μοι
1442 576 1492 630 ἐν
1521 580 1589 650 τῇ
1639 576 1827 650 πρώτῃ
1860 596 1963 648 μου

321 669 591 746 ἀπολογίᾳ
640 669 1107 744 συμπαρεγένετο,
1166 665 1311 721 ἀλλά
1368 665 1555 728 πάντες
1620 686 1685 738 με
1744 663 1961 738 ἐγκατέ-

323 759 509 816 λειπον
543 760 708 831 (1706
740 756 976 825 -λιπον)·
1014 757 1088 828 μὴ
1118 754 1299 816 αὐτοῖς
1349 752 1652 829 λογισθείη.
1681 755 1780 811 "HV
1816 757 1964 827 (cor-

320 850 629 920 rigendum
648 846 1136 917 videtur,utapud
1150 847 1473 901 Cedrenum
1494 844 1715 900 editum
1730 842 1962 913 est,1wﬁv,

321 941 421 992 aut
456 934 568 990 alio
602 934 773 990 modo
804 932 968 988 locus
1014 932 1314 987 sanandus
1361 931 1468 1003 est)
1513 926 1579 998 δὴ
1626 928 1760 1004 πρὸς
1791 926 1964 1001 Τιμό-

320 1026 438 1078 θεον
491 1021 740 1096 δευτέραν
784 1020 1075 1089 ἐπιστολὴν
1123 1017 1342 1092 δεσμοῖς
1390 1017 1757 1094 κατεχόμενος
1807 1015 1963 1093 ἔγρα-

320 1114 440 1186 ψεν,
494 1112 636 1184 ὁμοῦ
687 1109 961 1182 σημαίνων
1011 1109 1109 1177 τήν
1160 1128 1218 1162 τε
1260 1106 1521 1183 προτέραν
1570 1105 1713 1179 αὑτῷ
1739 1105 1962 1183 γενομέ-

320 1222 416 1269 νην
449 1198 753 1274 ἀπολογίαν
807 1199 940 1275 πρὸς
994 1198 1233 1273 Νέρωνα,
1292 1196 1350 1251 ὃν
1408 1194 1497 1250 καὶ
1550 1192 1743 1251 λέοντα
1787 1192 1875 1249 διὰ
1901 1195 1964 1250 τὸ

326 1290 685 1364 ἀπάνθρωπον
712 1288 799 1342 καὶ
829 1283 1093 1363 θηριῶδες
1122 1288 1223 1340 τοῦ
1270 1285 1476 1360 τρόπου
1524 1288 1707 1346 καλῶς
1743 1283 1963 1357 ὠνόμα-

322 1398 399 1432 σε·
444 1379 534 1431 καὶ
584 1378 682 1445 τὴν
735 1376 878 1451 παρά
933 1372 1104 1435 πόδας
1162 1372 1440 1429 τελείωσιν
1503 1371 1683 1448 ἐπάγει
1725 1374 1959 1451 φάσκων·

325 1465 620 1542 Ἐῥρύσθην
666 1463 725 1518 ἐκ
777 1464 1043 1536 στόματος
1093 1461 1344 1524 λέοντος.
1397 1460 1574 1517 Ἀλλά
1618 1462 1707 1516 καὶ
1753 1461 1964 1536 ῥύσεταί

325 1575 393 1627 με
425 1553 618 1628 Κύριος
650 1552 757 1607 ἀπὸ
802 1554 995 1614 παντὸς
1045 1550 1205 1627 ἔργου
1254 1555 1516 1625 πονηροῦ,
1564 1550 1655 1605 καὶ
1694 1551 1854 1606 σώσει
1887 1551 1961 1613 εἷς

314 1644 413 1711 τὴν
453 1639 731 1715 βασιλείαν
783 1640 947 1695 αὑτοῦ
991 1641 1090 1710 τήν
1141 1640 1479 1714 ἐπουράνιον,
1528 1640 1869 1717 ὑπεμφαίνων
1902 1642 1963 1695 τὸ

314 1730 618 1807 παραυτίκα
671 1729 987 1806 μαρτύριον,
1037 1728 1065 1784 ὃ
1108 1728 1199 1784 καί
1244 1730 1562 1806 σαφέστερον
1616 1727 1666 1784 ἐν
1715 1732 1782 1802 τῇ
1826 1729 1962 1804 αὐτῂ⁹

319 1818 713 1894 προσαγορεύει
743 1822 951 1925 γραφῇ,
985 1816 1349 1925 λέγωνςξῐγὼ
1370 1819 1472 1925 γὰρ
1502 1815 1610 1925 ήδη
1646 1816 1961 1892 σπένδομαι,
1996 1861 2041 1925 Β

320 1908 413 1963 καὶ
445 1909 473 1961 6
514 1907 700 1983 καιρὸς
745 1914 847 1976 τῆς
899 1906 1036 1979 ἐμῆς
1086 1905 1394 1969 ἀναλύσεως
1441 1906 1746 1985 ἐφέστηκεν.
1800 1908 1963 1964 Ἀπο-

327 1995 705 2071 λογησάμενος
738 1995 916 2051 τοίνυν
946 1997 1044 2065 τὴν
1078 1996 1302 2070 πρώτην
1334 1995 1654 2071 ἀπολογίαν,
1695 1994 1783 2051 καὶ
1814 1994 1962 2059 αὖθις

326 2084 539 2154 ἐπὶτήν
567 2089 662 2139 τοῦ
711 2084 1065 2159 κηρύγματος
1115 2081 1385 2139 διακονίαν
1435 2083 1800 2157 στειλάμενος,
1852 2085 1964 2140 εἶτα

321 2173 487 2229 πάλιν
541 2174 603 2227 τὸ
664 2170 910 2249 δεύτερον
968 2167 1157 2234 ἐπιϐὰς
1212 2176 1279 2246 τῇ
1336 2173 1517 2246 Ῥώμῃ
1570 2170 1814 2246 δέσμιος,
1873 2174 1962 2229 καὶ

322 2262 579 2324 ὡσαύτως
612 2263 819 2337 Νέρωνι
848 2258 1193 2337 παραδοθεὶς,
1224 2260 1316 2316 τὸν
1350 2258 1439 2315 διὰ
1486 2259 1668 2338 ξίφους
1696 2265 1791 2316 τοῦ
1825 2282 1962 2338 μαρ-

314 2349 508 2424 τυρίου
539 2350 795 2427 στέφανον
844 2347 1161 2423 ἀνεδήσατο,
1197 2350 1327 2422 μηνὶ
1362 2349 1577 2422 Ἴουνίῳ
1606 2350 1704 2407 κθ’.
1740 2351 1869 2415 Καθ’
1898 2351 1960 2420 ἣν

317 2440 527 2512 ἡμέραν
576 2438 667 2493 καὶ
710 2437 912 2513 Πέτρος
960 2436 1293 2510 ἐσταυρώθη,
1342 2435 1577 2513 καθάπερ
1626 2438 1713 2493 καὶ
1744 2438 1961 2514 Μάρκος

316 2526 405 2581 καὶ
440 2532 649 2589 Λουκᾶς
696 2526 747 2581 οἱ
792 2525 1187 2603 εὑαγγελισταὶ,
1239 2526 1328 2581 καὶ
1378 2522 1631 2589 Ἰάκωϐος
1672 2527 1699 2581 ὁ
1729 2525 1959 2606 ἀδελφό-

318 2617 455 2676 θεος.
486 2617 543 2672 Ὀ
574 2615 665 2669 οὗν
712 2621 922 2677 Λουκᾶς
971 2614 1056 2669 ἐπὶ
1106 2614 1286 2676 ἐλαίας
1337 2615 1688 2692 καρποφόρου
1727 2637 1964 2691 σταυρω-

323 2704 455 2771 θεῖς,
494 2705 567 2775 μὴ
622 2704 1004 2779 εὑρισκομένου
1051 2703 1215 2774 ξύλου
1246 2704 1412 2779 ξηροῦ
1461 2705 1596 2779 πρὸς
1626 2703 1688 2759 τὸ
1718 2706 1959 2781 γενέσθαι

322 2793 548 2867 σταυρὸν
582 2792 633 2847 ἐν
664 2797 742 2865 τῷ
769 2792 942 2865 τόπῳ,
978 2787 1160 2847 λαϐών
1202 2814 1285 2854 τις
1332 2793 1395 2847 τὸ
1443 2797 1602 2865 σῶμα
1642 2793 1731 2847 καὶ
1769 2792 1962 2867 μεταξὺ

322 2879 549 2935 πολλῶν
587 2880 867 2953 μνημείων
918 2882 1090 2954 θάψας
1133 2878 1337 2951 ἄδηλον
1386 2880 1604 2951 ἐποίησε
1648 2881 1740 2937 τὸν
1770 2883 1960 2959 τάφον.

321 2974 436 3024 Τῶν
496 2967 552 3024 δὲ
606 2974 860 3041 μαθητῶν
927 2969 1328 3039 ἀναζητούντων
1398 2972 1681 3043 μετέπειτα
1734 2971 1824 3025 καὶ
1884 2973 1958 3044 μή

328 3058 685 3131 εὑρισκόντων
714 3058 877 3113 αὑτοῦ
906 3060 996 3113 τὸν
1022 3060 1189 3137 τάφον
1223 3056 1311 3113 διὰ
1338 3060 1399 3114 τὸ
1430 3057 1639 3127 πλῆθος
1668 3064 1775 3114 τῶν
1822 3082 1959 3133 μνη-

329 3148 533 3219 μάτων,
587 3148 676 3201 καί
716 3148 1160 3222 προσευξαμένων
1211 3147 1385 3202 αὐτῶν
1437 3149 1628 3222 (Coisl.
1669 3148 1959 3225 προσευξά-

2073 577 2213 631 4706
2240 577 2439 631 omnia
2470 575 2687 631 omittit
2731 589 2920 646 usque
2961 573 3137 628 verba
3167 571 3282 625 ἐπεῖ
3314 569 3403 624 οὖν
3436 566 3715 641 αἰδέσιμος

2071 662 2161 717 καὶ
2194 658 2507 735 σεϐάσμιος)
2536 684 2595 737 γε
2648 660 2895 735 μεγέλων
2939 661 3028 715 καὶ
3059 659 3214 715 θείων
3266 660 3499 734 ὁράσεων
3530 658 3710 728 ἀξιού-

2078 770 2232 823 μενος
2267 752 2497 825 έώρακέν
2532 772 2662 806 ποτε
2690 755 2980 827 προφανῶς
3028 750 3117 805 τὸν
3170 744 3425 802 διάϐολον
3471 748 3568 815 τὴν
3601 754 3713 801 κατ’

2073 838 2236 895 αὑτοῦ
2278 841 2643 915 γενησομένην
2693 839 2881 913 μανίαν
2931 838 3019 893 καὶ
3066 836 3371 914 μιαιφονίαν
3421 841 3527 891 τῶν
3586 838 3716 891 Ἰου-

2076 924 2237 982 δαίων
2270 926 2595 983 ἀπειλοῦντα
2642 926 2955 1000 (θοὰ-λῶν)
3004 925 3053 981 ἐν
3109 924 3323 997 ἐξαισίῳ
3353 925 3440 979 καὶ
3490 919 3713 1003 φοϐερο-

2071 1014 2218 1089 τάτῳ
2250 1018 2517 1092 σχήματι,
2569 1017 2691 1092 περὶ
2742 1018 2803 1071 οὗ
2853 1038 3013 1093 φησιν
3067 1016 3199 1090 πρὸς
3240 1014 3331 1069 τὸν
3383 1008 3505 1067 Ἰὼϐ
3538 1014 3710 1087 (74)ὁ

2074 1106 2222 1169 Θεός·
2259 1131 2285 1157 ‹‹
2320 1104 2459 1163 Ἰδοὺ
2491 1104 2557 1175 δὴ
2589 1109 2622 1175 ἡ
2658 1105 2813 1181 ἰσχὺς
2862 1104 3023 1159 αὑτοῦ
3073 1104 3151 1157 ἐπ’
3184 1103 3362 1182 ὀσφύϊ·
3396 1105 3430 1172 ἡ
3472 1099 3529 1156 δὲ
3561 1099 3713 1156 δύνα-

2078 1216 2166 1267 μις
2195 1194 2359 1249 αὑτοῦ
2402 1195 2483 1249 ἐπ’
2533 1195 2787 1273 ὀμφαλοῦ
2832 1194 3077 1270 γαστρός.
3126 1194 3384 1261 Ἔστησεν
3436 1191 3597 1267 οὐρὰν
3635 1191 3709 1252 ὡς

2071 1285 2418 1357 κυπᾶρισσον,
2468 1283 2535 1338 τὰ
2585 1282 2641 1339 δὲ
2687 1288 2845 1359 νεῦρα
2893 1280 3319 1355 συμπέπλεκται·
3372 1281 3429 1334 αἱ
3477 1278 3708 1353 πλευραὶ

2072 1371 2236 1427 αὑτοῦ
2267 1372 2544 1447 χάλκειαι,
2576 1376 2611 1442 ἡ
2645 1371 2702 1427 δὲ
2730 1371 2887 1448 ῥαχὶς
2919 1371 3084 1426 αὑτοῦ
3132 1367 3510 1445 σιδηρόχυτος.
3540 1372 3709 1423 Τοῦτο

2073 1458 2212 1514 ἐστιν
2244 1460 2390 1537 ἀρχὴ
2440 1460 2761 1533 πλάσματος
2814 1458 3033 1533 Κυρίου,
3073 1458 3438 1532 πεποιημένον
3491 1457 3713 1533 ἐγκατα-

2071 1547 2351 1618 παίζεσθαι
2403 1549 2505 1604 ὑπὸ
2544 1554 2649 1603 τῶν
2686 1548 2932 1625 ἀγγέλων
2982 1548 3165 1604 αὐτοῦ.
3216 1547 3473 1604 ΙΙέποιθεν
3522 1544 3579 1602 δὲ
3626 1546 3706 1602 6'11

2070 1637 2427 1712 προσκρούσει
2459 1634 2727 1712 Ἰορδάνης
2763 1637 2837 1699 εἰς
2883 1637 2945 1690 τὸ
2993 1636 3167 1709 στόμα
3214 1636 3399 1705 αὐτοῦ,
3432 1634 3483 1691 ἐν
3536 1633 3593 1691 δὲ
3632 1640 3709 1707 τῷ

2073 1723 2342 1801 ὀφθαλμῷ
2392 1724 2552 1781 αὑτοῦ
2600 1723 2798 1796 δέξεται
2849 1724 3028 1781 αὑτόν.
3058 1724 3168 1780 ΙΙᾶν
3220 1724 3276 1779 δέ
3324 1724 3543 1780 πλωτὸν
3586 1745 3706 1778 συν-

2073 1811 2225 1868 ελθὸν
2261 1813 2321 1868 οὑ
2356 1815 2431 1888 μὴ
2484 1813 2731 1890 ἐνέγκωσι
2766 1812 2961 1890 βύρσαν
3024 1812 3149 1886 μίαν
3201 1812 3363 1889 οὑρᾶς
3405 1812 3590 1881 αὑτοῦ,
3621 1812 3709 1868 καὶ

2073 1902 2142 1975 ἐμ
2172 1904 2278 1975 (sic
2328 1904 2525 1978 codex)
2570 1900 2795 1964 πλοίοις
2843 1900 3041 1957 ἀλιέων
3090 1900 3330 1981 κεφαλὴν
3384 1900 3566 1959 αὑτοῦ.
3616 1900 3710 1963 Τίς

2074 1989 2412 2047 ἀποκαλύψει
2438 1992 2725 2067 πρόσωπον
2777 1988 3037 2053 ἐνδύσεως
3084 1990 3247 2045 αὑτοῦ
3281 2010 3294 2061 ;
3329 1989 3405 2053 εἷς
3437 1987 3495 2045 δὲ
3523 1989 3706 2061 πτύξιν

2072 2081 2314 2156 θώρακος
2347 2082 2509 2136 αὑτοῦ
2537 2082 2617 2144 τίς
2659 2080 2717 2135 ἂν
2769 2079 3001 2135 εἷ’σέλθοι
3036 2100 3049 2150 ;
3082 2079 3258 2141 πύλας
3309 2076 3367 2134 δὲ
3411 2080 3708 2155 προσώπου

2072 2169 2235 2224 016106
2272 2170 2352 2232 τίς
2403 2169 2600 2240 ἀνοίξει
2635 2188 2648 2238 ;
2681 2169 2868 2242 κύκλῳ
2919 2164 3153 2241 ὀδόντων
3205 2167 3367 2223 αὑτοῦ
3412 2162 3600 2245 φόϐος.
3633 2167 3711 2222 Τά

2073 2256 2131 2313 δὲ
2178 2255 2371 2334 ἔγκατα
2417 2259 2580 2314 αὑτοῦ
2629 2256 2847 2322 ἀσπίδες
2896 2256 3120 2334 χαλκαῖ·
3172 2256 3223 2312 ἐν
3266 2261 3500 2332 πταρμῷ
3545 2255 3710 2310 αὐτοῦ

2073 2345 2449 2424 ἐπιφαύσκεται
2519 2349 2824 2421 (descripsi
2882 2345 3182 2425 ἐπιφάσκ.)
3240 2343 3433 2423 φέγγος
3470 2365 3481 2376 ·
3544 2345 3595 2399 οἱ
3655 2342 3711 2398 δὲ

2072 2435 2345 2514 ὀφθαλμοὶ
2376 2435 2539 2492 αὑτοῦ
2588 2434 2730 2499 εἶδος
2780 2436 3081 2514 έωσφόρου,
3132 2434 3189 2491 ἐκ
3231 2434 3499 2509 στόματος
3547 2434 3711 2490 αὑτοῦ

2071 2524 2450 2601 ἐκπορεύονται
2510 2523 2792 2599 λαμπάδες
2846 2527 3169 2598 καιόμεναι,
3224 2525 3318 2581 καῖ
3367 2523 3711 2600 διαριπτοῦν-

2069 2635 2155 2669 ται
2188 2614 2414 2691 ἐσχάραι
2447 2616 2637 2691 πυρός.
2666 2617 2760 2671 Ἐκ
2813 2618 3102 2691 μυκτήρων
3152 2614 3314 2671 016106
3366 2614 3709 2690 ἐκπορεύεται

2069 2702 2271 2765 καπνὸς
2326 2702 2558 2777 καμίνου
2613 2704 2909 2777 καιομένης
2943 2748 2956 2774 ,
3016 2704 3106 2759 καὶ
3160 2703 3289 2779 πυρὶ
3343 2704 3618 2779 ἀνθράκων
3674 2706 3708 2773 ἡ

2070 2794 2221 2868 ψυχὴ
2255 2796 2402 2865 (cod.
2436 2794 2549 2868 -χὶ)
2599 2793 2761 2849 αὐτοῦ
2811 2798 2941 2868 (75)·
2978 2792 3110 2871 φλὸξ
3144 2791 3200 2848 δὲ
3230 2793 3288 2848 ἐκ
3317 2794 3584 2867 στόματος
3615 2793 3709 2848 016-

2067 2886 2164 2937 106
2194 2882 2486 2957 ἐξέρχεται·
2522 2884 2607 2936 Ἐν
2637 2880 2692 2936 δὲ
2719 2887 2797 2953 τῷ
2826 2881 3097 2958 τραχήλῳ
3146 2879 3420 2950 αὐλίζεται
3463 2880 3708 2954 δύναμις·

2070 2969 2371 3045 ἔμπροσθεν
2420 2970 2584 3026 αὑτοῦ
2629 2972 2813 3047 τρέχει
2864 2969 3131 3027 ἀπώλεια.
3166 2974 3399 3041 Ἕστηκε
3440 2969 3498 3027 δὲ
3528 2971 3708 3047 ὥσπερ

2069 3057 2257 3131 ἄκμων
2313 3059 2616 3130 ἀνήλατος.
2664 3061 2784 3115 Ἐἀν
2835 3062 3231 3130 συναντήσωσιν
3286 3059 3432 3132 αὑτῷ
3483 3059 3707 3136 λόγχαι,

2070 3148 2220 3203 οὐθὲν
2276 3147 2339 3203 06
2390 3150 2464 3221 μὴ
2516 3150 2844 3218 ποιήσωσιν·
2904 3149 3108 3221 ἥγηται
3171 3149 3264 3221 μὲν
3324 3150 3428 3224 γὰρ
3486 3148 3706 3225 σίδηρον

328 3238 506 3309 μενοι)
534 3239 602 3309 τῇ
633 3236 780 3291 νυκτὶ
834 3240 994 3309 (1706
1040 3240 1173 3293 add.
1225 3235 1419 3311 ἐκείνῃ)
1468 3224 1764 3313 κουλούρια
1800 3241 1963 3309 (1706
1994 3224 2036 3291 C
2076 3238 2302 3313 ἄχυρον,
2334 3235 2540 3312 χαλκὸν
2587 3235 2645 3292 δέ
2689 3236 2867 3313 ὥσπερ
2917 3236 3075 3308 ξύλον
3129 3237 3342 3311 σαθρόν.
3396 3238 3492 3292 Καὶ
3534 3239 3595 3293 06
3619 3224 3706 3312 p.13

320 3321 643 3397 κουλλούρ.)
709 3324 895 3399 βρέξας
962 3328 1125 3397 (1706
1180 3320 1411 3400 ἔϐρεξεν)
1470 3326 1497 3379 6
1555 3326 1685 3388 Θεὸς
1745 3326 1962 3403 ἰατρικὰ

319 3409 494 3465 ἐπάνω
524 3416 620 3467 τοῦ
660 3413 852 3490 τάφου,
885 3408 1137 3485 σύμϐολα
1171 3421 1270 3482 τῆς
1305 3413 1615 3486 ἐπιστήμης
1647 3413 1830 3485 αὑτοῦ,
1861 3414 1960 3485 δῆ-

318 3497 416 3554 λον
446 3499 668 3569 ἐποίησε
695 3501 783 3555 τὸν
814 3503 979 3578 τάφον
1010 3504 1175 3574 (4706
1224 3520 1325 3575 pro
1378 3498 1571 3572 δῆλον,
1617 3508 1749 3572 etc.,
1780 3505 1869 3558 καὶ
1903 3503 1962 3559 ἐκ

311 3586 513 3643 τούτου
560 3587 657 3643 τοῦ
705 3589 939 3661 σημείου
984 3590 1172 3665 γέγονε
1219 3591 1499 3665 γνώριμος
1550 3592 1578 3645 6
1626 3593 1846 3669 τάφος)·
1898 3590 1959 3647 οὗ

314 3676 375 3730 τὸ
404 3676 663 3751 λείψανον
721 3676 1087 3740 Κωνστάντιος
1145 3678 1262 3741 υἱὸς
1316 3680 1717 3735 Κωνσταντίνου
1774 3682 1961 3736 ἀνακο-

323 3764 480 3837 μίσας
538 3766 590 3821 ἐν
637 3767 1201 3823 Κωνσταντινουπόλει
1252 3768 1540 3838 κατέθηκεν
1612 3768 1663 3823 ἐν
1715 3774 1794 3841 τῷ
1848 3774 1957 3841 ναῷ

324 3858 435 3907 τῶν
488 3853 824 3928 ἀποστόλων,
876 3854 1039 3930 ὅνπερ
1087 3853 1440 3930 ᾠκοδόμησεν
1492 3858 1520 3912 6
1568 3859 1746 3931 πατὴρ
1795 3857 1957 3913 αὑτοῦ

324 3942 495 4017 μέγας
542 3944 934 4007 Κωνσταντίνος
983 3947 1115 4018 (hoc
1171 3951 1457 4017 accentu).
1518 3948 1790 4004 Incidunt
1835 3949 1956 4004 hac

315 4038 572 4089 extrema
603 4034 660 4089 in
689 4036 779 4090 ed.
809 4036 1047 4091 Cedreni
1090 4036 1272 4092 Paris.
1307 4052 1439 4109 pag.
1483 4037 1625 4106 212;
1658 4036 1715 4091 in
1752 4038 1956 4094 editio-

312 4121 405 4175 nis
437 4122 766 4178 Bonnensis
796 4140 928 4195 pag.
963 4124 1085 4179 373.
1120 4127 1253 4190 Quae
1285 4141 1417 4181 vero
1447 4127 1506 4181 in
1540 4126 1733 4182 codice
1764 4126 1828 4182 de
1864 4130 1951 4184 Ja-

310 4210 439 4265 cobo
470 4212 611 4279 justo
641 4217 989 4282 sequuntur,
1020 4229 1087 4268 ea
1134 4213 1429 4269 Cedrenus
1479 4214 1651 4286 paulo
1698 4219 1829 4271 ante
1859 4216 1951 4287 (cf.

310 4299 404 4353 ed.
439 4299 624 4352 Paria.
669 4316 727 4370 p.
773 4302 879 4354 205
906 4306 980 4367 C;
1014 4302 1105 4356 ed.
1152 4302 1334 4357 Bonn.
1388 4319 1520 4375 pag.
1561 4304 1688 4374 360)
1732 4304 1789 4357 in
1831 4321 1953 4361 rem

314 4402 486 4441 suam
519 4388 825 4455 convertit,
857 4391 1145 4460 scriptura
1174 4407 1327 4462 sape
1358 4396 1605 4459 mutata,
1634 4392 1953 4448 omnibus-

314 4491 428 4545 que
454 4474 692 4532 omissis
722 4493 846 4547 qua;
881 4494 946 4533 ex
989 4479 1120 4534 Jobi
1152 4479 1300 4535 libro
1332 4479 1579 4551 aliisque
1607 4480 1950 4537 afferuntur.

311 4563 543 4634 Scripta
583 4580 713 4620 vero
744 4570 882 4621 sunt
912 4568 972 4622 in
1002 4566 1275 4623 chronico
1297 4568 1454 4624 hunc
1483 4570 1541 4623 in
1570 4570 1809 4625 modum
1844 4587 1857 4626 :

382 4650 438 4703 Ὁ
489 4646 545 4703 δέ
595 4671 655 4724 γε
710 4653 873 4724 (4706
929 4652 1119 4728 μέγας)
1176 4649 1433 4717 Ἰάκωϐος
1490 4656 1645 4731 ἁγνὸς
1690 4654 1948 4732 ὑπάρχων

2067 3327 2264 3401 τρώσει
2312 3326 2468 3381 αὐτὸν
2516 3325 2670 3397 τόξον
2718 3326 2997 3401 χάλκειον·
3049 3326 3246 3402 ἥγηται
3305 3327 3398 3399 μὶν
3452 3324 3711 3402 πετροϐό-

2069 3412 2165 3469 λον
2195 3414 2417 3490 χόρτον.
2450 3420 2537 3477 Ὠς
2567 3413 2789 3488 καλάμη
2825 3413 2881 3469 δὲ
2924 3412 3308 3490 λογισθείησαν
3352 3416 3565 3493 σφυραί·
3611 3438 3705 3471 κα-

2066 3508 2272 3577 ταγελᾷ
2300 3503 2393 3575 μὲν
2424 3507 2648 3574 σεισμοῦ
2695 3501 2994 3580 πυρφόρου.
3028 3504 3090 3560 Ἡ
3141 3500 3197 3557 δὲ
3247 3506 3502 3579 στρωμνὴ
3544 3504 3707 3559 αὑτοῦ

2070 3585 2347 3645 ὀϐελίσκοι
2396 3590 2555 3663 ὀξεῖς.
2603 3592 2839 3665 ’Ἡγηται
2893 3592 2985 3663 μὲν
3038 3592 3137 3660 τὴν
3197 3589 3465 3655 θάλασσαν
3526 3592 3705 3669 ὥσπερ

2068 3678 2431 3755 ἐξάλειπτρον,
2488 3680 2580 3735 τὸν
2639 3677 2696 3734 δὲ
2752 3680 3014 3755 τάρταρον
3079 3687 3179 3749 τῆς
3234 3676 3469 3736 ἀϐύσσου
3527 3681 3704 3755 ὥσπερ

2067 3767 2443 3843 αἰχμάλωτον.
2479 3766 2589 3823 Οὐκ
2619 3766 2756 3823 ἔστιν
2789 3768 2874 3823 ἐπὶ
2924 3771 3020 3839 τῆς
3068 3776 3170 3845 γῆς
3202 3768 3391 3841 ὅμοιον
3443 3769 3608 3842 αὐτῷ.
3644 3772 3705 3825 Οἱ

2065 3857 2168 3932 γὰρ
2200 3854 2387 3912 δοῦλοι
2431 3861 2528 3912 τοῦ
2579 3862 2711 3912 Θεοῦ
2760 3855 2981 3933 ἄγγελοι
3033 3856 3302 3919 πολλάκις
3348 3858 3706 3931 ὀνομάζονται

2067 3946 2169 4001 ὑπὸ
2196 3953 2295 4016 τῆς
2327 3946 2469 4011 θείας
2500 3953 2717 4025 Γραφῆς
2759 3944 2847 4001 διὰ
2892 3948 2955 4002 τὸ
3002 3946 3212 4002 ἀκούειν
3261 3946 3455 4010 αὑτοὺς
3507 3946 3704 4024 λόγους

2063 4035 2208 4109 παρά
2235 4040 2365 4095 Θεοῦ
2411 4035 2501 4090 καὶ
2542 4034 2894 4112 ἀναγγέλλειν
2944 4040 3058 4099 τοῖς
3106 4034 3323 4099 λοιποῖς
3377 4036 3703 4111 ἀνθρώποις.

2066 4124 2209 4193 Φησὶ
2260 4125 2361 4201 γάρ
2410 4122 2665 4200 Ἔσδρας.
2717 4123 3057 4182 Ἀπέστειλεν
3110 4126 3137 4179 6
3181 4126 3307 4187 Θεὸς
3351 4126 3485 4201 πρὸς
3515 4125 3707 4188 αὐτοὺς

2061 4213 2188 4275 τοὺς
2223 4211 2452 4276 δούλους
2492 4214 2654 4269 αὑτοῦ
2699 4213 2824 4276 τοὺς
2876 4217 3179 4293 προφήτας·
3229 4214 3379 4269 αύτοῖ
3414 4212 3470 4269 δὲ
3518 4215 3704 4287 ἐξεμυ-

2061 4304 2318 4376 κτήριζον
2369 4302 2497 4365 τοὺς
2547 4302 2813 4379 ἀγγέλους
2864 4303 3067 4360 αὐτοῦ.
3117 4304 3385 4365 Ὡσαύτως
3430 4304 3519 4358 καὶ
3580 4304 3702 4379 περί

2060 4393 2157 4443 τοῦ
2187 4388 2507 4466 προδρόμου
2540 4390 2683 4466 λέγει
2734 4390 2955 4464 Κύριος·
2988 4392 3155 4453 Οὗτός
3204 4391 3342 4445 ἐστιν
3376 4392 3497 4466 περί
3531 4392 3592 4446 o6
3621 4392 3705 4467 γέ-

2059 4498 2312 4553 γραπται·
2348 4478 2485 4537 Ἰδοῦ
2518 4479 2625 4555 ἐγὼ
2670 4477 2993 4534 ἀποστέλλω
3032 4481 3121 4534 τὸν
3170 4479 3401 4554 ἄγγελόν
3455 4502 3557 4554 μου
3596 4482 3701 4556 πρὸ

2061 4568 2357 4641 προσώπου
2390 4589 2504 4623 σου.
2537 4568 2634 4622 Καὶ
2685 4569 2745 4623 οὐ
2798 4568 2961 4640 μόνον
3008 4566 3229 4645 ἄγγελοι
3264 4567 3503 4643 λέγονται
3537 4570 3589 4623 οἱ
3621 4567 3700 4623 δί-

2060 4676 2227 4725 καιοι,
2274 4653 2420 4711 ἀλλά
2470 4657 2558 4710 καὶ
2592 4660 2725 4724 θεοὶ,
2757 4657 2892 4711 κατά
2942 4657 3031 4711 τὸν
3082 4655 3329 4732 λέγοντα·
3383 4658 3524 4733 Ἐγὼ
3556 4658 3695 4712 εἶπα·

311 4736 370 4792 ἐκ
414 4735 628 4800 κοιλίας
684 4741 893 4816 μητρὸς
944 4741 1131 4815 αὐτοῦ,
1177 4744 1287 4797 οἷον
1344 4744 1438 4816 μὲν
1484 4744 1573 4799 καὶ
1616 4744 1800 4820 σίκερα
1855 4745 1953 4801 οὐκ
2061 4743 2182 4797 Θεοί
2215 4742 2329 4798 ἐστε
2357 4744 2443 4798 καὶ
2477 4744 2583 4798 υἱοὶ
2631 4744 2876 4816 Ὑψίστου
2928 4744 3136 4807 πάντες.
3174 4746 3319 4799 Ἐπεὶ
3362 4746 3453 4799 οὖν
3484 4749 3593 4818 (76)
3622 4748 3702 4800 αἱ·

308 4822 452 4911 ἔπιεν
489 4823 612 4881 οὐδὲ
641 4822 890 4903 ἔμψυχον
921 4826 1135 4907 ἔφαγεν,
1189 4828 1312 4885 οὐδὲ
1360 4830 1625 4908 βαλανείῳ
1656 4831 1948 4908 ἐχρήσατο·
2061 4827 2279 4905 δέσιμος
2324 4833 2413 4886 καὶ
2454 4827 2745 4906 σεϐάσμιος
2800 4832 2887 4887 καὶ
2922 4830 3127 4910 σφόδρα
3165 4829 3493 4910 περιϐόητος
3526 4836 3699 4911 ὑπῆρ-

302 4912 371 4968 τά
400 4910 459 4968 δὲ
487 4914 687 4989 γόνατα
728 4916 891 4971 αὑτοῦ
946 4917 1327 4989 ἀπεσκληκότα
1380 4917 1534 4990 δίκην
1580 4921 1837 4994 καμήλου
1866 4944 1951 4998 γε·
2058 4939 2154 4995 χεν
2215 4921 2243 4974 6
2304 4920 2585 4996 ἷσάγγελος
2655 4917 2912 4983 Ἰάκωϐος
2987 4922 3178 4998 ἑορτῆς
3249 4922 3546 4997 γενομένης
3600 4928 3696 4977 τοῦ

300 5000 517 5076 γόνασιν
567 5001 627 5057 ἐκ
673 5008 771 5057 τοῦ
819 5005 899 5059 ἀεὶ
948 5007 1212 5079 κάμπτειν
1265 5007 1351 5061 ἐπὶ
1402 5008 1534 5083 γόυυ
1572 5008 1661 5063 καὶ
1711 5014 1787 5081 τῷ
1835 5016 1949 5084 Θεῷ
2059 5010 2253 5084 Πάσχα
2279 5009 2367 5064 καὶ
2396 5007 2622 5064 πολλῶν
2662 5007 2936 5085 μυριάδων
2972 5009 3331 5065 συνελθόντων
3376 5010 3426 5065 ἐν
3480 5016 3557 5083 τῷ
3585 5016 3696 5083 ναῷ

298 5096 637 5162 προσκυνεῖν.
679 5095 836 5155 Ὅθεν
886 5091 974 5148 διὰ
1002 5097 1100 5164 τὴν
1132 5091 1442 5171 ὑπερϐολὴν
1476 5104 1572 5167 τῆς
1605 5095 1946 5169 δῖκαιοσύνης
2055 5102 2163 5153 τῶν
2219 5095 2493 5153 Ἰουδαίων
2528 5146 2543 5165 ,
2601 5100 2689 5154 καὶ
2736 5103 2925 5154 τοῦτον
3000 5099 3371 5173 ἀνενέγκαντες
3427 5101 3478 5155 οἱ
3533 5101 3696 5175 ἱερεῖς

297 5176 463 5265 αὑτοῦ
514 5180 601 5233 καὶ
650 5182 963 5253 θαυμαστῆς
1011 5182 1289 5246 πολιτείας
1333 5184 1577 5240 ἐκαλεῖτο
1610 5183 1816 5249 δίκαιος
1854 5188 1944 5242 καὶ
2057 5188 2140 5260 (in
2172 5190 2434 5261 margine
2462 5191 2825 5264 γραμματεῖς)
2874 5187 2959 5244 ἐπὶ
3007 5189 3069 5242 τὸ
3098 5189 3380 5263 πτερύγιον
3422 5194 3517 5245 τοῦ
3548 5190 3695 5265 ἱεροῦ

300 5260 494 5328 ὁϐλίας
541 5269 645 5337 (ita
689 5270 889 5341 Coial.,
940 5265 1065 5326 ἀϐλ.
1118 5274 1303 5347 4706),
1353 5273 1383 5327 6'
1414 5272 1521 5328 ἐστι
1570 5276 1807 5350 περιοχὴ
1847 5280 1946 5331 τοῦ
2057 5271 2390 5330 διασκεδάσαι
2454 5260 2895 5351 βουλόμενοιτὸ
2952 5260 3209 5352 κήρυγμα
3256 5260 3515 5350 Χριστοῦ,
3549 5260 3697 5333 εἶπον

375 5443 807 5527 (74)1οζ...19)).
870 5463 1002 5527 cap.‘
1050 5467 1118 5527 τι,
1175 5455 1231 5506 et
1278 5468 1387 5527 κει.
1450 5453 1667 5508 Textus
1725 5455 1943 5511 aronici

2069 5455 2087 5523 δ
2121 5453 2274 5527 ψυχὴ
2305 5451 2469 5527 αὐτοῦ
2500 5449 2778 5527 ἄνθρακες.

306 5510 479 5583 plura
506 5513 682 5571 habet
706 5517 885 5588 digna
912 5510 1205 5576 n'otatione
1236 5522 1454 5578 critica.
1688 5594 1698 5605 _
1736 5595 1745 5606 _
1850 5510 1861 5511 ί
2077 5510 2087 5523 ’
2124 5510 2237 5651 (76)
2264 5510 2349 5580 Ἀθ
2396 5525 2488 5607 ὴὶε
2539 5510 2672 5608 iride
2720 5510 2921 5582 rursus
2975 5543 3107 5584 cum
3157 5526 3389 5595 Coislin,
3438 5528 3542 5583 305
3574 5528 3694 5583 Ima

380 5584 491 5651 (75)
524 5586 608 5641 Ita
628 5590 803 5643 codex
833 5588 1031 5651 habet,
1055 5593 1155 5647 sed
1179 5597 1244 5647 ut
1262 5593 1485 5649 clarum
1509 5598 1615 5651 est.
1647 5596 1941 5651 VltioseJn
2054 5612 2172 5651 uer.
2240 5597 2345 5651 706
2376 5597 2548 5651 facit:
2581 5603 2721 5651 item
2752 5598 3047 5651 Cedrenus
3079 5604 3272 5651 textus
3316 5616 3521 5651 rursus
3553 5616 3689 5651 con-

380 5584 491 5668 ('_75)
514 5584 803 5668 'I'tupodei
833 5588 1031 5668 habet,
1055 5593 1155 5647 sed
1179 5597 1244 5647 ut
1262 5593 1485 5668 ciarum
1509 5598 1615 5668 est,
1647 5594 1941 5668 yitjoseJn
2053 5584 2172 5668 pei'.
2209 5584 2345 5651 {706
2376 5597 2548 5664 facit;
2581 5598 2721 5653 item
2752 5598 3047 5653 Cedrenus
3079 5604 3272 5655 textus
3316 5584 3521 5656 rursus
3553 5616 3689 5656 con-

380 5613 491 5656 μῦ)
524 5613 608 5641 m1
628 5613 803 5643 uuuux
833 5613 1031 5657 υιιυει,
1055 5613 1155 5647 seu
1179 5613 1244 5647 un
1262 5613 1485 5649 Clarum
1509 5613 1615 5660 esu,
1647 5613 1941 5651 vmose.lu

306 5654 466 5711 textu
514 5656 788 5716 Vaticano
834 5659 1051 5733 legitur
1083 5679 1096 5718 :
1128 5664 1429 5737 καιομένης
1475 5664 1605 5740 πυρὶ
1646 5665 1938 5741 ἀνθρακων,

2069 5613 2172 5651 aer.
2209 5613 2345 5651 1100
2376 5613 2548 5664 tam;
2581 5613 2721 5653 item
2752 5613 3047 5653 uearenus
3079 5613 3272 5655 tenus
3316 5618 3318 5624 ·

2069 5661 2327 5725 brendus
2354 5672 2459 5736 est,
2489 5669 2561 5725 cf.
2593 5670 2684 5725 ed.
2716 5669 2899 5742 Paris,
2930 5686 3064 5741 pag.
3094 5670 3219 5725 205.
3256 5671 3318 5728 D.
