4016 6222
366 325 524 392 1299

1869 343 2268 408 ADDENDA.

3607 347 3765 411 1300

377 459 583 555 μεγάλη
609 464 678 555 τῇ
711 464 881 538 φωνῇ’
917 465 1198 555 ’ᾼξιοῦμέν
1250 490 1324 540 σε,
1359 468 1548 541 δίκαιε,
1583 472 1750 528 εἰπεῖν
1783 479 1863 546 τῷ
1893 474 2008 546 λαῷ
2036 480 2091 544 Α
2119 480 2310 530 τυῦτον
2357 474 2588 550 ἐδέξατο,
2623 475 2868 532 ἐκέλευσε
2907 474 2964 532 δὲ
3011 471 3217 550 μηδένα
3247 473 3485 549 ἕμποδον
3525 478 3766 555 γίνεσθαι

367 545 458 642 ’ίνα
491 551 579 642 {1‘};-
599 549 906 606 πλανῶνται
945 554 1118 610 ὀπίσω
1163 563 1259 612 τοῦ
1309 557 1612 635 λεγομένου
1645 568 1895 639 Χριστοῦ·
1927 566 2011 619 σοὶ
2122 569 2216 619 τοῦ
2245 571 2486 642 Χριστοῦ
2527 571 2606 639 τῷ
2654 566 2986 642 κηρύγματι,
3017 566 3108 620 καὶ
3163 566 3258 639 μέν
3296 587 3360 642 γε
3404 568 3494 622 καὶ
3540 569 3762 625 θάνατον

369 638 469 713 γάρ
511 639 702 700 πάντες
752 641 1066 714 πειθόμεθα,
1117 647 1474 719 γινώσκοντες
1525 671 1581 704 σε
1630 638 1834 706 δίκαιον
1886 648 2012 708 ὅντα

369 725 458 817 καὶ
509 726 1041 801 ἀπροσωπόληπτον.
1091 735 1148 790 Ὁ
1194 731 1250 790 δὲ
1296 737 1610 813 ἀποκριθεὶς
1657 736 1778 817 ἔφη·
1829 741 1890 796 Τί
1946 763 2012 814 με

371 812 673 890 ἐπερωτᾶτε
721 817 841 892 περῖ
888 824 983 872 τοῦ
1031 821 1283 896 Χριστοῦ,
1314 825 1400 879 καὶ
1447 827 1604 889 αὐτὸς
1653 831 1928 898 καθέζεται
1960 829 2008 884 ἐν

371 898 515 972 δεξιᾷ
539 908 634 956 τοῦ
665 909 796 958 Θεοῦ
828 905 878 959 έν
917 913 995 980 τῷ
1045 909 1270 985 οὐρανῷ,
1305 914 1367 966 Οἱ
1399 911 1454 968 δὲ
1484 917 1789 991 παράνομοι
1822 918 2009 993 ἀρχιε-

372 996 481 1067 ρεῖς
510 991 598 1045 καὶ
632 997 919 1067 Φαρισαῖοι
971 991 1211 1072 ἔκραξαν
1247 1003 1310 1054 Ὠ
1337 1003 1382 1056 ὦ
1431 1004 1561 1076 (hoc
1610 991 2009 1077 accentuyni

373 1080 402 1134 ὁ
434 1077 641 1143 δίκαιος
673 1081 978 1155 ἐπλανήθη.
1012 1087 1108 1141 Καὶ
1143 1089 1292 1143 εἶπαν
1326 1092 1458 1167 πρὸς
1492 1091 1798 1163 ἀλλήλους·
1825 1099 2012 1156 Κακῶς

372 1167 708 1242 ἐποιήσαμεν
774 1172 1030 1244 τοιαύτην
1094 1176 1387 1252 μαρτυρίαν
1448 1181 1564 1234 καθ’
1621 1181 1820 1236 ἐαυτῶν
1881 1183 2010 1256 ὑπὲρ

368 1260 466 1311 τοῦ
525 1258 702 1326 Ἰησοῦ
760 1262 1153 1337 παρασχόντες.
1197 1266 1294 1320 Καὶ
1351 1266 1557 1322 πολλοὶ
1615 1268 1673 1323 ἐκ
1726 1274 1823 1324 τοῦ
1877 1269 2012 1324 λαοῦ

372 1345 685 1408 ἀκούσαντες
743 1347 1074 1408 ἐπίστευσαν.
1135 1355 1231 1408 Καὶ
1291 1353 1356 1425 δη
1419 1356 1665 1428 μανέντες
1725 1359 1777 1412 οἱ
1826 1359 2012 1435 ἐξάγι-

371 1455 487 1488 στοι
518 1437 609 1489 καὶ
637 1441 826 1492 τοῦτον
873 1442 1422 1516 κατακρημνίσαντες,
1472 1445 1659 1508 κλίνας
1701 1447 1767 1502 τὰ
1812 1447 2012 1522 γόνατα

372 1522 504 1599 ὑπὲρ
554 1524 725 1579 αὐτῶν
767 1528 1138 1604 προσηύχετο.
1194 1532 1293 1588 Καὶ
1351 1534 1711 1610 προσεγγίσας
1768 1557 1848 1597 τις
1902 1541 2009 1591 τῶν

371 1612 503 1666 υἱῶν
561 1610 753 1667 Ῥι““ρ
807 1636 818 1648 ·
881 1616 894 1634 ¹
965 1617 977 1634 ’
1058 1618 1082 1656 ν’
1293 1621 1305 1636 ’
1381 1619 1408 1630 ”
1509 1622 1527 1654 ι
1717 1624 1728 1642 ’
1804 1630 1826 1640 “’
1953 1632 1966 1646 ⁷

645 1633 752 1689 χαο
811 1637 895 1669 και
953 1639 1183 1681 ακουσας
1250 1642 1410 1676 αυτου
1469 1621 1611 1700 λέγει
1671 1645 1855 1687 αυτοις
1890 1644 1902 1658 ⁸
1963 1625 2013 1679 Γί

371 1706 614 1788 ποιεῖτε;
648 1704 704 1756 Ὀ
754 1701 958 1768 δίκαιος
1013 1707 1223 1780 μᾶλλον
1277 1711 1407 1787 ὑπὲρ
1457 1712 1609 1785 ὑμῶν
1643 1716 1803 1786 (1706
1830 1717 2014 1788 ἡμῶν)

374 1787 620 1864 εὔχεται.
681 1793 778 1846 Καὶ
837 1791 1056 1869 δραμών
1111 1818 1194 1859 τις
1248 1798 1470 1876 κναφεὺς
1527 1797 1722 1856 ἔδωκεν
1782 1802 1856 1864 εἷς
1912 1787 2010 1871 τήν

372 1878 614 1957 κεφαλὴν
660 1880 822 1935 αὐτοῦ
875 1884 1009 1955 μετὰ
1047 1891 1144 1940 τοῦ
1194 1886 1356 1957 ξύλου
1406 1890 1456 1944 ἐν
1580 1891 1646 1944 τὰ
1692 1891 1883 1962 ἱμάτια
1927 1890 2011 1945 ἐκ-

375 1969 548 2036 πιέζει
598 1971 900 2042 (1706-ζειν
952 1969 1150 2046 εἷ’ωθε),
1200 1976 1290 2030 καὶ
1337 1983 1677 2053 παραχρῆμα
1727 1978 2014 2050 ἐτελεύτη-

377 2077 462 2112 σεν
496 2059 524 2111 ὁ
573 2055 802 2121 δίκαιος.
855 2061 1125 2134 ϐάψαντες
1174 2062 1230 2119 δὲ
1260 2065 1416 2120 αὐτὸν
1468 2068 1613 2142 παρὰ
1639 2072 1717 2139 τῷ
1744 2073 1856 2140 ναῷ
1887 2068 2015 2138 ἀνή-

375 2166 556 2222 γειραν
605 2146 767 2202 αὐτοῦ
811 2151 908 2218 την
964 2150 1194 2222 στήλην’
1258 2155 1392 2226 μετὰ
1450 2153 1507 2209 δὲ
1559 2157 1658 2224 τήν
1721 2156 2011 2231 μαρτυρίαν

377 2234 542 2290 αὐτοῦ
598 2237 744 2312 παρά
788 2235 960 2301 πόδας
1001 2241 1360 2315 Ἰερουσαλὴμ
1413 2243 1808 2318 πολιορκεῖται.
1871 2246 2016 2316 Φησὶ

376 2321 480 2398 γὰρ
512 2324 839 2395 Ἰώσηππος·
871 2332 1044 2382 Ταῦτα
1091 2327 1147 2384 δὲ
1185 2326 1522 2403 συμϐέοηκεν
1570 2331 1851 2396 Ἰουδαίοις
1900 2334 2016 2388 κατ’

377 2409 650 2483 ἐκδίκησιν
704 2410 961 2470 Ἰακώϐου
1007 2421 1103 2472 τοῦ
1144 2415 1371 2492 δικαίου,
1405 2421 1464 2484 ’ὸς
1517 2421 1582 2491 ἦν
1635 2419 1865 2499 ἀδελφὸς
1910 2424 2014 2492 Ἰή-

378 2505 475 2554 σοῦ
505 2505 614 2586 τοῦ,
645 2499 943 2579 λεγομένου
984 2508 1241 2582 Χριστοῦ’
1293 2507 1479 2580 ἐπειδή
1529 2531 1628 2586 περ
1677 2509 2012 2567 δικαιότατον

378 2588 535 2644 αὐτὸν
587 2584 715 2645 ὅντα
764 2590 1014 2647 Ἰουδαῖοι
1063 2594 1396 2655 ἀπέκτειναν.
1429 2600 1496 2656 Οἱ
1669 2600 1851 2654 τοίνυν
1880 2603 2013 2658 Ἰου-

379 2675 520 2733 δαῖοι
557 2679 690 2752 μετά
714 2681 813 2750 τήν
844 2686 941 2737 τοῦ
975 2682 1173 2759 Κυρίου
1221 2688 1380 2759 ἡμῶν
1429 2686 1696 2762 ἀνάληψιν
1731 2688 2016 2762 ἀπολέμη-

376 2786 462 2821 τοι
512 2762 604 2839 ἔτη
657 2769 711 2842 μ’
761 2767 1053 2843 διέμειναν,
1100 2778 1197 2828 τοῦ
1244 2781 1478 2851 Χριστοῦ
1539 2780 2018 2853 μακροθυμοῦντος

379 2853 467 2909 ἐπὶ
496 2859 564 2930 τῇ
596 2858 909 2933 παρανομίᾳ
953 2861 1042 2914 καὶ
1093 2862 1365 2939 θεομαχίᾳ
1413 2864 1614 2934 αὐτῶν,
1644 2865 1791 2928 ὅπως
1827 2887 2020 2942 γνωσι-

383 2945 727 3019 μαχήσαντες
760 2945 846 3000 ἐπὶ
878 2951 943 3021 τῇ
971 2949 1194 3024 τοιαύτῃ
1223 2951 1581 3026 πλημμελείᾳ
1612 2954 1835 3030 ἰσχυρὰν
1859 2957 2020 3026 ποιή-

383 3052 578 3087 σωνται
627 3033 724 3102 τήν
778 3037 1080 3108 μετάνοιαν.
1127 3041 1279 3103 Ὅθεν
1327 3041 1506 3105 αὐτοῖς
1559 3038 1764 3120 φοϐερὰ
1820 3048 2021 3116 σημεῖα

379 3117 681 3176 ἐπεδείκνυε
707 3123 804 3191 τὴν
842 3122 1148 3197 μέλλουσαν
1180 3117 1613 3204 καταλαμϐάνειν
1645 3117 1838 3195 αὖτοὺς
1870 3131 2015 3187 ἅλω-

2120 652 2536 728 προο-ηπείλησε
2561 659 2676 717 τοῖς
2709 659 3033 730 κατηγορεῖν
3065 653 3318 728 τολμῶσι
3351 659 3450 710 τοῦ
3477 656 3765 733 κηρύγμα-

2119 763 2232 804 τος.
2274 743 2427 798 Οὕτω
2476 748 2608 819 γοῦν
2648 747 2718 818 τῇ
2765 743 2882 815 θείᾳ
2929 748 3164 814 Χριστοῦ
3205 740 3425 818 δυνάμει
3469 745 3688 822 ἀθρόως
3729 750 3763 816 ἡ

2121 829 2375 903 σύμπασα
2431 831 2725 906 οἰκουμένη
2785 839 2884 902 τῆς
2915 833 3062 908 ἱερᾶς
3093 833 3216 907 (sic)
3261 836 3358 888 τοῦ
3411 833 3765 910 κηρύγματος
3821 840 3828 856 ⁸

2123 917 2212 974 διὰ
2240 927 2340 990 τῆς
2370 925 2478 975 τῶν
2507 919 2827 976 ἀποστόλων
2866 919 3216 984 διδασκαλίας
3264 919 3650 999 πεπλήρωται.
3681 924 3764 996 Ἐξ

2121 1009 2195 1062 ὧν
2250 1006 2516 1064 Θαδδαίου
2561 1008 2611 1065 ἐν
2667 1007 2884 1084 Ἐδέσοῃ
2935 1013 3003 1083 τῇ
3052 1009 3210 1065 πόλει
3258 1009 3629 1085 κηρύσσοντος
3676 1013 3761 1068 τὸν

2123 1096 2284 1173 λόγον
2317 1100 2449 1172 (78),
2480 1097 2568 1153 καὶ
2601 1099 2628 1152 ὁ
2661 1097 2831 1154 ἐκεῖσε
2857 1100 3168 1175 τοπάρχης,
3199 1094 3481 1175 Ἀϐγαρος
3507 1097 3761 1174 τοῦνομα,

2124 1182 2280 1258 δεινῷ
2336 1185 2494 1250 πάθει
2542 1187 2909 1263 κατεχόμενος
2965 1187 3055 1242 καὶ
3114 1187 3494 1294 φθειρόμενος,
3543 1189 3763 1252 ἀκούσας

2158 1273 2173 1294 \
2234 1269 2258 1291 ν
2452 1281 2488 1294 π
2652 1280 2678 1291 ~
2812 1275 2827 1294 \
2920 1277 2934 1294 κ
3022 1273 3046 1294 ᾗ
3480 1278 3492 1294 Ι
3674 1279 3688 1294 ιι
3741 1280 3756 1294 ι

2119 1273 2182 1328 τὸ
2230 1269 2402 1348 ὄνομα
2449 1280 2682 1352 Χριστοῦ
2739 1275 2829 1331 καὶ
2876 1277 2970 1338 τὰς
3019 1269 3271 1350 δυνάμεις
3304 1278 3613 1355 συμφώνως
3671 1279 3763 1335 ὑπὸ

2121 1363 2335 1417 πάντων
2398 1364 2857 1438 μαρτυρουμένας,
2909 1365 3094 1436 ἱκέτης
3149 1370 3392 1441 Χριστοῦ
3459 1363 3548 1421 διὰ
3594 1387 3758 1443 γραμ-

2125 1451 2443 1530 ματηφόρου
2472 1452 2699 1528 γίνεται,
2733 1455 2894 1525 ἀξιῶν
2930 1460 3032 1523 τῆς
3080 1453 3237 1508 νόσου
3283 1460 3474 1529 τυχεῖν
3527 1454 3759 1511 ἀπαλλα-

2121 1541 2244 1616 γὴν,
2275 1541 2484 1616 γράψας
2533 1539 2621 1597 διά
2668 1563 2819 1604 τινος
2853 1542 3103 1597 ’Δνανίου
3148 1540 3500 1618 ταχυδρόμου
3544 1543 3621 1606 είς
3669 1545 3750 1600 Ἱε-

2124 1628 2415 1703 ρουσαλὴμ
2439 1627 2585 1684 τάδε·
2619 1655 2647 1682 (ι
2681 1624 2947 1707 ’Άϐγαρος
2980 1631 3294 1707 τοπάρχης,
3331 1632 3500 1701 Ἰησοῦ
3543 1639 3738 1709 σωτῆρι

2124 1717 2309 1789 ἀγαθῴ
2339 1717 2654 1796 ἀναφανέντι
2692 1719 2742 1773 ἐν
2791 1717 3176 1794 Ἰερουσαλὴμ,
3209 1717 3447 1795 χαίρειν,
3473 1721 3740 1775 Ἤκουσταί

2128 1825 2219 1878 μοι
2249 1807 2373 1879 περὶ
2401 1811 2495 1861 σοῦ
2524 1807 2613 1862 καὶ
2655 1811 2762 1863 τῶν
2814 1812 2921 1862 σῶν
2969 1809 3213 1880 ἱαμάτων
3259 1809 3333 1870 ὡς
3382 1809 3502 1862 ἄνευ
3547 1811 3738 1884 φαρμά-

2122 1915 2231 1948 κων
2262 1896 2350 1949 καὶ
2388 1896 2624 1970 βοτάνων
2656 1897 2758 1951 ὑπὸ
2805 1900 2902 1951 σοῦ
2940 1896 3258 1971 γινομένων.
3287 1903 3374 1958 Ὠς
3423 1898 3525 1973 γὰρ
3572 1897 3746 1971 λόγος,

2121 1981 2358 2059 τυφλοὺς
2407 1979 2724 2039 ἀναϐλέπειν
2772 1990 2949 2047 ποιεῖς
3001 1984 3091 2040 καὶ
3148 1983 3375 2059 χωλοὺς
3434 1990 3751 2060 περιπατεῖν,

2123 2070 2212 2125 καὶ
2258 2070 2492 2147 λεπροὺς
2529 2073 2854 2149 καθαρίζεις,
2899 2071 2990 2126 καὶ
3034 2073 3306 2148 ἀκάθαρτα
3351 2072 3629 2145 πνεύματα
3675 2071 3752 2126 ἐκ·

2125 2153 2369 2232 ϐάλλεις,
2400 2160 2488 2214 καὶ
2532 2159 2652 2223 τοὺς
2707 2160 2759 2216 έν
2813 2161 3146 2233 μακρονοσίᾳ
3186 2161 3634 2236 βασανιζομένους
3677 2162 3755 2215 θε-

2127 2247 2396 2323 ραπεύεις,
2428 2250 2517 2303 καὶ
2562 2249 2782 2325 νεκροὺς
2832 2249 3072 2325 ἐγείρεις.
3117 2252 3289 2321 νΔπερ
3343 2249 3594 2316 ἀκούσας,
3631 2251 3760 2304 κατὰ

2123 2341 2246 2392 νοῦν
2295 2336 2492 2409 ἐθέμην
2543 2342 2650 2392 τῶν
2699 2335 2794 2393 δύο
2843 2338 2907 2392 τὸ
2952 2334 3158 2414 ἕτερον’
3189 2338 3224 2408 ἢ
3256 2337 3342 2394 άτι
3383 2337 3446 2392 σὺ
3478 2337 3528 2393 εἴ
3564 2338 3592 2392 ὁ
3640 2337 3759 2398 Θεὸς

2123 2425 2215 2480 ἀπ’
2271 2425 2502 2501 ούρανοῦ
2556 2421 2815 2495 καταϐάς,
2860 2427 2896 2496 ἢ
2941 2426 3068 2488 Υἱὸς
3136 2426 3398 2502 ὑπάρχεις
3467 2430 3566 2480 τοῦ
3635 2429 3760 2480 Θεοῦ

2123 2517 2297 2569 ποιῶν
2327 2517 2513 2569 ταῦτα.
2548 2513 2645 2568 Διὰ
2672 2518 2834 2568 τοῦτο
2891 2511 2983 2568 οῦν
3041 2514 3255 2588 γράψας
3301 2513 3432 2583 ἀξιῶ
3483 2510 3658 2568 ἐλθεῖν
3708 2531 3763 2566 σε

2124 2602 2258 2676 πρὸς
2293 2623 2359 2674 με
2398 2603 2500 2674 (ita
2530 2605 2730 2671 codex)
2759 2602 2848 2656 καὶ
2894 2602 2957 2656 τὸ
3007 2602 3231 2678 συνέχον
3291 2622 3358 2674 με
3393 2600 3566 2665 πάθος
3615 2611 3763 2675 θερα-

2123 2691 2336 2747 πεῦσαι.
2369 2689 2468 2744 Καὶ
2515 2690 2620 2766 γὰρ
2668 2687 2876 2759 ἤκουσα
2921 2688 3004 2745 ὅτι
3045 2689 3535 2766 καταγογγύζουσίν
3587 2689 3762 2762 [σουῖ]

2127 2776 2380 2835 Ἰουδαῖοι
2430 2777 2518 2832 καὶ
2571 2777 2860 2854 βούλονταί
2907 2799 2966 2832 σε
3015 2781 3274 2832 κακῶσαν
3335 2775 3497 2839 πόλις
3558 2774 3618 2831 δέ
3673 2797 3762 2849 μοι

2131 2867 2428 2943 μικροτάτη
2476 2865 2636 2937 ἐστὶν,
2679 2865 2799 2936 ἥτις
2848 2865 3112 2943 ἐξαρκέσει
3164 2866 3514 2942 ἀμφοτέροις.
3547 2888 3579 2916 n
3609 2870 3661 2918 Ὁ
3706 2861 3761 2919 δέ

2127 2954 2322 3030 Κύριος
2352 2953 2610 3030 ἀναγνοὺς
2636 2959 2804 3010 ταῦτα
2833 2954 3148 3032 ἀντιγράφει
3205 2954 3342 3030 πρὸς
3391 2953 3552 3008 αὐτὸν
3603 2951 3756 3008 οὕτω·

2129 3067 2158 3098 ‹‹
2188 3043 2466 3118 Μακάριος
2498 3043 2525 3097 ὁ
2555 3042 2841 3105 πιστεύσας
2875 3043 2926 3098 ἐν
2957 3042 3106 3114 ἐμοὶ,
3146 3041 3242 3098 κ’ὰν
3293 3043 3370 3116 μὴ
3411 3042 3645 3117 ἐώρακέν
3679 3061 3759 3113 με.

2129 3131 2258 3208 Περὶ
2289 3129 2347 3186 δὲ
2377 3131 2438 3186 οὗ
2470 3130 2704 3208 ἔγραψας
2736 3131 2910 3187 ἐλθεῖν
2947 3152 3014 3205 με
3062 3131 3199 3206 πρὸς
3225 3131 3283 3186 σέ
3313 3132 3455 3204 (ita),
3487 3127 3607 3184 δέον
3659 3127 3763 3184 ἐστὶ

378 3229 460 3297 σμιν
489 3210 898 3285 προμηνύοντα.
930 3215 1016 3270 Ἐν
1046 3217 1146 3293 γὰρ
1195 3221 1261 3292 τῇ
1308 3224 1415 3274 τῶν
1450 3219 1668 3293 ἀζύμων
1699 3221 1861 3294 ἑορτῇ
1894 3219 2017 3296 περὶ
2050 3207 2092 3274 C
2130 3220 2422 3297 πληρῶσαι
2451 3207 2624 3276 πάντα
2669 3217 2738 3276 δι’
2785 3219 2818 3274 ἃ
2867 3218 3174 3289 ἀπεστάλην
3223 3219 3467 3289 ἐνταῦθα,
3508 3218 3603 3273 καὶ
3651 3218 3766 3272 ἀνα-

379 3295 522 3374 ὥραν
555 3298 744 3370 ἐνάτην
786 3308 887 3372 τῆς
931 3306 1119 3367 νυκτὸς
1163 3312 1420 3362 τοσοῦτον
1466 3314 1581 3386 φῶς
1627 3310 1716 3364 τὸν
1765 3310 1887 3364 ναὸν
1927 3310 2016 3364 καὶ

375 3387 467 3442 τὸν
523 3388 710 3464 βωμὸν
759 3389 1126 3468 περιέλαμψεν
1185 3394 1271 3451 ἐπὶ
1320 3396 1460 3472 ὥραν
1515 3398 1660 3470 μίαν,
1711 3397 1785 3460 ὡς
1840 3395 2016 3453 δοκεῖν

379 3475 588 3551 ἡμέραν
615 3480 875 3554 γενέσθαι.
915 3483 1063 3538 Μετὰ
1111 3481 1168 3538 δὲ
1213 3489 1378 3540 τοῦτο
1426 3485 1590 3564 ἐφάνη
1642 3486 1832 3564 ἄστρον
1885 3487 2018 3563 ὑπὲρ

375 3566 476 3634 τήν
508 3564 669 3622 πόλιν
705 3567 946 3648 ῥομφαίᾳ
971 3571 1370 3648 παραπλήσιον.

453 3659 590 3722 Quae
620 3659 774 3730 apud
809 3664 1026 3718 veteres
1055 3662 1120 3718 de
1147 3665 1389 3735 epistolis
1416 3665 1642 3736 Abgarz‘,
1664 3665 1815 3740 regis
1845 3666 2020 3722 Edes-

378 3745 524 3814 seni,
559 3750 616 3802 et
642 3745 850 3804 Christi
877 3750 1459 3826 circumferebantur,
1487 3772 1555 3810 ea
1583 3772 1616 3810 α
1644 3756 1897 3812 Cedreno
1928 3772 2016 3811 re-

377 3834 498 3892 lata
529 3842 670 3892 sunt
716 3837 960 3895 historia
1005 3841 1210 3898 Christi
1253 3844 1534 3915 exposita,
1583 3843 1652 3902 cf.
1707 3845 1798 3900 ed.
1834 3845 2014 3900 Paris.

379 3941 514 3997 pag.
550 3925 655 3982 175
683 3944 698 3995 ;
725 3928 816 3982 ed.
851 3928 1033 3984 Bonn.
1065 3947 1198 4002 pag.
1233 3932 1356 3986 308.
1388 3934 1433 3988 A
1463 3933 1680 4004 quibus
1711 3950 1844 3990 cum
1872 3934 2017 3990 satis

383 4013 614 4069 ditferat
639 4018 832 4071 textus
862 4016 1141 4088 chronici,
1172 4019 1349 4075 etiam
1380 4020 1538 4076 hunc
1567 4022 1854 4078 ascribere
1897 4022 2018 4094 pla-

381 4103 492 4171 cet,
527 4102 846 4172 pramissis
879 4104 949 4159 iis
979 4122 1108 4175 quae
1146 4108 1346 4162 eadem
1397 4109 1686 4165 Cedrenus
1718 4110 1831 4165 alio
1871 4127 2019 4166 nexu

382 4191 477 4262 (cf.
510 4190 601 4246 ed.
635 4191 818 4247 Paris.
866 4209 994 4265 pag.
1038 4194 1133 4248 191
1172 4199 1248 4262 D;
1282 4196 1372 4252 ed.
1427 4197 1608 4252 Bonn.
1643 4215 1774 4270 pag.
1807 4199 1932 4266 336)
1964 4203 2022 4254 et

382 4279 673 4351 scriptura
697 4280 918 4351 passim
950 4282 1250 4339 diﬂ‘erente
1288 4285 1360 4340 de
1387 4285 1593 4340 Tiberii
1625 4286 1778 4341 circa
1808 4286 2021 4344 Christi

380 4367 662 4424 honorem
695 4370 888 4425 studio
920 4376 1134 4429 narrat.
1161 4371 1253 4426 Διὸ
1271 4371 1360 4426 καὶ
1393 4370 1629 4434 Πιλᾶτος
1659 4375 1790 4447 (hoc
1821 4392 2022 4432 accen-

381 4461 446 4513 tu
472 4459 596 4528 ipse
627 4459 828 4530 codex)
860 4455 1018 4521 εἰδὼς
1049 4458 1210 4515 αὐτοῦ
1238 4460 1302 4515 τὸ
1345 4459 1645 4539 φιλάληθες
1674 4461 1763 4517 καὶ
1811 4461 2024 4540 φιλοδί-

2128 3307 2401 3380 ληφθῆναι
2433 3309 2569 3384 πρὸς
2597 3308 2688 3363 τὸν
2721 3307 3113 3364 ἀποστείλαντά
3147 3329 3230 3381 με.
3265 3305 3362 3362 Καὶ
3409 3307 3588 3369 οὕτως
3637 3307 3762 3360 ἀπο-

2125 3398 2301 3454 στελῶ
2357 3417 2440 3452 σοι
2497 3398 2618 3452 τινὰ
2645 3399 2774 3471 (sic)
2805 3402 2910 3452 τῶν
2971 3398 3225 3470 μαθητῶν
3287 3416 3413 3468 μου,
3443 3395 3538 3449 καὶ
3567 3392 3769 3450 ἱάσεταί

2127 3507 2223 3541 σου
2268 3487 2330 3541 τὸ
2373 3485 2563 3557 πάθος,
2593 3485 2683 3541 καὶ
2736 3488 2878 3555 ζωὴν
2930 3485 3016 3540 σοὶ
3057 3485 3148 3541 καὶ
3199 3490 3313 3547 τοῖς
3361 3485 3452 3538 σὺν
3485 3484 3575 3538 σοὶ
3605 3482 3770 3556 παρέ-

2127 3575 2223 3646 ξει.
2257 3599 2286 3628 ››
2315 3574 2543 3638 Ταύταις
2573 3572 2663 3629 οῦν
2693 3579 2811 3636 ταῖς
2845 3572 3156 3637 ἐπιστολαῖς
3188 3569 3265 3629 ἔτι
3294 3573 3388 3628 καὶ
3433 3577 3602 3627 ταῦτα
3647 3593 3768 3626 συνο

2125 3670 2268 3734 ἧπτο
2299 3665 2369 3735 τῇ
2399 3667 2505 3718 τῶν
2540 3663 2728 3737 Σύρων
2762 3661 2940 3740 φωνῇ,
2972 3659 3240 3718 Θαδδαίου
3287 3660 3582 3734 πράξαντος
3635 3659 3769 3733 μετᾶ

2124 3753 2224 3822 τὴν
2253 3751 2522 3826 ἀνάληψιν
2571 3755 2668 3807 τοῦ
2708 3750 2928 3827 Κυρίου.
2959 3752 3016 3805 Ὃ
3053 3750 3230 3807 τοίνυν
3280 3744 3562 3826 ’Ἂϐγαρος
3611 3747 3768 3804 ἀκού-

2127 3862 2220 3904 σας
2250 3842 2348 3910 τὴν
2381 3838 2674 3909 ἐπιστολὴν
2709 3839 2910 3916 Κυρίου
2943 3837 3154 3914 μᾶλλον
3201 3838 3276 3902 είς
3321 3838 3489 3903 πόθον
3541 3837 3638 3894 καὶ
3683 3835 3768 3892 πί-

2128 3951 2241 3986 στιν
2291 3928 2494 4008 ἐξήφθη
2545 3928 2783 4002 μείζονα,
2815 3928 2903 3984 καὶ
2949 3926 3045 3983 κᾶν
3095 3926 3147 3983 ἐν
3194 3927 3359 3983 εικόνι
3404 3926 3496 3982 τὸν
3547 3924 3766 4001 Χριστὸν

2133 4017 2293 4092 μόνον
2341 4019 2623 4082 θεάσασθαι
2673 4016 2794 4074 λίαν
2842 4016 3149 4096 ἐφιέμενος,
3190 4012 3516 4071 ἀποστέλλει
3572 4012 3771 4089 ζωγρά-

2129 4129 2250 4186 φον,
2283 4105 2418 4162 ὥστε
2453 4107 2515 4161 τὸ
2564 4108 2704 4162 θεῖον
2749 4103 2891 4168 εἶδος
2940 4104 3139 4160 ἐκείνου
3189 4102 3594 4180 διαχαράξαντα
3641 4101 3774 4175 πρὸς

2128 4195 2288 4251 αὐτὸν
2364 4194 2606 4267 κομίζειν
2666 4194 2743 4256 ὡς
2790 4195 3044 4268 τάχιστα.
3091 4197 3198 4248 Τοῦ
3260 4189 3318 4247 δὲ
3375 4189 3779 4265 διαμαρτῶντος

2129 4286 2260 4359 (sic)
2289 4287 2388 4338 τοῦ
2417 4287 2623 4338 σκοποῦ
2654 4280 2743 4338 διὰ
2769 4282 2866 4351 τὴν
2915 4275 3361 4358 ὑπερϐάλλουσαν
3410 4283 3508 4335 τοῦ
3562 4277 3774 4354 προσώ-

2130 4394 2235 4429 που
2266 4372 2425 4449 χάριν
2456 4391 2514 4426 τε
2541 4372 2630 4427 καὶ
2661 4369 3045 4446 λαμπρότητα,
3076 4368 3235 4433 αὐτὸς
3263 4372 3343 4440 τῷ
3393 4365 3592 4441 οἱκείῳ
3622 4385 3775 4440 προσ-

2133 4462 2268 4534 ώπῳ
2303 4460 2497 4531 ὀθόνην
2545 4459 2743 4521 ἐπιθεὶς
2788 4456 3145 4532 ἐναπομάττει
3174 4459 3237 4512 τὸ
3270 4457 3461 4512 ἐαυτοῦ
3513 4455 3778 4529 ὁμοίωμα

383 4565 535 4599 καιον
567 4545 634 4601 τὰ
681 4546 929 4624 τεράστια
978 4549 1212 4625 Χριστοῦ
1255 4549 1429 4605 πάντα
1480 4551 1569 4606 καὶ
1615 4553 1683 4606 τὰ
1732 4558 1831 4621 τῆς
1880 4552 2024 4607 εὐσε-
2058 4561 2102 4626 D
2129 4552 2218 4605 καὶ
2270 4548 2535 4622 ἐκπέμπει
2587 4553 2666 4620 τῷ
2696 4547 2886 4624 ἐρῶντι
2916 4547 2979 4602 τὸ
3033 4544 3396 4620 ποθούμενον.
3429 4543 3528 4599 Καὶ
3597 4545 3778 4617 μέντοι

383 4629 532 4696 ϐείας
581 4634 746 4690 αὐτοῦ
795 4633 1041 4712 δόγματα
1090 4635 1158 4694 δι’
1208 4637 1474 4709 ἐπιτομῆς
1515 4640 1902 4696 ἀνεκοινώσατο
1933 4640 2022 4695 αὖ·

380 4728 481 4796 τῷ,
532 4725 709 4788 καθὼς
755 4725 962 4802 ἱστορεῖ
1018 4727 1398 4803 Τερτυλιανὸς,
1456 4730 1484 4784 ὁ
1538 4733 1644 4784 τῶν
1701 4733 2018 4802 Ῥωμαϊκῶν

380 4811 566 4886 νόμων
596 4811 935 4887 ἐπιστήμων,
971 4814 1022 4870 ἐν
1048 4819 1117 4890 τῇ
1169 4817 1301 4892 ὑπὲρ
1347 4822 1455 4872 τῶν
1509 4822 1840 4894 Χριστιανῶν
1887 4818 2020 4873 ἀπο-

381 4898 568 4978 λογίᾳ,
602 4897 810 4976 διεξιὼν
841 4902 931 4957 καὶ
963 4902 1046 4959 ὅτι
1081 4906 1214 4978 μετὰ
1244 4905 1462 4969 θάνατον
1492 4901 1748 4961 ἀνεϐίωσε
1774 4906 1864 4960 καὶ
1910 4903 2019 4977 ἤδη

382 4992 529 5064 παρά
575 4995 703 5044 πᾶσι
755 4992 881 5053 Θεὸς
930 4991 1062 5046 εἶναι
1108 4993 1410 5049 πιστεύεται
1447 5038 1461 5064 ,
1505 4994 1595 5048 καὶ
1650 4992 1731 5050 ὅτι
1778 4989 2024 5069 Τιϐέριος

377 5079 744 5154 καταπλαγεὶς
774 5079 1070 5156 ἀνήγγειλε
1113 5082 1282 5137 πάντα
1325 5082 1412 5138 ἐπὶ
1461 5085 1560 5152 τὴν
1602 5080 1932 5158 σύγκλητον.
1964 5088 2023 5140 ἹΙ

381 5166 439 5225 δὲ
486 5169 547 5224 οὔ
596 5172 910 5244 προσήκατο
957 5173 1291 5248 πειθαρχεῖν,
1324 5172 1478 5246 νόμῳ
1525 5171 1744 5245 παλαιῷ
1793 5171 2024 5249 λέγουσα

387 5260 462 5333 μή
495 5257 756 5335 πρότερον
807 5261 1167 5316 θεοποιεῖσθαί
1213 5282 1331 5316 τινα
1377 5261 1423 5316 εἰ
1475 5262 1550 5333 μὴ
1601 5263 1770 5340 ψήφῳ
1809 5261 1896 5316 καὶ
1928 5258 2023 5316 δό-

383 5368 554 5424 γματι
602 5349 730 5424 παρ’
778 5348 944 5419 αὐτῆς
994 5347 1282 5426 ἐγκριθείη.
1329 5351 1385 5404 Ὁ
1445 5347 1503 5404 δὲ
1556 5350 1646 5404 τὸν
1704 5349 1798 5423 μὲν
1851 5349 2020 5424 νόμον

455 5449 569 5520 (77)
599 5450 732 5513 Quae
764 5450 862 5522 ah
885 5449 994 5506 hoc
1025 5451 1157 5506 inde
1195 5450 1320 5506 loco
1359 5455 1707 5522 sequuntur,
1733 5451 1891 5522 apud
1923 5454 2021 5505 Ce-

385 5521 635 5593 girenurn
683 5520 981 5591 excipiunt
1027 5537 1154 5579 eam
1202 5537 1378 5592 quam
1433 5520 1612 5593 supra
1655 5520 1916 5593 vidimus
1954 5522 2025 5576 de

385 5592 544 5665 Loca
574 5590 906 5665 historiam,
951 5590 1312 5649 desinentcm
1359 5590 1546 5652 verbis
1577 5591 1604 5646 ὁ
1633 5594 1814 5665 πατὴρ
1860 5590 2024 5646 αὐτοῦ

390 5663 554 5739 μέγας
584 5662 913 5718 Κωνσταντίν
923 5683 1004 5726 ος.

2130 4637 2220 4694 καὶ
2251 4638 2359 4714 πρὸ
2384 4636 2578 4693 τούτου
2607 4635 2770 4692 πάλιν
2805 4634 3085 4711 ἱστόρηται
3117 4631 3397 4702 ὡσαύτως,
3425 4630 3644 4709 ὅτιπερ
3685 4634 3776 4687 τοῦ

2130 4727 2330 4800 Κυρίου
2358 4725 2642 4802 τεχθέντος
2673 4723 2724 4780 ἐν
2756 4722 3026 4798 Βηθλεέμ,
3059 4723 3087 4779 ὁ
3123 4743 3232 4778 των
3267 4725 3483 4798 Περσῶν
3519 4719 3777 4797 βασιλεὺς

2131 4815 2298 4894 εὐφυῆ
2347 4815 2465 4870 τινὰ⁴
2515 4815 2796 4892 ζωγράφον
2847 4812 3159 4887 ἐξέπεμψεν,
3191 4811 3252 4873 ὃς
3298 4811 3399 4881 τήν
3447 4829 3506 4865 τε
3547 4814 3652 4865 τοῦ
3693 4829 3776 4864 τεο

2130 4904 2355 4982 χθέντος
2385 4903 2474 4958 καὶ
2503 4910 2604 4972 τῆς
2627 4902 2890 4973 τεκούσης
2921 4900 3104 4956 εἱκόνα
3151 4897 3448 4976 διαγράψας
3493 4899 3641 4974 πρὸς
3687 4896 3777 4952 αὖ·

2129 4993 2220 5050 τὸν
2261 4990 2486 5068 ἤγαγεν.
2519 4990 2585 5048 Εί
2634 4988 2692 5046 δὲ
2739 4991 2801 5046 οὑ
2847 4989 3022 5045 πάντα
3065 4987 3202 5043 κατᾶ
3247 4988 3347 5056 τὴν
3394 4985 3777 5062 Εὖαγγελικήν

2131 5081 2373 5157 ἱστορίαν
2428 5079 2850 5155 ἀναγέγραπται,
2901 5078 2963 5134 οὗ
3010 5075 3220 5138 πάντως
3277 5077 3424 5149 παρὰ
3479 5079 3646 5130 τοῦτο
3693 5075 3780 5130 καὶ

2133 5169 2348 5226 ἄπιστα.
2382 5167 2518 5226 Οὐδὲ
2554 5170 2655 5246 γὰρ
2705 5165 2884 5224 τᾶλλα
2927 5170 3130 5241 σημεῖα
3158 5164 3192 5220 ἃ
3221 5162 3472 5235 ἐποίησεν
3505 5163 3535 5219 ὁ
3568 5165 3780 5235 Ἰησοῦς

2131 5257 2438 5330 ἀθετητέον,
2468 5255 2655 5314 πολλά
2682 5277 2742 5334 γε
2771 5251 2899 5312 ὄντα
2927 5256 3002 5319 ὡς
3037 5251 3179 5330 μηδὲ
3207 5258 3411 5331 χωρεῖν
3444 5252 3538 5308 τὸν
3567 5251 3780 5326 κόσμον

2131 5349 2249 5414 καθ’
2276 5347 2331 5404 ’ἐν
2365 5341 2704 5425 γραφόμενα.

2202 5447 2474 5531 ρὸλΗωο
2504 5462 2700 5502 rerum
2731 5444 2859 5516 conj
2871 5443 3064 5531 onciio
3093 5441 3778 5531 volgsigdvsntfrujrgﬁt‘rt

2132 5511 2338 5574 diiioni
2393 5535 2602 5590 parum
2661 5511 2946 5590 convehit.
2981 5519 3180 5590 Ipsuin
3201 5511 3384 5590 Tenim
3415 5511 3777 5568 Thaddaaum

2132 5585 2493 5648 Christus'ad
2525 5589 2816 5661 Abgarum
2844 5585 3071 5658 lagonis
3101 5585 3336 5641 dicitur.
