4016 6222
322 384 472 448 1301

1826 404 2219 473 ADDENDA.

3568 450 3720 513 1302

318 552 2448 598 Ἥ

123 775 143 790 .
309 732 560 811 Aliquot
611 735 872 799 Joannis
947 742 1191 802 Henrici
1250 746 1467 828 ΔΝοωύ
1540 750 1933 828 conjecturae,
1998 763 2391 826 emendation

2450 592 3723 635 Mm

2399 786 2483 861 e‘s,
2545 773 2978 861 adnotationes
3043 784 3106 844 in
3164 788 3381 853 incerti
3438 801 3711 861 auctoris

1166 824 1515 902 epistolam,
1540 824 1678 909 quae
1700 831 1777 894 ad
1811 824 2180 916 Diognetum
2211 824 2856 922 quemdamwda-ta‘est:

1910 1021 2107 1038 ψ

379 1164 539 1223 Hanc
567 1166 877 1241 epistolum
921 1172 1015 1231 bis
1046 1175 1227 1233 edidit
1251 1179 1304 1235 J.
1339 1180 1449 1237 Th.
1482 1186 1540 1238 Ο.
1574 1184 1706 1241 Otto
1739 1204 1751 1242 :
1788 1187 1950 1259 prius

306 1270 437 1312 eam
466 1255 783 1328 publicavit
804 1259 863 1316 in
894 1263 1063 1321 tertio
1090 1265 1357 1339 Corporis
1399 1271 1755 1346 apologetar.
1788 1255 1953 1333 Chri-

306 1342 547 1400 stianor.
568 1346 761 1402 saeculi
784 1352 1029 1407 secundi
1051 1353 1346 1413 volumine
1369 1342 1756 1434 e156.2o7,
1774 1366 1865 1423 ed.
1883 1366 1952 1423 II.

306 1432 508 1489 Denuo
537 1449 661 1489 eam
695 1436 894 1494 nimiis
925 1444 982 1495 et
1001 1442 1216 1515 saepius
1239 1450 1329 1501 sat
1350 1448 1689 1521 vulgaribus
1707 1454 1954 1525 explica-

303 1519 566 1577 tionibus
598 1523 944 1584 instruotam
975 1532 1156 1587 edidit
1186 1533 1342 1606 Lips.
1380 1519 1536 1593 1842.
1574 1539 1651 1596 De
1684 1519 1798 1613 qua
1828 1544 1954 1600 edi-

302 1608 461 1664 tione
491 1611 631 1681 quid
663 1614 1037 1674 sentiendum
1065 1620 1161 1692 sit,
1198 1623 1435 1682 uberius
1469 1629 1854 1700 explicuimus
1893 1633 1952 1688 in

304 1698 517 1754 Annal.
546 1700 824 1775 Theolog.
860 1704 1182 1765 Vindobon.
1217 1711 1325 1768 vol.
1372 1717 1468 1783 VI,
1508 1698 1651 1773 fasc.
1687 1736 1725 1789 ι,
1760 1737 1815 1791 p.
1853 1722 1954 1776 130

306 1802 474 1842 εθαα.

537 1876 692 1946 1168,
729 1878 766 1934 l.
794 1881 858 1935 21
895 1883 1048 1939 mala
1103 1892 1191 1942 est
1235 1889 1436 1962 Steph.
1480 1895 1815 1965 conjectura
1858 1897 1949 1952 τὸν

305 1959 531 2034 κόσμον.
563 1966 642 2020 Cf.
676 1971 935 2043 Krueger
964 1974 1035 2027 ad
1086 1975 1315 2049 Dionys.
1338 1959 1606 2038 illalicar.‘
1630 1984 1709 2041 De
1758 2004 1949 2060 comp.

305 2052 463 2107 verb.
496 2070 553 2124 p.
579 2054 681 2109 454
721 2073 885 2130 seqq.
921 2064 978 2115 et
1008 2062 1190 2119 Kueh.
1225 2065 1320 2122 Gr.
1354 2068 1447 2124 Gr.
1484 2070 1641 2143 geel.
1671 2052 1947 2132 Anmerii.

306 2143 350 2196 t.
383 2145 458 2205 II,
492 2159 547 2212 p.
582 2142 704 2198 129.

378 2229 422 2283 l.
454 2231 523 2284 27
582 2235 827 2291 emenda
860 2254 873 2290 :
908 2235 1256 2315 ἀποδέχομαι
1310 2263 1407 2309 te;
1440 2265 1575 2306 nam
1613 2271 1672 2325 γε
1704 2252 1760 2308 h.
1795 2253 1834 2308 l.
1869 2255 1951 2309 ni-

307 2316 389 2371 hil
416 2317 747 2390 significare
776 2328 981 2395 potest.
1014 2329 1085 2384 Et
1114 2347 1248 2387 cum
1282 2351 1352 2390 ne
1383 2336 1557 2393 bruta
1586 2316 1823 2410 quidem
1856 2361 1947 2400 so-

308 2422 417 2461 nos
448 2407 594 2462 nihil
617 2409 1015 2482 signiﬁcantes
1045 2419 1214 2475 edere
1244 2422 1543 2481 verissime
1565 2427 1778 2485 alicubi
1800 2432 1945 2489 God.

308 2494 677 2553 Hermannus
702 2499 928 2572 dixerit,
960 2524 1017 2558 τε
1047 2509 1485 2569 rescribendum
1528 2521 1636 2585 est,
1672 2521 1825 2589 quod
1856 2538 1945 2578 se-

308 2583 507 2654 quenti
538 2582 626 2637 καὶ
659 2591 1025 2660 respondeat.

378 2669 520 2726 ibid.
564 2673 715 2730 male
747 2680 1010 2736 nonnulli
1042 2684 1219 2755 genit.
1254 2699 1414 2761 προθ.
1451 2690 1523 2745 ab
1554 2693 1774 2751 omissa
1809 2715 1947 2767 prai-

310 2775 435 2830 pos.
468 2754 623 2815 ἕνεκα
652 2772 921 2836 repetunt
953 2786 966 2824 :
1001 2754 1063 2825 tu
1096 2773 1166 2827 cf.
1201 2774 1383 2832 lexica
1415 2778 1471 2834 in
1495 2797 1546 2835 v.
1579 2779 1947 2859 ἀποδέχομαι.

383 2847 424 2901 Ι.
456 2850 527 2903 50
556 2850 625 2905 de
649 2850 722 2912 ὡς
749 2870 878 2910 cum
912 2856 1125 2915 infinit.
1159 2868 1490 2923 constructo
1544 2871 1616 2926 cf.
1660 2847 1859 2930 Wiher
1889 2893 1946 2947 p.

312 2935 420 2990 376
449 2938 541 2993 ed.
574 2942 641 2993 V.
674 2944 801 2998 Otto
829 2960 933 3015 pro
964 2944 1021 2999 ἂν
1057 2947 1279 3005 ἀκοῦσαί
1309 2973 1365 3007 σε
1395 2958 1630 3030 scripsit
1653 2960 1743 3015 τὸν
1794 2935 1951 3018 nimii-

312 3042 512 3093 σαντα;
547 3025 841 3084 ἀκούσαντα
869 3033 986 3090 iam
1046 3037 1244 3111 Steph.
1279 3044 1545 3102 coniecit.
1582 3051 1720 3105 Dein
1778 3050 1951 3124 λυπη-

311 3115 467 3179 θῆναι
498 3115 876 3176 Hoii'mannus
903 3125 1057 3194 apud
1089 3126 1269 3185 Hefel.
1302 3131 1425 3188 Pat.
1455 3151 1547 3207 ap.
1582 3155 1714 3209 xcu,
1730 3142 1819 3196 ed.
1853 3115 1927 3198 IV

301 3215 465 3271 paena
494 3204 648 3275 afﬁci
676 3210 973 3266 transfert.

373 3289 490 3345 Col.
525 3291 685 3363 H69,
717 3293 756 3349 1.
792 3298 859 3352 18
888 3292 1111 3355 ἕκαστον
1162 3304 1242 3360 ita
1298 3309 1500 3378 1303111.,
1554 3313 1758 3383 Hcfel.,
1791 3323 1941 3376 Otto.

375 3379 418 3432 Ι.
454 3379 522 3434 19
570 3381 705 3438 Post
750 3381 954 3458 ἑκάστῳ
1005 3391 1286 3449 cecidisse
1332 3397 1405 3452 ob
1459 3379 1943 3464 homoeoteleuton

302 3462 377 3526 ὡς
412 3466 453 3522 Ῑ.
488 3466 528 3523 l.
552 3471 835 3543 suspicati
865 3492 1111 3547 sumus;
1146 3483 1245 3537 sed
1278 3501 1392 3541 non
1423 3504 1569 3560 opus
1602 3496 1691 3547 est
1721 3510 1787 3549 ea
1816 3462 1943 3568 par:

298 3554 500 3611 ticula.

367 3645 409 3698 Ι.
438 3645 507 3699 28
534 3642 721 3701 τέλεον
755 3645 800 3702 δ’
830 3649 1013 3715 αὐτοῖς
1047 3658 1287 3717 restitue
1313 3679 1379 3718 ex
1409 3666 1577 3722 codd.
1635 3675 1873 3743 Argent.
1908 3693 1940 3731 a

295 3730 559 3789 Cunitzio
590 3735 649 3790 in
681 3736 908 3796 Ottonis
941 3759 1112 3801 usum
1146 3748 1374 3806 collato.

370 3820 411 3875 Ι.
445 3822 513 3875 33
544 3824 710 3896 vulgo
741 3828 891 3885 male
918 3829 1232 3907 ἀργυρέους.

372 3908 413 3963 Ι.
444 3910 515 3964 39
545 3913 732 3969 scribe
766 3933 779 3970 :
810 3936 891 3978 τις
922 3922 994 3976 cf.
1029 3924 1212 3980 Kueh.
1246 3926 1282 3981 l.
1318 3929 1366 3985 Ι.
1398 3934 1468 3997 ΙΙ,
1502 3949 1557 4004 p.
1598 3934 1688 3991 56.

369 4000 507 4052 Pen.
542 3997 737 4055 οὐκοῦν
770 4005 840 4062 cf.
874 4007 1161 4068 Kuehneri
1194 4031 1417 4074 excurs.
1455 3997 1532 4074 ΙΙΙ
1570 4024 1639 4078 ad
1674 4025 1933 4100 Xenoph.

296 4093 662 4154 Memorabil.

363 4183 479 4239 Col.
517 4186 720 4245 11721.
754 4194 790 4246 2
819 4189 913 4247 κᾶν
964 4212 1069 4268 pro
1113 4197 1202 4253 καὶ
1253 4208 1405 4261 recte
1445 4224 1643 4282 apogr.
1678 4214 1848 4271 Beur.
1882 4225 1934 4274 et

292 4271 421 4326 cod.
452 4274 690 4344 Argent.

362 4359 408 4413 Ι.
445 4360 511 4413 12
559 4368 806 4436 φρονοῖεν
856 4367 914 4422 ἂν
961 4373 1180 4431 coniec.
1214 4379 1446 4450 HoiI'm.,
1480 4387 1579 4441 sed
1632 4385 1931 4446 ἀνταπόδο-

285 4463 379 4499 τον
404 4446 463 4501 h.
498 4447 702 4537 Ilesse
732 4455 848 4511 iam
879 4458 1022 4516 vidit
1051 4463 1250 4537 Steph.
1286 4446 1649 4532 Glossemata
1685 4495 1813 4535 esse
1841 4480 1930 4535 καὶ

286 4539 419 4604 post
476 4529 649 4591 σέϐειν
708 4548 765 4597 et
817 4552 1029 4619 φρονεῖν
1087 4529 1218 4608 h.-l.
1253 4557 1547 4629 diximus;
1581 4529 1654 4625 ti);
1854 4568 1929 4632 εἷς

284 4627 419 4679 ante
448 4624 566 4678 νεὸν
600 4630 847 4689 coniecit
877 4634 1028 4694 Otto.

356 4711 398 4767 Ι.
428 4713 500 4767 26
530 4720 974 4781 emendavimus
1004 4725 1043 4781 Ι.
1072 4729 1115 4783 Ι.
1147 4733 1252 4785 τῶν
1288 4738 1404 4796 τοῖς
1445 4744 1651 4815 κωφοῖς
1699 4743 1798 4811 τήν
1834 4746 1929 4801 αὖ-

280 4798 379 4866 τήν
436 4798 851 4878 ἐνδεικνυμένων
896 4833 953 4889 φ.
1010 4820 1117 4869 τῶν
1173 4820 1247 4890 μή
1310 4798 1767 4903 δυναμένὶυν-(οΐί
1804 4798 1928 4891 “ii-

281 4903 386 4942 ner
443 4908 498 4961 p.
557 4894 664 4949 236
711 4900 982 4957 Anmerk.
1017 4907 1105 4961 ed.
1138 4908 1230 4981 V.)
1262 4929 1309 4966 τ.
1338 4933 1387 4965 τ.
1425 4894 1924 4992 μεταλαμϐάνειν...

280 4978 362 5046 τῷ
393 4977 495 5047 (ita
524 4980 639 5037 iam
667 4985 888 5071 Steph.)
919 4987 984 5059 δὴ
1020 4994 1150 5065 (hoc
1180 4977 1237 5053 et
1267 4977 1434 5071 Otto).
1452 5009 1559 5061 etc.

348 5065 391 5120 Ι.
424 5067 493 5121 30
523 5067 649 5141 lege
681 5070 825 5128 ἀλλὰ
858 5078 964 5147 μὴν
1024 5079 1085 5134 τό
1142 5104 1201 5138 τε
1258 5107 1381 5162 περι
1406 5065 1431 5145 ’.
1468 5134 1480 5146 .
1518 5134 1531 5148 .
1568 5092 1785 5160 οὐδενὸς
1825 5102 1928 5173 (ita

279 5153 407 5208 cod.
439 5160 705 5230 Argent.)
737 5160 1046 5241 ἄξιαλόγου,
1083 5169 1143 5223 οὐ
1174 5153 1355 5244 (quod
1408 5187 1641 5253 propter
1669 5153 1924 5246 homcho:

276 5239 535 5300 teleuton
566 5249 851 5308 excidisse
874 5239 991 5311 iam
1018 5259 1162 5315 vidit
1183 5239 1489 5339 Stephah.)

275 5326 326 5383 si
357 5330 449 5385 cui
476 5349 591 5389 non
617 5335 1088 5419 placuerit,lcget
1120 5349 1195 5420 μή
1229 5326 1379 5423 (qhaa
1408 5326 1499 5412 est
1530 5326 1926 5430 particuiiiih:

273 5417 650 5495 terrogativa)
680 5424 804 5485 loco
839 5431 947 5501 μὴν
980 5417 1039 5491 et

272 5502 771 5581 interrogationis.

2134 1461 2174 1517 l.
2207 1464 2279 1519 32
2308 1469 2666 1529 verisissima
2697 1482 2784 1534 est
2813 1480 3036 1540 Marani
3068 1489 3710 1575 coniectura;perfrigi-

2064 1550 2204 1606 dum
2247 1557 2304 1609 et
2331 1557 2508 1615 nimis
2539 1559 2710 1635 longe
2741 1571 3056 1638 quaesitum
3087 1584 3175 1633 est
3215 1550 3708 1653 quod

2064 1645 2319 1698 mentem
2353 1648 2527 1703 venit.

2132 1729 2248 1785 Col.
2284 1733 2512 1800 1176,1.
2546 1740 2617 1793 32
2674 1740 3031 1816 πλεονάζουσι
3083 1756 3155 1811 de
3213 1760 3555 1822 Christianis
3611 1768 3702 1826 in-

2061 1820 2222 1874 terne
2252 1826 2670 1896 crescentibus,
2711 1850 2794 1889 sc.
2828 1839 3167 1911 virtutibus,
3197 1850 3448 1919 explicat
3477 1820 3627 1913 Otto:

2134 1907 2175 1962 Ι.
2210 1910 2277 1963 43
2309 1908 2529 1981 ἀληθῶς
2562 1921 2718 1988 quod
2749 1930 2880 1993 post
2905 1925 3061 1991 αὐτὸς
3094 1907 3706 2011 ιγροεῖιυρὶιοιιΙιΙΙΙΙη-

2061 1996 2223 2052 curia
2254 2016 2321 2054 ex
2350 2003 2706 2064 editionibus
2736 2014 2971 2082 excidit,
2995 2035 3063 2075 ex
3093 1996 3291 2081 codice
3314 1996 3702 2102 argenti—btt-o

2059 2083 2118 2138 in
2152 2090 2308 2143 textu
2341 2097 2490 2148 recte
2522 2099 2797 2167 reposuit.

2131 2174 2172 2228 Ι.
2208 2176 2273 2231 44
2308 2182 2538 2239 Rectius
2569 2181 2804 2261 ἐνίδρυσε
2833 2210 3001 2268 apog.
3036 2198 3203 2260 Beur.
3226 2208 3282 2260 et
3310 2209 3438 2267 cod.
3462 2215 3697 2283 Argent.

2059 2262 2353 2323 exhibent.

2129 2354 2245 2409 Col.
2278 2358 2434 2425 1177)
2466 2360 2500 2415 l.
2538 2362 2607 2417 16
2637 2363 2698 2418 οὐ
2736 2374 2928 2438 μενοῦν
2960 2378 3246 2438 rescribas
3278 2399 3413 2441 cum
3446 2387 3691 2451 Hefelee.

2131 2460 2171 2513 Ι.
2205 2461 2274 2555 19
2302 2462 2435 2526 Quae
2468 2471 2963 2555 typographorum
2986 2480 3213 2541 incuria
3228 2490 3559 2551 exciderant
3579 2514 3698 2555 ver-

1982 2558 2029 2623 B
2061 2546 2173 2603 ba:
2208 2544 2414 2623 ἔπεμψε
2445 2586 2512 2597 -
2544 2551 2777 2631 διωκῶν,
2811 2570 2965 2622 recte
3003 2586 3159 2628 nunc
3188 2574 3248 2629 in
3293 2580 3491 2637 sedem
3525 2601 3693 2645 suam

2061 2637 2329 2694 restituta
2358 2648 2517 2700 sunt.
2559 2647 2693 2703 Dein
2740 2656 3027 2724 κρινοῦντα
3072 2667 3225 2718 recte
3273 2669 3519 2727 coniecit
3568 2676 3695 2733 Ste-

2058 2723 2309 2794 phanus.
2345 2728 2475 2786 Mox
2504 2723 2919 2810 πλεονάζοντας,
2955 2748 3157 2805 eodem
3190 2756 3381 2827 modo,
3418 2764 3481 2815 ut
3518 2779 3699 2835 supra

2062 2813 2142 2835 --ι
2206 2816 2335 2835 ιι-ηη
2384 2818 2397 2835 ι
2456 2822 2522 2835 ηη
2679 2827 2711 2835 ··
2954 2832 2963 2835 λ

2058 2813 2167 2867 col.
2202 2816 2359 2881 1176,
2384 2818 2419 2873 1.
2454 2822 2541 2891 33,
2563 2827 2851 2896 explicare
2880 2832 3061 2891 voluit
3090 2838 3237 2897 Otto.
3256 2813 3412 2902 Infra
3443 2813 3501 2904 in

2060 2918 2184 2973 cap.
2219 2922 2319 2960 vui
2347 2904 2669 2976 ἀξιοπίστων
2705 2916 2923 2976 ironice
2954 2923 3172 2983 dictum
3203 2947 3331 2990 esse
3362 2942 3515 2995 recte
3544 2941 3702 2999 vide-

2060 2997 2199 3047 runt
2230 2992 2595 3068 interpretes.

2129 3084 2245 3137 Col.
2306 3084 2463 3154 H80,
2517 3088 2555 3143 Ι.
2614 3092 2650 3145 5
2702 3092 2790 3146 καὶ
2822 3094 3016 3171 ἀγανὸς
3064 3104 3167 3176 (2:
3199 3110 3379 3184 mitis)
3403 3115 3493 3168 καὶ
3533 3115 3694 3197 ἆόργ.

2129 3170 2465 3197 δωημᾏημ
2510 3180 2629 3197 μ..
2706 3183 2716 3193 .
2852 3190 2898 3197 --
2942 3190 2962 3197 η
2991 3190 3005 3197 -
3128 3196 3135 3197 κ
3178 3196 3185 3197 κ

1931 3186 1945 3213 ν
2057 3168 2471 3231 Hoffmannum
2504 3180 2818 3240 coniecisse
2850 3168 3043 3247 Hefele
3070 3168 3143 3250 ad
3175 3196 3257 3253 hl.
3293 3168 3455 3259 dixit.

2128 3278 2167 3331 Ι.
2209 3280 2242 3333 8
2273 3278 2397 3335 loco
2425 3282 2486 3349 ἣν
2520 3287 2647 3342 Otto
2678 3288 2814 3346 velit
2841 3292 3040 3367 ταύτην
3082 3303 3366 3377 scriptum
3398 3325 3545 3369 esse.

2124 3366 2166 3421 Ι.
2198 3368 2268 3421 23
2292 3366 2671 3444 ἀπαγομένους
2702 3394 2770 3434 ex
2816 3384 2943 3439 cod.
2992 3366 3228 3462 Argenti
3280 3402 3436 3455 recte
3476 3366 3689 3461 rescri-

2053 3456 2171 3527 psit
2201 3457 2351 3513 Otto.
2413 3476 2543 3517 cum
2604 3470 2660 3521 et
2690 3468 2856 3527 Beur.
2911 3456 3110 3550 apogr.
3143 3456 3693 3559 dranoiiévoueh—a-

2121 3638 2162 3687 1.
2194 3636 2264 3689 25
2290 3634 2380 3689 τὸν
2412 3641 2499 3691 νῦν
2534 3648 2684 3699 recte
2712 3646 2907 3707 Hefele
2937 3658 3251 3729 rescripsit.

2120 3724 2162 3777 Ι.
2195 3725 2265 3778 35
2322 3729 2545 3784 scribas
2603 3735 2930 3833 nobiscum.
2966 3786 2978 3799 .
3006 3782 3022 3799 .
3062 3724 3286 3821 δύναμιν
3321 3793 3335 3809 .
3371 3796 3384 3811 .
3421 3797 3435 3813 .
3468 3756 3543 3819 ὡς
3587 3761 3690 3833 (=

2047 3813 2475 3910 quoniamitﬁc
2510 3814 2661 3874 ὑπεϐ.
2698 3822 2813 3899 φιλ.
2850 3827 2946 3899 μία
2974 3829 3154 3906 ἀγάπη
3187 3813 3541 3909 (subiectum
3589 3813 3690 3910 \est

1969 3917 2011 3983 ρ
2046 3900 2205 3954 verbi
2252 3900 2538 4005 ,ihuicpasv,
2598 3912 2731 3983 etc.)
2771 3919 2884 4005 ,τοῦ
2942 3928 2990 3981 θ.
3021 3900 3321 3997 οὒκ-ἐμίσ,
3560 3900 3688 3994 eiii

2048 3985 2175 4055 ἀπ.,
2212 3986 2334 4043 οὐδὲ
2390 3990 2510 4063 ἐμν.
2549 3999 2873 4096 ’(αξιοηόθο
2920 4009 2989 4096 ad
3049 3985 3526 4096 polys'yndet'onlr

2046 4072 2262 4151 ἐμακρ.,
2298 4079 2515 4154 ἠνεσχ.,
2549 4082 2683 4138 ἑκὼν
2717 4090 2803 4144 vel
2856 4072 3067 4152 ἐθέλων.
3116 4072 3233 4172 (ἐῆν
3268 4072 3691 4186 ἇυέΙῖ-Ἷέκὲἒέ.

2046 4169 2185 4219 rect.
2215 4167 2313 4220 (id.
2347 4184 2399 4222 ο.
2444 4170 2544 4238 11;
2582 4176 2750 4230 codd.
2784 4184 2841 4234 et
2891 4185 3024 4241 edd.
3057 4167 3252 4265 me»,
3305 4198 3475 4266 male)
3525 4167 3687 4266 $.34

2045 4253 2337 4320 (attendas
2370 4258 2435 4310 ad
2473 4262 2731 4319 subitam
2764 4270 3012 4327 subiecti
3046 4253 3681 4360 mutationemitiiijdi

2114 4335 2217 4360 ..ρ
2416 4343 2429 4360 ,
2479 4346 2492 4360 .
2589 4350 2633 4360 ,-
2703 4358 2709 4360 _

2042 4335 2337 4408 ἀνεδέξατο·
2372 4343 2531 4407 αὐτὸς
2582 4350 2850 4420 (fortasse
2900 4376 2967 4415 ex
3004 4335 3483 4432 antecedentibus
3535 4335 3686 4435 male

2041 4426 2136 4482 hic
2168 4432 2501 4505 repetitum)
2520 4435 2634 4509 τὸν,
2667 4446 2775 4496 etc.

2111 4517 2226 4572 Col.
2292 4522 2419 4576 1181
2483 4525 2524 4580 Ι.
2581 4527 2653 4581 20
2708 4526 2994 4608 ἐπίγνωσιν
3054 4544 3259 4619 πατρός
3307 4551 3437 4620 (hoc
3476 4558 3677 4614 vocab.

2042 4604 2255 4662 habent
2281 4625 2478 4684 apogr.
2510 4617 2677 4671 Beur.
2714 4623 2769 4675 et
2808 4604 2932 4715 ἱρά.
2974 4604 3256 4709 Argent.)i
3290 4604 3683 4717 ὀᾜάῥξῖᾖέί

2112 4712 2151 4765 1.
2183 4714 2252 4767 23
2280 4713 2345 4767 τὰ
2372 4713 2422 4769 ἐν
2456 4719 2526 4789 τῇ
2553 4722 2647 4794 γῇ,
2681 4724 2761 4781 ita
2813 4712 3106 4800 praeeunte
3148 4741 3367 4815 Bochl.,
3402 4712 3498 4820 eui
3541 4756 3598 4806 et
3629 4749 3680 4805 ἐν

2038 4797 2183 4871 αὖτῴ
2214 4804 2476 4875 coniecit,
2512 4813 2731 4868 textum
2761 4797 3192 4885 constituerunt
3224 4797 3439 4892 ei
3468 4838 3680 4899 Hefele.

2037 4890 2164 4944 Mox
2195 4908 2261 4946 ex
2293 4909 2484 4951 errore
2514 4902 2858 4977 typograph.
2895 4906 3079 4986 λόγιον
3112 4918 3235 4976 loco
3267 4890 3435 4998 λόγον

2039 4979 2164 5032 rani
2197 4982 2508 5040 editionem
2542 4988 2872 5066 irrepserat,
2893 5004 3040 5069 quod
3066 5004 3190 5063 iure
3215 4979 3537 5071 correctum
3568 5021 3677 5073 est.

2111 5086 2154 5139 Ι.
2191 5088 2258 5141 40
2290 5090 2412 5145 loco
2442 5088 2539 5145 ὅσα
2570 5095 2685 5151 iam
2720 5117 2870 5188 anno
2902 5104 3060 5179 1843,
3085 5128 3218 5169 cum
3254 5118 3504 5188 primum
3529 5122 3680 5179 hanc

2036 5174 2343 5244 epistolam
2372 5178 2740 5258 legissemus,
2775 5187 2851 5261 ὅς,
2886 5190 2919 5245 ἃ
2947 5202 3382 5262 emendandum
3439 5226 3567 5265 esse
3597 5211 3681 5267 vi-

1506 5272 1736 5342 νομίζω,
1763 5279 1924 5344 Quod
1958 5280 2004 5344 D
2036 5262 2455 5366 dimuszquam
2479 5272 2870 5366 coniecturam
2906 5285 3074 5343 nobis
3106 5296 3375 5366 praecepit
3399 5262 3682 5355 ventilen-

2033 5350 2145 5422 gel,
2175 5352 2261 5407 vir
2291 5356 2459 5413 nobis
2490 5360 2833 5424 carissimus
2864 5375 2921 5427 et
2949 5377 3201 5435 maxime
3232 5383 3681 5443 amicus.Verba

1068 5444 1243 5508 ponet
1284 5448 1414 5512 post
1459 5452 1645 5515 μαθεῖν
1687 5452 1926 5525 signum

2073 5442 2197 5493 χῦτα
2228 5439 2370 5497 ἐπιδ.
2402 5464 2454 5500 κ.
2497 5447 2722 5508 incuria
2770 5460 3108 5534 typograph.
3161 5469 3219 5524 in
3270 5473 3406 5528 edit.
3454 5439 3675 5535 Marsi):

2033 5530 2251 5585 omissa
2284 5538 2435 5589 recte
2468 5535 2525 5590 in
2559 5541 2754 5597 sedem
2790 5562 2954 5605 Suam
2992 5555 3261 5614 restituta
3293 5567 3447 5618 sunt.

2103 5635 2221 5739 Col:
2256 5637 2397 5746 1184
2426 5639 2464 5696 1.
2498 5642 2533 5695 2
2553 5641 2630 5705 εἰς
2657 5646 2720 5701 τὸ
2748 5649 2831 5722 (τὸ
2863 5653 3035 5714 habet
3064 5666 3213 5721 recte
3242 5667 3370 5723 cod.
3406 5669 3669 5746 Argent.)

2030 5718 2135 5799 πῦρ
2166 5723 2228 5778 τὸ
2260 5724 2501 5789 αἰώνιον.
