4016 6222
345 402 498 462 1303
1848 398 1931 459 AI

2156 404 2246 460 ιΑ.
3588 405 3742 466 1304

414 534 456 586 Ι.
488 532 517 584 4
549 548 678 585 cum
715 530 771 586 in
806 531 1001 587 codice
1034 535 1270 605 Argent.
1296 531 1518 604 aliquot
1546 530 1811 587 vocabuli
1847 531 1982 603 πρὸς
2016 546 2069 613 Α
2101 531 2273 587 sitam
2308 528 2410 585 ὑπό
2440 551 2498 585 τε
2525 533 2622 585 τοῦ
2654 530 2870 605 recepit
2894 531 2954 587 in
2978 535 3197 588 textum
3222 528 3739 605 Hefele.])enique.

339 620 583 692 vestigia
615 621 803 675 adhuc
835 625 1170 693 appareant,
1188 626 1340 677 recte
1362 622 1492 676 Otto
1514 619 1576 673 τὸ
1602 624 1707 695 πῦρ
1729 620 1789 673 τὸ
1821 619 1925 694 πρό

2170 620 2305 675 [24
2347 619 2511 694 αἱρῶν
2545 622 2696 693 quod
2724 626 2779 676 et
2810 637 2915 677 nos
2949 620 3113 690 olim,
3149 638 3279 676 cum
3342 623 3512 678 Beur.
3569 640 3738 697 apog.

336 727 521 782 καιρον
551 708 609 763 in
643 712 802 773 textu
834 709 1155 765 collocavit.

408 802 453 853 Ι.
486 798 545 852 21
584 794 814 857 παλαιός
849 803 904 853 et
934 798 1060 853 cod.
1097 800 1331 869 Argent.
1365 798 1615 853 exhibet.
2095 802 2258 853 ctura
2288 803 2593 854 assecutus
2614 803 2720 868 est,
2744 799 2883 870 quia
2914 802 3017 872 ρῶν
3053 799 3113 853 in
3148 800 3274 853 cod.
3296 801 3509 871 Argent
3540 801 3740 857 adhuc

408 890 450 942 I.
484 886 591 942 ult.
610 886 760 942 male
791 886 843 939 οἱ
873 886 1128 941 deletum
1160 886 1341 942 voluit
1371 888 1755 943 Maranus:tu
1787 892 1979 943 trans-
2092 903 2399 959 superesse
2427 892 2483 942 et
2512 888 2658 942 duas
2680 892 2905 942 tantum
2930 886 3155 942 litteras
3178 891 3311 943 ante
3333 892 3435 961 ρῶν
3459 889 3742 947 evanidae

336 976 508 1045 feras,
540 974 755 1047 quippe
786 975 884 1047 qui
918 975 1053 1031 facti
1087 975 1235 1031 sitis.
1270 976 1459 1031 Verba
1490 992 1501 1031 :
1530 962 1696 1049 ἁταγκ.
1728 1016 1741 1030 .
1770 1017 1782 1030 .
1813 1019 1825 1031 .
1859 975 1979 1028 ὲαυ-
2091 991 2219 1031 esse
2249 976 2362 1046 ipsi
2393 975 2729 1031 nuntiatum
2758 978 2903 1031 erat.

333 1068 454 1125 τοῖς
487 1081 602 1136 quo
629 1065 801 1119 modo
832 1061 1106 1124 ποικίλοις
1135 1084 1188 1119 κ.
1231 1069 1353 1121 Κεκ.
1416 1063 1553 1119 facti
1613 1063 1729 1119 sint
1784 1067 1919 1119 oste]

2160 1064 2287 1119 Haec
2318 1081 2522 1136 pauca,
2548 1081 2673 1136 quae
2702 1064 2774 1120 ab
2806 1064 3051 1120 honesto
3092 1068 3147 1119 et
3186 1066 3497 1121 reverenda
3556 1066 3734 1124 huius

336 1153 653 1224 dunt;quae
678 1153 802 1208 duae
821 1153 1121 1209 sententia
1139 1153 1510 1226 participales
1527 1169 1765 1209 causam
1789 1158 1980 1208 osten-
2088 1152 2221 1208 libri
2253 1153 2473 1210 editore
2502 1154 2709 1226 rogati,
2740 1153 2879 1227 ipsi,
2900 1152 3200 1209 nonnullis
3230 1154 3289 1209 in
3324 1154 3452 1227 ipsa
3480 1154 3731 1213 editione

334 1240 497 1308 dunt,
532 1257 600 1296 ex
657 1258 774 1312 qua
817 1240 959 1296 illud
993 1240 1043 1295 οἱ
1090 1261 1203 1316 γεν.
1240 1286 1254 1299 .
1286 1283 1298 1295 .
1338 1282 1349 1294 .
1381 1260 1466 1315 τρ.
1500 1241 1794 1314 procedat.
1830 1241 1977 1299 Loco
2088 1243 2361 1300 correctis
2391 1244 2449 1298 in
2482 1259 2728 1315 eamque
2771 1242 3009 1309 additis,
3039 1242 3434 1315 imprimenda
3485 1244 3729 1299 tradidi-

330 1334 536 1405 τρυφῆς
568 1330 986 1386 Hoifmannum
1040 1328 1238 1406 τρύγης
1272 1331 1358 1403 (=
1393 1330 1625 1401 messis)
1659 1329 1976 1387 coniecisse
2074 1348 2241 1405 ‘mus,
2276 1332 2336 1388 in
2368 1348 2623 1403 praesens
2657 1331 2974 1387 sufﬁciant.
3008 1331 3154 1386 Nam
3185 1348 3297 1403 quo
3330 1330 3531 1388 minus
3562 1332 3730 1405 plura

331 1419 506 1474 refert
534 1419 749 1477 Hefele.
2087 1436 2265 1494 eaque
2294 1420 2563 1476 uberiora
2621 1436 2775 1476 nunc
2824 1420 2966 1476 dare
3010 1420 3329 1492 possimus,
3363 1420 3569 1477 multis
3599 1421 3730 1477 aliis

400 1507 517 1580 Col,
552 1509 693 1563 1185
720 1508 758 1563 1.
788 1510 851 1563 17
883 1509 1353 1566 emendationem
1382 1528 1413 1565 a
1446 1510 1614 1567 nobis
1638 1510 1676 1569 l.
1705 1514 1746 1569 Ι.
1764 1528 1973 1585 propo-
2087 1509 2334 1581 negotiis
2365 1509 2763 1582 prohibemur.

1575 3335 1776 3393 FINIS
1819 3334 2012 3394 TUMI
2058 3334 2415 3395 SECUNDI.

1383 5734 2204 5885 MSS”...
2234 5740 2589 5929 ﬁsiggu.

2095 704 2229 782 ἐρῶν
2284 709 2601 779 exhiberet,
2656 710 3035 775 coniecimus,
3083 710 3213 765 Otto
3266 727 3501 782 quoque
3550 714 3745 768 conie-
