3868 6212
481 272 541 329 ﬂ
1359 277 1416 334 S.
1457 276 1844 335 CLEMENTIS
1884 278 1900 333 1
1939 280 2104 337 ROM.
2142 280 2341 338 PONT.
2372 283 2601 342 OPERA
2641 285 2872 344 DUBIA.
3675 293 3742 348 l2

475 393 563 448 sui
587 390 962 447 imitationem.
987 390 1158 449 liabet
1183 394 1327 450 enim
1349 395 1403 449 in
1427 412 1484 450 se
1503 395 1736 463 Patrem,
1754 405 1804 450 et
1824 396 2036 463 Filium,

2149 398 2282 454 κόνα
2313 401 2552 470 γεγονὼς
2583 403 2718 456 Θεοῦ
2746 403 2841 458 καὶ
2867 402 2987 457 καθ’
3015 403 3274 475 ὁμοίωσιν
3297 447 3312 472 ,
3347 404 3502 479 φέρει
3531 407 3588 460 ἐν
3621 406 3721 463 tau

475 497 533 541 et
562 485 845 556 Spiritum.
875 485 941 542 Et
969 487 1058 542 aio
1092 503 1203 558 quo
1228 489 1412 544 modo.
1441 487 1594 545 Mens
1622 489 1840 560 quidem
1863 489 2036 546 locum

2148 491 2226 562 τῷ
2267 492 2610 563 συμϐολικῶς
2647 495 2749 548 ’τοῦ
2796 497 3121 567 ποιήσαντος
3150 498 3251 567 τὴν
3287 498 3539 570 μίμησιν.
3578 502 3735 572 Ἔχει

475 578 654 636 Patris
698 580 940 648 obtinet;
990 581 1110 636 Filii
1155 597 1304 648 vero,
1347 580 1440 653 qui
1484 598 1549 638 ex
1599 591 1780 638 mente
1809 583 2036 653 gignitur

2148 584 2258 655 γὰρ
2289 586 2345 637 ὲν
2386 587 2564 658 ἑαυτῷ
2598 589 2817 660 Πατέρα
2867 592 2960 643 καὶ
3009 590 3136 644 Υίὸν
3195 592 3289 644 καὶ
3320 591 3564 663 Πνεῦμα.
3621 597 3738 648 Καὶ

475 689 656 730 sermo
680 675 900 728 interior
915 690 934 739 ;
967 685 1022 730 at
1047 690 1168 744 quae
1189 676 1409 729 auditur
1428 688 1532 728 vox
1561 674 2036 746 prolationis,‘Spi«

2143 673 2292 743 λέγω
2321 693 2458 740 πως⁸
2500 678 2558 730 '0
2591 679 2687 749 μὲν
2715 679 2858 745 νοῦς,
2885 681 3098 752 Πατρὸς
3147 683 3312 735 τόπον
3371 683 3579 753 ἐπέχει·
3601 684 3737 738 Υἱοῦ

474 766 640 820 ritum
672 776 1044 836 repraesentat.
1086 767 1153 821 Et
1182 768 1326 823 sicut
1366 783 1645 837 nunquam
1691 765 1877 821 existit
1920 776 2036 822 ante

2147 765 2224 833 δὲ,
2252 769 2281 821 6
2308 767 2369 833 ἐξ
2403 769 2566 822 αὑτοῦ
2599 772 2914 842 τικτόμενος
2947 772 3122 840 λόγος·
3164 775 3258 828 καὶ
3291 775 3324 845 ἡ
3359 775 3548 846 ἔνηχος
3579 778 3735 849 φωνὴ

473 873 782 915 sermonem
837 860 1113 915 internum
1173 876 1328 915 mens
1366 876 1486 930 quae
1530 861 1680 914 illum
1711 862 1930 932 gignit;
1972 863 2036 917 ita

2146 860 2245 930 τῆς
2280 863 2580 933 προφορᾶς,
2604 863 2673 916 τὸ
2706 865 2928 936 Πνεῦμα
2959 867 3276 939 παρίστησι.
3313 872 3422 924 Καὶ
3457 871 3650 944 ὥσπερ
3670 874 3734 927 οὐ

472 968 573 1009 nec
601 961 727 1008 ante
755 951 924 1008 Deum
973 951 1234 1019 Verbum,
1288 953 1378 1022 qui
1455 955 1642 1024 genuit
1681 954 1836 1022 illud,
1863 954 2042 1011 Pater.

473 1043 539 1100 Et
582 1046 814 1109 iterum,
856 1044 996 1101 sicut
1038 1059 1219 1100 sermo
1262 1045 1538 1100 sensnbilis
1572 1062 1677 1101 non
1702 1047 1895 1102 existit
1921 1056 2046 1102 ante

469 1137 781 1193 sensibilem
804 1147 1047 1191 nostrum
1072 1136 1347 1206 spiritum,
1377 1137 1450 1192 ita
1479 1153 1578 1194 nec
1608 1137 1749 1194 Deus
1780 1137 2042 1206 Verbum,

468 1236 594 1284 ante
622 1229 865 1283 divinum
891 1244 956 1284 ac
979 1227 1252 1285 viviticum
1289 1231 1549 1300 Spiritum
1575 1249 1588 1294 ;
1617 1232 1758 1286 sicut
1795 1241 1848 1286 et
1877 1248 2042 1300 supe-

467 1322 582 1376 rius
604 1321 912 1391 exemplum
947 1322 1360 1378 demonstravit.
1387 1323 1685 1394 Paucisque
1718 1325 2041 1395 interfectis:

466 1412 526 1468 Si
551 1415 717 1481 enim,
747 1415 836 1469 lux
862 1415 1105 1486 quidem,
1136 1431 1260 1471 cum
1289 1417 1359 1472 sit
1382 1417 1512 1471 solis
1534 1417 1855 1487 progenies;
1883 1417 2040 1471 simi-

462 1506 696 1577 literque
734 1509 1012 1578 splendor,
1049 1509 1233 1574 oculi;
1277 1518 1373 1564 aut
1393 1508 1536 1574 fons,
1566 1511 1618 1564 id
1641 1511 1788 1580 quod
1815 1509 2038 1564 ﬂuvium

461 1602 730 1670 producit,
771 1617 1052 1672 nunquam
1103 1611 1282 1656 tamen
1318 1602 1544 1668 exstitit,
1591 1616 1768 1672 neque
1803 1602 1885 1658 sol
1916 1611 2042 1658 ante

461 1693 662 1759 lucem,
706 1709 882 1764 neque
922 1695 1115 1750 oculus
1144 1705 1270 1751 ante
1298 1695 1672 1764 splendorem,
1708 1711 1884 1766 neque
1913 1706 2038 1751 ante

459 1786 688 1842 ﬂuvium
718 1786 871 1853 fons;
916 1789 1079 1843 simul
1120 1788 1264 1844 enim
1294 1804 1359 1843 ac
1389 1789 1723 1844 intellexeris
1745 1789 1935 1852 solem,
1960 1789 2035 1843 si-

458 1882 574 1937 mul
603 1891 658 1937 et
691 1898 814 1938 cum
847 1883 938 1937 illo
963 1883 1230 1953 intelliges
1257 1898 1323 1938 ex
1353 1897 1418 1939 eo
1446 1883 1780 1953 progenitam
1815 1883 1988 1938 lucem
2013 1900 2027 1949 ;

457 1983 514 2029 et
545 1974 707 2030 simul
745 1991 809 2031 ac
840 1977 1109 2048 intelliges
1138 1976 1383 2042 oculum,
1418 1975 1580 2031 simul
1613 1986 1668 2030 et
1697 1991 1820 2030 cum
1849 1990 1914 2029 eo
1945 1974 2034 2028 in-

457 2068 669 2138 telliges
705 2084 770 2124 ex
800 2068 920 2138 ipso
956 2067 1337 2138 procedentem
1365 2068 1740 2138 splendorem;
1772 2068 2035 2137 quemad-

456 2163 678 2216 modum
707 2173 761 2217 et
783 2161 1005 2215 ﬂuvium
1044 2177 1151 2215 una
1181 2176 1306 2215 cum
1330 2159 1477 2214 fonte
1503 2160 1860 2230 intelligimus
1893 2178 1906 2213 :
1939 2176 2034 2214 eo-

455 2254 579 2308 dem
604 2269 823 2324 quoque
859 2254 1024 2309 modo
1041 2254 1422 2325 ‘cogitandum
1449 2263 1532 2308 est
1565 2253 1632 2308 de
1652 2251 1833 2320 Patre,
1868 2251 2027 2317 Filio,

455 2361 510 2401 e.
539 2346 743 2416 Spiritu
778 2355 987 2402 sancto.

2140 955 2492 1026 ’προϋπάρχει
2522 957 2651 1008 ποτὲ
2664 956 2756 1009 τσῦ
2787 957 3088 1012 ἐνδιαθέτου
3113 960 3270 1028 λόγου
3301 963 3329 1015 6
3351 965 3614 1035 γεννήσας
3628 966 3731 1018 αὐ-

2145 1050 2238 1102 τὸν
2273 1051 2416 1115 νοῦς,
2442 1050 2613 1115 οὕτως
2640 1051 2762 1104 οὐδὲ
2795 1051 2889 1104 τοῦ
2922 1052 3057 1105 Θεοῦ
3085 1049 3257 1121 Λόγου
3290 1056 3317 1106 6
3346 1057 3610 1127 γεννήσας
3640 1059 3733 1111 αὑ-

2145 1143 2234 1196 τὸν
2261 1144 2470 1214 Πατήρ.
2507 1144 2616 1197 Καὶ
2648 1143 2808 1197 πάλιν
2828 1143 3016 1216 ὥσπερ
3036 1144 3096 1198 οὑ
3129 1146 3472 1218 προῦπάρχει
3497 1149 3592 1202 τοῦ
3651 1152 3730 1202 ai-

2145 1237 2346 1308 σθητοῦ
2405 1236 2559 1307 ἡμῶν
2587 1236 2893 1306 πνεύματος
2945 1239 2974 1290 6
3007 1238 3262 1308 αἰσθητὸς
3311 1239 3504 1308 λόγος,
3551 1241 3730 1307 οὕτως

2144 1329 2264 1382 οὐδὲ
2296 1327 2390 1381 τοῦ
2411 1328 2553 1382 θείου
2576 1330 2670 1383 καὶ
2693 1329 2954 1393 ζωσποιοῦ
2984 1330 3343 1402 Πνεῦματοςό
3365 1332 3497 1396 Θεὸς
3529 1334 3723 1402 Λόγος·

2145 1420 2326 1485 καθὼς
2375 1421 2468 1475 καὶ
2507 1420 2570 1474 τὸ
2607 1421 2868 1492 πρότερον
2907 1421 3152 1487 ἀπέδειξε
3191 1407 3561 1495 παράδειγμα.
3612 1426 3725 1480 Kal

2137 1515 2264 1585 μετ’
2298 1515 2489 1583 ὀλίγην
2526 1513 2590 1566 Εί
2622 1513 2730 1584 γὰρ
2753 1513 2868 1582 φῶς
2896 1513 2996 1584 μὲν
3027 1514 3177 1584 ἡλίου
3204 1517 3448 1586 γέννημα
3470 1555 3484 1579 ,
3520 1517 3724 1589 ὁμοίως

2143 1611 2236 1663 καὶ
2279 1607 2556 1680 ὀφθαλμοῦ
2596 1607 2768 1678 αὐγὴ,
2827 1606 2860 1678 ἢ
2910 1607 3061 1678 πηγὴ
3111 1607 3356 1677 ποταμοῦ
3408 1609 3720 1680 πρόὸλημα,

2142 1704 2204 1756 οὐ
2243 1701 2566 1773 προϋπῆρχε
2588 1699 2646 1752 δέ
2678 1715 2808 1752 ποτε
2829 1739 2842 1764 ,
2877 1698 2999 1751 οὔτε
3025 1699 3119 1751 τοῦ
3168 1700 3346 1768 φωτὸς
3376 1700 3545 1770 ἥλιος,
3592 1700 3719 1754 οὕτε

2137 1796 2235 1867 τῆς
2262 1795 2433 1865 αὐγῆς
2460 1793 2756 1863 ὀφθαλμὸς,
2788 1792 2911 1846 οὔτε
2937 1793 3031 1845 τοῦ
3056 1793 3300 1863 ποταμοῦ
3329 1795 3362 1865 ᾖ
3398 1795 3568 1864 πηγή·
3604 1793 3722 1864 ἅμα

2137 1887 2246 1960 γὰρ
2277 1887 2575 1957 ἐπενόησας
2593 1885 2763 1956 ἥλιον,
2795 1886 2910 1955 ἅμα
2939 1887 3342 1956 συνεπινοήσεις
3370 1886 3518 1956 αὐτῷ
3546 1887 3638 1938 καὶ
3657 1885 3720 1938 τὸ

2135 1977 2195 2043 ἐξ
2223 1978 2386 2032 αὐτοῦ
2421 1978 2735 2048 τικτόμενον
2767 1977 2899 2046 φῶς·
2931 1978 3023 2030 καὶ
3056 1978 3170 2048 ἅμα
3196 1978 3502 2049 ἐπινοήσεις
3527 1978 3718 2046 ὀφθαλο

2139 2072 2275 2142 μὸν,
2339 2072 2456 2142 ἅμα
2521 2071 2927 2140 συνεπινοήσεις
2979 2069 3127 2140 αὐτῷ
3175 2071 3268 2123 καὶ
3315 2070 3412 2142 τὴν
3461 2070 3520 2137 ἐξ
3549 2071 3715 2124 αὐτοῦ

2136 2161 2430 2235 προϊοῦσαν
2459 2163 2654 2233 αὑγήνο
2690 2163 2766 2225 ὡς
2793 2162 2885 2215 καὶ
2915 2165 2981 2233 τῇ
3013 2165 3162 2233 πηγῇ
3196 2163 3287 2215 τὸν
3312 2162 3556 2233 ποταμὸν
3599 2180 3719 2215 συν.

2134 2254 2474 2325 επινοοῦμεν·
2511 2253 2686 2316 οὕτως
2711 2255 2929 2325 νοητέον
2961 2255 3054 2308 καὶ
3082 2255 3173 2306 ἐπὶ
3205 2254 3419 2325 Πατρὸς
3451 2255 3546 2310 καὶ
3579 2255 3716 2308 Υίοῦ

2134 2347 2227 2399 καὶ
2261 2347 2416 2414 ἁγίου
2442 2345 2777 2416 Πνεύματος.

453 2481 681 2556 Reliqua
722 2484 836 2539 vide
880 2485 935 2538 in
969 2481 1152 2538 Notis.
1178 2511 1248 2523 -
1279 2481 1525 2538 Cotelerii
1564 2480 1833 2553 judicium
1887 2481 1951 2536 de
1979 2480 2322 2604 Clem‘entinis
2355 2481 2633 2550 praemittit
2681 2480 2999 2536 Gallandius
3051 2481 3432 2536 Dissertatioui
3455 2497 3565 2535 sum
3595 2496 3715 2553 qua

650 2589 652 2591 ›
1957 2569 2104 2604 seaut
2134 2569 2222 2604 ur.

650 2589 652 2591 .
1957 2569 2222 2622 sequitur.

1438 2815 1620 2926 DE
1740 2811 2711 2926 CLEMENTINIS

874 3033 1527 3128 GALLANDII
1611 3027 2409 3122 DISSERTA‘TIO
2483 3026 3301 3125 PROfEMIALIS.

1111 3208 1244 3270 (γει.
1274 3207 1478 3256 Patrum
1513 3199 1830 3263 Bibliotheca,
1855 3205 1894 3250 t.
1923 3199 1988 3261 ll,
2012 3198 2036 3251 Ἰ

2136 3199 2258 3261 etiis,
2283 3197 2422 3260 1766,
2447 3197 2631 3260 in-fol.,
2651 3198 2882 3264 ProIeg.,
2904 3214 2954 3263 p.
2979 3204 3082 3262 LV.)

521 3337 564 3394 l.
603 3337 1064 3393 CLsusurmonuu
1089 3353 1219 3408 opus
1243 3352 1344 3388 non
1369 3333 1622 3389 incelebre
1649 3348 1667 3387 :
1693 3333 1883 3404 quippe
1907 3330 2036 3384 until

2136 3347 2141 3380 ς
2174 3327 2428 3384 Ecclesia
2456 3329 2807 3398 scriptoribus
2830 3344 3179 3386 memoratum
3200 3344 3357 3405 atque
3379 3349 3704 3408 excerptum.

460 3407 624 3466 Varia
651 3410 806 3478 hujus
836 3409 1005 3477 operis
1036 3407 1277 3476 partitio.

521 3479 586 3534 ll.
615 3469 758 3532 Licét
786 3469 1063 3550 erroribus,
1088 3485 1312 3539 scateat,
1346 3476 1525 3550 [ructu
1554 3483 1737 3550 tamen
1759 3471 1904 3526 haud
1954 3477 2097 3524 caret
2140 3469 2266 3550 ejus
2311 3469 2494 3550 lectio,
2531 3469 2842 3550 multiplicis
2874 3472 2931 3524 in
2957 3473 3144 3550 primis
3167 3475 3435 3550 doctrinae
3477 3495 3655 3550 causa
3681 3523 3701 3550 ,

449 3561 607 3622 atque
630 3550 697 3602 ad
723 3550 1014 3622 primarum
1045 3549 1306 3622 haereseon
1337 3539 1587 3614 dogmata
1615 3544 1802 3598 melius
1829 3541 2216 3622 cognoscenda.
2241 3539 2522 3622 ‘lnmmu‘lt'is
2545 3541 2749 3595 similia
2777 3551 2902 3596 sunt

2998 3547 3414 3614 ecognitiouibus
3462 3547 3705 3606 Clematii-

453 3609 598 3683 tin'a;
634 3609 752 3689 qua:
777 3617 1235 3689 interpolationem
1262 3609 1468 3689 quoque
1494 3631 1652 3689 passa
1679 3631 1788 3668 esse
1815 3609 2076 3689 uidentur.
2111 3611 2254 3677 Quid
2299 3609 2557 3680 Ὀμιλίαι.

525 3681 612 3744 lll.
645 3681 845 3744 :Auctor
883 3681 1315 3758 Recoynitionum
1338 3681 1400 3758 et
1421 3681 1782 3758 Hg'miliarum
1807 3681 2280 3758 Clementiuarum,
2311 3699 2446 3736 unus
2474 3693 2526 3736 et
2567 3681 2708 3736 idem
2747 3697 2859 3737 esse
2895 3683 3122 3738 videt-ur.
3156 3683 3287 3739 Erat
3314 3703 3378 3741 ex
3403 3698 3544 3743 secta
3579 3689 3704 3746 Na-

449 3777 771 3818 zareorum.
805 3761 974 3829 Lange
1003 3751 1156 3829 dliter
1180 3756 1338 3810 sentit
1369 3756 1432 3810 de
1462 3753 1510 3807 F
1515 3755 1607 3808 ilio
1647 3753 1745 3829 Dei
1776 3768 1836 3806 ac
1871 3751 2154 3806 Ebionitae.

522 3829 612 3885 IV.
637 3825 991 3899 Duplicem'in
1023 3828 1234 3883 Christo
1260 3835 1510 3899 naturam
1531 3825 1791 3895 agnoscit.

521 3899 588 3956 ν.
620 3896 812 3955 Omnia
840 3915 935 3969 per
953 3915 1073 3969 eum
1100 3907 1273 3952 creata
1295 3913 1404 3952 esse
1434 3896 1604 3950 docet.

520 3969 611 4025 Vl.
643 3963 949 4024 Illiuseum
983 3968 1245 4022 Ebionitis
1265 3981 1562 4037 pugnaxex
1596 3963 1836 4035 pluribus
1869 3963 1992 4017 aliis
2020 3964 2296 4037 principiis
2321 3966 2668 4037 perspicitur.

518 4037 632 4096 VII.
659 4039 734 4094 De
757 4049 985 4110 tempore
1004 4055 1106 4109 quo
1132 4034 1390 4108 scriptum
1433 4034 1795 4090 Hamiliarum
1819 4051 1948 4104 opus
1977 4035 2338 4090 existimatur.

2371 4035 2487 4102 Quo
2510 4049 2665 4109 pacto
2693 4038 2960 4092 adornata
2986 4037 3165 4092 isthch
3193 4039 3374 4096 editio.

517 4261 561 4318 l.
593 4261 707 4319 Hoc
734 4263 907 4320 est-de
932 4262 1378 4318 Clementinorum
1407 4276 1571 4333 opere
1615 4259 1840 4318 Jomms
1891 4261 2027 4318 BAP-
2055 4266 2102 4331 ο
2134 4258 2476 4315 Antiocheno
2511 4259 2612 4329 (5).
2645 4258 2882 4316 Maximo
2916 4260 2994 4333 (4)
3027 4271 3081 4318 et
3103 4261 3348 4321 Cedreno
3375 4265 3452 4337 (5)
3491 4268 3702 4340 colligi-

449 4370 626 4412 τίει-τε
642 4354 938 4410 Cornu-mu
953 4353 1223 4424 judicium
1241 4351 1782 4424 (.Patres,apostolici,
1799 4353 1841 4418 l,
1859 4352 2019 4423 606):

525 4469 545 4502 ι
580 4450 724 4504 Inter
756 4449 926 4504 multa
966 4447 1273 4518 apocrypha
1315 4461 1437 4517 qua:
1477 4445 1742 4500 Clementi
1771 4445 2021 4501 Romano

447 4553 656 4600 veteres
685 4543 1011 4607 tribuerunt,
1062 4555 1408 4611 quorumque
1444 4555 1610 4595 causa
1641 4555 1766 4594 eum
1810 4538 2022 4593 videtur

445 4637 687 4708 primum
729 4636 1117 4691 historicorum
1157 4633 1655 4690 ecclesiasticorum
1687 4631 2022 4687 constituere

448 4728 788 4784 Sozomenus
817 4728 916 4800 (l),
946 4744 1050 4782 non
1075 4727 1346 4782 incelebre
1377 4725 1518 4780 istud
1545 4733 1630 4779 est
1663 4742 1676 4778 :
1709 4723 2022 4792 excerpitur

447 4821 594 4875 enim
621 4818 883 4874 aJuanne
898 4818 1237 4876 Damasceno
1264 4837 1278 4885 ;
1311 4819 1636 4872 nominatim
1655 4831 1782 4870 vero
1807 4831 2020 4870 memo-

447 4921 602 4967 ratur
623 4913 677 4965 in
710 4910 938 4981 Synopsi
962 4909 1359 4977 Athanasiana,
1395 4909 1658 4965 Chronico
1695 4907 2021 4962 Alexandri-

447 4989 539 5069 πο,
558 5001 808 5056 Historia
838 5003 1194 5058 ecclesiastica
1217 5001 1530 5072 Nicephori,
1562 5000 1840 5056 Anastasii
1896 5014 2020 5070 pre-

448 5095 654 5165 sbyteri
677 5095 760 5150 vel
789 5097 1012 5150 alterius
1037 5095 1464 5162 Collectaneis,et
1489 5093 1713 5150 Niconis
1744 5094 2018 5148 Pandectc

451 5187 681 5244 inferius
734 5188 944 5244 citanda
983 5189 1050 5244 ad
1086 5187 1285 5244 HomiL
1322 5206 1420 5256 xu,
1459 5203 1582 5258 cap.
1627 5187 1719 5255 25,
1768 5197 1933 5257 atque
1964 5185 2020 5240 in

447 5279 730 5352 Epitomen
794 5297 888 5352 per
936 5281 1355 5353 Metaphrastem
1404 5282 1687 5338 redactum
1731 5289 1833 5336 est.
1867 5279 2020 5335 Con-

447 5383 695 5446 spectum
734 5383 918 5430 autem
949 5374 1118 5432 fuisse
1155 5376 1226 5431 ab
1267 5375 1573 5447 Epiphanio
1599 5377 1701 5449 (ἓ),
1726 5374 2018 5433 Anastasio

521 5512 602 5650 (1)
633 5511 1061 5580 Sozom.,.llist.
1089 5513 1184 5568 lib.
1223 5529 1262 5578 ι,
1291 5530 1411 5584 cap.
1446 5515 1502 5570 .l.

525 5583 581 5648 (2
625 5581 820 5650 Ερίριι.
850 5623 865 5648 ,
908 5581 1058 5638 Ηωτ.
1089 5600 1239 5650 xxvn,
1277 5601 1331 5640 n.
1367 5585 1455 5639 l6.

525 5581 602 5654 (ἓ)
625 5581 820 5654 Epiph.
850 5623 865 5648 ,
908 5581 1058 5638 Hazr.
1089 5600 1239 5650 xxvn,
1277 5601 1331 5640 n.
1361 5581 1455 5639 16.

518 5644 601 5728 ,(³9)
628 5644 905 5728 Elimia
939 5654 1142 5728 Ωυφεε·
1194 5644 1286 5728 xix.
1319 5671 1440 5728 pas-
1464 5654 1594 5713 242.

547 5722 604 5794 4)
631 5721 798 5795 Max”
831 5724 1007 5782 Serm.
1041 5725 1112 5782 55
1131 5733 1188 5783 et
1207 5725 1308 5783 ~55.

2127 4360 2254 4418 tur,
2310 4351 2358 4406 si
2402 4365 2526 4404 cum
2559 4349 2899 4409 Clementinis
2959 4356 3162 4410 nostris
3193 4356 3271 4427 (6)
3312 4359 3474 4414 citata
3507 4376 3696 4418 eorum

2127 4444 2247 4500 loca
2279 4441 2656 4498 conferuntur.
2694 4444 2836 4511 Quin
2868 4445 3034 4502 etiam
3073 4447 3403 4506 Clementina
3435 4452 3574 4509 forte
3599 4470 3699 4510 no-

2126 4536 2785 4608 minaveratNicepborus
2821 4537 2928 4593 CP.
2971 4540 3024 4593 in
3067 4539 3441 4596 Stichometria
3470 4560 3568 4600 seu
3595 4545 3701 4600 Ca—

2127 4645 2271 4686 none
2324 4630 2731 4700 Scripturarum
2775 4649 2788 4685 :
2833 4641 2887 4686 et
2936 4633 3028 4687 ubi
3075 4649 3222 4689 nunc
3276 4636 3502 4706 legitur,
3554 4639 3699 4709 apud

2129 4724 2466 4796 Scaligerum
2502 4733 2556 4780 et
2579 4723 2825 4790 Croium,
2857 4724 3208 4798 Κλήμεντος
3235 4730 3352 4796 .16",
3399 4730 3453 4784 in
3481 4730 3698 4787 Criticis

2123 4827 2306 4871 autem
2352 4816 2520 4869 sacris
2561 4824 2692 4870 tom.
2747 4814 2858 4870 Vlll
2893 4833 2906 4869 :
2937 4816 3232 4886 Κλήμεντ.
3288 4821 3399 4885 λε’,
3447 4822 3551 4877 hoc
3591 4832 3698 4889 est,

2123 4908 2416 4964 Anastasio
2491 4907 2916 4963 Bibliotherario
2993 4911 3325 4980 interprete,
3415 4911 3698 4970 Clementis

2128 5003 2353 5074 (xxxn),
2390 5003 2463 5057 ibi
2494 5004 2748 5073 primitus
2791 5003 3056 5072 scriptum
3083 5013 3201 5058 erat
3224 5005 3563 5074 Κλημέντια
3583 5010 3694 5076 .16",

2126 5105 2222 5150 aut
2251 5097 2588 5166 Κλημέντια
2613 5098 2717 5150 κδ’.
2754 5094 2969 5150 Etenim
3025 5095 3280 5167 Synopsis
3325 5098 3491 5165 dicta,
3528 5114 3698 5168 quam

2125 5187 2465 5259 Nicephorus
2510 5189 2778 5259 sequitur,
2825 5186 3165 5258 Κλημέντια
3198 5189 3379 5245 habet.
3419 5190 3476 5244 Si
3518 5200 3698 5247 autem

2125 5283 2366 5337 retineas
2413 5283 2524 5347 λε’,
2573 5281 2656 5335 vel
2693 5280 2840 5336 dices
2885 5281 3090 5336 variam
3133 5281 3261 5335 olim
3316 5280 3489 5338 fuisse
3536 5282 3699 5353 hujus

2127 5375 2330 5446 operis,
2371 5382 2429 5428 ut
2455 5374 2911 5445 Recoguitionum,
2964 5373 3325 5441 divisionem;
3377 5373 3552 5430 fretus
3594 5390 3696 5430 auo

2199 5511 2279 5582 (5)
2317 5511 2570 5582 Cedren.,
2609 5510 2894 5580 Compend.
2927 5510 3077 5582 hist”
3108 5526 3264 5582 pagg.
3300 5511 3557 5568 l70-l7'5.

2202 5511 2282 5710 (5}
2317 5511 2570 5578 Cedren.,
2609 5511 2894 5580 Compend.
2927 5511 3077 5568 hist..
3108 5526 3264 5582 pagg.
3300 5511 3557 5568 l70—l7'5.

2202 5584 2257 5652 (6
2324 5581 2759 5648 ϐίεηιειιι,1ιοῐη.
2797 5597 2870 5645 Iv,
2910 5597 2966 5634 n.
2997 5581 3097 5646 £6;
3128 5583 3277 5636 hom.
3311 5599 3373 5649 ιι,
3401 5584 3502 5651 52;
3542 5583 3690 5639 ho.

2202 5696 2207 5710 .
2309 5670 2324 5710 :
2366 5655 2516 5710 hom.
2547 5669 2626 5710 ιι.
2655 5652 2710 5710 8.
2747 5653 2808 5709 11
2832 5669 2847 5710 :
2880 5652 3030 5709 hom.
3059 5666 3143 5710 ut.
3165 5651 3238 5709 38
3264 5661 3321 5709 et
3343 5668 3462 5710 sea.

2129 5651 2219 5724 tv,
2247 5651 2282 5722 6
2309 5670 2324 5722 ;
2366 5655 2516 5711 hom.
2547 5669 2626 5723 ιι,
2655 5652 2710 5723 8,
2747 5653 2847 5724 ll;
2880 5652 3030 5709 hom.
3059 5666 3143 5722 ut,
3165 5651 3238 5709 38
3264 5661 3321 5709 et
3343 5668 3462 5727 seq.
