3868 6212
163 408 226 464 13
1239 396 1697 464 CLEMENTINA.

1843 409 2201 468 ΡΒΟαέΜῘΛ.
3338 425 3403 480 16

149 526 404 579 ctoritate
430 521 987 578 Francisci’l‘urriani
1026 522 1142 593 (qui
1169 524 1301 580 illud
1342 532 1536 580 nactus
1561 540 1726 578 manu
1756 527 1803 584 Δ
1833 521 2003 578 habes
2055 523 2194 578 infra
2222 565 2238 591 ,
2299 523 2352 579 in
2413 525 2727 597 Appendice
2791 540 3270 586 monumentorum
3335 540 3401 592 ad

148 617 439 686 scriptum,
468 616 522 670 1n
567 616 801 684 epistola
834 616 900 669 ad
927 613 1152 670 liosium
1181 617 1513 672 cardinalem
1548 617 1730 687 prmli-

147 706 347 761 minari
390 705 732 774 Defensivnis
779 722 875 774 pro
928 707 1214 759 canonibus
1266 707 1628 775 apostolorum
1680 717 1728 760 et

144 798 384 866 epistolis
426 798 742 865 pontiﬁcum
762 838 777 862 ,
819 797 950 850 citat
978 813 1042 851 ex
1072 798 1212 852 libro
1241 814 1338 851 VIII
1359 799 1537 852 locum
1566 813 1728 867 quem

147 890 233 942 hie
255 891 404 958 leges
431 889 622 942 homil.
656 903 800 952 xvu,
834 888 900 943 15
919 930 934 953 ,
965 898 1018 942 et
1045 889 1381 957 Defemiont’s
1407 890 1501 944 lib.
1528 906 1582 955 v,
1607 905 1726 958 cap.

148 985 273 1047 ult.,
301 999 333 1036 e
360 981 494 1035 libb.
529 998 583 1034 vr
621 990 676 1036 et
717 996 813 1034 vm
858 982 974 1035 loca
1019 980 1209 1034 homil.
1243 996 1330 1044 ιι,
1365 981 1457 1046 22,
1493 990 1547 1035 et
1577 981 1725 1036 hom.

142 1078 381 1143 “1,12;
418 1078 471 1131 in
503 1076 991 1146 Explanationibus
1014 1076 1238 1130 vero-ad
1270 1075 1495 1130 Comm.
1531 1085 1725 1142 apost.,

141 1173 233 1226 lib.
265 1188 326 1236 ιι,
361 1187 485 1241 cap.
525 1172 592 1224 56
620 1213 634 1235 ,
667 1169 904 1223 laudate
929 1169 1022 1222 lib.
1055 1185 1127 1222 vn
1164 1169 1346 1222 locum
1380 1170 1529 1224 hom.
1569 1184 1726 1234 xvm,

141 1266 218 1332 4),
278 1264 367 1316 vel
412 1264 600 1326 dices,
653 1278 779 1316 cum
835 1262 1004 1315 hocce
1055 1261 1334 1314 volumine
1374 1261 1724 1330 conjunctum

144 1357 312 1411 fuisse
353 1357 525 1410 alium
572 1355 816 1424 ejusdem
846 1354 1035 1409 farinae
1075 1355 1297 1418 librum,
1355 1354 1503 1408 verbi
1554 1355 1726 1423 gratia

144 1449 292 1503 illum
324 1449 421 1518 qui
444 1447 594 1502 Petri
626 1456 680 1502 et
711 1445 938 1517 Apionis
963 1446 1363 1516 disputationes
1391 1447 1725 1515 complecte—

140 1543 321 1596 batur.

212 1652 232 1685 ι
271 1633 436 1700 Quod
470 1634 516 1688 si
553 1633 714 1687 malis
745 1632 1018 1702 corrigere
1046 1633 1156 1697 κδ’,
1199 1629 1501 1700 intelligere
1523 1630 1724 1698 poteris

135 1727 330 1796 viginti
367 1727 645 1792 homilias,
681 1725 969 1794 epistolam
1019 1723 1162 1778 Petri
1197 1723 1265 1776 ad
1290 1721 1559 1776 Iacobum
1598 1738 1720 1778 cum

132 1819 560 1882 contestatione,
611 1833 675 1872 ac
724 1817 1010 1886 epistolam
1038 1815 1338 1869 Clementis
1371 1813 1439 1868 ad
1469 1813 1720 1868 eumdem

130 1908 425 1963 Iacobum.
465 1908 678 1964 Poteris
706 1911 869 1964 etiam
909 1909 1195 1977 epistolam
1232 1907 1376 1962 Petri
1417 1909 1722 1978 separando

131 2016 159 2052 a
185 2002 591 2056 contestatione
619 2043 634 2066 ,
675 2002 899 2056 credere
923 2001 1186 2055 omissam
1217 1999 1388 2054 fuisse
1432 2000 1718 2069 epistolam

129 2093 454 2148 Clementis.
506 2094 668 2148 Certe
711 2110 778 2148 ex
828 2093 1133 2163 Epiphanio
1182 2091 1306 2162 (7),
1363 2090 1562 2145 Ruﬁno
1617 2092 1718 2160 (8),

128 2184 331 2238 Photio
361 2185 439 2253 (9)
481 2195 535 2239 et
573 2186 790 2257 Sylloge
827 2186 930 2239 hac
962 2193 1152 2239 nostra
1183 2191 1422 2248 constat,
1453 2181 1719 2239 Clementi

126 2279 374 2348 ascripta
404 2279 720 2350 apocrypha
749 2278 819 2333 de
847 2276 1382 2348 peregrinationibus
1402 2317 1418 2341 ,
1451 2277 1720 2330 sermoni-

130 2373 258 2437 bus,
303 2374 524 2426 actibus
554 2382 608 2426 et
635 2372 1097 2442 disputationibus
1125 2371 1271 2424 Petri
1299 2388 1313 2436 ;
1355 2371 1531 2438 deque
1561 2384 1718 2424 reco-

128 2465 381 2531 gnitione
425 2463 728 2518 Clementis
751 2463 982 2533 ejusque
1023 2471 1310 2533 parentum
1355 2477 1419 2516 ac
1463 2461 1716 2527 fratrum,

128 2558 279 2610 varie
309 2557 626 2626 conscripta
655 2556 846 2621 fuisse,
873 2556 1195 2624 interpolata
1217 2596 1232 2615 .
1266 2562 1522 2622 corrupta
1556 2564 1718 2622 atque

123 2649 430 2719 permista;
463 2656 520 2702 et
546 2647 875 2718 quibusdam
903 2647 1058 2702 libris
1088 2646 1288 2716 praeﬁgi
1336 2647 1553 2700 solitam
1597 2645 1714 2714 epi-

127 2741 327 2794 stolam
344 2740 494 2794 Petri
513 2742 579 2794 ad
596 2739 881 2806 Iacobum,
901 2739 1022 2793 aliis
1045 2738 1340 2793 Clementis
1351 2739 1418 2791 ad
1437 2737 1689 2792 eumdem

125 2833 251 2887 aliis
285 2843 616 2899 utramque;
648 2847 772 2885 cum
809 2840 990 2885 tamen
1028 2831 1169 2884 idem
1207 2844 1346 2899 opus
1373 2837 1712 2898 sequeretur,

126 2924 428 2993 incipiens,
472 2923 622 2992 Ἐγὼ
648 2923 917 2992 Κλήμης.
951 2922 1072 2988 Quo
1095 2924 1261 2978 etiam
1292 2926 1379 2990 lit,
1410 2933 1469 2977 ut
1491 2923 1714 2992 triginta

125 3017 232 3071 duo
276 3015 673 3086 Nicephoriani
715 3016 838 3070 libri
870 3013 1139 3085 complexi
1180 3013 1364 3070 forsan
1404 3015 1606 3070 fuerint
1647 3013 1713 3067 li-

123 3111 252 3164 bros
279 3110 476 3164 decem
506 3108 960 3179 Recognitionum.

1834 613 2229 684 Recognitiones
2251 616 2570 686 Clementis,
2615 637 2769 676 num.
2802 623 2828 676 1
2855 641 2870 690 ;
2904 623 2956 677 5.
2983 624 3218 695 denique
3247 625 3399 684 Nice-

1831 706 2038 776 phorus
2088 709 2222 764 dicit
2261 711 2397 779 (10),
2443 712 2785 780 Κλημέντια
2833 730 2954 770 esse
2990 715 3405 787 τῇδέκκλησιᾳ

1830 799 2241 866 eammeam
2274 820 2286 834 ο
2316 803 2368 857 id
2401 819 2530 859 vero
2553 804 2730 861 laudis
2758 822 3103 879 nequaquam
3128 812 3405 868 tribuisset

1831 892 2239 960 Κλημεντίοις,
2273 895 2699 978 ιιίεῌιιείἀίεδρι
2729 898 2782 952 in
2813 915 2877 953 ea
2909 911 3222 972 repurgata.
3256 903 3401 959 Idem

1825 981 2094 1049 judicium
2124 983 2240 1038 fero
2269 985 2336 1040 de
2362 987 2656 1043 scholiaste
2688 1000 2892 1056 vetere,
2917 992 3076 1061 cujus
3103 995 3310 1049 mentio
3344 998 3405 1051 lit

1831 1072 1883 1125 in
1910 1074 2356 1133 adnotationibus
2382 1077 2447 1133 γ.
2479 1079 2543 1134 C.
2591 1079 2808 1136 llcnrici
2859 1081 3055 1138 Valesii
3086 1086 3153 1140 ad
3195 1086 3399 1144 Euseb.

1830 1163 1976 1219 Hist.
2020 1166 2114 1222 lib.
2156 1184 2241 1234 ιιι,
2273 1185 2395 1240 cap.
2429 1171 2518 1226 58.
2549 1171 2654 1226 Sed
2692 1171 2946 1230 fortassis
2982 1175 3316 1248 Nicephorus
3348 1190 3404 1235 et

1828 1258 2148 1314 scholiastes
2191 1262 2280 1315 ille
2337 1263 2587 1318 viderant
2649 1273 2859 1321 tantum
2908 1267 3184 1325 Simeonis
3235 1271 3401 1327 Meta-

1827 1349 2062 1418 pbrastaa
2093 1351 2388 1418 Epilomen,
2434 1365 2530 1410 aut
2567 1357 2728 1412 aliam
2759 1360 2810 1413 ei
2840 1361 3098 1416 similem.
3129 1363 3398 1422 Ceterum

1826 1443 1970 1511 quod
2015 1444 2071 1498 in
2111 1443 2339 1515 Synopu'
2380 1448 2679 1515 Athanasii,
2720 1451 3048 1507 Clementina
3092 1457 3403 1513 referantur

1825 1551 1950 1589 cum
1989 1537 2142 1592 libris
2187 1538 2321 1593 Novi
2372 1539 2706 1596 Testamenti
2751 1545 2950 1612 quibus
2985 1550 3398 1617 contradicitur,

1826 1628 1968 1696 apud
2001 1627 2369 1700 Nicephorum
2403 1647 2532 1686 vero
2561 1632 2666 1687 (ΣΡ.
2701 1649 2825 1692 cum
2857 1640 3181 1709 apocryphis
3206 1683 3222 1706 ,
3257 1644 3400 1696 ratio

1823 1728 1908 1773 est
1942 1720 2137 1776 lacuna
2183 1723 2470 1779 manifesta
2514 1725 2876 1784 Athanasiani
2915 1731 3143 1786 codicis.
3179 1733 3310 1788 Eam
3339 1745 3395 1788 tu

1824 1819 1878 1866 et
1901 1827 1969 1866 ex
1997 1823 2254 1868 contextu
2288 1814 2448 1870 facile
2487 1831 2774 1886 agnosces,
2807 1832 2860 1875 et
2894 1837 2989 1891 per
3025 1823 3395 1894 Nicephorum

1825 1919 1888 1958 ac
1910 1904 2262 1961 Anastasium
2293 1909 2617 1977 complebis.

1897 2016 1915 2048 ι
1976 1999 2227 2067 Ὀμιλίαι
2261 2001 2403 2056 idem
2435 2011 2563 2059 sunt
2597 2015 2761 2073 atque
2795 2007 3142 2075 κηρύγματα
3185 2018 3240 2064 et
3268 2011 3396 2065 δια·-

1819 2089 2017 2155 λέξεις
2036 2131 2050 2154 ,
2081 2092 2346 2162 colloquia
2369 2137 2382 2159 ,
2417 2113 2700 2162 sermones,
2733 2100 3161 2166 praedicationes,
3197 2101 3397 2156 diuer-

1821 2183 2068 2248 tationes,
2089 2184 2259 2253 Epist.
2287 2187 2352 2240 ad
2375 2185 2664 2252 Iacobum,
2691 2205 2811 2258 cap.
2840 2190 2908 2256 2;
2941 2189 3202 2260 Epitom.,
3240 2210 3393 2250 num.

1822 2272 1952 2339 145;
2003 2273 2449 2330 Clementinorum
2494 2296 2532 2346 ι,
2571 2281 2661 2335 20.
2695 2301 2713 2333 ι
2753 2281 3027 2339 Hactenus
3069 2285 3392 2343 Cotelerius.

1889 2364 1980 2425 lll.
2012 2365 2211 2421 Verum
2256 2386 2366 2438 quo
2405 2372 2618 2440 plenius
2655 2374 3011 2443 dignoscatur
3039 2377 3394 2434 Clementiae-

1818 2473 1936 2508 rum
1965 2467 2175 2523 auctor,
2203 2461 2477 2532 srmulque
2507 2463 2562 2516 in
2587 2465 2780 2534 primis
2807 2467 3059 2537 abimpia
3089 2468 3394 2528 Ebionisml

1817 2548 1940 2603 labe
1988 2560 2275 2621 purgetur,
2307 2570 2418 2623 qua
2456 2554 2634 2624 ipsum
2681 2557 2856 2613 fuisse
2887 2559 3232 2628 inquinatum
3265 2579 3391 2633 per-

1817 2643 2004 2697 hibent
2050 2645 2296 2699 nonnulli
2347 2663 2471 2701 cum
2525 2657 2764 2703 veterum
2833 2659 2945 2705 tum
3002 2654 3390 2722 recentiorum,

1815 2749 1997 2804 operae
2044 2739 2282 2806 pretium
2335 2739 2500 2794 fuerit
2545 2741 2960 2810 disquisitiones
3011 2745 3114 2799 hac
3151 2747 3219 2802 de
3258 2763 3316 2802 re
3359 2766 3389 2803 a

1820 2829 1932 2882 viro
1979 2829 2141 2883 docto
2187 2833 2518 2902 perscriptas
2577 2833 2668 2888 hic
2717 2835 2772 2888 in
2815 2837 3055 2890 medium
3095 2839 3387 2908 adducere,

1813 2934 1951 2988 quas
1974 2920 2280 2991 inspexisse
2306 2923 2612 2979 studiosum
2632 2925 2890 2981 lectorem
2915 2928 3057 2982 haud
3080 2932 3383 2999 paenitebit.

1814 3011 1907 3066 Sic
1933 3013 2096 3083 igitur
2123 3015 2565 3083 praestantissimi
2597 3020 2780 3087 operis
2807 3032 2999 3074 auctor
3036 3022 3150 3092 (11)
3181 3041 3194 3076 :
3223 3043 3244 3074 ι
3279 3023 3389 3076 llo-

1812 3105 2088 3160 miliarum
2142 3116 2196 3160 et
2251 3107 2682 3178 Recognitionum
2720 3110 3186 3167 Clementinarum
3238 3126 3386 3170 tanta

193 3201 258 3258 ll.
291 3220 313 3253 ι
362 3201 428 3255 Et
449 3217 581 3256 vero
612 3217 734 3270 quae
764 3201 960 3256 damus
990 3201 1352 3265 Clementina,
1377 3201 1504 3254 licet
1526 3199 1706 3268 nugis,
1737 3211 1783 3274 ο
1812 3207 1896 3252 est
1956 3196 2274 3265 similitudo,
2324 3209 2385 3254 ut
2432 3203 2714 3258 nonnullis
2766 3220 2935 3258 unum
2985 3214 3040 3259 et
3089 3206 3229 3260 idem
3266 3223 3386 3263 esse

124 3294 251 3349 licet
292 3295 588 3348 erroribus
618 3303 885 3359 scateant,
930 3309 962 3347 a
988 3295 1429 3350 scmichristiana
1467 3295 1710 3363 philoso-

121 3385 272 3454 pltia,
333 3395 389 3439 et
438 3386 658 3451 lueresi,
709 3386 981 3455 praecipue
1018 3385 1323 3441 Ebionitica
1354 3428 1368 3450 ,
1411 3385 1707 3455 profectis;

123 3495 229 3532 non
259 3480 385 3533 sine
427 3479 608 3533 fructu
639 3487 818 3532 tamen
869 3478 1140 3549 legentur,
1175 3487 1290 3532 tum
1342 3485 1562 3548 propter
1601 3479 1708 3532 cle-

122 3573 370 3639 gantiam
399 3572 706 3635 sermonis,
736 3579 852 3624 tum
881 3569 1199 3639 multiplicis
1229 3570 1494 3624 doctrina:
1519 3585 1708 3636 causa,

121 3674 239 3718 tum
300 3663 542 3733 denique
603 3663 670 3716 ad
720 3663 917 3716 melius
971 3661 1348 3732 cognoscenda
1407 3661 1708 3730 primarum

125 3756 411 3809 b:ereseon
463 3755 740 3824 dogmata.
786 3753 843 3807 ln
888 3755 1074 3808 multis
1117 3764 1299 3807 autem
1348 3753 1548 3807 similia
1583 3761 1712 3807 sunt

123 3846 460 3900 Clementina
516 3845 1004 3915 Recognitionibus
1061 3865 1075 3900 :
1140 3847 1284 3899 unde
1353 3844 1708 3914 probabiliter

121 3941 505 3994 existimatum
559 3938 852 4001 Turriano,
902 3954 968 3992 ea
1027 3954 1149 3992 esse
1195 3938 1359 3992 aliam
1415 3937 1707 3992 editionem

130 4032 601 4101 Ἀναγνωρίσεων,
627 4030 696 4083 de
751 4045 858 4099 qua
911 4029 1143 4084 Ruﬁnus
1196 4029 1250 4083 in
1313 4027 1632 4098 praafatione
1691 4049 1708 4099 ;

123 4134 444 4190 quanquam
489 4127 681 4174 auctor
716 4120 1027 4190 Synopseos
1080 4120 1334 4174 Periodos
1358 4119 1502 4174 Petri
1535 4136 1564 4174 a
1588 4119 1708 4174 Cle—

124 4213 380 4265 mentinis
407 4211 717 4281 distinguit.
760 4211 864 4264 Sed
907 4221 960 4265 et
999 4213 1474 4281 interpolationem
1506 4212 1705 4267 factam

122 4319 243 4360 esse
271 4307 329 4358 in
360 4304 604 4359 bomiliis
637 4304 779 4370 istis,
807 4303 970 4373 idque
999 4319 1105 4358 non
1139 4305 1340 4371 semel,
1373 4307 1610 4375 conjicio
1638 4323 1705 4362 ex

127 4397 243 4450 his:
279 4396 336 4449 1.
369 4410 400 4449 e
438 4395 606 4449 simili
649 4405 797 4450 sorte
826 4411 1190 4467 congenerum
1224 4400 1658 4469 apocryphorum
1686 4419 1701 4468 ;

122 4488 332 4558 2.quod
355 4503 420 4542 ea
451 4504 574 4557 quae
601 4489 655 4542 in
687 4488 948 4543 Chronico
968 4490 1329 4543 Alexandrino
1344 4500 1439 4544 eta
1467 4491 1704 4548 Maximo

121 4581 505 4649 proferuntur,
539 4595 648 4632 non
690 4596 881 4649 parum
911 4581 1124 4635 diversa
1155 4583 1286 4646 sint,
1319 4595 1420 4638 nec
1450 4600 1556 4638 non
1581 4601 1703 4655 quae

121 4687 150 4724 a
188 4671 536 4726 Damasccno
565 4671 871 4735 interdum;
911 4672 964 4724 5.
999 4687 1062 4726 ex
1097 4672 1198 4726 hac
1237 4673 1701 4729 Eunomianorum

119 4764 432 4832 corruptela
467 4782 481 4816 ε
525 4763 630 4816 Ἐν
655 4762 814 4830 ἀρχῇ
845 4763 1058 4828 κτίσας
1088 4767 1120 4818 d
1140 4765 1282 4830 Θεὸς
1310 4765 1417 4818 τὸν
1446 4769 1704 4834 adparer-

121 4854 219 4905 ml.
250 4853 373 4921 τὴν
400 4853 539 4924 γῆν,
569 4855 772 4907 ἔκτισε
794 4853 892 4906 καὶ
923 4853 1030 4907 τὸν
1060 4857 1193 4908 υἱόν
1213 4875 1224 4886 ·
1251 4873 1373 4925 quae
1401 4857 1703 4913 Turrianus

123 4948 175 5000 in
206 4947 534 5017 praefatione
565 4946 754 5003 Graeca
799 4948 866 5002 ad
925 4948 1335 5006 Constitutiones
1389 4954 1701 5020 apostolica:

125 5042 346 5095 adducit
376 5057 445 5095 ex
472 5041 797 5108 Ammonio;
832 5040 885 5094 4.
924 5039 1052 5109 quia
1081 5041 1236 5094 locus
1274 5055 1304 5093 e
1349 5057 1455 5097 ms.
1502 5042 1702 5096 biblio-

127 5133 289 5188 thecae
319 5133 766 5186 Claromontanaa
793 5133 996 5186 relatus
1027 5131 1172 5186 inter
1210 5133 1524 5188 testimonia
1557 5145 1703 5190 vete-

124 5225 443 5284 rum.alium
468 5241 497 5279 a
521 5234 711 5278 nostro
731 5225 1051 5293 scriptorem
1067 5224 1348 5293 magisque
1360 5225 1505 5293 pium
1524 5229 1664 5295 sapit
1685 5245 1698 5291 ;

121 5333 245 5372 eum
317 5317 460 5372 forte
513 5318 673 5387 cujus
723 5316 1088 5387 fragmentum
1150 5315 1226 5369 De
1274 5315 1475 5385 Spiritu
1520 5330 1699 5373 sancto

299 5472 522 5553 ξρίριιη
553 5469 701 5553 ΗΜ..
734 5489 868 5553 xxx,
901 5470 1074 5553 31.1.15.

192 5539 272 5612 (8)
317 5539 525 5609 Ruﬁn.,
557 5544 764 5612 prafat.
797 5544 864 5596 ad
903 5542 1037 5595 libb.
1083 5539 1348 5609 Recognit.
1385 5549 1438 5594 et
1480 5543 1574 5597 ltb.
1625 5544 1698 5599 De

123 5615 354 5684 adulter.
387 5613 516 5668 libb.
561 5613 774 5684 Origen.

198 5682 342 5774 1⁸32ιέ⁵
339 5685 501 5774 2?}:
511 5682 692 5774 Εοάίὲέ,
704 5697 1014 5774 ῗὶ¹¹¹,’,ίῗῖί¹¹2;

194 5749 310 5821 (10)
338 5751 592 5824 ῌίοεριιη
618 5752 766 5824 ﬂtst.
802 5752 930 5824 ecd.
953 5753 1081 5824 _l_ib._
1101 5766 1181 5824 In,
1214 5764 1332 5824 cap.
1367 5749 1453 5803 18.

191 5819 310 5894 (ll)
343 5819 824 5894 larin.,Diriuit.
847 5823 914 5880 υ.
944 5820 1018 5876 Ν.
1050 5820 1106 5876 I.
1134 5821 1194 5876 (ἐ.
1223 5862 1237 5886 ,
1275 5819 1371 5875 lib.
1400 5837 1456 5877 ιι.
1483 5835 1602 5891 cap.
1641 5819 1692 5884 7,

1813 3304 1972 3360 opus,
2013 3291 2106 3346 sed
2147 3307 2256 3349 non
2289 3294 2457 3348 semel
2492 3294 2700 3350 editum
2735 3296 3000 3352 videatur.
3049 3296 3210 3355 Hunc
3240 3302 3385 3356 scri—

1811 3391 2019 3452 ptorem
2048 3385 2435 3441 circumcisum
2462 3385 2652 3449 fuisse.
2685 3398 2737 3443 et
2756 3387 3005 3445 Mosaicae
3027 3391 3162 3461 legis
3187 3393 3239 3446 in
3270 3394 3385 3462 ipsa

1810 3474 2074 3546 religione
2107 3476 2418 3533 Christiana
2461 3480 2864 3546 observantem,
2906 3483 3110 3536 nemini
3155 3483 3382 3539 dubium

1809 3581 1930 3622 esse
1969 3568 2225 3623 arbitror.
2282 3568 2416 3624 Nam
2447 3587 2571 3626 cum
2602 3572 2656 3625 in
2686 3571 3142 3642 Recognitionibus
3179 3583 3292 3628 tum
3329 3577 3383 3629 in

1805 3659 2056 3716 Homiliis
2082 3660 2276 3717 Petrus
2311 3663 2563 3731 plurimis
2603 3664 2655 3716 in
2697 3665 2832 3718 locis
2862 3665 3137 3719 inducitur
3179 3667 3383 3721 lustra-

1812 3751 1985 3808 tiones
2019 3751 2274 3810 Iudaicas
2305 3765 2400 3811 aut
2434 3756 2548 3824 ipse
2580 3772 2883 3825 usurpans,
2928 3766 3023 3811 aut
3046 3757 3168 3812 aliis
3193 3760 3384 3827 praeci-

1808 3845 1984 3914 piens,
2021 3861 2122 3900 nec
2159 3861 2284 3900 cum
2320 3847 2557 3902 ethnicis
2598 3847 2870 3916 baptismo
2893 3849 3130 3903 nondum
3153 3850 3382 3904 initiatis
3465 3871 3470 3876 ·

1807 3937 2119 3993 comedens.
2147 3936 2276 3992 Post
2304 3939 2589 4007 epistolam
2629 3937 2775 3992 Petri
2813 3939 2878 3993 ad
2909 3937 3192 4006 Iacobum,
3218 3941 3378 3995 indu-

1806 4028 1948 4084 citur
1972 4027 2209 4086 Iacobus
2236 4030 2473 4099 graviter
2498 4029 2772 4094 sanciens,
2805 4038 2866 4083 ut
2892 4030 3012 4083 libri
3039 4032 3386 4088 Praedicatio-

1807 4136 1933 4175 num
1976 4120 2136 4187 Petri,
2169 4122 2272 4177 nisi
2318 4121 2460 4176 ﬁdeli
2492 4122 2840 4189 circumciso,
2889 4121 3098 4176 nemini
3135 4123 3383 4177 commit-

1804 4220 2011 4266 tantur.
2059 4211 2196 4266 Vide
2237 4211 2502 4282 Recognit.
2543 4213 2636 4267 lib.
2673 4228 2746 4278 tv,
2781 4227 2902 4281 cap.
2933 4213 3002 4276 5;
3043 4212 3140 4266 lib.
3165 4228 3220 4278 v,
3255 4228 3377 4283 cap.

1804 4303 1893 4369 56,
1938 4315 1992 4358 et
2023 4305 2118 4358 lib.
2162 4319 2284 4367 vm,
2333 4319 2456 4374 cap.
2499 4305 2552 4370 1,
2599 4314 2654 4359 et
2685 4305 2874 4358 homil.
2932 4320 2972 4368 ι,
3015 4319 3137 4372 cap.
3182 4306 3284 4370 l9;
3321 4323 3374 4370 ι,

1803 4411 1959 4464 capp.
2026 4395 2052 4448 1
2099 4404 2153 4449 et
2190 4395 2295 4461 26;
2339 4410 2418 4462 χι,
2458 4411 2616 4465 capp.
2646 4395 2754 4461 28,
2805 4397 2895 4462 29,
2953 4395 3043 4462 50,
3091 4397 3194 4462 5i;
3252 4413 3375 4464 xm,

1805 4502 1960 4558 capp.
1991 4489 2024 4542 4
2044 4497 2098 4542 et
2130 4489 2181 4542 9.

1885 4599 1904 4632 ι
1937 4579 2138 4638 Citavit
2176 4579 2277 4634 hos
2307 4578 2475 4633 libros
2499 4576 2760 4648 Origenes
2793 4579 2948 4649 (l2):
2979 4580 3124 4649 quod
3157 4581 3374 4651 quidem

1803 4688 1993 4729 eorum
2035 4671 2414 4741 antiquitatem
2451 4672 2807 4726 demonstrat.
2849 4670 3044 4741 Scripti
3068 4673 3268 4731 sarculo
3292 4689 3372 4728 se-

1805 4765 1986 4819 cundo
2022 4775 2276 4829 exeunte,
2317 4778 2380 4817 ac
2417 4771 2541 4832 post
2576 4779 2781 4820 annum
2821 4765 2946 4832 170,
2974 4767 3020 4820 si
3051 4783 3242 4825 eorum
3281 4784 3377 4836 pa-

1804 4872 1932 4915 rens
1979 4871 2044 4909 ex
2098 4854 2404 4909 Bardesane
2443 4863 2724 4910 mutuatus
2773 4866 2876 4922 est,
2926 4873 3047 4927 qu.e
3086 4859 3156 4913 ab
3204 4858 3374 4917 Euse-

1803 4949 1894 5003 bio
1929 4946 2042 5017 (l5)
2077 4960 2143 5001 ex
2192 4946 2330 5000 libro
2377 4944 2704 5002 Bardesanis
2753 4948 3068 5018 deprompta
3095 4990 3108 5012 ,
3151 4951 3373 5005 totidem

1803 5040 1982 5094 verbis
2008 5037 2376 5108 legunturlib.
2415 5053 2468 5091 Ix
2500 5037 2794 5108 Recognit.,
2821 5055 2941 5109 cap.
2971 5041 3057 5096 19.

1881 5149 1905 5182 ι
1945 5129 2302 5199 Epiphanius,
2348 5129 2442 5197 qui
2495 5131 2595 5184 bos
2638 5130 2807 5185 libros
2855 5131 3117 5189 Clementi
3145 5133 3375 5186 omnino

1802 5222 2110 5291 suppositos
2161 5237 2272 5274 non
2319 5221 2583 5287 videbat,
2651 5222 2720 5275 ab
2765 5221 3037 5278 Ebionitis
3084 5233 3374 5292 corruptos

1801 5314 2132 5369 existimavit
2153 5312 2297 5384 (lt);
2332 5327 2634 5382 eorumque
2661 5313 2881 5383 perﬁdis
2904 5315 3156 5371 manibus
3183 5315 3374 5368 tribuit

1806 5471 1832 5541 §
1867 5472 1920 5536 4,
1947 5487 2104 5541 pagg.
2136 5469 2397 5530 250-254.

1806 5487 1832 5527 δ
1867 5487 1920 5536 4,
1984 5487 2013 5524 a
2052 5487 2104 5541 g.
2137 5487 2397 5530 zau-zas.

1806 5525 1832 5543 ν
2010 5487 2256 5624 gri‘gen”
2290 5551 2424 5624 tom;
2451 5541 2548 5609 lll,
2584 5543 2636 5594 in
2662 5541 2794 5596 Gen.
2829 5540 3090 5598 Philocal.
3123 5555 3241 5613 Cap.
3273 5544 3369 5610 ‘22,

1798 5623 1851 5668 et
1884 5611 1974 5666 rin'
2001 5611 2188 5664 Matth.
2222 5626 2364 5669 xxvr.
2394 5613 2445 5664 6.

1871 5683 1983 5754 (l5)
2014 5681 2237 5754 Euseb”
2277 5682 2456 5754 lira’p.
2490 5699 2696 5754 evaug..
2722 5683 2815 5737 lib.
2842 5700 2916 5749 v1,
2948 5699 3069 5753 cap.
3097 5683 3168 5740 20

1871 5751 1984 5824 (M)
2015 5751 2232 5824 Epiph.,
2285 5752 2433 5811 Ilazr.
2466 5770 2592 5818 xxx,
2627 5752 2654 5827 θ
2693 5754 2772 5806 15.
