3868 6212
486 397 555 451 13
916 457 932 471 I
1331 395 1388 451 S.
1423 394 1809 451 CLEMENTIS
1850 396 1872 451 i
1910 393 2083 451 ROM.
2122 389 2320 448 PONT.
2361 386 2589 444 OPERA
2617 382 2844 442 DUBIA.
3648 372 3723 428 i6

480 526 819 583 quaecunque
859 526 1052 581 parum
1097 526 1398 581 congruere
1438 527 1564 567 cum
1616 512 1918 569 Clementis
1952 513 2046 568 do-
2073 515 2120 573 Α
2148 508 2232 563 nis
2277 504 2414 576 Magi
2458 500 2829 566 ratiocinatio,
2872 512 2903 553 e
2949 493 3385 551 Christianorum
3427 488 3718 558 principiis

482 605 656 659 ctrina
690 602 1353 660 videbantur.COtelerius
1391 605 1645 660 homilias
1675 604 2046 661 Clementinas

480 696 702 751 haaresis
741 695 1058 750 Ebionitica:
1085 700 1229 750 notis
1259 697 1499 765 signatas
1539 696 1836 751 existimat.
1883 696 2049 751 Tille-

479 788 717 843 montius
748 789 950 841 nullam
997 789 1063 842 ad
1104 803 1218 842 rem
1252 789 1416 843 utiles
1453 797 1630 858 putat,
1661 788 1766 843 nisi
1808 787 1949 845 forte
1976 789 2046 843 ad

479 880 840 951 cognitionem
871 878 1245 934 Ebionitarum
1277 880 1556 957 doctrinae.
1588 879 1817 936 Videtur
1852 896 2045 936 eorum

478 972 721 1041 opinioni
766 971 969 1039 favere,
1016 972 1162 1042 quod
1215 986 1358 1042 saepe
1415 981 1609 1026 auctor
1659 971 2045 1042 Homiliarum,

478 1064 781 1133 praesertim
830 1079 959 1118 vero
1001 1064 1188 1119 homil.
1223 1079 1285 1129 ιι,
1317 1081 1438 1135 cap.
1466 1065 1557 1132 '58,
1593 1064 1728 1120 falsa
1756 1065 1903 1121 veris
1924 1081 2049 1135 per-

478 1154 639 1209 mista
675 1154 844 1210 fuisse
874 1154 928 1209 in
961 1156 1135 1211 sacris
1166 1154 1466 1225 Scripturis
1495 1157 1812 1226 pronuntiat
1845 1175 1859 1211 :
1899 1158 2045 1228 quod

474 1247 693 1317 quidem
732 1246 801 1303 de
831 1246 1132 1318 Scripturis
1159 1249 1428 1318 judicium
1476 1248 1746 1305 Ebionitis
1786 1251 2044 1305 usitatum

474 1349 530 1394 et
563 1340 810 1395 solemne
840 1340 963 1407 fuit,
1002 1350 1062 1397 ut
1103 1351 1249 1397 recte
1285 1342 1539 1398 observat
1577 1342 1900 1399 Cotelerius.
1939 1343 2046 1400 Sed

475 1447 599 1485 cum
631 1432 746 1501 ipse
784 1430 944 1486 Philo
968 1433 1035 1488 de
1061 1432 1389 1489 formatione
1418 1434 1542 1489 Evae
1570 1450 1635 1490 ex
1666 1434 1862 1490 Adami
1895 1446 2046 1491 costa

475 1525 839 1593 pronuntiare
872 1539 979 1577 non
1006 1524 1217 1580 dubitet
1242 1525 1377 1597 (15),
1408 1526 1561 1590 Quod
1593 1542 1655 1580 ea
1682 1525 1745 1580 de
1766 1543 1819 1580 re
1845 1526 2046 1580 dictum

473 1626 576 1681 est,
620 1616 922 1685 fabulosum
952 1633 1098 1681 esse;
1127 1618 1295 1688 liquet
1317 1619 1457 1674 hanc
1489 1619 1847 1674 temeritatem
1880 1617 2044 1674 Ebio-

474 1710 711 1763 nitarum
749 1710 1021 1779 propriam
1068 1726 1173 1763 non
1208 1710 1399 1777 fuisse,
1430 1711 1523 1766 sed
1560 1711 1764 1766 dudum
1791 1727 1822 1765 a
1845 1710 2046 1767 Judteis

475 1799 858 1870 excogitatam,
908 1815 1018 1869 quo
1058 1799 1270 1856 facilius
1300 1800 1597 1871 Scriptura:
1646 1801 1763 1856 loca
1812 1816 2043 1871 quorum

478 1892 816 1946 subabsurda
858 1894 1068 1962 species
1123 1894 1426 1958 videbatur,
1474 1894 1807 1964 expedirent.
1856 1893 2046 1961 Quan-

477 2000 641 2055 quam
667 1984 941 2041 fatendum
972 1995 1055 2042 est
1079 1988 1250 2041 multo
1279 1986 1541 2042 audacius
1564 1996 1618 2042 et
1642 1987 1877 2057 ineptius
1898 1988 2046 2058 loqui

475 2085 754 2131 auctorem
796 2075 1177 2145 Homiliarum,
1216 2094 1379 2149 quam
1421 2077 1724 2134 Philonem.
1761 2078 1866 2135 Sed
1902 2079 2046 2149 quod

476 2168 753 2224 evidenter
781 2170 975 2239 probat
1003 2170 1149 2225 hunc
1179 2171 1525 2240 scriptorem,
1554 2172 1658 2227 etsi
1689 2171 2049 2229 circumcisus

476 2268 533 2314 et
578 2260 714 2331 legis
771 2262 1067 2316 retinendas
1111 2262 1393 2318 studiosus
1441 2261 1568 2326 fuit,
1608 2263 1833 2318 minimc
1864 2270 2047 2319 tamen

477 2349 787 2406 Ebionitam
818 2351 1019 2419 fuisse;
1060 2368 1124 2408 ea
1150 2355 1217 2409 de
1241 2353 1381 2410 Filio
1410 2352 1504 2410 Dei
1546 2355 1599 2409 in
1632 2354 1880 2410 Homiliis
1916 2364 1971 2411 et
1992 2357 2047 2411 in

479 2443 935 2514 Recognitionibus
982 2447 1195 2511 statuit,
1246 2462 1370 2519 quae
1407 2448 1478 2503 ab
1516 2446 1898 2504 Ebionitarum
1936 2450 2046 2505 hae-

476 2537 582 2591 resi
610 2552 838 2606 prorsus
858 2537 1207 2595 abhorreant.

552 2646 573 2679 ι
619 2626 788 2683 Nemo
828 2637 912 2684 est
944 2631 1038 2699 qui
1085 2646 1195 2685 non
1226 2630 1521 2701 perspiciat
1560 2630 1851 2686 immanem
1884 2630 2049 2701 hujus

478 2718 764 2788 scriptoris
791 2721 859 2774 ab
899 2719 1170 2776 Ebionitis
1199 2722 1643 2792 discrepantiam,
1682 2723 1728 2778 si
1760 2723 1903 2792 legat
1927 2737 2049 2792 qua:

479 2810 667 2866 homil.
695 2828 732 2877 ι,
764 2828 883 2882 cap.
910 2813 959 2879 7,
1003 2829 1031 2868 a
1072 2815 1581 2885 pseudo-Clemente
1611 2825 1924 2881 narrantur,
1946 2832 2048 2870 au-

478 2901 627 2958 disse
671 2919 731 2958 se
779 2903 965 2960 Romae
986 2907 1089 2961 sub
1127 2904 1365 2974 Tiberio,
1414 2923 1537 2963 cum
1577 2909 1797 2978 quidam
1835 2908 2049 2978 publice

478 2996 742 3051 clamaret
780 3016 794 3051 :
854 2996 963 3052 Viri
993 2996 1241 3065 Romani,
1283 3000 1464 3053 audite
1491 3013 1510 3052 :
1542 2998 1720 3054 Filius
1770 2999 1864 3053 Dei
1900 3000 2049 3055 adest

479 3089 535 3141 in
553 3087 768 3143 ludam.
818 3088 982 3145 Addit
1020 3104 1080 3145 se
1129 3091 1217 3147 his
1240 3091 1440 3146 auditis
1468 3090 1694 3147 moleste
1720 3090 1912 3146 tulisse
1948 3106 2048 3146 ne-

2148 599 2335 670 petita,
2368 604 2688 667 argumento
2709 602 2792 647 est
2820 590 3097 645 Christum
3129 586 3198 640 ab
3218 586 3319 649 eis,
3359 598 3469 637 non
3492 590 3552 635 ut
3579 596 3717 634 suu-

2155 691 2354 761 plicem
2408 686 2680 741 hominem
2717 727 2733 751 ,
2791 682 2884 753 qui
2948 680 3119 734 Filius
3176 675 3272 732 Dei
3332 672 3722 729 nominetenus

2148 782 2385 847 dicatur,
2409 779 2502 835 sed
2534 790 2592 833 ut
2616 778 2793 847 ipsum
2820 773 2911 829 Dei
2941 772 3163 837 Filium,
3195 768 3365 840 quiin
3387 767 3532 822 hunc
3556 779 3691 819 mun

2146 875 2277 929 dum
2294 872 2479 929 ecoelo
2505 870 2736 938 venerit,
2766 867 3049 923 adoratum
3072 862 3267 917 fuisse.
3356 906 3359 909 .

2217 985 2307 1043 iV.
2364 1005 2386 1039 ι
2429 985 2708 1056 Duplicem
2758 980 2959 1037 Christi
3014 988 3267 1032 naturam
3323 973 3720 1029 demonstrant

2145 1097 2268 1150 qua:
2304 1079 2498 1136 Petrus
2548 1078 2677 1132 huic
2731 1073 2970 1130 Simonis
3027 1080 3350 1141 argumento
3407 1063 3703 1134 respondet

2148 1170 2336 1226 homil.
2370 1184 2525 1232 xvm,
2548 1182 2671 1237 cap.
2706 1166 2773 1219 15
2805 1183 2819 1219 :
2851 1162 3092 1231 Πρῶτον
3113 1159 3229 1229 μὲν
3260 1158 3370 1227 γὰρ
3391 1156 3646 1210 δύναται
3678 1154 3718 1205 ὀ

2145 1263 2326 1331 λόγος
2356 1259 2627 1329 εἰρῆσθαι
2672 1255 2821 1324 πρὸς
2874 1252 3101 1316 πάντας
3145 1248 3509 1312 Ἰουδαίους,
3568 1242 3720 1309 τοὺς

2145 1352 2369 1420 πατέρα
2396 1350 2738 1420 νομίζοντας
2765 1348 2915 1400 εἶναι
2944 1343 3048 1398 τοῦ
3088 1338 3342 1410 Χριστοῦ
3378 1337 3484 1391 τὸν
3511 1334 3714 1389 Δαϐίδ-

2146 1442 2244 1497 καὶ
2274 1442 2458 1496 αὑτὸν
2487 1440 2555 1493 δέ
2597 1439 2701 1491 τὸν
2742 1434 3000 1505 Χριστὸν
3034 1431 3167 1486 Υἱὸν
3213 1430 3394 1493 ὄντα,
3441 1423 3541 1479 καὶ
3576 1424 3720 1477 Υὶὸν

2148 1534 2294 1589 Θεοῦ
2317 1532 2403 1602 μὴ
2430 1518 2764 1600 ἐγνωκέναι.
2921 1522 3020 1578 καὶ
3053 1521 3281 1585 οἰκείως
3300 1519 3558 1587 εἴρηται-
3600 1515 3719 1568 Οὐ·-

2145 1625 2267 1692 δεὶς
2296 1625 2447 1693 ἔγνω
2470 1621 2576 1675 τὸν
2594 1617 2855 1686 Πατέρα·
2898 1614 3029 1670 ἐπεὶ
3075 1610 3210 1666 ἀντὶ
3239 1609 3344 1663 τοῦ
3374 1606 3520 1661 Θεοῦ
3545 1643 3560 1668 ,
3602 1604 3716 1657 τὸν

2146 1714 2319 1771 Δαϐὶδ
2349 1713 2570 1778 πάντες
2598 1711 2827 1779 ἔλεγον.
2865 1707 2933 1761 Τὸ
2965 1703 3032 1758 δὲ
3060 1701 3364 1765 ἐπάξαντα
3383 1695 3597 1752 εἰπεῖν·
3618 1694 3719 1758 Ὠς

2147 1805 2288 1861 οὐδὲ
2332 1804 2437 1859 τὸν
2466 1802 2600 1857 Υἱόν
2643 1817 2732 1865 τις
2776 1796 2953 1851 οἶδεν·
3006 1791 3136 1847 ἐπεὶ
3178 1788 3363 1843 αὐτὸν
3412 1786 3546 1843 Υιὸν
3598 1785 3717 1835 οὐκ

2151 1893 2418 1962 ᾔδεισαν.
2455 1890 2567 1945 Καὶ
2597 1889 2661 1943 τὸ
2694 1885 2899 1941 εἰπεῖν·
2938 1875 3037 1949 Οἷς
3081 1881 3157 1935 ἂν
3181 1879 3477 1945 βούληται
3520 1877 3553 1927 ὀ
3579 1872 3717 1940 Υἱὸς

2146 1986 2554 2054 ἀποκαλύψαι·
2586 1978 2770 2049 ὀρθῶς
2815 1977 3058 2046 εῑρηται.
3102 1973 3164 2026 '0
3205 1972 3316 2041 γὰρ
3367 1968 3467 2024 ἀπ’
3517 1965 3717 2035 ἀρχῆς

2145 2077 2231 2131 ὢν
2270 2076 2425 2142 Υἱὸς,
2462 2073 2650 2144 μόνος
2687 2069 2938 2137 ὡρίσθη,
2981 2066 3081 2119 ἵνα
3122 2063 3211 2128 οἷς
3236 2061 3533 2129 ,βούληται
3561 2060 3717 2112 ἀπο-

2148 2175 2417 2242 καλύψῃ.
2495 2169 2771 2223 Enimvero
2824 2164 3053 2233 primum
3118 2166 3285 2228 potest
3348 2154 3718 2210 testimonium

2146 2284 2257 2322 esse
2278 2268 2478 2320 dictum
2514 2262 2583 2317 ad
2618 2274 2793 2314 omnes
2818 2256 3058 2320 Judwos,
3088 2253 3179 2321 qui
3216 2250 3473 2321 putabant
3506 2257 3720 2317 patrem

2148 2359 2348 2414 Christi
2386 2372 2496 2411 esse
2527 2354 2799 2415 Davidem,
2838 2365 2924 2403 eos
2960 2363 3063 2400 non
3101 2344 3398 2415 cognovisse
3440 2341 3723 2396 Christum

2149 2445 2351 2500 Filium
2379 2442 2648 2514 (hominis)
2677 2452 2727 2496 et
2762 2438 2965 2493 Filium
2996 2436 3112 2490 Dei.
3153 2434 3328 2499 Quare
3364 2440 3482 2497 apte
3509 2430 3721 2482 dictum

2152 2548 2250 2603 est,
2277 2535 2443 2589 Nemo
2470 2534 2609 2587 novit
2636 2529 2875 2595 Patrem,
2906 2528 3031 2599 quia
3062 2542 3155 2596 pro
3190 2524 3299 2577 Deo
3333 2538 3511 2576 omnes
3542 2520 3721 2574 Davi-

2148 2634 2266 2686 dem
2315 2629 2581 2683 dicebant.
2622 2625 2690 2681 Et
2721 2624 2859 2695 quod
2902 2621 3196 2692 subjungit,
3233 2618 3344 2672 Nec
3393 2616 3568 2685 ﬁlium
3594 2614 3720 2682 quis

2147 2725 2311 2787 novit,
2345 2722 2470 2792 quia
2509 2735 2627 2774 eum
2678 2716 2881 2771 Filium
2911 2732 3024 2769 esse
3062 2713 3409 2766 nesciverunt.
3475 2708 3543 2762 Et
3574 2710 3720 2777 quod

2149 2818 2249 2879 ait,
2290 2813 2491 2881 Quibus
2517 2810 2737 2865 voluerit
2760 2807 2935 2861 Filius
2960 2804 3210 2867 revelare,
3240 2812 3375 2857 recte
3406 2800 3581 2857 habet.
3605 2798 3722 2864 Qui

2148 2907 2287 2962 enim
2319 2905 2383 2958 ab
2424 2902 2578 2957 initio
2618 2898 2795 2954 Filius
2837 2906 2937 2963 est,
2982 2896 3128 2950 solus
3175 2895 3469 2948 destinatus
3518 2900 3616 2956 est,
3658 2900 3721 2944 ut

2148 2986 2510 3074 quibuscupit
2542 2993 2748 3049 reaelet.
2811 2992 3077 3046 Accurata
3129 3003 3261 3057 sane
3290 2987 3358 3041 de
3389 2983 3509 3038 Filii
3558 2990 3723 3074 aster:

2150 3071 2341 3157 nitate,
2373 3089 2600 3156 ejusque
2621 3100 2688 3140 ex
2714 3081 2876 3136 Patre
2900 3079 3251 3150 generatione
3278 3075 3597 3145 disputatio.
3618 3071 3721 3127 Dei

482 3180 681 3234 minem
712 3196 779 3234 ex
812 3189 959 3235 tanta
994 3181 1275 3237 hominum
1316 3184 1682 3250 multitudine,
1716 3193 1824 3239 tam
1850 3199 2048 3255 magno
2075 3187 2117 3245 C
2151 3192 2206 3239 et
2237 3181 2477 3237 hominis
2507 3178 2701 3241 Filius,
2744 3178 2812 3231 ab
2865 3173 3020 3229 initio
3073 3170 3244 3225 Filius
3277 3169 3519 3225 dicitur:
3571 3174 3627 3220 et
3659 3174 3717 3219 ut

482 3281 703 3342 accepto
732 3274 925 3327 nuntio
954 3274 1158 3329 dixisse
1190 3290 1203 3328 :
1245 3276 1301 3330 In
1342 3275 1584 3332 Judteam
1630 3277 1964 3346 proliciscar,
1992 3286 2053 3331 ut

481 3381 829 3436 cognoscam,
845 3376 1026 3421 utrum
1048 3367 1149 3422 iste
1174 3368 1289 3422 lucc
1312 3368 1595 3438 proferens
1616 3383 1739 3423 vera
1764 3368 2050 3437 loquatur;

483 3472 678 3527 nempe
722 3457 812 3510 ὅτι
857 3458 987 3525 Υἱὸς
1019 3459 1165 3513 Θεοῦ
1195 3458 1627 3530 ἐπιδεδήμηκεν
1659 3460 1735 3529 τῇ
1775 3460 2049 3528 Ἰουδαίᾳ,

488 3566 509 3601 σ
545 3547 752 3602 Filium
795 3549 891 3603 Dei
918 3550 975 3603 in
1000 3549 1247 3606 Judream
1275 3553 1565 3607 advenisse.
1614 3572 1628 3605 ι
1670 3551 1843 3607 Tanta
1873 3551 2051 3607 admi-

480 3641 622 3695 ratio
651 3642 721 3697 ob
756 3642 1062 3697 nuntiatum
1108 3643 1230 3698 Filii
1264 3643 1357 3700 Dei
1390 3646 1442 3699 in
1469 3644 1711 3699 Judaaam
1733 3646 2049 3713 adventum,

482 3746 607 3788 cum
639 3733 760 3803 ejus
804 3734 1259 3804 praaexistentiam
1295 3737 1557 3806 praeclare
1584 3736 1839 3806 exprimit
1866 3737 2050 3802 (nemo

481 3825 631 3880 enim
679 3825 878 3881 dixerit
921 3825 1113 3882 Isaiam
1168 3829 1490 3898 prophetam
1537 3828 1824 3885 advenisse
1861 3830 1916 3884 in
1954 3829 2053 3885 Ju-

483 3916 701 3988 dzeatn),
736 3928 871 3979 tum
922 3934 1177 3989 magnum
1233 3921 1451 3991 aliquod
1498 3921 1817 3992 mysterium
1866 3923 2050 3979 animo

482 4011 765 4067 observari
794 4012 1153 4076 demonstrat,
1172 4013 1315 4083 quod
1349 4029 1379 4067 a
1409 4012 1719 4069 Sociniauis
1747 4021 1801 4070 et
1828 4012 2050 4071 Arianis

483 4106 810 4162 commentis
839 4105 997 4174 longe
1019 4104 1307 4174 discrepet.

559 4216 581 4251 ‹
624 4197 760 4252 Cum
803 4198 906 4251 hac
953 4195 1073 4249 Filii
1127 4195 1221 4249 Dei
1272 4195 1493 4251 n0tione
1544 4194 1775 4251 miriﬁce
1818 4195 2051 4267 quadrat

484 4290 627 4361 quod
674 4304 835 4343 verus
865 4288 1133 4357 Pr0pbeta
1172 4289 1303 4356 (quo
1344 4288 1565 4341 nomine
1599 4285 1878 4341 Christum
1907 4286 2052 4342 desi-

486 4381 637 4452 gnat)
663 4381 814 4435 visus
838 4395 959 4434 esse
983 4379 1216 4432 Abrahae
1241 4378 1441 4433 dicitur
1474 4379 1569 4433 lib.
1601 4395 1618 4433 ι
1644 4377 1896 4449 Recogn.,
1925 4393 2047 4448 cap.

486 4475 576 4529 55.
633 4474 895 4528 Similiter
950 4471 1082 4526 Mosi
1137 4471 1457 4541 apparuisse
1508 4480 1762 4525 narratur
1792 4484 1913 4540 cap.
1956 4470 2045 4526 54.

2151 3286 2335 3347 pateat
2375 3280 2642 3343 quantum
2679 3269 2819 3324 inter
2862 3266 3081 3322 Patrem
3118 3272 3172 3321 et
3199 3272 3530 3325 creatorem,
3576 3259 3721 3312 inter

2150 3366 2351 3422 Filium
2373 3373 2428 3420 et
2466 3378 2578 3419 rem
2614 3369 2855 3417 creatam
2890 3358 3127 3420 intersit,
3164 3354 3333 3410 Deum
3370 3351 3544 3407 Judaei
3573 3366 3721 3421 qua-

2151 3470 2309 3513 tenus
2348 3455 2560 3510 Patrem
2585 3452 2813 3513 Christi,
2839 3451 3122 3521 ignorasse
3148 3446 3430 3508 dicuntur,
3463 3442 3722 3513 quamvis

2149 3564 2273 3606 eum
2304 3558 2363 3602 ut
2401 3557 2702 3602 creatorem
2735 3541 2980 3597 omnium
3004 3539 3172 3611 probe
3202 3536 3507 3591 novissent.

2227 3660 2247 3694 ι
2294 3640 2459 3695 Multa
2497 3638 2550 3692 in
2611 3637 2857 3692 eamdem
2908 3632 3233 3687 sententiam
3278 3628 3404 3682 libri
3458 3626 3725 3695 Recogni-

2153 3738 2351 3787 tionum
2377 3728 2749 3800 suppeditant.
2775 3725 2898 3780 Lib.
2925 3740 2965 3790 ι,
3003 3738 3127 3793 cap.
3152 3722 3243 3788 45,
3273 3718 3390 3774 haec
3420 3718 3719 3789 leguntur:

2151 3827 2285 3883 Cum
2304 3833 2439 3879 esset
2477 3822 2655 3876 Filius
2682 3820 2778 3874 Dei
2823 3827 2871 3873 et
2899 3818 3110 3871 initium
3156 3813 3413 3876 omnium,
3440 3810 3613 3879 factus
3637 3817 3721 3861 est

2150 3920 2323 3973 homo.
2350 3916 2416 3970 Et
2445 3929 2565 3985 cap.
2596 3913 2665 3969 69
2694 3932 2707 3967 :
2736 3910 2917 3965 Nolite
2946 3917 3133 3978 putare
3155 3921 3248 3961 nos
3278 3904 3413 3957 duos
3449 3901 3721 3972 ingenitas

2149 4009 2323 4064 dicere
2348 4007 2508 4072 Deos,
2554 4015 2647 4058 aut
2680 4018 2842 4056 unum
2878 4000 3107 4053 divisum
3154 4011 3267 4050 esse
3306 3996 3362 4048 in
3412 3992 3571 4056 duos,
3614 3990 3719 4054 vel,

2155 4103 2291 4157 sicut
2327 4098 2478 4169 impii
2522 4097 2730 4161 dicunt,
2766 4096 3003 4146 eumdem
3044 4085 3339 4141 masculum
3383 4092 3433 4137 et
3464 4081 3721 4152 feminam

2149 4194 2233 4249 sui
2269 4193 2513 4261 effectum
2540 4202 2560 4240 :
2589 4187 2679 4240 sed
2728 4182 3070 4238 Filium-Dei
3102 4179 3433 4248 unigenitum
3461 4177 3720 4242 dicimus,

2147 4302 2252 4341 non
2275 4299 2340 4337 ea:
2366 4282 2475 4337 alio
2504 4279 2680 4342 initio,
2723 4275 2813 4329 sed
2851 4288 2915 4327 ea:
2952 4273 3066 4340 ipso
3110 4268 3459 4337 ine/rabiliter
3503 4276 3717 4320 natum.

2150 4375 2410 4434 Similiter
2436 4375 2597 4427 etiam
2642 4369 2707 4422 de
2756 4365 3036 4421 Paracleto
3073 4363 3322 4415 dicimus.
3354 4360 3422 4414 Et
3494 4359 3594 4414 lib.
3631 4375 3721 4427 ut,

2150 4484 2271 4539 cap.
2302 4466 2371 4521 48
2398 4484 2411 4520 :
2441 4463 2637 4518 Noster
2656 4469 2829 4514 autem
2870 4456 3143 4525 Magister,
3168 4452 3259 4522 qui
3288 4462 3366 4505 est
3400 4450 3581 4504 Filius
3624 4449 3721 4503 Dei

485 4567 809 4637 Quicunque
859 4580 1048 4620 verum
1079 4566 1147 4620 ab
1172 4580 1239 4621 eo
1277 4579 1384 4620 non
1421 4563 1729 4618 didicerunt
1759 4602 1775 4630 ,
1817 4563 1871 4617 bi
1916 4562 2050 4618 illud
2079 4532 2125 4588 θ
2151 4570 2201 4615 et
2225 4559 2471 4621 hominis,
2506 4553 2782 4622 manifeste
2831 4548 2995 4602 bonus
3039 4555 3115 4600 est
3144 4560 3162 4599 :
3194 4543 3555 4637 quodnautem
3583 4558 3724 4637 vere

436 4707 438 4709 ,
485 4674 595 4714 non
620 4660 895 4713 invenisse
920 4666 975 4713 et
989 4664 1296 4728 quaerentes
1324 4654 1528 4710 obiisse
1549 4654 1831 4722 dicuntur,
1856 4653 2048 4709 homil.

484 4765 545 4817 ιι,
589 4765 708 4819 cap.
738 4749 772 4802 6
818 4767 832 4805 :
875 4750 1047 4803 Ὅσοι
1095 4747 1240 4801 ποτὲ
1270 4745 1557 4813 ἀλήθειαν
1584 4744 1804 4815 γνῶναι
1845 4745 2055 4799 ἐπεθύ-

478 4858 707 4913 μησαν,
735 4842 894 4909 παρὰ
906 4840 975 4894 δὲ
998 4841 1210 4893 τούτου
1222 4837 1432 4909 μαθεῖν
1451 4835 1644 4905 αὐτὴν
1661 4838 1773 4890 οὐκ
1799 4836 2052 4905 εὐτύχη-

484 4950 624 5002 σαν,
655 4934 739 5003 μὴ
771 4934 1067 5002 εὑρόντες,
1097 4930 1409 4999 ζητοῦντες
1436 4927 1854 4997 ἐτελεύτησαν.

562 5046 581 5078 ‹
632 5027 821 5081 Simon
875 5024 1066 5094 Magus
1114 5020 1303 5076 homil.
1353 5036 1484 5087 xvu,
1528 5035 1648 5090 cap.
1690 5021 1744 5083 Δ,
1777 5026 1839 5074 ut
1862 5017 2051 5086 probet

484 5115 658 5173 Deum
702 5128 830 5174 ante
879 5118 1217 5182 incognitum
1255 5131 1285 5169 a
1316 5114 1536 5169 Christo
1582 5110 1915 5175 nuntiatum,
1964 5108 2050 5163 his

484 5212 666 5266 verbis
708 5211 928 5265 utitur:
964 5209 1132 5263 Nemo
1176 5207 1315 5261 novit
1370 5204 1624 5268 Patrem,
1674 5201 1777 5255 nisi
1828 5198 2053 5263 Filius;

484 5315 598 5360 tum
620 5303 769 5358 addit
791 5322 804 5357 :
826 5306 896 5357 Et
927 5299 1374 5367 οῦναύτὸςΥίὸς
1391 5297 1519 5366 ἧνὸ
1550 5292 1903 5363 παρὼν,ἀπὸ
1938 5293 2050 5361 τῆς

482 5397 668 5451 αὐτοῦ
695 5397 1047 5464 παρουσίας,
1081 5395 1169 5459 οἷς
1195 5394 1471 5447 ἐϐούλετο
1506 5389 1613 5443 τὸν
1649 5384 1838 5442 πᾶσιν
1859 5386 2050 5455 dryop-

483 5507 636 5544 στον
667 5488 1108 5544 ἀπεκάλυπτεν.
1146 5483 1235 5540 «Si
1262 5500 1383 5554 ergo
1416 5483 1505 5552 qui
1534 5478 1742 5533 advenit
1768 5519 1783 5544 ,
1817 5479 1926 5547 ipse
1948 5474 2049 5529 Fi-

483 5582 590 5635 lius
632 5591 769 5645 erat,
820 5588 935 5647 post
976 5593 1129 5631 suum
1170 5576 1470 5638 adventum,
1500 5571 1687 5641 quibus
1716 5566 1900 5630 voluit,
1929 5581 2050 5619 eum

482 5675 572 5742 qui
618 5671 820 5725 cunctis
850 5670 1145 5740 incognitus
1188 5675 1322 5735 erat,
1354 5662 1617 5719 revelavit.
1659 5679 1678 5713 ι
1712 5657 1839 5713 Haec
1864 5655 2047 5710 Simo—

2152 4650 2221 4705 sit
2246 4647 2445 4711 Filius,
2463 4646 2648 4716 quibus
2674 4641 2900 4711 oportuit
2925 4639 3127 4691 dictum
3145 4644 3222 4691 est
3247 4645 3296 4690 et
3323 4635 3547 4688 dicetur.
3580 4632 3726 4689 Hinc

2154 4757 2274 4812 cap.
2301 4742 2338 4794 2
2361 4739 2602 4809 ejusdem
2634 4734 2757 4789 libri
2792 4732 3105 4802 indignatur
3135 4727 3349 4793 Simon,
3373 4724 3485 4782 Deo
3513 4724 3720 4781 Filium

2153 4831 2376 4891 attribui
2404 4840 2663 4898 tanquam
2697 4822 2939 4878 animali.

2224 4922 2289 4978 γ.
2329 4918 2523 4975 Omnia
2553 4931 2585 4970 a
2613 4914 2751 4969 Filio
2784 4919 2966 4967 creata
2995 4923 3137 4975 esse,
3185 4907 3373 4962 multis
3400 4906 3541 4961 locis
3580 4920 3721 4960 con-

2154 5016 2398 5070 ﬁrmatur
2430 5029 2445 5065 :
2484 5008 2619 5063 Υίοῦ
2660 5005 2831 5058 ἐστιν
2875 5001 2981 5057 τοῦ
3015 4999 3273 5067 οὐρανὸν
3306 4996 3406 5051 καὶ
3435 4996 3557 5066 γῆν
3592 4997 3725 5052 δια-

2156 5103 2604 5174 κοσμήσαντος,
2639 5098 2716 5151 ait
2758 5094 2976 5157 Petrus,
3025 5091 3218 5145 homil.
3271 5104 3429 5156 xvm,
3484 5104 3609 5158 cap.
3663 5092 3722 5155 6,

2155 5196 2221 5250 τὸ
2250 5194 2296 5258 ᾦ
2332 5193 2623 5258 ,βούλεται
2676 5185 3064 5251 ἀποκαλύψαι
3088 5180 3199 5234 τὸν
3244 5180 3314 5234 ἐν
3356 5180 3725 5249 ἀπορρήτοις

2153 5285 2396 5353 Πατέρα.
2447 5281 2529 5336 Ad
2572 5278 2775 5333 Filium
2818 5275 2933 5329 caeli
2990 5283 3039 5326 et
3085 5283 3238 5326 terra:
3307 5274 3722 5327 constitutorem

2152 5384 2350 5446 spectat
2381 5370 2606 5427 revelare
2654 5369 2739 5422 cui
2786 5365 2892 5422 vult
2925 5365 3092 5433 ipsius
3138 5361 3358 5416 Patrem
3400 5362 3456 5414 in
3490 5361 3721 5416 abscon-

2152 5469 2281 5522 ditis
2326 5466 2572 5535 posimm.
2633 5459 2702 5513 Et
2758 5457 2946 5513 homil.
2991 5470 3103 5517 xvt,
3136 5468 3258 5521 cap.
3293 5453 3356 5506 11
3398 5462 3453 5506 et
3492 5453 3584 5518 η,
3616 5455 3721 5508 ob-

2149 5559 2360 5631 jicienti
2391 5554 2598 5611 Simoni
2637 5552 2778 5607 duos
2808 5564 2929 5605 esse
2966 5557 3261 5609 creatures,
3293 5558 3360 5599 eo
3382 5544 3534 5614 quod
3558 5544 3724 5600 dixe-

2154 5651 2220 5705 rit
2271 5648 2437 5714 Deus,
2498 5644 2810 5711 Faciamus,
2865 5639 2945 5696 sic
2986 5638 3281 5709 respondet
3331 5635 3532 5693 Petrus
3567 5654 3584 5692 :
3616 5637 3729 5707 Εἷς

550 5806 668 5878 (l5)
697 5804 873 5872 Philo,
907 5804 1004 5861 lib.
1022 5818 1067 5858 tt
1105 5800 1229 5872 Leg.
1263 5798 1515 5869 Allegor.,
1561 5803 1693 5850 tom.
1721 5788 1763 5860 l,
1783 5804 1911 5861 pag.
1942 5785 2033 5855 70,

2153 5795 2194 5847 t,
2227 5782 2461 5839 Loudin.
2490 5776 2649 5836 i742.
