3868 6212
178 419 236 473 17
1287 417 1744 477 CLEMENTINA.
1784 451 1855 465 ---
1878 421 2238 479 PROGZMIA.
3347 424 3418 478 18

168 539 342 594 ἐστιν
373 540 407 593 ὁ
436 536 510 608 τῇ
559 540 745 595 αὑτοῦ
796 542 981 610 σοφίᾳ
1011 540 1210 596 εἰπών·
1250 543 1612 621 Ποιήσωμεν
1644 542 1749 596 ἄν·

1857 543 2047 610 iustus.
2078 541 2259 598 Unum
2290 550 2344 598 et
2371 541 2622 598 eumdem
2661 540 2868 597 cultum
2901 542 3262 598 sanctissima:
3284 542 3412 596 'l'r'i-

170 637 426 701 θρωπον.
460 626 547 704 ᾝ
563 631 631 685 δὲ
650 634 858 702 σοφίᾳ,
876 632 1076 702 ὥσπερ
1095 634 1220 700 ἰδίῳ
1248 635 1741 705 πνεύματι,αὺτὸς

165 723 259 778 ἀεὶ
291 722 676 792 συνέχαιρεν.
732 726 987 779 Ἥνωται
1015 725 1129 795 μὲν
1169 727 1250 793 ὡς
1280 727 1451 795 ψυχὴ
1483 726 1563 792 τῷ
1601 725 1743 790 Θεῷ’

165 814 494 869 ἐκτείνεται
531 814 599 868 δὲ
632 816 732 870 ἀπ’
780 817 999 880 αὐτοῦ,
1029 818 1109 883 ὡς
1139 818 1269 885 χεὶρ
1305 817 1749 887 δημιουργοῦσα

163 903 230 956 τὸ
285 904 432 961 πᾶν.
499 905 645 961 Unus
678 918 755 961 est
777 910 869 979 qui
892 907 1181 978 Sapientia:
1205 927 1314 965 sua:
1333 911 1472 964 dixit
1499 925 1517 963 :
1546 908 1746 962 Facia~

164 1010 283 1048 mus
315 994 608 1053 hominem.
652 998 796 1053 Huic
834 1017 951 1054 vero
994 999 1284 1070 Sapientia:
1330 1012 1583 1071 tanquam
1624 1016 1747 1070 pro-

162 1085 284 1153 prio
309 1086 534 1155 spiritui
564 1105 766 1158 semper
795 1092 904 1159 ipse
934 1091 1315 1162 congaudebat.
1348 1091 1511 1146 Unita
1538 1093 1748 1161 quidem

164 1185 243 1228 est
268 1174 405 1243 Deo,
437 1188 497 1231 ut
521 1179 703 1232 anima
731 1196 749 1234 :
786 1182 851 1234 ab
878 1198 938 1235 eo
980 1192 1159 1236 autem
1200 1183 1505 1237 extenditur
1537 1192 1595 1235 ut
1632 1199 1748 1234 ma-

168 1281 292 1333 nus,
340 1268 746 1324 universitatem
790 1273 1103 1341 producens.
1163 1272 1303 1328 Hinc
1344 1274 1397 1328 in
1446 1273 1533 1328 his
1565 1273 1748 1327 verbis

168 1352 362 1410 homil.
408 1372 487 1421 ιι,
536 1374 655 1429 cap.
692 1360 802 1416 22:
835 1362 903 1414 Τὸ
950 1363 1185 1433 πνεῦμα
1232 1363 1349 1417 ἀπὸ
1382 1362 1488 1417 τοῦ
1520 1362 1592 1417 τὰ
1635 1361 1749 1415 ὅλα

168 1448 568 1515 πεποιηκότος
621 1449 769 1505 Θεοῦ
814 1451 932 1520 τὴν
991 1452 1191 1520 ἀρχὴν
1247 1452 1360 1519 τῆς
1405 1450 1750 1517 ἐκστάσεως

167 1536 333 1603 ἔχειν
400 1539 687 1609 legendum
750 1552 882 1612 puto
931 1544 1229 1611 ἐκτάσεως
1304 1544 1536 1615 Spiritus
1573 1562 1606 1598 a
1638 1544 1747 1597 Deo

166 1630 255 1696 qui
288 1631 474 1683 omnia
502 1631 647 1699 fecit,
670 1634 879 1688 initium
907 1635 1061 1691 habet
1092 1638 1433 1691 extensionis.
1463 1637 1619 1707 Aqua
1652 1652 1748 1706 per

170 1713 533 1787 Unigenitum
580 1721 721 1778 facta
745 1724 947 1781 dicitur
976 1726 1073 1781 lib.
1098 1742 1173 1782 vn
1253 1727 1505 1799 Recogn.,
1536 1743 1657 1797 cap.
1688 1727 1743 1782 8.

172 1806 309 1864 Vide
362 1826 487 1881 cap.
544 1814 575 1866 7
628 1815 872 1884 ejusdem
925 1818 1073 1887 libri,
1117 1828 1172 1875 et
1228 1834 1387 1890 capp.
1437 1820 1506 1875 ’54
1555 1829 1611 1875 et
1652 1819 1745 1884 40,

1847 636 2003 691 nitati
2052 636 2298 691 adhiberi
2356 635 2573 700 docent,
2627 651 2750 706 quae
2798 636 3055 705 leguntur
3100 636 3287 691 hmnil.
3326 650 3414 700 ιιι,

1848 744 1968 799 cap.
2002 728 2070 782 7'2
2099 747 2112 783 :
2142 726 2261 781 Σοῦ
2308 724 2419 795 γάρ
2459 726 2631 779 ἐστιν
2676 725 2827 791 δόξα
2871 724 3138 792 αὶιὶινιος,
3191 725 3416 794 ὕμνος.

1848 819 2031 887 Πατρὶ
2067 818 2163 872 καὶ
2201 816 2311 884 Υιῷ
2338 816 2439 871 καὶ
2469 817 2616 885 ἁγίῳ
2647 816 3067 891 Πνεύματι,εῑς
3096 815 3236 883 τοὺς
3260 816 3415 886 σύμ-

1848 926 2078 975 παντας
2105 909 2342 974 αἰῶνας.
2404 907 2607 977 Ἀμήν.
2631 907 2714 961 Ad
2740 917 2787 961 te
2813 909 2952 961 enim
2978 909 3197 971 pertinet
3221 917 3420 962 (eterna

1848 1002 2038 1073 gloria,
2078 1001 2218 1066 laus,
2262 998 2415 1052 Patri
2460 1007 2508 1052 et
2562 997 2704 1051 Filio
2747 1008 2796 1051 et
2828 994 3056 1067 Spiritui
3104 1007 3307 1059 sancto,
3361 998 3413 1050 in

1848 1093 2025 1148 omnia
2049 1089 2266 1146 stecula.
2291 1090 2479 1143 Amen.
2514 1086 2653 1143 Hinc
2684 1089 2874 1143 homil.
2910 1104 2985 1153 Ix,
3009 1104 3131 1157 cap.
3167 1088 3260 1153 2'5,
3286 1088 3417 1158 bapc

1847 1187 2044 1241 tismus
2087 1180 2458 1238 administrari
2492 1180 2697 1234 dicitur
2727 1198 2739 1232 :
2780 1179 3182 1247 Τρισμακαρίᾳ
3208 1178 3414 1231 error-o-

1842 1275 2064 1345 μασίᾳ,
2094 1291 2112 1324 ι
2153 1271 2253 1326 Ter
2302 1271 2456 1325 beata
2504 1270 2875 1324 invocatione:
2913 1287 2931 1320 ›
2965 1267 3108 1337 quod
3144 1267 3210 1320 de
3244 1267 3418 1321 tribus

1848 1365 2102 1421 Personis
2148 1361 2553 1427 intelligendum
2599 1370 2745 1431 patet
2786 1376 2853 1414 ex
2897 1360 2983 1415 his
3026 1359 3208 1413 verbis
3266 1358 3361 1411 lib.
3399 1373 3414 1410 ι

1848 1456 2144 1526 Recognit.,
2175 1469 2297 1524 cap.
2324 1454 2394 1507 65
2424 1472 2437 1508 :
2473 1453 2556 1506 Ad
2598 1452 2847 1505 ultimum
2872 1459 3067 1515 autem,
3109 1449 3284 1518 inquit
3309 1448 3415 1503 Pe-

1850 1557 1989 1610 trus,
2014 1545 2264 1599 admonui
2303 1560 2413 1611 eos,
2446 1556 2503 1597 ut
2541 1544 2851 1613 priusquam
2891 1541 3320 1611 progrederemur
3344 1538 3410 1593 ad

1848 1649 2023 1710 gentes
2053 1638 2343 1708 praedicare
2367 1639 2442 1691 eis
2467 1636 2788 1705 agnitionem
2828 1632 2924 1685 Dei
2957 1631 3161 1697 Patris,
3202 1630 3305 1700 ipsi
3337 1645 3417 1683 rea

1848 1731 2259 1786 conciliarentur
2288 1729 2419 1795 Deo,
2450 1727 2789 1795 suscipientes
2832 1724 3032 1778 Filium
3078 1724 3213 1793 ejus.
3249 1722 3419 1775 Aliter

1851 1824 1990 1877 enim
2016 1821 2164 1875 nullo
2213 1821 2367 1874 modo
2394 1836 2480 1874 eos
2512 1818 2716 1873 ostendi
2757 1832 2908 1887 posse
2934 1815 3155 1879 salvari,
3197 1813 3301 1866 nisi
3327 1828 3419 1882 per

168 1900 268 1957 lib.
330 1918 457 1957 vm.
512 1904 589 1960 Ex
668 1909 869 1979 quibus
935 1920 1084 1981 patet
1155 1887 1745 1986 pseudo-Clementem,
1781 1887 1820 1942 Β
1853 1910 2085 1982 Spiritus
2110 1913 2282 1965 sancti
2313 1911 2545 1981 gratiam
2571 1910 2725 1963 trime
2755 1905 3100 1961 invocationis
3126 1903 3261 1956 dilui
3285 1903 3419 1971 bap-

170 1991 430 2059 quamvis
495 1995 683 2052 multis
759 1993 1024 2055 Judaismi
1114 2001 1360 2070 reliquiis
1439 2001 1749 2070 implicatus

168 2091 339 2145 esset,
401 2083 544 2139 idem
591 2096 770 2143 tamen
819 2106 884 2146 ac
939 2100 1168 2147 caeteros
1218 2093 1511 2163 scriptores
1569 2094 1751 2148 eccle-

169 2177 440 2235 siasticos
471 2176 537 2232 de
574 2179 764 2233 mundi
796 2195 891 2249 per
925 2180 1122 2235 Filium
1154 2184 1435 2237 creatione
1473 2184 1743 2249 sensisse;

169 2282 363 2332 contra
390 2292 554 2345 quam
580 2276 759 2346 placet
779 2274 1111 2341 Socinianis,
1134 2277 1230 2346 qui
1260 2276 1401 2332 hanc
1419 2276 1748 2341 doctrinam,

168 2371 506 2427 Christianis
548 2368 893 2424 circumcisis
934 2369 1153 2438 penitus
1196 2369 1461 2440 ignotam,
1496 2386 1526 2424 a
1565 2369 1748 2439 philo-

170 2462 363 2531 80phis
423 2460 741 2531 religionem
797 2458 1252 2528 amplectentibus
1305 2457 1579 2512 inductam
1638 2456 1751 2510 (in-

206 2559 326 2606 unt.

206 2567 326 2606 unt.

170 2567 203 2621 Β
249 2660 270 2693 ι
317 2639 506 2695 Multis
547 2637 671 2694 aliis
709 2636 875 2692 rebus
906 2636 1221 2691 declaratur
1254 2635 1421 2706 hujus
1461 2636 1749 2707 scriptoris

170 2748 299 2787 cum
328 2730 628 2788 Catholicis
669 2730 961 2785 verborum
1002 2736 1058 2783 et
1103 2730 1503 2783 sententiarum
1549 2728 1747 2783 simili-

172 2826 327 2879 tudo.
370 2822 565 2878 Omnia
612 2835 776 2876 nosse
826 2820 1027 2876 dicitur
1076 2819 1331 2875 Christus
1382 2819 1572 2874 homil.
1622 2835 1745 2887 vm,

169 2930 297 2985 cap.
327 2915 423 2969 21.
457 2914 623 2968 Solus
654 2912 872 2966 animas
916 2911 1228 2965 illuminare
1250 2922 1436 2979 posse,
1471 2910 1623 2965 solus
1656 2925 1751 2965 ve-

172 3011 398 3063 ritatem
430 3006 692 3075 relegere,
743 3003 934 3057 homil.
975 3017 1035 3068 ιι,
1064 3018 1187 3071 cap.
1218 3002 1271 3056 4.
1319 3000 1481 3057 Solus
1528 3000 1745 3056 Patrem

172 3099 591 3156 immutabiliter
629 3099 833 3161 videre,
872 3095 1020 3150 hom.
1071 3109 1207 3159 xvn,
1246 3110 1373 3163 cap.
1404 3095 1489 3149 16.
1536 3092 1606 3149 Τὸ
1636 3095 1748 3164 γὰρ

1852 2007 2062 2060 tismate
2092 2010 2452 2074 properarent.

1928 2097 2018 2154 Vl.
2064 2116 2084 2150 ι
2130 2095 2332 2151 [bidem
2385 2093 2546 2149 Iesus
2600 2102 2827 2147 vocatur
2870 2088 3116 2145 Christus
3169 2098 3415 2142 cternus.

1851 2188 2009 2256 Quod
2036 2196 2097 2242 ut
2120 2186 2475 2256 intelligatur,
2504 2198 2669 2252 quam
2732 2182 2840 2235 vim
2877 2188 2931 2234 et
2960 2179 3287 2234 sententiam
3318 2176 3419 2229 ha-

1851 2283 1998 2345 beat,
2031 2278 2431 2334 observandum
2469 2286 2553 2331 est
2587 2276 2661 2329 ita
2693 2273 2877 2343 Jesum
2914 2273 3123 2335 vocari,
3154 2279 3212 2325 ut
3250 2284 3420 2339 oppo—

1851 2382 2013 2428 natur
2056 2368 2266 2425 Simoni
2298 2368 2392 2437 qui
2420 2382 2479 2422 se
2511 2365 2793 2420 Christum
2842 2373 2895 2418 et
2928 2364 3173 2417 Stantem
3202 2360 3420 2414 dictita-

1850 2465 1963 2520 bat.
2008 2461 2168 2517 Ἀντὶ
2198 2460 2304 2514 τοῦ
2336 2458 2523 2524 ὄντως
2555 2455 2807 2524 Χριστοῦ
2834 2454 3002 2524 ἡμῶν
3030 2452 3248 2517 ἑαυτὸν
3278 2451 3421 2505 ἀνα-

1848 2556 2094 2627 γορεύει.
2137 2571 2157 2605 r
2198 2550 2305 2605 Prii
2330 2546 2452 2604 luero
2501 2546 2712 2604 Christo
2760 2556 2937 2601 nostro
2975 2561 3029 2598 se
3070 2546 3242 2613 ipsum
3279 2557 3420 2612 pra-

1849 2649 2022 2711 dicat,
2059 2664 2079 2698 ι
2114 2643 2291 2714 inquit
2320 2641 2516 2712 Aquila
2563 2639 2755 2694 homil.
2788 2654 2847 2702 ιι,
2874 2652 2994 2707 cap.
3030 2635 3121 2689 2'2.
3155 2633 3325 2687 Porro
3355 2648 3421 2687 eo

1850 2743 2074 2798 nomine
2104 2739 2367 2809 majorem
2391 2752 2450 2793 se
2474 2736 2666 2793 mundi
2700 2742 2968 2796 creatore,
3004 2731 3205 2786 ibidem
3242 2728 3421 2784 decla-

1850 2842 1954 2889 rat.
1980 2832 2115 2901 Cap.
2162 2831 2256 2897 24,
2295 2831 2376 2885 sic
2411 2828 2675 2898 quaerenti
2700 2826 2964 2881 Dositheo
2996 2823 3133 2879 :Dic
3182 2824 3332 2887 mihi,
3374 2823 3423 2877 si

1851 2933 1909 2977 tu
1924 2940 1984 2978 es
2017 2922 2199 2988 Stans,
2232 2930 2287 2975 ut
2324 2920 2536 2973 adorem
2585 2928 2666 2982 te;
2707 2916 2997 2985 respondet
3038 2914 3226 2969 Simon
3262 2931 3276 2968 :
3309 2912 3421 2982 Ego

1852 3031 2002 3079 sum;
2033 3025 2087 3069 et
2116 3014 2302 3069 statim
2329 3011 2623 3067 Dositheus
2657 3010 2876 3075 cecidit,
2913 3020 2967 3063 et
2990 3007 3234 3062 adoravit
3271 3021 3419 3060 eum.
3523 3008 3533 3017 '

1849 3108 2069 3164 Nicetas
2098 3121 2217 3176 cap.
2238 3104 2329 3170 28,
2360 3105 2441 3159 sic
2466 3103 2720 3158 eumdem
2769 3101 3047 3155 Simonem
3081 3097 3378 3166 alloquitur
3402 3112 3423 3151 :

170 3190 479 3258 ἀτρέπτως
494 3186 727 3253 Πατέρα
739 3184 889 3238 ἰδεῖν
916 3183 1051 3237 Υὶοῦ
1080 3181 1241 3253 μόνου
1271 3182 1462 3236 ἐστιν.
1484 3181 1628 3236 Nam
1640 3180 1750 3234 Pa-

1858 3201 1994 3256 Deus
2031 3215 2142 3253 esse
2180 3213 2285 3250 non
2326 3204 2471 3265 potes
2496 3210 2515 3249 :
2539 3195 2665 3247 time
2702 3209 2843 3255 eum,
2873 3191 2963 3262 qui
2998 3206 3111 3243 vere
3154 3187 3293 3241 Deus
3320 3196 3419 3241 est.

173 3292 309 3336 trem
360 3278 769 3334 immutabiliter
816 3277 1010 3339 videre,
1066 3275 1242 3329 solius
1293 3273 1427 3327 Filii
1467 3283 1567 3329 est.
1636 3273 1747 3329 Ea-

171 3374 296 3429 dem
324 3372 531 3426 babent
560 3369 683 3423 libri
712 3367 1172 3437 Recognitionum,
1211 3366 1512 3434 praesertim
1559 3365 1657 3420 lib.
1691 3381 1745 3430 v,

173 3481 299 3534 cap.
329 3463 419 3529 11),
453 3462 546 3516 ubi
585 3462 701 3515 haec
728 3460 959 3530 legimus
987 3476 1001 3512 :
1043 3457 1145 3511 Hic
1166 3474 1287 3524 ergo
1327 3467 1406 3511 est
1430 3473 1581 3512 uerus
1614 3454 1750 3510 Pro-

173 3558 356 3627 pheta,
393 3555 485 3625 qui
529 3554 587 3607 in
627 3550 823 3606 Judtea
866 3549 1015 3604 nobis
1052 3550 1320 3619 apparuit,
1368 3558 1427 3602 ut
1476 3548 1704 3602 audistis
1729 3562 1750 3602 :

176 3650 266 3723 qui
303 3658 454 3703 stans
479 3646 685 3716 publice
708 3645 823 3698 sola
837 3644 1080 3713 jussione
1108 3642 1333 3712 faciebat
1355 3658 1519 3696 caecos
1555 3641 1750 3708 videre,

175 3741 371 3797 surdos
414 3739 637 3802 audire;
677 3735 899 3806 fugabat
945 3735 1228 3797 dtemones,
1266 3735 1420 3804 tegris
1468 3735 1752 3788 sanitatem

176 3833 457 3898 reddebat,
504 3840 555 3885 et
608 3829 833 3883 mortuis
862 3830 1046 3881 vitam.
1093 3826 1322 3896 Cumque
1358 3825 1493 3880 nihil
1537 3827 1586 3881 ei
1618 3835 1752 3880 esset

173 3921 527 3993 impossibile,
545 3920 709 3973 etiam
737 3918 1081 3988 cogitationes
1113 3916 1382 3971 hominum
1407 3916 1709 3987 pervidebat
1732 3931 1753 3971 :

174 4017 317 4087 quod
348 4013 487 4067 nulli
512 4022 589 4067 est
617 4010 888 4081 possibile,
920 4011 1025 4064 nisi
1050 4010 1151 4064 soli
1174 4010 1305 4066 Deo.

254 4125 273 4158 ι
321 4102 515 4173 Neque
535 4103 698 4158 etiam
723 4102 854 4156 illud
880 4101 1208 4171 principium
1232 4101 1753 4171 praetermittendum

175 4205 282 4259 est,
311 4194 465 4264 quod
516 4192 645 4246 huic
668 4192 933 4260 scriptori
956 4206 1085 4245 cum
1132 4191 1348 4247 caeteris
1392 4191 1756 4262 scriptoribus

176 4285 573 4343 ecclesiasticis
602 4297 897 4337 commune
941 4293 1027 4337 est
1054 4300 1068 4337 :
1100 4282 1233 4338 deos
1274 4284 1382 4339 coli
1418 4298 1526 4338 non
1567 4284 1753 4351 licere,

176 4376 404 4432 etiarnsi
435 4376 638 4430 summi
670 4384 725 4428 et
750 4373 1141 4442 omnipotentis
1172 4372 1265 4428 Dei
1303 4374 1537 4429 ministri
1560 4373 1754 4430 dican-

180 4486 305 4536 cur;
339 4468 438 4523 sed
465 4468 568 4521 soli
594 4466 765 4531 Patri,
792 4475 848 4521 et
875 4466 1014 4521 Filio
1041 4476 1097 4522 et
1132 4465 1360 4536 Spiritui
1396 4474 1586 4521 sancto
1611 4466 1759 4521 hunc

1858 3292 2121 3348 Similiter
2152 3291 2411 3344 aduratur
2435 3285 2746 3351 Simon,lib.
2783 3300 2818 3337 ιι
2843 3283 3139 3352 Recognit.,
3171 3296 3291 3349 cap.
3328 3278 3417 3332 11.

1858 3384 1916 3439 1η
1939 3383 2129 3439 eodem
2159 3381 2321 3446 libro,
2347 3395 2467 3441 cap.
2501 3378 2589 3442 14,
2631 3393 2726 3446 per
2768 3374 3060 3429 ridiculum
3089 3380 3315 3426 vocatur
3340 3371 3422 3423 in-

1850 3473 2217 3545 corruptibilis
2250 3471 2411 3526 Deus.
2445 3468 2565 3524 Non
2599 3468 2828 3523 dubium
2856 3480 2987 3536 ergo
3018 3464 3149 3533 quin
3191 3460 3424 3531 pseudo-

1855 3569 2133 3634 Clemens,
2166 3580 2292 3620 cum
2315 3562 2502 3618 Jesum
2538 3575 2729 3616 verum
2766 3566 2820 3612 et
2856 3566 3119 3611 aeternum
3142 3553 3423 3606 Christum

1851 3674 1976 3716 esse
2003 3656 2305 3722 contendit,
2338 3655 2522 3710 omnia
2566 3654 2617 3707 ei
2669 3651 2874 3705 tribuat
2916 3664 3038 3719 qua:
3090 3645 3193 3700 sibi
3235 3643 3435 3697 Simon,

1853 3767 1951 3823 per
1981 3762 2259 3805 summum
2296 3746 2449 3802 nefas
2473 3745 2785 3816 arrogabat.

1929 3861 1950 3895 ι
1984 3839 2106 3896 Non
2128 3839 2592 3897 dissimulandum
2628 3845 2712 3890 est
2744 3831 3011 3888 nonnulla
3057 3828 3141 3883 his
3182 3827 3237 3881 in
3268 3823 3425 3878 libris

1835 3950 2147 3991 occurrere
2182 3949 2304 4004 quae
2344 3933 2412 3987 de
2440 3929 2660 3986 Christo
2698 3927 2841 3982 dicta
2885 3925 3067 3978 minus
3105 3917 3423 3981 commode,

1854 4038 1910 4084 et
1939 4027 2137 4084 Ruﬁno
2168 4027 2283 4081 visa
2326 4032 2459 4080 sunt
2487 4021 2737 4076 Eunomii
2771 4015 3094 4073 commentis
3122 4011 3424 4071 simillima,

1856 4129 1911 4175 et
1941 4119 2303 4190 Epiphanium
2329 4116 2698 4174 adduxerunt,
2751 4119 2812 4165 ut
2856 4106 3124 4161 Ebionitis
3158 4119 3190 4157 a
3224 4102 3426 4171 quibus

1859 4210 1961 4265 bos
1986 4210 2159 4264 libros
2198 4206 2555 4275 interpolatos
2580 4203 2828 4274 putabat,
2856 4197 3183 4255 sententiam
3210 4192 3427 4247 Arianae

1861 4300 2145 4373 gemellam
2180 4298 2461 4367 alliugeret
2481 4305 2671 4351 contra
2701 4295 2869 4348 totius
2893 4288 3234 4358 antiquitatis
3259 4285 3417 4336 testi—

1861 4390 2134 4452 monium,
2166 4388 2278 4443 imo
2313 4395 2503 4441 contra
2556 4400 2717 4440 suum
2771 4381 2975 4452 ipsius,
3009 4378 3101 4447 qui
3144 4375 3423 4430 Christum

1862 4476 1932 4530 ab
1965 4474 2234 4531 Ebionitis
2278 4475 2580 4543 simplicem
2621 4472 2907 4527 hominem
2946 4467 3133 4521 haberi
3163 4464 3421 4518 declarat.

181 4562 457 4614 honorem
483 4557 838 4613 deferendum
868 4577 882 4612 :
914 4558 967 4611 in
993 4572 1104 4627 quo
1128 4558 1349 4627 quidem
1382 4556 1612 4611 insaniae
1651 4573 1755 4611 no-
1789 4554 1834 4608 ι)
1866 4562 1971 4619 Sed
2011 4579 2136 4619 cum
2183 4565 2298 4618 haec
2334 4561 2531 4617 imitati
2575 4561 2684 4615 sint
2714 4558 3000 4629 Origenes,
3036 4555 3345 4609 Methodius
3374 4561 3430 4607 et

179 4660 292 4705 tam
344 4650 588 4721 eil'ugere
630 4664 739 4703 non
786 4658 982 4718 potest,
1039 4649 1086 4704 si
1141 4648 1339 4703 Filium
1388 4657 1445 4702 et
1494 4646 1756 4717 Spiritum

180 4751 439 4798 sanctum
469 4740 524 4793 in
552 4740 718 4794 rebus
739 4738 935 4794 creatis
959 4738 1299 4793 numerabat.
1331 4736 1574 4792 Primum
1602 4736 1759 4790 docet

185 4833 383 4888 homil.
409 4849 468 4899 ι,
495 4847 618 4901 cap.
651 4831 719 4886 15
747 4840 802 4885 et
827 4830 916 4896 16,
950 4839 1008 4885 et
1047 4829 1273 4900 Recogn.
1304 4830 1397 4884 lib.
1432 4846 1483 4895 v,
1517 4844 1637 4899 cap.
1667 4828 1755 4882 19.

183 4927 439 4980 Alterum
488 4924 679 4979 multis
725 4924 859 4979 locis
906 4932 1156 4978 testatur.
1192 4923 1267 4978 De
1297 4924 1448 4978 cultu
1492 4920 1669 4975 Patris
1706 4928 1762 4974 et

182 5014 309 5069 Filii
345 5015 427 5069 sic
462 5014 705 5084 loquitur
742 5013 938 5068 Petrus
969 5014 1061 5069 lib.
1113 5030 1146 5068 χ
1187 5013 1457 5083 Recognit.
1501 5028 1621 5081 cap.
1649 5010 1757 5065 47:

183 5106 332 5174 Quid
363 5108 505 5160 enim
526 5116 605 5159 est
638 5105 693 5158 in
727 5121 829 5175 quo
855 5105 1128 5157 adversari
1155 5104 1523 5173 prtedicationi
1565 5112 1761 5160 nostra:

181 5204 300 5272 quis
326 5201 560 5255 debeat?
579 5211 671 5253 aut
698 5200 755 5253 in
790 5216 894 5269 quo
919 5208 1106 5252 contra
1136 5200 1243 5252 veri
1267 5198 1571 5267 honestique
1602 5198 1759 5267 ﬁdem

181 5309 357 5349 sermo
385 5290 785 5362 prtedicationis
817 5302 1014 5344 nostri:
1040 5290 1487 5360 deprehenditur?
1505 5290 1594 5359 qui
1627 5288 1757 5341 dicit

184 5384 557 5440 honorandum
589 5399 700 5438 esse
725 5382 892 5439 Deum
927 5393 976 5437 et
1014 5380 1231 5435 Patrem
1263 5382 1495 5435 omnium
1521 5380 1761 5434 condito-

187 5496 319 5543 rem,
345 5478 564 5547 ejusque
593 5476 791 5529 Filium
815 5481 905 5547 qui
928 5474 1072 5528 solus
1097 5490 1217 5528 eum
1234 5484 1283 5529 et
1309 5474 1628 5528 voluntatem
1644 5474 1758 5544 ejus

187 5570 352 5632 uouit,
390 5569 581 5637 cuique
615 5566 718 5620 soli
767 5567 831 5619 de
875 5565 1116 5619 omnibus
1158 5563 1472 5617 credendum
1520 5574 1597 5619 est
1642 5580 1760 5634 quae

191 5661 437 5729 στωικρῆ
466 5674 485 5712 :
515 5658 659 5713 solus
705 5660 845 5712 enim
886 5665 963 5711 est
1008 5657 1093 5709 lex
1120 5664 1171 5709 et
1199 5654 1471 5725 legislator
1516 5666 1565 5710 et
1590 5654 1757 5727 judea;

259 5796 379 5866 (16)
406 5794 637 5866 ipsum,
668 5792 816 5866 Dial.
842 5809 965 5866 cup.
995 5793 1081 5866 47.

259 5809 379 5866 (to)
406 5809 637 5855 Justtn.,
668 5809 816 5847 mat.
842 5809 903 5845 ca
949 5834 961 5846 .
995 5809 1081 5846 si.

259 5866 380 5938 (17)
420 5864 668 5931 Hieron.,
708 5862 878 5934 Epist.
905 5809 994 5931 ἕο,
1024 5864 1089 5917 ad
1112 5861 1345 5935 August.

1862 4656 2200 4720 Lactantius,
2226 4654 2330 4709 erit
2358 4662 2570 4723 tempus
2595 4653 2663 4706 de
2694 4652 2779 4705 his
2809 4649 2999 4716 agendi
3036 4647 3209 4714 stragis
3235 4660 3430 4714 oppor-

1863 4762 2080 4817 tunum,
2113 4764 2238 4803 cum
2285 4746 2564 4802 solvendis
2608 4752 2925 4799 sanctorum
2973 4740 3196 4795 Patrum
3237 4739 3429 4793 didici-

1860 4844 2088 4899 lioribus
2118 4841 2253 4895 locis
2278 4854 2497 4909 operam
2530 4837 2800 4892 dabimus.

1937 4950 1956 4983 ι
2004 4929 2082 4985 Ex
2113 4931 2199 4984 his
2225 4939 2407 4983 autem
2432 4941 2554 4996 qua:
2577 4925 2882 4987 attulimus,
2921 4920 3077 4978 facile
3104 4921 3432 4991 perspicitur

1862 5022 2011 5077 hunc
2040 5022 2364 5091 scriptorem
2391 5034 2497 5072 non
2524 5016 2687 5069 modo
2717 5016 2853 5069 nihil
2880 5016 3082 5069 habere
3105 5014 3249 5082 quod
3273 5011 3431 5066 Ebio—

1861 5117 2102 5170 nitarum
2132 5128 2374 5169 errorem
2406 5110 2669 5173 redoleat,
2704 5107 2797 5162 sed
2822 5107 2987 5160 etiam
3019 5107 3086 5161 de
3119 5104 3238 5158 Filii
3265 5115 3427 5158 aeter-

1862 5209 2050 5273 nitate,
2083 5206 2478 5275 omnipotentia
2516 5214 2571 5257 et
2594 5219 2717 5257 vera
2762 5217 2826 5255 ex
2881 5200 3041 5254 Patre
3078 5198 3429 5267 generatione

1861 5307 2005 5355 recte
2027 5298 2249 5353 sentire.
2277 5297 2458 5362 Quare
2483 5310 2605 5365 quae
2627 5296 2694 5349 de
2719 5291 2991 5346 Nazara'is
3015 5288 3265 5344 Justinus
3289 5287 3424 5355 (l6),

1860 5390 2226 5460 Hieronymus
2255 5389 2369 5458 (l7)
2400 5396 2455 5442 et
2486 5387 2826 5457 Augustinus
2850 5383 2964 5451 (l8)
3007 5389 3297 5441 testantur,
3330 5392 3427 5431 eos

1860 5481 2120 5534 nimirum
2154 5478 2278 5532 Filii
2325 5478 2666 5533 divinitatem
2712 5475 3031 5545 agnovisse;
3086 5486 3150 5525 ea
3195 5469 3321 5539 quis
3370 5468 3423 5521 in

1860 5571 2087 5627 dubiant
2109 5578 2346 5632 revocet,
2376 5584 2500 5623 cum
2535 5578 2589 5621 et
2611 5566 2777 5620 tantis
2802 5542 3125 5617 auctoribus
3154 5561 3423 5623 nitantur,

1860 5670 1916 5719 et
1968 5663 2023 5717 in
2075 5662 2347 5732 scriptore
2382 5660 2516 5729 legis
2553 5656 2993 5713 observationem
3039 5653 3299 5708 audacter
3327 5652 3421 5706 do-

1937 5796 2049 5870 (18)
2088 5794 2346 5869 August.,
2378 5794 2472 5849 lib.
2508 5791 2581 5845 De
2609 5793 2793 5845 haeres.
