3868 6212
477 353 542 412 to
1320 363 1379 420 s.
1419 350 1809 419 CLEMENTIS
1843 351 1864 417 ῐ
1900 351 2065 418 ROM.
2101 358 2301 420 pom.
2324 348 2569 420 Opem
2604 350 2831 423 unum:
3643 363 3748 419 eo

473 477 629 527 conte
676 478 728 527 et
774 471 1126 543 praedicante,
1175 480 1457 551 conceptis
1514 480 1700 535 verbis
1744 481 2112 550 legantur?A
2205 480 2479 537 Caeterum
2508 479 2771 535 Cotelerii
2802 479 3096 536 editionem
3138 478 3280 552 typis
3330 479 3741 536 excudendam

472 556 674 616 Praeter
700 562 836 632 legis
879 564 1316 623 observationem
1365 577 1418 624 et
1466 569 1625 624 [idem
1656 570 1710 624 in
1755 570 2038 625 Christum
2140 575 2478 632 curavimus.
2525 572 2680 631 Notis
2706 573 3075 631 Cotelerianis
3110 587 3176 626 ea
3220 572 3423 641 passim
3471 572 3741 627 intexui—

476 650 668 718 Deum,
714 653 846 708 illud
904 656 1069 712 etiam
1116 658 1242 715 huic
1294 661 1547 731 scriptori
1598 676 1723 717 cum
1765 659 2040 718 Nazaraais
2139 682 2264 722 mus
2288 682 2409 737 qua:
2434 662 3376 729 animadvertiteruditusDavisius,
3399 663 3466 718 ad
3499 672 3741 717 textum

470 755 768 802 commune
818 755 925 813 est,
972 750 1121 819 quod
1171 750 1479 808 Pharisaeos
1525 754 1724 809 acriter
1765 755 2039 810 interdum
2139 758 2487 829 potissimum
2553 757 2958 812 emendandum
3032 765 3347 825 comparata
3401 773 3414 809 :
3470 751 3740 825 paucula

473 836 792 907 insectatur,
816 850 876 895 ut
896 841 1085 898 homil.
1118 860 1195 909 XI,
1232 860 1390 914 capp.
1409 838 1482 901 28
1505 856 1559 901 et
1596 843 1666 904 29
1692 858 1744 903 et
1766 842 2036 920 Recognit.
2138 851 2302 906 etiam
2343 866 2409 905 ex
2438 842 2648 905 Joanne
2686 850 2900 905 Clerico
2936 844 3239 919 adiecimus
3268 867 3281 901 :
3317 856 3549 917 utraque
3578 862 3741 903 vero

468 927 569 983 ιιι).
599 944 638 996 I,
664 945 784 1000 cap.
828 933 920 989 54.
961 953 981 987 ι
1018 933 1136 991 Huc
1166 951 1339 1006 usque
1369 938 1726 997 doctissimus
1758 940 2035 997 Maranus.
2138 958 2206 997 ex
2258 943 2451 997 iterata
2495 931 2717 996 Patrum
2749 938 3183 1012 Apostolicorum
3217 938 3457 993 editione
3486 939 3741 993 Anastas-

543 1019 655 1077 Vll.
700 1020 881 1079 Unum
916 1034 1099 1083 tamen
1132 1038 1237 1095 est,
1271 1030 1419 1101 quod
1446 1031 1537 1088 hic
1569 1048 1913 1092 moneamus.
1944 1024 2042 1090 Ni-
2139 1036 2440 1091 lodamensi
2488 1035 2913 1105 desumpsimus.
2957 1024 3216 1102 Epistolas
3261 1031 3364 1087 sub
3408 1030 3736 1085 Clementis

468 1112 697 1179 mirum,
753 1117 859 1170 sub
903 1117 1096 1172 harum
1142 1118 1596 1189 disquisitionum
1642 1123 1858 1179 initium
1920 1125 2040 1194 op‘i-
2139 1129 2365 1185 nomine
2402 1122 2609 1185 Jacobo
2640 1128 2916 1197 inscriptae
2952 1118 3203 1181 Graecum
3241 1123 3521 1194 exemplar
3563 1120 3737 1177 stiti-

470 1212 631 1259 natus
653 1214 737 1261 est
765 1204 829 1263 Υ.
858 1206 920 1264 C.
954 1207 1386 1281 Recognitionum
1407 1222 1461 1269 et
1486 1204 1842 1271 Homiliarum
1870 1230 2038 1271 unum
2141 1236 2265 1275 mus
2315 1220 2459 1275 inter
2515 1219 2790 1288 duplicem
2842 1217 3177 1279 versionem,
3225 1214 3451 1268 alteram
3500 1210 3734 1275 Ruﬁni,

468 1304 524 1351 et
554 1296 695 1354 idem
732 1315 871 1370 opus
897 1317 1042 1367 esse,
1091 1304 1187 1359 sed
1233 1322 1341 1361 non
1385 1301 1555 1363 semel
1611 1309 1842 1376 editum,
1892 1310 2040 1380 quod
2141 1306 2369 1361 alteram
2448 1301 2704 1362 Cotelerii
2760 1315 2774 1359 t
2829 1305 2990 1374 eique
3062 1312 3328 1374 praeterea
3412 1300 3736 1355 nonnullas

471 1387 681 1454 pridem
716 1391 1089 1450 insinuaverat
1115 1395 1423 1454 Cotelerius
1463 1414 1527 1455 ac
1553 1410 1679 1470 post
1704 1418 1906 1457 annum
1936 1401 2039 1456 l70
2140 1399 2448 1455 doctissimi
2480 1397 2764 1454 Coutantii
2801 1398 3183 1452 adnotationes
3206 1411 3272 1450 ex
3301 1395 3422 1466 ejus
3451 1393 3730 1464 Epistolis

472 1478 669 1538 litteris
699 1485 982 1543 traditum.
1030 1485 1227 1543 Verum
1263 1499 1558 1561 antequam
1604 1493 1719 1549 hac
1761 1494 2039 1550 describe-
2139 1485 2501 1545 Romanorum
2562 1491 2872 1559 pontiﬁcum
2920 1489 3304 1563 subiecimus:
3347 1488 3440 1557 qui
3474 1496 3526 1541 et
3574 1487 3733 1541 illud

467 1584 677 1641 remus,
706 1578 773 1632 de
822 1570 1282 1650 Recognitionibus
1330 1583 1443 1654 jam
1499 1576 1679 1640 fuerat
1728 1586 1890 1642 nobis
1944 1587 2041 1642 de-
2138 1584 2395 1640 observat
2422 1576 2563 1653 (30),
2586 1582 2834 1637 eamdem
2867 1572 3193 1651 Epistolam,
3220 1589 3509 1649 postquam
3539 1593 3568 1630 a
3600 1575 3735 1630 Ru-

471 1672 864 1736 monstratum,
892 1668 1013 1727 illas
1050 1666 1272 1728 demum
1318 1676 1525 1746 scripto
1563 1692 1669 1731 non
1704 1676 1873 1734 fuisse
1903 1690 2038 1734 con-
2140 1677 2252 1733 lino
2282 1669 2575 1732 Latinitate
2598 1675 2801 1730 donata
2835 1682 2941 1739 est,
2967 1671 3296 1742 quibusdam
3341 1669 3581 1739 antiquis
3607 1668 3731 1723 Ca-

470 1756 714 1827 signatas
758 1771 884 1816 ante
929 1778 1135 1818 annum
1179 1763 1308 1821 2l6.
1351 1759 1802 1821 Clementinorum
1855 1777 2037 1823 autem
2075 1823 2105 1827 _
2142 1785 2347 1824 nonum
2380 1764 2794 1823 collectionibus
2844 1766 3104 1819 insertam
3151 1762 3339 1817 luisse.
3376 1760 3516 1815 Hinc
3560 1760 3728 1815 haud

470 1857 751 1903 auctorem
798 1852 944 1908 circa
990 1870 1195 1910 annum
1239 1855 1445 1913 Christi
1468 1857 1576 1912 250
1601 1857 1876 1927 ﬂoruisse,
1907 1875 2034 1915 cum
2072 1823 2114 1877 Β
2146 1863 2397 1927 miratur,
2448 1862 2595 1915 illam
2658 1875 2804 1914 anno
2858 1858 2954 1912 441
3010 1873 3041 1911 a
3083 1856 3321 1911 concilio
3384 1851 3618 1909 Vasensi
3675 1868 3725 1919 ι,

471 1933 684 1995 Joanne
732 1937 902 1998 Millio
953 1947 1429 2017 existima’bamus,
1465 1950 1561 2019 qui
1606 1950 1725 2019 ejus
1770 1949 2039 2009 Homilias
2143 1970 2265 2009 can.
2301 1952 2389 2019 l6,
2419 1967 2484 2008 ac
2512 1952 2745 2007 subinde
2768 1966 2797 2005 a
2825 1947 3051 2004 Nicolao
3085 1947 3127 2014 Ι,
3152 1946 3364 2002 Joanne
3394 1944 3531 2013 Vill,
3559 1943 3729 1998 aliis—

469 2032 646 2116 erlitas
675 2032 843 2089 fuisse
868 2039 1182 2111 censet(19)
1206 2041 1309 2095 sub
1335 2040 1476 2095 idem
1506 2047 1721 2113 tempus
1741 2056 1852 2114 quo
1879 2060 2036 2099 suam
2139 2062 2248 2116 que
2268 2044 2565 2101 Clementis
2606 2042 2827 2098 nomine
2859 2040 3030 2096 fuisse
3072 2041 3349 2094 laudatam
3383 2058 3395 2095 :
3420 2053 3528 2109 qua
3581 2036 3727 2107 qui-

473 2113 825 2179 Harmoniam
851 2129 1220 2197 perscribebat
1249 2132 1575 2189 Ammonius
1611 2113 2034 2191 Alexandrinus.
2140 2113 2263 2194 dem
2288 2137 2343 2192 in
2367 2151 2427 2192 re
2454 2135 2763 2192 adnotanda
2791 2134 3078 2204 praaiverat
3100 2132 3429 2190 Cotelerius.

543 2258 659 2400 £19;
698 2258 856 2346 Mill.,
885 2260 1185 2334 Prolegom.
1221 2267 1288 2321 ad
1317 2264 1381 2320 N.
1410 2264 1473 2322 Τ.
1507 2266 1626 2335 Gr.,
1671 2268 1829 2340 5670

565 2329 634 2381 20
692 2331 974 2399 (.outant.,
1012 2335 1258 2400 Append.
1292 2339 1358 2391 ad
1390 2337 1589 2400 Epistt.
1622 2338 1777 2395 Rom.
1817 2342 1961 2400 ponti

722 2335 974 2399 :outant.,
1012 2335 1258 2405 Append.
1292 2339 1358 2391 ad
1390 2337 1589 2407 Epistt.
1622 2335 1777 2395 Rom.
1816 2342 2035 2413 pontif.,
2063 2355 2118 2411 p.
2147 2339 2201 2407 5,
2236 2338 2262 2410 ς
2298 2337 2353 2393 6.

1087 2501 1881 2781 ﬁCLEMEN
1888 2622 2189 2781 TIS
2318 2617 3062 2779 ROMANI

1765 2900 1949 2974 QUJE
2008 2900 2441 2964 FERUNTUR

866 3053 2112 3225 HOMILI/E
2278 3050 3333 3221 VIGINTI

1312 3347 1637 3439 NUNC
1707 3344 2187 3437 PRIMUM
2263 3342 2870 3437 INTEGBAE.

477 3517 750 3578 Tcxtum
783 3518 857 3579 ad
894 3518 1176 3580 codicem
1206 3520 1711 3582 Ottobonianum
1745 3518 2104 3588 constituit,
2141 3517 2510 3580 versionem
2561 3514 2862 3579 Cotelerii
2907 3511 3145 3590 passim
3180 3510 3480 3583 correxit,
3533 3524 3717 3571 eam-

557 3614 683 3671 que
728 3597 1026 3667 absolvit,
1062 3598 1328 3661 selectas
1362 3598 1651 3661 virorum
1684 3598 2017 3660 doctorum
2056 3614 2083 3658 ε

556 3676 881 3747 Busan,
930 3676 1082 3755 phil.
1146 3680 1240 3738 D’.
1682 3748 1704 3755 Α

2189 3613 2241 3658 lS
2272 3614 2557 3676 suasque
2593 3592 2929 3674 subjunsit
2960 3590 3265 3653 Albertus
3315 3590 3478 3651 Rud.
3540 3591 3716 3651 Max.

865 3718 881 3747 ’
930 3718 1082 3747 μΙΙΙΙο
1146 3718 1195 3738 u
1227 3724 1240 3738 ο

1077 3872 1503 3954 (ΟΟΤΤΙΝΟΑΞ,
1534 3902 1827 3943 εωίιιτιιιιτε
1859 3903 2123 3943 ιιθιυιιιε
2165 3900 2595 3942 υιετειιιειιιλκε

1660 3903 1827 3943 ιτιιιιτε
1859 3903 2123 3943 ιιθιυιιιε
2165 3900 2618 3942 ωετειιιειιιωιε.
2652 3899 2944 3949 unoccun,
2993 3881 3187 3950 iri-8'.)

1722 4126 2313 4219 LECTURIS
2380 4125 2475 4215 S.

551 4289 671 4347 Duo
709 4294 986 4362 praestanti
1012 4294 1255 4349 doetrina
1277 4296 1398 4363 uiri,
1422 4295 1480 4352 J.
1510 4296 1575 4351 Β.
1605 4298 1899 4355 Cotelerius
1918 4310 1968 4355 et
2000 4298 2059 4354 Ι.
2098 4292 2357 4367 Clericus,
2387 4300 2445 4353 in
2485 4294 2758 4362 Homiliis,
2786 4308 2904 4366 quae
2934 4294 3215 4350 Clementis
3250 4293 3475 4349 Romani
3510 4296 3724 4349 nomine

478 4383 942 4454 circumferuntur,
972 4388 1208 4454 edendis,
1240 4389 1532 4459 complures
1555 4392 1610 4443 in
1641 4392 1828 4446 iisdem
1856 4393 2195 4447 emendandis
2226 4402 2381 4462 atque
2410 4389 2819 4462 interpretandis
2845 4398 2995 4443 tanta
3021 4405 3140 4442 cum
3166 4387 3447 4458 diligentia
3474 4404 3535 4441 ac
3564 4387 3725 4441 laude

480 4478 675 4532 versati
706 4491 851 4545 sunt,
884 4490 941 4533 ut
971 4480 1258 4534 multorum
1281 4480 1487 4551 judicio
1512 4485 1655 4546 aliis,
1700 4485 1839 4555 quod
1878 4494 2113 4556 agerent,
2152 4485 2428 4556 reliquisse
2472 4478 2773 4539 viderentur
2802 4493 2894 4536 aut
2919 4498 3145 4552 paucam
3183 4492 3277 4534 aut
3308 4481 3459 4535 nihil.
3504 4476 3724 4534 Verum-

477 4572 761 4637 enimvero,
790 4575 881 4644 qui
918 4576 996 4629 ita
1045 4586 1365 4643 statuerunt,
1397 4579 1539 4632 haud
1574 4580 1906 4633 medioeriter
1933 4562 2135 4634 errant.
2172 4574 2313 4633 Nam
2337 4580 2632 4650 quicunque
2672 4576 2888 4631 illorum
2929 4574 3091 4630 libros
3123 4575 3351 4629 excussit
3390 4574 3721 4635 accuratius,

478 4673 736 4732 quantum
767 4666 834 4718 iis
877 4662 947 4719 ad
977 4668 1366 4737 perfectionem,
1403 4680 1562 4740 quam
1590 4670 1644 4722 in
1673 4670 1768 4723 hoc
1797 4677 1979 4739 genere
2019 4668 2333 4741 expetimus,
2376 4670 2531 4735 desit,
2572 4668 2730 4738 facile
2752 4667 3161 4721 animadvertat.
3195 4665 3278 4718 Ea:
3316 4681 3448 4718 nova
3497 4681 3721 4737 quoque,

478 4766 597 4824 qua:
626 4755 947 4809 vehementer
975 4756 1396 4823 desiderabatur,
1433 4755 1748 4830 Sehwegleri
1769 4760 2000 4814 editione
2031 4760 2086 4812 id
2128 4761 2260 4814 satis
2287 4774 2539 4829 superque
2565 4758 2779 4829 probari
2800 4767 2963 4827 patet.
3001 4756 3186 4809 Adhuc
3215 4756 3324 4809 hcce
3347 4765 3519 4809 erant.
3544 4758 3619 4809 Ac
3640 4751 3725 4810 ills

477 4849 709 4918 quidem,
738 4849 866 4919 quid
894 4850 1049 4903 unius
1096 4860 1303 4904 tantum
1340 4851 1537 4906 codicis
1582 4851 1903 4921 supellectile
1942 4860 1993 4905 et
2036 4853 2357 4906 auctoritate
2402 4850 2668 4921 ingenium
2713 4865 2901 4919 arsque
2940 4849 3126 4903 critica
3165 4848 3358 4917 efﬁcere
3397 4857 3591 4916 posset,
3621 4865 3721 4903 non

478 4946 674 5017 absque
700 4961 943 5000 successu
975 4947 1332 5001 ostenderunt.
1363 4937 1553 5018 Itaque
1582 4959 1701 4999 cum
1734 4946 1813 4999 uel
1834 4951 1946 5015 post
1982 4954 2056 5000 tot
2080 4954 2357 5017 tantasque
2384 4946 2618 4999 virorum
2645 4945 2919 4999 doctorum
2945 4942 3363 4997 elucubrationes
3400 4951 3555 5009 atque
3579 4956 3723 4994 com-

479 5037 827 5092 mentationes
855 5038 1128 5108 scriptoris
1157 5041 1325 5093 nostri
1360 5041 1498 5092 ratio
1528 5040 1682 5093 etiam
1717 5048 1839 5091 tunc
1866 5054 1929 5092 ea
1952 5047 2106 5104 esset,
2133 5046 2194 5091 ut
2230 5038 2285 5092 in
2313 5038 2497 5107 primis
2523 5036 2636 5107 ejus
2665 5047 2837 5091 textus
2869 5035 3203 5089 restitutione
3237 5032 3293 5087 in
3325 5035 3583 5104 integrum
3607 5051 3721 5102 ege-

479 5142 580 5197 ret,
609 5132 657 5185 si
683 5148 709 5184 e
733 5131 876 5201 fonte
896 5132 1109 5185 haurire
1136 5130 1379 5184 vellemus
1392 5129 1695 5200 Jim‘pidiori
1716 5131 2041 5200 puriorique,
2068 5130 2268 5199 factum
2298 5139 2374 5183 est
2399 5138 2457 5183 ut
2492 5129 2755 5183 auxilium
2784 5129 3101 5183 inveniretur
3119 5136 3169 5182 et
3194 5140 3274 5194 eo,
3300 5144 3402 5198 quo
3432 5127 3722 5182 Cotelerius

479 5232 607 5279 usus
632 5233 731 5292 est,
761 5224 1014 5290 validius,
1046 5232 1097 5277 et
1114 5222 1343 5293 cujusvis
1383 5220 1581 5292 judicii
1611 5222 1786 5275 critici
1826 5224 2067 5276 acumine
2104 5221 2367 5292 superius.
2413 5219 2557 5274 Nam
2601 5220 2809 5274 ercos
2843 5219 3115 5273 Vaticana:
3155 5212 3481 5272 bibliotheca:
3522 5219 3721 5272 cudic‘es

477 5307 828 5389 perlustranti
869 5316 999 5369 mihi
1032 5316 1277 5385 contigit,
1304 5327 1359 5367 ut
1391 5313 1685 5382 quindecim
1715 5312 1903 5367 abhinc
1932 5315 2085 5367 annis
2125 5315 2182 5367 in
2213 5331 2312 5369 ms.
2341 5312 2624 5366 inciderem
2667 5328 2769 5365 non
2801 5310 2971 5364 solum
3011 5306 3261 5364 Parisino
3298 5308 3455 5372 libro,
3480 5311 3584 5375 cui,
3608 5324 3723 5380 qua!

479 5412 728 5465 hactenus
762 5408 1123 5463 Homiliarum
1167 5410 1529 5471 innotuerant,
1569 5405 1832 5463 debemus.
1864 5405 2013 5475 longe
2050 5406 2415 5476 prtestantius,
2464 5420 2640 5459 verum
2667 5404 2828 5459 etiam
2855 5400 3131 5473 integrius,
3162 5402 3350 5472 quippe
3375 5402 3513 5471 quod
3551 5412 3599 5456 et
3635 5420 3722 5457 ea-

482 5510 602 5557 rum
627 5509 831 5570 partem
865 5509 974 5554 tam
1001 5500 1096 5553 diu
1127 5500 1331 5569 frustra
1371 5498 1679 5568 requisitam
1712 5497 1983 5567 prazberet.
2024 5499 2097 5553 Ac
2136 5498 2236 5567 fuit
2274 5497 2505 5567 quidem,
2538 5513 2655 5550 cum
2691 5492 2820 5549 mihi
2856 5512 3056 5566 quoque
3090 5504 3310 5564 tempus,
3346 5510 3465 5564 qua:
3506 5494 3724 5563 feliciter

480 5596 809 5657 inveneram,
838 5588 995 5662 digne
1033 5589 1342 5645 elaborandi
1371 5590 1633 5661 propitius
1658 5605 1957 5645 concessum
1985 5590 2097 5659 fore
2120 5590 2437 5655 arbitrarer,
2483 5588 2529 5643 si
2560 5584 2800 5657 inﬁnitus
2823 5587 2973 5641 labor
3007 5586 3221 5641 criticus
3257 5587 3467 5655 scriptis
3504 5585 3723 5641 Patrum

492 5679 909 5757 apostolicoi‘um
934 5686 1276 5740 emendandis
1302 5702 1334 5757 a
1355 5701 1437 5740 me
1463 5692 1730 5754 susceptus
1754 5684 2108 5754 requiescendi
2147 5684 2358 5737 initium
2397 5681 2752 5736 concessisset.
2799 5679 2971 5744 Quam
3011 5695 3149 5747 spem
3180 5696 3336 5749 grave
3354 5664 3357 5667 Α
3375 5679 3720 5747 infortunium

484 5775 690 5845 fefellit.
725 5776 865 5832 Nam
897 5777 1086 5832 medici
1126 5775 1405 5839 cuiusdam
1440 5774 1769 5831 Monacensis
1812 5773 2017 5828 incuria
2060 5782 2214 5845 atque
2260 5773 2475 5829 inscitia
2516 5772 2686 5828 altero
2734 5770 2888 5827 oculo
2936 5781 3144 5842 captus,
3177 5769 3344 5825 altera
3387 5768 3711 5834 debilitatus.
