3868 6212
140 386 202 444 ﬂ
1279 391 1733 449 CLEMENTINA.
1774 425 1843 438 —
1873 395 2234 451 PROCEMIA.
3327 404 3406 458 22'

136 510 400 574 quantum
431 501 750 557 valetudinis
781 504 1072 576 viriumque
1099 517 1394 577 supererat,
1427 509 1497 561 ad
1534 526 1596 563 ea
1627 505 1846 572 contuli,
1887 525 2003 579 qntz
2041 509 2259 578 majoris
2301 511 2548 565 momenti
2569 513 2695 566 mihi
2719 523 2870 568 erant
2905 513 3217 569 absolvenda
3246 527 3402 587 atque

133 601 482 671 perficienaa.
523 599 642 665 Quo
672 601 814 670 facto
843 601 913 654 ad
943 599 1261 658 Clementem
1288 603 1585 658 Romanum
1614 621 1847 659 reversus
1868 605 2053 673 jamin
2075 605 2254 659 limine
2273 608 2508 676 cognovi,
2539 608 2600 660 ob
2631 611 2974 663 recentiorum
3006 610 3281 674 librorum,
3311 614 3404 682 qui

134 699 191 751 in
230 699 508 752 auxilium
538 699 761 752 vocandi
782 707 973 765 essent,
1006 697 1189 754 Romae
1217 703 1516 770 penuriam,
1540 701 1707 771 justis
1734 702 2007 755 hominum
2040 703 2492 771 transulpinorum
2515 705 2790 760 desideriis
2812 722 3019 759 menon
3052 709 3130 760 ita
3181 709 3405 778 satisfa-

135 805 352 849 cturum
378 814 514 865 esse,
543 809 600 851 ut
634 797 690 849 in
718 812 925 850 summa
954 795 1188 864 faciendi
1225 799 1494 852 voluntate
1521 806 1634 852 erat
1667 807 1717 851 et
1749 798 1951 868 alioqui
1968 797 2086 867 ﬁeri
2127 800 2403 867 potuisset.
2440 797 2572 854 Htec
2599 800 2899 872 similiaque
2937 817 3052 854 cum
3084 811 3408 870 reputarem,

138 896 330 948 timens
355 911 423 948 ne
447 895 578 964 quid
607 896 881 966 indignum
898 898 995 951 hac
1016 905 1172 952 celate
1195 895 1323 948 mihi
1347 894 1631 959 excideret,
1647 911 1705 948 eo
1727 894 1833 965 fere
1856 903 2062 947 ventum
2085 904 2182 959 est,
2201 904 2256 947 ut
2279 912 2310 948 a
2335 893 2594 949 Clemente
2611 894 2848 950 Romano
2863 899 3153 969 evulgando
3183 900 3404 955 desiste—

137 1006 266 1043 rem.
292 989 555 1045 Attameu
573 993 783 1053 amicis,
799 1009 860 1046 ne
887 995 1093 1046 inventa
1111 992 1240 1045 mihi
1262 989 1518 1044 oblivione
1539 991 1709 1042 denuo
1729 989 2093 1058 sepelirentur,
2112 992 2304 1044 iterum
2325 991 2616 1061 iterumque
2637 993 3043 1048 adhortantibus
3067 997 3277 1049 tandem
3295 1013 3408 1051 cen-

137 1087 222 1140 sui
238 1102 357 1140 esse
388 1087 840 1143 cedendumJam
863 1091 1002 1143 enim
1019 1103 1329 1158 persuasum
1349 1087 1478 1140 mihi
1497 1096 1595 1149 est,
1618 1101 1735 1156 quae
1759 1084 2009 1139 Homiliis
2026 1086 2214 1140 critica
2240 1086 2571 1140 adminicula
2595 1097 2708 1139 tum
2733 1103 2760 1142 e
2778 1089 2955 1143 codice
2973 1102 3195 1160 reperto,
3212 1102 3320 1144 tum
3343 1108 3408 1146 ex

135 1185 378 1238 editione
410 1185 650 1254 principe
674 1184 856 1251 attuli,
899 1186 946 1238 si
983 1197 1188 1255 partem
1217 1184 1471 1236 hactenus
1499 1181 1752 1235 ineditam
1779 1182 1969 1246 addas,
2009 1199 2184 1236 coram
2225 1182 2314 1248 iis,
2345 1198 2497 1251 penes
2536 1198 2665 1252 quos
2701 1184 2857 1253 hujus
2879 1187 2976 1250 ‘rei
3007 1187 3273 1254 judicium
3305 1199 3415 1251 est,

140 1276 489 1344 cquiparare
513 1293 572 1329 ea
610 1293 762 1346 posse
787 1278 1000 1347 quantis
1026 1276 1223 1330 notulis
1249 1277 1637 1346 explanatoriis
1667 1276 1840 1329 adhuc
1867 1277 2099 1344 indigere
2129 1275 2426 1329 videantur.
2464 1277 2539 1330 Ac
2581 1279 2841 1331 mentione
2871 1278 3119 1332 editionis
3156 1279 3409 1348 principis

146 1371 296 1438 facta
325 1387 438 1424 non
477 1372 611 1425 satis
641 1373 830 1425 mirari
855 1388 1093 1441 possum,
1119 1371 1381 1442 quomodo
1413 1369 1726 1440 Schwegleri
1751 1370 2082 1438 diligentiam
2120 1379 2170 1422 et
2207 1370 2554 1439 sagacitatem
2584 1387 2789 1423 summa
2827 1374 3112 1426 necessitas
3143 1373 3411 1442 e/fugerit,

146 1481 261 1520 eam
287 1467 372 1521 rel
412 1468 814 1523 accuratissime
849 1471 1129 1534 revisendi,
1169 1486 1270 1540 quo
1299 1469 1605 1524 vulneribus
1638 1470 1692 1522 in
1719 1468 1888 1522 tribus
1918 1466 1974 1522 J.
2013 1467 2208 1522 Clerici
2235 1469 2356 1524 edd.
2401 1485 2489 1522 an.
2537 1468 2698 1534 1698,
2729 1468 2886 1536 1⁸700,
2918 1470 3056 1524 1724
3097 1472 3264 1526 textui
3297 1472 3412 1541 ejus

148 1564 376 1632 inflictis
413 1565 617 1618 medela
639 1565 946 1633 aﬂ'erretur.
981 1565 1116 1620 Istic
1154 1565 1650 1620 nimirum—sileo
1683 1564 1892 1618 levioris
1933 1564 2183 1617 momenti
2234 1564 2424 1616 menda
2447 1591 2514 1602 -
2541 1562 2724 1616 multa:
2769 1579 2913 1618 voces
2954 1567 3199 1633 omissae,
3239 1567 3414 1635 plures

149 1670 343 1713 contra
375 1660 559 1717 Paris.
588 1661 713 1716 libri
745 1666 1117 1718 auctoritatem
1157 1665 1269 1718 sine
1305 1662 1421 1718 ulla
1466 1679 1632 1718 causa
1662 1661 1822 1715 tacite
1867 1670 2106 1726 mutatas,
2137 1659 2381 1729 plurimm
2419 1675 2688 1728 perperam
2719 1669 3002 1729 corruptae.
3035 1659 3168 1725 Qua:
3204 1662 3413 1732 quidem

148 1758 339 1826 paucis
369 1760 602 1829 exceptis
629 1777 731 1814 non
752 1761 922 1816 solum
945 1778 978 1815 a
1004 1761 1290 1816 novissimo
1317 1761 1519 1814 editore
1553 1759 1794 1828 repetita,
1819 1757 1909 1811 sed
1941 1773 2073 1810 nova
2109 1773 2350 1810 errorum
2393 1755 2629 1825 congerie
2662 1765 2819 1809 aucta
2850 1766 2996 1810 sunt.
3032 1755 3090 1810 Is
3125 1759 3264 1812 enim
3291 1755 3414 1821 Cle-

150 1853 256 1906 rici
295 1856 652 1909 recensionem
676 1867 874 1910 textum
901 1854 1149 1908 editionis
1188 1871 1270 1922 pr.
1305 1853 1588 1924 genuinum
1617 1862 1836 1922 putans,
1861 1852 2053 1905 centies
2077 1851 2338 1906 Cotelerio
2374 1852 2509 1906 hanc
2537 1851 2747 1905 illamve
2773 1851 3048 1906 lectionem
3093 1869 3184 1906 seu
3226 1852 3415 1905 bonam

149 1965 246 2003 seu
274 1965 501 2020 pravam
526 1953 754 2020 afﬁnxit,
787 1953 850 2007 de
875 1969 980 2022 qua
1010 1951 1102 2006 ille
1129 1968 1192 2005 ne
1221 1951 1488 2004 somniare
1514 1950 1722 2020 quidem
1755 1965 1918 2002 ausus
1943 1959 2042 2005 est.
2086 1948 2254 2003 Taceo
2300 1949 2525 2020 reliqua,
2555 1965 2673 2020 qua:
2720 1949 2784 2002 ab
2826 1949 2951 2002 aliis
2988 1947 3214 2018 intelligi
3251 1946 3414 2006 malo.

149 2060 315 2111 quam
342 2063 378 2099 a
417 2064 498 2102 me
528 2049 658 2104 dici.
694 2047 778 2102 Ne
808 2048 982 2101 multa
1005 2063 1025 2102 .°
1054 2064 1118 2102 en
1169 2047 1266 2100 tibi
1319 2047 1672 2100 recensionem
1723 2042 2086 2098 Homiliarum
2127 2045 2392 2114 prioribus
2429 2045 2812 2099 accuratiorem
2855 2052 2924 2108 et,
2978 2044 3026 2098 si
3063 2043 3420 2112 integritatem

150 2146 368 2208 spectas
401 2139 666 2202 ,omnibus
709 2141 942 2194 numeris
970 2139 1293 2193 absolutam.
1327 2137 1508 2209 Neque
1531 2153 1648 2191 vero
1670 2136 1789 2203 illa,
1819 2152 1940 2203 quae
1983 2152 2130 2191 novw
2157 2137 2278 2190 huic
2315 2138 2537 2192 editioni
2577 2148 2885 2193 ornamento
2911 2145 3007 2202 est,
3042 2135 3242 2206 glorior
3281 2137 3419 2190 inte—

151 2232 356 2303 gritate
380 2247 398 2286 :
432 2233 573 2287 alius
601 2250 802 2306 quoque
830 2235 1063 2289 invenire
1097 2235 1376 2304 potuisset,
1401 2249 1519 2303 qua
1546 2233 1675 2286 mihi
1706 2232 1936 2286 invenire
1979 2233 2221 2303 contigit,
2250 2234 2488 2302 quamvis
2512 2234 2582 2286 ad
2609 2250 2772 2287 unum
2797 2249 2970 2287 omnes
3001 2248 3063 2286 ea
3089 2231 3263 2288 adhuc
3285 2248 3423 2302 pra:-

151 2330 421 2386 terierint.
447 2329 612 2400 Atqui
653 2349 717 2386 ea
743 2331 991 2386 humana:
1020 2334 1142 2386 vitte
1170 2331 1404 2385 conditio
1427 2338 1530 2395 est,
1558 2337 1617 2382 ut
1655 2330 1852 2396 pturies
1895 2336 2134 2398 negetur,
2172 2328 2302 2398 quin
2333 2343 2391 2382 eo
2429 2327 2624 2398 aliquis
2665 2329 2944 2398 quaesitum
2980 2334 3068 2380 eat
3100 2341 3202 2396 quo
3239 2325 3422 2381 luben-

153 2427 362 2481 tissime
393 2426 537 2494 velit,
562 2429 854 2483 secundum
883 2427 1126 2484 Crtecum
1154 2427 1294 2482 illud
1317 2441 1336 2479 :

906 2525 990 2577 Οὐ
1020 2523 1246 2588 παντὸς
1282 2520 1501 2590 ἀνδρὸς
1528 2521 1596 2590 ἐς
1623 2522 1915 2590 Κόρινθον
1943 2517 2070 2574 ἐσθ’
2098 2521 2132 2574 d
2159 2517 2372 2586 πλοῦς.

227 2616 436 2689 Scripsi
463 2619 645 2676 Romae
669 2618 800 2674 Kal.
837 2619 953 2674 Jul.
989 2619 1148 2674 1852.
1749 2606 1764 2623 ’

758 2776 1214 2842 CLEMENTIS
1258 2775 1580 2838 ROMANI
1639 2774 2168 2839 HOMILIARUM
2230 2773 2574 2836 CODICES
2628 2775 2802 2837 MSS.

223 2900 279 2956 1.
325 2899 386 2954 1η
422 2899 731 2970 Defensione
758 2917 854 2970 pro
883 2898 1186 2955 Canonibus
1219 2901 1582 2970 apostolorum
1624 2911 1674 2956 et
1726 2900 1986 2971 Epistolis
2021 2899 2334 2970 pontiﬁcum
2376 2897 2704 2954 Franciscus
2735 2897 3040 2953 Turrianus
3077 2911 3108 2951 e
3147 2912 3251 2951 ms.
3283 2912 3423 2966 quo-

155 2990 288 3046 dam
337 2991 530 3047 Gmca
566 2992 723 3056 citat,
760 3007 886 3063 quae
919 2992 974 3046 in
998 2991 1295 3047 Clementis
1321 2990 1388 3046 Β.
1421 2991 1674 3048 Homiliis
1707 2992 2076 3063 reperiuntur.
2120 2991 2240 3045 Alia
2291 2989 2694 3059 Metaphrasten
2744 2991 2909 3052 olent,
2952 2993 3056 3047 alia
3102 2993 3166 3047 ad
3197 2990 3424 3048 Ottobo-

155 3088 311 3142 niani
343 3087 636 3142 lectionem
669 3094 766 3142 aut
797 3103 966 3158 prope
996 3087 1284 3157 accedunt,
1316 3097 1413 3144 aut
1440 3089 1577 3144 nihil
1602 3088 1670 3144 ab
1698 3104 1762 3144 ea
1793 3087 2073 3144 dilIerunt.
2111 3086 2482 3143 Nihilosecius
2507 3103 2733 3157 prorsus
2779 3089 2925 3144 aliud
2955 3099 3039 3145 est
3070 3105 3134 3144 ac
3173 3098 3420 3144 nostrum

152 3193 211 3238 et
239 3181 584 3236 Parisinum.
623 3180 683 3235 Id
707 3184 842 3240 satis
870 3201 1014 3242 unus
1041 3185 1130 3241 ille
1161 3187 1319 3241 locus
1349 3185 1547 3257 probat
1581 3185 1636 3240 in
1685 3184 1914 3256 epistola
1950 3183 2209 3240 Turriani
2256 3185 2323 3241 ad
2364 3183 2592 3240 Hosium
2623 3184 2959 3241 cardinalem
3007 3185 3229 3246 allatus.
3261 3200 3426 3254 quem

154 3275 240 3331 hic
273 3274 446 3331 habes
474 3275 529 3329 in
557 3273 717 3332 Hom.
752 3293 891 3345 xvn,
929 3279 1019 3336 15.

227 3369 284 3424 2.
335 3387 357 3422 s
393 3368 702 3426 Cotelerius
753 3374 1032 3444 exemplar
1071 3389 1233 3430 suum
1267 3383 1542 3442 accurate,
1572 3375 1683 3430 imo
1723 3373 1999 3446 religiose,
2048 3390 2118 3431 ne
2173 3375 2413 3432 litterula
2445 3375 2666 3447 quidem
2688 3383 2918 3440 mutata,
2942 3377 3232 3446 descripsit
3261 3392 3330 3431 ex
3354 3392 3432 3432 eo

151 3467 354 3523 codice
382 3465 771 3534 Homiliarum,
802 3471 896 3538 qui
924 3483 1089 3535 unus,
1121 3478 1391 3540 quantum
1420 3469 1613 3536 sciam,
1653 3470 1914 3540 temporis
1953 3470 2187 3541 injurias
2230 3470 2475 3542 pertulit,
2525 3469 2824 3527 Parisiensi
2860 3471 3030 3543 Regio
3074 3472 3214 3527 1648
3247 3475 3419 3543 (nunc

158 3561 325 3629 1196,
355 3561 403 3616 si
428 3571 578 3616 recte
606 3578 848 3632 auguror
875 3578 944 3618 ex
970 3563 1144 3619 Catal.
1173 3566 1294 3620 cod.
1330 3581 1462 3621 mss.
1500 3565 1637 3621 Bibl.
1678 3566 1812 3638 Reg.
1853 3566 1982 3622 Par.
2037 3567 2202 3636 1740,
2234 3577 2371 3624 tom.
2406 3566 2474 3635 ll,
2519 3568 2575 3622 in
2619 3583 2780 3639 quem
2832 3569 3046 3624 numeri
3089 3569 3418 3624 Coteleriani

158 3671 273 3710 non
306 3655 689 3725 conveniunt).
721 3654 785 3710 ln
818 3656 1125 3712 subsidium
1153 3657 1404 3714 adhibuit
1434 3659 1829 3714 Clementinam
1880 3659 2190 3729 Epitomen,
2239 3676 2402 3731 quam
2452 3670 2504 3715 et
2542 3661 2716 3730 ipsam
2751 3675 2782 3716 e
2844 3660 2962 3717 cod.
2993 3659 3123 3731 Reg.
3165 3661 3194 3712 7
3222 3661 3430 3716 descri-

158 3757 312 3820 ptam
341 3747 398 3801 in
423 3761 590 3816 Opere
620 3761 746 3813 suo,
775 3749 988 3816 primus
1013 3757 1140 3818 post
1166 3747 1508 3816 Tumebum,
1540 3749 1741 3820 publici
1767 3748 1912 3818 juris
1939 3749 2088 3805 fecit.
2125 3748 2419 3805 Praeterera
2453 3751 2696 3806 excussit
2719 3751 2879 3807 codd.
2911 3752 3042 3823 Reg.
3079 3751 3183 3806 148
3210 3761 3264 3807 et
3286 3753 3415 3819 804,

157 3837 260 3907 qui
291 3837 580 3892 continent
617 3836 864 3891 eamdem
893 3837 1200 3908 Epitomen,
1231 3841 1324 3894 sed
1368 3840 1531 3909 paulo
1561 3840 1862 3896 auctiorem
1893 3857 1958 3896 ex
1991 3839 2353 3897 Homiliarum
2390 3841 2716 3914 fragmentis
2751 3842 2845 3912 (cf.
2879 3860 3001 3914 quae
3042 3846 3430 3900 adnotavimus

157 3933 230 3988 ad
259 3934 352 3998 11,
372 3933 405 3988 5
430 3931 620 4005 [infra,
646 3933 753 3993 col.
777 3934 868 4006 55]
894 3945 943 3990 et
969 3936 1176 4002 555,18
1196 3936 1327 4009 [coL
1351 3937 1505 4009 295].
1549 3935 1621 3993 lis
1645 3938 1906 3994 subsidiis
1932 3940 2239 3995 Cotelerius
2269 3941 2340 3994 ita
2360 3955 2494 3996 usus
2519 3949 2624 4006 est,
2651 3950 2710 3995 ut
2735 3942 2877 3996 haud
2901 3917 3070 4012 pauca
3093 3941 3297 3996 codicis
3326 3941 3417 3996 sui

160 4033 366 4089 menda
395 4033 452 4086 in
483 4030 730 4100 margine
756 4027 1015 4082 editionis
1046 4044 1160 4084 suae
1194 4038 1376 4099 posset
1407 4030 1722 4085 emendare.
1767 4049 1788 4082 ι
1823 4029 1900 4085 lta
1945 4030 2326 4103 Schweglerus
2362 4033 2416 4086 in
2457 4031 2802 4087 Praafatione.
2840 4033 2953 4104 Ego
2982 4033 3202 4102 quidem
3230 4032 3423 4086 dubito

163 4144 296 4184 num
343 4125 652 4181 Cotelerius
681 4123 736 4178 in
767 4123 1128 4179 describendo
1159 4124 1348 4180 codice
1372 4123 1548 4180 Paris.
1579 4125 1759 4180 ubivis
1791 4125 1883 4179 illa
1914 4125 2018 4180 fide
2052 4135 2216 4196 atque
2255 4125 2517 4197 religione
2547 4142 2681 4182 usus
2715 4126 2900 4192 fuerit,
2944 4142 3051 4197 qua
3089 4128 3144 4180 in
3189 4127 3293 4180 hoc
3323 4141 3422 4196 ge-

161 4239 295 4280 nere
333 4238 478 4293 opus
505 4230 590 4277 est
619 4240 632 4275 :
667 4222 722 4276 id
751 4221 897 4290 quod
925 4235 992 4275 ex
1036 4221 1225 4276 multis
1251 4221 1389 4276 locis
1427 4236 1552 4275 cum
1592 4229 1780 4276 nostro
1808 4220 2056 4290 ejusdem
2084 4218 2306 4274 familia:
2347 4219 2724 4290 manuscripto
2752 4230 3005 4275 accurate
3049 4219 3263 4274 collatis
3311 4219 3432 4275 luce

161 4325 372 4382 clarius
389 4332 637 4392 apparet.
659 4321 842 4378 Codex
869 4321 1042 4376 Paris.
1079 4337 1397 4392 quanquam
1422 4321 1477 4376 in
1508 4320 1687 4376 fronte

1907 4329 1929 4374 t
1956 4338 1970 4374 :
1997 4321 2214 4384 Βίϐλος
2229 4319 2461 4386 ἔχουσα
2485 4320 2722 4387 ὁμιλίας
2751 4318 3074 4388 διαφόρους
3097 4315 3212 4370 ἀπὸ
3228 4313 3431 4385 φωνῆς

161 4421 270 4476 τοῦ
305 4421 486 4489 ἁγίου
514 4418 741 4486 Πέτρου
773 4418 878 4473 τοῦ
919 4418 1286 4481 ἀποστόλου,
1319 4416 1734 4487 συγ-γραφεῖσα
1759 4416 1876 4472 ὑπὸ
1909 4415 2015 4470 τοῦ
2045 4415 2216 4484 ἁγίου
2244 4413 2611 4484 Κλήμεντος,
2651 4416 2690 4482 ἠ
2742 4413 3035 4484 λεγομένη
3084 4412 3426 4482 Κλημέντια,

163 4512 486 4566 τουτέστιν
510 4510 832 4581 Κλήμεντος
869 4511 1294 4580 συγγράμματα.
1330 4508 1593 4578 Περιέχει
1612 4507 1680 4562 δὲ
1699 4509 1736 4577 ἡ
1755 4507 1908 4576 αὐτὴ
1923 4507 2142 4573 βίϐλος
2178 4505 2317 4559 τάδε
2340 4522 2353 4535 °
2393 4507 2730 4575 προλόγους
2764 4505 2939 4574 τρεῖς,
2963 4505 3197 4573 ὁμιλίας
3214 4503 3425 4566 εἴκοσι,

166 4607 404 4663 mutilus
444 4613 625 4660 tamen
658 4606 861 4662 desinit
894 4608 946 4661 in
977 4605 1138 4661 Hom.
1168 4623 1283 4671 xxx,
1321 4606 1410 4662 14.

231 4705 290 4760 5.
334 4702 525 4758 Codex
557 4719 663 4759 ms.
693 4703 787 4774 qui
820 4703 887 4757 ad
937 4717 1134 4757 novam
1183 4699 1545 4756 Homiliarum
1593 4701 1886 4756 editionem
1919 4699 2316 4755 conficiendam
2363 4699 2616 4754 criticum
2667 4713 2866 4768 penum
2918 4697 3048 4750 mihi
3097 4697 3311 4767 aperuit
3343 4698 3430 4750 vel

169 4801 540 4868 uberrimum,
571 4813 876 4868 earumque
939 4796 1101 4851 linem
1135 4797 1424 4867 hucusque
1455 4797 1825 4851 desideratum
1857 4797 2056 4851 unicus
2085 4796 2338 4866 largitur,
2370 4796 2436 4850 ad
2486 4810 2606 4850 eam
2642 4795 2878 4865 pertinet
2907 4792 3182 4848 Vaticana!
3227 4792 3428 4847 biblio-

168 4899 348 4952 theca:
377 4905 615 4968 partem,
644 4911 769 4966 quae
798 4892 1165 4950 Ottoboniana
1199 4893 1539 4948 nominatur.
1591 4893 1932 4948 Chartaceus
1961 4904 2064 4959 est,
2113 4893 2304 4948 formae
2336 4902 2565 4962 quartae,
2597 4891 2998 4962 insigniturque
3029 4905 3257 4944 numero
3300 4889 3426 4944 445.

170 4993 449 5049 Exaratus
477 5008 600 5048 esse
626 4991 844 5046 videtur
884 4989 1106 5045 ineunte
1151 5005 1278 5045 saec.
1329 5005 1442 5055 xiv,
1495 4989 1666 5043 nitida
1716 4989 1933 5058 quidem
1982 4988 2168 5044 Graeca
2213 5003 2399 5050 manu,
2429 4987 2526 5042 sed
2576 4987 2646 5041 ob
2675 4986 2964 5042 inusitatas
3009 4986 3199 5057 siglas,
3229 4985 3431 5056 quibus

171 5091 369 5156 utitur,
401 5089 610 5158 passim
637 5088 891 5158 ambigua
923 5097 978 5142 et
1005 5086 1371 5152 subobscura,
1401 5102 1502 5142 nec
1547 5086 1751 5156 ubique
1798 5084 1945 5139 facili
1989 5085 2154 5139 lectu.
2187 5083 2497 5150 Quamlibet
2543 5084 2822 5153 paginam,
2855 5083 2900 5136 si
2947 5082 3088 5136 tituli
3133 5089 3434 5137 occurrunt

171 5184 330 5251 nulli,
351 5199 552 5240 versus
573 5183 762 5254 viginti
789 5191 995 5253 septem
1011 5181 1250 5251 explent.
1270 5179 1328 5234 In
1348 5182 1527 5252 primo
1543 5179 1765 5235 Codicis
1788 5179 1919 5233 lolio
1940 5179 2064 5232 albo
2095 5177 2374 5247 appositus
2397 5165 2594 5246 legitur
2615 5191 2878 5231 numerus
2899 5174 3035 5242 445;
3074 5173 3126 5227 in
3147 5171 3429 5243 sequenti:

600 5281 854 5336 Clemens
886 5278 1170 5335 Romanus
1193 5280 1260 5334 de
1289 5278 1832 5350 Peregrinationihus
1864 5276 1921 5333 S.
1954 5276 2100 5331 Petri
2134 5275 2229 5330 fol.
2263 5274 2320 5330 2.

601 5370 858 5439 Ejusdem
892 5370 1190 5424 Clementis
1220 5368 1732 5439 Peregrinationum
1759 5368 2010 5438 Epitome
2033 5365 2127 5421 fol.
2156 5365 2278 5420 161.

600 5465 844 5538 Gregorii
876 5465 1106 5538 Nysseni
1131 5467 1310 5522 oratio
1340 5466 1396 5520 in
1423 5467 1556 5521 illud
1587 5465 1743 5520 Pauli
1771 5485 1783 5520 :
1819 5467 1958 5520 Cum
1989 5462 2236 5536 subjecta
2270 5461 2476 5518 fuerint

604 5563 682 5620 illi
714 5562 922 5631 omnia,
957 5572 1088 5620 tunc
1117 5571 1172 5620 et
1202 5563 1319 5636 ipse
1347 5563 1513 5634 tilius,
1546 5561 1783 5628 etc.,fol.
1821 5562 1950 5617 255.

1778 5655 1840 5711 Ρ.

1781 5760 1841 5818 Χ

1775 5854 1858 5909 19.
