3868 6212
481 354 545 413 to
1324 364 1382 421 s.
1422 352 1812 421 CLEMENTIS
1847 353 1867 418 ι
1903 354 2068 419 nan.
2104 358 2304 421 rom.
2328 350 2573 422 arma
2606 351 2835 425 unum:
3637 366 3717 423 so

476 478 633 527 cente
680 479 733 528 et
779 472 1130 544 praedicante,
1179 481 1460 552 conceptis
1518 481 1703 537 verbis
1748 482 2115 551 legantur?A
2208 482 2482 539 Caeterum
2512 480 2775 537 Cotelerii
2806 480 3099 537 editionem
3142 480 3283 553 typis
3333 481 3711 538 excutiendam

476 556 840 633 Praeterlcgis
882 564 1320 624 observationem
1369 578 1422 625 et
1470 570 1628 625 tidem
1659 572 1714 625 in
1758 571 2041 627 Christum

479 651 672 719 Deum,
718 654 850 709 illud
908 658 1073 713 etiam
1120 658 1246 715 huic
1298 662 1551 733 scriptori
1601 677 1726 717 cum
1769 660 2043 719 Nazarazis

474 756 772 803 commune
822 756 929 814 est,
976 751 1125 819 quod
1174 751 1483 809 Pharisteos
1528 755 1727 810 acriter
1768 756 2042 811 interdum

477 837 796 907 insectatur,
820 852 879 896 ut
900 842 1089 899 homil.
1122 860 1199 911 ιι,
1236 860 1393 916 capp.
1413 840 1485 902 28
1508 856 1561 903 et
1599 844 1669 905 29
1695 858 1747 903 et
1769 835 2039 921 Recognit.

471 929 573 984 lib.
603 945 641 997 I,
667 946 787 1002 cap.
832 934 923 990 54.
965 954 985 987 s
1022 934 1140 992 Hu‘c
1170 952 1343 1007 usque
1373 939 1728 998 doctissimus
1761 941 2038 998 Maranus.

546 1020 659 1078 VII.
703 1022 885 1080 Unum
920 1035 1103 1084 tamen
1135 1039 1241 1097 est,
1275 1032 1421 1102 quod
1450 1033 1540 1089 hic
1572 1048 1916 1094 maneamus.
1948 1026 2046 1091 Ni-

472 1113 701 1180 mirum,
757 1117 862 1171 sub
907 1118 1100 1174 harum
1146 1119 1598 1191 disquisitionum
1645 1124 1861 1180 initium
1923 1127 2044 1196 opi-

474 1213 634 1260 natus
656 1215 740 1262 est
768 1205 833 1265 Υ.
861 1208 923 1265 C.
958 1208 1389 1282 Recognitionum
1410 1224 1465 1270 et
1489 1205 1845 1271 Homiliarum
1872 1231 2041 1272 unum

471 1306 527 1353 et
557 1298 698 1355 idem
736 1316 874 1372 opus
900 1319 1045 1369 esse,
1094 1306 1190 1361 sed
1237 1323 1345 1362 non
1388 1302 1558 1365 semel
1614 1310 1845 1377 editum,
1896 1311 2043 1381 quod

474 1389 684 1456 pridem
719 1392 1093 1452 insinuaverat
1119 1396 1426 1455 Cotelerius
1466 1415 1530 1456 ac
1556 1411 1682 1471 post
1706 1418 1909 1458 annum
1939 1402 2042 1457 l70

476 1480 672 1539 litteris
703 1486 986 1544 traditum.
1034 1486 1230 1544 Verum
1266 1500 1561 1562 antequam
1606 1494 1721 1550 haec
1763 1496 2041 1551 deseribe-

471 1588 680 1642 remus,
709 1579 776 1633 de
825 1572 1285 1650 Rccognitionibus
1333 1584 1445 1655 jam
1502 1577 1681 1641 fuerat
1732 1588 1893 1644 nobis
1947 1588 2043 1644 de-

2143 576 2482 633 curavimus.
2528 573 2683 632 Notis
2710 574 3078 632 Cotelerianis
3114 588 3179 628 ea
3223 573 3426 643 passim
3475 574 3711 629 intexui-

2142 683 2268 724 mus
2291 683 2413 739 quae
2437 667 2824 723 animadvertit
2843 666 3091 721 eruditus
3106 664 3379 731 Davisius,
3402 665 3469 720 ad
3502 674 3712 719 textum

2143 759 2489 829 potissimum
2556 758 2961 813 emendandum
3036 767 3350 826 comparata
3404 774 3417 811 :
3473 754 3713 827 paucula

2142 853 2306 907 etiam
2346 867 2411 906 ex
2441 844 2651 907 Joanne
2689 842 2903 906 Cleric'o
2940 845 3242 920 adiecimus
3272 868 3285 902 :
3319 858 3551 919 utraque
3581 865 3714 905 vero

2142 959 2209 999 ex
2262 944 2453 998 iterata
2498 932 2720 997 Patrum
2753 940 3187 1013 Apostolicorum
3220 939 3460 995 editione
3489 941 3716 995 Antistat-

2143 1036 2444 1091 lodamensi
2491 1036 2917 1106 desumpsimus.
2961 1026 3218 1104 Epistolas
3264 1033 3367 1089 sub
3411 1032 3713 1087 Clementis

2143 1131 2367 1185 nomine
2406 1124 2612 1185 Iacobo
2643 1129 2919 1199 inscripta:
2955 1119 3207 1183 Gracum
3244 1125 3523 1196 exemplar
3565 1122 3713 1179 stiti-

2144 1237 2268 1277 mus
2318 1221 2463 1275 inter
2518 1220 2793 1289 daplicem
2846 1218 3180 1280 versionem,
3228 1216 3454 1270 alteram
3503 1212 3711 1279 Ruﬁni,

2144 1307 2371 1362 alteram
2451 1302 2707 1363 Cotelerii
2763 1316 2778 1361 τ
2832 1306 2993 1376 eique
3065 1313 3331 1376 praetcrea
3416 1303 3714 1358 nonnullas

2143 1400 2452 1457 doctissimi
2483 1399 2767 1455 Coutantii
2804 1400 3187 1454 adnotationes
3209 1413 3275 1452 ex
3304 1397 3425 1468 ejus
3455 1395 3708 1466 Epistolis

2142 1486 2505 1547 Romanorum
2565 1493 2875 1561 pontiﬁcum
2908 1491 3261 1577 subiecimus
3292 1507 3307 1546 :
3350 1490 3443 1560 qui
3476 1498 3528 1543 et
3576 1489 3712 1544 illud

2141 1586 2398 1641 observat
2425 1578 2566 1654 (90),
2588 1584 2837 1639 eamdem
2871 1582 3196 1653 Epistolam,
3224 1591 3512 1651 postquam
3541 1595 3571 1632 a
3599 1577 3715 1632 Ru-

475 1673 867 1738 monstratum,
895 1670 1016 1727 illas
1054 1668 1275 1730 demum
1321 1677 1527 1747 scripto
1565 1694 1672 1733 non
1706 1677 1876 1736 fuisse
1905 1692 2041 1736 con-
2143 1679 2256 1734 tino
2285 1671 2579 1733 Latinitate
2601 1676 2805 1732 donata
2839 1683 2945 1741 est,
2971 1673 3300 1745 quibusdam
3343 1670 3584 1740 antiquis
3605 1670 3713 1725 Ca-

473 1757 717 1827 signatas
762 1772 887 1817 aute
933 1779 1138 1819 annum
1182 1765 1311 1822 216.
1354 1760 1805 1823 Clementinorum
1857 1779 2040 1825 autem
2078 1824 2105 1827 _
2144 1786 2350 1825 nonum
2383 1767 2797 1825 collectionibus
2848 1768 3107 1821 insertam
3154 1764 3342 1819 fuisse.
3379 1762 3519 1817 Hinc
3562 1762 3711 1817 haud

474 1858 754 1904 auctorem
801 1853 947 1909 circa
993 1871 1199 1911 annum
1242 1857 1448 1915 Christi
1471 1858 1579 1914 250
1604 1859 1879 1928 ﬂoruisse,
1909 1877 2037 1917 cum
2075 1824 2116 1879 Β
2149 1865 2401 1929 miratur,
2451 1863 2599 1917 illam
2661 1876 2807 1916 anno
2862 1860 2957 1913 Ml
3014 1875 3044 1912 a
3086 1857 3323 1913 concilio
3386 1853 3617 1910 Vasensi
3668 1870 3710 1920 ι,

474 1934 687 1996 Joanne
735 1937 906 1999 Millio
956 1948 1432 2018 existimabamus,
1468 1951 1564 2021 qui
1608 1952 1728 2021 ejus
1773 1951 2041 2011 Homilias
2146 1972 2268 2011 can.
2304 1954 2393 2021 l6,
2421 1969 2487 2009 ac
2515 1954 2748 2008 subinde
2771 1968 2800 2006 a
2829 1949 3054 2005 Nicolao
3088 1949 3130 2015 Ι,
3155 1948 3367 2004 Joanne
3396 1946 3533 2015 Vill,
3561 1945 3713 2000 aliis-

472 2033 649 2117 editas
679 2033 847 2090 fuisse
871 2041 1185 2111 censet(i9)
1209 2042 1312 2097 sub
1338 2042 1479 2097 idem
1510 2049 1723 2114 tempus
1743 2057 1854 2115 quo
1881 2062 2038 2101 suam
2142 2064 2251 2117 que
2271 2046 2569 2103 Clementis
2610 2045 2830 2099 nomine
2862 2042 3034 2098 luisse
3076 2043 3351 2096 laudatam
3385 2056 3531 2111 :qua
3582 2038 3713 2109 qui-

476 2114 828 2179 Hannoniam
854 2130 1224 2197 perscribebat
1252 2133 1578 2189 Ammonius
1613 2114 2036 2193 Alexandrinus.
2291 2139 2346 2194 in
2370 2153 2430 2194 re
2457 2137 2766 2193 adnotanda
2794 2136 3081 2206 praeiverat
3104 2134 3431 2192 Cotelerius.

546 2258 662 2401 $9}
701 2259 860 2347 ψη,
888 2261 1189 2335 Prolegom.
1224 2268 1291 2322 ad
1319 2266 1385 2321 N.
1412 2266 1476 2323 Τ.
1510 2266 1629 2335 Gr.,
1673 2269 1701 2341 ᾗ
1726 2269 1832 2325 670

568 2330 637 2382 20
694 2332 977 2401 (.outant.,
1015 2336 1261 2401 Append.
1295 2340 1361 2392 ad
1394 2338 1592 2401 Epistt.
1624 2340 1779 2396 Rom.
1819 2362 1832 2401 ι

568 2330 658 2401 20)
694 2331 977 2401 (Ioutant.,
1015 2330 1261 2406 Kppend.
1295 2340 1361 2392 ad
1394 2338 1592 2408 Epistt.
1616 2330 1779 2396 'Rom.
1818 2343 2038 2413 pontif.,
2065 2357 2121 2412 p.
2150 2340 2204 2408 5,
2238 2339 2265 2412 ς
2300 2339 2355 2395 6.

496 2470 3714 2521 nea=uamﬁ=====uu

1091 2502 2193 2783 iCLEMENTIS
2321 2620 3065 2781 ROMANI

1767 2902 1952 2975 QUJE
2011 2902 2443 2965 FERUNTUR

869 3054 2115 3227 HOMILUE
2281 3052 3336 3224 VIGINTI

1315 3348 1640 3440 NUNC
1710 3346 2190 3439 PRIMUM
2266 3344 2873 3439 INTEGRJE.

480 3518 753 3579 Textum
785 3518 859 3580 ad
896 3519 1178 3581 codicem
1209 3521 1714 3583 Ottobonianum
1748 3520 2107 3589 constituit,
2144 3520 2513 3581 versionem
2563 3516 2864 3581 Cotclerii
2910 3513 3147 3593 passim
3184 3512 3483 3586 correxit,
3534 3526 3715 3574 98m-

559 3616 685 3737 ?)ue
730 3599 1331 3757 absolvqyiqthsellgctas
1365 3600 1653 3663 virorum
1686 3600 2019 3661 doctorum
2059 3608 2243 3661 notas
2275 3616 2559 3678 suasque
2595 3592 2931 3676 subjunxit
2963 3592 3267 3655 Albertus
3317 3593 3481 3654 Rud.
3543 3594 3715 3653 Max.

616 3688 843 3738 RESSEL
867 3719 883 3748 ,
1017 3696 1033 3738 1
1071 3725 1085 3739 .
1202 3688 1243 3739 τ.

616 3688 883 3748 ιιεδειει,
932 3688 1085 3748 phil.
1148 3688 1243 3739 υτ.

1079 3884 1505 3956 (GOTTINGE,
1536 3904 1829 3944 semermes
1861 3905 2125 3944 uanum;
2168 3902 2621 3944 DIBTEBICHIANE.
2654 3902 2947 3951 unoccuu,
2995 3884 3052 3939 in
3068 3883 3191 3953 -8’.)

1724 4128 2315 4221 LECTUBIS
2382 4127 2477 4217 S.

554 4290 673 4348 Duo
711 4296 988 4363 prttslanti
1015 4297 1257 4351 doctrina
1279 4298 1400 4364 uiri,
1424 4297 1482 4353 .l.
1513 4297 1577 4353 Β.
1607 4299 1901 4357 Cotelerius
1920 4312 1970 4357 et
2002 4299 2060 4356 Ι.
2100 4294 2359 4368 Clericus,
2390 4301 2447 4354 in
2488 4298 2761 4365 Homiliis,
2789 4311 2908 4369 qua
2936 4297 3218 4353 Clementis
3252 4295 3477 4352 Romani
3512 4298 3724 4351 nomine

480 4385 945 4455 circumferuntur,
974 4389 1210 4456 edendis,
1242 4391 1533 4460 complures
1557 4394 1611 4445 in
1643 4393 1831 4447 iisdem
1858 4394 2197 4449 emendandis
2228 4404 2383 4464 atque
2412 4392 2821 4464 interpretandis
2848 4401 2997 4446 tanta
3024 4408 3142 4445 cum
3169 4390 3449 4462 diligentia
3476 4408 3537 4444 ac
3567 4390 3725 4443 laude

483 4479 677 4533 versati
708 4492 853 4546 sunt,
887 4491 943 4533 ut
974 4481 1260 4535 multorum
1283 4483 1489 4552 judicio
1513 4487 1657 4547 aliis,
1702 4486 1841 4557 quod
1880 4496 2115 4558 agerent,
2154 4487 2430 4558 reliquisse
2474 4482 2776 4542 uiderentur
2805 4497 2896 4540 aut
2921 4502 3148 4555 paucum
3186 4494 3280 4538 aut
3310 4485 3462 4538 nihil.
3506 4480 3725 4537 Verum-

480 4573 762 4638 enimvero,
792 4576 883 4645 qui
921 4577 998 4629 ita
1047 4588 1367 4644 statuerunt,
1399 4580 1540 4633 haud
1576 4582 1908 4635 mediocriter
1934 4592 2137 4637 errant.
2175 4576 2315 4636 Nam
2339 4583 2634 4653 quicunque
2674 4579 2890 4635 illorum
2932 4578 3094 4634 libros
3125 4578 3353 4633 excussit
3393 4578 3724 4637 accuratius,

480 4674 737 4734 Quantum
769 4666 836 4720 iis
879 4664 949 4720 ad
979 4669 1368 4739 perfectionem,
1405 4682 1563 4742 quam
1592 4672 1645 4725 in
1675 4672 1770 4725 hoc
1798 4679 1981 4741 genere
2020 4672 2335 4743 expetimus.
2378 4673 2533 4738 desit,
2574 4672 2732 4741 facile
2755 4670 3163 4724 animadvertat.
3198 4669 3281 4722 Ea:
3319 4686 3450 4722 nova
3499 4684 3724 4739 quoque,

480 4768 599 4825 qua:
629 4757 949 4810 uehementer
977 4758 1398 4825 desiderabatur,
1435 4758 1749 4832 Schwegleri
1770 4762 2002 4815 editione
2033 4763 2088 4815 id
2130 4764 2262 4817 satis
2288 4778 2541 4833 superque
2568 4762 2781 4832 probari
2803 4771 2966 4830 patet.
3004 4760 3189 4813 Adhuc
3218 4760 3327 4813 hwc
3350 4769 3520 4813 erant.
3546 4762 3623 4813 Ac
3644 4754 3728 4813 ills

479 4850 711 4918 quidem,
740 4850 867 4920 quid
895 4851 1051 4904 unius
1098 4861 1305 4906 tantum
1342 4853 1539 4908 codicis
1584 4854 1905 4924 supelleCtile
1945 4863 1995 4907 et
2038 4856 2359 4909 auctoritate
2404 4854 2670 4924 ingenium
2715 4868 2904 4922 arsque
2943 4854 3129 4907 critica
3168 4852 3361 4921 efﬁcere
3400 4861 3594 4919 posset,
3624 4868 3725 4905 non

481 4947 676 5017 absque
702 4962 945 5001 successu
977 4949 1334 5002 ostenderunt.
1365 4939 1555 5019 Itaque
1584 4962 1701 5002 cum
1736 4950 1814 5003 rel
1835 4954 1948 5018 post
1983 4957 2058 5003 tot
2083 4958 2359 5020 tantasque
2387 4949 2621 5002 virorum
2648 4949 2921 5003 doctorum
2948 4946 3365 5001 elucubrationes
3403 4954 3557 5013 atque
3581 4960 3727 4997 com-

481 5039 829 5093 mentationes
857 5039 1130 5109 scriptoris
1158 5042 1326 5095 nostri
1362 5043 1500 5094 ratio
1530 5043 1684 5095 etiam
1719 5051 1841 5094 tunc
1868 5058 1931 5095 ea
1954 5050 2108 5107 esset,
2135 5049 2196 5094 ut
2232 5041 2287 5095 in
2316 5042 2500 5110 primis
2526 5040 2638 5111 ejus
2667 5051 2840 5095 textus
2873 5039 3206 5093 restitutione
3240 5036 3295 5090 in
3328 5039 3586 5109 integrum
3610 5054 3725 5105 ege-

481 5142 582 5198 ret,
612 5133 660 5186 si
685 5148 712 5185 e
735 5132 878 5202 fonte
898 5132 1111 5185 haurire
1138 5132 1696 5203 vellemuslimpidiori
1718 5134 2043 5203 puriorique,
2070 5134 2270 5203 factum
2300 5143 2376 5187 est
2401 5142 2460 5186 ut
2495 5132 2757 5186 auxilium
2786 5134 3105 5187 inveniretur
3122 5140 3172 5186 et
3197 5148 3277 5198 eo,
3302 5148 3405 5202 quo
3435 5130 3728 5186 Cotelerius

481 5234 609 5280 usus
634 5234 733 5292 est,
763 5224 1015 5290 validius,
1048 5233 1099 5278 et
1116 5224 1345 5294 cujusvis
1385 5225 1583 5295 judicii
1614 5225 1788 5278 critici
1828 5227 2070 5279 acumine
2105 5225 2367 5295 superius.
2415 5222 2559 5278 Nam
2603 5223 2811 5277 Grazcos
2847 5223 3119 5278 Vaticana:
3158 5216 3483 5275 bibliotheca:
3524 5223 3727 5275 codic‘es

479 5307 830 5388 perlustranti
871 5316 1001 5369 mihi
1034 5318 1279 5387 contigit,
1306 5328 1361 5368 ut
1393 5315 1687 5384 quindecim
1717 5316 1905 5370 abhinc
1934 5318 2087 5371 annis
2128 5318 2184 5371 in
2215 5335 2314 5373 ms.
2343 5316 2627 5370 inciderem
2669 5333 2771 5369 non
2804 5315 2975 5369 solum
3014 5312 3264 5369 Parisino
3301 5313 3457 5377 libro,
3482 5314 3586 5379 cui,
3612 5326 3729 5384 qna!

482 5412 731 5465 hactenus
764 5408 1125 5463 Homiliarum
1170 5411 1531 5474 innatuerunt,
1570 5408 1834 5466 debemus.
1866 5409 2015 5479 longe
2052 5410 2417 5480 prarslantius,
2466 5425 2643 5462 verum
2669 5409 2831 5464 etiam
2857 5406 3134 5478 integrius,
3165 5407 3353 5477 quippe
3378 5405 3515 5477 quod
3553 5416 3603 5459 et
3640 5423 3730 5459 ea-

484 5510 604 5557 rum
630 5508 833 5571 partem
867 5510 976 5554 tam
1003 5501 1098 5554 diu
1129 5500 1332 5570 frustra
1373 5501 1681 5570 requisitam
1714 5501 1985 5570 prwberet.
2026 5503 2099 5556 Ac
2138 5502 2238 5571 fuit
2276 5501 2507 5571 quidem,
2541 5518 2658 5555 cum
2694 5497 2823 5554 mihi
2859 5517 3061 5571 quoque
3094 5509 3313 5569 tempus,
3348 5516 3467 5569 quae
3508 5498 3733 5567 feliciter

482 5597 811 5657 inveneram,
840 5590 997 5663 digne
1035 5590 1344 5645 elaborandi
1374 5593 1634 5662 propitius
1660 5608 1959 5648 concessum
1987 5594 2099 5663 fore
2122 5594 2439 5659 arbitrarer,
2486 5593 2531 5647 si
2562 5590 2803 5662 inﬁnitus
2826 5592 2976 5647 labor
3010 5592 3224 5646 criticus
3260 5592 3469 5660 scriptis
3507 5590 3732 5645 Patrum

494 5681 911 5757 apostolicorum
937 5687 1278 5740 emendandis
1304 5704 1335 5739 a
1357 5703 1438 5743 me
1464 5695 1732 5756 susceptus
1757 5687 2110 5758 requiescendi
2149 5688 2359 5742 initium
2399 5687 2755 5741 concessisset.
2802 5685 2974 5750 Quam
3014 5702 3154 5753 spem
3184 5702 3339 5755 grave
3378 5684 3732 5753 infortunium

486 5775 692 5846 fefellit.
728 5776 867 5832 Nam
899 5778 1088 5832 medici
1128 5776 1407 5841 cuiusdam
1442 5776 1771 5833 Monacensis
1814 5778 2019 5833 incuria
2062 5786 2216 5849 atque
2263 5779 2477 5834 inscitia
2519 5777 2688 5834 altera
2738 5777 2891 5833 oculo
2939 5788 3147 5849 captus,
3180 5776 3347 5831 altera
3390 5774 3725 5838 debilitatus,
