3868 6212
135 399 200 457 II
1277 405 1730 464 CLEMENTINA.
1773 441 1842 454 —
1871 410 2232 468 PROCEMIA.
3326 422 3405 476 Ξῖ

133 523 399 587 quantum
429 515 747 571 valetudinis
778 519 1069 590 viriumque
1096 531 1392 591 supererat,
1425 525 1495 577 ad
1531 541 1594 579 ea
1625 522 1845 589 contuli,
1885 541 2001 594 qme
2039 525 2257 594 majoris
2298 528 2546 582 ntomenti
2567 530 2693 583 mihi
2717 540 2867 585 erant
2904 531 3215 587 absolvenda
3244 546 3400 606 atque

131 615 480 684 prrﬁcienaa.
522 613 640 679 Quo
670 615 812 684 facto
841 616 911 669 ad
941 613 1258 672 Clementem
1286 617 1583 673 Romanum
1613 637 1845 674 reversus
1867 620 2050 689 jamin
2073 621 2252 676 limine
2271 624 2505 692 cognovi,
2537 625 2598 677 ob
2629 628 2972 680 recentiorum
3004 628 3279 692 librorum,
3309 632 3402 700 qui

132 711 190 765 in
229 712 506 766 auxilium
536 712 759 766 vocandi
779 722 970 780 essent,
1004 711 1188 769 Romw
1214 718 1514 785 penuriam,
1537 716 1706 786 justis
1732 717 2005 771 hominum
2038 719 2489 787 transalpinorum
2512 722 2787 777 desideriis
2810 739 2890 776 me
2915 740 3017 777 non
3049 727 3128 778 ita
3178 727 3402 796 satisfa-

133 817 351 862 cturum
377 827 513 878 esse,
541 821 599 865 ut
633 811 687 863 in
715 826 922 864 summa
951 809 1186 878 faciendi
1222 813 1491 867 voluntate
1518 822 1632 868 erat
1665 823 1716 867 et
1746 814 1948 883 alioqui
1966 813 2084 882 ﬁeri
2125 817 2400 884 potuisset.
2437 813 2569 870 Haec
2596 817 2897 889 similiaque
2934 835 3050 872 cum
3082 829 3406 888 reputarem,

135 909 328 962 timens
353 924 422 961 ne
445 909 576 978 quid
606 910 878 980 indignum
896 912 992 965 hac
1013 919 1169 967 (etate
1192 911 1320 962 mihi
1344 910 1629 974 excideret,
1645 926 1703 963 eo
1725 910 1830 980 fere
1853 919 2060 963 ventum
2083 921 2180 976 est,
2198 920 2253 963 ut
2276 928 2308 964 a
2333 910 2592 966 Clemente
2608 911 2846 968 Romano
2861 917 3151 986 evulgando
3181 918 3402 972 desiste-

134 1019 264 1056 rem.
289 1002 553 1058 Attamen
571 1006 780 1066 amicis.
796 1023 857 1060 ne
884 1009 1090 1060 inventa
1107 1006 1237 1060 mihi
1259 1005 1516 1059 oblivione
1537 1005 1706 1058 denuo
1727 1004 2090 1074 sepelirentur,
2109 1008 2301 1060 iterum
2322 1007 2612 1078 iterumque
2635 1010 3040 1066 adhortantibus
3064 1015 3274 1067 tandem
3292 1031 3404 1069 cen-

134 1100 221 1153 sui
235 1116 355 1153 esse
385 1101 837 1156 cedendumJam
860 1105 998 1157 enim
1015 1118 1326 1172 persuasum
1345 1102 1475 1155 mihi
1494 1111 1592 1164 est,
1616 1117 1732 1171 quae
1757 1099 2006 1155 Homiliis
2023 1102 2211 1156 critica
2237 1102 2568 1157 adminicula
2592 1114 2704 1156 tum
2730 1121 2756 1159 e
2775 1106 3192 1178 codicereperto,
3209 1120 3318 1162 tum
3340 1126 3405 1164 ea:

135 1198 374 1252 editione
406 1198 646 1267 principe
671 1198 854 1265 attuli,
896 1200 944 1252 si
979 1211 1185 1269 partem
1215 1199 1468 1251 hactenus
1497 1197 1749 1250 ineditam
1776 1198 1966 1262 addas,
2006 1215 2182 1252 coram
2222 1199 2311 1264 iis,
2341 1214 2493 1268 penes
2532 1215 2661 1270 quos
2697 1202 2854 1270 hujus
2875 1205 2972 1268 \rci
3003 1204 3270 1272 judicium
3303 1217 3412 1270 est,

137 1289 486 1358 aequiparare
509 1307 568 1342 ea
607 1307 759 1359 posse
784 1292 997 1361 quantis
1023 1291 1220 1345 notulis
1246 1291 1634 1361 explanatoriis
1663 1291 1836 1344 adhuc
1864 1292 2096 1360 indigere
2126 1291 2423 1346 videantur.
2461 1295 2536 1347 Ac
2577 1296 2837 1349 mentione
2867 1296 3116 1349 editionis
3153 1298 3406 1366 principis

143 1384 292 1452 facta
322 1401 434 1437 non
473 1386 608 1438 satis
637 1387 828 1438 mirari
852 1402 1090 1455 possum,
1116 1386 1378 1457 quomodo
1409 1385 1724 1456 Schwegleri
1747 1385 2079 1454 diligentiam
2117 1395 2167 1439 et
2203 1387 2550 1456 sagacitatem
2581 1404 2786 1440 summa
2823 1392 3108 1444 necessitas
3140 1391 3407 1460 eﬁ'ugerit,

142 1494 258 1532 eam
284 1479 368 1534 vel
409 1483 810 1536 accuratissime
845 1485 1126 1549 revisendi,
1165 1500 1266 1554 quo
1296 1484 1600 1540 vulneribus
1634 1485 1688 1537 in
1715 1484 1886 1537 tribus
1915 1482 1970 1538 Ι.
2009 1483 2205 1538 Clerici
2231 1485 2353 1540 edd.
2397 1502 2486 1538 an.
2534 1485 2694 1551 1698,
2724 1486 2883 1553 1700,
2914 1488 3053 1542 1724
3093 1491 3261 1544 textui
3294 1491 3408 1560 ejus

145 1577 371 1646 inﬂictis
407 1579 613 1632 medela
637 1579 942 1647 offerretur.
978 1579 1112 1635 Istic
1151 1581 1647 1634 nimirum—sileo
1679 1580 1888 1633 levioris
1929 1580 2179 1633 momenti
2231 1581 2420 1633 menda
2444 1608 2510 1620 —-
2537 1579 2720 1633 multte
2766 1597 2908 1636 voces
2950 1586 3195 1651 omissae,
3235 1585 3410 1653 plures

146 1682 338 1726 contra
371 1673 555 1730 Paris.
584 1675 709 1731 libri
741 1681 1113 1733 auctoritatem
1153 1679 1265 1732 sine
1301 1677 1417 1732 ulla
1462 1694 1628 1732 causa
1658 1677 1818 1731 tacite
1863 1686 2102 1742 mutataz,
2132 1676 2378 1745 plurima:
2415 1691 2684 1745 perperam
2715 1687 2998 1747 corruptas.
3031 1677 3164 1744 Qua:
3199 1681 3409 1750 quidem

144 1773 334 1839 paucis
364 1774 598 1842 exceptis
625 1790 726 1828 non
748 1774 918 1830 solum
941 1793 973 1829 a
999 1776 1286 1830 novissimo
1313 1775 1515 1829 editore
1549 1775 1790 1843 repetita,
1814 1773 1905 1826 sed
1937 1789 2068 1826 nova
2105 1789 2347 1826 errorum
2389 1773 2625 1842 congerie
2658 1782 2815 1827 aucta
2846 1784 2992 1828 sunt.
3027 1773 3086 1829 Is
3121 1777 3260 1829 enim
3287 1774 3410 1839 Cle-

147 1867 252 1920 rici
291 1869 648 1923 recensionem
672 1881 870 1924 textum
897 1869 1145 1923 editionis
1183 1885 1266 1936 pr.
1300 1869 1584 1940 genuinum
1613 1878 1831 1936 putans,
1857 1869 2049 1922 centies
2073 1867 2333 1923 Cotelerio
2370 1869 2504 1923 hanc
2533 1869 2742 1923 illamve
2768 1869 3044 1924 lectionem
3089 1887 3179 1924 seu
3221 1870 3411 1924 bonam

146 1979 242 2016 seu
271 1979 497 2034 pravam
522 1966 750 2034 aﬁinxit,
782 1967 845 2021 de
871 1983 976 2037 qua
1005 1965 1096 2021 ille
1123 1982 1187 2021 ne
1216 1965 1484 2019 somniare
1510 1965 1718 2035 quidem
1751 1980 1913 2017 ausus
1939 1975 2038 2021 est.
2081 1963 2250 2020 Taceo
2295 1966 2520 2037 reliqua,
2551 1983 2668 2037 qua:
2716 1967 2780 2020 ab
2821 1967 2946 2020 aliis
2984 1965 3209 2036 intelligi
3246 1964 3410 2024 malo,

145 2073 311 2124 quam
337 2077 373 2112 a
411 2077 494 2115 me
523 2062 653 2117 dici.
689 2061 773 2116 Ne
802 2063 977 2116 multa
1000 2077 1020 2116 :
1050 2078 1114 2116 en
1164 2061 1262 2115 tibi
1315 2061 1669 2114 recensionem
1718 2058 2081 2114 Homiliarum
2123 2062 2388 2130 prioribus
2425 2062 2808 2116 accuratiorem
2850 2070 2920 2126 et,
2973 2062 3021 2116 si
3058 2061 3414 2130 integritatem

146 2159 363 2221 spectas
396 2152 661 2216 ,omnibus
703 2155 938 2208 numeris
965 2153 1288 2208 absolutam.
1321 2153 1503 2224 Neque
1526 2169 1643 2206 vero
1665 2151 1785 2219 illa,
1815 2168 1936 2218 quat
1979 2168 2125 2207 nova:
2152 2154 2274 2206 huic
2309 2155 2532 2208 editioni
2573 2165 2881 2210 ornamento
2906 2163 3002 2220 est,
3037 2153 3237 2224 glorior
3275 2155 3414 2208 inte-

146 2245 350 2316 gritate
374 2261 393 2299 .'
426 2247 568 2301 alius
596 2264 796 2320 quoque
825 2249 1058 2303 invenire
1092 2249 1371 2319 potuisset,
1396 2263 1514 2318 qua:
1542 2248 1671 2301 mihi
1701 2247 1932 2302 invenire
1975 2249 2216 2319 contigit,
2245 2251 2483 2319 quamvis
2507 2251 2576 2304 ad
2603 2268 2767 2304 unum
2793 2266 2966 2305 omnes
2997 2265 3058 2303 ea
3084 2249 3258 2306 adhuc
3279 2267 3418 2320 pra-

146 2343 416 2400 terierint.
441 2343 607 2414 Atqui
647 2362 712 2399 ea
737 2345 986 2400 humana:
1015 2348 1137 2400 vita:
1165 2345 1399 2399 conditio
1423 2353 1525 2410 est,
1554 2351 1613 2397 ut
1650 2345 1848 2411 pturies
1891 2352 2129 2414 negetur,
2167 2344 2297 2413 quin
2328 2360 2386 2398 eo
2424 2343 2619 2416 aliquis
2659 2345 2938 2415 quaesitum
2975 2352 3063 2398 eat
3095 2359 3197 2414 quo
3234 2343 3418 2399 luben-

148 2440 356 2494 tissime
388 2440 531 2508 velit,
556 2443 848 2497 secundum
878 2442 1121 2498 Graecum
1149 2441 1289 2496 illud
1312 2456 1331 2494 :

901 2539 984 2591 Οὐ
1014 2537 1241 2604 παντὸς
1277 2534 1496 2604 ἀνδρὸς
1523 2536 1591 2605 ἐς
1618 2537 1910 2605 Κόρινθον
1938 2534 2065 2589 ἐσθ’
2094 2537 2128 2590 ὀ
2154 2534 2366 2602 πλοῦς.

220 2629 430 2703 Scripsi
457 2632 639 2689 Roma:
663 2632 793 2688 Kal.
831 2633 947 2688 Jul.
983 2633 1142 2689 1852.
1743 2621 1760 2638 ⁵

751 2791 1208 2856 CLEMENTIS
1252 2790 1574 2853 ROMANI
1634 2791 2162 2855 HOMILIARUM
2224 2789 2568 2852 CODICES
2622 2792 2796 2854 MSS.

217 2913 272 2969 1.
318 2912 380 2967 In
417 2912 725 2982 Defensione
751 2931 846 2985 pro
876 2913 1180 2970 Canonibus
1213 2917 1576 2984 apostolorum
1619 2925 1669 2970 et
1721 2915 1980 2986 Epistolis
2016 2915 2327 2985 pontiﬁcum
2370 2913 2698 2970 Franciscus
2729 2914 3033 2970 Turrianus
3071 2929 3102 2969 e
3140 2930 3245 2969 ms.
3276 2931 3417 2984 quo-

150 3003 282 3058 dam
331 3004 524 3060 Grseca
560 3005 716 3070 citat,
753 3021 879 3077 quae
912 3006 967 3061 in
992 3005 1289 3062 Clementis
1315 3005 1382 3060 R.
1415 3006 1668 3063 Homiliis
1701 3007 2070 3078 reperiuntur.
2113 3007 2234 3060 Alia
2284 3004 2688 3076 Metaphrasten
2738 3008 2903 3069 olent,
2946 3011 3049 3065 alia
3095 3011 3160 3065 ad
3191 3008 3418 3066 Ottobo-

149 3101 304 3155 niani
335 3101 629 3156 lectionem
662 3107 759 3155 aut
789 3117 959 3172 prope
989 3102 1277 3171 accedunt,
1310 3112 1407 3159 aut
1433 3103 1571 3158 nihil
1597 3103 1665 3158 ab
1692 3118 1756 3159 ea
1786 3102 2066 3159 differunt.
2105 3101 2475 3159 Nihilosecius
2501 3119 2727 3174 prorsus
2773 3105 2918 3160 aliud
2949 3116 3033 3162 est
3063 3123 3127 3161 ac
3166 3116 3414 3162 nostrum

146 3206 205 3250 et
233 3193 577 3249 Parisinum.
616 3194 676 3249 Id
700 3198 835 3254 satis
863 3215 1007 3256 unus
1033 3199 1124 3255 ille
1155 3201 1313 3255 locus
1342 3200 1541 3272 probat
1575 3199 1630 3255 in
1679 3199 1909 3271 epistola
1943 3198 2203 3255 Turriani
2249 3201 2316 3257 ad
2357 3200 2586 3257 Hosium
2617 3201 2952 3258 cardinalem
3000 3202 3222 3264 allatus.
3255 3218 3419 3273 quem

148 3287 232 3344 hic
265 3288 438 3344 habes
467 3289 522 3343 in
549 3287 710 3345 Hom.
746 3307 884 3359 xvu,
922 3294 1012 3350 15.

220 3382 278 3437 2.
328 3400 349 3435 s
385 3381 696 3440 Cotelerius
746 3388 1025 3458 exemplar
1064 3403 1226 3444 suum
1259 3399 1535 3456 accurate,
1565 3389 1676 3445 imo
1717 3389 1992 3461 religiose,
2041 3406 2111 3448 ne
2166 3391 2407 3448 litterula
2438 3391 2660 3463 quidem
2681 3400 2911 3458 mutata,
2936 3394 3225 3464 descripsit
3254 3410 3322 3450 ex
3347 3410 3425 3450 eo

145 3480 345 3535 codice
376 3478 763 3549 Homiliarutn,
795 3485 888 3552 qui
916 3497 1082 3549 unus,
1113 3493 1384 3554 quantum
1413 3484 1606 3551 sciam,
1647 3486 1907 3556 temporis
1946 3486 2180 3557 injurias
2223 3487 2468 3557 pertulit,
2518 3486 2816 3544 Parisiensi
2853 3488 3024 3560 Regio
3067 3490 3207 3545 1648
3241 3493 3412 3562 (nunc

152 3574 318 3642 1196,
348 3574 396 3630 si
421 3584 570 3629 recte
598 3591 840 3645 auguror
868 3592 936 3632 ex
963 3576 1137 3634 Catal.
1165 3581 1286 3634 cod.
1323 3596 1456 3636 mss.
1492 3581 1631 3636 Bibl.
1670 3581 1804 3653 Reg.
1846 3582 1974 3637 Par.
2030 3583 2195 3652 1740,
2227 3593 2364 3639 tom.
2399 3582 2468 3652 ll,
2512 3585 2568 3639 in
2612 3600 2773 3655 quem
2824 3587 3039 3641 numeri
3081 3587 3411 3642 Coteleriani

151 3683 266 3723 non
299 3669 681 3738 conveniunt).
712 3668 777 3724 In
810 3670 1118 3726 subsidium
1146 3672 1396 3728 adhibuit
1427 3673 1821 3729 Clementinam
1873 3674 2182 3745 Epitomen,
2231 3692 2395 3747 quam
2444 3687 2498 3732 et
2535 3678 2709 3747 ipsam
2743 3692 2774 3732 e
2837 3677 2955 3734 cod.
2986 3677 3116 3748 Reg.
3158 3678 3187 3730 7
3215 3679 3423 3734 descri-

152 3770 305 3832 ptam
333 3759 391 3814 in
415 3774 583 3829 opere
613 3775 738 3826 suo,
766 3763 980 3830 primus
1005 3771 1131 3831 post
1159 3762 1500 3832 Turnebum,
1533 3764 1734 3834 publici
1759 3763 1904 3834 juris
1931 3765 2080 3821 fecit.
2116 3764 2411 3821 Praeterera
2446 3768 2688 3823 excussit
2712 3768 2871 3824 codd.
2903 3769 3034 3840 Reg.
3072 3769 3176 3824 “8
3203 3779 3257 3825 et
3278 3771 3407 3837 804,

151 3849 252 3920 qui
284 3851 572 3904 continent
609 3851 856 3905 eamdem
885 3852 1192 3922 Epitomen,
1222 3855 1316 3909 sed
1361 3855 1524 3924 paulo
1554 3855 1854 3911 auctiorem
1886 3872 1950 3911 ex
1984 3855 2346 3914 Homiliarum
2382 3857 2708 3930 fragmentis
2743 3860 2837 3929 (cf.
2872 3877 3004 3944 quae.
3035 3864 3422 3919 adnotavimus

149 3945 222 4001 ad
251 3946 345 4011 11,
365 3946 398 4001 5
423 3945 612 4018 [infra,
638 3948 745 4006 col.
769 3948 860 4020 55]
885 3959 934 4004 et
961 3950 1168 4015 555,18
1188 3950 1319 4024 [col.
1343 3951 1497 4024 295].
1542 3951 1613 4008 Iis
1637 3954 1898 4010 subsidiis
1925 3955 2232 4011 Cotelerius
2260 3957 2332 4010 ita
2352 3972 2487 4012 usus
2511 3965 2616 4024 est,
2642 3967 2702 4012 ut
2727 3959 2870 4013 haud
2893 3973 3062 4029 pauca
3085 3959 3290 4013 codicis
3318 3959 3409 4014 sui

153 4045 360 4101 menda
388 4045 446 4099 in
475 4044 722 4114 margine
747 4042 1006 4097 editionis
1038 4059 1152 4099 sua:
1185 4052 1369 4114 posset
1399 4045 1714 4100 emendare.
1759 4064 1780 4098 ι
1815 4044 1892 4101 lta
1937 4045 2317 4118 Schweglerus
2354 4049 2408 4103 in
2448 4047 2794 4105 Prmfatione.
2833 4049 2946 4122 Ego
2975 4051 3194 4120 quidem
3223 4050 3416 4105 dubito

155 4156 288 4198 num
336 4138 644 4195 Cotelerius
672 4137 727 4192 in
758 4138 1119 4194 describendo
1152 4139 1340 4194 codice
1365 4138 1540 4195 Paris.
1570 4140 1751 4196 ubivis
1783 4141 1875 4195 illa
1906 4141 2010 4196 lide
2043 4151 2208 4212 atque
2247 4142 2509 4214 religione
2539 4159 2673 4199 usus
2707 4143 2892 4210 fuerit,
2936 4160 3044 4215 qua
3080 4146 3135 4198 in
3181 4145 3285 4198 hoc
3315 4159 3414 4214 ge-

154 4252 288 4293 nere
324 4251 471 4306 opus
497 4244 624 4290 est:
659 4236 713 4290 id
742 4235 888 4304 quod
917 4249 984 4289 ex
1029 4236 1217 4291 multis
1243 4235 1381 4291 locis
1419 4251 1544 4290 cum
1584 4244 1772 4291 nostro
1800 4236 2048 4306 ejusdem
2075 4234 2298 4291 familia:
2339 4237 2716 4307 manuscripto
2743 4247 2997 4292 accurate
3040 4236 3255 4292 collatis
3302 4237 3424 4293 luce

153 4338 365 4394 clarius
382 4346 629 4406 apparet.
650 4335 834 4391 Codex
859 4335 1035 4390 Paris.
1071 4351 1389 4407 quanquam
1414 4337 1469 4392 in
1499 4335 1678 4391 fronte

1899 4344 1920 4390 t
1948 4354 1961 4389 :
1988 4337 2206 4400 Βίϐλος
2220 4335 2453 4403 ἔχουσα
2476 4337 2714 4404 ὁμιλίας
2743 4336 3066 4405 διαφόρους
3089 4333 3203 4387 ἀπὸ
3219 4332 3423 4403 φωνῆς

153 4433 263 4489 τοῦ
298 4434 478 4503 ἁγίου
505 4431 732 4500 Πέτρου
765 4433 869 4487 τοῦ
910 4432 1277 4496 ἀποστόλου,
1310 4432 1725 4502 συγγραφεῖσα
1750 4432 1868 4488 ὑπὸ
1900 4431 2006 4486 τοῦ
2035 4431 2207 4500 ἁγίου
2235 4429 2602 4500 Κλήμεντος,
2642 4433 2682 4499 ἡ
2733 4431 3027 4500 λεγομένη
3075 4430 3417 4500 Κλημέντια,

155 4525 478 4578 τουτέστιν
503 4524 822 4594 Κλήμεντος
859 4525 1286 4594 συγγράμματα.
1321 4523 1584 4593 Περιέχει
1603 4523 1672 4578 δὲ
1691 4525 1728 4593 ἡ
1746 4523 1899 4592 αὑτὴ
1914 4524 2133 4589 βίϐλος
2169 4521 2308 4576 τάδε
2332 4539 2345 4552 ⁸
2385 4524 2721 4592 προλόγους
2755 4522 2930 4591 τρεῖς,
2954 4523 3188 4591 ὁμιλίας
3205 4521 3417 4585 εἴκοσι,

157 4621 396 4675 mutilus
436 4627 617 4674 tamen
649 4619 852 4676 desinit
885 4622 937 4675 in
968 4620 1129 4675 Hom.
1158 4637 1274 4686 xix,
1312 4621 1400 4676 14.

224 4719 281 4773 5.
324 4715 516 4772 Codex
548 4733 654 4772 ms.
685 4717 778 4787 qui
811 4717 879 4771 ad
928 4731 1125 4771 novam
1174 4714 1536 4771 Homiliarum
1583 4717 1877 4772 editionem
1910 4716 2308 4772 conﬁciendam
2354 4716 2607 4771 criticum
2657 4731 2856 4786 penum
2909 4715 3038 4768 mihi
3088 4715 3302 4785 aperuit
3334 4717 3421 4770 vel

161 4814 531 4882 uberrimum,
563 4827 866 4881 earumque
930 4811 1092 4866 tinem
1126 4811 1414 4882 hucusque
1445 4813 1816 4866 desideratum
1848 4813 2046 4868 unicus
2076 4813 2328 4883 largitur,
2359 4813 2427 4867 ad
2476 4827 2596 4866 eam
2633 4813 2869 4882 pertinet
2897 4810 3173 4866 Vaticana:
3217 4811 3419 4865 biblio-

158 4912 339 4966 thecae
369 4918 606 4980 partem,
635 4925 760 4980 qua:
789 4906 1156 4963 Ottoboniana
1190 4908 1530 4963 nominatur.
1581 4909 1922 4964 Chartaceus
1951 4919 2054 4975 est,
2104 4908 2294 4964 formae
2326 4919 2555 4979 quartae,
2587 4909 2989 4980 insigniturque
3019 4923 3248 4962 numero
3290 4907 3416 4962 445.

161 5006 440 5062 Exaratus
468 5021 592 5062 esse
616 5004 834 5060 videtur
875 5003 1096 5059 ineunte
1141 5019 1268 5059 saec.
1320 5020 1433 5071 xlv,
1484 5004 1657 5058 nitida
1706 5004 1924 5074 quidem
1971 5003 2159 5060 Crteca
2203 5020 2390 5066 manu,
2419 5004 2517 5059 sed
2566 5004 2635 5058 ob
2666 5004 2954 5059 inusitatas
2999 5005 3190 5075 siglas,
3219 5004 3422 5074 quibus

163 5105 360 5168 utitur,
392 5102 602 5172 passim
627 5103 882 5172 ambigua
913 5111 968 5157 et
996 5101 1360 5168 subobscura,
1392 5117 1492 5157 nec
1537 5101 1741 5172 ubique
1788 5100 1934 5156 facili
1978 5101 2144 5155 lectu.
2177 5099 2487 5166 Quamlibet
2533 5101 2812 5171 paginam,
2845 5101 2890 5154 si
2936 5100 3078 5154 tituli
3123 5109 3424 5155 occurrunt

162 5197 320 5264 nulli,
341 5212 543 5253 versus
565 5197 752 5268 viginti
779 5205 985 5267 septem
1002 5196 1242 5266 explent.
1260 5194 1318 5249 In
1338 5197 1517 5266 primo
1533 5194 1755 5251 Codicis
1778 5195 1909 5250 folio
1929 5195 2054 5248 albo
2084 5194 2364 5263 appositus
2387 5181 2583 5263 legitur
2605 5208 2867 5248 numerus
2888 5193 3025 5260 445;
3063 5191 3117 5245 in
3137 5189 3419 5262 sequenti:

591 5295 846 5350 Clemens
877 5292 1160 5349 Romanus
1184 5295 1250 5349 de
1279 5293 1822 5366 Peregrinationibus
1853 5291 1912 5349 S.
1944 5291 2090 5347 Petri
2122 5291 2218 5347 fol.
2253 5291 2309 5347 2.

591 5383 851 5452 Ejusdem
882 5384 1180 5440 Clementis
1209 5383 1721 5454 Peregrinationutn
1749 5383 1998 5454 Epitome
2023 5382 2116 5437 fol.
2145 5381 2268 5436 161.

589 5479 835 5551 Gregorii
867 5479 1099 5551 Nysseni
1122 5481 1299 5536 oratio
1329 5481 1385 5535 in
1412 5481 1546 5536 illud
1577 5481 1732 5536 Pauli
1760 5501 1772 5536 :
1809 5483 1948 5536 Cum
1977 5479 2226 5552 subjecta
2260 5478 2465 5535 fuerint

593 5576 672 5633 illi
704 5576 913 5644 omnia,
948 5585 1079 5634 tunc
1107 5586 1162 5634 et
1192 5577 1308 5650 ipse
1337 5578 1503 5648 titius,
1535 5576 1772 5644 etc.,fol.
1809 5578 1939 5633 255.

1767 5671 1829 5726 Ρ.

1770 5776 1831 5833 Χ

1763 5869 1848 5925 19.
