3868 6212
471 364 542 420 ιδ
1393 362 1451 417 S.
1495 360 1882 418 CLEMENTIS
1919 361 2133 418 lROM.
2173 360 2374 419 PONT.
2417 363 2645 420 OPERA
2682 364 2904 422 DUBIA.
3660 363 3756 420 24

471 455 530 510 ΙΙΙ
567 463 798 526 utraque
832 453 1031 526 pagina
1067 453 1452 526 subsequentis
1497 455 1612 510 lolii
1659 472 1948 512 numerum
1989 456 2007 510 I
2043 457 2099 510 in
2145 456 2327 512 fronte
2378 456 2608 512 ferentis
2657 468 2836 513 exstat
2860 458 3223 528 fragmentum
3251 459 3748 515 Clementinorum

473 548 750 619 prooemii,
781 548 926 618 quod
961 547 1152 619 incipit
1183 566 1197 602 τ
1231 548 1436 612 Αὐτοὺς
1467 548 1873 622 φρονιμώτερον
1907 552 1997 604 ἐπι

2224 571 2271 606 ιν
2304 552 2613 622 desinitque
2656 552 2712 607 in
2756 553 2882 607 vbb.
2914 553 3057 625 ἄλλῳ
3084 555 3400 625 οἱῳδήποτε.
3444 552 3556 609 Hoc
3599 553 3747 606 fra-

470 647 752 710 gmentum
783 640 888 694 alia
918 653 1108 707 manu,
1137 655 1311 711 eaque
1333 655 1458 696 saec.
1493 657 1562 695 xv
1609 653 1894 698 exaratum
1925 653 1978 699 et
2027 645 2246 700 aliunde
2289 645 2535 700 excisum
2583 653 2738 716 puto.
2766 643 2887 699 Jam
2925 644 3199 700 invenitur
3241 646 3472 700 alterum
3521 644 3745 698 folium

469 734 654 788 album
681 749 912 790 numero
939 750 1154 790 carens.
1184 733 1241 787 In
1267 733 1420 798 folio,
1451 735 1598 805 quod
1637 738 1886 805 sequitur
1914 751 2145 792 numero
2165 737 2200 790 2
2219 737 2493 803 distincto,
2512 753 2635 792 cum
2657 738 2856 807 praavia
2881 736 3434 807 inscriptioneincipit
3472 734 3748 804 Epistola

471 830 610 885 Petri
637 830 704 885 ad
733 828 995 886 Jacobum
1017 831 1164 898 data,
1191 830 1277 884 cui
1296 831 1502 902 reliqua
1525 831 1862 886 Clementina
1890 839 2282 886 annectuntur.
2309 830 2440 898 Quae
2468 842 2766 888 occurrunt
2795 833 3178 902 inscriptiones
3200 834 3497 904 itidemque
3519 833 3748 888 litterae

469 926 706 984 initiales
763 925 1120 982 Homiliarum
1175 924 1336 986 sicuti
1383 925 1748 996 quorumdam
1807 934 2142 982 commatum
2171 927 2341 981 minio
2371 928 2539 981 rubro
2565 927 2723 996 picta:
2763 936 2912 982 sunt.
2950 926 3300 997 Singularum
3351 928 3741 984 Homiliarum

467 1033 730 1074 numerus
778 1018 982 1075 Graecis
1031 1017 1225 1073 litteris
1276 1015 1620 1086 exprimitur,
1677 1014 1836 1071 tertia
1897 1032 1994 1072 exc

2213 1025 2234 1071 t
2261 1017 2494 1084 decima,
2532 1019 2630 1074 ubi
2676 1028 2762 1074 est
2789 1018 2974 1090 ὁμιλία
3003 1019 3160 1090 τρίτη
3192 1028 3247 1074 et
3275 1021 3459 1092 ὁμιλία
3486 1021 3739 1090 δεκάτη.

469 1110 608 1184 (Ct‘r.
665 1112 943 1183 specimen
998 1111 1286 1180 scriptura:
1333 1109 1481 1182 ligno
1532 1109 1765 1164 incisum
1823 1109 1878 1162 in
1933 1110 2121 1165 tabula
2161 1109 2304 1166 infra
2372 1112 2631 1182 annexa.)
2687 1113 2769 1167 Ad
2824 1127 2978 1167 oram
3037 1114 3241 1170 codicis
3293 1116 3740 1184 quamplurima:

466 1207 660 1278 glossae
681 1207 860 1278 prima
883 1222 1050 1262 manu
1079 1206 1405 1276 conscriptae
1450 1213 1734 1276 apparent,
1780 1205 1986 1261 nullius
2034 1206 2255 1276 quidem
2303 1207 2588 1272 momenti,
2624 1208 2668 1264 si
2719 1223 2922 1277 paucas
2961 1210 3223 1279 excipias.
3266 1211 3531 1265 Adnotavi
3587 1225 3740 1281 quae

465 1301 625 1355 utiles
673 1313 797 1356 esse
848 1308 1168 1370 potuerunt.
1211 1299 1392 1356 Pluris
1431 1298 1691 1355 facienda:
1736 1307 1866 1355 sunt
1910 1300 2242 1371 conjecturae
2284 1314 2450 1356 manu
2494 1301 2782 1356 recentiori
2814 1301 3044 1372 margini
3096 1302 3352 1358 distincto
3393 1304 3734 1359 charactere

465 1393 745 1461 appositae.
779 1392 960 1450 Habes
990 1409 1208 1466 quoque
1238 1393 1306 1449 ad
1336 1408 1490 1448 oram
1532 1394 1750 1450 notulas
1780 1393 1973 1449 rubras
2007 1411 2021 1448 :
2079 1390 2267 1447 κανά¹
2314 1406 2489 1462 usque
2541 1392 2607 1446 ad
2655 1389 2877 1460 καν”ιγ¹,
2933 1407 3137 1462 easque
3166 1397 3342 1463 prima
3384 1409 3549 1448 manu
3597 1404 3732 1448 tam

464 1487 780 1542 indistincte
815 1497 1034 1557 tamque
1079 1487 1259 1556 inepte
1303 1486 1664 1556 conscriptas,
1697 1495 1755 1541 ut
1786 1485 1981 1540 nullibi
2031 1500 2155 1540 cum
2193 1491 2345 1538 textu
2395 1483 2684 1554 quadrent.
2737 1481 2920 1538 Prima
2949 1484 3224 1538 invenitur
3266 1485 3423 1539 initio
3453 1483 3733 1554 Epistola:

462 1577 758 1636 Clementis
786 1579 855 1634 ad
886 1577 1152 1634 Jaeobum
1194 1592 1264 1634 ex
1307 1578 1559 1644 adverso,
1595 1578 1789 1634 ultima
1837 1578 1890 1632 in
1937 1576 2181 1647 margine
2213 1577 2363 1630 hom.
2398 1575 2440 1641 l,
2471 1575 2526 1639 6,
2563 1576 2666 1631 sub
2703 1576 2889 1630 tinem.
2929 1574 3101 1631 Nullae
3141 1577 3379 1647 capitum
3413 1578 3726 1634 sectiones.

461 1676 864 1747 Orthographia
900 1675 1043 1730 haud
1072 1690 1198 1731 raro
1230 1675 1462 1731 solaaca:
1492 1675 1988 1743 κρίττονα,κυ6ερ1

2199 1673 2676 1742 γυμνιτεύοντες,
2706 1671 2963 1742 θεώτητι,
2987 1673 3308 1742 τνομόνως,
3334 1675 3722 1737 πείσθεσθαι,

462 1768 796 1836 ἐπίστηται,
846 1767 1125 1838 ὐποργεῖν
1169 1783 1222 1838 p.
1277 1766 1620 1836 ὑπουργεῖν,
1680 1766 1862 1836 αἱρῶν
1895 1782 1989 1836 με

2193 1764 2392 1819 καινόν
2421 1767 2682 1834 pasti-(5r,
2713 1764 2928 1835 ὑφέξιν
2957 1781 3010 1835 p.
3042 1763 3308 1832 ὑφέξειν,
3353 1766 3610 1819 ,λοιποῦν
3653 1781 3720 1836 p.

462 1861 725 1926 λυποῦν,
757 1863 1181 1930 ηὐχαρίσθησα
1207 1876 1261 1930 p.
1294 1862 1737 1931 ηὐχαρίστησα,
1769 1875 1989 1930 φενορα

2193 1896 2198 1909 ,
2233 1859 2572 1928 φρενωθεις,
2619 1857 2746 1913 ἅδει
2788 1873 2840 1928 p.
2869 1857 3004 1929 ᾄδῃ.
3035 1857 3253 1925 Multas,
3286 1874 3408 1930 quae
3438 1858 3600 1914 etiam
3654 1860 3720 1914 i

465 1951 568 2010 boc
601 1953 791 2010 codice
825 1953 1189 2024 reperiuntur,
1223 1955 1448 2012 lacunas
1481 1956 1637 2012 uncis
1665 1955 1873 2011 criticis
1905 1952 2104 2009 inclusi
2143 1952 2607 2026 conjectandoque
2632 1952 2864 2024 explevi.

1747 2093 2038 2156 LITTERE
2061 2090 2447 2146 EXPLICATE.

709 2214 769 2275 Ο,
801 2213 905 2264 Ott.
929 2213 1177 2265 —Codex
1213 2215 1575 2268 Ottobonlanus
1615 2216 1722 2268 443.

702 2276 759 2350 ρ,
792 2276 847 2326 Ct
865 2303 926 2350 ζ-
943 2275 1242 2350 Cotelerius,
1264 2278 1503 2330 Cotelerii
1532 2279 1643 2344 (Ed.
1669 2281 1785 2332 Lnt.
1816 2280 1972 2334 Paris.
2002 2280 2166 2338 1672.)

709 2339 754 2388 D
784 2364 847 2375 —
870 2337 1115 2387 Davisius.
1229 2337 1238 2340 ⁷
1538 2337 1548 2344 ’

707 2398 763 2469 ξι
791 2426 857 2469 :—
880 2400 1096 2469 Clerlcus
1123 2398 1232 2469 (Ed.
1255 2401 1620 2469 Amsteltedaml
1644 2402 1808 2469 try.)

706 2459 765 2522 8,
789 2460 844 2512 Si
874 2487 935 2498 —
961 2459 1314 2524 Schweglerus
1355 2465 1666 2531 Schwegleri
1684 2459 1799 2530 (Ed:
1819 2464 2127 2530 Stuttgartiu
2148 2463 2313 2526 l867.)
