3868 6212
201 309 270 370 Ib
1065 310 1523 374 CLEMENTINA.
1563 349 1634 360 —
1669 319 2009 377 EPISTOLA
2046 321 2250 379 PETRI
2290 320 2381 378 AD
2417 323 2750 382 JACOBUM.
3387 331 3456 386 26

199 469 3424 507 —————_._.______________________________

914 499 1634 708 CLEMEN
1641 599 1935 713 TIS
2009 601 2750 717 ROMANI

1621 824 1737 872 ουλε
1779 825 2063 868 FERUNTUR

1156 979 1453 1096 HOM
1473 982 1802 1096 ILIfE
1886 987 2293 1106 VIGIN
2306 992 2495 1105 TI.

263 1303 340 1371 ι-
368 1301 424 1372 3
454 1301 802 1356 ΕΠΙΣΤΟΛΗ
835 1302 1110 1356 ΠΕΤΡΟΥ
1142 1304 1320 1358 ΠΡΟΣ
1351 1306 1650 1362 ΙΑΚΩΒΟΝ
1671 1309 1709 1365 ⁸.
1807 1308 1856 1357 Α

257 1419 539 1470 ΠΕΤΡΟΣ
577 1419 829 1489 ΙΑΚΩΒῼ
853 1457 867 1480 ,
913 1419 992 1490 τῷ
1035 1421 1208 1491 κυρίῳ
1241 1423 1334 1474 καὶ
1367 1424 1650 1496 ἐπισκόπῳ
1681 1427 1781 1497 τῆς

184 1509 347 1577 ἁγίας
395 1509 748 1580 Ἐκκλησίας,
785 1511 888 1563 ὑπὸ
921 1511 1017 1563 τοῦ
1069 1511 1180 1566 τῶν
1222 1513 1357 1567 ὅλων
1391 1516 1604 1587 Πατρὺς
1627 1557 1642 1581 ,
1692 1518 1781 1571 διὰ

195 1600 380 1673 Ἰησοῦ
416 1601 682 1674 Χριστοῦ,
717 1603 906 1673 εἰρήνη
943 1604 1026 1674 εἴη
1061 1603 1294 1658 πάντοτε
1317 1607 1358 1658 ¹.

2062 1296 2398 1353 EPISTOLA
2435 1297 2638 1354 PETRI
2678 1302 2769 1354 AD
2792 1301 3103 1360 JACOBUM
3141 1305 3274 1378 (2i).

1951 1409 2228 1465 PETRUS
2271 1409 2527 1467 JACOBO
2551 1453 2565 1478 ,
2607 1413 2831 1469 domino
2867 1425 2921 1469 et
2962 1427 3164 1472 sancta:
3194 1418 3452 1475 Ecclesia:

1879 1503 2159 1573 episcopo,
2183 1505 2251 1558 ab
2273 1506 2516 1559 omnium
2549 1522 2730 1560 rerum
2761 1506 2939 1575 Patre,
2961 1524 3058 1578 per
3085 1508 3269 1565 Jesum
3292 1510 3452 1567 Chri-

1881 1603 2050 1657 stum,
2083 1609 2188 1662 pax
2215 1594 2286 1649 sit
2316 1607 2600 1664 perpetuo.

1949 1682 1989 1736 l.
2023 1683 2162 1738 Cum
2193 1685 2362 1739 sciam
2397 1694 2466 1751 te,
2502 1685 2668 1741 frater
2690 1688 2789 1752 mi,
2835 1687 2901 1742 ad
2934 1689 2988 1743 id
3019 1690 3164 1759 quod
3199 1706 3449 1746 commu-

1881 1776 2022 1831 niter
2044 1777 2302 1832 omnibus
2340 1778 2501 1833 nobis
2537 1781 2830 1848 conducit,
2862 1783 3118 1837 alacriter
3160 1782 3448 1850 festinare,

1881 1883 2016 1938 rogo
2036 1879 2313 1940 etprecor,
2339 1881 2399 1926 ut
2418 1888 2661 1927 mearum
2684 1874 3129 1942 praedicationum
3151 1890 3290 1944 quos
3312 1876 3378 1930 ad
3402 1885 3454 1929 te

1881 1961 2005 2016 misi
2037 1961 2204 2017 libros
2234 1963 2369 2017 nulli
2401 1979 2466 2018 ex
2491 1965 2784 2034 gentilibus
2816 1967 3019 2032 tradas,
3057 1982 3236 2038 neque
3285 1968 3450 2022 etiam

1880 2056 2090 2122 tribuli,
2119 2065 2244 2112 ante
2262 2058 2694 2127 experimentum
2718 2075 2730 2111 :
2759 2061 2856 2114 sed
2894 2061 2939 2114 si
2965 2061 3089 2130 quis
3109 2062 3372 2131 probatus
3399 2070 3454 2116 et

1879 2149 2078 2219 dignus
2109 2156 2360 2218 repertus
2382 2146 2571 2215 fuerit,
2603 2158 2734 2204 tunc
2758 2150 2860 2219 ipsi
2890 2151 3112 2218 tradas;
3148 2153 3450 2206 secundum

1878 2255 2002 2294 eum
2029 2239 2273 2304 modum,
2305 2240 2464 2309 juxta
2486 2255 2649 2309 quem
2688 2241 2900 2311 Moyses
2943 2240 3295 2317 Septuaginta
3319 2244 3453 2299 viris

1878 2331 2152 2386 cathedrae
2184 2346 2298 2386 sua:
2333 2332 2747 2388 successoribus
2787 2317 3026 2389 tradidit.
3056 2332 3266 2389 Idcirco
3306 2335 3449 2389 enim

253 1694 301 1745 Ι.
339 1693 514 1755 Εἰδὼς
548 1710 628 1756 σε,
661 1693 859 1762 ἀδελφέ
891 1711 1017 1763 μου,
1052 1697 1134 1759 είς
1164 1695 1225 1748 τὸ
1256 1699 1410 1768 κοινῇ
1448 1699 1613 1751 πᾶσιν
1648 1699 1779 1769 ἡμῖν

179 1781 474 1851 συμφέρον
503 1781 801 1835 σπεύδοντα
834 1783 1148 1854 προθύμως,
1170 1785 1307 1851 άξιῶ
1331 1789 1423 1840 καὶ
1440 1788 1651 1859 δέομαι,
1672 1789 1780 1843 τῶν

177 1872 340 1940 ἐμῶν
368 1874 744 1943 κηρυγμάτων
776 1873 843 1938 ἂς
874 1875 1096 1946 ἔπεμψά
1119 1893 1198 1929 σοι
1223 1877 1438 1948 βίϐλους
1462 1882 1648 1951 μηδενὶ
1671 1884 1779 1936 τῶν

177 1961 301 2014 ἀπὺ
313 1963 422 2015 τῶν
455 1963 626 2016 ὲθνῶν
645 1966 973 2033 μεταδοῦναι
998 1967 1133 2038 μήτε
1165 1969 1421 2040 ὁμοφύλῳ
1438 1972 1542 2044 πρὸ
1563 1973 1776 2044 πείρας,

177 2054 303 2106 ἀλλ’
335 2056 432 2108 ὲάν
443 2073 525 2119 τις
549 2056 900 2128 δοκιμασθεὶς
919 2056 1066 2122 ἄξιος
1093 2059 1437 2131 εὑρεθῇ,τότε
1466 2064 1614 2135 αὐτῷ
1638 2066 1778 2120 κατὰ

174 2147 286 2216 τὴν
305 2148 531 2218 ἀγωγὴν
555 2148 1036 2219 παραδοῦναι,καθ’
1060 2151 1126 2223 ἣν
1140 2152 1360 2217 καὶτοῖς
1376 2154 1778 2228 Ἑϐδομήκοντα

175 2241 206 2290 ὁ
235 2239 482 2309 Μωῡσῆς
507 2240 792 2310 παρέδωκε
824 2244 936 2304 τοῖς
964 2242 1063 2314 τὴν
1082 2243 1347 2315 καθέδραν
1382 2245 1546 2298 αὑτοῦ
1582 2265 1776 2319 παρει-

175 2329 435 2399 ληφόσιν.
465 2330 751 2390 Atinii-co
783 2334 877 2386 καὶ
908 2336 936 2387 ό
966 2335 1178 2406 καρπὸς
1220 2335 1322 2405 τῆς
1349 2336 1644 2406 ἀσφαλείας
1679 2341 1777 2410 μέ-

179 2438 278 2490 χρι
308 2423 405 2474 τοῦ
443 2423 606 2493 δεῦρο
655 2425 923 2493 φαίνεται.
969 2426 1074 2480 Τὸν
1113 2426 1222 2500 γὰρ
1251 2427 1414 2483 αὑτὸν
1446 2431 1495 2483 οἱ
1529 2436 1773 2505 πανταχῆ

1889 2423 2150 2478 cautionis
2199 2422 2410 2478 fructus
2466 2424 2521 2478 in
2572 2425 2718 2480 hunc
2764 2442 2940 2496 usque
2995 2427 3138 2481 diem
3203 2435 3447 2496 apparet.

178 2513 466 2581 ὁμοεθνεῖς
485 2515 506 2547 ³
533 2515 634 2584 τῆς
671 2518 969 2588 μοναρχίας
1001 2520 1093 2572 καὶ
1138 2519 1411 2585 πολιτείας
1443 2523 1775 2592 φυλάσσουσι

1889 2515 2134 2570 Eamdem
2165 2515 2366 2585 quippe
2405 2514 2472 2570 de
2511 2516 2721 2571 unitate
2756 2516 2847 2570 Dei
2881 2525 2932 2571 et
2961 2517 3028 2571 de
3075 2517 3198 2571 vita:
3229 2517 3451 2571 instituo

179 2605 422 2668 κανόνα,
462 2607 605 2660 κατὰ
639 2608 844 2678 μηδένα
879 2610 1083 2682 τρόπον
1128 2611 1304 2677 ἄλλως
1337 2618 1552 2685 φρονεῖν
1590 2617 1622 2690 ἢ
1666 2619 1775 2674 τῶν

1889 2606 2026 2660 tione
2046 2620 2294 2660 normam
2324 2607 2618 2661 observant
2647 2622 2837 2662 omnes
2858 2607 3170 2678 ubicunque
3199 2608 3308 2662 sint
3332 2607 3450 2676 ejus

179 2696 302 2758 εἰςδ
333 2695 391 2767 ᾇ
423 2697 594 2750 πολλὰ
621 2699 888 2754 νευουσῶν
909 2701 1140 2773 Γραφῶν
1159 2703 1503 2777 ὲξοδευθῆναι
1521 2706 1774 2778 δυνηθέν-

1889 2696 2116 2752 nationis
2163 2697 2446 2763 homines;
2495 2713 2595 2752 nec
2644 2699 2756 2753 ullo
2802 2698 2967 2752 modo
3013 2707 3248 2768 possunt
3293 2700 3452 2754 aliter

175 2799 295 2848 τες.
343 2788 500 2841 Κατὰ
537 2788 645 2862 γάρ
681 2790 772 2846 τὸν
823 2793 1198 2864 παραδοθέντα
1242 2796 1427 2861 αὐτοῖς
1473 2798 1672 2852 κανόνα
1704 2800 1773 2856 τὰ

1889 2787 2104 2852 sentire,
2133 2795 2228 2840 aut
2259 2787 2436 2856 abripi
2473 2797 2630 2843 extra
2659 2789 2802 2842 viam
2849 2788 3284 2858 Scripturarum,
3323 2805 3447 2859 qua:

175 2879 293 2931 τῶν
322 2880 558 2951 Γραφῶν
589 2882 930 2954 ἀσύμφωνα⁸
962 2886 1256 2957 πειρῶνται
1288 2890 1769 2962 μεταρρυθμίζειν,

1889 2880 2047 2934 multa
2079 2879 2336 2934 innuunt.
2362 2876 2497 2933 Nam
2524 2882 2824 2936 secundum
2854 2882 3106 2936 traditam
3134 2883 3266 2952 ipsis
3291 2898 3451 2953 regu-

176 2972 229 3023 εξ
261 2971 328 3042 δή
362 2989 447 3036 τις
466 2974 628 3044 τυχὸν
651 2975 725 3046 μὴ
747 2975 902 3041 εἰδὼς
919 2977 1019 3042 τὰς
1039 2980 1368 3050 παραδόσεις
1394 2985 1572 3054 ναρκᾷ
1603 2983 1773 3056 πρὺς⁶

1889 2986 1983 3025 am
2031 2969 2440 3040 Scripturarum
2473 2972 2698 3026 dissona
2739 2974 2990 3028 nituntur
3030 2973 3353 3040 reformare,
3402 2974 3450 3028 si

175 3063 281 3126 τὰς
309 3065 424 3117 τῶν
465 3069 761 3139 προφητῶν
783 3069 988 3143 πολυσή
998 3089 1129 3142 μους
1161 3073 1363 3142 φωνάς’
1385 3066 1446 3127 οὗ
1478 3074 1662 3142 ἕνεκεν
1682 3077 1770 3131 οὑ-

174 3155 294 3208 δενὶ
321 3156 598 3214 διδάσκειν
631 3160 1036 3233 ἐπιτρέπουσιν,
1071 3164 1166 3218 ἐὰν
1203 3165 1277 3237 μὴ
1303 3165 1565 3239 πρότερον
1590 3167 1768 3240 μάθῃτ

177 3246 304 3311 πῶς
335 3248 553 3313 δεῖ-ταῖς
601 3251 842 3322 Γραφαῖς
889 3255 1143 3326 χρῆσθαι·
1193 3255 1475 3321 διὰ-πρῦτο
1507 3261 1636 3329 παρ’
1671 3259 1769 3312 αὑ-

173 3341 296 3402 τοῖς
326 3337 410 3404 εἷς
440 3341 594 3406 Θεὸς,
628 3339 709 3406 εἷς
741 3345 925 3415 νόμος,
962 3347 1061 3416 μία
1095 3347 1267 3410 ἐλπίς.

254 3524 322 3578 ΙΙ.
361 3524 481 3577 Ἵνα
512 3523 686 3594 γοῦν⁸
728 3526 790 3580 τὸ
836 3527 1021 3598 ὅμοιον
1067 3529 1160 3582 καὶ
1201 3531 1330 3600 παρ’
1364 3530 1494 3600 ἡμῖν
1553 3530 1768 3602 γένηται

176 3615 296 3678 τοῖς
333 3614 756 3688 Ἐϐδομήκοντα,
792 3618 950 3691 ἡμῶν
980 3619 1232 3688 ἀδελφοῖς
1266 3620 1367 3684 τὰς
1406 3620 1621 3690 βίϐλους
1665 3637 1767 3692 μου

176 3705 292 3761 τῶν
326 3708 699 3779 κηρυγμάτων
731 3709 821 3773 δὺς
865 3710 1003 3782 μετὰ
1047 3710 1141 3764 τοῦ
1175 3711 1359 3782 ὁμοίου
1399 3713 1500 3783 τῆς
1545 3711 1769 3782 ἀγωγῆς

1875 3062 2001 3132 quis
2022 3061 2161 3117 forte
2186 3065 2412 3133 ignarus
2439 3064 2800 3119 traditionum
2827 3066 2895 3120 ad
2935 3067 3323 3136 prophetarum
3353 3082 3450 3120 va-

1874 3154 1956 3208 ria
1979 3154 2350 3224 signiﬁcantes
2373 3170 2537 3210 voces
2559 3155 2909 3226 obtorpescit.
2933 3155 3161 3226 Propter
3187 3156 3334 3226 quod
3354 3173 3451 3212 ne-

1873 3245 2009 3299 mini
2040 3246 2238 3301 docere
2270 3247 2615 3316 permittunt,
2658 3248 2763 3302 nisi
2794 3248 2948 3318 prius
2976 3264 3086 3318 quo
3113 3257 3276 3318 pacto
3299 3247 3448 3303 Scri-

1872 3338 2046 3408 pturis
2071 3339 2144 3394 sit
2163 3339 2426 3394 utendum
2447 3339 2718 3395 didicerit.
2743 3338 2870 3395 Ideo
2889 3340 3029 3410 apud
3053 3340 3177 3394 illos
3200 3348 3284 3395 est
3304 3356 3448 3396 unus

1872 3432 2038 3498 Deus,
2064 3450 2172 3490 una
2197 3435 2306 3503 lex,
2340 3451 2466 3506 spes
2493 3452 2624 3490 una.

1945 3525 2010 3580 ll.
2045 3524 2167 3592 Quo
2203 3526 2371 3595 igitur
2400 3525 2567 3581 simili
2609 3525 2773 3579 modo
2805 3525 2948 3594 apud
2995 3541 3097 3581 nos
3126 3526 3219 3580 fiat
3247 3543 3309 3580 ac
3340 3527 3448 3582 illis

1876 3614 2253 3686 Septuaginta,
2286 3616 2490 3671 nostris
2513 3615 2774 3671 fratribus
2799 3615 2968 3670 libros
2997 3617 3444 3685 praedicationum

1874 3724 2120 3762 mearum
2161 3708 2277 3778 pari
2317 3723 2445 3763 cum
2490 3708 2704 3763 ratione
2743 3708 2988 3777 mysterii
3034 3709 3225 3777 trade,
3263 3719 3323 3763 ut
3363 3710 3447 3762 in-

184 3801 513 3870 μυστηρίου,
548 3801 669 3854 ἶνα⁹
715 3802 810 3855 καὶ
847 3804 976 3867 τοὺς
1021 3802 1379 3875 βουλομένους
1407 3803 1470 3858 τδ
1501 3803 1602 3875 τῆς
1632 3801 1772 3858 διδα-

1889 3808 2089 3855 struant
2126 3815 2223 3856 eos
2263 3801 2356 3870 qui
2395 3801 2675 3866 suscipere
2705 3815 2905 3855 munus
2934 3800 3195 3855 doctrinae
3234 3801 3443 3856 volunt.

182 3892 418 3956 ’σκαλίας
458 3894 811 3961 ἀναδέξασθαι
848 3895 1013 3967 μέρος
1038 3896 1392 3966 ὲφοδιάζωσιν
1414 3897 1486 3930 ¹⁹ο
1521 3896 1641 3952 ἐπεὶ
1671 3896 1768 3952 ἐὰν

1889 3891 2329 3963 Quandoquidem
2362 3892 2409 3947 si
2438 3891 2511 3946 ita
2539 3908 2646 3947 non
2673 3893 2752 3962 ﬁt,
2783 3895 3029 3949 veritatis
3053 3909 3235 3949 sermo
3261 3902 3446 3949 noster

1490 4028 1728 4084 VARLE
1768 4025 2168 4086 LECTIONES.

256 4143 272 4174 ¹
303 4143 364 4197 In
379 4141 743 4214 Homiliarum
759 4144 948 4200 codice
963 4144 1314 4200 Biblimhecae
1326 4143 1711 4200 Ottobonianae
1723 4158 1877 4212 aeque
1908 4152 2072 4214 atque
2104 4143 2158 4197 in
2176 4143 2296 4198 cod.
2318 4141 2574 4199 Cotelerii
2605 4145 2752 4214 prior
2769 4145 3016 4213 procemii
3034 4159 3160 4213 pars
3187 4143 3440 4199 inscribi-

180 4211 566 4286 tur:ﬂ_ep}c05
581 4214 1010 4286 μὴὲκδιδόναιτὰ
1037 4216 1390 4286 συντάγματα
1423 4215 1588 4286 αὐτοῦ
1621 4229 1728 4267 τινι
1750 4211 1858 4286 τῶν
1872 4211 2101 4267 ἀπὸίτῶν
2128 4213 2355 4286 έθνικῷν
2387 4215 2474 4267 διὰ
2503 4211 2630 4277 τοὺς
2664 4211 3132 4286 παρατηροῦντας,
3146 4215 3442 4286 _nisi_quod

184 4285 240 4339 in
274 4281 462 4338 θοόζο
482 4281 942 4353 παραποιοῖηντας.
1018 4287 1040 4318 ¹
1070 4281 1261 4356 εἰρήνη
1297 4285 1351 4337 εἴ
1412 4285 1536 4338 dedi
1566 4301 1631 4339 ex
1658 4285 2067 4353 conjectura,év
2097 4283 2442 4356 εἰρήνῃο,ὲν
2465 4286 2651 4356 εἰρήνη
2669 4281 2979 4355 (εἰὸ)εἱ’ἠ’0.
3004 4283 3117 4337 Cfr.
3146 4283 3242 4352 Ep.
3267 4281 3438 4338 Clem.

184 4354 257 4408 ab
288 4350 558 4407 Jacobum
587 4354 750 4408 salut.
827 4355 848 4386 ⁸
876 4353 1192 4408 Lectionem
1226 4303 1505 4408 ὁμοεῖθνεῖς
1537 4355 1652 4408 erui
1680 4362 1908 4408 accentu
1943 4355 2082 4408 duce
2107 4371 2171 4408 ex
2206 4353 2270 4407 0.
2305 4353 2495 4408 Exstat
2531 4364 2584 4408 et
2616 4355 2668 4407 in
2703 4370 2821 4408 var.
2846 4356 2970 4408 lect.
3003 4354 3438 4408 ap.'l‘urrianum

183 4354 257 4408 ab
288 4350 750 4408 Iacobum'salut.
827 4355 848 4386 ⁸
876 4350 1192 4410 Lectionern
1226 4350 1328 4410 ὀίιο

187 4424 300 4476 Pro
316 4422 580 4504 Epistolis
608 4439 706 4493 pou
716 4424 754 4477 ti
760 4423 934 4504 ficum.
949 4440 1024 4486 ιν,
1052 4422 1106 4504 i,
1122 4440 1177 4491 ν,

1395 4356 1505 4417 νεῖς
1537 4355 1652 4409 erui
1680 4362 1908 4408 accentu
1943 4355 2082 4409 duce
2107 4353 2171 4409 ei
2206 4353 2495 4408 0J'Exstat
2520 4353 2584 4408 'et'
2616 4353 2668 4407 in
2703 4370 2821 4411 var.
2846 4353 2970 4408 lect.
3003 4354 3440 4422 ap.'l‘urrianum

1287 4466 1299 4477 .
1331 4423 1406 4477 De
1431 4423 1689 4478 Turriani
1721 4424 1910 4478 codice
1947 4425 2069 4478 vide
2092 4467 2106 4491 ,
2149 4440 2272 4490 qua:
2306 4425 2614 4478 Cotelerius
2657 4426 2871 4478 notavit
2902 4426 2959 4476 in
2987 4423 3198 4492 judicio
3225 4424 3292 4477 de
3323 4424 3443 4478 Cle-

182 4493 545 4564 mentinorum
569 4491 1021 4564 ορθτθςὸμὸεθνοι
1049 4496 1215 4549 idem.
1290 4494 1311 4526 ⁸
1338 4493 1373 4562 ἢ
1398 4493 1508 4546 τῶν
1528 4496 1606 4557 εἰς
1633 4495 1951 4564 conjectura
1987 4495 2264 4548 librariiin
2298 4511 2471 4564 marg.
2499 4493 2564 4559 0,
2595 4492 2701 4547 ὑπὸ
2723 4493 2830 4547 τῶν
2860 4495 2934 4548 id.
2962 4491 3017 4547 in
3051 4503 3197 4564 textu
3225 4510 3347 4548 cum
3375 4493 3436 4548 C.

182 4559 205 4593 '
246 4559 669 4635 Ἀσύμφῳναλε,
699 4579 763 4635 ex
783 4559 1042 4631 conject"
1072 4564 1340 4635 σύμφωνα
1361 4559 1440 4616 id.
1475 4565 1528 4617 in
1558 4559 1819 4628 textufut
1848 4561 1913 4618 0.

2059 4564 2080 4596 °
2111 4565 2216 4634 πρό
2239 4564 2302 4618 0.
2379 4566 2398 4596 "
2429 4563 2594 4635 μάθοι
2623 4564 2686 4625 C,
2717 4565 2899 4620 minus
2935 4573 3098 4618 recte.
3127 4563 3229 4629 Qui
3261 4564 3442 4635 medio

183 4648 301 4685 azvn
357 4631 516 4704 codd.
560 4631 989 4704 descripserunt,
1022 4634 1090 4689 ad
1125 4631 1291 4704 unum
1328 4649 1521 4688 omnes
1557 4635 1905 4688 iotacismum
1944 4631 2238 4704 sequentes
2277 4631 2510 4704 ideoque
2532 4652 2581 4687 οι
2605 4635 3002 4704 diphthongum
3047 4636 3237 4688 eodem
3279 4634 3441 4687 modo

183 4703 614 4770 pronuntiantes
645 4716 710 4776 ac
740 4703 986 4776 vocalem
1011 4722 1066 4776 η,
1088 4703 1440 4776 conjunctivo
1463 4719 1596 4776 curn
1611 4705 1856 4776 optativo
1896 4703 2180 4776 perperam
2207 4705 2372 4776 misto
2407 4703 2557 4759 l0cos
2596 4719 2826 4758 numero
2858 4703 2971 4759 fere
3011 4704 3438 4776 innumerabiles

183 4769 577 4846 corruperunt.
651 4771 673 4802 ⁸
693 4769 832 4846 -γοῦν
861 4769 1094 4846 accessit
1117 4769 1257 4846 eit’O
1289 4783 1346 4828 et
1367 4771 1529 4846 Turr.
1559 4769 1773 4846 Deinde
1798 4773 1839 4846 (ζ
1870 4769 2173 4846 ιιοδι’ὴμῶν
2199 4775 2448 4846 ἀδελφοῖς
2468 4790 2691 4846 comma
2723 4776 2905 4846 ponit1
2929 4783 3216 4846 totumque
3259 4775 3437 4828 locum

186 4839 261 4895 Ita
291 4841 452 4895 vertit
484 4859 497 4894 :

540 4841 657 4908 Quo
684 4844 850 4912 igitur
873 4843 1038 4914 simin
1059 4844 1213 4898 modo
1246 4845 1388 4914 apud
1410 4860 1503 4899 nos
1537 4845 1633 4912 ﬁat
1667 4845 1863 4897 nostris
1894 4841 2155 4911 fratribus
2177 4885 2191 4908 ,
2222 4862 2284 4898 ac
2317 4841 2425 4898 illis
2455 4841 2821 4914 Septuaginta.
2872 4844 2912 4898 S
2942 4845 3104 4914 verba
3128 4841 3238 4897 _illa
3273 4846 3439 4914 traxit

185 4912 250 4965 ad
283 4912 597 4985 membrum
627 4911 886 4985 sequens.
915 4912 972 4985 In
999 4911 1044 4968 0
1077 4923 1195 4983 post
1226 4911 1477 4985 ἀδελφοῖς
1506 4923 1780 4985 commate
1807 4931 1914 4967 non
1953 4915 2342 4985 distinguitur,
2367 4911 2542 4984 neque
2572 4911 2697 4968 ante
2729 4913 2905 4985 ἡμῶν.
2951 4984 2956 4985 γ
2983 4913 3006 4945 ⁹
3031 4915 3117 4966 ἵνα
3138 4913 3181 4969 0
3201 4930 3250 4985 c.
3272 4913 3434 4985 Turr.

183 4990 234 5052 et
267 4996 386 5052 var.
424 4982 548 5035 lect.
578 4997 666 5052 ap.

748 5025 761 5045 ,
793 4983 981 5055 inuti.
1014 4982 1165 5039 teitu
1185 4986 1382 5055 deest,
1412 4983 1482 5055 Α¹⁰
1515 4984 1840 5055 ἐφοδιάζειν,
1878 4982 2204 5055 ὲφοδιάζώσι
2235 4986 2277 5039 C
2313 4982 2377 5039 Ο.
2413 4982 2788 5053 Importunqu
2832 4984 2964 5038 illud
3005 4984 3311 5052 ἐφοδιάζειν
3356 4984 3437 5035 vi-

183 5049 418 5124 deturin
440 5049 645 5124 textum
659 5052 954 5124 irrepsisse
983 5068 1012 5109 e
1038 5056 1302 5124 margine.
1332 5053 1424 5109 ubi
1450 5049 1695 5109 notatum
1728 5049 1954 5110 fuerata
1980 5071 2089 5110 non
2118 5055 2398 5110 incurioso
2421 5049 2646 5119 lectore,
2669 5064 2930 5124 tanquam
2953 5049 3164 5124 insigne
3189 5055 3432 5107 verbum.

184 5119 298 5176 Cfr.
330 5121 483 5176 hom.
516 5120 580 5185 ll,
613 5121 682 5177 38
703 5121 767 5176 C.

1495 5233 1862 5294 VARIORUM
1902 5233 2131 5291 NOTAE.

258 5346 375 5415 (2i)
395 5344 569 5415 Epist.
591 5347 738 5401 Petri
762 5349 830 5402 ad
847 5347 1128 5403 Iacobum.
1154 5347 1322 5402 Recte
1338 5349 1594 5404 observat
1618 5348 1764 5405 Pho-

189 5415 625 5489 tius_Epistolam
640 5417 781 5472 Petri
800 5417 1147 5489 adlacohum
1173 5419 1448 5487 pertinere
1473 5435 1578 5472 non
1605 5433 1764 5489 posse

190 5488 256 5559 ad
291 5479 449 5559 Opus
470 5489 631 5556 cujus
657 5489 875 5559 initium
911 5489 1004 5553 sit,
1019 5479 1155 5556 Ἐγὼ
1174 5479 1436 5559 Κλήμης,
1471 5489 1586 5543 sive
1606 5479 1761 5558 'quod

191 5557 483 5611 Clementis
501 5573 700 5627 nomen
727 5557 1004 5627 praeferat.
1028 5560 1142 5626 Ego
1168 5557 1590 5614 veroexistimo
1622 5557 1760 5619 prap-

196 5635 399 5682 ae'item
429 5626 744 5696 epistolam,
767 5629 932 5682 aliam
961 5645 1084 5682 esse
1110 5629 1178 5682 ab
1208 5629 1296 5681 illa
1326 5627 1524 5681 Photio
1550 5644 1758 5682 memo~

191 5699 603 5768 rata,quoniam
629 5698 718 5753 illa
735 5698 853 5754 erat
879 5697 944 5754 de
974 5700 1185 5757 actibus
1210 5697 1376 5764 Petri,
1399 5714 1426 5753 a
1454 5697 1614 5754 Petro
1647 5700 1763 5768 ipso

1870 5345 2112 5414 scriptis,
2145 5352 2200 5398 et
2213 5344 2277 5399 ad
2297 5343 2558 5399 Jacohum
2575 5343 2935 5414 postulantem
2952 5345 3155 5400 missis:
3172 5345 3285 5399 haec
3305 5361 3434 5402 vero
3474 5369 3480 5374 ·

1869 5416 2151 5484 superiore
2196 5416 2464 5482 posterior
2494 5426 2596 5480 est,
2631 5430 2730 5468 nec
2765 5414 2832 5484 de
2870 5414 3433 5482 postulationeJacobl

1869 5483 2203 5538 mentionem
2231 5485 2380 5549 facit,
2406 5485 2498 5539 sed
2529 5501 2622 5553 per
2654 5499 2773 5538 eam
2800 5483 3037 5539 Jacobus
3067 5494 3339 5551 monetur,
3372 5497 3434 5541 ut

1867 5553 2282 5618 prredicationes
2331 5554 2475 5608 Petri
2505 5570 2535 5607 a
2585 5554 2746 5608 Petro
2780 5556 3007 5619 missas,
3041 5564 3198 5609 caute
3231 5558 3427 5612 tradat.

1877 5622 2342 5678 Variaslectiones
2388 5625 2615 5692 apposui
2643 5641 2710 5677 ex
2737 5622 3008 5678 Turriano
3042 5623 3146 5677 Pro
3173 5624 3430 5694 Epistolio

1867 5696 2175 5764 pontiﬁcum
2208 5695 2302 5749 lib.
2335 5711 2408 5759 tv,
2441 5696 2583 5760 init.,
2615 5704 2666 5750 et
2692 5695 2786 5750 lib.
2807 5710 2855 5760 v,
2887 5709 3005 5768 cap.
3032 5696 3120 5751 25.
3146 5695 3280 5751 Cor.
