3868 6212
413 308 479 369 ει
1262 312 1318 367 S.
1362 309 1750 368 CLEMENTIS
1788 312 1808 367 l
1860 311 2023 367 ROM.
2066 310 2265 366 PONT.
2307 310 2538 367 OPERA
2576 307 2803 365 DUBIA.

3586 311 3675 367 3‘3

415 437 475 486 et
518 428 588 485 ab
640 426 833 483 iisdem
888 427 1256 497 proficiscenti
1307 427 1722 483 commendabo.
1759 426 1816 481 Si
1857 444 1986 482 vero

2111 426 2265 479 ιύτῶν
2314 426 2618 497 ὁρμωμένῳ
2680 424 3212 496 παρακαταθήσομαι
3260 424 3325 478 ¹¹.
3366 425 3428 477 Εἰ
3472 424 3529 478 δὲ
3569 427 3684 482 καὶ

414 522 709 593 contigerit
731 535 818 576 me
842 530 1103 591 aegrotare
1132 537 1195 576 ac
1219 531 1444 575 mortem
1480 521 1674 584 vereri,
1706 521 1752 576 si
1783 521 1988 590 absque

418 615 605 670 liberis
619 613 1250 683 fuero,similiteragam.
1282 612 1384 668 Sed
1408 623 1463 668 et
1487 614 1532 668 si
1557 613 1783 677 moriar,
1816 613 1987 667 filium

420 705 629 760 habens
654 705 934 776 indignum
967 714 1060 760 aut
1088 707 1330 760 nondum
1358 722 1636 777 capacem,
1672 708 1879 778 pariter
1909 708 1989 763 fa-

419 798 582 854 ciam.
627 797 843 853 Scilicet
870 802 1205 853 committam
1244 816 1366 855 meo
1383 801 1660 871 episcopo,
1686 802 1813 857 utsi
1857 817 1990 871 puer

420 889 638 944 adultus
669 891 774 944 ﬁde
796 891 992 958 dignus
1049 889 1233 956 fuerit,
1286 892 1374 947 ille
1414 903 1671 963 tanquam
1701 903 1990 965 paternum

420 979 726 1049 depositum
756 981 867 1035 filio
896 982 1104 1049 reddat,
1113 982 1271 1052 juxta
1306 985 1526 1039 modum
1552 987 1989 1043 contestationis.

494 1069 584 1127 IV.
608 1072 767 1138 Quod
792 1083 971 1127 autem
1003 1075 1075 1129 ita
1100 1075 1347 1131 facturus
1376 1077 1502 1141 sim,
1526 1078 1723 1131 iterum
1753 1081 1993 1134 secundo

422 1171 705 1218 contestor
778 1167 1002 1231 omium,
1064 1177 1294 1232 terram,
1354 1184 1576 1238 aquam,
1632 1186 1754 1239 qua:
1808 1172 1990 1225 omnia

423 1257 883 1325 complectuntur,
938 1240 1413 1329 insuperque'liis
1480 1262 1737 1316 omnibus
1797 1271 1994 1317 cuncta

423 1357 806 1417 pervagantem
840 1365 1042 1417 aerem,
1068 1352 1185 1405 sine
1216 1366 1326 1420 quo
1360 1367 1467 1406 non
1492 1353 1661 1423 spiro,
1700 1352 1846 1423 quod
1875 1369 1996 1423 per-

423 1450 589 1510 petuo
617 1440 1004 1511 obtemperabo
1050 1443 1122 1508 ei,
1155 1444 1247 1513 qui
1280 1445 1451 1500 libros
1484 1446 1615 1499 mihi
1644 1446 1991 1515 praedicatio,

425 1548 558 1587 num
576 1533 845 1599 tribuit,et
869 1535 1173 1590 observabo
1204 1538 1503 1591 secundum
1522 1539 1777 1594 universa
1801 1555 1995 1609 quem-

426 1626 721 1681 admodum
798 1636 1137 1683 contestatus
1193 1645 1336 1695 sum,
1416 1640 1510 1685 aut
1563 1631 1744 1686 adhuc
1795 1634 1992 1702 magis.

426 1718 616 1788 Itaque
658 1721 791 1773 mihi
820 1730 977 1790 pacta
1011 1722 1252 1775 servanti
1284 1737 1412 1791 pars
1452 1724 1558 1778 erit
1585 1738 1708 1778 cum
1742 1726 1949 1779 sanctis
1981 1744 1994 1779 :

2088 517 2241 588 τύχοι
2296 534 2363 588 με
2409 518 2629 589 νοσῆσαι
2658 518 2701 548 ³³
2733 518 2826 570 καὶ
2870 517 2960 570 τὸν
3024 517 3251 570 θάνατον
3306 516 3679 581 ὑποπτεῦσαι,

2090 609 2186 663 ἐὰν
2210 611 2432 673 ἄτεκνος
2448 605 2514 673 ὦ,
2536 609 2736 680 ὁμοίως
2762 610 2992 680 ποιήσω.
3030 608 3167 661 Ἀλλ’
3200 610 3248 661 εἰ
3286 608 3379 661 καὶ
3409 608 3680 673 τελευτῶ,

2089 702 2279 755 τέκνον
2325 701 2464 772 ἔχων
2506 702 2606 754 οὐκ
2633 701 2781 766 ἀξιον
2813 701 2845 772 ἢ
2882 700 3106 772 μηδέπω
3127 700 3439 771 δυνάμενον,
3466 702 3685 772 ὁμοίως

2093 795 2321 865 ποιήσω.
2369 794 2458 865 Τῷ
2492 793 2599 866 γὰρ
2631 793 2917 865 ὲπισκόπῳ
2964 810 3065 864 μου
3117 792 3681 866 παρακαταθήσομαι,

2093 884 2182 939 ἵνα
2213 887 2261 938 εἰ
2311 886 2409 957 μὲν
2450 885 2602 956 τύχοι
2632 888 2715 955 ἐφ’
2748 886 2962 956 ήλικίας
3018 886 3309 956 γενόμενος
3352 885 3500 950 ἄξιος
3529 881 3686 939 εἶναι

2092 979 2192 1049 τῆς
2228 978 2484 1043 πίστεως,
2516 980 2592 1043 ὡς
2620 978 2881 1051 πατρῴαν
2910 978 3376 1050 παρακαταθήκην
3399 978 3476 1049 τῷ
3493 978 3689 1049 τέκνῳ

2095 1070 2348 1142 ἀποδώσῃ
2368 1072 2411 1103 ³⁸
2437 1070 2578 1125 κατὰ
2604 1072 2696 1125 τὸν
2726 1073 2825 1143 τῆς
2852 1071 3306 1143 διαμαρτυρίας³⁸
3335 1072 3507 1139 λόγον.

2167 1161 2387 1218 lV."Ott
2400 1163 2455 1216 δὲ
2476 1162 2646 1227 οὕτως
2664 1164 2897 1234 ποιήσω,
2917 1164 3076 1217 πάλιν
3103 1164 3163 1216 τὸ
3179 1163 3427 1235 δεύτερον
3440 1164 3690 1235 διαμαρ-

2096 1254 2331 1327 τύρομαι
2351 1256 2598 1325 οὐρανὸν,
2627 1256 2751 1326 γῆν,
2770 1254 2932 1326 ὕδωρ,
2952 1257 3009 1308 ὲν
3024 1250 3105 1319 οἷς
3130 1255 3198 1309 τὰ
3228 1255 3402 1311 πάντα
3419 1256 3687 1327 περιέχε-

2097 1364 2207 1409 ται,
2225 1347 2361 1418 -πρὸς
2377 1348 2420 1378 ³³
2434 1347 2643 1411 τούτοις
2664 1350 2834 1402 ἅπασι
2855 1350 2949 1401 καὶ
2966 1348 3056 1401 τὸν
3082 1347 3169 1401 διὰ
3190 1348 3403 1401 πάντων
3418 1348 3689 1419 διήκοντα

2098 1438 2258 1511 ἀέρα,
2284 1433 2344 1493 οὗ
2363 1440 2490 1519 ἄνευ
2516 1440 2613 1492 οὐκ
2630 1439 2902 1502 ἀναπνέω,
2923 1440 2999 1503 ὼς
3016 1441 3101 1493 ἀεὶ
3125 1440 3361 1509 ὑπήκοος
3380 1439 3575 1509 ἔσομαι
3595 1440 3691 1510 τῷ

2098 1529 2197 1593 τὰς
2219 1529 2429 1599 βίϐλους
2447 1548 2535 1600 μοι
2549 1530 2592 1562 ³⁷
2608 1530 2714 1583 τῶν
2731 1530 3098 1603 κηρυγμάτων
3117 1531 3328 1594 διδόντι,
3342 1533 3435 1585 καὶ
3454 1532 3694 1600 φυλάξω

2101 1622 2243 1676 κατά
2292 1622 2471 1675 πάντα
2503 1622 2579 1685 ὡς
2600 1622 2644 1653 ⁸⁸
2677 1622 3181 1695 διεμαρτυράμην,ἢ
3235 1624 3327 1676 καί
3371 1640 3425 1675 τι
3470 1624 3688 1676 πλεῖον.

2100 1714 2432 1767 Φυλάσσοντι
2472 1710 2565 1767 οὖν
2603 1731 2693 1785 μοι
2723 1715 2822 1777 τὰς
2852 1715 3123 1786 συνθήκας
3154 1715 3318 1787 μέρος
3346 1715 3494 1768 ἔσται
3538 1714 3693 1787 μετὰ

426 1810 608 1878 agenti
634 1826 766 1865 vero
794 1823 984 1867 contra
1014 1828 1077 1867 ea
1105 1829 1226 1883 qua:
1254 1822 1447 1883 pactus
1469 1830 1591 1868 sum
1619 1816 1841 1870 inimica
1865 1816 1999 1870 mihi

2111 1806 2210 1860 τῶν
2242 1806 2423 1869 ὁσίων,
2476 1809 2761 1879 ποιήσαντι
2799 1807 2855 1860 δὲ
2888 1809 3019 1899 παρ’
3048 1808 3084 1861 ἃ
3130 1807 3453 1879 συνεθέμην,
3483 1807 3693 1878 ἐχθρὸν

426 1900 501 1956 sit
536 1917 719 1956 rerum
773 1904 1101 1959 universitas
1144 1914 1197 1959 et
1233 1916 1429 1960 cuncta
1474 1922 1774 1977 peragrans
1830 1910 2001 1962 aether

426 1992 634 2062 quique
664 2002 749 2049 est
778 2010 943 2065 super
972 1997 1156 2051 omnia
1182 1997 1348 2063 Deus,
1371 2014 1482 2066 quo
1509 2000 1719 2063 melior,
1747 2015 1857 2070 quo
1887 2016 2004 2055 ma-

423 2084 514 2154 jor
546 2086 749 2143 nullus.
774 2085 831 2141 Si
861 2088 1026 2143 etiam
1054 2090 1107 2143 in
1132 2090 1500 2159 cognitionem
1536 2092 1747 2146 veniam
1776 2093 2003 2150 alterius

432 2175 548 2245 Dei,
579 2180 724 2233 hunc
751 2195 970 2249 quoque
1022 2198 1167 2237 nunc
1187 2183 1337 2253 juro,
1367 2200 1453 2239 me
1494 2185 1653 2240 aliter
1698 2204 1805 2241 non
1846 2197 1969 2243 actu
1992 2221 2004 2233 ο

428 2284 575 2335 rum,
600 2272 714 2327 sive
744 2272 834 2329 ille
858 2275 1076 2341 existat,
1108 2277 1228 2331 sive
1257 2278 1348 2331 ille
1379 2294 1488 2333 non
1513 2280 1739 2335 existat.
1774 2281 1857 2335 Ad
1888 2282 2006 2336 haec

428 2362 636 2429 omnia,
663 2365 712 2419 si
754 2363 959 2433 fallam,
999 2382 1096 2423 ero
1118 2370 1510 2437 exsecrandus,
1540 2372 1730 2427 vivens
1778 2383 1832 2428 et
1855 2389 2005 2427 mor-

431 2461 580 2521 tuus,
610 2464 773 2526 atque
825 2468 1027 2513 aeterno
1058 2461 1253 2529 puniar
1305 2462 1591 2533 supplicio.
1632 2463 1699 2519 Et
1739 2474 1864 2535 post
1901 2466 2007 2521 hoc

429 2559 627 2615 panem
654 2562 719 2603 ac
740 2549 820 2603 sal
850 2565 975 2605 cum
1006 2551 1259 2622 largitore
1290 2564 1489 2609 sumat.

507 2658 570 2714 ν.
614 2658 739 2715 Haec
762 2659 970 2718 Jacobo
1001 2665 1216 2720 dicente
1241 2667 1543 2739 presbyteri
1574 2669 1770 2726 timore
1802 2670 2010 2742 impal-

432 2747 672 2804 luerunt.
697 2751 1059 2822 Conspicatus
1085 2772 1215 2828 ergo
1241 2756 1480 2816 Jacobus
1495 2762 1642 2830 quod
1660 2763 2010 2820 vehementer

436 2851 765 2909 metuerent,
798 2845 913 2898 ait:
946 2847 1144 2903 Audite
1187 2865 1294 2916 me,
1327 2849 1525 2907 fratres
1556 2861 1611 2908 et
1644 2858 1916 2911 conservi.
1952 2856 2010 2913 Si

433 2931 609 2987 libros
640 2934 937 3005 unicuique
968 2946 1172 2995 temere
1202 2942 1620 3010 przebuerimus,
1656 2946 1844 3017 illique
1865 2963 1896 3002 a
1928 2950 2009 3003 vi-

434 3026 513 3081 ris
541 3027 868 3097 quibusdam
900 3032 1199 3090 audacibus
1235 3048 1682 3107 corrumpantur,
1717 3050 1813 3095 aut
1841 3041 2010 3096 inter-

2103 1899 2187 1969 εἴη
2229 1915 2318 1969 μοι
2349 1898 2411 1950 τὸ
2444 1900 2550 1951 πᾶν
2592 1900 2684 1952 καὶ
2713 1900 2741 1951 ὁ
2771 1898 2859 1952 διὰ
2890 1897 3105 1951 πάντων
3137 1898 3337 1971 διήκων
3382 1898 3545 1971 αἰθὴρ
3586 1900 3696 1953 καὶ

2102 1992 2131 2042 ὁ
2160 1990 2298 2062 ὑπὲρ
2328 1990 2397 2044 τά
2424 1991 2520 2044 ὅλα
2547 1990 2697 2055 Θεὸς,
2715 1986 2776 2043 οὗ
2809 1991 3091 2061 κρείττων,
3108 1983 3169 2043 οὗ
3201 1989 3397 2062 μείζων
3424 1992 3693 2054 οὐδείς³’.

2118 2068 2255 2135 Ἀλλ’
2301 2084 2350 2136 εἰ
2386 2084 2483 2137 καὶ
2522 2085 2602 2146 εἰς
2632 2082 2821 2153 ἑτέρου
2875 2064 3010 2136 Θέοῦ
3055 2070 3295 2136 ἐπίνοιαν
3316 2083 3360 2115 ⁸ο
3395 2083 3692 2154 ιγένωμαι,

2104 2174 2354 2227 κάκεῖνον
2382 2174 2478 2228 νῦν
2508 2175 2713 2245 ὄμνυμι
2728 2174 2804 2237 ὡς
2822 2175 2922 2227 οὐκ
2952 2174 3127 2239 ἄλλως
3148 2175 3376 2247 ποιήσω,
3393 2175 3488 2227 εἴτ’
3510 2174 3695 2240 ἔστιν,

2104 2266 2201 2319 εἴτ’
2228 2268 2329 2319 οὐκ
2373 2265 2537 2320 ἐστιν.
2601 2267 2745 2339 Πρὸς
2775 2267 2985 2331 τούτοις
3031 2267 3135 2320 δίί
3168 2270 3371 2323 ἀπασιν
3404 2270 3453 2321 εἰ
3481 2268 3696 2337 ψεύσο-

2109 2374 2229 2428 μαι,
2265 2358 2552 2429 κατάθεμα
2570 2358 2762 2430 ἔσομαι
2790 2359 2848 2429 9
2867 2359 2974 2423 ζῶν
3006 2362 3099 2414 καὶ
3129 2358 3326 2425 θανὼν,
3359 2360 3452 2413 καὶ
3478 2362 3700 2427 αἰωνίῳ

2108 2450 2514 2523 κολασθήσομαι
2568 2452 2807 2505 κολάσει.
2846 2452 2956 2505 Καὶ
2992 2453 3129 2523 μετά
3180 2453 3339 2507 τοῦτο
3386 2456 3549 2524 ἄρτου
3593 2453 3700 2506 καὶ

2109 2542 2303 2605 ἀλατος
2320 2543 2363 2575 δ’
2398 2543 2537 2614 μετά
2566 2544 2659 2597 τοῦ
2693 2545 3077 2617 παραδιδόντος
3106 2544 3473 2616 μεταλαϐέτω.
3616 2534 3621 2537 Δ

2180 2678 2246 2733 ν.
2287 2679 2472 2734 Ταῦτα
2501 2679 2594 2733 τοῦ
2637 2679 2897 2734 Ἰακώϐου
2929 2680 3174 2742 εἰπόντος
3219 2679 3496 2751 ὡχρίασαν
3534 2680 3697 2747 ἀγωτ

2109 2772 2387 2843 νισάμενοι
2429 2773 2475 2803 ⁸³
2495 2774 2543 2825 οἰ
2583 2772 2958 2844 πρεσϐύτεροι.
2992 2770 3221 2825 Συνιδὼν
3242 2768 3380 2825 οὖνὸ
3410 2770 3697 2835 Ἰάκωϐος,

2109 2865 2192 2917 ὃτι
2222 2863 2341 2916 λίαν
2388 2864 2755 2935 πεφόϐηνται,
2788 2864 2912 2935 ἔφη·
2960 2864 3257 2917 Ἀκούσατέ
3309 2882 3430 2935 μου,
3471 2864 3701 2934 ἀδελφοὶ

2111 2956 2206 3009 καὶ
2240 2955 2512 3009 σύνδουλοι
2531 2957 2594 3010 ⁸⁸.
2639 2956 2764 3009 Ἐὰν
2814 2955 2912 3019 τὰς
2957 2955 3171 3027 βίϐλους
3218 2957 3382 3009 πᾶσιν
3427 2956 3501 3018 ὡς
3527 2954 3697 3026 ἔτυχε

2115 3047 2486 3118 παράσχωμεν
2511 3087 2526 3111 ,
2564 3049 2659 3101 καὶ
2704 3048 2865 3101 αὑταὶ
2900 3047 2944 3078 ⁵⁸
2997 3047 3102 3100 ὑπὸ
3149 3046 3436 3118 τολμηρῶν
3477 3046 3699 3121 ἀνδρῶν

434 3121 840 3188 pretationibus
877 3136 1280 3193 pervertantur,
1308 3130 1457 3184 sicut
1485 3131 1597 3199 jam
1625 3133 1893 3201 quosdam
1929 3131 2003 3189 fe-

2111 3154 2272 3191 τινων
2303 3139 2624 3192 νοθευθῶσιν
2666 3139 2700 3210 ἦ
2745 3143 2865 3202 ταῖς
2911 3140 3227 3211 ἑρμηνείαις
3257 3138 3696 3211 διαστραφῶσιν,

433 3212 577 3267 cisse
603 3214 879 3281 audiistis,
905 3218 1132 3273 restabit
1154 3229 1212 3274 ut
1240 3222 1334 3290 qui
1360 3223 1517 3291 plane
1541 3226 1824 3281 veritatem
1860 3242 2010 3296 qure-

435 3312 585 3370 runt,
612 3320 826 3377 semper
847 3318 1049 3364 errent.
1072 3310 1339 3378 Quocirca
1370 3325 1612 3384 praastat,
1638 3327 1698 3371 ut
1722 3320 1843 3373 libri
1866 3321 2010 3391 apud

437 3412 543 3453 nos
578 3411 856 3467 maneant,
897 3403 1292 3476 tradamusque
1330 3424 1425 3465 eos
1466 3426 1591 3465 cum
1630 3414 1779 3467 omni
1818 3429 2011 3483 supra-

435 3489 582 3544 dicta
621 3494 874 3548 cautione
926 3495 994 3550 iis
1036 3498 1130 3565 qui
1171 3500 1259 3568 pie
1304 3502 1489 3557 vivere
1534 3504 1783 3574 aliosque
1828 3505 2011 3560 salvos

438 3580 622 3637 facere
648 3586 894 3654 cupiunt.
931 3588 1007 3642 Ac
1038 3590 1085 3643 si
1119 3590 1318 3660 aliquis
1344 3604 1465 3662 post
1491 3595 1631 3651 hanc
1654 3598 2015 3653 contestatio-

436 3688 561 3727 nem
614 3675 773 3730 aliter
823 3689 984 3749 agat,
1034 3684 1233 3737 merito
1276 3684 1330 3737 in
1373 3695 1637 3741 aeternum
1683 3690 2011 3758 supplicium

439 3765 664 3821 incidet.
707 3766 824 3833 Qua
853 3772 1000 3825 enim
1038 3774 1247 3829 ratione
1289 3778 1384 3847 qui
1415 3779 1651 3833 aliorum
1690 3781 2014 3851 perditionis

437 3874 606 3916 causa
636 3865 865 3929 exstitit,
898 3865 1014 3934 ipse
1057 3883 1164 3921 non
1197 3870 1430 3938 peribit?
1458 3872 1594 3927 Cum
1623 3889 1753 3942 ergo
1784 3875 2009 3945 presby-

439 3955 544 4009 teri
589 3961 859 4013 sententia
884 3959 1070 4015 Jacobi
1107 3961 1357 4017 delectati
1387 3962 1619 4019 fuissent
1645 3978 1806 4036 atque
1837 3967 2015 4022 dixis-

438 4054 562 4101 sent
587 4065 601 4102 :
631 4047 959 4106 Benedictus
982 4053 1055 4107 sit
1080 4054 1174 4122 qui
1200 4064 1274 4119 te,
1298 4064 1357 4108 ut
1383 4066 1704 4111 cunctorum
1733 4060 2013 4127 praescius,

438 4141 663 4209 pulchre
695 4143 853 4198 nobis
884 4146 1171 4200 constituit
1197 4149 1516 4217 episcopum
1553 4166 1567 4203 :
1602 4149 1738 4216 hazc,
1767 4151 2013 4219 inquam,

439 4247 567 4286 cum
613 4233 912 4302 dixissent,
962 4247 1249 4306 surgentes
1305 4243 1507 4310 precati
1551 4258 1742 4298 sumus
1790 4245 2015 4299 univer-

440 4337 629 4378 sorum
674 4324 889 4382 Patrem
939 4344 1006 4384 ac
1057 4329 1264 4399 Deum;
1314 4334 1403 4387 cui
1456 4334 1631 4403 gloria
1682 4334 1738 4389 in
1791 4336 2010 4391 sacula.

439 4413 632 4473 Amen.

594 4553 934 4613 EPISTOLA
970 4558 1365 4615 CLEMENTIS
1398 4560 1490 4614 AD
1531 4560 1868 4617 JACOBUM.

510 4669 835 4729 CLEMENS
862 4673 1119 4732 JACOBO
1140 4678 1364 4733 domino
1402 4688 1457 4737 et
1490 4681 1869 4751 episc0porum
1893 4682 2010 4752 epi-

441 4777 630 4834 scopo,
644 4768 848 4837 regenti
862 4778 1043 4823 autem
1064 4768 1493 4843 Hierosolymam
1509 4782 1752 4829 sanctam
1767 4773 2016 4829 llebrteo-

2112 3228 2188 3292 ὡς
2223 3230 2324 3301 ήδη
2351 3230 2504 3293 τινὰς
2534 3230 2804 3300 ἠκούσατε
2850 3232 3253 3301 πεποιηκότας,
3303 3230 3455 3283 ἔσται
3501 3231 3699 3284 λοιπὸν

2113 3322 2207 3373 καὶ
2234 3325 2346 3384 τοῖς
2372 3321 2541 3385 ὅντως
2567 3323 2666 3392 τὴν
2690 3321 2946 3393 ἀλήθειαν
2972 3321 3224 3392 ζητοῦσιν
3249 3322 3335 3373 ἀεὶ
3364 3320 3693 3375 πλανᾶσθαι.

2112 3413 2202 3493 Qte
2238 3415 2461 3484 ἄμεινον
2505 3417 2633 3487 παρ’
2664 3417 2795 3486 ήμῖν
2828 3414 2996 3477 αὐτὰς
3024 3411 3183 3478 εἶναι,
3220 3415 3315 3466 καὶ
3350 3413 3699 3484 μεταδιδόναι

2116 3506 2253 3577 μετά
2299 3507 2477 3579 πάσης
2518 3508 2618 3578 τῆς
2652 3508 3057 3579 προειρημένης
3103 3506 3405 3576 ἀσφαλείας
3442 3509 3554 3569 τοῖς
3599 3506 3697 3560 θέ-

2113 3597 2266 3651 λουσι
2299 3597 2397 3671 ζῇν
2429 3598 2669 3661 εὐσεϐῶς
2690 3600 2736 3631 ⁵⁸
2781 3600 2875 3652 καὶ
2920 3598 3111 3661 ἄλλους
3146 3598 3357 3662 σώζειν.
3408 3598 3471 3651 Εἰ
3513 3598 3571 3650 δέ
3608 3614 3700 3661 τις

2116 3690 2253 3761 μετά
2273 3690 2336 3743 τὸ
2359 3689 2533 3754 οὕτως
2562 3689 3039 3761 διαμαρτύρασθαι
3068 3689 3242 3751 άλλως
3273 3690 3509 3760 ποιήσει,
3540 3687 3697 3741 εὐλό-

2112 3800 2225 3852 γως
2268 3783 2462 3854 αἰωνίᾳ
2507 3784 2862 3836 ύποπεσεῖται
2917 3782 3154 3835 κολάσει.
3209 3782 3327 3835 Τίνι
3380 3780 3490 3852 γὰρ
3544 3780 3697 3849 λόγῳ

2112 3876 2287 3931 ἄλλων
2330 3874 2602 3939 ἀπωλείας
2635 3874 2804 3938 αἴτιος
2834 3874 3122 3946 γενόμενος
3154 3874 3314 3936 αὐτὸς
3342 3874 3442 3926 οὐκ
3474 3872 3712 3925 ἀπολεῖ-

2113 3984 2245 4032 ται;
2299 3966 2407 4019 τῶν
2453 3962 2546 4019 οὖν
2595 3966 2987 4038 πρεσϐυτέρων
3033 3966 3143 4018 ἐπὶ·
3173 3967 3240 4036 τῇ
3289 3965 3384 4018 τοῦ
3431 3963 3697 4019 Ἰακώϐου

2115 4057 2307 4130 γνώμῃ
2344 4057 2615 4129 ἡσθέντων
2647 4058 2742 4110 καὶ
2776 4058 3054 4111 εἰπόντων·
3084 4057 3387 4128 Εὐλόγηται
3436 4057 3463 4110 ὃ
3512 4074 3570 4109 σε
3616 4057 3700 4120 ὼς

2116 4150 2293 4205 πάντα
2328 4150 2593 4220 προειδὼς
2621 4149 2802 4212 καλῶς
2832 4152 2963 4220 ήμῖν
2997 4151 3343 4221 καταστήσας
3374 4149 3691 4202 ἐπίσκοπον·

2131 4242 2227 4295 καὶ
2253 4241 2425 4294 ταῦτα
2447 4241 2708 4294 εἰπόντων
2730 4241 2907 4294 αὐτῶν
2927 4242 3242 4313 ὲγερθέντες
3267 4239 3699 4312 προσηυξάμεθα

2113 4330 2194 4401 τῷ
2224 4332 2333 4385 τῶν
2378 4332 2513 4385 ὅλων
2544 4333 2721 4405 Πατρ)⁸
2743 4332 2786 4365 ⁸⁷
2833 4334 2928 4386 καὶ
2974 4332 3114 4404 Θεᾷν
3221 4335 3255 4405 ή
3286 4332 3411 4397 δόξα
3440 4333 3522 4395 εἰς
3565 4335 3697 4396 τοὺς

2117 4425 2338 4489 αἰῶνας.
2387 4426 2565 4497 Ἀμήν
2577 4426 2643 4478 ⁸⁸.

2213 4567 2317 4637 ιο
2352 4564 2697 4618 ΕΠΙΣΤΟΛΗ
2719 4561 3164 4703 ξΟΙῖἽΗΞΙΙῗξῶρΣ
3202 4562 3380 4615 ΠΡΟΣ
3417 4561 3611 4614 ΙΑΚΩ-

2194 4771 2493 4825 ΚΛΗΜΗΣ
2538 4770 2809 4838 tamne,
2830 4767 2909 4839 τῷ
2949 4768 3120 4839 κυρίῳ
3139 4752 3184 4798 ⁸ο
3230 4767 3322 4819 καὶ
3379 4764 3697 4817 ἐπισκόπων

1648 4886 2222 4948 INTERPRETATIO
2264 4885 2513 4939 RUFINI.

509 4972 833 5030 CLEMENS
878 4976 1135 5036 JACOBO
1160 4981 1313 5037 fratri
1343 4981 1577 5050 Domini,
1609 4991 1661 5037 et
1691 4982 1947 5051 episeopo
1985 4981 2389 5051 episcoporum,
2437 4975 2642 5047 regenti
2670 4974 3021 5033 Hebraeorum
3053 4981 3301 5029 sanctam
3367 4971 3690 5027 Ecclesiam.

1751 5092 1987 5149 VARUE
2022 5091 2423 5147 LECTIONES.

514 5182 561 5215 “
590 5183 1083 5256 _grapaxa0f;ooy.qt
1147 5185 1211 5242 Ο.

442 5251 541 5330 Ο..
571 5253 632 5330 ξ’
670 5251 1120 5330 μαρτυρίας-οη
1174 5258 1219 5289 ³⁸
1254 5260 1358 5330 πρό
1415 5256 1481 5311 0.

447 5321 541 5375 καί
563 5322 627 5377 C.
671 5321 682 5325 ’
753 5321 821 5356 ’³⁸
854 5321 964 5378 οὐδ’
987 5324 1067 5390 εἷς
1087 5328 1146 5381 C.

449 5392 494 5423 δ’
530 5392 721 5457 ὓδατος
741 5392 805 5448 Ο.

1593 5258 1634 5288 ⁸⁷
1674 5275 1774 5312 μου
1809 5258 1873 5312 C.

932 5397 977 5428 "
1007 5397 1409 5466 ἀγωνιάσαντες
1440 5399 1502 5452 (3.

1377 5187 1422 5219 ³³
1478 5184 1555 5241 lta
1615 5186 1660 5240 0
1714 5197 1769 5242 et
1830 5203 1899 5241 ex
1952 5186 2185 5255 conject.
2252 5184 2325 5249 C,

2410 5185 2645 5255 νομῆσαι
2709 5183 2813 5255 ida
2864 5182 3153 5255 in_textu.
3247 5251 3258 5255 Α
3318 5182 3362 5212 ³⁸
3420 5179 3688 5255 ἀποδώσει

1976 5257 2020 5287 ³⁸
2054 5250 2154 5309 ὅσα
2186 5255 2249 5311 C.
2287 5250 2753 5324 Subinde'scripsi
2787 5253 2820 5324 ἢ
2861 5252 2953 5324 καί
2982 5269 3033 5307 c.
3061 5254 3126 5324 ρ,
3158 5251 3353 5324 utjatn
3390 5252 3538 5324 conj.
3566 5250 3689 5324 5ηεί

1295 5333 1338 5361 δῦ
1375 5330 1630 5361 ιἰρλιιῆικυ
1662 5330 1700 5361 Ι*
1767 5330 1956 5361 nnclnn
1995 5330 2075 5361 eh-

1375 5330 1630 5382 ὑπόνοιαν
1662 5326 1725 5382 C.
1766 5328 1957 5381 Postea
1993 5326 2103 5379 εῐτε
2137 5326 2200 5381 Ο.
2347 5326 2391 5357 ⁸¹
2420 5326 2475 5378 δέ
2510 5326 2571 5379 C.
2599 5326 2737 5377 Tum
2770 5326 3040 5393 ψεύσομαι
3073 5326 3116 5377 Ο
3149 5340 3196 5378 c.
3227 5326 3592 5390 8,ψεύσωμαι
3622 5326 3685 5373 (1.

1375 5418 1409 5461 ,ς
1440 5399 1502 5452 (3.
1578 5399 1623 5428 ⁸⁵
1657 5400 1799 5466 φίλοι
1832 5396 1895 5451 Ο.
1936 5397 2199 5465 Deinceps
2230 5395 2417 5467 ἔτυχεν
2451 5395 2820 5467 παρασχῶμεν
2851 5393 2913 5447 C.
2989 5392 3138 5467 "_lt_a
3173 5391 3421 5467 ξ,-α¹ύτοί
3459 5386 3686 5467 ςι,αὗται

448 5460 514 5540 0_.
589 5463 635 5495 “
668 5465 905 5540 εὐσεϐῶς
934 5460 1104 5536 adjeci
1140 5486 1189 5523 c.
1221 5470 1284 5523 0.
1361 5460 1403 5501 ἰθ
1436 5468 1638 5540 Πατὲρι
1670 5460 1732 5523 C.
1792 5470 1839 5499 ’⁸³
1872 5468 2003 5540 Post
2035 5460 2152 5540 haec
2185 5468 2237 5540 in
2269 5460 2667 5540 0'subscriptie
2695 5460 2923 5540 εξὸρκος.

2347 5326 2391 5357 ⁸¹
2420 5326 2475 5378 δέ
2510 5325 2571 5379 C.
2599 5320 2737 5377 Tum
2770 5320 3040 5393 ψεύσομαι
3073 5322 3116 5377 Ο
3149 5340 3196 5378 c.
3227 5320 3592 5393 S,¢sd_oto_p.a_t
3622 5320 3685 5373 C.

3033 5463 3199 5516 ⁸⁹ἀπὸ
3223 5461 3438 5533 Ῥώμης
3454 5458 3497 5514 Ο
3523 5477 3582 5515 ru
3593 5462 3689 5513 bro

451 5534 767 5589 charactere
801 5536 854 5589 in
893 5532 1065 5609 marg.
1103 5540 1423 5595 salulatiuni
1458 5532 1841 5602 exadversum,
1869 5548 1919 5591 et
1955 5536 2019 5589 (Σ.
2094 5538 2139 5569 ⁵ο
2170 5538 2330 5605 fratr:
2358 5532 2954 5589 domini—versioLatina
2987 5532 3185 5588 Rufini.

1732 5629 2095 5687 VARIORUM
2136 5630 2367 5684 NUT/E.

524 5719 639 5791 (26)
681 5721 883 5793 Duplex
946 5734 1030 5781 est
1063 5726 1207 5783 circa
1252 5727 1391 5782 hanc
1430 5727 1713 5796 epistolam
1778 5725 1962 5795 Opinio
2013 5734 2279 5780 veterum.
2333 5721 2514 5777 Prima
2563 5720 2741 5777 Rufini
2796 5718 3109 5790 praefatione
3162 5717 3229 5773 ad
3258 5718 3680 5788 Recognitiones,
