3868 6212
120 338 186 395 87
811 332 1358 391 οιΕΜΕΝτιΝΑ.-
1391 331 1712 390 EPISTOL!

1817 332 2165 393 LEMENTIS
2206 334 2297 390 AD
2329 334 2675 395 JACOBUM.
3322 339 3392 395 58

115 475 178 512 τε
214 455 312 510 καὶ
357 452 628 518 ἐξουσίαν.
672 449 732 507 '0
762 451 808 505 δ’
854 451 1220 525 ἀπεκρίνατο·
1251 449 1391 522 Περὶ
1422 449 1614 504 τούτου
1647 468 1712 522 με

1821 453 2106 522 respondit
2138 470 2152 506 :
2185 451 2300 509 Hac
2327 455 2395 510 de
2417 470 2478 510 re
2500 455 2613 511 noli
2640 470 2729 512 me
2757 469 2918 513 orare
2943 475 2958 515 :
2989 456 3095 514 hoc
3114 458 3260 515 enim
3286 459 3403 515 ﬁeri

119 549 197 622 μή
217 547 264 579 ⁸⁸
292 544 481 611 ἀξίου·
514 543 676 597 τοῦτο
719 543 831 616 γὰρ
857 542 1113 613 γενέσθαι
1159 541 1407 597 δέδοκταί
1448 560 1579 613 μοι,
1619 544 1716 596 καὶ

114 640 288 711 ταύτῃ
339 638 541 710 μᾶλλον
568 638 619 690 εί
648 638 919 708 παραιτῇ·
954 636 1037 689 ὅτι
1067 636 1101 706 ἡ
1130 633 1354 707 τοιαύτη
1381 634 1622 706 καθέδρα
1652 635 1715 688 οὐ

116 730 639 802 φιλοκαθεδροῦντος
657 727 931 800 τολμηροῦ
953 727 1143 799 χρείαν
1164 726 1297 797 ἔχει,
1318 726 1433 781 ἀλλ’
1453 727 1717 793 εὐλαϐοῦς

114 824 208 877 τὸν
234 822 442 895 τρόπον
475 822 570 875 καὶ
604 818 955 892 πολυμαθοῦς
973 820 1018 852 ⁸⁷
1050 818 1160 889 (55)
1195 819 1287 871 τὸν
1318 818 1495 887 λόγον.
1528 818 1628 883 Δὺς
1659 820 1717 873 δὲ

115 915 206 969 τὸν
238 915 531 986 κρείττονα
554 913 690 986 (54),
711 912 771 976 ὃς
798 910 920 984 ὲμοί
939 928 1032 965 σου
1053 911 1236 987 πλεῖρν
1268 910 1593 977 συνώδευσε,
1620 912 1714 965 καὶ

113 1010 221 1064 τῶν
236 1008 413 1078 λόγων
435 1009 732 1079 ἐπήκουσε,
750 1006 841 1060 καὶ
856 1006 952 1076 τὴν
978 1004 1246 1076 διοίκησιν
1271 1004 1371 1075 τῆς
1386 1002 1715 1075 Ἐκκλησίας

114 1100 529 1173 ἑκμεμάθηκεν,
559 1100 657 1154 καὶ
688 1097 790 1152 οὐκ
822 1097 1119 1167 ἀναγκάσω
1150 1114 1209 1151 σε
1242 1097 1422 1162 καλῶς
1454 1101 1628 1152 ποιεῖν
1650 1100 1713 1153 ού

114 1193 373 1247 θέλοντα·
409 1192 526 1246 ἀλλ’
558 1191 622 1244 ού
670 1191 890 1262 δυνήσει
913 1190 959 1223 ⁸⁸
1007 1189 1103 1242 νῦν
1141 1188 1235 1242 τόν
1286 1207 1384 1244 σου
1430 1190 1716 1274 κρείττονα

112 1286 451 1357 παρασχεῖν·
508 1285 573 1338 σὺ
617 1282 728 1354 γὰρ
777 1283 849 1335 δι’
896 1281 1032 1352 ἐμοῦ
1074 1280 1188 1353 (55)
1233 1280 1345 1335 τῶν
1392 1280 1714 1353 σωζομένων

113 1376 284 1431 ἐθνῶν
320 1378 357 1448 ἡ
381 1376 427 1407 ⁸⁸
464 1375 733 1448 κρείττων
781 1374 1027 1446 ἀπαρχή.
1077 1374 1226 1457 Πλὴν
1276 1372 1372 1427 καὶ
1417 1373 1479 1426 τὸ
1525 1374 1713 1446 ἕτερον

114 1470 333 1539 λόγισαι
353 1508 370 1531 ,
419 1469 503 1522 ὅτι
535 1469 584 1521 εἱ
605 1469 654 1499 "°
686 1467 780 1521 τὸν
811 1467 1054 1520 κίνδυνον
1085 1467 1185 1539 τῆς
1211 1466 1486 1538 ἁμαρτίας
1514 1465 1713 1536 φοϐού-

113 1572 277 1632 μενος
326 1561 431 1614 οὐκ
472 1559 708 1631 ἀναδέχῃ
756 1560 858 1631 τῆς
916 1558 1241 1630 Ἐκκλησίας
1270 1558 1372 1630 τὴν
1406 1558 1671 1631 διοίκησιν
1696 1598 1711 1623 ,

111 1650 172 1708 εὖ
192 1655 237 1685 ⁷¹
269 1653 389 1707 ίσθι
434 1653 593 1717 εἰδὼς
637 1654 721 1707 ὅτι
771 1652 953 1706 πλεῖον
995 1652 1371 1725 ἁμαρτάνεις,
1412 1652 1563 1715 ὅστις
1598 1654 1712 1716 τοῖς

110 1748 447 1812 θεωεδέσιν,
481 1746 672 1818 ὥσπερ
698 1745 921 1799 πλέουσι
955 1745 1049 1799 καί
1073 1744 1464 1807 κινδυνεύουσι,
1499 1742 1712 1815 βοηθεῖν

105 1839 437 1911 δυνάμενος,
461 1839 524 1891 ού
552 1837 749 1900 θέλεις,
773 1834 1082 1889 διασκοπῶν
1109 1834 1267 1906 μόνον
1288 1834 1351 1887 τὸ
1375 1834 1505 1887 ίδιον
1527 1833 1622 1888 καὶ
1647 1834 1709 1887 ού

104 1933 166 1987 τὸ
182 1934 342 2003 κοινῇ
362 1932 498 1985 πᾶσι
526 1948 590 1983 συ
598 1928 826 2000 μφέρον.
854 1928 955 1999 l3
978 1928 1100 1981 Ὀτι
1119 1926 1177 1980 δὲ
1197 1925 1289 1979 τὸν
1312 1925 1555 1980 κίνδυνον
1572 1925 1710 1979 πάν-

103 2044 216 2091 τως
231 2023 599 2089 ἀναδέξασθαί
621 2039 682 2075 σε
710 2022 809 2084 δεῖ,
832 2019 964 2091 ἐμοῦ
994 2018 1151 2072 τοῦτο
1166 2017 1351 2083 ἀξιοῦν
1372 2018 1448 2089 μὴ
1468 2017 1711 2088 παυομέ-

103 2138 197 2174 νου
231 2121 316 2183 είς
347 2119 451 2190 τὴν
482 2116 590 2169 τῶν
611 2115 835 2169 πάντων
865 2112 1117 2185 βοήθειαν
1134 2111 1267 2183 (56),
1285 2110 1463 2184 ὀρθῶς
1483 2110 1712 2163 ἐπίστα-

106 2213 278 2266 σαι⁷².
316 2212 474 2281 Ὀσῳ
496 2205 591 2263 οὖν
611 2225 703 2280 μοι
734 2205 1030 2277 ταχύτερον
1058 2204 1493 2277 συνευδοκήσεις,
1522 2201 1711 2256 τοσοῦ-

103 2304 194 2357 τόν
230 2320 301 2375 με
329 2302 435 2374 τῆς
462 2300 706 2372 ἀθυμίας
732 2298 1035 2368 κουφίσεις.

174 2416 268 2472 IV.
302 2413 439 2471 Οἶδα
465 2417 522 2470 δὲ
541 2416 636 2469 καὶ
656 2413 838 2478 αὐτὸς,
862 2405 906 2465 ὧ
924 2410 1158 2483 Κλήμης
1172 2409 1242 2474 ⁷³,
1262 2409 1443 2473 λύπας
1461 2410 1557 2463 καὶ
1579 2408 1711 2463 ἀθυ-

107 2509 236 2581 μίας
268 2510 373 2563 καὶ
416 2507 703 2570 κινδύνους
743 2505 841 2559 καὶ
876 2504 1078 2574 ψόγους
1107 2503 1238 2566 τοὺς
1279 2501 1339 2569 ἐξ
1371 2501 1710 2556 ἀπαιδεύτων

104 2603 279 2672 δχλων
314 2619 401 2654 σοι
431 2599 801 2670 δωρούμενος,
840 2595 935 2660 οὒς
962 2595 1167 2667 δυνήσῃ
1200 2594 1467 2664 γενναίως
1498 2594 1708 2667 φέρειν,

106 2692 311 2766 ἐνορῶν
338 2693 443 2764 τῆς
475 2690 757 2762 ὑπομονῆς
786 2688 877 2742 τὸν
897 2688 961 2742 ἐκ
983 2686 1121 2742 Θεοῦ
1152 2704 1234 2741 σοι
1263 2686 1438 2758 μέγαν
1465 2686 1712 2741 ἀποδιδό-

111 2802 272 2856 μενον
300 2784 517 2857 μισθόν.
560 2782 722 2837 Ἀλλὰ
744 2782 840 2836 καὶ
871 2779 1097 2844 δικαίως
1128 2777 1561 2851 συνενθυμήθητί
1596 2796 1708 2850 μοι,

107 2878 241 2930 πότε
277 2892 380 2930 σου
420 2875 522 2947 τῆς
558 2873 879 2946 ξυμμαχίας
907 2872 1097 2944 χρείαν
1127 2871 1241 2941 ἔχει
1264 2869 1577 2953 sgmx,
1613 2869 1711 2923 νῦν

107 2969 193 3024 ὅτε
218 2970 250 3022 ὁ
269 2968 517 3040 πονηρὸς
542 2965 690 3021 κατά
709 2967 807 3038 τῆς
826 2963 992 3019 αὺτοῦ
1012 2964 1232 3036 νύμφης
1251 2963 1485 3033 πόλεμον
1513 2963 1707 3035 ήρατο,

1818 551 2083 603 statutum
2114 554 2221 610 est,
2250 561 2427 617 eoque
2455 548 2632 615 magis
2654 552 2801 619 quod
2830 564 3096 616 excusas;
3131 550 3259 620 quia
3290 551 3407 607 haec

1816 638 2079 693 cathedra
2131 653 2243 693 non
2293 655 2433 709 opus
2462 640 2627 695 habet
2668 640 2963 696 temerario
3002 641 3226 696 sedendi
3254 640 3310 695 in
3338 657 3405 698 ea

1816 730 2037 800 cupido,
2093 730 2187 786 sed
2241 731 2363 787 viro
2414 732 2664 787 moribus
2711 741 2904 788 sancto
2952 742 3008 788 et
3054 733 3111 787 in
3151 734 3405 789 doctrina

1816 823 2056 878 erudito.
2084 822 2258 879 Porro
2286 825 2355 878 da
2383 824 2517 879 mihi
2546 825 3010 895 praestantiorem,
3047 824 3143 895 qui
3185 826 3311 895 plus
3353 833 3407 882 te

1816 929 2032 969 mecum
2068 915 2449 985 peregrinatus
2476 915 2666 983 fuerit,
2693 924 2749 972 et
2790 933 3076 973 sermones
3109 932 3262 973 meos
3292 934 3388 973 au-

1816 1006 1999 1073 dierit,
2043 1022 2109 1062 ac
2154 1006 2413 1063 Ecclesia:
2442 1007 2980 1065 administrationem
3028 1008 3313 1077 didicerit;
3345 1016 3403 1064 et

1816 1112 1927 1152 non
1952 1113 2142 1168 cogam
2170 1107 2243 1160 te,
2276 1100 2547 1154 nolentem
2578 1099 2716 1155 bene
2745 1116 2926 1171 agere.
2956 1099 3062 1156 Sed
3092 1117 3203 1156 non
3242 1108 3400 1171 pote-

1817 1189 1897 1244 ris
1931 1206 2078 1244 nunc
2106 1191 2389 1245 meliorem
2416 1208 2581 1263 quam
2616 1201 2670 1246 tu
2705 1208 2766 1248 es
2793 1193 3077 1250 exhibere.
3114 1192 3198 1248 Tu
3239 1209 3404 1248 nam--

1816 1296 1925 1351 que
1951 1280 2097 1336 inter
2132 1297 2229 1338 eos
2261 1283 2356 1353 qui
2385 1299 2483 1354 per
2512 1300 2599 1338 me
2630 1300 2693 1338 ex
2722 1286 2976 1355 gentibus
3018 1285 3219 1341 servati
3248 1295 3400 1351 sunt,

1815 1373 1997 1428 locum
2028 1374 2359 1444 optimarum
2390 1376 2757 1446 primitiarum
2783 1377 3020 1433 obtines.
3056 1375 3161 1432 Sed
3190 1377 3403 1432 etaliud

1816 1476 2009 1535 reputa
2044 1484 2057 1520 :
2088 1466 2237 1537 quod
2268 1467 2314 1523 si
2340 1468 2545 1538 peccati
2575 1468 2884 1537 periculum
2917 1475 3173 1524 metuens
3207 1467 3401 1524 Eccle-

1815 1559 1912 1615 siae
1968 1559 2418 1629 gubernationem
2460 1576 2571 1615 non
2631 1562 2908 1635 suscipis,
2951 1571 3137 1617 certus
3183 1570 3302 1616 esto
3347 1571 3401 1618 te

1815 1650 2053 1720 amplius
2092 1666 2347 1720 peccare,
2377 1652 2493 1723 qui,
2528 1668 2653 1708 cum
2700 1654 2883 1724 possis
2925 1652 3024 1708 Dei
3072 1654 3399 1723 cultoribus,

1816 1742 1967 1796 velut
2005 1741 2394 1813 navigantibus
2428 1752 2482 1798 et
2526 1744 3003 1814 periclitantibus,
3051 1762 3399 1814 succurrere,

1816 1833 1867 1889 id
1893 1833 2073 1890 facere
2106 1850 2352 1901 recusas,
2379 1836 2524 1905 quod
2553 1848 2707 1890 tuum
2738 1846 2823 1892 est
2849 1838 3117 1893 duntaxat
3145 1839 3400 1894 conside-

1814 1942 1980 1994 rans,
2013 1938 2067 1982 et
2096 1943 2204 1983 non
2235 1928 2382 1999 quod
2418 1929 2473 1983 in
2512 1943 2806 1984 commune
2851 1930 3113 1987 omnibus
3158 1931 3397 2001 expedit.

1814 2017 1970 2086 Quod
1999 2030 2181 2075 autem
2233 2021 2540 2090 periculum
2577 2022 2807 2077 omnino
2837 2024 3121 2093 suscipere
3147 2032 3200 2078 te
3230 2038 3399 2093 opor—

1814 2120 1910 2179 tet,
1949 2127 2035 2167 me
2061 2112 2112 2166 id
2147 2127 2341 2182 rogare
2377 2128 2485 2167 non
2511 2122 2759 2168 cessante
2784 2112 2841 2167 in
2868 2121 3191 2169 cunctorum
3215 2114 3399 2169 subsi-

1813 2204 1990 2267 dium,
2016 2205 2221 2274 optime
2252 2205 2472 2260 novisti.
2498 2203 2717 2272 Quanto
2751 2220 2885 2277 ergo
2914 2206 3081 2263 citius
3127 2206 3265 2262 mihi
3306 2222 3398 2263 as-

1814 2311 2013 2351 sensus
2048 2294 2242 2361 lueris,
2267 2305 2419 2351 tanto
2444 2312 2532 2352 me
2563 2297 2787 2352 tristitia
2819 2298 3048 2354 levabis.

1885 2408 1976 2464 ιν.
2008 2407 2144 2465 Νονί
2174 2418 2356 2465 autem
2379 2410 2545 2466 etiam
2571 2410 2709 2481 ipse,
2736 2425 2769 2464 ο
2798 2410 3077 2477 Clemens,
3117 2410 3266 2482 quod
3296 2410 3396 2466 tibi

1813 2502 2104 2557 conciliem
2129 2502 2415 2557 molestias
2445 2511 2503 2557 et
2538 2518 2807 2559 maerores
2829 2512 2884 2557 et
2911 2501 3155 2573 pericula
3185 2511 3242 2558 et
3265 2517 3396 2572 pro-

1813 2592 1913 2648 bra
1943 2593 2013 2648 ab
2043 2593 2315 2649 inerudita
2362 2593 2519 2663 plebe
2568 2593 2961 2664 importanda;
3007 2609 3132 2665 quae
3182 2593 3400 2650 fortiter

1813 2685 2023 2756 poteris
2046 2684 2210 2752 ferre,
2240 2686 2544 2756 respiciens
2566 2687 2634 2742 ad
2666 2687 2947 2757 patientiae
2970 2702 3227 2759 magnam
3252 2703 3399 2744 mer-

1814 2778 2003 2833 cedem
2032 2777 2180 2832 tibia
2234 2776 2347 2833 Deo
2375 2777 2733 2834 reddendam.
2782 2778 2889 2835 Sed
2920 2788 2975 2835 et
3014 2780 3148 2836 illud
3179 2796 3394 2836 mecum

1810 2868 1959 2940 juste
1984 2869 2307 2925 considera:
2336 2870 2559 2940 quando
2589 2878 2685 2925 tuo
2715 2872 2926 2929 auxilio
2948 2888 3090 2943 opus
3117 2881 3204 2928 est
3233 2871 3397 2928 Chri-

1814 2970 1923 3029 sto,
1950 2977 2099 3017 nunc
2123 2976 2249 3015 cum
2274 2962 2453 3017 malus
2483 2961 2751 3018 adversus
2799 2977 3065 3032 sponsam
3098 2962 3248 3019 illius
3277 2962 3398 3018 bel-

107 3062 142 3132 ἢ
175 3064 259 3126 είς
293 3062 393 3115 τὸν
421 3061 649 3114 ἐπιόντα
682 3059 873 3131 χρόνον
897 3096 913 3122 ,
950 3058 1039 3110 ὅτε
1070 3057 1302 3128 νικήσας
1333 3054 1640 3126 βασιλεύσει
1663 3056 1711 3087 ⁷⁸

1817 3053 1927 3109 lum
1961 3053 2226 3124 suscepit,
2258 3068 2326 3107 an
2351 3053 2406 3107 in
2441 3054 2692 3123 sequenti
2725 3063 2997 3124 tempore,
3044 3054 3268 3124 quando
3314 3054 3399 3110 vi-

112 3153 392 3225 μηδεμιᾶς
419 3152 517 3206 τοῦ
544 3149 734 3205 λοιποῦ
765 3150 954 3223 χρείαν
982 3149 1122 3221 ἔχων
1144 3147 1433 3221 βοηθείας;
1462 3147 1585 3218 οὐχὶ
1612 3146 1707 3201 κα)¹

1817 3148 1984 3202 ctoria
2015 3155 2172 3217 parta
2197 3146 2468 3218 regnabit,
2500 3147 2654 3203 nullo
2686 3147 2923 3218 amplius
2962 3147 3210 3204 subsidio
3254 3147 3398 3203 indi-

1330 3263 1899 3321 INTERPRETATIO
1941 3263 2033 3321 RU
2042 3264 2152 3319 FIN
2158 3264 2198 3321 1.

109 3361 285 3427 mihi;
313 3370 374 3416 et
402 3377 470 3416 eo
498 3358 843 3431 magisquod
875 3372 1110 3431 excusas
1130 3378 1143 3414 :
1162 3357 1303 3431 _qugia
1334 3358 1448 3431 haec
1479 3357 1739 3431 cathedra
1773 3372 1900 3431 eum
1930 3357 2026 3427 qui
2050 3359 2201 3431 cupit
2227 3372 2347 3413 eam
2370 3366 2434 3431 _et
2458 3356 2968 3431 audacterexpetit,
3000 3375 3109 3415 non
3138 3361 3395 3431 requirit,

110 3437 205 3488 sed
233 3426 500 3487 ornatum
531 3426 781 3485 moribus
808 3440 861 3482 et
884 3429 939 3482 in
965 3431 1132 3483 verbo
1162 3426 1271 3499 Dei
1293 3429 1592 3483 eruditum.
1648 3426 1807 3493 Quod
1840 3428 1886 3482 si
1932 3426 2080 3483 esset
2104 3426 2251 3499 alius
2279 3429 2494 3493 melior,
2542 3429 2636 3498 qui
2662 3429 2795 3482 mihi
2815 3426 3054 3499 'adjutor
3093 3426 3396 3486 tam'sedué

110 3502 198 3558 lus
226 3503 524 3564 astitisset,
555 3501 601 3555 si
624 3500 753 3570 quis
785 3507 895 3570 tam
924 3499 1083 3570 plene
1102 3498 1369 3570 doctrina;
1392 3513 1529 3553 mete
1574 3500 1843 3552 rationem
1860 3499 2133 3570 cepisset,
2162 3498 2258 3554 sed
2286 3511 2342 3553 et
2374 3498 2777 3570 ecclesiasticas
2824 3498 3215 3570 dispositiones
3244 3517 3275 3555 a
3309 3517 3398 3557 me

111 3582 224 3626 tam
244 3572 411 3643 plene
433 3568 735 3635 didicisset,
754 3569 963 3623 habens
976 3568 1145 3643 alium
1165 3569 1468 3632 talem,non
1493 3576 1842 3643 te‘cogerenr
1859 3568 2065 3622 bonum
2089 3584 2230 3637 opus
2258 3568 2538 3643 suscipere
2560 3569 2858 3643 nolentem.
2892 3569 3397 3643 superﬂuumgergo

109 3652 192 3698 est
222 3637 397 3696 alium
455 3655 738 3710 quaerere;
770 3654 895 3694 cum
928 3639 1199 3710 primitias
1219 3652 1434 3710 eorum,
1467 3639 1563 3709 qui
1590 3637 1659 3693 ei
1678 3637 1936 3710 gentibus
1963 3654 2060 3710 per
2091 3654 2180 3694 me
2209 3637 2517 3703 salvantur,
2547 3648 2600 3694 et
2632 3640 2903 3709 praecipue
2947 3637 3113 3709 b'ujus
3138 3641 3311 3706 urbis,
3329 3637 3398 3697 te

152 3712 365 3766 rimum
394 3707 686 3783 obtulerim
742 3710 873 3783 Deo.
934 3707 1040 3763 Sed
1069 3718 1125 3763 et
1173 3708 1309 3764 illud
1359 3707 1612 3783 intuere;
1660 3708 1786 3777 quia
1831 3708 1879 3762 si
1936 3707 2241 3783 periculum
2276 3710 2533 3783 _pecca_ti_
2561 3707 2814 3783 timens,‘
2828 3707 3117 3783 suscipere
3178 3711 3392 3783 refugis

228 3783 385 3837 lesia:
430 3781 842 3852 gubernacula;
895 3789 1079 3833 certus
1123 3787 1243 3852 esto
1262 3780 1408 3852 _quia
1449 3778 1948 3852 amplius_pe_ccas,
1977 3779 2073 3852 qui
2126 3780 2402 3852 populum
2440 3778 2572 3852 Dei,
2620 3780 2767 3834 velut
2827 3780 2897 3852 in
2926 3778 3197 3852 ﬂuctibus
3244 3778 3396 3852 posi-
3460 3806 3461 3811 η

117 3863 236 3906 tum
288 3862 349 3907 et
378 3847 805 3931 periclitantem,
862 3863 986 3903 cum
1025 3850 1211 3931 possis
1253 3849 1471 3931 iuvare,
1504 3847 1895 3931 subterfugisg
1926 3850 2007 3931 tui
2059 3847 2443 3931 tantummodo
2488 3850 2697 3931 habens
2746 3847 3291 3931 considerationem}
3339 3861 3396 3910 et

114 3937 233 3977 non
280 3918 434 3992 quod
469 3923 525 3992 in
548 3934 843 3992 commune
886 3918 1151 3974 omnibus
1203 3918 1423 3992 expedit
1494 3919 1808 3992 providens.
1861 3918 1968 3974 Sed
2017 3927 2202 3992 certus
2230 3930 2349 3992 esto
2404 3920 2549 3992 quod
2591 3935 2817 3975 necesse
2844 3930 2948 3992 _est
3013 3930 3069 3992 te
3111 3923 3394 3992 suscipere

116 3989 653 4063 omne'periculum,
674 3990 802 4063 quia
817 4005 919 4043 nec
950 4004 1171 4063 egopro
1187 3990 1363 4063 salute
1380 3990 1733 4063 omnium,ab
1758 3989 2099 4063 obsecrando
2126 3990 2377 4045 cessabo.
2401 3989 2623 4056 Quanto
2650 4004 2781 4059 ergo
2807 3989 2973 4047 citius
3001 3990 3137 4046 mihi
3168 3989 3394 4061 acquie-

115 4062 269 4117 veris
291 4059 503 4123 {tanto
531 4077 617 4115 me
640 4059 805 4116 citius
843 4061 1102 4114 maeroris
1131 4067 1185 4114 et
1222 4059 1461 4114 tristitia:
1492 4059 1681 4113 labore
1705 4059 1996 4114 relevabis.

190 4130 285 4186 IV.
318 4129 459 4185 Novi
484 4132 649 4186 etiam
679 4131 805 4196 hoc,
829 4144 861 4181 ο
891 4127 1168 4194 Clemens,
1200 4130 1345 4199 quod
1395 4129 1491 4183 tibi
1527 4129 1684 4183 taedia
1714 4137 1770 4183 et
1829 4130 2139 4200 molestias,
2168 4129 2410 4200 pericula
2447 4129 2612 4184 etiam
2672 4137 2729 4183 et
2775 4129 3069 4200 opprobria
3130 4130 3393 4187 ineruditi

115 4202 269 4271 vulgi
301 4201 670 4271 indocilisque
700 4200 987 4271 conciliem
1017 4217 1031 4264 ;
1068 4214 1192 4271 quae
1222 4198 1278 4254 tu
1330 4207 1510 4253 tamen
1544 4200 1661 4254 scio
1690 4200 1841 4268 quod
1876 4198 2088 4271 fortiter
2106 4198 2515 4271 ct'constanter
2565 4200 2730 4265 feres,
2758 4198 3062 4271 respiciens
3116 4201 3185 4256 ad
3236 4202 3389 4255 illam

118 4268 299 4341 spent,
334 4288 461 4341 qua:
488 4268 597 4325 tibi'
622 4270 763 4341 apud
799 4269 965 4323 Deum
991 4270 1265 4341 patientiae
1281 4277 1550 4341 praeparat
1572 4284 1853 4324 coronam.
1891 4268 1996 4324 Sed
2018 4280 2076 4341 et
2102 4270 2233 4325 illud
2264 4280 2315 4324 te
2342 4270 2506 4341 cupio
2527 4285 2738 4325 mecum
2759 4268 2911 4339 justa
2932 4270 3145 4341 ratione
3175 4272 3392 4341 perspi-

118 4339 281 4398 cere:
310 4339 537 4411 quando
566 4339 805 4394 maxime
836 4354 998 4407 opera
1033 4350 1123 4393 tua
1149 4339 1638 4411 indigetChristus,
1665 4356 1811 4395 nunc
1835 4356 1958 4411 cum
2015 4340 2274 4396 inimicus
2323 4340 2617 4395 adversum
2644 4356 2902 4411 sponsam
2928 4340 3049 4411 ejus
3076 4339 3389 4396 commovet

119 4408 357 4477 bellum,
383 4428 453 4465 an
474 4412 528 4465 in
563 4412 747 4465 futuro
772 4420 1034 4479 tempore,
1054 4408 1289 4480 quando
1300 4410 1413 4478 jam
1444 4408 1698 4463 Christus
1716 4420 1841 4480 post
1867 4410 2155 4465 victoriam
2182 4411 2562 4480 triumphabit,
2592 4427 2691 4465 nec
2715 4410 2856 4464 ultra
2895 4410 3064 4464 ullius
3084 4425 3248 4479 opera
3301 4413 3387 4465 in-

119 4483 331 4552 digebit
360 4480 384 4535 2
416 4480 551 4552 Quis
580 4497 689 4552 non
732 4480 900 4534 etiam
929 4479 1081 4552 parvi
1116 4495 1321 4552 sensus
1346 4480 1636 4552 intelligat,
1660 4479 1807 4549 quod
1826 4480 1985 4552 _istud
2008 4490 2092 4536 est
2107 4479 2390 4550 temporis,
2420 4481 2474 4535 in
2511 4494 2623 4552 quo
2650 4495 2874 4552 operam
2934 4489 3083 4552 tuam
3123 4480 3391 4552 Christus

119 4549 362 4622 reﬁuirit
383 4553 407 4606 ?
429 4550 569 4606 Tota
606 4551 773 4621 igitur
787 4559 970 4604 mente
995 4550 1326 4622 inpraesenti
1352 4550 1681 4622 necessitate
1709 4549 1889 4622 νιεβρο
1913 4565 2134 4622 operam
2151 4549 2324 4617 tuam,
2356 4561 2412 4604 et
2449 4549 2718 4622 auxilium
2741 4550 3023 4622 inprazliis
3049 4550 3249 4622 exhibe
3269 4551 3386 4620 regi

120 4619 356 4692 optimo,
388 4619 862 4678 remunerationes
892 4619 1211 4691 magniﬁcas
1256 4628 1379 4690 post
1401 4619 1686 4673 victoriam
1705 4619 2009 4675 reddituro.
2042 4619 2299 4677 Libenter
2324 4636 2456 4691 ergo
2485 4620 2705 4691 suscipe
2731 4620 3078 4691 episcopatus
3107 4619 3373 4687 cilicium,

1420 4730 1651 4788 vitam
1686 4730 2095 4815 LECTlONES.

196 4833 241 4865 “
267 4832 348 4903 μή
375 4846 445 4901 με
469 4826 535 4903 C.
612 4827 657 4903 ‘_'
691 4825 1024 4903 φιλομαθοῦς
1068 4842 1186 4883 var.
1222 4827 1350 4903 lect:
1381 4825 1639 4903 Turriani
1667 4835 1723 4882 et
1775 4827 1928 4903 cod“
1954 4826 2087 4903 Reg.
2124 4826 2252 4903 ξθέ.
2291 4825 2410 4903 Cfr_.
2450 4824 2608 4903 Hom_.
2647 4841 2758 4903 Ill."
2786 4824 2876 4903 65.
2932 4822 3383 4903 Τωηηπλέον

125 4905 172 4937 ⁸³
199 4893 411 4971 δυνὴοὴ
461 4896 527 4962 0,
557 4898 650 4967 qui
678 4893 799 4952 dein
820 4893 1099 4970 κρίττονα.
1246 4898 1291 4932 ⁸⁸
1323 4896 1398 4952 Ita
1432 4896 1477 4952 0
1508 4908 1563 4952 et
1593 4899 1704 4953 duo
1730 4898 1854 4952 cod.
1892 4893 2069 4998 Regii,
2104 4894 2155 4950 εἷ
2185 4897 2226 4951 C
2270 4912 2336 4950 ex
2368 4895 2529 4951 Turr.
2559 4895 2667 4951 Pro
2709 4893 2885 4963 Epist.
2951 4895 3144 4965 pontif.
3199 4912 3258 4957 ll,
3298 4897 3383 4951 M.

125 4972 256 4998 ΠΑΣ..
293 4969 509 4998 Ὶωί--.
534 4965 580 4998 η
672 4968 720 4998 ⁷ο
748 4969 792 4998 ρι
824 4970 971 4998 Annal
996 4968 1049 4998 in
1082 4967 1178 4998 ιιηιΙ
1240 4966 1374 4998 lix...
1420 4966 1574 4998 Βησιῖο
1672 4969 1719 4998 τι
1750 4967 1812 4998 nu’.
1839 4967 1879 4998 l‘
2006 4969 2025 4997 I
2061 4966 2134 4998 [In
2164 4965 2202 4998 Ω
2256 4984 2317 4998 ην
2342 4966 2453 4998 an
2524 4968 2820 4998 ι.-ι.ιι-ηηη.
2851 4964 2892 4998 Π
2920 4975 2967 4998 ιιι
2984 4967 3029 4998 Ιὶ
3124 4964 3383 4998 ηιωα..-

125 4972 258 5029 Dein
293 4964 513 5037 λογίσαι
534 4964 600 5022 0.
672 4968 795 5038 "si
823 4964 975 5038 deest
996 4968 1058 5038 in_
1080 4967 1202 5024 cod.
1237 4966 1398 5024 Hom.
1419 4966 1598 5023 Paris.
1672 4969 1719 5000 '“
1750 4967 1812 5021 σύ
1839 4967 1903 5022 C.
1979 4964 2025 4998 ⁷³
2060 4966 2137 5021 Ita
2164 4965 2203 5021 S
2255 4984 2317 5026 cx
2341 4966 2493 5032 Ruﬁ,
2524 4968 2825 5035 ἐπίσταμαι
2851 4964 2893 5020 C
2919 4964 3049 5020 etO.
3104 4964 3385 5038 "'Kkﬁpaq

132 5043 174 5099 0
201 5036 554 5100 constanter.
629 5038 678 5072 ⁷⁸
722 5036 995 5109 βασιλεύει
1026 5036 1091 5093 0.

1445 5125 1807 5183 VARIOBUM
1844 5125 2080 5181 ΝΟΤᾹΞ.

201 5247 314 5319 (33)
355 5243 885 5321 Holquﬂqﬁc_tdr
913 5243 1118 5321 .tdrgr.
1142 5240 1345 5321 Eodem
1375 5241 1542 5296 modo
1566 5238 1710 5321 Tur-

131 5311 326 5372 rlauus
364 5311 637 5386 prominio
665 5313 860 5368 Latino
887 5313 954 5366 ad
1011 5311 1416 5367 Constitutiones
1454 5315 1709 5380 αροδιοιίτ

139 5402 250 5435 αις.
279 5389 354 5435 At
382 5386 437 5435 in
489 5383 896 5435 Prolezomenis
942 5381 1148 5435 Graacis
1180 5384 1234 5435 in
1273 5381 1517 5435 easdem.
1563 5381 1713 5435 φιλο-

139 5402 250 5441 cas.
278 5381 437 5440 At'in
489 5383 896 5455 Prolegomenis
942 5381 1234 5436 Graecisin
1273 5381 1517 5445 easdem,
1563 5381 1708 5449 φιλο-

135 5457 347 5580 ἓὲξῗῦς
390 5456 487 5508 τδν
539 5453 729 5524 λόγον,
785 5451 1251 5525 quemadmodum
1300 5451 1471 5506 codex
1520 5448 1708 5522 Regis.

179 5543 273 5582 οτ.

1811 5251 1862 5295 et
1888 5240 2134 5311 ﬁdelior;
2182 5238 2271 5311 sed
2322 5254 2426 5311 non
2454 5236 2628 5311 dgbis.
2664 5238 2743 5311 Ex
2777 5248 3011 5309 utroque
3049 5250 3231 5311 autem
3263 5239 3386 5294 loco

1812 5306 2099 5373 discimus,
2131 5324 2161 5362 a
2190 5309 2468 5377 prioribus
2497 5306 2758 5365 Ecclesiae
2800 5306 3016 5365 saeculis
3049 5311 3189 5365 hanc
3218 5309 3272 5364 in
3320 5326 3384 5363 ea

1814 5380 2117 5436 obtinuisse
2140 5380 2404 5450 regulam,
2430 5394 2553 5450 qua:
2572 5379 2850 5449 digniores
2886 5395 2951 5433 ac
2978 5381 3386 5450 prastantiores

1812 5448 2550 5519 ecclesiasticisministeriis
2568 5448 2775 5519 priniici
2799 5448 2990 5519 jubet.
3010 5450 3188 5519 Cour.

1887 5518 1998 5589 (55)
2037 5518 2122 5573 Σὺ
2150 5516 2282 5587 γάρ,
2316 5536 2370 5572 κ.
2400 5536 2451 5571 τ.
2476 5518 2528 5571 λ.
2561 5516 2815 5588 Scriptor
2838 5530 3023 5589 noster
3048 5518 3383 5575 Clementem

1814 5588 2149 5645 ex’llebrzeis
2184 5598 2372 5642 natum
2408 5604 2515 5642 non
2546 5590 2831 5643 sentiebat.
2860 5588 2937 5644 lo.

1891 5659 2027 5730 (56)_
2057 5658 2233 5727 Ἐμοῦ
2282 5659 2459 5712 τοῦτο
2491 5658 2724 5722 ἀξιοῦν,
2770 5675 2824 5712 κ.
2850 5676 2902 5715 τ,
2936 5658 2987 5713 λ.
3029 5658 3251 5714 Clarum
3300 5664 3387 5715 est

1820 5727 1936 5803 haec
1951 5727 2029 5803 ad
2054 5744 2252 5803 _preces
2272 5736 2585 5803 sanctorum
2614 5738 2953 5803 mort_uor_um
2974 5744 3081 5787 non
3102 5741 3383 5803 spectare,

1816 5798 1914 5858 sed
1951 5797 2183 5857 Ruﬁnus
2203 5799 2496 5858 obscurius
2522 5799 2808 5859 convertit.
2836 5797 2973 5857 Cor.

203 5596 320 5668 (ὅθ)
360 5595 474 5668 Δρς
499 5593 570 5648 δὲ
602 5588 1250 5668 τὸνὲκρείττοναζιηΐτα
1286 5588 1345 5668 in
1373 5589 1711 5668 Clementina

134 5658 361 5721 homil'ia
416 5658 473 5733 5⁷,
525 5676 648 5734 cap.
692 5658 786 5734 [55,
818 5678 1036 5717 rursum
1064 5660 1258 5734 Petrus
1279 5658 1605 5734 ‘Zacchgum
1638 5661 1718 5734 sic

132 5738 342 5807 alloqui
369 5727 642 5807 tingitur:
678 5731 775 5807 Sin
824 5748 944 5787 vero
995 5731 1220 5807 nonum}
1271 5727 1715 5807 δοηιιεβςσιεξὶω

132 5799 387 5866 constitui
404 5799 608 5877 cistas,
639 5803 805 5861 alium
823 5818 925 5875 pro
952 5812 1000 5861 te
1015 5801 1195 5858 indica
1217 5799 1308 5872 qui
1335 5808 1385 5857 te
1411 5800 1481 5857 ait
1506 5799 1714 5856 doctior
