3868 6212
494 315 556 371 $9
1347 306 1406 363 S.
1445 306 1837 364 CLEMENTIS
1872 306 1895 364 Ι
1940 306 2107 364 ROM.
2141 306 2345 365 PONT.
2387 306 2615 365 OPERA
2655 308 2884 367 DUBIA.
3678 317 3765 373 ιο

485 426 657 499 gens?
685 423 877 479 Nonne
900 424 1067 478 etiam
1099 422 1282 491 exigui
1307 422 1513 491 ingenii
1541 422 1659 475 viro
1682 420 1884 487 claret,
1914 419 2051 490 quod

2161 421 2238 493 τῷ
2269 421 2475 494 βραχὺν
2507 422 2684 493 ἔχοντι
2710 421 2834 477 νοῦν
2867 423 2915 455 ⁷⁸
2948 424 3126 497 δῆλον,
3161 426 3245 480 δτι
3277 426 3413 494 νῦνς
3461 429 3616 506 nam
3650 432 3764 493 οὖν

484 520 540 573 in
570 518 825 589 praesenti
852 516 1135 585 tempore?
1162 512 1434 569 Omnibus
1462 528 1594 583 ergo
1643 512 1813 568 animi
1849 512 2061 569 viribus

484 612 539 667 in
565 614 671 667 hoc
700 610 987 681 praesentis
1022 608 1370 664 necessitatis
1398 617 1645 675 tempore
1667 604 1871 661 festina
1899 620 2061 676 opem

482 705 626 760 ferre
655 705 801 759 bono
825 702 961 772 regi,
986 716 1215 770 magnas
1240 698 1712 755 remunerationes
1738 706 1864 765 post
1884 698 2062 753 victo-

484 800 617 853 riam
652 798 877 853 reddere
903 794 1087 850 solito.
1114 793 1264 847 Laeto
1291 793 1457 862 igitur
1478 792 1664 846 animo
1684 792 2059 861 episcopatum

480 892 721 961 suscipe,
749 897 1055 959 opportune
1081 900 1148 940 eo
1178 884 1354 954 magis
1385 884 1533 954 quod
1587 883 1846 938 Ecclesitc
1872 883 2063 955 dispo-

480 986 735 1041 sitionem
762 998 791 1037 a
821 997 909 1036 me
937 979 1201 1047 didicisti,
1227 978 1295 1033 ad
1321 977 1551 1032 fratrum
1574 978 1667 1047 qui
1696 977 1764 1031 ad
1797 990 1900 1033 nos
1928 992 2061 1033 con—

479 1078 739 1147 fugerunt
762 1075 1015 1130 salutem.

547 1191 615 1245 ν.
648 1189 1041 1245 Verumtamen
1092 1196 1147 1241 et
1196 1186 1435 1242 breviter
1465 1199 1651 1240 coram
1705 1184 1966 1239 omnibus
2005 1193 2061 1240 et

474 1293 699 1354 propter
717 1298 931 1348 omnes,
983 1295 1105 1351 quae
1162 1278 1229 1333 ad
1265 1293 1388 1332 eam
1434 1276 1856 1346 dispositionem
1888 1276 2058 1345 perti-

476 1387 630 1442 nent,
663 1376 718 1430 in
749 1384 985 1430 mentem
1020 1372 1116 1428 tibi
1141 1370 1438 1427 revocabo.
1472 1368 1549 1423 Te
1580 1369 1804 1439 quidem
1836 1377 2057 1438 oportet

474 1452 1027 1543 irreprehensibiliter
1054 1468 1259 1531 vivere,
1289 1474 1344 1519 et
1374 1464 1618 1518 maximo
1648 1462 1833 1519 studio
1863 1478 2057 1520 omnes

472 1568 597 1621 vitae
626 1563 1017 1634 occupationes
1058 1560 1318 1629 abjicere,
1355 1567 1415 1611 ut
1462 1574 1572 1613 non
1619 1558 1696 1613 sis
1742 1557 2055 1627 ﬁdejussor,

472 1672 651 1728 neque
672 1656 993 1718 advocatus,
1013 1666 1191 1721 neque
1213 1650 1327 1704 ullo
1348 1649 1457 1704 alio
1477 1648 1776 1719 implicitus
1805 1648 2055 1704 saeculari

2164 515 2483 586 προαιρέσει
2509 518 2567 569 ὲν
2594 516 2673 587 τῷ
2700 517 2801 588 τῆς
2845 518 3128 589 παρούσης
3156 521 3401 593 ἀνάγκης
3433 524 3607 597 χρόνῳ
3651 530 3763 584 τά-

2162 624 2323 677 χυνον
2344 608 2703 680 ξυμμαχῆσαι
2735 609 2943 679 βασιλεῖ
2969 611 3179 682 ἀγαθῷ,
3219 616 3444 684 μισθοὺς
3476 620 3769 688 μεγάλους

2166 699 2302 769 μετά
2333 699 2488 770 νίκην
2515 701 2819 755 ἀποδιδόναι
2840 704 3124 772 πεφυκότι.
3150 706 3371 779 Χαίρων
3400 704 3493 762 οὖν
3520 711 3769 765 ἐπισκό-

2162 807 2356 861 πησον,
2388 792 2657 865 εὐκαίρως
2674 795 2846 866 ταύτῃ
2878 796 3099 865 μᾶλλον,
3120 798 3197 861 ὡς
3214 798 3481 871 διοίκησιν
3525 804 3772 875 Ἐκκλη-

2163 882 2281 947 σίας
2307 886 2436 957 παρ’
2466 884 2600 957 ἐμοῦ
2636 882 2991 957 μεμαθηκὼς,
3037 891 3118 953 είς
3143 891 3242 963 τὴν
3280 892 3389 947 τῶν
3416 895 3551 965 ἡμῖν
3572 912 3765 967 προσ-

2164 978 2475 1045 φευγόντων
2499 977 2745 1048 ἀδελφῶν
2778 982 3075 1053 σωτηρίαν.

2231 1178 2298 1235 ν.
2326 1180 2473 1251 Πλὴν
2503 1182 2596 1235 καὶ
2620 1180 2827 1253 βραχέα
2862 1199 2920 1236 σε
2955 1184 3003 1215 ⁷⁸
3030 1185 3124 1239 ἐπὶ
3145 1184 3363 1241 πάντων
3389 1187 3478 1241 διά
3527 1189 3764 1255 πάντας

2159 1271 2227 1325 τά
2257 1272 2357 1344 τῆς
2382 1271 2698 1344 διοικήσεως
2726 1274 3037 1347 ὑπομνῆσαι
3068 1276 3227 1332 θέλω.
3258 1280 3325 1332 Σὲ
3358 1281 3456 1351 μὲν
3488 1281 3592 1354 χρὴ
3613 1283 3758 1336 ἀνε-

2160 1365 2443 1437 πιλήπτως
2478 1365 2697 1436 βιοῦντα
2730 1369 2930 1441 σπουδῇ
2956 1370 3186 1443 μεγίστῃ
3216 1371 3398 1437 πάσας
3434 1375 3533 1439 τὰς
3571 1375 3677 1429 τοῦ
3705 1377 3762 1408 ⁷⁷

2161 1456 2278 1527 βίου
2310 1458 2566 1527 ἀσχολίας
2600 1459 2972 1525 ἀποσείεσθαι,
2999 1463 3136 1533 μήτε
3156 1464 3426 1537 ἐγγυητὴν
3457 1467 3763 1538 γινόμενον

2162 1550 2298 1619 μήτε
2310 1549 2411 1621 ιη
2436 1552 2733 1623 συνήγορον
2766 1552 2900 1624 μηδὲ
2934 1554 3107 1626 ἑτέρῳ
3135 1558 3240 1610 τινὶ
3266 1556 3504 1630 βιωτικῷ
3525 1578 3760 1633 παρεμο

2158 1642 2534 1714 πεπλεγμένον
2554 1644 2861 1716 πράγματι.
2890 1648 2967 1700 Οὐ
3000 1647 3108 1720 γάρ
3130 1650 3323 1723 κριτὴν
3356 1653 3448 1707 καὶ¹
3477 1652 3757 1725 δικαστὴν

471 1750 712 1820 negotio.
745 1746 863 1801 Non
885 1748 1031 1801 enim
1061 1743 1301 1813 judicem
1334 1750 1389 1796 et
1422 1742 1758 1811 cognitorem
1790 1741 2051 1812 pecunia-

2160 1735 2455 1806 χρημάτων
2492 1736 2526 1808 ἢ
2556 1737 2950 1808 ἀσχολημάτων
2995 1740 3323 1796 καθεστάναι
3367 1760 3427 1795 σε
3458 1744 3599 1798 θέλει
3632 1746 3754 1800 τῶν

471 1856 592 1896 rum
616 1840 699 1895 vel
721 1838 1065 1909 negotiorum
1100 1849 1395 1904 rerumque
1416 1835 1481 1889 ad
1504 1836 1647 1891 hanc
1682 1837 1850 1892 vitam
1884 1838 2052 1905 perti-

471 1934 717 1988 nentium
743 1932 1080 1987 constituere
1115 1938 1168 1982 te
1196 1928 1315 1982 vult
1341 1928 1619 1996 Christus,
1646 1938 1727 1995 ut,
1759 1928 2049 1999 prtesenti-

468 2024 573 2080 bus
598 2024 884 2078 hominum
916 2020 1063 2077 curis
1086 2020 1361 2089 detentus,
1385 2030 1603 2089 tempus
1628 2036 1736 2075 non
1753 2020 1957 2077 habeas
1980 2024 2048 2078 ad

468 2116 802 2187 separandos
829 2115 984 2185 juxta
1016 2114 1263 2169 veritatis
1302 2114 1524 2169 modum
1583 2113 1839 2168 homines
1870 2114 2047 2169 bonos

466 2225 497 2263 a
524 2209 702 2264 malis.
757 2206 959 2263 Verum
1002 2208 1094 2262 illa
1144 2207 1365 2278 quidem
1399 2207 1435 2261 ii
1466 2207 1573 2263 sibi
1608 2206 1841 2260 invicem
1886 2206 2044 2260 exhi-

465 2300 629 2357 beant
660 2299 755 2370 qui
778 2300 1017 2365 discunt,
1047 2308 1101 2353 et
1133 2308 1185 2354 te
1214 2315 1244 2353 a
1277 2299 1629 2354 sermonibus
1656 2299 1840 2354 salvos
1865 2297 2047 2355 facere

464 2394 774 2448 valentibus
802 2408 911 2447 non
935 2400 1185 2447 avocent.
1244 2389 1719 2457 Quemadmodum
1768 2390 1919 2443 enim
1951 2389 2046 2444 tibi

464 2484 695 2555 impium
727 2495 810 2541 est
836 2525 853 2550 ,
888 2485 1183 2541 saeculares
1210 2498 1376 2538 curas
1404 2483 1706 2551 suscipere,
1756 2482 1949 2537 relicto
1981 2495 2047 2537 eo

462 2578 611 2647 quod
638 2576 817 2633 facere
838 2578 1030 2648 jussus
1060 2592 1153 2631 es:
1182 2576 1261 2631 ita
1302 2574 1535 2644 singulis
1566 2573 1721 2628 laicis
1754 2581 2043 2643 peccatum

461 2678 566 2736 est,
604 2671 651 2725 si
684 2670 788 2724 sibi
818 2670 1050 2724 invicem
1076 2670 1243 2724 etiam
1284 2668 1339 2721 in
1369 2666 1663 2721 mundanis
1700 2665 2048 2720 necessitati-

463 2765 567 2818 bus
590 2773 789 2833 praasto
814 2779 921 2817 non
955 2763 1086 2817 sint.
1144 2761 1413 2832 Equidem
1444 2762 1490 2816 si
1518 2759 1703 2816 cuncti
1756 2774 1862 2813 non
1892 2759 2045 2830 cogi-

462 2865 578 2911 teut
600 2856 801 2918 facere,
838 2856 917 2910 uti
952 2865 1032 2919 tu,
1064 2855 1118 2908 in
1148 2858 1314 2909 rebus
1346 2853 1627 2923 inquibus
1656 2852 1709 2908 id
1736 2852 1914 2915 decet,
1948 2865 2041 2907 se-

460 2962 594 3003 cure
613 2958 668 3003 et
700 2948 992 3018 tranquille
1020 2949 1195 3013 vivas,
1224 2962 1254 3003 a
1282 2947 1530 3003 diaconis
1551 2946 1907 3011 edoceantur;
1930 2959 2042 3015 quo

2155 1828 2250 1883 νῦν
2264 1828 2531 1899 βιωτικῶν
2560 1832 2901 1901 πραγμάτων
2919 1834 3224 1911 δ’Χριπὺς,
3250 1836 3356 1901 i'va,
3384 1837 3755 1909 συνεχόμενος

2154 1921 2234 1984 είς
2258 1920 2358 1984 τὰς
2389 1920 2483 1975 νῦν
2524 1922 2632 1976 τῶν
2678 1910 2981 1996 ἀνθρώπων
3026 1926 3330 1998 φροντίδας,
3364 1928 3438 2000 μὴ
3477 1930 3754 2003 εὐσχολῇς

2153 2013 2405 2085 χωρίζειν
2434 2013 2576 2085 λόγῳ
2610 2014 2866 2085 ἀληθείας
2905 2017 3208 2091 ἀνθρώπων
3249 2022 3375 2085 τοὺς
3421 2022 3751 2093 κρείττονας

2151 2104 2259 2158 ἀπὸ
2289 2105 2397 2159 τῶν
2433 2106 2711 2178 χειρόνων.
2756 2109 2915 2164 Ἀλλὰ
2934 2110 3106 2165 ταῦτα
3142 2113 3240 2183 μὲν
3285 2114 3336 2165 οί
3372 2113 3750 2184 μανθάνοντες

2151 2196 2401 2269 ἀλλήλοις
2429 2200 2817 2270 παρεχέτωσαν
2848 2201 2917 2266 ⁷⁸,
2953 2203 3049 2259 καὶ
3076 2202 3183 2257 ἀπὸ
3198 2202 3309 2258 τῶν
3336 2205 3529 2271 σώζειν
3575 2207 3749 2261 δυναφ

2158 2288 2331 2359 μένων
2350 2288 2523 2357 λόγων
2559 2289 2633 2361 μὴ
2653 2291 3128 2362 ἀπασχολείτωσαν
3146 2294 3213 2349 ⁷³.
3259 2295 3345 2359 Ὧς
3362 2296 3471 2368 γάρ
3501 2314 3582 2350 σοι
3603 2298 3746 2352 ἀσε-

2152 2378 2247 2445 ϐές
2277 2382 2412 2445 ἐστι,
2444 2382 2544 2445 τάς
2578 2381 2834 2452 βιωτικάς
2865 2385 3150 2456 φροντίδας
3178 2387 3553 2455 ἀναδέξασθαι,
3568 2405 3748 2442 tata-—

2151 2472 2413 2543 λείψαντα
2426 2474 2473 2506 ⁸⁰
2513 2478 2688 2529 ποιεῖν
2710 2476 2737 2529 ὃ
2755 2477 3099 2548 ὲκελεύσθης,
3120 2478 3294 2543 οὓτως
3314 2480 3530 2552 ἑκάστῳ
3560 2481 3747 2553 λαῖκῷ

2152 2566 2398 2638 ἀμαρτία
2428 2568 2575 2621 ἐστὶν
2597 2606 2614 2632 ,
2663 2568 2758 2623 ἐὰν
2794 2569 2868 2641 μὴ
2903 2569 3151 2641 ἀλλήλοις
3180 2572 3273 2624 καὶ
3297 2573 3355 2624 ὲν
3393 2576 3513 2637 ταῖς
3552 2573 3749 2644 βιωτι-

2151 2662 2276 2724 καῖς
2304 2660 2513 2732 χρείαις
2539 2661 2921 2733 παρίστανται.
2942 2664 3053 2717 Καὶ
3075 2664 3133 2718 σὲ
3150 2664 3206 2717 δὲ
3225 2665 3355 2736 περὶ
3378 2658 3453 2719 ὧν
3476 2666 3581 2738 χρὴ
3594 2666 3746 2739 ἀμέρ

2153 2771 2343 2827 ριμνον
2378 2751 2517 2811 εῖναι
2562 2758 2613 2809 οἱ
2660 2757 2863 2821 πάντες
2892 2762 3067 2812 ποιεῖν
3085 2760 3178 2812 ἐὰν
3213 2759 3288 2831 μὴ
3309 2758 3502 2817 νοῶσιν
3525 2800 3540 2825 ,
3577 2761 3743 2833 παρά

2148 2851 2258 2905 τῶν
2286 2852 2546 2905 διακόνων
2580 2852 3014 2923 μανθανέτωσαν·
3053 2855 3139 2907 ῖνα
3176 2855 3343 2925 μόνης
3360 2858 3463 2926 τῆς
3499 2854 3742 2926 Ἐκκλη-

2149 2944 2273 3008 σίας
2316 2945 2415 3016 τὴν
2447 2945 2701 3016 φροντίδα
2750 2946 2899 3018 ἔχῃς,
2934 2947 3071 3019 πρός
3115 2964 3175 2999 τε
3206 2944 3270 3000 τὸ
3313 2948 3533 3002 διοικεῖν
3558 2950 3740 3023 αὐτὴν

460 3040 635 3095 solius
668 3038 929 3095 Ecclesia:
958 3040 1389 3095 sollicitudinem
1418 3054 1599 3110 geras,
1648 3047 1765 3092 tum
1803 3037 1871 3091 ad
1904 3036 2041 3091 scite

2160 3036 2325 3100 ιαλῶς
2346 3037 2439 3090 καὶ
2467 3037 2529 3091 τὸ
2558 3038 2686 3101 τοὺς
2714 3038 2812 3109 τῆς
2844 3038 3100 3109 ἀληθείας
3129 3038 3315 3109 λόγους
3339 3041 3617 3113 παρέχειν.

461 3147 581 3188 eam
607 3132 1126 3200 administrandam,
1162 3140 1281 3187 tum
1308 3131 1376 3186 ad
1423 3130 1719 3185 tradendos
1761 3143 2049 3186 sermones
2081 3129 2350 3185 veritatis.

531 3248 621 3305 Vl.
648 3247 784 3303 Nam
815 3250 861 3305 si
888 3247 1037 3303 curis
1062 3248 1416 3304 saecularibus
1438 3254 1738 3315 occupatus
1762 3243 1953 3305 fueris.
1984 3252 2040 3298 et

456 3350 513 3397 te
535 3342 715 3411 ipsum
746 3352 801 3395 et
829 3340 1107 3395 auditores
1138 3338 1399 3410 decipies.
1459 3337 1843 3395 Conducibilia
1888 3336 2037 3393 enim

2217 3242 2304 3298 Vl.
2350 3244 2523 3309 Ἐπεὶ,
2545 3244 2639 3299 ὲάν
2670 3245 2948 3316 βιωτικαῖς
2980 3248 3271 3320 μερίμναις
3286 3248 3609 3325 ἀσχοληθῇς,
3631 3268 3731 3311 καὶ

2144 3337 2370 3391 σεαυτὸν
2401 3339 2496 3391 καὶ
2528 3338 2654 3401 τοὺς
2672 3338 2947 3411 ἀκροατὰς
2966 3340 3316 3413 ὲνεδρεύσεις·
3345 3342 3415 3397 τά
3440 3346 3552 3419 γὰρ
3579 3364 3726 3419 συμφ-

1661 3495 2224 3554 INTERPRETATIO
2262 3495 2519 3552 RUFINI.

456 3630 528 3670 eo
554 3616 792 3688 maxime
813 3613 1400 3688 quod_ecclesiasticas
1434 3614 1878 3688 dispensationes
1902 3629 1933 3668 a
1976 3629 2065 3669 me
2112 3613 2470 3683 probabiliter
2502 3614 2778 3681 didicisti;
2824 3622 2883 3670 ut
2917 3615 3069 3672 salus
3098 3631 3316 3683 eorum,
3350 3617 3443 3687 qui
3494 3633 3591 3688 per
3619 3636 3723 3677 nos

460 3686 831 3755 confugerunt
863 3688 930 3740 ad
965 3684 1160 3749 Deum,
1198 3702 1543 3755 nequaquam
1567 3685 1806 3755 vacillet.

536 3754 602 3810 V.
628 3754 1012 3809 Verumtamen
1045 3764 1099 3809 et
1120 3754 1354 3810 breviter
1384 3766 1435 3809 te
1463 3756 1529 3808 de
1562 3755 1733 3824 ipsius
1762 3754 2191 3823 dispensationis
2216 3754 2410 3809 ordine
2454 3770 2640 3809 coram
2673 3756 2932 3811 omnibus
2955 3770 3309 3812 commonere
3339 3759 3716 3816 necessarium

461 3826 626 3908 duco.
655 3825 732 3908 Te
750 3827 974 3907 quidem
1011 3834 1226 3908 oportet
1257 3825 1809 3908 irreprebensibiliter
1840 3825 2018 3908 vivere
2042 3842 2057 3890 ;
2107 3834 2403 3908 etsuian
2428 3827 2613 3880 studio
2638 3826 2759 3908 niti,
2787 3836 2862 3908 _ut
2900 3842 3094 3908 omnes
3116 3827 3242 3881 vitae
3263 3826 3431 3908 hujus
3475 3842 3717 3898 occupa-

459 3897 644 3950 tiones
675 3898 940 3964 abjicias;
973 3912 1040 3948 ne
1077 3895 1366 3963 tidejussor
1419 3896 1644 3961 existas,
1670 3910 1738 3948 ne
1788 3895 2087 3966 advocatus
2114 3895 2294 3950 litium
2331 3897 2453 3960 tias,
2480 3912 2613 3951 neve
2662 3898 2714 3951 in
2748 3898 2857 3951 ulla
2896 3897 3078 3966 aliqua
3106 3895 3463 3966 occupatione
3486 3895 3719 3965 prorsus

465 3963 764 4038 inveniaris
794 3965 1089 4038 mundialis
1128 3965 1334 4038 negotii
1355 3966 1645 4038 occasione
1668 3964 1979 4038 perplexus.
2020 3963 2207 4038 Neque
2222 3966 2370 4020 enim
2401 3965 2640 4038 judicem
2675 3976 2770 4038 aut
2792 3963 3131 4038 cognitorem
3160 3963 3507 4022 saecularium
3538 3984 3715 4038 nego-

460 4036 666 4106 t_iorum
704 4036 862 4090 hodie
893 4044 943 4091 te
971 4036 1226 4089 ordinare
1249 4036 1365 4090 vult
1386 4035 1671 4099 Christus;
1707 4035 1784 4088 uti
1810 4049 1877 4088 ne
1909 4034 2235 4103 przel‘ocatus
2288 4034 2651 4104 praesentibus
2678 4034 2964 4093 hominum
2987 4037 3136 4092 curis
3166 4052 3275 4092 non
3301 4038 3481 4106 possis
3537 4034 3717 4094 verbo

461 4104 557 4159 Dei
598 4121 811 4172 vacare,
833 4115 886 4159 et
910 4106 1208 4159 secundum
1244 4105 1491 4159 veritatis
1510 4106 1751 4172 regulam
1783 4119 2068 4176 secernere
2097 4105 2274 4159 bonos
2304 4121 2335 4159 a
2368 4106 2550 4161 malis.
2619 4108 2724 4161 lsta
2748 4123 2988 4176 namque
3031 4121 3220 4175 opera,
3250 4104 3373 4176 quae
3400 4107 3495 4161 tibi
3524 4108 3713 4163 minus

458 4190 763 4243 congruere
804 4176 1458 4247 superiusexposuimus,
1497 4177 1790 4247 exhibeant
1819 4176 1922 4229 sibi
1956 4174 2188 4247 invicem
2208 4176 2507 4247 discentes,
2533 4176 2584 4231 id
2616 4186 2701 4230 est
2739 4174 2960 4241 laici,et
2985 4185 3035 4231 te
3065 4174 3227 4231 nemo
3269 4174 3501 4247 occupet
3521 4178 3589 4231 ab
3619 4178 3713 4233 his

459 4246 682 4309 studiis,
706 4262 802 4315 per
830 4261 952 4314 qua:
995 4246 1144 4299 salus
1180 4246 1437 4299 omnibus
1488 4247 1668 4299 datur.
1724 4245 1879 4298 Sicut
1921 4245 2068 4298 enim
2121 4246 2220 4299 tibi
2258 4247 2551 4314 impietatis
2605 4247 2811 4301 crimen
2840 4254 2945 4312 est,
2974 4247 3235 4316 neglectis
3273 4245 3427 4301 verbi
3466 4246 3558 4301 Dei
3589 4257 3711 4301 stu-

462 4316 591 4386 diis,
623 4317 1018 4372 sollicitudiues
1045 4316 1322 4384 suscipere
1353 4316 1641 4371 saeculares
1668 4334 1682 4381 ;
1716 4316 1787 4367 ita
1820 4316 2115 4384 unicuique
2136 4316 2403 4369 laicorum
2454 4325 2737 4386 peccatum
2766 4327 2870 4383 est,
2923 4317 3030 4371 nisi
3061 4317 3295 4372 invicem
3322 4317 3427 4371 sibi
3460 4317 3622 4371 etiam
3647 4318 3708 4375 iu

461 4385 548 4439 his
576 4402 697 4456 quae
724 4388 791 4440 ad
820 4387 1128 4440 connnunis
1154 4388 1272 4439 vita:
1297 4401 1454 4441 usum
1494 4387 1787 4453 pertinent,
1820 4400 2043 4456 operam
2084 4385 2314 4456 ﬁdeliter
2354 4385 2623 4441 dederint.
2691 4385 2769 4442 Te
2795 4400 2926 4440 vero
2954 4402 3211 4441 securum
3244 4386 3431 4445 facere
3480 4403 3544 4442 ex
3594 4388 3707 4453 his,

451 4458 658 4523 quibus
706 4472 813 4509 non
874 4456 1039 4509 debes
1096 4470 1329 4527 vacare,
1388 4471 1578 4511 omnes
1632 4455 2003 4527 communiter
2062 4455 2367 4527 elaborent.
2436 4456 2591 4527 Quod
2650 4459 2696 4511 si
2750 4456 2892 4510 forte
2960 4472 2990 4510 a
3043 4457 3353 4527 semetipsis
3402 4457 3527 4527 hoc
3572 4456 3706 4519 laici

458 4540 568 4577 non
628 4527 970 4596 intelligunt,
1018 4541 1109 4594 per
1166 4526 1430 4579 diaconos
1484 4526 1744 4580 edocendi
1791 4533 1965 4596 sunt;
2025 4532 2086 4579 ut
2136 4526 2234 4580 tibi
2291 4526 2463 4581 solius
2510 4526 2767 4583 Ecclesia:
2818 4526 3694 4596 sollicitudinesderelinquant;

448 4608 565 4666 quo
626 4594 835 4664 ipsam,
890 4604 949 4650 ut
985 4596 1209 4665 dignum
1246 4605 1359 4661 est,
1397 4597 1715 4664 dispensare
1756 4594 2015 4659 sulllcias,
2040 4604 2095 4649 et
2144 4596 2394 4651 veritatis
2428 4598 2595 4652 verbo
2634 4597 3007 4653 abundantius
3057 4599 3238 4666 possis
3285 4605 3343 4651 et
3388 4594 3713 4655 studiosius

449 4665 748 4719 deservire.

530 4733 613 4788 \‘l.
658 4736 714 4788 Si
746 4737 889 4789 enim
921 4735 1289 4790 mundialibus
1329 4735 1477 4790 curis
1523 4736 1693 4790 fueris
1724 4743 2047 4804 occupatus,
2082 4745 2135 4789 et
2161 4735 2393 4805 teipsqu
2419 4736 2676 4805 decipies,
2704 4746 2756 4790 et
2779 4751 2873 4791 eos
2896 4737 2989 4806 qui
3014 4744 3066 4789 te
3100 4736 3348 4793 audiunt.
3383 4733 3501 4789 Non
3540 4737 3689 4793 enim

451 4806 657 4874 poteris
693 4821 825 4877 quae
845 4806 913 4859 ad
968 4806 1201 4877 salutem
1260 4808 1551 4874 pertinent,
1583 4806 1795 4874 plenius
1826 4806 2056 4875 singulis
2084 4806 2395 4874 quibusque
2439 4808 2650 4861 caeteris
2703 4807 3037 4877 distinguere
3068 4822 3083 4861 :
3114 4815 3175 4877 et
3200 4821 3359 4877 exeo
3402 4806 3463 4860 ﬁt
3504 4816 3563 4860 ut
3613 4818 3699 4874 tu,

451 4884 711 4944 tanquam
732 4876 834 4948 qui
856 4892 961 4928 non
989 4876 1239 4929 docueris
1268 4892 1390 4948 quae
1417 4877 1484 4928 ad
1520 4879 1750 4933 salutem
1780 4878 2060 4929 hominum
2092 4877 2681 4948 pertinent,dcponaris
2707 4917 2722 4943 ,
2760 4887 2839 4948 ret
2882 4876 3147 4945 discipuli
3198 4891 3292 4944 per
3335 4876 3698 4947 ignorantiam

448 4953 698 5012 pereant.
731 4945 936 5000 Idcirco
958 4960 1088 5013 ergo
1118 4956 1173 4999 tu
1210 4945 1430 5014 quidem
1460 4948 1653 5000 adhoc
1683 4948 1861 5000 solum
1924 4954 2139 5015 vacato,
2173 4946 2248 5003 uti
2281 4958 2589 5015 opportune
2633 4957 2687 5000 et
2726 4947 2845 5001 sine
2895 4948 3306 5001 intermissione
3355 4945 3555 5001 doceas
3593 4962 3693 5002 eos

454 5016 681 5067 verbum
722 5016 816 5069 Dei
863 5032 958 5085 per
1004 5018 1147 5085 quod
1173 5013 1403 5070 salutem
1437 5018 1700 5085 consequi
1740 5016 1977 5085 possint.
2034 5013 2114 5067 llli
2165 5030 2294 5071 vero
2319 5013 2446 5069 cum
2482 5026 2628 5070 tanta
2672 5018 2970 5071 reverentia
3020 5025 3113 5070 tua
3143 5018 3309 5073 verba
3368 5017 3694 5086 suscipiant,

452 5092 711 5153 tanquam
741 5087 833 5155 qui
860 5088 1035 5141 sciant
1058 5088 1289 5155 legatum
1324 5096 1377 5139 te
1405 5096 1458 5141 et
1488 5102 1791 5156 prmconetn
1817 5102 1938 5141 esse
1959 5086 2225 5157 veritatis.
2255 5094 2323 5157 et
2344 5087 2684 5157 quodcunque
2708 5086 2953 5156 ligaveris
2982 5102 3139 5154 super
3170 5095 3387 5151 terram,
3412 5102 3521 5140 use
3549 5087 3694 5157 liga-

445 5161 635 5211 tumet
684 5157 920 5224 incaelo,
952 5166 1001 5211 et
1031 5158 1375 5227 quodcunque
1402 5157 1641 5223 solveris,
1693 5158 1855 5210 etiam
1900 5156 1973 5209 ibi
2028 5172 2140 5209 esse
2182 5156 2486 5211 solvendum
2537 5156 2757 5227 (Matth.
2809 5171 2922 5224 xvi,
2983 5157 3105 5226 19),
3156 5158 3417 5226 quoniam
3474 5156 3693 5227 quidem

1757 5270 1989 5326 VARI/E
2025 5273 2425 5331 LECTIONES.

518 5362 566 5393 '“’
592 5361 765 5432 βραχὺ
808 5361 1035 5431 (βραχὺν
1062 5360 1208 5433 conj.
1248 5361 1307 5433 S)
1337 5362 1461 5417 νοῦν
1504 5363 1678 5433 ἔχοντι
1710 5364 1771 5418 C.
1846 5366 1893 5396 ⁷³
1922 5365 1981 5417 σέ
2034 5366 2216 5423 addidi
2250 5382 2300 5420 c.
2347 5364 2728 5433 0.Pronomen
2786 5362 2974 5418 deesse
3006 5369 3154 5417 recte
3180 5362 3315 5417 vidit
3341 5360 3690 5433 δηβραχαίας

441 5430 603 5506 {lem
630 5430 1081 5506 Clementinornni
1113 5430 1409 5506 Parisiens.
1432 5452 1451 5506 5
1488 5430 1732 5506 βραχέως
1753 5435 1901 5504 conj.
1932 5438 2027 5506 (1.7
2085 5437 2129 5468 ⁷⁷
2165 5436 2259 5489 τοῦ
2318 5436 2548 5489 aecessit
2578 5449 2645 5487 ex
2686 5432 2751 5488 Ο.
2788 5433 2925 5506 Tum
2968 5433 3342 5506 ἀποσείεσθαι.
3388 5430 3437 5485 0⁷

450 5502 588 5573 804,
636 5503 950 5573 ἀποσίεσθαι
972 5502 1108 5557 God.
1142 5501 1393 5559 Clement.
1430 5500 1972 5573 Parisfeonstanter.
2007 5505 2081 5559 De
2118 5507 2217 5560 hac
2251 5506 2534 5573 scripturae
2563 5504 2924 5567 discrepantia
2957 5502 2999 5557 C
3031 5504 3241 5558 consuli
3266 5503 3420 5573 jubet
3455 5500 3680 5557 Salinas.

446 5569 577 5645 ljot.
604 5574 669 5645 ad
698 5571 947 5645 luscript.
978 5574 1226 5637 Herodis,
1256 5588 1310 5643 p.
1344 5575 1414 5645 64
1446 5590 1555 5645 seq.
1590 5573 1705 5630 Cfr.
1761 5571 1987 5630 Constit.
2045 5584 2213 5645 apost.
2256 5591 2325 5636 ιι,
2362 5569 2432 5627 ’6.
2487 5572 2621 5629 Can.
2675 5581 2845 5641 apost.
2889 5573 2991 5645 Atti.

3097 5574 3144 5644 ἐξ
3172 5572 3604 5644 παρασχέτωσαν
3618 5573 3682 5631 C.

442 5638 692 5713 Subinde
723 5645 794 5697 S:
856 5638 1214 5697 Scribendum
1256 5638 1416 5697 haud
1449 5638 1630 5710 dubie,
1665 5645 1769 5698 nisi
1794 5648 1931 5699 l’orte
1960 5638 2129 5700 totum
2164 5644 2381 5713 aliquod
2415 5638 2718 5698 membrum
2750 5643 2969 5707 excidit,
3014 5642 3075 5695 σὲ
3126 5642 3170 5696 δ’
3220 5638 3302 5697 vel
3339 5638 3432 5695 καὶ
3465 5641 3541 5693 σέ.
3572 5639 3684 5694 Rn-

448 5712 543 5764 lini
586 5712 728 5765 inter

766 5715 960 5786 relatio
997 5713 1133 5786 haec
1172 5721 1258 5786 est
1284 5731 1327 5786 με,
1358 5732 1377 5764 ι
1410 5722 1465 5769 et
1518 5722 1571 5768 te
1626 5729 1785 5786 nemo
1835 5716 2176 5786 occupetgab
2231 5718 2315 5769 his
2356 5715 2583 5786 studiis,

2623 5727 2720 5782 per
2767 5729 2891 5780 quae
2946 5713 3097 5767 salus
3138 5715 3393 5769 omnibus
3454 5713 3676 5769 datur.»

448 5728 543 5764 nm
586 5728 960 5834 interpretatio
997 5728 1111 5767 meo
1172 5728 1306 5767 eSt':
1358 5732 1377 5764 ι
1410 5728 1465 5769 et
1518 5728 1571 5768 te
1626 5729 1785 5767 nemo
1835 5728 2062 5786 occupet
2108 5728 2176 5769 ab
2231 5728 2315 5769 nis
2356 5728 2583 5777 stuuns,
2623 5728 2720 5782 per
2767 5729 2891 5780 quae
2946 5728 3097 5767 satus
3138 5728 3299 5768 omnn

443 5780 495 5811 "
520 5780 729 5853 ἀποσχο
763 5784 977 5855 ήτωσαν
1010 5783 1081 5848 C.
1110 5782 1509 5854 ἀσχολείτωσαν
1551 5784 1673 5840 cod.
1708 5785 1834 5849 804,
1870 5785 2337 5858 ἀποσχολείτωσαν
2362 5783 2425 5839 5.
2501 5783 2549 5815 ⁸⁸
2574 5782 2958 5854 καταλείψαντι
3002 5784 3124 5840 cod.
3174 5782 3299 5839 804.
