3868 6212
494 373 563 430 8⁸5
1368 373 1436 429 S.
1482 370 1870 429 CLEMENTIS
1911 373 1929 426 I
1967 373 2069 430 ΒΟ]

2179 372 2363 427 ΡΟΝΤ.
2398 373 2632 427 ὈΡΕΠΑ
2673 374 2759 430 Dl}
2771 366 2898 429 ως
3698 376 3774 437 3.5

493 490 685 558 grandi
725 488 931 553 latitia,
965 489 1112 544 velut
1161 489 1375 543 invitati
1409 489 1473 543 ad
1507 491 1749 559 nuptias,
1794 490 2069 548 frueminl.

2179 492 2354 560 γάλης
2383 492 2701 560 εὖφρασίας,
2734 491 2809 555 ὡς
2836 491 3023 561 κλητοὶ
3069 490 3282 563 γάμων,
3316 492 3654 550 ἀπολαύσετε
3692 501 3769 555 ⁸⁸.

494 586 552 639 Si
590 598 720 637 vero
749 582 801 634 in
831 592 1055 651 peccato
1102 580 1443 651 deprehensa
1489 579 1672 646 fuerit,
1702 582 1816 650 ipsa
1847 583 2069 651 quidem

490 676 783 744 ejicietur;
817 688 915 727 vos
954 680 1135 725 autem
1186 686 1377 741 poenas
1426 671 1647 733 dabitis,
1675 673 1720 725 si
1776 672 1915 726 forte
1976 690 2071 743 per

491 778 729 821 vestram
758 764 1141 833 negligentiam
1173 772 1459 833 peccatum
1486 764 1845 819 commissum
1879 764 2064 819 fuerit.

564 856 703 911 VIII.
745 855 1013 922 Quocirca
1058 865 1183 909 ante
1238 855 1423 910 omnia
1455 856 1521 910 de
1553 856 1814 924 pudicitia
1846 858 2070 912 solliciti

494 957 692 1004 estote.
745 947 955 1017 Quippe
1004 945 1154 1015 apud
1207 946 1377 1001 Deum
1417 948 1714 1002 admodum
1745 965 1908 1019 grave
1940 949 2070 1018 quid

492 1051 748 1095 censetur
780 1040 1091 1094 fornicatio.
1126 1039 1397 1094 Caeterum
1440 1042 1651 1111 species
1690 1040 2072 1099 fornicationis

494 1133 679 1188 multa:
721 1143 869 1198 sunt,
902 1142 962 1186 ut
998 1142 1053 1186 et
1108 1132 1221 1201 ipse
1263 1132 1520 1187 Clemens
1564 1132 1719 1187 vobis
1772 1134 2069 1189 enarrabit.

492 1225 749 1279 Attamen
803 1224 1042 1293 primum
1094 1223 1421 1279 adulterium
1465 1231 1572 1291 est,
1599 1226 1777 1278 virum
1812 1240 1922 1279 non
1956 1228 2073 1281 sola

494 1331 593 1372 sua
626 1316 703 1370 uti
728 1330 918 1380 uxore,
955 1325 1008 1369 et
1031 1330 1257 1369 morem
1302 1331 1411 1370 non
1450 1316 1570 1371 solo
1599 1330 1700 1370 suo
1734 1316 1810 1369 uti
1842 1318 1977 1371 viro.
2014 1315 2072 1371 Si

493 1410 618 1470 quis
640 1418 827 1464 castus
853 1408 1143 1472 exstiterit,
1168 1408 1446 1461 humanus
1490 1409 1657 1462 etiam
1690 1408 1805 1462 fieri
1842 1416 2024 1479 potest
2054 1426 2070 1475 ;

493 1512 713 1572 propter
741 1500 889 1572 quod
916 1508 1177 1555 aeternam
1204 1511 1570 1570 consequetur
1602 1502 2068 1556 misericordiam.

492 1592 966 1657 Quemadmodum
1010 1601 1192 1646 autem
1218 1592 1546 1647 adulterium
1578 1609 1836 1660 magnum
1868 1594 2072 1647 malum

493 1694 598 1748 est,
632 1686 706 1737 ita
739 1684 1059 1741 humanitas
1091 1683 1393 1738 maximum
1430 1689 1659 1739 bonum.
1706 1683 1914 1740 Idcirco
1945 1685 2073 1739 dili-

494 1778 605 1843 gite
660 1792 852 1831 omnes
910 1775 1109 1831 fratres
1152 1786 1367 1831 vestros
1423 1778 1631 1832 sanctis
1680 1786 1735 1831 et
1760 1778 2074 1833 misericor-

2186 584 2309 636 Ἐὰν
2340 582 2397 635 δὲ
2432 585 2786 654 ἡμαρτηκυῖα
2839 582 3088 654 φωραθῇ,
3151 584 3286 653 αὑτὴ
3350 586 3447 655 μὲν
3494 588 3775 661 ἐκϐλητος

2174 675 2326 728 ἔσται
2355 674 2423 737 ’°,
2458 675 2614 743 ὑμεῖς
2642 674 2697 727 δὲ
2726 674 2881 743 δίκην
2938 673 3136 726 δώσετε
3167 676 3230 738 ’³,
3258 674 3311 728 εἴ
3327 694 3445 741 πως
3472 681 3626 751 παρά
3658 683 3775 753 τὴ)

2175 766 2445 837 ὑμετέραν
2477 766 2738 836 ἀμέλειαν
2770 765 2989 833 γέγονεν
3020 768 3053 837 ἡ
3083 768 3345 839 ἁμαρτία⁸

2250 859 2354 929 16
2392 857 2523 911 VIII.
2566 859 2657 910 Διὸ
2689 860 2794 929 πρὸ
2825 862 3042 912 πάντων
3068 861 3194 932 περὶ
3226 861 3577 935 σωφροσύνης
3605 882 3775 935 φρον-

2171 950 2350 1013 τίζετε
2372 966 2386 980 ⁸
2417 949 2536 1003 λίαν
2568 938 2678 1020 γαρ
2712 950 2864 1021 παρά
2895 950 2973 1021 τῷ
3001 951 3119 1020 Θεῷ
3182 953 3389 1025 χαλεπὴ
3448 954 3683 1026 ὥρισται
3734 958 3771 1027 ἡ

2174 1041 2419 1112 πορνεία.
2479 1042 2742 1113 Πορνείας
2774 1042 2831 1095 δὲ
2864 1044 2909 1074 ⁹¹
2939 1043 3053 1114 εἴδη
3116 1044 3305 1107 πολλὰ,
3358 1046 3433 1109 ὡς
3465 1050 3556 1100 καὶ
3596 1048 3773 1109 αὐτὸς

2173 1133 2407 1204 Κλήμης
2437 1133 2563 1204 ὑμῖν
2592 1134 2929 1205 διηγήσεται.
2961 1134 3107 1211 Πλὴν
3145 1135 3332 1207 πρώτη
3393 1140 3608 1207 μοιχεία
3643 1141 3773 1193 ἐστὶ

2173 1224 2234 1277 τὸ
2258 1226 2303 1256 ⁸⁸
2334 1225 2503 1296 ἀνδρα
2539 1225 2612 1296 μὴ
2645 1225 2751 1296 ἰδία
2778 1226 2912 1296 μόνῃ
2939 1227 3246 1297 χρήσασθαι
3265 1229 3502 1295 γυναικὶ,
3533 1232 3631 1283 καὶ
3665 1248 3773 1297 γν-

2174 1319 2335 1372 ναῖκα
2372 1317 2445 1387 μὴ
2483 1317 2594 1385 ίδίῳ
2632 1317 2777 1387 μόνῳ
2810 1318 3115 1389 χρήσασθαι
3148 1320 3320 1391 ἀνδρί.
3370 1321 3489 1374 Ἐὰν
3522 1322 3772 1394 σώφρων

2174 1406 2207 1481 ᾖ
2240 1427 2343 1473 τις,
2374 1410 2469 1463 καὶ
2487 1408 2863 1481 φιλάνθρωπος
2893 1412 3143 1479 γενέσθαι
3174 1413 3415 1477 δύναται,
3449 1405 3508 1466 οὗ
3545 1414 3771 1481 εἵνεκεν

2173 1480 2357 1563 ἐλέους
2418 1501 2636 1553 αίωνίου
2684 1480 2963 1567 τεύξεται.
3018 1503 3105 1565 Ὠς
3162 1504 3219 1556 δὲ
3271 1506 3303 1573 ἡ
3346 1504 3553 1574 μοιχεία
3598 1480 3771 1575 Et:

2176 1593 2343 1645 κακὸν
2375 1592 2442 1657 ’⁸,
2476 1591 2650 1655 οὕτως
2687 1595 2720 1664 ἡ
2773 1594 3151 1663 φιλανθρωπία
3214 1596 3465 1665 μέγιστον
3527 1597 3767 1663 ἀγαθὸν.

2176 1686 2266 1763 ᾼιὸ
2325 1686 2575 1754 ἀγαπᾶτε
2626 1686 2832 1748 πάντας
2856 1686 3007 1755 ὑμῶν
3044 1689 3169 1749 τοὺς
3221 1687 3483 1757 ἀδελφοὺς
3536 1692 3768 1757 σεμνοῖς,

2176 1758 2271 1832 ΞΞι
2303 1778 2591 1849 ἐλεήμοσιν
2619 1777 2934 1847 ὀφθαλμοῖς,
2970 1781 3084 1841 τοῖς
3117 1779 3214 1848 μὲν
3261 1782 3513 1850 ὀρφανοῖς
3542 1783 3771 1834 ποιοῦν-

495 1870 659 1924 dibus
690 1870 884 1933 oculis,
931 1868 1194 1939 orphanis
1243 1868 1465 1938 quidem
1526 1878 1842 1939 parentum,
1885 1870 2067 1925 viduis

2179 1887 2260 1932 τες
2313 1868 2384 1922 τὰ
2440 1869 2665 1938 γονέων,
2722 1872 2843 1932 ταῖς
2879 1869 2935 1922 δὲ
2986 1872 3183 1940 χήραις
3222 1871 3289 1923 τὰ
3321 1871 3549 1942 ἀνδρῶν,
3588 1874 3769 1941 παρέ-

492 1971 678 2015 autem
738 1962 981 2016 virorum
1033 1976 1220 2017 curam
1253 1961 1570 2017 exhibentes
1622 1974 1648 2002 ι
1700 2003 1715 2027 ,

1772 1962 2076 2031 praebentes

2177 1979 2361 2033 χοντες
2396 1960 2533 2029 μετά
2589 1961 2770 2033 πάσης
2810 1962 3146 2033 εὐφροσύνης
3176 1963 3219 1996 ⁸⁵
3250 1962 3349 2026 τὰς
3386 1966 3617 2034 τροφάς’
3646 1970 3769 2029 τοῖς

496 2052 815 2107 alimoniam
852 2068 977 2107 cum
1023 2056 1173 2108 omni
1224 2054 1547 2108 liberalitate
1587 2072 1600 2120 ;
1636 2064 1793 2109 aetate
1845 2054 2069 2123 vigenti-

2179 2056 2433 2127 ἀκμαίοις
2479 2056 2605 2118 τοὺς
2664 2055 2895 2125 γάμους,
2932 2055 3167 2117 καὶτοῖς
3199 2056 3377 2108 αὐτῶν
3429 2056 3680 2126 ἀτέχνοις
3716 2059 3767 2089 *⁸

491 2144 596 2199 bus
646 2144 965 2213 coniugium
1018 2144 1408 2213 providentes;
1451 2154 1615 2215 atque
1659 2148 1799 2199 inter
1832 2146 1955 2199 illos
2006 2145 2074 2200 iis

492 2236 587 2305 qui
636 2245 811 2290 artem
856 2236 1132 2303 nesciunt,
1191 2236 1484 2291 commenti
1524 2252 1618 2304 per
1649 2237 1773 2289 vitze
1818 2237 2073 2290 instituta

493 2327 818 2382 occasiones
848 2328 915 2381 ad
955 2328 1182 2382 vivendi
1233 2329 1617 2385 necessitatem
1648 2345 1664 2394 ;
1694 2330 1890 2383 artifici
1942 2344 2073 2398 ope-

480 2433 631 2483 nm,
655 2417 821 2473 debili
848 2418 1305 2474 misericordiam.

566 2508 659 2565 IX.
701 2510 829 2566 Scio
863 2522 1045 2565 autem
1083 2527 1181 2567 vos
1206 2512 1319 2567 haec
1343 2511 1605 2577 facturos,
1641 2513 1804 2568 modo
1828 2513 2069 2569 charita-

476 2612 601 2656 ‘tem
634 2613 815 2657 vestra
857 2603 913 2657 in
962 2612 1144 2658 mente
1200 2605 1499 2660 statueritis
1535 2624 1548 2658 :
1586 2606 1653 2659 ad
1690 2621 1854 2676 quam
1899 2607 2073 2661 intro-

492 2694 795 2749 ducendam
827 2710 968 2749 unus
988 2703 1071 2749 est
1088 2695 1282 2749 modus
1295 2695 1763 2762 accommodatus,
1788 2712 1989 2751 mensa:
2016 2704 2072 2751 et

482 2786 626 2839 salis
656 2787 709 2839 in
736 2802 1027 2841 commune
1079 2788 1373 2856 perceptio.
1424 2786 1607 2853 Quare
1666 2788 1880 2843 studete
1928 2788 2070 2842 inter

494 2893 596 2931 vos
658 2878 1003 2946 frequentius
1058 2879 1305 2933 convivia
1365 2879 1591 2949 agitare,
1653 2889 1917 2950 quantum
1971 2896 2072 2949 po-

480 2968 672 3031 'testis,
731 2984 799 3023 ne
842 2970 1165 3024 charitatem
1214 2970 1479 3025 amittatis
1520 2990 1532 3024 :
1567 2987 1731 3027 causa
1788 2973 1935 3027 enim
1984 2980 2071 3027 est

494 3059 885 3125 beneﬁcentiae,
921 3060 1275 3116 beneficentia
1311 3077 1439 3117 vero
1470 3063 1684 3118 salutis.
1714 3062 1912 3118 Cuncti
1939 3077 2069 3133 ergo

494 3152 711 3207 cunctis
740 3152 795 3205 in
822 3151 932 3207 Deo
955 3151 1218 3209 fratribus
1262 3169 1609 3209 communem
1654 3164 1895 3209 vestrum
1926 3170 2067 3223 pra:-

2172 2147 2261 2201 διὰ
2290 2147 2397 2200 τῶν
2430 2146 2872 2217 ἐπιτηδευμάτων
2929 2148 3266 2217 ἐννοούμενοι
3319 2148 3418 2210 τὰς
3451 2148 3767 2219 προφάσεις

2172 2239 2274 2309 τῆς
2331 2238 2634 2306 ἀναγκαίας
2704 2239 2930 2309 τροφῆς·
2992 2238 3207 2309 τεχνίτῃ
3274 2238 3451 2309 ἔργον,
3532 2240 3768 2312 ἀδρανεῖ

2175 2330 2341 2394 ἔλεος.

2244 2509 2334 2566 IX.
2378 2506 2507 2563 Οἶδα
2535 2510 2592 2562 δὲ
2620 2508 2793 2562 ταῦτα
2822 2510 3068 2581 ποιήσειν
3116 2510 3279 2580 ὑμᾶς,
3311 2511 3403 2562 ἐὰν
3430 2510 3654 2580 ἀγάπην
3676 2514 3767 2575 είς

2171 2603 2263 2658 τὸν
2321 2604 2581 2675 ὑμέτερον
2643 2601 2893 2673 ίδρύσητε
2951 2602 3095 2666 νοῦν,
3129 2602 3269 2672 πρὸς
3292 2601 3347 2653 δὲ
3378 2603 3474 2671 τὴν
3508 2603 3551 2634 ’⁷
3582 2605 3768 2672 αὐτῆς

2172 2697 2375 2750 εἴσοδον
2408 2697 2504 2767 μία
2522 2695 2606 2758 τίς
2636 2696 2782 2747 ἐστιν
2815 2695 2973 2765 ἱκανὴ
3019 2694 3311 2765 πρόφασις,
3337 2695 3433 2764 ἡ⁹⁸
3457 2696 3611 2766 κοινὴ
3644 2696 3767 2746 τῶν

2172 2790 2315 2843 ἀλῶν
2359 2788 2673 2859 μετάληψις.
2710 2787 2799 2863 ᾼιὸ
2844 2786 3168 2849 σπουδάζετε
3218 2787 3545 2857 πυκνότερον
3597 2788 3767 2839 συνέ-

2173 2898 2308 2933 στιοι
2341 2880 2581 2951 ἀλλήλων
2614 2879 2874 2947 γίνεσθαι,
2915 2878 2989 2941 ὡς
3010 2878 3259 2941 δύνασθε,
3303 2879 3450 2941 ὅπως
3476 2879 3648 2950 αὐτὴν
3674 2880 3767 2950 μὴ

2170 2972 2796 3044 ἀπεμπολήσητε·αίτία
2849 2971 2957 3041 γάρ
3008 2972 3123 3024 ἐστι
3175 2973 3273 3041 τῆς
3328 2969 3592 3035 εὐποιίας,
3629 2973 3663 3041 ἡ
3698 2972 3768 3025 δὲ

2170 3066 2389 3119 εὐποιία
2428 3066 2526 3135 τῆς
2576 3065 2869 3134 σωτηρίας.
2932 3065 3158 3127 Κοινοῦς
3208 3059 3301 3117 οὖν
3359 3064 3558 3126 πάντες
3616 3066 3767 3117 πᾶσι

2175 3156 2277 3225 17
2315 3160 2427 3219 τοῖς
2460 3154 2599 3209 κατά
2641 3154 2773 3208 Θεὸν
2818 3154 3063 3224 ἀδελφοῖς
3090 3155 3215 3218 τοὺς
3244 3155 3453 3208 ἑαυτῶν
3482 3156 3766 3226 παρέχετε

495 3243 617 3298 bete
638 3244 864 3309 victum,
890 3243 1122 3298 scientes
1143 3245 1311 3315 quod,
1332 3246 1653 3316 temporalia
1682 3246 1883 3311 dando,
1909 3254 2069 3299 :eter-

2179 3248 2343 3317 βίους,
2401 3248 2599 3310 εἰδότες
2647 3248 2749 3309 ὅτι,
2789 3248 3099 3317 πρόσκαιρα
3149 3247 3503 3318 δωρούμενοι,
3554 3245 3767 3301 αἰώνια

482 3352 564 3392 πο
588 3336 1009 3406 consequimini.
1043 3335 1211 3392 Multo
1257 3339 1431 3409 magis
1480 3338 1683 3393 nutrite
1737 3338 2064 3403 esurientes,

588 3465 613 3493 ιι
664 3452 827 3506 Eccli.
863 3468 936 3517 Iv,
977 3450 1063 3503 I0.

2173 3337 2424 3410 λήψεσθε.
2483 3338 2668 3409 Πολλῷ
2732 3338 2929 3408 μᾶλλον
2988 3339 3287 3403 πεινῶντας
3344 3341 3594 3412 τρέφετε,
3654 3342 3763 3394 καὶ

1665 3538 2225 3594 INTERP-RETATIO
2268 3539 2529 3595 RUFINI.

568 3703 708 3760 VIII.
752 3704 980 3776 Idcirco
1008 3704 1172 3776 igitur
1197 3713 1323 3776 ante
1352 3703 1536 3776 omnia
1570 3703 1969 3776 sobrietatiset
2005 3702 2289 3776 pudicitiae
2319 3701 2748 3776 sollicitudinem
2779 3703 2969 3769 gerite.
2990 3774 2999 3776 _
3024 3701 3191 3758 Valde
3216 3704 3361 3759 enim
3390 3704 3531 3775 apud
3556 3704 3749 3763 Deum

496 3794 660 3847 grave
702 3777 912 3830 crimen
954 3773 1174 3847 ducitur
1205 3775 1495 3847 fornicatio
1528 3790 1540 3825 :
1574 3774 1972 3847 cujus_speci_es_
2016 3782 2145 3847 sunt
2199 3773 2419 3847 quidem
2472 3774 2675 3847 plures,
2708 3774 2851 3847 sicut
2904 3786 2955 3828 et
2988 3774 3102 3847 ipse
3148 3776 3301 3829 vobis
3328 3773 3575 3831 Clemens
3613 3778 3755 3831 (iiIi-

497 3842 687 3916 genter
708 3854 959 3915 exponet.
995 3845 1383 3901 Verumtamen
1411 3845 1587 3913 prima
1608 3844 1817 3912 species
1848 3842 2101 3896 adulterii
2130 3851 2233 3916 est,
2293 3843 2467 3916 virum
2496 3844 2713 3911 propria
2751 3842 3093 3916 solummodo
3123 3860 3293 3898 uxore
3326 3860 3433 3898 non
3463 3861 3582 3899 esse
3614 3863 3761 3902 con-

497 3910 733 3981 feutum,
754 3910 803 3970 e't
846 3916 1132 3971 mulierem
1164 3932 1267 3970 non
1292 3910 1514 3984 proprio
1550 3910 1763 3968 tantum
1803 3928 2025 3984 servare
2063 3928 2119 3984 se
2142 3914 2279 3966 viro.
2312 3910 2369 3966 Si
2395 3910 2525 3982 ergo
2553 3910 2736 3967 castus
2760 3913 3084 3984 fueritquis,
3104 3924 3280 3984 potest
3307 3925 3359 3968 et
3390 3916 3665 3971 humanus
3696 3929 3761 3971 et

490 3987 816 4041 misericors
834 3986 972 4049 fieri,
1006 4002 1101 4056 per
1124 3982 1345 4056 quodet
1378 3982 1492 4056 ipse
1520 3995 1776 4056 aeternam
1814 3998 1843 4036 a
1881 3982 1991 4037 Deo
2026 3983 2461 4056 misericordiam
2494 3994 2883 4056 consequatur.
2948 3982 3263 4056 Salie'sicut
3288 3986 3613 4039 adulterium
3647 4003 3718 4039 ve
3742 4018 3755 4026 -

489 4066 703 4111 "nenum
733 4057 949 4111 cunctis
985 4052 1536 4124 malis'perniciosius
1555 4065 1637 4108 cst
1666 4092 1680 4115 ,
1729 4054 1799 4107 ita
1850 4069 2006 4124 amor
2060 4052 2334 4106 fraternus
2362 4062 2416 4105 et
2469 4052 2708 4109 Charitas
2764 4055 2931 4108 totius
2965 4054 3091 4107 boui
3142 4054 3418 4124 fastigium
3466 4064 3630 4110 tenet.
3682 4056 3760 4111 Et

499 4127 622 4183 ideo
653 4126 865 4195 diligite
898 4142 1091 4181 omnes
1116 4123 1311 4179 fratres
1336 4135 1569 4195 vestros,
1605 4132 1806 4195 etcum
1855 4123 2119 4193 religione
2159 4132 2210 4195 et
2245 4124 2619 4195 misericordia
2669 4124 2915 4195 respicite
2948 4125 3015 4176 ad
3045 4140 3253 4177 omnes.
3294 4123 3563 4191 Orplianis
3587 4128 3759 4180 exhi-

498 4197 621 4251 bete
649 4193 1015 4265 vosmetipsos
1049 4205 1323 4266 parentes.
1378 4193 1590 4266 Yiduis,
1635 4193 1882 4247 virorum
1944 4208 2139 4266 curam
2174 4193 2490 4266 impendite,
2526 4209 2650 4266 cum
2674 4194 2824 4266 omni
2868 4195 3122 4266 castitate
3153 4194 3585 4266 (σωφροσύνης),
3624 4212 3759 4264 quae

496 4268 808 4321 necessaria
841 4262 971 4320 sunt
1008 4262 1332 4336 praebentes.
1378 4262 1635 4318 Juuiorcs
1690 4273 1870 4336 tamen
1904 4263 2272 4336 viduas('.aI;_
2316 4263 2604 4334 ἀκμαίαις)
2644 4264 2847 4332 nuptiis
2898 4265 3164 4331 copulate.
3222 4262 3317 4317 llis
3358 4265 3448 4336 qui
3486 4262 3763 4334 ignorant

494 4337 750 4402 artiﬁcia,
785 4332 1344 4405 exquiritchonestas
1367 4336 1578 4403 aliquas
1610 4332 2177 4405 occasiones,_quibus
2226 4333 2427 4387 victum
2483 4332 2853 4388 necessarium
2911 4342 3206 4403 quaerant:
3255 4332 3557 4389 artificibus
3613 4351 3757 4389 vero

496 4420 721 4476 Operam
739 4401 1052 4475 'prov‘idete,
1083 4406 1356 4460 debilibus
1372 4401 1823 4476 inlisericordiam
1857 4401 2041 4476 facile.

573 4475 663 4531 IX.
700 4472 827 4531 Scio
866 4488 1047 4531 autem
1086 4476 1201 4529 haec
1234 4475 1419 4528 omnia
1457 4474 1699 4528 facturos
1740 4489 1859 4537 vos,
1908 4474 1951 4526 si
1994 4472 2315 4525 charitatem
2363 4486 2477 4540 pra:
2503 4473 2711 4528 caeteris
2740 4483 2795 4527 et
2855 4482 2981 4527 aute
3026 4474 3209 4527 omnia
3257 4473 3311 4527 in
3353 4482 3535 4528 vestro
3580 4474 3762 4529 corde

496 4546 676 4617 ligatis
717 4546 919 4615 :cujus
955 4546 1238 4617 charitatis
1270 4555 1325 4599 et
1377 4545 1701 4613 recipieudtr
1727 4554 1781 4597 et
1822 4541 2089 4617 habenda;
2138 4558 2437 4617 niaximum
2468 4546 2574 4617 erit
2618 4544 2939 4608 fomentum,
2975 4542 3020 4597 si
3077 4544 3388 4617 frequenter
3426 4544 3563 4617 inter
3623 4559 3761 4599 vos-

498 4610 764 4685 metipsos
786 4610 1131 4671 communem
1158 4616 1339 4669 cibum
1369 4610 1626 4685 vestrum
1667 4628 2025 4682 mensamque
2065 4610 2323 4685 faciﬁatisa
2371 4611 2436 4665 Et
2467 4614 2519 4666 in
2550 4624 2817 4685 quantum
2869 4610 3249 4685 unusquisque
3312 4615 3583 4681 praevalet,
3637 4629 3763 4668 ore

498 4681 657 4741 brius
689 4702 857 4755 panes
882 4702 947 4740 ac
975 4686 1119 4741 sales
1144 4700 1275 4740 suos
1303 4701 1426 4739 cum
1457 4685 1574 4738 suis
1608 4683 1868 4755 fratribus
1906 4681 2105 4755 sumat.
2160 4681 2263 4755 Per
2292 4682 2426 4755 Abaec
2471 4685 2615 4736 enim
2666 4684 2933 4755 praecipue
2984 4681 3223 4755 cliaritas
3269 4693 3624 4755 comparatur
3646 4726 3660 4746 ,
3696 4696 3760 4739 et

497 4770 668 4811 causa
690 4750 866 4810 'totius
884 4757 1011 4810 boni
1040 4758 1091 4809 in
1112 4755 1426 4822 hujusmodi
1457 4754 1845 4808 communione
1875 4753 2144 4806 consistit.
2203 4750 2303 4806 Ubi
2338 4762 2521 4806 autem
2564 4750 2677 4821 pax’
2700 4764 2753 4807 et
2792 4750 3026 4817 bonitas,
3068 4754 3140 4807 ibi
3195 4762 3249 4805 et
3279 4750 3449 4806 salus.
3517 4752 3759 4822 Propter

498 4827 645 4895 quod
672 4842 993 4880 communes
1026 4826 1185 4879 facite
1218 4826 1370 4895 cibos
1404 4834 1637 4886 vestros,
1663 4839 1787 4877 cum
1824 4823 1908 4876 lllS
1938 4824 2032 4890 qui
2055 4822 2358 4895 secundum
2397 4822 2572 4895 Deum,
2592 4822 2789 4876 fratres
2812 4832 2971 4895 sunt;
2998 4824 3127 4890 quia
3156 4838 3255 4891 per
3285 4822 3399 4876 haec
3429 4825 3760 4895 temporalia

497 4891 699 4960 ollicia,
726 4896 877 4964 pacis
903 4906 956 4950 et
980 4894 1587 4959 charitatis-fructibus,
1617 4894 1815 4963 gaudia
1849 4902 2051 4946 aeterna
2077 4892 2443 4964 merebimini.
2469 4891 2635 4946 Multo
2660 4903 2840 4964 autem
2870 4894 3160 4946 sollicitius
3181 4894 3487 4945 esurientes
3517 4892 3759 4957 reﬁcite,

424 5006 429 5011 -
498 4976 556 5021 et
578 4962 889 5021 sitientibus
910 4974 1096 5034 potum
1131 4967 1275 5029 date,
1304 4966 1465 5018 nudis
1496 4962 1879 5019 vestimentum
1903 4981 1918 5027 ;
1942 4978 2117 5030 aegros
2150 4962 2400 5034 visitate;
2433 4972 2624 5034 et_eos,
2657 4963 2750 5030 qui
2785 4964 2839 5015 in
2862 4978 3080 5017 carcere
3112 4973 3269 5034 sunt,
3291 4974 3451 5034 prout
3474 4964 3758 5030 possibile

498 5036 825 5105 est,juvate;
848 5031 1165 5105 peregrinos
1178 5035 1311 5089 satis
1330 5044 1575 5104 prompte
1600 5035 1654 5088 in
1673 5034 1927 5105 domibus
1948 5034 2147 5087 vestris
2166 5032 2447 5105 suscipite.
2474 5031 2623 5105 Etne
2646 5035 2829 5086 omnia
2853 5048 2997 5087 nunc
3017 5032 3333 5105 singillatim
3364 5032 3563 5105 dicam,
3581 5047 3761 5105 omne

497 5101 729 5170 bonum,
750 5101 866 5175 ipsa
892 5101 1070 5175 per'se
1089 5107 1134 5175 si
1157 5106 1213 5158 in
1242 5101 1396 5160 vobis
1426 5101 1590 5159 fuerit
1610 5105 1872 5170 Charitas,
1893 5101 2072 5158 facere
2097 5118 2195 5158 vos
2219 5104 2473 5158 docebit:
2508 5103 2652 5157 sicut
2679 5118 2711 5157 e
2740 5105 3021 5157 contrario
3046 5118 3163 5168 eos,
3194 5102 3290 5171 qui
3316 5116 3348 5155 a
3380 5102 3557 5156 salute
3582 5104 3761 5157 alieni

427 5197 434 5205 ·
498 5186 651 5244 sunt,
679 5174 841 5231 omne
870 5174 1303 5243 malumfacere,
1334 5176 1519 5230 odium
1553 5175 1731 5230 docet.

1820 5328 2056 5385 VARUE
2095 5326 2495 5383 LECTIONES.

558 5487 663 5566 "Q
690 5486 885 5566 c._Rttf.
920 5488 1283 5566 perfruemmj,
1307 5486 1752 5566 ἀπολαύοντεςρ-
1818 5488 1863 5519 ³ο
1877 5486 2133 5566 ἕκδλητύς
2165 5487 2280 5566 ἐστι
2312 5484 2375 5539 Ο.
2452 5486 2496 5517 ⁹¹
2528 5484 2605 5540 Ita
2639 5486 2683 5540 0
2704 5486 2890 5540 etcod.
2912 5484 3045 5566 Reg.
3070 5482 3195 5565 ξοι,
3216 5482 3501 5566 δώσητελϐ.
3540 5481 3758 5566 subin-

499 5562 565 5617 de
595 5562 645 5613 ει
691 5559 869 5621 πῶςΟ
902 5556 957 5615 et
982 5556 1141 5625 Ruf.,
1183 5561 1255 5630 μή
1307 5578 1421 5623 πως
1454 5560 1516 5613 C.

1623 5557 1667 5587 ⁸⁸
1698 5558 1754 5610 δέ
1808 5574 1919 5611 om.
1956 5552 2040 5621 Ο,’
2081 5560 2135 5610 in
2196 5557 2305 5625 cuj.
2357 5572 2547 5627 marg.
2583 5573 2733 5611 man.
2788 5572 2896 5610 rec.
2953 5552 3122 5627 ἐντῷ
3176 5560 3227 5627 ς
3256 5552 3391 5627 τῶν-
3420 5552 3756 5627 Διατάξεων,

495 5648 621 5701 κεφ.
648 5637 753 5704 κη’.
826 5631 881 5704 ’δέ
894 5631 985 5704 τόν
1018 5630 1077 5686 C.
1128 5623 1376 5704 “ﬂabra
1404 5632 1496 5704 καὶ
1521 5627 1687 5681 κακόν
1708 5627 1770 5693 Ο,
1795 5630 1888 5704 qui
1932 5628 2095 5704 paulo
2125 5623 2641 5704 ppst_'om.‘dyct_96v.
2660 5625 3144 5704 --π-σωφροσύνης
3179 5623 3535 5704 I’tufgldcmi
3568 5623 3756 5701 jupiu:

500 5692 589 5756 res
621 5692 803 5756 tamen
838 5702 1031 5755 viduas
1060 5692 1265 5770 nuptiis
1312 5692 1583 5770 copulate,
1629 5717 1650 5750 ι
1720 5692 1834 5752 nasi
1868 5692 2057 5768 legerit
2087 5692 2206 5759 ταῖς
2234 5692 2499 5767 ἁκμαίαις
2524 5698 2581 5750 ὃ.
2659 5697 2704 5728 ’⁸
2726 5692 2934 5758 τέκνοις
2963 5695 3007 5749 Ο
3046 5692 3247 5749 θέροθ.
3284 5694 3387 5747 80f
3408 5702 3460 5747 ct
3492 5692 3756 5745 'I'urriani

503 5772 660 5821 libro.
694 5770 985 5821 Vulgatam
1026 5772 1153 5821 lect.
1176 5773 1398 5821 exhibet
1428 5782 1481 5821 et
1518 5768 1642 5821 Ruf.
1678 5716 1752 5821 Ίιι
1786 5766 2316 5821 mara.0ttoboniani
2348 5785 2362 5821 :
2399 5768 2456 5819 ἐν
2505 5768 2583 5821 τῷ
2615 5774 2654 5819 ν’
2679 5784 2801 5821 κεφ.
2827 5766 2890 5821 B'.
2968 5767 3010 5797 '7
3046 5766 3145 5821 τῆς
3184 5766 3242 5817 Cl
3274 5806 3288 5821 .
3312 5779 3475 5821 ouem
3516 5762 3556 5817 S
3605 5768 3756 5816 male

503 5772 660 5827 libro.
694 5770 985 5841 Vulgatam
1026 5772 1153 5826 lect.
1176 5773 1398 5825 exhibet
1428 5782 1481 5825 et
1518 5770 1597 5822 [tu

1720 5786 1752 5821 ιι
1786 5766 2321 5834 marg.0ttoboniani
2348 5785 2362 5821 :
2399 5768 2456 5819 ἐν
2505 5768 2583 5836 τῷ
2615 5774 2654 5819 ν’
2679 5784 2801 5835 κεφ.
2826 5766 2890 5835 β’.

2968 5767 3010 5797 ⁵⁷
3046 5766 3145 5835 τῆς
3184 5766 3242 5817 Cl
3274 5806 3288 5830 ,
3312 5779 3475 5834 quem
3516 5762 3556 5817 S
3605 5768 3758 5816 male

497 5841 783 5902 confundit
806 5836 870 5896 ὀς
913 5842 1035 5898 (Σοί.
1109 5841 1156 5876 ’⁸
1187 5846 1220 5913 ἡ
1254 5842 1485 5896 accessit
1535 5856 1601 5895 εν
1635 5837 1701 5895 0.
1738 5838 1940 5895 Deinde
1974 5838 2119 5894 ἁλῶν
2151 5836 2196 5892 0
2236 5848 2289 5892 et
2340 5838 2462 5893 cod.
2502 5836 2628 5901 804,
2680 5837 2852 5891 ἄλλων
2894 5837 2935 5890 C
2980 5836 3035 5889 in
3071 5844 3239 5889 textu.
