3868 6212
97 368 171 423 43
849 363 1315 421 CLEMENTI‘NA.
1354 395 1424 404 —
1459 361 1798 419 EPISTULA
1837 363 2229 420 CLEMENTIS
2265 364 2358 420 AD
2386 363 2723 423 JACOBUM.
3299 369 3369 425 46

94 485 293 555 διψῶσι
324 484 592 556 παρέχετε
625 483 789 536 ποτὸν
813 484 881 547 ”,
904 485 1132 554 γυμνοῖς
1181 482 1405 552 ἔνδυμα,
1458 481 1584 544 τοὺς
1608 497 1694 533 νο-

1806 489 1852 533 et
1897 479 2214 535 sitientibus
2271 488 2458 549 potum
2525 480 2669 545 date,
2720 479 2883 535 nudis
2942 481 3368 550 indumentum;

96 579 329 640 σοῦντας
389 576 806 639 ὲπισκέπτεσθε,
864 579 977 639 τοῖς
1006 577 1063 628 ὲν
1094 576 1364 643 φυλακαῖς
1412 575 1692 643 ἐπιφαινό-

96 688 251 741 μενοι
270 670 365 730 ⁸⁸⁸,
389 670 464 731 ὡς
486 668 739 733 δύνασθε,
762 667 1030 738 βοηθεῖτε,
1060 670 1187 730 τοὺς
1211 665 1398 731 ξένους
1423 666 1560 736 μετὰ
1588 666 1692 719 πά-

94 780 198 833 σης
230 761 546 833 προθυμίας
578 762 660 823 εἰς
706 761 835 821 τοὺς
888 759 1095 813 ἑαυτῶν
1142 759 1325 820 οἴκους
1362 758 1689 827 λαμϐάνετε.

92 855 263 927 Πλὴν,
295 854 387 906 ἵνα
420 854 496 924 μὴ
516 853 577 905 τὸ
593 853 715 905 κατ’
748 848 888 915 εἶδος
918 851 1083 919 λέγω,
1115 854 1223 905 πᾶν
1252 850 1472 921 καλὸνή
1506 851 1692 919 φιλαν-

92 928 316 1016 θρωπία
350 945 498 1015 ὑμεῖς
539 946 714 997 ποιεῖν
760 943 982 1009 διδάξει,
1029 943 1218 1015 ὥσπερ
1248 944 1281 1013 ἡ
1310 942 1694 1014 μισανθρωπία

89 1041 207 1099 τοῖς
240 1037 316 1107 μὴ
353 1036 700 1107 βουλομένοις
734 1034 1003 1100 σώζεσθαι
1034 1036 1133 1107 τὴν
1154 1032 1535 1107 κακοπραξίαν
1570 1037 1695 1088 ὑπο-

89 1128 393 1181 δείκνυσιν.

164 1219 237 1273 Χ.
280 1221 348 1271 Οἱ
384 1218 691 1291 πράγματα
729 1218 947 1289 ἔχοντες
999 1218 1218 1287 ἀδελφοὶ
1262 1219 1356 1271 ἐπὶ
1404 1218 1513 1271 τῶν
1544 1214 1694 1282 ἐξου-

69 1312 230 1363 ’σιῶν
261 1311 549 1381 κοσμικῶν
581 1313 597 1342 ¹
632 1311 707 1382 μὴ
737 1310 1131 1382 κρινέσθωσαν,
1172 1310 1285 1363 ἀλλ’
1317 1310 1421 1363 ὑπὸ
1452 1309 1561 1362 τῶν
1592 1310 1695 1381 τῆς

103 1402 311 1474 Ἐκκλη
321 1402 443 1465 σίας
460 1402 844 1474 πρεσϐυτέριον
860 1402 971 1473 (59)
991 1420 1054 1454 συ
1062 1401 1515 1473 μϐιϐαζέσθωσαν
1533 1403 1698 1457 παντὶ

88 1495 307 1565 τρόπῳ,
362 1494 595 1563 ἑτοίμως
631 1494 814 1557 αὐτοῖς
872 1494 1203 1565 πειθόμενοι.
1263 1494 1410 1565 Πλὴν
1462 1495 1557 1548 καὶ
1596 1497 1696 1567 τὴν

90 1587 417 1652 πλεονεξίαν
450 1585 623 1649 οὕτως
654 1585 905 1654 φεύγετε,
948 1586 1024 1651 ὡς
1056 1586 1328 1658 προφάσει
1360 1587 1694 1659 προσκαίρου

89 1678 329 1749 κέᾳῖους
356 1678 465 1729 ἀπὸ
492 1677 600 1729 τῶν
628 1677 860 1731 αἰωνίων
894 1677 1115 1745 ἀγαθῶν
1174 1678 1404 1749 ζημιοῦν
1458 1679 1696 1749 δυναμέν

90 1788 215 1838 νην.
250 1770 429 1838 Ζυγά,
470 1769 666 1841 μέτρα,
705 1769 945 1839 σταθμία
978 1772 1018 1833 ⁸,
1054 1769 1122 1823 τά
1148 1770 1258 1822 τῶν
1308 1770 1491 1841 ροπῶν
1511 1770 1698 1825 δίκαια

1795 580 2032 641 :egrotos
2082 571 2302 626 visitate
2333 588 2349 635 ;
2382 572 2451 626 iis
2491 572 2587 640 qui
2630 572 2687 626 in
2742 587 2963 627 carcere
3021 583 3151 628 sunt
3199 575 3374 629 inter-

1796 662 2075 718 venientes
2103 680 2203 734 pro
2227 665 2441 720 viribus
2472 666 2779 721 succurrite
2810 686 2823 733 ;
2860 668 3177 737 peregrinos
3220 668 3375 726 omni

1796 764 1919 806 cum
1951 754 2233 810 alacritate
2258 755 2313 809 in
2340 757 2596 811 domibus
2619 757 2817 813 vestris
2850 757 3131 826 suscipite.
3167 756 3373 813 Verum

1796 858 1863 897 ue
1891 843 2207 914 singulatim
2250 846 2454 912 dicam,
2478 863 2641 903 omne
2692 848 2897 902 bonum
2927 857 2986 903 ut
3029 848 3245 904 faciatis
3275 850 3376 904 do~

1796 934 1939 988 cebit
1960 950 2058 989 vos
2095 937 2339 993 charitas
2388 953 2518 1009 erga
2573 936 2825 993 homines
2861 958 2875 1006 ;
2909 941 3372 1009 quemadmodum

1796 1026 1940 1094 apud
1977 1041 2093 1093 eos,
2142 1028 2235 1097 qui
2279 1029 2415 1083 salvi
2458 1044 2580 1084 esse
2623 1027 2843 1097 nolunt,
2902 1031 3087 1086 odium
3114 1047 3243 1103 erga
3271 1031 3371 1088 ho-

1798 1117 1976 1173 mines
2007 1119 2149 1173 male
2176 1134 2332 1189 agere
2358 1107 2648 1190 suggeritf

1868 1218 1938 1274 X.
1980 1219 2197 1275 Fratres
2244 1222 2339 1290 qui
2366 1221 2493 1276 lites
2524 1222 2749 1287 habent,
2778 1222 2921 1291 apud
2953 1232 3250 1293 potestates
3275 1240 3376 1280 sae-

1798 1311 1909 1366 culi
1938 1327 2048 1365 non
2085 1311 2420 1380 iudicentur,
2474 1312 2568 1367 sed
2617 1312 2688 1366 ab
2736 1311 2994 1367 Ecclesiae
3040 1315 3376 1385 presbyteris

1798 1404 2158 1459 concilientur
2212 1418 2541 1473 quocunque
2611 1404 2797 1469 modo,
2866 1405 3069 1473 quibus
3123 1416 3375 1476 prompte

1799 1496 2073 1551 obediant.
2123 1495 2204 1550 Ad
2256 1495 2372 1550 haec
2427 1495 2711 1549 avaritiam
2760 1496 2834 1550 ita
2884 1494 3075 1566 fugite,
3130 1506 3191 1552 ut
3247 1514 3373 1568 quae

1800 1588 2095 1642 occasione
2124 1587 2442 1656 temporalis
2469 1586 2608 1641 lucri
2641 1587 2816 1656 possit
2843 1588 3060 1643 atternis
3082 1588 3242 1644 bonis
3272 1590 3379 1660 pri-

1799 1692 1950 1733 vare.
1986 1677 2251 1743 Stateras,
2283 1694 2594 1743 mensuras,
2620 1678 2811 1745 libras,
2846 1680 3091 1749 pondera
3116 1679 3264 1751 justa
3290 1696 3379 1738 se-

1800 1771 1930 1825 dulo
1960 1768 2230 1824 custodite
2259 1787 2275 1831 ;
2303 1769 2358 1823 in
2389 1768 2652 1838 depositis
2698 1769 2835 1825 bene
2884 1784 2982 1824 vos
3012 1771 3181 1839 gerite
3210 1787 3276 1827 ac
3308 1774 3378 1828 ll—

89 1835 382 1931 ὲπιμελῶς
420 1835 743 1929 φυλάσσετε,
776 1835 912 1930 προς
956 1862 1056 1926 τὰς
1100 1835 1574 1935 παρακαταθήκας
1617 1865 1698 1917 εύ-

1806 1856 2011 1911 deliter.
2039 1855 2215 1926 Atque
2247 1856 2361 1910 haec
2385 1864 2440 1909 et
2459 1835 2664 1911 similia
2703 1873 2879 1927 usque
2905 1858 2974 1913 ad
3010 1835 3171 1915 linem
3199 1860 3380 1919 facere

90 1955 455 2022 γνωμονεῖτε.
512 1952 660 2029 Πλὴν
686 1953 857 2006 ταῦτα
885 1955 979 2006 καὶ
1004 1956 1073 2007 τὰ
1100 1954 1310 2018 τούτοις
1342 1956 1700 2027 παραπλήσια

94 2043 265 2114 μέχρι
320 2044 512 2107 τέλους
584 2048 760 2098 ποιεῖν
833 2046 1179 2116 ὑπομενεῖτε,
1244 2046 1339 2099 ἐὰν
1399 2046 1700 2118 ἀχώριστον

96 2137 329 2205 μνήμην
367 2136 498 2206 περὶ
526 2137 626 2207 τῆς
661 2138 725 2189 ὲκ
753 2137 887 2190 Θεοῦ
919 2137 1212 2209 γινομένης
1238 2138 1471 2210 κρίσεως
1500 2139 1557 2191 ὲν
1583 2141 1702 2203 ταῖς

95 2229 355 2299 καρδίαις
376 2228 560 2300 ἔχητε.
589 2229 685 2293 Τίς
705 2228 814 2300 γάρ
847 2229 913 2283 ἂν
936 2230 1252 2301 ἁμαρτήσῃ,
1286 2230 1703 2303 πεπληροφορη-

100 2321 308 2391 μένος³
338 2322 423 2374 ὅτι
470 2322 537 2375 ὲκ
594 2322 731 2375 Θεοῦ
786 2323 1023 2387 δικαίου,
1079 2321 1174 2375 τοῦ
1234 2322 1329 2376 νῦν
1366 2324 1472 2395 18
1499 2324 1703 2394 μόνουδ

102 2412 471 2484 μακροθύμου
502 2414 595 2467 καὶ
624 2414 855 2482 ἀγαθοῦ,
888 2414 982 2467 ἐπὶ
1008 2416 1075 2485 τῇ
1105 2414 1199 2467 τοῦ
1248 2414 1366 2485 βίου
1424 2416 1704 2485 συντελείᾳ

98 2506 313 2575 ὡρίσθη
368 2506 623 2576 γενέσθαι
647 2507 667 2538 ⁸
698 2507 899 2577 κρίσις,
954 2506 1042 2559 ἵνα
1083 2507 1133 2559 οἱ
1163 2506 1358 2575 ἀγαθοὶ
1390 2507 1484 2560 τοῦ
1512 2506 1702 2561 λοιποῦ

100 2590 206 2649 τῶν
238 2599 575 2669 ἀπορρήτων
628 2597 849 2666 ἀγαθῶν
906 2599 1094 2661 ἀῖδὶως
1136 2597 1536 2665 ἀπολαύσωσιν,
1564 2600 1613 2652 οἱ
1643 2599 1701 2653 δὲ

102 2692 427 2764 ἁμαρτωλοὶ
487 2690 804 2762 εὐρεθέντες
848 2690 924 2755 ῶς
952 2690 1135 2753 κακοὶ,
1163 2690 1478 2763 ἀπορρήτου
1539 2691 1703 2745 κολά-

104 2801 242 2846 σεως
288 2782 632 2847 τεύξωνται⁶
661 2782 751 2834 τὸν
799 2782 988 2836 αἰῶνα.
1038 2782 1151 2835 Καὶ
1180 2782 1354 2835 ταῦτα
1401 2783 1500 2854 μὲν
1532 2782 1705 2846 οὕτως

102 2874 268 2943 ιχειν,
300 2876 354 2927 εί
385 2875 462 2945 μὴ
495 2876 522 2928 ὁ
543 2874 645 2945 τῆς
667 2873 926 2944 ἀληθείας
970 2877 1254 2947 προφήτης
1287 2875 1527 2947 ἐνόρκως
1552 2876 1703 2946 εἰρήο

100 2983 187 3020 κει
218 2969 236 2996 "
265 2967 513 3029 ἔσεσθαι,
545 2967 689 3038 τάχα
719 2968 784 3021 ἂν
814 2968 1035 3037 εὔλογον
1054 2963 1122 3040 ἦν
1146 2968 1525 3040 ἀμφιϐάλλειν.

175 3082 264 3135 .\'l.
296 3084 405 3161 Αιὸ
440 3085 719 3155 προφήτου
770 3083 1005 3154 ἀληθοῦς
1032 3083 1055 3115 ⁸
1086 3083 1239 3147 ὄντες
1280 3083 1538 3156 μαθηταὶ,
1568 3084 1703 3137 ἀπο-

1802 1947 2163 2013 sustinebitis,
2220 1947 2369 2001 side
2417 1945 2603 2002 futuro
2648 1964 2745 2018 per
2794 1948 2966 2003 Deum
3018 1951 3226 2020 judicio
3266 1968 3381 2007 me»

1801 2038 2033 2092 moriam
2087 2046 2403 2108 perpetuam
2464 2040 2628 2095 corde
2681 2042 2987 2097 retineatis.
3043 2042 3178 2110 Quis
3229 2046 3374 2100 enim

1802 2138 2011 2199 peccet,
2065 2138 2217 2184 certo
2270 2144 2573 2198 persuasus
2620 2132 2764 2200 quod
2810 2148 2841 2187 a
2894 2132 3003 2188 Deo
3055 2134 3241 2205 justo;
3281 2138 3378 2207 qui

1803 2238 1951 2276 nunc
2002 2222 2155 2277 solus
2194 2222 2407 2292 patiens
2433 2232 2489 2277 et
2538 2224 2718 2277 bonus
2764 2232 2867 2289 est,
2910 2225 2965 2279 in
3020 2241 3378 2282 consumma-

1804 2312 1953 2366 tione
2008 2312 2193 2367 saeculi
2236 2311 2504 2380 judicium
2550 2311 2671 2367 fore
2698 2312 2979 2369 deﬁnitum
3012 2326 3096 2370 est
3122 2317 3144 2369 ?
3171 2326 3230 2371 ut
3248 2317 3380 2371 boni

1804 2404 2059 2474 deinceps
2085 2403 2456 2459 ineﬂ'abilibus
2490 2405 2651 2459 bonis
2678 2414 2945 2475 perpetuo
2979 2406 3259 2477 fruantur;
3283 2409 3379 2478 qui

1802 2511 1934 2550 vero
2005 2504 2322 2565 peccatores
2379 2497 2586 2551 inventi
2639 2496 2867 2566 fuerint,
2922 2508 3183 2570 tanquam
3241 2502 3376 2557 mali

1807 2584 2160 2639 inenarrabili
2218 2585 2488 2655 supplicio
2536 2586 2844 2642 atliciantur
2877 2587 2932 2642 in
2959 2589 3378 2659 sempiternum.

1804 2675 1872 2731 Et
1896 2676 1996 2731 ista
2040 2677 2259 2746 quidem
2309 2676 2387 2731 ita
2415 2692 2474 2731 se
2510 2677 2733 2743 habere,
2797 2678 2904 2734 nisi
2954 2680 3198 2736 veritatis
3246 2695 3347 2749 pro
3366 2715 3380 2720 η

1805 2770 1965 2841 pheta
2018 2768 2264 2824 futurum
2309 2768 2668 2840 jurejurando
2720 2770 3064 2835 afﬁrmasset,
3117 2770 3384 2843 forte-par

1806 2870 1923 2914 crat
1949 2860 2216 2914 dubitare.

1877 3085 1967 3137 XI.
2011 3083 2278 3150 Quocirca
2308 3097 2432 3137 cum
2463 3082 2583 3138 sitis
2609 3083 2723 3138 veri
2772 3085 3055 3154 propheta:
3104 3085 3381 3155 discipuli,

102 3173 321 3243 θέμενοι
356 3175 459 3245 τὴν
519 3174 787 3243 διχόνοιαν
832 3175 890 3241 ἐξ
926 3170 995 3246 ἦς
1025 3174 1234 3243 γίνεται
1268 3176 1302 3246 ή
1331 3175 1698 3247 κακοπραξία,

1808 3178 2053 3247 deposita
2104 3178 2453 3233 vacillatione
2500 3176 2691 3241 animi,
2740 3191 2808 3231 ex
2859 3193 2964 3247 qua
3021 3179 3163 3234 mala
3217 3196 3385 3250 opera

101 3265 409 3334 προθύμως
442 3265 507 3317 τὸ
540 3266 779 3319 εὐποιεῖν
818 3266 1169 3332 ἀναδέξασθε.
1208 3267 1270 3320 Εἰ
1298 3266 1355 3320 δὲ
1412 3268 1541 3339 περὶ
1593 3269 1703 3321 τῶν

105 3358 416 3427 είρημένων
482 3358 699 3411 ἔσεσθαι
756 3358 1088 3430 ἀμφιϐάλλει
1151 3376 1236 3422 τις
1269 3359 1445 3430 ὑμῶν,
1496 3360 1570 3431 μὴ
1617 3364 1701 3413 αἱ-

1809 3272 2082 3333 oriuntur,
2122 3270 2378 3325 alacriter
2428 3271 2568 3325 bene
2622 3283 2784 3339 agere
2826 3269 3069 3339 recipite.
3131 3269 3289 3336 Quod
3334 3272 3381 3327 si

1808 3363 1952 3416 circa
1984 3378 2047 3416 ea
2084 3378 2205 3431 quas
2237 3360 2420 3417 futura
2450 3361 2691 3417 diximus
2720 3361 2923 3431 aliquis
2978 3371 3217 3417 vestrum
3264 3378 3384 3417 am-

1312 3494 1877 3552 INTERPRETATIO
1919 3494 2175 3552 RUFlNl.

172 3586 245 3640 Χ.
274 3585 337 3660 S_i
356 3586 451 3660 qui
490 3603 573 3660 ex
608 3587 869 3660 fratribus
895 3589 1111 3659 negotia
1139 3590 1498 3644 habentinter
1524 3606 1605 3653 se,
1631 3592 1774 3660 apud
1803 3591 2112 3659 cognitores
2141 3591 2325 3645 saeculi
2355 3605 2464 3644 non
2495 3588 2831 3659 iudicentur,
2865 3588 2958 3644 sed
2983 3591 3122 3658 apud
3152 3590 3381 3660 presby-

104 3668 254 3711 teros
285 3656 552 3729 Ecclesiae
593 3659 857 3727 quidquid
886 3656 1016 3713 illud
1048 3670 1132 3714 est
1151 3662 1463 3717 dirimatur.
1491 3672 1545 3715 et
1574 3656 1723 3714 omni
1756 3656 1921 3715 modo
1952 3662 2207 3715 obediaut
2240 3662 2455 3714 statutis
2476 3656 2688 3714 eorum.
2716 3660 2920 3729 .Super
2963 3656 3161 3713 omnia
3203 3656 3384 3715 autem

106 3727 406 3780 avaritiam
438 3727 629 3796 fugite,
652 3745 773 3798 quae
801 3730 1075 3793 homines,
1104 3731 1399 3785 occasione
1428 3733 1713 3797 praesentis
1735 3732 1896 3793 lucri,
1926 3732 1995 3785 ab
2028 3731 2246 3785 aeternis
2275 3740 2492 3799 separat
2536 3730 2714 3783 bonis.
2773 3727 3041 3799 Pendera,
3071 3745 3380 3794 mensuras,

104 3807 371 3871 stateras,
396 3813 496 3865 pro
522 3800 657 3871 locis
693 3800 914 3871 (τόπων)
945 3801 1258 3869 quibusque
1303 3801 1617 3869 aequissima
1673 3802 1976 3867 custodite;
2010 3801 2256 3870 deposita
2286 3798 2515 3871 fideliter
2536 3799 2824 3855 restituite.
2866 3798 3014 3871 Quae.
3056 3801 3240 3871 omnia
3264 3844 3299 3871 ,ν
3333 3811 3389 3855 et

104 3869 150 3941 si
197 3879 480 3941 quaAsunt
526 3868 634 3941 his
664 3868 904 3935 similia,
957 3871 1030 3923 ita
1080 3868 1298 3923 demum
1344 3868 1575 3925 sollicite
1606 3880 1661 3925 et
1707 3873 1996 3941 diligenter
2026 3868 2360 3940 implebitis,
2410 3872 2455 3925 si
2488 3870 2731 3923 futurum
2786 3870 2875 3924 Dei
2922 3870 3213 3939 judicium,
3260 3870 3383 3941 sine

103 3937 568 4011 intermissione,
624 3939 679 4011 in
714 3947 898 4011 vestro
925 3940 1092 3994 corde
1141 3941 1395 3994 volvatis.
1465 3941 1601 4006 Quis
1645 3942 1790 3995 enim
1811 3937 2060 4011 "peccare
2108 3937 2306 4011 poterit
2353 3941 2397 3994 si
2437 3954 2654 4007 semper
2699 3949 2825 3993 ante
2886 3937 3076 3995 oculos
3129 3955 3258 3995 suos
3290 3940 3386 3995 Dei

99 4007 385 4076 judicium
438 4017 605 4081 ponat
626 4009 823 4081 {quod
848 4010 902 4063 in
932 4011 1039 4063 line
1055 4011 1244 4063 mundi
1270 4020 1477 4064 certum
1497 4021 1582 4065 est
1609 4007 1950 4080 agitandum,
1982 4024 2042 4065 ut
2069 4007 2287 4065 tandem
2309 4011 2403 4081 qui
2447 4012 2502 4064 in
2531 4012 2632 4081 hac
2668 4012 2779 4064 vita
2811 4011 2945 4064 bene
2976 4026 3152 4081 egere,
3186 4024 3386 4065 conse-

146 4088 362 4130 uantur
390 4080 633 4146 reposita
654 4080 797 4133 bona
829 4096 844 4143 ;
878 4090 1195 4148 peccatores
1227 4089 1408 4133 autem
1433 4090 1494 4134 ut
1519 4092 1928 4150 consequantur
1956 4089 2290 4151 praaparatas
2315 4080 2369 4135 et
2398 4080 2712 4134 reconditas
2737 4095 2950 4149 ptenas.
2985 4080 3059 4133 De.
3078 4081 3277 4151 quibus
3308 4081 3386 4134 ita

101 4092 365 4201 gulurum
402 4148 657 4201 dubitare
699 4150 926 4201 omnino
955 4165 1064 4201 non
1100 4166 1433 4201 possumus:
1486 4151 1758 4201 siquidem
1804 4152 1921 4201 haec
1970 4152 2157 4201 omnia
2188 4151 2261 4201 ita
2294 4166 2417 4201 esse
2442 4159 2695 4201 ventura.
2728 4166 2891 4201 verus
2932 4151 3089 4201 nobis
3121 4151 3385 4201 oronheta

130 4160 365 4271 ngam
395 4148 657 4229 dubitare
699 4150 926 4203 omnino
955 4165 1064 4203 non
1098 4166 1433 4220 possumus;
1486 4148 1758 4221 siquidem
1804 4152 1921 4206 haec
1957 4148 2157 4205 omnia
2188 4151 2261 4204 ita
2294 4166 2417 4206 esse
2442 4159 2695 4225 ventura.
2728 4166 2891 4205 verus
2932 4148 3385 4220 nobis—propheta

130 4232 172 4270 ιι·
266 4226 457 4271 ιιετιι.

126 4219 457 4271 'rardixerit.

103 4232 482 4360 "affigit;
518 4296 729 4360 et_vos,
756 4289 847 4359 qui
882 4289 1015 4344 estis
1062 4289 1173 4343 veri
1198 4291 1476 4358 prophetae
1500 4290 1781 4360 discipuli,
1814 4291 2033 4360 abjicite
2062 4306 2092 4346 a
2119 4292 2378 4345 cordibus
2409 4290 2607 4345 vestris
2658 4299 2783 4344 ante
2812 4290 3020 4354 omnia,
3069 4290 3379 4345 discordias

103 4367 161 4412 et
214 4358 535 4412 animorum
569 4358 984 4431 dissensiones,
1016 4373 1079 4412 ex
1128 4362 1332 4431 quibus
1363 4376 1525 4414 omne
1555 4358 1693 4430 opus
1739 4358 1943 4416 malum
1969 4362 2232 4430 procedit,
2260 4370 2314 4415 et
2336 4361 2723 4431 benignitatem
2751 4377 2814 4414 ac
2846 4361 3248 4429 simplicitatem
3272 4369 3383 4414 tota

105 4435 319 4500 mente}
350 4438 590 4482 servate.
642 4428 797 4494 Quod
832 4431 878 4484 si
909 4428 1050 4482 forte
1097 4430 1334 4498 alicujus
1372 4447 1488 4494 cor,
1522 4428 1606 4484 vel
1639 4433 1797 4498 livor,
1822 4434 1908 4486 vel
1940 4428 2250 4496 inﬁdelitas,
2289 4434 2373 4485 vel
2405 4428 2627 4500 aliquod
2683 4432 2887 4485 malum
2921 4428 2987 4484 ex
3019 4432 3104 4484 his
3138 4444 3261 4500 quae
3290 4446 3384 4484 su-

181 4499 304 4571 rius
354 4500 824 4571 memoravimus,
873 4501 1107 4571 latenter
1157 4501 1484 4569 irrepserit,
1544 4518 1653 4555 non
1713 4504 2006 4557 erubescat
2040 4503 2135 4571 qui
2187 4502 2385 4555 animae
2410 4516 2524 4555 suae
2573 4516 2765 4556 curam
2801 4501 2942 4570 gerit
2977 4499 3221 4555 conltteri
3268 4501 3384 4554 haec

128 4568 239 4622 iuic
301 4569 400 4639 qui
451 4578 681 4638 praeest,
731 4578 789 4622 ut
841 4571 909 4623 ab
950 4570 1071 4639 ipso
1122 4585 1218 4638 per
1274 4568 1500 4625 verbum
1554 4572 1683 4637 Dei,
1736 4582 1789 4626 et
1837 4568 2126 4627 consilium
2173 4571 2397 4626 salubre
2451 4582 2710 4636 curetur;
2760 4568 2870 4640 quo
2926 4573 3101 4639 possit
3146 4572 3250 4624 ﬁde
3300 4572 3383 4624 iu-

109 4646 260 4708 tegra
292 4681 307 4705 ,
359 4648 415 4691 et
460 4641 718 4709 operibus
760 4640 955 4705 bonis,
1000 4654 1193 4709 pinnas
1240 4642 1431 4694 aeterni
1481 4642 1624 4711 ignis
1670 4642 1949 4712 eﬂ'ugere,
1978 4651 2032 4695 et
2080 4642 2147 4695 ad
2190 4651 2464 4711 perpetua:
2512 4642 2639 4695 vita).
2693 4640 2916 4710 prsentia
2968 4642 3273 4711 pervenire.

1447 4755 1682 4809 νΑιιιίΕ
1717 4754 2117 4810 LECTlONES.

180 4850 226 4881 ”
257 4848 427 4902 πότον
473 4846 540 4925 0_.
599 4848 715 4903 Cir.
771 4848 931 4925 Hom.
986 4849 1200 4925 "1,69.
1316 4852 1385 4925 ¹⁰γ⁰
1435 4851 1525 4906 Ita
1566 4852 1621 4925 70
1667 4872 1684 4907 :
1732 4853 2052 4923 Legebamus
2116 4854 2347 4922 primum
2368 4854 2791 4925 ἐπιφερόμενοι,
2824 4856 2914 4909 sed
2958 4856 3173 4925 propius
3210 4854 3387 4925 ἔγειρε-ς

115 4931 197 4995 cia
256 4936 363 4972 ms.
425 4920 702 4995 scriptum
727 4936 837 4995 esse
890 4920 1321 4995 deprehendim_u_s
1353 4924 1730 4995 ἐπιφενόμενοι
1760 4920 2300 4995 ριῖοίὲπιφαινόμενοι
2332 4920 2497 4995 Δ(ιιιοιῖ
2528 4920 2732 4978 exhibet
2786 4926 2903 4980 cod.
2937 4920 3064 4989 804,
3092 4938 3249 4994 utque
3284 4923 3385 4995 legi

116 4991 299 5064 riguere
342 5000 497 5064 patet
525 4996 589 5043 ei:
617 4990 853 5064 epistolae
875 5000 1068 5064 nostra:
1097 5007 1210 5058 cap.
1247 4992 1334 5051 12,
1359 5003 1418 5064 _et
1449 4990 1513 5046 ex
1545 4990 1701 5045 Hom.
1741 4990 1816 5057 att,
1855 4994 1907 5064 4;
1940 4990 2036 5056 xtl,
2070 4990 2162 5048 3‘2:
2188 4994 2250 5049 C.
2300 4992 2345 5064 77‘
2371 4990 2654 5064 κοσμικῶν
2707 4996 2931 5064 adjunxi
2970 5011 3037 5049 ex
3093 4990 3266 5063 marg.
3316 4990 3383 5064 Ο,

120 5062 205 5113 nbi
239 5060 515 5134 scriptum
568 5069 651 5134 est
674 5077 710 5134 έ-
729 5060 1094 5134 Ἴ-σωςλείπει
1124 5062 1429 5134 κοσμικῶν
1461 5064 1707 5134 κατὰτὸ
1740 5065 1801 5134 ἐν
1823 5063 1901 5134 τέ)
1933 5081 2057 5132 κεφ.
2098 5071 2190 5134 μςθ
2228 5063 2322 5134 τοῦ
2355 5063 2399 5133 β’
2454 5060 2657 5133 βιϐλίου
2700 5060 2809 5118 τῶν
2846 5066 3170 5131 Διατάξεων.
3220 5060 3387 5130 Ἀριιά

123 5117 415 5199 cognitore:
437 5129 640 5183 swculi.
674 5127 802 5183 Ruf.
840 5117 1153 5204 C'lraliom.
1188 5117 1270 5191 ui.
1298 5132 1386 5186 69.
1465 5135 1486 5164 ²
1512 5133 1749 5203 στάθμια
1770 5117 2045 5187 (Fretum
2075 5117 2253 5188 locum
2290 5117 2521 5188 Ruﬁnus
2556 5136 2629 5187 ita
2666 5117 3053 5204 interpretato}
3085 5153 3096 5187 :
3129 5117 3383 5203 pondera,

119 5216 419 5275 mensuras,
462 5209 712 5275 stateras,
752 5202 1010 5275 pro_locis
1030 5203 1325 5275 quibusque
1350 5202 1958 5275 tequissimacustodile,
2004 5205 2145 5258 unde
2171 5212 2393 5275 apparet.
2438 5219 2535 5275 pro
2571 5205 2755 5275 ροπῶν
2789 5202 2982 5275 legisse
3017 5222 3141 5259 eum
3181 5205 3383 5275 τόπων,

119 5271 262 5339 quod
289 5270 436 5347 idem
471 5270 634 5347 estin
668 5271 788 5347 cod.
847 5268 975 5347 Reg.
1024 5268 1129 5323 804
1176 5268 1328 5347 (etin
1359 5268 1777 5347 O)._Cotelerius
1818 5290 1923 5347 non
1970 5283 2094 5341 post
2154 5268 2412 5347 σταθμία,
2439 5268 2699 5347 ised'post
2753 5268 2949 5347 (5076(1)?
2982 5274 3323 5347 interpunxit
3368 5290 3381 5325 :

118 5356 215 5414 ego
244 5339 317 5414 τὰ
350 5340 460 5414 τῶν
492 5340 674 5414 ροπῶν
700 5340 886 5392 δίκαια
928 5342 980 5394 in
1004 5356 1173 5414 unum
1206 5344 1487 5410 conjunxi.
1522 5345 1579 5396 ὃ.
1660 5339 2275 5414 ’πεπληρωφορημένος
2294 5339 2360 5397 Ο.
2436 5343 2458 5373 ⁵
2492 5339 2651 5413 μόνου
2688 5339 2830 5398 Ιιιιύίὶ
2864 5344 3026 5399 dubie
3061 5339 3383 5399 mutandum

119 5410 175 5463 in
204 5412 391 5484 μόνον.
430 5410 488 5484 lu
530 5410 631 5464 hoc
653 5420 871 5484 tantum
902 5426 1037 5484 azvo,
1064 5412 1139 5484 ait
1180 5414 1657 5484 auctorepistolaa,
1692 5410 1912 5484 Deusse
1946 5410 2163 5484 exhibet
2187 5410 2538 5484 μακρόθυμον
2576 5415 2670 5484 καξι
2698 5415 2919 5484 ἀγαθόν,
2968 5417 3021 5468 in
3047 5417 3218 5484 altero
3241 5482 3248 5484 Α
3269 5427 3386 5484 aevo

119 5480 399 5535 exercchit
424 5480 787 5552 δικαιοσύνην.
822 5479 879 5533 S.
955 5481 978 5513 ⁵
1010 5481 1260 5549 γενέσθαι
1286 5479 1495 5553 ὡρίσθη
1527 5483 1589 5537 C.
1666 5484 1685 5513 ⁶
1717 5481 1996 5545 τεύξονται
2024 5481 2089 5537 Ο.
2166 5479 2520 5555 τείρήνηςῸ.
2597 5484 2619 5515 ⁸
2648 5479 2802 5540 1ωό
2837 5501 2887 5541 c.
2922 5482 3291 5555 Ruf.,dt).q0t‘og
3317 5480 3359 5535 C

1440 5594 1800 5655 VARIORUM
1837 5599 2074 5655 ΝΟΤᾹΣ.

182 5706 293 5772 (‘59)
312 5708 447 5759 Ὑπὸ
670 5710 1104 5777 πρεσϐυτέρων.
1121 5709 1235 5765 Hoc
1251 5710 1426 5777 ipsum
1444 5709 1703 5766 Clement.

128 5775 318 5850 homil.
352 5779 409 5844 5,
442 5792 580 5850 cap.
611 5778 701 5850 67,
743 5779 817 5833 ita
878 5775 1181 5849 explicatur
1209 5800 1221 5835 :
1255 5775 1313 5835 Si
1345 5781 1587 5850 (fratresi
1638 5783 1704 5834 de

128 5846 195 5899 iis
236 5849 293 5904 in
339 5847 530 5920 quibus
565 5848 766 5921 injuria
812 5846 1130 5922 aﬁciantur,
1180 5846 1394 5921 cupiant
1436 5851 1698 5921 judlt'at't,

1814 5719 1953 5785 apud
1976 5719 2303 5788 presbyteros
2328 5717 2699 5781 concilientur,
2736 5725 2786 5788 ει
2812 5712 3098 5784 presbyteri
3130 5713 3385 5771 concilia~

1815 5792 2004 5843 tionem
2036 5791 2102 5845 ad
2134 5786 2432 5859 episcopum
2466 5789 2716 5843 re’erant.
2742 5786 2914 5842 Cour.
