3868 6212
515 352 578 406 ὅτ
1397 361 1455 417 S.
1496 358 1879 416 CLEMENTIS
1913 359 1933 415 I
1974 361 2067 417 1&0

2182 360 2385 418 PONT.
2416 361 2653 415 OI'I'ZRA
2686 363 2907 420 DL'BIA.
3702 373 3795 428 ιε

510 474 672 545 Liglt,
705 488 811 528 non
842 474 1146 531 erubescat
1201 477 1469 543 conﬁteri,
1525 480 1571 532 si
1622 479 1841 549 quidem
1894 495 2067 534 curan

2192 478 2403 541 δεσθεὶς
2434 478 2771 550 ὁμολογήτω,
2806 480 2966 552 εῐπερ
2996 480 3095 551 τῆς
3132 479 3295 535 αὑτοῦ
3344 483 3615 553 φροντίζει
3671 487 3799 552 ψιε-

514 566 679 621 liabet
714 569 912 623 anima:
942 584 1078 633 sum,
1130 579 1183 623 et
1233 571 1587 644 a_prteposito
1644 572 1880 625 satisfiet
1939 572 2082 642 ipsi;

511 662 596 714 sin
624 675 756 716 vero
780 671 923 716 recte
970 662 1219 727 credidit,
1257 664 1538 718 conﬁdens
1575 663 1741 729 vivat,
1794 664 1950 732 quasi
1991 665 2084 733 qui

512 768 768 823 magnum
842 753 1317 808 condemnationis
1372 754 1549 825 ignem
1604 754 1873 824 eﬂugerit,
1926 763 1981 808 et
2029 755 2083 809 in

507 855 768 897 aeternum
804 844 1075 898 bonorum
1110 843 1204 899 Dei
1229 860 1459 916 regnum
1494 844 1566 899 sit
1590 845 1960 915 ingressurus.

579 972 693 1027 XII.
735 971 909 1027 Porro
936 972 1192 1028 Ecclesiae
1224 972 1441 1028 diaconi
1472 973 1731 1042 episcnpo
1772 974 1905 1038 sint,
1946 974 2083 1029 scite

504 1066 832 1128 oirerrando,
885 1066 1074 1130 oculi;
1119 1065 1459 1134 singulorum
1492 1064 1751 1119 Ecclesim
1796 1065 2080 1119 hominum

503 1170 666 1223 opera
720 1164 1150 1225 perscrutantes,
1200 1155 1327 1225 quis
1380 1164 1603 1225 peccato
1652 1156 1938 1225 proximus
1987 1157 2079 1219 sit,

501 1262 611 1316 quo
654 1263 685 1302 a
721 1249 951 1318 praeside
1007 1249 1380 1307 admonitione
1425 1258 1733 1320 praeventus
1793 1256 2079 1318 peccatum

500 1338 641 1393 forte
669 1354 778 1393 non
804 1341 1069 1409 perticiat.
1124 1341 1381 1399 Ecclesiae
1427 1344 1735 1398 desertores
1774 1342 2075 1413 corrigunt,

498 1437 559 1481 ut
592 1446 697 1483 non
727 1430 997 1485 desistant
1026 1435 1342 1504 congregati
1392 1432 1585 1488 audire
1619 1448 1924 1497 sermones,
1967 1450 2078 1503 quo

494 1522 667 1575 animi
726 1524 1027 1590 molestias,
1077 1541 1201 1594 quae
1248 1526 1454 1596 passim
1499 1525 1653 1581 cordi
1688 1540 1757 1579 ex
1785 1525 2077 1580 mundanis

482 1618 721 1672 oeasibus
743 1627 796 1673 et
822 1620 1004 1688 pravis
1049 1619 1338 1690 colloquiis
1379 1619 1646 1680 incidunt,
1705 1618 1873 1672 verbo
1933 1618 2077 1672 veri-

478 1706 623 1761 ftatis
650 1707 865 1777 possint
895 1723 1130 1780 purgare
1161 1727 1175 1775 ;
1204 1708 1250 1763 si
1280 1708 1480 1763 etenim
1508 1706 1681 1761 multo
1722 1714 1967 1775 tempore
1991 1706 2047 1759 in
2072 1734 2077 1739 -

2189 573 2308 642 χῆς,
2354 572 2446 625 καὶ
2505 569 2611 624 ὑπὸ
2660 571 2754 625 τοῦ
2807 572 3147 642 προεστῶτος
3197 574 3794 646 πληροφορηοήσετιι.

2188 665 2237 715 εἰ
2272 664 2317 716 δ’
2348 662 2525 735 ὀρθῶς
2577 664 2929 725 πεπίστευκε,
2988 663 3206 735 θαρῤὦν
3260 664 3644 725 πολιτευέσθω,
3700 668 3799 733 ὡς

2190 754 2333 823 μέγα
2362 754 2659 825 καταδίκης
2691 755 2801 826 πῦρ
2828 754 3042 824 φεύγων
3072 756 3166 810 καὶ
3189 758 3270 819 εἰς
3308 756 3477 811 ἀΐδιον
3509 758 3743 825 ἀγαθῶν
3769 760 3795 791 ⁸

2186 844 2320 897 Θεοῦ
2352 845 2630 915 βασιλείαν
2660 847 2771 899 είσε
2782 847 3061 919 ρχόμενος.

2254 966 2368 1021 XII.
2411 969 2474 1021 Οί
2510 969 2608 1039 μὲν
2638 964 2730 1023 οὖν
2756 971 2855 1041 τῆς
2899 970 3223 1043 Ἑκκλησίας
3253 971 3489 1026 διάκονοι
3526 973 3619 1027 τοῦ
3650 975 3790 1027 ἐπι-

2186 1060 2406 1124 σκόπου,
2440 1060 2674 1125 συνετῶς
2704 1062 2748 1093 ¹⁰
2793 1062 3117 1134 ρεμϐόμενοι
3177 1063 3308 1135 (40),
3343 1064 3582 1119 εστωσαν
3621 1067 3674 1119 oi
3735 1068 3785 1099 ¹¹

2181 1151 2469 1223 ὀφθαλμοὶ,
2501 1152 2732 1206 ἑκάστου
2763 1155 2861 1225 τῆς
2893 1154 3221 1227 Ἐκκλησίας
3247 1155 3785 1229 πολυπραγμονοῦν-

2180 1259 2273 1306 τες
2304 1242 2404 1307 τάς
2431 1244 2678 1314 πράξεις,
2736 1246 2823 1308 τίς
2874 1246 3055 1317 μέλλει
3095 1248 3452 1320 ἁμαρτάνειν,
3482 1250 3590 1313 ἴνα,
3640 1268 3782 1305 νου-

2180 1332 2333 1406 θεσίᾳ
2356 1335 2723 1406 καταληφθεὶς
2744 1337 2849 1390 ὑπὸ
2878 1338 2973 1392 τοῦ
3005 1340 3495 1411 προκαθεζομένου,
3528 1343 3673 1413 τάχα
3707 1344 3781 1397 οὗ

2182 1426 2256 1498 μὴ
2288 1426 2480 1498 τελέσῃ
2503 1427 2545 1458 ¹¹
2574 1426 2634 1481 τὸ
2664 1428 2968 1501 ἁμάρτημα
2993 1446 3007 1460 ·
3069 1432 3195 1493 τοὺς
3253 1429 3613 1496 λειποτάατας
3642 1436 3783 1487 ἐπι-

2180 1517 2580 1587 στρεφέτωσαν,
2610 1518 2704 1571 τοῦ
2740 1520 2814 1590 μὴ
2854 1520 3152 1575 ἐπιλείπειν
3202 1522 3330 1585 τοὺς
3366 1522 3407 1553 ³³
3436 1525 3781 1595 συνερχομέ-

2178 1624 2300 1671 νους
2336 1608 2444 1662 τῶν
2495 1609 2667 1678 λόγων
2714 1611 3021 1676 ἐπακούειν,
3073 1614 3220 1676 ὅπως
3266 1614 3364 1676 τάς
3405 1614 3663 1667 ἑκάστοτε
3696 1619 3773 1684 τῇ

2177 1699 2375 1772 καρδίᾳ
2425 1703 2871 1773 προσπιπτούσας
2902 1703 3139 1775 ἀθυμίας
3172 1705 3234 1757 ἐκ
3260 1722 3319 1757 τε
3353 1705 3619 1776 βιωτικῶν
3656 1706 3779 1776 19

494 1798 627 1851 culti
671 1806 917 1863 manent,
971 1798 1113 1868 ignis
1151 1797 1379 1851 materia
1422 1794 1925 1861 Iiunt.Qu1'netiam
1955 1795 2067 1849 dia-

2181 1792 2550 1864 συμπτώσεων
2606 1795 2701 1849 καὶ
2738 1795 2962 1866 ὁμιλιῶν
3021 1796 3208 1850 κακῶν
3260 1796 3403 1867 λόγῳ
3433 1797 3476 1828 ¹⁸
3503 1796 3777 1869 ἀληθείας

494 1890 619 1943 coni
655 1904 887 1959 corpore
922 1904 1098 1960 aegros
1149 1888 1472 1959 perquirant
1514 1897 1567 1943 et
1598 1886 1872 1958 ignoranti
1926 1887 2067 1958 plebi

469 1981 752 2045 vindicent,
780 1992 841 2036 ut
864 1989 1161 2051 appareant
1188 1966 1351 2051 atque
1380 1979 1599 2033 visitent
1624 1997 1638 2044 ;
1661 1987 1716 2033 et
1757 1979 2067 2034 necessaria

490 2090 557 2127 ex
591 2073 841 2144 praesidis
898 2073 1170 2128 sententia
1220 2072 1523 2142 praebeant.
1567 2068 1680 2124 Hoc
1714 2085 1847 2124 vero
1872 2086 2068 2141 quani—

466 2164 727 2218 ‘visclam
752 2178 817 2216 eo
844 2162 1091 2228 fecerint,
1125 2178 1233 2215 non
1279 2161 1603 2232 peccabunt.
1650 2157 1759 2214 Ista
1810 2158 2064 2229 equidem

486 2267 540 2308 et
564 2256 671 2311 illis
702 2255 903 2311 similia
933 2254 1177 2310 diaconis
1205 2269 1351 2309 cura:
1374 2254 1502 2310 sint.

2176 1884 2537 1957 καθαίρεσθαι
2583 1887 2867 1941 δύνωνται’
2908 1888 3031 1941 ἐπεὶ
3086 1889 3214 1961 γὰρ,
3254 1888 3321 1943 ἂν
3346 1890 3519 1961 χρόνῳ
3574 1890 3774 1963 πολλῷ

2174 1978 2540 2049 χερσεύσωσιν
2571 1979 2633 2045 ⁸⁵,
2667 1980 2839 2051 πυρὸς
2896 1980 3057 2052 ἔργον
3103 1982 3359 2049 γίνονται.
3401 1984 3539 2047 Τοὺς
3568 1984 3629 2037 δὲ
3663 1986 3771 2038 καὶ

2175 2068 2316 2121 κατὰ
2392 2070 2572 2143 σάρκα
2650 2070 2941 2135 νοσοῦντας
3022 2072 3446 2143 μανθανέτωσαν
3511 2075 3608 2129 καὶ
3678 2078 3769 2146 τῷ

2172 2160 2451 2230 ἀγνοοῦντι
2507 2163 2697 2235 πλήθει
2750 2165 3383 2236 προσαντιδαλλέτωσαν,
3437 2168 3503 2220 ἶν’
3534 2168 3577 2198 ’⁸
3628 2170 3765 2220 ἐπι-

2175 2254 2486 2323 φαίνωνται,
2512 2257 2607 2309 καὶ
2635 2256 2705 2309 τά
2749 2257 2937 2311 δέοντα
2992 2256 3084 2310 ἐπὶ
3137 2261 3203 2329 τῇ
3266 2259 3360 2311 τοῦ
3422 2260 3767 2330 προκαθίζο-

490 2350 650 2419 μένου
694 2348 888 2421 γνώμῃ
943 2348 1353 2420 παρεχέτωσαν.
1412 2348 1585 2401 Τοῦτο
1636 2348 1693 2402 δὲ
1732 2347 1839 2402 κᾶν
1898 2346 2074 2419 λάθρα
2136 2348 2304 2401 αὐτοῦ
2386 2349 2639 2415 ποιῶσιν,
2692 2350 2791 2421 οὐχ
2845 2351 3250 2422 ἁμαρτάνουσιν
3311 2354 3374 2405 ⁸⁷.
3408 2352 3595 2407 Ταῦτα
3654 2354 3765 2425 μὲν

483 2442 576 2497 οὖν
632 2444 727 2498 καὶ
782 2442 852 2497 τὰ
888 2442 1098 2508 τούτοις
1152 2443 1311 2513 ὃμοια
1359 2443 1409 2496 oi.
1459 2442 1695 2496 διάκονοι
1757 2442 2147 2513 προνοήτωσαν
2178 2441 2243 2495 ⁸⁸.

550 2557 689 2612 XIII.
723 2556 826 2624 Qui
865 2558 1002 2613 alios
1031 2557 1088 2612 in
1128 2557 1392 2628 religione
1424 2556 1742 2624 instituunt,
1773 2556 1878 2626 ipsi
1906 2554 2063 2627 prius

464 2651 736 2706 *instructi
767 2650 905 2705 alios
936 2650 1213 2705 instruant
1240 2667 1255 2705 :
1286 2648 1415 2719 quia
1446 2648 1514 2704 de
1544 2648 1833 2703 hominum
1862 2647 2064 2703 animis

463 2743 682 2812 .agitur.
730 2739 952 2811 Oportet
979 2742 1182 2811 quippe
1218 2740 1285 2794 ad
1334 2740 1535 2795 multas
1562 2738 1893 2795 discentium
1932 2753 2061 2794 sen—

464 2835 681 2889 -‘tentias
708 2842 762 2887 et
798 2834 1108 2888 voluntates
1149 2832 1324 2902 aptari
1352 2848 1503 2899 eum,
1545 2831 1641 2902 qui
1694 2830 1923 2885 verbum
1962 2828 2059 2886 Dei

444 2962 445 2965 η
477 2927 863 2981 subministrat
907 2936 963 2982 et
1006 2925 1184 2981 docet.
1240 2923 1323 2980 Sit
1362 2940 1495 2996 ergo
1524 2939 1751 2979 necesse
1796 2932 1878 2978 est
1907 2930 2059 2978 cate-

462 3018 655 3073 «cbista
692 3018 843 3071 valde
864 3017 1081 3085 doctus,
1110 3016 1637 3087 irreprehensibilis,
1664 3016 1839 3069 multa
1860 3029 2059 3085 exper-

2237 2553 2379 2610 ΧΙΙΙ.
2414 2557 2478 2610 Oi
2507 2558 2869 2629 κατηχοῦντες
2896 2558 3115 2631 πρῶτον
3146 2557 3546 2629 κατηχηθέντες
3576 2577 3764 2629 κατι-

2166 2649 2422 2721 χήτωσαν
2464 2649 2526 2681 ¹⁹·
2558 2650 2639 2703 ὃτι
2686 2650 2815 2722 περὶ
2842 2649 3030 2721 ψυχῶν
3051 2651 3096 2682 ²⁰
3127 2649 3431 2721 ἀνθρώπων
3473 2649 3533 2703 τὸ
3561 2650 3757 2721 ἔργον·

2164 2740 2303 2812 πρὸς
2349 2739 2461 2813 γὰρ
2520 2739 2620 2805 τὰς
2667 2740 2868 2805 πολλὰς
2918 2742 3027 2795 τῶν
3091 2741 3468 2813 μανθανόντων
3520 2742 3761 2812 γνώμας

2166 2831 2599 2904 συναρμόξεσθαι
2636 2832 2717 2885 δεῖ
2743 2832 2835 2886 τὸν
2880 2831 2989 2885 τῶν
3016 2832 3187 2902 λόγων
3218 2834 3523 2906 ὑφηγητήν.
3572 2834 3679 2887 Πολ
3692 2854 3762 2886 υ-

2166 2924 2313 2995 μαθῆ
2344 2922 2437 2979 οὖν
2461 2925 2555 2979 καὶ
2588 2926 2974 2998 ἀνεπίληπτον,
3006 2926 3335 2998 πολύπειρον
3356 2928 3399 2959 ’ί
3428 2944 3489 2979 τε
3523 2926 3619 2981 καὶ
3650 2927 3761 2995 δῆ-

2160 3016 2251 3070 λον
2299 3018 2390 3071 τδν
2423 3017 2765 3090 κατηχοῦντα
2798 3015 2935 3073 εἶναι
2984 3020 3086 3084 δεῖ,
3137 3019 3213 3083 ὡς
3256 3020 3410 3074 αὐτοὶ
3456 3019 3667 3073 είσεσθε
3702 3022 3758 3052 ³³

1662 3129 2229 3188 INTERPRETATIO
2269 3130 2532 3187 RUFIM.

548 3225 662 3281 XII.
713 3225 937 3282 Diacoui
982 3244 1112 3281 vero
1142 3223 1436 3291 Ecclesim,
1467 3236 1731 3295 tanquam
1770 3226 1915 3280 oculi
1941 3225 2052 3281 sint
2087 3225 2366 3295 episcopi,
2410 3225 2734 3281 aberrantes
2771 3234 2827 3279 et
2868 3224 3380 3280 circnmtustréntes
3415 3228 3751 3295 conitere-

476 3298 675 3350 eundia
699 3338 715 3360 ,
753 3307 910 3351 actus
941 3299 1108 3351 totius
1146 3295 1404 3349 Ecclesia:
1428 3337 1443 3356 .
1476 3304 1531 3350 et
1556 3294 1971 3365 perscrutantes
1994 3294 2331 3365 diligentius,
2356 3296 2400 3350 si
2438 3311 2599 3365 quem
2637 3297 2860 3350 videant
2899 3296 3144 3350 vicinum
3174 3295 3289 3349 Iieri
3334 3294 3654 3364 praecipitio,
3687 3306 3753 3351 ct

468 3368 786 3435 proximum
820 3382 940 3421 esse
970 3374 1229 3437 peccato;
1261 3375 1321 3419 ut
1350 3366 1590 3419 referant
1613 3365 1729 3419 haec
1757 3366 1825 3437 ad
1856 3366 2199 3435 episcopum,
2222 3374 2289 3437 _u_t
2320 3365 2658 3437 commoneri
2686 3366 2755 3419 ab
2782 3382 2848 3419 eo
2869 3367 3045 3435 possit
3069 3367 3135 3429 is,
3162 3365 3270 3437 qui,
3289 3365 3340 3419 in
3373 3366 3749 3437 praecipitium

468 3434 732 3508 lapsurus
762 3446 865 3501 est,
895 3434 1289 3508 ut_revocetur
1317 3444 1371 3508 et
1398 3451 1507 3489 non
1537 3436 1842 3508 corruatuin
1887 3434 2189 3508 peccatum.
2222 3434 2651 3508 Negligentiores
2688 3434 2929 3508 quoque,
2958 3446 3011 3490 et
3056 3452 3151 3508 eos
3181 3434 3273 3504 Qui
3315 3436 3496 3489 rarius
3522 3436 3608 3491 ad
3636 3450 3752 3490 au-

474 3505 732 3561 diendum
762 3508 987 3561 verbum
1028 3506 1121 3559 Dei
1170 3506 1467 3567 accedunt,
1515 3520 1615 3559 nec
1653 3505 1899 3575 sollicite
1945 3506 2012 3559 ad
2053 3505 2294 3574 episcopi
2332 3514 2623 3559 tractatum
2693 3506 3061 3570 conveniunt,
3099 3506 3201 3575 ipsi
3248 3513 3636 3560 commoneant
3683 3518 3749 3562 et

475 3580 779 3633 hortentur.
811 3577 869 3631 Si
893 3578 1036 3631 enim
1069 3576 1276 3630 assidui
1302 3575 1413 3628 sint
1438 3575 1507 3629 ad
1536 3574 1872 3629 audiendum
1894 3618 1909 3641 ,
1940 3590 2049 3629 non
2088 3576 2267 3630 solum
2300 3576 2427 3629 vitaz
2455 3585 2670 3629 αξιοι-ηαξ
2697 3591 2763 3629 ex
2793 3577 2999 3629 salubri
3046 3574 3478 3630 commonitioue
3510 3578 3747 3645 capient

459 3649 649 3713 lucra,
688 3662 876 3701 verum
904 3655 959 3700 et
984 3660 1323 3716 quaecunque
1349 3645 1454 3699 illae
1474 3652 1603 3699 sunt
1629 3645 1871 3716 tristitia:
1905 3646 1988 3699 vel
2014 3661 2314 3716 maerores,
2346 3646 2438 3715 qui
2472 3662 2538 3699 ex
2568 3645 2853 3713 praisentis
2879 3647 3006 3699 vitae
3037 3646 3497 3709 necessitatibus,
3533 3658 3589 3716 et
3621 3648 3747 3701 cla-

473 3719 635 3771 .tibus
659 3727 968 3785 temporum
996 3714 1241 3777 veniunt,
1274 3730 1504 3783 quaeque
1535 3714 1805 3768 malorum
1840 3716 2191 3770 sermonibus
2215 3756 2231 3779 ,
2262 3714 2315 3768 in
2349 3716 2514 3769 corde
2555 3732 2655 3769 suo
2688 3717 2835 3769 velut
2875 3716 3056 3782 jacuia
3092 3718 3265 3769 delixa
3310 3714 3746 3785 circumferunt,

470 3788 801 3855 abjicientur
840 3788 1022 3840 omnia
1046 3825 1060 3846 .
1095 3785 1484 3855 praedicatione
1526 3785 1814 3849 veritatis,
1843 3794 1901 3855 et
1925 3785 2075 3855 vitae
2113 3795 2332 3839 aeternae
2367 3786 2618 3839 doctrina
2650 3794 2703 3839 et
2741 3787 3045 3839 eruditione
3090 3795 3338 3855 purgata.
3380 3787 3641 3855 Alioquin
3680 3793 3736 3841 si

473 3852 642 3911 inulto
670 3866 915 3925 tempore
945 3852 1191 3909 auditum
1220 3854 1546 3925 subtrahanﬁt
1578 3856 1809 3925 averbo
1843 3852 1958 3917 Dei,
1994 3864 2053 3908 ut
2085 3864 2407 3910 remaneant
2433 3856 2486 3908 in
2518 3855 2668 3909 cultu
2695 3856 2975 3918 vitiorum,
3005 3852 3123 3909 sine
3157 3852 3325 3910 dubio
3363 3852 3538 3924 spinis
3564 3870 3747 3913 erunt

468 3943 532 3981 ac
556 3924 802 3981 sentibus
829 3926 1113 3995 occupati:
1144 3937 1197 3978 et
1223 3924 1353 3993 quid
1379 3924 1679 3995 aliud,nisi
1710 3924 1778 3977 ad
1809 3925 2010 3993 ignem,
2035 3925 2162 3979 talis
2193 3925 2311 3980 haec
2340 3933 2485 3979 terra
2517 3926 2953 3994 praeparabitur?
2984 3925 3058 3979 De
3085 3926 3170 3978 his
3198 3941 3347 3994 ergo,
3372 3934 3429 3978 ut
3457 3926 3742 3993 diximus,

466 3996 790 4051 diaconibus
820 4011 954 4050 cura
978 3994 1079 4050 'sit.
1114 3994 1219 4047 Sed
1261 4002 1318 4048 et
1357 4009 1452 4065 eos
1482 3994 1576 4065 qui
1619 3995 1923 4065 secundum
1958 4010 2181 4049 carnem
2219 4004 2512 4065 aagrotant,
2543 3995 2776 4048 sollicite
2816 3995 3170 4064 perquirant,
3197 4006 3250 4049 et
3295 3995 3472 4065 plebi,
3504 3997 3546 4050 si
3585 3997 3744 4053 forte

467 4066 976 4137 ignorat,_indicent
1004 4066 1071 4119 de
1112 4065 1235 4137 bis;
1270 4072 1330 4117 ut
1354 4072 1408 4118 et
1442 4062 1545 4137 ipsi
1580 4064 1806 4137 visitent
1849 4077 1967 4137 eos,
1999 4073 2206 4137 etquae
2243 4062 2551 4137 necessaria
2586 4074 2717 4137 sun_t
2753 4062 3028 4133 priebeant
3065 4064 3146 4119 eis
3171 4106 3199 4137 ,γ
3225 4062 3741 4137 cuinconscientia

462 4132 584 4203 eius
629 4135 721 4205 qui
764 4144 987 4205 prmest;
1021 4134 1167 4203 quod
1213 4141 1394 4205 tamen
1415 4174 1430 4197 ,
1463 4132 1679 4205 etiamsi
1710 4133 1851 4205 _clam
1901 4133 2152 4205 fecerint,
2185 4149 2293 4187 non
2324 4134 2648 4205 peccabunt.
2680 4132 2783 4188 Sed
2813 4145 2868 4188 et
2896 4137 2961 4188 de
2991 4136 3294 4205 peregrinis
3314 4136 3584 4205 rsimiliter
3608 4140 3740 4205 epi-

465 4202 633 4275 seopo
647 4202 954 4275 suggerant
981 4202 1328 4268 refovendis;
1358 4210 1414 4257 et
1446 4212 1643 4257 caetera
1668 4202 1754 4257 his
1786 4204 2009 4268 similia,
2035 4219 2159 4272 quae
2189 4205 2257 4257 ad
2280 4202 2485 4258 cultum
2516 4203 2793 4265 Ecclesiae,
2826 4213 2881 4259 et
2901 4202 3244 4271 discplinaru
3274 4204 3395 4274 ejus
3421 4202 3735 4275 pertinent,

463 4276 711 4330 diaconis
748 4290 895 4329 cura:
922 4275 1053 4329 sint.

533 4344 671 4400 XIII.
713 4346 818 4410 Qui
850 4344 1211 4406 catecbizant,
1245 4342 1351 4396 hoc
1379 4350 1483 4405 est,
1515 4342 1607 4409 qui
1640 4341 1808 4393 verbo
1841 4340 2123 4395 instruunt
2152 4342 2511 4411 incipientes,
2538 4343 2716 4411 primo
2756 4351 2971 4411 oportet
3010 4351 3069 4395 ut
3114 4343 3216 4411 ipsi
3265 4343 3515 4398 instructi
3564 4345 3683 4399 sint
3716 4390 3734 4404 .

461 4417 527 4469 de
564 4417 745 4469 anima
780 4416 927 4469 enim
965 4414 1145 4483 agitur
1180 4412 1469 4466 hominum
1499 4420 1830 4483 :etoportct
1865 4426 1989 4463 eum
2017 4413 2112 4480 qui
2142 4412 2323 4483 docet,
2346 4422 2401 4465 et
2431 4414 2653 4467 instruit
2678 4414 2890 4466 animas
2920 4417 3104 4471 rudes.
3142 4428 3264 4466 esse
3296 4415 3481 4476 talem,
3517 4424 3577 4468 ut
3619 4432 3731 4483 pro

462 4486 681 4556 ingenio
712 4482 1041 4540 discentium
1075 4483 1431 4556 semetipsum
1461 4482 1639 4556 possit
1663 4489 1887 4556 aptare_,
1918 4489 1971 4533 et
1996 4483 2147 4556 verbi
2178 4482 2426 4556 ordinem
2471 4499 2570 4552 pro
2615 4483 2887 4556 audientis
2919 4484 3502 4556 capacitatedirigere.
3548 4483 3735 4541 Debet

460 4550 591 4625 ergo
624 4558 739 4624 ipse.
774 4556 1023 4623 apprime
1054 4568 1179 4607 esse
1216 4551 1468 4625 eruditus
1504 4560 1559 4604 et
1586 4552 1829 4625 doctus_,_
1859 4550 2357 4625 irreprehensibilis
2378 4595 2391 4618 ,
2423 4550 2707 4617 maturus,
2751 4550 3375 4625 iinpavidusidostlog);

3426 4554 3568 4607 sicut
3616 4556 3731 4622 ipsi

500 4618 762 4679 robabitis
794 4618 913 4677 fore
941 4625 1278 4678 Clementem
1308 4622 1455 4675 hunc
1485 4630 1611 4690 post
1640 4635 1745 4672 me.
1781 4618 2009 4673 Multum
2043 4631 2126 4675 est
2160 4632 2341 4675 autem
2362 4662 2375 4679 .
2413 4625 2457 4676 si
2480 4640 2580 4692 ego
2613 4638 2757 4676 nunc
2787 4618 2853 4675 de
2885 4618 3147 4690 singulis,
3180 4638 3300 4689 quae
3319 4618 3731 4692 unusquisque

457 4641 661 4745 iiabere
688 4696 900 4745 debeat.
922 4707 1258 4745 .nroseuuar.
1288 4692 1674 4745 Verumtamen
1702 4689 1833 4742 illud
1859 4698 1942 4742 est
1967 4691 2115 4745 uuod
2142 4707 2251 4745 ora:
2292 4693 2506 4745 cmteris
2538 4695 2605 4745 ab
2636 4693 2893 4745 omnibus
2928 4693 3081 4745 vobis
3117 4691 3278 4745 conio
3323 4693 3375 4744 in
3410 4708 3722 4745 comitium,

480 4696 661 4749 nabere
688 4696 900 4758 debeat,
922 4707 1258 4763 .prosequar.
1288 4692 1674 4763 Verumtamen
1702 4689 1833 4763 illud
1859 4698 1942 4763 est
1967 4691 2115 4758 quod
2142 4707 2261 4763 pra),
2292 4689 2605 4746 caeteris—ab
2636 4693 2893 4745 omnibus
2928 4689 3081 4745 vobis
3117 4691 3278 4763 cupio
3323 4693 3375 4744 in
3410 4689 3722 4763 continuum

457 4765 685 4829 servari,
715 4773 772 4817 ut
804 4758 1154 4833 concordiam
1199 4762 1492 4833 teneatis,
1518 4776 1613 4829 per
1654 4758 1803 4828 quod
1849 4759 2027 4813 solum
2074 4758 2300 4830 potestis
2339 4771 2557 4830 portum
2602 4763 2803 4831 quietis
2834 4764 3077 4826 intrare,
3121 4758 3197 4815 ct’
3222 4762 3493 4817 civitatem
3537 4760 3721 4833 Regis

456 4835 683 4900 summi,
712 4848 838 4904 quae
866 4848 972 4903 pax
1003 4832 1341 4896 nominatur,
1374 4830 1639 4885 habitare.

524 4990 546 5021 ’
587 4992 761 5045 ἀϊδίαν
806 4991 1016 5061 ἀγαθήν
1063 4989 1124 5045 C.

1748 4898 1987 4954 VARUE
2025 4897 2427 4953 LECTIONES.

1232 4990 1276 5021 “
1311 5006 1429 5044 cum
1464 4990 1775 5043 vereatndia
1816 4990 1964 5055 “ull,
1992 4988 2149 5058 quasi
2192 4989 2381 5059 legerit
2428 4991 2527 5042 σὺν
2567 4992 2719 5043 αἰδοῖ.
2754 4990 2867 5045 (Zfr.
2901 4991 3081 5045 Const.
3123 5001 3292 5059 opust.
3334 5004 3394 5053 Il,
3420 4990 3508 5051 44,
3548 4988 3699 5044 Hom

450 5076 537 5127 tu,
566 5062 654 5114 67.
683 5062 742 5117 S.
819 5059 862 5092 “7
895 5063 944 5114 οί
973 5059 1160 5114 addidi
1194 5074 1243 5114 c.
1275 5060 1339 5113 0.
1420 5060 1461 5091 "
1491 5060 1722 5133 τελεύσῃ
1740 5061 1802 5113 C.
1882 5061 1924 5091 ¹³
1960 5059 2386 5159 Expungcndum
2413 5060 2566 5125 τούς,
2599 5060 2701 5115 nisi
2733 5061 2836 5113 alia
2867 5061 3168 5130 corruptela
3196 5064 3246 5113 in
3285 5061 3507 5128 reliquis
3554 5062 3719 5119 latet.

454 5133 491 5159 Ω
594 5133 637 5159 ιι
664 5131 737 5159 In-
791 5130 835 5159 n
876 5141 923 5159 nl
961 5130 1069 5159 nuc
1122 5129 1497 5159 ..-ιπΑἱηηοὲΛηρ
1530 5131 1763 5159 ..ι-..ὶοηήρ
1812 5129 1963 5159 δέη.-
2013 5128 2052 5159 Ρ
2179 5130 2199 5159 ⁸
2228 5129 2609 5159 ,ἓικιρλρριῆριιρι
2643 5131 2687 5159 ll
2788 5131 2830 5159 ιο
2862 5131 2942 5159 ι’..-
2972 5131 3010 5159 l‘
3115 5131 3155 5159 ιτ
3195 5129 3264 5159 Ιιη
3299 5127 3342 5159 Π
3372 5145 3399 5159 η
3450 5128 3487 5159 Q
3528 5130 3689 5159 λιιι-Α

454 5133 514 5185 S.
594 5133 637 5163 “
664 5131 741 5186 Ita
791 5130 835 5187 Ο
875 5141 929 5185 et
958 5130 1084 5184 Ruf.

1160 5129 1497 5197 rtediciatione
1530 5128 1787 5193 vei-italis,
1812 5129 1966 5197 λόγια
2013 5128 2076 5183 C.

452 5202 687 5256 τάνωσιν
760 5200 823 5255 C.
871 5200 1008 5254 Tum
1066 5196 1245 5254 addidi
1272 5196 1372 5271 ,οὖν
1401 5199 1555 5271 c._0._
1589 5201 1631 5232 ¹⁸
1660 5201 2052 5271 προνοείτωσαν
2084 5197 2147 5252 0.
2192 5196 2717 5271 A‘cht‘t'qxeitwoav
2751 5197 2816 5255 0.

3115 5131 3155 5161 ¹⁷
3193 5129 3266 5182 Ita
3299 5127 3342 5182 Ο
3371 5127 3419 5182 c.
3450 5128 3727 5200 δάμαρ-

2179 5130 2199 5159 ⁸
2227 5129 2613 5199 ὡχερσεύσωσι
2643 5131 2707 5184 0.
2788 5131 2830 5161 “
2862 5131 2946 5182 ἵνα
2972 5129 3042 5183 (ἐξ
3115 5131 3155 5161 ¹⁷
3193 5129 3266 5182 Ita
3299 5129 3342 5182 0
3371 5145 3419 5182 c.
3450 5129 3513 5189 S,

2228 5200 2270 5230 ¹⁹
2309 5199 2717 5252 κατηνείτωσαν
2751 5197 2816 5252 Ο.
2918 5202 2962 5231 ¹⁰
2991 5200 3169 5252 Φυγῆε
3212 5200 3274 5252 C.
3370 5200 3412 5229 ἰ
3445 5200 3513 5252 πέ

3445 5204 3587 5252 πέπε
3597 5204 3725 5270 ιρόν

2918 5202 2962 5231 ¹⁰
2991 5200 3169 5270 ψυχῆς
3212 5200 3274 5253 C-

449 5272 512 5324 C.
547 5271 789 5325 Subinde
819 5271 1023 5325 ἄδειλον
1060 5270 1410 5339 (impavidus)
1446 5268 1597 5335 Ruﬁ,
1634 5268 1779 5338 quod
1825 5271 2164 5322 commendat
2186 5268 2242 5322 S.
2319 5271 2363 5299 "
2388 5268 2694 5323 LcCtionem
2721 5268 2949 5331 εἴσεσθε,
2983 5268 3039 5321 ut
3070 5268 3176 5338 ipsi
3209 5270 3566 5337 experiamini,
3598 5268 3724 5324 Iar-

450 5342 596 5408 gitus
630 5352 712 5397 est
757 5340 822 5395 0.
854 5341 927 5395 Ita
952 5338 1206 5395 Cotelerii
1258 5343 1570 5407 conjectura
1621 5356 1727 5392 non
1776 5354 1912 5407 opus
1941 5348 2049 5409 est,
2082 5338 2171 5406 qui
2214 5339 2476 5392 inlinilivo
2507 5339 2721 5392 ἔσεσθαι
2757 5356 2861 5409 exp
2894 5356 3035 5403 csso,
3068 5339 3371 5409 postiai'aroi
3401 5341 3590 5393 deesse
3618 5340 3719 5394 δο-

450 5412 712 5483 κιμάσετε
746 5412 828 5465 vel
858 5412 987 5481 quid
1011 5412 1189 5465 simile
1224 5411 1569 5480 opinabatur.
1612 5410 1763 5463 Sicut
1810 5409 1910 5477 ipsi
1938 5408 2223 5474 probabilis
2255 5409 2365 5477 fore
2397 5409 2710 5464 Clementem
2739 5408 2876 5463 hunc
2920 5420 3036 5479 post
3075 5424 3173 5464 me.
3204 5408 3329 5462 ιιυι.

1754 5495 2116 5551 VARIORUM
2159 5497 2391 5553 ΝΟΤᾹΞ.

519 5593 630 5717 (402
669 5591 940 5659 Σιινετῶς
964 5594 1334 5673 ῥεμϐόμενοι.
1379 5590 1491 5672 [_lac
1538 5590 1605 5644 de
1654 5605 1725 5670 re.
1761 5589 2015 5673 Clement.

519 5681 595 5716 >iill
626 5705 639 5717 .
676 5666 729 5717 3.
765 5679 885 5717 (ιιι).
928 5664 1018 5717 67.
1053 5666 1197 5716 Istud
1231 5670 1582 5715 constituitur
1610 5678 1624 5714 :
1656 5659 1882 5712 Dtacom
1914 5674 2015 5711 ctr-

446 5659 639 5717 hoinii.
676 5666 729 5724 3,
765 5679 885 5732 cap.
928 5659 1197 5727 67,'istiid
1231 5662 1582 5715 constituitur
1610 5678 1624 5714 :
1656 5659 1882 5712 Diaconi
1914 5666 2020 5732 cir-

443 5730 894 5787 cumumbulnnies
927 5735 1251 5785 considerent
1279 5734 1506 5801 fratrum
1545 5746 1763 5797 corpora
1801 5730 2016 5801 etiani-

442 5820 581 5860 ntus.
633 5804 1071 5874 ulque'lepiscopo
1108 5799 1434 5855 denuntient.
1489 5801 1754 5867 Quocirca
1781 5839 1795 5862 ,
1833 5799 1926 5852 lib.
1976 5814 2013 5852 ιι

2125 5587 2309 5662 Const.
2334 5598 2531 5658 (φρει,
2556 5591 3008 5662 cap.44,iegimus
3039 5608 3052 5643 :
3085 5588 3169 5644 Sit
3195 5590 3448 5643 diaconus
3464 5590 3711 5659 episcopi

2122 5660 2270 5733 auris
2303 5670 2351 5713 et
2374 5663 2562 5733 oculus
2580 5673 2627 5714 et
2655 5680 2733 5724 os,
2764 5660 2853 5714 cor
2871 5662 3074 5728 puriter
3096 5672 3143 5733 et
3167 5663 3385 5733 animo;
3411 5670 3467 5712 ut
3495 5662 3711 5727 epistu-

2121 5746 2218 5797 pus
2246 5731 2298 5782 in
2328 5730 2569 5798 pluribus
2591 5747 2749 5799 quant
2772 5748 2870 5799 par
2887 5741 2963 5783 est
2992 5745 3054 5784 ac
3072 5730 3444 5783 minutioribus
3476 5734 3710 5801 negotiis

2123 5816 2223 5853 non
2251 5816 2548 5870 occupetur.
2582 5806 2751 5856 Cous.
