3868 6212
128 388 196 441 ω
842 386 1301 443 ειειιεδτικλ.
1342 418 1412 427 -
1450 388 1705 443 EPISTOJ

1817 385 2207 443 CLEMENTIS
2242 385 2333 439 Al)
2368 385 2700 442 IACOBUM.
3337 386 3406 438 50

125 508 431 577 κλήματα
486 508 600 574 μετ’
632 500 733 573 ἐμὲ
772 504 1028 571 κατηχεῖν
1082 500 1366 572 μέλλοντα.
1418 501 1560 555 Πολὺ
1613 503 1705 574 γάρ

1828 509 1919 557 tus
1950 512 2004 556 et
2034 500 2385 571 perspicuus;
2414 500 2559 555 sicut
2589 500 2691 569 ipsi
2721 496 3085 565 cxpericmini
3116 496 3232 551 fore
3273 498 3402 554 Glc»

123 602 277 650 ἐστιν
317 598 422 669 ἐμὲ
454 590 550 649 ὗῦν
594 594 656 646 τὸ
699 596 821 646 κατ’
852 588 993 657 εἶδος
1024 594 1220 663 λέγειν.
1276 593 1420 669 Πλὴν
1453 594 1547 647 ἐὰν
1596 596 1705 664 ὁμο

1827 602 2089 660 mentem,
2117 601 2239 662 post
2256 608 2341 646 me
2358 591 2671 647 catechista:
2693 590 2868 644 cilicio
2895 588 3235 643 iuncturum.
3260 589 3405 644 Lon-

122 692 360 761 νοήσητε
380 730 394 751 ,
427 686 723 759 δυνήσεσθε
756 689 835 749 εἰς
859 687 951 740 τὸν
978 688 1077 757 τῆς
1109 687 1470 750 ἀναπαύσεως
1498 686 1705 757 ἐνεχθῆ-

1824 702 1953 757 gum
1980 685 2125 740 enim
2156 692 2241 739 est
2270 698 2417 739 nunc
2452 698 2538 737 me
2586 682 2801 751 singula
2847 695 3154 735 recensere.
3198 678 3403 736 Verum

122 800 212 833 ναι
238 781 459 851 λιμένα,
487 779 617 833 ἔνθα
649 778 887 850 μεγάλου
918 779 1192 842 Βασιλέως
1222 780 1372 831 ἐστὶν
1402 777 1652 850 εἰρηνικὴ
1677 779 1705 809 ’λ

1824 778 1871 832 si
1923 777 2279 833 concordiam
2312 775 2623 840 tenueritis,
2669 773 2917 843 poteritis
2949 781 3169 842 portum
3202 770 3403 841 quietis

120 874 299 937 πόλις.
1823 870 2112 938 attingere,
2140 867 2235 922 ubi
2260 865 2425 937 Regis
2457 865 2659 921 summi
2689 874 2871 919 exstat
2901 864 3031 919 urbs
3062 864 3311 933 pacilica.

189 964 339 1019 XIV.
370 966 555 1018 Ἔοικε
576 964 625 995 ⁸⁵
645 961 753 1035 γὰρ
774 961 893 1016 ὅλον
918 962 980 1016 τὸ
998 964 1231 1035 πρᾶγμα
1263 962 1364 1033 τῆς
1397 960 1723 1031 Ἐκκλησίας

114 1057 209 1129 νηῒ
245 1058 488 1131 μεγάλῃ,
522 1056 610 1110 διά
659 1054 892 1127 σφοδροῦ
915 1057 960 1088 ³³
988 1055 1257 1127 χειμῶνος
1288 1055 1487 1127 ἄνδρας
1524 1054 1722 1126 φερού-

114 1168 189 1223 σῃ
215 1152 283 1203 ἐκ
300 1149 514 1202 πολλῶν
532 1149 713 1201 τόπων
744 1148 903 1212 ὄντας
926 1150 1020 1201 καὶ
1044 1148 1173 1218 μίαν
1186 1148 1295 1217 20
1318 1148 1419 1218 τὴν
1439 1147 1484 1177 ³⁸
1506 1146 1721 1217 ἀγαθῆς

114 1241 409 1312 βασιλείας
438 1240 589 1293 πόλιν
618 1242 785 1294 οἰκεῖν
816 1239 1084 1304 θέλοντας.
1125 1241 1307 1293 Ἔστω
1346 1240 1443 1310 μὲν
1474 1234 1567 1291 οὖν
1588 1238 1723 1311 ὑμῖν

106 1336 139 1386 ὁ
174 1331 389 1403 ταύτης
418 1332 698 1402 Δεσπότης
725 1332 876 1396 Θεὸς,
919 1334 1012 1386 καὶ
1044 1329 1401 1403 παρεικάσθω
1431 1331 1459 1383 ὁ
1491 1330 1588 1400 μὲν
1620 1347 1718 1384 κυ-

108 1426 397 1497 ϐερνήτης
417 1426 461 1456 ³⁷
492 1423 735 1502 Χερτῷ,
764 1425 792 1476 ὁ
820 1424 1078 1496 πρωρεὺς
1110 1423 1417 1493 ἐπισκόπῳ,
1444 1424 1495 1475 oi
1522 1421 1716 1476 ναῦται

106 1516 539 1589 πρεσϐυτέροις,
570 1516 620 1567 oi
645 1515 927 1586 τοίχαρχοι
957 1514 1250 1579 διακόνοις,
1284 1515 1334 1568 οἱ
1364 1514 1716 1583 ναυστολόγοι

103 1613 228 1673 τοῖς
286 1608 661 1679 κατηχοῦσιν,
706 1611 821 1671 τοῖς
869 1608 1161 1671 ἐπιϐάταις
1200 1607 1262 1661 τὸ
1302 1608 1412 1661 τῶν
1466 1606 1715 1677 ἀδελφῶν

103 1701 346 1772 πλῆθος,
378 1700 457 1771 τῷ
504 1699 650 1770 βυθῷ
678 1701 708 1752 ὁ
737 1700 963 1771 κόσμος,
997 1701 1054 1753 αἱ
1095 1699 1402 1753 ἀντίπνοιαι
1440 1702 1555 1762 τοῖς
1593 1716 1715 1752 πει-

1892 959 2036 1015 Χιν.
2071 959 2283 1015 Similis
2332 973 2573 1028 namque
2616 967 2701 1012 est
2732 966 2879 1011 totus
2918 954 3177 1010 Ecclesiae
3226 964 3405 1011 status

1821 1054 1945 1107 navi
1979 1067 2213 1121 magnae,
2238 1066 2360 1120 qua:
2386 1064 2483 1120 per
2509 1049 2743 1103 validam
2777 1054 3153 1117 tempestatem
3191 1045 3295 1101 fert
3317 1048 3402 1100 vi-

1820 1160 1912 1200 ros
1939 1145 2282 1199 diversorum
2310 1142 2555 1197 locorum
2592 1156 2754 1195 unam
2786 1139 2915 1194 boni
2947 1139 3097 1210 regni
3125 1139 3401 1194 civitatem

1820 1235 2096 1290 incolendi
2145 1233 2396 1304 cupidos.
2441 1230 2523 1286 Sit
2564 1247 2695 1301 ergo
2737 1230 2893 1286 vobis
2932 1230 3088 1283 navis
3131 1228 3398 1287 Dominus

1820 1325 1964 1381 Deus
2002 1343 2018 1380 :
2051 1334 2104 1381 et
2134 1324 2509 1380 assimilentur
2534 1323 2865 1393 gubernator
2902 1320 3122 1391 quidem
3156 1320 3395 1387 Christo,

1817 1427 2033 1490 proreta
2062 1417 2342 1487 episcopo,
2391 1424 2573 1470 nautae
2603 1413 2956 1485 presbyteris,
2992 1411 3231 1483 praefecti
3262 1413 3400 1467 late—

1816 1527 1938 1565 rum
1982 1510 2257 1576 diaconis,
2312 1508 2624 1578 naustologi
2674 1505 3015 1572 cateehistis,
3076 1505 3411 1562 vectoribus

1814 1604 2077 1658 universa
2118 1602 2349 1657 fratrum
2399 1600 2715 1665 multitudo,
2762 1598 2903 1654 mari
2952 1596 3216 1663 mundus,
3248 1599 3411 1655 venti.

1814 1696 2030 1751 adversi
2080 1694 2501 1758 tentationibus,
2535 1692 2950 1763 persecutiones
2994 1706 3126 1745 vero
3169 1699 3225 1745 et
3250 1690 3397 1760 peri-

103 1796 352 1863 ρασμοῖς
377 1793 444 1856 ³⁸,
486 1792 535 1844 οἱ
578 1791 635 1844 δὲ
672 1790 903 1862 διωγμοὶ
950 1792 1045 1844 καὶ
1087 1792 1138 1844 oi
1180 1790 1413 1845 κίνδυνοι
1445 1792 1539 1844 καὶ
1579 1791 1635 1843 αἱ
1664 1791 1705 1822 ³⁸

1814 1789 1938 1843 cuia
1967 1797 2023 1841 et
2053 1788 2359 1857 omnigena:
2406 1785 2731 1839 amictiones
2762 1781 3085 1838 decumanis
3114 1781 3393 1848 ﬂuctibus,

490 1884 697 1954 θλίψεις
724 1852 845 1948 ταῖς
870 1883 1209 1956 τρικυμίαις,
1239 1883 1308 1937 τά
1333 1884 1390 1937 δὲ
1414 1884 1647 1952 ἀπόγεια
1663 1884 1705 1915 ³⁰

1814 1896 1878 1934 ex
1910 1879 2217 1934 continenti
2247 1878 2529 1932 venientes
2555 1884 2828 1931 torrentes
2852 1884 2907 1930 et
2930 1874 3097 1929 ﬂatus
3130 1874 3395 1929 sermoni-

99 1978 217 2030 τῶν
255 1978 581 2049 χειμάρρων
615 1978 710 2030 καὶ
749 1977 819 2030 τά
852 1978 1152 2049 φυσήματα
1184 1979 1307 2039 ταῖς
1346 1975 1455 2029 τῶν
1494 1975 1705 2029 πλάνων

1814 1971 1915 2025 bus
1963 1970 2314 2025 seductorum
2363 1984 2428 2023 ac
2476 1967 3104 2038 pseudOprophetarum,
3152 1974 3211 2020 at
3262 1979 3391 2035 pro-

104 2073 202 2125 καὶ
234 2070 347 2123 τῶν
390 2069 856 2142 ψευδοπροφητῶν
894 2068 1155 2141 ὁμιλίαις,
1188 2068 1258 2122 τά
1302 2068 1359 2122 δὲ
1391 2070 1705 2139 ἀκρωτήρια

1814 2062 2087 2116 montoria
2140 2070 2191 2115 et
2249 2061 2372 2115 loca
2422 2057 2751 2128 confragosa
2796 2058 3078 2127 judicibus
3124 2058 3394 2128 dignitate

104 2165 203 2216 ναὶ
245 2162 317 2215 τά
346 2163 556 2233 τραχέα
588 2162 699 2215 τῶν
739 2162 923 2215 τόπων
964 2166 1079 2225 τοῖς
1111 2163 1169 2215 ἐν
1220 2162 1519 2233 ὑπεροχαῖς
1563 2160 1705 2214 δεινὰ

1814 2154 2180 2210 eminentibus
2209 2161 2264 2207 et
2290 2152 2534 2207 crudelia
2560 2150 2921 2217 minantibus,
2948 2150 3071 2204 loca
3104 2158 3284 2205 autem
3306 2150 3393 2204 bi-

104 2253 399 2308 ἀπειλοῦσι
426 2254 730 2317 δικασταῖς,
764 2253 1075 2308 διθάλασσοι
1108 2253 1166 2307 δὲ
1193 2254 1288 2307 καὶ
1317 2252 1602 2325 θηριώδεις
1631 2254 1705 2305 τό-

1814 2246 1983 2301 maria
2013 2254 2068 2300 et
2099 2244 2210 2299 fera
2245 2244 2313 2299 iis
2355 2244 2673 2298 hominibus
2701 2243 2797 2313 qui
2840 2243 3053 2297 ratione
3097 2251 3286 2298 carent
3325 2258 3396 2298 ac

106 2366 197 2399 ποι
230 2351 351 2410 τοῖς
395 2346 704 2415 ἀλογίστοις
733 2348 826 2400 καὶ
852 2346 1185 2412 ἐνδοιάζουσι
1228 2347 1360 2418 περὶ
1386 2346 1494 2399 τῶν
1524 2345 1627 2416 τῆς
1664 2346 1708 2377 ³⁸

105 2438 374 2508 ἀληθείας
420 2439 878 2510 ἐπαγγελμάτων.
910 2440 973 2493 Οἱ
1013 2441 1305 2510 ὑποκριταὶ
1348 2444 1463 2504 τοῖς
1509 2457 1707 2512 πειρα-

106 2534 225 2594 ταῖς
252 2531 695 2602 παρεικασμένοι
718 2530 1063 2585 νοείσθωσαν·
1098 2531 1235 2604 πλὴν
1268 2532 1495 2604 ἰσχυρὰν
1523 2532 1708 2601 ἷλιγγα

108 2623 201 2674 καὶ
228 2622 571 2693 ταρταρείαν
598 2623 641 2654 ³²
670 2623 945 2694 Χάρυϐδιν
982 2624 1078 2677 καὶ⁵
1115 2606 1270 2694 φόνια
1303 2626 1709 2697 προσρήγματα

107 2715 198 2765 καὶ
212 2712 552 2778 θανατώδεις
579 2714 851 2779 διαλύσεις
877 2716 1043 2786 μόνας
1066 2716 1112 2748 ³³
1132 2715 1232 2780 τάς
1261 2716 1539 2788 ἁμαρτίας
1566 2712 1707 2773 εἶναι

106 2807 378 2878 νομίζετε.
412 2809 532 2861 Ἵνα
573 2804 666 2861 οὖν
694 2808 855 2880 οὐρίᾳ
902 2808 948 2839 ³⁸
978 2807 1232 2872 πλέοντες
1261 2810 1341 2871 είς
1386 2809 1479 2861 τὸν
1509 2808 1707 2880 λιμένα

103 2901 203 2970 τῆς
246 2899 620 2971 ἐλπιζομένης
672 2900 883 2964 πόλεως
944 2900 1348 2973 ἀκινδυνότερον
1405 2901 1701 2973 ἐνεχθῆτεζ,

106 2994 360 3064 ἐπηκόως
392 2993 642 3064 εὔχεσθε·
677 2994 837 3065 εὐχαὶ
866 2994 923 3048 δὲ
951 2995 1178 3066 ἐπήκοοι
1211 2994 1449 3063 γίνονται
1479 2997 1600 3060 ταῖς
1622 2996 1705 3050 εὐ-

104 3085 392 3157 πραγίαις.

1809 2335 1877 2389 de
1908 2334 2369 2404 promissiouibus
2406 2334 2648 2389 veritatis
2670 2333 2961 2400 dubitant;
2992 2334 3285 2404 hypocrita»:
3308 2334 3391 2401 pi-

1808 2426 1945 2481 ratis
1983 2426 2192 2481 similes
2222 2425 2533 2479 habeantur
2570 2425 2719 2480 :sed
2748 2434 2803 2480 et
2830 2425 3073 2479 validum
3124 2425 3390 2478 vorticem

1807 2526 1862 2572 et
1886 2526 2177 2572 tartaream
2209 2516 2523 2588 Charybdin
2552 2526 2606 2572 et
2627 2526 2857 2572 cruenta
2879 2516 3147 2585 fragmina
3165 2524 3221 2571 et
3245 2531 3390 2570 mor-

1811 2608 2000 2664 tiferas
2030 2608 2420 2663 subversiones
2449 2608 2566 2663 sola
2610 2622 2731 2663 esse
2775 2618 3005 2679 peccata
3046 2608 3381 2663 existimate.

1806 2698 1927 2767 Quo
1954 2699 2120 2771 igitur
2156 2709 2319 2755 vento
2348 2699 2590 2756 secundo
2622 2699 2949 2771 navigantes
2980 2700 3035 2754 in
3063 2700 3217 2755 urbis
3262 2714 3387 2769 spe-

1804 2802 1938 2848 rata:
1989 2804 2207 2863 portum
2259 2793 2469 2864 absque
2519 2793 2673 2864 gravi
2723 2792 2970 2863 periculo
3023 2791 3395 2855 deferamiui,

1805 2893 1958 2940 orate
1984 2885 2240 2955 precibus
2269 2900 2392 2955 quae
2412 2884 2662 2940 exaudiri
2687 2885 2867 2954 digna:
2896 2885 3008 2941 sint
3035 2902 3049 2939 :
3077 2898 3269 2954 preces
3283 2898 3382 2940 au.—

1805 2986 1915 3034 tem
1938 2978 2074 3034 tales
2101 2977 2241 3033 ﬁunt
2264 2978 2426 3033 bonis
2456 2978 2739 3049 operibus.

170 3175 293 3232 XV.
328 3176 788 3230 Εὐσταθεὶτωσαν
820 3178 863 3209 ³⁸
891 3174 984 3231 οὖν
1017 3178 1068 3231 oi
1100 3177 1356 3231 ἐπιϐάται
1388 3178 1701 3251 ἐδραῖοιὲπὶ

1875 3177 1994 3233 XV.
2024 3176 2217 3250 Itaque
2246 3180 2301 3236 in
2332 3180 2515 3251 quiete
2552 3180 2697 3236 ﬁrmi
2729 3190 2987 3237 maneant
3016 3180 3277 3253 epibatc,
3320 3182 3387 3238 im

101 3270 206 3323 τιῖιν
241 3270 395 3323 ιδεων
418 3269 771 3341 καθεζόμενοι
803 3271 1005 3334 τόπων,
1036 3271 1122 3323 ἵνα
1158 3272 1233 3342 μὴ
1264 3274 1331 3342 τῇ
1365 3271 1560 3342 ἀταξίᾳ
1589 3288 1700 3325 σει-

104 3362 239 3432 σμὸν
270 3362 309 3434 ἢ
341 3362 711 3433 ἐτεροκλινίαν
740 3364 1073 3435 παρέχωσιν.
1099 3364 1162 3416 Οί
1194 3363 1544 3433 ναυστολὸγοι
1571 3364 1699 3427 τοὺς

105 3454 335 3524 μισθοὺς
366 3455 955 3525 ύπομιμνησκέτωσαν.
989 3455 1052 3508 Οἱ
1081 3454 1318 3509 διάκονοι
1360 3456 1522 3527 μηδὲν
1554 3456 1695 3527 ἀμε-

102 3547 373 3601 λείτωσαν
415 3546 463 3578 ³⁸
505 3548 608 3616 21
653 3541 727 3601 ὧν
768 3547 1191 3619 ἐπιστεύθησαν,
1230 3550 1281 3601 οἱ
1329 3549 1696 3621 πρεσϐύτεροι

1805 3272 2050 3342 propriis
2080 3272 2220 3328 locis
2250 3273 2506 3328 sedentes
2525 3314 2542 3340 ,
2583 3288 2653 3329 ne
2680 3274 3001 3343 perturbato
3028 3274 3221 3329 ordine
3247 3289 3394 3331 con-

1802 3381 2027 3421 cussum
2062 3375 2117 3421 et
2141 3365 2208 3420 ad
2236 3365 2468 3419 alterum
2504 3365 2647 3421 latus
2677 3365 3087 3420 inclinationem
3112 3366 3385 3421 excitent-

1801 3454 2121 3528 Nanstologi
2153 3457 2221 3512 de
2246 3456 2498 3513 mercede
2528 3465 2937 3512 commoneant.
2968 3456 3197 3512 Diaconi
3241 3458 3392 3513 nilntc

1802 3565 1997 3606 eorum
2026 3565 2150 3621 qua;
2177 3548 2310 3620 ipsis
2336 3549 2543 3605 credita
2583 3557 2713 3605 sunt
2738 3549 3037 3621 negligant.
3068 3549 3389 3622 Presbyteri

1306 3663 1877 3723 INTERPRETATIO
1914 3664 2176 3722 RUFlNl.

173 3754 323 3831 31V.
370 3752 584 3831 Similis
596 3772 849 3831 namque
876 3766 960 3811 est
987 3758 1172 3815 omnis
1196 3758 1457 3831 Ecclesia;
1500 3768 1679 3831 status
1705 3760 1833 3814 navi
1879 3776 2124 3831 magnae,
2156 3775 2281 3829 quae
2310 3774 2406 3829 per
2446 3758 2722 3831 undosum

2772 3759 2999 3844 pelagus
3019 3800 3034 3824 ,
3064 3757 3301 3844 diversis
3348 3773 3379 3811 ο

104 3827 253 3902 lucis
274 3836 335 3879 et
378 3826 877 3902 regionibusviros
906 3837 1110 3902 portat,
1143 3830 1210 3883 ad
1236 3844 1402 3902 unam
1432 3830 1670 3899 potentis
1697 3832 1844 3902 regis
1872 3826 2064 3902 urbEm
2097 3826 2391 3902 properare
2420 3830 2726 3902 cupientes.
2755 3826 2995 3902 Sit‘ergo
3026 3829 3180 3902 navis
3207 3827 3387 3896 hujus.

107 3897 375 3969 dominus
419 3896 925 3969 ipseomnipotens
956 3896 1501 3969 Deus,_gubernator
1532 3914 1661 3953 vero
1688 3896 1786 3955 sit'
1807 3900 2062 3955 Christus
2080 3896 2243 3967 {tum
2277 3900 2472 3954 deinde
2494 3896 2751 3968 proreta:
2805 3898 3041 3953 ollicium
3080 3897 3375 3969 episcopus

106 3967 374 4039 impleat;
413 3967 717 4039 presbyteri
766 3975 1080 4030 nautarum,
1112 3967 1330 4039 diaconi
1359 3970 1801 4039 dispensatorum
1832 3980 2053 4025 teneant
2080 3972 2262 4024 locum
2288 3988 2302 4023 :
2332 3969 2387 4022 hi
2412 3967 2875 4039 qui’catechizant
2910 3967 3219 4039 nautolOgis
3242 3982 3393 4039 con-7

108 4036 405 4102 ferantur;
444 4036 681 4104 epibatis
724 4046 941 4102 autem,
983 4039 1153 4092 totius
1193 4036 1555 4093 fraternitatis
1588 4040 1883 4095 multitudo
1928 4041 2000 4095 sit
2036 4040 2274 4095 similis:
2328 4036 2509 4108 ipsum
2552 4054 2773 4108 quoque
2807 4053 2958 4092 mare
3007 4038 3096 4092 hic
3130 4036 3385 4091 mundus-

107 4108 421 4188 habitetur;
454 4116 742 4187 ventorum
774 4121 904 4188 vero
931 4109 1226 4188 varietates
1255 4118 1311 4163 et
1354 4110 1637 4162 turbinum
1661 4151 1677 4175 ,
1716 4110 1949 4188 diversis
1993 4107 2406 4188 mutationibus
2427 4107 3263 4188 conferantur;Apersecutiones
3309 4122 3375 4160 ac

107 4177 501 4251 tribulationes
541 4188 593 4229 et
625 4176 889 4251 pericula,
928 4176 1184 4251 ﬂuctibus
1214 4189 1604 4247 exaequentur;
1641 4182 1841 4235 terreni
1874 4196 2005 4235 vero
2034 4179 2410 4251 Spiritus,qui
2436 4179 2616 4251 velde
2640 4176 2999 4251 torrentibus,
3030 4178 3116 4230 vel
3144 4177 3211 4231 de
3235 4191 3370 4251 con-

106 4246 1285 4322 vallibus_spirant,_pseudoprephetarum
1314 4246 1368 4302 et
1417 4252 1769 4322 seductorum
1800 4266 1897 4305 seu
1932 4246 2113 4322 pravae
2137 4246 2399 4322 doctrinae
2429 4250 2623 4322 ver_ba_
2647 4250 2955 4322 ducantur;
2992 4248 3371 4316 promontoria

107 4332 242 4390 vero
273 4324 344 4390 _et
376 4319 497 4370 loca
535 4317 887 4390 confragosa,
926 4317 981 4390 lii
1031 4319 1129 4390 qui
1142 4320 1227 4390 Ain
1262 4320 1625 4390 potestatibus
1662 4322 1850 4376 saaculi
1886 4317 2018 4375 sunt
2057 4321 2302 4390 judices,
2336 4328 2389 4374 et
2417 4318 2661 4390 pericula
2694 4318 2975 4390 minantur
3025 4325 3381 4390 ac_mortes;~

111 4387 423 4440 bithalassa
462 4402 592 4439 vero
616 4387 758 4453 loca,
787 4402 910 4457 qua:
930 4387 1243 4457 duplicibus
1264 4386 1435 4443 funda:
1459 4388 1668 4444 fallacis
1696 4392 1923 4446 aestibus
1946 4386 2329 4453 verberantur,
2360 4386 2544 4444 dubiis
2571 4397 2752 4443 mente
2777 4398 2831 4442 et
2856 4389 2922 4441 de
2946 4386 3373 4457 promissionum

112 4458 351 4510 veritate
376 4458 704 4511 nutantibus
733 4455 1113 4525 conferantur,
1144 4468 1307 4527 atque
1337 4460 1547 4528 bisqui
1576 4460 1948 4515 irrationabili
1980 4460 2140 4515 ﬁdem
2172 4471 2421 4516 nostram
2452 4458 2667 4528 ratione
2695 4457 2995 4512 discutiunt
3024 4475 3036 4509 :
3066 4456 3362 4528 hypocrita:

106 4542 241 4601 vero
266 4536 326 4581 et
356 4528 559 4601 dolosi,
599 4528 791 4601 piratis
821 4528 1029 4601 similes
1056 4526 1380 4601 habeantur.
1418 4526 1538 4601 iam
1568 4545 1699 4584 vero
1733 4532 1961 4601 rapidus
1993 4539 2186 4585 vortex
2225 4539 2280 4585 et
2320 4538 2565 4585 tartarea
2594 4526 2921 4601 Cbagybdis,
2943 4536 3007 4601 et
3040 4530 3190 4579 saxis
3222 4526 3363 4601 illisa

109 4596 429 4671 naufragia,
465 4612 530 4651 ac
565 4596 864 4651 mortifera
898 4597 1307 4671 subversiones,
1336 4598 1468 4671 quid
1496 4600 1642 4654 aliud
1665 4596 1989 4655 aestimanda
2021 4610 2171 4667 sunt,
2203 4616 2369 4671 quam
2420 4599 2685 4669 peccata?
2710 4596 2901 4671 Restat
2941 4597 3105 4663 igitur
3152 4604 3213 4671 ut
3251 4598 3367 4649 haec

110 4669 263 4722 navis
308 4683 480 4721 cursu
518 4683 803 4737 prospero,
839 4676 952 4720 tuta
985 4669 1161 4737 possit
1190 4679 1409 4738 portum
1440 4669 1761 4724 desiderata:
1786 4674 1937 4726 urbis
1967 4674 2172 4726 intrare
2199 4667 2305 4724 {ita
2338 4667 2449 4723 Deo
2480 4683 2699 4738 precem
2733 4668 2965 4721 fundere
2984 4667 3241 4721 convenit
3266 4681 3367 4738 na-

109 4739 362 4807 vigantes
387 4746 449 4791 ut
478 4747 791 4809 mereantur
828 4736 1007 4809 audiri
1038 4756 1052 4791 :
1097 4736 1273 4793 audiri
1306 4748 1490 4793 autem
1520 4757 1550 4794 a
1592 4739 1704 4795 Deo
1733 4742 1810 4795 ita
1852 4743 2075 4797 demum
2106 4741 2407 4796 merebitur
2435 4736 2584 4809 quis,
2625 4738 2672 4792 si
2706 4739 2989 4793 orationes
3036 4738 3168 4806 ipsa:
3210 4736 3381 4791 bonis.

112 4809 363 4861 moribus
418 4818 477 4861 et
505 4807 663 4862 bonis
689 4808 946 4877 operibus
976 4808 1325 4877 adjuventur.

178 4876 294 4950 XV.
343 4879 453 4932 Sed
482 4887 609 4950 ante
631 4878 840 4950 omnia,
864 4893 989 4931 cum
1027 4879 1210 4946 quiete
1237 4888 1291 4932 et
1313 4881 1533 4935 silentio
1581 4880 1831 4950 epibataz,
1864 4882 1916 4936 id
1945 4888 2031 4936 est
2077 4881 2228 4948 laici,
2258 4880 2313 4934 in
2342 4879 2457 4934 suis
2484 4877 2865 4950 unusquisque
2887 4876 3165 4950 resideant
3191 4876 3363 4950 loeeis;

114 4962 176 4999 ne
200 4947 346 5002 forte
378 4963 485 5021 per
512 4948 947 5021 inquietudinem
973 4958 1026 5001 et
1051 4950 1361 5021 inconditos
1395 4946 1727 5021 inutilesque
1755 4946 2042 5007 discursus
2061 4994 2077 5017 ,
2118 4953 2164 5007 si
2192 4946 2398 5021 passim
2429 4949 2616 5019 vagari
2650 4946 2947 5021 creperint,
2973 4948 3054 5001 vel
3077 4948 3154 5021 _a_b
3188 4946 3365 5021 olIicio

120 5032 207 5071 suo
231 5028 441 5073 nautas
474 5018 650 5086 imped

657 5020 791 5082 iant,
826 5019 905 5071 vel
936 5018 989 5071 in
1022 5021 1253 5073 alterum
1292 5020 1433 5075 latus
1462 5038 1555 5090 per
1587 5015 2021 5091 inquietudinem
2051 5015 2244 5075 eorum
2273 5021 2430 5074 navis
2460 5015 2650 5091 pressa
2678 5015 3047 5091 demergatur.
3074 5015 3361 5091 Nautologi

120 5085 179 5137 de
206 5085 1004 5161 mercedibuscommoneant
1030 5108 1042 5142 :
1073 5098 1127 5143 et
1159 5091 1293 5142 nihil
1324 5085 1549 5145 cumino
1591 5085 1739 5160 quod
1768 5095 1847 5161 ,ad
1882 5092 2219 5161 diligentiam
2241 5131 2257 5158 ,
2303 5090 2390 5143 vel
2432 5085 2775 5161 disciplinam
2821 5085 3082 5161 pertinet,
3149 5086 3366 5161 diaconi

118 5158 413 5226 negligant.
449 5156 759 5229 Presbyteri
792 5158 939 5231 velut
971 5168 1149 5231 uau_t:e
1171 5201 1185 5224 ,
1219 5171 1405 5229 aptent
1442 5155 1657 5231 singula
1682 5155 2204 5217 ad'instruc'tionem
2234 5155 2389 5214 navis
2418 5155 2740 5231 diligenter,
2772 5155 3129 5231 etinstruant
3153 5172 3275 5226 qua:
3309 5155 3367 5207 in

117 5240 210 5312 suo
242 5239 497 5312 tempore
526 5228 853 5312 requirenda
883 5238 1029 5309 sunt.
1064 5229 1368 5312 Episeopus
1397 5228 1656 5312 tanquam
1686 5241 1906 5302 proreta
1933 5233 2223 5312 vigilanter
2250 5240 2304 5312 e_t
2328 5230 2560 5312 sollicite
2587 5228 2965 5308 gubernatoris
2990 5228 3153 5312 verba
3180 5233 3367 5281 custo-

118 5295 491 5372 diathristi.
527 5295 779 5372 Salvator
806 5297 1089 5361 Dominus,
1111 5295 1458 5372 gubernator
1489 5295 1749 5357 Ecclesiae
1782 5319 1915 5369 suae,
1947 5295 2207 5372 diligatur
2238 5302 2306 5372 ab
2341 5295 2630 5360 omnibus,
2668 5299 2945 5372 et__ipsius
2999 5300 3171 5352 solius
3220 5311 3366 5372 prae-

114 5371 282 5439 ceptis
323 5385 388 5423 ac
418 5370 598 5439 jussis
635 5370 823 5423 credat
854 5379 909 5423 et
947 5372 1165 5423 obediat
1190 5372 1373 5425 omnis
1423 5371 1668 5426 Ecclesia
1700 5390 1715 5426 :
1749 5372 1860 5425 Deo
1907 5369 2128 5442 quoque
2176 5371 2550 5425 indesinenter
2596 5369 2932 5437 supplicetur
2976 5384 3006 5422 a
3051 5371 3263 5422 cunctis
3298 5376 3366 5419 de

1445 5463 1675 5517 vam/is
1711 5444 2110 5519 LECTlONES.

176 5550 224 5623 ’ξ
255 5552 378 5623 ειρή

485 5550 551 5605 0.
628 5550 675 5626 f‘
701 5549 745 5607 Ο
771 5552 824 5606 in
857 5569 1047 5626 margs
1071 5568 1217 5626 man.
1259 5570 1369 5626 rec.
1411 5556 1469 5626 ἐν
1499 5555 1578 5626 τῷ

116 5763 269 5815 cessit
314 5779 383 5817 ex
414 5760 485 5819 Ο.
562 5764 604 5795 ³¹
634 5760 743 5816 τῶν
771 5762 835 5816 0.

118 5829 381 5901 ἁμαρτίας
411 5832 461 5890 Ο
489 5834 689 5904 praebet
713 5833 911 5897 αἰτίας.

1626 5554 1669 5625 β’
1701 5557 1811 5609 τῶν
1840 5555 2180 5621 Διατάξεων,
2229 5557 2288 5608 ἐν
2325 5572 2448 5623 κεφ.
2508 5553 2627 5625 νξνε
2680 5553 2727 5585 ³⁵
2768 5549 3103 5625 σφοδρῶς-Ο.
3137 5553 3223 5625 _“
3243 5552 3377 5605 τινά

112 5615 174 5674 C.
197 5615 388 5696 Postea
419 5615 683 5696 ἐστωμὲν
714 5623 925 5696 ἡμῖν
978 5615 1048 5656 ν³⁷
1076 5623 1411 5696 κυϐερνύτης
1430 5624 1496 5680 0.
1549 5615 2047 5696 ’³³’περισπαγμοῖς
2074 5625 2138 5681 0.

114 5692 420 5771 «injectum
460 5692 523 5757 C,
560 5692 763 5775 ἀπόχιά
787 5695 860 5747 id.
884 5694 939 5749 in
969 5704 1139 5749 textu.
1180 5692 1317 5748 Tum
1364 5692 1484 5758 ταῖς
1516 5692 1751 5766 ὁμιλίαις
1773 5696 1816 5749 0
1845 5692 1908 5750 c.‘
1930 5692 1997 5763 'S,
2024 5698 2079 5749 αί
2106 5696 2258 5796 -ὁμ

116 5773 263 5796 lumen
315 5779 379 5796 ον
414 5760 464 5796 η
562 5764 604 5795 Il
634 5780 743 5796 np...“
771 5762 815 5796 Π
944 5766 989 5796 ³1
1019 5766 1090 5796 Iln
1130 5763 1167 5796 α
1236 5766 1508 5796 ρηρρκλλκ
1552 5767 1591 5796 l‘
1668 5783 2006 5796 ρκλ--ι.η...ι.
2038 5765 2083 5796 n
2202 5766 2222 5796 ³

944 5766 1110 5838 "ulla
1130 5763 1189 5831 S,
1236 5766 1512 5838 ταρταρέα
1550 5761 1594 5820 Β
1614 5807 1642 5838 ,Α
1668 5761 2006 5838 ταρταραιαν
2038 5765 2103 5820 0.
2202 5761 2251 5838 "_
2275 5764 2701 5838 conjectaverim
2737 5761 2904 5838 νεώς.
2935 5761 3005 5838 ‘S.

990 5834 1032 5867 “
1056 5835 1213 5909 οὔρια
1236 5831 1320 5891 0.’
1376 5831 1423 5868 ³³
1444 5831 1869 5909 eameam“;
1901 5839 1961 5893 υ.
1995 5838 2190 5893 l’ostea
2208 5831 2423 5890 οίκιίων
2443 5850 2540 5904 pro
2570 5833 2709 5887 ίδίων
2732 5831 2793 5887 0.
2864 5834 2905 5863 '”
2923 5831 3159 5902 ἁμελήτο
3182 5832 3373 5886 σαν-Ωιι

2243 5626 2287 5657 ²⁹
2314 5627 2371 5678 αἱ
2405 5620 2630 5693 adjunxi
2671 5638 2732 5677 ex
2765 5620 2829 5677 υ.
2906 5620 2986 5693 ί³⁰
3017 5620 3090 5675 Ita
3127 5621 3171 5676 0
3204 5632 3261 5693 et
3297 5639 3364 5677 ex

2264 5694 2392 5748 ιλίαι
2420 5694 2481 5748 (ὲ.
2510 5693 2618 5747 τῶν
2646 5701 2773 5746 ante
2800 5692 3253 5815 ψευδοπροιφητῶν
3276 5708 3377 5746 au

2275 5764 2701 5831 Conjectaverim
2737 5779 2888 5826 νεως.
2948 5761 3005 5816 S.
3097 5778 3184 5816 um
3242 5777 3373 5831 post.
