3868 6212
137 359 215 416 53
846 344 1305 402 CLEMENTINA.
1340 374 1410 384 —-
1447 344 1783 401 EPISTOLA
1822 340 2209 399 CLEMENTIS
2246 337 2336 393 AD
2363 336 2700 394 JACOBIJM.
3347 334 3416 389 δι

216 463 387 519 XVII.
420 463 607 517 Ταῦτα
646 462 816 515 εἰπὼν
847 464 941 516 καὶ
971 462 1039 515 τὰ
1069 461 1115 493 ⁸⁸
1143 461 1347 514 τούτων
1376 458 1596 523 πλείονα
1636 459 1732 512 πά-

1918 454 2083 510 XVII.
2117 454 2246 510 Haec
2272 462 2325 509 et
2350 453 2455 508 alia
2491 452 2651 522 plura
2682 464 2808 504 cum
2856 448 3192 518 protulisset,
3218 461 3426 504 rursus

133 564 225 610 3w
258 555 337 627 τῷ
389 554 586 627 πλήθει
632 553 1072 627 προσεμϐλέψας,
1103 549 1276 606 εἶπεν·
1320 554 1430 607 Καὶ
1462 553 1734 623 ὑμεῖςξδὲ,

135 626 426 719 ἀγαπητοί
460 626 561 716 μου
591 646 809 714 ἀδελφοὶ
843 626 937 699 καὶ
966 644 1259 709 σύνδουλοι,
1292 646 1371 715 τῷ
1404 645 1737 717 προκαθεζο-

138 742 293 811 μένῳ
312 739 577 811 ἀληθείας
609 737 753 791 κατά
796 738 974 791 πάντα
1020 737 1297 803 ὑπείξατε,
1330 737 1473 791 τοῦτ’
1508 737 1553 769 ⁸¹
1596 738 1735 791 εἰδό-

132 849 251 895 τες,
279 834 365 886 ὅτι
394 834 423 885 ό
454 831 643 884 τοῦτον
671 831 921 900 λυπήσας
948 830 1204 901 Χριστὸν,
1237 823 1299 882 οὗ
1340 830 1440 901 τὴν
1468 830 1737 903 καθέδραν

137 925 532 985 πεπίστευται,
564 921 929 986 οὐκέδέξατο,
955 925 1050 976 καὶ
1082 924 1110 975 ό
1143 923 1188 953 ⁵³
1219 923 1455 1002 Χριστὸν
1479 922 1553 993 μὴ
1579 923 1735 988 δεξά-

139 1036 310 1089 μενος
339 1019 421 1081 ὡς
450 1018 723 1089 ἀθετήσας
753 1017 844 1069 τὸν
869 1017 1089 1087 Πατέρα
1112 1016 1513 1089 λογισθήσεται,
1538 1017 1618 1093 διὸ
1637 1018 1736 1089 τῆς

133 1112 359 1182 ἀγαθῆς
390 1110 666 1181 βασιλείας
700 1109 1161 1181 ἀποϐληθήσεται.
1197 1105 1271 1164 υἷι
1301 1111 1508 1178 εἵνεκεν
1543 1113 1738 1182 πειρᾶ-

133 1204 260 1268 σθε,
312 1203 459 1256 κατὰ
497 1203 674 1266 πάσας
728 1202 977 1265 συνόδους
1026 1201 1282 1273 ἔρχεσθαι
1309 1203 1376 1266 ⁵³,
1424 1204 1512 1256 ἵνα
1553 1204 1627 1273 μὴ
1660 1204 1737 1267 ὡς

131 1296 505 1349 λειποτάκται
543 1296 648 1347 ὑπὸ
685 1296 786 1364 τῆς
819 1294 915 1347 τοῦ
948 1292 1245 1365 ταξιάρχου
1288 1294 1523 1364 ἀθυμίας
1558 1295 1738 1367 ἀμαρ-

130 1389 263 1451 τίας
292 1388 548 1459 ἔγκλημα
579 1387 802 1458 λάϐητε.
837 1385 929 1459 ᾼιὸ
961 1386 1067 1458 πρὸ
1094 1387 1310 1440 πάντων
1343 1389 1391 1439 οἱ
1423 1387 1623 1449 πάντες
1667 1386 1737 1441 τὰ

132 1481 286 1551 ὑπὲρ
319 1478 490 1533 αὐτοῦ
528 1482 794 1552 φρονεῖτε,
828 1477 972 1532 τοῦτ’
999 1478 1046 1510 ⁸⁸
1074 1477 1272 1542 εἰδότες
1300 1479 1381 1530 ὃτι
1408 1478 1475 1532 δι’
1504 1478 1735 1532 ἕκαστον

132 1572 301 1643 ὑμῶν
332 1574 363 1624 ὁ
411 1572 646 1643 πονηρὸς
675 1570 825 1643 αὐτῷ
876 1570 1021 1642 μόνῳ
1055 1569 1117 1622 τὸ
1147 1570 1254 1641 23
1300 1570 1482 1623 πλεῖον
1518 1570 1735 1643 ἐχθραί-

130 1684 247 1720 νων
280 1665 675 1738 προσπολεμεῖ.
721 1665 908 1735 Ὑμεῖς
936 1659 1027 1717 οὖν
1059 1663 1321 1735 πειρᾶσθε
1356 1667 1423 1736 τῇ
1459 1666 1594 1736 πρὸς
1638 1666 1735 1717 αὑ-

130 1758 229 1812 τὸν
263 1762 472 1830 στοργῇ
516 1758 610 1811 καὶ
654 1760 721 1829 τῇ
772 1757 909 1827 πρὸς
940 1755 1202 1827 ἀλλήλους
1248 1756 1430 1827 εὐνοίᾳ
1475 1756 1732 1810 διατελεῖν

130 1852 236 1905 καὶ
282 1851 440 1921 αὐτῷ
469 1850 779 1913 ἐπακούειν,
809 1850 898 1903 ἵνα
943 1849 1039 1902 καὶ
1076 1849 1238 1913 αὐτὸς
1280 1848 1602 1921 κουφίζηται
1639 1851 1731 1904 καὶ

129 1945 296 2015 ὑμεῖς
328 1941 571 2014 σωθῆναι
598 1942 881 2013 δυνηθῆτε.

200 2035 401 2090 XVIII.
438 2036 594 2089 Ἔνια
620 2035 677 2088 δὲ
706 2036 799 2088 καὶ
828 2036 918 2103 ἀφ’
943 2033 1152 2087 ἑαυτῶν
1183 2035 1322 2087 νοεῖν
1350 2033 1611 2102 ὀφείλετε,
1643 2033 1731 2087 διὰ

128 2129 192 2181 τὸ
218 2129 391 2181 αὐτὸν
422 2129 499 2199 μὴ
529 2126 786 2180 δύνασθαι
819 2127 877 2179 ἐν
902 2125 1123 2198 φανερῷ
1154 2125 1332 2195 λέγειν
1363 2125 1452 2178 διὰ
1477 2124 1576 2190 τὰς
1606 2128 1730 2180 em-

131 2220 357 2284 ϐουλάς
386 2214 499 2272 οἷον
526 2218 622 2273 ἐὰν
653 2219 914 2292 ὲ-χθραίνῃ
944 2218 1081 2283 τινὶ,
1123 2219 1197 2290 μὴ
1228 2219 1529 2289 ἀναμένετε
1570 2220 1731 2275 αὑτὸν

129 2318 331 2376 εἰπεῖν,
380 2312 460 2383 τῷ
511 2313 567 2366 δὲ
618 2312 694 2383 μὴ
744 2311 1218 2383 προσαμιλλᾶσθε,
1266 2311 1403 2365 ἀλλὰ
1454 2315 1732 2384 φρονίμως

128 2406 332 2459 ἔπεσθε
345 2406 396 2436 ⁵⁸
412 2405 580 2458 αὑτοῦ
603 2404 681 2475 τῷ
712 2403 1033 2475 βουλήματι,
1061 2404 1244 2476 ἐχθροὶ
1261 2404 1532 2474 γινόμενοι
1549 2400 1629 2469 οἷς
1649 2408 1732 2477 ἐχ-

130 2499 369 2570 θραίνει,
422 2500 523 2552 καὶ
558 2499 633 2569 μὴ
673 2496 990 2568 ὁμιλοῦντες
1019 2491 1101 2561 οἷς
1141 2498 1214 2569 μὴ
1247 2497 1442 2568 ὁμιλεῖο
1477 2498 1563 2551 ἵνα
1603 2498 1732 2553 ἕκα-

132 2609 279 2655 στος,
333 2591 791 2662 ὲπιδικαζόμενος
836 2590 931 2643 τοῦ
964 2590 1173 2653 πάντας
1206 2590 1394 2659 φίλους
1434 2590 1599 2662 ἔχειν,
1634 2593 1733 2645 αὺ-

131 2685 222 2736 τὸν
255 2683 599 2737 διαλλάττων
633 2682 913 2754 σώζηται,
944 2684 1043 2754 τῆς
1080 2682 1246 2736 αὐτοῦ
1295 2684 1581 2738 ἐπακούων
1611 2686 1733 2756 ὀμι-

132 2775 273 2838 λίας.
312 2778 379 2830 Εἰ
407 2776 467 2829 δέ
500 2794 584 2840 τις
610 2776 760 2845 φίλος
787 2778 939 2846 μενεῖ
956 2775 1001 2807 ⁸⁸
1023 2770 1105 2838 οἷς
1133 2775 1293 2839 αὐτὸς
1314 2776 1609 2847 ἐχθραίνει,
1638 2779 1733 2831 καὶ

130 2870 284 2922 λαλεῖ
320 2864 407 2932 οἷς
454 2869 618 2931 αὐτὸς
664 2868 762 2939 οὐχ
794 2867 992 2939 ὁμιλεῖ,
1032 2862 1112 2929 εἷς
1151 2869 1266 2920 ἐστι
1314 2868 1406 2920 καὶ
1432 2869 1594 2931 αὐτὸς
1620 2868 1731 2922 τῶν

130 2962 248 3014 ὀλοθ
259 2961 442 3033 ρεύειν
461 2962 508 2992 ⁸⁷
525 2961 781 3013 θελόντων
797 2961 895 3030 τὴν
924 2960 1271 3031 Ἐκκλησίαν*
1290 2960 1367 3031 τῷ
1390 2961 1501 3031 γὰρ
1519 2959 1731 3031 σώματι

133 3053 310 3107 συνὼν
334 3054 470 3125 ὑμῖν
488 3053 554 3117 ³⁸,
583 3056 648 3125 τῇ
670 3051 863 3125 γνώμῃ
888 3053 961 3124 μὴ
979 3052 1053 3105 ὢν
1074 3052 1189 3123 μεθ’
1214 3052 1390 3123 ὑμῶν,
1423 3052 1544 3105 καθ’
1576 3053 1731 3125 ὑμῶν

133 3146 300 3209 ἐστιν,
340 3146 526 3216 πολλῷ
544 3146 741 3218 χείρων
768 3145 879 3198 τῶν
898 3144 1095 3211 ἔξωθεν
1132 3145 1470 3215 φαινομένων
1493 3144 1724 3217 ἐχθρῶν,

134 3238 274 3307 μετὰ
304 3214 576 3309 δοκούσης
604 3214 788 3307 (pi-ita;
820 3214 1450 3309 σκορπίζωντοὺςέσω.

1844 548 2251 603 multitudinem
2280 547 2501 602 intuens
2524 548 2661 603 dixit
2686 564 2700 601 :
2725 542 2791 598 Et
2812 557 2941 597 vero
2961 554 3083 606 vos,
3100 539 3285 594 dilecti
3306 536 3425 596 mei

1841 641 2039 697 fratres
2088 649 2143 696 et
2183 642 2456 705 conservi,
2511 637 2729 712 praesidi
2772 633 3020 691 veritatis
3059 632 3114 685 in
3159 629 3440 705 omnibus“

1840 735 2234 799 obsecundate,
2274 734 2406 789 illud
2460 735 2718 799 scientes,
2763 730 2910 801 quod
2954 728 3048 800 qui
3091 727 3239 783 hunc
3278 740 3417 782 con-

1838 828 2162 893 tristaverit,
2210 827 2515 891 Christum,
2559 825 2718 894 cujus
2746 823 3062 879 cathedram
3092 828 3271 883 tenet,
3302 832 3417 873 non

1838 922 2071 991 recepit;
2102 930 2158 975 et
2200 920 2293 990 qui
2327 918 2604 973 Christum
2648 933 2757 971 non
2789 914 3095 984 receperit,
3119 911 3279 982 quasi
3321 911 3418 981 qui

1838 1014 2054 1069 Patrem
2088 1014 2336 1083 rejecerit
2360 1011 2724 1081 reputabitur,
2749 1008 2984 1077 ideoque
3011 1023 3040 1060 a
3072 1006 3217 1060 bono
3247 1018 3419 1073 regno

1838 1108 2106 1175 ejicietur.
2141 1106 2265 1172 Qua
2279 1106 2345 1161 de
2374 1120 2539 1160 causa
2564 1104 2631 1157 ad
2674 1116 2869 1156 omnes
2894 1108 3197 1156 conventus
3227 1097 3419 1152 venire

1838 1201 2086 1268 satagite,
2110 1216 2178 1253 ne
2198 1199 2344 1252 velut
2373 1198 2704 1259 desertores,
2734 1210 2828 1264 per
2848 1192 3201 1262 imperatoris
3223 1189 3388 1245 anxie
3407 1220 3420 1231 -

1838 1300 2027 1356 tatem,
2086 1289 2293 1357 peccati
2350 1288 2610 1358 probrum
2665 1286 2971 1355 accipiatis.
3020 1284 3232 1338 Idcirco
3288 1293 3416 1338 ante

1838 1384 2021 1436 omnia
2059 1382 2244 1436 cuncti
2292 1395 2415 1450 qua:
2454 1394 2552 1447 pro
2582 1378 2699 1446 ipso
2731 1376 2941 1431 faciunt
2972 1376 3190 1441 sentite,
3225 1374 3279 1429 id
3317 1390 3413 1430 co-

1837 1483 2181 1546 gnoscentes,
2231 1473 2377 1542 quod
2423 1479 2645 1541 pr0pter
2677 1483 3123 1539 unumquemque
3168 1476 3414 1522 vestrum

1835 1567 2085 1622 diabolus
2110 1566 2213 1636 ipsi
2246 1564 2347 1619 soli
2378 1562 2551 1634 magis
2576 1562 2840 1616 inimicus
2864 1562 3065 1615 bellum
3096 1559 3279 1614 infert.
3299 1557 3421 1616 Vos-

1835 1676 1963 1730 ergo
1997 1658 2309 1713 contendite
2372 1658 2425 1710 in
2458 1670 2646 1711 amore
2687 1670 2814 1727 erga
2842 1656 3021 1725 ipsum
3045 1654 3182 1708 etin
3221 1661 3415 1707 mutua

1836 1754 2211 1808 benevolentia
2245 1764 2613 1820 perseverare,
2645 1747 2805 1816 eique
2840 1747 3095 1813 obedire;
3130 1754 3190 1800 ut
3217 1754 3272 1801 et
3294 1747 3415 1816 ipse

1834 1846 2170 1911 sublevetur,
2199 1854 2252 1899 et
2274 1860 2373 1900 vos
2400 1842 2624 1914 possitis
2656 1841 2891 1896 salutem
2916 1841 3202 1911 consequi.

1903 2046 2088 2099 XVlll.
2121 2046 2428 2112 Quinetiam
2461 2046 2721 2103 nonnulla
2749 2062 2817 2101 ex
2848 2047 3001 2102 vobis
3032 2046 3165 2116 ipsis
3198 2045 3415 2101 debetis

1833 2142 2155 2211 intelligere,
2190 2156 2312 2211 quae
2338 2141 2454 2210 ipse
2476 2139 2772 2195 manifesto
2802 2140 2984 2195 dicere
3014 2150 3234 2210 propter
3265 2141 3404 2194 insi-

1832 2235 1950 2289 dias
1979 2250 2085 2288 non
2112 2237 2285 2305 possit
2311 2252 2324 2287 :
2366 2233 2518 2288 verbi
2547 2234 2745 2304 gratia,
2770 2233 2817 2288 si
2847 2233 3009 2288 alicui
3038 2234 3108 2288 sit
3138 2234 3409 2303 infensus,

1833 2341 1902 2379 ne
1930 2324 2256 2395 exspectetis
2283 2326 2398 2395 ipse
2421 2324 2569 2379 dicat
2604 2344 2617 2379 :
2644 2325 2876 2379 illivero
2908 2326 3074 2379 nolite
3107 2325 3161 2379 in
3180 2335 3431 2380 conten--

1833 2419 1983 2472 tione
2021 2417 2313 2484 assistere;
2367 2418 2462 2473 sed
2508 2418 2804 2487 prudenter
2856 2417 3035 2486 hujus.
3071 2419 3423 2473 voluntatem

1832 2511 2147 2581 sequimini,
2192 2511 2325 2565 odio
2352 2510 2616 2565 habentes
2655 2526 2796 2581 quos
2847 2509 2978 2564 odio
3032 2510 3419 2580 prosequitur,

1832 2619 1933 2658 nec
1960 2604 2246 2668 loquentes
2272 2618 2399 2657 curn
2429 2603 2498 2656 iis
2521 2618 2647 2657 cum
2677 2603 2880 2673 quibus
2910 2617 3017 2657 non
3049 2602 3323 2673 loquitur;
3350 2611 3417 2659 ut

1832 2694 2062 2763 quilibet
2085 2694 2215 2747 dum
2245 2692 2427 2748 studet
2456 2693 2836 2748 universorum
2855 2692 3153 2747 amicitiam
3184 2692 3425 2758 habere,

1831 2784 2220 2839 reconciliatus
2249 2785 2300 2839 ei
2331 2782 2517 2839 salvus
2546 2782 2660 2849 fiat,
2685 2782 2806 2854 ejus
2846 2782 3111 2837 obediens
3143 2782 3406 2836 sermoni.

1832 2872 1986 2940 Quod
2026 2874 2071 2928 si
2104 2874 2229 2943 quis
2268 2872 2480 2927 amicus
2505 2881 2822 2941 permaneat
2849 2871 2939 2925 his
2960 2884 3103 2939 quos
3130 2869 3246 2938 ipse
3272 2868 3407 2932 odit,

1831 2976 1886 3021 et
1914 2966 2171 3036 loquatur
2219 2980 2345 3019 cum
2393 2964 2595 3033 quibus
2645 2962 2761 3031 ipse
2810 2976 2922 3016 non
2972 2960 3231 3026 disserit,
3264 2974 3423 3013 unus

1831 3057 1996 3111 etiam
2056 3058 2171 3125 ipse
2233 3069 2424 3110 eorum
2455 3062 2540 3109 est
2583 3054 2677 3123 qui
2708 3052 3009 3108 Ecclesiam
3042 3051 3411 3106 exterminare

1834 3149 2062 3218 cupiunt
2096 3166 2108 3201 :
2144 3163 2374 3218 corpore
2404 3146 2551 3201 enim
2581 3146 2865 3200 vobiscum
2899 3159 3153 3207 manens,
3188 3149 3409 3197 senten-

1835 3242 1908 3296 tia
1938 3239 2224 3294 vobiscum
2262 3255 2370 3294 non
2396 3238 2635 3292 existens
2659 3278 2672 3300 ,
2725 3246 2915 3292 contra
2943 3252 3040 3290 vos
3079 3245 3193 3301 est;
3230 3232 3419 3289 multo

131 3332 287 3403 pejor
316 3331 391 3387 iis
432 3331 527 3401 qui
586 3341 740 3387 extra
789 3331 997 3386 inimici
1035 3342 1336 3402 apparent,
1386 3333 1587 3403 quippe
1615 3332 1866 3403 quicum
1897 3342 2191 3406 apparente
2220 3331 2458 3388 amicitia
2495 3345 2590 3385 eos
2632 3329 2727 3400 qui
2765 3328 2908 3383 intra
2952 3335 3082 3383 sunt
3106 3327 3405 3397 dispergat.

1344 3464 1911 3526 INTERPRETATIO
1945 3468 2199 3525 RUFINI.

204 3576 384 3652 XVII.
428 3576 558 3652 Haec
586 3594 710 3652 cum
740 3578 973 3633 dixisset
1001 3619 1015 3645 ,
1048 3588 1103 3633 et
1143 3580 1235 3652 his
1257 3580 1455 3635 similia
1488 3583 1893 3652 quamplurima
1915 3624 1929 3648 ,
1962 3598 2184 3637 rursum
2217 3581 2518 3650 respiciens
2544 3579 2611 3635 ad
2642 3576 2903 3652 populum
2925 3616 2942 3641 ,
2987 3574 3165 3652 dixit:
3350 3585 3410 3632 et

135 3667 261 3715 vos,
285 3650 617 3723 charissimi
660 3648 861 3723 fratres
890 3658 945 3723 et
990 3651 1242 3723 conservi
1276 3653 1416 3714 mei,
1460 3645 1591 3707 huic
1619 3645 1712 3723 qui
1757 3645 2016 3723 pra'si'det
2052 3653 2209 3708 vobis
2249 3645 2325 3723 ad
2355 3645 3018 3723 veritatem—decendam,
3064 3646 3119 3723 in
3149 3645 3423 3705 omnibus

135 3714 384 3793 obedite,
418 3720 661 3773 scientes
687 3718 835 3788 quod
868 3719 1066 3793 _si_qui_s
1111 3720 1257 3775 hunc
1296 3714 1727 3788 contristaverit,
1760 3714 2085 3793 Christum,
2132 3723 2224 3793 qui
2254 3722 2302 3776 ei
2349 3720 2580 3793 docendi
2612 3714 3200 3793 credidit_cathedram
3223 3756 3238 3780 ,
3293 3731 3405 3770 non

134 3791 371 3860 recipit;
405 3799 460 3861 et
490 3785 749 3861 tanquam
785 3790 882 3857 qui
914 3785 1194 3861 Christum
1230 3805 1338 3861 non
1368 3795 1693 3861 susceperit,
1714 3785 1820 3849 nec
1848 3793 2018 3848 Deum
2057 3785 2273 3846 Patrem
2310 3792 2623 3859 suscepisse
2664 3786 3033 3861 judicabitur;
3066 3794 3120 3839 et
3150 3785 3273 3839 ideo
3307 3802 3407 3841 nec

138 3856 623 3933 ipm'suscipiettt_r
648 3859 701 3911 in
728 3856 897 3933 regno
927 3860 1217 3933 caelorum.
1238 3860 1469 3930 Pr0pter
1490 3856 1635 3931 quod
1671 3856 1923 3933 satagite,
1951 3863 2018 3917 ad
2051 3878 2271 3917 omnem
2298 3856 2583 3933 collectam
2599 3856 3162 3933 _et§ongregationem
3192 3870 3407 3923 semper

130 3927 481 4003 convenire;
521 3929 601 3983 uti
632 3944 741 3982 non
768 3929 915 3982 velut
960 3931 1296 4003 negligentes
1319 3927 1372 3985 et
1398 3927 1634 4003 desides,
1664 3949 1695 3987 a
1718 3927 1937 3989 Christo
1959 3934 2142 4003 judice
2172 3928 2635 4003 condemnemini.
2665 3927 3065 3981 Convenientes
3094 3940 3404 4003 vero_sem-

132 4017 228 4071 per
259 3998 727 4071 adClementem,
762 4014 953 4071 omnes
986 3994 1133 4053 datew
1149 4016 1370 4068 operam
1415 4017 1513 4071 pro
1542 3994 1662 4071 ipso
1706 4005 1909 4057 sentire
1933 3994 2029 4066 ,ἐι
2052 4017 2268 4058 summo
2299 3998 2754 4071 studiol‘avorem
2778 4004 3020 4071 vestrum
3065 4009 3193 4062 erga
3226 3994 3404 4071 ipsum

131 4064 499 4141 dependere;
519 4070 753 4141 scientes
780 4070 924 4136 quod
948 4079 1169 4138 propter
1187 4064 1445 4139 'singulo's
1470 4064 1577 4127 vos'
1602 4073 1780 4141 ipsum
1816 4064 1990 4141 magis
2024 4074 2200 4128 solum
2238 4070 2464 4125 infestat
2496 4068 2865 4141 inimicus,_et_
2899 4066 2951 4118 in
2984 4065 3161 4141 ipsum
3195 4064 3405 4141 majora

133 4134 373 4196 suscitat
395 4140 559 4212 bella.
583 4134 811 4212 Oportet
835 4134 966 4212 ergo
998 4134 1092 4212 vos
1120 4134 1338 4212 summ'o
1371 4143 1554 4195 studio
1586 4134 1705 4202 niti,
1730 4152 1790 4196 ut
1818 4134 2011 4198 omnes
2035 4157 2163 4212 erga
2196 4142 2351 4212 illum
2375 4138 2594 4193 vinculo
2614 4137 2837 4212 amoris
2855 4136 3061 4200 innexi,
3088 4134 3415 4212 plenissimo.

131 4226 266 4277 erga
295 4226 427 4283 eum
463 4203 777 4283 inhair'eatis
804 4203 1171 4283 aﬂ‘ectu.rSed_
1196 4218 1251 4262 et
1274 4226 1371 4264 vos
1393 4227 1612 4281 quoque
1642 4213 1777 4283 ipsi,
1808 4203 2178 4268 unanimesvin
2210 4211 2358 4266 omni
2389 4209 2680 4283 concordia
2710 4206 3028 4283 perdurate;
3057 4219 3165 4273 quo
3188 4203 3413 4283 facilius

130 4283 304 4335 etiam
347 4280 427 4333 illi
459 4280 679 4352 obedire
711 4294 903 4352 omnes
930 4282 1130 4352 pariter
1160 4280 1214 4332 in
1240 4276 1595 4336 consensu'et
1619 4276 1980 4337 unanimitate
2008 4283 2257 4352 possitis,
2286 4296 2381 4349 per
2403 4279 2549 4349 quod
2577 4288 2632 4332 et
2654 4291 2753 4332 vos
2778 4276 3007 4331 salutem
3038 4276 3319 4344 consequi,
3350 4282 3411 4329 et

130 4351 441 4423 illegpessit
464 4350 972 4423 obtemperantibus
1005 4351 1108 4403 sibi
1132 4356 1439 4423 promptius
1474 4353 1713 4419 impositi
1744 4357 1928 4408 oneris
1959 4350 2172 4423 pondus
2202 4352 2451 4423 evehere.
2485 4418 2495 4423 Α
2867 4414 2879 4423 _
3114 4414 3128 4423 _
3250 4414 3261 4423 _
3426 4396 3429 4397 ν

202 4412 399 4493 ΧἮΙΙ.
425 4412 813 4490 (4l)Qu2edam
844 4420 1087 4493 etiame:
1111 4412 1416 4493 vobisi'psis
1433 4412 1732 4493 intelligere
1751 4412 1978 4489 debetis,
1994 4424 2039 4478 si
2068 4438 2177 4493 qua
2205 4422 2459 4493 sintquae
2475 4412 3091 4493 ip_se,_propterin_sidi_as
3114 4414 3407 4493 hominum

129 4484 1100 4562 malorum,'no'n_gpotestevidentius
1122 4484 1533 4562 etmanifestius
1555 4484 1806 4561 proloqui
1835 4484 2021 4548 :verbi
2052 4484 2248 4562 gratia,
2267 4484 2377 4562 (άῖ)
2395 4491 2439 4544 si
2474 4484 2843 4562 inimicus—est
2868 4485 3031 4562 alicui
3060 4498 3160 4562 pro
3191 4484 3405 4538 actibus

135 4564 294 4626 Suis;
330 4575 433 4614 vos
480 4555 649 4613 nolite
695 4569 1010 4628 exspectare
1056 4568 1115 4613 ut
1156 4560 1274 4628 ipse
1303 4562 1459 4617 vobis
1492 4555 1677 4628 dicat;
1709 4555 1834 4616 c'um
1868 4565 1960 4617 illo
2011 4555 2182 4617 nolite
2229 4555 2391 4615 amici
2433 4574 2584 4623 esse;
2625 4558 2719 4613 sed
2767 4557 3067 4628 prudenter
3105 4555 3400 4628 observare

133 4625 372 4694 debetis,
405 4641 461 4684 et
512 4630 780 4683 voluntati
797 4625 932 4698 'ejus
971 4625 1635 4698 absque—commonitione
1664 4625 2045 4689 obsecundare
2077 4642 2131 4686 et
2156 4641 2401 4686 avertere
2430 4645 2529 4684 vos
2557 4629 2624 4683 ab
2652 4643 2739 4694 eo,
2769 4625 2871 4680 cui
2918 4626 3114 4698 ipsum
3150 4625 3403 4698 sensistis

134 4692 436 4773 aversum;
473 4700 568 4754 sed
611 4714 712 4752 nec
744 4692 1028 4773 loquihis,
1072 4692 1275 4769 quibus
1324 4701 1444 4773 ipse
1487 4718 1598 4755 non
1646 4702 1922 4773 loquitur;
1957 4712 2019 4757 ut
2055 4703 2438 4773 unusquisque
2491 4699 2585 4773 qui
2631 4698 2685 4751 in
2726 4692 2891 4765 culpa
2933 4692 3037 4761 est,
3084 4692 3214 4773 dum
3250 4695 3413 4773 cupit

136 4772 389 4825 omnium
426 4781 680 4824 vestrum
706 4764 977 4824 amicitias
1007 4764 1288 4839 reparare,
1315 4764 1538 4825 l'éstinet
1568 4764 1738 4827 citius
1762 4764 2107 4829 reconciliari
2140 4764 2861 4840 eifqui'onmi'buspraeest,
2885 4774 2948 4840 et
2970 4779 3063 4840 per
3085 4764 3191 4817 hoc
3214 4764 3406 4840 redeat

138 4843 203 4895 ad
239 4842 523 4913 salutem,
542 4856 668 4893 cum
697 4841 921 4913 obedire
949 4834 1431 4913 emperitnmnitis
1458 4843 1828 4912 prazsidentis.
1857 4843 1914 4897 Si
1946 4858 2077 4898 vero
2104 4834 2227 4913 quis
2257 4834 2470 4895 amicus
2500 4834 2665 4913 fuerit
2695 4839 2778 4891 his
2797 4836 3017 4913 quibus
3038 4835 3155 4902 ipse
3189 4834 3403 4913 amicus

135 4926 241 4983 pou
264 4922 381 4983 est,
422 4904 731 4983 etlocutus
788 4909 954 4964 fuerit
983 4904 1108 4964 cum
1139 4910 1225 4965 his
1270 4904 1477 4980 quibus
1521 4913 1636 4981 ipse
1675 4930 1783 4968 non
1829 4904 2288 4983 loquiturfunus
2336 4920 2420 4965 est
2466 4919 2520 4964 et
2550 4911 2676 4983 ipse
2696 4924 2760 4961 ex
2796 4904 2902 4961 illis
2929 4904 3409 4983 quiexterminare

136 4979 226 5037 Dei
254 4982 566 5037 Ecclesiam
608 4980 833 5044 volunt;
864 4988 1074 5034 etcum
1120 4979 1349 5049 corpore
1392 4979 1673 5037 vobiscum
1719 4999 1843 5039 esse
1883 4979 2164 5049 videatur,
2194 4991 2376 5036 mente
2404 4989 2457 5035 et
2482 4982 2667 5034 animo
2705 4985 2895 5033 contra
2926 4990 3023 5029 vos
3068 4983 3188 5049 est;
3218 4982 3271 5049 et
3318 4982 3403 5029 est

139 5056 307 5108 multo
333 5052 571 5121 nequior
603 5051 782 5104 hostis
822 5050 931 5115 hic,
964 5065 1127 5119 quam
1165 5044 1360 5121 ill-iiqui
1404 5050 1537 5107 foris
1581 5062 1731 5116 sunt,
1764 5063 1817 5109 et
1863 5044 2161 5109 evidenter'
2180 5054 2388 5106 inimici
2419 5060 2579 5106 sunt:
2616 5049 2703 5103 hic
2732 5049 2876 5102 enim
2907 5062 3003 5117 per
3030 5044 3402 5099 amicitiarum

139 5127 398 5191 speciem.
425 5120 551 5192 quae
581 5121 790 5175 inimici
816 5121 1130 5199 suut‘gerit,
1154 5132 1207 5175 et
1231 5120 1531 5176 Ecclesiam
1563 5124 1829 5195 dispergit
1860 5140 1924 5179 ac
1952 5133 2146 5179 vastat.

1029 5269 1047 5273 ,,
1122 5273 1129 5276 ,
1413 5213 1649 5269 VARI/13
1684 5215 2088 5271 LECTIONES.

198 5286 244 5320 ⁸⁴
272 5289 375 5360 τήν
409 5284 478 5341 Ο.
501 5357 534 5360 __
555 5284 797 5360 “50519.
830 5274 1129 5360 Cfr:Hom.v
1160 5298 1243 5360 ιιι,
1275 5282 1365 5353 66,
1389 5284 1451 5341 C.
1527 5287 1573 5316 δ’
1596 5287 1671 5360 ὡς
1706 5287 1769 5341 C.
1800 5288 2003 5360 _”xa‘t
2035 5286 2136 5357 (εἰς
2158 5285 2213 5339 in
2248 5292 2457 5360 marg.)_
2479 5274 3289 5360 adcagouvdeougépxewatnC,
3340 5280 3412 5331 ἐνς

132 5348 341 5422 πάσαις
383 5348 625 5420 συνόδοις
655 5351 1008 5426 συνέρχεσθαι
1046 5370 1161 5427 var.
1203 5348 1454 5427 le_ct.'ap.
1496 5348 1771 5413 eumdem.
1800 5348 2272 5427 Rufinus‘proplcr
2319 5348 2457 5427 quod
2495 5354 2724 5427 satagite
2780 5348 3089 5427 agamnam
3124 5348 3399 5427 collecte);

134 5438 180 5499 et
200 5419 661 5499 congregationem
686 5419 1380 5499 seeijiérﬁcony‘enireu'l‘tim
1401 5419 1742 5499 'S._tnavult;
1778 5429 1886 5499 ἀπὸ
1913 5429 2023 5499 τῆς
2054 5419 2475 5499 τοῦταξιάρχου
2510 5419 2757 5499 ἐσυλίας.
2812 5421 3252 5499 Cfr._Hom._tn_,

133 5497 177 5528 "
206 5491 365 5576 τοῆῖεο
380 5491 464 5576 ξι).
541 5498 587 5529 ⁸⁸
619 5491 844 5576 ξπεσθαι
980 5565 993 5576 ι
1018 5492 1254 5576 ⁵⁶⁴μὲνῇ
1293 5495 1356 5563 C,
1388 5496 1546 5551 male.
1624 5498 1667 5529 ⁸⁷
1704 5491 2008 5569 όλεθρεύειν
2042 5498 2105 5552 Ο.
2184 5498 2228 5529 ⁸⁸
2263 5491 2482 5566 ήμῖνὈ.
2508 5494 2647 5549 Tum
2675 5495 2815 5549 idem
2846 5493 3023 5565 ἡμῶν,
3069 5491 3188 5545 καθ’
3219 5491 3411 5559 bucina.

133 5570 232 5623 καθ
284 5572 449 5647 mw
480 5584 578 5639 ιπο
612 5583 785 5638 υμωνν
812 5564 914 5618 καθ
972 5583 1143 5636 υμων’
1450 5636 1813 5693 νΑιιιοιιιιΜ
1853 5626 2086 5694 NOTAE.

264 5737 314 5805 l)
347 5735 477 5790 Haec
508 5736 752 5808 citantur
785 5734 840 5789 in
862 5737 1099 5808 eencilio
1131 5735 1358 5792 Vasensi
1385 5753 1422 5803 ι,
1462 5739 1672 5808 ςιιηεϐ.
1708 5738 1811 5808 leg.
1845 5738 2081 5808 Capitul.
2118 5738 2355 5808 hvuLc.
2400 5733 2521 5808 ⁸561.
2571 5806 2593 5808 Α
2770 5804 2779 5808 _
3304 5800 3310 5805 l

264 5737 314 5805 l)
347 5737 477 5790 Haec
508 5737 752 5791 citantur
785 5737 840 5789 in
862 5737 1099 5792 concilio
1131 5737 1358 5792 Vasensi
1385 5753 1422 5803 ι,
1462 5753 1585 5791 can.
1619 5739 1672 5792 6.
1708 5738 1756 5792 le
1798 5779 1811 5792 .
1845 5738 2081 5808 Capitul.
2118 5738 2153 5789 l.
2183 5752 2278 5801 vu,
2305 5752 2355 5791 c.
2400 5737 2521 5789 561.
3304 5800 3310 5805 ,

198 5737 311 5879 ΰῖ)
336 5808 527 5863 (litant
556 5807 855 5863 conuiuium
880 5806 1118 5865 ﬂete-use
1139 5809 1241 5864 sub
1258 5809 1533 5879 Stephano
1564 5807 1628 5873 γ,
1651 5828 1699 5867 c.
1728 5755 1821 5872 lg;
1842 5809 2079 5868 Joannes
2114 5806 2371 5877 Ylll,Ep..
2392 5807 2531 5873 “1.34.;
2558 5804 2852 5878 Gregorius
2870 5801 2976 5871 VII,
3008 5810 3046 5858 ι.
3072 5812 3279 5868 vimen.
3300 5796 3411 5853 ‘5—
