3868 6212
430 365 499 417 55
1278 365 1327 421 ὃ.
1367 366 1757 423 (ἷΙᾸηρΜΕΝΤΙδ
1794 372 1813 425 l
1872 370 1993 424 non

2102 371 2281 427 ὈΝΤ.
2319 370 2549 426 Ol’EllA
2588 369 2673 425 DL'
2683 368 2813 423 BIA.

3613 366 3689 420 56

499 477 641 535 XIX.
671 479 850 549 Atque
886 478 974 534 his
1011 478 1171 534 dictis
1198 480 1252 533 in
1305 481 1483 536 medio
1527 498 1712 536 coram
1744 485 1993 539 omnibus

2142 484 2311 538 'XIX.
2355 484 2463 536 Kal.
2493 485 2664 538 ταῦτα
2693 484 2893 546 εἰπὼν,
2929 482 2988 534 ἐν
3021 481 3171 551 μέσῳ
3203 482 3294 534 ἐπὶ
3333 481 3548 535 πάντων
3586 500 3685 551 μοι

426 588 626 628 manus
657 572 791 626 mihi
842 571 1132 641 imponens
1182 572 1235 625 in
1267 587 1364 627 sua
1387 576 1651 629 cathedra
1692 576 1881 632 sedere
1912 593 1999 632 me

423 666 837 721 erubescentem
865 663 1150 733 compulit.
1179 663 1427 734 Cumque
1456 666 1739 733 sedissem,
1766 668 1869 722 hoc
1885 677 1999 723 sta-

425 758 521 810 tim
552 754 687 809 mihi
719 753 857 808 dixit
883 772 897 807 :
932 752 1083 824 Rogo
1109 763 1161 809 te
1200 768 1385 809 coram
1410 756 1666 812 omnibus
1693 761 1998 815 astantibus

423 846 691 901 fratribus
723 846 883 911 meis,
931 856 991 901 ut
1027 854 1321 915 postquam
1362 862 1431 901 ex
1462 848 1589 914 hac,
1634 851 1996 918 quemadmo-

420 938 551 991 dum
583 937 719 991 mihi
751 952 977 992 necesse
1006 946 1111 1003 est,
1140 939 1252 992 vita
1281 938 1589 1008 migravero
1610 981 1625 1005 ,
1652 938 1856 995 Jacobo
1883 941 1997 995 frn-

422 1029 489 1082 tri
518 1028 736 1083 Domini
762 1029 946 1082 mittas
994 1028 1047 1082 iii
1095 1029 1364 1097 epilome,
1394 1030 1788 1100 describasque
1830 1033 1995 1086 etiam

424 1135 606 1188 usque
642 1120 709 1174 ad
759 1119 1121 1181 cogitationes
1148 1121 1391 1189 pueritiae
1429 1130 1534 1176 tuae
1556 1163 1570 1188 ,
1594 1131 1649 1176 et
1690 1137 1801 1192 quo
1836 1126 1998 1179 modo

420 1213 489 1265 ab
533 1212 690 1266 initio
718 1226 893 1280 usque
922 1227 1069 1266 nunc
1095 1229 1182 1267 me
1208 1213 1506 1268 comitatus
1529 1228 1609 1279 es,
1650 1216 1998 1271 sermonibus

420 1319 449 1355 a
484 1318 573 1358 me
599 1318 694 1372 per
726 1302 974 1357 civitates
1002 1303 1309 1373 praedicatis
1329 1313 1385 1361 et
1415 1306 1632 1361 actibus
1657 1307 1793 1363 meis
1820 1308 1999 1363 inten-

424 1398 561 1451 dens
595 1413 611 1450 :
640 1395 836 1450 deinde
868 1395 922 1448 in
953 1394 1059 1449 line
1095 1398 1293 1451 mortis
1334 1413 1554 1467 quoque
1586 1413 1721 1453 meae
1750 1401 1997 1457 occasio-

423 1502 577 1553 nem,
599 1486 745 1541 sicut
769 1486 906 1554 dixi,
937 1486 1219 1542 declarare
1255 1502 1363 1541 non
1393 1488 1615 1559 pigebit.
1640 1488 1826 1560 Neque
1850 1492 1996 1545 enim

429 1593 497 1631 ea
524 1593 613 1632 res
644 1576 801 1632 valde
830 1577 1009 1648 ipsum
1042 1577 1410 1644 contristabit,
1443 1594 1672 1649 gnarum
1712 1596 1799 1634 me
1822 1582 1909 1651 pie
1945 1583 1997 1635 id

426 1671 771 1739 persolvisse,
795 1670 942 1739 quod
973 1672 1197 1725 omnino
1222 1671 1428 1741 perpeti
1459 1687 1681 1731 necesse
1701 1683 1856 1728 erat:
1882 1690 2000 1729 ma-

423 1757 571 1810 xima
619 1771 748 1811 vero
791 1756 1062 1811 aflicietur
1107 1758 1509 1825 consolatione,
1560 1776 1686 1816 cum
1747 1761 1997 1818 didicerit

423 1848 572 1918 quod
614 1857 740 1918 post
770 1864 859 1904 me
903 1864 1013 1903 non
1050 1849 1355 1903 ineruditus
1400 1848 1487 1904 vir
1513 1866 1616 1905 nec
1655 1852 1995 1908 vivilicorurn

424 1939 652 2007 ignarus
685 1953 999 1993 sermonum
1046 1938 1412 2008 Ecclesiieque
1455 1940 1699 2010 regulam
1742 1942 1996 1999 nesciens

422 2031 673 2087 docentis
707 2031 982 2102 acceperit
1010 2032 1350 2085 cathedram.
1382 2030 1623 2102 Imperiti
1646 2033 1791 2088 enim
1822 2049 1887 2089 ac
1911 2051 1996 2091 se—

422 2124 669 2178 ductoris
705 2139 886 2178 sermo
918 2123 1193 2178 audientis
1227 2122 1376 2193 vulgi
1421 2122 1636 2179 animas
1662 2125 1952 2182 interimit.

490 2234 610 2293 XX.
660 2234 814 2291 Unde
869 2252 1005 2307 ego,
1070 2237 1291 2292 domine
1319 2237 1395 2292 mi
1444 2236 1667 2303 Jacobe,
1702 2240 1787 2296 bis
1828 2240 1898 2295 ab
1928 2256 1994 2296 eo

419 2328 585 2383 dictis
632 2328 907 2398 pollicitus
962 2345 1071 2385 non
1121 2331 1351 2397 tardari,
1411 2331 1556 2388 sicut
1598 2332 1789 2401 jussus
1847 2348 1991 2397 sum,

422 2437 676 2491 magnam
720 2430 933 2491 partem
988 2437 1308 2478 sermonum
1352 2438 1451 2495 per
1495 2424 1745 2480 civitates
1782 2424 1995 2478 habito-

420 2528 568 2579 rum,
592 2512 688 2582 qui
713 2514 827 2582 jam
861 2513 957 2568 tibi
983 2513 1247 2584 descripti
1276 2523 1405 2569 sunt
1437 2529 1502 2569 ac
1532 2530 1628 2585 per
1652 2516 1830 2584 ipsum
1860 2514 1996 2569 mis-

419 2604 490 2669 si,
524 2605 577 2659 in
604 2604 760 2659 libris
781 2604 1017 2659 breviter
1038 2606 1520 2676 comprehendere,
1546 2609 1703 2677 quasi
1721 2608 1993 2663 indicandi

421 2694 619 2762 gratia,
649 2694 839 2763 sicque
870 2695 936 2749 ad
953 2704 1005 2749 te
1021 2696 1318 2762 destinare,
1338 2712 1463 2751 cum
1484 2698 1586 2752 hac
1606 2697 1991 2767 inscriptione:

421 2785 708 2839 Clementis
760 2784 1002 2855 Epitome
1044 2787 1487 2857 praedicationum
1527 2788 1679 2843 Petri
1736 2790 1790 2842 in
1838 2806 1989 2858 pere-

2099 576 2199 640 τὰς
2229 580 2416 648 χεῖρας
2441 574 2651 637 ἐπιθεὶς
2677 576 2757 639 είς
2772 574 2872 645 τὴν
2903 572 3069 626 αὐτοῦ
3102 573 3369 644 καθέδραν
3406 573 3685 645 καθεσθῆ-

2100 669 2189 721 ναί
2262 686 2328 739 με
2394 666 2767 737 ἐδυσώπησεν.
2826 665 3163 720 Καθεσθέντι
3218 665 3274 717 δὲ
3353 665 3511 719 τοῦτό
3584 684 3683 737 μοι

2100 759 2303 822 εὐθέως
2355 759 2480 829 ἔφη’
2536 757 2700 821 Ἀξιῶ
2759 774 2818 809 σε
2851 758 2944 810 ἐπὶ
2985 757 3203 809 πάντων
3239 774 3340 826 μου
3381 756 3490 809 τῶν
3533 776 3683 828 συμ-

2100 852 2384 924 παρόντων
2439 850 2719 920 ἀδελφῶν,
2766 850 2916 911 ὃπως
2964 848 3165 901 ὁπόταν
3230 848 3325 901 τοῦ
3398 848 3639 901 ἐνταῦθα
3663 888 3680 911 ,

2098 943 2176 1006 ὡς
2219 944 2342 1012 ἐμοὶ
2371 942 2676 1010 ὀφείλεται,
2722 939 3016 1007 ἀπαλλάξω
3052 939 3191 1009 βίου,
3226 941 3287 993 σὲ
3335 939 3572 1011 Ἰακώϐῳ
3596 941 3683 1011 τῷ

2098 1033 2312 1104 ἀδελφῷ
2322 1033 2416 1087 τοῦ
2430 1033 2635 1105 Κυρίου
2652 1032 2954 1103 διαπέμψαι
2975 1032 3020 1063 ⁸⁸
3036 1033 3094 1084 ἐν
3114 1034 3345 1103 ἐπιτομῇ
3359 1032 3686 1104 ἀναγραψά-

2102 1143 2261 1195 μενον
2292 1124 2455 1195 μέχρι
2486 1126 2582 1179 καὶ
2614 1124 2724 1196 24
2750 1124 2859 1177 τῶν
2880 1126 2945 1177 ἐκ
2967 1123 3171 1177 παίδων
3197 1141 3288 1176 σου
3321 1124 3432 1196 (45)
3457 1125 3500 1155 ⁸ο
3537 1123 3685 1192 λογι-

2100 1217 2275 1287 σμῶν,
2296 1217 2390 1270 καὶ
2420 1217 2496 1279 ὡς
2536 1216 2631 1270 ἀπ’
2660 1217 2849 1288 ἀρχῆς,
2874 1216 3035 1287 μέχρι
3079 1214 3175 1268 τοῦ
3216 1215 3310 1269 νῦν
3341 1214 3684 1278 συνώδευσάς

2103 1326 2212 1379 μοι,
2245 1308 2527 1363 ἐπακούων
2556 1308 2666 1362 τῶν
2685 1308 2827 1362 κατὰ
2855 1307 3006 1361 πόλιν
3026 1308 3117 1361 ὑπ’
3137 1307 3270 1378 ἐμοῦ
3299 1306 3685 1379 κηρυχθέντων

2098 1400 2270 1469 λόγων
2302 1417 2364 1453 τε
2395 1401 2488 1454 καὶ
2526 1399 2795 1473 πράξεων·
2833 1398 3024 1453 ἔπειτα
3056 1399 3195 1470 πρὸς
3234 1400 3312 1471 τῷ
3337 1398 3482 1453 τέλει
3514 1399 3557 1430 ⁸⁸
3582 1402 3685 1453 καὶ

2097 1493 2196 1563 τὴν
2217 1491 2312 1545 τοῦ
2340 1491 2569 1545 θανάτου
2596 1509 2695 1563 μου
2726 1490 3018 1563 πρόφασιν,
3035 1490 3113 1554 ὡς
3131 1494 3390 1562 προεῖπον
3412 1493 3478 1560 ⁸⁸,
3500 1493 3685 1564 δηλῶ-

2102 1599 2190 1637 σαι
2227 1582 2301 1654 μὴ
2334 1583 2612 1655 ὀκνήσεις.
2641 1582 2779 1637 Οὔτε
2796 1582 2906 1655 γὰρ
2927 1583 3048 1637 λίαν
3066 1585 3227 1637 αὑτὸν
3246 1585 3475 1657 λυπήσει
3494 1586 3681 1650 τοῦτο,

2099 1674 2276 1727 εἰδότα
2292 1675 2418 1728 ὅτιὸ
2437 1675 2654 1739 πάντως
2671 1675 2779 1729 ἔδει
2810 1692 2877 1747 με
2895 1676 3085 1729 παθεῖν
3111 1676 3350 1741 εὐσεϐῶς
3375 1678 3682 1749 ἀπεδόμην,

2104 1770 2367 1839 μεγίστης
2412 1768 2471 1822 δὲ
2518 1767 2877 1840 παραμυθίας
2903 1766 3175 1833 τεύξεται,
3228 1767 3414 1839 μαθὼν
3442 1770 3521 1822 ὅτι
3558 1771 3683 1839 μετ’

2100 1861 2200 1932 ἐμὲ
2228 1861 2329 1913 ούκ
2370 1859 2589 1931 ἀμαθὴς
2624 1861 2765 1933 ἀνὴρ
2793 1860 2890 1913 καὶ
2916 1860 3213 1925 ζωοποιοὺς
3244 1860 3436 1929 λόγους
3466 1861 3683 1929 ἀγνοῶν

2101 1953 2196 2006 καὶ
2230 1951 2551 2023 Ἑκκλησίας
2571 1951 2770 2006 κανόνα
2790 1952 2891 2005 οὐκ
2912 1950 3068 2015 εἰδὼς
3089 1952 3189 2022 τὴν
3214 1951 3307 2004 τοῦ
3336 1951 3684 2016 διδάσκοντος

2100 2044 2395 2117 ἐπιστεύθη
2416 2043 2701 2116 καθέδραν.
2726 2043 2937 2097 Πλάνου
2952 2043 3115 2116 ⁶³γάρ
3135 2042 3321 2115 ὁμιλία
3334 2042 3442 2099 τῶν
3460 2045 3682 2099 ἀκουόν-

2097 2154 2205 2191 των
2228 2135 2399 2208 ὄχλων
2431 2135 2645 2207 ἀναιρεῖ
2674 2134 2722 2166 ⁸⁵
2750 2135 2851 2199 τὰς
2876 2135 3073 2205 ψυχάς.

2168 2249 2287 2305 XX.
2324 2248 2484 2331 "995v
2512 2247 2644 2319 ἐγὼ,
2674 2248 2831 2320 κύριέ
2866 2266 2966 2320 μου
3022 2249 3243 2303 Ἰάκωϐε
3266 2289 3282 2313 ,
3314 2249 3475 2304 αὑτοῦ
3504 2250 3683 2304 ταῦτα

2097 2343 2359 2407 είπόντος,
2379 2342 2746 2413 ὑποσχόμενος
2772 2342 2872 2395 οὐκ
2902 2342 3125 2414 ὤκνησα
3148 2342 3214 2407 ⁸⁸,
3229 2342 3305 2406 ὼς
3324 2343 3679 2415 ἐκελεύσθην,

2096 2437 2158 2490 τὸ
2184 2436 2317 2490 πολὺ
2348 2436 2456 2489 τῶν
2487 2435 2627 2489 κατὰ
2659 2434 2810 2488 πόλιν
2842 2434 3013 2504 λόγων
3038 2435 3148 2489 τῶν
3178 2437 3279 2508 ήδη
3315 2453 3396 2490 σοι
3431 2454 3651 2510 προγρα

2100 2529 2305 2599 φέντων
2337 2529 2430 2583 καὶ
2459 2529 2550 2581 ὑπ’
2583 2527 2747 2582 αὑτοῦ
2776 2528 3219 2600 διαπεμφθέντων
3240 2529 3351 2601 (44)
3382 2530 3439 2582 ἐν
3473 2529 3681 2600 βίϐλοις

2098 2622 2191 2675 ἐπὶ
2241 2620 2551 2689 κεφαλαίων
2604 2620 2848 2689 ποιῆσαι,
2878 2619 3068 2692 ὥσπερ
3111 2620 3337 2691 σημείου
3372 2621 3552 2693 χάριν,
3580 2625 3678 2676 καὶ

2101 2714 2273 2778 οὕτως
2288 2712 2590 2785 διαπέμψαι
2608 2731 2711 2777 σοι,
2730 2713 3107 2785 ἐπιγράψαντα
3126 2714 3540 2785 ⁸⁸,Κλήμεντος
3554 2713 3677 2769 τῶν

2098 2810 2323 2875 Πέτρου
2337 2805 2661 2876 ἐπιδημιῶν
2679 2805 3071 2875 κηρυγμάτων
3089 2806 3357 2876 ἐπιτομὴ.
3376 2807 3543 2899 Πλῂν,
3573 2808 3674 2862 τοῦ

423 2878 838 2947 grinatlonibus.
895 2878 1166 2934 Caeterum
1210 2896 1483 2951 exponere
1537 2889 1597 2936 ut
1632 2881 1825 2952 jussus
1866 2897 1987 2937 sum

421 2968 703 3039 incipiam.

2096 2902 2388 2966 ἐκτιθέναι,
2412 2902 2488 2964 ὡς
2518 2899 2866 2963 ἐκελεύσθτιν,
2890 2900 3144 2969 ἄρξομαι.

1620 3083 2189 3141 INTERPRETATIO
2228 3082 2485 3139 RUFINI.

493 3173 637 3229 XIX.
682 3173 899 3230 Etcum
938 3176 1053 3231 haec
1083 3177 1335 3243 dixisset,
1376 3178 1429 3232 in
1462 3178 1663 3244 medio,
1693 3194 1879 3233 coram
1906 3179 2180 3242 omnibus,
2213 3193 2411 3231 manus
2449 3175 2584 3231 mihi
2628 3177 2907 3243 imposuit,
2943 3181 2997 3229 et
3044 3175 3097 3228 in
3126 3173 3382 3229 cathedra
3415 3188 3535 3239 sua,
3580 3176 3674 3227 in-

459 3246 571 3299 enti
603 3245 934 3318 verecundia
985 3246 1272 3317 fatigatum
1307 3248 1494 3303 sedere
1538 3264 1624 3302 me
1674 3248 1957 3318 compulit.
1986 3249 2235 3317 Cumque
2286 3247 2586 3311 sedissem,
2622 3245 2737 3299 haec
2780 3246 2847 3318 ad
2897 3260 2983 3299 me
3030 3260 3249 3318 rursum
3279 3244 3498 3318 locutus
3541 3255 3669 3302 est:

470 3330 700 3385 eprecor
736 3314 1114 3387 te,iClemeiis',
1140 3318 1616 3387 coramomnibus
1649 3319 1751 3387 qui
1773 3314 2067 3387 praesentes
2095 3314 2255 3383 sunt,
2286 3325 2346 3370 ut
2388 3328 2763 3387 posteaquam,
2799 3314 2942 3387 sicut
2969 3315 3220 3387 naturale
3249 3315 3502 3387 debitum
3544 3323 3668 3379 est,

420 3383 549 3440 vita:
572 3386 858 3454 praesentis
890 3386 1051 3441 linem
1089 3387 1289 3452 fecero,
1315 3386 1521 3441 Jacobo
1554 3383 1708 3441 fratri
1742 3383 1961 3442 Domini
1989 3388 2271 3443 describas
2302 3383 2559 3449 breviter,
2596 3383 2679 3438 vel
2717 3400 2839 3454 qua:
2870 3385 2937 3438 ad
2970 3385 3188 3438 initium
3240 3383 3363 3437 fidei
3413 3391 3516 3436 tua:
3545 3399 3672 3453 spe-

421 3465 594 3519 ctant,
626 3456 713 3509 vel
740 3456 904 3511 etiam
933 3472 1074 3523 quos
1105 3468 1230 3512 ante
1261 3459 1421 3512 lidem
1464 3459 1680 3512 animos
1715 3459 1994 3527 gesseris;
2026 3459 2117 3513 sed
2148 3466 2203 3513 et
2239 3456 2473 3527 qualiter
2502 3455 2637 3509 mihi
2667 3456 2735 3509 ab
2765 3454 2940 3527 initio
2970 3470 3143 3524 usque
3173 3454 3236 3527 ad
3265 3456 3449 3517 linem,
3483 3469 3671 3527 comes

422 3526 637 3581 itineris
681 3535 738 3581 et
781 3534 1003 3597 actuum
1030 3528 1260 3597 afueris;
1296 3544 1527 3597 qumque
1571 3543 1667 3597 per
1706 3523 1951 3596 singulas
1982 3523 2367 3583 'civitaies'me
2414 3526 2724 3597 disputante
2770 3523 3300 3597 sollicitusiauditor
3346 3523 3667 3597 exceperis;

421 3597 631 3665 quique
670 3597 725 3650 in
762 3596 1246 3665 prazdicationibus
1270 3594 1407 3651 meis
1440 3594 1728 3652 verborum
1765 3594 1933 3652 fuerit
1965 3600 2100 3654 ordo
2124 3598 2207 3651 vel
2236 3604 2458 3651 actuum
2486 3594 2515 3661 ;’
2532 3596 2625 3649 sed
2656 3604 2712 3649 et
2736 3594 3107 3665 quimelinis
3138 3596 3190 3647 in
3218 3595 3322 3647 hac
3348 3595 3482 3646 urbe
3512 3608 3669 3665 repe-

422 3664 577 3730 rerit,
607 3664 773 3738 sicut
798 3666 932 3738 dixi,
964 3667 1147 3738 omnia
1183 3682 1345 3737 quam
1378 3676 1535 3737 potes
1580 3669 1905 3723 brevissime
1937 3672 2365 3738 comprehensa,
2395 3665 2464 3720 ad
2511 3666 2692 3738 ipsum
2727 3664 2779 3738 te
2827 3664 3106 3738 destinare
3150 3679 3259 3717 non
3310 3664 3527 3738 pigeat_._
3556 3664 3671 3717 Nec

417 3735 663 3790 verearis
695 3751 763 3789 ne
802 3735 940 3789 forte
973 3733 1217 3791 multum—
1246 3738 1312 3791 de
1338 3733 1459 3791 meo
1484 3738 1633 3792 exitu
1661 3733 2080 3793 contristandus
2108 3739 2197 3801 sit,
2231 3753 2353 3791 cum
2396 3752 2482 3789 me
2510 3733 2561 3789 id
2600 3749 2699 3805 pro
2722 3736 2919 3805 pietate
2948 3735 3222 3805 sustinere
3248 3748 3355 3786 non
3386 3733 3666 3803 ambigat:

420 3806 524 3885 erit
554 3808 823 3886 autcm__ei
852 3814 1066 3886 grande
1090 3808 1367 3886 solatium,
1397 3808 1443 3862 si
1481 3808 1736 3886 didicerit
1781 3810 2205 3886 _quod_post__m_e
2235 3822 2344 3886 non
2374 3804 2663 3886 imperitus
2691 3807 2774 3886 vir
2801 3804 3022 3886 aliquis,
3056 3814 3150 3858 aut
3181 3804 3456 3886 indoctus,
3501 3814 3671 3883 atque

424 3876 682 3943 ignorans
712 3874 880 3947 divini
923 3877 1069 3947 verbi
1116 3878 1474 3947 mysterium,
1517 3888 1569 3932 et
1599 3874 1984 3934 ecclesiastici'
2012 3878 2220 3933 ordinis
2252 3874 2745 3947 discipliiiam,avel
2788 3875 3051 3947 doctrina:
3102 3874 3666 3947 regulaiii‘nesciens,

421 3947 727 4017 susceperit
753 3945 1065 4017 cathedram
1099 3943 1296 4001 meam.
1328 3943 1617 4002 Scit'enim
1648 3950 1773 4017 quia
1806 3949 1852 4003 si
1889 3950 2142 4003 indoctus
2170 3957 2224 4001 et
2244 3943 2453 4002 inscius
2509 3944 2744 4000 ofIicium
2775 3946 3016 3999 doctoris
3042 3946 3303 4014 accipiat,
3335 3943 3454 3998 sine
3490 3944 3663 3998 dubio

418 4016 754 4085 discipuliet
783 4014 1063 4071 auditores
1091 4018 1410 4085 ignorantiae
1439 4014 1680 4072 tenebris
1711 4019 1981 4085 obvoluti,
2016 4020 2071 4073 in
2096 4018 2377 4072 interitum
2409 4017 2815 4085 demergentur.

488 4032 553 4068 sei
599 4031 669 4069 un
701 4031 754 4069 ei
783 4031 1063 4071 aUtIle'eS
1091 4031 1410 4085 ignorantiae
1439 4031 1677 4072 tenebris
1711 4031 1981 4085 onvomti,
2016 4036 2071 4073 in
2096 4031 2377 4072 interitum
2409 4031 2815 4085 uemergentur.

488 4031 613 4163 Χξέἶ
652 4083 807 4139 Unde
832 4093 1045 4163 et_eg_o,
1076 4087 1151 4140 mi
1181 4086 1659 4163 d_oiiiiiie_Ja_cobe,
1691 4103 1816 4163 cum
1858 4090 1973 4163 haec
2027 4089 2109 4163 ab_
2141 4094 2512 4163 egpraecepta
2553 4085 3176 4163 susceper_im,_necesse
3220 4082 3389 4137 habui
3431 4082 3662 4163 implere

417 4156 562 4222 quod
594 4155 855 4234 jusserat,
886 4154 1134 4234 iudicans
1164 4158 1284 4221 tibi,
1316 4160 1460 4234 etde
1490 4159 1575 4213 his
1604 4158 1957 4234 i_psis_simul,
1991 4168 2046 4213 et
2080 4160 2146 4213 de
2178 4154 2285 4211 illis
2314 4158 2551 4234 brevi-ter
2582 4155 3081 4234 comprehendens,
3119 4169 3241 4234 qua:
3262 4170 3376 4222 ‘pcr
3418 4154 3667 4234 singulas

419 4222 669 4298 quasque
697 4225 1222 4298 urbesdigrediens,
1250 4237 1345 4281 aut
1392 4227 1446 4280 in
1486 4222 1892 4297 praedicationis
1922 4222 2177 4284 sermone
2209 4226 2532 4298 protulerit,
2569 4234 2666 4298 aut
2711 4222 2763 4278 in
2794 4234 3071 4298 gestorum
3097 4222 3304 4298 _virtute
3328 4222 3662 4298 perfecerit;

418 4293 673 4368 quamvis
701 4296 821 4358 tibi.
852 4294 918 4349 de
946 4293 1029 4368 his
1069 4298 1302 4368 plurima
1343 4293 1563 4368 jainfet
1606 4299 1818 4367 plenius
1845 4309 1971 4353 ante
2002 4293 2301 4368 descripta,
2339 4295 2729 4368 ipsojubent‘e
2768 4293 3167 4368 transmiserim
3198 4311 3213 4357 ;
3255 4295 3358 4368 sub
3405 4308 3471 4347 eo
3502 4293 3664 4347 titulo

418 4314 673 4361 quatinus
701 4314 821 4358 ιιυι,
852 4314 918 4349 (le
946 4314 1029 4350 IIIS
1106 4314 1302 4352 ΙυῐΊΙΙὶέὶ
1343 4314 1480 4366 jalll,
1510 4314 1563 4352 8|.
1606 4314 1818 4367 plclllllS
1845 4314 1971 4353 ante
2002 4314 2301 4368 descripta,
2339 4314 2459 4363 IPSO
2499 4314 2729 4363 JUDellle
2768 4314 3167 4349 transmiserint
3198 4314 3213 4357 ;
3255 4314 3358 4348 SUD
3405 4314 3471 4347 CD
3503 4314 3664 4347 ιιιιιιυ

417 4381 579 4432 quem
609 4367 726 4434 ipse
750 4314 1190 4445 praecepitalgigi,
1226 4368 1280 4421 id
1311 4377 1395 4423 est
1418 4366 1716 4423 Clementis
1745 4368 2092 4423 itinerarium
2206 4367 2613 4424 Praedicationis
2675 4365 2841 4421 Petri.
2926 4362 3033 4419 Sed
3061 4372 3115 4418 et
3163 4380 3309 4419 nunc
3332 4363 3446 4433 jam
3493 4378 3665 4433 expo-

415 4449 545 4490 nere
573 4450 696 4506 qure
721 4437 976 4506 praecepit
1005 4437 1281 4507 incipiam.

1726 4508 1958 4565 VARle
1998 4505 2402 4561 LECTIONES.

490 4619 537 4650 "
563 4616 939 4692 PlaniusEpit.
963 4620 1177 4675 0.147:
1215 4620 1416 4692 i'AgLfI)‘
1441 4639 1496 4673 σε
1534 4623 1626 4675 ἐπὶ
1671 4622 1888 4675 πάντων
1942 4639 2042 4692 μου
2082 4620 2193 4692 τῶν
2236 4620 2627 4692 συμπαρόντων
2653 4618 2934 4692 ἀδελφῶν,
2980 4615 3406 4692 ῥπηνίκα-τοῇ
3431 4612 3661 4692 ἐνταῦθα

420 4688 672 4763 μεταστῷ
730 4684 868 4758 βίου,
920 4692 996 4763 ᾡς
1048 4693 1085 4760 ή
1138 4691 1238 4763 Δτοῦ
1295 4684 1429 4763 Θεοῦ
1493 4694 1713 4761 κέκρικε
1766 4684 2026 4763 πρόνοία,
2092 4684 2392 4763 πάντα
2432 4684 3012 4763 ’κυρίῳ-Ἰακῴϐῳ-τῴ
3056 4684 3269 4763 ᾇδελιεῷ
3315 4684 3658 4763 τοῦ-Κνρίου

418 4755 522 4832 μου
555 4759 614 4811 ἐν
642 4755 873 4832 ἐπιτομῇ
907 4755 1707 4832 ἀναγραψάμενονδιαπέμῴαι,
1739 4780 1792 4814 κ.
1812 4755 1872 4815 ’τ.
1909 4761 1959 4815 λ.
2035 4762 2079 4793 ⁸ο
2110 4762 2172 4813 ἐκ
2203 4755 2391 4832 παιδός
2420 4755 2665 4832 σουοόιί.
2692 4761 2799 4832 804
2820 4755 2872 4813 et
2895 4755 3088 4825 Epit.l.
3119 4776 3166 4813 c.
3198 4755 3255 4812 S.
3307 4757 3375 4832 __“
3418 4755 3491 4832 Ita
3522 4755 3583 4832 0_
3603 4770 3653 4832 (ξ.

415 4823 539 4884 cod.
575 4829 681 4883 804
710 4839 765 4884 et
785 4823 989 4903 Enim.
1011 4823 1073 4903 if.
1108 4823 1177 4903 ea
1203 4823 1422 4884 τέλειε.
1458 4902 1463 4903 γ
1502 4823 1637 4903 δ”ᾠς
1673 4836 1926 4903 προεῖπον
1959 4834 2150 4903 om.U.
2224 4833 2272 4903 εδ
2302 4831 2472 4903 ltade
2499 4828 2840 4903 conject._(_1,_
2857 4823 3214 4903 cujiistextus
3235 4827 3343 4882 etO
3380 4830 3506 4882 exb.
3529 4823 3659 4877 πλά-

418 4915 529 4963 νος.
646 4928 721 4938 --
823 4898 867 4930 ⁸⁵
895 4902 1104 4973 ἀναίρει
1129 4901 1191 4956 C.
1268 4903 1314 4933 ⁸⁵
1341 4902 1559 4973 ὀκνήσω
1588 4902 1651 4957 0.
1716 4898 1772 4933 ’⁸⁸
1793 4902 2103 4974 ἐπιγράψας
2134 4902 2257 4956 cod.
2295 4901 2402 4954 804
2422 4908 2476 4956 et
2495 4898 2705 4970 Epit.c.
2740 4899 2861 4963 147,
2887 4900 3034 4970 quod
3060 4908 3301 4969 priestat.

1733 5020 2091 5076 VARIORUM
2132 5019 2365 5077 NOTAE.

486 5114 597 5186 (45)
650 5115 745 5186 Ἐκ
786 5113 1013 5186 παίδων
1054 5131 1189 5167 σου.
1219 5113 1383 5169 Nouit
1414 5114 1717 5186 Cotelerius
1766 5116 1819 5169 in
1874 5131 1984 5168 uno
2012 5122 2053 5179 c
2086 5128 2192 5170 etc.
2223 5115 2373 5169 Unde
2405 5128 2510 5186 non
2541 5112 2776 5167 absurde
2814 5113 3038 5186 colligas
3080 5108 3651 5186 pseudo-Clementem

415 5184 601 5239 codice
645 5184 833 5238 Graice
881 5184 1067 5238 haberi
1104 5186 1168 5237 ἐκ
1198 5186 1386 5248 παιδός
1434 5202 1549 5237 σου.
1603 5184 1785 5240 Pluris
1820 5188 1984 5240 refert

414 5256 720 5324 expendere
756 5270 881 5324 qua!
902 5257 1115 5309 ratione
1139 5256 1260 5309 libri
1289 5256 1738 5324 Recognitionum,
1762 5256 1853 5323 qui
1880 5258 1983 5310 sub

413 5322 712 5378 Clementis
752 5325 819 5377 ad
858 5322 1118 5378 Jacobum
1162 5326 1383 5379 fratrem
1428 5322 1648 5378 Domini
1691 5322 1983 5380 scribentis

415 5395 631 5447 conficti
667 5403 821 5464 sunt,
853 5394 1195 5449 iiicboeiitur.
1234 5395 1503 5464 incipiunt
1548 5410 1743 5462 nempe
1784 5396 1852 5448 ab
1897 5396 1982 5450 bis

414 5464 595 5519 Verbis
618 5482 629 5516 ε
653 5463 764 5533 Ego
784 5463 1043 5527 Clemens,
1059 5467 1115 5516 in
1132 5465 1257 5519 urbe
1277 5463 1512 5517 fluuiana
1528 5475 1712 5528 natus,
1727 5480 1791 5518 ex
1808 5468 1983 5533 prima

419 5535 879 5605 clatepudicitiw
910 5536 1143 5587 studium
1166 5537 1332 5605 gessi;
1359 5537 1481 5587 dum
1510 5551 1588 5588 me
1616 5536 1781 5587 animi
1815 5536 1985 5588 inten-

420 5604 494 5656 tio
522 5604 657 5657 rclut
684 5605 904 5657 vinculis
924 5604 1241 5674 quibusdam
1267 5605 1643 5659 sollicitudinis
1661 5614 1709 5657 et
1742 5606 1981 5659 maeroris

418 5674 666 5726 innexum
700 5684 913 5727 teneret.
937 5673 1143 5729 rlnerat
1173 5679 1313 5729 enim
1342 5675 1471 5727 milii
1509 5676 1760 5744 cogitatio
1790 5676 1985 5743 (incer-

418 5755 527 5794 tum
566 5760 692 5797 sane
721 5745 857 5797 unde
895 5745 1105 5797 initium
1152 5746 1506 5814 sumpserit);
1541 5746 1720 5797 crebro
1751 5747 1890 5798 enim
1920 5744 1988 5797 ad

414 5816 727 5872 miliarium
760 5829 927 5868 meam
949 5816 1295 5871 conditionem
1328 5814 1670 5870 mortalitatis
1703 5816 1989 5883 adducens,

2098 5188 2251 5240 libris
2286 5186 2391 5238 illis
2424 5184 2474 5236 id
2495 5194 2774 5251 praestare,
2795 5184 2936 5251 quod
2970 5183 3130 5235 modo
3163 5181 3651 5251 praecipitur;cum

2096 5258 2163 5309 ab
2208 5256 2338 5324 ipsis
2369 5248 2613 5322 pueritiae
2649 5270 2762 5307 sua:
2800 5248 3237 5324 cogitationibus
3269 5248 3474 5303 Jacobo
3518 5264 3655 5324 pan-

2089 5319 2279 5380 dend'is
2293 5319 2573 5378 exordium
2597 5332 2796 5376 sumat.
2819 5319 3083 5389 Quocirca
3108 5319 3331 5374 minime
3352 5319 3652 5389 assentien-

2089 5398 2218 5449 dum
2258 5396 2469 5448 videtur
2500 5394 2719 5456 Bulino,
2749 5386 3159 5461 qui-epistolam
3186 5390 3327 5444 lianc
3348 5390 3523 5461 libris
3544 5386 3649 5441 Ile--

2088 5467 2451 5542 cognitionum
2479 5473 2705 5542 tempore
2738 5458 3090 5542 posteriorem
3104 5468 3305 5537 censet.
3335 5458 3509 5542 Com.

2159 5526 2267 5605 (44)
2307 5533 2418 5605 Καὶ
2464 5526 2766 5605 ὑπἀὐτοῦ
2796 5530 3296 5599 διαπεμφθέντων.
3352 5527 3518 5593 Quasi
3548 5526 3651 5581 Pe-

2090 5613 2209 5658 trus
2234 5602 2300 5658 ad
2330 5604 2593 5657 Jacobum
2623 5602 2864 5656 misisset
2893 5616 3171 5655 sermones
3201 5609 3254 5652 et
3282 5608 3439 5653 actus
3480 5612 3644 5662 suos,

2096 5675 2200 5727 boc
2234 5684 2337 5737 est,
2382 5674 2581 5727 librum
2613 5673 2796 5725 forsan
2829 5672 3060 5725 Actuum
3101 5680 3156 5723 et
3205 5668 3644 5737 dissertationiim

2097 5744 2263 5809 Petri,
2297 5734 2418 5797 eum
2468 5744 2561 5812 qui
2602 5758 2632 5797 a
2676 5740 2871 5795 Pliotio
2902 5740 3133 5812 inveniri
3168 5754 3274 5794 non
3312 5740 3507 5810 potuit.
3540 5734 3647 5793 Sed

2101 5813 2327 5877 Rulinus
2358 5809 2537 5870 solens
2560 5829 2709 5869 inore
2733 5827 2832 5869 suo
2863 5812 3063 5867 turbat.
3096 5809 3172 5866 ι».
