3868 6212
148 336 213 394 5?
1264 334 1720 393 CLEMENTINA.
1762 367 1828 376 —
1865 335 2147 391 IIOMILIA
2186 336 2225 390 l.
3348 339 3423 388 53

224 466 3411 505 W

1399 588 2168 677 ΚΛΗΜΕΝΤΟΣ

862 736 1001 789 ΤΩΝ
1026 735 1329 789 ΠΕΤΡΟΥ
1360 732 1782 787 ΕΠΙΔΗΜΙΩΝ
1811 730 2173 785 ΚΗΡΥΓΜΑ
2186 728 2324 782 ΤΩΝ
2351 724 2699 780 ΕΠΙΤΟΜΗ.

432 1046 544 1106 DE
604 1040 1356 1105 PRJEDICATIONIBUS
1407 1036 1646 1099 PETRI
1704 1034 1951 1095 INTER
2006 1026 2697 1093 PEREGRINANDUM
2748 1027 3128 1090 ΕΡΙΤΟΜΕ.

681 1268 787 1338 25
816 1268 1077 1321 'OMIAIA
1099 1268 1178 1320 A'.

205 1363 250 1417 1.
288 1360 437 1431 Ἐγὼ
462 1361 720 1432 Κλήμης,
765 1361 1052 1431 Ῥωμαίων
1096 1358 1321 1430 πολίτης
1358 1356 1464 1420 ὢν,
1514 1357 1611 1411 καὶ
1641 1356 1739 1428 τὴν

132 1455 372 1527 πρώτην
396 1454 613 1526 ἠλικίαν
635 1454 925 1525 σωφρόνως
946 1453 1104 1524 ζῆσαι
1132 1452 1426 1522 δεδύνημαι
1450 1451 1514 1513 ⁸⁷,
1539 1450 1638 1519 τῆς
1656 1451 1741 1501 ὲν-

134 1551 289 1612 νοίας
322 1565 427 1620 μου
460 1550 525 1600 ἐκ
558 1546 743 1609 παιδὸς
769 1546 1183 1616 ἀπασχολούσης
1214 1546 1312 1616 τὴν
1345 1546 1403 1596 ἐν
1443 1543 1568 1615 ἐμοὶ
1614 1544 1738 1595 ἐπι-

131 1639 343 1710 θυμίαν
380 1640 461 1703 εἷς
507 1657 567 1692 τε
606 1638 843 1709 ἀθυμίας
890 1638 986 1692 καὶ
1033 1637 1251 1700 πόνους.
1284 1637 1457 1706 Συνῆν
1499 1634 1609 1705 γάρ
1648 1651 1738 1705 μοι

128 1731 407 1806 λογισμὸς
438 1734 539 1786 οὐκ
574 1728 692 1784 οἶδα
724 1730 889 1784 πόθεν
915 1732 1015 1802 τὴν
1048 1730 1223 1802 ἀρχὴν
1247 1728 1447 1792 λαϐὼν,
1480 1729 1608 1800 περὶ
1638 1727 1735 1780 θα-

132 1826 304 1879 νάτου
362 1824 577 1887 πυκνὰς
608 1824 932 1894 ποιούμενος
981 1824 1339 1892 ὑπομνήσεις,
1376 1822 1459 1874 ὅτι
1500 1820 1610 1891 ἄρα
1636 1819 1736 1872 θα-

136 1917 245 1970 «ira
275 1916 381 1970 οὔκ
414 1918 534 1987 εἰμι
558 1918 650 1969 καὶ
674 1916 793 1968 οὐδὲ
829 1917 1047 1987 μνήμην
1074 1932 1159 1977 τις
1190 1914 1407 1984 ποιήσει
1435 1911 1535 1983 μού
1565 1929 1695 1965 ποτε
1720 1952 1733 1976 ,

130 2009 231 2063 τοῦ
290 2010 527 2081 ἀπείρου
570 2009 763 2081 χρόνου
801 2008 1019 2060 πάντων
1054 2007 1099 2039 ⁸⁸
1130 2005 1200 2059 τὰ
1237 2006 1417 2059 πάντα
1448 2007 1528 2070 είς
1565 2004 1736 2077 λήθην

130 2102 424 2173 φέροντος,
468 2100 663 2171 ἔσομαι
707 2100 762 2152 δὲ
795 2101 896 2153 οὐκ
927 2098 1003 2153 ὢν
1026 2139 1041 2163 ,
1065 2100 1166 2152 οὐκ
1196 2099 1354 2163 ὄντας
1380 2101 1424 2139 ⁸⁸
1463 2100 1640 2164 εἰδὼς,
1673 2102 1735 2153 οὐ

132 2192 461 2261 γινώσκων,
497 2194 557 2245 οὐ
590 2192 1015 2263 γινωσκόμενος,
1050 2191 1111 2244 οὐ
1144 2191 1404 2261 γεγονὼς,
1427 2192 1489 2244 οὑ
1521 2194 1738 2264 γινόμε-

129 2303 245 2349 νος·
283 2287 384 2338 καὶ
422 2282 534 2357 ἆρά
560 2287 606 2316 ⁷⁹
635 2302 767 2337 ποτε
800 2285 1023 2353 γέγονεν
1049 2286 1077 2338 ὁ
1112 2283 1314 2355 κόσμος
1336 2325 1350 2348 ,
1381 2284 1477 2338 καὶ
1505 2285 1612 2357 πρὸ
1640 2285 1735 2338 τοῦ

130 2378 393 2446 γενέσθαι
432 2377 485 2430 τί
530 2378 653 2441 ἐτὸς
678 2374 778 2449 ἦν;
811 2379 859 2431 εί
882 2377 991 2449 γάρ
1016 2374 1083 2449 ἦν
1114 2378 1229 2441 ἀεὶ,
1259 2378 1355 2431 καὶ
1388 2377 1564 2430 ἔσται·
1600 2379 1648 2429 εί
1679 2377 1735 2430 δὲ

130 2472 353 2539 γέγονε,
392 2472 485 2524 καὶ
516 2471 846 2542 λυθήσεται·
877 2471 973 2524 καὶ
1004 2469 1143 2541 μετά
1168 2470 1325 2528 λύσιν
1355 2469 1407 2523 τί
1440 2470 1550 2542 ἄρα
1582 2470 1736 2523 ἔσται

134 2564 327 2627 πάλιν,
362 2566 413 2617 εί
450 2565 525 2636 μὴ
557 2565 699 2634 τάχα
734 2565 861 2636 σιγὴ
894 2564 990 2617 καὶ
1014 2564 1151 2636 λήθη
1179 2580 1193 2629 ;
1222 2564 1383 2617 καὶ⁷¹
1412 2563 1555 2635 τάχα
1581 2563 1731 2615 ἔσται

135 2674 187 2697 τι
246 2657 277 2697 ὃ
309 2657 409 2697 m-m
436 2658 623 2697 υηῖητηι
657 2658 718 2697 ἢεί
750 2657 975 2697 δυνατόν

1845 2563 2050 2604 θειιιμων
2083 2563 2322 2601 σλδιιιιι,
2356 2563 2560 2603 θσιιιμει
2603 2563 2708 2587 ειη
2741 2574 2753 2586 σ
2795 2563 2839 2587 δι
2871 2563 3053 2586 αυισηι
3098 2563 3273 2587 luctu:
3302 2563 3418 2595 εδι.

1845 2628 1999 2688 etiam
2034 2627 2363 2681 dissolvetur
2395 2646 2407 2681 :
2435 2636 2487 2681 et
2520 2637 2644 2697 post
2694 2627 3113 2681 dissolutionem
3149 2628 3278 2697 quid
3312 2628 3421 2683 erit

135 2674 216 2721 τι,
246 2657 277 2711 ὅ
309 2657 409 2711 νῦν
436 2658 628 2727 νοῆσαι
657 2658 718 2710 οὐ
750 2657 995 2712 δυνατόν.

211 2921 276 2975 ll.
314 2921 507 2975 Ταῦτά
538 2939 597 2974 τε
624 2922 719 2975 καὶ
751 2921 819 2975 τὰ
850 2921 1063 2985 τούτοις
1106 2922 1270 2993 ὃμοια
1299 2922 1400 2976 οὐκ
1429 2919 1544 2976 οἶδα
1572 2922 1736 2976 πόθεν

136 3015 437 3077 ἀπαύστως
458 3014 878 3085 ἐνθυμούμενος,
901 3014 1164 3086 ὀδυνηρὰν
1186 3012 1332 3086 εἶχον
1351 3015 1527 3087 λύπην
1547 3015 1735 3071 τοσοῦ-

138 3107 354 3173 τον,ὡς
373 3108 689 3178 ὡχριακότα
726 3125 794 3178 με
822 3106 1107 3179 τήκεσθαι·
1140 3108 1236 3162 καὶ
1259 3108 1368 3180 26
1400 3109 1460 3162 τὸ
1492 3109 1733 3162 δεινότα-

137 3218 231 3253 τον
256 3241 272 3264 ,
332 3200 389 3253 εἴ
429 3217 560 3252 ποτε
594 3197 920 3253 ἀπώσασθαι
940 3200 1040 3271 τὴν
1073 3200 1327 3272 φροντίδα
1363 3201 1439 3264 ὡς
1483 3201 1736 3272 ἀνωφελῆ

140 3292 579 3363 ἐϐουλευσάμην,
606 3292 974 3364 ἀκμαιότερόν
1004 3310 1093 3363 μοι
1130 3293 1329 3364 μᾶλλον
1354 3292 1416 3346 τὸ
1439 3294 1609 3358 πάθος
1624 3294 1737 3363 ἐγί-

138 3403 300 3448 νετο,
354 3385 452 3438 xui.
498 3384 747 3456 ἠχθόμην
789 3386 884 3439 ἐπὶ
918 3385 1125 3456 τούτῳ,
1168 3386 1269 3439 οὐκ
1312 3384 1475 3448 εἰδὼς
1493 3385 1738 3439 σύνοικον

141 3480 315 3550 καλὴν
346 3479 488 3551 ἔχων
518 3479 723 3532 ἔννοιαν
742 3519 756 3542 ,
781 3479 1079 3543 ἀθανασίας
1110 3479 1323 3548 ἀγαθὴν
1351 3481 1398 3511 ⁷²
1436 3478 1613 3532 αἰτίαν
1646 3496 1738 3551 μοι

140 3572 523 3643 γενησομένην
566 3572 635 3636 ⁷³,
673 3572 750 3635 ὡς
784 3570 1012 3643 ὕστερον
1056 3575 1125 3643 τῇ
1164 3571 1331 3643 πείρᾳ
1363 3572 1607 3641 ἐπέγνων
1644 3574 1740 3626 καὶ

292 3664 379 3735 τῷ
408 3663 625 3717 πάντων
652 3663 889 3737 δεσπότῃ
916 3664 1319 3735 ηὐχαρίστησα.
1352 3664 1489 3717 Ὑπὸ
1511 3663 1620 3735 γὰρ
1640 3664 1741 3735 τῆς

143 3758 266 3809 κατ’
300 3756 481 3827 ἀρχὰς
530 3754 818 3827 θλιϐούσης
855 3773 937 3827 με,
966 3755 1175 3819 ἐννοίας
1196 3757 1276 3819 είς
1302 3755 1401 3827 τὴν
1429 3755 1537 3809 τῶν
1562 3773 1741 3828 πραγ-

145 3847 343 3919 μάτων
378 3847 603 3918 ζήτησιν
652 3849 745 3901 καὶ
777 3846 997 3919 εὕρεσιν
1025 3847 1379 3919 ἠναγκάσθην
1414 3847 1605 3901 ἐλθεῖν·
1646 3849 1741 3902 καὶ

1766 1180 1839 1192 .-

2379 1257 2663 1311 HOMILIA
2703 1257 2935 1314 PRIMA.

1912 1353 1953 1409 1.
1990 1352 2102 1420 Ego
2159 1352 2441 1416 Clemens,
2475 1352 2610 1406 civis
2663 1351 2985 1416 Romanus,
3018 1351 3253 1419 primam
3291 1362 3423 1407 aeta-

1841 1452 1947 1497 tem
1989 1445 2184 1514 pudice
2239 1459 2304 1497 ac
2360 1452 2729 1512 temperanter
2775 1442 2957 1496 vivere
3008 1442 3178 1507 valui,
3227 1458 3351 1497 cum
3382 1456 3418 1499 a

1840 1539 2070 1608 pueritia
2129 1553 2283 1591 mens
2330 1552 2450 1590 mea
2511 1546 2674 1605 atque
2733 1536 2992 1605 cogitatio
3058 1535 3417 1590 inhaerentem

1840 1628 1972 1682 mihi
1991 1627 2343 1696 cupiditatem
2374 1634 2623 1679 avocaret
2651 1626 2717 1679 ad
2752 1642 3015 1680 tnmrores
3036 1634 3089 1679 et
3111 1625 3412 1683 molestias.

1843 1718 2026 1773 Inerat
2052 1718 2197 1773 enim
2229 1717 2621 1779 consideratio,
2653 1718 2840 1771 nescio
2869 1717 3012 1770 unde
3038 1717 3229 1771 oborta
3249 1758 3262 1781 ,
3294 1734 3425 1785 qua:

1838 1813 2031 1865 crebro
2062 1810 2257 1864 mortis
2284 1810 2669 1863 commonebat
2702 1810 2883 1879 :quod
2918 1810 3106 1877 utique
3132 1820 3251 1879 post
3270 1826 3421 1864 mor-

1838 1915 1946 1957 tem
1981 1918 2089 1956 non
2122 1902 2249 1965 sim,
2285 1918 2461 1971 neque
2501 1917 2733 1970 usquam
2763 1901 2869 1954 mei
2907 1902 3239 1957 mentionem
3265 1904 3421 1973 quis-

1837 2010 2003 2064 quam
2037 1993 2286 2047 facturus
2313 1993 2404 2058 sit,
2437 1992 2647 2046 scilicet
2694 1992 2965 2046 immenso
2997 2002 3244 2061 tempore
3274 2009 3417 2048 cun-

1837 2098 2047 2142 ctorum
2078 2096 2273 2140 cuncta
2313 2085 2729 2139 in’obliviouem
2754 2084 3075 2150 adduconte,
3101 2085 3202 2139 sim
3235 2095 3421 2141 autem

1839 2193 1946 2230 non
1994 2175 2253 2239 existens,
2315 2190 2411 2228 eos
2444 2174 2535 2243 qui
2583 2183 2713 2227 sunt
2762 2189 2869 2225 non
2916 2188 3283 2241 cognoscens;
3318 2190 3425 2231 nec

1836 2282 2200 2337 cognoscens,
2235 2280 2334 2318 nec
2362 2264 2644 2333 cognitus;
2700 2263 2906 2333 quique
2963 2264 3262 2333 aliquando
3306 2280 3422 2318 non»

1838 2359 2069 2423 fuerim,
2110 2366 2163 2410 et
2195 2365 2324 2409 tunc
2354 2372 2461 2408 non
2518 2355 2662 2409 siin?
2711 2354 2776 2408 Et
2822 2371 2890 2408 an
2941 2354 3116 2409 factus
3146 2355 3216 2408 sit
3260 2371 3422 2408 mun-

1836 2445 1980 2511 dus;
2019 2452 2073 2498 et
2105 2454 2395 2511 antequam
2429 2444 2610 2507 fieret,
2644 2443 2905 2511 quidnam
2948 2441 3156 2496 fuerit?
3199 2440 3334 2496 Nam
3370 2442 3421 2495 si

1837 2550 2053 2604 semper
2083 2535 2322 2601 exstitit,
2355 2548 2570 2603 semper
2603 2534 2708 2587 erit
2741 2551 2754 2586 :
2795 2533 2839 2587 si
2871 2541 3053 2586 autem
3097 2532 3273 2587 factus
3302 2544 3418 2595 est,

1837 2718 2059 2781 iterum,
2101 2719 2205 2772 nisi
2240 2717 2380 2772 forte
2404 2718 2683 2773 silentium
2736 2727 2791 2772 et
2842 2718 3085 2773 oblivio?
3115 2718 3182 2772 Et
3231 2718 3419 2774 forsan

1834 2808 1942 2863 erit
1992 2808 2221 2878 aliquid,
2270 2808 2415 2879 quod
2450 2824 2597 2863 nunc
2645 2808 2889 2878 cogitare
2918 2816 3003 2863 est
3052 2807 3416 2877 impossibile.

1907 2938 1972 2994 ll.
2008 2937 2134 2995 ilzec
2178 2949 2341 3009 atque
2393 2940 2479 2994 his
2527 2939 2765 3005 similia,
2791 2941 2979 2995 nescio
3009 2941 3173 3005 unde,
3208 2941 3418 2996 indesi-

1837 3039 2031 3085 nenter
2070 3032 2354 3102 cogitans,
2388 3030 2642 3085 acerbam
2682 3031 2820 3085 adeo
2863 3031 2980 3101 cepi
3016 3030 3296 3086 tristitiam
3318 3074 3333 3097 ,
3358 3039 3421 3086 ut

1838 3123 2097 3194 pallerem
2129 3138 2194 3179 ac
2218 3123 2597 3178 tabescerem:
2633 3130 2688 3176 et
2737 3122 2884 3191 quod
2937 3120 3415 3186 molestissimum,

1838 3215 1886 3269 si
1914 3214 2134 3285 quando
2164 3229 2285 3269 eam
2314 3213 2739 3269 sollicitudinem
2764 3220 3023 3283 tanquam
3056 3211 3302 3265 inutilem
3330 3225 3419 3263 rc-

1839 3308 2041 3376 pellere
2070 3306 2369 3377 c0gitarem
2391 3346 2405 3372 ,
2452 3305 2833 3359 vehementior
2863 3302 3038 3357 multo
3069 3317 3157 3356 me
3187 3300 3419 3371 urgebat

1839 3400 2065 3454 aﬂ'ectus
2101 3416 2114 3453 :
2147 3412 2379 3468 eamque
2404 3412 2519 3452 rem
2543 3411 2685 3467 aegre
2709 3394 2971 3460 ferebam,
2992 3393 3242 3447 nesciens
3270 3390 3419 3462 quod

1839 3488 2291 3544 contubernalem
2323 3486 2643 3557 praeclaram
2676 3484 2935 3540 haberem
2969 3498 3087 3536 eam
3132 3480 3419 3551 cogitatio-

1840 3597 1987 3649 nem,
2016 3596 2138 3651 quze
2179 3579 2314 3634 mihi
2366 3578 2508 3633 bona
2553 3574 2980 3632 immortalitatis
3019 3573 3159 3627 foret
3208 3586 3416 3634 causa,

1839 3672 2301 3744 quemadmodum
2348 3678 2537 3741 postea
2572 3670 2905 3740 experientia
2947 3667 3179 3735 agnovi,
3216 3673 3272 3719 et
3306 3662 3418 3717 Deo

1840 3771 2167 3818 cunctorum
2201 3760 2436 3814 Domino
2467 3758 2677 3831 gratias
2721 3758 2831 3830 egi.
2886 3756 3023 3811 Cum
3050 3755 3197 3809 enim
3232 3768 3319 3807 me
3347 3754 3418 3806 ab

1841 3855 1998 3909 initio
2030 3855 2119 3908 illa
2149 3852 2517 3909 consideratio
2550 3862 2839 3922 premeret,
2861 3848 2929 3904 ad
2959 3864 3139 3904 rerum
3176 3845 3411 3917 inquisi-

139 3943 267 3995 τὸτε
296 3940 613 4003 ἐταλάνιξον
645 3940 741 4004 οὓς
782 3940 883 4011 τὴν
916 3940 1091 4011 ἀρχὴν
1130 3940 1197 3993 δι’
1242 3940 1465 4010 ἄγνοιαν
1513 3943 1738 4014 μακαρί-

1845 3946 2046 4000 tionem
2078 3955 2131 3999 et
2176 3944 2547 3998 inventionem
2589 3943 2776 3998 venire
2805 3950 3031 3997 coactus
3056 3956 3177 3995 sum
3210 3958 3224 3994 :
3250 3948 3413 3994 tunc-

142 4034 263 4099 ζειν
296 4032 655 4086 ἐκινδύνευον.

219 4211 312 4266 Ill.
355 4212 452 4265 Ἐκ
480 4211 671 4274 παιδὸς
702 4205 795 4264 οὖν
825 4209 1041 4281 ἡλικίας
1061 4210 1138 4264 ὢν
1170 4211 1228 4264 ἐν
1274 4211 1539 4275 τοιούτοις
1583 4211 1735 4281 λογι-

147 4308 333 4374 σμοῖς,
362 4304 520 4379 χάρει
541 4304 635 4357 τοῦ
662 4302 853 4374 μαθεῖν
876 4320 928 4356 τι
958 4303 1191 4373 βέϐαιον,
1219 4305 1299 4367 είς
1322 4304 1421 4367 τὰς
1448 4305 1557 4357 τῶν
1586 4306 1736 4375 φιλο-

148 4400 333 4466 σόφων
356 4397 585 4466 ἐφοίτων
610 4396 916 4467 διατριϐάς·
948 4397 1039 4450 καί
1065 4397 1221 4450 οὐθὲν
1245 4398 1429 4479 ἐτείων
1462 4396 1667 4469 ἐώρων,
1700 4399 1735 4470 ἦ

144 4489 439 4560 δογμάτων
486 4488 793 4551 ἀνασκευὰς
832 4489 927 4542 καὶ
960 4488 1308 4552 κατασκευὰς
1338 4490 1432 4541 καὶ
1465 4488 1608 4561 ἕρεις
1648 4492 1744 4543 καὶ

147 4580 483 4648 φιλονεικίας
515 4581 608 4634 καὶ
654 4580 1024 4650 συλλογισμῶν
1072 4582 1267 4651 τέχνας
1311 4582 1404 4635 καὶ
1439 4580 1741 4652 λημμάτων

146 4672 425 4735 ἐπινοίας·
463 4674 558 4725 καὶ
587 4673 677 4726 ότέ
701 4672 750 4704 ⁷⁸
779 4672 879 4743 μὲν
912 4673 1233 4744 ἐπεκράτει,
1270 4673 1402 4745 φέρε
1430 4673 1627 4742 λέγειν,
1656 4675 1740 4728 ὅτι

147 4765 423 4828 ἀθάνατος
443 4768 475 4836 ἡ
499 4764 667 4835 ψυχὴ,
691 4764 779 4817 ὁτὲ
800 4764 857 4817 δὲ
886 4765 966 4817 ὃτι
993 4764 1180 4836 θνητή.
1210 4764 1280 4818 Εἴ
1310 4781 1441 4818 ποτε
1484 4761 1575 4819 οὖν
1616 4768 1745 4819 ἐπε-

150 4858 349 4928 κράτει
365 4857 523 4925 λόγος
543 4857 624 4910 ὅτι
648 4856 930 4921 ἀθάνατος,
949 4856 1183 4929 ἔχαιρον·
1199 4857 1356 4910 ὁπότε
1376 4858 1431 4910 δὲ
1451 4859 1531 4912 ὅτι
1553 4859 1741 4931 θνητὴ,

150 4949 498 5020 ἐλυπούμην·
536 4949 721 5003 πλεῖον
747 4949 804 5002 δὲ
836 4950 883 4981 ⁷⁸
914 4950 1191 5020 ἠθύμουν,
1222 4951 1304 5003 ὅτι
1332 4952 1440 5004 οὐδ’
1482 4952 1745 5023 ὁπότερον

151 5043 231 5109 εις
260 5042 359 5097 τὸν
390 5042 522 5113 ἐμὸν
556 5042 851 5113 βεδαιιῖισαι
876 5041 1001 5096 νοῦν
1028 5043 1336 5115 ἠδυνάμην·
1371 5045 1513 5117 πλὴν
1544 5046 1591 5077 ⁷⁸
1617 5063 1743 5099 συν-

1438 5120 1460 5145 ε

1845 4054 1953 4107 que
1986 4038 2217 4092 miseros
2243 4035 2486 4106 judicavi
2508 4075 2522 4099 ,
2555 4050 2695 4105 quos
2734 4033 3005 4104 principio
3030 4046 3128 4102 per
3160 4031 3421 4102 ignoran-

1844 4131 1978 4185 tiam
2002 4130 2189 4183 beatos
2220 4128 2518 4197 praedicare
2550 4142 2718 4180 ausus
2763 4124 2994 4179 fueram.

1916 4218 2004 4273 ΙΙΙ.
2030 4219 2199 4290 igitur
2222 4234 2346 4273 cum
2372 4235 2401 4272 a
2430 4218 2625 4288 puerili
2651 4225 2809 4270 aetate
2830 4215 2882 4268 in
2912 4210 3228 4282 hujusmodi
3250 4210 3421 4281 dege-

1843 4329 1958 4367 rem
1993 4312 2452 4381 cugitationibus,
2481 4324 2592 4379 quo
2642 4308 2846 4377 aliquid
2879 4305 3011 4361 certi
3045 4303 3419 4364 addiscerem,

1846 4403 1913 4457 ad
1958 4403 2408 4473 phi1050phorum
2459 4400 2821 4455 adventabam
2876 4396 3127 4461 scholas;
3174 4393 3424 4462 nihilque

1844 4494 1991 4547 aliud
2032 4494 2359 4558 cernebam,
2415 4507 2581 4562 quam
2648 4490 2962 4560 dogmatum
3021 4484 3429 4540 destructiones

1841 4593 1896 4639 et
1957 4585 2359 4647 astructiones,
2410 4584 2538 4637 item
2592 4581 2716 4635 lites
2786 4588 2840 4633 et
2897 4576 3310 4638 contentiones,
3367 4582 3423 4625 et

1843 4677 2285 4748 syllogismorum
2326 4675 2579 4738 artificia,
2612 4688 2825 4728 necnon
2851 4672 3225 4738 sumptionum
3255 4680 3427 4720 exeo“

1846 4769 2139 4839 gitationes
2167 4787 2180 4822 :
2214 4777 2269 4823 et
2307 4766 2583 4822 interdum
2614 4764 2835 4835 quidem
2866 4760 3227 4832 praevalebat,
3269 4754 3427 4810 verbi

1845 4864 2041 4933 gratia,
2095 4862 2335 4915 animam
2384 4876 2506 4916 esse
2560 4856 2945 4920 immortalem,
2995 4851 3270 4907 interdum
3322 4863 3423 4902 au-

1848 4964 1956 5008 tem
2011 4955 2297 5007 mortalem
2354 4966 2499 5008 esse.
2554 4950 2613 5005 Si
2669 4946 2893 5019 quando
2933 4944 3099 5015 igitur
3144 4952 3326 4995 sermo
3353 4937 3427 4992 de

1849 5046 1999 5101 illius
2041 5045 2451 5101 immortalitate
2482 5042 2787 5105 obtinebat,
2821 5038 3086 5103 laetabar;
3129 5050 3255 5091 cum
3290 5048 3420 5088 vero

1464 5184 1700 5239 VAHIIE
1740 5184 2143 5241 LECTIONES.

226 5321 273 5351 ⁸⁷
320 5318 649 5387 Scripserim
689 5334 739 5372 (⁵·
774 5317 819 5373 ο
846 5318 1222 5389 δεδυνημένος,
1256 5319 1348 5373 sed
1377 5319 1557 5373 obstat
1585 5319 1679 5372 καί
1701 5319 1893 5389 capula
1924 5320 2254 5385 praecedens.
2287 5316 2665 5389 Nominativus
2684 5313 2978 5389 absolutus
3000 5310 3191 5389 prima}
3216 5308 3420 5377 periodi

154 5380 486 5512 egigraphe's
522 5388 686 5442 modo
716 5390 812 5442 toti
839 5380 1141 5443 narrationi
1168 5380 1443 5512 eleganter
1490 5380 1875 5458 prmligo-reiur.
1927 5380 1997 5421 ’⁸⁸
2028 5390 2245 5451 πάντως
2278 5388 2421 5458 conj.
2474 5388 2532 5441 S.
2610 5386 2662 5466 ’ξ
2682 5384 2937 5438 Fortasse
2977 5380 3038 5436 οὐ
3072 5380 3135 5435 τὰ
3164 5380 3295 5433 ὄντα
3327 5395 3421 5460 pro

154 5477 185 5512 ο
222 5478 258 5512 κ
308 5459 471 5512 ὄντας
502 5457 563 5512 S.
604 5457 742 5512 Tum
769 5459 829 5511 οὐ
853 5459 964 5512 γὰρ
992 5457 1228 5512 γεγονώς
1326 5475 1410 5512 nr.
1440 5476 1588 5512 man.
1666 5460 1712 5491 "°
1741 5460 1849 5512 άοα
1877 5458 1943 5512 C.
2018 5461 2061 5491 '”
2098 5461 2191 5512 καὶ
2222 5460 2254 5512 ἦ
2284 5458 2348 5512 Ο.
2425 5458 2470 5490 ⁷¹
2492 5456 2701 5512 ἁγαθης
2728 5453 2791 5509 C.
2869 5451 3217 5512 ⁷⁸γενομένην
3247 5449 3309 5503 (ἶο
3342 5467 3421 5512 τῳ

222 5457 275 5513 κ’
308 5459 471 5521 ὄντας
502 5457 563 5513 S.
604 5457 742 5512 Tum
769 5459 829 5511 οὐ
853 5459 964 5530 γὰρ
992 5457 1228 5527 γεγονώς

158 5540 289 5595 ante
318 5529 541 5582 πάντων
572 5530 773 5583 excidit
794 5544 824 5582 e
850 5527 1168 5585 recensione
1194 5527 1898 5595 Clerieo-Schwegleriana.

1326 5475 1410 5540 ρν-
1439 5476 1588 5540 91%"-
1666 5460 1712 5540 ἶ⁰
1741 5460 1849 5540 ᾅρα
1877 5458 1943 5515 C-
2003 5461 2061 5540 1‘
2093 5461 2191 5540 θεῷ

2284 5458 2348 5512 Ο.
2380 5449 2399 5458 ⁷
2425 5458 2470 5490 ⁷¹
2492 5455 2701 5577 ἀγαθῖξς
2728 5453 2791 5509 C.
2869 5451 3217 5522 ⁷⁸γενομένην
3247 5449 3309 5503 (Σ.
3342 5449 3422 5534 τῷ

2284 5546 2305 5577 ν
2331 5555 2404 5567 -—
2433 5528 2521 5577 ὁτὲ
2560 5525 2618 5577 δέ
2710 5522 2777 5577 Ο.
2824 5523 2911 5575 ὅτε
2947 5522 3043 5577 μὲν
3067 5550 3138 5561 -—
3160 5520 3249 5572 ὅτε
3270 5518 3327 5571 δέ
3353 5520 3416 5573 (λ.

2003 5531 2050 5561 τι
2083 5503 2191 5582 δεὶέ
2207 5503 2625 5597 ιλὲκῖζ-ηὸτέέὲέ
2641 5503 2697 5577 ἕ
2710 5503 2793 5597 ρζ
2824 5523 2911 5575 ὅτε
2932 5503 3138 5597 lay.—
3160 5503 3249 5572 ἑτι
3270 5518 3327 5571 δέ
3353 5503 3416 5597 c'.

166 5593 310 5669 fflta
357 5600 539 5669 locum
586 5598 778 5669 Asanavi
807 5614 875 5669 ex
904 5596 969 5653 Ο.
1001 5598 1178 5669 Prope
1231 5599 1443 5669 accedit
1506 5586 1772 5669 Ερὶιόηιε,
1820 5615 1985 5667 quam
2037 5586 2835 5669 ιιὼιιοὶιθιιιο-(Ιοιειρι-ἰο,ειη
2880 5586 3144 5669 auxilium
3180 5589 3414 5669 vocavit.

159 5667 299 5722 V’bb.
325 5670 411 5721 ὅτι
443 5667 636 5738 θνητὴ,
670 5668 1009 5738 ἐλυπούμην·
1045 5660 1229 5721 πλεῖον
1262 5669 1319 5722 δέ
1346 5660 1590 5738 ἠθύμούν
1624 5660 1915 5724 desunt-in
1948 5681 2095 5724 textu
2126 5669 2208 5722 Ci.
2288 5668 2335 5700 ⁷⁸
2376 5666 2607 5720 Rufinus
2650 5664 2853 5718 clarius
2884 5679 2897 5715 :
2933 5660 3022 5714 sed
3043 5662 3153 5738 _Itoc
3204 5666 3421 5738 tantum

161 5729 545 5808 intelligebam;
573 5729 713 5809 quod
744 5729 1015 5809 sententiae
1041 5756 1104 5791 ac
1128 5729 1470 5807 deﬁnitiones.
1490 5755 1661 5793 rerum
1696 5756 1798 5809 non
1830 5756 1927 5809 pro
1955 5752 2152 5795 natura
2179 5739 2263 5793 sui
2298 5755 2361 5793 ac
2382 5738 2605 5792 veritate
2629 5748 2931 5797 causarum,
2964 5729 3052 5784 sed
3080 5744 3173 5800 pro
3199 5729 3426 5798 iisgcmiu

168 5809 567 5879 defendentium
593 5808 745 5877 falsa
773 5808 1195 5879 imaginamttur
1220 5818 1493 5884 autem.
