  <div class='ocr_page' id='page_1' title='image "/cluster/home/n/w/nwhite01/storage/ocr_20150623/2/nnc1.0114695790/039.png"; bbox 0 0 3868 6212; ppageno 0'>
   <div class='ocr_carea' id='block_1_1' title="bbox 463 318 2041 390">
    <p class='ocr_par' dir='ltr' id='par_1_1' title="bbox 463 318 2041 385">
     <span class='ocr_line' id='line_1_1' title="bbox 463 318 2041 385; baseline 0.005 -8"><span class='ocrx_word' id='word_1_1' title='bbox 463 318 533 377; x_wconf 63' lang='lat'><strong>59</strong></span> <span class='ocrx_word' id='word_1_2' title='bbox 1350 325 1406 380; x_wconf 85' lang='lat' dir='ltr'><strong>S.</strong></span> <span class='ocrx_word' id='word_1_3' title='bbox 1448 325 1839 383; x_wconf 80' lang='lat' dir='ltr'><strong>CLEMENTIS</strong></span> <span class='ocrx_word' id='word_1_4' title='bbox 1879 327 1900 383; x_wconf 88' lang='grc'><strong>1</strong></span> <span class='ocrx_word' id='word_1_5' title='bbox 1938 329 2041 385; x_wconf 72' lang='grc' dir='ltr'><strong>ΒΟ]</strong></span> 
     </span>
    </p>
   </div>
   <div class='ocr_carea' id='block_1_2' title="bbox 2149 318 3739 390">
    <p class='ocr_par' dir='ltr' id='par_1_2' title="bbox 2149 328 3739 390">
     <span class='ocr_line' id='line_1_2' title="bbox 2149 328 3739 390; baseline -0.001 -5"><span class='ocrx_word' id='word_1_6' title='bbox 2149 328 2342 385; x_wconf 80' lang='grc' dir='ltr'><strong>ΡΟΝΤ.</strong></span> <span class='ocrx_word' id='word_1_7' title='bbox 2379 329 2607 384; x_wconf 70' lang='grc' dir='ltr'><strong>ΟΡΕΒΑ</strong></span> <span class='ocrx_word' id='word_1_8' title='bbox 2645 331 2877 390; x_wconf 78' lang='lat' dir='ltr'><strong>DUBIA.</strong></span> <span class='ocrx_word' id='word_1_9' title='bbox 3659 331 3739 383; x_wconf 75' lang='lat' dir='ltr'><strong>GU</strong></span> 
     </span>
    </p>
   </div>
   <div class='ocr_carea' id='block_1_3' title="bbox 465 438 2041 533">
    <p class='ocr_par' dir='ltr' id='par_1_3' title="bbox 465 438 2038 512">
     <span class='ocr_line' id='line_1_3' title="bbox 465 438 2038 512; baseline 0.001 -16"><span class='ocrx_word' id='word_1_10' title='bbox 465 452 652 497; x_wconf 75' lang='lat' dir='ltr'><strong>sermo</strong></span> <span class='ocrx_word' id='word_1_11' title='bbox 694 438 763 495; x_wconf 88' lang='lat' dir='ltr'><strong>de</strong></span> <span class='ocrx_word' id='word_1_12' title='bbox 791 440 1159 503; x_wconf 74' lang='lat' dir='ltr'><strong>mortalitate,</strong></span> <span class='ocrx_word' id='word_1_13' title='bbox 1208 439 1385 495; x_wconf 82' lang='lat' dir='ltr'><strong>tristis</strong></span> <span class='ocrx_word' id='word_1_14' title='bbox 1426 454 1576 496; x_wconf 89' lang='lat' dir='ltr'><strong>eram</strong></span> <span class='ocrx_word' id='word_1_15' title='bbox 1610 457 1623 492; x_wconf 88' lang='lat'><strong>:</strong></span> <span class='ocrx_word' id='word_1_16' title='bbox 1652 444 1827 512; x_wconf 88' lang='lat' dir='ltr'><strong>magis</strong></span> <span class='ocrx_word' id='word_1_17' title='bbox 1858 454 2038 499; x_wconf 88' lang='lat' dir='ltr'><strong>autem</strong></span> 
     </span>
    </p>
   </div>
   <div class='ocr_carea' id='block_1_4' title="bbox 2149 438 3739 533">
    <p class='ocr_par' dir='ltr' id='par_1_4' title="bbox 2149 445 3739 533">
     <span class='ocr_line' id='line_1_4' title="bbox 2149 445 3739 533; baseline 0.005 -35"><span class='ocrx_word' id='word_1_18' title='bbox 2149 446 2326 498; x_wconf 86' lang='grc' dir='ltr'>ενὸουν</span> <span class='ocrx_word' id='word_1_19' title='bbox 2386 447 2466 499; x_wconf 82' lang='grc' dir='ltr'>ὅτι</span> <span class='ocrx_word' id='word_1_20' title='bbox 2525 447 2582 499; x_wconf 80' lang='grc' dir='ltr'>αἱ</span> <span class='ocrx_word' id='word_1_21' title='bbox 2655 445 2802 510; x_wconf 74' lang='grc' dir='ltr'>δόξαι</span> <span class='ocrx_word' id='word_1_22' title='bbox 2855 446 2964 499; x_wconf 83' lang='grc' dir='ltr'><strong>τῶν</strong></span> <span class='ocrx_word' id='word_1_23' title='bbox 3030 446 3338 503; x_wconf 79' lang='grc' dir='ltr'><strong>ὑποθέσεων</strong></span> <span class='ocrx_word' id='word_1_24' title='bbox 3391 452 3546 533; x_wconf 74' lang='grc' dir='ltr'>παρὰ</span> <span class='ocrx_word' id='word_1_25' title='bbox 3600 452 3739 517; x_wconf 73' lang='grc' dir='ltr'>τοὺς</span> 
     </span>
    </p>
   </div>
   <div class='ocr_carea' id='block_1_5' title="bbox 467 532 2047 606">
    <p class='ocr_par' dir='ltr' id='par_1_5' title="bbox 467 532 2047 606">
     <span class='ocr_line' id='line_1_5' title="bbox 467 532 2047 606; baseline 0.003 -20"><span class='ocrx_word' id='word_1_26' title='bbox 467 546 662 587; x_wconf 84' lang='lat' dir='ltr'><strong>rursus</strong></span> <span class='ocrx_word' id='word_1_27' title='bbox 694 532 941 585; x_wconf 89' lang='lat' dir='ltr'><strong>animum</strong></span> <span class='ocrx_word' id='word_1_28' title='bbox 974 532 1386 603; x_wconf 87' lang='lat' dir='ltr'><strong>despondebam</strong></span> <span class='ocrx_word' id='word_1_29' title='bbox 1411 574 1427 599; x_wconf 93' lang='lat'><strong>,</strong></span> <span class='ocrx_word' id='word_1_30' title='bbox 1459 535 1605 604; x_wconf 90' lang='lat' dir='ltr'><strong>quod</strong></span> <span class='ocrx_word' id='word_1_31' title='bbox 1636 544 1889 590; x_wconf 89' lang='lat' dir='ltr'><strong>neutrum</strong></span> <span class='ocrx_word' id='word_1_32' title='bbox 1919 553 2047 606; x_wconf 86' lang='lat' dir='ltr'><strong>pos-</strong></span> 
     </span>
    </p>
   </div>
   <div class='ocr_carea' id='block_1_6' title="bbox 468 625 2039 696">
    <p class='ocr_par' dir='ltr' id='par_1_6' title="bbox 468 625 2039 696">
     <span class='ocr_line' id='line_1_6' title="bbox 468 625 2039 696; baseline 0.004 -19"><span class='ocrx_word' id='word_1_33' title='bbox 468 639 581 678; x_wconf 80' lang='lat' dir='ltr'><strong>sem</strong></span> <span class='ocrx_word' id='word_1_34' title='bbox 608 625 775 678; x_wconf 92' lang='lat' dir='ltr'><strong>menti</strong></span> <span class='ocrx_word' id='word_1_35' title='bbox 800 640 935 678; x_wconf 63' lang='lat' dir='ltr'><strong>mea:</strong></span> <span class='ocrx_word' id='word_1_36' title='bbox 959 625 1179 694; x_wconf 83' lang='lat' dir='ltr'><strong>inﬁgere</strong></span> <span class='ocrx_word' id='word_1_37' title='bbox 1206 645 1218 678; x_wconf 92' lang='lat'><strong>:</strong></span> <span class='ocrx_word' id='word_1_38' title='bbox 1244 642 1432 680; x_wconf 88' lang='lat' dir='ltr'><strong>verum</strong></span> <span class='ocrx_word' id='word_1_39' title='bbox 1460 628 1779 696; x_wconf 87' lang='lat' dir='ltr'><strong>reputabam</strong></span> <span class='ocrx_word' id='word_1_40' title='bbox 1804 645 2039 694; x_wconf 89' lang='lat' dir='ltr'><strong>mecum,</strong></span> 
     </span>
    </p>
   </div>
   <div class='ocr_carea' id='block_1_7' title="bbox 468 716 2036 791">
    <p class='ocr_par' dir='ltr' id='par_1_7' title="bbox 468 716 2036 791">
     <span class='ocr_line' id='line_1_7' title="bbox 468 716 2036 791; baseline 0.003 -21"><span class='ocrx_word' id='word_1_41' title='bbox 468 716 770 771; x_wconf 87' lang='lat' dir='ltr'><strong>sententias</strong></span> <span class='ocrx_word' id='word_1_42' title='bbox 826 718 1326 773; x_wconf 73' lang='lat' dir='ltr'><strong>controversiarum</strong></span> <span class='ocrx_word' id='word_1_43' title='bbox 1356 736 1451 787; x_wconf 89' lang='lat' dir='ltr'><strong>pro</strong></span> <span class='ocrx_word' id='word_1_44' title='bbox 1482 720 1691 774; x_wconf 88' lang='lat' dir='ltr'><strong>viribus</strong></span> <span class='ocrx_word' id='word_1_45' title='bbox 1732 737 2036 791; x_wconf 83' lang='lat' dir='ltr'><strong>propugna-</strong></span> 
     </span>
    </p>
   </div>
   <div class='ocr_carea' id='block_1_8' title="bbox 467 807 2043 873">
    <p class='ocr_par' dir='ltr' id='par_1_8' title="bbox 467 807 2043 873">
     <span class='ocr_line' id='line_1_8' title="bbox 467 807 2043 873; baseline 0.004 -14"><span class='ocrx_word' id='word_1_46' title='bbox 467 814 648 859; x_wconf 87' lang='lat' dir='ltr'><strong>torum</strong></span> <span class='ocrx_word' id='word_1_47' title='bbox 674 822 833 859; x_wconf 83' lang='lat' dir='ltr'><strong>veras</strong></span> <span class='ocrx_word' id='word_1_48' title='bbox 861 816 957 859; x_wconf 91' lang='lat' dir='ltr'><strong>aut</strong></span> <span class='ocrx_word' id='word_1_49' title='bbox 996 807 1160 861; x_wconf 80' lang='lat' dir='ltr'><strong>falsas</strong></span> <span class='ocrx_word' id='word_1_50' title='bbox 1185 809 1523 873; x_wconf 73' lang='lat' dir='ltr'><strong>existimari,</strong></span> <span class='ocrx_word' id='word_1_51' title='bbox 1562 826 1667 863; x_wconf 92' lang='lat' dir='ltr'><strong>non</strong></span> <span class='ocrx_word' id='word_1_52' title='bbox 1694 821 1873 864; x_wconf 86' lang='lat' dir='ltr'><strong>autem</strong></span> <span class='ocrx_word' id='word_1_53' title='bbox 1907 814 2043 866; x_wconf 88' lang='lat' dir='ltr'><strong>tales</strong></span> 
     </span>
    </p>
   </div>
   <div class='ocr_carea' id='block_1_9' title="bbox 466 897 2043 970">
    <p class='ocr_par' dir='ltr' id='par_1_9' title="bbox 466 897 2043 970">
     <span class='ocr_line' id='line_1_9' title="bbox 466 897 2043 970; baseline 0.004 -21"><span class='ocrx_word' id='word_1_54' title='bbox 466 897 864 967; x_wconf 79' lang='lat' dir='ltr'><strong>videri,qua|es</strong></span> <span class='ocrx_word' id='word_1_55' title='bbox 883 915 1067 952; x_wconf 88' lang='lat' dir='ltr'><strong>revera</strong></span> <span class='ocrx_word' id='word_1_56' title='bbox 1089 909 1233 953; x_wconf 91' lang='lat' dir='ltr'><strong>sunt.</strong></span> <span class='ocrx_word' id='word_1_57' title='bbox 1258 899 1374 953; x_wconf 81' lang='lat' dir='ltr'><strong>Jam</strong></span> <span class='ocrx_word' id='word_1_58' title='bbox 1410 901 1573 970; x_wconf 82' lang='lat' dir='ltr'><strong>igitur</strong></span> <span class='ocrx_word' id='word_1_59' title='bbox 1605 903 2043 956; x_wconf 87' lang='lat' dir='ltr'><strong>animadvertens</strong></span> 
     </span>
    </p>
   </div>
   <div class='ocr_carea' id='block_1_10' title="bbox 471 992 2039 1063">
    <p class='ocr_par' dir='ltr' id='par_1_10' title="bbox 471 992 2039 1063">
     <span class='ocr_line' id='line_1_10' title="bbox 471 992 2039 1063; baseline 0.001 -18"><span class='ocrx_word' id='word_1_60' title='bbox 471 992 1011 1059; x_wconf 80' lang='lat' dir='ltr'><strong>comprehensionem</strong></span> <span class='ocrx_word' id='word_1_61' title='bbox 1040 1006 1146 1044; x_wconf 93' lang='lat' dir='ltr'><strong>non</strong></span> <span class='ocrx_word' id='word_1_62' title='bbox 1173 993 1301 1045; x_wconf 80' lang='lat' dir='ltr'><strong>oriri</strong></span> <span class='ocrx_word' id='word_1_63' title='bbox 1338 1009 1403 1045; x_wconf 75' lang='lat' dir='ltr'><strong>ex</strong></span> <span class='ocrx_word' id='word_1_64' title='bbox 1429 993 1592 1047; x_wconf 85' lang='lat' dir='ltr'><strong>rebus</strong></span> <span class='ocrx_word' id='word_1_65' title='bbox 1618 994 1683 1047; x_wconf 92' lang='lat' dir='ltr'><strong>ad</strong></span> <span class='ocrx_word' id='word_1_66' title='bbox 1726 995 2039 1063; x_wconf 81' lang='lat' dir='ltr'><strong>agitandum</strong></span> 
     </span>
    </p>
   </div>
   <div class='ocr_carea' id='block_1_11' title="bbox 467 1082 2043 1151">
    <p class='ocr_par' dir='ltr' id='par_1_11' title="bbox 467 1082 2043 1151">
     <span class='ocr_line' id='line_1_11' title="bbox 467 1082 2043 1151; baseline 0.004 -18"><span class='ocrx_word' id='word_1_67' title='bbox 467 1082 782 1150; x_wconf 87' lang='lat' dir='ltr'><strong>pr0positis,</strong></span> <span class='ocrx_word' id='word_1_68' title='bbox 839 1082 930 1135; x_wconf 92' lang='lat' dir='ltr'><strong>sed</strong></span> <span class='ocrx_word' id='word_1_69' title='bbox 987 1097 1084 1150; x_wconf 92' lang='lat' dir='ltr'><strong>pro</strong></span> <span class='ocrx_word' id='word_1_70' title='bbox 1149 1082 1372 1151; x_wconf 82' lang='lat' dir='ltr'><strong>ingenio</strong></span> <span class='ocrx_word' id='word_1_71' title='bbox 1423 1084 1819 1151; x_wconf 81' lang='lat' dir='ltr'><strong>disputantium</strong></span> <span class='ocrx_word' id='word_1_72' title='bbox 1877 1087 2043 1139; x_wconf 91' lang='lat' dir='ltr'><strong>statui</strong></span> 
     </span>
    </p>
   </div>
   <div class='ocr_carea' id='block_1_12' title="bbox 466 1172 2044 1247">
    <p class='ocr_par' dir='ltr' id='par_1_12' title="bbox 466 1172 2044 1247">
     <span class='ocr_line' id='line_1_12' title="bbox 466 1172 2044 1247; baseline 0.005 -23"><span class='ocrx_word' id='word_1_73' title='bbox 466 1172 743 1241; x_wconf 82' lang='lat' dir='ltr'><strong>dogmata,</strong></span> <span class='ocrx_word' id='word_1_74' title='bbox 781 1172 962 1227; x_wconf 83' lang='lat' dir='ltr'><strong>adhuc</strong></span> <span class='ocrx_word' id='word_1_75' title='bbox 1014 1174 1187 1242; x_wconf 80' lang='lat' dir='ltr'><strong>magis</strong></span> <span class='ocrx_word' id='word_1_76' title='bbox 1238 1177 1388 1229; x_wconf 89' lang='lat' dir='ltr'><strong>hisce</strong></span> <span class='ocrx_word' id='word_1_77' title='bbox 1443 1175 1510 1229; x_wconf 91' lang='lat' dir='ltr'><strong>de</strong></span> <span class='ocrx_word' id='word_1_78' title='bbox 1542 1176 1706 1231; x_wconf 86' lang='lat' dir='ltr'><strong>rebus</strong></span> <span class='ocrx_word' id='word_1_79' title='bbox 1754 1178 2044 1247; x_wconf 82' lang='lat' dir='ltr'><strong>perplexus</strong></span> 
     </span>
    </p>
   </div>
   <div class='ocr_carea' id='block_1_13' title="bbox 468 1262 2039 1341">
    <p class='ocr_par' dir='ltr' id='par_1_13' title="bbox 468 1262 2039 1341">
     <span class='ocr_line' id='line_1_13' title="bbox 468 1262 2039 1341; baseline 0.006 -25"><span class='ocrx_word' id='word_1_80' title='bbox 468 1262 781 1317; x_wconf 61' lang='lat' dir='ltr'><strong>haerebam:</strong></span> <span class='ocrx_word' id='word_1_81' title='bbox 823 1281 993 1334; x_wconf 89' lang='lat' dir='ltr'><strong>quare</strong></span> <span class='ocrx_word' id='word_1_82' title='bbox 1044 1282 1108 1319; x_wconf 78' lang='lat' dir='ltr'><strong>ex</strong></span> <span class='ocrx_word' id='word_1_83' title='bbox 1168 1268 1365 1320; x_wconf 77' lang='lat' dir='ltr'><strong>aniuue</strong></span> <span class='ocrx_word' id='word_1_84' title='bbox 1416 1268 1691 1337; x_wconf 79' lang='lat' dir='ltr'><strong>profundo</strong></span> <span class='ocrx_word' id='word_1_85' title='bbox 1728 1274 2039 1341; x_wconf 81' lang='lat' dir='ltr'><strong>gernebam;</strong></span> 
     </span>
    </p>
   </div>
   <div class='ocr_carea' id='block_1_14' title="bbox 470 1358 2045 1431">
    <p class='ocr_par' dir='ltr' id='par_1_14' title="bbox 470 1358 2045 1431">
     <span class='ocr_line' id='line_1_14' title="bbox 470 1358 2045 1431; baseline 0.008 -23"><span class='ocrx_word' id='word_1_86' title='bbox 470 1372 645 1425; x_wconf 88' lang='lat' dir='ltr'><strong>neque</strong></span> <span class='ocrx_word' id='word_1_87' title='bbox 681 1358 824 1410; x_wconf 89' lang='lat' dir='ltr'><strong>enim</strong></span> <span class='ocrx_word' id='word_1_88' title='bbox 881 1369 1123 1427; x_wconf 90' lang='lat' dir='ltr'><strong>poteram</strong></span> <span class='ocrx_word' id='word_1_89' title='bbox 1172 1360 1312 1413; x_wconf 88' lang='lat' dir='ltr'><strong>lirmi</strong></span> <span class='ocrx_word' id='word_1_90' title='bbox 1360 1361 1565 1431; x_wconf 90' lang='lat' dir='ltr'><strong>aliquid</strong></span> <span class='ocrx_word' id='word_1_91' title='bbox 1598 1364 1912 1430; x_wconf 76' lang='lat' dir='ltr'><strong>decernere,</strong></span> <span class='ocrx_word' id='word_1_92' title='bbox 1950 1383 2045 1420; x_wconf 92' lang='lat' dir='ltr'><strong>ne-</strong></span> 
     </span>
    </p>
   </div>
   <div class='ocr_carea' id='block_1_15' title="bbox 467 1446 2041 1519">
    <p class='ocr_par' dir='ltr' id='par_1_15' title="bbox 467 1446 2041 1519">
     <span class='ocr_line' id='line_1_15' title="bbox 467 1446 2041 1519; baseline 0.006 -23"><span class='ocrx_word' id='word_1_93' title='bbox 467 1461 573 1514; x_wconf 89' lang='lat' dir='ltr'><strong>que</strong></span> <span class='ocrx_word' id='word_1_94' title='bbox 598 1446 663 1499; x_wconf 92' lang='lat' dir='ltr'><strong>de</strong></span> <span class='ocrx_word' id='word_1_95' title='bbox 704 1446 823 1499; x_wconf 89' lang='lat' dir='ltr'><strong>istis</strong></span> <span class='ocrx_word' id='word_1_96' title='bbox 849 1448 1273 1500; x_wconf 79' lang='lat' dir='ltr'><strong>sollicitudinem</strong></span> <span class='ocrx_word' id='word_1_97' title='bbox 1302 1448 1549 1501; x_wconf 88' lang='lat' dir='ltr'><strong>valebam</strong></span> <span class='ocrx_word' id='word_1_98' title='bbox 1578 1450 1847 1519; x_wconf 84' lang='lat' dir='ltr'><strong>depellere</strong></span> <span class='ocrx_word' id='word_1_99' title='bbox 1868 1492 1882 1515; x_wconf 94' lang='lat'><strong>,</strong></span> <span class='ocrx_word' id='word_1_100' title='bbox 1907 1453 2041 1519; x_wconf 81' lang='lat' dir='ltr'><strong>etsi,</strong></span> 
     </span>
    </p>
   </div>
   <div class='ocr_carea' id='block_1_16' title="bbox 466 1537 2042 1610">
    <p class='ocr_par' dir='ltr' id='par_1_16' title="bbox 466 1537 2042 1610">
     <span class='ocr_line' id='line_1_16' title="bbox 466 1537 2042 1610; baseline 0.006 -22"><span class='ocrx_word' id='word_1_101' title='bbox 466 1538 927 1606; x_wconf 85' lang='lat' dir='ltr'><strong>quemadmodum</strong></span> <span class='ocrx_word' id='word_1_102' title='bbox 952 1537 1064 1590; x_wconf 81' lang='lat' dir='ltr'><strong>dixi</strong></span> <span class='ocrx_word' id='word_1_103' title='bbox 1087 1545 1265 1597; x_wconf 86' lang='lat' dir='ltr'><strong>antea,</strong></span> <span class='ocrx_word' id='word_1_104' title='bbox 1291 1537 1343 1590; x_wconf 90' lang='lat' dir='ltr'><strong>id</strong></span> <span class='ocrx_word' id='word_1_105' title='bbox 1370 1539 1557 1592; x_wconf 91' lang='lat' dir='ltr'><strong>vellem</strong></span> <span class='ocrx_word' id='word_1_106' title='bbox 1582 1557 1596 1605; x_wconf 93' lang='lat'>;</span> <span class='ocrx_word' id='word_1_107' title='bbox 1617 1542 1900 1610; x_wconf 89' lang='lat' dir='ltr'><strong>quoniam,</strong></span> <span class='ocrx_word' id='word_1_108' title='bbox 1918 1559 2042 1597; x_wconf 88' lang='lat' dir='ltr'><strong>cum</strong></span> 
     </span>
    </p>
   </div>
   <div class='ocr_carea' id='block_1_17' title="bbox 467 1626 2042 1703">
    <p class='ocr_par' dir='ltr' id='par_1_17' title="bbox 467 1626 2042 1703">
     <span class='ocr_line' id='line_1_17' title="bbox 467 1626 2042 1703; baseline 0.004 -23"><span class='ocrx_word' id='word_1_109' title='bbox 467 1628 600 1681; x_wconf 89' lang='lat' dir='ltr'><strong>mihi</strong></span> <span class='ocrx_word' id='word_1_110' title='bbox 653 1627 971 1698; x_wconf 82' lang='lat' dir='ltr'><strong>frequenter</strong></span> <span class='ocrx_word' id='word_1_111' title='bbox 1023 1628 1263 1697; x_wconf 86' lang='lat' dir='ltr'><strong>quietem</strong></span> <span class='ocrx_word' id='word_1_112' title='bbox 1302 1626 1674 1698; x_wconf 76' lang='lat' dir='ltr'><strong>imperarem,</strong></span> <span class='ocrx_word' id='word_1_113' title='bbox 1715 1632 1903 1686; x_wconf 90' lang='lat' dir='ltr'><strong>nescio</strong></span> <span class='ocrx_word' id='word_1_114' title='bbox 1929 1648 2042 1703; x_wconf 92' lang='lat' dir='ltr'><strong>quo</strong></span> 
     </span>
    </p>
   </div>
   <div class='ocr_carea' id='block_1_18' title="bbox 467 1720 2044 1795">
    <p class='ocr_par' dir='ltr' id='par_1_18' title="bbox 467 1720 2044 1795">
     <span class='ocr_line' id='line_1_18' title="bbox 467 1720 2044 1795; baseline 0.006 -24"><span class='ocrx_word' id='word_1_115' title='bbox 467 1720 630 1773; x_wconf 86' lang='lat' dir='ltr'><strong>modo</strong></span> <span class='ocrx_word' id='word_1_116' title='bbox 680 1720 911 1774; x_wconf 88' lang='lat' dir='ltr'><strong>latenter</strong></span> <span class='ocrx_word' id='word_1_117' title='bbox 958 1720 1155 1774; x_wconf 91' lang='lat' dir='ltr'><strong>horum</strong></span> <span class='ocrx_word' id='word_1_118' title='bbox 1205 1735 1333 1774; x_wconf 93' lang='lat' dir='ltr'><strong>cum</strong></span> <span class='ocrx_word' id='word_1_119' title='bbox 1391 1725 1670 1795; x_wconf 84' lang='lat' dir='ltr'><strong>voluptate</strong></span> <span class='ocrx_word' id='word_1_120' title='bbox 1703 1725 1920 1779; x_wconf 90' lang='lat' dir='ltr'><strong>subibat</strong></span> <span class='ocrx_word' id='word_1_121' title='bbox 1958 1742 2044 1780; x_wconf 87' lang='lat' dir='ltr'><strong>me</strong></span> 
     </span>
    </p>
   </div>
   <div class='ocr_carea' id='block_1_19' title="bbox 466 1813 749 1880">
    <p class='ocr_par' dir='ltr' id='par_1_19' title="bbox 466 1813 749 1880">
     <span class='ocr_line' id='line_1_19' title="bbox 466 1813 749 1880; baseline 0.011 -17"><span class='ocrx_word' id='word_1_122' title='bbox 466 1813 749 1880; x_wconf 79' lang='lat' dir='ltr'><strong>cogitatio.</strong></span> 
     </span>
    </p>
   </div>
   <div class='ocr_carea' id='block_1_20' title="bbox 540 1923 2044 2003">
    <p class='ocr_par' dir='ltr' id='par_1_20' title="bbox 540 1923 2044 2003">
     <span class='ocr_line' id='line_1_20' title="bbox 540 1923 2044 2003; baseline 0.008 -27"><span class='ocrx_word' id='word_1_123' title='bbox 540 1923 629 1980; x_wconf 87' lang='lat' dir='ltr'><strong>IV.</strong></span> <span class='ocrx_word' id='word_1_124' title='bbox 654 1923 721 1979; x_wconf 88' lang='lat' dir='ltr'><strong>Et</strong></span> <span class='ocrx_word' id='word_1_125' title='bbox 748 1928 941 1983; x_wconf 91' lang='lat' dir='ltr'><strong>iterum</strong></span> <span class='ocrx_word' id='word_1_126' title='bbox 973 1930 1231 1987; x_wconf 66' lang='lat' dir='ltr'><strong>haesitans</strong></span> <span class='ocrx_word' id='word_1_127' title='bbox 1254 1934 1500 1988; x_wconf 87' lang='lat' dir='ltr'><strong>dicebam</strong></span> <span class='ocrx_word' id='word_1_128' title='bbox 1532 1933 1676 2003; x_wconf 89' lang='lat' dir='ltr'><strong>apud</strong></span> <span class='ocrx_word' id='word_1_129' title='bbox 1726 1948 1814 1987; x_wconf 90' lang='lat' dir='ltr'><strong>me</strong></span> <span class='ocrx_word' id='word_1_130' title='bbox 1846 1951 1859 1987; x_wconf 92' lang='lat'><strong>:</strong></span> <span class='ocrx_word' id='word_1_131' title='bbox 1901 1932 2044 1999; x_wconf 86' lang='lat' dir='ltr'><strong>Quid</strong></span> 
     </span>
    </p>
   </div>
   <div class='ocr_carea' id='block_1_21' title="bbox 471 2015 2044 2093">
    <p class='ocr_par' dir='ltr' id='par_1_21' title="bbox 471 2015 2044 2093">
     <span class='ocr_line' id='line_1_21' title="bbox 471 2015 2044 2093; baseline 0.008 -25"><span class='ocrx_word' id='word_1_132' title='bbox 471 2015 708 2070; x_wconf 87' lang='lat' dir='ltr'><strong>inaniter</strong></span> <span class='ocrx_word' id='word_1_133' title='bbox 744 2019 934 2075; x_wconf 91' lang='lat' dir='ltr'><strong>laboro</strong></span> <span class='ocrx_word' id='word_1_134' title='bbox 961 2065 976 2089; x_wconf 91' lang='lat'><strong>,</strong></span> <span class='ocrx_word' id='word_1_135' title='bbox 1016 2039 1139 2078; x_wconf 92' lang='lat' dir='ltr'><strong>cum</strong></span> <span class='ocrx_word' id='word_1_136' title='bbox 1201 2024 1492 2081; x_wconf 83' lang='lat' dir='ltr'><strong>manifesta</strong></span> <span class='ocrx_word' id='word_1_137' title='bbox 1540 2027 1613 2080; x_wconf 89' lang='lat' dir='ltr'><strong>sit</strong></span> <span class='ocrx_word' id='word_1_138' title='bbox 1636 2028 1761 2081; x_wconf 89' lang='lat' dir='ltr'><strong>res?</strong></span> <span class='ocrx_word' id='word_1_139' title='bbox 1791 2026 1947 2093; x_wconf 89' lang='lat' dir='ltr'><strong>Quod</strong></span> <span class='ocrx_word' id='word_1_140' title='bbox 1998 2028 2044 2083; x_wconf 90' lang='lat' dir='ltr'><strong>si</strong></span> 
     </span>
    </p>
   </div>
   <div class='ocr_carea' id='block_1_22' title="bbox 468 2113 2041 2189">
    <p class='ocr_par' dir='ltr' id='par_1_22' title="bbox 468 2113 2041 2189">
     <span class='ocr_line' id='line_1_22' title="bbox 468 2113 2041 2189; baseline 0.005 -24"><span class='ocrx_word' id='word_1_141' title='bbox 468 2113 685 2180; x_wconf 86' lang='lat' dir='ltr'><strong>quidem</strong></span> <span class='ocrx_word' id='word_1_142' title='bbox 715 2124 839 2183; x_wconf 92' lang='lat' dir='ltr'><strong>post</strong></span> <span class='ocrx_word' id='word_1_143' title='bbox 864 2127 1092 2170; x_wconf 90' lang='lat' dir='ltr'><strong>mortem</strong></span> <span class='ocrx_word' id='word_1_144' title='bbox 1135 2135 1240 2172; x_wconf 91' lang='lat' dir='ltr'><strong>non</strong></span> <span class='ocrx_word' id='word_1_145' title='bbox 1271 2136 1387 2186; x_wconf 88' lang='lat' dir='ltr'><strong>ero,</strong></span> <span class='ocrx_word' id='word_1_146' title='bbox 1423 2137 1567 2175; x_wconf 86' lang='lat' dir='ltr'><strong>nunc</strong></span> <span class='ocrx_word' id='word_1_147' title='bbox 1596 2163 1611 2187; x_wconf 88' lang='lat'><strong>,</strong></span> <span class='ocrx_word' id='word_1_148' title='bbox 1643 2122 1866 2189; x_wconf 88' lang='lat' dir='ltr'><strong>quando</strong></span> <span class='ocrx_word' id='word_1_149' title='bbox 1898 2137 2041 2186; x_wconf 87' lang='lat' dir='ltr'><strong>sum,</strong></span> 
     </span>
    </p>
   </div>
   <div class='ocr_carea' id='block_1_23' title="bbox 466 2207 2044 2280">
    <p class='ocr_par' dir='ltr' id='par_1_23' title="bbox 466 2207 2044 2280">
     <span class='ocr_line' id='line_1_23' title="bbox 466 2207 2044 2280; baseline 0.008 -23"><span class='ocrx_word' id='word_1_150' title='bbox 466 2207 784 2261; x_wconf 84' lang='lat' dir='ltr'><strong>contristari</strong></span> <span class='ocrx_word' id='word_1_151' title='bbox 822 2226 907 2262; x_wconf 88' lang='lat' dir='ltr'><strong>me</strong></span> <span class='ocrx_word' id='word_1_152' title='bbox 941 2227 1046 2263; x_wconf 84' lang='lat' dir='ltr'><strong>non</strong></span> <span class='ocrx_word' id='word_1_153' title='bbox 1080 2222 1317 2280; x_wconf 89' lang='lat' dir='ltr'><strong>oportet.</strong></span> <span class='ocrx_word' id='word_1_154' title='bbox 1362 2211 1629 2278; x_wconf 86' lang='lat' dir='ltr'><strong>Quocirca</strong></span> <span class='ocrx_word' id='word_1_155' title='bbox 1672 2216 1949 2269; x_wconf 86' lang='lat' dir='ltr'><strong>tristitiam</strong></span> <span class='ocrx_word' id='word_1_156' title='bbox 1977 2220 2044 2269; x_wconf 91' lang='lat' dir='ltr'><strong>ad</strong></span> 
     </span>
    </p>
   </div>
   <div class='ocr_carea' id='block_1_24' title="bbox 468 2298 2041 2374">
    <p class='ocr_par' dir='ltr' id='par_1_24' title="bbox 468 2298 2041 2374">
     <span class='ocr_line' id='line_1_24' title="bbox 468 2298 2041 2374; baseline 0.008 -24"><span class='ocrx_word' id='word_1_157' title='bbox 468 2298 618 2353; x_wconf 91' lang='lat' dir='ltr'><strong>illum</strong></span> <span class='ocrx_word' id='word_1_158' title='bbox 643 2302 783 2355; x_wconf 83' lang='lat' dir='ltr'><strong>diem</strong></span> <span class='ocrx_word' id='word_1_159' title='bbox 812 2304 1122 2368; x_wconf 88' lang='lat' dir='ltr'><strong>reservabo,</strong></span> <span class='ocrx_word' id='word_1_160' title='bbox 1150 2305 1201 2357; x_wconf 94' lang='lat' dir='ltr'><strong>in</strong></span> <span class='ocrx_word' id='word_1_161' title='bbox 1225 2322 1355 2374; x_wconf 93' lang='lat' dir='ltr'><strong>quo,</strong></span> <span class='ocrx_word' id='word_1_162' title='bbox 1380 2322 1504 2359; x_wconf 91' lang='lat' dir='ltr'><strong>cum</strong></span> <span class='ocrx_word' id='word_1_163' title='bbox 1537 2306 1753 2361; x_wconf 82' lang='lat' dir='ltr'><strong>futurus</strong></span> <span class='ocrx_word' id='word_1_164' title='bbox 1776 2325 1881 2361; x_wconf 92' lang='lat' dir='ltr'><strong>non</strong></span> <span class='ocrx_word' id='word_1_165' title='bbox 1915 2309 2041 2373; x_wconf 92' lang='lat' dir='ltr'><strong>sim,</strong></span> 
     </span>
    </p>
   </div>
   <div class='ocr_carea' id='block_1_25' title="bbox 466 2394 2043 2463">
    <p class='ocr_par' dir='ltr' id='par_1_25' title="bbox 466 2394 2043 2463">
     <span class='ocr_line' id='line_1_25' title="bbox 466 2394 2043 2463; baseline 0.006 -17"><span class='ocrx_word' id='word_1_166' title='bbox 466 2409 572 2447; x_wconf 93' lang='lat' dir='ltr'><strong>non</strong></span> <span class='ocrx_word' id='word_1_167' title='bbox 607 2396 992 2449; x_wconf 85' lang='lat' dir='ltr'><strong>contristabor.</strong></span> <span class='ocrx_word' id='word_1_168' title='bbox 1059 2394 1116 2449; x_wconf 92' lang='lat' dir='ltr'><strong>Si</strong></span> <span class='ocrx_word' id='word_1_169' title='bbox 1166 2408 1346 2450; x_wconf 90' lang='lat' dir='ltr'><strong>autem</strong></span> <span class='ocrx_word' id='word_1_170' title='bbox 1382 2414 1476 2451; x_wconf 90' lang='lat' dir='ltr'><strong>ero</strong></span> <span class='ocrx_word' id='word_1_171' title='bbox 1505 2440 1520 2463; x_wconf 92' lang='lat'><strong>,</strong></span> <span class='ocrx_word' id='word_1_172' title='bbox 1562 2416 1661 2452; x_wconf 91' lang='lat' dir='ltr'><strong>cur</strong></span> <span class='ocrx_word' id='word_1_173' title='bbox 1711 2416 1855 2455; x_wconf 92' lang='lat' dir='ltr'><strong>nunc</strong></span> <span class='ocrx_word' id='word_1_174' title='bbox 1906 2401 2043 2455; x_wconf 91' lang='lat' dir='ltr'><strong>mihi</strong></span> 
     </span>
    </p>
   </div>
   <div class='ocr_carea' id='block_1_26' title="bbox 466 2486 2045 2559">
    <p class='ocr_par' dir='ltr' id='par_1_26' title="bbox 466 2486 2045 2559">
     <span class='ocr_line' id='line_1_26' title="bbox 466 2486 2045 2559; baseline 0.004 -20"><span class='ocrx_word' id='word_1_175' title='bbox 466 2486 743 2555; x_wconf 84' lang='lat' dir='ltr'><strong>superﬂuo</strong></span> <span class='ocrx_word' id='word_1_176' title='bbox 777 2488 918 2542; x_wconf 88' lang='lat' dir='ltr'><strong>inest</strong></span> <span class='ocrx_word' id='word_1_177' title='bbox 945 2488 1203 2542; x_wconf 89' lang='lat' dir='ltr'><strong>tristitia?</strong></span> <span class='ocrx_word' id='word_1_178' title='bbox 1246 2490 1559 2559; x_wconf 82' lang='lat' dir='ltr'><strong>Statimque</strong></span> <span class='ocrx_word' id='word_1_179' title='bbox 1591 2501 1779 2559; x_wconf 81' lang='lat' dir='ltr'><strong>postea</strong></span> <span class='ocrx_word' id='word_1_180' title='bbox 1820 2492 1925 2545; x_wconf 88' lang='lat' dir='ltr'><strong>alia</strong></span> <span class='ocrx_word' id='word_1_181' title='bbox 1958 2508 2045 2546; x_wconf 89' lang='lat' dir='ltr'><strong>me</strong></span> 
     </span>
    </p>
   </div>
   <div class='ocr_carea' id='block_1_27' title="bbox 467 2578 2044 2653">
    <p class='ocr_par' dir='ltr' id='par_1_27' title="bbox 467 2578 2044 2653">
     <span class='ocr_line' id='line_1_27' title="bbox 467 2578 2044 2653; baseline 0.006 -24"><span class='ocrx_word' id='word_1_182' title='bbox 467 2578 636 2630; x_wconf 83' lang='lat' dir='ltr'><strong>su‘niit</strong></span> <span class='ocrx_word' id='word_1_183' title='bbox 659 2579 943 2647; x_wconf 84' lang='lat' dir='ltr'><strong>cogitatio.</strong></span> <span class='ocrx_word' id='word_1_184' title='bbox 976 2581 1231 2635; x_wconf 83' lang='lat' dir='ltr'><strong>Dicebam</strong></span> <span class='ocrx_word' id='word_1_185' title='bbox 1256 2582 1459 2650; x_wconf 87' lang='lat' dir='ltr'><strong>quippe</strong></span> <span class='ocrx_word' id='word_1_186' title='bbox 1485 2599 1497 2633; x_wconf 92' lang='lat'><strong>:</strong></span> <span class='ocrx_word' id='word_1_187' title='bbox 1530 2581 1726 2635; x_wconf 81' lang='lat' dir='ltr'><strong>Annon</strong></span> <span class='ocrx_word' id='word_1_188' title='bbox 1756 2582 1864 2637; x_wconf 92' lang='lat' dir='ltr'><strong>illic</strong></span> <span class='ocrx_word' id='word_1_189' title='bbox 1890 2586 2044 2653; x_wconf 83' lang='lat' dir='ltr'><strong>pejus</strong></span> 
     </span>
    </p>
   </div>
   <div class='ocr_carea' id='block_1_28' title="bbox 466 2670 2040 2743">
    <p class='ocr_par' dir='ltr' id='par_1_28' title="bbox 466 2670 2040 2743">
     <span class='ocr_line' id='line_1_28' title="bbox 466 2670 2040 2743; baseline 0.006 -23"><span class='ocrx_word' id='word_1_190' title='bbox 466 2670 745 2739; x_wconf 87' lang='lat' dir='ltr'><strong>quidpiam</strong></span> <span class='ocrx_word' id='word_1_191' title='bbox 780 2687 845 2725; x_wconf 92' lang='lat' dir='ltr'><strong>eo</strong></span> <span class='ocrx_word' id='word_1_192' title='bbox 869 2674 1014 2740; x_wconf 90' lang='lat' dir='ltr'><strong>quod</strong></span> <span class='ocrx_word' id='word_1_193' title='bbox 1050 2689 1136 2727; x_wconf 91' lang='lat' dir='ltr'><strong>me</strong></span> <span class='ocrx_word' id='word_1_194' title='bbox 1173 2690 1319 2729; x_wconf 90' lang='lat' dir='ltr'><strong>nunc</strong></span> <span class='ocrx_word' id='word_1_195' title='bbox 1341 2674 1573 2739; x_wconf 90' lang='lat' dir='ltr'><strong>cruciat,</strong></span> <span class='ocrx_word' id='word_1_196' title='bbox 1604 2690 1869 2743; x_wconf 84' lang='lat' dir='ltr'><strong>passurus</strong></span> <span class='ocrx_word' id='word_1_197' title='bbox 1897 2692 2040 2741; x_wconf 92' lang='lat' dir='ltr'><strong>sum,</strong></span> 
     </span>
    </p>
   </div>
   <div class='ocr_carea' id='block_1_29' title="bbox 466 2764 2043 2839">
    <p class='ocr_par' dir='ltr' id='par_1_29' title="bbox 466 2764 2043 2839">
     <span class='ocr_line' id='line_1_29' title="bbox 466 2764 2043 2839; baseline 0.004 -22"><span class='ocrx_word' id='word_1_198' title='bbox 466 2765 511 2817; x_wconf 85' lang='lat' dir='ltr'><strong>si</strong></span> <span class='ocrx_word' id='word_1_199' title='bbox 544 2764 630 2834; x_wconf 86' lang='lat' dir='ltr'><strong>pie</strong></span> <span class='ocrx_word' id='word_1_200' title='bbox 690 2781 799 2819; x_wconf 91' lang='lat' dir='ltr'><strong>non</strong></span> <span class='ocrx_word' id='word_1_201' title='bbox 833 2767 1042 2833; x_wconf 81' lang='lat' dir='ltr'><strong>vixero,</strong></span> <span class='ocrx_word' id='word_1_202' title='bbox 1076 2784 1140 2822; x_wconf 89' lang='lat' dir='ltr'><strong>ac</strong></span> <span class='ocrx_word' id='word_1_203' title='bbox 1178 2768 1479 2823; x_wconf 87' lang='lat' dir='ltr'><strong>secundum</strong></span> <span class='ocrx_word' id='word_1_204' title='bbox 1515 2769 1879 2838; x_wconf 89' lang='lat' dir='ltr'><strong>quorumdam</strong></span> <span class='ocrx_word' id='word_1_205' title='bbox 1916 2771 2043 2839; x_wconf 89' lang='lat' dir='ltr'><strong>phi-</strong></span> 
     </span>
    </p>
   </div>
   <div class='ocr_carea' id='block_1_30' title="bbox 469 2855 2043 2932">
    <p class='ocr_par' dir='ltr' id='par_1_30' title="bbox 469 2855 2043 2932">
     <span class='ocr_line' id='line_1_30' title="bbox 469 2855 2043 2932; baseline 0.005 -25"><span class='ocrx_word' id='word_1_206' title='bbox 469 2855 819 2923; x_wconf 87' lang='lat' dir='ltr'><strong>losophorum</strong></span> <span class='ocrx_word' id='word_1_207' title='bbox 847 2874 1129 2914; x_wconf 88' lang='lat' dir='ltr'><strong>sermones</strong></span> <span class='ocrx_word' id='word_1_208' title='bbox 1188 2860 1693 2932; x_wconf 88' lang='lat' dir='ltr'><strong>Pyriphlegethonti</strong></span> <span class='ocrx_word' id='word_1_209' title='bbox 1747 2862 2043 2916; x_wconf 87' lang='lat' dir='ltr'><strong>tradendus</strong></span> 
     </span>
    </p>
   </div>
   <div class='ocr_carea' id='block_1_31' title="bbox 468 2950 2041 3026">
    <p class='ocr_par' dir='ltr' id='par_1_31' title="bbox 468 2950 2041 3026">
     <span class='ocr_line' id='line_1_31' title="bbox 468 2950 2041 3026; baseline 0.007 -27"><span class='ocrx_word' id='word_1_210' title='bbox 468 2964 588 3001; x_wconf 89' lang='lat' dir='ltr'><strong>sum</strong></span> <span class='ocrx_word' id='word_1_211' title='bbox 613 2958 666 3001; x_wconf 90' lang='lat' dir='ltr'><strong>et</strong></span> <span class='ocrx_word' id='word_1_212' title='bbox 684 2950 933 3015; x_wconf 87' lang='lat' dir='ltr'><strong>&#39;l‘artaro,</strong></span> <span class='ocrx_word' id='word_1_213' title='bbox 954 2953 1413 3021; x_wconf 87' lang='lat' dir='ltr'><strong>quemadmodum</strong></span> <span class='ocrx_word' id='word_1_214' title='bbox 1444 2954 1712 3025; x_wconf 80' lang='lat' dir='ltr'><strong>Sisyphus</strong></span> <span class='ocrx_word' id='word_1_215' title='bbox 1737 2956 1818 3008; x_wconf 89' lang='lat' dir='ltr'><strong>vel</strong></span> <span class='ocrx_word' id='word_1_216' title='bbox 1851 2954 2041 3026; x_wconf 79' lang='lat' dir='ltr'><strong>Tityus</strong></span> 
     </span>
    </p>
   </div>
   <div class='ocr_carea' id='block_1_32' title="bbox 466 3038 2039 3115">
    <p class='ocr_par' dir='ltr' id='par_1_32' title="bbox 466 3038 2039 3115">
     <span class='ocr_line' id='line_1_32' title="bbox 466 3038 2039 3115; baseline 0.008 -24"><span class='ocrx_word' id='word_1_217' title='bbox 466 3041 551 3093; x_wconf 86' lang='lat' dir='ltr'><strong>vel</strong></span> <span class='ocrx_word' id='word_1_218' title='bbox 585 3038 733 3093; x_wconf 79' lang='lat' dir='ltr'><strong>Ixion</strong></span> <span class='ocrx_word' id='word_1_219' title='bbox 761 3043 843 3096; x_wconf 84' lang='lat' dir='ltr'><strong>vel</strong></span> <span class='ocrx_word' id='word_1_220' title='bbox 897 3041 1182 3110; x_wconf 87' lang='lat' dir='ltr'><strong>Tantalus,</strong></span> <span class='ocrx_word' id='word_1_221' title='bbox 1217 3058 1380 3115; x_wconf 90' lang='lat' dir='ltr'><strong>atque</strong></span> <span class='ocrx_word' id='word_1_222' title='bbox 1416 3046 1467 3100; x_wconf 90' lang='lat' dir='ltr'><strong>in</strong></span> <span class='ocrx_word' id='word_1_223' title='bbox 1531 3047 1744 3103; x_wconf 85' lang='lat' dir='ltr'><strong>inferno</strong></span> <span class='ocrx_word' id='word_1_224' title='bbox 1776 3060 2039 3103; x_wconf 75' lang='lat' dir='ltr'><strong>aeternum</strong></span> 
     </span>
    </p>
   </div>
   <div class='ocr_carea' id='block_1_33' title="bbox 2144 536 3734 612">
    <p class='ocr_par' dir='ltr' id='par_1_33' title="bbox 2144 536 3734 612">
     <span class='ocr_line' id='line_1_33' title="bbox 2144 536 3734 612; baseline 0.006 -23"><span class='ocrx_word' id='word_1_225' title='bbox 2144 536 2491 601; x_wconf 82' lang='grc' dir='ltr'>ὲκὸικοῦντας</span> <span class='ocrx_word' id='word_1_226' title='bbox 2548 538 2764 607; x_wconf 78' lang='grc' dir='ltr'>ψευδεῖς</span> <span class='ocrx_word' id='word_1_227' title='bbox 2838 539 2871 609; x_wconf 81' lang='grc' dir='ltr'>ἢ</span> <span class='ocrx_word' id='word_1_228' title='bbox 2932 539 3151 610; x_wconf 80' lang='grc' dir='ltr'>ἀληθεῖς</span> <span class='ocrx_word' id='word_1_229' title='bbox 3212 542 3689 612; x_wconf 75' lang='grc' dir='ltr'>ὑπολαμϐάνοντας</span> <span class='ocrx_word' id='word_1_230' title='bbox 3716 585 3734 608; x_wconf 85' lang='grc'><strong>,</strong></span> 
     </span>
    </p>
   </div>
   <div class='ocr_carea' id='block_1_34' title="bbox 2145 630 3736 707">
    <p class='ocr_par' dir='ltr' id='par_1_34' title="bbox 2145 630 3736 707">
     <span class='ocr_line' id='line_1_34' title="bbox 2145 630 3736 707; baseline 0.005 -26"><span class='ocrx_word' id='word_1_231' title='bbox 2145 630 2239 682; x_wconf 71' lang='grc' dir='ltr'>καὶ</span> <span class='ocrx_word' id='word_1_232' title='bbox 2271 631 2369 699; x_wconf 82' lang='grc' dir='ltr'><strong>οὐχ</strong></span> <span class='ocrx_word' id='word_1_233' title='bbox 2400 631 2475 692; x_wconf 83' lang='grc' dir='ltr'>ὼς</span> <span class='ocrx_word' id='word_1_234' title='bbox 2508 630 2721 699; x_wconf 78' lang='grc' dir='ltr'>ἔχουσιν</span> <span class='ocrx_word' id='word_1_235' title='bbox 2752 631 3010 702; x_wconf 79' lang='grc' dir='ltr'><strong>ἀληθείας</strong></span> <span class='ocrx_word' id='word_1_236' title='bbox 3045 633 3343 701; x_wconf 78' lang='grc' dir='ltr'>φαίνονται.</span> <span class='ocrx_word' id='word_1_237' title='bbox 3394 635 3736 707; x_wconf 83' lang='grc' dir='ltr'>Ἐπιστήσας</span> 
     </span>
    </p>
   </div>
   <div class='ocr_carea' id='block_1_35' title="bbox 2144 719 3739 798">
    <p class='ocr_par' dir='ltr' id='par_1_35' title="bbox 2144 719 3739 798">
     <span class='ocr_line' id='line_1_35' title="bbox 2144 719 3739 798; baseline 0.005 -23"><span class='ocrx_word' id='word_1_238' title='bbox 2144 719 2236 776; x_wconf 73' lang='grc' dir='ltr'><strong>οὖν</strong></span> <span class='ocrx_word' id='word_1_239' title='bbox 2268 723 2365 793; x_wconf 84' lang='grc' dir='ltr'>’ήδη</span> <span class='ocrx_word' id='word_1_240' title='bbox 2396 726 2525 776; x_wconf 84' lang='grc' dir='ltr'>ποτὲ</span> <span class='ocrx_word' id='word_1_241' title='bbox 2558 726 2639 777; x_wconf 85' lang='grc' dir='ltr'><strong>ὅτι</strong></span> <span class='ocrx_word' id='word_1_242' title='bbox 2670 725 2731 777; x_wconf 87' lang='grc' dir='ltr'><strong>ού</strong></span> <span class='ocrx_word' id='word_1_243' title='bbox 2763 724 2913 798; x_wconf 66' lang='grc' dir='ltr'><strong>παρὰ</strong></span> <span class='ocrx_word' id='word_1_244' title='bbox 2940 725 3039 789; x_wconf 79' lang='grc' dir='ltr'>τὰς</span> <span class='ocrx_word' id='word_1_245' title='bbox 3069 727 3452 797; x_wconf 84' lang='grc' dir='ltr'>έκδικουμένας</span> <span class='ocrx_word' id='word_1_246' title='bbox 3480 730 3587 798; x_wconf 78' lang='grc'><strong>2⁸1</strong></span> <span class='ocrx_word' id='word_1_247' title='bbox 3602 731 3739 783; x_wconf 76' lang='grc' dir='ltr'>ὑπο-</span> 
     </span>
    </p>
   </div>
   <div class='ocr_carea' id='block_1_36' title="bbox 2146 814 3734 890">
    <p class='ocr_par' dir='ltr' id='par_1_36' title="bbox 2146 814 3734 890">
     <span class='ocr_line' id='line_1_36' title="bbox 2146 814 3734 890; baseline 0.006 -23"><span class='ocrx_word' id='word_1_248' title='bbox 2146 814 2323 879; x_wconf 83' lang='grc' dir='ltr'><strong>θέσεις</strong></span> <span class='ocrx_word' id='word_1_249' title='bbox 2348 818 2381 886; x_wconf 89' lang='grc' dir='ltr'><strong>ή</strong></span> <span class='ocrx_word' id='word_1_250' title='bbox 2416 817 2719 888; x_wconf 74' lang='grc' dir='ltr'>κατάληψις</span> <span class='ocrx_word' id='word_1_251' title='bbox 2771 817 2979 886; x_wconf 85' lang='grc' dir='ltr'>γίνεται</span> <span class='ocrx_word' id='word_1_252' title='bbox 3003 859 3018 883; x_wconf 87' lang='grc'><strong>,</strong></span> <span class='ocrx_word' id='word_1_253' title='bbox 3050 818 3185 871; x_wconf 81' lang='grc' dir='ltr'>ἀλλὰ</span> <span class='ocrx_word' id='word_1_254' title='bbox 3233 820 3382 890; x_wconf 84' lang='grc' dir='ltr'>παρὰ</span> <span class='ocrx_word' id='word_1_255' title='bbox 3425 823 3551 884; x_wconf 83' lang='grc' dir='ltr'>τοὺς</span> <span class='ocrx_word' id='word_1_256' title='bbox 3578 822 3734 877; x_wconf 78' lang='grc' dir='ltr'>ἐκδι-</span> 
     </span>
    </p>
   </div>
   <div class='ocr_carea' id='block_1_37' title="bbox 2146 896 3736 983">
    <p class='ocr_par' dir='ltr' id='par_1_37' title="bbox 2146 896 3736 983">
     <span class='ocr_line' id='line_1_37' title="bbox 2146 896 3736 983; baseline 0.006 -23"><span class='ocrx_word' id='word_1_257' title='bbox 2146 908 2373 971; x_wconf 79' lang='grc' dir='ltr'>κοῦντας</span> <span class='ocrx_word' id='word_1_258' title='bbox 2402 911 2457 962; x_wconf 79' lang='grc' dir='ltr'>αἱ</span> <span class='ocrx_word' id='word_1_259' title='bbox 2485 908 2629 975; x_wconf 78' lang='grc' dir='ltr'>δόξαι</span> <span class='ocrx_word' id='word_1_260' title='bbox 2657 911 3021 982; x_wconf 73' lang='grc' dir='ltr'>ἀποφέρονται</span> <span class='ocrx_word' id='word_1_261' title='bbox 3050 913 3115 975; x_wconf 85' lang='grc'><strong>⁷⁷,</strong></span> <span class='ocrx_word' id='word_1_262' title='bbox 3140 912 3219 965; x_wconf 79' lang='grc' dir='ltr'>ἔτι</span> <span class='ocrx_word' id='word_1_263' title='bbox 3253 896 3448 983; x_wconf 63' lang='grc' dir='ltr'>μάλλον</span> <span class='ocrx_word' id='word_1_264' title='bbox 3480 915 3736 982; x_wconf 73' lang='grc' dir='ltr'><strong>ἰλιγγιῶν</strong></span> 
     </span>
    </p>
   </div>
   <div class='ocr_carea' id='block_1_38' title="bbox 2146 1003 3737 1085">
    <p class='ocr_par' dir='ltr' id='par_1_38' title="bbox 2146 1003 3737 1085">
     <span class='ocr_line' id='line_1_38' title="bbox 2146 1003 3737 1085; baseline 0.005 -32"><span class='ocrx_word' id='word_1_265' title='bbox 2146 1003 2201 1054; x_wconf 83' lang='grc' dir='ltr'>ὲν</span> <span class='ocrx_word' id='word_1_266' title='bbox 2262 1005 2373 1065; x_wconf 85' lang='grc' dir='ltr'>τοῖς</span> <span class='ocrx_word' id='word_1_267' title='bbox 2429 1003 2777 1074; x_wconf 74' lang='grc' dir='ltr'><strong>πράγμασιν.</strong></span> <span class='ocrx_word' id='word_1_268' title='bbox 2816 1003 2906 1085; x_wconf 56' lang='grc' dir='ltr'><strong>(Ξιὸ</strong></span> <span class='ocrx_word' id='word_1_269' title='bbox 2946 1006 3009 1057; x_wconf 80' lang='grc' dir='ltr'>ὲκ</span> <span class='ocrx_word' id='word_1_270' title='bbox 3055 1004 3149 1057; x_wconf 80' lang='grc' dir='ltr'><strong>τοῦ</strong></span> <span class='ocrx_word' id='word_1_271' title='bbox 3184 1006 3283 1075; x_wconf 77' lang='grc' dir='ltr'><strong>τῆς</strong></span> <span class='ocrx_word' id='word_1_272' title='bbox 3313 1006 3489 1077; x_wconf 74' lang='grc' dir='ltr'>ψυχῆς</span> <span class='ocrx_word' id='word_1_273' title='bbox 3528 1009 3737 1077; x_wconf 84' lang='grc' dir='ltr'>βάθους</span> 
     </span>
    </p>
   </div>
   <div class='ocr_carea' id='block_1_39' title="bbox 2146 1094 3731 1172">
    <p class='ocr_par' dir='ltr' id='par_1_39' title="bbox 2146 1094 3731 1172">
     <span class='ocr_line' id='line_1_39' title="bbox 2146 1094 3731 1172; baseline 0.005 -27"><span class='ocrx_word' id='word_1_274' title='bbox 2146 1094 2448 1158; x_wconf 77' lang='grc' dir='ltr'>ἐστέναζον·</span> <span class='ocrx_word' id='word_1_275' title='bbox 2497 1094 2620 1147; x_wconf 75' lang='grc' dir='ltr'>οὔτε</span> <span class='ocrx_word' id='word_1_276' title='bbox 2670 1096 2780 1165; x_wconf 84' lang='grc' dir='ltr'><strong>γάρ</strong></span> <span class='ocrx_word' id='word_1_277' title='bbox 2828 1113 2881 1147; x_wconf 90' lang='grc' dir='ltr'><strong>τι</strong></span> <span class='ocrx_word' id='word_1_278' title='bbox 2930 1095 3222 1166; x_wconf 87' lang='grc' dir='ltr'>βεϐαιῶσαι</span> <span class='ocrx_word' id='word_1_279' title='bbox 3259 1094 3369 1161; x_wconf 74' lang='grc' dir='ltr'>οἷός</span> <span class='ocrx_word' id='word_1_280' title='bbox 3400 1102 3446 1151; x_wconf 83' lang='grc' dir='ltr'>τ’</span> <span class='ocrx_word' id='word_1_281' title='bbox 3476 1100 3522 1130; x_wconf 82' lang='grc'>⁷⁸</span> <span class='ocrx_word' id='word_1_282' title='bbox 3550 1102 3731 1172; x_wconf 81' lang='grc' dir='ltr'>ήμην,</span> 
     </span>
    </p>
   </div>
   <div class='ocr_carea' id='block_1_40' title="bbox 2145 1184 3734 1259">
    <p class='ocr_par' dir='ltr' id='par_1_40' title="bbox 2145 1184 3734 1259">
     <span class='ocr_line' id='line_1_40' title="bbox 2145 1184 3734 1259; baseline 0.006 -23"><span class='ocrx_word' id='word_1_283' title='bbox 2145 1184 2267 1238; x_wconf 81' lang='grc' dir='ltr'>οὕτε</span> <span class='ocrx_word' id='word_1_284' title='bbox 2297 1187 2395 1257; x_wconf 86' lang='grc' dir='ltr'>τὴν</span> <span class='ocrx_word' id='word_1_285' title='bbox 2427 1186 2535 1239; x_wconf 87' lang='grc' dir='ltr'><strong>τῶν</strong></span> <span class='ocrx_word' id='word_1_286' title='bbox 2572 1187 2829 1240; x_wconf 73' lang='grc' dir='ltr'>τοιούτοιν</span> <span class='ocrx_word' id='word_1_287' title='bbox 2869 1191 3123 1259; x_wconf 81' lang='grc' dir='ltr'>φροντίδα</span> <span class='ocrx_word' id='word_1_288' title='bbox 3171 1192 3560 1245; x_wconf 86' lang='grc' dir='ltr'>ἀποσείσασθαι</span> <span class='ocrx_word' id='word_1_289' title='bbox 3604 1194 3734 1246; x_wconf 78' lang='grc' dir='ltr'>ἐδυ-</span> 
     </span>
    </p>
   </div>
   <div class='ocr_carea' id='block_1_41' title="bbox 2146 1277 3734 1355">
    <p class='ocr_par' dir='ltr' id='par_1_41' title="bbox 2146 1277 3734 1355">
     <span class='ocr_line' id='line_1_41' title="bbox 2146 1277 3734 1355; baseline 0.006 -27"><span class='ocrx_word' id='word_1_290' title='bbox 2146 1277 2323 1355; x_wconf 87' lang='grc' dir='ltr'>νάμην</span> <span class='ocrx_word' id='word_1_291' title='bbox 2344 1318 2356 1340; x_wconf 95' lang='grc'><strong>,</strong></span> <span class='ocrx_word' id='word_1_292' title='bbox 2382 1278 2583 1349; x_wconf 85' lang='grc' dir='ltr'>καίπερ</span> <span class='ocrx_word' id='word_1_293' title='bbox 2616 1279 2966 1349; x_wconf 85' lang='grc' dir='ltr'>βουλόμενος,</span> <span class='ocrx_word' id='word_1_294' title='bbox 3004 1282 3079 1345; x_wconf 83' lang='grc' dir='ltr'><strong>ὡς</strong></span> <span class='ocrx_word' id='word_1_295' title='bbox 3103 1283 3147 1313; x_wconf 79' lang='grc'><strong>⁷⁸</strong></span> <span class='ocrx_word' id='word_1_296' title='bbox 3166 1282 3378 1350; x_wconf 79' lang='grc' dir='ltr'><strong>φθάσας</strong></span> <span class='ocrx_word' id='word_1_297' title='bbox 3410 1280 3582 1337; x_wconf 87' lang='grc' dir='ltr'>εἷπον·</span> <span class='ocrx_word' id='word_1_298' title='bbox 3644 1286 3734 1337; x_wconf 83' lang='grc' dir='ltr'><strong>ὅτι</strong></span> 
     </span>
    </p>
   </div>
   <div class='ocr_carea' id='block_1_42' title="bbox 2147 1369 3736 1443">
    <p class='ocr_par' dir='ltr' id='par_1_42' title="bbox 2147 1369 3736 1443">
     <span class='ocr_line' id='line_1_42' title="bbox 2147 1369 3736 1443; baseline 0.006 -23"><span class='ocrx_word' id='word_1_299' title='bbox 2147 1369 2365 1440; x_wconf 78' lang='grc' dir='ltr'>ἐμαυτῷ</span> <span class='ocrx_word' id='word_1_300' title='bbox 2421 1372 2747 1443; x_wconf 77' lang='grc' dir='ltr'>πυκνότερον</span> <span class='ocrx_word' id='word_1_301' title='bbox 2802 1373 3095 1443; x_wconf 74' lang='grc' dir='ltr'><strong>ἡσυχάζειν</strong></span> <span class='ocrx_word' id='word_1_302' title='bbox 3150 1376 3561 1440; x_wconf 77' lang='grc' dir='ltr'>ἐπιτάσσοντος,</span> <span class='ocrx_word' id='word_1_303' title='bbox 3626 1377 3736 1429; x_wconf 77' lang='grc' dir='ltr'>οὐκ</span> 
     </span>
    </p>
   </div>
   <div class='ocr_carea' id='block_1_43' title="bbox 2144 1442 3737 1537">
    <p class='ocr_par' dir='ltr' id='par_1_43' title="bbox 2144 1442 3737 1537">
     <span class='ocr_line' id='line_1_43' title="bbox 2144 1442 3737 1537; baseline 0.005 -23"><span class='ocrx_word' id='word_1_304' title='bbox 2144 1458 2238 1515; x_wconf 77' lang='grc' dir='ltr'>οἷδ’</span> <span class='ocrx_word' id='word_1_305' title='bbox 2271 1463 2419 1526; x_wconf 82' lang='grc' dir='ltr'>ὅπως</span> <span class='ocrx_word' id='word_1_306' title='bbox 2450 1464 2495 1495; x_wconf 81' lang='grc' dir='ltr'><strong>⁸ο</strong></span> <span class='ocrx_word' id='word_1_307' title='bbox 2526 1442 2892 1528; x_wconf 62' lang='grc' dir='ltr'>λανθανόντως</span> <span class='ocrx_word' id='word_1_308' title='bbox 2912 1442 3031 1535; x_wconf 83' lang='grc' dir='ltr'>μεθ’</span> <span class='ocrx_word' id='word_1_309' title='bbox 3049 1465 3241 1537; x_wconf 80' lang='grc' dir='ltr'>ήδονῆς</span> <span class='ocrx_word' id='word_1_310' title='bbox 3274 1468 3302 1521; x_wconf 82' lang='grc' dir='ltr'>ὁ</span> <span class='ocrx_word' id='word_1_311' title='bbox 3333 1467 3439 1521; x_wconf 85' lang='grc' dir='ltr'><strong>τῶν</strong></span> <span class='ocrx_word' id='word_1_312' title='bbox 3468 1467 3737 1522; x_wconf 79' lang='grc' dir='ltr'>τοιούτων</span> 
     </span>
    </p>
   </div>
   <div class='ocr_carea' id='block_1_44' title="bbox 2150 1555 2843 1626">
    <p class='ocr_par' dir='ltr' id='par_1_44' title="bbox 2150 1555 2843 1626">
     <span class='ocr_line' id='line_1_44' title="bbox 2150 1555 2843 1626; baseline 0.003 -20"><span class='ocrx_word' id='word_1_313' title='bbox 2150 1570 2217 1624; x_wconf 87' lang='grc' dir='ltr'><strong>με</strong></span> <span class='ocrx_word' id='word_1_314' title='bbox 2251 1555 2534 1625; x_wconf 74' lang='grc' dir='ltr'>εἰσήρχετο</span> <span class='ocrx_word' id='word_1_315' title='bbox 2565 1556 2843 1626; x_wconf 85' lang='grc' dir='ltr'>λογισμός.</span> 
     </span>
    </p>
   </div>
   <div class='ocr_carea' id='block_1_45' title="bbox 2217 1924 3733 2006">
    <p class='ocr_par' dir='ltr' id='par_1_45' title="bbox 2217 1924 3733 2006">
     <span class='ocr_line' id='line_1_45' title="bbox 2217 1924 3733 2006; baseline 0.007 -27"><span class='ocrx_word' id='word_1_316' title='bbox 2217 1924 2305 1981; x_wconf 84' lang='lat' dir='ltr'><strong>IV.</strong></span> <span class='ocrx_word' id='word_1_317' title='bbox 2339 1926 2449 1981; x_wconf 70' lang='lat' dir='ltr'><strong>Kal.</strong></span> <span class='ocrx_word' id='word_1_318' title='bbox 2482 1928 2643 1981; x_wconf 88' lang='grc' dir='ltr'>πάλιν</span> <span class='ocrx_word' id='word_1_319' title='bbox 2666 1928 3037 2002; x_wconf 85' lang='grc' dir='ltr'>ἀπορούμενος</span> <span class='ocrx_word' id='word_1_320' title='bbox 3055 1932 3239 2001; x_wconf 85' lang='grc' dir='ltr'>έλεγον</span> <span class='ocrx_word' id='word_1_321' title='bbox 3260 1932 3504 2004; x_wconf 74' lang='grc' dir='ltr'>ἐμαυτῷ·</span> <span class='ocrx_word' id='word_1_322' title='bbox 3527 1935 3594 1987; x_wconf 79' lang='grc' dir='ltr'><strong>Τί</strong></span> <span class='ocrx_word' id='word_1_323' title='bbox 3620 1954 3733 2006; x_wconf 85' lang='grc' dir='ltr'>μα-</span> 
     </span>
    </p>
   </div>
   <div class='ocr_carea' id='block_1_46' title="bbox 2144 2020 3733 2099">
    <p class='ocr_par' dir='ltr' id='par_1_46' title="bbox 2144 2020 3733 2099">
     <span class='ocr_line' id='line_1_46' title="bbox 2144 2020 3733 2099; baseline 0.007 -28"><span class='ocrx_word' id='word_1_324' title='bbox 2144 2020 2437 2085; x_wconf 86' lang='grc' dir='ltr'>ταιοπονῶ,</span> <span class='ocrx_word' id='word_1_325' title='bbox 2483 2021 2686 2090; x_wconf 79' lang='grc' dir='ltr'>σαφοῦς</span> <span class='ocrx_word' id='word_1_326' title='bbox 2726 2024 2876 2086; x_wconf 80' lang='grc' dir='ltr'>δντος</span> <span class='ocrx_word' id='word_1_327' title='bbox 2906 2023 2999 2076; x_wconf 81' lang='grc' dir='ltr'>τοῦ</span> <span class='ocrx_word' id='word_1_328' title='bbox 3033 2025 3391 2095; x_wconf 85' lang='grc' dir='ltr'>πράγματος;</span> <span class='ocrx_word' id='word_1_329' title='bbox 3432 2028 3511 2081; x_wconf 85' lang='grc' dir='ltr'>ὅτι</span> <span class='ocrx_word' id='word_1_330' title='bbox 3544 2029 3594 2080; x_wconf 74' lang='grc' dir='ltr'><strong>εἰ</strong></span> <span class='ocrx_word' id='word_1_331' title='bbox 3630 2030 3733 2099; x_wconf 81' lang='grc' dir='ltr'><strong>μὲν</strong></span> 
     </span>
    </p>
   </div>
   <div class='ocr_carea' id='block_1_47' title="bbox 2148 2110 3729 2190">
    <p class='ocr_par' dir='ltr' id='par_1_47' title="bbox 2148 2110 3729 2190">
     <span class='ocr_line' id='line_1_47' title="bbox 2148 2110 3729 2190; baseline 0.005 -26"><span class='ocrx_word' id='word_1_332' title='bbox 2148 2110 2321 2166; x_wconf 90' lang='grc' dir='ltr'>θανὼν</span> <span class='ocrx_word' id='word_1_333' title='bbox 2340 2112 2439 2165; x_wconf 74' lang='grc' dir='ltr'>οὔκ</span> <span class='ocrx_word' id='word_1_334' title='bbox 2457 2114 2593 2184; x_wconf 80' lang='grc' dir='ltr'>ειμι,</span> <span class='ocrx_word' id='word_1_335' title='bbox 2608 2114 2701 2167; x_wconf 77' lang='grc' dir='ltr'>νῦν</span> <span class='ocrx_word' id='word_1_336' title='bbox 2723 2115 2851 2168; x_wconf 78' lang='grc' dir='ltr'>ὄντα</span> <span class='ocrx_word' id='word_1_337' title='bbox 2875 2132 2940 2185; x_wconf 89' lang='grc' dir='ltr'>με</span> <span class='ocrx_word' id='word_1_338' title='bbox 2960 2116 3245 2169; x_wconf 79' lang='grc' dir='ltr'>λυπεῖσθαι</span> <span class='ocrx_word' id='word_1_339' title='bbox 3277 2119 3337 2170; x_wconf 81' lang='grc' dir='ltr'><strong>ού</strong></span> <span class='ocrx_word' id='word_1_340' title='bbox 3360 2119 3635 2190; x_wconf 80' lang='grc' dir='ltr'>προσῆκεν</span> <span class='ocrx_word' id='word_1_341' title='bbox 3657 2121 3729 2171; x_wconf 72' lang='grc'><strong>⁸⁸.</strong></span> 
     </span>
    </p>
   </div>
   <div class='ocr_carea' id='block_1_48' title="bbox 2148 2206 3734 2279">
    <p class='ocr_par' dir='ltr' id='par_1_48' title="bbox 2148 2206 3734 2279">
     <span class='ocr_line' id='line_1_48' title="bbox 2148 2206 3734 2279; baseline 0.003 -21"><span class='ocrx_word' id='word_1_342' title='bbox 2148 2206 2239 2279; x_wconf 67' lang='grc' dir='ltr'>Διὸ</span> <span class='ocrx_word' id='word_1_343' title='bbox 2274 2207 2496 2278; x_wconf 85' lang='grc' dir='ltr'>τηρήσω</span> <span class='ocrx_word' id='word_1_344' title='bbox 2526 2206 2587 2259; x_wconf 86' lang='grc' dir='ltr'><strong>τὸ</strong></span> <span class='ocrx_word' id='word_1_345' title='bbox 2636 2206 2922 2259; x_wconf 84' lang='grc' dir='ltr'>λυπεῖσθαι</span> <span class='ocrx_word' id='word_1_346' title='bbox 2967 2210 3047 2270; x_wconf 80' lang='grc' dir='ltr'>εἰς</span> <span class='ocrx_word' id='word_1_347' title='bbox 3080 2209 3176 2279; x_wconf 82' lang='grc' dir='ltr'>τὴν</span> <span class='ocrx_word' id='word_1_348' title='bbox 3204 2208 3325 2261; x_wconf 85' lang='grc' dir='ltr'>τότε</span> <span class='ocrx_word' id='word_1_349' title='bbox 3348 2249 3361 2272; x_wconf 94' lang='grc'><strong>,</strong></span> <span class='ocrx_word' id='word_1_350' title='bbox 3398 2210 3484 2262; x_wconf 86' lang='grc' dir='ltr'>ὅτε</span> <span class='ocrx_word' id='word_1_351' title='bbox 3519 2210 3619 2263; x_wconf 73' lang='grc' dir='ltr'><strong>οὐκ</strong></span> <span class='ocrx_word' id='word_1_352' title='bbox 3655 2212 3734 2263; x_wconf 79' lang='grc' dir='ltr'>ὼν</span> 
     </span>
    </p>
   </div>
   <div class='ocr_carea' id='block_1_49' title="bbox 2147 2297 3733 2370">
    <p class='ocr_par' dir='ltr' id='par_1_49' title="bbox 2147 2297 3733 2370">
     <span class='ocr_line' id='line_1_49' title="bbox 2147 2297 3733 2370; baseline 0.003 -21"><span class='ocrx_word' id='word_1_353' title='bbox 2147 2299 2208 2350; x_wconf 87' lang='grc' dir='ltr'><strong>ού</strong></span> <span class='ocrx_word' id='word_1_354' title='bbox 2243 2297 2647 2369; x_wconf 86' lang='grc' dir='ltr'>λυπηθήσομαι.</span> <span class='ocrx_word' id='word_1_355' title='bbox 2686 2299 2747 2351; x_wconf 82' lang='grc' dir='ltr'><strong>Εἰ</strong></span> <span class='ocrx_word' id='word_1_356' title='bbox 2777 2298 2819 2350; x_wconf 85' lang='grc' dir='ltr'>δ’</span> <span class='ocrx_word' id='word_1_357' title='bbox 2846 2301 2953 2370; x_wconf 82' lang='grc' dir='ltr'>ἄρα</span> <span class='ocrx_word' id='word_1_358' title='bbox 2984 2300 3119 2370; x_wconf 79' lang='grc' dir='ltr'>εἰμὶ,</span> <span class='ocrx_word' id='word_1_359' title='bbox 3152 2300 3204 2352; x_wconf 82' lang='grc' dir='ltr'>τί</span> <span class='ocrx_word' id='word_1_360' title='bbox 3227 2300 3320 2353; x_wconf 80' lang='grc' dir='ltr'>νῦν</span> <span class='ocrx_word' id='word_1_361' title='bbox 3355 2302 3419 2353; x_wconf 84' lang='grc' dir='ltr'>ὲκ</span> <span class='ocrx_word' id='word_1_362' title='bbox 3464 2300 3733 2367; x_wconf 77' lang='grc' dir='ltr'>περισσοῦ</span> 
     </span>
    </p>
   </div>
   <div class='ocr_carea' id='block_1_50' title="bbox 2150 2389 3735 2463">
    <p class='ocr_par' dir='ltr' id='par_1_50' title="bbox 2150 2389 3735 2463">
     <span class='ocr_line' id='line_1_50' title="bbox 2150 2389 3735 2463; baseline 0.003 -22"><span class='ocrx_word' id='word_1_363' title='bbox 2150 2406 2237 2459; x_wconf 88' lang='grc' dir='ltr'><strong>μοι</strong></span> <span class='ocrx_word' id='word_1_364' title='bbox 2269 2389 2528 2460; x_wconf 85' lang='grc' dir='ltr'>πρόσεστι</span> <span class='ocrx_word' id='word_1_365' title='bbox 2561 2390 2620 2442; x_wconf 84' lang='grc' dir='ltr'><strong>τὸ</strong></span> <span class='ocrx_word' id='word_1_366' title='bbox 2648 2390 2974 2455; x_wconf 87' lang='grc' dir='ltr'>λυπεῖσθαι;</span> <span class='ocrx_word' id='word_1_367' title='bbox 3010 2392 3118 2443; x_wconf 79' lang='grc' dir='ltr'>Καὶ</span> <span class='ocrx_word' id='word_1_368' title='bbox 3151 2391 3353 2455; x_wconf 76' lang='grc' dir='ltr'>εὐθέως</span> <span class='ocrx_word' id='word_1_369' title='bbox 3403 2393 3537 2463; x_wconf 79' lang='grc' dir='ltr'>μετὰ</span> <span class='ocrx_word' id='word_1_370' title='bbox 3568 2393 3735 2447; x_wconf 76' lang='grc' dir='ltr'>τοῦτο</span> 
     </span>
    </p>
   </div>
   <div class='ocr_carea' id='block_1_51' title="bbox 2146 2480 3731 2555">
    <p class='ocr_par' dir='ltr' id='par_1_51' title="bbox 2146 2480 3731 2555">
     <span class='ocr_line' id='line_1_51' title="bbox 2146 2480 3731 2555; baseline 0.004 -23"><span class='ocrx_word' id='word_1_371' title='bbox 2146 2480 2331 2551; x_wconf 77' lang='grc' dir='ltr'>ἕτερός</span> <span class='ocrx_word' id='word_1_372' title='bbox 2365 2499 2431 2551; x_wconf 85' lang='grc' dir='ltr'><strong>με</strong></span> <span class='ocrx_word' id='word_1_373' title='bbox 2459 2480 2628 2551; x_wconf 77' lang='grc' dir='ltr'>εἰσῄει</span> <span class='ocrx_word' id='word_1_374' title='bbox 2661 2482 2938 2552; x_wconf 85' lang='grc' dir='ltr'>λογισμός.</span> <span class='ocrx_word' id='word_1_375' title='bbox 2980 2481 3206 2551; x_wconf 82' lang='grc' dir='ltr'>Ἔλεγον</span> <span class='ocrx_word' id='word_1_376' title='bbox 3227 2484 3353 2553; x_wconf 89' lang='grc' dir='ltr'>γάρ·</span> <span class='ocrx_word' id='word_1_377' title='bbox 3390 2485 3477 2555; x_wconf 91' lang='grc' dir='ltr'>Μή</span> <span class='ocrx_word' id='word_1_378' title='bbox 3511 2485 3561 2537; x_wconf 83' lang='grc' dir='ltr'>τί</span> <span class='ocrx_word' id='word_1_379' title='bbox 3594 2486 3641 2516; x_wconf 80' lang='grc'><strong>⁸³</strong></span> <span class='ocrx_word' id='word_1_380' title='bbox 3664 2502 3731 2554; x_wconf 88' lang='grc' dir='ltr'><strong>γε</strong></span> 
     </span>
    </p>
   </div>
   <div class='ocr_carea' id='block_1_52' title="bbox 2145 2571 3733 2659">
    <p class='ocr_par' dir='ltr' id='par_1_52' title="bbox 2145 2571 3733 2659">
     <span class='ocr_line' id='line_1_52' title="bbox 2145 2571 3733 2659; baseline 0.005 -36"><span class='ocrx_word' id='word_1_381' title='bbox 2145 2571 2238 2624; x_wconf 81' lang='grc' dir='ltr'>τοῦ</span> <span class='ocrx_word' id='word_1_382' title='bbox 2278 2572 2372 2625; x_wconf 78' lang='grc' dir='ltr'>νῦν</span> <span class='ocrx_word' id='word_1_383' title='bbox 2420 2590 2487 2643; x_wconf 91' lang='grc' dir='ltr'><strong>με</strong></span> <span class='ocrx_word' id='word_1_384' title='bbox 2535 2572 2834 2637; x_wconf 77' lang='grc' dir='ltr'>λυποῦντος</span> <span class='ocrx_word' id='word_1_385' title='bbox 2884 2577 3000 2627; x_wconf 82' lang='grc' dir='ltr'>ἐκεῖ</span> <span class='ocrx_word' id='word_1_386' title='bbox 3043 2578 3222 2659; x_wconf 45' lang='grc' dir='ltr'>χεῇον</span> <span class='ocrx_word' id='word_1_387' title='bbox 3252 2578 3444 2630; x_wconf 81' lang='grc' dir='ltr'>παθεῖν</span> <span class='ocrx_word' id='word_1_388' title='bbox 3488 2579 3616 2649; x_wconf 80' lang='grc' dir='ltr'>ἔχω,</span> <span class='ocrx_word' id='word_1_389' title='bbox 3650 2581 3733 2650; x_wconf 82' lang='grc' dir='ltr'>μὴ</span> 
     </span>
    </p>
   </div>
   <div class='ocr_carea' id='block_1_53' title="bbox 2148 2664 3734 2741">
    <p class='ocr_par' dir='ltr' id='par_1_53' title="bbox 2148 2664 3734 2741">
     <span class='ocr_line' id='line_1_53' title="bbox 2148 2664 3734 2741; baseline 0.003 -24"><span class='ocrx_word' id='word_1_390' title='bbox 2148 2664 2427 2734; x_wconf 82' lang='grc' dir='ltr'>βεϐιωκὼς</span> <span class='ocrx_word' id='word_1_391' title='bbox 2468 2667 2743 2729; x_wconf 83' lang='grc' dir='ltr'>εὐσεϐῶς,</span> <span class='ocrx_word' id='word_1_392' title='bbox 2786 2667 2880 2721; x_wconf 72' lang='grc' dir='ltr'><strong>καὶ</strong></span> <span class='ocrx_word' id='word_1_393' title='bbox 2918 2670 3365 2741; x_wconf 88' lang='grc' dir='ltr'>παραδοθήσομαι</span> <span class='ocrx_word' id='word_1_394' title='bbox 3414 2672 3533 2723; x_wconf 82' lang='grc' dir='ltr'>κατ’</span> <span class='ocrx_word' id='word_1_395' title='bbox 3567 2672 3734 2724; x_wconf 74' lang='grc' dir='ltr'>ἐνίων</span> 
     </span>
    </p>
   </div>
   <div class='ocr_carea' id='block_1_54' title="bbox 2148 2756 3735 2833">
    <p class='ocr_par' dir='ltr' id='par_1_54' title="bbox 2148 2756 3735 2833">
     <span class='ocr_line' id='line_1_54' title="bbox 2148 2756 3735 2833; baseline 0.005 -26"><span class='ocrx_word' id='word_1_396' title='bbox 2148 2756 2446 2826; x_wconf 85' lang='grc' dir='ltr'>φιλοσόφων</span> <span class='ocrx_word' id='word_1_397' title='bbox 2479 2757 2667 2826; x_wconf 87' lang='grc' dir='ltr'>λόγους</span> <span class='ocrx_word' id='word_1_398' title='bbox 2709 2760 3160 2830; x_wconf 82' lang='grc' dir='ltr'>Πυριφλεγέθοντι</span> <span class='ocrx_word' id='word_1_399' title='bbox 3211 2761 3305 2813; x_wconf 75' lang='grc' dir='ltr'><strong>καὶ</strong></span> <span class='ocrx_word' id='word_1_400' title='bbox 3350 2762 3618 2833; x_wconf 83' lang='grc' dir='ltr'>Ταρτάρῳ</span> <span class='ocrx_word' id='word_1_401' title='bbox 3652 2764 3735 2826; x_wconf 83' lang='grc' dir='ltr'>ὡς</span> 
     </span>
    </p>
   </div>
   <div class='ocr_carea' id='block_1_55' title="bbox 2150 2849 3740 2923">
    <p class='ocr_par' dir='ltr' id='par_1_55' title="bbox 2150 2849 3740 2923">
     <span class='ocr_line' id='line_1_55' title="bbox 2150 2849 3740 2923; baseline 0.004 -23"><span class='ocrx_word' id='word_1_402' title='bbox 2150 2849 2382 2918; x_wconf 77' lang='grc' dir='ltr'>Σίσυφος</span> <span class='ocrx_word' id='word_1_403' title='bbox 2412 2850 2444 2915; x_wconf 87' lang='grc' dir='ltr'>ἢ</span> <span class='ocrx_word' id='word_1_404' title='bbox 2470 2851 2662 2914; x_wconf 80' lang='grc' dir='ltr'>Τιτυὸς</span> <span class='ocrx_word' id='word_1_405' title='bbox 2696 2852 2740 2882; x_wconf 80' lang='grc'><strong>⁸³</strong></span> <span class='ocrx_word' id='word_1_406' title='bbox 2773 2852 2805 2922; x_wconf 82' lang='grc' dir='ltr'>ἢ</span> <span class='ocrx_word' id='word_1_407' title='bbox 2856 2852 3021 2915; x_wconf 78' lang='grc' dir='ltr'>Ἰξίων</span> <span class='ocrx_word' id='word_1_408' title='bbox 3070 2854 3101 2923; x_wconf 83' lang='grc' dir='ltr'>ἦ</span> <span class='ocrx_word' id='word_1_409' title='bbox 3151 2854 3441 2917; x_wconf 82' lang='grc' dir='ltr'>Τάνταλος,</span> <span class='ocrx_word' id='word_1_410' title='bbox 3482 2855 3575 2907; x_wconf 73' lang='grc' dir='ltr'><strong>καὶ</strong></span> <span class='ocrx_word' id='word_1_411' title='bbox 3609 2855 3740 2907; x_wconf 75' lang='grc' dir='ltr'>ἐσο-</span> 
     </span>
    </p>
   </div>
   <div class='ocr_carea' id='block_1_56' title="bbox 2155 2942 3733 3013">
    <p class='ocr_par' dir='ltr' id='par_1_56' title="bbox 2155 2942 3733 3013">
     <span class='ocr_line' id='line_1_56' title="bbox 2155 2942 3733 3013; baseline 0.004 -21"><span class='ocrx_word' id='word_1_412' title='bbox 2155 2958 2250 3011; x_wconf 88' lang='grc' dir='ltr'><strong>μαι</strong></span> <span class='ocrx_word' id='word_1_413' title='bbox 2268 2943 2323 2994; x_wconf 86' lang='grc' dir='ltr'>ὲν</span> <span class='ocrx_word' id='word_1_414' title='bbox 2344 2942 2469 3013; x_wconf 76' lang='grc' dir='ltr'>ᾅδου</span> <span class='ocrx_word' id='word_1_415' title='bbox 2483 2943 2571 2996; x_wconf 83' lang='grc' dir='ltr'><strong>τὸν</strong></span> <span class='ocrx_word' id='word_1_416' title='bbox 2584 2944 2755 2997; x_wconf 80' lang='grc' dir='ltr'>αἰῶνα</span> <span class='ocrx_word' id='word_1_417' title='bbox 2773 2942 3152 3013; x_wconf 61' lang='grc' dir='ltr'>κολαζόμενος</span> <span class='ocrx_word' id='word_1_418' title='bbox 3174 2946 3342 2999; x_wconf 92' lang='grc' dir='ltr'>Πάλιν</span> <span class='ocrx_word' id='word_1_419' title='bbox 3355 2946 3402 2977; x_wconf 70' lang='grc'><strong>⁸⁵</strong></span> <span class='ocrx_word' id='word_1_420' title='bbox 3417 2964 3474 2999; x_wconf 87' lang='grc' dir='ltr'><strong>τε</strong></span> <span class='ocrx_word' id='word_1_421' title='bbox 3489 2945 3733 2999; x_wconf 80' lang='grc' dir='ltr'>άνθυπέ-</span> 
     </span>
    </p>
   </div>
   <div class='ocr_carea' id='block_1_57' title="bbox 2156 3034 3733 3105">
    <p class='ocr_par' dir='ltr' id='par_1_57' title="bbox 2156 3034 3733 3105">
     <span class='ocr_line' id='line_1_57' title="bbox 2156 3034 3733 3105; baseline 0.003 -20"><span class='ocrx_word' id='word_1_422' title='bbox 2156 3050 2339 3104; x_wconf 83' lang='grc' dir='ltr'>φερον,</span> <span class='ocrx_word' id='word_1_423' title='bbox 2374 3034 2564 3102; x_wconf 85' lang='grc' dir='ltr'>λέγων·</span> <span class='ocrx_word' id='word_1_424' title='bbox 2585 3036 2723 3088; x_wconf 79' lang='grc' dir='ltr'>Ἀλλ’</span> <span class='ocrx_word' id='word_1_425' title='bbox 2744 3036 2842 3089; x_wconf 84' lang='grc' dir='ltr'><strong>οὐκ</strong></span> <span class='ocrx_word' id='word_1_426' title='bbox 2863 3036 2979 3089; x_wconf 75' lang='grc' dir='ltr'>ἔστι</span> <span class='ocrx_word' id='word_1_427' title='bbox 3000 3036 3190 3090; x_wconf 81' lang='grc' dir='ltr'>ταῦτα.</span> <span class='ocrx_word' id='word_1_428' title='bbox 3214 3038 3322 3089; x_wconf 73' lang='grc' dir='ltr'>Καὶ</span> <span class='ocrx_word' id='word_1_429' title='bbox 3343 3038 3499 3090; x_wconf 89' lang='grc' dir='ltr'>πάλιν</span> <span class='ocrx_word' id='word_1_430' title='bbox 3518 3036 3733 3105; x_wconf 70' lang='grc' dir='ltr'>ἔλεγον·</span> 
     </span>
    </p>
   </div>
   <div class='ocr_carea' id='block_1_58' title="bbox 468 3124 2041 3206">
    <p class='ocr_par' dir='ltr' id='par_1_58' title="bbox 468 3133 2041 3206">
     <span class='ocr_line' id='line_1_58' title="bbox 468 3133 2041 3206; baseline 0.006 -21"><span class='ocrx_word' id='word_1_431' title='bbox 468 3135 703 3202; x_wconf 86' lang='lat' dir='ltr'><strong>puniar?</strong></span> <span class='ocrx_word' id='word_1_432' title='bbox 728 3133 1035 3205; x_wconf 84' lang='lat' dir='ltr'><strong>lterumque</strong></span> <span class='ocrx_word' id='word_1_433' title='bbox 1060 3139 1389 3206; x_wconf 87' lang='lat' dir='ltr'><strong>replicabam</strong></span> <span class='ocrx_word' id='word_1_434' title='bbox 1415 3139 1631 3193; x_wconf 89' lang='lat' dir='ltr'><strong>dicens:</strong></span> <span class='ocrx_word' id='word_1_435' title='bbox 1671 3140 1775 3193; x_wconf 83' lang='lat' dir='ltr'><strong>Sed</strong></span> <span class='ocrx_word' id='word_1_436' title='bbox 1806 3140 1908 3194; x_wconf 83' lang='lat' dir='ltr'><strong>ista</strong></span> <span class='ocrx_word' id='word_1_437' title='bbox 1934 3155 2041 3195; x_wconf 93' lang='lat' dir='ltr'><strong>non</strong></span> 
     </span>
    </p>
   </div>
   <div class='ocr_carea' id='block_1_59' title="bbox 2149 3124 3734 3206">
    <p class='ocr_par' dir='ltr' id='par_1_59' title="bbox 2155 3124 3734 3200">
     <span class='ocr_line' id='line_1_59' title="bbox 2155 3124 3734 3200; baseline 0.003 -22"><span class='ocrx_word' id='word_1_438' title='bbox 2155 3127 2217 3178; x_wconf 74' lang='lat' dir='ltr'><strong>Et</strong></span> <span class='ocrx_word' id='word_1_439' title='bbox 2245 3126 2301 3178; x_wconf 86' lang='grc' dir='ltr'>δὲ</span> <span class='ocrx_word' id='word_1_440' title='bbox 2321 3126 2485 3193; x_wconf 83' lang='grc' dir='ltr'>έστιν;</span> <span class='ocrx_word' id='word_1_441' title='bbox 2521 3128 2739 3199; x_wconf 83' lang='grc' dir='ltr'>Ἀδήλου</span> <span class='ocrx_word' id='word_1_442' title='bbox 2761 3129 2806 3159; x_wconf 79' lang='grc'><strong>⁸⁵</strong></span> <span class='ocrx_word' id='word_1_443' title='bbox 2826 3124 2917 3182; x_wconf 76' lang='grc' dir='ltr'><strong>οὖν</strong></span> <span class='ocrx_word' id='word_1_444' title='bbox 2941 3130 3090 3193; x_wconf 74' lang='grc' dir='ltr'>ὄντος</span> <span class='ocrx_word' id='word_1_445' title='bbox 3121 3129 3213 3182; x_wconf 78' lang='grc' dir='ltr'>τοῦ</span> <span class='ocrx_word' id='word_1_446' title='bbox 3244 3130 3581 3200; x_wconf 75' lang='grc' dir='ltr'>πράγματος,</span> <span class='ocrx_word' id='word_1_447' title='bbox 3609 3130 3734 3183; x_wconf 76' lang='grc' dir='ltr'>ἐλε-</span> 
     </span>
    </p>
   </div>
   <div class='ocr_carea' id='block_1_60' title="bbox 469 3226 2039 3301">
    <p class='ocr_par' dir='ltr' id='par_1_60' title="bbox 469 3226 2039 3301">
     <span class='ocr_line' id='line_1_60' title="bbox 469 3226 2039 3301; baseline 0.003 -21"><span class='ocrx_word' id='word_1_448' title='bbox 469 3234 622 3280; x_wconf 76' lang='grc' dir='ltr'><strong>ιιιιιι.</strong></span> <span class='ocrx_word' id='word_1_449' title='bbox 662 3226 982 3297; x_wconf 78' lang='lat' dir='ltr'><strong>Rursusque.</strong></span> <span class='ocrx_word' id='word_1_450' title='bbox 1014 3230 1263 3283; x_wconf 89' lang='lat' dir='ltr'><strong>aiebam:</strong></span> <span class='ocrx_word' id='word_1_451' title='bbox 1299 3231 1365 3283; x_wconf 88' lang='lat' dir='ltr'><strong>At</strong></span> <span class='ocrx_word' id='word_1_452' title='bbox 1394 3230 1438 3284; x_wconf 89' lang='lat' dir='ltr'><strong>si</strong></span> <span class='ocrx_word' id='word_1_453' title='bbox 1467 3240 1615 3284; x_wconf 93' lang='lat' dir='ltr'><strong>sunt.</strong></span> <span class='ocrx_word' id='word_1_454' title='bbox 1667 3229 1803 3284; x_wconf 87' lang='lat' dir='ltr'><strong>Cum</strong></span> <span class='ocrx_word' id='word_1_455' title='bbox 1854 3232 2039 3301; x_wconf 78' lang='lat' dir='ltr'><strong>igitur,</strong></span> 
     </span>
    </p>
   </div>
   <div class='ocr_carea' id='block_1_61' title="bbox 468 3317 2043 3394">
    <p class='ocr_par' dir='ltr' id='par_1_61' title="bbox 468 3317 2043 3394">
     <span class='ocr_line' id='line_1_61' title="bbox 468 3317 2043 3394; baseline 0.004 -22"><span class='ocrx_word' id='word_1_456' title='bbox 468 3317 803 3387; x_wconf 85' lang='lat' dir='ltr'><strong>inquiebam,</strong></span> <span class='ocrx_word' id='word_1_457' title='bbox 837 3320 1042 3374; x_wconf 90' lang='lat' dir='ltr'><strong>incerta</strong></span> <span class='ocrx_word' id='word_1_458' title='bbox 1070 3338 1158 3376; x_wconf 90' lang='lat' dir='ltr'><strong>res</strong></span> <span class='ocrx_word' id='word_1_459' title='bbox 1188 3322 1278 3387; x_wconf 85' lang='lat' dir='ltr'><strong>sit,</strong></span> <span class='ocrx_word' id='word_1_460' title='bbox 1310 3323 1482 3377; x_wconf 88' lang='lat' dir='ltr'><strong>multo</strong></span> <span class='ocrx_word' id='word_1_461' title='bbox 1511 3324 1686 3394; x_wconf 89' lang='lat' dir='ltr'><strong>magis</strong></span> <span class='ocrx_word' id='word_1_462' title='bbox 1714 3333 1865 3377; x_wconf 77' lang='lat' dir='ltr'><strong>extra</strong></span> <span class='ocrx_word' id='word_1_463' title='bbox 1901 3326 2043 3393; x_wconf 85' lang='lat' dir='ltr'><strong>peri-</strong></span> 
     </span>
    </p>
   </div>
   <div class='ocr_carea' id='block_1_62' title="bbox 466 3412 2043 3484">
    <p class='ocr_par' dir='ltr' id='par_1_62' title="bbox 466 3412 2043 3484">
     <span class='ocr_line' id='line_1_62' title="bbox 466 3412 2043 3484; baseline 0.004 -20"><span class='ocrx_word' id='word_1_464' title='bbox 466 3412 649 3464; x_wconf 82' lang='lat' dir='ltr'><strong>culum</strong></span> <span class='ocrx_word' id='word_1_465' title='bbox 706 3421 788 3466; x_wconf 88' lang='lat' dir='ltr'><strong>est</strong></span> <span class='ocrx_word' id='word_1_466' title='bbox 842 3413 927 3481; x_wconf 89' lang='lat' dir='ltr'><strong>pie</strong></span> <span class='ocrx_word' id='word_1_467' title='bbox 988 3429 1075 3466; x_wconf 87' lang='lat' dir='ltr'><strong>me</strong></span> <span class='ocrx_word' id='word_1_468' title='bbox 1128 3414 1328 3467; x_wconf 90' lang='lat' dir='ltr'><strong>vivere.</strong></span> <span class='ocrx_word' id='word_1_469' title='bbox 1400 3413 1465 3468; x_wconf 81' lang='lat' dir='ltr'><strong>Et</strong></span> <span class='ocrx_word' id='word_1_470' title='bbox 1494 3430 1604 3483; x_wconf 93' lang='lat' dir='ltr'><strong>quo</strong></span> <span class='ocrx_word' id='word_1_471' title='bbox 1637 3416 2043 3484; x_wconf 69' lang='lat' dir='ltr'><strong>pactojustitiae</strong></span> 
     </span>
    </p>
   </div>
   <div class='ocr_carea' id='block_1_63' title="bbox 469 3506 2043 3578">
    <p class='ocr_par' dir='ltr' id='par_1_63' title="bbox 469 3506 2043 3578">
     <span class='ocr_line' id='line_1_63' title="bbox 469 3506 2043 3578; baseline 0.004 -21"><span class='ocrx_word' id='word_1_472' title='bbox 469 3506 669 3574; x_wconf 89' lang='lat' dir='ltr'><strong>gratia,</strong></span> <span class='ocrx_word' id='word_1_473' title='bbox 700 3506 765 3558; x_wconf 88' lang='lat' dir='ltr'><strong>ad</strong></span> <span class='ocrx_word' id='word_1_474' title='bbox 800 3507 1063 3560; x_wconf 90' lang='lat' dir='ltr'><strong>incertam</strong></span> <span class='ocrx_word' id='word_1_475' title='bbox 1099 3507 1397 3575; x_wconf 83' lang='lat' dir='ltr'><strong>respiciens</strong></span> <span class='ocrx_word' id='word_1_476' title='bbox 1426 3523 1598 3576; x_wconf 91' lang='lat' dir='ltr'><strong>spem,</strong></span> <span class='ocrx_word' id='word_1_477' title='bbox 1624 3516 1814 3577; x_wconf 85' lang='lat' dir='ltr'><strong>potero</strong></span> <span class='ocrx_word' id='word_1_478' title='bbox 1846 3525 2043 3578; x_wconf 88' lang='lat' dir='ltr'><strong>corpo-</strong></span> 
     </span>
    </p>
   </div>
   <div class='ocr_carea' id='block_1_64' title="bbox 469 3598 2043 3671">
    <p class='ocr_par' dir='ltr' id='par_1_64' title="bbox 469 3598 2043 3671">
     <span class='ocr_line' id='line_1_64' title="bbox 469 3598 2043 3671; baseline 0.004 -21"><span class='ocrx_word' id='word_1_479' title='bbox 469 3598 545 3651; x_wconf 89' lang='lat' dir='ltr'><strong>ris</strong></span> <span class='ocrx_word' id='word_1_480' title='bbox 577 3599 882 3667; x_wconf 84' lang='lat' dir='ltr'><strong>voluptates</strong></span> <span class='ocrx_word' id='word_1_481' title='bbox 914 3600 1315 3669; x_wconf 85' lang='lat' dir='ltr'><strong>comprimere?</strong></span> <span class='ocrx_word' id='word_1_482' title='bbox 1356 3600 1462 3653; x_wconf 86' lang='lat' dir='ltr'><strong>Sed</strong></span> <span class='ocrx_word' id='word_1_483' title='bbox 1520 3616 1620 3655; x_wconf 89' lang='lat' dir='ltr'><strong>nec</strong></span> <span class='ocrx_word' id='word_1_484' title='bbox 1662 3602 1923 3671; x_wconf 84' lang='lat' dir='ltr'><strong>quidnam</strong></span> <span class='ocrx_word' id='word_1_485' title='bbox 1973 3603 2043 3657; x_wconf 85' lang='lat' dir='ltr'><strong>sit</strong></span> 
     </span>
    </p>
   </div>
   <div class='ocr_carea' id='block_1_65' title="bbox 464 3690 2043 3763">
    <p class='ocr_par' dir='ltr' id='par_1_65' title="bbox 464 3690 2043 3763">
     <span class='ocr_line' id='line_1_65' title="bbox 464 3690 2043 3763; baseline 0.005 -21"><span class='ocrx_word' id='word_1_486' title='bbox 464 3691 672 3760; x_wconf 86' lang='lat' dir='ltr'><strong>justum</strong></span> <span class='ocrx_word' id='word_1_487' title='bbox 706 3690 814 3744; x_wconf 87' lang='lat' dir='ltr'><strong>Deo</strong></span> <span class='ocrx_word' id='word_1_488' title='bbox 847 3701 1171 3761; x_wconf 82' lang='lat' dir='ltr'><strong>acceptum,</strong></span> <span class='ocrx_word' id='word_1_489' title='bbox 1224 3694 1382 3762; x_wconf 88' lang='lat' dir='ltr'><strong>plene</strong></span> <span class='ocrx_word' id='word_1_490' title='bbox 1434 3703 1691 3763; x_wconf 86' lang='lat' dir='ltr'><strong>certoque</strong></span> <span class='ocrx_word' id='word_1_491' title='bbox 1740 3696 1886 3758; x_wconf 85' lang='lat' dir='ltr'><strong>novi,</strong></span> <span class='ocrx_word' id='word_1_492' title='bbox 1944 3712 2043 3750; x_wconf 84' lang='lat' dir='ltr'><strong>nee</strong></span> 
     </span>
    </p>
   </div>
   <div class='ocr_carea' id='block_1_66' title="bbox 469 3784 2039 3855">
    <p class='ocr_par' dir='ltr' id='par_1_66' title="bbox 469 3784 2039 3855">
     <span class='ocr_line' id='line_1_66' title="bbox 469 3784 2039 3855; baseline 0.004 -20"><span class='ocrx_word' id='word_1_493' title='bbox 469 3794 650 3837; x_wconf 91' lang='lat' dir='ltr'><strong>utrum</strong></span> <span class='ocrx_word' id='word_1_494' title='bbox 677 3784 858 3837; x_wconf 90' lang='lat' dir='ltr'><strong>anima</strong></span> <span class='ocrx_word' id='word_1_495' title='bbox 891 3785 1219 3840; x_wconf 88' lang='lat' dir='ltr'><strong>immortalis</strong></span> <span class='ocrx_word' id='word_1_496' title='bbox 1251 3787 1321 3839; x_wconf 85' lang='lat' dir='ltr'><strong>sit</strong></span> <span class='ocrx_word' id='word_1_497' title='bbox 1345 3802 1639 3855; x_wconf 81' lang='lat' dir='ltr'><strong>cognosco,</strong></span> <span class='ocrx_word' id='word_1_498' title='bbox 1666 3803 1732 3841; x_wconf 92' lang='lat' dir='ltr'><strong>an</strong></span> <span class='ocrx_word' id='word_1_499' title='bbox 1770 3789 2039 3843; x_wconf 87' lang='lat' dir='ltr'><strong>mortalis:</strong></span> 
     </span>
    </p>
   </div>
   <div class='ocr_carea' id='block_1_67' title="bbox 466 3878 2041 3949">
    <p class='ocr_par' dir='ltr' id='par_1_67' title="bbox 466 3878 2041 3949">
     <span class='ocr_line' id='line_1_67' title="bbox 466 3878 2041 3949; baseline 0.003 -20"><span class='ocrx_word' id='word_1_500' title='bbox 466 3892 647 3946; x_wconf 87' lang='lat' dir='ltr'><strong>neque</strong></span> <span class='ocrx_word' id='word_1_501' title='bbox 679 3878 783 3930; x_wconf 90' lang='lat' dir='ltr'><strong>ulla</strong></span> <span class='ocrx_word' id='word_1_502' title='bbox 817 3886 965 3931; x_wconf 82' lang='lat' dir='ltr'><strong>certa</strong></span> <span class='ocrx_word' id='word_1_503' title='bbox 996 3878 1136 3931; x_wconf 87' lang='lat' dir='ltr'><strong>ratio</strong></span> <span class='ocrx_word' id='word_1_504' title='bbox 1160 3878 1455 3944; x_wconf 88' lang='lat' dir='ltr'><strong>invenitur,</strong></span> <span class='ocrx_word' id='word_1_505' title='bbox 1490 3894 1667 3949; x_wconf 92' lang='lat' dir='ltr'><strong>neque</strong></span> <span class='ocrx_word' id='word_1_506' title='bbox 1702 3879 1803 3932; x_wconf 92' lang='lat' dir='ltr'><strong>hos</strong></span> <span class='ocrx_word' id='word_1_507' title='bbox 1845 3880 2041 3934; x_wconf 88' lang='lat' dir='ltr'><strong>mentis</strong></span> 
     </span>
    </p>
   </div>
   <div class='ocr_carea' id='block_1_68' title="bbox 463 3971 1138 4038">
    <p class='ocr_par' dir='ltr' id='par_1_68' title="bbox 463 3971 1138 4038">
     <span class='ocr_line' id='line_1_68' title="bbox 463 3971 1138 4038; baseline 0.001 -15"><span class='ocrx_word' id='word_1_508' title='bbox 463 3978 645 4024; x_wconf 89' lang='lat' dir='ltr'><strong>motus</strong></span> <span class='ocrx_word' id='word_1_509' title='bbox 673 3971 864 4023; x_wconf 87' lang='lat' dir='ltr'><strong>sedare</strong></span> <span class='ocrx_word' id='word_1_510' title='bbox 894 3986 1138 4038; x_wconf 78' lang='lat' dir='ltr'><strong>possunt.</strong></span> 
     </span>
    </p>
   </div>
   <div class='ocr_carea' id='block_1_69' title="bbox 540 4060 2039 4131">
    <p class='ocr_par' dir='ltr' id='par_1_69' title="bbox 540 4060 2039 4131">
     <span class='ocr_line' id='line_1_69' title="bbox 540 4060 2039 4131; baseline 0.003 -20"><span class='ocrx_word' id='word_1_511' title='bbox 540 4060 602 4114; x_wconf 72' lang='grc' dir='ltr'>ν.</span> <span class='ocrx_word' id='word_1_512' title='bbox 629 4060 768 4127; x_wconf 92' lang='lat' dir='ltr'><strong>Quid</strong></span> <span class='ocrx_word' id='word_1_513' title='bbox 804 4062 969 4131; x_wconf 81' lang='lat' dir='ltr'><strong>igitur</strong></span> <span class='ocrx_word' id='word_1_514' title='bbox 1024 4078 1111 4116; x_wconf 91' lang='lat' dir='ltr'><strong>me</strong></span> <span class='ocrx_word' id='word_1_515' title='bbox 1145 4064 1323 4116; x_wconf 81' lang='lat' dir='ltr'><strong>facere</strong></span> <span class='ocrx_word' id='word_1_516' title='bbox 1354 4070 1591 4131; x_wconf 82' lang='lat' dir='ltr'><strong>Oportet,</strong></span> <span class='ocrx_word' id='word_1_517' title='bbox 1626 4062 1732 4116; x_wconf 88' lang='lat' dir='ltr'><strong>nisi</strong></span> <span class='ocrx_word' id='word_1_518' title='bbox 1790 4062 1933 4115; x_wconf 89' lang='lat' dir='ltr'><strong>hoc?</strong></span> <span class='ocrx_word' id='word_1_519' title='bbox 1982 4061 2039 4115; x_wconf 88' lang='lat' dir='ltr'><strong>In</strong></span> 
     </span>
    </p>
   </div>
   <div class='ocr_carea' id='block_1_70' title="bbox 464 4149 2042 4225">
    <p class='ocr_par' dir='ltr' id='par_1_70' title="bbox 464 4149 2042 4225">
     <span class='ocr_line' id='line_1_70' title="bbox 464 4149 2042 4225; baseline 0.002 -19"><span class='ocrx_word' id='word_1_520' title='bbox 464 4149 762 4221; x_wconf 66' lang='lat' dir='ltr'><strong>[Egyptum</strong></span> <span class='ocrx_word' id='word_1_521' title='bbox 795 4154 1130 4222; x_wconf 83' lang='lat' dir='ltr'><strong>proﬁciscar,</strong></span> <span class='ocrx_word' id='word_1_522' title='bbox 1165 4164 1219 4208; x_wconf 91' lang='lat' dir='ltr'><strong>et</strong></span> <span class='ocrx_word' id='word_1_523' title='bbox 1242 4155 1527 4225; x_wconf 80' lang='lat' dir='ltr'><strong>adytorum</strong></span> <span class='ocrx_word' id='word_1_524' title='bbox 1562 4154 1938 4221; x_wconf 89' lang='lat' dir='ltr'><strong>hierophantis</strong></span> <span class='ocrx_word' id='word_1_525' title='bbox 1978 4170 2042 4209; x_wconf 91' lang='lat' dir='ltr'><strong>ac</strong></span> 
     </span>
    </p>
   </div>
   <div class='ocr_carea' id='block_1_71' title="bbox 465 4245 2043 4316">
    <p class='ocr_par' dir='ltr' id='par_1_71' title="bbox 465 4245 2043 4316">
     <span class='ocr_line' id='line_1_71' title="bbox 465 4245 2043 4316; baseline 0.001 -19"><span class='ocrx_word' id='word_1_526' title='bbox 465 4246 745 4313; x_wconf 85' lang='lat' dir='ltr'><strong>pr0phetis</strong></span> <span class='ocrx_word' id='word_1_527' title='bbox 775 4246 987 4299; x_wconf 90' lang='lat' dir='ltr'><strong>amicus</strong></span> <span class='ocrx_word' id='word_1_528' title='bbox 1014 4248 1253 4313; x_wconf 77' lang='lat' dir='ltr'><strong>elliciar;</strong></span> <span class='ocrx_word' id='word_1_529' title='bbox 1305 4261 1575 4316; x_wconf 83' lang='lat' dir='ltr'><strong>magoque</strong></span> <span class='ocrx_word' id='word_1_530' title='bbox 1600 4245 1832 4314; x_wconf 74' lang='grc' dir='ltr'>(μιωείιο</span> <span class='ocrx_word' id='word_1_531' title='bbox 1874 4256 1927 4299; x_wconf 90' lang='lat' dir='ltr'><strong>et</strong></span> <span class='ocrx_word' id='word_1_532' title='bbox 1959 4246 2043 4299; x_wconf 92' lang='lat' dir='ltr'><strong>in-</strong></span> 
     </span>
    </p>
   </div>
   <div class='ocr_carea' id='block_1_72' title="bbox 463 4337 2042 4407">
    <p class='ocr_par' dir='ltr' id='par_1_72' title="bbox 463 4337 2042 4407">
     <span class='ocr_line' id='line_1_72' title="bbox 463 4337 2042 4407; baseline 0.002 -19"><span class='ocrx_word' id='word_1_533' title='bbox 463 4347 626 4390; x_wconf 83' lang='lat' dir='ltr'><strong>vento</strong></span> <span class='ocrx_word' id='word_1_534' title='bbox 658 4339 824 4391; x_wconf 90' lang='lat' dir='ltr'><strong>multa</strong></span> <span class='ocrx_word' id='word_1_535' title='bbox 852 4342 1080 4407; x_wconf 89' lang='lat' dir='ltr'><strong>pecunia</strong></span> <span class='ocrx_word' id='word_1_536' title='bbox 1116 4338 1473 4407; x_wconf 81' lang='lat' dir='ltr'><strong>persuadebo,</strong></span> <span class='ocrx_word' id='word_1_537' title='bbox 1509 4347 1566 4391; x_wconf 93' lang='lat' dir='ltr'><strong>ut</strong></span> <span class='ocrx_word' id='word_1_538' title='bbox 1605 4337 1800 4390; x_wconf 68' lang='lat' dir='ltr'><strong>animae</strong></span> <span class='ocrx_word' id='word_1_539' title='bbox 1849 4353 2042 4391; x_wconf 87' lang='lat' dir='ltr'><strong>evoca-</strong></span> 
     </span>
    </p>
   </div>
   <div class='ocr_carea' id='block_1_73' title="bbox 463 4428 2039 4499">
    <p class='ocr_par' dir='ltr' id='par_1_73' title="bbox 463 4428 2039 4499">
     <span class='ocr_line' id='line_1_73' title="bbox 463 4428 2039 4499; baseline 0.001 -18"><span class='ocrx_word' id='word_1_540' title='bbox 463 4428 692 4494; x_wconf 88' lang='lat' dir='ltr'><strong>tionem,</strong></span> <span class='ocrx_word' id='word_1_541' title='bbox 745 4447 907 4499; x_wconf 90' lang='lat' dir='ltr'><strong>quam</strong></span> <span class='ocrx_word' id='word_1_542' title='bbox 939 4432 1369 4486; x_wconf 82' lang='lat' dir='ltr'><strong>necromantiatn</strong></span> <span class='ocrx_word' id='word_1_543' title='bbox 1405 4440 1622 4495; x_wconf 91' lang='lat' dir='ltr'><strong>vocant,</strong></span> <span class='ocrx_word' id='word_1_544' title='bbox 1674 4429 1861 4494; x_wconf 80' lang='lat' dir='ltr'><strong>faciat,</strong></span> <span class='ocrx_word' id='word_1_545' title='bbox 1915 4439 2039 4483; x_wconf 87' lang='lat' dir='ltr'><strong>tan-</strong></span> 
     </span>
    </p>
   </div>
   <div class='ocr_carea' id='block_1_74' title="bbox 464 4522 2039 4593">
    <p class='ocr_par' dir='ltr' id='par_1_74' title="bbox 464 4522 2039 4593">
     <span class='ocr_line' id='line_1_74' title="bbox 464 4522 2039 4593; baseline 0.001 -20"><span class='ocrx_word' id='word_1_546' title='bbox 464 4537 627 4590; x_wconf 89' lang='lat' dir='ltr'><strong>quam</strong></span> <span class='ocrx_word' id='word_1_547' title='bbox 663 4522 911 4577; x_wconf 82' lang='lat' dir='ltr'><strong>videlicet</strong></span> <span class='ocrx_word' id='word_1_548' title='bbox 936 4540 1036 4593; x_wconf 81' lang='lat' dir='ltr'><strong>cgo</strong></span> <span class='ocrx_word' id='word_1_549' title='bbox 1068 4525 1133 4578; x_wconf 89' lang='lat' dir='ltr'><strong>de</strong></span> <span class='ocrx_word' id='word_1_550' title='bbox 1167 4525 1352 4593; x_wconf 86' lang='lat' dir='ltr'><strong>aliquo</strong></span> <span class='ocrx_word' id='word_1_551' title='bbox 1375 4524 1592 4593; x_wconf 85' lang='lat' dir='ltr'><strong>negotio</strong></span> <span class='ocrx_word' id='word_1_552' title='bbox 1624 4522 1905 4577; x_wconf 89' lang='lat' dir='ltr'><strong>scisciter:</strong></span> <span class='ocrx_word' id='word_1_553' title='bbox 1936 4523 2039 4576; x_wconf 86' lang='lat' dir='ltr'><strong>erit</strong></span> 
     </span>
    </p>
   </div>
   <div class='ocr_carea' id='block_1_75' title="bbox 464 4614 2039 4686">
    <p class='ocr_par' dir='ltr' id='par_1_75' title="bbox 464 4614 2039 4686">
     <span class='ocr_line' id='line_1_75' title="bbox 464 4614 2039 4686; baseline 0 -19"><span class='ocrx_word' id='word_1_554' title='bbox 464 4625 645 4669; x_wconf 89' lang='lat' dir='ltr'><strong>autem</strong></span> <span class='ocrx_word' id='word_1_555' title='bbox 700 4615 1075 4686; x_wconf 85' lang='lat' dir='ltr'><strong>interrogatio,</strong></span> <span class='ocrx_word' id='word_1_556' title='bbox 1134 4626 1193 4671; x_wconf 89' lang='lat' dir='ltr'><strong>ut</strong></span> <span class='ocrx_word' id='word_1_557' title='bbox 1248 4618 1455 4671; x_wconf 90' lang='lat' dir='ltr'><strong>discam</strong></span> <span class='ocrx_word' id='word_1_558' title='bbox 1514 4625 1699 4669; x_wconf 92' lang='lat' dir='ltr'><strong>utrum</strong></span> <span class='ocrx_word' id='word_1_559' title='bbox 1734 4615 1913 4668; x_wconf 90' lang='lat' dir='ltr'><strong>anima</strong></span> <span class='ocrx_word' id='word_1_560' title='bbox 1966 4614 2039 4668; x_wconf 86' lang='lat' dir='ltr'><strong>sit</strong></span> 
     </span>
    </p>
   </div>
   <div class='ocr_carea' id='block_1_76' title="bbox 465 4707 2036 4778">
    <p class='ocr_par' dir='ltr' id='par_1_76' title="bbox 465 4707 2036 4778">
     <span class='ocr_line' id='line_1_76' title="bbox 465 4707 2036 4778; baseline -0.001 -16"><span class='ocrx_word' id='word_1_561' title='bbox 465 4707 812 4762; x_wconf 85' lang='lat' dir='ltr'><strong>immortalis.</strong></span> <span class='ocrx_word' id='word_1_562' title='bbox 839 4710 907 4762; x_wconf 88' lang='lat' dir='ltr'><strong>At</strong></span> <span class='ocrx_word' id='word_1_563' title='bbox 939 4710 1223 4778; x_wconf 85' lang='lat' dir='ltr'><strong>responsio</strong></span> <span class='ocrx_word' id='word_1_564' title='bbox 1250 4710 1448 4763; x_wconf 77' lang='lat' dir='ltr'><strong>anima:</strong></span> <span class='ocrx_word' id='word_1_565' title='bbox 1479 4708 1546 4763; x_wconf 89' lang='lat' dir='ltr'><strong>de</strong></span> <span class='ocrx_word' id='word_1_566' title='bbox 1574 4725 1671 4763; x_wconf 91' lang='lat' dir='ltr'><strong>sua</strong></span> <span class='ocrx_word' id='word_1_567' title='bbox 1710 4708 2036 4762; x_wconf 79' lang='lat' dir='ltr'><strong>immortali-</strong></span> 
     </span>
    </p>
   </div>
   <div class='ocr_carea' id='block_1_77' title="bbox 463 4802 2038 4870">
    <p class='ocr_par' dir='ltr' id='par_1_77' title="bbox 463 4802 2038 4870">
     <span class='ocr_line' id='line_1_77' title="bbox 463 4802 2038 4870; baseline 0.001 -16"><span class='ocrx_word' id='word_1_568' title='bbox 463 4808 575 4855; x_wconf 85' lang='lat' dir='ltr'><strong>tate</strong></span> <span class='ocrx_word' id='word_1_569' title='bbox 600 4816 706 4854; x_wconf 93' lang='lat' dir='ltr'><strong>non</strong></span> <span class='ocrx_word' id='word_1_570' title='bbox 736 4817 802 4855; x_wconf 75' lang='lat' dir='ltr'><strong>ex</strong></span> <span class='ocrx_word' id='word_1_571' title='bbox 832 4802 1047 4870; x_wconf 84' lang='lat' dir='ltr'><strong>loquela</strong></span> <span class='ocrx_word' id='word_1_572' title='bbox 1087 4803 1257 4870; x_wconf 88' lang='lat' dir='ltr'><strong>ipsius</strong></span> <span class='ocrx_word' id='word_1_573' title='bbox 1311 4811 1406 4857; x_wconf 91' lang='lat' dir='ltr'><strong>aut</strong></span> <span class='ocrx_word' id='word_1_574' title='bbox 1446 4819 1564 4856; x_wconf 89' lang='lat' dir='ltr'><strong>mea</strong></span> <span class='ocrx_word' id='word_1_575' title='bbox 1610 4802 1889 4855; x_wconf 90' lang='lat' dir='ltr'><strong>auditione</strong></span> <span class='ocrx_word' id='word_1_576' title='bbox 1932 4802 2038 4855; x_wconf 88' lang='lat' dir='ltr'><strong>erit</strong></span> 
     </span>
    </p>
   </div>
   <div class='ocr_carea' id='block_1_78' title="bbox 2144 3219 3732 3291">
    <p class='ocr_par' dir='ltr' id='par_1_78' title="bbox 2144 3219 3732 3291">
     <span class='ocr_line' id='line_1_78' title="bbox 2144 3219 3732 3291; baseline 0.005 -22"><span class='ocrx_word' id='word_1_577' title='bbox 2144 3235 2268 3287; x_wconf 88' lang='grc' dir='ltr'>γον,</span> <span class='ocrx_word' id='word_1_578' title='bbox 2303 3219 2711 3291; x_wconf 78' lang='grc' dir='ltr'>ἀκινδυνότερον</span> <span class='ocrx_word' id='word_1_579' title='bbox 2744 3222 2859 3273; x_wconf 87' lang='grc' dir='ltr'>ὲστι</span> <span class='ocrx_word' id='word_1_580' title='bbox 2888 3222 3084 3291; x_wconf 80' lang='grc' dir='ltr'>μᾶλλον</span> <span class='ocrx_word' id='word_1_581' title='bbox 3134 3221 3372 3283; x_wconf 83' lang='grc' dir='ltr'>εὐσεϐῶς</span> <span class='ocrx_word' id='word_1_582' title='bbox 3406 3220 3596 3291; x_wconf 73' lang='grc' dir='ltr'>βιῶσαι</span> <span class='ocrx_word' id='word_1_583' title='bbox 3638 3238 3732 3291; x_wconf 83' lang='grc' dir='ltr'>με.</span> 
     </span>
    </p>
   </div>
   <div class='ocr_carea' id='block_1_79' title="bbox 2144 3311 3735 3384">
    <p class='ocr_par' dir='ltr' id='par_1_79' title="bbox 2144 3311 3735 3384">
     <span class='ocr_line' id='line_1_79' title="bbox 2144 3311 3735 3384; baseline 0.002 -22"><span class='ocrx_word' id='word_1_584' title='bbox 2144 3311 2254 3362; x_wconf 75' lang='grc' dir='ltr'>Καὶ</span> <span class='ocrx_word' id='word_1_585' title='bbox 2282 3311 2399 3374; x_wconf 86' lang='grc' dir='ltr'><strong>πῶς</strong></span> <span class='ocrx_word' id='word_1_586' title='bbox 2434 3311 2544 3381; x_wconf 73' lang='lat'><strong>28</strong></span> <span class='ocrx_word' id='word_1_587' title='bbox 2575 3311 2872 3383; x_wconf 81' lang='grc' dir='ltr'>δυνήσομαι</span> <span class='ocrx_word' id='word_1_588' title='bbox 2904 3313 2997 3365; x_wconf 78' lang='grc' dir='ltr'>τοῦ</span> <span class='ocrx_word' id='word_1_589' title='bbox 3020 3312 3226 3365; x_wconf 73' lang='grc' dir='ltr'>δικαίου</span> <span class='ocrx_word' id='word_1_590' title='bbox 3260 3312 3437 3384; x_wconf 84' lang='grc' dir='ltr'>χάριν,</span> <span class='ocrx_word' id='word_1_591' title='bbox 3477 3314 3558 3375; x_wconf 81' lang='grc' dir='ltr'><strong>εἰς</strong></span> <span class='ocrx_word' id='word_1_592' title='bbox 3596 3312 3735 3383; x_wconf 74' lang='grc' dir='ltr'><strong>ἀδη-</strong></span> 
     </span>
    </p>
   </div>
   <div class='ocr_carea' id='block_1_80' title="bbox 2144 3400 3733 3476">
    <p class='ocr_par' dir='ltr' id='par_1_80' title="bbox 2144 3400 3733 3476">
     <span class='ocr_line' id='line_1_80' title="bbox 2144 3400 3733 3476; baseline 0.003 -24"><span class='ocrx_word' id='word_1_593' title='bbox 2144 3400 2233 3453; x_wconf 91' lang='grc' dir='ltr'><strong>λον</strong></span> <span class='ocrx_word' id='word_1_594' title='bbox 2252 3401 2439 3455; x_wconf 78' lang='grc' dir='ltr'>ἐλπίδα</span> <span class='ocrx_word' id='word_1_595' title='bbox 2460 3403 2698 3474; x_wconf 79' lang='grc' dir='ltr'>ἀφορῶν,</span> <span class='ocrx_word' id='word_1_596' title='bbox 2724 3404 2833 3457; x_wconf 87' lang='grc' dir='ltr'><strong>τῶν</strong></span> <span class='ocrx_word' id='word_1_597' title='bbox 2853 3403 2946 3456; x_wconf 81' lang='grc' dir='ltr'>τοῦ</span> <span class='ocrx_word' id='word_1_598' title='bbox 2971 3404 3221 3475; x_wconf 82' lang='grc' dir='ltr'>σώματος</span> <span class='ocrx_word' id='word_1_599' title='bbox 3243 3408 3465 3476; x_wconf 84' lang='grc' dir='ltr'>κρατεῖν</span> <span class='ocrx_word' id='word_1_600' title='bbox 3487 3404 3693 3475; x_wconf 78' lang='grc' dir='ltr'>ἡδονῶν</span> <span class='ocrx_word' id='word_1_601' title='bbox 3712 3422 3733 3469; x_wconf 88' lang='lat'><strong>;</strong></span> 
     </span>
    </p>
   </div>
   <div class='ocr_carea' id='block_1_81' title="bbox 2158 3493 3737 3568">
    <p class='ocr_par' dir='ltr' id='par_1_81' title="bbox 2158 3493 3737 3568">
     <span class='ocr_line' id='line_1_81' title="bbox 2158 3493 3737 3568; baseline 0.002 -24"><span class='ocrx_word' id='word_1_602' title='bbox 2158 3493 2297 3545; x_wconf 80' lang='grc' dir='ltr'>Ἀλλ’</span> <span class='ocrx_word' id='word_1_603' title='bbox 2317 3494 2437 3546; x_wconf 81' lang='grc' dir='ltr'>οὐδὲ</span> <span class='ocrx_word' id='word_1_604' title='bbox 2457 3496 2509 3547; x_wconf 84' lang='grc' dir='ltr'>τί</span> <span class='ocrx_word' id='word_1_605' title='bbox 2544 3496 2674 3549; x_wconf 89' lang='grc' dir='ltr'>ποτέ</span> <span class='ocrx_word' id='word_1_606' title='bbox 2694 3498 2809 3549; x_wconf 79' lang='grc' dir='ltr'>ἐστι</span> <span class='ocrx_word' id='word_1_607' title='bbox 2830 3496 3034 3548; x_wconf 85' lang='grc' dir='ltr'>δίκαιον</span> <span class='ocrx_word' id='word_1_608' title='bbox 3055 3496 3287 3568; x_wconf 81' lang='grc' dir='ltr'>άρεσκον</span> <span class='ocrx_word' id='word_1_609' title='bbox 3311 3497 3356 3527; x_wconf 80' lang='grc'><strong>⁸⁸</strong></span> <span class='ocrx_word' id='word_1_610' title='bbox 3385 3496 3503 3566; x_wconf 81' lang='grc' dir='ltr'><strong>Θεῷ</strong></span> <span class='ocrx_word' id='word_1_611' title='bbox 3526 3495 3737 3564; x_wconf 71' lang='grc' dir='ltr'>πεπληο</span> 
     </span>
    </p>
   </div>
   <div class='ocr_carea' id='block_1_82' title="bbox 2150 3586 3739 3660">
    <p class='ocr_par' dir='ltr' id='par_1_82' title="bbox 2150 3586 3739 3660">
     <span class='ocr_line' id='line_1_82' title="bbox 2150 3586 3739 3660; baseline 0.002 -22"><span class='ocrx_word' id='word_1_612' title='bbox 2150 3586 2475 3657; x_wconf 81' lang='grc' dir='ltr'>ροφόρημαι,</span> <span class='ocrx_word' id='word_1_613' title='bbox 2504 3587 2625 3641; x_wconf 72' lang='grc' dir='ltr'>οὔτε</span> <span class='ocrx_word' id='word_1_614' title='bbox 2660 3591 2707 3641; x_wconf 80' lang='grc' dir='ltr'>εἰ</span> <span class='ocrx_word' id='word_1_615' title='bbox 2741 3591 2773 3660; x_wconf 85' lang='grc' dir='ltr'>ἡ</span> <span class='ocrx_word' id='word_1_616' title='bbox 2807 3589 2953 3659; x_wconf 69' lang='grc' dir='ltr'>ψυχὴ</span> <span class='ocrx_word' id='word_1_617' title='bbox 2988 3588 3255 3652; x_wconf 84' lang='grc' dir='ltr'>ἀθάνατος</span> <span class='ocrx_word' id='word_1_618' title='bbox 3285 3589 3317 3659; x_wconf 84' lang='grc' dir='ltr'>ἢ</span> <span class='ocrx_word' id='word_1_619' title='bbox 3362 3588 3529 3659; x_wconf 81' lang='grc' dir='ltr'>θνητὴ</span> <span class='ocrx_word' id='word_1_620' title='bbox 3561 3586 3739 3656; x_wconf 66' lang='grc' dir='ltr'>γινὼο</span> 
     </span>
    </p>
   </div>
   <div class='ocr_carea' id='block_1_83' title="bbox 2147 3679 3749 3753">
    <p class='ocr_par' dir='ltr' id='par_1_83' title="bbox 2147 3679 3749 3753">
     <span class='ocr_line' id='line_1_83' title="bbox 2147 3679 3749 3753; baseline 0.002 -22"><span class='ocrx_word' id='word_1_621' title='bbox 2147 3696 2279 3731; x_wconf 88' lang='grc' dir='ltr'>σκω·</span> <span class='ocrx_word' id='word_1_622' title='bbox 2310 3679 2431 3732; x_wconf 70' lang='grc' dir='ltr'>οὔτε</span> <span class='ocrx_word' id='word_1_623' title='bbox 2468 3697 2550 3743; x_wconf 88' lang='grc' dir='ltr'><strong>τις</strong></span> <span class='ocrx_word' id='word_1_624' title='bbox 2593 3680 2750 3748; x_wconf 85' lang='grc' dir='ltr'>λόγος</span> <span class='ocrx_word' id='word_1_625' title='bbox 2785 3681 2997 3750; x_wconf 88' lang='grc' dir='ltr'>βέϐαιος</span> <span class='ocrx_word' id='word_1_626' title='bbox 3045 3682 3354 3753; x_wconf 84' lang='grc' dir='ltr'>εὑρίσκεται</span> <span class='ocrx_word' id='word_1_627' title='bbox 3380 3722 3395 3746; x_wconf 93' lang='grc'><strong>,</strong></span> <span class='ocrx_word' id='word_1_628' title='bbox 3445 3680 3570 3734; x_wconf 71' lang='grc' dir='ltr'>οὔτε</span> <span class='ocrx_word' id='word_1_629' title='bbox 3619 3679 3749 3734; x_wconf 83' lang='grc' dir='ltr'>τῶν-</span> 
     </span>
    </p>
   </div>
   <div class='ocr_carea' id='block_1_84' title="bbox 2142 3773 3311 3845">
    <p class='ocr_par' dir='ltr' id='par_1_84' title="bbox 2142 3773 3311 3845">
     <span class='ocr_line' id='line_1_84' title="bbox 2142 3773 3311 3845; baseline 0.003 -21"><span class='ocrx_word' id='word_1_630' title='bbox 2142 3774 2399 3826; x_wconf 85' lang='grc' dir='ltr'>τοιούτων</span> <span class='ocrx_word' id='word_1_631' title='bbox 2432 3773 2704 3844; x_wconf 85' lang='grc' dir='ltr'>λογισμῶν</span> <span class='ocrx_word' id='word_1_632' title='bbox 2734 3773 3025 3845; x_wconf 78' lang='grc' dir='ltr'>ἡσυχάζειν</span> <span class='ocrx_word' id='word_1_633' title='bbox 3058 3774 3311 3845; x_wconf 89' lang='grc' dir='ltr'>δύναμαι.</span> 
     </span>
    </p>
   </div>
   <div class='ocr_carea' id='block_1_85' title="bbox 2214 4054 3735 4132">
    <p class='ocr_par' dir='ltr' id='par_1_85' title="bbox 2214 4054 3735 4132">
     <span class='ocr_line' id='line_1_85' title="bbox 2214 4054 3735 4132; baseline 0.001 -18"><span class='ocrx_word' id='word_1_634' title='bbox 2214 4059 2280 4114; x_wconf 87' lang='lat' dir='ltr'><strong>V.</strong></span> <span class='ocrx_word' id='word_1_635' title='bbox 2309 4061 2375 4113; x_wconf 76' lang='grc' dir='ltr'>Τί</span> <span class='ocrx_word' id='word_1_636' title='bbox 2408 4054 2500 4114; x_wconf 80' lang='grc' dir='ltr'>οὖν</span> <span class='ocrx_word' id='word_1_637' title='bbox 2547 4059 2651 4132; x_wconf 84' lang='grc' dir='ltr'>χρὴ</span> <span class='ocrx_word' id='word_1_638' title='bbox 2700 4060 2935 4132; x_wconf 85' lang='grc' dir='ltr'>ποιεῖνῆ</span> <span class='ocrx_word' id='word_1_639' title='bbox 2987 4059 3146 4113; x_wconf 77' lang='grc' dir='ltr'>τοῦτο</span> <span class='ocrx_word' id='word_1_640' title='bbox 3178 4062 3256 4126; x_wconf 84' lang='lat'><strong>&quot;’;</strong></span> <span class='ocrx_word' id='word_1_641' title='bbox 3305 4062 3399 4124; x_wconf 72' lang='grc' dir='ltr'><strong>Εἰς</strong></span> <span class='ocrx_word' id='word_1_642' title='bbox 3447 4062 3735 4129; x_wconf 76' lang='grc' dir='ltr'>Αἴγυπτον</span> 
     </span>
    </p>
   </div>
   <div class='ocr_carea' id='block_1_86' title="bbox 2144 4142 3730 4226">
    <p class='ocr_par' dir='ltr' id='par_1_86' title="bbox 2144 4142 3730 4226">
     <span class='ocr_line' id='line_1_86' title="bbox 2144 4142 3730 4226; baseline 0 -19"><span class='ocrx_word' id='word_1_643' title='bbox 2144 4153 2519 4226; x_wconf 83' lang='grc' dir='ltr'>πορεύσομαι,</span> <span class='ocrx_word' id='word_1_644' title='bbox 2556 4156 2785 4217; x_wconf 72' lang='grc' dir='ltr'>καὶτοῖς</span> <span class='ocrx_word' id='word_1_645' title='bbox 2814 4142 3168 4206; x_wconf 69' lang='grc' dir='ltr'>τῶν’άδύτων</span> <span class='ocrx_word' id='word_1_646' title='bbox 3211 4154 3553 4225; x_wconf 84' lang='grc' dir='ltr'>ἱεροφάνταις</span> <span class='ocrx_word' id='word_1_647' title='bbox 3588 4171 3650 4207; x_wconf 90' lang='grc' dir='ltr'><strong>τε</strong></span> <span class='ocrx_word' id='word_1_648' title='bbox 3680 4156 3730 4188; x_wconf 78' lang='grc'><strong>⁸⁸</strong></span> 
     </span>
    </p>
   </div>
   <div class='ocr_carea' id='block_1_87' title="bbox 2143 4246 3729 4318">
    <p class='ocr_par' dir='ltr' id='par_1_87' title="bbox 2143 4246 3729 4318">
     <span class='ocr_line' id='line_1_87' title="bbox 2143 4246 3729 4318; baseline 0.002 -19"><span class='ocrx_word' id='word_1_649' title='bbox 2143 4247 2239 4300; x_wconf 74' lang='grc' dir='ltr'>καὶ</span> <span class='ocrx_word' id='word_1_650' title='bbox 2268 4248 2574 4318; x_wconf 86' lang='grc' dir='ltr'>προφήταις</span> <span class='ocrx_word' id='word_1_651' title='bbox 2607 4246 3024 4318; x_wconf 89' lang='grc' dir='ltr'>φιλιωθήσομαι,</span> <span class='ocrx_word' id='word_1_652' title='bbox 3048 4246 3142 4300; x_wconf 73' lang='grc' dir='ltr'><strong>καὶ</strong></span> <span class='ocrx_word' id='word_1_653' title='bbox 3165 4246 3336 4317; x_wconf 87' lang='grc' dir='ltr'>μάγον</span> <span class='ocrx_word' id='word_1_654' title='bbox 3371 4247 3610 4318; x_wconf 78' lang='grc' dir='ltr'>ζητήσας</span> <span class='ocrx_word' id='word_1_655' title='bbox 3631 4250 3729 4302; x_wconf 77' lang='grc' dir='ltr'><strong>καὶ</strong></span> 
     </span>
    </p>
   </div>
   <div class='ocr_carea' id='block_1_88' title="bbox 2143 4338 3727 4409">
    <p class='ocr_par' dir='ltr' id='par_1_88' title="bbox 2143 4338 3727 4409">
     <span class='ocr_line' id='line_1_88' title="bbox 2143 4338 3727 4409; baseline 0.001 -18"><span class='ocrx_word' id='word_1_656' title='bbox 2143 4338 2317 4409; x_wconf 82' lang='grc' dir='ltr'>εὑρὼν</span> <span class='ocrx_word' id='word_1_657' title='bbox 2349 4340 2591 4409; x_wconf 85' lang='grc' dir='ltr'>χρήμασι</span> <span class='ocrx_word' id='word_1_658' title='bbox 2624 4338 2835 4401; x_wconf 86' lang='grc' dir='ltr'>πολλοῖς</span> <span class='ocrx_word' id='word_1_659' title='bbox 2856 4339 3028 4391; x_wconf 83' lang='grc' dir='ltr'>πείσω</span> <span class='ocrx_word' id='word_1_660' title='bbox 3050 4378 3064 4400; x_wconf 90' lang='grc'><strong>,</strong></span> <span class='ocrx_word' id='word_1_661' title='bbox 3086 4340 3235 4401; x_wconf 85' lang='grc' dir='ltr'>ὅπως</span> <span class='ocrx_word' id='word_1_662' title='bbox 3266 4339 3443 4409; x_wconf 71' lang='grc' dir='ltr'>ψυχῆς</span> <span class='ocrx_word' id='word_1_663' title='bbox 3474 4340 3727 4409; x_wconf 82' lang='grc' dir='ltr'>ἀναπομ-</span> 
     </span>
    </p>
   </div>
   <div class='ocr_carea' id='block_1_89' title="bbox 2145 4429 3725 4503">
    <p class='ocr_par' dir='ltr' id='par_1_89' title="bbox 2145 4429 3725 4503">
     <span class='ocr_line' id='line_1_89' title="bbox 2145 4429 3725 4503; baseline 0.002 -22"><span class='ocrx_word' id='word_1_664' title='bbox 2145 4431 2275 4502; x_wconf 84' lang='grc' dir='ltr'>πὴν,</span> <span class='ocrx_word' id='word_1_665' title='bbox 2304 4431 2403 4502; x_wconf 82' lang='grc' dir='ltr'>τὴν</span> <span class='ocrx_word' id='word_1_666' title='bbox 2434 4429 2732 4500; x_wconf 80' lang='grc' dir='ltr'>λεγομένην</span> <span class='ocrx_word' id='word_1_667' title='bbox 2774 4431 3199 4500; x_wconf 84' lang='grc' dir='ltr'>νεκρομαντείαν</span> <span class='ocrx_word' id='word_1_668' title='bbox 3231 4430 3273 4461; x_wconf 75' lang='grc'><strong>⁸⁸</strong></span> <span class='ocrx_word' id='word_1_669' title='bbox 3310 4432 3530 4503; x_wconf 83' lang='grc' dir='ltr'>ποιήσῃ,</span> <span class='ocrx_word' id='word_1_670' title='bbox 3585 4432 3725 4501; x_wconf 75' lang='grc' dir='ltr'>ἐμοῦ</span> 
     </span>
    </p>
   </div>
   <div class='ocr_carea' id='block_1_90' title="bbox 2144 4521 3727 4593">
    <p class='ocr_par' dir='ltr' id='par_1_90' title="bbox 2144 4521 3727 4593">
     <span class='ocr_line' id='line_1_90' title="bbox 2144 4521 3727 4593; baseline 0.001 -19"><span class='ocrx_word' id='word_1_671' title='bbox 2144 4522 2219 4584; x_wconf 83' lang='grc' dir='ltr'>ὡς</span> <span class='ocrx_word' id='word_1_672' title='bbox 2253 4522 2379 4592; x_wconf 76' lang='grc' dir='ltr'>περὶ</span> <span class='ocrx_word' id='word_1_673' title='bbox 2412 4522 2733 4593; x_wconf 84' lang='grc' dir='ltr'>πράγματός</span> <span class='ocrx_word' id='word_1_674' title='bbox 2762 4538 2905 4584; x_wconf 89' lang='grc' dir='ltr'>τινος</span> <span class='ocrx_word' id='word_1_675' title='bbox 2924 4521 3347 4592; x_wconf 81' lang='grc' dir='ltr'>πυνθανομένου·</span> <span class='ocrx_word' id='word_1_676' title='bbox 3385 4522 3495 4592; x_wconf 87' lang='grc' dir='ltr'><strong>ήδὲ</strong></span> <span class='ocrx_word' id='word_1_677' title='bbox 3530 4523 3727 4587; x_wconf 74' lang='grc' dir='ltr'>πεῦσις</span> 
     </span>
    </p>
   </div>
   <div class='ocr_carea' id='block_1_91' title="bbox 2142 4612 3729 4684">
    <p class='ocr_par' dir='ltr' id='par_1_91' title="bbox 2142 4612 3729 4684">
     <span class='ocr_line' id='line_1_91' title="bbox 2142 4612 3729 4684; baseline 0.001 -19"><span class='ocrx_word' id='word_1_678' title='bbox 2142 4612 2292 4666; x_wconf 79' lang='grc' dir='ltr'>ἔσται</span> <span class='ocrx_word' id='word_1_679' title='bbox 2325 4613 2565 4681; x_wconf 73' lang='grc' dir='ltr'>περὶτοῦ</span> <span class='ocrx_word' id='word_1_680' title='bbox 2599 4613 2786 4684; x_wconf 87' lang='grc' dir='ltr'>μαθεῖν</span> <span class='ocrx_word' id='word_1_681' title='bbox 2806 4614 2854 4664; x_wconf 75' lang='grc' dir='ltr'>εἰ</span> <span class='ocrx_word' id='word_1_682' title='bbox 2887 4612 3151 4676; x_wconf 87' lang='grc' dir='ltr'>ἀθάνατος</span> <span class='ocrx_word' id='word_1_683' title='bbox 3172 4615 3204 4684; x_wconf 85' lang='grc' dir='ltr'>ἡ</span> <span class='ocrx_word' id='word_1_684' title='bbox 3229 4612 3393 4683; x_wconf 76' lang='grc' dir='ltr'>ψυχή.</span> <span class='ocrx_word' id='word_1_685' title='bbox 3434 4614 3499 4666; x_wconf 86' lang='grc' dir='ltr'>Ἡ</span> <span class='ocrx_word' id='word_1_686' title='bbox 3531 4614 3587 4666; x_wconf 84' lang='grc' dir='ltr'>δὲ</span> <span class='ocrx_word' id='word_1_687' title='bbox 3624 4615 3729 4684; x_wconf 77' lang='grc' dir='ltr'>τῆς</span> 
     </span>
    </p>
   </div>
   <div class='ocr_carea' id='block_1_92' title="bbox 2139 4704 3725 4778">
    <p class='ocr_par' dir='ltr' id='par_1_92' title="bbox 2139 4704 3725 4778">
     <span class='ocr_line' id='line_1_92' title="bbox 2139 4704 3725 4778; baseline 0.001 -21"><span class='ocrx_word' id='word_1_688' title='bbox 2139 4704 2317 4775; x_wconf 73' lang='grc' dir='ltr'>ψυχῆς</span> <span class='ocrx_word' id='word_1_689' title='bbox 2360 4706 2679 4778; x_wconf 83' lang='grc' dir='ltr'>ἀπόκρισις,</span> <span class='ocrx_word' id='word_1_690' title='bbox 2724 4707 2804 4758; x_wconf 85' lang='grc' dir='ltr'>ὅτι</span> <span class='ocrx_word' id='word_1_691' title='bbox 2854 4704 3119 4767; x_wconf 87' lang='grc' dir='ltr'>ἀθάνατός</span> <span class='ocrx_word' id='word_1_692' title='bbox 3168 4706 3351 4770; x_wconf 75' lang='grc' dir='ltr'>ἐστιν,</span> <span class='ocrx_word' id='word_1_693' title='bbox 3388 4706 3488 4759; x_wconf 84' lang='grc' dir='ltr'><strong>ούκ</strong></span> <span class='ocrx_word' id='word_1_694' title='bbox 3532 4708 3595 4759; x_wconf 84' lang='grc' dir='ltr'>ὲκ</span> <span class='ocrx_word' id='word_1_695' title='bbox 3625 4707 3725 4760; x_wconf 78' lang='grc' dir='ltr'>τοῦ</span> 
     </span>
    </p>
   </div>
   <div class='ocr_carea' id='block_1_93' title="bbox 2140 4799 3727 4872">
    <p class='ocr_par' dir='ltr' id='par_1_93' title="bbox 2140 4799 3727 4872">
     <span class='ocr_line' id='line_1_93' title="bbox 2140 4799 3727 4872; baseline 0 -18"><span class='ocrx_word' id='word_1_696' title='bbox 2140 4800 2369 4871; x_wconf 81' lang='grc' dir='ltr'>λαλῆσαι</span> <span class='ocrx_word' id='word_1_697' title='bbox 2404 4800 2435 4872; x_wconf 88' lang='grc' dir='ltr'>ἢ</span> <span class='ocrx_word' id='word_1_698' title='bbox 2470 4802 2563 4853; x_wconf 74' lang='grc' dir='ltr'><strong>καὶ</strong></span> <span class='ocrx_word' id='word_1_699' title='bbox 2594 4799 2825 4852; x_wconf 80' lang='grc' dir='ltr'>ἀκοῦσαι</span> <span class='ocrx_word' id='word_1_700' title='bbox 2856 4799 3008 4851; x_wconf 79' lang='grc' dir='ltr'>ἔσται</span> <span class='ocrx_word' id='word_1_701' title='bbox 3037 4799 3082 4830; x_wconf 82' lang='grc'><strong>⁹⁰</strong></span> <span class='ocrx_word' id='word_1_702' title='bbox 3118 4816 3207 4870; x_wconf 92' lang='grc' dir='ltr'><strong>μοι</strong></span> <span class='ocrx_word' id='word_1_703' title='bbox 3232 4800 3453 4868; x_wconf 88' lang='grc' dir='ltr'>γνῶναι,</span> <span class='ocrx_word' id='word_1_704' title='bbox 3507 4800 3620 4852; x_wconf 79' lang='grc' dir='ltr'>ἀλλ’</span> <span class='ocrx_word' id='word_1_705' title='bbox 3658 4802 3727 4854; x_wconf 80' lang='grc' dir='ltr'><strong>ἐκ</strong></span> 
     </span>
    </p>
   </div>
   <div class='ocr_carea' id='block_1_94' title="bbox 464 4891 2041 4965">
    <p class='ocr_par' dir='ltr' id='par_1_94' title="bbox 464 4893 2036 4963">
     <span class='ocr_line' id='line_1_94' title="bbox 464 4893 2036 4963; baseline 0.001 -16"><span class='ocrx_word' id='word_1_706' title='bbox 464 4893 599 4947; x_wconf 89' lang='lat' dir='ltr'><strong>mihi</strong></span> <span class='ocrx_word' id='word_1_707' title='bbox 626 4906 927 4963; x_wconf 86' lang='lat' dir='ltr'><strong>comperta,</strong></span> <span class='ocrx_word' id='word_1_708' title='bbox 962 4896 1055 4949; x_wconf 83' lang='lat' dir='ltr'><strong>sed</strong></span> <span class='ocrx_word' id='word_1_709' title='bbox 1103 4912 1166 4949; x_wconf 81' lang='lat' dir='ltr'><strong>ex</strong></span> <span class='ocrx_word' id='word_1_710' title='bbox 1218 4895 1329 4949; x_wconf 91' lang='lat' dir='ltr'><strong>sola</strong></span> <span class='ocrx_word' id='word_1_711' title='bbox 1361 4895 1611 4963; x_wconf 88' lang='lat' dir='ltr'><strong>visione;</strong></span> <span class='ocrx_word' id='word_1_712' title='bbox 1663 4903 1723 4948; x_wconf 92' lang='lat' dir='ltr'><strong>ut</strong></span> <span class='ocrx_word' id='word_1_713' title='bbox 1768 4894 1854 4949; x_wconf 88' lang='lat' dir='ltr'><strong>his</strong></span> <span class='ocrx_word' id='word_1_714' title='bbox 1902 4894 2036 4963; x_wconf 88' lang='lat' dir='ltr'><strong>ipsis</strong></span> 
     </span>
    </p>
   </div>
   <div class='ocr_carea' id='block_1_95' title="bbox 2149 4891 3726 4965">
    <p class='ocr_par' dir='ltr' id='par_1_95' title="bbox 2149 4891 3726 4965">
     <span class='ocr_line' id='line_1_95' title="bbox 2149 4891 3726 4965; baseline -0.001 -20"><span class='ocrx_word' id='word_1_715' title='bbox 2149 4894 2231 4946; x_wconf 77' lang='grc' dir='ltr'><strong>τοῦ</strong></span> <span class='ocrx_word' id='word_1_716' title='bbox 2264 4894 2491 4965; x_wconf 82' lang='grc' dir='ltr'>ὀφθῆναι</span> <span class='ocrx_word' id='word_1_717' title='bbox 2518 4892 2693 4963; x_wconf 88' lang='grc' dir='ltr'>μόνον,</span> <span class='ocrx_word' id='word_1_718' title='bbox 2729 4892 3034 4956; x_wconf 82' lang='grc' dir='ltr'>ἴνα,αύτοῖς</span> <span class='ocrx_word' id='word_1_719' title='bbox 3058 4891 3353 4962; x_wconf 84' lang='grc' dir='ltr'>ὀφθαλμοῖς</span> <span class='ocrx_word' id='word_1_720' title='bbox 3376 4891 3497 4945; x_wconf 82' lang='grc' dir='ltr'>ἰδὼν</span> <span class='ocrx_word' id='word_1_721' title='bbox 3525 4893 3726 4964; x_wconf 82' lang='grc' dir='ltr'>αὐτὴν,</span> 
     </span>
    </p>
   </div>
   <div class='ocr_carea' id='block_1_96' title="bbox 1774 5011 2448 5111">
    <p class='ocr_par' dir='ltr' id='par_1_96' title="bbox 1774 5011 2448 5111">
     <span class='ocr_line' id='line_1_96' title="bbox 1774 5011 2448 5111; baseline -0.006 0"><span class='ocrx_word' id='word_1_722' title='bbox 1774 5053 2009 5111; x_wconf 61' lang='lat' dir='ltr'><strong>meum</strong></span> <span class='ocrx_word' id='word_1_723' title='bbox 2047 5011 2448 5111; x_wconf 72' lang='lat' dir='ltr'><strong>LECTIONES.</strong></span> 
     </span>
    </p>
   </div>
   <div class='ocr_carea' id='block_1_97' title="bbox 533 5166 2517 5240">
    <p class='ocr_par' dir='ltr' id='par_1_97' title="bbox 533 5166 2517 5240">
     <span class='ocr_line' id='line_1_97' title="bbox 533 5166 2517 5240; baseline 0.001 -20"><span class='ocrx_word' id='word_1_724' title='bbox 533 5170 579 5240; x_wconf 60' lang='grc' dir='ltr'><strong>’Τ</strong></span> <span class='ocrx_word' id='word_1_725' title='bbox 621 5166 721 5222; x_wconf 83' lang='lat' dir='ltr'><strong>Hie</strong></span> <span class='ocrx_word' id='word_1_726' title='bbox 755 5186 971 5240; x_wconf 87' lang='lat' dir='ltr'><strong>quoque</strong></span> <span class='ocrx_word' id='word_1_727' title='bbox 1027 5171 1312 5240; x_wconf 80' lang='lat' dir='ltr'><strong>legendum</strong></span> <span class='ocrx_word' id='word_1_728' title='bbox 1355 5181 1436 5225; x_wconf 83' lang='lat' dir='ltr'><strong>est</strong></span> <span class='ocrx_word' id='word_1_729' title='bbox 1482 5170 1890 5240; x_wconf 81' lang='grc' dir='ltr'>ἀποφαίνονται,</span> <span class='ocrx_word' id='word_1_730' title='bbox 1945 5180 2006 5225; x_wconf 86' lang='grc' dir='ltr'>ιιι</span> <span class='ocrx_word' id='word_1_731' title='bbox 2035 5171 2183 5238; x_wconf 82' lang='lat' dir='ltr'><strong>Epit.</strong></span> <span class='ocrx_word' id='word_1_732' title='bbox 2227 5186 2347 5239; x_wconf 91' lang='lat' dir='ltr'><strong>cap.</strong></span> <span class='ocrx_word' id='word_1_733' title='bbox 2388 5170 2421 5222; x_wconf 77' lang='lat'><strong>5</strong></span> <span class='ocrx_word' id='word_1_734' title='bbox 2454 5169 2517 5240; x_wconf 67' lang='grc' dir='ltr'><strong>ρ.</strong></span> 
     </span>
    </p>
   </div>
   <div class='ocr_carea' id='block_1_98' title="bbox 2594 5166 3716 5237">
    <p class='ocr_par' dir='ltr' id='par_1_98' title="bbox 2594 5166 3716 5237">
     <span class='ocr_line' id='line_1_98' title="bbox 2594 5166 3716 5237; baseline 0.003 -17"><span class='ocrx_word' id='word_1_735' title='bbox 2594 5168 2641 5200; x_wconf 81' lang='grc'><strong>⁷⁸</strong></span> <span class='ocrx_word' id='word_1_736' title='bbox 2668 5168 2729 5221; x_wconf 85' lang='grc' dir='ltr'><em>τέ</em></span> <span class='ocrx_word' id='word_1_737' title='bbox 2774 5168 2837 5222; x_wconf 88' lang='lat' dir='ltr'><strong>C.</strong></span> <span class='ocrx_word' id='word_1_738' title='bbox 2874 5167 3114 5222; x_wconf 90' lang='lat' dir='ltr'><strong>Subinde</strong></span> <span class='ocrx_word' id='word_1_739' title='bbox 3168 5167 3291 5221; x_wconf 78' lang='grc' dir='ltr'>οὐδέ</span> <span class='ocrx_word' id='word_1_740' title='bbox 3338 5182 3449 5237; x_wconf 86' lang='lat' dir='ltr'><strong>pro</strong></span> <span class='ocrx_word' id='word_1_741' title='bbox 3495 5166 3617 5220; x_wconf 71' lang='grc' dir='ltr'>οὔτε</span> <span class='ocrx_word' id='word_1_742' title='bbox 3654 5167 3716 5223; x_wconf 92' lang='grc' dir='ltr'>Ο,</span> 
     </span>
    </p>
   </div>
   <div class='ocr_carea' id='block_1_99' title="bbox 462 5234 3724 5341">
    <p class='ocr_par' dir='ltr' id='par_1_99' title="bbox 462 5234 3724 5341">
     <span class='ocr_line' id='line_1_99' title="bbox 462 5234 3724 5341; baseline 0 -51"><span class='ocrx_word' id='word_1_743' title='bbox 462 5240 510 5278; x_wconf 76' lang='grc' dir='ltr'><strong>⁷ο</strong></span> <span class='ocrx_word' id='word_1_744' title='bbox 539 5238 615 5301; x_wconf 86' lang='grc' dir='ltr'>ὡς</span> <span class='ocrx_word' id='word_1_745' title='bbox 644 5254 753 5292; x_wconf 89' lang='grc'><strong>0111.</strong></span> <span class='ocrx_word' id='word_1_746' title='bbox 774 5234 844 5295; x_wconf 82' lang='grc' dir='ltr'><strong>Ὁ.</strong></span> <span class='ocrx_word' id='word_1_747' title='bbox 884 5234 897 5240; x_wconf 69' lang='grc'><strong>’</strong></span> <span class='ocrx_word' id='word_1_748' title='bbox 921 5241 966 5273; x_wconf 78' lang='grc' dir='ltr'><strong>⁸ο</strong></span> <span class='ocrx_word' id='word_1_749' title='bbox 997 5234 1116 5306; x_wconf 84' lang='grc' dir='ltr'><strong>οἷδᾶ</strong></span> <span class='ocrx_word' id='word_1_750' title='bbox 1149 5260 1265 5305; x_wconf 85' lang='grc' dir='ltr'><strong>πως</strong></span> <span class='ocrx_word' id='word_1_751' title='bbox 1296 5241 1357 5296; x_wconf 89' lang='lat' dir='ltr'><strong>C.</strong></span> <span class='ocrx_word' id='word_1_752' title='bbox 1385 5241 1522 5294; x_wconf 88' lang='lat' dir='ltr'><strong>Ttnn</strong></span> <span class='ocrx_word' id='word_1_753' title='bbox 1574 5234 1647 5295; x_wconf 85' lang='lat' dir='ltr'><strong>id.</strong></span> <span class='ocrx_word' id='word_1_754' title='bbox 1697 5259 1784 5311; x_wconf 91' lang='grc' dir='ltr'><strong>μοι</strong></span> <span class='ocrx_word' id='word_1_755' title='bbox 1822 5258 1872 5309; x_wconf 90' lang='lat' dir='ltr'><strong>p.</strong></span> <span class='ocrx_word' id='word_1_756' title='bbox 1921 5258 2008 5310; x_wconf 89' lang='grc' dir='ltr'>με.</span> <span class='ocrx_word' id='word_1_757' title='bbox 2081 5234 2127 5272; x_wconf 62' lang='grc'><strong>⁸⁸</strong></span> <span class='ocrx_word' id='word_1_758' title='bbox 2160 5234 2423 5341; x_wconf 68' lang='grc' dir='ltr'>προσήκει</span> <span class='ocrx_word' id='word_1_759' title='bbox 2447 5234 2588 5301; x_wconf 79' lang='lat' dir='ltr'><strong>Epit.</strong></span> <span class='ocrx_word' id='word_1_760' title='bbox 2617 5254 2665 5293; x_wconf 92' lang='lat' dir='ltr'><strong>c.</strong></span> <span class='ocrx_word' id='word_1_761' title='bbox 2695 5239 2749 5293; x_wconf 70' lang='grc'><strong>4.</strong></span> <span class='ocrx_word' id='word_1_762' title='bbox 2794 5238 3047 5293; x_wconf 87' lang='lat' dir='ltr'><strong>Fortasse</strong></span> <span class='ocrx_word' id='word_1_763' title='bbox 3099 5239 3178 5300; x_wconf 78' lang='grc' dir='ltr'><strong>εἰς</strong></span> <span class='ocrx_word' id='word_1_764' title='bbox 3218 5234 3523 5309; x_wconf 67' lang='grc' dir='ltr'>τηνικαῦτα</span> <span class='ocrx_word' id='word_1_765' title='bbox 3553 5254 3606 5305; x_wconf 90' lang='lat' dir='ltr'><strong>p.</strong></span> <span class='ocrx_word' id='word_1_766' title='bbox 3639 5242 3724 5302; x_wconf 82' lang='grc' dir='ltr'>εἰς</span> 
     </span>
     <span class='ocr_line' id='line_1_100' title="bbox 462 5306 3697 5341; baseline 0 0"><span class='ocrx_word' id='word_1_767' title='bbox 462 5310 563 5341; x_wconf 52' lang='grc' dir='ltr'><strong>’ἆυ</strong></span> <span class='ocrx_word' id='word_1_768' title='bbox 591 5309 709 5341; x_wconf 49' lang='lat' dir='ltr'><strong>mrbus</strong></span> <span class='ocrx_word' id='word_1_769' title='bbox 745 5309 841 5341; x_wconf 71' lang='lat' dir='ltr'><strong>{‘t‘.</strong></span> <span class='ocrx_word' id='word_1_770' title='bbox 918 5312 1035 5341; x_wconf 64' lang='grc' dir='ltr'><strong>τ’..ἱι</strong></span> <span class='ocrx_word' id='word_1_771' title='bbox 1076 5313 1087 5341; x_wconf 83' lang='grc' dir='ltr'><strong>Ι</strong></span> <span class='ocrx_word' id='word_1_772' title='bbox 1138 5329 1165 5341; x_wconf 75' lang='grc' dir='ltr'>ιι</span> <span class='ocrx_word' id='word_1_773' title='bbox 1223 5311 1259 5341; x_wconf 58' lang='grc' dir='ltr'>Ε</span> <span class='ocrx_word' id='word_1_774' title='bbox 1383 5313 1428 5341; x_wconf 68' lang='lat'><strong>8!</strong></span> <span class='ocrx_word' id='word_1_775' title='bbox 1455 5312 1636 5341; x_wconf 63' lang='grc' dir='ltr'>ἕἹι-υλιι</span> <span class='ocrx_word' id='word_1_776' title='bbox 1666 5311 1774 5341; x_wconf 58' lang='grc' dir='ltr'><strong>,ιλ-Α</strong></span> <span class='ocrx_word' id='word_1_777' title='bbox 1832 5314 1875 5341; x_wconf 82' lang='grc' dir='ltr'><strong>..ι</strong></span> <span class='ocrx_word' id='word_1_778' title='bbox 1915 5312 1983 5341; x_wconf 67' lang='grc' dir='ltr'><strong>...Δ</strong></span> <span class='ocrx_word' id='word_1_779' title='bbox 2036 5308 2075 5341; x_wconf 67' lang='grc' dir='ltr'><strong><em>ρ</em></strong></span> <span class='ocrx_word' id='word_1_780' title='bbox 2174 5311 2195 5341; x_wconf 81' lang='grc'>8</span> <span class='ocrx_word' id='word_1_781' title='bbox 2250 5311 2441 5341; x_wconf 59' lang='lat' dir='ltr'><strong>Thr-“np</strong></span> <span class='ocrx_word' id='word_1_782' title='bbox 2474 5310 2512 5341; x_wconf 69' lang='lat' dir='ltr'><strong>l‘</strong></span> <span class='ocrx_word' id='word_1_783' title='bbox 2640 5309 2687 5341; x_wconf 67' lang='grc' dir='ltr'>δι</span> <span class='ocrx_word' id='word_1_784' title='bbox 2717 5311 2806 5341; x_wconf 61' lang='grc' dir='ltr'><strong>νηὶ</strong></span> <span class='ocrx_word' id='word_1_785' title='bbox 2846 5308 3005 5341; x_wconf 54' lang='grc' dir='ltr'><strong>’λίνδου</strong></span> <span class='ocrx_word' id='word_1_786' title='bbox 3030 5324 3087 5341; x_wconf 69' lang='grc' dir='ltr'>αρε</span> <span class='ocrx_word' id='word_1_787' title='bbox 3123 5306 3167 5341; x_wconf 78' lang='lat' dir='ltr'>n</span> <span class='ocrx_word' id='word_1_788' title='bbox 3290 5308 3335 5339; x_wconf 68' lang='grc'><strong>88</strong></span> <span class='ocrx_word' id='word_1_789' title='bbox 3365 5310 3423 5341; x_wconf 73' lang='grc' dir='ltr'><strong>Λιί</strong></span> <span class='ocrx_word' id='word_1_790' title='bbox 3471 5307 3631 5341; x_wconf 54' lang='grc' dir='ltr'><strong>Χῦαἴριιι</strong></span> <span class='ocrx_word' id='word_1_791' title='bbox 3663 5310 3697 5341; x_wconf 75' lang='grc' dir='ltr'><em>Γ</em></span> 
     </span>
    </p>
   </div>
   <div class='ocr_carea' id='block_1_100' title="bbox 461 5309 1280 5382">
    <p class='ocr_par' dir='ltr' id='par_1_100' title="bbox 461 5309 1280 5382">
     <span class='ocr_line' id='line_1_101' title="bbox 461 5309 1280 5382; baseline 0.007 -22"><span class='ocrx_word' id='word_1_792' title='bbox 461 5309 712 5382; x_wconf 21' lang='grc' dir='ltr'>τῂνμτὸτε</span> <span class='ocrx_word' id='word_1_793' title='bbox 745 5309 862 5382; x_wconf 76' lang='lat' dir='ltr'><strong>Cir.</strong></span> <span class='ocrx_word' id='word_1_794' title='bbox 914 5312 1053 5382; x_wconf 80' lang='lat' dir='ltr'><strong>Epit.</strong></span> <span class='ocrx_word' id='word_1_795' title='bbox 1076 5313 1110 5366; x_wconf 90' lang='lat' dir='ltr'><strong>l.</strong></span> <span class='ocrx_word' id='word_1_796' title='bbox 1136 5329 1184 5367; x_wconf 92' lang='lat' dir='ltr'><strong>c.</strong></span> <span class='ocrx_word' id='word_1_797' title='bbox 1223 5311 1280 5366; x_wconf 89' lang='lat' dir='ltr'><strong>S.</strong></span> 
     </span>
    </p>
   </div>
   <div class='ocr_carea' id='block_1_101' title="bbox 463 5379 1238 5452">
    <p class='ocr_par' dir='ltr' id='par_1_101' title="bbox 463 5379 1238 5452">
     <span class='ocr_line' id='line_1_102' title="bbox 463 5379 1238 5452; baseline 0.004 -19"><span class='ocrx_word' id='word_1_798' title='bbox 463 5381 510 5452; x_wconf 56' lang='grc'><strong>9⁸</strong></span> <span class='ocrx_word' id='word_1_799' title='bbox 536 5379 744 5452; x_wconf 59' lang='grc' dir='ltr'>δίκαιον</span> <span class='ocrx_word' id='word_1_800' title='bbox 785 5381 880 5433; x_wconf 69' lang='grc' dir='ltr'><strong>καὶ</strong></span> <span class='ocrx_word' id='word_1_801' title='bbox 912 5379 1146 5452; x_wconf 81' lang='grc' dir='ltr'>ἄρεσκον</span> <span class='ocrx_word' id='word_1_802' title='bbox 1176 5382 1238 5436; x_wconf 90' lang='lat' dir='ltr'><strong>C.</strong></span> 
     </span>
    </p>
   </div>
   <div class='ocr_carea' id='block_1_102' title="bbox 1383 5308 3547 5388">
    <p class='ocr_par' dir='ltr' id='par_1_102' title="bbox 1383 5308 3547 5388">
     <span class='ocr_line' id='line_1_103' title="bbox 1383 5308 3547 5388; baseline -0.002 -25"><span class='ocrx_word' id='word_1_803' title='bbox 1383 5313 1434 5388; x_wconf 56' lang='grc' dir='ltr'><strong>εξ</strong></span> <span class='ocrx_word' id='word_1_804' title='bbox 1453 5312 1646 5388; x_wconf 41' lang='grc' dir='ltr'>ἔλεγον.</span> <span class='ocrx_word' id='word_1_805' title='bbox 1666 5308 1801 5388; x_wconf 67' lang='grc' dir='ltr'>γάρ,</span> <span class='ocrx_word' id='word_1_806' title='bbox 1824 5308 1894 5388; x_wconf 35' lang='grc' dir='ltr'><strong>εἰ.</strong></span> <span class='ocrx_word' id='word_1_807' title='bbox 2036 5308 2122 5388; x_wconf 78' lang='lat' dir='ltr'><strong>C._</strong></span> <span class='ocrx_word' id='word_1_808' title='bbox 2174 5308 2220 5341; x_wconf 79' lang='grc'><strong>⁸³</strong></span> <span class='ocrx_word' id='word_1_809' title='bbox 2250 5308 2441 5388; x_wconf 78' lang='grc' dir='ltr'>Τίτυος</span> <span class='ocrx_word' id='word_1_810' title='bbox 2474 5310 2535 5361; x_wconf 86' lang='lat' dir='ltr'><strong>C.</strong></span> <span class='ocrx_word' id='word_1_811' title='bbox 2640 5309 2687 5341; x_wconf 75' lang='lat'><strong>“</strong></span> <span class='ocrx_word' id='word_1_812' title='bbox 2717 5308 3005 5388; x_wconf 47' lang='grc' dir='ltr'>καὶςπάλιν</span> <span class='ocrx_word' id='word_1_813' title='bbox 3030 5324 3097 5388; x_wconf 48' lang='grc' dir='ltr'><strong>τε.</strong></span> <span class='ocrx_word' id='word_1_814' title='bbox 3123 5308 3209 5388; x_wconf 12' lang='grc' dir='ltr'><strong>Οτγ</strong></span> <span class='ocrx_word' id='word_1_815' title='bbox 3278 5308 3335 5388; x_wconf 57' lang='grc' dir='ltr'><em>ξ’</em></span> <span class='ocrx_word' id='word_1_816' title='bbox 3365 5310 3438 5388; x_wconf 65' lang='grc' dir='ltr'><strong>ούΔ</strong></span> 
     </span>
    </p>
   </div>
   <div class='ocr_carea' id='block_1_103' title="bbox 1318 5378 3725 5451">
    <p class='ocr_par' dir='ltr' id='par_1_103' title="bbox 1318 5378 3725 5451">
     <span class='ocr_line' id='line_1_104' title="bbox 1318 5378 3725 5451; baseline -0.002 -16"><span class='ocrx_word' id='word_1_817' title='bbox 1318 5383 1361 5414; x_wconf 82' lang='grc'><strong>⁸⁷</strong></span> <span class='ocrx_word' id='word_1_818' title='bbox 1402 5378 1754 5451; x_wconf 78' lang='lat' dir='ltr'><strong>Schvveglero</strong></span> <span class='ocrx_word' id='word_1_819' title='bbox 1790 5378 2069 5451; x_wconf 55' lang='lat' dir='ltr'><strong>invito&#39;ita</strong></span> <span class='ocrx_word' id='word_1_820' title='bbox 2111 5379 2877 5451; x_wconf 25' lang='lat' dir='ltr'><strong>interpunctionemAmutavi,</strong></span> <span class='ocrx_word' id='word_1_821' title='bbox 2928 5395 3035 5451; x_wconf 85' lang='lat' dir='ltr'><strong>non</strong></span> <span class='ocrx_word' id='word_1_822' title='bbox 3086 5378 3472 5451; x_wconf 68' lang='lat' dir='ltr'><strong>invitaindole</strong></span> <span class='ocrx_word' id='word_1_823' title='bbox 3515 5378 3725 5451; x_wconf 67' lang='lat' dir='ltr'><strong>lingua}</strong></span> 
     </span>
    </p>
   </div>
   <div class='ocr_carea' id='block_1_104' title="bbox 2250 5306 3719 5375">
    <p class='ocr_par' dir='ltr' id='par_1_104' title="bbox 2250 5306 3719 5375">
     <span class='ocr_line' id='line_1_105' title="bbox 2250 5306 3719 5375; baseline -0.001 -14"><span class='ocrx_word' id='word_1_824' title='bbox 2250 5306 2441 5369; x_wconf 81' lang='grc' dir='ltr'>Τίτυος</span> <span class='ocrx_word' id='word_1_825' title='bbox 2474 5310 2535 5361; x_wconf 86' lang='lat' dir='ltr'><strong>C.</strong></span> <span class='ocrx_word' id='word_1_826' title='bbox 2640 5309 2687 5341; x_wconf 75' lang='lat'><strong>“</strong></span> <span class='ocrx_word' id='word_1_827' title='bbox 2717 5311 2812 5361; x_wconf 76' lang='grc' dir='ltr'><strong>καὶ</strong></span> <span class='ocrx_word' id='word_1_828' title='bbox 2846 5308 3005 5361; x_wconf 87' lang='grc' dir='ltr'>πάλιν</span> <span class='ocrx_word' id='word_1_829' title='bbox 3030 5324 3090 5359; x_wconf 88' lang='grc' dir='ltr'>τε</span> <span class='ocrx_word' id='word_1_830' title='bbox 3123 5306 3186 5360; x_wconf 92' lang='grc' dir='ltr'><strong>Ο.</strong></span> <span class='ocrx_word' id='word_1_831' title='bbox 3277 5306 3335 5339; x_wconf 74' lang='grc'><strong>’⁸⁵</strong></span> <span class='ocrx_word' id='word_1_832' title='bbox 3365 5310 3423 5360; x_wconf 88' lang='grc' dir='ltr'><strong>ού</strong></span> <span class='ocrx_word' id='word_1_833' title='bbox 3471 5307 3631 5375; x_wconf 88' lang='grc' dir='ltr'>δήλου</span> <span class='ocrx_word' id='word_1_834' title='bbox 3663 5310 3719 5361; x_wconf 68' lang='grc' dir='ltr'><strong>(ἶ.</strong></span> 
     </span>
    </p>
   </div>
   <div class='ocr_carea' id='block_1_105' title="bbox 454 5447 3721 5538">
    <p class='ocr_par' dir='ltr' id='par_1_105' title="bbox 454 5447 3721 5538">
     <span class='ocr_line' id='line_1_106' title="bbox 454 5447 3721 5538; baseline -0.002 -34"><span class='ocrx_word' id='word_1_835' title='bbox 454 5450 674 5504; x_wconf 66' lang='lat' dir='ltr'><strong>Graacze.</strong></span> <span class='ocrx_word' id='word_1_836' title='bbox 706 5450 840 5538; x_wconf 63' lang='grc' dir='ltr'>βόα.</span> <span class='ocrx_word' id='word_1_837' title='bbox 867 5447 1212 5538; x_wconf 65' lang='lat' dir='ltr'><strong>distinguupt</strong></span> <span class='ocrx_word' id='word_1_838' title='bbox 1241 5472 1253 5506; x_wconf 89' lang='lat'><strong>:</strong></span> <span class='ocrx_word' id='word_1_839' title='bbox 1287 5453 1351 5505; x_wconf 83' lang='grc' dir='ltr'>Τι</span> <span class='ocrx_word' id='word_1_840' title='bbox 1374 5448 1464 5505; x_wconf 78' lang='grc' dir='ltr'><strong>οὖν</strong></span> <span class='ocrx_word' id='word_1_841' title='bbox 1496 5447 1835 5538; x_wconf 52' lang='grc' dir='ltr'>χρὴ’¹ξτοξεῖν;</span> <span class='ocrx_word' id='word_1_842' title='bbox 1867 5447 2271 5538; x_wconf 34' lang='grc' dir='ltr'>ἢΙτοῦτοηκεὶςζ</span> <span class='ocrx_word' id='word_1_843' title='bbox 2292 5466 2345 5538; x_wconf 39' lang='lat' dir='ltr'><strong>xl.</strong></span> <span class='ocrx_word' id='word_1_844' title='bbox 2376 5466 2427 5501; x_wconf 91' lang='grc' dir='ltr'>τ.</span> <span class='ocrx_word' id='word_1_845' title='bbox 2458 5448 2508 5499; x_wconf 88' lang='grc' dir='ltr'>λ.</span> <span class='ocrx_word' id='word_1_846' title='bbox 2585 5449 2631 5480; x_wconf 80' lang='grc'>⁸⁸</span> <span class='ocrx_word' id='word_1_847' title='bbox 2662 5449 2721 5501; x_wconf 81' lang='grc' dir='ltr'><strong>τέ</strong></span> <span class='ocrx_word' id='word_1_848' title='bbox 2750 5449 2981 5533; x_wconf 41' lang='lat' dir='ltr'><strong>a’ccessit</strong></span> <span class='ocrx_word' id='word_1_849' title='bbox 3008 5447 3167 5529; x_wconf 38' lang='lat' dir='ltr'><strong>ex.0,</strong></span> <span class='ocrx_word' id='word_1_850' title='bbox 3188 5448 3277 5500; x_wconf 89' lang='lat' dir='ltr'><strong>ubi</strong></span> <span class='ocrx_word' id='word_1_851' title='bbox 3302 5463 3385 5538; x_wconf 84' lang='lat' dir='ltr'><strong>pr.</strong></span> <span class='ocrx_word' id='word_1_852' title='bbox 3406 5450 3721 5538; x_wconf 30' lang='lat' dir='ltr'><strong>mantscri:</strong></span> 
     </span>
    </p>
   </div>
   <div class='ocr_carea' id='block_1_106' title="bbox 466 5522 1043 5593">
    <p class='ocr_par' dir='ltr' id='par_1_106' title="bbox 466 5522 1043 5593">
     <span class='ocr_line' id='line_1_107' title="bbox 466 5522 1043 5593; baseline 0.003 -20"><span class='ocrx_word' id='word_1_853' title='bbox 466 5529 651 5590; x_wconf 88' lang='lat' dir='ltr'><strong>pserat</strong></span> <span class='ocrx_word' id='word_1_854' title='bbox 707 5522 1043 5593; x_wconf 85' lang='grc' dir='ltr'>ἱεροφάντες.</span> 
     </span>
    </p>
   </div>
   <div class='ocr_carea' id='block_1_107' title="bbox 469 5593 1307 5661">
    <p class='ocr_par' dir='ltr' id='par_1_107' title="bbox 469 5593 1307 5661">
     <span class='ocr_line' id='line_1_108' title="bbox 469 5593 1307 5661; baseline 0.004 -19"><span class='ocrx_word' id='word_1_855' title='bbox 469 5593 869 5661; x_wconf 81' lang='grc' dir='ltr'>νεκρομαντεία</span> <span class='ocrx_word' id='word_1_856' title='bbox 917 5594 1159 5658; x_wconf 87' lang='lat' dir='ltr'><strong>dicitur;</strong></span> <span class='ocrx_word' id='word_1_857' title='bbox 1195 5594 1307 5646; x_wconf 87' lang='lat' dir='ltr'><strong>vid.</strong></span> 
     </span>
    </p>
   </div>
   <div class='ocr_carea' id='block_1_108' title="bbox 1122 5518 3717 5591">
    <p class='ocr_par' dir='ltr' id='par_1_108' title="bbox 1122 5518 3717 5591">
     <span class='ocr_line' id='line_1_109' title="bbox 1122 5518 3717 5591; baseline -0.001 -17"><span class='ocrx_word' id='word_1_858' title='bbox 1122 5524 1167 5554; x_wconf 73' lang='grc'><strong>⁸⁸</strong></span> <span class='ocrx_word' id='word_1_859' title='bbox 1192 5518 1598 5591; x_wconf 76' lang='grc' dir='ltr'>νεκυομαντίαν</span> <span class='ocrx_word' id='word_1_860' title='bbox 1617 5520 1681 5574; x_wconf 87' lang='grc' dir='ltr'><strong>Ο.</strong></span> <span class='ocrx_word' id='word_1_861' title='bbox 1707 5518 2013 5589; x_wconf 78' lang='lat' dir='ltr'><strong>Legendutn</strong></span> <span class='ocrx_word' id='word_1_862' title='bbox 2044 5523 2109 5591; x_wconf 79' lang='grc' dir='ltr'>τῇ</span> <span class='ocrx_word' id='word_1_863' title='bbox 2141 5518 2407 5589; x_wconf 79' lang='grc' dir='ltr'>λεγομένῃ</span> <span class='ocrx_word' id='word_1_864' title='bbox 2435 5518 2857 5591; x_wconf 68' lang='grc' dir='ltr'>νεκρομαντείᾳ;</span> <span class='ocrx_word' id='word_1_865' title='bbox 2891 5534 2981 5571; x_wconf 90' lang='lat' dir='ltr'><strong>ars</strong></span> <span class='ocrx_word' id='word_1_866' title='bbox 3002 5518 3717 5591; x_wconf 17' lang='lat' dir='ltr'><strong>enim‘mortuos‘evocandi</strong></span> 
     </span>
    </p>
   </div>
   <div class='ocr_carea' id='block_1_109' title="bbox 1358 5541 3717 5661">
    <p class='ocr_par' dir='ltr' id='par_1_109' title="bbox 1358 5541 3717 5661">
     <span class='ocr_line' id='line_1_110' title="bbox 1401 5541 3717 5591; baseline -0.001 -17"><span class='ocrx_word' id='word_1_867' title='bbox 1401 5541 1585 5574; x_wconf 86' lang='grc' dir='ltr'>αντιαν</span> <span class='ocrx_word' id='word_1_868' title='bbox 1617 5541 1681 5574; x_wconf 85' lang='grc' dir='ltr'><strong>υ.</strong></span> <span class='ocrx_word' id='word_1_869' title='bbox 1707 5541 2013 5589; x_wconf 66' lang='grc' dir='ltr'>ιιεδςθιιιιυῐιι</span> <span class='ocrx_word' id='word_1_870' title='bbox 2044 5541 2109 5591; x_wconf 70' lang='grc' dir='ltr'><strong>τῃ</strong></span> <span class='ocrx_word' id='word_1_871' title='bbox 2142 5541 2407 5589; x_wconf 78' lang='grc' dir='ltr'>Λεγομενῃ</span> <span class='ocrx_word' id='word_1_872' title='bbox 2435 5541 2857 5589; x_wconf 65' lang='grc' dir='ltr'>νεκρομαντειᾳ;</span> <span class='ocrx_word' id='word_1_873' title='bbox 2891 5541 2981 5571; x_wconf 71' lang='grc' dir='ltr'><strong>ἱΙΓδ</strong></span> <span class='ocrx_word' id='word_1_874' title='bbox 3002 5541 3145 5570; x_wconf 70' lang='grc'><strong>(3111111</strong></span> <span class='ocrx_word' id='word_1_875' title='bbox 3183 5541 3426 5571; x_wconf 73' lang='grc' dir='ltr'>ιιιυΓιυυδ</span> <span class='ocrx_word' id='word_1_876' title='bbox 3452 5541 3717 5572; x_wconf 62' lang='grc' dir='ltr'>ενυωηιιιι</span> 
     </span>
     <span class='ocr_line' id='line_1_111' title="bbox 1358 5541 3717 5661; baseline -0.002 -16"><span class='ocrx_word' id='word_1_877' title='bbox 1358 5541 1584 5661; x_wconf 53' lang='grc' dir='ltr'><strong>ἧροοθη.</strong></span> <span class='ocrx_word' id='word_1_878' title='bbox 1636 5606 1673 5656; x_wconf 93' lang='grc' dir='ltr'><strong>ι,</strong></span> <span class='ocrx_word' id='word_1_879' title='bbox 1707 5591 1739 5644; x_wconf 79' lang='lat'><strong>5</strong></span> <span class='ocrx_word' id='word_1_880' title='bbox 1766 5595 1779 5655; x_wconf 96' lang='lat'><strong>(</strong></span> <span class='ocrx_word' id='word_1_881' title='bbox 1806 5607 1902 5660; x_wconf 83' lang='lat' dir='ltr'><strong>per</strong></span> <span class='ocrx_word' id='word_1_882' title='bbox 1939 5606 2083 5656; x_wconf 86' lang='lat' dir='ltr'><strong>eam,</strong></span> <span class='ocrx_word' id='word_1_883' title='bbox 2121 5606 2283 5659; x_wconf 88' lang='lat' dir='ltr'><strong>quam</strong></span> <span class='ocrx_word' id='word_1_884' title='bbox 2310 5590 2758 5661; x_wconf 74' lang='lat' dir='ltr'><strong>_necromantiam</strong></span> <span class='ocrx_word' id='word_1_885' title='bbox 2793 5589 3026 5661; x_wconf 64' lang='lat' dir='ltr'><strong>vocant)</strong></span> <span class='ocrx_word' id='word_1_886' title='bbox 3060 5586 3254 5661; x_wconf 82' lang='lat' dir='ltr'><strong>D._S_ed</strong></span> <span class='ocrx_word' id='word_1_887' title='bbox 3277 5596 3337 5661; x_wconf 72' lang='lat' dir='ltr'><strong>et</strong></span> <span class='ocrx_word' id='word_1_888' title='bbox 3363 5588 3561 5661; x_wconf 83' lang='lat' dir='ltr'><strong>minus</strong></span> <span class='ocrx_word' id='word_1_889' title='bbox 3591 5597 3717 5656; x_wconf 88' lang='lat' dir='ltr'><strong>apte</strong></span> 
     </span>
    </p>
   </div>
   <div class='ocr_carea' id='block_1_110' title="bbox 466 5656 3716 5738">
    <p class='ocr_par' dir='ltr' id='par_1_110' title="bbox 466 5656 3716 5738">
     <span class='ocr_line' id='line_1_112' title="bbox 466 5656 3716 5738; baseline -0.002 -23"><span class='ocrx_word' id='word_1_890' title='bbox 466 5656 866 5731; x_wconf 80' lang='grc' dir='ltr'>νεκρομαντεία</span> <span class='ocrx_word' id='word_1_891' title='bbox 896 5664 1082 5717; x_wconf 89' lang='lat' dir='ltr'><strong>vocari</strong></span> <span class='ocrx_word' id='word_1_892' title='bbox 1122 5656 1287 5733; x_wconf 81' lang='lat' dir='ltr'><strong>queat</strong></span> <span class='ocrx_word' id='word_1_893' title='bbox 1310 5656 1530 5738; x_wconf 67' lang='lat' dir='ltr'><strong>magica</strong></span> <span class='ocrx_word' id='word_1_894' title='bbox 1550 5664 1664 5738; x_wconf 73' lang='lat' dir='ltr'><strong>ipsa</strong></span> <span class='ocrx_word' id='word_1_895' title='bbox 1692 5656 1960 5738; x_wconf 49' lang='lat' dir='ltr'><strong>evocatio,</strong></span> <span class='ocrx_word' id='word_1_896' title='bbox 1986 5656 2272 5738; x_wconf 65' lang='lat' dir='ltr'><strong>quomodo</strong></span> <span class='ocrx_word' id='word_1_897' title='bbox 2293 5658 2491 5738; x_wconf 66' lang='lat' dir='ltr'><strong>dixerit</strong></span> <span class='ocrx_word' id='word_1_898' title='bbox 2520 5660 2744 5738; x_wconf 61' lang='lat' dir='ltr'><strong>Cicero,</strong></span> <span class='ocrx_word' id='word_1_899' title='bbox 2790 5658 2948 5712; x_wconf 79' lang='lat' dir='ltr'><strong>Tusc.</strong></span> <span class='ocrx_word' id='word_1_900' title='bbox 2983 5656 3038 5725; x_wconf 88' lang='lat' dir='ltr'><strong>q.</strong></span> <span class='ocrx_word' id='word_1_901' title='bbox 3066 5658 3191 5722; x_wconf 73' lang='lat'><strong>1,16</strong></span> <span class='ocrx_word' id='word_1_902' title='bbox 3220 5656 3401 5738; x_wconf 56' lang='grc' dir='ltr'><strong>ε-Ιηείε</strong></span> <span class='ocrx_word' id='word_1_903' title='bbox 3424 5675 3511 5738; x_wconf 66' lang='lat' dir='ltr'><strong>eq,</strong></span> <span class='ocrx_word' id='word_1_904' title='bbox 3549 5674 3716 5738; x_wconf 60' lang='lat' dir='ltr'><strong>triga</strong></span> 
     </span>
    </p>
   </div>
   <div class='ocr_carea' id='block_1_111' title="bbox 470 5724 3715 5807">
    <p class='ocr_par' dir='ltr' id='par_1_111' title="bbox 470 5724 3715 5807">
     <span class='ocr_line' id='line_1_113' title="bbox 470 5724 3715 5807; baseline 0.001 -27"><span class='ocrx_word' id='word_1_905' title='bbox 470 5724 616 5807; x_wconf 37' lang='lat' dir='ltr'><strong>pientis</strong></span> <span class='ocrx_word' id='word_1_906' title='bbox 640 5724 849 5807; x_wconf 62' lang='lat' dir='ltr'><strong>amicus</strong></span> <span class='ocrx_word' id='word_1_907' title='bbox 882 5734 1081 5804; x_wconf 71' lang='lat' dir='ltr'><strong>Appius</strong></span> <span class='ocrx_word' id='word_1_908' title='bbox 1110 5724 1476 5807; x_wconf 75' lang='grc' dir='ltr'>νέκρομαντία</span> <span class='ocrx_word' id='word_1_909' title='bbox 1505 5724 1755 5801; x_wconf 67' lang='lat' dir='ltr'><strong>faciebat.</strong></span> <span class='ocrx_word' id='word_1_910' title='bbox 1805 5724 2113 5801; x_wconf 78' lang='lat' dir='ltr'><strong>Stephanus</strong></span> <span class='ocrx_word' id='word_1_911' title='bbox 2145 5730 2347 5802; x_wconf 76' lang='lat' dir='ltr'><strong>legebat</strong></span> <span class='ocrx_word' id='word_1_912' title='bbox 2381 5748 2393 5785; x_wconf 92' lang='lat'><strong>:</strong></span> <span class='ocrx_word' id='word_1_913' title='bbox 2428 5728 2490 5784; x_wconf 84' lang='lat' dir='ltr'><strong>In</strong></span> <span class='ocrx_word' id='word_1_914' title='bbox 2520 5734 2557 5785; x_wconf 70' lang='grc' dir='ltr'><em>’ρ</em></span> <span class='ocrx_word' id='word_1_915' title='bbox 2593 5746 2672 5794; x_wconf 84' lang='lat' dir='ltr'><strong>ea,</strong></span> <span class='ocrx_word' id='word_1_916' title='bbox 2696 5724 2812 5802; x_wconf 71' lang='lat' dir='ltr'><strong>qua:</strong></span> <span class='ocrx_word' id='word_1_917' title='bbox 2836 5724 3300 5801; x_wconf 84' lang='grc' dir='ltr'>-νεκρομαντεῖα</span> <span class='ocrx_word' id='word_1_918' title='bbox 3328 5724 3579 5798; x_wconf 72' lang='lat' dir='ltr'><strong>faciebat.</strong></span> <span class='ocrx_word' id='word_1_919' title='bbox 3606 5724 3715 5783; x_wconf 63' lang='lat' dir='ltr'><strong>Ct.</strong></span> 
     </span>
    </p>
   </div>
   <div class='ocr_carea' id='block_1_112' title="bbox 472 5798 747 5858">
    <p class='ocr_par' dir='ltr' id='par_1_112' title="bbox 472 5798 747 5858">
     <span class='ocr_line' id='line_1_114' title="bbox 472 5798 747 5858; baseline 0.018 -5"><span class='ocrx_word' id='word_1_920' title='bbox 472 5798 519 5831; x_wconf 81' lang='grc'><strong><em>⁸⁸</em></strong></span> <span class='ocrx_word' id='word_1_921' title='bbox 546 5799 657 5854; x_wconf 67' lang='grc' dir='ltr'>ἐστι</span> <span class='ocrx_word' id='word_1_922' title='bbox 682 5802 747 5858; x_wconf 91' lang='grc' dir='ltr'><strong>Ο.</strong></span> 
     </span>
    </p>
   </div>
  </div>
