3868 6212
199 283 265 338 σι
1315 285 1777 344 (ΣιΕΜΕΝΤῐΝΑ.

1911 284 2198 340 HOMlLlA
2233 287 2271 342 l.
3407 285 3477 340 ϐξ

201 403 463 476 αὐτάρκη
497 404 596 458 καὶ
635 401 831 485 ίκενὴν
878 403 1154 474 ἀπόφασιν
1185 403 1294 475 ἔχω
1316 444 1332 469 ,
1385 405 1452 457 ἐκ
1499 400 1594 456 τοῦ
1637 399 1778 471 μόνοι

1901 401 2076 455 oculis
2103 401 2249 456 illam
2280 401 2470 458 videns
2491 402 2845 458 sufﬁcientem
2871 417 2936 458 ac
2965 403 3212 458 idoneam
3241 402 3470 456 habeam

200 499 483 570 φανῆναι,
531 499 614 551 ὅτι
659 497 836 551 ἐστιν·
865 499 960 552 καὶ
1008 500 1109 552 οὐκ
1134 497 1213 552 ἔτι
1252 499 1538 569 δυνήσεται
1586 492 1654 546 τὰ
1684 491 1793 544 τῶν

197 590 502 661 ὀφθαλμῶν
555 590 663 644 ῖδια
701 591 771 644 τά
806 591 906 662 τῆς
949 593 1118 662 ἀκοῆς
1158 591 1456 662 ἀνατρέψαι
1496 587 1665 658 ἄδηλα
1695 586 1792 658 ῥή-

200 699 371 751 ματα.
423 685 616 754 Ὅμως
664 686 758 738 καὶ
784 685 954 756 αὐτὴν
985 685 1189 756 ταύτην
1215 685 1316 756 τὴν
1350 682 1540 752 σκέψιν
1569 679 1796 734 ἀντέϐα-

195 773 294 826 λὸν
329 775 374 807 ⁹¹
406 793 514 830 τινι
563 777 781 847 συνήθει
829 778 1134 849 φιλοσόφῳ,
1163 778 1222 840 ὃς
1271 774 1627 830 συνεϐούλευέ
1680 790 1790 844 μοι,

194 865 361 919 τοῦτο
399 867 474 940 μὴ
502 868 729 939 τολμᾷν,
759 869 900 922 κατὰ
934 869 1162 933 πολλοὺς
1201 869 1457 942 τρόπους.
1511 868 1634 920 Εἴτε
1685 865 1794 936 γὰρ

192 959 302 1010 οὐκ
333 961 749 1026 είσακούσεται,
784 961 946 1032 φησὶν
968 1003 982 1026 ,
1015 965 1047 1032 ή
1072 962 1218 1032 ψυχὴ
1249 961 1327 1032 τῷ
1365 960 1542 1031 μάγῳ,
1590 959 1654 1010 σὺ
1682 961 1794 1019 τοῖς

193 1047 313 1118 29
336 1050 514 1104 ταῦτα
547 1056 720 1106 ποιεῖν
736 1054 1138 1126 ἀπαγορεύουσι
1160 1054 1343 1124 νόμοις
1363 1053 1437 1115 ὡς
1457 1049 1793 1121 ἀντιπράξας

191 1143 634 1215 δυσσυνειδήτως
664 1145 901 1216 βιώσεις·
939 1149 988 1199 εί
1020 1146 1076 1198 δὲ
1110 1147 1495 1207 ἐπακούσεται,
1532 1142 1668 1214 μετὰ
1695 1140 1790 1194 τοῦ

189 1235 632 1307 δυσσυνειδήτως
665 1255 725 1290 σε
759 1238 926 1307 βιοῦν,
960 1234 1112 1308 οἶμαι
1158 1237 1227 1290 τὰ
1261 1239 1360 1308 τῆς
1393 1235 1676 1297 εὐσεϐείας
1709 1251 1790 1286 σοι

193 1328 406 1398 μηκέτι
450 1334 777 1402 προχωρεῖν,
843 1327 903 1386 οὗ
960 1332 1167 1427 sfw/35v
1217 1333 1312 1385 καὶ
1363 1332 1408 1362 ⁸³
1457 1331 1785 1400 ἐτόλμησας.

203 1419 557 1490 Ἐχθραίνειν
587 1421 697 1493 γὰρ
723 1422 786 1475 τὸ
817 1423 959 1476 θεῖον
991 1419 1242 1492 λέγουσιν
1272 1424 1367 1476 ἐπὶ
1392 1425 1505 1485 τοῖς
1537 1424 1603 1492 τῇ
1639 1420 1789 1473 λύσει

185 1509 474 1565 Θανόντων
525 1516 790 1585 σωμάτων
841 1517 1126 1570 σκύλλουσι
1155 1517 1254 1581 τὰς
1292 1516 1494 1587 ψυχάς.
1561 1513 1700 1582 Ἐγὼ
1729 1513 1788 1566 δὲ

180 1603 375 1658 ταῦτα
420 1607 680 1672 ἀκούσας,
713 1610 1072 1682 ὀκνηρότερος
1123 1612 1223 1681 μὲν
1272 1612 1409 1682 πρὸς
1438 1611 1500 1663 τὸ
1548 1607 1788 1662 τοιοῦτον

182 1698 520 1792 ἐγχειρῆσαι
551 1701 839 1774 ἐγενόμην,
889 1705 989 1775 τῆς
1012 1703 1069 1756 δὲ
1089 1705 1343 1776 ἀπαρχῆς
1366 1721 1466 1774 μου
1487 1705 1588 1758 ούκ
1617 1705 1783 1755 ἐπαυ-
1814 1731 1862 1792 Β

183 1788 386 1861 σάμην
412 1790 610 1864 βουλῆς
631 1833 647 1858 ,
687 1793 801 1848 ἀλλ’
821 1796 896 1859 ὡς
940 1796 1288 1868 ἐμποδισθεὶς
1319 1798 1417 1868 τὴν
1448 1797 1622 1868 ὁρμὴν
1649 1795 1784 1866 ἠθύ-

184 1902 356 1955 μουν.

265 2088 358 2147 Vl.
398 2093 511 2146 Καὶ
537 2093 625 2146 ἵνα
651 2094 723 2165 μή
756 2110 838 2146 σοι
868 2093 939 2148 τὰ
970 2093 1194 2148 τοιαῦτα
1228 2092 1423 2165 μακρῷ
1454 2091 1782 2166 διηγήσωμαι

180 2181 356 2252 λόγῳ,
396 2185 454 2236 ἐν
483 2185 759 2248 τοσούτοις
799 2185 1086 2256 λογισμοῖς
1125 2188 1221 2240 καλ⁸
1269 2187 1586 2257 πράγμασιν
1633 2187 1786 2250 δντος

185 2294 318 2346 μου,
346 2278 505 2348 φήμη
537 2295 621 2340 τις
651 2278 854 2348 ἡρέμα,
877 2279 970 2330 ἐπὶ
997 2279 1096 2349 τῆς
1111 2278 1362 2348 Τιϐερίου
1383 2278 1660 2349 Καίσαρος
1686 2276 1784 2347 βα-

185 2368 420 2433 σιλείας,
452 2368 515 2434 ἐξ
546 2371 768 2443 ἐαρινῆς
810 2372 1019 2442 τροπῆς
1062 2371 1160 2442 τὴν
1201 2371 1374 2443 ἀρχὴν
1405 2371 1781 2442 λαμϐάνουσα,

183 2459 423 2529 ηὔξανεν
456 2461 720 2515 ἑκάστοτε
746 2464 842 2517 καὶ
875 2464 950 2527 ὡς
970 2465 1186 2536 ἀληθῶς
1217 2465 1394 2536 ἀγαθὴ
1430 2465 1565 2518 Θεοῦ
1613 2466 1780 2536 ἅγγε-

181 2550 277 2613 λος
309 2551 561 2622 διέτρεχε
594 2553 642 2584 ’³
674 2553 766 2608 τὸν
815 2556 1019 2626 κόσμον
1047 2597 1061 2620 ,
1118 2557 1180 2609 τὺ
1224 2557 1317 2609 τοῦ
1357 2557 1494 2610 Θεοῦ
1537 2557 1783 2629 βούλημα

187 2647 315 2714 σιγῇ
350 2645 566 2712 στέγειν
599 2646 646 2678 θ’
688 2646 761 2717 μὴ
794 2647 1088 2720 δυναμένη.
1137 2648 1427 2703 Ἑκάστοτε
1457 2645 1550 2704 οὖν
1580 2651 1780 2704 πλείων

183 2737 279 2788 καὶ
308 2736 516 2806 μείζων
542 2738 759 2807 ἐγένετο
783 2740 850 2804 ⁸⁸,
886 2741 1138 2810 λέγουσα,
1165 2741 1242 2806 ὣς
1270 2744 1354 2806 τίς
1374 2759 1502 2795 ποτε
1537 2745 1594 2796 ἐν
1647 2745 1779 2797 Ἰου-

182 2827 334 2898 δαίᾳ,
362 2827 423 2892 ἐξ
456 2831 680 2901 ἐαρινῆς
694 2834 905 2904 τροπῆς
921 2833 1101 2888 λαϐὼν
1132 2836 1231 2906 τὴν
1261 2836 1455 2908 ἀρχὴν,
1510 2836 1780 2900 Ἰουδαίοις

181 2921 281 2991 τὴν
303 2921 402 2974 τοῦ
436 2922 608 2976 ἀϊδίου
635 2924 770 2977 Θεοῦ
807 2925 1212 2994 εὐαγγελίζεται
1234 2926 1526 2997 βασιλείαν,
1545 2922 1614 2999 ἦς
1646 2929 1779 2980 ἀπο-

182 3015 375 3069 λαύειν
396 3018 548 3085 λέγει
581 3017 676 3072 ἐάν
703 3036 788 3081 τις
811 3019 986 3072 αὐτῶν
1018 3019 1448 3093 προκατορθώσῃ
1479 3019 1525 3051 ⁹⁶
1549 3022 1648 3092 τὴν
1676 3037 1775 3072 πο-

183 3109 412 3162 λιτείαν·
444 3109 542 3162 τοῦ
571 3112 628 3164 δὲ
664 3111 1017 3164 πιστεύεσθαι
1041 3111 1202 3164 αὐτὸν
1235 3111 1416 3183 χάριν,
1455 3113 1538 3164 ὅτι
1570 3112 1776 3182 θειότη-

179 3217 276 3263 τος
307 3201 503 3272 γέμων
533 3203 709 3256 ταῦτα
747 3203 926 3268 πνέει,
973 3203 1146 3256 πολλά
1172 3203 1452 3274 θαυμάσια
1485 3203 1685 3274 σημεῖά
1715 3220 1776 3256 τε

180 3296 276 3347 καὶ
323 3295 541 3367 τέρατα
585 3297 975 3368 διαπράττεται
1021 3296 1267 3350 κελεύσει
1303 3296 1460 3368 μόνῃ,
1506 3296 1582 3360 ὡς
1626 3295 1778 3367 παρά

179 3387 319 3439 Θεοῦ
343 3387 585 3460 εἰληφὼς
603 3388 698 3459 τὴν
718 3388 985 3455 ἐξουσίαν’
1009 3390 1227 3457 κωφοὺς
1244 3388 1352 3460 γὰρ
1382 3392 1524 3442 ποιεῖ
1535 3387 1773 3454 ἀκούειν,

183 3479 425 3547 τυφλοὺς
455 3480 803 3543 ἀναϐλέπειν,
833 3481 942 3551 30
974 3481 1205 3543 κυλλοὺς
1236 3483 1379 3533 ποιεῖ
1410 3484 1732 3553 περιπατεῖν
1757 3521 1772 3545 ,

181 3571 397 3641 χωλοὺς
419 3571 639 3643 ἀνορθοῖ
658 3573 725 3637 ⁸⁷,
748 3574 928 3625 πᾶσαν
945 3573 1100 3626 νόσον
1119 3573 1433 3639 ἀπελαύνει,
1458 3573 1635 3627 πάντα
1666 3573 1774 3627 δαί-

185 3682 326 3734 μονα
361 3665 677 3734 φυγαδεύει·
714 3665 850 3718 ἀλλά
877 3666 972 3719 καί
1020 3665 1214 3738 λεπροὶ
1244 3665 1420 3736 ψωροὶ
1459 3667 1524 3720 ἐκ
1554 3667 1774 3737 διαστή-

186 3774 361 3827 ματος
396 3758 557 3828 μόνον
590 3756 884 3829 ἐνορῶντες
899 3756 1050 3826 αύτῷ
1074 3756 1291 3828 ἰώμενοι
1315 3757 1769 3822 ἀπαλλάσσονται,

180 3850 374 3922 νεκροὶ
407 3849 466 3901 δέ
499 3850 935 3921 προσφερόμενοι
968 3849 1290 3919 ἐγείρονται,
1315 3851 1408 3902 καὶ
1441 3849 1593 3903 οὐδέν
1626 3851 1772 3904 ἐστιν

179 3944 208 3995 ὃ
241 3943 501 3996 ἀδυνατεῖ
533 3946 725 3996 ποιεῖν.
765 3944 872 3995 Καὶ
891 3943 1085 4012 ὃσῳ,γε
1119 3942 1316 4012 μᾶλλον
1342 3944 1370 3995 ὁ
1391 3943 1580 4014 χρόνος
1610 3943 1772 4014 προέ-

179 4052 404 4098 κοπτεν,
436 4034 571 4087 πολὺ
608 4034 807 4105 μείζων
828 4033 916 4087 διὰ
946 4033 1206 4088 πλειόνων
1235 4035 1343 4088 τῶν
1364 4035 1771 4106 ἐπιδημούντων

178 4129 275 4180 καὶ
305 4128 354 4159 ⁸³
391 4127 711 4198 βεϐαιοτέρα
744 4127 971 4196 ἐγίνετο,
1007 4128 1108 4180 οὐκ
1140 4127 1220 4180 ἔτι
1253 4129 1406 4198 φήμη
1437 4127 1609 4194 λέγω,
1634 4127 1770 4182 ἀλλά

175 4218 274 4272 τοῦ
299 4220 624 4290 πράγματος
647 4220 679 4289 ἡ
712 4219 956 4290 ἀλήθεια.
983 4219 1122 4290 Ἢδη
1149 4219 1259 4291 γάρ
1279 4235 1408 4272 ποτε
1441 4221 1535 4272 καὶ
1566 4222 1767 4292 συστή-

183 4329 330 4382 ματα
362 4310 503 4364 κατά
533 4311 735 4374 τόπους
767 4311 977 4379 ἐγίνετο
999 4310 1195 4382 βουλῆς
1227 4312 1322 4365 καὶ
1357 4311 1602 4382 σκέψεως
1620 4313 1686 4378 ⁸³,
1706 4313 1767 4366 τὸ

174 4405 260 4468 τίς
290 4404 359 4457 ἂν
392 4405 479 4474 εἴη
510 4406 539 4456 ό
563 4405 750 4472 φανεὶς
777 4403 870 4456 καὶ
896 4405 949 4458 τί
977 4404 1223 4474 βούλεται
1250 4403 1450 4472 λέγειν.

246 4495 366 4552 VII.
398 4499 510 4550 Kal.
530 4495 731 4568 δήποτέ
762 4513 845 4558 τις
878 4496 1016 4566 πρὸς
1048 4495 1196 4566 αύτῷ
1223 4495 1303 4565 τῷ
1330 4495 1440 4548 ἔτει
1459 4497 1518 4548 ἐν
1548 4495 1617 4527 ¹⁰⁰
1638 4496 1763 4566 φθι-

174 4592 453 4662 νοπωρινῇ
494 4592 670 4660 τροπῇ
703 4588 940 4659 δημοσίᾳ
973 4588 1104 4650 στὰς
1136 4587 1266 4640 ἐϐόα
1296 4587 1469 4656 λέγων
1493 4603 1508 4618 ⁸
1537 4589 1764 4661 Ἀνδρες

187 4681 483 4752 Ῥωμαῖοι,
527 4681 827 4734 ἀκούσατε·
882 4681 910 4731 ὁ
942 4679 1037 4732 τοῦ
1072 4680 1207 4733 Θεοῦ
1241 4681 1370 4744 Υἱὸς
1412 4683 1470 4734 ἐν
1533 4682 1763 4755 Ἰουδαίᾳ

177 4776 443 4846 πάρεστιν
466 4815 481 4839 ,
543 4772 1012 4843 ἐπαγγελλόμενος
1077 4773 1209 4825 πᾶσι
1252 4776 1365 4834 τοῖς
1417 4773 1762 4846 βουλομένοις

173 4869 320 4937 ζωὴν
354 4865 591 4929 αἰώνιον,
624 4865 718 4918 ἐὰν
747 4864 817 4917 τά
840 4865 857 4894 ¹
891 4864 1029 4917 κατὰ
1056 4863 1279 4934 γνώμην
1305 4864 1400 4917 τοῦ
1447 4867 1760 4937 πέμψαντος
1792 4929 1811 4948 ο

173 4961 335 5014 αὐτὸν
368 4959 586 5029 Πατρὸς
623 4957 910 5026 βιώσωσιν.
1067 4955 1466 5025 μεταϐάλλεσθε
1509 4959 1600 5011 τὸν
1628 4959 1756 5031 τρό-

173 5069 271 5106 πον
329 5051 444 5106 ἀπὸ
474 5052 584 5106 τῶν
634 5050 892 5123 χειρόνων
925 5049 1019 5102 ἐπὶ
1062 5049 1130 5101 τὰ
1160 5050 1468 5121 κρείττονα,
1500 5053 1608 5106 ἀπὸ
1645 5055 1756 5108 τῶν

1898 494 2321 550 declarationem
2353 496 2498 565 quod
2565 496 2784 562 existat,
2815 511 2878 550 ex
2906 511 2972 550 eo
2996 495 3113 550 solo
3135 494 3280 564 quod
3305 509 3475 563 appa-

1898 588 2098 653 ruerit;
2139 604 2237 642 nec
2259 589 2496 658 amplius
2521 588 2726 643 incerta
2753 588 2973 642 auditus
2996 588 3160 641 verba
3180 587 3472 642 oculorum

1897 690 2151 748 poterunt
2176 681 2487 736 ﬁrmitatem
2519 692 2781 736 evertere.
2806 681 3058 735 Attamen
3083 683 3223 735 hanc
3247 694 3474 751 quoque

1896 772 2342 829 deliberationem
2366 774 2582 829 cuidam
2611 775 2956 845 philosopho,
2983 775 3296 829 necessario
3322 789 3469 838 meo,

1894 866 2186 930 edisserui,
2212 867 2306 937 qui
2334 867 2626 922 consilium
2648 868 2782 921 mihi
2807 867 2975 932 dedit,
3004 867 3057 920 id
3080 882 3149 922 ne
3173 866 3461 929 auderem,

1896 960 2096 1014 multas
2125 960 2194 1015 ob
2227 961 2491 1015 rationes.
2525 960 2650 1016 Sive
2674 962 2847 1026 enim,
2897 960 3096 1031 inquit,
3148 975 3310 1031 mago
3356 973 3470 1013 non

1895 1055 2291 1124 obtemperabit
2336 1054 2646 1119 anima,tu,
2688 1063 2948 1124 tanquam
2978 1053 3072 1125 qui
3119 1053 3334 1123 legibus
3363 1051 3469 1107 ista

1893 1145 2074 1201 facere
2124 1147 2539 1217 prohibentibus
2570 1149 2983 1216 repugnaveris,
3019 1147 3160 1201 male
3189 1145 3286 1200 tibi
3335 1159 3470 1200 con-

1893 1240 2040 1293 scius
2068 1240 2253 1294 vives:
2291 1239 2373 1294 sin
2416 1255 2546 1294 vero
2591 1240 2879 1304 obedierit,
2912 1249 3278 1310 praeterquam
3318 1234 3469 1306 quod

1891 1331 2034 1384 mala
2069 1331 2121 1384 in
2171 1332 2507 1388 conscientia
2541 1333 2690 1386 vives
2716 1373 2732 1398 ,
2782 1349 2890 1386 non
2925 1333 3163 1402 amplius
3195 1331 3290 1385 tibi
3331 1332 3470 1385 bene

1892 1437 2114 1477 cessura
2169 1424 2428 1478 existimo
2471 1440 2534 1478 ea
2591 1442 2713 1494 qua:
2767 1427 2834 1480 ad
2867 1425 3118 1494 pietatem
3168 1424 3464 1494 pertinent,

1890 1515 2048 1584 cujus
2077 1530 2208 1586 ergo
2242 1517 2345 1570 ista
2373 1533 2541 1571 ausus
2578 1533 2657 1571 es.
2685 1517 2819 1572 Nam
2844 1517 3010 1572 Deum
3038 1516 3191 1570 aiunt
3215 1515 3340 1570 odio
3370 1529 3467 1568 eos

1889 1609 2170 1676 prosequi,
2207 1610 2299 1676 qui
2341 1610 2555 1664 animas
2583 1621 2928 1665 mortuorum
2953 1626 2983 1664 a
3015 1609 3342 1679 corporibus
3379 1625 3466 1665 se-

1889 1712 2106 1768 paratas
2161 1701 2440 1756 divexant.
2491 1701 2606 1774 Ego
2655 1711 2835 1757 autem
2877 1703 2962 1758 bis
3013 1703 3216 1758 auditis
3244 1705 3468 1772 segnior

1889 1793 2107 1860 quidem
2143 1793 2209 1847 ad
2241 1794 2372 1848 illud
2403 1795 2826 1865 aggrediendum
2852 1794 3076 1850 eﬂectus
3107 1810 3250 1860 sum,
3281 1810 3310 1848 a
3337 1810 3466 1848 con-

1887 1889 2010 1943 silio
2040 1897 2221 1942 tamen
2273 1889 2420 1958 quod
2454 1889 2612 1943 initio
2666 1903 2915 1958 ceperam
2973 1903 3082 1941 non
3122 1885 3327 1952 destiti,
3368 1885 3464 1941 sed

1885 1981 2035 2035 velut
2057 1981 2126 2035 ab
2147 1981 2350 2051 impetu
2373 1981 2633 2036 desiderii
2664 1979 2973 2036 retardatus
3009 1978 3283 2033 dolebam.

1964 2095 2049 2150 Vl.
2078 2097 2158 2151 Ac
2184 2111 2253 2151 ne
2284 2098 2385 2151 ista
2414 2097 2510 2151 tibi
2541 2097 2704 2167 longo
2731 2109 2986 2150 sermone
3008 2093 3268 2163 explicem
3287 2135 3302 2159 ,
3335 2107 3461 2148 cum

1887 2191 1940 2245 in
1972 2192 2171 2246 talibus
2220 2190 2646 2262 cogitationibus
2691 2198 2747 2243 et
2777 2187 3010 2257 negotiis
3039 2203 3139 2257 ego
3164 2202 3416 2242 versarer
3444 2225 3462 2252 ,

1887 2284 1990 2338 sub
2022 2284 2254 2353 imperio
2278 2283 2484 2338 Tiberii
2515 2282 2752 2338 Caesaris
2785 2280 2928 2334 fama
2954 2279 3204 2349 quaedam
3231 2278 3459 2342 sensim,

1885 2392 1915 2430 a
1944 2392 2111 2430 verna
2154 2385 2474 2444 tempestate
2499 2375 2654 2429 initio
2680 2382 2898 2442 sumpto
2923 2372 3237 2441 passimque
3267 2369 3459 2433 crevit,

1885 2479 1939 2524 et
1971 2485 2159 2524 revera
2182 2469 2363 2524 bonus
2410 2467 2503 2522 Dei
2539 2468 2764 2523 nuntius
2810 2466 3075 2520 mundum
3129 2465 3458 2534 peragravit,

1888 2560 1978 2616 Dei
2018 2561 2354 2616 voluntatem
2392 2561 2612 2616 silentio
2646 2570 2828 2631 tegere
2855 2574 2960 2611 non
2990 2557 3198 2611 valens.
3246 2553 3461 2624 Ubique

1883 2655 2046 2724 igitur
2077 2656 2308 2724 amplior
2334 2665 2389 2709 et
2417 2654 2594 2724 major
2621 2653 2802 2718 tiebat,
2828 2650 3077 2706 referens
3133 2648 3278 2718 quod
3335 2648 3460 2717 qui-

1881 2749 2006 2802 dam
2031 2749 2084 2802 in
2109 2747 2318 2814 Judtea,
2345 2747 2615 2818 principio
2643 2755 2864 2816 sumpto
2895 2760 2926 2798 a
2967 2757 3136 2798 verno
3190 2751 3456 2811 tempore,

1880 2843 2070 2896 aeterni
2105 2841 2196 2896 Dei
2252 2857 2481 2911 regnum
2535 2839 2739 2894 Judaeis
2769 2837 3080 2900 annuntiet,
3113 2850 3224 2904 quo
3257 2831 3458 2886 fruitu-

1881 2949 2002 2986 rum
2038 2949 2159 2988 esse
2185 2949 2254 2988 ex
2285 2933 2392 2987 illis
2419 2933 2714 2997 diciteurn,
2735 2933 2828 3001 qui
2853 2932 3020 2985 vitam
3047 2938 3250 2984 rectam
3272 2943 3460 2981 emen-

1880 3026 2175 3096 datamque
2213 3026 2415 3081 ducat:
2444 3041 2554 3095 quo
2587 3035 2768 3078 autem
2804 3023 3059 3078 credatur
3106 3021 3284 3090 ipsum
3317 3019 3460 3072 divi-

1880 3121 2069 3174 nitatis
2090 3121 2308 3188 plenum
2343 3121 2460 3174 haec
2489 3120 2636 3188 loqui
2665 3135 2730 3172 ac
2751 3117 3022 3186 inspirare
3043 3156 3058 3180 ,
3087 3113 3258 3168 multa
3289 3112 3458 3165 mira—

1878 3212 2030 3278 bilia,
2062 3213 2217 3282 signa
2253 3221 2308 3267 et
2339 3212 2584 3283 prodigia
2648 3211 2761 3266 edit
2801 3211 2917 3265 sola
2969 3207 3240 3279 iussione,
3295 3203 3456 3274 quasi

1878 3306 1973 3374 qui
2009 3321 2041 3360 a
2067 3304 2178 3360 Deo
2205 3306 2475 3375 acceperit
2519 3314 2880 3375 potestatem;
2915 3301 3117 3358 surdos
3145 3299 3292 3355 enim
3325 3298 3457 3352 facit

1875 3399 2090 3468 audire,
2121 3415 2297 3456 caecos
2348 3399 2558 3464 videre,
2611 3398 2840 3468 pedibus
2889 3395 3096 3450 debiles
3149 3391 3453 3456 ambulare,

1878 3493 2104 3550 claudos
2123 3502 2274 3548 recta
2306 3493 2594 3548 incedere:
2642 3505 2861 3546 omnem
2913 3487 3167 3541 morbum
3207 3483 3450 3554 depellit,

1876 3601 2096 3642 omnem
2126 3586 2430 3642 daemonem
2466 3584 2655 3655 fugat;
2711 3585 2804 3638 sed
2833 3591 2888 3636 et
2919 3580 3120 3650 lcprosi
3149 3578 3352 3641 scabri,
3384 3592 3453 3632 eo

1874 3679 2091 3733 eminus
2114 3687 2328 3733 tantum
2364 3678 2507 3742 viso,
2543 3675 2722 3732 sanati
2767 3675 3009 3736 abeunt,
3064 3671 3269 3726 mortui
3321 3685 3453 3725 vero

1876 3772 2043 3826 oblati
2069 3773 2428 3838 suscitantur,
2444 3770 2692 3840 nihilque
2712 3776 2796 3824 est
2817 3768 2962 3838 quod
2993 3767 3171 3822 facere
3193 3775 3449 3835 nequeat.

1873 3864 2051 3935 Atque
2076 3879 2188 3934 quo
2217 3863 2342 3933 plus
2383 3863 2650 3933 temporis
2677 3860 3014 3931 praeteribat,
3064 3874 3130 3914 eo
3157 3857 3333 3926 major
3360 3858 3452 3910 lira

1872 3959 2126 4028 miorque
2146 3973 2243 4027 per
2271 3956 2582 4026 complures
2612 3954 2964 4010 advenientes
3023 3953 3313 4017 existebat,
3339 3966 3449 4004 non

1871 4053 2130 4122 amplius,
2163 4051 2410 4120 inquam,
2444 4049 2611 4116 fama,
2637 4049 2730 4103 sed
2772 4048 2853 4103 rei
2896 4048 3126 4102 veritas.
3170 4043 3292 4099 lam
3320 4059 3450 4099 vero

1870 4154 1925 4199 et
1955 4157 2132 4200 cretus
2155 4161 2246 4214 per
2271 4145 2389 4198 loca
2412 4144 2615 4198 ﬁebant
2635 4141 3058 4197 consultationis
3084 4148 3140 4194 et
3175 4138 3448 4192 delibera-

1872 4238 2037 4294 tionis
2061 4253 2248 4303 causa,
2270 4238 2526 4308 quisnam
2550 4248 2694 4291 esset
2725 4235 2820 4305 qui
2842 4232 3207 4304 apparuisset,
3238 4237 3292 4285 et
3314 4228 3446 4300 quid

1869 4333 2032 4388 vellet
2056 4331 2260 4388 dicere.

1941 4491 2053 4546 VII.
2101 4492 2372 4547 Cancrum
2432 4492 2622 4546 eodem
2653 4505 2820 4556 anno,
2877 4497 3127 4544 autumni
3175 4495 3420 4555 tempore

1868 4588 2092 4658 quidam
2142 4587 2356 4656 publice
2407 4596 2561 4640 stans
2604 4585 2882 4647 clamavit,
2918 4583 3138 4637 dicens:
3176 4578 3293 4634 Viri
3335 4578 3440 4634 Ro-

1867 4681 2038 4744 mani,
2069 4679 2287 4745 audite;
2323 4678 2414 4732 Dei
2440 4677 2611 4733 Filius
2664 4678 2720 4730 in
2770 4676 2955 4731 Judma
2996 4677 3171 4741 adest,
3229 4673 3442 4730 cunctis

1868 4775 2179 4830 volentibus
2210 4773 2531 4842 promittens
2557 4773 2719 4825 vitam
2752 4779 3032 4831 aeternam,
3067 4771 3114 4825 si
3144 4769 3312 4823 vitam
3335 4768 3439 4822 du-

1869 4869 2049 4924 xerint
2072 4883 2139 4921 ex
2161 4865 2441 4920 voluntate
2471 4862 2650 4917 Patris
2677 4863 2769 4931 qui
2797 4862 2946 4916 misit
2974 4862 3148 4916 illum.
3169 4859 3438 4927 Quocirca

1865 4977 2048 5017 mores
2080 4967 2303 5022 mutate,
2336 4972 2365 5010 a
2389 4955 2753 5009 deterioribus
2777 4953 2845 5007 ad
2872 4955 3096 5008 meliora
3124 4953 3375 5018 transite,
3405 4967 3437 5007 a

1864 5053 2256 5125 temporalibus
2272 5049 2338 5103 ad
2357 5059 2555 5102 aeterna
2579 5063 2590 5098 :
2624 5047 2899 5115 agnoscite
2919 5062 3086 5101 unum
3103 5061 3224 5101 esse
3240 5045 3435 5111 Deum,

1474 5194 1708 5249 VARl/E
1751 5196 2150 5254 LEC'I‘IONES.

243 5308 286 5338 ’ί
353 5304 680 5358 ἀντέϐαλλόν
735 5305 796 5360 C.

900 5305 1071 5380 ”_xq£
1133 5306 1453 5380 mutandum
1508 5307 1561 5360 in
1622 5309 1776 5362 ταῦτ’
1803 5310 1892 5364 vel
1938 5312 2139 5380 ἐκεῖν’.
2188 5308 2244 5362 S.
2274 5303 2332 5380 ού
2392 5307 2576 5380 ἕνεκεν
2613 5303 2683 5356 τὰ
2750 5303 2976 5380 τοιαῦτα
3015 5303 3248 5380 ἐτόλμας
3278 5307 3423 5380 Epic,

173 5391 223 5464 ς.
250 5376 306 5464 5;
345 5375 828 5464 Quaa‘sequumtur
860 5376 914 5457 in
940 5376 1150 5462 Epit.c.
1192 5376 1246 5462 5.,
1280 5377 1353 5464 ita
1379 5378 1630 5464 lcglultur
1655 5397 1668 5433 :
1721 5380 2056 5464 Ἐχρραίνειν
2087 5379 2283 5464 γάρἸτδ
2311 5378 2452 5464 ρεῐρν
2481 5375 2851 5464 λέγουσξνσέπὶ
2875 5378 2988 5464 τξξίς
3017 5374 3302 5464 σκιξλλθιυσξ
3324 5374 3426 5437 ίεας

172 5447 350 5517 tinxi;
383 5463 451 5517 με

175 5514 428 5584 (Σίσιγᾷν
458 5515 552 5568 καὶ
576 5514 785 5584 στέγειν
817 5514 875 5574 S.
915 5514 1134 5571 auctore
1157 5517 1460 5570 Gallandio.

455 5445 523 5498 τὰ
549 5442 648 5515 τὴν
678 5446 786 5498 ἀπὸ
814 5446 908 5498 τοῦ
940 5442 1192 5516 σώματος
1223 5442 1456 5500 ἐκείνων
1481 5448 1745 5501 διάλυσιν.
1782 5442 1868 5481 "’5
1899 5442 2240 5522 διήρχετοὉ.
2316 5450 2362 5478 ³⁸
2398 5447 2472 5499 lla
2499 5442 2622 5498 0c.
2657 5442 2799 5514 Epit.
2833 5460 2883 5498 ε.
2915 5447 2966 5500 6.
3002 5447 3177 5514 σιγᾷν,
3213 5445 3426 5512 στέγειν
3461 5501 3467 5505 ,

458 5515 552 5568 καὶ
576 5516 785 5573 στέγειν
817 5514 875 5573 S.
915 5528 1134 5571 auctore
1157 5517 1460 5570 Gallandio.
1574 5519 1619 5550 "
1642 5519 1849 5573 ἐγίνετο
1872 5519 1934 5573 Ο.
2047 5520 2092 5550 ⁸⁸
2122 5514 2599 5573 ποοσκατοοθώσει
2643 5516 2706 5569 C.
2760 5514 2896 5568 Tum
2945 5517 3095 5570 deest
3145 5515 3200 5566 δέ
3251 5514 3302 5565 in
3351 5512 3419 5568 Ο.

1672 5536 1849 5587 γινετο
1872 5536 1934 5573 υ.

2047 5512 2599 5589 δ⁶λπροσκατορθώσει
2643 5512 2707 5569 C.
2741 5514 2896 5589 ‘Tum
2937 5512 3113 5589 deest
3145 5515 3200 5566 δέ
3251 5514 3302 5565 in
3351 5512 3419 5568 0.

175 5585 218 5660 ’_'
249 5583 509 5660 κυλλούς·
539 5583 746 5660 χωλοὺς
773 5585 921 5660 ὀρθοῖ
943 5584 1007 5660 Ο.
1026 5656 1060 5660 __
1082 5586 1248 5660 "Attat
1279 5604 1392 5660 οιιι.
1435 5587 1499 5660 0,
1531 5589 1638 5660 qui?
1665 5583 1964 5660 anteaiscr.
2009 5583 2189 5660 μείζον
2220 5589 2365 5657 (sic).
2406 5583 2486 5660 ’.θ’
2519 5585 2895 5660 Locushlxaud
2909 5587 3080 5660 dubie
3110 5593 3419 5660 corruptus.

176 5652 300 5710 Post
336 5652 589 5728 σκέψεως
608 5652 910 5728 Ερὶιᾌυλϐ,
939 5656 1108 5728 addit.
1144 5657 1329 5709 ἕνεκα.
1362 5659 1466 5712 Sed
1499 5652 1736 5712 maxime
1752 5658 1989 5728 Aoﬂ'end-it
2009 5652 2086 5712 ’τό
2113 5652 2125 5712 ἐ
2153 5652 2339 5728 scribe:
2353 5656 2544 5712 saltem
2572 5653 2761 5728 τοῦδ.

2858 5656 2940 5724 ‘°°_
2956 5659 3015 5707 ἐν
3056 5655 3418 5724 ριίιξιειῃιὶεεο

179 5734 300 5782 rant
321 5725 428 5790 ,Cl.
454 5721 526 5779 iet
556 5723 618 5782 S.
655 5721 666 5728 ’
697 5727 711 5755 ⁸
751 5723 880 5784 Dele
910 5726 1010 5786 τά.
1040 5742 1164 5782 nam
1198 5743 1426 5798 prorsus
1457 5728 1723 5784 redundat
1749 5725 1813 5784 D.
1848 5728 1941 5785 ἐὰν
1973 5729 2041 5784 τὰ
2074 5731 2212 5784 κατὰ
2246 5727 2468 5799 γνώμην
2490 5724 2856 5798 -πράξωσιν
2893 5721 3038 5792 Epit.
3057 5721 3206 5782 _c.'7.
3250 5722 3311 5778 S.
