3868 6212
473 358 542 413 63
1364 364 1419 418 S.
1460 354 1847 417 CLEMENTIS
1883 361 1898 416 I
1932 359 2039 415 R01

2147 360 2346 416 PUNT.
2386 360 2614 417 OPERA
2652 363 2857 419 DUBIA
3710 370 3800 425 64

475 474 653 545 quiin
703 476 861 531 caelis
889 485 995 543 est,
1025 476 1186 547 cujus
1244 479 1507 532 mundqu
1547 477 1750 547 injuste
1795 476 2039 531 habitatis

2160 477 2509 548 προσκαίρων
2542 480 2634 531 ἐπὶ
2657 477 2726 530 τά
2777 477 2996 531 αἰώνια·
3040 478 3213 547 γνῶτε
3265 479 3286 509 ⁸
3318 479 3414 532 ἕνα
3446 478 3585 533 Θεὸν
3620 478 3794 533 εἶναι

475 576 603 621 ante
629 567 812 637 iustos
834 568 981 623 illius
1007 569 1225 624 oculos:
1261 585 1448 623 verum
1486 570 1533 624 si
1572 569 1975 624 convertamini
2000 578 2055 623 et

472 658 631 728 juxta
683 661 1023 715 voluntatem
1073 662 1194 731 ejus
1227 663 1422 717 vivatis
1455 704 1470 724 .
1504 663 1557 716 in
1584 664 1735 717 aliud
1789 664 2053 718 saeculum

477 751 682 806 sublati
712 753 1015 822 aeternique
1043 752 1219 808 eﬂecti
1258 753 1627 811 inet‘l‘ahilibus
1668 756 1841 827 ipsius
1892 756 2053 811 bonis

436 846 855 920 ,perl'ruemini;
882 847 969 901 sin
996 862 1127 901 vero
1155 863 1361 902 morem
1392 864 1497 903 non
1524 850 1827 920 gesseritis.
1855 850 2054 903 animae

475 949 670 995 vestrae
691 946 817 1008 post
842 938 1258 993 dissolutionem
1287 956 1317 994 a
1346 956 1577 1010 corpore
1616 942 1671 995 in
1698 941 1839 1011 ignis
1869 941 2050 995 locum

476 1031 862 1100 conjicientur,
898 1030 991 1084 ubi
1029 1039 1292 1085 a'ternum
1323 1034 1526 1101 punita:
1567 1032 1744 1087 inutili
1782 1033 2052 1087 ducentur

475 1121 819 1191 poenitentia.
861 1119 995 1174 Nam
1034 1131 1250 1191 tempus
1306 1124 1640 1193 paenitentiae
1688 1140 1927 1194 prmsens
1968 1135 2052 1180 est

472 1213 576 1269 ista
616 1214 957 1284 singulorum
987 1215 1118 1269 vita.
1145 1214 1317 1270 Porro
1356 1216 1440 1269 his
1463 1232 1563 1286 ego
1589 1217 1791 1271 auditis
1824 1218 2051 1271 moleste

470 1304 733 1372 ferebam,
772 1308 983 1361 nullum
1032 1324 1097 1362 ex
1132 1318 1279 1362 tanta
1344 1311 1629 1363 hominum
1676 1312 2045 1369 multitudine.

470 1405 579 1451 tam
616 1414 815 1469 magno
872 1410 1097 1469 accepto
1155 1401 1371 1465 nuntio,
1401 1402 1638 1455 dixisse:
1693 1401 1750 1455 lu
1804 1401 2047 1456 Judteam

469 1492 786 1559 proﬁciscar
813 1502 873 1546 ut
897 1509 1227 1561 cognoscam
1285 1505 1467 1548 utrum
1503 1495 1603 1549 iste
1626 1496 1741 1549 lnec
1765 1496 2049 1565 proferens

468 1600 596 1639 vera
627 1586 906 1655 loquatur,
938 1603 1130 1655 nempe
1156 1586 1249 1641 Dei
1289 1586 1485 1641 Filium
1520 1589 1572 1641 in
1598 1587 1839 1643 Judzeam
1885 1590 2049 1641 adve-

469 1679 639 1743 nisse,
675 1688 894 1748 propter
912 1680 1111 1732 bonam
1141 1688 1511 1749 aeternamque
1538 1696 1711 1749 spem,
1738 1681 1831 1749 qui
1854 1680 2049 1734 volun-

470 1780 637 1825 tatem
666 1770 847 1826 Patris
866 1788 895 1826 a
929 1787 1038 1840 quo
1066 1773 1268 1827 missus
1295 1781 1379 1827 est
1418 1772 1764 1827 manifestet:
1810 1790 2047 1842 namque

465 1864 613 1932 quod
639 1880 764 1919 eum
791 1865 945 1919 aiunt
977 1865 1292 1934 praedicare,
1320 1882 1429 1920 non
1456 1876 1539 1920 est
1560 1867 1815 1936 exiguum
1840 1882 1851 1917 :
1908 1882 2046 1936 quo-

467 1958 715 2011 rumdam
748 1958 897 2011 enim
927 1959 1139 2013 animas
1164 1960 1416 2026 aﬂirmat,
1477 1970 1660 2030 utpote
1688 1961 2043 2026 inunortales,

465 2048 868 2104 immortalibus
919 2051 1080 2105 bonis
1136 2050 1438 2118 fruituras;
1495 2054 1728 2107 aliorum
1790 2069 1941 2117 Vero,
1989 2057 2044 2109 iu

465 2142 647 2208 ignem
682 2142 1074 2198 inexstinctum
1103 2144 1399 2214 projectas,
1434 2154 1703 2201 azteruum
1735 2148 2043 2217 puniendus

461 2248 605 2287 esse.

533 2324 669 2382 VIII.
706 2326 830 2383 Haec
857 2326 923 2383 de
947 2329 1070 2383 aliis
1098 2346 1221 2384 eum
1250 2329 1674 2396 dicerem,etiam
1706 2347 1919 2388 mecum
1957 2334 2042 2391 his

460 2419 642 2473 verbis
672 2420 887 2476 locutus
911 2437 1063 2476 sum:
1095 2421 1276 2488 Quare
1298 2424 1435 2479 alios
1461 2424 1830 2495 vitupero,qui
1862 2428 1914 2481 iu
1945 2444 2043 2482 eo~

457 2511 581 2564 dem
613 2512 842 2567 crimine
872 2514 1211 2584 negligentia:
1231 2517 1457 2570 versor?
1477 2514 1675 2571 Verum
1709 2519 1775 2571 ad
1797 2517 2039 2581 Julia-am

458 2606 799 2673 properabo,
851 2618 1141 2676 postquam
1192 2623 1276 2661 res
1331 2624 1481 2663 meas
1531 2625 1915 2680 composuero.
1965 2613 2040 2668 lta

456 2709 586 2749 vero
639 2712 763 2751 cum
793 2700 1125 2763 statuissem,
1169 2702 1398 2754 multum
1435 2702 1490 2755 in
1536 2702 1796 2758 dilatione
1827 2714 2039 2774 tempus

456 2790 735 2856 praeteriit,
770 2790 998 2861 hujusce
1031 2792 1151 2847 vita:
1181 2793 1414 2864 negotiis
1445 2795 1532 2849 vix
1562 2796 1821 2865 explicari
1853 2799 2040 2852 valen-

459 2880 624 2934 tibus.
658 2876 899 2936 Tandem
925 2884 1108 2954 itaque
1136 2888 1478 2944 considerata
1501 2890 1625 2945 vitae
1650 2902 1866 2958 natura,
1894 2896 2039 2964 quod

456 2990 553 3043 spe
596 2974 883 3044 implicans
933 2975 1320 3036 festinantibus
1357 2981 1662 3049 insidietur,
1698 2985 1832 3055 quin
1873 2987 2038 3041 etiam

456 3076 721 3134 quantum
754 3070 1012 3139 temporis
1042 3072 1324 3137 abreptum
1360 3074 1523 3130 fuerit
1551 3077 1683 3130 mihi
1722 3079 1924 3149 spebus
1948 3080 2036 3149 ja-

2159 567 2252 620 τὸν
2270 569 2615 641 ἐπουράνιον,
2652 565 2712 623 οῦ
2735 570 2828 623 τὸν
2860 570 3064 639 κόσμον
3085 571 3285 633 ἀδίκως
3311 572 3510 624 οἰκεῖτε
3541 572 3794 642 ἔμπρο-

2160 659 2287 713 σθεν
2318 662 2429 714 τῶν
2458 662 2623 714 αὑτοῦ
2644 662 2865 716 δικαίων
2884 660 3198 733 ὀφθαλμῶνο
3222 663 3336 715 ἀλλ’
3357 663 3450 716 ἐὰν
3475 664 3779 734 μετασῷ-

2156 751 2323 823 λησθε
2355 754 2449 805 καὶ
2479 752 2621 805 κατὰ
2646 754 2747 824 τὴν
2780 755 2942 807 αὑτοῦ
2968 753 3223 824 βούλησιν
3247 753 3501 826 βιώσητε,
3532 758 3623 819 εἰς
3643 758 3781 809 Et;-

2159 861 2250 915 ρον
2283 845 2456 898 αἰῶνα
2488 846 2797 915 ἐνεχθέντες
2825 848 2918 900 καὶ
2936 848 3094 900 ἀΐδιοι
3123 848 3415 919 γινόμενοι,
3435 848 3543 901 τῶν
3576 850 3785 922 ἀποῤ-

2158 938 2341 1008 ρήτων
2380 937 2546 989 αὑτοῦ
2580 938 2801 1005 ἀγαθῶν
2842 939 3177 992 ἀπολαύσετε
3208 939 3248 971 ³ο
3303 940 3398 993 ἐάν
3423 941 3479 993 δὲ
3513 942 3779 1011 ἀπειθὴς

2156 1046 2307 1100 σητε,
2344 1031 2400 1082 αἱ
2445 1029 2619 1099 ψυχαὶ
2654 1031 2807 1101 ὑμῶν
2844 1031 2983 1101 μετά
3022 1033 3121 1103 τὴν
3154 1032 3249 1086 τοῦ
3304 1033 3552 1104 σώματος
3595 1034 3778 1090 λύσιν

2152 1124 2231 1185 εἰς
2266 1123 2359 1175 τὸν
2400 1122 2565 1175 τόπον
2598 1123 2693 1175 τοῦ
2734 1125 2904 1196 πυρὸς
2941 1124 3297 1198 βληθήσονται
3321 1167 3335 1190 ,
3378 1128 3515 1181 ὅπου
3559 1128 3782 1192 ἀϊδίως

2152 1216 2510 1285 κολαζόμεναι
2534 1217 2854 1287 ἀνωφέλητα
2870 1218 2972 1287 31
2985 1222 3426 1289 μετανοήσουσιν.
3445 1221 3500 1273 Ὀ
3520 1220 3637 1290 γὰρ
3660 1222 3777 1289 τῆς

2154 1310 2436 1379 μετανοίας
2465 1310 2653 1380 καιρὸς
2679 1311 2711 1381 ή
2744 1310 2837 1362 νῦν
2872 1312 3101 1363 ἑκάστου
3127 1312 3239 1383 ζωὴ
3270 1313 3545 1381 τυγχάνει.
3612 1314 3776 1381 Ἐγὼ

2153 1402 2252 1471 μὲν
2285 1398 2377 1455 οῦν
2399 1402 2572 1455 ταῦτα
2593 1403 2809 1455 ἀκούων
2838 1403 3103 1473 ἠχθόμην,
3138 1405 3219 1457 ὅτι
3245 1406 3421 1469 οὐδεὶς
3452 1408 3516 1459 ἐκ
3557 1406 3777 1459 τοσού-

2147 1511 2256 1546 των
2287 1494 2478 1563 δχλων,
2502 1495 2833 1566 τηλικαύτην
2881 1496 3138 1564 ἀγγελίαν
3190 1498 3448 1563 ἀκούσας,
3488 1502 3769 1571 εἴρηκεν·

2149 1587 2244 1651 Εἰς
2288 1587 2549 1639 Ἰουδαίαν
2573 1587 2933 1658 πορεύσομαι,
2967 1590 3053 1642 ἵνα
3078 1591 3171 1643 ἴδω
3201 1593 3249 1643 εἰ
3279 1592 3433 1645 ταῦθ’
3464 1589 3627 1656 οὗτος
3664 1593 3770 1645 λέ-

2148 1697 2261 1748 γων
2291 1679 2563 1751 ἀληθεύει,
2593 1681 2670 1743 ὡς
2698 1681 2779 1733 ὅτι
2804 1681 2931 1743 Υἱὸς
2951 1682 3085 1735 Θεοῦ
3107 1684 3475 1755 ἐπιδεδήμηκε
3502 1689 3568 1757 τῇ
3615 1687 3768 1739 Ἰου-

2150 1770 2296 1841 δαίᾳ,
2332 1770 2544 1840 ἀγαθῆς
2584 1774 2680 1824 καὶ
2714 1773 2941 1835 αἰωνίας
2991 1773 3205 1837 ἐλπίδος
3258 1776 3455 1845 χάριν,
3496 1778 3599 1848 τὴν
3652 1779 3763 1831 τοῦ

2150 1862 2568 1927 ἀποστείλαντος
2597 1865 2810 1935 Πατρὺς
2845 1865 3094 1937 βούλησιν
3127 1857 3428 1936 ἐκφαίνιῖῖν·
3454 1871 3576 1923 ἐπεὶ
3605 1872 3630 1901 δ
3651 1874 3761 1925 καὶ

2147 1955 2286 2026 ὅπερ
2318 1955 2566 2023 λέγουσιν
2600 1957 2759 2009 αὑτὸν
2780 1959 3096 2029 κηρύσσειν,
3128 1960 3227 2012 οὐκ
3261 1959 3376 2013 ἐστι
3405 1962 3631 2033 μικρόν·
3671 1957 3763 2019 ὧν

2152 2047 2250 2118 μὲν
2272 2046 2383 2119 γὰρ
2402 2048 2500 2111 τὰς
2519 2048 2697 2119 ψυχὰς
2718 2050 3123 2104 διαϐεϐαιοῦται
3143 2054 3398 2117 αἰωνίους
3425 2054 3590 2118 οὔσας
3611 2059 3757 2110 αἰω-

2148 2139 2276 2192 νίων
2322 2140 2652 2193 ἀπολαύσειν
2699 2143 2919 2211 ἀγαθῶν
2943 2184 2957 2208 ,
3001 2138 3075 2196 ὧν
3109 2144 3165 2197 δὲ
3203 2147 3262 2197 ἐν
3301 2149 3437 2219 πυρὶ
3486 2149 3756 2223 ἀσϐέστῳ

2150 2231 2436 2303 ῥιφθείσας
2465 2233 2487 2263 ⁸
2520 2232 2612 2285 τὸν
2647 2234 2818 2287 αἰῶνα
2853 2235 3305 2307 κολασθήσεσθαι.

2223 2322 2352 2376 VIII.
2387 2323 2572 2377 Ταῦτα
2622 2324 2732 2393 ἐγὼ
2768 2326 2942 2395 λέγων
2993 2330 3120 2399 περὶ
3161 2330 3335 2384 ἄλλων
3378 2336 3471 2387 καί
3512 2338 3757 2408 ἐμαυτῷ

2145 2415 2399 2486 ὡμίλησα
2448 2415 2653 2484 λέγων·
2691 2417 2754 2470 Τί
2786 2417 2977 2484 ἄλλους
3023 2421 3330 2492 μέμφομαι,
3372 2426 3428 2479 ἐν
3474 2428 3552 2499 τῷ
3583 2430 3744 2499 αὐτῷ

2144 2510 2246 2580 τῆς
2293 2508 2553 2580 ἀμελείας
2608 2511 2869 2583 ὑπάρχων
2919 2514 3259 2585 ἐγκλήματι;
3318 2518 3452 2570 Ἀλλ’
3478 2524 3554 2583 εἰς
3602 2523 3745 2575 Ἰου-

2143 2605 2297 2658 δαίαν
2331 2607 2580 2677 ὁρμήσω,
2618 2608 2882 2678 πρότερον
2924 2609 3014 2661 τὸν
3050 2610 3180 2678 ἐμὸν
3227 2610 3427 2674 διαθεὶς
3460 2614 3590 2684 βίον.
3627 2618 3745 2671 Καὶ

2141 2700 2205 2771 δὴ
2242 2698 2385 2753 οὕτω
2419 2700 2439 2730 ⁸
2475 2698 2903 2771 βουλευσαμένου
2938 2719 3074 2773 μου,
3113 2704 3278 2765 πολὺς
3317 2708 3345 2759 ό
3394 2706 3496 2775 τῆς
3530 2708 3744 2778 παρολ-

2143 2791 2245 2862 κῆς
2283 2790 2513 2861 ἐγενήθη
2555 2791 2762 2862 χρόνος,
2796 2791 2903 2844 τῶν
2944 2792 3209 2862 βιωτικῶν
3243 2800 3581 2868 πραγμάτων
3608 2801 3743 2854 δυσ-

2142 2884 2381 2939 εκλύτων
2427 2885 2615 2939 ὄντων.
2666 2886 2846 2957 Πέρας
2892 2889 3023 2955 γοῦν
3074 2892 3373 2961 συννοήσας
3413 2885 3515 2945 ὦδέ
3546 2894 3565 2923 ⁷
3598 2911 3739 2948 ποτε

2140 2980 2239 3050 τὴν
2266 2977 2360 3031 τοῦ
2396 2978 2511 3050 βίου
2546 2978 2725 3048 φύσιν,
2762 2981 2844 3033 ὅτι
2889 2980 3061 3035 ἐλπίδι
3092 2983 3371 3038 ἐκπλοκῶν
3404 2988 3527 3049 τοὺς
3559 2987 3737 3039 σπεύ-

2139 3076 2328 3139 δοντας
2350 3074 2641 3146 ἐνεδρεύει,
2674 3074 2736 3127 οὐ
2774 3074 2880 3146 μὴν
2912 3074 3047 3129 ἀλλά
3084 3077 3179 3129 καί
3222 3078 3279 3131 ὃν
3316 3095 3447 3130 ποτε
3480 3078 3736 3133 εἰσεκλά-

453 3168 633 3225 elato,
685 3162 941 3232 quodque
995 3163 1075 3219 sic
1126 3167 1377 3236 occupati
1428 3169 1678 3227 homines
1732 3174 2034 3241 morimur,

2141 3186 2249 3241 πην
2282 3168 2469 3240 χρόνον
2502 3168 2680 3221 ἐλπίσι
2717 3169 3053 3238 δονούμενος,
3096 3170 3189 3222 καὶ
3236 3171 3318 3223 ὅτι
3350 3170 3522 3234 οὕτως
3564 3172 3736 3242 ἀσχο-

453 3264 649 3307 cuncta
697 3270 846 3320 mea,
902 3265 1065 3324 prout
1116 3268 1301 3324 erant,
1345 3261 1661 3331 relinquens
1709 3266 1777 3318 ad
1818 3275 2035 3335 portum

454 3348 760 3415 properavi,
786 3358 839 3402 et
868 3349 918 3402 in
945 3358 1161 3419 portum
1190 3354 1414 3409 veniens
1440 3364 1603 3425 atque
1631 3358 1683 3411 iu
1712 3360 1878 3413 altum
1907 3364 2037 3416 sub-

455 3452 641 3494 vectus
694 3442 871 3498 ventis
922 3443 1362 3511 adversantibus,
1418 3464 1515 3517 pro
1568 3448 1753 3505 Judaaa
1802 3452 2036 3507 Alexan-

454 3532 627 3585 driam
662 3535 869 3603 appuli.
897 3536 989 3589 ubi
1020 3546 1305 3592 ventorum
1350 3541 1755 3609 importunitate
1781 3545 2035 3601 detentus

452 3625 519 3679 ad
571 3626 925 3697 philosophos
967 3630 1321 3697 ventitabam,
1362 3642 1525 3703 atque
1579 3652 1704 3690 eum
1757 3654 2030 3693 rumorem

451 3734 843 3789 sermonesque
872 3722 1019 3776 illius
1058 3723 1151 3791 qui
1186 3724 1371 3779 Roma:
1413 3727 1563 3781 visus
1604 3727 1782 3783 fuerat
1828 3730 2031 3785 refere-

451 3811 600 3863 bam.
628 3812 695 3865 At
722 3812 797 3865 illi
824 3815 1223 3881 responderunt
1251 3835 1263 3870 :
1298 3816 1432 3871 Eum
1458 3821 1698 3889 quidem,
1724 3823 1817 3893 qiti
1848 3823 2033 3879 Romae

447 3903 721 3971 apparuit,
770 3909 1068 3973 nescimus,
1113 3907 1180 3961 de
1237 3910 1330 3963 illo
1374 3922 1553 3966 autem
1601 3914 1693 3981 qui
1740 3915 1794 3969 in
1844 3914 2029 3971 Judzea

2140 3264 2390 3337 λούμενοι
2416 3267 2467 3318 οἰ
2488 3264 2762 3335 ἄνθρωποι
2790 3262 3205 3334 ἀποθνήσκομεν
3225 3264 3266 3326 ⁸,
3290 3262 3357 3315 τὰ
3389 3263 3563 3316 πάντα
3599 3282 3729 3334 μου,

2137 3359 2214 3423 ὡς
2247 3359 2453 3429 ἔτυχεν,
2489 3357 2647 3425 ἀφεὶς
2696 3359 2777 3419 εἰς
2824 3355 3029 3426 Πόρτον
3059 3356 3079 3386 ⁸
3112 3354 3364 3427 ὥρμησα,
3398 3356 3492 3407 καὶ
3539 3357 3617 3419 εἰς
3648 3355 3733 3410 λι-

2140 3453 2277 3525 μένα
2304 3448 2471 3505 ἐλθῶν
2483 3466 2543 3503 τε
2562 3450 2603 3482 "
2619 3449 2713 3501 καὶ
2726 3448 2978 3518 ἀναχθεὶς
3000 3447 3218 3517 ἀνέμων
3230 3448 3335 3517 32
3372 3447 3591 3518 ἔχθραις
3603 3449 3729 3503 ἀντὶ

2134 3544 2228 3599 τοῦ
2265 3548 2345 3609 εἰς
2382 3542 2642 3598 Ἰουδαίαν
2655 3544 2734 3605 εἰς
2758 3541 3163 3612 Ἀλεξάνδρειαν
3182 3540 3417 3611 ὴνέχθην
3455 3557 3470 3571 ο
3486 3540 3579 3593 καὶ
3590 3541 3725 3595 ἀνέ-

2138 3657 2254 3710 μων
2267 3638 2471 3709 ἀπορίᾳ⁴
2483 3635 2789 3706 ἐπισχεθεὶς
2801 3635 2915 3686 ἐκεῖ
2930 3632 3257 3702 συνεφοίτων
3267 3636 3379 3697 τοῖς
3394 3632 3725 3701 φιλοσόφοις,

2132 3733 2228 3785 καὶ
2253 3730 2323 3784 τὰ
2352 3732 2450 3801 τῆς
2481 3730 2667 3799 φήμης
2699 3727 2791 3779 καὶ
2822 3725 2915 3778 τοῦ
2940 3726 2980 3755 ¹¹
3005 3727 3063 3777 ἐν
3102 3724 3285 3795 Ῥώμῃ
3318 3723 3574 3793 φανέντος
3600 3724 3721 3778 ἔλε-

2132 3841 2226 3892 γον
2258 3824 2384 3885 τοὺς
2430 3822 2639 3890 λόγους.
2686 3821 2749 3874 Ol
2782 3820 2838 3872 δὲ
2871 3819 2913 3850 ¹¹
2942 3818 3325 3889 ἀπεκρίναντο,
3341 3818 3445 3869 ὅτι·
3481 3816 3581 3870 Τὸν
3618 3816 3720 3888 μιν

2130 3918 2189 3969 ἐν
2233 3914 2418 3986 Ῥώμῃ
2452 3914 2685 3982 φανέντα
2721 3912 2822 3965 οὐκ
2871 3912 3047 3979 ἴσμεν,
3078 3910 3207 3980 περί
3252 3909 3309 3961 δὲ
3355 3906 3450 3961 τοῦ
3488 3910 3548 3962 ἐν
3586 3909 3719 3963 Ἰουσ

448 3993 595 4063 degit
626 4010 690 4049 ac
720 3995 893 4051 Filius
929 3998 1025 4053 Dei
1055 4015 1085 4053 a
1126 4000 1270 4055 fama
1302 4002 1521 4069 dicitur,
1552 4014 1605 4059 et
1653 4006 1962 4062 audivimus
1998 4027 2027 4064 ει

2141 4010 2253 4080 Ξαίᾳ
2283 4008 2573 4078 γενομένου
2609 4006 2702 4059 καί
2733 4003 2864 4056 Υἰοῦ
2893 4000 3026 4055 Θεοῦ
3065 4002 3169 4053 ύπὸ
3209 4002 3308 4073 τῆς
3348 4003 3534 4071 φήμης
3558 4001 3717 4071 λεγο-

449 4085 636 4143 multis
666 4087 759 4156 qui
810 4089 959 4144 illinc
989 4092 1231 4159 veniunt,
1263 4103 1317 4147 et
1346 4095 1412 4150 de
1452 4098 1708 4155 omnibus
1750 4101 2027 4158 miraculis

446 4193 568 4247 qua:
601 4178 872 4249 loquendo
904 4181 1033 4237 facit
1060 4186 1391 4254 accepimus.

516 4356 604 4411 IX.
630 4357 877 4431 Cumque
914 4365 1149 4419 dicerem
1178 4384 1190 4420 :
1218 4366 1482 4437 Cuperem
1540 4372 1779 4433 incidere
1822 4378 1875 4433 in
1920 4380 2024 4434 ali-

444 4464 605 4517 quem
637 4452 727 4521 qui
759 4470 880 4507 eum
913 4456 1159 4524 vidisset,
1195 4462 1377 4515 statim
1428 4464 1701 4521 duxerunt
1732 4485 1836 4533 me,
1870 4472 2021 4526 aien-

2131 4103 2313 4173 μένου,
2363 4101 2457 4153 καὶ
2498 4098 2649 4170 παρά
2693 4096 2900 4149 πολλῶν
2931 4093 3041 4145 τῶν
3084 4094 3338 4147 κάκεῖθεν
3382 4093 3715 4163 ἐληλυθότων

2124 4193 2458 4264 ἠκούσαμεν,
2491 4193 2585 4244 καὶ
2616 4190 2747 4261 περὶ
2788 4188 3005 4241 πάντων
3052 4178 3127 4239 ὧν
3175 4184 3351 4238 λαλῶν
3382 4184 3552 4238 ἐποίει
3584 4185 3714 4239 θαυ-

2127 4286 2335 4357 μασίων
2365 4284 2660 4356 ἐμάθομεν.

2194 4379 2285 4434 IX.
2334 4376 2496 4449 Ἐμοῦ
2528 4377 2585 4429 δὲ
2604 4373 2866 4437 εἰπόντος,
2921 4370 3151 4424 Ἥθελόν
3173 4386 3279 4423 τινι
3305 4369 3581 4438 συντυχεῖν
3600 4367 3707 4421 τῶν

2123 4470 2446 4543 ἑωρακότων
2485 4468 2667 4533 αὑτὸν,
2716 4466 2879 4529 εὐθὺς
2914 4460 3047 4536 ἦγόν
3074 4462 3427 4535 μελέγοντες,
3469 4461 3582 4514 ἐστι
3622 4479 3706 4526 τις

444 4550 524 4594 tes
553 4561 566 4596 :
601 4541 699 4598 Est
730 4545 817 4599 hic
842 4548 1085 4615 quidam,
1110 4553 1199 4619 qui
1230 4568 1336 4606 non
1380 4556 1557 4610 solum
1584 4556 1711 4612 vidit
1740 4575 1886 4627 eum,
1922 4567 2014 4621 sed

2141 4537 2374 4627 ινταῦθα,
2418 4563 2479 4615 οὐ
2516 4560 2673 4633 μόνον
2724 4557 3015 4631 ιστορήσας
3067 4557 3248 4621 αὑτὸν,
3298 4554 3435 4609 ἀλλά
3474 4555 3565 4607 καὶ
3605 4554 3704 4625 τῆς

442 4643 496 4687 et
533 4649 597 4689 ea
643 4653 709 4690 ex
762 4640 981 4708 regione
1017 4643 1283 4699 oriundus
1326 4656 1428 4715 est,
1468 4651 1549 4703 vir
1597 4650 1877 4723 llebizeus,
1920 4675 2018 4713 no-

2141 4656 2328 4709 ,κεῖθεν
2357 4656 2459 4726 γῆς
2489 4654 2768 4725 ὑπάρχων,
2799 4649 3220 4729 ἀνὴρἙόραᾰ,
3256 4649 3474 4719 ὀνόματι
3500 4647 3702 4717 Βαρνά-

442 4727 592 4782 mine
638 4726 936 4800 Barnabas,
980 4736 1073 4803 qui
1125 4752 1183 4791 se
1230 4755 1448 4809 quoque
1490 4743 1565 4797 ait
1592 4760 1758 4798 unutn
1791 4762 1913 4802 esse
1950 4768 2012 4804 ex

2141 4748 2240 4811 ῑας,
2275 4748 2333 4810 ὃς
2359 4748 2452 4801 καὶ
2479 4747 2574 4799 ἓνα
2617 4746 2724 4798 τῶν
2752 4744 2916 4797 αὑτοῦ
2952 4726 3205 4817 μαθητῶν
3239 4740 3431 4797 ἑαυτὸν
3459 4735 3594 4791 εἶναι
3616 4738 3701 4791 λέ-

442 4818 591 4875 illius
620 4820 925 4892 discipulis,
958 4835 1011 4878 et
1056 4826 1144 4881 hic
1188 4832 1379 4885 sedens
1404 4848 1584 4887 rerum
1622 4836 1691 4889 ab
1732 4838 1849 4907 ipso
1886 4856 2015 4908 pro-

440 4912 733 4969 missarum
761 4932 1041 4975 sermones
1073 4922 1377 4979 volentibus
1422 4927 1564 4981 ultro
1592 4928 1771 4982 refert.
1806 4929 1868 4985 Et
1893 4934 2016 5001 qui-

2121 4858 2225 4910 γει,
2253 4843 2346 4894 καὶ
2378 4839 2609 4894 ἐνταῦθά
2639 4854 2738 4890 που
2772 4836 3131 4908 καθεζόμενος
3161 4838 3261 4907 τῆς
3312 4832 3523 4890 ἐκείνου
3571 4832 3697 4883 ὑπο-

2125 4936 2360 5006 σχέσεως
2376 4933 2501 4995 τοὺς
2529 4932 2719 5001 λόγους
2746 4935 2856 4994 τοῖς
2881 4930 3220 5001 βουλομένοις
3262 4930 3497 5000 ἑτοίμως
3530 4929 3690 4998 λέγει.

437 5003 561 5061 deut
619 5024 742 5061 cum
801 5010 865 5063 iis
919 5026 1241 5084 progressus
1289 5033 1432 5071 sum.
1485 5021 1562 5075 Ac
1616 5022 1838 5076 veniens
1888 5040 2010 5080 cum

2141 5003 2231 5081 (ἀι
2260 5029 2323 5098 δὴ
2358 5025 2613 5096 συνῆλθον
2660 5025 2857 5086 αὐτοῖς.
2902 5024 3009 5077 Καὶ
3049 5022 3236 5088 ἐλθὼν,
3270 5025 3365 5078 σὺν
3409 5024 3487 5094 τῷ
3528 5042 3689 5096 παρε-

1742 5167 1977 5223 VARI/ﬁ
2018 5167 2419 5226 LECTIONES.

434 5262 627 5457 3.2;:

513 5443 527 5465 ν
560 5419 627 5465 ίίυ

436 5473 717 5526 ἐκπλέκων
755 5472 795 5527 C
827 5517 842 5540 ,
871 5478 964 5552 qui
990 5472 1180 5552 tamen
1229 5481 1515 5552 ἐμπλέκων
1546 5472 1693 5552 conj.

631 5261 767 5325 ῶτες
792 5260 854 5317 Ο.
934 5265 953 5296 ³
984 5265 1059 5321 lta
1086 5268 1130 5323 Ο
1152 5285 1202 5324 c.
1231 5272 1397 5343 Epit,
1424 5272 1769 5345 ἀπολαύσητε
1796 5278 1859 5332 C.
1895 5280 2038 5334 κατά
2066 5281 2165 5353 τὴν
2193 5298 2242 5334 τ.
2287 5297 2337 5332 σ.
2370 5295 2421 5349 p.
2458 5276 2593 5381 μετά
2623 5276 2721 5346 τὴν
2756 5293 2808 5327 τ.
2848 5291 2897 5326 σ.
2930 5275 3090 5329 tacite
3119 5276 3287 5351 edidit
3331 5276 3413 5330 Cl.
3445 5278 3679 5346 repetiit-

662 5333 833 5381 (ἷυιΙίΙ.
871 5335 1154 5381 Ιρριίηιιριιι
1190 5339 1240 5381 in
1285 5344 1455 5381 Annnl
1507 5359 1567 5381 ιιι·
1632 5362 1727 5381 nl'n
1754 5349 2063 5381 Dnll:unllann
2100 5353 2362 5381 θυι-ιιαηηρ
2520 5347 2640 5381 ἐκεῖ
2676 5345 2894 5381 -ιΑἰηητί
2930 5361 2959 5381 n
3015 5343 3060 5381 Π
3095 5355 3145 5381 nl
3192 5344 3312 5381 Fr"!
3410 5347 3679 5381 υλιρηεῖκη-

640 5333 833 5432 βρεμι.
870 5335 1154 5432 Ιθξῖῑίοέιὲξιιι
1188 5333 1479 5406 ἱιι,Ἀιιιιυι.
1507 5359 1585 5396 er.
1612 5333 1735 5432 ,βε-ἓ).
1754 5333 2417 5432 0011160111ιόίίὼιοιαηεῖ.
2458 5333 2503 5432 λ,
2520 5333 3060 5432 ἐπείέιόῇιιηξξρηρ
3095 5344 3330 5432 ςιθξρζζ.
3410 5347 3491 5432 ’ἐξ

2520 5347 2641 5400 ἐπεί
2665 5343 2903 5418 adju‘ngi
2929 5343 3060 5418 _c._0
3095 5355 3148 5418 et
3170 5344 3330 5418 AEptt.
3410 5343 3680 5418 ’ῥιφείσας

437 5560 730 5640 asserens”:
784 5553 837 5598 ιιι
863 5546 1134 5640 Clericun}
1163 5546 1273 5640 (eld'.
1307 5546 1753 5640 1624)'intellige.
1833 5558 2077 5640 ’,πόρσιον
2106 5560 2194 5640 (2A,
2217 5546 2418 5640 ’πόντον
2456 5558 2517 5611 C.
2551 5555 2671 5640 {aut
2708 5554 2951 5640 Clericus
2979 5546 3413 5640 :Forte'E-coptox,
3454 5566 3677 5640 portum,

440 5629 633 5696 nempe
673 5612 977 5696 Romanum
1009 5635 1022 5670 :
1050 5612 1179 5696 vide
1200 5620 1425 5696 Μανίαν.
1451 5612 1575 5696 Ἰριι.
1600 5612 1718 5689 αὖ,
1757 5635 1810 5680 et
1857 5612 1999 5696 Ερὶὶ.
2029 5647 2079 5684 c.
2120 5612 2209 5683 78.
2244 5629 2379 5682 Tum
2426 5632 2505 5690 εἰς
2535 5626 2627 5678 τὸν
2655 5624 2850 5693 λιμένα
2873 5624 2943 5696 _C.
2971 5640 2990 5696 ζ
3052 5623 3095 5696 “f
3121 5622 3182 5678 τέ
3211 5612 3322 5696 oti).
3353 5612 3419 5679 0.

3515 5627 3555 5658 “
3586 5632 3678 5681 καὶ

435 5683 529 5767 τοῦ
550 5681 629 5767 VO,
657 5693 709 5767 et
728 5701 804 5767 “ex
829 5686 1061 5757 conject.
1093 5687 1131 5739 υ
1164 5729 1178 5755 ,
1214 5681 1368 5760 μετάν
1382 5681 1570 5747 τοῦὌ.
1651 5681 1777 5749 ⁸³ὀῖ
1800 5699 1847 5750 τ’
1876 5681 1941 5756 ό.
1970 5681 2107 5755 utn
2149 5681 2330 5756 addidi
2356 5698 2445 5753 τόν
2475 5681 2598 5753 ante
2637 5681 2737 5767 μέν
2771 5710 2819 5750 c.
2862 5691 2927 5749 0.
2971 5691 3051 5749 Ita
3079 5694 3364 5766 legendum
3391 5710 3514 5752 esse
3542 5707 3678 5754 recte

436 5754 687 5809 observat
728 5755 782 5809 5.
