3868 6212
480 324 546 379 67
1367 327 1422 381 δ.
1454 320 1843 381 CLEMENTIS
1883 321 1899 376 ι
1936 320 2103 376 non.
2146 320 2351 377 poxr.
2396 321 2626 377 OPERA
2664 322 2893 380 ouem.
3166 386 3171 394 ,
3691 319 3766 370 es

482 456 761 513 praecones
791 443 947 498 missi
998 452 1149 507 sunt.
1191 458 1299 497 non
1346 443 1759 513 grammaticam
1803 440 2048 511 proﬁten-

2166 439 2622 511 ἐπαγγελλόμενοι
2650 442 2869 513 τέχνην,
2909 442 3024 496 ἀλλ’
3056 442 3243 505 ἁπλοῖς
3281 442 3375 495 καὶ
3398 442 3771 513 ἀπανούργοις

480 549 564 590 tes
602 543 797 601 artem,
838 535 931 588 sed
960 536 1298 605 simplicibus
1330 546 1383 591 et
1412 536 1641 591 sinceris
1666 536 1845 590 verbis
1876 534 2065 589 consi-

481 626 615 680 lium
649 627 818 696 ipsius
840 628 1278 683 demonstrantes
1308 629 1463 697 (adeo
1492 638 1548 682 ut
1577 628 1802 697 quilibet
1831 626 1923 696 qui
1969 641 2067 677 au-

480 720 662 786 dierit,
712 722 973 789 intelligat
1016 738 1137 791 qua:
1176 722 1455 790 dicuntur)
1499 736 1672 789 neque
1706 735 1828 773 cum
1871 717 2064 771 affectu

479 814 721 883 quodam
752 815 955 880 invido,
1003 830 1062 868 se
1104 816 1277 884 ipsum
1311 816 1521 869 cunctis
1554 814 1793 883 praabere
1825 812 2062 875 nolent",

479 906 684 960 adestis
739 923 856 972 vos,
912 916 991 971 ut,
1025 916 1382 977 pra-terquam
1420 908 1565 975 quod
1610 922 1717 959 non
1764 904 2064 972 intelligitis

478 999 623 1066 quod
657 1000 812 1053 vobis
840 1001 1074 1069 expedit,
1102 1001 1303 1054 damno
1343 1011 1526 1055 vestro
1561 1002 1838 1054 veritatem
1882 998 2063 1051 ridea-

477 1089 569 1154 tis,
594 1108 715 1160 quze
735 1094 876 1162 apud
899 1094 1162 1147 barbaros
1188 1094 1255 1146 ad
1283 1103 1519 1147 vestram
1547 1091 2060 1147 condemnationem

476 1194 743 1251 versatur,
771 1204 1046 1256 quamque
1078 1189 1145 1242 ad
1194 1203 1293 1242 vos
1338 1186 1717 1240 advenientem
1761 1200 1866 1237 non
1898 1184 2062 1238 vultis

476 1276 713 1348 hospitio
741 1282 982 1351 recipere
1028 1290 1249 1351 propter
1297 1280 1551 1334 libidines
1594 1286 1827 1340 vestras,
1860 1285 1914 1330 et
1941 1293 2063 1329 ver-

474 1369 667 1425 borum
713 1374 856 1427 illius
888 1374 1170 1436 vilitatem,
1204 1388 1273 1427 ne
1311 1370 1640 1442 arguamini,
1682 1370 1825 1439 quod
1860 1379 2063 1423 temere

472 1468 735 1539 philologi
765 1469 896 1523 estis
941 1484 1034 1522 seu
1067 1476 1340 1521 amatores
1372 1480 1710 1529 sermonum,
1741 1479 1847 1518 non
1878 1474 2059 1517 autem

472 1562 717 1617 veritatis
746 1570 1017 1616 amatores
1043 1559 1369 1629 philosophi.
1413 1558 1711 1627 Quousque
1736 1572 1866 1627 ergo
1894 1557 2061 1611 disci-

472 1656 542 1710 tis
573 1655 744 1723 loqui,
780 1654 871 1722 qui
911 1654 1136 1722 pulchre
1169 1653 1315 1721 loqui
1360 1651 1621 1705 nescitis?
1651 1650 1815 1705 Multa
1859 1652 2059 1721 quippe

470 1749 635 1802 verba
658 1756 835 1801 vestra
862 1747 1024 1799 unius
1042 1744 1191 1800 verbi
1221 1744 1394 1813 pretio
1422 1759 1527 1796 non
1553 1751 1682 1797 sunt
1714 1744 2053 1796 aestimanda.

470 1842 611 1908 Quid
644 1851 824 1896 autem
840 1839 1182 1895 dicetGrazca
1215 1847 1395 1892 vestra
1428 1837 1744 1911 multitudo,
1778 1835 2057 1890 unanimis

470 1933 635 2001 facta,
677 1934 724 1989 si
764 1932 1031 2003 judicium
1059 1930 1302 1987 futurum
1343 1939 1446 1995 est,
1488 1932 1667 1985 utisle
1700 1932 1811 1985 ait?
1853 1930 2053 1997 Quare,

470 2026 633 2089 Deus.
657 2028 989 2081 voluntatem
1014 2035 1161 2080 tuam
1191 2041 1296 2080 non
1319 2025 1625 2095 przedicasti
1650 2024 1844 2079 nobis?
1865 2022 2056 2079 Nonne

467 2120 721 2183 audietis,
756 2120 800 2173 si
853 2119 1079 2173 omnino
1113 2119 1525 2187 responsionem
1559 2118 1871 2186 accipietis,
1896 2119 2049 2173 hmc:

467 2212 603 2281 Ego,
631 2229 753 2267 cum
799 2228 990 2266 omnes
1025 2212 1236 2268 l'uturas
1272 2213 1581 2267 voluntates
1628 2221 1752 2265 ante
1784 2212 2052 2265 constitu-

467 2306 666 2359 tionem
718 2305 907 2359 mundi
940 2320 1348 2376 cognoscerem,
1382 2306 1681 2374 unicuique
1722 2320 1822 2374 pro
1856 2305 2051 2359 merito

464 2414 567 2452 suo
604 2399 830 2453 latenter
855 2400 1087 2469 praevius
1117 2398 1369 2463 occurri;
1399 2398 1543 2467 quod
1574 2406 1754 2451 autem
1786 2398 1836 2452 id
1870 2398 2048 2467 ipsum

463 2490 535 2544 ita
583 2507 639 2545 se
682 2492 877 2545 habeat
920 2492 1113 2546 volens
1158 2492 1225 2546 iis
1274 2491 1365 2560 qui
1411 2490 1476 2544 ad
1522 2506 1609 2544 me
1662 2490 2045 2560 confugerunt,

463 2584 619 2652 plene
655 2582 1028 2648 manifestare,
1064 2598 1162 2637 cur
1208 2582 1276 2635 ab
1319 2583 1496 2647 initio,
1532 2599 1562 2636 a
1585 2583 1777 2652 primis
1823 2598 2049 2653 genera-

462 2675 702 2730 tionibus
731 2676 1061 2730 voluntatem
1094 2690 1270 2728 meam
1304 2676 1483 2743 palam
1516 2691 1623 2728 non
1652 2674 1871 2728 siverim
1909 2690 2047 2743 prm-

461 2767 654 2832 dicari,
694 2783 839 2822 nunc
867 2768 1012 2822 circa
1054 2768 1235 2821 seaculi
1266 2767 1427 2820 linem
1460 2782 1738 2836 praecones
1779 2766 1883 2820 mei
1924 2782 2049 2820 con-

461 2860 567 2913 silii
596 2860 740 2926 misi,
776 2861 871 2930 qui
909 2869 963 2914 et
1004 2861 1320 2925 irridentur,
1372 2869 1424 2914 et
1475 2859 1822 2914 contumeliis
1868 2858 2042 2913 allecti

2169 535 2347 603 λόγοις
2376 538 2419 572 ’⁸
2449 538 2546 607 τὴν
2576 537 2740 590 αὑτοῦ
2783 538 3036 609 βούλησιν
3076 538 3445 606 ἐκφαίνοντες,
3484 536 3559 599 ὡς
3603 535 3771 589 πάνθ’

2166 629 2442 682 ὁντιναοῦν
2476 630 2781 683 ἀκούσαντα
2816 634 2955 683 νοεῖν
2985 628 3055 682 τά
3080 629 3367 701 λεγόμενα,
3398 630 3491 681 καὶ
3528 628 3588 681 οὑ
3627 627 3773 699 μετά

2168 719 2331 785 aged);
2360 738 2505 785 τινος
2531 723 2816 794 φθονερᾶς,
2840 723 3102 795 παρέχειν
3130 725 3292 775 πᾶσιν
3315 721 3511 792 ἑαυτὴν
3540 721 3615 793 μὴ
3649 721 3773 791 βου-

2166 812 2397 883 λομένης
2428 816 2471 845 ⁸³
2491 838 2502 845 ·
2535 815 2773 886 πάρεστε
2797 817 2974 886 ὑμεῖς,
3009 814 3145 886 πρὸς
3171 815 3247 883 τῷ
3278 815 3351 885 μὴ
3375 816 3515 867 νοεῖν
3546 813 3608 866 τὸ
3634 815 3771 883 ὑμῖν

2169 907 2465 977 συμφέρον,
2500 908 2593 959 ἐπὶ
2624 910 2689 978 τῇ
2720 909 2959 979 ὑμετέρᾳ
2992 906 3161 979 βλάϐῃ
3197 907 3361 977 γελᾷν
3402 907 3502 976 τὴν
3549 908 3630 968 εἰς
3663 908 3768 974 τὴν

2167 998 2436 1069 ὑμετέραν
2492 1000 2788 1071 καταδίκην
2836 1001 2893 1052 ἐν
2955 999 3248 1071 βαρϐάροις
3298 999 3765 1068 πολιτευσαμένην

2165 1090 2441 1161 ἀλήθειαν,
2473 1092 2538 1162 ἣν
2562 1093 2657 1145 καὶ
2696 1094 2822 1163 ὑμῖν
2853 1093 3265 1164 ἐπιδημήσασαν
3314 1090 3517 1156 ξενίσαι
3546 1091 3606 1142 οὑ
3638 1089 3767 1159 βού-

2164 1185 2341 1249 λεσθε,
2371 1187 2458 1239 διὰ
2485 1187 2583 1250 τὰς
2618 1187 2904 1254 ἀσελγείας
2937 1186 3112 1256 ὑμῶν,
3145 1186 3239 1237 καὶ
3269 1184 3329 1237 τὸ
3364 1183 3507 1236 λιτὸν
3536 1183 3644 1235 τῶν
3666 1182 3763 1234 λό-

2164 1297 2276 1348 γων
2308 1281 2496 1351 αὑτῆς,
2538 1281 2625 1332 ἵνα
2671 1281 2744 1351 μὴ
2777 1280 3089 1350 ἐλεγχθῆτε,
3120 1278 3227 1349 35
3256 1280 3337 1331 ὅτι
3379 1280 3497 1347 εἰκῇ
3530 1277 3574 1307 ³⁸
3606 1276 3764 1346 φιλό-

2163 1374 2310 1443 λογοί
2341 1378 2485 1437 ἐστε,
2518 1378 2612 1429 καὶ
2646 1376 2705 1428 οὑ
2735 1374 3047 1445 φιλαλήθεις
3091 1374 3397 1442 φιλόσοφοι·
3455 1372 3615 1441 μέχρι
3657 1370 3763 1439 μὲν

2162 1466 2254 1523 οῦν
2284 1471 2413 1522 πότε
2455 1470 2636 1523 λαλεῖν
2666 1469 2983 1541 μανθάνετε,
3016 1469 3065 1520 οἱ
3102 1467 3161 1519 τὸ
3189 1466 3366 1528 καλῶς
3388 1463 3430 1497 ³¹
3455 1464 3633 1518 λαλεῖν
3656 1465 3764 1518 οὐκ

2163 1563 2403 1635 ἔχοντεςς
2444 1564 2620 1617 Πολλά
2650 1565 2759 1635 γὰρ
2785 1563 2938 1634 ὑμῶν
2965 1563 3181 1633 ῥήματα
3229 1561 3346 1623 ἐνὸς
3375 1561 3472 1612 οὑκ
3507 1557 3632 1622 ἀξια
3668 1557 3764 1611 λό-

2162 1676 2278 1727 γου.
2336 1659 2400 1711 Τί
2445 1659 2550 1730 ἄρα
2599 1659 2713 1729 ἐρεῖ
2762 1656 2915 1727 ὑμῶν
2969 1653 3353 1726 τὸἘλληνικὸν
3399 1652 3601 1723 πλῆθος
3656 1650 3762 1721 μία

2160 1752 2306 1823 ψυχὴ
2338 1752 2647 1822 γενόμενον,
2681 1751 2838 1821 εἴπερ
2876 1750 3026 1802 ἔσται
3066 1750 3109 1779 ³²
3144 1748 3343 1819 κρίσις,
3378 1746 3451 1808 ὡς
3480 1740 3635 1806 οὗτος
3660 1742 3758 1796 λέ-

2159 1862 2274 1913 γεις
2306 1845 2405 1897 Διά
2437 1844 2508 1907 τί,
2538 1838 2583 1896 ὦ
2611 1844 2735 1907 Θεέ,
2778 1844 2877 1914 τὴν
2928 1843 3025 1913 σὴν
3056 1840 3310 1911 βούλησιν
3342 1840 3440 1890 οὑκ
3477 1836 3757 1908 ἐκήρυξας

2157 1942 2317 2009 ἠμῖν;
2346 1940 2419 1992 Οὑ
2446 1939 2663 2000 πάντως
2685 1935 3002 1998 ἀκούσεσθε,
3029 1936 3184 2005 εἴπερ
3217 1932 3558 2003 ἀποκρίσεως
3582 1947 3757 1983 κατα-

2157 2031 2508 2102 ξιωθήσεσθε,
2536 2030 2662 2083 τάδε
2690 2030 2760 2061 ³³³
2800 2028 2961 2097 Ἐγὼ,
2999 2027 3180 2089 πάσας
3206 2026 3304 2089 τὰς
3338 2024 3602 2093 ἐσομένας
3644 2022 3757 2093 πρὸ

2155 2124 2457 2194 καταϐολῆς
2503 2124 2705 2194 κόσμου
2749 2121 2905 2184 εἰδὼς
2950 2119 3316 2192 προαιρέσεις,
3368 2117 3509 2179 ἰδίως
3542 2117 3587 2146 ³⁸
3617 2117 3752 2168 ἐκά-

2156 2234 2266 2288 στῳ
2296 2219 2431 2289 πρὸς
2460 2218 2520 2270 τὸ
2550 2217 2713 2270 αὑτοῦ
2748 2215 2892 2280 ἄξιον
2920 2213 3288 2275 λανθανόντως
3317 2212 3714 2282 προαπήντησα
3735 2227 3748 2239 '

2150 2311 2309 2364 τοῦτο
2352 2312 2409 2364 δὲ
2450 2312 2581 2364 αὑτὸ
2626 2312 2707 2363 ὅτι
2745 2311 2917 2373 οὕτως
2949 2309 3080 2378 ἔχει,
3114 2304 3393 2377 βουληθεὶς
3420 2305 3544 2366 τοὺς
3578 2320 3754 2373 προσ-

2151 2406 2493 2473 πεφευγότας
2543 2422 2630 2475 μοι
2674 2402 3116 2473 πληροφορῆσαι,
3165 2397 3251 2451 διὰ
3296 2397 3348 2449 τί
3392 2396 3646 2466 ἀπαρχῆς
3682 2398 3750 2448 ἐκ

2150 2497 2428 2568 προτέρων
2470 2496 2672 2565 γενεῶν
2716 2496 2816 2566 τὴν
2868 2494 3006 2564 ἐμὴν
3066 2490 3316 2562 βούλησιν
3368 2487 3603 2559 δημοσίᾳ
3647 2488 3753 2539 οὐκ

2149 2591 2305 2643 εἴασα
2335 2589 2695 2660 κηρυχθῆναι,
2729 2588 2825 2641 νῦν
2864 2586 3000 2657 πρὸς
3027 2584 3105 2655 τῷ
3139 2584 3281 2636 τέλει
3310 2580 3403 2635 τοῦ
3442 2581 3555 2651 βίου
3584 2581 3629 2610 ³⁸
3653 2583 3752 2650 κή-

2150 2700 2321 2753 ρυκας
2350 2684 2487 2753 ἐμῆς
2512 2681 2703 2752 βουλῆς
2731 2679 3046 2742 ἀπέστειλα,
3083 2679 3131 2731 οἳ
3159 2678 3203 2709 ⁸⁵
3230 2677 3323 2730 καὶ
3354 2674 3619 2744 γελῶνται
3646 2675 3750 2727 καὶ

2148 2775 2490 2847 ὑϐριζόμενοι
2521 2774 2871 2845 χλευάζονται
2903 2774 3008 2825 ὑπὸ
3048 2770 3155 2824 τῶν
3205 2770 3372 2840 μηδὲν
3414 2766 3753 2836 ὠφελεῖσθαι

2147 2866 2405 2920 θελόντων
2434 2868 2527 2920 καὶ
2564 2866 2972 2938 ἐπιτεταμένως
3014 2866 3113 2935 τὴν
3159 2866 3298 2935 ἐμὴν
3335 2863 3515 2932 φιλίαν
3538 2878 3751 2933 παραι-

458 2953 793 3010 tit-luduntur
820 2954 888 3008 ab
916 2954 985 3007 iis
1013 2954 1105 3023 qui
1160 2969 1507 3024 nequaquam
1544 2954 1733 3007 volunt
1772 2953 2041 3023 adjuvari,

2153 2960 2485 3029 τησαμένων.
2517 2960 2580 3011 Ὢ
2604 2959 2848 3029 μεγάλης
2884 2957 3122 3021 ἀδικίαςί
3163 2957 3321 3028 μέχρι
3363 2956 3527 3009 πόνου
3554 2955 3595 2985 ⁸⁷
3621 2974 3751 3008 κιν-

458 3046 663 3114 quique
707 3062 882 3101 meam
933 3047 1229 3102 amicitiam
1276 3047 1623 3101 vehementer
1662 3046 2039 3115 repudiarunt.

2143 3049 2423 3105 δυνεύουσι
2452 3054 2713 3123 κήρυκες,
2760 3053 2853 3104 καὶ
2881 3051 3053 3105 ταῦτα
3082 3050 3187 3103 ὑπὸ
3221 3049 3328 3101 τῶν
3354 3050 3433 3113 είς
3464 3047 3751 3119 σωτηρίαν

455 3135 507 3191 0
534 3153 783 3208 magnam
826 3138 1108 3207 injuriam!
1147 3140 1340 3193 mortis
1382 3139 1529 3194 enim
1566 3140 1871 3209 periculum
1911 3140 2044 3193 sub—

2153 3146 2494 3217 καλουμένων
2523 3146 2751 3217 ἀνδρῶν.

455 3238 588 3284 eunt
616 3231 1028 3299 prtedicatores;
1084 3233 1247 3303 idque
1278 3248 1375 3302 per
1416 3248 1511 3288 eos
1560 3233 1811 3287 homines
1845 3233 1939 3301 qui
1976 3231 2045 3286 ad

457 3322 687 3377 salutem
725 3333 1009 3378 vocantur.

526 3436 642 3492 Xll.
694 3438 864 3493 Porro
897 3440 1027 3493 illud
1066 3439 1267 3509 injuste
1299 3436 1501 3492 factum
1537 3438 1800 3495 adversus
1832 3453 2042 3509 [πωρο-

454 3546 553 3586 nes
578 3548 732 3585 meos
763 3548 792 3586 a
821 3532 1088 3601 principio
1118 3532 1259 3601 apud
1294 3547 1486 3586 omnes
1519 3531 1764 3587 futurum
1799 3542 1917 3587 erat
1938 3577 1951 3599 ,
1991 3533 2039 3589 si

454 3640 485 3677 a
518 3624 787 3694 principio
821 3625 887 3677 ad
920 3625 1150 3679 salutem
1189 3624 1366 3678 vocati
1418 3623 1655 3678 fuissent
1693 3624 1787 3693 qui
1830 3625 2035 3694 indigni

456 3724 603 3769 sunt.
638 3713 794 3781 Quod
852 3715 997 3768 enim
1048 3731 1193 3770 nunc
1222 3716 1291 3769 ab
1328 3715 1395 3770 iis
1422 3715 1689 3784 injuriose
1734 3716 1812 3781 lit,
1848 3718 1899 3770 in
1939 3718 2036 3771 de-

454 3807 759 3860 fensionem
792 3804 1036 3875 litjustae
1084 3822 1220 3861 mea:
1268 3807 1661 3875 providentiae,
1712 3807 1855 3876 quod
1897 3823 2039 3877 prae-

453 3900 601 3955 clare
644 3899 950 3952 doctrinam
998 3900 1208 3952 honore
1235 3899 1453 3968 dignam
1497 3900 1649 3953 nolui
1682 3900 1945 3953 inutiliter
1968 3900 2037 3953 ab

454 3992 613 4044 initio
644 3991 710 4044 ad
745 3991 1136 4045 contumeliam
1180 3991 1399 4060 publice
1428 4006 1725 4061 exponere,
1773 3992 1865 4045 sed
1913 4008 2032 4047 eam

452 4085 639 4150 statui,
670 4093 730 4138 ut
758 4084 1120 4137 venerandam
1144 4123 1158 4145 ,
1198 4083 1416 4137 silentio
1465 4083 1606 4153 tegi;
1645 4099 1753 4137 non
1812 4084 2035 4153 quidem

451 4176 593 4245 apud
621 4191 715 4230 eos
746 4176 838 4245 qui
878 4175 1149 4245 principio
1180 4175 1328 4245 digni
1361 4183 1518 4229 erant
1545 4217 1558 4239 ,
1612 4177 1816 4246 quibus
1842 4188 1894 4229 ct
1924 4187 2034 4230 tra-

451 4267 586 4331 didi,
618 4267 711 4321 sed
738 4267 880 4336 apud
915 4267 1052 4321 istos
1076 4277 1129 4321 et
1160 4267 1498 4332 consimiles,
1526 4276 1583 4320 ut
1610 4267 1857 4330 cernitis,
1894 4268 2034 4320 indi-

451 4376 609 4431 gnos,
640 4360 767 4414 odio
805 4374 893 4413 me
937 4367 1369 4428 prosequentes,
1420 4374 1587 4428 seque
1617 4360 1862 4413 nolentes
1908 4360 2032 4413 dili-

450 4470 594 4526 gere.
626 4451 693 4507 Et
719 4467 849 4506 vero
871 4467 1039 4517 nunc,
1070 4453 1385 4506 omittentes
1417 4451 1562 4506 hunc
1588 4452 1864 4506 hominem
1897 4453 2026 4506 irri-

450 4546 600 4610 dere,
634 4559 664 4597 a
703 4558 789 4597 me
833 4544 1005 4612 ipsius
1054 4544 1537 4612 repromissionem
1568 4545 1783 4610 audite,
1818 4546 1901 4599 vel
1934 4547 2027 4614 qui

449 4636 595 4690 volet
620 4634 753 4688 mihi
784 4635 1126 4704 percontanti
1155 4636 1500 4705 respondeat.
1533 4638 1611 4691 Ac
1643 4654 1710 4692 ne
1743 4638 1887 4692 velut
1931 4655 2027 4709 pe-

2217 3422 2312 3473 Xll
2370 3418 2543 3472 Τοῦτο
2568 3418 2625 3470 δὲ
2656 3416 2716 3470 τὸ
2735 3416 2935 3479 ἀδίκως
2966 3415 3247 3485 γινόμενον
3276 3410 3415 3466 κατά
3444 3411 3551 3464 τῶν
3583 3410 3747 3481 ἐμῶν

2145 3513 2403 3584 κηρύκων
2435 3513 2528 3565 ἀπ’
2562 3509 2737 3581 ἀρχῆς
2752 3509 2861 3579 36
2882 3509 2945 3562 ἂν
2978 3510 3058 3570 είς
3086 3507 3293 3569 πάντας
3318 3505 3543 3575 ἐγίνετο,
3570 3507 3744 3577 εἴπερ

2146 3608 2237 3662 ἀπ’
2262 3606 2439 3677 ἀρχῆς
2466 3606 2548 3668 είς
2578 3603 2851 3675 σωτηρίαν
2872 3601 3164 3655 ἐκαλοῦντο
3185 3603 3234 3653 οἱ
3268 3600 3490 3665 ἀνάξιοι.
3528 3599 3601 3651 Τὸ
3624 3600 3743 3670 γὰρ

2143 3697 2239 3751 νῦν
2273 3697 2557 3768 γινόμενον
2592 3698 2684 3749 ὑπ’
2734 3693 2913 3748 αὑτῶν
2951 3694 3152 3757 ἀδίκως
3186 3695 3265 3756 είς
3304 3691 3598 3759 ἀπολογίαν
3634 3692 3744 3761 τῆς

2140 3791 2282 3862 ἐμῆς
2312 3790 2527 3852 δικαίας
2560 3789 2768 3858 γίνεται
2810 3788 3095 3859 προνοίας,
3125 3788 3206 3840 ὅτι
3243 3787 3419 3849 καλῶς
3450 3787 3539 3838 τὸν
3560 3786 3742 3856 τιμῆς

2139 3883 2287 3949 ἀξιον
2320 3884 2476 3953 λόγον
2509 3884 2603 3935 ἀπ’
2639 3882 2815 3953 ἀρχῆς
2846 3881 3081 3952 δημοσία
3118 3882 3199 3944 είς
3232 3879 3388 3951 ὓϐριν
3423 3880 3593 3932 θεῖναι
3629 3878 3741 3932 οὑκ

2136 3977 2441 4049 ἠϐουλήθην
2460 3976 2503 4007 ³³
2522 3974 2813 4043 ἀνωφελῶς
2837 4013 2850 4037 ,
2886 3973 3022 4026 ἀλλά
3054 3973 3303 4041 σιγᾶσθαι
3346 3972 3507 4025 αὑτὸν
3541 3972 3619 4033 ὡς
3652 3972 3741 4023 τί-

2143 4086 2263 4139 μιον
2296 4068 2728 4139 ἐϐουλευσάμην,
2777 4069 2878 4119 οὑκ
2918 4067 3026 4119 ἀπὸ
3054 4065 3164 4119 τῶν
3192 4067 3286 4118 ἀπ’
3321 4066 3494 4137 ἀρχῆς
3533 4064 3737 4130 ἀξίων,

2136 4160 2217 4226 οἷς
2240 4163 2335 4215 καὶ
2366 4163 2673 4234 μετέδωκα,
2701 4159 2817 4213 ἀλλ’
2837 4159 2945 4212 ἀπὸ
2967 4158 3175 4211 τούτων
3204 4158 3423 4211 καὶτῶν
3441 4157 3737 4219 τοιούτων,

2135 4258 2212 4321 ὡς
2243 4260 2428 4321 ὁρᾶτε,
2464 4255 2720 4321 ἀναξίων,
2756 4253 2864 4306 τῶν
2898 4253 2999 4323 ἐμὲ
3038 4252 3340 4323 μισούντων
3373 4252 3466 4304 καὶ
3496 4252 3739 4313 ἑαυτοὺς

2136 4351 2308 4421 φιλεῖν
2346 4351 2419 4421 μὴ
2462 4347 2821 4419 βουλομένων.
2856 4347 2967 4398 Καὶ
3000 4344 3096 4397 νῦν
3135 4361 3199 4412 γε
3249 4344 3513 4414 παρέντες
3557 4343 3736 4414 γελᾷν

2134 4446 2227 4497 τὸν
2260 4444 2429 4515 ἄνδρα
2460 4440 2671 4502 τοῦτον,
2703 4439 2838 4511 ἐμοῦ
2882 4439 3019 4510 πρὸς
3062 4438 3121 4490 τὸ
3159 4438 3352 4489 τούτου
3398 4438 3734 4507 ἐπάγγελμα

2135 4536 2490 4597 πυνθάνεσθε,
2525 4534 2558 4603 ἢ
2595 4532 2981 4602 πυνθανομένῳ
3012 4548 3100 4602 μοι
3121 4531 3164 4561 ³⁸
3196 4533 3224 4584 ὁ
3254 4530 3572 4601 βουλόμενος
3595 4531 3737 4583 ἀπο-

2136 4631 2429 4703 κρινάσθω.
2446 4629 2556 4681 Καὶ
2575 4628 2648 4698 μὴ
2660 4626 2706 4657 ⁸ο
2726 4626 2802 4689 ὡς
2820 4624 3069 4693 ἀσελγεῖς
3089 4624 3250 4687 κύνες
3262 4623 3546 4685 ὑλάσσετε,
3559 4623 3733 4693 ψόφῳ

1773 4840 2010 4896 νΑῐὶΙίΕ
2054 4833 2456 4897 LECTIONES.

522 4974 568 5004 "
598 4973 778 5041 λόγοις
803 4972 1120 5040 transcripsi
1146 4989 1209 5026 ex
1240 4971 1284 5025 Ο
1313 5020 1330 5039 ,
1361 4971 1535 5040 quoSi
1566 4972 1879 5039 conjectura
1911 4973 2097 5037 ἁπλῶς
2149 4972 2243 5026 καὶ
2281 4967 2640 5041 ἀπανούργως
2667 4965 2939 5036 superﬂua
2963 4965 3243 5041 _redditur.
3273 4962 3359 5019 Cf.
3418 4962 3537 5041 Rga.
3585 4962 3720 5041 t._9.

450 5042 590 5098 Tum
612 5042 787 5097 πάντα
806 5042 1112 5096 όντινανοῦν
1137 5044 1199 5103 (Ι,
1228 5043 1405 5096 πάντα
1435 5042 1711 5096 ὁντιναοῦν
1758 5043 1815 5098 S.

1920 5046 1964 5114 ’ξ’
2005 5032 2316 5114 βοῦλόμενοι
2372 5032 2606 5114 conjecit
2655 5032 3008 5114 a‘m'anuensis
3038 5038 3286 5114 adnoram
3325 5034 3533 5114 comp;
3549 5032 3727 5114 cujus

450 5124 632 5195 textus
661 5113 1019 5195 βουλομένης,
1039 5122 1114 5195 ⁸ιιι
1141 5101 1204 5168 Ct
1249 5112 1447 5195 Ibidem
1474 5112 1610 5195 rcpr
1640 5113 1719 5195 τῷ
1752 5112 1795 5195 ρ
1835 5112 1974 5195 ⁹ιξιὲ
2003 5101 2436 5195 Ερἱιιηπρὸς
2466 5101 2526 5163 τό
2552 5108 2615 5162 C.
2639 5108 2704 5195 ‘3:
2769 5106 2848 5195 ita
2868 5106 2935 5195 ΛΟ
2979 5122 3063 5195 c.“
3089 5105 3339 5195 {Spumat
3369 5101 3539 5195 x‘q‘tlig
3564 5107 3724 5195 ,Δῆμέ

451 5186 644 5238 simio:
674 5186 821 5253 conj.

452 5254 492 5309 S
520 5264 741 5309 auctore
770 5251 811 5305 D
838 5296 852 5319 ,
888 5254 956 5306 τὰ
983 5254 1039 5307 δέ
1062 5254 1123 5307 C.
1202 5254 1247 5283 “
1280 5253 1355 5306 Ita
1397 5253 1434 5307 S
1480 5262 1703 5307 auctore
1753 5252 1792 5303 D
1813 5293 1826 5314 ,
1864 5252 2019 5313 εἰδώς
2049 5252 2089 5305 (1
2119 5292 2133 5315 ,
2166 5253 2316 5305 deest
2349 5251 2401 5303 in

898 5177 1144 5247 πκαὶῶς
1196 5184 1426 5237 accessit
1467 5177 1531 5237 ei
1560 5182 1603 5235 Ο
1640 5177 1703 5237 εί
1749 5181 1893 5251 Epit.
1924 5182 2126 5236 Deinde
2154 5177 2357 5234 ’πολλά
2381 5180 2488 5304 γάἅ
2525 5178 2652 5249 παρ’
2684 5177 2835 5247 ὑμῶν
2866 5180 2926 5230 Ο.

898 5254 956 5304 τὰ
983 5254 1039 5304 δέ
1062 5254 1123 5304 C.
1202 5254 1247 5283 “
1280 5253 1355 5304 Ita
1397 5253 1434 5304 S
1480 5262 1703 5304 auctore
1753 5252 1826 5304 υ.
1864 5252 2019 5304 εἰδώς
2049 5252 2089 5304 (1
2119 5292 2133 5304 .
2166 5253 2316 5304 deest
2349 5251 2401 5303 in
2506 5291 2519 5304 .
2552 5260 2607 5301 et
2645 5248 2851 5304 absque
2874 5247 2926 5301 d.‘

3020 5178 3063 5207 ³³
3095 5171 3210 5227 ἐστι
3244 5176 3305 5228 Ο.
3395 5175 3439 5205 ³³
3470 5171 3544 5226 Ita
3580 5171 3627 5223 Ο
3662 5184 3727 5226 et

2552 5241 2620 5301 et'
2645 5241 2851 5316 absque
2874 5247 3076 5301 damno
3103 5248 3293 5316 deesse
3330 5252 3525 5316 potest.
3562 5241 3669 5316 Ep.
3707 5262 3722 5294 ;

449 5341 503 5379 κ.
539 5343 634 5397 πρ,
667 5314 1090 5397 είὸὼςέκάστῳ.
1125 5324 1204 5397 Ad
1256 5338 1408 5397 oram
1457 5325 1578 5397 cod.
1706 5324 1846 5397 hac
1870 5324 2077 5397 scholia
2111 5314 2125 5373 :7
2168 5322 2347 5397 πάσας
2379 5320 2477 5382 τὰς
2523 5314 2785 5397 ἐσομένας
2831 5319 2937 5397 πρὸ
2968 5315 3270 5397 καταϐολῆς
3318 5314 3725 5397 κόσμουεξδὼς

451 5392 796 5481 προαιρέσεις
829 5397 857 5447 ὁ
886 5394 1016 5481 Eleo;
1044 5392 1265 5480 ἑκάστω
1307 5394 1443 5464 πρὸς
1468 5394 1528 5481 τδ
1580 5392 1752 5477 αὑτοῦ,
1783 5392 1927 5476 ἄξιον
1956 5392 2084 5444 λανΟ

2090 5382 2795 5467 ανόντέυςιπροαπηντησεν.
2928 5405 2993 5441 ex
3014 5459 3023 5467 _
3045 5382 3274 5467 adverso
3315 5405 3327 5439 :
3357 5382 3485 5446 Θεὶις
3512 5382 3726 5467 ἀπολέο-

449 5452 710 5537 γόύμενος
739 5452 1011 5537 ἐνλήμέρξί
1040 5466 1137 5536 τῆς
1170 5452 1403 5537 κρίσεως
1424 5452 1557 5537 πρὸς
1578 5465 1703 5526 τοὺς
1731 5452 2011 5537 ἀπίστους.
2088 5464 2142 5537 ἥδ-
2172 5461 2264 5513 τοῦ
2300 5452 2412 5537 βίου
2448 5452 2607 5537 vertit
2720 5460 2875 5537 quasi
2916 5458 3135 5537 perinde
3182 5466 3327 5511 esset
3359 5471 3421 5509 ac
3446 5453 3540 5506 τοῦ
3570 5452 3683 5537 gitti;
3704 5483 3722 5491 -

449 5526 564 5600 νος,
589 5526 1227 5603 δοηίοιιιίιί’ρόδίιιιιιίἰιεζ
1264 5535 1356 5588 sed
1401 5526 1518 5587 sine
1548 5534 1816 5603 exemplo,
1842 5535 1987 5601 quod
2016 5526 2449 5603 quidem_sciam.
2476 5528 2559 5583 Cl.
2637 5529 2681 5560 ³⁸
2712 5531 2760 5603 o_l
2790 5528 2830 5582 C
2861 5573 2873 5589 ,
2906 5526 3047 5596 quod
3195 5536 3339 5603 recte
3382 5526 3616 5603 mutavit
3656 5526 3718 5603 ῆι]

449 5595 620 5661 οἵξΆι
651 5623 755 5659 non
788 5595 1039 5659 omittere
1064 5595 1291 5658 debebat
1332 5605 1426 5657 καὶ
1448 5595 1733 5672 γελῶνταιζ
1766 5601 1823 5655 In
1858 5595 2181 5672 {nat-gfcod.
2216 5600 2260 5654 Ο
2307 5602 2409 5655 alia
2429 5614 2667 5672 ‘mantts
2693 5595 2971 5672 adnotavit
2989 5618 3027 5672 ’γε
3060 5599 3188 5672 oux“
3208 5595 3316 5649 εἰσὶ
3342 5595 3611 5672 ταῦταέν
3641 5595 3719 5672 τῇ

452 5677 613 5746 ἑτέρᾳ.
658 5677 885 5729 ἐκδόσει.

991 5677 1033 5707 ³⁷
1083 5674 1161 5729 Ita
1203 5674 1247 5728 Ο
1290 5684 1344 5729 et
1385 5668 1627 5727 nonnulli
1669 5674 1823 5727 codd.
1858 5668 2156 5739 .Epiiomes,
2184 5672 2380 5740 φθόνου
2417 5668 2479 5724 C.

2579 5671 2623 5700 ³⁸
2656 5668 2951 5740 ἐϐουλήθην
2978 5668 3020 5724 C
3148 5667 3189 5699 ³⁸
3228 5664 3651 5736 πυνθανομένων
3686 5667 3720 5717 ὁ

453 5738 769 5817 βουλόμενος
795 5747 860 5802 (ὲ.
934 5746 980 5779 ⁸³
1017 5746 1089 5816 μή
1125 5745 1435 5801 accessitex
1468 5742 1533 5801 0.
1560 5742 1697 5798 Τυιη
1737 5743 1994 5796 ὑλάκτετε
2024 5743 2064 5796 (ὲ
2095 5784 2109 5808 ,
2144 5738 2237 5813 qui
2274 5752 2325 5797 et
2356 5741 2581 5806 μύοντες
2617 5757 2668 5809 p.
2704 5738 2942 5809 βὺοντες.
