3868 6212
102 385 176 439 6?
978 394 981 397 λ
1242 386 1701 444 CLEMENTle
1728 419 1797 428 -η
1837 386 2122 443 HOMILIA
2154 389 2191 444 Ι.
3310 393 3379 445 70

96 503 333 572 ἀτάκτῳ
376 500 596 571 βύοντες
626 498 735 553 τῶν
768 499 1031 564 σῶζεσθαι
1070 499 1329 553 θελόντων
1376 501 1476 563 τὰς
1512 500 1703 563 ἀκοὰς,

1819 504 2051 555 tulantcs
2080 518 2243 556 canes
2284 501 2513 568 latretis,
2548 492 2910 573 incomposito
2939 505 3191 575 strepitu.
3226 524 3388 561 aures

95 599 285 649 ἄδικοι
313 598 410 649 καὶ
439 594 773 661 θεοστυγεῖς,
810 595 903 647 καὶ
942 594 1032 645 τὸν
1066 592 1307 657 σώζοντα
1330 593 1592 663 λογισμὸν
1627 594 1706 655 εἰς

94 689 369 741 ἀπιστίαν
397 684 853 757 ἀπασχολοῦντες.
897 687 1022 749 Πῶς
1050 686 1377 757 συγγνώμης
1406 690 1589 755 τυχεῖν
1620 687 1708 738 δυ-

94 782 363 851 νήσεσθε,
396 782 491 833 τὸν
529 780 628 851 τὴν
656 778 965 850 θειότητα⁸¹
999 779 1093 831 τοῦ
1131 778 1265 831 Θεοῦ
1303 778 1708 848 ἐπαγγελλόμε-

93 891 191 924 νον
236 873 370 944 ὑμῖν
413 875 588 925 εἰπεῖν
627 871 959 942 ὑϐρίζοντες,
1005 871 1299 924 καὶταῦτα
1328 871 1612 942 ἄνθρωπον
1649 871 1707 922 ὃν

95 965 277 1034 ἐχρῆν
303 1002 317 1025 ,
362 964 410 1015 εί
456 964 549 1016 καί
586 945 752 1033 μηδὲν
787 963 1121 1034 ἀληθεύοντα
1142 963 1209 1024 δ’,
1252 962 1341 1015 διὰ
1367 962 1465 1033 τὴν
1497 962 1706 1032 ἀγαθὴν

96 1055 277 1108 αὐτοῦ
314 1055 453 1126 πρὸς
480 1057 623 1127 ὑμᾶς
654 1056 1014 1122 ἀποδέξασθαι
1038 1054 1386 1127 προαίρεσιν;

172 1225 325 1276 XIII.
366 1222 553 1276 Ταῦτὰ
578 1240 681 1292 μου
708 1223 956 1289 λέγοντος
977 1222 1071 1275 καὶ
1092 1222 1162 1274 τὰ
1187 1222 1397 1285 τούτοις
1417 1221 1704 1285 ἀκόλουθα,

98 1316 284 1377 πολὺς
318 1314 427 1367 τῶν
462 1314 633 1384 ὄχλων
661 1314 870 1381 ἐγίνετο
904 1313 1150 1384 θρύλλος’
1178 1313 1272 1366 καὶ
1304 1314 1353 1365 οἱ
1393 1312 1491 1383 μὲν
1519 1313 1595 1375 ὡς
1614 1313 1707 1365 τὸν

97 1406 408 1478 Βαρνάϐαν
441 1405 717 1468 ἐλεοῦντες
747 1406 1049 1477 συνήραντό
1086 1422 1198 1475 μοι·
1234 1406 1282 1456 οί
1321 1404 1377 1455 δὲ
1408 1404 1601 1474 ἠλίθιοι
1622 1404 1709 1456 δν-

96 1517 198 1561 τες
234 1497 430 1561 δεινῶς
460 1500 579 1550 κατ’
610 1494 745 1567 ἐμοῦ
782 1496 1009 1568 ἔϐρυχον
1042 1496 1169 1558 τοὺς
1203 1494 1438 1557 ὀδόντας.
1480 1494 1632 1548 Ἐπεὶ
1652 1494 1709 1546 δὲ

98 1593 206 1663 ἤδη
246 1591 382 1643 ποτὲ
430 1590 641 1660 ἑσπέρα
673 1589 1011 1660 κατειλήφει,
1059 1588 1161 1659 τῆς
1193 1588 1376 1658 χειρὸς
1416 1586 1598 1641 λαϐὼν
1623 1588 1709 1640 τὸν

98 1683 428 1756 Βαρνάϐαν,
469 1682 542 1753 μὴ
571 1682 793 1735 θέλοντα
812 1681 942 1751 37,
967 1680 1057 1749 βίᾳ
1079 1682 1157 1742 εἰς
1176 1681 1277 1750 τὴν
1313 1681 1451 1751 ἐμὴν
1479 1675 1612 1750 ἦγον
1634 1681 1711 1731 οἱ-

96 1777 257 1835 κίαν,
295 1774 427 1827 ἔνθα
460 1775 554 1826 καὶ
587 1774 769 1843 μένειν
797 1773 959 1826 αὐτὸν
988 1771 1240 1843 ἐποίησα,
1278 1772 1363 1824 ἵνα
1392 1772 1465 1842 μή
1495 1789 1579 1833 τις
1610 1772 1708 1823 αὐ-

1811 592 2012 646 salvari
2060 594 2486 648 desiderantium
2528 595 2877 651 obstruentes
2926 596 3115 668 injusti
3166 614 3229 655 ac
3275 599 3388 655 Deo

1809 683 1986 749 exosi,
2028 694 2079 736 et
2109 684 2455 738 servatricem
2488 685 2873 753 cogitationem
2903 690 3275 742 avocantesad
3305 691 3390 742 in-

1809 774 2208 827 credulitatem.
2243 773 2361 839 Quo
2396 784 2553 843 pa’cto
2579 778 2790 829 veniam
2824 779 3082 846 consequi
3112 779 3387 846 poteritis,

1809 878 1934 917 eum
1959 864 2052 932 qui
2083 865 2236 919 vobis
2260 874 2509 919 naturam
2543 866 2632 919 Dei
2660 867 2861 921 referre
2886 870 3171 937 promittit.
3196 880 3393 925 contu-

1813 957 1968 1009 melia
1995 957 2325 1023 allicientes;
2356 958 2516 1025 idque
2543 960 2842 1026 hominem,
2863 977 3023 1030 quem
3050 950 3392 1032 oporttterat,

1809 1048 1910 1101 etsi
1943 1050 2075 1101 nihil
2100 1065 2226 1103 vere
2245 1050 2577 1118 loquentem,
2599 1061 2819 1121 propter
2845 1053 3043 1106 bonam
3073 1053 3246 1122 ipsius
3263 1071 3391 1125 erga

1813 1155 1907 1193 vos
1936 1142 2295 1207 voluntatem,
2328 1150 2479 1210 grate
2508 1144 2827 1212 suscipere?

1885 1232 2021 1288 Xlll.
2059 1235 2189 1299 Quae
2214 1253 2336 1290 cum
2366 1239 2627 1303 dicerem,
2651 1240 2865 1307 aliaque
2888 1239 2974 1294 his
3002 1250 3389 1308 consentanea,

1813 1326 2043 1378 multum
2102 1326 2153 1379 in
2203 1328 2357 1395 plebe
2402 1339 2581 1383 ortum
2626 1334 2711 1385 ρει
2758 1348 3058 1384 murmur:
3103 1342 3265 1401 atque
3298 1336 3389 1389 alii

1813 1418 2029 1486 quidem
2064 1426 2319 1486 tanquam
2353 1420 2657 1477 Barnabam
2692 1422 3012 1477 miserantes
3060 1425 3191 1477 mihi
3237 1425 3390 1479 fave-

1816 1509 1944 1562 bant
1974 1527 1987 1561 :
2022 1511 2109 1563 alii
2131 1525 2257 1563 vero
2274 1512 2367 1581 qui
2392 1524 2549 1566 erant
2573 1514 2777 1576 stolidi,
2802 1516 3039 1584 graviter
3065 1516 3118 1569 in
3153 1533 3237 1570 me
3261 1518 3391 1571 stri-

1813 1600 2014 1652 debant
2043 1601 2320 1656 dentibus.
2356 1604 2602 1672 Cumque
2627 1604 2739 1673 jam
2785 1620 3011 1673 vespera
3058 1607 3389 1670 advenisset,

1814 1690 2075 1745 Barnabae
2120 1710 2285 1746 manu
2328 1696 2695 1764 apprehensa,
2742 1712 2865 1751 eum
2923 1699 3192 1751 nolentem
3232 1699 3281 1751 vi
3325 1700 3393 1754 ad

1815 1798 1991 1835 meam
2021 1785 2148 1837 duxi
2178 1786 2435 1851 domum;
2471 1787 2561 1841 ubi
2605 1798 2656 1842 et
2682 1787 2786 1842 feci
2818 1804 3059 1853 manere,
3094 1807 3159 1843 ne
3186 1791 3310 1860 quis
3338 1792 3390 1845 ei

96 1868 181 1937 τῷ
218 1870 414 1938 χεῖρας
453 1865 706 1935 ἐπιϐάλῃ.
746 1866 856 1917 Καὶ
902 1864 1124 1935 ἡμερῶν
1171 1863 1369 1931 ὀλίγων
1401 1862 1705 1932 διατρίψας,

1819 1890 2009 1928 manus
2033 1876 2297 1945 injiceret.
2331 1877 2657 1949 Paucosque
2686 1881 2802 1934 dies
2828 1892 3219 1946 commoratus,
3248 1898 3391 1937 non-

97 1962 201 2021 καζι
232 1960 330 2012 τοῦ
358 1958 593 2029 ἀληθοῦς
624 1958 785 2027 λόγου
821 1957 1026 2028 βραχέα
1055 1957 1373 2027 κατηχήσας
1407 1973 1474 2027 με
1508 1955 1706 2023 ὀλίγον,

94 2052 245 2115 ὠς⁸³
279 2054 342 2104 ὲν
375 2051 584 2119 ὀλίγαις
615 2050 872 2121 ἡμέραις,
922 2049 1170 2101 σπεύδειν
1219 2049 1402 2117 ἔλεγεν
1452 2050 1532 2111 εἰς
1579 2049 1709 2101 Ἰου-

98 2144 263 2197 δαίαν
296 2144 401 2213 τῆς
433 2143 576 2196 κατὰ
605 2142 703 2212 τὴν
728 2141 1025 2213 θρησκείαν
1058 2141 1251 2211 ἑορτῆς
1283 2141 1466 2225 χάριν,
1500 2140 1594 2192 καὶ
1614 2140 1709 2193 τοῦ

98 2234 301 2289 λοιποῦ
338 2238 455 2297 τοῖς
486 2233 681 2288 ἑαυτοῦ
705 2232 987 2303 ὁμοεθνέσι
1022 2236 1256 2285 συνεῖναι
1283 2231 1471 2285 θέλων.

179 2327 333 2382 XIV.
367 2327 603 2398 Φανερδς
645 2327 690 2379 δ’
726 2323 794 2397 ἦν
829 2343 917 2396 μοι
950 2326 1358 2397 ἀποναρκήσας.
1409 2322 1571 2394 Ἐμοῦ
1605 2323 1712 2395 γὰρ

107 2421 388 2484 εἰπόντος·
419 2421 492 2472 Σύ
525 2437 615 2490 μοι
651 2419 812 2489 μόνον
845 2419 974 2482 τοὺς
1005 2418 1100 2471 τοῦ
1126 2419 1383 2488 φανέντος
1400 2417 1587 2489 ἀνδρὸς
1621 2416 1714 2480 οὒς

103 2514 360 2581 ἤκουσας
378 2515 426 2543 ⁸⁸
460 2511 675 2564 ὲκτίθου
709 2510 922 2579 λόγους,
968 2509 1124 2579 κάγὼ
1158 2510 1235 2580 τῷ
1273 2510 1391 2581 ἐμῷ
1432 2510 1713 2579 κοσμήσας

104 2604 259 2674 λόγῳ
281 2602 382 2655 τοῦ
416 2602 553 2656 Θεοῦ
585 2601 806 2673 κηρύξω
843 2602 940 2673 τὴν
970 2601 1242 2673 βούλησιν,
1288 2604 1380 2656 καὶ
1408 2598 1507 2655 εἷθ’
1541 2602 1713 2666 οὕτως

106 2697 261 2760 me;
297 2696 503 2765 ὀλίγων
528 2697 752 2767 ἡμερῶν
784 2697 1174 2767 συμπλεύσωδδ
1200 2715 1302 2750 σοι·
1335 2698 1455 2751 λίαν
1482 2699 1590 2771 γὰρ
1624 2717 1717 2752 πο-

108 2788 187 2841 θῶ
220 2789 320 2841 ἐπὶ
355 2789 449 2841 τὸν
476 2788 578 2858 τῆς
609 2788 870 2851 Ἰουδαίας
899 2788 1154 2857 γενέσθαι
1178 2791 1363 2843 τόπον·
1382 2791 1521 2861 τάχα
1542 2793 1598 2845 δὲ
1621 2794 1714 2845 καὶ

112 2884 425 2953 συνοικήσω
458 2883 587 2951 ύμῖν
614 2883 706 2935 τὸν
735 2883 912 2936 πάντα
950 2900 1051 2953 μου
1082 2884 1181 2954 τῆς
1204 2884 1347 2955 ζωῆς
1372 2884 1483 2954 βίον
1503 2886 1546 2917 ’⁵⁸
1563 2904 1576 2916 ·
1599 2889 1627 2938 ὁ
1658 2885 1713 2938 δὲ

106 2975 285 3028 ταῦτα
315 2975 562 3039 ἀκούσας
603 2976 959 3047 ἀπεκρίνατο·
1005 2977 1077 3028 Σὺ
1125 2978 1171 3029 εί
1200 2978 1297 3047 μὲν
1335 2979 1615 3050 ἱστορῆσαι
1646 2979 1714 3032 τὰ

110 3068 364 3140 ἡμέτερα
391 3070 491 3121 καὶ
532 3069 721 3139 μαθεῖν
774 3069 835 3121 τὸ
882 3069 1160 3141 συμφέρον
1210 3070 1404 3134 θέλεις,
1438 3072 1495 3137 ἐξ
1542 3071 1714 3141 αὐτῆς

1813 1968 1960 2020 nulla
2001 1985 2141 2021 vera:
2170 1971 2452 2040 religionis
2475 1974 2608 2026 mihi
2635 1974 2857 2028 tradidit
2889 1975 3216 2041 rudimenta,
3245 1977 3393 2045 quod

1811 2061 2002 2127 paucis
2031 2070 2151 2127 post
2178 2060 2371 2115 diebus
2399 2078 2694 2131 properare
2734 2080 2791 2118 se
2817 2064 3024 2118 diceret
3058 2066 3122 2118 ad
3146 2064 3392 2124 Judaeam

1812 2160 2029 2216 propter
2064 2149 2285 2215 festum,
2318 2153 2585 2224 velletque
2610 2156 2868 2225 deinceps
2907 2172 3031 2210 cum
3064 2159 3181 2213 suis
3214 2174 3392 2228 popu-

1812 2244 2019 2299 laribus
2047 2247 2261 2311 degere.

1885 2335 2023 2390 XIV.
2057 2337 2344 2393 Videbatur
2375 2350 2555 2394 autem
2590 2342 2722 2394 mihi
2754 2358 2874 2396 esse
2898 2344 3055 2412 plane
3085 2344 3389 2413 perculsus.

1812 2426 1948 2481 Cum
1975 2430 2118 2483 enim
2157 2446 2257 2497 ego
2288 2432 2524 2485 dicerem
2552 2449 2567 2486 :
2603 2431 2683 2485 Tu
2716 2433 2845 2486 mihi
2896 2443 3105 2487 tantum
3151 2435 3391 2494 hominis

1815 2522 1964 2575 illius
1995 2523 2085 2589 qui
2112 2524 2385 2591 apparuit,
2419 2540 2559 2593 quos
2591 2527 2813 2580 audiisti
2848 2540 3059 2594 expone
3086 2541 3391 2589 sermones,

1813 2624 1866 2667 et
1894 2630 1993 2683 ego
2024 2616 2268 2669 oratione
2300 2632 2419 2669 mea
2453 2617 2575 2672 illos
2619 2634 2911 2683 exornans,
2957 2617 3046 2671 Dei
3090 2618 3381 2673 consilium

1816 2708 2164 2775 praedicabo,
2238 2711 2427 2779 sicque
2494 2721 2683 2780 postea
2752 2728 2857 2766 una
2920 2714 3190 2783 navigabo
3251 2714 3393 2768 intra

1815 2816 2019 2869 paucos
2082 2802 2198 2855 dies
2252 2818 2264 2853 :
2311 2804 2602 2857 admodum
2662 2805 2806 2858 enim
2871 2807 3033 2874 cupio
3083 2809 3149 2859 ad
3195 2804 3395 2860 Judaaa:

1816 2891 2091 2958 regionem
2140 2892 2461 2959 pervenire:
2499 2910 2563 2947 ac
2595 2894 2735 2947 forte
2761 2896 3043 2950 vobiscum
3092 2912 3186 2965 per
3225 2905 3392 2950 totam

1814 2983 1979 3035 vitam
2016 2982 2295 3039 habitabo.
2350 2984 2443 3038 Ille
2486 2986 2569 3039 his
2622 2988 2822 3041 auditis
2865 2989 3183 3057 respondit:
3217 2987 3318 3053 Tu,
3346 2988 3394 3043 si

1817 3075 2034 3144 quidem
2058 3075 2243 3129 videre
2279 3086 2463 3130 nostra
2488 3115 2503 3139 ,
2532 3086 2585 3131 et
2624 3079 2769 3147 quod
2804 3080 3021 3147 expedit
3052 3080 3134 3135 vis
3157 3080 3391 3146 discere,

116 3178 205 3230 μοι
234 3160 611 3232 σύμπλευσον·
641 3163 691 3213 εί
722 3160 780 3213 δὲ
813 3160 887 3231 μὴ
929 3159 1132 3230 βούλει,
1170 3161 1240 3213 τὰ
1272 3161 1406 3215 ἄλλα
1424 3162 1466 3194 ’⁵⁷
1512 3165 1712 3233 σημεῖα

1820 3182 2031 3220 mecum
2060 3167 2243 3221 statim
2272 3168 2560 3238 navigato;
2595 3171 2639 3223 si
2674 3170 2838 3233 nolis,
2870 3170 3079 3239 reliqua
3113 3171 3267 3238 signa
3296 3172 3395 3225 do-

112 3253 214 3322 τῆς
257 3255 538 3327 οἰκήσεώς
582 3271 683 3323 μου
730 3254 822 3306 καὶ
868 3249 941 3306 ὧν
982 3253 1167 3317 θέλεις
1196 3253 1305 3322 ὲγὼ
1348 3272 1430 3306 σοι
1478 3256 1714 3326 σήμερον

114 3346 306 3418 ὲρῶδε,
344 3347 434 3399 ἵνα
467 3347 556 3399 ὅτε
593 3344 772 3415 βούλει
820 3343 988 3397 ὲλθὼν
1022 3345 1251 3416 ἐπιστῇς
1285 3348 1435 3416 ήμῖνο
1468 3345 1578 3414 ἐγὼ
1608 3346 1716 3417 γὰρ

112 3438 305 3511 αὔριον
340 3439 689 3510 πορεύσομαι
730 3437 822 3490 ἐπὶ
852 3436 923 3489 τὰ
951 3436 1211 3507 ἐμαυτοῦ.
1250 3439 1358 3490 Καὶ
1390 3438 1453 3509 δὴ
1504 3438 1713 3491 ἀδυσώ-

112 3546 290 3601 πητον
338 3529 465 3583 ἰδὼν
506 3528 765 3599 συνῆλθον
802 3528 951 3598 αὐτῷ
994 3528 1157 3599 μέχρι
1204 3527 1299 3581 τοῦ
1341 3529 1576 3600 λιμένος⁸
1622 3531 1716 3583 καὶ

116 3621 310 3692 μαθὼν
334 3624 468 3693 παρ’
496 3621 661 3675 αὑτοῦ
695 3621 837 3693 ἅπερ
866 3621 1020 3691 ἔλεγε
1050 3625 1249 3692 σημεῖα
1282 3621 1391 3675 τῶν
1427 3623 1713 3693 οἰκήσεων,

114 3713 254 3783 ἔφην
288 3713 464 3783 αύτῷ·
498 3709 561 3765 Ei
599 3714 673 3784 μὴ
706 3713 786 3765 ὅτι
830 3712 1017 3785 αθριόν
1045 3732 1097 3767 τι
1127 3713 1343 3766 ἀπαιτῶ
1372 3714 1715 3784 ὀφειλόμενόν

120 3823 234 3874 μοι,
270 3804 333 3872 ἐξ
368 3805 539 3874 αὐτῆς
565 3806 629 3860 ἄν
664 3823 743 3858 σοι
779 3806 1091 3860 συνέπλεονο
1127 3807 1269 3886 aliqva
1307 3806 1491 3887 τάχιον
1524 3824 1582 3859 σε
1616 3825 1715 3859 κα-

114 3898 451 3969 ταλήψομαι.
489 3892 599 3951 Καὶ
622 3897 794 3951 ταῦτα
822 3898 1012 3963 εἰπὼν,
1042 3900 1134 3953 καὶ
1156 3901 1200 3932 δ’
1235 3902 1610 3973 παραθέμενος
1630 3904 1718 3955 αὑ-

114 3990 211 4041 τὸν
244 3993 361 4051 τοῖς
385 3988 480 4041 τοῦ
502 3989 688 4041 πλοίου
720 3991 1045 4061 ἡγουμένοις
1070 3992 1410 4064 ὑπέστρεφον
1443 3994 1611 4047 λυπού
1620 4013 1718 4066 με-

115 4098 229 4145 νος,
258 4081 615 4151 μεμνημένος
641 4081 735 4134 τοῦ
769 4082 932 4135 καλοῦ
966 4084 1059 4136 καὶ
1090 4085 1351 4155 συνήθους
1380 4085 1553 4153 φίλου.

192 4173 308 4243 38
340 4172 460 4226 XV.
508 4173 761 4245 Ἠμερῶν
794 4174 849 4227 δὲ
875 4175 1181 4246 διατρίψας,
1221 4179 1315 4230 καὶ
1336 4177 1397 4230 τὸ
1428 4176 1588 4249 χρέος
1618 4180 1716 4250 οὐχ

114 4263 239 4316 ὅλον
273 4264 465 4317 λαϐεῖν
483 4264 751 4336 δυνηθεὶς,
777 4266 975 4335 τάχους
1004 4267 1166 4355 ἕνεκα
1194 4268 1473 4340 ἀμελήσας
1495 4270 1590 4323 τοῦ
1620 4289 1717 4324 πε-

123 4355 516 4425 ριλειφθέντος,
550 4356 627 4419 ὡς
656 4357 911 4427 ἐμποδίου
944 4358 1115 4422 ὄντος,
1159 4362 1251 4413 καὶ
1282 4361 1442 4423 αὐτὸς
1467 4363 1549 4425 είς
1586 4363 1715 4415 Ἰου-

124 4445 283 4500 δαίαν
327 4447 666 4511 ἀπέπλευσα,
702 4450 794 4501 καὶ
824 4449 1179 4503 δεκαπέντε⁵⁶
1214 4452 1433 4523 ἡμερῶν
1466 4455 1544 4516 είς
1581 4456 1716 4507 Και-

1820 3257 2010 3311 micilii
2042 3258 2148 3312 mei
2179 3266 2233 3311 et
2261 3273 2497 3327 quorum
2526 3260 2761 3313 volueris
2790 3260 2887 3313 tibi
2921 3260 3079 3315 hodie
3110 3262 3310 3329 dicam,
3336 3270 3396 3318 ut

1817 3352 2034 3420 quando
2063 3352 2303 3407 volueris
2343 3354 2547 3419 venire,
2582 3354 2739 3408 nobis
2766 3370 3027 3411 occurras
3066 3374 3079 3410 :
3121 3373 3221 3427 ego
3247 3360 3394 3413 enim

1816 3457 1939 3495 cras
1970 3440 2035 3495 ad
2064 3455 2183 3494 mea
2215 3456 2301 3494 me
2319 3442 2601 3511 recipiam.
2635 3440 2837 3498 Videas
2869 3444 3053 3513 itaque
3084 3445 3396 3499 inexci-ahi-

1817 3532 1923 3587 lem
1972 3547 2127 3597 esse,
2162 3532 2453 3587 comitatus
2498 3548 2617 3587 sum
2660 3549 2783 3587 eum
2840 3550 3011 3604 usque.
3039 3536 3106 3587 ad
3139 3545 3393 3603 portum;

1819 3623 2164 3691 acceptisque
2188 3623 2255 3675 ab
2280 3638 2345 3677 eo
2376 3625 2547 3691 signis
2578 3640 2700 3692 qua:
2727 3624 2940 3678 dixerat
2965 3625 3394 3693 domiciliorum,

1817 3714 1929 3767 dixi
1963 3715 2038 3767 illi
2069 3730 2081 3765 :
2113 3713 2227 3769 Nisi
2257 3730 2381 3769 cras
2411 3715 2611 3785 aliquid
2647 3716 2791 3785 quod
2822 3717 2953 3770 mihi
2980 3717 3210 3771 debetur
3237 3734 3393 3786 rvpe-

1820 3806 2019 3858 titurus
2047 3820 2247 3868 essem,
2286 3806 2514 3875 jamjam
2560 3816 2738 3861 tecum
2783 3810 3133 3877 navigarem;
3167 3811 3275 3863 cito
3313 3819 3395 3862 ta—

1818 3912 1941 3949 men
1976 3906 2026 3949 te
2050 3911 2332 3964 assequar.
2371 3896 2455 3959 Et,
2490 3898 2573 3950 bis
2600 3898 2781 3963 dictis,
2807 3900 3299 3969 commendatoque
3326 3914 3393 3951 eo

1818 3992 1972 4046 navis
1998 3993 2343 4057 ductoribus,
2372 4008 2625 4047 reversus
2654 4010 2775 4048 sum
2804 3994 2999 4061 tristis,
3025 4010 3235 4048 memor
3262 3994 3394 4049 boni

1817 4093 1870 4138 et
1904 4085 2192 4139 concordis
2216 4084 2397 4139 amici.

1885 4176 2001 4231 XV.
2035 4178 2259 4247 Aliquot
2281 4189 2460 4231 autem
2487 4178 2603 4231 dies
2628 4186 2871 4232 moratus
2892 4218 2906 4243 ,
2940 4194 3003 4231 ac
3042 4186 3211 4231 totum
3242 4177 3395 4232 debi-

1818 4277 1933 4321 tum
1959 4270 2201 4338 recipere
2229 4284 2337 4322 non
2370 4269 2581 4332 valens,
2608 4280 2829 4338 prepter
2870 4270 3273 4324 fesniuatiouem
3307 4286 3393 4324 re-

1818 4359 1969 4429 liquo
1997 4362 2262 4431 neglecto,
2297 4363 2442 4431 quod
2476 4362 2866 4431 impedimento
2895 4373 3060 4429 esset,
3109 4363 3224 4432 ipse
3254 4380 3393 4433 quo-

1818 4467 1924 4521 que
1956 4453 2009 4506 in
2042 4451 2286 4506 Iudaeam
2312 4453 2617 4523 enavigavi,
2645 4461 2697 4506 et
2727 4453 3134 4522 quintodecimo
3158 4454 3244 4508 die
3274 4455 3393 4508 Cre-

122 4538 354 4610 σάρειαν
399 4541 716 4611 κατήντησα
768 4542 866 4613 τὴν
906 4542 1242 4615 Στράτωνος.
1283 4544 1601 4608 Ἐπιϐάντος
1655 4545 1713 4598 δέ

1820 4562 2031 4600 saream
2083 4546 2356 4601 Stratonis
2397 4548 2613 4602 adveni.
2653 4550 2901 4617 Cumque
2944 4557 3143 4602 terram
3184 4550 3392 4619 tetigis-

125 4650 227 4703 μου
262 4632 366 4703 τῆς
394 4633 499 4702 γῆς
528 4633 622 4685 καὶ
659 4632 835 4698 ξενίαν
881 4634 1218 4706 θηρωμένου,
1249 4636 1450 4708 ἔμαθον
1483 4639 1562 4691 ὅτι
1604 4638 1711 4691 Πέ-

120 4743 249 4797 τρος
284 4742 373 4788 τις
401 4724 714 4795 λεγόμενος,
744 4724 838 4777 τοῦ
869 4726 926 4778 ὲν
969 4727 1196 4797 Ἰουδαίᾳ
1230 4728 1575 4797 είσφανέντος
1615 4730 1711 4781 ἀν-

122 4820 247 4892 δρὸς
273 4819 372 4872 τοῦ
398 4820 599 4891 σημεῖα
625 4821 717 4872 καὶ
743 4820 944 4891 τέρατα
970 4819 1331 4889 πεποιηκότος
1352 4822 1380 4873 ὁ
1406 4819 1711 4891 δοκιμώτα-

123 4931 214 4977 τος
242 4913 511 4985 ὑπάρχων
546 4912 812 4983 μαθητὴς,
839 4910 1026 4985 αὔριον
1054 4912 1354 4983 Σίμωνιτῷ
1374 4914 1481 4965 ἀπὸ
1509 4913 1713 4966 Γιτθῶν

128 5006 375 5079 Σαμαρεῖ
428 5003 655 5075 ζήτησιν
718 5007 951 5057 ποιεῖται
1000 5004 1194 5073 λόγων.
1240 5004 1379 5073 Ἐγὼ
1432 5006 1490 5059 δὲ
1542 5005 1715 5059 ταῦτα

130 5098 366 5162 ἀκούσας
397 5097 625 5170 ἐδεήθην
672 5097 772 5167 τὴν
815 5095 1007 5148 τούτου
1043 5113 1133 5166 μοι
1181 5097 1481 5168 μηνυθῆναι
1525 5098 1710 5168 μονήνο

128 5192 219 5243 καί
243 5189 401 5261 ὁμῶς
428 5188 631 5259 ἔμαθον
663 5188 757 5241 καὶ
785 5187 863 5259 τῷ
898 5187 1101 5240 πυλῶνι
1140 5188 1394 5256 ἐπέστην.
1428 5187 1714 5257 Θεασάμε-

128 5298 207 5337 vos
225 5283 284 5336 δὲ
316 5283 367 5335 οἱ
406 5284 465 5334 ἐν
486 5280 565 5351 τῷ
587 5281 720 5351 οἴκῳ
748 5277 1038 5332 ἀντέϐαλον
1056 5279 1099 5309 ⁸⁸
1123 5278 1207 5343 τίς
1228 5296 1287 5331 τε
1312 5278 1388 5331 ὢν
1421 5278 1517 5332 καὶ
1546 5278 1711 5331 πόθεν

1818 4654 1955 4703 sem,
1994 4647 2047 4692 et
2088 4638 2384 4706 hospitium
2440 4640 2842 4708 investigarem,
2884 4640 3065 4708 accepi
3098 4642 3390 4709 quemdam

1818 4728 2039 4781 nomine
2064 4727 2308 4794 Petrum,
2338 4729 2437 4782 viri
2464 4730 2610 4783 illius
2634 4729 2726 4799 qui
2767 4730 2819 4782 in
2851 4728 3035 4783 Iudaea
3067 4740 3391 4799 conspectus

1816 4827 1920 4884 est,
1948 4821 2151 4889 quique
2184 4821 2339 4890 signa
2380 4830 2433 4874 et
2470 4821 2713 4892 prodigia
2749 4821 2895 4887 fecit,
2945 4821 3390 4891 probatissimum

1818 4911 2170 4980 discipulum,
2195 4913 2438 4965 crastino
2456 4912 2543 4966 die
2568 4929 2692 4967 cum
2732 4913 2954 4967 Simone
2981 4928 3045 4966 ex
3071 4911 3271 4967 Gitthis
3294 4911 3393 4966 Sa-

1820 5002 2097 5057 maritano
2118 5017 2240 5056 esse
2262 5002 2687 5071 disputaturum.
2713 5000 2922 5068 Quibus
2953 5002 3180 5069 auditis,
3202 5003 3391 5072 rogavi
3482 5046 3487 5047 κ

1820 5097 1968 5151 illius
1994 5095 2331 5149 mansionem
2361 5095 2494 5148 mihi
2522 5094 2748 5148 indicari
2779 5112 2792 5147 :
2823 5102 2876 5148 et
2920 5094 3083 5147 simul
3120 5102 3283 5163 atque
3310 5094 3393 5147 di«

1820 5188 1949 5253 dici,
1982 5196 2179 5257 praasto
2210 5184 2286 5240 l‘ui
2318 5186 2385 5240 ad
2418 5184 2584 5240 fores.
2622 5184 2692 5238 At
2722 5185 2799 5238 illi
2830 5185 2885 5238 in
2925 5185 3111 5251 domo,
3142 5200 3263 5239 cum
3306 5199 3391 5237 me

1818 5278 2102 5342 viderent,
2138 5276 2277 5331 inter
2305 5291 2365 5330 se
2392 5275 2779 5341 conferebant,
2806 5276 3058 5346 quisnam
3098 5293 3297 5341 essem,
3328 5292 3391 5332 ac

1450 5390 1679 5445 VARIAZ
1721 5388 2123 5444 LECTIONES.

195 5486 241 5518 “
282 5485 515 5555 θεότητα
542 5483 603 5539 C.

128 5552 354 5625 illegius
380 5548 515 5625 διιι,
552 5555 693 5624 quod
746 5548 980 5625 praestat.
1048 5548 1101 5584 ’⁸⁸
1300 5552 1399 5625 οῦς
1431 5548 1669 5625 ἤκουσας
1716 5552 1922 5625 (ηιμ-Ο.
1966 5550 2108 5625 idem
2145 5549 2287 5625 κατὰ
2318 5565 2367 5625 p_.
2393 5548 2565 5625 κάγῴ.

679 5487 723 5516 δ’
750 5484 946 5553 ἀληθὲς
973 5483 1200 5553 λέγοντα
1228 5481 1290 5536 0.
1314 5483 1666 5553 subsequens
1695 5482 1785 5535 διά
1807 5481 2015 5553 addidit
2038 5482 2097 5544 S,
2124 5489 2346 5553 auctore
2378 5478 2597 5553 Ruﬁno,
2644 5478 2765 5533 Rec.
2811 5496 2847 5543 ι,
2873 5481 2925 5553 θ.
2975 5479 3046 5553 ,⁸³
3076 5480 3197 5531 ὅσον
3230 5477 3389 5553 Liber

2665 5552 2709 5580 "
2743 5549 3148 5630 συμπλεύσοισι,
3182 5551 3387 5630 omisso

133 5616 305 5679 cui).
384 5625 435 5655 “
462 5616 587 5692 Legi
617 5616 804 5695 χρόνον
834 5642 896 5677 ex
928 5623 1066 5695 Epit.
1092 5638 1140 5677 c.
1186 5624 1273 5695 15.
1300 5622 1421 5677 Vid.
1454 5616 1608 5695 Horn.
1646 5638 1705 5685 ιι,
1738 5623 1806 5675 28
1977 5621 2172 5695 "ﬁngi
2208 5637 2270 5688 γε
2300 5616 2488 5695 β(
2540 5619 2599 5695 ‘1
2616 5616 2835 5695 γνωριῷ
2958 5627 3016 5695 et
3056 5616 3153 5695 βρ,
3201 5616 3262 5695 fr
3294 5616 3387 5669 καί

132 5697 333 5767 excidit
383 5709 473 5767 ap.
504 5686 585 5767 Cl.
617 5686 890 5767 eis}?
918 5686 1005 5746 ’ὀιᾶ
1054 5694 1350 5767 δεκαπέντε
1383 5693 1595 5767 conj._C
1626 5733 1641 5758 ,
1672 5701 1730 5745 ut
1752 5693 1918 5767 est-in
1950 5691 2087 5767 cod.‘
2128 5686 2264 5767 βεδε.
2303 5690 2504 5767 βρίζει
2550 5686 2697 5767 ppu.
2731 5686 3019 5767 cal-ign“
3053 5686 3386 5767 θεασαμενον

131 5764 187 5835 δὲ
233 5766 283 5818 οἱ
313 5767 370 5835 ἐν
401 5755 481 5835 ἑῷ
506 5764 640 5835 οἴκῳ
674 5764 963 5835 ἀντέϐαλον
996 5768 1036 5816 υ
1058 5804 1073 5829 ,
1092 5762 1425 5835 ἀντέϐαλλον
1453 5755 1636 5835 Areliq.
1668 5762 1887 5835 omissis
1941 5760 2006 5827 C,
2041 5762 2089 5815 οἱ
2123 5759 2167 5814 δ’
2198 5755 2517 5815 ἆντέϐαλλον
2549 5755 2678 5815 δἐι
2708 5758 2828 5815 cod.
2866 5756 2992 5825 804,
3024 5757 3117 5827 qui
3160 5757 3308 5814 addit
3333 5755 3385 5809 οι

135 5816 176 5887 δ’
206 5816 371 5907 ιξτῴ
400 5816 647 5907 οέιιιιιξίῖι
676 5816 817 5902 Epit.
846 5816 899 5889 ι).
932 5835 995 5888 14
1034 5816 1409 5904 ε’θεασάμενοι
1445 5816 1679 5889 δὲοίῖν
1706 5830 1785 5904 τῷ
1817 5831 1968 5903 οἴκῳ.
