3868 6212
477 348 541 402 7’
1382 346 1440 401 8.
1482 341 1874 400 CLEMENTIS
1913 339 2124 395 IROM.
2165 339 2365 395 ΡΟΧΤ.
2411 338 2641 393 OPERA
2676 339 2904 397 DUBIA.
3712 346 3792 403 τε

480 471 629 525 unde
655 474 922 527 venirem.
973 472 1040 529 Et
1083 490 1211 530 ecce
1254 474 1534 529 Barnabas
1564 488 1841 545 egressus,
1878 469 2055 525 statim

2183 467 2309 536 ἥκω.
2350 464 2461 517 Καὶ⁸
2505 464 2612 517 ίδοὺ
2654 464 2942 536 Βαρνάϐας
2981 464 3148 528 ἐκϐὰς
3179 464 3295 536 ἃμα
3336 466 3414 538 τῷ
3455 466 3584 522 ἰδεῖν
3605 468 3651 501 ⁵⁸
3683 488 3795 527 περ

480 572 545 619 ut
562 564 713 631 vidit,
756 566 1078 635 complexus
1110 578 1195 622 est
1222 582 1330 630 me,
1370 567 1601 620 multum
1630 562 1875 634 gaudens
1898 562 2066 616 aela-

479 667 771 725 erymans;
800 658 1253 727 apprehensaque
1290 672 1455 709 manu
1505 669 1647 719 mea,
1682 652 1983 707 introduxit
2012 652 2065 705 in

479 747 662 802 locum
698 750 787 803 ubi
822 761 939 805 erat
967 751 1183 811 Petrus.
1216 751 1466 819 dixitque
1501 747 1673 801 mihi:
1714 746 1814 801 Ilic
1851 755 1937 801 est
1966 745 2066 798 Pe-

480 846 619 906 trus,
647 856 809 909 quem
831 842 1131 895 maximum
1155 842 1207 894 in
1236 841 1328 894 Dei
1358 840 1623 907 sapientia
1649 839 1743 892 tibi
1775 837 2067 891 denuntia-

478 931 629 998 bam,
654 933 741 987 cui
772 933 996 988 assiduo
1029 934 1094 987 de
1131 944 1180 987 te
1210 934 1493 1003 loquebar.
1518 930 1672 985 Ultro
1696 930 1862 1002 igitur
1884 930 2065 995 ingre-

479 1023 635 1086 dere;
676 1023 934 1093 quoniam
960 1040 1081 1093 quae
1108 1024 1159 1077 in
1186 1032 1240 1078 te
1271 1025 1412 1077 bona
1456 1031 1604 1086 sunt,
1631 1038 1757 1076 vere
1797 1021 1872 1074 illi
1904 1036 2065 1074 enar-

476 1114 617 1181 ravi,
654 1116 929 1185 simulque
960 1114 1314 1170 manifestum
1358 1114 1459 1167 feci
1494 1115 1835 1183 propositum
1876 1121 2061 1175 tuum,

478 1205 551 1258 ita
584 1214 643 1258 ut
680 1206 793 1275 ipse
823 1205 986 1259 etiam
1032 1218 1082 1259 te
1115 1206 1298 1259 videre
1341 1214 1516 1259 aveat.
1562 1204 1815 1274 Magnum
1850 1219 1979 1273 ergo
2013 1203 2061 1256 ei

475 1313 678 1353 munus
720 1308 769 1352 te
792 1299 1046 1353 manibus
1072 1302 1208 1353 meis
1236 1300 1424 1353 offero.
1467 1297 1623 1364 Quod
1658 1312 1782 1351 eum
1811 1296 2060 1361 dixisset,

476 1391 662 1446 oblato
693 1406 800 1455 me,
829 1392 907 1444 ait
940 1406 952 1442 :
989 1389 1087 1444 Ilie
1120 1401 1201 1445 est
1226 1390 1501 1455 Clemens,
1524 1389 1701 1443 Petre.

542 1480 685 1536 XVI.
723 1483 791 1536 At
834 1482 1012 1536 bonus
1052 1481 1268 1547 Petrus,
1307 1482 1472 1535 simul
1502 1498 1565 1536 ac
1602 1496 1799 1535 nomen
1832 1481 2057 1547 audivit,

473 1574 707 1643 prosiliit
735 1584 789 1628 et
818 1568 1099 1628 osculaius
1124 1584 1241 1636 est.
1288 1590 1353 1629 ac
1388 1574 1579 1629 sedere
1615 1590 1700 1627 me
1743 1572 1904 1639 fecit,
1949 1584 2057 1628 sta-

476 1667 683 1735 timque
710 1667 877 1721 dixit:
909 1665 1076 1721 Recte
1105 1666 1305 1730 fecisti.
1327 1683 1632 1737 praaconem
1650 1668 1897 1721 veritatis
1927 1665 2062 1721 Bar-

473 1760 672 1813 nabam
707 1760 977 1829 hospitem
1010 1759 1333 1828 excipiendo
1360 1802 1374 1824 ,
1407 1774 1608 1826 magno
1646 1760 1831 1812 animo
1860 1759 1913 1811 in
1948 1760 2058 1813 veri

2175 558 2445 630 ριεπλάκη
2486 576 2595 628 μοι,
2619 556 2755 610 πολὺ
2779 558 2984 630 χαίρων
3007 560 3099 611 καὶ
3116 558 3386 630 δακρύων·
3417 562 3511 614 καὶ
3531 562 3791 636 λαϐόμε-

2172 652 2260 713 νός
2300 669 2401 721 μου
2436 650 2534 719 τῆς
2563 650 2746 719 χειρὸς
2777 650 3059 722 εἰσέφερεν
3101 650 3228 703 ἔνθα
3262 647 3330 722 ῆν
3360 654 3389 706 ὁ
3425 654 3653 726 Πέτρος,
3690 658 3789 711 λέ-

2170 760 2281 811 γων
2315 754 2421 813 μοι·
2461 739 2629 806 Οὗτός
2655 744 2770 795 ἐστι
2804 744 3029 815 Πέτρος,
3058 743 3117 797 ὃν
3149 745 3404 815 μέγιστον
3444 748 3538 800 ἐπὶ
3575 752 3645 820 τῇ
3682 752 3788 805 τοῦ

2168 834 2303 887 Θεοῦ
2344 834 2506 905 σοφίᾳ.
2538 835 2955 906 ἐπηγγειλάμην
2969 836 3014 867 ⁵³
3040 853 3140 901 σοι,
3178 832 3223 905 ᾧ
3252 837 3548 903 ἀπαύστως
3582 858 3643 893 σε
3677 845 3785 894 ἁν-

2167 926 2440 979 τέϐαλλον.
2481 927 2567 990 Ὠς
2594 927 2753 979 εἴσιθι
2789 929 2851 980 ἐκ
2889 928 3230 999 ταυτομάτου
3252 972 3266 995 ,
3299 931 3381 983 ὅτι
3419 931 3490 984 τά
3532 932 3682 985 κατά
3718 934 3783 986 σὲ

2168 1019 2309 1072 καλά
2324 1019 2455 1072 ὄντα
2485 1019 2735 1089 aegaeo;
2759 1021 3085 1075 ἀντέϐαλλον
3102 1023 3168 1085 ⁸⁸,
3200 1022 3315 1093 ἅμα
3335 1024 3429 1076 καὶ
3449 1024 3547 1095 τὴν
3570 1027 3783 1097 προαί-

2171 1128 2319 1181 ρεσιν
2351 1110 2589 1183 ἐξέφηνα
2609 1112 2653 1142 ⁸⁸
2677 1151 2692 1175 ,
2729 1113 2805 1175 ὡς
2845 1115 3009 1167 αὑτὸν
3042 1113 3324 1184 γλίχεσθαι
3374 1117 3467 1169 καὶ
3520 1116 3652 1170 ἰδεῖν
3691 1137 3778 1172 σε.

2166 1205 2327 1272 Μέγα
2348 1200 2443 1257 οὖν
2478 1204 2629 1275 αὐτῷ
2647 1205 2821 1276 δῶρόν
2847 1223 2907 1258 σε
2931 1206 3019 1259 διὰ
3040 1208 3145 1259 τῶν
3163 1207 3312 1277 ἐμῶν
3336 1209 3634 1279 προσφέρω
3654 1228 3781 1280 χει-

2170 1295 2296 1365 ρῶν.
2335 1296 2445 1349 Καὶ
2472 1295 2630 1348 τοῦτο
2659 1296 2852 1361 εἰπὼν,
2884 1300 3261 1370 προσενέγκας
3297 1299 3422 1372 ἔφη·
3458 1298 3632 1365 Οὗτός
3653 1306 3782 1357 ἐστι

2169 1387 2426 1459 Κλήμης,
2464 1388 2661 1459 Πέτρε.

2234 1481 2344 1552 39
2361 1480 2500 1536 XVI.
2518 1482 2574 1535 '0
2589 1482 2645 1534 δὲ
2664 1482 2888 1550 ἀγαθὸς,
2903 1500 3119 1554 προσπη
3125 1484 3289 1555 δήσας
3310 1484 3425 1555 ἅμα
3445 1486 3521 1557 τῷ
3534 1487 3782 1543 ἀκούσαι

2162 1572 2224 1625 τὸ
2245 1573 2435 1646 ὄνομα,
2456 1574 2838 1645 κατεφίλησεν,
2862 1578 2955 1628 καὶ
2970 1576 3356 1646 ἐγκαθιστῆναί
3374 1579 3419 1608 ⁸⁸
3445 1598 3509 1649 με
3532 1583 3781 1652 ποιήσας

2163 1665 2395 1738 ἐξαυτῆς
2426 1666 2551 1739 ἔφη·
2612 1668 2808 1731 Καλῶς
2841 1669 3103 1739 ἐποίησας
3127 1670 3217 1721 τὸν
3248 1672 3347 1740 τῆς
3375 1672 3602 1742 ἀληθεία
3666 1677 3779 1745 κή-

2171 1775 2311 1828 ρυκα
2339 1757 2551 1823 ξενίσας
2575 1759 2881 1831 Βαρνάϐαν,
2918 1762 2999 1824 εἰς
3030 1761 3193 1832 τιμὴν
3217 1762 3311 1814 τοῦ
3341 1763 3507 1827 ὅντως
3529 1766 3571 1795 ⁵⁷
3604 1766 3775 1829 Θεοῦ,

473 1849 569 1904 Dei
606 1852 869 1905 honorem
896 1892 910 1915 ,
950 1850 1193 1905 furorem
1242 1850 1507 1920 imperita:
1547 1850 1914 1905 multitudinis
1950 1866 2055 1903 non

2183 1850 2585 1922 ιεγαλοφρόνως
2608 1894 2622 1917 ,
2665 1854 2767 1905 οὐκ
2799 1852 3064 1916 αἰδεσθεὶς
3086 1896 3100 1917 ,
3131 1854 3191 1906 οὑ
3227 1854 3478 1926 φοϐηθεὶς
3524 1857 3617 1909 τὸν
3658 1860 3779 1909 τῶν

469 1945 698 1999 veritus.
734 1943 934 1999 Beatus
969 1946 1099 1999 eris.
1134 1944 1610 2010 Quemadmodum
1642 1946 1788 1999 enim
1822 1953 1876 1998 tu
1909 1945 2057 1998 veri-

474 2036 605 2092 tatis
679 2037 915 2107 legatum
947 2038 1018 2091 ita
1051 2053 1174 2092 cum
1204 2038 1350 2092 omni
1386 2038 1595 2091 honore
1624 2037 1887 2106 excepisti
1930 2036 2060 2090 hos-

472 2131 629 2200 pitio,
665 2130 781 2201 ipsa
826 2146 1047 2201 quoque
1088 2141 1140 2186 te
1181 2132 1385 2186 veritas
1425 2132 1717 2201 hospitem,
1754 2145 1869 2183 suae.
1907 2131 2057 2185 urbis

472 2224 646 2277 civem
692 2224 991 2278 constituet
1041 2242 1053 2278 :
1102 2232 1343 2294 tuncque
1387 2240 1717 2295 magnopere
1761 2223 2055 2288 hetaberis,

472 2318 599 2386 quia
646 2332 793 2371 nunc
835 2332 1060 2386 parvam
1112 2316 1411 2372 fmneratus
1454 2318 1685 2387 gratiam
1715 2358 1729 2381 ,
1784 2317 2056 2370 bonorum

472 2412 594 2463 dico
636 2425 950 2464 sermonum
992 2411 1326 2465 voluntatem
1353 2452 1367 2474 ,
1396 2411 1667 2464 bonorum
1701 2419 2054 2474 teternorum,

472 2517 701 2571 qumque
729 2500 932 2555 auferri
970 2510 1269 2571 nequeunt,
1300 2502 1475 2555 haeres
1497 2501 1771 2557 ellicieris.
1794 2501 1903 2556 Nec
1926 2518 2057 2556 vero

472 2593 715 2648 laborem
752 2594 953 2648 subeas
982 2594 1250 2648 referendi
1284 2594 1419 2646 mihi
1459 2609 1641 2648 mores
1677 2602 1803 2648 tuos
1836 2613 1847 2648 :
1883 2593 2058 2664 siqui-

470 2690 592 2740 dem
614 2687 802 2741 omnia
835 2695 926 2740 tua
955 2687 1113 2740 nobis
1140 2685 1451 2749 edisseruit,
1479 2686 1573 2755 qui
1605 2686 1825 2739 mentiri
1858 2686 2055 2753 nescit,

470 2779 772 2845 Barnabas,
810 2780 922 2835 fere
963 2780 1205 2849 quotidie
1234 2781 1434 2833 bonam
1479 2779 1559 2833 tui
1602 2779 1935 2833 mentionem
1976 2779 2057 2834 fa-

468 2877 643 2930 ciens.
676 2872 856 2944 thue
894 2873 1013 2939 tibi,
1046 2882 1306 2943 tanquam
1346 2872 1564 2927 sincero
1596 2872 1797 2936 amico,
1828 2873 1877 2925 id
1907 2873 2052 2941 quod

470 2983 560 3023 res
586 2976 691 3032 est,
718 2967 958 3021 breviter
988 2966 1165 3019 dicam
1204 2983 1216 3019 :
1270 2964 1373 3019 nisi
1425 2964 1521 3019 tibi
1573 2965 1779 3035 aliquid
1824 2965 2056 3033 impedi-

469 3075 653 3119 mento
685 3071 766 3116 est
790 3104 803 3124 .
838 3062 939 3115 iter
971 3059 1256 3113 nobiscum
1292 3058 1428 3112 habe
1450 3098 1465 3123 ,
1496 3073 1562 3112 ac
1597 3059 1811 3127 percipe
1843 3072 2054 3111 seruio-

475 3174 567 3213 nes
595 3156 863 3220 veritatis,
889 3168 1029 3222 quos
1057 3168 1154 3221 per
1184 3150 1431 3221 singulas
1462 3151 1732 3216 civitates,
1761 3152 1933 3219 ipsam
1962 3166 2053 3203 us--

475 3264 574 3318 que
602 3247 855 3311 Romam,
888 3244 1180 3299 habiturus
1211 3258 1357 3298 sum.
1408 3242 1490 3298 Tu
1537 3259 1725 3315 porro,
1773 3245 1817 3299 si
1850 3244 2054 3314 aliquid

473 3341 649 3411 cupis,
681 3339 871 3394 efl‘are.

536 3454 703 3509 XVII.
747 3454 813 3508 Et
846 3470 946 3525 ego
986 3454 1119 3525 quid
1153 3454 1222 3509 ab
1269 3454 1427 3508 initio
1474 3454 1740 3526 propositi
1791 3452 2052 3523 gesserim

468 3548 717 3618 exposui,
748 3559 803 3602 et
828 3564 937 3617 quo
965 3548 1129 3602 modo
1154 3548 1552 3617 quaestionibus
1578 3545 2053 3615 inexplicabilibus

470 3646 771 3698 exhaustus
823 3641 1059 3705 fuerim,
1115 3649 1422 3709 caeteraque
1475 3654 1596 3709 qua:
1641 3638 1735 3693 tibi
1784 3636 2053 3706 principio

466 3748 625 3793 antea
649 3736 947 3799 declaravi,
975 3734 1053 3787 uti
1086 3749 1155 3788 ne
1180 3733 1366 3787 eadem
1404 3733 1599 3785 iterum
1640 3731 1897 3785 scribam.
1930 3728 2051 3785 Dixi

465 3844 649 3886 autem
682 3829 955 3884 :Paratus
985 3826 1204 3896 quidem
1238 3841 1358 3880 sum
1392 3835 1570 3878 tecum
1609 3823 1914 3892 proﬁcisci;
1950 3824 2053 3878 hoc

464 3925 614 3979 enim
658 3922 845 3977 nescio
890 3918 1167 3989 quomodo
1211 3919 1373 3987 cupio
1418 3919 1621 3971 laetus:
1666 3932 1855 3969 verum
1898 3916 2051 3985 prius

465 4016 590 4071 volo
616 4014 816 4070 certior
847 4012 913 4065 de
942 4012 1171 4065 veritate
1202 4011 1339 4071 fieri,
1372 4019 1430 4064 ut
1459 4010 1627 4064 sciam
1656 4018 1837 4061 utrum
1868 4008 2049 4061 anima

466 4107 717 4161 mortalis
756 4105 848 4170 sit,
865 4121 931 4159 an
961 4103 1327 4168 immortalis;
1355 4114 1409 4155 et
1441 4102 1485 4154 si
1520 4101 1852 4169 sempiterna
1866 4099 2048 4166 sit,an

464 4201 536 4254 ob
558 4215 621 4254 ea
655 4213 777 4269 quae
813 4197 901 4251 hic
929 4196 1129 4267 gessit,
1160 4194 1396 4264 judicari
1427 4192 1622 4246 debeat
1650 4210 1663 4245 :
1713 4192 1839 4245 item
1886 4208 1954 4245 an
1998 4201 2053 4246 et

463 4294 598 4366 quid
622 4294 921 4363 sitjustum
975 4305 1040 4345 ac
1065 4288 1176 4343 Deo
1204 4295 1417 4358 gratum
1449 4305 1461 4339 :
1505 4296 1765 4355 praeterea
1802 4284 2050 4339 factusne

465 4392 540 4442 sit
583 4385 842 4449 mundus,
867 4390 921 4438 et
956 4396 1126 4451 quare
1165 4380 1376 4443 factus;
1417 4391 1470 4432 et
1502 4388 1684 4432 utrum
1720 4395 1825 4432 non
1848 4378 2048 4433 dissol-

465 4490 645 4545 vetur,
686 4494 753 4533 an
783 4476 1133 4540 dissolvetur,
1154 4482 1209 4527 et
1239 4488 1308 4527 an
1334 4473 1524 4526 melior
1566 4471 1804 4537 futurus,
1840 4488 1909 4526 an
1949 4488 2049 4525 nec

2165 1943 2508 1997 ἀπαιδεύτων
2532 1946 2705 2015 ὄχλων
2726 1946 2918 2018 θυμόν.
2942 1947 3229 2018 Μακάριος
3255 1948 3372 2019 ἔσῃ.
3394 1950 3477 2013 Ὡς
3500 1950 3612 2021 γὰρ
3636 1952 3701 2007 σὺ
3727 1954 3778 1981 ⁸⁸

2164 2036 2256 2091 τὸν
2300 2037 2401 2108 τῆς
2431 2038 2686 2110 ἀληθείας
2719 2039 3058 2111 πρεσϐευτὴν
3109 2039 3283 2103 οὕτως
3316 2039 3559 2105 ὲξένισας
3615 2046 3775 2114 πάσῃ

2163 2135 2319 2203 τιμῇ,
2352 2133 2445 2185 καὶ
2479 2134 2615 2203 αὐτή
2655 2150 2713 2185 σε
2756 2134 2982 2204 ἀλήθεια
3025 2133 3172 2197 ξένον
3201 2134 3331 2187 ὄντα
3360 2136 3457 2205 τῆς
3486 2136 3625 2198 ιδίας
3662 2138 3775 2189 πό-

2163 2223 2301 2287 λεως
2330 2226 2660 2294 καταστήσει
2687 2225 2929 2296 πολίτην·
2965 2226 3059 2277 καὶ
3087 2226 3207 2278 τότε
3230 2228 3445 2299 χαρήσῃ
3473 2230 3734 2298 μεγάλως
3758 2274 3775 2297 ,

2162 2317 2245 2370 ὅτι
2271 2316 2528 2388 βραχεῖαν
2558 2315 2653 2369 νῦν
2674 2318 2953 2382 ὲδάνεισας
2973 2319 3018 2351 ⁸⁹
3044 2320 3225 2389 χάριν,
3251 2321 3567 2391 προαίρεσιν
3589 2322 3778 2389 λόγων

2163 2409 2345 2463 καλῶν
2394 2410 2570 2477 λέγω,
2618 2410 2713 2463 καὶ
2750 2410 2933 2463 ἀϊδίων
2982 2412 3075 2463 καὶ
3115 2412 3494 2482 ἀναφαιρέτων
3539 2414 3777 2482 ἀγαθῶν

2162 2500 2262 2573 ἔσῃ
2282 2501 2638 2573 κληρονόμος.
2660 2503 2772 2556 Καὶ
2796 2504 2870 2574 μὴ
2895 2504 3069 2573 κάμνε
3096 2504 3380 2557 ἀντιϐάλλε
3391 2524 3436 2558 ιν
3464 2524 3551 2577 μοι
3581 2506 3646 2559 τὸ
3673 2508 3777 2563 σὺν

2160 2588 2312 2664 ἦθος·
2350 2594 2527 2647 πάντα
2559 2594 2667 2665 γὰρ
2700 2594 2771 2647 τὰ
2802 2595 2944 2649 κατά
2974 2596 3033 2648 σὲ
3062 2598 3091 2649 ὁ
3114 2596 3351 2667 ἀψευδὴς
3370 2598 3416 2629 ⁶⁰
3442 2600 3570 2669 ἡμῖν
3602 2602 3777 2655 ἀντέ-

2161 2688 2291 2743 ϐαλε
2311 2688 2621 2761 Βαρνάϐας,
2646 2688 2831 2757 σχεδὸν
2854 2687 2973 2741 καθ’
3004 2688 3214 2759 ἡμέραν
3242 2691 3338 2760 τὴν
3358 2691 3566 2763 ἀγαθήν
3596 2709 3693 2745 σου
3726 2694 3774 2724 ⁶¹

2161 2782 2483 2853 ποιούμενος
2516 2783 2753 2852 μνήμην.
2780 2781 2888 2833 Καὶ
2921 2780 3008 2833 ἵνα
3042 2796 3124 2832 σοι
3153 2782 3211 2832 ὲν
3231 2783 3487 2853 ἐπιτομῇ,
3522 2784 3599 2845 ὡς
3630 2802 3779 2855 γνη-

2162 2876 2261 2945 σίῳ
2287 2876 2426 2945 φίλῳ
2447 2876 2511 2937 ⁸⁸,
2535 2875 2595 2926 τὸ
2614 2874 2971 2946 προκείμενον
2990 2873 3121 2945 ὲρῶ,
3138 2875 3186 2926 εί
3206 2880 3279 2946 μή
3293 2873 3440 2927 σοίτι
3455 2876 3773 2947 ἐμποδίζει,

2162 2968 2475 3021 συνὸδευσον
2513 2969 2675 3037 ἡμῖν,
2717 2965 3150 3037 μεταλαμϐάνων
3196 2968 3305 3019 τῶν
3350 2968 3451 3038 τῆς
3497 2968 3775 3040 ἀληθείας

2159 3054 2445 3128 λόγων,ὧν
2463 3060 2509 3090 ⁸³
2544 3058 2684 3111 κατὰ
2708 3059 2861 3111 πόλιν
2893 3058 3164 3112 ποιεῖσθαι
3190 3059 3390 3129 μέλλω,
3425 3059 3587 3132 μέχρι
3622 3061 3771 3114 Ῥώ-

2162 3170 2271 3225 μης
2299 3152 2485 3222 αὐτῆς.
2517 3152 2627 3205 Καὶ
2658 3153 2720 3204 σὺ
2755 3152 2813 3204 δὲ
2841 3152 2969 3204 εἴτι
3008 3150 3188 3220 βούλει
3217 3150 3360 3219 λέγε.

2226 3447 2394 3502 XVII.
2436 3446 2608 3515 Κάγὼ
2638 3447 2682 3479 ⁸⁸
2720 3446 2984 3517 ὲξεθέμην
3011 3444 3109 3515 τὴν
3144 3443 3204 3509 ἐξ
3236 3444 3410 3515 ἀρχῆς
3444 3462 3535 3516 μοι
3564 3448 3774 3518 προαί-

2159 3558 2329 3613 ρεσιν,
2372 3541 2467 3594 καὶ
2512 3540 2588 3603 ὡς
2634 3541 2713 3603 είς
2756 3538 3012 3611 ζητήσεις
3056 3536 3295 3607 ἀπόρους
3326 3536 3631 3609 ὲκενώθην,
3664 3540 3772 3592 καὶ

2157 3633 2337 3686 πάντα
2353 3634 2452 3685 ὅσα
2475 3649 2555 3685 σοι
2576 3632 2673 3701 τὴν
2694 3631 2869 3703 ἀρχὴν
2892 3629 3345 3701 προεδήλωσα,ὼς
3363 3628 3473 3700 ω
3487 3630 3573 3683 ἵνα
3592 3631 3669 3701 μὴ
3692 3632 3771 3685 τὰ

2155 3728 2295 3780 αὑτά
2321 3726 2482 3779 πάλιν
2512 3725 2730 3797 γράφω.
2772 3724 2996 3791 Ἔλεγον
3024 3723 3101 3775 δέ·
3136 3723 3226 3775 Σοὶ
3254 3723 3353 3792 μὲν
3384 3722 3618 3793 ἑτοίμως
3651 3724 3769 3795 ἔχω

2156 3819 2475 3872 συνοδεύειν·
2501 3818 2660 3871 τοῦτο
2688 3816 2932 3888 γὰρ,ούκ
2960 3812 3132 3869 οίδαδδ
3162 3816 3329 3882 ὅπως,
3357 3815 3561 3887 χαίρων
3592 3816 3762 3870 θέλω·

2154 3912 2295 3985 πλὴν
2318 3912 2444 3985 περὶ
2459 3912 2716 3983 ἀληθείας
2738 3910 2952 3982 πρῶτον
2973 3909 3453 3980 πληῳφορηθῆναι
3474 3908 3638 3975 θέλω,
3671 3910 3766 3962 ἵνα

2152 3974 2288 4073 7%},
2318 4007 2367 4057 εἰ
2393 3974 2433 4075 ’ἡ
2457 4004 2501 4035 ⁸⁸
2714 3974 2881 4074 θνῆτὴ
2908 3974 3191 4072 τυγχάνει,
3280 3974 3552 4065 ’ἀθάνατός
3582 3974 3759 4055 ἐστιν·

2152 4098 2248 4149 καὶ
2281 4097 2329 4148 εί
2350 4096 2393 4125 ⁸⁷
2430 4096 2601 4158 ἀΐδιος
2644 4092 2800 4157 οὖσα,
2832 4094 2963 4165 περὶ⁵
3000 4089 3075 4147 ὧν
3106 4094 3341 4165 ἔπραξεν
3372 4095 3609 4150 ἐνταῦθα.
3642 4096 3763 4168 ἔχει

2152 4188 2425 4260 κριθῆναι·
2463 4189 2555 4241 καὶ
2599 4188 2654 4240 εί
2686 4188 2731 4219 ⁸⁸
2771 4188 2824 4240 τί
2865 4187 3001 4240 ποτέ
3042 4189 3157 4240 ἐστι
3195 4188 3401 4240 δίκαιον
3442 4187 3474 4259 ἢ
3519 4190 3761 4259 ἄρεα-κον

2151 4281 2291 4352 Θεῷ·
2326 4281 2419 4334 καὶ
2448 4282 2495 4333 εἰ
2525 4280 2716 4349 γέγονε
2745 4280 2970 4350 κόσμος,
3004 4279 3098 4332 καὶ
3138 4279 3227 4332 διὰ
3254 4280 3306 4332 τί
3336 4280 3547 4349 γέγονε,
3577 4281 3677 4334 καὶ
3706 4285 3761 4333 εξ

2150 4374 2212 4425 οὐ
2262 4372 2573 4444 λυθήσεται,
2622 4372 2719 4425 καὶ
2771 4374 2820 4425 εἰ
2874 4371 3187 4443 λυθήσεται·
3234 4373 3329 4424 καὶ
3374 4374 3423 4424 εί
3481 4372 3759 4443 κρείττων

2152 4466 2326 4531 ἔσται,
2354 4466 2388 4535 ἢ
2419 4466 2539 4518 οὐδὲ
2563 4465 2736 4519 ἔσται·
2785 4464 2881 4518 καὶ
2918 4464 3007 4517 ἵνα
3040 4465 3113 4536 μὴ
3148 4464 3209 4517 τὸ
3245 4466 3365 4517 κατ’
3406 4459 3547 4527 εἶδος
3580 4464 3753 4533 λέγω,

466 4572 686 4629 futurus
717 4570 987 4624 omnino:
1026 4582 1090 4620 ac
1116 4582 1185 4619 ne
1222 4565 1435 4635 singula
1472 4580 1791 4633 prosequar,
1820 4564 1933 4618 haec
1966 4574 2047 4617 at-

2186 4558 2325 4612 αὖτά
2352 4576 2411 4611 τε
2447 4559 2490 4589 ⁸³
2528 4559 2622 4612 καὶ
2650 4557 2718 4611 τὰ
2753 4558 2961 4619 τούτοις
2991 4558 3230 4627 ἑπόμενα
3265 4557 3453 4629 μαθεῖν
3486 4552 3641 4610 εἷπον
3671 4557 3737 4610 θέ

466 4682 575 4737 que
603 4660 992 4733 consequentia
1017 4657 1128 4712 dixi
1154 4673 1240 4711 me
1261 4657 1397 4711 velle
1418 4657 1655 4710 edoceri.
1682 4658 1750 4709 At
1776 4656 1862 4710 ille
1888 4655 1955 4709 ad
1982 4671 2045 4710 ea

469 4756 754 4828 respondit
784 4774 797 4809 :
824 4754 1066 4808 Breviter
1100 4752 1218 4816 tibi,
1249 4766 1282 4804 o
1312 4750 1588 4815 Clemens,
1636 4764 1821 4802 rerum
1869 4748 2049 4802 scien-

467 4850 600 4903 tiam
629 4847 929 4913 exhibebo;
962 4858 1015 4900 et
1037 4844 1149 4914 jam
1174 4858 1320 4896 nunc
1351 4841 1500 4895 audi.

2158 4652 2289 4705 λειν.
2339 4653 2396 4705 Ὀ
2418 4652 2477 4705 δὲ
2503 4651 2641 4723 πρὸς
2686 4649 2862 4704 ταῦτα
2903 4651 3258 4721 ἀπεκρίνατο·
3308 4650 3597 4721 Συντόμως
3642 4669 3754 4716 σοι,

2157 4739 2201 4797 ὦ
2226 4745 2479 4817 Κλήμης,
2509 4746 2609 4814 τὴν
2634 4742 2743 4795 τῶν
2780 4742 2949 4795 ὄντων
2975 4744 3176 4813 γνῶσιν
3201 4743 3528 4815 παρέξομαι·
3553 4744 3652 4796 καὶ
3679 4745 3752 4795 τά

2155 4837 2249 4891 νῦν
2274 4836 2505 4908 ἐξαυτῆς
2528 4838 2779 4891 ἄκουσον.

1782 5014 2019 5071 ΥΑΒΙᾹΞ
2062 5012 2467 5069 LECTIONES.

545 5143 691 5217 "Ila
726 5142 764 5197 S
790 5151 845 5217 et
870 5143 1202 5217 Epit._elﬁs‘t'v
1236 5143 1305 5217 C.
1347 5143 1440 5217 0.“
1487 5141 1533 5171 ³⁵³
1562 5132 1989 5217 ⁵ὲπηγγελλῷμην
2030 5132 2091 5186 C.

2239 5130 2286 5163 ⁵⁸
2325 5128 2379 5183 1η
2412 5144 2519 5185 ms.
2570 5131 3014 5187 Clementinorum
3068 5128 3339 5199 scriptum
3396 5128 3629 5183 habetur
3671 5134 3747 5195 ὡς

468 5216 604 5273 πισοί
634 5230 664 5268 e
687 5229 797 5283 quo
824 5198 1044 5267 forinari
1068 5225 1248 5284 potest
1281 5216 1355 5277 ὼς
1388 5212 1521 5266 εἴσει
1554 5198 1824 5278 ingredere
1847 5198 2032 5273 igitur,
2064 5212 2121 5255 ut
2154 5202 2314 5255 vertit
2357 5200 2587 5253 Rufinus
2618 5218 2630 5251 :
2662 5204 2795 5250 εἶσει
2827 5215 2877 5265 p.
2912 5198 3109 5251 εῖσισθι
3140 5198 3280 5321 ymo
3305 5202 3484 5268 potius
3511 5200 3699 5272 εἴσιθιι
3733 5222 3746 5256 :

469 5290 548 5321 ...ιι
594 5285 673 5321 ,ειρ
714 5284 833 5321 εἶ’ηῆ
891 5293 946 5321 ιιι
970 5300 1254 5321 rnnnncrne
1308 5285 1348 5321 ρ
1380 5284 1456 5321 ,ξιρ
1490 5288 1626 5321 (ann-
1662 5275 1885 5321 mmihi
1917 5274 2133 5321 lacunai
2159 5274 2222 5321 ὲκ
2244 5271 2585 5321 ταυτοιιάτου
2616 5271 2697 5321 ὃτι
2728 5268 2907 5321 πάντα
2926 5269 2995 5321 τά
3033 5286 3135 5321 κατ
3206 5270 3284 5321 σὲ.
3321 5288 3375 5321 κ.
3408 5287 3457 5321 τ.
3494 5270 3541 5321 λ.
3566 5308 3580 5321 .
3610 5272 3743 5321 ἀντ-

594 5285 673 5348 ὼς
706 5268 856 5352 εἴση,
891 5293 949 5336 ιιι
970 5268 1275 5350 cognoscas.
1308 5268 1353 5339 (ί
1380 5284 1456 5346 ὼς
1490 5268 1635 5348 (seq:
1662 5268 1887 5346 parvula
1917 5274 2133 5340 lacuna)
2159 5271 2706 5352 éx‘catutopdrpue'c:
2728 5268 2907 5352 πάντα
2926 5269 2995 5321 τά
3028 5286 3135 5352 κατ

3206 5270 3284 5332 σὲ,
3321 5288 3375 5322 κ.
3408 5287 3457 5321 τ.
3494 5270 3541 5321 λ.
3566 5308 3580 5330 ,
3610 5270 3743 5324 ἀντ-

473 5338 670 5428 ἐϐάλάῆ
695 5354 795 5428 Ολ
823 5338 882 5385 ’δ’
917 5353 995 5428 Ita
1026 5338 1080 5407 S.
1111 5338 1344 5428 ἐξέφανα
1557 5338 1757 5428 Deinde
1788 5352 1901 5428 leg.
1924 5349 2000 5412 ὡς
2028 5338 2313 5428 γλίχεσθαι
2346 5338 2439 5428 καὶ
2478 5345 2638 5428 aii-.15“:
2658 5342 2732 5428 ‘S.
2810 5346 2855 5428 ξε*
2885 5340 3281 5428 ἐγκαθεσθῇναι
3314 5340 3375 5428 D,
3408 5338 3744 5428 ﬁdeqdﬁvsi

472 5429 530 5486 (ἶ,
568 5424 891 5494 καθισθῆναι
941 5423 999 5476 S.

1111 5408 1167 5455 ³⁷’
1196 5408 1348 5486 δντος
1393 5408 1453 5478 C.
1494 5422 1679 5476 Leetio
1735 5408 1904 5474 nostri
1942 5408 2155 5472 codicis
2188 5419 2299 5482 jam
2346 5417 2551 5484 placuit
2578 5408 3091 5486 _Seliweglero._Cfr.
3124 5408 3285 5486 ilum.
3324 5426 3385 5486 ii,
3425 5408 3652 5486 28;_m,

472 5479 681 5565 ’j'Vbb.
713 5479 800 5557 ὡς’
820 5494 925 5565 γὰρ
959 5492 1165 5565 adorn.
1196 5494 1271 5558 0;
1310 5479 1368 5545 σε
1398 5508 1452 5565 p.
1483 5492 1546 5565 σύ
1580 5491 1700 5565 Cl.._
1723 5507 1831 5544 non
1854 5489 1917 5549 C.
1946 5479 2319 5565 ut-pet‘peirani
2347 5479 2626 5565 asserit_S.
2662 5484 2715 5538 In
2738 5479 2997 5565 O'deinde
3026 5479 3421 5565 gevica5_7tdcn

3441 5481 3596 5548 τιμῇ.
3622 5481 3740 5533 ἀνθ’

474 5560 543 5619 ὧν
715 5539 921 5618 itif};
935 5539 1239 5633 {aliis};
1258 5539 1271 5558 ⁷
1313 5539 1368 5633 ἦ
1390 5539 2342 5633 ξιξρξιζ
2357 5539 2523 5633 0.]5.
2542 5553 2685 5633 _'I"um
2711 5554 2905 5633 scripsi
2931 5539 3102 5633 7.67:1»:
3131 5539 3311 5633 κάλων
3336 5539 3453 5619 (xiii.
3478 5539 3739 5633 ᾤ”λέγιιθι

475 5638 565 5689 καὶ
594 5620 780 5689 ἀϊδίων
808 5650 858 5688 c.
906 5620 971 5697 o',
994 5620 1166 5699 λόγων
1188 5632 1368 5685 καλῶν
1394 5634 1454 5701 (l.
1484 5620 1673 5700 λέγω),
1700 5630 1885 5685 ἀϊδίων
1912 5632 1973 5701 e.
2017 5620 2370 5701 ιδθλάψ-ευδεῖς
2401 5629 2463 5681 o.
2540 5625 2582 5656 ει
2610 5641 2702 5677 σου
2727 5620 2978 5701 addidie.
3009 5622 3074 5701 ρ.
3152 5624 3198 5701 αξξ
3223 5620 3359 5701 φίλῳ
3390 5623 3738 5701 praetermisit

470 5709 512 5761 Si
546 5725 593 5779 ς.
626 5708 709 5779 CI.
789 5706 945 5779 ⁸³-τὸν
974 5709 1071 5778 τῆς
1096 5708 1353 5779 ἀληθείας
1370 5706 1560 5779 λόγον,
1590 5704 1648 5779 δν
1672 5702 1735 5755 C.

1813 5701 1859 5730 “
1900 5696 2042 5766 Ἐγώ
2081 5696 2143 5752 (ἶ.
2192 5697 2336 5752 Idem
2380 5714 2481 5767 μου
2516 5712 2569 5765 p.
2602 5713 2713 5767 μοι.

2798 5695 2842 5766 f5
2874 5690 2974 5748 οἷδ’
3013 5695 3075 5751 C.
3155 5696 3200 5766 ‘7‘
3229 5698 3262 5766 ἡ
3296 5698 3530 5766 accessit
3570 5712 3641 5752 ex
3671 5704 3737 5752 υ.

476 5780 515 5809 ⁶’
550 5777 627 5831 Ita
658 5778 705 5832 Ο
748 5792 799 5833 c.
826 5775 973 5846 Epit.
1005 5762 1249 5833 6:16.35!
1282 5762 1746 5846 ἀθάνατόςίέςστι,
1791 5762 1981 5846 καίλῦξ
2052 5768 2096 5799 ⁸⁸
2135 5770 2228 5821 καὶ
2261 5770 2309 5821 εί
2337 5762 2409 5809 -ξ-
2436 5762 2532 5822 δι’(
2558 5762 2725 5825 ἀΐδιος
2756 5762 2889 5820 οὖσα
2926 5766 3037 5836 ἔχει
3069 5762 3341 5839 κριθῆναι.
3375 5764 3668 5837 Propterea
3697 5768 3737 5823 ὃ

470 5863 740 5904 commate
768 5838 1013 5902 distinxit
1044 5860 1162 5905 past
1185 5851 1253 5903 εξ.
1330 5848 1373 5878 ⁶⁹
1404 5861 1459 5899 τι
1493 5842 1751 5901 subiuuxi
1793 5856 1839 5899 ε.
1872 5838 1935 5895 0.
