3868 6212
95 323 168 376 ’ἷὸ
1255 321 1717 379 CLEMENTINA.
1748 354 1816 363 -ο
1855 319 2140 376 IIOMILIA
2178 320 2218 374 I.
3305 325 3375 378 74

168 440 370 496 XVIII.
421 439 489 496 Ἠ
523 441 620 496 τοῦ
654 440 790 495 Θεοῦ
833 439 995 512 βουλὴ
1027 443 1085 495 ἐν
1117 440 1299 514 ἀδήλῳ
1327 441 1517 510 γέγονε
1555 440 1698 496 κατά

1877 437 2066 494 XVIII.
2108 439 2202 495 Dei
2245 439 2500 498 voluntas
2538 442 2739 498 multas
2774 442 3126 498 obrationes
3164 447 3376 500 occulta

94 535 339 598 πολλοὺς
383 535 638 606 τρόπους.
682 534 765 587 Τά
808 535 908 605 μὲν
967 535 1159 604 πρῶτα
1202 535 1482 606 εἰσαγωγὴ
1535 531 1698 603 κακὴ,

93 626 406 698 συντροφία
450 626 685 698 πονηρὰ,
728 626 982 696 συνήθεια
1013 627 1180 698 δεινὴ,
1217 627 1403 698 ὁμιλία
1443 626 1503 678 ού
1537 625 1699 696 καλὴ,

93 719 380 789 πρόληψις
403 720 507 772 οὐκ
534 720 669 791 ὀρθή
689 721 756 750 ⁷⁰·
791 719 876 772 διά
897 719 1066 772 ταῦτα
1086 719 1266 788 πλάνη
1290 761 1305 784 ,
1333 714 1453 772 εἶτα
1476 718 1700 788 ἀφοϐία,

92 813 357 878 ἀπιστία,
400 813 647 884 πορνεία,
691 811 1040 883 φιλαργυρία,
1091 812 1384 879 κενοδοξία,
1430 814 1524 866 καὶ
1567 813 1703 867 ἀλλα

90 904 332 956 τοιαῦτα
378 905 550 975 μυρία
581 903 760 969 κακά,
800 904 988 975 ὥσπερ
1037 903 1244 957 καπνοῦ
1280 904 1482 973 πλῆθος
1502 947 1517 971 ,
1550 907 1629 966 είς
1657 905 1700 934 ⁷³

91 997 199 1050 ἕνα
231 991 388 1049 οἶκον
407 995 664 1070 οἰκοῦντα
687 997 780 1050 τὸν
800 997 1021 1068 κόσμον,
1040 997 1148 1049 τῶν
1173 997 1382 1050 ἔνδοθεν
1411 996 1703 1050 οἰκούντων

91 1089 320 1160 ἀνδρῶν
353 1088 698 1142 ἐπεθόλωσαν
720 1090 767 1121 ⁷³
799 1087 898 1150 τάς
929 1088 1169 1158 ὁράσεις,
1205 1088 1364 1142 Kal."
1391 1087 1490 1141 ούκ
1517 1089 1705 1141 εἴασαν

92 1181 519 1251 ἀναϐλέψαντας
547 1183 611 1233 ἐκ
640 1180 739 1250 τῆς
769 1181 1072 1252 διαγραφῆς
1109 1182 1202 1232 τὸν
1229 1181 1707 1252 δημιουργήσαντα

93 1277 300 1345 νοῆσαι
330 1275 489 1340 Θεὸν,
527 1273 622 1327 καὶ
654 1274 718 1326 τὸ
738 1274 912 1344 τούτῳ
937 1273 1127 1326 δοκοῦν
1156 1273 1261 1345 41
1295 1273 1582 1344 γνωρίσαι.
1612 1273 1705 1368 {te

92 1369 232 1431 τοὺς
263 1367 582 1438 φιλαλήθεις
600 1367 650 1400 ⁷⁸
677 1366 880 1419 ἔσωθεν
909 1367 1016 1439 χρὴ
1037 1368 1102 1420 ἐκ
1135 1367 1373 1440 στέρνων
1404 1365 1706 1438 βοήσαντας

94 1460 434 1532 ἐπικουρίαν
451 1458 948 1530 προσκαλέσασθαι,
972 1460 1252 1532 φιλαλήθει
1267 1461 1312 1492 ⁷⁵
1333 1458 1597 1530 λογισμῷ,
1620 1459 1707 1513 ἵνα

93 1571 209 1619 τις,
227 1554 382 1617 ἐντὸς
399 1552 476 1607 ὢν
492 1553 586 1608 τοῦ
603 1553 752 1607 οῖκου
771 1550 866 1605 τοῦ
891 1543 1272 1625 πεπλησμένου
1289 1550 1520 1618 καπνοῦ,
1539 1558 1708 1624 προσ-

100 1645 204 1700 ιὼν
238 1643 434 1717 ἀνοίξῃ
479 1645 671 1717 θύραν,
720 1645 872 1708 ὅπως
899 1645 1102 1717 δυνηθῇ
1146 1637 1210 1698 τὸ
1255 1644 1354 1716 μὲν
1412 1643 1571 1708 ἐκτὸς
1609 1641 1706 1696 τοῦ

96 1739 260 1809 ἡλίου
289 1739 410 1807 φῶς
441 1737 780 1809 είσκριθῆναι
805 1737 884 1809 τῷ
913 1739 1070 1810 οῐκῳ,
1099 1739 1130 1793 ό
1155 1731 1214 1792 δὲ
1237 1735 1387 1801 ἐντὸς
1407 1736 1502 1791 τοῦ
1533 1728 1708 1808 πυρὸς

96 1831 177 1884 ὢν
211 1831 550 1904 ἐκϐληθῆναι
575 1830 800 1894 καπνός.

171 2012 323 2067 XIX.
368 2013 474 2068 Τὸν
510 2013 612 2085 μὲν
643 2008 737 2067 οῦν
768 2012 959 2086 βοηθὸν
986 2015 1158 2086 ἄνδρα
1187 2009 1278 2068 τδν
1300 2015 1472 2086 ἀληθῆ
1496 2016 1709 2088 προφή-

99 2117 207 2178 την
221 2107 394 2176 λέγω,
421 2107 482 2172 ὃς
505 2107 665 2178 μόνος
687 2108 919 2178 φωτίσαι
939 2107 1117 2180 ψυχὰς
1136 2108 1441 2181 ἀνθρώπων
1467 2109 1709 2173 δύναται,

101 2190 236 2252 ὥστ’
263 2198 334 2252 ἂν
374 2199 561 2262 αὐτοῖς
607 2200 904 2271 ὀφθαλμοῖς
943 2201 1234 2272 δυνηθῆναι
1264 2203 1410 2273 ἡμᾶς
1447 2202 1635 2255 ἐνιδεῖν
1665 2199 1712 2232 ⁷⁸

236 2292 466 2344 αἰωνίου
507 2284 782 2363 σωτηρίας
807 2292 906 2363 τὴν
926 2292 1063 2346 ὁδόν.
1101 2293 1312 2357 Ἀλλως
1337 2293 1394 2346 δέ
1428 2292 1710 2358 ἀδύνατον,

104 2384 180 2448 ὡς
213 2379 380 2437 οἶσθα
415 2384 511 2436 καλ⁸
544 2385 608 2436 σὺ
645 2383 826 2456 μικρῷ
857 2386 1042 2468 τάκιον
1071 2385 1260 2452 εἰπὼν,
1296 2386 1372 2450 ὡς
1422 2387 1572 2439 πᾶσα
1604 2387 1637 2456 ἡ
1665 2386 1710 2416 ⁷⁷

107 2474 375 2539 ὑπόθεσις
421 2477 855 2542 ἀνασκευάζεται
908 2478 1004 2531 καὶ
1051 2477 1560 2543 κατασκευάζεται,
1618 2476 1714 2530 καὶ

109 2567 249 2639 πρὸς
276 2570 384 2640 τὴν
406 2567 503 2621 τοῦ
531 2569 872 2633 ἐκδικοῦντος
894 2565 1121 2640 δύναμιν
1151 2572 1184 2641 ἡ
1215 2570 1352 2641 αὐτὴ
1384 2569 1590 2641 ἀληθὴς
1619 2568 1714 2623 καὶ

109 2661 315 2732 ψευδὴς
344 2662 650 2732 νομίζεται·
683 2662 758 2725 ὡς
783 2661 978 2734 μηκέτι
1002 2661 1100 2725 τὰς
1131 2659 1411 2724 ὑποθέσεις
1434 2651 1715 2732 φαίνεσθαι

112 2755 142 2806 ὁ
174 2755 339 2820 εἰσιν,
370 2753 510 2807 ἀλλά
536 2755 688 2827 πα,ρά
714 2756 840 2813 τοὺς
867 2752 1215 2816 ἐκδικοῦντας
1243 2754 1540 2823 φαντασίαν
1572 2754 1714 2826 λαμ-

113 2847 302 2901 ϐάνειν
323 2847 423 2900 τοῦ
452 2842 593 2900 εἶναι
619 2848 650 2918 ἣ
686 2848 762 2920 μὴ
791 2843 930 2900 εἶναι
957 2847 1221 2919 ἀληθεῐςῆ
1249 2847 1482 2918 ψευδεῖς.
1510 2848 1714 2900 Τούτου

114 2941 302 3003 ἕνεκεν
322 2936 374 2970 ’³⁸
423 2941 706 3009 προφήτου
753 2938 988 3011 ἀληθοῦς
1036 2939 1154 2992 ὅλον
1196 2932 1258 2991 τὸ
1300 2939 1400 3010 τῆς
1437 2932 1718 3004 εὐσεϐείας

117 3032 312 3102 ἐδεήθη
360 3032 617 3102 πρᾶγμα,
662 3032 751 3084 ἵνα
791 3033 921 3102 ἡμῖν
965 3033 1061 3104 ἐρῇ
1088 3032 1134 3063 ⁷⁸
1170 3031 1238 3084 τά
1285 3031 1412 3084 ὄντα
1445 3030 1519 3094 ὥς
1547 3033 1713 3096 ἐστιν,

118 3125 208 3178 καὶ
238 3125 315 3187 ὡς
353 3123 434 3176 δεῖ
462 3124 592 3194 περί
621 3124 836 3176 πάντων
853 3124 1148 3178 πιστεύειν.
1173 3125 1335 3204 "ags
1369 3123 1583 3196 πρῶτον
1609 3124 1714 3198 χρὴ
1743 3157 1786 3216 c

118 3219 205 3270 τὸν
237 3219 533 3289 προφήτην
571 3218 718 3288 πάσῃ
876 3221 1185 3289 προφητικῇ
1220 3217 1463 3284 ἐξετάσει
1488 3217 1716 3289 δοκιμά-

121 3330 288 3367 σαντα
316 3314 416 3364 καὶ
437 3310 728 3379 ἐπιγνόντα
750 3309 817 3362 τά
832 3310 877 3340 ⁸ο
899 3309 1094 3382 ἀληθῆ,
1124 3309 1218 3362 τοῦ
1235 3308 1423 3362 λοιποῦ
1448 3310 1516 3362 τὰ
1539 3309 1718 3363 πάντα

119 3406 266 3476 αὐτῷ
298 3403 604 3469 πιστεύειν,
650 3405 746 3456 καὶ
790 3403 983 3474 μηκέτι
1013 3403 1073 3456 τὸ
1103 3402 1224 3457 καθ’
1255 3402 1312 3456 ἓν
1340 3403 1569 3456 ἕκαστον
1609 3402 1718 3455 τῶν

120 3498 209 3550 ὑπ’
268 3496 441 3550 αὐτοῦ
490 3496 796 3566 λεγομένων
838 3495 1170 3566 ἀνακρίνειν,
1218 3493 1355 3548 ἀλλά
1418 3493 1719 3565 λαμϐάνειν

120 3589 261 3642 αύτά
296 3587 493 3658 βέϐαια
523 3587 673 3652 ὄντα,
705 3586 936 3658 δοκούσῃ
973 3587 1073 3658 μὲν
1107 3587 1317 3652 πίστει,
1359 3586 1630 3656 ληφθέντα
1661 3586 1718 3639 δὲ

118 3681 361 3749 ασιξαλεῖ
383 3680 585 3752 κρίσειο
616 3678 884 3744 ἀποδείξει
915 3679 1024 3750 γὰρ
1054 3680 1152 3750 μιᾷ
1175 3681 1242 3751 τῇ
1274 3680 1529 3750 ἀπαρχῆς
1559 3679 1715 3732 καὶ⁸¹

119 3771 346 3842 ἀκριϐεῖ
369 3771 477 3843 42
517 3770 762 3835 ἐξετάσει
790 3773 858 3842 τῇ
886 3771 1222 3841 πανταχόθεν
1255 3770 1324 3824 τὰ
1345 3771 1440 3824 ὅλα
1467 3769 1613 3842 ὀρθῷ
1650 3771 1719 3824 εῖ-

121 3864 331 3934 ληπται
351 3863 617 3934 λογισμῷ.
641 3861 732 3940 At?)
755 3863 859 3936 πρὸ
889 3865 1104 3917 πάντων
1125 3864 1215 3916 τὸν
1232 3862 1402 3935 ἀληθῆ
1433 3864 1720 3936 προφήτην

121 3956 306 4026 ζητεῖν
334 3954 434 4019 δεῖ,
467 3955 546 4008 ὅτι
589 3957 715 4032 ἄνευ
754 3955 944 4008 τούτου
986 3954 1199 4026 βέϐαιόν
1237 3973 1289 4009 τι
1315 3958 1595 4028 προσεῖναι
1624 3956 1718 4009 ἀν-

121 4045 368 4118 θρώποις
396 4046 677 4100 ἀδύνατον.

191 4159 316 4214 XX.
342 4160 452 4212 Καὶ
475 4159 626 4230 ὁμῶς
646 4159 918 4215 ἀνέπαυσέ
944 4179 1032 4233 με,
1052 4161 1341 4234 ἐκθέμενός
1369 4180 1460 4234 μοι
1481 4162 1565 4226 τίς
1600 4163 1718 4217 ἐστι

122 4253 217 4306 καὶ
233 4251 356 4314 πῶς
377 4253 707 4322 εὑρίσκεται,
733 4253 826 4306 καὶ
842 4253 1054 4325 ἀληθῶς
1073 4254 1289 4325 εὑρετὸν
1313 4272 1402 4325 μοι
1423 4254 1717 4326 παρασχὼν

122 4345 309 4408 αὐτὸν,
334 4343 445 4396 τῶν
474 4345 622 4415 παρά
653 4345 944 4416 ὀφθαλμοῖς
978 4347 1269 4418 ὁρωμένων
1309 4347 1718 4418 ἐμφανεστέραν

123 4440 190 4508 τῇ
220 4435 318 4488 τοῦ
356 4436 634 4507 προφήτου
657 4437 840 4508 ὁμιλίᾳ
854 4440 964 4500 τοῖς
989 4438 1091 4492 ὠσὶ
1117 4437 1294 4502 δείξας
1308 4440 1407 4509 τὴν
1435 4437 1712 4510 ἀλήθειαν,

124 4530 199 4593 ὡς
226 4528 576 4596 ἐκπλαγέντα
612 4545 678 4599 με
720 4528 1017 4600 θαυμάζειν
1037 4573 1051 4596 ,
1081 4531 1199 4594 πῶς
1226 4531 1335 4584 τῶν
1367 4532 1500 4584 πᾶσι
1525 4528 1717 4602 ζητου-

129 4622 309 4692 μένων
369 4621 679 4693 ἐμπροσθεν
749 4623 1018 4694 κειμένων
1071 4624 1245 4687 οὐδεὶς
1311 4625 1492 4696 ἐνορᾷ.

127 4717 348 4787 γράψας
363 4716 455 4768 τὸν
471 4733 538 4767 πε
548 4714 600 4786 ρὶ
621 4717 898 4787 προφήτου
915 4715 1090 4784 λόγον,
1105 4715 1267 4768 αὐτοῦ
1291 4715 1714 4780 κελεύσαντος⁸¹,

127 4809 235 4861 ἀπὸ
279 4809 382 4879 τῆς
433 4808 765 4879 Καισαρείας
817 4809 916 4879 τῆς
959 4809 1270 4879 Στράτωνος
1312 4808 1716 4879 διαπεμφθῆναί

131 4919 210 4955 σοι
236 4902 465 4973 ἐποίησε
486 4903 532 4935 ⁸³
555 4901 648 4954 τὸν
678 4902 863 4973 τόμον,
899 4901 1050 4972 παρά
1083 4901 1175 4954 σοῦ
1204 4901 1421 4973 ἐντολὴν
1465 4902 1608 4972 ἔχειν
1637 4903 1715 4953 εί-

1805 529 1929 586 fuit.
1960 529 2204 586 Primum
2255 533 2475 602 quidem
2526 549 2693 603 prava
2739 535 3052 600 institutio,
3093 537 3380 592 convictus

1804 624 2055 690 vitiosus,
2079 625 2416 680 consuetudo
2441 627 2768 696 perniciosa,
2789 627 2928 680 mala
2951 629 3246 698 colloquia,
3267 644 3380 683 non

1805 727 1951 771 recta
1998 717 2319 786 opinionum
2363 718 2705 788 anticipatio,
2749 728 2804 773 et
2851 729 3141 789 eapropler
3187 736 3380 786 error;

1806 808 1929 863 dein
1959 817 2326 879 contemptus,
2357 809 2736 877 incredulitas,
2777 809 3091 879 fornicatio,
3123 813 3379 878 avaritia,

1808 899 1989 956 inanis
2014 901 2207 972 gloria,
2235 903 2452 974 aliaque
2481 903 2682 959 similia
2715 903 3001 959 innumera
3037 905 3201 970 mala,
3233 905 3383 961 velut

1807 993 1999 1064 ingens
2029 993 2212 1050 fumus
2235 1011 2398 1049 unam
2421 995 2644 1051 domum
2669 997 2934 1051 mundum
2966 997 3258 1053 incolentia
3291 998 3383 1052 in-

1806 1092 1896 1140 tus
1925 1085 2286 1141 habitantium
2329 1087 2612 1142 hominum
2651 1089 2832 1143 visum
2876 1087 3249 1156 oﬂuscarunt,
3282 1106 3383 1148 nec

1807 1176 2055 1232 siverunt
2077 1181 2342 1249 aspicere,
2371 1188 2534 1248 atque
2558 1179 2747 1234 mundi
2773 1191 3074 1236 creatorem
3105 1180 3274 1236 Deum
3298 1185 3383 1238 in-

1810 1269 2050 1342 telligere
2076 1287 2144 1326 ex
2174 1273 2241 1328 iis
2267 1273 2320 1326 in
2359 1273 2561 1342 quibus
2590 1273 2707 1343 ipse
2734 1288 2794 1328 se
2831 1274 3041 1342 pinxit,
3080 1291 3256 1344 neque
3285 1293 3383 1332 co-

1808 1374 2070 1432 gnoscere
2105 1365 2252 1435 quod
2297 1365 2346 1420 ei
2387 1365 2582 1436 placet.
2625 1365 2893 1431 Quocirca
2921 1375 3135 1436 oportet
3158 1377 3220 1422 ut
3241 1369 3387 1424 veri-

1807 1457 1938 1511 tatis
1967 1457 2197 1512 studiosi
2228 1458 2378 1513 intus
2398 1472 2462 1512 ex
2486 1468 2710 1530 pectore
2728 1458 2984 1526 clament,
3008 1461 3387 1532 auxiliumque

1807 1551 2114 1617 advocent,
2148 1550 2360 1606 ratione
2400 1551 2642 1606 studium
2672 1550 2921 1608 veritatis
2965 1552 3223 1621 decente;
3273 1570 3387 1625 quo

1807 1642 2004 1712 aliquis
2028 1643 2169 1698 intra
2192 1643 2414 1698 domum
2456 1642 2606 1698 fumo
2641 1643 2857 1713 plenam
2889 1644 3195 1702 consistens
3226 1661 3385 1702 acce-

1807 1733 1903 1790 dat
1927 1733 2184 1805 foresque
2209 1736 2440 1805 aperiat,
2477 1744 2537 1790 ut
2573 1735 2756 1791 lumen
2791 1736 2928 1792 solis
2961 1745 3116 1792 extra
3147 1738 3387 1808 positum

1735 1813 1780 1874 B
1809 1825 1863 1880 in
1893 1826 2117 1882 domum
2156 1829 2332 1898 possit
2363 1827 2688 1895 intromitti,
2727 1828 2869 1899 ignis
2889 1843 3017 1885 vero
3045 1828 3266 1898 fumus,
3291 1833 3389 1902 qui

1812 1918 1958 1973 intro
1979 1928 2083 1984 est,
2111 1919 2257 1988 ejici.

1882 2010 2024 2067 XIX.
2049 2012 2206 2068 Iluuc
2228 2014 2393 2084 igitur
2415 2013 2719 2084 adjutorem
2744 2015 3234 2088 hominem,verum
3259 2035 3390 2092 pro-

1811 2102 2286 2176 phetamdico,qui
2303 2106 2676 2163 solusanimas
2689 2107 2968 2164 hominum
2984 2120 3160 2180 potest
3179 2112 3388 2168 illumi-

1813 2212 1966 2263 nare,
1997 2213 2108 2268 quo
2131 2198 2265 2268 ipsis
2287 2198 2462 2254 oculis
2489 2199 2634 2254 viam
2657 2209 2876 2256 αξιοι-[ιω
2900 2203 3094 2259 salutis
3116 2205 3392 2276 inspicere

1812 2288 2112 2358 possimus.
2146 2291 2319 2345 Aliter
2345 2291 2491 2346 enim
2528 2291 2644 2346 fieri
2679 2292 2888 2362 nequit,
2918 2303 2980 2348 ut
3019 2297 3188 2361 nosti,
3219 2307 3391 2368 tuque

1815 2382 1976 2450 paulo
1998 2390 2122 2438 ante
2148 2383 2391 2447 dicebas,
2423 2384 2569 2454 quod
2602 2400 2796 2458 nempe
2815 2400 2980 2442 omne
3004 2401 3390 2460 argumentum

1814 2472 2116 2529 destruitur
2145 2483 2201 2530 et
2231 2477 2516 2543 astruitur,
2539 2485 2704 2548 atque
2733 2478 2874 2534 idem
2899 2479 3057 2550 juxta
3088 2498 3394 2554 propugna.

1815 2567 1951 2621 toris
1980 2565 2293 2622 facultatem
2328 2584 2516 2623 verum
2539 2577 2593 2624 et
2617 2567 2814 2624 falsum
2843 2572 3223 2641 existimatur;
3255 2576 3394 2629 adeo

1817 2668 1877 2713 ut
1905 2660 2216 2726 sententiae,
2249 2662 2438 2730 quales
2467 2661 2612 2728 sint,
2644 2677 2754 2718 non
2781 2663 2896 2734 jam
2932 2678 3265 2736 appareant,
3295 2671 3393 2723 sed

1815 2765 1913 2820 per
1936 2750 2303 2820 disputatores
2333 2753 2568 2822 speciem
2597 2754 2868 2825 accipiant
2897 2759 3143 2814 veritatis
3171 2771 3264 2816 aut
3286 2760 3392 2815 fal-

1817 2844 2014 2899 sitatis.
2040 2843 2309 2910 Quocirca
2342 2856 2515 2902 totum
2545 2848 2765 2918 pietatis
2796 2852 3076 2921 negotium
3105 2867 3235 2907 vero
3259 2869 3396 2923 pro-

1818 2935 1979 3005 pheta
2026 2937 2288 3008 indiguit,
2319 2948 2379 2994 ut
2415 2941 2575 2996 nobis
2601 2957 2724 3011 qum
2767 2952 2896 2998 sunt
2932 2947 3390 3014 quemadmodum

1818 3038 1948 3082 sunt
1969 3029 2193 3096 diceret,
2225 3046 2290 3086 ac
2311 3047 2421 3103 quo
2447 3035 2612 3090 modo
2634 3036 2700 3090 de
2723 3037 2981 3092 omnibus
3005 3048 3254 3108 Oporteat
3275 3056 3394 3095 cre-

1818 3120 1966 3176 dere.
2009 3119 2192 3187 Quare
2227 3133 2443 3194 oportet
2471 3127 2732 3196 primum,
2765 3131 3123 3200 comprobato
3148 3147 3244 3202 per
3275 3149 3395 3188 om-

1818 3229 1942 3269 nem
1973 3216 2346 3286 propheticam
2380 3218 2785 3290 inquisitionem
2819 3223 3106 3292 projiheta,
3134 3240 3260 3280 cum
3301 3241 3397 3280 co-

1818 3309 2026 3378 gnitum
2051 3310 2155 3364 erit
2173 3325 2361 3366 verum
2393 3327 2537 3381 esse,
2563 3313 2630 3368 de
2651 3324 2848 3370 caetero
2872 3318 3125 3372 universa
3149 3317 3251 3388 ipsi
3276 3334 3399 3374 ere--

1817 3400 1978 3466 dere,
2008 3418 2110 3458 nec
2142 3405 2378 3474 amplius
2404 3405 2717 3478 singulatim
2747 3408 2868 3477 ejus
2908 3409 3050 3464 dicta
3083 3411 3355 3467 discutere
3374 3451 3393 3479 ,

1819 3494 1911 3548 sed
1937 3510 2001 3549 ea
2033 3497 2188 3551 firma
2229 3509 2486 3569 certaque
2523 3502 2888 3570 praasume're;
2921 3518 3016 3573 per
3059 3503 3216 3558 Iidem
3265 3505 3396 3574 qui-

1819 3587 1941 3641 dem
1964 3629 1978 3652 ,
2009 3597 2067 3642 ut
2098 3591 2328 3655 videtur,
2376 3608 2472 3661 per
2518 3592 2878 3649 tndubitatum
2917 3603 3094 3649 tamen
3123 3595 3395 3666 judicium

1819 3689 2107 3752 suscepta:
2135 3699 2232 3754 per
2254 3701 2420 3739 unam
2443 3687 2587 3740 enim
2612 3687 2681 3741 ab
2701 3688 2856 3743 initio
2871 3687 3396 3745 demonstrationem

1819 3781 1984 3843 atque
2013 3785 2260 3830 exactam
2289 3777 2759 3848 disquisitionem,
2796 3781 3038 3851 undique
3074 3782 3394 3842 collectam.

1819 3878 2017 3924 cuncta
2059 3871 2274 3926 ratione
2317 3882 2464 3926 recta
2512 3885 2795 3944 assumpta
2840 3883 2986 3930 sunt.
3033 3875 3216 3941 Quare
3269 3885 3398 3932 ante

1819 3963 2006 4019 omnia
2029 3980 2190 4019 verus
2215 3966 2476 4035 prepheta
2503 3968 2828 4038 quaerendus
2849 3977 2965 4036 est;
2990 3971 3250 4040 quoniam
3275 3973 3396 4028 sine

1819 4057 1939 4128 ipso
1970 4059 2107 4113 firmi
2137 4060 2267 4130 quid
2301 4061 2442 4131 apud
2474 4061 2723 4117 homines
2749 4063 2939 4133 nequit
2969 4064 3290 4120 consistere.

1892 4150 2010 4207 XX.
2054 4151 2338 4223 Simulque
2363 4153 2629 4210 satisfecit
2652 4155 2808 4223 mihi,
2831 4170 3129 4226 exponens,
3153 4157 3278 4227 quis
3302 4157 3392 4225 sit,

1817 4252 1871 4299 et
1909 4259 2018 4314 quo
2044 4254 2205 4314 pacto
2253 4245 2596 4314 inveniatur;
2640 4263 2874 4318 vereque
2912 4248 3134 4302 inventu
3175 4248 3391 4303 facilem

1817 4353 1944 4393 eum
1991 4337 2126 4392 mihi
2168 4339 2434 4408 praabuit;
2479 4349 2642 4410 atque
2683 4355 2782 4410 per
2829 4355 3111 4397 sermones
3161 4341 3228 4396 de
3265 4357 3395 4411 pro-

1819 4431 1977 4499 pheta
2002 4430 2228 4487 auribus
2254 4431 2392 4486 meis
2414 4433 2696 4487 veritatem
2719 4431 3006 4487 clariorem
3036 4433 3124 4501 iis,
3151 4449 3273 4504 quae
3298 4449 3395 4503 per

1819 4524 2008 4580 oculos
2037 4536 2358 4590 cernuntur,
2409 4524 2672 4588 reddidit;
2712 4525 2849 4580 adeo
2883 4533 2943 4579 ut
2980 4525 3394 4595 obstupefactus

1819 4619 2072 4685 mirarer,
2107 4633 2218 4688 quo
2261 4619 2424 4674 modo
2469 4634 2533 4674 ea
2584 4633 2708 4687 qua:
2747 4633 2939 4673 omnes
2985 4627 3259 4688 quaerunt,
3299 4632 3396 4674 co—

1819 4729 1935 4766 ram
1968 4714 2143 4784 posita
2174 4729 2334 4768 nemo
2363 4714 2560 4768 videat.
2587 4711 2774 4783 Itaque
2793 4712 2951 4782 jussu
2980 4712 3153 4781 ipsius
3175 4713 3241 4767 de
3264 4727 3395 4767 vero

1820 4808 2081 4877 propheta
2105 4808 2405 4877 conscripsi
2432 4807 2628 4860 Iihrum
2651 4849 2664 4872 ,
2692 4822 2852 4876 quem
2876 4806 2943 4861 de
2963 4805 3206 4860 Caesarea
3241 4805 3394 4858 Stra-

1820 4902 1963 4956 tonis
1989 4901 2056 4956 ad
2098 4910 2150 4957 te
2193 4902 2335 4956 mitti
2373 4901 2575 4968 voluit,
2621 4901 2810 4956 dicens
2848 4917 2906 4956 se
2939 4915 2970 4954 a
3006 4907 3059 4954 te
3095 4899 3291 4954 habere
3334 4898 3391 4952 in

1428 5057 1663 5113 VARUE
1717 5057 2118 5114 LECTIONES.

193 5175 556 5244 ὀνεὶσαγωγῇ
587 5175 729 5244 κακῇ
762 5172 1088 5244 συντροφίας
1125 5174 1388 5244 πονηρᾶς,
1422 5173 1686 5244 συνηθείᾳΔ
1703 5172 1870 5244 δεινῇ,
1897 5173 2082 5244 ὁμιλίᾳ
2114 5173 2174 5226 ού
2207 5173 2367 5244 καλῇ,
2398 5172 2662 5244 προλήψει
2695 5173 2794 5244 οῦκ
2827 5173 2960 5244 όρθῇ
2990 5175 3051 5225 0.
3079 5242 3090 5244 _
3119 5172 3171 5244 _"f
3204 5170 3281 5224 Ita
3381 5209 3396 5232 ,

127 5243 200 5307 ὡς
227 5243 270 5298 C
303 5284 321 5308 ,
353 5240 436 5305 εἰς
464 5240 561 5297 ’ἐνᾶ
587 5240 735 5296 οἷκον
768 5240 1130 5312 ἐλθόνταλτὸν
1159 5240 1382 5312 κόσμον,
1411 5242 1521 5294 τῷν
1544 5240 1780 5312 ἔνδοθεν,
1813 5240 1865 5296 κ.
1902 5240 1952 5296 τ.
1981 5242 2028 5295 λ.
2057 5240 2245 5312 conjec
2272 5240 2394 5308 ι,”υ
2424 5240 2455 5305 ,⁷
2473 5240 2567 5305 εἰς’
2589 5240 2683 5294 ἕνα
2715 5240 2869 5297 οἷκον
2893 5240 3272 5312 ἐπεισελθόντα
3308 5240 3399 5312 τὸν

129 5307 352 5385 κόσμον,
379 5331 436 5366 κ.
464 5330 514 5385 τί.
551 5314 598 5366 λ.
633 5312 780 5385 Epit.
801 5329 850 5366 c.
883 5312 969 5366 I7.
1007 5311 1186 5385 Rufin.
1212 5307 1336 5368 Réc.
1383 5312 1424 5378 I,
1456 5314 1524 5385 I5
1561 5332 1574 5368 :
1615 5311 1922 5385 Universum
1949 5307 2346 5385 dontum'lmjus
2378 5315 2561 5385 mundi
2591 5313 2822 5385 replevit.
2858 5314 2938 5365 An
2969 5313 3064 5364 ἐνα
3097 5307 3242 5385 οἷκρν
3284 5311 3390 5385 εἰσ-

125 5381 409 5438 οικοῦνταῗ
483 5384 529 5415 ⁷²
564 5381 898 5436 ἐπιθολὼσαν
924 5385 986 5435 0.
1062 5382 1108 5414 ⁷³
1157 5387 1250 5435 καί
1296 5399 1405 5438 om.
1465 5383 1510 5437 0
1540 5424 1555 5448 ,

125 5455 172 5525 ἶέ
200 5454 525 5525 sustineat;
556 5453 640 5525 C._
698 5453 746 5486 τι
771 5451 1063 5525 κφιλαληθεῖ
1087 5452 1152 5525 c.
1185 5451 1323 5525 Tum
1366 5453 1405 5507 s

126 5524 172 5554 "
203 5527 236 5594 ἡ
269 5522 498 5606 περίιιρχί
523 5539 572 5578 c.
605 5523 698 5607 0.“
739 5524 796 5607 ⁷⁸,
817 5525 1027 5577 εἵνεκεν
1152 5524 1244 5607 ﬂ"
1279 5522 1397 5607 ἐρεῖ
1418 5527 1479 5576 0.

1620 5385 1715 5452 qui
1755 5384 1881 5438 exh.
1919 5384 2118 5436 εἴασεν.
2168 5379 2304 5437 Tuin
2351 5383 2442 5436 τὸν
2486 5379 2814 5454 δημιουργὸν
2863 5382 3299 5450 συγκατανο”σαι

1620 5455 1711 5506 mit
1761 5454 1918 5506 ἐκτός
1967 5470 2021 5506 ι).
2054 5453 2224 5506 ἐντός.
2301 5454 2348 5486 ⁷⁸
2391 5455 2465 5506 Ita
2497 5453 2556 5506 S.
2587 5435 2921 5506 suffragante
2956 5451 3000 5505 Ο
3028 5493 3044 5506 .
3073 5399 3295 5503 ἐνείδεῖν
3329 5448 3393 5500 (1.

1456 5455 1711 5522 proponit
1761 5455 1918 5516 ἐκτός

2053 5435 2348 5523 ἐντόςίψτδ
2368 5435 2371 5436 ν
2391 5455 2465 5508 Ita
2497 5435 2569 5515 Ξῖ
2587 5435 2921 5523 suffragante
2941 5435 3000 5505 Ὀ
3028 5493 3044 5518 ,
3073 5435 3295 5503 ἐνειδεῖν
3329 5448 3393 5500 (Σ.

1582 5525 1602 5554 °
1635 5525 1704 5577 τά
1734 5524 1915 5579 addidi
1946 5521 1996 5578 (Ξ.
2037 5521 2100 5577 Ο.
2140 5524 2181 5556 ⁸¹
2218 5523 2310 5577 καί
2348 5540 2457 5577 om.
2489 5523 2552 5578 Ο.
2630 5524 2675 5554 ⁸’
2709 5521 3041 5576 κελεύσαντα
3071 5525 3112 5572 0
3141 5561 3156 5583 ,
3183 5535 3252 5573 ex
3280 5533 3396 5585 quo

125 5589 359 5667 arcessit
382 5595 632 5667 τῆςᾉοηιιε
663 5595 998 5667 Στράτωνος.
1073 5593 1122 5667 f”
1152 5589 1445 5667 Manifesta
1473 5602 1555 5667 est
1587 5593 1879 5667 hujnsloci
1903 5595 2230 5667 corruptela.
2258 5593 2496 5667 Rufinus
2528 5596 2598 5667 ita
2632 5593 3045 5667 interpretatur:
3068 5609 3087 5640 ι
3109 5589 3260 5644 Unde
3285 5589 3389 5667 .th-

125 5663 284 5740 beate
312 5663 1107 5740 eo—élibrum—fconscripsi,
1133 5679 1366 5740 eumque
1382 5665 1446 5740 ad
1467 5673 1517 5719 te
1543 5664 1662 5740 ipso
1687 5665 1908 5740 jubente
1933 5664 2229 5740 transmisi.
2257 5663 2475 5740 Dicebat
2496 5665 2664 5740 enim,
2689 5663 3005 5740 mandatum
3030 5675 3088 5740 se
3116 5663 3392 5740 accepisse

127 5734 221 5820 abs
252 5749 326 5800 te,
353 5745 418 5789 ut
447 5764 519 5773 --
546 5735 953 5820 transmitteret.
948 5731 1146 5820 :Unde
1167 5735 1487 5818 crediderim
1513 5731 1896 5820 corrigendum
1933 5752 2051 5790 esse
2082 5735 2314 5805 ἐποίησα
2345 5743 2398 5790 et
2428 5735 2692 5796 εἰπόντος.
2729 5732 2785 5787 Si
2817 5731 3166 5786 anacoluthia
3189 5743 3270 5782 cm
3303 5739 3390 5780 ee-

125 5804 291 5872 ditur,
320 5807 675 5860 inserendum
698 5805 888 5860 saltem
920 5799 979 5857 οὗ
1007 5815 1128 5872 post
1160 5805 1531 5868 κελεύσαντος.
1570 5803 1629 5858 S.

423 5900 696 5962 ΡΑτιιοι.
746 5899 864 5959 Gs.
918 5900 999 5960 II.

3023 5889 3065 5950 3
