3868 6212
501 294 570 355 75
1392 299 1448 353 S.
1485 292 1872 357 CLEMENTIS
1909 294 1933 356 ῐ
1969 297 2039 358 Η(

2167 299 2365 359 ΡΟΝΤ.
2390 303 2618 362 OPER'A
2646 309 2874 366 DUBIA.
3697 321 3769 376 76

499 412 796 480 mandatis,
828 413 1170 484 singulorum
1199 424 1468 469 annorum
1510 414 1867 473 allocutiones
1894 428 1947 472 et
1973 435 2035 474 ac

2173 420 2310 485 mbv,
2343 426 2442 486 τάς
2471 424 2591 476 καθ’
2621 424 2850 479 ἕκαστον
2877 425 3120 479 ἐνιαυτὸν
3144 428 3359 498 ὁμιλίας
3390 446 3447 482 τε
3492 432 3586 484 καὶ
3618 434 3770 502 πρά-

496 505 676 558 tiones
707 505 1011 576 descriptas
1041 507 1107 561 ad
1144 515 1197 561 te
1225 507 1520 562 destinare.
1563 509 1833 564 Caterum
1867 526 1978 565 uno
2006 520 2071 566 ac

493 596 675 662 primo
709 596 797 652 die
820 637 836 664 ,
876 598 1221 652 solummodo
1248 597 1361 667 jam
1407 599 1675 670 incipiens
1719 600 1787 655 de
1825 602 2070 659 veritatis

493 689 779 757 propheta,
809 691 862 745 in
895 693 1152 746 omnibus
1194 702 1401 746 certum
1446 708 1532 747 me
1561 693 1824 760 reddidit;
1855 705 2070 764 postea-

492 795 600 847 que
649 780 720 834 ita
755 781 873 836 inﬁt
911 800 924 835 :
961 782 1259 838 Considera
1299 783 1552 853 deinceps
1586 801 1723 854 quas
1756 796 1945 841 contra
1968 789 2069 842 ad-

490 876 767 928 versarios
797 873 1086 929 habiturus
1128 890 1248 929 sum
1285 875 1721 944 disputationes;
1755 888 1808 931 et
1841 877 2070 933 inferior

489 965 536 1019 si
574 980 875 1031 recessero,
912 981 1018 1020 non
1062 981 1254 1021 vereor
1294 982 1362 1022 ne
1398 966 1537 1022 forte
1566 978 1621 1024 tu
1652 971 1719 1025 de
1747 971 1942 1026 tradita
1973 973 2066 1026 tibi

486 1059 716 1113 veritate
742 1060 988 1128 ambigas
1013 1077 1028 1127 ;
1075 1070 1133 1116 ut
1162 1062 1254 1131 qui
1284 1061 1448 1127 scias,
1482 1077 1569 1117 me
1597 1062 1815 1132 quidem
1842 1079 2068 1135 supcra-

485 1161 601 1206 tum
628 1153 824 1220 videri,
864 1168 972 1208 non
1015 1161 1195 1208 autem
1240 1155 1400 1210 nobis
1438 1170 1469 1209 a
1507 1156 1770 1226 propheta
1810 1158 2064 1213 traditam

483 1243 810 1298 doctrinam.
865 1243 1036 1314 Spero
1073 1253 1254 1300 tamen
1296 1262 1475 1317 neque
1520 1248 1574 1302 in
1618 1249 2062 1320 disquisitionum

483 1336 833 1392 sermonibus
865 1335 1124 1392 inferiora
1167 1339 1465 1393 relaturum
1499 1355 1606 1406 me,
1637 1343 1779 1412 apud
1812 1342 2062 1398 homines

483 1438 665 1485 mente
687 1429 944 1500 praditos
963 1471 979 1495 ,
1011 1441 1288 1486 amatores
1307 1469 1324 1496 ,
1356 1432 1581 1502 inquam
1602 1475 1618 1500 ,
1652 1435 1901 1490 veritatis
1922 1475 1936 1501 ,
1966 1438 2061 1506 qui

479 1523 796 1580 discernere
827 1523 1043 1579 valeant
1088 1523 1310 1594 quinam
1360 1539 1676 1581 sermonum
1727 1531 2060 1598 persuasorii

479 1625 627 1680 sunt,
656 1615 935 1672 artiﬁciosi
959 1625 1013 1671 et
1030 1615 1522 1686 jucundi,quinam
1555 1633 1684 1673 vero
1710 1619 1900 1675 inculti
1925 1622 2061 1676 sim-

2173 512 2284 579 ξεις
2309 514 2588 584 γράφοντα
2612 516 2938 587 διαπέμπειν
2956 534 3059 572 σοι.
3093 518 3280 589 Ὅμως
3307 521 3366 573 ἐν
3391 523 3490 592 μιᾷ
3509 526 3576 594 τῇ
3612 525 3764 594 πρώ-

2169 621 2240 677 τῃ
2269 606 2453 677 ἡμέρᾳ.
2493 607 2667 677 ἀρχὴν
2690 607 2791 678 ήδη
2821 608 2980 679 μόνον
3005 609 3323 680 ποιούμενος
3363 614 3491 683 περὶ
3532 615 3628 667 τοῦ
3662 618 3770 686 τῆς

2169 697 2425 766 ἀληθείας
2457 701 2754 771 προφήτου,
2788 700 2916 770 περὶ
2943 701 3160 755 πάντων
3191 720 3260 773 με
3291 705 3765 779 ἐπληροφόρησεν·

2169 789 2265 842 καὶ
2297 784 2395 842 εἷθ’
2421 788 2595 853 οὕτως
2624 790 2750 861 ἐφη·
2809 791 3003 863 Ἐνόρα
3031 794 3126 847 τοῦ
3167 794 3356 850 λοιποῦ
3385 797 3484 862 τὰς
3522 801 3580 866 ἐξ
3619 802 3765 872 ἐμοῦ

2171 881 2307 952 πρὸς
2327 883 2453 945 τοὺς
2481 882 2540 949 ἐξ
2567 884 2813 948 ἐναντίας
2846 886 3134 956 γινομένας
3173 885 3446 959 ζητήσεις·
3484 893 3576 945 καὶ
3605 895 3657 945 εί
3697 893 3763 945 τὸ

2165 967 2329 1042 ἧττον
2360 974 2770 1046 ἀπενέγκωμαι,
2813 977 2874 1029 οὐ
2912 977 3056 1031 δέδια
3102 981 3174 1049 μή
3213 996 3330 1044 πως
3377 981 3441 1032 σὺ
3481 983 3612 1053 περὶ
3653 985 3764 1056 τῆς

2167 1065 2564 1137 παραδοθείσης
2595 1085 2676 1120 σοι
2707 1069 3296 1142 ἀληθείας’διακριθῇς,
3335 1068 3395 1126 εὖ
3411 1074 3458 1105 ⁸⁸
3485 1074 3644 1139 εἰδὼς
3666 1077 3764 1132 ὅτι

2166 1157 2277 1226 ἐγὼ
2307 1159 2568 1229 ἡττᾶσθαι
2597 1159 2775 1227 ἔδοξα,
2797 1162 2896 1232 οὐχ
2913 1163 2961 1195 ⁸⁸
2990 1165 3023 1233 ἡ
3050 1165 3305 1228 ὑπόθεσις
3330 1166 3470 1237 ἠδιά
3488 1167 3582 1221 τοῦ
3617 1186 3760 1240 προ-

2165 1252 2335 1321 φήτου
2365 1251 2728 1323 παραδοθεῖσα
2756 1256 2905 1324 ἡμῖν.
2936 1255 3082 1333 Πλὴν
3110 1254 3315 1320 ἐλπίζω
3347 1259 3482 1330 μηδὲ
3507 1260 3553 1291 ⁸⁸
3581 1261 3642 1314 ἐν
3667 1262 3764 1333 τῷ

2163 1342 2496 1416 ἐξεταστικῷ
2529 1344 2671 1416 λόγῳ
2711 1345 2773 1398 τὸ
2811 1341 2976 1416 ἦττον
2997 1325 3420 1417 ’ἀπενέγκασθαι-
3435 1351 3574 1421 πρὸς
3615 1325 3758 1416 τοὺς

2161 1435 2286 1488 νοῦν
2316 1435 2552 1506 ἔχοντας,
2587 1436 2895 1508 φιλαλήθεις
2921 1437 3028 1510 ω
3073 1439 3237 1508 λέγω,
3265 1441 3457 1505 οἵτινες
3486 1441 3760 1499 δύνανται

2161 1527 2447 1598 γνωρίζειν
2483 1527 2591 1582 τῶν
2630 1528 2801 1596 λόγων
2825 1529 2969 1592 τίνες
2999 1531 3105 1583 εἰσὶ
3138 1530 3371 1595 πιθανοὶ,
3412 1533 3647 1604 ἔντεχνοί
3679 1553 3755 1589 τι

2160 1619 2254 1671 καὶ
2278 1621 2610 1691 ἐπιτερπεῖς,
2639 1621 2784 1683 τίνες
2803 1637 2864 1673 τε
2879 1621 2923 1653 ⁸⁷
2966 1621 3103 1676 λιτοὶ
3141 1624 3237 1676 καὶ
3272 1624 3465 1692 ἁπλοῖ,
3503 1626 3642 1698 μόνῃ
3671 1632 3756 1699 τῇ

478 1708 777 1780 plicesque,
816 1709 870 1764 in
918 1709 1033 1765 sola
1075 1725 1239 1781 quam
1280 1710 1566 1781 proferunt
1610 1712 1842 1769 veritate
1887 1715 2039 1770 conli-

2157 1709 2223 1764 δι’
2255 1712 2433 1765 αὐτῶν
2460 1713 2692 1785 ἀληθείᾳ
2714 1713 3055 1780 πεποιθότες.

477 1799 690 1854 dentes.

546 1889 688 1946 XXI.
719 1890 1015 1963 Postquam
1042 1893 1155 1949 hac
1176 1893 1425 1958 dixisset,
1449 1895 1706 1964 respondi
1734 1895 1892 1953 :Jam
1923 1914 2051 1969 gra-

473 1983 580 2038 tias
607 1981 718 2037 Deo
744 1999 867 2054 ago,
902 1985 1034 2054 quia
1057 1985 1201 2040 sicut
1223 1986 1369 2040 volui
1400 1986 1794 2055 plenitudinem
1825 1993 2050 2046 certitu-

473 2075 616 2130 dinis
653 2077 922 2146 accipere,
953 2076 1028 2131 ita
1058 2085 1112 2132 et
1153 2079 1287 2132 mihi
1337 2079 1548 2134 tribuit.
1599 2079 1868 2137 Caeterum
1900 2084 2048 2153 quod

472 2167 538 2220 ad
563 2183 648 2221 me
669 2168 883 2234 attinet,
909 2169 1019 2223 noli
1049 2170 1287 2238 amplius
1311 2185 1434 2225 esse
1465 2172 1751 2240 sollicitus,
1783 2175 2046 2244 quoniam

471 2258 736 2313 dubitabo
767 2274 1087 2329 nunquam;
1123 2261 1181 2314 in
1211 2270 1446 2328 tantum,
1482 2272 1542 2317 ut
1565 2264 1727 2318 etiam
1760 2265 1806 2321 si
1833 2273 1891 2320 tu
1928 2267 2046 2336 ipse

469 2351 605 2406 velis
634 2351 931 2422 aliquando
961 2367 1050 2407 me
1083 2367 1114 2407 a
1160 2352 1266 2409 (ide
1309 2355 1587 2425 propheta
1633 2366 1898 2424 avertere,
1927 2373 2041 2414 rem

469 2442 865 2513 impossibilem
890 2443 1151 2515 perﬁcere
1193 2460 1302 2500 non
1349 2447 1576 2517 poteris,
1608 2447 1743 2503 adeo
1769 2449 1915 2519 quod
1946 2465 2041 2506 ac-

467 2536 607 2602 cepi,
635 2543 815 2590 mente
845 2543 1027 2591 teneo.
1067 2533 1252 2606 Neque
1282 2553 1410 2592 vero
1435 2539 1740 2603 existimes,
1779 2555 2040 2611 magnum

466 2641 497 2680 ιι
528 2642 614 2681 me
641 2627 911 2696 promitti,
947 2627 1054 2683 hoe
1079 2629 1282 2698 ipsum,
1308 2630 1454 2700 quod
1484 2646 1766 2700 nunquam
1793 2632 1897 2686 sim
1931 2633 2040 2687 ha-

466 2719 736 2774 sitaturus
762 2735 778 2773 :
803 2719 898 2774 sed
930 2735 1105 2790 neque
1135 2721 1252 2790 ipse
1281 2736 1404 2792 ego,
1437 2737 1536 2778 nec
1574 2723 1725 2778 ullus
1751 2723 2038 2780 hominum

465 2810 670 2866 auditis
701 2811 1050 2868 sermonibus
1081 2811 1148 2866 de
1176 2813 1439 2883 propheta
1472 2815 1749 2885 ambigere
1790 2832 2036 2888 unquam

463 2902 534 2958 de
561 2918 689 2958 vera
719 2904 966 2958 doctrina
997 2906 1228 2975 poterit,
1259 2920 1382 2960 cum
1414 2906 1568 2977 prius
1600 2908 1835 2963 audierit
1873 2909 2036 2965 intel-

463 2994 766 3065 lexeritque
790 2995 920 3066 quid
953 2995 1023 3051 sit
1055 2997 1386 3067 prophetica
1418 3000 1865 3068 repromissionis
1893 3001 2038 3055 veri-

2225 1867 2366 1923 XXI.
2408 1869 2592 1922 Ταῦτα
2642 1870 2806 1925 αὐτοῦ
2851 1871 3113 1936 εἰπόντος,
3146 1866 3553 1946 ἀπεκρινάμην·
3595 1870 3743 1949 Ἤδη

2151 1961 2455 2033 εὐχαριστῶ
2469 1962 2546 2033 τῷ
2563 1962 2700 2034 Θεῷ·
2719 1964 2793 2026 ὡς
2806 1964 2912 2036 γάρ
2927 1964 3220 2037 ἐϐουλόμην
3234 1967 3740 2039 πληροφορηθῆναι,

2150 2053 2322 2119 οὕτως
2358 2073 2448 2126 μοι
2481 2058 2574 2110 καὶ
2606 2057 2895 2127 παρέσχεν.
2934 2057 3081 2142 Πλῂν
3109 2057 3178 2109 τά
3220 2059 3349 2129 περὶ
3380 2058 3513 2130 ἐμοῦ
3542 2062 3707 2112 τοσοῦ

2146 2167 2239 2203 τον
2267 2150 2568 2221 ἀμέριμνος
2587 2150 2634 2181 ⁸⁸
2656 2151 2783 2213 ἴσθι,
2812 2151 2895 2202 ὅτι
2912 2150 2972 2201 οὑ
2994 2147 3213 2203 πώποτε
3239 2151 3524 2215 ἐνδοιάσω,
3541 2147 3712 2205 τοσοῦ

2146 2261 2235 2296 τον
2255 2244 2320 2306 ⁸³,
2351 2245 2472 2296 ὅσον
2500 2243 2548 2294 εί
2573 2242 2668 2295 καὶ
2690 2241 2849 2304 αὐτὸς
2877 2242 2941 2294 σὺ
2969 2241 3287 2312 βουληθείης
3310 2242 3440 2295 ποτέ
3468 2244 3568 2313 τῆς
3598 2262 3738 2315 προι-

2147 2335 2382 2407 φητικῆς
2411 2334 2722 2396 ὑποθέσεως
2754 2332 3017 2404 ἐκστῆσαί
3049 2349 3138 2402 με,
3169 2332 3440 2386 ἀδυνατῶν
3472 2334 3534 2387 οὐ
3565 2334 3699 2405 δυνή

2146 2443 2214 2497 σῃ
2251 2426 2318 2490 ⁸⁸,
2362 2425 2614 2479 τοσοῦτον
2663 2420 2780 2477 οἶδα
2830 2424 2860 2476 δ
2910 2423 3239 2493 παρείληφα.
3287 2425 3399 2478 Καὶ
3442 2426 3519 2496 μή
3566 2443 3650 2478 τοι
3682 2426 3734 2459 ’⁸

2143 2519 2331 2590 νόμιζέ
2378 2519 2445 2588 μέ
2485 2535 2566 2570 σοι
2616 2517 2758 2589 μέγα
2803 2516 3272 2586 ἐπαγγέλλεσθαι,
3321 2517 3463 2570 τοῦτ’
3495 2517 3630 2571 αὐτὸ
3665 2518 3734 2571 τὸ

2145 2613 2220 2684 μὴ
2256 2613 2524 2666 ἐνδοιάσαι
2573 2611 2729 2664 ποτέ’
2765 2610 2877 2663 ἀλλ’
2907 2609 3018 2663 οὔτ’
3066 2609 3226 2672 αὐτὸς
3243 2611 3289 2642 ⁹¹
3328 2609 3439 2679 ἐγὼ
3484 2609 3610 2663 οὔτε
3640 2625 3729 2674 τις

2141 2703 2442 2775 ἀνθρώπων
2493 2702 2600 2755 τῶν
2621 2702 2667 2734 ⁸⁸
2703 2703 2830 2771 περὶ
2875 2703 3149 2773 προφήτου
3195 2700 3368 2769 λόγων
3410 2701 3731 2766 ἐπακούσαι,

2138 2796 2410 2850 ἐνδοιάσαι
2452 2795 2583 2848 ποτέ
2625 2795 2909 2866 δυνήσεται
2955 2795 3084 2866 περὶ
3121 2794 3220 2864 τῆς
3251 2793 3481 2864 ἀληθοῦς
3502 2794 3549 2825 ’⁸
3581 2793 3717 2849 ὐπα-

2142 2890 2371 2953 θέσεως,
2420 2888 2686 2960 πρότερον
2735 2885 3047 2948 ἐπακούσας
3096 2885 3191 2938 καὶ
3237 2887 3470 2956 νοήσας,
3503 2885 3556 2937 τί
3600 2887 3732 2939 ἐστι

2138 2981 2482 3054 προφητικῆς
2512 2979 2840 3047 ἐπαγγελίας
2863 2978 3100 3049 ἀλήθεια.
3144 2977 3236 3048 Διρ
3263 2977 3454 3049 Θάρρει
3485 2977 3563 3049 τῷ
3600 2976 3700 3031 θεο

460 3094 567 3141 tas.
593 3086 776 3154 Quare
799 3087 1014 3142 conﬁde
1042 3088 1108 3143 de
1134 3087 1244 3143 Deo
1271 3089 1483 3158 placita
1509 3091 1810 3145 sententia.
1843 3089 2037 3149 Omnis

2146 3074 2384 3145 δουλήτῳ
2408 3073 2652 3143 δόγματι.
2691 3073 2846 3124 Πᾶσα
2877 3071 2985 3142 γὰρ
3014 3070 3178 3142 τέχνη
3200 3070 3396 3133 κακίας
3419 3069 3700 3141 νενίκητασ

462 3179 664 3248 quippe
698 3178 910 3234 devicta
937 3188 1025 3234 est
1058 3195 1149 3236 ars
1184 3181 1425 3236 malitia.
1452 3181 1584 3236 Nam
1616 3183 1881 3239 adversus
1906 3200 2036 3255 pro-

460 3270 702 3340 phetiam
740 3271 883 3326 nihil
927 3281 1161 3342 possunt
1207 3289 1385 3343 neque
1431 3275 1723 3330 verborum
1773 3277 2029 3346 artiﬁcia,

460 3378 638 3433 neque
665 3363 1066 3434 sophismatum
1093 3366 1540 3436 excogitationes,
1567 3382 1676 3422 non
1709 3368 2029 3438 syllogismi,

459 3471 568 3511 non
601 3457 707 3512 alia
733 3458 1001 3528 quapiam
1027 3459 1392 3526 machinatio;
1419 3459 1467 3513 si
1494 3462 1605 3513 veri
1626 3460 1904 3529 propheta
1929 3475 2030 3516 au-

454 3549 600 3604 ditor
625 3549 906 3604 veritatem
932 3549 1158 3605 omnino
1185 3551 1407 3620 appetit,
1429 3566 1535 3604 non
1566 3559 1747 3605 autem
1781 3551 2028 3608 veritatis

454 3650 717 3711 pratextu
748 3642 971 3712 respicit
1013 3643 1160 3697 aliud
1206 3643 1508 3714 quidpiam.
1559 3642 1767 3714 itaque,
1800 3644 2024 3700 domine

452 3734 527 3788 mi
554 3733 734 3801 Petre,
763 3735 960 3791 anxius
987 3751 1055 3790 ne
1082 3736 1178 3802 sis,
1202 3735 1359 3805 quasi
1381 3736 1681 3790 maximum
1701 3736 1906 3792 donum
1927 3737 2023 3792 ho-

452 3825 586 3880 mini
618 3841 784 3881 sensu
821 3826 1028 3881 carenti
1067 3827 1375 3882 tradideris.
1427 3827 1692 3882 Sentienti
1726 3828 1870 3884 enim
1899 3844 2024 3900 gra-

449 3918 581 3972 tiam
613 3917 848 3985 dedisti,
877 3918 1038 3988 eique
1079 3918 1173 3990 qui
1219 3919 1365 3975 circa
1399 3920 1660 3975 traditum
1688 3935 1879 3975 verum
1909 3936 2021 3976 non

447 4012 648 4080 poterit
670 4012 869 4081 decipi.
894 4009 1030 4066 Novi
1056 4012 1255 4082 quippe
1279 4012 1331 4066 id
1356 4027 1524 4066 unum
1545 4026 1666 4066 esse
1687 4027 1752 4067 ex
1780 4012 1868 4077 iis,
1897 4029 2021 4082 qua

446 4107 644 4176 aliquis
672 4105 905 4176 cupierit
933 4105 1043 4160 cito
1068 4105 1338 4174 accipere,
1363 4120 1469 4158 non
1501 4113 1684 4158 autem
1708 4105 1862 4159 tarde
1886 4119 2018 4159 con-

445 4198 622 4267 sequi.
659 4197 786 4252 Scio
816 4197 983 4267 igitur
1015 4212 1124 4250 non
1157 4195 1612 4253 contemnendum
1645 4210 1766 4250 esse
1810 4195 1881 4250 ob
1926 4210 2018 4250 ce-

443 4290 708 4344 leritatem
731 4331 746 4357 ,
776 4289 923 4359 quod
953 4289 1140 4343 datum
1177 4288 1312 4342 mihi
1358 4296 1476 4353 est,
1508 4286 1766 4357 quodque
1805 4295 1891 4342 est
1931 4287 2016 4341 in-

442 4383 808 4452 comparabile
836 4397 900 4437 ac
928 4381 1103 4437 solum
1130 4389 1330 4435 tutum.

511 4473 676 4527 XXII.
722 4471 847 4529 Haec
876 4481 1165 4542 postquam
1202 4472 1418 4526 locutus
1441 4485 1585 4536 sum,
1617 4468 1811 4525 Petrus
1839 4469 2011 4525 dixit:

439 4567 682 4620 Gratiam
727 4565 838 4621 Deo
884 4565 1081 4629 habeo,
1124 4575 1179 4620 et
1209 4579 1309 4634 pro
1341 4564 1518 4620 salute
1544 4573 1660 4630 tua,
1685 4572 1739 4618 et
1765 4577 1863 4633 pro
1891 4577 2014 4617 meo

438 4657 729 4712 commodo
756 4666 920 4727 atque
958 4657 1376 4712 oblectamento.
1411 4655 1548 4712 Vere
1573 4657 1840 4727 siquidem
1874 4673 2012 4728 gau-

439 4750 565 4814 deo,
589 4750 768 4804 sciens
796 4757 850 4803 te
879 4764 1130 4818 quanam
1152 4749 1224 4804 sit
1251 4749 1548 4819 prophetia
1571 4748 1888 4819 magnitudo
1916 4764 2012 4803 co-

438 4841 712 4911 gnovisse.
745 4840 1016 4907 Quoniam
1051 4855 1203 4910 ergo,
1238 4849 1299 4894 ut
1326 4840 1558 4906 dixisti,
1594 4856 1771 4910 neque
1803 4839 1850 4895 si
1894 4839 2009 4909 ipse

2139 3167 2282 3239 Πρὸς
2312 3167 2419 3238 γὰρ
2448 3163 2779 3236 προφητείαν
2809 3161 2965 3216 οὐδὲν
2987 3161 3240 3215 δύνανται
3265 3160 3387 3214 οὔτε
3415 3161 3600 3232 τέχναι
3628 3161 3728 3216 λό-

2136 3277 2270 3329 γων,
2303 3257 2427 3310 οὒτε
2462 3256 2812 3326 σοφισμάτων
2853 3254 3108 3318 ἐπίνοιαι,
3143 3254 3202 3308 οὐ
3228 3254 3592 3327 συλλογισμοὶ,
3614 3257 3730 3312 οὐκ

2134 3352 2266 3422 ἄλλη
2295 3369 2378 3413 τις
2407 3350 2646 3420 μηχανή·
2682 3348 2775 3402 ἐάν
2802 3364 2866 3416 γε
2895 3349 2922 3400 ό
2948 3347 3262 3410 ἐπακούσας
3283 3349 3558 3418 προφήτου
3582 3349 3725 3420 ἀλη-

2134 3443 2260 3506 θοῦς
2290 3440 2544 3513 ἀληθείας
2572 3440 2739 3502 ὅντως
2771 3439 3042 3510 ὀρέγεται,
3069 3438 3164 3491 καὶ
3193 3438 3253 3491 οὐ
3284 3439 3552 3510 προφάσει
3579 3440 3685 3510 ἀλη

2132 3533 2282 3598 θείας
2320 3533 2506 3603 ἕτερόν
2556 3549 2609 3584 τι
2653 3530 3062 3603 περιϐλέπεται.
3105 3531 3267 3582 Ὥστε
3288 3530 3355 3592 ’⁸,
3403 3528 3563 3600 κύριέ
3611 3546 3726 3600 μου

2129 3625 2305 3698 Πέτρε
2330 3665 2345 3689 ,
2380 3626 2453 3696 μὴ
2498 3623 2719 3694 ἀθύμει,
2753 3623 2830 3685 ὡς
2866 3605 3202 3694 ἀναισθήτῳῆ
3221 3622 3281 3674 τὸ
3310 3619 3420 3692 44
3455 3621 3720 3691 μέγιστον

2127 3717 2512 3789 δωρησάμενος
2542 3714 2764 3784 ἀγαθόν.
2809 3713 3126 3784 Λίσθομένῳ
3165 3712 3273 3784 γὰρ
3317 3713 3538 3784 χάριτος
3576 3713 3717 3765 ἐδω-

2131 3809 2282 3881 ρήσω
2305 3809 2373 3872 ’⁸,
2412 3809 2506 3861 καὶ
2541 3809 2616 3878 μὴ
2651 3807 2932 3876 δυναμένῳ
2963 3804 3308 3876 ἀπατηθῆναι
3337 3803 3444 3856 ἀπὸ
3484 3801 3578 3854 τοῦ
3623 3803 3718 3854 δο-

2127 3902 2310 3965 θέντος
2341 3900 2592 3972 ἀληθοῦς.
2623 3896 2751 3953 Οἷδα
2779 3898 2887 3969 γάρ
2921 3899 3002 3950 ὅτι
3035 3896 3094 3950 ἐν
3123 3899 3268 3950 ἐστιν
3289 3894 3334 3929 ’⁷
3359 3889 3432 3951 ὧν
3455 3893 3720 3966 βούλεταί

2122 4011 2207 4054 τις
2238 3994 2332 4047 καὶ
2373 3987 2582 4063 ταχέως
2631 3991 2814 4043 λαϐεῖν
2862 3987 2957 4043 καὶ
3009 3989 3251 4060 βραδέως
3301 3989 3376 4060 μὴ
3424 3987 3673 4057 τυχεῖνκ

2122 4083 2254 4141 Οἶδα
2300 4082 2394 4139 οὖν
2439 4086 2513 4156 μὴ
2555 4085 2914 4153 καταφρονεῖν
2947 4081 3041 4134 τοῦ
3085 4075 3328 4144 δοθέντος
3357 4097 3484 4151 μοι,
3517 4078 3608 4133 διὰ
3643 4079 3714 4132 τδ

2119 4179 2281 4249 τάχος
2302 4217 2317 4241 ,
2347 4176 2673 4248 ἀσυγκρίτου
2715 4175 2807 4228 καὶ
2842 4172 3001 4246 μόνου
3033 4171 3324 4242 ἀσφαλοῦς.

2188 4466 2353 4522 XXII.
2394 4465 2578 4518 Ταῦτα
2629 4463 2730 4534 μοῦ
2764 4464 3027 4527 εἰπόντος,
3059 4464 3088 4516 ό
3121 4462 3323 4534 Πέτρος
3355 4461 3489 4533 ἔφη·
3519 4462 3709 4533 Χάριν

2114 4559 2358 4632 ὁμολογῶ
2381 4558 2459 4630 τῷ
2489 4557 2607 4628 Θεῷ
2640 4557 2732 4609 καὶ
2761 4552 2888 4627 περὶ
2913 4553 3012 4626 τῆς
3040 4552 3136 4626 σῆς
3162 4553 3431 4625 σωτηρίας
3451 4552 3703 4625 καὶπερὶ

2112 4652 2212 4723 τῆς
2244 4651 2380 4722 ἐμῆς
2399 4650 2445 4681 ⁹⁹
2476 4644 2843 4710 ἀπολαύσεως.
2890 4643 3126 4717 Ἀληθῶς
3165 4645 3272 4717 γὰρ
3305 4645 3501 4716 ἥδομαι
3533 4645 3706 4709 είδὼς

2111 4747 2193 4799 ὅτι
2244 4743 2488 4812 ἐπέγνως
2533 4736 2590 4794 τί
2635 4742 2753 4793 ποτ’
2805 4735 2923 4792 ἐστῖ
2981 4736 3314 4809 προφητείας
3339 4737 3406 4768 ¹⁶⁰
3439 4736 3695 4806 μέγεθος.

2123 4838 2274 4892 Ἐπεὶ
2301 4833 2416 4899 οὖν,
2445 4829 2520 4898 ὡς
2549 4834 2682 4904 ἐφης
2701 4833 2740 4897 ί,
2775 4831 2881 4884 οὐδ’
2904 4831 2969 4885 ἂν
2991 4828 3153 4893 αὐτὸς
3174 4828 3284 4898 ἐγὼ
3307 4828 3514 4900 θελήσω
3535 4829 3696 4890 ποτέ,

436 4950 538 5005 ego
613 4933 929 5003 aliquando,
980 4933 1125 5001 quod
1158 4929 1340 4986 absit!
1373 4932 1636 4986 voluerim
1675 4941 1727 4986 te
1762 4932 1828 4986 ad
1860 4931 2006 4985 aliud

2146 4948 2244 5002 περ
2275 4924 2441 4999 ἀπείη
2470 4967 2484 4991 ,
2516 4924 2595 4990 είς
2625 4922 2812 4995 ἔτερόν
2847 4939 2906 4975 σε
2943 4921 3277 4993 μεταστῆσαι
3309 4920 3483 4990 δόγμα
3505 4958 3520 4983 ,
3549 4919 3650 4990 οὐχ
3672 4917 3699 4951 ⁵

434 5026 631 5096 dogma
662 5025 981 5090 transferre,
1016 5024 1247 5080 idoneus
1273 5025 1339 5080 ad
1367 5033 1419 5080 te
1447 5023 1888 5094 persuadendum
1919 5021 2005 5077 fu-

2095 5023 2290 5098 τίκανὸς
2323 5021 2514 5091 ἐσομαι
2548 5016 2732 5071 πεῖσαί
2780 5033 2839 5069 σε
2862 5053 2878 5078 ,
2921 5013 3081 5084 ἄρξαι
3109 5011 3203 5066 τοῦ
3236 5011 3424 5065 λοιποῦ
3451 5010 3561 5066 ἀπὸ
3590 5013 3697 5082 τῆς

1714 5135 1950 5191 VARUE
2015 5133 2421 5191 LECTIONES.

501 5233 548 5265 ⁸⁸
579 5228 638 5304 εὖ
665 5231 750 5295 D.,
781 5227 816 5304 ἦ
850 5231 1019 5304 C,O.i
1071 5231 1117 5263 ⁸³
1145 5231 1263 5304 οὐχί
1296 5233 1356 5286 C.
1438 5232 1483 5263 ⁸⁸
1517 5232 1594 5286 Ita
1690 5270 1704 5295 ,
1742 5232 1994 5304 missi},
2132 5229 2268 5304 Tum
2298 5228 2584 5304 ἐξετᾶστςῃ
2614 5222 3016 5304 0,“mend9_se._
3038 5222 3113 5304 "7
3142 5239 3208 5304 τε
3334 5234 3385 5275 c.
3418 5219 3505 5304 S,,
3525 5236 3600 5304 γε
3625 5219 3694 5271 C.

430 5303 476 5375 ’ἢ
505 5288 914 5375 ἀμέριμνον’ρ.’
980 5288 1309 5375 ⁸⁹ντοσοῦίξον
1340 5288 1776 5375 expungendum.
1803 5288 1860 5354 Ξ.
1894 5288 2034 5375 Iuni
2059 5288 2359 5375 βουληθείς
2380 5315 2512 5351 ποτε
2629 5368 2658 5375 _
2680 5294 2856 5375 “itan
2877 5294 2921 5348 0
2950 5335 2965 5359 ,
2995 5294 3237 5375 ἠδυγῄση
3266 5291 3353 5375 Cn,
3379 5306 3464 5375 oe.
3482 5288 3694 5375 ἀδυνα-

427 5358 706 5451 ῖῆσᾶιῇέί
734 5371 798 5451 ἀν
814 5372 1176 5451 ἀδυνατήσαις
1207 5358 1489 5451 proposuit
1717 5389 1769 5451 τι
1799 5375 1858 5451 ί).
1894 5358 2131 5451 Τιιιηςμέ
2165 5358 2246 5422 σόι
2278 5358 2365 5432 θ’,
2404 5385 2493 5451 μοι
2527 5365 2592 5419 σύ
2623 5368 2676 5419 C.
2738 5358 3502 5451 Rufinusj'gejnde
3524 5358 3695 5451 τῐοῦξο

429 5427 495 5497 C:
541 5427 613 5474 V"
646 5443 778 5496 αὐτό
807 5445 866 5496 0.
943 5442 988 5472 "
1020 5427 1110 5495 τὸν
1143 5427 1387 5511 ξ-’λόγον
1432 5442 1494 5499 C.
1571 5441 1616 5473 "
1640 5441 1894 5511 ἀληθείας
1926 5445 1966 5493 0
1997 5480 2011 5504 ,
2049 5427 2100 5494 ιὶι
2152 5456 2323 5508 marg.
2352 5427 2564 5511 eadem
2611 5451 2763 5511 man.
2804 5443 3105 5511 correctum
3149 5432 3204 5511 in
3223 5427 3688 5511 jMQbGC-“Dfﬁﬂ

427 5511 511 5578 τίς
549 5515 696 5566 ἐστιν
723 5512 810 5583 ϐε
862 5511 912 5543 ’⁸
939 5513 1031 5565 καὶ
1075 5513 1197 5566 οὔτε
1226 5518 1288 5567 υ.
1366 5514 1411 5544 ⁹⁶
1454 5512 1628 5583 ἐδώρη

431 5573 746 5660 tautologia.
772 5582 1042 5660 Fortasse
1066 5585 1225 5660 verba
1251 5584 1350 5660 illa_
1367 5583 1497 5660 loco_
1519 5573 1902 5660 suo'_move_nda
1917 5591 2074 5660 sunt,
2096 5573 2896 5660 ut_l3g_atur‘verst‘i'insequenti
2921 5573 3014 5660 διςε

419 5652 560 5725 δέως
579 5643 780 5723 τυξεϊν,
941 5653 994 5725 ξ’
1025 5651 1100 5710 lla
1137 5654 1202 5710 0.
1237 5671 1284 5711 c.
1318 5654 1356 5710 S
1387 5694 1401 5720 ,
1436 5654 1534 5723 τῆς
1564 5654 1657 5708 καὶ
1685 5653 1810 5724 περὶ¹
1841 5653 1980 5725 ἐμῆς
2006 5643 2070 5708 C.
2151 5643 2324 5706 "Vlla
2351 5649 2418 5716 0,
2443 5664 2490 5707 ε.
2521 5647 2561 5704 S
2589 5690 2604 5718 ,
2642 5643 2946 5717 πρόφητίας
2975 5643 3037 5697 C-

417 5723 595 5802 fltaU,
621 5721 678 5779 cf.
704 5725 741 5777 ὃ
771 5765 786 5791 ,
809 5724 907 5778 οὐκ
929 5721 990 5776 C.

1638 5499 1741 5575 σας
1771 5511 1831 5566 C.
1874 5499 1952 5544 "'
1987 5499 2192 5564 ἔνεστιν
2237 5499 2301 5562 ΟΪ
2375 5509 2421 5540 ’⁸
2447 5505 2661 5576 ἀτυχεῖν
2708 5505 2725 5575 (
2746 5505 3009 5626 perdere;
3046 5502 3190 5570 conj.
3223 5500 3266 5552 D
3296 5541 3310 5564 ,
3347 5509 3406 5553 ut
3447 5499 3691 5550 evitetur

1642 5585 1901 5626 mnvondn
1927 5591 2072 5626 sunt-
2096 5581 2380 5626 ullmmllll'
2398 5595 2557 5626 versu
2593 5574 2896 5626 insequenti
2921 5573 2970 5626 δι
3037 5572 3098 5625 τὺ
3125 5571 3289 5626 τάγος
3319 5571 3412 5622 καὶ
3449 5569 3522 5626 μὴ
3556 5565 3686 5626 βρα⁴

3037 5572 3098 5625 τὺ
3125 5565 3289 5640 τ’άχος
3319 5571 3412 5622 καὶ
3449 5569 3522 5637 μὴ
3555 5565 3686 5640 $93-

3131 5644 3146 5674 ¹
3173 5635 3248 5705 ὡς
3281 5639 3416 5709 ἔφης
3450 5635 3566 5692 om.
3598 5635 3671 5694 ‘0.
