3868 6212
440 312 497 365 19
1363 304 1419 360 S.
1459 299 1845 359 CLEMENTIS
1872 299 1899 355 ῐ
1923 299 2087 357 ROM.
2124 298 2323 355 PONT.
2357 296 2586 355 OPERA
2622 299 2841 358 DUBIA.

3632 298 3715 353 80

429 428 733 486 solationes
763 435 816 480 et
846 424 1247 482 admonitiones
1290 423 1358 478 iis
1399 422 1711 484 admovere,
1746 418 1840 488 qui
1877 417 1998 470 mali

2114 420 2208 471 καὶ
2242 418 2519 483 νουθεσίας
2548 418 2877 491 προσφέρειν
2896 418 3006 481 τοῖς
3030 416 3227 487 φαῦλόν
3260 434 3314 469 τι
3344 416 3705 488 πράττουσιν.

434 521 635 594 aliquid
668 520 869 574 habent
898 534 960 573 ac
995 527 1207 589 gerunt.
1236 517 1358 581 Aio,
1394 514 1538 585 quod
1576 514 1623 568 si
1657 514 1877 583 quidem
1909 513 2008 567 ali-

431 615 551 683 quis
585 612 836 682 prolicit,
868 611 1152 676 adhibeat;
1189 610 1272 665 sin
1327 610 1544 673 minus,
1594 606 1826 676 tempori
1877 622 2009 661 con-

424 709 603 760 cedat.
655 704 781 759 Scio
824 703 1024 758 etenim
1049 743 1063 767 ,
1097 712 1291 756 cuneta
1324 701 1525 755 habere
1566 716 1727 755 suum
1768 708 2005 769 tempus.

421 797 503 864 Qu
517 813 611 854 are
643 806 857 868 oportet
890 811 1172 852 sermones
1202 797 1296 864 qui
1341 794 1586 849 animum
1618 794 1883 848 roborant
1904 793 2006 847 ho-

422 894 673 948 minibus
704 902 830 946 ante
870 890 1213 945 vexationem
1255 890 1504 951 tradere;
1535 897 1599 942 ut
1626 887 1672 942 si
1703 886 1834 957 quid
1871 884 2009 941 forte

430 987 581 1056 pravi
622 985 918 1049 acciderit,
952 997 1108 1036 mens
1153 981 1305 1051 prius
1335 988 1548 1034 armata
1598 988 1747 1034 recta
1793 978 2009 1033 ratione

430 1081 602 1147 possit
640 1080 693 1134 id
732 1083 879 1148 quod
906 1078 1115 1131 illatum
1142 1085 1225 1130 est
1254 1075 1517 1145 perferre.
1549 1073 1704 1128 Tunc
1727 1074 1929 1143 quippe
1957 1071 2006 1126 ei

432 1172 525 1241 qui
564 1188 659 1241 per
707 1172 911 1226 bonum
954 1169 1242 1225 consilium
1288 1168 1587 1238 opitulatus
1615 1176 1720 1235 est,
1767 1182 1923 1222 mens
1952 1165 2006 1220 in

434 1267 551 1335 ipso
577 1264 1000 1319 conﬂictationis
1031 1262 1261 1317 articulo
1291 1261 1429 1316 solet
1456 1273 1804 1315 concurrere.

502 1356 592 1409 IV.
630 1356 902 1410 Cteterum
950 1354 1167 1421 audivi,
1203 1354 1499 1418 Ciemens,
1554 1350 1861 1405 Barnabam
1910 1349 2005 1405 tibi

428 1449 776 1502 Alexandriae
812 1446 1039 1502 omnino
1066 1446 1387 1515 exposuisse
1415 1444 1720 1499 doctrinam
1764 1442 1833 1497 de
1880 1457 2009 1511 pro-

428 1540 647 1609 phetia;
687 1555 755 1593 an
792 1539 843 1592 id
874 1553 1063 1593 verum
1116 1552 1223 1591 non
1275 1537 1403 1592 est?
1452 1535 1517 1590 Et
1567 1551 1667 1606 ego
1704 1536 2002 1605 respondi:

433 1630 507 1684 tta
536 1641 644 1697 est,
674 1631 964 1684 admodum
991 1630 1251 1698 praeclare
1280 1630 1331 1683 id
1362 1628 1510 1683 fecit.
1539 1628 1607 1682 Et
1630 1628 1823 1682 Petrus
1848 1644 1860 1679 :
1886 1627 2005 1683 Non

2110 511 2292 581 Φημὶ,
2331 512 2379 562 εί
2428 510 2528 581 μὲν
2558 509 2712 564 ἀνύει
2740 527 2854 573 τις,
2887 509 3270 581 προσφερέτω·
3302 509 3351 561 εί
3382 508 3437 560 δὲ
3491 509 3592 579 μὴ,
3620 509 3710 579 τῷ

2110 603 2286 674 καιρῷ
2329 603 2541 667 είξάτω.
2609 603 2749 672 Ἐγὼ
2791 602 2901 675 γὰρ
2948 598 3064 655 οἶδα
3083 603 3129 633 ὀ
3158 602 3241 655 ὅτι
3287 602 3465 655 πάντα
3506 602 3710 673 καιρὸν

2113 693 2241 747 ῐδιον
2290 694 2421 765 ἔχει.
2457 694 2549 747 Διὸ
2585 695 2691 766 χρὴ
2725 696 2839 757 τοῖς
2882 692 3189 765 ἀνθρώποις
3221 694 3346 756 τοὺς
3382 693 3482 763 τὴν
3512 692 3708 762 ψυχὴν

2113 784 2416 857 ρωννύντας
2443 770 2636 855 λόγους
2664 786 2771 859 πρὸ
2808 786 2908 857 τῆς
2936 785 3233 849 κακώσεως
3265 785 3578 847 ἐπιδιδόναι,
3609 785 3706 837 ἵνα.

2110 877 2166 931 εῐ
2189 896 2319 932 ποτε
2357 878 2572 932 ἐπέλθοι
2592 880 2636 910 ¹¹
2665 896 2720 931 τι
2752 878 2984 948 φαῦλον,
3018 878 3047 930 6
3075 875 3199 940 νοῦς
3246 875 3733 948 προωπλισμφένος.

2109 969 2254 1041 ὀρθῷ
2293 969 2372 1040 τῷ
2402 970 2644 1041 λογισμῷ
2687 969 2750 1023 τὸ
2795 968 3087 1040 ὲπενεχθὲν
3135 969 3434 1039 ὑποστῆναι
3466 969 3732 1040 δυνηθῇ..

2110 1063 2243 1116 Τότε
2264 1062 2371 1135 γὰρ
2391 1064 2485 1116 καὶ
2505 1062 2582 1134 τῷ
2608 1063 2693 1116 διά
2720 1062 2947 1134 γνώμης
2966 1060 3176 1132 ἀγαθῆς
3198 1061 3520 1132 βοηθήσαντι
3542 1062 3704 1133 παρά

2108 1155 2207 1226 ¹τὴν
2238 1155 2421 1225 ἀκμὴν
2448 1154 2542 1208 τοῦ
2573 1154 2811 1227 πολέμου
2841 1152 2979 1208 οἶδεν
3004 1155 3033 1209 6
3063 1153 3187 1219 νοῦς
3218 1153 3545 1226 συντρέχειν.
3630 1148 3633 1151 ’

2179 1267 2269 1322 ιν.
2312 1270 2459 1341 Πλὴν
2490 1269 2712 1341 ἔμαθον,
2743 1264 2787 1323 ὧ
2815 1269 3080 1341 Κλήμης,
3109 1268 3186 1333 ὼς
3229 1270 3289 1321 ἐν
3328 1271 3394 1339 τῇ
3439 1268 3721 1335 Ἀλεξαν-

2107 1363 2261 1435 δρείᾳ
2286 1366 2314 1417 6
2346 1340 2632 1434 Παρνάϐας
2649 1362 2741 1415 τὸν
2763 1362 2890 1434 περὶ
2920 1340 3256 1433 προφητείας
3283 1361 3438 1429 λόγον
3468 1359 3702 1421 τελείως

2111 1474 2191 1509 σοι
2238 1456 2477 1522 ἐξέθετο·
2531 1450 2569 1525 ἦ
2614 1455 2722 1526 γάρ
2754 1453 2848 1517 οὑ;
2893 1452 3063 1521 Κάγὼ
3106 1452 3505 1523 ἀπεκρινάμην·
3558 1451 3701 1515 Ναί,

2108 1549 2204 1601 καὶ
2236 1549 2375 1602 πάνυ
2407 1548 2607 1612 καλῶς.
2646 1548 2755 1600 Καὶ
2787 1549 2816 1600 6
2850 1545 3088 1616 Πέτρος·
3113 1544 3322 1597 Οὐκοῦν
3370 1544 3468 1596 οὐκ
3517 1543 3698 1611 ἀναγ-

2109 1645 2281 1705 καῖον,
2310 1640 2399 1695 τὸν
2427 1640 2521 1693 νῦν
2551 1639 2740 1710 χρόνον
2771 1632 3067 1707 δυνάμενον
3100 1638 3231 1707 ἡμῖν
3278 1636 3569 1707 ὑπηρετεῖν
3610 1637 3703 1698 εἰς

430 1724 597 1791 igitur
623 1738 847 1777 necesse
879 1731 983 1783 est,
1012 1730 1073 1775 ut
1102 1722 1207 1776 hoc
1241 1730 1457 1791 tempus
1498 1721 1553 1775 in
1582 1721 1650 1776 iis
1680 1722 1998 1777 enarrandis

2107 1735 2325 1798 ἐτέρους
2349 1733 2537 1801 λόγους
2568 1730 2664 1795 οὓς
2694 1731 2793 1784 οὑκ
2824 1730 3138 1789 ἐπίστασαι,
3167 1729 3247 1791 είς
3275 1726 3369 1789 οὒς
3401 1727 3696 1780 ἐπίστασαι

428 1831 552 1885 qua:
581 1816 722 1870 nosti
753 1816 1081 1881 insumatur,
1117 1830 1241 1869 cum
1266 1814 1330 1868 ad
1365 1816 1503 1868 alios
1530 1828 1830 1876 sermones,
1868 1827 2002 1884 quos

428 1907 669 1977 ignoras,
704 1906 860 1961 nobis
888 1907 1058 1976 possit
1088 1908 1374 1963 inservire.
1414 1907 1480 1963 Et
1509 1923 1609 1975 ego
1651 1908 1762 1964 dixi
1798 1927 1810 1963 :
1841 1914 2004 1964 ﬂecte

430 1999 532 2065 ais,
560 1998 740 2053 Petre.
767 1997 824 2051 ld
857 2008 1038 2053 tamen
1072 1999 1202 2053 mihi
1237 2013 1336 2069 pro
1367 2015 1593 2055 munere
1620 2001 1876 2065 concede,
1908 2002 2003 2071 qui

428 2109 644 2164 semper
672 2102 849 2148 tecum
884 2108 1104 2147 manere
1136 2091 1415 2153 constitui,
1444 2107 1751 2146 sermonem
1782 2092 1848 2147 de
1878 2108 2006 2162 pro-

426 2187 588 2256 pheta
623 2187 896 2257 explicare
927 2185 1150 2240 assiduo
1198 2185 1445 2239 lubenter
1488 2185 1749 2240 audienti.
1782 2186 2003 2255 Absque

428 2279 523 2334 illo
552 2280 720 2342 enim,
751 2278 891 2333 sicut
921 2293 949 2331 a
981 2277 1229 2332 Barnaba
1263 2277 1468 2347 accepi,
1500 2278 1702 2333 veritas
1732 2277 1866 2333 disci
1892 2292 2001 2331 non

426 2381 623 2440 potest.

498 2486 884 2554 V.Petrus,eo
916 2502 1179 2557 responso
1206 2487 1360 2542 valde
1395 2487 1699 2542 delectatus
1725 2505 1737 2540 :
1754 2487 1890 2557 jam,
1917 2485 2001 2540 in-

423 2580 564 2648 quit,
595 2582 755 2634 linem
789 2579 1138 2649 aecepitqua‘.
1158 2580 1225 2633 ad
1254 2588 1304 2633 te
1332 2578 1562 2647 pertinet
1580 2576 1911 2643 emendatio,
1940 2586 2001 2633 ut

424 2672 517 2740 qui
539 2687 841 2742 cognoscas
873 2672 1303 2742 magnitudinem
1341 2671 1656 2726 indubitata:
1679 2672 2003 2741 prophetiae,

424 2764 542 2818 sine
571 2780 677 2832 qua
709 2763 1045 2833 impossibile
1085 2773 1168 2818 est
1210 2766 1466 2833 cuiquam
1492 2762 1543 2817 id
1565 2763 1827 2833 consequi
1853 2763 2000 2833 quod

424 2870 637 2910 summe
662 2856 835 2925 juvat.
868 2853 1001 2907 Nam
1020 2870 1143 2910 cum
1170 2856 1221 2908 in
1242 2855 1405 2910 rebus
1426 2855 1594 2909 multa
1612 2864 1667 2910 et
1692 2855 1841 2909 varia
1858 2856 1999 2911 bona

423 2946 533 3000 sint
564 2962 627 3000 ac
660 2962 779 3001 esse
808 2946 1039 3016 possint,
1072 2946 1217 3016 quod
1247 2947 1431 3001 omnia
1469 2946 1807 3002 beatitudine
1837 2960 2001 3017 supe-

2086 1824 2465 1897 ποιεῖσθαιτὴν
2500 1823 2775 1895 ἀσχολίαν.
2823 1820 2995 1890 Κάγὼ
3014 1823 3057 1853 "
3091 1820 3252 1892 ἔφην’
3298 1818 3500 1891 Ὀρθῶς
3529 1819 3703 1890 ἔφηςν

2106 1918 2298 1989 Πέτρε.
2342 1917 2496 1988 Ἐμοὶ
2518 1916 2574 1969 δέ
2608 1915 2768 1969 τοῦτο
2804 1913 3029 1985 χαρίζου
3074 1912 3303 1965 πάντοτέ
3335 1928 3417 1963 σοι
3452 1914 3699 1963 συνεῖναι

2105 2009 2385 2080 κρίναντι,
2414 2008 2505 2062 τὸν
2533 2008 2661 2079 περὶ
2688 2006 2794 2078 4³1
2833 2005 2928 2059 τοῦ
2949 2006 2995 2037 ’³
3024 2005 3301 2077 προφήτου
3333 2003 3487 2071 λόγον
3517 2003 3695 2073 ἡδέως

2104 2101 2354 2154 ἀκούοντι
2396 2100 2635 2171 συνεχῶς
2664 2097 3012 2170 ὑφηγεῖσθαι.
3047 2098 3209 2175 Ἀνὲυ
3244 2096 3353 2168 γὰρ
3382 2095 3575 2157 αὑτοῦ,
3612 2095 3694 2156 ὡς

2105 2184 2304 2262 ἔμαθόν
2353 2191 2504 2263 παρὰ
2554 2190 2843 2262 Βαρνάϐα,
2893 2190 2992 2261 τὴν
3036 2187 3293 2259 ἀλήθειαν
3328 2187 3520 2259 μαθεῖν
3559 2186 3697 2240 662'»-

2105 2302 2279 2338 νατον.

2173 2502 2237 2558 ν.
2290 2502 2347 2555 ’0
2372 2502 2429 2556 δὲ
2453 2503 2676 2574 Πέτρος,
2712 2503 2804 2555 ἐπὶ
2833 2502 3007 2572 τούτῳ
3041 2501 3289 2573 μεγάλως
3320 2501 3524 2572 ἡσθεὶς,
3548 2502 3695 2553 ἀπει-

2102 2596 2343 2668 κρίνατο·
2373 2595 2511 2664 Ἤδη
2544 2594 2639 2665 μὲν
2663 2597 2695 2665 ἠ
2717 2594 2854 2664 πρὸς
2884 2596 2943 2648 σὲ
2964 2594 3245 2665 διόρθωσις
3267 2594 3417 2657 τέλος
3437 2592 3697 2663 εἴληφεν,⁴

2100 2687 2449 2757 ἐπεγνωκότα
2480 2687 2526 2719 ’⁸
2556 2685 2655 2758 τῆς
2668 2687 2967 2741 ἀπταίστου
2986 2686 3324 2759 προφητείας
3343 2686 3403 2738 τὸ
3432 2686 3683 2756 μέγεθος,

2100 2775 2168 2853 ἦς
2187 2781 2314 2853 ἀνευ
2335 2780 2519 2834 λαϐεῖν
2539 2797 2643 2833 τινι
2662 2780 2722 2832 τὸ
2743 2782 2799 2832 ἐν
2833 2781 3072 2851 ὑπεροχῇ
3105 2778 3378 2850 συμφέρον
3398 2777 3678 2831 ἀδύνατονι

2101 2850 2318 2929 Πολλῶν
2349 2873 2457 2945 γὰρ
2476 2872 2571 2927 καὶ
2594 2872 2861 2943 διαφόρων
2885 2850 3104 2939 ἀγαθῶν
3125 2871 3291 2923 ὄντων
3313 2871 3369 2922 ἐν
3396 2874 3507 2932 τοῖς
3531 2866 3693 2923 οὖσινε

2100 2968 2134 3037 ἦ
2168 2966 2385 3021 ἔσεσθαι
2414 2965 2749 3036 δυναμένοις,
2779 2964 2838 3017 τὸ
2866 2963 3081 3018 πάντων
3112 2961 3546 3033 μακαριώτατον,
3570 2964 3692 3016 εἴτε

425 3048 528 3103 rat,
557 3039 643 3093 vel
674 3038 784 3093 vita
816 3048 1036 3103 aeterna,
1066 3040 1149 3093 vel
1178 3048 1433 3108 perpetua
1479 3040 1705 3105 sanitas,
1747 3039 1829 3095 vel
1874 3055 1998 3110 per-

425 3131 558 3157 ΙΑΑιη
594 3146 741 3157 “\An-
798 3131 878 3157 ..ΑΙ
910 3131 1090 3157 1...νιΛ.ι
1146 3131 1225 3157 ..ΑΙ
1262 3130 1517 3157 ,ιιι-ιιῑῖηηρ.
1574 3131 1655 3157 ..ΑΙ
1706 3131 1958 3157 ζημιημιΛ-ι..

2104 3059 2268 3123 ἀίδιός
2310 3060 2424 3111 ἐστι
2474 3057 2587 3129 ζωὴ
2623 3057 2690 3124 ³⁵,
2739 3057 2773 3128 ἢ
2833 3057 3146 3128 παράμονος
3175 3056 3385 3125 ὑγίεια,
3426 3054 3693 3123 ἢτὲλειος

422 3131 562 3186 {ecta
594 3146 769 3197 mens,
798 3131 881 3184 vel
910 3131 1115 3197 lumen,
1146 3131 1225 3185 vel
1261 3130 1542 3200 gaudium,
1574 3131 1658 3186 vel
1706 3131 1995 3185 immorta-

420 3222 564 3287 litas,
604 3222 687 3275 vel
717 3223 761 3277 si
796 3223 925 3290 quid
958 3222 1102 3276 aliud
1153 3231 1237 3277 est
1266 3231 1363 3276 aut
1408 3222 1641 3277 existere
1680 3230 1859 3292 potest
1900 3239 1997 3278 e1-

421 3313 623 3367 eellens
670 3314 722 3366 in
767 3328 950 3367 rerum
996 3323 1189 3368 natura
1227 3330 1239 3366 :
1275 3314 1328 3369 id
1375 3330 1485 3368 non
1534 3314 1689 3369 aliter
1718 3314 1998 3384 possidere

421 3414 523 3467 est,
562 3405 667 3459 nisi
705 3404 855 3473 prius
904 3420 992 3459 res
1037 3406 1495 3475 quemadmodum
1540 3412 1757 3460 exstant
1794 3421 1996 3475 cogno-

421 3506 672 3563 scantur;
708 3512 771 3552 ea
802 3512 931 3553 vero
979 3499 1206 3552 scientia
1246 3498 1525 3568 continget
1556 3514 1860 3569 nunquam,
1889 3499 1994 3555 nisi

420 3589 607 3660 agnito
633 3600 791 3644 antea
821 3591 1084 3661 propheta
1116 3592 1381 3647 veritatis.

495 3700 579 3757 Vl.
622 3701 895 3772 Propheta
934 3713 1113 3759 autem
1145 3705 1392 3762 veritatis
1421 3706 1511 3762 ille
1554 3716 1659 3775 est,
1683 3708 1777 3778 qui
1809 3708 1994 3763 omnia

417 3795 643 3849 omnino
687 3796 810 3862 scit,
858 3797 1130 3866 praeterita
1181 3807 1240 3852 ut
1296 3797 1550 3867 fuerunt,
1597 3802 1885 3871 praesentia
1933 3811 1992 3857 ut

418 3895 570 3953 sunt,
604 3886 790 3941 futura
820 3897 879 3942 ut
907 3898 1096 3957 erunt;
1122 3890 1213 3960 qui
1236 3901 1318 3946 est
1344 3891 1732 3962 impeccabilis,
1753 3904 1809 3950 et
1829 3897 1994 3953 mise-

416 3978 623 4044 ricors;
657 3979 855 4049 cuique
900 3981 1001 4035 soli
1035 3982 1398 4038 edisserenda:
1437 3984 1679 4041 veritatis
1710 3986 1991 4056 provincia

416 4069 741 4125 demandata
768 4082 868 4126 est.
898 4071 1059 4143 Lege,
1091 4083 1146 4128 et
1173 4075 1415 4131 invenies
1444 4091 1540 4132 eos
1578 4078 1669 4147 qui
1722 4093 1752 4132 a
1795 4080 1991 4149 seipsis

419 4162 697 4217 veritatem
744 4179 801 4217 se
832 4173 1019 4218 nactos
1053 4164 1222 4220 fuisse
1260 4167 1664 4224 existimarunt.
1703 4169 1758 4242 Id
1789 4171 1991 4242 quippe

415 4254 691 4323 prephetae
732 4258 1008 4326 proprium
1026 4267 1131 4320 est,
1156 4261 1438 4315 veritatem
1485 4261 1757 4328 indicare;
1793 4280 1988 4335 quem—

418 4345 710 4401 admodum
769 4350 871 4404 soli
910 4352 1127 4420 proprie
1190 4354 1484 4422 comperit,
1523 4355 1664 4409 diem
1708 4356 1984 4413 inducere.

2099 3152 2241 3216 νοῦς,
2280 3152 2313 3223 ἢ
2342 3151 2475 3221 φῶς,
2504 3151 2541 3221 ἤ
2567 3150 2784 3223 χαρά,ἧ
2814 3150 3111 3221 ἀφθαρσία,
3144 3150 3176 3221 ἦ
3202 3151 3294 3203 καὶ
3322 3150 3449 3204 ἄλλο
3476 3168 3533 3203 τι
3559 3151 3589 3203 ὃ
3625 3154 3685 3204 ἐν

2096 3245 2163 3314 τῇ
2217 3243 2324 3296 τῶν
2372 3244 2541 3296 ὄντων
2602 3242 2761 3312 φύσει
2823 3242 3089 3313 ὑπερέχον
3149 3241 3382 3312 ὑπάρχει
3434 3242 3596 3295 καλὸν
3645 3242 3691 3312 ἢ

2098 3334 2334 3405 ὑπάρξαι
2363 3334 2583 3388 δύναται
2605 3334 2762 3387 τοῦτο
2786 3365 2855 3375 --
2880 3335 2981 3387 οὐκ
3010 3333 3184 3397 ἄλλως
3216 3332 3362 3386 ἔστιν
3397 3333 3527 3386 αὑτὸ
3546 3334 3683 3400 κτή-

2098 3426 2292 3480 σασθαι
2352 3427 2427 3497 μὴ
2461 3426 2723 3498 πρότερον
2768 3425 2963 3494 γνόντα
2994 3424 3064 3479 τὰ
3104 3424 3233 3479 ὄντα
3275 3426 3351 3489 ὡς
3384 3425 3547 3478 ἐστιν·
3578 3427 3687 3494 τῆς

2093 3518 2151 3572 δὲ
2183 3518 2436 3587 γνώσεως
2465 3519 2573 3572 οὑκ
2607 3518 2782 3582 ἄλλως
2816 3520 2998 3589 τυχεῖν
3031 3518 3196 3583 ἐστιν,
3229 3518 3325 3571 ἐάν
3374 3519 3448 3589 μὴ
3480 3518 3680 3589 πρότε-

2096 3614 2189 3685 ρόν
2217 3631 2300 3678 τις
2328 3612 2421 3667 τδν
2443 3613 2542 3684 τῆς
2565 3610 2821 3683 ἀληθείας
2853 3612 3137 3683 προφήτην
3171 3609 3396 3681 ἐπιγνῷ.

2164 3725 2255 3782 Ἦ.
2292 3727 2585 3798 Προφήτης
2614 3726 2671 3778 δὲ
2698 3725 2955 3795 ἀληθείας
2986 3725 3131 3778 ἐστὶν
3160 3726 3190 3777 6
3229 3725 3457 3778 πάντοτε
3498 3725 3685 3780 πάντα

2095 3819 2269 3884 εἰδὼς,
2298 3817 2369 3872 τά
2407 3819 2505 3889 μὲν
2533 3817 2790 3886 γεγονότα
2828 3817 2904 3880 ὡς
2935 3817 3167 3885 ἐγένετο,
3201 3816 3270 3869 τὰ
3317 3816 3374 3869 δὲ
3418 3816 3679 3887 γινόμενα

2094 3911 2171 3975 ὡς
2200 3910 2426 3980 γίνεται,
2468 3909 2537 3964 τά
2576 3910 2632 3965 δὲ
2664 3910 2898 3980 ἐσόμενα
2927 3909 3017 3974 τώς
3063 3908 3237 3972 ἔσται,
3272 3909 3693 3979 ἀναμάρτητος,

2094 4003 2357 4075 ἐλεήμων,
2397 4003 2555 4074 μόνος
2582 4004 2681 4074 τὴν
2713 4001 2968 4073 ἀλήθειαν
3016 4002 3340 4072 ὑφηγεῖσθαι
3380 4018 3682 4053 πεπιστευ-

2096 4094 2276 4165 μένος.
2316 4094 2697 4162 Ἀναγίνωσκε,
2721 4095 2817 4149 καὶ
2845 4095 3098 4165 εὑρήσεις
3130 4095 3255 4157 τοὺς
3286 4094 3377 4163 ἀφ’
3400 4093 3609 4146 ἑαυτῶν
3634 4095 3683 4125 ¹⁶

2091 4186 2191 4258 τὴν
2218 4185 2472 4257 ἀλήθειαν
2510 4187 2688 4258 εὑρεῖν
2726 4185 3055 4256 νομίσαντας
3080 4187 3143 4238 ’⁷.
3186 4186 3356 4238 Τοῦτο
3386 4185 3494 4256 γὰρ
3538 4204 3683 4257 προ-

2094 4278 2262 4349 φήτου
2278 4278 2426 4343 ίδιον,
2442 4278 2503 4331 τὸ
2517 4278 2614 4349 τὴν
2632 4277 2889 4350 ἀλήθειαν
2908 4277 3148 4350 μηνύειν,
3166 4278 3355 4348 ῶσπερ
3370 4277 3518 4348 ἡλίου
3546 4276 3695 4331 ἴδιον

2091 4368 2153 4423 τδ
2182 4370 2280 4440 τὴν
2307 4369 2521 4441 ἡμέραν
2553 4370 2755 4441 φέρειν.
2789 4370 3063 4449 Διάεοῦτο
3102 4371 3216 4422 ὅσοι
3259 4370 3387 4422 ποτέ
3416 4368 3683 4438 ἀλήθειαν

416 4434 683 4503 Quocirca
737 4452 1005 4512 qu0tquot
1066 4445 1346 4499 veritatem
1412 4447 1794 4503 desiderarunt
1861 4464 1989 4520 cog-

2104 4462 2293 4532 γνῶναι
2322 4462 2702 4534 ἐπεθύμησαν,
2736 4448 2899 4535 παρά
2935 4463 2992 4516 δὲ
3035 4462 3225 4516 τούτου
3277 4461 3468 4532 μαθεῖν
3504 4461 3683 4531 αὐτὴν

415 4544 665 4595 noscere,
700 4541 755 4588 et
791 4534 859 4588 ab
891 4535 994 4589 hoc
1032 4550 1153 4590 eam
1200 4536 1411 4592 discere
1457 4552 1565 4592 non
1610 4539 1984 4605 obtinuerunt,

416 4634 480 4672 ea
512 4637 622 4675 non
673 4624 917 4691 inventa,
959 4626 1014 4680 in
1056 4628 1439 4696 disquisitione
1512 4630 1769 4685 obierunt
1818 4632 1987 4687 diem.

416 4709 555 4766 Nam
584 4716 677 4783 qui
701 4718 986 4771 veritatem
1018 4720 1231 4788 quaerit,
1264 4736 1295 4774 a
1339 4735 1439 4775 sua
1489 4706 1795 4792 ignorantia
1844 4724 1991 4778 acci-

421 4820 546 4876 pere
568 4821 690 4861 eam
734 4824 844 4877 quo
893 4811 1054 4865 modo
1082 4811 1313 4880 poterit?
1342 4811 1493 4867 Licet
1517 4813 1662 4868 enim
1703 4816 1985 4884 repererit,

418 4917 544 4957 cum
575 4901 723 4955 illam
757 4917 863 4956 non
892 4912 1205 4973 cognoscat,
1250 4905 1410 4974 quasi
1455 4905 1733 4962 absentem
1764 4916 1991 4977 praeter-

418 4995 537 5049 ibit.
587 4992 694 5047 Sed
738 5009 841 5049 nec
890 4993 957 5048 ab
1014 4995 1120 5050 alio
1171 4996 1423 5052 similiter
1491 4998 1700 5068 ignaro,
1739 4999 1990 5068 quamvis

418 5086 702 5146 scientiam
750 5088 1114 5156 repromittat,
1160 5090 1440 5144 veritatem
1491 5100 1673 5146 tenere
1730 5092 1928 5162 poterit
1971 5110 1985 5148 :

430 5182 526 5237 risi
552 5182 698 5253 quod
748 5182 917 5237 solam
961 5181 1132 5239 discet
1176 5183 1299 5237 vita:
1332 5183 1825 5263 conversationem,
1868 5200 1991 5254 qua:

2083 4554 2184 4607 οὑκ
2212 4552 2537 4625 εὐτύχησαν,
2574 4555 2648 4625 μὴ
2694 4554 2965 4624 εὑρόντες,
2995 4553 3106 4625 ﬁs
3136 4554 3425 4623 ζητοῦντες
3455 4551 3679 4606 ἐτελεύ-

2089 4662 2279 4717 τησαν.
2316 4646 2374 4699 Ὀ
2410 4645 2519 4717 γάρ
2550 4647 2649 4717 τὴν
2680 4646 2934 4717 ἀλήθειαν
2967 4646 3143 4718 ζητῶν
3180 4645 3332 4716 παρὰ
3353 4646 3454 4715 τῆς
3478 4646 3683 4698 ἑαυτοῦ

2089 4736 2310 4805 ἀγνοίας
2338 4737 2521 4792 λαϐεῖν
2553 4739 2670 4802 πῶς
2698 4738 2764 4792 ἀν
2782 4739 3026 4805 δύναιτο;
3058 4739 3177 4793 Κᾶν
3198 4739 3306 4811 γὰρ
3340 4738 3473 4811 εὑρη
3485 4738 3551 4803 ’⁸,
3573 4740 3683 4793 οὐκ

2090 4827 2246 4891 εἰδὼς
2269 4829 2437 4899 αὑτὴν
2469 4830 2545 4893 ὡς
2571 4831 2677 4883 οὐκ
2698 4828 2861 4885 οὖσαν
2890 4832 3242 4904 παρέρχεται.
3267 4832 3391 4887 ούτ⁹
3418 4831 3486 4887 αὖ
3515 4836 3653 4905 παρ’
3671 4864 3683 4876 -

2090 4918 2298 4989 ἐτέρου,
2342 4918 2438 4973 τοῦ
2478 4922 2679 4991 ὁμοίως
2695 4921 2753 4986 ἐξ
2797 4923 3070 4991 ἀγνωσίας
3110 4923 3309 4992 γνῶσίν
3338 4923 3480 4995 ἔχειν
3498 4926 3681 4993 ἐπαγ-

2096 5009 2419 5081 γελλομένου
2469 5013 2534 5077 ²⁹,
2580 5014 2834 5084 ἀληθείας
2865 5019 3084 5087 κρατεῖν
3126 5017 3350 5080 δυνατὸς
3397 5018 3549 5070 ἔσται
3606 5019 3678 5081 ³ο,

2095 5101 2235 5174 πλὴν
2260 5103 2533 5167 πολιτείας
2568 5105 2752 5177 μόνης,
2783 5107 2878 5161 καὶ
2908 5108 3081 5161 ταῦτα
3113 5109 3327 5181 ἐκείνης
3359 5110 3459 5180 τῆς
3487 5110 3573 5163 διὰ
3615 5113 3682 5164 τὸ

2096 5193 2314 5263 εὔλογον
2375 5199 2741 5270 γνωρισθῆναι
2784 5201 3115 5274 δυναμένης,
3167 5203 3288 5267 ἥτις
3336 5203 3572 5272 ἑκάστῳ,
3613 5205 3679 5255 ἐκ

1691 5366 1927 5423 VARIE
1993 5370 2398 5430 LECTIONES.

491 5504 535 5535 ’⁸
562 5504 830 5565 Eccle.ui,
869 5505 918 5557 i.
997 5506 1041 5536 ¹¹
1068 5507 1228 5560 ἐπέλθ

492 5525 535 5535 --
562 5525 830 5565 ηουιωιι,
869 5525 918 5557 ι.
999 5525 1041 5536 ··
1068 5525 1228 5560 anew
1292 5525 1416 5577 istc)

421 5574 513 5629 ὶπὶ
547 5576 720 5644 τούτῳ
742 5576 1107 5642 ἐπεγνωκότα.
1187 5525 1418 5633 ’δᾎιίυε

1292 5507 1416 5593 ςειὶο)
1446 5511 1549 5593 ς)...
1585 5511 1630 5593 ’ξ
1652 5510 1911 5593 ,ἐγώκαη
1939 5517 1983 5593 ξ³
2005 5517 2098 5593 τοὺ
2131 5519 2490 5593 inseruic.0_.
2542 5522 2613 5593 7"
2637 5521 2817 5578 Prima
2848 5540 2996 5578 man.
3042 5524 3229 5593 script.
3265 5525 3318 5578 in
3351 5521 3395 5576 Ο
3445 5522 3674 5591 εἴληφεν

1453 5579 1703 5655 ὴᾳξωήζη
1736 5581 1827 5655 (1).Δ
1868 5586 1913 5617 η
1940 5587 2013 5641 Ita
2059 5588 2123 5642 υ.
2172 5606 2221 5644 c.
2274 5589 2312 5644 s
2342 5633 2357 5655 ,
2393 5591 2501 5645 ἀπὸ
2532 5592 2747 5648 ἐαυτῶν
2770 5594 2832 5649 e.
2910 5596 2952 5625 ’τ
2991 5593 3121 5650 Post
3154 5579 3489 5655 νομίσαντας
3520 5579 3638 5655 exui

2910 5596 2952 5667 δ”
2991 5593 3121 5667 Ροει
3148 5595 3489 5667 νομίσαντας
3520 5595 3672 5667 εκεῖ-

422 5644 792 5751 ῗὲδῗιῖωῗῗῖἔέἓῗ
815 5644 1930 5751 .rireemsuals.esteemeo
1971 5674 2021 5714 ο-
2057 5657 2109 5719 πι
2149 5661 2232 5718 νει
2264 5644 2441 5719 suae
2475 5644 2832 5739 minaris?
2881 5664 2926 5696 ι·

426 5716 484 5784 ἐξ
515 5715 783 5781 ἀγνωσίας
814 5714 956 5784 ἔχειν
987 5716 1076 5770 ἐπ.
1108 5716 1169 5773 C.

1326 5718 1550 5773 δυνατόν
1582 5718 1729 5793 ἐστι,
1747 5723 1808 5775 0.
