3868 6212
131 389 201 446 81
1276 381 1736 440 CLEMENTINA.
1773 414 1842 425 —
1879 379 2154 437 llOMlLlA
2192 377 2264 433 Il.
3345 378 3419 434 82

133 508 237 562 τεῦ
275 505 354 577 μὴ
391 502 566 557 θέλειν
597 501 922 565 ἀδικεῖσθαι,
955 498 1049 554 τοῦ
1085 500 1160 572 μὴ
1196 500 1308 554 δεῖν
1351 501 1509 554 ἄλλον
1540 499 1725 553 άδικείγ

1850 496 2057 552 scilicet
2083 504 2300 567 propter
2322 508 2649 551 consensum
2675 507 2798 548 cum
2829 491 3040 548 ratione
3062 491 3188 547 sciri
3218 500 3416 562 potest,

134 601 242 670 τὴν
268 595 474 667 γνῶσιν
498 593 846 666 παρίστησιν.

210 772 330 828 νη.
372 772 582 835 Πάντες
603 772 700 843 μὲν
728 766 823 826 οῦν
844 771 958 826 ὅσοι
983 772 1113 826 ποτὲ
1141 771 1412 844 ἐζήτησαν
1433 770 1494 824 τὸ
1523 769 1741 842 ἀληθὲς,

131 864 198 918 τὺ
232 863 498 918 δύνασθαι
528 865 710 934 εὑρεῖν
743 865 955 928 ἑαυτοῖς
985 864 1376 927 πιστεύσαντες
1400 864 1466 930 ³¹,
1499 863 1744 935 ἐνηδρεύ-

133 954 340 1025 θησαν.
372 955 546 1009 Τοῦτο
571 957 710 1028 ὅπερ
754 955 1056 1010 πεπόνθασι
1096 955 1192 1010 καὶ
1236 955 1286 1010 οἱ
1323 955 1433 1009 τῶν
1478 955 1744 1027 Ἐλλήνων

131 1048 451 1119 φιλόσοφοι,
479 1049 573 1102 καὶ
611 1047 903 1119 βαρϐάρων
939 1048 989 1100 οἱ
1024 1047 1453 1119 σπουδαιότεροι.
1495 1047 1590 1100 Ἐκ
1623 1063 1744 1100 στο-

130 1140 373 1213 χασμῶν
388 1140 499 1212 γὰρ
511 1139 893 1202 ἐπιϐάλλοντες
913 1141 1024 1202 τοῖς
1035 1141 1250 1210 ὁρατοῖς
1260 1140 1389 1212 περὶ
1400 1138 1510 1193 τῶν
1531 1138 1742 1210 ἀδήλων

127 1234 518 1304 ἀπεφήναντο,
546 1233 608 1285 τὸ
640 1232 786 1295 ὅπως
818 1232 948 1284 ποτὲ
977 1231 1260 1303 παραστάν
1283 1232 1327 1263 ³²
1357 1231 1562 1294 αὐτοῖς,
1584 1230 1743 1284 τοῦτο

131 1324 344 1395 ἀληθὲς
371 1319 512 1376 εἶναι
557 1323 901 1394 νομίσαντες.
940 1321 1029 1386 Ὦς
1065 1322 1176 1394 γάρ
1217 1323 1417 1386 εἰδότες
1461 1322 1742 1397 ἀλήθειαν⁹

131 1417 185 1467 οἱ
216 1415 481 1486 ἀλήθειαν
512 1414 594 1467 ἔτι
621 1415 932 1485 ζητοῦντες,
959 1413 1068 1467 τῶν
1106 1414 1526 1486 παρισταμένων
1558 1414 1742 1478 αὐτοῖς

126 1506 469 1577 ἳρττολήψεων
499 1507 565 1570 ἃς
601 1507 698 1577 μὲν
723 1505 1242 1576 ἀποδοκιμάζουσιν,
1273 1506 1339 1570 ἃς
1367 1506 1425 1560 δὲ
1457 1507 1502 1539 ³³
1534 1506 1740 1579 κρατύ-

130 1614 347 1663 νουσιν,
397 1596 592 1668 ὥσπερ
638 1598 860 1665 εἰδότες,
908 1599 984 1670 μὴ
1032 1598 1235 1663 εἰδότες
1276 1601 1408 1652 ποῖα
1453 1599 1552 1670 μὲν
1592 1598 1740 1654 ἐστιν

122 1689 337 1762 ἀληθῆ,
370 1692 501 1742 ποῖα
545 1689 602 1742 δὲ
639 1689 829 1761 ψευδῆο
879 1691 975 1744 καὶ
1006 1689 1388 1762 δογματίζουσι
1435 1691 1563 1764 περὶ
1608 1691 1740 1765 ἀλη-

132 1781 292 1844 θείας
337 1782 388 1833 οἱ
429 1781 690 1852 ἀλήθειαν
729 1781 1115 1851 ἐπιζητοῦντες
1143 1781 1208 1849 ⁸⁸,
1238 1783 1338 1836 οὐκ
1367 1783 1569 1847 εἰδότες
1599 1783 1679 1837 ὅτι
1708 1784 1738 1836 ό

1848 604 2076 658 qumque
2108 587 2374 656 singulos,
2398 602 2462 642 ex
2501 601 2568 641 eo
2609 587 2753 656 quod
2796 585 2987 639 nolunt
3024 583 3220 654 injuria
3255 584 3415 651 allici,

1847 681 2007 735 docet
2031 695 2140 734 non
2171 689 2423 750 oportere
2448 679 2603 733 alteri
2637 677 2891 748 injuriam
2924 675 3122 731 facere.

1919 770 2032 826 VII.
2073 769 2353 842 Quotquot
2383 771 2550 842 igitur
2587 785 2766 826 verum
2814 768 3170 839 quaesierunt,
3201 783 3261 823 se
3297 781 3417 823 cre-

1845 866 2035 922 dentes
2067 865 2200 920 illud
2231 881 2327 934 per
2360 865 2620 934 ipsosmet
2651 860 2992 926 inventuros,
3028 859 3239 929 decepti
3266 870 3413 914 sunt.

1844 955 2012 1028 quue
2039 957 2244 1012 Graecis
2265 955 2602 1027 philosophis
2631 963 2685 1009 et
2703 953 3055 1009 barbarorum
3078 950 3417 1020 sapientibus

1844 1049 2090 1119 contigit.
2109 1047 2266 1115 Nam,
2283 1048 2612 1117 conjecturis
2637 1045 3047 1100 considerantes
3070 1042 3327 1107 visibilia,
3349 1043 3417 1096 de

1843 1140 2010 1196 rebus
2057 1140 2307 1196 obscuris
2357 1139 2812 1210 pronuntiarunt;
2855 1135 3000 1206 quod
3036 1134 3139 1189 sibi
3191 1147 3414 1204 quoquo

1843 1232 2006 1288 modo
2064 1231 2367 1296 videbatur,
2417 1231 2472 1285 id
2516 1245 2707 1284 verum
2763 1243 2884 1283 esse
2927 1225 3195 1281 arbitrati.
3247 1223 3413 1290 Quasi

1841 1324 1988 1379 enim
2023 1324 2180 1395 gnari
2209 1322 2475 1388 veritatis,
2504 1321 2599 1392 qui
2633 1321 2814 1376 adhuc
2841 1335 2962 1374 eam
2987 1326 3261 1389 quaerunt,
3296 1319 3415 1388 opi-

1843 1416 2072 1470 nionum
2096 1431 2219 1486 quae
2248 1430 2367 1470 sese
2397 1414 2634 1470 oﬂ‘erunt
2670 1413 2806 1468 alias
2837 1411 3120 1481 ahjiciunt,
3156 1411 3290 1466 alias
3322 1425 3408 1464 re-

1843 1509 2036 1574 tinent,
2069 1524 2136 1564 ae
2176 1509 2223 1564 si
2259 1501 2689 1580 cognoscerent;
2736 1505 2909 1576 ignari
2947 1519 3073 1575 quae
3115 1518 3241 1558 vera
3279 1502 3409 1566 sint,

1840 1617 1966 1672 quae
1991 1599 2162 1669 falsa;
2193 1608 2249 1656 et
2281 1600 2349 1656 de
2379 1598 2608 1655 veritate
2646 1596 2970 1665 decernunt,
3001 1595 3094 1666 qui
3129 1597 3412 1650 veritatem

1840 1693 2147 1764 inquirunt,
2178 1693 2487 1750 nescientes
2515 1691 2663 1763 quod
2703 1691 2800 1761 qui
2827 1691 3112 1745 veritatem
3138 1687 3350 1760 quaerit,
3380 1704 3412 1744 a

1840 1800 1944 1841 suo
1971 1801 2158 1842 errore
2181 1800 2292 1841 non
2335 1792 2516 1856 potest
2539 1800 2660 1840 eam
2691 1784 2989 1840 addiscere.
3022 1783 3208 1854 Neque
3239 1784 3409 1848 enim,

122 1876 402 1946 ἀλήθειαν
435 1873 613 1945 ζητῶν
650 1874 800 1946 παρά
824 1875 922 1945 τῆς
953 1874 1118 1928 αὑτοῦ
1149 1874 1358 1946 πλάνης
1400 1874 1589 1945 μαθεῖν
1630 1875 1725 1928 αύ-

1840 1888 1896 1932 ut
1923 1879 2056 1945 dixi,
2085 1889 2407 1949 praesentem
2439 1893 2560 1934 eam
2591 1886 2773 1949 potest
2805 1892 3219 1947 recognoscere,
3243 1865 3409 1947 quam

128 1969 234 2038 τὴν
275 1969 342 2021 οὐ
385 1967 628 2021 δύναται.
662 1967 800 2020 Οὔτε
843 1966 973 2038 γὰρ,
1010 1967 1086 2031 ὡς
1117 1967 1273 2038 ἔφην,
1322 1970 1730 2039 παρεστηκυῖαν

125 2061 308 2130 αὐτὴν
345 2060 644 2129 ἐπιγνῶναι
664 2059 885 2113 δύναται
907 2060 972 2125 ³⁵,
1007 2059 1074 2130 ἢν
1102 2060 1302 2128 ἀγνοεῖ.

205 2152 347 2206 VIII.
387 2152 575 2205 Πείθει
619 2153 676 2205 δὲ
706 2153 933 2206 ἕκαστον
961 2153 1053 2222 ἀφ’
1083 2151 1278 2205 ἑαυτοῦ
1315 2153 1581 2224 ζητοῦντα
1623 2170 1729 2224 μα-

132 2244 248 2296 θεῖν
275 2245 342 2297 οὐ
377 2244 598 2307 πάντως
619 2243 680 2296 τὸ
706 2243 814 2315 ω
836 2243 1054 2314 ἀληθὲς,
1078 2243 1214 2298 άλλά
1232 2245 1293 2297 τ³ὸ
1316 2244 1536 2316 τέρπον.
1580 2243 1732 2299 Ἐπεὶ

123 2331 229 2388 οὖν
255 2334 422 2390 ἄλλον
461 2335 589 2389 ἄλλο
634 2352 688 2388 τι
715 2336 762 2368 ⁸⁸
791 2335 1004 2407 τέρπει,
1045 2335 1204 2390 άλλου
1254 2335 1381 2390 ἄλλο
1426 2339 1617 2407 κρατεῖ
1654 2337 1731 2401 ὡς

125 2427 337 2498 ἀληθές
367 2427 436 2479 ³⁷.
474 2427 548 2480 Τὸ
576 2427 633 2479 δὲ
654 2426 854 2498 ἀληθές
881 2429 997 2480 ἐστι
1022 2428 1084 2480 τὸ
1115 2428 1306 2482 δοκοῦν
1346 2428 1426 2498 τῷ
1455 2430 1730 2502 προφήτῃ,

131 2521 193 2572 ού
219 2520 282 2571 τὸ
313 2520 535 2588 ἑκάστῳ
567 2518 666 2588 ἡδύ
700 2519 766 2570 ³⁸.
802 2518 978 2572 Πολλά
1022 2518 1130 2590 γὰρ
1159 2519 1224 2572 ἂν
1266 2515 1332 2591 ἦν
1373 2521 1435 2573 τὺ
1479 2520 1557 2583 ἓν,
1586 2521 1635 2572 εἰ
1669 2520 1733 2574 τὸ

132 2609 339 2682 τέρπον
383 2610 586 2680 ἀληθὲς
623 2607 715 2682 ἦν,
754 2611 891 2682 ὅπερ
923 2612 1072 2665 ἐστὶν
1117 2602 1394 2666 ἀδύνατον.
1439 2613 1538 2666 Διὰ
1565 2612 1733 2693 ἐποῦτο

134 2703 230 2755 καί
255 2703 309 2754 οἱ
337 2701 450 2754 τῶν
493 2701 760 2772 Ἑλλήνων
780 2701 1070 2772 φιλόλογοι,
1091 2705 1152 2758 ού
1184 2703 1481 2774 φιλόσοφοι,
1501 2703 1590 2757 διὰ
1614 2721 1733 2757 στο-

132 2793 369 2864 χασμῶν
402 2796 519 2856 τοῖς
551 2793 871 2864 πράγμασιν
913 2794 1228 2861 ἐπιϐάντες,
1274 2795 1447 2848 πολλὰ
1492 2797 1587 2850 καὶ
1612 2796 1732 2850 διά-

131 2902 280 2956 φορά
321 2885 707 2955 ἑδογμάτισαν,
741 2887 840 2957 τὴν
882 2887 1088 2941 οἰκείαν
1114 2887 1222 2941 τῶν
1255 2888 1561 2943 ὑποθέσεων
1601 2890 1732 2942 ἀκο-

136 2975 357 3030 λουθίαν
385 2976 645 3046 ἀλήθειαν
679 2973 816 3030 εἶναι
861 2977 1201 3049 νομίσαντες,
1247 2981 1349 3033 οὐκ
1382 2980 1601 3044 εἰδότες,
1648 2981 1734 3034 ὅτι

134 3068 318 3121 αὐτῶν
349 3069 568 3138 ψευδεῖς
600 3069 775 3140 ἀρχὰς
802 3071 1016 3134 ἑαυτοῖς
1043 3070 1406 3142 ὁρισαμένων,
1441 3074 1508 3144 τῇ
1559 3073 1656 3144 μὲν
1687 3073 1731 3104 ³⁹

135 3160 277 3230 ἀρχῇ
306 3159 491 3213 αὐτῶν
523 3159 586 3213 τὸ
611 3161 765 3224 τέλος
795 3162 1112 3232 συμφωνίαν
1143 3161 1382 3235 εἴληφεν.

205 3357 301 3411 IX.
341 3358 504 3437 "003v
523 3359 622 3425 δεῖ,
656 3360 833 3414 πάντα
855 3361 1245 3433 παρελόμενον,
1271 3361 1415 3433 μόνῳ
1444 3359 1524 3432 τῷ
1555 3361 1599 3393 ⁵⁸
1626 3361 1727 3432 τῆς

128 3448 400 3518 ἀληθείας
473 3449 752 3504 πιστεύειν
807 3450 999 3505 ἑαυτὸν
1055 3452 1340 3524 προφήτῃ,
1399 3451 1460 3504 ὃν
1526 3451 1728 3514 πάντες

137 3543 323 3611 κρῖναι
354 3540 650 3610 δυνάμεθα,
685 3543 734 3594 εἰ
766 3544 1049 3614 προφήτης
1074 3543 1244 3607 ἐστὶν,
1274 3541 1376 3596 κᾶν
1407 3543 1550 3596 πάνυ
1580 3543 1725 3613 ἀμα-

129 3629 252 3692 θεῖς
283 3622 464 3699 ὦμεν,
495 3632 592 3684 καὶ
619 3631 900 3702 σοφισμῶν
927 3631 1132 3684 ἰδιῶται
1163 3631 1229 3696 δ’,
1259 3633 1354 3685 καὶ
1383 3628 1728 3704 γεωμετρίας

135 3721 379 3791 ἄπειροι,
417 3721 512 3774 καὶ
542 3723 806 3793 μουσικῆς
849 3722 1105 3793 ἀμύητοι.
1140 3722 1526 3794 Εὐκολωτέραν
1550 3723 1595 3755 ⁸³
1621 3723 1727 3796 γὰρ

135 3811 234 3881 τὴν
269 3811 401 3882 περὶ
434 3811 600 3864 αὐτοῦ
633 3811 849 3884 εὕρεσιν
875 3815 905 3866 ό
938 3813 1070 3878 Θεὸς
1104 3812 1315 3866 τέθεικε
1342 3813 1388 3845 ⁸⁵³
1412 3814 1598 3877 πᾶσιν,
1649 3814 1727 3880 ὥς

138 3903 364 3956 πάντων
413 3903 690 3975 κηδεμών*
751 3905 837 3957 ἵνα
878 3905 1015 3976 μήτε
1063 3903 1327 3977 βάρϐαροι
1367 3904 1727 3971 ὲξασθενῶσιν

131 3996 326 4059 αὐτὸν,
364 3999 501 4066 μήτε
521 3997 782 4068 Ἕλληνες
813 3995 1148 4051 ἀδυνατῶσιν
1183 3998 1380 4068 εὑρεῖν.
1405 3996 1591 4067 Ῥᾳδία
1625 3997 1726 4068 μὲν

133 4082 227 4140 οὖν
261 4089 295 4158 ἡ
320 4089 365 4118 ’⁸⁵
395 4089 524 4158 περὶ
552 4087 717 4141 αὑτοῦ
749 4087 964 4160 εὕρεσις
988 4088 1244 4161 ὑπάρχει.
1269 4089 1425 4142 Ἐστι
1450 4088 1508 4141 δὲ
1536 4089 1652 4159 ἥδε.

206 4270 278 4325 Χ.
331 4272 394 4324 Εἰ
449 4274 732 4344 προφήτης
782 4272 959 4336 ἐστὶν,
1006 4274 1102 4329 καὶ⁸
1143 4271 1364 4326 δύναται
1405 4272 1601 4326 εἰδέναι
1649 4273 1725 4337 ὡς

133 4366 357 4434 ἐγένετο
389 4365 435 4397 ⁸⁵
465 4367 492 4416 ὁ
525 4366 750 4436 κόσμος,
786 4366 879 4420 καὶ
919 4365 989 4419 τὰ
1018 4366 1078 4421 ὲν
1114 4365 1268 4437 αὐτῷ
1306 4366 1585 4436 γινόμενα,
1629 4365 1725 4419 καὶ

136 4460 205 4512 sit
236 4461 320 4522 εἰς
345 4459 500 4522 τέλος
530 4460 782 4529 scrip.sz
809 4457 904 4511 ἐὰν
937 4460 1069 4529 ἡμῖν
1157 4475 1212 4510 τι
1237 4455 1599 4530 προειρηκὼς,
1618 4456 1726 4528 50

1834 1970 2072 2041 ignorat.

1906 2147 2041 2203 Vlll.
2082 2148 2254 2206 Porro
2301 2166 2448 2219 eum,
2501 2153 2594 2221 qui
2639 2168 2676 2206 a
2724 2152 2904 2222 seipso
2951 2153 3146 2223 quaerit
3173 2153 3408 2222 discere,

1833 2243 2128 2312 persuadet
2158 2258 2268 2298 non
2295 2258 2429 2299 sane
2456 2244 2604 2314 quod
2635 2260 2825 2300 verum
2856 2254 2961 2312 est,
2995 2247 3090 2301 sed
3137 2248 3282 2316 quod
3315 2248 3409 2302 de-

1833 2333 2020 2389 lectat.
2053 2334 2284 2402 Quando
2311 2335 2477 2406 igitur
2500 2337 2668 2390 alium
2700 2337 2846 2392 aliud
2888 2338 3142 2404 oblectat,
3175 2340 3408 2394 alterum

1833 2429 1988 2484 alteri
2031 2444 2130 2499 pro
2159 2444 2287 2484 vero
2317 2437 2550 2483 tenetur.
2579 2429 2778 2484 Verum
2811 2437 2989 2484 autem
3037 2431 3088 2485 id
3116 2440 3220 2492 est.
3260 2432 3408 2502 quod

1833 2523 2112 2590 prophetae
2141 2521 2379 2588 videtur,
2414 2537 2522 2575 non
2551 2537 2680 2576 vero
2707 2522 2852 2591 quod
2885 2522 3180 2592 unicuique
3210 2523 3406 2592 placet.

1832 2610 1970 2666 Nam
2035 2612 2084 2667 si
2127 2627 2320 2666 verum
2362 2622 2506 2668 esset
2547 2615 2691 2683 quod
2737 2614 3000 2681 delectat,
3051 2615 3220 2670 multa
3267 2627 3412 2671 esset

1835 2703 1888 2758 id
1932 2704 2076 2772 quod
2129 2720 2298 2758 unum
2344 2713 2456 2769 est;
2499 2705 2644 2774 quod
2685 2705 2803 2760 ﬁeri
2867 2708 3076 2776 nequit.
3119 2707 3408 2776 Propterea

1828 2793 2150 2849 Graecorum
2182 2795 2462 2866 philolOgi,
2496 2811 2608 2852 non
2643 2797 2953 2868 philosophi
2983 2800 3269 2869 (amatores
3292 2816 3406 2853 ser-

1834 2901 2070 2954 monum,
2092 2903 2194 2940 non
2223 2888 2540 2957 sapientiw),
2560 2904 2658 2958 per
2687 2890 3029 2960 conjecturas
3057 2907 3142 2946 res
3168 2891 3410 2962 aggressi

1833 2979 2008 3033 multa
2032 2988 2087 3034 et
2123 2981 2272 3034 varia
2313 2981 2657 3036 docuerunt:
2685 2983 2785 3036 rati
2816 2985 3094 3052 propriam
3140 2984 3405 3055 hypothe-

1836 3085 1967 3125 seon
2007 3073 2459 3143 consequentiam
2504 3089 2625 3129 esse
2673 3075 2984 3141 veritatem;
3029 3091 3128 3130 nec
3172 3077 3406 3131 scientes

1757 3193 1800 3252 ρ
1835 3163 2016 3231 quod,
2043 3179 2166 3218 cum
2216 3164 2320 3218 sibi
2359 3163 2497 3220 falsa
2531 3166 2800 3236 principia
2842 3167 3236 3235 deﬂui-vissent,
3280 3183 3404 3222 cum

1829 3255 2102 3325 principio
2131 3271 2321 3311 eorum
2353 3257 2478 3312 linis
2503 3258 2873 3313 concordavit.

1901 3345 1993 3402 IX.
2035 3346 2190 3403 Unde
2213 3357 2447 3418 oportet,
2477 3350 2664 3404 omnia
2690 3353 3097 3420 praetereundo,
3130 3354 3234 3408 soli
3261 3354 3405 3407 veri-

1826 3440 1962 3494 tatis
2017 3441 2301 3510 prophetaa
2346 3457 2405 3496 se
2435 3442 2617 3512 ipsum
2662 3444 2904 3511 credere,
2942 3442 3010 3499 de
3055 3458 3166 3514 quo
3212 3459 3406 3500 omnes

1829 3531 2136 3603 dijudicare
2161 3547 2496 3602 possumus,
2543 3549 2613 3588 an
2659 3535 2733 3589 sit
2768 3534 3066 3604 pr0pheta,
3105 3535 3209 3590 etsi
3249 3535 3404 3589 valde

1827 3623 2006 3679 simus
2055 3623 2318 3692 imperiti,
2362 3638 2427 3680 ac
2467 3622 2523 3678 in
2572 3625 2870 3695 sophismis
2917 3625 3082 3680 rudes
3125 3632 3180 3680 et
3226 3625 3402 3694 ignari

1822 3715 2176 3785 geometriae,
2219 3725 2387 3781 atque
2436 3717 2496 3772 in
2557 3717 2768 3772 musica
2820 3733 2929 3771 non
2983 3716 3204 3772 initiati.
3255 3715 3402 3772 Deus

1829 3806 2051 3878 quippe,
2080 3815 2142 3862 ut
2167 3805 2413 3862 omnium
2446 3817 2693 3876 curator,
2725 3808 2942 3863 cunctis
2973 3807 3290 3864 facillimam
3323 3805 3402 3860 fe-

1821 3898 1906 3954 cit
1927 3899 2076 3954 illius
2110 3899 2479 3954 inventionem
2519 3916 2538 3951 :
2585 3913 2698 3968 quo
2737 3900 2804 3954 ad
2843 3915 2970 3954 eum
3017 3899 3399 3970 reperiendum

1824 4007 2008 4062 neque
2035 3991 2256 4046 barbari
2285 3999 2472 4047 essent
2499 3991 2746 4058 invalidi,
2781 4008 2958 4063 neque
3001 3992 3175 4048 (ἕτποί
3217 3994 3398 4061 impo-

1823 4093 2028 4141 tentes.
2077 4083 2266 4156 Itaque
2314 4083 2492 4139 facilis
2543 4093 2629 4139 est
2675 4084 2744 4139 de
2795 4085 2913 4154 ipso
2973 4083 3235 4139 inventio.
3275 4082 3400 4138 ilazc

1829 4187 2010 4233 autem
2039 4187 2142 4234 est.

1898 4267 1969 4323 Χ.
1997 4267 2062 4324 Si
2107 4269 2373 4339 propheta
2419 4278 2522 4336 est,
2572 4278 2627 4324 et
2674 4277 2854 4339 potest
2899 4269 3041 4324 scire
3091 4283 3200 4338 quo
3235 4267 3398 4322 modo

1829 4360 2008 4418 factus
2039 4362 2113 4417 sit
2146 4362 2408 4428 mundus,
2432 4377 2662 4432 quaeque
2688 4362 2744 4415 in
2780 4376 2846 4416 eo
2877 4361 3204 4426 consistunt,
3244 4375 3399 4430 qua:-

1829 4467 1937 4522 que
1973 4453 2275 4522 aliquando
2326 4462 2528 4508 erunt:
2557 4453 2604 4508 si
2655 4451 2860 4522 aliquid
2904 4452 3062 4506 nobis
3108 4451 3395 4520 praedixit,

125 4550 162 4603 -ε
184 4554 266 4614 εἰς
301 4550 459 4614 τέλος
498 4549 816 4623 ἐγνώκαμεν
845 4549 1208 4621 γεγενημένον
1231 4549 1308 4616 ⁸⁸,
1341 4549 1523 4616 καλῶς
1573 4549 1722 4620 αὐτῷ

1840 4543 1972 4612 quod
2004 4545 2210 4599 scimus
2239 4544 2510 4609 evenisse,
2539 4552 2684 4598 recte
2711 4545 2759 4597 ei
2791 4558 2855 4597 ex
2879 4542 2949 4596 iis
2975 4557 3096 4611 quae
3119 4541 3233 4611 jam
3254 4539 3396 4596 facta

132 4644 200 4694 ἐκ
247 4643 361 4694 τῶν
405 4642 506 4714 ἠδη
553 4641 932 4712 γεγενημένων
981 4643 1075 4696 καὶ
1115 4641 1184 4695 τά
1224 4642 1459 4713 ἐσόμενα
1505 4642 1727 4696 ἔσεσθαι

136 4731 489 4801 πιστεύομεν,
522 4732 583 4783 οὐ
611 4727 780 4801 ’μόνον
812 4731 887 4795 ὡς
916 4731 1256 4800 γινώσκοντι,
1287 4733 1423 4788 ἀλλὰ
1459 4735 1554 4787 καὶ
1586 4751 1724 4806 προ·-

131 4821 480 4889 γινώσκοντι.
514 4821 632 4874 Τίνι
682 4818 797 4886 οῦν,
839 4821 940 4876 κᾶν
993 4823 1198 4894 βραχὺν
1243 4824 1366 4879 νοῦν
1405 4825 1613 4896 ἔχοντι,
1661 4826 1722 4879 οὒ

137 4915 414 4981 φαίνεται,
452 4913 528 4977 ὡς
558 4915 667 4985 χρὴ
705 4914 881 4985 τούτῳ
910 4914 1062 5007 παρὰ
1101 4915 1312 4980 πάντας
1341 4917 1617 4970 πιστεύειν
1653 4917 1724 4971 τά

134 5004 210 5074 τῷ
240 5004 366 5074 Θεῷ
399 5004 646 5070 δόξαντα,
670 5005 728 5069 ὃς
761 5005 918 5076 μόνος
942 5004 1092 5088 παρά
1113 5007 1317 5072 πάντας
1342 5009 1660 5078 ἀνθρώπους
1679 5010 1721 5040 ’⁵⁷

139 5097 228 5151 καὶ
264 5096 344 5168 μὴ
382 5096 571 5168 μαθὼν
599 5098 920 5164 ὲπῖσταται;
950 5101 1074 5164 Διὸ,
1106 5100 1172 5154 ἂν
1200 5100 1279 5172 τῷ
1302 5101 1550 5173 τοιούτῳ,
1583 5101 1724 5170 λέγω

1828 4633 2071 4702 fuerunt,
2120 4635 2302 4692 futura
2347 4651 2569 4706 quoque
2619 4635 2896 4690 credimus
2947 4633 3085 4699 fore,
3137 4645 3397 4703 tanquam

1830 4744 1937 4784 non
1969 4728 2147 4782 solum
2177 4727 2405 4792 scienti,
2445 4743 2633 4781 verum
2675 4735 2730 4781 et
2756 4726 3082 4796 praescienti.
3129 4725 3231 4781 Cui
3268 4741 3397 4794 ergo

1826 4833 2141 4888 quanquam
2171 4817 2428 4888 exiguum
2469 4816 2746 4886 ingenium
2777 4817 3020 4881 habenti,
3039 4831 3147 4870 non
3176 4825 3400 4885 apparet

1828 4912 1895 4966 de
1908 4913 2157 4967 consiliis
2175 4912 2270 4967 Dei
2300 4912 2349 4966 ei
2374 4928 2484 4982 pra:
2505 4912 2761 4967 omnibus
2784 4911 3114 4966 credendum
3134 4911 3229 4979 qui
3247 4908 3398 4964 solus

1831 5019 1943 5073 pra:
1959 5005 2216 5060 omnibus
2234 5005 2552 5061 hominibus
2569 5021 2630 5060 ea
2650 5006 2820 5069 novit,
2837 5004 2963 5058 licet
2985 5020 3092 5059 non
3111 5003 3399 5057 didicerit?

1830 5102 2012 5167 Quare
2041 5102 2156 5168 tali,
2189 5101 2699 5173 praecognitionem,
2745 5099 2970 5170 inquam
2990 5139 3006 5166 ,
3049 5096 3271 5153 habenti
3301 5112 3396 5166 per

1426 5273 1663 5330 VARIIE
1730 5273 2025 5330 LECTION
2033 5275 2134 5331 ES.

209 5428 250 5505 τι
301 5427 358 5505 Ιηη
405 5428 548 5505 cod:
577 5427 682 5505 θοι
709 5437 842 5505 post‘
861 5431 1246 5505 πιστεύσαντες
1276 5431 1502 5505 additur
1521 5433 1602 5505 ph
1623 5432 1864 5505 δεόμενοι
1897 5430 1996 5499 τῆς
2028 5430 2176 5494 θείας
2203 5431 2386 5505 ῷδαχᾼῆ

447 5475 507 5574 εἰς
518 5475 562 5574 ἐ
580 5475 694 5574 ’με
710 5475 856 5574 ἳὶξι
867 5475 951 5552 "si
969 5475 1048 5574 ξς
1058 5475 1996 5574 "aVi’oFtZEQQEc‘IEJ128355;1i?
2017 5475 2178 5574 έιῖρἷι
2206 5475 2390 5574 ΞΪἭ

136 5500 268 5550 στάν
301 5499 364 5549 C.

2396 5450 2440 5502 ς.
2519 5432 2563 5463 ³³
2588 5429 2662 5502 Ita
2693 5428 2737 5483 Ο
2765 5448 2812 5485 c.
2839 5429 2882 5500 ’S
2911 5431 3089 5502 ,ποτὲ
3121 5431 3181 5484 τὸ
3214 5446 3392 5502 παρα-

2429 5501 2561 5555 Vbh.
2599 5500 2720 5553 οὔτε
2756 5502 2882 5571 γάρ,
2919 5501 2994 5564 ὡς
3029 5502 3183 5571 ἔφην,
3222 5500 3392 5571 παρε-

136 5568 612 5642 στηκνξαν-αὐτῂν
646 5570 939 5642 ὲῄπιγνῶνᾳῌι
967 5571 1189 5626 δύναται
1224 5588 1331 5626 non
1366 5573 1618 5642 leguntur
1645 5568 1699 5628 in
1727 5570 1793 5626 Ο.
1869 5572 1997 5642 "ﬁci
2019 5568 2233 5642 inSerui
2256 5578 2373 5627 c.U.
2452 5574 2494 5605 ⁸⁷
2531 5572 2670 5640 Lege
2700 5568 2866 5642 ῥὶλλοὺ
2901 5568 3390 5642 ἄλλο-τάρατξϊὼς

134 5636 375 5708 ἀληθοῦς
410 5637 471 5689 Ι).

552 5637 602 5726 εξ
631 5637 1027 5726 ΞῖδειιρέκΤέιῐη
1049 5643 1384 5726 οόάὶάίιείΙο.
1411 5637 1600 5726 ξράοῳ
1631 5651 1686 5726 et
1715 5657 1782 5726 ert
1813 5641 2126 5726 conjectura
2286 5713 2297 5726 Ι
2338 5645 2382 5675 ³⁸
2419 5645 2516 5714 μέν
2549 5637 2805 5726 otii.'0.n
2826 5641 2868 5672 ἰο
2901 5641 2989 5726 eq:
3004 5637 3393 5726 nonliimittelrle

133 5707 520 5782 debebant-CI.
554 5718 607 5761 et
633 5707 691 5782 S.
741 5707 809 5782 -ξι
849 5709 1054 5782 ἰδιῶτον
1087 5714 1148 5763 Ο.
1223 5711 1268 5743 δ’
1302 5712 1377 5765 Ita
1421 5711 1459 5765 S
1489 5753 1502 5776 ,
1532 5712 1884 5782 εὐκολοτέραν
1917 5707 1958 5765 C
1989 5753 2003 5774 ,
2034 5707 2508 5782 εύκωλοτέρανύ.
2583 5710 2734 5782 “Alta
2759 5710 2828 5782 Ο,
2871 5727 2920 5764 c.
2951 5707 2995 5764 'S
3023 5752 3038 5775 ,
3069 5710 3385 5782 τέθηκεν-(Σ.

135 5775 178 5804 ⁸⁸
211 5778 244 5845 ἡ
282 5778 491 5852 excidit
525 5794 614 5852 ap.
656 5778 713 5832 S.
741 5777 883 5833 Idem
910 5781 1037 5851 περὶ
1065 5781 1227 5835 αὑτοῦ
1253 5775 1575 5852 escorrject.
1603 5784 1663 5836 Ci
1697 5826 1711 5849 ,
1745 5775 1902 5849 cujus
1932 5790 2061 5834 text.
2099 5784 2226 5852 περὶ
2264 5775 2478 5844 αὑτούς,
2523 5793 2582 5835 ut
2615 5779 2678 5836 C.
2754 5781 2799 5813 ⁸⁸
2830 5781 3054 5852 έμὲνετο
3086 5775 3253 5838 edidit
3278 5780 3342 5834 Ci
3370 5819 3387 5847 ,

136 5861 248 5901 non
280 5847 324 5902 (ὲ
355 5887 369 5912 ,
401 5856 460 5902 ιιι
490 5849 675 5905 minus
697 5859 946 5907 accurate
977 5847 1085 5908 Scr.
1117 5851 1174 5907 S.
1253 5851 1296 5884 “
1324 5851 1402 5907 lla
1429 5847 1492 5922 0,
1523 5868 1573 5909 c.
1606 5852 1644 5909 S
1673 5847 2092 5924 ,γεγενημένων
2117 5847 2182 5908 (.1.
2256 5854 2298 5888 ⁸⁷
2332 5852 2649 5928 ἀνθρώπους
2682 5867 2791 5909 om.
2817 5847 2880 5908 0.
