3868 6212
464 375 533 431 83
1354 378 1413 434 S.
1454 373 1846 431 CLEMENTIS
1869 373 1887 429 I
1911 373 2076 431 ROM.
2114 372 2315 430 PONT.
2345 371 2574 428 OPERA
2604 371 2833 431 DUBIA.
3650 372 3726 429 85

466 488 804 547 divinitatem
841 494 1067 564 spIritus
1110 510 1233 566 qua:
1284 496 1340 551 in
1390 496 1513 567 ipso
1560 496 1769 563 existit,
1818 496 1867 551 si
1911 494 2037 565 quis

2150 490 2194 544 Βὲ
2223 489 2302 561 τῷ
2330 488 2638 561 πρόγνωσιν
2667 490 2844 559 ἔχοντι
2886 488 2975 545 διὰ
3010 490 3108 562 τὴν
3140 490 3203 543 ἐν
3242 488 3388 561 αὐτῷ
3428 488 3521 543 τοῦ
3550 492 3726 544 mea}.

468 583 608 639 nolit
636 584 744 638 veri
786 589 1157 658 cognitionem
1197 589 1464 655 tribuere,
1496 598 1551 645 et
1581 604 1701 644 eam
1733 589 1887 645 alteri
1916 590 2037 646 cui-

466 676 611 743 piam
643 678 827 744 tradit,
854 694 1035 735 nonne
1060 682 1259 737 mentis
1308 681 1469 751 inops
1511 688 1629 742 est.
1668 681 1761 751 qui
1804 681 2041 738 ascribat

468 780 579 819 non
633 769 910 839 prephetaa
959 771 1245 827 scientiam
1303 787 1468 843 quam
1527 772 1706 828 noluit
1761 773 2040 845 propheta:

467 861 806 915 concedere?

539 949 630 1004 XI.
662 951 843 1018 Quare
865 968 991 1010 ante
1017 958 1269 1012 universa
1293 956 1441 1011 omni
1468 955 1671 1027 judicio
1706 964 1922 1027 oportet
1946 972 2041 1026 per

466 1044 840 1113 pr0pheticam
918 1048 1341 1117 promissionem
1389 1050 1710 1120 prophetam
1756 1064 2038 1119 quzerere;

466 1148 641 1205 eoque
680 1139 900 1207 cegnito
951 1141 1179 1211 reliquis
1234 1142 1497 1198 doctrinae
1542 1143 1664 1213 ejus
1694 1142 2041 1199 sermonibus

467 1223 746 1281 adhaerere
770 1228 890 1283 sine
938 1230 1047 1285 ulla
1094 1232 1460 1298 dubitatione,
1513 1242 1675 1303 atque
1720 1231 2042 1288 conﬁdendo

466 1316 534 1371 de
568 1317 727 1375 bonis
772 1335 895 1389 qua:
942 1333 1252 1392 sperantur,
1292 1324 1447 1395 juxta
1492 1326 1728 1396 primum
1772 1326 2039 1396 judicium

463 1407 682 1474 vivere;
718 1411 942 1466 sciendo
973 1414 1243 1480 videlicet,
1269 1416 1416 1485 quod
1446 1416 1619 1486 quiea
1650 1418 1814 1471 verba
1849 1427 2039 1487 protu-

465 1500 550 1567 lit,
576 1502 647 1556 ita
679 1514 874 1560 natura
904 1519 1255 1577 comparatus
1282 1521 1397 1575 est,
1429 1521 1490 1563 ut
1527 1510 1743 1564 mentiri
1785 1520 2038 1582 nequeat.

466 1592 835 1661 Quamobrem
880 1600 925 1654 si
976 1601 1044 1655 de
1085 1611 1282 1656 caetero
1323 1603 1527 1673 aliquid
1568 1604 1636 1659 ab
1662 1620 1729 1659 eo
1769 1605 2040 1661 dictorum

467 1686 627 1741 nobis
656 1705 762 1743 non
798 1701 943 1746 recte
971 1692 1175 1747 dictum
1206 1694 1474 1760 videatur,
1503 1696 1645 1752 scire
1671 1706 1907 1767 oportet,
1930 1714 2039 1752 non

469 1778 539 1831 ab
569 1794 635 1833 eo
668 1796 831 1849 prave
879 1784 1085 1839 dictum
1140 1802 1283 1851 esse,
1337 1787 1430 1843 sed
1467 1804 1569 1844 nos
1622 1789 1674 1844 id
1725 1790 1871 1860 quod
1901 1790 2041 1845 bene

467 1868 674 1925 dictum
705 1884 841 1939 erat,
879 1891 987 1930 non
1038 1877 1392 1935 intellexisse.
1448 1878 1635 1951 Neque
1687 1882 1835 1936 enim
1876 1881 2035 1952 igno-

466 1964 648 2017 rantia
711 1974 855 2021 recte
907 1971 1278 2039 cognitionem
1327 1973 1593 2043 dijudicat
1656 1994 1669 2029 :
1721 1975 1885 2031 sicuti
1936 1989 2037 2030 nec

467 2053 698 2111 Scientia
737 2073 865 2114 vere
894 2070 1070 2129 potest
1094 2063 1345 2133 judicare
1388 2066 1816 2135 prmseientiam;
1848 2080 2035 2121 verum

469 2149 811 2215 prmscientia
839 2152 1219 2223 ignorantibus
1256 2159 1445 2214 tribuit
1477 2159 1784 2216 scientiam.

538 2239 654 2295 XII.
683 2241 972 2309 Quocirca,
1004 2248 1177 2304 amice
1221 2250 1495 2317 Clemens,
1522 2252 1566 2307 si
1591 2266 1713 2322 quae
1751 2251 1819 2307 ad
1867 2250 2037 2306 Deum

467 2332 746 2400 pertinent
778 2351 1109 2407 cognoscere
1135 2341 1294 2410 cupis
1317 2383 1333 2407 ,
1362 2342 1431 2396 ab
1462 2342 1566 2397 isto
1598 2344 1715 2398 solo
1762 2353 1916 2414 potes
1953 2344 2041 2397 di-

470 2439 647 2492 scere,
694 2429 823 2497 quia
870 2431 1020 2487 solus
1054 2434 1205 2488 novit
1238 2436 1546 2490 veritatem.
1602 2436 1849 2491 Aliorum
1893 2436 2039 2492 enim

468 2514 517 2571 3i
546 2515 672 2585 quis
700 2517 903 2589 aliquid
929 2523 1231 2591 cognoscit,
1262 2523 1331 2577 ab
1360 2539 1445 2587 eo,
1480 2532 1575 2577 aut
1611 2523 1681 2578 ab
1713 2524 1832 2593 ejus
1874 2524 2040 2579 disci-

464 2607 609 2675 pulis
639 2610 898 2665 traditum
927 2614 1157 2683 accepit.
1201 2613 1297 2670 Est
1323 2625 1504 2670 autem
1536 2616 1655 2686 ejus
1681 2615 1947 2670 sententia
1987 2622 2043 2669 et

466 2712 597 2753 vera
634 2701 950 2769 prtedicatio
983 2722 996 2757 :
1033 2703 1201 2758 Deum
1229 2720 1397 2759 unum
1439 2720 1581 2771 esse,
1613 2704 1772 2775 cujus
1802 2702 2041 2761 mundus

467 2804 609 2859 opus
643 2801 745 2852 est,
779 2795 983 2865 quique
1025 2796 1212 2866 justus
1253 2812 1377 2852 eum
1418 2798 1520 2862 sit,
1568 2798 1861 2869 aliquando
1896 2805 2043 2853 certe

467 2881 769 2953 unicuique
796 2900 894 2954 pro
918 2887 1226 2944 actionibus
1255 2889 1542 2946 retribuet.

539 2996 680 3052 XIII.
722 2996 955 3055 Necesse
997 3001 1200 3071 quippe
1242 3012 1327 3059 est
1386 3013 1445 3059 ut
1482 3004 1577 3075 qui
1630 3003 1829 3060 asserit
1870 3003 2040 3059 Deum

470 3102 667 3146 natura
699 3094 924 3147 omnino
950 3109 1069 3151 esse
1088 3096 1320 3165 justum,
1345 3098 1509 3152 etiam
1541 3102 1727 3153 credat
1758 3098 2041 3152 immorta-

2142 598 2311 651 ματος
2354 580 2640 653 θειότητα,
2692 580 2755 633 τὸ
2782 580 2979 651 ἀληθὲς
3025 581 3219 635 εἰδέναι
3271 581 3344 653 μὴ
3392 581 3589 635 διδόναι
3633 598 3727 644 τις

2140 672 2305 735 θέλοι,
2352 672 2460 726 τινὶ
2491 670 2663 744 ἑτέρῳ
2700 671 2826 736 δοὺς
2854 672 3085 737 εἰδέναι,
3126 674 3227 727 οὐκ
3268 674 3451 744 ἐνδεὴς
3480 673 3726 744 ὑπάρχει

2140 763 2353 837 φρενῶν
2378 804 2393 828 ,
2441 762 2799 827 ἀποδεδωκὼς
2838 762 2916 835 τῷ
2960 763 3035 836 μὴ
3084 764 3340 836 προφήτῃ
3380 762 3417 816 ἃ
3463 765 3729 836 προςήτῃ

2140 856 2337 911 εἰδέναι
2363 855 2547 910 δοῦναι
2574 856 2674 909 οὐκ
2700 855 3001 927 ἐϐουλήθτμ

2211 969 2302 1024 XI.
2338 971 2500 1047 Ὅθεν
2529 972 2635 1044 πρὸ
2664 972 2885 1026 πάντων
2923 970 3074 1044 πάσῃ
3112 969 3291 1042 κρίσει
3327 967 3415 1022 διά
3450 968 3551 1039 τῆς
3581 984 3725 1039 προ-

2142 1063 2377 1133 φητικῆς
2404 1063 2736 1132 ἐπαγγελίας
2767 1063 2858 1116 τὸν
2887 1062 2933 1094 ⁸⁸
2964 1061 3249 1133 προφήτην
3279 1059 3459 1132 ζητεῖν
3483 1058 3596 1120 δεῖ,
3626 1060 3729 1110 καὶ

2141 1155 2359 1223 γνόντα,
2408 1158 2521 1221 τοῖς
2566 1156 2773 1219 λοιποῖς
2816 1154 2917 1224 τῆς
2948 1152 3292 1215 διδασκαλίας
3333 1150 3495 1206 αὑτοῦ
3541 1150 3730 1218 λόγοις

2141 1246 2529 1311 ἀνενῶιάστως
2560 1246 2810 1311 ἕπεσθαι,
2846 1246 2940 1299 καὶ
2962 1243 3265 1317 θαρροῦντα
3287 1241 3537 1315 περὶτῶν
3570 1241 3730 1294 ἐλπι-

2141 1340 2403 1411 ζομένων,
2471 1338 2849 1393 πολιτεύεσθαι
2900 1340 2967 1409 τῇ
3030 1336 3224 1411 πρώτῃ
3266 1335 3464 1406 κρίσει,
3522 1333 3730 1403 γνόντα

2141 1428 2234 1486 οὖν
2268 1432 2334 1497 ⁸⁸,
2359 1433 2441 1486 ὅτι
2472 1434 2501 1487 6
2533 1432 2707 1486 ταῦτα
2746 1430 2917 1485 είπὼν
2949 1428 3089 1502 πρὸς
3131 1428 3194 1482 τὸ
3223 1427 3521 1498 ψεύσασθαι
3556 1424 3729 1495 φύσιν

2140 1526 2240 1579 οὐκ
2264 1526 2394 1595 ἔχει.
2430 1525 2541 1597 Διὸ,
2577 1525 2671 1579 ὲάν
2696 1543 2748 1579 τι
2768 1524 2861 1578 τοῦ
2889 1521 3077 1577 λοιποῦ
3108 1520 3215 1575 τῶν
3236 1518 3501 1574 ὑπἀὐτοῦ
3530 1518 3734 1590 ρηθέν-

2139 1632 2248 1670 των
2286 1616 2414 1687 δοκῇ
2459 1616 2591 1687 ἡμῖν
2628 1616 2674 1648 ⁸⁸
2725 1616 2801 1687 μὴ
2835 1612 3014 1676 καλῶς
3054 1610 3333 1683 είρῆσθαι,
3376 1609 3573 1662 είδέναι
3613 1608 3729 1679 χρὴ

2141 1708 2224 1763 ὅτι
2276 1707 2377 1761 οὐκ
2426 1707 2573 1778 αὐτῷ
2607 1707 2649 1740 ⁸⁸
2679 1708 2891 1779 εἴρηται
2947 1704 3160 1767 κακῶς,
3220 1702 3333 1756 ἀλλ’
3385 1700 3515 1757 αὐτὸ
3557 1702 3731 1771 ἡμεῖς

2143 1798 2323 1862 καλῶς
2343 1798 2464 1869 ἔχον
2488 1799 2588 1852 οὐκ
2616 1799 2938 1870 ὲνοήσαμεν.
2988 1798 3213 1865 Ἀγνοια
3251 1792 3359 1865 γὰρ
3392 1791 3595 1861 γνῶσιν
3622 1793 3733 1845 οὐκ

2140 1892 2315 1965 ὀρθῶς
2342 1892 2537 1964 κρίνει,
2577 1892 2672 1946 ἀτε
2699 1890 2763 1962 δὴ
2788 1888 2911 1943 οὔτε
2942 1887 3144 1958 γνῶσις
3170 1887 3477 1959 πρόγνωσιν
3506 1884 3732 1956 ἀληθῶς

2140 1985 2343 2057 κρίνειν
2374 1985 2636 2053 πέφυκεν·
2682 1982 2797 2036 ἀλλ’
2839 1983 2883 2013 ⁶¹
2915 1983 2948 2053 ἡ
2986 1980 3294 2051 πρόγνωσις
3325 1980 3437 2042 τοῖς
3470 1976 3732 2047 ἀγνοοῦσι

2140 2078 2369 2149 παρέχει
2397 2076 2494 2149 τὴν
2518 2074 2737 2145 γνῶσιν.
3172 2072 3175 2073 ⁷

2210 2255 2326 2311 XII.
2345 2256 2524 2331 Ὅθεν,
2560 2251 2605 2311 ὦ
2636 2254 2756 2327 φίλε
2782 2255 3033 2327 Κλήμης,
3064 2254 3176 2323 είγε
3208 2252 3276 2307 τά
3296 2251 3374 2323 τῷ
3390 2250 3509 2321 Θεῷ
3538 2250 3733 2318 διαφέο

2146 2367 2305 2420 ροντα
2328 2349 2528 2418 γνῶναι
2559 2347 2731 2413 θέλεις
2746 2348 2811 2413 ⁸³,
2832 2348 2932 2419 51
2952 2346 3103 2419 παρά
3117 2344 3307 2399 τούτου
3338 2344 3497 2416 μόνου
3529 2342 3733 2414 μαθεῖν

2143 2444 2314 2514 ἔχεις,
2345 2444 2428 2495 ὅτι
2464 2442 2623 2513 μόνος
2656 2437 2766 2495 οἶδε
2810 2439 2909 2511 τὴν
2938 2438 3213 2512 ἀλήθειαν.
3263 2436 3385 2489 Τῶν
3412 2436 3520 2507 γὰρ
3546 2434 3734 2489 ἀλλων

2144 2538 2197 2590 εῐ
2228 2553 2311 2599 τις
2345 2534 2631 2588 ἐπίσταταί
2662 2551 2736 2597 τι,
2772 2531 2925 2605 παρά
2950 2532 3161 2597 τούτου,
3198 2530 3232 2601 ἢ
3264 2529 3373 2583 τῶν
3394 2528 3584 2582 τούτου
3624 2545 3733 2598 μα-

2144 2626 2323 2698 θητῶν
2356 2625 2537 2680 λαϐὼν
2563 2626 2696 2697 ἔχει.
2744 2626 2902 2679 Ἔστι
2929 2623 2987 2676 δὲ
3018 2623 3065 2655 ³⁵
3087 2620 3250 2676 αὐτοῦ
3296 2620 3356 2674 τό
3382 2637 3440 2673 τε
3478 2617 3735 2690 βούλημα

2142 2722 2236 2775 καὶ
2268 2719 2464 2792 ἀληθὲς
2495 2720 2773 2791 κήρυγμα,
2804 2717 2903 2771 δτιο
2934 2711 3015 2779 εἷς
3044 2714 3196 2778 Θεὸς,
3220 2708 3281 2769 οὗ
3306 2715 3508 2783 κόσμος
3539 2710 3731 2783 ἔργον,

2140 2812 2221 2877 ὃς,
2256 2811 2462 2874 δίκαιος
2495 2810 2592 2873 ὣν,
2646 2809 2863 2873 πάντως
2905 2807 3121 2879 ἑκάστῳ
3162 2805 3301 2878 πρὸς
3344 2804 3445 2869 τὰς
3494 2802 3735 2875 πράξεις

2143 2902 2411 2959 ἀποδώσει
2444 2901 2594 2956 ποτέ.

2210 3014 2349 3070 XIII.
2396 3014 2635 3084 Ἀνάγκη
2665 3012 2774 3084 γὰρ
2798 3052 2814 3077 ,
2869 3010 3019 3089 πάσῃ
3068 3010 3227 3080 φύσει
3257 3008 3306 3041 ⁸⁸
3351 3006 3555 3072 δίκαιον
3584 2999 3738 3071 εἶναι

2140 3107 2367 3177 λέγοντα
2394 3107 2486 3161 τὸν
2512 3104 2668 3169 Θεὸν,
2701 3104 2797 3159 καὶ⁵
2819 3103 2923 3168 τάς
2965 3100 3267 3175 ἀνθρώπων
3310 3098 3488 3170 ψυχάς
3520 3097 3738 3161 ἀθανά-

470 3181 552 3237 les
582 3198 705 3238 esse
736 3184 1020 3238 hominum
1054 3186 1286 3241 animas.
1317 3186 1585 3253 Quoniam
1628 3189 1719 3243 ubi
1759 3187 2042 3259 eritjusti-

2150 3218 2269 3265 τους
2295 3196 2436 3255 εἶναι
2473 3196 2771 3252 πιστεύειν.
2795 3196 2969 3259 Ἐπεὶ,
2998 3192 3102 3247 ποῦ
3134 3192 3196 3248 τὸ
3226 3193 3273 3225 ⁸⁸
3303 3192 3507 3247 δίκαιον
3535 3190 3737 3252 abeo-3,

469 3273 546 3327 tia
572 3273 714 3342 ejus,
734 3276 956 3343 quando
978 3276 1168 3345 aliqui,
1198 3293 1321 3331 cum
1349 3278 1433 3347 pie
1459 3278 1747 3345 vixissent,
1771 3278 2043 3333 interdum

470 3366 615 3421 male
649 3368 819 3423 habiti
856 3385 953 3438 per
981 3370 1089 3423 vim
1120 3386 1150 3425 e
1180 3372 1361 3426 medio
1402 3372 1602 3427 sublati
1630 3382 1790 3438 sunt,
1821 3370 2043 3442 quidam

468 3476 622 3524 vero,
650 3462 742 3515 ubi
777 3463 1000 3518 omnino
1031 3464 1179 3534 impii
1206 3466 1536 3530 extitissent,
1564 3476 1728 3536 atque
1748 3465 1871 3520 vitae
1893 3465 2045 3520 luxui

472 3568 537 3607 ac
570 3552 779 3607 deliciis
826 3554 1200 3622 indulsissent,
1238 3557 1517 3611 communi
1551 3568 1730 3613 tamen
1764 3557 2047 3612 hominum

471 3653 646 3714 morte
677 3645 967 3699 obierunt?
994 3645 1442 3717 Quandoquidem
1474 3647 1659 3720 igitur,
1703 3648 1908 3719 absque
1937 3648 2045 3703 ulla

471 3738 925 3805 contradictione,
972 3739 1135 3803 Deus,
1170 3741 1348 3797 bonus
1378 3757 1503 3796 cum
1545 3742 1637 3806 sit,
1671 3741 1855 3811 justus
1881 3741 2046 3796 etiam

470 3840 578 3893 est,
604 3846 704 3897 nec
725 3832 944 3886 aliunde
970 3832 1154 3901 justus
1174 3848 1295 3889 esse
1321 3844 1700 3904 cognoscetur,
1734 3834 1837 3889 nisi
1865 3820 2047 3889 anima

472 3932 596 3992 post
645 3926 1042 3994 separationem
1099 3941 1129 3979 a
1182 3941 1412 3996 corpore
1462 3929 1534 3981 sit
1592 3928 1948 3993 immortalis,
1989 3936 2050 3981 ut

473 4016 653 4071 malus
697 4000 937 4086 quidem,
980 4017 1035 4071 in
1085 4018 1297 4073 inferno
1346 4019 1581 4089 positus,
1640 4030 1898 4089 tanquam
1953 4021 2046 4089 qui

473 4106 565 4159 hic
596 4106 734 4161 bona
761 4108 1049 4178 receperit,
1083 4108 1155 4162 ibi
1187 4124 1287 4179 pro
1319 4108 1385 4164 iis
1410 4125 1533 4180 qure
1572 4109 1823 4179 deliquit,
1849 4111 2047 4181 punia-

470 4210 584 4263 tur,
613 4198 790 4254 bonus
815 4207 1019 4265 autem,
1054 4199 1143 4255 hic
1179 4216 1280 4270 pro
1317 4200 1534 4257 delictis
1578 4202 1897 4271 castigatus,
1937 4203 2050 4257 illic

472 4290 630 4359 quasi
658 4289 710 4343 in
744 4290 867 4345 sinu
895 4290 1170 4359 justorum
1210 4290 1579 4347 constituatur
1627 4293 1894 4348 bonorum
1940 4295 2048 4349 lue-

474 4395 584 4435 res.
621 4378 891 4447 Quoniam
931 4382 1095 4452 igitur
1131 4382 1271 4437 Deus
1295 4382 1479 4453 justus
1511 4394 1617 4450 est,
1652 4396 1865 4441 constat
1908 4387 2050 4441 inter

472 4485 598 4537 nos,
640 4472 905 4543 judicium
954 4490 1173 4545 quoque
1212 4474 1364 4541 fore,
1416 4486 1471 4531 et
1510 4478 1724 4533 animas
1767 4493 1891 4533 esse
1942 4478 2046 4532 im-

473 4562 756 4617 mortales.

545 4651 688 4707 XIV.
724 4652 781 4708 Si
811 4654 937 4723 quis
957 4669 1108 4719 vero,
1133 4656 1592 4726 quemadmodum
1618 4657 1828 4712 δίκηοηί
1857 4657 2049 4713 Sama-

477 4745 656 4801 ritano
683 4747 877 4815 placet,
911 4748 1021 4802 Deo
1048 4748 1256 4817 justum
1292 4764 1415 4806 esse
1441 4751 1575 4819 nolit
1601 4752 1920 4815 concedere,
1959 4751 2048 4807 cui

2145 3295 2279 3349 ὅπου
2300 3293 2466 3357 τινες,
2494 3289 2738 3353 εὐσεϐῶς
2755 3286 3068 3359 βιώσαντες,
3094 3285 3528 3358 κακουχηθέντες
3553 3283 3737 3337 ἐνίοτε

2148 3385 2335 3457 βιαίως
2359 3381 2721 3457 ἀνῃρέθησαν,
2734 3380 2864 3434 ἔνιοι
2894 3379 2970 3443 δὲ,
3023 3376 3241 3441 ἀσεϐεῖς
3262 3376 3403 3430 πάνυ
3428 3373 3740 3446 γεγενημέ-

2146 3493 2261 3539 νοι,
2305 3476 2365 3527 ὲν
2422 3470 2741 3543 πολυτελείᾳ
2783 3468 2901 3541 βίου
2946 3468 3355 3541 τρυφήσαντες,
3414 3464 3506 3517 τὸν
3548 3463 3740 3517 κοινὸν

2146 3566 2449 3638 ἀνθρώπων
2505 3564 2734 3618 θάνατον
2766 3555 3172 3631 ἐτελεύτησαν;
3216 3557 3371 3612 Ἐπεὶ
3415 3551 3509 3610 οὖν
3555 3557 3740 3638 χωρὶς

2148 3628 2327 3731 πάσης
2379 3656 2689 3725 ἀντιλογίας
2741 3656 2770 3709 6
2824 3650 2955 3716 Θεὸς
3007 3628 3212 3720 ἀγαθὸς
3250 3649 3327 3704 ὣν
3374 3649 3468 3703 καὶ
3519 3628 3739 3711 δίκᾶἶός

2148 3752 2314 3815 ἐστιν,
2332 3750 2433 3803 οὐκ
2452 3748 2625 3811 ἄλλως
2652 3746 2708 3800 δὲ
2724 3745 2931 3810 δίκαιος
2945 3740 3082 3798 εἶναι
3099 3740 3493 3811 γνωσθήσεται,
3525 3738 3623 3792 ἐὰν
3654 3740 3740 3810 μὴ

2146 3845 2180 3914 η
2210 3841 2356 3913 ψυχὴ
2393 3838 2529 3912 μετά
2548 3837 2640 3891 τὸν
2667 3835 2945 3909 χωρισμὸν
2973 3832 3069 3888 τοῦ
3105 3832 3354 3903 σώματος
3373 3830 3639 3892 ἀθάνατος
3670 3824 3736 3901 ᾖ,

2148 3935 2215 3988 ἶν’
2243 3936 2271 3988 ό
2306 3934 2403 4005 μὲν
2428 3933 2470 3965 ³⁷
2501 3929 2689 3994 κακὸς,
2722 3930 2781 3983 ὲν
2813 3928 2916 4002 ᾄδῃ
2946 3926 3256 3997 γενόμενος,
3291 3924 3367 3988 ὡς
3402 3922 3636 3977 ἐνταῦθα
3662 3922 3741 3975 τὰ

2148 4025 2326 4095 ἀγαθά
2351 4022 2659 4085 ἀπολαϐὼν,
2689 4022 2806 4075 ἐκεῖ
2848 4019 2976 4091 περὶ
3012 4012 3088 4073 ῶν
3134 4019 3349 4090 ἥμαρτε
3399 4014 3669 4086 κολασθῇ,
3708 4016 3741 4066 ό

2147 4119 2203 4171 δὲ
2230 4118 2452 4188 ἀγαθὸς,
2496 4116 2730 4171 ἐνταῦθα
2769 4117 2897 4188 περὶ
2918 4109 2993 4171 ὧν
3024 4115 3239 4187 ἥμαρτε
3271 4110 3577 4173 κολασθεὶς,
3615 4112 3742 4163 ἐκεῖ

2148 4210 2224 4275 ὠς
2254 4212 2313 4264 ὲν
2362 4209 2582 4273 κόλποις
2629 4207 2872 4272 δικαίων,
2908 4206 3128 4274 ἀγαθῶν
3167 4205 3213 4237 ⁸⁸
3249 4201 3583 4275 κληρονόμος
3632 4218 3742 4253 κα-

2148 4305 2345 4374 ταστῇ.
2372 4303 2493 4356 Ὅτι
2545 4300 2727 4355 τοίνυν
2772 4302 2800 4354 ό
2832 4299 2967 4364 Θεὸς
3013 4298 3249 4362 δίκαιος,
3288 4294 3551 4367 πρόδηλον
3598 4294 3741 4362 ἡμῖν

2149 4396 2297 4447 ἔστιν
2326 4395 2407 4447 δτι
2441 4393 2536 4447 καὶ
2578 4391 2758 4464 κρίσις
2790 4392 2837 4425 "
2872 4391 3080 4462 γίνεται
3129 4389 3224 4445 καὶ
3261 4386 3432 4459 ψυχαὶ
3472 4385 3740 4440 ἀθάνατοι

2150 4485 2525 4556 τυγχάνουσιν.

2220 4657 2359 4712 XIV.
2395 4658 2458 4712 Εί
2488 4656 2545 4711 δέ
2576 4674 2679 4720 τις,
2714 4657 2791 4721 ὡς
2820 4657 2900 4728 τῷ
2929 4657 3173 4729 Σαμαρεῖ
3216 4654 3417 4727 Σίμωνι
3456 4653 3631 4715 δοκεῖ,
3672 4651 3743 4705 τὸ

2150 4750 2342 4821 δικαίῳ
2372 4746 2509 4803 εἶναι
2547 4749 2593 4780 ⁶⁶
2620 4747 2741 4819 Θεῷ
2791 4747 2897 4818 52
2947 4749 3023 4820 μὴ
3064 4748 3207 4801 θέλοι
3240 4744 3607 4803 δοῦναι.οτίνι
3651 4742 3742 4795 ἔτι

472 4836 586 4904 jam
632 4837 871 4892 tribuere
900 4848 1079 4907 potest
1105 4849 1165 4894 ut
1201 4840 1382 4909 justus
1417 4842 1524 4915 sit,
1556 4841 1637 4895 vel
1680 4857 1801 4897 esse
1845 4842 2042 4911 possit!

2150 4843 2308 4897 τοῦτο
2330 4842 2372 4873 ⁸⁸
2394 4841 2575 4895 δοῦναι
2604 4839 2860 4904 δύναται,
2890 4839 3042 4911 ἢκαὶ
3072 4840 3133 4893 τὸ
3162 4838 3415 4909 γενέσθαι
3446 4834 3737 4896 δύνασθαι;

478 4926 616 4983 Nam
659 4932 705 4986 si
752 4931 803 4986 id
850 4941 1174 4998 cunctorum
1222 4933 1376 4987 radix
1426 4951 1531 4989 non
1585 4933 1768 5000 habet,
1816 4949 2043 5003 prorsus

2149 4935 2261 5007 Τῆς
2288 4933 2397 5007 γὰρ
2432 4933 2586 5005 ῥίζης
2616 4930 2725 4985 τῶν
2754 4931 2890 4985 ὅλων
2916 4931 3075 4985 τοῦτο
3105 4931 3205 4985 οὐκ
3233 4929 3483 5000 ἐχούσης,
3518 4926 3740 4997 ἀνάγκη

1768 5088 2011 5144 νΔῐίιιΕ
2074 5087 2477 5145 LECTIONES.

551 5204 597 5235 ⁵⁸
627 5203 687 5256 τό
716 5204 777 5275 0.
832 5201 901 5275 __‘°
935 5202 1153 5275 γνόντα,
1179 5196 1281 5275 οὖν
1303 5202 1343 5257 C
1374 5242 1389 5268 ,
1420 5202 1579 5266 cujus
1624 5201 1991 5275 conjecturam
2039 5200 2232 5275 γνόντα
2271 5197 2385 5275 οὗν,
2430 5202 2522 5275 ὅτι
2543 5202 2764 5275 exhibet
2800 5204 2841 5255 0
2877 5218 2893 5275 ς
2920 5201 3123 5275 γνόντα
3156 5203 3237 5275 ὅτι
3265 5202 3360 5275 S._
3400 5200 3461 5275 ’ᾖ
3482 5200 3615 5275 ὑμῖν
3645 5205 3691 5253 υ
3723 5244 3740 5265 ,

481 5289 717 5344 quocum
748 5271 870 5327 dedi
906 5272 979 5343 μὴ
1014 5273 1214 5336 καλῶς.
1255 5272 1415 5327 Deest
1444 5276 1516 5343 μή
1549 5288 1637 5337 ap.
1665 5272 1706 5326 C
1738 5313 1753 5332 ,
1781 5272 1871 5395 «11ιί
1899 5270 2179 5340 propterea
2204 5272 2348 5339 conj.
2379 5272 2583 5333 κακῶς.
2613 5271 2652 5325 S
2706 5272 2767 5324 οὑ
2803 5272 3002 5335 καλῶς.
3078 5272 3122 5313 ’ί
3157 5273 3288 5326 αὐτό
3320 5271 3383 5325 C.
3417 5270 3555 5323 Tum
3583 5272 3745 5326 deest

482 5343 669 5395 κακῶς
693 5344 744 5395 in
776 5340 840 5395 Ο.
918 5343 962 5373 ⁸³
998 5343 1133 5395 ἀλλά
1164 5346 1225 5395 Ο.
1302 5344 1347 5375 ⁸³
1377 5343 1537 5395 θέλης
1584 5342 1645 5395 C.
1724 5342 1771 5374 “
1823 5351 1871 5395 ta
1903 5340 1968 5395 Ο.
1994 5357 2042 5395 c.
2071 5341 2153 5395 8..
2182 5359 2242 5393 τε
2265 5342 2327 5395 C.
2404 5343 2450 5374 "
2486 5342 2595 5395 γὰο
2628 5343 2797 5395 πᾶσα.
2835 5341 2992 5395 φύσει
3025 5342 3086 5395 C.
3162 5343 3209 5375 “
3238 5342 3341 5395 ποῦ
3369 5341 3430 5393 τό
3452 5344 3493 5393 0
3513 5350 3566 5393 et
3591 5341 3743 5395 Em’t.

482 5313 870 5406 31:61"
885 5313 979 5413 Fs"
998 5313 1225 5396 ὦῖἴό.
1255 5313 1537 5413 Ἷῖῖέῐῂξ
1669 5313 1706 5326 “
1724 5313 1771 5374 εἰ

1823 5351 1871 5395 ta
1903 5340 1968 5406 Ο,
1994 5357 2042 5395 c.
2071 5341 2153 5401 S.,
2182 5359 2242 5393 τε
2265 5342 2327 5395 C.
2404 5343 2450 5374 ⁸⁸

2486 5342 2595 5412 γὰρ
2628 5343 2797 5404 πᾶσα,
2835 5341 2992 5411 φύσει
3025 5342 3086 5396 C.
3162 5343 3209 5375 “
3238 5342 3341 5396 ποῦ
3369 5341 3430 5412 τό
3452 5344 3493 5393 0
3513 5350 3566 5393 et
3591 5341 3743 5409 Epit.

482 5431 538 5483 ς.
568 5401 660 5473 9.3,
683 5410 937 5483 aoﬁroC.
976 5412 1091 5483 CI'r.
1129 5415 1291 5483 etiam
1322 5401 1589 5477 homin—II,
1624 5412 1691 5483 l7
1714 5401 2075 5483 sub_ﬁnem._
2114 5412 2158 5442 ⁵⁷
2194 5412 2282 5483 ἵνα
2318 5412 2417 5482 μέν
2444 5401 2530 5475 C',
2563 5401 2657 5465 ’ἵνα
2691 5401 2794 5483 μὲν
2820 5401 2858 5466 ό’
2889 5412 2927 5466 S
2979 5413 3108 5483 Dein
3138 5413 3252 5466 ἀδει
3281 5416 3344 5466 0.
3420 5411 3467 5443 ”
3503 5413 3546 5464 0
3581 5401 3740 5483 add.

481 5478 556 5536 ὧν
580 5494 703 5538 ante
735 5482 975 5550 ἀγαθῶν.
1007 5482 1145 5537 Tum
1176 5481 1295 5537 ἐπεὶ
1342 5482 1525 5551 τοίνυν
1564 5498 1617 5551 p.
1650 5482 1730 5535 δτι
1760 5481 1955 5551 τοίνυν
1972 5478 2117 5551 Epit.
2141 5478 2918 5551 ς.25,’(]ιιο‹1ίυηίοείἐειιιιη.
2939 5482 3089 5535 Ἐπεί
3117 5483 3357 5551 protasin
3392 5481 3638 5535 resumit.
3678 5482 3742 5538 S.

483 5555 529 5586 δ’
563 5548 864 5623 κρίσεις-Ο.
942 5554 987 5585 ⁸ο
1014 5553 1077 5605 τὸ
1095 5553 1286 5623 δικαίῳ
1312 5549 1453 5606 εἶναι
1484 5548 1637 5616 είτζ
1668 5553 1877 5623 δικαιον
1904 5548 2040 5623 εἶναι
2066 5550 2212 5623 Epit.
2246 5548 2420 5623 c._25.
2454 5550 2653 5623 Notum
2699 5560 2801 5623 est
2827 5553 2958 5623 illud
3011 5552 3096 5621 loq

3106 5552 3267 5623 uendi
3315 5566 3485 5623 genus
3536 5566 3602 5605 ex
3635 5568 3741 5606 usu

486 5618 1001 5691 Peripateticorum,
1028 5625 1093 5677 de
1124 5639 1234 5692 quo
1256 5618 2181 5692 exposueruntj'rendelenhurgius
2203 5622 2256 5672 in
2285 5618 2471 5692 Μιιδεο
2486 5618 2734 5674 Rhenano
2754 5618 3188 5688 I828,in-4°,157
3211 5618 3364 5691 seqq.
3400 5620 3545 5692 (quae
3563 5636 3743 5692 cnfu-

483 5686 751 5759 meptatio
803 5693 1063 5763 inscripta
1094 5686 1177 5747 est
1216 5712 1228 5747 :
1269 5692 1375 5763 Qus
1406 5692 1466 5745 τὸ
1495 5693 1575 5763 ἐνὶ
1608 5688 1768 5753 εἶναι,
1803 5691 1862 5744 τὸ
1891 5686 2083 5763 ἀγαθῷ
2107 5686 2245 5763 εἶναι
2276 5690 2708 5763 beizjriuoleles,
2737 5706 2822 5763 ein
2857 5686 3076 5763 Beitrag
3104 5708 3199 5745 zur
3228 5686 3384 5763 priet.
3416 5690 3741 5763 Regii/73M-

487 5758 1037 5844 .‘s‘tiutrztuu'gand‘zitr
1060 5764 1255 5831 griech.
1285 5761 1526 5844 {Syntng
1550 5771 1620 5844 etr
1640 5763 1707 5816 ad
1733 5761 2015 5844 Λήθῃ-ρο
2035 5758 2207 5844 ρηἱῃι.
2244 5774 2306 5844 ι)ςΓ
2344 5760 2461 5844 47]n
2491 5758 3122 5844 seqq.,_deinde‘Waitz
3175 5762 3241 5819 ad
3271 5763 3440 5817 Arist.
3476 5759 3606 5831 οῖς.
3643 5762 3739 5825 67,

488 5833 551 5896 (ἰ,
586 5820 839 5888 1?..Vitle
861 5833 1000 5891 infra
1026 5820 1171 5888 hom.
1198 5849 1253 5901 χ,
1292 5820 1388 5903 I9;
1418 5820 1537 5907 Θεῷ
1569 5828 1727 5898 εἶναι,
1759 5848 1871 5900 χνι,
1903 5830 1969 5887 17
1993 5820 2393 5904 εὰπείρῳέῖναι
2428 5829 2485 5884 S.
2561 5820 2778 5884 δι’τοῦτὸ
2794 5847 2877 5897 τις
2897 5831 2958 5887 (1.
