3868 6212
452 338 519 394 87
1271 334 1330 392 S.
1369 334 1757 393 CLEMENTIS
1791 333 1811 390 I
1849 334 2015 392 ROM.
2057 336 2255 391 PONT.
2297 335 2524 392 OPERA
2561 336 2782 393 DUBIA.
3646 337 3719 393 8'8

451 448 845 522 sunt,lmpuri,
879 452 1128 523 inquam,
1158 454 1373 522 etpuri,
1401 468 1623 522 nemper
1639 457 1791 525 niger
1812 472 2009 513 corvus

2132 476 2221 520 νες
2240 458 2331 511 δύο
2364 456 2472 529 54
2504 456 2909 526 ἀπεστάλησαν,
2958 453 3268 526 ἀκαθάρτου
3307 452 3451 521 λέγω
3475 455 3572 508 καί
3615 472 3718 508 κα-

448 553 505 599 et
550 542 747 601 deinde
795 546 1053 601 columba
1084 546 1229 600 alba.
1262 544 1393 600 Item
1444 561 1508 600 ex
1567 549 1813 619 principe
1851 554 2011 620 genti:

2129 550 2320 621 θαροῦ,
2355 550 2383 602 ὅ
2426 566 2486 602 τε
2521 548 2689 619 κόραξ
2720 550 2749 602 ό
2783 548 2970 618 μέλας,
3004 547 3098 601 καὶ
3136 548 3169 617 ἡ
3202 545 3368 616 λευκὴ
3413 547 3721 617 περιστερὰ

449 645 655 691 nostra:
706 635 1025 692 Abrahamo
1069 638 1181 694 duo
1234 639 1397 708 primi
1449 640 1561 694 nati
1614 651 1771 707 sunt,
1816 644 2011 713 primu:

2124 642 2371 713 δευτέρα.
2423 642 2534 695 Καὶ
2593 641 2701 695 ἀπὸ
2747 641 2845 711 μὲν
2889 638 2983 693 τοῦ
3034 637 3338 710 ἀρχηγέτου
3385 638 3480 691 τοῦ
3524 638 3721 703 ἔθνους

450 726 669 793 Ismael,
704 739 897 800 postea
933 730 1087 787 Isaac
1121 747 1214 801 qui
1252 748 1281 787 a
1324 731 1435 787 Deo
1467 733 1785 791 benedictus
1809 746 1913 791 est.
1948 737 2011 792 Ex

2125 735 2283 806 ἡμῶν
2345 733 2597 805 Ἀϐραὰμ
2635 732 2730 786 δύο
2764 732 2971 804 πρῶτοι
3003 732 3310 800 γεγόνασιν,
3340 729 3558 801 πρῶτος
3609 731 3721 785 Ἰσ-

448 822 640 877 eodem
666 823 919 879 similiter
957 824 1145 879 Isaaco
1186 826 1297 879 duo
1326 826 1507 882 adhuc
1544 829 1892 895 exstiterunt,
1924 832 2011 885 im-

2128 827 2312 899 μαὴλ,
2378 823 2495 879 εἶτα
2550 825 2735 879 Ἰσαάκ
2782 827 2811 879 6
2860 825 2966 878 ὑπὸ
3013 823 3109 877 τοῦ
3148 823 3283 877 Θεοῦ
3326 823 3716 893 εὐλογημένος.

449 912 572 979 pius
622 912 792 979 Esau,
836 925 887 971 et
934 917 1057 986 pius
1091 915 1281 972 Iacob.
1310 918 1389 973 Ad
1418 918 1565 973 hunc
1595 921 1815 975 modum
1837 924 2027 979 ordine

448 1003 682 1071 primus,
715 1016 773 1061 ut
810 1009 1015 1063 mundo
1046 1010 1468 1080 primogenitus,
1501 1012 1777 1081 pontifex,
1830 1014 2027 1070 deinde

448 1096 743 1165 lcgislator.

521 1276 684 1333 XVII.
708 1278 782 1333 Ita
807 1282 970 1334 etiam
1002 1298 1125 1352 qua:
1152 1293 1381 1339 ventura
1400 1294 1516 1340 erat
1538 1287 1853 1359 conjngatio
1878 1292 2023 1348 circa

447 1368 642 1435 Eliam,
675 1381 868 1441 sponte
903 1372 1132 1428 dimissa
1176 1384 1259 1429 est
1295 1376 1359 1429 ad
1389 1376 1537 1431 aliud
1584 1388 1821 1450 tempus,
1867 1398 2023 1439 com-

445 1470 631 1515 menta
664 1478 722 1517 se
765 1463 901 1519 alias
947 1475 1254 1534 Opportune
1280 1468 1459 1537 seipsa
1492 1468 1805 1528 fruituram.
1842 1473 2025 1541 Quare

442 1552 659 1621 primus
690 1556 859 1620 venit,
889 1558 982 1625 qui
1015 1557 1157 1610 inter
1180 1568 1333 1613 natos
1359 1561 1679 1628 mulierum;
1713 1564 1910 1621 deinde
1933 1583 2023 1623 se-

441 1644 660 1701 cundus
692 1646 931 1715 advenit,
959 1649 1054 1719 qui
1081 1652 1218 1705 inter
1247 1652 1387 1721 ﬁlios
1422 1654 1714 1711 hominum.
1755 1656 1911 1715 Hunc
1938 1676 2023 1716 se-

2139 918 2272 971 ’Λπὸ
2321 920 2379 973 δὲ
2426 916 2521 971 τοῦ
2572 920 2619 951 ’⁸
2648 917 2814 972 αὐτοῦ
2881 916 3064 971 Ἰσαὰκ
3110 917 3312 988 ὁμοίως
3364 916 3522 969 πάλιν
3588 916 3716 977 δύο,

2139 1008 2306 1065 Ἠσαῦ
2339 1014 2367 1065 6
2400 1011 2599 1082 ἀσεϐὴς
2648 1011 2743 1064 καὶ
2800 1010 2991 1063 Ἰακὼϐ
3041 1013 3070 1062 6
3108 1009 3352 1080 εὐσεϐής.
3407 1008 3595 1072 Οὕτως
3642 1012 3718 1079 τῇ

2124 1103 2273 1169 τάξει
2306 1104 2355 1135 ⁷³
2389 1103 2625 1173 πρῶτος,
2661 1103 2738 1166 ὡς
2780 1102 3124 1174 πρωτότοκος
3161 1102 3239 1173 τῷ
3284 1102 3491 1173 κόσμῳ,
3543 1104 3573 1155 6
3608 1102 3716 1171 ἀρ-

2125 1198 2361 1276 χιερεὺς,
2394 1194 2514 1249 εἶτα
2544 1198 2571 1250 6
2602 1196 2900 1267 νομοθέτης
2927 1196 2991 1248 ⁷⁵.

2194 1290 2357 1344 XVII.
2425 1290 2659 1361 Ὁμοίως
2711 1292 2745 1361 ἡ
2805 1289 2915 1361 γὰρ
2956 1290 3092 1361 πρδς
3148 1287 3334 1341 Ἠλίαν
3383 1288 3429 1320 ⁷⁵
3478 1286 3718 1353 συζυγία

2123 1383 2412 1454 ὀφείλουσα
2444 1383 2617 1436 ἐλθεῖν
2651 1382 2852 1436 ἑκοῦσα
2884 1380 3184 1451 ἀπελείφθη
3219 1382 3300 1443 εἰς
3348 1379 3531 1449 ἕτερον
3588 1394 3720 1431 και-

2127 1480 2239 1550 ρὸν,
2275 1478 2462 1533 ἄλλοτε
2495 1476 2767 1546 εὐκαίρως
2797 1476 2969 1546 αὐτὴν
3007 1474 3299 1528 ἀπολαύειν
3331 1473 3378 1503 "‘
3413 1471 3721 1541 βουλευσα-

2126 1574 2287 1646 μένη.
2353 1572 2443 1655 Δρ)
2486 1572 2580 1624 καὶ¹
2622 1572 2652 1624 6
2697 1570 2767 1623 ἐν
2816 1571 3125 1638 γεννητοῖς
3155 1565 3456 1637 γυναικῶν
3488 1563 3719 1635 πρῶτος

2122 1665 2306 1738 ἦλθεν,
2327 1663 2445 1720 εἶτα
2473 1668 2501 1719 6
2532 1665 2602 1717 ἐν
2632 1662 2786 1729 υἱοῖς
2822 1659 3148 1728 ἀνθρώπων
3179 1659 3427 1727 δεύτερος
3448 1655 3713 1725 ἐπῆλθεν.

442 1739 661 1807 quendo
688 1741 935 1798 ordinem
956 1743 1071 1797 ﬁeri
1091 1745 1307 1813 poterit.
1333 1753 1392 1800 ut
1414 1747 1748 1816 intelligatur
1770 1751 1837 1805 ad
1854 1767 2011 1821 quam

2124 1761 2307 1831 Ταύτῃ
2358 1762 2425 1830 τῇ
2458 1758 2609 1821 τάξει
2657 1756 2703 1788 τ’
2743 1753 3139 1809 ἀκολουθοῦντα
3186 1750 3409 1805 δυνατὸν
3449 1745 3517 1820 ἦν
3567 1750 3717 1805 νοεῖν

443 1830 640 1885 seriem
674 1833 941 1901 pertineat
974 1834 1186 1902 Simon,
1231 1837 1325 1907 qui
1365 1846 1491 1893 ante
1523 1856 1608 1894 me
1635 1842 1846 1911 primus
1870 1820 2011 1903 venit

2123 1820 2652 1919 τίνοςΣίμων,
2695 1848 2725 1901 6
2758 1846 2865 1918 πρὸ
2914 1846 3050 1916 ἐμοῦ
3090 1845 3169 1906 είς
3201 1842 3269 1896 τὰ
3311 1842 3436 1913 ἔθνη
3488 1841 3718 1912 πρῶτος

441 1928 509 1982 ad
541 1938 763 1998 gentes;
789 1936 845 1983 et
878 1928 944 1982 ad
969 1944 1134 1999 quam
1166 1944 1268 2001 ego
1299 1933 1567 2001 pertineo,
1595 1935 1691 2003 qui
1735 1937 1859 1991 veni
1892 1949 2017 2007 post

441 2019 618 2085 illum,
652 2028 706 2074 et
728 2020 970 2075 successi
1005 2021 1155 2076 velut
1176 2023 1359 2079 lumen
1392 2024 1653 2088 tenebris,
1686 2028 1833 2082 velut
1860 2030 2016 2099 igno-

438 2113 630 2166 rantia:
653 2112 905 2178 scientia,
932 2114 1078 2168 velut
1105 2116 1295 2169 morbo
1323 2117 1551 2172 sanitas.
1587 2117 1664 2172 Ita
1703 2122 1924 2190 quippe,
1955 2132 2017 2177 ut

438 2204 600 2259 nobis
630 2206 943 2261 dixitverus
967 2207 1250 2277 propheta,
1269 2209 1445 2278 primo
1479 2212 1663 2266 venire
1690 2214 2014 2282 oportetfal;

438 2313 559 2353 sum
584 2299 924 2368 evangelium
943 2299 1010 2354 ab
1034 2300 1333 2370 impostore
1350 2302 1613 2372 quodam,
1629 2312 1682 2358 et
1699 2305 1777 2360 sic
1792 2305 2010 2371 deinde,

436 2400 564 2459 post
588 2391 764 2444 sancti
808 2390 913 2446 loci
945 2393 1310 2458 eversionem,
1342 2410 1531 2449 verum
1556 2396 1913 2468 Evangelium
1943 2402 2010 2455 ad

435 2482 831 2536 correctionem
881 2482 1194 2539 futurorum
1243 2486 1523 2544 haareseon
1569 2489 1709 2544 clam
1751 2492 1913 2545 mitti.
1946 2492 2013 2548 Et

434 2584 563 2647 post
602 2576 737 2642 haec,
768 2576 913 2631 circa
954 2578 1140 2641 ﬁnem,
1168 2578 1367 2634 iterum
1395 2581 1608 2650 primus
1634 2584 1816 2639 veniet
1855 2587 2010 2641 Anti-

433 2668 696 2735 christus,
729 2678 970 2739 tuncque
993 2686 1154 2728 verus
1181 2671 1434 2745 Christus
1457 2686 1643 2730 noster
1664 2675 1823 2733 Iesus
1845 2695 2013 2749 appa-

434 2760 605 2827 rebit;
635 2771 756 2830 post
788 2778 971 2831 quem,
991 2772 1115 2819 orto
1142 2765 1258 2821 sole
1281 2774 1509 2833 aeterno,
1534 2779 1730 2831 cuncta
1754 2775 2008 2827 tenebra-

434 2868 557 2907 rum
587 2855 815 2909 evanida
842 2854 989 2910 ﬁent.

506 3029 691 3088 XVIII.
726 3030 865 3087 Cum
896 3049 1048 3104 ergo,
1080 3036 1223 3090 sicut
1248 3036 1384 3103 dixi,
1417 3039 1821 3109 coniugationis
1846 3058 2010 3097 cano-

2117 1946 2306 2008 ἐλθὼν,
2340 1945 2432 1998 καὶ
2461 1942 2606 2006 τίνος
2636 1939 2710 1995 ὢν
2751 1938 3021 2009 τυγχάνω,
3054 1939 3082 1989 6
3116 1937 3232 2006 μετ’
3273 1936 3477 1987 ἐκεῖνον
3510 1932 3716 2003 ἐληλυ-

2119 2040 2245 2103 θὼς,
2286 2039 2381 2092 καὶ
2413 2036 2658 2090 ἐπελθὼν
2683 2035 2760 2098 ὡς
2783 2032 2960 2103 σκότῳ
2986 2030 3122 2099 φῶς,
3151 2029 3226 2091 ὡς
3250 2026 3445 2098 ἀγνοίᾳ
3480 2025 3713 2095 γνῶσις,

2116 2131 2193 2195 ὡς
2223 2130 2362 2200 νόσῳ
2401 2129 2562 2191 ἴασις.
2597 2125 2750 2181 Οὕτω
2786 2125 2849 2196 δὴ
2873 2165 2889 2191 ,
2932 2124 3009 2187 ὼς
3043 2125 3071 2175 6
3101 2121 3149 2153 ⁷⁸
3182 2120 3389 2191 ἀληθὴς
3412 2120 3543 2189 ἡμῖν
3582 2135 3718 2188 προ-

2115 2225 2292 2295 φήτης
2340 2224 2580 2293 εἴρηκεν,
2622 2218 2838 2290 πρῶτον
2879 2215 3074 2285 ψευδὲς
3118 2214 3197 2266 δεῖ
3247 2211 3423 2264 ἐλθεῖν
3486 2209 3717 2277 εὐαγγέ-

2115 2317 2226 2370 λιον
2252 2319 2298 2352 ⁷⁸
2326 2315 2431 2373 ὑπὸ
2467 2314 2668 2367 πλάνου
2702 2310 2866 2375 τινος,
2900 2309 2995 2362 καὶ
3015 2304 3109 2365 εἶθ’
3140 2305 3314 2368 οὕτως
3350 2302 3488 2375 μετά
3519 2302 3717 2355 καθαί-

2118 2426 2265 2481 ρεσιν
2296 2409 2392 2462 τοῦ
2426 2407 2581 2476 ἁγίου
2612 2405 2778 2458 τόπου
2798 2402 3122 2470 Εὐαγγέλιον
3146 2399 3343 2470 ἀληθές
3371 2395 3556 2468 κρύφα
3588 2396 3711 2448 δια-γ

2114 2502 2428 2575 πεμφθῆναι
2455 2501 2536 2563 εἰς
2568 2496 2939 2567 ἐπανόρθωσιν
2970 2494 3077 2546 τῶν
3106 2492 3378 2562 ἐσομένων
3410 2489 3707 2559 αἱρέσεωνο

2115 2595 2209 2649 καὶ
2243 2593 2379 2665 μετά
2416 2591 2587 2645 ταῦτα
2622 2590 2759 2661 πρὸς
2788 2588 2867 2658 τῷ
2901 2586 3043 2639 τέλει
3078 2585 3238 2638 πάλιν
3272 2582 3486 2654 πρῶτον
3529 2581 3713 2633 Ἀντί-

2112 2703 2333 2758 χριστον
2374 2684 2546 2737 ἐλθεῖν
2585 2682 2684 2745 δεῖ,
2723 2682 2817 2734 καὶ
2847 2680 2967 2732 τότε
3000 2678 3092 2730 τὸν
3123 2676 3227 2746 55
3271 2676 3439 2736 ὅντως
3465 2672 3714 2765 Χριστὸν

2110 2779 2269 2851 ἡμῶν
2309 2777 2517 2849 Ἰησοῦν
2545 2774 2903 2842 ἀναφανῆναι,
2930 2770 3024 2824 καὶ
3059 2768 3195 2840 μετά
3224 2768 3412 2821 τοῦτον
3456 2766 3525 2829 ⁸⁸,
3574 2765 3716 2817 αἰω-

2113 2872 2226 2926 νίου
2253 2870 2428 2941 φωτὸς
2443 2868 2835 2928 ἀνατείλαντος,
2854 2865 3029 2918 πάντα
3051 2862 3119 2915 τά
3140 2860 3234 2914 τοῦ
3270 2859 3492 2921 σκότους
3515 2858 3707 2931 ἀφανῆ

2113 2962 2381 3036 γενέσθαι.

2183 3054 2368 3110 XVIII.
2422 3053 2576 3107 Ἐπεὶ
2604 3048 2717 3111 οὖν,
2751 3052 2826 3113 ὡς
2853 3049 3009 3120 ἔφην,
3046 3050 3137 3101 τὸν
3170 3046 3372 3099 κανόνα
3400 3045 3501 3116 τῆς
3535 3044 3713 3107 συζυ-

432 3139 558 3178 nem
584 3124 803 3193 quidam
833 3126 1102 3195 nesciant,
1148 3128 1273 3184 inde
1317 3131 1573 3201 ignorant
1600 3134 1780 3203 qualis
1808 3137 2007 3191 existat

2123 3150 2236 3221 γίας
2264 3146 2518 3217 ἀγνοοῦσί
2547 3160 2710 3208 τινες,
2747 3142 2896 3196 ἐνθεν
2926 3143 3026 3193 οὐκ
3060 3139 3375 3192 ἐπίστανται
3397 3136 3482 3199 τίς
3505 3136 3714 3204 τυγχά-

433 3214 647 3281 Simon,
675 3218 769 3286 qui
801 3228 926 3273 ante
956 3234 1041 3273 me
1075 3222 1296 3290 prodiit.
1325 3221 1461 3276 Nam
1494 3224 1538 3279 si
1565 3236 2005 3296 cognosceretur,

434 3326 542 3371 non
572 3310 621 3365 ei
662 3311 953 3365 haberetur
1003 3312 1154 3370 ﬁdes.
1204 3313 1322 3369 Iam
1356 3332 1486 3372 vero
1535 3319 1663 3388 quia
1702 3320 2005 3389 ignoratur,

432 3421 542 3460 non
572 3415 719 3461 recte
748 3407 1030 3461 creditur:
1063 3417 1117 3461 et
1158 3410 1252 3477 qui
1275 3425 1438 3479 opera
1473 3410 1819 3465 inimicorum
1856 3412 2004 3479 facit,

431 3500 697 3569 diligitur,
749 3510 803 3553 et
854 3500 1033 3555 hostis
1062 3502 1220 3571 quasi
1252 3505 1465 3558 amicus
1492 3514 1745 3573 receptus
1788 3505 1909 3573 fuit,
1953 3517 2008 3563 et

431 3592 525 3660 qui
554 3602 638 3646 est
667 3608 835 3658 mors,
870 3594 1019 3647 velut
1072 3594 1310 3649 salvator
1331 3595 1673 3651 desideratus
1696 3608 1799 3660 est,
1830 3608 1886 3653 et
1912 3601 2005 3669 qui

432 3682 597 3754 ignis,
622 3685 803 3739 lumen
835 3686 1204 3753 existimatus,
1229 3687 1434 3759 quique
1462 3689 1717 3743 seductor
1757 3700 1860 3756 est,
1907 3707 2007 3746 au-

431 3776 584 3830 ditur
632 3776 789 3845 quasi
831 3792 960 3831 vera
1001 3778 1326 3847 praedicans.
1377 3778 1474 3834 IIis
1510 3780 1714 3836 auditis
1742 3797 1843 3852 ego
1883 3782 2007 3839 Cle-

432 3884 618 3923 mens:
646 3868 910 3934 Quisnam
938 3879 1041 3937 est,
1068 3871 1202 3933 dixi.
1224 3872 1328 3927 iste
1352 3881 1535 3927 tantus
1559 3874 1836 3944 deceptor,
1865 3877 2007 3931 scire

429 3957 646 4013 vellem.
679 3958 745 4013 Et
778 3958 973 4016 Petrus
998 3963 1278 4032 respondit
1304 3981 1316 4016 :
1355 3964 1412 4019 Si
1441 3966 1597 4035 cupis
1625 3966 1856 4032 discere,
1880 3968 2007 4023 licet

432 4051 528 4105 tibi
553 4066 884 4122 cognoscere
915 4054 983 4108 ab
1012 4054 1080 4110 iis
1115 4070 1146 4109 a
1175 4057 1378 4125 quibus
1419 4068 1472 4112 et
1494 4073 1594 4129 ego
1620 4068 1817 4114 cuncta
1858 4060 2005 4116 illius

429 4155 686 4207 accurate
715 4146 931 4202 rescivi.

498 4236 643 4292 XIX.
674 4237 828 4295 Iusta
861 4240 1110 4309 quaedam
1134 4241 1275 4310 apud
1305 4257 1404 4297 nos
1422 4252 1526 4307 est,
1560 4242 2004 4313 Syrophmnissa,

431 4346 628 4401 genere
654 4324 1002 4398 Cbananitis,
1034 4335 1195 4405 cujus
1226 4334 1392 4389 ﬁliola
1423 4337 1574 4406 gravi
1627 4338 1821 4391 morbo
1860 4338 2002 4393 deli-

428 4425 698 4491 nebatur;
743 4442 975 4495 quaeque
1015 4427 1084 4481 ad
1114 4426 1408 4481 Dominum
1443 4438 1687 4483 nostrum
1736 4431 2002 4495 accessit,

429 4515 676 4570 clamans
701 4526 755 4570 et
778 4519 1096 4586 supplicans
1123 4528 1184 4572 ut
1221 4518 1401 4573 ﬁliolae
1430 4535 1544 4574 suae
1580 4521 1906 4575 mederetur.
1937 4522 2006 4575 At

430 4606 544 4671 ille,
580 4609 745 4662 etiam
778 4626 807 4663 a
840 4611 997 4665 nobis
1027 4622 1272 4681 rogatus,
1302 4612 1472 4666 dixit:
1505 4611 1623 4666 Non
1658 4614 1783 4668 licet
1810 4631 2005 4671 sanare

428 4709 640 4767 gentes,
665 4716 786 4769 qua:
811 4702 1043 4756 canibus
1068 4703 1188 4757 ideo
1217 4704 1424 4759 similes
1448 4713 1577 4759 sunt
1603 4707 1746 4775 quod
1774 4707 2004 4762 diversis

2111 3243 2234 3295 νειό
2265 3239 2397 3310 ἐμοῦ
2422 3237 2752 3309 προοδεύσας
2779 3235 2978 3304 Σίμων.
3004 3234 3067 3284 Εί
3096 3231 3204 3302 γὰρ
3224 3228 3571 3299 ἐγινώσκετο,
3600 3228 3712 3281 οὐκ

2108 3333 2174 3389 ἂν
2238 3331 2571 3386 ἐπιστεύετο.
2610 3328 2722 3380 Νῦν
2754 3327 2809 3379 δὲ
2849 3324 3209 3395 ἀγνοούμενος
3244 3324 3345 3376 οὐκ
3391 3318 3569 3391 ὀρθῶς
3614 3335 3713 3372 πι-

2112 3424 2431 3481 στεύεταιθί·
2465 3422 2559 3475 καὶ
2586 3423 2614 3473 6
2640 3419 2709 3473 τὰ
2743 3418 3038 3488 μισούντων
3072 3414 3241 3467 ποιῶν
3274 3413 3576 3484 ἢγάπηται,
3609 3412 3713 3464 καὶ

2108 3520 2136 3570 6
2168 3515 2358 3588 ἐχθρὸς
2392 3516 2468 3578 ὡς
2518 3512 2668 3582 φίλος
2699 3510 3070 3570 ἀποδέδεκται,
3114 3507 3209 3561 καὶ
3242 3506 3470 3568 θάνατος
3501 3502 3577 3557 ὣν
3626 3503 3712 3567 ὡς

2112 3609 2299 3673 σώζων
2332 3606 2657 3677 πεπόθηται,
2690 3604 2785 3657 καὶ
2818 3601 2930 3673 πῦρ
2964 3601 3038 3653 ὢν
3074 3600 3189 3669 φῶς
3218 3598 3554 3669 νενόμισται,
3607 3595 3714 3649 καὶ

2109 3702 2310 3764 πλάνος
2330 3700 2406 3753 ὣν
2425 3700 2500 3762 ὡς
2522 3696 2799 3768 ἀληθεύων
2821 3694 3097 3748 ἀκούεται.
3124 3691 3311 3745 Ταῦτα
3328 3688 3572 3751 ἀκούσας
3591 3687 3712 3757 ἐγὼ

2110 3794 2359 3865 Κλήμης
2406 3792 2502 3854 Τίς
2544 3792 2653 3861 ἀρα
2680 3788 2957 3858 τυγχάνει,
3002 3786 3159 3856 ἐφην,
3201 3780 3357 3845 οὗτος
3388 3784 3416 3836 6
3444 3780 3713 3843 τοσοῦτος

2108 3887 2184 3941 ὢν
2216 3885 2467 3940 ἀπατεὼν
2519 3884 2585 3945 ⁸³,
2630 3882 2818 3955 μαθεῖν
2863 3880 3073 3951 ἤθελον.
3120 3879 3291 3931 Καὶὸ
3330 3876 3539 3947 Πέτρος
3571 3872 3708 3943 ἔφη’

2108 3981 2172 4032 El
2202 3978 2375 4041 θέλεις
2407 3976 2619 4048 μαθεῖν,
2674 3972 2906 4046 πάρεστί
2952 3988 3034 4027 σοι
3082 3972 3144 4023 τὸ
3178 3969 3402 4039 γνῶναι,
3447 3969 3584 4037 παρ’
3628 3959 3715 4019 ὧν

2082 4066 2264 4141 ’κάγὼ
2289 4070 2358 4123 τὰ
2379 4072 2498 4124 κατ’
2532 4068 2692 4121 αὐτὸν
2723 4066 2901 4120 πάντα
2922 4064 3227 4136 ἡκρίϐωκα.

2178 4249 2322 4304 XIX.
2375 4247 2582 4301 Ἰοῦστά
2612 4265 2696 4310 τις
2724 4247 2782 4299 ἐν
2811 4247 2941 4315 ἡμῖν
2973 4244 3089 4297 ἐστι
3128 4242 3608 4313 Συροφοινίκισσα,
3644 4241 3714 4295 τὸ

2108 4342 2264 4411 γένος
2289 4342 2599 4405 Χανανῖτις,
2633 4335 2701 4410 ἧς
2722 4339 2782 4391 τὸ
2809 4339 3101 4411 θυγάτριον
3134 4337 3242 4388 ὑπὸ
3259 4335 3507 4405 χαλεπῆς
3538 4336 3709 4389 νόσου

2114 4434 2407 4505 συνείχετο,
2450 4434 2485 4504 ἦ
2530 4434 2625 4486 καὶ
2659 4432 2738 4503 τῷ
2780 4433 2971 4503 Κυρίῳ
3022 4432 3171 4501 ἡμῶν
3204 4428 3482 4501 προσῆλθε
3520 4430 3713 4500 βοῶσα

2113 4529 2206 4581 καὶ
2238 4526 2572 4587 ἱκετεύουσα,
2603 4526 2751 4588 ὅπως
2773 4525 2940 4594 αὐτῆς
2959 4524 3021 4576 τὸ
3046 4523 3337 4595 θυγάτριον
3358 4522 3705 4593 θεραπεύσῃ.

2120 4619 2178 4672 '0
2220 4618 2298 4683 δὲ,
2349 4618 2442 4671 καὶ
2482 4618 2568 4685 ὑφ’
2611 4617 2767 4690 ἡμῶν
2799 4615 3070 4681 ἀξιωθεὶς,
3116 4611 3286 4669 εἶπεν·
3329 4617 3444 4669 Ούκ
3491 4615 3709 4679 ἔξεστιν

2111 4711 2291 4764 ἰᾶσθαι
2336 4710 2404 4762 τά
2450 4709 2601 4780 ἔθνη,
2652 4709 2868 4761 ἐοικότα
2921 4711 3101 4773 κυσὶν,
3156 4709 3244 4761 διά
3296 4710 3359 4762 :6
3416 4708 3711 4778 διαφόροις

430 4800 660 4845 utuntur
682 4801 736 4847 et
762 4793 900 4847 cibis
934 4803 987 4847 et
1025 4796 1302 4862 operibus,
1328 4797 1635 4866 cum'regni
1661 4815 1850 4863 mensa
1879 4798 2003 4853 liliis

2123 4803 2338 4874 (ρῆσθαι
2371 4803 2416 4833 ⁸³
2448 4803 2674 4872 τροφαῖς
2720 4802 2812 4855 καὶ
2845 4800 3127 4872 πράξεσιν,
3162 4800 3565 4871 ἀποδεδομένης
3604 4801 3711 4869 τῆς

427 4882 645 4938 Israelis
668 4886 866 4940 tradita
899 4888 992 4941 sit.
1038 4886 1130 4941 Illa
1154 4903 1283 4941 vero
1306 4898 1593 4958 postquam
1628 4890 1681 4944 id
1715 4892 1999 4957 audiisset,

2123 4894 2247 4947 ιατά
2288 4894 2387 4964 τὴν
2427 4893 2701 4964 βασιλείαν
2741 4892 2787 4925 ⁸⁸
2824 4893 3104 4965 τραπέζης
3130 4895 3417 4956 τοῖς¹υίοῖς
3456 4893 3703 4966 Ἰσραήλ.

427 4986 482 5031 et
507 4993 602 5047 per
639 4979 770 5034 illud
802 4980 943 5049 quod
976 4980 1043 5035 de
1066 4980 1309 5049 ejusdem
1343 4996 1546 5035 mensae
1573 4982 1728 5036 micis
1751 4984 1999 5037 cadenti-

2123 4987 2185 5039 Ἠ
2228 4987 2284 5039 δὲ
2328 4985 2486 5039 τοῦτο
2514 4985 2809 5047 ἀκούσασα,
2839 4985 2935 5039 καὶ
2960 4986 3059 5056 τῆς
3088 4985 3257 5059 αὐτῆς
3288 4985 3593 5056 τραπέζης,
3627 4985 3712 5048 ὡς

432 5068 532 5124 bus
582 5071 753 5139 (velut
798 5072 973 5132 canis)
1028 5072 1299 5142 particeps
1352 5072 1494 5132 facta
1541 5072 1677 5139 fuit,
1735 5084 2001 5137 mutasset

2123 5078 2274 5141 ιύων,
2313 5079 2503 5149 ψιχίων
2548 5078 2963 5133 ἀποπιπτόντων
3015 5078 3570 5150 συμμεταλαμϐάνειν
3622 5078 3709 5149 ⁸⁸,

1704 5190 1939 5246 νΑιιιιΕ
2010 5192 2305 5258 LECTION
2315 5194 2398 5249 ES

498 5281 544 5311 ⁷³
567 5279 660 5331 τοῦ
688 5280 921 5354 accessit
951 5295 1017 5354 ex
1044 5278 1121 5354 Ο..
1180 5281 1226 5354 7³
1259 5275 1414 5344 οὗτος
1439 5282 1506 5351 τῇ
1536 5280 1677 5345 τέξει
1706 5282 1751 5354 ρ
1782 5320 1796 5341 ,
1828 5280 1879 5334 in
1910 5298 2082 5354 marg.
2108 5282 2282 5346 οὕτως
2307 5301 2358 5337 τ.
2384 5302 2435 5336 τ.
2472 5300 2568 5353 pro
2587 5284 2939 5351 conjectura;
2986 5278 3158 5345 οὕτως
3189 5282 3312 5354 (sic)
3335 5286 3403 5354 τῇ
3442 5281 3599 5348 τάξει
3636 5285 3707 5347 0,

430 5349 562 5403 Dein
590 5350 919 5422 προτότοκος
1058 5349 1133 5422 ’⁷⁸
1165 5352 1344 5422 Aaron
1372 5360 1429 5422 et
1469 5349 1653 5422 postea
1706 5352 1939 5422 Moyses.
1977 5349 2150 5409 Eiod.
2176 5369 2251 5410 vI.
2288 5354 2379 5418 20,
2409 5349 2505 5420 vni,
2553 5349 2799 5419 7,Num.
2832 5368 2980 5417 xxvi,
3019 5354 3110 5414 59,
3136 5349 3236 5406 et'l
3273 5349 3511 5422 Paralip.
3545 5371 3623 5420 γι,
3651 5362 3709 5417 '5,

431 5436 589 5491 ixm,
618 5418 704 5473 I5.
739 5420 800 5491 C.
874 5421 919 5452 ⁷⁸
952 5418 1026 5475 De
1050 5420 1259 5475 Joanne
1282 5419 1522 5491 Baptista
1549 5421 1695 5491 dicto
1717 5418 1831 5474 Elia
1861 5420 2053 5478 Matth.
2086 5440 2160 5485 x1,
2192 5424 2257 5476 Μ
2283 5441 2299 5487 ;
2325 5440 2459 5488 xvu,
2491 5418 2576 5489 I2,
2602 5424 2701 5487 15;
2729 5422 2861 5477 Luc.
2892 5439 2929 5485 ι,
2964 5423 3051 5476 17.
3086 5422 3153 5491 C.
3227 5423 3273 5454 "
3302 5418 3617 5477 ἀπολαϐεῖν
3642 5432 3709 5481 0.

429 5488 567 5542 Tum
600 5490 802 5574 innser'ui
840 5492 867 5542 6
896 5506 946 5546 c.
997 5492 1209 5574 eodem.
1257 5488 1373 5545 Cir;
1432 5489 1748 5574 alat-thum,
1775 5492 1861 5574 II;
1918 5493 2175 5574 Q'edner,
2214 5492 2457 5574 Beitrage
2496 5488 2852 5574 I,’;286_,_5n0§.
2906 5493 2967 5574 1"
3016 5493 3093 5546 Ita
3123 5490 3169 5574 ρ
3198 5532 3214 5555 ,
3246 5501 3321 5574 _ut
3344 5493 3457 5562 jam
3477 5510 3710 5574 prppri—

429 5570 611 5634 sperat
639 5559 724 5634 D._
742 5558 879 5634 Tum
934 5561 1124 5634 scripsi
1157 5558 1224 5632 ἦν
1244 5560 1591 5634 ex_conj_ect.,
1616 5557 1663 5634 ᾗ
1685 5562 1726 5615 C
1759 5602 1772 5627 ,
1798 5632 1807 5634 Α
1831 5558 1899 5634 ἦν
1930 5560 1993 5634 O_.
2066 5563 2111 5634 7⁸
2138 5565 2165 5615 ό
2198 5557 2421 5634 adjunxi
2451 5580 2499 5617 c.
2526 5557 2594 5617 VO.
2670 5563 2715 5634 "_’
2740 5562 2855 5615 Cfr.
2903 5557 3616 5634 Baur.,_Paulu_s'p._2'l9.'
3645 5568 3708 5622 S.

429 5629 473 5659 "°
498 5630 654 5702 τοῦτο
686 5630 748 5702 C.
784 5630 868 5702 Af”
903 5627 1261 5702 πεπίστευται
1284 5630 1362 5702 C._
1387 5701 1392 5702 ν
1421 5628 1467 5660 ⁸⁸
1492 5627 1566 5682 lla
1595 5627 1663 5687 de
1688 5627 1917 5702 conject.
1950 5631 1990 5685 C
2023 5676 2036 5695 ,
2073 5632 2125 5685 in
2164 5627 2280 5701 cuj:
2315 5643 2459 5687 textu
2494 5631 2793 5702 ἀπα-δαίων,
2828 5641 2887 5685 ut
2934 5630 2999 5702 Ο.
3076 5631 3126 5702 ἐξ
3152 5627 3391 5702 χρῆσθαί
3427 5631 3494 5699 Ο,
3527 5651 3576 5689 c.
3618 5636 3656 5688 δ
3689 5678 3707 5700 ,

428 5698 742 5779 χρᾶσθαιιϐ.
772 5700 887 5779 (llr.
943 5711 1123 5779 tamen
1157 5700 1290 5779 ιρι).
1326 5699 1553 5779 Phrygi”
1607 5718 1659 5772 p.
1704 5698 1803 5757 61.
1833 5703 1888 5758 S.
1966 5702 2011 5734 “
2036 5698 2303 5773 βασίλειον
2331 5702 2394 5757 Ο.
2470 5704 2515 5733 ⁸³
2545 5700 2672 5757 Post
2698 5698 3260 5773 συμμεταλαμϐάνειν
3284 5702 3438 5759 deest
3466 5698 3708 5779 δεομένη

429 5769 708 5836 sequentis
739 5770 809 5825 ob
842 5771 1437 5842 vocis.6pot0:é).eu:ov.
1471 5767 1531 5823 Ι).
