3868 6212
457 328 530 382 9.1

389 461 392 468 ε
464 457 685 513 guinem
733 459 746 495 :

462 536 652 603 sicque
677 541 866 602 postea
890 549 1058 588 carne
1088 535 1348 600 solidata,
1373 534 1650 588 hominem
1676 550 1784 588 non
1815 549 1847 588 e
1878 543 2042 601 terra,

461 628 555 681 sed
587 641 656 679 ex
685 641 811 680 aere
863 625 1108 695 protulit.
1148 626 1331 695 Atque
1381 625 1529 682 hunc
1577 625 1634 680 in
1673 625 1896 680 modum
1942 627 2045 682 sibi

458 716 802 787 persuadens
839 716 1085 786 potuisse
1117 732 1149 772 a
1188 734 1248 774 se
1285 717 1466 773 creari
1506 733 1709 772 novum
1744 718 2043 786 hominem,

453 810 532 862 ait
575 824 636 863 se
660 824 785 862 eum
809 849 823 871 ,
863 808 1120 863 resolutis
1163 809 1616 865 conversionibus
1635 851 1651 877 ,
1679 827 1900 865 rursum
1925 809 2046 866 aeri

456 898 786 956 reddidisse.
823 901 956 967 Quae
1007 918 1134 956 cum
1183 903 1308 959 aliis
1353 903 1593 968 diceret,
1625 904 1981 970 credehatr;
2013 919 2045 958 a

463 992 622 1048 nobis
655 1009 807 1055 vero,
839 993 933 1062 qui
965 993 1319 1049 adfueramus
1345 993 1467 1064 ejus
1496 995 1792 1065 mysteriis,
1818 995 1906 1064 pie
1934 1009 2046 1049 non

464 1086 809 1140 credebatur.
844 1087 1208 1154 Quapropter,
1233 1086 1515 1153 damnata,
1539 1085 1820 1156 impietate
1850 1086 2044 1142 abces-

468 1177 644 1232 simus
675 1177 744 1230 ab
768 1193 854 1230 eo.

537 1267 752 1321 XXVII.
799 1265 922 1322 lizec
961 1282 1085 1322 eum
1117 1267 1313 1338 Aquila
1341 1267 1591 1335 dixisset,
1619 1269 1788 1325 frater
1807 1271 1927 1342 ejus
1955 1270 2048 1326 Ni,

462 1372 614 1415 celas
645 1363 759 1414 ait:
808 1359 1042 1415 Necesse
1091 1371 1176 1415 est
1201 1402 1214 1425 ,
1251 1360 1421 1415 frater
1446 1374 1630 1417 noster
1671 1365 1948 1432 Clemens,
1982 1382 2045 1420 ea

465 1467 554 1506 me
573 1468 1028 1517 commemorare,
1053 1468 1175 1522 qua:
1196 1453 1264 1506 ab
1289 1453 1483 1522 Aquila
1507 1457 1870 1524 praetermissa
1897 1466 2045 1513 sunt.

464 1542 652 1597 Primo
684 1544 938 1614 equidem
974 1543 1117 1600 Deus
1155 1546 1310 1600 testis
1349 1554 1454 1612 est,
1486 1563 1588 1602 nos
1620 1548 1672 1600 in
1707 1549 1856 1602 nullo
1883 1565 2048 1618 opere

468 1635 640 1705 impio
667 1653 791 1690 eum
832 1637 1108 1706 adjuvisse
1131 1678 1146 1702 ,
1173 1638 1264 1692 sed
1288 1677 1304 1702 ,
1352 1638 1445 1692 illo
1498 1639 1736 1694 faciente
1757 1683 1772 1706 ,
1827 1650 2042 1696 tantum

463 1743 783 1797 spectasse;
823 1738 876 1783 et
900 1729 1143 1798 quaudiu
1174 1745 1337 1798 opera
1377 1730 1599 1785 innoxia
1641 1731 1865 1797 edebat,
1895 1733 2046 1788 dele-

463 1819 752 1872 ctabamur
789 1835 920 1874 sane
959 1837 974 1886 ;
1027 1821 1246 1889 quando
1289 1833 1472 1876 autem
1521 1839 1643 1892 quae
1676 1839 1772 1893 per
1805 1827 2044 1895 magiam

465 1911 688 1978 ﬁebant,
721 1929 816 1981 per
840 1913 1179 1968 divinitatem
1219 1931 1276 1968 se
1301 1914 1502 1982 facere,
1527 1917 1596 1971 ad
1625 1919 1745 1987 pios
1791 1905 2045 1976 homines

465 2003 838 2072 decipiendos,
865 2004 1027 2070 dixit,
1059 2022 1169 2060 non
1198 2007 1434 2076 amplius
1467 2025 1591 2063 eum
1622 2011 1768 2079 passi
1815 2028 2007 2066 sumus
2028 2053 2044 2079 ,

461 2095 720 2162 quamvis
753 2095 922 2149 multa
958 2096 1115 2152 nobis
1144 2100 1520 2167 promitteret;
1555 2103 1790 2170 primum
1823 2105 2045 2172 quidem

465 2183 584 2238 fore
615 2194 673 2238 ut
708 2189 966 2256 templum
998 2189 1155 2243 nobis
1185 2198 1240 2244 et
1261 2199 1456 2245 statuae
1483 2193 1849 2262 erigerentur,
1879 2205 2046 2266 atque

459 2276 538 2330 dii
569 2278 1032 2347 existimarentur,
1067 2289 1120 2335 et
1150 2296 1181 2335 a
1217 2271 1434 2351 populis
1459 2284 1789 2353 colerentur,
1817 2298 1870 2342 et
1893 2304 1930 2342 ,ι
1963 2305 2047 2343 re-

467 2371 628 2438 gibus
663 2373 1178 2443 uiaguilicaremur,
1227 2386 1392 2444 atque
1439 2376 1768 2433 donarentur
1811 2382 2045 2450 publicis

463 2461 799 2532 honoribus,
834 2480 933 2519 nec
967 2479 1078 2519 non
1121 2465 1332 2520 inﬁnita
1368 2467 1419 2520 vi
1469 2471 1712 2537 pecunia:
1751 2471 2044 2528 ditescere-

462 2569 613 2610 IDUS.

538 2649 779 2704 XXVIII.
811 2649 956 2718 Hac,
981 2660 1034 2706 et
1059 2652 1163 2706 alia
1189 2669 1310 2722 qua:
1335 2666 1598 2724 putantur
1620 2657 1852 2726 majora,
1886 2660 2048 2716 nobis

465 2742 850 2810 pollicebatur,
877 2744 1041 2798 modo
1067 2754 1128 2799 ut
1153 2762 1275 2800 cum
1301 2763 1366 2801 eo
1398 2747 1643 2804 viventes
1669 2766 1894 2819 pravum
1925 2753 2046 2820 ejus

472 2833 732 2887 molimen
759 2844 1090 2902 taceremus,
1120 2853 1230 2907 quo
1257 2838 1410 2893 fraus
1439 2840 1487 2893 ei
1521 2843 1835 2896 succederet
1862 2861 1876 2908 ;
1907 2853 2049 2900 alta-

463 2939 593 2978 :ueu
635 2928 844 2981 assensi
891 2945 999 2982 non
1036 2945 1269 2985 sumus:
1315 2931 1562 3000 quinimo
1622 2935 1910 2988 consilium
1948 2939 2046 2992 de-

459 3015 674 3079 dimus,
724 3027 782 3072 ut
805 3019 873 3073 ab
915 3019 1018 3074 ista
1062 3022 1314 3076 vecordia
1345 3022 1654 3090 desisteret.
1683 3025 1925 3080 dicentes
1953 3030 2000 3082 ei
2029 3049 2042 3082 ε

1277 327 1334 383 S.
1375 325 1816 388 CLEMENTIS,‘
1843 327 2007 384 [3051.
2047 327 2244 383 PONT.
2278 328 2508 384 OPERA
2536 327 2763 384 DUBIA.

801 449 856 495 et
898 456 963 497 ex
1019 441 1287 512 sanguine
1315 451 1576 496 concreto
1619 458 1840 498 carnem
1873 442 2042 509 fecit;

2154 443 2246 513 τῆς
2276 443 2476 514 σαρκὸς
2504 443 2796 514 παγείσης,
2825 442 3110 515 ἄνθρωπον
3130 443 3231 498 οὐκ
3254 445 3361 500 ἀπὺ
3379 446 3502 518 γῆς,
3533 445 3679 501 ἀλλά
3699 450 3740 479 ⁸³

2077 1781 2120 1836 Β

2150 535 2210 599 ἐξ
2241 535 2401 605 ἀέρος
2429 534 2720 598 ἀναδεῖξαι.
2753 535 2864 588 Καὶ
2897 535 3068 598 οὕτως
3099 535 3292 590 ἑαυτὸν
3324 539 3521 602 πείσας
3551 540 3740 592 καινὸν

2147 627 2433 698 ἄνθρωπον
2451 629 2559 699 62
2578 629 2837 683 δύνασθαι
2864 629 3107 699 ποιῆσαι,
3128 629 3225 694 τὰς
3251 632 3456 702 τροπάς
3481 632 3740 687 ἀναλύων

2148 719 2310 772 πάλιν
2355 720 2758 775 ἀποδεδωκέναι
2796 720 2949 790 ἔλεγε
2979 721 3058 793 τῷ
3099 721 3240 794 ἀέρι.
3277 724 3384 776 Καὶ
3413 722 3591 777 ταῦτα
3637 723 3741 794 μὶν

2147 812 2325 876 ἀλλοις
2356 812 2527 881 λέγων
2573 813 2910 877 ἐπιστεύετο,
2945 814 3035 883 ὑφ’
3079 815 3238 886 ήμῶν
3267 815 3324 870 δὲ
3353 815 3464 868 τῶν
3495 816 3595 873 ἐπὶ
3643 833 3740 868 τε·

2147 902 2274 975 λετῇ
2304 905 2697 976 συμπαρόντων
2726 905 2964 968 εὐσεϐῶς
2999 906 3295 974 ήπιστεῖτο.
3331 906 3441 979 Διὸ,
3474 906 3743 970 ἀσεϐείας

2149 997 2527 1066 καταγνόντες,
2561 997 2881 1069 ἀπέστημεν
2911 997 3076 1052 αὑτοῦ
3097 998 3158 1052 ⁸⁷.

2215 1281 2427 1338 XXVII.
2446 1280 2628 1335 Ταῦτα
2647 1281 2742 1335 τοῦ
2770 1281 2968 1335 Ἀκύλα
2986 1280 3248 1344 εἰπόντος,
3267 1281 3296 1334 ό
3314 1280 3539 1350 ἀδελφὸς
3560 1280 3742 1334 αὑτοῦ

2146 1377 2392 1446 Νικήτης
2417 1375 2543 1446 ἔφη’
2589 1375 2910 1443 Ἀναγκαῖόν
2943 1377 3109 1437 ἐστιν,
3153 1375 3348 1443 ἀδελφὲ
3382 1373 3538 1444 ήμῶν
3577 1373 3743 1444 Κλή-

2151 1486 2286 1540 μης,
2321 1469 2389 1521 τά
2433 1468 2870 1538 παραλειφθέντα
2904 1466 2982 1536 τῷ
3029 1465 3227 1538 ’Λκύλᾳ
3262 1467 3360 1536 ἐμὲ
3391 1465 3739 1536 ὑπομνῆσαι.

2148 1561 2370 1632 Πρῶτον
2405 1561 2501 1630 μὲν
2524 1559 2632 1630 γὰρ
2659 1559 2868 1630 μάρτυς
2885 1562 2912 1612 ὁ
2941 1560 3092 1624 Θεὸς,
3115 1560 3192 1623 ὡς
3219 1560 3370 1613 οὐδὲν
3396 1559 3544 1628 αὐτῷ
3567 1561 3746 1628 ἡμεῖς

2149 1652 2623 1723 συνειργασάμεθα
2660 1651 2874 1715 ἀσεϐὲς,
2905 1651 3017 1705 ἀλλ’
3044 1653 3146 1714 ὅτι,
3173 1651 3338 1706 αὐτοῦ
3372 1651 3743 1722 πράσσοντος,

2153 1745 2514 1815 ἱστορήσαμεν
2535 1746 2612 1776 ⁵⁸·
2651 1745 2742 1797 καὶ
2796 1744 2988 1815 μέχρις
3033 1744 3121 1797 ὅτε
3163 1744 3374 1814 ἀϐλαϐῆ
3405 1742 3571 1797 ποιῶν
3599 1745 3743 1794 ἐπε-

2147 1836 2411 1899 δείκνυτο,
2434 1837 2530 1890 καὶ
2558 1837 2918 1906 ἑτερπόμεθα·
2945 1839 3031 1890 ὅτε
3064 1839 3121 1891 δὲ
3153 1837 3221 1890 τά
3247 1836 3445 1908 μαγείᾳ
3470 1836 3746 1905 γινόμενα

2147 1929 2444 2000 θειότητιδθ
2469 1933 2642 1984 ποιεῖν
2671 1929 2807 2000 πρὸς
2825 1929 3042 2001 ἀπάτην
3073 1929 3339 1982 θεοσεϐῶν
3366 1927 3570 1994 ἔλεγεν,
3601 1927 3744 1978 οὐκ-

2149 2022 2228 2075 έτι
2254 2023 2300 2054 ⁵⁰
2356 2022 2518 2076 αὐτοῦ
2567 2021 2924 2092 ἠνεσχόμεθα,
2960 2022 3133 2075 καίτοι
3185 2020 3354 2073 πολλά
3397 2018 3744 2087 ἐπαγγελλο-

2150 2113 2312 2184 μένου
2344 2115 2504 2183 ἡμῖν,
2539 2113 2754 2186 πρῶτον
2790 2114 2887 2184 μὲν
2936 2113 3061 2166 ναὸν
3092 2113 3183 2165 καῖ⁸
3215 2111 3537 2184 ἀνδριάντας
3573 2111 3745 2181 ἡμῶν

2145 2206 2743 2276 κατασκευασθῆναιθί,
2777 2207 2871 2259 καὶ
2916 2206 3071 2268 θεοὺς
3103 2204 3454 2275 νομισθῆναι,
3489 2203 3587 2256 καὶ
3626 2202 3746 2257 ὑπὸ

2147 2298 2320 2368 ὄχλων
2353 2300 2818 2370 προσκυνηθῆναι,
2842 2300 2935 2352 καὶ
2958 2299 3062 2351 ὑπὸ
3093 2298 3355 2368 βασιλέων
3384 2296 3742 2366 δοξασθῆναι,

2149 2390 2243 2442 καὶ
2262 2391 2533 2460 δημοσίων
2560 2391 2734 2459 τιμῶν
2756 2389 3152 2459 καταξιωθῆναι
3183 2391 3276 2442 καὶ
3301 2390 3576 2460 χρήμασιν
3596 2389 3745 2442 ἀπε-

2151 2481 2440 2552 ριορίστοις
2475 2481 2793 2552 πλουτῆσαι.

2219 2655 2456 2712 XXVIII.
2495 2655 2682 2710 Ταῦτά
2710 2674 2766 2708 τε
2801 2658 2893 2709 καὶ
2925 2656 2992 2709 τά
3021 2655 3229 2718 τούτοις
3261 2653 3480 2747 μείζενα
3499 2653 3544 2684 ⁵¹
3572 2670 3741 2723 νομι-

2149 2750 2350 2821 ζόμενα
2379 2753 2510 2821 ἡμῖν
2530 2750 2796 2819 ὑπέσχετο
2819 2749 2883 2812 ⁵³,
2921 2749 3077 2819 μόνον
3113 2749 3197 2800 ἴνα
3230 2746 3475 2808 συνόντες
3503 2746 3652 2815 αὐτῷ
3674 2747 3747 2799 τὺ

2149 2844 2248 2914 τῆς
2279 2843 2644 2914 ἐγχειρήσεως
2679 2842 2844 2894 κακὸν
2879 2839 3199 2910 σιωπῶμεν,
3233 2837 3316 2891 ἵνα
3349 2838 3495 2908 αὐτῷ
3526 2837 3597 2890 τά
3628 2838 3746 2906 τῆς

2149 2936 2364 3006 ἀπάτης
2400 2935 2680 3005 προκόπτῃ
2704 2973 2719 2995 ,
2764 2934 2857 2986 καὶ
2889 2934 3038 3003 ὅμως
3084 2933 3146 2985 οὐ
3191 2931 3518 3002 συνεθέμεθα
3539 2967 3557 2994 ,
3591 2930 3747 2983 ἀλλὰ

2151 3028 2243 3080 καὶ
2276 3027 2438 3079 αὑτὸν
2475 3027 2582 3098 63
2635 3027 2733 3096 τῆς
2783 3025 3040 3095 τοιαύτης
3080 3023 3336 3086 ἀπονοίας
3384 3022 3652 3074 παύεσθαι
3693 3024 3748 3052 ⁸⁸

468 3106 601 3173 Nos,
629 3107 840 3175 Simon,
865 3111 1141 3178 amicitiae,
1173 3129 1337 3182 quam
1374 3122 1549 3168 tecum
1583 3131 1610 3168 a
1645 3117 1875 3185 pueritia
1909 3136 2043 3173 cou-

2154 3119 2652 3189 συνεϐουλεύσαμεν
2677 3159 2691 3180 ,
2739 3117 2988 3186 λέγοντες
3036 3117 3205 3186 αὐτῷ·
3243 3117 3467 3184 Ἡμεῖς,
3507 3115 3700 3185 Σίμων
3730 3156 3746 3177 ,

460 3202 773 3266 ιτοςίιιιιιε,
809 3219 1111 3271 memores,
1143 3213 1302 3274 teque
1348 3216 1615 3270 amantes,
1652 3210 1802 3262 utilia
1846 3227 2048 3266 consu-

468 3293 634 3348 limus
661 3311 674 3347 :
703 3310 857 3349 cessa
894 3295 962 3350 ab
1005 3295 1315 3366 hujusmodi
1361 3299 1554 3352 audaci
1606 3299 1877 3354 facinore:
1912 3304 2048 3358 deus

467 3401 589 3440 esse
625 3401 735 3440 non
773 3398 964 3456 potes;
1000 3389 1128 3443 time
1159 3404 1282 3442 eum
1327 3391 1418 3458 qui
1465 3407 1591 3444 vere
1639 3391 1782 3446 Deus
1811 3404 1923 3457 est;
1950 3409 2047 3446 eo-

461 3493 668 3548 gnosce
698 3488 748 3533 te
763 3496 883 3535 esse
906 3480 1201 3548 hominem,
1237 3481 1504 3550 breveque
1528 3498 1648 3537 esse
1673 3492 1889 3552 tempus
1927 3487 2049 3539 vita:

469 3580 594 3624 ttae.
629 3571 950 3640 Quanquam
1001 3572 1290 3626 admodum
1343 3573 1584 3642 locuples
1624 3577 1708 3628 vel
1753 3579 1914 3630 etiam
1953 3595 2047 3632 rex

468 3663 698 3728 evadas,
717 3663 915 3730 exiguo
938 3663 1060 3716 vitae
1090 3665 1264 3733 spatio
1292 3681 1459 3734 pauca
1494 3675 1623 3720 sunt
1652 3667 1853 3736 quibus
1895 3669 2046 3724 frue-

471 3755 586 3809 iis:
635 3765 690 3808 et
735 3771 856 3824 qua:
897 3756 1060 3825 impie
1107 3765 1262 3825 parta
1304 3769 1453 3823 sunt,
1497 3775 1620 3813 cum
1657 3760 1764 3815 cilo
1813 3761 2043 3832 fugiant,

466 3861 731 3903 a-teruum
783 3850 1110 3919 supplicium
1155 3850 1360 3904 homini
1391 3851 1666 3906 scclcroso
1706 3862 2044 3921 comparant.

462 3941 652 4005 Quare
692 3951 946 3996 auctores
980 3942 1076 3995 tibi
1107 3957 1320 4007 sumus,
1353 3943 1522 3998 Deum
1555 3947 1796 3999 verearis
1822 3987 1836 4010 ,
1876 3963 1903 3999 a
1935 3964 2046 4015 quo

465 4034 700 4102 judicari
727 4035 887 4089 debet
916 4033 1350 4105 uniuscujusque
1373 4037 1556 4090 anima
1589 4053 1687 4107 pro
1712 4039 1780 4092 iis
1814 4055 1936 4107 quae
1961 4039 2048 4094 hic

462 4127 657 4196 gessit.

543 4218 737 4272 XXIX.
781 4217 906 4273 llaec
934 4219 1024 4273 ille
1066 4219 1298 4274 audiens
1349 4219 1490 4275 risit.
1545 4219 1796 4290 Cumque
1837 4222 2048 4277 dicere-

466 4325 638 4365 mus:
676 4311 788 4364 Cur
835 4327 937 4366 nos
967 4311 1200 4375 irrides,
1235 4312 1328 4381 qui
1375 4312 1471 4365 tibi
1513 4313 1666 4366 utilia
1709 4315 2048 4369 suademus?

467 4401 677 4468 Rideo,
711 4404 917 4472 inquit,
969 4404 1192 4458 stultam
1243 4404 1553 4472 opinionem
1588 4414 1856 4466 vestram,
1899 4407 2045 4475 quod

464 4497 708 4550 credatis
743 4495 1109 4548 immortalem
1135 4511 1257 4549 esse
1282 4497 1518 4550 animam
1562 4497 1822 4551 hominis.
1853 4497 1917 4551 Et
1942 4516 2044 4569 ego

468 4586 769 4655 respondi:
806 4585 925 4640 Non
978 4587 1280 4654 miramur,
1312 4603 1345 4642 o
1382 4588 1594 4653 Simon,
1628 4589 1674 4643 si
1712 4589 1898 4644 fallere
1941 4607 2042 4647 nos

465 4679 727 4746 conaris;
782 4680 876 4734 sed
931 4680 1405 4750 obstupescimus,
1457 4697 1566 4752 qua
1621 4683 1833 4737 ratione
1879 4685 2044 4738 etiam

467 4772 707 4840 teipsum
746 4773 1008 4842 deciplas.
1037 4772 1214 4828 Eﬂ‘are
1244 4773 1400 4839 mihi,
1431 4774 1642 4840 Simon,
1672 4776 1774 4828 etsi
1809 4776 2043 4829 aliorum

466 4878 636 4918 nemo
691 4872 1026 4932 compertum
1075 4864 1274 4918 habeat
1312 4866 1550 4918 animam
1599 4881 1719 4920 esse
1757 4866 2043 4922 immorta-

468 4954 602 5020 lem,
639 4961 697 5009 tu
726 4964 908 5010 tamen
936 4965 991 5010 et
1015 4972 1116 5012 nos
1147 4956 1451 5022 habemus;
1485 4966 1539 5010 tu
1572 4959 1793 5028 quidem
1817 5002 1831 5025 ,
1865 4969 1924 5013 ut
1953 4960 2045 5029 qui

469 5060 592 5099 eam
627 5061 656 5100 a
701 5063 929 5116 corpore
975 5048 1220 5103 humano
1263 5049 1530 5104 diremisti
1556 5091 1570 5115 ,
1617 5051 1710 5121 qui
1746 5052 2048 5106 collocutus

465 5150 533 5192 es
553 5178 568 5204 ,
599 5137 694 5208 qui
746 5139 1064 5210 imperasti;
1099 5156 1200 5196 nos
1227 5156 1358 5195 vero
1378 5181 1394 5207 ,
1422 5151 1480 5195 ut
1509 5143 1604 5211 qui
1651 5143 1927 5198 adfuimus
1950 5184 1964 5207 ,
1992 5153 2047 5198 et

468 5225 760 5300 imperium
791 5231 1120 5298 audivimus,
1153 5242 1207 5288 et
1233 5233 1380 5303 quod
1415 5232 1634 5304 jussqu
1675 5244 1758 5289 est
1805 5235 2045 5290 vidimus

1740 5387 1978 5442 γΑιιιΑῖ

2081 4449 2125 4505 D

2151 3213 2250 3282 τῆς
2278 3214 2342 3264 ὲκ
2371 3212 2574 3264 παίδων
2607 3212 2787 3279 φιλίας
2820 3209 2958 3280 πρὸς
2992 3209 3051 3262 σὲ
3087 3208 3442 3280 μεμνημένοι,
3474 3207 3748 3277 στέργον-

2149 3304 2240 3366 τές
2268 3320 2325 3355 σε
2347 3304 2413 3365 ⁸⁸,
2435 3302 2503 3354 τὰ
2532 3304 2874 3374 συμφέροντα
2907 3301 3361 3372 συμϐουλεύομενο
3398 3299 3601 3352 παῦσαι
3631 3301 3751 3367 τῆς

2148 3397 2404 3466 τοιαύτης
2435 3395 2658 3466 τόλμης·
2721 3395 2839 3457 θεὸς
2878 3391 3014 3446 εἶναι
3046 3393 3108 3446 οὐ
3172 3393 3416 3446 δύνασαι·
3466 3391 3750 3463 φοϐήθητι

2149 3489 2240 3540 τὸν
2269 3488 2436 3550 ὅντως
2481 3486 2630 3538 Θεόν·
2667 3485 2833 3554 γνῶθι
2862 3487 2942 3538 ὅτι
2976 3485 3258 3556 ἄνθρωπος
3292 3479 3340 3536 εἷ
3376 3485 3470 3537 καὶ
3514 3485 3602 3536 ὅτι
3638 3501 3750 3537 σου

2152 3580 2344 3651 μικρός
2371 3581 2516 3631 ἐστιν
2544 3578 2572 3629 ὁ
2604 3577 2704 3647 τῆς
2725 3575 2870 3647 ζωῆς
2891 3576 3096 3647 χρόνος.
3125 3574 3243 3627 Κάν
3268 3575 3478 3644 μεγάλα
3497 3576 3541 3605 ⁵⁸
3571 3575 3751 3628 πλού-

2149 3673 2300 3745 τῇςῆ
2334 3672 2427 3725 καὶ
2459 3671 2806 3742 βασιλεύσῃς,
2832 3669 2910 3740 τῷ
2931 3670 3029 3740 τῆς
3054 3669 3198 3737 ζωῆς
3226 3685 3319 3721 σου
3353 3667 3530 3738 μικρῷ
3555 3669 3751 3739 χρόνῳ

2149 3766 2306 3835 όλίγα
2338 3763 2595 3834 τυγχάνει
2646 3762 2782 3833 πρὸς
2826 3761 3146 3823 ἀπόλαυσιν,
3174 3760 3267 3813 καὶ
3312 3760 3524 3823 ἀσεϐῶς
3574 3778 3750 3832 πορι-

2153 3851 2368 3915 σθέντα,
2405 3851 2606 3915 εὺθέως
2639 3853 2929 3921 φεύγοντα,
2975 3851 3202 3904 αἰωνίαν
3235 3851 3452 3903 κόλασιν
3479 3867 3749 3920 περιποι-

2150 3946 2287 3996 εῖται
2334 3943 2413 4014 τῷ
2464 3943 2834 4014 τετολμηκότι.
2884 3943 2974 4023 Διὸ
3022 3942 3302 4011 φοϐεῖσθαί
3349 3959 3429 3993 σοι
3464 3942 3554 3992 τὸν
3602 3942 3753 3995 Θεὸν

2151 4034 2610 4106 συμδουλεύομεν,
2635 4036 2724 4104 ὑφ’
2749 4031 2811 4088 οὗ
2846 4017 3098 4106 κρξθῆναι
3122 4033 3234 4103 ἔχει
3266 4035 3299 4104 ή
3333 4033 3562 4085 ἑκάστου
3586 4034 3750 4104 ψυχὴ

2151 4128 2279 4200 περὶ
2309 4121 2383 4180 ὧν
2411 4126 2647 4198 ἔπραξεν
2680 4127 2934 4180 ἐνταῦθα.

2220 4219 2410 4272 XXIX.
2459 4220 2516 4273 '0
2547 4220 2628 4284 δὲ,
2659 4220 2832 4273 ταῦτα
2861 4219 3118 4282 ἀκούσας,
3156 4218 3428 4287 ἐγέλασεν.
3466 4219 3657 4288 Ἦμῶν
3686 4221 3754 4275 δὲ

2147 4311 2429 4365 εἰπόντωνο
2467 4313 2530 4363 Τί
2557 4315 2588 4381 ἡ
2600 4313 2714 4382 μῶν
2745 4311 2815 4364 τά
2848 4329 2927 4364 σοι
2956 4311 3304 4382 συμφέροντα
3337 4310 3754 4380 συμϐουλευόν-

2149 4419 2256 4456 των
2303 4404 2638 4475 καταγελᾷς;
2674 4405 2838 4474 Ἔφη·
2876 4403 3022 4456 Γελῶ
3056 4404 3208 4474 ὑμῶν
3235 4404 3335 4474 τὴν
3376 4403 3565 4474 μωρὰν
3600 4405 3750 4457 ὑπό-

2153 4495 2334 4567 ληψιν,
2370 4499 2449 4550 ὅτι
2477 4497 2760 4550 πιστεύετε
2791 4497 3056 4550 ἀθάνατον
3089 4493 3225 4550 εἶναι
3265 4497 3363 4567 τὴν
3395 4495 3489 4548 τοῦ
3523 4496 3752 4566 ἀνθρὼ-

2154 4608 2254 4642 που
2283 4591 2458 4662 ψυχήν
2475 4591 2536 4643 ⁸⁷.
2568 4589 2736 4658 Κάγὼ
2761 4590 2924 4660 ἔφην·
2956 4590 3029 4642 Οὐ
3058 4587 3426 4658 θαυμάζομεν,
3453 4581 3497 4639 ὦ
3524 4587 3747 4658 Σίμων,

2151 4686 2199 4736 εἰ
2233 4686 2379 4754 ἡμᾶς
2412 4684 2626 4752 ἀπατᾷν
2660 4683 2985 4752 ἐπιχειρεῖς,
3022 4681 3133 4734 ἀλλ’
3168 4678 3594 4750 ἐκπεπλήγμεθα
3629 4682 3751 4734 τίνι

2149 4773 2291 4844 λόγῳ
2322 4774 2414 4827 καὶ
2447 4773 2636 4826 ἑαυτὸν
2666 4774 2898 4844 ἀπατᾷς.
2933 4773 3074 4841 Λέγε
3108 4791 3218 4843 μοι,
3247 4766 3292 4825 ὦ
3325 4773 3524 4841 Σίμων,
3553 4773 3606 4822 εἰ
3643 4775 3751 4824 καὶ

2150 4867 2258 4918 τῶν
2281 4866 2454 4920 ἄλλων
2473 4866 2652 4928 οὐδεὶς
2676 4865 3156 4938 πεπληροφόρηται
3181 4865 3442 4918 ἀθάνατον
3473 4859 3614 4916 εἶναι
3634 4865 3750 4935 τὴν

2149 4959 2349 5029 ψυχὴν,
2384 4958 2496 5010 ἀλλ’
2531 4955 2623 5009 οὖν
2651 4974 2713 5025 γε
2747 4959 2808 5010 σὺ
2845 4959 2937 5010 καὶ
2967 4961 3149 5028 ἡμεῖς,
3188 4959 3251 5010 σὺ
3289 4957 3386 5027 μὲν
3415 4956 3491 5018 ὡς
3515 4955 3748 5026 ἀνθρω-

2152 5052 2303 5102 πείου
2339 5049 2587 5121 σώματος
2620 5050 2862 5120 χωρίσας
2887 5051 3055 5121 αὐτὴν
3081 5051 3174 5104 καὶ
3205 5049 3608 5121 προσομιλήσας
3641 5053 3752 5103 καὶ

2149 5141 2434 5205 ἐπιτάξας,
2469 5144 2633 5212 ἡμεῖς
2664 5143 2721 5194 δὲ
2753 5143 2829 5205 ὡς
2867 5143 3247 5213 συμπαρόντες
3280 5143 3372 5194 καὶ
3405 5141 3505 5210 τὴν
3535 5139 3748 5193 ἐπιτα-

2151 5234 2253 5304 γὴν
2286 5234 2611 5296 ἀκούσαντες
2655 5235 2749 5286 καὶ
2781 5233 2842 5286 τὺ
2877 5233 3162 5286 κελευσθὲν
3198 5233 3247 5264 ⁸⁸
3287 5232 3531 5304 ἐναργῶς
3585 5232 3747 5286 ἱστο-

2043 5385 2342 5442 ιΕατιοΝ
2354 5388 2454 5442 ES.

540 5505 586 5577 δέ
603 5505 721 5558 ἀλλ’
891 5507 936 5542 ⁵⁷
955 5505 1272 5577 ἀπέστημεν
1291 5505 1386 5560 ἀπ’
1412 5503 1576 5559 αὑτοῦ
1605 5504 1666 5557 C.
1744 5504 2172 5577 “Ais-.opﬁxapsv
2199 5505 2258 5558 C.
2299 5504 2454 5577 Deest
2469 5503 2562 5555 καί
2592 5499 3168 5577 aitle_§csp7ro_p200_._itt
3338 5498 3383 5529 δ’
3415 5497 3631 5577 (istim-.55
3667 5502 3716 5575 ἶ

458 5576 504 5607 ⁸⁸
532 5576 633 5628 οὐκ
666 5575 822 5630 ἐτιϐ.
928 5577 1068 5630 "Ita
1118 5547 1164 5630 In.

928 5577 1068 5631 "Ita
1118 5573 1345 5646 Ερἱχο.
1394 5578 1467 5646 29
1509 5584 1564 5630 et
1592 5579 1684 5646 0,
1717 5575 1860 5626 ναῶν
1894 5573 2212 5643 ἀνδριάντας
2264 5575 2420 5644 ἡμῶν
2472 5573 2866 5646 καταξιωθῆναι
2910 5575 2968 5646 (_‘..

3229 5569 3254 5584 \-

3065 5570 3110 5601 ⁸³
3132 5569 3352 5638 μείζονα
3394 5541 3745 5627 οιΙιΙιιλΙείρίι.

457 5661 506 5696 r.
536 5647 620 5715 29
643 5685 656 5704 .
683 5661 846 5715 quam
886 5661 1000 5715 seq.
1031 5647 1088 5700 S.
1161 5637 1211 5679 ⁸³
1233 5645 1349 5699 Non
1379 5645 1526 5709 Cot.,
1553 5644 1678 5715 utS
1728 5659 1918 5708 parum
1945 5637 2197 5715 accurate
2214 5637 2463 5715 adnotat,
2495 5643 2673 5715 δορί-ΕΙ
2725 5637 2893 5715 edidit
2917 5640 3165 5715 ὑπέχετο.
3237 5638 3293 5715 ξδ
3314 5637 3627 5715 παύσασθαι
3649 5642 3736 5715 _(2.

461 5714 504 5786 ἒξ
534 5713 610 5766 Ita
633 5709 754 5786 cod.
779 5715 884 5768 804
913 5709 978 5786 et
1001 5715 1046 5770 Ο
1078 5759 1091 5778 ,
1121 5735 1180 5770 τε
1205 5717 1266 5770 C.
1343 5717 1388 5786 ’ἕ
1414 5716 1555 5784 μέγα
1587 5714 1651 5786 C.
1703 5715 1766 5786 7"
1790 5715 1886 5786 τὴν
1916 5713 2036 5786 τοῦΔ
2055 5714 2339 5786 ἀνθρώπου
2379 5713 2608 5784 ψυχήνϐ
2641 5752 2656 5778 ,
2685 5712 2775 5781 qui
2800 5710 3055 5779 deinceps
3079 5710 3293 5779 ἀπατᾷν
3324 5709 3484 5778 ἡμᾶς.

463 5783 504 5827 ‘I
535 5823 550 5846 .
593 5798 641 5839 c.
669 5784 705 5837 S
734 5823 750 5850 ,
784 5784 1034 5840 κελευθέν
1059 5786 1121 5843 C.
1154 5788 1289 5843 Ante
1323 5782 1503 5856 Σίμων
1533 5785 1714 5841 addidi
1740 5782 1887 5838 καὶό
1923 5802 1969 5840 c.
2000 5782 2063 5839 0.

3563 5708 3613 5737 ⁵⁸³
3648 5707 3738 5763 ιω
