3868 6212
77 339 146 393 97
1194 336 1654 394 οιΕΜΕΝΤιΝΑ.
1691 369 1759 379 -—
1782 333 2068 392 IIOMILIA
2099 334 2160 389 ll.
3297 336 3367 392 98

81 460 371 528 ρήσαντες.
400 455 515 510 Καὶ
533 457 562 510 6
580 455 764 528 Σίμων
792 455 918 527 ἔψη·
951 454 1091 524 Ἐγὼ
1122 455 1220 526 μὲν
1247 451 1363 507 οἶδα
1388 453 1441 506 τί
1465 453 1647 521 λέγετε

1779 452 1946 506 clare.
1966 451 2031 506 Et
2057 450 2247 506 Simon
2268 450 2440 506 dixit:
2467 450 2581 523 Ego
2603 450 2824 522 quidem
2851 450 2967 507 scio
2987 452 3119 522 quid
3143 452 3361 514 dicatis,

76 551 240 621 ὑμεῖς
289 550 350 602 δὲ
379 550 482 602 οὐκ
528 549 705 603 οῐδατε
750 550 879 620 περὶ
925 547 1088 600 τίνων
1135 546 1469 615 διαλέγεσθε.
1506 547 1618 599 Καὶ
1647 547 1677 599 6

69 642 187 714 64
217 643 468 712 Νικήτης
501 640 624 710 ἔφη’
657 641 810 700 Ἐπεὶ
827 637 991 702 οἶδας,
1008 639 1153 707 λέγε,
1175 639 1292 691 εἰδὲ
1313 639 1386 709 μὴ
1403 635 1569 703 οἶδας,
1600 639 1674 709 μὴ

69 736 224 788 δόκει
254 736 408 804 ἡμᾶς
453 733 532 803 τῷ
576 733 754 800 λέγειν
801 749 860 785 σε
897 733 992 802 μὲν
1033 731 1254 795 εἰδέναι,
1298 733 1449 802 ἡμᾶς
1483 732 1541 784 δὲ
1575 732 1673 803 μὴ,

68 827 395 880 ἀπατᾶσθαι
444 826 722 880 δύνασθαι.
767 826 841 879 Οὐ
889 826 999 896 γάρ
1031 827 1202 895 ἐσμεν
1242 824 1417 888 οὕτως
1467 826 1672 895 νήπιοι,

71 921 161 972 ἵνα
183 919 499 991 τεανοῦργον
520 919 817 990 ὲνσπείρῃς
834 921 970 990 ἡμῖν
991 918 1035 949 ⁵⁸
1058 915 1292 987 ὕποψίαν
1316 916 1421 970 τοῦ·
1434 915 1677 987 νομίζειν

70 1012 131 1064 σέ
166 1029 220 1064 τι
256 1012 372 1066 τῶν
423 1013 754 1083 ἀπορρήτων
799 1012 998 1064 εἰδέναι
1019 1050 1035 1075 ,
1067 1012 1162 1063 καὶ
1189 1007 1364 1073 οὕτως
1400 1009 1671 1081 ἐπιθυμίᾳ

67 1105 478 1178 κολαζομένους
507 1106 657 1176 ἡμᾶς
690 1103 1037 1176 ὑποχειρίους
1067 1103 1248 1157 λαϐὼν
1278 1104 1442 1174 ἔχῃς(

137 1283 311 1339 XXX.
359 1284 471 1338 Καὶ
497 1285 526 1338 6
553 1284 738 1355 Σίμων
776 1284 901 1358 ἔφη’
936 1286 1058 1338 Ὀτι
1095 1285 1193 1356 μὲν
1220 1283 1460 1357 ὲχῶρισα
1487 1286 1668 1359 ψυχὴν

62 1377 416 1448 ἀνθρωπείου
456 1375 726 1448 σώματος,
762 1375 879 1430 οἶδα
908 1378 1055 1449 ὑμᾶς
1096 1378 1324 1441 εἰδότας,
1358 1379 1439 1430 ὅτι
1467 1379 1524 1432 δὲ
1568 1381 1666 1450 οὐχ

59 1473 93 1539 ἡ
125 1469 226 1522 τοῦ
258 1468 562 1534 τεθνεῶτος
589 1470 737 1542 ψυχὴ
771 1471 1071 1542 ὑπουργεῖ,
1110 1472 1234 1523 ἐπεὶ
1279 1472 1352 1542 μὴ
1388 1472 1622 1543 ὑπάρχει
1647 1513 1662 1537 ,

60 1562 198 1614 ἀλλὰ
247 1561 467 1631 δαίμων
515 1579 635 1628 τις,
683 1562 1110 1634 ὑποκρινόμενος
1157 1563 1317 1626 αὐτὸς
1348 1558 1493 1617 εἶναι
1519 1564 1663 1636 ψυχὴ

59 1657 301 1727 ἐνεργεῖ,
327 1652 448 1708 οἶδα
491 1656 635 1726 ὑμᾶς
669 1656 1015 1725 ἀγνοοῦντας.
1053 1657 1164 1709 Καὶ
1195 1657 1224 1708 ὁ
1248 1657 1495 1729 Νικήτης
1535 1658 1658 1729 ἔφη·

59 1747 240 1800 Πολλά
267 1750 331 1799 ὲν
357 1747 442 1818 τῷ
473 1747 572 1818 βίῳ
603 1749 780 1820 τούτῳ
799 1750 845 1781 ⁶⁰
875 1747 1188 1820 ἠκούσαμεν
1221 1750 1447 1812 ἄπιστα,
1468 1750 1666 1804 τούτου

57 1840 112 1892 δὲ
131 1840 229 1892 τοῦ
254 1840 424 1909 λόγου
462 1842 820 1914 ἀνοητότερον
863 1843 926 1895 οὐ
972 1842 1456 1914 προσεδοκήσαμεν
1499 1843 1662 1895 ἀκοῦ-

58 1950 166 1984 σαι.
189 1933 254 1985 Εἰ
279 1933 394 2004 γὰρ
411 1933 500 1986 δαί
507 1913 1001 2006 μωνῖποκρίνεταῑ
1018 1934 1114 1987 τοῦ
1142 1934 1438 1998 τεθνεῶτος
1459 1932 1595 1989 εἶναι
1617 1937 1660 1966 ⁵⁸

54 2027 85 2094 ὴ
119 2024 272 2096 ψυχὴ
299 2063 317 2087 ,
353 2025 441 2088 τίς
470 2026 572 2096 τῆς
603 2027 783 2097 ψυχῆς
814 2027 973 2098 χρεία
1025 2028 1262 2095 γίνεται,
1303 2028 1389 2080 ἵνα
1417 2027 1658 2098 χωρισθῇ

55 2118 148 2171 τοῦ
184 2119 451 2189 σώματος
475 2137 488 2183 ;
516 2121 631 2173 Οὐκ
655 2121 809 2173 αὐτοὶ
829 2119 885 2172 δὲ
907 2119 1174 2190 παρόντες
1197 2119 1511 2190 ἠκούσαμέν
1541 2136 1658 2180 σου,

57 2210 146 2264 τοῦ
179 2213 426 2282 σκήνους
447 2213 547 2283 τὴν
567 2213 744 2285 ψυχὴν
766 2211 1078 2284 ὁρκίζοντος
1101 2230 1116 2277 ;
1143 2212 1268 2276 Πῶς
1293 2211 1351 2264 δὲ
1383 2212 1480 2264 καὶ
1500 2211 1658 2266 ἄλλου

55 2305 445 2375 ὁρκιζομένου,
479 2305 668 2376 ἕτερος
699 2306 772 2377 μὴ
805 2306 1081 2377 ὁρκισθεὶς
1113 2306 1188 2368 ὼς
1220 2305 1476 2375 φοϐηθεὶς
1515 2307 1657 2359 ὑπα-

57 2396 246 2460 κούεις
284 2398 404 2450 Οὐκ
441 2397 753 2463 ἐξετασθεὶς
773 2400 817 2428 ⁸⁸⁸
864 2399 921 2451 δὲ
953 2399 1048 2452 καὶ
1084 2399 1147 2451 σὺ
1191 2399 1280 2468 ὑφ’
1309 2397 1466 2468 ἡμῶν
1503 2415 1661 2459 ποτετ

53 2487 137 2540 διὰ
164 2489 219 2540 τί
254 2488 435 2541 ἐνίοτε
466 2491 561 2542 καὶ
594 2489 856 2544 παύονται
881 2492 1252 2563 αῇπαρεδρίαι
1273 2491 1318 2524 ⁸³
1344 2492 1476 2562 (49),
1500 2491 1664 2561 ἔφηςν

57 2581 175 2632 Ὀτι
210 2579 399 2651 ψυχὴ,
453 2581 789 2653 πληρώσασα
831 2585 923 2637 τὸν
978 2582 1118 2655 ὑπὲρ
1168 2584 1274 2654 γῆς
1320 2585 1509 2656 χρόνον
1534 2625 1549 2649 ,
1598 2586 1657 2639 ὃν

53 2673 289 2742 ἤμελλεν
324 2677 384 2727 ὲν
425 2674 638 2745 σώματι
671 2677 933 2730 διατελεῖν
958 2717 972 2740 ,
1025 2679 1107 2740 εἰς
1157 2677 1290 2748 ᾅδην
1343 2679 1651 2749 πορεύεται·

55 2766 390 2836 προσετίθης
420 2767 479 2821 δὲ
503 2768 700 2835 λέγων,
736 2769 816 2822 ὅτι
847 2769 956 2822 τῶν
993 2769 1107 2840 ἰδίῳ
1153 2769 1367 2841 θανάτῳ
1400 2771 1654 2843 τελευτη-

53 2858 264 2914 σάντων
298 2860 359 2912 αἰ
394 2861 588 2932 ψυχαὶ,
628 2864 816 2935 ἐπειδὴ
847 2863 1033 2916 αὐτόθι
1061 2865 1140 2926 εἰς
1172 2863 1307 2935 ᾅδην
1335 2868 1655 2937 χωρήσασαι

53 2950 446 3023 φρουροῦνται,
481 2955 583 3007 οὐκ
614 2955 863 3019 εὐκόπως
894 2955 1070 3010 ἐλθεῖν
1100 2958 1352 3026 ἀφίενται
1381 2959 1527 3030 (50);

118 3087 226 3156 65
259 3086 461 3141 XXXI.
485 3090 672 3143 Ταῦτα
692 3091 785 3144 τοῦ
816 3093 1056 3164 Νικήτου
1077 3093 1121 3124 ⁶¹⁶
1135 3093 1401 3157 εἰπόντος,
1422 3094 1652 3159 ’Λκύλας

49 3178 208 3240 αὐτὸς
231 3181 400 3233 πάλιν
437 3180 562 3252 ἔφη·
607 3183 937 3254 Ἐϐουλόμην
971 3186 1122 3256 παρὰ
1158 3185 1250 3238 σοῦ
1297 3186 1454 3238 τοῦτο
1489 3188 1647 3256 μόνον

56 3271 265 3339 μαθεῖν,
299 3272 509 3344 Σίμων,
540 3277 650 3327 εἴτε
681 3275 847 3347 ψυχὴ,
881 3277 992 3328 εἴτε
1025 3277 1232 3348 δαίμων
1260 3279 1377 3330 ἐστί
1405 3279 1467 3331 τὸ
1494 3282 1652 3350 ὁρκι-

55 3365 298 3435 ζὸμενον,
322 3365 375 3418 τί
397 3365 564 3435 φοόού
573 3385 731 3436 μενον
753 3369 812 3420 οὐ
831 3369 1260 3440 παραπέμπεται
1281 3370 1407 3432 τοὺς
1425 3371 1642 3442 ὅρκους

58 3457 154 3509 Καὶ
182 3459 212 3511 6
251 3457 445 3528 Σίμων
477 3458 601 3530 ἔφη·
641 3459 875 3513 Κόλασιν
923 3459 1033 3532 γὰρ
1074 3461 1488 3532 παρακούσασα,
1537 3458 1645 3515 οἶδε

57 3550 267 3618 μέλλειν
296 3550 518 3604 παθεῖν.
553 3551 664 3604 Καὶ
692 3554 720 3605 ὁ
757 3552 988 3616 Ἀκύλας
1005 3553 1129 3624 ἔφη’
1159 3552 1391 3617 Οὐκοῦν,
1421 3554 1469 3606 εἱ
1499 3555 1650 3624 ὁρκι-

54 3640 248 3715 ζομένη
297 3642 450 3714 ψυχὴ
484 3643 722 3716 ἔρχεται,
760 3646 854 3700 καὶ
896 3645 1074 3715 κρίσις
1107 3645 1334 3713 γίνεται.
1364 3647 1428 3699 Εἰ
1461 3641 1554 3699 οὖν
1593 3648 1649 3699 αἱ

51 3735 216 3804 ᾦυχαὶ
249 3735 516 3789 ἀθάνατοι
559 3727 822 3805 γίνονται,
867 3739 962 3790 καὶ
1004 3737 1186 3808 κρίσις
1234 3738 1454 3801 πάντως
1503 3738 1650 3806 γίνε-

49 3841 153 3879 ται.
192 3826 434 3902 "09:13"
457 3827 551 3880 καὶ
577 3829 704 3892 τοὺς
732 3830 824 3883 ἐπὶ
856 3833 1006 3900 κακῇ.
1057 3830 1253 3901 πράξει
1294 3831 1647 3902 όρκισθὲντας

52 3917 542 3988 καταδικασθῆναι,
562 3921 1034 3992 παρακούσαντας,
1060 3925 1165 3994 φῂς
1181 3923 1246 3988 ⁸⁸,
1265 3924 1384 3988 πῶς
1401 3927 1462 3978 οὐ
1489 3927 1648 3994 πεφό-

51 4007 206 4079 εησαι
242 4011 311 4062 σὺ
347 4011 702 4080 ἀναγκάζειν,
725 4015 832 4067 τῶν
860 4016 1319 4086 ἀναγκαζομένων
1342 4019 1433 4070 ἐπὶ
1463 4037 1644 4090 παρα-

52 4106 142 4172 κοῇ
178 4101 595 4175 κολαζομένων;
635 4107 708 4160 Τὸ
743 4106 852 4177 γὰρ
889 4107 988 4180 ’ήδη
1021 4125 1080 4161 σε
1118 4108 1192 4179 μὴ
1223 4108 1414 4162 παθεῖν
1443 4112 1527 4178 ἐφ’
1563 4106 1644 4173 οἷς

49 4193 282 4265 ἔδρασας
305 4196 367 4248 οὐ
402 4196 589 4268 θαῦμα
608 4198 674 4261 ⁵⁷,
709 4199 832 4251 ἐπεὶ
864 4201 1028 4271 μήπω
1053 4200 1235 4272 κρίσις
1258 4203 1425 4264 ἐστὶν,
1460 4205 1544 4256 ἵνα
1577 4205 1640 4256 σὺ

53 4286 145 4354 μὲν
171 4287 334 4358 δίκην
363 4288 471 4359 δῷς
497 4291 625 4362 περί
665 4283 741 4344 ὧν
769 4291 1084 4362 ἠνάγκασας
1103 4333 1118 4358 ,
1152 4293 1212 4345 τὸ
1238 4293 1294 4345 δὲ
1317 4294 1364 4324 ⁵⁸
1396 4296 1640 4363 ἀναγκα-

1777 561 1876 600 vos
1911 553 2092 599 autem
2142 544 2366 599 nescitis
2406 545 2473 599 de
2513 546 2715 614 quibus
2763 543 3089 614 loquamini.
3129 542 3195 598 Et
3225 545 3365 598 dixit

1774 633 1993 692 Nicetas
2031 655 2044 691 :
2091 635 2550 706 Quandoquidem
2600 637 2747 703 scis,
2792 637 3073 691 edissere:
3118 638 3262 706 quod
3313 637 3359 690 si

1774 729 1978 795 nescis,
2017 743 2087 783 ne
2127 729 2411 784 existimes
2432 728 2608 798 decipi
2641 744 2741 783 nos
2779 744 2974 798 posse,
3009 729 3138 782 dum
3188 729 3270 782 ais
3311 737 3363 782 te

1773 821 1997 889 quidem
2046 821 2218 886 scire,
2251 836 2359 875 nos
2383 829 2568 875 autem
2600 836 2969 890 nequaquam.
3022 819 3175 874 Adeo
3212 820 3361 874 enim

1775 911 1958 966 stolidi
1988 928 2096 967 non
2129 928 2357 978 sumus,
2380 923 2441 968 ut
2479 914 2639 968 nobis
2676 913 2884 967 vafram
2930 912 3135 966 inferas
3179 912 3363 982 suspi-

1771 1006 2008 1069 eionem,
2033 1021 2145 1076 qua
2190 1006 2568 1062 existimemus
2607 1006 2813 1076 aliquid
2862 1003 3216 1060 ineil‘abilium
3264 1019 3362 1059 co-

1769 1102 1956 1168 gnosci
1982 1116 2012 1155 a
2043 1110 2118 1167 te,
2157 1111 2320 1169 atque
2363 1101 2445 1156 sic
2485 1117 2618 1166 nos,
2647 1101 2945 1170 cupiditate
2975 1101 3258 1165 detenlos,
3301 1101 3360 1154 in

1771 1201 1922 1246 tuam
1955 1203 2283 1262 potestatem
2329 1194 2584 1248 redactos
2613 1203 2822 1248 teneas.

1846 1285 2015 1342 XXX.
2057 1286 2362 1356 Respondit
2411 1285 2601 1340 Simon
2628 1305 2648 1340 ες
2671 1285 2828 1352 Quod
2863 1285 3083 1356 quidem
3134 1285 3355 1354 disiun-

1768 1380 1939 1432 xerim
1968 1379 2208 1433 animam
2237 1379 2306 1432 ab
2337 1380 2579 1432 humano
2609 1393 2859 1447 corpore,
2893 1378 3018 1432 novi
3050 1392 3149 1432 vos
3171 1379 3352 1443 scire;

1767 1472 1912 1540 quod
1947 1487 2080 1524 vero
2108 1487 2216 1525 non
2257 1472 2441 1525 anima
2467 1469 2710 1525 defuncti
2743 1470 3041 1534 ministret,
3083 1485 3210 1524 cum
3243 1486 3360 1524 non-

1765 1567 1980 1629 cxistat,
2006 1564 2100 1619 sed
2128 1565 2328 1634 aliquis
2351 1565 2587 1626 daemon,
2610 1563 2705 1632 qui
2745 1578 2804 1617 se
2843 1563 3065 1618 simulat
3091 1579 3212 1618 esse
3236 1565 3358 1616 aui-

1766 1675 1932 1723 mam,
1955 1667 2233 1728 operetur,
2257 1659 2377 1712 novi
2407 1674 2502 1712 vos
2519 1659 2793 1727 ignorare.
2816 1657 2881 1712 Et
2896 1657 3350 1728 Nicetasexcepit:

1765 1749 1821 1804 in
1863 1752 1974 1805 vita
1999 1759 2185 1806 nostra
2211 1751 2378 1805 multa
2417 1751 3120 1818 incredibiliaaudivimus,
3145 1752 3250 1807 hoc
3270 1762 3353 1806 ta-

1768 1860 1888 1899 men
1917 1861 2169 1900 sermone
2199 1845 2557 1898 amentiorem
2584 1860 2683 1899 nos
2710 1845 2996 1904 audituros
3028 1861 3136 1900 non
3163 1863 3353 1917 spera-

1762 1938 1962 1992 vimus.
1984 1937 2117 1992 Nam
2143 1938 2188 1992 si
2217 1939 2426 1992 diemon
2452 1939 2676 2006 tingitse
2701 1953 2824 1993 esse
2853 1939 3090 1993 animam
3123 1941 3346 2004 mortui,

1762 2031 1888 2097 quis
1926 2031 2034 2086 fuit
2061 2031 2259 2085 animae
2297 2046 2460 2096 usus,
2491 2040 2553 2085 ut
2599 2046 2628 2085 a
2681 2046 2912 2101 corpore
2959 2037 3351 2104 separaretur?

1761 2121 1953 2178 Nonne
1990 2124 2095 2193 ipsi
2145 2133 2444 2192 praesentes
2475 2124 2790 2180 audivimus
2823 2134 2894 2191 te,
2937 2141 3061 2180 eum
3103 2128 3351 2180 animam-

1761 2232 1790 2269 c
1829 2232 2057 2285 corpore
2087 2216 2394 2285 adjnrando
2425 2215 2718 2270 evocares?
2740 2215 2806 2269 Et
2830 2233 2939 2286 qua
2970 2220 3203 2282 ratione,
3233 2236 3351 2272 uno

1761 2309 2039 2377 adjnrato,
2065 2310 2200 2363 alter
2230 2325 2339 2362 non
2372 2309 2658 2379 adjuratus
2683 2318 2944 2379 tanquam
2976 2313 3183 2367 veritus
3213 2315 3344 2367 obc-

1759 2401 1876 2454 dit?
1905 2400 2094 2455 Nonne
2120 2402 2284 2456 etiam
2313 2411 2370 2455 tu
2396 2403 2693 2473 aliquando
2721 2418 2751 2456 a
2783 2404 2942 2458 nobis
2972 2417 3216 2474 rogatus,
3244 2423 3348 2461 cur

1762 2495 2034 2548 interdum
2068 2504 2349 2550 cessarent
2380 2497 2751 2563 assessiones,
2784 2499 3116 2567 respondisti
3147 2519 3159 2553 :
3199 2500 3340 2566 Quia

1760 2589 1972 2655 anima,
2017 2590 2288 2660 completo
2344 2605 2511 2660 super
2540 2599 2741 2644 terram
2796 2599 3041 2661 tempore
3087 2595 3231 2662 quod
3286 2596 3346 2648 in

1759 2696 1990 2750 corpore
2029 2690 2317 2751 peractura
2353 2691 2505 2749 erat,
2543 2683 2608 2736 ad
2645 2681 2852 2737 inferos
2882 2683 3064 2749 vadit;
3098 2701 3163 2738 ac
3204 2687 3350 2738 sub-—

1753 2773 1986 2842 iunxisti
2037 2774 2252 2828 animas
2301 2790 2492 2828 eorum
2544 2776 2637 2844 qui
2699 2777 2917 2845 propria
2959 2789 3135 2830 morte
3189 2779 3348 2833 obic-

1757 2875 1907 2930 rnnt,
1943 2866 2206 2935 quoniam
2254 2867 2306 2920 in
2356 2867 2548 2920 inferis
2604 2868 2732 2922 hinc
2783 2868 3100 2923 secedentes
3154 2879 3342 2925 custo-

1758 2959 2005 3024 diuntur,
2038 2958 2322 3012 dilliculter
2346 2960 2585 3030 permitti
2617 2961 2857 3015 venire?

1828 3094 2020 3148 ΧΧΧΙ..
2066 3094 2190 3150 Ιιαιο
2216 3093 2436 3149 Nicctas
2467 3113 2590 3150 cum
2624 3097 2962 3166 protulisset,
2998 3099 3114 3169 ipse
3139 3100 3341 3170 Aquila

1754 3188 1950 3241 iterum
1975 3187 2110 3240 dixit
2133 3206 2147 3240 ε
2171 3188 2437 3256 Cuperem
2457 3203 2485 3241 a
2514 3197 2563 3242 te
2587 3189 2638 3242 itl
2663 3205 2831 3243 unum
2857 3190 3090 3256 discere,
3121 3191 3338 3256 Simon,

1755 3278 1868 3332 sive
1898 3279 2080 3332 anima
2109 3279 2200 3343 sit,
2233 3280 2347 3333 sive
2384 3278 2598 3334 daemon
2640 3279 2694 3334 id
2727 3281 2871 3351 quod
2904 3283 3211 3351 adjuratur,
3245 3301 3336 3338 ρυε-

1747 3367 1972 3437 jusnam
2008 3379 2154 3422 metu
2193 3369 2566 3436 adjurationcs
2610 3384 2719 3423 non
2763 3371 3106 3424 contemnit?
3133 3369 3199 3425 Et
3244 3371 3336 3424 Si-

1753 3474 1880 3510 mon
1914 3459 2189 3527 respondit
2221 3477 2235 3512 :
2269 3457 2480 3513 Etenim
2507 3475 2696 3528 pinnas
2728 3459 3132 3529 persoluturam
3165 3477 3224 3515 sc
3250 3462 3332 3513 in-

1754 3547 1970 3617 telligit,
2001 3549 2046 3602 si
2080 3565 2190 3602 non
2224 3550 2581 3618 obtemperet.
2619 3549 2798 3619 Atque
2840 3550 3040 3620 Aquila
3071 3553 3285 3621 excepit
3314 3569 3326 3603 :

1750 3636 1938 3708 itaque
1971 3641 2017 3693 si
2045 3641 2228 3694 anima
2261 3641 2510 3709 adjurata
2542 3642 2725 3709 venit,
2758 3642 2921 3697 etiam
2951 3643 3219 3712 judicium
3249 3645 3329 3698 ﬁt.

1755 3733 1813 3788 Si
1850 3750 1982 3804 ergo
2026 3735 2223 3788 anima:
2263 3743 2392 3788 sunt
2443 3735 2816 3801 immortales,
2849 3737 3077 3790 omnino
3105 3745 3157 3790 et
3184 3736 3332 3805 judi-

1748 3829 1893 3882 cium
1922 3826 2412 3893 est.Quamobrcm
2443 3829 2487 3883 si
2520 3843 2616 3882 eos
2643 3844 2882 3899 quoque,
2912 3830 3006 3899 qui
3038 3829 3094 3884 in
3128 3831 3326 3883 malam

1747 3923 2016 3976 actionem
2043 3931 2176 3977 sunt
2196 3923 2454 3991 adjut'ati,
2478 3932 2703 3992 tumque
2722 3939 2830 3978 non
2852 3924 3323 3993 obtemperarunt,

1744 4013 2194 4068 condemnandos
2224 4014 2304 4067 ais
2325 4054 2340 4080 ,
2389 4029 2502 4083 quo
2528 4014 2689 4068 modo
2719 4023 2774 4069 tu
2821 4030 2929 4068 non
2965 4012 3196 4068 timuisti
3226 4030 3323 4068 co-

1745 4122 1891 4176 gere,
1916 4122 2063 4170 cmn,
2091 4107 2183 4176 qui
2209 4116 2498 4177 coguntur,
2520 4117 2741 4179 propter
2771 4108 3176 4162 contumaciam
3210 4123 3330 4176 pm-

1745 4213 1844 4250 nas
1867 4195 2206 4250 luant?Nam
2243 4207 2293 4250 te
2329 4196 2440 4264 jam
2473 4212 2579 4250 non
2609 4213 2730 4250 esse
2761 4197 3048 4250 multatum
3087 4210 3187 4264 pro
3229 4195 3322 4257 iis,

1744 4303 1865 4357 qua:
1891 4287 2210 4357 designasti,
2245 4304 2308 4340 eo
2335 4287 2550 4352 evenit,
2589 4287 2849 4357 quoniam
2883 4285 3151 4354 judicium
3183 4301 3324 4337 non-

54 4375 170 4428 σθεν
193 4378 306 4430 ὑπὸ
327 4379 664 4452 συγγνώμην
683 4382 928 4455 γένηται,
953 4385 1028 4447 ὠς
1048 4385 1150 4454 τῆς
1181 4384 1356 4456 κακῆς
1391 4385 1647 4457 πράξεως

1760 4381 1874 4435 ium
1902 4388 2004 4444 est,
2039 4389 2099 4433 ut
2135 4390 2188 4434 tu
2222 4380 2442 4449 quidem
2490 4395 2682 4448 pinnas
2724 4379 2820 4434 des
2862 4395 3054 4433 eorum
3099 4379 3165 4430 ad
3199 4394 3327 4446 qua:

51 4466 133 4520 τὸν
158 4470 328 4541 ὅρκον
354 4473 725 4544 προτιμῆσαν.
763 4476 820 4529 Ὀ
839 4475 916 4544 δὲ,
947 4477 1119 4530 ταῦτα
1139 4477 1182 4512 ⁸⁵
1198 4476 1456 4544 ἀκούσας,
1475 4479 1643 4550 ὠργί-

1751 4475 2003 4545 coegisli,
2034 4474 2178 4545 quod
2209 4482 2390 4527 autem
2418 4483 2667 4527 coactum
2691 4481 2797 4537 est,
2823 4472 3038 4527 veniam
3068 4471 3322 4540 accipiat,

1334 4634 1573 4690 VARUE
1639 4634 2048 4691 LEC'l'lON'ES.

119 4759 483 4831 ⁸’ἐνσττείρῃς
514 4763 573 4815 ὲν
607 4763 738 4833 ἡμῖν
779 4765 838 4819 C.

117 4829 282 4862 ἕπεται
319 4830 366 4862 ll
468 4831 514 4862 ιιι
545 4833 736 4862 μακά-..
769 4836 809 4862 n

59 4830 285 4900 σεδρεῖαι
319 4830 390 4883 0.
424 4830 430 4831 ⁷
468 4831 514 4862 ⁸⁸
545 4830 740 4904 νικῦτη
769 4836 826 4889 0.

55 4898 233 4968 θαῦμα
269 4901 511 4955 accessit
543 4917 608 4955 ex
637 4875 682 4956 ὁ
734 4915 787 4960 et
819 4926 826 4960 ι

51 4969 294 5042 γνώμης.
374 4971 422 5002 "
437 4972 641 5026 τούτων
662 4974 723 5028 C.

919 4768 964 4800 ⁶⁰
990 4769 1164 4838 τούτῳ
1203 4769 1460 4838 subjunxi
1489 4784 1520 4824 c
1574 4767 1638 4823 Ο.

1136 4789 1164 4840 ρ
1203 4769 1460 4838 subjunxi
1489 4784 1520 4824 c
1718 4770 1761 4840 εξ
1794 4769 1932 4823 εἶναι
1979 4768 2072 4822 τοῦ
2120 4765 2416 4840 τεθνεῶτος
2445 4765 2506 4820 C.

927 4839 974 4870 ⁸⁸
989 4838 1115 4892 ὥστ’
1137 4838 1211 4894 ἄν
1244 4840 1285 4893 C
1317 4880 1330 4902 ,
1356 4840 1432 4902 ὡς
1463 4841 1526 4894 ἄν
1563 4839 1622 4904 S,
1657 4855 1706 4893 c.
1737 4839 1819 4893 CI.
1931 4840 1975 4870 “
1998 4843 2054 4909 cpi

734 4915 787 4960 et
819 4905 958 4976 Epit.
985 4924 1035 4963 c.
1067 4910 1158 4964 '59..
1234 4911 1279 4941 ⁸⁸
1309 4910 1523 4965 Adsunt
1549 4909 1602 4963 in
1629 4911 1647 4963 (

1760 4921 1842 4965 ost
1874 4910 1930 4963 δέ
1975 4905 2099 4964 vbb.
2117 4908 2292 4962 ταῦτα
2324 4906 2563 4970 ἀκούσας
2584 4905 2877 4978 expuncta.
2911 4905 3048 4962 Tum
3081 4909 3152 4963 id.
3183 4927 3314 4980 συγ-

2586 4767 2948 4840 εξέξηπάσοης
2975 4767 3037 4840 ος

1931 4810 1932 4817 η
1979 4787 2072 4822 του
2120 4786 2416 4828 τευνεωτος
2445 4786 2506 4820 ιλ.
2586 4786 2948 4840 νιεςηττασυης
2975 4786 3037 4822 υ.
3119 4786 3164 4800 “⁰
3180 4786 3316 4840 προ-

1931 4840 1975 4870 ⁶⁶
1998 4843 2102 4910 φῇς
2144 4839 2267 4910 add.
2311 4834 2453 4910 Epit.
2481 4852 2533 4890 ο.
2560 4837 2652 4899 52,
2685 4854 2847 4907 quarti
2873 4855 2991 4910 sq].
3018 4839 3091 4910 S.
3122 4909 3127 4910 γ
3183 4840 3223 4870 ⁸⁷
3254 4844 3316 4894 οὐ

3183 4840 3223 4870 ⁸⁷
3254 4844 3321 4894 οὐ

1368 5127 1739 5186 V'AlilORUM
1779 5127 2008 5186 ΝΟΤᾹΞ.

123 5284 232 5356 (49)
272 5289 342 5340 Αἱ
363 5285 694 5355 παρεδρίαι.
726 5287 871 5358 Inter
890 5288 1116 5358 spiritus
1144 5290 1404 5357 paredros
1435 5291 1633 5345 anima:

60 5369 394 5430 mortuorum
429 5358 796 5430 ponebantur.
853 5357 1055 5414 Praeter
1101 5359 1500 5430 Recognitiones
1532 5361 1628 5415 lib.

59 5440 118 5485 ιι,
143 5429 386 5498 capitﬁ,
413 5441 469 5481 et
493 5427 591 5481 lib.
619 5443 702 5490 ιιι,
734 5443 855 5498 cap.
893 5430 985 5492 44,
1019 5438 1210 5483 testem
1239 5427 1435 5484 damus
1461 5430 1632 5484 Justi—

59 5509 186 5572 num
225 5495 832 5572 ΔΜαι-ιξξιτιιιιᾼιιοιρξζὶξι
861 5515 920 5564 ιι,
955 5514 1016 5572 ρ,
1053 5501 1161 5572 65;
1193 5501 1628 5572 Νεκρομαντεῖαι

62 5563 155 5647 μὲν
172 5568 306 5647 γὰρ,
338 5563 435 5647 καὶ
450 5563 870 5647 αἰὰδιαφθόρων
898 5563 1112 5647 παίδων.
1135 5563 1509 5647 ξποπτὲύσεις,
1537 5573 1632 5647 xui.

57 5631 632 5712 Qa'gévﬁviiptonivwv
669 5631 908 5712 κλήσεις,
942 5641 1036 5712 καὶ
1066 5641 1116 5712 οἰ
1149 5640 1429 5712 λεγόμενοι
1472 5631 1632 5712 παρὰ

58 5706 165 5764 τάς
197 5706 387 5776 μάγοις
412 5706 923 5780 ὀνειροπομποίικαὶ
949 5706 1231 5780 πάρεδροι,
1258 5706 1352 5764 καὶ
1385 5713 1451 5766 τὰ
1485 5706 1630 5780 γινό-

66 5782 189 5828 αενα
218 5780 318 5832 ὑπὸ
353 5779 468 5835 τῶν
499 5778 674 5832 ταῦτα
721 5778 953 5844 εἰδότων,
988 5778 1333 5836 πεισάτωσαν
1376 5778 1519 5854 ὑμᾶς
1549 5783 1632 5836 ὅτι

1741 5291 1835 5343 καὶ

1814 5362 1924 5432 (50)
1963 5363 2083 5432 Οὐκ
2122 5363 2393 5427 εὐκόπως
2418 5362 2617 5416 ἐλθεῖν
2647 5362 2899 5432 ἄξιε-κτα

1739 5431 2003 5486 tullianus
2045 5431 2118 5485 De
2142 5433 2323 5486 anima
2355 5448 2474 5500 cap.
2527 5434 2594 5487 57
2643 5451 2656 5486 :
2708 5431 2929 5485 Publica
2963 5431 3083 5500 jam
3123 5432 3306 5486 littera

1737 5512 1835 5567 est,
1883 5518 1999 5571 qua:
2045 5505 2253 5554 animus
2297 5502 2458 5554 etiam
2499 5502 2652 5570 justa
2695 5512 2850 5555 (etate
2886 5503 3109 5571 sopitas,
3141 5503 3304 5556 etiam

1738 5577 1902 5642 proba
1935 5571 2440 5639 morle'disjimclas,
2487 5573 2646 5625 etiam
2705 5582 2949 5640 prompta
2999 5572 3301 5625 humatione

1739 5645 2068 5712 dispunctas,
2108 5653 2440 5712 evocatura»;
2469 5659 2522 5696 se
2553 5643 2617 5695 ab
2653 5644 2881 5710 inferum
2922 5641 3156 5697 incolatu
3187 5643 3306 5711 pol-

1739 5711 1947 5767 licetur.
1978 5712 2113 5767 Vide
2154 5713 2198 5764 si
2233 5714 2379 5765 lubet
2421 5711 2779 5781 Porphyrium
2810 5713 2903 5766 lib.
2943 5728 2982 5764 ιι
3029 5711 3306 5781 θεαθειέ-

1738 5786 1936 5850 tientia,
1972 5799 2098 5854 cap;
2118 5784 2209 5844 47;
2237 5783 2483 5839 Servium
2528 5780 2844 5836 ad/Eneid.
2873 5798 2923 5836 iv
2944 5782 3087 5849 {586.
3115 5780 3190 5836 ιι).

1873 5291 2010 5365 μετὰ
2038 5290 2264 5344 θάνατον
2293 5290 2350 5345 ἐν
2383 5292 2631 5364 αἰσθήσει
2660 5291 2798 5344 εἰσὶν
2824 5292 2881 5345 ai
2911 5291 3101 5414 ψυῖιαί.
3133 5291 3272 5349 Cor.

1873 5363 1924 5414 lli
1963 5363 2083 5413 Οὐκ
2122 5363 2393 5414 εὐκόπως
2418 5363 2617 5414 ἐλθεῖν
2647 5361 2958 5414 ἀφίενταιί
3041 5364 3146 5414 nde
3177 5362 3272 5414 Ter

2903 5362 2958 5414 ι.’
2991 5362 3146 5418 Unde
3177 5362 3310 5418 Ter—
