  <div class='ocr_page' id='page_1' title='image "/cluster/home/n/w/nwhite01/storage/ocr_20150623/2/nnc1.0114695790/059.png"; bbox 0 0 3868 6212; ppageno 0'>
   <div class='ocr_carea' id='block_1_1' title="bbox 492 303 2824 387">
    <p class='ocr_par' dir='ltr' id='par_1_1' title="bbox 492 303 2824 387">
     <span class='ocr_line' id='line_1_1' title="bbox 492 303 2824 387; baseline -0.012 0"><span class='ocrx_word' id='word_1_1' title='bbox 492 329 563 387; x_wconf 76' lang='lat'><strong>99</strong></span> <span class='ocrx_word' id='word_1_2' title='bbox 1309 317 1368 373; x_wconf 85' lang='lat'><strong>8.</strong></span> <span class='ocrx_word' id='word_1_3' title='bbox 1406 310 1795 372; x_wconf 73' lang='lat' dir='ltr'><strong>CLEIENTIS</strong></span> <span class='ocrx_word' id='word_1_4' title='bbox 1831 310 1851 365; x_wconf 91' lang='lat' dir='ltr'><strong>l</strong></span> <span class='ocrx_word' id='word_1_5' title='bbox 1882 308 2049 366; x_wconf 78' lang='lat' dir='ltr'><strong>IIOM.</strong></span> <span class='ocrx_word' id='word_1_6' title='bbox 2090 306 2289 363; x_wconf 72' lang='lat' dir='ltr'><strong>PONT.</strong></span> <span class='ocrx_word' id='word_1_7' title='bbox 2330 305 2560 362; x_wconf 70' lang='lat' dir='ltr'><strong>OPERA</strong></span> <span class='ocrx_word' id='word_1_8' title='bbox 2595 303 2824 362; x_wconf 78' lang='lat' dir='ltr'><strong>DUBIA.</strong></span> 
     </span>
    </p>
   </div>
   <div class='ocr_carea' id='block_1_2' title="bbox 3658 306 3753 364">
    <p class='ocr_par' dir='ltr' id='par_1_2' title="bbox 3658 306 3753 364">
     <span class='ocr_line' id='line_1_2' title="bbox 3658 306 3753 364; baseline 0 0"><span class='ocrx_word' id='word_1_9' title='bbox 3658 306 3753 364; x_wconf 69' lang='lat' dir='ltr'><strong>l0.</strong></span> 
     </span>
    </p>
   </div>
   <div class='ocr_carea' id='block_1_3' title="bbox 492 412 2070 517">
    <p class='ocr_par' dir='ltr' id='par_1_3' title="bbox 492 426 2067 517">
     <span class='ocr_line' id='line_1_3' title="bbox 492 426 2067 517; baseline -0.015 -16"><span class='ocrx_word' id='word_1_10' title='bbox 492 448 623 517; x_wconf 80' lang='lat' dir='ltr'><strong>quia</strong></span> <span class='ocrx_word' id='word_1_11' title='bbox 646 441 795 498; x_wconf 80' lang='lat' dir='ltr'><strong>rnan</strong></span> <span class='ocrx_word' id='word_1_12' title='bbox 821 436 1055 495; x_wconf 74' lang='lat' dir='ltr'><strong>facinori</strong></span> <span class='ocrx_word' id='word_1_13' title='bbox 1081 436 1523 509; x_wconf 63' lang='lat' dir='ltr'><strong>aditu-mentum</strong></span> <span class='ocrx_word' id='word_1_14' title='bbox 1539 428 1857 501; x_wconf 67' lang='lat' dir='ltr'><strong>prmiulerit.</strong></span> <span class='ocrx_word' id='word_1_15' title='bbox 1878 426 2067 480; x_wconf 83' lang='lat' dir='ltr'><strong>Simon</strong></span> 
     </span>
    </p>
   </div>
   <div class='ocr_carea' id='block_1_4' title="bbox 2176 412 3754 517">
    <p class='ocr_par' dir='ltr' id='par_1_4' title="bbox 2176 419 3754 495">
     <span class='ocr_line' id='line_1_4' title="bbox 2176 419 3754 495; baseline 0.001 -18"><span class='ocrx_word' id='word_1_16' title='bbox 2176 425 2295 495; x_wconf 87' lang='grc' dir='ltr'>σθη,</span> <span class='ocrx_word' id='word_1_17' title='bbox 2346 423 2574 478; x_wconf 82' lang='grc' dir='ltr'>θάνατον</span> <span class='ocrx_word' id='word_1_18' title='bbox 2622 424 2753 494; x_wconf 66' lang='grc' dir='ltr'><strong>⁴ἡμῖν</strong></span> <span class='ocrx_word' id='word_1_19' title='bbox 2793 419 3114 493; x_wconf 72' lang='grc' dir='ltr'>ἀπειλήσας,</span> <span class='ocrx_word' id='word_1_20' title='bbox 3148 421 3302 493; x_wconf 81' lang='grc' dir='ltr'>εἰμὴ</span> <span class='ocrx_word' id='word_1_21' title='bbox 3343 420 3412 475; x_wconf 80' lang='grc' dir='ltr'>τὰ</span> <span class='ocrx_word' id='word_1_22' title='bbox 3461 421 3557 475; x_wconf 82' lang='grc' dir='ltr'><strong>ὑπ’</strong></span> <span class='ocrx_word' id='word_1_23' title='bbox 3589 423 3754 478; x_wconf 74' lang='grc' dir='ltr'>αὐτοῦ</span> 
     </span>
    </p>
   </div>
   <div class='ocr_carea' id='block_1_5' title="bbox 492 520 2073 598">
    <p class='ocr_par' dir='ltr' id='par_1_5' title="bbox 492 520 2073 598">
     <span class='ocr_line' id='line_1_5' title="bbox 492 520 2073 598; baseline -0.013 -7"><span class='ocrx_word' id='word_1_24' title='bbox 492 550 626 593; x_wconf 85' lang='lat' dir='ltr'><strong>vero</strong></span> <span class='ocrx_word' id='word_1_25' title='bbox 668 534 757 591; x_wconf 98' lang='lat' dir='ltr'><strong>his</strong></span> <span class='ocrx_word' id='word_1_26' title='bbox 803 532 1037 593; x_wconf 85' lang='lat' dir='ltr'><strong>auditis.</strong></span> <span class='ocrx_word' id='word_1_27' title='bbox 1077 531 1159 583; x_wconf 83' lang='lat' dir='ltr'><strong>ira</strong></span> <span class='ocrx_word' id='word_1_28' title='bbox 1194 528 1469 598; x_wconf 90' lang='lat' dir='ltr'><strong>percitus,</strong></span> <span class='ocrx_word' id='word_1_29' title='bbox 1499 535 1763 588; x_wconf 80' lang='lat' dir='ltr'><strong>mortem,</strong></span> <span class='ocrx_word' id='word_1_30' title='bbox 1795 520 1901 574; x_wconf 87' lang='lat' dir='ltr'><strong>nisi</strong></span> <span class='ocrx_word' id='word_1_31' title='bbox 1949 532 2073 588; x_wconf 73' lang='lat' dir='ltr'><strong>quae</strong></span> 
     </span>
    </p>
   </div>
   <div class='ocr_carea' id='block_1_6' title="bbox 494 620 1498 698">
    <p class='ocr_par' dir='ltr' id='par_1_6' title="bbox 494 620 1498 698">
     <span class='ocr_line' id='line_1_6' title="bbox 494 620 1498 698; baseline -0.015 -12"><span class='ocrx_word' id='word_1_32' title='bbox 494 641 743 698; x_wconf 81' lang='lat' dir='ltr'><strong>gesserat</strong></span> <span class='ocrx_word' id='word_1_33' title='bbox 764 635 1093 687; x_wconf 77' lang='lat' dir='ltr'><strong>taceremus,</strong></span> <span class='ocrx_word' id='word_1_34' title='bbox 1127 620 1369 674; x_wconf 87' lang='lat' dir='ltr'><strong>minatus</strong></span> <span class='ocrx_word' id='word_1_35' title='bbox 1393 627 1498 671; x_wconf 84' lang='lat' dir='ltr'><strong>est.</strong></span> 
     </span>
    </p>
   </div>
   <div class='ocr_carea' id='block_1_7' title="bbox 562 704 2072 786">
    <p class='ocr_par' dir='ltr' id='par_1_7' title="bbox 562 704 2072 786">
     <span class='ocr_line' id='line_1_7' title="bbox 562 704 2072 786; baseline -0.01 -14"><span class='ocrx_word' id='word_1_36' title='bbox 562 717 783 772; x_wconf 77' lang='lat' dir='ltr'><strong>XXXII.</strong></span> <span class='ocrx_word' id='word_1_37' title='bbox 816 716 1112 786; x_wconf 76' lang='lat' dir='ltr'><strong>Postquam</strong></span> <span class='ocrx_word' id='word_1_38' title='bbox 1143 712 1339 784; x_wconf 82' lang='lat' dir='ltr'><strong>Aquila</strong></span> <span class='ocrx_word' id='word_1_39' title='bbox 1376 712 1491 765; x_wconf 60' lang='lat' dir='ltr'><strong>haec</strong></span> <span class='ocrx_word' id='word_1_40' title='bbox 1513 709 1672 772; x_wconf 79' lang='lat' dir='ltr'><strong>dixit,</strong></span> <span class='ocrx_word' id='word_1_41' title='bbox 1695 722 1796 776; x_wconf 82' lang='lat' dir='ltr'><strong>ego</strong></span> <span class='ocrx_word' id='word_1_42' title='bbox 1815 704 2072 759; x_wconf 80' lang='lat' dir='ltr'><strong>Clemens</strong></span> 
     </span>
    </p>
   </div>
   <div class='ocr_carea' id='block_1_8' title="bbox 498 793 2069 877">
    <p class='ocr_par' dir='ltr' id='par_1_8' title="bbox 498 793 2069 877">
     <span class='ocr_line' id='line_1_8' title="bbox 498 793 2069 877; baseline -0.009 -15"><span class='ocrx_word' id='word_1_43' title='bbox 498 806 849 877; x_wconf 67' lang='lat' dir='ltr'><strong>interrogavi,</strong></span> <span class='ocrx_word' id='word_1_44' title='bbox 882 815 1134 875; x_wconf 68' lang='lat' dir='ltr'><strong>quaenam</strong></span> <span class='ocrx_word' id='word_1_45' title='bbox 1180 808 1365 857; x_wconf 88' lang='lat' dir='ltr'><strong>essent</strong></span> <span class='ocrx_word' id='word_1_46' title='bbox 1393 797 1657 853; x_wconf 84' lang='lat' dir='ltr'><strong>miracula</strong></span> <span class='ocrx_word' id='word_1_47' title='bbox 1697 811 1822 866; x_wconf 68' lang='lat' dir='ltr'><strong>quae</strong></span> <span class='ocrx_word' id='word_1_48' title='bbox 1846 793 2069 848; x_wconf 83' lang='lat' dir='ltr'><strong>faceret.</strong></span> 
     </span>
    </p>
   </div>
   <div class='ocr_carea' id='block_1_9' title="bbox 499 885 2073 966">
    <p class='ocr_par' dir='ltr' id='par_1_9' title="bbox 499 885 2073 966">
     <span class='ocr_line' id='line_1_9' title="bbox 499 885 2073 966; baseline -0.008 -16"><span class='ocrx_word' id='word_1_49' title='bbox 499 897 579 951; x_wconf 85' lang='lat' dir='ltr'><strong>llli</strong></span> <span class='ocrx_word' id='word_1_50' title='bbox 606 912 743 953; x_wconf 84' lang='lat' dir='ltr'><strong>vero</strong></span> <span class='ocrx_word' id='word_1_51' title='bbox 762 896 1165 966; x_wconf 71' lang='lat' dir='ltr'><strong>responderunt</strong></span> <span class='ocrx_word' id='word_1_52' title='bbox 1190 892 1323 947; x_wconf 87' lang='lat' dir='ltr'><strong>mihi</strong></span> <span class='ocrx_word' id='word_1_53' title='bbox 1353 908 1368 945; x_wconf 88' lang='lat'><strong>:</strong></span> <span class='ocrx_word' id='word_1_54' title='bbox 1398 890 1551 945; x_wconf 84' lang='lat' dir='ltr'><strong>Facit</strong></span> <span class='ocrx_word' id='word_1_55' title='bbox 1574 899 1635 943; x_wconf 90' lang='lat' dir='ltr'><strong>ut</strong></span> <span class='ocrx_word' id='word_1_56' title='bbox 1661 898 1853 942; x_wconf 68' lang='lat' dir='ltr'><strong>statuat</strong></span> <span class='ocrx_word' id='word_1_57' title='bbox 1878 885 2073 941; x_wconf 87' lang='lat' dir='ltr'><strong>ambu-</strong></span> 
     </span>
    </p>
   </div>
   <div class='ocr_carea' id='block_1_10' title="bbox 499 978 2071 1059">
    <p class='ocr_par' dir='ltr' id='par_1_10' title="bbox 499 978 2071 1059">
     <span class='ocr_line' id='line_1_10' title="bbox 499 978 2071 1059; baseline -0.01 -14"><span class='ocrx_word' id='word_1_58' title='bbox 499 994 643 1045; x_wconf 88' lang='lat' dir='ltr'><strong>lent:</strong></span> <span class='ocrx_word' id='word_1_59' title='bbox 665 989 718 1043; x_wconf 89' lang='lat' dir='ltr'><strong>in</strong></span> <span class='ocrx_word' id='word_1_60' title='bbox 754 992 875 1059; x_wconf 91' lang='lat' dir='ltr'><strong>igne</strong></span> <span class='ocrx_word' id='word_1_61' title='bbox 897 987 1153 1040; x_wconf 78' lang='lat' dir='ltr'><strong>volutans</strong></span> <span class='ocrx_word' id='word_1_62' title='bbox 1176 1001 1257 1052; x_wconf 88' lang='lat' dir='ltr'><strong>se,</strong></span> <span class='ocrx_word' id='word_1_63' title='bbox 1288 998 1397 1039; x_wconf 90' lang='lat' dir='ltr'><strong>non</strong></span> <span class='ocrx_word' id='word_1_64' title='bbox 1430 983 1640 1048; x_wconf 88' lang='lat' dir='ltr'><strong>uritur;</strong></span> <span class='ocrx_word' id='word_1_65' title='bbox 1670 978 1944 1035; x_wconf 73' lang='lat' dir='ltr'><strong>interdum</strong></span> <span class='ocrx_word' id='word_1_66' title='bbox 1975 993 2071 1031; x_wconf 85' lang='lat' dir='ltr'><strong>vo-</strong></span> 
     </span>
    </p>
   </div>
   <div class='ocr_carea' id='block_1_11' title="bbox 498 1070 2071 1153">
    <p class='ocr_par' dir='ltr' id='par_1_11' title="bbox 498 1070 2071 1153">
     <span class='ocr_line' id='line_1_11' title="bbox 498 1070 2071 1153; baseline -0.008 -16"><span class='ocrx_word' id='word_1_67' title='bbox 498 1089 613 1150; x_wconf 86' lang='lat' dir='ltr'><strong>lat,</strong></span> <span class='ocrx_word' id='word_1_68' title='bbox 674 1098 743 1140; x_wconf 77' lang='lat' dir='ltr'><strong>ex</strong></span> <span class='ocrx_word' id='word_1_69' title='bbox 795 1080 1070 1153; x_wconf 81' lang='lat' dir='ltr'><strong>lapidibus</strong></span> <span class='ocrx_word' id='word_1_70' title='bbox 1129 1093 1300 1150; x_wconf 86' lang='lat' dir='ltr'><strong>panes</strong></span> <span class='ocrx_word' id='word_1_71' title='bbox 1355 1075 1522 1143; x_wconf 85' lang='lat' dir='ltr'><strong>facit,</strong></span> <span class='ocrx_word' id='word_1_72' title='bbox 1574 1088 1799 1144; x_wconf 77' lang='lat' dir='ltr'><strong>serpens</strong></span> <span class='ocrx_word' id='word_1_73' title='bbox 1849 1072 1947 1135; x_wconf 78' lang='grc' dir='ltr'>ιιι.</span> <span class='ocrx_word' id='word_1_74' title='bbox 2013 1070 2071 1125; x_wconf 90' lang='lat' dir='ltr'><strong>in</strong></span> 
     </span>
    </p>
   </div>
   <div class='ocr_carea' id='block_1_12' title="bbox 498 1165 2073 1248">
    <p class='ocr_par' dir='ltr' id='par_1_12' title="bbox 498 1165 2073 1248">
     <span class='ocr_line' id='line_1_12' title="bbox 498 1165 2073 1248; baseline -0.011 -14"><span class='ocrx_word' id='word_1_75' title='bbox 498 1193 718 1248; x_wconf 82' lang='lat' dir='ltr'><strong>capram</strong></span> <span class='ocrx_word' id='word_1_76' title='bbox 741 1173 1189 1239; x_wconf 88' lang='lat' dir='ltr'><strong>transformatur,</strong></span> <span class='ocrx_word' id='word_1_77' title='bbox 1226 1170 1366 1225; x_wconf 80' lang='lat' dir='ltr'><strong>duas</strong></span> <span class='ocrx_word' id='word_1_78' title='bbox 1397 1169 1567 1223; x_wconf 78' lang='lat' dir='ltr'><strong>facies</strong></span> <span class='ocrx_word' id='word_1_79' title='bbox 1598 1165 1865 1228; x_wconf 89' lang='lat' dir='ltr'><strong>ostendit,</strong></span> <span class='ocrx_word' id='word_1_80' title='bbox 1892 1165 1947 1218; x_wconf 92' lang='lat' dir='ltr'><strong>in</strong></span> <span class='ocrx_word' id='word_1_81' title='bbox 1974 1178 2073 1217; x_wconf 89' lang='lat' dir='ltr'><strong>au-</strong></span> 
     </span>
    </p>
   </div>
   <div class='ocr_carea' id='block_1_13' title="bbox 498 1256 2073 1336">
    <p class='ocr_par' dir='ltr' id='par_1_13' title="bbox 498 1256 2073 1336">
     <span class='ocr_line' id='line_1_13' title="bbox 498 1256 2073 1336; baseline -0.01 -11"><span class='ocrx_word' id='word_1_82' title='bbox 498 1285 623 1325; x_wconf 85' lang='lat' dir='ltr'><strong>rum</strong></span> <span class='ocrx_word' id='word_1_83' title='bbox 651 1268 1008 1332; x_wconf 80' lang='lat' dir='ltr'><strong>convertitur,</strong></span> <span class='ocrx_word' id='word_1_84' title='bbox 1031 1273 1216 1336; x_wconf 80' lang='lat' dir='ltr'><strong>portas</strong></span> <span class='ocrx_word' id='word_1_85' title='bbox 1237 1262 1487 1318; x_wconf 83' lang='lat' dir='ltr'><strong>occlusas</strong></span> <span class='ocrx_word' id='word_1_86' title='bbox 1511 1260 1704 1329; x_wconf 82' lang='lat' dir='ltr'><strong>aperit,</strong></span> <span class='ocrx_word' id='word_1_87' title='bbox 1732 1258 1932 1312; x_wconf 88' lang='lat' dir='ltr'><strong>ferrum</strong></span> <span class='ocrx_word' id='word_1_88' title='bbox 1963 1256 2073 1313; x_wconf 89' lang='lat' dir='ltr'><strong>sol-</strong></span> 
     </span>
    </p>
   </div>
   <div class='ocr_carea' id='block_1_14' title="bbox 499 1350 2070 1429">
    <p class='ocr_par' dir='ltr' id='par_1_14' title="bbox 499 1350 2070 1429">
     <span class='ocr_line' id='line_1_14' title="bbox 499 1350 2070 1429; baseline -0.01 -11"><span class='ocrx_word' id='word_1_89' title='bbox 499 1364 597 1429; x_wconf 89' lang='lat' dir='ltr'><strong>vit,</strong></span> <span class='ocrx_word' id='word_1_90' title='bbox 646 1364 702 1417; x_wconf 83' lang='lat' dir='ltr'><strong>in</strong></span> <span class='ocrx_word' id='word_1_91' title='bbox 734 1360 998 1417; x_wconf 82' lang='lat' dir='ltr'><strong>conviviis</strong></span> <span class='ocrx_word' id='word_1_92' title='bbox 1039 1357 1333 1413; x_wconf 86' lang='lat' dir='ltr'><strong>simulacra</strong></span> <span class='ocrx_word' id='word_1_93' title='bbox 1375 1351 1678 1407; x_wconf 86' lang='lat' dir='ltr'><strong>formarum</strong></span> <span class='ocrx_word' id='word_1_94' title='bbox 1719 1350 2070 1420; x_wconf 87' lang='lat' dir='ltr'><strong>omnigenum</strong></span> 
     </span>
    </p>
   </div>
   <div class='ocr_carea' id='block_1_15' title="bbox 499 1444 2073 1523">
    <p class='ocr_par' dir='ltr' id='par_1_15' title="bbox 499 1444 2073 1523">
     <span class='ocr_line' id='line_1_15' title="bbox 499 1444 2073 1523; baseline -0.01 -10"><span class='ocrx_word' id='word_1_95' title='bbox 499 1457 754 1523; x_wconf 77' lang='lat' dir='ltr'><strong>exhibet;</strong></span> <span class='ocrx_word' id='word_1_96' title='bbox 778 1455 908 1509; x_wconf 81' lang='lat' dir='ltr'><strong>facit</strong></span> <span class='ocrx_word' id='word_1_97' title='bbox 935 1462 997 1508; x_wconf 88' lang='lat' dir='ltr'><strong>ut</strong></span> <span class='ocrx_word' id='word_1_98' title='bbox 1036 1452 1091 1506; x_wconf 87' lang='lat' dir='ltr'><strong>in</strong></span> <span class='ocrx_word' id='word_1_99' title='bbox 1123 1451 1290 1505; x_wconf 90' lang='lat' dir='ltr'><strong>domo</strong></span> <span class='ocrx_word' id='word_1_100' title='bbox 1319 1462 1450 1501; x_wconf 81' lang='lat' dir='ltr'><strong>vasa</strong></span> <span class='ocrx_word' id='word_1_101' title='bbox 1487 1455 1680 1516; x_wconf 87' lang='lat' dir='ltr'><strong>sponte</strong></span> <span class='ocrx_word' id='word_1_102' title='bbox 1710 1446 1837 1501; x_wconf 84' lang='lat' dir='ltr'><strong>ferri</strong></span> <span class='ocrx_word' id='word_1_103' title='bbox 1865 1444 1933 1499; x_wconf 89' lang='lat' dir='ltr'><strong>ad</strong></span> <span class='ocrx_word' id='word_1_104' title='bbox 1968 1444 2073 1498; x_wconf 78' lang='lat' dir='ltr'><strong>mi-</strong></span> 
     </span>
    </p>
   </div>
   <div class='ocr_carea' id='block_1_16' title="bbox 500 1534 2071 1609">
    <p class='ocr_par' dir='ltr' id='par_1_16' title="bbox 500 1534 2071 1609">
     <span class='ocr_line' id='line_1_16' title="bbox 500 1534 2071 1609; baseline -0.008 -6"><span class='ocrx_word' id='word_1_105' title='bbox 500 1548 790 1605; x_wconf 85' lang='lat' dir='ltr'><strong>nisterium</strong></span> <span class='ocrx_word' id='word_1_106' title='bbox 822 1545 1133 1609; x_wconf 82' lang='lat' dir='ltr'><strong>videantur,</strong></span> <span class='ocrx_word' id='word_1_107' title='bbox 1158 1558 1257 1596; x_wconf 90' lang='lat' dir='ltr'><strong>nec</strong></span> <span class='ocrx_word' id='word_1_108' title='bbox 1278 1548 1575 1597; x_wconf 83' lang='lat' dir='ltr'><strong>cernantur</strong></span> <span class='ocrx_word' id='word_1_109' title='bbox 1609 1539 1702 1608; x_wconf 91' lang='lat' dir='ltr'><strong>qui</strong></span> <span class='ocrx_word' id='word_1_110' title='bbox 1728 1537 1931 1592; x_wconf 89' lang='lat' dir='ltr'><strong>ferunt.</strong></span> <span class='ocrx_word' id='word_1_111' title='bbox 1962 1534 2071 1592; x_wconf 85' lang='lat' dir='ltr'><strong>Ista</strong></span> 
     </span>
    </p>
   </div>
   <div class='ocr_carea' id='block_1_17' title="bbox 502 1628 2069 1694">
    <p class='ocr_par' dir='ltr' id='par_1_17' title="bbox 502 1628 2069 1694">
     <span class='ocr_line' id='line_1_17' title="bbox 502 1628 2069 1694; baseline -0.008 0"><span class='ocrx_word' id='word_1_112' title='bbox 502 1645 870 1694; x_wconf 82' lang='lat' dir='ltr'><strong>memorantes</strong></span> <span class='ocrx_word' id='word_1_113' title='bbox 911 1634 1144 1689; x_wconf 88' lang='lat' dir='ltr'><strong>audiens</strong></span> <span class='ocrx_word' id='word_1_114' title='bbox 1189 1632 1456 1687; x_wconf 84' lang='lat' dir='ltr'><strong>mirabar.</strong></span> <span class='ocrx_word' id='word_1_115' title='bbox 1497 1628 1862 1684; x_wconf 71' lang='lat' dir='ltr'><strong>Testabantur</strong></span> <span class='ocrx_word' id='word_1_116' title='bbox 1885 1637 2069 1682; x_wconf 87' lang='lat' dir='ltr'><strong>autem</strong></span> 
     </span>
    </p>
   </div>
   <div class='ocr_carea' id='block_1_18' title="bbox 502 1721 1683 1794">
    <p class='ocr_par' dir='ltr' id='par_1_18' title="bbox 502 1721 1683 1794">
     <span class='ocr_line' id='line_1_18' title="bbox 502 1721 1683 1794; baseline -0.008 -11"><span class='ocrx_word' id='word_1_117' title='bbox 502 1728 677 1783; x_wconf 78' lang='lat' dir='ltr'><strong>multa</strong></span> <span class='ocrx_word' id='word_1_118' title='bbox 699 1726 830 1781; x_wconf 86' lang='lat' dir='ltr'><strong>talia</strong></span> <span class='ocrx_word' id='word_1_119' title='bbox 851 1739 911 1780; x_wconf 80' lang='lat' dir='ltr'><strong>se</strong></span> <span class='ocrx_word' id='word_1_120' title='bbox 939 1724 1144 1780; x_wconf 85' lang='lat' dir='ltr'><strong>vidisse</strong></span> <span class='ocrx_word' id='word_1_121' title='bbox 1164 1723 1270 1794; x_wconf 87' lang='lat' dir='ltr'><strong>ipsi</strong></span> <span class='ocrx_word' id='word_1_122' title='bbox 1304 1721 1399 1793; x_wconf 88' lang='lat' dir='ltr'><strong>qui</strong></span> <span class='ocrx_word' id='word_1_123' title='bbox 1432 1722 1683 1776; x_wconf 67' lang='lat' dir='ltr'><strong>aderant.</strong></span> 
     </span>
    </p>
   </div>
   <div class='ocr_carea' id='block_1_19' title="bbox 571 1898 2074 1975">
    <p class='ocr_par' dir='ltr' id='par_1_19' title="bbox 571 1898 2074 1975">
     <span class='ocr_line' id='line_1_19' title="bbox 571 1898 2074 1975; baseline -0.009 -11"><span class='ocrx_word' id='word_1_124' title='bbox 571 1909 811 1965; x_wconf 72' lang='lat' dir='ltr'><strong>XXXIII.</strong></span> <span class='ocrx_word' id='word_1_125' title='bbox 834 1907 929 1964; x_wconf 81' lang='lat' dir='ltr'><strong>His</strong></span> <span class='ocrx_word' id='word_1_126' title='bbox 950 1909 1023 1963; x_wconf 88' lang='lat' dir='ltr'><strong>ita</strong></span> <span class='ocrx_word' id='word_1_127' title='bbox 1041 1906 1334 1970; x_wconf 83' lang='lat' dir='ltr'><strong>enarratis,</strong></span> <span class='ocrx_word' id='word_1_128' title='bbox 1363 1904 1659 1975; x_wconf 69' lang='lat' dir='ltr'><strong>praeclarus</strong></span> <span class='ocrx_word' id='word_1_129' title='bbox 1675 1900 1868 1956; x_wconf 85' lang='lat' dir='ltr'><strong>Petrus</strong></span> <span class='ocrx_word' id='word_1_130' title='bbox 1883 1908 1937 1953; x_wconf 91' lang='lat' dir='ltr'><strong>et</strong></span> <span class='ocrx_word' id='word_1_131' title='bbox 1957 1898 2074 1967; x_wconf 90' lang='lat' dir='ltr'><strong>ipse</strong></span> 
     </span>
    </p>
   </div>
   <div class='ocr_carea' id='block_1_20' title="bbox 502 1994 2074 2073">
    <p class='ocr_par' dir='ltr' id='par_1_20' title="bbox 502 1994 2074 2073">
     <span class='ocr_line' id='line_1_20' title="bbox 502 1994 2074 2073; baseline -0.011 -14"><span class='ocrx_word' id='word_1_132' title='bbox 502 2005 666 2073; x_wconf 63' lang='lat' dir='ltr'><strong>erepit</strong></span> <span class='ocrx_word' id='word_1_133' title='bbox 685 2004 867 2057; x_wconf 83' lang='lat' dir='ltr'><strong>dicere</strong></span> <span class='ocrx_word' id='word_1_134' title='bbox 898 2019 911 2055; x_wconf 90' lang='lat'><strong>:</strong></span> <span class='ocrx_word' id='word_1_135' title='bbox 943 2000 1302 2055; x_wconf 78' lang='lat' dir='ltr'><strong>Considerare</strong></span> <span class='ocrx_word' id='word_1_136' title='bbox 1330 2013 1432 2053; x_wconf 81' lang='lat' dir='ltr'><strong>vos</strong></span> <span class='ocrx_word' id='word_1_137' title='bbox 1461 2004 1692 2065; x_wconf 88' lang='lat' dir='ltr'><strong>oportet,</strong></span> <span class='ocrx_word' id='word_1_138' title='bbox 1726 1994 1944 2053; x_wconf 76' lang='lat' dir='ltr'><strong>fratres,</strong></span> <span class='ocrx_word' id='word_1_139' title='bbox 1988 2004 2074 2043; x_wconf 91' lang='lat' dir='ltr'><strong>re-</strong></span> 
     </span>
    </p>
   </div>
   <div class='ocr_carea' id='block_1_21' title="bbox 504 2086 2070 2166">
    <p class='ocr_par' dir='ltr' id='par_1_21' title="bbox 504 2086 2070 2166">
     <span class='ocr_line' id='line_1_21' title="bbox 504 2086 2070 2166; baseline -0.01 -17"><span class='ocrx_word' id='word_1_140' title='bbox 504 2096 644 2166; x_wconf 76' lang='lat' dir='ltr'><strong>gula:</strong></span> <span class='ocrx_word' id='word_1_141' title='bbox 667 2094 1070 2163; x_wconf 75' lang='lat' dir='ltr'><strong>coniugationis</strong></span> <span class='ocrx_word' id='word_1_142' title='bbox 1105 2091 1459 2157; x_wconf 86' lang='lat' dir='ltr'><strong>veritatem,a</strong></span> <span class='ocrx_word' id='word_1_143' title='bbox 1484 2105 1591 2159; x_wconf 77' lang='lat' dir='ltr'><strong>qua</strong></span> <span class='ocrx_word' id='word_1_144' title='bbox 1625 2086 1811 2156; x_wconf 80' lang='lat' dir='ltr'><strong>regula</strong></span> <span class='ocrx_word' id='word_1_145' title='bbox 1848 2086 2070 2153; x_wconf 85' lang='lat' dir='ltr'><strong>quinon</strong></span> 
     </span>
    </p>
   </div>
   <div class='ocr_carea' id='block_1_22' title="bbox 503 2176 2073 2253">
    <p class='ocr_par' dir='ltr' id='par_1_22' title="bbox 503 2176 2073 2253">
     <span class='ocr_line' id='line_1_22' title="bbox 503 2176 2073 2253; baseline -0.009 -13"><span class='ocrx_word' id='word_1_146' title='bbox 503 2186 817 2251; x_wconf 78' lang='lat' dir='ltr'><strong>recesserit,</strong></span> <span class='ocrx_word' id='word_1_147' title='bbox 844 2199 953 2239; x_wconf 91' lang='lat' dir='ltr'><strong>non</strong></span> <span class='ocrx_word' id='word_1_148' title='bbox 987 2183 1189 2253; x_wconf 79' lang='lat' dir='ltr'><strong>poterit</strong></span> <span class='ocrx_word' id='word_1_149' title='bbox 1222 2197 1428 2237; x_wconf 82' lang='lat' dir='ltr'><strong>errare.</strong></span> <span class='ocrx_word' id='word_1_150' title='bbox 1460 2179 1727 2247; x_wconf 82' lang='lat' dir='ltr'><strong>Quoniam</strong></span> <span class='ocrx_word' id='word_1_151' title='bbox 1756 2176 1987 2240; x_wconf 85' lang='lat' dir='ltr'><strong>scilicet,</strong></span> <span class='ocrx_word' id='word_1_152' title='bbox 2014 2182 2073 2226; x_wconf 92' lang='lat' dir='ltr'><strong>ut</strong></span> 
     </span>
    </p>
   </div>
   <div class='ocr_carea' id='block_1_23' title="bbox 501 2264 2073 2339">
    <p class='ocr_par' dir='ltr' id='par_1_23' title="bbox 501 2264 2073 2339">
     <span class='ocr_line' id='line_1_23' title="bbox 501 2264 2073 2339; baseline -0.01 -8"><span class='ocrx_word' id='word_1_153' title='bbox 501 2276 765 2339; x_wconf 67' lang='lat' dir='ltr'><strong>diximus,</strong></span> <span class='ocrx_word' id='word_1_154' title='bbox 795 2274 982 2329; x_wconf 84' lang='lat' dir='ltr'><strong>omnia</strong></span> <span class='ocrx_word' id='word_1_155' title='bbox 1005 2273 1284 2329; x_wconf 84' lang='lat' dir='ltr'><strong>cernimus</strong></span> <span class='ocrx_word' id='word_1_156' title='bbox 1323 2286 1446 2327; x_wconf 85' lang='lat' dir='ltr'><strong>sese</strong></span> <span class='ocrx_word' id='word_1_157' title='bbox 1480 2269 1684 2324; x_wconf 85' lang='lat' dir='ltr'><strong>habere</strong></span> <span class='ocrx_word' id='word_1_158' title='bbox 1721 2264 1977 2335; x_wconf 81' lang='lat' dir='ltr'><strong>bipartito</strong></span> <span class='ocrx_word' id='word_1_159' title='bbox 2007 2278 2073 2316; x_wconf 89' lang='lat' dir='ltr'><strong>ac</strong></span> 
     </span>
    </p>
   </div>
   <div class='ocr_carea' id='block_1_24' title="bbox 501 2354 2071 2435">
    <p class='ocr_par' dir='ltr' id='par_1_24' title="bbox 501 2354 2071 2435">
     <span class='ocr_line' id='line_1_24' title="bbox 501 2354 2071 2435; baseline -0.01 -13"><span class='ocrx_word' id='word_1_160' title='bbox 501 2366 800 2432; x_wconf 68' lang='grc' dir='ltr'>τοίω-πίε,</span> <span class='ocrx_word' id='word_1_161' title='bbox 827 2373 883 2420; x_wconf 88' lang='lat' dir='ltr'><strong>et</strong></span> <span class='ocrx_word' id='word_1_162' title='bbox 908 2362 1373 2435; x_wconf 70' lang='lat' dir='ltr'><strong>quemadmodum</strong></span> <span class='ocrx_word' id='word_1_163' title='bbox 1400 2360 1578 2431; x_wconf 89' lang='lat' dir='ltr'><strong>primo</strong></span> <span class='ocrx_word' id='word_1_164' title='bbox 1606 2366 1693 2414; x_wconf 88' lang='lat' dir='ltr'><strong>est</strong></span> <span class='ocrx_word' id='word_1_165' title='bbox 1716 2372 1845 2423; x_wconf 81' lang='lat' dir='ltr'><strong>nox,</strong></span> <span class='ocrx_word' id='word_1_166' title='bbox 1877 2354 2071 2409; x_wconf 90' lang='lat' dir='ltr'><strong>deinde</strong></span> 
     </span>
    </p>
   </div>
   <div class='ocr_carea' id='block_1_25' title="bbox 500 2445 2072 2528">
    <p class='ocr_par' dir='ltr' id='par_1_25' title="bbox 500 2445 2072 2528">
     <span class='ocr_line' id='line_1_25' title="bbox 500 2445 2072 2528; baseline -0.01 -14"><span class='ocrx_word' id='word_1_167' title='bbox 500 2459 647 2526; x_wconf 81' lang='lat' dir='ltr'><strong>dies,</strong></span> <span class='ocrx_word' id='word_1_168' title='bbox 664 2465 724 2513; x_wconf 87' lang='lat' dir='ltr'><strong>et</strong></span> <span class='ocrx_word' id='word_1_169' title='bbox 740 2457 976 2528; x_wconf 78' lang='lat' dir='ltr'><strong>primum</strong></span> <span class='ocrx_word' id='word_1_170' title='bbox 1000 2454 1332 2527; x_wconf 85' lang='lat' dir='ltr'><strong>ignorantia.</strong></span> <span class='ocrx_word' id='word_1_171' title='bbox 1365 2462 1553 2522; x_wconf 84' lang='lat' dir='ltr'><strong>postea</strong></span> <span class='ocrx_word' id='word_1_172' title='bbox 1584 2448 1844 2521; x_wconf 74' lang='lat' dir='ltr'><strong>cognitio,</strong></span> <span class='ocrx_word' id='word_1_173' title='bbox 1870 2456 1925 2501; x_wconf 91' lang='lat' dir='ltr'><strong>et</strong></span> <span class='ocrx_word' id='word_1_174' title='bbox 1959 2445 2072 2515; x_wconf 64' lang='lat' dir='ltr'><strong>pri~</strong></span> 
     </span>
    </p>
   </div>
   <div class='ocr_carea' id='block_1_26' title="bbox 502 2538 2069 2615">
    <p class='ocr_par' dir='ltr' id='par_1_26' title="bbox 502 2538 2069 2615">
     <span class='ocr_line' id='line_1_26' title="bbox 502 2538 2069 2615; baseline -0.011 -8"><span class='ocrx_word' id='word_1_175' title='bbox 502 2566 595 2606; x_wconf 71' lang='grc' dir='ltr'>ιο</span> <span class='ocrx_word' id='word_1_176' title='bbox 613 2550 858 2615; x_wconf 87' lang='lat' dir='ltr'><strong>morbus,</strong></span> <span class='ocrx_word' id='word_1_177' title='bbox 881 2549 1006 2603; x_wconf 89' lang='lat' dir='ltr'><strong>inde</strong></span> <span class='ocrx_word' id='word_1_178' title='bbox 1022 2547 1251 2613; x_wconf 79' lang='lat' dir='ltr'><strong>sanitas;</strong></span> <span class='ocrx_word' id='word_1_179' title='bbox 1271 2547 1344 2600; x_wconf 88' lang='lat' dir='ltr'><strong>ita</strong></span> <span class='ocrx_word' id='word_1_180' title='bbox 1364 2544 1601 2615; x_wconf 86' lang='lat' dir='ltr'><strong>primum</strong></span> <span class='ocrx_word' id='word_1_181' title='bbox 1617 2557 1774 2598; x_wconf 87' lang='lat' dir='ltr'><strong>error</strong></span> <span class='ocrx_word' id='word_1_182' title='bbox 1804 2538 2069 2593; x_wconf 90' lang='lat' dir='ltr'><strong>mundum</strong></span> 
     </span>
    </p>
   </div>
   <div class='ocr_carea' id='block_1_27' title="bbox 501 2629 2071 2713">
    <p class='ocr_par' dir='ltr' id='par_1_27' title="bbox 501 2629 2071 2713">
     <span class='ocr_line' id='line_1_27' title="bbox 501 2629 2071 2713; baseline -0.011 -13"><span class='ocrx_word' id='word_1_183' title='bbox 501 2650 767 2713; x_wconf 78' lang='lat' dir='ltr'><strong>occupat,</strong></span> <span class='ocrx_word' id='word_1_184' title='bbox 809 2642 999 2710; x_wconf 83' lang='lat' dir='ltr'><strong>sicque</strong></span> <span class='ocrx_word' id='word_1_185' title='bbox 1032 2649 1156 2709; x_wconf 84' lang='lat' dir='ltr'><strong>post</strong></span> <span class='ocrx_word' id='word_1_186' title='bbox 1194 2638 1398 2693; x_wconf 83' lang='lat' dir='ltr'><strong>veritas</strong></span> <span class='ocrx_word' id='word_1_187' title='bbox 1433 2633 1766 2706; x_wconf 84' lang='lat' dir='ltr'><strong>supervenit,</strong></span> <span class='ocrx_word' id='word_1_188' title='bbox 1797 2640 1859 2688; x_wconf 90' lang='lat' dir='ltr'><strong>ut</strong></span> <span class='ocrx_word' id='word_1_189' title='bbox 1898 2629 2071 2685; x_wconf 66' lang='lat' dir='ltr'><strong>uredi-</strong></span> 
     </span>
    </p>
   </div>
   <div class='ocr_carea' id='block_1_28' title="bbox 503 2727 2068 2801">
    <p class='ocr_par' dir='ltr' id='par_1_28' title="bbox 503 2727 2068 2801">
     <span class='ocr_line' id='line_1_28' title="bbox 503 2727 2068 2801; baseline -0.007 -10"><span class='ocrx_word' id='word_1_190' title='bbox 503 2752 603 2790; x_wconf 85' lang='lat' dir='ltr'><strong>cus</strong></span> <span class='ocrx_word' id='word_1_191' title='bbox 625 2738 840 2790; x_wconf 83' lang='lat' dir='ltr'><strong>morbo.</strong></span> <span class='ocrx_word' id='word_1_192' title='bbox 874 2733 1068 2786; x_wconf 81' lang='lat' dir='ltr'><strong>Statim</strong></span> <span class='ocrx_word' id='word_1_193' title='bbox 1105 2732 1289 2801; x_wconf 82' lang='lat' dir='ltr'><strong>itaque</strong></span> <span class='ocrx_word' id='word_1_194' title='bbox 1315 2743 1379 2784; x_wconf 87' lang='lat' dir='ltr'><strong>ac</strong></span> <span class='ocrx_word' id='word_1_195' title='bbox 1406 2727 1517 2783; x_wconf 86' lang='lat' dir='ltr'><strong>Deo</strong></span> <span class='ocrx_word' id='word_1_196' title='bbox 1544 2727 1719 2783; x_wconf 83' lang='lat' dir='ltr'><strong>amica</strong></span> <span class='ocrx_word' id='word_1_197' title='bbox 1737 2742 1869 2797; x_wconf 87' lang='lat' dir='ltr'><strong>gens</strong></span> <span class='ocrx_word' id='word_1_198' title='bbox 1883 2736 2068 2781; x_wconf 84' lang='lat' dir='ltr'><strong>nostra</strong></span> 
     </span>
    </p>
   </div>
   <div class='ocr_carea' id='block_1_29' title="bbox 502 2818 2069 2895">
    <p class='ocr_par' dir='ltr' id='par_1_29' title="bbox 502 2818 2069 2895">
     <span class='ocr_line' id='line_1_29' title="bbox 502 2818 2069 2895; baseline -0.005 -16"><span class='ocrx_word' id='word_1_199' title='bbox 502 2827 572 2879; x_wconf 86' lang='lat' dir='ltr'><strong>ab</strong></span> <span class='ocrx_word' id='word_1_200' title='bbox 594 2823 975 2895; x_wconf 68' lang='lat' dir='ltr'><strong>Egyptiorum</strong></span> <span class='ocrx_word' id='word_1_201' title='bbox 1002 2821 1290 2875; x_wconf 79' lang='lat' dir='ltr'><strong>vexatione</strong></span> <span class='ocrx_word' id='word_1_202' title='bbox 1314 2819 1594 2873; x_wconf 85' lang='lat' dir='ltr'><strong>liberanda</strong></span> <span class='ocrx_word' id='word_1_203' title='bbox 1632 2818 1753 2882; x_wconf 90' lang='lat' dir='ltr'><strong>fuit,</strong></span> <span class='ocrx_word' id='word_1_204' title='bbox 1779 2818 1930 2887; x_wconf 89' lang='lat' dir='ltr'><strong>prius</strong></span> <span class='ocrx_word' id='word_1_205' title='bbox 1976 2832 2069 2885; x_wconf 89' lang='lat' dir='ltr'><strong>per</strong></span> 
     </span>
    </p>
   </div>
   <div class='ocr_carea' id='block_1_30' title="bbox 501 2907 2069 2984">
    <p class='ocr_par' dir='ltr' id='par_1_30' title="bbox 501 2907 2069 2984">
     <span class='ocr_line' id='line_1_30' title="bbox 501 2907 2069 2984; baseline -0.007 -14"><span class='ocrx_word' id='word_1_206' title='bbox 501 2931 623 2970; x_wconf 88' lang='lat' dir='ltr'><strong>eam</strong></span> <span class='ocrx_word' id='word_1_207' title='bbox 667 2916 875 2984; x_wconf 81' lang='lat' dir='ltr'><strong>virgam</strong></span> <span class='ocrx_word' id='word_1_208' title='bbox 910 2927 1035 2982; x_wconf 65' lang='lat' dir='ltr'><strong>quae</strong></span> <span class='ocrx_word' id='word_1_209' title='bbox 1073 2911 1127 2965; x_wconf 89' lang='lat' dir='ltr'><strong>in</strong></span> <span class='ocrx_word' id='word_1_210' title='bbox 1163 2918 1468 2979; x_wconf 87' lang='lat' dir='ltr'><strong>serpentem</strong></span> <span class='ocrx_word' id='word_1_211' title='bbox 1510 2923 1666 2961; x_wconf 87' lang='lat' dir='ltr'><strong>versa</strong></span> <span class='ocrx_word' id='word_1_212' title='bbox 1696 2907 1894 2973; x_wconf 87' lang='lat' dir='ltr'><strong>fuerat,</strong></span> <span class='ocrx_word' id='word_1_213' title='bbox 1919 2922 2069 2976; x_wconf 70' lang='lat' dir='ltr'><strong>quaa—</strong></span> 
     </span>
    </p>
   </div>
   <div class='ocr_carea' id='block_1_31' title="bbox 502 2998 2068 3078">
    <p class='ocr_par' dir='ltr' id='par_1_31' title="bbox 502 2998 2068 3078">
     <span class='ocr_line' id='line_1_31' title="bbox 502 2998 2068 3078; baseline -0.006 -17"><span class='ocrx_word' id='word_1_214' title='bbox 502 3022 611 3078; x_wconf 91' lang='lat' dir='ltr'><strong>que</strong></span> <span class='ocrx_word' id='word_1_215' title='bbox 640 3007 840 3060; x_wconf 85' lang='lat' dir='ltr'><strong>tradita</strong></span> <span class='ocrx_word' id='word_1_216' title='bbox 873 3012 992 3059; x_wconf 86' lang='lat' dir='ltr'><strong>erat</strong></span> <span class='ocrx_word' id='word_1_217' title='bbox 1029 3002 1233 3057; x_wconf 84' lang='lat' dir='ltr'><strong>Aaroni</strong></span> <span class='ocrx_word' id='word_1_218' title='bbox 1254 3040 1271 3065; x_wconf 94' lang='lat'><strong>,</strong></span> <span class='ocrx_word' id='word_1_219' title='bbox 1312 3000 1489 3054; x_wconf 89' lang='lat' dir='ltr'><strong>morbi</strong></span> <span class='ocrx_word' id='word_1_220' title='bbox 1528 2998 1653 3052; x_wconf 83' lang='lat' dir='ltr'><strong>facti</strong></span> <span class='ocrx_word' id='word_1_221' title='bbox 1685 3006 1846 3062; x_wconf 85' lang='lat' dir='ltr'><strong>sunt,</strong></span> <span class='ocrx_word' id='word_1_222' title='bbox 1880 2999 2068 3066; x_wconf 87' lang='lat' dir='ltr'><strong>sicque</strong></span> 
     </span>
    </p>
   </div>
   <div class='ocr_carea' id='block_1_32' title="bbox 2173 514 2861 589">
    <p class='ocr_par' dir='ltr' id='par_1_32' title="bbox 2173 514 2861 589">
     <span class='ocr_line' id='line_1_32' title="bbox 2173 514 2861 589; baseline -0.004 -19"><span class='ocrx_word' id='word_1_223' title='bbox 2173 517 2520 589; x_wconf 77' lang='grc' dir='ltr'>πραττόμενα</span> <span class='ocrx_word' id='word_1_224' title='bbox 2546 514 2861 587; x_wconf 79' lang='grc' dir='ltr'><strong>σιωπῶμεν.</strong></span> 
     </span>
    </p>
   </div>
   <div class='ocr_carea' id='block_1_33' title="bbox 2246 687 3757 760">
    <p class='ocr_par' dir='ltr' id='par_1_33' title="bbox 2246 687 3757 760">
     <span class='ocr_line' id='line_1_33' title="bbox 2246 687 3757 760; baseline -0.005 -15"><span class='ocrx_word' id='word_1_225' title='bbox 2246 690 2459 745; x_wconf 84' lang='lat' dir='ltr'><strong>XXXII.</strong></span> <span class='ocrx_word' id='word_1_226' title='bbox 2494 690 2683 745; x_wconf 88' lang='grc' dir='ltr'>Ταῦτα</span> <span class='ocrx_word' id='word_1_227' title='bbox 2713 687 2809 745; x_wconf 59' lang='grc' dir='ltr'><strong>Ιτοῦ</strong></span> <span class='ocrx_word' id='word_1_228' title='bbox 2855 688 3054 743; x_wconf 79' lang='grc' dir='ltr'>Ἀκῦλα</span> <span class='ocrx_word' id='word_1_229' title='bbox 3083 688 3354 753; x_wconf 73' lang='grc' dir='ltr'>εἰπόντος,</span> <span class='ocrx_word' id='word_1_230' title='bbox 3380 688 3491 757; x_wconf 73' lang='grc' dir='ltr'><strong>ἐγὼ</strong></span> <span class='ocrx_word' id='word_1_231' title='bbox 3516 690 3757 760; x_wconf 72' lang='grc' dir='ltr'>Κλήμης</span> 
     </span>
    </p>
   </div>
   <div class='ocr_carea' id='block_1_34' title="bbox 2171 781 3757 856">
    <p class='ocr_par' dir='ltr' id='par_1_34' title="bbox 2171 781 3757 856">
     <span class='ocr_line' id='line_1_34' title="bbox 2171 781 3757 856; baseline -0.002 -19"><span class='ocrx_word' id='word_1_232' title='bbox 2171 785 2471 856; x_wconf 76' lang='grc' dir='ltr'><strong>ἐπυθόμην,</strong></span> <span class='ocrx_word' id='word_1_233' title='bbox 2508 784 2630 837; x_wconf 87' lang='grc' dir='ltr'>τίνα</span> <span class='ocrx_word' id='word_1_234' title='bbox 2678 783 2784 854; x_wconf 79' lang='grc' dir='ltr'>ἄρα</span> <span class='ocrx_word' id='word_1_235' title='bbox 2827 783 2975 835; x_wconf 77' lang='grc' dir='ltr'>ἐστὶν</span> <span class='ocrx_word' id='word_1_236' title='bbox 3011 782 3047 835; x_wconf 80' lang='grc' dir='ltr'><strong>ἀ</strong></span> <span class='ocrx_word' id='word_1_237' title='bbox 3075 784 3217 834; x_wconf 83' lang='grc' dir='ltr'>ποιεῖ</span> <span class='ocrx_word' id='word_1_238' title='bbox 3244 781 3542 851; x_wconf 83' lang='grc' dir='ltr'>θαυμάσια.</span> <span class='ocrx_word' id='word_1_239' title='bbox 3595 782 3663 835; x_wconf 85' lang='grc' dir='ltr'><strong>οι</strong></span> <span class='ocrx_word' id='word_1_240' title='bbox 3705 782 3757 834; x_wconf 81' lang='grc' dir='ltr'><strong>δί</strong></span> 
     </span>
    </p>
   </div>
   <div class='ocr_carea' id='block_1_35' title="bbox 2171 873 3761 946">
    <p class='ocr_par' dir='ltr' id='par_1_35' title="bbox 2171 873 3761 946">
     <span class='ocr_line' id='line_1_35' title="bbox 2171 873 3761 946; baseline -0.003 -16"><span class='ocrx_word' id='word_1_241' title='bbox 2171 876 2355 945; x_wconf 71' lang='grc' dir='ltr'>ἔλεγόν</span> <span class='ocrx_word' id='word_1_242' title='bbox 2386 893 2494 946; x_wconf 88' lang='grc' dir='ltr'>μοι,</span> <span class='ocrx_word' id='word_1_243' title='bbox 2528 876 2611 929; x_wconf 83' lang='grc' dir='ltr'>ὃτι</span> <span class='ocrx_word' id='word_1_244' title='bbox 2643 873 2960 945; x_wconf 78' lang='grc' dir='ltr'><strong>ἀνδριάντας</strong></span> <span class='ocrx_word' id='word_1_245' title='bbox 2993 874 3102 945; x_wconf 84' lang='grc'><strong>(51)</strong></span> <span class='ocrx_word' id='word_1_246' title='bbox 3135 876 3278 927; x_wconf 74' lang='grc' dir='ltr'>ποιεῖ</span> <span class='ocrx_word' id='word_1_247' title='bbox 3303 874 3626 943; x_wconf 79' lang='grc' dir='ltr'><strong>περιπατεῖν</strong></span> <span class='ocrx_word' id='word_1_248' title='bbox 3667 874 3761 926; x_wconf 74' lang='grc' dir='ltr'>καὶ</span> 
     </span>
    </p>
   </div>
   <div class='ocr_carea' id='block_1_36' title="bbox 2172 965 3758 1039">
    <p class='ocr_par' dir='ltr' id='par_1_36' title="bbox 2172 965 3758 1039">
     <span class='ocr_line' id='line_1_36' title="bbox 2172 965 3758 1039; baseline -0.003 -17"><span class='ocrx_word' id='word_1_249' title='bbox 2172 970 2264 1023; x_wconf 75' lang='grc' dir='ltr'><strong>ἐπὶ</strong></span> <span class='ocrx_word' id='word_1_250' title='bbox 2300 969 2410 1039; x_wconf 90' lang='grc' dir='ltr'><strong>πῦρ</strong></span> <span class='ocrx_word' id='word_1_251' title='bbox 2441 967 2758 1037; x_wconf 83' lang='grc' dir='ltr'>κυλιόμενος</span> <span class='ocrx_word' id='word_1_252' title='bbox 2789 967 2851 1020; x_wconf 83' lang='grc' dir='ltr'>οὐ</span> <span class='ocrx_word' id='word_1_253' title='bbox 2896 966 3129 1020; x_wconf 79' lang='grc' dir='ltr'>καίεται’</span> <span class='ocrx_word' id='word_1_254' title='bbox 3171 965 3339 1018; x_wconf 77' lang='grc' dir='ltr'>ἐνίοτε</span> <span class='ocrx_word' id='word_1_255' title='bbox 3370 965 3427 1017; x_wconf 75' lang='grc' dir='ltr'>δὲ</span> <span class='ocrx_word' id='word_1_256' title='bbox 3459 966 3556 1017; x_wconf 73' lang='grc' dir='ltr'>καὶ</span> <span class='ocrx_word' id='word_1_257' title='bbox 3587 968 3758 1018; x_wconf 73' lang='grc' dir='ltr'>πεταρ</span> 
     </span>
    </p>
   </div>
   <div class='ocr_carea' id='block_1_37' title="bbox 2170 1052 3757 1129">
    <p class='ocr_par' dir='ltr' id='par_1_37' title="bbox 2170 1052 3757 1129">
     <span class='ocr_line' id='line_1_37' title="bbox 2170 1052 3757 1129; baseline -0.003 -15"><span class='ocrx_word' id='word_1_258' title='bbox 2170 1078 2279 1114; x_wconf 91' lang='grc' dir='ltr'>ται·</span> <span class='ocrx_word' id='word_1_259' title='bbox 2317 1062 2409 1113; x_wconf 63' lang='grc' dir='ltr'><strong>καὶ⁵</strong></span> <span class='ocrx_word' id='word_1_260' title='bbox 2432 1062 2495 1112; x_wconf 82' lang='grc' dir='ltr'>ἐκ</span> <span class='ocrx_word' id='word_1_261' title='bbox 2520 1059 2681 1112; x_wconf 88' lang='grc' dir='ltr'>λίθων</span> <span class='ocrx_word' id='word_1_262' title='bbox 2704 1059 2899 1129; x_wconf 78' lang='grc' dir='ltr'>ἄρτους</span> <span class='ocrx_word' id='word_1_263' title='bbox 2928 1061 3089 1112; x_wconf 85' lang='grc' dir='ltr'>ποιεῖ·</span> <span class='ocrx_word' id='word_1_264' title='bbox 3116 1058 3237 1127; x_wconf 74' lang='grc' dir='ltr'>ὄφις</span> <span class='ocrx_word' id='word_1_265' title='bbox 3264 1057 3493 1125; x_wconf 88' lang='grc' dir='ltr'>γίνεται,</span> <span class='ocrx_word' id='word_1_266' title='bbox 3514 1058 3597 1120; x_wconf 85' lang='grc' dir='ltr'><strong>εἰς</strong></span> <span class='ocrx_word' id='word_1_267' title='bbox 3620 1052 3757 1125; x_wconf 79' lang='grc' dir='ltr'>αἶγα</span> 
     </span>
    </p>
   </div>
   <div class='ocr_carea' id='block_1_38' title="bbox 2174 1150 3758 1223">
    <p class='ocr_par' dir='ltr' id='par_1_38' title="bbox 2174 1150 3758 1223">
     <span class='ocr_line' id='line_1_38' title="bbox 2174 1150 3758 1223; baseline -0.002 -19"><span class='ocrx_word' id='word_1_268' title='bbox 2174 1151 2639 1223; x_wconf 71' lang='grc' dir='ltr'>μεταμορφοῦται,</span> <span class='ocrx_word' id='word_1_269' title='bbox 2676 1151 3020 1222; x_wconf 86' lang='grc' dir='ltr'><strong>διπρόσωπος</strong></span> <span class='ocrx_word' id='word_1_270' title='bbox 3055 1151 3282 1221; x_wconf 89' lang='grc' dir='ltr'>γίνεται,</span> <span class='ocrx_word' id='word_1_271' title='bbox 3312 1153 3392 1214; x_wconf 87' lang='grc' dir='ltr'><strong>εἰς</strong></span> <span class='ocrx_word' id='word_1_272' title='bbox 3419 1150 3621 1221; x_wconf 85' lang='grc' dir='ltr'>χρυσὸν</span> <span class='ocrx_word' id='word_1_273' title='bbox 3657 1168 3758 1220; x_wconf 86' lang='grc' dir='ltr'>με-</span> 
     </span>
    </p>
   </div>
   <div class='ocr_carea' id='block_1_39' title="bbox 2170 1242 3760 1315">
    <p class='ocr_par' dir='ltr' id='par_1_39' title="bbox 2170 1242 3760 1315">
     <span class='ocr_line' id='line_1_39' title="bbox 2170 1242 3760 1315; baseline -0.003 -17"><span class='ocrx_word' id='word_1_274' title='bbox 2170 1244 2507 1298; x_wconf 78' lang='grc' dir='ltr'>ταϐάλλεται·</span> <span class='ocrx_word' id='word_1_275' title='bbox 2536 1243 2703 1315; x_wconf 77' lang='grc' dir='ltr'>θύρας</span> <span class='ocrx_word' id='word_1_276' title='bbox 2722 1243 3115 1314; x_wconf 79' lang='grc' dir='ltr'><strong>κεκλεισμένας</strong></span> <span class='ocrx_word' id='word_1_277' title='bbox 3144 1243 3370 1311; x_wconf 87' lang='grc' dir='ltr'>ἀνοίγει,</span> <span class='ocrx_word' id='word_1_278' title='bbox 3410 1242 3760 1313; x_wconf 70' lang='grc' dir='ltr'>σίδηρονθθ</span> 
     </span>
    </p>
   </div>
   <div class='ocr_carea' id='block_1_40' title="bbox 2170 1335 3758 1405">
    <p class='ocr_par' dir='ltr' id='par_1_40' title="bbox 2170 1335 3758 1405">
     <span class='ocr_line' id='line_1_40' title="bbox 2170 1335 3758 1405; baseline -0.003 -14"><span class='ocrx_word' id='word_1_279' title='bbox 2170 1337 2307 1401; x_wconf 82' lang='grc' dir='ltr'>λύει,</span> <span class='ocrx_word' id='word_1_280' title='bbox 2343 1339 2400 1389; x_wconf 81' lang='grc' dir='ltr'>ὲν</span> <span class='ocrx_word' id='word_1_281' title='bbox 2429 1337 2665 1399; x_wconf 85' lang='grc' dir='ltr'>δείπνοις</span> <span class='ocrx_word' id='word_1_282' title='bbox 2698 1335 2888 1389; x_wconf 73' lang='grc' dir='ltr'>εἴδωλα</span> <span class='ocrx_word' id='word_1_283' title='bbox 2921 1336 3277 1389; x_wconf 81' lang='grc' dir='ltr'>παντοδαπῶν</span> <span class='ocrx_word' id='word_1_284' title='bbox 3327 1336 3478 1389; x_wconf 83' lang='grc' dir='ltr'>ἰδεῶν</span> <span class='ocrx_word' id='word_1_285' title='bbox 3499 1335 3550 1367; x_wconf 77' lang='grc'><strong>⁷⁸</strong></span> <span class='ocrx_word' id='word_1_286' title='bbox 3586 1336 3758 1405; x_wconf 83' lang='grc' dir='ltr'>παρί-</span> 
     </span>
    </p>
   </div>
   <div class='ocr_carea' id='block_1_41' title="bbox 2173 1427 3761 1501">
    <p class='ocr_par' dir='ltr' id='par_1_41' title="bbox 2173 1427 3761 1501">
     <span class='ocr_line' id='line_1_41' title="bbox 2173 1427 3761 1501; baseline -0.002 -19"><span class='ocrx_word' id='word_1_287' title='bbox 2173 1447 2361 1501; x_wconf 85' lang='grc' dir='ltr'>στησιν</span> <span class='ocrx_word' id='word_1_288' title='bbox 2384 1445 2400 1461; x_wconf 76' lang='grc' dir='ltr'><strong><em>ο</em></strong></span> <span class='ocrx_word' id='word_1_289' title='bbox 2443 1428 2512 1482; x_wconf 86' lang='grc' dir='ltr'><strong>τά</strong></span> <span class='ocrx_word' id='word_1_290' title='bbox 2560 1429 2620 1481; x_wconf 78' lang='grc' dir='ltr'>ἐν</span> <span class='ocrx_word' id='word_1_291' title='bbox 2656 1428 2804 1499; x_wconf 73' lang='grc' dir='ltr'>οἰκίᾳ</span> <span class='ocrx_word' id='word_1_292' title='bbox 2846 1427 3013 1499; x_wconf 86' lang='grc' dir='ltr'>σκεύη</span> <span class='ocrx_word' id='word_1_293' title='bbox 3054 1427 3130 1489; x_wconf 80' lang='grc' dir='ltr'><strong>ὡς</strong></span> <span class='ocrx_word' id='word_1_294' title='bbox 3161 1428 3438 1498; x_wconf 75' lang='grc' dir='ltr'>αὐτόματα</span> <span class='ocrx_word' id='word_1_295' title='bbox 3471 1428 3761 1499; x_wconf 81' lang='grc' dir='ltr'>φερόμενα</span> 
     </span>
    </p>
   </div>
   <div class='ocr_carea' id='block_1_42' title="bbox 2170 1518 3757 1591">
    <p class='ocr_par' dir='ltr' id='par_1_42' title="bbox 2170 1518 3757 1591">
     <span class='ocr_line' id='line_1_42' title="bbox 2170 1518 3757 1591; baseline -0.001 -19"><span class='ocrx_word' id='word_1_296' title='bbox 2170 1521 2307 1591; x_wconf 82' lang='grc' dir='ltr'>πρὸς</span> <span class='ocrx_word' id='word_1_297' title='bbox 2352 1520 2656 1591; x_wconf 79' lang='grc' dir='ltr'>ὑπηρεσίαν</span> <span class='ocrx_word' id='word_1_298' title='bbox 2691 1518 2982 1589; x_wconf 81' lang='grc' dir='ltr'>βλέπεσθαι</span> <span class='ocrx_word' id='word_1_299' title='bbox 3030 1522 3190 1583; x_wconf 74' lang='grc' dir='ltr'><strong>⁶ποιεῖ,</strong></span> <span class='ocrx_word' id='word_1_300' title='bbox 3224 1519 3331 1572; x_wconf 82' lang='grc' dir='ltr'>τῶν</span> <span class='ocrx_word' id='word_1_301' title='bbox 3374 1521 3651 1590; x_wconf 76' lang='grc' dir='ltr'>φερόντων</span> <span class='ocrx_word' id='word_1_302' title='bbox 3696 1521 3757 1571; x_wconf 79' lang='grc' dir='ltr'>οὐ</span> 
     </span>
    </p>
   </div>
   <div class='ocr_carea' id='block_1_43' title="bbox 2171 1611 3759 1683">
    <p class='ocr_par' dir='ltr' id='par_1_43' title="bbox 2171 1611 3759 1683">
     <span class='ocr_line' id='line_1_43' title="bbox 2171 1611 3759 1683; baseline 0.001 -19"><span class='ocrx_word' id='word_1_303' title='bbox 2171 1612 2536 1683; x_wconf 83' lang='grc' dir='ltr'>βλεπομένων.</span> <span class='ocrx_word' id='word_1_304' title='bbox 2577 1611 2761 1665; x_wconf 87' lang='grc' dir='ltr'>Ταῦτα</span> <span class='ocrx_word' id='word_1_305' title='bbox 2806 1611 2985 1665; x_wconf 79' lang='grc' dir='ltr'>αὐτῶν</span> <span class='ocrx_word' id='word_1_306' title='bbox 3030 1611 3295 1680; x_wconf 83' lang='grc' dir='ltr'>λεγόντων</span> <span class='ocrx_word' id='word_1_307' title='bbox 3344 1612 3557 1665; x_wconf 83' lang='grc' dir='ltr'>ἀκούων</span> <span class='ocrx_word' id='word_1_308' title='bbox 3589 1614 3759 1666; x_wconf 75' lang='grc' dir='ltr'>ἐθαύ-</span> 
     </span>
    </p>
   </div>
   <div class='ocr_carea' id='block_1_44' title="bbox 2173 1702 3760 1778">
    <p class='ocr_par' dir='ltr' id='par_1_44' title="bbox 2173 1702 3760 1778">
     <span class='ocr_line' id='line_1_44' title="bbox 2173 1702 3760 1778; baseline -0.002 -18"><span class='ocrx_word' id='word_1_309' title='bbox 2173 1708 2360 1778; x_wconf 75' lang='grc' dir='ltr'>μαζον.</span> <span class='ocrx_word' id='word_1_310' title='bbox 2388 1705 2760 1777; x_wconf 85' lang='grc' dir='ltr'>Ἑμαρτύρουν</span> <span class='ocrx_word' id='word_1_311' title='bbox 2784 1703 2840 1757; x_wconf 88' lang='grc' dir='ltr'>δὲ</span> <span class='ocrx_word' id='word_1_312' title='bbox 2862 1702 3168 1756; x_wconf 75' lang='grc' dir='ltr'>πολλά⁷¹τά</span> <span class='ocrx_word' id='word_1_313' title='bbox 3189 1702 3411 1756; x_wconf 90' lang='grc' dir='ltr'>τοιαῦτα</span> <span class='ocrx_word' id='word_1_314' title='bbox 3434 1704 3587 1757; x_wconf 78' lang='grc' dir='ltr'>αὐτοὶ</span> <span class='ocrx_word' id='word_1_315' title='bbox 3610 1721 3760 1777; x_wconf 79' lang='grc' dir='ltr'>παρ-</span> 
     </span>
    </p>
   </div>
   <div class='ocr_carea' id='block_1_45' title="bbox 2100 1770 2797 1869">
    <p class='ocr_par' dir='ltr' id='par_1_45' title="bbox 2100 1770 2797 1869">
     <span class='ocr_line' id='line_1_45' title="bbox 2100 1770 2797 1869; baseline -0.003 -17"><span class='ocrx_word' id='word_1_316' title='bbox 2100 1770 2145 1827; x_wconf 72' lang='lat' dir='ltr'><strong>B</strong></span> <span class='ocrx_word' id='word_1_317' title='bbox 2173 1770 2397 1862; x_wconf 79' lang='grc' dir='ltr'>όντες⁷⁹</span> <span class='ocrx_word' id='word_1_318' title='bbox 2431 1770 2797 1869; x_wconf 69' lang='grc' dir='ltr'>ἱστόρηκεναι.</span> 
     </span>
    </p>
   </div>
   <div class='ocr_carea' id='block_1_46' title="bbox 2241 1908 3759 1981">
    <p class='ocr_par' dir='ltr' id='par_1_46' title="bbox 2241 1908 3759 1981">
     <span class='ocr_line' id='line_1_46' title="bbox 2241 1908 3759 1981; baseline 0.001 -17"><span class='ocrx_word' id='word_1_319' title='bbox 2241 1909 2479 1964; x_wconf 80' lang='lat' dir='ltr'><strong>XXXIII.</strong></span> <span class='ocrx_word' id='word_1_320' title='bbox 2500 1909 2716 1964; x_wconf 85' lang='grc' dir='ltr'>Τούτων</span> <span class='ocrx_word' id='word_1_321' title='bbox 2729 1909 2902 1972; x_wconf 75' lang='grc' dir='ltr'>οὕτως</span> <span class='ocrx_word' id='word_1_322' title='bbox 2926 1908 3233 1981; x_wconf 72' lang='grc' dir='ltr'>ῥηθέντωνό</span> <span class='ocrx_word' id='word_1_323' title='bbox 3246 1908 3408 1972; x_wconf 80' lang='grc' dir='ltr'>καλὸς</span> <span class='ocrx_word' id='word_1_324' title='bbox 3430 1908 3639 1981; x_wconf 81' lang='grc' dir='ltr'>Πέτρος</span> <span class='ocrx_word' id='word_1_325' title='bbox 3658 1910 3759 1965; x_wconf 78' lang='grc' dir='ltr'>καὶ</span> 
     </span>
    </p>
   </div>
   <div class='ocr_carea' id='block_1_47' title="bbox 2172 2000 3754 2073">
    <p class='ocr_par' dir='ltr' id='par_1_47' title="bbox 2172 2000 3754 2073">
     <span class='ocr_line' id='line_1_47' title="bbox 2172 2000 3754 2073; baseline -0.001 -18"><span class='ocrx_word' id='word_1_326' title='bbox 2172 2002 2335 2066; x_wconf 83' lang='grc' dir='ltr'>αὐτὸς</span> <span class='ocrx_word' id='word_1_327' title='bbox 2364 2002 2459 2056; x_wconf 89' lang='grc' dir='ltr'><strong>τοῦ</strong></span> <span class='ocrx_word' id='word_1_328' title='bbox 2491 2002 2671 2071; x_wconf 78' lang='grc' dir='ltr'>λέγειν</span> <span class='ocrx_word' id='word_1_329' title='bbox 2692 2001 2910 2073; x_wconf 76' lang='grc' dir='ltr'>ῆρξατο·</span> <span class='ocrx_word' id='word_1_330' title='bbox 2938 2002 3171 2072; x_wconf 77' lang='grc' dir='ltr'>Συνορᾷν</span> <span class='ocrx_word' id='word_1_331' title='bbox 3201 2002 3346 2070; x_wconf 82' lang='grc' dir='ltr'>ὑμᾶς</span> <span class='ocrx_word' id='word_1_332' title='bbox 3375 2000 3471 2063; x_wconf 86' lang='grc' dir='ltr'>δεῖ,</span> <span class='ocrx_word' id='word_1_333' title='bbox 3504 2001 3754 2070; x_wconf 78' lang='grc' dir='ltr'>ἀδελφοὶ.</span> 
     </span>
    </p>
   </div>
   <div class='ocr_carea' id='block_1_48' title="bbox 2171 2086 3757 2166">
    <p class='ocr_par' dir='ltr' id='par_1_48' title="bbox 2171 2086 3757 2166">
     <span class='ocr_line' id='line_1_48' title="bbox 2171 2086 3757 2166; baseline -0.001 -19"><span class='ocrx_word' id='word_1_334' title='bbox 2171 2094 2265 2148; x_wconf 90' lang='grc' dir='ltr'><strong>τοῦ</strong></span> <span class='ocrx_word' id='word_1_335' title='bbox 2293 2096 2393 2166; x_wconf 88' lang='grc' dir='ltr'><strong>τῆς</strong></span> <span class='ocrx_word' id='word_1_336' title='bbox 2426 2094 2684 2163; x_wconf 76' lang='grc' dir='ltr'>συζυγίας</span> <span class='ocrx_word' id='word_1_337' title='bbox 2716 2093 2937 2155; x_wconf 84' lang='grc' dir='ltr'>κανόνος</span> <span class='ocrx_word' id='word_1_338' title='bbox 2961 2093 3059 2162; x_wconf 82' lang='grc' dir='ltr'><strong>τὴν</strong></span> <span class='ocrx_word' id='word_1_339' title='bbox 3088 2090 3364 2162; x_wconf 86' lang='grc' dir='ltr'>ἀλήθειαν,</span> <span class='ocrx_word' id='word_1_340' title='bbox 3406 2086 3468 2145; x_wconf 74' lang='grc' dir='ltr'><strong>οὗ</strong></span> <span class='ocrx_word' id='word_1_341' title='bbox 3514 2093 3593 2164; x_wconf 77' lang='grc' dir='ltr'>μὴ</span> <span class='ocrx_word' id='word_1_342' title='bbox 3623 2094 3757 2161; x_wconf 76' lang='grc' dir='ltr'>ἀφι-</span> 
     </span>
    </p>
   </div>
   <div class='ocr_carea' id='block_1_49' title="bbox 2173 2183 3757 2257">
    <p class='ocr_par' dir='ltr' id='par_1_49' title="bbox 2173 2183 3757 2257">
     <span class='ocr_line' id='line_1_49' title="bbox 2173 2183 3757 2257; baseline -0.001 -18"><span class='ocrx_word' id='word_1_343' title='bbox 2173 2187 2437 2257; x_wconf 85' lang='grc' dir='ltr'>στάμενός</span> <span class='ocrx_word' id='word_1_344' title='bbox 2460 2204 2544 2247; x_wconf 80' lang='grc' dir='ltr'><strong>τις</strong></span> <span class='ocrx_word' id='word_1_345' title='bbox 2556 2188 2656 2239; x_wconf 78' lang='grc' dir='ltr'>οὐκ</span> <span class='ocrx_word' id='word_1_346' title='bbox 2675 2186 2787 2255; x_wconf 82' lang='grc' dir='ltr'>ἔχει</span> <span class='ocrx_word' id='word_1_347' title='bbox 2802 2184 3157 2255; x_wconf 81' lang='grc' dir='ltr'>πλανηθῆναι.</span> <span class='ocrx_word' id='word_1_348' title='bbox 3189 2183 3341 2237; x_wconf 84' lang='grc' dir='ltr'>Ἐπεὶ</span> <span class='ocrx_word' id='word_1_349' title='bbox 3372 2183 3497 2253; x_wconf 84' lang='grc' dir='ltr'>γάρ,</span> <span class='ocrx_word' id='word_1_350' title='bbox 3520 2184 3598 2245; x_wconf 84' lang='grc' dir='ltr'>ὡς</span> <span class='ocrx_word' id='word_1_351' title='bbox 3618 2184 3757 2252; x_wconf 77' lang='grc' dir='ltr'>ἐφα-</span> 
     </span>
    </p>
   </div>
   <div class='ocr_carea' id='block_1_50' title="bbox 2176 2274 3756 2347">
    <p class='ocr_par' dir='ltr' id='par_1_50' title="bbox 2176 2274 3756 2347">
     <span class='ocr_line' id='line_1_50' title="bbox 2176 2274 3756 2347; baseline -0.002 -17"><span class='ocrx_word' id='word_1_352' title='bbox 2176 2294 2273 2347; x_wconf 88' lang='grc' dir='ltr'><strong>μεν</strong></span> <span class='ocrx_word' id='word_1_353' title='bbox 2292 2278 2361 2341; x_wconf 79' lang='grc'><strong>⁷⁸,</strong></span> <span class='ocrx_word' id='word_1_354' title='bbox 2394 2278 2594 2339; x_wconf 84' lang='grc' dir='ltr'><strong>δυῖκῶς</strong></span> <span class='ocrx_word' id='word_1_355' title='bbox 2624 2279 2719 2331; x_wconf 75' lang='grc' dir='ltr'>καὶ</span> <span class='ocrx_word' id='word_1_356' title='bbox 2760 2276 3017 2339; x_wconf 74' lang='grc' dir='ltr'>ἐναντίως</span> <span class='ocrx_word' id='word_1_357' title='bbox 3060 2276 3242 2330; x_wconf 89' lang='grc' dir='ltr'>πάντα</span> <span class='ocrx_word' id='word_1_358' title='bbox 3273 2275 3463 2345; x_wconf 73' lang='grc' dir='ltr'>ἔχοντα</span> <span class='ocrx_word' id='word_1_359' title='bbox 3493 2274 3721 2346; x_wconf 80' lang='grc' dir='ltr'>ὁρῶμεν</span> <span class='ocrx_word' id='word_1_360' title='bbox 3739 2316 3756 2340; x_wconf 93' lang='grc'><strong>,</strong></span> 
     </span>
    </p>
   </div>
   <div class='ocr_carea' id='block_1_51' title="bbox 2172 2365 3756 2443">
    <p class='ocr_par' dir='ltr' id='par_1_51' title="bbox 2172 2365 3756 2443">
     <span class='ocr_line' id='line_1_51' title="bbox 2172 2365 3756 2443; baseline -0.001 -20"><span class='ocrx_word' id='word_1_361' title='bbox 2172 2370 2267 2423; x_wconf 77' lang='grc' dir='ltr'>καὶ</span> <span class='ocrx_word' id='word_1_362' title='bbox 2286 2370 2363 2433; x_wconf 76' lang='grc' dir='ltr'>ὡς</span> <span class='ocrx_word' id='word_1_363' title='bbox 2388 2369 2583 2443; x_wconf 80' lang='grc' dir='ltr'>πρώτη</span> <span class='ocrx_word' id='word_1_364' title='bbox 2614 2371 2744 2437; x_wconf 78' lang='grc' dir='ltr'>νὺξ,</span> <span class='ocrx_word' id='word_1_365' title='bbox 2778 2365 2895 2423; x_wconf 77' lang='grc' dir='ltr'>εἷτα</span> <span class='ocrx_word' id='word_1_366' title='bbox 2924 2370 3125 2442; x_wconf 74' lang='grc' dir='ltr'>ἡμέρα,</span> <span class='ocrx_word' id='word_1_367' title='bbox 3158 2370 3250 2424; x_wconf 74' lang='grc' dir='ltr'>καὶ</span> <span class='ocrx_word' id='word_1_368' title='bbox 3286 2368 3497 2441; x_wconf 85' lang='grc' dir='ltr'>πρῶτον</span> <span class='ocrx_word' id='word_1_369' title='bbox 3537 2370 3756 2437; x_wconf 73' lang='grc' dir='ltr'>ἄγνοια,</span> 
     </span>
    </p>
   </div>
   <div class='ocr_carea' id='block_1_52' title="bbox 2171 2456 3758 2534">
    <p class='ocr_par' dir='ltr' id='par_1_52' title="bbox 2171 2456 3758 2534">
     <span class='ocr_line' id='line_1_52' title="bbox 2171 2456 3758 2534; baseline 0 -21"><span class='ocrx_word' id='word_1_370' title='bbox 2171 2456 2292 2515; x_wconf 82' lang='grc' dir='ltr'>εἷτα</span> <span class='ocrx_word' id='word_1_371' title='bbox 2316 2459 2535 2529; x_wconf 85' lang='grc' dir='ltr'>γνῶσις,</span> <span class='ocrx_word' id='word_1_372' title='bbox 2567 2462 2662 2516; x_wconf 79' lang='grc' dir='ltr'>καὶ</span> <span class='ocrx_word' id='word_1_373' title='bbox 2680 2463 2729 2495; x_wconf 71' lang='grc'><strong>⁷⁵</strong></span> <span class='ocrx_word' id='word_1_374' title='bbox 2756 2462 2972 2534; x_wconf 78' lang='grc' dir='ltr'>πρῶτον</span> <span class='ocrx_word' id='word_1_375' title='bbox 3003 2463 3157 2524; x_wconf 85' lang='grc' dir='ltr'>νόσος</span> <span class='ocrx_word' id='word_1_376' title='bbox 3178 2500 3193 2524; x_wconf 95' lang='grc'><strong>,</strong></span> <span class='ocrx_word' id='word_1_377' title='bbox 3228 2456 3346 2514; x_wconf 77' lang='grc' dir='ltr'>εἶτα</span> <span class='ocrx_word' id='word_1_378' title='bbox 3374 2461 3536 2523; x_wconf 75' lang='grc' dir='ltr'>ἴασις,</span> <span class='ocrx_word' id='word_1_379' title='bbox 3574 2460 3758 2525; x_wconf 73' lang='grc' dir='ltr'>οὕτως</span> 
     </span>
    </p>
   </div>
   <div class='ocr_carea' id='block_1_53' title="bbox 2170 2548 3760 2627">
    <p class='ocr_par' dir='ltr' id='par_1_53' title="bbox 2170 2548 3760 2627">
     <span class='ocr_line' id='line_1_53' title="bbox 2170 2548 3760 2627; baseline 0.002 -21"><span class='ocrx_word' id='word_1_380' title='bbox 2170 2554 2363 2626; x_wconf 79' lang='grc' dir='ltr'>πρῶτα</span> <span class='ocrx_word' id='word_1_381' title='bbox 2392 2553 2463 2607; x_wconf 75' lang='grc' dir='ltr'><strong>τά</strong></span> <span class='ocrx_word' id='word_1_382' title='bbox 2487 2555 2586 2627; x_wconf 87' lang='grc' dir='ltr'><strong>τῆς</strong></span> <span class='ocrx_word' id='word_1_383' title='bbox 2614 2555 2825 2626; x_wconf 79' lang='grc' dir='ltr'>πλάνης</span> <span class='ocrx_word' id='word_1_384' title='bbox 2848 2555 2926 2627; x_wconf 86' lang='grc' dir='ltr'>τῷ</span> <span class='ocrx_word' id='word_1_385' title='bbox 2952 2555 3054 2625; x_wconf 86' lang='grc' dir='ltr'><strong>βίῳ</strong></span> <span class='ocrx_word' id='word_1_386' title='bbox 3085 2553 3325 2624; x_wconf 71' lang='grc' dir='ltr'>ἔρχεται,</span> <span class='ocrx_word' id='word_1_387' title='bbox 3354 2548 3453 2605; x_wconf 78' lang='grc' dir='ltr'>εἶθ’</span> <span class='ocrx_word' id='word_1_388' title='bbox 3478 2552 3659 2616; x_wconf 77' lang='grc' dir='ltr'>οὕτως</span> <span class='ocrx_word' id='word_1_389' title='bbox 3694 2556 3760 2609; x_wconf 80' lang='grc' dir='ltr'>τὸ</span> 
     </span>
    </p>
   </div>
   <div class='ocr_carea' id='block_1_54' title="bbox 2169 2646 3760 2719">
    <p class='ocr_par' dir='ltr' id='par_1_54' title="bbox 2169 2646 3760 2719">
     <span class='ocr_line' id='line_1_54' title="bbox 2169 2646 3760 2719; baseline 0 -19"><span class='ocrx_word' id='word_1_390' title='bbox 2169 2646 2364 2718; x_wconf 81' lang='grc' dir='ltr'>ἀληθὲς</span> <span class='ocrx_word' id='word_1_391' title='bbox 2398 2646 2711 2718; x_wconf 67' lang='grc' dir='ltr'>ἐπέρχεταῇ</span> <span class='ocrx_word' id='word_1_392' title='bbox 2744 2647 2819 2711; x_wconf 79' lang='grc' dir='ltr'><strong>ὡς</strong></span> <span class='ocrx_word' id='word_1_393' title='bbox 2837 2651 2904 2719; x_wconf 71' lang='grc' dir='ltr'><strong>τῇ</strong></span> <span class='ocrx_word' id='word_1_394' title='bbox 2932 2648 3071 2716; x_wconf 83' lang='grc' dir='ltr'>νόσῳ</span> <span class='ocrx_word' id='word_1_395' title='bbox 3093 2648 3123 2700; x_wconf 82' lang='grc' dir='ltr'><strong>ὁ</strong></span> <span class='ocrx_word' id='word_1_396' title='bbox 3155 2647 3354 2717; x_wconf 81' lang='grc' dir='ltr'>ἰατρός.</span> <span class='ocrx_word' id='word_1_397' title='bbox 3382 2646 3592 2699; x_wconf 81' lang='grc' dir='ltr'>Αὐτίκα</span> <span class='ocrx_word' id='word_1_398' title='bbox 3619 2646 3760 2715; x_wconf 82' lang='grc' dir='ltr'>γοῦν</span> 
     </span>
    </p>
   </div>
   <div class='ocr_carea' id='block_1_55' title="bbox 2169 2737 3759 2809">
    <p class='ocr_par' dir='ltr' id='par_1_55' title="bbox 2169 2737 3759 2809">
     <span class='ocr_line' id='line_1_55' title="bbox 2169 2737 3759 2809; baseline 0.001 -19"><span class='ocrx_word' id='word_1_399' title='bbox 2169 2738 2263 2790; x_wconf 86' lang='grc' dir='ltr'><strong>τοῦ</strong></span> <span class='ocrx_word' id='word_1_400' title='bbox 2305 2737 2583 2807; x_wconf 79' lang='grc' dir='ltr'>θεοφιλοῦς</span> <span class='ocrx_word' id='word_1_401' title='bbox 2612 2738 2769 2809; x_wconf 82' lang='grc' dir='ltr'>ἡμῶν</span> <span class='ocrx_word' id='word_1_402' title='bbox 2810 2739 2995 2801; x_wconf 70' lang='grc' dir='ltr'>ἔθνους</span> <span class='ocrx_word' id='word_1_403' title='bbox 3032 2739 3142 2793; x_wconf 79' lang='grc' dir='ltr'>ἀπὸ</span> <span class='ocrx_word' id='word_1_404' title='bbox 3167 2739 3266 2809; x_wconf 83' lang='grc' dir='ltr'><strong>τῆς</strong></span> <span class='ocrx_word' id='word_1_405' title='bbox 3298 2737 3410 2789; x_wconf 80' lang='grc' dir='ltr'><strong>τῶν</strong></span> <span class='ocrx_word' id='word_1_406' title='bbox 3435 2739 3759 2805; x_wconf 72' lang='grc' dir='ltr'>Αἰγυπτίων</span> 
     </span>
    </p>
   </div>
   <div class='ocr_carea' id='block_1_56' title="bbox 2170 2829 3762 2902">
    <p class='ocr_par' dir='ltr' id='par_1_56' title="bbox 2170 2829 3762 2902">
     <span class='ocr_line' id='line_1_56' title="bbox 2170 2829 3762 2902; baseline 0.002 -19"><span class='ocrx_word' id='word_1_407' title='bbox 2170 2830 2465 2901; x_wconf 82' lang='grc' dir='ltr'>κακουχίας</span> <span class='ocrx_word' id='word_1_408' title='bbox 2515 2832 2796 2901; x_wconf 79' lang='grc' dir='ltr'>μέλλοντος</span> <span class='ocrx_word' id='word_1_409' title='bbox 2842 2831 3200 2902; x_wconf 82' lang='grc' dir='ltr'>λυτροῦσθαι,</span> <span class='ocrx_word' id='word_1_410' title='bbox 3255 2830 3467 2901; x_wconf 79' lang='grc' dir='ltr'>πρῶτον</span> <span class='ocrx_word' id='word_1_411' title='bbox 3508 2829 3602 2884; x_wconf 77' lang='grc' dir='ltr'>διὰ</span> <span class='ocrx_word' id='word_1_412' title='bbox 3651 2830 3762 2901; x_wconf 78' lang='grc' dir='ltr'><strong>τῆς</strong></span> 
     </span>
    </p>
   </div>
   <div class='ocr_carea' id='block_1_57' title="bbox 2169 2921 3762 2995">
    <p class='ocr_par' dir='ltr' id='par_1_57' title="bbox 2169 2921 3762 2995">
     <span class='ocr_line' id='line_1_57' title="bbox 2169 2921 3762 2995; baseline 0 -19"><span class='ocrx_word' id='word_1_413' title='bbox 2169 2923 2492 2995; x_wconf 85' lang='grc' dir='ltr'>ὀφιωθείσης</span> <span class='ocrx_word' id='word_1_414' title='bbox 2517 2924 2734 2995; x_wconf 77' lang='grc' dir='ltr'>ῥάϐδου,</span> <span class='ocrx_word' id='word_1_415' title='bbox 2765 2925 2888 2995; x_wconf 80' lang='grc' dir='ltr'>ἥτις</span> <span class='ocrx_word' id='word_1_416' title='bbox 2925 2923 3003 2994; x_wconf 83' lang='grc' dir='ltr'>τῷ</span> <span class='ocrx_word' id='word_1_417' title='bbox 3048 2922 3256 2994; x_wconf 64' lang='grc' dir='ltr'>Ἀαρὼν</span> <span class='ocrx_word' id='word_1_418' title='bbox 3293 2921 3469 2993; x_wconf 74' lang='grc' dir='ltr'>ἐδόθη,</span> <span class='ocrx_word' id='word_1_419' title='bbox 3507 2923 3565 2974; x_wconf 78' lang='grc' dir='ltr'><strong>αἰ</strong></span> <span class='ocrx_word' id='word_1_420' title='bbox 3603 2922 3762 2976; x_wconf 79' lang='grc' dir='ltr'>νόσοι</span> 
     </span>
    </p>
   </div>
   <div class='ocr_carea' id='block_1_58' title="bbox 2170 3011 3763 3087">
    <p class='ocr_par' dir='ltr' id='par_1_58' title="bbox 2170 3011 3763 3087">
     <span class='ocr_line' id='line_1_58' title="bbox 2170 3011 3763 3087; baseline -0.001 -20"><span class='ocrx_word' id='word_1_421' title='bbox 2170 3016 2428 3083; x_wconf 75' lang='grc' dir='ltr'>ἐγίνοντο,</span> <span class='ocrx_word' id='word_1_422' title='bbox 2458 3017 2553 3068; x_wconf 74' lang='grc' dir='ltr'>καὶ</span> <span class='ocrx_word' id='word_1_423' title='bbox 2582 3011 2680 3069; x_wconf 82' lang='grc' dir='ltr'>εἶθ’</span> <span class='ocrx_word' id='word_1_424' title='bbox 2711 3015 2885 3079; x_wconf 74' lang='grc' dir='ltr'>οὕτως</span> <span class='ocrx_word' id='word_1_425' title='bbox 2914 3016 3099 3087; x_wconf 75' lang='grc' dir='ltr'>εὐχαῖς</span> <span class='ocrx_word' id='word_1_426' title='bbox 3128 3014 3467 3077; x_wconf 83' lang='grc' dir='ltr'>Μωῡσέως⁷⁸</span> <span class='ocrx_word' id='word_1_427' title='bbox 3498 3014 3553 3065; x_wconf 84' lang='grc' dir='ltr'>αἱ</span> <span class='ocrx_word' id='word_1_428' title='bbox 3578 3014 3763 3076; x_wconf 84' lang='grc' dir='ltr'>ἰάσεις</span> 
     </span>
    </p>
   </div>
   <div class='ocr_carea' id='block_1_59' title="bbox 501 3088 2070 3177">
    <p class='ocr_par' dir='ltr' id='par_1_59' title="bbox 501 3088 2070 3169">
     <span class='ocr_line' id='line_1_59' title="bbox 501 3088 2070 3169; baseline -0.007 -15"><span class='ocrx_word' id='word_1_429' title='bbox 501 3108 691 3169; x_wconf 82' lang='lat' dir='ltr'><strong>postea</strong></span> <span class='ocrx_word' id='word_1_430' title='bbox 731 3097 984 3167; x_wconf 88' lang='lat' dir='ltr'><strong>precibus</strong></span> <span class='ocrx_word' id='word_1_431' title='bbox 1014 3094 1217 3164; x_wconf 80' lang='lat' dir='ltr'><strong>Moysis</strong></span> <span class='ocrx_word' id='word_1_432' title='bbox 1254 3093 1516 3147; x_wconf 80' lang='lat' dir='ltr'><strong>sanitates</strong></span> <span class='ocrx_word' id='word_1_433' title='bbox 1545 3100 1673 3146; x_wconf 90' lang='lat' dir='ltr'><strong>sunt</strong></span> <span class='ocrx_word' id='word_1_434' title='bbox 1704 3089 1960 3145; x_wconf 65' lang='lat' dir='ltr'><strong>inductre.</strong></span> <span class='ocrx_word' id='word_1_435' title='bbox 2004 3088 2070 3143; x_wconf 87' lang='lat' dir='ltr'><strong>Et</strong></span> 
     </span>
    </p>
   </div>
   <div class='ocr_carea' id='block_1_60' title="bbox 2176 3088 3763 3177">
    <p class='ocr_par' dir='ltr' id='par_1_60' title="bbox 2176 3105 3763 3177">
     <span class='ocr_line' id='line_1_60' title="bbox 2176 3105 3763 3177; baseline 0 -19"><span class='ocrx_word' id='word_1_436' title='bbox 2176 3105 2518 3177; x_wconf 64' lang='grc' dir='ltr'>ἐπεφέροντο.</span> <span class='ocrx_word' id='word_1_437' title='bbox 2550 3108 2661 3160; x_wconf 76' lang='grc' dir='ltr'><strong>Καὶ</strong></span> <span class='ocrx_word' id='word_1_438' title='bbox 2680 3106 2776 3161; x_wconf 91' lang='grc' dir='ltr'><strong>νῦν</strong></span> <span class='ocrx_word' id='word_1_439' title='bbox 2795 3107 2852 3159; x_wconf 85' lang='grc' dir='ltr'>δὲ</span> <span class='ocrx_word' id='word_1_440' title='bbox 2873 3107 2980 3159; x_wconf 83' lang='grc' dir='ltr'><strong>τῶν</strong></span> <span class='ocrx_word' id='word_1_441' title='bbox 3004 3106 3172 3159; x_wconf 82' lang='grc' dir='ltr'>ὲθνῶν</span> <span class='ocrx_word' id='word_1_442' title='bbox 3202 3105 3501 3177; x_wconf 80' lang='grc' dir='ltr'>μελλόντων</span> <span class='ocrx_word' id='word_1_443' title='bbox 3520 3105 3633 3158; x_wconf 78' lang='grc' dir='ltr'><strong>ἀπὸ</strong></span> <span class='ocrx_word' id='word_1_444' title='bbox 3654 3108 3763 3176; x_wconf 86' lang='grc' dir='ltr'><strong>τῆς</strong></span> 
     </span>
    </p>
   </div>
   <div class='ocr_carea' id='block_1_61' title="bbox 502 3179 2068 3257">
    <p class='ocr_par' dir='ltr' id='par_1_61' title="bbox 502 3179 2068 3257">
     <span class='ocr_line' id='line_1_61' title="bbox 502 3179 2068 3257; baseline -0.005 -14"><span class='ocrx_word' id='word_1_445' title='bbox 502 3205 651 3244; x_wconf 88' lang='lat' dir='ltr'><strong>nunc</strong></span> <span class='ocrx_word' id='word_1_446' title='bbox 677 3202 895 3257; x_wconf 84' lang='lat' dir='ltr'><strong>quoque</strong></span> <span class='ocrx_word' id='word_1_447' title='bbox 914 3228 929 3253; x_wconf 96' lang='lat'><strong>,</strong></span> <span class='ocrx_word' id='word_1_448' title='bbox 962 3202 1086 3241; x_wconf 91' lang='lat' dir='ltr'><strong>cum</strong></span> <span class='ocrx_word' id='word_1_449' title='bbox 1133 3194 1323 3255; x_wconf 88' lang='lat' dir='ltr'><strong>gentes</strong></span> <span class='ocrx_word' id='word_1_450' title='bbox 1350 3184 1418 3237; x_wconf 84' lang='lat' dir='ltr'><strong>ab</strong></span> <span class='ocrx_word' id='word_1_451' title='bbox 1452 3183 1723 3238; x_wconf 85' lang='lat' dir='ltr'><strong>idolorum</strong></span> <span class='ocrx_word' id='word_1_452' title='bbox 1754 3181 1903 3235; x_wconf 88' lang='lat' dir='ltr'><strong>cultu</strong></span> <span class='ocrx_word' id='word_1_453' title='bbox 1933 3179 2068 3235; x_wconf 86' lang='lat' dir='ltr'><strong>Iibe-</strong></span> 
     </span>
    </p>
   </div>
   <div class='ocr_carea' id='block_1_62' title="bbox 502 3274 2065 3347">
    <p class='ocr_par' dir='ltr' id='par_1_62' title="bbox 502 3274 2065 3347">
     <span class='ocr_line' id='line_1_62' title="bbox 502 3274 2065 3347; baseline -0.005 -12"><span class='ocrx_word' id='word_1_454' title='bbox 502 3281 613 3335; x_wconf 89' lang='lat' dir='ltr'><strong>rari</strong></span> <span class='ocrx_word' id='word_1_455' title='bbox 636 3280 911 3343; x_wconf 88' lang='lat' dir='ltr'><strong>deberent,</strong></span> <span class='ocrx_word' id='word_1_456' title='bbox 945 3278 1141 3331; x_wconf 89' lang='lat' dir='ltr'><strong>iterum</strong></span> <span class='ocrx_word' id='word_1_457' title='bbox 1166 3276 1397 3341; x_wconf 81' lang='lat' dir='ltr'><strong>malitia,</strong></span> <span class='ocrx_word' id='word_1_458' title='bbox 1427 3276 1587 3347; x_wconf 84' lang='lat' dir='ltr'><strong>quasi</strong></span> <span class='ocrx_word' id='word_1_459' title='bbox 1620 3275 1735 3344; x_wconf 86' lang='lat' dir='ltr'><strong>ipsa</strong></span> <span class='ocrx_word' id='word_1_460' title='bbox 1770 3274 2065 3343; x_wconf 85' lang='lat' dir='ltr'><strong>imperans,</strong></span> 
     </span>
    </p>
   </div>
   <div class='ocr_carea' id='block_1_63' title="bbox 501 3364 2071 3439">
    <p class='ocr_par' dir='ltr' id='par_1_63' title="bbox 501 3364 2071 3439">
     <span class='ocr_line' id='line_1_63' title="bbox 501 3364 2071 3439; baseline -0.003 -15"><span class='ocrx_word' id='word_1_461' title='bbox 501 3370 840 3439; x_wconf 87' lang='lat' dir='ltr'><strong>anticipavit,</strong></span> <span class='ocrx_word' id='word_1_462' title='bbox 885 3382 1159 3439; x_wconf 86' lang='lat' dir='ltr'><strong>suumque</strong></span> <span class='ocrx_word' id='word_1_463' title='bbox 1188 3369 1334 3422; x_wconf 81' lang='lat' dir='ltr'><strong>velut</strong></span> <span class='ocrx_word' id='word_1_464' title='bbox 1376 3377 1680 3436; x_wconf 88' lang='lat' dir='ltr'><strong>serpentem</strong></span> <span class='ocrx_word' id='word_1_465' title='bbox 1712 3365 1863 3419; x_wconf 85' lang='lat' dir='ltr'><strong>misit</strong></span> <span class='ocrx_word' id='word_1_466' title='bbox 1892 3366 1946 3419; x_wconf 89' lang='lat' dir='ltr'><strong>in</strong></span> <span class='ocrx_word' id='word_1_467' title='bbox 1974 3364 2071 3419; x_wconf 87' lang='lat' dir='ltr'><strong>ad—</strong></span> 
     </span>
    </p>
   </div>
   <div class='ocr_carea' id='block_1_64' title="bbox 497 3456 2068 3531">
    <p class='ocr_par' dir='ltr' id='par_1_64' title="bbox 497 3456 2068 3531">
     <span class='ocr_line' id='line_1_64' title="bbox 497 3456 2068 3531; baseline -0.004 -15"><span class='ocrx_word' id='word_1_468' title='bbox 497 3462 797 3531; x_wconf 71' lang='lat' dir='ltr'><strong>iutorium,</strong></span> <span class='ocrx_word' id='word_1_469' title='bbox 840 3461 1090 3515; x_wconf 89' lang='lat' dir='ltr'><strong>videlicet</strong></span> <span class='ocrx_word' id='word_1_470' title='bbox 1131 3475 1294 3530; x_wconf 84' lang='lat' dir='ltr'><strong>quem</strong></span> <span class='ocrx_word' id='word_1_471' title='bbox 1344 3458 1567 3514; x_wconf 89' lang='lat' dir='ltr'><strong>cernitis</strong></span> <span class='ocrx_word' id='word_1_472' title='bbox 1610 3457 1923 3523; x_wconf 88' lang='lat' dir='ltr'><strong>Simonem,</strong></span> <span class='ocrx_word' id='word_1_473' title='bbox 1970 3456 2068 3526; x_wconf 84' lang='lat' dir='ltr'><strong>qui</strong></span> 
     </span>
    </p>
   </div>
   <div class='ocr_carea' id='block_1_65' title="bbox 502 3552 2068 3623">
    <p class='ocr_par' dir='ltr' id='par_1_65' title="bbox 502 3552 2068 3623">
     <span class='ocr_line' id='line_1_65' title="bbox 502 3552 2068 3623; baseline -0.003 -16"><span class='ocrx_word' id='word_1_474' title='bbox 502 3553 643 3607; x_wconf 86' lang='lat' dir='ltr'><strong>mira</strong></span> <span class='ocrx_word' id='word_1_475' title='bbox 670 3553 802 3607; x_wconf 83' lang='lat' dir='ltr'><strong>facit</strong></span> <span class='ocrx_word' id='word_1_476' title='bbox 834 3553 899 3607; x_wconf 88' lang='lat' dir='ltr'><strong>ad</strong></span> <span class='ocrx_word' id='word_1_477' title='bbox 927 3561 1205 3623; x_wconf 85' lang='lat' dir='ltr'><strong>stuporem</strong></span> <span class='ocrx_word' id='word_1_478' title='bbox 1230 3566 1295 3605; x_wconf 86' lang='lat' dir='ltr'><strong>ac</strong></span> <span class='ocrx_word' id='word_1_479' title='bbox 1324 3552 1719 3620; x_wconf 87' lang='lat' dir='ltr'><strong>deceptionem,</strong></span> <span class='ocrx_word' id='word_1_480' title='bbox 1747 3565 1854 3604; x_wconf 89' lang='lat' dir='ltr'><strong>non</strong></span> <span class='ocrx_word' id='word_1_481' title='bbox 1887 3560 2068 3603; x_wconf 88' lang='lat' dir='ltr'><strong>tamen</strong></span> 
     </span>
    </p>
   </div>
   <div class='ocr_carea' id='block_1_66' title="bbox 502 3642 2067 3715">
    <p class='ocr_par' dir='ltr' id='par_1_66' title="bbox 502 3642 2067 3715">
     <span class='ocr_line' id='line_1_66' title="bbox 502 3642 2067 3715; baseline -0.004 -15"><span class='ocrx_word' id='word_1_482' title='bbox 502 3647 657 3715; x_wconf 85' lang='lat' dir='ltr'><strong>signa</strong></span> <span class='ocrx_word' id='word_1_483' title='bbox 697 3646 959 3699; x_wconf 86' lang='lat' dir='ltr'><strong>salutaria</strong></span> <span class='ocrx_word' id='word_1_484' title='bbox 988 3645 1056 3699; x_wconf 89' lang='lat' dir='ltr'><strong>ad</strong></span> <span class='ocrx_word' id='word_1_485' title='bbox 1083 3644 1496 3699; x_wconf 86' lang='lat' dir='ltr'><strong>conversionem</strong></span> <span class='ocrx_word' id='word_1_486' title='bbox 1524 3658 1588 3697; x_wconf 91' lang='lat' dir='ltr'><strong>ac</strong></span> <span class='ocrx_word' id='word_1_487' title='bbox 1632 3644 1885 3697; x_wconf 88' lang='lat' dir='ltr'><strong>salutem.</strong></span> <span class='ocrx_word' id='word_1_488' title='bbox 1916 3642 2067 3707; x_wconf 81' lang='lat' dir='ltr'><strong>Quo-</strong></span> 
     </span>
    </p>
   </div>
   <div class='ocr_carea' id='block_1_67' title="bbox 501 3730 2069 3806">
    <p class='ocr_par' dir='ltr' id='par_1_67' title="bbox 501 3730 2069 3806">
     <span class='ocr_line' id='line_1_67' title="bbox 501 3730 2069 3806; baseline -0.004 -15"><span class='ocrx_word' id='word_1_489' title='bbox 501 3738 650 3791; x_wconf 85' lang='lat' dir='ltr'><strong>circa</strong></span> <span class='ocrx_word' id='word_1_490' title='bbox 675 3752 773 3791; x_wconf 86' lang='lat' dir='ltr'><strong>vos</strong></span> <span class='ocrx_word' id='word_1_491' title='bbox 803 3744 1052 3806; x_wconf 90' lang='lat' dir='ltr'><strong>oportet,</strong></span> <span class='ocrx_word' id='word_1_492' title='bbox 1079 3752 1146 3790; x_wconf 80' lang='lat' dir='ltr'><strong>ex</strong></span> <span class='ocrx_word' id='word_1_493' title='bbox 1181 3735 1462 3789; x_wconf 81' lang='lat' dir='ltr'><strong>miraculis</strong></span> <span class='ocrx_word' id='word_1_494' title='bbox 1486 3750 1608 3804; x_wconf 62' lang='lat' dir='ltr'><strong>quae</strong></span> <span class='ocrx_word' id='word_1_495' title='bbox 1650 3733 1804 3797; x_wconf 85' lang='lat' dir='ltr'><strong>fiunt,</strong></span> <span class='ocrx_word' id='word_1_496' title='bbox 1832 3730 2069 3786; x_wconf 81' lang='lat' dir='ltr'><strong>factores</strong></span> 
     </span>
    </p>
   </div>
   <div class='ocr_carea' id='block_1_68' title="bbox 502 3824 2069 3898">
    <p class='ocr_par' dir='ltr' id='par_1_68' title="bbox 502 3824 2069 3898">
     <span class='ocr_line' id='line_1_68' title="bbox 502 3824 2069 3898; baseline -0.004 -15"><span class='ocrx_word' id='word_1_497' title='bbox 502 3835 807 3894; x_wconf 87' lang='lat' dir='ltr'><strong>attendere,</strong></span> <span class='ocrx_word' id='word_1_498' title='bbox 838 3829 964 3898; x_wconf 88' lang='lat' dir='ltr'><strong>quis</strong></span> <span class='ocrx_word' id='word_1_499' title='bbox 990 3828 1281 3897; x_wconf 74' lang='lat' dir='ltr'><strong>cuiusnam</strong></span> <span class='ocrx_word' id='word_1_500' title='bbox 1318 3828 1390 3881; x_wconf 92' lang='lat' dir='ltr'><strong>sit</strong></span> <span class='ocrx_word' id='word_1_501' title='bbox 1419 3826 1726 3896; x_wconf 90' lang='lat' dir='ltr'><strong>operarius.</strong></span> <span class='ocrx_word' id='word_1_502' title='bbox 1757 3825 1815 3878; x_wconf 86' lang='lat' dir='ltr'><strong>Si</strong></span> <span class='ocrx_word' id='word_1_503' title='bbox 1854 3824 2069 3878; x_wconf 87' lang='lat' dir='ltr'><strong>inutilia</strong></span> 
     </span>
    </p>
   </div>
   <div class='ocr_carea' id='block_1_69' title="bbox 502 3916 2067 3985">
    <p class='ocr_par' dir='ltr' id='par_1_69' title="bbox 502 3916 2067 3985">
     <span class='ocr_line' id='line_1_69' title="bbox 502 3916 2067 3985; baseline -0.003 -12"><span class='ocrx_word' id='word_1_504' title='bbox 502 3920 763 3974; x_wconf 89' lang='lat' dir='ltr'><strong>miracula</strong></span> <span class='ocrx_word' id='word_1_505' title='bbox 793 3918 928 3983; x_wconf 91' lang='lat' dir='ltr'><strong>edit,</strong></span> <span class='ocrx_word' id='word_1_506' title='bbox 961 3920 1180 3973; x_wconf 75' lang='lat' dir='ltr'><strong>malitia:</strong></span> <span class='ocrx_word' id='word_1_507' title='bbox 1213 3926 1299 3973; x_wconf 91' lang='lat' dir='ltr'><strong>est</strong></span> <span class='ocrx_word' id='word_1_508' title='bbox 1322 3918 1597 3985; x_wconf 86' lang='lat' dir='ltr'><strong>minister;</strong></span> <span class='ocrx_word' id='word_1_509' title='bbox 1630 3916 1715 3972; x_wconf 90' lang='lat' dir='ltr'><strong>sin</strong></span> <span class='ocrx_word' id='word_1_510' title='bbox 1738 3932 1866 3971; x_wconf 93' lang='lat' dir='ltr'><strong>vero</strong></span> <span class='ocrx_word' id='word_1_511' title='bbox 1893 3916 2067 3981; x_wconf 88' lang='lat' dir='ltr'><strong>utilia,</strong></span> 
     </span>
    </p>
   </div>
   <div class='ocr_carea' id='block_1_70' title="bbox 500 4015 984 4082">
    <p class='ocr_par' dir='ltr' id='par_1_70' title="bbox 500 4015 984 4082">
     <span class='ocr_line' id='line_1_70' title="bbox 500 4015 984 4082; baseline -0.004 -12"><span class='ocrx_word' id='word_1_512' title='bbox 500 4015 631 4070; x_wconf 85' lang='lat' dir='ltr'><strong>boni</strong></span> <span class='ocrx_word' id='word_1_513' title='bbox 653 4022 736 4068; x_wconf 88' lang='lat' dir='ltr'><strong>est</strong></span> <span class='ocrx_word' id='word_1_514' title='bbox 762 4028 984 4082; x_wconf 60' lang='lat' dir='ltr'><strong>prieses.</strong></span> 
     </span>
    </p>
   </div>
   <div class='ocr_carea' id='block_1_71' title="bbox 570 4123 2073 4194">
    <p class='ocr_par' dir='ltr' id='par_1_71' title="bbox 570 4123 2073 4194">
     <span class='ocr_line' id='line_1_71' title="bbox 570 4123 2073 4194; baseline -0.001 -16"><span class='ocrx_word' id='word_1_515' title='bbox 570 4124 811 4179; x_wconf 83' lang='lat' dir='ltr'><strong>XXXIV.</strong></span> <span class='ocrx_word' id='word_1_516' title='bbox 848 4124 1020 4180; x_wconf 87' lang='lat' dir='ltr'><strong>Porro</strong></span> <span class='ocrx_word' id='word_1_517' title='bbox 1048 4123 1265 4180; x_wconf 89' lang='lat' dir='ltr'><strong>inutilia</strong></span> <span class='ocrx_word' id='word_1_518' title='bbox 1301 4124 1563 4179; x_wconf 86' lang='lat' dir='ltr'><strong>miracula</strong></span> <span class='ocrx_word' id='word_1_519' title='bbox 1603 4132 1770 4191; x_wconf 91' lang='lat' dir='ltr'><strong>sunt,</strong></span> <span class='ocrx_word' id='word_1_520' title='bbox 1813 4138 1936 4194; x_wconf 79' lang='lat' dir='ltr'><strong>qua:</strong></span> <span class='ocrx_word' id='word_1_521' title='bbox 1964 4123 2073 4178; x_wconf 86' lang='lat' dir='ltr'><strong>edi—</strong></span> 
     </span>
    </p>
   </div>
   <div class='ocr_carea' id='block_1_72' title="bbox 499 4216 2073 4287">
    <p class='ocr_par' dir='ltr' id='par_1_72' title="bbox 499 4216 2073 4287">
     <span class='ocr_line' id='line_1_72' title="bbox 499 4216 2073 4287; baseline -0.003 -12"><span class='ocrx_word' id='word_1_522' title='bbox 499 4220 653 4275; x_wconf 88' lang='lat' dir='ltr'><strong>disse</strong></span> <span class='ocrx_word' id='word_1_523' title='bbox 677 4218 961 4274; x_wconf 87' lang='lat' dir='ltr'><strong>Simonem</strong></span> <span class='ocrx_word' id='word_1_524' title='bbox 990 4218 1231 4281; x_wconf 79' lang='lat' dir='ltr'><strong>dixistis,</strong></span> <span class='ocrx_word' id='word_1_525' title='bbox 1270 4217 1439 4286; x_wconf 90' lang='lat' dir='ltr'><strong>quod,</strong></span> <span class='ocrx_word' id='word_1_526' title='bbox 1464 4217 1684 4287; x_wconf 88' lang='lat' dir='ltr'><strong>inquam</strong></span> <span class='ocrx_word' id='word_1_527' title='bbox 1703 4257 1717 4282; x_wconf 93' lang='lat'><strong>,</strong></span> <span class='ocrx_word' id='word_1_528' title='bbox 1744 4224 1955 4271; x_wconf 87' lang='lat' dir='ltr'><strong>statuas</strong></span> <span class='ocrx_word' id='word_1_529' title='bbox 1994 4216 2073 4271; x_wconf 86' lang='lat' dir='ltr'><strong>l&#39;a-</strong></span> 
     </span>
    </p>
   </div>
   <div class='ocr_carea' id='block_1_73' title="bbox 501 4310 2074 4384">
    <p class='ocr_par' dir='ltr' id='par_1_73' title="bbox 501 4310 2074 4384">
     <span class='ocr_line' id='line_1_73' title="bbox 501 4310 2074 4384; baseline -0.004 -13"><span class='ocrx_word' id='word_1_530' title='bbox 501 4318 613 4371; x_wconf 86' lang='lat' dir='ltr'><strong>ciat</strong></span> <span class='ocrx_word' id='word_1_531' title='bbox 640 4316 944 4382; x_wconf 80' lang='lat' dir='ltr'><strong>ambulare,</strong></span> <span class='ocrx_word' id='word_1_532' title='bbox 972 4313 1119 4384; x_wconf 85' lang='lat' dir='ltr'><strong>quod</strong></span> <span class='ocrx_word' id='word_1_533' title='bbox 1150 4329 1315 4383; x_wconf 90' lang='lat' dir='ltr'><strong>supra</strong></span> <span class='ocrx_word' id='word_1_534' title='bbox 1343 4313 1614 4368; x_wconf 87' lang='lat' dir='ltr'><strong>carbones</strong></span> <span class='ocrx_word' id='word_1_535' title='bbox 1642 4311 1839 4381; x_wconf 86' lang='lat' dir='ltr'><strong>ignitos</strong></span> <span class='ocrx_word' id='word_1_536' title='bbox 1867 4310 2074 4365; x_wconf 89' lang='lat' dir='ltr'><strong>volutet</strong></span> 
     </span>
    </p>
   </div>
   <div class='ocr_carea' id='block_1_74' title="bbox 2172 3198 3761 3272">
    <p class='ocr_par' dir='ltr' id='par_1_74' title="bbox 2172 3198 3761 3272">
     <span class='ocr_line' id='line_1_74' title="bbox 2172 3198 3761 3272; baseline 0.001 -21"><span class='ocrx_word' id='word_1_537' title='bbox 2172 3199 2367 3252; x_wconf 72' lang='grc' dir='ltr'>κατάη</span> <span class='ocrx_word' id='word_1_538' title='bbox 2389 3199 2459 3253; x_wconf 87' lang='grc' dir='ltr'><strong>τά</strong></span> <span class='ocrx_word' id='word_1_539' title='bbox 2489 3200 2681 3253; x_wconf 75' lang='grc' dir='ltr'>εἴδωλα</span> <span class='ocrx_word' id='word_1_540' title='bbox 2706 3199 3030 3272; x_wconf 80' lang='grc' dir='ltr'>λυτροῦσθαι</span> <span class='ocrx_word' id='word_1_541' title='bbox 3050 3198 3364 3270; x_wconf 78' lang='grc' dir='ltr'>θρησκείας.</span> <span class='ocrx_word' id='word_1_542' title='bbox 3388 3200 3421 3268; x_wconf 83' lang='grc' dir='ltr'>ἠ</span> <span class='ocrx_word' id='word_1_543' title='bbox 3448 3198 3619 3251; x_wconf 83' lang='grc' dir='ltr'>κακία</span> <span class='ocrx_word' id='word_1_544' title='bbox 3641 3200 3761 3252; x_wconf 85' lang='grc' dir='ltr'>πά-</span> 
     </span>
    </p>
   </div>
   <div class='ocr_carea' id='block_1_75' title="bbox 2170 3289 3764 3363">
    <p class='ocr_par' dir='ltr' id='par_1_75' title="bbox 2170 3289 3764 3363">
     <span class='ocr_line' id='line_1_75' title="bbox 2170 3289 3764 3363; baseline 0.002 -21"><span class='ocrx_word' id='word_1_545' title='bbox 2170 3290 2273 3355; x_wconf 85' lang='grc' dir='ltr'>λιν,</span> <span class='ocrx_word' id='word_1_546' title='bbox 2324 3290 2404 3354; x_wconf 83' lang='grc' dir='ltr'>ὼς</span> <span class='ocrx_word' id='word_1_547' title='bbox 2454 3291 2592 3361; x_wconf 80' lang='grc' dir='ltr'>αὑτὴ</span> <span class='ocrx_word' id='word_1_548' title='bbox 2639 3289 3025 3361; x_wconf 78' lang='grc' dir='ltr'>βασιλεύουσα,</span> <span class='ocrx_word' id='word_1_549' title='bbox 3075 3289 3421 3363; x_wconf 77' lang='grc' dir='ltr'>προλαϐοῦσα</span> <span class='ocrx_word' id='word_1_550' title='bbox 3441 3291 3487 3322; x_wconf 78' lang='grc'>’⁷</span> <span class='ocrx_word' id='word_1_551' title='bbox 3534 3291 3764 3362; x_wconf 84' lang='grc' dir='ltr'>πρῶτον</span> 
     </span>
    </p>
   </div>
   <div class='ocr_carea' id='block_1_76' title="bbox 2169 3382 3762 3456">
    <p class='ocr_par' dir='ltr' id='par_1_76' title="bbox 2169 3382 3762 3456">
     <span class='ocr_line' id='line_1_76' title="bbox 2169 3382 3762 3456; baseline 0.003 -21"><span class='ocrx_word' id='word_1_552' title='bbox 2169 3383 2261 3435; x_wconf 77' lang='grc' dir='ltr'>τὸν</span> <span class='ocrx_word' id='word_1_553' title='bbox 2297 3382 2496 3453; x_wconf 67' lang='grc' dir='ltr'>ἑαυτῆς</span> <span class='ocrx_word' id='word_1_554' title='bbox 2523 3382 2711 3454; x_wconf 81' lang='grc' dir='ltr'>ὥσπερ</span> <span class='ocrx_word' id='word_1_555' title='bbox 2753 3382 2874 3453; x_wconf 79' lang='grc' dir='ltr'>ὅφιν</span> <span class='ocrx_word' id='word_1_556' title='bbox 2918 3383 3130 3453; x_wconf 72' lang='grc' dir='ltr'>ἔπεμψε</span> <span class='ocrx_word' id='word_1_557' title='bbox 3162 3384 3466 3454; x_wconf 83' lang='grc' dir='ltr'>σύμμαχον,</span> <span class='ocrx_word' id='word_1_558' title='bbox 3490 3384 3551 3437; x_wconf 83' lang='grc' dir='ltr'>ὃν</span> <span class='ocrx_word' id='word_1_559' title='bbox 3585 3387 3762 3456; x_wconf 74' lang='grc' dir='ltr'>ὁρᾶτε</span> 
     </span>
    </p>
   </div>
   <div class='ocr_carea' id='block_1_77' title="bbox 2171 3475 3763 3547">
    <p class='ocr_par' dir='ltr' id='par_1_77' title="bbox 2171 3475 3763 3547">
     <span class='ocr_line' id='line_1_77' title="bbox 2171 3475 3763 3547; baseline 0.001 -20"><span class='ocrx_word' id='word_1_560' title='bbox 2171 3475 2407 3545; x_wconf 84' lang='grc' dir='ltr'>Σίμωνα,</span> <span class='ocrx_word' id='word_1_561' title='bbox 2431 3475 2684 3529; x_wconf 89' lang='grc' dir='ltr'>ποιοῦντα</span> <span class='ocrx_word' id='word_1_562' title='bbox 2704 3475 2979 3547; x_wconf 84' lang='grc' dir='ltr'>θαυμάσια</span> <span class='ocrx_word' id='word_1_563' title='bbox 3002 3475 3137 3546; x_wconf 79' lang='grc' dir='ltr'>πρὸς</span> <span class='ocrx_word' id='word_1_564' title='bbox 3158 3476 3493 3547; x_wconf 78' lang='grc' dir='ltr'>κατάπληξιν</span> <span class='ocrx_word' id='word_1_565' title='bbox 3514 3476 3763 3547; x_wconf 63' lang='lat' dir='ltr'><strong>atan</strong></span> 
     </span>
    </p>
   </div>
   <div class='ocr_carea' id='block_1_78' title="bbox 2168 3566 3759 3640">
    <p class='ocr_par' dir='ltr' id='par_1_78' title="bbox 2168 3566 3759 3640">
     <span class='ocr_line' id='line_1_78' title="bbox 2168 3566 3759 3640; baseline -0.001 -21"><span class='ocrx_word' id='word_1_566' title='bbox 2168 3566 2407 3638; x_wconf 86' lang='grc' dir='ltr'>ἀπάτην,</span> <span class='ocrx_word' id='word_1_567' title='bbox 2436 3567 2496 3619; x_wconf 80' lang='grc' dir='ltr'>οὐ</span> <span class='ocrx_word' id='word_1_568' title='bbox 2517 3569 2713 3637; x_wconf 83' lang='grc' dir='ltr'>σημεῖα</span> <span class='ocrx_word' id='word_1_569' title='bbox 2739 3566 2921 3621; x_wconf 84' lang='grc' dir='ltr'>ἰατικά</span> <span class='ocrx_word' id='word_1_570' title='bbox 2942 3566 3076 3640; x_wconf 84' lang='grc' dir='ltr'>πρὸς</span> <span class='ocrx_word' id='word_1_571' title='bbox 3098 3568 3430 3638; x_wconf 69' lang='grc' dir='ltr'>ἑπιπροφὴν</span> <span class='ocrx_word' id='word_1_572' title='bbox 3452 3567 3549 3619; x_wconf 77' lang='grc' dir='ltr'>καὶ</span> <span class='ocrx_word' id='word_1_573' title='bbox 3572 3583 3759 3639; x_wconf 80' lang='grc' dir='ltr'>σωτη-</span> 
     </span>
    </p>
   </div>
   <div class='ocr_carea' id='block_1_79' title="bbox 2173 3656 3762 3730">
    <p class='ocr_par' dir='ltr' id='par_1_79' title="bbox 2173 3656 3762 3730">
     <span class='ocr_line' id='line_1_79' title="bbox 2173 3656 3762 3730; baseline 0.001 -21"><span class='ocrx_word' id='word_1_574' title='bbox 2173 3658 2312 3728; x_wconf 84' lang='grc' dir='ltr'>ρίαν.</span> <span class='ocrx_word' id='word_1_575' title='bbox 2348 3658 2441 3711; x_wconf 85' lang='grc' dir='ltr'><strong>Διὸ</strong></span> <span class='ocrx_word' id='word_1_576' title='bbox 2468 3659 2564 3712; x_wconf 74' lang='grc' dir='ltr'>καὶ</span> <span class='ocrx_word' id='word_1_577' title='bbox 2589 3660 2732 3730; x_wconf 82' lang='grc' dir='ltr'>ὑμᾶς</span> <span class='ocrx_word' id='word_1_578' title='bbox 2754 3658 2862 3712; x_wconf 78' lang='grc' dir='ltr'>ἀπὸ</span> <span class='ocrx_word' id='word_1_579' title='bbox 2890 3659 2996 3712; x_wconf 86' lang='grc' dir='ltr'><strong>τῶν</strong></span> <span class='ocrx_word' id='word_1_580' title='bbox 3022 3659 3323 3729; x_wconf 76' lang='grc' dir='ltr'>γινομένων</span> <span class='ocrx_word' id='word_1_581' title='bbox 3347 3656 3598 3729; x_wconf 80' lang='grc' dir='ltr'>τεράτων</span> <span class='ocrx_word' id='word_1_582' title='bbox 3623 3661 3762 3722; x_wconf 81' lang='grc' dir='ltr'>τοὺς</span> 
     </span>
    </p>
   </div>
   <div class='ocr_carea' id='block_1_80' title="bbox 2172 3731 3761 3822">
    <p class='ocr_par' dir='ltr' id='par_1_80' title="bbox 2172 3731 3761 3822">
     <span class='ocr_line' id='line_1_80' title="bbox 2172 3731 3761 3822; baseline 0.001 -20"><span class='ocrx_word' id='word_1_583' title='bbox 2172 3731 2455 3814; x_wconf 58' lang='grc' dir='ltr'>ποιοῦντιξ</span> <span class='ocrx_word' id='word_1_584' title='bbox 2494 3753 2632 3804; x_wconf 86' lang='grc' dir='ltr'>νοεῖν</span> <span class='ocrx_word' id='word_1_585' title='bbox 2674 3751 2780 3816; x_wconf 88' lang='grc' dir='ltr'>δεῖ,</span> <span class='ocrx_word' id='word_1_586' title='bbox 2834 3752 2919 3815; x_wconf 84' lang='grc' dir='ltr'><strong>τίς</strong></span> <span class='ocrx_word' id='word_1_587' title='bbox 2957 3752 3102 3815; x_wconf 89' lang='grc' dir='ltr'>τίνος</span> <span class='ocrx_word' id='word_1_588' title='bbox 3142 3746 3287 3804; x_wconf 70' lang='grc' dir='ltr'>ὲστῖν</span> <span class='ocrx_word' id='word_1_589' title='bbox 3323 3750 3582 3822; x_wconf 78' lang='grc' dir='ltr'>ἐργάτης.</span> <span class='ocrx_word' id='word_1_590' title='bbox 3625 3751 3761 3804; x_wconf 76' lang='grc' dir='ltr'>Ἐάν</span> 
     </span>
    </p>
   </div>
   <div class='ocr_carea' id='block_1_81' title="bbox 2170 3841 3760 3913">
    <p class='ocr_par' dir='ltr' id='par_1_81' title="bbox 2170 3841 3760 3913">
     <span class='ocr_line' id='line_1_81' title="bbox 2170 3841 3760 3913; baseline 0.001 -20"><span class='ocrx_word' id='word_1_591' title='bbox 2170 3841 2418 3913; x_wconf 78' lang='grc' dir='ltr'>ἀνωφελῆ</span> <span class='ocrx_word' id='word_1_592' title='bbox 2467 3846 2595 3913; x_wconf 84' lang='grc' dir='ltr'>ποιῇ</span> <span class='ocrx_word' id='word_1_593' title='bbox 2639 3842 2873 3913; x_wconf 82' lang='grc' dir='ltr'>τέρατα,</span> <span class='ocrx_word' id='word_1_594' title='bbox 2904 3844 3105 3904; x_wconf 88' lang='grc' dir='ltr'>κακίας</span> <span class='ocrx_word' id='word_1_595' title='bbox 3140 3843 3287 3895; x_wconf 75' lang='grc' dir='ltr'>ἐστὶν</span> <span class='ocrx_word' id='word_1_596' title='bbox 3320 3841 3613 3913; x_wconf 79' lang='grc' dir='ltr'>ὑπουργός·</span> <span class='ocrx_word' id='word_1_597' title='bbox 3658 3842 3760 3895; x_wconf 79' lang='grc' dir='ltr'><strong>ὲάν</strong></span> 
     </span>
    </p>
   </div>
   <div class='ocr_carea' id='block_1_82' title="bbox 2173 3926 3566 4008">
    <p class='ocr_par' dir='ltr' id='par_1_82' title="bbox 2173 3926 3566 4008">
     <span class='ocr_line' id='line_1_82' title="bbox 2173 3926 3566 4008; baseline 0.001 -24"><span class='ocrx_word' id='word_1_598' title='bbox 2173 3926 2226 3984; x_wconf 72' lang='grc' dir='ltr'>δὲ</span> <span class='ocrx_word' id='word_1_599' title='bbox 2251 3934 2509 4005; x_wconf 83' lang='grc' dir='ltr'>ὲπωφελῆ</span> <span class='ocrx_word' id='word_1_600' title='bbox 2534 3934 2771 4008; x_wconf 82' lang='grc' dir='ltr'>πράττῃ,</span> <span class='ocrx_word' id='word_1_601' title='bbox 2796 3933 2891 3987; x_wconf 87' lang='grc' dir='ltr'><strong>τοῦ</strong></span> <span class='ocrx_word' id='word_1_602' title='bbox 2924 3932 3129 4003; x_wconf 86' lang='grc' dir='ltr'>ἀγαθοῦ</span> <span class='ocrx_word' id='word_1_603' title='bbox 3163 3927 3308 3987; x_wconf 66' lang='grc' dir='ltr'>ἐστίν</span> <span class='ocrx_word' id='word_1_604' title='bbox 3325 3932 3566 4005; x_wconf 78' lang='grc' dir='ltr'>ἡγεμών.</span> 
     </span>
    </p>
   </div>
   <div class='ocr_carea' id='block_1_83' title="bbox 2232 4125 3763 4205">
    <p class='ocr_par' dir='ltr' id='par_1_83' title="bbox 2232 4125 3763 4205">
     <span class='ocr_line' id='line_1_83' title="bbox 2232 4125 3763 4205; baseline 0 -18"><span class='ocrx_word' id='word_1_605' title='bbox 2232 4133 2483 4188; x_wconf 59' lang='lat' dir='ltr'><strong>XXXIV.</strong></span> <span class='ocrx_word' id='word_1_606' title='bbox 2525 4134 2605 4188; x_wconf 89' lang='grc' dir='ltr'><strong>Τά</strong></span> <span class='ocrx_word' id='word_1_607' title='bbox 2643 4134 2740 4205; x_wconf 81' lang='grc' dir='ltr'>μὲν</span> <span class='ocrx_word' id='word_1_608' title='bbox 2783 4130 2878 4187; x_wconf 81' lang='grc' dir='ltr'><strong>οῦν</strong></span> <span class='ocrx_word' id='word_1_609' title='bbox 2924 4133 3171 4203; x_wconf 84' lang='grc' dir='ltr'>ἀνωφελῆ</span> <span class='ocrx_word' id='word_1_610' title='bbox 3211 4125 3327 4186; x_wconf 66' lang='lat' dir='ltr'><strong>toti</strong></span> <span class='ocrx_word' id='word_1_611' title='bbox 3361 4135 3566 4204; x_wconf 86' lang='grc' dir='ltr'>σημεῖα</span> <span class='ocrx_word' id='word_1_612' title='bbox 3590 4172 3605 4196; x_wconf 93' lang='grc'><strong>,</strong></span> <span class='ocrx_word' id='word_1_613' title='bbox 3656 4135 3763 4187; x_wconf 81' lang='grc' dir='ltr'>ὅσα</span> 
     </span>
    </p>
   </div>
   <div class='ocr_carea' id='block_1_84' title="bbox 2172 4219 3763 4297">
    <p class='ocr_par' dir='ltr' id='par_1_84' title="bbox 2172 4219 3763 4297">
     <span class='ocr_line' id='line_1_84' title="bbox 2172 4219 3763 4297; baseline -0.001 -18"><span class='ocrx_word' id='word_1_614' title='bbox 2172 4219 2326 4279; x_wconf 77' lang='grc' dir='ltr'>αὗτοὶ</span> <span class='ocrx_word' id='word_1_615' title='bbox 2360 4227 2577 4297; x_wconf 86' lang='grc' dir='ltr'>Σίμωνα</span> <span class='ocrx_word' id='word_1_616' title='bbox 2610 4227 2874 4297; x_wconf 79' lang='grc' dir='ltr'>εἰρήκατε</span> <span class='ocrx_word' id='word_1_617' title='bbox 2906 4224 3286 4295; x_wconf 84' lang='grc' dir='ltr'>πεποιηκέναι·</span> <span class='ocrx_word' id='word_1_618' title='bbox 3308 4224 3452 4291; x_wconf 84' lang='grc' dir='ltr'>λέγω</span> <span class='ocrx_word' id='word_1_619' title='bbox 3479 4224 3533 4277; x_wconf 78' lang='grc' dir='ltr'>δὲ</span> <span class='ocrx_word' id='word_1_620' title='bbox 3566 4226 3629 4278; x_wconf 82' lang='grc' dir='ltr'>τὸ</span> <span class='ocrx_word' id='word_1_621' title='bbox 3665 4228 3763 4278; x_wconf 81' lang='grc' dir='ltr'>άν-</span> 
     </span>
    </p>
   </div>
   <div class='ocr_carea' id='block_1_85' title="bbox 2171 4314 3762 4390">
    <p class='ocr_par' dir='ltr' id='par_1_85' title="bbox 2171 4314 3762 4390">
     <span class='ocr_line' id='line_1_85' title="bbox 2171 4314 3762 4390; baseline -0.001 -18"><span class='ocrx_word' id='word_1_622' title='bbox 2171 4318 2426 4390; x_wconf 83' lang='grc' dir='ltr'>δριάντας</span> <span class='ocrx_word' id='word_1_623' title='bbox 2447 4319 2607 4372; x_wconf 81' lang='grc' dir='ltr'>αὑτὸν</span> <span class='ocrx_word' id='word_1_624' title='bbox 2641 4320 2812 4371; x_wconf 88' lang='grc' dir='ltr'>ποιεῖν</span> <span class='ocrx_word' id='word_1_625' title='bbox 2847 4318 3187 4387; x_wconf 88' lang='grc' dir='ltr'>περιπατεῖν,</span> <span class='ocrx_word' id='word_1_626' title='bbox 3214 4314 3308 4368; x_wconf 85' lang='grc' dir='ltr'>καὶ</span> <span class='ocrx_word' id='word_1_627' title='bbox 3340 4316 3400 4368; x_wconf 83' lang='grc' dir='ltr'>τὸ</span> <span class='ocrx_word' id='word_1_628' title='bbox 3429 4317 3515 4367; x_wconf 86' lang='grc' dir='ltr'><strong>ὲπ⁹</strong></span> <span class='ocrx_word' id='word_1_629' title='bbox 3546 4316 3762 4384; x_wconf 74' lang='grc' dir='ltr'>ἀνθράο</span> 
     </span>
    </p>
   </div>
   <div class='ocr_carea' id='block_1_86' title="bbox 501 4402 2070 4495">
    <p class='ocr_par' dir='ltr' id='par_1_86' title="bbox 501 4402 2070 4476">
     <span class='ocr_line' id='line_1_86' title="bbox 501 4402 2070 4476; baseline -0.004 -15"><span class='ocrx_word' id='word_1_630' title='bbox 501 4422 582 4471; x_wconf 90' lang='lat' dir='ltr'><strong>se,</strong></span> <span class='ocrx_word' id='word_1_631' title='bbox 606 4407 751 4476; x_wconf 89' lang='lat' dir='ltr'><strong>quod</strong></span> <span class='ocrx_word' id='word_1_632' title='bbox 771 4407 939 4461; x_wconf 88' lang='lat' dir='ltr'><strong>draco</strong></span> <span class='ocrx_word' id='word_1_633' title='bbox 965 4404 1078 4470; x_wconf 83' lang='lat' dir='ltr'><strong>fiat,</strong></span> <span class='ocrx_word' id='word_1_634' title='bbox 1100 4404 1155 4458; x_wconf 92' lang='lat' dir='ltr'><strong>in</strong></span> <span class='ocrx_word' id='word_1_635' title='bbox 1181 4419 1400 4474; x_wconf 88' lang='lat' dir='ltr'><strong>capram</strong></span> <span class='ocrx_word' id='word_1_636' title='bbox 1427 4402 1873 4470; x_wconf 89' lang='lat' dir='ltr'><strong>transformetur,</strong></span> <span class='ocrx_word' id='word_1_637' title='bbox 1897 4402 2070 4471; x_wconf 87' lang='lat' dir='ltr'><strong>quod-</strong></span> 
     </span>
    </p>
   </div>
   <div class='ocr_carea' id='block_1_87' title="bbox 2176 4402 3766 4495">
    <p class='ocr_par' dir='ltr' id='par_1_87' title="bbox 2176 4403 3766 4481">
     <span class='ocr_line' id='line_1_87' title="bbox 2176 4403 3766 4481; baseline 0 -18"><span class='ocrx_word' id='word_1_638' title='bbox 2176 4428 2285 4464; x_wconf 88' lang='grc' dir='ltr'><strong>κων</strong></span> <span class='ocrx_word' id='word_1_639' title='bbox 2311 4409 2469 4463; x_wconf 78' lang='grc' dir='ltr'>αὑτὸν</span> <span class='ocrx_word' id='word_1_640' title='bbox 2503 4408 2911 4481; x_wconf 78' lang='grc' dir='ltr'>πεπυρωμένων</span> <span class='ocrx_word' id='word_1_641' title='bbox 2932 4403 2985 4440; x_wconf 72' lang='grc'><strong>⁷⁸</strong></span> <span class='ocrx_word' id='word_1_642' title='bbox 3012 4404 3308 4471; x_wconf 81' lang='grc' dir='ltr'>κυλίεσθαι,</span> <span class='ocrx_word' id='word_1_643' title='bbox 3343 4409 3435 4461; x_wconf 75' lang='grc' dir='ltr'>καὶ</span> <span class='ocrx_word' id='word_1_644' title='bbox 3480 4406 3766 4480; x_wconf 79' lang='grc' dir='ltr'>δράκοντα</span> 
     </span>
    </p>
   </div>
   <div class='ocr_carea' id='block_1_88' title="bbox 500 4496 2064 4565">
    <p class='ocr_par' dir='ltr' id='par_1_88' title="bbox 500 4496 2064 4565">
     <span class='ocr_line' id='line_1_88' title="bbox 500 4496 2064 4565; baseline 0 -14"><span class='ocrx_word' id='word_1_645' title='bbox 500 4514 607 4563; x_wconf 85' lang='lat' dir='ltr'><strong>que</strong></span> <span class='ocrx_word' id='word_1_646' title='bbox 638 4497 692 4551; x_wconf 89' lang='lat' dir='ltr'><strong>in</strong></span> <span class='ocrx_word' id='word_1_647' title='bbox 730 4512 856 4551; x_wconf 89' lang='lat' dir='ltr'><strong>aere</strong></span> <span class='ocrx_word' id='word_1_648' title='bbox 882 4496 1047 4560; x_wconf 82' lang='lat' dir='ltr'><strong>volet,</strong></span> <span class='ocrx_word' id='word_1_649' title='bbox 1074 4510 1139 4550; x_wconf 89' lang='lat' dir='ltr'><strong>ac</strong></span> <span class='ocrx_word' id='word_1_650' title='bbox 1175 4496 1377 4550; x_wconf 87' lang='lat' dir='ltr'><strong>similia</strong></span> <span class='ocrx_word' id='word_1_651' title='bbox 1415 4496 1541 4560; x_wconf 88' lang='lat' dir='ltr'><strong>alia,</strong></span> <span class='ocrx_word' id='word_1_652' title='bbox 1573 4511 1694 4565; x_wconf 77' lang='lat' dir='ltr'><strong>qua:</strong></span> <span class='ocrx_word' id='word_1_653' title='bbox 1724 4511 1849 4549; x_wconf 85' lang='lat' dir='ltr'><strong>cum</strong></span> <span class='ocrx_word' id='word_1_654' title='bbox 1880 4497 1943 4550; x_wconf 91' lang='lat' dir='ltr'><strong>ad</strong></span> <span class='ocrx_word' id='word_1_655' title='bbox 1973 4512 2064 4551; x_wconf 81' lang='lat' dir='ltr'><strong>sa-</strong></span> 
     </span>
    </p>
   </div>
   <div class='ocr_carea' id='block_1_89' title="bbox 502 4586 2070 4655">
    <p class='ocr_par' dir='ltr' id='par_1_89' title="bbox 502 4586 2070 4655">
     <span class='ocr_line' id='line_1_89' title="bbox 502 4586 2070 4655; baseline 0.001 -12"><span class='ocrx_word' id='word_1_656' title='bbox 502 4589 713 4644; x_wconf 87' lang='lat' dir='ltr'><strong>nandos</strong></span> <span class='ocrx_word' id='word_1_657' title='bbox 741 4589 990 4643; x_wconf 89' lang='lat' dir='ltr'><strong>homines</strong></span> <span class='ocrx_word' id='word_1_658' title='bbox 1015 4604 1126 4643; x_wconf 93' lang='lat' dir='ltr'><strong>non</strong></span> <span class='ocrx_word' id='word_1_659' title='bbox 1157 4589 1314 4655; x_wconf 80' lang='lat' dir='ltr'><strong>fiant,</strong></span> <span class='ocrx_word' id='word_1_660' title='bbox 1341 4588 1408 4643; x_wconf 89' lang='lat' dir='ltr'><strong>ad</strong></span> <span class='ocrx_word' id='word_1_661' title='bbox 1441 4589 1645 4643; x_wconf 91' lang='lat' dir='ltr'><strong>multos</strong></span> <span class='ocrx_word' id='word_1_662' title='bbox 1675 4586 1939 4645; x_wconf 85' lang='lat' dir='ltr'><strong>fallendos</strong></span> <span class='ocrx_word' id='word_1_663' title='bbox 1966 4606 2070 4645; x_wconf 87' lang='lat' dir='ltr'><strong>na—</strong></span> 
     </span>
    </p>
   </div>
   <div class='ocr_carea' id='block_1_90' title="bbox 501 4678 2074 4749">
    <p class='ocr_par' dir='ltr' id='par_1_90' title="bbox 501 4678 2074 4749">
     <span class='ocr_line' id='line_1_90' title="bbox 501 4678 2074 4749; baseline 0 -15"><span class='ocrx_word' id='word_1_664' title='bbox 501 4689 625 4734; x_wconf 88' lang='lat' dir='ltr'><strong>tura</strong></span> <span class='ocrx_word' id='word_1_665' title='bbox 669 4689 983 4749; x_wconf 86' lang='lat' dir='ltr'><strong>comparata</strong></span> <span class='ocrx_word' id='word_1_666' title='bbox 1025 4688 1173 4735; x_wconf 88' lang='lat' dir='ltr'><strong>sunt.</strong></span> <span class='ocrx_word' id='word_1_667' title='bbox 1220 4678 1483 4735; x_wconf 84' lang='lat' dir='ltr'><strong>Miracula</strong></span> <span class='ocrx_word' id='word_1_668' title='bbox 1529 4693 1660 4733; x_wconf 90' lang='lat' dir='ltr'><strong>vero</strong></span> <span class='ocrx_word' id='word_1_669' title='bbox 1700 4679 2074 4735; x_wconf 80' lang='lat' dir='ltr'><strong>misericordis</strong></span> 
     </span>
    </p>
   </div>
   <div class='ocr_carea' id='block_1_91' title="bbox 503 4771 2071 4843">
    <p class='ocr_par' dir='ltr' id='par_1_91' title="bbox 503 4771 2071 4843">
     <span class='ocr_line' id='line_1_91' title="bbox 503 4771 2071 4843; baseline 0 -15"><span class='ocrx_word' id='word_1_670' title='bbox 503 4773 745 4829; x_wconf 89' lang='lat' dir='ltr'><strong>veritatis</strong></span> <span class='ocrx_word' id='word_1_671' title='bbox 776 4773 1135 4829; x_wconf 87' lang='lat' dir='ltr'><strong>humanitatis</strong></span> <span class='ocrx_word' id='word_1_672' title='bbox 1179 4773 1339 4843; x_wconf 86' lang='lat' dir='ltr'><strong>plena</strong></span> <span class='ocrx_word' id='word_1_673' title='bbox 1371 4781 1519 4839; x_wconf 86' lang='lat' dir='ltr'><strong>sunt,</strong></span> <span class='ocrx_word' id='word_1_674' title='bbox 1552 4772 1738 4843; x_wconf 88' lang='lat' dir='ltr'><strong>qualia</strong></span> <span class='ocrx_word' id='word_1_675' title='bbox 1780 4771 2071 4828; x_wconf 77' lang='lat' dir='ltr'><strong>Dominum</strong></span> 
     </span>
    </p>
   </div>
   <div class='ocr_carea' id='block_1_92' title="bbox 2172 4497 3762 4573">
    <p class='ocr_par' dir='ltr' id='par_1_92' title="bbox 2172 4497 3762 4573">
     <span class='ocr_line' id='line_1_92' title="bbox 2172 4497 3762 4573; baseline 0.001 -18"><span class='ocrx_word' id='word_1_676' title='bbox 2172 4503 2438 4572; x_wconf 90' lang='grc' dir='ltr'>γίνεσθαι,</span> <span class='ocrx_word' id='word_1_677' title='bbox 2464 4503 2543 4564; x_wconf 83' lang='grc' dir='ltr'><strong>εἰς</strong></span> <span class='ocrx_word' id='word_1_678' title='bbox 2562 4497 2692 4570; x_wconf 76' lang='grc' dir='ltr'>αἶγα</span> <span class='ocrx_word' id='word_1_679' title='bbox 2716 4501 3228 4573; x_wconf 84' lang='grc' dir='ltr'>μεταμορφωθῆναι,</span> <span class='ocrx_word' id='word_1_680' title='bbox 3265 4502 3345 4564; x_wconf 88' lang='grc' dir='ltr'><strong>εἰς</strong></span> <span class='ocrx_word' id='word_1_681' title='bbox 3369 4501 3503 4573; x_wconf 83' lang='grc' dir='ltr'>ἀέρα</span> <span class='ocrx_word' id='word_1_682' title='bbox 3522 4504 3762 4573; x_wconf 75' lang='grc' dir='ltr'>πτῆναι,</span> 
     </span>
    </p>
   </div>
   <div class='ocr_carea' id='block_1_93' title="bbox 2174 4591 3764 4665">
    <p class='ocr_par' dir='ltr' id='par_1_93' title="bbox 2174 4591 3764 4665">
     <span class='ocr_line' id='line_1_93' title="bbox 2174 4591 3764 4665; baseline 0 -18"><span class='ocrx_word' id='word_1_683' title='bbox 2174 4594 2269 4647; x_wconf 74' lang='grc' dir='ltr'>καὶ</span> <span class='ocrx_word' id='word_1_684' title='bbox 2301 4594 2401 4647; x_wconf 86' lang='grc' dir='ltr'>ὅσα</span> <span class='ocrx_word' id='word_1_685' title='bbox 2431 4591 2655 4646; x_wconf 81' lang='grc' dir='ltr'>τοιαῦτα</span> <span class='ocrx_word' id='word_1_686' title='bbox 2683 4610 2823 4657; x_wconf 87' lang='grc' dir='ltr'>τινα,</span> <span class='ocrx_word' id='word_1_687' title='bbox 2865 4593 2944 4655; x_wconf 88' lang='grc' dir='ltr'><strong>εἰς</strong></span> <span class='ocrx_word' id='word_1_688' title='bbox 2978 4593 3121 4646; x_wconf 75' lang='grc' dir='ltr'>ἴασιν</span> <span class='ocrx_word' id='word_1_689' title='bbox 3153 4591 3454 4663; x_wconf 86' lang='grc' dir='ltr'>ἀνθρώπων</span> <span class='ocrx_word' id='word_1_690' title='bbox 3493 4595 3573 4665; x_wconf 85' lang='grc' dir='ltr'>μὴ</span> <span class='ocrx_word' id='word_1_691' title='bbox 3601 4595 3764 4662; x_wconf 85' lang='grc' dir='ltr'>γινό-</span> 
     </span>
    </p>
   </div>
   <div class='ocr_carea' id='block_1_94' title="bbox 2180 4682 3766 4757">
    <p class='ocr_par' dir='ltr' id='par_1_94' title="bbox 2180 4682 3766 4757">
     <span class='ocr_line' id='line_1_94' title="bbox 2180 4682 3766 4757; baseline 0.001 -20"><span class='ocrx_word' id='word_1_692' title='bbox 2180 4702 2335 4756; x_wconf 91' lang='grc' dir='ltr'>μενα,</span> <span class='ocrx_word' id='word_1_693' title='bbox 2368 4686 2775 4757; x_wconf 74' lang='grc' dir='ltr'>προσαπατᾷντ⁹</span> <span class='ocrx_word' id='word_1_694' title='bbox 2806 4682 2963 4753; x_wconf 80' lang='grc' dir='ltr'>φύσιν</span> <span class='ocrx_word' id='word_1_695' title='bbox 2994 4682 3108 4753; x_wconf 73' lang='grc' dir='ltr'>ἔχει</span> <span class='ocrx_word' id='word_1_696' title='bbox 3152 4683 3397 4746; x_wconf 85' lang='grc' dir='ltr'>πολλούς.</span> <span class='ocrx_word' id='word_1_697' title='bbox 3434 4683 3516 4736; x_wconf 85' lang='grc' dir='ltr'>Τὰ</span> <span class='ocrx_word' id='word_1_698' title='bbox 3548 4684 3612 4737; x_wconf 81' lang='grc' dir='ltr'>δὲ</span> <span class='ocrx_word' id='word_1_699' title='bbox 3657 4687 3766 4757; x_wconf 86' lang='grc' dir='ltr'><strong>τῆς</strong></span> 
     </span>
    </p>
   </div>
   <div class='ocr_carea' id='block_1_95' title="bbox 2177 4774 3769 4849">
    <p class='ocr_par' dir='ltr' id='par_1_95' title="bbox 2177 4774 3769 4849">
     <span class='ocr_line' id='line_1_95' title="bbox 2177 4774 3769 4849; baseline 0.001 -20"><span class='ocrx_word' id='word_1_700' title='bbox 2177 4775 2516 4849; x_wconf 84' lang='grc' dir='ltr'>οἰκτίρμονος</span> <span class='ocrx_word' id='word_1_701' title='bbox 2541 4776 2793 4848; x_wconf 88' lang='grc' dir='ltr'>ἀληθείας</span> <span class='ocrx_word' id='word_1_702' title='bbox 2814 4775 3014 4846; x_wconf 86' lang='grc' dir='ltr'>σημεῖά</span> <span class='ocrx_word' id='word_1_703' title='bbox 3039 4776 3155 4828; x_wconf 84' lang='grc' dir='ltr'>ἐστι</span> <span class='ocrx_word' id='word_1_704' title='bbox 3181 4774 3557 4845; x_wconf 84' lang='grc' dir='ltr'>φιλάνθρωπα,</span> <span class='ocrx_word' id='word_1_705' title='bbox 3594 4774 3769 4831; x_wconf 67' lang='grc' dir='ltr'>ἅτινα</span> 
     </span>
    </p>
   </div>
   <div class='ocr_carea' id='block_1_96' title="bbox 1772 4905 2478 4966">
    <p class='ocr_par' dir='ltr' id='par_1_96' title="bbox 1772 4905 2478 4966">
     <span class='ocr_line' id='line_1_96' title="bbox 1772 4905 2478 4966; baseline 0.006 -5"><span class='ocrx_word' id='word_1_706' title='bbox 1772 4905 2010 4964; x_wconf 69' lang='lat' dir='ltr'><strong>VARIAS</strong></span> <span class='ocrx_word' id='word_1_707' title='bbox 2077 4908 2478 4966; x_wconf 82' lang='lat' dir='ltr'><strong>LECTIONES.</strong></span> 
     </span>
    </p>
   </div>
   <div class='ocr_carea' id='block_1_97' title="bbox 569 5024 3771 5109">
    <p class='ocr_par' dir='ltr' id='par_1_97' title="bbox 569 5024 3771 5109">
     <span class='ocr_line' id='line_1_97' title="bbox 569 5024 3771 5109; baseline 0.002 -31"><span class='ocrx_word' id='word_1_708' title='bbox 569 5025 929 5109; x_wconf 39' lang='lat' dir='ltr'><strong>&#39;°.ei65cbv_g._</strong></span> <span class='ocrx_word' id='word_1_709' title='bbox 972 5025 1228 5109; x_wconf 58' lang='grc' dir='ltr'>ξιπολλοί</span> <span class='ocrx_word' id='word_1_710' title='bbox 1392 5024 2094 5109; x_wconf 57' lang='lat' dir='ltr'><strong>&quot;liancconstructionem</strong></span> <span class='ocrx_word' id='word_1_711' title='bbox 2121 5044 2228 5108; x_wconf 83' lang='lat' dir='ltr'><strong>non</strong></span> <span class='ocrx_word' id='word_1_712' title='bbox 2259 5028 2496 5109; x_wconf 71' lang='lat' dir='ltr'><strong>admittit</strong></span> <span class='ocrx_word' id='word_1_713' title='bbox 2527 5028 2709 5109; x_wconf 77' lang='lat' dir='ltr'><strong>lingua</strong></span> <span class='ocrx_word' id='word_1_714' title='bbox 2736 5027 3098 5109; x_wconf 32' lang='lat' dir='ltr'><strong>graecannam</strong></span> <span class='ocrx_word' id='word_1_715' title='bbox 3130 5031 3294 5109; x_wconf 67' lang='lat' dir='ltr'><strong>scribi</strong></span> <span class='ocrx_word' id='word_1_716' title='bbox 3323 5030 3512 5109; x_wconf 69' lang='lat' dir='ltr'><strong>debuit</strong></span> <span class='ocrx_word' id='word_1_717' title='bbox 3556 5030 3771 5109; x_wconf 67' lang='grc' dir='ltr'>αὐτοὺς</span> 
     </span>
    </p>
   </div>
   <div class='ocr_carea' id='block_1_98' title="bbox 502 5094 3768 5180">
    <p class='ocr_par' dir='ltr' id='par_1_98' title="bbox 502 5094 3768 5180">
     <span class='ocr_line' id='line_1_98' title="bbox 502 5094 3768 5180; baseline 0.002 -32"><span class='ocrx_word' id='word_1_718' title='bbox 502 5100 791 5180; x_wconf 50' lang='grc' dir='ltr'>παρόντας..</span> <span class='ocrx_word' id='word_1_719' title='bbox 968 5095 1180 5180; x_wconf 58' lang='lat' dir='ltr'><strong>facilior</strong></span> <span class='ocrx_word' id='word_1_720' title='bbox 1203 5105 1294 5180; x_wconf 75' lang='lat' dir='ltr'><strong>est</strong></span> <span class='ocrx_word' id='word_1_721' title='bbox 1315 5098 1636 5180; x_wconf 79' lang='lat' dir='ltr'><strong>emendandi</strong></span> <span class='ocrx_word' id='word_1_722' title='bbox 1664 5094 1807 5153; x_wconf 80' lang='lat' dir='ltr'><strong>ratio</strong></span> <span class='ocrx_word' id='word_1_723' title='bbox 1826 5114 1854 5180; x_wconf 78' lang='grc' dir='ltr'><strong>¹ε</strong></span> <span class='ocrx_word' id='word_1_724' title='bbox 1882 5098 2275 5180; x_wconf 40' lang='lat' dir='ltr'><strong>prorsus‘e‘ni‘m</strong></span> <span class='ocrx_word' id='word_1_725' title='bbox 2311 5098 2593 5180; x_wconf 69' lang='lat' dir='ltr'><strong>legendum</strong></span> <span class='ocrx_word' id='word_1_726' title='bbox 2611 5094 2815 5180; x_wconf 55' lang='lat' dir='ltr'><strong>:ai’néor</strong></span> <span class='ocrx_word' id='word_1_727' title='bbox 2830 5099 3111 5180; x_wconf 69' lang='grc' dir='ltr'>παρόντες.</span> <span class='ocrx_word' id='word_1_728' title='bbox 3137 5100 3337 5180; x_wconf 81' lang='lat' dir='ltr'><strong>D._Scd</strong></span> <span class='ocrx_word' id='word_1_729' title='bbox 3371 5108 3555 5179; x_wconf 60' lang='lat' dir='ltr'><strong>potest</strong></span> <span class='ocrx_word' id='word_1_730' title='bbox 3587 5094 3768 5156; x_wconf 82' lang='lat' dir='ltr'><strong>etiam</strong></span> 
     </span>
    </p>
   </div>
   <div class='ocr_carea' id='block_1_99' title="bbox 501 5165 3771 5239">
    <p class='ocr_par' dir='ltr' id='par_1_99' title="bbox 501 5165 3771 5239">
     <span class='ocr_line' id='line_1_99' title="bbox 501 5165 3771 5239; baseline 0.001 -20"><span class='ocrx_word' id='word_1_731' title='bbox 501 5165 977 5239; x_wconf 77' lang='lat' dir='ltr'><strong>Ieciio_cod.Reg.</strong></span> <span class='ocrx_word' id='word_1_732' title='bbox 1004 5166 1170 5239; x_wconf 80' lang='lat' dir='ltr'><strong>ferri,</strong></span> <span class='ocrx_word' id='word_1_733' title='bbox 1220 5177 1301 5239; x_wconf 73' lang='lat' dir='ltr'><strong>est</strong></span> <span class='ocrx_word' id='word_1_734' title='bbox 1348 5168 1496 5239; x_wconf 65' lang='lat' dir='ltr'><strong>enim</strong></span> <span class='ocrx_word' id='word_1_735' title='bbox 1538 5169 1672 5222; x_wconf 83' lang='lat' dir='ltr'><strong>ordo</strong></span> <span class='ocrx_word' id='word_1_736' title='bbox 1721 5165 2016 5239; x_wconf 75' lang='lat' dir='ltr'><strong>verborum</strong></span> <span class='ocrx_word' id='word_1_737' title='bbox 2054 5166 2237 5239; x_wconf 76' lang='grc' dir='ltr'>πολλοὶ</span> <span class='ocrx_word' id='word_1_738' title='bbox 2290 5165 2444 5221; x_wconf 78' lang='grc' dir='ltr'>αὐτοὶ</span> <span class='ocrx_word' id='word_1_739' title='bbox 2488 5165 3143 5239; x_wconf 69' lang='grc' dir='ltr'>παρόντεςεμαρτύρουν</span> <span class='ocrx_word' id='word_1_740' title='bbox 3169 5170 3238 5223; x_wconf 83' lang='grc' dir='ltr'>τὰ</span> <span class='ocrx_word' id='word_1_741' title='bbox 3268 5165 3494 5223; x_wconf 77' lang='grc' dir='ltr'>τοιαῦτα</span> <span class='ocrx_word' id='word_1_742' title='bbox 3518 5176 3771 5239; x_wconf 64' lang='lat' dir='ltr'><strong>(nempe</strong></span> 
     </span>
    </p>
   </div>
   <div class='ocr_carea' id='block_1_100' title="bbox 497 5237 750 5304">
    <p class='ocr_par' dir='ltr' id='par_1_100' title="bbox 497 5237 750 5304">
     <span class='ocr_line' id='line_1_100' title="bbox 497 5237 750 5304; baseline 0 -15"><span class='ocrx_word' id='word_1_743' title='bbox 497 5237 750 5304; x_wconf 73' lang='grc' dir='ltr'>ἑαυτοὺς)</span> 
     </span>
    </p>
   </div>
   <div class='ocr_carea' id='block_1_101' title="bbox 499 5304 1110 5377">
    <p class='ocr_par' dir='ltr' id='par_1_101' title="bbox 499 5304 1110 5377">
     <span class='ocr_line' id='line_1_101' title="bbox 499 5304 1110 5377; baseline 0.002 -18"><span class='ocrx_word' id='word_1_744' title='bbox 499 5305 548 5338; x_wconf 74' lang='grc'><strong>’⁸</strong></span> <span class='ocrx_word' id='word_1_745' title='bbox 568 5304 681 5361; x_wconf 85' lang='lat' dir='ltr'><strong>Cl&#39;r.</strong></span> <span class='ocrx_word' id='word_1_746' title='bbox 716 5321 835 5377; x_wconf 88' lang='lat' dir='ltr'><strong>cap.</strong></span> <span class='ocrx_word' id='word_1_747' title='bbox 868 5304 943 5362; x_wconf 71' lang='grc'><strong>15⁷</strong></span> <span class='ocrx_word' id='word_1_748' title='bbox 958 5304 1110 5376; x_wconf 79' lang='lat' dir='ltr'><strong>seqq.</strong></span> 
     </span>
    </p>
   </div>
   <div class='ocr_carea' id='block_1_102' title="bbox 812 5233 3770 5339">
    <p class='ocr_par' dir='ltr' id='par_1_102' title="bbox 812 5233 3770 5339">
     <span class='ocr_line' id='line_1_102' title="bbox 812 5233 3770 5309; baseline 0.002 -19"><span class='ocrx_word' id='word_1_749' title='bbox 812 5233 1176 5309; x_wconf 75' lang='grc' dir='ltr'>ἱστορηκέναι.</span> <span class='ocrx_word' id='word_1_750' title='bbox 1211 5235 1292 5291; x_wconf 85' lang='lat' dir='ltr'><strong>Cl.</strong></span> <span class='ocrx_word' id='word_1_751' title='bbox 1353 5236 1610 5292; x_wconf 83' lang='lat' dir='ltr'><strong>Fortasse</strong></span> <span class='ocrx_word' id='word_1_752' title='bbox 1634 5252 1735 5306; x_wconf 88' lang='lat' dir='ltr'><strong>pro</strong></span> <span class='ocrx_word' id='word_1_753' title='bbox 1762 5233 1919 5291; x_wconf 84' lang='grc' dir='ltr'>αὐτοί</span> <span class='ocrx_word' id='word_1_754' title='bbox 1949 5236 2257 5301; x_wconf 88' lang='lat' dir='ltr'><strong>ponendum</strong></span> <span class='ocrx_word' id='word_1_755' title='bbox 2304 5246 2389 5290; x_wconf 86' lang='lat' dir='ltr'><strong>est</strong></span> <span class='ocrx_word' id='word_1_756' title='bbox 2434 5233 2650 5291; x_wconf 75' lang='lat' dir='ltr'><strong>adverb.</strong></span> <span class='ocrx_word' id='word_1_757' title='bbox 2682 5237 2787 5291; x_wconf 89' lang='lat' dir='ltr'><strong>loci</strong></span> <span class='ocrx_word' id='word_1_758' title='bbox 2816 5233 2952 5308; x_wconf 72' lang='grc' dir='ltr'>αὐτῇ</span> <span class='ocrx_word' id='word_1_759' title='bbox 2986 5233 3149 5309; x_wconf 83' lang='lat' dir='ltr'><strong>(idem</strong></span> <span class='ocrx_word' id='word_1_760' title='bbox 3179 5256 3242 5295; x_wconf 88' lang='lat' dir='ltr'><strong>ac</strong></span> <span class='ocrx_word' id='word_1_761' title='bbox 3265 5239 3414 5309; x_wconf 81' lang='grc' dir='ltr'>τῇδε)</span> <span class='ocrx_word' id='word_1_762' title='bbox 3448 5233 3770 5297; x_wconf 73' lang='grc' dir='ltr'>νείἀὺτοῦ.</span> 
     </span>
     <span class='ocr_line' id='line_1_103' title="bbox 812 5303 3741 5339; baseline 0 0"><span class='ocrx_word' id='word_1_763' title='bbox 812 5328 817 5339; x_wconf 64' lang='grc' dir='ltr'><strong>ι</strong></span> <span class='ocrx_word' id='word_1_764' title='bbox 868 5308 933 5339; x_wconf 69' lang='grc' dir='ltr'><strong>ιιι</strong></span> <span class='ocrx_word' id='word_1_765' title='bbox 959 5322 1092 5339; x_wconf 73' lang='lat' dir='ltr'><strong>anan</strong></span> <span class='ocrx_word' id='word_1_766' title='bbox 1186 5306 1343 5339; x_wconf 66' lang='grc' dir='ltr'><strong>τινι-1</strong></span> <span class='ocrx_word' id='word_1_767' title='bbox 1370 5322 1456 5339; x_wconf 77' lang='lat' dir='ltr'><strong>nm</strong></span> <span class='ocrx_word' id='word_1_768' title='bbox 1509 5307 1550 5339; x_wconf 66' lang='grc' dir='ltr'><strong>ί*</strong></span> <span class='ocrx_word' id='word_1_769' title='bbox 1649 5308 1695 5339; x_wconf 68' lang='grc'><strong>18</strong></span> <span class='ocrx_word' id='word_1_770' title='bbox 1712 5303 1979 5339; x_wconf 63' lang='grc' dir='ltr'><strong>Μιηιικὲῆρ</strong></span> <span class='ocrx_word' id='word_1_771' title='bbox 2009 5305 2050 5339; x_wconf 75' lang='lat' dir='ltr'><strong>ﬂ</strong></span> <span class='ocrx_word' id='word_1_772' title='bbox 2146 5306 2194 5336; x_wconf 76' lang='grc' dir='ltr'>η</span> <span class='ocrx_word' id='word_1_773' title='bbox 2214 5306 2347 5339; x_wconf 65' lang='grc' dir='ltr'>..εκ-λυ</span> <span class='ocrx_word' id='word_1_774' title='bbox 2374 5310 2534 5339; x_wconf 61' lang='lat' dir='ltr'><strong>[nt-ila</strong></span> <span class='ocrx_word' id='word_1_775' title='bbox 2554 5307 2770 5339; x_wconf 68' lang='grc' dir='ltr'><strong>αη-ἶ-ιιιῖο</strong></span> <span class='ocrx_word' id='word_1_776' title='bbox 2796 5307 2856 5339; x_wconf 80' lang='grc' dir='ltr'><strong>ΓΙ</strong></span> <span class='ocrx_word' id='word_1_777' title='bbox 2927 5309 3249 5339; x_wconf 66' lang='grc' dir='ltr'><strong>ιιίιηΔΙῖἶΙι-ιιιι</strong></span> <span class='ocrx_word' id='word_1_778' title='bbox 3281 5309 3317 5339; x_wconf 72' lang='lat' dir='ltr'><em>Q</em></span> <span class='ocrx_word' id='word_1_779' title='bbox 3368 5317 3561 5339; x_wconf 62' lang='lat' dir='ltr'><strong>nnninn</strong></span> <span class='ocrx_word' id='word_1_780' title='bbox 3589 5312 3741 5339; x_wconf 58' lang='lat' dir='ltr'><strong>AAAJ</strong></span> 
     </span>
    </p>
   </div>
   <div class='ocr_carea' id='block_1_103' title="bbox 1249 5303 3765 5378">
    <p class='ocr_par' dir='ltr' id='par_1_103' title="bbox 1249 5303 3765 5378">
     <span class='ocr_line' id='line_1_104' title="bbox 1249 5303 3765 5378; baseline 0.002 -19"><span class='ocrx_word' id='word_1_781' title='bbox 1249 5306 1343 5378; x_wconf 75' lang='grc' dir='ltr'><strong>καί</strong></span> <span class='ocrx_word' id='word_1_782' title='bbox 1370 5322 1477 5361; x_wconf 91' lang='lat' dir='ltr'><strong>om.</strong></span> <span class='ocrx_word' id='word_1_783' title='bbox 1509 5307 1588 5378; x_wconf 40' lang='lat' dir='ltr'><strong>CL</strong></span> <span class='ocrx_word' id='word_1_784' title='bbox 1635 5303 1979 5378; x_wconf 59' lang='grc' dir='ltr'>’ῗδΜωυσὲος</span> <span class='ocrx_word' id='word_1_785' title='bbox 2009 5305 2070 5378; x_wconf 74' lang='lat' dir='ltr'><strong>Q.</strong></span> <span class='ocrx_word' id='word_1_786' title='bbox 2146 5306 2194 5336; x_wconf 82' lang='lat'><em>&quot;</em></span> <span class='ocrx_word' id='word_1_787' title='bbox 2213 5306 2350 5378; x_wconf 76' lang='grc' dir='ltr'>μετὰ</span> <span class='ocrx_word' id='word_1_788' title='bbox 2374 5310 2534 5378; x_wconf 86' lang='lat' dir='ltr'><strong>tacite</strong></span> <span class='ocrx_word' id='word_1_789' title='bbox 2554 5307 2774 5377; x_wconf 84' lang='lat' dir='ltr'><strong>scripsit</strong></span> <span class='ocrx_word' id='word_1_790' title='bbox 2796 5307 2860 5360; x_wconf 87' lang='lat' dir='ltr'><strong>Cl</strong></span> <span class='ocrx_word' id='word_1_791' title='bbox 2888 5346 2905 5373; x_wconf 93' lang='lat'><strong>,</strong></span> <span class='ocrx_word' id='word_1_792' title='bbox 2926 5303 3249 5378; x_wconf 70' lang='lat' dir='ltr'><strong>repetiitque</strong></span> <span class='ocrx_word' id='word_1_793' title='bbox 3280 5303 3331 5361; x_wconf 76' lang='grc' dir='ltr'>ε·</span> <span class='ocrx_word' id='word_1_794' title='bbox 3367 5303 3564 5362; x_wconf 87' lang='lat' dir='ltr'><strong>contra</strong></span> <span class='ocrx_word' id='word_1_795' title='bbox 3588 5312 3765 5364; x_wconf 86' lang='lat' dir='ltr'><strong>codd.</strong></span> 
     </span>
    </p>
   </div>
   <div class='ocr_carea' id='block_1_104' title="bbox 498 5374 3769 5451">
    <p class='ocr_par' dir='ltr' id='par_1_104' title="bbox 498 5374 3769 5451">
     <span class='ocr_line' id='line_1_105' title="bbox 498 5374 3769 5451; baseline 0.001 -21"><span class='ocrx_word' id='word_1_796' title='bbox 498 5374 923 5451; x_wconf 44' lang='lat' dir='ltr'><strong>auctoritaEm._</strong></span> <span class='ocrx_word' id='word_1_797' title='bbox 972 5374 1334 5451; x_wconf 46' lang='lat' dir='ltr'><strong>&quot;apolang</strong></span> <span class='ocrx_word' id='word_1_798' title='bbox 1349 5378 1410 5431; x_wconf 90' lang='grc'>0.</span> <span class='ocrx_word' id='word_1_799' title='bbox 1487 5374 1598 5432; x_wconf 80' lang='lat'><strong>&quot;0</strong></span> <span class='ocrx_word' id='word_1_800' title='bbox 1645 5377 1699 5431; x_wconf 91' lang='lat' dir='ltr'><strong>in</strong></span> <span class='ocrx_word' id='word_1_801' title='bbox 1732 5385 1886 5432; x_wconf 78' lang='lat' dir='ltr'><strong>textu</strong></span> <span class='ocrx_word' id='word_1_802' title='bbox 1916 5374 2392 5445; x_wconf 77' lang='grc' dir='ltr'>πεπληρωμένων,</span> <span class='ocrx_word' id='word_1_803' title='bbox 2426 5377 2481 5431; x_wconf 89' lang='lat' dir='ltr'><strong>in</strong></span> <span class='ocrx_word' id='word_1_804' title='bbox 2516 5374 2686 5448; x_wconf 54' lang='lat' dir='ltr'><strong>marg:</strong></span> <span class='ocrx_word' id='word_1_805' title='bbox 2724 5378 2844 5432; x_wconf 89' lang='lat' dir='ltr'><strong>ead.</strong></span> <span class='ocrx_word' id='word_1_806' title='bbox 2870 5374 3017 5432; x_wconf 78' lang='lat' dir='ltr'><strong>man.</strong></span> <span class='ocrx_word' id='word_1_807' title='bbox 3043 5374 3353 5434; x_wconf 76' lang='lat' dir='ltr'><strong>correctum</strong></span> <span class='ocrx_word' id='word_1_808' title='bbox 3392 5379 3449 5432; x_wconf 89' lang='lat' dir='ltr'><strong>in</strong></span> <span class='ocrx_word' id='word_1_809' title='bbox 3485 5394 3769 5451; x_wconf 76' lang='grc' dir='ltr'>πεπυρω-</span> 
     </span>
    </p>
   </div>
   <div class='ocr_carea' id='block_1_105' title="bbox 501 5444 1309 5523">
    <p class='ocr_par' dir='ltr' id='par_1_105' title="bbox 501 5444 1309 5523">
     <span class='ocr_line' id='line_1_106' title="bbox 501 5444 1309 5523; baseline 0.002 -24"><span class='ocrx_word' id='word_1_810' title='bbox 501 5444 696 5517; x_wconf 65' lang='grc' dir='ltr'>μένων.</span> <span class='ocrx_word' id='word_1_811' title='bbox 771 5447 968 5523; x_wconf 80' lang='grc' dir='ltr'><strong>⁷’πρὸς</strong></span> <span class='ocrx_word' id='word_1_812' title='bbox 1000 5444 1214 5522; x_wconf 78' lang='grc' dir='ltr'>ἀπατᾷν</span> <span class='ocrx_word' id='word_1_813' title='bbox 1245 5446 1309 5501; x_wconf 90' lang='lat' dir='ltr'><strong>C.</strong></span> 
     </span>
    </p>
   </div>
   <div class='ocr_carea' id='block_1_106' title="bbox 1806 5550 2436 5610">
    <p class='ocr_par' dir='ltr' id='par_1_106' title="bbox 1806 5550 2436 5610">
     <span class='ocr_line' id='line_1_107' title="bbox 1806 5550 2436 5610; baseline 0.003 -3"><span class='ocrx_word' id='word_1_814' title='bbox 1806 5555 1893 5608; x_wconf 65' lang='lat' dir='ltr'><strong>VA</strong></span> <span class='ocrx_word' id='word_1_815' title='bbox 1906 5550 2171 5607; x_wconf 78' lang='lat' dir='ltr'><strong>RIORUM</strong></span> <span class='ocrx_word' id='word_1_816' title='bbox 2203 5552 2436 5610; x_wconf 59' lang='lat' dir='ltr'><strong>NOTAE.</strong></span> 
     </span>
    </p>
   </div>
   <div class='ocr_carea' id='block_1_107' title="bbox 571 5644 3767 5722">
    <p class='ocr_par' dir='ltr' id='par_1_107' title="bbox 571 5644 3767 5722">
     <span class='ocr_line' id='line_1_108' title="bbox 571 5644 3767 5722; baseline 0.002 -18"><span class='ocrx_word' id='word_1_817' title='bbox 571 5647 683 5722; x_wconf 78' lang='grc'><strong>(51)</strong></span> <span class='ocrx_word' id='word_1_818' title='bbox 735 5650 1123 5722; x_wconf 70' lang='grc' dir='ltr'>Ἀνδριάνιας,</span> <span class='ocrx_word' id='word_1_819' title='bbox 1164 5660 1267 5722; x_wconf 71' lang='grc' dir='ltr'>εις.</span> <span class='ocrx_word' id='word_1_820' title='bbox 1317 5646 1634 5722; x_wconf 73' lang='lat' dir='ltr'><strong>Anastasius</strong></span> <span class='ocrx_word' id='word_1_821' title='bbox 1689 5644 2009 5715; x_wconf 63' lang='lat' dir='ltr'><strong>Quaestione</strong></span> <span class='ocrx_word' id='word_1_822' title='bbox 2060 5644 2151 5714; x_wconf 75' lang='lat'><strong>20,</strong></span> <span class='ocrx_word' id='word_1_823' title='bbox 2182 5660 2235 5716; x_wconf 87' lang='lat' dir='ltr'><strong>p.</strong></span> <span class='ocrx_word' id='word_1_824' title='bbox 2265 5646 2387 5701; x_wconf 63' lang='grc' dir='ltr'><strong>ω.</strong></span> <span class='ocrx_word' id='word_1_825' title='bbox 2420 5645 2701 5704; x_wconf 84' lang='lat' dir='ltr'><strong>Cedrenus</strong></span> <span class='ocrx_word' id='word_1_826' title='bbox 2742 5644 3038 5721; x_wconf 75' lang='lat' dir='ltr'><strong>Synopuos</strong></span> <span class='ocrx_word' id='word_1_827' title='bbox 3086 5664 3210 5720; x_wconf 82' lang='lat' dir='ltr'><strong>pag.</strong></span> <span class='ocrx_word' id='word_1_828' title='bbox 3248 5650 3370 5706; x_wconf 81' lang='lat' dir='ltr'><strong>I75.</strong></span> <span class='ocrx_word' id='word_1_829' title='bbox 3400 5647 3767 5722; x_wconf 76' lang='lat' dir='ltr'><strong>Nicephorus</strong></span> 
     </span>
    </p>
   </div>
   <div class='ocr_carea' id='block_1_108' title="bbox 501 5715 1473 5791">
    <p class='ocr_par' dir='ltr' id='par_1_108' title="bbox 501 5715 1473 5791">
     <span class='ocr_line' id='line_1_109' title="bbox 501 5715 1473 5791; baseline -0.005 -14"><span class='ocrx_word' id='word_1_830' title='bbox 501 5715 628 5777; x_wconf 61' lang='lat' dir='ltr'><strong>mn</strong></span> <span class='ocrx_word' id='word_1_831' title='bbox 667 5715 795 5776; x_wconf 65' lang='lat' dir='ltr'><strong>sccl.</strong></span> <span class='ocrx_word' id='word_1_832' title='bbox 828 5715 921 5775; x_wconf 78' lang='lat' dir='ltr'><strong>lib.</strong></span> <span class='ocrx_word' id='word_1_833' title='bbox 956 5736 1155 5791; x_wconf 84' lang='lat' dir='ltr'><strong>u,cap.</strong></span> <span class='ocrx_word' id='word_1_834' title='bbox 1182 5721 1271 5773; x_wconf 72' lang='grc'>27.</span> <span class='ocrx_word' id='word_1_835' title='bbox 1320 5721 1473 5779; x_wconf 67' lang='lat'><strong>(101.;</strong></span> 
     </span>
    </p>
   </div>
  </div>
