3868 6212
132 291 239 348 105

1261 298 1736 355 'CLEMENTINA.
1777 331 1841 341 —
1875 299 2160 359 HOMILIA
2203 299 2263 356 ﬂ.

3308 304 3412 361 ωε

126 408 227 477 τὴν
252 405 566 464 ἐνεστῶσαν
594 409 927 482 ὑπερθέσθαι
961 410 1174 483 ἡμέραν
1212 413 1315 465 οὐκ
1358 413 1593 482 ὀφείλεις
1632 415 1715 467 λυ-

1835 431 1942 467 nun
1993 416 2158 470 debes
2187 459 2199 476 .
2230 416 2376 486 quod
2416 414 2607 470 Simon
2654 418 2722 471 ad
2781 417 3207 489 disputationem
3241 438 3410 477 unum.

126 503 374 557 πεῖσθαι.
437 504 685 576 Σήμερον
732 505 843 577 γάρ
896 507 1003 577 πρὸ
1034 508 1132 577 τῆς
1173 506 1458 577 ζητήσεως
1497 525 1735 579 προεφο-

1840 507 1985 563 hunc
2016 509 2159 561 diem
2201 508 2578 564 intermiscrit.
2626 508 2797 566 Hodie
2825 512 2973 566 enim
3005 521 3131 566 ante
3161 513 3415 583 disputa-

124 596 451 667 διαζόμενος
472 597 725 668 περὶτῶν
748 598 769 627 ⁸
788 599 846 651 ὲν
875 601 995 662 ταῖς
1039 599 1285 669 Γραφαῖς
1320 599 1715 671 προσκειμένωτ

1838 601 2042 655 tionem
2078 600 2382 656 instructus
2410 601 2477 655 de
2510 602 2768 672 capitulis
2801 602 3097 673 Scriptura}
3124 607 3421 675 appositis.

126 690 474 759 περικοπῶν,
492 690 585 743 ἐπὶ
598 691 698 761 τῆς
715 688 996 762 ζητήσεως
1006 691 1135 763 περὶ
1148 690 1242 745 τοῦ
1272 692 1433 762 μόνου
1448 692 1583 745 Θεοῦ
1597 693 1618 724 ⁸
1639 694 1734 747 καὶ

122 782 360 851 ἀγαθοῦ,
398 783 495 836 τοῦ
528 783 623 836 καὶ
655 784 749 836 τὸν
788 785 995 855 κόσμον
1047 785 1443 856 πεποιηκότος,
1476 786 1578 856 71
1614 786 1733 839 δια-

121 877 386 947 κριθῆναι
412 878 517 931 ούκ
561 876 805 946 ὀφείλεις
830 894 843 907 ·
874 876 1013 931 ἀλλά
1038 878 1137 931 καὶ
1166 877 1471 949 θαυμάσεις
1504 878 1598 932 ἐπὶ
1633 879 1733 950 τῆς

122 968 435 1038 ζητήσεως,
465 986 586 1033 me;
614 969 664 1022 οί
697 968 939 1033 ἀσεϐεῖς,
960 969 1032 1023 τὰ
1060 968 1240 1041 πλήθη
1269 970 1379 1023 τῶν
1412 969 1558 1041 ὑπὲρ
1591 969 1731 1023 Θεοῦ

122 1061 442 1131 εἰρημένων
470 1061 530 1114 ὲν
555 1063 676 1125 ταῖς
705 1062 953 1133 Γραφαῖς
986 1062 1391 1135 παραλιπόντες
1425 1062 1466 1127 ⁸,
1497 1063 1565 1115 τὰ
1608 1064 1730 1117 κατ’

120 1151 297 1204 αὑτοῦ
331 1152 611 1224 εἰρημένα
645 1153 1103 1225 περιὸλεπόμενοι
1136 1154 1421 1228 χαίροντες
1447 1156 1724 1228 φέρουσιν⁸

119 1245 224 1298 καὶ
260 1243 442 1309 οὓτως
456 1247 505 1300 ot
532 1246 793 1318 ἀκροαταὶ
807 1247 1027 1315 ἀγνοίας
1042 1248 1213 1319 αἰτίᾳ,
1229 1247 1301 1302 τὰ
1315 1249 1460 1303 κατά
1476 1249 1571 1303 τοῦ
1592 1250 1727 1304 Θεοῦ

125 1338 548 1402 πιστεύσαντες,
564 1338 664 1408 τῆς
677 1339 843 1392 αὐτοῦ
863 1340 1143 1410 βασιλείας
1170 1342 1467 1413 ἀπόϐλητοι
1494 1343 1513 1372 ⁷
1549 1343 1726 1412 γίνον-

122 1446 235 1483 ται.
264 1430 360 1505 Age
385 1432 453 1484 σὺ
483 1434 759 1503 προφάσει
788 1432 1139 1505 ὑπερθέσεως
1169 1433 1231 1487 τὸ
1263 1434 1562 1505 μυστήριον
1611 1435 1726 1488 τῶν

121 1523 366 1593 Γραφῶν
403 1523 622 1595 μαθὼν,
658 1524 927 1596 κερδήσας
959 1525 1040 1588 είς
1064 1525 1196 1579 Θεὸν
1233 1525 1312 1596 μὴ
1360 1525 1723 1597 ἁμαρτάνειν,

118 1615 542 1688 ἀπαραϐλήτως
566 1619 803 1691 χαρήσῃ.

191 1706 337 1762 XLI.
370 1708 547 1777 Κάγὼ
576 1709 809 1781 Κλήμης
849 1709 1093 1774 ἀκούσας
1124 1708 1259 1781 ἔφην
1278 1727 1291 1739 ·
1328 1710 1567 1781 Ἀληθῶς
1599 1711 1721 1783 χαί-

1837 692 1981 747 inter
2017 692 2406 763 disputandum
2454 693 2522 750 de
2551 709 2662 749 uno
2691 694 2803 749 Deo
2838 707 2893 750 et
2922 695 3088 761 bono,
3114 697 3417 769 mundique

1836 794 2117 852 creatore,
2148 786 2400 841 haesitare
2434 801 2545 841 non
2575 786 2743 842 debes
2778 806 2791 841 :
2835 787 2931 843 sed
2962 802 3018 844 et
3049 789 3103 843 in
3142 790 3418 858 discepta-

1828 876 1984 931 tione
2014 877 2323 944 miraberis,
2356 893 2467 948 quo
2496 887 2654 949 pacto
2684 878 2836 950 impii
2868 881 3106 950 plurima
3159 882 3215 936 in
3265 880 3418 937 Scri-

1834 970 2013 1039 pturis
2040 985 2137 1040 pro
2166 970 2277 1025 Deo
2306 971 2451 1026 dicta
2496 972 2844 1043 relinquunt,
2884 983 2938 1029 et
2967 974 3321 1044 respicientes
3344 975 3413 1030 ad

1832 1077 1926 1130 ea,
1956 1078 2078 1133 quae
2099 1073 2290 1117 contra
2320 1064 2497 1133 ipsum
2531 1065 2732 1133 scripta
2759 1075 2924 1130 sunt,
2950 1066 3067 1121 haec
3094 1066 3201 1121 ιωῑί
3231 1068 3413 1136 prole-

1831 1162 1981 1220 runt,
2014 1154 2202 1226 sicque
2227 1156 2506 1210 auditores
2533 1156 2857 1227 ignorantiae
2877 1173 3029 1227 ergo,
3065 1173 3187 1228 quae
3218 1168 3410 1213 contra

1831 1244 2003 1301 Deum
2042 1256 2205 1312 sunt,
2235 1248 2521 1303 credentes
2545 1288 2563 1315 ,
2600 1248 2669 1303 ab
2696 1249 2847 1304 illius
2878 1264 3045 1321 regno
3088 1250 3405 1320 ejiciuntur.

1828 1338 2099 1405 Quocirca
2174 1350 2255 1406 tu,
2305 1342 2599 1397 occasione
2652 1342 2929 1397 dilationis
2997 1341 3408 1412 Scripturarum

1828 1434 2147 1504 mysterium
2176 1435 2415 1500 discens,
2447 1434 2694 1490 lucratus
2726 1450 2833 1490 non
2864 1450 3091 1506 peccare
3123 1436 3179 1490 in
3206 1435 3404 1505 Deum,

1828 1524 2244 1596 incomparabili
2268 1526 2467 1597 gaudio
2491 1526 2765 1582 alﬁcieris.

1890 1706 2031 1762 XLI.
2068 1706 2133 1761 Et
2154 1723 2254 1778 ego
2299 1707 2585 1772 Clemens,
2624 1723 2691 1764 eo
2729 1709 2957 1775 audito,
3002 1708 3114 1765 dixi
3146 1729 3160 1764 :
3192 1708 3405 1766 Revera

122 1801 328 1867 ρωκαὶ
376 1800 545 1871 χάριν
598 1800 847 1872 ὁμολογῶ
903 1801 984 1872 τῷ
1037 1802 1179 1856 κατὰ
1230 1802 1410 1856 πάντα
1455 1805 1715 1877 εὐεργέτῃ

1826 1801 2055 1869 gaudeo,
2082 1809 2134 1854 et
2153 1801 2358 1871 gratias
2391 1801 2568 1855 habeo
2595 1801 2841 1859 beneﬁce
2894 1817 3119 1871 prorsus
3148 1801 3281 1869 Deo,
3306 1803 3401 1874 qui

118 1892 240 1962 Θεῷ
262 1910 280 1923 ο
492 1892 656 1956 αὐτὸς
679 1888 817 1947 οἶδεν
837 1893 918 1947 ὅτι
958 1893 1086 1968 ἄλλο
1112 1912 1165 1948 τι
1213 1897 1433 1965 φρονεῖν
1464 1896 1527 1949 ού
1557 1895 1719 1968 δυνή-

119 1960 314 2055 σεμαι,
350 1961 403 2055 ἦ.
415 1960 440 2015 δ
466 1983 537 2038 τὰ
560 1984 740 2038 πάντα
760 1984 901 2057 ὑπὲρ
933 1960 1069 2039 Θεδῧ
1101 1960 1338 2058 φρονεῖν.
1364 1986 1526 2041 Ὅθεν
1554 1989 1625 2059 μή

117 2075 411 2149 ὖπολάόῃς
465 2077 542 2141 ὡς
591 2077 1005 2148 ἀμφιϐάλλοντα
1049 2082 1165 2143 τοῖς
1200 2080 1305 2133 ὑπὸ
1363 2063 1499 2133 eam
1539 2080 1721 2151 ῥηθεῖ-

119 2186 205 2222 σιν
234 2170 258 2201 ⁹
290 2168 327 2239 ἢ
371 2168 470 2222 καὶ
518 2168 915 2241 ῥηθησομένοις
968 2170 1014 2203 ¹⁶
1045 2171 1446 2235 πυνθάνεσθαι,
1490 2171 1604 2225 ἀλλ’
1636 2172 1721 2226 ἵνα

121 2261 315 2332 μαθὼν
344 2263 443 2316 καὶ
473 2262 635 2326 eam
662 2262 822 2318 ἀλλον
849 2264 1207 2336 εὐγνωμόνως
1240 2265 1281 2295 ¹¹
1312 2265 1504 2335 μαθεῖν
1538 2264 1719 2318 θέλον-

110 2373 185 2409 τα
218 2356 441 2423 διδάξαι
472 2356 703 2428 δυνηθῶ.
735 2357 827 2441 Διὶ)
861 2358 987 2427 λέγε
1012 2376 1123 2429 μοι,
1159 2359 1279 2412 τίνα
1307 2358 1426 2411 ἐστὶ
1453 2358 1521 2411 τὰ
1552 2376 1721 2429 προσ-

116 2449 352 2519 κείμενα
388 2449 433 2481 ¹¹
464 2448 632 2521 ψευδῆ
664 2452 785 2514 ταῖς
831 2451 1077 2523 Γραφαῖς
1118 2453 1213 2506 καὶ
1245 2450 1365 2514 πῶς
1384 2492 1400 2516 ,
1431 2451 1513 2504 ὅτι
1546 2450 1721 2515 ὅντως

115 2542 290 2612 ψευδῆ
342 2541 627 2611 τυγχάνει.
678 2543 791 2596 Καὶ
820 2544 850 2597 ὁ
892 2544 1097 2616 Πέτρος
1130 2544 1492 2615 ἀπεκρίνατο’
1531 2546 1641 2598 Καὶ
1671 2546 1719 2596 el

116 2636 193 2705 μή
220 2653 327 2706 μου
361 2635 592 2699 ἐπύθου,
626 2635 739 2705 ἐγὼ
767 2637 835 2708 τῇ
868 2636 1019 2705 τάξει
1051 2637 1211 2704 ἐξιὼν
1234 2637 1344 2691 τῶν
1373 2637 1547 2706 λόγων
1579 2656 1723 2709 παρ-

118 2730 265 2797 εῖχον
302 2728 405 2800 τὴν
443 2728 740 2795 ἀπόδειξιν,
773 2729 841 2799 ἢν
884 2728 1222 2801 ὑπεσχόμην.
1259 2730 1407 2801 Πλὴν
1445 2730 1676 2784 ἄκουσον
1700 2769 1716 2792 ,

121 2819 239 2883 πῶς
268 2820 444 2874 αὐτοῦ
475 2820 645 2875 πολλά
666 2820 1092 2891 καταψεύδονται
1113 2823 1172 2875 αἱ
1204 2804 1417 2894 Γραξαὶ
1442 2860 1456 2886 ,
1486 2824 1563 2887 ὡς
1593 2822 1719 2897 εἴσῃ

118 2914 473 2983 ὶντυγχάνων
504 2913 722 2977 αὐταῖς.

184 3004 360 3059 XLII.
396 3004 857 3078 Παραδείγματος
981 3006 1241 3094 ἓνξκενᾼβ
1262 3005 1332 3061 τά
1372 3008 1717 3080 ῥηθησόμενα

116 3098 419 3170 αὐτάρκως
449 3099 581 3165 ἓξει.
607 3101 726 3154 Οὐκ
747 3101 851 3169 72
883 3093 1034 3170 οἶμαι
1067 3092 1144 3164 δὲ,
1165 3092 1212 3154 ὧ
1244 3098 1365 3169 φίλε
1393 3100 1645 3172 Κλήμης,
1668 3100 1716 3153 εί

1823 1894 1986 1947 etiam
2020 1892 2124 1947 scit
2183 1908 2270 1948 me
2295 1892 2446 1948 aliud
2490 1893 2693 1948 sentire
2723 1910 2832 1947 non
2860 1908 3043 1964 posse,
3079 1894 3185 1950 nisi
3207 1904 3407 1951 cuncta

1823 2001 1923 2057 pro
1945 2001 2031 2041 eo.
2065 1985 2336 2052 Quocirca
2364 2002 2433 2042 ne
2456 1988 2669 2054 credas,
2704 2001 2826 2051 me,
2866 1988 3024 2057 quasi
3062 1987 3128 2042 de
3156 1985 3251 2042 Dei
3280 2003 3406 2043 ver-

1822 2078 1908 2134 bis
1935 2079 2021 2134 vel
2044 2080 2112 2134 de
2142 2080 2209 2135 iis
2227 2094 2349 2150 quae
2375 2079 2626 2135 dicturus
2654 2094 2714 2135 es
2730 2080 2994 2147 dubitem,
3026 2082 3402 2155 interrogare;

1822 2173 1918 2227 sed
1946 2181 2010 2228 ut
2040 2173 2310 2228 audiendo
2333 2173 2448 2243 ipse
2468 2188 2689 2243 quoque
2737 2172 2907 2228 alium
2950 2174 3181 2231 candide
3206 2177 3405 2232 audire

1821 2265 2226 2320 desiderantem
2276 2266 2476 2321 docere
2521 2267 2751 2321 valeam.
2786 2267 2996 2321 Idcirco
3018 2282 3232 2337 expone
3263 2270 3404 2324 mihi

1822 2374 2074 2428 quaenam
2117 2360 2226 2415 sint
2254 2358 2537 2415 mendacia
2569 2360 2622 2412 in
2674 2356 2977 2427 Scripturis
3004 2361 3277 2416 exstantia
3298 2402 3313 2426 ,
3349 2374 3405 2417 et

1821 2467 1932 2520 quo
1962 2451 2128 2506 modo
2156 2467 2283 2506 vere
2312 2451 2595 2506 mendacia
2613 2452 2741 2506 sint.
2765 2451 2843 2506 Ac
2858 2449 3053 2507 Petrus
3084 2455 3401 2523 respondit:

1817 2545 1974 2601 Licet
2016 2559 2103 2599 me
2154 2560 2265 2599 non
2299 2547 2730 2615 interrogasses,
2770 2558 2872 2611 ego
2908 2544 3158 2599 ordinem
3208 2561 3403 2616 prose-

1820 2653 1998 2708 quens
2048 2652 2362 2692 sermonum
2411 2635 2785 2691 exhibuissem
2827 2636 3356 2694 demonstrationem
3384 2679 3402 2703 ,

1820 2746 1985 2801 quam
2018 2731 2403 2800 promiseram.
2438 2727 2609 2799 Igitur
2633 2727 2785 2794 audi,
2813 2744 2925 2799 quo
2954 2740 3113 2799 pacto
3144 2731 3317 2787 multa
3345 2732 3401 2786 in

1820 2821 1991 2877 Deum
2045 2823 2379 2877 mentiantur
2426 2820 2763 2891 Scriptum,
2812 2823 3275 2892 quemadmodum
3306 2839 3403 2880 eas

1820 2914 2051 2986 legendo
2084 2915 2375 2985 intelliges.

1890 3008 2053 3062 XLII.
2081 3007 2326 3077 Exempli
2360 3015 2541 3060 autem
2571 3007 2746 3076 gratia
2766 3045 2782 3072 ,
2814 3020 2938 3077 quae
2960 3006 3243 3075 dicentur,
3281 3008 3400 3065 sut-

1823 3100 2023 3156 licient.
2066 3098 2134 3154 Et
2180 3114 2341 3165 vero,
2395 3101 2573 3153 amice
2602 3097 2855 3154 Clemens
2876 3139 2895 3164 ,
2928 3101 3115 3154 nescio
3141 3114 3210 3154 an
3244 3101 3401 3171 quis-

118 3191 421 3263 δυνήσεταί
464 3209 573 3257 τις,
617 3192 725 3247 κᾶν
773 3191 1032 3264 βραχεῖάν
1061 3210 1183 3245 τινα
1215 3191 1353 3264 πρὸς
1388 3192 1521 3246 Θεὸν
1554 3209 1714 3264 στορ-

1826 3209 2007 3264 quam,
2034 3194 2131 3263 qui
2172 3194 2257 3247 vel
2313 3195 2567 3261 exiguam
2599 3207 2729 3263 erga
2765 3189 2939 3247 Deum
2994 3192 3315 3249 charitatem
3342 3204 3401 3248 et

116 3286 220 3356 γὴν
259 3284 358 3338 καὶ
407 3284 837 3356 εὐγνωμοσύνην
880 3284 1203 3350 ἀποσώξων,
1238 3285 1648 3356 παραδέξασθαι
1674 3285 1712 3357 ἢ

114 3378 217 3432 κᾶν
245 3378 489 3431 ἀκοῦσαι
520 3378 589 3431 τά
613 3380 735 3432 κατ’
764 3377 927 3433 αὐτοῦ
972 3378 1263 3449 λεγόμενα.
1304 3378 1430 3442 Πῶς
1473 3378 1530 3433 δὲ
1569 3379 1715 3432 ἔστιν

114 3469 283 3524 αὐτόν
340 3488 465 3523 τινα
522 3472 861 3542 μοναρχικὴν
900 3469 1080 3541 ψυχὴν
1111 3470 1256 3541 ἔχειν
1290 3470 1403 3542 (55)
1448 3471 1543 3524 καὶ
1570 3471 1715 3524 ὅσιον

112 3562 412 3631 γενέσθαι,
460 3563 835 3635 προειληφότα
883 3562 966 3617 ὅτι
994 3562 1177 3616 πολλοί
1208 3563 1315 3616 είσι
1348 3562 1461 3616 θεοὶ
1494 3564 1587 3616 καὶ
1616 3563 1713 3633 οὐχ

116 3649 234 3720 sic;
271 3656 341 3708 El
360 3654 420 3709 δὲ
451 3656 547 3708 καὶ
586 3651 667 3718 εἷς
686 3694 701 3718 ,
729 3656 786 3709 ὲν
821 3654 1035 3718 πολλοῖς
1068 3653 1413 3727 άτοπήμασιν
1445 3656 1713 3727 εὑρίσκων

110 3747 307 3809 αὐτὸν,
361 3745 457 3809 τίς
506 3746 652 3810 ὅσιος
692 3745 738 3778 ⁸⁸
783 3746 1074 3801 σπουδάσει
1121 3747 1397 3816 γενέσθαι,
1450 3747 1551 3818 τὴν
1604 3747 1713 3800 τῶν

114 3838 256 3892 ὅλων
289 3837 475 3911 ἀρχὴν
514 3837 604 3892 διὰ
632 3838 704 3892 τὰ
736 3838 844 3892 ῖδια
870 3838 971 3909 τῆς
993 3837 1208 3909 φύσεως
1241 3840 1592 3911 ἀτοπήματα,
1624 3839 1711 3891 ὲλ-

114 3930 285 3995 πίσας
319 3932 399 4002 μὴ
426 3930 760 4002 ἐπέρχεσθαι
791 3930 860 3983 τὰ
891 3930 1069 3985 ἀλλων
1097 3931 1445 4002 ἀδικήματα;

182 4124 377 4181 XLIII.
414 4128 509 4211 Διὸ
539 4126 704 4198 ἀπείη
730 4126 774 4160 ’⁸
793 4127 1092 4192 πιστεύειν,
1128 4126 1209 4181 ὅτι
1231 4128 1259 4180 ό
1286 4125 1394 4180 τῶν
1416 4126 1555 4180 ὅλων
1613 4126 1711 4178 Δε-

117 4219 347 4290 σπότης,
390 4218 455 4283 ὃς
487 4218 717 4292 οὐρανὸν
744 4219 927 4274 ἔκτισε
956 4221 1051 4273 καὶ
1084 4219 1188 4290 γῆν
1210 4220 1306 4273 καὶ
1346 4218 1526 4271 πάντα
1552 4217 1623 4269 τά
1653 4218 1711 4269 ὲν

116 4312 327 4374 αὐτοῖς,
358 4310 575 4383 ἑτέροις
608 4311 945 4384 συνάρχει,ἢ
975 4313 1058 4365 ὅτι
1084 4311 1357 4383 ψεύδεταιο
1382 4311 1431 4363 εί
1459 4308 1569 4381 γὰρ
1587 4308 1713 4379 ψεύ-

113 4402 290 4467 δεται,
325 4404 423 4457 καὶ
453 4404 542 4467 τίς
571 4403 862 4476 ἀληθεύει;
896 4402 930 4475 ἢ
964 4403 1046 4457 ὅτι
1088 4401 1338 4474 πειράζει
1369 4402 1446 4465 ὡς
1476 4400 1709 4470 ἀγνοῶν,

118 4497 209 4548 καὶ
239 4495 330 4558 τίς
363 4493 763 4566 προγινώσκεις
822 4496 885 4548 Ei
932 4494 991 4548 δὲ
1033 4494 1352 4565 ἐνθυμεῖται
1391 4494 1487 4546 καὶ
1540 4509 1708 4563 μετα-

118 4588 364 4657 μελεῖται
391 4588 438 4618 ¹⁶
461 4626 477 4650 ,
513 4589 611 4641 καὶ
641 4587 726 4652 τίς
750 4587 827 4659 νῷ
856 4588 1063 4652 τέλειος
1094 4588 1189 4641 καὶ
1220 4584 1665 4659 γνώμῃέμμονος
1689 4602 1704 4651 ;

1816 3287 2257 3343 benevolentiam
2284 3294 2593 3351 conservet,
2618 3286 2819 3355 poterit
2848 3285 3093 3355 recipere
3117 3285 3202 3341 vel
3228 3285 3396 3341 etiam

1816 3382 2007 3437 audire
2032 3395 2156 3451 quae
2180 3388 2374 3436 contra
2401 3394 2525 3434 eum
2557 3379 2838 3434 dicuntur.
2862 3377 2981 3443 Qua
3000 3378 3149 3433 enim
3183 3379 3396 3433 ratione

1817 3474 1866 3529 is
1896 3474 2038 3529 idem
2081 3472 2322 3527 animam
2351 3471 2759 3527 mouarchicam
2793 3471 2995 3526 habeat
3021 3480 3076 3527 et
3097 3480 3284 3526 sancte
3313 3470 3396 3523 vi-

1818 3576 1927 3633 vat,
1969 3566 2064 3637 qui
2098 3576 2185 3621 est
2221 3574 2530 3635 praeventus
2552 3563 2828 3634 opinione,
2856 3562 3058 3618 multos
3090 3577 3213 3617 esse
3236 3563 3391 3628 deos,

1816 3675 1922 3714 non
1949 3675 2119 3714 unum
2135 3658 2158 3711 9
2173 3658 2268 3713 Vel
2289 3658 2336 3715 si
2362 3673 2506 3711 unus
2530 3665 2637 3724 est,
2659 3671 2784 3712 eum
2803 3655 2856 3710 in
2881 3656 3069 3711 multis
3090 3654 3394 3713 defectibus

1818 3753 2101 3807 inveniens
2152 3752 2278 3820 quis
2318 3750 2523 3805 nitetur
2552 3764 2678 3805 esse
2706 3758 2969 3814 sanctus,
3009 3748 3233 3819 quando
3263 3749 3391 3819 qui-

1814 3844 1937 3898 dem
1970 3843 2253 3913 sperabit,
2298 3843 2546 3897 omnium
2576 3840 2906 3934 principium
2955 3839 3127 3895 Deum
3169 3851 3393 3912 propter

1815 3945 2026 3990 natura;
2065 3950 2181 3991 sua:
2224 3934 2357 3990 vitia
2384 3973 2400 3999 ,
2440 3950 2551 3989 non
2585 3934 2879 3989 vindictam
2928 3942 3280 4005 sumpturum
3326 3940 3397 3991 de

1814 4027 2047 4083 aliorum
2069 4028 2321 4083 delictis?

1883 4116 2065 4171 XLIII.
2118 4117 2302 4183 Quare
2344 4115 2512 4181 absit,
2556 4124 2617 4169 ut
2646 4114 2923 4183 credatur,
2961 4117 3109 4188 quod
3138 4120 3389 4174 omnium

1813 4227 1997 4266 rerum
2028 4210 2315 4276 Dominus,
2347 4208 2440 4278 qui
2481 4208 2681 4264 caelum
2726 4224 2793 4264 ac
2837 4219 3040 4265 terram
3086 4212 3392 4280 omniaque

1813 4304 1922 4358 illis
1954 4310 2212 4357 contenta
2245 4300 2518 4366 condidit,
2543 4314 2669 4354 cum
2694 4300 2816 4355 aliis
2846 4300 3098 4370 imperet,
3120 4310 3218 4356 aut
3239 4304 3389 4372 quod

1813 4394 2147 4449 mentiatur:
2178 4407 2304 4446 nam
2340 4392 2385 4446 si
2409 4392 2694 4457 mentitur.
2719 4391 2845 4461 quis
2872 4406 3067 4447 verum
3096 4393 3266 4449 dicit?
3292 4403 3390 4449 aut

1813 4486 1959 4556 quod
1978 4492 2176 4547 tentet,
2208 4482 2369 4554 quasi
2401 4483 2661 4552 ignorans
2684 4500 2702 4536 :
2736 4483 2861 4553 quis
2889 4482 3037 4539 enim
3066 4498 3388 4555 pchgno-

1811 4579 1962 4637 seet?
1989 4577 2048 4633 Si
2073 4586 2255 4633 autem
2274 4576 2607 4639 considerat,
2623 4585 2678 4630 et
2698 4575 3019 4644 paenitentia
3042 4576 3283 4643 ducitur,
3300 4593 3389 4632 ec-

116 4671 177 4731 Εί
204 4680 264 4732 δὲ
299 4679 481 4751 ζηλοῖ,
540 4681 635 4737 καὶ
681 4679 767 4743 τίς
818 4680 1184 4751 ἀσύγκριτος;
1229 4679 1293 4732 Εἰ
1324 4679 1382 4731 δὲ
1416 4676 1706 4749 σκληρύνει

1826 4674 1934 4745 luis
1982 4681 2164 4727 mente
2221 4668 2493 4741 perfectus
2539 4678 2706 4738 atque
2751 4668 2982 4723 consilio
3025 4668 3279 4725 stabilis?
3324 4668 3385 4723 Si

116 4772 369 4843 καρδίας,
404 4772 504 4826 καὶ
528 4772 614 4836 τίς
648 4773 857 4842 σοφίζει
884 4789 899 4837 ;
932 4773 997 4826 EE
1026 4772 1084 4826 δὲ
1127 4772 1320 4841 τυφλοῖ
1350 4771 1446 4824 καὶ
1493 4771 1668 4839 κωφοῖ
1688 4809 1703 4833 ,

117 4868 209 4921 καὶ
234 4868 321 4930 τίς
352 4866 591 4922 δέδωκεν
625 4866 757 4937 ὀρᾷν
789 4866 885 4919 καὶ
910 4864 1167 4931 ἀκούειν;
1203 4864 1267 4917 El
1297 4862 1354 4916 δὲ
1382 4863 1703 4933 ἀποστερεῖν

1813 4763 2123 4827 aemulatur,
2156 4762 2280 4832 quis
2304 4758 2788 4829 incomparabilis?
2827 4757 2885 4813 Si
2933 4758 3155 4814 indurat
3190 4759 3382 4825 corda,

1810 4857 1933 4926 quis
1951 4855 2164 4911 erudit?
2186 4853 2242 4909 Si
2264 4853 2561 4909 caecitatem
2587 4860 2641 4905 et
2668 4851 2988 4907 surditatem
3000 4848 3237 4916 inducit,
3259 4849 3385 4919 quis

119 4957 502 5028 σδμὸουλεῦει,
550 4957 646 5010 καὶ¹
692 4956 775 5020 τίς
806 4955 1148 5026 δικαιοσύνην
1172 4954 1515 5025 νομιστεύεις
1549 4955 1613 5007 Εἰ
1645 4953 1703 5006 δὲ

1826 4949 1959 5004 ledit
1987 4947 2165 5003 visum
2199 4954 2254 5001 et
2301 4944 2587 4999 auditum?
2632 4942 2691 4996 Si
2722 4942 2979 4997 fraudare
3014 4941 3229 5007 suadet,
3255 4940 3383 5010 quis

121 5049 400 5119 ἐμπαίζει,
433 5048 531 5102 καὶ⁵
558 5049 643 5112 τίς
671 5048 1001 5120 είλικρινής;
1040 5048 1102 5100 El
1124 5046 1181 5099 δὲ
1200 5045 1482 5107 ἀδυνατεῖ,
1503 5045 1598 5098 καὶ
1620 5043 1704 5106 τίς

1836 5040 2077 5095 uslitiam
2107 5036 2486 5095 administrat?
2522 5034 2579 5091 Si
2606 5034 2802 5100 illudit,
2824 5033 2950 5105 quis
2977 5041 3063 5090 est
3088 5034 3338 5090 sincerus
3355 5031 3383 5085 1

1397 5156 1637 5213 VARI'A'J
1704 5153 2110 5210 LECTIONES.

186 5256 322 5326 ‘zﬁv
336 5257 400 5311 ο.
485 5255 657 5337 ’Θεοςι
677 5256 908 5326 ascripsi
924 5272 990 5312 ex
1153 5255 1621 5329 ι’παραλείποντες
1635 5252 1699 5307 C.
1763 5250 1786 5282 ⁷
1806 5246 2177 5320 mamma.
2255 5247 2329 5319 ’ἦ
2358 5244 2530 5303 om.0
2558 5287 2573 5310 ,
2592 5246 2686 5317 qui
2713 5242 2910 5301 deinde
2933 5241 3163 5369 φρονῶν.
3235 5242 3259 5276 ⁸
3280 5242 3379 5315 ῥή-

186 5344 278 5369 ιεπν
304 5327 369 5369 (ἶ,
408 5326 519 5369 ὑπὸ
558 5344 652 5369 σου
684 5326 923 5369 Ατιθρῖττιυ
944 5326 1293 5369 cnnhpndnm
1321 5324 1581 5369 ρρηςριῧ-
1661 5322 1705 5354 ¹⁰
1722 5320 2107 5369 ὸῇθτισοιιὲνων
2135 5318 2201 5369 0.
2280 5318 2631 5369 ¹¹γνωιιόνως
2661 5318 2723 5369 0.
2761 5316 2906 5369 Idem
2970 5313 3159 5369 υνηθῆ.
3238 5313 3281 5344 ¹²
3297 5313 3377 5367 lta

200 5324 371 5399 ath.
408 5326 519 5379 ὕπὸ
558 5327 652 5399 σοῦ
683 5324 923 5399 ῥηθεῖσιν
944 5324 1295 5399 scribendum
1321 5334 1507 5399 censet
1521 5324 1583 5399 ι).

1661 5316 2201 5393 ¹⁰ῥηθησομὲέρωνρσ
2280 5316 2631 5393 ῗίξγνωμόνφξ
2661 5318 2723 5393 9-
2761 5316 2906 5393 “9!?

222 5406 275 5451 et
315 5398 356 5450 S
415 5411 484 5468 ex
512 5384 771 5468 conject;
802 5396 1141 5468 προκείμενα
1171 5397 1239 5468 (3.7
1264 5395 1395 5451 Post
1424 5395 1541 5458 πῶς
1565 5394 1604 5468 S_
1640 5384 2475 5468 credideri[aliquidex‘cidisseé
2500 5387 2763 5468 velut'tvg.
2799 5384 2979 5468 μάθω.

2970 5313 3159 5415 {ivngi}.
3238 5313 3281 5344 “
3297 5313 3377 5367 lta

2970 5424 2979 5438 .
3116 5386 3276 5438 ἕνεκα
3309 5390 3371 5435 υ.

124 5466 165 5495 ¹⁸
182 5468 344 5522 αύτδν
370 5467 479 5531 τίς,
508 5454 779 5537 οὐχ’ὅσιος
802 5454 863 5521 υί
881 5454 1021 5521 Tum
1054 5467 1340 5537 legendum
1372 5454 1795 5527 esset—autemob
1812 5479 1895 5525 τις
1926 5454 2090 5523 ὅσιος.
2166 5458 2212 5532 ‘f
2232 5459 2322 5512 Διὸ
2335 5459 2383 5511 εί
2406 5458 2504 5527 μὲν
2533 5457 2701 5528 ἀπείη
2715 5458 2775 5512 0.
2802 5454 2812 5457 ’
2856 5454 2900 5487 ⁸⁸
2915 5455 3274 5527 μεταμέλεται
3306 5457 3371 5506 0.

1433 5573 1801 5632 VARIORUM
1820 5572 2072 5629 NOTAE.

191 5676 297 5758 (55)
335 5634 748 5758 Μονιιίῃίιμκῆν¹
779 5674 1019 5756 ψυχὴν.
1046 5675 1228 5758 ξχειγ.
1270 5670 1693 5758 ‘Monarebicum
1798 5668 1916 5758 vel
1935 5667 2029 5737 qui
2068 5665 2402 5723 monarchiac
2449 5673 2504 5720 et
2558 5664 2719 5720 unius
2774 5661 3106 5734 principatui
3165 5658 3368 5716 faveat.

126 5738 362 5803 animum
384 5738 644 5814 appellat,
669 5738 751 5800 vel
778 5738 909 5800 eum
930 5738 1023 5813 qui
1045 5738 1355 5800 dominetur
1386 5743 1439 5797 in
1470 5754 1690 5809 corpus,
1801 5738 1937 5792 Cor.

401 5840 682 5902 Ριτιιοι.
718 5837 835 5899 Gn.
867 5839 925 5899 ll
939 5889 944 5895 .

3136 5824 3174 5881 ι
