3868 6212
492 303 608 361 107
1314 301 1370 355 S.
1408 298 1797 355 CLEMENTIS
1830 299 1848 353 I
1891 299 2057 357 I'iOM.
2096 298 2298 359 PONT.
2337 299 2561 357 OPERA
2598 298 2829 355 DUBIA.
3658 299 3755 355 I83

497 424 558 477 Si
583 420 852 476 invalidus
882 426 965 474 est
990 459 1003 484 ,
1032 418 1157 488 quis
1184 427 1268 472 est
1294 418 1673 486 omnipotens?
1718 416 1775 469 Si
1834 417 1946 485 inju

2173 418 2349 472 πάντα
2378 418 2634 480 δύναται;
2663 417 2725 468 El
2758 416 2815 469 δὲ
2862 414 3054 477 ἀδικεῖ,
3089 415 3181 469 καὶ
3213 414 3296 479 τίς
3332 416 3583 482 δίκαιος;
3613 418 3677 471 Et
3706 420 3757 473 δὲ

498 526 581 569 est
602 555 618 580 ,
644 514 770 584 quis
797 511 1014 586 justus?
1047 510 1106 563 Si
1138 510 1281 563 mala
1309 518 1497 576 creat,
1526 508 1650 577 quis
1681 508 1821 562 bona
1872 508 1950 562 [ac

2173 510 2315 563 κακά
2340 509 2533 572 κτίζει,
2562 510 2656 562 καὶ
2683 509 2767 571 τίς
2799 508 2979 576 ἀγαθά
3015 508 3245 579 nptias-2t;
3281 510 3343 562 Εί
3372 508 3427 561 δὲ
3463 510 3560 562 καὶ
3592 512 3633 541 "
3661 529 3756 563 xa-

498 608 555 660 δι
580 606 719 659 mala
745 603 896 668 facit,
925 604 1049 672 quis
1074 601 1257 656 bona?

2172 603 2242 656 κά
2279 606 2441 666 ποιεῖ,
2467 602 2661 665 καὶ-τίς
2690 600 2907 670 ἀγαθά;

566 693 752 749 λων.
788 695 845 748 Si
868 708 998 747 vero
1030 700 1271 745 montem
1322 690 1576 759 pinguem
1616 690 1846 760 appetit,
1883 705 1950 755 cu

2240 694 2427 749 XLIV.
2459 696 2521 747 Et
2553 694 2610 747 δὲ
2639 694 2701 746 τὸ
2745 696 2867 747 πῖον
2910 691 3035 763 ὅρος
3065 692 3323 763 ἐπιθυμεῖ
3344 732 3358 756 ,
3382 693 3478 746 καὶ
3508 691 3666 755 τίνος
3696 693 3758 745 τά

495 804 622 842 nam
654 794 818 842 erunt
839 785 1075 840 cuncta?
1099 782 1158 838 Si
1191 784 1451 837 mentitur
1473 825 1488 849 ,
1512 783 1638 851 quis
1666 798 1834 836 verax
1858 793 1941 837 est

2172 788 2380 853 πάντα;
2420 789 2483 840 Εἰ
2514 786 2791 856 ψεύδεται,
2842 785 2936 838 καὶ
2967 785 3051 847 τίς
3072 783 3360 855 ἀληθεύει;
3397 785 3459 837 Et
3492 785 3551 836 ὲν
3584 788 3756 854 σκηνῇ

496 883 550 934 in
583 877 938 935 tabernaculo
968 874 1178 929 habitat
1204 914 1220 941 ,
1246 874 1373 943 quis
1404 873 1742 928 immensus?
1770 871 1828 926 Si
1857 873 1950 927 des

2172 882 2327 945 οἰκεῖ,
2382 881 2477 934 καὶ
2506 880 2590 943 τίς
2622 878 3032 949 ἀχώρητοςςΕί
3062 877 3120 930 δὲ
3160 877 3411 949 ὀρέγεται
3458 877 3569 947 73
3610 877 3760 930 κνίσ-

494 984 580 1029 rat
612 974 895 1035 nidorem,
955 970 1265 1034 sacriﬁcia,
1322 968 1577 1023 victimas
1623 975 1680 1021 et
1734 968 1950 1022 libation

2172 989 2271 1043 σης
2293 974 2335 1005 ¹⁸
2366 973 2461 1025 καὶ
2506 970 2704 1025 θυσιῶν
2731 972 2824 1024 καὶ
2854 969 3113 1041 θυμάτων
3151 969 3247 1022 καὶ
3287 970 3631 1041 προχύσεων,
3670 968 3759 1020 καὶ

495 1067 620 1136 quis
662 1066 867 1119 nullius
916 1063 1199 1134 indigens,
1258 1061 1383 1131 quis
1434 1068 1688 1124 sanctus,
1722 1061 1850 1130 quis
1876 1075 1945 1129 pu

2172 1064 2252 1127 τίς
2276 1064 2583 1136 ἀπροσδεὴς
2615 1064 2710 1116 καὶ
2734 1064 2819 1126 τίς
2853 1062 3006 1129 ἀγιος
3028 1062 3124 1115 καὶ
3152 1060 3236 1124 τίς
3268 1061 3513 1130 καθαρὸς
3547 1061 3647 1113 καὶ
3680 1060 3761 1122 τίς

493 1158 618 1227 quis
647 1156 955 1227 perfectus?
980 1154 1038 1208 Si
1068 1152 1371 1207 luminibus
1394 1166 1461 1205 ac
1487 1149 1725 1205 lucernis
1746 1151 1950 1206 delecta

2172 1157 2409 1222 τέλειος;
2444 1157 2506 1209 El
2556 1156 2770 1226 λύχνοις
2806 1156 2899 1208 καὶ
2944 1153 3189 1225 λυχνίαις
3222 1155 3515 1225 τέρπεται,
3553 1153 3651 1206 καὶ
3679 1154 3761 1215 τίς

491 1249 617 1319 quis
648 1247 936 1302 luminaria
966 1247 1019 1301 in
1051 1246 1191 1301 cmlo
1227 1244 1547 1299 constituit?
1579 1242 1636 1297 Si
1662 1244 1718 1297 in
1746 1244 1950 1314 caliginl

2172 1250 2297 1312 τοὺς
2330 1249 2622 1319 φωστῆρας
2666 1247 2852 1313 ἔταξεν
2882 1248 2938 1299 ὲν
2969 1246 3218 1317 οὐρανῷ;
3258 1247 3320 1299 EI
3353 1249 3409 1299 έν
3442 1248 3633 1317 γνόφῳ
3666 1247 3759 1298 καὶ

489 1341 731 1396 tenebris
757 1348 812 1395 et
835 1340 1075 1410 procella
1098 1348 1262 1409 atque
1289 1337 1445 1393 fumo
1484 1348 1757 1405 versatur,
1789 1340 1914 1408 quis
1944 1350 1950 1391 l

2173 1341 2348 1411 σκότῳ
2391 1341 2485 1393 καὶ
2513 1339 2709 1413 θυέλλῃ
2744 1340 2838 1392 καὶ
2870 1338 3064 1409 καπνῷ
3094 1336 3359 1401 σύνεστιν,
3395 1339 3491 1391 καὶ
3520 1339 3611 1401 τίς
3643 1338 3759 1406 φῶς

480 1449 653 1504 quam
688 1433 870 1487 lumen
925 1431 1228 1486 maximum
1278 1446 1456 1485 aevum
1507 1430 1816 1485 illuminat?
1846 1430 1904 1485 Si
1941 1451 1950 1483 ι

2172 1431 2245 1484 ὢν
2281 1432 2503 1501 φωτίζει
2530 1432 2622 1485 τὸν
2665 1432 2924 1503 μέγιστον
2960 1431 3165 1495 αἱῶνα;
3198 1431 3263 1483 Εἰ
3308 1429 3396 1483 διὰ
3436 1430 3759 1498 σαλπίγγων

490 1527 640 1582 tubis
669 1535 723 1582 et
751 1524 1238 1580 vociferationibus
1262 1532 1317 1578 et
1355 1523 1554 1594 jaculis
1584 1534 1639 1578 et
1666 1525 1879 1594 sagittis
1906 1540 1950 1579 at

2172 1525 2265 1579 καὶ
2296 1525 2625 1596 ἀλαλαγμῶν
2652 1526 2696 1559 ι’
2720 1526 2814 1578 καὶ
2846 1524 3067 1595 βολίδων
3084 1525 3176 1576 καὶ
3208 1522 3554 1593 τοξευμάτων
3584 1541 3761 1593 προσ-

488 1620 593 1685 nit,
642 1620 771 1689 quis
805 1627 890 1673 est
921 1616 1167 1672 omnium
1213 1626 1528 1686 exspectata
1574 1616 1941 1686 tranquillitas

2172 1616 2411 1688 έρχεται,
2467 1619 2560 1670 καί
2590 1617 2673 1681 τίς
2704 1619 2738 1688 ή
2760 1617 2867 1669 τῶν
2896 1616 3031 1669 ὅλων
3054 1615 3413 1688 προσδόκιμος
3436 1614 3685 1685 γαλήνη;
3711 1618 3760 1668 εξ

488 1713 610 1783 ipse
634 1712 774 1766 bella
795 1711 990 1781 diligit,
1013 1711 1139 1781 quis
1161 1725 1353 1779 pacem
1379 1708 1602 1764 vult?Si
1632 1710 1774 1764 mala
1802 1710 1950 1780 ipset

2173 1709 2442 1779 πολέμους
2465 1710 2627 1773 αὐτὸς
2648 1711 2858 1781 ἀγαπᾷ,
2894 1709 2990 1762 καὶ
3020 1709 3105 1772 τίς
3134 1710 3355 1780 εἰρήνην
3382 1706 3522 1760 θέλει
3546 1724 3562 1771 ;
3599 1709 3650 1760 εί
3692 1709 3762 1761 τά

488 1770 588 1870 dit,
620 1805 746 1873 quis
775 1770 1111 1857 facitvbonla?
1136 1770 1194 1856 Si
1221 1802 1395 1857 durus
1426 1802 1573 1872 ipse,
1604 1802 1729 1873 quis
1762 1770 1950 1857 liumar

2172 1770 2321 1853 κακά
2346 1770 2507 1865 αὐτὸς
2529 1770 2725 1866 κτίζεί,
2748 1770 2943 1865 καὶ-τίς
2976 1770 3155 1871 ἀγαθά
3186 1770 3505 1873 ὐήμίουργεῖ
3527 1819 3543 1867 ;
3576 1803 3640 1854 Et
3669 1804 3763 1856 αὐ-

478 1895 548 1949 Si
577 1895 749 1949 ﬁdelis
771 1911 878 1949 non
910 1903 996 1949 est
1022 1895 1075 1948 in
1104 1894 1416 1964 promissis,
1442 1894 1529 1947 cui
1555 1894 1845 1949 credetur?
1868 1893 1924 1948 Si

2172 1891 2260 1956 τὸς
2292 1893 2553 1965 άστοργος
2576 1896 2643 1960 ὀ,
2679 1896 2775 1948 καὶ
2806 1895 2890 1959 τίς
2926 1893 3340 1966 φιλάνθρωπος;
3387 1897 3451 1948 EI
3486 1894 3651 1957 αὐτὸς
3673 1912 3763 1947 πι-

487 1989 573 2043 los
602 1996 749 2042 amat
780 1997 836 2042 et
870 1988 1149 2043 adulteros
1173 1996 1228 2041 et
1252 1986 1573 2052 homicidas,
1606 1988 1731 2056 quis
1762 1987 1950 2057 eritju:

2172 1986 2296 2049 στὸς
2325 1986 2427 2040 οὐκ
2468 1986 2583 2039 ἔστι
2626 1988 2755 2056 περὶ
2781 1980 2856 2040 ὧν
2888 1987 3267 2057 ὑπισχνεῖται,
3299 1988 3395 2040 καὶ
3420 1987 3506 2050 τίς
3535 2003 3761 2039 πιστευ-

479 2080 688 2149 'judcx?
717 2077 775 2132 Si
804 2094 929 2134 eum
954 2078 1206 2149 pmnitet,
1238 2076 1364 2147 quis
1406 2087 1489 2131 est
1511 2077 1806 2131 constans?
1831 2077 1887 2133 Si
1915 2078 1947 2134 d

2172 2076 2428 2150 θήσεται;
2458 2079 2520 2131 EI
2567 2079 2729 2142 αὐτὸς
2761 2080 3031 2150 πονηροὺς
3067 2081 3163 2132 καὶ
3208 2080 3430 2150 μοιχοὺς
3459 2070 3555 2132 καὶ
3578 2082 3761 2149 φονεῖς

490 2187 598 2239 que
626 2171 799 2226 malos
825 2170 997 2241 eligit,
1027 2169 1283 2239 quisnam
1315 2168 1551 2224 admittit
1574 2170 1789 2224 bonos?

2172 2171 2377 2243 ἀγαπᾷ,
2409 2172 2503 2225 καὶ
2536 2172 2618 2235 τίς
2652 2171 2803 2223 ἔσται
2824 2170 3084 2233 ¹¹δίκαιος
3098 2171 3580 2244 κριτήςςΕίαύτὸς
3601 2189 3761 2242 μετα-

2172 2264 2434 2334 μελεῖται,
2469 2264 2562 2316 καὶ
2594 2263 2678 2326 τίς
2707 2262 2951 2333 βέϐαιος;
3007 2264 3071 2315 Εἰ
3102 2263 3263 2326 αὐτὸς
3301 2266 3503 2328 κακοὺς
3529 2265 3758 2333 ἐκλέγε-

2168 2373 2279 2422 ται,
2310 2357 2405 2409 καὶ
2429 2357 2515 2417 τίς
2536 2354 2778 2424 ἀγαθοὺς
2809 2354 3119 2426 προσίεται;

560 2432 724 2487 XLV.
756 2431 1096 2499 Quocirca,o
1124 2429 1199 2484 ﬁli
1222 2427 1498 2492 Clemens,
1523 2425 1708 2481 inhibe
1735 2432 1809 2491 te,
1828 2438 1897 2479 ne
1919 2438 1948 2477 a

2238 2447 2401 2501 XLV.
2436 2448 2550 2527 At},
2654 2423 3129 2518 τέκνον-Κλήμης,
3178 2447 3365 2519 ἔπεχε,
3404 2449 3479 2521 μὴ
3526 2448 3661 2527 ἀὶρςο
3703 2468 3760 2503 τι

484 2528 554 2580 de
584 2526 693 2579 Deo
722 2524 949 2587 sentias,
978 2538 1146 2593 quam
1203 2522 1350 2592 quod
1376 2521 1492 2590 ipse
1535 2520 1689 2573 solus
1731 2518 1806 2574 sit
1844 2517 1950 2572 Deu

2172 2540 2444 2612 φρονήσῃς
2474 2511 2603 2610 ⁸τῖτερὶ
2627 2540 2721 2591 τοῦ
2758 2538 2915 2601 Θεοῦ,
2939 2511 3255 2610 αὐτὸς
3468 2511 3760 2606 ’ἐστῖΘεὸς

476 2618 758 2673 -υοηιίιιιιε
789 2626 846 2671 et
871 2622 1028 2685 pater
1058 2615 1236 2669 bonus
1264 2628 1329 2668 ac
1357 2613 1542 2683 justus
1568 2620 1807 2678 creator,
1830 2611 1950 2681 path

2172 2633 2263 2685 καὶ
2295 2611 2499 2701 Κύριος
2520 2632 2614 2683 καὶ
2633 2630 2813 2702 πατὴρ
2835 2630 3037 2699 ἀγαθὸς
3060 2633 3151 2684 καὶ
3171 2631 3376 2695 δίκαιος
3398 2633 3759 2705 δημιουργὸς,

485 2711 824 2775 misericors,
848 2709 1107 2773 nutritor,
1140 2706 1441 2772 beneﬁcus,
1464 2704 1823 2761 humanitatis
1848 2704 1950 2771 legi

2172 2708 2525 2795 μακρόθυμος
2547 2762 2562 2786 ,
2595 2723 2845 2794 ἐλεήμων
2869 2763 2883 2785 ,
2930 2724 3187 2794 τροφεὺς,
3222 2724 3534 2796 εὐεργέτης,
3566 2704 3762 2795 φιλαν-

470 2813 593 2870 tor,
644 2802 913 2858 caStitatis
978 2801 1366 2865 consiliarius,
1422 2810 1691 2865 mternus,
1738 2798 1950 2853 teternit

2172 2814 2410 2888 θρωπίαν
2443 2814 2797 2884 νομιστεύων,
2832 2814 3052 2882 ἁγνείαν
3085 2815 3488 2885 συμϐουλεύων,
3512 2817 3762 2882 αἰώνιος,

485 2908 699 2962 auctor,
754 2894 1225 2965 incomparabilis,
1256 2894 1311 2947 in
1343 2893 1616 2949 bonorum
1648 2892 1849 2947 animis
1901 2891 1950 2945 ha

2172 2905 2419 2968 αἰωνίους
2450 2905 2639 2971 ποιῶν,
2670 2906 3021 2978 ἀσύγκριτος,
3042 2909 3164 2969 ταῖς
3186 2907 3295 2960 τῶν
3313 2908 3532 2977 ἀγαθῶν
3553 2910 3764 2981 ψυχαῖς

470 2999 632 3055 'tans,
665 2991 1033 3059 imperceptus
1053 2997 1108 3043 et
1136 2996 1445 3058 perceptus,
1473 2987 1568 3056 qui
1600 2986 1655 3040 in
1699 2984 1910 3039 inﬁnito
1947 3000 1950 3037 1

2172 2998 2522 3069 οἰκιζόμενος,
2553 2997 2837 3068 ἀχώρητος
2858 3000 2952 3051 καὶ
2985 2998 3351 3070 χωρούμενος,
3389 3003 3418 3053 ό
3444 3002 3500 3053 ὲν
3542 3002 3766 3074 ἀπείρῳ

485 3098 653 3151 gnum
679 3097 854 3136 aevum
883 3091 1143 3150 tauquam
1165 3087 1413 3134 centrum
1445 3078 1580 3143 ﬁxit,
1616 3078 1709 3148 qui
1739 3077 1941 3132 coelum

2172 3090 2257 3143 τὸν
2310 3090 2483 3161 μέγαν
2530 3090 2701 3143 αἰῶνα
2754 3092 2831 3154 ὡς
2880 3091 3104 3161 κέντρον
3133 3093 3180 3123 ¹¹
3229 3092 3425 3163 πήξας,
3476 3096 3767 3166 όούρανὸι

468 3175 676 3245 pandit
695 3183 750 3229 et
777 3183 978 3229 terram
1007 3172 1299 3241 compegit,
1329 3185 1528 3239 aquam
1556 3169 1881 3234 recondidit,
1911 3183 1950 3223 a:

2172 3183 2499 3252 ὲφαπλώσας
2531 3182 2626 3237 καὶ
2683 3185 2785 3254 γῆν
2821 3183 3082 3249 πιλώσας,
3119 3184 3263 3255 ὕδωρ
3314 3186 3617 3256 ταμιεύσας
3640 3229 3657 3253 ,
3696 3189 3765 3242 ἇ-

484 3268 541 3320 in
589 3267 729 3322 coelo
782 3264 1076 3335 disposuit,
1139 3272 1341 3318 terram
1373 3261 1499 3317 fecit
1533 3270 1744 3317 scatere
1791 3259 1950 3316 fontil

2172 3294 2307 3350 στρα
2339 3277 2397 3330 ὲν
2422 3277 2634 3348 οὐρανῷ
2656 3276 2879 3340 διαθεὶς,
2904 3276 3085 3347 πηγὰς
3112 3279 3182 3347 γῇ
3235 3276 3437 3348 βρύσας
3457 3318 3472 3341 ,
3506 3282 3767 3350 καρποὺς

485 3360 700 3413 fructus
745 3357 1025 3428 produxit,
1062 3364 1279 3411 montes
1334 3354 1388 3409 in
1424 3355 1596 3409 altum
1638 3352 1882 3417 sustulit,
1922 3368 1950 3405 n

2172 3369 2430 3438 ἑκφύσας,
2455 3369 2559 3440 ὅρη
2587 3366 2829 3438 ὐψώσας,
2857 3368 3130 3422 θάλασσαν
3151 3370 3488 3441 περιορίσας,
3520 3372 3769 3442 ἀνέμους

487 3452 751 3506 terminos
795 3450 966 3515 dedit,
995 3457 1189 3504 ventos
1216 3463 1282 3503 ac
1331 3446 1491 3500 ﬂatus
1518 3443 1825 3506 ordinavit;
1857 3441 1949 3512 qui

2172 3477 2226 3513 τε
2258 3460 2366 3533 74
2386 3462 2481 3514 καὶ
2512 3461 2799 3532 πνεύματα
2825 3460 3099 3526 διατάξας,
3115 3462 3217 3515 ὁτὺ
3234 3463 3488 3534 περιέχον
3512 3441 3680 3535 σῶμα
3705 3469 3768 3518 ὲν

476 3543 703 3612 corpori
731 3541 994 3596 ambienti
1030 3541 1084 3595 in
1110 3541 1378 3594 immenso
1423 3538 1636 3609 pelago,
1670 3550 1768 3606 per
1807 3534 1950 3604 spiril

2172 3553 2383 3624 ἀπείρῳ
2408 3553 2637 3622 πελάγει
2664 3552 2934 3623 πνεύματι
2981 3554 3179 3626 βουλῆς
3209 3556 3255 3587 ³³
3284 3534 3758 3629 ἀσφαλισάμενος.

470 3636 701 3692 consilii
724 3635 831 3700 sui,
858 3634 1206 3690 securitatem
1246 3632 1458 3686 tribuit.

557 3726 743 3782 XLVI.
780 3726 879 3782 llic
930 3736 1119 3782 noster
1140 3725 1309 3795 judex
1340 3733 1444 3791 est,
1486 3723 1543 3777 in
1601 3737 1764 3792 quem
1796 3722 1950 3776 intue

2236 3730 2422 3785 XLVI.
2456 3725 2623 3796 Οῦτος
2656 3732 2813 3804 ὴμῶν
2840 3734 3122 3807 δικαστὴς,
3155 3736 3235 3799 εἰς
3260 3736 3319 3789 ὃν
3348 3736 3767 3803 ἀποϐλέποντας

483 3828 701 3890 oportet
764 3819 979 3874 animas
1019 3825 1235 3873 nostras
1278 3816 1591 3882 emendare,
1641 3814 1827 3870 omnia
1860 3828 1950 3883 pro

2172 3826 2273 3897 χρὴ
2292 3824 2393 3887 τὰς
2423 3825 2635 3879 ἑαυτῶν
2663 3826 2962 3898 κατορθοῦν
2988 3827 3186 3898 ψυχὰς,
3217 3829 3392 3883 πάντα
3413 3830 3557 3901 ὑπὲρ
3588 3832 3639 3863 ιδ
3667 3834 3769 3884 αὑ*

483 3913 745 3982 cogitare,
795 3910 897 3981 ipsi
928 3910 1280 3976 benedicere;
1314 3918 1477 3979 atque
1507 3923 1604 3978 pro
1637 3915 1788 3962 certo
1832 3906 1950 3961 habt

2172 3918 2259 3971 τοῦ
2288 3917 2567 3983 νοοῦντας,
2601 3919 2768 3973 αὐτὸν
2793 3920 3195 3991 εὐφημοῦντας,
3241 3922 3650 3992 πεπεισμένους
3679 3926 3768 3978 ὅτι

484 4006 632 4073 quod
665 4020 763 4059 sua
795 4002 1051 4073 patientia
1076 4001 1477 4072 improbitatem
1509 4008 1834 4055 cunctorum
1866 4000 1921 4053 in

2172 4013 2232 4080 τῇ
2269 4010 2434 4064 αὐτοῦ
2456 4011 2811 4084 μακροθυμίᾳ
2832 4013 3050 4066 πάντων
3071 4014 3171 4086 τὴν
3192 4014 3519 4087 προπέτειαν
3552 4018 3636 4080 είς
3659 4036 3771 4087 φα-

485 4097 686 4151 hlicum
710 4096 987 4150 adducens
1010 4096 1160 4150 solus
1186 4095 1401 4149 exsistit
1423 4094 1620 4149 bonus.
1664 4092 1825 4163 Isque
1869 4094 1925 4147 in

2172 4101 2320 4172 νερὸν
2352 4103 2503 4170 ἄγων
2537 4104 2699 4174 μόνος
2729 4104 2935 4172 ἀγαθός
2965 4105 3132 4158 ἐστιν.
3162 4106 3275 4159 Καὶ
3315 4102 3468 4169 οὗτος
3496 4108 3593 4161 ἐπὶ
3613 4110 3767 4162 τέλει

485 4189 727 4243 universi
759 4188 1057 4258 unicuique
1087 4187 1395 4242 facinorum
1429 4197 1620 4242 contra
1665 4187 1935 4241 rationem

2172 4193 2258 4246 τοῦ
2288 4195 2489 4258 παντὸς
2519 4196 2734 4267 ἑκάστῳ
2751 4196 2861 4249 τῶν
2891 4196 3302 4268 τετολμηκότων
3320 4197 3356 4253 ἃ.
3386 4199 3462 4271 μὴ
3480 4201 3657 4272 ἐχρῆν
3684 4202 3766 4254 δί-

472 4283 783 4335 missorum
808 4280 993 4349 justus
1039 4279 1350 4348 prmsidebit
1374 4279 1562 4348 judex.

2172 4302 2319 4348 καιος
2349 4286 2853 4358 προκαθεσθήσεται
2882 4290 3096 4359 κριτής.

558 4364 767 4421 XLVII.
800 4366 897 4422 His
924 4382 1027 4437 ego
1048 4366 1304 4421 Clemens
1331 4368 1533 4423 auditis
1570 4368 1725 4423 dico:
1756 4366 1895 4423 Vere
1926 4368 1950 4421 i‘.

2235 4376 2443 4431 XLVII.
2482 4378 2665 4431 Ταῦτα
2692 4378 2805 4449 ἐγὼ
2824 4380 3056 4452 Κλήμης
3090 4381 3349 4446 ἀκούσας,
3383 4381 3551 4453 ἔφην·
3607 4385 3771 4458 Ἀλη-

484 4460 678 4529 religio
708 4467 816 4527 est,
843 4474 971 4514 vere
1000 4458 1133 4514 illud
1162 4459 1357 4528 pietas.
1388 4459 1701 4529 Iterumque
1724 4460 1849 4514 aio:
1880 4459 1950 4514 Cu

2172 4469 2278 4533 θῶς
2298 4469 2457 4523 τοῦτο
2484 4470 2781 4535 θεοσέϐεια,
2800 4472 2957 4525 τοῦτο
2981 4473 3196 4545 ἀληθῶς
3219 4476 3264 4505 ’⁸
3287 4475 3557 4529 εὐσέϐεια.
3586 4478 3769 4532 Πάλιν

473 4568 600 4605 rem
630 4553 795 4622 igitur
827 4553 969 4607 scire
996 4592 1013 4617 ,
1061 4560 1393 4621 quapropter
1422 4567 1488 4606 eo
1516 4555 1678 4607 modo
1706 4551 1897 4621 scripti
1930 4569 1950 4606 ε

2172 4580 2222 4616 τε
2256 4563 2389 4635 ἔφην
2409 4581 2423 4594 ο
2458 4562 2686 4617 Ἥθελον
2709 4563 2899 4634 μαθεῖν
2926 4560 3038 4629 οῦν,
3060 4565 3148 4618 διὰ
3164 4565 3217 4618 τί
3244 4566 3414 4629 οὕτως
3433 4568 3772 4642 ἐγράφησαν

482 4644 609 4697 libri
636 4646 798 4699 sacri.
831 4643 1051 4698 Memini
1081 4643 1281 4713 quippe
1309 4652 1363 4698 te
1399 4642 1607 4699 dixisse
1651 4645 1705 4699 id
1730 4644 1934 4699 factum

2172 4655 2221 4707 αἱ
2256 4654 2459 4707 Βίϐλοι.
2510 4655 2809 4726 Μέμνημαι
2858 4655 2967 4729 γὰρ
2999 4656 3073 4719 ὡς
3117 4657 3275 4728 ἔφης,
3308 4659 3491 4721 ὅτιείς
3532 4660 3771 4731 ἔλεγχον

484 4736 868 4806 coarguendos
923 4751 1020 4790 eos
1043 4735 1133 4805 qui
1167 4735 1405 4805 aliquid,
1434 4737 1580 4806 quod
1629 4737 1836 4791 dictum
1865 4738 1937 4791 sit

2172 4746 2273 4799 τῶν
2309 4746 2609 4817 μελλόντων
2629 4746 2835 4818 τολμᾷν
2865 4748 3140 4804 πιστεύειν
3156 4768 3208 4802 τι
3228 4752 3273 4782 ²⁶
3300 4751 3594 4822 λεγόμενον
3614 4758 3773 4810 κατά

486 4843 679 4882 versus
710 4826 1138 4892 Deum,‘temere
1163 4828 1426 4883 credituri
1454 4827 1766 4884 eram-Sed
1798 4845 1946 4900 quon

2172 4838 2261 4891 τοῦ
2291 4837 2448 4892 Θεοῦ.
2485 4840 2632 4921 Πλῂν
2670 4841 2793 4893 ἐπεὶ
2823 4840 3022 4913 χαρίζῃ
3063 4844 3195 4912 ἡμῖν
3239 4844 3609 4897 πυνθάνεσθαί
3669 4866 3773 4901 σου

486 4921 743 4976 concedis
767 4921 950 4987 nobis,
979 4935 1224 4990 quaerere
1246 4936 1314 4977 ex
1334 4930 1388 4976 te
1411 4922 1489 4976 uti
1517 4922 1690 4989 lubet,
1719 4922 1950 4993 interrog

2172 4930 2243 4993 ὡς
2279 4929 2578 5003 βουλόμεθα
2601 4932 2667 4997 ’⁷,
2704 4933 3068 4987 πυνθάνεσθαι
3098 4936 3409 5008 τολμῶμεν,
3448 4936 3543 4991 σοῦ
3578 4942 3775 4994 κελεύ-

480 5011 776 5077 ‘audemus,
804 5024 855 5067 te
879 5013 1128 5083 jnbente.
1151 5011 1210 5067 Si
1245 5014 1391 5083 quis,
1424 5014 1750 5069 charissime
1787 5014 1950 5070 Petre

2172 5040 2379 5088 σαντος·
2412 5026 2557 5089 εἴτις
2587 5025 2891 5097 βουληθείη,
2919 5027 3138 5097 φίλτατε
3166 5029 3362 5098 Πέτρε,
3381 5030 3562 5098 λέγειν
3591 5034 3773 5105 ἡμῖν·

486 5103 736 5157 animum
777 5103 1258 5160 induxeritdicere
1299 5105 1458 5161 nobis
1494 5125 1506 5159 ε
1540 5105 1835 5162 Veritatem
1869 5122 1950 5162 eo;

2181 5116 2378 5188 Ἀληθῆ
2401 5118 2522 5170 ἐστι
2551 5117 2619 5170 τὰ
2638 5118 3017 5190 γεγραμμένα,
3037 5118 3137 5172 κᾶν
3151 5120 3197 5152 ’⁸
3214 5137 3295 5174 σοι
3326 5122 3494 5193 ψευδῆ
3524 5103 3669 5196 δοκῇ
3705 5129 3776 5180 τὰ

485 5203 620 5250 nent
645 5210 768 5265 qua:
788 5197 843 5250 in
860 5196 1047 5251 Deum
1071 5196 1214 5253 dicta
1241 5212 1306 5252 ac
1332 5198 1533 5267 scripta
1577 5208 1726 5263 sunt,
1778 5199 1906 5255 licet

2172 5209 2310 5261 κατὰ
2337 5209 2429 5262 τοῦ
2452 5209 2586 5263 Θεοῦ
2606 5209 2863 5281 ρηθέντα·
2895 5210 3013 5276 πῶς
3037 5212 3425 5284 άποκριθῶμεν
3455 5213 3611 5285 αὐτῷ
3635 5232 3655 5282 ;

477 5288 775 5343 wideantur
815 5287 980 5344 falsa:
1015 5306 1124 5360 quo
1155 5291 1317 5346 modo
1342 5291 1417 5344 illi
1452 5292 1950 5361 respondebimus?

1756 5403 1998 5457 VARIAB
2065 5405 2364 5464 LECTION
2373 5410 2477 5466 ES.

557 5490 674 5572 π’δέ
706 5491 857 5576 deest
876 5488 1029 5576 in'p.
1117 5492 1161 5525 ¹⁸
1178 5493 1365 5576 κνίσης
1391 5489 1476 5558 0.,
1499 5510 1673 5576 quam
1692 5496 1924 5576 formam
1954 5496 1993 5576 ξ
2048 5501 2611 5576 taciteAcgommutavit
2648 5504 2701 5576 in
2729 5502 2978 5576 κνίσσης,
3015 5512 3077 5560 ut
3109 5520 3219 5576 scr.
3244 5505 3311 5561 0.
3345 5503 3483 5564 Vide
3509 5508 3739 5570 Dindor
3759 5546 3773 5558 -

483 5565 628 5644 Ilum.
655 5563 707 5615 in
733 5561 894 5644 Ilom.
939 5561 1077 5616 Tum
1105 5561 1567 5644 ’τιῖροσχύὶςεωνᾼῷ⁸
1604 5567 1674 5644 _"
1708 5567 2125 5644 spumoso.
2151 5642 2173 5644 υ
2192 5571 2525 5644 ’θ-ᾷστοργος
2556 5575 2720 5638 αὐτός
2741 5575 2802 5627 C.
2880 5561 3062 5629 ἐἴστι
3091 5575 3154 5630 0.
3262 5579 3308 5608 "
3325 5561 3410 5632 Ad
3432 5561 3770 5643 adﬂat,

481 5632 2650 5729 2“.‘.’E‘,:-?E;'¥.““-lt:’§é"i€*"?3~.,’19‘_é°:?iiﬁ<.i?é§!ﬁ°“ﬁi"manifeste:
2686 5632 3302 5729 έεάρέξιυεὲξιῐιρεξςιιω
3331 5632 3770 5729 ἐσφελέξρέιῖιῖἰ

489 5702 547 5756 S.
562 5700 864 5787 PeestinO
886 5772 898 5787 ι
961 5700 1147 5787 Ini.)
1188 5700 1273 5774 p'r.
1298 5721 1377 5787 In.
1400 5705 1452 5758 in
1471 5721 1643 5787 marg.
1663 5700 2286 5787 Ex_ov.;EEid_en§‘varie-tas
2305 5700 2549 5768 occurrit
2567 5716 2707 5787 infra
2726 5731 2775 5768 (ι.
2795 5700 2912 5787 δε]
2963 5716 3008 5746 ’⁵
3025 5700 3775 5787 ἀληθῶς-τοῦτόᾶνῖίβέίξὶ

487 5774 817 5845 τιυίιινιεὺρι
840 5772 918 5825 τό.
971 5774 1014 5807 ³⁷
1038 5771 1173 5831 Vbb.
1189 5771 1571 5831 ’πυνθάνεσθαί
1594 5771 1776 5842 eam;
1796 5779 2094 5851 βουλόμεθα
2126 5795 2557 5841 acccsseruntcx
2585 5785 2650 5841 Ο.
2727 5787 2773 5818 ⁸³
2791 5784 2892 5837 κάν
2924 5785 3097 5842 om.0
3118 5771 3143 5858 ’,
3170 5771 3262 5848 ulli
3294 5798 3407 5845 lum
3439 5771 3551 5847 ἐότ.
