3868 6212
454 374 548 429 ΠΙ

1300 372 1356 424 S.
1392 362 1786 421 CLEMENTIS
1818 364 1837 419 I
1880 364 2043 420 ROM.
2083 363 2283 420 PONT.
2322 364 2549 420 OPEIIA
2579 364 2809 419 DUBIA.

3580 368 3688 424 ΗΞ

524 484 629 541 LII.
660 481 955 552 Respondit
1006 479 1229 536 Petrus:
1262 480 1423 533 Recte
1459 482 1641 549 itaque
1685 496 1790 531 non
1845 478 2007 532 credo

2181 477 2285 531 LII.
2324 479 2432 531 Καὶ
2464 481 2492 532 ό
2519 479 2723 550 Πέτρος
2756 478 3086 549 ἀπεκρίνατο
3112 478 3176 509 ²¹¹’
3208 477 3415 531 Οὐκοῦν
3446 478 3691 547 εὐλόγως

450 577 713 633 adversus
737 574 925 638 Deum,
953 589 1052 629 nec
1083 573 1343 627 adversus
1368 572 1547 641 justos
1576 571 1627 624 in
1658 571 1774 639 lege
1799 585 2009 623 memo-

450 676 617 731 ratos,
649 666 869 735 impiam
894 681 1229 735 prazsumens
1251 665 1583 733 opinionem.
1616 662 1686 717 Ut
1708 664 1851 717 enim
1877 663 2010 717 mihi

449 758 769 827 persuadeo,
798 772 976 826 neque
1005 758 1245 812 Adamns
1272 765 1643 827 transgressor
1695 755 1817 821 fuit,
1848 770 2009 826 quem

448 850 544 905 Dei
577 865 770 905 manus
806 850 1209 919 parturierunt:
1264 864 1441 920 neque
1480 847 1595 905 Noe
1648 849 1856 917 ebrius,
1917 848 2009 919 qui

446 957 558 1009 pra:
585 942 733 998 omni
759 942 962 996 mundo
987 942 1171 1012 justus
1206 941 1459 997 inventus
1482 950 1597 997 est:
1624 957 1801 1011 neque
1833 941 2011 995 Abra-

449 1036 643 1090 hamus
668 1044 777 1089 tres
802 1034 967 1089 simul
1006 1035 1195 1090 habuit
1218 1050 1437 1102 uxores,
1466 1036 1559 1105 qui
1591 1044 1811 1105 propter
1848 1034 2013 1089 casti-

448 1137 611 1182 tatem
658 1129 892 1185 donatus
925 1136 1010 1183 est
1060 1128 1355 1183 liberorum
1404 1129 1785 1183 multitudine:
1835 1143 2013 1197 neque

447 1221 681 1277 Jacobus
726 1232 962 1291 quatuor
1011 1221 1191 1287 duxit,
1254 1237 1488 1291 quarum
1520 1230 1576 1275 et
1620 1220 1741 1276 duae
1767 1236 2009 1286 sorores,

446 1315 537 1384 qui
592 1314 877 1369 duodecim
928 1314 1169 1368 tribuum
1219 1324 1373 1384 pater
1404 1314 1632 1377 exstitit,
1664 1322 1719 1368 et
1767 1312 2010 1384 Magistri

445 1407 619 1462 nostri
655 1406 945 1461 adventum
1004 1406 1246 1461 futurum
1290 1405 1612 1477 designavit.
1643 1405 1857 1477 Moyses
1903 1420 2011 1459 non

444 1509 562 1555 erat
614 1499 911 1567 homicida,
944 1514 1043 1555 nec
1067 1500 1136 1554 ab
1187 1498 1458 1553 idolorum
1494 1498 1775 1554 sacerdote
1824 1497 2014 1554 didicit

441 1592 710 1661 judicare,
738 1592 834 1662 qui
872 1592 1129 1647 omnibus
1155 1592 1370 1647 saeculis
1403 1592 1574 1662 legem
1598 1590 1693 1646 Dei
1718 1592 2013 1662 propheta-

442 1688 546 1753 rit,
577 1697 631 1741 ct
650 1687 721 1740 ob
756 1694 957 1740 rectam
988 1684 1399 1757 intelligentiam
1433 1685 1806 1739 testimonium
1837 1684 2012 1739 fidelis

444 1779 840 1850 dispensatoris
869 1778 1094 1847 accepit.

516 1873 647 1929 LIII.
681 1873 785 1929 Sed
824 1882 880 1928 et
919 1872 1115 1927 horum
1158 1870 1528 1941 similiumque
1577 1869 1907 1925 solutionem
1952 1869 2007 1923 in

444 1979 689 2039 tempore
718 1966 811 2021 tibi
840 1964 1127 2021 exhibebo.
1160 1963 1235 2017 De
1264 1973 1491 2028 caetero,
1525 1962 1808 2033 quoniam,
1840 1970 1899 2015 ut
1929 1962 2011 2014 vi-

444 2062 561 2121 des,
586 2060 753 2114 instat
778 2072 1026 2128 vespera,
1042 2072 1163 2127 quae
1185 2056 1348 2111 hodie
1378 2056 1523 2110 dicta
1545 2064 1694 2117 sunt,
1714 2046 2006 2109 sufﬁciant.

444 2151 695 2207 Attamen
728 2150 942 2219 quoties
976 2148 1149 2213 voles,
1180 2147 1248 2203 de
1284 2146 1482 2218 quibus
1533 2145 1789 2216 placebit,
1838 2142 2011 2199 fiden-

445 2252 528 2297 ter
556 2250 877 2313 percontare
919 2259 933 2296 :
969 2256 1071 2296 nos
1099 2238 1209 2294 laeti
1253 2238 1543 2294 confestim
1587 2235 2007 2307 explicabimus.

440 2337 655 2404 Quibus
678 2334 836 2390 dictis
867 2332 1123 2389 surrexit.
1163 2330 1364 2401 Sicque
1386 2338 1605 2400 sumpto
1632 2328 1755 2383 cibo
1784 2327 1838 2382 in
1862 2341 2011 2382 som-

447 2444 576 2483 num
604 2428 744 2483 versi
774 2440 998 2493 sumus;
1032 2439 1137 2479 nox
1163 2424 1308 2479 enim
1333 2423 1647 2480 advenerat.

1032 2717 1320 2775 IIOMIIJA
1355 2716 1445 2775 III.

515 2818 555 2873 I.
608 2815 737 2871 Post
767 2815 906 2869 duas
957 2814 1121 2884 igitur
1162 2812 1302 2879 dies,
1356 2811 1518 2866 tertio
1565 2817 1749 2867 autem
1822 2810 2011 2868 illuce-

447 2917 634 2965 scente
683 2922 795 2977 quo
840 2906 1228 2974 disputandum
1277 2911 1397 2959 erat
1443 2914 1567 2957 cum
1607 2901 1864 2967 Simone,
1906 2916 2010 2975 ego

445 3002 697 3056 Clemens
727 2997 1136 3068 expergefactus
1175 2996 1531 3065 comitesque,
1576 2996 1678 3051 sub
1709 2995 2009 3051 secundum

444 3092 709 3162 gallorum
731 3101 951 3146 cantum
976 3089 1284 3145 invenimus
1309 3088 1807 3146 lucernanLadhuc
1831 3089 2010 3147 lucen-

444 3194 575 3249 tem,
608 3182 825 3237 Petrum
873 3196 1002 3236 vero
1045 3181 1273 3252 genibus
1328 3181 1483 3237 ﬂexis
1527 3192 1799 3237 orantem.
1840 3184 2003 3237 Com-

445 3275 591 3344 pleta
617 3272 784 3345 igitur
810 3286 991 3343 prece,
1017 3287 1668 3345 eonversuseeruensque
1686 3288 1787 3330 nos
1816 3272 1885 3329 ad
1908 3289 2010 3329 au-

430 3364 707 3420 diendum
739 3372 959 3435 paratos
985 3363 1121 3419 dixit
1150 3383 1163 3418 :

2036 3140 2078 3200 C

516 3522 580 3577 Il.
620 3522 773 3579 Scire
803 3538 899 3576 vos
950 3522 1092 3587 volo,
1139 3521 1282 3592 quod
1312 3522 1405 3592 qui
1434 3535 1502 3577 ex
1548 3531 1738 3578 nostro
1778 3522 2012 3578 consilio

434 3626 669 3670 manent
708 3631 830 3671 enm
881 3614 1125 3679 Simone,
1172 3624 1233 3670 ut
1270 3615 1450 3686 inepta
1496 3615 1643 3672 illius
1668 3615 2013 3672 addiscentes

448 3708 605 3764 nobis
635 3707 947 3776 subjiciam,
978 3722 1090 3777 quo
1122 3706 1189 3761 ad
1219 3707 1427 3761 variam
1464 3705 1587 3778 ejus
1616 3707 1881 3762 malitiam
1916 3723 2012 3774 apo

445 3812 562 3855 tare
592 3815 692 3854 nos
723 3801 1019 3870 possimus,
1051 3800 1151 3869 ipsi
1186 3801 1474 3867 miserunt,
1504 3808 1560 3855 et
1601 3799 1757 3855 nobis
1785 3800 1889 3855 ista
1918 3802 2011 3856 de-

446 3894 725 3947 clararunt
757 3911 768 3947 :
805 3890 996 3947 Simon
1029 3892 1212 3957 hodie,
1249 3890 1708 3963 quemadmodum
1734 3893 2007 3963 promisit,

444 3993 670 4052 paratus
698 3992 801 4049 est,
829 3983 1014 4039 venire
1045 3999 1228 4039 coram
1259 3985 1533 4049 omnibus,
1566 3993 1628 4039 ut
1656 3985 1909 4041 ostendat
1941 4001 2008 4041 ex

447 4073 747 4145 Scripturis
773 4093 785 4127 :
818 4074 960 4129 hunc
990 4076 1081 4145 qui
1117 4076 1315 4131 cretum
1346 4085 1399 4131 et
1429 4086 1631 4131 terram
1718 4078 2012 4148 omniaque

446 4166 500 4220 in
532 4166 599 4220 iis
623 4165 894 4220 exstantia
911 4166 1175 4231 condidit,
1196 4181 1304 4222 non
1326 4182 1448 4223 esse
1462 4167 1631 4223 Deum
1657 4182 2006 4239 supremum;

448 4257 543 4313 sed
591 4257 760 4314 alium
786 4258 1049 4312 exsistere
1097 4257 1386 4327 quemdam
1437 4259 1773 4329 incognitum
1821 4269 1876 4315 et
1918 4276 2014 4315 su-

444 4363 715 4418 premum,
744 4358 805 4404 ut
830 4350 886 4403 in
917 4347 1280 4404 ineffabilihus
1309 4350 1657 4406 exsistentem
1696 4351 1863 4408 Deum
1882 4354 2011 4409 deo-

2112 570 2233 622 οῠτε
2265 571 2403 624 κατά
2434 570 2528 623 τοῦ
2561 570 2695 623 Θεοῦ
2729 570 2997 635 πιστεύω,
3030 570 3152 623 οὔτε
3195 570 3335 624 κατά
3380 572 3489 624 τῶν
3521 573 3581 625 ἐν
3609 574 3692 643 τῷ

2112 662 2261 733 νόμῳ
2307 664 2730 734 ἀναγραφέντων
2770 662 3015 727 δικαίων,
3057 663 3269 727 ἀσεϐῶς
3297 666 3513 735 φρονεῖν
3546 683 3689 737 προ-

2114 754 2401 825 λαμϐάνων
2431 756 2496 809 ³⁸.
2546 756 2632 818 Ὠς
2661 756 2770 827 γὰρ
2798 755 3121 826 πέπεισμαι,
3155 754 3276 808 οὔτε
3312 755 3479 827 ’Ᾱδάμ
3509 775 3692 828 παρα-

2113 845 2283 918 ϐάτης
2312 842 2401 917 ἦν,
2428 848 2456 901 6
2490 847 2593 900 ὑπὸ
2624 846 2731 899 τῶν
2758 846 2852 899 τοῦ
2896 846 3031 899 Θεοῦ
3065 847 3263 918 χειρῶν
3302 849 3688 920 κυοφορηθείς⁹

2112 936 2233 991 οὔτε
2262 939 2384 992 Νῶε
2434 937 2666 1010 μέθυσος
2702 933 2770 1009 ἦν
2792 978 2806 1001 ,
2838 940 2867 992 6
2892 938 3034 1011 ὑπὲρ
3059 939 3107 969 ⁸⁸
3136 939 3311 992 πάντα
3358 939 3449 991 τὸν
3482 941 3692 1011 κόσμον

2111 1030 2319 1093 δίκαιος
2367 1031 2631 1101 εὑρεθείς
2682 1030 2806 1084 οὔτε
2834 1030 2891 1083 δέ
2928 1031 3178 1102 Ἀϐραὰμ
3203 1033 3378 1102 τρισὶν
3419 1032 3534 1102 ἅμα
3561 1050 3693 1086 συν-

2111 1120 2197 1192 ῄει
2216 1123 2259 1154 δι
2293 1122 2555 1191 γυναιξὶν,
2616 1124 2645 1176 6
2674 1121 2762 1175 διὰ
2782 1122 3136 1194 σωφροσύνην
3169 1122 3523 1185 πολυτεκνίας
3554 1140 3695 1176 κατ-

2113 1214 2388 1279 αξιωθείς·
2440 1213 2562 1267 οὔτε
2616 1212 2810 1267 Ἰακὼό
2858 1214 3111 1284 τετράσιν
3154 1214 3445 1277 ἐκοινώνει,
3486 1202 3562 1267 ὧν
3596 1214 3693 1267 δύο

2113 1308 2207 1361 καὶ
2238 1307 2461 1376 ἀδελφαὶ
2488 1307 2534 1338 ⁵³
2563 1305 2877 1375 ἐτύγχανον,
2910 1306 2969 1368 ὃς
2988 1305 3215 1359 δεκαδύο
3240 1305 3418 1374 φυλῶν
3436 1306 3695 1377 ὑπάρξας

2113 1402 2293 1473 πατὴρ
2324 1402 2417 1454 καὶ
2448 1399 2546 1472 τὴν
2578 1398 2674 1453 τοῦ
2703 1398 3031 1451 Διδασκάλου
3051 1397 3207 1467 ήμῶν
3236 1396 3535 1469 παρουσίαν
3568 1398 3694 1467 ἐσή-

2118 1510 2283 1564 μανεν
2316 1491 2508 1545 ἐλθεῖν·
2532 1490 2591 1544 ού
2618 1490 2859 1561 Μωῦσῆς
2878 1490 3071 1559 φονεὺς
3087 1484 3174 1559 ἦν,
3193 1488 3288 1542 καὶ
3320 1488 3469 1559 παρά
3495 1488 3695 1559 ἱερέως

2113 1584 2345 1638 είδώλων
2358 1585 2403 1616 ⁸³
2417 1584 2620 1655 κρίνειν
2640 1582 2953 1653 ἐμάνθανεν,
2976 1583 3004 1634 6
3026 1582 3185 1633 παντὶ
3201 1580 3307 1651 77
3318 1580 3393 1651 τῷ
3416 1578 3573 1633 αίῶνι
3597 1580 3696 1633 τὸν

2111 1676 2207 1730 τοῦ
2239 1676 2374 1730 Θεοῦ
2405 1676 2569 1747 νόμον
2601 1673 2982 1747 προφητεύσας
3007 1673 3103 1726 καὶ
3130 1671 3197 1726 δι’
3224 1672 3389 1744 ὀρθὴν
3421 1672 3694 1743 φρόνησιν

2040 1805 2089 1867 Β
2116 1768 2305 1831 πιστὸς
2334 1767 2617 1838 οἰκονόμος
2651 1765 3041 1838 μαρτυρηθείς.

2183 1858 2313 1915 LIII.
2346 1859 2493 1953 Πλήν
2520 1859 2612 1911 καὶ
2639 1858 2843 1911 τούτων
2878 1874 2960 1910 σοι
3002 1857 3102 1928 τὴν
3131 1856 3374 1911 ἐπίλυσιν
3412 1856 3553 1928 μετά
3580 1857 3694 1911 τῶν

2110 1951 2310 2022 ὁμοίων
2337 1948 2648 2023 ἐπΐκαιροῦ
2679 1950 2918 2021 παρέξω.
2962 1949 3070 2001 Τοῦ
3100 1950 3157 2002 δέ
3176 1948 3389 2013 λοιποῦ,
3425 1949 3502 2013 ὡς
3532 1951 3691 2021 ὁρᾷς.

2110 2042 2298 2113 ἐπειδὴ
2330 2041 2534 2112 ἐσπὲρα
2576 2040 2921 2111 κατείληφεν,
2954 2039 3025 2093 τά
3058 2041 3297 2112 σήμερον
3331 2041 3566 2111 ρηθέντα
3593 2042 3693 2095 αὕ-

2109 2133 2329 2206 τάρκως
2355 2134 2543 2204 ἐχέτω.
2579 2134 2799 2186 ’Δλλοτε
2833 2133 2892 2187 δὲ
2929 2133 2977 2185 εί
3011 2132 3057 2165 ⁸⁵
3106 2132 3306 2202 βούλει,
3336 2134 3465 2205 περὶ
3492 2126 3569 2187 ὧν
3602 2133 3695 2186 θέ-

2110 2225 2241 2290 λεις,
2288 2222 2505 2297 θαρῤῶν
2550 2225 2705 2296 ἡμῶν
2753 2223 3047 2287 πυνθάνου,
3095 2226 3187 2278 καὶ
3213 2226 3373 2295 ἡμεῖς
3408 2224 3694 2295 χαίροντες

2110 2316 2319 2380 ἀόκνως
2383 2317 2729 2387 ἐπιλύσομεν.
2778 2317 2887 2369 Καὶ
2929 2316 3107 2370 ταῦτα
3154 2315 3323 2369 εἰπὼν
3368 2317 3689 2387 ἐγήγερται.

2110 2409 2221 2463 Καὶ
2256 2408 2429 2473 οὓτως
2461 2409 2665 2481 τροφῆς
2702 2406 3093 2479 μεταλαϐόντες
3128 2408 3207 2470 είς
3238 2407 3405 2461 ὕπνον
3447 2408 3695 2478 ἐτράπη-

2116 2517 2234 2571 μεν.
2264 2499 2595 2571 Κατειλήφει
2631 2498 2740 2569 γὰρ
2770 2500 2803 2568 ή
2832 2498 2947 2565 νύξ.

2720 2723 2961 2778 UMIAIA
2998 2723 3071 2778 I".

2182 2813 2225 2868 I.
2258 2813 2361 2867 Δύο
2392 2814 2491 2885 μὲν
2521 2809 2615 2867 οῦν
2643 2813 2963 2868 διελθουσῶν
2994 2814 3237 2887 ἡμερῶν,
3272 2814 3695 2886 ἐπιφωσκούσης

2110 2906 2169 2961 δέ
2210 2906 2420 2977 τρίτης,
2457 2905 2593 2977 πρὸς
2619 2904 2680 2957 τὸ
2724 2904 3069 2976 διαλεχθῆναι
3100 2906 3179 2977 τῷ
3224 2905 3429 2977 Σίμωνι
3473 2906 3698 2971 ἐξυπνι-

2114 2997 2261 3060 σθεὶς
2290 2995 2400 3066 ἐγὼ
2429 2996 2660 3067 Κλήμης
2688 2996 2782 3049 καὶ
2805 2998 2855 3049 οἱ
2887 2997 3133 3062 συνόντες
3162 3000 3365 3069 ἐταῖροι
3394 2998 3439 3029 ⁸⁸
3466 2998 3571 3051 ὑπὸ
3590 2998 3699 3061 τάς

2112 3090 2367 3173 δευτέρας
2409 3088 2917 3162 τῶν-ἀλεκτρυόνων
2951 3089 3152 3160 φωνὰς,
3199 3090 3431 3162 εὕρομεν
3464 3089 3557 3142 τὸν
3590 3090 3700 3160 μὲν

2110 3182 2302 3254 λύχνον
2335 3182 2415 3235 ἐτι
2448 3181 2724 3251 φαίνοντα,
2754 3182 2846 3235 τὸν
2878 3182 2935 3235 δὲ
2963 3183 3170 3253 Πέτρον
3198 3181 3484 3251 γονυκλινῆ
3515 3197 3696 3252 προσ-

2112 3276 2421 3346 ευχόμενον.
2462 3274 2796 3337 Συντελέσας
2842 3273 2933 3327 οὖν
2962 3275 3067 3345 τὴν
3094 3274 3299 3346 δέησιν,
3333 3272 3699 3344 ἐπιστραφεὶς

2110 3369 2205 3421 καὶ
2248 3366 2370 3419 ἰδὼν
2411 3366 2559 3437 ἡμᾶς
2606 3366 2744 3438 πρὸς
2788 3365 2851 3419 τὸ
2901 3366 3132 3421 ἀκοῦσαι
3177 3365 3409 3437 ἑτοίμως
3440 3365 3697 3436 ἔχοντας,

2112 3457 2237 3528 ἔφη’

2181 3546 2245 3601 II.
2274 3547 2565 3603 Γινώσκειν
2586 3548 2729 3619 ὑμᾶς
2753 3544 2913 3612 θέλω,
2934 3548 3016 3603 ’ότι
3045 3549 3093 3602 οἱ
3119 3547 3239 3602 καθ’
3260 3548 3533 3621 ἡμετέραν
3554 3549 3694 3620 πρό-

2110 3656 2259 3694 νοιαν
2301 3640 2551 3704 συνόντες
2585 3640 2664 3711 τῷ
2706 3641 2940 3711 Σίμωνι,
2973 3640 3121 3705 ὅπως
3161 3640 3261 3704 τὰς
3292 3640 3485 3710 βουλὰς
3517 3639 3695 3693 αὑτοῦ

2113 3732 2477 3802 μανθάνοντες
2521 3732 2893 3786 ὑποϐάλλωσιν
2920 3733 3071 3803 ἡμῖν,
3114 3734 3203 3786 ἵνα
3230 3731 3514 3803 δυνώμεθα
3551 3731 3697 3803 πρὸς

2110 3822 2209 3895 τὴν
2238 3822 2339 3893 τῆς
2378 3823 2576 3886 κακίας
2607 3822 2770 3877 αὑτοῦ
2815 3824 3089 3877 ποικιλίαν
3118 3824 3484 3896 ἁρμόσασθαι,
3534 3824 3698 3879 αὐτοὶ

2109 3914 2427 3986 πέμψαντες
2455 3914 2728 3985 ἐδήλωσαν
2751 3916 2882 3985 ἡμῖν
2909 3915 3176 3984 λέγοντες·
3212 3916 3392 3985 Σίμων
3423 3915 3697 3987 σήμερον,

2109 4007 2253 4061 καθά
2278 4006 2620 4071 συνετάξατο,
2653 4006 2869 4077 ἕτοιμός
2892 4009 3040 4060 ἐστιν
3068 4008 3176 4061 ἀπὸ
3203 4008 3309 4060 τῶν
3341 4009 3381 4060 Γ
3386 4009 3577 4081 ραφῶν
3597 4010 3698 4064 ἐπὶ

2111 4099 2330 4153 πάντων
2374 4097 2542 4151 ἐλθὼν
2586 4097 2995 4163 ἀποδεικνύειν,
3048 4100 3122 4170 μὴ
3170 4100 3356 4153 τοῦτον
3412 4100 3524 4171 78
3552 4098 3700 4156 εἶναι

2109 4188 2242 4242 Θεὸν
2271 4186 2562 4253 ἀνώτατον,
2593 4189 2652 4252 ὃς
2674 4188 2900 4261 ούρανὺν
2930 4189 3107 4242 ἔκτισε
3135 4190 3228 4243 καὶ
3256 4190 3357 4261 γῆν
3386 4192 3479 4243 καὶ
3507 4193 3701 4247 πάντα

2109 4278 2178 4333 τά
2205 4280 2252 4310 ⁸⁸
2280 4281 2337 4333 ἐν
2364 4279 2567 4343 αὐτοῖς,
2600 4280 2737 4333 ἀλλά
2775 4280 2933 4334 ἄλλον
2958 4281 3079 4333 τινά
3118 4281 3393 4349 ἄγνωστον
3424 4284 3520 4335 καὶ⁵
3552 4282 3702 4336 ἀνώ-

2109 4386 2290 4433 τατον,
2338 4368 2414 4433 ὡς
2461 4370 2519 4422 ἐν
2570 4371 2901 4443 ἀπορρήτοις
2947 4372 3075 4425 ὄντα
3110 4371 3242 4428 Θεὸν
3286 4372 3441 4428 θεῶν·
3489 4373 3553 4437 ὃς
3597 4374 3705 4430 δύο

446 4457 590 4507 rum,
617 4442 709 4512 qui
740 4442 880 4499 duos
910 4442 1118 4499 miserit
1147 4442 1302 4507 deos,
1332 4458 1399 4497 ex
1429 4444 1631 4513 quibus
1660 4446 1795 4499 alter
1819 4447 2006 4501 mundi

2118 4459 2321 4531 έπεμψε
2352 4459 2524 4523 θεοὺς,
2556 4460 2648 4530 ἀφ’
2675 4456 2751 4514 ὧν
2778 4442 2821 4513 6
2856 4462 2955 4532 μὲν
2983 4455 3063 4526 εἷς
3100 4462 3247 4515 ἐστιν
3274 4464 3303 4515 6
3337 4464 3539 4533 κόσμον
3577 4468 3702 4519 κτί-

444 4541 680 4593 creator,
712 4534 849 4588 alter
878 4534 1010 4605 legis
1043 4534 1220 4589 dator.
1269 4534 1447 4605 Atque
1480 4535 1598 4591 hzec
1636 4536 1817 4591 dicere
1847 4538 2008 4591 moli-

449 4634 558 4687 tur,
589 4634 648 4679 ut
672 4635 872 4681 rectam
897 4626 1053 4682 fidem
1080 4642 1271 4683 eorum
1301 4628 1599 4694 subvertat,
1630 4628 1723 4698 qui
1753 4645 1921 4683 unum
1946 4646 2012 4685 ac

447 4716 625 4772 solum
669 4715 837 4772 Deum
883 4728 1184 4773 creatorem
1244 4718 1368 4774 cmli
1416 4728 1469 4774 et
1516 4728 1673 4775 terrae
1727 4721 2006 4775 adoraturi

446 4820 595 4863 sunt.

516 4922 600 4978 III.
624 4922 747 4979 llaec
772 4924 997 4981 audiens
1020 4941 1131 4995 quo
1158 4928 1320 4981 modo
1342 4942 1448 4980 non
1472 4927 1696 4981 moleste
1726 4928 1969 4983 tulissem
1993 4931 2017 4981 ?

444 5014 715 5079 Quocirca
756 5024 813 5071 et
854 5031 951 5071 vos
989 5033 1201 5073 mecum
1246 5020 1606 5074 consistentes
1634 5019 1831 5075 fratres
1873 5022 2014 5076 scire

346 5110 353 5113 “
444 5105 592 5159 volui
625 5146 641 5171 ,
673 5122 784 5162 non
828 5108 1174 5165 mediocriter
1199 5110 1385 5165 animo
1414 5126 1501 5163 me
1529 5111 1731 5175 dolere,
1759 5112 1886 5164 dum
1930 5112 2004 5165 vi-

445 5195 568 5263 deo,
605 5197 884 5255 diabolum
912 5201 1131 5271 quidem
1160 5202 1227 5257 ad
1259 5202 1508 5256 homines
1549 5203 1839 5257 tentandos
1867 5204 2009 5273 vigi-

448 5288 579 5355 lare,
612 5290 863 5349 homines
894 5309 1024 5350 vero
1049 5296 1209 5366 plane
1241 5296 1511 5366 negligere
1556 5296 1785 5351 salutem
1827 5312 2007 5351 suam.

2120 4568 2238 4615 σας,
2273 4553 2301 4605 6
2329 4551 2385 4604 δὲ
2414 4551 2597 4623 ἕτερος
2626 4554 2654 4605 6
2679 4552 2771 4604 τὸν
2794 4553 2959 4622 ,νόμον
2986 4553 3128 4616 δούς.
3171 4554 3281 4606 Καὶ
3306 4554 3479 4608 ταῦτα
3510 4573 3698 4627 μηχα-

2117 4638 2271 4690 νᾶται
2290 4635 2487 4705 λέγειν,
2512 4639 2658 4701 ὅπως
2686 4637 2794 4691 τῶν
2820 4640 2910 4692 τὸν
2940 4640 3037 4693 Eva
3066 4641 3156 4693 καὶ
3202 4642 3361 4712 μόνον
3390 4643 3707 4713 μελλόντων

2117 4728 2294 4782 σέϐειν
2336 4730 2489 4791 Θεὸν,
2524 4730 2583 4791 ὃς
2612 4729 2839 4800 οὐρανὸν
2871 4731 3051 4785 ἔκτισε
3090 4733 3186 4786 καὶ
3215 4733 3342 4805 γῆν,
3382 4734 3483 4807 τὴν
3525 4737 3706 4809 ὀρθὴν

2117 4819 2427 4893 προεκλύσῃ
2453 4821 2497 4853 ⁸⁷
2527 4821 2731 4875 πίστιν.

2188 4934 2273 4988 III.
2304 4935 2488 4989 Ταῦτα
2518 4934 2759 4999 ἀκούσας
2786 4935 2903 4999 πῶς
2930 4936 3029 4989 οὐκ
3057 4936 3123 4990 ἂν
3154 4937 3445 5010 ήθύμησα;
3474 4940 3570 5006 Διὸ
3599 4945 3707 4997 καὶ

2117 5026 2259 5096 ὑμᾶς
2278 5026 2343 5089 ⁸⁸,
2364 5028 2489 5089 τοὺς
2510 5026 2768 5090 συνόντας
2786 5046 2875 5099 μοι
2897 5028 3177 5098 ἀδελφοὺς,
3201 5032 3398 5086 εἰδέναι
3428 5034 3711 5106 ἠθέλησα,

2115 5117 2190 5179 ώς
2217 5118 2277 5169 οὐ
2313 5118 2548 5189 μετρίως
2576 5118 2674 5189 τὴν
2703 5118 2881 5191 ψυχὴν
2902 5120 3076 5189 ἀλγῶ,
3118 5122 3320 5193 ἐνορῶν
3348 5124 3439 5176 τὸν
3469 5126 3575 5194 μὲν
3596 5146 3709 5180 πο-

2116 5209 2278 5280 νηρὸν
2310 5210 2443 5280 πρὸς
2474 5210 2702 5281 δοκιμὴν
2733 5211 3032 5284 ἀνθρώπων
3062 5213 3423 5286 ἐγρηγορότα,
3460 5217 3593 5281 τοὺς
3642 5220 3707 5274 δὲ

2115 5298 2433 5370 ἀνθρώπους
2460 5302 2558 5371 τῆς
2586 5302 2795 5355 ἐαυτῶν
2843 5303 3113 5374 σωτηρίας
3160 5305 3303 5359 πάνυ
3330 5306 3703 5376 ἀμελοῦντας.

1705 5408 1940 5464 VARI/IS
2005 5411 2410 5469 LECTIONES.

518 5490 563 5523 ⁸⁸
586 5490 721 5548 Vbb.
760 5496 899 5550 πάνυ
935 5497 1133 5561 καλῶς.
1168 5500 1278 5552 Καὶ
1309 5501 1338 5553 6
1373 5500 1577 5571 Πέτρος
1633 5500 1964 5573 ἀπεκρίνατο
1994 5503 2105 5559 des.
2150 5504 2203 5557 in
2248 5502 2309 5558 Ο.
2409 5505 2452 5534 ⁸³
2476 5503 2846 5573 προλαμϐάνει
2870 5508 2912 5559 Ο
2939 5545 2953 5571 ,
2994 5507 3046 5560 in
3072 5522 3135 5561 cn

518 5560 578 5614 θα
621 5564 763 5617 κατά
793 5565 956 5623 νόμου
989 5568 1272 5623 λεγόμενα.
1382 5569 1560 5623 ⁴ι⁰ἕνον
1590 5572 1650 5623 0.
1694 5569 1811 5623 νεα.
1848 5587 2025 5623 .suura
2067 5587 2115 5623 c.
2162 5572 2251 5623 £6.
2328 5572 2581 5623 “Melius
2618 5574 2785 5623 συνῆν
2812 5575 2868 5623 S.
2992 5575 3038 5607 δ’
3060 5575 3135 5623 Vh

1382 5572 1560 5691 ι’θέχλον
1590 5572 1650 5623 Ο.
1694 5572 1811 5624 Vid.
1848 5587 2025 5640 .supra
2067 5587 2115 5627 c.
2162 5572 2251 5626 46.
2328 5572 2581 5626 “Melius
2618 5572 2785 5643 συνῆν
2812 5575 2868 5627 S.
2992 5575 3038 5607 δ’
3060 5572 3193 5631 Vbi).
3229 5572 3591 5644 mlu'tsxvia;
3630 5615 3701 5625 ..-

1304 5638 1482 5718 ’ξζείδώ
1516 5641 1656 5718 ou
1728 5640 2015 5718 ιιςλγ
2042 5642 2104 5718 δέ
2126 5642 2196 5718 C;
2266 5643 2311 5675 "
2326 5643 2500 5713 ἕτεροι
2523 5641 2646 5697 (1.“
2660 5643 2731 5697 τά
2786 5645 3099 5716 transcripsi
3122 5644 3246 5702 ch
3278 5648 3400 5718 ,qui
3423 5654 3701 5709 vocabula

1315 5710 1357 5740 "
1394 5710 1746 5780 προσεκλύσει
1778 5710 1841 5761 (ἶ.
1916 5712 1961 5741 ⁸⁸
1991 5712 2137 5780 ἡμᾶς
2164 5715 2231 5765 0.
2419 5710 2430 5713 ⁷
2990 5756 2997 5759 .

444 5553 578 5638 ’ἧόθᾳ
621 5564 763 5638 κατά
793 5565 956 5638 νόμου
989 5553 1272 5638 λεγόμενα.

448 5629 671 5701 ἀδελφαί
695 5629 1074 5691 desiderantur
1096 5629 1148 5692 in
1164 5637 1227 5693 Ο.

449 5698 722 5765 ἄγνωστον
755 5707 848 5759 καί
877 5723 983 5761 non
1008 5708 1244 5763 exhibet.

3229 5523 3401 5579 marg.
3435 5508 3505 5563 al.
3539 5527 3697 5568 man.

2995 5523 3046 5560 In
3072 5523 3183 5631 cui).
3229 5523 3401 5579 marg.
3435 5523 3505 5563 al.
3539 5527 3697 5568 man.

2992 5575 3038 5607 “
3060 5575 3137 5629 Vb
3181 5618 3193 5629 .
3229 5577 3591 5644 πολυτεκνίας
3630 5615 3703 5625 ..-
