3868 6212
220 421 325 474 ll?)

1354 422 1820 483 CLEMENTINA.
1854 456 1924 470 —
1955 428 2239 485 HOMILIA
2271 430 2360 485 Ill.

3368 441 3471 496 ιιι

216 530 638 602 Ἐμηχανήσατο
682 531 794 605 γὰρ
838 536 950 598 τοῖς
995 534 1103 589 ἀπὸ
1146 534 1315 590 ὲθνῶν
1368 538 1621 609 μέλλουσι
1661 544 1771 613 περ’

1893 546 2200 605 Gentilibus
2245 550 2415 617 enim,
2455 550 2549 621 qui
2599 559 2812 608 terrena
2869 552 3161 610 simulacra
3205 556 3467 615 credituri

199 623 314 676 τῶν
347 624 607 693 ἐπιγείων
638 622 841 691 ξοάνων
877 626 1157 681 πείθεσθαι
1185 629 1231 659 δ’
1264 628 1347 683 ὅτι
1385 630 1488 685 οὐκ
1520 632 1628 685 είσὶ
1656 632 1787 699 θεοὶ,

198 714 407 787 ἑτέρων
461 716 672 772 πολλῶν
716 717 858 772 θεῶν
898 718 1057 783 δόξας
1099 719 1451 790 εἰσενεγκεῖν,
1500 722 1648 788 ὅπως
1694 726 1789 780 ὲάν

194 805 523 862 παύσωνται
568 809 669 880 τῆς
710 810 864 865 κάτω
898 810 946 842 ⁸ο
1003 810 1464 884 πολυθεομανίας,
1507 815 1708 887 ἑτέρως
1752 817 1787 889 ἢ

194 901 293 954 καὶ
322 903 507 972 χεῖρον
538 901 679 957 κατά
706 902 810 973 τῆς
835 903 930 957 τοῦ
959 903 1095 957 Θεοῦ
1127 907 1425 977 μοναρχίας
1444 907 1620 976 λέγειν
1641 909 1786 963 ἀπα-

188 991 546 1063 τηθήσονται’
580 993 667 1047 ἴνα
695 994 966 1066 μηδέποτε
987 995 1058 1049 τά
1079 996 1180 1068 τῆς
1202 997 1501 1069 μοναρχίας
1526 1002 1788 1074 προτιμή-

189 1099 390 1148 σαντες
434 1084 719 1139 οῦπώποτε
750 1086 937 1151 ἐλέους
980 1091 1167 1158 τυχεῖν
1197 1089 1519 1161 δυνηθῶσιν.
1567 1093 1784 1165 Ταύτης

185 1173 244 1228 δὲ
273 1176 376 1247 τῆς
398 1177 605 1249 τόλμης
633 1178 795 1261 ἕνεκα
837 1180 866 1231 ὁ
891 1180 1074 1251 Σίμων
1104 1184 1227 1244 ταῖς
1257 1182 1479 1252 ψευδέσι
1505 1184 1614 1238 τῶν
1639 1186 1781 1257 Γρα-

185 1268 309 1337 φῶν
348 1274 678 1341 περικοπαῖς
708 1272 1055 1343 ὡπλισμένος
1089 1274 1346 1345 πολεμεῖν
1372 1278 1505 1347 ἡμῖν
1543 1278 1779 1350 προσέρ-

183 1377 362 1429 χεται.
396 1363 507 1416 Καὶ
529 1362 591 1415 τὸ
616 1363 940 1436 δεινότερον,
968 1366 1048 1420 ὄτι
1069 1367 1163 1437 ἀφ’
1186 1360 1262 1421 ὦν
1282 1367 1345 1422 οὐ
1370 1368 1417 1401 ⁸⁸
1444 1369 1778 1425 πεπίστευκε

182 1453 485 1524 προφητῶν
507 1455 733 1509 τοιαῦτα
775 1456 1121 1530 δογματίζειν
1153 1460 1297 1514 κατὰ
1318 1460 1413 1515 τοῦ
1444 1462 1612 1527 ὅντως
1643 1462 1779 1518 Θεοῦ

180 1548 245 1599 οὐ
275 1546 608 1618 πεφόϐηται.

251 1659 342 1715 ιν.
391 1663 504 1717 Καὶ
545 1665 678 1735 ήμῖν
728 1664 829 1735 μὲν
854 1666 971 1730 τοῖς
1004 1665 1071 1719 ὲκ
1100 1666 1383 1739 προγόνων
1412 1668 1777 1740 παρειληφόσι

176 1753 273 1807 τὸν
298 1754 372 1808 τὰ
401 1755 583 1809 πάντα
622 1756 887 1812 κτίσαντα
932 1757 1042 1830 79
1076 1759 1258 1813 σέϐειν
1284 1759 1440 1827 Θεὸν,
1478 1760 1559 1815 ἔτι
1586 1761 1645 1815 δὲ
1681 1764 1777 1817 καὶ

1890 652 2047 696 erant
2085 656 2196 698 non
2241 657 2363 699 esse
2406 643 2560 710 deos,
2597 645 2945 703 machinatus
2984 658 3070 704 est
3116 648 3465 708 introducere

1890 731 2178 802 opiniones
2228 733 2297 790 de
2344 736 2538 792 multis
2599 737 2722 794 aliis
2767 738 2910 806 diis;
2961 750 3023 795 ut
3054 742 3101 797 si
3141 757 3173 798 a
3219 748 3463 801 terrestri

1889 824 2185 880 multorum
2214 826 2441 882 deorum
2469 839 2754 886 cessarent
2788 832 3025 900 insania,
3052 834 3158 890 alia
3184 837 3268 891 vel
3292 838 3464 908 pejori

1888 915 2083 973 fraude
2122 930 2313 974 contra
2344 919 2440 977 Dei
2484 924 2865 979 monarchiam
2911 941 2977 981 ac
3017 928 3283 984 unitatem
3312 930 3461 1001 loqui

1887 1010 2366 1080 compellerentur,
2415 1027 2505 1078 ne,
2547 1014 2856 1071 doctrinam
2908 1016 2975 1074 de
3002 1034 3113 1073 uno
3154 1020 3462 1091 principatu

1886 1102 2112 1157 maximi
2140 1103 2681 1177 facientes,unquam
2714 1108 2929 1177 possint
2957 1112 3220 1182 consequi
3250 1115 3464 1169 miseri-

1885 1194 2150 1249 cordiam.
2196 1195 2310 1251 lloc
2336 1197 2407 1253 ob
2431 1198 2610 1253 audax
2655 1198 2870 1257 facinus
2900 1199 3089 1257 Simon
3122 1202 3276 1261 falsis
3311 1206 3463 1260 Scri-

1885 1296 2169 1355 pturarum
2216 1289 2553 1347 sectionibus
2597 1300 2843 1349 armatus
2881 1294 3033 1349 venit
3062 1295 3128 1350 ad
3158 1311 3261 1351 nos
3287 1312 3461 1366 oppu-

1884 1378 2150 1446 gnandos.
2184 1378 2454 1451 Quodque
2484 1383 2869 1454 gravissimum
2900 1394 3006 1452 est,
3048 1387 3153 1442 ista
3197 1388 3459 1445 adversus

1884 1467 2055 1525 Deum
2083 1486 2274 1528 verum
2304 1489 2373 1529 ex
2401 1475 2708 1546 prOphetis,
2738 1478 2941 1548 quibus
2966 1486 3148 1535 tamen
3191 1494 3301 1535 non
3341 1496 3459 1535 cre-

1880 1562 1979 1630 dit,
2010 1566 2207 1621 docere
2235 1582 2345 1623 non
2370 1578 2608 1625 veretur.

1945 1655 2035 1711 IV.
2068 1656 2135 1713 Et
2175 1659 2396 1730 quidem
2432 1661 2724 1717 adversum
2770 1677 2895 1729 nos,
2942 1664 3039 1734 qui
3084 1679 3116 1719 a
3144 1665 3458 1735 jmajoribus

1880 1751 2090 1805 cultum
2118 1752 2365 1807 omnium
2409 1754 2712 1811 conditoris
2751 1753 3191 1828 Dei‘accepimus
3221 1774 3320 1814 nec
3346 1775 3455 1814 non

175 1844 291 1899 τῶν
364 1847 587 1919 ἀπατᾷν
649 1850 965 1921 δυναμένων
1033 1851 1234 1923 βίϐλων
1298 1854 1363 1907 τὸ
1426 1855 1725 1926 μυστήριον
1757 1895 1771 1920 ,

1882 1840 2301 1912 Scripturarum
2328 1844 2583 1915 decipere
2608 1846 2905 1903 valentium
2931 1848 3280 1919 mysterium,
3318 1851 3455 1906 nihil

175 1938 336 1992 οὐδὲν
381 1940 695 2011 δυνήσεται,
741 1946 855 2007 τοῖς
899 1944 957 1997 δὲ
987 1944 1098 1999 ἀπὸ
1142 1944 1333 2009 ἐθνῶν,
1363 1946 1465 2017 τὴν
1513 1946 1771 2001 πολύθεον

1880 1935 2081 2005 poterit
2105 1954 2118 1991 :
2152 1947 2344 1992 contra
2372 1953 2503 1993 vero
2533 1940 2783 2009 gentiles,
2816 1941 2873 1996 in
2899 1943 3197 1998 multorum
3221 1944 3452 2001 deorum

175 2032 456 2104 ὑπόληψιν
506 2034 803 2107 σύντροφον
855 2034 1096 2107 ἔχουσιν,
1147 2039 1243 2093 καὶ
1291 2038 1403 2093 τῶν
1443 2039 1674 2111 Γραφῶν
1706 2040 1777 2095 τὰ

172 2123 351 2194 ψευδῆ
398 2126 501 2178 οὐκ
531 2127 750 2191 εἰδόσιν,
786 2129 920 2183 πολὺ
942 2130 1251 2201 δυνήσεται’
1291 2131 1352 2184 ού
1387 2132 1547 2202 μόνον
1588 2131 1774 2197 αὐτὸς,

172 2217 294 2270 ἀλλ’
322 2219 373 2271 εί
401 2220 499 2272 καὶ
525 2220 682 2284 ἀλλος
713 2238 800 2284 τις
827 2224 939 2285 τοῖς
964 2222 1076 2275 ἀπὸ
1121 2222 1290 2276 ἐθνῶν
1336 2223 1479 2280 κατά
1507 2224 1601 2277 τοῦ
1637 2224 1775 2279 Θεοῦ

174 2312 335 2365 κενόν
355 2312 406 2344 ³³
440 2329 565 2366 τινα
600 2314 785 2384 ὅμοιον
815 2304 1027 2386 ὀνείρῳ,
1062 2314 1330 2379 πλουσίως
1362 2317 1775 2387 κεκοσμημένον

172 2406 524 2476 ὑφηγήσεται
552 2404 743 2477 μῦθον,
773 2407 1223 2479 πιστευθήσεται,
1256 2407 1331 2478 τῷ
1357 2409 1422 2460 ἐκ
1450 2408 1657 2461 παίδων
1683 2408 1774 2461 τὸν

170 2497 300 2551 νοῦν
352 2497 540 2552 αὐτῶν
573 2498 645 2552 τά
689 2498 834 2553 κατά
876 2498 972 2553 τοῦ
995 2499 1134 2553 Θεοῦ
1180 2498 1450 2570 λεγόμενα
1492 2498 1773 2569 ἐθισθῆναι

169 2589 479 2661 λαμϐάνειν
507 2589 573 2642 ⁸³.
607 2590 833 2645 Σπάνιοι
858 2591 916 2644 δέ
945 2609 1092 2655 τινες
1120 2592 1168 2644 οί
1202 2591 1301 2662 μὲν
1328 2590 1507 2645 αὐτῶν
1535 2590 1770 2655 ἔσονται,

169 2682 247 2747 ὡς
284 2684 353 2739 ὲκ
388 2681 633 2754 πλήθους
678 2684 871 2753 ὀλίγοι,
915 2684 1114 2747 οἵτινες
1142 2684 1213 2738 δι’
1243 2682 1663 2755 εὐγνωμοσύνην
1709 2684 1771 2736 οὐ

168 2775 465 2848 θελήσουσι
508 2775 653 2830 κατὰ
681 2776 775 2831 τοῦ
803 2776 873 2831 τὰ
900 2777 1081 2831 πάντα
1112 2776 1395 2841 κτίσαντος
1426 2768 1563 2830 Θεοῦ
1598 2776 1771 2831 κακδν

166 2866 331 2937 λόγον
378 2866 516 2922 αὐτὸ
555 2867 601 2900 ⁸⁸
636 2868 741 2922 κᾶν
790 2868 1022 2923 ἀκοῦσαι
1070 2864 1385 2944 μόνον’.οίς
1434 2869 1616 2941 μόνοις
1662 2870 1771 2923 ἀπὸ

166 2958 345 3013 ἐθνῶν
393 2955 516 3013 οὖσι
551 2959 793 3033 σωθῆναι
837 2963 1147 3034 γενήσεται.
1184 2962 1277 3034 Μὴ
1310 2956 1404 3016 οῦν
1435 2964 1568 3033 ἡμῖν
1600 2962 1649 2996 ⁸⁵
1684 2980 1771 3027 τις

164 3052 260 3105 τὸν
294 3051 524 3123 Σίμωνα
548 3052 826 3117 παντελῶς
858 3052 1177 3125 μεμφὼθω,
1207 3053 1242 3124 ἢ
1289 3054 1383 3108 καὶ
1415 3053 1584 3109 ἄλλον
1619 3054 1767 3108 τινάο

165 3144 324 3196 οὐδὲν
357 3143 471 3217 γὰρ
510 3144 714 3209 ἀδίκως
745 3145 976 3214 γίνεται,
1004 3146 1141 3200 ὅπου
1173 3146 1269 3200 καὶ
1296 3146 1366 3200 τὰ
1399 3146 1509 3199 τῶν
1531 3145 1766 3218 Γραφῶν

160 3234 339 3307 ψευδῆ
373 3235 616 3305 εὐλόγως
643 3235 780 3308 πρὸς
806 3238 1036 3310 δοκιμὴν
1064 3237 1256 3309 ἔχοντα
1284 3240 1561 3310 τυγχάνει.

235 3325 308 3381 V.
344 3326 523 3397 Κάγὼ
556 3328 787 3402 Κλήμης
816 3330 1056 3394 ἀκούσας
1084 3330 1239 3402 ἔφην’
1276 3331 1403 3395 Πῶς
1434 3332 1633 3401 λέγεις,
1667 3331 1767 3386 κύ-

163 3437 274 3493 ριε,
303 3422 402 3475 καὶ
420 3419 492 3474 τά
519 3421 629 3474 τῶν
649 3421 880 3493 Γραφῶν
904 3422 1078 3493 ψευδῆ
1106 3422 1343 3492 εὐλόγως
1371 3423 1510 3493 πρὸς
1534 3422 1767 3494 δοκιμὴν

158 3513 476 3587 ἀνθρώπιον
497 3512 673 3584 ἐχεινς
703 3515 761 3567 '0
775 3514 832 3568 δὲ
850 3514 1202 3588 ἀπεκρίνατο·
1222 3515 1302 3569 Τά
1312 3515 1481 3587 ψευδῆ
1499 3515 1608 3570 τῶν
1626 3516 1767 3588 Γρα-

156 3606 283 3675 ςιῶν
330 3606 605 3677 αίτήματι
655 3605 855 3670 κακίας
906 3606 1103 3677 δικαίῳ
1144 3608 1253 3661 τινὶ
1298 3608 1442 3679 λόγῳ
1486 3608 1767 3680 γραφῆναι

159 3699 553 3771 συνεχωρήθη.
596 3698 849 3768 Εὺλόγως
890 3698 949 3753 δὲ
974 3699 1021 3730 ⁸⁸
1067 3699 1213 3769 λέγω
1255 3699 1449 3765 οῦτως.
1511 3702 1600 3756 Ἑν
1643 3705 1765 3768 ταῖς

158 3792 469 3860 θεολογίαις
492 3793 522 3845 ὁ
550 3791 783 3863 πονηρὸς
808 3791 902 3845 τοῦ
934 3790 1142 3862 ἀγαθοῦ
1173 3792 1265 3846 τδν
1292 3792 1426 3847 Θεὸν
1469 3796 1570 3849 οὐκ
1604 3795 1764 3850 ἐλατ-

156 3901 251 3938 τον
284 3883 527 3953 ἀγαπῶν
559 3883 642 3937 ἑνὶ
692 3883 839 3955 μόνῳ
879 3883 1236 3939 ἀπολείπεται
1272 3884 1368 3939 τοῦ
1405 3868 1764 3956 ἀγαθοῦ,⁸’ὃτι

157 3978 255 4029 καὶ
284 3975 401 4029 τῶν
446 3976 672 4045 ἀγνοίας
702 3976 851 4047 αἰτίᾳ
879 3974 1220 4030 ἀσεϐούντων
1256 3977 1319 4030 ού
1351 3976 1760 4047 συγγινώσκων,

159 4070 372 4141 στοργῇ
418 4070 488 4139 τῇ
520 4068 659 4138 πρὸς
699 4065 761 4119 τδ
793 4066 1182 4139 ἀσεϐούμενον,
1211 4068 1324 4139 80
1350 4069 1460 4122 τῶν
1499 4070 1761 4126 ἀσεϐούν-

156 4176 270 4214 των
314 4159 587 4229 ἐπιθυμεῖ
622 4158 714 4212 τὸν
746 4159 991 4231 ὄλεθρον,
1036 4160 1065 4212 ὁ
1109 4158 1229 4214 δὲ⁸⁷
1260 4160 1359 4231 τὴν
1394 4159 1539 4214 ἴασιν
1577 4162 1761 4226 αὐτοῖς

157 4251 524 4323 προσφέρειν.
555 4252 615 4305 '0
629 4250 738 4323 γὰρ
756 4250 960 4319 ἀγαθὸς
986 4252 1168 4305 ίᾶσθαι
1192 4251 1401 4316 πάντας
1421 4252 1563 4306 θέλει
1585 4254 1631 4285 ⁸⁸
1640 4257 1761 4318 ταῖς

159 4342 581 4415 μεταμελείαις,
630 4341 789 4407 σώζει
820 4342 877 4395 δὲ
912 4343 1104 4414 μόνους
1146 4344 1275 4407 τοὺς
1320 4345 1624 4413 ἐγνωκότας
1668 4346 1761 4400 τὸν

156 4436 314 4489 Θεόν·
338 4436 474 4496 τοὺς
504 4434 561 4488 δὲ
589 4434 918 4504 ἀγνοοῦντας
944 4435 1044 4487 οὐκ
1070 4436 1238 4500 ἰᾶται,
1268 4435 1365 4505 οὐχ
1392 4436 1475 4489 ὅτι
1501 4436 1562 4489 οὐ
1589 4436 1756 4503 θέλει,

154 4530 273 4583 ἀλλ’
302 4530 390 4584 ὅτι
423 4528 528 4582 οὐκ
556 4527 765 4592 ἔξεστιν
800 4526 869 4579 τά
894 4526 1279 4599 ήτοιμασμένα
1312 4529 1426 4590 τοῖς
1473 4528 1609 4591 υίοίς
1657 4529 1757 4600 τῆς

155 4623 447 4689 βασιλείας
466 4618 651 4689 ἀγαθά
676 4621 788 4683 τοῖς
814 4617 905 4672 διά
928 4618 992 4672 τὸ
1016 4607 1329 4689 ἀδιάκριτον
1355 4618 1573 4687 ἀλόγοις
1595 4618 1756 4685 ζώοις

156 4712 587 4789 παρεικασθεῖσι
608 4714 929 4784 παρασχεῖν.

228 4899 320 4955 Vl.
354 4898 470 4952 Τοῦ
510 4895 632 4960 ἐνὸς
667 4892 765 4950 καὶ
792 4895 951 4966 μόνου
980 4892 1140 4958 Θεοῦ,
1169 4892 1261 4947 τοῦ
1293 4893 1385 4947 τὸν
1414 4892 1619 4963 κόσμον
1654 4909 1753 4947 πε-

152 4993 457 5065 ποιηκότος
500 4989 598 5044 καὶ
629 4990 777 5061 ἡμᾶς
815 4987 1099 5052 κτίσαντος
1139 4988 1234 5040 καὶ
1265 4986 1442 5041 πάντα
1473 5003 1754 5058 παρεσχη-

154 5088 332 5152 κότος,
371 5082 607 5153 τοιαύτη
637 5082 879 5151 πέφυκεν
917 5080 1111 5151 φύσις,
1146 5080 1349 5145 παντὸς
1395 5081 1497 5153 ἤδη
1546 5080 1676 5135 ποτὲ
1702 5082 1748 5114 ⁸ο

1878 2028 2139 2098 opinione
2187 2029 2452 2096 nutritos,
2500 2032 2928 2104 ignorantesque
2969 2033 3269 2108 Scripturae
3297 2053 3453 2093 men-

1876 2120 2054 2188 dacia,
2084 2123 2289 2178 valebit
2312 2124 2611 2193 plurimum
2638 2144 2651 2180 :
2681 2142 2792 2181 non
2822 2128 2987 2184 modo
3017 2128 3155 2199 ipse,
3183 2130 3278 2187 sed
3312 2140 3369 2186 et
3404 2132 3451 2187 si

1876 2212 2003 2283 quis
2044 2213 2187 2269 alius
2225 2215 2459 2271 ethnicis
2492 2232 2691 2271 vanam
2727 2218 2967 2289 aliquam
2993 2220 3049 2276 in
3092 2220 3264 2277 Deum
3296 2222 3456 2278 fabu-

1874 2305 2008 2371 lam,
2041 2306 2277 2361 similem
2309 2308 2530 2363 somnio
2574 2310 2969 2382 opulenterque
3005 2324 3259 2371 ornatam
3288 2332 3451 2371 enar-

1874 2399 2097 2465 raverit,
2122 2400 2411 2467 credetur;
2439 2401 2584 2472 quod
2610 2418 2641 2457 a
2670 2403 2906 2473 pueritia
2932 2420 3088 2463 mens
3118 2422 3312 2463 eorum
3357 2425 3450 2464 so—

1875 2490 1970 2545 lita
2001 2498 2086 2546 est
2132 2506 2417 2547 sermones
2459 2491 2725 2549 adversus
2759 2494 2930 2551 Deum
2969 2498 3273 2568 suscipere.
3320 2498 3450 2555 Rari

1875 2591 2056 2638 autem
2092 2583 2237 2638 inter
2260 2600 2357 2642 eos
2386 2595 2568 2653 erunt,
2597 2596 2656 2642 ut
2683 2602 2714 2643 e
2742 2589 3095 2645 multitudine
3124 2592 3306 2661 pauci,
3352 2594 3451 2664 qui

1873 2675 1945 2729 oh
1970 2691 2186 2747 aaquum
2220 2677 2467 2732 animum
2507 2680 2694 2733 nolent
2719 2681 2864 2736 malo
2892 2680 2949 2735 in
2980 2682 3228 2738 omnium
3266 2684 3453 2740 condi-

1871 2775 2047 2822 torem
2083 2767 2256 2822 Deum
2280 2770 2524 2824 sermoni
2550 2771 2636 2826 vel
2665 2786 2855 2827 aurem
2878 2772 3146 2829 duntaxat
3170 2776 3445 2847 praebere;

1872 2860 2075 2930 quibus
2097 2861 2230 2917 solis
2261 2862 2497 2918 ethnicis
2529 2863 2731 2919 salvari
2762 2866 3061 2937 continget.
3084 2865 3257 2924 Nemo
3285 2870 3453 2941 igitur

1872 2955 2033 3010 nobis
2056 2955 2122 3010 de
2162 2954 2388 3010 Simone
2422 2954 2643 3026 penitus
2683 2966 3073 3027 conqueratur,
3108 2960 3193 3015 vel
3220 2962 3288 3017 de
3311 2976 3451 3032 quo-

1870 3063 2039 3119 quam
2069 3048 2199 3103 alio.
2233 3046 2379 3103 Nihil
2405 3049 2551 3103 enim
2601 3048 2808 3119 injuste
2833 3050 3067 3119 accidit;
3102 3054 3451 3125 quandoquto

1876 3141 1998 3195 dem
2039 3148 2095 3193 et
2137 3139 2547 3211 Scripturarum
2576 3141 2859 3197 mendacia
2892 3142 3017 3212 jure
3057 3145 3125 3200 ad
3164 3146 3449 3203 hominum

1792 3229 1836 3288 C
1868 3232 2247 3303 probationem
2272 3233 2451 3303 posita
2482 3242 2633 3289 sunt.

1939 3323 2007 3379 V.
2057 3322 2180 3390 Quo
2209 3325 2399 3380 audito
2425 3340 2526 3397 ego
2553 3327 2806 3384 Clemens
2845 3328 2960 3383 dixi
2994 3349 3007 3385 :
3041 3328 3161 3396 Qua
3198 3332 3449 3401 ratione,

1867 3416 1971 3483 ais,
2003 3415 2246 3483 domine,
2289 3424 2345 3472 et
2372 3415 2781 3488 Scripturarum
2822 3422 3105 3478 mendacia
3142 3424 3340 3480 merito
3376 3426 3447 3481 ad

1867 3508 2153 3564 hominum
2200 3510 2579 3580 probationem
2608 3512 2787 3581 posita
2822 3513 3029 3569 fuisse?
3055 3512 3150 3570 Ille
3185 3531 3319 3573 vero
3356 3534 3445 3573 re—

1864 3601 2086 3670 spoudit
2113 3619 2127 3657 :
2158 3599 2442 3657 Mendacia
2474 3601 2977 3673 Scripturarum,ex
3003 3606 3227 3663 malitiae
3250 3618 3442 3679 postu-

1864 3693 2089 3758 latione,
2131 3694 2281 3765 justa
2309 3695 2524 3750 ratione
2562 3697 2832 3765 permissa
2863 3705 2994 3753 sunt
3022 3699 3210 3754 scribi.
3250 3699 3443 3757 Merito

1865 3794 2047 3841 autem
2071 3785 2195 3841 dico
2221 3786 2321 3841 sic.
2349 3785 2407 3840 In
2435 3786 2711 3858 theologia
2736 3796 2790 3843 et
2818 3789 3080 3860 religione
3111 3791 3308 3856 malus,
3333 3807 3440 3848 non

1864 3876 2051 3933 minus
2079 3876 2311 3950 diligens
2337 3876 2511 3933 Deum
2534 3893 2699 3947 quam
2732 3878 2913 3934 bonus
2945 3880 2999 3934 in
3030 3895 3143 3935 uno
3174 3889 3385 3936 tantum
3408 3898 3459 3951 a_

1862 3970 2009 4026 bono
2055 3979 2367 4041 superatur,
2413 3970 2561 4041 quod
2605 3971 2799 4026 nolens
2850 3987 3077 4042 parcere
3105 3972 3194 4039 iis,
3238 3974 3331 4044 qui
3374 3990 3439 4028 ex

1863 4062 2173 4135 ignorantia
2203 4062 2355 4132 impii
2386 4073 2537 4128 sunt,
2566 4078 2753 4118 amore
2787 4064 2841 4118 in
2874 4064 3008 4120 illud
3037 4065 3184 4135 quod
3211 4080 3321 4119 non
3345 4082 3444 4121 co-

1861 4154 2032 4222 litur,
2078 4154 2514 4225 irreligiosorum
2565 4155 2842 4212 desiderat
2898 4156 3203 4223 interitum,
3260 4157 3440 4211 bonus

1863 4261 1998 4301 vero
2025 4246 2160 4316 ipsis
2188 4246 2385 4303 oﬂerre
2411 4248 2727 4302 sanitatem.
2750 4246 3040 4303 Vultenim
3068 4259 3299 4303 cunctos
3321 4264 3438 4319 poe-

1861 4339 2090 4394 nitentia
2116 4354 2313 4394 sanare
2337 4357 2350 4393 :
2378 4349 2558 4395 servat
2585 4349 2769 4395 autem
2791 4354 2886 4395 eos
2909 4348 3122 4394 tantum
3146 4340 3240 4410 qui
3265 4338 3437 4395 Deum

1861 4439 2234 4502 cognoscunt;
2295 4440 2352 4486 at
2387 4447 2484 4487 eos
2547 4432 2643 4502 qui
2697 4448 2824 4487 eum
2882 4432 3137 4501 ignorant
3189 4446 3300 4486 non
3347 4448 3439 4487 sa-

1861 4532 1977 4591 nat,
2022 4539 2133 4578 non
2174 4523 2321 4594 quod
2348 4524 2506 4590 nolit,
2538 4524 2632 4579 sed
2662 4524 2794 4595 quia
2836 4539 2943 4577 non
2974 4524 3101 4579 licet
3138 4523 3281 4578 bona
3311 4524 3441 4581 [iliis

1860 4615 2013 4685 regni
2040 4623 2345 4687 praeparata
2375 4616 2618 4671 tribuere
2648 4616 2989 4682 hominibus,
3017 4616 3112 4687 qui
3136 4616 3207 4671 ob
3228 4616 3439 4673 discre-
3544 4612 3547 4615 Α

1859 4708 2028 4764 tionis
2050 4708 2413 4780 privationem
2445 4708 2735 4765 assimilati
2765 4717 2895 4764 sunt
2922 4708 3101 4765 brutis
3130 4709 3435 4765 animanti-

1856 4799 1981 4856 bus.

1929 4890 2019 4946 Vl.
2047 4890 2223 4948 Unius
2255 4906 2318 4948 ac
2349 4891 2523 4947 solius
2597 4892 2712 4959 Dei,
2764 4893 2860 4963 qui
2917 4893 3187 4949 mundum
3218 4891 3351 4949 fecit
3375 4902 3433 4949 et

1854 5001 1956 5041 nos
1997 4985 2203 5041 creavit
2249 4997 2303 5041 et
2324 4987 2510 5041 omnia
2560 4988 2813 5057 praebuit,
2862 5004 2927 5042 ea
2970 4996 3168 5042 natura
3212 4994 3332 5052 est,
3372 4997 3435 5042 ut

1853 5079 2094 5133 animam
2125 5077 2417 5149 cujuslibet
2470 5079 2613 5133 intra
2660 5080 2879 5149 pietatis
2925 5079 3131 5134 limites
3176 5078 3342 5149 positi
3378 5088 3434 5135 et

150 5180 304 5242 ὲντδς
329 5179 482 5248 ὅρων
524 5172 833 5237 θεοσεϐείας
866 5173 1038 5236 ὄντος,
1071 5174 1167 5226 καὶ
1196 5173 1272 5244 μὴ
1300 5172 1749 5245 βλασφημοῦντος

1877 5181 2103 5227 .anctum
2115 5171 2234 5243 ejus
2248 5170 2511 5241 Spiritum
2532 5188 2641 5226 non
2666 5172 3197 5242 blasphemantis,ad
3218 5172 3433 5239 se,cha-

149 5270 317 5325 αὑτοῦ
350 5267 420 5324 τὺ
466 5268 621 5336 ἆγιον
662 5264 907 5335 Πνεῦμα,
958 5266 1158 5336 στοργῇ
1185 5267 1253 5337 τῇ
1296 5265 1434 5337 πρὸς
1471 5264 1633 5320 αὑτὸν
1667 5266 1750 5332 εἰς

1877 5264 2026 5322 'itate
2043 5280 2171 5336 erga
2202 5264 2350 5320 hunc
2377 5264 2678 5331 hominem,
2710 5265 2968 5332 adducat,
2999 5280 3094 5336 per
3118 5272 3432 5335 respectum

1444 5398 1680 5455 VARUE
1747 5398 2154 5455 LECTIONES.

222 5497 272 5527 ⁸³
304 5494 637 5552 πείσθεσθαι
663 5503 726 5550 υ.
766 5497 812 5530 ⁸ο
842 5498 995 5552 κάτω
1021 5512 1133 5551 non
1162 5496 1414 5551 omittere
1435 5494 1666 5550 debebat
1719 5492 1777 5549 S.
1834 5492 2080 5550 Subinde
2128 5493 2196 5558 0,
2254 5492 2741 5564 πολυθεουμανίας.
2843 5494 2887 5526 ⁸¹
2922 5494 3125 5564 obnon
3156 5500 3240 5564 est
3267 5491 3322 5544 in
3355 5488 3422 5564 0.

144 5569 195 5603 οι
230 5568 423 5622 καινόν
450 5570 495 5620 Ο
525 5604 543 5631 ,
568 5566 664 5636 qui
691 5566 885 5625 deinde
906 5568 1101 5689 ὀνῗὲιω
1134 5582 1184 5622 c.
1214 5565 1277 5623 D.
1309 5565 1389 5667 ςόν
1422 5564 1557 5689 εἴδω
1583 5564 1693 5689 02:,
1715 5565 1809 5648 sed
1831 5565 2016 5621 statim
2038 5565 2278 5619 πλουσίω
2296 5558 2556 5646 (πλουσίῲ
2577 5563 2618 5620 C
2648 5604 2663 5627 ,
2686 5564 2956 5651 πλουσίως
2973 5563 3040 5617 de
3063 5558 3429 5642 conjectura).

144 5636 593 5689 Κεκοσιιηθέντα
621 5651 673 5689 n.
709 5654 956 5689 κεκοσιιτι
1035 5654 1122 5689 νον
1148 5643 1212 5689 υ.
1285 5637 1307 5668 ⁵
1368 5637 1447 5689 Ita
1558 5643 1613 5689 et
1738 5652 1793 5689 ιιι
1823 5650 2019 5689 [ποι-ιι..
2047 5635 2314 5689 λαμϐάνει
2341 5652 2396 5689 ιιι
2445 5645 2616 5689 textu.
2648 5635 2696 5667 “
2727 5636 2858 5688 αυτό
2883 5632 2924 5686 C
2978 5640 3176 5686 mutari
3213 5631 3331 5685 vult
3370 5646 3425 5682 ιιι

144 5585 195 5603 υτ
230 5585 423 5622 καινον
450 5585 495 5620 υ
525 5604 543 5631 9
568 5585 664 5636 (ιω
691 5585 885 5625 aetnac
906 5585 1017 5622 ονει
1134 5585 1184 5622 C.
1214 5585 1277 5623 υ.
1309 5585 1389 5667 λον
1422 5585 1557 5689 ειὸω
1583 5585 1693 5690 δὲ,
1715 5585 1809 5621 seu
1831 5585 2016 5621 suum
2038 5585 2278 5619 πλουσιω
2296 5585 2556 5646 (ττΛουσιῳ
2577 5585 2618 5620 υ
2648 5604 2663 5627 ,
2686 5585 2956 5628 πλουσιως
2973 5585 3040 5617 (16
3063 5585 3425 5642 υυιψτυιυην.

143 5636 593 5761 Κεκοσμτγθέντα
621 5651 673 5705 p.
709 5585 1122 5764 umapngﬂgv
1148 5643 1212 5690 υ.
1285 5637 1307 5668 ⁵
1368 5637 1447 5690 Ita
1558 5643 1613 5691 et
1714 5637 2019 5724 tinnmarg"
2047 5635 2314 5705 λαμϐάνει
2341 5652 2396 5689 m
2445 5645 2616 5723 textu.
2648 5635 2696 5667 “
2727 5635 2858 5688 αὑτό
2883 5632 2924 5686 C
2978 5640 3176 5686 mutari
3213 5631 3331 5685 vult
3370 5646 3425 5682 ιιι

143 5711 316 5764 αὐτον
344 5726 413 5764 ve
464 5706 642 5761 αυτοί.
685 5706 930 5764 Frustra.
1007 5708 1073 5762 fr.
1104 5708 1252 5762 hom.
1283 5720 1368 5764 ut.
1398 5706 1443 5761 9.
1488 5704 1546 5760 S.
1623 5706 1670 5737 "
1706 5723 1862 5764 υμων
1884 5704 1948 5760 C.
2025 5705 2071 5737 ⁸⁸
2101 5706 2159 5761 δέ
2187 5722 2300 5761 om.
2324 5704 2392 5760 0.
2467 5706 2509 5737 ⁵⁷
2530 5705 2651 5758 ουδὲ
2679 5720 2733 5764 n.
2767 5708 2796 5759 ὁ
2824 5704 2881 5758 δέ
2913 5706 2974 5757 0.
3008 5701 3145 5755 Tum
3179 5699 3421 5764 προσφι-

142 5709 316 5764 αὐτόν
342 5699 439 5785 'vel
464 5699 642 5785 at’fcoi'.
665 5699 1073 5785 _Ffustra:'Cfr.
1104 5708 1252 5785 bom‘.
1283 5720 1368 5772 ιιι,
1884 5699 1971 5785 ϐξ
2025 5705 2071 5737 ⁸⁸
2187 5722 2304 5785 οιιιἒ
2460 5706 2509 5785 :7
2530 5704 2733 5785 οὐδέ-χρ.
2762 5704 2881 5785 est
2913 5701 3157 5785 0..Tu‘m'
3179 5699 3421 5785 προσφέ-

147 5796 394 5856 ρεινβξο.
422 5776 786 5856 ἐπιθυμεῖ-8,
810 5795 863 5856 c._
980 5821 994 5845 ,
1024 5768 1459 5856 προσφέρωνίϐ,
1490 5775 1553 5830 0.
1618 5776 1678 5856 ’⁵⁸
1710 5768 1853 5829 θέλει
1882 5776 2090 5856 πάντας
2259 5776 2304 5856 δ”
2336 5774 2412 5856 Ita
2460 5773 2517 5856 ἓ,
2750 5775 2853 5856 _llle
2884 5772 3029 5856 conj.
3051 5768 3427 5856 εξδήηὶξᾳς..

143 5838 215 5913 0.
246 5850 542 5931 06§ﬁ1to15.
577 5838 821 5931 Subinde
849 5838 998 5912 ἐντδξ
1030 5838 1256 5919 abun/0'
1288 5848 1338 5901 in
1366 5838 1539 5912 teitu,
1566 5847 1631 5902 ad
1654 5862 1806 5902 oram
1831 5862 1976 5903 man.
2005 5838 2081 5902 al.
2112 5846 2241 5910 ἴσως
2272 5846 2505 5910 ἐκτός.(]
2560 5845 2727 5902 edidit
2747 5846 2896 5907 ἐντὸς
2928 5838 3057 5915 ὅρὶρ.
3080 5838 3220 5896 Tum
3251 5838 3433 5912 βλασε-

145 5917 467 5991 ςιυμοῦντος
498 5932 612 5974 scr.
641 5917 714 5972 0..
