3868 6212
165 371 279 426 “7

1311 384 1771 445 CLEMENTINA.
1808 420 1877 432 —
1908 392 2195 451 HOMILIA
2232 395 2321 454 Ill.

3326 408 3360 463 ,ί
3376 406 3439 465 I8

162 485 477 555 ἀνθρώπων
520 491 744 562 στοργή.
806 493 975 558 Εἰδὼς
1015 496 1072 549 δὲ
1129 497 1174 528 ⁷³
1218 500 1247 552 ό
1292 502 1545 571 πονηρὸς,
1601 504 1726 573 ὴμῶ

1864 509 2071 566 minum
2097 528 2225 585 erga
2266 512 2458 569 Deum.
2506 514 2707 574 Videns
2751 514 2929 575 autem
2975 522 3153 579 malus
3182 522 3441 583 festinare

166 582 514 636 σπευδόντων
545 586 656 646 τοῖς
689 585 798 639 ἀπὸ
831 586 998 641 ἐθνῶν
1024 589 1294 644 πιστεύειν
1331 592 1611 662 μέλλουσιν
1641 595 1759 658 ἐνὸς

161 673 262 725 καὶ
297 673 464 744 μόνου
496 675 631 728 Θεοῦ
660 678 719 729 ὲν
744 677 946 749 ψυχαῖς
976 682 1219 753 σπείρειν
1256 684 1354 754 τὴν
1375 684 1757 739 ἀθανατοποιὸν

157 764 301 835 πρὸς
334 766 500 819 αῠτδν
530 767 833 839 ἀνθρώπων
864 771 912 802 τι
944 774 1208 845 στοργὴνν
1258 776 1422 839 αὐτὸς
1453 779 1482 830 ὁ
1524 777 1758 848 πονηρὸς

157 856 305 909 κατά
333 856 444 910 τῶν
478 859 820 926 ἀγνοούντων
866 864 1046 933 ἱκανὸν
1085 866 1249 919 ὅπλον
1292 867 1433 939 ἔχων
1466 870 1604 942 πρὸς
1633 872 1754 925 ὄλε-

156 945 291 1016 θρον
332 948 628 1014 σπουδάζει
654 951 868 1006 πολλῶν
898 954 1036 1008 θεῶν
1064 957 1099 1027 ἢ
1133 958 1227 1010 καὶ
1254 958 1371 1024 ἐνὸς
1402 961 1478 1025 ὡς
1508 960 1754 1033 κρείττοὶ

153 1054 245 1101 νος
439 1044 661 1113 σπεῖραι
693 1045 794 1116 τὴν
827 1045 1093 1118 ὑπόληψιν
1113 1089 1128 1113 ,
1159 1050 1247 1103 ἵνα
1273 1051 1623 1117 συλλαϐόντες
1661 1056 1754 1110 καὶ

150 1132 591 1200 συμπεισθέντες
619 1134 655 1189 ἃ
692 1136 767 1207 μή
802 1137 959 1208 θέμις
980 1182 996 1204 ,
1026 1141 1392 1209 ἀποθανόντες
1416 1146 1495 1210 ὡς
1520 1148 1611 1201 ἐπὶ
1636 1167 1751 1219 μοι-

148 1221 310 1291 χείας
331 1224 664 1298 ἐγκλήματι,
694 1229 796 1299 τῆς
826 1231 992 1285 αὑτοῦ
1024 1232 1302 1305 βασιλείας
1344 1238 1745 1312 ἀποϐληθῶσιν.

218 1421 317 1516 IX.
362 1427 552 1494 Ἀξιος
602 1426 696 1486 οὖν
742 1434 843 1505 τῆς
882 1436 1159 1511 ἀποϐολῆς
1189 1443 1299 1505 πᾶς
1336 1443 1479 1498 κατά
1509 1444 1608 1516 τῆς
1651 1445 1745 1499 τοῦ

142 1512 282 1568 Θεοῦ
333 1521 634 1591 μοναρχίας
662 1525 793 1579 αὐτὸ
826 1528 986 1599 μόνον
1019 1531 1122 1585 κᾶν
1154 1534 1385 1588 ἀκοῦσαί
1419 1553 1473 1589 τι
1506 1512 1745 1591 τοιοῦτον

142 1608 403 1681 θελήσας.
454 1615 516 1668 El
566 1608 622 1669 δὲ
658 1620 735 1682 ὡς
772 1620 1015 1692 Γραφαῖς
1055 1625 1418 1698 τεθαρρηκὼς
1466 1628 1607 1681 κατά
1648 1630 1741 1684 τοῦ

138 1702 278 1758 Θεοῦ
311 1707 491 1779 τολμᾷ
516 1726 600 1774 τις
631 1713 733 1765 κᾶν
766 1714 1007 1783 ἀκούειν,
1043 1718 1259 1787 πρῶτον
1291 1719 1467 1772 ἐκεῖνό
1501 1737 1591 1790 μοι
1619 1737 1742 1774 συν-

136 1797 450 1902 ξνθφμείτω
490 1803 557 1868 ⁷⁵,
586 1804 697 1902 ότι,
740 1806 805 1860 ἄν
851 1825 937 1871 τις
982 1808 1203 1878 εὔλογον
1248 1811 1426 1883 ἐαυτῷ
1453 1812 1632 1884 δόγμα
1663 1814 1740 1877 ὡς
1768 1846 1814 1902 Β

135 1888 395 1959 βούλεται
439 1894 746 1969 ἀναπλάσῃ,
780 1898 969 1952 ἔπειτα
1012 1903 1204 1965 αὐταῖς
1241 1904 1453 1978 ὲγκύψῃ
1481 1906 1551 1972 ’⁸,
1582 1908 1738 1960 δυνα-

131 1981 227 2043 τὸς
282 1982 444 2038 ἔσται
490 1986 694 2052 πολλὰς
730 1989 872 2070 ὑπὲρ
916 1986 977 2046 οῦ
1018 1994 1294 2049 ἐπλάσατο
1338 1995 1607 2069 δόγματος
1640 2000 1736 2053 ἀπ’

130 2074 319 2128 αὐτῶν
364 2080 674 2151 μαρτυρίας
704 2082 910 2156 φέρειν·
943 2085 1063 2151 πῶς
1093 2083 1187 2141 οῦν
1218 2088 1311 2142 ἐπὶ
1342 2091 1570 2155 ταύταις
1595 2093 1737 2147 κατά

127 2164 225 2218 τοῦ
259 2166 401 2220 Θεοῦ
430 2168 651 2243 θαρρεῖν
680 2173 850 2243 ἔστιν,
894 2177 953 2229 ὲν
981 2176 1071 2242 αἷς
1099 2180 1131 2250 ἡ
1162 2180 1379 2236 πάντων
1421 2182 1583 2255 βουλὴ
1622 2186 1735 2239 είσ-

129 2259 452 2329 ευρίσκεται
475 2280 490 2328 ;

195 2351 268 2407 Χ.
320 2354 536 2409 Αὐτίκα
574 2357 707 2425 γοῦν
752 2360 938 2432 Σίμων
984 2362 1176 2436 αὔριον
1225 2367 1355 2439 ⁴ἡμῖν
1400 2368 1648 2441 συζητεῖν
1684 2372 1730 2403 ⁷⁷

129 2446 344 2517 μέλλων
377 2448 618 2521 δημοσίᾳ
669 2453 810 2506 κατά
837 2455 935 2526 τῆς
970 2456 1065 2510 τοῦ
1102 2458 1238 2512 Θεοῦ
1285 2461 1582 2532 μοναρχίας
1613 2462 1732 2515 τολ-

128 2541 208 2609 μᾷ
231 2540 307 2604 ⁷⁸,
343 2540 517 2595 θέλων
558 2543 762 2609 πολλὰς
793 2546 854 2611 ἐξ
898 2549 1077 2604 αὐτῶν
1124 2552 1232 2605 τῶν
1270 2553 1503 2625 Γραφῶν
1547 2556 1730 2625 φωνὰς

123 2630 395 2699 ἐνεγκεῖν,
428 2633 508 2687 ὅτι
544 2636 591 2666 ⁷⁸
620 2636 806 2691 πολλοὶ
837 2640 942 2715 εἰσὶ
976 2640 1109 2710 θεοὶ,
1146 2639 1227 2707 εἷς
1259 2644 1317 2697 δέ
1348 2662 1431 2709 τις
1458 2646 1558 2717 οὐχ
1582 2649 1611 2700 ὁ
1635 2648 1727 2701 τὸν

124 2723 331 2793 κόσμον
350 2725 567 2790 κτίσας,
593 2728 732 2781 ἀλλά
744 2730 790 2761 ⁸ο
802 2731 992 2785 τούτου
1028 2733 1320 2807 ἀνάωερος·
1343 2738 1438 2790 καὶ
1461 2738 1610 2808 ὁμῶς
1627 2739 1727 2803 τὰς

122 2814 431 2883 ἀποδείξεις
458 2820 774 2891 ἐγγράφους
792 2822 906 2894 ἔχει
925 2832 1247 2900 παρασχεῖν.
1280 2832 1567 2903 Κα“ιήμεῖς
1594 2832 1650 2885 δὲ
1666 2833 1727 2899 ἐξ

120 2908 297 2961 αὐτῶν
327 2911 535 2975 πολλὰς
557 2916 865 2984 περικοπὰς
889 2918 1057 2983 δεῖξαι
1087 2921 1273 2990 σαφῶς
1294 2922 1510 2993 ἔχομεν,
1540 2926 1623 2979 ὅτι
1643 2920 1724 2990 εἷς

119 3000 265 3054 ἐστιν
286 3004 316 3055 ό
344 3001 390 3037 ⁸¹
412 3004 545 3068 Θεὸς
569 3002 728 3071 οὗτος
754 3010 782 3062 ὁ
808 3009 898 3063 τὸν
916 3012 1117 3083 κόσμον
1137 3013 1347 3081 κτίσας,
1376 3016 1472 3069 καὶ
1500 3017 1656 3082 ἄλλος
1675 3019 1722 3051 δ’

117 3092 214 3146 οὐκ
242 3093 363 3147 ἐστι
394 3096 538 3178 πλῂν
564 3099 751 3152 αὑτοῦ.
795 3099 957 3156 Ἀλλά
986 3105 1079 3157 καὶ
1099 3107 1151 3157 εί
1174 3123 1259 3169 τις
1286 3107 1461 3171 ἄλλως
1492 3126 1610 3173 πως
1637 3113 1718 3164 εί-

1862 616 1986 671 nos,
2011 613 2070 659 ut
2095 606 2149 659 in
2178 622 2370 662 eorum
2403 609 2624 678 animis,
2668 613 2761 681 qui
2792 629 2858 666 ex
2889 616 3144 685 gentibus
3179 619 3439 676 credituri

1862 708 2011 763 sunt,
2037 697 2434 757 inseminemus
2461 702 2894 761 immortalitatis
2923 709 3282 775 operatricem
3305 711 3439 765 cha-

1859 787 2079 844 ritatem
2114 791 2402 847 hominum
2452 794 2506 848 in
2551 811 2720 850 unum
2751 812 2815 851 ac
2856 797 3033 852 solum
3074 798 3267 868 Deum,
3297 817 3436 872 ipse,

1859 882 2106 951 inquam,
2139 882 2414 953 diabolus,
2463 896 2654 942 contra
2693 888 2977 958 imperitos
3010 888 3347 949 sufﬁcienter
3364 895 3432 949 ad

1857 989 2047 1030 necem
2100 988 2345 1033 armatus
2376 1019 2391 1045 ,
2448 978 2643 1034 nititur
2696 981 2994 1037 multorum
3040 983 3269 1038 deorum
3319 983 3433 1041 sive

1840 1067 2025 1122 .unius
2070 1078 2330 1139 tanquam
2364 1072 2760 1139 praestantioris
2800 1074 3112 1143 opinionem
3146 1075 3384 1132 inserere
3416 1096 3431 1131 :

1854 1175 1965 1230 quo
1995 1161 2269 1228 homines,
2315 1164 2552 1218 tenendo
2588 1181 2653 1220 ac
2694 1166 2965 1223 credendo
2991 1184 3112 1237 qua
3144 1186 3252 1223 non
3283 1169 3428 1235 licet,

1853 1254 2165 1309 moriantur
2189 1257 2346 1325 quasi
2374 1256 2429 1311 in
2462 1257 2715 1313 adulterii
2737 1260 2991 1321 crimine.
3013 1270 3067 1316 et
3088 1276 3117 1315 a
3146 1277 3312 1332 regno
3335 1261 3430 1318 Dei

1849 1347 2160 1418 ejiciantur.

1923 1439 2019 1495 IX.
2058 1439 2249 1512 Itaque
2294 1443 2495 1513 dignus
2532 1443 2725 1513 estqui
2763 1443 3072 1513 abjiciatur,
3114 1444 3428 1514 quicunque

1847 1544 2043 1591 contra
2090 1534 2187 1589 Dei
2241 1535 2623 1591 monarchiam
2666 1536 2753 1589 vel
2806 1544 3015 1589 tantum
3065 1536 3197 1605 quid
3248 1535 3428 1591 simile

1847 1628 2040 1684 audire
2062 1628 2316 1684 voluerit.
2350 1627 2408 1683 Si
2440 1642 2572 1684 vero
2598 1669 2615 1696 ,
2649 1628 2809 1697 quasi
2837 1627 3137 1697 Scripturis
3167 1628 3422 1693 conﬁdat,

1845 1728 2037 1774 contra
2081 1719 2253 1775 Deum
2281 1720 2366 1775 vel
2395 1720 2587 1776 audire
2632 1720 2834 1790 aliquis
2861 1720 3044 1787 audet,
3076 1721 3255 1791 primo
3290 1720 3427 1775 illud

1844 1826 2059 1866 mecum
2093 1811 2405 1867 consideret
2437 1830 2450 1867 :
2486 1812 2672 1884 siquis
2695 1812 2893 1882 dogma
2920 1812 3142 1882 aliquod
3165 1812 3269 1877 sibi
3296 1828 3425 1882 pro-

1839 1902 2019 1957 babile
2041 1918 2141 1973 pro
2158 1904 2438 1959 voluntate
2461 1905 2790 1960 confinxerit
2813 1912 2867 1961 et
2897 1913 3084 1975 postea
3104 1904 3424 1977 Scripturas

1839 1992 2005 2048 fuerit
2030 1994 2287 2063 intuitus,
2330 2012 2399 2050 ex
2432 1996 2502 2051 iis
2532 1997 2732 2067 poterit
2775 1996 2946 2051 multa
2979 1998 3288 2053 testimonia
3319 2014 3421 2067 pro

1837 2086 2030 2141 ﬁctitio
2068 2101 2171 2141 suo
2200 2087 2453 2158 dogmate
2474 2088 2752 2157 proferre;
2794 2103 2906 2158 quo
2949 2089 3112 2145 modo
3152 2090 3320 2161 igitur
3364 2092 3416 2143 in

1835 2178 1906 2234 iis
1933 2178 2196 2233 adversus
2224 2178 2395 2234 Deum
2426 2180 2701 2235 conﬁdere
2737 2180 2820 2236 las
2847 2180 2940 2248 sit,
2964 2183 3022 2237 in
3051 2182 3254 2253 quibus
3276 2199 3416 2239 cun-

1835 2278 2048 2327 ciorum
2081 2269 2344 2341 placitum
2381 2271 2705 2326 invenitur?

1903 2360 1974 2417 X.
2006 2360 2164 2417 Nunc
2196 2377 2326 2433 ergo
2355 2362 2568 2429 Simon,
2590 2379 2711 2419 cras
2740 2365 3030 2421 nobiscum
3055 2365 3274 2437 publice
3301 2366 3416 2421 (lis.-

1831 2461 2193 2521 ceptaturus,
2250 2464 2443 2509 contra
2492 2454 2589 2510 Dei
2642 2457 3021 2512 monarcbiam
3078 2459 3411 2529 aggreditur.

1830 2545 2143 2615 multasque
2166 2560 2233 2600 ex
2260 2545 2395 2616 ipsis
2427 2545 2727 2618 Scripturis
2757 2564 2918 2605 voces
2948 2548 3141 2605 alI'erre
3172 2550 3307 2615 vult,
3345 2551 3413 2605 de

1828 2649 1895 2689 eo
1920 2636 2067 2706 quod
2093 2638 2251 2692 multi
2273 2639 2350 2693 dii
2376 2640 2486 2695 sint
2513 2649 2568 2695 et
2589 2656 2734 2696 unus
2763 2641 3010 2712 quidam,
3048 2658 3157 2696 non
3189 2643 3409 2713 quidem

1828 2738 2048 2783 creator
2085 2730 2313 2797 mundi,
2349 2732 2444 2787 sed
2484 2733 2579 2787 illo
2610 2735 2880 2805 superior.
2931 2734 3217 2807 Simulque
3245 2752 3415 2807 argu-

1828 2830 2010 2876 menta
2036 2838 2104 2877 ex
2132 2822 2439 2894 Scripturis
2460 2826 2759 2882 exhibebit.
2789 2826 2856 2882 Et
2880 2843 2983 2884 nos
3002 2844 3225 2900 quoque
3247 2843 3313 2884 ex
3338 2830 3408 2885 iis

1826 2912 1962 2982 ipsis
1988 2915 2160 2970 multa
2195 2917 2469 2973 evidentia
2496 2920 2738 2989 capitula
2771 2923 3059 2976 ostendere
3088 2937 3410 2992 possumus,

1823 3004 1969 3073 quod
2024 3022 2169 3063 unus
2213 3009 2286 3063 sit
2332 3008 2476 3066 Deus
2515 3011 2604 3066 hic
2643 3013 2737 3082 qui
2769 3014 2958 3068 orbem
2993 3015 3260 3080 condidit,
3305 3033 3408 3071 nec

1826 3096 1967 3153 alius
1996 3099 2069 3153 sit
2088 3109 2284 3169 prater
2317 3117 2464 3157 eum.
2500 3102 2604 3159 Sed
2628 3114 2681 3159 et
2710 3105 2757 3160 si
2789 3106 2914 3175 quis
2945 3106 3052 3162 alio
3074 3123 3407 3178 quocunque

117 3188 236 3238 πεῖν
263 3186 507 3258 θελήσει,
530 3190 641 3255 ἔξει
667 3193 763 3246 καὶ
783 3193 944 3258 αὐτὸς
970 3196 1030 3260 ἐξ
1049 3198 1229 3251 αὐτῶν
1242 3200 1319 3262 ὡς
1337 3199 1585 3270 βούλεται
1606 3204 1715 3274 83

1836 3191 1986 3245 nodo
2042 3191 2226 3248 dicere
2267 3194 2524 3260 voluerit,
2570 3197 2794 3252 habebit
2841 3198 3005 3253 etiam
3045 3199 3093 3255 is
3137 3215 3204 3255 ex
3244 3202 3413 3271 ipsis,

116 3280 242 3349 περὶ
270 3273 349 3333 ὧν
400 3280 650 3350 βούλεται
678 3284 780 3349 τάς
809 3288 1112 3354 ἀποδείξεις
1154 3296 1478 3365 παρασχεῖν.
1527 3273 1717 3352 Πάντά⁸

115 3369 218 3441 γὰρ
248 3371 307 3424 αἱ
338 3372 560 3442 Γραφαὶ
591 3375 861 3443 λέγουσιν,
893 3380 979 3433 ἵνα
1011 3383 1201 3453 μηδεὶς
1226 3384 1335 3437 τῶν
1376 3387 1712 3459 ἀγνωμόνως

112 3459 427 3531 ζητούντων
464 3466 526 3518 τὸ
564 3466 764 3539 ἀληθὲς
817 3470 1002 3542 ε’ύροι,
1059 3473 1175 3526 ἀλλ’
1224 3475 1252 3528 ὃ
1307 3476 1574 3547 βούλεται,
1616 3480 1711 3535 τοῦ

109 3552 347 3622 ἀληθοῦς
380 3558 498 3620 τοῖς
526 3560 855 3631 εὐγνώμοσι,
877 3565 1269 3636 τετηρημένου.
1304 3568 1708 3644 Εὺγνωμοσύνη

106 3643 161 3697 δέ
184 3645 339 3700 ἐστιν
359 3647 424 3701 τὸ
446 3648 494 3683 ⁸³
514 3650 652 3721 πρὸς
669 3652 762 3707 τὸν
788 3653 882 3708 τοῦ
903 3649 1041 3710 εἶναι
1055 3657 1202 3728 ἡμᾶς
1223 3660 1392 3714 αἴτιον
1403 3643 1709 3728 ἀποσώζειν

109 3741 370 3810 στοργήν.

172 3827 268 3882 XI.
310 3830 476 3911 Ὅθεν
508 3832 615 3903 πρὸ
644 3834 867 3891 πάντων
908 3838 1105 3894 εἰδέναι
1152 3841 1386 3911 ὀφείλει,
1436 3842 1519 3897 ὅτι
1551 3845 1710 3900 οὐδα-

106 3920 271 3989 μόθεν
308 3923 485 3994 αὐτὴν
524 3926 790 3997 εὑρίσκει,
821 3931 869 3983 εί
899 3932 974 4002 μὴ
1005 3932 1073 3986 ἂν
1113 3934 1222 3987 ἀπὸ
1255 3936 1535 4006 προφήτου
1568 3938 1704 4010 ἀλη-

102 4011 275 4076 θείας.
322 4013 625 4087 Προφήτης
671 4020 730 4073 δὲ
759 4021 968 4094 ἀληθής
1010 4025 1157 4078 ἐστιν
1186 4028 1214 4080 ὁ
1248 4027 1424 4081 πάντα
1470 4029 1701 4083 πάντοτε

100 4105 285 4169 εἰδὼς,
318 4106 403 4159 ἔτι
435 4108 494 4161 δὲ
525 4111 620 4163 καὶ
650 4110 753 4176 τάς
783 4114 1000 4169 πάντων
1030 4118 1259 4185 ἐννοίας,
1292 4120 1699 4193 ἀναμάρτητος·

100 4197 175 4259 ὡς
209 4199 342 4269 περὶ
379 4199 482 4270 τῆς
516 4203 880 4272 προγνώσεως
916 4207 1082 4261 αὐτοῦ
1132 4211 1206 4282 μὴ
1255 4211 1442 4277 ἁπλῶς
1482 4213 1702 4287 διαλαμ-

98 4288 307 4359 ϐάνειν,
358 4291 479 4345 ἀλλ’
510 4297 557 4348 εί
588 4295 811 4350 δύναται
845 4300 973 4373 ἄιεν
1006 4301 1199 4373 ἐτέρας
1230 4306 1557 4376 προφάσεως
1586 4325 1702 4361 συν-

97 4382 324 4436 εστάναι
355 4384 526 4437 αὐτοῦ
559 4387 590 4457 ἡ
622 4388 949 4459 πρόγνωσις.
983 4393 1048 4445 Ἀ
1079 4394 1187 4466 γὰρ
1219 4382 1269 4449 οἱ
1306 4396 1481 4470 ἰατροὶ
1512 4400 1700 4471 προλὲ-

1819 3294 1985 3355 prout
2025 3285 2174 3341 volet
2217 3296 2272 3342 et
2322 3288 2389 3343 de
2417 3288 2619 3358 quibus
2658 3290 2824 3355 volet,
2865 3291 3218 3361 probationes
3246 3293 3398 3348 dare.

1817 3374 2017 3432 Omnia
2067 3379 2270 3449 quippe
2309 3378 2608 3451 Scriptura
2648 3381 2841 3437 dicunt
2871 3402 2884 3437 :
2915 3399 2983 3438 ne
3010 3385 3156 3440 ullus
3180 3400 3405 3454 eorum,

1815 3470 1910 3538 qui
1934 3471 2147 3541 ingrate
2178 3482 2467 3542 quarunt,
2499 3474 2741 3530 inveniat
2773 3476 3079 3543 veritatem,
3113 3477 3207 3534 sed
3246 3481 3399 3534 inve-

1814 3563 1933 3618 niat
1978 3564 2125 3634 quod
2156 3565 2308 3635 cupit
2348 3584 2363 3633 ;
2396 3567 2622 3622 veritate
2661 3568 2832 3639 gratis
2867 3568 3183 3625 hominibus
3218 3586 3398 3627 reser-

1812 3667 1958 3713 vata.
1993 3656 2282 3713 Gratitudo
2313 3669 2495 3714 autem
2520 3671 2607 3714 est
2629 3700 2644 3725 ,
2674 3674 2893 3715 servare
2916 3660 3239 3718 charitatem
3264 3679 3401 3736 erga

1810 3764 1936 3805 eum
1966 3748 2062 3820 qui
2092 3750 2393 3805 exsistendi
2422 3750 2583 3807 nobis
2615 3761 2809 3807 auctor
2838 3752 2961 3808 fuit.

1879 3841 1973 3898 XI.
2017 3841 2174 3898 Unde
2205 3852 2329 3898 ante
2358 3844 2544 3899 omnia
2582 3845 2724 3901 scire
2765 3854 3000 3915 oportet,
3031 3861 3142 3902 non
3172 3846 3395 3903 aliunde

1808 3933 2043 3990 inveniri
2090 3935 2376 3991 veritatem
2408 3977 2425 4004 ,
2496 3952 2664 4007 quam
2717 3953 2749 3992 a
2800 3939 3049 3995 veritatis
3102 3938 3397 4010 pr0pheta..

1806 4025 2080 4096 Propheta
2110 4036 2293 4082 autem
2317 4043 2482 4083 verus
2508 4028 2555 4084 is
2579 4037 2664 4084 est
2691 4030 2785 4100 qui
2812 4031 2996 4086 omnia
3019 4032 3266 4098 omnino,
3304 4041 3390 4085 at-

1805 4134 1914 4189 que
1955 4119 2119 4174 etiam
2165 4128 2489 4183 cunctorum
2542 4121 2904 4191 cogitationes
2953 4124 3144 4190 novit,
3195 4135 3388 4194 estque

1805 4212 2207 4283 impeccabilis,
2234 4222 2296 4268 ut
2321 4213 2415 4284 qui
2447 4213 2513 4269 de
2539 4212 2633 4268 Dei
2661 4214 2869 4285 judicio
2899 4215 2972 4270 sit
3000 4217 3385 4282 certissimus;

1802 4308 2062 4375 quocirca
2089 4320 2191 4361 nos
2213 4306 2475 4362 debemus
2498 4307 2565 4362 de
2587 4306 2708 4376 ejus
2734 4308 3074 4377 prascientia
3106 4324 3216 4364 non
3245 4309 3383 4364 sim-

1800 4398 2018 4469 pliciter
2059 4398 2331 4469 judicare,
2379 4399 2474 4454 sed
2507 4399 2554 4453 si
2582 4400 2790 4470 absque
2829 4400 2937 4454 alia
2980 4414 3148 4455 causa
3194 4401 3382 4455 consi—

97 4487 307 4540 γουσιν,
357 4475 810 4549 ὑποϐεϐλημένην
848 4480 980 4554 ὓλην
1018 4483 1234 4554 ἔχοντες
1275 4488 1371 4541 τοῦ
1415 4491 1696 4557 νοσοῦντος

1836 4500 1945 4546 tere
1990 4491 2530 4561 potestpraseientia
2553 4491 2748 4561 ipsius.
2778 4490 3037 4559 Quaedam
3066 4493 3211 4547 enim
3241 4507 3382 4561 pra:-

97 4564 183 4616 τὺν
218 4566 501 4635 σφυγμὸν,
547 4570 643 4623 καὶ
686 4572 737 4623 οἱ
778 4573 875 4642 μὲν
908 4576 1107 4647 πτηνὰ,
1146 4581 1198 4631 οἱ
1230 4579 1288 4633 δὲ
1330 4581 1563 4652 θύματα,
1600 4583 1727 4640 καῖ’

1837 4583 1991 4637 icunt
2034 4583 2271 4650 medici,
2317 4583 2448 4652 quia
2491 4584 2794 4653 subjectam
2840 4585 3126 4639 materiam
3179 4585 3381 4639 habent

98 4655 242 4747 ἀλλοι
286 4657 461 4721 ἄλλας
508 4658 637 4724 ὕλας
672 4663 876 4728 πολλὰς
907 4667 1198 4741 διαφόρους
1243 4673 1695 4747 ὑποϐεϐλημένας

1836 4674 2110 4745 νει-οιθηῑὶε
2140 4674 2398 4744 pulsum;
2432 4675 2559 4729 item
2588 4675 2679 4729 alii
2702 4691 2851 4742 aves,
2884 4676 2976 4730 alii
2994 4676 3390 4740 victimas,alii-

96 4746 312 4817 ἔχοντες
342 4750 724 4822 προλέγουσιν,
763 4758 857 4810 καὶ
884 4761 1158 4831 προφῆται
1189 4765 1289 4817 οὐκ
1318 4768 1473 4822 εἰσίν.

159 4904 276 4962 XII.
309 4908 379 4960 Εἰ
414 4908 472 4961 δὲ
495 4909 784 4984 βουληθείη
814 4931 896 4979 τις
912 4915 1114 4986 λέγειν,
1144 4923 1243 4993 τὴν
1272 4924 1361 4978 διά
1388 4926 1496 4982 τῶν
1516 4931 1690 4985 τοιού-

1792 4767 1927 4822 alias
1953 4766 2155 4821 multas
2192 4775 2247 4820 et
2274 4767 2455 4822 varias
2497 4767 2757 4823 materias
2803 4769 3078 4839 subjectas
3104 4768 3234 4824 dum
3280 4770 3381 4824 ha—

1798 4859 1948 4927 bent,
1993 4859 2315 4929 pradicunt,
2343 4876 2445 4915 nec
2479 4871 2608 4915 sunt
2635 4862 2931 4931 propheta.

1868 4951 1983 5007 XII.
2029 4951 2188 5018 Quod
2228 4953 2275 5008 si
2316 4952 2451 5022 quis
2472 4953 2655 5008 dicere
2692 4954 3376 5026 voluerit,_prascientiam

1378 5078 1618 5137 VARUE
1682 5083 2090 5142 LECTIONES.

171 5182 189 5246 '_
236 5175 297 5229 δέ
331 5176 519 5232 addidi
542 5194 591 5233 c.
623 5179 713 5246 o,

171 5182 177 5185 '
236 5182 297 5229 δέ
331 5182 519 5232 addidi
542 5194 591 5233 c.
623 5182 669 5235 Ο
699 5221 713 5246 ,
788 5182 817 5235 ὃ
844 5184 1000 5251 ειδώς
1017 5189 1163 5259 conj.
1197 5188 1261 5243 D.

98 5243 319 5322 μηθήῖω
345 5252 411 5300 0.
463 5318 486 5322 _
517 5249 563 5279 ⁷⁵
592 5251 808 5322 ὲγκύψῃ
836 5254 902 5315 υ,
935 5272 985 5311 e.
1018 5258 1057 5312 S
1086 5298 1101 5322 ,
1131 5260 1261 5322 ἐγκύ

1391 5195 1436 5274 ξς
1458 5195 2020 5274 ἀνθρώπωνλοοοθε-εἱι
2051 5215 2116 5253 ex
2283 5201 2328 5233 "
2352 5200 2426 5274 l_ta
2465 5200 2547 5265 8.,
2582 5203 2885 5274 συνενουμή

130 5251 324 5353 1λέῧὲ
345 5252 411 5353 ‘3;
457 5251 985 5353 κρῖῖξτκξῖίηιρνια
1018 5258 1057 5312 ⁵
1086 5251 1379 5353 eam
1395 5263 1466 5345 ος.
1492 5251 1734 5353 δέἐύίίέάθ
1760 5251 1982 5353 διὰ)ἀῷ
2005 5251 2129 5353 δέ..
2257 5251 2547 5353 marsi?
2578 5251 2799 5353 ἐξ..θέ
2814 5251 2977 5353 ἵᾲξεῐς

96 5317 211 5384 (sic)
243 5317 329 5369 ὅτι
364 5332 421 5387 p.
457 5318 539 5370 ὅτι
573 5317 643 5373 0.
712 5317 759 5354 ⁸⁶
780 5317 929 5379 ’ἀλλά
959 5317 1333 5386 οῐηξΟίΤιιίιι
1357 5317 1507 5404 ὁμῶς
2023 5317 2136 5393 “"6
2584 5317 2676 5374 *δ’
2696 5317 3037 5397 ἄλλο-δίίκτεὴ
3197 5343 3259 5397 C.

2891 5221 2966 5257 τω
2990 5202 3031 5257 G
3048 5216 3076 5265 ',
3116 5202 3368 5257 συνενΟυ·

2180 5271 2225 5303 ⁷⁷
2257 5271 2537 5344 συνζητεῖν
2578 5270 2666 5344 (ἒς
2717 5274 2790 5344 "7,3
2816 5270 3031 5344 “ly-‘3".
3070 5277 3134 5327 0"
3211 5275 3278 5344 7"
3303 5288 3383 5340 εχί

1386 5464 1745 5525 VABIORUM
1777 5472 2013 5531 ΝΟΤᾸΞ.

91 5669 193 5741 της
222 5656 319 5741 καὶ
556 5658 687 5730 περὶ
716 5658 869 5741 ρεόν,
903 5672 1006 5717 etc.
1044 5663 1149 5741 Τοῦ
1184 5666 1338 5734 ἁγίου
1359 5668 1673 5741 Κλήμεντος

93 5726 389 5810 ἐπισκόπου
408 5798 419 5810 Ι
441 5726 697 5810 Ῥώμης..
730 5729 1017 5810 Αὐτάρκης
1058 5736 1137 5797 εἰς
1154 5805 1165 5810 _
1185 5726 1541 5810 σωτηρίαν”ἡ
1591 5726 1670 5803 εἰς

93 5792 213 5849 Θεὸν
246 5798 346 5851 ἀνθ
354 5798 554 5868 ρώπων

1776 5675 1919 5752 προς
1942 5674 2156 5752 τὸν-τοῦ
2195 5672 2340 5752 εἶναι
2375 5682 2519 5751 ἡμᾶς
2553 5680 2741 5752 αἴτιον,
2762 5680 3068 5752 ἀποσώζειν
3105 5682 3368 5752 στοργήν

685 5800 697 5813 1
711 5739 1017 5823 ἒῡτὲρκης
1058 5739 1137 5797 εἰς
1153 5805 1165 5819 ν
1185 5739 1467 5823 σωτηρίαν,
1485 5739 1541 5810 ’ἡ
1591 5745 1670 5823 εἰς
1887 5739 1956 5815 ἦς
1975 5748 2070 5823 καῖ
2085 5747 2340 5823 εἰς’δεύτε
2350 5739 2439 5822 ρὸῖμ
2460 5739 2551 5804 καὶ
2571 5750 2674 5821 ἀγή
2684 5739 2760 5822 po)
2779 5750 2947 5804 αἰῶνα
2962 5739 3367 5823 διασωζόμὲθα..

596 5799 800 5870 ἀγάπη.
840 5799 1267 5878 Εῦγνωμοσύνης
1302 5799 1407 5880 γάρ
1454 5799 1583 5878 ἐστι,
1615 5799 1670 5865 τό
1773 5799 2023 5886 uitii”).
2052 5799 2296 5873 “LVCUI.
