3868 6212
136 329 243 385 121

1286 338 1747 399 CLEMENTINA.
1784 374 1855 387 -—
1887 346 2172 404 IIOMILIA
2206 350 2291 406 III.

3292 346 3399 399 £23

134 444 281 514 ἔφη·
334 443 541 512 Ὀρᾶτε
573 446 676 511 τὰς
707 447 1026 518 οἰκοδομὰς
1062 452 1316 519 ταύτας;
1369 453 1555 522 Ἀμὴν
1588 455 1722 523 ὑμῖν

1826 462 1977 516 4mm
2013 464 2132 517 dico
2166 462 2330 527 vobis,
2367 461 2505 531 lapis
2534 476 2691 530 super
2723 461 2951 529 lapidem
2982 475 3087 514 non
3126 458 3381 518 relinque-

134 535 298 605 λέγω
318 537 388 601 ’⁸,
421 539 594 603 λίθος
618 538 718 591 ἐπὶ
745 541 919 595 λίθον
949 544 1020 596 οὐ
1048 543 1136 613 μὴ
1164 544 1355 613 ἀφεθῇ
1380 538 1527 607 ὧδε,
1557 547 1623 611 ὃς
1655 548 1727 601 οὐ

130 628 221 697 μὴ
257 629 607 698 καθαιρεθῇ·
646 632 744 685 καὶ
775 635 847 687 οὐ
868 634 954 702 μὴ
982 634 1250 705 παρέλθῃ
1281 639 1319 704 ἡ
1352 638 1527 707 γενεὰ
1553 639 1726 705 αὕτη,

135 721 238 774 καί
274 722 313 788 ἡ
337 722 383 753 ’⁷
416 724 764 791 καθαίρεσις
794 726 993 795 ἀρχὴν
1020 726 1296 796 λήψεται.
1344 730 1728 787 Ἐλεύσονται

134 816 248 884 τὰρ
267 814 372 868 καὶ
392 816 709 870 καθιοῦσιν
726 818 1006 881 ἐνταῦθα,
1029 819 1127 872 καί
1153 834 1282 889 περι
1286 821 1726 889 χαρακώσουσι,

135 906 235 958 καὶ
294 906 371 960 τὰ
430 906 614 960 τέκνα
674 907 843 977 ὑμῶν
896 909 1157 964 ἐνταῦθα
1209 913 1724 982 κατασφάξουσιν.

138 997 335 1068 Ὅμως
359 999 454 1051 καὶ
476 998 547 1051 τὰ
573 1000 699 1069 ἑξῆς
728 1000 915 1071 εἴρηκε
962 1006 1124 1071 σαφεῖ
1152 1008 1325 1074 φωνῇ,
1365 1005 1521 1059 ἅτινα
1548 1005 1730 1071 αὐτοῖς

132 1089 441 1160 ὀφθαλμοῖς
472 1091 600 1144 ίδεῖν
619 1091 664 1123 ’⁸
692 1090 917 1162 ἔχομεν·
948 1094 1035 1146 ἵνα
1062 1095 1147 1163 ἐφ’
1171 1088 1245 1148 ὧν
1274 1098 1302 1147 6
1328 1095 1482 1162 λόγος
1504 1096 1725 1167 ἐρρέθη,

135 1182 233 1233 καὶ
258 1182 324 1234 τὸ
350 1182 513 1252 ἔργον
538 1184 781 1254 γένηται.
809 1184 954 1256 Πρὸς
974 1185 1082 1256 γὰρ
1108 1187 1290 1239 πίστιν
1311 1188 1617 1242 ἀκουόντων
1638 1190 1727 1243 τὸν

135 1272 296 1341 λόγον
332 1274 437 1345 τῆς
480 1275 808 1340 ἀποδείξεως
834 1278 863 1329 6
893 1276 993 1348 τῆς
1037 1277 1294 1348 ἀληθείας
1322 1281 1551 1333 ποιεῖται
1597 1298 1729 1351 προ-

135 1366 341 1436 etrus-

206 1455 353 1510 XVI.
396 1458 545 1541 [Ilipa
576 1459 761 1512 πολλοί
781 1461 888 1513 είσι
913 1461 1013 1531 τῆς
1040 1460 1249 1533 πλάνης
1278 1463 1538 1533 κήρυκες,
1567 1464 1663 1518 ἕνα
1680 1464 1728 1499 ’⁸

132 1551 223 1603 τὸν
268 1550 377 1621 τῆς
419 1552 619 1614 κακίας
659 1552 905 1623 ἡγεμόνα
947 1552 1191 1622 ἔχοντες·
1224 1548 1269 1622 ᾧ
1306 1554 1447 1625 λόγῳ
1487 1556 1602 1609 ὁ¹⁰⁰
1627 1556 1727 1627 τῆς

131 1642 398 1715 ἀληθείας
423 1644 517 1697 καὶ
554 1644 716 1709 αὐτὸς
742 1638 822 1707 εἷς
856 1644 931 1698 ὢν
967 1646 1066 1716 τῆς
1102 1645 1383 1709 εὐσεϐείας
1416 1647 1639 1717 ἡγεμὼν
1668 1648 1724 1700 ὲν

1814 563 1902 607 tur
1934 555 2160 625 Μορφώ
2185 570 2289 609 non
2311 556 2627 609 destruatur
2654 570 2672 607 :
2700 564 2748 608 et
2780 570 2883 607 non
2911 550 3199 619 praeteribit
3230 567 3386 620 gene-

1811 648 1952 701 ratio
1993 647 2133 711 hac,
2177 648 2304 717 quin
2349 648 2639 701 destructio
2678 646 2895 699 initium
2938 653 3136 698 sumat.
3175 641 3391 697 Venient

1810 740 1949 793 enim
1976 748 2028 793 et
2055 740 2308 792 sedebant
2331 739 2417 792 hic
2446 747 2495 793 et
2530 738 2669 792 vallo
2703 736 3142 797 circumdabunt,
3168 744 3217 788 et
3247 734 3394 803 ﬁlios

1810 841 2007 886 vestros
2029 831 2355 901 jugulabuut
2385 832 2470 884 hic
2497 843 2545 883 α.
2576 829 2786 884 Pariter
2818 830 2964 883 clara
2995 844 3125 883 voce
3156 843 3389 896 sequen-

1815 926 1885 978 tia
1912 924 2288 995 pronuntiavit
2328 939 2451 993 qua:
2493 923 2627 992 ipsis
2670 921 2844 975 oculis
2878 920 3125 974 videmus
3170 936 3183 969 :
3232 928 3287 973 ut
3334 919 3389 972 in

1810 1016 2008 1082 quibus
2036 1030 2217 1069 sermo
2243 1015 2421 1069 dictus
2468 1012 2598 1079 fuit,
2628 1023 2680 1069 et
2724 1029 2811 1067 res
2851 1012 3110 1067 eveniret.
3138 1010 3274 1065 Nam
3302 1027 3394 1065 ve-

1811 1109 1990 1164 ritatis
2015 1107 2275 1177 propheta
2308 1108 2377 1161 ob
2412 1107 2725 1162 auditorum
2757 1106 2919 1161 ﬁdem
2961 1119 3272 1161 sermonem
3299 1102 3395 1159 de-

1811 1198 2222 1255 monstrationis
2255 1196 2404 1252 facit.

1894 1451 2036 1508 XVI.
2080 1452 2471 1511 Verumtamen
2503 1458 2659 1513 multi
2688 1466 2818 1514 sunt
2857 1460 3063 1517 erroris
3088 1476 3389 1532 praecones.

1826 1561 1995 1601 unum
2046 1548 2304 1604 habentes
2341 1550 2559 1605 malitia:
2600 1550 2794 1607 ducem
2833 1570 2846 1607 :
2892 1568 3001 1623 qua
3044 1554 3257 1610 ratione
3303 1557 3395 1626 qui

1825 1654 1970 1693 unus
2000 1639 2246 1696 veritatis
2284 1641 2442 1711 juxta
2482 1657 2548 1697 ac
2588 1643 2809 1713 pietatis
2840 1644 2952 1699 dux
2997 1655 3115 1712 est,
3162 1648 3403 1717 propriis

136 1734 289 1797 ἰδίοις
322 1738 541 1806 καιροῖς
561 1737 686 1798 τοὺς
714 1736 924 1800 πάντας
952 1736 1231 1807 καθαροὺς
1256 1738 1579 1809 εὑρεθέντας
1613 1738 1722 1803 ἕξει

1827 1730 2164 1799 temporibus
2192 1747 2386 1788 omnes
2431 1748 2597 1803 puros
2640 1734 2889 1791 inventos
2914 1736 3135 1791 habebit
3159 1738 3398 1808 prophe»

132 1827 446 1896 προφήτας.
487 1827 551 1880 Ἦ
573 1827 630 1880 δὲ
660 1828 828 1899 πολλὴ
852 1827 961 1880 τῶν
991 1806 1420 1901 πεπλανημένων
1448 1831 1596 1883 αίτία
1626 1831 1720 1899 γέ-

1827 1831 1929 1876 tas.
1963 1818 2239 1893 Praecipua
2266 1840 2396 1879 vero
2416 1824 2620 1879 erroris
2644 1826 2939 1881 multorum
2964 1844 3129 1883 causa
3154 1830 3272 1885 haec
3290 1838 3398 1897 est,

129 1934 290 1985 γονεν
320 1916 466 1989 αὕτη
488 1919 505 1950 ⁸
525 1936 539 1950 ·
587 1919 652 1972 τὸ
695 1920 769 1990 μὴ
799 1919 1065 1991 πρότερον
1096 1922 1286 1991 νοῆσαι
1314 1922 1405 1973 τὸν
1430 1922 1529 1991 τῆς
1557 1923 1719 1986 συζυ-

129 2010 257 2077 γίας
280 2009 465 2079 λόγον,
499 2011 559 2063 ὃν
595 2010 700 2082 ἰδίᾳ
730 2013 859 2082 ὑμῖν
888 2012 1147 2065 ἑκάστοτε
1176 2015 1237 2066 οὐ
1267 2014 1548 2085 παύσομαι
1575 2018 1720 2069 ὲκτι-

130 2100 360 2170 θέμενος
385 2101 773 2170 κεφαλαιωδῶς
789 2120 803 2133 ·
829 2103 962 2156 πολὺ
989 2103 1098 2175 γὰρ
1119 2105 1180 2156 τὸ
1205 2107 1325 2157 κατ’
1355 2101 1494 2169 εἶδος
1520 2107 1714 2175 λέγειν.

141 2193 333 2264 Ὑμεῖς
379 2190 477 2248 οὖν
518 2194 626 2248 τῶν
673 2195 979 2267 λεγομένων
1024 2196 1249 2265 γένεσθέ
1289 2215 1379 2269 μοι
1409 2199 1721 2271 φιλαληθεῐς

130 2284 338 2355 κριταί.

198 2376 315 2447 86
341 2376 507 2432 XVII.
537 2378 714 2432 Τοῦδὲ
746 2379 925 2448 λέγειν
949 2380 1183 2452 ἄρξομαι
1214 2382 1338 2453 ἤδη.
1378 2382 1513 2436 Θεθῦ
1532 2383 1627 2436 τοῦ
1651 2381 1721 2438 τὰ

131 2470 314 2522 πάντα
346 2471 713 2542 πεποιηκότος
740 2472 803 2524 τὸ
835 2472 977 2543 μέγα
1010 2475 1104 2527 καὶ
1141 2475 1297 2541 ἅγιον
1335 2474 1433 2546 τῆς
1471 2474 1720 2547 προγνὼ-

134 2578 272 2624 σεως
304 2562 473 2614 αὑτοῦ
502 2562 723 2633 πνεῦμα
751 2564 799 2615 εί
835 2564 908 2634 μὴ
939 2564 1016 2635 τῷ
1047 2566 1152 2618 ὑπὸ
1180 2566 1376 2637 χειρῶν
1402 2566 1566 2619 αὐτοῦ
1592 2584 1721 2620 κυο-

133 2652 425 2724 φορηθέντι
446 2652 719 2725 ἀνθρώπῳ
738 2654 849 2725 δῴη
868 2672 952 2719 τις
973 2657 1284 2727 ὶσχηκέναι,
1312 2657 1428 2721 πῶς
1448 2658 1528 2710 ἔτι
1550 2659 1721 2730 ἑτέρῳ

131 2762 210 2814 τῳ
228 2748 249 2776 ⁸
278 2747 344 2798 ὲκ
380 2748 633 2817 μυωρᾶς
659 2747 919 2815 σταγόνος
952 2750 1260 2820 γεννηθέντι
1288 2753 1317 2805 6
1343 2751 1630 2821 ἀπονέμων
1659 2753 1722 2805 οὐ

131 2839 198 2892 τὰ
231 2839 475 2910 μέγιστα
502 2841 805 2911 ἁμαρτάνει
825 2841 963 2904 ;Kal.
990 2841 1090 2893 οὐκ
1119 2837 1269 2911 οἶμαι
1302 2842 1464 2895 αὐτὸν
1490 2842 1725 2911 συγγνώ-

139 2948 242 3001 μης
269 2932 567 3000 τυγχάνειν
587 2932 631 2995 ⁸,
677 2932 780 2986 κᾶν
835 2931 942 2985 ὑπὸ
973 2932 1126 2985 νόθου
1175 2934 1397 3004 Γραφῆς
1438 2934 1579 2987 κατά
1627 2935 1722 2988 τοῦ

134 3022 352 3076 πάντων
376 3022 596 3093 Πατρδς
615 3023 767 3077 δεινὰ
794 3026 932 3076 νοεῖν
958 3023 1290 3097 ἀπατηθείη’
1324 3028 1352 3079 6
1379 3025 1487 3097 γὰρ
1515 3026 1719 3090 εἰκόνα,

1828 1914 1973 1983 quod
2006 1931 2112 1970 non
2149 1917 2302 1985 prius
2337 1918 2741 1989 conjugationis
2770 1920 3077 1976 doctrinam
3114 1922 3396 1978 intellexe-

1823 2016 1971 2071 runt,
2006 2023 2171 2077 quam
2206 2009 2363 2065 vobis
2395 2024 2642 2064 seorsum
2679 2026 2790 2065 non
2822 2013 3050 2067 cessabo
3087 2012 3401 2083 frequenter

1819 2107 1875 2152 et
1902 2101 2217 2154 summatim
2251 2116 2545 2169 exponere.
2593 2100 2842 2172 Longum
2884 2104 3031 2157 enim
3064 2114 3148 2159 est
3183 2106 3398 2175 singula

1821 2190 2022 2246 dicere.
2056 2191 2167 2247 Vos
2195 2192 2363 2262 igitur
2391 2192 2748 2249 dicendorum
2786 2195 2921 2249 mihi
2954 2205 3127 2252 estote
3153 2198 3396 2253 veritatis

1821 2292 2070 2338 amantes
2094 2284 2330 2353 judices.

1891 2372 2055 2427 XVII.
2084 2372 2204 2427 Jam
2238 2389 2370 2429 vero
2397 2373 2578 2429 dicere
2606 2374 2884 2444 incipiam.
2915 2374 2973 2429 Si
3005 2377 3131 2445 quis
3161 2377 3393 2442 homini,

1820 2479 1852 2518 a
1881 2463 1974 2519 Dei
2006 2466 2253 2520 omnium
2285 2466 2528 2521 auctoris
2553 2467 2809 2523 manibus
2840 2466 3095 2530 formato,
3128 2486 3237 2523 non
3265 2486 3399 2525 con-

1820 2558 2088 2625 cesserit,
2134 2575 2393 2629 magnum
2444 2568 2499 2614 et
2547 2570 2799 2614 sanetum
2844 2562 3199 2630 prazscientize
3251 2564 3397 2621 illius

1822 2652 2075 2721 Spiritum
2107 2654 2410 2722 possidere,
2437 2668 2548 2722 quo
2584 2654 2769 2719 modo,
2814 2653 2859 2708 si
2904 2654 3059 2708 alteri
3087 2670 3153 2709 ex
3183 2654 3395 2725 impura

1822 2745 1992 2813 stirpe
2036 2754 2163 2799 nato
2210 2746 2260 2799 id
2310 2745 2585 2811 tribuerit,
2617 2760 2727 2800 non
2763 2745 3057 2816 plurimum
3090 2747 3400 2803 aberrabit?

1822 2832 1932 2889 Nec
1964 2837 2039 2889 illi
2072 2846 2204 2905 puto
2238 2838 2450 2892 veniam
2503 2838 2737 2892 dandam
2759 2879 2775 2904 ,
2808 2838 2933 2893 licet
2977 2840 3046 2893 ab
3090 2840 3399 2898 adulterina

1825 2926 2107 2998 Scriptura
2134 2930 2189 2982 in
2226 2929 2473 2984 fraudem
2500 2929 2755 2984 inductus
2783 2931 2876 2996 sit,
2909 2939 2969 2985 ut
2993 2932 3254 2988 adversus
3279 2949 3399 2987 om-

1828 3020 1978 3073 nium
2010 3019 2225 3074 Patrem
2256 3021 2392 3075 dura
2420 3022 2703 3092 cogitaret.
2736 3021 2841 3087 Qui
2884 3023 3030 3077 enim
3080 3024 3396 3095 imaginem,

134 3114 225 3166 καὶ
254 3114 435 3166 ταῦτα
475 3114 696 3168 αἰωνίου
728 3114 1012 3185 βασιλέως,
1045 3115 1293 3186 ὑϐρίσας,
1321 3118 1421 3186 τὴν
1452 3119 1721 3190 ἁμαρτίαν

1827 3128 2059 3181 eamque
2101 3113 2290 3167 αξιοι-ιιί
2323 3110 2509 3183 Regis,
2558 3112 2799 3168 aﬂ‘ecerit
2828 3113 3048 3183 injuria,
3085 3125 3308 3185 peccato
3338 3133 3399 3171 se

136 3204 210 3267 εἰς
249 3204 468 3257 ἐκεῖνον
494 3205 905 3277 ἀναφερομένην
931 3205 1068 3275 ἔχει,
1101 3199 1275 3278 οὗπερ
1315 3208 1435 3262 καθ’
1464 3209 1721 3279 ὁμοίωσιν

1828 3204 2147 3273 implieabit,
2181 3204 2234 3257 in
2262 3220 2387 3259 eum
2417 3205 2725 3271 referendo,
2775 3206 2842 3261 ad
2874 3207 3033 3277 cujus
3081 3209 3397 3265 similitudi-

133 3296 167 3366 ἡ
192 3294 361 3349 εἰκὼν
387 3295 686 3366 ἐτύγχανεν
713 3292 867 3351 οὖσα.
912 3297 1091 3362 Ἀλλὰ,
1122 3300 1307 3369 φησὶν,
1332 3300 1722 3372 ἀμαρτήσαντα

136 3387 431 3440 κατέλειπε
456 3388 520 3441 τὸ
557 3387 701 3440 θεῖον
731 3387 966 3460 πνεῦμα.
995 3390 1205 3443 Οὐκοῦν
1232 3393 1599 3463 σιιύνήμαριιεν⁸
1628 3396 1723 3448 καὶ

132 3478 249 3543 πῶς
291 3481 324 3532 6
371 3479 536 3532 τοῦτο
577 3478 751 3547 λέγων
794 3480 854 3533 οὐ
897 3481 1234 3547 κινδυνεύει;
1279 3484 1439 3536 Ἀλλά
1489 3485 1625 3554 μετά
1661 3486 1724 3538 τὸ

133 3572 453 3643 ἀμρτῆσαι
481 3572 694 3642 εἰλήφει
720 3572 782 3626 τὸ
810 3573 1044 3644 πνεῦμα.
1098 3574 1326 3639 Ἀδίκοις
1352 3577 1459 3648 ἄρα
1484 3577 1720 3631 δέδοται·

130 3666 224 3716 καὶ
252 3663 362 3716 ποῦ
394 3662 456 3717 τδ
496 3663 736 3731 δίκαιον;
785 3665 946 3719 Ἀλλά
984 3666 1215 3731 δικαίοις
1242 3669 1337 3722 καὶ
1365 3669 1569 3733 ἀδίκοις
1599 3672 1721 3724 ὲπι-

128 3757 470 3827 χορηγείται.
512 3756 683 3809 Τοῦτο
726 3757 946 3811 πάντων
989 3758 1339 3813 ἀδικώτατον.
1386 3760 1573 3824 Οὕτως
1615 3763 1723 3815 πᾶν

126 3846 373 3916 ψεῦσμα,
407 3846 515 3901 κᾶν
543 3848 765 3919 μυρίαις
787 3850 1054 3913 ἐπινοίαις
1078 3850 1356 3923 βοηθῆται,
1383 3852 1474 3907 τὸν
1505 3852 1723 3924 ἔλεγχον

127 3938 233 3993 κᾶν
261 3941 323 3992 ὲν
360 3940 561 4012 μακρῷ
588 3941 764 4012 χρόνῳ
788 3924 973 3995 λαϐεῖν
1002 3943 1100 4015 ἔχῃ
1120 3947 1162 3998 θ.

196 4030 242 4086 X
256 4031 393 4085 VIII.
423 4034 516 4104 Μὴ
539 4034 843 4089 ἀπατᾶσθε.
880 4036 938 4088 '0
958 4036 1147 4106 Πατὴρ
1168 4038 1201 4107 ἡ
1210 4036 1323 4107 μῶν
1341 4037 1492 4091 οὐδὲν
1514 4038 1719 4107 ἠγνόει.

140 4124 337 4178 Ὁπότε
358 4124 458 4178 καὶ
476 4127 506 4178 6
526 4125 591 4197 δη
599 4126 761 4197 μοσία
784 4127 1038 4198 κείμενος
1059 4128 1241 4198 νόμος,
1264 4130 1516 4198 ἀγνοίας⁸
1535 4131 1725 4203 ἐγκλή-

130 4234 266 4286 ματι
307 4215 405 4270 διὰ
446 4219 575 4281 τοὺς
622 4218 874 4283 ἀναξίους
906 4220 1123 4273 σκέπων
1154 4220 1337 4284 αὑτὸν,
1389 4222 1557 4285 τοὺς⁶
1587 4223 1721 4293 ἀλη-

129 4307 282 4372 θείας
306 4308 670 4380 γλιχομένους
694 4312 778 4363 ὲπ⁹
798 4311 959 4364 αὑτὸν
990 4311 1301 4382 ἀναπέμπει
1326 4312 1500 4381 λέγων
1515 4329 1531 4344 ’
1566 4314 1724 4377 Ἐξέ-

125 4418 323 4455 τασον
355 4401 465 4456 τὸν
492 4402 718 4471 πατέρα
747 4419 863 4458 σου
892 4404 992 4458 καὶ
1022 4404 1146 4473 ἐρεῖ
1167 4405 1443 4471 σοι,τοὺς
1466 4409 1724 4474 πρεσϐυ-

1822 3310 1947 3348 nem
1979 3296 2159 3365 imago
2182 3296 2273 3349 illa
2302 3296 2443 3351 facta
2469 3307 2571 3352 est.
2599 3296 2725 3364 Sed,
2748 3299 2947 3369 inquit,
2972 3310 3094 3370 post
3115 3313 3395 3372 peccatum

1825 3387 2043 3457 reliquit
2079 3388 2229 3442 illum
2263 3389 2482 3443 divinus
2517 3389 2778 3458 Spiritus.
2811 3392 2975 3461 Igitur
2993 3409 3116 3447 cum
3149 3394 3241 3449 illo
3269 3411 3398 3465 pec-

1822 3480 1967 3533 cavit
1994 3498 2008 3532 :
2040 3488 2093 3534 et
2117 3495 2227 3549 quo
2255 3488 2435 3549 pacto,
2462 3482 2557 3550 qui
2585 3482 2689 3536 hoc
2713 3482 2865 3549 dicit,
2896 3498 3003 3538 non
3026 3485 3400 3553 periclitatur?

1824 3567 1931 3625 Sed
1959 3580 2246 3641 postquam
2285 3573 2565 3642 peccavit,
2609 3575 2821 3644 accepit
2848 3576 3125 3645 spiritum.
3176 3577 3398 3647 lnjustis

1822 3678 1953 3734 ergo
1983 3666 2217 3719 traditur
2242 3682 2255 3718 :
2285 3676 2339 3720 et
2364 3666 2457 3721 ubi
2482 3666 2734 3737 justitia?
2770 3668 2873 3723 Sed
2895 3670 3061 3739 justis
3087 3686 3151 3726 ac
3178 3672 3398 3741 injustis

1823 3757 2222 3825 suppeditatur.
2276 3756 2331 3811 ld
2380 3758 2628 3812 omnium
2683 3760 3107 3828 injustissimum
3150 3772 3254 3817 est.
3306 3763 3398 3819 Sic

1823 3850 2105 3917 quodlibet
2144 3850 2490 3904 mendacium
2512 3892 2529 3915 ,
2558 3852 2706 3907 mille
2740 3852 2864 3907 licet
2894 3853 3181 3924 adjuvetur
3229 3871 3395 3911 exco-

1824 3941 2203 4010 gitatiouibus,
2237 3941 2668 3997 confutationem
2698 3944 2918 3999 demum
2953 3946 3233 4001 sortietur.

1895 4032 2082 4088 XVIII.
2124 4033 2203 4089 Ne
2235 4036 2607 4104 decipiamini.
2638 4034 2843 4092 Parens
2875 4045 3059 4092 noster
3083 4039 3217 4093 nihil
3239 4039 3399 4110 igno-

1824 4127 1985 4179 ravit.
2023 4125 2483 4196 Quandoquidem
2519 4136 2575 4181 et
2608 4128 2826 4196 publice
2873 4128 3051 4197 posita
3100 4130 3185 4184 lex
3211 4172 3227 4197 ,
3274 4148 3399 4200 quas

1823 4218 1977 4272 illum
2006 4219 2325 4290 ignorantia:
2358 4220 2519 4290 culpa
2548 4220 2619 4274 ob
2648 4220 2903 4291 indignos
2931 4230 3144 4288 onerat,
3176 4232 3397 4292 propter

1822 4312 2073 4367 veritatis
2102 4312 2331 4381 cupidos
2378 4312 2445 4367 ad
2472 4310 2717 4367 eumdem
2762 4312 3010 4379 remittit,
3037 4313 3224 4369 dicens
3254 4332 3267 4368 :
3297 4313 3397 4369 In-

1825 4414 2035 4476 terroga
2083 4416 2289 4475 patrem
2339 4416 2491 4459 tuum
2530 4412 2581 4458 et
2616 4404 2754 4458 dicet
2787 4404 2912 4468 tibi,
2944 4406 3171 4457 seniores
3204 4413 3319 4459 tuos
3346 4417 3397 4461 et

126 4491 342 4561 τέρους
380 4509 517 4557 σου,
562 4494 661 4548 καὶ
694 4496 1098 4565 ἀναγγελοῦσι
1116 4498 1137 4527 '
1171 4513 1288 4551 σοι.
1321 4497 1522 4550 Τοῦτον
1550 4499 1719 4570 ἐχρῆν

1826 4498 2211 4551 annuntiabuut
2246 4497 2342 4551 tibi
2378 4499 2428 4552 δ.
2485 4495 2643 4552 Hunc
2710 4496 2996 4567 oportebat
3035 4506 3268 4566 patrem,
3297 4497 3401 4553 hos

125 4585 216 4637 τὸν
250 4586 472 4658 πατέρα
499 4584 747 4658 ζητῆσαι,
776 4589 1000 4653 τούτους
1024 4590 1153 4652 τοὺς
1186 4588 1591 4660 πρεσϐυτέρους
1611 4592 1725 4642 ἑπι-

127 4676 365 4747 ζητῆσαι
385 4678 429 4732 ⁸.
475 4678 614 4732 Ἀλλ’
640 4680 742 4732 οὐκ
774 4680 1063 4751 ἐζήτησας,
1095 4679 1237 4743 τίνος
1266 4680 1414 4733 ἐστὶν
1442 4682 1470 4733 6
1496 4681 1593 4751 τῆς
1624 4680 1721 4749 βα-

128 4770 341 4833 σιλείας
369 4771 587 4843 χρόνος,
616 4771 761 4835 τίνος
786 4773 820 4842 ἠ
847 4772 956 4842 87
978 4772 1077 4842 τῆς
1097 4771 1436 4843 προφητείας
1464 4771 1721 4843 καθέδρα,

129 4861 311 4913 καίτοι
354 4862 519 4915 αὑτοῦ
548 4863 741 4917 ἑαυτὸν
776 4863 1069 4934 μηνύοντος
1096 4862 1175 4933 τῷ
1206 4862 1415 4931 λέγειν·
1460 4863 1593 4916 Ἐπὶ
1613 4862 1721 4931 τῆς

129 4955 427 5023 καθέδρας
454 4956 753 5021 Μωῦσέως
782 4956 1092 5024 ἐκάθησαν
1114 4956 1134 4988 ⁹
1157 4957 1592 5025 οίΓραμματεῖς
1623 4957 1722 5012 καὶ

129 5047 179 5098 ci
236 5046 581 5114 Φαρισαῖον
639 5047 837 5102 πάντα
884 5048 999 5103 οὖν
1058 5046 1177 5101 ὅσα
1232 5048 1495 5117 λέγωσιν
1545 5048 1718 5119 ὑμῖν,

191 5186 439 5243 ‘Matth.
464 5202 612 5252 xxiv,
636 5187 692 5254 2,
719 5186 818 5253 ὄις
851 5185 987 5243 Luc.
1020 5203 1139 5255 xtx,
1160 5188 1251 5243 45.
1328 5187 1358 5228 δ
1387 5186 1545 5243 Deut.
1580 5203 1755 5255 xxxn,
1780 5186 1833 5241 7.

1824 4592 2072 4645 seniores
2107 4605 2373 4660 quaerere.
2415 4588 2521 4644 Sed
2554 4604 2662 4643 non
2686 4588 2975 4658 quasiisti,
3006 4591 3293 4657 cujusnam
3327 4591 3401 4645 sit

1823 4690 2040 4751 tempus
2072 4682 2245 4751 regni,
2268 4682 2554 4751 cujusnam
2578 4681 2874 4750 prophetiae
2895 4681 3172 4735 cathedra.
3189 4680 3397 4748 Quam-

1823 4774 1907 4828 vis
1958 4774 2073 4843 ipse
2116 4774 2356 4842 seipsum
2402 4773 2671 4844 signiﬁcet
2700 4773 2933 4828 dicendo
2965 4790 2978 4825 :
3012 4772 3182 4843 Super
3209 4774 3391 4827 cathe-

1826 4865 1978 4918 dram
2014 4864 2213 4934 Moysis
2245 4865 2488 4919 sederunt
2530 4863 2730 4919 Scriba:
2778 4876 2826 4919 et
2877 4864 3143 4919 Pharisaei
3171 4881 3190 4920 .'
3220 4868 3411 4919 omnia

1825 4957 2011 5027 igitur,
2056 4972 2376 5025 quiscunque
2418 4956 2652 5010 dixerint
2700 4957 2845 5009 vobis
2871 4996 2886 5021 ,
2947 4956 3131 5012 audite
3193 4957 3315 5011 illos
3348 4970 3399 5015 ο.

1829 5047 1962 5102 Illos
2012 5057 2192 5103 autem
2239 5048 2408 5115 dixit,
2458 5049 2608 5103 velut
2654 5064 2783 5115 eos,
2812 5048 3016 5118 quibus
3042 5049 3249 5107 credita
3281 5060 3406 5107 erat

1912 5198 1935 5225 α
1970 5186 2160 5242 Matth.
2203 5201 2362 5251 χχιιι,
2401 5183 2459 5253 2,
2498 5185 2552 5240 3.

1423 5344 1663 5400 VARUE
1731 5343 2027 5400 LECTION
2037 5345 2137 5400 ES.

202 5486 248 5517 "
283 5486 432 5553 λέγω
468 5499 580 5539 om.
608 5484 675 5540 0.
736 5484 796 5553 ,θ’
832 5483 1038 5539 Inserui

1071 5485 1104 5554 ῄ
1133 5499 1182 5554 (ξ.
1209 5482 1273 5539 Ο.
1350 5484 1395 5517 ’⁸
1430 5483 1621 5539 ίδεῖνΟ
1672 5501 1721 5538 (τ.
1758 5486 1796 5539 S
1824 5526 1838 5549 ,
1869 5485 2028 5541 είδειν
2056 5485 2117 5541 C.
2195 5486 2241 5518 ”
2274 5484 2351 5541 Ita
2373 5484 2419 5540 Ο
2466 5502 2515 5540 c.
2542 5484 2605 5545 D.
2633 5486 2720 5541 ἵνα
2764 5484 2827 5540 C.
2872 5482 2985 5539 CII.
3022 5484 3168 5538 hom.
3218 5499 3313 5554 νιι,
3341 5485 3405 5539 3.

128 5558 203 5588 ⁸⁸⁸
220 5557 250 5609 6
274 5550 593 5627 deprompsi
620 5572 685 5611 ex
715 5552 780 5609 Ο.
806 5554 1005 5627 Ibidem
1036 5550 1115 5617 εἶξ
1140 5553 1215 5627 ᾣν
1232 5555 1325 5627 καὶ
1351 5556 1513 5627 αὐτρς
1540 5556 1602 5627 (Ι,
1684 5556 1851 5625 ἀὕτη
1886 5556 2006 5627 8,0
2036 5596 2049 5619 ,
2080 5555 2215 5627 αύτή
2241 5557 2302 5610 C.

2380 5559 2398 5586 '
2417 5558 2488 5611 Ita
2513 5555 2568 5610 S.
2593 5557 2707 5610 Cir.
2740 5557 2886 5609 hom.
2919 5572 3000 5614 ιιι.
3026 5554 3115 5607 28.
3140 5554 3218 5624 τῷ
3250 5553 3399 5624 (1,0.

130 5627 153 5657 ³
181 5622 434 5695 τυγχάνη
466 5622 556 5695 υί,
588 5641 671 5695 pr.
697 5641 843 5680 man.
921 5625 945 5655 ⁸
975 5622 1114 5695 Lege
1157 5623 1271 5694 ἔχει
1295 5626 1351 5678 S.
1414 5626 1437 5657 ⁸
1468 5624 1538 5679 Ita
1564 5624 1609 5679 Ο
1652 5633 1707 5679 et
1741 5642 1805 5680 ex
1835 5622 2068 5694 conject.
2108 5626 2150 5679 C
2181 5622 2326 5695 ζωῇ.
2353 5635 2533 5680 textus
2559 5627 2769 5695 ἀγνοία.
2816 5624 2930 5679 Cir.
2964 5625 3112 5695 born.
3149 5622 3208 5695 tt,
3237 5623 3302 5678 £8
3342 5634 3403 5679 et

129 5696 220 5749 38.
302 5696 438 5764 ’τῆς
464 5696 530 5750 Ο.
608 5696 836 5767 ’ἐροῦσι
866 5699 926 5748 U.
1003 5696 1025 5725 ⁸
1057 5696 1328 5748 Vocabula

133 5766 186 5818 2.
258 5768 277 5797 '
318 5766 608 5823 ὲκάθειςαν
639 5765 683 5822 0
713 5809 727 5835 ,
767 5783 832 5822 cx
874 5782 981 5837 quo
1007 5766 1229 5836 adjunxi
1258 5761 1371 5818 οὖν.

302 5692 438 5764 ’τῆέ
464 5694 530 5750 Ο.
588 5692 629 5727 ’⁷
652 5696 836 5769 ἐροῦσι
866 5699 926 5748 U.
1003 5696 1025 5725 ⁸
1057 5692 1328 5769 Yoeabulp
1375 5696 1594 5759 τούτους
1644 5697 1769 5759 τοὺς
1823 5692 2223 5769 πρεσϐυτέρους
2250 5692 2572 5767 ἐπιζητῆσαι
2608 5692 2798 5767 recepi
2830 5713 2893 5751 ex
2917 5696 2979 5749 0.
3015 5692 3203 5748 Matth.
3238 5708 3405 5762 nm,
