3868 6212
500 345 599 401 I23

1346 340 1403 396 S.
1446 337 1840 396 CLEMENTIS
1871 338 1889 391 I
1924 336 2091 392 ROM.
2133 336 2329 391 PONT.
2370 333 2597 390 OPEI'IA
2633 332 2860 389 DUBIA.

3636 331 3729 388 935

490 457 660 513 clavis
693 455 867 524 regni,
898 455 1002 510 hoc
1038 463 1121 509 est
1148 454 1411 525 cognitio,
1438 468 1560 521 qua:
1590 452 1703 505 sola
1727 459 1899 519 potest
1931 465 2055 518 ape-

2171 448 2407 500 ἀκούετε
2456 445 2670 499 αὐτῶν.
2719 446 2924 500 Αὐτῶν
2967 444 3060 509 δὲ,
3109 440 3281 507 εἶπεν,
3312 444 3387 507 ὡς
3413 443 3514 515 τὴν
3557 446 3730 499 κλεῖδα

493 551 602 604 rire
635 550 759 603 vitae
801 558 1010 617 portam
1034 588 1050 613 ,
1076 561 1172 616 per
1203 562 1368 615 quam
1399 546 1571 599 solam
1607 545 1659 598 in
1692 544 1857 597 vitam
1906 551 2063 597 teter-

493 656 619 695 nam
666 640 832 695 datur
872 639 1105 709 ingredi.
1138 636 1241 693 Sed
1270 638 1347 691 ait
1380 656 1394 690 :
1429 636 1571 690 Sane
1599 636 1807 690 clavem
1839 632 2059 703 quidem

493 731 800 804 possident,
830 742 888 787 at
913 733 1119 786 intrare
1149 730 1456 786 volentibus
1487 744 1596 783 non
1620 728 1883 799 praebent.

566 984 708 1041 XIX.
746 984 976 1056 Propter
1007 988 1131 1053 hoc,
1162 987 1410 1058 inquam,
1442 988 1559 1058 ipse
1588 1004 1619 1044 e
1653 988 1913 1042 cathedra
1940 1004 2063 1042 sur-

494 1092 648 1145 gens,
676 1078 822 1133 velut
848 1088 1001 1148 pater
1026 1095 1124 1148 pro
1150 1080 1296 1141 Illlis,
1325 1095 1447 1149 qua:
1475 1096 1506 1135 a
1536 1082 1736 1135 smculo
1765 1081 1818 1134 in
1846 1082 2062 1135 occulto

493 1168 672 1239 dignis
701 1180 828 1225 sunt
852 1172 1045 1226 tradita
1076 1173 1397 1241 prazdicans,
1430 1173 1858 1228 misericordiam
1891 1189 2064 1242 usque

494 1261 560 1315 ad
601 1261 747 1331 ipsas
792 1273 978 1334 gentes
1028 1265 1366 1330 extendens,
1414 1266 1779 1334 misertusque
1818 1265 2060 1319 omnium

494 1354 802 1409 animarum
828 1394 844 1418 ,
886 1357 1167 1425 proprium
1218 1356 1539 1421 sanguinem
1584 1357 1838 1424 neglexit.
1872 1355 2060 1410 Futuri

493 1444 693 1515 quippe
722 1446 909 1502 saeculi
942 1463 1035 1501 rex
1065 1463 1187 1502 esse
1228 1457 1556 1503 consecutus
1585 1448 1730 1502 circa
1762 1449 1865 1503 hoc
1893 1464 2063 1503 saecu-

492 1537 640 1604 lum,
672 1540 818 1607 quod
869 1540 987 1609 lege
1024 1541 1230 1609 accepit
1267 1556 1526 1610 regnum,
1571 1548 1858 1596 accuratus
1896 1550 1977 1595 est
2008 1541 2063 1595 in

496 1630 805 1698 promissis.
838 1628 1105 1700 Quodque
1148 1647 1273 1685 eum
1319 1632 1556 1686 maxime
1594 1632 1918 1697 contristat,
1961 1632 2063 1686 hoc

492 1728 605 1784 est,
649 1721 910 1791 quoniam
954 1723 1024 1778 ab
1069 1723 1137 1779 iis
1172 1739 1267 1793 per
1303 1723 1661 1794 ignorantiam
1696 1733 2062 1795 oppugnatur,

492 1822 712 1881 propter
756 1829 897 1883 quos
946 1823 1205 1885 tanquam
1252 1816 1393 1870 ﬁlios
1432 1817 1633 1871 bellum
1662 1818 1920 1887 suscepit.
1952 1816 2057 1871 Vc-
2092 1803 2134 1857 Β

493 1916 801 1960 rumtamen
837 1908 1000 1961 etiam
1031 1924 1222 1963 osores
1257 1909 1481 1971 dilexit.
1533 1909 1681 1965 ﬂevit
1727 1911 2061 1978 incredulos,

494 1998 771 2053 benedixit
825 2001 1293 2066 conviciantibus,
1343 2010 1398 2057 et
1447 2002 1624 2057 oravit
1656 2018 1755 2072 pro
1800 2002 2057 2057 inimicis.

492 2091 679 2163 Neque
709 2094 889 2148 solum
934 2095 1037 2149 ista
1072 2102 1128 2147 ut
1156 2103 1307 2163 pater
1348 2093 1496 2157 fecit,
1529 2094 1622 2149 sed
1667 2103 1721 2148 et
1767 2093 2063 2162 discipulos

493 2200 643 2249 suos,
667 2184 893 2240 affectos
921 2194 981 2239 ut
1007 2201 1134 2256 erga
1169 2184 1387 2251 fratres,
1413 2186 1611 2239 similia
1643 2184 1823 2239 facere
1854 2184 2059 2240 docuit.

493 2276 608 2333 Iloc
636 2290 805 2345 pater.
842 2278 946 2333 hoc
979 2279 1279 2349 propheta;
1332 2279 1437 2333 hoc
1484 2278 1682 2332 rationi
1713 2286 1797 2332 est
1832 2292 2063 2332 consen-

492 2378 755 2436 taneum,
785 2371 935 2424 illum
983 2372 1099 2427 suis
1130 2371 1583 2440 ﬁliisitnperare,
1627 2378 1687 2424 ut
1735 2384 1831 2439 per
1891 2370 2064 2438 patris

492 2479 621 2531 erga
649 2464 791 2518 ﬁlios
833 2479 1101 2523 amorem,
1135 2479 1340 2533 perque
1372 2462 1595 2517 insitum
1627 2462 1889 2517 honorem
1922 2460 2063 2515 lilio-

495 2572 615 2609 rum
658 2572 783 2626 erga
838 2565 1081 2624 patrem,
1127 2555 1262 2609 oriri
1314 2556 1488 2624 possit
1529 2562 1729 2608 aeterna
1771 2567 1896 2623 pax.
1925 2551 2062 2607 Cum

493 2648 639 2700 enim
683 2648 862 2701 bonus
913 2648 1182 2715 imperat,
1213 2646 1357 2715 apud
1402 2646 1679 2715 subjectos
1711 2661 1899 2701 verum
1932 2660 2065 2715 gau-

494 2739 643 2792 dium
675 2738 746 2791 ob
771 2740 1154 2807 imperatorem
1192 2738 1466 2793 nascitur.

564 2910 685 2965 XX.
732 2908 929 2965 Verum
972 2913 1036 2966 ad
1082 2912 1318 2982 primum
1364 2912 1609 2967 veritatis
1639 2912 2073 2969 sermonemrcd-

491 3025 579 3066 eo.
647 3002 704 3057 Si
733 3004 806 3057 illi
834 3004 1066 3067 homini,
1096 3003 1190 3073 qui
1216 3003 1309 3058 Dei
1339 3004 1593 3059 manibus
1617 3004 1915 3073 productus
1943 3006 2063 3069 fuit,

500 3095 636 3150 nolit
665 3094 788 3164 quis
833 3095 1135 3150 concedere
1166 3104 1225 3149 ut
1258 3104 1507 3150 sanctum
1556 3094 1759 3149 Christi
1813 3095 2063 3164 spiritum

499 3186 775 3254 habuerit,
804 3201 917 3256 quo
948 3195 1127 3256 pacto,
1161 3187 1205 3241 si
1236 3188 1390 3241 alteri
1412 3203 1479 3241 ex
1506 3187 1718 3255 impura
1744 3186 1913 3257 stirpe
1938 3198 2066 3241 nato

496 3280 743 3334 eumdem
774 3280 1111 3334 concesserit
1140 3280 1361 3343 habere,
1394 3296 1503 3333 non
1545 3279 1840 3349 plurimum
1866 3279 2066 3347 impius

496 3380 572 3424 cst
594 3374 616 3423 Υ
636 3369 867 3424 Maxime
895 3385 1024 3425 vero
1052 3372 1176 3441 pius
1208 3369 1392 3436 fuerit,
1426 3371 1471 3426 si
1505 3371 1659 3425 alteri
1689 3370 1906 3439 quidem
1940 3386 2064 3423 eum

498 3461 746 3527 spirituum
777 3476 883 3514 non
910 3462 1181 3525 tribuerit,
1208 3461 1302 3516 sed
1331 3461 1379 3515 ei
1402 3461 1503 3516 soli
1530 3461 1844 3531 assignarit,
1875 3461 1969 3530 qui
1999 3461 2068 3515 ab

500 3551 655 3605 initio
705 3552 887 3607 sa-culi
912 3594 925 3615 ,
961 3552 1163 3607 formas
1198 3568 1305 3607 una
1331 3568 1456 3607 cum
1487 3552 1800 3607 nominibus
1827 3561 2066 3620 mutans,

496 3644 758 3712 percurrit
791 3645 1069 3711 saeculum,
1101 3646 1271 3699 donec
1294 3653 1487 3699 nactus
1516 3660 1613 3698 sua
1645 3653 1909 3713 tempora,
1939 3658 2066 3713 pro-

503 3747 623 3804 pter
668 3736 885 3792 labores
916 3736 1008 3791 Dei
1041 3737 1419 3791 misericordia
1451 3747 1655 3791 unctus
1681 3779 1694 3800 ,
1741 3736 1983 3805 requiem
2013 3736 2067 3789 in

503 3837 766 3882 aeternum
799 3828 1096 3897 possideat.
1142 3827 1242 3884 Ilic
1272 3829 1481 3883 honore
1512 3829 1749 3883 donatus
1779 3834 1863 3882 est.
1900 3827 2070 3896 impe-

501 3921 655 3973 randi
672 3929 724 3974 et
747 3920 1064 3975 dominandi
1085 3921 1362 3987 omnibus,
1389 3935 1511 3989 qua:
1532 3929 1820 3974 versantur
1845 3919 1897 3972 in
1923 3933 2067 3985 aere,

501 4021 649 4067 terra
679 4022 732 4067 et
760 4014 919 4082 aquis
947 4032 960 4067 :
991 4013 1057 4068 ad
1092 4014 1208 4068 hate
1252 4013 1426 4083 ipsius
1459 4026 1488 4065 a
1533 4026 1644 4081 quo
1685 4011 1849 4065 homo
1893 4009 2070 4063 Iactus

499 4112 585 4158 est
630 4104 814 4158 ﬂatum
866 4105 1074 4169 habuit,
1121 4106 1318 4159 anima:
1350 4103 1601 4174 iul‘ragile
1648 4102 2069 4167 vestimentum,

499 4210 612 4266 quo
636 4196 963 4251 immortalis
993 4212 1113 4252 esse
1139 4206 1342 4265 posset.

574 4287 715 4343 XXI.
760 4286 929 4353 Idem,
962 4289 1055 4359 qui
1100 4290 1250 4344 solus
1282 4304 1445 4343 verus
1494 4290 1760 4360 prapheta
1796 4297 1899 4354 est,
1951 4288 2072 4341 uni-

504 4379 705 4449 cuique
730 4380 949 4434 animali
981 4392 1103 4451 apte
1127 4380 1192 4434 ad
1223 4390 1497 4447 naturam,
1530 4380 1671 4435 sicut
1694 4381 1811 4449 ejus
1837 4390 2068 4443 creator,

2162 538 2263 606 τῆς
2306 537 2580 607 βασιλείας
2626 536 3104 607 πεπιστευμένων,
3152 537 3274 607 ἥτις
3301 537 3417 589 ἐστὶ
3451 536 3667 605 γνῶσις,
3696 538 3729 606 ἢ

2166 630 2300 699 μόνη
2327 628 2424 699 τὴν
2464 628 2637 699 πύλην
2681 629 2780 698 τῆς
2818 627 2961 699 ζωῆς
3010 627 3214 693 ἀνοῖξαι
3264 628 3525 691 δύναται,
3573 628 3638 681 δι’
3666 622 3730 697 ἧς

2167 722 2333 792 μόνης
2364 724 2443 785 εἰς
2482 722 2581 792 τὴν
2628 720 2849 774 αἰωνίαν
2891 720 3036 791 ζωὴν
3076 720 3333 773 εἰσελθεῖν
3365 720 3531 772 ἐστιν.
3579 720 3732 771 Ἀλλὰ

2162 814 2270 877 ναὶ,
2302 814 2486 884 φησὶν,
2519 813 2780 884 κρατοῦσι
2798 792 2910 883 μὲν
2931 813 2975 844 ¹⁰
3002 812 3101 882 τῆν
3131 812 3300 875 κλεῖν,
3327 814 3439 873 τοῖς
3467 810 3522 862 δὲ
3550 809 3731 880 βουλο-

2167 907 2347 977 μένοις
2372 906 2634 959 εἰσελθεῖν
2662 906 2722 957 ού
2755 898 3103 975 παρέχουσιν.

2230 996 2375 1053 XIX.
2415 996 2513 1049 Διὰ
2542 996 2721 1059 τοῦτο,
2761 996 2923 1066 φημὶ,
2956 994 3118 1057 αὐτὸς
3143 994 3245 1063 τῆς
3283 992 3548 1063 καθέδρας
3582 993 3735 1061 ἐγερ-

2164 1087 2275 1151 θεὶς
2301 1088 2366 1150 ¹¹,
2396 1088 2473 1151 ὡς
2495 1068 2683 1157 ’πατὴρ
2729 1086 2871 1156 ὑπὲρ
2907 1086 3141 1149 τέκνων,
3172 1084 3241 1138 τὰ
3270 1086 3362 1138 ἀπ’
3387 1087 3428 1115 ’⁸
3456 1084 3652 1146 αἰῶνος
3679 1085 3736 1134 ἐν

2164 1178 2390 1251 κρυπτῷ
2425 1178 2595 1242 ἀξίοις
2624 1177 3023 1248 παραδιδόμενα
3068 1177 3377 1247 κηρύσσων,
3417 1175 3613 1245 μέχρις
3638 1174 3733 1227 αὐ-

2162 1272 2269 1324 τῶν
2301 1270 2469 1324 ἐθνῶν
2515 1270 2607 1323 τὸν
2656 1270 2802 1322 ἔλεον
2852 1268 3107 1322 ἐκτείνων
3167 1268 3261 1320 καὶ
3300 1266 3478 1337 ψυχὰς
3520 1266 3737 1319 πάντων

2164 1362 2349 1425 ἐλεῶν,
2388 1361 2517 1413 ἰδίου
2546 1361 2775 1431 αἵματος
2816 1358 3028 1430 ἡμέλει.
3070 1358 3367 1420 Μέλλοντος
3403 1356 3512 1427 γὰρ
3546 1356 3739 1417 αἰῶνος

2166 1452 2417 1522 βασιλεὺς
2464 1448 2598 1505 εἶναι
2628 1450 3034 1521 κατηξιωμένος
3084 1450 3222 1521 πρὸς
3257 1450 3347 1501 τὸν
3392 1449 3487 1502 νῦν
3533 1448 3741 1518 ἐμπρό-

2165 1544 2366 1615 θεσμος
2389 1544 2433 1575 ¹³
2466 1544 2835 1615 παρειληφότα
2866 1542 3015 1612 νόμῳ
3058 1542 3155 1611 τὴν
3208 1540 3503 1611 βασιλείαν.
3536 1541 3652 1592 Καὶ
3681 1540 3739 1591 τὸ

2167 1636 2419 1705 μέγιστον
2450 1636 2585 1707 ὅπερ
2607 1636 2767 1687 αὑτὸν
2796 1634 2913 1686 λίαν
2935 1632 3121 1686 ἐλύπει
3149 1635 3263 1686 ἐστὶ
3288 1632 3463 1696 τοῦτο,
3488 1633 3570 1685 ὅτι
3599 1633 3739 1703 ὑπὲρ

2163 1720 2238 1780 ὧν
2264 1726 2341 1791 ὡς
2362 1727 2566 1780 τέκνων
2593 1727 2691 1797 τὴν
2720 1726 2898 1797 μάχην
2920 1726 3170 1788 ἐποιεῖτο,
3201 1727 3291 1778 ὑπ’
3317 1725 3494 1777 αὐτῶν
3521 1725 3740 1792 ἀγνοίας

2162 1820 2312 1889 αἰτίᾳ
2340 1819 2673 1889 ἐπολεμεῖτο.
2706 1818 2818 1870 Καὶ
2850 1819 3000 1887 ὅμως
3031 1816 3221 1886 ἠγάπα
3252 1817 3347 1870 καὶ
3372 1818 3498 1878 τοὺς
3524 1815 3741 1885 μισοῦν-

2162 1928 2281 1975 τας,
2310 1912 2402 1965 καὶ
2430 1911 2610 1964 ἐκλαιε
2633 1910 2676 1941 ³⁸
2695 1911 2823 1974 τοὺς
2850 1910 3227 1974 ἀπειθοῦντας,
3250 1911 3345 1963 καὶ
3377 1910 3588 1977 εὐλόγει
3616 1910 3741 1971 τοὺς

2164 2001 2547 2073 λοιδοροῦντας,
2565 2001 2761 2073 ηῦχετο
2780 2002 2919 2073 ὑπὲρ
2939 2001 3342 2072 ἐχθραινόντων.
3366 2001 3477 2052 Καὶ
3495 2000 3556 2051 οὺ
3581 1999 3742 2068 μόνον

2162 2094 2334 2146 ταῦτα
2376 2095 2549 2147 ἐποίει
2586 2094 2663 2156 ὡς
2700 2093 2901 2164 πατὴρ,
2932 2092 3068 2145 ἀλλά
3096 2092 3340 2154 καὶτοὺς
3370 2090 3533 2143 αὑτοῦ
3561 2090 3739 2161 μαθη-

2163 2185 2263 2249 τὰς
2282 2186 2345 2249 ¹⁵,
2390 2186 2466 2249 ὡς
2497 2185 2636 2257 πρὸς
2666 2185 2928 2254 ἀδελφοὺς
2960 2184 3211 2254 ἔχοντας,
3256 2182 3326 2236 τὰ
3363 2184 3527 2253 ὃμοια
3568 2185 3742 2236 ποιεῖν

2164 2277 2459 2329 ἐδίδασκεν.
2489 2276 2602 2346 88
2634 2275 2803 2329 Τοῦτο
2835 2277 3036 2347 πατὴρ,
3070 2275 3226 2328 τοῦτο
3252 2277 3554 2345 προφήτης·
3583 2275 3743 2327 τοῦτο

2164 2368 2383 2437 εὔλογον
2411 2369 2472 2421 τὸ
2497 2368 2657 2421 αὑτὸν
2686 2369 2830 2422 ἰδίων
2856 2368 3059 2422 τέκνων
3091 2368 3431 2437 βασιλεῦσαι,
3468 2368 3556 2419 ἴνα
3582 2370 3652 2437 τῇ
3680 2370 3744 2421 ἐκ

2166 2459 2370 2530 πατρὸς
2398 2460 2535 2530 πρὸς
2565 2460 2731 2513 τέκνα
2770 2463 2968 2530 στοργῇ
2999 2460 3092 2512 καὶ
3119 2458 3225 2512 τῶν
3253 2458 3456 2512 τέκνων
3486 2459 3624 2529 πρὸς
3652 2459 3744 2510 τὸν

2168 2551 2380 2622 πατέρα
2412 2550 2702 2621 ἐνδιαθέτῳ
2749 2553 2882 2621 τιμῇ
2924 2549 3139 2613 αἰώνιος
3160 2550 3203 2581 ⁸⁸
3251 2550 3440 2619 εἰρήνη
3488 2549 3745 2617 γενέσθαι

2165 2642 2384 2713 δυνηθῇ.
2417 2641 2523 2695 Τοῦ
2552 2640 2661 2713 γάρ
2693 2642 2911 2710 εὐλόγου
2939 2640 3340 2711 βασιλεύοντος,
3370 2640 3462 2692 ἐπὶ
3487 2642 3616 2702 τοὺς
3646 2640 3745 2709 βα⁸

2168 2733 2548 2804 σιλευομένους
2577 2733 2782 2805 ἀληθὴς
2812 2732 2957 2803 χαρά
2987 2733 3114 2804 περὶ
3139 2732 3233 2785 τοῦ
3261 2732 3637 2801 βασιλεύοντος
3666 2731 3748 2798 γί-

2166 2844 2334 2879 νεται.

2237 2916 2355 2971 XX.
2389 2917 2537 2989 Πλὴν
2564 2917 2655 2970 ἐπὶ
2674 2917 2763 2971 τὸν
2788 2915 3001 2989 πρῶτον
3027 2916 3126 2986 τῆς
3147 2914 3406 2987 ἀληθείας
3425 2915 3687 2973 ἐπάνειμι
3707 2916 3745 2945 ¹¹

2168 3009 2346 3077 λόγον.
2390 2988 2514 3061 ’ἔάν
2542 3008 2620 3079 τῷ
2648 3007 2754 3061 ὑπὸ
2792 2988 2991 3078 χειρῶν
3037 3006 3171 3059 Θεοῦ
3214 3007 3609 3077 κυοφορηθέντι
3656 3008 3752 3059 ἀν-

2092 3136 2135 3195 c
2170 3099 2373 3172 θρώπῳ
2403 3097 2463 3152 τὸ
2496 3100 2650 3167 άγιον
2686 3099 2922 3175 Χριστοῦ
2976 3100 3050 3171 μὴ
3097 3099 3170 3169 δῷ
3209 3116 3293 3161 τις
3334 3098 3478 3167 ἔχειν
3508 3098 3748 3168 πνεῦμα,

2171 3192 2288 3255 πῶς
2316 3192 2487 3262 ἐτέρῳ
2512 3192 2620 3244 τινὶ
2649 3193 2712 3244 ἐκ
2744 3192 2991 3262 μυσαρᾶς
3019 3190 3273 3258 σταγόνος
3299 3191 3651 3259 γεγενημένῳ
3683 3191 3760 3241 διο

2167 3282 2291 3346 δοὺς
2318 3282 2460 3352 ἔχειν
2490 3283 2550 3335 οὐ
2576 3282 2645 3335 τά
2686 3282 2915 3353 μέγιστα
2944 3281 3165 3346 ἀσεϐεῖ;
3196 3279 3279 3333 Ta
3306 3281 3364 3334 δέ
3395 3281 3629 3351 μέγιστα
3662 3280 3753 3332 εὖ·

2170 3374 2319 3427 σε6εῖ
2343 3374 2405 3438 ¹⁸,
2436 3372 2530 3427 ἐάν
2570 3373 2741 3445 ἐτέρῳ
2792 3375 2890 3443 μὲν
2927 3374 3001 3444 μὴ
3034 3372 3144 3443 δῴη
3166 3373 3207 3403 ¹⁹
3236 3372 3408 3442 ἔχειν,
3444 3373 3655 3423 ἐκεῖνον
3695 3370 3751 3423 δὲ

2172 3468 2332 3538 μόνον
2361 3468 2505 3538 ἐχειν
2531 3466 2700 3535 λέγοι,
2734 3466 2793 3529 ὃς
2821 3466 2915 3519 ἀπ’
2939 3465 3113 3536 ἀρχῆς
3134 3463 3326 3525 αἰῶνος
3349 3462 3460 3533 (6‘2)
3490 3463 3607 3532 ἅμα
3636 3463 3755 3524 τοῖς

2168 3562 2393 3631 ὀνόμασι
2430 3558 2641 3630 μορφὰς
2686 3557 2965 3611 ἀλλάσσων
2992 3557 3083 3608 τὸν
3121 3555 3291 3608 αἰῶνα
3317 3554 3521 3625 τρέχει,
3555 3553 3755 3624 μέχρις

2169 3652 2258 3704 ὅτε
2307 3651 2450 3703 ἰδίων
2493 3650 2699 3721 χρόνων
2743 3647 2956 3719 τυχὼν,
3006 3646 3094 3701 διὰ
3134 3648 3260 3710 τοὺς
3296 3646 3573 3716 καμάτους
3609 3644 3755 3697 Θεοῦ

2169 3742 2307 3795 ἐλέει
2354 3741 2624 3813 χρισθεὶς,
2655 3741 2734 3803 εἰς
2764 3741 2853 3793 ἀεὶ
2871 3740 2916 3771 ὀ
2946 3739 3056 3805 ἐξει
3084 3738 3181 3810 τὴν
3210 3737 3533 3791 ἀνάπαυσιν.
3578 3730 3754 3797 Οὗτος

2170 3835 2358 3904 ἄρχειν
2402 3851 2461 3887 τε
2502 3833 2595 3886 καὶ
2638 3832 2908 3904 κυριεύειν
2937 3833 3153 3885 πάντων
3178 3830 3284 3883 τῶν
3314 3834 3370 3884 ἐν
3398 3829 3521 3899 ἀέρι
3550 3828 3649 3881 καὶ
3680 3832 3752 3897 τῇ

2172 3926 2323 3979 κα¹ι¹¹
2368 3926 2523 3978 ῦδασι
2552 3924 2865 3995 τετίμηται·
2901 3920 3037 3995 πρὸς
3066 3923 3275 3986 τούτοις
3302 3923 3358 3975 δέ
3388 3920 3552 3974 αὑτοῦ
3582 3921 3683 3973 τοῦ
3710 3923 3757 3951 ’⁸

2172 4018 2531 4088 πεποιηκότος
2560 4018 2652 4070 τὸν
2683 4017 2969 4088 ἄνθρωπον
3015 4016 3113 4086 τὴν
3160 4016 3325 4087 πνοὴν
3365 4014 3540 4083 ἔσχεν,
3571 4013 3755 4083 ψυχῆς

2172 4110 2445 4182 ἄρρηκτον
2476 4107 2788 4181 περιϐολὴν,
2820 4109 2968 4172 ὅπως
2995 4107 3261 4171 ἀθάνατος
3288 4102 3425 4159 εἶναι
3451 4104 3682 4177 δυνηθῇ.

2244 4283 2385 4338 XXI.
2428 4276 2596 4345 Οὗτος
2629 4282 2792 4346 αὐτὸς
2832 4282 2988 4352 μόνος
3024 4280 3230 4351 ἀληθὴς
3256 4277 3503 4350 ὑπάρξας
3535 4279 3756 4347 προφή-

2173 4394 2273 4446 της
2302 4375 2410 4446 (65)
2449 4375 2663 4444 ἑκάστῳ
2692 4372 2813 4443 ζὼῳ
2841 4375 2959 4426 κατ’
2989 4370 3141 4435 ἀξίαν
3167 4372 3266 4442 τῆς
3294 4370 3536 4441 φύσεως,
3567 4368 3758 4432 καθὼς

503 4473 725 4543 propria
763 4474 1025 4543 imposuit
1066 4475 1308 4528 nomina.
1354 4474 1511 4541 Quod
1558 4476 1702 4528 enim
1742 4472 2066 4536 nominavit,

2174 4469 2202 4520 ό
2246 4464 2558 4538 πεποιηκὼς
2600 4464 2760 4519 αὐτὸν
2780 4465 2846 4529 ’³,
2877 4463 3092 4527 οἰκείως
3134 4462 3345 4516 τέθεικε
3379 4461 3449 4515 τὰ
3488 4460 3755 4531 ὀνόματα.

1764 4584 2004 4642 VARUE

2070 4579 2473 4638 LECTIONES.

569 4681 620 4754 '_'
651 4679 727 4754 Ita
763 4680 807 4735 0
852 4698 900 4736 c.
936 4700 1106 4754 marg.
1140 4683 1224 4749 Ci,
1258 4685 1312 4739 in
1337 4683 1447 4753 cuj.
1490 4692 1636 4754 textu
1663 4682 1992 4754 κρατοῦμεν.
2015 4676 2305 4754 -βίι-κίιιις.
2339 4690 2418 4754 χι,
2437 4671 2928 4754 52ξ11ο1ι11.έξιιι,
2952 4671 3037 4754 lg.
3057 4666 3509 4754 grednergllicitr.
3545 4665 3589 4754 Iv,
3620 4665 3757 4754 ξιξ).

508 4751 547 4781 ¹¹
580 4750 899 4821 Explanavit
939 4737 1087 4808 hunc
1129 4737 1311 4808 locum
1337 4737 1389 4808 et
1404 4737 1456 4807 ’ἐι
1489 4737 1885 4807 δοιιιίυιῖιιιηηό
1905 4748 2197 4821 vindicavit
2236 4745 2476 4821 _Baurius
2509 4742 2704 4821 elimat.
2750 4737 2945 4821 Ilicet.
2968 4740 3215 4821 .Tubinng'.
3250 4738 3409 4801 1844,
3455 4751 3510 4805 p.

508 4821 560 4893 “A
589 4808 694 4873 ἀπό
724 4822 795 4893 70.
823 4891 835 4893 Α
877 4824 918 4854 ¹³
948 4823 1275 4891 Legenduui,
1320 4825 1364 4877 si
1400 4825 1529 4893 quid
1559 4824 1732 4893 video,
1763 4820 2179 4893 ἐμπροθέσμωὲ
2206 4816 2291 4893 ,Δι
2318 4814 2469 4893 deest
2496 4813 2722 4893 aliquid.
2750 4812 2806 4864 '0
2845 4812 2939 4893 νῦν
2964 4808 3356 4893 ἐμπροθέσμως
3400 4808 3759 4893 πῆρενςδηὲῑίξθς

505 4890 654 4958 νόμῳ
684 4891 843 5015 τὴνιβ

505 4960 764 5015 explicat.
824 4962 843 5012 ’χ

505 4960 764 5032 explicat,
793 4960 978 5017 Gnost.
1009 4963 1154 5032 Syst.

508 5031 808 5103 insequenti
833 5031 1119 5102 legitur.’S.
1160 5031 1533 5103 ἐίμπροθέσμω
1563 5032 1628 5087 0.

510 5046 808 5152 Insequenti
833 5046 1044 5102 legitur.
1064 5046 1119 5087 δ.
1160 5046 1530 5103 εμπρουεσμω

510 5116 599 5182 μοι
660 5130 671 5148 .
704 5140 717 5162 ,
752 5102 924 5183 ἐφόρα
946 5121 1033 5190 μοι
1066 5103 1123 5157 S.
1202 5104 1244 5135 ¹⁸
1268 5103 1475 5227 εὑσεὸῗΖ
1496 5102 1537 5157 C

510 5172 565 5227 δ.
591 5168 634 5221 0
665 5209 680 5227 .
711 5172 962 5227 ἀπαογης
991 5175 1053 5227 (λ.
1157 5174 1204 5205 ὀ
1234 5173 1405 5227 εἰσαεί
1483 5214 1496 5224 .

509 5169 565 5243 _S.
591 5168 634 5221 0
665 5209 680 5233 ,
708 5168 962 5243 ἀπαρχῆς
991 5174 1053 5227 C.
1157 5174 1204 5205 ὀ
1234 5173 1405 5228 εἰσαεί
1435 5168 1496 5227 C.

1568 5173 1612 5204 “
1650 5158 1755 5225 καί
1776 5186 1826 5226 c.
1857 5169 1902 5224 Ο
1930 5210 1946 5233 ,
1975 5170 2129 5224 deest
2170 5169 2224 5222 in
2252 5163 2373 5217 cod.
2408 5161 2567 5233 Horn_
2601 5158 3034 5233 Paris.l_este_C.

818 4877 1090 4953 βασιλείαν
1122 4908 1206 4948 est
1248 4877 1518 4948 diabolus.
1548 4891 1632 4945 Cl".
1670 4877 1817 4945 hom'.
1851 4877 1940 4953 x'v,
1970 4890 2022 4943 7.
2044 4877 2117 4928 '——
2138 4877 2310 4940 Etiam
2360 4877 2631 4953 Neandcr,
2670 4891 2729 4936 ut
2762 4888 2949 4949 postea
2983 4877 3254 4953 cognovi,
3280 4879 3424 4953 hunc
3457 4877 3637 4953 locum
3672 4877 3758 4927 sic

1178 4980 1230 5032 p.
1266 4965 1389 5017 Ml.
1420 4964 1546 5017 Post
1578 4961 1856 5032 βασιλείαν
1907 4952 2375 5032 excidisse_put_at
2427 4954 2526 5032 τὴν
2541 4952 2748 5032 ’μάχην
2778 4952 3032 5032 ἐποιεῖτο,
3075 4952 3235 5032 quod
3284 4952 3426 5032 idem
3479 4952 3547 5032 in.
3577 4960 3675 5032 ’γι-ξ

1708 5032 1751 5063 ⁸⁸
1784 5030 1991 5084 ἐκλαίει
2023 5029 2085 5083 C.
2166 5016 2354 5086 η’τοῖς
2403 5016 2581 5075 αὐτοῦ’
2608 5016 2875 5092 μαθηταῖς
3049 5018 3118 5092 _‘_“
3151 5018 3349 5092 αἰωνία
3379 5016 3453 5092 (ἶ.⁸
3505 5016 3547 5092 '_"
3574 5016 3762 5092 ἐπόρα

3089 4949 3235 5016 quod
3284 4948 3426 5001 idem
3479 4945 3533 4998 in
3585 4960 3755 5016 versu

1589 5110 1645 5155 et
1674 5100 1712 5155 S
1740 5142 1756 5167 ,
1787 5102 1914 5155 licet
1942 5109 2183 5154 nostram
2211 5085 2497 5167 lectionem
2526 5085 2885 5167 commendet.
2964 5091 3010 5167 ‘1
3043 5087 3118 5158 δῷ
3136 5085 3213 5167 _(_).
3258 5086 3525 5167 θείη-’ἀπ’
3553 5086 3761 5167 ,ἀρχῇς

3136 5159 3181 5188 ⁸⁸
3217 5156 3311 5209 τοῦ
3342 5156 3569 5225 adjunxi
3607 5173 3656 5206 c.
3687 5156 3755 5205 0.

509 5224 1536 5313 Idem'dciude'ps'palmariatltilargitus
1561 5224 2113 5312 εδινιθυιξθάῤῥηκτον
2154 5253 2208 5309 p.
2255 5233 2496 5304 ἇρῤητον
2528 5230 2684 5303 Vulg.
2762 5229 2898 5283 “Ita
2927 5228 2989 5295 C,
3022 5227 3066 5285 Ο
3097 5266 3112 5291 ,
3142 5226 3272 5281 αὐτό
3304 5224 3593 5296 legendum
3623 5241 3755 5279 cen-

507 5318 591 5363 set
621 5305 679 5362 S.

1789 5416 2151 5473 VARIORUM
2185 5416 2416 5475 NOTAE.

576 5513 686 5578 ((⁵2)
727 5516 831 5579 Ὃς
856 5514 955 5567 ἀπ’
989 5514 1180 5582 ἀρχῆς
1213 5512 1460 5577 αἰῶνος,
1510 5520 1613 5565 etc.
1656 5508 1779 5563 “(BC
1802 5509 2079 5582 __ronferas

509 5584 668 5637 vrliui
696 5600 819 5637 cum
854 5579 1178 5653 Epiphanio,
1212 5584 1402 5639 haeresi
1432 5583 1521 5642 50,
1553 5597 1673 5650 quae
1696 5589 1778 5635 est
1801 5579 2081 5634 Ebionita-

511 5669 633 5706 rum
658 5669 774 5721 cap.
810 5654 861 5707 5.
891 5655 1026 5709 (lor.

584 5722 696 5788 (63)
726 5718 922 5788 Μόνος
943 5724 1173 5791 ἀληθὴς
1204 5723 1470 5790 ὑπάρξας
1497 5720 1817 5791 προφήτης.
1848 5718 2077 5772 Inferius

518 5805 631 5858 vm,
688 5793 775 5848 IU.
831 5793 882 5848 Id
918 5790 1133 5863 tutoque
1192 5796 1538 5849 observatum
1590 5794 1640 5845 in
1700 5790 1969 5845 Ehioua'is
2025 5800 2079 5844 et

2189 5510 2482 5580 Sampsmis
2513 5528 2608 5566 seu
2646 5509 2896 5565 Elcesaeis
2934 5508 3001 5562 ah
3033 5506 3371 5580 Epiphanio,
3402 5504 3546 5580 quod
3585 5503 3759 5580 Chl-L-

2185 5564 2345 5634 stumr
2458 5564 2674 5634 adium
2714 5588 2993 5649 ponerent.
3033 5564 3329 5649 Vi'de'neum
3357 5564 3464 5649 vol.
3492 5573 3616 5649 l,_p.
3662 5564 3764 5649 53,

2184 5652 2309 5712 1‘27,
2346 5651 2467 5773 16°21,
2507 5653 2631 5718 461,
2660 5644 2781 5705 462.
2819 5647 3127 5705 Periculose
3162 5644 3471 5701 Methodius
3507 5645 3763 5705 Com'irii.

2182 5732 2318 5777 orat.
2348 5738 2399 5776 ο.
2456 5738 2505 5775 υ.
