  <div class='ocr_page' id='page_1' title='image "/cluster/home/n/w/nwhite01/storage/ocr_20150623/2/nnc1.0114695790/075.png"; bbox 0 0 3868 6212; ppageno 0'>
   <div class='ocr_carea' id='block_1_1' title="bbox 528 292 626 347">
    <p class='ocr_par' dir='ltr' id='par_1_1' title="bbox 528 292 626 347">
     <span class='ocr_line' id='line_1_1' title="bbox 528 292 626 347; baseline 0 -1"><span class='ocrx_word' id='word_1_1' title='bbox 528 292 626 347; x_wconf 72' lang='grc'><strong>131</strong></span> 
     </span>
    </p>
   </div>
   <div class='ocr_carea' id='block_1_2' title="bbox 1400 284 2944 367">
    <p class='ocr_par' dir='ltr' id='par_1_2' title="bbox 1400 284 2944 367">
     <span class='ocr_line' id='line_1_2' title="bbox 1400 284 2944 367; baseline -0.004 -24"><span class='ocrx_word' id='word_1_2' title='bbox 1400 288 1457 343; x_wconf 92' lang='lat' dir='ltr'><strong>S.</strong></span> <span class='ocrx_word' id='word_1_3' title='bbox 1532 287 1926 343; x_wconf 73' lang='lat' dir='ltr'><strong>CLEMENTIS</strong></span> <span class='ocrx_word' id='word_1_4' title='bbox 1960 292 1981 340; x_wconf 88' lang='grc' dir='ltr'><strong>ι</strong></span> <span class='ocrx_word' id='word_1_5' title='bbox 2013 285 2178 341; x_wconf 70' lang='grc' dir='ltr'>ιιοιι.</span> <span class='ocrx_word' id='word_1_6' title='bbox 2215 285 2416 367; x_wconf 69' lang='lat' dir='ltr'><strong>I’ONT.</strong></span> <span class='ocrx_word' id='word_1_7' title='bbox 2455 284 2683 340; x_wconf 68' lang='grc' dir='ltr'>ΟΡΕΜ</span> <span class='ocrx_word' id='word_1_8' title='bbox 2717 285 2944 341; x_wconf 64' lang='grc' dir='ltr'><strong>υυΒΙᾹ.</strong></span> 
     </span>
    </p>
   </div>
   <div class='ocr_carea' id='block_1_3' title="bbox 3684 288 3786 344">
    <p class='ocr_par' dir='ltr' id='par_1_3' title="bbox 3684 288 3786 344">
     <span class='ocr_line' id='line_1_3' title="bbox 3684 288 3786 344; baseline -0.02 0"><span class='ocrx_word' id='word_1_9' title='bbox 3684 288 3786 344; x_wconf 62' lang='lat' dir='ltr'><strong>I31</strong></span> 
     </span>
    </p>
   </div>
   <div class='ocr_carea' id='block_1_4' title="bbox 598 400 2133 474">
    <p class='ocr_par' dir='ltr' id='par_1_4' title="bbox 598 403 2106 461">
     <span class='ocr_line' id='line_1_4' title="bbox 598 403 2106 461; baseline -0.003 -2"><span class='ocrx_word' id='word_1_10' title='bbox 598 403 790 460; x_wconf 79' lang='lat' dir='ltr'><strong>XXXI.</strong></span> <span class='ocrx_word' id='word_1_11' title='bbox 817 404 894 460; x_wconf 86' lang='lat' dir='ltr'><strong>Ac</strong></span> <span class='ocrx_word' id='word_1_12' title='bbox 925 420 1047 459; x_wconf 90' lang='lat' dir='ltr'><strong>vere</strong></span> <span class='ocrx_word' id='word_1_13' title='bbox 1090 406 1325 461; x_wconf 81' lang='lat' dir='ltr'><strong>dicimus</strong></span> <span class='ocrx_word' id='word_1_14' title='bbox 1370 406 1529 460; x_wconf 80' lang='lat' dir='ltr'><strong>vobis</strong></span> <span class='ocrx_word' id='word_1_15' title='bbox 1569 421 1582 456; x_wconf 91' lang='lat'><strong>:</strong></span> <span class='ocrx_word' id='word_1_16' title='bbox 1618 404 1957 458; x_wconf 75' lang='lat' dir='ltr'><strong>tolerabilius</strong></span> <span class='ocrx_word' id='word_1_17' title='bbox 2001 404 2106 456; x_wconf 87' lang='lat' dir='ltr'><strong>crit</strong></span> 
     </span>
    </p>
   </div>
   <div class='ocr_carea' id='block_1_5' title="bbox 2219 400 3791 474">
    <p class='ocr_par' dir='ltr' id='par_1_5' title="bbox 2276 400 3791 474">
     <span class='ocr_line' id='line_1_5' title="bbox 2276 400 3791 474; baseline 0.003 -21"><span class='ocrx_word' id='word_1_18' title='bbox 2276 400 2464 453; x_wconf 87' lang='lat' dir='ltr'><strong>XXXI.</strong></span> <span class='ocrx_word' id='word_1_19' title='bbox 2516 402 2625 453; x_wconf 83' lang='grc' dir='ltr'><strong>Καὶ</strong></span> <span class='ocrx_word' id='word_1_20' title='bbox 2684 401 2899 471; x_wconf 86' lang='grc' dir='ltr'>ἀληθῶς</span> <span class='ocrx_word' id='word_1_21' title='bbox 2953 401 3082 472; x_wconf 87' lang='grc' dir='ltr'>ὑμῖν</span> <span class='ocrx_word' id='word_1_22' title='bbox 3128 401 3378 472; x_wconf 87' lang='grc' dir='ltr'>λέγομεν·</span> <span class='ocrx_word' id='word_1_23' title='bbox 3430 401 3791 474; x_wconf 68' lang='grc' dir='ltr'>ἀνεκτότερον</span> 
     </span>
    </p>
   </div>
   <div class='ocr_carea' id='block_1_6' title="bbox 527 494 2111 566">
    <p class='ocr_par' dir='ltr' id='par_1_6' title="bbox 527 494 2111 566">
     <span class='ocr_line' id='line_1_6' title="bbox 527 494 2111 566; baseline 0 -19"><span class='ocrx_word' id='word_1_24' title='bbox 527 495 583 550; x_wconf 90' lang='lat' dir='ltr'><strong>in</strong></span> <span class='ocrx_word' id='word_1_25' title='bbox 640 495 728 550; x_wconf 90' lang='lat' dir='ltr'><strong>die</strong></span> <span class='ocrx_word' id='word_1_26' title='bbox 775 495 991 566; x_wconf 90' lang='lat' dir='ltr'><strong>judicii,</strong></span> <span class='ocrx_word' id='word_1_27' title='bbox 1053 513 1277 551; x_wconf 88' lang='lat' dir='ltr'><strong>manere</strong></span> <span class='ocrx_word' id='word_1_28' title='bbox 1335 497 1389 550; x_wconf 93' lang='lat' dir='ltr'><strong>in</strong></span> <span class='ocrx_word' id='word_1_29' title='bbox 1445 505 1589 550; x_wconf 89' lang='lat' dir='ltr'><strong>terra</strong></span> <span class='ocrx_word' id='word_1_30' title='bbox 1638 494 2005 549; x_wconf 76' lang='lat' dir='ltr'><strong>Sodomorum</strong></span> <span class='ocrx_word' id='word_1_31' title='bbox 2054 504 2111 548; x_wconf 88' lang='lat' dir='ltr'><strong>et</strong></span> 
     </span>
    </p>
   </div>
   <div class='ocr_carea' id='block_1_7' title="bbox 528 586 2110 659">
    <p class='ocr_par' dir='ltr' id='par_1_7' title="bbox 528 586 2110 659">
     <span class='ocr_line' id='line_1_7' title="bbox 528 586 2110 659; baseline -0.003 -17"><span class='ocrx_word' id='word_1_32' title='bbox 528 586 895 654; x_wconf 67' lang='lat' dir='ltr'><strong>Gomorrbaz,</strong></span> <span class='ocrx_word' id='word_1_33' title='bbox 958 605 1125 659; x_wconf 87' lang='lat' dir='ltr'><strong>quam</strong></span> <span class='ocrx_word' id='word_1_34' title='bbox 1170 590 1221 642; x_wconf 92' lang='lat' dir='ltr'><strong>in</strong></span> <span class='ocrx_word' id='word_1_35' title='bbox 1267 589 1389 643; x_wconf 90' lang='lat' dir='ltr'><strong>loco</strong></span> <span class='ocrx_word' id='word_1_36' title='bbox 1434 587 1865 653; x_wconf 75' lang='lat' dir='ltr'><strong>incredulitatis;</strong></span> <span class='ocrx_word' id='word_1_37' title='bbox 1931 586 2110 656; x_wconf 90' lang='lat' dir='ltr'><strong>primo</strong></span> 
     </span>
    </p>
   </div>
   <div class='ocr_carea' id='block_1_8' title="bbox 527 678 2108 750">
    <p class='ocr_par' dir='ltr' id='par_1_8' title="bbox 527 678 2108 750">
     <span class='ocr_line' id='line_1_8' title="bbox 527 678 2108 750; baseline 0 -19"><span class='ocrx_word' id='word_1_38' title='bbox 527 679 771 747; x_wconf 83' lang='lat' dir='ltr'><strong>quidem,</strong></span> <span class='ocrx_word' id='word_1_39' title='bbox 804 681 932 749; x_wconf 83' lang='lat' dir='ltr'><strong>quia</strong></span> <span class='ocrx_word' id='word_1_40' title='bbox 961 682 1105 750; x_wconf 90' lang='lat' dir='ltr'><strong>quod</strong></span> <span class='ocrx_word' id='word_1_41' title='bbox 1141 680 1338 735; x_wconf 81' lang='lat' dir='ltr'><strong>rationi</strong></span> <span class='ocrx_word' id='word_1_42' title='bbox 1367 681 1657 747; x_wconf 86' lang='lat' dir='ltr'><strong>convenit,</strong></span> <span class='ocrx_word' id='word_1_43' title='bbox 1704 694 1773 733; x_wconf 82' lang='lat' dir='ltr'><strong>ex</strong></span> <span class='ocrx_word' id='word_1_44' title='bbox 1814 678 1971 733; x_wconf 90' lang='lat' dir='ltr'><strong>vobis</strong></span> <span class='ocrx_word' id='word_1_45' title='bbox 1998 692 2108 731; x_wconf 92' lang='lat' dir='ltr'><strong>non</strong></span> 
     </span>
    </p>
   </div>
   <div class='ocr_carea' id='block_1_9' title="bbox 530 769 2111 841">
    <p class='ocr_par' dir='ltr' id='par_1_9' title="bbox 530 769 2111 841">
     <span class='ocr_line' id='line_1_9' title="bbox 530 769 2111 841; baseline -0.001 -18"><span class='ocrx_word' id='word_1_46' title='bbox 530 771 912 837; x_wconf 78' lang='lat' dir='ltr'><strong>intellexistis;</strong></span> <span class='ocrx_word' id='word_1_47' title='bbox 942 772 1201 838; x_wconf 89' lang='lat' dir='ltr'><strong>secundo,</strong></span> <span class='ocrx_word' id='word_1_48' title='bbox 1244 772 1503 841; x_wconf 90' lang='lat' dir='ltr'><strong>quoniam</strong></span> <span class='ocrx_word' id='word_1_49' title='bbox 1549 786 1675 825; x_wconf 92' lang='lat' dir='ltr'><strong>cum</strong></span> <span class='ocrx_word' id='word_1_50' title='bbox 1716 770 1784 825; x_wconf 90' lang='lat' dir='ltr'><strong>de</strong></span> <span class='ocrx_word' id='word_1_51' title='bbox 1826 769 1985 822; x_wconf 89' lang='lat' dir='ltr'><strong>nobis</strong></span> <span class='ocrx_word' id='word_1_52' title='bbox 2014 784 2111 822; x_wconf 89' lang='lat' dir='ltr'><strong>au-</strong></span> 
     </span>
    </p>
   </div>
   <div class='ocr_carea' id='block_1_10' title="bbox 525 862 2109 930">
    <p class='ocr_par' dir='ltr' id='par_1_10' title="bbox 525 862 2109 930">
     <span class='ocr_line' id='line_1_10' title="bbox 525 862 2109 930; baseline -0.003 -14"><span class='ocrx_word' id='word_1_53' title='bbox 525 862 789 927; x_wconf 89' lang='lat' dir='ltr'><strong>diissetis,</strong></span> <span class='ocrx_word' id='word_1_54' title='bbox 826 877 936 915; x_wconf 92' lang='lat' dir='ltr'><strong>non</strong></span> <span class='ocrx_word' id='word_1_55' title='bbox 967 863 1190 917; x_wconf 75' lang='lat' dir='ltr'><strong>venistis</strong></span> <span class='ocrx_word' id='word_1_56' title='bbox 1234 863 1302 915; x_wconf 90' lang='lat' dir='ltr'><strong>ad</strong></span> <span class='ocrx_word' id='word_1_57' title='bbox 1352 877 1487 927; x_wconf 84' lang='lat' dir='ltr'><strong>nos;</strong></span> <span class='ocrx_word' id='word_1_58' title='bbox 1530 862 1715 926; x_wconf 89' lang='lat' dir='ltr'><strong>tertio,</strong></span> <span class='ocrx_word' id='word_1_59' title='bbox 1764 866 1894 930; x_wconf 88' lang='lat' dir='ltr'><strong>quia</strong></span> <span class='ocrx_word' id='word_1_60' title='bbox 1946 862 2109 913; x_wconf 89' lang='lat' dir='ltr'><strong>etiam</strong></span> 
     </span>
    </p>
   </div>
   <div class='ocr_carea' id='block_1_11' title="bbox 527 951 2111 1018">
    <p class='ocr_par' dir='ltr' id='par_1_11' title="bbox 527 951 2111 1018">
     <span class='ocr_line' id='line_1_11' title="bbox 527 951 2111 1018; baseline 0 -13"><span class='ocrx_word' id='word_1_61' title='bbox 527 968 654 1005; x_wconf 92' lang='lat' dir='ltr'><strong>cum</strong></span> <span class='ocrx_word' id='word_1_62' title='bbox 716 952 1100 1018; x_wconf 77' lang='lat' dir='ltr'><strong>venissemus,</strong></span> <span class='ocrx_word' id='word_1_63' title='bbox 1171 953 1331 1007; x_wconf 87' lang='lat' dir='ltr'><strong>nobis</strong></span> <span class='ocrx_word' id='word_1_64' title='bbox 1380 969 1486 1005; x_wconf 88' lang='lat' dir='ltr'><strong>non</strong></span> <span class='ocrx_word' id='word_1_65' title='bbox 1547 952 1875 1006; x_wconf 87' lang='lat' dir='ltr'><strong>credidistis.</strong></span> <span class='ocrx_word' id='word_1_66' title='bbox 1930 951 2111 1017; x_wconf 87' lang='lat' dir='ltr'><strong>Quare</strong></span> 
     </span>
    </p>
   </div>
   <div class='ocr_carea' id='block_1_12' title="bbox 531 1044 2112 1114">
    <p class='ocr_par' dir='ltr' id='par_1_12' title="bbox 531 1044 2112 1114">
     <span class='ocr_line' id='line_1_12' title="bbox 531 1044 2112 1114; baseline 0 -17"><span class='ocrx_word' id='word_1_67' title='bbox 531 1044 904 1114; x_wconf 82' lang='lat' dir='ltr'><strong>gratificantes</strong></span> <span class='ocrx_word' id='word_1_68' title='bbox 950 1046 1105 1098; x_wconf 85' lang='lat' dir='ltr'><strong>vobis</strong></span> <span class='ocrx_word' id='word_1_69' title='bbox 1147 1045 1314 1109; x_wconf 92' lang='lat' dir='ltr'><strong>ultro,</strong></span> <span class='ocrx_word' id='word_1_70' title='bbox 1366 1060 1609 1107; x_wconf 88' lang='lat' dir='ltr'><strong>oramus,</strong></span> <span class='ocrx_word' id='word_1_71' title='bbox 1658 1054 1717 1098; x_wconf 92' lang='lat' dir='ltr'><strong>ut</strong></span> <span class='ocrx_word' id='word_1_72' title='bbox 1762 1059 1867 1113; x_wconf 82' lang='lat' dir='ltr'><strong>pax</strong></span> <span class='ocrx_word' id='word_1_73' title='bbox 1923 1051 2112 1097; x_wconf 89' lang='lat' dir='ltr'><strong>nostra</strong></span> 
     </span>
    </p>
   </div>
   <div class='ocr_carea' id='block_1_13' title="bbox 532 1132 2113 1203">
    <p class='ocr_par' dir='ltr' id='par_1_13' title="bbox 532 1132 2113 1203">
     <span class='ocr_line' id='line_1_13' title="bbox 532 1132 2113 1203; baseline -0.001 -16"><span class='ocrx_word' id='word_1_74' title='bbox 532 1135 713 1187; x_wconf 84' lang='lat' dir='ltr'><strong>veniat</strong></span> <span class='ocrx_word' id='word_1_75' title='bbox 744 1150 908 1203; x_wconf 86' lang='lat' dir='ltr'><strong>super</strong></span> <span class='ocrx_word' id='word_1_76' title='bbox 934 1150 1065 1189; x_wconf 92' lang='lat' dir='ltr'><strong>vos.</strong></span> <span class='ocrx_word' id='word_1_77' title='bbox 1110 1132 1167 1187; x_wconf 91' lang='lat' dir='ltr'><strong>Si</strong></span> <span class='ocrx_word' id='word_1_78' title='bbox 1198 1150 1325 1203; x_wconf 80' lang='lat' dir='ltr'><strong>ergo</strong></span> <span class='ocrx_word' id='word_1_79' title='bbox 1353 1148 1471 1187; x_wconf 89' lang='lat' dir='ltr'><strong>eam</strong></span> <span class='ocrx_word' id='word_1_80' title='bbox 1504 1134 1705 1188; x_wconf 85' lang='lat' dir='ltr'><strong>habere</strong></span> <span class='ocrx_word' id='word_1_81' title='bbox 1729 1134 1913 1198; x_wconf 79' lang='lat' dir='ltr'><strong>vultis,</strong></span> <span class='ocrx_word' id='word_1_82' title='bbox 1949 1148 2113 1203; x_wconf 90' lang='lat' dir='ltr'><strong>opor-</strong></span> 
     </span>
    </p>
   </div>
   <div class='ocr_carea' id='block_1_14' title="bbox 533 1224 2111 1293">
    <p class='ocr_par' dir='ltr' id='par_1_14' title="bbox 533 1224 2111 1293">
     <span class='ocr_line' id='line_1_14' title="bbox 533 1224 2111 1293; baseline 0 -16"><span class='ocrx_word' id='word_1_83' title='bbox 533 1233 609 1278; x_wconf 87' lang='lat' dir='ltr'><strong>tet</strong></span> <span class='ocrx_word' id='word_1_84' title='bbox 654 1240 750 1277; x_wconf 90' lang='lat' dir='ltr'><strong>vos</strong></span> <span class='ocrx_word' id='word_1_85' title='bbox 804 1225 975 1279; x_wconf 90' lang='lat' dir='ltr'><strong>alacri</strong></span> <span class='ocrx_word' id='word_1_86' title='bbox 1022 1226 1207 1279; x_wconf 91' lang='lat' dir='ltr'><strong>animo</strong></span> <span class='ocrx_word' id='word_1_87' title='bbox 1255 1224 1555 1293; x_wconf 87' lang='lat' dir='ltr'><strong>suscipere,</strong></span> <span class='ocrx_word' id='word_1_88' title='bbox 1602 1234 1663 1278; x_wconf 84' lang='lat' dir='ltr'><strong>ut</strong></span> <span class='ocrx_word' id='word_1_89' title='bbox 1714 1224 1973 1293; x_wconf 89' lang='lat' dir='ltr'><strong>injuriam</strong></span> <span class='ocrx_word' id='word_1_90' title='bbox 2003 1238 2111 1278; x_wconf 92' lang='lat' dir='ltr'><strong>non</strong></span> 
     </span>
    </p>
   </div>
   <div class='ocr_carea' id='block_1_15' title="bbox 534 1314 2115 1386">
    <p class='ocr_par' dir='ltr' id='par_1_15' title="bbox 534 1314 2115 1386">
     <span class='ocr_line' id='line_1_15' title="bbox 534 1314 2115 1386; baseline 0 -17"><span class='ocrx_word' id='word_1_91' title='bbox 534 1314 748 1370; x_wconf 76' lang='lat' dir='ltr'><strong>faciatis</strong></span> <span class='ocrx_word' id='word_1_92' title='bbox 776 1325 829 1370; x_wconf 91' lang='lat' dir='ltr'><strong>et</strong></span> <span class='ocrx_word' id='word_1_93' title='bbox 861 1318 1016 1371; x_wconf 88' lang='lat' dir='ltr'><strong>vobis</strong></span> <span class='ocrx_word' id='word_1_94' title='bbox 1068 1316 1264 1371; x_wconf 89' lang='lat' dir='ltr'><strong>factam</strong></span> <span class='ocrx_word' id='word_1_95' title='bbox 1308 1316 1499 1371; x_wconf 83' lang='lat' dir='ltr'><strong>feratis</strong></span> <span class='ocrx_word' id='word_1_96' title='bbox 1543 1316 1755 1370; x_wconf 81' lang='lat' dir='ltr'><strong>fortiter</strong></span> <span class='ocrx_word' id='word_1_97' title='bbox 1787 1334 1799 1368; x_wconf 91' lang='lat'><strong>:</strong></span> <span class='ocrx_word' id='word_1_98' title='bbox 1828 1316 1971 1386; x_wconf 90' lang='lat' dir='ltr'><strong>quod</strong></span> <span class='ocrx_word' id='word_1_99' title='bbox 2015 1315 2115 1369; x_wconf 89' lang='lat' dir='ltr'><strong>ho-</strong></span> 
     </span>
    </p>
   </div>
   <div class='ocr_carea' id='block_1_16' title="bbox 536 1409 2115 1478">
    <p class='ocr_par' dir='ltr' id='par_1_16' title="bbox 536 1409 2115 1478">
     <span class='ocr_line' id='line_1_16' title="bbox 536 1409 2115 1478; baseline 0.002 -18"><span class='ocrx_word' id='word_1_100' title='bbox 536 1409 702 1463; x_wconf 89' lang='lat' dir='ltr'><strong>minis</strong></span> <span class='ocrx_word' id='word_1_101' title='bbox 731 1418 926 1463; x_wconf 88' lang='lat' dir='ltr'><strong>natura</strong></span> <span class='ocrx_word' id='word_1_102' title='bbox 969 1424 1076 1463; x_wconf 90' lang='lat' dir='ltr'><strong>non</strong></span> <span class='ocrx_word' id='word_1_103' title='bbox 1128 1409 1442 1473; x_wconf 89' lang='lat' dir='ltr'><strong>sustinebit,</strong></span> <span class='ocrx_word' id='word_1_104' title='bbox 1486 1409 1589 1461; x_wconf 90' lang='lat' dir='ltr'><strong>nisi</strong></span> <span class='ocrx_word' id='word_1_105' title='bbox 1637 1409 1788 1478; x_wconf 90' lang='lat' dir='ltr'><strong>prius</strong></span> <span class='ocrx_word' id='word_1_106' title='bbox 1825 1409 2115 1463; x_wconf 89' lang='lat' dir='ltr'><strong>eminentis</strong></span> 
     </span>
    </p>
   </div>
   <div class='ocr_carea' id='block_1_17' title="bbox 534 1499 2115 1571">
    <p class='ocr_par' dir='ltr' id='par_1_17' title="bbox 534 1499 2115 1571">
     <span class='ocr_line' id='line_1_17' title="bbox 534 1499 2115 1571; baseline -0.001 -18"><span class='ocrx_word' id='word_1_107' title='bbox 534 1501 663 1553; x_wconf 92' lang='lat' dir='ltr'><strong>boni</strong></span> <span class='ocrx_word' id='word_1_108' title='bbox 700 1501 973 1571; x_wconf 88' lang='lat' dir='ltr'><strong>acceperit</strong></span> <span class='ocrx_word' id='word_1_109' title='bbox 1004 1500 1253 1554; x_wconf 85' lang='lat' dir='ltr'><strong>notitiam</strong></span> <span class='ocrx_word' id='word_1_110' title='bbox 1278 1541 1292 1565; x_wconf 96' lang='lat'><strong>,</strong></span> <span class='ocrx_word' id='word_1_111' title='bbox 1329 1499 1379 1553; x_wconf 90' lang='lat' dir='ltr'><strong>id</strong></span> <span class='ocrx_word' id='word_1_112' title='bbox 1423 1508 1604 1553; x_wconf 81' lang='lat' dir='ltr'><strong>autem</strong></span> <span class='ocrx_word' id='word_1_113' title='bbox 1636 1508 1750 1564; x_wconf 87' lang='lat' dir='ltr'><strong>est,</strong></span> <span class='ocrx_word' id='word_1_114' title='bbox 1783 1513 2115 1569; x_wconf 77' lang='lat' dir='ltr'><strong>cognoscere</strong></span> 
     </span>
    </p>
   </div>
   <div class='ocr_carea' id='block_1_18' title="bbox 528 1590 2114 1662">
    <p class='ocr_par' dir='ltr' id='par_1_18' title="bbox 528 1590 2114 1662">
     <span class='ocr_line' id='line_1_18' title="bbox 528 1590 2114 1662; baseline 0 -17"><span class='ocrx_word' id='word_1_115' title='bbox 528 1593 735 1661; x_wconf 87' lang='lat' dir='ltr'><strong>justam</strong></span> <span class='ocrx_word' id='word_1_116' title='bbox 770 1592 888 1662; x_wconf 82' lang='lat' dir='ltr'><strong>ejus</strong></span> <span class='ocrx_word' id='word_1_117' title='bbox 935 1592 1027 1661; x_wconf 92' lang='lat' dir='ltr'><strong>qui</strong></span> <span class='ocrx_word' id='word_1_118' title='bbox 1062 1601 1259 1646; x_wconf 89' lang='lat' dir='ltr'><strong>cuncta</strong></span> <span class='ocrx_word' id='word_1_119' title='bbox 1310 1600 1605 1660; x_wconf 79' lang='lat' dir='ltr'><strong>exsuperat</strong></span> <span class='ocrx_word' id='word_1_120' title='bbox 1650 1599 1901 1645; x_wconf 92' lang='lat' dir='ltr'><strong>naturam</strong></span> <span class='ocrx_word' id='word_1_121' title='bbox 1927 1632 1942 1655; x_wconf 91' lang='lat'><strong>,</strong></span> <span class='ocrx_word' id='word_1_122' title='bbox 1968 1590 2114 1661; x_wconf 90' lang='lat' dir='ltr'><strong>quod</strong></span> 
     </span>
    </p>
   </div>
   <div class='ocr_carea' id='block_1_19' title="bbox 536 1680 2112 1752">
    <p class='ocr_par' dir='ltr' id='par_1_19' title="bbox 536 1680 2112 1752">
     <span class='ocr_line' id='line_1_19' title="bbox 536 1680 2112 1752; baseline -0.001 -17"><span class='ocrx_word' id='word_1_123' title='bbox 536 1684 714 1752; x_wconf 88' lang='lat' dir='ltr'><strong>punit,</strong></span> <span class='ocrx_word' id='word_1_124' title='bbox 750 1693 808 1736; x_wconf 92' lang='lat' dir='ltr'><strong>ut</strong></span> <span class='ocrx_word' id='word_1_125' title='bbox 838 1682 1039 1751; x_wconf 86' lang='lat' dir='ltr'><strong>injuria</strong></span> <span class='ocrx_word' id='word_1_126' title='bbox 1076 1680 1299 1736; x_wconf 83' lang='lat' dir='ltr'><strong>affectos</strong></span> <span class='ocrx_word' id='word_1_127' title='bbox 1339 1681 1658 1747; x_wconf 90' lang='lat' dir='ltr'><strong>ulciscatur,</strong></span> <span class='ocrx_word' id='word_1_128' title='bbox 1704 1688 1759 1735; x_wconf 89' lang='lat' dir='ltr'><strong>et</strong></span> <span class='ocrx_word' id='word_1_129' title='bbox 1797 1681 1919 1750; x_wconf 91' lang='lat' dir='ltr'><strong>pios</strong></span> <span class='ocrx_word' id='word_1_130' title='bbox 1944 1680 2112 1735; x_wconf 80' lang='lat' dir='ltr'><strong>bene—</strong></span> 
     </span>
    </p>
   </div>
   <div class='ocr_carea' id='block_1_20' title="bbox 537 1771 1389 1843">
    <p class='ocr_par' dir='ltr' id='par_1_20' title="bbox 537 1771 1389 1843">
     <span class='ocr_line' id='line_1_20' title="bbox 537 1771 1389 1843; baseline -0.004 -16"><span class='ocrx_word' id='word_1_131' title='bbox 537 1773 675 1827; x_wconf 82' lang='lat' dir='ltr'><strong>ficiis</strong></span> <span class='ocrx_word' id='word_1_132' title='bbox 702 1774 755 1825; x_wconf 80' lang='lat' dir='ltr'><strong>in</strong></span> <span class='ocrx_word' id='word_1_133' title='bbox 791 1773 1180 1843; x_wconf 84' lang='lat' dir='ltr'><strong>sempiternum</strong></span> <span class='ocrx_word' id='word_1_134' title='bbox 1208 1771 1389 1826; x_wconf 82' lang='lat' dir='ltr'><strong>allicit.</strong></span> 
     </span>
    </p>
   </div>
   <div class='ocr_carea' id='block_1_21' title="bbox 604 1860 2112 1933">
    <p class='ocr_par' dir='ltr' id='par_1_21' title="bbox 604 1860 2112 1933">
     <span class='ocr_line' id='line_1_21' title="bbox 604 1860 2112 1933; baseline -0.003 -14"><span class='ocrx_word' id='word_1_135' title='bbox 604 1864 823 1919; x_wconf 77' lang='lat' dir='ltr'><strong>XXXII.</strong></span> <span class='ocrx_word' id='word_1_136' title='bbox 854 1862 965 1917; x_wconf 83' lang='lat' dir='ltr'><strong>Vos</strong></span> <span class='ocrx_word' id='word_1_137' title='bbox 1004 1863 1188 1933; x_wconf 79' lang='lat' dir='ltr'><strong>igitur,</strong></span> <span class='ocrx_word' id='word_1_138' title='bbox 1238 1872 1299 1917; x_wconf 93' lang='lat' dir='ltr'><strong>ut</strong></span> <span class='ocrx_word' id='word_1_139' title='bbox 1342 1871 1527 1931; x_wconf 84' lang='lat' dir='ltr'><strong>gratos</strong></span> <span class='ocrx_word' id='word_1_140' title='bbox 1575 1860 1666 1915; x_wconf 90' lang='lat' dir='ltr'><strong>Dei</strong></span> <span class='ocrx_word' id='word_1_141' title='bbox 1706 1876 1894 1917; x_wconf 88' lang='lat' dir='ltr'><strong>servos</strong></span> <span class='ocrx_word' id='word_1_142' title='bbox 1938 1861 2112 1927; x_wconf 88' lang='lat' dir='ltr'><strong>decet,</strong></span> 
     </span>
    </p>
   </div>
   <div class='ocr_carea' id='block_1_22' title="bbox 534 1953 2108 2023">
    <p class='ocr_par' dir='ltr' id='par_1_22' title="bbox 534 1953 2108 2023">
     <span class='ocr_line' id='line_1_22' title="bbox 534 1953 2108 2023; baseline -0.001 -16"><span class='ocrx_word' id='word_1_143' title='bbox 534 1971 603 2009; x_wconf 72' lang='lat' dir='ltr'><strong>ex</strong></span> <span class='ocrx_word' id='word_1_144' title='bbox 634 1954 788 2007; x_wconf 84' lang='lat' dir='ltr'><strong>vobis</strong></span> <span class='ocrx_word' id='word_1_145' title='bbox 821 1953 965 2023; x_wconf 93' lang='lat' dir='ltr'><strong>quod</strong></span> <span class='ocrx_word' id='word_1_146' title='bbox 997 1953 1195 2007; x_wconf 88' lang='lat' dir='ltr'><strong>rationl</strong></span> <span class='ocrx_word' id='word_1_147' title='bbox 1227 1964 1655 2007; x_wconf 85' lang='lat' dir='ltr'><strong>consentaneum</strong></span> <span class='ocrx_word' id='word_1_148' title='bbox 1684 1961 1768 2007; x_wconf 86' lang='lat' dir='ltr'><strong>est</strong></span> <span class='ocrx_word' id='word_1_149' title='bbox 1798 1953 2108 2023; x_wconf 77' lang='lat' dir='ltr'><strong>intelligen-</strong></span> 
     </span>
    </p>
   </div>
   <div class='ocr_carea' id='block_1_23' title="bbox 540 2042 2114 2112">
    <p class='ocr_par' dir='ltr' id='par_1_23' title="bbox 540 2042 2114 2112">
     <span class='ocr_line' id='line_1_23' title="bbox 540 2042 2114 2112; baseline 0 -15"><span class='ocrx_word' id='word_1_150' title='bbox 540 2052 643 2108; x_wconf 84' lang='lat' dir='ltr'><strong>tes,</strong></span> <span class='ocrx_word' id='word_1_151' title='bbox 692 2043 859 2097; x_wconf 86' lang='lat' dir='ltr'><strong>vitam</strong></span> <span class='ocrx_word' id='word_1_152' title='bbox 921 2043 972 2097; x_wconf 86' lang='lat' dir='ltr'><strong>ei</strong></span> <span class='ocrx_word' id='word_1_153' title='bbox 1043 2043 1347 2112; x_wconf 87' lang='lat' dir='ltr'><strong>placentem</strong></span> <span class='ocrx_word' id='word_1_154' title='bbox 1402 2042 1833 2111; x_wconf 89' lang='lat' dir='ltr'><strong>amplectimini,</strong></span> <span class='ocrx_word' id='word_1_155' title='bbox 1893 2052 1955 2096; x_wconf 91' lang='lat' dir='ltr'><strong>ut</strong></span> <span class='ocrx_word' id='word_1_156' title='bbox 2013 2043 2114 2109; x_wconf 91' lang='lat' dir='ltr'><strong>sic,</strong></span> 
     </span>
    </p>
   </div>
   <div class='ocr_carea' id='block_1_24' title="bbox 540 2133 2117 2203">
    <p class='ocr_par' dir='ltr' id='par_1_24' title="bbox 540 2133 2117 2203">
     <span class='ocr_line' id='line_1_24' title="bbox 540 2133 2117 2203; baseline 0.001 -16"><span class='ocrx_word' id='word_1_157' title='bbox 540 2144 794 2189; x_wconf 86' lang='lat' dir='ltr'><strong>amantes</strong></span> <span class='ocrx_word' id='word_1_158' title='bbox 820 2150 945 2189; x_wconf 92' lang='lat' dir='ltr'><strong>cum</strong></span> <span class='ocrx_word' id='word_1_159' title='bbox 975 2143 1029 2189; x_wconf 89' lang='lat' dir='ltr'><strong>et</strong></span> <span class='ocrx_word' id='word_1_160' title='bbox 1052 2134 1121 2188; x_wconf 89' lang='lat' dir='ltr'><strong>ab</strong></span> <span class='ocrx_word' id='word_1_161' title='bbox 1147 2150 1213 2188; x_wconf 85' lang='lat' dir='ltr'><strong>eo</strong></span> <span class='ocrx_word' id='word_1_162' title='bbox 1242 2134 1430 2199; x_wconf 86' lang='lat' dir='ltr'><strong>amati,</strong></span> <span class='ocrx_word' id='word_1_163' title='bbox 1466 2133 1611 2203; x_wconf 91' lang='lat' dir='ltr'><strong>quod</strong></span> <span class='ocrx_word' id='word_1_164' title='bbox 1640 2134 1844 2188; x_wconf 92' lang='lat' dir='ltr'><strong>bonum</strong></span> <span class='ocrx_word' id='word_1_165' title='bbox 1881 2143 1965 2189; x_wconf 91' lang='lat' dir='ltr'><strong>est</strong></span> <span class='ocrx_word' id='word_1_166' title='bbox 1988 2149 2117 2203; x_wconf 87' lang='lat' dir='ltr'><strong>pos-</strong></span> 
     </span>
    </p>
   </div>
   <div class='ocr_carea' id='block_1_25' title="bbox 538 2224 2119 2297">
    <p class='ocr_par' dir='ltr' id='par_1_25' title="bbox 538 2224 2119 2297">
     <span class='ocr_line' id='line_1_25' title="bbox 538 2224 2119 2297; baseline -0.001 -17"><span class='ocrx_word' id='word_1_167' title='bbox 538 2227 764 2281; x_wconf 70' lang='grc' dir='ltr'>εἱιΙι-ειῑὶε</span> <span class='ocrx_word' id='word_1_168' title='bbox 817 2235 1096 2297; x_wconf 88' lang='lat' dir='ltr'><strong>perpetuo.</strong></span> <span class='ocrx_word' id='word_1_169' title='bbox 1149 2224 1283 2280; x_wconf 92' lang='lat' dir='ltr'><strong>Illud</strong></span> <span class='ocrx_word' id='word_1_170' title='bbox 1334 2226 1479 2280; x_wconf 90' lang='lat' dir='ltr'><strong>enim</strong></span> <span class='ocrx_word' id='word_1_171' title='bbox 1532 2226 1648 2295; x_wconf 92' lang='lat' dir='ltr'><strong>ipse</strong></span> <span class='ocrx_word' id='word_1_172' title='bbox 1703 2226 1855 2279; x_wconf 89' lang='lat' dir='ltr'><strong>solus</strong></span> <span class='ocrx_word' id='word_1_173' title='bbox 1882 2224 2119 2279; x_wconf 82' lang='lat' dir='ltr'><strong>maxime</strong></span> 
     </span>
    </p>
   </div>
   <div class='ocr_carea' id='block_1_26' title="bbox 538 2317 2117 2389">
    <p class='ocr_par' dir='ltr' id='par_1_26' title="bbox 538 2317 2117 2389">
     <span class='ocr_line' id='line_1_26' title="bbox 538 2317 2117 2389; baseline -0.001 -18"><span class='ocrx_word' id='word_1_174' title='bbox 538 2327 721 2389; x_wconf 88' lang='lat' dir='ltr'><strong>potest</strong></span> <span class='ocrx_word' id='word_1_175' title='bbox 747 2328 1028 2388; x_wconf 65' lang='lat' dir='ltr'><strong>praestare,</strong></span> <span class='ocrx_word' id='word_1_176' title='bbox 1048 2318 1142 2387; x_wconf 85' lang='lat' dir='ltr'><strong>qui</strong></span> <span class='ocrx_word' id='word_1_177' title='bbox 1171 2333 1278 2371; x_wconf 91' lang='lat' dir='ltr'><strong>non</strong></span> <span class='ocrx_word' id='word_1_178' title='bbox 1309 2318 1631 2373; x_wconf 80' lang='lat' dir='ltr'><strong>exsistentia</strong></span> <span class='ocrx_word' id='word_1_179' title='bbox 1651 2317 1717 2371; x_wconf 88' lang='lat' dir='ltr'><strong>ad</strong></span> <span class='ocrx_word' id='word_1_180' title='bbox 1737 2317 2117 2372; x_wconf 78' lang='lat' dir='ltr'><strong>exsistentiam</strong></span> 
     </span>
    </p>
   </div>
   <div class='ocr_carea' id='block_1_27' title="bbox 538 2408 2119 2477">
    <p class='ocr_par' dir='ltr' id='par_1_27' title="bbox 538 2408 2119 2477">
     <span class='ocr_line' id='line_1_27' title="bbox 538 2408 2119 2477; baseline 0.001 -16"><span class='ocrx_word' id='word_1_181' title='bbox 538 2408 804 2474; x_wconf 75' lang='lat' dir='ltr'><strong>adduxit,</strong></span> <span class='ocrx_word' id='word_1_182' title='bbox 853 2408 1051 2463; x_wconf 74' lang='lat' dir='ltr'><strong>ctelum</strong></span> <span class='ocrx_word' id='word_1_183' title='bbox 1109 2408 1573 2473; x_wconf 87' lang='lat' dir='ltr'><strong>creavit,terram</strong></span> <span class='ocrx_word' id='word_1_184' title='bbox 1621 2408 1913 2477; x_wconf 79' lang='lat' dir='ltr'><strong>compegit,</strong></span> <span class='ocrx_word' id='word_1_185' title='bbox 1967 2422 2119 2462; x_wconf 86' lang='lat' dir='ltr'><strong>mare</strong></span> 
     </span>
    </p>
   </div>
   <div class='ocr_carea' id='block_1_28' title="bbox 538 2497 2118 2569">
    <p class='ocr_par' dir='ltr' id='par_1_28' title="bbox 538 2497 2118 2569">
     <span class='ocr_line' id='line_1_28' title="bbox 538 2497 2118 2569; baseline 0.001 -17"><span class='ocrx_word' id='word_1_186' title='bbox 538 2498 834 2563; x_wconf 89' lang='lat' dir='ltr'><strong>conclusit,</strong></span> <span class='ocrx_word' id='word_1_187' title='bbox 860 2513 981 2567; x_wconf 82' lang='lat' dir='ltr'><strong>quae</strong></span> <span class='ocrx_word' id='word_1_188' title='bbox 1012 2499 1064 2551; x_wconf 90' lang='lat' dir='ltr'><strong>in</strong></span> <span class='ocrx_word' id='word_1_189' title='bbox 1090 2497 1281 2553; x_wconf 81' lang='lat' dir='ltr'><strong>inferis</strong></span> <span class='ocrx_word' id='word_1_190' title='bbox 1311 2506 1439 2554; x_wconf 88' lang='lat' dir='ltr'><strong>sunt</strong></span> <span class='ocrx_word' id='word_1_191' title='bbox 1459 2498 1787 2566; x_wconf 86' lang='lat' dir='ltr'><strong>recondidit,</strong></span> <span class='ocrx_word' id='word_1_192' title='bbox 1810 2506 2118 2569; x_wconf 87' lang='lat' dir='ltr'><strong>cunctaque</strong></span> 
     </span>
    </p>
   </div>
   <div class='ocr_carea' id='block_1_29' title="bbox 541 2590 941 2658">
    <p class='ocr_par' dir='ltr' id='par_1_29' title="bbox 541 2590 941 2658">
     <span class='ocr_line' id='line_1_29' title="bbox 541 2590 941 2658; baseline 0 -15"><span class='ocrx_word' id='word_1_193' title='bbox 541 2590 770 2658; x_wconf 84' lang='lat' dir='ltr'><strong>replevit</strong></span> <span class='ocrx_word' id='word_1_194' title='bbox 797 2604 941 2643; x_wconf 86' lang='lat' dir='ltr'><strong>aere.</strong></span> 
     </span>
    </p>
   </div>
   <div class='ocr_carea' id='block_1_30' title="bbox 610 2678 2118 2751">
    <p class='ocr_par' dir='ltr' id='par_1_30' title="bbox 610 2678 2118 2751">
     <span class='ocr_line' id='line_1_30' title="bbox 610 2678 2118 2751; baseline -0.001 -16"><span class='ocrx_word' id='word_1_195' title='bbox 610 2678 846 2735; x_wconf 80' lang='lat' dir='ltr'><strong>XXXIII.</strong></span> <span class='ocrx_word' id='word_1_196' title='bbox 876 2678 975 2733; x_wconf 87' lang='lat' dir='ltr'><strong>llic</strong></span> <span class='ocrx_word' id='word_1_197' title='bbox 1011 2679 1161 2735; x_wconf 90' lang='lat' dir='ltr'><strong>solus</strong></span> <span class='ocrx_word' id='word_1_198' title='bbox 1206 2694 1373 2733; x_wconf 90' lang='lat' dir='ltr'><strong>uuam</strong></span> <span class='ocrx_word' id='word_1_199' title='bbox 1415 2694 1479 2734; x_wconf 92' lang='lat' dir='ltr'><strong>ac</strong></span> <span class='ocrx_word' id='word_1_200' title='bbox 1513 2680 1745 2749; x_wconf 87' lang='lat' dir='ltr'><strong>primam</strong></span> <span class='ocrx_word' id='word_1_201' title='bbox 1786 2679 2118 2751; x_wconf 87' lang='lat' dir='ltr'><strong>simplicem-</strong></span> 
     </span>
    </p>
   </div>
   <div class='ocr_carea' id='block_1_31' title="bbox 540 2772 2115 2843">
    <p class='ocr_par' dir='ltr' id='par_1_31' title="bbox 540 2772 2115 2843">
     <span class='ocr_line' id='line_1_31' title="bbox 540 2772 2115 2843; baseline 0 -17"><span class='ocrx_word' id='word_1_202' title='bbox 540 2788 649 2843; x_wconf 92' lang='lat' dir='ltr'><strong>que</strong></span> <span class='ocrx_word' id='word_1_203' title='bbox 692 2772 1051 2828; x_wconf 84' lang='lat' dir='ltr'><strong>substantiam</strong></span> <span class='ocrx_word' id='word_1_204' title='bbox 1097 2772 1522 2841; x_wconf 88' lang='lat' dir='ltr'><strong>quadrupliciter</strong></span> <span class='ocrx_word' id='word_1_205' title='bbox 1568 2781 1621 2826; x_wconf 88' lang='lat' dir='ltr'><strong>et</strong></span> <span class='ocrx_word' id='word_1_206' title='bbox 1666 2774 1940 2827; x_wconf 87' lang='lat' dir='ltr'><strong>contrarie</strong></span> <span class='ocrx_word' id='word_1_207' title='bbox 1978 2788 2115 2828; x_wconf 88' lang='lat' dir='ltr'><strong>con-</strong></span> 
     </span>
    </p>
   </div>
   <div class='ocr_carea' id='block_1_32' title="bbox 540 2863 2119 2933">
    <p class='ocr_par' dir='ltr' id='par_1_32' title="bbox 540 2863 2119 2933">
     <span class='ocr_line' id='line_1_32' title="bbox 540 2863 2119 2933; baseline 0 -17"><span class='ocrx_word' id='word_1_208' title='bbox 540 2864 703 2918; x_wconf 88' lang='lat' dir='ltr'><strong>vertit</strong></span> <span class='ocrx_word' id='word_1_209' title='bbox 736 2884 748 2917; x_wconf 92' lang='lat'><strong>:</strong></span> <span class='ocrx_word' id='word_1_210' title='bbox 782 2878 846 2918; x_wconf 81' lang='lat' dir='ltr'><strong>ac</strong></span> <span class='ocrx_word' id='word_1_211' title='bbox 886 2863 1079 2917; x_wconf 89' lang='lat' dir='ltr'><strong>deinde</strong></span> <span class='ocrx_word' id='word_1_212' title='bbox 1120 2863 1481 2917; x_wconf 80' lang='lat' dir='ltr'><strong>commiscens</strong></span> <span class='ocrx_word' id='word_1_213' title='bbox 1522 2863 1667 2917; x_wconf 91' lang='lat' dir='ltr'><strong>mille</strong></span> <span class='ocrx_word' id='word_1_214' title='bbox 1701 2864 1825 2918; x_wconf 91' lang='lat' dir='ltr'><strong>inde</strong></span> <span class='ocrx_word' id='word_1_215' title='bbox 1863 2864 2119 2933; x_wconf 79' lang='lat' dir='ltr'><strong>produxit</strong></span> 
     </span>
    </p>
   </div>
   <div class='ocr_carea' id='block_1_33' title="bbox 542 2953 2117 3023">
    <p class='ocr_par' dir='ltr' id='par_1_33' title="bbox 542 2953 2117 3023">
     <span class='ocr_line' id='line_1_33' title="bbox 542 2953 2117 3023; baseline -0.001 -16"><span class='ocrx_word' id='word_1_216' title='bbox 542 2955 726 3019; x_wconf 89' lang='lat' dir='ltr'><strong>mista,</strong></span> <span class='ocrx_word' id='word_1_217' title='bbox 758 2963 887 3023; x_wconf 90' lang='lat' dir='ltr'><strong>&#39;quo</strong></span> <span class='ocrx_word' id='word_1_218' title='bbox 936 2954 1241 3008; x_wconf 89' lang='lat' dir='ltr'><strong>contrarias</strong></span> <span class='ocrx_word' id='word_1_219' title='bbox 1281 2953 1333 3006; x_wconf 88' lang='lat' dir='ltr'><strong>in</strong></span> <span class='ocrx_word' id='word_1_220' title='bbox 1376 2963 1601 3008; x_wconf 89' lang='lat' dir='ltr'><strong>naturas</strong></span> <span class='ocrx_word' id='word_1_221' title='bbox 1640 2962 1860 3008; x_wconf 66' lang='lat' dir='ltr'><strong>mutatae</strong></span> <span class='ocrx_word' id='word_1_222' title='bbox 1907 2969 1970 3008; x_wconf 91' lang='lat' dir='ltr'><strong>ac</strong></span> <span class='ocrx_word' id='word_1_223' title='bbox 1996 2968 2117 3023; x_wconf 89' lang='lat' dir='ltr'><strong>per-</strong></span> 
     </span>
    </p>
   </div>
   <div class='ocr_carea' id='block_1_34' title="bbox 543 3044 2113 3115">
    <p class='ocr_par' dir='ltr' id='par_1_34' title="bbox 543 3044 2113 3115">
     <span class='ocr_line' id='line_1_34' title="bbox 543 3044 2113 3115; baseline 0.001 -17"><span class='ocrx_word' id='word_1_224' title='bbox 543 3045 720 3099; x_wconf 69' lang='lat' dir='ltr'><strong>mistre</strong></span> <span class='ocrx_word' id='word_1_225' title='bbox 763 3059 852 3098; x_wconf 89' lang='lat' dir='ltr'><strong>res</strong></span> <span class='ocrx_word' id='word_1_226' title='bbox 889 3044 1011 3098; x_wconf 68' lang='lat' dir='ltr'><strong>vita:</strong></span> <span class='ocrx_word' id='word_1_227' title='bbox 1052 3045 1383 3114; x_wconf 89' lang='lat' dir='ltr'><strong>voluptatem</strong></span> <span class='ocrx_word' id='word_1_228' title='bbox 1427 3059 1523 3113; x_wconf 90' lang='lat' dir='ltr'><strong>per</strong></span> <span class='ocrx_word' id='word_1_229' title='bbox 1563 3045 1961 3114; x_wconf 89' lang='lat' dir='ltr'><strong>oppositionem</strong></span> <span class='ocrx_word' id='word_1_230' title='bbox 1988 3059 2113 3115; x_wconf 83' lang='lat' dir='ltr'><strong>pro-</strong></span> 
     </span>
    </p>
   </div>
   <div class='ocr_carea' id='block_1_35' title="bbox 542 3131 2114 3203">
    <p class='ocr_par' dir='ltr' id='par_1_35' title="bbox 542 3131 2114 3203">
     <span class='ocr_line' id='line_1_35' title="bbox 542 3131 2114 3203; baseline -0.001 -15"><span class='ocrx_word' id='word_1_231' title='bbox 542 3142 820 3188; x_wconf 86' lang='lat' dir='ltr'><strong>curarent.</strong></span> <span class='ocrx_word' id='word_1_232' title='bbox 859 3131 980 3203; x_wconf 90' lang='lat' dir='ltr'><strong>Ipse</strong></span> <span class='ocrx_word' id='word_1_233' title='bbox 1020 3132 1186 3187; x_wconf 87' lang='lat' dir='ltr'><strong>etiam</strong></span> <span class='ocrx_word' id='word_1_234' title='bbox 1233 3132 1383 3187; x_wconf 90' lang='lat' dir='ltr'><strong>solus</strong></span> <span class='ocrx_word' id='word_1_235' title='bbox 1416 3131 1647 3201; x_wconf 88' lang='lat' dir='ltr'><strong>populos</strong></span> <span class='ocrx_word' id='word_1_236' title='bbox 1691 3133 2007 3202; x_wconf 79' lang='lat' dir='ltr'><strong>angelorum</strong></span> <span class='ocrx_word' id='word_1_237' title='bbox 2059 3140 2114 3186; x_wconf 92' lang='lat' dir='ltr'><strong>et</strong></span> 
     </span>
    </p>
   </div>
   <div class='ocr_carea' id='block_1_36' title="bbox 542 3223 2112 3297">
    <p class='ocr_par' dir='ltr' id='par_1_36' title="bbox 542 3223 2112 3297">
     <span class='ocr_line' id='line_1_36' title="bbox 542 3223 2112 3297; baseline -0.001 -16"><span class='ocrx_word' id='word_1_238' title='bbox 542 3226 833 3297; x_wconf 89' lang='lat' dir='ltr'><strong>spirituum</strong></span> <span class='ocrx_word' id='word_1_239' title='bbox 860 3234 993 3277; x_wconf 93' lang='lat' dir='ltr'><strong>nutu</strong></span> <span class='ocrx_word' id='word_1_240' title='bbox 1025 3224 1318 3278; x_wconf 85' lang='lat' dir='ltr'><strong>voluntatis</strong></span> <span class='ocrx_word' id='word_1_241' title='bbox 1349 3223 1625 3290; x_wconf 89' lang='lat' dir='ltr'><strong>condidit,</strong></span> <span class='ocrx_word' id='word_1_242' title='bbox 1646 3223 1823 3293; x_wconf 84' lang='lat' dir='ltr'><strong>iisque</strong></span> <span class='ocrx_word' id='word_1_243' title='bbox 1867 3224 2112 3293; x_wconf 87' lang='lat' dir='ltr'><strong>implevit</strong></span> 
     </span>
    </p>
   </div>
   <div class='ocr_carea' id='block_1_37' title="bbox 542 3313 2115 3383">
    <p class='ocr_par' dir='ltr' id='par_1_37' title="bbox 542 3313 2115 3383">
     <span class='ocr_line' id='line_1_37' title="bbox 542 3313 2115 3383; baseline 0.001 -14"><span class='ocrx_word' id='word_1_244' title='bbox 542 3316 714 3370; x_wconf 72' lang='lat' dir='ltr'><strong>cwlos</strong></span> <span class='ocrx_word' id='word_1_245' title='bbox 744 3333 759 3368; x_wconf 92' lang='lat'>:</span> <span class='ocrx_word' id='word_1_246' title='bbox 791 3314 933 3369; x_wconf 90' lang='lat' dir='ltr'><strong>sicut</strong></span> <span class='ocrx_word' id='word_1_247' title='bbox 964 3322 1017 3367; x_wconf 88' lang='lat' dir='ltr'><strong>et</strong></span> <span class='ocrx_word' id='word_1_248' title='bbox 1052 3314 1197 3383; x_wconf 93' lang='lat' dir='ltr'><strong>quod</strong></span> <span class='ocrx_word' id='word_1_249' title='bbox 1240 3313 1488 3368; x_wconf 87' lang='lat' dir='ltr'><strong>videmus</strong></span> <span class='ocrx_word' id='word_1_250' title='bbox 1533 3314 1936 3368; x_wconf 76' lang='lat' dir='ltr'><strong>firmamentum</strong></span> <span class='ocrx_word' id='word_1_251' title='bbox 1984 3331 2115 3370; x_wconf 91' lang='lat' dir='ltr'><strong>con-</strong></span> 
     </span>
    </p>
   </div>
   <div class='ocr_carea' id='block_1_38' title="bbox 542 3401 2117 3477">
    <p class='ocr_par' dir='ltr' id='par_1_38' title="bbox 542 3401 2117 3477">
     <span class='ocr_line' id='line_1_38' title="bbox 542 3401 2117 3477; baseline 0.001 -19"><span class='ocrx_word' id='word_1_252' title='bbox 542 3404 823 3458; x_wconf 89' lang='lat' dir='ltr'><strong>decoravit</strong></span> <span class='ocrx_word' id='word_1_253' title='bbox 849 3402 1041 3468; x_wconf 89' lang='lat' dir='ltr'><strong>stellis,</strong></span> <span class='ocrx_word' id='word_1_254' title='bbox 1062 3403 1263 3471; x_wconf 87' lang='lat' dir='ltr'><strong>quibus</strong></span> <span class='ocrx_word' id='word_1_255' title='bbox 1282 3401 1504 3457; x_wconf 90' lang='lat' dir='ltr'><strong>semitas</strong></span> <span class='ocrx_word' id='word_1_256' title='bbox 1520 3403 1764 3457; x_wconf 89' lang='lat' dir='ltr'><strong>detiuivit</strong></span> <span class='ocrx_word' id='word_1_257' title='bbox 1784 3420 2117 3477; x_wconf 85' lang='lat' dir='ltr'><strong>cursumque</strong></span> 
     </span>
    </p>
   </div>
   <div class='ocr_carea' id='block_1_39' title="bbox 542 3492 2114 3565">
    <p class='ocr_par' dir='ltr' id='par_1_39' title="bbox 542 3492 2114 3565">
     <span class='ocr_line' id='line_1_39' title="bbox 542 3492 2114 3565; baseline 0.001 -15"><span class='ocrx_word' id='word_1_258' title='bbox 542 3494 821 3550; x_wconf 87' lang='lat' dir='ltr'><strong>ordinavit</strong></span> <span class='ocrx_word' id='word_1_259' title='bbox 852 3511 865 3546; x_wconf 92' lang='lat'><strong>:</strong></span> <span class='ocrx_word' id='word_1_260' title='bbox 891 3502 1124 3559; x_wconf 89' lang='lat' dir='ltr'><strong>terram,</strong></span> <span class='ocrx_word' id='word_1_261' title='bbox 1161 3502 1383 3563; x_wconf 88' lang='lat' dir='ltr'><strong>propter</strong></span> <span class='ocrx_word' id='word_1_262' title='bbox 1429 3492 1644 3563; x_wconf 83' lang='lat' dir='ltr'><strong>frugum</strong></span> <span class='ocrx_word' id='word_1_263' title='bbox 1698 3494 2114 3565; x_wconf 88' lang='lat' dir='ltr'><strong>incrementum,</strong></span> 
     </span>
    </p>
   </div>
   <div class='ocr_carea' id='block_1_40' title="bbox 544 3582 2114 3655">
    <p class='ocr_par' dir='ltr' id='par_1_40' title="bbox 544 3582 2114 3655">
     <span class='ocr_line' id='line_1_40' title="bbox 544 3582 2114 3655; baseline -0.001 -13"><span class='ocrx_word' id='word_1_264' title='bbox 544 3584 850 3655; x_wconf 82' lang='lat' dir='ltr'><strong>compegit:</strong></span> <span class='ocrx_word' id='word_1_265' title='bbox 880 3599 1029 3637; x_wconf 91' lang='lat' dir='ltr'><strong>mare</strong></span> <span class='ocrx_word' id='word_1_266' title='bbox 1072 3593 1254 3638; x_wconf 87' lang='lat' dir='ltr'><strong>autem</strong></span> <span class='ocrx_word' id='word_1_267' title='bbox 1284 3582 1588 3649; x_wconf 75' lang='lat' dir='ltr'><strong>conclusit,</strong></span> <span class='ocrx_word' id='word_1_268' title='bbox 1639 3583 2025 3640; x_wconf 89' lang='lat' dir='ltr'><strong>habitationem</strong></span> <span class='ocrx_word' id='word_1_269' title='bbox 2061 3587 2114 3641; x_wconf 90' lang='lat' dir='ltr'><strong>in</strong></span> 
     </span>
    </p>
   </div>
   <div class='ocr_carea' id='block_1_41' title="bbox 544 3675 2117 3745">
    <p class='ocr_par' dir='ltr' id='par_1_41' title="bbox 544 3675 2117 3745">
     <span class='ocr_line' id='line_1_41' title="bbox 544 3675 2117 3745; baseline 0.001 -13"><span class='ocrx_word' id='word_1_270' title='bbox 544 3677 709 3733; x_wconf 91' lang='lat' dir='ltr'><strong>siccis</strong></span> <span class='ocrx_word' id='word_1_271' title='bbox 759 3675 896 3730; x_wconf 89' lang='lat' dir='ltr'><strong>locis</strong></span> <span class='ocrx_word' id='word_1_272' title='bbox 946 3675 1286 3729; x_wconf 86' lang='lat' dir='ltr'><strong>secernendo</strong></span> <span class='ocrx_word' id='word_1_273' title='bbox 1320 3692 1332 3728; x_wconf 94' lang='lat'>:</span> <span class='ocrx_word' id='word_1_274' title='bbox 1366 3689 1489 3743; x_wconf 70' lang='lat' dir='ltr'><strong>quae</strong></span> <span class='ocrx_word' id='word_1_275' title='bbox 1540 3676 1680 3745; x_wconf 92' lang='lat' dir='ltr'><strong>apud</strong></span> <span class='ocrx_word' id='word_1_276' title='bbox 1735 3676 1941 3733; x_wconf 84' lang='lat' dir='ltr'><strong>inferos</strong></span> <span class='ocrx_word' id='word_1_277' title='bbox 1989 3688 2117 3734; x_wconf 89' lang='lat' dir='ltr'><strong>sunt</strong></span> 
     </span>
    </p>
   </div>
   <div class='ocr_carea' id='block_1_42' title="bbox 545 3766 2116 3838">
    <p class='ocr_par' dir='ltr' id='par_1_42' title="bbox 545 3766 2116 3838">
     <span class='ocr_line' id='line_1_42' title="bbox 545 3766 2116 3838; baseline 0.001 -14"><span class='ocrx_word' id='word_1_278' title='bbox 545 3767 880 3832; x_wconf 88' lang='lat' dir='ltr'><strong>recondidit,</strong></span> <span class='ocrx_word' id='word_1_279' title='bbox 926 3766 1232 3820; x_wconf 89' lang='lat' dir='ltr'><strong>animarum</strong></span> <span class='ocrx_word' id='word_1_280' title='bbox 1281 3766 1463 3821; x_wconf 92' lang='lat' dir='ltr'><strong>locum</strong></span> <span class='ocrx_word' id='word_1_281' title='bbox 1508 3783 1860 3838; x_wconf 87' lang='lat' dir='ltr'><strong>nuncupans;</strong></span> <span class='ocrx_word' id='word_1_282' title='bbox 1920 3779 2116 3826; x_wconf 87' lang='lat' dir='ltr'><strong>cuncta</strong></span> 
     </span>
    </p>
   </div>
   <div class='ocr_carea' id='block_1_43' title="bbox 545 3858 2115 3930">
    <p class='ocr_par' dir='ltr' id='par_1_43' title="bbox 545 3858 2115 3930">
     <span class='ocr_line' id='line_1_43' title="bbox 545 3858 2115 3930; baseline 0.002 -15"><span class='ocrx_word' id='word_1_283' title='bbox 545 3876 675 3915; x_wconf 81' lang='lat' dir='ltr'><strong>vero</strong></span> <span class='ocrx_word' id='word_1_284' title='bbox 706 3859 930 3929; x_wconf 85' lang='lat' dir='ltr'><strong>replevit</strong></span> <span class='ocrx_word' id='word_1_285' title='bbox 957 3874 1107 3925; x_wconf 90' lang='lat' dir='ltr'><strong>aere,</strong></span> <span class='ocrx_word' id='word_1_286' title='bbox 1134 3866 1194 3912; x_wconf 92' lang='lat' dir='ltr'><strong>ut</strong></span> <span class='ocrx_word' id='word_1_287' title='bbox 1215 3859 1398 3912; x_wconf 90' lang='lat' dir='ltr'><strong>omnia</strong></span> <span class='ocrx_word' id='word_1_288' title='bbox 1422 3858 1677 3913; x_wconf 87' lang='lat' dir='ltr'><strong>animalia</strong></span> <span class='ocrx_word' id='word_1_289' title='bbox 1702 3861 2115 3930; x_wconf 87' lang='lat' dir='ltr'><strong>respirationem</strong></span> 
     </span>
    </p>
   </div>
   <div class='ocr_carea' id='block_1_44' title="bbox 546 3941 1630 4007">
    <p class='ocr_par' dir='ltr' id='par_1_44' title="bbox 546 3941 1630 4007">
     <span class='ocr_line' id='line_1_44' title="bbox 546 3941 1630 4007; baseline -0.004 0"><span class='ocrx_word' id='word_1_290' title='bbox 546 3952 671 4007; x_wconf 57' lang='lat' dir='ltr'><strong>vitae</strong></span> <span class='ocrx_word' id='word_1_291' title='bbox 695 3950 1060 4005; x_wconf 87' lang='lat' dir='ltr'><strong>necessariam</strong></span> <span class='ocrx_word' id='word_1_292' title='bbox 1091 3949 1356 4004; x_wconf 87' lang='lat' dir='ltr'><strong>baberent</strong></span> <span class='ocrx_word' id='word_1_293' title='bbox 1384 3941 1630 4003; x_wconf 85' lang='lat' dir='ltr'><strong>liberam.</strong></span> 
     </span>
    </p>
   </div>
   <div class='ocr_carea' id='block_1_45' title="bbox 614 4058 2114 4129">
    <p class='ocr_par' dir='ltr' id='par_1_45' title="bbox 614 4058 2114 4129">
     <span class='ocr_line' id='line_1_45' title="bbox 614 4058 2114 4129; baseline 0.001 -15"><span class='ocrx_word' id='word_1_294' title='bbox 614 4058 856 4115; x_wconf 80' lang='lat' dir='ltr'><strong>XXXIV.</strong></span> <span class='ocrx_word' id='word_1_295' title='bbox 886 4058 932 4115; x_wconf 92' lang='grc' dir='ltr'><strong>Ο</strong></span> <span class='ocrx_word' id='word_1_296' title='bbox 978 4074 1232 4129; x_wconf 80' lang='lat' dir='ltr'><strong>magnam</strong></span> <span class='ocrx_word' id='word_1_297' title='bbox 1282 4058 1378 4112; x_wconf 90' lang='lat' dir='ltr'><strong>Dei</strong></span> <span class='ocrx_word' id='word_1_298' title='bbox 1407 4072 1471 4113; x_wconf 87' lang='lat' dir='ltr'><strong>ac</strong></span> <span class='ocrx_word' id='word_1_299' title='bbox 1516 4059 1834 4127; x_wconf 87' lang='lat' dir='ltr'><strong>prudentem</strong></span> <span class='ocrx_word' id='word_1_300' title='bbox 1870 4075 2114 4128; x_wconf 89' lang='lat' dir='ltr'><strong>manum,</strong></span> 
     </span>
    </p>
   </div>
   <div class='ocr_carea' id='block_1_46' title="bbox 547 4148 2119 4222">
    <p class='ocr_par' dir='ltr' id='par_1_46' title="bbox 547 4148 2119 4222">
     <span class='ocr_line' id='line_1_46' title="bbox 547 4148 2119 4222; baseline 0 -14"><span class='ocrx_word' id='word_1_301' title='bbox 547 4153 602 4208; x_wconf 91' lang='lat' dir='ltr'><strong>in</strong></span> <span class='ocrx_word' id='word_1_302' title='bbox 638 4153 896 4208; x_wconf 89' lang='lat' dir='ltr'><strong>omnibus</strong></span> <span class='ocrx_word' id='word_1_303' title='bbox 927 4151 1113 4207; x_wconf 91' lang='lat' dir='ltr'><strong>omnia</strong></span> <span class='ocrx_word' id='word_1_304' title='bbox 1144 4149 1467 4205; x_wconf 85' lang='lat' dir='ltr'><strong>facientem!</strong></span> <span class='ocrx_word' id='word_1_305' title='bbox 1501 4148 1719 4205; x_wconf 80' lang='lat' dir='ltr'><strong>Inﬁnita</strong></span> <span class='ocrx_word' id='word_1_306' title='bbox 1744 4151 1945 4222; x_wconf 91' lang='lat' dir='ltr'><strong>quippe</strong></span> <span class='ocrx_word' id='word_1_307' title='bbox 1976 4154 2119 4209; x_wconf 90' lang='lat' dir='ltr'><strong>vola-</strong></span> 
     </span>
    </p>
   </div>
   <div class='ocr_carea' id='block_1_47' title="bbox 434 4241 2115 4313">
    <p class='ocr_par' dir='ltr' id='par_1_47' title="bbox 434 4241 2115 4313">
     <span class='ocr_line' id='line_1_47' title="bbox 434 4241 2115 4313; baseline 0.001 -15"><span class='ocrx_word' id='word_1_308' title='bbox 434 4250 439 4253; x_wconf 83' lang='lat'><strong><em>&#39;</em></strong></span> <span class='ocrx_word' id='word_1_309' title='bbox 547 4245 723 4299; x_wconf 92' lang='lat' dir='ltr'><strong>tilium</strong></span> <span class='ocrx_word' id='word_1_310' title='bbox 750 4242 1041 4297; x_wconf 88' lang='lat' dir='ltr'><strong>multitudo</strong></span> <span class='ocrx_word' id='word_1_311' title='bbox 1072 4256 1169 4312; x_wconf 88' lang='lat' dir='ltr'><strong>per</strong></span> <span class='ocrx_word' id='word_1_312' title='bbox 1209 4256 1335 4295; x_wconf 91' lang='lat' dir='ltr'><strong>eum</strong></span> <span class='ocrx_word' id='word_1_313' title='bbox 1383 4241 1613 4308; x_wconf 82' lang='lat' dir='ltr'><strong>exstitit,</strong></span> <span class='ocrx_word' id='word_1_314' title='bbox 1662 4241 1907 4313; x_wconf 86' lang='lat' dir='ltr'><strong>adeoque</strong></span> <span class='ocrx_word' id='word_1_315' title='bbox 1942 4245 2115 4312; x_wconf 87' lang='lat' dir='ltr'><strong>varia,</strong></span> 
     </span>
    </p>
   </div>
   <div class='ocr_carea' id='block_1_48' title="bbox 547 4332 2109 4406">
    <p class='ocr_par' dir='ltr' id='par_1_48' title="bbox 547 4332 2109 4406">
     <span class='ocr_line' id='line_1_48' title="bbox 547 4332 2109 4406; baseline 0.001 -16"><span class='ocrx_word' id='word_1_316' title='bbox 547 4344 798 4406; x_wconf 90' lang='lat' dir='ltr'><strong>respectu</strong></span> <span class='ocrx_word' id='word_1_317' title='bbox 824 4334 1047 4389; x_wconf 87' lang='lat' dir='ltr'><strong>alterius</strong></span> <span class='ocrx_word' id='word_1_318' title='bbox 1073 4332 1297 4387; x_wconf 91' lang='lat' dir='ltr'><strong>omnino</strong></span> <span class='ocrx_word' id='word_1_319' title='bbox 1328 4332 1563 4397; x_wconf 90' lang='lat' dir='ltr'><strong>diversa,</strong></span> <span class='ocrx_word' id='word_1_320' title='bbox 1590 4333 1713 4387; x_wconf 88' lang='lat' dir='ltr'><strong>dico</strong></span> <span class='ocrx_word' id='word_1_321' title='bbox 1742 4343 1922 4389; x_wconf 89' lang='lat' dir='ltr'><strong>autem</strong></span> <span class='ocrx_word' id='word_1_322' title='bbox 1960 4337 2109 4391; x_wconf 89' lang='lat' dir='ltr'><strong>colo-</strong></span> 
     </span>
    </p>
   </div>
   <div class='ocr_carea' id='block_1_49' title="bbox 2210 488 3791 567">
    <p class='ocr_par' dir='ltr' id='par_1_49' title="bbox 2210 488 3791 567">
     <span class='ocr_line' id='line_1_49' title="bbox 2210 488 3791 567; baseline 0.001 -21"><span class='ocrx_word' id='word_1_323' title='bbox 2210 494 2365 546; x_wconf 79' lang='grc' dir='ltr'>ἒσται</span> <span class='ocrx_word' id='word_1_324' title='bbox 2386 496 2459 564; x_wconf 74' lang='grc' dir='ltr'>γῇ</span> <span class='ocrx_word' id='word_1_325' title='bbox 2480 493 2526 524; x_wconf 79' lang='grc'><strong>⁸⁸</strong></span> <span class='ocrx_word' id='word_1_326' title='bbox 2544 493 2790 563; x_wconf 84' lang='grc' dir='ltr'><strong>Σοδόμων</strong></span> <span class='ocrx_word' id='word_1_327' title='bbox 2808 495 2901 546; x_wconf 75' lang='grc' dir='ltr'>καὶ</span> <span class='ocrx_word' id='word_1_328' title='bbox 2929 495 3210 567; x_wconf 78' lang='grc' dir='ltr'>Γομόρρας</span> <span class='ocrx_word' id='word_1_329' title='bbox 3239 497 3297 547; x_wconf 92' lang='grc' dir='ltr'><strong>ἐν</strong></span> <span class='ocrx_word' id='word_1_330' title='bbox 3323 495 3505 566; x_wconf 64' lang='grc' dir='ltr'>ἡμέρᾳ</span> <span class='ocrx_word' id='word_1_331' title='bbox 3530 488 3791 566; x_wconf 66' lang='grc' dir='ltr'>κρίσεως,</span> 
     </span>
    </p>
   </div>
   <div class='ocr_carea' id='block_1_50' title="bbox 2210 584 3792 660">
    <p class='ocr_par' dir='ltr' id='par_1_50' title="bbox 2210 584 3792 660">
     <span class='ocr_line' id='line_1_50' title="bbox 2210 584 3792 660; baseline 0.003 -23"><span class='ocrx_word' id='word_1_332' title='bbox 2210 585 2243 657; x_wconf 74' lang='grc' dir='ltr'><strong>ἢ</strong></span> <span class='ocrx_word' id='word_1_333' title='bbox 2278 585 2356 656; x_wconf 83' lang='grc' dir='ltr'>τῷ</span> <span class='ocrx_word' id='word_1_334' title='bbox 2382 586 2481 656; x_wconf 77' lang='grc' dir='ltr'><strong>τῆς</strong></span> <span class='ocrx_word' id='word_1_335' title='bbox 2512 584 2791 648; x_wconf 83' lang='grc' dir='ltr'><strong>ἀπειθείας</strong></span> <span class='ocrx_word' id='word_1_336' title='bbox 2823 586 2971 657; x_wconf 83' lang='grc' dir='ltr'><strong>τόπῳ</strong></span> <span class='ocrx_word' id='word_1_337' title='bbox 3014 588 3351 641; x_wconf 84' lang='grc' dir='ltr'>ὲνδιατελεῖν·</span> <span class='ocrx_word' id='word_1_338' title='bbox 3403 590 3624 660; x_wconf 84' lang='grc' dir='ltr'>πρῶτον</span> <span class='ocrx_word' id='word_1_339' title='bbox 3668 592 3792 659; x_wconf 73' lang='grc' dir='ltr'>μὲν,</span> 
     </span>
    </p>
   </div>
   <div class='ocr_carea' id='block_1_51' title="bbox 2210 675 3794 753">
    <p class='ocr_par' dir='ltr' id='par_1_51' title="bbox 2210 675 3794 753">
     <span class='ocr_line' id='line_1_51' title="bbox 2210 675 3794 753; baseline 0.005 -26"><span class='ocrx_word' id='word_1_340' title='bbox 2210 676 2291 729; x_wconf 83' lang='grc' dir='ltr'><strong>ὅτι</strong></span> <span class='ocrx_word' id='word_1_341' title='bbox 2314 677 2374 729; x_wconf 97' lang='lat' dir='ltr'><strong>rb</strong></span> <span class='ocrx_word' id='word_1_342' title='bbox 2401 675 2618 743; x_wconf 82' lang='grc' dir='ltr'>εὔλογον</span> <span class='ocrx_word' id='word_1_343' title='bbox 2638 676 2730 747; x_wconf 80' lang='grc' dir='ltr'><strong>ἀφ’</strong></span> <span class='ocrx_word' id='word_1_344' title='bbox 2759 677 2965 731; x_wconf 77' lang='grc' dir='ltr'><strong>ἑαυτῶν</strong></span> <span class='ocrx_word' id='word_1_345' title='bbox 2980 677 3087 750; x_wconf 84' lang='grc'>(66)</span> <span class='ocrx_word' id='word_1_346' title='bbox 3100 680 3198 732; x_wconf 86' lang='grc' dir='ltr'><strong>οὑκ</strong></span> <span class='ocrx_word' id='word_1_347' title='bbox 3218 680 3493 751; x_wconf 87' lang='grc' dir='ltr'>ἐνοήσατε·</span> <span class='ocrx_word' id='word_1_348' title='bbox 3513 681 3794 753; x_wconf 86' lang='grc' dir='ltr'>δεύτερον,</span> 
     </span>
    </p>
   </div>
   <div class='ocr_carea' id='block_1_52' title="bbox 2210 767 3792 843">
    <p class='ocr_par' dir='ltr' id='par_1_52' title="bbox 2210 767 3792 843">
     <span class='ocr_line' id='line_1_52' title="bbox 2210 767 3792 843; baseline 0.004 -24"><span class='ocrx_word' id='word_1_349' title='bbox 2210 768 2313 832; x_wconf 82' lang='grc' dir='ltr'>ὃτι,</span> <span class='ocrx_word' id='word_1_350' title='bbox 2345 767 2672 832; x_wconf 88' lang='grc' dir='ltr'>ἀκούσαντες</span> <span class='ocrx_word' id='word_1_351' title='bbox 2696 767 2763 821; x_wconf 85' lang='grc' dir='ltr'><strong>τά</strong></span> <span class='ocrx_word' id='word_1_352' title='bbox 2787 768 2907 821; x_wconf 77' lang='grc' dir='ltr'>καθ’</span> <span class='ocrx_word' id='word_1_353' title='bbox 2932 770 3079 839; x_wconf 73' lang='grc' dir='ltr'>ἡμᾶς</span> <span class='ocrx_word' id='word_1_354' title='bbox 3115 771 3216 822; x_wconf 85' lang='grc' dir='ltr'><strong>οὑκ</strong></span> <span class='ocrx_word' id='word_1_355' title='bbox 3252 769 3440 841; x_wconf 68' lang='grc' dir='ltr'>ἤλθετε</span> <span class='ocrx_word' id='word_1_356' title='bbox 3459 771 3601 842; x_wconf 79' lang='grc' dir='ltr'>πρὸς</span> <span class='ocrx_word' id='word_1_357' title='bbox 3621 774 3792 843; x_wconf 73' lang='grc' dir='ltr'>ἡμᾶς·</span> 
     </span>
    </p>
   </div>
   <div class='ocr_carea' id='block_1_53' title="bbox 2210 859 3799 937">
    <p class='ocr_par' dir='ltr' id='par_1_53' title="bbox 2210 859 3799 937">
     <span class='ocr_line' id='line_1_53' title="bbox 2210 859 3799 937; baseline 0.004 -27"><span class='ocrx_word' id='word_1_358' title='bbox 2210 859 2411 931; x_wconf 86' lang='grc' dir='ltr'>τρίτον,</span> <span class='ocrx_word' id='word_1_359' title='bbox 2436 860 2515 912; x_wconf 84' lang='grc' dir='ltr'>ὅτι</span> <span class='ocrx_word' id='word_1_360' title='bbox 2543 860 2635 914; x_wconf 72' lang='grc' dir='ltr'>καὶ</span> <span class='ocrx_word' id='word_1_361' title='bbox 2650 859 2892 913; x_wconf 79' lang='grc' dir='ltr'><strong>ἐλθοῦσιν</strong></span> <span class='ocrx_word' id='word_1_362' title='bbox 2914 861 3044 931; x_wconf 74' lang='grc' dir='ltr'>ἡμῖν</span> <span class='ocrx_word' id='word_1_363' title='bbox 3080 862 3433 932; x_wconf 78' lang='grc' dir='ltr'><strong>ἠπειθήσατε.</strong></span> <span class='ocrx_word' id='word_1_364' title='bbox 3469 862 3561 937; x_wconf 66' lang='lat' dir='ltr'><strong>Ajb</strong></span> <span class='ocrx_word' id='word_1_365' title='bbox 3590 864 3637 895; x_wconf 79' lang='grc'><strong>⁸⁷</strong></span> <span class='ocrx_word' id='word_1_366' title='bbox 3675 881 3799 932; x_wconf 74' lang='grc' dir='ltr'>φει-</span> 
     </span>
    </p>
   </div>
   <div class='ocr_carea' id='block_1_54' title="bbox 2210 951 3799 1026">
    <p class='ocr_par' dir='ltr' id='par_1_54' title="bbox 2210 951 3799 1026">
     <span class='ocr_line' id='line_1_54' title="bbox 2210 951 3799 1026; baseline 0.003 -23"><span class='ocrx_word' id='word_1_367' title='bbox 2210 951 2422 1022; x_wconf 82' lang='grc' dir='ltr'>δόμενοι</span> <span class='ocrx_word' id='word_1_368' title='bbox 2470 951 2624 1022; x_wconf 90' lang='grc' dir='ltr'>ὑμῶν</span> <span class='ocrx_word' id='word_1_369' title='bbox 2659 955 2859 1022; x_wconf 80' lang='grc' dir='ltr'>προῖκα</span> <span class='ocrx_word' id='word_1_370' title='bbox 2886 952 3155 1022; x_wconf 79' lang='grc' dir='ltr'>εὐχόμεθα</span> <span class='ocrx_word' id='word_1_371' title='bbox 3188 954 3233 984; x_wconf 80' lang='grc'>⁸⁸</span> <span class='ocrx_word' id='word_1_372' title='bbox 3255 955 3351 1025; x_wconf 82' lang='grc' dir='ltr'><strong>τὴν</strong></span> <span class='ocrx_word' id='word_1_373' title='bbox 3380 955 3608 1026; x_wconf 73' lang='grc' dir='ltr'>εἰρήνην</span> <span class='ocrx_word' id='word_1_374' title='bbox 3637 957 3799 1025; x_wconf 74' lang='grc' dir='ltr'>ἡμῶν</span> 
     </span>
    </p>
   </div>
   <div class='ocr_carea' id='block_1_55' title="bbox 2212 1040 3801 1115">
    <p class='ocr_par' dir='ltr' id='par_1_55' title="bbox 2212 1040 3801 1115">
     <span class='ocr_line' id='line_1_55' title="bbox 2212 1040 3801 1115; baseline 0.002 -20"><span class='ocrx_word' id='word_1_375' title='bbox 2212 1043 2382 1095; x_wconf 87' lang='grc' dir='ltr'>ἐλθεῖν</span> <span class='ocrx_word' id='word_1_376' title='bbox 2436 1043 2521 1112; x_wconf 79' lang='grc' dir='ltr'><strong>ἐφ’</strong></span> <span class='ocrx_word' id='word_1_377' title='bbox 2562 1044 2723 1114; x_wconf 83' lang='grc' dir='ltr'>ὑμᾶς.</span> <span class='ocrx_word' id='word_1_378' title='bbox 2766 1045 2827 1096; x_wconf 79' lang='lat' dir='ltr'><strong>El</strong></span> <span class='ocrx_word' id='word_1_379' title='bbox 2885 1040 2977 1097; x_wconf 78' lang='grc' dir='ltr'><strong>οὖν</strong></span> <span class='ocrx_word' id='word_1_380' title='bbox 3026 1044 3227 1115; x_wconf 92' lang='grc' dir='ltr'>ταύτην</span> <span class='ocrx_word' id='word_1_381' title='bbox 3273 1044 3414 1115; x_wconf 75' lang='grc' dir='ltr'>ἔχειν</span> <span class='ocrx_word' id='word_1_382' title='bbox 3456 1045 3673 1109; x_wconf 88' lang='grc' dir='ltr'>θέλετε,</span> <span class='ocrx_word' id='word_1_383' title='bbox 3716 1046 3801 1098; x_wconf 80' lang='grc' dir='ltr'><strong>δεῖ</strong></span> 
     </span>
    </p>
   </div>
   <div class='ocr_carea' id='block_1_56' title="bbox 2213 1134 3799 1207">
    <p class='ocr_par' dir='ltr' id='par_1_56' title="bbox 2213 1134 3799 1207">
     <span class='ocr_line' id='line_1_56' title="bbox 2213 1134 3799 1207; baseline 0.002 -20"><span class='ocrx_word' id='word_1_384' title='bbox 2213 1136 2355 1205; x_wconf 78' lang='grc' dir='ltr'>ὑμᾶς</span> <span class='ocrx_word' id='word_1_385' title='bbox 2383 1134 2675 1206; x_wconf 84' lang='grc' dir='ltr'>προθύμως</span> <span class='ocrx_word' id='word_1_386' title='bbox 2702 1135 2763 1188; x_wconf 86' lang='grc' dir='ltr'><strong>τὸ</strong></span> <span class='ocrx_word' id='word_1_387' title='bbox 2801 1136 2874 1207; x_wconf 87' lang='grc' dir='ltr'>μὴ</span> <span class='ocrx_word' id='word_1_388' title='bbox 2905 1135 3107 1190; x_wconf 84' lang='grc' dir='ltr'><strong>ἀδικεῖν</strong></span> <span class='ocrx_word' id='word_1_389' title='bbox 3156 1136 3541 1201; x_wconf 79' lang='grc' dir='ltr'>ἀναδέξασθαι,</span> <span class='ocrx_word' id='word_1_390' title='bbox 3592 1138 3689 1190; x_wconf 73' lang='grc' dir='ltr'>καὶ</span> <span class='ocrx_word' id='word_1_391' title='bbox 3736 1138 3799 1190; x_wconf 85' lang='lat' dir='ltr'><strong>rb</strong></span> 
     </span>
    </p>
   </div>
   <div class='ocr_carea' id='block_1_57' title="bbox 2211 1226 3799 1300">
    <p class='ocr_par' dir='ltr' id='par_1_57' title="bbox 2211 1226 3799 1300">
     <span class='ocr_line' id='line_1_57' title="bbox 2211 1226 3799 1300; baseline 0.002 -22"><span class='ocrx_word' id='word_1_392' title='bbox 2211 1226 2509 1279; x_wconf 83' lang='grc' dir='ltr'>ἀδικεῖσθαι</span> <span class='ocrx_word' id='word_1_393' title='bbox 2564 1227 2826 1295; x_wconf 80' lang='grc' dir='ltr'><strong>γενναίως</strong></span> <span class='ocrx_word' id='word_1_394' title='bbox 2868 1228 3072 1298; x_wconf 77' lang='grc' dir='ltr'>φέρειν,</span> <span class='ocrx_word' id='word_1_395' title='bbox 3124 1228 3259 1300; x_wconf 79' lang='grc' dir='ltr'>ὅπερ</span> <span class='ocrx_word' id='word_1_396' title='bbox 3299 1228 3587 1300; x_wconf 86' lang='grc' dir='ltr'>ἀνθρώπου</span> <span class='ocrx_word' id='word_1_397' title='bbox 3636 1230 3799 1298; x_wconf 70' lang='grc' dir='ltr'>φύσις</span> 
     </span>
    </p>
   </div>
   <div class='ocr_carea' id='block_1_58' title="bbox 2211 1318 3796 1393">
    <p class='ocr_par' dir='ltr' id='par_1_58' title="bbox 2211 1318 3796 1393">
     <span class='ocr_line' id='line_1_58' title="bbox 2211 1318 3796 1393; baseline 0.003 -22"><span class='ocrx_word' id='word_1_398' title='bbox 2211 1319 2311 1372; x_wconf 88' lang='grc' dir='ltr'><strong>οὑκ</strong></span> <span class='ocrx_word' id='word_1_399' title='bbox 2354 1318 2420 1372; x_wconf 80' lang='grc' dir='ltr'>ἂν</span> <span class='ocrx_word' id='word_1_400' title='bbox 2441 1319 2704 1390; x_wconf 82' lang='grc' dir='ltr'><strong>ὑποσταίη</strong></span> <span class='ocrx_word' id='word_1_401' title='bbox 2735 1320 2799 1382; x_wconf 82' lang='grc'><strong>⁸⁷,</strong></span> <span class='ocrx_word' id='word_1_402' title='bbox 2823 1319 2916 1371; x_wconf 82' lang='grc' dir='ltr'>ἐάν</span> <span class='ocrx_word' id='word_1_403' title='bbox 2950 1320 3022 1390; x_wconf 78' lang='grc' dir='ltr'>μὴ</span> <span class='ocrx_word' id='word_1_404' title='bbox 3054 1319 3315 1391; x_wconf 86' lang='grc' dir='ltr'>πρότερον</span> <span class='ocrx_word' id='word_1_405' title='bbox 3340 1321 3432 1373; x_wconf 83' lang='grc' dir='ltr'>τοῦ</span> <span class='ocrx_word' id='word_1_406' title='bbox 3464 1322 3523 1373; x_wconf 88' lang='grc' dir='ltr'><strong>ἐν</strong></span> <span class='ocrx_word' id='word_1_407' title='bbox 3544 1323 3796 1393; x_wconf 78' lang='grc' dir='ltr'>ὑπεροχῇ</span> 
     </span>
    </p>
   </div>
   <div class='ocr_carea' id='block_1_59' title="bbox 2214 1409 3800 1483">
    <p class='ocr_par' dir='ltr' id='par_1_59' title="bbox 2214 1409 3800 1483">
     <span class='ocr_line' id='line_1_59' title="bbox 2214 1409 3800 1483; baseline 0.001 -22"><span class='ocrx_word' id='word_1_408' title='bbox 2214 1410 2580 1480; x_wconf 77' lang='grc' dir='ltr'><strong>συμφέροντος</strong></span> <span class='ocrx_word' id='word_1_409' title='bbox 2598 1411 2695 1480; x_wconf 79' lang='grc' dir='ltr'>τὴν</span> <span class='ocrx_word' id='word_1_410' title='bbox 2724 1410 2922 1476; x_wconf 87' lang='grc' dir='ltr'>γνῶσιν</span> <span class='ocrx_word' id='word_1_411' title='bbox 2951 1409 3110 1481; x_wconf 78' lang='grc' dir='ltr'>λάϐῃ,</span> <span class='ocrx_word' id='word_1_412' title='bbox 3141 1410 3277 1483; x_wconf 85' lang='grc' dir='ltr'>ὅπερ</span> <span class='ocrx_word' id='word_1_413' title='bbox 3317 1412 3461 1463; x_wconf 76' lang='grc' dir='ltr'>ἐστὶν</span> <span class='ocrx_word' id='word_1_414' title='bbox 3489 1411 3551 1463; x_wconf 89' lang='lat' dir='ltr'><strong>rb</strong></span> <span class='ocrx_word' id='word_1_415' title='bbox 3593 1412 3800 1463; x_wconf 77' lang='grc' dir='ltr'>εἰδέναι</span> 
     </span>
    </p>
   </div>
   <div class='ocr_carea' id='block_1_60' title="bbox 2212 1501 3801 1573">
    <p class='ocr_par' dir='ltr' id='par_1_60' title="bbox 2212 1501 3801 1573">
     <span class='ocr_line' id='line_1_60' title="bbox 2212 1501 3801 1573; baseline 0.003 -20"><span class='ocrx_word' id='word_1_416' title='bbox 2212 1501 2305 1553; x_wconf 81' lang='grc' dir='ltr'>τοῦ</span> <span class='ocrx_word' id='word_1_417' title='bbox 2341 1502 2517 1555; x_wconf 89' lang='grc' dir='ltr'>πάντα</span> <span class='ocrx_word' id='word_1_418' title='bbox 2550 1502 2909 1572; x_wconf 79' lang='grc' dir='ltr'>ὑπερέχοντος</span> <span class='ocrx_word' id='word_1_419' title='bbox 2939 1502 3037 1573; x_wconf 79' lang='grc' dir='ltr'>τὴν</span> <span class='ocrx_word' id='word_1_420' title='bbox 3082 1503 3297 1555; x_wconf 86' lang='grc' dir='ltr'>δικαίαν</span> <span class='ocrx_word' id='word_1_421' title='bbox 3335 1504 3513 1572; x_wconf 77' lang='grc' dir='ltr'>φύσιν,</span> <span class='ocrx_word' id='word_1_422' title='bbox 3554 1504 3643 1557; x_wconf 83' lang='grc' dir='ltr'>ὅτι</span> <span class='ocrx_word' id='word_1_423' title='bbox 3682 1504 3801 1557; x_wconf 83' lang='grc' dir='ltr'>ἀδι-</span> 
     </span>
    </p>
   </div>
   <div class='ocr_carea' id='block_1_61' title="bbox 2214 1591 3801 1664">
    <p class='ocr_par' dir='ltr' id='par_1_61' title="bbox 2214 1591 3801 1664">
     <span class='ocr_line' id='line_1_61' title="bbox 2214 1591 3801 1664; baseline 0.003 -21"><span class='ocrx_word' id='word_1_424' title='bbox 2214 1592 2507 1661; x_wconf 87' lang='grc' dir='ltr'>κουμένους</span> <span class='ocrx_word' id='word_1_425' title='bbox 2530 1592 2757 1645; x_wconf 86' lang='grc' dir='ltr'>ἐκδικῶν</span> <span class='ocrx_word' id='word_1_426' title='bbox 2795 1592 2842 1623; x_wconf 79' lang='grc' dir='ltr'><strong>⁷ο</strong></span> <span class='ocrx_word' id='word_1_427' title='bbox 2869 1593 3118 1664; x_wconf 85' lang='grc' dir='ltr'>τιμωρεῖ,</span> <span class='ocrx_word' id='word_1_428' title='bbox 3160 1591 3252 1645; x_wconf 76' lang='grc' dir='ltr'>καὶ</span> <span class='ocrx_word' id='word_1_429' title='bbox 3285 1594 3409 1655; x_wconf 83' lang='grc' dir='ltr'>τοὺς</span> <span class='ocrx_word' id='word_1_430' title='bbox 3433 1593 3801 1657; x_wconf 79' lang='grc' dir='ltr'>εὑσεὸοῦντας</span> 
     </span>
    </p>
   </div>
   <div class='ocr_carea' id='block_1_62' title="bbox 2215 1682 2734 1755">
    <p class='ocr_par' dir='ltr' id='par_1_62' title="bbox 2215 1682 2734 1755">
     <span class='ocr_line' id='line_1_62' title="bbox 2215 1682 2734 1755; baseline 0.004 -22"><span class='ocrx_word' id='word_1_431' title='bbox 2215 1682 2294 1746; x_wconf 87' lang='grc' dir='ltr'><strong>είς</strong></span> <span class='ocrx_word' id='word_1_432' title='bbox 2320 1683 2407 1736; x_wconf 79' lang='grc' dir='ltr'><strong>ἀεὶ</strong></span> <span class='ocrx_word' id='word_1_433' title='bbox 2440 1684 2734 1755; x_wconf 81' lang='grc' dir='ltr'>εὐεργετεῖ.</span> 
     </span>
    </p>
   </div>
   <div class='ocr_carea' id='block_1_63' title="bbox 2283 1850 3799 1928">
    <p class='ocr_par' dir='ltr' id='par_1_63' title="bbox 2283 1850 3799 1928">
     <span class='ocr_line' id='line_1_63' title="bbox 2283 1850 3799 1928; baseline 0.001 -19"><span class='ocrx_word' id='word_1_434' title='bbox 2283 1856 2392 1927; x_wconf 80' lang='lat'><strong>95</strong></span> <span class='ocrx_word' id='word_1_435' title='bbox 2419 1854 2637 1909; x_wconf 81' lang='lat' dir='ltr'><strong>XXXII.</strong></span> <span class='ocrx_word' id='word_1_436' title='bbox 2684 1855 2875 1926; x_wconf 86' lang='grc' dir='ltr'>Ὑμεῖς</span> <span class='ocrx_word' id='word_1_437' title='bbox 2899 1850 2992 1909; x_wconf 82' lang='grc' dir='ltr'><strong>οὗν</strong></span> <span class='ocrx_word' id='word_1_438' title='bbox 3020 1856 3096 1919; x_wconf 86' lang='grc' dir='ltr'>ὼς</span> <span class='ocrx_word' id='word_1_439' title='bbox 3124 1855 3262 1910; x_wconf 83' lang='grc' dir='ltr'>Θεοῦ</span> <span class='ocrx_word' id='word_1_440' title='bbox 3305 1856 3481 1910; x_wconf 81' lang='grc' dir='ltr'>δοῦλοι</span> <span class='ocrx_word' id='word_1_441' title='bbox 3509 1856 3799 1928; x_wconf 82' lang='grc' dir='ltr'>εὐγνώμο-</span> 
     </span>
    </p>
   </div>
   <div class='ocr_carea' id='block_1_64' title="bbox 2214 1946 3802 2020">
    <p class='ocr_par' dir='ltr' id='par_1_64' title="bbox 2214 1946 3802 2020">
     <span class='ocr_line' id='line_1_64' title="bbox 2214 1946 3802 2020; baseline 0.001 -19"><span class='ocrx_word' id='word_1_442' title='bbox 2214 1966 2323 2012; x_wconf 87' lang='grc' dir='ltr'>νες,</span> <span class='ocrx_word' id='word_1_443' title='bbox 2369 1949 2461 2018; x_wconf 79' lang='grc' dir='ltr'><strong>ἀφ’</strong></span> <span class='ocrx_word' id='word_1_444' title='bbox 2486 1947 2691 2001; x_wconf 82' lang='grc' dir='ltr'>ἑαυτῶν</span> <span class='ocrx_word' id='word_1_445' title='bbox 2724 1947 2785 2000; x_wconf 89' lang='lat' dir='ltr'><strong>rb</strong></span> <span class='ocrx_word' id='word_1_446' title='bbox 2812 1946 3029 2015; x_wconf 77' lang='grc' dir='ltr'>εὔλογον</span> <span class='ocrx_word' id='word_1_447' title='bbox 3058 1948 3322 2012; x_wconf 79' lang='grc' dir='ltr'>νοοῦντες,</span> <span class='ocrx_word' id='word_1_448' title='bbox 3360 1949 3457 2020; x_wconf 81' lang='grc' dir='ltr'>τὴν</span> <span class='ocrx_word' id='word_1_449' title='bbox 3487 1949 3643 2019; x_wconf 87' lang='grc' dir='ltr'>αὑτῷ</span> <span class='ocrx_word' id='word_1_450' title='bbox 3671 1950 3802 2020; x_wconf 75' lang='grc' dir='ltr'>ἀρέο</span> 
     </span>
    </p>
   </div>
   <div class='ocr_carea' id='block_1_65' title="bbox 2218 2038 3801 2110">
    <p class='ocr_par' dir='ltr' id='par_1_65' title="bbox 2218 2038 3801 2110">
     <span class='ocr_line' id='line_1_65' title="bbox 2218 2038 3801 2110; baseline 0.003 -20"><span class='ocrx_word' id='word_1_451' title='bbox 2218 2055 2452 2091; x_wconf 86' lang='grc' dir='ltr'>σκουσαν</span> <span class='ocrx_word' id='word_1_452' title='bbox 2495 2039 2819 2105; x_wconf 76' lang='grc' dir='ltr'>ἀναδέξασθε</span> <span class='ocrx_word' id='word_1_453' title='bbox 2852 2040 3147 2105; x_wconf 82' lang='grc' dir='ltr'>πολιτείαν,</span> <span class='ocrx_word' id='word_1_454' title='bbox 3178 2040 3264 2092; x_wconf 85' lang='grc' dir='ltr'><strong>ῖνα</strong></span> <span class='ocrx_word' id='word_1_455' title='bbox 3285 2038 3457 2103; x_wconf 75' lang='grc' dir='ltr'>οὕτως</span> <span class='ocrx_word' id='word_1_456' title='bbox 3500 2040 3669 2094; x_wconf 82' lang='grc' dir='ltr'>αὑτὸν</span> <span class='ocrx_word' id='word_1_457' title='bbox 3712 2060 3801 2110; x_wconf 76' lang='grc' dir='ltr'><strong>φι-</strong></span> 
     </span>
    </p>
   </div>
   <div class='ocr_carea' id='block_1_66' title="bbox 2216 2129 3802 2204">
    <p class='ocr_par' dir='ltr' id='par_1_66' title="bbox 2216 2129 3802 2204">
     <span class='ocr_line' id='line_1_66' title="bbox 2216 2129 3802 2204; baseline 0.003 -23"><span class='ocrx_word' id='word_1_458' title='bbox 2216 2129 2432 2193; x_wconf 78' lang='grc' dir='ltr'>λοῦντες</span> <span class='ocrx_word' id='word_1_459' title='bbox 2458 2132 2551 2182; x_wconf 79' lang='grc' dir='ltr'><strong>καὶ</strong></span> <span class='ocrx_word' id='word_1_460' title='bbox 2585 2130 2893 2202; x_wconf 79' lang='grc' dir='ltr'>φιλούμενοι</span> <span class='ocrx_word' id='word_1_461' title='bbox 2921 2132 3011 2183; x_wconf 73' lang='grc' dir='ltr'>ὑπ’</span> <span class='ocrx_word' id='word_1_462' title='bbox 3042 2130 3206 2184; x_wconf 81' lang='grc' dir='ltr'>αὑτοῦ</span> <span class='ocrx_word' id='word_1_463' title='bbox 3226 2132 3306 2194; x_wconf 85' lang='grc' dir='ltr'><strong>είς</strong></span> <span class='ocrx_word' id='word_1_464' title='bbox 3324 2131 3488 2184; x_wconf 78' lang='grc' dir='ltr'>ἀεὶτὸ</span> <span class='ocrx_word' id='word_1_465' title='bbox 3516 2134 3802 2204; x_wconf 79' lang='grc' dir='ltr'>συμφέρον</span> 
     </span>
    </p>
   </div>
   <div class='ocr_carea' id='block_1_67' title="bbox 2216 2220 3801 2293">
    <p class='ocr_par' dir='ltr' id='par_1_67' title="bbox 2216 2220 3801 2293">
     <span class='ocr_line' id='line_1_67' title="bbox 2216 2220 3801 2293; baseline 0.003 -21"><span class='ocrx_word' id='word_1_466' title='bbox 2216 2220 2388 2290; x_wconf 79' lang='grc' dir='ltr'>ἔχοιτε</span> <span class='ocrx_word' id='word_1_467' title='bbox 2418 2222 2485 2273; x_wconf 82' lang='grc'><strong>⁷⁸.</strong></span> <span class='ocrx_word' id='word_1_468' title='bbox 2519 2221 2677 2291; x_wconf 82' lang='grc' dir='ltr'><strong>Αὑτῷ</strong></span> <span class='ocrx_word' id='word_1_469' title='bbox 2705 2221 2813 2293; x_wconf 87' lang='grc' dir='ltr'>γὰρ</span> <span class='ocrx_word' id='word_1_470' title='bbox 2835 2222 2979 2293; x_wconf 88' lang='grc' dir='ltr'>μόνῳ</span> <span class='ocrx_word' id='word_1_471' title='bbox 3006 2222 3067 2275; x_wconf 88' lang='grc' dir='ltr'>τὸ</span> <span class='ocrx_word' id='word_1_472' title='bbox 3094 2225 3394 2293; x_wconf 86' lang='grc' dir='ltr'>παρασχεῖν</span> <span class='ocrx_word' id='word_1_473' title='bbox 3423 2222 3801 2277; x_wconf 74' lang='grc' dir='ltr'>δυνατώτατον</span> 
     </span>
    </p>
   </div>
   <div class='ocr_carea' id='block_1_68' title="bbox 2216 2310 3799 2386">
    <p class='ocr_par' dir='ltr' id='par_1_68' title="bbox 2216 2310 3799 2386">
     <span class='ocr_line' id='line_1_68' title="bbox 2216 2310 3799 2386; baseline 0.002 -21"><span class='ocrx_word' id='word_1_474' title='bbox 2216 2314 2383 2375; x_wconf 89' lang='grc' dir='ltr'>ἐστιν,</span> <span class='ocrx_word' id='word_1_475' title='bbox 2443 2312 2521 2382; x_wconf 80' lang='grc' dir='ltr'><strong>τῷ</strong></span> <span class='ocrx_word' id='word_1_476' title='bbox 2562 2312 2630 2364; x_wconf 87' lang='grc' dir='ltr'>τὰ</span> <span class='ocrx_word' id='word_1_477' title='bbox 2680 2313 2753 2383; x_wconf 83' lang='grc' dir='ltr'>μὴ</span> <span class='ocrx_word' id='word_1_478' title='bbox 2804 2314 2933 2367; x_wconf 75' lang='grc' dir='ltr'>ὅντα</span> <span class='ocrx_word' id='word_1_479' title='bbox 2969 2314 3049 2376; x_wconf 86' lang='grc' dir='ltr'><strong>είς</strong></span> <span class='ocrx_word' id='word_1_480' title='bbox 3080 2314 3142 2366; x_wconf 91' lang='lat' dir='ltr'><strong>rb</strong></span> <span class='ocrx_word' id='word_1_481' title='bbox 3185 2310 3322 2367; x_wconf 74' lang='grc' dir='ltr'>εἷναι</span> <span class='ocrx_word' id='word_1_482' title='bbox 3376 2317 3799 2386; x_wconf 85' lang='grc' dir='ltr'>συστησαμένῳ,</span> 
     </span>
    </p>
   </div>
   <div class='ocr_carea' id='block_1_69' title="bbox 2216 2402 3801 2475">
    <p class='ocr_par' dir='ltr' id='par_1_69' title="bbox 2216 2402 3801 2475">
     <span class='ocr_line' id='line_1_69' title="bbox 2216 2402 3801 2475; baseline 0.003 -20"><span class='ocrx_word' id='word_1_483' title='bbox 2216 2403 2442 2474; x_wconf 84' lang='grc' dir='ltr'>οὐρανὸν</span> <span class='ocrx_word' id='word_1_484' title='bbox 2487 2402 2966 2474; x_wconf 87' lang='grc' dir='ltr'>δημιουργήσαντι,</span> <span class='ocrx_word' id='word_1_485' title='bbox 3010 2404 3114 2475; x_wconf 81' lang='grc' dir='ltr'>γῆν</span> <span class='ocrx_word' id='word_1_486' title='bbox 3154 2402 3470 2469; x_wconf 87' lang='grc' dir='ltr'>πιλώσαντι,</span> <span class='ocrx_word' id='word_1_487' title='bbox 3519 2405 3801 2459; x_wconf 88' lang='grc' dir='ltr'>θάλασσαν</span> 
     </span>
    </p>
   </div>
   <div class='ocr_carea' id='block_1_70' title="bbox 2218 2493 3801 2567">
    <p class='ocr_par' dir='ltr' id='par_1_70' title="bbox 2218 2493 3801 2567">
     <span class='ocr_line' id='line_1_70' title="bbox 2218 2493 3801 2567; baseline 0.003 -20"><span class='ocrx_word' id='word_1_488' title='bbox 2218 2493 2611 2566; x_wconf 88' lang='grc' dir='ltr'>περιορίσαντι,</span> <span class='ocrx_word' id='word_1_489' title='bbox 2639 2493 2706 2545; x_wconf 89' lang='grc' dir='ltr'><strong>τά</strong></span> <span class='ocrx_word' id='word_1_490' title='bbox 2731 2495 2789 2546; x_wconf 85' lang='grc' dir='ltr'><strong>ἐν</strong></span> <span class='ocrx_word' id='word_1_491' title='bbox 2829 2494 2931 2567; x_wconf 64' lang='grc' dir='ltr'><strong>ᾅδῃ</strong></span> <span class='ocrx_word' id='word_1_492' title='bbox 2973 2494 3329 2564; x_wconf 87' lang='grc' dir='ltr'>ταμιεύσαντι</span> <span class='ocrx_word' id='word_1_493' title='bbox 3368 2496 3464 2550; x_wconf 79' lang='grc' dir='ltr'>καὶ</span> <span class='ocrx_word' id='word_1_494' title='bbox 3501 2494 3572 2548; x_wconf 90' lang='grc' dir='ltr'><strong>τά</strong></span> <span class='ocrx_word' id='word_1_495' title='bbox 3615 2498 3801 2551; x_wconf 79' lang='grc' dir='ltr'>πάντα</span> 
     </span>
    </p>
   </div>
   <div class='ocr_carea' id='block_1_71' title="bbox 2216 2583 2853 2658">
    <p class='ocr_par' dir='ltr' id='par_1_71' title="bbox 2216 2583 2853 2658">
     <span class='ocr_line' id='line_1_71' title="bbox 2216 2583 2853 2658; baseline -0.005 -18"><span class='ocrx_word' id='word_1_496' title='bbox 2216 2587 2375 2658; x_wconf 82' lang='grc' dir='ltr'>ἀέρος</span> <span class='ocrx_word' id='word_1_497' title='bbox 2407 2586 2453 2617; x_wconf 86' lang='grc'><strong>⁷⁷</strong></span> <span class='ocrx_word' id='word_1_498' title='bbox 2487 2584 2593 2655; x_wconf 85' lang='grc' dir='ltr'><strong>πλη</strong></span> <span class='ocrx_word' id='word_1_499' title='bbox 2603 2583 2853 2656; x_wconf 86' lang='grc' dir='ltr'>ρώσαντι.</span> 
     </span>
    </p>
   </div>
   <div class='ocr_carea' id='block_1_72' title="bbox 2285 2670 3804 2752">
    <p class='ocr_par' dir='ltr' id='par_1_72' title="bbox 2285 2670 3804 2752">
     <span class='ocr_line' id='line_1_72' title="bbox 2285 2670 3804 2752; baseline 0.004 -24"><span class='ocrx_word' id='word_1_500' title='bbox 2285 2674 2521 2728; x_wconf 77' lang='lat' dir='ltr'><strong>XXXIII.</strong></span> <span class='ocrx_word' id='word_1_501' title='bbox 2554 2670 2723 2738; x_wconf 75' lang='grc' dir='ltr'>Οὗτος</span> <span class='ocrx_word' id='word_1_502' title='bbox 2754 2674 2912 2746; x_wconf 90' lang='grc' dir='ltr'>μόνος</span> <span class='ocrx_word' id='word_1_503' title='bbox 2952 2676 3051 2748; x_wconf 79' lang='grc' dir='ltr'>τὴν</span> <span class='ocrx_word' id='word_1_504' title='bbox 3087 2676 3214 2749; x_wconf 90' lang='grc' dir='ltr'>μίαν</span> <span class='ocrx_word' id='word_1_505' title='bbox 3245 2679 3340 2732; x_wconf 81' lang='grc' dir='ltr'><strong>καὶ</strong></span> <span class='ocrx_word' id='word_1_506' title='bbox 3367 2679 3591 2752; x_wconf 82' lang='grc' dir='ltr'>πρώτην</span> <span class='ocrx_word' id='word_1_507' title='bbox 3615 2680 3669 2712; x_wconf 84' lang='grc'><strong>⁷⁸</strong></span> <span class='ocrx_word' id='word_1_508' title='bbox 3705 2699 3804 2751; x_wconf 88' lang='grc' dir='ltr'>μο-</span> 
     </span>
    </p>
   </div>
   <div class='ocr_carea' id='block_1_73' title="bbox 2217 2766 3801 2841">
    <p class='ocr_par' dir='ltr' id='par_1_73' title="bbox 2217 2766 3801 2841">
     <span class='ocr_line' id='line_1_73' title="bbox 2217 2766 3801 2841; baseline 0.001 -20"><span class='ocrx_word' id='word_1_509' title='bbox 2217 2767 2393 2837; x_wconf 82' lang='grc' dir='ltr'>νοειδῆ</span> <span class='ocrx_word' id='word_1_510' title='bbox 2420 2766 2607 2820; x_wconf 84' lang='grc' dir='ltr'>οὐσίαν</span> <span class='ocrx_word' id='word_1_511' title='bbox 2641 2767 2917 2837; x_wconf 85' lang='grc' dir='ltr'>τετραχῶς</span> <span class='ocrx_word' id='word_1_512' title='bbox 2950 2770 3043 2821; x_wconf 80' lang='grc' dir='ltr'><strong>καὶ</strong></span> <span class='ocrx_word' id='word_1_513' title='bbox 3079 2769 3333 2832; x_wconf 79' lang='grc' dir='ltr'>ἐναντίως</span> <span class='ocrx_word' id='word_1_514' title='bbox 3368 2769 3616 2841; x_wconf 61' lang='grc' dir='ltr'>ἔτρεψεν</span> <span class='ocrx_word' id='word_1_515' title='bbox 3682 2768 3801 2824; x_wconf 84' lang='grc' dir='ltr'>εἷτα</span> 
     </span>
    </p>
   </div>
   <div class='ocr_carea' id='block_1_74' title="bbox 2219 2858 3801 2931">
    <p class='ocr_par' dir='ltr' id='par_1_74' title="bbox 2219 2858 3801 2931">
     <span class='ocr_line' id='line_1_74' title="bbox 2219 2858 3801 2931; baseline 0.004 -20"><span class='ocrx_word' id='word_1_516' title='bbox 2219 2858 2379 2929; x_wconf 78' lang='grc' dir='ltr'>μίξας</span> <span class='ocrx_word' id='word_1_517' title='bbox 2402 2858 2626 2930; x_wconf 76' lang='grc' dir='ltr'>κράσεις</span> <span class='ocrx_word' id='word_1_518' title='bbox 2658 2858 2718 2924; x_wconf 81' lang='grc' dir='ltr'>ἐξ</span> <span class='ocrx_word' id='word_1_519' title='bbox 2744 2858 2921 2912; x_wconf 89' lang='grc' dir='ltr'>αὑτῶν</span> <span class='ocrx_word' id='word_1_520' title='bbox 2952 2860 3225 2931; x_wconf 84' lang='grc' dir='ltr'>ἐποίησεν,</span> <span class='ocrx_word' id='word_1_521' title='bbox 3254 2862 3341 2914; x_wconf 74' lang='grc' dir='ltr'>ἵνα</span> <span class='ocrx_word' id='word_1_522' title='bbox 3369 2864 3449 2925; x_wconf 87' lang='grc' dir='ltr'><strong>είς</strong></span> <span class='ocrx_word' id='word_1_523' title='bbox 3476 2864 3737 2928; x_wconf 53' lang='grc' dir='ltr'>ἐναντίας</span> <span class='ocrx_word' id='word_1_524' title='bbox 3754 2866 3801 2897; x_wconf 72' lang='grc'><strong>⁷⁸</strong></span> 
     </span>
    </p>
   </div>
   <div class='ocr_carea' id='block_1_75' title="bbox 2218 2949 3800 3028">
    <p class='ocr_par' dir='ltr' id='par_1_75' title="bbox 2218 2949 3800 3028">
     <span class='ocr_line' id='line_1_75' title="bbox 2218 2949 3800 3028; baseline 0.004 -26"><span class='ocrx_word' id='word_1_525' title='bbox 2218 2950 2407 3020; x_wconf 81' lang='grc' dir='ltr'>φύσεις</span> <span class='ocrx_word' id='word_1_526' title='bbox 2442 2949 2809 3020; x_wconf 82' lang='grc' dir='ltr'>τετραμμέναι</span> <span class='ocrx_word' id='word_1_527' title='bbox 2845 2950 2941 3004; x_wconf 80' lang='grc' dir='ltr'><strong>καὶ</strong></span> <span class='ocrx_word' id='word_1_528' title='bbox 2981 2952 3311 3022; x_wconf 81' lang='grc' dir='ltr'>μεμιγμέναι</span> <span class='ocrx_word' id='word_1_529' title='bbox 3344 2952 3437 3005; x_wconf 80' lang='grc' dir='ltr'>τοῦ</span> <span class='ocrx_word' id='word_1_530' title='bbox 3470 2953 3567 3025; x_wconf 78' lang='grc' dir='ltr'>ζῇν</span> <span class='ocrx_word' id='word_1_531' title='bbox 3597 2954 3800 3028; x_wconf 74' lang='grc' dir='ltr'>ἡδονὴν</span> 
     </span>
    </p>
   </div>
   <div class='ocr_carea' id='block_1_76' title="bbox 2216 3040 3800 3115">
    <p class='ocr_par' dir='ltr' id='par_1_76' title="bbox 2216 3040 3800 3115">
     <span class='ocr_line' id='line_1_76' title="bbox 2216 3040 3800 3115; baseline 0.004 -21"><span class='ocrx_word' id='word_1_532' title='bbox 2216 3042 2282 3095; x_wconf 86' lang='grc' dir='ltr'><strong>ἐκ</strong></span> <span class='ocrx_word' id='word_1_533' title='bbox 2323 3041 2424 3112; x_wconf 81' lang='grc' dir='ltr'>τῆς</span> <span class='ocrx_word' id='word_1_534' title='bbox 2471 3040 2857 3110; x_wconf 69' lang='grc' dir='ltr'>ἀντισυζυγίας</span> <span class='ocrx_word' id='word_1_535' title='bbox 2904 3043 3264 3113; x_wconf 85' lang='grc' dir='ltr'>ἐργάσωνται.</span> <span class='ocrx_word' id='word_1_536' title='bbox 3330 3045 3509 3115; x_wconf 89' lang='grc' dir='ltr'>Ὀμῶς</span> <span class='ocrx_word' id='word_1_537' title='bbox 3554 3046 3601 3076; x_wconf 85' lang='grc'><strong>⁷³</strong></span> <span class='ocrx_word' id='word_1_538' title='bbox 3631 3048 3800 3111; x_wconf 78' lang='grc' dir='ltr'>αὐτὸς</span> 
     </span>
    </p>
   </div>
   <div class='ocr_carea' id='block_1_77' title="bbox 2218 3133 3798 3209">
    <p class='ocr_par' dir='ltr' id='par_1_77' title="bbox 2218 3133 3798 3209">
     <span class='ocr_line' id='line_1_77' title="bbox 2218 3133 3798 3209; baseline 0.004 -24"><span class='ocrx_word' id='word_1_539' title='bbox 2218 3133 2376 3206; x_wconf 85' lang='grc' dir='ltr'>μόνος</span> <span class='ocrx_word' id='word_1_540' title='bbox 2400 3133 2462 3202; x_wconf 84' lang='grc' dir='ltr'>δή</span> <span class='ocrx_word' id='word_1_541' title='bbox 2471 3150 2602 3203; x_wconf 88' lang='grc' dir='ltr'>μους</span> <span class='ocrx_word' id='word_1_542' title='bbox 2620 3133 2866 3201; x_wconf 87' lang='grc' dir='ltr'>ἀγγέλων</span> <span class='ocrx_word' id='word_1_543' title='bbox 2888 3134 2981 3186; x_wconf 83' lang='grc' dir='ltr'>καὶ</span> <span class='ocrx_word' id='word_1_544' title='bbox 3004 3134 3327 3205; x_wconf 84' lang='grc' dir='ltr'>πνευμάτων</span> <span class='ocrx_word' id='word_1_545' title='bbox 3348 3135 3541 3208; x_wconf 84' lang='grc' dir='ltr'>βουλῆς</span> <span class='ocrx_word' id='word_1_546' title='bbox 3560 3138 3798 3209; x_wconf 83' lang='grc' dir='ltr'>νεύματι</span> 
     </span>
    </p>
   </div>
   <div class='ocr_carea' id='block_1_78' title="bbox 2213 3225 3801 3298">
    <p class='ocr_par' dir='ltr' id='par_1_78' title="bbox 2213 3225 3801 3298">
     <span class='ocr_line' id='line_1_78' title="bbox 2213 3225 3801 3298; baseline 0.004 -20"><span class='ocrx_word' id='word_1_547' title='bbox 2213 3225 2652 3296; x_wconf 82' lang='grc' dir='ltr'>δημιουργήσας,</span> <span class='ocrx_word' id='word_1_548' title='bbox 2703 3225 2905 3296; x_wconf 73' lang='grc' dir='ltr'>ἔπλησε</span> <span class='ocrx_word' id='word_1_549' title='bbox 2957 3227 3085 3289; x_wconf 81' lang='grc' dir='ltr'>τοὺς</span> <span class='ocrx_word' id='word_1_550' title='bbox 3137 3228 3421 3298; x_wconf 83' lang='grc' dir='ltr'>οὐρανούς·</span> <span class='ocrx_word' id='word_1_551' title='bbox 3462 3229 3539 3292; x_wconf 87' lang='grc' dir='ltr'>ὡς</span> <span class='ocrx_word' id='word_1_552' title='bbox 3582 3233 3684 3283; x_wconf 74' lang='grc' dir='ltr'>καὶ</span> <span class='ocrx_word' id='word_1_553' title='bbox 3738 3232 3801 3284; x_wconf 81' lang='grc' dir='ltr'>τὸ</span> 
     </span>
    </p>
   </div>
   <div class='ocr_carea' id='block_1_79' title="bbox 2216 3316 3804 3390">
    <p class='ocr_par' dir='ltr' id='par_1_79' title="bbox 2216 3316 3804 3390">
     <span class='ocr_line' id='line_1_79' title="bbox 2216 3316 3804 3390; baseline 0.005 -22"><span class='ocrx_word' id='word_1_554' title='bbox 2216 3316 2537 3386; x_wconf 84' lang='grc' dir='ltr'>φαινόμενον</span> <span class='ocrx_word' id='word_1_555' title='bbox 2587 3317 2874 3388; x_wconf 88' lang='grc' dir='ltr'>στερέωμα</span> <span class='ocrx_word' id='word_1_556' title='bbox 2919 3318 3142 3389; x_wconf 80' lang='grc' dir='ltr'>ἄστροις</span> <span class='ocrx_word' id='word_1_557' title='bbox 3182 3320 3524 3390; x_wconf 76' lang='grc' dir='ltr'>ἐκόσμησεν,</span> <span class='ocrx_word' id='word_1_558' title='bbox 3569 3316 3657 3384; x_wconf 79' lang='grc' dir='ltr'>οἷς</span> <span class='ocrx_word' id='word_1_559' title='bbox 3705 3328 3804 3376; x_wconf 71' lang='grc' dir='ltr'><strong>καὶ</strong></span> 
     </span>
    </p>
   </div>
   <div class='ocr_carea' id='block_1_80' title="bbox 2215 3408 3803 3483">
    <p class='ocr_par' dir='ltr' id='par_1_80' title="bbox 2215 3408 3803 3483">
     <span class='ocr_line' id='line_1_80' title="bbox 2215 3408 3803 3483; baseline 0.002 -20"><span class='ocrx_word' id='word_1_560' title='bbox 2215 3410 2432 3483; x_wconf 78' lang='grc' dir='ltr'>τρίϐους</span> <span class='ocrx_word' id='word_1_561' title='bbox 2462 3409 2627 3481; x_wconf 82' lang='grc' dir='ltr'>ὥρισε</span> <span class='ocrx_word' id='word_1_562' title='bbox 2657 3410 2751 3463; x_wconf 73' lang='grc' dir='ltr'><strong>καὶ</strong></span> <span class='ocrx_word' id='word_1_563' title='bbox 2785 3408 2982 3481; x_wconf 89' lang='grc' dir='ltr'>δρόμον</span> <span class='ocrx_word' id='word_1_564' title='bbox 3011 3409 3225 3475; x_wconf 76' lang='grc' dir='ltr'>ἔταξενο</span> <span class='ocrx_word' id='word_1_565' title='bbox 3260 3411 3362 3481; x_wconf 79' lang='grc' dir='ltr'>γῆν</span> <span class='ocrx_word' id='word_1_566' title='bbox 3396 3410 3668 3465; x_wconf 79' lang='grc' dir='ltr'>ἐπίλωσεν</span> <span class='ocrx_word' id='word_1_567' title='bbox 3718 3416 3803 3477; x_wconf 82' lang='grc' dir='ltr'><strong>εἰς</strong></span> 
     </span>
    </p>
   </div>
   <div class='ocr_carea' id='block_1_81' title="bbox 2215 3502 3800 3576">
    <p class='ocr_par' dir='ltr' id='par_1_81' title="bbox 2215 3502 3800 3576">
     <span class='ocr_line' id='line_1_81' title="bbox 2215 3502 3800 3576; baseline 0.001 -19"><span class='ocrx_word' id='word_1_568' title='bbox 2215 3503 2444 3576; x_wconf 81' lang='grc' dir='ltr'>καρπῶν</span> <span class='ocrx_word' id='word_1_569' title='bbox 2476 3502 2729 3574; x_wconf 74' lang='grc' dir='ltr'>αὔξησινο</span> <span class='ocrx_word' id='word_1_570' title='bbox 2760 3502 3033 3555; x_wconf 84' lang='grc' dir='ltr'>θάλασσαν</span> <span class='ocrx_word' id='word_1_571' title='bbox 3064 3502 3121 3555; x_wconf 86' lang='grc' dir='ltr'>δὲ</span> <span class='ocrx_word' id='word_1_572' title='bbox 3166 3503 3511 3574; x_wconf 86' lang='grc' dir='ltr'>περιώρισεν,</span> <span class='ocrx_word' id='word_1_573' title='bbox 3558 3506 3618 3557; x_wconf 84' lang='grc' dir='ltr'><strong>ἐν</strong></span> <span class='ocrx_word' id='word_1_574' title='bbox 3660 3507 3800 3560; x_wconf 86' lang='grc' dir='ltr'>ἀνύ-</span> 
     </span>
    </p>
   </div>
   <div class='ocr_carea' id='block_1_82' title="bbox 2214 3593 3801 3669">
    <p class='ocr_par' dir='ltr' id='par_1_82' title="bbox 2214 3593 3801 3669">
     <span class='ocr_line' id='line_1_82' title="bbox 2214 3593 3801 3669; baseline 0.002 -22"><span class='ocrx_word' id='word_1_575' title='bbox 2214 3594 2361 3667; x_wconf 89' lang='grc' dir='ltr'>δροις</span> <span class='ocrx_word' id='word_1_576' title='bbox 2398 3595 2609 3665; x_wconf 75' lang='grc' dir='ltr'>οἴκησιν</span> <span class='ocrx_word' id='word_1_577' title='bbox 2637 3593 2929 3665; x_wconf 81' lang='grc' dir='ltr'>ἀφορίσας·</span> <span class='ocrx_word' id='word_1_578' title='bbox 2969 3593 3038 3646; x_wconf 80' lang='grc' dir='ltr'>τὰ</span> <span class='ocrx_word' id='word_1_579' title='bbox 3067 3596 3124 3645; x_wconf 83' lang='grc' dir='ltr'>ἐν</span> <span class='ocrx_word' id='word_1_580' title='bbox 3165 3594 3267 3667; x_wconf 66' lang='grc' dir='ltr'><strong>ᾅδῃ</strong></span> <span class='ocrx_word' id='word_1_581' title='bbox 3308 3595 3573 3666; x_wconf 86' lang='grc' dir='ltr'>ταμιεύει,</span> <span class='ocrx_word' id='word_1_582' title='bbox 3600 3597 3801 3669; x_wconf 74' lang='grc' dir='ltr'>ψυχῶν</span> 
     </span>
    </p>
   </div>
   <div class='ocr_carea' id='block_1_83' title="bbox 2215 3685 3801 3759">
    <p class='ocr_par' dir='ltr' id='par_1_83' title="bbox 2215 3685 3801 3759">
     <span class='ocr_line' id='line_1_83' title="bbox 2215 3685 3801 3759; baseline 0.001 -19"><span class='ocrx_word' id='word_1_583' title='bbox 2215 3687 2391 3759; x_wconf 88' lang='grc' dir='ltr'>χῶρον</span> <span class='ocrx_word' id='word_1_584' title='bbox 2430 3686 2731 3758; x_wconf 75' lang='grc' dir='ltr'>ὀνομάσαςο</span> <span class='ocrx_word' id='word_1_585' title='bbox 2776 3685 2845 3739; x_wconf 80' lang='grc' dir='ltr'>τὰ</span> <span class='ocrx_word' id='word_1_586' title='bbox 2883 3686 2941 3739; x_wconf 88' lang='grc' dir='ltr'><strong>δέ</strong></span> <span class='ocrx_word' id='word_1_587' title='bbox 2984 3685 3161 3738; x_wconf 87' lang='grc' dir='ltr'>πάντα</span> <span class='ocrx_word' id='word_1_588' title='bbox 3200 3686 3432 3757; x_wconf 77' lang='grc' dir='ltr'>ἔπλησεν</span> <span class='ocrx_word' id='word_1_589' title='bbox 3475 3688 3661 3759; x_wconf 87' lang='grc' dir='ltr'>ἀέρος,</span> <span class='ocrx_word' id='word_1_590' title='bbox 3709 3690 3801 3743; x_wconf 74' lang='grc' dir='ltr'><strong>ινα</strong></span> 
     </span>
    </p>
   </div>
   <div class='ocr_carea' id='block_1_84' title="bbox 2217 3775 3796 3851">
    <p class='ocr_par' dir='ltr' id='par_1_84' title="bbox 2217 3775 3796 3851">
     <span class='ocr_line' id='line_1_84' title="bbox 2217 3775 3796 3851; baseline 0.001 -17"><span class='ocrx_word' id='word_1_591' title='bbox 2217 3780 2394 3834; x_wconf 88' lang='grc' dir='ltr'>πάντα</span> <span class='ocrx_word' id='word_1_592' title='bbox 2418 3778 2487 3833; x_wconf 90' lang='grc' dir='ltr'><strong>τά</strong></span> <span class='ocrx_word' id='word_1_593' title='bbox 2525 3778 2637 3843; x_wconf 82' lang='grc' dir='ltr'>ζῶα</span> <span class='ocrx_word' id='word_1_594' title='bbox 2672 3777 2809 3849; x_wconf 86' lang='grc' dir='ltr'>πρὸς</span> <span class='ocrx_word' id='word_1_595' title='bbox 2834 3776 2896 3830; x_wconf 87' lang='lat' dir='ltr'><strong>rb</strong></span> <span class='ocrx_word' id='word_1_596' title='bbox 2930 3775 3031 3848; x_wconf 78' lang='grc' dir='ltr'>ζῇν</span> <span class='ocrx_word' id='word_1_597' title='bbox 3057 3776 3225 3842; x_wconf 85' lang='grc' dir='ltr'>ἀδεῶς</span> <span class='ocrx_word' id='word_1_598' title='bbox 3256 3779 3542 3833; x_wconf 85' lang='grc' dir='ltr'>ἀναπνέειν</span> <span class='ocrx_word' id='word_1_599' title='bbox 3588 3779 3707 3851; x_wconf 83' lang='grc' dir='ltr'>ἐχοι</span> <span class='ocrx_word' id='word_1_600' title='bbox 3725 3780 3796 3835; x_wconf 80' lang='grc'><strong>⁷⁸.</strong></span> 
     </span>
    </p>
   </div>
   <div class='ocr_carea' id='block_1_85' title="bbox 2286 4032 3831 4107">
    <p class='ocr_par' dir='ltr' id='par_1_85' title="bbox 2286 4032 3831 4107">
     <span class='ocr_line' id='line_1_85' title="bbox 2286 4032 3831 4107; baseline -0.018 -14"><span class='ocrx_word' id='word_1_601' title='bbox 2286 4036 2526 4093; x_wconf 75' lang='lat' dir='ltr'><strong>XXXIV.</strong></span> <span class='ocrx_word' id='word_1_602' title='bbox 2583 4036 2649 4089; x_wconf 85' lang='grc' dir='ltr'>Ὢ</span> <span class='ocrx_word' id='word_1_603' title='bbox 2688 4036 2786 4106; x_wconf 81' lang='grc' dir='ltr'>τῆς</span> <span class='ocrx_word' id='word_1_604' title='bbox 2838 4034 3078 4107; x_wconf 86' lang='grc' dir='ltr'>μεγάλης</span> <span class='ocrx_word' id='word_1_605' title='bbox 3124 4032 3260 4088; x_wconf 84' lang='grc' dir='ltr'>Θεοῦ</span> <span class='ocrx_word' id='word_1_606' title='bbox 3303 4034 3567 4105; x_wconf 76' lang='grc' dir='ltr'><strong>φρονίμου</strong></span> <span class='ocrx_word' id='word_1_607' title='bbox 3586 4034 3831 4107; x_wconf 51' lang='grc' dir='ltr'><strong>χειρὸς,.</strong></span> 
     </span>
    </p>
   </div>
   <div class='ocr_carea' id='block_1_86' title="bbox 2215 4124 3797 4204">
    <p class='ocr_par' dir='ltr' id='par_1_86' title="bbox 2215 4124 3797 4204">
     <span class='ocr_line' id='line_1_86' title="bbox 2215 4124 3797 4204; baseline -0.004 -19"><span class='ocrx_word' id='word_1_608' title='bbox 2215 4132 2313 4204; x_wconf 83' lang='grc' dir='ltr'>τῆς</span> <span class='ocrx_word' id='word_1_609' title='bbox 2341 4134 2399 4185; x_wconf 91' lang='grc' dir='ltr'><strong>ἐν</strong></span> <span class='ocrx_word' id='word_1_610' title='bbox 2429 4131 2561 4183; x_wconf 78' lang='grc' dir='ltr'>πᾶσι</span> <span class='ocrx_word' id='word_1_611' title='bbox 2593 4128 2770 4181; x_wconf 88' lang='grc' dir='ltr'>πάντα</span> <span class='ocrx_word' id='word_1_612' title='bbox 2795 4126 2908 4198; x_wconf 75' lang='lat'><strong>96</strong></span> <span class='ocrx_word' id='word_1_613' title='bbox 2940 4125 3229 4197; x_wconf 71' lang='grc' dir='ltr'>ποιούσης]</span> <span class='ocrx_word' id='word_1_614' title='bbox 3272 4124 3463 4196; x_wconf 84' lang='grc' dir='ltr'>μυρίος</span> <span class='ocrx_word' id='word_1_615' title='bbox 3497 4125 3608 4197; x_wconf 89' lang='grc' dir='ltr'><strong>γάρ</strong></span> <span class='ocrx_word' id='word_1_616' title='bbox 3638 4126 3797 4197; x_wconf 76' lang='grc' dir='ltr'>ὄχλος</span> 
     </span>
    </p>
   </div>
   <div class='ocr_carea' id='block_1_87' title="bbox 2216 4210 3792 4294">
    <p class='ocr_par' dir='ltr' id='par_1_87' title="bbox 2216 4210 3792 4294">
     <span class='ocr_line' id='line_1_87' title="bbox 2216 4210 3792 4294; baseline -0.004 -16"><span class='ocrx_word' id='word_1_617' title='bbox 2216 4223 2437 4294; x_wconf 88' lang='grc' dir='ltr'>πτηνῶν</span> <span class='ocrx_word' id='word_1_618' title='bbox 2474 4222 2565 4275; x_wconf 80' lang='grc' dir='ltr'>ὑπ’</span> <span class='ocrx_word' id='word_1_619' title='bbox 2602 4218 2767 4272; x_wconf 79' lang='grc' dir='ltr'>αὑτοῦ</span> <span class='ocrx_word' id='word_1_620' title='bbox 2814 4217 3134 4288; x_wconf 87' lang='grc' dir='ltr'>γεγένηται,</span> <span class='ocrx_word' id='word_1_621' title='bbox 3186 4218 3280 4269; x_wconf 82' lang='grc' dir='ltr'><strong>καὶ</strong></span> <span class='ocrx_word' id='word_1_622' title='bbox 3318 4210 3473 4279; x_wconf 74' lang='grc' dir='ltr'>οὗτος</span> <span class='ocrx_word' id='word_1_623' title='bbox 3521 4218 3792 4282; x_wconf 82' lang='grc' dir='ltr'>ποικίλος,</span> 
     </span>
    </p>
   </div>
   <div class='ocr_carea' id='block_1_88' title="bbox 2218 4306 3798 4388">
    <p class='ocr_par' dir='ltr' id='par_1_88' title="bbox 2218 4306 3798 4388">
     <span class='ocr_line' id='line_1_88' title="bbox 2218 4306 3798 4388; baseline -0.012 -18"><span class='ocrx_word' id='word_1_624' title='bbox 2218 4316 2355 4388; x_wconf 85' lang='grc' dir='ltr'>πρὸς</span> <span class='ocrx_word' id='word_1_625' title='bbox 2382 4314 2472 4367; x_wconf 85' lang='grc' dir='ltr'><strong>τὸν</strong></span> <span class='ocrx_word' id='word_1_626' title='bbox 2504 4313 2689 4382; x_wconf 70' lang='grc' dir='ltr'>ἕτερον</span> <span class='ocrx_word' id='word_1_627' title='bbox 2718 4308 2862 4363; x_wconf 85' lang='grc' dir='ltr'>κατὰ</span> <span class='ocrx_word' id='word_1_628' title='bbox 2892 4310 2936 4341; x_wconf 93' lang='grc'><strong>⁷⁷</strong></span> <span class='ocrx_word' id='word_1_629' title='bbox 2977 4308 3155 4362; x_wconf 89' lang='grc' dir='ltr'>πάντα</span> <span class='ocrx_word' id='word_1_630' title='bbox 3196 4306 3617 4378; x_wconf 81' lang='grc' dir='ltr'>ἐξηλλαγμένος,</span> <span class='ocrx_word' id='word_1_631' title='bbox 3650 4310 3798 4378; x_wconf 73' lang='grc' dir='ltr'>λέγω</span> 
     </span>
    </p>
   </div>
   <div class='ocr_carea' id='block_1_89' title="bbox 548 4399 2133 4495">
    <p class='ocr_par' dir='ltr' id='par_1_89' title="bbox 548 4432 2107 4495">
     <span class='ocr_line' id='line_1_89' title="bbox 548 4432 2107 4495; baseline 0 -12"><span class='ocrx_word' id='word_1_632' title='bbox 548 4445 659 4494; x_wconf 89' lang='lat' dir='ltr'><strong>res,</strong></span> <span class='ocrx_word' id='word_1_633' title='bbox 717 4438 914 4492; x_wconf 86' lang='lat' dir='ltr'><strong>rostra,</strong></span> <span class='ocrx_word' id='word_1_634' title='bbox 973 4440 1217 4495; x_wconf 79' lang='lat' dir='ltr'><strong>ungues,</strong></span> <span class='ocrx_word' id='word_1_635' title='bbox 1276 4432 1591 4495; x_wconf 82' lang='lat' dir='ltr'><strong>aspectum,</strong></span> <span class='ocrx_word' id='word_1_636' title='bbox 1646 4439 1877 4491; x_wconf 88' lang='lat' dir='ltr'><strong>sensus,</strong></span> <span class='ocrx_word' id='word_1_637' title='bbox 1923 4442 2107 4495; x_wconf 85' lang='lat' dir='ltr'><strong>voces,</strong></span> 
     </span>
    </p>
   </div>
   <div class='ocr_carea' id='block_1_90' title="bbox 2219 4399 3799 4495">
    <p class='ocr_par' dir='ltr' id='par_1_90' title="bbox 2219 4399 3799 4495">
     <span class='ocr_line' id='line_1_90' title="bbox 2219 4399 3799 4495; baseline -0.007 -32"><span class='ocrx_word' id='word_1_638' title='bbox 2219 4410 2271 4464; x_wconf 74' lang='grc' dir='ltr'>δὲ</span> <span class='ocrx_word' id='word_1_639' title='bbox 2298 4407 2368 4461; x_wconf 90' lang='grc' dir='ltr'><strong>τά</strong></span> <span class='ocrx_word' id='word_1_640' title='bbox 2395 4423 2454 4459; x_wconf 88' lang='grc' dir='ltr'><strong>τε</strong></span> <span class='ocrx_word' id='word_1_641' title='bbox 2483 4403 2765 4475; x_wconf 88' lang='grc' dir='ltr'>χρώματα,</span> <span class='ocrx_word' id='word_1_642' title='bbox 2818 4401 3026 4472; x_wconf 75' lang='grc' dir='ltr'>ῥάμφη,</span> <span class='ocrx_word' id='word_1_643' title='bbox 3060 4401 3274 4495; x_wconf 69' lang='grc' dir='ltr'>όνυχας,</span> <span class='ocrx_word' id='word_1_644' title='bbox 3324 4399 3630 4495; x_wconf 77' lang='grc' dir='ltr'>βλέμματα,</span> <span class='ocrx_word' id='word_1_645' title='bbox 3654 4401 3799 4469; x_wconf 86' lang='grc' dir='ltr'><strong>γνὼ-</strong></span> 
     </span>
    </p>
   </div>
   <div class='ocr_carea' id='block_1_91' title="bbox 546 4514 2109 4588">
    <p class='ocr_par' dir='ltr' id='par_1_91' title="bbox 546 4514 2109 4588">
     <span class='ocr_line' id='line_1_91' title="bbox 546 4514 2109 4588; baseline -0.001 -13"><span class='ocrx_word' id='word_1_646' title='bbox 546 4529 853 4588; x_wconf 69' lang='grc' dir='ltr'>(ιαιιεταιιυθ</span> <span class='ocrx_word' id='word_1_647' title='bbox 894 4518 1100 4571; x_wconf 89' lang='lat' dir='ltr'><strong>omnia.</strong></span> <span class='ocrx_word' id='word_1_648' title='bbox 1152 4514 1298 4580; x_wconf 82' lang='lat' dir='ltr'><strong>Quot</strong></span> <span class='ocrx_word' id='word_1_649' title='bbox 1342 4524 1521 4569; x_wconf 87' lang='lat' dir='ltr'><strong>autem</strong></span> <span class='ocrx_word' id='word_1_650' title='bbox 1569 4514 1734 4569; x_wconf 81' lang='lat' dir='ltr'><strong>etiam</strong></span> <span class='ocrx_word' id='word_1_651' title='bbox 1779 4525 1906 4571; x_wconf 90' lang='lat' dir='ltr'><strong>sunt</strong></span> <span class='ocrx_word' id='word_1_652' title='bbox 1944 4519 2109 4573; x_wconf 77' lang='lat' dir='ltr'><strong>varia:</strong></span> 
     </span>
    </p>
   </div>
   <div class='ocr_carea' id='block_1_92' title="bbox 548 4604 2109 4682">
    <p class='ocr_par' dir='ltr' id='par_1_92' title="bbox 548 4604 2109 4682">
     <span class='ocr_line' id='line_1_92' title="bbox 548 4604 2109 4682; baseline -0.002 -17"><span class='ocrx_word' id='word_1_653' title='bbox 548 4612 856 4682; x_wconf 89' lang='lat' dir='ltr'><strong>plantarum</strong></span> <span class='ocrx_word' id='word_1_654' title='bbox 886 4607 1118 4677; x_wconf 89' lang='lat' dir='ltr'><strong>species,</strong></span> <span class='ocrx_word' id='word_1_655' title='bbox 1164 4606 1461 4672; x_wconf 71' lang='lat' dir='ltr'><strong>coloribus,</strong></span> <span class='ocrx_word' id='word_1_656' title='bbox 1510 4604 1885 4674; x_wconf 88' lang='lat' dir='ltr'><strong>qualitatibus,</strong></span> <span class='ocrx_word' id='word_1_657' title='bbox 1921 4606 2109 4662; x_wconf 90' lang='lat' dir='ltr'><strong>odori-</strong></span> 
     </span>
    </p>
   </div>
   <div class='ocr_carea' id='block_1_93' title="bbox 2218 4490 3798 4572">
    <p class='ocr_par' dir='ltr' id='par_1_93' title="bbox 2218 4490 3798 4572">
     <span class='ocr_line' id='line_1_93' title="bbox 2218 4490 3798 4572; baseline -0.004 -20"><span class='ocrx_word' id='word_1_658' title='bbox 2218 4517 2343 4572; x_wconf 88' lang='grc' dir='ltr'>μας,</span> <span class='ocrx_word' id='word_1_659' title='bbox 2375 4497 2661 4568; x_wconf 85' lang='grc' dir='ltr'>φθέγματα</span> <span class='ocrx_word' id='word_1_660' title='bbox 2691 4494 2783 4546; x_wconf 75' lang='grc' dir='ltr'><strong>καὶ</strong></span> <span class='ocrx_word' id='word_1_661' title='bbox 2817 4492 2886 4545; x_wconf 85' lang='grc' dir='ltr'><strong>τά</strong></span> <span class='ocrx_word' id='word_1_662' title='bbox 2927 4490 3088 4544; x_wconf 79' lang='grc' dir='ltr'>λοιπὰ</span> <span class='ocrx_word' id='word_1_663' title='bbox 3128 4492 3324 4544; x_wconf 84' lang='grc' dir='ltr'>πάντα.</span> <span class='ocrx_word' id='word_1_664' title='bbox 3378 4491 3546 4543; x_wconf 89' lang='grc' dir='ltr'>Πόσαι</span> <span class='ocrx_word' id='word_1_665' title='bbox 3593 4491 3654 4543; x_wconf 86' lang='grc' dir='ltr'>δὲ</span> <span class='ocrx_word' id='word_1_666' title='bbox 3702 4495 3798 4545; x_wconf 75' lang='grc' dir='ltr'>καὶ</span> 
     </span>
    </p>
   </div>
   <div class='ocr_carea' id='block_1_94' title="bbox 2216 4582 3797 4662">
    <p class='ocr_par' dir='ltr' id='par_1_94' title="bbox 2216 4582 3797 4662">
     <span class='ocr_line' id='line_1_94' title="bbox 2216 4582 3797 4662; baseline -0.005 -17"><span class='ocrx_word' id='word_1_667' title='bbox 2216 4591 2399 4662; x_wconf 88' lang='grc' dir='ltr'>φυτῶν</span> <span class='ocrx_word' id='word_1_668' title='bbox 2438 4589 2684 4657; x_wconf 83' lang='grc' dir='ltr'>διάφοροι</span> <span class='ocrx_word' id='word_1_669' title='bbox 2736 4584 2898 4647; x_wconf 81' lang='grc' dir='ltr'>ἰδέαι,</span> <span class='ocrx_word' id='word_1_670' title='bbox 2952 4582 3207 4653; x_wconf 85' lang='grc' dir='ltr'>χρώμασι</span> <span class='ocrx_word' id='word_1_671' title='bbox 3251 4584 3345 4635; x_wconf 76' lang='grc' dir='ltr'><strong>καὶ</strong></span> <span class='ocrx_word' id='word_1_672' title='bbox 3394 4582 3643 4653; x_wconf 85' lang='grc' dir='ltr'>ποιότησι</span> <span class='ocrx_word' id='word_1_673' title='bbox 3700 4586 3797 4637; x_wconf 75' lang='grc' dir='ltr'><strong>καὶ</strong></span> 
     </span>
    </p>
   </div>
   <div class='ocr_carea' id='block_1_95' title="bbox 549 4673 2133 4768">
    <p class='ocr_par' dir='ltr' id='par_1_95' title="bbox 549 4673 2113 4768">
     <span class='ocr_line' id='line_1_95' title="bbox 549 4673 2113 4768; baseline -0.002 -12"><span class='ocrx_word' id='word_1_674' title='bbox 549 4673 652 4756; x_wconf 76' lang='lat' dir='ltr'><strong>bus</strong></span> <span class='ocrx_word' id='word_1_675' title='bbox 679 4673 982 4753; x_wconf 76' lang='lat' dir='ltr'><strong>innumeris</strong></span> <span class='ocrx_word' id='word_1_676' title='bbox 1012 4696 1306 4751; x_wconf 63' lang='lat' dir='ltr'><strong>distinctae!</strong></span> <span class='ocrx_word' id='word_1_677' title='bbox 1343 4695 1486 4762; x_wconf 87' lang='lat' dir='ltr'><strong>Quot</strong></span> <span class='ocrx_word' id='word_1_678' title='bbox 1510 4673 1641 4749; x_wconf 85' lang='lat' dir='ltr'><strong>vero</strong></span> <span class='ocrx_word' id='word_1_679' title='bbox 1678 4703 1837 4750; x_wconf 58' lang='lat' dir='ltr'><strong>terra;</strong></span> <span class='ocrx_word' id='word_1_680' title='bbox 1875 4705 1930 4751; x_wconf 89' lang='lat' dir='ltr'><strong>et</strong></span> <span class='ocrx_word' id='word_1_681' title='bbox 1957 4713 2113 4768; x_wconf 65' lang='lat' dir='ltr'><strong>aqua:</strong></span> 
     </span>
    </p>
   </div>
   <div class='ocr_carea' id='block_1_96' title="bbox 2219 4673 3794 4768">
    <p class='ocr_par' dir='ltr' id='par_1_96' title="bbox 2219 4673 3794 4763">
     <span class='ocr_line' id='line_1_96' title="bbox 2219 4673 3794 4763; baseline -0.006 -26"><span class='ocrx_word' id='word_1_682' title='bbox 2219 4684 2402 4753; x_wconf 77' lang='grc' dir='ltr'>όδμαῖς</span> <span class='ocrx_word' id='word_1_683' title='bbox 2431 4679 2681 4749; x_wconf 85' lang='grc' dir='ltr'>ἀπείροις</span> <span class='ocrx_word' id='word_1_684' title='bbox 2711 4675 2758 4763; x_wconf 47' lang='grc'><strong>⁷⁷</strong></span> <span class='ocrx_word' id='word_1_685' title='bbox 2787 4675 3171 4746; x_wconf 73' lang='grc' dir='ltr'>διωρισμέναιί</span> <span class='ocrx_word' id='word_1_686' title='bbox 3207 4675 3355 4727; x_wconf 86' lang='grc' dir='ltr'>Πόσα</span> <span class='ocrx_word' id='word_1_687' title='bbox 3375 4673 3433 4727; x_wconf 87' lang='grc' dir='ltr'><strong>δέ</strong></span> <span class='ocrx_word' id='word_1_688' title='bbox 3461 4674 3560 4744; x_wconf 86' lang='grc' dir='ltr'>τῆς</span> <span class='ocrx_word' id='word_1_689' title='bbox 3589 4674 3794 4746; x_wconf 85' lang='grc' dir='ltr'>χέρσου</span> 
     </span>
    </p>
   </div>
   <div class='ocr_carea' id='block_1_97' title="bbox 547 4787 2113 4858">
    <p class='ocr_par' dir='ltr' id='par_1_97' title="bbox 547 4787 2113 4858">
     <span class='ocr_line' id='line_1_97' title="bbox 547 4787 2113 4858; baseline -0.001 -13"><span class='ocrx_word' id='word_1_690' title='bbox 547 4792 825 4851; x_wconf 87' lang='lat' dir='ltr'><strong>animalia,</strong></span> <span class='ocrx_word' id='word_1_691' title='bbox 879 4802 1108 4858; x_wconf 79' lang='lat' dir='ltr'><strong>quorum</strong></span> <span class='ocrx_word' id='word_1_692' title='bbox 1148 4787 1486 4856; x_wconf 85' lang='lat' dir='ltr'><strong>impossibile</strong></span> <span class='ocrx_word' id='word_1_693' title='bbox 1528 4793 1614 4841; x_wconf 87' lang='lat' dir='ltr'><strong>est</strong></span> <span class='ocrx_word' id='word_1_694' title='bbox 1652 4800 1939 4841; x_wconf 88' lang='lat' dir='ltr'><strong>recensere</strong></span> <span class='ocrx_word' id='word_1_695' title='bbox 1974 4788 2113 4858; x_wconf 81' lang='lat' dir='ltr'><strong>figu-</strong></span> 
     </span>
    </p>
   </div>
   <div class='ocr_carea' id='block_1_98' title="bbox 2213 4759 3793 4839">
    <p class='ocr_par' dir='ltr' id='par_1_98' title="bbox 2213 4759 3793 4839">
     <span class='ocr_line' id='line_1_98' title="bbox 2213 4759 3793 4839; baseline -0.009 -10"><span class='ocrx_word' id='word_1_696' title='bbox 2213 4775 2327 4839; x_wconf 77' lang='grc' dir='ltr'>ζῶα</span> <span class='ocrx_word' id='word_1_697' title='bbox 2360 4774 2454 4827; x_wconf 68' lang='grc' dir='ltr'><strong>καὶ¹</strong></span> <span class='ocrx_word' id='word_1_698' title='bbox 2482 4770 2590 4824; x_wconf 91' lang='grc' dir='ltr'><strong>τῶν</strong></span> <span class='ocrx_word' id='word_1_699' title='bbox 2631 4771 2689 4821; x_wconf 87' lang='grc' dir='ltr'><strong>ἐν</strong></span> <span class='ocrx_word' id='word_1_700' title='bbox 2718 4759 2906 4820; x_wconf 76' lang='grc' dir='ltr'>ὑὸασιν</span> <span class='ocrx_word' id='word_1_701' title='bbox 2928 4767 2995 4828; x_wconf 76' lang='grc'><strong>⁷⁷,</strong></span> <span class='ocrx_word' id='word_1_702' title='bbox 3036 4759 3109 4819; x_wconf 85' lang='grc' dir='ltr'><strong>ὧν</strong></span> <span class='ocrx_word' id='word_1_703' title='bbox 3147 4766 3408 4819; x_wconf 87' lang='grc' dir='ltr'>ἀδύνατον</span> <span class='ocrx_word' id='word_1_704' title='bbox 3436 4767 3613 4818; x_wconf 77' lang='grc' dir='ltr'>εἰπεῖν</span> <span class='ocrx_word' id='word_1_705' title='bbox 3657 4770 3793 4836; x_wconf 79' lang='grc' dir='ltr'>σχή-</span> 
     </span>
    </p>
   </div>
   <div class='ocr_carea' id='block_1_99' title="bbox 546 4857 2133 4947">
    <p class='ocr_par' dir='ltr' id='par_1_99' title="bbox 546 4857 2112 4947">
     <span class='ocr_line' id='line_1_99' title="bbox 546 4857 2112 4947; baseline -0.003 -11"><span class='ocrx_word' id='word_1_706' title='bbox 546 4897 659 4947; x_wconf 85' lang='lat' dir='ltr'><strong>ras,</strong></span> <span class='ocrx_word' id='word_1_707' title='bbox 686 4857 912 4943; x_wconf 83' lang='lat' dir='ltr'><strong>formas,</strong></span> <span class='ocrx_word' id='word_1_708' title='bbox 935 4877 1095 4942; x_wconf 87' lang='lat' dir='ltr'><strong>situs,</strong></span> <span class='ocrx_word' id='word_1_709' title='bbox 1125 4875 1357 4941; x_wconf 90' lang='lat' dir='ltr'><strong>colores,</strong></span> <span class='ocrx_word' id='word_1_710' title='bbox 1381 4872 1599 4930; x_wconf 89' lang='lat' dir='ltr'><strong>vivendi</strong></span> <span class='ocrx_word' id='word_1_711' title='bbox 1624 4872 1886 4939; x_wconf 90' lang='lat' dir='ltr'><strong>rationes,</strong></span> <span class='ocrx_word' id='word_1_712' title='bbox 1914 4857 2112 4931; x_wconf 86' lang='lat' dir='ltr'><strong>sensus</strong></span> 
     </span>
    </p>
   </div>
   <div class='ocr_carea' id='block_1_100' title="bbox 2219 4857 3792 4947">
    <p class='ocr_par' dir='ltr' id='par_1_100' title="bbox 2219 4857 3792 4941">
     <span class='ocr_line' id='line_1_100' title="bbox 2219 4857 3792 4941; baseline -0.007 -20"><span class='ocrx_word' id='word_1_713' title='bbox 2219 4885 2380 4941; x_wconf 90' lang='grc' dir='ltr'>ματα,</span> <span class='ocrx_word' id='word_1_714' title='bbox 2413 4863 2655 4937; x_wconf 78' lang='grc' dir='ltr'>μορφὰς,</span> <span class='ocrx_word' id='word_1_715' title='bbox 2690 4860 2899 4924; x_wconf 85' lang='grc' dir='ltr'>θέσεις,</span> <span class='ocrx_word' id='word_1_716' title='bbox 2942 4857 3210 4930; x_wconf 83' lang='grc' dir='ltr'>χρώματα</span> <span class='ocrx_word' id='word_1_717' title='bbox 3247 4858 3314 4923; x_wconf 82' lang='grc'><strong>⁸⁸,</strong></span> <span class='ocrx_word' id='word_1_718' title='bbox 3340 4857 3506 4927; x_wconf 87' lang='grc' dir='ltr'>βίους,</span> <span class='ocrx_word' id='word_1_719' title='bbox 3542 4857 3792 4931; x_wconf 81' lang='grc' dir='ltr'>γνώμας,</span> 
     </span>
    </p>
   </div>
   <div class='ocr_carea' id='block_1_101' title="bbox 1812 5047 2519 5111">
    <p class='ocr_par' dir='ltr' id='par_1_101' title="bbox 1812 5047 2519 5111">
     <span class='ocr_line' id='line_1_101' title="bbox 1812 5047 2519 5111; baseline -0.007 -6"><span class='ocrx_word' id='word_1_720' title='bbox 1812 5050 2045 5111; x_wconf 68' lang='grc' dir='ltr'><strong>νΑΒῐιΕ</strong></span> <span class='ocrx_word' id='word_1_721' title='bbox 2115 5047 2519 5107; x_wconf 81' lang='lat' dir='ltr'><strong>LECTIONES.</strong></span> 
     </span>
    </p>
   </div>
   <div class='ocr_carea' id='block_1_102' title="bbox 618 5179 3681 5263">
    <p class='ocr_par' dir='ltr' id='par_1_102' title="bbox 618 5179 3681 5263">
     <span class='ocr_line' id='line_1_102' title="bbox 618 5179 3681 5263; baseline -0.001 4"><span class='ocrx_word' id='word_1_722' title='bbox 618 5195 663 5227; x_wconf 82' lang='lat'><strong>“</strong></span> <span class='ocrx_word' id='word_1_723' title='bbox 690 5195 755 5263; x_wconf 72' lang='grc' dir='ltr'>τῇ</span> <span class='ocrx_word' id='word_1_724' title='bbox 793 5194 854 5245; x_wconf 86' lang='lat'><strong>0-</strong></span> <span class='ocrx_word' id='word_1_725' title='bbox 888 5191 973 5263; x_wconf 59' lang='lat'><strong>,-&quot;</strong></span> <span class='ocrx_word' id='word_1_726' title='bbox 1005 5191 1124 5263; x_wconf 67' lang='grc' dir='ltr'>διζδ</span> <span class='ocrx_word' id='word_1_727' title='bbox 1160 5189 1222 5263; x_wconf 82' lang='lat' dir='ltr'><strong>C_-</strong></span> <span class='ocrx_word' id='word_1_728' title='bbox 1300 5186 1443 5263; x_wconf 50' lang='grc' dir='ltr'><strong>Ἤρ</strong></span> <span class='ocrx_word' id='word_1_729' title='bbox 1473 5183 1678 5263; x_wconf 48' lang='lat'><strong>0&amp;5</strong></span> <span class='ocrx_word' id='word_1_730' title='bbox 1737 5199 1789 5263; x_wconf 66' lang='lat'><strong>0.-</strong></span> <span class='ocrx_word' id='word_1_731' title='bbox 1820 5186 2039 5263; x_wconf 55' lang='grc' dir='ltr'>Ερίειοο</span> <span class='ocrx_word' id='word_1_732' title='bbox 2072 5184 2179 5263; x_wconf 55' lang='lat' dir='ltr'><strong>es.</strong></span> <span class='ocrx_word' id='word_1_733' title='bbox 2206 5179 2591 5263; x_wconf 64' lang='grc' dir='ltr'><strong>,εὑχῴμερξιέ-</strong></span> <span class='ocrx_word' id='word_1_734' title='bbox 2633 5259 2642 5263; x_wconf 88' lang='lat'>_</span> <span class='ocrx_word' id='word_1_735' title='bbox 2704 5179 2748 5210; x_wconf 85' lang='lat'>&quot;</span> <span class='ocrx_word' id='word_1_736' title='bbox 2790 5179 3333 5263; x_wconf 54' lang='lat' dir='ltr'><strong>°=9??“59,_9,9é.$</strong></span> <span class='ocrx_word' id='word_1_737' title='bbox 3362 5216 3397 5263; x_wconf 63' lang='lat' dir='ltr'><strong>r</strong></span> <span class='ocrx_word' id='word_1_738' title='bbox 3431 5179 3681 5263; x_wconf 62' lang='grc' dir='ltr'><strong>ἑποῖῑεέῐ</strong></span> 
     </span>
    </p>
   </div>
   <div class='ocr_carea' id='block_1_103' title="bbox 1760 5245 3792 5327">
    <p class='ocr_par' dir='ltr' id='par_1_103' title="bbox 1760 5245 3792 5327">
     <span class='ocr_line' id='line_1_103' title="bbox 1760 5245 3792 5327; baseline -0.004 -20"><span class='ocrx_word' id='word_1_739' title='bbox 1760 5245 1931 5327; x_wconf 71' lang='grc' dir='ltr'>ἔχητε</span> <span class='ocrx_word' id='word_1_740' title='bbox 1950 5254 2007 5309; x_wconf 93' lang='lat' dir='ltr'><strong>S.</strong></span> <span class='ocrx_word' id='word_1_741' title='bbox 2039 5245 2386 5327; x_wconf 43' lang='lat' dir='ltr'><strong>u&#39;idépt&#39;llf</strong></span> <span class='ocrx_word' id='word_1_742' title='bbox 2421 5254 2492 5327; x_wconf 81' lang='lat'><strong>_&quot;&#39;</strong></span> <span class='ocrx_word' id='word_1_743' title='bbox 2521 5251 2775 5304; x_wconf 89' lang='lat' dir='ltr'><strong>Fortasse</strong></span> <span class='ocrx_word' id='word_1_744' title='bbox 2797 5248 3141 5327; x_wconf 73' lang='lat' dir='ltr'><strong>scribendum</strong></span> <span class='ocrx_word' id='word_1_745' title='bbox 3169 5245 3402 5327; x_wconf 67' lang='grc' dir='ltr'>πριῦτως</span> <span class='ocrx_word' id='word_1_746' title='bbox 3558 5245 3606 5276; x_wconf 72' lang='grc'><strong>⁷⁸</strong></span> <span class='ocrx_word' id='word_1_747' title='bbox 3633 5245 3792 5327; x_wconf 55' lang='grc' dir='ltr'>ἐναν-</span> 
     </span>
    </p>
   </div>
   <div class='ocr_carea' id='block_1_104' title="bbox 545 5249 1675 5323">
    <p class='ocr_par' dir='ltr' id='par_1_104' title="bbox 545 5249 1675 5323">
     <span class='ocr_line' id='line_1_104' title="bbox 545 5249 1675 5323; baseline -0.01 -4"><span class='ocrx_word' id='word_1_748' title='bbox 545 5267 593 5299; x_wconf 76' lang='lat'><strong>&quot;</strong></span> <span class='ocrx_word' id='word_1_749' title='bbox 622 5249 849 5319; x_wconf 68' lang='grc' dir='ltr'>ἐκδίκῶν</span> <span class='ocrx_word' id='word_1_750' title='bbox 874 5260 921 5316; x_wconf 87' lang='grc'><strong>0</strong></span> <span class='ocrx_word' id='word_1_751' title='bbox 971 5278 1019 5315; x_wconf 91' lang='lat' dir='ltr'><strong>c.</strong></span> <span class='ocrx_word' id='word_1_752' title='bbox 1056 5260 1097 5311; x_wconf 91' lang='lat' dir='ltr'><strong>D</strong></span> <span class='ocrx_word' id='word_1_753' title='bbox 1128 5302 1143 5323; x_wconf 94' lang='lat'><strong>,</strong></span> <span class='ocrx_word' id='word_1_754' title='bbox 1165 5260 1359 5312; x_wconf 85' lang='grc' dir='ltr'>ἐδικεῖν</span> <span class='ocrx_word' id='word_1_755' title='bbox 1379 5258 1441 5312; x_wconf 84' lang='lat' dir='ltr'><strong>C.</strong></span> <span class='ocrx_word' id='word_1_756' title='bbox 1533 5258 1579 5288; x_wconf 83' lang='lat'>“</span> <span class='ocrx_word' id='word_1_757' title='bbox 1603 5254 1675 5309; x_wconf 88' lang='lat' dir='ltr'><strong>Le</strong></span> 
     </span>
    </p>
   </div>
   <div class='ocr_carea' id='block_1_105' title="bbox 2704 5172 3790 5246">
    <p class='ocr_par' dir='ltr' id='par_1_105' title="bbox 2704 5172 3790 5246">
     <span class='ocr_line' id='line_1_105' title="bbox 2704 5172 3790 5246; baseline 0.022 -37"><span class='ocrx_word' id='word_1_758' title='bbox 2704 5178 2748 5210; x_wconf 74' lang='lat' dir='ltr'><strong>ss</strong></span> <span class='ocrx_word' id='word_1_759' title='bbox 2790 5175 3058 5246; x_wconf 71' lang='grc' dir='ltr'>ὑποσταίη</span> <span class='ocrx_word' id='word_1_760' title='bbox 3112 5173 3157 5229; x_wconf 92' lang='grc' dir='ltr'>Ο</span> <span class='ocrx_word' id='word_1_761' title='bbox 3208 5172 3333 5246; x_wconf 91' lang='lat' dir='ltr'><strong>c._S</strong></span> <span class='ocrx_word' id='word_1_762' title='bbox 3362 5216 3377 5239; x_wconf 94' lang='lat'><strong>,</strong></span> <span class='ocrx_word' id='word_1_763' title='bbox 3431 5175 3699 5246; x_wconf 84' lang='grc' dir='ltr'>ὑποστείῃ</span> <span class='ocrx_word' id='word_1_764' title='bbox 3727 5177 3790 5233; x_wconf 90' lang='lat' dir='ltr'><strong>C.</strong></span> 
     </span>
    </p>
   </div>
   <div class='ocr_carea' id='block_1_106' title="bbox 544 5272 3793 5399">
    <p class='ocr_par' dir='ltr' id='par_1_106' title="bbox 544 5272 3793 5399">
     <span class='ocr_line' id='line_1_106' title="bbox 545 5272 3792 5327; baseline -0.006 -8"><span class='ocrx_word' id='word_1_765' title='bbox 545 5272 593 5299; x_wconf 73' lang='lat'>&quot;</span> <span class='ocrx_word' id='word_1_766' title='bbox 622 5272 849 5319; x_wconf 76' lang='grc' dir='ltr'>ἐκδικῶν</span> <span class='ocrx_word' id='word_1_767' title='bbox 874 5272 921 5316; x_wconf 85' lang='grc' dir='ltr'>υ</span> <span class='ocrx_word' id='word_1_768' title='bbox 971 5278 1019 5315; x_wconf 85' lang='lat' dir='ltr'><strong>C.</strong></span> <span class='ocrx_word' id='word_1_769' title='bbox 1057 5272 1097 5311; x_wconf 87' lang='grc' dir='ltr'>υ</span> <span class='ocrx_word' id='word_1_770' title='bbox 1128 5302 1143 5323; x_wconf 92' lang='grc'><strong>,</strong></span> <span class='ocrx_word' id='word_1_771' title='bbox 1165 5272 1359 5312; x_wconf 79' lang='grc' dir='ltr'>εοικειν</span> <span class='ocrx_word' id='word_1_772' title='bbox 1379 5272 1441 5312; x_wconf 68' lang='grc' dir='ltr'><strong>υ.</strong></span> <span class='ocrx_word' id='word_1_773' title='bbox 1534 5272 1579 5288; x_wconf 80' lang='grc'><strong>⁷⁸</strong></span> <span class='ocrx_word' id='word_1_774' title='bbox 1604 5272 1675 5309; x_wconf 80' lang='lat' dir='ltr'><strong>Le</strong></span> <span class='ocrx_word' id='word_1_775' title='bbox 1717 5296 1730 5308; x_wconf 93' lang='lat'><strong>.</strong></span> <span class='ocrx_word' id='word_1_776' title='bbox 1760 5272 1919 5327; x_wconf 86' lang='grc' dir='ltr'>εχητε</span> <span class='ocrx_word' id='word_1_777' title='bbox 1950 5272 2007 5309; x_wconf 71' lang='grc' dir='ltr'><strong>δ.</strong></span> <span class='ocrx_word' id='word_1_778' title='bbox 2090 5272 2130 5287; x_wconf 84' lang='grc'><strong>’⁵</strong></span> <span class='ocrx_word' id='word_1_779' title='bbox 2157 5272 2278 5325; x_wconf 88' lang='grc' dir='ltr'>αερι</span> <span class='ocrx_word' id='word_1_780' title='bbox 2307 5272 2369 5309; x_wconf 72' lang='lat' dir='ltr'><strong>h.</strong></span> <span class='ocrx_word' id='word_1_781' title='bbox 2451 5272 2492 5284; x_wconf 91' lang='lat'><strong>&quot;</strong></span> <span class='ocrx_word' id='word_1_782' title='bbox 2521 5272 2775 5304; x_wconf 76' lang='lat' dir='ltr'><strong>rortasse</strong></span> <span class='ocrx_word' id='word_1_783' title='bbox 2797 5272 3141 5326; x_wconf 59' lang='lat' dir='ltr'><strong>aul‘lpcuuuul</strong></span> <span class='ocrx_word' id='word_1_784' title='bbox 3169 5272 3399 5327; x_wconf 60' lang='grc' dir='ltr'>Ἷξρξυτως</span> <span class='ocrx_word' id='word_1_785' title='bbox 3433 5272 3492 5298; x_wconf 70' lang='grc' dir='ltr'><strong>ο.</strong></span> <span class='ocrx_word' id='word_1_786' title='bbox 3564 5272 3601 5276; x_wconf 55' lang='grc' dir='ltr'>η</span> <span class='ocrx_word' id='word_1_787' title='bbox 3633 5272 3792 5299; x_wconf 71' lang='grc' dir='ltr'>ιναν-</span> 
     </span>
     <span class='ocr_line' id='line_1_107' title="bbox 544 5272 3793 5399; baseline -0.006 -9"><span class='ocrx_word' id='word_1_788' title='bbox 544 5339 677 5399; x_wconf 87' lang='grc' dir='ltr'>τίοις</span> <span class='ocrx_word' id='word_1_789' title='bbox 711 5340 772 5387; x_wconf 85' lang='grc' dir='ltr'>υ.</span> <span class='ocrx_word' id='word_1_790' title='bbox 846 5334 892 5364; x_wconf 83' lang='grc'><strong>⁷⁸</strong></span> <span class='ocrx_word' id='word_1_791' title='bbox 918 5331 992 5385; x_wconf 91' lang='lat' dir='ltr'><strong>Ita</strong></span> <span class='ocrx_word' id='word_1_792' title='bbox 1034 5330 1092 5385; x_wconf 91' lang='lat' dir='ltr'><strong>S.</strong></span> <span class='ocrx_word' id='word_1_793' title='bbox 1127 5332 1274 5399; x_wconf 76' lang='grc' dir='ltr'>ὅμως</span> <span class='ocrx_word' id='word_1_794' title='bbox 1305 5329 1365 5392; x_wconf 73' lang='lat'><strong>(3,</strong></span> <span class='ocrx_word' id='word_1_795' title='bbox 1404 5326 1468 5399; x_wconf 60' lang='grc' dir='ltr'><strong>ί).</strong></span> <span class='ocrx_word' id='word_1_796' title='bbox 1506 5327 1591 5399; x_wconf 84' lang='lat'><strong>__&quot;</strong></span> <span class='ocrx_word' id='word_1_797' title='bbox 1616 5272 1725 5399; x_wconf 53' lang='grc' dir='ltr'><strong>ἐχξ⁸</strong></span> <span class='ocrx_word' id='word_1_798' title='bbox 1745 5325 1870 5399; x_wconf 62' lang='lat' dir='ltr'><strong>(sic)</strong></span> <span class='ocrx_word' id='word_1_799' title='bbox 1897 5323 2008 5399; x_wconf 82' lang='lat'><strong>0._</strong></span> <span class='ocrx_word' id='word_1_800' title='bbox 2038 5325 2081 5356; x_wconf 90' lang='lat'><strong>&quot;</strong></span> <span class='ocrx_word' id='word_1_801' title='bbox 2103 5323 2165 5399; x_wconf 64' lang='lat' dir='ltr'><strong>gl</strong></span> <span class='ocrx_word' id='word_1_802' title='bbox 2215 5325 2359 5399; x_wconf 58' lang='grc' dir='ltr'>κατὰ</span> <span class='ocrx_word' id='word_1_803' title='bbox 2389 5323 2507 5399; x_wconf 80' lang='lat' dir='ltr'><strong>sine</strong></span> <span class='ocrx_word' id='word_1_804' title='bbox 2534 5336 2698 5377; x_wconf 88' lang='lat' dir='ltr'><strong>causa</strong></span> <span class='ocrx_word' id='word_1_805' title='bbox 2724 5336 2788 5375; x_wconf 87' lang='lat' dir='ltr'><strong>ac</strong></span> <span class='ocrx_word' id='word_1_806' title='bbox 2816 5325 2978 5372; x_wconf 79' lang='lat' dir='ltr'><strong>tacite</strong></span> <span class='ocrx_word' id='word_1_807' title='bbox 3005 5324 3235 5371; x_wconf 76' lang='lat' dir='ltr'><strong>mutavit</strong></span> <span class='ocrx_word' id='word_1_808' title='bbox 3256 5331 3311 5369; x_wconf 87' lang='lat' dir='ltr'><strong>tn</strong></span> <span class='ocrx_word' id='word_1_809' title='bbox 3339 5315 3501 5385; x_wconf 85' lang='grc' dir='ltr'>μετά,</span> <span class='ocrx_word' id='word_1_810' title='bbox 3529 5318 3681 5385; x_wconf 87' lang='lat' dir='ltr'><strong>quod</strong></span> <span class='ocrx_word' id='word_1_811' title='bbox 3706 5334 3793 5372; x_wconf 86' lang='lat' dir='ltr'><strong>re-</strong></span> 
     </span>
    </p>
   </div>
   <div class='ocr_carea' id='block_1_107' title="bbox 545 5392 2477 5479">
    <p class='ocr_par' dir='ltr' id='par_1_107' title="bbox 545 5392 2477 5479">
     <span class='ocr_line' id='line_1_108' title="bbox 545 5392 2477 5479; baseline -0.01 -14"><span class='ocrx_word' id='word_1_812' title='bbox 545 5392 698 5479; x_wconf 75' lang='lat' dir='ltr'><strong>petiit</strong></span> <span class='ocrx_word' id='word_1_813' title='bbox 722 5404 782 5460; x_wconf 88' lang='lat' dir='ltr'><strong>s.</strong></span> <span class='ocrx_word' id='word_1_814' title='bbox 864 5403 913 5435; x_wconf 72' lang='grc' dir='ltr'>τε</span> <span class='ocrx_word' id='word_1_815' title='bbox 938 5392 1265 5473; x_wconf 54' lang='grc' dir='ltr'>ἀπειρωῸμ</span> <span class='ocrx_word' id='word_1_816' title='bbox 1314 5400 1360 5433; x_wconf 78' lang='grc' dir='ltr'><strong>το</strong></span> <span class='ocrx_word' id='word_1_817' title='bbox 1400 5397 1589 5453; x_wconf 77' lang='lat' dir='ltr'><strong>Scribe</strong></span> <span class='ocrx_word' id='word_1_818' title='bbox 1615 5392 1768 5449; x_wconf 55' lang='grc' dir='ltr'>τὰίψ</span> <span class='ocrx_word' id='word_1_819' title='bbox 1796 5392 2037 5448; x_wconf 78' lang='grc' dir='ltr'>ὓδασι.ί).</span> <span class='ocrx_word' id='word_1_820' title='bbox 2114 5394 2160 5425; x_wconf 77' lang='grc' dir='ltr'>ιο</span> <span class='ocrx_word' id='word_1_821' title='bbox 2195 5393 2394 5465; x_wconf 87' lang='grc' dir='ltr'>χρῶμα</span> <span class='ocrx_word' id='word_1_822' title='bbox 2414 5393 2477 5447; x_wconf 78' lang='lat' dir='ltr'><strong>o.</strong></span> 
     </span>
    </p>
   </div>
   <div class='ocr_carea' id='block_1_108' title="bbox 1830 5549 2463 5621">
    <p class='ocr_par' dir='ltr' id='par_1_108' title="bbox 1830 5549 2463 5621">
     <span class='ocr_line' id='line_1_109' title="bbox 1830 5549 2463 5621; baseline -0.002 -12"><span class='ocrx_word' id='word_1_823' title='bbox 1830 5551 2195 5621; x_wconf 67' lang='lat' dir='ltr'><strong>\‘ARIOBUM</strong></span> <span class='ocrx_word' id='word_1_824' title='bbox 2228 5549 2463 5608; x_wconf 75' lang='grc' dir='ltr'><strong>ΝΟΤιΕ.</strong></span> 
     </span>
    </p>
   </div>
   <div class='ocr_carea' id='block_1_109' title="bbox 618 5703 993 5776">
    <p class='ocr_par' dir='ltr' id='par_1_109' title="bbox 618 5703 993 5776">
     <span class='ocr_line' id='line_1_110' title="bbox 618 5703 993 5776; baseline 0.016 -6"><span class='ocrx_word' id='word_1_825' title='bbox 618 5708 637 5770; x_wconf 79' lang='grc' dir='ltr'><strong>ί</strong></span> <span class='ocrx_word' id='word_1_826' title='bbox 641 5706 732 5776; x_wconf 86' lang='lat'><strong>66)</strong></span> <span class='ocrx_word' id='word_1_827' title='bbox 756 5703 993 5776; x_wconf 64' lang='grc' dir='ltr'><strong>ηρῶτρις</strong></span> 
     </span>
    </p>
   </div>
   <div class='ocr_carea' id='block_1_110' title="bbox 545 5768 1428 5838">
    <p class='ocr_par' dir='ltr' id='par_1_110' title="bbox 545 5768 1428 5838">
     <span class='ocr_line' id='line_1_111' title="bbox 545 5768 1428 5838; baseline -0.014 -5"><span class='ocrx_word' id='word_1_828' title='bbox 545 5788 596 5833; x_wconf 80' lang='lat' dir='ltr'><strong>et</strong></span> <span class='ocrx_word' id='word_1_829' title='bbox 619 5768 825 5833; x_wconf 67' lang='lat' dir='ltr'><strong>dierum</strong></span> <span class='ocrx_word' id='word_1_830' title='bbox 856 5790 905 5830; x_wconf 88' lang='lat' dir='ltr'><strong>v.</strong></span> <span class='ocrx_word' id='word_1_831' title='bbox 934 5768 1033 5829; x_wconf 68' lang='lat'><strong>291</strong></span> <span class='ocrx_word' id='word_1_832' title='bbox 1068 5778 1122 5827; x_wconf 86' lang='lat' dir='ltr'><strong>et</strong></span> <span class='ocrx_word' id='word_1_833' title='bbox 1150 5784 1263 5838; x_wconf 83' lang='lat' dir='ltr'><strong>seq.</strong></span> <span class='ocrx_word' id='word_1_834' title='bbox 1292 5768 1428 5824; x_wconf 78' lang='lat' dir='ltr'><strong>Cor.</strong></span> 
     </span>
    </p>
   </div>
   <div class='ocr_carea' id='block_1_111' title="bbox 1156 5679 3781 5766">
    <p class='ocr_par' dir='ltr' id='par_1_111' title="bbox 1156 5679 3781 5766">
     <span class='ocr_line' id='line_1_112' title="bbox 1156 5679 3781 5766; baseline -0.009 -14"><span class='ocrx_word' id='word_1_835' title='bbox 1156 5696 1324 5752; x_wconf 84' lang='grc' dir='ltr'>ὅτιτὸ</span> <span class='ocrx_word' id='word_1_836' title='bbox 1346 5697 1600 5765; x_wconf 75' lang='grc' dir='ltr'>εὔλογον</span> <span class='ocrx_word' id='word_1_837' title='bbox 1619 5694 1719 5766; x_wconf 67' lang='grc' dir='ltr'><strong>ἀφ’</strong></span> <span class='ocrx_word' id='word_1_838' title='bbox 1740 5692 1987 5763; x_wconf 79' lang='grc' dir='ltr'>ἑαυτῶν,</span> <span class='ocrx_word' id='word_1_839' title='bbox 2006 5700 2110 5749; x_wconf 86' lang='lat' dir='ltr'><strong>etc.</strong></span> <span class='ocrx_word' id='word_1_840' title='bbox 2145 5687 2384 5763; x_wconf 79' lang='lat' dir='ltr'><strong>Respicit</strong></span> <span class='ocrx_word' id='word_1_841' title='bbox 2422 5688 2491 5746; x_wconf 87' lang='lat' dir='ltr'><strong>ad</strong></span> <span class='ocrx_word' id='word_1_842' title='bbox 2530 5684 3006 5745; x_wconf 83' lang='lat' dir='ltr'><strong>decantatissimos</strong></span> <span class='ocrx_word' id='word_1_843' title='bbox 3045 5682 3262 5740; x_wconf 83' lang='lat' dir='ltr'><strong>Ilcsiodi</strong></span> <span class='ocrx_word' id='word_1_844' title='bbox 3288 5698 3492 5737; x_wconf 88' lang='lat' dir='ltr'><strong>versus.</strong></span> <span class='ocrx_word' id='word_1_845' title='bbox 3558 5679 3781 5747; x_wconf 64' lang='lat' dir='ltr'><strong>Operam</strong></span> 
     </span>
    </p>
   </div>
  </div>
