3868 6212
112 307 231 363 135

1231 305 1697 363 CLEMENTINA.
1734 339 1805 349 —
1838 305 2127 363 IIOMILIA
2163 309 2251 365 llI.

3296 313 3397 368 1‘54

107 424 339 490 φύσεις,
366 424 551 493 δχλον·
593 423 674 477 ἔτι
708 442 768 477 τε
802 424 973 496 όρέων
1021 425 1199 496 πλήθη
1231 427 1325 478 καὶ
1373 423 1506 495 ὕψη,
1554 424 1718 477 λίθων

1829 441 1887 477 ne
1921 425 2231 491 instinctus,
2258 436 2510 491 naturas,
2554 425 2955 481 multitudinem
2996 469 3006 478 .
3043 439 3224 483 utnec
3252 445 3406 482 mon-

104 516 417 587 διαφοράς,
480 520 685 588 μυχοὺς
731 517 775 548 ⁸²
828 517 1118 588 φοϐεροὺς,
1169 517 1380 587 πηγὰς,
1419 518 1719 586 ποταμοὺς.

106 607 341 678 λίμνας,
370 608 668 674 θαλάσσας,
696 610 943 679 λιμένας,
973 610 1190 681 νήσους,
1215 608 1365 674 ὔλας,
1395 607 1721 678 οἰκουμένην

104 718 173 752 τε
208 703 394 755 πᾶσαν
423 703 519 755 καὶ
546 704 837 773 ἀοικήτους
866 702 1082 765 τόπους.

188 902 414 957 XXXV.
452 904 601 956 Πόσα
627 904 684 958 δὲ
717 906 811 957 καὶ
838 903 972 959 ἄλλα
1002 904 1253 973 ἄγνωστα
1281 906 1557 975 τυγχάνει,
1596 924 1711 959 στο-

104 995 330 1065 χασμὸν
358 994 664 1068 ἀνθρώπων
683 997 1086 1067 ἐκπεφευγόταί
1114 997 1234 1050 Τῶν
1254 997 1308 1050 δὲ
1329 998 1388 1051 ἐν
1417 998 1720 1069 καταλήψει

103 1088 286 1139 όντων
312 1088 399 1149 τίς
429 1087 737 1158 ἀνθρώπων
772 1088 867 1143 ἕνα
901 1090 1024 1162 ὅρον
1069 1086 1247 1144 οἶδενί
1288 1092 1447 1160 Λέγω
1481 1092 1559 1157 δὲ,
1601 1092 1721 1155 πῶς

101 1180 348 1250 οὐρανὸς
371 1181 616 1243 εἱλεῖται,
636 1180 756 1244 πῶς
776 1182 951 1253 ἄστρα
980 1182 1224 1254 φέρεται,
1248 1184 1343 1236 καὶ
1365 1186 1515 1247 τίνας
1536 1184 1719 1255 έχουσι

101 1270 212 1333 τὰς
246 1271 469 1342 μορφάς
500 1272 597 1325 καὶ
639 1272 734 1325 τοῦ
782 1273 881 1343 ζῇν
925 1268 1025 1345 τὴν
1065 1274 1345 1340 σύστασιν,
1395 1276 1541 1340 τίνες
1579 1294 1638 1329 τε
1668 1279 1716 1330 οἱ

102 1362 325 1414 τούτων
370 1362 633 1433 ἀερώδεις
678 1365 875 1435 τρίὸοι.
925 1365 1098 1419 Πόθεν
1142 1385 1201 1420 τε
1252 1368 1345 1420 καὶ
1392 1370 1461 1421 τὰ
1502 1368 1718 1439 ἀνέμων

105 1454 411 1525 πνεύματα
441 1456 811 1528 περιωθεῖται,
854 1459 946 1511 καὶ
973 1458 1266 1531 διαφόρους
1292 1460 1404 1530 ἔχει
1440 1460 1541 1525 τὰς
1566 1463 1719 1533 ἐνερ-

101 1547 291 1614 γείας.
351 1546 480 1610 Πῶς
509 1548 554 1579 ⁸²
581 1548 885 1613 ἀνελλιπῶς
940 1550 1198 1622 βρύουσιν
1236 1553 1292 1605 αἱ
1349 1554 1555 1623 πηγαὶ,
1623 1555 1718 1607 καὶ

102 1638 332 1690 ἀένναοι
355 1638 403 1670 ⁸³
434 1641 671 1711 ποταμοὶ
708 1642 981 1712 γινόμενοι
1012 1644 1092 1707 είς
1125 1644 1401 1697 Θάλασσαν
1432 1645 1715 1698 καταντῶ-

1828 517 1965 569 tium
2005 515 2364 586 frequentiam
2411 529 2464 572 et
2500 518 2839 585 altitudines,
2883 519 3122 588 lapidum
3174 518 3408 573 diversi-

1824 617 1983 671 tates,
2036 622 2191 663 antra
2253 610 2535 674 terribilia,
2586 610 2802 675 fontes,
2855 610 3091 677 fluvios,
3152 611 3405 681 paludes,

1822 701 2018 765 maria,
2043 710 2253 769 portus,
2280 702 2509 769 insulas,
2549 703 2735 769 silvas,
2762 704 3189 771 universumque
3216 702 3406 756 Otbcm

1823 793 2197 859 habitabilem,
2232 808 2341 849 una
2365 810 2490 849 cum
2520 795 2654 850 locis
2680 795 3155 849 inhabitabilibus.

1891 924 2111 981 XXXV.
2146 926 2362 994 Quanta
2394 943 2525 981 vero
2554 937 2609 981 et
2634 928 2741 982 alia
2772 928 3115 998 ignorantur,
3151 927 3406 981 humani-

1821 1032 1929 1086 que
1976 1018 2143 1071 animi
2223 1019 2397 1071 aciem
2455 1019 2703 1088 fugiunt!
2781 1017 2985 1071 Eorum
3040 1028 3222 1072 autem
3282 1035 3407 1087 quae

1821 1119 2251 1176 cognoscuntur,
2278 1109 2403 1179 quis
2443 1108 2727 1161 hominum
2762 1109 2845 1162 vel
2882 1124 3047 1162 unam
3099 1108 3248 1163 novit
3275 1109 3407 1162 defi-

1822 1200 2115 1255 nitionem!
2178 1200 2298 1266 Quo
2347 1201 2531 1267 modo,
2579 1200 2825 1270 inquam,
2878 1202 3077 1255 cmlutn
3124 1202 3403 1262 volvitur;

1819 1306 1928 1359 quo
1964 1292 2125 1345 modo
2151 1299 2298 1345 astra
2325 1291 2642 1354 decurrunt,
2692 1300 2747 1345 et
2777 1307 2915 1360 quas
2951 1292 3156 1346 habent
3200 1293 3407 1347 formas

1820 1383 2072 1453 undeque
2122 1384 2333 1450 vivunt,
2383 1400 2448 1439 ac
2475 1401 2727 1453 quaenam
2758 1399 2944 1439 eorum
2986 1384 3149 1438 aeria:
3178 1386 3404 1461 semitae.

1817 1472 1948 1527 Item
1987 1474 2129 1529 unde
2156 1485 2443 1530 ventorum
2472 1470 2648 1531 llatus‘
2677 1477 3075 1541 obtruduntur,
3115 1478 3408 1546 variasque

1819 1564 2021 1619 habent
2045 1566 2210 1622 vires.
2243 1565 2364 1632 Quo
2396 1568 2559 1623 modo
2584 1568 2955 1623 indesinenter
2987 1566 3166 1623 fontes
3192 1577 3409 1623 scatent

1817 1666 1872 1710 et
1898 1656 2050 1711 fluvii
2079 1660 2327 1727 perpetui
2358 1660 2424 1714 ad
2457 1676 2610 1715 mare
2637 1661 3011 1727 descendunt;
3048 1670 3103 1715 et
3138 1676 3237 1715 nec
3264 1661 3408 1715 unde

104 1747 215 1791 σιν,
245 1731 347 1783 καὶ
382 1729 509 1784 οὔτε
537 1732 657 1813 ὅθεν
704 1732 953 1805 ἔρχονται
993 1735 1273 1789 κενοῦνται
1303 1737 1369 1800 ⁸⁸,
1410 1736 1534 1790 οὔτε
1578 1739 1713 1792 ὅπου

1829 1751 2045 1804 veniunt
2092 1752 2342 1806 vacuitas
2393 1752 2475 1817 tit,
2529 1768 2632 1809 nec
2681 1769 2791 1822 quo
2843 1754 3047 1807 abeunt
3102 1752 3405 1822 plenitudo.

102 1823 454 1893 ἀπέρχονται
502 1824 823 1896 πληροῦσιν.
879 1827 1058 1899 Μέχρι
1110 1827 1216 1880 ποῦ
1263 1828 1359 1881 τοῦ
1406 1829 1717 1900 ἀπεράντου

1829 1839 2125 1911 Quousque
2153 1843 2399 1912 pervenit
2430 1844 2683 1898 immensi
2730 1846 2920 1898 tartari
2974 1843 3245 1899 infinitum
3280 1858 3410 1914 pro-

102 1917 390 1988 ταρτάρου
423 1918 485 1970 τὸ
516 1918 741 1989 ἄπειρον
766 1918 954 1988 βάθος·
979 1919 1072 1972 ἐπὶ
1096 1919 1203 1973 τίνι
1225 1920 1332 1991 ἄρα
1367 1922 1719 1993 ἐπαιωρεὴαι

1829 1932 2078 1988 fundum.
2140 1933 2316 2005 Super
2366 1951 2479 2005 quo
2529 1937 2881 2006 suspenditur
2959 1936 3202 2001 ctelum,
3259 1937 3407 2006 quod

103 2011 133 2059 ὁ
166 2009 352 2061 πάντα
382 2010 655 2083 περιέχων
681 2010 954 2086 οὐρανός·1
985 2011 1099 2075 πῶς
1151 2012 1257 2082 97
1297 2012 1433 2085 νέφη
1465 2011 1526 2078 ἐξ
1558 2014 1719 2086 ἀέρος

1829 2026 2006 2079 omnia
2031 2027 2295 2081 continet.
2319 2027 2437 2093 Qua
2461 2029 2679 2083 ratione
2702 2029 2874 2083 nubes
2895 2043 2962 2082 ex
2985 2044 3109 2082 aere
3132 2027 3405 2088 diffluunt,

104 2097 294 2170 βρύει,
321 2102 418 2154 καὶ
445 2103 525 2164 είς
548 2102 686 2174 ἀέρα
716 2102 1158 2175 συμπίνεται·τίς
1182 2104 1340 2173 φύσις
1373 2105 1611 2177 βροντῶν
1625 2107 1719 2160 καὶ

1829 2118 1959 2172 etin
2002 2133 2187 2173 aerem
2223 2119 2584 2173 imbibuntur.
2618 2119 2748 2186 Quae
2772 2129 2968 2174 natura
3012 2120 3312 2173 tonitruum
3354 2126 3409 2172 et

106 2194 443 2267 ἀστραπῶν,
487 2195 703 2265 χιόνων,
744 2196 1008 2267 χαλάζης,
1040 2196 1294 2267 ὁμίχλης,
1343 2197 1718 2269 κρυστάλλων,

1829 2208 2129 2279 fulgurum,
2183 2211 2418 2277 nivium,
2466 2211 2773 2282 grandinis,
2827 2211 3070 2277 nebulae,
3119 2210 3310 2281 glaeiei
3354 2217 3409 2263 et

106 2288 472 2358 καταιγίδων,
497 2288 749 2361 ὄμϐρων,
782 2289 960 2359 νεφῶν
997 2291 1415 2362 αἰωρουμένων·
1459 2291 1554 2344 καὶ
1601 2291 1719 2355 πῶς

1829 2300 2243 2369 crystallorum,
2296 2302 2687 2370 procellarum,
2742 2302 3001 2355 imbrium
3068 2302 3408 2371 nubiumque

107 2380 279 2448 φυτὰ,
327 2380 448 2445 ζῶα
477 2380 736 2434 πλάσσει’
765 2381 861 2436 καὶ
886 2381 1059 2436 ταῦτα
1086 2382 1371 2454 διαφοραῖς
1416 2382 1719 2456 ἀναριθμή-

1829 2406 2241 2461 suspensarum.
2299 2392 2368 2447 Et
2422 2408 2533 2463 quo
2573 2403 2731 2463 pacto
2774 2394 2971 2463 planta:
3019 2392 3326 2448 formentur
3352 2401 3409 2448 et

106 2490 223 2536 τοις
252 2474 415 2545 πάσῃ
447 2474 709 2546 ἀκριϐείᾳ
745 2474 983 2545 συνεχῶς
1012 2475 1421 2547 ἀποτελούμενα
1449 2476 1499 2507 ⁸⁵

1829 2480 2102 2546 animalia,
2157 2491 2324 2553 atque
2360 2485 2477 2539 haec
2502 2484 2807 2538 innumeris
2843 2483 3255 2539 diversitatibus
3281 2498 3404 2538 om-

1821 2571 1987 2642 nique
2013 2574 2297 2644 diligentia
2324 2576 2585 2632 continue
2613 2575 2884 2633 confecta.

182 2693 438 2749 XXXVI.
476 2695 668 2766 Ὅμως
692 2696 788 2749 ἐάν
813 2713 900 2760 τις
953 2697 1016 2751 τὸ
1054 2698 1162 2750 πᾶν
1193 2697 1439 2769 ἀκριϐῶς
1472 2697 1721 2771 λογισμῷ

114 2788 306 2859 συνιδῇ
330 2788 400 2851 ³⁸,
451 2788 675 2859 εὑρήσει
702 2789 770 2842 δι’
791 2790 1075 2861 ἄνθρωπον
1094 2791 1185 2843 τὸν
1197 2791 1329 2845 Θεὸν
1359 2792 1716 2864 πεποιηκότα.

112 2883 179 2933 Of.
206 2882 323 2952 γὰρ
358 2880 563 2952 ὄμϐροι
594 2882 824 2953 καρπῶν
852 2883 1013 2966 ἔχε-κα
1039 2884 1299 2952 γίνονται,
1324 2885 1411 2938 ἵνα
1431 2884 1719 2956 ἄνθρωπος

1829 2896 1955 2951 Deo.
1985 2893 2121 2949 Nam
2153 2895 2356 2950 imbres
2384 2904 2603 2965 propter
2631 2894 2814 2964 fruges
2846 2895 3003 2957 fiunt,
3038 2904 3097 2949 ut
3121 2896 3288 2948 homo
3318 2910 3411 2948 su-

112 2974 409 3045 μεταλάϐῃ
444 2975 511 3037 ⁸⁷,
543 2976 639 3028 καὶ
660 2974 774 3040 ζῶα
804 2980 1008 3048 τραφῇ,
1039 2978 1187 3041 ὅπως
1218 2976 1490 3048 ἀνθρώπῳ
1522 2996 1717 3050 χρησι-

1829 2996 1937 3043 mat
1964 2996 2019 3041 et.
2047 2986 2233 3042 bestiae
2287 2986 2625 3052 nutriantur,
2672 3001 2783 3055 quo
2815 2986 3024 3040 homini
3072 2986 3406 3051 inserviant;

118 3065 287 3136 μεύῃ-
321 3066 420 3118 καί
440 3066 593 3135 ἥλιος
636 3066 817 3137 φαίνει
848 3068 942 3121 καὶ
975 3069 1021 3099 ⁸⁸
1049 3070 1139 3121 τὸν
1172 3069 1309 3141 ἀέρα
1339 3072 1419 3134 είς
1446 3071 1719 3143 τέσσαρας

1829 3079 1904 3134 sol
1930 3085 2152 3148 apparet
2185 3092 2249 3131 ac
2272 3076 2435 3143 lucet,
2465 3085 2518 3131 et
2540 3092 2720 3131 aerem
2754 3077 2805 3130 in
2842 3086 3079 3146 quatuor
3107 3076 3234 3132 anni
3272 3085 3411 3131 tem-

110 3157 330 3229 τροπὰς
360 3158 581 3229 τρέπει,
619 3159 708 3212 ἵνα
737 3159 969 3224 ἕκαστος
996 3162 1190 3233 καιρὸς
1217 3161 1285 3214 τά
1309 3161 1417 3215 ἴδια
1448 3162 1719 3235 ἀνθρώπῳ

1829 3178 2066 3242 pestates
2098 3171 2280 3235 vertit,
2308 3177 2367 3223 ut
2389 3185 2731 3239 unaquaeque
2758 3178 3051 3238 tempestas
3081 3184 3204 3239 qua
3246 3170 3411 3225 habet

114 3252 409 3323 παρασχῇ·
464 3252 561 3303 καὶ
600 3251 775 3321 πηγαὶ
814 3251 1069 3321 βρύουσιν
1108 3253 1175 3316 ⁸⁹,
1210 3253 1297 3306 ἴνα
1326 3254 1477 3326 πόμα
1509 3255 1719 3328 ἀνθρὼ-

1829 3264 2034 3319 homini
2064 3263 2360 3332 largiatur;
2396 3261 2574 3316 fontes
2600 3264 2908 3317 scaturiunt
2928 3306 2942 3327 ,
2992 3272 3051 3316 ut
3080 3271 3241 3332 potus
3270 3277 3411 3333 pra.-

112 3359 243 3406 ποις
264 3342 423 3412 δοθῇ.
471 3341 612 3394 Ἀλλ’
667 3341 748 3395 ἐτι
807 3343 912 3414 μὴν
950 3343 1096 3398 κατὰ
1124 3344 1188 3398 τὸ
1242 3345 1466 3401 δυνατὸν
1515 3347 1600 3411 τίς
1628 3348 1719 3402 ἐπὶ

1829 3356 2018 3410 beatur
2040 3354 2375 3409 hominibus.
2408 3353 2489 3408 Ad
2524 3354 2660 3417 lucc,
2685 3354 2962 3423 quisnam,
2990 3363 3256 3424 quantum
3286 3356 3402 3410 ﬁeri

112 3435 217 3504 τῆς
278 3434 519 3499 κτίσεως
562 3435 845 3506 κυριεύει;
882 3437 1018 3507 Οὐχὶ
1065 3436 1390 3509 ἄνθρωπος,
1445 3440 1501 3505 ὃς
1533 3440 1719 3510 σοφίαν

1829 3455 2021 3515 potest,
2052 3445 2371 3499 dominatur
2396 3444 2449 3499 in
2474 3446 2826 3500 creaturam?
2869 3443 3062 3500 Nonne
3086 3447 3291 3500 homo?
3312 3463 3407 3517 qut

115 3528 371 3599 εἴληφεν,
424 3528 530 3599 γῆν
583 3531 873 3598 γεωργεῖν,
939 3528 1216 3582 θάλασσαν
1253 3530 1448 3595 πλεῖν,
1507 3531 1719 3604 νηκτὰ,

1829 3538 2154 3592 industriam
2185 3536 2394 3605 accepit
2416 3536 2627 3590 colendi
2654 3544 2879 3603 terram,
2910 3536 3199 3605 navigandi
3232 3552 3405 3603 mare,

112 3621 325 3692 πτηνὰ,
370 3618 543 3691 θηρία
574 3620 851 3691 ἀγρεύειν,
887 3622 1104 3693 ἄστρων
1137 3621 1335 3694 δρόμον
1360 3623 1719 3693 λογιστεύειν,

1829 3624 2074 3696 capiendi
2100 3624 2303 3695 pisces,
2338 3640 2488 3693 aves,
2530 3623 2706 3692 feras;
2760 3625 3097 3695 expendendi
3129 3634 3405 3681 astrorum

113 3714 221 3782 γῆν
249 3710 628 3782 μεταλλεύειν,
658 3712 934 3767 θάλασσαν
969 3713 1178 3785 σήθειν,
1243 3714 1430 3779 πόλεις
1463 3716 1719 3788 ἐγείρειν,

1829 3732 2073 3785 cursum,
2103 3715 2382 3772 scrutandi
2410 3724 2632 3784 terram,
2660 3717 2898 3772 lindendi
2928 3733 3099 3783 mare,
3133 3718 3408 3775 condendi

119 3803 368 3873 βασιλεῖς
409 3802 456 3837 ⁹⁹
483 3803 712 3875 ὁρίζειν,
763 3804 962 3875 νόμους
997 3805 1241 3870 τάσσειν,
1297 3806 1558 3872 δικάζειν,
1591 3807 1719 3863 Θεὸν

1829 3811 2009 3877 urbes,
2039 3809 2363 3880 designandi
2392 3824 2568 3880 reges,
2614 3809 2823 3866 ferendi
2881 3812 3047 3883 leges,
3098 3813 3406 3883 judicandi,

1825 3901 1996 3955 Deum
2022 3900 2351 3957 invisibilem
2393 3903 2801 3972 cognoscendi,
2828 3904 3033 3958 sciendi
3059 3906 3280 3958 nomina
3304 3920 3408 3958 an-

1890 2707 2134 2763 XXXVI.
2160 2707 2348 2780 Itaque
2374 2711 2469 2780 qui
2494 2711 2810 2766 universum
2857 2719 3114 2767 accurate
3155 2711 3410 2767 conside-

1821 2802 2043 2866 raverit,
2078 2802 2341 2869 inveniet,
2369 2802 2613 2858 hominis
2643 2818 2813 2859 causa
2857 2804 2907 2858 id
2935 2803 3136 2859 factum
3164 2803 3333 2860 fuisse
3374 2819 3409 2857 a

117 3897 361 3967 ἀόρατον
393 3899 559 3959 νοεῖν,
594 3897 841 3965 ἀγγέλων
872 3897 1111 3969 ὀνόματα
1134 3898 1444 3970 γνωρίζειν,
1465 3899 1723 3970 δαίμονας

114 3986 479 4049 ἀπελαύνειν,
532 3987 724 4051 νόσους
769 3990 1114 4060 φαρμακίαις
1164 3990 1459 4062 πειρᾶσθαι
1502 3992 1720 4057 παύειν,

117 4080 265 4132 κατά
294 4081 342 4133 δ’
382 4079 605 4133 ἰοϐόλων
669 4081 915 4152 ἑρπετῶν
949 4080 1208 4147 ἐπαοιδὰς
1239 4083 1540 4155 εὑρίσκειν,
1571 4085 1723 4139 ἀντι-

120 4174 363 4238 παθείας
388 4174 627 4226 ἐπινοεῖν
650 4190 667 4241 ;

1825 3994 2093 4064 gelorum,
2155 3994 2461 4063 expellendi
2515 3994 2814 4062 daemones,
2869 3995 3107 4050 tentandi
3157 3997 3410 4051 remediis

1823 4083 2045 4138 morbos
2076 4084 2289 4152 sedare,
2321 4085 2633 4139 inveniendi
2684 4085 3086 4141 incantationes
3117 4088 3405 4143 adversum

1824 4186 2121 4232 venenatos
2152 4187 2454 4247 serpentes,
2483 4179 2950 4234 animadvertendi
3003 4195 3185 4233 rerum
3214 4192 3407 4235 mutuo
3454 4242 3461 4249 ι

1826 4283 1885 4325 se
1906 4269 2239 4340 abigentium
2265 4271 2703 4342 repugnantiam.

192 4397 471 4453 XXXVII.
510 4397 574 4450 Εί
602 4395 658 4449 δὲ
684 4396 1043 4467 εὐψωμονείς
1074 4396 1141 4461 ⁹¹,
1160 4394 1719 4468 ἄνθρωπε,νενοηκὼς

1899 4401 2170 4457 XXXVII.
2202 4402 2356 4469 Quod
2403 4404 2449 4459 si
2497 4413 2713 4473 gratum
2756 4412 2807 4458 te
2836 4411 3087 4472 praestas,
3118 4401 3305 4469 homo,
3354 4414 3410 4458 et

122 4496 217 4548 τὸν
245 4493 308 4545 ἐν
338 4492 511 4543 πᾶσιν
546 4489 982 4561 εὐεργετήσαντά
1012 4506 1073 4543 σε
1120 4489 1274 4551 Θεὸν,
1313 4490 1407 4542 καὶ
1447 4489 1718 4553 ἀθάνατος

123 4587 191 4638 ἀν
212 4582 303 4656 ᾖς,
322 4583 435 4635 τῶν
449 4582 540 4635 διά
559 4582 621 4635 σὲ
649 4581 974 4636 κτισθέντων
995 4583 1061 4635 δι’
1091 4581 1510 4653 εὐγνωμοσύνην
1532 4583 1647 4653 98
1664 4582 1725 4636 τὸ

125 4677 415 4748 διαμένειν
477 4676 729 4746 ἐχόντων.
782 4676 895 4729 Καὶ
948 4675 1043 4729 νῦν
1086 4675 1143 4728 δὲ
1202 4675 1457 4744 γενέσθαι
1494 4675 1725 4729 δύνασαι

126 4770 433 4840 ἄφθαρτος,
466 4768 562 4821 ἐὰν
586 4766 824 4838 ἐπιγνῷς
853 4767 912 4820 ὃν
945 4767 1155 4831 ἔλαθες,
1182 4766 1277 4820 ἐὰν
1320 4769 1613 4839 ἀγαπήσῃς
1662 4768 1723 4822 ὃν

126 4862 431 4925 κατέλιπες
461 4862 529 4925 ⁸³,
560 4861 655 4914 ἐάν
682 4859 830 4931 αὐτῷ
854 4860 1000 4931 μόνῳ
1026 4860 1329 4933 προσεύχῃ,
1356 4861 1435 4932 τῷ
1488 4861 1534 4892 ⁸⁸
1562 4860 1723 4931 σῶμά

129 4970 228 5007 σου
261 4954 360 5007 καὶ
391 4952 567 5023 ψυχὴν
600 4951 826 5005 κολάσαι
869 4952 965 5005 καὶ
1016 4952 1184 5005 σῶσαι
1230 4951 1594 5022 δυναμένῳθῆ
1626 4950 1719 5023 Διὸ

128 5044 239 5116 πρὸ
268 5020 711 5107 πάντωνέννοοῦ,
741 5043 823 5095 ὅτι
854 5043 1031 5106 οὐδεὶς
1059 5042 1209 5113 αὐτῷ
1242 5020 1521 5115 συνάρχει,
1542 5020 1719 5106 οὐδεῗς

128 5137 230 5205 τῆς
262 5134 433 5188 αὑτοῦ
482 5136 729 5188 κοινωνεί
772 5134 1089 5205 ὀνομασίας,
1139 5134 1298 5187 τοῦτο
1344 5134 1372 5187 ὃ
1402 5134 1467 5205 δὴ
1499 5134 1718 5203 λέγεται

127 5226 287 5289 Θεός.
340 5226 519 5290 Μόνος
580 5226 690 5298 γάρ
752 5224 917 5290 αὐτὸς
973 5225 1067 5279 καὶ
1122 5224 1337 5295 λέγεται
1400 5225 1497 5280 καὶ
1541 5225 1717 5279 ἔστιν.

1828 4492 2084 4563 intelligis
2109 4492 2204 4546 tibi
2232 4492 2289 4546 in
2335 4493 2595 4547 omnibus
2646 4493 2949 4547 beneficum
2986 4491 3180 4559 Deum,
3241 4494 3404 4548 etiam

1836 4586 2167 4641 immortalis
2217 4586 2435 4650 evades,
2468 4600 2666 4655 resque
2720 4592 2812 4638 tua
2859 4599 3027 4639 causa
3080 4583 3312 4639 conditae
3337 4586 3408 4639 ob

1832 4674 2220 4745 gratitudinem
2254 4689 2609 4743 perseverare
2659 4673 2958 4727 habebunt.
2990 4670 3057 4725 Et
3085 4688 3215 4728 vero
3260 4689 3407 4727 nunc

1832 4764 2186 4834 incorruptus
2213 4763 2325 4817 fieri
2345 4772 2520 4833 potes,
2554 4762 2602 4817 si
2634 4778 2795 4832 quem
2820 4761 3080 4833 ignorasti
3115 4777 3404 4832 agnoscas,

1828 4858 1877 4913 si
1905 4872 2067 4927 quem
2105 4856 2371 4925 reliquisti
2400 4855 2615 4923 diligas,
2649 4853 2695 4908 si
2747 4853 2797 4908 ei
2841 4854 2933 4907 uni
2981 4853 3276 4923 supplices,
3311 4855 3406 4924 qui

1828 4963 2029 5017 corpus
2053 4956 2206 5002 tuum
2235 4955 2289 5000 et
2313 4946 2551 4999 animam
2580 4944 2848 5013 supplicio
2872 4944 3085 4999 allicere
3113 4953 3165 4999 et
3190 4960 3409 4999 servare

1826 5048 2021 5109 potest.
2055 5038 2235 5105 Quare
2258 5046 2385 5092 ante
2413 5037 2599 5091 omnia
2627 5037 2829 5106 cogita,
2859 5037 3131 5091 neminem
3165 5052 3287 5091 eum
3314 5037 3407 5090 illo

1828 5132 2118 5201 imperare,
2158 5129 2435 5184 neminem
2466 5142 2591 5182 cum
2618 5142 2685 5183 eo
2706 5143 3054 5183 communem
3086 5128 3286 5182 habere
3309 5144 3405 5197 ap-

1826 5223 2199 5294 pellationem,
2232 5221 2288 5277 id
2343 5233 2539 5289 nempe
2567 5219 2713 5291 quod
2770 5229 2999 5274 vocatur
3043 5218 3205 5274 Deus.
3242 5218 3405 5273 Seius

1408 5360 1646 5417 VARIE
1709 5356 2122 5416 LECTIONES.

204 5499 251 5531 "
294 5495 592 5570 ptixoquC.
617 5498 796 5568 πηνάς
823 5512 877 5567 p.
909 5496 1093 5570 πηγάς
1120 5496 1184 5552 υ.
1229 5567 1260 5570 __
1291 5496 1338 5529 ⁸³
1367 5497 1530 5551 πόθεν
1543 5497 1635 5570 ξε.

1739 5496 1786 5529 ⁸³
1816 5496 1999 5550 ἀέναοι
2028 5493 2090 5548 C.

2193 5491 2244 5523 ⁸⁸
2281 5491 2534 5546 κενοῦται
2578 5491 2642 5546 C.
2747 5492 2794 5524 ⁸⁵
2813 5490 2887 5546 Ita
2918 5508 3091 5601 marg.
3130 5492 3191 5547 Ci
3223 5532 3238 5556 ,
3285 5504 3397 5566 cu].

2193 5562 2389 5601 πηλᾶϐῇ
2430 5578 2518 5601 nm
2580 5561 2625 5601 ἢ
2749 5563 2797 5594 ⁸⁸
2823 5564 2905 5601 'v'un
2932 5581 2962 5601 η-
3003 5565 3035 5601 ᾖ
3074 5580 3136 5601 ΛΗ
3176 5565 3303 5601 εἰσιν
3346 5582 3377 5601 ιι-

130 5561 313 5653 ιθξιυέ
347 5561 784 5653 άξετξτξλουμένηέ
806 5561 1309 5653 ιὲιηοο”.ἷ⁶ησιένίδη
1342 5570 1396 5653 9.
1438 5584 1489 5653 (ἐς
1538 5566 1619 5653 δην
1653 5567 1879 5653 ,συνείδῐι
1905 5562 2549 5653 ⁰·.,ἔ⁷.ιέῗτέλὲιὲη,.9ξῐ¹;.
2580 5561 2687 5653 ⁰·..
2714 5561 3139 5653 ,ῗῗίῖνεῖέέέρῆ
3174 5565 3255 5653 εέξ

128 5640 330 5721 eam
368 5640 463 5721 κερ
495 5626 693 5721 teha-
722 5626 781 5721 ἐξ
816 5637 946 5721 MC;
1022 5637 1067 5669 ⁸⁹
1089 5626 1343 5721 ἐρύουέὲν
1365 5636 1491 5719 διο
1522 5677 1536 5702 ν
1569 5626 1803 5721 βρύετε
1839 5626 1900 5721 (ἐι
1978 5635 2024 5715 1°
2038 5626 2178 5721 P68?
2200 5626 2613 5721 βασελξὲξιςαιμ
2645 5626 3400 5721 ἶέεὺγγφιξέγειςῗυοῖέὲοεξ·

134 5702 353 5770 ἔλειπες
409 5709 473 5763 C.
551 5708 598 5741 "
616 5708 677 5761 τό
718 5708 780 5762 C.
856 5702 1197 5779 ’δᾶνιημένιρ
1232 5710 1324 5761 καὶ
1370 5702 1540 5762 σῶσαι
1569 5702 1636 5763 U.
1688 5709 1820 5765 Dein
1859 5703 2014 5764 ms
2046 5702 2332 5776 μ’ὲννοοῦ
2371 5703 2435 5759 CI
2462 5742 2480 5770 ,
2512 5713 2619 5760 non
2644 5702 2685 5759 C
2721 5745 2736 5775 ,
2770 5717 2827 5759 ut
2856 5702 2994 5758 falso
3022 5706 3305 5759 annotavit
3331 5707 3387 5759 5.
