3868 6212
411 348 505 402 III

1256 346 1312 397 S.
1349 336 1742 395 CLEMENTIS
1774 338 1793 393 I
1836 338 1999 394 ΝΟΜ.
2039 337 2239 394 PONT.
2278 338 2505 393 OPEI'IA
2534 339 2764 393 DUBIA.

3532 343 3640 398 H2

480 457 584 514 LII.
616 455 911 525 Respondit
960 453 1186 510 Petrus:
1218 454 1379 507 Recte
1415 456 1597 523 itaque
1640 470 1746 505 non
1801 452 1962 506 crcdo

2137 451 2241 505 LII.
2279 452 2388 505 Καὶ
2420 456 2448 506 6
2474 453 2679 524 Πέτρος
2712 452 3041 523 ἀπεκρίνατο
3068 452 3132 483 ’δ’
3164 451 3371 506 Οὐκοῦν
3403 453 3644 523 εὐλόγως

406 550 668 606 adversus
693 548 881 611 Deum,
909 563 1008 602 nec
1039 547 1299 601 adversus
1324 546 1503 615 justos
1532 545 1583 598 in
1614 545 1729 613 lege
1755 558 1965 598 memo-

406 650 574 705 ratos,
606 640 825 709 impiam
849 654 1185 708 praesumens
1207 639 1539 707 Opinionem.
1572 636 1641 691 Ut
1664 637 1807 691 enim
1832 637 1965 691 mihi

406 732 726 801 persuadeo,
755 746 932 800 neque
960 732 1201 785 Adamus
1228 739 1599 801 transgressor
1650 730 1773 795 fuit,
1804 745 1965 800 quem

404 824 499 879 Dei
532 838 725 878 manus
762 823 1165 893 parturierunt:
1220 838 1397 893 neque
1436 821 1551 879 Noe
1605 823 1811 891 ebrius,
1873 822 1965 893 qui

402 930 513 982 pm
541 916 689 971 omni
715 916 918 969 mundo
943 915 1127 986 justus
1162 914 1415 971 inventus
1439 924 1553 970 est:
1581 930 1757 985 neque
1789 915 1967 969 Abra-

405 1010 599 1064 hamus
624 1018 732 1063 tres
757 1008 923 1063 simul
962 1008 1152 1063 habuit
1173 1024 1393 1076 uxores,
1422 1009 1515 1079 qui
1547 1017 1766 1079 propter
1804 1008 1968 1063 casti-

404 1110 566 1155 tatem
613 1102 848 1158 donatus
881 1110 966 1157 est
1016 1102 1312 1157 liberorum
1359 1102 1741 1157 multitudine:
1791 1117 1968 1171 neque

403 1194 637 1250 Jacobus
682 1206 919 1265 quatuor
967 1195 1147 1261 duxit,
1210 1211 1443 1265 quarum
1476 1204 1531 1249 et
1575 1194 1697 1250 duae
1723 1210 1965 1259 sorores,

402 1288 493 1357 qui
548 1287 833 1343 duodecim
883 1288 1124 1342 tribuum
1176 1298 1328 1358 pater
1360 1287 1588 1351 exstitit,
1620 1296 1675 1342 et
1724 1286 1965 1358 Magistri

401 1380 575 1435 nostri
611 1379 901 1434 adventum
959 1380 1202 1435 futurum
1245 1378 1568 1449 designavit.
1599 1378 1813 1450 Moyses
1859 1394 1967 1433 non

400 1482 518 1528 erat
570 1472 866 1540 homicida,
899 1487 999 1528 nec
1023 1473 1092 1527 ab
1142 1471 1413 1526 idolorum
1449 1471 1731 1527 sacerdote
1780 1470 1969 1527 didicit

396 1565 666 1634 judicare,
694 1565 789 1636 qui
827 1565 1085 1619 omnibus
1110 1565 1326 1620 saeculis
1358 1566 1530 1635 legem
1554 1563 1648 1619 Dei
1674 1564 1968 1635 propheta-

398 1661 501 1726 vit,
532 1669 586 1714 et
605 1660 676 1713 ob
710 1667 912 1713 rectam
943 1657 1354 1729 intelligentiam
1388 1658 1761 1713 testimonium
1793 1657 1967 1713 ﬁdelis

399 1752 795 1824 dispensatoris
824 1751 1049 1821 accepit.

472 1847 601 1902 LIII.
636 1846 739 1902 Sed
779 1855 835 1901 et
873 1846 1070 1901 horum
1113 1842 1484 1914 similiumque
1532 1842 1862 1898 solutionem
1908 1842 1962 1896 in

400 1952 643 2012 tempore
672 1939 766 1994 tibi
795 1938 1082 1994 exhibebo.
1115 1936 1191 1990 De
1220 1945 1447 2001 caetero,
1480 1936 1764 2005 quoniam,
1795 1943 1855 1989 ut
1884 1935 1967 1987 vi—

399 2034 516 2094 des,
541 2033 708 2087 instat
733 2045 981 2101 vespera,
997 2045 1119 2100 qua;
1140 2029 1303 2083 hodie
1333 2029 1479 2083 dicta
1500 2037 1650 2090 sunt,
1670 2018 1961 2082 sufficiant.

399 2124 650 2179 Attamen
683 2123 897 2192 quoties
932 2120 1103 2186 voles,
1135 2120 1203 2176 de
1239 2120 1437 2191 quibus
1488 2118 1744 2189 placebit,
1793 2115 1966 2172 fiden-

400 2225 483 2269 ter
510 2222 831 2285 percontare
874 2232 888 2269 :
924 2228 1027 2269 nos
1054 2211 1165 2267 laeti
1209 2211 1499 2267 confestim
1542 2208 1962 2280 explicabimus.

395 2310 610 2376 Quibus
632 2307 791 2363 dictis
822 2305 1079 2362 surrexit.
1119 2303 1320 2375 Sicque
1342 2311 1561 2373 sumpto
1587 2301 1711 2356 cibo
1738 2300 1794 2355 in
1817 2314 1966 2356 som-

402 2417 530 2456 num
558 2401 699 2456 versi
729 2413 953 2466 sumus;
987 2412 1093 2453 nox
1118 2397 1263 2453 enim
1288 2396 1602 2453 advenerat.

987 2691 1274 2749 HOMIIJA
1310 2690 1401 2748 III.

470 2791 510 2846 1.
562 2788 692 2844 Post
722 2788 861 2843 duas
912 2787 1076 2857 igitur
1117 2786 1257 2852 dies,
1310 2784 1473 2839 tertio
1520 2791 1705 2839 autem
1777 2783 1966 2841 illuce—

402 2890 588 2938 scente
638 2895 749 2950 quo
795 2878 1183 2948 disputandum
1232 2884 1351 2933 erat
1398 2888 1522 2931 cum
1562 2874 1819 2941 Simone,
1860 2890 1966 2948 ego

399 2975 652 3029 Clemens
682 2970 1091 3041 expergefactus
1129 2969 1486 3039 comitesque,
1530 2969 1633 3024 sub
1663 2968 1964 3025 secundum

398 3065 664 3135 gallorum
686 3074 905 3119 cantum
930 3062 1239 3118 invenimus
1263 3061 1762 3120 lucernamadhuc
1786 3062 1965 3120 lucen-

399 3167 530 3222 tem,
562 3155 780 3211 Petrum
828 3169 956 3210 vero
999 3154 1228 3225 genibus
1283 3155 1438 3211 flexis
1482 3165 1753 3211 orantem.
1795 3157 1959 3211 Com-

400 3248 545 3317 pleta
572 3246 738 3318 igitur
764 3260 947 3316 prece,
972 3261 1272 3303 conversus
1283 3262 1623 3318 cernensque
1641 3262 1742 3303 nos
1772 3246 1840 3302 ad
1862 3263 1964 3303 au-

384 3338 662 3394 diendum
694 3346 913 3408 paratos
939 3336 1075 3393 dixit
1104 3356 1118 3392 :

472 3496 535 3551 ll.
575 3496 727 3552 Scire
758 3511 854 3550 vos
904 3496 1047 3561 volo,
1093 3494 1236 3565 quod
1266 3495 1359 3565 qui
1388 3508 1457 3550 ex
1503 3504 1693 3551 nostro
1734 3496 1967 3552 consilio

390 3600 623 3644 'manent
663 3604 785 3644 cum
836 3588 1080 3653 Simone,
1126 3597 1187 3643 ut
1224 3588 1404 3659 inepta
1450 3588 1597 3645 illius
1622 3589 1968 3645 addiscentes

403 3681 560 3737 nobis
589 3680 901 3749 subjiciam,
932 3695 1044 3751 quo
1076 3680 1143 3735 ad
1174 3681 1383 3735 variam
1418 3678 1541 3751 ejus
1570 3680 1836 3735 malitiam
1871 3696 1967 3747 ap-

398 3785 517 3827 tare
546 3788 646 3828 nos
677 3774 973 3843 possimus,
1006 3773 1105 3843 ipsi
1140 3774 1429 3840 miserunt,
1458 3782 1515 3829 et
1555 3773 1712 3828 nobis
1740 3773 1844 3828 ista
1872 3775 1966 3829 de-

400 3867 680 3921 clararunt
712 3884 723 3920 :
760 3864 951 3921 Simon
983 3866 1166 3931 hodie,
1203 3864 1663 3937 quemadmodum
1689 3866 1963 3937 promisit,

396 3967 625 4026 paratus
652 3966 756 4022 est,
784 3957 969 4012 venire
999 3973 1182 4012 coram
1212 3959 1487 4023 omnibus,
1520 3968 1582 4013 ut
1610 3958 1864 4015 ostendat
1896 3975 1963 4014 ex

402 4046 701 4118 Scripturis
727 4066 741 4101 :
772 4047 915 4103 hunc
944 4050 1035 4119 qui
1070 4049 1269 4104 cmlum
1300 4058 1353 4105 et
1383 4059 1586 4105 terram
1672 4051 1967 4122 omniaque

399 4140 455 4193 in
486 4140 554 4194 iis
578 4139 849 4194 exstantia
865 4139 1129 4204 condidit,
1150 4155 1258 4195 non
1280 4156 1402 4197 esse
1416 4141 1585 4197 Deum
1611 4156 1961 4213 supremum;

403 4230 497 4287 sed
546 4231 715 4288 alium
741 4231 1004 4286 exsistere
1051 4231 1340 4301 quemdam
1390 4233 1727 4304 incognitum
1775 4243 1830 4290 et
1872 4250 1968 4290 su-

399 4337 670 4391 premum,
699 4332 760 4377 ut
785 4323 839 4377 in
872 4322 1234 4379 ineffabilibus
1263 4324 1611 4381 cxsistentem
1650 4326 1965 4384 Dcumdeo-

400 4430 545 4480 rum,
571 4416 665 4485 qui
695 4416 834 4472 duos
864 4416 1073 4473 miserit
1102 4416 1255 4482 deos,
1286 4432 1354 4471 ex
1384 4418 1585 4487 quibus
1614 4420 1749 4474 alter
1773 4421 1960 4475 mundi

399 4515 635 4567 creator,
667 4507 803 4562 alter
833 4508 965 4578 legis
998 4508 1175 4563 dator.
1223 4508 1401 4579 Atque
1434 4509 1551 4565 haec
1590 4511 1771 4566 dicere
1801 4513 1961 4565 moli-

403 4608 512 4662 tur,
544 4607 603 4653 ut
627 4608 827 4654 rectam
850 4600 1008 4655 [idem
1036 4615 1225 4656 eorum
1255 4602 1553 4669 subvertat,
1584 4603 1677 4673 qui
1707 4620 1874 4657 unum
1899 4620 1965 4659 ac

401 4690 579 4745 solum
624 4689 791 4745 Deum
838 4701 1138 4747 creatorem
1198 4692 1321 4748 cmli
1370 4702 1423 4748 et
1469 4703 1627 4749 terra:
1681 4695 1959 4749 adoraturi

401 4795 549 4837 Slllll.

470 4897 554 4953 Ill.
578 4896 702 4952 llzec
727 4898 951 4954 audiens
974 4914 1086 4969 quo
1112 4901 1275 4955 modo
1297 4916 1401 4954 non
1426 4902 1650 4956 moleste
1680 4903 1970 4958 tulissem?

398 4988 669 5053 Quocirca
711 4998 767 5045 et
808 5005 905 5045 vos
943 5006 1155 5046 mecum
1200 4995 1560 5049 consistentes
1588 4994 1784 5049 fratres
1827 4996 1967 5051 scire

300 5082 307 5087 ’
398 5080 545 5133 volui
579 5120 594 5145 ,
628 5096 738 5135 non
782 5081 1129 5138 mediocriter
1154 5085 1339 5139 animo
1369 5101 1455 5139 me
1483 5086 1685 5150 dolere,
1713 5087 1840 5140 dum
1883 5087 1958 5140 vi-

400 5169 521 5237 deo,
559 5171 837 5228 diabolum
865 5174 1086 5244 quidem
1114 5175 1182 5231 ad
1206 5174 1463 5231 homines
1504 5178 1792 5233 tcntandos
1820 5179 1963 5249 vigi-

402 5262 533 5329 lare,
566 5264 817 5322 homines
848 5282 979 5322 vero
1004 5268 1164 5338 plane
1196 5270 1466 5340 negligere
1510 5272 1739 5325 salutem
1781 5288 1961 5327 suam.

2068 544 2189 596 οὔτε
2220 545 2359 598 κατά
2390 544 2484 598 τοῦ
2516 544 2651 598 Θεοῦ
2684 544 2953 609 πιστεύω,
2986 544 3107 597 οὔτε
3151 544 3291 598 κατά
3336 546 3443 599 τῶν
3476 548 3534 599 ἐν
3560 549 3644 619 τῷ

2068 636 2217 707 νόμῳ
2263 638 2685 708 ἀναγραφέντων
2726 636 2970 702 δικαίων,
3012 637 3225 701 ἀσεϐῶς
3253 640 3467 709 φρονεῖν
3500 658 3641 711 προ-

2069 728 2365 799 λαμϐάνων
2387 730 2451 783 ³’.
2501 730 2587 792 Ὦς
2616 730 2725 801 γὰρ
2754 729 3076 800 πέπεισμαι,
3110 728 3231 783 οὔτε
3268 730 3435 801 Ἀδὰμ
3463 749 3645 803 παρα-

2069 820 2239 892 ϐἀτης
2268 816 2356 891 ἦν,
2383 823 2411 875 6
2444 821 2548 874 ὑπὸ
2579 820 2687 873 τῶν
2713 820 2807 874 τοῦ
2852 820 2987 874 Θεοῦ
3020 821 3217 892 χειρῶν
3258 823 3640 894 κυοφορηθείς’

2067 910 2189 965 οὔτε
2218 912 2340 966 Νῶε
2390 911 2621 984 μέθυσος
2657 907 2726 983 ἦν
2747 952 2761 975 ,
2794 914 2823 966 6
2848 912 2989 987 ὑπὲρ
3014 913 3062 943 ⁸⁸
3091 914 3266 967 πάντα
3314 913 3404 967 τὸν
3437 915 3644 985 κόσμον

2066 1004 2274 1068 δίκαιος
2322 1005 2586 1075 εὑρεθείςο
2637 1004 2761 1058 οὔτε
2790 1004 2846 1057 δὲ
2884 1005 3133 1077 Ἀϐραάμ
3157 1007 3334 1077 τρισὶν
3374 1006 3489 1077 ἅμα
3514 1024 3645 1061 συν-

2066 1094 2153 1167 ᾑει
2172 1096 2214 1128 δι
2249 1096 2511 1165 γυναιξὶν,
2571 1097 2600 1149 6
2629 1095 2717 1149 διὰ
2738 1096 3091 1168 σωφροσύνην
3123 1096 3478 1160 πολυτεκνίας
3508 1115 3647 1151 κατ-

2068 1188 2343 1253 αξιωθείς·
2396 1187 2517 1241 οὕτε
2572 1186 2765 1240 Ἰακὼϐ
2813 1188 3067 1258 τετράσιν
3108 1188 3401 1253 ἐκοινώνει,
3442 1176 3515 1242 ὧν
3546 1189 3645 1242 δύο

2068 1282 2162 1335 καὶ
2193 1280 2417 1350 ἀδελφαὶ
2443 1281 2489 1312 δ’
2518 1279 2833 1349 ἐτύγχανον,
2866 1280 2925 1343 ὃς
2943 1279 3169 1333 δεκαδύο
3194 1280 3374 1348 φυλῶν
3392 1281 3646 1351 ὑπάρξας

2068 1375 2248 1445 πατὴρ
2279 1375 2371 1428 καὶ
2402 1373 2501 1445 τὴν
2533 1372 2628 1426 τοῦ
2658 1372 2987 1426 Διδασκάλου
3006 1371 3161 1442 ήμῶν
3191 1371 3490 1443 παρουσίαν
3520 1372 3645 1441 ἐσή-

2072 1483 2238 1537 μανεν
2270 1466 2463 1519 ἐλθεῖν
2486 1464 2547 1518 ού
2574 1464 2813 1534 Μωῦσῆς
2834 1464 3027 1532 φονεὺς
3042 1458 3129 1533 ἦν,
3148 1462 3243 1516 καὶ
3275 1462 3424 1534 παρά
3450 1462 3646 1533 ἱερέως

2068 1558 2300 1611 εἰδώλων
2313 1558 2358 1590 ⁸³
2372 1557 2575 1629 κρίνειν
2594 1555 2909 1627 ἐμάνθανεν,
2931 1557 2960 1609 6
2982 1556 3141 1608 παντὶ
3155 1554 3262 1624 7⁷
3273 1554 3349 1625 τῷ
3372 1553 3525 1607 αίῶνι
3548 1554 3648 1607 τὸν

2066 1650 2162 1703 τοῦ
2194 1648 2329 1703 Θεοῦ
2360 1650 2524 1721 νόμον
2556 1647 2938 1721 προφητεύσας
2963 1647 3059 1700 καὶ
3086 1645 3151 1700 δι’
3179 1646 3345 1718 ὀρθήν
3377 1646 3646 1717 φρόνησιν

1996 1778 2044 1841 Β
2071 1742 2260 1804 πιστὸς
2290 1741 2571 1811 οἰκονόμος
2606 1739 2997 1812 μαρτυρηθείς.

2138 1831 2269 1888 LIII.
2301 1832 2448 1927 Πλὲιν
2475 1833 2567 1885 καὶ
2594 1832 2798 1884 τούτων
2834 1848 2915 1884 σοι
2957 1831 3057 1902 τήν
3087 1830 3329 1885 ἐπίλυσιν
3367 1830 3506 1902 μετὰ
3533 1831 3646 1885 τῶν

2065 1925 2265 1996 ὁμοίων
2292 1922 2603 1996 ἐπΐκαιροῦ
2634 1923 2873 1995 παρέξω.
2916 1923 3025 1975 Τοῦ
3055 1924 3112 1976 δέ
3131 1922 3344 1987 λοιποῦ,
3380 1923 3457 1987 ὡς
3487 1926 3645 1995 ὁρᾷς,

2066 2016 2254 2086 ἐπειδὴ
2284 2015 2489 2086 ἑσπέρα
2531 2014 2875 2085 κατείληφεν,
2909 2012 2980 2067 τά
3014 2015 3252 2085 σήμερον
3286 2014 3519 2085 ρηθέντα
3546 2015 3646 2069 αὐ-

2065 2107 2283 2179 τάρκως
2310 2108 2499 2177 ἐχέτω.
2534 2107 2754 2160 Ἀλλοτε
2788 2106 2847 2160 δὲ
2884 2107 2932 2159 εί
2966 2106 3012 2138 ⁵⁸
3062 2106 3261 2176 βούλει,
3292 2108 3420 2178 περὶ
3448 2100 3523 2161 ὧν
3554 2106 3648 2160 θέ-

2066 2199 2196 2264 λεις,
2244 2196 2459 2271 θαρῤῶν
2505 2199 2660 2269 ήμῶν
2708 2196 3002 2261 πυνθάνου,
3049 2200 3143 2252 καὶ
3168 2199 3327 2269 ἡμεῖς
3363 2197 3648 2269 χαίροντες

2066 2290 2275 2354 ἀόκνως
2338 2290 2683 2360 ἐπιλύσομεν.
2732 2291 2842 2343 Καὶ
2884 2289 3061 2344 ταῦτα
3110 2289 3278 2343 εἰπὼν
3323 2291 3643 2361 ἐγήγερται.

2065 2383 2177 2437 Καὶ
2211 2382 2384 2446 οὓτως
2416 2382 2619 2454 τροφῆς
2657 2380 3047 2452 μεταλαϐόντες
3083 2382 3162 2445 είς
3194 2380 3359 2434 ὕπνον
3402 2381 3649 2452 ἐτράπη-

2070 2491 2188 2545 μεν.
2220 2472 2549 2545 Κατειλήφει
2586 2472 2695 2543 γὰρ
2724 2474 2757 2543 ή
2786 2472 2901 2539 νύξ.

2814 2614 2885 2625 -ι

2674 2698 2916 2752 UMIAIA
2952 2698 3024 2752 1".

2137 2786 2180 2841 I.
2212 2786 2316 2841 Δύο
2346 2788 2445 2859 μὲν
2476 2782 2569 2840 οὖν
2598 2787 2917 2842 διελθουσῶν
2949 2789 3191 2863 ήμερῶν,
3226 2789 3647 2860 ἐπιφωσκούσης

2064 2879 2124 2935 δὲ
2165 2880 2375 2951 τρίτης,
2412 2879 2548 2951 πρὸς
2574 2878 2635 2931 τὸ
2679 2879 3133 2952 διαλεχθῆναιτῷ
3178 2880 3383 2952 Σίμωνι
3427 2880 3650 2945 ἐξυπνι-

2069 2970 2216 3034 σθεὶς
2244 2969 2355 3040 ἐγὼ
2384 2969 2615 3042 Κλήμης
2642 2971 2737 3024 καὶ
2760 2973 2809 3024 οἱ
2841 2972 3088 3037 συνόντες
3116 2974 3318 3045 ἑταῖροι
3347 2973 3393 3004 ⁸⁸
3420 2973 3524 3026 ὑπὸ
3542 2972 3650 3036 τάς

2067 3064 2323 3147 δευτέρας
2363 3062 2871 3136 τῶνάλεκτρυόνων
2906 3065 3107 3135 φωνάς,
3153 3065 3385 3137 εὕρομεν
3419 3064 3511 3117 τὸν
3542 3066 3651 3135 μὲν

2064 3156 2256 3227 λύχνον
2290 3156 2369 3209 ἔτι
2402 3155 2679 3225 φαίνοντα,
2710 3156 2800 3209 τὸν
2833 3156 2889 3209 δὲ
2918 3158 3124 3228 Πέτρον
3152 3156 3437 3227 γονυκλινῆ
3469 3172 3645 3227 προσ-

2067 3250 2375 3319 ευχόμενον.
2417 3248 2751 3312 Συντελέσας
2796 3247 2887 3302 οὖν
2916 3250 3021 3319 τὴν
3047 3248 3253 3321 δέησιν,
3287 3248 3648 3319 ἐπιστραφεὶς

2065 3343 2160 3395 καὶ
2202 3340 2325 3393 ἰδὼν
2366 3340 2514 3411 ἡμᾶς
2560 3340 2699 3412 πρὸς
2743 3340 2806 3393 τὸ
2856 3340 3086 3395 ἀκοῦσαι
3131 3339 3363 3412 ἑτοίμως
3394 3340 3645 3411 ἔχοντας,

2066 3431 2192 3502 ἔφη’

2136 3520 2200 3575 II.
2228 3520 2519 3577 Γινώσκειν
2540 3522 2684 3593 ὑμᾶς
2708 3519 2867 3586 θέλω,
2888 3522 2970 3577 ὅτι
2998 3523 3047 3576 oi
3073 3522 3193 3577 καθ’
3215 3523 3487 3595 ἡμετέραν
3506 3523 3642 3595 πρό-

2064 3630 2214 3668 νοιαν
2256 3614 2505 3677 συνόντες
2539 3614 2618 3685 τῷ
2660 3614 2894 3685 Σίμωνι,
2927 3614 3076 3679 ὅπως
3116 3614 3215 3677 τάς
3246 3614 3438 3684 βουλὰς
3470 3613 3642 3668 αὑτοῦ

2068 3706 2431 3776 μανθάνοντες
2476 3705 2848 3760 ὑποϐάλλωσιν
2875 3707 3025 3777 ἡμῖν,
3068 3708 3157 3760 ἵνα
3184 3706 3467 3777 δυνώμεθα
3503 3705 3645 3778 πρὸς

2064 3797 2164 3869 τὴν
2192 3796 2293 3867 τῆς
2332 3797 2531 3860 κακίας
2561 3797 2725 3850 αὑτοῦ
2770 3798 3043 3851 ποικιλίαν
3072 3798 3438 3871 ἁρμόσασθαι,
3486 3799 3646 3853 αὐτοὶ

2064 3889 2380 3960 πέμψαντες
2409 3889 2682 3960 ἐδήλωσαν
2706 3890 2837 3959 ήμῖν
2864 3889 3129 3958 λέγοντες·
3166 3890 3346 3960 Σίμων
3377 3890 3644 3962 σήμερον,

2064 3981 2207 4035 καθά
2232 3980 2574 4045 συνετάξατο,
2606 3981 2823 4052 ἕτοιμός
2847 3983 2994 4035 ἐστιν
3022 3982 3130 4036 ἀπὸ
3157 3983 3264 4034 τῶν
3296 3983 3525 4055 Γραφῶν
3547 3985 3646 4037 ἐπὶ

2066 4073 2284 4127 πάντων
2328 4072 2496 4126 ἐλθὼν
2540 4073 2911 4126 ἀποδεικνύειν
2934 4114 2949 4139 ,
3002 4076 3076 4145 μὴ
3124 4075 3309 4128 τοῦτον
3366 4075 3476 4145 78
3502 4072 3649 4130 εἶναι

2063 4162 2196 4216 Θεὸν
2226 4160 2517 4227 ἀνώτατον,
2548 4163 2606 4226 ὃς
2628 4163 2854 4235 οὐρανὸν
2884 4164 3061 4217 ἔκτισε
3089 4165 3182 4218 καὶ
3210 4166 3311 4236 γῆν
3338 4167 3432 4218 καὶ
3461 4167 3651 4222 πάντα,

2063 4253 2132 4307 τά
2159 4254 2206 4285 ⁸⁸
2234 4256 2292 4307 ἐν
2317 4253 2521 4318 αὐτοῖς,
2553 4254 2691 4307 ἀλλά
2730 4255 2887 4309 ἄλλον
2912 4256 3033 4308 τινὰ
3072 4256 3348 4324 ἄγνωστον
3378 4259 3472 4311 καὶ
3502 4258 3652 4311 ἀνώ-

2063 4360 2245 4408 τατον,
2292 4342 2368 4408 ὡς
2416 4344 2474 4397 ἐν
2524 4346 2855 4417 άπορρήτοις
2902 4346 3029 4399 ὅντα
3064 4346 3195 4402 Θεὸν
3240 4347 3394 4403 θεῶν·
3443 4348 3502 4411 ὸς
3548 4350 3655 4404 δύο

1994 4456 2039 4510 D
2066 4434 2275 4505 έπεμψε
2306 4434 2478 4498 θεοὺς,
2511 4434 2602 4505 ἀφ’
2629 4431 2705 4490 ὧν
2744 4437 2774 4488 ὁ
2810 4437 2908 4507 μὲν
2937 4430 3017 4500 εἷς
3055 4437 3200 4490 ἐστιν
3228 4439 3257 4491 ό
3290 4439 3490 4509 κόσμον
3526 4443 3651 4493 κτί-

2073 4543 2192 4589 σας,
2227 4528 2255 4579 ὁ
2283 4526 2339 4579 δὲ
2368 4526 2551 4598 ἔτερος
2580 4528 2608 4580 ό
2633 4527 2724 4579 τὸν
2748 4527 2913 4597 ,νόμον
2940 4528 3082 4591 δούς.
3125 4529 3235 4581 Καὶ
3261 4529 3433 4583 ταῦτα
3463 4548 3646 4601 μηχα-

2071 4613 2225 4664 νᾶται
2245 4610 2441 4679 λέγειν,
2466 4614 2612 4676 ὅπως
2640 4613 2748 4667 τῶν
2774 4614 2863 4667 τὸν
2894 4615 2992 4668 ἕνα
3020 4616 3111 4668 καὶ
3156 4617 3315 4686 μόνον
3344 4618 3656 4688 μελλόντων

2072 4702 2248 4757 σέϐειν
2290 4704 2443 4767 Θεὸν,
2479 4706 2537 4767 ὃς
2566 4704 2792 4775 οὐρανὸν
2824 4706 3005 4760 ἔκτισε
3044 4708 3140 4761 καὶ
3169 4708 3296 4779 γῆν,
3337 4710 3437 4782 τὴν
3477 4711 3655 4783 ὀρθὴν

2071 4794 2381 4868 προεκλύσῃ
2408 4796 2451 4828 ⁸⁷
2481 4796 2685 4850 πίστιν.

2141 4909 2227 4962 III.
2259 4910 2443 4963 Ταῦτα
2473 4908 2713 4974 ἀκούσας
2740 4910 2856 4974 πῶς
2884 4911 2982 4964 ούκ
3011 4912 3077 4965 ἂν
3108 4912 3398 4986 ήθύμησας
3428 4914 3519 4981 Διὸ
3550 4918 3655 4971 καὶ

2071 5001 2214 5071 ὑμᾶς
2232 5001 2297 5066 ⁸⁸,
2318 5003 2443 5064 τοὺς
2464 5001 2722 5065 συνόντας
2740 5020 2828 5073 μοι
2850 5004 3130 5074 ἀδελφοὺς,
3154 5007 3352 5061 εἰδέναι
3382 5008 3658 5080 ἠθέλησα,

2069 5092 2144 5155 ὡς
2171 5093 2231 5145 ού
2267 5092 2502 5165 μετρίως
2529 5094 2628 5164 τὴν
2657 5094 2834 5165 ψυχήν
2856 5095 3029 5164 ἀλγῶ,
3072 5097 3274 5168 ἐνορῶν
3302 5099 3391 5152 τὸν
3422 5100 3523 5170 μὲν
3547 5118 3657 5154 πο-

2070 5184 2232 5255 νηρὸν
2264 5185 2397 5255 πρὸς
2428 5186 2656 5257 δοκιμὴν
2686 5186 2986 5259 ἀνθρώπων
3016 5189 3376 5261 ἐγρηγορότα,
3413 5192 3543 5255 τοὺς
3586 5193 3655 5249 δὲ

2069 5274 2387 5346 ἀνθρώπους
2414 5278 2512 5347 τῆς
2539 5277 2749 5331 ἑαυτῶν
2797 5279 3067 5349 σωτηρίας
3113 5281 3255 5335 πάνυ
3284 5281 3650 5352 ἀμελοῦντας.

1659 5384 1893 5440 νλιῐιιιλε
1959 5386 2364 5443 LECTIONES.

398 5464 517 5541 ..-.’°
540 5465 854 5541 νϋδσπάνυ
889 5470 1088 5534 καλῶς.
1124 5473 1233 5525 Καὶ
1264 5475 1293 5526 ό
1327 5474 1433 5527 ηέτ

404 5534 531 5611 ᾒθα
575 5538 717 5611 κατά
746 5538 911 5611 νόμου
944 5541 1228 5611 λεγόμενα.

1440 5491 1531 5545 ρος
1555 5476 1918 5550 ’ἀπεκρίνατο
1948 5479 2058 5534 des.
2104 5480 2176 5550 in»
2202 5478 2263 5534 Ο.
2349 5480 2406 5550 ,ξ’
2429 5480 2799 5550 προλαμϐάνει
2824 5484 2866 5536 Ο
2893 5521 2907 5547 ,
2949 5482 2999 5535 in
3026 5498 3089 5537 cu

1336 5543 1514 5621 ξξέχον
1648 5543 1979 5621 V_id'_._._s_upra
2003 5564 2069 5621 _c_.
2092 5548 2261 5621 Διϋηί
2282 5550 2326 5621 ξ’
2346 5543 2534 5621 Melius
2572 5543 2738 5621 συνῆν
2765 5552 2822 5604 S.

3091 5482 3135 5606 ﬁ).
3182 5498 3355 5555 marg.
3387 5484 3456 5538 al.
3488 5501 3642 5543 man.

3134 5593 3145 5604 .
3182 5552 3541 5606 πολυτεκνίας
3574 5588 3642 5599 --

2946 5551 2992 5583 δ’
3014 5551 3145 5606 Vbb.
3182 5551 3541 5619 πολυτεκνίας
3574 5588 3610 5599 -
3632 5589 3649 5598 -

401 5604 624 5693 ειεελφαι
649 5604 1182 5693 άεείιιὲηυιιιῂίῄο.
1259 5604 1530 5693 ’ξξείδώλου
1546 5616 1610 5693 με
1682 5604 1969 5693 “grtes
1996 5617 2058 5693 δέ
2080 5618 2147 5693 c__
2220 5604 2705 5689 "acepotcnwa'
2740 5622 3053 5692 transcripsi
3072 5604 3649 5693 atomumat“...

402 5674 675 5741 ἃγνωστόν
708 5681 801 5733 καί
831 5696 937 5735 non
963 5681 1199 5737 exhibet.
1270 5683 1312 5714 ⁸⁷
1349 5685 1700 5755 προσεκλύσει
1732 5686 1795 5738 (ἶ.
1871 5688 1915 5718 ⁸⁸
1946 5688 2091 5756 ἡμᾶς
2118 5691 2184 5741 ο,
2371 5674 2383 5689 '
