3868 6212
252 420 357 473 ll?)

1386 422 1852 483 CLEMENTINA.
1886 456 1956 470 —-
1987 428 2272 485 HOMILIA
2303 431 2391 486 Ill.

3400 442 3502 497 ω

247 528 669 601 Ἐμηχανὴσατο
713 530 825 604 γάρ
869 535 982 597 τοῖς
1026 534 1135 587 ἀπὸ
1178 534 1346 589 ἐθνῶν
1400 537 1653 609 μέλλουσι
1693 558 1798 613 περ

1925 545 2231 606 Gentilibus
2276 551 2447 618 enim,
2487 550 2580 621 qui
2630 559 2843 608 terrena
2901 554 3193 611 simulacra
3237 557 3498 615 credituri

230 622 345 676 τῶν
378 622 639 692 ἐπιγείων
669 622 872 689 ξοάνων
908 625 1189 680 πείθεσθαι
1217 629 1263 659 ⁸⁹
1296 628 1379 683 ὄτι
1417 630 1520 685 οὐκ
1552 631 1661 685 είσὶ
1687 632 1819 698 θεοὶ,

230 714 439 785 ἐτέρων
493 715 703 771 πολλῶν
748 715 890 771 θεῶν
931 718 1089 782 δόξας
1131 718 1483 789 εἰσενεγκεῖν,
1531 722 1681 787 ὅπως
1726 726 1821 779 ἐὰν

226 805 555 861 παύσωνται
599 808 701 880 τῆς
742 809 896 864 κάτω
929 810 977 841 ⁸⁸
1034 809 1496 883 πολυθεομανίας,
1538 815 1740 887 ἑτέρως
1783 817 1819 889 ἢ

224 901 325 954 καὶ
355 903 539 971 χεῖρον
568 900 711 956 κατά
737 902 842 972 τῆς
867 902 962 956 τοῦ
990 903 1125 957 Θεοῦ
1158 906 1457 977 μοναρχίας
1474 906 1651 976 λέγειν
1672 909 1818 964 ἀπα-

218 991 577 1063 τηθήσονταιο
611 992 698 1046 ῖνα
726 994 997 1065 μηδέποτε
1019 995 1089 1048 τὰ
1110 995 1211 1067 τῆς
1234 997 1532 1069 μοναρχίας
1558 1002 1819 1074 προτιμή-

220 1098 423 1147 σαντες
465 1084 751 1139 οὐπὼπιπε
782 1086 969 1150 ἐλέους
1012 1091 1199 1158 τυχεῖν
1228 1089 1550 1161 δυνηθῶσιν.
1598 1092 1815 1165 Ταύτης

216 1172 279 1227 δὲ
306 1176 409 1246 τῆς
430 1176 636 1248 τόλμης
664 1178 826 1259 ἕνεκα
868 1180 897 1231 6
922 1180 1106 1251 Σίμων
1134 1184 1259 1243 ταῖς
1289 1181 1510 1252 ψευδέσι
1536 1184 1645 1238 τῶν
1671 1186 1812 1257 Γρα-

216 1267 341 1336 φῶν
381 1272 709 1340 περικοπαῖς
739 1271 1086 1342 ὡπλισμένος
1120 1273 1378 1345 πολεμεῖν
1403 1277 1535 1347 ἡμῖν
1574 1278 1811 1350 προσέρ-

213 1376 396 1428 χεται.
429 1362 539 1415 Καὶ
560 1361 623 1415 τὸ
648 1363 970 1435 δεινότερον,
999 1366 1079 1419 ὅτι
1101 1366 1195 1437 ἀφ’
1217 1359 1293 1421 ὧν
1312 1367 1377 1422 οὐ
1401 1368 1448 1400 ⁸¹
1475 1369 1810 1425 πεπίστευκε

214 1452 517 1524 προφητῶν
538 1454 764 1508 τοιαῦτα
806 1456 1152 1529 δογματίζειν
1185 1459 1328 1514 κατά
1348 1460 1444 1515 τοῦ
1475 1461 1642 1527 ὄντως
1674 1462 1809 1518 Θεοῦ

212 1546 279 1599 οὐ
308 1545 639 1618 πεφόϐηταί.

285 1659 374 1714 ιν.
424 1663 535 1716 Καὶ
575 1664 708 1735 ἡμῖν
759 1664 860 1735 μὲν
886 1666 1003 1730 τοῖς
1035 1664 1102 1718 ἐκ
1132 1666 1415 1738 προγόνων
1443 1667 1808 1740 παρειληφόσι

207 1753 306 1806 τὸν
331 1753 404 1807 τὰ
434 1754 614 1809 πάντα
653 1755 919 1812 κτίσαντα
962 1756 1073 1829 79
1108 1758 1289 1813 σέϐειν
1316 1759 1470 1826 Θεὸν,
1508 1760 1590 1815 ἔτι
1617 1761 1675 1815 δὲ
1712 1764 1808 1817 καὶ

1921 652 2079 696 erant
2116 656 2227 698 non
2272 657 2395 699 esse
2437 643 2591 711 deos,
2628 646 2977 705 machinatus
3015 660 3101 704 est
3148 650 3498 708 introducere

1922 732 2210 802 opiniones
2259 733 2329 790 de
2375 736 2570 792 multis
2630 738 2753 794 aliis
2798 739 2941 806 diis;
2993 750 3054 796 ut
3086 742 3132 799 si
3172 757 3204 799 a
3250 749 3494 803 terrestri

1920 823 2217 880 multorum
2246 827 2473 882 deorum
2501 840 2785 886 cessarent
2820 832 3056 901 insania,
3084 836 3189 890 alia
3216 838 3299 892 vel
3324 839 3495 909 pejori

1919 916 2114 973 fraude
2153 930 2345 974 contra
2376 920 2471 976 Dei
2516 924 2896 980 monarchiam
2942 942 3009 982 ac
3048 928 3315 985 unitatem
3342 931 3492 1002 loqui

1918 1010 2397 1081 compellerentur,
2446 1026 2537 1078 ne,
2579 1014 2887 1071 doctrinam
2939 1017 3006 1074 de
3033 1034 3145 1073 uno
3186 1021 3493 1092 principatu

1918 1103 2143 1158 maximi
2171 1103 2713 1177 facientes,unquam
2745 1108 2960 1178 possint
2988 1113 3251 1183 consequi
3281 1116 3495 1169 miseri-

1916 1194 2182 1250 cordiam.
2227 1195 2341 1252 Hoc
2367 1197 2439 1253 ob
2462 1199 2641 1254 audax
2686 1199 2902 1258 facinus
2930 1200 3120 1258 Simon
3153 1203 3307 1262 falsis
3342 1206 3494 1261 Scri—

1916 1296 2201 1355 pturarum
2247 1289 2584 1347 sectionibus
2628 1301 2875 1349 armatus
2912 1294 3064 1350 venit
3093 1296 3160 1351 ad
3190 1311 3292 1352 nos
3318 1313 3491 1367 oppu-

1916 1379 2181 1446 gnandos.
2215 1379 2486 1451 Quodque
2515 1384 2900 1454 gravissimum
2931 1395 3037 1453 est,
3079 1388 3184 1443 ista
3228 1389 3489 1445 adversus

1915 1468 2086 1525 Deum
2115 1487 2305 1528 verum
2335 1488 2403 1529 ex
2432 1475 2739 1546 prophetis,
2768 1478 2973 1548 quibus
2997 1487 3179 1536 tamen
3223 1495 3332 1536 non
3372 1498 3490 1537 cre-

1911 1562 2010 1630 dit,
2041 1565 2239 1621 docere
2266 1582 2376 1623 non
2401 1578 2638 1625 veretur.

1976 1656 2065 1712 IV.
2099 1656 2165 1713 Et
2206 1660 2427 1730 quidem
2462 1662 2755 1718 adversum
2801 1678 2926 1730 nos,
2973 1664 3069 1735 qui
3115 1680 3147 1720 a
3174 1666 3488 1737 :majoribus

1911 1751 2120 1805 cultum
2149 1752 2396 1807 omnium
2439 1754 2743 1812 conditoris
2782 1754 3221 1828 Deiaccepimus
3253 1775 3351 1815 nec
3376 1776 3486 1815 non

206 1844 324 1899 τῶν
397 1846 618 1919 ἀπατᾷν
680 1848 996 1921 δυναμένων
1065 1850 1265 1923 βίϐλων
1330 1854 1394 1907 τὺ
1457 1854 1799 1927 μυστήριον,

1913 1840 2331 1912 Scripturarum
2359 1845 2613 1915 decipere
2638 1846 2935 1903 valentium
2962 1849 3310 1920 mysterium,
3350 1852 3485 1907 nihil

206 1937 369 1992 οὐδὲν
414 1940 726 2011 δυνήσεται,
772 1946 887 2007 τοῖς
929 1944 988 1997 δὲ
1018 1944 1129 1998 ἀπὸ
1173 1944 1364 2009 ἐθνῶν,
1394 1946 1495 2017 τὴν
1543 1945 1799 2001 πολύθεΟν

1910 1935 2111 2005 poterit
2135 1954 2149 1991 :
2183 1946 2374 1992 contra
2403 1954 2533 1994 vero
2564 1940 2813 2010 gentiles,
2846 1941 2903 1997 in
2929 1943 3228 1999 multorum
3251 1945 3483 2002 deorum

206 2031 487 2104 ὑπόληψιν
536 2033 834 2106 σύντροφον
886 2034 1126 2107 ἔχουσιν,
1178 2039 1275 2093 καὶ
1322 2038 1434 2092 τῶν
1474 2039 1705 2111 Γραφῶν
1737 2040 1808 2095 τὰ

203 2123 385 2193 ψευδῆ
428 2125 533 2178 οὐκ
561 2126 781 2192 εἰδόσιν,
818 2129 951 2183 πολύ
973 2129 1283 2201 δυνήσεται·
1321 2131 1383 2183 οὐ
1418 2131 1577 2201 μόνον
1618 2131 1804 2196 αὐτὸς,

202 2216 326 2269 ἀλλ’
355 2218 406 2270 εί
433 2220 530 2271 καὶ
555 2219 713 2283 ἀλλος
744 2238 830 2284 τις
858 2224 969 2285 τοῖς
995 2222 1107 2275 ἀπὸ
1150 2222 1321 2276 ἐθνῶν
1367 2222 1510 2279 κατά
1537 2223 1632 2277 τοῦ
1668 2224 1806 2279 Θεοῦ

203 2311 369 2365 κενόν
389 2311 438 2343 ⁸¹
472 2328 595 2365 τινα
631 2313 816 2383 ὅμοιον
845 2304 1058 2386 ὀνείρῳ,
1092 2314 1361 2379 πλουσίως
1393 2316 1805 2387 κεκοσμημένον

200 2405 555 2477 ὑφηγήσεται
583 2404 773 2476 μῦθον,
803 2407 1253 2478 πιστευθήσεται,
1286 2406 1361 2477 τῷ
1387 2408 1453 2460 ἐκ
1480 2407 1687 2461 παίδων
1712 2407 1804 2461 τὸν

199 2496 332 2550 νοῦν
386 2497 570 2551 αὐτῶν
603 2497 676 2551 τά
720 2498 864 2552 κατά
907 2498 1002 2552 τοῦ
1025 2498 1164 2553 Θεοῦ
1211 2498 1480 2570 λεγόμενα
1521 2498 1803 2569 ἐθισθῆναι

198 2588 510 2660 λαμϐάνειν
538 2589 604 2642 ⁸³.
638 2590 863 2646 Σπάνιοι
888 2591 945 2644 δέ
976 2609 1121 2655 τινες
1150 2592 1199 2644 οί
1231 2590 1331 2662 μὲν
1359 2590 1537 2645 αὐτῶν
1565 2590 1799 2655 ἔσονται,

198 2682 281 2745 ὡς
317 2682 387 2737 ὲκ
420 2680 663 2753 πλήθους
709 2683 900 2753 ὀλίγοι,
944 2684 1143 2747 οἵτινες
1172 2684 1244 2738 δι’
1273 2682 1693 2755 εὐγνωμοσύνην
1739 2684 1800 2736 οὐ

200 2774 497 2847 θελήσουσι
539 2776 684 2829 κατὰ
711 2776 804 2830 τοῦ
833 2776 903 2830 τὰ
930 2776 1111 2831 πάντα
1142 2776 1425 2841 κτίσαντος
1456 2767 1593 2830 Θεοῦ
1628 2776 1801 2831 κακὸν

198 2866 365 2937 λόγον
411 2865 547 2921 αὐτὸ
585 2867 632 2899 ⁸⁸
666 2867 771 2922 κᾶν
820 2868 1053 2923 ἀκοῦσαι
1100 2864 1415 2943 μόνονοοοῖς
1464 2869 1646 2941 μόνοις
1691 2869 1801 2923 ἀπὸ

199 2958 379 3013 ἐθνῶν
426 2954 547 3013 οῦσι
581 2958 823 3032 σωθῆναι
865 2962 1176 3033 γενήσεται.
1214 2962 1307 3033 Μὴ
1341 2956 1433 3016 οῦν
1464 2964 1597 3033 ἡμῖν
1629 2961 1678 2996 ⁵⁵
1713 2980 1800 3027 τις

197 3051 293 3103 τὸν
326 3050 555 3123 Σίμωνα
577 3052 855 3117 παντελῶς
887 3052 1206 3125 μεμφέσθω,
1237 3053 1272 3124 ἢ
1319 3053 1413 3108 καὶ
1444 3053 1613 3109 ἄλλον
1648 3053 1796 3108 τινά*

197 3142 359 3195 οὐδὲν
392 3143 503 3216 γὰρ
541 3144 744 3208 ἀδίκως
775 3145 1006 3214 γίνεται,
1034 3146 1171 3199 ὅπου
1203 3146 1299 3200 καὶ
1326 3145 1395 3199 τὰ
1428 3146 1538 3198 τῶν
1560 3145 1795 3217 Γραφῶν

194 3233 374 3306 ψευδῆ
408 3234 646 3304 εὐλόγως
673 3234 810 3308 πρὸς
836 3238 1066 3309 δοκιμὴν
1095 3237 1285 3309 ἔχοντα
1314 3239 1590 3310 τυγχάνει.

272 3324 342 3380 V.
380 3326 553 3396 Κάγὼ
586 3328 817 3401 Κλήμης
845 3329 1086 3393 ἀκούσας
1113 3329 1269 3402 ἔφην·
1306 3331 1431 3395 Πῶς
1462 3331 1663 3401 λέγεις,
1696 3330 1796 3385 κύ-

198 3436 310 3493 ριε,
339 3420 436 3474 καὶ
454 3418 523 3473 τὰ
549 3420 659 3473 τῶν
678 3421 910 3493 Γραφῶν
933 3421 1107 3493 ψευδῆ
1135 3421 1373 3491 εὐλόγως
1401 3422 1539 3492 πρὸς
1564 3423 1796 3494 δοκιμὴν

192 3512 299 3567 ἀνθ
307 3512 507 3586 ρώπων
528 3512 702 3584 ἕχεινς
732 3515 789 3567 '0
804 3513 861 3567 δὲ
880 3513 1232 3587 ἀπεκρίνατο·
1251 3514 1332 3568 Τά
1342 3514 1510 3586 ψευδῆ
1528 3515 1637 3569 τῶν
1655 3516 1795 3588 Γρα-

192 3605 321 3673 φῶν
368 3605 635 3676 αἱτήματι
684 3605 884 3669 κακίας
935 3606 1132 3677 δικαίῳ
1174 3607 1282 3661 τινὶ
1328 3607 1471 3679 λόγῳ
1515 3608 1795 3679 γραφῆναι

195 3698 582 3770 συνεχωρήθη.
626 3698 878 3767 Εὐλόγως
920 3698 979 3753 δὲ
1003 3698 1051 3729 ⁸⁸
1097 3698 1242 3769 λέγω
1284 3699 1478 3765 οὐτως.
1540 3702 1629 3756 Ἐν
1672 3705 1794 3767 ταῖς

195 3790 501 3859 θεολογίαις
524 3793 552 3844 6
579 3790 811 3863 πονηρὸς
837 3790 931 3845 τοῦ
964 3790 1172 3861 ἀγαθοῦ
1202 3792 1294 3846 τὸν
1321 3791 1455 3847 Θεὸν
1498 3796 1599 3848 οὐκ
1633 3795 1793 3850 ἐλατ-

194 3900 291 3936 τον
324 3882 558 3951 ἀγαπῶν
589 3882 672 3936 ἑνὶ
722 3883 869 3954 μόνῳ
909 3882 1265 3938 ἀπολείπεται
1302 3884 1397 3938 τοῦ
1433 3868 1792 3955 ἀγαθοῦῗότι

194 3976 295 4028 καὶ
324 3974 435 4028 τῶν
478 3975 701 4044 ἀγνοίας
731 3976 881 4047 αἰτίᾳ
908 3974 1250 4030 ἀσεϐούντων
1286 3976 1348 4029 οὐ
1380 3976 1789 4047 συγγινώσκων,

196 4068 407 4139 στοργῇ
450 4069 519 4138 τῇ
550 4067 689 4138 πρὸς
728 4064 790 4119 τὸ
822 4066 1211 4139 ἀσεϐούμενον,
1240 4068 1353 4138 80
1379 4068 1489 4121 τῶν
1528 4069 1790 4125 ἀσεϐούν-

193 4174 310 4212 των
355 4158 616 4229 ἐπιθυμεῖ
652 4158 743 4212 τὺν
774 4158 1021 4231 ὀλεθρον,
1065 4160 1094 4212 6
1139 4158 1196 4213 δὲ
1213 4159 1257 4191 ⁵⁷
1288 4160 1387 4231 τὴν
1424 4159 1568 4213 ίασιν
1606 4161 1790 4227 αὐτοῖς

194 4249 554 4321 προσφέρειν.
585 4252 645 4304 '0
660 4250 767 4323 γάρ
786 4250 990 4319 ἀγαθὸς
1014 4251 1197 4305 ίᾶσθαι
1221 4251 1430 4316 πάντας
1450 4251 1592 4305 θέλει
1614 4254 1659 4285 ⁵⁸
1669 4257 1789 4318 ταῖς

196 4341 611 4413 μεταμελείαις,
660 4340 818 4406 σώζει
850 4342 907 4395 δὲ
941 4342 1133 4413 μόνους
1176 4344 1303 4407 τοὺς
1348 4345 1653 4413 ἐγνωκότας
1696 4347 1790 4401 τὸν

193 4435 355 4488 Θεόν·
377 4434 505 4494 τοὺς
535 4434 592 4487 δὲ
619 4433 947 4503 ἀγνοοῦντας
974 4434 1073 4487 οὐκ
1098 4436 1267 4499 litat,
1296 4435 1394 4506 οὐχ
1420 4435 1504 4489 ὅτι
1529 4436 1591 4489 οὐ
1618 4437 1785 4503 θέλει,

192 4527 313 4582 ἀλλ’
343 4527 426 4581 ὅτι
456 4528 558 4580 οὐκ
586 4526 795 4591 ἔξεστιν
829 4525 899 4578 τὰ
923 4526 1307 4598 ἡτοιμασμένα
1340 4529 1454 4590 τοῖς
1501 4528 1638 4591 υἱοῖς
1685 4530 1785 4600 τῆς

193 4620 479 4688 βασιλείας
499 4617 680 4688 ἀγαθὰ
706 4620 818 4682 τοῖς
843 4617 935 4671 διὰ
958 4617 1021 4671 τὸ
1045 4606 1358 4689 ἀδιάκριτον
1383 4617 1601 4687 ἀλόγοις
1623 4618 1785 4685 ζώοις

193 4711 617 4786 παρεικασθεῖσι
638 4713 958 4783 παρασχεῖν.

265 4897 362 4952 VI.
393 4896 502 4950 Τοῦ
541 4895 661 4959 ἑνὸς
697 4892 795 4949 καὶ
821 4894 980 4965 μόνου
1009 4892 1168 4958 Θεοῦ,
1197 4892 1288 4946 τοῦ
1321 4893 1414 4947 τὸν
1442 4892 1647 4964 κόσμον
1682 4910 1781 4947 πε-

189 4990 488 5062 ποιηκότος
531 4988 629 5042 καὶ
658 4989 806 5060 ἡμᾶς
843 4986 1128 5051 κτίσαντος
1168 4988 1262 5040 καὶ
1294 4986 1470 5041 πάντα
1501 5003 1782 5058 παρεσχη-

1908 2028 2170 2097 opinione
2218 2029 2482 2097 nutritos,
2530 2032 2959 2105 ignorantesque
2999 2034 3299 2109 Scriptura:
3327 2054 3483 2094 men-

1907 2120 2085 2188 dacia,
2114 2123 2319 2178 valebit
2342 2124 2641 2193 plurimum
2668 2144 2681 2181 :
2712 2142 2822 2181 non
2852 2128 3018 2184 modo
3048 2129 3185 2200 ipse,
3213 2131 3308 2187 sed
3343 2141 3399 2187 et
3434 2134 3482 2189 si

1906 2213 2033 2283 quis
2074 2213 2217 2270 alius
2254 2216 2489 2271 ethnicis
2523 2232 2721 2272 vanam
2757 2219 2997 2289 aliquam
3023 2221 3079 2277 in
3122 2221 3294 2278 Deum
3325 2223 3486 2279 fabu-

1904 2305 2038 2371 lam,
2071 2306 2307 2361 similem
2340 2308 2560 2364 somnio
2604 2311 2999 2382 opulenterque
3035 2324 3289 2372 ornatam
3318 2333 3481 2372 enar-

1904 2398 2127 2465 raver'tt,
2153 2400 2441 2468 credetur;
2469 2402 2615 2472 quod
2641 2418 2671 2457 ει
2701 2404 2936 2473 pueritia
2963 2421 3118 2463 mens
3148 2422 3342 2463 eorum
3387 2426 3480 2465 so-

1904 2490 2000 2545 lita
2031 2498 2116 2546 est
2162 2506 2446 2548 sermones
2490 2492 2755 2551 adversus
2788 2495 2960 2551 Deum
3000 2499 3303 2569 suscipere.
3350 2499 3480 2556 Rari

1904 2590 2086 2638 autem
2122 2583 2267 2638 inter
2289 2600 2387 2642 eos
2416 2595 2598 2653 erunt,
2627 2597 2686 2643 ut
2713 2603 2744 2644 e
2771 2590 3125 2646 multitudine
3154 2593 3336 2662 pauci,
3382 2596 3479 2665 qui

1903 2675 1975 2730 oh
2000 2691 2216 2747 aaquum
2250 2677 2497 2732 animum
2536 2680 2724 2734 nolent
2749 2681 2895 2737 malo
2922 2681 2978 2736 in
3009 2683 3258 2739 omnium
3296 2685 3482 2740 condi-

1901 2775 2076 2822 torem
2113 2766 2285 2823 Deum
2310 2771 2553 2825 sermoni
2580 2771 2665 2826 vel
2695 2787 2884 2828 aurem
2908 2773 3176 2830 duntaxat
3200 2778 3476 2848 praebere;

1902 2860 2104 2930 quibus
2127 2861 2260 2917 solis
2291 2862 2527 2918 ethnicis
2559 2864 2761 2919 salvari
2792 2867 3091 2938 continget.
3114 2866 3286 2925 Nemo
3314 2871 3483 2942 igitur

1902 2955 2063 3010 nobis
2085 2955 2152 3010 de
2192 2954 2417 3010 Simone
2452 2954 2673 3027 penitus
2713 2967 3103 3028 conqueratur,
3138 2961 3223 3015 vel
3250 2962 3317 3018 de
3341 2976 3480 3033 quo-

1900 3063 2069 3118 quam
2099 3048 2228 3103 alio.
2263 3045 2409 3103 Nihil
2434 3048 2581 3103 enim
2630 3049 2838 3119 injuste
2862 3051 3097 3119 accidit;
3132 3055 3480 3126 quandoquto

1905 3141 2027 3194 dem
2068 3148 2124 3193 et
2166 3139 2577 3211 Scripturarum
2606 3142 2889 3198 mendacia
2921 3143 3046 3213 jure
3087 3145 3154 3200 ad
3194 3146 3479 3204 hominum

1822 3229 1865 3289 C
1898 3232 2276 3303 probationem
2301 3233 2481 3303 posita
2512 3242 2662 3290 sunt.

1969 3323 2037 3379 ν.
2087 3323 2210 3391 Quo
2239 3325 2428 3381 audito
2454 3340 2556 3398 ego
2583 3327 2835 3384 Clemens
2874 3329 2989 3384 dixi
3023 3350 3036 3385 :
3070 3329 3191 3397 Qua
3227 3332 3478 3403 ratione,

1897 3416 2000 3483 ais,
2032 3416 2275 3484 domine,
2319 3425 2373 3473 et
2401 3415 2811 3489 Scripturarum
2851 3422 3135 3479 mendacia
3171 3425 3370 3481 merito
3406 3427 3477 3482 ad

1896 3508 2182 3564 hominum
2229 3510 2609 3580 probationem
2637 3513 2816 3582 posita
2851 3514 3058 3570 fuisse?
3084 3514 3180 3571 Ille
3214 3532 3348 3573 vero
3386 3535 3475 3575 re-

1893 3601 2115 3670 spoudit
2142 3620 2156 3657 :
2187 3600 2470 3658 Mendacia
2503 3602 3007 3674 Scripturarum,ex
3032 3607 3256 3664 malitiae
3280 3619 3472 3680 postu-

1893 3693 2119 3759 latione,
2160 3694 2310 3765 justa
2338 3696 2552 3750 ratione
2590 3698 2861 3767 permissa
2893 3706 3023 3753 sunt
3051 3701 3239 3756 scribi.
3279 3700 3472 3758 Merito

1894 3795 2075 3841 autem
2099 3785 2224 3841 dico
2250 3787 2350 3842 sic.
2378 3786 2435 3841 In
2464 3787 2740 3859 theologia
2765 3796 2819 3844 et
2847 3790 3109 3861 religione
3140 3793 3337 3857 malus,
3362 3809 3469 3849 non

1892 3877 2079 3933 minus
2108 3876 2339 3950 diligens
2366 3877 2540 3933 Deum
2563 3894 2728 3949 quam
2761 3880 2942 3936 bonus
2974 3881 3029 3935 in
3060 3896 3173 3937 uno
3203 3891 3414 3938 tantum
3438 3900 3488 3953 a.

1891 3970 2038 4027 bono
2084 3979 2397 4041 superatur,
2441 3971 2589 4041 quod
2634 3972 2828 4028 nolens
2879 3988 3105 4044 parcere
3134 3974 3223 4041 iis,
3266 3976 3359 4045 qui
3402 3992 3469 4030 ex

1892 4062 2202 4135 ignorantia
2231 4063 2384 4133 impii
2414 4074 2565 4129 sunt,
2594 4079 2782 4120 amore
2816 4066 2869 4120 in
2903 4065 3037 4121 illud
3065 4066 3212 4136 quod
3241 4081 3350 4121 non
3374 4083 3473 4122 co-

1891 4154 2061 4223 litur,
2107 4154 2543 4225 irreligiosorum
2594 4155 2870 4213 desiderat
2926 4157 3233 4225 interitum,
3289 4159 3469 4213 bonus

1892 4261 2027 4301 vero
2053 4247 2188 4317 ipsis
2217 4247 2414 4303 offerre
2439 4248 2755 4303 sanitatem.
2778 4246 3068 4304 Vultenim
3096 4260 3328 4305 cunctos
3350 4267 3467 4321 poe-

1890 4339 2119 4394 nitentia
2144 4354 2341 4395 sanare
2366 4358 2378 4393 :
2406 4349 2587 4396 servat
2613 4350 2797 4395 autem
2819 4355 2915 4397 eos
2938 4348 3151 4395 tantum
3175 4342 3269 4412 qui
3294 4340 3465 4397 Deum

1889 4440 2262 4502 cognoscunt;
2323 4440 2379 4487 at
2416 4448 2512 4487 eos
2575 4432 2671 4503 qui
2725 4449 2852 4488 eum
2912 4434 3166 4503 ignorant
3218 4448 3329 4489 non
3376 4450 3467 4489 sa-

1890 4533 2005 4592 nat,
2050 4540 2162 4579 non
2202 4524 2350 4595 quod
2377 4524 2535 4591 nolit,
2566 4525 2661 4580 sed
2690 4526 2823 4595 quia
2864 4540 2972 4579 non
3002 4525 3130 4580 licet
3167 4525 3310 4581 bona
3339 4526 3469 4584 ﬁliis

1888 4616 2041 4686 regni
2070 4624 2374 4687 praeparata
2404 4617 2646 4672 tribuere
2676 4617 3017 4684 hominibus,
3045 4618 3141 4688 qui
3164 4618 3236 4673 ob
3256 4618 3467 4675 discre-

1888 4709 2056 4765 tionis
2078 4709 2442 4781 privationem
2473 4709 2763 4765 assimilati
2793 4719 2923 4765 sunt
2950 4710 3129 4767 brutis
3158 4711 3463 4767 animanti-

1885 4799 2010 4857 bus.

1958 4891 2047 4947 VI.
2074 4891 2251 4949 L'nius
2283 4907 2346 4949 ac
2377 4892 2551 4949 solius
2625 4894 2740 4961 Dei,
2792 4895 2887 4965 qui
2946 4895 3214 4950 mundum
3246 4894 3379 4952 fecit
3403 4905 3462 4951 et

1882 5002 1984 5042 nos
2025 4986 2232 5042 creavit
2277 4997 2332 5042 et
2353 4989 2538 5042 omnia
2587 4989 2841 5058 praebuit,
2890 5005 2955 5044 ea
2998 4998 3196 5044 natura
3240 4997 3361 5055 est,
3400 4999 3463 5045 ut

190 5086 372 5148 κότος,
409 5081 638 5153 τοιαύτη
667 5081 909 5150 πέφυκεν
946 5080 1139 5151 φύσις,
1174 5080 1378 5145 παντὸς
1423 5082 1525 5154 ἤδη
1573 5081 1704 5136 ποτὲ
1731 5083 1776 5115 ⁸ο

1905 5079 2122 5135 inimam
2153 5079 2445 5150 cujuslibet
2498 5080 2640 5135 intra
2687 5081 2906 5151 pietatis
2952 5081 3159 5136 limites
3205 5080 3371 5151 positi
3407 5091 3462 5137 et

188 5176 346 5239 ἐντὸς
370 5176 513 5246 ὅρων
554 5171 864 5236 θεοσεϐείας
896 5172 1067 5236 ὄντος,
1100 5174 1196 5226 καὶ
1225 5173 1300 5244 μὴ
1328 5172 1777 5246 βλασφημοῦντος

186 5267 359 5323 αὐτοῦ
389 5266 454 5321 τὸ
499 5266 651 5335 ἅγιον
691 5263 936 5335 Πνεῦμα,
987 5266 1187 5336 στοργῇ
1214 5267 1282 5337 τῇ
1325 5265 1462 5338 πρὸς
1499 5265 1661 5320 αὐτὸν
1694 5268 1778 5333 είς

1881 5182 2131 5228 sanctum
2143 5172 2262 5243 ejus
2276 5171 2539 5242 Spiritum
2560 5189 2669 5227 non
2693 5174 3225 5244 blasphemantis,ad
3246 5174 3461 5241 se,cha-

1885 5266 2053 5323 ritate
2071 5281 2199 5337 erga
2230 5266 2378 5321 hunc
2404 5265 2705 5333 hominem,
2738 5267 2996 5334 adducat,
3026 5283 3122 5338 per
3146 5274 3460 5337 respectum

1472 5399 1707 5456 VARUE
1774 5399 2183 5457 LECTIONES.

259 5495 311 5526 “
342 5494 755 5576 τινείεςθεσθαιρἶ
790 5496 841 5576 ξο
865 5497 1161 5576 κάτωροη
1191 5495 1442 5576 omittere
1463 5494 1694 5576 debebat
1746 5494 1833 5576 S._
1862 5493 2122 5576 Subinde
2155 5493 2224 5559 Ο,
2244 5567 2256 5576 _
2282 5495 2771 5576 πολοθεουμσριίαςζ
2870 5497 2916 5576 ’ξ
2949 5496 3152 5576 οὐ-ηοη
3183 5510 3212 5576 e

1706 5606 1721 5647 ,
1743 5566 1837 5647 sed
1858 5566 2043 5622 statim
2065 5566 2305 5647 πλουσίω
2324 5564 2584 5647 (πλουσίω
2604 5564 2646 5622 C
2675 5566 2983 5647 ζ,πλουσίως
3000 5566 3068 5619 de
3091 5564 3457 5647 conjectura).

1765 5634 2341 5707 ἰηννῐηατςηλαμϐἀνει
2366 5637 2423 5707 in
2474 5634 2643 5707 textu.
2676 5636 2723 5669 ”
2754 5638 2885 5691 αὐτό
2911 5635 2950 5689 C
3005 5634 3205 5707 imitari
3242 5634 3359 5687 vult
3397 5635 3452 5707 in

1035 5707 1102 5762 fr.
1133 5708 1280 5762 hom.
1312 5720 1396 5771 Ill,
1426 5706 1471 5761 9.
1516 5705 1574 5776 ξ.
1651 5706 1698 5738 ⁵⁸
1734 5706 1889 5776 ὑμῶν
1912 5705 1992 5761 CI
2052 5706 2098 5738 ⁵⁸
2128 5707 2185 5762 δέ
2214 5722 2327 5761 om.
2351 5705 2418 5761 0.
2494 5708 2537 5776 ξ’
2558 5706 2678 5761 οὐδέ

181 5634 627 5709 κεκοσμηθένταί
639 5650 702 5709 _p.
714 5634 1151 5709 -κεκοσμημένον
1177 5643 1240 5690 υ.
1314 5634 1362 5669 ’⁵³
1396 5636 1475 5709 lt_a

182 5566 232 5601 ⁸³
265 5565 456 5619 καινόν
482 5568 526 5619 0
553 5603 572 5630 ,
598 5565 693 5635 qui
720 5566 915 5624 deinde
936 5567 1130 5689 ὀνὶἓρω
1162 5582 1213 5622 c.
1242 5565 1306 5623 D.
1338 5565 1417 5667 ςὸν
1450 5564 1584 5689 εἴδω
1612 5566 1653 5619 C

182 5634 621 5689 Κεκοσαηθέντα
649 5650 702 5689 ι).
738 5654 985 5689 κεκοσμτι
1063 5654 1151 5689 νον
1177 5643 1240 5689 υ.
1314 5637 1336 5669 ’⁵
1396 5636 1475 5689 Ita
1586 5644 1640 5689 et

182 5585 232 5601 σε·
265 5585 456 5619 καινον
482 5585 526 5619 υ
553 5603 572 5630 ,
598 5585 693 5635 (ιιιι
720 5585 915 5624 uernae
936 5585 1046 5621 ονει
1162 5585 1213 5622 c.
1242 5585 1306 5623 υ.
1338 5585 1417 5667 δον
1450 5585 1584 5689 sisto
1612 5585 1640 5619 ι

182 5634 621 5760 Κεκοσμηθέηςτα
649 5650 702 5705 p.
738 5585 1151 5763 κεκοσμηεέῖὲν
1177 5643 1240 5690 υ.
1314 5637 1336 5669 ’⁵
1396 5636 1475 5691 lla
1586 5644 1640 5691 et

182 5706 353 5762 αὐτόν
380 5724 445 5762 ve
495 5705 670 5760 αυτοί.
714 5705 959 5764 Frustra.
1035 5707 1102 5762 fr.
1133 5708 1280 5762 hom.
1312 5720 1396 5764 ut.
1426 5706 1471 5761 9.
1516 5705 1574 5760 S.

2870 5497 2916 5528 ⁵¹
2949 5496 3010 5549 οὐ
3044 5511 3152 5549 non
3183 5502 3268 5549 est
3295 5493 3349 5547 in
3383 5491 3450 5550 Ο.

2707 5723 2761 5777 p.
2794 5710 2823 5761 6
2851 5707 2909 5760 δέ
2940 5703 3184 5777 0.-Τιι111
3207 5702 3449 5777 προσφέ-

186 5795 305 5848 ρςιν
345 5793 427 5834 se.
453 5775 804 5848 ἐπιθυμεῖδ,
838 5794 888 5835 c.
936 5777 980 5831 I)
1008 5820 1024 5844 ,
1054 5777 1380 5848 προσφέρων
1423 5776 1487 5842 (3,
1518 5775 1581 5830 Ο.
1649 5776 1705 5848 ί¹¹⁸
1738 5771 1880 5830 θέλει
1910 5777 2117 5841 πάντας
2142 5780 2211 5848 ΔΟ.
2286 5776 2331 5808 δ’
2364 5775 2438 5831 Ita
2488 5775 2544 5839 S,
2580 5771 2749 5848 c.7D'.
2790 5777 2879 5831 Ille
2911 5774 3056 5848 conj.
3080 5771 3457 5848 είδήπόῖςίοι

182 5842 251 5910 0.
281 5848 571 5928 οὐδήποτε.
607 5842 849 5928 Subinde
877 5842 1027 5912 ἐντλς
1059 5842 1284 5919 ὅρωνσ
1316 5847 1367 5900 in
1395 5855 1567 5912 textu,
1594 5847 1659 5903 ad
1682 5862 1834 5903 oram
1858 5863 2004 5904 man.
2032 5849 2103 5903 al.
2140 5846 2268 5911 ἴσως
2300 5848 2533 5911 ἐκτός.ϐ
2588 5847 2923 5910 ειίωὴὲντὸς
2956 5842 3085 5917 ὅρῳ.
3108 5842 3248 5899 Tum
3279 5842 3460 5915 βλασιι

184 5916 497 5990 φυμοῦντος
528 5932 641 5973 scr.
670 5916 741 5971 0..
