3868 6212
203 353 313 409 H7

1342 369 1803 429 CLEMENTINA.
1839 404 1909 417 —
1939 376 2227 437 HOMILIA
2263 380 2354 439 Ill.

3356 394 3391 450 .I
3407 393 3471 450 f8

198 468 508 538 ἀνθρώπιον
553 475 774 546 στοργή.
836 476 1006 542 Εἰδὼς
1046 480 1103 533 δὲ
1160 481 1206 513 ⁷³
1250 484 1278 536 ό
1322 486 1577 556 πονηρὸς,
1632 488 1756 558 ήμῶ

1894 495 2103 551 minum
2129 514 2256 570 erga
2297 498 2490 555 Deum.
2538 500 2737 560 Vidcns
2782 500 2961 561 autem
3006 509 3184 565 malus
3214 509 3473 570 festinare

201 565 545 619 σπευδόντων
576 570 689 630 τοῖς
720 568 828 621 ἀπὸ
861 570 1028 625 ἐθνῶν
1055 573 1325 629 πιστεύειν
1362 576 1643 647 μέλλουσιν
1672 580 1790 643 ἐνὸς

196 656 296 709 καὶ
331 656 494 727 μόνου
528 658 663 711 Θεοῦ
691 661 750 713 ἐν
776 661 976 732 ψυχαῖς
1006 665 1250 737 σπείρειν
1288 668 1385 739 τὴν
1406 669 1788 724 ἀθανατοποιὸν

190 747 335 818 πρὸς
365 748 531 802 αὑτὸν
562 750 863 822 ἀνθρώπιον
894 754 943 786 ⁷⁸
975 757 1240 828 στοργήν,
1289 760 1453 823 αὐτὸς
1484 764 1513 814 ὁ
1555 762 1789 833 πονηρὸς

190 839 338 892 κατά
364 840 475 893 τῶν
510 842 851 909 ἀγνοούντων
896 847 1077 913 ἰκανὸν
1115 850 1280 903 ὅπλον
1324 851 1465 923 ἔχων
1498 855 1635 925 πρὸς
1664 856 1784 909 ὄλε-

189 928 324 999 θρον
363 932 658 997 σπουδάζει
684 934 899 989 πολλῶν
929 938 1067 992 θεῶν
1096 941 1129 1011 ἢ
1163 942 1258 994 καὶ
1285 943 1403 1008 ἐνὸς
1433 944 1509 1008 ὡς
1539 946 1784 1017 κρείττοὶ

186 1037 278 1084 νος
312 1022 426 1093 82
470 1027 692 1096 σπεῖραι
725 1028 826 1099 τὴν
858 1029 1124 1101 ὑπόληψιν
1144 1072 1159 1097 ,
1190 1033 1278 1086 ἴνα
1303 1035 1653 1102 συλλαϐόντες
1693 1041 1784 1094 καὶ

182 1114 622 1183 συμπεισθέντες
650 1117 685 1171 ἆ
723 1119 799 1190 μὴ
834 1120 990 1191 θέμις
1011 1165 1027 1188 ,
1057 1124 1423 1193 ἀποθανόντες
1447 1129 1526 1194 ὡς
1550 1133 1642 1185 ἐπὶ
1666 1151 1782 1204 μοι-

180 1204 342 1274 χείας
363 1207 695 1281 ἐγκλήματι,
726 1212 827 1282 τῆς
858 1214 1023 1268 αὑτοῦ
1054 1215 1333 1288 βασιλείας
1375 1222 1776 1296 ἀποϐληθῶσιν.

252 1403 347 1500 Ιξ.
397 1409 582 1477 Ἄξιος
632 1409 727 1469 οὖν
772 1418 873 1489 τῆς
913 1419 1189 1494 ἀποϐολῆς
1220 1426 1329 1489 πᾶς
1366 1427 1509 1482 κατά
1540 1429 1637 1500 τῆς
1681 1430 1775 1484 τοῦ

173 1496 315 1551 Θεοῦ
364 1505 664 1575 μοναρχίας
692 1508 823 1562 αὑτὸ
857 1511 1017 1582 μόνον
1050 1515 1153 1569 κᾶν
1184 1518 1415 1572 ἀκοῦσαί
1449 1537 1503 1573 τι
1536 1496 1775 1575 τοιοῦτον

172 1590 435 1664 θελήσας.
483 1598 547 1651 El
596 1591 653 1653 δέ
688 1603 765 1665 ὡς
803 1604 1046 1675 Γραφαῖς
1086 1609 1448 1682 τεθαρρηκὼς
1496 1612 1637 1665 κατὰ
1678 1614 1772 1668 τοῦ

168 1685 310 1741 Θεοῦ
342 1691 521 1762 τολμᾷ
547 1709 631 1757 τις
660 1695 762 1748 κᾶν
797 1697 1037 1766 ἀκούειν,
1074 1702 1289 1771 πρῶτον
1321 1702 1497 1756 ἐκεῖνό
1531 1722 1621 1775 μοι
1649 1721 1772 1758 συν-

164 1781 479 1887 ξνθυμείτω
520 1786 586 1852 ⁷³,
623 1788 727 1851 ὅτι,
770 1790 834 1843 ἄν
882 1809 968 1855 τις
1012 1791 1233 1862 εὔλογον
1279 1795 1457 1867 ἑαυτῷ
1483 1796 1662 1868 δόγμα
1693 1798 1770 1862 ὡς
1798 1831 1843 1887 Β

164 1871 426 1941 βούλεται
469 1878 776 1953 ὰναπλάσῃ,
810 1881 1000 1936 ἔπειτα
1042 1886 1234 1949 αὑταῖς
1271 1888 1484 1961 ἐγκύψῃ
1512 1891 1581 1957 ⁷⁸,
1612 1892 1767 1946 δυνα-

159 1964 260 2027 τὸς
314 1965 472 2021 ἔσται
521 1970 724 2035 πολλὰς
760 1973 902 2053 ὑπὲρ
946 1969 1008 2030 οὗ
1048 1977 1324 2033 ἐπλάσατο
1368 1980 1637 2053 δόγματος
1669 1985 1766 2038 ἀπ’

156 2057 349 2112 αὑτῶν
396 2063 706 2135 μαρτυρίας
734 2066 940 2139 φέρειν·
973 2069 1093 2133 πῶς
1123 2067 1216 2125 οὖν
1248 2073 1341 2126 ἐπὶ
1372 2075 1599 2140 ταύταις
1625 2077 1767 2132 κατά

154 2148 257 2201 τοῦ
292 2149 432 2204 Θεοῦ
459 2152 681 2227 θαρρεῖν
709 2156 879 2226 ἐστιν,
923 2160 982 2214 ἐν
1012 2160 1100 2226 αἷς
1128 2164 1161 2235 ή
1191 2164 1409 2220 πάντων
1451 2166 1613 2240 βουλὴ
1652 2170 1763 2222 είσ-

156 2242 481 2312 ευρίσκεται
506 2263 521 2312 ;

226 2334 301 2389 X.
351 2337 566 2393 Αὐτίκα
604 2340 736 2409 γοῦν
781 2344 967 2417 Σίμων
1014 2346 1205 2420 αὔριον
1254 2351 1385 2423 ἡμῖν
1429 2352 1677 2425 συζητεῖν
1713 2356 1760 2387 ⁷⁷

154 2429 377 2499 μέλλων
410 2432 647 2504 δημοσίᾳ
697 2437 838 2490 κατὰ
864 2439 964 2509 τῆς
999 2439 1094 2493 τοῦ
1132 2441 1267 2496 Θεοῦ
1315 2445 1611 2516 μοναρχίας
1643 2446 1760 2500 τολ-

154 2524 239 2592 μᾷ
265 2523 338 2586 ⁷⁸,
376 2523 546 2578 θέλων
587 2526 789 2593 πολλὰς
820 2529 882 2595 ἐξ
927 2533 1106 2588 αὑτῶν
1153 2535 1261 2589 τῶν
1299 2537 1532 2608 Γραφῶν
1576 2540 1759 2609 φωνὰς

149 2613 426 2683 ἐνεγκεῖν,
457 2616 539 2669 ὃτι
573 2619 619 2649 τ’
649 2620 834 2674 πολλοὶ
864 2623 971 2699 εἰσὶ
1005 2624 1139 2693 θεοὶ,
1175 2623 1257 2691 εἷς
1289 2628 1346 2681 δέ
1378 2646 1460 2692 τις
1488 2630 1587 2701 οὑχ
1612 2633 1640 2683 ὁ
1664 2632 1756 2686 τὸν

150 2706 365 2776 κόσμον
383 2708 596 2773 κτίσας,
622 2710 759 2764 ἀλλὰ
772 2713 816 2744 ⁸ο
830 2714 1022 2768 τούτου
1058 2718 1349 2792 ἀνυπερος
1373 2722 1467 2774 καὶ
1490 2722 1640 2792 ὁμῶς
1656 2723 1756 2788 τὰς

146 2798 461 2866 ἀποδείξεις
488 2803 801 2874 ἐγγράφους
819 2807 934 2879 ἔχει
954 2815 1275 2883 παρασχεῖν.
1308 2816 1418 2867 Καὶ
1434 2816 1595 2887 ἡμεῖς
1622 2816 1678 2869 δὲ
1694 2817 1755 2882 ἐξ

144 2891 329 2945 αὐτῶν
361 2894 563 2959 πολλὰς
587 2899 892 2968 περικοπὰς
917 2902 1085 2967 δεῖξαι
1116 2905 1302 2974 σαφῶς
1322 2906 1539 2977 ἔχομεν,
1569 2909 1651 2963 ὅτι
1672 2904 1753 2974 εἷς

144 2983 296 3037 ἐστιν
318 2988 350 3038 ό
379 2984 422 3020 ³⁸
442 2987 574 3051 Θεὸς
599 2985 754 3055 οὗτος
781 2995 809 3045 ό
835 2993 926 3046 τὸν
943 2996 1145 3067 κόσμον
1166 2997 1376 3065 κτίσας,
1405 3001 1500 3053 καὶ
1527 3001 1685 3066 ἄλλος
1703 3004 1750 3035 ⁸⁸

143 3075 245 3128 οὑκ
274 3076 396 3130 ἐστι
425 3079 567 3161 πλὴν
594 3083 777 3136 αὑτοῦ.
822 3083 986 3140 Ἀλλά
1015 3089 1108 3141 καὶ
1127 3090 1178 3141 εί
1202 3107 1288 3153 τις
1314 3091 1490 3155 ἄλλως
1521 3109 1639 3157 πως
1666 3096 1746 3148 εί-

1894 601 2018 656 nos,
2042 599 2102 644 ut
2126 590 2180 645 in
2210 607 2401 648 eorum
2434 595 2656 663 animis,
2699 599 2792 667 qui
2823 615 2889 653 ex
2920 602 3175 671 gentibus
3210 605 3469 662 credituri

1893 693 2042 748 sunt,
2068 682 2465 742 inseminemus
2492 687 2925 747 immortalitatis
2954 695 3312 762 operatricem
3336 698 3471 752 cha-

1890 772 2110 829 ritatem
2145 777 2433 832 hominum
2484 780 2537 834 in
2582 796 2751 836 unum
2781 798 2845 837 ac
2887 783 3063 838 solum
3105 784 3298 855 Deum,
3328 804 3467 859 ipse,

1890 866 2137 935 inquam,
2170 868 2445 939 diabolus,
2494 881 2684 928 contra
2724 874 3007 945 imperitos
3041 875 3377 935 sufﬁcienter
3396 881 3463 936 ad

1888 974 2078 1015 necem
2130 973 2376 1018 armatus
2406 1004 2422 1030 ,
2478 964 2674 1020 nititur
2726 967 3025 1023 multorum
3071 970 3300 1025 deorum
3350 970 3465 1027 sive

1872 1051 2056 1108 .unius
2099 1063 2361 1124 tanquam
2394 1057 2790 1125 praestantioris
2831 1060 3143 1130 opinionem
3177 1062 3414 1118 inserere
3447 1083 3461 1118 :

1884 1160 1995 1215 quo
2026 1146 2300 1213 homines,
2346 1149 2583 1204 tenendo
2619 1166 2684 1206 ac
2725 1153 2995 1208 credendo
3022 1171 3143 1224 quae
3174 1172 3283 1210 non
3313 1156 3459 1222 licet,

1883 1239 2195 1294 moriantur
2220 1242 2377 1310 quasi
2404 1243 2459 1296 in
2493 1243 2745 1299 adulterii
2767 1246 3020 1308 crimine.
3043 1256 3097 1303 et
3118 1263 3147 1302 a
3176 1263 3342 1319 regno
3365 1248 3460 1305 Dei

1879 1332 2190 1402 ejiciantur.

1954 1424 2049 1479 IX.
2088 1425 2279 1497 Itaque
2324 1428 2525 1498 dignus
2563 1429 2755 1498 estqui
2794 1429 3101 1499 abjiciatur,
3144 1430 3458 1500 quicunque

1877 1528 2073 1575 contra
2121 1519 2217 1575 Dei
2271 1520 2653 1576 monarchiam
2696 1521 2783 1575 vel
2836 1529 3044 1576 tantum
3094 1522 3227 1591 quid
3278 1522 3458 1578 simile

1877 1613 2070 1668 audire
2092 1613 2345 1668 voluerit.
2381 1612 2438 1668 Si
2471 1628 2602 1669 vero
2628 1654 2644 1682 ,
2679 1614 2839 1683 quasi
2867 1612 3167 1684 Scripturis
3197 1614 3452 1680 conﬁdat,

1875 1713 2067 1759 contra
2111 1704 2283 1760 Deum
2310 1706 2396 1760 vel
2424 1705 2617 1761 audire
2663 1705 2864 1776 aliquis
2892 1706 3074 1772 audet,
3106 1706 3284 1777 primo
3319 1707 3457 1762 illud

1874 1810 2089 1850 mecum
2123 1796 2435 1852 consideret
2467 1815 2481 1852 :
2517 1797 2702 1869 siquis
2726 1798 2923 1868 dogma
2949 1798 3171 1868 aliquod
3194 1797 3299 1863 sibi
3324 1810 3454 1869 pro-

1869 1887 2049 1942 babile
2071 1904 2171 1958 pro
2188 1889 2467 1945 voluntate
2490 1891 2819 1946 conﬁnxerit
2842 1898 2897 1946 et
2927 1899 3115 1960 postea
3133 1890 3455 1963 Scripturas

1868 1977 2035 2033 fuerit
2060 1978 2316 2048 intuitus,
2360 1996 2429 2036 ex
2461 1981 2532 2037 iis
2562 1982 2763 2052 poterit
2805 1982 2976 2037 multa
3006 1983 3317 2040 testimonia
3349 2000 3449 2054 pro

1866 2070 2060 2125 ﬁctitio
2098 2086 2201 2127 suo
2230 2072 2482 2142 dogmate
2504 2073 2781 2143 proferre;
2824 2089 2935 2144 quo
2979 2075 3141 2131 modo
3181 2076 3349 2147 igitur
3392 2078 3445 2130 in

1865 2162 1935 2218 iis
1962 2162 2226 2219 adversus
2253 2163 2424 2219 Deum
2455 2166 2730 2221 conﬁdere
2766 2165 2849 2222 Ias
2876 2166 2969 2234 sit,
2994 2168 3051 2222 in
3080 2168 3283 2239 quibus
3305 2185 3445 2225 cun--

1864 2262 2078 2312 ctorum
2110 2254 2373 2326 placitum
2410 2256 2734 2312 invenitur?

1933 2345 2004 2401 Χ.
2036 2345 2194 2402 Nunc
2226 2362 2355 2418 ergo
2384 2347 2597 2414 Simon,
2619 2364 2741 2405 cras
2770 2350 3059 2407 nobiscum
3084 2351 3303 2423 publice
3330 2352 3446 2407 dis.-

1860 2446 2176 2506 ceptaturus
2206 2478 2222 2506 ,
2278 2449 2471 2495 contra
2521 2439 2617 2495 Dei
2670 2443 3049 2498 monarchiam
3107 2445 3439 2515 aggreditur,

1859 2530 2172 2600 multasque
2195 2545 2262 2585 ex
2288 2530 2424 2602 ipsis
2456 2530 2756 2603 Scripturis
2785 2550 2947 2591 voces
2976 2534 3170 2591 aﬂ'erre
3200 2536 3336 2602 vult,
3373 2537 3441 2592 de

1858 2634 1924 2674 eo
1949 2621 2095 2691 quod
2123 2623 2280 2677 multi
2302 2624 2379 2678 dii
2404 2625 2515 2680 sint
2541 2635 2597 2681 et
2618 2642 2762 2682 unus
2791 2627 3039 2698 quidam,
3077 2644 3185 2683 non
3218 2629 3437 2699 quidem

1857 2722 2077 2768 creator
2113 2715 2342 2783 mundi,
2378 2717 2473 2773 sed
2513 2718 2608 2773 illo
2638 2720 2909 2790 superior.
2959 2719 3246 2793 Simulque
3273 2737 3444 2793 argu-

1856 2815 2039 2861 menta
2065 2822 2132 2861 ex
2162 2807 2468 2879 Scripturis
2489 2811 2787 2868 exhibebit.
2818 2812 2885 2867 Et
2909 2829 3011 2870 nos
3030 2830 3253 2886 quoque
3276 2828 3342 2870 ex
3366 2817 3436 2872 iis

1855 2896 1990 2966 ipsis
2016 2901 2189 2954 multa
2224 2902 2498 2958 evidentia
2524 2905 2767 2974 capitula
2799 2908 3087 2962 ostendere
3116 2923 3439 2978 possumus,

1851 2989 1998 3057 quod
2052 3007 2197 3047 unus
2242 2994 2314 3048 sit
2360 2994 2504 3051 Deus
2543 2996 2631 3051 hic
2672 2998 2765 3067 qui
2797 3000 2986 3054 orbem
3021 3001 3289 3066 condidit,
3333 3019 3437 3057 nec

1854 3081 1995 3137 alius
2024 3084 2097 3138 sit
2116 3094 2312 3153 prazter
2345 3102 2492 3142 eum.
2528 3087 2632 3144 Sed
2656 3099 2710 3145 et
2739 3091 2785 3145 si
2817 3091 2942 3161 quis
2972 3092 3080 3147 alio
3102 3109 3434 3165 quocunque

141 3170 267 3221 πεῖν
294 3169 536 3241 θελήσει,
558 3173 670 3238 ἐξει
695 3177 790 3229 καὶ
809 3176 972 3242 αὑτὸς
998 3180 1059 3245 ἐξ
1078 3182 1257 3235 αὐτῶν
1270 3184 1347 3246 ὡς
1365 3183 1613 3253 βούλεται
1635 3188 1743 3258 83

1867 3175 2015 3229 nodo
2071 3176 2255 3233 dicere
2295 3178 2552 3245 voluerit,
2597 3182 2822 3238 habebit
2869 3184 3034 3239 etiam
3072 3184 3121 3241 is
3165 3201 3233 3241 ex
3272 3188 3440 3257 ipsis.

142 3263 273 3331 περὶ
301 3256 383 3317 ὧν
430 3263 678 3333 βούλεται
706 3268 806 3332 τὰς
836 3272 1141 3337 ἀποδείξεις
1182 3281 1506 3349 παρασχεῖν.
1554 3256 1744 3336 Πάντα⁵

1847 3278 2012 3339 prout
2052 3270 2203 3325 volet
2245 3281 2300 3326 et
2350 3273 2417 3327 de
2445 3273 2646 3343 quibus
2685 3276 2851 3341 volet,
2893 3277 3246 3347 probationes
3274 3279 3425 3334 dare.

140 3352 249 3443 γὰρ
279 3354 339 3407 αἱ
372 3355 588 3425 Γραφαὶ
620 3357 887 3427 λέγουσιν,
921 3363 1006 3417 ἵνα
1040 3367 1228 3437 μηδεὶς
1254 3368 1362 3421 τῶν
1403 3371 1740 3443 ἀγνωμόνως

1867 3358 2045 3416 )mnia
2094 3363 2298 3434 quippe
2337 3363 2636 3435 Scriptura:
2676 3366 2868 3423 dicunt
2899 3387 2911 3423 :
2943 3384 3011 3424 ne
3037 3370 3183 3427 ullus
3209 3386 3433 3440 eorum,

138 3442 456 3514 ζητούντων
493 3449 555 3501 τὸ
593 3449 791 3522 ἀληθὲς
843 3453 1030 3525 εὖροι,
1087 3456 1203 3510 ἀλλ’
1252 3458 1280 3511 ὃ
1335 3442 1601 3531 βούλεται,
1643 3465 1740 3519 τοῦ

1867 3455 1937 3522 lui
1962 3455 2174 3526 ingrate
2205 3467 2495 3527 quazrunt,
2527 3459 2769 3515 inveniat
2800 3461 3107 3530 veritatem,
3141 3464 3235 3519 sed
3274 3467 3427 3520 inve-

133 3535 381 3603 ἀληθοῦς
410 3542 526 3603 τοῖς
554 3542 861 3614 εὐγνώμοσι
903 3549 1297 3620 τετηρημένου.
1332 3552 1736 3628 Εὑγνωμοσύνη

1867 3548 1960 3603 liat
2006 3549 2152 3618 quod
2184 3550 2336 3620 cupit
2375 3570 2391 3618 ;
2424 3551 2649 3607 veritate
2688 3554 2860 3624 gratis
2895 3554 3211 3611 hominibus
3246 3572 3426 3613 reser-

132 3625 191 3680 δέ
213 3629 373 3682 ἐστιν
392 3630 453 3683 τὸ
475 3631 522 3665 ⁸³
542 3633 680 3703 πρὸς
696 3636 788 3690 τὸν
815 3637 909 3691 τοῦ
930 3632 1069 3693 εἶναι
1083 3641 1229 3712 ἡμᾶς
1251 3644 1420 3697 αἴτιον
1431 3625 1736 3712 ἀποσώζειν

134 3724 401 3792 στοργήν.

203 3809 300 3864 XI.
343 3812 506 3897 Ὅθεν
536 3815 643 3886 πρὸ
673 3818 893 3874 πάντων
935 3822 1132 3877 εἰδέναι
1179 3824 1413 3895 ὀφείλει,
1462 3827 1546 3881 ὅτι
1578 3829 1737 3884 οὐδα-

133 3902 302 3994 μόθεν
341 3905 514 3977 αὑτὴν
552 3909 817 3980 εὑρίσκει,
847 3914 895 3966 εί
927 3916 1001 3985 μὴ
1032 3914 1100 3969 ἂν
1140 3917 1249 3970 ἀπὸ
1282 3921 1563 3990 προφήτου
1596 3922 1732 3994 ἀλη-

127 3993 307 4059 θείας.
356 3995 653 4071 Προφήτης
699 4002 757 4055 δέ
786 4004 994 4078 ἀληθής
1037 4008 1185 4062 ἐστιν
1213 4012 1241 4063 ό
1275 4010 1451 4064 πάντα
1496 3993 1728 4068 πάντοτε

127 4086 317 4151 εἰδὼς,
352 4088 432 4142 ἐτι
466 4090 523 4143 δὲ
553 4095 648 4145 καὶ
678 4094 779 4159 τὰς
809 4097 1027 4153 πάντων
1057 4101 1287 4169 ἐννοίας,
1319 4104 1726 4177 ἀναμάρτητος*

126 4179 209 4241 ὡς
244 4181 377 4251 περὶ
410 4182 511 4253 τῆς
544 4185 907 4255 προγνώσεως
943 4190 1109 4245 αὐτοῦ
1159 4194 1234 4265 μὴ
1283 4196 1469 4260 ἁπλῶς
1509 4197 1729 4271 διαλαμ-

125 4270 343 4340 ϐάνειν,
391 4274 508 4327 ἀλλ’
537 4280 585 4330 εί
616 4278 836 4333 δύναται
872 4283 1000 4356 ἄιευ
1034 4285 1226 4356 ἐτέρας
1257 4290 1584 4360 προφάσεως
1612 4309 1729 4345 συν-

123 4363 360 4417 εστάναι
388 4366 553 4420 αὑτοῦ
585 4369 618 4439 ή
650 4371 975 4442 πρόγνωσις.
1010 4376 1075 4428 Ἃ
1105 4377 1215 4450 γὰρ
1246 4366 1296 4432 oi
1334 4381 1508 4454 ἰατροὶ
1540 4384 1727 4455 προλέ-

1839 3651 1985 3697 vata.
2020 3641 2309 3698 Gratitudo
2341 3654 2523 3699 autem
2547 3656 2634 3700 est
2656 3686 2671 3709 ,
2702 3660 2921 3701 servare
2944 3647 3266 3703 charitatem
3292 3665 3429 3721 erga

1838 3749 1964 3789 eum
1993 3732 2089 3804 qui
2119 3735 2421 3790 exsistendi
2450 3736 2610 3792 nobis
2641 3746 2837 3793 auctor
2865 3738 2988 3793 fuit.

1905 3826 2001 3882 XI.
2045 3825 2201 3882 Unde
2232 3837 2356 3883 ante
2385 3829 2571 3884 omnia
2609 3830 2751 3887 scire
2793 3840 3028 3901 oportet,
3059 3848 3169 3888 non
3199 3832 3423 3889 aliunde

1835 3918 2070 3974 inveniri
2117 3919 2402 3975 veritatem
2436 3962 2452 3988 ,
2523 3937 2691 3992 quam
2744 3938 2777 3977 a
2827 3925 3077 3980 veritatis
3129 3925 3425 3995 pr0pheta.

1834 4009 2107 4081 Propheta
2137 4021 2321 4066 autem
2344 4028 2509 4068 verus
2536 4013 2582 4069 is
2607 4023 2691 4069 est
2718 4016 2813 4085 qui
2840 4016 3023 4072 omnia
3047 4018 3293 4084 omnino,
3332 4027 3418 4071 at—

1832 4118 1941 4174 que
1982 4104 2147 4159 etiam
2192 4113 2516 4159 cunctorum
2569 4106 2931 4176 cogitationes
2980 4110 3171 4175 novit,
3222 4121 3415 4180 estque

1833 4197 2234 4267 impeccabilis,
2261 4206 2323 4253 ut
2348 4198 2442 4268 qui
2474 4198 2540 4254 de
2566 4197 2661 4254 Dei
2687 4200 2896 4270 judicio
2926 4201 2999 4256 sit
3028 4203 3413 4269 certissimus;

1829 4292 2089 4359 quocirca
2116 4305 2218 4346 nos
2240 4290 2502 4346 debemus
2524 4292 2591 4346 de
2613 4292 2735 4361 ejus
2761 4294 3101 4363 praescientia
3133 4310 3243 4349 non
3272 4295 3411 4350 sim-

1826 4383 2046 4453 pliciter
2086 4383 2358 4453 judicare,
2406 4384 2501 4439 sed
2534 4384 2581 4438 si
2609 4384 2817 4455 absque
2856 4386 2964 4439 alia
3006 4400 3174 4440 causa
3221 4387 3409 4441 consi-

124 4469 344 4521 γουσιν,
391 4457 836 4532 ὑποϐεϐλημένην
874 4464 1007 4537 ὕλην
1044 4467 1261 4538 ἔχοντες
1303 4472 1397 4525 τοῦ
1442 4475 1723 4541 νοσοῦντος

1867 4484 1972 4530 tere
2016 4484 2196 4545 potest
2214 4475 2557 4545 praescientia
2580 4476 2774 4546 ipsius.
2806 4476 3063 4544 Quaedam
3093 4479 3238 4533 enim
3268 4493 3408 4547 prae-

124 4545 219 4637 τδν
254 4548 529 4618 σφυγμὸν,
574 4553 670 4605 καὶ
712 4554 764 4606 οἱ
804 4556 902 4626 μὲν
935 4560 1133 4630 πτηνὰ,
1173 4563 1225 4615 οἱ
1257 4563 1314 4616 δὲ
1357 4564 1591 4637 θύματα,
1627 4571 1723 4623 καὶ

1825 4566 2018 4621 dicunt
2061 4566 2298 4635 medici,
2344 4568 2475 4637 quia
2518 4568 2821 4638 subiectam
2866 4571 3153 4625 materiam
3206 4571 3408 4625 habent

124 4636 277 4731 ἀλλοι
323 4639 490 4703 ἄλλας
534 4641 664 4707 ὕλας
699 4646 903 4711 πολλὰς
934 4650 1223 4724 διαφόρους
1270 4636 1722 4731 ὑποϐεϐλημένας

1868 4658 2137 4729 grotantis
2166 4658 2425 4728 pulsum;
2458 4659 2585 4714 item
2614 4660 2707 4714 alii
2728 4676 2877 4727 aves,
2911 4662 3003 4716 alii
3021 4662 3417 4726 victinias,alii=

122 4727 348 4799 ἔχοντες
376 4733 751 4806 προλέγουσιν,
790 4742 884 4794 καὶ
911 4745 1185 4815 προφῆται
1216 4748 1317 4801 οὑκ
1344 4751 1499 4805 εἰσίν.

191 4886 313 4943 XII.
346 4890 409 4943 Εἰ
443 4891 499 4945 δὲ
520 4892 809 4967 βουληθείη
840 4915 922 4962 τις
939 4898 1141 4970 λέγειν,
1171 4906 1269 4977 τὴν
1299 4907 1387 4961 διὰ
1414 4910 1522 4965 τῶν
1542 4915 1716 4968 τοιού-

1774 4752 1775 4755 “
1819 4751 1954 4806 alias
1980 4751 2181 4806 multas
2219 4760 2274 4805 et
2300 4752 2482 4807 varias
2523 4752 2784 4809 materias
2829 4754 3105 4825 subjectas
3131 4754 3261 4809 dum
3306 4756 3408 4809 ha-

1825 4843 1975 4911 bent,
2020 4844 2342 4914 przedicunt,
2370 4861 2471 4900 nec
2506 4856 2635 4900 sunt
2662 4847 2958 4916 propheta.

1895 4934 2010 4991 XII.
2056 4936 2214 5002 Quod
2255 4938 2302 4993 si
2342 4937 2477 5007 quis
2498 4938 2681 4994 dicere
2718 4940 3403 5011 voluerit,,prtescientiam

1405 5062 1645 5121 VARIAE
1708 5067 2116 5126 LECTIONES.

202 5156 332 5243 ‘Méé
364 5158 694 5243 addidi_c._0
725 5204 749 5243 ,ι
771 5234 783 5243 _
813 5165 842 5219 ὃ
870 5167 1026 5243 εἰδώς
1044 5173 1190 5243 conj.
1223 5172 1287 5227 D.

122 5224 353 5305 μθθήῖω
376 5233 439 5282 υ-

119 5298 244 5365 (sic)
276 5298 360 5351 ὅτι
394 5314 448 5369 p.
484 5301 564 5354 ὅτι
599 5298 661 5357 0.

542 5178 616 5263 17
648 5178 694 5218 υ
725 5204 749 5248 ,ι
813 5178 842 5219 ο
870 5178 1026 5233 eloti);
1044 5178 1190 5243 conj.
1223 5178 1287 5227 D.
1417 5179 1459 5209 "‘
1485 5178 1787 5250 ἀνθρώπων
1810 5184 2047 5239 accessit
2078 5200 2142 5238 ex
2167 5183 2235 5240 Ο.
2309 5186 2354 5218 ⁷⁵
2376 5185 2453 5240 Ita
2492 5186 2573 5251 S.,
2608 5189 2992 5311 auvevOoufKrw
3016 5189 3057 5243 C
3090 5230 3103 5251 ,
3142 5188 3395 5243 συνενΟυ-

605 5234 840 5311 ἔγκᾌὶκῃ-
856 5238 1012 5311 ρης.
1044 5242 1083 5295 S
1112 5282 1127 5305 ,
1157 5244 1385 5311 ἐγκύψει
1422 5247 1483 5302 C.
1519 5249 1760 5305 Subinde
1786 5252 2008 5308 δυνατόν
2042 5258 2104 5308 0.
2206 5256 2251 5288 7'
2283 5256 2564 5311 συνζητεῖν
2604 5257 2666 5311 G.
2771 5260 2816 5289 ⁷⁸
2844 5276 2904 5311 το
2943 5262 3047 5311 μᾶν
3096 5262 3161 5311 Ο.
3260 5262 3305 5290 τ’
3329 5275 3389 5311 εγ

618 5234 832 5337 ἐγκύθίιῃ
862 5238 1012 5323 Ο,ἐ.
1044 5242 1083 5295 S
1112 5282 1127 5305 ,
1146 5234 1385 5315 ’ἐγκύψει
1422 5247 1493 5329 CL
1519 5234 1760 5305 Sn'binde
1786 5234 2142 5308 δῦἷιᾶἒξςῖοῗ
2177 5234 2251 5337 ἶ⁷ν⁷
2283 5234 2573 5337 συνξήτξίν⁷
2604 5234 3057 5341 ῥῖν’ξθ.

618 5304 661 5357 ).
738 5305 760 5337 ³
818 5308 956 5362 ἀλλα
986 5326 1097 5366 om.
1122 5311 1187 5367 0.
1220 5314 1358 5367 Tum
1383 5320 1533 5367 ὁιιωε
1555 5319 1593 5367 S
1624 5360 1638 5367 -
1662 5322 1812 5367 ὅμως
1838 5324 1893 5367 ﬂ.
1930 5323 1996 5367 n-
2073 5326 2162 5367 διδ
2194 5342 2397 5367 me”...
2429 5343 2457 5367 ρ
2514 5328 2559 5367 n
2656 5328 2702 5360 es
2724 5328 2849 5367 1m“
2876 5332 2920 5367 η
3016 5328 3064 5361 ea

920 5319 956 5362 ἀ
986 5326 1097 5366 om.
1122 5319 1187 5369 0.
1220 5319 1358 5370 Tum
1383 5319 1533 5389 ὁμῶς
1555 5319 1593 5373 S
1624 5360 1638 5383 ,
1662 5322 1812 5391 ὅμως
1838 5324 1900 5391 C,
1930 5323 1998 5379 Ο.
2073 5326 2162 5379 ⁸¹ὁ
2194 5319 2404 5381 inserui
2429 5319 2478 5382 ὁ.
2514 5328 2577 5383 υ.
2656 5328 2702 5360 θ’
2721 5328 2849 5381 ἄλλο
2876 5319 2953 5383 0)
2993 5319 3064 5361 ’⁸³
3098 5333 3195 5402 τήν
3223 5329 3285 5384 C.

2941 5262 3056 5330 “diu
3096 5262 3161 5313 Ο.
3237 5262 3305 5330 7"”
3329 5275 3409 5327 εχρ

1411 5448 1771 5510 νΑιιιοιιυΜ
1803 5456 2038 5516 ΝΟΤᾸΕ.

112 5653 224 5719 in;
253 5638 349 5738 κῗὶ
381 5635 557 5738 φόϐἓυ,
580 5642 713 5713 περὶ
740 5642 900 5738 Θεόνέ
929 5655 1032 5700 etc.
1070 5647 1174 5738 Τοῦ
1209 5650 1363 5717 ἁγίου
1385 5653 1698 5738 ῐςλήμεντος
1802 5660 1945 5738 προς
1968 5659 2182 5738 τὸν-τοῦ
2221 5657 2366 5738 εἶναι
2400 5667 2545 5736 ἡμᾶς
2578 5666 2767 5738 αἴτιον,
2787 5666 3094 5738 ἀποσώζειν
3131 5669 3394 5738 στοργήν

112 5709 417 5794 Ξπισκόπου
436 5780 447 5793 ν
468 5709 721 5794 Ῥώμης..
755 5712 1043 5794 Αὑτὲρκης
1083 5719 1190 5794 εἰςΔ
1211 5709 1566 5794 σῶτηρίαν”ή
1617 5709 1696 5788 εἰς

112 5776 243 5831 Θεὸν
276 5776 589 5849 ἀνθρώπων
621 5776 826 5853 ἀγάπη.
864 5776 1293 5861 Εὑγνῶμοσύνης
1479 5776 1695 5862 ἐστι,νῆ

1913 5724 1982 5799 ἦς
2001 5733 2097 5854 uati1
2110 5724 2465 5858 δίςϐδεύτερόν
2486 5724 2577 5791 καὶ
2597 5724 2786 5808 ἀγήρω
2805 5736 2973 5790 αἰῶνα
2987 5724 3393 5809 διασωζόμὲθαι

1822 5818 1853 5853 n
1886 5840 1909 5853 .-
1925 5818 2044 5858 can.
2150 5843 2157 5855 .
2233 5820 2322 5858 υτ..

1822 5818 1909 5855 ιιι.-
1925 5818 2044 5870 cap.
2078 5818 2097 5854 ι
2110 5818 2157 5855 υ.
2188 5818 2322 5858 hor.
