3868 6212
161 349 267 405 121

1306 357 1767 417 CLEMENTINA.
1804 393 1875 405 -—
1908 364 2192 421 IIOMILIA
2226 368 2312 423 Ill.

3312 363 3419 417 129

160 465 271 534 ἔφη
291 480 305 495 ·
356 462 562 532 Ὁρᾶτε
593 465 697 531 τὰς
728 467 1046 538 οἰκοδομὰς
1083 471 1336 539 ταύτας;
1389 471 1575 541 Ἀμὴν
1608 473 1745 542 ὑμῖν

1849 480 1998 535 1mm
2033 482 2152 535 dico
2186 480 2351 545 vobis,
2388 478 2525 549 lapis
2555 494 2711 548 super
2744 478 2971 546 lapidem
3003 492 3107 531 non
3146 475 3402 535 relinque—

159 556 322 625 λέγω
341 557 409 621 ’⁵,
444 559 614 623 λίθος
638 558 739 611 ἐπὶ
766 560 939 614 λίθον
969 563 1041 615 οὐ
1068 562 1156 632 μὴ
1184 562 1375 632 ἀφεθῇ
1400 556 1547 626 ὧδε,
1577 566 1644 630 ὃς
1676 567 1748 619 οὐ

154 648 245 717 μὴ
280 648 629 718 καθαιρεϐᾔο
667 652 765 704 καὶ
796 654 868 706 οὐ
889 654 975 721 μὴ
1004 654 1270 723 παρέλθῃ
1302 658 1340 724 ἠ
1372 657 1547 726 γενεὰ
1574 658 1746 723 αὕτη,

159 742 262 795 καὶ
298 742 335 809 ἠ
358 742 404 772 ⁸⁷
439 744 785 811 καθαίρεσις
815 745 1014 814 ἀρχὴν
1041 746 1316 815 λήψεται.
1364 748 1749 805 Ἐλεύσονται

158 837 272 904 γὰρ
292 834 395 889 καὶ
414 836 730 890 καθιοῦσιν
747 837 1027 901 ἐνταῦθα,
1050 838 1148 891 καὶ
1174 840 1747 908 περιχαρακώσουσι,

159 925 259 979 καὶ
318 927 392 980 τὰ
452 926 635 980 τέκνα
694 927 864 997 ὑμῶν
916 928 1177 983 ἐνταῦθα
1229 931 1745 1000 κατασφάξουσιν.

161 1017 356 1089 Ὅμως
380 1019 475 1071 καὶ
496 1018 568 1071 τὰ
594 1018 719 1089 ἑξῆς
748 1019 935 1090 είρηκε
982 1024 1145 1090 σαφεῖ
1174 1026 1346 1093 φωνῇ,
1386 1023 1542 1077 ἅτινα
1570 1024 1751 1089 αὐτοῖς

156 1110 463 1180 ὀφθαλμοῖς
492 1111 621 1164 ἰδεῖν
640 1110 685 1143 ⁸⁸
713 1110 937 1182 ἔχομεν·
968 1113 1055 1165 ἵνα
1082 1114 1169 1182 ἐφ’
1192 1107 1266 1167 ὧν
1294 1117 1322 1166 ὁ
1349 1114 1503 1182 λόγος
1525 1114 1746 1185 ἐρρέθη,

158 1202 258 1253 καὶ
282 1202 345 1254 τὸ
370 1202 534 1273 ἔργον
558 1204 802 1274 γένηται.
830 1203 975 1275 Πρὸς
994 1204 1103 1275 γὰρ
1130 1206 1310 1259 πίστιν
1332 1207 1638 1261 ἀκουόντων
1659 1209 1749 1261 τὸν

157 1292 319 1362 λόγον
354 1294 459 1365 τῆς
501 1294 830 1359 ἀποδείξεως
856 1297 884 1349 ό
914 1296 1014 1367 τῆς
1059 1296 1315 1368 ἀληθείας
1343 1301 1572 1351 ποιεῖται
1618 1317 1750 1370 προ-

158 1386 361 1456 ςήτηςο

230 1475 376 1531 XVI.
419 1478 567 1561 Πλῂν
597 1478 781 1532 πολλοί
803 1480 909 1533 είσι
935 1480 1035 1551 τῆς
1063 1479 1270 1552 πλάνης
1299 1482 1560 1553 κήρυκες,
1589 1483 1685 1537 ἕνα
1702 1482 1749 1517 ⁹⁹

155 1572 248 1623 τὸν
293 1570 400 1641 τῆς
441 1571 639 1634 κακίας
680 1572 927 1643 ἡγεμόνα
968 1572 1212 1642 ἔχοντες·
1246 1567 1290 1641 ᾧ
1328 1573 1469 1644 λόγῳ
1509 1576 1624 1628 ό¹⁰⁰
1648 1575 1749 1645 τῆς

154 1662 421 1735 ἀληθείας
445 1663 539 1717 καὶΙ
575 1663 738 1728 αὐτὸς
763 1658 845 1727 εἷς
877 1663 953 1717 ὢν
990 1665 1088 1735 τῆς
1124 1664 1406 1728 εὐσεϐείας
1437 1665 1661 1736 ἡγεμὼν
1689 1667 1746 1718 ὲν

1834 581 1923 626 tur
1955 573 2181 643 Itic,-qui
2206 588 2310 626 non
2332 574 2647 626 destruatur
2674 587 2692 625 :
2720 581 2768 625 et
2801 587 2903 624 non
2931 568 3219 636 prceteribit
3251 584 3407 637 gene-

1832 666 1972 719 ratio
2014 665 2154 729 hac,
2197 666 2325 735 quin
2370 665 2659 719 destructio
2699 664 2916 716 initium
2958 671 3156 715 sumat.
3196 658 3412 714 Venient

1831 758 1971 812 enim
1997 766 2049 811 et
2076 758 2329 810 sedebunt
2352 757 2437 810 hic
2467 765 2516 811 et
2550 756 2690 809 vallo
2724 754 3162 814 circumdabant,
3189 762 3237 805 et
3268 751 3414 819 ﬁlios

1831 859 2028 904 vestros
2050 850 2375 919 jugulabunt
2406 850 2490 902 hic
2518 861 2565 900 δ.
2596 846 2807 901 Pariter
2838 848 2984 900 clara
3016 861 3146 899 voce
3177 860 3410 913 sequen-

1836 945 1906 997 tia
1933 942 2309 1013 pronuntiavit
2350 957 2472 1010 quae
2514 941 2648 1009 ipsis
2691 938 2865 993 oculis
2899 938 3146 991 videmus
3191 952 3203 986 :
3253 944 3308 990 ut
3356 936 3411 988 in

1831 1034 2029 1101 quibus
2057 1047 2238 1087 sermo
2264 1032 2442 1087 dictus
2488 1030 2619 1096 fuit,
2649 1041 2701 1086 et
2745 1046 2831 1085 res
2871 1029 3131 1085 eveniret.
3159 1027 3295 1082 Nam
3322 1043 3415 1081 ve-

1833 1128 2012 1182 ritatis
2037 1126 2296 1195 propheta
2329 1126 2399 1179 ob
2434 1125 2745 1179 auditorum
2778 1123 2940 1178 Iidem
2983 1136 3293 1178 sermonem
3320 1119 3417 1175 de-

1832 1216 2244 1274 monstrationis
2276 1214 2425 1270 facit.

1914 1470 2057 1526 XVI.
2102 1469 2493 1529 Verumtamen
2524 1476 2681 1530 multi
2710 1483 2839 1531 sunt
2878 1477 3085 1534 erroris
3110 1492 3411 1549 praecones.

1847 1580 2017 1619 unum
2068 1565 2326 1622 habentes
2363 1567 2581 1622 malitia:
2622 1568 2815 1624 ducem
2854 1587 2867 1624 :
2913 1585 3023 1640 qua
3066 1571 3278 1627 ratione
3324 1573 3417 1642 qui

1847 1672 1992 1712 unus
2022 1658 2268 1713 veritatis
2306 1658 2464 1727 juxta
2504 1674 2570 1715 ac
2610 1660 2830 1730 pietatis
2862 1661 2973 1716 dux
3018 1672 3136 1729 est,
3183 1665 3425 1734 propriis

159 1754 312 1817 ἰδίοις
344 1758 562 1826 καιροῖς
582 1757 708 1818 τοὺς
736 1756 945 1819 πάντας
974 1755 1252 1827 καθαροὺς
1278 1756 1601 1828 εὑρεθέντας
1635 1756 1744 1821 ἕξει

1849 1748 2186 1817 temporibus
2214 1765 2408 1805 omnes
2453 1766 2619 1820 puros
2662 1752 2911 1809 inventos
2937 1753 3157 1809 habebit
3181 1755 3419 1825 propbe~

154 1824 467 1917 προφήτας.
510 1847 572 1900 Ἡ
594 1846 651 1900 δὲ
681 1847 850 1918 πολλὴ
873 1846 983 1900 τῶν
1014 1824 1443 1919 πεπλανημένων
1471 1850 1618 1901 αἰτία
1647 1849 1743 1917 γέ-

1849 1850 1952 1894 tas.
1985 1836 2261 1910 Praecipua
2288 1858 2418 1896 vero
2438 1841 2642 1897 erroris
2666 1844 2961 1898 multorum
2985 1861 3151 1901 causa
3176 1846 3294 1902 haec
3312 1855 3419 1913 est,

152 1954 314 2005 γονεν
342 1936 488 2009 αὓτη
511 1938 527 1969 ¹
547 1955 561 1970 ο
609 1938 673 1992 τὸ
717 1940 791 2010 μὴ
820 1938 1088 2011 πρότερον
1118 1940 1309 2010 νοῆσαι
1336 1941 1427 1993 τὸν
1453 1941 1551 2011 τῆς
1579 1941 1741 2005 συζυ-

151 2029 282 2097 γίας
303 2029 487 2098 λόγον,
522 2030 580 2083 ὃν
617 2030 723 2102 ἰδίᾳ
752 2033 881 2102 ὑμῖν
910 2032 1169 2085 ἑκάστοτε
1198 2034 1259 2085 οὐ
1290 2033 1570 2103 παύσομαι
1596 2036 1742 2088 ὲκτι-

152 2120 385 2190 θέμενος
410 2121 825 2190 κεφαλαιωδῶς·
850 2123 985 2176 πολὺ
1012 2122 1121 2194 γὰρ
1142 2124 1202 2175 τὸ
1227 2126 1347 2176 κατ’
1378 2119 1517 2187 εἶδος
1543 2125 1737 2193 λέγειν.

163 2213 357 2284 Ὑμεῖς
404 2210 499 2268 οὖν
540 2214 649 2268 τῶν
695 2215 1003 2286 λεγομένων
1047 2215 1271 2284 γένεσθέ
1312 2233 1401 2287 μοι
1432 2217 1743 2289 φιλαληθεῐς

151 2304 361 2375 κριταί.

220 2396 339 2467 86
365 2395 530 2451 XVII.
560 2398 737 2452 Τοῦδὲ
767 2399 947 2467 λέγειν
973 2399 1206 2471 ἄρξομαι
1236 2400 1359 2471 ἤδη.
1400 2400 1535 2454 Θεθῦ
1555 2401 1650 2455 τοῦ
1674 2399 1743 2456 τὰ

153 2489 337 2542 πάντα
370 2491 736 2562 πεποιηκότος
762 2491 824 2544 τὸ
856 2492 999 2563 μέγα
1032 2493 1127 2545 καὶ
1165 2493 1319 2560 ἅγιον
1358 2493 1456 2565 τῆς
1494 2493 1743 2565 προγνώ-

156 2598 296 2644 σεως
328 2581 497 2634 αὐτοῦ
526 2582 745 2653 πνεῦμα
773 2584 821 2635 εί
857 2584 931 2653 μὴ
962 2583 1039 2654 τῷ
1070 2585 1175 2637 ὑπὸ
1202 2584 1400 2656 χειρῶν
1426 2585 1589 2638 αὐτοῦ
1615 2603 1743 2638 κυο-

156 2673 449 2744 φορηθέντι
469 2672 742 2744 ἀνθρώπῳ
760 2673 871 2746 δῴη
890 2692 975 2738 τις
997 2676 1307 2746 ἐσχηκέναι,
1335 2675 1452 2739 πῶς
1471 2676 1551 2728 ἔτι
1573 2677 1745 2748 ἑτέρῳ

155 2782 232 2835 τῳ
251 2767 272 2796 ’
302 2767 371 2818 ἐκ
406 2768 656 2837 pompa;
682 2767 941 2835 σταγόνος
974 2768 1284 2839 γεννηθέντι
1311 2773 1340 2824 ό
1367 2770 1653 2839 ἀπονέμων
1682 2770 1745 2823 οὐ

153 2859 219 2912 τὰ
255 2859 501 2930 μέγιστα
527 2860 827 2930 ἁμαρτάνει
847 2860 987 2923 ;Καὶ
1012 2860 1113 2912 οὐκ
1142 2856 1293 2929 οἶμαι
1325 2860 1487 2913 αὐτὸν
1513 2860 1748 2930 συγγνώ-

156 2968 266 3021 μης
293 2951 591 3020 τυγχάνειν
611 2951 653 3014 ³,
700 2950 803 3005 κᾶν
857 2951 966 3004 ὑπὸ
996 2951 1149 3005 νόθου
1198 2953 1421 3023 Γραφῆς
1461 2953 1603 3006 κατὰ
1650 2952 1745 3006 τοῦ

153 3042 379 3097 πάντων
402 3042 619 3113 Πατρδς
638 3042 789 3096 δεινὰ
816 3046 955 3095 νοεῖν
981 3042 1314 3115 ἀπατηθείη·
1347 3046 1375 3097 ό
1402 3044 1510 3115 γὰρ
1539 3044 1742 3109 εἰκόνα,

153 3134 248 3186 καὶ
278 3133 460 3187 ταῦτα
500 3134 720 3187 αἰωνίου
751 3133 1036 3205 βασιλέως,
1068 3134 1317 3229 ὑϐρίσας,
1344 3136 1444 3205 τὴν
1476 3137 1745 3208 ἁμαρτίαν
1772 3172 1815 3229 c

154 3223 233 3288 εἰς
274 3224 493 3277 ἐκεῖνον
518 3224 929 3297 ἀναφερομένην
956 3225 1091 3295 ἔχει,
1124 3218 1299 3298 οὗπερ
1339 3227 1459 3280 καθ’
1487 3228 1745 3298 ὁμοίωσιν

150 3316 187 3387 η
214 3314 387 3369 εἰκὼν
413 3315 710 3386 ἐτύγχανεν
737 3311 890 3370 οὖσα.
936 3316 1115 3382 Ἀλλὰ,
1146 3318 1331 3388 φησὶν,
1356 3319 1745 3390 ἁμαρτήσαντα

153 3407 456 3460 κατέλειπε
482 3408 544 3460 τὸ
582 3407 724 3460 θεῖον
754 3406 990 3479 πνεῦμα.
1019 3409 1229 3463 Οὐκοῦν
1256 3412 1623 3481 συνήμαρτενν
1652 3415 1747 3466 καὶ

149 3498 274 3563 πῶς
316 3502 352 3552 ὁ
397 3498 560 3552 τοῦτο
602 3498 775 3567 λέγων
817 3500 878 3553 οὐ
920 3500 1258 3567 κινδυνεύει;
1303 3502 1463 3555 Ἀλλὰ
1513 3504 1649 3573 μετὰ
1685 3504 1747 3557 τὸ

149 3591 479 3663 ἀμαρτῖβαι
506 3591 718 3662 eum“
743 3592 806 3645 τὸ
834 3593 1068 3664 πνεῦμα.
1121 3593 1350 3658 Ἀδίκοις
1375 3596 1483 3667 ἄρα
1508 3596 1744 3649 δέδοται·

150 3685 249 3736 καὶ
278 3683 389 3736 ποῦ
419 3682 482 3736 τὸ
520 3683 760 3751 δίκαιον;
808 3685 970 3738 Ἀλλὰ
1009 3686 1240 3750 δικαίοις
1265 3688 1361 3740 καὶ
1389 3687 1593 3751 ἀδίκοις
1623 3691 1745 3742 ὲπι-

149 3776 495 3846 χορηγεῖται.
536 3775 707 3829 Τοῦτο
750 3776 970 3830 πάντων
1012 3777 1363 3832 ἀδικώτατον.
1410 3778 1597 3843 Οὕτως
1639 3782 1747 3833 πᾶν

148 3866 400 3937 ψεῦσμα,
432 3866 539 3921 κᾶν
568 3868 789 3939 μυρίαις
811 3870 1078 3933 ἐπινοίαις
1102 3869 1380 3941 βοηθῆται,
1408 3870 1499 3925 τὸν
1530 3871 1747 3941 ἔλεγχον

151 3958 262 4013 κᾶν
290 3960 354 4012 ὲν
388 3960 585 4032 μακρῷ
612 3961 787 4032 χρόνῳ
812 3962 997 4015 λαϐεῖν
1026 3962 1125 4033 ἔχῃ
1145 3966 1187 4017 ⁸.

225 4050 272 4105 X
286 4051 418 4105 VIII.
450 4053 541 4123 Μὴ
564 4054 867 4107 ἀπατᾶσθε.
904 4055 962 4108 '0
982 4055 1172 4125 Πατὴρ
1192 4055 1348 4126 ἡμῶν
1365 4056 1517 4109 οὐδὲν
1539 4056 1744 4125 ἠγνόει.

167 4144 367 4198 Ὁπότε
386 4144 484 4197 καὶ
501 4147 530 4198 ό
551 4145 785 4217 δημοσίᾳ
808 4147 1063 4217 κείμενος
1084 4147 1265 4216 νόμος,
1289 4148 1540 4217 ἀγνοίας⁵
1560 4149 1749 4221 ἐγκλή-

158 4253 298 4306 ματι
340 4235 432 4290 διὰ
472 4239 600 4300 τοὺς
646 4238 898 4303 ἀναξίους
930 4239 1149 4293 σκέπων
1179 4239 1362 4303 αὑτὸν,
1414 4240 1582 4304 troiae“
1612 4241 1746 4312 ἀλη-

154 4326 315 4391 θείας
340 4328 695 4400 γλιχομένους
718 4331 803 4382 ὲπ’
822 4330 984 4383 αὑτὸν
1014 4330 1326 4401 ἀναπέμπει
1350 4330 1525 4400 λέγων
1540 4348 1555 4363 ⁸
1591 4332 1749 4395 Ἐξέ-

152 4437 354 4474 τασον
384 4421 491 4476 τόν
518 4422 743 4490 πατέρα
771 4438 888 4477 σου
918 4423 1017 4477 καί
1047 4423 1171 4492 ἐρεῖ
1192 4424 1468 4490 σοι,τοὺς
1490 4427 1749 4493 πρεσϐυ-

1850 1932 1996 2001 quod
2028 1949 2134 1988 non
2171 1935 2324 2003 prius
2359 1935 2763 2006 coniugationis
2792 1938 3099 1993 doctrinam
3135 1939 3418 1995 intellexe-

1845 2034 1994 2088 runt,
2028 2041 2194 2095 quam
2228 2026 2385 2082 vobis
2417 2041 2665 2081 seorsum
2701 2043 2812 2083 non
2844 2029 3072 2084 cessabo
3109 2029 3423 2100 frequenter

1842 2118 2240 2172 etsummatim
2273 2133 2567 2187 exponere.
2616 2117 2864 2189 Longum
2906 2120 3053 2174 enim
3086 2130 3170 2176 est
3205 2123 3420 2191 singula

1843 2208 2045 2264 dicere.
2078 2209 2189 2265 Vos
2217 2210 2386 2280 igitur
2414 2209 2770 2265 dicendorum
2808 2212 2943 2266 mihi
2976 2222 3149 2269 estote
3176 2215 3418 2269 veritatis

1844 2311 2093 2356 amantes
2116 2301 2353 2371 judices.

1913 2390 2077 2445 XVII.
2106 2390 2226 2445 Jam
2261 2406 2392 2446 vero
2419 2392 2600 2446 dicere
2629 2391 2907 2461 incipiam.
2938 2392 2995 2446 Si
3027 2394 3153 2463 quis
3183 2394 3415 2459 homini,

1843 2497 1874 2537 a
1904 2481 1997 2538 Dei
2029 2483 2276 2537 omnium
2308 2484 2551 2539 auctoris
2576 2483 2831 2540 trionibus
2862 2484 3118 2548 formato,
3151 2502 3259 2540 non
3288 2503 3422 2541 con—

1843 2576 2111 2643 cesserit,
2157 2592 2415 2647 magnum
2466 2586 2522 2631 et
2570 2587 2822 2631 sanetum
2866 2579 3221 2647 prtescientia:
3274 2580 3420 2637 illius

1846 2670 2098 2739 Spiritum
2130 2671 2432 2740 possidere,
2460 2685 2571 2739 quo
2606 2671 2792 2735 modo,
2836 2670 2883 2725 si
2926 2671 3081 2725 alteri
3109 2686 3175 2725 ex
3205 2671 3418 2741 impura

1845 2764 2015 2831 stirpe
2058 2772 2186 2817 nato
2233 2763 2283 2816 id
2332 2763 2608 2828 tribuerit,
2639 2778 2749 2817 non
2787 2762 3081 2833 plurimum
3113 2764 3424 2819 aberrabit?

1845 2850 1955 2908 Nec
1987 2854 2062 2907 illi
2095 2864 2227 2923 puto
2261 2855 2473 2909 veniam
2526 2855 2760 2909 dandam
2782 2896 2798 2921 ,
2830 2855 2955 2911 licet
3000 2856 3069 2911 ab
3113 2857 3422 2914 adulterina

1849 2943 2131 3016 Scriptura
2158 2948 2212 3000 in
2249 2946 2495 3001 fraudem
2523 2947 2778 3002 inductus
2806 2948 2899 3013 sit,
2932 2956 2993 3002 ut
3016 2948 3277 3005 adversus
3302 2965 3422 3004 om-

1851 3038 2002 3091 nium
2033 3036 2247 3092 Patrem
2279 3039 2415 3093 dura
2443 3040 2727 3109 cogitaret.
2759 3038 2864 3105 Qui
2907 3040 3053 3094 enim
3102 3041 3419 3111 imaginem,

1850 3145 2082 3199 eamque
2125 3131 2313 3184 aeterni
2346 3128 2531 3200 Regis,
2582 3130 2822 3185 all‘ecerit
2850 3131 3071 3200 injuria,
3108 3142 3331 3201 peccato
3362 3149 3422 3188 se

1850 3222 2171 3291 implicabit,
2204 3223 2257 3275 in
2285 3237 2410 3277 eum
2439 3222 2747 3289 referendo,
2798 3224 2866 3278 ad
2897 3224 3056 3294 cujus
3104 3226 3420 3281 similitudi-

1846 3328 1971 3367 nem
2002 3313 2183 3383 imago
2206 3314 2296 3367 illa
2325 3313 2467 3369 facta
2492 3324 2595 3369 est.
2623 3313 2749 3381 Sed,
2772 3316 2970 3387 inquit,
2996 3327 3117 3387 post
3139 3329 3419 3389 peccatum

1849 3405 2066 3475 reliquit
2102 3405 2253 3459 illum
2286 3406 2505 3461 divinus
2541 3406 2801 3476 Spiritus.
2835 3409 2999 3478 Igitur
3016 3426 3140 3464 cum
3173 3411 3265 3465 illo
3294 3428 3422 3481 pec—

1846 3497 1991 3551 cavit
2018 3515 2031 3550 :
2064 3507 2117 3551 et
2141 3513 2251 3567 quo
2278 3506 2459 3567 pacto,
2485 3500 2581 3567 qui
2608 3499 2713 3554 hoc
2736 3499 2889 3567 dicit,
2919 3515 3027 3554 non
3050 3502 3424 3571 periclitatur?

1848 3585 1955 3643 Sed
1983 3598 2269 3658 postquam
2308 3591 2589 3659 peccavit,
2632 3592 2844 3661 accepit
2872 3593 3149 3662 spiritum.
3200 3594 3422 3665 lojustis

1847 3696 1977 3752 ergo
2007 3684 2240 3737 traditur
2265 3699 2278 3735 :
2310 3693 2363 3738 et
2387 3684 2481 3738 ubi
2506 3683 2758 3754 justitia?
2794 3685 2897 3740 Sed
2920 3687 3085 3756 justis
3110 3702 3174 3743 ac
3202 3688 3422 3758 injustis

1847 3775 2245 3843 suppeditatur.
2299 3773 2355 3828 ld
2405 3776 2652 3829 omnium
2706 3778 3132 3845 iujustissimum
3174 3789 3278 3835 est.
3330 3780 3422 3835 Sic

1847 3867 2129 3935 quodlibet
2169 3867 2514 3922 mendacium
2536 3909 2553 3932 ,
2582 3868 2730 3923 mille
2763 3869 2888 3924 licet
2918 3870 3205 3941 adjuvetur
3253 3888 3420 3929 exco-

1849 3958 2227 4028 gitatiouihus,
2260 3958 2692 4015 confutationem
2723 3961 2943 4016 demum
2977 3964 3257 4018 sortietur.

1920 4049 2106 4105 XVIII.
2148 4050 2228 4106 Ne
2259 4053 2631 4121 decipiamini.
2662 4051 2867 4109 Parens
2900 4063 3083 4109 noster
3107 4056 3241 4109 nihil
3263 4055 3424 4127 igno-

1848 4145 2010 4198 ravit.
2047 4142 2507 4213 Quandoquidem
2544 4153 2599 4199 et
2633 4145 2851 4213 publice
2898 4146 3076 4215 posita
3125 4147 3211 4201 lex
3236 4189 3251 4214 ,
3298 4164 3423 4217 quae

1847 4236 2003 4290 illum
2030 4237 2350 4308 ignorantiae
2383 4237 2543 4307 culpa
2572 4237 2642 4291 ob
2672 4237 2927 4308 indignos
2955 4246 3168 4305 onerat,
3200 4249 3421 4309 propter

1847 4330 2097 4385 veritatis
2126 4329 2356 4399 cupidos
2403 4330 2470 4383 ad
2496 4328 2741 4384 eumdem
2787 4329 3035 4396 remittit,
3061 4330 3249 4386 dicens
3278 4349 3292 4385 :
3321 4330 3422 4386 1η-

1850 4433 2059 4494 terroga
2107 4434 2314 4493 patrem
2364 4433 2516 4476 tuum
2554 4429 2605 4475 et
2640 4421 2779 4475 dicet
2811 4421 2937 4486 tibi,
2968 4423 3196 4475 seniores
3228 4430 3344 4476 tuos
3371 4434 3422 4478 et

152 4511 372 4579 τέρους
406 4529 543 4576 σου,
588 4514 687 4567 καὶ
718 4516 1123 4585 ἁναγγελοῦσί
1142 4517 1162 4547 ⁷
1196 4533 1312 4570 σοι.
1346 4516 1547 4569 Τοῦτον
1575 4517 1744 4589 ὲχρῆν

1849 4516 2235 4569 anmmtiabunt
2270 4515 2367 4568 tibi
2403 4516 2453 4569 δ.
2510 4512 2668 4569 Hunc
2735 4514 3021 4585 oportebat
3060 4522 3292 4583 patrem,
3322 4515 3426 4570 hos

152 4604 249 4657 τὸν
283 4605 497 4677 πατέρα
524 4604 773 4678 ζητῆσαι,
802 4608 1025 4673 τούτους
1049 4609 1177 4671 τοὺς
1211 4607 1616 4679 πρεσϐυτέρους
1636 4611 1750 4661 ἐπι-

153 4695 393 4766 ζητῆσαι
412 4698 456 4752 ⁸.
501 4698 641 4751 Ἀλλ’
666 4700 767 4752 οὔκ
800 4700 1088 4770 ἐζήτησας,
1120 4698 1262 4762 τίνος
1292 4698 1439 4751 ἐστὶν
1467 4701 1496 4752 ὁ
1520 4700 1618 4770 τῆς
1649 4698 1746 4768 βα-

155 4789 370 4853 σιλείας
396 4792 613 4862 χρόνος,
642 4791 786 4854 τίνος
812 4792 845 4862 ἠ
872 4792 981 4861 87
1004 4791 1102 4861 τῆς
1122 4789 1461 4861 προφητείας
1489 4790 1746 4861 καθέδρα,

156 4880 343 4933 καίτοι
382 4882 545 4935 αὐτοῦ
575 4882 767 4936 ἑαυτὸν
802 4882 1095 4954 μηνύοντος
1122 4881 1200 4952 τῷ
1231 4881 1440 4951 λέγειν·
1485 4882 1617 4935 Ἐπὶ
1638 4881 1747 4950 τῆς

156 4974 455 5042 καθέδρας
481 4975 778 5041 Μωῦσέως
808 4975 1117 5043 ἐκάθησαν
1139 4975 1159 5006 ⁹
1182 4975 1617 5044 οίΓραμματεῖς
1649 4976 1747 5031 καὶ

156 5066 209 5118 οἱ
265 5065 607 5133 Φαρισαῖοι·
665 5066 863 5121 πάντα
910 5067 1025 5122 οὖν
1084 5066 1203 5120 ὅσα
1258 5067 1520 5136 λέγωσιν
1571 5067 1743 5137 ὑμῖν,

219 5217 249 5246 ι
267 5205 465 5262 Matth.
490 5222 638 5271 ntv,
661 5207 718 5273 2,
745 5206 844 5272 34;
877 5204 1013 5261 Luc.
1045 5222 1165 5273 xu,
1186 5207 1276 5262 45.
1354 5205 1385 5246 δ
1413 5204 1570 5261 Deut.
1606 5221 1780 5273 χχιιι,
1806 5205 1859 5261 7.

1849 4609 2097 4663 seniores
2132 4622 2398 4677 quaerere.
2440 4605 2547 4661 Sed
2579 4621 2687 4660 non
2710 4605 3000 4675 quaesiisti,
3032 4608 3319 4674 cuiusnam
3352 4608 3427 4662 sit

1848 4708 2065 4769 tempus
2096 4700 2270 4770 regni,
2293 4699 2579 4769 cuiusnam
2602 4699 2899 4767 prophetiae
2920 4698 3197 4753 cathedra.
3214 4698 3422 4765 Quam-

1848 4792 1933 4846 vis
1984 4792 2098 4861 ipse
2141 4793 2381 4860 seipsum
2427 4791 2697 4861 signiticet
2725 4791 2958 4845 dicendo
2990 4807 3003 4841 :
3036 4789 3207 4860 Super
3234 4792 3417 4845 cathe-

1851 4883 2003 4937 dram
2038 4882 2239 4952 Moysis
2269 4883 2513 4936 sederunt
2555 4880 2755 4937 Scriba:
2803 4892 2852 4937 et
2902 4882 3168 4937 Pharisaei
3196 4898 3215 4937 :
3245 4884 3435 4937 omnia

1850 4976 2035 5045 igitur,
2082 4990 2401 5043 quacunque
2443 4974 2677 5027 dixerint
2726 4974 2911 5038 vobis,
2972 4974 3156 5029 audite
3219 4974 3341 5028 illos
3374 4988 3425 5031 ο.

1854 5065 1988 5121 Illos
2037 5076 2217 5121 autem
2265 5066 2433 5131 dixit,
2484 5066 2633 5121 velut
2679 5080 2809 5133 eos,
2837 5066 3041 5135 quibus
3067 5067 3275 5123 credita
3307 5078 3432 5125 erat

1938 5217 1960 5244 α
1996 5204 2185 5260 Matth.
2228 5218 2387 5269 χχιιι,
2426 5202 2484 5271 2,
2524 5203 2577 5258 5.

1448 5362 1688 5419 VARIIE
1756 5361 2053 5418 LECTION
2063 5364 2163 5418 ES.

230 5505 278 5536 “
314 5505 459 5572 λέγω
494 5518 607 5558 om.
635 5503 701 5559 0.
775 5504 822 5538 θ’
857 5502 1065 5557 lnserui

156 5577 230 5607 "'
249 5576 281 5628 ὁ
305 5569 621 5645 deprompsi
646 5591 712 5630 ex
741 5571 806 5628 Ο.
832 5574 1032 5645 Ibidem
1063 5569 1141 5636 εἷς
1167 5571 1242 5645 ᾣν
1258 5573 1349 5626 καὶ
1378 5574 1539 5645 αὐτός
1566 5573 1628 5645 C.
1710 5574 1876 5644 ἀὕτη
1912 5574 1965 5642 S,
1988 5576 2032 5629 Ο
2061 5615 2075 5638 ,
2106 5574 2241 5645 animi}
2267 5574 2327 5628 (Ξ.

493 5640 584 5708 θ’,
614 5660 697 5713 pr.
722 5660 870 5699 man.
948 5644 971 5674 ⁸
1002 5641 1140 5707 Lege
1184 5642 1297 5713 ἔχει
1321 5645 1378 5697 S.
1440 5644 1464 5675 ⁸
1495 5643 1565 5698 lla
1591 5643 1635 5697 Ο
1678 5652 1733 5697 et
1766 5661 1831 5698 ex
1860 5640 2093 5712 conject.
2134 5644 2176 5697 C
2208 5640 2352 5712 ζωῇ.
2380 5653 2559 5698 textus
2585 5645 2795 5713 ἁγνοία.
2843 5643 2956 5697 Cfr.
2990 5643 3138 5713 hom.
3175 5640 3235 5713 tt,
3263 5640 3328 5695 48
3368 5651 3429 5697 et

158 5646 181 5676 ³
210 5662 351 5714 τυγχ

1098 5504 1130 5573 ῄ
1159 5517 1209 5573 (ζ.
1235 5501 1299 5558 Ο.
1376 5503 1422 5535 ’⁸
1456 5502 1647 5558 ίδεῖνΟ
1699 5519 1747 5556 r.
1784 5504 1822 5558 S
1850 5545 1864 5568 ,
1895 5503 2054 5559 είδειν
2082 5503 2143 5558 C.
2221 5504 2266 5536 ⁹⁹
2300 5502 2377 5559 Ita
2399 5502 2445 5558 Ο
2492 5519 2541 5559 c.
2569 5502 2631 5563 Ι),
2658 5504 2746 5558 ἴνα
2789 5502 2852 5558 C.
2897 5501 3010 5556 Cir.
3048 5502 3195 5556 hom.
3226 5516 3339 5573 rvit,
3368 5503 3430 5557 3.

2406 5577 2424 5604 '
2442 5576 2514 5629 Ita
2538 5573 2594 5628 S.
2618 5574 2733 5628 Cir.
2766 5574 2912 5627 hom.
2945 5589 3026 5632 In.
3052 5573 3141 5625 28.
3166 5572 3244 5642 τῷ
3276 5571 3425 5642 C_,0.

157 5716 249 5769 38.
294 5710 464 5789 ’ῖτῆρ
491 5713 557 5768 Ο.
615 5710 656 5746 “⁷
676 5715 862 5789 ἐροῦσι
892 5718 954 5767 0.
1030 5715 1051 5745 ⁸
1084 5710 1355 5789 Yocahula
1402 5714 1620 5778 τούτους
1670 5715 1795 5778 τοὺς
1848 5710 2249 5789 πρεσϐυτέρους
2276 5710 2598 5785 ἐπιζητῆσαι
2634 5710 2824 5784 recepi
2856 5731 2919 5769 cx
2943 5713 3005 5767 υ.
3040 5710 3230 5766 Matth.
3265 5726 3431 5780 um,

160 5786 215 5838 2.
288 5786 307 5815 ⁹
346 5780 635 5841 ὲκᾶθεισαν
666 5780 752 5854 Ο’,
794 5802 858 5841 ex
901 5800 1008 5856 quo
1034 5784 1255 5855 adjtlnxi
1284 5780 1396 5837 οὖν.
