3868 6212
468 318 566 374 125

1313 314 1370 369 S.
1413 309 1808 369 CLEMENTIS
1838 310 1857 363 1
1892 308 2059 365 ROM.
2100 307 2297 363 I’ON'I‘.
2337 306 2565 363 OPEBA
2601 305 2827 361 DUBIA.

3604 304 3717 360 res

458 431 627 487 clavis
660 429 835 499 regni,
865 429 969 483 hoc
1005 436 1089 483 est
1115 426 1378 498 cognitio,
1405 441 1527 494 quae
1557 425 1671 478 sola
1693 431 1865 492 potest
1899 438 2023 491 ape-

2139 421 2374 472 ᾰκωύετε
2422 418 2637 472 αὐτῶν.
2685 419 2891 472 Αὐτῶν
2934 417 2990 470 δὲ
3014 457 3027 481 ,
3078 412 3248 481 εἶπεν,
3280 415 3356 480 ὡς
3381 416 3479 488 τὴν
3520 418 3718 471 κλεῖδα.

461 524 569 577 rire
603 523 727 576 vitae
768 530 977 591 portam
1001 561 1017 585 ,
1043 534 1139 590 per
1170 534 1336 588 quam
1367 520 1538 573 solam
1574 518 1627 571 in
1658 516 1825 570 vitam
1874 524 2030 570 aeter-

461 630 587 668 nam
634 614 799 669 datur
840 612 1073 682 ingredi.
1106 609 1209 666 Sed
1238 611 1314 664 ait
1347 629 1361 663 :
1396 609 1539 663 Sane
1566 609 1774 663 clavem
1807 605 2026 676 quidem

460 704 767 777 possident,
798 715 855 760 at
880 706 1087 759 intrare
1116 703 1423 759 volentibus
1455 717 1563 755 non
1588 701 1851 771 przebcnt.

534 958 676 1014 XIX.
713 958 944 1030 Propter
974 961 1099 1025 hoc,
1130 960 1378 1030 inquam,
1411 961 1527 1031 ipse
1556 977 1587 1016 e
1621 961 1879 1015 cathedra
1907 976 2031 1015 sur-

461 1066 616 1119 gens,
643 1051 790 1105 velut
816 1061 969 1121 pater
994 1068 1091 1121 pro
1118 1052 1264 1114 ﬁliis.
1293 1067 1415 1122 quae
1443 1068 1473 1108 a
1503 1054 1703 1107 sarculo
1732 1054 1786 1107 in
1814 1054 2030 1107 occulto

460 1141 640 1213 dignis
669 1153 797 1198 sunt
820 1145 1013 1198 tradita
1044 1146 1365 1214 praedicans,
1398 1146 1826 1201 misericordiam
1858 1162 2031 1215 usque

461 1234 528 1288 ad
569 1234 715 1304 ipsas
760 1245 946 1307 gentes
996 1238 1333 1303 extendens,
1381 1239 1747 1307 misertusque
1785 1238 2028 1291 omnium

462 1327 769 1382 animarum
797 1368 812 1391 ,
854 1330 1135 1397 proprium
1185 1328 1508 1394 sanguinem
1552 1329 1806 1397 neglexit.
1840 1328 2029 1383 Futuri

460 1418 661 1489 quippe
690 1420 876 1475 saeculi
910 1436 1003 1474 rex
1033 1436 1155 1475 esse
1196 1430 1524 1476 consecutus
1553 1421 1697 1475 circa
1730 1422 1832 1476 hoc
1861 1437 2031 1475 sarcu-

460 1511 608 1578 lum,
639 1512 786 1580 quod
836 1513 955 1583 lege
991 1514 1198 1583 accepit
1235 1528 1494 1583 regnum,
1539 1522 1825 1569 accuratus
1864 1524 1945 1568 est
1976 1515 2031 1567 in

464 1603 773 1671 promissis.
806 1602 1072 1673 Quodque
1116 1620 1240 1659 eum
1286 1604 1524 1659 maxime
1562 1605 1886 1669 contristat,
1929 1604 2032 1659 hoc

459 1702 574 1758 est,
617 1694 877 1764 quoniam
921 1696 992 1751 ah
1036 1696 1104 1751 iis
1140 1712 1235 1766 per
1270 1696 1629 1767 ignorantiam
1664 1706 2030 1767 oppugnatur,

459 1796 679 1855 propter
722 1802 865 1856 quos
913 1796 1173 1857 tanquam
1220 1789 1360 1844 ﬁlios
1399 1790 1601 1844 bellum
1630 1791 1887 1860 suscepit.
1919 1788 2025 1843 Ve-
2059 1776 2102 1830 Β

460 1890 769 1933 rumtamen
804 1880 967 1935 etiam
999 1897 1190 1936 osores
1224 1882 1449 1944 dilexit,
1500 1881 1649 1938 ﬂevit
1695 1883 2028 1951 incredulos,

462 1971 739 2027 benedixit
793 1975 1260 2040 conviciantibus,
1310 1983 1366 2029 et
1414 1976 1592 2029 oravit
1624 1991 1723 2045 pro
1768 1975 2025 2030 inimicis.

460 2064 647 2136 Neque
677 2068 857 2121 solum
902 2068 1005 2122 ista
1039 2076 1097 2120 ut
1123 2076 1275 2136 pater
1316 2066 1465 2129 fecit,
1497 2067 1590 2121 sed
1635 2076 1689 2121 et
1735 2066 2031 2135 discipulos

461 2174 610 2223 suos,
634 2157 860 2213 aﬂ‘ectos
889 2166 948 2212 ut
975 2174 1102 2228 erga
1137 2157 1355 2224 fratres,
1381 2158 1579 2212 similia
1610 2156 1791 2213 facere
1822 2158 2027 2213 docuit.

462 2249 576 2306 IIoc
604 2263 773 2318 pater.
810 2252 914 2306 hoc
947 2252 1247 2322 propheta;
1301 2252 1405 2307 hoc
1451 2251 1651 2305 rationi
1681 2259 1765 2305 est
1800 2266 2031 2305 consen-

461 2352 723 2410 taneum,
752 2344 902 2397 illum
951 2345 1067 2400 suis
1098 2345 1225 2399 ﬁliis
1250 2345 1551 2413 imperare,
1594 2352 1655 2397 ut
1704 2358 1799 2413 per
1858 2343 2031 2411 patris

460 2452 589 2504 erga
617 2436 758 2491 ﬁlios
802 2452 1069 2496 amorem,
1104 2452 1308 2506 perque
1340 2436 1563 2491 insitum
1596 2435 1857 2491 honorem
1889 2433 2030 2487 lilio-

463 2545 583 2582 rum
625 2544 751 2599 erga
805 2537 1049 2597 patrem,
1096 2528 1231 2582 oriri
1283 2528 1457 2597 possit
1497 2536 1697 2581 azterna
1738 2540 1863 2595 pax.
1893 2524 2030 2580 Cum

461 2622 607 2674 etaim
651 2621 830 2674 bonus
882 2621 1151 2689 imperat,
1182 2620 1325 2688 apud
1371 2619 1647 2688 subjectos
1679 2633 1867 2673 verum
1900 2633 2033 2688 gau-

462 2712 612 2766 dium
643 2712 714 2765 oh
740 2713 1123 2781 imperatorem
1161 2711 1434 2765 nascitur.

532 2884 653 2939 XX.
700 2882 897 2939 Verum
939 2886 1004 2939 ad
1050 2885 1287 2955 primum
1332 2884 1577 2941 veritatis
1607 2901 1914 2941 sermonem
1930 2885 2041 2941 red-

459 2999 547 3039 eo.
614 2976 672 3031 Si
701 2978 774 3031 illi
802 2977 1034 3040 homini,
1065 2976 1159 3046 qui
1185 2976 1277 3031 Dei
1307 2978 1562 3031 manibus
1586 2977 1883 3045 productus
1911 2978 2031 3043 fuit,

2129 511 2231 579 τῆς
2273 510 2547 579 βασιλείας
2593 508 3072 580 πεπιστευμένων,
3119 509 3241 579 ἥτις
3269 509 3385 561 ἐστὶ
3418 509 3638 578 γνῶσις,
3673 511 3715 579 ἢ

2134 602 2268 673 μόνη
2294 600 2391 672 τὴν
2431 601 2604 672 πύλην
2648 601 2747 671 τῆς
2785 599 2929 672 ζωῆς
2977 599 3182 665 ἀνοῖξαι
3232 600 3491 663 δύναται,
3537 601 3605 653 δι’
3636 594 3717 669 ἧς

2134 694 2301 765 μόνης
2331 696 2411 757 είς
2449 694 2549 764 τὴν
2595 693 2817 765 αἰωνίαν
2860 692 3003 764 ζωὴν
3044 692 3301 745 εἰσελθεῖν
3332 692 3498 745 ἐστιν.
3544 692 3719 744 Ἀλλὰ

2131 762 2237 850 ναὶ,
2258 762 2453 857 ιρησὶν,
2486 762 2748 856 κρατοῦσι
2765 762 2878 855 μὲν
2899 786 2942 816 ¹⁰
2961 762 3068 855 τῆν
3098 784 3269 847 κλεῖν,
3295 786 3406 846 τοῖς
3433 783 3489 836 δὲ
3515 782 3715 853 βουλοο

2134 880 2315 949 μένοις
2339 879 2602 932 εἰσελθεῖν
2629 879 2689 930 ού
2720 870 3069 948 παρέχουσιν.

2197 969 2343 1025 XIX.
2382 969 2481 1022 Διὰ
2509 969 2689 1031 τοῦτο,
2728 969 2891 1038 φημὶ,
2924 966 3085 1030 αὐτὸς
3110 966 3213 1036 τῆς
3250 964 3514 1036 καθέδρας
3547 966 3719 1033 ἐγερ-

2131 1060 2243 1123 θεὶς
2268 1060 2333 1123 ¹¹,
2364 1060 2441 1123 ὼς
2462 1042 2651 1130 ’πατὴρ
2697 1058 2838 1129 ὑπὲρ
2875 1058 3108 1121 τέκνων,
3140 1057 3209 1110 τὰ
3238 1058 3331 1111 ἀπ’
3356 1059 3396 1088 ³⁸
3424 1056 3618 1118 αἰῶνος
3647 1057 3719 1107 ὲν

2131 1151 2357 1223 κρυπτῷ
2393 1151 2562 1215 ἀξίοις
2592 1150 2991 1221 παραδιδόμενα
3036 1149 3345 1220 κηρύσσων,
3385 1148 3578 1218 μέχρις
3602 1146 3715 1200 αὐ-

2130 1244 2238 1297 τῶν
2268 1243 2437 1297 ὲθνῶν
2482 1243 2574 1295 τὸν
2624 1242 2770 1294 ἔλεον
2820 1240 3075 1295 ἐκτείνων
3134 1241 3228 1292 καὶ
3268 1238 3445 1309 ψυχὰς
3487 1239 3717 1292 πάντων

2132 1334 2318 1397 ὲλεῶν,
2356 1334 2484 1386 ἰδίου
2514 1333 2743 1404 αἵματος
2784 1332 2996 1403 ἡμέλει.
3037 1331 3335 1393 Μέλλοντος
3371 1329 3479 1399 γὰρ
3511 1328 3719 1391 αἰῶνος

2134 1425 2385 1495 βασιλεὺς
2431 1420 2565 1477 εἶναι
2596 1423 3002 1494 κατηξιωμένος
3051 1423 3189 1494 πρὸς
3226 1423 3315 1474 τὸν
3359 1421 3454 1474 νῦν
3499 1421 3721 1491 ὲμπρὸ-

2132 1517 2333 1587 θεσμος
2357 1517 2400 1547 ¹³
2433 1516 2803 1588 παρειληφότα
2834 1515 2983 1584 νόμῳ
3026 1515 3122 1584 τὴν
3176 1512 3469 1583 βασιλείαν.
3502 1513 3615 1565 Καὶ
3644 1512 3719 1564 τὸ

2135 1608 2388 1678 μέγιστον
2417 1609 2553 1679 ὅπερ
2574 1608 2735 1660 αὑτὸν
2765 1606 2881 1659 λίαν
2903 1605 3088 1659 ἐλύπει
3116 1607 3231 1658 ἐστὶ
3256 1605 3431 1669 τοῦτο,
3455 1607 3534 1659 ὅτι
3562 1606 3718 1676 ὑπὲρ

2130 1692 2205 1752 ὧν
2232 1699 2308 1763 ὡς
2330 1699 2534 1753 τέκνων
2560 1699 2660 1770 τὴν
2689 1699 2865 1769 μάχην
2888 1699 3138 1761 ἐποιεῖτο,
3169 1699 3258 1751 ὑπ’
3284 1698 3461 1750 αὐτῶν
3487 1698 3718 1765 ἀγνοίας

2129 1792 2279 1862 αἰτίᾳ
2307 1791 2642 1861 ἐπολεμεῖτο.
2675 1790 2786 1843 Καὶ
2818 1791 2967 1860 ὅμως
2999 1789 3189 1859 ἠγάπα
3220 1790 3314 1842 καὶ
3339 1790 3465 1851 τοὺς
3490 1788 3719 1858 μισοῦν-

2130 1901 2249 1948 τας,
2277 1884 2370 1937 καὶ
2398 1883 2578 1937 ἔκλαιε
2602 1883 2645 1914 ίδ
2664 1884 2791 1947 τοὺς
2818 1883 3195 1947 ἀπειθοῦντας,
3218 1884 3312 1936 καὶ
3344 1883 3553 1949 εὐλόγει
3580 1882 3718 1944 τοὺς

2131 1973 2516 2046 λοιδοροῦντας,
2533 1974 2729 2045 ηὔχετο
2747 1974 2887 2045 ὑπὲρ
2907 1973 3310 2044 ὲχθραινόντων.
3334 1974 3443 2025 Καὶ
3462 1973 3522 2024 οὺ
3547 1971 3717 2041 μόνον

2130 2067 2302 2119 ταῦτα
2344 2068 2517 2120 ἐποίει
2555 2067 2632 2129 ὼς
2668 2065 2869 2137 πατὴρ,
2900 2064 3036 2118 ἀλλὰ
3064 2065 3159 2118 καὶΙ
3182 2064 3309 2126 τοὺς
3338 2063 3500 2116 αὑτοῦ
3526 2062 3715 2134 μαθη-

2131 2158 2314 2222 τὰς¹⁵,
2358 2159 2434 2222 ὡς
2465 2158 2604 2229 πρὸς
2635 2158 2897 2227 ἀδελφοὺς
2928 2156 3178 2227 ἔχοντας,
3224 2155 3294 2209 τὰ
3332 2158 3493 2227 ὃμοια
3534 2158 3718 2209 ποιεῖν

2133 2249 2427 2302 ἐδίδασκεν.
2457 2249 2571 2319 88
2602 2247 2771 2301 Τοῦτο
2803 2249 3004 2319 πατὴρ,
3038 2247 3194 2301 τοῦτο
3220 2249 3521 2318 προφήτης
3549 2247 3719 2300 τοῦτο

2132 2340 2351 2410 εὔλογον
2380 2342 2440 2394 τὸ
2465 2340 2625 2394 αὐτὸν
2654 2342 2798 2395 ἰδίων
2824 2341 3027 2394 τέκνων
3059 2340 3400 2411 βασιλεῦσαι,
3436 2340 3522 2392 ἵνα
3547 2342 3616 2410 τῇ
3643 2341 3719 2393 ὲκ

2134 2432 2338 2503 πατρὸς
2366 2432 2503 2504 πρὸς
2533 2434 2699 2486 τέκνα
2737 2435 2936 2503 στοργῇ
2967 2432 3061 2485 καὶ
3088 2431 3194 2484 τῶν
3222 2431 3425 2485 τέκνων
3454 2430 3589 2501 πρὸς
3616 2430 3719 2482 τὸν

2136 2524 2348 2594 πατέρα
2380 2523 2670 2593 ὲνδιαθέτῳ
2717 2526 2850 2594 τιμῇ
2893 2522 3107 2586 αἰώνιος
3128 2522 3172 2554 ¹⁶
3218 2523 3408 2593 εἰρήνη
3456 2521 3719 2590 γενέσθαι

2133 2615 2352 2685 δυνηθῇ.
2385 2614 2491 2668 Τοῦ
2520 2613 2628 2685 γὰρ
2661 2614 2879 2682 εὐλόγου
2908 2613 3308 2683 βασιλεύοντος,
3339 2613 3431 2665 ἐπὶ
3455 2614 3581 2675 τοὺς
3610 2612 3717 2682 βα-

2137 2706 2516 2777 σιλευομένους
2545 2706 2750 2778 ἀληθὴς
2780 2704 2926 2776 χαρὰ
2955 2706 3082 2778 περί¹
3108 2705 3201 2757 τοῦ
3229 2704 3601 2775 βασιλεύοντος
3630 2704 3722 2770 τί-

2135 2816 2303 2852 νεται.

2205 2889 2323 2943 XX.
2357 2890 2505 2961 Πλὴν
2532 2890 2623 2943 ἐπὶ
2642 2890 2732 2943 τὸν
2756 2888 2970 2961 πρῶτον
2995 2888 3094 2959 τῆς
3114 2887 3374 2960 ἀληθείας
3394 2888 3649 2948 ἐπάνειμι
3669 2889 3717 2917 ¹¹¹

2136 2982 2314 3049 λόγον.
2358 2960 2482 3034 Ἐ’ὰν
2510 2980 2588 3052 τῷ
2616 2979 2722 3034 ὑπὸ
2761 2960 2960 3051 χειρῶν
3006 2979 3140 3032 Θεοῦ
3182 2979 3574 3049 κυοφορηθέντι
3618 2980 3725 3032 ἀν-

468 3069 604 3123 nolit
633 3067 756 3137 quis
802 3068 1104 3123 concedere
1134 3077 1193 3122 ut
1226 3076 1475 3123 sanctum
1524 3067 1728 3123 Christi
1781 3068 2031 3137 spiritum

2139 3072 2341 3144 θρώπῳ
2371 3069 2432 3125 τὸ
2464 3073 2618 3140 ἅγιον
2654 3072 2891 3148 Χριστοῦ
2945 3072 3018 3143 μὴ
3065 3071 3138 3142 δῷ
3178 3088 3261 3134 τις
3303 3070 3446 3140 ἔχειν
3476 3070 3719 3140 πνεῦμα,

467 3159 743 3227 habuerit,
773 3174 885 3229 quo
916 3168 1096 3229 pacto,
1129 3160 1173 3213 si
1204 3160 1358 3213 alteri
1381 3176 1447 3214 ex
1474 3159 1687 3229 impura
1712 3159 1881 3229 stirpe
1906 3170 2034 3213 nato

2139 3164 2257 3228 πῶς
2284 3164 2456 3235 ἑτέρῳ
2481 3165 2589 3217 τινὶ
2617 3165 2680 3216 ἐκ
2713 3165 2959 3234 μυσαρᾶς
2988 3162 3242 3230 σταγόνος
3267 3163 3615 3232 γεγενημένῳ
3644 3163 3733 3214 δι-

464 3254 711 3307 eumdem
742 3253 1079 3307 concesserit
1109 3253 1329 3316 habere,
1363 3268 1472 3307 non
1513 3252 1809 3321 plurimum
1834 3252 2034 3319 impius

465 3353 540 3398 est
562 3347 585 3397 ’ἐ
604 3342 836 3397 Maxime
864 3358 993 3399 vero
1021 3345 1144 3414 pius
1176 3342 1360 3410 fuerit,
1395 3344 1440 3399 si
1473 3344 1628 3397 alteri
1657 3343 1875 3411 quidem
1908 3358 2033 3396 eum

466 3434 715 3501 spiritum
745 3450 852 3487 non
879 3435 1149 3499 tribuerit,
1177 3435 1271 3490 sed
1299 3434 1347 3489 ei
1371 3435 1472 3489 soli
1498 3434 1813 3504 assignarit,
1844 3433 1938 3503 qni
1968 3434 2037 3487 ab

468 3525 623 3579 initio
674 3526 856 3581 smcnli
880 3567 894 3590 ,
929 3526 1132 3582 formas
1167 3542 1274 3581 una
1300 3542 1424 3581 cum
1455 3525 1769 3580 nominibus
1796 3533 2035 3593 mutans,

465 3618 726 3686 percurrit
759 3619 1037 3685 saeculum,
1069 3620 1240 3673 donec
1262 3626 1455 3672 nactus
1484 3633 1581 3672 sua
1613 3626 1877 3686 tempora,
1908 3631 2035 3686 pro-

472 3721 592 3778 pter
637 3711 853 3766 lahores
885 3710 977 3765 Dei
1010 3711 1388 3765 misericordia
1420 3720 1623 3765 unctus
1649 3752 1662 3774 ,
1709 3709 1951 3778 requiem
1981 3708 2036 3762 in

472 3811 735 3856 aeternum
768 3802 1064 3871 possideat.
1110 3801 1210 3857 Hic
1240 3803 1450 3857 honore
1480 3802 1717 3856 donatus
1746 3808 1831 3855 est
1868 3800 2039 3869 impe-

468 3895 623 3947 randi
641 3903 693 3948 et
715 3893 1032 3949 dominandi
1053 3894 1331 3961 omnibus,
1357 3908 1479 3962 qua:
1500 3902 1789 3948 versantur
1813 3892 1866 3945 in
1891 3906 2036 3957 aere,

469 3995 618 4041 terra
647 3997 701 4041 et
729 3987 887 4056 aquis
916 4005 929 4041 :
959 3986 1025 4041 ad
1059 3987 1176 4041 ha'c
1218 3986 1394 4056 ipsius
1427 4000 1457 4038 a
1501 3999 1613 4054 quo
1653 3984 1817 4038 homo
1861 3982 2038 4036 factus

468 4086 553 4132 est
599 4078 783 4132 ﬂatum
834 4078 1043 4143 habuit,
1090 4078 1287 4132 animae
1318 4076 1569 4148 infragile
1615 4075 2037 4140 vestimentum,

468 4184 581 4240 quo
605 4170 932 4225 immortalis
961 4186 1081 4225 esse
1106 4179 1311 4238 posset.

542 4261 684 4317 XXI.
728 4260 897 4326 Idem,
932 4263 1024 4333 qui
1069 4263 1219 4317 solus
1250 4278 1413 4317 verus
1462 4263 1729 4333 propheta
1764 4270 1867 4327 est,
1919 4260 2040 4314 uni-

473 4354 674 4423 cuique
697 4354 918 4408 animali
950 4365 1071 4424 apte
1096 4353 1161 4407 ad
1192 4364 1466 4420 naturam,
1498 4353 1640 4409 sicut
1662 4354 1779 4422 ejus
1806 4363 2036 4416 creator,

2136 3256 2259 3318 δοὺς
2286 3255 2428 3324 ἔχειν
2458 3256 2518 3308 ού
2544 3254 2613 3308 τὰ
2653 3254 2884 3325 μέγιστα
2913 3254 3133 3319 ἀσεϐεῖς
3164 3252 3247 3305 Ta
3275 3254 3332 3306 δὲ
3364 3253 3593 3323 μέγιστα
3625 3252 3726 3304 εὗ-

2138 3346 2288 3399 σεϐεῖ
2310 3347 2373 3410 ¹⁸,
2404 3345 2498 3399 ἐὰν
2538 3346 2709 3417 ἑτέρῳ
2760 3347 2858 3415 μὲν
2896 3346 2969 3417 μὴ
3003 3345 3113 3416 δῴη
3135 3345 3175 3376 ¹⁹
3204 3344 3377 3414 ἔχειν,
3412 3346 3617 3396 ἐκεῖνον
3655 3342 3722 3395 δὲ

2141 3441 2300 3511 μόνον
2329 3440 2473 3510 ἔχειν
2499 3438 2668 3507 λέγοι,
2702 3439 2761 3501 ὃς
2789 3439 2883 3492 ἀπ’
2908 3437 3081 3508 ἀρχῆς
3102 3436 3294 3497 αἰῶνος
3318 3434 3429 3505 (62)
3459 3436 3573 3505 ἅμα
3599 3436 3725 3496 τοῖς

2137 3534 2362 3604 ὀνόμασι
2398 3530 2609 3603 μορφὰς
2654 3529 2933 3584 ἀλλάσσων
2960 3530 3051 3581 τὸν
3089 3527 3259 3581 αἰῶνα
3285 3527 3488 3598 τρέχει,
3521 3525 3725 3596 μέχρις

2137 3625 2226 3677 ὅτε
2275 3623 2418 3676 ἰδίων
2462 3623 2667 3693 χρόνων
2711 3621 2888 3692 τυχὼν
2908 3659 2925 3684 ,
2974 3620 3063 3673 διὰ
3102 3621 3229 3682 τοὺς
3265 3618 3539 3689 καμάτους
3575 3616 3725 3669 Θεοῦ

2138 3714 2275 3768 ἐλέει
2322 3714 2593 3785 χρισθεὶς,
2624 3714 2703 3775 εἰς
2732 3714 2821 3766 ἀεὶ
2839 3713 2884 3743 ’θ
2914 3711 3025 3778 ἓξει
3052 3711 3150 3783 τὴν
3178 3710 3500 3764 ἀνάπαυσιν.
3543 3702 3724 3770 Οὗτος

2139 3808 2326 3877 ἄρχειν
2370 3823 2428 3859 τε
2470 3806 2563 3859 κοιλ¹
2606 3804 2876 3876 κυριεύειν
2906 3806 3121 3858 πάντων
3146 3802 3253 3855 τῶν
3282 3806 3338 3856 ὲν
3367 3802 3489 3872 ἀέρι
3516 3800 3612 3854 καὶ
3642 3804 3721 3870 γῇ

2140 3900 2234 3952 καὶ
2250 3899 2291 3929 ¹¹
2336 3898 2491 3951 ῦδασι
2520 3898 2833 3969 τετίμηται’
2869 3892 3005 3968 προς
3034 3896 3243 3959 τούτοις
3270 3895 3326 3949 δὲ
3357 3893 3518 3948 αὑτοῦ
3547 3893 3645 3945 τοῦ
3669 3894 3725 3924 ’⁸

2141 3990 2499 4061 πεποιηκότος
2528 3990 2620 4043 τὸν
2652 3990 2938 4061 ἄνθρωπον
2983 3989 3082 4060 τὴν
3128 3988 3294 4059 πνοὴν
3333 3986 3507 4057 ἔσχεν,
3535 3985 3723 4054 ψυχῆς

2141 4082 2413 4155 ἄρρηκτον
2445 4081 2756 4154 περιϐολὴν,
2789 4082 2937 4145 ὅπως
2964 4080 3230 4144 ἀθάνατος
3256 4075 3394 4132 εἶναι
3420 4077 3643 4149 δυνηθῇ.

2212 4255 2354 4311 XXI.
2397 4249 2565 4319 Οὗτος
2598 4255 2761 4319 αὐτὸς
2800 4255 2957 4325 μόνος
2993 4253 3198 4325 ἀληθὴς
3225 4250 3471 4323 ὑπάρξας
3502 4251 3723 4320 προφή-

2142 4367 2241 4419 της
2271 4348 2379 4420 (65)
2418 4348 2632 4417 ἑκάστῳ
2661 4346 2782 4416 ζὼῳ
2810 4348 2929 4399 κατ’
2958 4343 3111 4409 ἀξίαν
3136 4345 3234 4416 τῆς
3261 4343 3503 4413 φύσεως,
3533 4340 3722 4406 καθὼς

471 4446 693 4517 propria
731 4446 993 4517 imposuit
1034 4448 1276 4501 nomina.
1323 4448 1480 4514 Quod
1526 4449 1670 4501 enim
1710 4444 2035 4509 nominavit,

2142 4442 2170 4493 ό
2214 4437 2527 4511 πεποιηκὼς
2569 4438 2729 4491 αὑτὸν
2748 4438 2815 4503 ’³,
2846 4436 3061 4500 οἰκείως
3103 4435 3313 4489 τέθεικε
3348 4434 3417 4488 τὰ
3456 4433 3718 4503 ὀνόματα.

1732 4557 1972 4614 νΑιιιιΕ
2038 4552 2442 4611 LECTIONES.

537 4654 588 4727 '_'
619 4652 695 4727 Ita
731 4653 776 4709 0
821 4672 868 4710 e.
904 4673 1075 4727 marg.
1109 4656 1193 4721 Ci,
1226 4658 1281 4712 in
1306 4656 1415 4726 cuj.
1458 4664 1604 4727 textu
1631 4654 1961 4727 κρατοῦμεν.
1984 4649 2274 4727 ,βῆ-..ιιιο
2308 4644 2896 4727 ιε’,ὕὲξΜΜιιιΞξιιη
2920 4639 3477 4727 1Ξ.ς1ςεᾶῐιιξτλ.ῐξθίιξο
3512 4638 3554 4727 ξ,

477 4724 515 4795 τ’
548 4724 868 4795 Explanavit
907 4710 1055 4782 hune
1098 4710 1280 4781 locum
1306 4710 1357 4781 et
1373 4710 1424 4780 ’ἐι
1458 4710 1853 4780 ΞοΙιΙίοιὴιιηηό
1874 4720 2166 4795 vindicavit
2205 4718 2444 4795 ‘Baurius
2477 4716 2673 4795 danai:
2718 4715 2913 4795 l‘heol.
2936 4712 3185 4795 _Tubing.
3219 4712 3378 4774 1844,
3424 4724 3477 4778 p.

476 4794 529 4866 “_
556 4782 662 4846 ἀπό
694 4796 764 4866 VO.
793 4865 802 4866 ί
845 4798 888 4828 ¹³
917 4797 1245 4864 Legendum,
1289 4798 1333 4850 si
1369 4797 1498 4866 quid
1528 4797 1701 4866 video,
1732 4793 2148 4866 ἐμπροθέσμωὲ
2175 4789 2259 4866 _At
2287 4787 2437 4866 deest
2465 4786 2691 4866 aliquid.
2718 4785 2775 4836 '0
2814 4784 2907 4866 νῦν
2933 4782 3324 4866 ἐμπροθέσμςυς
3369 4782 3725 4866 πσξρεξῇηεὲίῖξς

473 4864 622 4932 νόμῳ
651 4865 751 4934 τὴν
761 4850 1059 4988 ἒασιλείᾶν
1091 4882 1175 4920 εει
1217 4850 1487 4921 ιὶἰιὼοῖιιε.
1516 4864 1601 4919 Cf.
1638 4850 1785 4918 hom'.
1819 4850 1909 4927 xv,
1939 4863 1990 4916 7.
2013 4850 2085 4901 '——
2107 4850 2279 4913 Etiam
2328 4850 2597 4920 Neander,
2639 4864 2698 4910 ut
2730 4862 2918 4923 postea
2952 4850 3223 4923 cognovi,
3250 4852 3393 4932 hunc
3426 4850 3603 4929 locum
3638 4850 3723 4901 sic

473 4935 732 4988 cxnlicat.
792 4935 947 4988 'nost.
978 4935 1200 4988 Sust.o.
1234 4937 1358 4988 411.
1389 4936 1515 4988 Post
1547 4935 1823 4988 βασιλείαν
1876 4932 2145 4988 excidisse
2185 4935 2343 4988 nutat
2396 4926 2495 4988 τὴν
2538 4925 2717 4988 μάχην
2746 4926 3001 4988 ἐποιεῖτο,
3058 4922 3204 4988 (1110(1
3253 4922 3394 4974 Idem
3448 4934 3501 4971 ιη
3552 4932 3721 4969 "crs"

473 4935 732 5000 explicat,
761 4935 947 4990 Gnost.
978 4935 1123 5004 Syst.
1148 4952 1200 5004 p.
1234 4937 1358 4989 411.
1389 4936 1515 4990 Post
1547 4935 1597 5004 βε

476 5003 777 5076 insequenti
800 5007 1013 5074 legitur.
1034 5006 1089 5059 S.
1130 5006 1502 5076 ὲμπροθέσμω
1532 5005 1597 5060 Ο.

477 5089 566 5157 μοι
599 5075 639 5126 (ἰ
671 5113 685 5137 ,
719 5076 893 5157 ἐφόρα
915 5093 1002 5146 μοι
1035 5076 1093 5129 S.
1172 5076 1214 5107 ¹⁸
1238 5076 1444 5199 εὐσεϐἓ
1465 5075 1507 5129 C

477 5146 533 5199 δ.
559 5141 602 5194 Ο
633 5183 648 5199 .
678 5147 931 5199 ἀπαογης
961 5146 1023 5199 C.
1127 5146 1173 5177 ³⁰
1204 5146 1375 5199 εἰσαεί
1453 5187 1465 5197 .

477 5143 533 5216 S.
559 5141 602 5194 0
633 5183 648 5206 ,
678 5141 931 5216 ἀπαρχῆς
961 5146 1023 5199 C.
1127 5146 1173 5177 ³⁰
1204 5146 1375 5200 εἰσαεί

811 4948 947 4990 nost.
978 4935 1123 5004 Syst.
1148 4952 1200 5004 p.
1234 4937 1358 4989 411.
1389 4936 1515 4990 Post
1547 4935 1823 5004 βασιλείαν
1876 4925 2146 5004 excidisse
2159 4935 2343 5004 _put_at
2396 4926 2495 5004 τὴν
2510 4925 2717 5004 ,μάχην
2746 4926 3001 5004 ἐποιεῖτο,
3044 4937 3091 5004 .q

1676 5006 1720 5036 ιι

1558 5005 1597 5059 ).
1676 5006 1720 5036 ιδ
1753 5003 1959 5057 ὲκλαίει
1991 5002 2053 5057 C.
2134 5002 2179 5031 ¹⁵
2209 5002 2323 5059 τοῖς
2372 5002 2536 5048 αὑτοῦ
2576 5002 2843 5065 μαθηταῖς
2899 5002 2966 5047 υ.
3044 5002 3087 5020 "‘
3120 5002 3317 5044 αιωνια
3348 5002 3410 5043 ιλ.
3475 5002 3510 5017 ³¹
3541 5002 3727 5056 επορα.

1558 5084 1613 5129 et
1643 5073 1681 5128 S
1709 5116 1725 5141 ,
1757 5075 1883 5128 licet
1910 5082 2152 5127 nostram
2179 5067 2466 5123 lectionem
2495 5065 2854 5119 commendet.
2933 5064 2975 5093 ¹⁹
3012 5060 3088 5131 δῷ
3119 5058 3182 5114 0.
3228 5059 3359 5113 Dein
3399 5060 3493 5112 ἀπ’
3521 5058 3727 5138 epla;

1567 5146 1582 5177 ι
1618 5144 1710 5177 md
1745 5160 1773 5177 η
1826 5142 1870 5177 n
1943 5143 2093 5177 Αοοοι
2139 5141 2191 5177 in
2221 5136 2338 5177 nmI,
2378 5134 2510 5177 Hnm
2569 5133 2744 5177 paris-
2777 5141 2912 5177 male
2940 5131 3003 5177 Π-
3105 5131 3149 5161 ﬂ
3187 5129 3281 5177 τοῦ
3311 5130 3535 5177 adiunxn
3572 5145 3624 5177 c.
3652 5102 3721 5177 ό.

1538 5146 1582 5178 ’ί
1618 5131 1724 5198 καί
1744 5160 1794 5200 c.
1826 5142 1870 5197 Ο
1899 5183 1915 5207 ,
1943 5143 2097 5197 deest
2139 5141 2193 5195 in
2221 5136 2342 5207 cod.
2376 5134 2537 5207 Ilom_
2569 5131 3003 5207 Paristteste‘C.

3098 4922 3204 4975 uod
3253 4921 3394 4974 idem
3448 4918 3501 4971 in
3552 4932 3721 4969 versu

2134 4988 2323 5059 η’τοῖς
2372 4988 2550 5048 αὐτοῦ’
2576 4988 2843 5065 μαθηταῖς
3120 4991 3318 5065 altovid.
3348 4988 3421 5065 C._
3474 4988 3515 5065 '_"
3541 4988 3728 5065 επόρα.

3105 5131 3149 5161 ’⁸
3187 5130 3281 5182 τοῦ
3311 5130 3535 5197 adjunxi
3572 5145 3624 5179 c.

477 5197 1505 5286 Iden}deinceps-palmulamlargitus
1530 5197 2081 5285 εειίίευιξήάρρηκτον
2123 5226 2177 5281 p.
2224 5205 2464 5277 ἄρρητον
2496 5203 2653 5276 Vulg-
2732 5202 2867 5257 ’⁸11³
2896 5202 2958 5268 (ἶ,
2990 5200 3035 5258 Ο
3066 5240 3081 5265 ν
3110 5200 3241 5254 αὑτό
3273 5197 3558 5270 legendum
3588 5213 3720 5251 κη’

474 5292 559 5337 set
589 5279 647 5335 S.

1758 5390 2119 5446 VARIORUM
2154 5389 2385 5449 NOTIE.

545 5487 655 5553 ((³2)
696 5490 801 5554 Ὃς
825 5488 925 5542 ἀπ’
959 5487 1150 5556 ἀρχῆς
1182 5486 1429 5551 αἰῶνος,
1479 5493 1582 5539 etc.
1626 5482 1748 5537 Ilzec
1771 5484 2047 5556 _eo_nferas
2158 5484 2456 5556 Sampsaeis
2482 5500 2577 5539 seu
2614 5482 2865 5538 Elcesaeis
2903 5481 2971 5535 ah
3000 5479 3341 5556 Epiphanio,
3371 5477 3515 5556 quod
3552 5476 3723 5556 Chri:

476 5537 793 5612 veiin—i'cu'ni
1182 5537 1502 5617 '50,
1664 5563 1747 5609 est
1769 5537 2050 5608 Ebionita;
2154 5537 2405 5628 έιξιῂιῖςίῇ
2427 5537 2652 5628 :Adamo
2672 5537 2963 5628 ponerent.
2986 5537 3298 5628 _Viilé__eu_m
3326 5537 3433 5628 vol.
3461 5546 3582 5628 Izp.

478 5644 602 5682 rum
627 5644 744 5696 cap.
779 5630 831 5682 5.
861 5630 996 5683 Cor.

552 5697 666 5764 (65)
694 5692 891 5763 Μόνος
912 5698 1142 5766 ἀληθὴς
1172 5697 1439 5763 ὑπάρξας
1466 5694 1786 5766 πρρεεήζζης.
1816 5692 2045 5766 Inferius

487 5781 601 5833 Vm,
658 5768 745 5824 Il).
800 5769 851 5823 Id
888 5764 1102 5838 quoque
1162 5770 1507 5823 observatum
1559 5767 1609 5819 in
1668 5764 1937 5819 Ehiona-is
1994 5774 2048 5819 et

2153 5627 2277 5686 127,
2313 5625 2435 5748 162',
2475 5626 2600 5692 461,
2629 5618 2751 5678 462.
2787 5621 3097 5678 Periculose
3132 5618 3441 5675 Methodius
3476 5618 3725 5678 Courit'ii.

2153 5706 2287 5748 orat.
2316 5712 2368 5748 ο.
2424 5712 2474 5748 υ.

2151 5706 2287 5751 orat.
2316 5706 2368 5751 ὃ.
2403 5706 2474 5749 ID.
