3868 6212
112 306 228 363 1ἳό
1232 304 1702 365 οιειιΕΝτιΝΑ.
1737 335 1805 347 ——
1841 303 2126 360 HOMILIA
2158 304 2263 361 Ill.‘
3299 307 3405 364 {9.6

110 421 191 475 Εἰ
214 438 271 475 τι
302 420 420 493 γὰρ
447 421 831 494 ἐπωνόμασεν,
861 422 1022 478 τοῦτο
1046 420 1112 496 ἦν
1145 427 1240 477 καὶ
1270 427 1334 478 ἐκ
1362 424 1457 479 τοῦ
1496 442 1715 495 πεποιη-

1825 413 1934 476 hoc
1958 432 2012 477 et
2038 433 2156 477 erat
2185 437 2381 477 nomen
2404 426 2481 478 rei
2504 432 2698 479 creata:
2719 438 2785 479 ex
2806 432 3069 479 creatore.
3097 422 3279 494 Itaque
3295 440 3405 494 quo

110 513 284 576 κότος
314 513 491 584 ὃνομα
518 514 598 585 τῷ
624 516 994 587 γεγενημένῳ.
1027 515 1139 586 89
1167 516 1257 569 Διὸ
1288 517 1405 579 πῶς
1432 516 1512 569 ἔτι
1557 515 1715 587 φυτοῦ

1826 513 1990 568 modo
2031 515 2209 569 adhuc
2243 530 2468 570 necesse
2505 516 2699 571 habuit
2725 517 2980 572 arborem
3012 517 3302 588 attingere.
3346 530 3406 574 ut

110 605 321 675 χρείαν
355 601 474 675 εἶχε
509 607 869 679 προσλασεῖν,
911 609 999 661 ἵνα
1026 608 1077 660 τί
1113 590 1311 661 me?“
1336 610 1481 662 ἐστιν
1511 608 1595 679 ἴδῃ
1626 626 1715 662 κα-

1827 606 1991 660 sciret
2019 607 2282 675 quidnam
2307 609 2378 662 sit
2411 609 2614 662 bonum
2644 609 2729 663 vel
2754 610 2984 676 malum,
3011 610 3058 664 si
3085 610 3404 665 mandatum

106 696 208 749 λον
244 697 281 768 ἢ
316 698 513 762 κακὸν,
551 700 600 751 εί
628 699 931 753 ἐνετέλλετο
963 700 1037 771 μὴ
1076 703 1302 770 φαγείνς
1356 700 1516 753 Ἀλλὰ
1552 699 1715 753 ταῦτα

1825 700 2033 768 accepit
2062 715 2172 754 non
2209 701 2445 755 edendi?
2478 700 2680 755 Verum
2726 700 2843 755 ha-c
2882 704 3112 756 credunt
3141 701 3235 771 qui
3259 702 3405 771 judi-

108 787 483 843 πιστεύουσιν
510 790 561 841 οἱ
599 790 834 861 ἄκριτοι,
864 792 916 843 οί
945 791 1134 859 ἄλογον
1164 791 1353 863 θηρίον
1383 791 1521 844 Θεοῦ
1559 791 1655 844 τοῦ
1677 792 1715 823 ³⁸

1825 791 1910 845 cio
1940 800 2150 856 carent,
2184 793 2278 861 qui
2303 792 2643 847 arbitrantur
2664 792 2883 847 brutum
2904 793 3108 846 animal
3129 794 3405 863 potentius

108 879 411 943 κτίσαντος
437 881 640 944 αὐτούς
666 898 725 934 τε
750 881 935 936 καὶτὰ
960 882 1137 935 πάντα
1162 881 1655 954 ἐνεργητικὼτερον
1678 882 1715 913 ’⁸

1825 881 1995 938 fuisse
2021 883 2152 950 Deo,
2183 884 2426 954 ipsorum
2456 885 2811 954 omniumque
2838 884 3142 942 conditore.

105 972 455 1043 γεγενῆσθαι
484 973 779 1043 οἰηθέντες.

180 1063 361 1117 XXII.
593 1064 766 1135 τούτῳ
803 1065 849 1097 ’⁷
890 1064 1121 1133 σύζυγος
1166 1064 1486 1134 ωνεκτίσθη
1535 1062 1721 1134 θήλεια

104 1156 303 1225 φύσις,
343 1158 483 1210 πολὺ
504 1156 805 1210 ἀποδέουσα
830 1157 1017 1219 αὐτοῦ,
1063 1158 1138 1220 ὡς
1157 1157 1313 1210 οὐσία
1347 1155 1632 1227 μετουσίας
1652 1157 1717 1218 ’³,

102 1249 188 1311 ὡς
217 1248 382 1319 ἡλίου
429 1250 647 1321 σελήνη,
690 1251 767 1313 ὡς
810 1251 986 1319 φωτὸς
1030 1250 1091 1302 τὸ
1133 1249 1264 1321 πῦρ.
1296 1249 1444 1320 Αὕτη
1490 1246 1582 1300 τοῦ
1623 1247 1719 1300 νῦν

102 1341 331 1412 κόσμου
362 1342 442 1404 ὡς
461 1342 652 1413 θήλεια
685 1342 872 1414 ὁμοίου
912 1343 1176 1413 ἄρχουσα,
1215 1341 1408 1414 πρώτη
1452 1340 1719 1412 προφῆτις

101 1427 254 1485 εἶναι
313 1432 706 1497 πεπίστευται,
757 1432 898 1505 μετὰ
939 1434 1157 1486 πάντων
1200 1433 1309 1486 τῶν
1342 1434 1400 1486 ἐν
1441 1434 1717 1503 γεννητοῖς

101 1524 401 1592 γυναικῶν
430 1527 769 1598 προφητείαν
800 1526 1262 1597 ἐπαγγελλομένη.
1302 1526 1360 1578 '0
1401 1524 1458 1577 δὲ
1509 1524 1713 1596 ἔτερος,

100 1620 182 1683 ὠς
222 1618 350 1681 υίὸς
380 1617 673 1690 ἀνθρώπου
718 1618 891 1690 ἄρσην
921 1617 1017 1682 ὢν,
1049 1618 1142 1671 καὶ
1173 1616 1242 1670 τὰ
1276 1615 1600 1687 διαφέροντα
1640 1615 1717 1679 ὼς

100 1712 305 1783 ἄρσενι
330 1711 416 1783 τῷ
442 1711 688 1783 μέλλοντι
709 1711 865 1766 αίῶνι
899 1708 1231 1782 προφητεύει
1262 1708 1331 1767 ³³.

1890 1063 2057 1120 XXII.
2089 1062 2358 1119 Caeterum
2383 1078 2506 1119 cum
2540 1078 2604 1118 eo
2644 1062 2843 1132 conjux
2882 1073 3063 1117 creata
3092 1071 3177 1117 est
3209 1070 3405 1116 natura

1821 1154 2076 1222 feminea,
2108 1156 2339 1210 multum
2386 1172 2452 1210 eo
2503 1155 2768 1221 deterior;
2820 1155 3030 1209 distans
3061 1155 3128 1208 ab
3158 1170 3244 1217 eo,
3280 1164 3404 1208 tan-

1818 1264 1983 1319 quam
2018 1249 2321 1304 substantia
2349 1249 2419 1303 ab
2445 1248 2735 1313 accidenti,
2759 1255 3021 1318 tanquam
3047 1263 3078 1302 a
3108 1246 3221 1301 sole
3251 1248 3403 1314 luna,

1820 1349 2077 1410 tanquam
2110 1357 2141 1395 a
2172 1342 2291 1396 luce
2313 1342 2472 1413 ignis.
2508 1341 2600 1394 Illa
2633 1341 2765 1395 huic
2795 1341 2999 1395 mundo
3026 1341 3175 1394 velut
3203 1338 3405 1393 femina

1818 1433 1984 1487 simili
2015 1433 2313 1502 imperans,
2350 1434 2523 1503 prima
2567 1433 2909 1503 prophetissa
2944 1448 3069 1488 esse
3098 1432 3319 1496 meruit,
3351 1441 3407 1486 et

1816 1539 1942 1579 cum
1980 1526 2235 1580 omnibus
2260 1525 2353 1595 qui
2390 1526 2533 1579 inter
2582 1535 2742 1579 natos
2785 1524 3075 1578 mulierum
3124 1532 3252 1578 sunt
3278 1539 3407 1593 pro-

1816 1617 2055 1688 phetiam
2086 1618 2393 1673 annuntiat.
2420 1618 2568 1672 Alter
2593 1632 2746 1682 vero,
2778 1616 2935 1686 quasi
2969 1617 3113 1671 iilius
3144 1615 3404 1677 hominis,

1747 1751 1793 1807 Β
1820 1725 1937 1764 mas
1969 1719 2075 1773 est,
2111 1719 2166 1765 et
2214 1710 2401 1767 futuro
2450 1711 2651 1767 saeculo
2697 1710 2845 1767 velut
2898 1710 3144 1764 masculo
3187 1712 3406 1780 egregia

1818 1803 2125 1870 prophetat.

172 1891 382 1946 XXIII.
414 1893 520 1946 Δύο
549 1886 651 1949 οὖν
672 1892 803 1963 ἡμῖν
836 1890 1052 1961 γενικα.)¹
1089 1889 1331 1943 ἔστωσαν
1357 1891 1710 1961 προφητεῖαιο

99 1986 133 2055 ἠ
168 1984 280 2055 μὲν
329 1985 597 2056 ἀρσενική
622 1983 701 2015 ³⁸·
734 1984 831 2037 καὶ
876 1982 1168 2054 διωρίσθω,
1201 1981 1283 2035 ὅτι
1319 1982 1352 2052 ή
1387 1981 1484 2052 μὲν
1522 1979 1713 2052 πρώτη

99 2076 288 2147 ἄρσην
309 2072 453 2129 οὖσα
482 2076 711 2153 δευτέρα
728 2073 820 2128 τοῦ
847 2072 1035 2128 λοιποῦ
1062 2073 1318 2127 τέτακται
1340 2071 1477 2125 κατὰ
1504 2072 1596 2125 τὸν
1617 2072 1717 2142 τῆς

98 2167 343 2239 προόδου
376 2167 560 2236 λόγον,
592 2168 627 2237 ἡ
659 2167 718 2220 δὲ
747 2166 975 2237 δευτέρα
1000 2165 1165 2236 θῆλυς
1192 2158 1327 2218 οὖσα
1357 2162 1547 2235 πρώτη
1576 2162 1714 2235 ὡρί-

100 2259 205 2330 σθη
255 2258 527 2330 ἔρχεσθαι
576 2260 635 2310 ἐν
689 2260 756 2330 τῇ
800 2258 907 2311 τῶν
951 2256 1223 2325 συζυγιῶν
1271 2255 1606 2327 προελεύσει.
1648 2255 1716 2307 Ἠ

101 2353 205 2422 μὲν
236 2347 337 2405 οῦν
381 2352 441 2403 ἐν
470 2353 749 2421 γεννητοῖς
776 2349 1048 2416 γυναικῶν
1093 2344 1248 2411 οὖσα,
1273 2349 1349 2412 ὡς
1390 2347 1579 2419 θήλεια
1620 2345 1714 2399 τοῦ

100 2440 200 2495 νῦν
249 2442 468 2513 κόσμου
495 2441 542 2473 ³²
569 2440 1011 2511 ἐπαγγελλομένη
1042 2440 1108 2504 ³²,
1140 2439 1401 2510 ἁρσενικὴ
1441 2433 1580 2492 εἶναι
1627 2455 1717 2490 πι-

104 2534 410 2587 στεύεσθαι
444 2533 608 2587 θέλει.
641 2532 733 2611 At}:
753 2531 1060 2585 κλέπτουσα
1086 2530 1156 2584 τὰ
1184 2529 1280 2583 τοῦ
1309 2531 1535 2601 ἄρσενος
1558 2529 1719 2601 σπέρ-

108 2642 282 2695 ματα,
323 2626 424 2679 καὶ
451 2627 565 2687 τοῖς
612 2624 762 2687 ίδίοις
788 2624 887 2693 τῆς
918 2622 1119 2694 σαρκὸς
1157 2622 1464 2693 σπέρμασιν
1498 2621 1718 2674 ἐπισκέ-

105 2732 292 2770 musa
328 2716 401 2779 ³³,
434 2715 511 2779 ὡς
538 2716 636 2769 ὅλα
665 2716 772 2770 ἴδια
794 2714 1114 2785 συνεκφέρει
1140 2713 1211 2767 τὰ
1242 2715 1577 2785 γεννήματα,
1606 2713 1718 2784 90

105 2808 253 2861 τοῦτ’
298 2808 425 2861 ἐστι
456 2807 529 2860 τὰ
569 2809 826 2879 χρήματα
849 2808 917 2870 ³⁸,
948 2808 1045 2861 καὶ
1072 2807 1162 2861 τὸν
1195 2808 1440 2879 παρόντα
1478 2809 1717 2877 ἐπίγειον

110 2899 347 2953 πλοῦτον
401 2900 478 2963 ὡς
528 2902 729 2971 προῖκα
779 2898 969 2953 δώσειν
1010 2900 1437 2969 ἐπαγγέλλεται,
1484 2900 1562 2971 τῷ
1616 2918 1716 2953 τα-

111 2994 202 3065 χεῖ
224 2994 286 3048 τὺ
312 2992 487 3067 βραδὺ
516 2992 583 3059 ³⁵,
611 2992 674 3048 τὸ
696 2992 875 3066 ’βραχὺ
914 2992 993 3066 τῷ
1039 2991 1246 3065 μείξονι
1271 2991 1576 3062 ὑπαλλάξαι
1624 2991 1715 3048 θέ-

115 3087 305 3141 λουσα.

184 3200 382 3255 XXIV.
419 3202 657 3266 Πολλοὺς
680 3201 862 3273 μέντοι
893 3202 1050 3267 θεοὺς
1080 3203 1260 3271 λέγειν
1289 3203 1382 3257 καὶ
1409 3204 1629 3256 ἀκούειν
1653 3203 1716 3257 οὐ

121 3294 281 3365 μόνον
316 3294 598 3365 τολμῶσα,
636 3293 773 3348 ἀλλὰ
800 3295 894 3348 καὶ
918 3295 1055 3366 αὐτὴ
1082 3295 1333 3364 γενέσθαι
1365 3295 1718 3362 πιστεύουσα,

118 3388 210 3438 καὶ
263 3386 441 3439 ἐλπίδι
490 3387 585 3439 τοῦ
641 3385 913 3455 γενέσθαι,
962 3386 990 3440 ὃ
1044 3387 1118 3457 μὴ
1175 3386 1287 3457 ἔχει
1340 3386 1523 3457 φύσιν,
1565 3389 1661 3441 καὶ
1691 3388 1721 3441 ὃ

114 3477 229 3548 ἔχει
257 3477 768 3549 προσαπολλύουσα,
801 3478 897 3532 καὶ
924 3480 1000 3542 ὼς
1027 3479 1215 3551 θήλεια
1254 3479 1543 3552 ἐμμηνίοις
1570 3481 1615 3512 ³⁸
1642 3498 1720 3549 γι-

116 3570 322 3642 νομένη
359 3570 630 3641 προφάσει
653 3570 851 3625 θυσιῶν
871 3571 1225 3641 αἱμάσσεται,
1257 3573 1350 3625 καὶ
1394 3571 1567 3635 οὕτως
1592 3573 1720 3637 τοὺς

114 3663 397 3732 ψαύοντας
426 3664 598 3734 αὐτῆς
632 3664 872 3733 μολύνει.
924 3664 1093 3718 Ἐπὰν
1126 3665 1183 3718 δὲ
1224 3664 1561 3719 συλλαϐοῦσα
1592 3667 1720 3731 τοὺς

113 3752 496 3823 προσκαίρους
524 3754 681 3827 τίκτῃ
710 3754 754 3785 ³⁷
789 3754 1053 3824 βασιλεῖς,
1080 3756 1207 3819 τοὺς
1239 3749 1378 3826 αἷμα
1406 3755 1542 3809 πολὺ
1568 3756 1719 3827 χέον-

114 3862 217 3908 τας
243 3845 452 3917 ἐγείρει
484 3845 770 3915 πολέμους.
806 3847 945 3910 Τοὺς
975 3847 1033 3900 δὲ
1066 3848 1196 3918 παρ’
1251 3848 1418 3919 αὐτῆς
1449 3847 1640 3919 μαθεῖν
1672 3850 1717 3882 ³⁸

115 3935 381 4007 ἀλήθειαν
416 3937 776 4007 ὀρεγομένους
823 3936 901 4008 τῷ
950 3936 1020 3991 τὰ
1064 3938 1243 3992 πάντα
1281 3938 1460 4007 λέγειν
1498 3939 1716 3994 ἐναντία

116 4032 211 4083 καὶ
261 4028 477 4091 πολλὰς
503 4028 598 4083 καὶ
642 4028 930 4099 διαφόρους
967 4028 1228 4099 παρέχειν
1244 4029 1580 4101 λῃτουργίας,
1616 4030 1711 4097 ζη-

114 4122 350 4185 τοῦντας
392 4121 482 4174 ἀεὶ
510 4121 555 4152 ³⁸
582 4121 677 4173 καὶ
707 4120 872 4191 μηδὲν
906 4120 1255 4191 εὑρίσκοντας
1304 4121 1497 4191 μέχρις
1547 4119 1713 4174 αὐτοῦ

120 4215 356 4269 θανάτου
385 4210 727 4285 καθίστησιν.
774 4213 891 4266 Ἀπ’
924 4213 1099 4285 ἀρχῆς
1134 4216 1245 4286 γὰρ
1282 4212 1587 4286 ἀνθρώποις
1616 4231 1713 4267 τυ-

120 4306 274 4375 φλοῖς
334 4304 564 4358 θανάτου
622 4307 797 4357 κεῖται
856 4305 1127 4376 πρόφασις
1151 4323 1165 4336 ο
1231 4306 1409 4359 πλάνα
1458 4306 1569 4379 γὰρ
1620 4308 1715 4361 καὶ

1884 1891 2074 1949 XXIII.
2108 1894 2240 1950 Duae
2274 1894 2439 1965 igitur
2502 1896 2661 1951 nobis
2694 1896 2805 1951 sint
2850 1895 3131 1966 generales
3170 1894 3405 1965 prophe-

1815 1984 1901 2040 tia:
1947 2004 1961 2040 :
2003 1988 2173 2042 altera
2205 1988 2425 2058 quidem
2477 1990 2762 2050 mascula;
2801 1998 2860 2042 ut
2904 1998 3112 2043 certum
3148 1988 3220 2042 sit
3250 1987 3397 2057 quod

1814 2077 1986 2147 prima
2017 2081 2262 2135 mascula
2302 2090 2404 2147 est,
2436 2090 2490 2135 et
2526 2089 2586 2135 ut
2626 2081 2863 2136 secunda
2896 2082 3153 2151 deinceps
3188 2080 3403 2134 ratione

1814 2187 2143 2244 pregressus
2178 2174 2497 2240 collocatur,
2547 2174 2782 2228 secunda
2813 2188 2965 2238 vero,
3002 2187 3136 2243 qua:
3180 2179 3264 2225 est
3315 2169 3396 2224 fe-

1816 2265 1985 2331 mina,
2018 2266 2192 2335 prima
2235 2267 2288 2319 in
2326 2266 2773 2336 conjugationum
2810 2264 3040 2319 adventu
3091 2263 3278 2317 venire
3310 2263 3406 2317 de—

1815 2356 1965 2411 ﬁnita
2004 2367 2107 2412 est.
2141 2357 2219 2413 Ea
2250 2375 2399 2428 ergo,
2441 2353 2566 2413 eum
2610 2357 2749 2411 inter
2794 2368 2952 2411 natos
2988 2356 3276 2410 mulierum
3309 2355 3403 2420 sit,

1816 2456 1878 2502 ut
1934 2447 2134 2503 femina
2172 2450 2422 2519 praesenti
2454 2450 2658 2504 mundo
2714 2448 3118 2512 annuntiatrix,
3164 2447 3405 2500 mascula

1816 2555 1938 2594 esse
1967 2542 2113 2596 credi
2150 2541 2285 2595 vult.
2337 2540 2519 2607 Quare
2560 2541 2772 2596 semina
2812 2539 3042 2595 masculi
3096 2538 3402 2608 suppilaus,

1815 2633 2043 2703 suisque
2065 2638 2247 2688 carnis
2283 2634 2586 2689 seminibus
2617 2636 2879 2703 obtegens
2910 2642 3171 2702 tanquam
3219 2634 3402 2687 omnia

1816 2741 1918 2781 sua
1955 2727 2334 2793 comproducit
2381 2729 2648 2798 germina,
2682 2728 2785 2781 hoc
2828 2737 2911 2782 est
2937 2743 3068 2797 opes
3099 2746 3112 2780 :
3146 2735 3199 2781 ct
3230 2735 3404 2781 terre-

1817 2830 1958 2873 stres
1996 2820 2095 2875 has
2131 2819 2351 2874 divitias
2384 2821 2541 2892 quasi
2582 2820 2763 2877 dotem
2797 2821 3046 2875 daturam
3082 2834 3141 2873 se
3186 2818 3408 2888 pollice-

1819 2918 1929 2976 tur,
1956 2920 2011 2965 et
2046 2911 2262 2968 tandum
2282 2930 2406 2969 cum
2436 2914 2631 2979 veloci,
2654 2929 2880 2984 parvum
2909 2928 3034 2967 cum
3068 2927 3265 2983 magno
3292 2912 3403 2965 vult

1817 3014 2179 3060 commutare.

1896 3202 2086 3258 XXIV.
2121 3202 2187 3258 Et
2211 3218 2343 3259 vero
2372 3203 2574 3259 multos
2612 3203 2744 3261 deos
2786 3218 2893 3258 non
2938 3202 3112 3258 solum
3144 3202 3325 3256 dicere
3355 3210 3409 3257 ei.

1823 3298 2014 3351 audire
2048 3297 2329 3360 sustinuit,
2363 3297 2457 3352 sed
2490 3306 2545 3351 et
2581 3296 2697 3365 ipsa
2734 3296 2895 3349 talem
2930 3310 2989 3349 se
3012 3293 3252 3348 futuram
3289 3310 3409 3348 cre-

1822 3389 1996 3445 didit:
2033 3400 2196 3461 atque
2226 3404 2322 3459 spe
2355 3388 2640 3449 evadendi.
2672 3386 2821 3457 quod
2868 3394 3061 3441 natura
3102 3402 3210 3440 non
3254 3396 3408 3456 pote-

1822 3492 1929 3546 rat,
1962 3484 2127 3540 etiam
2158 3482 2303 3553 quod
2328 3482 2564 3536 habebat
2597 3480 2861 3552 perdidit;
2911 3489 2967 3534 et
3012 3480 3167 3551 quasi
3202 3478 3405 3533 femina

1821 3575 1877 3630 in
1942 3575 2243 3631 menstruis
2288 3574 2687 3630 sacriﬁciorum
2734 3573 3025 3628 occasione
3062 3579 3403 3635 cruentatur,

1820 3669 2008 3738 sicque
2032 3676 2315 3738 tangentes
2343 3681 2463 3722 eam
2495 3666 2766 3735 inquinat.
2809 3664 2946 3719 Cum
2988 3673 3169 3719 autem
3205 3678 3407 3717 concc-

1818 3761 1919 3832 pit,
1947 3776 2011 3816 ae
2038 3760 2367 3829 temperales
2413 3774 2569 3829 reges
2605 3759 2812 3831 genuit,
2846 3757 2986 3812 bella
3026 3758 3257 3812 suscitat
3285 3772 3407 3825 quae

1817 3855 2049 3909 multum
2074 3852 2356 3924 sanguinis
2387 3850 2640 3907 fundunt.
2674 3850 2848 3906 Porro
2873 3850 3102 3920 cupidos
3132 3849 3407 3904 discenda:

1817 3947 1887 4003 ab
1942 3962 2007 4002 ea
2054 3945 2325 4009 veritatis,
2378 3944 2525 4014 quod
2579 3942 2857 3999 contraria
2906 3942 3091 3997 omnia
3150 3941 3304 4005 dicit,
3353 3952 3407 3996 et

1817 4039 1987 4095 multa
2033 4048 2087 4094 et
2119 4038 2267 4094 varia
2299 4038 2502 4108 praebet
2529 4034 2864 4099 ministeria,
2907 4049 3153 4104 quaerere
3191 4048 3406 4101 semper

1817 4133 2063 4202 nihilque
2089 4131 2337 4186 invenire
2361 4144 2537 4199 usque
2579 4129 2646 4183 ad
2674 4136 2907 4182 mortem
2948 4124 3098 4180 facit.
3135 4122 3218 4178 Ab
3248 4124 3404 4177 initio

1817 4225 1962 4279 enim
2005 4224 2165 4279 caecis
2198 4222 2516 4277 hominibus
2566 4220 2744 4291 posita
2778 4225 2864 4274 est
2909 4219 3103 4272 mortis
3149 4215 3403 4282 occasio;

1817 4317 1953 4372 falsa
2000 4317 2269 4387 siquidem
2302 4325 2355 4371 et
2384 4314 2549 4371 dubia
2582 4323 2637 4370 et
2675 4312 2897 4384 obliqua
2922 4309 3187 4382 praedicit,
3216 4308 3405 4379 sicque

119 4396 402 4468 ἀμφίϐολα
437 4398 529 4450 καὶ
563 4396 692 4461 λοξὰ
734 4398 1151 4469 προφητεύουσα
1202 4400 1328 4460 τοὺς
1364 4402 1715 4465 πιστεύοντας

1825 4412 2099 4468 credentes
2119 4411 2341 4481 decipit.

122 4490 337 4559 ἀπατᾷ.

190 4600 363 4658 XXV.
417 4603 507 4675 Διὸ
541 4603 587 4635 δθ
619 4602 698 4674 τῷ
748 4604 1073 4676 πρωτοτὸκῳ
1116 4606 1287 4676 αὐτῆς
1348 4609 1709 4680 ἁμφοτερίζον

121 4694 391 4765 ἐπέθηκεν
419 4697 449 4748 ὁ
484 4695 646 4765 νόμος
680 4696 851 4765 ὄνομα
884 4697 951 4758 δί,
984 4698 1260 4750 καλέσασα
1301 4699 1470 4751 Κάῖν·
1519 4700 1548 4752 ὃ
1592 4701 1712 4772 διχῇ

124 4786 238 4856 ἔχει
269 4786 370 4856 τῆς
403 4787 697 4859 ἑρμηνείας
740 4789 841 4859 τὴν
888 4789 1134 4860 ἐκδοχήν.
1184 4791 1577 4863 Ἐρμηνεύεται
1607 4793 1715 4866 γὰρ

1888 4608 2056 4666 XXV.
2087 4608 2355 4675 Quocirca
2395 4606 2761 4677 primogenita
2799 4619 2901 4659 suo
2947 4602 3035 4657 lex
3079 4599 3401 4669 ambiguum

1816 4696 2076 4771 imposuit
2106 4716 2328 4766 nomen,
2363 4709 2418 4754 et
2453 4698 2686 4754 Cainum
2717 4695 2950 4751 vocavit.
3005 4692 3160 4759 Quod
3201 4706 3403 4745 nomen

1817 4796 2021 4866 duplici
2055 4793 2522 4863 interpretationis
2567 4806 2734 4847 sensu
2781 4787 3066 4858 accipitur.
3099 4783 3404 4854 Exponitur

1394 4964 1633 5022 VARle
1703 4967 2108 5026 LECTIONES.

194 5078 241 5158 ’ξ
539 5077 1081 5159 ιεειίοηεω-κακὸν,
1110 5082 1172 5159 εἰ·
1190 5081 1497 5159 ἐνετέλλετο
1525 5086 1600 5157 μὴ
1632 5090 1826 5159 φαγεῖν
1862 5110 1872 5143 :
1903 5087 2023 5159 erui
2060 5103 2125 5141 ex
2154 5087 2343 5159 notuia
2372 5084 2663 5154 marginaii
2692 5084 2815 5139 cod.
2849 5083 2895 5159 0
2930 5124 2958 5159 1
2995 5084 3188 5159 in_t_:uj.
3209 5091 3399 5159 _textu

125 5148 355 5237 l‘ftsif‘ffz.
377 5148 455 5237 ‘1.“
485 5164 573 5237 at);
603 5148 644 5237 ἓ)
696 5168 709 5203 ε
742 5152 941 5236 “me:
976 5150 1310 5237 ἐνετέλλετεὶέ
1340 5148 1603 5237 Ψιίηξιὶῑτί
1629 5148 2001 5237 ίίιεένιῖοςθηύί
2039 5160 2256 5237 signem
2288 5157 2343 5211 ίη
2371 5148 2897 5237 Ρυηέὲιηηλῐηηειῖίι
2925 5148 2997 5237 ξς.
3062 5148 3236 5237 ’ἷὲὶῦ
3264 5169 3401 5222 ρι’τε-

127 5216 489 5310 ιεηζιηὶξὶῑιὸιΔ
527 5219 1186 5310 ¹⁸¹ὲνερ1γετικὼτερογο.
1264 5223 1308 5253 ’⁷
1348 5223 1506 5310 Quod
1538 5224 1602 5310 S“
1640 5216 1889 5310 adnotat,
2032 5216 2273 5285 edidisse
2302 5216 2485 5310 τοῦτο,
2530 5226 2771 5310 intellig}:
2821 5226 2889 5310 de
2935 5224 3019 5279 Cl.
3099 5226 3146 5257 "
3186 5216 3399 5310 Sensus

126 5289 400 5367 efﬂagitat,
433 5296 493 5367 ut
518 5289 771 5367 .voluit'I)
808 5291 939 5367 έώξ
964 5289 1153 5367 οὐσίας
1198 5294 1479 5367 μετουσία.
1512 5366 1517 5367 ί
1557 5296 1602 5327 ¹⁹
1643 5294 1717 5350 Ita
1751 5297 1796 5350 0
1826 5341 1840 5363 ,
1869 5289 1927 5352 ut
1956 5298 2066 5367 jam
2096 5307 2239 5352 recte
2263 5298 2517 5351 viderunt
2541 5295 2583 5347 1)
2638 5294 2987 5367 etNeauder,
3030 5293 3395 5367 πρωτεύει

129 5357 173 5428 ν
210 5359 487 5428 ὰρῤενικήν
512 5358 576 5413 c.

686 5359 730 5391 ³¹
766 5361 843 5429 τῷ
880 5362 975 5431 νῦν
1006 5359 1303 5431 κόσμῳίΙ).

130 5427 175 5459 ³⁸
193 5428 435 5512 ’ῥήματα

815 5361 843 5438 ζ)
880 5362 977 5438 νῦν
1006 5362 1198 5438 κόσμῳ
1222 5361 1303 5438 _D.
1383 5363 1468 5438 '_”
1505 5361 1975 5438 ἐπαγγελλομένοῦ
1998 5367 2063 5423 0.
2099 5367 2631 5438 Subindedtppswxﬁ
2802 5366 2850 5438 ξδ
2890 5361 3297 5438 ἐπισκέπτουσα
3320 5361 3387 5416 0.

637 5429 683 5461 ³⁸
720 5431 780 5501 τὸ
815 5413 1183 5501 βραδύὲνᾲυὸά
1204 5413 1356 5487 deest
1406 5434 1461 5489 in
1662 5413 2064 5501 ὲῖοἶ
2672 5413 2750 5489 v0.
2790 5435 2830 5488 C
3303 5413 3400 5501 ταί-

129 5495 300 5577 χεῖίτὸ
332 5496 632 5577 βραδύ,ξῴ
664 5495 869 5570 μείζονι
896 5502 956 5577 τὸ
982 5495 1358 5577 ἧττον-ὑπαλλ.
1384 5521 1445 5577 κ,
1475 5523 1530 5577 τι
1549 5504 1596 5556 λ.
1648 5576 1653 5577 ν
1682 5507 1725 5536 ³⁸
1752 5508 1810 5558 ἐν
1845 5495 2060 5577 μηνίοις
2101 5507 2163 5561 C.
2244 5506 2379 5560 "Ita
2404 5506 2447 5559 Ο
2494 5523 2547 5577 (³.7
2585 5505 2623 5558 S
2650 5547 2667 5577 ί,
2709 5506 2880 5557 τίκτει
3062 5504 3105 5534 ³⁸
3137 5503 3212 5556 Ita
3242 5495 3295 5577 et
3326 5499 3375 5577 ρ

222 5575 394 5669 ιξῖιῖιυρ
426 5568 579 5669 μαθᾶ
614 5568 679 5669 in;
699 5587 871 5669 marg.
1068 5570 1569 5669 elodzernnomisixCil
1595 5576 1665 5628 τά
1702 5568 2091 5669 ίιιιιοῖὲναντία.
2125 5577 2429 5659 Articulum
2450 5576 2758 5669 _dellt-ndum
2793 5576 3046 5669 cssgjam
3096 5570 3389 5669 lmtavitﬂS.

134 5637 179 5668 "
209 5638 314 5689 αἰεί
353 5636 433 5691 C.’
532 5636 579 5669 ‘°
602 5641 679 5691 Δι’
707 5641 734 5691 ὅ
768 5636 830 5695 C.

136 5706 400 5769 ἐπέθηκεν
436 5712 463 5760 ὁ
499 5709 660 5773 νόμος
698 5711 758 5764 0.

920 5641 962 5673 ἐί
998 5641 1125 5697 Dedi
1157 5640 1426 5712 ἐπέθηκεν
1455 5646 1483 5698 ὁ
1514 5643 1674 5716 νόμος
1702 5646 1880 5717 ὄνομα
1935 5649 2138 5718 logiccs
2190 5648 2399 5703 ratione
2448 5646 2704 5701 inductus
2726 5688 2739 5713 ,
2798 5640 3064 5715 ἐπέθηκεν
3095 5643 3265 5713 δνομα
3295 5641 3363 5697 (ἓν.
