3868 6212
96 310 205 362 ﬁt!!!

1249 310 1712 369 CLEMENTINA.
1757 342 1819 353 —
1860 311 2145 367 IIOMILIA
2178 313 2266 369 111.

3289 320 3391 376 ιω

92 426 278 496 χείαις
313 431 528 501 ἡδοναῖς
566 429 660 484 τοῦ
700 428 963 501 λογισμοῦ
1013 430 1111 501 τήν
1163 431 1316 501 ἰσχὺν
1353 429 1689 489 ὑποσυλῶσα,

1804 444 1910 499 que
1956 430 2325 501 voluptatibus
2371 431 2481 486 vim
2529 431 2725 487 mentis
2757 429 3067 502 deprredata
3107 431 3294 502 plures
3335 435 3389 488 in

90 524 224 586 τοὺς
260 522 517 586 πλείονας
545 524 625 585 εἰς
659 522 903 593 μοιχείαν
931 522 1076 590 ἄγει,
1108 523 1201 574 καὶ
1232 522 1405 585 οὕτως
1448 520 1540 574 τοῦ
1575 521 1702 592 μέλ-

90 617 287 679 λοντος
320 616 488 669 καλοῦ
514 616 792 687 στερίσκει
840 614 1097 686 νυμφίου.
1135 615 1338 686 Νύμφη
1371 615 1481 685 γάρ
1528 617 1641 667 ἐστι
1672 616 1702 668 ό

93 711 207 773 πᾶς
241 709 291 742 ³⁸
323 709 633 781 ἄνθρωπος,
666 708 869 762 ὁπόταν
914 706 1009 761 τοῦ
1066 707 1299 779 ἀληθοῦς
1342 706 1388 739 ⁵³
1421 708 1700 778 προφήτου

90 802 280 874 λευκῷ
296 803 443 874 λόγῳ
462 802 723 872 ἀληθείας
743 802 1097 873 σπειρόμενος
1117 801 1418 873 φωτίςηται
1434 801 1525 853 τὸν
1552 800 1695 853 νοῦν.

161 893 415 949 XXVI“.
446 894 605 971 Atii,“
633 896 751 958 ἐνὸς
789 893 951 966 μόνου
998 892 1094 947 τοῦ
1136 893 1239 965 τῆς
1280 893 1536 965 ἀληθείας
1567 910 1700 965 προ-

92 989 271 1058 φήτου
302 986 527 1040 ἀκούειν
559 986 658 1051 δεῖ,
694 987 871 1040 εἰδότα
910 986 989 1039 ὅτι
1023 988 1053 1039 ὁ
1081 988 1210 1055 παρ’
1246 984 1433 1056 ἐτέρου
1472 987 1701 1057 σπαρεὶς

90 1078 275 1147 λόγος,
305 1079 555 1151 μοιχείας
584 1080 837 1151 ἔγκλημα
861 1076 1043 1133 λαϐὼν
1072 1080 1138 1143 ³⁸,
1160 1079 1235 1143 ὡς
1267 1079 1371 1131 ὑπὸ
1400 1078 1631 1148 νυμφίου
1653 1079 1700 1111 ³⁸

88 1174 193 1244 τῆς
233 1173 520 1245 βασιλείας
567 1171 733 1227 αὑτοῦ
763 1172 1104 1225 ἐκϐάλλεται.
1142 1172 1268 1234 Τοῖς
1304 1170 1362 1224 δὲ
1392 1170 1454 1222 τὸ
1488 1171 1698 1243 μυστή-
1726 1184 1735 1191 ’

92 1283 207 1337 ριον
239 1266 445 1320 εἰδόσιν
478 1265 583 1319 ὑπὸ
608 1265 846 1337 ψυχικῆς
884 1264 1131 1336 μοιχείας
1164 1264 1257 1317 καὶ
1296 1263 1523 1326 Θάνατος
1552 1264 1701 1331 γίνε-

87 1376 204 1412 ται.
248 1358 487 1413 Ὃπόταν
514 1359 559 1391 ’τ
591 1359 625 1429 ἡ
663 1358 810 1429 ψυχὴ
843 1358 934 1427 ὑφ’
962 1356 1165 1429 ἐτέρων
1212 1358 1419 1427 σπαρῇ,
1461 1356 1578 1409 τότε
1622 1357 1699 1421 ὡς

89 1450 448 1522 πορνεύσασα
473 1452 509 1523 ἢ
541 1450 940 1521 μοιχευσαμένη
962 1450 1066 1502 ὑπὸ
1081 1448 1176 1502 τοῦ
1194 1448 1501 1520 πνεύματος
1528 1449 1695 1518 ὲγκα-

87 1543 436 1605 ταλείπεται,
466 1543 575 1613 93
618 1543 713 1597 καὶ
754 1540 929 1606 οὑτως
973 1543 1035 1595 τὸ
1084 1542 1328 1614 ἔμψυχον
1376 1543 1557 1615 σῶμα,
1600 1543 1696 1598 τοῦ

89 1634 363 1700 ζωοποιοῦ
420 1638 731 1706 πνεύματος
794 1634 1175 1706 χωρισθέντος,
1223 1638 1305 1700 είς
1341 1636 1388 1668 ⁸⁸
1428 1639 1531 1709 γῆν
1566 1640 1697 1693 ἀνα-

88 1729 298 1791 λύεται,
329 1729 428 1782 καὶ
472 1729 566 1781 τοῦ
614 1728 1008 1800 ἁμαρτήματος
1042 1728 1075 1799 ἡ
1123 1731 1242 1783 κατ’
1273 1728 1431 1797 ἀξίαν
1475 1731 1697 1795 κόλασις
1730 1765 1771 1820 Β

89 1823 148 1873 ὲν
184 1821 266 1892 τῷ
309 1823 417 1892 τῆς
454 1820 687 1893 κρίσεως
723 1821 901 1893 καιρῷ
942 1821 1253 1876 ἀποδίδοται
1286 1827 1352 1896 τῇ
1379 1825 1525 1897 ψυχῇ
1562 1826 1698 1897 μετά

88 1915 188 1983 τήν
214 1913 314 1967 τοῦ
363 1913 619 1985 σώματος
650 1915 927 1968 ἀνάλυσιν⁸
983 1915 1173 1988 ὥσπερ
1200 1917 1286 1969 ἐπ’
1322 1917 1623 1988 ἀνθρώπων
1662 1920 1696 1989 ἡ

90 2008 180 2059 ἐπὶ
202 2006 430 2079 μοιχεία
450 2006 768 2078 φωραθεῖσα
792 2007 1009 2080 πρῶτον
1031 2008 1140 2062 τῶν
1160 2011 1323 2064 οἴκων
1353 2010 1694 2077 ἐκϐάλλεται,

91 2093 187 2151 εἶθ’
218 2098 457 2170 ὕστερον
490 2100 583 2151 ἐπὶ
610 2099 878 2174 καταδίκῃ
907 2101 1174 2172 κρίνεται.

158 2190 361 2245 XXIX.
403 2191 512 2245 Τοῦ
547 2192 759 2264 Πέτρου
788 2193 979 2246 τοῦτον
1010 2194 1300 2265 μέλλοντος
1318 2196 1450 2267 ήμῖν
1474 2196 1697 2262 τελείως

88 2285 376 2353 ἐκφαίνειν
409 2284 504 2339 τὸν
526 2286 788 2357 μυστικὸν
809 2286 966 2356 λόγον
988 2288 1055 2353 ⁵⁸,
1076 2289 1346 2359 Ζακχαῖος
1372 2283 1476 2359 ⁴ἧκε
1498 2289 1692 2358 λέγων·

92 2377 228 2449 Ἤδη
266 2376 493 2443 λοιπὸν,
528 2372 575 2433 ὧ
604 2379 799 2451 Πέτρε,
828 2380 1033 2451 ξκαιρὸς
1061 2379 1199 2452 πρὸς
1225 2380 1289 2433 τὸ
1315 2380 1553 2434 ἐκϐάντα
1581 2381 1695 2434 δια-

87 2469 353 2541 λεχθῆναί
384 2487 471 2524 σε.
504 2470 684 2534 Πολὺς
711 2470 821 2543 γάρ
843 2471 938 2524 ἐπὶ
970 2472 1071 2543 τῆς
1094 2472 1264 2544 αὐλῆς
1290 2474 1697 2547 συναθροισθεὶς

86 2564 361 2635 ἀναμένει
403 2581 467 2617 σε
508 2564 687 2635 ὄχλος,
733 2559 796 2619 οῦ
834 2565 893 2617 ὲν
938 2563 1090 2636 μέσῳ
1122 2566 1199 2630 ὡς
1224 2567 1570 2639 πολέμαρχος
1603 2570 1695 2622 ὑπ’

85 2655 256 2711 αὑτοῦ
287 2657 770 2729 δορυφορούμενος
801 2657 1005 2728 ἔστηκε
1049 2657 1256 2729 Σίμων.
1303 2660 1361 2716 '0
1406 2661 1465 2714 δὲ
1490 2662 1697 2735 Πέτρος

85 2750 358 2813 ἀκούσας,
390 2750 557 2821 εὐχῆς
578 2750 742 2821 χάριν
784 2751 1090 2823 ὑποχωρεῖν
1112 2752 1161 2784 ⁸⁸
1200 2770 1291 2823 μοι
1327 2754 1591 2820 κελεύσας
1620 2757 1697 2819 ὡς

90 2844 255 2913 μήτηρ
284 2842 546 2913 εἰληφότι
576 2842 638 2895 τὸ
664 2841 800 2914 πρὸς
823 2844 1100 2915 σωτηρίαν
1125 2843 1430 2918 βάπτισμα,
1455 2849 1568 2912 τοῖς
1591 2848 1693 2920 ήδη

86 2934 321 2997 τελείοις
352 2933 482 3005 ἔφη*
531 2935 878 3006 Ἐγερθέντες
905 2936 1213 3009 εὑξὼμεθα,
1252 2939 1340 2992 ἵνα
1365 2941 1394 2994 ό
1421 2940 1553 3005 Θεὸς
1580 2944 1696 3005 τοῖς

86 3025 478 3089 ἀνεκλείπτοις
499 3026 666 3080 αὑτοῦ
687 3028 991 3100 οίκτιρμοῖς
1011 3031 1325 3105 συνεργήσῃ
1344 3049 1435 3102 μοι
1453 3031 1694 3104 ὁρμῶντι

89 3117 232 3187 πρὸς
263 3115 547 3188 σωτηρίαν
564 3134 672 3171 των
696 3118 789 3171 ὑπ’
812 3117 977 3172 αὑτοῦ
1009 3119 1337 3175 κτισθέντων
1365 3120 1689 3193 ἀνθρώπων.

1805 520 2141 575 adulterium
2185 523 2355 589 ducit,
2400 523 2589 592 sicque
2638 524 2817 594 privat
2861 525 3123 594 praeclaro
3161 540 3389 595 sponso,

1803 628 1965 683 quem
2026 614 2263 669 habituri
2308 624 2484 670 erant.
2534 614 2673 669 Nam
2722 616 2950 686 quilibet
2987 616 3154 671 homo
3190 632 3390 687 sponsa

1802 715 1907 769 est,
1950 706 2170 776 quando
2192 707 2302 761 veri
2322 707 2599 777 prophetae
2628 708 2860 763 candido
2875 708 3119 763 veritatis
3140 723 3394 765 sermone

1802 814 2133 869 conspersus
2168 809 2347 854 mente
2382 801 2746 855 illuminatur.

1869 888 2111 946 XXVI“.
2154 891 2494 963 Quapropter
2554 909 2723 948 unum
2759 894 2936 949 solum
2963 894 3205 951 veritatis
3258 910 3390 966 pro-

1800 983 2018 1051 phetam
2053 985 2365 1039 auscultare
2418 994 2656 1055 Oportet,
2690 986 3087 1056 sciendumquc
3119 996 3205 1041 est
3243 987 3389 1057 quod

1801 1074 1870 1127 ab
1895 1075 2003 1129 alio
2030 1076 2335 1132 seminatus
2364 1094 2568 1144 sermo,
2605 1078 2855 1133 adulterii
2888 1089 3108 1150 sumpto
3136 1080 3388 1144 crimine,

1800 1173 2060 1235 tanquam
2089 1183 2119 1222 a
2153 1184 2355 1238 sponso
2385 1185 2415 1224 e
2452 1185 2620 1241 regno
2652 1171 2771 1241 ejus
2799 1170 3040 1240 ejicitur.
3086 1171 3159 1226 lis
3204 1183 3387 1227 autem

1803 1258 1897 1328 qui
1929 1259 2249 1329 mysterium
2280 1271 2680 1330 cognoverunt,
2716 1278 2812 1332 per
2833 1263 3031 1318 animae
3060 1264 3385 1320 adulterium

1800 1359 1854 1405 et
1880 1367 2028 1407 mors
2054 1354 2339 1423 contingit.
2370 1352 2589 1409 Scilicet
2607 1372 2730 1410 cum
2756 1356 2939 1411 anima
2970 1357 3038 1411 ab
3059 1358 3179 1413 aliis
3202 1374 3387 1413 semen

1800 1445 2090 1514 acceperit,
2129 1454 2259 1501 tunc
2290 1448 2439 1502 velut
2470 1447 2734 1503 fornicata
2766 1458 2860 1504 aut
2894 1450 3221 1506 adulterium
3254 1468 3387 1521 ope-

1800 1546 1916 1591 rata
1955 1537 2225 1593 deseritur
2263 1554 2293 1594 a
2327 1540 2521 1609 spiritu
2566 1560 2580 1596 :
2618 1550 2781 1612 atque
2825 1543 2898 1597 ita
2944 1559 3142 1615 corpus
3176 1544 3388 1603 anima-

1800 1639 1938 1699 tum,
1976 1633 2158 1687 ablato
2182 1633 2521 1689 vivilicatore
2553 1634 2772 1705 spiritu,
2805 1634 2859 1688 in
2893 1644 3095 1689 terram
3129 1636 3387 1691 dissolvi-

1801 1733 1910 1789 tur,
1951 1733 2005 1779 et
2035 1725 2240 1794 peccati
2284 1726 2552 1797 condigna
2605 1726 2869 1796 supplicia
2908 1738 3155 1797 tempore
3194 1728 3387 1799 judicii

1800 1817 2178 1871 retribuuntur
2226 1818 2422 1872 anima:
2457 1828 2583 1888 post
2632 1820 3029 1888 separationem
3066 1836 3097 1875 a
3136 1836 3385 1891 corpore.

1799 1910 2271 1978 Quemadmodum
2320 1912 2460 1966 inter
2518 1911 2803 1979 homines,
2841 1927 2962 1982 quae
3015 1912 3069 1965 in
3120 1913 3388 1970 adulterio

1797 2005 2133 2075 deprehensa
2173 2013 2276 2070 est,
2306 2004 2544 2074 primum
2575 2003 2781 2059 adibus
2823 2002 3059 2074 ejicitur,
3089 2020 3155 2060 ac
3190 2004 3387 2061 deinde

1796 2097 2251 2152 condemnatione
2274 2098 2589 2152 mulctatur.

1871 2190 2063 2251 XXIX.
2124 2195 2375 2266 Cumque
2431 2195 2625 2252 Petrus
2668 2197 2815 2253 hunc
2851 2196 3029 2268 ipsum
3086 2200 3381 2271 mysticum

1796 2303 2103 2343 sermonem
2133 2286 2372 2357 perfecte
2411 2288 2573 2342 nobis
2621 2289 3002 2347 declaraturus
3029 2300 3209 2358 esset,
3248 2290 3385 2349 Zac—

1798 2382 1983 2436 chteus
2006 2382 2154 2435 venit
2180 2381 2424 2451 dixitque
2457 2399 2470 2434 :
2501 2379 2619 2435 Jam
2650 2397 2817 2447 nunc,
2842 2380 3021 2447 Petre,
3054 2394 3271 2455 tempus
3300 2394 3386 2439 est

1798 2482 1857 2529 ut
1893 2489 2058 2530 exeas
2079 2472 2147 2528 ad
2175 2473 2577 2529 disserendum.
2610 2473 2777 2529 Multa
2799 2475 2946 2531 enim
2972 2476 3129 2530 turba
3155 2477 3206 2531 in
3238 2478 3383 2534 atrio

1796 2574 2128 2635 congregata
2180 2565 2426 2634 operitur
2473 2574 2547 2628 te,
2586 2564 2641 2620 in
2687 2566 2846 2637 cujus
2893 2566 3075 2622 medio
3119 2577 3381 2640 tanquam

1798 2654 1925 2709 belli
1961 2654 2071 2709 dux
2098 2654 2168 2709 ab
2202 2655 2393 2709 eadem
2439 2664 2717 2725 protectus
2768 2672 2834 2711 ac
2859 2657 3097 2731 stipatus
3135 2659 3384 2715 constitit

1799 2743 2009 2801 Simon.
2035 2743 2157 2811 Quo
2182 2744 2393 2813 audito,
2417 2743 2614 2801 Petrus
2642 2748 2910 2803 orationis
2940 2750 3113 2820 gratia
3130 2750 3385 2806 secedere

1796 2853 1885 2893 me
1918 2838 2107 2909 jussit,
2148 2846 2211 2892 ut
2261 2839 2357 2908 qui
2390 2837 2634 2894 nondum
2675 2840 3009 2910 accepissem
3055 2842 3249 2899 salutis
3279 2844 3381 2898 ba-

1795 2932 2019 3003 ptisma,
2052 2940 2106 2985 et
2138 2930 2207 2985 ad
2241 2929 2355 3001 jam
2404 2929 2679 3001 baptismo
2710 2932 2982 3001 perfectos
3016 2934 3156 2989 dixit
3187 2954 3200 2990 :
3239 2934 3379 2992 Sur-

1797 3033 1985 3095 gentes
2013 3037 2259 3087 oremus,
2301 3030 2359 3076 ut
2391 3020 2536 3079 Deus
2568 3038 2669 3093 pro
2696 3025 2815 3080 suis
2841 3026 3122 3098 perpetuis
3152 3029 3381 3085 misera~

1719 3103 1762 3162 C
1798 3113 2039 3167 tionibus
2086 3112 2383 3183 opituletur
2433 3114 2591 3182 mibi,
2634 3116 2730 3187 qui
2776 3118 2980 3186 prodeo
3022 3120 3096 3175 ob
3142 3122 3376 3178 salutem

90 3208 205 3260 Καὶ
231 3207 368 3260 τοῦτ
384 3208 397 3223 '
427 3208 470 3239 "
494 3208 667 3262 είπὼν
693 3208 1011 3280 εὐξάμενος,
1035 3211 1183 3283 ἐξῄει
1205 3213 1287 3275 είς
1315 3212 1406 3266 τὸν
1429 3212 1689 3287 ὕπαιθρον

1800 3204 2081 3258 hominum
2110 3219 2248 3274 quos
2273 3206 2500 3260 creavit.
2532 3205 2713 3279 thue
2740 3209 2856 3265 Ι]ωο
2884 3211 3100 3268 locutus
3122 3224 3227 3279 est,
3253 3230 3381 3271 ora--

90 3299 195 3369 τῆς
230 3299 408 3370 αὐλῆς
469 3300 636 3354 τόπον
691 3302 864 3371 μέγαν
910 3302 1041 3356 ὄντα
1063 3344 1078 3369 ,
1114 3303 1242 3358 ἔνθα
1274 3305 1689 3376 συνεληλυθότες

1800 3298 1945 3353 tione
1997 3297 2179 3366 facta,
2232 3300 2365 3355 exiit
2420 3302 2475 3355 in
2535 3302 2660 3356 atrii
2719 3303 2900 3359 locum
2963 3307 3267 3364 subdialem
3325 3319 3381 3365 et

91 3386 236 3461 ἦσαν
262 3392 455 3445 πολλοὶ
479 3392 572 3445 τοῦ
598 3393 932 3448 ἐποπτεῦσαι
962 3395 1142 3469 χάριν,
1172 3397 1269 3466 τῆς
1300 3396 1625 3471 διακρίσεως
1647 3401 1689 3432 ⁸¹

1800 3405 2074 3461 magnum,
2121 3407 2232 3462 quo
2275 3392 2433 3447 multi
2472 3405 2843 3451 convenerant
2872 3398 3151 3467 spectandi
3182 3416 3374 3467 causa;

93 3482 265 3535 αὑτοῦ
291 3484 391 3536 ἐπὶ
433 3484 495 3537 τὸ
541 3485 795 3540 σπεύδειν
846 3486 941 3541 τοῦ
987 3488 1207 3542 ἀκούειν
1242 3491 1693 3566 στωυδαιοτέρους

94 3576 487 3647 πεποιηκυίας.
724 3630 727 3631 ,

165 3669 343 3725 XXX.
376 3670 516 3734 Στάς
540 3664 657 3735 οῦν,
704 3672 801 3726 καὶ
844 3673 967 3728 ἰδὼν
1005 3672 1145 3746 μετά
1178 3675 1361 3749 πάσης
1392 3678 1438 3710 ⁸³
1461 3679 1691 3751 ἡσυχίας

90 3763 188 3818 τὸν
220 3763 407 3819 πάντα
433 3766 561 3821 λαὸν
590 3768 673 3830 είς
697 3766 859 3821 αὑτὸν
884 3764 1224 3833 ἀτενίζοντα,
1256 3769 1478 3841 Σίμωνα
1509 3771 1568 3825 δὲ
1597 3772 1690 3826 τὸν

91 3855 291 3924 Μάγον
327 3857 407 3921 εἰς
440 3857 605 3927 μέσον
634 3857 844 3910 ἑστῶτα
865 3898 880 3921 ,
925 3857 1021 3910 τοῦ
1050 3857 1229 3927 λέγειν
1257 3858 1458 3930 ἤρξατο
1494 3859 1684 3926 οὕτως’

94 3946 307 4019 Εἰρήνη
339 3950 421 4019 εἴη
455 3950 618 4001 πᾶσιν
644 3949 772 4020 ὑμῖν
808 3952 921 4012 τοῖς
951 3951 1183 4022 ἑτοίμως
1208 3950 1255 3982 ⁸⁸
1292 3951 1473 4022 ἔχουσι
1509 3952 1690 4019 δεξιάς

90 4035 296 4091 διδόναι
324 4037 435 4110 95
459 4041 527 4110 τῇ
556 4038 652 4092 τοῦ
692 4039 829 4092 Θεοῦ
866 4040 1113 4111 ἀληθείᾳ,
1143 4040 1211 4113 ήν
1243 4042 1409 4095 αὑτοῦ
1443 4043 1688 4116 μεγάλην

93 4147 153 4181 τε
188 4131 285 4183 καὶ
311 4129 643 4200 ἀσύγκριτον
664 4132 722 4183 ὲν
748 4131 829 4203 τῷ
850 4130 946 4185 νῦν
976 4132 1169 4205 κόσμῳ
1200 4133 1552 4207 ὑπάρχουσαν
1588 4136 1690 4191 δω-

96 4221 228 4293 ρεάν
248 4222 279 4273 ὁ
308 4222 636 4285 ἀποστείλας
652 4224 820 4293 ἡμᾶς,
842 4223 938 4277 τοῦ
963 4225 1021 4277 ἐν
1043 4224 1285 4297 ὑπεροχῇ
1316 4228 1689 4300 συμφέροντος

92 4313 337 4384 ἀψευδὴς
362 4313 627 4385 ὑπάρχων
654 4315 955 4387 προφήτης,
983 4315 1188 4387 ταύτην
1224 4319 1356 4391 ἡμῖν
1386 4320 1689 4375 ἐνετείλατο

91 4404 371 4477 προφάσει
440 4405 812 4476 προσηγορίας
864 4407 972 4478 πρὸ
1020 4406 1132 4461 τῶν
1193 4410 1292 4481 τῆς
1340 4409 1685 4476 διδασκαλίας

1792 3498 1918 3538 nam
1949 3484 2070 3554 ejus
2099 3485 2404 3554 disputatio
2432 3485 2678 3555 fecerat,
2722 3500 2782 3546 ut
2819 3490 3194 3562 diligentiores
3224 3494 3377 3551 festi-

1790 3584 1989 3630 narent
2017 3575 2083 3630 ad
2109 3576 2468 3632 audiendum.

1860 3686 2032 3743 XXX.
2066 3687 2230 3745 Stans
2260 3706 2412 3762 ergo,
2455 3708 2797 3765 cernensque
2839 3695 3157 3751 universum
3201 3712 3378 3769 p0puo

1791 3779 1903 3835 lum
1941 3782 2200 3836 universo
2242 3799 2366 3839 cum
2415 3786 2632 3842 silentio
2670 3788 2861 3843 oculos
2900 3788 2953 3843 in
2986 3789 3164 3858 ipsum
3193 3791 3365 3861 conji-

1788 3888 1933 3940 cere,
1965 3888 2030 3929 ac
2062 3873 2341 3931 Simonem
2379 3877 2597 3950 Magum
2634 3880 2687 3934 in
2715 3881 2895 3936 medio
2922 3891 3102 3948 stare,
3141 3883 3288 3938 hunc
3318 3886 3371 3938 in

1789 3965 2013 4020 modum
2048 3966 2203 4037 loqui
2246 3970 2413 4039 coepit
2448 3986 2462 4022 :
2498 3970 2611 4025 Pax
2652 3972 2722 4026 sit
2752 3973 3013 4029 omnibus
3055 3974 3236 4040 vobis,
3275 3977 3369 4045 qui

1787 4058 1962 4126 parati
1991 4060 2126 4115 estis
2154 4060 2409 4116 dexteras
2440 4062 2575 4118 dare
2606 4063 2829 4118 veritati
2871 4064 2990 4131 Dei,
3031 4081 3221 4136 quam.
3252 4082 3373 4121 ma-

1788 4167 1960 4221 gnum
1989 4168 2185 4222 nempe
2214 4168 2279 4208 ac
2310 4154 2740 4226 incomparabile
2771 4156 2891 4226 ejus
2913 4173 3114 4213 munus
3164 4158 3216 4213 in
3268 4159 3373 4215 hoc

1787 4245 2015 4311 mundo,
2045 4254 2105 4299 ut
2129 4246 2479 4303 salutationis
2517 4263 2685 4305 causa
2724 4250 2881 4305 vobis
2922 4260 3049 4305 ante
3086 4266 3373 4307 sermones

1786 4335 2049 4390 doctrinae
2072 4336 2463 4405 acclamemus,
2494 4340 2750 4409 praecepit
2774 4340 2935 4397 nobis
2963 4341 3057 4411 qui
3089 4341 3239 4397 misit
3264 4358 3367 4398 nos

1788 4442 1953 4483 verus
1997 4428 2319 4485 excellentis
2362 4430 2492 4485 boni
2548 4431 2850 4502 propheta;
2908 4448 3021 4503 quo
3069 4433 3116 4489 si
3166 4434 3371 4504 aliquis

92 4498 272 4565 λόγων
312 4496 444 4566 ὑμῖν
497 4497 945 4566 ἐπιφθέγγεσθαι,
993 4500 1102 4564 ἵνα,
1128 4499 1224 4554 ὲάν
1330 4519 1416 4566 τις
1451 4504 1510 4557 έν
1553 4503 1683 4575 ὑμῖν

1938 4482 1941 4483 ν
2012 4482 2017 4483 ,
2182 4482 2211 4483 η
2248 4482 2306 4485 η-
2363 4482 2492 4485 _-_-_
2548 4482 2850 4502 ,πήρη
2912 4482 3015 4503 τ--
3069 4482 3116 4489 --
3167 4482 3365 4504 _--,_--

1800 4522 1932 4574 inter
1957 4536 2057 4576 vos
2092 4523 2164 4577 sit
2214 4522 2361 4578 ﬁlius
2405 4524 2576 4593 pacis,
2626 4539 2725 4595 per
2770 4524 3076 4581 doctrinam
3122 4535 3368 4581 nostram

92 4591 321 4661 εἰρήνης
353 4589 565 4655 τέκνον,
587 4590 675 4644 διὰ
693 4591 794 4661 τῆς
830 4592 1180 4657 διδασκαλίας
1208 4596 1241 4665 ή
1252 4594 1367 4666 μῶν
1398 4596 1683 4670 καταλάϐῃ

94 4677 259 4730 αὑτὸν
306 4679 342 4749 ή
378 4678 601 4749 εἰρήνη,
647 4680 698 4732 εί
728 4680 789 4733 δὲ
833 4681 1037 4754 ταύτην
1081 4682 1266 4737 λαϐεῖν
1295 4684 1450 4757 ὑμῶν
1472 4704 1555 4750 τις
1606 4689 1682 4760 μὴ

93 4770 261 4833 θέλοι,
292 4770 417 4823 τότε
440 4773 601 4841 ἡμεῖς
622 4774 1079 4845 ἀποτιναξάμενοι
1116 4778 1196 4840 είς
1238 4779 1545 4851 μαρτυρίαν
1571 4781 1681 4835 τῶν

95 4862 275 4914 ποδῶν
306 4861 462 4932 ήμῶν
483 4862 573 4915 τὸν
602 4864 668 4917 ἐκ
696 4864 808 4918 τῶν
847 4867 981 4920 ὁδῶν
1020 4870 1316 4940 κονιορτὸν,
1353 4872 1412 4925 ὃν
1442 4872 1530 4926 διά
1557 4874 1687 4938 τοὺς

91 4951 380 5022 καμάτους
410 4952 774 5021 βαστάξαντες
800 4956 846 4991 ⁸⁸
866 4958 1177 5029 ἠνέγκαμεν
1206 4961 1343 5032 πρὸς
1364 4962 1509 5033 ὑμᾶς
1536 4964 1686 5030 ὅπως

96 5044 333 5115 σωθῆτε,
368 5044 451 5107 είς
476 5045 678 5117 ἑτέρων
716 5047 967 5119 ἀπίωμεν
996 5049 1171 5114 οἰκίας
1189 5052 1280 5105 καὶ
1310 5053 1511 5117 πόλεις.

166 5192 193 5220 ι
223 5177 420 5234 Matth.
449 5197 508 5251 x,
539 5180 820 5249 l‘Z;Marc.
843 5200 919 5250 vt,
955 5184 1046 5256 ll;
1071 5184 1208 5242 Luc.
1233 5204 1288 5255 x,
1322 5188 1378 5245 5.

1792 4628 1895 4682 pax
1929 4627 2056 4669 eum
2088 4614 2507 4685 complectatur;
2533 4616 2579 4670 si
2617 4616 2742 4687 quis
2765 4626 2947 4672 autem
2978 4627 3217 4674 vestrum
3242 4634 3366 4673 eam

1787 4704 2034 4775 accipere
2059 4706 2215 4772 nolit,
2264 4715 2396 4763 tunc
2440 4721 2576 4773 nos,
2609 4722 2843 4764 excusso
2894 4709 2949 4764 in
2992 4710 3367 4765 testimonium

1790 4796 2011 4866 pulvere
2039 4798 2235 4867 pedum
2262 4807 2603 4864 nostrorum,
2649 4814 2813 4868 quem
2846 4799 3132 4856 collectum
3176 4816 3244 4856 ex
3278 4802 3366 4856 iti-

1788 4902 1982 4941 uerum
2011 4887 2291 4943 laboribus
2322 4887 2519 4943 salutis
2558 4896 2756 4944 vestra:
2784 4904 2916 4959 ergo
2949 4891 3265 4957 attulimus,
3296 4893 3366 4946 ad

1786 4977 2018 5033 aliorum
2048 4978 2244 5033 domos
2279 4992 2344 5033 ac
2374 4977 2622 5035 civitates
2660 4980 2924 5037 abeamus
2949 4994 3000 5038 ι.

1370 5320 1610 5378 VARIE
1673 5323 2085 5381 LECTIONES.

160 5470 210 5505 "
239 5470 284 5528 C
356 5471 475 5529 haec
498 5473 695 5537 vertit,

752 5475 911 5559 quasi
944 5477 1537 5559 ’ξεβίΛνοιυθτίιηπᾶς
1596 5484 1644 5535 ὁ.
1706 5481 1765 5559 S_.
1824 5482 2266 5559 Τυηι-όπότῖάν
2316 5486 2473 5559 Ῡιιιε.

92 5543 140 5633 2
283 5541 330 5599 0
355 5558 433 5623 _c.
460 5543 504 5596 D
533 5584 550 5607 ,
580 5541 783 5633 λαϐεῖν’
800 5546 877 5633 (ἶ.⁸
906 5541 1077 5633 “ﬁlii
1102 5546 1321 5633 Onessen
1336 5541 1548 5633 videtur
1570 5555 1838 5633 μοιχείαςΖ

2577 5487 2625 5521 ⁸⁸
2660 5487 2861 5550 ἀληθοῦ
2900 5493 2962 5545 0.
3037 5490 3085 5524 “
3119 5493 3197 5545 Δι’
3226 5492 3254 5546 ὃ
3288 5489 3355 5550 C.

1948 5555 2176 5632 "_61':6*:_’
2204 5558 2271 5611 ἄν
2307 5555 2369 5612 C.
2424 5555 2443 5559 ⁷
2467 5557 2514 5591 ⁸⁸
2536 5558 2602 5632 τά
2622 5561 2703 5624 είς
2721 5555 2791 5632 *0.
2820 5560 3069 5632 cherim
3095 5563 3214 5616 τότε
3253 5566 3355 5627 είς.

93 5616 139 5648 ⁸⁹
167 5614 233 5668 Ci
289 5612 481 5666 τοῦτον
509 5623 635 5669 ante
656 5615 812 5683 λόγον
852 5616 1016 5672 omisi
1056 5632 1107 5671 c.
1139 5616 1205 5672 Ο.
1276 5619 1322 5649 ⁸ο
1344 5612 1697 5743 ὑποβωρῆσσίί
1729 5612 1952 5681 (ὶίῡθίη
1983 5625 2061 5689 ὡς
2094 5626 2263 5707 μήπω
2344 5644 2391 5681 οι
2421 5644 2521 5699 pro
2550 5629 2627 5693 ὡς
2663 5612 3069 5701 μήπω-δῖψῖί
3100 5612 3353 5690 ehi-{GI

93 5684 210 5735 "D
270 5698 463 5738 vocem
486 5683 759 5751 διάκρισις
794 5687 927 5740 verti
985 5687 1101 5741 vult
1140 5704 1237 5751 per
1288 5690 1655 5744 rxceleutiam
1728 5695 1811 5748 vel
1856 5698 2218 5751 eminentiam.
2262 5644 2343 5751 ex
2402 5697 2420 5750 l
2472 5700 2602 5751 Cor.
2664 5714 2740 5751 tv.
2782 5698 2836 5751 7.
2948 5700 2996 5735 ⁸³
3050 5702 3252 5751 πολλῆς
3287 5704 3353 5751 ιι.

268 5698 463 5769 vocem
486 5683 759 5769 διάκρισις
775 5687 927 5769 "verti
985 5687 1101 5741 vult
1140 5704 1237 5756 per
1272 5683 1655 5769 .(wcellélliiém
1719 5695 1811 5769 vel
1842 5683 2239 5769 _eminetitj'ant,_
2262 5713 2292 5751 c

2402 5697 2437 5750 l‘
2472 5700 2602 5753 Cor.
2664 5697 2740 5766 iv;
2782 5698 2836 5756 7.
2948 5700 2996 5735 ⁸³
3050 5702 3252 5768 πολλῆς
3287 5704 3359 5761 L'.

95 5756 139 5784 “
168 5753 409 5816 ἑτοίμοις
433 5753 563 5808 edit.
589 5753 651 5807 Cl
704 5764 756 5809 et
775 5754 814 5808 S
857 5766 1047 5811 contra
1079 5753 1452 5815 auctoritatem
1482 5762 1637 5815 codd.
1716 5764 1760 5795 ⁸⁸
1790 5766 2041 5836 κάμπους
2074 5753 2440 5836 βαστάσαντες
2465 5774 2529 5821 0.
