3868 6212
520 299 619 353 I3!

1393 295 1450 349 S.
1524 293 1920 350 CLEMENTIS
1953 299 1973 347 I
2006 292 2171 348 li0.\I.
2208 292 2409 373 I’ONT.
2448 292 2676 347 OPEIU
2712 291 2936 347 DUBIA.

3674 296 3784 352 I32

592 410 783 467 XXXI.
809 411 887 467 Ac
918 427 1040 465 vere
1083 413 1317 467 dicimus
1364 413 1521 467 vobis
1562 428 1575 463 :
1611 410 1950 465 tolerabilius
1994 411 2099 463 erit

2268 408 2457 460 XXXI.
2508 410 2619 461 Καὶ
2678 407 2892 478 ἀληθῶς
2946 408 3075 478 ὑμῖν
3122 408 3371 479 λέγομεν·
3425 409 3786 483 ἀνεκτότερον

520 502 575 556 in
632 502 721 557 die
768 502 983 573 judicii,
1046 520 1269 558 manere
1327 504 1381 557 in
1438 512 1581 557 terra
1631 501 1998 555 Sodomorum
2048 511 2104 555 et

521 593 887 660 Gomorrhaa,
951 612 1117 665 quam
1162 596 1214 648 in
1260 596 1381 650 loco
1427 594 1857 659 incredulitatis;
1923 593 2103 663 primo

520 686 763 754 quidem,
796 688 924 755 quia
954 688 1098 756 quod
1134 687 1330 741 rationi
1360 688 1649 754 convenit,
1697 701 1766 741 ex
1806 684 1964 739 vobis
1991 700 2101 738 non

522 778 904 843 intellexistis;
934 778 1194 844 secundo,
1237 779 1497 847 quoniam
1542 792 1668 832 cum
1709 776 1777 831 de
1818 776 1977 829 nobis
2007 791 2104 829 au-

517 869 781 934 tliissetis,
819 884 928 922 non
959 870 1182 924 venistis
1227 870 1295 922 ad
1344 884 1480 934 nos;
1523 869 1708 933 tertio,
1756 873 1887 937 quia
1938 869 2102 921 etiam

520 975 645 1013 eum
708 959 1093 1025 venissemus,
1163 959 1324 1014 nobis
1372 976 1479 1012 non
1540 959 1867 1013 credidistis.
1922 958 2104 1024 Quare

523 1051 897 1121 gratiﬁcantes
941 1052 1097 1105 vobis
1139 1051 1307 1115 ultro,
1358 1067 1602 1114 oramus,
1651 1061 1709 1105 ut
1754 1066 1859 1120 pax
1916 1058 2105 1104 nostra

523 1141 706 1195 veniat
736 1156 900 1209 super
928 1156 1057 1195 vos.
1103 1139 1159 1194 Si
1190 1157 1318 1210 ergo
1346 1155 1464 1194 eam
1497 1141 1697 1195 habere
1722 1141 1906 1205 vultis,
1942 1155 2106 1210 opor-

524 1240 601 1285 tet
646 1248 743 1284 vos
796 1232 967 1286 alacri
1014 1233 1200 1287 animo
1248 1231 1548 1301 suscipere,
1594 1240 1656 1285 ut
1706 1231 1965 1301 iniuriam
1996 1245 2105 1285 non

526 1321 740 1377 faciatis
768 1332 821 1377 et
852 1325 1009 1378 vobis
1060 1323 1256 1378 factam
1302 1323 1492 1378 feratis
1536 1323 1748 1378 fortiter
1779 1341 1791 1375 :
1820 1322 1964 1393 quod
2007 1322 2108 1375 ho-

527 1416 694 1470 minis
722 1425 918 1470 natura
960 1431 1068 1470 non
1121 1416 1435 1480 sustinebit,
1478 1416 1582 1469 nisi
1629 1416 1780 1485 prius
1817 1416 2108 1470 eminentis

526 1508 656 1560 boni
692 1508 965 1578 acceperit
995 1507 1246 1561 notitiam
1270 1548 1284 1573 ,
1321 1506 1372 1560 id
1416 1515 1596 1560 autem
1628 1515 1742 1572 est,
1775 1520 2107 1577 cognoscere

520 1600 727 1668 justam
762 1599 880 1669 ejus
927 1599 1020 1668 qui
1054 1607 1251 1653 cuncta
1303 1606 1597 1667 exsuperat
1642 1606 1894 1653 naturam
1918 1639 1934 1663 ,
1960 1597 2106 1668 quod

528 1690 706 1759 punit,
742 1700 800 1743 ut
829 1689 1031 1758 injuria
1069 1688 1292 1743 allectos
1331 1687 1651 1755 ulciscatur,
1696 1695 1751 1743 et
1789 1687 1912 1757 pios
1936 1687 2105 1742 bene-

529 1780 667 1835 ficiis
695 1781 747 1833 in
782 1780 1172 1849 sempiternum
1200 1778 1382 1833 allicit.

598 1871 815 1926 XXXII.
846 1869 957 1925 Vos
997 1870 1181 1940 igitur,
1231 1879 1292 1923 ut
1334 1878 1519 1938 gratos
1568 1867 1658 1923 Dei
1699 1883 1887 1924 servos
1931 1869 2104 1933 decet,

526 1978 595 2016 ex
625 1961 780 2014 vobis
812 1960 957 2030 quod
988 1960 1187 2015 rationi
1219 1970 1648 2015 consentaneum
1676 1968 1761 2014 est
1790 1960 2100 2031 intelligen-

532 2060 634 2116 tes,
683 2050 851 2104 vitam
913 2050 964 2104 ei
1035 2050 1339 2119 placentem
1395 2049 1826 2119 amplectimini,
1885 2060 1947 2104 ut
2005 2050 2105 2117 sic,

532 2151 785 2196 amantes
812 2157 936 2196 cum
967 2150 1020 2195 et
1044 2141 1113 2195 ab
1139 2156 1205 2195 co
1234 2142 1423 2206 amati,
1459 2140 1604 2211 quod
1632 2141 1836 2195 bonum
1874 2150 1957 2195 est
1980 2156 2110 2211 pos-

530 2234 755 2288 sideatis
809 2242 1088 2303 perpetuo.
1142 2230 1277 2287 Illud
1327 2233 1471 2287 enim
1525 2233 1640 2302 ipse
1695 2233 1848 2286 solus
1874 2232 2111 2286 maxime

529 2334 713 2396 potest
739 2335 1020 2395 praastare,
1040 2325 1134 2395 qui
1164 2339 1271 2379 non
1302 2325 1624 2380 exsistentia
1643 2324 1709 2379 ad
1730 2324 2109 2379 exsistentiam

530 2414 796 2481 adduxit,
845 2415 1043 2469 etelum
1102 2416 1565 2480 creavit,terram
1614 2415 1905 2485 compegit,
1959 2429 2111 2469 mare

530 2505 826 2571 conclusit,
851 2520 973 2574 qua:
1003 2506 1056 2558 in
1083 2504 1273 2560 inferis
1303 2513 1431 2561 sunt
1452 2504 1780 2573 recondidit,
1804 2513 2110 2575 cunctaque

533 2596 762 2665 replevit
789 2611 933 2651 aere.

602 2685 838 2741 XXXIII.
868 2686 967 2740 Hic
1002 2686 1153 2742 solus
1198 2701 1365 2741 unam
1407 2701 1472 2741 ac
1505 2688 1737 2757 primam
1778 2686 2109 2758 simplicem-

532 2795 640 2849 qne
684 2780 1044 2834 substantiam
1089 2780 1514 2848 quadrupliciter
1560 2788 1613 2833 et
1658 2781 1932 2834 contrarie
1971 2795 2107 2835 con-

532 2870 695 2925 vertit
728 2891 740 2923 :
774 2885 838 2925 ac
878 2870 1071 2924 deinde
1112 2870 1474 2925 commisccns
1514 2870 1659 2924 mille
1693 2871 1817 2925 inde
1855 2871 2111 2941 produxit

533 2961 718 3026 mista,
750 2970 879 3030 'quo
928 2961 1233 3015 contrarias
1274 2959 1326 3013 in
1368 2970 1593 3015 naturas
1632 2970 1852 3015 mutatae
1898 2977 1961 3015 ac
1987 2976 2109 3030 per-

534 3052 711 3106 mista:
756 3066 844 3105 res
881 3051 1003 3105 vitae
1044 3052 1376 3121 voluptatem
1420 3066 1515 3120 per
1556 3052 1952 3121 oppositionem
1980 3066 2104 3122 pro-

533 3149 812 3195 curarent.
850 3138 972 3210 Ipse
1011 3139 1178 3194 etiam
1226 3138 1376 3194 solus
1408 3138 1639 3209 populos
1683 3140 1999 3210 angelorum
2051 3146 2106 3193 et

534 3233 825 3303 spirituum
852 3240 985 3285 nutu
1017 3230 1311 3285 voluntatis
1342 3230 1617 3297 condidit,
1638 3230 1815 3300 iisque
1859 3231 2103 3300 implevit

534 3323 705 3377 cwlos
736 3340 751 3375 :
783 3322 924 3376 sicut
955 3329 1009 3373 et
1044 3320 1190 3390 quod
1232 3319 1481 3375 videmus
1525 3320 1928 3375 firmamentum
1976 3339 2107 3377 con-

534 3410 814 3465 decoravit
840 3409 1032 3475 stellis,
1053 3410 1255 3478 quibus
1273 3408 1496 3464 semitas
1512 3409 1756 3463 delinivit
1776 3426 2108 3483 cursumque

534 3501 813 3557 ordinavit
844 3509 1116 3565 :terram,
1153 3509 1375 3569 propter
1420 3499 1636 3570 frugum
1690 3500 2106 3572 incrementum,

536 3591 842 3662 compegit:
871 3605 1021 3644 mare
1063 3599 1246 3645 autem
1275 3589 1580 3655 conclusit,
1631 3590 2017 3647 habitationem
2052 3594 2106 3648 in

536 3684 701 3740 siccis
751 3682 888 3737 locis
938 3682 1324 3736 secernendo:
1358 3696 1481 3750 qua:
1532 3683 1672 3751 apud
1727 3682 1933 3741 inferos
1980 3695 2108 3742 sunt

536 3774 871 3837 recondidit,
917 3774 1224 3827 animarum
1272 3773 1455 3827 locum
1500 3789 1851 3844 nuncupans;
1911 3786 2108 3833 cuncta

536 3883 666 3922 vero
698 3865 922 3935 replevit
949 3880 1098 3931 aere,
1125 3873 1186 3919 ut
1206 3865 1390 3919 omnia
1413 3864 1670 3920 animalia
1693 3868 2107 3937 respirationem

536 3958 662 4014 vita:
685 3956 1051 4012 necessariam
1082 3956 1348 4011 haberent
1375 3948 1622 4011 liberam.

606 4066 848 4122 XXXIV.
878 4064 923 4123 0
969 4080 1223 4136 magnam
1274 4064 1370 4119 Dei
1398 4079 1463 4120 ac
1508 4066 1826 4134 prudentem
1862 4082 2105 4135 manum,

538 4160 593 4215 in
630 4160 888 4215 omnibus
918 4158 1104 4214 omnia
1136 4156 1458 4212 facientem!
1493 4155 1711 4212 InIInita
1736 4157 1937 4229 quippe
1967 4162 2110 4216 vola-

426 4258 431 4259 ’
538 4252 715 4306 tilium
742 4249 1033 4305 multitudo
1064 4264 1160 4319 per
1201 4263 1327 4302 eum
1375 4249 1604 4316 exstitit,
1654 4248 1898 4320 adeoque
1934 4252 2106 4319 varia,

538 4352 790 4413 respectu
816 4341 1039 4397 alterius
1064 4340 1288 4394 omnino
1320 4339 1555 4404 diversa,
1582 4340 1705 4395 dico
1733 4350 1915 4396 autem
1951 4344 2101 4398 colo-

2202 501 2357 553 ἔσται
2379 503 2451 571 γῇ
2473 500 2519 531 ⁸⁸
2537 499 2782 571 Σοδόμων
2801 502 2893 553 καὶ
2922 502 3203 573 Γομόρρας
3232 504 3290 555 ἐν
3316 502 3497 574 ἡμέρᾳ.
3522 494 3786 575 κρίσεως,

2203 592 2236 664 ἢ
2270 592 2349 663 τῷ
2375 594 2474 663 τῆς
2504 592 2785 655 ἀπειθείας
2815 593 2963 664 τόπῳ
3007 595 3345 648 ἐνδιατελεῖν·
3397 598 3611 667 πρῶτον
3656 599 3785 668 μὲν,

2203 684 2284 736 ὅτι
2307 684 2366 735 τὸ
2394 682 2610 751 εὑλογον
2631 684 2723 753 ἀφ’
2752 684 2958 737 ἑαυτῶν
2973 684 3080 757 (66)
3093 687 3191 739 οὑκ
3211 687 3484 759 ἐνοήσατε·
3505 688 3788 761 δεύτερον,

2203 775 2305 839 δτι,
2337 774 2665 839 ἀκούσαντες
2688 775 2755 829 τὰ
2779 776 2899 829 καθ’
2925 778 3073 847 ἡμᾶς
3108 778 3209 830 οὑκ
3244 777 3435 848 ἦλθετε
3453 778 3588 850 πρὸς
3609 782 3785 852 ἡμᾶς·

2202 866 2403 938 τρίτον,
2428 868 2507 919 ὅτι
2536 868 2628 921 καὶ
2643 866 2884 920 ἐλθοῦσιν
2907 868 3037 939 ἡμῖν
3073 870 3428 940 ἠπειθήσατε.
3462 869 3552 945 Διρ
3579 872 3625 903 ⁸⁷
3664 890 3792 940 φει·

2202 958 2415 1029 δόμενοι
2462 958 2617 1029 ὑμῶν
2652 962 2851 1029 προῖκα
2878 960 3147 1030 εὐχόμεθα
3182 961 3226 991 ⁸⁸
3248 962 3345 1032 τὴν
3374 963 3596 1033 εἰρήνην
3624 964 3792 1033 ήμῶν

2204 1050 2375 1103 ἐλθεῖν
2428 1050 2513 1120 ἐφ’
2555 1052 2715 1121 ὑμᾶς.
2758 1053 2820 1104 El
2878 1047 2970 1104 οῦν
3019 1051 3220 1123 ταύτην
3266 1052 3408 1123 ἔχειν
3451 1052 3661 1117 θέλετε,
3702 1054 3793 1106 δεῖ

2205 1143 2347 1212 ὑμᾶς
2375 1142 2668 1213 προθύμως
2695 1142 2756 1196 τὸ
2793 1144 2866 1215 μὴ
2897 1142 3100 1197 ἀδικεῖν
3148 1143 3535 1209 ἀναδέξασθαι,
3581 1146 3677 1198 καὶ
3723 1146 3791 1197 τὸ

2204 1232 2502 1286 ἀδικεῖσθαι
2557 1235 2818 1302 γενναίως
2860 1235 3065 1306 φέρειν,
3117 1235 3251 1307 ὅπερ
3291 1235 3576 1307 ἀνθρώπου
3623 1238 3790 1305 φύσις

2203 1327 2304 1379 οὑκ
2347 1325 2413 1379 ἂν
2434 1328 2697 1397 ὑποσταίη
2728 1328 2791 1391 ⁶⁹,
2815 1326 2908 1379 ἐάν
2942 1328 3015 1398 μή
3046 1326 3306 1399 πρότερον
3332 1328 3426 1381 τοῦ
3458 1330 3516 1381 ἐν
3538 1330 3787 1400 ὑπεροχῇ

2206 1417 2573 1487 συμφέροντος
2590 1418 2687 1487 τὴν
2716 1417 2914 1484 γνῶσιν
2944 1416 3102 1488 λάϐῃ,
3134 1418 3269 1490 ὅπερ
3308 1419 3455 1471 ἐστὶν
3482 1419 3544 1471 τὸ
3582 1420 3790 1471 εἰδέναι

2204 1508 2298 1560 τοῦ
2334 1509 2509 1562 πάντα
2542 1509 2901 1579 ὑπερέχοντος
2931 1510 3030 1580 τὴν
3075 1510 3289 1563 δικαίαν
3326 1511 3506 1579 φύσιν,
3547 1512 3630 1564 ὅτι
3669 1512 3791 1565 ἀδι-

2206 1599 2499 1669 κουμένους
2522 1600 2750 1653 ἐκδικῶν
2788 1600 2834 1631 "°
2861 1601 3110 1672 τιμωρεῖ,
3152 1598 3243 1653 καὶ
3276 1601 3400 1663 τοὺς
3427 1600 3790 1664 εὑσεῦοῦντας

2207 1690 2286 1753 είς
2312 1690 2399 1743 ἀεὶ
2432 1690 2727 1763 εὐεργετεῖ.

2275 1863 2384 1934 95
2411 1862 2630 1916 XXXII.
2677 1862 2867 1933 Ὑμεῖς
2892 1857 2983 1917 οῦν
3012 1863 3088 1927 ὼς
3117 1862 3253 1917 Θεοῦ
3296 1863 3473 1918 δοῦλοι
3500 1863 3789 1935 εὐγνώμο-

2206 1973 2316 2019 νες,
2361 1956 2453 2025 ἀφ’
2478 1954 2684 2008 ἑαυτῶν
2717 1954 2778 2007 τὸ
2804 1953 3021 2022 εὑλογον
3049 1955 3313 2019 νοοῦντες,
3351 1956 3449 2027 τὴν
3478 1956 3630 2026 αὑτῷ
3656 1957 3790 2028 ἀρέ-

2210 2063 2444 2099 σκουσαν
2487 2046 2811 2112 ἀναδέξασθε
2844 2047 3139 2111 πολιτείαν,
3171 2047 3256 2100 ἵνα
3277 2046 3449 2110 οὑτως
3490 2047 3654 2102 αὑτὸν
3696 2067 3789 2117 φι-

2208 2137 2425 2200 λοῦντες
2450 2138 2543 2189 καὶ
2577 2137 2885 2209 φιλούμενοι
2913 2139 3002 2190 ὑπ’
3033 2138 3198 2191 αὑτοῦ
3219 2140 3297 2201 εἰς
3315 2138 3479 2191 ἀεὶτὸ
3508 2141 3791 2211 συμφέρον

2208 2228 2380 2298 ἔχοιτε
2410 2230 2477 2280 ⁷⁸.
2510 2228 2669 2298 Αὑτῷ
2696 2228 2805 2300 γάρ
2828 2229 2972 2299 μόνῳ
2998 2229 3058 2281 τὸ
3086 2232 3385 2300 παρασχεῖν
3414 2230 3791 2284 δυνατώτατον

2208 2322 2375 2383 ἐστιν,
2435 2319 2512 2389 τῷ
2554 2320 2622 2372 τὰ
2672 2320 2745 2390 μὴ
2796 2321 2925 2374 ὄντα
2962 2322 3041 2383 είς
3072 2320 3133 2373 τὸ
3177 2317 3313 2374 εἶναι
3366 2324 3788 2394 συστησαμένῳ,

2208 2410 2435 2481 οὐρανὸν
2478 2410 2958 2481 δημιουργήσαντι,
3002 2411 3105 2481 γῆν
3146 2409 3462 2476 πιλὼσαντι,
3510 2412 3790 2467 θάλασσαν

2210 2500 2603 2573 περιορίσαντι,
2631 2500 2698 2553 τά
2723 2502 2781 2553 ἐν
2820 2500 2923 2575 ᾅδῃ
2965 2501 3319 2572 ταμιεύσαντι
3360 2502 3456 2557 καὶ
3491 2502 3563 2556 τὰ
3603 2505 3791 2559 πάντα

2208 2594 2367 2665 ἀέρος
2399 2593 2444 2625 τ’
2479 2591 2845 2663 πληρώσαντι.

2278 2681 2513 2736 XXXIII.
2545 2678 2714 2745 Οὗτος
2746 2682 2903 2754 μόνος
2944 2684 3043 2755 τὴν
3078 2684 3205 2756 μίαν
3236 2686 3331 2739 καὶ
3358 2687 3582 2759 πρώτην
3603 2688 3655 2720 ⁷⁸
3691 2706 3794 2759 μο-

2209 2774 2385 2844 νοειδῆ
2412 2772 2599 2827 οὑσίαν
2633 2774 2908 2845 τετραχῶς
2942 2776 3035 2827 καὶ
3071 2776 3324 2839 ἐναντίως
3360 2776 3604 2848 ἔτρεψεν·
3668 2776 3791 2833 εἶτα

2210 2865 2371 2936 μίξας
2394 2865 2618 2937 κράσεις
2650 2865 2709 2931 ἐξ
2736 2865 2913 2919 αὑτῶν
2942 2867 3216 2939 ἐποίησεν,
3246 2870 3331 2921 ἵνα
3361 2871 3441 2932 εἰς
3468 2871 3723 2936 ἐναντίας
3741 2873 3792 2905 ’⁸

2209 2957 2398 3027 φύσεις
2434 2956 2800 3027 τετραμμέναι
2836 2957 2932 3011 καὶ
2972 2959 3301 3029 μεμιγμέναι
3336 2960 3429 3012 τοῦ
3461 2960 3558 3032 ζῇν
3589 2962 3791 3035 ἡδονὴν

2208 3049 2274 3103 ἐκ
2315 3048 2415 3119 τῆς
2463 3048 2847 3117 άντισυζυγίςς
2895 3050 3255 3121 ἐργάσωνται.
3321 3052 3499 3123 Ὀμῶς
3546 3054 3591 3084 ⁷⁸
3619 3056 3792 3120 αὑτὸς

2209 3140 2368 3213 μόνος
2392 3140 2453 3209 δή
2463 3157 2594 3210 μους
2612 3140 2857 3209 ἀγγέλων
2878 3142 2972 3193 καὶ
2995 3142 3318 3213 πνευμάτων
3339 3143 3532 3216 βουλῆς
3551 3146 3789 3217 νεύματι

2204 3232 2643 3303 δημιουργήσας,
2694 3232 2896 3304 ἔπλησε
2948 3234 3076 3297 τοὺς
3128 3235 3413 3306 οὐρανούς·
3454 3237 3530 3300 ὡς
3574 3240 3670 3291 καὶ
3723 3241 3792 3292 τὸ

2208 3323 2527 3393 φαινόμενον
2578 3324 2865 3395 στερέωμα
2910 3325 3133 3397 ἄστροις
3172 3327 3515 3398 ἐκόσμησεν,
3561 3324 3644 3392 οἷς
3691 3336 3794 3385 καὶ

2206 3418 2423 3490 τρίϐους
2453 3416 2619 3488 ὥρισε
2648 3418 2742 3470 καὶ
2776 3415 2973 3488 δρόμον
3002 3416 3216 3483 ἔταξεν·
3251 3419 3353 3489 γῆν
3388 3418 3655 3472 ἐπίλωσεν
3702 3423 3793 3485 είς

2207 3510 2436 3583 καρπῶν
2467 3509 2719 3581 αὔξησιν·
2751 3510 3024 3563 θάλασσαν
3055 3510 3112 3563 δὲ
3156 3510 3502 3582 περιώρισεν,
3549 3514 3607 3565 ἐν
3647 3514 3790 3568 ἀνύ-

2205 3601 2353 3674 δροις
2390 3602 2600 3673 οἴκησιν
2628 3600 2919 3673 ἀφορίσας·
2960 3601 3029 3654 τὰ
3058 3603 3114 3653 ἐν
3155 3601 3257 3675 ᾄδῃ
3298 3604 3564 3674 ταμιεύει,
3590 3604 3792 3677 ψυχῶν

2207 3694 2382 3766 χῶρον
2421 3694 2722 3766 ὀνομάσας·
2767 3692 2835 3747 τὰ
2874 3693 2932 3746 δέ
2975 3693 3151 3745 πάντα
3190 3694 3423 3764 ἔπλησεν
3466 3696 3647 3767 ἀέρος,
3694 3698 3791 3751 ῖνα

2208 3787 2385 3841 πάντα
2410 3786 2478 3840 τὰ
2516 3785 2629 3851 ζῶα
2663 3784 2800 3857 πρὸς
2825 3784 2887 3838 τὸ
2921 3783 3021 3856 ζῇν
3048 3784 3217 3850 ἀδεῶς
3246 3786 3532 3841 ἀναπνέειν
3578 3788 3693 3859 ἔχοι
3709 3789 3786 3843 ⁷⁸.

2277 4043 2518 4101 XXXIV.
2574 4044 2639 4097 Ὦ
2679 4044 2777 4114 τῆς
2829 4042 3069 4115 μεγάλης
3115 4040 3250 4096 Θεοῦ
3294 4042 3556 4114 φρονίμου
3575 4042 3823 4116 χειρδς⁹ι

2207 4140 2305 4212 τῆς
2333 4141 2391 4192 ἐν
2420 4139 2552 4191 πᾶσι
2584 4136 2761 4189 πάντα
2786 4134 2899 4206 96
2931 4134 3221 4205 ποιούσηςὶ
3263 4132 3454 4205 μυρίος
3488 4133 3596 4206 γὰρ
3624 4134 3787 4205 ὄχλος

2208 4230 2428 4301 πτηνῶν
2465 4230 2556 4282 ὑπ’
2594 4226 2759 4280 αὑτοῦ
2806 4225 3125 4296 γεγένηται,
3177 4226 3271 4277 καὶ
3309 4219 3464 4288 οὗτος
3511 4226 3782 4290 ποικίλος,

2210 4324 2348 4395 πρὸς
2374 4322 2464 4374 τὸν
2496 4321 2680 4390 ἕτερον
2709 4316 2853 4371 κατὰ
2883 4318 2927 4349 ⁷⁷
2968 4316 3147 4369 πάντα
3188 4315 3606 4387 ἐξηλλαγμένος,
3636 4317 3788 4385 λέγω

540 4452 650 4501 res,
708 4444 905 4499 I'OSII‘II,
964 4447 1208 4502 ungues,
1267 4439 1582 4501 aspectum,
1637 4447 1869 4499 sensus,
1914 4449 2098 4502 νοοεε,

2211 4417 2262 4471 δέ
2290 4414 2359 4468 τά
2386 4430 2446 4466 τε
2474 4411 2755 4483 χρώματα,
2809 4408 3017 4479 ῥάμφη,
3050 4408 3265 4502 όνυχας,
3314 4407 3618 4478 βλέμματα,
3640 4409 3790 4477 γνώ-

537 4536 845 4595 caeteraque
886 4524 1091 4578 omnia.
1143 4521 1289 4587 Quot
1333 4531 1512 4576 autem
1560 4521 1725 4576 etiam
1770 4532 1898 4578 sunt
1936 4526 2100 4579 variae

540 4619 847 4689 plantarum
878 4614 1109 4683 species,
1156 4613 1453 4679 coloribus,
1502 4612 1876 4682 qualitatibus,
1912 4613 2101 4669 odori-

2209 4524 2335 4579 μας,
2366 4504 2651 4575 φθέγματα
2682 4502 2774 4554 καὶ
2808 4500 2877 4552 τά
2918 4498 3079 4552 λοιπά
3119 4500 3315 4552 πάντα.
3368 4500 3536 4551 Πόσαι
3582 4499 3642 4551 δὲ
3687 4504 3789 4555 καὶ

2208 4598 2390 4669 φυτῶν
2430 4596 2675 4665 διάφοροι
2727 4592 2889 4655 ἰδέαι,
2943 4590 3198 4661 χρώμασι
3242 4592 3337 4643 καὶ
3385 4590 3632 4661 ποιότησι
3687 4595 3789 4645 καὶ

540 4681 643 4763 bus
670 4681 973 4760 innumeris
1003 4703 1297 4758 distincte!
1334 4701 1478 4768 Quot
1502 4681 1633 4755 vero
1669 4710 1829 4757 terrae
1866 4712 1921 4759 et
1948 4719 2104 4775 aqua:

2211 4691 2393 4760 ὀδμαῖς
2423 4686 2671 4756 ἀπείροις
2702 4684 2749 4769 ’ξ
2778 4682 3161 4753 διωρισμέναιῑ
3199 4682 3346 4734 Πόσα
3367 4681 3423 4734 δὲ
3452 4682 3551 4752 τῆς
3580 4682 3785 4754 χέρσου

538 4799 817 4857 animalia,
870 4809 1100 4865 quorum
1138 4792 1478 4863 impossibile
1520 4800 1605 4847 est
1643 4808 1929 4848 recensere
1965 4795 2104 4865 ﬁgu-

2204 4782 2319 4846 ζῶα
2351 4780 2445 4834 καὶ
2473 4778 2581 4831 τῶν
2622 4777 2681 4829 ἐν
2710 4767 2897 4828 ῦδασιν
2919 4775 2987 4836 ⁷⁸,
3027 4767 3101 4827 ὧν
3139 4774 3400 4827 ἀδύνατον
3428 4774 3602 4826 εἰπεῖν
3645 4777 3785 4845 σχή-

537 4905 650 4954 ras,
676 4886 903 4951 formas,
926 4884 1086 4949 situs,
1117 4882 1349 4947 colores,
1372 4879 1589 4935 vivendi
1615 4879 1877 4946 rationes,
1904 4894 2103 4937 sensus

2211 4892 2371 4947 ματα,
2404 4870 2646 4944 μορφὰς,
2681 4868 2891 4931 θέσεις,
2934 4865 3201 4938 χρώματα
3238 4865 3305 4931 ⁸⁸,
3331 4865 3497 4935 βίους,
3533 4865 3784 4938 γνώμας,

1803 5057 2036 5117 νΑΒΙκΕ
2106 5054 2400 5113 LECTION
2408 5053 2510 5108 ES.

608 5203 653 5235 “
681 5203 746 5271 τῇ
784 5202 845 5271 0.
878 5198 963 5271 __"
996 5198 1115 5271 διξδ
1292 5195 1337 5271 ξε
1359 5194 1434 5271 Ita
1465 5190 1669 5271 0_etS
1728 5206 1779 5271 c_.
1811 5194 2029 5271 Epith.
2196 5186 2582 5271 cultbpeflgg.

2696 5186 2740 5218 "
2781 5183 3049 5254 ὑποσταίη
3103 5181 3148 5237 Ο
3199 5180 3323 5254 ο.ςὸ
3353 5223 3368 5247 ,
3422 5183 3687 5254 ὑποστείῃ
3715 5184 3784 5242 C.

536 5275 584 5307 '°
864 5268 912 5323 0
962 5244 1134 5331 (εί-0⁷,
1156 5244 1434 5334 Eva-tacetve“.
1477 5244 1499 5247 ν
1524 5244 1721 5332 ’ἶίιεε.
1740 5244 2006 5334 Exﬁég's.‘
2018 5244 2377 5334 ξ’ξῖάέριῖᾆδ
2412 5262 2483 5334 ,⁷⁸
2512 5259 2766 5312 Fortasse
2788 5244 3131 5334 scribendum
3548 5252 3595 5283 ⁷⁸
3623 5244 3787 5334 ἐξίαν-

534 5323 674 5406 τίοὶξ
688 5323 763 5394 ὐ.
837 5341 883 5372 ⁷⁸
909 5338 983 5393 Ita
1026 5338 1083 5392 S.
1118 5323 1265 5407 ὅμως
1296 5336 1356 5399 (1,
1395 5333 1459 5407 ς).
1496 5334 1582 5407 ηπ
1607 5323 1861 5407 €x¥1_(s'i‘c_')
1888 5330 1999 5407 0._
2028 5332 2072 5363 "
2094 5330 2156 5407 gl
2206 5323 2349 5407 κατὰ
2380 5330 2499 5407 sine
2525 5344 2690 5384 causa
2715 5344 2780 5382 ac
2807 5326 2969 5380 tacite
2996 5323 3226 5378 mutavit
3246 5324 3300 5377 in
3330 5323 3491 5394 μετά,
3520 5325 3670 5393 quod
3694 5341 3789 5380 re-

535 5400 689 5487 petiit
713 5411 772 5467 s.
855 5400 1230 5480 ⁷⁸ἀπείρωὈ.
1305 5407 1351 5440 η
1392 5404 1581 5460 Scribe
1606 5400 1759 5457 cati;
1787 5400 2028 5455 06:16:.0.
2105 5402 2151 5433 ιο
2186 5401 2467 5472 χρῶμαα.

1821 5558 2185 5630 vamoguu
2220 5556 2455 5615 now.

610 5713 722 5781 (66)
746 5710 984 5781 ιιριῖιτοις

536 5794 587 5840 et
611 5776 815 5839 dierum
846 5797 896 5836 v.
925 5776 1025 5836 291
1059 5786 1113 5834 et
1141 5792 1255 5846 seq.
1282 5776 1420 5833 Cor.

1147 5704 1315 5760 ὅτιτὸ
1337 5705 1591 5774 εὔλογον
1610 5701 1710 5773 ἀφ’
1731 5701 2101 5771 ἐαυτῶν,ειο.
2135 5695 2375 5771 Respicit
2412 5696 2481 5754 ad
2521 5692 2997 5753 decantatissimos
3036 5690 3254 5748 Hesiodi
3278 5706 3482 5745 versus.
3547 5686 3778 5755 0pcer
