3868 6212
135 332 244 387 I33

1244 328 1708 385 CLEMENTINA.
1746 361 1816 372 —
1850 328 2137 386 llOMlLlA
2175 330 2262 387 111.

3306 335 3407 389 131

131 448 351 516 φύσεις,
380 447 565 517 ὃχλοψ
606 447 687 501 ἔτι
721 466 779 501 τε
814 447 983 520 ὀρέων
1032 448 1211 519 πλήθη
1243 450 1337 501 καὶ
1385 447 1517 518 ὕψη,
1566 446 1729 500 λίΟων

1842 464 1899 500 ac
1932 447 2242 513 instinctus,
2269 459 2522 513 naturas,
2565 447 2966 503 multitudinem
3007 491 3017 500 .
3054 461 3235 505 utnec
3263 466 3417 504 mon-

129 541 431 611 διαφορὰς,
494 543 698 612 μυχοὺς
742 541 786 572 ⁸³
840 540 1131 612 φοϐεροὺς,
1182 540 1392 610 πηγὰς,
1431 540 1731 609 ποταμοὺς,

131 632 353 703 λίμνας,
384 632 681 697 θαλάσσας,
708 633 954 704 λιμένας,
984 633 1203 705 νήσους,
1227 632 1378 697 ὕλας,
1407 631 1733 701 οἰκουμένην

130 743 189 777 τε
222 728 407 779 πᾶσαν
437 726 532 779 καὶ
559 727 849 797 ἀοικήτους
878 726 1095 788 τόπους.

203 926 428 981 XXXV.
465 929 614 981 Πόσα
640 928 696 981 δὲ
730 929 822 981 καὶ
850 927 984 983 ἄλλα
1014 928 1265 997 ἄγνωστα
1293 928 1570 998 τυγχάνει,
1608 946 1725 982 στο⁶

128 1020 342 1090 χασμὸν
372 1018 676 1092 ἀνθρώπων
696 1020 1098 1090 ὲκπεφευγόταί
1127 1020 1247 1073 Τῶν
1266 1020 1321 1073 δὲ
1342 1022 1401 1073 ὲν
1430 1020 1732 1091 καταλήψει

128 1111 299 1163 ὄντων
325 1112 413 1175 τίς
443 1111 748 1182 ἀνθρώπων
784 1111 879 1166 ἕνα
913 1113 1037 1185 ὅρον
1082 1109 1260 1167 οἷδενί
1300 1115 1459 1183 Λέγω
1494 1116 1571 1179 δὲ,
1613 1115 1733 1178 πῶς

125 1203 362 1275 οὐρανὸς
385 1204 629 1267 εἱλεῖται,
650 1204 767 1267 πῶς
787 1205 963 1275 ἄστρα
993 1205 1237 1277 φέρεται,
1260 1208 1355 1259 καὶ
1377 1208 1528 1271 τίνας
1548 1207 1731 1278 έχουσι

124 1295 225 1358 τὰς
259 1294 483 1366 μορφὰς
513 1296 610 1349 καὶ
653 1294 746 1349 τοῦ
794 1296 893 1368 ζῇν
938 1290 1037 1369 τὴν
1078 1297 1358 1361 σύστασιν,
1407 1298 1553 1363 τίνες
1592 1317 1651 1352 τε
1680 1301 1729 1353 οί

124 1386 337 1439 τούτων
385 1386 645 1458 ἀερώδεις
690 1388 887 1459 τρίϐοι.
937 1389 1110 1441 Πόθεν
1154 1407 1214 1443 τε
1264 1391 1359 1443 καὶ
1406 1393 1474 1444 τὰ
1514 1391 1730 1462 ἀνέμων

125 1479 423 1550 πνεύματα
453 1480 824 1552 περιωθεὶται,
866 1482 959 1534 καὶ
985 1481 1279 1555 διαφόρους
1304 1483 1417 1553 ἔχει
1454 1483 1553 1548 τάς
1579 1486 1731 1556 ἐνερ-

122 1571 304 1638 γείας.
366 1571 493 1634 Πῶς
521 1572 567 1603 δ’
594 1572 897 1636 ἀνελλιπῶς
953 1574 1211 1645 βρύουσιν
1249 1577 1305 1628 αἱ
1362 1576 1568 1645 πηγαὶ,
1636 1578 1730 1630 καὶ

121 1663 347 1715 ἀὲνναοι
369 1662 417 1694 ⁸³
446 1665 684 1735 ποταμοὶ
721 1666 994 1736 γινόμενοι
1025 1668 1106 1730 είς
1138 1666 1415 1721 θάλασσαν
1445 1669 1728 1722 καταντῶ-

1838 539 1976 592 tium
2016 537 2377 608 frequentiam
2422 550 2475 595 et
2512 540 2850 607 altitudines,
2894 541 3133 609 lapidum
3185 540 3419 594 diversi-

1835 640 1995 693 tates,
2047 644 2202 685 antra
2264 632 2547 696 terribilia,
2597 632 2813 697 fontes,
2866 631 3102 698 fluvios,
3163 633 3416 702 paludes,

1833 723 2029 787 maria,
2054 733 2265 792 portus,
2292 724 2520 791 insulas,
2561 725 2746 790 silvas,
2774 725 3201 793 universumque
3228 724 3417 778 orban

1833 815 2209 882 habitabilem,
2244 832 2353 871 una
2377 832 2502 871 cum
2532 817 2666 871 locis
2692 816 3166 871 inhabitabilibus.

1902 947 2123 1004 XXXV.
2158 949 2374 1016 Quanta
2406 965 2537 1003 vero
2566 959 2620 1004 et
2646 950 2752 1003 alia
2783 950 3126 1020 ignorantur,
3162 948 3417 1002 Immani-

1833 1055 1941 1108 que
1988 1041 2156 1094 animi
2235 1040 2409 1094 aciem
2467 1040 2715 1110 fugiunt!
2793 1038 2997 1093 Eorum
3052 1049 3233 1093 autem
3293 1056 3418 1108 quae

1832 1142 2262 1199 cognoscuntur,
2290 1131 2415 1201 quis
2454 1131 2739 1183 hominum
2775 1131 2855 1183 vel
2893 1146 3060 1183 unam
3111 1129 3259 1183 novit
3287 1130 3418 1183 defi-

1833 1223 2127 1278 ultionem!
2190 1223 2310 1289 Quo
2360 1223 2542 1289 modo,
2591 1222 2836 1292 inquam,
2890 1223 3089 1277 cmlum
3136 1224 3415 1283 volvitur;

1831 1329 1940 1381 quo
1976 1314 2137 1367 modo
2163 1322 2310 1368 astra
2337 1313 2655 1376 decurrunt,
2704 1322 2759 1367 et
2789 1329 2927 1382 quas
2962 1314 3168 1367 habent
3211 1314 3419 1367 formas

1832 1406 2084 1476 undeque
2134 1406 2345 1471 vivunt,
2395 1422 2460 1460 ac
2487 1422 2739 1475 quamam
2769 1421 2956 1461 eorum
2998 1405 3161 1460 aeriae
3189 1407 3415 1482 semitae.

1831 1494 1961 1550 Item
1999 1497 2141 1551 unde
2169 1507 2456 1553 ventorum
2484 1492 2659 1553 ﬂatus'
2689 1499 3086 1563 obtruduntur,
3127 1499 3419 1567 variasque

1832 1587 2034 1641 habent
2058 1589 2222 1644 vires.
2255 1588 2376 1655 Quo
2408 1589 2571 1644 modo
2597 1590 2967 1645 indesinenter
2998 1588 3178 1643 fontes
3204 1598 3421 1644 scatent

1830 1688 1885 1732 et
1911 1679 2063 1733 fluvii
2092 1683 2339 1750 perpetui
2369 1683 2436 1736 ad
2470 1698 2622 1736 mare
2649 1682 3023 1750 descendunt;
3060 1692 3115 1736 et
3149 1697 3248 1737 nec
3275 1682 3419 1736 unde

123 1771 229 1817 σιν,
258 1756 361 1807 καὶ
396 1753 521 1808 οὔτε
551 1755 671 1837 ὅθεν
717 1756 966 1829 ἔρχονται
1006 1759 1287 1813 κενοῦνται
1316 1760 1382 1823 ⁸⁸⁵,
1423 1758 1547 1813 οὔτε
1592 1761 1726 1814 ὅπου

1842 1774 2058 1826 veniunt
2105 1774 2354 1829 vacuitas
2406 1774 2486 1839 fit,
2542 1790 2645 1830 nec
2693 1790 2803 1843 quo
2855 1776 3059 1829 abeunt
3114 1772 3418 1843 plenitudo.

120 1847 467 1917 ἀπέρχονται
515 1847 836 1919 πληροῦσιν.
890 1850 1072 1922 Μέχρι
1123 1850 1230 1903 ποῦ
1276 1851 1372 1903 τοῦ
1419 1852 1730 1922 ἀπεράντου

120 1941 405 2012 ταρτάρου
435 1941 498 1994 τὸ
530 1942 753 2013 ἄπειρον
778 1940 967 2013 βάθος·
993 1943 1085 1996 ἐπὶ
1109 1942 1215 1996 τίνι
1238 1943 1345 2014 ἄρα
1380 1945 1732 2015 ὲπαιωρεῖται

121 2036 149 2084 ό
180 2033 368 2086 πάντα
396 2034 669 2107 περιέχων
694 2034 968 2109 οὐρανός·¹
998 2035 1113 2098 πῶς
1164 2035 1271 2105 97
1309 2036 1445 2108 νέφη
1478 2034 1539 2101 ἐξ
1571 2037 1733 2109 ἀέρος

124 2122 309 2195 βρύει,
336 2127 433 2178 καὶ
459 2127 539 2188 είς
562 2126 699 2197 ἀέρα
730 2126 1172 2198 συμπίνεται·τίς
1195 2127 1353 2197 φύσις
1386 2127 1624 2200 βροντῶν
1637 2131 1733 2183 καὶ

126 2219 457 2291 ἀστραπῶν,
500 2219 715 2289 χιόνων,
757 2219 1022 2291 χαλάζης,
1054 2220 1307 2291 ὁμίχλης,
1357 2220 1730 2291 κρυστάλλων,

127 2313 486 2382 καταιγίδων,
511 2312 762 2384 ὄμϐρων,
794 2312 974 2383 νεφῶν
1010 2314 1428 2385 αἰωρουμένων·
1472 2315 1567 2368 καὶ
1614 2314 1732 2378 πῶς

129 2404 296 2472 φυτὰ,
346 2404 463 2469 ζῶα
491 2404 749 2458 πλάσσεν
778 2405 874 2459 καὶ
899 2405 1073 2460 ταῦτα
1100 2406 1385 2477 διαφοραῖς
1429 2406 1733 2479 ἀναριθμή-

126 2515 243 2561 τοις
271 2498 431 2569 πάσῃ
462 2498 722 2570 ἀκριϐείᾳ
758 2498 996 2569 συνεχῶς
1026 2498 1435 2570 ἀποτελούμενα
1462 2499 1512 2531 ⁸⁵

205 2717 453 2772 XXXVI.
491 2719 681 2790 Ὅμως
705 2720 801 2773 ὲάν
827 2737 913 2784 τις
967 2720 1029 2774 τὸ
1067 2721 1176 2774 πᾶν
1206 2720 1453 2792 ἀκριϐῶς
1485 2720 1733 2794 λογισμῷ

134 2812 325 2883 συνιδῇ
350 2812 417 2875 ³⁸,
467 2812 687 2883 εὑρήσει
715 2813 783 2866 δι’
804 2813 1089 2884 ἄνθρωπον
1109 2815 1198 2867 τὸν
1210 2814 1343 2867 Θεὸν
1373 2814 1729 2886 πεποιηκότα.

132 2906 201 2957 Οἱ
228 2906 344 2975 τὰρ
376 2904 575 2975 ὄμϐροι
607 2905 838 2976 καρπῶν
866 2906 1027 2990 ἕνεκα
1053 2906 1313 2975 γίνονται,
1337 2908 1425 2961 ἵνα
1445 2907 1733 2979 ἄνθρωπος

134 2997 425 3069 μεταλάϐῃ
458 2998 525 3061 ⁸⁷,
556 2999 652 3051 καὶ
673 2998 788 3063 ζῶα
818 3003 1022 3071 τραφῇ,
1054 3001 1201 3063 ὅπως
1231 2999 1504 3071 ἀνθρώπῳ
1535 3018 1731 3073 χρησι-

140 3089 306 3159 μεύῃ·
342 3090 436 3141 καὶ
455 3089 607 3159 ἥλιος
650 3090 831 3160 φαίνει
862 3091 956 3143 καὶ
990 3092 1036 3123 ⁸⁸
1064 3092 1154 3144 τὸν
1186 3092 1323 3164 ἀέρα
1353 3094 1433 3156 είς
1460 3094 1734 3166 τέσσαρας

133 3180 351 3253 τροπὰς
379 3182 595 3252 τρέπει,
633 3182 721 3235 ἴνα
750 3183 983 3247 ἕκαστος
1011 3184 1204 3257 καιρὸς
1231 3184 1299 3237 τά
1323 3184 1431 3237 ἴδια
1463 3184 1733 3258 ἀνθρώπῳ

136 3275 425 3345 παρασχῇ·
479 3274 575 3326 καὶ
615 3274 789 3345 πηγαὶ
829 3274 1084 3345 βρύουσιν
1122 3276 1190 3340 ⁸⁸,
1224 3276 1311 3329 ἵνα
1340 3277 1491 3348 πόμα
1522 3278 1735 3351 ἀνθρὼ-

135 3382 266 3429 not;
285 3364 439 3435 δοθῇ.
486 3365 627 3418 Ἀλλ’
681 3364 762 3418 ἔτι
820 3366 927 3437 μὴν
965 3367 1110 3421 κατά
1139 3368 1202 3421 τὸ
1257 3368 1480 3424 δυνατὸν
1529 3369 1614 3434 τίς
1642 3371 1738 3425 ἐπὶ

135 3458 241 3527 τῆς
299 3457 534 3522 κτίσεως
577 3459 859 3529 κυριεύει;
897 3460 1033 3530 Οὐχὶ
1079 3459 1404 3531 ἄνθρωπος,
1460 3462 1516 3527 ὃς
1548 3463 1736 3533 σοφίαν

138 3551 389 3622 εἴληφεν,
440 3551 545 3623 γῆν
598 3554 887 3622 γεωργεῖν,
954 3552 1231 3605 θάλασσαν
1267 3552 1463 3617 πλεῖν,
1523 3554 1734 3626 νηκτὰ,

132 3644 348 3714 πτηνὰ,
388 3642 558 3713 θηρία
589 3644 866 3715 ἀγρεύειν,
902 3645 1119 3716 ἄστρων
1152 3644 1351 3716 δρόμον
1375 3646 1735 3716 λογιστεύειν,

136 3737 247 3805 γῆν
274 3735 643 3805 μεταλλεύειν,
673 3736 949 3790 θάλασσαν
984 3736 1193 3808 σήθειν,
1258 3736 1445 3801 πόλεις
1478 3738 1735 3810 ἐγείρειν,

143 3827 388 3897 βασιλεῖς
426 3826 473 3860 ⁸⁰
500 3826 726 3898 ὁρίζειν,
778 3828 977 3898 νόμους
1012 3829 1256 3892 τάσσειν,
1312 3828 1574 3895 δικάζειν,
1606 3830 1738 3885 Θεὸν

141 3919 382 3991 ἀόρατον
411 3922 575 3983 νοεῖν,
609 3920 855 3989 ἀγγέλων
886 3920 1126 3992 ὀνόματα
1148 3921 1460 3993 γνωρίζειν,
1480 3921 1738 3992 δαίμονας

138 4010 496 4073 ἀπελαύνειν,
547 4011 737 4075 νόσους
784 4012 1130 4083 φαρμακίαις
1179 4013 1474 4085 πειρᾶσθαι
1516 4014 1736 4079 παύειν,

140 4103 289 4155 κατά
319 4104 364 4156 δ’
401 4103 621 4156 ἰοϐόλων
684 4104 930 4176 ἑρπετῶν
964 4103 1223 4170 ἐπαοιδὰς
1254 4105 1555 4178 εὑρίσκειν,
1586 4106 1738 4161 ἀντι-

144 4197 383 4261 παθείας
405 4199 643 4251 ἐπινοεῖν
665 4214 682 4265 ;

217 4421 487 4477 XXXVII.
526 4421 590 4474 Εἰ
617 4419 673 4473 δὲ
699 4420 1058 4491 εὐγνωμονείς
1089 4420 1157 4484 ⁹¹,
1176 4417 1740 4492 ἀνθρωπε,νενοηκὼς
1770 4460 1816 4516 D

144 4518 240 4573 τὸν
268 4516 330 4568 ὲν
357 4515 526 4567 πᾶσιν
561 4513 997 4586 εὐεργετήσαντά
1027 4530 1088 4567 σε
1135 4513 1288 4575 Θεὸν,
1328 4513 1423 4566 καὶ
1462 4512 1733 4576 ἀθάνατος

145 4611 213 4663 ἂν
232 4606 323 4680 ᾗς,
342 4606 451 4659 τῶν
466 4606 555 4659 διὰ
574 4606 635 4658 σὲ
664 4605 989 4660 κτισθέντων
1011 4606 1076 4659 δι’
1107 4605 1525 4677 εὐγνωμοσύνην
1548 4606 1663 4676 98
1678 4604 1741 4659 τὸ

146 4701 431 4772 διαμένειν
493 4700 744 4770 ἐχόντων.
797 4700 910 4752 Καὶ
963 4699 1059 4753 νῦν
1101 4698 1159 4751 δὲ
1218 4698 1472 4767 γενέσθαι
1510 4698 1740 4753 δύνασαι

146 4794 449 4863 ἄφθαρτος,
482 4792 577 4845 ἐὰν
602 4790 840 4861 ἐπιγνῷς
870 4791 928 4845 ὃν
960 4791 1170 4855 ἔλαθες,
1197 4790 1293 4843 ἐὰν
1335 4792 1629 4862 ἀγαπήσῃς
1677 4790 1738 4845 ὃν

147 4886 447 4948 κατέλιπες
476 4886 544 4948 ⁸³,
576 4885 670 4938 ὲάν
697 4883 847 4955 αὐτῷ
870 4884 1015 4955 μόνῳ
1043 4883 1344 4955 προσεύχῃ,
1371 4884 1451 4955 τῷ
1503 4884 1549 4915 ⁸³
1577 4883 1739 4955 σῶμά

148 4994 246 5031 σου
279 4978 377 5031 καὶ
407 4976 583 5047 ψυχὴν
614 4975 842 5030 κολάσαι
885 4975 980 5028 καὶ
1032 4975 1199 5028 σῶσαι
1245 4974 1610 5045 δυναμένῳθδ.
1642 4973 1734 5047 Διὸ

146 5069 257 5139 πρὸ
286 5042 726 5129 πάντων-ἐννοῶ,
757 5066 839 5119 ὅτι
870 5066 1047 5129 οὐδεὶς
1075 5065 1225 5137 αὐτῷ
1258 5042 1537 5137 συνάρχει,
1558 5042 1734 5128 οὐδεῒς

146 5160 248 5230 τῆς
282 5158 449 5212 αὐτοῦ
498 5160 745 5212 κοινωνεῖ
788 5157 1105 5228 ὀνομασίας,
1155 5157 1314 5210 τοῦτο
1360 5158 1388 5211 ὃ
1418 5158 1482 5228 δὴ
1515 5157 1734 5226 λέγεται

138 5250 306 5314 Θεός.
356 5250 535 5314 Μόνος
596 5250 705 5322 γάρ
769 5248 933 5313 αὐτὸς
989 5249 1083 5303 καὶ
1138 5248 1353 5318 λέγεται
1415 5248 1513 5303 καὶ
1558 5248 1732 5302 ἔστιν.

1802 1926 1807 1931 η
1837 1862 2137 1933 Quousque
2166 1866 2411 1934 pervenit
2443 1866 2696 1920 immensi
2742 1867 2933 1920 tartari
2986 1864 3257 1920 infinitum
3292 1879 3422 1935 pro-

1837 1954 2090 2010 fundum.
2152 1954 2329 2027 Super
2379 1972 2492 2027 quo
2541 1958 2894 2028 suspenditur
2971 1957 3214 2022 cmlum,
3271 1958 3420 2027 quod

1834 2048 2019 2102 omnia
2044 2049 2308 2103 continet.
2332 2049 2449 2115 Qua
2475 2051 2691 2105 ratione
2714 2050 2886 2105 nubes
2908 2065 2974 2103 ex
2997 2065 3121 2103 aere
3144 2048 3418 2109 difﬂuunt.

1833 2148 1890 2194 et
1918 2140 1972 2193 in
2015 2155 2201 2195 aerem
2235 2141 2597 2195 imbibuntur.
2631 2140 2761 2207 Quae.
2784 2151 2980 2195 natura
3025 2142 3324 2194 tonitruum
3366 2147 3422 2193 et

1837 2230 2142 2302 fulgurum,
2197 2233 2431 2299 nivium,
2480 2233 2785 2303 grandinis,
2840 2232 3082 2299 nebulae,
3131 2231 3323 2302 glaciei
3366 2237 3421 2284 ct

1832 2322 2256 2391 crystallorum,
2309 2324 2700 2392 procellarum,
2754 2324 3013 2377 imbrium
3080 2322 3421 2391 nubiumquc

1834 2428 2255 2483 suspensarum.
2312 2414 2382 2469 Et
2435 2431 2546 2485 quo
2586 2426 2744 2485 pacto
2786 2416 2984 2485 planta:
3032 2413 3339 2469 formentur
3365 2422 3422 2469 et

1833 2503 2116 2569 animalia,
2170 2514 2337 2575 atque
2374 2507 2491 2560 haec
2515 2506 2819 2560 innumeris
2855 2505 3267 2561 diversitatibus
3294 2519 3417 2559 om-

1834 2593 2000 2664 nique
2027 2596 2310 2667 diligentia
2337 2598 2597 2654 continue
2627 2596 2897 2654 confecta.

1903 2729 2147 2786 XXXVI.
2173 2729 2361 2802 Itaque
2388 2733 2482 2802 qui
2508 2732 2823 2787 universum
2870 2741 3127 2788 accurate
3168 2732 3423 2788 conside-

1834 2825 2057 2888 raverit,
2092 2825 2354 2891 inveniet,
2383 2824 2626 2879 hominis
2656 2840 2826 2880 causa
2868 2826 2920 2880 id
2948 2825 3149 2880 factum
3177 2824 3346 2880 fuisse
3387 2840 3422 2878 a

1835 2918 1969 2973 Deo.
1997 2916 2134 2971 Nam
2166 2918 2370 2973 imbres
2396 2926 2617 2987 propter
2644 2915 2828 2985 fruges
2859 2916 3017 2979 fiunt,
3051 2925 3111 2971 ut
3134 2916 3301 2969 homo
3331 2930 3424 2969 sn-

1836 3019 1950 3066 mat
1977 3019 2032 3063 et
2060 3008 2247 3063 bestia:
2300 3009 2639 3074 nutriantur,
2685 3023 2796 3077 quo
2829 3007 3037 3061 homini
3085 3007 3420 3071 inserviant;

1758 3122 1804 3182 α
1837 3101 1918 3156 sol
1944 3107 2166 3170 apparet
2199 3114 2262 3153 ac
2285 3098 2449 3164 lucet,
2478 3106 2532 3153 et
2554 3114 2733 3152 aerem
2766 3099 2819 3151 in
2856 3107 3092 3168 quatuor
3120 3097 3247 3153 anni
3286 3106 3424 3151 tem-

1840 3201 2079 3264 pestates
2111 3192 2293 3257 vertit,
2321 3199 2379 3245 ut
2402 3206 2744 3261 unaqumque
2772 3199 3065 3260 tempestas
3095 3205 3218 3260 qua)
3260 3191 3425 3246 habet

1840 3286 2047 3341 homini
2078 3285 2374 3353 largiatur;
2410 3283 2588 3338 fontes
2613 3285 2922 3338 scaturiunt
2942 3327 2956 3349 ,
3006 3292 3065 3337 ut
3094 3292 3255 3353 potus
3284 3298 3425 3354 prae-

1838 3379 2032 3433 beatur
2055 3376 2389 3432 hominibus.
2422 3376 2503 3429 Ad
2536 3376 2673 3438 haec,
2699 3376 2976 3445 quisnam,
3004 3384 3270 3446 quantum
3300 3377 3416 3431 fieri

1836 3477 2035 3538 potest,
2066 3467 2385 3521 dominatur
2410 3467 2462 3520 in
2489 3467 2840 3521 creaturam?
2883 3465 3075 3521 Nonne
3100 3468 3305 3522 homo?
3326 3484 3422 3538 qut

1840 3561 2169 3615 industriam
2199 3558 2408 3627 accepit
2430 3557 2640 3612 colendi
2668 3566 2893 3625 terram,
2924 3558 3213 3626 navigandi
3246 3573 3419 3624 mare,

1838 3647 2088 3718 capiendi
2115 3646 2317 3717 pisces,
2352 3662 2503 3715 aves,
2545 3645 2720 3715 feras;
2774 3647 3111 3717 expendendi
3143 3656 3420 3702 astrorum

1838 3755 2087 3807 cursum,
2118 3737 2397 3794 scrutandi
2425 3746 2646 3806 terram,
2674 3739 2912 3794 Iindendi
2942 3755 3113 3805 mare,
3148 3739 3422 3795 condendi

1838 3833 2024 3899 urbes,
2054 3831 2378 3902 designandi
2407 3846 2583 3903 reges,
2629 3832 2838 3888 ferendi
2895 3833 3062 3905 leges,
3113 3834 3421 3905 judicandi,

1840 3923 2011 3977 Deum
2036 3922 2366 3979 invisibilem
2408 3925 2816 3994 cognoscendi,
2843 3925 3048 3979 sciendi
3074 3927 3295 3979 nomina
3319 3942 3423 3979 an-

1840 4016 2108 4086 gelorum,
2170 4016 2476 4085 expellendi
2529 4016 2829 4084 dazmones,
2884 4016 3121 4071 tentandi
3171 4018 3424 4071 remediis

1838 4105 2059 4161 morbos
2091 4106 2304 4174 sedare,
2336 4106 2647 4161 inveniendi
2698 4106 3101 4162 incantationes
3131 4109 3419 4163 adversum

1838 4208 2136 4253 venenatos
2168 4210 2469 4269 serpentes,
2498 4200 2965 4255 animadvertendi
3017 4216 3200 4255 rerum
3229 4213 3422 4255 mutuo
3470 4263 3476 4270 _

1841 4306 1900 4346 se
1921 4290 2254 4362 abigentium
2280 4293 2719 4364 repugnantiam.

1916 4423 2185 4479 XXXVII.
2217 4423 2371 4492 Quod
2418 4425 2463 4481 si
2512 4435 2729 4495 gratum
2770 4434 2823 4480 te
2851 4433 3103 4493 praestas,
3134 4423 3320 4491 homo,
3368 4435 3425 4479 ct

1844 4514 2100 4585 intelligis
2124 4514 2219 4568 tibi
2247 4515 2305 4568 in
2350 4514 2610 4569 omnibus
2662 4515 2964 4569 beneficum
3002 4512 3195 4581 Deum,
3256 4515 3420 4569 etiam

1851 4608 2182 4663 immortalis
2233 4608 2451 4673 evades,
2484 4622 2682 4677 resque
2736 4613 2828 4661 tua
2874 4620 3043 4660 causa
3095 4605 3327 4661 conditae
3353 4608 3424 4660 ob

1848 4696 2236 4768 gratitudinem
2270 4710 2623 4765 perseverare
2674 4694 2973 4749 habebunt.
3005 4691 3072 4747 Et
3101 4709 3230 4749 vero
3276 4709 3423 4749 nunc

1848 4787 2202 4856 incorruptus
2228 4785 2340 4839 fieri
2360 4794 2535 4854 potes,
2569 4784 2617 4838 si
2650 4799 2810 4854 quem
2835 4783 3096 4854 ignorasti
3131 4799 3419 4853 agnoscas,

1844 4881 1893 4935 si
1920 4895 2083 4950 quem
2121 4877 2388 4947 reliquisti
2414 4876 2630 4945 diligas,
2664 4875 2711 4930 si
2763 4875 2812 4929 ei
2856 4876 2949 4929 uni
2997 4874 3292 4944 supplices,
3326 4876 3421 4945 qui

1844 4985 2044 5040 corpus
2068 4978 2221 5025 tuum
2251 4978 2304 5023 et
2328 4968 2567 5021 animam
2595 4966 2863 5035 supplicio
2888 4965 3101 5021 allicere
3129 4975 3181 5021 et
3206 4982 3424 5020 servare

1841 5071 2037 5132 potest.
2070 5060 2251 5127 Quare
2273 5067 2401 5114 ante
2429 5058 2615 5112 omnia
2643 5058 2845 5128 cogita,
2875 5058 3147 5113 neminem
3181 5074 3303 5112 cum
3330 5058 3423 5111 illo

1844 5155 2133 5223 imperare,
2174 5151 2450 5206 neminem
2482 5165 2607 5203 cum
2634 5165 2700 5204 eo
2722 5165 3070 5204 communem
3102 5149 3302 5204 habere
3325 5166 3421 5219 ap-

1843 5245 2214 5317 pellationem,
2249 5243 2304 5299 id
2359 5255 2555 5311 nempe
2583 5241 2730 5313 quod
2786 5251 3015 5296 vocatur
3059 5240 3221 5296 Deus.
3258 5239 3421 5295 Solus

1423 5384 1513 5441 VA
1522 5383 1663 5439 RIA'J
1726 5378 2138 5439 LECTIONES.

221 5523 269 5556 ⁸¹
312 5520 519 5593 μύχους
540 5520 608 5593 γε.
633 5521 813 5591 πηνάς
839 5536 894 5591 p.
925 5520 1109 5593 πηγάς
1136 5520 1201 5575 0.
1246 5590 1277 5593 __
1307 5520 1354 5553 ⁸·
1384 5520 1547 5574 πόθεν
1560 5520 1652 5593 Δ(3.

149 5584 333 5676 textus
365 5584 801 5676 ἀποτελουμένῃ,
822 5584 884 5676 ut
904 5584 1325 5676 ΠΟΪοξδησυνίδῃ
1358 5593 1413 5676 Q‘
1454 5607 1506 5676 (ᾗ
1555 5589 1636 5676 SA,
1669 5590 1895 5676 ,συνείδη
1921 5585 2565 5676 C.“:1‘E§1:h:i§glnola.l
2596 5584 2660 5639 Ο.

1755 5518 1803 5551 ⁸³
1832 5518 2016 5573 ἀέναοι
2044 5516 2106 5571 C.

2210 5513 2549 5587 “aevoﬁcaz
2595 5513 2659 5587 (ξ.
2763 5512 2903 5587 {fita
2935 5530 3108 5587 marg.
3147 5514 3254 5578 Ci,
3302 5525 3413 5587 cu].

2765 5584 2813 5616 ⁸⁸
2839 5585 2925 5638 ἵνα
2948 5603 2998 5656 τ.
3020 5584 3156 5656 ἀέρα
3191 5587 3272 5656 είς
3290 5605 3341 5641 τ.
3363 5584 3415 5642 τ.

146 5642 797 5732 ξρὲἧξέὰῖἷνάζὲἶ
829 5642 985 5716 XC.
1039 5660 1084 5692 θ’
1106 5642 1434 5732 sponsas,
1461 5642 1508 5715 ὂ
1538 5642 1820 5732 {item
1855 5642 1945 5714 (ἓξ
1995 5642 2194 5732 °_°Le'ge
2219 5642 2585 5732 βασελὲᾎᾳςαι.
2662 5642 3175 5732 ῗεύγνῳμόνειςύο
3219 5642 3417 5732 ’έκεῖ-

152 5724 372 5793 έλειτὲες
427 5732 491 5786 C.
568 5732 614 5765 ’³
632 5732 693 5784 τό
735 5732 797 5785 ε.
873 5724 1214 5802 ’δδυναμένῳ
1248 5733 1341 5783 καὶ
1386 5724 1556 5784 σῶσαι
1705 5731 1837 5788 Dein
1875 5726 2031 5786 ὲνπῦ
2063 5724 2349 5798 ι).’ὲννοοῦ
2387 5724 2451 5780 CI
2479 5764 2496 5792 ,
2528 5734 2635 5781 non
2660 5724 2701 5781 C
2737 5766 2752 5796 ,
2786 5738 2844 5780 ut
2872 5724 3010 5780 Ialso
3039 5728 3322 5781 annotavit
3348 5729 3404 5781 ὃ.
