3868 6212
488 264 600 319 135

1314 266 1371 323 8.
1410 266 1803 325 CLEMENTIS
1840 270 1858 323 I
1903 271 2071 331 ROM.
2109 273 2312 333 PONT.
2348 276 2575 333 OPERA
2612 277 2841 337 DUBIA.

3650 285 3763 344 13η

484 378 635 431 enim
667 388 784 448 ipse
817 385 873 433 ct
913 377 1117 435 dicitur
1155 388 1321 437 etest
1354 402 1369 438 :
1411 384 1577 437 alium
1604 400 1732 438 vero
1762 401 1937 455 neque
1968 402 2063 440 ar-

2177 392 2367 447 Ἀλλον
2396 394 2452 447 δὲ
2479 395 2601 449 οὔτε
2623 398 2862 468 νομίσαι,
2893 395 3015 450 οὔτε
3051 398 3226 452 εἰπεῖν
3255 398 3480 464 ἔξεστιν·
3511 402 3563 454 εἰ
3595 402 3655 455 δέ
3675 421 3767 467 τις

487 468 678 523 bitrari
732 486 909 540 neque
954 473 1136 527 dicere
1171 473 1338 528 licet:
1372 483 1428 529 et
1472 490 1622 540 cum,
1660 477 1754 546 qui
1811 478 1863 532 id
1901 492 2069 535 ausus

486 560 673 627 fuerit,
707 571 965 631 perpetua
1000 574 1188 618 manet
1216 566 1415 619 animze
1444 582 1629 635 pmna.

553 650 847 706 XXXVIII.
877 653 1010 719 Quae
1040 671 1163 710 cum
1196 654 1391 710 Petrus
1420 656 1672 723 dixisset,
1702 658 1890 713 Simon
1913 670 2068 717 extra

486 743 703 797 turbam
736 761 869 801 voce
892 762 1090 817 magna
1115 747 1234 802 iniit
1263 766 1276 802 :
1330 747 1473 814 Quid
1538 759 1807 806 astantem
1840 754 1937 809 tibi
1968 757 2069 810 im-

482 835 717 902 peritam
750 838 1153 893 multitudinem
1177 839 1262 894 vis
1298 840 1614 895 mentiendo
1644 842 2067 914 decipere,dum

486 925 785 990 persuades
825 927 909 993 ei,
941 928 1074 983 deos
1122 946 1223 985 nec
1256 930 1511 985 arbitrari
1543 933 1750 988 licitum
1787 950 1928 1002 esse,
1966 953 2067 993 nec

485 1016 697 1081 dicere,
732 1033 856 1071 cum
911 1020 1119 1088 publici
1162 1019 1477 1076 Judaaorum
1526 1023 1649 1078 libri
1698 1026 1901 1081 multos
1944 1043 2066 1083 esse

478 1106 616 1161 deos
644 1111 995 1165 asseverent?
1037 1111 1102 1167 Et
1125 1129 1254 1168 vero
1309 1130 1459 1170 nunc
1488 1131 1676 1171 coram
1710 1120 1969 1175 omnibus
1998 1138 2063 1177 ex

478 1198 553 1252 iis
592 1199 748 1253 libris
803 1208 982 1254 tecum
1035 1202 1314 1271 disputare
1344 1205 1470 1259 volo
1518 1207 1585 1260 de
1615 1222 1703 1273 eo,
1756 1211 1900 1280 quod
1932 1212 2065 1268 deos

481 1291 715 1344 existere
768 1292 838 1345 sit
878 1292 1333 1350 existimandum:
1362 1307 1415 1351 et
1432 1297 1585 1368 prius
1608 1299 1673 1353 de
1695 1315 1759 1355 eo
1781 1300 1888 1355 Deo
1902 1319 2062 1371 quem

478 1385 779 1454 protulisti,
833 1387 1127 1445 ostendens
1163 1404 1289 1443 eum
1335 1405 1443 1444 non
1495 1407 1617 1446 esse
1648 1408 1965 1463 supremum
2000 1412 2065 1451 ac

478 1477 934 1547 omnipotentem,
968 1480 1097 1548 quia
1127 1480 1469 1551 improvidus
1501 1483 1810 1540 futurorum
1837 1498 1941 1551 est,
1962 1489 2064 1541 im-

475 1566 775 1637 perfectus,
841 1570 1112 1640 indigens,
1168 1588 1279 1626 non
1332 1573 1530 1639 bonus,
1579 1577 1768 1630 multis
1821 1578 2062 1633 millibus

480 1662 848 1731 gravibusque
880 1664 1162 1733 subjectus
1202 1664 1508 1720 allectibus.
1546 1664 1703 1721 Unde
1737 1669 1839 1722 hac
1871 1686 1928 1723 re
1966 1670 2061 1724 dc-

480 1763 786 1809 monstrata
818 1770 885 1809 ex
936 1754 1235 1824 Scripturis
1261 1798 1275 1820 ,
1330 1758 1792 1825 quemadmodum
1824 1776 1925 1830 ego
1970 1776 2061 1814 as—

478 1861 625 1911 sero,
653 1855 841 1911 restat,
872 1858 931 1900 ut
964 1846 1037 1899 sit
1083 1847 1227 1900 alius
1273 1847 1327 1901 in
1360 1848 1646 1917 Scriptura
1679 1865 1789 1903 non
1815 1866 2058 1906 comme-

478 1948 744 2004 moratus,
771 1939 1030 2007 praescius
1061 1940 1399 2005 Iuturorum,
1433 1941 1728 2010 perfectus,
1770 1957 1878 1996 non
1915 1944 2058 1997 indi-

478 2045 633 2099 gens,
666 2029 864 2095 bonus,
914 2030 984 2084 ab
1036 2032 1294 2085 omnibus
1351 2032 1510 2085 malis
1560 2032 1843 2087 aﬂ‘eclibus
1897 2033 2053 2088 liber.

476 2120 570 2174 Ille
596 2130 800 2187 autem,
825 2136 986 2192 quem
1011 2122 1287 2192 loqueris,
1324 2123 1514 2178 mundi
1549 2124 1730 2194 opifex
1760 2126 2057 2183 contrariis

476 2214 762 2282 oppositus
787 2222 889 2268 est.

544 2323 789 2379 XXXIX.
824 2325 1017 2381 Statim
1048 2342 1181 2399 ergo
1224 2328 1319 2399 qui
1376 2328 1444 2383 ad
1473 2329 1594 2399 ejus
1641 2330 2053 2387 similitudinem

474 2414 655 2473 factus
683 2426 787 2484 est,
816 2418 1081 2484 Adamus,
1105 2420 1271 2474 etiam
1314 2435 1493 2476 czecus
1543 2432 1763 2477 creatur
1785 2433 1837 2477 et
1865 2425 2055 2493 cogni-

473 2510 680 2563 tionem
712 2510 844 2564 boni
904 2511 987 2563 vel
1041 2512 1169 2565 mali
1220 2527 1329 2565 non
1387 2512 1644 2568 habuisse
1693 2515 1947 2581 traditur,
1999 2525 2054 2570 et

472 2611 845 2673 transgressor
878 2603 1170 2669 invenitur,
1201 2614 1255 2659 et
1283 2605 1500 2675 ejicitur
1528 2621 1560 2660 e
1608 2608 1863 2676 paradiso
1902 2625 2053 2663 mor-

474 2703 639 2764 teque
686 2694 1002 2749 mulctatur.
1042 2693 1217 2749 Simili
1258 2712 1479 2766 quoque
1536 2698 1721 2765 modo,
1771 2700 1865 2770 qui
1896 2701 2052 2755 Iinxit

473 2784 662 2849 illum;
688 2786 1133 2855 quandoquidem
1164 2788 1407 2857 undique
1434 2805 1541 2844 non
1592 2790 1757 2857 videt,
1790 2792 1845 2846 in
1871 2792 2050 2847 Sodo-

472 2892 688 2930 morum
714 2876 883 2930 exitio
908 2877 985 2931 ait
1010 2895 1023 2931 :
1068 2876 1245 2933 Venite
1266 2890 1315 2934 et
1346 2882 1714 2937 descendentes
1753 2886 2049 2949 videamus.

475 2985 545 3020 an
578 2967 865 3021 secundum
891 2968 1175 3024 clamorem
1208 2972 1470 3041 ipsorum,
1497 2976 1590 3042 qui
1650 2976 1721 3029 ad
1753 2993 1833 3031 me
1883 2980 2047 3045 venit,

2170 486 2509 560 τολμήσειεν,
2542 490 2724 553 ἀῖδίως
2753 490 2851 560 τὴν
2880 489 3056 560 ψυχὴν
3086 490 3411 544 κολασθῆναι
3443 491 3577 563 ἔχει.

2241 663 2529 719 XXXVIII.
2570 664 2678 718 Τοῦ
2718 664 2928 736 Πέτρου
2956 664 3129 719 ταῦτα
3185 665 3452 731 εἰπόντος,
3492 668 3523 722 ὀ
3570 668 3766 740 Σίμων

2169 754 2282 826 (67)
2318 756 2421 823 ἔξω
2451 756 2547 809 τοῦ
2578 755 2737 827 δχλου
2773 756 2869 828 βοῇ
2906 757 3114 829 μεγάλῃ
3156 756 3282 829 ἔφη·
3332 759 3398 811 Τί
3427 758 3765 832 ψευδόμενος

2168 847 2386 918 ἀπατᾷν
2436 847 2613 912 θέλεις
2662 850 2753 901 τὸν
2796 850 3122 921 παρεστῶτά
3173 867 3256 903 σοι
3300 849 3515 923 ίδιιὶηην
3573 852 3761 923 δχλον,

2168 938 2373 991 πείθων
2407 940 2569 993 αὐτὸν
2601 940 2758 1004 θεοὺς
2793 943 2929 1012 μήτε
2961 941 3221 1011 νομίζειν,
3258 943 3395 1014 μήτε
3429 942 3607 1013 λέγειν
3636 945 3765 1011 ἐξὸν

2170 1025 2329 1093 εἶναι,
2360 1031 2469 1085 τῶν
2502 1032 2655 1103 παρὰ
2694 1032 2971 1096 Ἰουδαίοις
3007 1033 3279 1103 δημοσίων
3308 1034 3506 1104 βίϐλων
3526 1036 3763 1100 πολλοὺς

2168 1121 2325 1185 θεοὺς
2354 1118 2495 1176 εἶναι
2518 1123 2794 1193 λεγουσῶν
2821 1142 2835 1189 ;
2878 1126 2988 1177 Καὶ
3016 1124 3111 1177 νῦν
3138 1124 3196 1177 δὲ
3233 1125 3371 1195 μετὰ
3403 1126 3622 1181 πάντων
3654 1128 3761 1181 ἀπ’

2166 1216 2345 1269 αὐτῶν
2378 1234 2459 1270 σοι
2508 1216 2617 1270 τῶν
2652 1217 2847 1287 βίϐλων
2872 1217 3003 1288 περὶ
3035 1214 3129 1270 τοῦ
3162 1217 3274 1274 δεῖν
3308 1216 3463 1282 θεοὺς
3507 1220 3757 1290 νομίζειν

2168 1308 2469 1378 συζητῆσαι
2503 1309 2550 1341 ³⁸
2582 1307 2739 1361 θέλω·
2779 1309 3045 1381 πρότερον
3097 1311 3228 1382 περὶ
3284 1306 3347 1366 οὗ
3402 1311 3539 1385 ἔφης
3584 1314 3754 1379 Θεοῦ,

2163 1397 2345 1465 δείξας
2383 1403 2457 1472 μὴ
2491 1401 2653 1455 αὐτὸν
2686 1397 2827 1456 εἶναι
2876 1403 2969 1456 τὸν
3022 1404 3069 1435 ’⁸
3104 1403 3366 1459 ἀνωτάτω
3412 1407 3507 1459 καὶ
3566 1408 3754 1462 πάντα

2162 1489 2460 1562 δυνάμενον
2514 1494 2590 1556 ’⁷,
2643 1493 2780 1547 καθὸ
2839 1494 3224 1567 ἀπρόγνωστός
3286 1498 3462 1560 ἐστιν,
3526 1499 3755 1570 ἀτελὴς,

2164 1583 2368 1655 ἐνδεὴς,
2404 1586 2503 1638 οὐκ
2529 1585 2732 1655 ἀγαθὸς
2754 1624 2769 1647 ,
2800 1588 2891 1639 καὶ
2928 1588 3139 1651 πολλοῖς
3171 1589 3381 1659 μυρίοις
3414 1590 3459 1621 ’⁸
3491 1590 3758 1661 χαλεποῖς

2163 1675 2522 1747 ὑποκείμενος
2585 1678 2831 1732 πάθεσιν.
2873 1679 3035 1752 Ὅθεν
3065 1680 3257 1733 τούτου
3290 1680 3592 1752 δειχθέντος
3635 1684 3757 1738 ἀπδ

2160 1769 2270 1821 τῶν
2299 1770 2553 1842 Γραφῶν,
2577 1770 2653 1834 ὡς
2681 1770 2791 1838 ἐγὼ
2823 1750 2985 1839 λέγιιῖ
3012 1772 3198 1843 ἔτερος
3224 1750 3487 1843 ἀγράφως
3518 1773 3563 1805 ⁹⁹
3590 1792 3756 1846 περι-

2160 1860 2404 1915 λείπεται
2456 1858 2618 1926 εῖναι,
2677 1863 3121 1935 προγνωστικδς,
3177 1864 3409 1928 τέλειος,
3456 1866 3750 1938 ἀνενδεὴς,

2158 1954 2382 2022 ἀγαθὸς,
2420 1956 2637 2009 πάντων
2665 1956 2915 2026 χαλεπῶν
2940 1956 3052 2027 99
3092 1956 3506 2029 ἀπηλλαγμένος
3529 1958 3752 2011 παθῶν.

2164 2045 2262 2097 Ὃν
2288 2044 2343 2097 δὲ
2383 2047 2447 2099 σὺ
2478 2047 2583 2117 φῂς
2614 2044 2966 2120 δημιουργὸν,
2988 2051 3104 2114 τοῖς
3134 2051 3401 2114 ἐναντίοις
3431 2052 3753 2123 ἀντικείμε-

2157 2151 2248 2198 νος
2275 2136 2343 2167 ¹⁹⁸
2376 2137 2652 2207 τυγχάνει.

2228 2315 2470 2369 XXXIX.
2514 2316 2722 2371 Λύτίκα
2741 2317 2875 2386 γοῦν
2904 2318 2933 2373 ὁ
2951 2320 3073 2374 καθ’
3100 2320 3360 2392 ὁμοίωσιν
3381 2321 3547 2376 αὐτοῦ
3578 2340 3753 2392 γεγο-

2157 2407 2262 2471 νὼς
2303 2408 2473 2479 ’Δδάμ
2518 2410 2614 2462 καὶ
2673 2411 2873 2479 τυφλὸς
2913 2410 3160 2477 κτίζεται
3217 2413 3328 2484 (68)
3386 2413 3481 2467 καὶ
3538 2414 3752 2483 γνῶσιν

2156 2500 2361 2566 ἀγαθοῦ
2394 2500 2428 2571 ἢ
2481 2501 2653 2555 κακοῦ
2710 2504 2810 2556 οὐκ
2842 2502 2981 2573 ἔχων
3012 2505 3390 2576 παραδέδοται,
3442 2506 3534 2558 καὶ
3561 2524 3750 2577 παρα-

2154 2592 2326 2664 ϐάτης
2379 2594 2693 2664 εὑρίσκεται
2754 2597 2849 2648 καὶ
2896 2596 2989 2649 τοῦ
3041 2598 3369 2669 παραδείσου
3415 2598 3753 2654 ἐκϐάλλεται

2156 2687 2250 2738 καὶ
2283 2684 2499 2757 θανάτῳ
2546 2690 2889 2758 τιμωρεῖται.
2938 2687 3175 2760 Ὁμοίως
3233 2707 3294 2743 τε
3339 2690 3439 2743 καὶ
3468 2691 3498 2743 ὁ
3530 2690 3753 2754 πλάσας

2153 2779 2343 2843 αὐτὸν,
2380 2779 2503 2832 ἐπεὶ
2538 2781 2613 2851 μὴ
2636 2780 2972 2851 πανταχόθεν
3020 2781 3230 2853 βλεπει,
3264 2784 3357 2836 ἐπὶ
3386 2785 3454 2855 τῇ
3484 2782 3751 2853 Σοδόμων

2154 2875 2507 2943 καταστροφῇ
2557 2872 2669 2945 (69)
2724 2872 2889 2942 λέγει·
2970 2874 3150 2929 Δεῦτε
3205 2875 3303 2929 καὶ
3374 2876 3603 2951 scutata
3622 2892 3752 2945 ’τος

2154 2964 2391 3034 ἴδωμεν,
2421 2967 2475 3019 εὶ
2520 2966 2671 3020 κατὰ
2725 2966 2841 3034 τὴν
2867 2966 3140 3037 κραυγὴν
3165 2968 3365 3023 αὐτῶν
3405 2968 3521 3036 τὴν
3563 2967 3751 3037 ἐρχο-

470 3061 787 3128 perﬁciant;
816 3061 900 3114 sin
936 3063 1110 3115 minus
1141 3073 1199 3117 ut
1228 3066 1397 3119 sciam
1448 3079 1475 3108 ι
1514 3086 1528 3133 ;
1562 3084 1650 3132 en,
1707 3069 1960 3139 ignarum
1987 3088 2045 3127 se
2074 3094 2077 3122 ι

2162 3057 2338 3126 τιένην
2363 3059 2517 3127 πρός
2538 3075 2617 3129 με
2644 3060 3103 3114 συντελοῦνται·
3137 3063 3190 3115 εί
3215 3060 3284 3114 δὲ
3323 3060 3433 3131 μὴ,
3462 3061 3563 3115 ἵνα
3591 3060 3743 3130 τνιῖν

466 3153 733 3208 ostendit.
762 3152 969 3209 Etcum
1002 3154 1137 3210 dicit
1170 3154 1237 3210 de
1285 3156 1496 3213 Adamo
1524 3177 1537 3213 :
1576 3159 1875 3229 Ejiciamus
1902 3179 2043 3224 eum,

467 3259 533 3296 nc
562 3244 699 3311 forte
727 3256 943 3297 extensa
971 3261 1131 3298 manu
1155 3262 1255 3299 sua
1280 3249 1509 3315 attingat
1571 3251 1773 3321 lignum
1822 3254 1966 3317 vita,
1994 3263 2044 3309 et

466 3333 727 3398 comedat,
752 3343 802 3387 et
835 3334 967 3388 vivet
994 3335 1050 3387 in
1075 3345 1329 3390 internum
1390 3338 1417 3378 δ
1458 3357 1473 3404 ;
1506 3340 1757 3408 dicendo,
1784 3360 1846 3397 ne
1885 3345 2042 3412 forte,

470 3424 718 3491 ignorat;
752 3424 1000 3480 addendo
1048 3435 1257 3490 autem,
1306 3445 1372 3482 ne
1431 3429 1565 3497 forte
1606 3433 1878 3486 comedens
1904 3435 2044 3487 vivat

460 3512 522 3566 in
554 3525 833 3579 aeternum,
888 3514 1092 3569 invidet
1121 3530 1363 3586 quoque.
1424 3518 1563 3573 Cum
1616 3522 1879 3591 scriptum
1914 3532 2040 3578 est:

460 3603 657 3659 Secum
711 3608 973 3675 reputavit
1004 3607 1166 3674 Deus,
1220 3609 1359 3678 quod
1413 3610 1621 3679 fecisset
1667 3613 2046 3680 hominem,et

459 3696 787 3766 poenitentia
815 3696 1035 3752 ducitur
1086 3706 1143 3752 et
1197 3698 1459 3769 ignorat:
1509 3718 1636 3757 nam
1679 3704 1833 3769 illud,
1867 3721 2044 3759 secum

461 3787 750 3857 reputavit,
780 3788 1151 3844 consideratio
1196 3798 1301 3857 est,
1337 3806 1446 3861 qua
1493 3792 1694 3863 aliquis
1730 3794 1803 3851 ob
1848 3811 2041 3851 eorum

456 3894 589 3947 qua:
619 3879 769 3949 cupit
800 3881 1195 3949 ignorationem
1226 3880 1388 3937 linem
1436 3884 1722 3957 diligenter
1758 3887 2044 3958 explorare

535 4002 564 4032 α
593 3990 730 4047 Gen.
756 4007 914 4059 xvm,
937 3991 1028 4046 21.
1103 3991 1132 4033 ι)
1162 3992 1298 4050 Gen.
1332 4010 1415 4059 ιιι,
1447 3995 1541 4049 22.

2151 3150 2247 3203 καὶ
2276 3150 2575 3220 ἀγνοοῦντα
2630 3151 2822 3205 ἑαυτὸν
2853 3152 2870 3183 ¹
2900 3151 3189 3207 δείκνυσιν.
3256 3153 3346 3225 Τῷ
3400 3154 3423 3185 ⁸
3470 3153 3528 3207 δὲ
3559 3154 3750 3208 εἰπεῖν

2154 3243 2282 3314 περὶ
2310 3242 2406 3295 τοῦ
2423 3242 2604 3312 ’Λδάμο
2618 3243 2982 3313 Ὲκϐἁλωμεν
3003 3244 3208 3309 αὑτὸν,
3228 3244 3441 3315 μήπως
3463 3245 3750 3313 ἐκτείνας

2150 3334 2265 3403 τὴν
2298 3335 2467 3405 χεῖρα
2491 3336 2680 3391 αὐτοῦ
2712 3336 2937 3404 ἅψηται
2973 3337 3078 3391 τοῦ
3108 3336 3299 3401 ξύλου
3328 3337 3438 3407 τῆς
3466 3336 3617 3404 ζωῆς
3636 3340 3749 3392 καὶ

2148 3428 2310 3499 φάγῃ
2340 3428 2439 3483 καὶ
2460 3429 2697 3496 ζήσεται
2731 3430 2751 3460 ³
2778 3431 2866 3495 εὶς
2914 3430 3020 3482 τὸν
3074 3428 3277 3484 αἰῶνι-ι’
3309 3432 3386 3504 τῷ
3424 3432 3601 3485 εἰπεῖν
3620 3430 3748 3499 μή-

2149 3536 2295 3587 πως,
2348 3524 2551 3592 ἀγνοεῖ·
2587 3522 2667 3593 τῷ
2712 3523 2770 3576 δὲ
2830 3524 3151 3590 ἐπαγαγεῖν,
3200 3522 3287 3592 μή
3343 3539 3468 3589 πως
3525 3523 3745 3592 φαγὼν

2146 3611 2384 3679 ζήσεται
2412 3613 2435 3645 ⁸
2458 3616 2547 3679 είς
2572 3614 2680 3666 τὸν
2730 3612 2939 3676 αἰῶνα,
2987 3614 3082 3667 καὶ
3108 3613 3293 3683 φθονεί
3348 3613 3478 3685 (70).
3511 3613 3624 3667 Καὶ
3653 3614 3743 3686 τῷ

2145 3704 2471 3777 γεγράφθαι·
2530 3707 2660 3758 Ὅτι
2711 3702 3047 3773 ἐνεθυμήθη
3083 3708 3116 3758 ὀ
3162 3705 3327 3771 Θεὸς,
3357 3705 3449 3759 ὅτι
3478 3706 3741 3774 ἐποίησε

2145 3796 2253 3849 τὸν
2306 3797 2650 3866 ἄνθρωπον,
2699 3798 2795 3850 καὶ
2846 3799 3099 3868 μετανοεί
3149 3798 3242 3852 καὶ
3291 3799 3494 3868 ἀγνοεῖ·
3528 3799 3591 3852 τὸ
3622 3800 3739 3872 γὰρ

2144 3888 2481 3959 ἐνεθυμήθη
2516 3889 2709 3960 σκέψις
2735 3890 2905 3954 ἐστὶν,
2936 3883 3016 3963 ⁸
3043 3907 3126 3954 τις
3147 3889 3215 3943 δι’
3241 3890 3462 3959 ἄγνοιαν
3493 3883 3566 3946 ὧν
3600 3889 3735 3961 βού-

1732 4158 1965 4218 VARIxE
2036 4158 2442 4218 LECTIONES.

533 4274 831 4347 ⁹³νομίζειν
890 4274 987 4347 καὶ⁵
1048 4272 1347 4347 συζητῆσαι
1400 4272 1463 4347 C_.
1569 4273 1732 4347 “jrﬁv

454 4345 667 4409 ratura
705 4345 979 4469 δυναδένη

456 4418 601 4469 Tum
636 4416 758 4469 καθ’
790 4416 818 4469 ὅ
860 4416 894 4467 “.
972 4418 979 4447 ¹

456 4418 601 4471 Tum
636 4416 758 4469 καθ’
790 4416 818 4469 ὅ
834 4416 894 4469 C.

459 4490 621 4562 i_n_al_e.
681 4486 893 4562 fait-cdt;
923 4485 965 4540 C
985 4526 1015 4562 λ
1042 4484 1204 4562 αρτόν
1370 4486 1391 4515 ¹
1412 4483 1490 4562 τῷ
1513 4480 1747 4562 ξρὶις-οξ
1766 4486 1865 4562 5-5,
1889 4485 1950 4562 τό
1980 4484 2309 4562 ρι’-Ο.ΑΤΠΙὯ
2342 4482 2615 4562 {aur-629.
2642 4480 2956 4562 _"Cé6’n‘t§t
3003 4480 3061 4535 S.
3110 4480 3262 4562 Tulli
3284 4480 3349 4534 τὸ
3379 4483 3552 4536 εἰπεῖν
3584 4484 3729 4541 σ-ηςδ
3780 4512 3801 4529 ι-

1940 4277 1984 4354 ξτ
2002 4274 2228 4354 Scripsi
2264 4274 2579 4354 δυνάμενον,
2637 4279 2705 4354 ⁸ιιι
2762 4270 2895 4354 τόνῆ
2933 4277 3035 4354 art.
3103 4268 3513 4354 habeathquo
3582 4271 3733 4327 refe—

983 4362 1012 4397 ν
1040 4344 1133 4415 κϐ,
1170 4339 1396 4415 Ο.Ῥ‹›ει
1437 4339 1739 4415 δυναμένην
1778 4346 1850 4415 in
1908 4344 2055 4413 Epit.
2079 4339 2138 4400 εξ
2163 4345 2231 4415 56
2294 4339 2512 4415 additur
2550 4341 2823 4415 πρόνοιαν.
2861 4339 2900 4415 S
2954 4340 3187 4415 Gdyaptv
3236 4339 3507 4415 excidisse
3535 4354 3721 4415 putat.

972 4410 1019 4448 ⁵⁸
1038 4414 1218 4486 Dele_vi
1241 4413 1309 4486 gi
1374 4414 1478 4486 και
1504 4410 1630 4486 a_n'te
1655 4410 1869 4486 μυρίοις
1883 4410 2020 4486 (2.0ἐ
2085 4419 2139 4486 f’
2158 4414 2414 4486 [ortasse
2447 4413 2549 4486 leg.
2567 4410 2833 4486 ﬁypagpoc
2860 4412 2916 4465 S.
2998 4412 3066 4486 '_‘_'°
3082 4410 3439 4486 ὑποκείμενον
3469 4410 3729 4486 0_.'Haurl

450 4560 516 4613 δέ
543 4557 605 4613 C.
678 4557 702 4589 ⁸
722 4556 951 4629 ζήσηται
981 4550 1039 4611 S.
1066 4554 1207 4611 Tum
1229 4555 1290 4608 τὸ
1313 4550 1623 4625 γεγράφθαι
1650 4554 1713 4610 C.
1789 4550 1867 4630 ’ᾖ
1894 4555 1957 4621 Ι),
1992 4557 2027 4627 ἡ
2047 4554 2111 4622 C,
2142 4553 2189 4610 Ο
2244 4564 2299 4609 et
2350 4550 2497 4621 Epit.
2520 4550 2658 4606 Illud
2689 4550 2949 4621 exprimit
2986 4550 3169 4608 versio
3203 4550 3288 4606 Ci.

1773 4688 2141 4747 VARIOBUM
2176 4686 2411 4745 NOTAE.

531 4825 747 4908 (67)..ῗο
785 4826 856 4908 Σέ

453 4896 774 4953 notabiliter

460 4968 1009 5050 Paradisonparteiil,
1043 4983 1162 5050 cap.
1188 4966 1465 5050 li:_‘0bjicit
1490 4966 2027 5050 Simon‘Magusain-

448 5041 639 5109 quiens
672 5052 690 5089 :
720 5036 870 5109 Deus
904 5036 1005 5109 ille
1039 5036 1129 5107 qui
1168 5039 1433 5109 Adamum
1461 5037 1731 5109 condidit,
1766 5036 2024 5109 impotens

447 5106 572 5163 erat
603 5117 758 5177 atque
778 5106 1059 5161 imbecillis
1084 5122 1103 5161 :
1137 5122 1298 5177 neque
1318 5108 1460 5177 enim
1496 5107 1706 5175 efficere
1736 5108 1933 5176 potuit,
1964 5119 2022 5162 ut

453 5188 689 5232 maneret
725 5177 980 5241 Adamus,
1009 5176 1221 5247 qualem
1239 5193 1349 5231 esse
1377 5176 1601 5241 volebat,
1639 5187 1769 5247 e_tc.,
1809 5193 1903 5247 per
1942 5187 2026 5231 t0-

453 5260 575 5302 tnm
605 5256 787 5319 caput,
816 5247 973 5319 quod,
993 5245 1268 5302 concludit
1292 5247 1376 5319 bis
1396 5247 1578 5301 verbis
1598 5263 1619 5298 τ
1655 5245 1822 5319 Porro
1841 5248 1910 5319 de
1935 5247 2026 5301 Si-

454 5334 610 5372 mone
647 5315 806 5387 Hago
831 5316 973 5369 illud
1003 5318 1136 5371 scire
1173 5318 1404 5386 pretium
1431 5327 1532 5382 est,
1554 5332 1664 5387 esse
1691 5318 1786 5387 qui
1815 5316 2021 5378 dicant,

453 5390 632 5457 ipsum
660 5389 717 5441 in
746 5386 966 5457 speciem
998 5388 1207 5456 quidem
1248 5388 1534 5441 assensisse
1571 5386 1733 5440 Mosis
1769 5386 1869 5455 legi
1892 5427 1905 5448 .
1934 5386 2025 5440 sed

453 5459 634 5527 plures
659 5459 873 5511 interim
901 5456 1023 5510 deos
1048 5458 1305 5525 posuisse,
1341 5472 1563 5527 quorum
1594 5473 1728 5527 unus
1756 5459 1824 5510 sit
1858 5458 2023 5510 imbe-

455 5526 616 5581 cillus
643 5538 797 5598 atque
822 5528 1098 5595 impotens,
1123 5528 1168 5580 is
1193 5528 1282 5598 qui
1304 5526 1567 5579 Adamum
1590 5526 1744 5595 finxit
1768 5528 2027 5596 fecitque;

453 5599 595 5652 alter
621 5596 738 5651 vero
758 5598 852 5650 hoc
876 5598 1134 5667 superior,
1158 5596 1348 5665 major,
1370 5597 1647 5664 potentior.
1678 5597 1823 5650 Alios
1854 5608 2027 5650 autem

453 5678 647 5738 putare
682 5666 915 5722 Simonis
944 5666 1106 5736 Magi
1142 5667 1456 5738 sententiam
1492 5667 1674 5738 fuisse,
1714 5666 1969 5720 mundum
1994 5683 2026 5738 a

460 5737 608 5794 mala
631 5753 794 5792 causa
834 5746 1007 5791 ortum
1034 5753 1174 5802 esse;
1212 5747 1366 5807 atque
1389 5737 1503 5791 ideo
1530 5737 1681 5791 illum
1726 5737 2027 5807 huiusmodi

878 4912 999 4954 oses
1042 4897 1357 4968 Bar-Ceplia
1403 4897 1918 4968 Commentariorum
1952 4897 2028 4968 de

944 4842 998 4883 ν.
1035 4825 1093 4899 In
1132 4826 1380 4882 Cedreno
1410 4841 1467 4899 ρ.
1502 4824 1624 4892 I70,
1667 4826 1791 4899 I7I.
1842 4825 1949 4882 Sed
1976 4836 2031 4899 et
2064 4830 2107 4885 D
2135 4826 2367 4899 absurda
2398 4826 2675 4899 turpiaque
2706 4826 2857 4879 dictu
2905 4825 3196 4899 collegisse,
3227 4824 3427 4899 quibus,
3447 4830 3590 4895 apud
3625 4848 3720 4886 eos

2136 4899 2232 4970 qui
2252 4898 2305 4950 in
2333 4913 2454 4950 vera
2477 4897 2579 4966 fide
2603 4900 2877 4959 durarent,
2902 4896 3085 4949 mundi
3111 4896 3381 4954 auctorem
3401 4898 3565 4952 Deum
3590 4917 3722 4970 sug-

2136 4968 2350 5037 gillaret
2372 4982 2390 5018 :
2426 4976 2702 5035 propterea
2733 4982 3015 5037 corporum
3038 4982 3241 5037 quoque
3274 4968 3720 5037 resurrectionern

2134 5035 2330 5105 per/ide
2360 5037 2513 5091 illum
2537 5053 2769 5107 negasse.
2803 5035 2961 5092 Tom.
2998 5035 3018 5089 I
3064 5035 3405 5090 Bibliotheca:
3460 5035 3721 5093 Patrum.

2130 5107 2272 5162 Cor.
3602 5152 3609 5161 ι

2205 5177 2318 5245 (68)
2354 5176 2589 5245 Τυφλὸς
2622 5174 2891 5237 κτίζεται.
2924 5173 3518 5245 MeminitPhiIastrius
3548 5175 3726 5245 bgre-

2129 5242 2366 5319 ticorum
2402 5242 2767 5319 quorumdam
2789 5287 2806 5312 ,
2847 5246 2941 5316 qui
2976 5244 3245 5319 Adamum
3272 5255 3349 5299 et!
3369 5243 3539 5319 Evam
3567 5242 3726 5297 dioe-

2131 5317 2263 5371 bant
2293 5312 2468 5372 caecos
2506 5314 2678 5392 fuisse
2705 5312 2996 5392 antequam
3023 5312 3337 5392 gustassent
3364 5312 3432 5366 de
3463 5312 3663 5392 arbore
3700 5332 3718 5378 ;

2133 5398 2435 5456 posteaque
2485 5386 2768 5456 aperuisse
2813 5382 3038 5451 oculos,
3083 5394 3138 5441 et
3167 5384 3369 5439 vidisse
3402 5382 3720 5437 nuditatem

2133 5473 2317 5598 ἶυῗεεέἡ
2344 5473 2489 5581 Ι’Ἐπὶ
2518 5525 2595 5595 τῇ
2628 5526 2906 5598 Σοδόμων
2934 5521 3340 5594 καταστροφῇ.
3360 5520 3499 5577 Vide
3525 5522 3719 5577 locum

2132 5595 2314 5676 Glyca';
2347 5597 2403 5676 i_n_
2428 5597 2573 5676 ΙδῇοιειΔ
2589 5598 2657 5649 75
2681 5598 2853 5676 infra.
2880 5595 2957 5651 In.
2991 5666 3027 5676 _
3119 5664 3155 5676 η
3230 5664 3246 5676 ,
3448 5662 3461 5676 .

2206 5664 2317 5738 (70)
2352 5667 2463 5721 Kal
2494 5666 2716 5738 φθονεῖ.
2768 5666 2945 5722 Moses
2990 5664 3301 5735 Bar-Cepha
3341 5664 3520 5735 capite
3543 5676 3720 5733 snpe-

2133 5739 2248 5793 rius
2278 5739 2463 5795 citato.
2495 5739 2571 5793 Io.

3779 4665 3799 4699 4
