3868 6212
226 332 334 389 157

1372 319 1834 378 ειιεΜΕΝτιΝΑ.
1859 350 1929 362 -
1946 319 2229 376 ΗΟΜΙΙᾸᾹ
2265 318 2355 375 lli.

3395 316 3498 370 133

221 443 385 498 λεται
414 439 477 494 τὸ
504 439 657 503 τέλος
703 438 1013 511 ἀκριὸῶσαι
1043 435 1209 499 θέλει,
1244 434 1279 506 ἢ
1312 434 1407 487 ἐπὶ
1450 433 1530 505 τῷ
1558 432 1633 503 μὴ
1682 431 1824 487 κατά

1936 434 2069 499 vult,
2113 441 2208 489 aut
2235 432 2493 489 convenit
2524 445 2646 487 eam
2671 430 2744 485 ob
2765 445 2881 486 rem
2918 431 3229 501 pmnitcnti,
3256 447 3378 501 qua;
3400 448 3511 487 non

222 536 461 608 γνώμην
494 533 759 587 ἀποϐάντι
797 529 1240 604 μεταμελομένου
1270 526 1312 580 ⁸.
1369 528 1481 581 Kal
1529 526 1591 580 τὸ
1624 524 1830 597 γεγρά-

227 632 390 699 φθαι·
438 628 551 683 Καὶ
610 625 937 696 ὠσφράνθη
982 626 1201 692 Κύριος
1250 623 1454 692 ὀσμὴν
1502 620 1662 690 ιοο
1685 621 1830 672 εὐω-

138 717 143 719 Α
222 726 385 789 δίης,
445 720 659 785 ἐνδεοῦς
689 722 874 784 ἐστιν,
908 719 1004 773 καὶ
1058 717 1121 771 τὸ
1182 715 1277 769 ἐπὶ
1322 714 1517 786 κνίσσῃ
1551 715 1570 744 ⁷
1607 710 1828 783 σαρκῶν

224 815 490 887 ἡσθῆναι,
522 815 625 867 οὐκ
655 812 886 883 ἀγαθοῦ.
938 810 1013 865 Τὸ
1043 811 1100 865 δὲ
1135 808 1445 881 πειράζειν,
1496 806 1572 870 ὼς
1621 804 1827 875 γέγρα-

229 924 400 961 πται·
442 906 557 960 Kal
583 906 871 974 ἐπείρασε
899 908 1119 973 Κύριος
1165 902 1273 957 τὸν
1343 900 1622 970 Ἀϐραὰμ,
1652 889 1827 952 κακοῦ

226 1000 328 1053 καὶ
363 999 425 1053 τὸ
456 999 611 1062 τέλος
641 998 740 1070 τῆς
765 999 1047 1070 ὑπομονῆς
1083 996 1424 1066 ἀγνοοῦντος.

299 1092 420 1147 XL.
474 1091 657 1163 Ὀμῶς
687 1092 710 1124 ³
738 1094 771 1146 6
827 1092 1010 1163 Σίμων
1068 1089 1239 1144 πολλά
1286 1087 1395 1142 ἀπὺ
1424 1088 1535 1141 τῶν
1594 1085 1828 1158 Γραφῶν

229 1187 412 1241 ἐδόκει
443 1186 713 1241 δεικνύειν
741 1186 833 1239 τὸν
860 1185 994 1238 Θεὸν
1032 1183 1197 1237 παντὶ
1228 1182 1393 1237 πάθει
1442 1179 1824 1252 ὑποκείμενον.

228 1282 349 1334 Kal
391 1282 418 1334 6
446 1281 655 1352 Πέτρος
684 1278 821 1352 πρὸς
864 1278 885 1309 ⁹
918 1276 1091 1331 ταῦτα
1144 1276 1271 1347 ἔφη·
1320 1275 1384 1328 ΕΞ
1422 1273 1589 1346 μηδὲν
1638 1271 1830 1343 ἀγαπᾷ

227 1375 260 1425 6
289 1374 466 1438 κακὸς
500 1374 595 1429 καὶ⁸
628 1373 771 1427 πάνυ
818 1370 1092 1443 μοχθηρὸς
1120 1368 1205 1439 ἐφ’
1233 1362 1317 1432 οἷς
1360 1365 1666 1439 ἁμαρτάνει
1709 1365 1831 1418 ἐαυ-

230 1465 326 1518 τὸν
361 1466 628 1536 ἐλέγχειν,
663 1463 955 1535 ἀπόκριναί
992 1480 1103 1534 μοι.
1136 1462 1245 1515 Kal
1275 1462 1306 1515 6
1338 1461 1523 1532 Σίμων
1551 1460 1676 1532 ἔφη·
1712 1459 1828 1513 Οὐκ

228 1560 452 1630 ἀγαπᾷ.
505 1558 617 1612 Kal
667 1559 697 1611 6
728 1558 936 1628 Πέτρος
989 1556 1114 1625 ἔφη·
1148 1555 1277 1619 Πῶς
1315 1554 1359 1586 ¹⁰
1388 1548 1483 1606 οὖν
1534 1553 1703 1617 κακὸς
1734 1553 1830 1606 καὶ

234 1649 516 1722 μοχθηρὸς
542 1650 682 1704 εἶναι
708 1648 927 1703 δύναται
953 1649 981 1701 6
1005 1648 1157 1713 Θεὸς,
1205 1646 1366 1715 εἴπερ
1409 1645 1576 1698 αὐτοῦ
1606 1645 1829 1717 λήμμα-

1932 528 2233 582 secundum
2253 526 2580 581 sententiam
2604 524 2853 595 contigit.
2880 523 3034 590 Quod
3058 525 3222 579 etiam
3247 525 3510 593 scriptum

1904 629 2033 684 .est,
2058 629 2107 673 et
2137 619 2392 672 odoratus
2451 626 2530 672 est
2573 616 2835 671 Dominus
2872 617 3085 670 odorem
3143 618 3429 670 suavitatis
3459 629 3513 681 ι,

1931 710 2227 779 indigentis
2261 718 2365 773 est,
2424 717 2480 764 et
2514 708 2705 763 nidore
2760 708 3013 762 carnium
3064 707 3347 773 delectari,
3402 721 3512 761 non

1930 809 2016 855 est
2044 802 2195 856 boni.
2222 798 2458 855 Tentare
2514 808 2721 867 autem,
2776 800 2922 855 sicut
2984 799 3250 869 scriptum
3294 806 3409 853 est:
3442 798 3514 852 Et

1930 894 2149 948 tentavit
2175 892 2430 946 Dominus
2492 892 2850 947 Abrahamum
2879 891 2931 959 δ,
2975 892 3107 946 mali
3159 900 3263 957 est,
3305 907 3369 946 ac
3394 890 3516 961 ejus

1930 986 2024 1055 qui
2055 986 2268 1055 ignoret
2296 984 2501 1039 exitum
2528 984 2824 1054 patientiae.

2002 1084 2119 1140 XL.
2153 1084 2357 1155 Sicque
2392 1085 2583 1140 Simon
2607 1086 2796 1141 multis
2823 1101 2888 1139 ex
2936 1083 3221 1155 Scriptura
3249 1085 3385 1141 locis
3417 1100 3513 1141 as-

1932 1176 2166 1246 sumptis
2196 1176 2481 1231 videbatur
2494 1176 2729 1247 probare
2751 1217 2767 1243 ,
2791 1175 2962 1230 Deum
2988 1177 3137 1230 omni
3171 1176 3513 1247 perpessioni

1929 1282 2054 1322 esse
2086 1268 2409 1323 obnoxium.
2468 1268 2533 1323 Et
2585 1267 2782 1324 Petrus
2813 1269 2880 1324 ad
2934 1270 3052 1324 haec
3079 1269 3220 1323 dixit
3250 1286 3263 1323 :
3302 1270 3385 1321 An
3412 1268 3511 1338 qui

1930 1358 2111 1413 malus
2149 1374 2214 1413 ac
2244 1359 2406 1428 plane
2459 1358 2745 1429 improbus
2803 1367 2907 1425 est,
2938 1360 3255 1414 nullatenus
3297 1359 3431 1414 velit
3452 1373 3514 1413 se

1932 1447 2049 1517 ipse
2105 1464 2334 1520 arguere
2383 1449 2436 1504 in
2492 1450 2560 1504 iis
2609 1466 2731 1521 quae
2772 1460 2982 1521 peccat,
3016 1450 3288 1520 responde
3334 1448 3516 1505 mihi!

1931 1536 2233 1608 Respondit
2264 1539 2494 1593 Simon:
2538 1539 2764 1594 Minime
2806 1541 2956 1595 velit.
3011 1540 3236 1610 Excepit
3269 1537 3511 1594 Petrus:

1932 1645 2043 1700 quo
2082 1630 2246 1685 modo
2295 1632 2462 1702 igitur
2493 1632 2672 1687 malus
2722 1647 2785 1688 ac
2844 1632 3130 1703 improbus
3177 1618 3301 1687 esse
3334 1638 3516 1701 potest

230 1762 285 1797 τι
322 1745 367 1775 ¹¹
391 1743 463 1797 τὰ
509 1746 629 1798 κατ’
661 1742 823 1797 αὐτοῦ
868 1741 1017 1796 κακά
1045 1740 1274 1813 δημοσίᾳ
1301 1739 1580 1812 γραφέντα
1629 1756 1824 1810 προσε-

1936 1723 2102 1789 Dens,
2147 1740 2272 1778 cum
2333 1725 2507 1794 ipsius
2560 1725 2844 1779 voluntate
2894 1723 3189 1794 opprobria
3239 1723 3296 1776 in
3357 1723 3512 1777 illum

231 1836 370 1908 τέθη
398 1854 413 1902 ;
439 1838 548 1890 Kal
571 1838 600 1889 6
632 1836 835 1907 Σίμων·
885 1834 1190 1906 Ἐνδέχεται
1220 1835 1295 1905 μὴ
1328 1834 1370 1864 ¹¹
1400 1831 1542 1886 κατά
1564 1832 1827 1904 προαίρε-

233 1947 322 1982 σιν
384 1929 550 1983 αύτοῦ
605 1930 694 1999 ὑφ’
744 1927 942 1999 ἑτέρας
1000 1926 1286 1997 δυνάμεως
1345 1925 1438 1980 τὸν
1494 1927 1613 1978 κατ’
1664 1925 1828 1979 αὐτοῦ

231 2022 519 2095 γραφῆναι
576 2020 817 2092 ἔλεγχον.
853 2021 963 2074 Kal
1016 2021 1044 2072 6
1075 2019 1284 2090 Πέτρος
1316 2017 1441 2090 ἔφη·
1485 2017 1710 2089 Πρῶτον
1735 2013 1831 2071 οὖν

229 2115 397 2169 τοῦτο
432 2114 781 2187 ζητήσωμεν.
818 2114 882 2167 El
946 2112 1046 2183 μὲν
1096 2111 1203 2164 ὑπὸ
1244 2111 1345 2182 τῆς
1402 2110 1597 2164 ἑαυτοῦ
1636 2109 1830 2181 βουλῆς

231 2205 433 2261 ἑαυτὸν
466 2207 713 2279 ῆλεγξεν,
734 2207 814 2270 ὡς
847 2205 1059 2275 φθάσας
1111 2202 1586 2275 συνωμολόγησας,
1624 2202 1828 2275 μοχθη-

234 2298 333 2370 ρὸς
367 2298 471 2352 οὐκ
503 2299 672 2362 ἐστιν,
725 2300 777 2352 εἰ
807 2298 863 2351 δὲ
898 2298 989 2367 ὑφ’
1012 2295 1208 2369 ἐτέρας
1239 2296 1545 2366 δυνάμεως,
1570 2294 1829 2367 ζητητέον

230 2390 331 2444 καὶ
369 2392 535 2444 παντὶ
570 2390 746 2444 σθένει
802 2388 1140 2457 ἐξεταστέον,
1199 2388 1271 2460 μή
1317 2405 1403 2451 τις
1450 2387 1614 2440 αὑτὸν
1670 2385 1829 2457 μόνον

230 2484 441 2555 ἀγαθὸν
484 2484 616 2538 ὄντα
647 2485 742 2538 ἐπὶ
785 2485 918 2537 πᾶσι
947 2485 1060 2545 τοῖς
1098 2484 1287 2544 κακοῖς
1338 2480 1607 2533 ὑπέϐαλεν
1655 2479 1719 2532 ¹³.

305 2640 447 2696 XLI.
491 2642 601 2696 Kal
652 2642 682 2694 6
719 2640 925 2712 Σίμων·
970 2638 1246 2712 Πρόδηλος
1304 2632 1356 2690 εἷ
1409 2636 1665 2707 φεύγων,
1718 2634 1831 2691 ἀπὸ

231 2734 348 2787 τῶν
379 2734 615 2807 Γραφῶν
645 2733 740 2787 τὸν
798 2731 937 2786 κατά
969 2731 1103 2785 Θεοῦ
1139 2748 1233 2784 σου
1292 2728 1523 2783 ἀκοῦσαι
1583 2729 1825 2801 ἔλεγχον.

235 2826 354 2879 Kal
408 2828 437 2879 6
482 2827 707 2898 Πέτρος·
763 2824 935 2887 Αὐτός
994 2840 1083 2895 μοι
1131 2821 1293 2893 φαίνῃ
1336 2821 1496 2874 τοῦτο
1530 2820 1721 2875 ποιῶν.
1770 2821 1828 2874 Ὀ

235 2921 354 2993 γὰρ
391 2921 546 2986 τάξιν
591 2920 874 2991 ζητήσεως
928 2916 1144 2986 φεύγων
1193 2915 1440 2979 ἐξέτασιν
1504 2914 1678 2987 ἀληθῆ
1734 2930 1829 2982 γε-

234 3015 429 3070 νέσθαι
461 3016 521 3068 οὐ
550 3012 817 3085 βούλεται.
844 3010 1006 3085 Ὅθεν
1030 3009 1182 3079 101
1208 3006 1317 3076 ἐγὼ
1342 3009 1409 3079 τῇ
1434 3005 1586 3071 τάξει
1618 3004 1830 3079 χρώμε-

1933 1814 2245 1886 conscripta
2286 1817 2502 1886 publice
2532 1817 2779 1887 apposita
2832 1818 2962 1871 sint.
2993 1816 3072 1871 Ac
3103 1815 3293 1871 Simon
3325 1835 3338 1870 :
3365 1814 3511 1870 Fieri

1930 1917 2109 1979 potest
2152 1918 2213 1963 ut
2246 1909 2394 1963 illius
2430 1909 2786 1979 reprehensio
2841 1917 3035 1964 contra
3071 1909 3244 1979 ipsius
3297 1918 3514 1964 senten-

1931 2001 2063 2056 tiam
2093 2001 2162 2056 ab
2193 2002 2296 2057 alia
2334 2002 2535 2056 virtute
2562 2002 2634 2056 sit
2673 2002 2900 2071 scripta.
2938 2001 3086 2056 Dixit
3114 2001 3311 2056 Petrus
3344 2021 3358 2056 :
3392 2001 3515 2055 Pri-

1930 2108 2081 2148 mum
2106 2108 2237 2164 ergo
2265 2094 2370 2148 hoc
2414 2109 2753 2164 quaeramus.
2797 2093 2853 2148 Si
2893 2109 2995 2152 suo
3026 2095 3248 2164 quidem
3278 2094 3514 2149 consilio

1931 2199 1990 2240 se
2028 2183 2412 2254 reprehendit,
2450 2194 2509 2239 ut
2553 2193 2611 2239 tu
2675 2186 2830 2254 prius
2890 2184 3037 2239 ultro
3080 2184 3371 2240 confessus
3428 2198 3510 2249 es,

1931 2277 2217 2348 improbus
2254 2293 2365 2332 non
2398 2285 2519 2342 est;
2551 2277 2637 2333 sin
2685 2292 2815 2331 vero
2837 2277 2943 2330 alia
2975 2277 3196 2343 virtute,
3229 2277 3516 2346 inquireno

1930 2368 2060 2423 dum
2092 2375 2177 2423 est
2234 2382 2298 2422 ac
2330 2368 2588 2423 omnibus
2630 2367 2847 2421 viribus
2881 2368 3331 2435 examinandum,
3378 2383 3512 2421 num

1930 2458 2057 2529 quis
2085 2474 2234 2525 enm,
2265 2458 2360 2528 qui
2396 2458 2547 2514 solus
2573 2460 2755 2515 bonus
2805 2458 3031 2526 existat,
3072 2459 3331 2513 omnibus
3351 2459 3514 2512 malis

1931 2551 2244 2619 subiecerit.
2754 2556 2757 2557 '

2002 2642 2138 2697 XLI.
2168 2642 2235 2698 Et
2263 2642 2456 2699 Simon
2483 2662 2497 2698 :
2541 2642 2889 2699 Manifestum
2930 2651 3015 2698 est
3042 2652 3095 2697 te
3128 2642 3516 2713 reprehensio-

1932 2751 2055 2792 nem
2094 2736 2188 2791 Dei
2232 2736 2311 2791 tui
2342 2751 2411 2790 ex
2443 2735 2747 2805 Scripturis
2770 2737 2916 2789 nolle
2943 2736 3158 2789 audire.
3186 2735 3266 2790 Ac
3293 2735 3511 2789 Petrus:

1931 2822 2014 2879 Tu
2046 2825 2164 2895 ipse
2194 2825 2247 2880 id
2278 2825 2463 2882 facere
2516 2826 2652 2880 mihi
2674 2826 2903 2881 videris.
2930 2827 3037 2892 Qui
3082 2826 3229 2881 enim
3263 2825 3513 2880 ordinem

1930 2917 2255 2987 quaestionis
2302 2918 2472 2987 fugit,
2529 2934 2758 2973 examen
2801 2934 2993 2973 verum
3050 2918 3167 2973 fieri
3209 2933 3323 2972 non
3371 2917 3513 2971 vult.

1938 3008 2090 3065 Unde
2112 3023 2235 3079 ego,
2260 3010 2355 3079 qui
2386 3009 2581 3064 ordine
2610 3020 2764 3075 utor,
2795 3019 2852 3064 et
2886 3010 3013 3063 volo
3052 3010 3290 3079 primum
3323 3009 3515 3064 consio

236 3130 351 3177 νος,
385 3110 481 3165 καὶ
512 3074 837 3180 βουλόμενος
877 3074 1119 3174 7:351;
1142 3074 1596 3170 :tbvvauyvpacpéa
1620 3074 1824 3169 66116;]-

1936 3101 2113 3156 derari
2141 3101 2487 3171 scriptorem,
2536 3100 2825 3156 manifeste
2871 3102 3033 3171 cupio
3062 3110 3212 3157 recta
3239 3102 3332 3157 via‘
3359 3103 3515 3157 ince-

236 3223 353 3268 ναι,
388 3200 654 3275 πρόδηλός
710 3199 827 3268 εἰμι
858 3196 959 3267 τὴν
991 3193 1205 3247 εύθεῖαν
1237 3192 1441 3245 ὁδεύειν
1476 3189 1665 3245 θέλων.
1717 3190 1824 3245 Kal

1936 3190 2086 3247 dere.
2118 3190 2259 3246 Tum
2298 3191 2488 3246 Simon
2516 3211 2529 3246 :
2561 3190 2747 3247 Primo
2775 3192 2969 3258 fatere,
2997 3208 3066 3247 an
3099 3210 3227 3248 vera
3258 3194 3369 3248 sint
3392 3210 3515 3263 qua:

234 3298 267 3352 6
300 3296 507 3367 Σίμων·
579 3289 945 3363 Ὀμολόγησον
1004 3286 1242 3357 πρῶτον,
1299 3283 1415 3353 εἴγε
1455 3282 1527 3337 τά
1555 3282 1699 3338 κατά
1730 3281 1824 3336 τοῦ

1936 3286 2131 3357 scripta
2161 3296 2293 3342 sunt
2323 3287 2376 3340 in
2415 3287 2605 3341 mundi
2645 3287 2899 3357 Opificem
2928 3303 3030 3343 nec
3055 3288 3127 3342 sit
3149 3288 3397 3343 omnium
3418 3305 3516 3342 su-

235 3384 577 3463 δημιουργοῦ
625 3381 986 3454 γεγραμμένα
1030 3378 1202 3449 ἀληθῆ
1262 3379 1401 3440 ἐστι,
1461 3376 1558 3430 καὶ
1583 3376 1685 3429 οὐκ
1712 3375 1824 3428 ἔστι

1936 3394 2175 3449 premus,
2207 3394 2332 3434 cum
2377 3379 2532 3448 juxta
2565 3377 2881 3450 Scripturas
2910 3380 3060 3433 omni
3092 3380 3351 3449 nequitia:
3377 3382 3513 3437 sub-

234 3484 351 3538 τῶν
378 3481 516 3536 ὅλων
549 3477 842 3548 ἀνῶτερος,
876 3471 1017 3525 κατά
1050 3470 1149 3534 τὰς
1170 3469 1394 3540 Γραφὰς
1426 3468 1574 3541 πάσῃ
1608 3468 1830 3522 ὑποκεε..

239 3592 406 3648 μεάος
438 3545 739 3645 μοχθηρᾷ,
784 3566 880 3621 καὶ
913 3565 1138 3636 ὕστερον
1200 3563 1507 3635 ζητήσομεν
1550 3561 1641 3614 τὸν
1698 3578 1828 3631 συγ-

236 3666 552 3741 γράψαντα.
584 3663 694 3716 Kal
720 3662 749 3713 6
771 3659 998 3730 Πέτρος·
1057 3658 1173 3709 Ἵνα
1209 3656 1282 3726 μὴ
1315 3655 1472 3721 δόξω,
1520 3653 1826 3722 ἀντιλέγειν

240 3780 339 3816 σου
372 3762 440 3831 τῇ
495 3756 689 3826 ἀταξίᾳ
724 3753 798 3824 μὴ
851 3749 1022 3803 θέλων
1063 3748 1127 3811 ³⁸,
1170 3748 1372 3817 ζητεῖν,
1433 3745 1822 3816 ἀποκρίνομαι.

252 3853 397 3923 Ἐγώ
425 3869 567 3923 φημι
613 3850 694 3901 δτι
752 3847 801 3898 εἰ
844 3842 915 3897 τά
965 3840 1107 3895 κατὰ
1139 3839 1232 3892 τοῦ
1275 3838 1410 3892 Θεοῦ
1467 3838 1827 3909 γεγραμμένα

237 3945 416 4015 ἀληθῆ
452 3942 558 4014 εἴη,
612 3939 767 3993 οῦπω
815 3936 908 3989 τὸν
956 3934 1087 3987 Θεὸν
1119 3932 1356 3985 δείκνυσι
1398 3931 1687 4003 μοχθηρόν,
1716 3931 1827 3983 Καὶ

235 4038 268 4093 6
295 4037 479 4110 Σίμων
508 4035 630 4105 ἔφη·
667 4030 794 4093 Πῶς
821 4028 976 4082 τοῦτο
1003 4027 1264 4097 συστῆσαι
1289 4024 1546 4091 δύνασαι;

314 4127 473 4184 XLII.
513 4127 624 4181 Kal
651 4127 680 4178 6
712 4123 942 4193 Πέτρος·
978 4121 1102 4173 Ὅτι
1141 4122 1261 4181 ταῖς
1309 4116 1471 4171 αὑτὸν
1518 4117 1706 4180 κακῶς
1742 4117 1828 4169 λε-

1927 3471 2128 3542 jaceat,
2183 3480 2239 3526 et
2291 3480 2482 3542 postea
2529 3472 2852 3541 scriptorem
2908 3485 3245 3541 quaeramus.
3315 3472 3514 3528 Petrus

1933 3573 2165 3619 autem:
2211 3562 2291 3618 Ne
2348 3562 2534 3618 videar
2587 3564 2887 3633 inquirere,
2938 3564 3135 3618 nolens
3198 3564 3513 3619 confusioni

1932 3662 2041 3709 tua:
2062 3653 2460 3719 contradicere,
2483 3655 2808 3723 respondeo.
2841 3653 2951 3723 Ego
2979 3654 3068 3709 aio
3093 3655 3262 3724 quod,
3295 3657 3512 3711 etiamsi

1933 3762 2056 3817 qua:
2079 3747 2345 3801 adversus
2382 3744 2555 3799 Deum
2588 3745 2792 3814 scripta
2828 3754 2977 3808 sunt,
3009 3754 3196 3800 essent
3221 3762 3372 3812 vera,
3403 3764 3510 3802 non

1932 3849 2117 3894 tamen
2178 3838 2343 3891 etiam
2417 3837 2497 3891 sic
2567 3836 2735 3891 Deum
2804 3837 3157 3893 ostenderent
3220 3854 3343 3893 esse
3410 3840 3515 3893 im-

1931 3930 2188 4001 probum.
2253 3929 2318 3983 Et
2367 3930 2557 3983 Simon
2602 3929 2785 3984 dixit:
2830 3928 2951 3995 Quo
2996 3931 3160 3984 modo
3219 3940 3377 4001 potes
3409 3933 3515 3986 hoc

1931 4023 2214 4077 astruere?

2006 4115 2166 4171 XLII.
2219 4117 2289 4169 At
2339 4115 2534 4171 Petrus
2576 4132 2589 4166 :
2642 4114 2915 4181 Quoniam
2974 4115 3245 4170 contraria
3309 4115 3511 4186 scripta

237 4222 466 4291 γούσαις
496 4219 699 4286 φωναῖς
722 4214 766 4245 ³⁸
783 4212 853 4265 τά
879 4209 1095 4263 ἐναντία
1114 4208 1444 4299 γέγραπται,
1473 4200 1534 4259 οῦ
1560 4207 1601 4236 ¹⁶
1623 4205 1824 4291 εἵνεκεν

1936 4219 2064 4265 sunt
2094 4211 2161 4264 iis
2183 4208 2412 4264 vocibus
2446 4224 2568 4279 qua:
2592 4208 2703 4263 Deo
2737 4209 3113 4278 obloqnnntur
3143 4226 3156 4261 :
3183 4218 3513 4278 quapropter

235 4313 348 4368 οὐδ’
404 4310 662 4382 ὁπότερον
714 4304 1072 4377 βεϐαιωθῆναι
1102 4301 1342 4355 δύναται.
1380 4301 1491 4354 Kal
1538 4301 1566 4352 6
1609 4299 1823 4369 Σίμων·

238 4407 370 4469 Πῶς
413 4398 649 4469 οὖν,τῶν
678 4397 911 4471 Γραφῶν
948 4395 1058 4448 τῶν
1105 4394 1203 4465 μὲν
1242 4394 1403 4447 αὑτὸν
1445 4393 1612 4446 κακὸν
1643 4392 1829 4460 λεγου-

238 4499 353 4553 σῶν
381 4497 447 4559 ⁸⁷,
479 4493 588 4547 τῶν
626 4493 684 4547 δὲ
715 4490 942 4559 ἀγαθὸν,
988 4488 1050 4542 τὸ
1077 4487 1274 4558 ἀληθὲς
1307 4485 1452 4538 ἐστιν
1498 4483 1824 4553 ὲπιγνῶναι;

225 4590 337 4645 Kal
359 4590 387 4640 6
417 4587 647 4658 Πέτρος·
684 4584 845 4637 Ὅσαι
876 4579 986 4632 τῶν
1016 4578 1249 4651 Γραφῶν
1278 4576 1452 4643 φωναὶ
1474 4572 1826 4645 συμφωνοῦσι

235 4683 308 4751 τῇ
336 4680 427 4733 ὑπ’
457 4676 623 4731 αὐτοῦ
650 4672 915 4744 γενομένῃ
948 4671 1144 4735 κτίσει,
1181 4668 1398 4737 ἀληθεῖς
1437 4668 1591 4718 εἰσιν·
1618 4666 1740 4717 ὅσαι
1768 4664 1825 4715 δὲ

237 4770 521 4835 ἐναντίαι,
565 4766 776 4837 ψευδεῖς
832 4762 1205 4832 τυγχάνουσιν.
1256 4760 1365 4813 Kal
1406 4760 1433 4810 6
1471 4759 1653 4827 Σίμων
1698 4756 1819 4825 ἔφη·

237 4861 369 4925 Πῶς
398 4858 623 4914 δύνασαι
654 4856 1066 4925 ὲναντιουμένας
1095 4853 1315 4913 ἑαυταῖς
1354 4848 1521 4913 δεῖξαι
1552 4847 1651 4910 τὰς
1680 4847 1823 4917 Γρα-

238 4958 380 5028 φάς;
426 4952 538 5007 Kal
574 4953 603 5004 6
637 4950 842 5021 Πέτρος
874 4946 997 5017 ἔφη·
1051 4945 1155 4997 Τὸν
1200 4942 1370 5012 Ἀδάμ
1409 4941 1605 5010 τυφλὴν
1649 4939 1825 5007 λέγεις

234 5045 591 5119 γεγενῆσθαι,
626 5044 761 5113 ὅπερ
788 5042 889 5094 ούκ
913 5036 999 5111 ἦν.
1034 5039 1109 5092 Ού
1142 5036 1250 5108 γάρ
1280 5034 1344 5089 ἂν
1372 5034 1557 5105 τυφλῷ
1586 5032 1828 5085 ἐντελλό-

312 5240 337 5269 ι
370 5227 508 5282 Gen.
531 5236 654 5287 vm,
681 5219 772 5274 21.
852 5219 881 5258 ι’
903 5215 1038 5272 Gen.
1075 5229 1209 5272 un,
1247 5214 1298 5269 ί..

1929 4312 2187 4358 neutrum
2220 4310 2403 4372 potest
2438 4310 2649 4355 certum
2682 4316 2749 4356 ac
2774 4301 2992 4355 firmum
3026 4300 3202 4356 reddi.
3246 4300 3385 4354 Tum
3419 4300 3513 4354 Si-

1931 4392 2246 4465 moanna
2287 4411 2420 4467 ergo
2474 4396 2687 4450 ratione
2736 4411 2927 4451 verum
2978 4407 3309 4465 cognoscere
3358 4393 3509 4459 licet,

1929 4507 2054 4547 cum
2084 4507 2150 4545 ex
2194 4487 2497 4559 Scripturis
2530 4488 2651 4541 alia:
2680 4486 2850 4539 Deum
2886 4487 3092 4540 malum
3124 4486 3345 4550 dicant,
3390 4486 3513 4539 alia:

1932 4584 2186 4639 bonum?
2245 4581 2309 4635 Et
2362 4581 2559 4635 Petrus
2612 4598 2627 4634 :
2680 4577 3034 4647 Quaecunque
3097 4576 3509 4648 Scripturarum

1930 4678 2095 4731 verba
2122 4691 2250 4731 cum
2289 4674 2569 4729 creatione
2601 4673 2670 4726 ab
2700 4671 2821 4740 ipso
2851 4669 2989 4724 facta
3006 4671 3508 4733 concordant,vera

1934 4778 2084 4833 sunt,
2115 4782 2455 4837 qurecunque
2480 4780 2613 4819 vero
2644 4780 2768 4819 cum
2798 4779 2859 4817 ea
2893 4772 3158 4833 pugnant,
3197 4762 3357 4818 falsa.
3402 4762 3511 4815 Ex-

1934 4862 2076 4930 cepit
2106 4858 2295 4913 Simon
2325 4875 2337 4909 :
2366 4856 2468 4924 Qui
2511 4857 2803 4909 ostendere
2848 4863 3004 4923 potes
3055 4853 3158 4907 sibi
3197 4855 3509 4908 contrarias

1934 4970 2053 5009 esse
2095 4952 2444 5023 Scripturas?
2471 4950 2770 5019 Respondit
2797 4947 3030 5001 Petrus:
3060 4946 3330 5002 Adamum
3372 4947 3509 5003 dicis

1932 5060 2135 5100 caecum
2194 5046 2484 5097 formatum
2544 5041 2747 5105 fuisse;
2807 5039 2953 5108 quod
3011 5047 3191 5093 tamen
3239 5038 3331 5093 ille
3397 5056 3506 5093 non

1512 5317 1752 5373 νΑΒιᾹ]
1822 5313 2228 5373 LECTIONES.

311 5468 823 5548 ’μεταμελομένην
856 5465 1245 5548 «sederem.
1270 5459 1336 5513 ad
1369 5456 1628 5548 σιεέ-ψιςρ
1658 5497 1672 5518 ’
1707 5453 2143 5548 “seven”?
2161 5452 2217 5548 ,ετ
2238 5434 3501 5548 ῖιμὲἷῗἑλῗῗῗέ,ἱξέἵοὲηξῖρῗ’’πεΐιεῗῗῗὲᾖῗῇῗέΐῖἳξέἰ,92

231 5528 435 5600 ’118ῖᾶ
476 5528 1120 5596 Ιθεῐηέδιοιιόὺοηίαἰιί
1160 5531 1388 5600 κνίσσει,
1416 5529 1456 5582 C
1498 5528 1674 5600 κνίσῃ.

234 5614 620 5699 έξλαμδέεϊωγς
704 5609 749 5699 .3
793 5607 928 5699 spis
977 5620 1012 5699 Ρ

234 5657 649 5743 ἔῖὲΓνᾜψΙῖε
702 5676 749 5732 0
877 5657 1306 5743 ὓλλείμματιβ
1338 5711 1353 5735 ,
1385 5669 1648 5743 θελήματι
1686 5667 1835 5743 Epit.
1861 5666 1999 5720 Tum
2032 5661 2299 5743 ττροετέθη
2340 5657 2484 5743 Epit.

1754 5530 1775 5557 ⁸
1800 5508 1874 5580 Ita
1905 5526 1943 5579 S
1972 5508 2300 5593 ,Βμωξίλοί
2319 5508 2450 5593 Posl
2472 5508 2699 5593 γραφῶν
2719 5508 2863 5593 Epit.
2893 5531 2937 5568 c.
2965 5508 3032 5566 '58
3056 5508 3300 5593 att-jungit
3318 5508 3505 5593 κξκῶς

1629 5578 1733 5629 πω
1752 5578 2232 5651 StivbnOIatum'est
2259 5588 2448 5642 ἑαυτόν
2472 5578 2524 5640 iii
2548 5578 2637 5650 0',
2671 5578 2867 5657 ad_cuj.
2904 5600 3056 5657 orant
3084 5578 3153 5635 al.
3190 5578 3334 5657 man.
3372 5578 3505 5657 ἴσως

2558 5657 2599 5685 ¹²
2627 5657 2700 5725 μή
2738 5653 2798 5717 S,
2824 5649 2888 5725 ex
2934 5654 3226 5725 Epitonte;_
3248 5649 3503 5725 deest-in

232 5716 398 5824 an:
490 5716 1306 5824 u51221553;Epi'zl':'ﬁ‘:ﬁ§sv
2048 5716 2222 5789 θέλειν
2256 5716 2315 5797 (ἶ,
2365 5716 2424 5781 1).
2507 5726 2550 5757 ¹⁸
2570 5716 2810 5799 γραφαῖς
2849 5723 2912 5776 0.
2982 5716 3150 5773 ’ίθτοῦ
3196 5720 3233 5773 S
3310 5734 3357 5773 (τ.
3411 5716 3492 5783 Cl,

521 5826 561 5856 ³⁷
584 5818 854 5885 λεγουσῶν
887 5815 1071 5877 κακῶς
1106 5818 1169 5867 Ο.

607 5916 881 5975 ΡΑτιιοι.
934 5909 1052 5969 Gn.
1112 5908 1187 5970 ll.

237 5829 404 5881 male.

3244 5882 3283 5938 ξι
