3894 6208
284 304 393 365 “5

1428 309 1899 367 CLEMENTINA.
1933 343 2007 356 —
2037 312 2323 371 HOMlLlA
2359 315 2450 372 Ill.

3462 319 3559 375 Mli

279 430 635 501 γραμματεῖς
688 428 783 482 καὶ
824 427 1180 493 διδασκάλους
1218 427 1485 499 πέμπειν,
1525 429 1603 495 ὡς
1644 429 1741 485 τοῦ
1789 430 1863 485 δν-

1980 434 2191 490 scribas
2214 443 2269 489 ct
2289 435 2542 492 doctores
2601 434 2830 494 remittit
2886 476 2902 503 ,
2941 434 3153 493 clarum
3175 448 3261 491 est
3289 436 3563 492 remittere

279 540 393 587 τως
423 523 470 554 ⁸⁸
502 521 668 594 νόμου
710 521 922 585 εἰδότας
958 522 1029 574 τὰ
1071 520 1265 592 ἀληθῆ,
1310 520 1467 592 δῆλόν
1504 522 1671 575 ἐστιν.
1707 522 1780 575 Τὸ
1822 523 1880 577 δὲ

278 617 376 670 καὶ
409 616 585 668 εἰπεῖν
611 613 776 669 αὐτόν
802 631 816 644 ·
852 616 975 668 Οὐκ
1017 614 1211 683 ἦλθον
1260 614 1596 668 καταλῦσαι
1638 614 1747 669 τὸν
1781 616 1881 669 νό-

253 724 418 780 μον,
466 706 563 761 καὶ
595 705 880 776 φαίνεσθαι
921 705 1085 759 αὐτὸν
1132 705 1487 770 καταλύοντα,
1524 706 1879 777 σημαίνοντος

273 794 367 870 ἦν,
403 798 510 862 ὅτι,
535 796 573 852 ἃ
602 797 916 862 κατέλυσεν,
949 797 1051 850 ούκ
1097 792 1165 869 ἦν
1205 796 1300 849 τοῦ
1353 797 1540 868 νόμου.
1577 797 1651 851 Τὸ
1683 798 1741 852 δὲ
1782 798 1879 852 καὶ

272 893 457 944 εἰπεῖν
478 905 495 922 ⁸
535 890 598 945 '0
630 890 890 963 οὐρανὸς
916 889 1017 944 καὶ
1043 889 1083 959 ἡ
1116 889 1193 959 γῆ
1215 889 1712 957 παρελεύσονται,
1738 889 1878 945 ἰῶτα

271 981 343 1036 δὲ
380 980 424 1014 ³⁷
458 980 530 1036 ἐν
552 981 591 1049 ἢ
616 983 727 1052 μία
752 982 960 1051 κεραία
983 980 1162 1052 οὺμὴ
1190 980 1461 1052 παρέλθῃ
1489 981 1605 1037 ἀπὸ
1643 982 1749 1037 τοῦ
1776 983 1876 1037 νό-

264 1092 424 1146 μου·
460 1075 531 1129 τὰ
556 1076 664 1148 πρὸ
696 1074 926 1147 ούρανοῦ
952 1075 1048 1128 καὶ
1076 1075 1180 1146 γῆς
1212 1075 1601 1148 παρερχόμενα
1634 1077 1874 1149 ἐσήμανε

273 1169 353 1239 μὴ
390 1167 525 1222 ὄντα
557 1168 653 1222 τοῦ
685 1168 856 1231 ὅντως
887 1167 1073 1239 νόμου.

347 1260 508 1330 107
540 1258 651 1314 Lll.
705 1259 856 1312 Ἐπεὶ
897 1252 992 1313 οὖν
1022 1258 1252 1331 ούρανοῦ
1305 1257 1402 1313 καὶ⁵
1444 1258 1549 1328 γῆς
1581 1257 1661 1312 ἐτι
1714 1276 1871 1314 συνε-

271 1350 501 1405 στώτων
533 1351 810 1423 παρῆλθον
846 1350 1048 1418 θυσίαι,
1082 1351 1370 1422 βασιλεῖαι,
1413 1352 1471 1405 αἱ
1504 1354 1562 1406 ἐν
1594 1356 1874 1424 γεννητοῖς

266 1442 549 1511 γυναικῶν
567 1445 918 1515 προφητεῖαι,
953 1445 1049 1499 καὶ
1066 1444 1169 1499 ὅσα
1198 1444 1243 1477 ⁸⁸
1262 1442 1509 1509 τοιαῦτα,
1531 1445 1607 1509 ὡς
1624 1445 1723 1498 οὐκ
1742 1444 1871 1499 ὄντα

265 1534 405 1591 Θεοῦ
428 1536 850 1607 προστάγματα,
874 1536 1026 1590 ἐνθεν
1056 1536 1189 1605 γοῦν
1214 1536 1363 1606 λέγει
1386 1554 1401 1567 ·
1437 1536 1615 1592 Πᾶσα
1633 1539 1867 1607 φυτεία,

264 1624 351 1693 ἦν
388 1629 502 1681 οὐκ
530 1627 867 1697 ἐφύτευσεν
898 1631 932 1683 ὀ
982 1629 1186 1699 Πατὴρ
1227 1632 1260 1684 d
1292 1628 1593 1698 οὐράνιος,
1638 1628 1870 1697 ἐκριζω-

264 1718 541 1786 θήσεται.
575 1720 674 1775 Διὰ
694 1720 863 1795 τοῦτο
889 1721 1055 1785 αὐτὸς
1085 1721 1293 1793 ἀληθὴς
1323 1721 1401 1776 ὣν
1433 1723 1722 1795 προφήτης
1755 1721 1868 1775 ἔλε-

1983 534 2243 596 tanquam
2273 526 2341 581 ad
2369 541 2465 582 eos
2494 526 2593 597 qui
2634 543 2778 583 vera:
2807 527 2942 599 legis
2963 528 3566 602 veracognoscebanta.

1981 616 2137 685 Quod
2169 620 2333 675 etiam
2399 619 2517 690 ipse
2568 620 2691 675 ait:
2729 618 2855 674 Non
2900 620 3018 675 veni
3066 619 3262 674 solvere
3303 619 3464 691 legem
3504 618 3558 684 ιι,

1978 722 2033 765 et
2059 720 2238 766 tamen
2269 712 2608 781 conspicitur
2636 712 2868 781 solvere,
2896 712 2949 767 id
2978 712 3339 783 signiﬁcantis
3368 720 3474 777 est,
3496 727 3563 767 ea

1978 816 2100 873 quae
2132 802 2295 857 solvit
2340 819 2449 857 non
2490 803 2820 874 pertinuisse
2861 803 2931 858 ad
2978 802 3177 876 legem.
3231 801 3337 859 Sed
3380 811 3437 858 et
3475 801 3562 857 di-

1977 895 2150 951 cendo
2181 913 2195 949 :
2226 894 2429 949 Caelum
2453 904 2503 949 et
2530 904 2673 949 terra
2722 896 3049 964 transibunt,
3099 894 3191 949 sed
3242 896 3355 949 iota
3397 910 3563 949 unum

1977 998 2070 1042 aut
2098 1003 2235 1040 unus
2278 1004 2412 1058 apex
2448 1004 2551 1042 non
2585 987 2880 1058 prwteribit
2919 1005 2953 1042 a
2990 988 3099 1059 lege
3128 999 3190 1055 ες
3247 986 3563 1044 manifesta-

1974 1079 2072 1146 vit,
2098 1094 2238 1134 verre
2264 1078 2399 1150 legis
2425 1094 2533 1134 non
2562 1096 2684 1137 esse
2709 1080 2801 1135 illa
2832 1096 2954 1152 quae
2979 1089 3108 1137 ante
3138 1081 3339 1136 coelum
3372 1089 3427 1136 et
3454 1090 3563 1136 ter-

1976 1187 2093 1226 ram
2122 1172 2475 1226 transierunt.

2046 1257 2156 1315 ιιι.
2197 1260 2428 1325 Quando
2464 1259 2627 1330 igitur
2651 1260 2792 1317 coelo
2819 1271 2873 1315 et
2900 1270 3045 1316 terra
3076 1260 3258 1315 adhuc
3287 1260 3562 1316 stantibus

1937 1350 1941 1353 ’
1973 1351 2310 1408 transierunt
2342 1352 2637 1418 sacriﬁcia,
2665 1368 2854 1422 regna,
2881 1353 3202 1423 prophetiae,
3249 1368 3373 1424 quae
3419 1352 3562 1407 inter

1972 1452 2132 1500 natos
2159 1444 2477 1510 mulierum,
2509 1454 2564 1500 et
2588 1460 2712 1515 qua:
2741 1446 2827 1501 his
2860 1447 3082 1512 similia,
3112 1446 3271 1517 quasi
3300 1462 3424 1517 quae
3446 1460 3559 1501 non

1970 1546 2158 1594 essent
2196 1536 2294 1592 Dei
2323 1537 2615 1605 mandata;
2648 1537 2776 1593 inde
2809 1554 2940 1609 ergo
2968 1540 3044 1594 ait
3076 1557 3089 1593 :
3125 1538 3310 1594 Omnis
3340 1538 3560 1609 planta-

1971 1632 2065 1697 tio,
2110 1646 2271 1702 quam
2322 1646 2426 1684 non
2457 1631 2716 1700 plantavit
2769 1631 2937 1686 Pater
2984 1630 3231 1699 ccelestis,
3258 1630 3561 1686 eradicabi-

1972 1735 2059 1779 tur
2090 1722 2141 1779 ἀ.
2202 1723 2432 1795 Propter
2481 1725 2587 1779 hoc
2624 1724 2761 1795 ipse,
2828 1741 2991 1780 verus
3043 1725 3335 1796 propheta,
3373 1725 3557 1781 dixit:

262 1828 364 1881 γεν
388 1830 403 1843 ·
450 1813 599 1883 Ἐγώ
622 1794 745 1882 ειμῖ
770 1814 810 1883 ἠ
842 1814 1006 1881 πύλη
1030 1813 1143 1882 τῆς
1346 1832 1361 1844 ·
1394 1817 1428 1869 ό
1455 1787 1531 1868 δι’
1740 1816 1863 1869 εισ-

1972 1816 2087 1887 Ego
2124 1834 2243 1871 sum
2267 1787 2426 1887 porta
2475 1818 2598 1872 vita:
2623 1787 2772 1887 {qui
2802 1833 2894 1886 per
2922 1832 3003 1871 me
3042 1787 3251 1885 introit,
3285 1787 3471 1871 introit
3503 1816 3560 1869 in

262 1908 596 1977 ερχόμενος
630 1906 966 1975 εἰσέρχεται
1014 1907 1102 1971 εἷς
1141 1904 1256 1974 τὴν
1285 1905 1438 1973 ζωήν
1460 1922 1473 1935 ·
1529 1906 1607 1968 ὡς
1636 1906 1738 1960 οὐκ
1775 1905 1868 1959 οὓ-

266 2016 373 2070 σης
404 1999 601 2069 ἐτέρας
631 1999 733 2070 τῆς
766 1998 959 2063 σώζειν
986 1998 1293 2070 δυναμένης
1319 1998 1688 2062 διδασκαλίας.
1714 2000 1804 2080 Δρ
1822 2000 1868 2031 ³³

262 2093 362 2146 καὶ
395 2092 526 2146 ἐϐόα
554 2092 728 2160 λέγων
751 2109 765 2123 ·
798 2092 978 2147 Δεῦτε
1008 2091 1159 2160 πρὸς
1180 2091 1259 2162 μὲ
1287 2091 1510 2158 πάντες
1540 2095 1595 2145 οὶ
1621 2092 1869 2147 κοπιῶν-

259 2201 386 2250 τες,
419 2184 721 2248 τουτέστιν,
764 2184 815 2238 οί
866 2184 969 2255 τὴν
1017 2184 1276 2255 ἀλήθειαν
1326 2184 1616 2256 ζητοῦντες
1656 2184 1752 2239 καὶ
1791 2185 1866 2258 μὴ

257 2276 615 2349 εὑρίσκοντες
663 2277 857 2348 αὑτήν.
906 2276 1018 2331 Καὶ
1069 2277 1260 2331 πάλιν
1322 2277 1398 2331 Τὰ
1450 2277 1565 2346 ἐμὰ
1603 2278 1868 2346 πρόϐατα

256 2370 471 2423 ἀκούει
502 2368 549 2401 ⁸ο
598 2366 711 2437 τῆς
756 2368 910 2439 ἐμῆς
946 2368 1173 2439 φωνῆς.
1214 2369 1325 2424 Καὶ
1362 2368 1549 2424 ἄλλοτε
1573 2386 1586 2400 ·
1627 2369 1867 2438 Ζητεῖτε

258 2461 367 2514 καὶ
394 2461 728 2530 εὑρίσκετε,
775 2461 853 2525 ὠς
888 2462 965 2534 μὴ
998 2461 1283 2535 προδήλως
1319 2462 1581 2535 κειμένης
1601 2463 1703 2535 τῆς
1730 2461 1864 2533 ἀλη-

258 2551 438 2616 θείας.

332 2644 469 2701 Llll.
524 2645 687 2700 Ἀλλά
706 2646 803 2700 καὶ
830 2644 891 2712 ἐξ
920 2644 1167 2725 οὐρανῶν
1199 2646 1244 2678 ⁸⁸
1278 2646 1490 2720 μάρτυς
1517 2646 1669 2719 φωνὴ
1702 2645 1865 2717 ἡκού-

260 2737 369 2810 σθη
396 2737 669 2806 λέγουσα’
715 2738 903 2805 Οὗτός
941 2738 1115 2793 ἐστιν
1156 2741 1189 2792 ό
1236 2739 1370 2804 Υἱός
1399 2755 1521 2807 μου
1553 2738 1598 2769 ⁸³
1642 2742 1675 2793 ό
1715 2740 1862 2808 ἀγα-

257 2829 488 2897 πητὸς,
534 2832 623 2896 εις
664 2829 737 2884 ὃν
784 2830 1122 2897 εὐδόκησα,
1165 2830 1382 2884 τούτου
1434 2830 1700 2884 ἀκούετε.
1750 2831 1863 2884 Καὶ

226 2920 402 2992 ’πρὸς
446 2921 658 2984 τούτοις
706 2921 988 2979 ἐπιπλείον
1048 2922 1249 2985 αὐτοὺς
1297 2921 1344 2953 ⁸³
1410 2920 1862 2994 πεπλανημένους

258 3011 478 3081 ἐλέγξαι
510 3013 682 3067 θέλων
711 3015 838 3077 τοὺς
882 3015 1190 3086 προφήτας,
1224 3014 1369 3085 παρ’
1399 3006 1473 3066 ὧν
1495 3013 1559 3085 δὴ
1613 3012 1862 3085 μεμαθη-

1971 1908 2136 1960 vitam
2166 1918 2214 1973 ο,
2262 1906 2391 1977 quia
2437 1921 2547 1961 non
2609 1914 2695 1961 est
2738 1905 2849 1960 alia
2892 1906 3169 1974 doctrina,
3223 1922 3348 1976 qua:
3387 1906 3561 1976 possit

1969 2000 2183 2055 salvum
2211 2000 2411 2054 facere.
2458 1997 2729 2065 Quocirca
2769 1999 3066 2064 clamabat,
3103 1998 3332 2056 dicens:
3378 1998 3560 2054 Venite

1969 2090 2039 2143 ad
2064 2106 2167 2155 me,
2194 2106 2371 2144 omnes
2399 2090 2490 2160 qui
2548 2090 2805 2145 laboratis
2858 2091 2902 2158 τ,
2928 2094 3032 2147 hoc
3080 2100 3186 2159 est,
3220 2092 3313 2162 qui
3358 2091 3559 2162 quaeri-

1969 2182 2040 2236 tis
2068 2182 2376 2248 veritatem,
2424 2196 2527 2237 nec
2569 2182 2829 2237 invenitis
2871 2200 3015 2238 eam.
3047 2183 3115 2239 Et
3152 2185 3346 2240 iterum
3381 2203 3394 2238 :
3424 2184 3555 2243 Oves

1969 2290 2097 2329 mea:
2146 2291 2321 2330 vocem
2371 2292 2540 2331 meam
2580 2276 2807 2330 audiunt
2853 2278 2900 2330 8.
2931 2274 3001 2331 Et
3048 2276 3185 2333 alias
3241 2295 3257 2332 :
3318 2277 3557 2341 Quwrite

1966 2377 2016 2421 et
2082 2368 2355 2422 invenietis
2386 2369 2451 2435 h;
2503 2368 2651 2439 quod
2705 2368 2909 2425 veritas
2966 2368 3113 2425 clare
3164 2383 3275 2424 non
3328 2368 3401 2423 sit
3451 2382 3553 2438 po-

1967 2462 2093 2517 sita.

2035 2640 2170 2699 Llll.
2214 2642 2322 2699 Sed
2372 2651 2427 2699 et
2471 2643 2540 2699 de
2588 2642 2741 2699 caelis
2779 2641 2936 2698 testis
2964 2656 3071 2697 vox
3101 2640 3288 2696 audita
3335 2650 3437 2707 est,
3469 2640 3553 2696 di.-

1964 2750 2135 2792 oens:
2170 2736 2275 2791 Hic
2313 2748 2390 2791 est
2435 2735 2611 2791 Filius
2666 2753 2811 2790 meus
2857 2736 3105 2801 dilectus,
3164 2735 3218 2789 in
3270 2750 3373 2805 quo
3420 2734 3551 2788 mihi

1963 2828 2302 2897 complacui:
2353 2829 2527 2898 ipsum
2560 2829 2740 2883 audite
2789 2830 2834 2882 i.
2902 2827 2969 2882 Et
3018 2828 3199 2883 adhuc
3237 2827 3415 2898 magis
3456 2824 3553 2883 de-

1962 2931 2272 2977 monstrare
2298 2923 2489 2977 volens
2541 2923 2695 2993 ipsos
2742 2921 3038 2992 prophetas
3079 2935 3316 2985 errasse,
3364 2936 3394 2974 a
3426 2920 3551 2990 qui-

1960 3015 2065 3071 bus
2086 3031 2144 3071 se
2157 3016 2415 3071 didicisse
2442 3015 2806 3081 aﬂirmabant,
2831 3030 2927 3070 eos
2948 3022 3198 3069 mortuos
3221 3028 3345 3069 esse
3373 3013 3427 3067 in
3455 3013 3552 3067 de-

257 3105 417 3158 κέναι
445 3105 749 3171 ἐ6ε6αίουν,
779 3106 1182 3179 ἐπιθυμοῦντας
1214 3106 1474 3178 ἀληθείας
1521 3108 1616 3160 καὶ
1653 3106 1727 3177 μὴ
1760 3124 1857 3178 με·

1970 3109 2162 3165 siderio
2180 3118 2234 3165 et
2250 3124 2359 3163 non
2375 3109 2427 3163 in
2451 3108 2763 3179 cognitione
2777 3107 3022 3162 veritatis
3045 3105 3441 3177 pronuntiavit,
3464 3105 3550 3162 his

258 3198 579 3270 μαθηκότας
604 3198 1034 3270 τελευτήσαντας
1058 3199 1373 3272 ἀπεφήνατο
1401 3196 1596 3252 εἰπών·
1628 3198 1858 3253 Πολλοί

254 3290 563 3361 προφῆται
592 3291 690 3345 καὶ
712 3291 996 3357 ,ϐασιλεῖς
1024 3291 1415 3360 ἐπεθύμησαν
1448 3290 1596 3345 ἰδεῖν
1622 3290 1661 3344 d
1688 3291 1859 3359 ὑμεῖς

248 3382 542 3449 βλέπετε,
568 3382 667 3436 καὶ
693 3383 956 3438 ἀκοῦσαι
980 3382 1019 3437 d
1042 3382 1215 3453 ὑμεῖς
1240 3382 1521 3447 ἀκούετε,
1552 3382 1652 3437 καὶ
1695 3383 1859 3452 ἀμὴν

250 3473 414 3542 λέγω
439 3473 604 3544 ὑμῖν,
639 3474 776 3530 οὔτε
804 3474 969 3530 εἶδον
998 3474 1065 3539 ⁸⁸,
1098 3474 1236 3529 οὔτε
1263 3473 1560 3544 ἤκουσαν.
1598 3476 1719 3529 Ἔτι
1750 3476 1858 3547 μὴν

251 3565 473 3636 ἔλεγεν·
528 3566 675 3637 Ἐγώ
693 3570 811 3638 ειμι
837 3566 972 3636 περὶ
1006 3566 1080 3623 οὗ
1113 3566 1380 3637 Μωῦσῆς
1405 3566 1859 3637 προεφήτευσεν

250 3658 475 3713 εἰπών·
520 3659 843 3729 Προφήτην
884 3659 1074 3730 ἐγερεῖ
1111 3659 1156 3691 ⁸⁸
1208 3659 1352 3729 ὑμῖν
1387 3661 1603 3729 Κύριος
1639 3663 1671 3714 ό
1698 3661 1859 3732 108

254 3750 404 3817 Θεὸς
433 3750 625 3820 ἡμῶν,
642 3752 711 3805 ἐκ
733 3751 852 3805 τῶν
875 3750 1155 3821 ἀδελφῶν
1173 3752 1362 3822 ὑμῶν,
1385 3752 1589 3822 ὥσπερ
1605 3754 1703 3808 καί
1728 3755 1854 3824 ἐμὲ,

251 3841 446 3897 αὐτοῦ
472 3842 719 3897 ἀκούετε
738 3844 889 3897 κατὰ
907 3842 1121 3898 πάντα·
1154 3842 1222 3911 ὃς
1246 3843 1326 3899 ἂν
1352 3844 1422 3899 δὲ
1447 3845 1492 3877 ⁸⁸
1512 3846 1601 3917 μὴ
1620 3847 1856 3919 ἀκούσῃ

250 3933 365 3989 τοῦ
401 3934 712 4004 προφήτου
740 3935 996 4000 ἐκείνου,
1027 3936 1428 3992 ἀποθανεῖται.

327 4046 464 4102 LIV.
507 4047 675 4128 'Ogev
698 4048 956 4104 ἀδύνατόν
984 4050 1132 4103 ἐστιν
1160 4050 1290 4123 ἄνευ
1340 4051 1440 4122 τῆς
1472 4050 1665 4107 τούτου
1709 4052 1856 4107 διδα-

254 4140 487 4201 σκαλίας
502 4140 730 4214 ἀληθείᾳ
745 4140 994 4214 σωζούσῃ
1013 4144 1324 4215 ἐπιστῆναι,
1344 4144 1448 4197 κᾶν
1472 4144 1564 4198 τὸν
1585 4145 1759 4200 αίῶνά
1772 4164 1856 4211 τις

251 4236 418 4306 ζητῇ,
441 4234 571 4289 ἔνθα
586 4236 649 4288 τὸ
668 4236 831 4307 ζητού
841 4254 999 4308 μενον
1019 4237 1121 4291 οὐκ
1142 4237 1288 4292 ἐστιν
1307 4254 1321 4268 ⁸
1356 4233 1423 4309 ἦν
1438 4238 1495 4290 δὲ
1514 4239 1608 4291 καὶ
1634 4238 1780 4293 ἔστιν
1796 4241 1853 4293 ὲν

248 4326 333 4396 τῷ
347 4326 524 4399 Ἰησοῦ
540 4326 697 4399 ήμῶν
715 4328 876 4400 λόγῳ.
904 4329 1050 4400 Πλὴν
1095 4329 1306 4400 τάληθῆ
1320 4331 1362 4362 ⁸⁷
1388 4330 1483 4384 τοῦ
1502 4332 1561 4384 νό
1569 4349 1669 4402 μου
1697 4331 1853 4397 εἰδὼς

249 4418 635 4482 Σαδδουκαίοις
681 4419 1134 4491 πυνθανομένοις,
1176 4422 1297 4475 καθ’
1331 4421 1390 4475 ὃν
1418 4422 1577 4491 λόγον
1610 4425 1851 4495 Μωῦσῆς

249 4510 397 4564 ἑπτὰ
425 4510 801 4584 συνεχώρησεν
828 4529 896 4582 γα
907 4515 1047 4583 μεῖν,
1084 4513 1190 4584 ἐφη
1214 4530 1228 4543 ·
1262 4513 1528 4582 Μωῦσῆς
1554 4515 1705 4569 κατὰ
1734 4515 1849 4584 τὴν

249 4603 744 4673 σκληροκαρδίαν
780 4604 948 4675 ὑμῶν
990 4606 1324 4675 ἐπέτρεψεν
1358 4607 1522 4675 ὑμῖν.
1560 4607 1687 4662 Ἀπ’
1738 4610 1845 4677 ἀρ-

248 4694 371 4764 χῆς
392 4696 506 4765 γὰρ
530 4696 717 4764 οὕτως
738 4699 851 4752 οὐκ
876 4697 1133 4767 ἐγένετο.
1171 4699 1233 4752 '0
1254 4699 1364 4768 γὰρ
1393 4700 1606 4766 κτίσας
1628 4700 1728 4754 ἀπ’
1750 4701 1847 4769 ἀρ-

246 4786 371 4855 χῆς
396 4786 509 4842 τὸν
533 4787 867 4859 ἄνθρωπον,
892 4790 1080 4861 ἄρσεν
1110 4789 1211 4846 καὶ
1237 4791 1395 4862 θῆλυ
1427 4792 1717 4862 ἐποίησεν
1747 4796 1847 4850 αὑ-

246 4898 376 4936 τον.

322 5027 348 5055 ι
374 5014 566 5070 Matth.
601 5034 759 5081 um,
792 5018 844 5075 Ξ.

324 5085 353 5125 δ
383 5087 584 5142 Matth.
618 5105 672 5152 ν,
700 5089 789 5143 1⁷.

323 5166 347 5229 ξ
378 5155 574 5229 Matth.
611 5174 763 5213 mv.
805 5161 909 5229 35;
941 5177 997 5229 ν,
1034 5161 1116 5218 18.

319 5224 348 5262 ει
376 5225 571 5282 Matth.
606 5244 696 5292 xv,
736 5229 821 5287 15.

325 5308 350 5335 ε
376 5295 541 5352 Joan.
572 5314 629 5363 Χ,
668 5300 722 5354 9.

328 5365 349 5405 ί
381 5364 574 5423 Matth.
599 5386 675 5436 χι,
707 5368 800 5427 28.

1961 3202 2194 3257 verbis:
2232 3200 2393 3255 Multi
2440 3201 2707 3271 propheta:
2748 3210 2798 3254 et
2856 3215 2999 3270 reges
3051 3199 3328 3268 cupierunt
3375 3198 3550 3253 videre

1958 3311 2077 3366 qua
2115 3310 2201 3348 vos
2229 3293 2415 3347 videtis
2446 3304 2495 3346 et
2523 3293 2712 3347 audire
2738 3308 2857 3363 qua:
2892 3307 2981 3345 vos
3021 3291 3221 3345 auditis
3252 3306 3272 3343 :
3314 3299 3363 3344 et
3394 3306 3546 3345 amen

1958 3387 2077 3440 dico
2109 3387 2274 3451 vobis,
2306 3403 2468 3456 neque
2498 3386 2740 3439 viderunt
2790 3400 2953 3455 neque
3003 3382 3289 3437 audierunt
3322 3381 3368 3439 i.
3400 3381 3549 3438 Dixit

1958 3488 2218 3550 praeterea
2249 3497 2261 3533 :
2300 3477 2414 3548 Ego
2445 3495 2563 3531 sum
2600 3478 2666 3531 de
2702 3493 2804 3547 quo
2849 3475 3056 3546 Moyses
3082 3477 3434 3546 prophetarit,
3458 3476 3545 3529 di-

1959 3589 2078 3625 cens
2124 3586 2142 3624 :
2189 3570 2512 3639 Prophetam
2560 3568 2837 3623 suscitabit
2889 3568 3032 3623 vobis
3086 3566 3346 3621 Dominus
3403 3566 3541 3621 Deus

1960 3673 2135 3717 uoster
2159 3678 2224 3717 ea:
2251 3662 2511 3732 fratribus
2555 3663 2771 3727 vestris,
2803 3661 2943 3715 sicut
2978 3676 3058 3714 me
3070 3676 3090 3724 ;
3117 3660 3291 3729 ipsum
3332 3660 3388 3712 in
3428 3675 3543 3713 om-

1958 3756 2112 3809 nibus
2154 3755 2358 3809 audite.
2403 3754 2510 3818 Qui
2569 3764 2748 3808 autem
2800 3769 2903 3806 non
2956 3753 3189 3807 audierit
3231 3753 3542 3823 prophetam

1956 3846 2133 3913 illum,
2165 3847 2421 3901 morietur
2446 3845 2495 3901 ιι.

2026 4048 2162 4105 LIV.
2200 4048 2382 4116 Quare
2426 4047 2765 4119 imposﬁbile
2794 4058 2896 4114 est,
2931 4064 3050 4104 sme
3082 4049 3257 4119 ipsius
3290 4050 3540 4106 doctrina

1955 4143 2250 4199 salutifera:
2300 4143 2552 4197 insistere
2604 4142 3121 4211 veritati,qnamvis
3165 4144 3218 4197 in
3272 4152 3538 4198 aeternum

1954 4237 2079 4306 quis
2112 4245 2343 4306 quaerat,
2376 4235 2466 4289 ubi
2494 4235 2640 4303 quod
2673 4236 2937 4303 quaaritur
2970 4251 3079 4289 non
3106 4236 3378 4301 consistit,
3403 4251 3538 4291 con-

1960 4326 2101 4383 stitit
2146 4337 2329 4382 autem
2380 4336 2434 4382 et
2475 4327 2730 4382 consistit
2763 4328 2818 4381 in
2869 4325 2998 4387 Jesu
3033 4328 3206 4382 nostri
3258 4343 3533 4382 sermone.

1957 4422 2142 4490 Itaque
2175 4436 2300 4475 cum
2344 4420 2510 4475 sciret
2552 4435 2679 4475 vera
2727 4420 2883 4491 legis,
2933 4418 3246 4475 Sadducaais
3298 4420 3534 4475 interro-

1953 4513 2229 4583 gantibus,
2277 4528 2385 4582 qua
2428 4513 2644 4567 ratione
2688 4510 2902 4584 Moyses
2952 4511 3357 4566 matrimonium
3406 4526 3531 4566 cum

1948 4611 2153 4670 septem
2188 4602 2515 4657 contrahere
2555 4602 2933 4673 permisisset,
2971 4601 3292 4671 respondit:
3325 4600 3532 4671 Moyses

1949 4695 2018 4747 ad
2040 4694 2298 4748 duritiam
2326 4703 2556 4749 vestram
2598 4696 2838 4765 permisit
2882 4693 3047 4748 vobis.
3089 4694 3169 4747 Ab
3209 4694 3363 4748 initio
3395 4695 3533 4748 enim

1946 4788 2172 4858 nonfuit
2194 4787 2290 4842 sic.
2316 4785 2422 4852 Qui
2445 4787 2585 4841 enim
2612 4787 2675 4841 ab
2698 4788 2855 4842 initio
2876 4789 3071 4843 creavit
3098 4788 3535 4856 hominem,mas.-

1945 4880 2125 4935 culum
2150 4888 2201 4935 et
2230 4879 2482 4951 feminam
2504 4879 2629 4950 fecit
2651 4896 2771 4935 eum
2798 4878 2844 4936 ι.

2023 5017 2049 5056 ⁸
2080 5012 2237 5067 Joan.
2273 5030 2325 5077 ι,
2348 5013 2438 5066 27.

2020 5083 2045 5121 h
2069 5084 2260 5137 Matth.
2286 5099 2385 5150 vti,
2422 5083 2473 5138 7.

2021 5158 2035 5194 ί
2080 5154 2271 5208 Matth.
2306 5168 2443 5219 xvu,
2474 5154 2527 5209 5.

2016 5226 2030 5273 ι
2068 5224 2261 5279 Matth.
2303 5238 2427 5280 xm.
2454 5224 2558 5290 l7;
2586 5223 2719 5284 Luc.
2750 5240 2807 5289 ι,
2838 5224 2929 5281 24.

2018 5297 2051 5335 Is
2076 5294 2236 5349 Joan.
2266 5310 2320 5360 ν,
2346 5295 2446 5359 46;
2472 5294 2593 5350 Act.
2633 5309 2716 5360 ιιι,
2751 5295 2843 5349 22.

2016 5364 2034 5404 1
2065 5364 2259 5420 Matth.
2291 5379 2429 5431 χχιι,
2456 5363 2562 5430 25;
2587 5381 2699 5430 xix,
2731 5365 2786 5431 8,
2810 5366 2865 5423 4.

1562 5526 1799 5583 VARIIE
1841 5523 2250 5582 LECTIONES.

325 5656 646 5738 ιοςιντοςρἒ
712 5660 829 5738 ’τοι
861 5660 995 5738 add._
1024 5658 1169 5738 9L9.
1194 5662 1399 5738 __"5qa
1426 5662 1831 5738 ex_ciditap_._(_ll
1880 5676 1935 5722 et
1956 5667 2015 5723 s.
2057 5666 2136 5738 _-'
2161 5667 2230 5721 δι’
2254 5668 2282 5720 δ
2311 5667 2373 5723 c.
2402 5668 2536 5738 πρὸς
2568 5667 2636 5738 μέ
2664 5684 2772 5725 om.
2816 5668 2880 5726 o.
2958 5662 3426 5738 toaxoaoumtsip)
3453 5662 3515 5738 o_.

248 5727 296 5803 ζ
352 5728 587 5803 οὐρανοῦ
612 5732 673 5785 0.
780 5732 825 5763 ⁶¹
850 5749 951 5803 μου
974 5733 1006 5785 ὁ
1028 5732 1155 5795 Υἱός
1185 5732 1249 5803 C.

248 5790 303 5853 0
327 5836 342 5865 .
366 5790 434 5854 in'
454 5801 614 5870 cujus
640 5818 813 5874 marg.
846 5790 1101 5859 monetur
1126 5790 1151 5856 τ’
1172 5802 1300 5859 νόθα
1327 5804 1467 5859 κατὰ
1490 5790 1674 5878 νομου.

1345 5733 1390 5764 ⁸³
1407 5733 1543 5806 τούςΔ
1570 5735 1632 5787 0.
1684 5733 1849 5793 "‘lta
1881 5740 1924 5791 Ο
1968 5754 2017 5794 c.
2049 5736 2088 5793 S
2117 5777 2131 5806 ,
2165 5738 2274 5793 ἴδον
2296 5737 2358 5794 C.

2461 5738 2483 5772 ⁸
2511 5732 2695 5810 ἐγείρη
2733 5741 2791 5794 0.
2861 5738 3010 5793 “xui
3043 5740 3101 5793 Ο.
3182 5737 3224 5768 ⁶⁷
3243 5732 3321 5789 τὰ
3344 5732 3539 5805 ἀληθῆ.
