3894 6208
381 337 483 396 N7

1257 340 1317 396 S.
1354 338 1750 398 CLEMENTIS
1780 338 1804 395 I
1835 338 2005 397 ROM.
2044 336 2248 400 ΡΟΝΤ.
2281 335 2511 395 OPERA
2542 337 2765 396 DUBIA.

3547 339 3653 397 HS

454 454 565 512 LV.
607 453 681 511 Iis
720 470 852 510 vero
906 455 1001 526 qui
1072 454 1430 523 arbitrantur,
1498 456 1959 526 quemadmodum

2133 450 2244 509 LV.
2285 452 2413 518 Τοῖς
2456 452 2513 508 δὲ
2546 453 2878 524 νομίζουσιν,
2909 449 2985 516 ὡς
3013 451 3071 507 al
3112 450 3328 524 Γραφαὶ
3365 451 3652 506 διδάσκου·-

381 548 581 604 docent
630 545 948 619 Scriptum,
989 547 1160 603 Deum
1212 548 1422 620 jurare,
1475 548 1651 604 dicit:
1688 547 1770 603 Sit
1791 564 1961 602 sermo

379 651 572 707 vester,
597 649 699 704 est,
726 649 842 706 est;
877 649 929 695 et
963 656 1102 706 non,
1134 656 1271 706 non;
1309 641 1451 712 quod
1481 642 1623 696 enim
1665 640 1747 697 his
1789 639 1960 694 abun-

381 733 601 787 dantius
633 742 733 797 est,
760 749 793 785 a
829 732 971 787 malo
991 743 1066 787 est
1091 744 1141 788 ι.
1201 732 1268 787 Et
1300 733 1366 789 iis
1398 732 1491 803 qui
1544 732 1757 800 dicunt,
1786 730 1961 787 Abra-

381 822 628 890 hamum,
662 822 909 881 Isaacum
960 832 1015 878 et
1060 822 1326 879 Iacobum
1375 839 1498 880 esse
1538 833 1811 893 mortuos,
1841 824 1956 880 ait:

383 911 507 967 Non
535 922 613 968 est
643 912 785 968 Deus
816 923 1168 980 mortuorum,
1193 914 1283 969 sed
1311 914 1593 969 viventium
1620 914 1672 970 1³.
1731 915 1803 971 Iis
1860 930 1961 970 au-

378 1013 488 1062 tem
516 1006 609 1076 qui
647 1005 817 1061 Deum
860 1013 1055 1075 putant
1090 1020 1214 1060 esse
1258 1013 1603 1073 tentatorem,
1637 1006 1779 1063 sicut
1807 1006 1960 1062 aiunt

379 1095 696 1167 Scriptura),
753 1096 886 1152 dicit
917 1105 1244 1152 teutatorem
1276 1112 1399 1156 esse
1439 1098 1739 1166 diabolum,
1773 1099 1869 1171 qui
1903 1108 1959 1155 et

376 1187 607 1243 tentavit
633 1202 782 1244 eum'
830 1186 903 1245 lis
935 1202 1064 1243 vero
1105 1188 1201 1258 qui
1248 1187 1419 1244 Deum
1451 1190 1801 1260 suSpicautur
1844 1205 1956 1247 non

374 1280 654 1349 praescire,
708 1279 830 1335 intlt
875 1298 889 1338 :
931 1277 1043 1335 Scit
1102 1281 1241 1336 enim
1272 1280 1440 1335 Pater
1488 1290 1656 1338 vester
1705 1284 1954 1351 cwlestis,

373 1372 500 1438 quia
521 1371 602 1426 his
620 1372 861 1427 omnibus
886 1372 1154 1444 indigetis,
1194 1386 1474 1445 antequam
1495 1378 1687 1446 petatis
1740 1393 1859 1434 eum
1903 1390 1952 1434 ο.

374 1461 443 1517 Et
469 1463 535 1520 iis
562 1464 657 1534 quI
695 1463 853 1535 juxta
885 1463 1198 1536 Scripturas
1223 1468 1456 1527 credunt
1489 1467 1661 1526 Deum
1694 1485 1805 1526 non
1836 1486 1955 1526 om-

372 1556 463 1611 nia
501 1571 725 1612 cernere
756 1574 769 1612 :
810 1555 995 1623 Orate,
1024 1557 1224 1628 inquit,
1254 1560 1311 1613 in
1340 1558 1671 1629 abscondito,
1708 1572 1760 1617 et
1788 1563 1954 1619 Pater

371 1656 559 1712 vester,
592 1646 683 1717 qui
716 1645 855 1701 videt
884 1647 1215 1713 abscondita,
1243 1646 1423 1702 reddet
1449 1650 1595 1705 vobis
1630 1649 1682 1703 ἀ.

2065 561 2170 610 σιν,
2201 546 2283 600 ὅτι
2308 548 2338 602 ὁ
2362 546 2495 611 Θεὸς
2524 546 2735 619 ὀμνύει,
2757 545 2863 619 ἔφη
2879 562 2893 577 ·
2913 547 3110 600 Ἔστω
3124 544 3293 615 ὑμῶν
3311 545 3375 599 τὸ
3390 545 3651 612 ναί,ναί,

2062 635 2162 690 καὶ
2189 636 2235 671 ⁸⁸
2260 637 2326 693 τὸ
2359 637 2453 704 οὔ,
2489 639 2561 693 οῦ
2585 654 2599 669 °
2635 637 2701 693 τὸ
2732 638 2844 709 γὰρ
2868 636 3164 711 περισσὸν
3186 638 3413 692 τούτων
3442 638 3511 693 ἐκ
3541 639 3653 694 τοῦ

2061 730 2327 800 πονηροῦ
2358 730 2548 786 ἐστιν.
2573 732 2685 787 Καὶ
2728 734 2841 795 τοῖς
2866 730 3114 802 λέγουσιν
3153 731 3235 785 ὅτι
3279 730 3528 803 Ἀϐραὰμ
3554 732 3655 788 καὶ

2072 821 2259 877 Ἰσαὰκ
2292 824 2385 878 καὶ
2419 824 2464 859 ⁸⁸
2504 823 2699 878 Ἰακὼϐ
2729 825 3000 879 ἀπέθανον
3021 825 3090 888 ⁷⁸,
3119 823 3223 897 ἔφη
3248 840 3265 857 ·
3329 826 3452 878 Οὐκ
3476 826 3654 878 ἐστιν

2062 915 2208 984 Θεὸς
2236 915 2485 986 νεκρῶν,
2530 918 2693 974 ἀλλὰ
2735 917 2983 979 ζώντων.
3019 919 3146 982 Τοῖς
3172 918 3230 971 δὲ
3262 918 3529 989 οἰομένοις
3566 919 3652 974 ὅτι

2057 1009 2087 1063 ὀ
2115 1007 2248 1072 Θεὸς
2275 1009 2545 1082 πειράζει,
2575 1010 2651 1073 ὡς
2682 1012 2738 1064 al
2771 1010 2985 1083 Γραφαὶ
3015 1009 3287 1079 λέγουσιν,
3319 1010 3452 1083 ἔφη’
3487 1011 3516 1063 ὁ
3552 1026 3654 1063 πο-

2057 1100 2220 1171 νηρός
2251 1101 2399 1156 ἐστιν
2436 1104 2465 1157 ὀ
2496 1100 2792 1174 πειράζων,
2827 1105 2855 1156 ὁ
2883 1104 2977 1157 καὶ
3019 1104 3181 1157 αὐτὸν
3210 1104 3505 1175 πειράσας
3535 1108 3654 1168 τοῖς

2055 1190 2113 1247 δὲ
2140 1193 2185 1226 ⁷⁸
2232 1194 2726 1266 ὑπολαμϐάνουσιν,
2773 1197 2854 1250 ὅτι
2899 1198 2928 1250 ὁ
2970 1196 3104 1260 Θεὸς
3152 1197 3213 1251 οὐ
3261 1196 3650 1269 προγινώσκει,

2056 1283 2162 1356 ἔφη
2185 1302 2199 1315 ο
2240 1285 2373 1340 Οἵδε
2404 1286 2517 1357 τὰρ
2567 1290 2601 1344 d
2650 1287 2853 1357 Πατὴρ
2890 1288 3059 1359 ὑμῶν
3086 1290 3132 1322 ’⁸
3175 1292 3208 1343 ό
3252 1288 3531 1357 οὐράνιος
3559 1290 3652 1343 ὅτι

2055 1375 2295 1446 χρῄζετε
2325 1379 2552 1433 τούτων
2576 1378 2878 1447 ἁπάντων,
2915 1382 3059 1466 πρὶν
3101 1384 3289 1438 αὐτόν
3335 1383 3649 1449 ἀξιώσετε.

2054 1468 2183 1533 Τοῖς
2223 1469 2280 1526 δὲ
2322 1470 2692 1539 πιστεύουσιν,
2735 1472 2811 1537 ὡς
2843 1473 2900 1526 al
2934 1475 3093 1545 109
3122 1476 3336 1549 Γραφαὶ
3377 1476 3650 1546 λέγουσιν,

2052 1558 2135 1613 ὅτι
2166 1561 2241 1632 μὴ
2273 1562 2453 1617 πάντα
2485 1563 2692 1635 βλέπει,
2725 1564 2831 1637 ἔφη
2858 1567 2934 1598 ⁷³·
2980 1567 3084 1621 Ἑν
3127 1566 3207 1634 τῷ
3260 1568 3500 1637 κρυπτῷ
3544 1570 3651 1622 εὔ-

2052 1657 2256 1721 χεσθε,
2289 1650 2407 1709 εῐπε
2436 1656 2502 1722 ⁷⁵,
2538 1658 2637 1711 καί
2682 1661 2716 1716 ό
2751 1659 2956 1731 Πατὴρ
2990 1660 3180 1731 ὑμῶν,
3215 1664 3250 1720 ό
3285 1660 3537 1727 ,βλέπων
3575 1661 3653 1715 τὰ

2052 1748 2304 1816 κρυπτὰ,
2348 1748 2647 1805 ἀποδώσει
2670 1751 2835 1822 ὑμῖν.

442 1820 579 1877 LVI.
627 1821 1085 1878 Exlstimantibus
1135 1838 1299 1893 porro
1350 1823 1525 1883 Deum
1556 1843 1667 1884 nou
1700 1845 1823 1886 esse
1852 1832 1950 1889 bo-

2127 1836 2260 1894 LVI.
2302 1841 2427 1903 Τοῖς
2460 1840 2515 1895 δὲ
2548 1818 2813 1914 οἰομένοις
2845 1845 3008 1899 αὑτὸν
3041 1845 3115 1918 μὴ
3149 1846 3352 1916 ἀγαθὸν
3380 1841 3539 1909 εἶναι,
3571 1846 3652 1910 ὡς

370 1930 506 1971 num
529 1954 546 1980 ,
580 1924 641 1970 ut
666 1914 822 1971 aiunt
846 1912 1143 1984 Scriptura;
1161 1956 1176 1984 ,
1202 1917 1276 1971 ita
1303 1916 1517 1973 locutus
1545 1930 1627 1975 est
1653 1938 1667 1975 :
1693 1919 1733 1975 A
1767 1938 1870 1991 quo
1892 1939 1957 1978 ea:

374 2007 524 2061 vobis
548 2005 692 2075 ﬁlius
715 2015 848 2075 petet
875 2022 1086 2076 panem,
1104 2009 1343 2078 nunquid
1372 2008 1600 2079 lapidem
1623 2014 1850 2083 porriget
1874 2014 1960 2078 ei?

373 2101 480 2152 Aut
505 2106 555 2151 et
596 2097 793 2166 piscem
829 2106 984 2166 petet,
1030 2099 1267 2169 nunquid
1291 2111 1579 2169 serpentem
1602 2106 1653 2157 ei
1684 2105 1959 2175 porriget?

374 2184 438 2242 Si
476 2202 599 2258 ergo
626 2203 750 2256 vos,
790 2203 910 2241 cum
949 2189 1066 2243 sitis
1089 2190 1222 2244 mali
1240 2230 1257 2256 ,
1303 2194 1469 2249 nostis
1500 2192 1636 2248 bona
1659 2195 1798 2250 dona
1827 2196 1956 2252 dare

370 2279 500 2350 filiis
523 2280 734 2349 vestris,
768 2288 967 2351 quanto
1006 2282 1173 2353 magis
1203 2280 1366 2339 Pater
1395 2285 1616 2341 cclestis
1646 2286 1793 2342 dabit
1821 2288 1957 2342 bona

368 2371 661 2441 petentibus
681 2388 736 2426 se
757 2380 807 2426 et
836 2372 1153 2442 facientibus
1203 2376 1524 2435 voluntatem
1566 2397 1718 2436 suam
1747 2384 1811 2437 οφ
1860 2383 1960 2437 As-

370 2460 683 2516 serentibus
719 2470 902 2515 autem
924 2501 940 2528 ,
970 2476 1095 2517 eum
1124 2465 1179 2519 in
1214 2468 1417 2537 templo
1456 2484 1601 2535 esse,
1625 2471 1762 2525 dixit
1788 2490 1803 2526 :
1837 2470 1957 2526 Νο-

371 2550 465 2605 lite
502 2551 694 2623 jurare
736 2569 827 2621 per
869 2556 1091 2622 cantum,
1124 2558 1250 2627 quia
1280 2559 1499 2615 thronus
1530 2560 1629 2615 Dei
1658 2571 1764 2629 est,
1796 2578 1957 2634 neque

367 2660 462 2715 per
483 2653 700 2713 terram,
726 2652 852 2721 quia
880 2651 1167 2706 scabeiium
1188 2662 1268 2707 est
1289 2654 1480 2722 pedum
1508 2655 1621 2723 eius
1649 2654 1693 2711 ί.
1734 2654 1802 2711 Et
1824 2674 1956 2727 prae-

369 2742 755 2811 sumentibus,
789 2742 961 2798 Deum
1009 2744 1298 2801 sacriﬁciis
1342 2745 1635 2816 delectari,
1661 2748 1739 2803 ait
1771 2768 1785 2803 :
1819 2750 1955 2805 Deus

368 2831 800 2886 misericordiam
856 2835 969 2889 vult
997 2877 1013 2903 ,
1051 2846 1101 2891 et
1133 2852 1237 2890 non
1272 2839 1543 2909 sacriﬁcia
1569 2882 1585 2907 ,
1636 2845 1956 2914 agnitionem

369 2936 544 2990 suam,
563 2935 613 2981 et
635 2940 737 2981 non
763 2928 1075 2984 holocausta
1114 2931 1158 2984 ⁸.

442 3094 603 3155 LVII.
630 3099 715 3155 Ad
757 3117 854 3161 eos
900 3115 1086 3162 autem
1108 3150 1124 3175 ,
1177 3110 1270 3182 qui
1304 3113 1607 3169 secundum
1640 3112 1952 3185 Scripturas

372 3187 547 3246 Deum
587 3208 713 3249 esse
751 3197 957 3253 malum
987 3202 1238 3269 credunt,
1270 3204 1386 3259 ait:
1418 3204 1501 3260 Ne
1527 3223 1609 3262 me
1631 3208 1827 3263 dicatis
1858 3209 1948 3264 bo-

367 3295 517 3348 num,
557 3299 692 3340 unus
722 3292 913 3343 etenim
960 3290 1123 3347 bonus
1152 3304 1230 3347 est
1261 3294 1312 3349 h.
1372 3294 1439 3350 Et
1500 3313 1734 3355 rursus:
1767 3299 1948 3356 Estote

370 3369 495 3435 boni
531 3383 579 3429 et
621 3379 985 3434 misericordes
1005 3423 1021 3449 ,
1050 3384 1187 3437 sicut
1220 3383 1419 3454 Pater,
1463 3389 1554 3457 qui
1584 3390 1639 3442 in
1663 3391 1805 3445 caelis
1834 3405 1909 3447 est
1929 3434 1944 3459 ,

368 3466 463 3536 qui
490 3466 654 3521 solem
679 3470 814 3525 oriri
855 3472 988 3541 facit
1028 3490 1185 3543 super
1215 3477 1375 3532 bonos
1415 3490 1467 3534 et
1511 3482 1680 3536 malos
1700 3525 1715 3551 ,
1744 3494 1795 3538 et
1822 3486 1947 3556 plu~

368 3556 510 3610 viam
535 3558 765 3616 demittit
781 3579 937 3633 super
948 3565 1125 3635 justas
1146 3576 1196 3621 et
1226 3569 1455 3639 injustas
1491 3585 1537 3627 ι.
1586 3574 1665 3629 Ad
1688 3591 1944 3645 eosvero,

368 3647 464 3717 qui
497 3647 552 3703 in
580 3663 702 3705 eam
734 3650 983 3709 fraudem
1018 3657 1225 3715 inducti
1260 3670 1411 3731 sunt,
1454 3672 1516 3718 ut
1544 3676 1669 3721 cum
1700 3666 1949 3739 Scriptu—

368 3739 449 3795 ris
486 3754 749 3799 censeant
794 3747 1000 3803 multos
1036 3765 1159 3806 esse
1189 3752 1353 3821 deos,
1384 3755 1468 3811 sic
1490 3756 1735 3827 loquitur
1762 3779 1774 3815 :
1802 3762 1946 3816 Audi

370 3827 565 3897 Israel,
590 3833 851 3893 Dominus
875 3837 1018 3895 Deus
1042 3851 1163 3897 tuus
1194 3842 1337 3899 Deus
1358 3862 1495 3902 unus
1523 3860 1598 3903 est
1630 3848 1676 3904 i.

437 3920 620 3980 LVIII.
649 3924 833 3998 Itaque
858 3927 1072 3998 Simon,
1100 3934 1407 4006 intelligens
1429 3941 1573 4010 quod
1596 3940 1792 4000 Petrus
1819 3960 1947 4004 eum

368 4028 587 4088 cogeret
622 4018 923 4093 Scripturis
948 4027 1027 4083 uti
1056 4030 1520 4099 quemadmodum
1548 4035 1737 4093 docuit
1763 4038 1944 4107 Jesus,

367 4107 783 4179 inquisitionem
810 4118 986 4175 noluit
1007 4124 1213 4179 versari
1237 4125 1381 4181 circa
1393 4142 1703 4185 sermonem
1727 4132 1794 4188 de
1810 4132 1943 4200 Deo,

367 4201 495 4258 licet
522 4203 719 4263 Petrus
744 4220 947 4281 rogatu
978 4212 1155 4283 ipsius
1194 4218 1487 4274 consilium
1521 4230 1824 4293 mutasset,
1857 4226 1944 4281 in-

365 4292 832 4369 quisitionemque
849 4305 1214 4362 concessisset
1248 4322 1342 4377 per
1372 4292 1854 4383 interrogationem
1882 4332 1946 4373 ac

365 4388 784 4456 responsionem
838 4393 978 4451 ﬁeri.
1034 4396 1309 4455 Czeterum
1361 4401 1659 4474 disputatio
1709 4422 1805 4477 per
1833 4418 1944 4466 tres

2057 1930 2114 1983 at
2134 1930 2351 2003 Γραφαὶ
2378 1932 2645 2002 λέγουσιν,
2669 1935 2773 2007 ἔφη
2790 1953 2803 1968 ο
2844 1937 2985 1991 Τίνα
3000 1936 3167 2007 ὑμῶν
3187 1938 3233 1970 ’⁸
3260 1936 3494 2004 αἰτήσει
3516 1936 3652 2003 υἱὸς

2055 2020 2257 2091 ἄρτον,
2281 2023 2369 2095 μὴ
2402 2027 2577 2081 λίθον
2607 2026 2885 2084 ἐπιδώσει
2915 2029 3115 2096 αὺτῷ;
3145 2029 3183 2099 ἢ
3214 2029 3313 2084 καί
3352 2029 3526 2098 ἰχθὺν
3555 2030 3650 2082 αἰ-

2055 2115 2249 2184 τήσει,
2298 2118 2385 2190 μὴ
2441 2119 2581 2189 ὄφιν
2634 2119 2916 2176 ἐπιδώσει
2948 2122 3150 2189 αὺτῷ;
3200 2125 3253 2178 εἰ
3303 2123 3418 2177 οὖν
3448 2124 3647 2194 ὑμεῖς,

2055 2212 2309 2280 πονηροὶ
2332 2212 2523 2281 ὄντες,
2557 2212 2762 2269 οἴδατε
2789 2213 3019 2284 δόματα
3050 2216 3241 2285 ἀγαθὰ
3272 2215 3500 2269 διδόναι
3524 2214 3652 2282 τοῖς

2054 2302 2289 2370 τέκνοις
2344 2303 2534 2374 ὑμῶν,
2593 2304 2762 2369 πόσῳ
2805 2304 3047 2375 μᾶλλον
3096 2309 3129 2361 ὀ
3180 2306 3382 2375 Πατὴρ
3413 2305 3581 2377 ὑμῶν
3615 2309 3652 2360 ό

2056 2392 2336 2461 οὐράνιος
2369 2393 2545 2447 δώσει
2566 2396 2758 2464 ἀγαθὰ
2788 2396 2910 2465 τοῖς
2937 2397 3310 2467 αἰτουμένοις
3327 2398 3513 2452 αὐτὸν
3546 2397 3651 2451 καὶ

2055 2484 2181 2552 τοῖς
2210 2484 2452 2541 ποιοῦσι
2498 2486 2564 2540 τὸ
2612 2486 2842 2557 θέλημα
2898 2489 3125 2556 αὑτοῦ;
3173 2490 3298 2553 Τοῖς
3330 2489 3384 2544 δὲ
3417 2491 3579 2544 αὑτὸν
3598 2491 3651 2523 ’⁸

2054 2575 2554 2647 διαὸεὸαιουμένοις
2584 2580 2643 2635 ὲν
2672 2580 2784 2651 ναῷ
2812 2581 2986 2647 εἶναι,
3044 2582 3177 2653 ἔφη’
3237 2582 3334 2650 Μὴ
3385 2583 3652 2650 όμόσητε

2056 2668 2162 2721 τὸν
2181 2668 2460 2737 οὐρανὸν,
2486 2670 2574 2724 ὅτι
2595 2671 2808 2739 θρόνος
2833 2674 2966 2727 ἐστί
2990 2675 3096 2729 τοῦ
3119 2673 3263 2729 Θεοῦ
3279 2675 3343 2739 ⁷⁷,
3361 2673 3513 2743 μήτε
3530 2673 3652 2742 τὴν

2054 2755 2200 2826 γῆν,
2236 2758 2323 2811 ὅτι
2347 2758 2681 2815 ὑποπόδιον
2712 2760 2833 2816 τῶν
2854 2761 3057 2816 ποδῶν
3084 2764 3274 2819 αὐτοῦ
3293 2763 3482 2817 ἐστιν.
3519 2763 3653 2826 Τοῖς

2053 2846 2112 2903 δὲ
2146 2847 2511 2918 προλαϐοῦσιν
2534 2890 2550 2917 ,
2584 2851 2665 2906 ὅτι
2714 2851 2913 2908 θυσιῶν
2957 2855 3213 2926 ὀρέγεται
3244 2858 3272 2910 ὁ
3300 2856 3433 2919 Θεὸς
3456 2895 3471 2921 ,
3504 2855 3647 2929 ἔφη’

2067 2943 2130 2998 '0
2186 2944 2331 3011 Θεὸς
2373 2946 2546 3012 ἕλεος
2588 2946 2748 3002 θέλει
2782 2949 2881 3003 καί
2913 2952 2985 3005 οὐ
3018 2951 3236 3019 θυσίας
3265 2990 3280 3018 ,
3315 2952 3652 3022 ἐπίγνωσιν

2054 3033 2242 3090 αὐτοῦ
2269 3034 2367 3088 καὶ
2388 3037 2500 3103 οὐχ
2530 3038 3011 3109 ὁλοκαυτώματα.

2128 3124 2287 3180 LVII.
2310 3128 2437 3190 Τοῖς
2456 3127 2512 3181 δὲ
2534 3128 2877 3201 πειθομένοις
2906 3132 3073 3187 κακὸν
3102 3133 3263 3188 αὑτὸν
3296 3130 3552 3200 εἷναι,ὡς
3584 3137 3649 3190 al

2054 3217 2269 3292 Γραφαὶ
2302 3218 2554 3287 λέγουσιν
2574 3259 2588 3284 ,
2625 3220 2759 3294 ἔφη’
2794 3222 2890 3290 Μή
2918 3241 2995 3294 με
3026 3224 3235 3295 λέγετε
3253 3226 3300 3258 ⁷⁸
3333 3227 3585 3295 ἀγαθόν·
3612 3228 3651 3281 ό

2045 3308 2156 3379 γὰρ
2188 3309 2407 3379 ἀγαθὸς
2438 3311 2527 3378 εἷς
2559 3312 2749 3369 ἐστιν.
2780 3315 2890 3370 Καὶ
2925 3314 3085 3369 πάλιν
3108 3317 3178 3351 ’⁸ο
3210 3318 3467 3372 Γίνεσθε
3496 3318 3651 3387 ἀγα-

2047 3401 2141 3457 θοί
2174 3402 2273 3456 καί
2303 3405 2707 3474 οἰκτίρμονες,
2749 3408 2830 3473 ὠς
2859 3410 2892 3463 ό
2924 3408 3129 3479 Πατὴρ
3160 3412 3193 3463 ὁ
3220 3410 3290 3463 ἐν
3319 3410 3445 3477 τοῖς
3463 3412 3648 3479 οὐρα-

2046 3496 2210 3564 νοῖς,
2246 3496 2314 3563 ὃς
2345 3497 2665 3555 ἀνατέλλει
2725 3502 2834 3556 τὸν
2880 3501 3059 3570 ἣλιον
3106 3502 3199 3556 ἐπ’
3250 3501 3494 3572 ἀγαθοῖς
3542 3502 3649 3555 καὶ

2047 3588 2357 3656 πονηροῖς,
2391 3589 2489 3643 καί
2520 3592 2688 3660 φέρει
2708 3591 2759 3626 ’θ
2790 3591 2896 3647 τὸν
2922 3593 3102 3649 ὑετὸν
3125 3592 3224 3646 ἐπὶ
3255 3593 3507 3660 δικαίοις
3540 3594 3649 3647 καὶ

2047 3678 2291 3747 ἀδίκοις.
2308 3682 2352 3735 Τ
2356 3685 2436 3745 οῖς
2452 3683 2510 3736 δὲ
2539 3685 2723 3756 ἡπατη
2734 3685 2917 3756 μένοις
2938 3685 3167 3750 πολλοὺς
3189 3686 3346 3749 θεοὺς
3367 3688 3641 3751 ὑπονοεῖν,

2045 3770 2121 3833 ὼς
2149 3772 2205 3826 αἱ
2224 3772 2439 3844 Γραφαὶ
2469 3774 2716 3844 λέγουσιν
2740 3816 2754 3841 ,
2783 3777 2911 3849 ἔφη·
2951 3780 3189 3844 Ἀκουε,
3225 3779 3499 3849 Ἰσραὴλ,
3519 3781 3644 3835 Κύ-

2047 3876 2177 3928 ριος
2210 3865 2243 3917 ὀ
2278 3864 2423 3929 Θεός
2454 3881 2571 3919 σου
2594 3867 2639 3899 ⁸⁸
2672 3868 2887 3934 Κύριος
2917 3868 3003 3935 εἷς
3031 3869 3219 3924 ἐστιν.

2122 3954 2282 4025 ιιο
2336 3955 2514 4012 LVIII.
2554 3960 2743 4031 Ὅμως
2769 3963 3023 4033 ὁΣίμων,
3060 3963 3285 4017 συνιδὼν
3317 3964 3398 4018 ὅτι
3434 3964 3645 4035 Πέτρος

2045 4047 2211 4101 αὐτὸν
2230 4048 2453 4119 συνάγει
2480 4055 2602 4115 ταῖς
2636 4053 2881 4124 Γραφαῖς
2914 4055 3147 4127 χρῆσθαι
3176 4056 3253 4119 ὡς
3295 4056 3503 4128 Ἰησοῦς
3532 4057 3644 4110 ἐδί-

2045 4137 2225 4206 δαξεν,
2262 4141 2343 4204 εἰς
2374 4142 2474 4213 τὴν
2492 4144 2540 4174 ⁸⁸
2574 4146 2700 4217 περὶ
2730 4145 2865 4199 Θεοῦ
2910 4146 3067 4214 λόγον
3096 4146 3344 4211 ἐξέτασιν
3380 4147 3642 4215 γενέσθαι

2044 4230 2146 4283 οὑκ
2180 4229 2471 4302 ἠθέλησεν,
2506 4234 2683 4289 καίτοι
2730 4253 2794 4306 γε
2846 4237 3212 4309 μεταθεμένου
3249 4238 3345 4293 τοῦ
3388 4240 3597 4313 Πέτρου
3621 4279 3639 4306 ,

2046 4320 2122 4384 ὡς
2149 4322 2311 4385 αὐτὸς
2342 4323 2525 4395 Σίμων
2545 4324 2796 4395 ἠξίωσεν,
2826 4329 2963 4402 πρὸς
2997 4329 3191 4384 πεῦσιν
3222 4332 3315 4386 καὶ
3344 4332 3643 4404 ἀπόκρισιν

2046 4414 2301 4482 γενέσθαι
2320 4418 2419 4490 τὴν
2440 4419 2704 4484 ἐξέτασιν.
2732 4422 2927 4493 Πλὴνή
2950 4421 3177 4497 ζήτησις
3197 4425 3365 4496 τριῶν
3392 4425 3638 4497 ἐπεκρά-

364 4475 484 4533 dies
537 4480 776 4538 duravit.
831 4485 1040 4552 Quarto
1090 4503 1273 4546 autem
1319 4475 1973 4568 illucescentepSimon‘

2057 4475 2208 4576 rqcev
2229 4475 2451 4580 ἡμεριῖιν
2471 4475 2605 4583 (78).
3347 4475 3355 4480 ⁷

365 4578 526 4627 nocte
544 4588 735 4632 versus
764 4576 971 4651 Tyrum
996 4581 1297 4641 Phoenicia:
1322 4587 1587 4660 profugit.
1618 4589 1730 4648 Nec
1752 4597 1941 4654 multis

435 4695 462 4758 ξ
499 4684 690 4758 Matth.
718 4707 773 4758 ιι,
804 4693 895 4750 57.

444 4754 472 4793 δ
498 4754 689 4829 Matth.
721 4754 858 4829 xit",
888 4766 978 4822 32.

444 4835 468 4901 ξ
499 4824 693 4901 Matth.
728 4848 803 4898 ιιι,
834 4824 888 4901 8,
924 4836 1013 4893 '52.

435 4890 464 4931 ⁸
503 4894 693 4969 Matth.
722 4890 807 4969 w',
838 4890 894 4961 ϐξ

440 4975 466 5003 ο
504 4965 695 5025 Matth.
723 4965 822 5041 vn,
854 4976 978 5033 9—H
1003 4996 1018 5044 ;
1048 4978 1182 5036 Luc.
1214 4998 1292 5047 ιι,
1313 4984 1498 5041 11-13.

2049 4596 2230 4669 νύχιος
2262 4598 2338 4664 ὡς
2363 4601 2457 4655 ἐπὶ
2487 4603 2661 4674 Τύρον
2693 4605 2793 4678 τῆς
2816 4606 3067 4678 Φοινίκης
3085 4605 3421 4679 ἐξώρμησεν.
3444 4609 3554 4663 Καὶ
3571 4608 3638 4663 οὗ

2127 4719 2145 4759 ί
2190 4718 2381 4773 Matth.
2414 4737 2465 4781 ν.
2501 4721 2590 4786 54,
2615 4722 2703 4778 55.

2127 4793 2153 4859 β
2189 4789 2379 4845 Matth.
2410 4808 2486 4858 Ix,
2519 4792 2620 4852 15;
2648 4809 2746 4859 xu,
2777 4792 2829 4848 7.

2121 4856 2147 4897 ι·
2188 4860 2379 4915 Matth.
2415 4856 2527 4923 xix.
2554 4862 2653 4926 i7;
2681 4856 2813 4919 Luc.
2845 4881 3001 4929 xvm,
3028 4866 3097 4921 I9

2126 4932 2143 5000 ᾖ
2191 4930 2323 4985 Luc.
2359 4948 2433 4998 vr,
2465 4932 2561 4994 '56;
2593 4932 2783 4990 Matth.
2815 4951 2869 5000 ν,
2898 4936 2989 4990 45.

2122 4998 2137 5050 i
2171 5001 2341 5057 Marc.
2368 5019 2468 5070 xu,
2494 5003 2583 5059 29.

1669 5105 1907 5166 VARIJE
1946 5110 2354 5172 LECTIONES.

440 5177 488 5287 τί
505 5179 838 5287 κέξνίῐὲὶῗιῖιιί
880 5187 1045 5287 {toﬁ
1077 5193 1410 5287 :txal‘o‘m.
1459 5196 1522 5252 0.
1572 5200 1663 5287 hic
1705 5212 1760 5257 et
1801 5206 2204 5287 post_'Ia_a_ub6.__
2226 5212 2298 5287 "'_°
2333 5212 2409 5266 Ita
2440 5214 2584 5287 conj.
2614 5214 2655 5268 C
2685 5258 2700 5281 ,
2725 5214 2997 5287 ἀπέθανεν
3038 5216 3121 5287 id.
3174 5216 3230 5271 in
3266 5226 3439 5287 textu,
3468 5229 3529 5275 ut
3561 5218 3632 5276 Ο.

367 5245 507 5335 ΣΝ).
534 5250 635 5335 σιξ-κ
652 5252 963 5335 ,ἔστινῖὼς
984 5245 1289 5335 αἰδΓρανῷαὶ
1306 5245 1663 5335 ⁷λέγουσιν-ξ’ῗὲ

520 5390 589 5465 δὲ
620 5386 782 5465 adadv
816 5397 869 5452 in
891 5398 957 5455 0.
1035 5386 1423 5460 πἐδεοίἷ-ἐσεῖιν
1449 5386 1584 5465 Cor:

365 5458 408 5489 "
430 5458 585 5530 ὑμῶν
617 5462 675 5518 C.
755 5464 897 5525 "Ita
931 5470 1015 5538 S.,
1043 5473 1135 5527 τόν
1166 5475 1227 5542 C,
1255 5474 1315 5531 Ο.

383 5276 507 5302 '”"'
534 5276 963 5339 ".“FWV—wc
991 5276 1048 5313 αι
1079 5276 1289 5335 ι’ραφαι
1323 5276 1570 5335 λεγουσιν
1590 5312 1605 5335 ,
1639 5276 1741 5345 ἔφη
1779 5276 1896 5330 des.
1940 5278 1993 5331 in
2024 5280 2085 5333 0.
2163 5281 2279 5334 ⁷³δέ
2312 5276 2777 5352 praetermiserunt
2828 5285 2888 5340 Cl
2944 5296 2997 5340 et
3028 5286 3085 5341 S.
3163 5288 3209 5320 '"
3240 5287 3394 5358 ὑμῶν
3423 5276 3531 5343 om.
3561 5289 3632 5347 0.

369 5317 508 5369 Tum
541 5319 810 5369 αξιωστιτε
844 5327 884 5369 Ω
983 5332 1030 5362 ⁸1³
1053 5332 1153 5369 8m.
1186 5351 1273 5369 nrn
1334 5336 1374 5369 ι’
1474 5338 1606 5369 ru...
1653 5340 1689 5369 ρ
1782 5345 1948 5369 -ι--νη.
1985 5347 2023 5369 η
2084 5350 2125 5369 η
2220 5353 2303 5369 ..ο
2369 5353 2394 5365 η
2858 5356 2915 5369 η.
2998 5357 3073 5369 ,η
3198 5359 3243 5369 -.
3290 5358 3326 5369 ..

418 5335 508 5373 um
541 5319 907 5411 agnomen.
943 5319 1154 5455 ηειφέ
1186 5319 1296 5415 ὁεη.
1334 5319 1407 5390 c.’
1460 5319 1609 5396 an;
1641 5319 1747 5407 '3‘",
1780 5319 2145 5416 ἔῑιὲίδκῗὶεἷο.
2220 5319 2800 5425 ἵῖιῖὦῖῖῖἓέἕίῗῖῖὶῖἶζ.
2829 5319 2917 5409 υιΞι
2944 5319 3097 5412 ’ἵιέ

618 5395 966 5485 9:63.190;
1035 5402 1103 5485 ’τ’
1156 5422 1247 5485 sou
1261 5409 1423 5485 ἔστιν
1449 5408 1584 5465 Cor.
1691 5414 1737 5446 ⁷⁸
1767 5415 1891 5485 λέγε
1935 5419 1993 5472 0.
2108 5423 2154 5454 ⁷³
2169 5420 2430 5485 Credner,
2461 5422 2628 5480 Beitr.
2659 5424 2702 5485 l.
2734 5426 2838 5482 509
2863 5424 2921 5481 S.
3034 5430 3097 5475 ⁸⁸η

3198 5359 3245 5390 ⁷⁸
3287 5358 3636 5428 Hepetuntur

2108 5423 2154 5454 "
2169 5420 2430 5492 Credner,
2461 5422 2628 5480 Beitr.
2659 5424 2702 5493 l,
2734 5420 2838 5482 309
2863 5424 2921 5481 S.
3034 5429 3224 5499 "(pépe
3259 5431 3317 5497 0,
3344 5420 3630 5487 mendose.

1669 5593 2032 5655 VARIORUM
2065 5600 2298 5661 NOTAE.

1675 5603 2032 5655 νΑιιιυιιυΜ
2065 5603 2298 5661 ΝΟΤΑΕ.

410 5665 1002 5781 ὗξὲἒαλὲιέὼξήίᾘις
1018 5678 1233 5781 Πτριῶν
1287 5679 1702 5754 ἐπεκράτησεν
1759 5690 2008 5758 ἡμερῶν.
2047 5694 2274 5754 Constit.
2309 5701 2535 5769 apostol.
2566 5701 2659 5759 lib.
2702 5718 2780 5775 v1,
2805 5719 2926 5776 cap.
2953 5704 2985 5762 8
3012 5721 3025 5758 :
3058 5706 3169 5761 Kal
3195 5708 3377 5781 τρίτον
3404 5710 3493 5765 ἐπ’
3520 5710 3626 5767 a0-

370 5736 487 5790 τῶν
502 5736 799 5811 διαλεχθεὶς
814 5736 993 5817 assa:
1018 5736 1155 5803 (ἰότ.
1198 5804 1207 5811 ,
