  <div class='ocr_page' id='page_1' title='image "/cluster/home/n/w/nwhite01/storage/ocr_20150623/2/nnc1.0114695790/096.png"; bbox 0 0 3894 6208; ppageno 0'>
   <div class='ocr_carea' id='block_1_1' title="bbox 263 318 369 373">
    <p class='ocr_par' dir='ltr' id='par_1_1' title="bbox 263 318 369 373">
     <span class='ocr_line' id='line_1_1' title="bbox 263 318 369 373; baseline 0.009 -1"><span class='ocrx_word' id='word_1_1' title='bbox 263 318 369 373; x_wconf 75' lang='grc'><strong>149</strong></span> 
     </span>
    </p>
   </div>
   <div class='ocr_carea' id='block_1_2' title="bbox 1395 312 2402 374">
    <p class='ocr_par' dir='ltr' id='par_1_2' title="bbox 1395 312 2402 374">
     <span class='ocr_line' id='line_1_2' title="bbox 1395 312 2402 374; baseline -0.002 -1"><span class='ocrx_word' id='word_1_2' title='bbox 1395 312 1858 374; x_wconf 71' lang='lat' dir='ltr'><strong>CLEMENTINA.</strong></span> <span class='ocrx_word' id='word_1_3' title='bbox 1894 346 1963 356; x_wconf 89' lang='lat'><strong>-—</strong></span> <span class='ocrx_word' id='word_1_4' title='bbox 1996 315 2281 374; x_wconf 77' lang='lat' dir='ltr'><strong>HOMILIA</strong></span> <span class='ocrx_word' id='word_1_5' title='bbox 2313 313 2402 372; x_wconf 85' lang='lat' dir='ltr'><strong>III.</strong></span> 
     </span>
    </p>
   </div>
   <div class='ocr_carea' id='block_1_3' title="bbox 3433 318 3533 377">
    <p class='ocr_par' dir='ltr' id='par_1_3' title="bbox 3433 318 3533 377">
     <span class='ocr_line' id='line_1_3' title="bbox 3433 318 3533 377; baseline 0.03 -3"><span class='ocrx_word' id='word_1_6' title='bbox 3433 318 3533 377; x_wconf 69' lang='lat'><strong>£50</strong></span> 
     </span>
    </p>
   </div>
   <div class='ocr_carea' id='block_1_4' title="bbox 265 425 1870 506">
    <p class='ocr_par' dir='ltr' id='par_1_4' title="bbox 265 425 1857 506">
     <span class='ocr_line' id='line_1_4' title="bbox 265 425 1857 506; baseline 0 -20"><span class='ocrx_word' id='word_1_7' title='bbox 265 430 410 505; x_wconf 81' lang='grc' dir='ltr'><strong>μετά</strong></span> <span class='ocrx_word' id='word_1_8' title='bbox 436 429 637 495; x_wconf 72' lang='grc' dir='ltr'>πολλάς</span> <span class='ocrx_word' id='word_1_9' title='bbox 652 429 866 504; x_wconf 80' lang='grc' dir='ltr'>ἡμέρας</span> <span class='ocrx_word' id='word_1_10' title='bbox 885 425 1049 505; x_wconf 77' lang='grc' dir='ltr'>ἦλθόν</span> <span class='ocrx_word' id='word_1_11' title='bbox 1068 448 1216 498; x_wconf 85' lang='grc' dir='ltr'>τινες</span> <span class='ocrx_word' id='word_1_12' title='bbox 1235 432 1346 487; x_wconf 89' lang='grc' dir='ltr'><strong>τῶν</strong></span> <span class='ocrx_word' id='word_1_13' title='bbox 1375 434 1640 506; x_wconf 81' lang='grc' dir='ltr'><strong>προόδων,</strong></span> <span class='ocrx_word' id='word_1_14' title='bbox 1662 432 1857 503; x_wconf 81' lang='grc' dir='ltr'><strong>Πέτρῳ</strong></span> 
     </span>
    </p>
   </div>
   <div class='ocr_carea' id='block_1_5' title="bbox 1977 425 3537 506">
    <p class='ocr_par' dir='ltr' id='par_1_5' title="bbox 1977 431 3537 506">
     <span class='ocr_line' id='line_1_5' title="bbox 1977 431 3537 506; baseline 0.005 -19"><span class='ocrx_word' id='word_1_15' title='bbox 1977 441 2086 488; x_wconf 72' lang='lat' dir='ltr'><strong>Jost</strong></span> <span class='ocrx_word' id='word_1_16' title='bbox 2125 433 2320 490; x_wconf 89' lang='lat' dir='ltr'><strong>diebus</strong></span> <span class='ocrx_word' id='word_1_17' title='bbox 2350 441 2618 491; x_wconf 86' lang='lat' dir='ltr'><strong>venerunt</strong></span> <span class='ocrx_word' id='word_1_18' title='bbox 2651 431 2876 503; x_wconf 87' lang='lat' dir='ltr'><strong>quidam</strong></span> <span class='ocrx_word' id='word_1_19' title='bbox 2924 447 3116 491; x_wconf 88' lang='lat' dir='ltr'><strong>eorum</strong></span> <span class='ocrx_word' id='word_1_20' title='bbox 3141 474 3158 503; x_wconf 89' lang='lat'><strong>,</strong></span> <span class='ocrx_word' id='word_1_21' title='bbox 3203 434 3299 504; x_wconf 86' lang='lat' dir='ltr'><strong>qui</strong></span> <span class='ocrx_word' id='word_1_22' title='bbox 3343 437 3537 506; x_wconf 75' lang='lat' dir='ltr'><strong>przeire</strong></span> 
     </span>
    </p>
   </div>
   <div class='ocr_carea' id='block_1_6' title="bbox 261 523 1856 598">
    <p class='ocr_par' dir='ltr' id='par_1_6' title="bbox 261 523 1856 598">
     <span class='ocr_line' id='line_1_6' title="bbox 261 523 1856 598; baseline 0 -18"><span class='ocrx_word' id='word_1_23' title='bbox 261 525 545 594; x_wconf 78' lang='grc' dir='ltr'>λέγοντες·</span> <span class='ocrx_word' id='word_1_24' title='bbox 578 525 764 595; x_wconf 90' lang='grc' dir='ltr'>Σίμων</span> <span class='ocrx_word' id='word_1_25' title='bbox 809 525 1025 597; x_wconf 85' lang='grc' dir='ltr'>μεγάλα</span> <span class='ocrx_word' id='word_1_26' title='bbox 1063 526 1342 597; x_wconf 89' lang='grc' dir='ltr'>θαυμάσια</span> <span class='ocrx_word' id='word_1_27' title='bbox 1375 527 1433 580; x_wconf 86' lang='grc' dir='ltr'><strong>ἐν</strong></span> <span class='ocrx_word' id='word_1_28' title='bbox 1475 525 1638 598; x_wconf 82' lang='grc' dir='ltr'><strong>Τύρῳ</strong></span> <span class='ocrx_word' id='word_1_29' title='bbox 1685 523 1856 580; x_wconf 87' lang='grc' dir='ltr'>ποιῶν</span> 
     </span>
    </p>
   </div>
   <div class='ocr_carea' id='block_1_7' title="bbox 262 617 1856 692">
    <p class='ocr_par' dir='ltr' id='par_1_7' title="bbox 262 617 1856 692">
     <span class='ocr_line' id='line_1_7' title="bbox 262 617 1856 692; baseline 0 -20"><span class='ocrx_word' id='word_1_30' title='bbox 262 618 495 680; x_wconf 73' lang='grc' dir='ltr'>πολλοὺς</span> <span class='ocrx_word' id='word_1_31' title='bbox 519 617 628 670; x_wconf 91' lang='grc' dir='ltr'><strong>τῶν</strong></span> <span class='ocrx_word' id='word_1_32' title='bbox 660 618 780 671; x_wconf 81' lang='grc' dir='ltr'>ἐκεῖ</span> <span class='ocrx_word' id='word_1_33' title='bbox 804 618 1183 692; x_wconf 78' lang='grc' dir='ltr'><strong>κατεπλήξατο</strong></span> <span class='ocrx_word' id='word_1_34' title='bbox 1204 659 1220 684; x_wconf 88' lang='grc'><strong>,</strong></span> <span class='ocrx_word' id='word_1_35' title='bbox 1254 619 1348 672; x_wconf 85' lang='grc' dir='ltr'><strong>καί</strong></span> <span class='ocrx_word' id='word_1_36' title='bbox 1378 635 1439 672; x_wconf 83' lang='grc' dir='ltr'><strong>σε</strong></span> <span class='ocrx_word' id='word_1_37' title='bbox 1479 619 1703 682; x_wconf 76' lang='grc' dir='ltr'>πολλαῖς</span> <span class='ocrx_word' id='word_1_38' title='bbox 1738 618 1856 672; x_wconf 88' lang='grc' dir='ltr'>δια-</span> 
     </span>
    </p>
   </div>
   <div class='ocr_carea' id='block_1_8' title="bbox 253 709 1070 786">
    <p class='ocr_par' dir='ltr' id='par_1_8' title="bbox 253 709 1070 786">
     <span class='ocr_line' id='line_1_8' title="bbox 253 709 1070 786; baseline 0 -23"><span class='ocrx_word' id='word_1_39' title='bbox 253 710 450 786; x_wconf 29' lang='grc' dir='ltr'>,ϐολαῖς</span> <span class='ocrx_word' id='word_1_40' title='bbox 488 709 762 780; x_wconf 76' lang='grc' dir='ltr'><strong>μισεῖσθαι</strong></span> <span class='ocrx_word' id='word_1_41' title='bbox 792 709 1070 780; x_wconf 86' lang='grc' dir='ltr'>ἐποίησεν.</span> 
     </span>
    </p>
   </div>
   <div class='ocr_carea' id='block_1_9' title="bbox 333 798 1860 872">
    <p class='ocr_par' dir='ltr' id='par_1_9' title="bbox 333 798 1860 872">
     <span class='ocr_line' id='line_1_9' title="bbox 333 798 1860 872; baseline -0.003 -16"><span class='ocrx_word' id='word_1_42' title='bbox 333 801 476 856; x_wconf 81' lang='lat' dir='ltr'><strong>LIX.</strong></span> <span class='ocrx_word' id='word_1_43' title='bbox 528 801 716 855; x_wconf 91' lang='grc' dir='ltr'>Ταῦτα</span> <span class='ocrx_word' id='word_1_44' title='bbox 747 801 988 866; x_wconf 83' lang='grc' dir='ltr'>ἀκούσας</span> <span class='ocrx_word' id='word_1_45' title='bbox 1015 801 1045 855; x_wconf 89' lang='grc' dir='ltr'><strong>ό</strong></span> <span class='ocrx_word' id='word_1_46' title='bbox 1076 801 1310 872; x_wconf 82' lang='grc' dir='ltr'><strong>Πέτρος,</strong></span> <span class='ocrx_word' id='word_1_47' title='bbox 1337 803 1404 872; x_wconf 84' lang='grc' dir='ltr'>τῇ</span> <span class='ocrx_word' id='word_1_48' title='bbox 1445 800 1676 872; x_wconf 75' lang='grc' dir='ltr'><strong>ἐπιούσῃ</strong></span> <span class='ocrx_word' id='word_1_49' title='bbox 1702 798 1860 852; x_wconf 79' lang='grc' dir='ltr'>νυκτὶ</span> 
     </span>
    </p>
   </div>
   <div class='ocr_carea' id='block_1_10' title="bbox 258 891 1861 966">
    <p class='ocr_par' dir='ltr' id='par_1_10' title="bbox 258 891 1861 966">
     <span class='ocr_line' id='line_1_10' title="bbox 258 891 1861 966; baseline -0.002 -18"><span class='ocrx_word' id='word_1_50' title='bbox 258 893 375 948; x_wconf 89' lang='grc' dir='ltr'><strong>τῶν</strong></span> <span class='ocrx_word' id='word_1_51' title='bbox 423 893 713 966; x_wconf 79' lang='grc' dir='ltr'><strong>ἀκροατῶν</strong></span> <span class='ocrx_word' id='word_1_52' title='bbox 749 893 841 948; x_wconf 83' lang='grc' dir='ltr'><strong>τὸν</strong></span> <span class='ocrx_word' id='word_1_53' title='bbox 872 893 1028 964; x_wconf 82' lang='grc' dir='ltr'>δχλον</span> <span class='ocrx_word' id='word_1_54' title='bbox 1073 893 1345 948; x_wconf 86' lang='grc' dir='ltr'>συνελθεῖν</span> <span class='ocrx_word' id='word_1_55' title='bbox 1393 893 1678 964; x_wconf 86' lang='grc' dir='ltr'>ἐποίησεν·</span> <span class='ocrx_word' id='word_1_56' title='bbox 1708 891 1861 962; x_wconf 89' lang='grc' dir='ltr'>ὁμῶς</span> 
     </span>
    </p>
   </div>
   <div class='ocr_carea' id='block_1_11' title="bbox 261 983 1864 1060">
    <p class='ocr_par' dir='ltr' id='par_1_11' title="bbox 261 983 1864 1060">
     <span class='ocr_line' id='line_1_11' title="bbox 261 983 1864 1060; baseline -0.002 -18"><span class='ocrx_word' id='word_1_57' title='bbox 261 987 619 1042; x_wconf 84' lang='grc' dir='ltr'><strong>συνελθοῦσιν</strong></span> <span class='ocrx_word' id='word_1_58' title='bbox 664 988 801 1058; x_wconf 73' lang='grc' dir='ltr'><strong>ἔφη’</strong></span> <span class='ocrx_word' id='word_1_59' title='bbox 850 986 1160 1060; x_wconf 84' lang='grc' dir='ltr'>Ὀρμῶντός</span> <span class='ocrx_word' id='word_1_60' title='bbox 1189 1005 1293 1059; x_wconf 92' lang='grc' dir='ltr'><strong>μου</strong></span> <span class='ocrx_word' id='word_1_61' title='bbox 1323 987 1369 1020; x_wconf 81' lang='grc'><strong>⁸³</strong></span> <span class='ocrx_word' id='word_1_62' title='bbox 1399 987 1482 1051; x_wconf 83' lang='grc' dir='ltr'><strong>είς</strong></span> <span class='ocrx_word' id='word_1_63' title='bbox 1515 985 1586 1040; x_wconf 83' lang='grc' dir='ltr'>τὰ</span> <span class='ocrx_word' id='word_1_64' title='bbox 1618 985 1746 1055; x_wconf 76' lang='grc' dir='ltr'>ἔθνη</span> <span class='ocrx_word' id='word_1_65' title='bbox 1792 983 1864 1039; x_wconf 81' lang='grc' dir='ltr'>τὰ</span> 
     </span>
    </p>
   </div>
   <div class='ocr_carea' id='block_1_12' title="bbox 263 1071 1864 1152">
    <p class='ocr_par' dir='ltr' id='par_1_12' title="bbox 263 1071 1864 1152">
     <span class='ocr_line' id='line_1_12' title="bbox 263 1071 1864 1152; baseline -0.002 -18"><span class='ocrx_word' id='word_1_66' title='bbox 263 1079 501 1145; x_wconf 84' lang='grc' dir='ltr'>πολλοὺς</span> <span class='ocrx_word' id='word_1_67' title='bbox 531 1080 689 1145; x_wconf 81' lang='grc' dir='ltr'>θεοὺς</span> <span class='ocrx_word' id='word_1_68' title='bbox 717 1080 944 1150; x_wconf 86' lang='grc' dir='ltr'>λέγοντα</span> <span class='ocrx_word' id='word_1_69' title='bbox 972 1119 987 1145; x_wconf 91' lang='grc'><strong>,</strong></span> <span class='ocrx_word' id='word_1_70' title='bbox 1020 1079 1256 1152; x_wconf 79' lang='grc' dir='ltr'>κηρῦξαι</span> <span class='ocrx_word' id='word_1_71' title='bbox 1290 1081 1388 1134; x_wconf 77' lang='grc' dir='ltr'><strong>καὶ</strong></span> <span class='ocrx_word' id='word_1_72' title='bbox 1431 1079 1640 1145; x_wconf 79' lang='grc' dir='ltr'><strong>διδάξαι</strong></span> <span class='ocrx_word' id='word_1_73' title='bbox 1667 1081 1751 1134; x_wconf 79' lang='grc' dir='ltr'><strong>ὅτι</strong></span> <span class='ocrx_word' id='word_1_74' title='bbox 1782 1071 1864 1142; x_wconf 74' lang='grc' dir='ltr'>εἷς</span> 
     </span>
    </p>
   </div>
   <div class='ocr_carea' id='block_1_13' title="bbox 263 1170 1863 1243">
    <p class='ocr_par' dir='ltr' id='par_1_13' title="bbox 263 1170 1863 1243">
     <span class='ocr_line' id='line_1_13' title="bbox 263 1170 1863 1243; baseline -0.003 -17"><span class='ocrx_word' id='word_1_75' title='bbox 263 1173 419 1226; x_wconf 79' lang='grc' dir='ltr'>ἐστιν</span> <span class='ocrx_word' id='word_1_76' title='bbox 443 1175 473 1228; x_wconf 87' lang='grc' dir='ltr'><strong>ὁ</strong></span> <span class='ocrx_word' id='word_1_77' title='bbox 497 1172 653 1236; x_wconf 82' lang='grc' dir='ltr'>Θεὸς,</span> <span class='ocrx_word' id='word_1_78' title='bbox 689 1172 750 1236; x_wconf 83' lang='grc' dir='ltr'>ὃς</span> <span class='ocrx_word' id='word_1_79' title='bbox 796 1171 1024 1243; x_wconf 74' lang='grc' dir='ltr'>οὐρανὸν</span> <span class='ocrx_word' id='word_1_80' title='bbox 1066 1171 1246 1225; x_wconf 81' lang='grc' dir='ltr'>ἔκτισε</span> <span class='ocrx_word' id='word_1_81' title='bbox 1286 1172 1382 1226; x_wconf 78' lang='grc' dir='ltr'>καὶ</span> <span class='ocrx_word' id='word_1_82' title='bbox 1412 1172 1516 1243; x_wconf 82' lang='grc' dir='ltr'><strong>γῆν</strong></span> <span class='ocrx_word' id='word_1_83' title='bbox 1566 1172 1662 1225; x_wconf 78' lang='grc' dir='ltr'><strong>καὶ</strong></span> <span class='ocrx_word' id='word_1_84' title='bbox 1691 1170 1762 1222; x_wconf 86' lang='grc' dir='ltr'>τὰ</span> <span class='ocrx_word' id='word_1_85' title='bbox 1805 1170 1863 1222; x_wconf 92' lang='grc' dir='ltr'><strong>ἐν</strong></span> 
     </span>
    </p>
   </div>
   <div class='ocr_carea' id='block_1_14' title="bbox 258 1264 1862 1337">
    <p class='ocr_par' dir='ltr' id='par_1_14' title="bbox 258 1264 1862 1337">
     <span class='ocr_line' id='line_1_14' title="bbox 258 1264 1862 1337; baseline -0.003 -16"><span class='ocrx_word' id='word_1_86' title='bbox 258 1267 455 1331; x_wconf 78' lang='grc' dir='ltr'>αὐτοῖς</span> <span class='ocrx_word' id='word_1_87' title='bbox 497 1267 677 1320; x_wconf 86' lang='grc' dir='ltr'>πάντα</span> <span class='ocrx_word' id='word_1_88' title='bbox 710 1304 725 1329; x_wconf 85' lang='grc'><strong>,</strong></span> <span class='ocrx_word' id='word_1_89' title='bbox 782 1267 932 1329; x_wconf 79' lang='grc' dir='ltr'>ὅπως</span> <span class='ocrx_word' id='word_1_90' title='bbox 979 1267 1365 1337; x_wconf 80' lang='grc' dir='ltr'><strong>ἀγαπήσαντες</strong></span> <span class='ocrx_word' id='word_1_91' title='bbox 1416 1266 1579 1320; x_wconf 83' lang='grc' dir='ltr'>αὑτὸν</span> <span class='ocrx_word' id='word_1_92' title='bbox 1626 1264 1862 1336; x_wconf 83' lang='grc' dir='ltr'>σωθῆναι</span> 
     </span>
    </p>
   </div>
   <div class='ocr_carea' id='block_1_15' title="bbox 259 1353 1865 1428">
    <p class='ocr_par' dir='ltr' id='par_1_15' title="bbox 259 1353 1865 1428">
     <span class='ocr_line' id='line_1_15' title="bbox 259 1353 1865 1428; baseline -0.001 -18"><span class='ocrx_word' id='word_1_93' title='bbox 259 1355 591 1428; x_wconf 83' lang='grc' dir='ltr'>δυνηθῶσιν,</span> <span class='ocrx_word' id='word_1_94' title='bbox 622 1355 971 1427; x_wconf 90' lang='grc' dir='ltr'>προλαϐοῦσα</span> <span class='ocrx_word' id='word_1_95' title='bbox 1001 1357 1035 1427; x_wconf 88' lang='grc' dir='ltr'><strong>ή</strong></span> <span class='ocrx_word' id='word_1_96' title='bbox 1070 1356 1243 1410; x_wconf 83' lang='grc' dir='ltr'>κακία</span> <span class='ocrx_word' id='word_1_97' title='bbox 1280 1355 1362 1427; x_wconf 82' lang='grc' dir='ltr'>τῷ</span> <span class='ocrx_word' id='word_1_98' title='bbox 1381 1355 1429 1387; x_wconf 62' lang='grc'>⁸⁸</span> <span class='ocrx_word' id='word_1_99' title='bbox 1453 1356 1554 1426; x_wconf 87' lang='grc' dir='ltr'><strong>τῆς</strong></span> <span class='ocrx_word' id='word_1_100' title='bbox 1605 1353 1865 1422; x_wconf 77' lang='grc' dir='ltr'>συζυγίας</span> 
     </span>
    </p>
   </div>
   <div class='ocr_carea' id='block_1_16' title="bbox 261 1445 1866 1521">
    <p class='ocr_par' dir='ltr' id='par_1_16' title="bbox 261 1445 1866 1521">
     <span class='ocr_line' id='line_1_16' title="bbox 261 1445 1866 1521; baseline -0.002 -19"><span class='ocrx_word' id='word_1_101' title='bbox 261 1450 419 1520; x_wconf 84' lang='grc' dir='ltr'>νόμῳ</span> <span class='ocrx_word' id='word_1_102' title='bbox 467 1448 868 1521; x_wconf 81' lang='grc' dir='ltr'>προαπέστειλε</span> <span class='ocrx_word' id='word_1_103' title='bbox 916 1450 1178 1519; x_wconf 84' lang='grc' dir='ltr'>Σίμωνα,</span> <span class='ocrx_word' id='word_1_104' title='bbox 1209 1449 1300 1502; x_wconf 83' lang='grc' dir='ltr'><strong>ἵνα</strong></span> <span class='ocrx_word' id='word_1_105' title='bbox 1339 1449 1390 1502; x_wconf 80' lang='grc' dir='ltr'>οἱ</span> <span class='ocrx_word' id='word_1_106' title='bbox 1426 1447 1699 1520; x_wconf 77' lang='grc' dir='ltr'>ἄνθρωποι</span> <span class='ocrx_word' id='word_1_107' title='bbox 1726 1445 1866 1510; x_wconf 80' lang='grc' dir='ltr'>,ἐὰν</span> 
     </span>
    </p>
   </div>
   <div class='ocr_carea' id='block_1_17' title="bbox 261 1539 1865 1610">
    <p class='ocr_par' dir='ltr' id='par_1_17' title="bbox 261 1539 1865 1610">
     <span class='ocr_line' id='line_1_17' title="bbox 261 1539 1865 1610; baseline -0.002 -14"><span class='ocrx_word' id='word_1_108' title='bbox 261 1544 398 1607; x_wconf 80' lang='grc' dir='ltr'>τοὺς</span> <span class='ocrx_word' id='word_1_109' title='bbox 425 1542 653 1605; x_wconf 85' lang='grc' dir='ltr'>πολλοὺς</span> <span class='ocrx_word' id='word_1_110' title='bbox 699 1541 856 1606; x_wconf 80' lang='grc' dir='ltr'>θεοὺς</span> <span class='ocrx_word' id='word_1_111' title='bbox 885 1541 1068 1610; x_wconf 90' lang='grc' dir='ltr'>λέγειν</span> <span class='ocrx_word' id='word_1_112' title='bbox 1112 1541 1454 1605; x_wconf 83' lang='grc' dir='ltr'>παύσωνται,</span> <span class='ocrx_word' id='word_1_113' title='bbox 1503 1539 1865 1610; x_wconf 84' lang='grc' dir='ltr'>καταγνόντες</span> 
     </span>
    </p>
   </div>
   <div class='ocr_carea' id='block_1_18' title="bbox 260 1630 1867 1706">
    <p class='ocr_par' dir='ltr' id='par_1_18' title="bbox 260 1630 1867 1706">
     <span class='ocr_line' id='line_1_18' title="bbox 260 1630 1867 1706; baseline -0.004 -16"><span class='ocrx_word' id='word_1_114' title='bbox 260 1636 380 1690; x_wconf 90' lang='grc' dir='ltr'><strong>τῶν</strong></span> <span class='ocrx_word' id='word_1_115' title='bbox 422 1636 519 1689; x_wconf 74' lang='grc' dir='ltr'>ἐπὶ</span> <span class='ocrx_word' id='word_1_116' title='bbox 561 1635 668 1704; x_wconf 81' lang='grc' dir='ltr'>γῆς</span> <span class='ocrx_word' id='word_1_117' title='bbox 715 1634 1026 1706; x_wconf 85' lang='grc' dir='ltr'>λεγομένων</span> <span class='ocrx_word' id='word_1_118' title='bbox 1051 1674 1068 1699; x_wconf 89' lang='grc'><strong>,</strong></span> <span class='ocrx_word' id='word_1_119' title='bbox 1103 1635 1162 1686; x_wconf 92' lang='grc' dir='ltr'><strong>ἐν</strong></span> <span class='ocrx_word' id='word_1_120' title='bbox 1207 1632 1424 1705; x_wconf 81' lang='grc' dir='ltr'>οὐρανῷ</span> <span class='ocrx_word' id='word_1_121' title='bbox 1455 1631 1684 1695; x_wconf 78' lang='grc' dir='ltr'>πολλοὺς</span> <span class='ocrx_word' id='word_1_122' title='bbox 1710 1630 1867 1692; x_wconf 81' lang='grc' dir='ltr'>θεοὺς</span> 
     </span>
    </p>
   </div>
   <div class='ocr_carea' id='block_1_19' title="bbox 263 1720 1866 1796">
    <p class='ocr_par' dir='ltr' id='par_1_19' title="bbox 263 1720 1866 1796">
     <span class='ocr_line' id='line_1_19' title="bbox 263 1720 1866 1796; baseline -0.003 -18"><span class='ocrx_word' id='word_1_123' title='bbox 263 1723 409 1779; x_wconf 80' lang='grc' dir='ltr'>εἶναι</span> <span class='ocrx_word' id='word_1_124' title='bbox 444 1724 740 1796; x_wconf 79' lang='grc' dir='ltr'>νομίσωσιν</span> <span class='ocrx_word' id='word_1_125' title='bbox 760 1724 808 1756; x_wconf 81' lang='grc'><strong>⁸³</strong></span> <span class='ocrx_word' id='word_1_126' title='bbox 829 1740 843 1754; x_wconf 87' lang='grc'><strong>·</strong></span> <span class='ocrx_word' id='word_1_127' title='bbox 880 1724 970 1777; x_wconf 86' lang='grc' dir='ltr'>ἵνα</span> <span class='ocrx_word' id='word_1_128' title='bbox 1000 1724 1271 1794; x_wconf 85' lang='grc' dir='ltr'>μηδέποτε</span> <span class='ocrx_word' id='word_1_129' title='bbox 1304 1722 1367 1775; x_wconf 83' lang='grc' dir='ltr'><strong>τὸ</strong></span> <span class='ocrx_word' id='word_1_130' title='bbox 1410 1723 1512 1794; x_wconf 83' lang='grc' dir='ltr'>τῆς</span> <span class='ocrx_word' id='word_1_131' title='bbox 1567 1720 1866 1792; x_wconf 81' lang='grc' dir='ltr'>μοναρχίας</span> 
     </span>
    </p>
   </div>
   <div class='ocr_carea' id='block_1_20' title="bbox 1959 524 3536 600">
    <p class='ocr_par' dir='ltr' id='par_1_20' title="bbox 1959 524 3536 600">
     <span class='ocr_line' id='line_1_20' title="bbox 1959 524 3536 600; baseline 0.003 -18"><span class='ocrx_word' id='word_1_132' title='bbox 1959 525 2229 594; x_wconf 80' lang='lat' dir='ltr'><strong>solebant,</strong></span> <span class='ocrx_word' id='word_1_133' title='bbox 2260 535 2316 582; x_wconf 89' lang='lat' dir='ltr'><strong>et</strong></span> <span class='ocrx_word' id='word_1_134' title='bbox 2335 527 2598 582; x_wconf 84' lang='lat' dir='ltr'><strong>dixerunt</strong></span> <span class='ocrx_word' id='word_1_135' title='bbox 2627 525 2788 582; x_wconf 81' lang='lat' dir='ltr'><strong>Petro</strong></span> <span class='ocrx_word' id='word_1_136' title='bbox 2815 544 2829 581; x_wconf 89' lang='lat'><strong>:</strong></span> <span class='ocrx_word' id='word_1_137' title='bbox 2861 524 3053 582; x_wconf 83' lang='lat' dir='ltr'><strong>Simon</strong></span> <span class='ocrx_word' id='word_1_138' title='bbox 3078 541 3304 598; x_wconf 88' lang='lat' dir='ltr'><strong>magnas</strong></span> <span class='ocrx_word' id='word_1_139' title='bbox 3329 531 3536 600; x_wconf 67' lang='lat' dir='ltr'><strong>praesti-</strong></span> 
     </span>
    </p>
   </div>
   <div class='ocr_carea' id='block_1_21' title="bbox 1960 616 3536 692">
    <p class='ocr_par' dir='ltr' id='par_1_21' title="bbox 1960 616 3536 692">
     <span class='ocr_line' id='line_1_21' title="bbox 1960 616 3536 692; baseline 0.006 -24"><span class='ocrx_word' id='word_1_140' title='bbox 1960 616 2078 685; x_wconf 90' lang='lat' dir='ltr'><strong>gias</strong></span> <span class='ocrx_word' id='word_1_141' title='bbox 2108 616 2238 689; x_wconf 86' lang='lat' dir='ltr'><strong>Tyri</strong></span> <span class='ocrx_word' id='word_1_142' title='bbox 2265 617 2480 674; x_wconf 89' lang='lat' dir='ltr'><strong>edendo</strong></span> <span class='ocrx_word' id='word_1_143' title='bbox 2510 620 2717 674; x_wconf 88' lang='lat' dir='ltr'><strong>multos</strong></span> <span class='ocrx_word' id='word_1_144' title='bbox 2749 618 3057 674; x_wconf 77' lang='lat' dir='ltr'><strong>incolarum</strong></span> <span class='ocrx_word' id='word_1_145' title='bbox 3087 618 3340 690; x_wconf 87' lang='lat' dir='ltr'><strong>perculit,</strong></span> <span class='ocrx_word' id='word_1_146' title='bbox 3377 631 3536 692; x_wconf 85' lang='lat' dir='ltr'><strong>teque</strong></span> 
     </span>
    </p>
   </div>
   <div class='ocr_carea' id='block_1_22' title="bbox 1959 710 3026 766">
    <p class='ocr_par' dir='ltr' id='par_1_22' title="bbox 1959 710 3026 766">
     <span class='ocr_line' id='line_1_22' title="bbox 1959 710 3026 766; baseline 0.002 -2"><span class='ocrx_word' id='word_1_147' title='bbox 1959 710 2149 764; x_wconf 92' lang='lat' dir='ltr'><strong>multis</strong></span> <span class='ocrx_word' id='word_1_148' title='bbox 2171 710 2464 765; x_wconf 82' lang='lat' dir='ltr'><strong>calumniis</strong></span> <span class='ocrx_word' id='word_1_149' title='bbox 2491 711 2744 765; x_wconf 88' lang='lat' dir='ltr'><strong>odiosum</strong></span> <span class='ocrx_word' id='word_1_150' title='bbox 2773 710 3026 766; x_wconf 77' lang='lat' dir='ltr'><strong>reddidit.</strong></span> 
     </span>
    </p>
   </div>
   <div class='ocr_carea' id='block_1_23' title="bbox 2031 800 3538 875">
    <p class='ocr_par' dir='ltr' id='par_1_23' title="bbox 2031 800 3538 875">
     <span class='ocr_line' id='line_1_23' title="bbox 2031 800 3538 875; baseline 0.002 -21"><span class='ocrx_word' id='word_1_151' title='bbox 2031 800 2172 856; x_wconf 89' lang='lat' dir='ltr'><strong>LIX.</strong></span> <span class='ocrx_word' id='word_1_152' title='bbox 2211 802 2343 868; x_wconf 61' lang='lat' dir='ltr'><strong>Quae</strong></span> <span class='ocrx_word' id='word_1_153' title='bbox 2392 814 2681 873; x_wconf 75' lang='lat' dir='ltr'><strong>postquam</strong></span> <span class='ocrx_word' id='word_1_154' title='bbox 2729 804 2938 862; x_wconf 83' lang='lat' dir='ltr'><strong>audivit</strong></span> <span class='ocrx_word' id='word_1_155' title='bbox 2980 802 3196 870; x_wconf 81' lang='lat' dir='ltr'><strong>Petrus,</strong></span> <span class='ocrx_word' id='word_1_156' title='bbox 3229 803 3538 875; x_wconf 88' lang='lat' dir='ltr'><strong>insequenti</strong></span> 
     </span>
    </p>
   </div>
   <div class='ocr_carea' id='block_1_24' title="bbox 1960 887 3540 966">
    <p class='ocr_par' dir='ltr' id='par_1_24' title="bbox 1960 887 3540 966">
     <span class='ocr_line' id='line_1_24' title="bbox 1960 887 3540 966; baseline 0 -16"><span class='ocrx_word' id='word_1_157' title='bbox 1960 903 2122 950; x_wconf 91' lang='lat' dir='ltr'><strong>nocte</strong></span> <span class='ocrx_word' id='word_1_158' title='bbox 2175 895 2489 950; x_wconf 84' lang='lat' dir='ltr'><strong>auditorum</strong></span> <span class='ocrx_word' id='word_1_159' title='bbox 2545 896 2762 950; x_wconf 78' lang='lat' dir='ltr'><strong>turbam</strong></span> <span class='ocrx_word' id='word_1_160' title='bbox 2813 887 2940 951; x_wconf 87' lang='lat' dir='ltr'><strong>l‘ecit</strong></span> <span class='ocrx_word' id='word_1_161' title='bbox 2987 895 3323 963; x_wconf 85' lang='lat' dir='ltr'><strong>convenire,</strong></span> <span class='ocrx_word' id='word_1_162' title='bbox 3373 905 3540 966; x_wconf 86' lang='lat' dir='ltr'><strong>atque</strong></span> 
     </span>
    </p>
   </div>
   <div class='ocr_carea' id='block_1_25' title="bbox 1961 989 3540 1060">
    <p class='ocr_par' dir='ltr' id='par_1_25' title="bbox 1961 989 3540 1060">
     <span class='ocr_line' id='line_1_25' title="bbox 1961 989 3540 1060; baseline -0.001 -15"><span class='ocrx_word' id='word_1_163' title='bbox 1961 990 2312 1060; x_wconf 74' lang='lat' dir='ltr'><strong>Congregatis</strong></span> <span class='ocrx_word' id='word_1_164' title='bbox 2340 990 2481 1044; x_wconf 82' lang='lat' dir='ltr'><strong>dixit</strong></span> <span class='ocrx_word' id='word_1_165' title='bbox 2513 1007 2528 1045; x_wconf 90' lang='lat'><strong>:</strong></span> <span class='ocrx_word' id='word_1_166' title='bbox 2561 989 2700 1044; x_wconf 90' lang='lat' dir='ltr'><strong>Cum</strong></span> <span class='ocrx_word' id='word_1_167' title='bbox 2748 1005 2850 1060; x_wconf 86' lang='lat' dir='ltr'><strong>ego</strong></span> <span class='ocrx_word' id='word_1_168' title='bbox 2874 1004 3230 1060; x_wconf 86' lang='lat' dir='ltr'><strong>properarem</strong></span> <span class='ocrx_word' id='word_1_169' title='bbox 3260 989 3327 1044; x_wconf 89' lang='lat' dir='ltr'><strong>ad</strong></span> <span class='ocrx_word' id='word_1_170' title='bbox 3351 997 3540 1059; x_wconf 79' lang='lat' dir='ltr'><strong>gentes</strong></span> 
     </span>
    </p>
   </div>
   <div class='ocr_carea' id='block_1_26' title="bbox 1961 1081 3538 1153">
    <p class='ocr_par' dir='ltr' id='par_1_26' title="bbox 1961 1081 3538 1153">
     <span class='ocr_line' id='line_1_26' title="bbox 1961 1081 3538 1153; baseline -0.001 -15"><span class='ocrx_word' id='word_1_171' title='bbox 1961 1098 2084 1152; x_wconf 71' lang='lat' dir='ltr'><strong>qua:</strong></span> <span class='ocrx_word' id='word_1_172' title='bbox 2119 1083 2321 1138; x_wconf 89' lang='lat' dir='ltr'><strong>multos</strong></span> <span class='ocrx_word' id='word_1_173' title='bbox 2347 1083 3237 1153; x_wconf 66' lang='lat' dir='ltr'><strong>deosasserunt,prmdicaturuset</strong></span> <span class='ocrx_word' id='word_1_174' title='bbox 3254 1081 3538 1147; x_wconf 85' lang='lat' dir='ltr'><strong>docturus,</strong></span> 
     </span>
    </p>
   </div>
   <div class='ocr_carea' id='block_1_27' title="bbox 1963 1174 3544 1243">
    <p class='ocr_par' dir='ltr' id='par_1_27' title="bbox 1963 1174 3544 1243">
     <span class='ocr_line' id='line_1_27' title="bbox 1963 1174 3544 1243; baseline -0.002 -13"><span class='ocrx_word' id='word_1_175' title='bbox 1963 1187 2133 1230; x_wconf 94' lang='lat' dir='ltr'><strong>unum</strong></span> <span class='ocrx_word' id='word_1_176' title='bbox 2149 1190 2272 1229; x_wconf 87' lang='lat' dir='ltr'><strong>esse</strong></span> <span class='ocrx_word' id='word_1_177' title='bbox 2283 1174 2453 1230; x_wconf 90' lang='lat' dir='ltr'><strong>Deum</strong></span> <span class='ocrx_word' id='word_1_178' title='bbox 2471 1184 2774 1231; x_wconf 89' lang='lat' dir='ltr'><strong>creatorem</strong></span> <span class='ocrx_word' id='word_1_179' title='bbox 2788 1175 2912 1230; x_wconf 76' lang='lat' dir='ltr'><strong>coeli</strong></span> <span class='ocrx_word' id='word_1_180' title='bbox 2934 1181 2988 1227; x_wconf 89' lang='lat' dir='ltr'><strong>et</strong></span> <span class='ocrx_word' id='word_1_181' title='bbox 3011 1181 3171 1229; x_wconf 72' lang='lat' dir='ltr'><strong>terra:</strong></span> <span class='ocrx_word' id='word_1_182' title='bbox 3183 1174 3544 1243; x_wconf 80' lang='lat' dir='ltr'><strong>omniumque</strong></span> 
     </span>
    </p>
   </div>
   <div class='ocr_carea' id='block_1_28' title="bbox 1963 1268 3540 1340">
    <p class='ocr_par' dir='ltr' id='par_1_28' title="bbox 1963 1268 3540 1340">
     <span class='ocr_line' id='line_1_28' title="bbox 1963 1268 3540 1340; baseline -0.001 -16"><span class='ocrx_word' id='word_1_183' title='bbox 1963 1285 2088 1340; x_wconf 70' lang='lat' dir='ltr'><strong>qua:</strong></span> <span class='ocrx_word' id='word_1_184' title='bbox 2118 1269 2172 1323; x_wconf 92' lang='lat' dir='ltr'><strong>in</strong></span> <span class='ocrx_word' id='word_1_185' title='bbox 2205 1268 2274 1325; x_wconf 88' lang='lat' dir='ltr'><strong>iis</strong></span> <span class='ocrx_word' id='word_1_186' title='bbox 2303 1269 2678 1337; x_wconf 87' lang='lat' dir='ltr'><strong>continentur,</strong></span> <span class='ocrx_word' id='word_1_187' title='bbox 2706 1284 2818 1340; x_wconf 89' lang='lat' dir='ltr'><strong>quo</strong></span> <span class='ocrx_word' id='word_1_188' title='bbox 2845 1269 3044 1324; x_wconf 88' lang='lat' dir='ltr'><strong>dilecto</strong></span> <span class='ocrx_word' id='word_1_189' title='bbox 3064 1277 3289 1339; x_wconf 85' lang='lat' dir='ltr'><strong>possent</strong></span> <span class='ocrx_word' id='word_1_190' title='bbox 3310 1268 3540 1324; x_wconf 86' lang='lat' dir='ltr'><strong>salutem</strong></span> 
     </span>
    </p>
   </div>
   <div class='ocr_carea' id='block_1_29' title="bbox 1965 1357 3544 1430">
    <p class='ocr_par' dir='ltr' id='par_1_29' title="bbox 1965 1357 3544 1430">
     <span class='ocr_line' id='line_1_29' title="bbox 1965 1357 3544 1430; baseline 0.002 -18"><span class='ocrx_word' id='word_1_191' title='bbox 1965 1357 2253 1427; x_wconf 89' lang='lat' dir='ltr'><strong>consequi,</strong></span> <span class='ocrx_word' id='word_1_192' title='bbox 2277 1358 2618 1428; x_wconf 63' lang='lat' dir='ltr'><strong>praeveniens</strong></span> <span class='ocrx_word' id='word_1_193' title='bbox 2649 1358 2859 1413; x_wconf 80' lang='lat' dir='ltr'><strong>malitia</strong></span> <span class='ocrx_word' id='word_1_194' title='bbox 2884 1374 2953 1414; x_wconf 91' lang='lat' dir='ltr'><strong>ex</strong></span> <span class='ocrx_word' id='word_1_195' title='bbox 2995 1358 3401 1430; x_wconf 89' lang='lat' dir='ltr'><strong>conjugationis</strong></span> <span class='ocrx_word' id='word_1_196' title='bbox 3427 1359 3544 1429; x_wconf 85' lang='lat' dir='ltr'><strong>lege</strong></span> 
     </span>
    </p>
   </div>
   <div class='ocr_carea' id='block_1_30' title="bbox 1966 1449 3544 1520">
    <p class='ocr_par' dir='ltr' id='par_1_30' title="bbox 1966 1449 3544 1520">
     <span class='ocr_line' id='line_1_30' title="bbox 1966 1449 3544 1520; baseline 0.003 -18"><span class='ocrx_word' id='word_1_197' title='bbox 1966 1450 2233 1520; x_wconf 74' lang='lat' dir='ltr'><strong>praemisit</strong></span> <span class='ocrx_word' id='word_1_198' title='bbox 2278 1449 2559 1506; x_wconf 89' lang='lat' dir='ltr'><strong>Simonem</strong></span> <span class='ocrx_word' id='word_1_199' title='bbox 2591 1491 2608 1518; x_wconf 91' lang='lat'><strong>,</strong></span> <span class='ocrx_word' id='word_1_200' title='bbox 2662 1459 2725 1505; x_wconf 93' lang='lat' dir='ltr'><strong>ut</strong></span> <span class='ocrx_word' id='word_1_201' title='bbox 2762 1451 3015 1506; x_wconf 92' lang='lat' dir='ltr'><strong>homines</strong></span> <span class='ocrx_word' id='word_1_202' title='bbox 3042 1489 3059 1516; x_wconf 91' lang='lat'><strong>,</strong></span> <span class='ocrx_word' id='word_1_203' title='bbox 3090 1451 3138 1507; x_wconf 91' lang='lat' dir='ltr'><strong>si</strong></span> <span class='ocrx_word' id='word_1_204' title='bbox 3169 1450 3308 1506; x_wconf 81' lang='lat' dir='ltr'><strong>forte</strong></span> <span class='ocrx_word' id='word_1_205' title='bbox 3339 1450 3544 1507; x_wconf 88' lang='lat' dir='ltr'><strong>multos</strong></span> 
     </span>
    </p>
   </div>
   <div class='ocr_carea' id='block_1_31' title="bbox 1965 1542 3547 1613">
    <p class='ocr_par' dir='ltr' id='par_1_31' title="bbox 1965 1542 3547 1613">
     <span class='ocr_line' id='line_1_31' title="bbox 1965 1542 3547 1613; baseline 0.001 -17"><span class='ocrx_word' id='word_1_206' title='bbox 1965 1542 2122 1610; x_wconf 88' lang='lat' dir='ltr'><strong>deos,</strong></span> <span class='ocrx_word' id='word_1_207' title='bbox 2145 1543 2422 1598; x_wconf 85' lang='lat' dir='ltr'><strong>damnatis</strong></span> <span class='ocrx_word' id='word_1_208' title='bbox 2451 1545 2519 1600; x_wconf 91' lang='lat' dir='ltr'><strong>iis</strong></span> <span class='ocrx_word' id='word_1_209' title='bbox 2550 1543 2643 1613; x_wconf 92' lang='lat' dir='ltr'><strong>qui</strong></span> <span class='ocrx_word' id='word_1_210' title='bbox 2671 1543 2726 1598; x_wconf 94' lang='lat' dir='ltr'><strong>in</strong></span> <span class='ocrx_word' id='word_1_211' title='bbox 2757 1552 2904 1599; x_wconf 88' lang='lat' dir='ltr'><strong>terra</strong></span> <span class='ocrx_word' id='word_1_212' title='bbox 2929 1543 3208 1611; x_wconf 89' lang='lat' dir='ltr'><strong>dicuntur,</strong></span> <span class='ocrx_word' id='word_1_213' title='bbox 3233 1544 3547 1599; x_wconf 87' lang='lat' dir='ltr'><strong>desinerent</strong></span> 
     </span>
    </p>
   </div>
   <div class='ocr_carea' id='block_1_32' title="bbox 1967 1633 3542 1707">
    <p class='ocr_par' dir='ltr' id='par_1_32' title="bbox 1967 1633 3542 1707">
     <span class='ocr_line' id='line_1_32' title="bbox 1967 1633 3542 1707; baseline 0.003 -19"><span class='ocrx_word' id='word_1_214' title='bbox 1967 1633 2242 1688; x_wconf 85' lang='lat' dir='ltr'><strong>allirmare</strong></span> <span class='ocrx_word' id='word_1_215' title='bbox 2267 1676 2283 1701; x_wconf 94' lang='lat'><strong>,</strong></span> <span class='ocrx_word' id='word_1_216' title='bbox 2308 1633 2424 1704; x_wconf 85' lang='lat' dir='ltr'><strong>jam</strong></span> <span class='ocrx_word' id='word_1_217' title='bbox 2461 1636 2668 1691; x_wconf 91' lang='lat' dir='ltr'><strong>multos</strong></span> <span class='ocrx_word' id='word_1_218' title='bbox 2695 1638 2750 1692; x_wconf 92' lang='lat' dir='ltr'><strong>in</strong></span> <span class='ocrx_word' id='word_1_219' title='bbox 2805 1635 2947 1692; x_wconf 69' lang='lat' dir='ltr'><strong>coelo</strong></span> <span class='ocrx_word' id='word_1_220' title='bbox 2993 1638 3230 1692; x_wconf 83' lang='lat' dir='ltr'><strong>existere</strong></span> <span class='ocrx_word' id='word_1_221' title='bbox 3256 1645 3542 1707; x_wconf 86' lang='lat' dir='ltr'><strong>putarent;</strong></span> 
     </span>
    </p>
   </div>
   <div class='ocr_carea' id='block_1_33' title="bbox 1967 1727 3546 1797">
    <p class='ocr_par' dir='ltr' id='par_1_33' title="bbox 1967 1727 3546 1797">
     <span class='ocr_line' id='line_1_33' title="bbox 1967 1727 3546 1797; baseline 0.003 -18"><span class='ocrx_word' id='word_1_222' title='bbox 1967 1741 2102 1797; x_wconf 94' lang='lat' dir='ltr'><strong>quo,</strong></span> <span class='ocrx_word' id='word_1_223' title='bbox 2137 1727 2268 1781; x_wconf 89' lang='lat' dir='ltr'><strong>dum</strong></span> <span class='ocrx_word' id='word_1_224' title='bbox 2299 1728 2635 1784; x_wconf 69' lang='lat' dir='ltr'><strong>monarchia:</strong></span> <span class='ocrx_word' id='word_1_225' title='bbox 2661 1743 2758 1786; x_wconf 90' lang='lat' dir='ltr'><strong>seu</strong></span> <span class='ocrx_word' id='word_1_226' title='bbox 2805 1729 3032 1788; x_wconf 88' lang='lat' dir='ltr'><strong>unitatis</strong></span> <span class='ocrx_word' id='word_1_227' title='bbox 3059 1728 3155 1784; x_wconf 90' lang='lat' dir='ltr'><strong>Dei</strong></span> <span class='ocrx_word' id='word_1_228' title='bbox 3183 1731 3386 1784; x_wconf 88' lang='lat' dir='ltr'><strong>bonum</strong></span> <span class='ocrx_word' id='word_1_229' title='bbox 3419 1729 3546 1784; x_wconf 87' lang='lat' dir='ltr'><strong>nul-</strong></span> 
     </span>
    </p>
   </div>
   <div class='ocr_carea' id='block_1_34' title="bbox 259 1803 1870 1892">
    <p class='ocr_par' dir='ltr' id='par_1_34' title="bbox 259 1814 1867 1889">
     <span class='ocr_line' id='line_1_34' title="bbox 259 1814 1867 1889; baseline -0.003 -17"><span class='ocrx_word' id='word_1_230' title='bbox 259 1819 604 1889; x_wconf 83' lang='grc' dir='ltr'>τιμήσαντες</span> <span class='ocrx_word' id='word_1_231' title='bbox 637 1817 802 1872; x_wconf 79' lang='grc' dir='ltr'>καλὸν</span> <span class='ocrx_word' id='word_1_232' title='bbox 836 1817 916 1878; x_wconf 87' lang='grc' dir='ltr'><strong>είς</strong></span> <span class='ocrx_word' id='word_1_233' title='bbox 938 1815 1002 1868; x_wconf 80' lang='grc' dir='ltr'>τὸ</span> <span class='ocrx_word' id='word_1_234' title='bbox 1028 1814 1290 1879; x_wconf 79' lang='grc' dir='ltr'>παντελὲς</span> <span class='ocrx_word' id='word_1_235' title='bbox 1317 1815 1455 1886; x_wconf 84' lang='grc' dir='ltr'>μετὰ</span> <span class='ocrx_word' id='word_1_236' title='bbox 1483 1815 1705 1869; x_wconf 88' lang='grc' dir='ltr'>κόλασιν</span> <span class='ocrx_word' id='word_1_237' title='bbox 1732 1814 1867 1868; x_wconf 85' lang='grc' dir='ltr'>ἀπό-</span> 
     </span>
    </p>
   </div>
   <div class='ocr_carea' id='block_1_35' title="bbox 1977 1803 3551 1892">
    <p class='ocr_par' dir='ltr' id='par_1_35' title="bbox 1977 1818 3551 1892">
     <span class='ocr_line' id='line_1_35' title="bbox 1977 1818 3551 1892; baseline 0.003 -20"><span class='ocrx_word' id='word_1_238' title='bbox 1977 1818 2185 1876; x_wconf 89' lang='lat' dir='ltr'><strong>latenus</strong></span> <span class='ocrx_word' id='word_1_239' title='bbox 2221 1821 2276 1875; x_wconf 92' lang='lat' dir='ltr'><strong>in</strong></span> <span class='ocrx_word' id='word_1_240' title='bbox 2307 1821 2482 1890; x_wconf 89' lang='lat' dir='ltr'><strong>pretio</strong></span> <span class='ocrx_word' id='word_1_241' title='bbox 2515 1822 2737 1888; x_wconf 89' lang='lat' dir='ltr'><strong>habent,</strong></span> <span class='ocrx_word' id='word_1_242' title='bbox 2764 1821 2818 1876; x_wconf 93' lang='lat' dir='ltr'><strong>in</strong></span> <span class='ocrx_word' id='word_1_243' title='bbox 2848 1830 3169 1891; x_wconf 87' lang='lat' dir='ltr'><strong>perpetuum</strong></span> <span class='ocrx_word' id='word_1_244' title='bbox 3191 1831 3315 1891; x_wconf 91' lang='lat' dir='ltr'><strong>post</strong></span> <span class='ocrx_word' id='word_1_245' title='bbox 3342 1821 3551 1892; x_wconf 84' lang='lat' dir='ltr'><strong>suppli-</strong></span> 
     </span>
    </p>
   </div>
   <div class='ocr_carea' id='block_1_36' title="bbox 262 1905 1866 1978">
    <p class='ocr_par' dir='ltr' id='par_1_36' title="bbox 262 1905 1866 1978">
     <span class='ocr_line' id='line_1_36' title="bbox 262 1905 1866 1978; baseline -0.002 -15"><span class='ocrx_word' id='word_1_246' title='bbox 262 1909 490 1963; x_wconf 84' lang='grc' dir='ltr'>λωνται.</span> <span class='ocrx_word' id='word_1_247' title='bbox 520 1909 630 1962; x_wconf 73' lang='grc' dir='ltr'><strong>Καὶ</strong></span> <span class='ocrx_word' id='word_1_248' title='bbox 655 1908 718 1973; x_wconf 80' lang='grc' dir='ltr'><strong>τὸ</strong></span> <span class='ocrx_word' id='word_1_249' title='bbox 745 1906 1065 1973; x_wconf 88' lang='grc' dir='ltr'>δεινότατον,</span> <span class='ocrx_word' id='word_1_250' title='bbox 1102 1906 1224 1959; x_wconf 82' lang='grc' dir='ltr'>ἐπεὶ</span> <span class='ocrx_word' id='word_1_251' title='bbox 1240 1905 1446 1978; x_wconf 83' lang='grc' dir='ltr'>ἀληθὴς</span> <span class='ocrx_word' id='word_1_252' title='bbox 1466 1905 1621 1975; x_wconf 81' lang='grc' dir='ltr'>λόγος</span> <span class='ocrx_word' id='word_1_253' title='bbox 1647 1906 1866 1977; x_wconf 71' lang='grc' dir='ltr'>ἀπαράρ</span> 
     </span>
    </p>
   </div>
   <div class='ocr_carea' id='block_1_37' title="bbox 264 1994 1870 2074">
    <p class='ocr_par' dir='ltr' id='par_1_37' title="bbox 264 1994 1870 2074">
     <span class='ocr_line' id='line_1_37' title="bbox 264 1994 1870 2074; baseline -0.004 -20"><span class='ocrx_word' id='word_1_254' title='bbox 264 2002 469 2074; x_wconf 87' lang='grc' dir='ltr'>ϐλητον</span> <span class='ocrx_word' id='word_1_255' title='bbox 507 2002 658 2072; x_wconf 88' lang='grc' dir='ltr'>ίσχὺν</span> <span class='ocrx_word' id='word_1_256' title='bbox 692 1999 839 2070; x_wconf 72' lang='grc' dir='ltr'>ἔχει,</span> <span class='ocrx_word' id='word_1_257' title='bbox 864 1996 1267 2070; x_wconf 84' lang='grc' dir='ltr'>προλαμϐάνων</span> <span class='ocrx_word' id='word_1_258' title='bbox 1302 1998 1424 2060; x_wconf 93' lang='grc' dir='ltr'>ταῖς</span> <span class='ocrx_word' id='word_1_259' title='bbox 1443 1995 1720 2060; x_wconf 89' lang='grc' dir='ltr'>διαϐολαῖς</span> <span class='ocrx_word' id='word_1_260' title='bbox 1748 1994 1870 2049; x_wconf 86' lang='grc' dir='ltr'>πεί-</span> 
     </span>
    </p>
   </div>
   <div class='ocr_carea' id='block_1_38' title="bbox 265 2088 1867 2161">
    <p class='ocr_par' dir='ltr' id='par_1_38' title="bbox 265 2088 1867 2161">
     <span class='ocr_line' id='line_1_38' title="bbox 265 2088 1867 2161; baseline -0.004 -12"><span class='ocrx_word' id='word_1_261' title='bbox 265 2096 354 2151; x_wconf 93' lang='grc' dir='ltr'><strong>θει</strong></span> <span class='ocrx_word' id='word_1_262' title='bbox 393 2094 590 2156; x_wconf 78' lang='grc' dir='ltr'>αὐτοὺς</span> <span class='ocrx_word' id='word_1_263' title='bbox 621 2092 781 2158; x_wconf 81' lang='grc' dir='ltr'>αὐτὸ,</span> <span class='ocrx_word' id='word_1_264' title='bbox 823 2092 976 2160; x_wconf 93' lang='grc' dir='ltr'><strong>ιιι</strong></span> <span class='ocrx_word' id='word_1_265' title='bbox 1018 2090 1153 2161; x_wconf 85' lang='grc' dir='ltr'><strong>μηδέ</strong></span> <span class='ocrx_word' id='word_1_266' title='bbox 1179 2089 1280 2160; x_wconf 76' lang='grc' dir='ltr'>τὴν</span> <span class='ocrx_word' id='word_1_267' title='bbox 1301 2090 1474 2161; x_wconf 84' lang='grc' dir='ltr'>ἀρχὴν</span> <span class='ocrx_word' id='word_1_268' title='bbox 1506 2088 1867 2154; x_wconf 82' lang='grc' dir='ltr'>ἀναδέξασθαί</span> 
     </span>
    </p>
   </div>
   <div class='ocr_carea' id='block_1_39' title="bbox 266 2182 1867 2260">
    <p class='ocr_par' dir='ltr' id='par_1_39' title="bbox 266 2182 1867 2260">
     <span class='ocr_line' id='line_1_39' title="bbox 266 2182 1867 2260; baseline -0.002 -20"><span class='ocrx_word' id='word_1_269' title='bbox 266 2205 377 2260; x_wconf 86' lang='grc' dir='ltr'><strong>μου</strong></span> <span class='ocrx_word' id='word_1_270' title='bbox 390 2187 456 2218; x_wconf 81' lang='grc'><strong>⁸⁸·</strong></span> <span class='ocrx_word' id='word_1_271' title='bbox 471 2187 543 2257; x_wconf 84' lang='grc' dir='ltr'><strong>μή</strong></span> <span class='ocrx_word' id='word_1_272' title='bbox 560 2203 676 2248; x_wconf 82' lang='grc' dir='ltr'><strong>πως</strong></span> <span class='ocrx_word' id='word_1_273' title='bbox 690 2186 718 2238; x_wconf 87' lang='grc' dir='ltr'><strong>ὁ</strong></span> <span class='ocrx_word' id='word_1_274' title='bbox 732 2183 1033 2237; x_wconf 86' lang='grc' dir='ltr'>διαϐάλλων</span> <span class='ocrx_word' id='word_1_275' title='bbox 1046 2184 1206 2246; x_wconf 83' lang='grc' dir='ltr'>αὐτὸς</span> <span class='ocrx_word' id='word_1_276' title='bbox 1218 2182 1296 2254; x_wconf 83' lang='grc' dir='ltr'><strong>τῷ</strong></span> <span class='ocrx_word' id='word_1_277' title='bbox 1317 2183 1429 2236; x_wconf 75' lang='grc' dir='ltr'>ὄντι</span> <span class='ocrx_word' id='word_1_278' title='bbox 1447 2183 1693 2248; x_wconf 83' lang='grc' dir='ltr'>διάϐολος</span> <span class='ocrx_word' id='word_1_279' title='bbox 1711 2183 1867 2254; x_wconf 85' lang='grc' dir='ltr'>ἐλεγ-</span> 
     </span>
    </p>
   </div>
   <div class='ocr_carea' id='block_1_40' title="bbox 262 2275 1868 2352">
    <p class='ocr_par' dir='ltr' id='par_1_40' title="bbox 262 2275 1868 2352">
     <span class='ocr_line' id='line_1_40' title="bbox 262 2275 1868 2352; baseline -0.002 -19"><span class='ocrx_word' id='word_1_280' title='bbox 262 2280 374 2352; x_wconf 81' lang='grc' dir='ltr'>χθῇ</span> <span class='ocrx_word' id='word_1_281' title='bbox 403 2318 420 2343; x_wconf 93' lang='grc'><strong>,</strong></span> <span class='ocrx_word' id='word_1_282' title='bbox 465 2280 560 2332; x_wconf 80' lang='grc' dir='ltr'><strong>καὶ</strong></span> <span class='ocrx_word' id='word_1_283' title='bbox 607 2279 636 2332; x_wconf 87' lang='grc' dir='ltr'><strong>ὁ</strong></span> <span class='ocrx_word' id='word_1_284' title='bbox 685 2276 892 2349; x_wconf 85' lang='grc' dir='ltr'>ἀληθὴς</span> <span class='ocrx_word' id='word_1_285' title='bbox 923 2275 1080 2344; x_wconf 86' lang='grc' dir='ltr'>λόγος</span> <span class='ocrx_word' id='word_1_286' title='bbox 1127 2276 1465 2346; x_wconf 80' lang='grc' dir='ltr'>ἀναδειχθεὶς</span> <span class='ocrx_word' id='word_1_287' title='bbox 1511 2275 1868 2347; x_wconf 82' lang='grc' dir='ltr'>πιστευθῆναι</span> 
     </span>
    </p>
   </div>
   <div class='ocr_carea' id='block_1_41' title="bbox 261 2360 1866 2442">
    <p class='ocr_par' dir='ltr' id='par_1_41' title="bbox 261 2360 1866 2442">
     <span class='ocr_line' id='line_1_41' title="bbox 261 2360 1866 2442; baseline -0.001 -16"><span class='ocrx_word' id='word_1_288' title='bbox 261 2372 494 2442; x_wconf 80' lang='grc' dir='ltr'>δυνηθῇ.</span> <span class='ocrx_word' id='word_1_289' title='bbox 530 2371 650 2442; x_wconf 80' lang='grc' dir='ltr'>Χρὴ</span> <span class='ocrx_word' id='word_1_290' title='bbox 691 2365 784 2423; x_wconf 78' lang='grc' dir='ltr'><strong>οὖν</strong></span> <span class='ocrx_word' id='word_1_291' title='bbox 835 2387 902 2440; x_wconf 87' lang='grc' dir='ltr'><strong>με</strong></span> <span class='ocrx_word' id='word_1_292' title='bbox 933 2360 1146 2439; x_wconf 78' lang='grc' dir='ltr'>ταχέως</span> <span class='ocrx_word' id='word_1_293' title='bbox 1192 2369 1356 2423; x_wconf 83' lang='grc' dir='ltr'>αὑτὸν</span> <span class='ocrx_word' id='word_1_294' title='bbox 1405 2370 1828 2426; x_wconf 86' lang='grc' dir='ltr'>ἐπικαταλαϐεῖν</span> <span class='ocrx_word' id='word_1_295' title='bbox 1850 2413 1866 2439; x_wconf 92' lang='grc'><strong>,</strong></span> 
     </span>
    </p>
   </div>
   <div class='ocr_carea' id='block_1_42' title="bbox 265 2462 1868 2537">
    <p class='ocr_par' dir='ltr' id='par_1_42' title="bbox 265 2462 1868 2537">
     <span class='ocr_line' id='line_1_42' title="bbox 265 2462 1868 2537; baseline 0.001 -18"><span class='ocrx_word' id='word_1_296' title='bbox 265 2466 360 2519; x_wconf 76' lang='grc' dir='ltr'>ἵνα</span> <span class='ocrx_word' id='word_1_297' title='bbox 388 2466 464 2537; x_wconf 82' lang='grc' dir='ltr'>μὴ</span> <span class='ocrx_word' id='word_1_298' title='bbox 493 2467 528 2537; x_wconf 84' lang='grc' dir='ltr'><strong>ή</strong></span> <span class='ocrx_word' id='word_1_299' title='bbox 560 2463 781 2536; x_wconf 81' lang='grc' dir='ltr'>διαϐολὴ</span> <span class='ocrx_word' id='word_1_300' title='bbox 804 2462 1171 2536; x_wconf 89' lang='grc' dir='ltr'>ἐγχρονίσασα</span> <span class='ocrx_word' id='word_1_301' title='bbox 1197 2462 1483 2528; x_wconf 85' lang='grc' dir='ltr'>παντελῶς</span> <span class='ocrx_word' id='word_1_302' title='bbox 1505 2464 1721 2519; x_wconf 87' lang='grc' dir='ltr'>πάντων</span> <span class='ocrx_word' id='word_1_303' title='bbox 1744 2466 1868 2520; x_wconf 78' lang='grc' dir='ltr'>ἐπι-</span> 
     </span>
    </p>
   </div>
   <div class='ocr_carea' id='block_1_43' title="bbox 262 2555 611 2630">
    <p class='ocr_par' dir='ltr' id='par_1_43' title="bbox 262 2555 611 2630">
     <span class='ocr_line' id='line_1_43' title="bbox 262 2555 611 2630; baseline -0.006 -19"><span class='ocrx_word' id='word_1_304' title='bbox 262 2558 525 2630; x_wconf 80' lang='grc' dir='ltr'>κρατήσῃ</span> <span class='ocrx_word' id='word_1_305' title='bbox 545 2555 611 2609; x_wconf 85' lang='grc'><strong>⁸⁷.</strong></span> 
     </span>
    </p>
   </div>
   <div class='ocr_carea' id='block_1_44' title="bbox 341 2639 1870 2722">
    <p class='ocr_par' dir='ltr' id='par_1_44' title="bbox 341 2639 1870 2722">
     <span class='ocr_line' id='line_1_44' title="bbox 341 2639 1870 2722; baseline 0.003 -22"><span class='ocrx_word' id='word_1_306' title='bbox 341 2646 458 2700; x_wconf 80' lang='lat' dir='ltr'><strong>LX.</strong></span> <span class='ocrx_word' id='word_1_307' title='bbox 513 2646 666 2700; x_wconf 80' lang='grc' dir='ltr'>Ἐπεὶ</span> <span class='ocrx_word' id='word_1_308' title='bbox 692 2639 785 2701; x_wconf 84' lang='grc' dir='ltr'><strong>οῦν</strong></span> <span class='ocrx_word' id='word_1_309' title='bbox 817 2646 898 2701; x_wconf 79' lang='grc' dir='ltr'><strong>δεῖ</strong></span> <span class='ocrx_word' id='word_1_310' title='bbox 927 2663 1050 2700; x_wconf 89' lang='grc' dir='ltr'>τινα</span> <span class='ocrx_word' id='word_1_311' title='bbox 1085 2646 1266 2719; x_wconf 82' lang='grc' dir='ltr'>ὁρίσαι</span> <span class='ocrx_word' id='word_1_312' title='bbox 1298 2649 1414 2702; x_wconf 84' lang='grc' dir='ltr'>ἀντ’</span> <span class='ocrx_word' id='word_1_313' title='bbox 1446 2647 1583 2720; x_wconf 86' lang='grc' dir='ltr'>ἐμοῦ</span> <span class='ocrx_word' id='word_1_314' title='bbox 1616 2648 1710 2703; x_wconf 81' lang='grc' dir='ltr'><strong>τὸν</strong></span> <span class='ocrx_word' id='word_1_315' title='bbox 1733 2649 1870 2722; x_wconf 77' lang='grc' dir='ltr'>ἐμὸν</span> 
     </span>
    </p>
   </div>
   <div class='ocr_carea' id='block_1_45' title="bbox 265 2738 1868 2812">
    <p class='ocr_par' dir='ltr' id='par_1_45' title="bbox 265 2738 1868 2812">
     <span class='ocr_line' id='line_1_45' title="bbox 265 2738 1868 2812; baseline 0.003 -22"><span class='ocrx_word' id='word_1_316' title='bbox 265 2738 692 2808; x_wconf 74' lang='grc' dir='ltr'>ἀναπληροῦντα</span> <span class='ocrx_word' id='word_1_317' title='bbox 727 2738 894 2792; x_wconf 76' lang='grc' dir='ltr'>τόπον</span> <span class='ocrx_word' id='word_1_318' title='bbox 920 2777 934 2803; x_wconf 90' lang='grc'><strong>,</strong></span> <span class='ocrx_word' id='word_1_319' title='bbox 972 2740 1072 2810; x_wconf 77' lang='grc' dir='ltr'>μιᾷ</span> <span class='ocrx_word' id='word_1_320' title='bbox 1113 2739 1430 2812; x_wconf 82' lang='grc' dir='ltr'>προαιρέσει</span> <span class='ocrx_word' id='word_1_321' title='bbox 1462 2740 1745 2812; x_wconf 85' lang='grc' dir='ltr'>δεηθῶμεν</span> <span class='ocrx_word' id='word_1_322' title='bbox 1773 2739 1868 2795; x_wconf 90' lang='grc' dir='ltr'><strong>τοῦ</strong></span> 
     </span>
    </p>
   </div>
   <div class='ocr_carea' id='block_1_46' title="bbox 266 2830 1870 2905">
    <p class='ocr_par' dir='ltr' id='par_1_46' title="bbox 266 2830 1870 2905">
     <span class='ocr_line' id='line_1_46' title="bbox 266 2830 1870 2905; baseline 0.001 -20"><span class='ocrx_word' id='word_1_323' title='bbox 266 2831 409 2885; x_wconf 85' lang='grc' dir='ltr'>Θεοῦ</span> <span class='ocrx_word' id='word_1_324' title='bbox 433 2832 483 2864; x_wconf 83' lang='grc'><strong>⁸⁸</strong></span> <span class='ocrx_word' id='word_1_325' title='bbox 525 2833 576 2884; x_wconf 81' lang='grc' dir='ltr'><strong>οῖ</strong></span> <span class='ocrx_word' id='word_1_326' title='bbox 623 2832 825 2895; x_wconf 85' lang='grc' dir='ltr'>πάντες</span> <span class='ocrx_word' id='word_1_327' title='bbox 849 2869 866 2895; x_wconf 92' lang='grc'><strong>,</strong></span> <span class='ocrx_word' id='word_1_328' title='bbox 895 2831 1047 2894; x_wconf 82' lang='grc' dir='ltr'>ὅπως</span> <span class='ocrx_word' id='word_1_329' title='bbox 1089 2830 1199 2884; x_wconf 87' lang='grc' dir='ltr'><strong>τῶν</strong></span> <span class='ocrx_word' id='word_1_330' title='bbox 1232 2831 1404 2885; x_wconf 76' lang='grc' dir='ltr'>ὄντων</span> <span class='ocrx_word' id='word_1_331' title='bbox 1443 2833 1504 2886; x_wconf 89' lang='grc' dir='ltr'><strong>ἐν</strong></span> <span class='ocrx_word' id='word_1_332' title='bbox 1547 2835 1679 2905; x_wconf 87' lang='grc' dir='ltr'>ήμῖν</span> <span class='ocrx_word' id='word_1_333' title='bbox 1710 2833 1803 2886; x_wconf 79' lang='grc' dir='ltr'><strong>τὸν</strong></span> <span class='ocrx_word' id='word_1_334' title='bbox 1822 2833 1870 2866; x_wconf 83' lang='grc'><strong><em>⁸⁹</em></strong></span> 
     </span>
    </p>
   </div>
   <div class='ocr_carea' id='block_1_47' title="bbox 270 2923 1869 2998">
    <p class='ocr_par' dir='ltr' id='par_1_47' title="bbox 270 2923 1869 2998">
     <span class='ocr_line' id='line_1_47' title="bbox 270 2923 1869 2998; baseline 0.001 -20"><span class='ocrx_word' id='word_1_335' title='bbox 270 2924 562 2995; x_wconf 82' lang='grc' dir='ltr'>κρείττονα</span> <span class='ocrx_word' id='word_1_336' title='bbox 593 2924 755 2987; x_wconf 76' lang='grc' dir='ltr'>αὐτὸς</span> <span class='ocrx_word' id='word_1_337' title='bbox 794 2923 1062 2994; x_wconf 88' lang='grc' dir='ltr'>πρόδηλον</span> <span class='ocrx_word' id='word_1_338' title='bbox 1089 2925 1292 2995; x_wconf 78' lang='grc' dir='ltr'>ποιήσῃ</span> <span class='ocrx_word' id='word_1_339' title='bbox 1316 2964 1332 2988; x_wconf 85' lang='grc'><strong>,</strong></span> <span class='ocrx_word' id='word_1_340' title='bbox 1364 2924 1455 2978; x_wconf 75' lang='grc' dir='ltr'><strong>ἵνα</strong></span> <span class='ocrx_word' id='word_1_341' title='bbox 1485 2925 1578 2978; x_wconf 73' lang='grc' dir='ltr'><strong>ἐπὶ</strong></span> <span class='ocrx_word' id='word_1_342' title='bbox 1603 2927 1703 2997; x_wconf 81' lang='grc' dir='ltr'>τῆς</span> <span class='ocrx_word' id='word_1_343' title='bbox 1731 2925 1869 2998; x_wconf 78' lang='grc' dir='ltr'>Χρι-</span> 
     </span>
    </p>
   </div>
   <div class='ocr_carea' id='block_1_48' title="bbox 271 2995 1869 3088">
    <p class='ocr_par' dir='ltr' id='par_1_48' title="bbox 271 2995 1869 3088">
     <span class='ocr_line' id='line_1_48' title="bbox 271 2995 1869 3088; baseline 0.001 -19"><span class='ocrx_word' id='word_1_344' title='bbox 271 3016 403 3069; x_wconf 83' lang='grc' dir='ltr'>στοῦ</span> <span class='ocrx_word' id='word_1_345' title='bbox 437 3015 705 3088; x_wconf 85' lang='grc' dir='ltr'>καθέδρας</span> <span class='ocrx_word' id='word_1_346' title='bbox 737 3016 1021 3080; x_wconf 78' lang='grc' dir='ltr'>καθεσθεὶς</span> <span class='ocrx_word' id='word_1_347' title='bbox 1053 3017 1153 3087; x_wconf 76' lang='grc' dir='ltr'><strong>τὴν</strong></span> <span class='ocrx_word' id='word_1_348' title='bbox 1187 3015 1354 3070; x_wconf 74' lang='grc' dir='ltr'>αὑτοῦ</span> <span class='ocrx_word' id='word_1_349' title='bbox 1400 2995 1737 3088; x_wconf 84' lang='grc' dir='ltr'>Ἐκκλησίαν</span> 
     </span>
    </p>
   </div>
   <div class='ocr_carea' id='block_1_49' title="bbox 1970 1911 3550 1983">
    <p class='ocr_par' dir='ltr' id='par_1_49' title="bbox 1970 1911 3550 1983">
     <span class='ocr_line' id='line_1_49' title="bbox 1970 1911 3550 1983; baseline 0.003 -18"><span class='ocrx_word' id='word_1_350' title='bbox 1970 1911 2054 1966; x_wconf 89' lang='lat' dir='ltr'><strong>cia</strong></span> <span class='ocrx_word' id='word_1_351' title='bbox 2089 1911 2382 1968; x_wconf 83' lang='lat' dir='ltr'><strong>intereant.</strong></span> <span class='ocrx_word' id='word_1_352' title='bbox 2415 1911 2686 1982; x_wconf 84' lang='lat' dir='ltr'><strong>Quodque</strong></span> <span class='ocrx_word' id='word_1_353' title='bbox 2733 1913 3030 1982; x_wconf 90' lang='lat' dir='ltr'><strong>pessimum</strong></span> <span class='ocrx_word' id='word_1_354' title='bbox 3064 1921 3149 1968; x_wconf 89' lang='lat' dir='ltr'><strong>est</strong></span> <span class='ocrx_word' id='word_1_355' title='bbox 3171 1954 3188 1979; x_wconf 93' lang='lat'><strong>,</strong></span> <span class='ocrx_word' id='word_1_356' title='bbox 3214 1913 3344 1983; x_wconf 86' lang='lat' dir='ltr'><strong>quia</strong></span> <span class='ocrx_word' id='word_1_357' title='bbox 3387 1929 3550 1969; x_wconf 90' lang='lat' dir='ltr'><strong>verus</strong></span> 
     </span>
    </p>
   </div>
   <div class='ocr_carea' id='block_1_50' title="bbox 1969 2001 3550 2074">
    <p class='ocr_par' dir='ltr' id='par_1_50' title="bbox 1969 2001 3550 2074">
     <span class='ocr_line' id='line_1_50' title="bbox 1969 2001 3550 2074; baseline 0 -17"><span class='ocrx_word' id='word_1_358' title='bbox 1969 2016 2152 2057; x_wconf 85' lang='lat' dir='ltr'><strong>sermo</strong></span> <span class='ocrx_word' id='word_1_359' title='bbox 2202 2001 2696 2071; x_wconf 90' lang='lat' dir='ltr'><strong>incomparabilem</strong></span> <span class='ocrx_word' id='word_1_360' title='bbox 2749 2001 2914 2058; x_wconf 84' lang='lat' dir='ltr'><strong>habet</strong></span> <span class='ocrx_word' id='word_1_361' title='bbox 2943 2003 3051 2057; x_wconf 90' lang='lat' dir='ltr'><strong>vim</strong></span> <span class='ocrx_word' id='word_1_362' title='bbox 3074 2043 3090 2071; x_wconf 92' lang='lat'><strong>,</strong></span> <span class='ocrx_word' id='word_1_363' title='bbox 3117 2004 3428 2074; x_wconf 90' lang='lat' dir='ltr'><strong>anticipans</strong></span> <span class='ocrx_word' id='word_1_364' title='bbox 3458 2001 3550 2058; x_wconf 93' lang='lat' dir='ltr'><strong>Si-</strong></span> 
     </span>
    </p>
   </div>
   <div class='ocr_carea' id='block_1_51' title="bbox 1970 2095 3551 2168">
    <p class='ocr_par' dir='ltr' id='par_1_51' title="bbox 1970 2095 3551 2168">
     <span class='ocr_line' id='line_1_51' title="bbox 1970 2095 3551 2168; baseline 0.003 -20"><span class='ocrx_word' id='word_1_365' title='bbox 1970 2109 2101 2149; x_wconf 92' lang='lat' dir='ltr'><strong>mon</strong></span> <span class='ocrx_word' id='word_1_366' title='bbox 2152 2095 2446 2153; x_wconf 87' lang='lat' dir='ltr'><strong>calumniis</strong></span> <span class='ocrx_word' id='word_1_367' title='bbox 2491 2097 2782 2168; x_wconf 86' lang='lat' dir='ltr'><strong>persuadet</strong></span> <span class='ocrx_word' id='word_1_368' title='bbox 2827 2098 3144 2154; x_wconf 86' lang='lat' dir='ltr'><strong>hominibus</strong></span> <span class='ocrx_word' id='word_1_369' title='bbox 3198 2115 3267 2154; x_wconf 89' lang='lat' dir='ltr'><strong>ne</strong></span> <span class='ocrx_word' id='word_1_370' title='bbox 3309 2113 3396 2153; x_wconf 88' lang='lat' dir='ltr'><strong>me</strong></span> <span class='ocrx_word' id='word_1_371' title='bbox 3437 2098 3551 2153; x_wconf 91' lang='lat' dir='ltr'><strong>ullo</strong></span> 
     </span>
    </p>
   </div>
   <div class='ocr_carea' id='block_1_52' title="bbox 1971 2186 3551 2259">
    <p class='ocr_par' dir='ltr' id='par_1_52' title="bbox 1971 2186 3551 2259">
     <span class='ocr_line' id='line_1_52' title="bbox 1971 2186 3551 2259; baseline 0.003 -19"><span class='ocrx_word' id='word_1_372' title='bbox 1971 2186 2138 2241; x_wconf 90' lang='lat' dir='ltr'><strong>modo</strong></span> <span class='ocrx_word' id='word_1_373' title='bbox 2169 2187 2462 2256; x_wconf 84' lang='lat' dir='ltr'><strong>recipiant,</strong></span> <span class='ocrx_word' id='word_1_374' title='bbox 2495 2203 2563 2242; x_wconf 90' lang='lat' dir='ltr'><strong>ne</strong></span> <span class='ocrx_word' id='word_1_375' title='bbox 2592 2187 2765 2255; x_wconf 81' lang='lat' dir='ltr'><strong>forte,</strong></span> <span class='ocrx_word' id='word_1_376' title='bbox 2799 2189 2897 2259; x_wconf 90' lang='lat' dir='ltr'><strong>qui</strong></span> <span class='ocrx_word' id='word_1_377' title='bbox 2931 2190 3330 2254; x_wconf 89' lang='lat' dir='ltr'><strong>calumniatur,</strong></span> <span class='ocrx_word' id='word_1_378' title='bbox 3360 2205 3551 2245; x_wconf 81' lang='lat' dir='ltr'><strong>revera</strong></span> 
     </span>
    </p>
   </div>
   <div class='ocr_carea' id='block_1_53' title="bbox 1969 2276 3554 2348">
    <p class='ocr_par' dir='ltr' id='par_1_53' title="bbox 1969 2276 3554 2348">
     <span class='ocr_line' id='line_1_53' title="bbox 1969 2276 3554 2348; baseline 0.001 -18"><span class='ocrx_word' id='word_1_379' title='bbox 1969 2291 2092 2332; x_wconf 89' lang='lat' dir='ltr'><strong>esse</strong></span> <span class='ocrx_word' id='word_1_380' title='bbox 2124 2276 2496 2332; x_wconf 88' lang='lat' dir='ltr'><strong>calumniator</strong></span> <span class='ocrx_word' id='word_1_381' title='bbox 2527 2277 3002 2348; x_wconf 88' lang='lat' dir='ltr'><strong>deprehendatur,</strong></span> <span class='ocrx_word' id='word_1_382' title='bbox 3037 2289 3092 2335; x_wconf 91' lang='lat' dir='ltr'><strong>et</strong></span> <span class='ocrx_word' id='word_1_383' title='bbox 3132 2294 3202 2335; x_wconf 92' lang='lat' dir='ltr'><strong>ne</strong></span> <span class='ocrx_word' id='word_1_384' title='bbox 3233 2293 3396 2334; x_wconf 86' lang='lat' dir='ltr'><strong>verus</strong></span> <span class='ocrx_word' id='word_1_385' title='bbox 3435 2294 3554 2334; x_wconf 78' lang='lat' dir='ltr'><strong>ser-</strong></span> 
     </span>
    </p>
   </div>
   <div class='ocr_carea' id='block_1_54' title="bbox 1971 2368 3555 2442">
    <p class='ocr_par' dir='ltr' id='par_1_54' title="bbox 1971 2368 3555 2442">
     <span class='ocr_line' id='line_1_54' title="bbox 1971 2368 3555 2442; baseline 0.001 -18"><span class='ocrx_word' id='word_1_386' title='bbox 1971 2383 2062 2424; x_wconf 85' lang='lat' dir='ltr'><strong>mo</strong></span> <span class='ocrx_word' id='word_1_387' title='bbox 2087 2409 2105 2436; x_wconf 93' lang='lat'><strong>,</strong></span> <span class='ocrx_word' id='word_1_388' title='bbox 2140 2385 2267 2424; x_wconf 92' lang='lat' dir='ltr'><strong>cum</strong></span> <span class='ocrx_word' id='word_1_389' title='bbox 2320 2369 2487 2425; x_wconf 80' lang='lat' dir='ltr'><strong>fuerit</strong></span> <span class='ocrx_word' id='word_1_390' title='bbox 2533 2370 2838 2440; x_wconf 76' lang='lat' dir='ltr'><strong>patefactus</strong></span> <span class='ocrx_word' id='word_1_391' title='bbox 2860 2410 2877 2436; x_wconf 90' lang='lat'><strong>,</strong></span> <span class='ocrx_word' id='word_1_392' title='bbox 2906 2372 3056 2427; x_wconf 89' lang='lat' dir='ltr'><strong>credi</strong></span> <span class='ocrx_word' id='word_1_393' title='bbox 3099 2371 3292 2442; x_wconf 90' lang='lat' dir='ltr'><strong>possit.</strong></span> <span class='ocrx_word' id='word_1_394' title='bbox 3326 2368 3555 2442; x_wconf 90' lang='lat' dir='ltr'><strong>Oportet</strong></span> 
     </span>
    </p>
   </div>
   <div class='ocr_carea' id='block_1_55' title="bbox 1967 2460 3554 2533">
    <p class='ocr_par' dir='ltr' id='par_1_55' title="bbox 1967 2460 3554 2533">
     <span class='ocr_line' id='line_1_55' title="bbox 1967 2460 3554 2533; baseline 0.001 -18"><span class='ocrx_word' id='word_1_395' title='bbox 1967 2475 2100 2532; x_wconf 90' lang='lat' dir='ltr'><strong>ergo</strong></span> <span class='ocrx_word' id='word_1_396' title='bbox 2125 2476 2212 2516; x_wconf 86' lang='lat' dir='ltr'><strong>me</strong></span> <span class='ocrx_word' id='word_1_397' title='bbox 2239 2461 2351 2516; x_wconf 89' lang='lat' dir='ltr'><strong>cito</strong></span> <span class='ocrx_word' id='word_1_398' title='bbox 2387 2463 2667 2517; x_wconf 89' lang='lat' dir='ltr'><strong>hominem</strong></span> <span class='ocrx_word' id='word_1_399' title='bbox 2703 2460 2950 2533; x_wconf 84' lang='lat' dir='ltr'><strong>assequi,</strong></span> <span class='ocrx_word' id='word_1_400' title='bbox 2967 2471 3027 2518; x_wconf 91' lang='lat' dir='ltr'><strong>ut</strong></span> <span class='ocrx_word' id='word_1_401' title='bbox 3052 2479 3120 2519; x_wconf 93' lang='lat' dir='ltr'><strong>ne</strong></span> <span class='ocrx_word' id='word_1_402' title='bbox 3132 2462 3412 2518; x_wconf 86' lang='lat' dir='ltr'><strong>calumnia</strong></span> <span class='ocrx_word' id='word_1_403' title='bbox 3435 2460 3554 2517; x_wconf 89' lang='lat' dir='ltr'><strong>diu-</strong></span> 
     </span>
    </p>
   </div>
   <div class='ocr_carea' id='block_1_56' title="bbox 1972 2553 3159 2628">
    <p class='ocr_par' dir='ltr' id='par_1_56' title="bbox 1972 2553 3159 2628">
     <span class='ocr_line' id='line_1_56' title="bbox 1972 2553 3159 2628; baseline 0.003 -19"><span class='ocrx_word' id='word_1_404' title='bbox 1972 2553 2082 2609; x_wconf 90' lang='lat' dir='ltr'><strong>tius</strong></span> <span class='ocrx_word' id='word_1_405' title='bbox 2120 2554 2412 2610; x_wconf 87' lang='lat' dir='ltr'><strong>immorata</strong></span> <span class='ocrx_word' id='word_1_406' title='bbox 2451 2571 2642 2612; x_wconf 91' lang='lat' dir='ltr'><strong>omnes</strong></span> <span class='ocrx_word' id='word_1_407' title='bbox 2667 2557 2884 2628; x_wconf 88' lang='lat' dir='ltr'><strong>penitus</strong></span> <span class='ocrx_word' id='word_1_408' title='bbox 2918 2556 3159 2613; x_wconf 88' lang='lat' dir='ltr'><strong>invadat.</strong></span> 
     </span>
    </p>
   </div>
   <div class='ocr_carea' id='block_1_57' title="bbox 2043 2641 3557 2718">
    <p class='ocr_par' dir='ltr' id='par_1_57' title="bbox 2043 2641 3557 2718">
     <span class='ocr_line' id='line_1_57' title="bbox 2043 2641 3557 2718; baseline 0.003 -20"><span class='ocrx_word' id='word_1_409' title='bbox 2043 2641 2160 2700; x_wconf 88' lang='lat' dir='ltr'><strong>LX.</strong></span> <span class='ocrx_word' id='word_1_410' title='bbox 2212 2645 2486 2712; x_wconf 85' lang='lat' dir='ltr'><strong>Quoniam</strong></span> <span class='ocrx_word' id='word_1_411' title='bbox 2523 2647 2690 2716; x_wconf 87' lang='lat' dir='ltr'><strong>igitur</strong></span> <span class='ocrx_word' id='word_1_412' title='bbox 2737 2662 2968 2704; x_wconf 89' lang='lat' dir='ltr'><strong>necesse</strong></span> <span class='ocrx_word' id='word_1_413' title='bbox 2992 2658 3082 2705; x_wconf 78' lang='lat' dir='ltr'><strong>est</strong></span> <span class='ocrx_word' id='word_1_414' title='bbox 3107 2646 3310 2718; x_wconf 87' lang='lat' dir='ltr'><strong>aliquis</strong></span> <span class='ocrx_word' id='word_1_415' title='bbox 3347 2645 3557 2703; x_wconf 72' lang='lat' dir='ltr'><strong>consti~</strong></span> 
     </span>
    </p>
   </div>
   <div class='ocr_carea' id='block_1_58' title="bbox 1970 2736 3553 2810">
    <p class='ocr_par' dir='ltr' id='par_1_58' title="bbox 1970 2736 3553 2810">
     <span class='ocr_line' id='line_1_58' title="bbox 1970 2736 3553 2810; baseline 0.001 -20"><span class='ocrx_word' id='word_1_416' title='bbox 1970 2745 2158 2791; x_wconf 89' lang='lat' dir='ltr'><strong>tuatur</strong></span> <span class='ocrx_word' id='word_1_417' title='bbox 2189 2738 2285 2807; x_wconf 89' lang='lat' dir='ltr'><strong>qui</strong></span> <span class='ocrx_word' id='word_1_418' title='bbox 2308 2753 2492 2796; x_wconf 90' lang='lat' dir='ltr'><strong>meum</strong></span> <span class='ocrx_word' id='word_1_419' title='bbox 2522 2739 2775 2810; x_wconf 87' lang='lat' dir='ltr'><strong>suppleat</strong></span> <span class='ocrx_word' id='word_1_420' title='bbox 2807 2739 3012 2807; x_wconf 90' lang='lat' dir='ltr'><strong>locum,</strong></span> <span class='ocrx_word' id='word_1_421' title='bbox 3047 2755 3159 2795; x_wconf 94' lang='lat' dir='ltr'><strong>uno</strong></span> <span class='ocrx_word' id='word_1_422' title='bbox 3175 2739 3363 2794; x_wconf 91' lang='lat' dir='ltr'><strong>animo</strong></span> <span class='ocrx_word' id='word_1_423' title='bbox 3382 2736 3553 2794; x_wconf 88' lang='lat' dir='ltr'><strong>Deum</strong></span> 
     </span>
    </p>
   </div>
   <div class='ocr_carea' id='block_1_59' title="bbox 1971 2831 3559 2901">
    <p class='ocr_par' dir='ltr' id='par_1_59' title="bbox 1971 2831 3559 2901">
     <span class='ocr_line' id='line_1_59' title="bbox 1971 2831 3559 2901; baseline -0.002 -14"><span class='ocrx_word' id='word_1_424' title='bbox 1971 2831 2157 2887; x_wconf 90' lang='lat' dir='ltr'><strong>cuncti</strong></span> <span class='ocrx_word' id='word_1_425' title='bbox 2189 2845 2446 2895; x_wconf 92' lang='lat' dir='ltr'><strong>oremus,</strong></span> <span class='ocrx_word' id='word_1_426' title='bbox 2482 2839 2543 2886; x_wconf 92' lang='lat' dir='ltr'><strong>ut</strong></span> <span class='ocrx_word' id='word_1_427' title='bbox 2578 2846 2769 2886; x_wconf 90' lang='lat' dir='ltr'><strong>eorum</strong></span> <span class='ocrx_word' id='word_1_428' title='bbox 2806 2831 2903 2901; x_wconf 91' lang='lat' dir='ltr'><strong>qui</strong></span> <span class='ocrx_word' id='word_1_429' title='bbox 2937 2831 3080 2886; x_wconf 91' lang='lat' dir='ltr'><strong>inter</strong></span> <span class='ocrx_word' id='word_1_430' title='bbox 3121 2846 3224 2887; x_wconf 85' lang='lat' dir='ltr'><strong>nos</strong></span> <span class='ocrx_word' id='word_1_431' title='bbox 3255 2838 3386 2884; x_wconf 88' lang='lat' dir='ltr'><strong>sunt</strong></span> <span class='ocrx_word' id='word_1_432' title='bbox 3415 2845 3559 2899; x_wconf 62' lang='lat' dir='ltr'><strong>prae-</strong></span> 
     </span>
    </p>
   </div>
   <div class='ocr_carea' id='block_1_60' title="bbox 1973 2921 3563 2998">
    <p class='ocr_par' dir='ltr' id='par_1_60' title="bbox 1973 2921 3563 2998">
     <span class='ocr_line' id='line_1_60' title="bbox 1973 2921 3563 2998; baseline 0.001 -20"><span class='ocrx_word' id='word_1_433' title='bbox 1973 2925 2378 2979; x_wconf 89' lang='lat' dir='ltr'><strong>stantissimum</strong></span> <span class='ocrx_word' id='word_1_434' title='bbox 2429 2923 2781 2990; x_wconf 79' lang='lat' dir='ltr'><strong>maniiestet,</strong></span> <span class='ocrx_word' id='word_1_435' title='bbox 2829 2938 2944 2998; x_wconf 88' lang='lat' dir='ltr'><strong>quo</strong></span> <span class='ocrx_word' id='word_1_436' title='bbox 2985 2921 3186 2981; x_wconf 86' lang='lat' dir='ltr'><strong>sedens</strong></span> <span class='ocrx_word' id='word_1_437' title='bbox 3240 2923 3297 2982; x_wconf 87' lang='lat' dir='ltr'><strong>in</strong></span> <span class='ocrx_word' id='word_1_438' title='bbox 3349 2921 3563 2981; x_wconf 79' lang='lat' dir='ltr'><strong>Christi</strong></span> 
     </span>
    </p>
   </div>
   <div class='ocr_carea' id='block_1_61' title="bbox 1973 3013 3560 3087">
    <p class='ocr_par' dir='ltr' id='par_1_61' title="bbox 1973 3013 3560 3087">
     <span class='ocr_line' id='line_1_61' title="bbox 1973 3013 3560 3087; baseline 0.001 -18"><span class='ocrx_word' id='word_1_439' title='bbox 1973 3013 2235 3070; x_wconf 81' lang='lat' dir='ltr'><strong>cathedra</strong></span> <span class='ocrx_word' id='word_1_440' title='bbox 2291 3014 2464 3084; x_wconf 90' lang='lat' dir='ltr'><strong>ipsius</strong></span> <span class='ocrx_word' id='word_1_441' title='bbox 2515 3013 2818 3072; x_wconf 80' lang='lat' dir='ltr'><strong>Ecclesiam</strong></span> <span class='ocrx_word' id='word_1_442' title='bbox 2869 3017 2957 3087; x_wconf 90' lang='lat' dir='ltr'><strong>pie</strong></span> <span class='ocrx_word' id='word_1_443' title='bbox 3007 3015 3372 3072; x_wconf 88' lang='lat' dir='ltr'><strong>administret.</strong></span> <span class='ocrx_word' id='word_1_444' title='bbox 3421 3015 3560 3083; x_wconf 83' lang='lat' dir='ltr'><strong>Quis</strong></span> 
     </span>
    </p>
   </div>
   <div class='ocr_carea' id='block_1_62' title="bbox 272 3106 1870 3212">
    <p class='ocr_par' dir='ltr' id='par_1_62' title="bbox 272 3107 1870 3181">
     <span class='ocr_line' id='line_1_62' title="bbox 272 3107 1870 3181; baseline 0 -19"><span class='ocrx_word' id='word_1_445' title='bbox 272 3107 456 3172; x_wconf 90' lang='grc' dir='ltr'>σεϐῶς</span> <span class='ocrx_word' id='word_1_446' title='bbox 498 3109 778 3180; x_wconf 80' lang='grc' dir='ltr'>οἱκονομῇ.</span> <span class='ocrx_word' id='word_1_447' title='bbox 829 3108 925 3171; x_wconf 90' lang='grc' dir='ltr'>Τίς</span> <span class='ocrx_word' id='word_1_448' title='bbox 971 3109 1082 3180; x_wconf 80' lang='grc' dir='ltr'>ἄρα</span> <span class='ocrx_word' id='word_1_449' title='bbox 1131 3109 1481 3181; x_wconf 82' lang='grc' dir='ltr'>ὁρισθήσεται</span> <span class='ocrx_word' id='word_1_450' title='bbox 1526 3108 1708 3174; x_wconf 84' lang='grc' dir='ltr'>;Θεοῦ</span> <span class='ocrx_word' id='word_1_451' title='bbox 1760 3109 1870 3181; x_wconf 88' lang='grc' dir='ltr'>γὰρ</span> 
     </span>
    </p>
   </div>
   <div class='ocr_carea' id='block_1_63' title="bbox 1977 3106 3559 3212">
    <p class='ocr_par' dir='ltr' id='par_1_63' title="bbox 1977 3106 3559 3180">
     <span class='ocr_line' id='line_1_63' title="bbox 1977 3106 3559 3180; baseline -0.001 -18"><span class='ocrx_word' id='word_1_452' title='bbox 1977 3118 2161 3162; x_wconf 89' lang='lat' dir='ltr'><strong>autem</strong></span> <span class='ocrx_word' id='word_1_453' title='bbox 2193 3106 2604 3178; x_wconf 75' lang='lat' dir='ltr'><strong>designabitur?</strong></span> <span class='ocrx_word' id='word_1_454' title='bbox 2636 3108 2732 3164; x_wconf 90' lang='lat' dir='ltr'><strong>Dei</strong></span> <span class='ocrx_word' id='word_1_455' title='bbox 2779 3109 2981 3180; x_wconf 87' lang='lat' dir='ltr'><strong>quippe</strong></span> <span class='ocrx_word' id='word_1_456' title='bbox 3012 3107 3398 3179; x_wconf 89' lang='lat' dir='ltr'><strong>pronuntiatur</strong></span> <span class='ocrx_word' id='word_1_457' title='bbox 3427 3123 3559 3161; x_wconf 93' lang='lat' dir='ltr'><strong>con-</strong></span> 
     </span>
    </p>
   </div>
   <div class='ocr_carea' id='block_1_64' title="bbox 273 3199 1867 3272">
    <p class='ocr_par' dir='ltr' id='par_1_64' title="bbox 273 3199 1867 3272">
     <span class='ocr_line' id='line_1_64' title="bbox 273 3199 1867 3272; baseline 0.002 -20"><span class='ocrx_word' id='word_1_458' title='bbox 273 3199 447 3271; x_wconf 83' lang='grc' dir='ltr'>βουλῇ</span> <span class='ocrx_word' id='word_1_459' title='bbox 473 3200 517 3231; x_wconf 74' lang='grc' dir='ltr'><strong>ὀ</strong></span> <span class='ocrx_word' id='word_1_460' title='bbox 540 3200 922 3253; x_wconf 79' lang='grc' dir='ltr'>ἀναδείκνυται</span> <span class='ocrx_word' id='word_1_461' title='bbox 953 3200 1226 3272; x_wconf 88' lang='grc' dir='ltr'>μακάριος</span> <span class='ocrx_word' id='word_1_462' title='bbox 1261 3201 1290 3253; x_wconf 87' lang='grc' dir='ltr'><strong>ὁ</strong></span> <span class='ocrx_word' id='word_1_463' title='bbox 1323 3199 1610 3272; x_wconf 74' lang='grc' dir='ltr'>ἄνθρωπος</span> <span class='ocrx_word' id='word_1_464' title='bbox 1632 3203 1867 3269; x_wconf 86' lang='grc' dir='ltr'>ἐκεῖνος,</span> 
     </span>
    </p>
   </div>
   <div class='ocr_carea' id='block_1_65' title="bbox 273 3291 1878 3366">
    <p class='ocr_par' dir='ltr' id='par_1_65' title="bbox 273 3291 1878 3366">
     <span class='ocr_line' id='line_1_65' title="bbox 273 3291 1878 3366; baseline -0.001 -18"><span class='ocrx_word' id='word_1_465' title='bbox 273 3295 341 3348; x_wconf 78' lang='grc' dir='ltr'>ὃν</span> <span class='ocrx_word' id='word_1_466' title='bbox 391 3295 730 3365; x_wconf 83' lang='grc' dir='ltr'>καταστήσει</span> <span class='ocrx_word' id='word_1_467' title='bbox 771 3295 801 3347; x_wconf 91' lang='grc' dir='ltr'><strong>ό</strong></span> <span class='ocrx_word' id='word_1_468' title='bbox 848 3292 1037 3365; x_wconf 88' lang='grc' dir='ltr'>κύριος</span> <span class='ocrx_word' id='word_1_469' title='bbox 1069 3291 1236 3347; x_wconf 80' lang='grc' dir='ltr'>αὑτοῦ</span> <span class='ocrx_word' id='word_1_470' title='bbox 1285 3291 1381 3346; x_wconf 81' lang='grc' dir='ltr'>ἐπὶ</span> <span class='ocrx_word' id='word_1_471' title='bbox 1431 3293 1532 3364; x_wconf 83' lang='grc' dir='ltr'>τῆς</span> <span class='ocrx_word' id='word_1_472' title='bbox 1580 3293 1878 3366; x_wconf 85' lang='grc' dir='ltr'>θεραπείας</span> 
     </span>
    </p>
   </div>
   <div class='ocr_carea' id='block_1_66' title="bbox 267 3384 1875 3458">
    <p class='ocr_par' dir='ltr' id='par_1_66' title="bbox 267 3384 1875 3458">
     <span class='ocr_line' id='line_1_66' title="bbox 267 3384 1875 3458; baseline 0.001 -18"><span class='ocrx_word' id='word_1_473' title='bbox 267 3387 386 3440; x_wconf 83' lang='grc' dir='ltr'><strong>τῶν</strong></span> <span class='ocrx_word' id='word_1_474' title='bbox 443 3386 742 3439; x_wconf 87' lang='grc' dir='ltr'>συνδούλων</span> <span class='ocrx_word' id='word_1_475' title='bbox 789 3384 956 3439; x_wconf 73' lang='grc' dir='ltr'>αὑτοῦ</span> <span class='ocrx_word' id='word_1_476' title='bbox 980 3425 996 3449; x_wconf 82' lang='grc'><strong>,</strong></span> <span class='ocrx_word' id='word_1_477' title='bbox 1024 3384 1121 3438; x_wconf 91' lang='grc' dir='ltr'><strong>τοῦ</strong></span> <span class='ocrx_word' id='word_1_478' title='bbox 1162 3384 1362 3439; x_wconf 88' lang='grc' dir='ltr'>διδόναι</span> <span class='ocrx_word' id='word_1_479' title='bbox 1409 3385 1591 3450; x_wconf 78' lang='grc' dir='ltr'>αὐτοῖς</span> <span class='ocrx_word' id='word_1_480' title='bbox 1620 3385 1719 3451; x_wconf 72' lang='grc' dir='ltr'>τὰς</span> <span class='ocrx_word' id='word_1_481' title='bbox 1747 3404 1875 3458; x_wconf 87' lang='grc' dir='ltr'>τρο-</span> 
     </span>
    </p>
   </div>
   <div class='ocr_carea' id='block_1_67' title="bbox 269 3475 1877 3548">
    <p class='ocr_par' dir='ltr' id='par_1_67' title="bbox 269 3475 1877 3548">
     <span class='ocr_line' id='line_1_67' title="bbox 269 3475 1877 3548; baseline 0.002 -18"><span class='ocrx_word' id='word_1_482' title='bbox 269 3476 383 3546; x_wconf 74' lang='grc' dir='ltr'><strong>φὰς</strong></span> <span class='ocrx_word' id='word_1_483' title='bbox 427 3478 487 3528; x_wconf 85' lang='grc' dir='ltr'><strong>ἐν</strong></span> <span class='ocrx_word' id='word_1_484' title='bbox 530 3475 708 3546; x_wconf 86' lang='grc' dir='ltr'>καιρῷ</span> <span class='ocrx_word' id='word_1_485' title='bbox 745 3475 924 3529; x_wconf 81' lang='grc' dir='ltr'>αὐτῶν</span> <span class='ocrx_word' id='word_1_486' title='bbox 949 3515 965 3540; x_wconf 94' lang='grc'><strong>,</strong></span> <span class='ocrx_word' id='word_1_487' title='bbox 1006 3477 1080 3548; x_wconf 82' lang='grc' dir='ltr'>μὴ</span> <span class='ocrx_word' id='word_1_488' title='bbox 1138 3475 1487 3547; x_wconf 76' lang='grc' dir='ltr'>ἐννοούμενον</span> <span class='ocrx_word' id='word_1_489' title='bbox 1516 3478 1610 3532; x_wconf 78' lang='grc' dir='ltr'>καὶ</span> <span class='ocrx_word' id='word_1_490' title='bbox 1651 3477 1877 3548; x_wconf 85' lang='grc' dir='ltr'>λέγοντα</span> 
     </span>
    </p>
   </div>
   <div class='ocr_carea' id='block_1_68' title="bbox 270 3563 1878 3639">
    <p class='ocr_par' dir='ltr' id='par_1_68' title="bbox 270 3563 1878 3639">
     <span class='ocr_line' id='line_1_68' title="bbox 270 3563 1878 3639; baseline 0.001 -19"><span class='ocrx_word' id='word_1_491' title='bbox 270 3569 334 3620; x_wconf 86' lang='grc' dir='ltr'><strong>ἐν</strong></span> <span class='ocrx_word' id='word_1_492' title='bbox 388 3568 459 3636; x_wconf 78' lang='grc' dir='ltr'>τῇ</span> <span class='ocrx_word' id='word_1_493' title='bbox 507 3566 707 3638; x_wconf 76' lang='grc' dir='ltr'>καρδίᾳ</span> <span class='ocrx_word' id='word_1_494' title='bbox 762 3563 1261 3636; x_wconf 73' lang='grc' dir='ltr'>αὑτοῦυιΧρονίζει</span> <span class='ocrx_word' id='word_1_495' title='bbox 1309 3567 1339 3620; x_wconf 88' lang='grc' dir='ltr'><strong>ὁ</strong></span> <span class='ocrx_word' id='word_1_496' title='bbox 1384 3565 1573 3638; x_wconf 82' lang='grc' dir='ltr'>κύριός</span> <span class='ocrx_word' id='word_1_497' title='bbox 1626 3584 1728 3639; x_wconf 87' lang='grc' dir='ltr'><strong>μου</strong></span> <span class='ocrx_word' id='word_1_498' title='bbox 1790 3566 1878 3622; x_wconf 81' lang='grc' dir='ltr'>ἐλ-</span> 
     </span>
    </p>
   </div>
   <div class='ocr_carea' id='block_1_69' title="bbox 271 3655 1874 3729">
    <p class='ocr_par' dir='ltr' id='par_1_69' title="bbox 271 3655 1874 3729">
     <span class='ocr_line' id='line_1_69' title="bbox 271 3655 1874 3729; baseline 0.001 -17"><span class='ocrx_word' id='word_1_499' title='bbox 271 3658 422 3712; x_wconf 85' lang='grc' dir='ltr'>θεῖν·</span> <span class='ocrx_word' id='word_1_500' title='bbox 463 3659 558 3712; x_wconf 71' lang='grc' dir='ltr'><strong>καὶ</strong></span> <span class='ocrx_word' id='word_1_501' title='bbox 604 3655 842 3729; x_wconf 74' lang='grc' dir='ltr'>ἄρξηται</span> <span class='ocrx_word' id='word_1_502' title='bbox 874 3657 1100 3711; x_wconf 84' lang='grc' dir='ltr'>τύπτειν</span> <span class='ocrx_word' id='word_1_503' title='bbox 1143 3658 1270 3721; x_wconf 82' lang='grc' dir='ltr'>τοὺς</span> <span class='ocrx_word' id='word_1_504' title='bbox 1325 3658 1643 3723; x_wconf 84' lang='grc' dir='ltr'>συνδούλους</span> <span class='ocrx_word' id='word_1_505' title='bbox 1685 3659 1874 3727; x_wconf 80' lang='grc' dir='ltr'>αὑτοῦ,</span> 
     </span>
    </p>
   </div>
   <div class='ocr_carea' id='block_1_70' title="bbox 273 3746 1873 3820">
    <p class='ocr_par' dir='ltr' id='par_1_70' title="bbox 273 3746 1873 3820">
     <span class='ocr_line' id='line_1_70' title="bbox 273 3746 1873 3820; baseline 0.002 -20"><span class='ocrx_word' id='word_1_506' title='bbox 273 3746 476 3800; x_wconf 86' lang='grc' dir='ltr'>ἐσθίων</span> <span class='ocrx_word' id='word_1_507' title='bbox 503 3748 598 3800; x_wconf 75' lang='grc' dir='ltr'><strong>καὶ</strong></span> <span class='ocrx_word' id='word_1_508' title='bbox 623 3747 792 3800; x_wconf 90' lang='grc' dir='ltr'>πίνων</span> <span class='ocrx_word' id='word_1_509' title='bbox 823 3747 964 3818; x_wconf 87' lang='grc' dir='ltr'><strong>μετά</strong></span> <span class='ocrx_word' id='word_1_510' title='bbox 990 3763 1050 3798; x_wconf 85' lang='grc' dir='ltr'><strong>τε</strong></span> <span class='ocrx_word' id='word_1_511' title='bbox 1082 3747 1127 3779; x_wconf 78' lang='grc'><strong>⁸⁸</strong></span> <span class='ocrx_word' id='word_1_512' title='bbox 1153 3747 1368 3818; x_wconf 82' lang='grc' dir='ltr'>πόρνων</span> <span class='ocrx_word' id='word_1_513' title='bbox 1410 3749 1504 3802; x_wconf 79' lang='grc' dir='ltr'>καὶ</span> <span class='ocrx_word' id='word_1_514' title='bbox 1538 3749 1873 3820; x_wconf 74' lang='grc' dir='ltr'>μεθυόντωνο</span> 
     </span>
    </p>
   </div>
   <div class='ocr_carea' id='block_1_71' title="bbox 274 3836 1876 3916">
    <p class='ocr_par' dir='ltr' id='par_1_71' title="bbox 274 3836 1876 3916">
     <span class='ocr_line' id='line_1_71' title="bbox 274 3836 1876 3916; baseline 0.001 -23"><span class='ocrx_word' id='word_1_515' title='bbox 274 3841 376 3893; x_wconf 73' lang='grc' dir='ltr'><strong>καὶ</strong></span> <span class='ocrx_word' id='word_1_516' title='bbox 417 3839 540 3910; x_wconf 77' lang='grc' dir='ltr'>ἥξει</span> <span class='ocrx_word' id='word_1_517' title='bbox 567 3840 595 3892; x_wconf 89' lang='grc' dir='ltr'><strong>ὁ</strong></span> <span class='ocrx_word' id='word_1_518' title='bbox 628 3838 815 3912; x_wconf 88' lang='grc' dir='ltr'>κύριος</span> <span class='ocrx_word' id='word_1_519' title='bbox 845 3839 891 3870; x_wconf 79' lang='grc'><strong>⁸⁸</strong></span> <span class='ocrx_word' id='word_1_520' title='bbox 923 3837 1017 3891; x_wconf 90' lang='grc' dir='ltr'><strong>τοῦ</strong></span> <span class='ocrx_word' id='word_1_521' title='bbox 1048 3837 1234 3892; x_wconf 87' lang='grc' dir='ltr'>δούλου</span> <span class='ocrx_word' id='word_1_522' title='bbox 1257 3840 1468 3893; x_wconf 82' lang='grc' dir='ltr'>ἐκείνου</span> <span class='ocrx_word' id='word_1_523' title='bbox 1501 3842 1559 3894; x_wconf 90' lang='grc' dir='ltr'><strong>ἐν</strong></span> <span class='ocrx_word' id='word_1_524' title='bbox 1591 3841 1712 3913; x_wconf 79' lang='grc' dir='ltr'><strong>ὥρᾳ</strong></span> <span class='ocrx_word' id='word_1_525' title='bbox 1813 3857 1876 3894; x_wconf 89' lang='grc' dir='ltr'><strong>ου</strong></span> 
     </span>
    </p>
   </div>
   <div class='ocr_carea' id='block_1_72' title="bbox 275 3925 1879 4006">
    <p class='ocr_par' dir='ltr' id='par_1_72' title="bbox 275 3925 1879 4006">
     <span class='ocr_line' id='line_1_72' title="bbox 275 3925 1879 4006; baseline 0 -20"><span class='ocrx_word' id='word_1_526' title='bbox 275 3932 564 4005; x_wconf 79' lang='grc' dir='ltr'>προσδοκᾷ</span> <span class='ocrx_word' id='word_1_527' title='bbox 583 3971 601 3996; x_wconf 90' lang='grc'><strong>,</strong></span> <span class='ocrx_word' id='word_1_528' title='bbox 636 3933 732 3986; x_wconf 74' lang='grc' dir='ltr'><strong>καὶ</strong></span> <span class='ocrx_word' id='word_1_529' title='bbox 761 3933 819 3985; x_wconf 74' lang='grc' dir='ltr'><strong>ἐν</strong></span> <span class='ocrx_word' id='word_1_530' title='bbox 849 3931 1040 4004; x_wconf 77' lang='grc' dir='ltr'>ήμέρᾳ</span> <span class='ocrx_word' id='word_1_531' title='bbox 1064 3925 1099 4006; x_wconf 82' lang='grc' dir='ltr'>ᾗ</span> <span class='ocrx_word' id='word_1_532' title='bbox 1127 3932 1192 3986; x_wconf 84' lang='grc' dir='ltr'><strong>οὐ</strong></span> <span class='ocrx_word' id='word_1_533' title='bbox 1222 3931 1484 4002; x_wconf 85' lang='grc' dir='ltr'>γινώσκει</span> <span class='ocrx_word' id='word_1_534' title='bbox 1505 3973 1522 3998; x_wconf 92' lang='grc'><strong>,</strong></span> <span class='ocrx_word' id='word_1_535' title='bbox 1556 3934 1651 3987; x_wconf 79' lang='grc' dir='ltr'>καὶ</span> <span class='ocrx_word' id='word_1_536' title='bbox 1675 3934 1879 4003; x_wconf 74' lang='grc' dir='ltr'>διχοτο-</span> 
     </span>
    </p>
   </div>
   <div class='ocr_carea' id='block_1_73' title="bbox 277 4023 1879 4098">
    <p class='ocr_par' dir='ltr' id='par_1_73' title="bbox 277 4023 1879 4098">
     <span class='ocr_line' id='line_1_73' title="bbox 277 4023 1879 4098; baseline 0 -20"><span class='ocrx_word' id='word_1_537' title='bbox 277 4027 450 4096; x_wconf 81' lang='grc' dir='ltr'>μήσει</span> <span class='ocrx_word' id='word_1_538' title='bbox 482 4025 666 4088; x_wconf 77' lang='grc' dir='ltr'>αὐτὸν,</span> <span class='ocrx_word' id='word_1_539' title='bbox 698 4025 794 4078; x_wconf 74' lang='grc' dir='ltr'>καὶ</span> <span class='ocrx_word' id='word_1_540' title='bbox 820 4023 884 4078; x_wconf 76' lang='grc' dir='ltr'><strong>τὸ</strong></span> <span class='ocrx_word' id='word_1_541' title='bbox 905 4024 1172 4079; x_wconf 86' lang='grc' dir='ltr'>ἀπιστοῦν</span> <span class='ocrx_word' id='word_1_542' title='bbox 1200 4024 1371 4080; x_wconf 82' lang='grc' dir='ltr'>αὐτοῦ</span> <span class='ocrx_word' id='word_1_543' title='bbox 1404 4025 1570 4098; x_wconf 88' lang='grc' dir='ltr'>μέρος</span> <span class='ocrx_word' id='word_1_544' title='bbox 1604 4025 1745 4096; x_wconf 83' lang='grc' dir='ltr'>μετὰ</span> <span class='ocrx_word' id='word_1_545' title='bbox 1770 4025 1879 4079; x_wconf 86' lang='grc' dir='ltr'><strong>τῶν</strong></span> 
     </span>
    </p>
   </div>
   <div class='ocr_carea' id='block_1_74' title="bbox 276 4117 847 4189">
    <p class='ocr_par' dir='ltr' id='par_1_74' title="bbox 276 4117 847 4189">
     <span class='ocr_line' id='line_1_74' title="bbox 276 4117 847 4189; baseline 0.002 -17"><span class='ocrx_word' id='word_1_546' title='bbox 276 4117 601 4189; x_wconf 78' lang='grc' dir='ltr'>ὑποκριτῶν</span> <span class='ocrx_word' id='word_1_547' title='bbox 632 4117 808 4188; x_wconf 78' lang='grc' dir='ltr'>θήσει.</span> <span class='ocrx_word' id='word_1_548' title='bbox 825 4138 847 4174; x_wconf 77' lang='grc' dir='ltr'><strong>ι</strong></span> 
     </span>
    </p>
   </div>
   <div class='ocr_carea' id='block_1_75' title="bbox 354 4206 1878 4279">
    <p class='ocr_par' dir='ltr' id='par_1_75' title="bbox 354 4206 1878 4279">
     <span class='ocr_line' id='line_1_75' title="bbox 354 4206 1878 4279; baseline -0.001 -16"><span class='ocrx_word' id='word_1_549' title='bbox 354 4207 492 4263; x_wconf 83' lang='lat' dir='ltr'><strong>LXI.</strong></span> <span class='ocrx_word' id='word_1_550' title='bbox 523 4209 587 4263; x_wconf 79' lang='lat' dir='ltr'><strong>Ei</strong></span> <span class='ocrx_word' id='word_1_551' title='bbox 614 4209 673 4264; x_wconf 84' lang='grc' dir='ltr'><strong>δέ</strong></span> <span class='ocrx_word' id='word_1_552' title='bbox 701 4226 787 4273; x_wconf 90' lang='grc' dir='ltr'><strong>τις</strong></span> <span class='ocrx_word' id='word_1_553' title='bbox 806 4208 916 4262; x_wconf 90' lang='grc' dir='ltr'><strong>τῶν</strong></span> <span class='ocrx_word' id='word_1_554' title='bbox 938 4206 1323 4276; x_wconf 82' lang='grc' dir='ltr'>παρεστώτων,</span> <span class='ocrx_word' id='word_1_555' title='bbox 1345 4209 1564 4262; x_wconf 85' lang='grc' dir='ltr'>διοικεῖν</span> <span class='ocrx_word' id='word_1_556' title='bbox 1584 4208 1878 4279; x_wconf 87' lang='grc' dir='ltr'>δυνάμενος</span> 
     </span>
    </p>
   </div>
   <div class='ocr_carea' id='block_1_76' title="bbox 275 4301 1879 4373">
    <p class='ocr_par' dir='ltr' id='par_1_76' title="bbox 275 4301 1879 4373">
     <span class='ocr_line' id='line_1_76' title="bbox 275 4301 1879 4373; baseline 0 -19"><span class='ocrx_word' id='word_1_557' title='bbox 275 4303 379 4372; x_wconf 72' lang='grc' dir='ltr'><strong>τὴν</strong></span> <span class='ocrx_word' id='word_1_558' title='bbox 409 4301 803 4372; x_wconf 81' lang='grc' dir='ltr'>ἀγνωμοσύνην</span> <span class='ocrx_word' id='word_1_559' title='bbox 830 4301 940 4355; x_wconf 91' lang='grc' dir='ltr'><strong>τῶν</strong></span> <span class='ocrx_word' id='word_1_560' title='bbox 965 4301 1296 4373; x_wconf 82' lang='grc' dir='ltr'>ἀνθρώπων,</span> <span class='ocrx_word' id='word_1_561' title='bbox 1333 4302 1744 4363; x_wconf 84' lang='grc' dir='ltr'>ὑποστέλλεται,</span> <span class='ocrx_word' id='word_1_562' title='bbox 1779 4302 1879 4372; x_wconf 81' lang='grc' dir='ltr'><strong>τῆς</strong></span> 
     </span>
    </p>
   </div>
   <div class='ocr_carea' id='block_1_77' title="bbox 277 4392 1880 4465">
    <p class='ocr_par' dir='ltr' id='par_1_77' title="bbox 277 4392 1880 4465">
     <span class='ocr_line' id='line_1_77' title="bbox 277 4392 1880 4465; baseline -0.002 -18"><span class='ocrx_word' id='word_1_563' title='bbox 277 4392 452 4447; x_wconf 72' lang='grc' dir='ltr'>αὑτοῦ</span> <span class='ocrx_word' id='word_1_564' title='bbox 473 4393 834 4457; x_wconf 85' lang='grc' dir='ltr'>ἀναπαύσεως</span> <span class='ocrx_word' id='word_1_565' title='bbox 855 4395 1157 4462; x_wconf 77' lang='grc' dir='ltr'>φροντίζων</span> <span class='ocrx_word' id='word_1_566' title='bbox 1182 4394 1371 4465; x_wconf 85' lang='grc' dir='ltr'>μόνης,</span> <span class='ocrx_word' id='word_1_567' title='bbox 1394 4394 1489 4446; x_wconf 79' lang='grc' dir='ltr'><strong>καὶ</strong></span> <span class='ocrx_word' id='word_1_568' title='bbox 1515 4392 1682 4456; x_wconf 76' lang='grc' dir='ltr'>αὐτὸς</span> <span class='ocrx_word' id='word_1_569' title='bbox 1708 4409 1880 4462; x_wconf 85' lang='grc' dir='ltr'>προσ-</span> 
     </span>
    </p>
   </div>
   <div class='ocr_carea' id='block_1_78' title="bbox 279 4482 1877 4552">
    <p class='ocr_par' dir='ltr' id='par_1_78' title="bbox 279 4482 1877 4552">
     <span class='ocr_line' id='line_1_78' title="bbox 279 4482 1877 4552; baseline -0.003 -14"><span class='ocrx_word' id='word_1_570' title='bbox 279 4485 497 4538; x_wconf 80' lang='grc' dir='ltr'>δοκάτω</span> <span class='ocrx_word' id='word_1_571' title='bbox 508 4484 756 4538; x_wconf 87' lang='grc' dir='ltr'>ἀκοῦσαι·</span> <span class='ocrx_word' id='word_1_572' title='bbox 778 4486 965 4540; x_wconf 83' lang='grc' dir='ltr'>Δοῦλε</span> <span class='ocrx_word' id='word_1_573' title='bbox 977 4484 1203 4552; x_wconf 79' lang='grc' dir='ltr'>πονηρὲ</span> <span class='ocrx_word' id='word_1_574' title='bbox 1215 4484 1313 4536; x_wconf 79' lang='grc' dir='ltr'>καὶ</span> <span class='ocrx_word' id='word_1_575' title='bbox 1329 4483 1566 4552; x_wconf 77' lang='grc' dir='ltr'>ὀκνηρὲ,</span> <span class='ocrx_word' id='word_1_576' title='bbox 1583 4483 1704 4537; x_wconf 77' lang='grc' dir='ltr'>ἔδει</span> <span class='ocrx_word' id='word_1_577' title='bbox 1725 4499 1796 4536; x_wconf 87' lang='grc' dir='ltr'><strong>σε</strong></span> <span class='ocrx_word' id='word_1_578' title='bbox 1811 4482 1877 4535; x_wconf 87' lang='grc' dir='ltr'>τὸ</span> 
     </span>
    </p>
   </div>
   <div class='ocr_carea' id='block_1_79' title="bbox 286 4573 1873 4646">
    <p class='ocr_par' dir='ltr' id='par_1_79' title="bbox 286 4573 1873 4646">
     <span class='ocr_line' id='line_1_79' title="bbox 286 4573 1873 4646; baseline -0.003 -15"><span class='ocrx_word' id='word_1_579' title='bbox 286 4577 454 4646; x_wconf 77' lang='grc'><strong>112</strong></span> <span class='ocrx_word' id='word_1_580' title='bbox 475 4577 759 4646; x_wconf 78' lang='grc' dir='ltr'>ἀργύριόν</span> <span class='ocrx_word' id='word_1_581' title='bbox 772 4595 888 4646; x_wconf 83' lang='grc' dir='ltr'>μου</span> <span class='ocrx_word' id='word_1_582' title='bbox 904 4575 1227 4645; x_wconf 60' lang='grc' dir='ltr'>προϐαλεῖν</span> <span class='ocrx_word' id='word_1_583' title='bbox 1237 4575 1336 4628; x_wconf 79' lang='grc' dir='ltr'><strong>ἐπὶ</strong></span> <span class='ocrx_word' id='word_1_584' title='bbox 1357 4575 1476 4628; x_wconf 86' lang='grc' dir='ltr'>τῶν</span> <span class='ocrx_word' id='word_1_585' title='bbox 1495 4573 1873 4644; x_wconf 69' lang='grc' dir='ltr'>τραπεᾷτῶν,</span> 
     </span>
    </p>
   </div>
   <div class='ocr_carea' id='block_1_80' title="bbox 280 4666 1877 4738">
    <p class='ocr_par' dir='ltr' id='par_1_80' title="bbox 280 4666 1877 4738">
     <span class='ocr_line' id='line_1_80' title="bbox 280 4666 1877 4738; baseline -0.001 -18"><span class='ocrx_word' id='word_1_586' title='bbox 280 4667 386 4724; x_wconf 76' lang='grc' dir='ltr'>καὶ</span> <span class='ocrx_word' id='word_1_587' title='bbox 419 4667 536 4737; x_wconf 77' lang='grc' dir='ltr'>ἐγὼ</span> <span class='ocrx_word' id='word_1_588' title='bbox 555 4667 633 4721; x_wconf 80' lang='grc' dir='ltr'><strong>ἂν</strong></span> <span class='ocrx_word' id='word_1_589' title='bbox 651 4667 846 4722; x_wconf 73' lang='grc' dir='ltr'><strong>ἐλθὼν</strong></span> <span class='ocrx_word' id='word_1_590' title='bbox 865 4667 1098 4736; x_wconf 78' lang='grc' dir='ltr'>ἔπραξα</span> <span class='ocrx_word' id='word_1_591' title='bbox 1116 4668 1182 4722; x_wconf 78' lang='grc' dir='ltr'>τὸ</span> <span class='ocrx_word' id='word_1_592' title='bbox 1201 4668 1348 4738; x_wconf 75' lang='grc' dir='ltr'>ἐμόν</span> <span class='ocrx_word' id='word_1_593' title='bbox 1363 4685 1374 4696; x_wconf 72' lang='grc'><strong><em>⁸</em></strong></span> <span class='ocrx_word' id='word_1_594' title='bbox 1397 4666 1678 4721; x_wconf 65' lang='grc' dir='ltr'>ἐκϐάλετε</span> <span class='ocrx_word' id='word_1_595' title='bbox 1699 4667 1744 4698; x_wconf 81' lang='grc'><strong>⁸³</strong></span> <span class='ocrx_word' id='word_1_596' title='bbox 1771 4667 1877 4720; x_wconf 73' lang='grc' dir='ltr'>τὸν</span> 
     </span>
    </p>
   </div>
   <div class='ocr_carea' id='block_1_81' title="bbox 280 4759 1878 4829">
    <p class='ocr_par' dir='ltr' id='par_1_81' title="bbox 280 4759 1878 4829">
     <span class='ocr_line' id='line_1_81' title="bbox 280 4759 1878 4829; baseline -0.001 -14"><span class='ocrx_word' id='word_1_597' title='bbox 280 4761 532 4829; x_wconf 80' lang='grc' dir='ltr'>ἀχρεῖον</span> <span class='ocrx_word' id='word_1_598' title='bbox 544 4759 771 4815; x_wconf 76' lang='grc' dir='ltr'>δοῦλον</span> <span class='ocrx_word' id='word_1_599' title='bbox 781 4763 868 4827; x_wconf 81' lang='grc' dir='ltr'>εὶς</span> <span class='ocrx_word' id='word_1_600' title='bbox 885 4761 950 4814; x_wconf 90' lang='grc' dir='ltr'>τὸ</span> <span class='ocrx_word' id='word_1_601' title='bbox 968 4762 1189 4828; x_wconf 82' lang='grc' dir='ltr'>σκότος</span> <span class='ocrx_word' id='word_1_602' title='bbox 1202 4762 1265 4815; x_wconf 83' lang='grc' dir='ltr'>τὸ</span> <span class='ocrx_word' id='word_1_603' title='bbox 1286 4760 1598 4829; x_wconf 79' lang='grc' dir='ltr'>ἐξώτερον.</span> <span class='ocrx_word' id='word_1_604' title='bbox 1614 4760 1722 4814; x_wconf 69' lang='grc' dir='ltr'><strong>Καὶ</strong></span> <span class='ocrx_word' id='word_1_605' title='bbox 1735 4760 1878 4814; x_wconf 78' lang='grc' dir='ltr'>εὐλό-</span> 
     </span>
    </p>
   </div>
   <div class='ocr_carea' id='block_1_82' title="bbox 284 4851 1876 4925">
    <p class='ocr_par' dir='ltr' id='par_1_82' title="bbox 284 4851 1876 4925">
     <span class='ocr_line' id='line_1_82' title="bbox 284 4851 1876 4925; baseline -0.001 -19"><span class='ocrx_word' id='word_1_606' title='bbox 284 4871 425 4922; x_wconf 85' lang='grc' dir='ltr'>γως.</span> <span class='ocrx_word' id='word_1_607' title='bbox 467 4852 570 4906; x_wconf 90' lang='grc' dir='ltr'>Σοῦ</span> <span class='ocrx_word' id='word_1_608' title='bbox 599 4853 710 4925; x_wconf 83' lang='grc' dir='ltr'>γὰρ</span> <span class='ocrx_word' id='word_1_609' title='bbox 731 4893 745 4917; x_wconf 94' lang='grc'><strong>,</strong></span> <span class='ocrx_word' id='word_1_610' title='bbox 773 4854 957 4925; x_wconf 78' lang='grc' dir='ltr'>φησὶν,</span> <span class='ocrx_word' id='word_1_611' title='bbox 991 4853 1268 4925; x_wconf 83' lang='grc' dir='ltr'>ἄνθρωπε,</span> <span class='ocrx_word' id='word_1_612' title='bbox 1298 4853 1424 4916; x_wconf 79' lang='grc' dir='ltr'>τοὺς</span> <span class='ocrx_word' id='word_1_613' title='bbox 1456 4852 1646 4921; x_wconf 83' lang='grc' dir='ltr'>λόγους</span> <span class='ocrx_word' id='word_1_614' title='bbox 1673 4869 1772 4923; x_wconf 87' lang='grc' dir='ltr'><strong>μου</strong></span> <span class='ocrx_word' id='word_1_615' title='bbox 1800 4851 1876 4914; x_wconf 85' lang='grc' dir='ltr'>ὡς</span> 
     </span>
    </p>
   </div>
   <div class='ocr_carea' id='block_1_83' title="bbox 289 4943 1876 5016">
    <p class='ocr_par' dir='ltr' id='par_1_83' title="bbox 289 4943 1876 5016">
     <span class='ocr_line' id='line_1_83' title="bbox 289 4943 1876 5016; baseline 0 -18"><span class='ocrx_word' id='word_1_616' title='bbox 289 4943 556 5016; x_wconf 87' lang='grc' dir='ltr'>ἀργύριον</span> <span class='ocrx_word' id='word_1_617' title='bbox 590 4946 684 4998; x_wconf 71' lang='grc' dir='ltr'><strong>ἐπὶ</strong></span> <span class='ocrx_word' id='word_1_618' title='bbox 716 4945 1057 5016; x_wconf 80' lang='grc' dir='ltr'>τραπεζιτῶν</span> <span class='ocrx_word' id='word_1_619' title='bbox 1101 4945 1343 5015; x_wconf 66' lang='grc' dir='ltr'>βαλεῖν⁹³</span> <span class='ocrx_word' id='word_1_620' title='bbox 1372 4945 1465 4998; x_wconf 70' lang='grc' dir='ltr'><strong>καὶ</strong></span> <span class='ocrx_word' id='word_1_621' title='bbox 1503 4944 1579 5006; x_wconf 86' lang='grc' dir='ltr'>ὡς</span> <span class='ocrx_word' id='word_1_622' title='bbox 1617 4945 1876 5015; x_wconf 87' lang='grc' dir='ltr'>χρήματα</span> 
     </span>
    </p>
   </div>
   <div class='ocr_carea' id='block_1_84' title="bbox 283 5033 1874 5109">
    <p class='ocr_par' dir='ltr' id='par_1_84' title="bbox 283 5033 1874 5109">
     <span class='ocr_line' id='line_1_84' title="bbox 283 5033 1874 5109; baseline -0.001 -18"><span class='ocrx_word' id='word_1_623' title='bbox 283 5038 604 5108; x_wconf 83' lang='grc' dir='ltr'>δοκιμάσαι.</span> <span class='ocrx_word' id='word_1_624' title='bbox 661 5037 736 5090; x_wconf 75' lang='grc' dir='ltr'><strong>Τὸ</strong></span> <span class='ocrx_word' id='word_1_625' title='bbox 786 5033 878 5090; x_wconf 78' lang='grc' dir='ltr'><strong>οὖν</strong></span> <span class='ocrx_word' id='word_1_626' title='bbox 925 5038 1125 5109; x_wconf 81' lang='grc' dir='ltr'>πλῆθος</span> <span class='ocrx_word' id='word_1_627' title='bbox 1156 5038 1264 5090; x_wconf 85' lang='grc' dir='ltr'><strong>τῶν</strong></span> <span class='ocrx_word' id='word_1_628' title='bbox 1298 5037 1503 5089; x_wconf 83' lang='grc' dir='ltr'>πιστῶν</span> <span class='ocrx_word' id='word_1_629' title='bbox 1547 5037 1628 5089; x_wconf 84' lang='grc' dir='ltr'><strong>δεῖ</strong></span> <span class='ocrx_word' id='word_1_630' title='bbox 1658 5037 1738 5089; x_wconf 88' lang='grc' dir='ltr'><strong>ένί</strong></span> <span class='ocrx_word' id='word_1_631' title='bbox 1769 5054 1874 5090; x_wconf 88' lang='grc' dir='ltr'>τινι</span> 
     </span>
    </p>
   </div>
   <div class='ocr_carea' id='block_1_85' title="bbox 283 5129 1872 5201">
    <p class='ocr_par' dir='ltr' id='par_1_85' title="bbox 283 5129 1872 5201">
     <span class='ocr_line' id='line_1_85' title="bbox 283 5129 1872 5201; baseline -0.003 -16"><span class='ocrx_word' id='word_1_632' title='bbox 283 5129 613 5193; x_wconf 82' lang='grc' dir='ltr'>πείθεσθαι,</span> <span class='ocrx_word' id='word_1_633' title='bbox 651 5131 738 5184; x_wconf 86' lang='grc' dir='ltr'><strong>ἵνα</strong></span> <span class='ocrx_word' id='word_1_634' title='bbox 778 5129 948 5193; x_wconf 79' lang='grc' dir='ltr'>οὓτως</span> <span class='ocrx_word' id='word_1_635' title='bbox 998 5132 1056 5184; x_wconf 89' lang='grc' dir='ltr'><strong>ἐν</strong></span> <span class='ocrx_word' id='word_1_636' title='bbox 1090 5130 1312 5201; x_wconf 79' lang='grc' dir='ltr'>ὁμονοίᾳ</span> <span class='ocrx_word' id='word_1_637' title='bbox 1351 5130 1609 5182; x_wconf 86' lang='grc' dir='ltr'>διατελεῖν</span> <span class='ocrx_word' id='word_1_638' title='bbox 1649 5129 1872 5199; x_wconf 79' lang='grc' dir='ltr'>δυνηθῇ.</span> 
     </span>
    </p>
   </div>
   <div class='ocr_carea' id='block_1_86' title="bbox 284 5220 1880 5294">
    <p class='ocr_par' dir='ltr' id='par_1_86' title="bbox 284 5220 1880 5294">
     <span class='ocr_line' id='line_1_86' title="bbox 284 5220 1880 5294; baseline -0.002 -17"><span class='ocrx_word' id='word_1_639' title='bbox 284 5223 364 5277; x_wconf 78' lang='grc' dir='ltr'>Τὸ</span> <span class='ocrx_word' id='word_1_640' title='bbox 393 5222 504 5292; x_wconf 85' lang='grc' dir='ltr'>γὰρ</span> <span class='ocrx_word' id='word_1_641' title='bbox 551 5223 632 5284; x_wconf 80' lang='grc' dir='ltr'><strong>εἰς</strong></span> <span class='ocrx_word' id='word_1_642' title='bbox 669 5221 843 5294; x_wconf 80' lang='grc' dir='ltr'>ἀρχὴν</span> <span class='ocrx_word' id='word_1_643' title='bbox 890 5223 1017 5293; x_wconf 78' lang='grc' dir='ltr'>μιᾶς</span> <span class='ocrx_word' id='word_1_644' title='bbox 1057 5223 1223 5292; x_wconf 79' lang='grc' dir='ltr'>λῆγον</span> <span class='ocrx_word' id='word_1_645' title='bbox 1254 5221 1534 5287; x_wconf 81' lang='grc' dir='ltr'>ἐξουσίας,</span> <span class='ocrx_word' id='word_1_646' title='bbox 1583 5220 1880 5293; x_wconf 87' lang='grc' dir='ltr'>μοναρχίας</span> 
     </span>
    </p>
   </div>
   <div class='ocr_carea' id='block_1_87' title="bbox 1977 3197 3558 3271">
    <p class='ocr_par' dir='ltr' id='par_1_87' title="bbox 1977 3197 3558 3271">
     <span class='ocr_line' id='line_1_87' title="bbox 1977 3197 3558 3271; baseline -0.003 -16"><span class='ocrx_word' id='word_1_647' title='bbox 1977 3199 2105 3255; x_wconf 89' lang='lat' dir='ltr'><strong>silio</strong></span> <span class='ocrx_word' id='word_1_648' title='bbox 2139 3201 2337 3256; x_wconf 90' lang='lat' dir='ltr'><strong>beatus</strong></span> <span class='ocrx_word' id='word_1_649' title='bbox 2370 3200 2462 3255; x_wconf 89' lang='lat' dir='ltr'><strong>ille</strong></span> <span class='ocrx_word' id='word_1_650' title='bbox 2497 3202 2684 3266; x_wconf 87' lang='lat' dir='ltr'><strong>homo,</strong></span> <span class='ocrx_word' id='word_1_651' title='bbox 2715 3215 2880 3271; x_wconf 85' lang='lat' dir='ltr'><strong>quem</strong></span> <span class='ocrx_word' id='word_1_652' title='bbox 2909 3200 3204 3256; x_wconf 91' lang='lat' dir='ltr'><strong>constituet</strong></span> <span class='ocrx_word' id='word_1_653' title='bbox 3229 3199 3350 3270; x_wconf 85' lang='lat' dir='ltr'><strong>ejus</strong></span> <span class='ocrx_word' id='word_1_654' title='bbox 3381 3197 3558 3253; x_wconf 87' lang='lat' dir='ltr'><strong>domi-</strong></span> 
     </span>
    </p>
   </div>
   <div class='ocr_carea' id='block_1_88' title="bbox 1977 3289 3560 3364">
    <p class='ocr_par' dir='ltr' id='par_1_88' title="bbox 1977 3289 3560 3364">
     <span class='ocr_line' id='line_1_88' title="bbox 1977 3289 3560 3364; baseline -0.004 -14"><span class='ocrx_word' id='word_1_655' title='bbox 1977 3310 2084 3350; x_wconf 89' lang='lat' dir='ltr'><strong>nus</strong></span> <span class='ocrx_word' id='word_1_656' title='bbox 2117 3310 2282 3364; x_wconf 89' lang='lat' dir='ltr'><strong>super</strong></span> <span class='ocrx_word' id='word_1_657' title='bbox 2311 3293 2643 3349; x_wconf 85' lang='lat' dir='ltr'><strong>famulitium</strong></span> <span class='ocrx_word' id='word_1_658' title='bbox 2679 3309 3069 3349; x_wconf 88' lang='lat' dir='ltr'><strong>conservorum</strong></span> <span class='ocrx_word' id='word_1_659' title='bbox 3106 3307 3332 3346; x_wconf 90' lang='lat' dir='ltr'><strong>suorum</strong></span> <span class='ocrx_word' id='word_1_660' title='bbox 3354 3331 3370 3357; x_wconf 92' lang='lat'><strong>,</strong></span> <span class='ocrx_word' id='word_1_661' title='bbox 3395 3289 3560 3344; x_wconf 91' lang='lat' dir='ltr'><strong>utdet</strong></span> 
     </span>
    </p>
   </div>
   <div class='ocr_carea' id='block_1_89' title="bbox 1976 3380 3558 3456">
    <p class='ocr_par' dir='ltr' id='par_1_89' title="bbox 1976 3380 3558 3456">
     <span class='ocr_line' id='line_1_89' title="bbox 1976 3380 3558 3456; baseline -0.005 -14"><span class='ocrx_word' id='word_1_662' title='bbox 1976 3387 2087 3443; x_wconf 87' lang='lat' dir='ltr'><strong>illis</strong></span> <span class='ocrx_word' id='word_1_663' title='bbox 2121 3387 2306 3442; x_wconf 92' lang='lat' dir='ltr'><strong>cibum</strong></span> <span class='ocrx_word' id='word_1_664' title='bbox 2336 3386 2392 3441; x_wconf 94' lang='lat' dir='ltr'><strong>in</strong></span> <span class='ocrx_word' id='word_1_665' title='bbox 2425 3395 2670 3456; x_wconf 91' lang='lat' dir='ltr'><strong>tempore</strong></span> <span class='ocrx_word' id='word_1_666' title='bbox 2690 3425 2704 3450; x_wconf 91' lang='lat'><strong>,</strong></span> <span class='ocrx_word' id='word_1_667' title='bbox 2737 3385 2831 3455; x_wconf 87' lang='lat' dir='ltr'><strong>qui</strong></span> <span class='ocrx_word' id='word_1_668' title='bbox 2866 3401 2974 3438; x_wconf 91' lang='lat' dir='ltr'><strong>non</strong></span> <span class='ocrx_word' id='word_1_669' title='bbox 3005 3385 3208 3454; x_wconf 89' lang='lat' dir='ltr'><strong>cogitat</strong></span> <span class='ocrx_word' id='word_1_670' title='bbox 3240 3396 3305 3438; x_wconf 89' lang='lat' dir='ltr'><strong>ac</strong></span> <span class='ocrx_word' id='word_1_671' title='bbox 3335 3381 3468 3436; x_wconf 92' lang='lat' dir='ltr'><strong>dicit</strong></span> <span class='ocrx_word' id='word_1_672' title='bbox 3501 3380 3558 3435; x_wconf 95' lang='lat' dir='ltr'><strong>in</strong></span> 
     </span>
    </p>
   </div>
   <div class='ocr_carea' id='block_1_90' title="bbox 1977 3470 3560 3532">
    <p class='ocr_par' dir='ltr' id='par_1_90' title="bbox 1977 3470 3560 3532">
     <span class='ocr_line' id='line_1_90' title="bbox 1977 3470 3560 3532; baseline -0.003 -2"><span class='ocrx_word' id='word_1_673' title='bbox 1977 3475 2143 3530; x_wconf 88' lang='lat' dir='ltr'><strong>corde</strong></span> <span class='ocrx_word' id='word_1_674' title='bbox 2158 3491 2331 3532; x_wconf 70' lang='lat' dir='ltr'><strong>suozc</strong></span> <span class='ocrx_word' id='word_1_675' title='bbox 2354 3476 2558 3530; x_wconf 88' lang='lat' dir='ltr'><strong>Moram</strong></span> <span class='ocrx_word' id='word_1_676' title='bbox 2598 3474 2731 3530; x_wconf 84' lang='lat' dir='ltr'><strong>facit</strong></span> <span class='ocrx_word' id='word_1_677' title='bbox 2761 3475 3017 3530; x_wconf 91' lang='lat' dir='ltr'><strong>dominus</strong></span> <span class='ocrx_word' id='word_1_678' title='bbox 3049 3489 3206 3529; x_wconf 90' lang='lat' dir='ltr'><strong>meus</strong></span> <span class='ocrx_word' id='word_1_679' title='bbox 3237 3472 3426 3527; x_wconf 88' lang='lat' dir='ltr'><strong>venire</strong></span> <span class='ocrx_word' id='word_1_680' title='bbox 3461 3489 3475 3527; x_wconf 87' lang='lat'>:</span> <span class='ocrx_word' id='word_1_681' title='bbox 3510 3470 3560 3525; x_wconf 89' lang='lat' dir='ltr'><strong>si</strong></span> 
     </span>
    </p>
   </div>
   <div class='ocr_carea' id='block_1_91' title="bbox 1976 3565 3560 3640">
    <p class='ocr_par' dir='ltr' id='par_1_91' title="bbox 1976 3565 3560 3640">
     <span class='ocr_line' id='line_1_91' title="bbox 1976 3565 3560 3640; baseline -0.001 -16"><span class='ocrx_word' id='word_1_682' title='bbox 1976 3569 2126 3624; x_wconf 90' lang='lat' dir='ltr'><strong>enim</strong></span> <span class='ocrx_word' id='word_1_683' title='bbox 2158 3569 2241 3624; x_wconf 89' lang='lat' dir='ltr'><strong>sic</strong></span> <span class='ocrx_word' id='word_1_684' title='bbox 2271 3569 2505 3638; x_wconf 68' lang='lat' dir='ltr'><strong>coeperit</strong></span> <span class='ocrx_word' id='word_1_685' title='bbox 2539 3577 2826 3640; x_wconf 88' lang='lat' dir='ltr'><strong>percutere</strong></span> <span class='ocrx_word' id='word_1_686' title='bbox 2848 3583 3180 3632; x_wconf 89' lang='lat' dir='ltr'><strong>conservos,</strong></span> <span class='ocrx_word' id='word_1_687' title='bbox 3217 3565 3560 3622; x_wconf 86' lang='lat' dir='ltr'><strong>manducans</strong></span> 
     </span>
    </p>
   </div>
   <div class='ocr_carea' id='block_1_92' title="bbox 1977 3657 3560 3726">
    <p class='ocr_par' dir='ltr' id='par_1_92' title="bbox 1977 3657 3560 3726">
     <span class='ocr_line' id='line_1_92' title="bbox 1977 3657 3560 3726; baseline -0.003 -9"><span class='ocrx_word' id='word_1_688' title='bbox 1977 3671 2032 3718; x_wconf 89' lang='lat' dir='ltr'><strong>et</strong></span> <span class='ocrx_word' id='word_1_689' title='bbox 2050 3661 2245 3717; x_wconf 91' lang='lat' dir='ltr'><strong>bibens</strong></span> <span class='ocrx_word' id='word_1_690' title='bbox 2280 3677 2406 3717; x_wconf 91' lang='lat' dir='ltr'><strong>cum</strong></span> <span class='ocrx_word' id='word_1_691' title='bbox 2442 3662 2829 3717; x_wconf 86' lang='lat' dir='ltr'><strong>meretricibus</strong></span> <span class='ocrx_word' id='word_1_692' title='bbox 2861 3677 2924 3716; x_wconf 93' lang='lat' dir='ltr'><strong>ac</strong></span> <span class='ocrx_word' id='word_1_693' title='bbox 2951 3661 3215 3726; x_wconf 87' lang='lat' dir='ltr'><strong>ebriosis,</strong></span> <span class='ocrx_word' id='word_1_694' title='bbox 3253 3657 3433 3713; x_wconf 83' lang='lat' dir='ltr'><strong>veniet</strong></span> <span class='ocrx_word' id='word_1_695' title='bbox 3461 3658 3560 3713; x_wconf 90' lang='lat' dir='ltr'><strong>do-</strong></span> 
     </span>
    </p>
   </div>
   <div class='ocr_carea' id='block_1_93' title="bbox 1979 3750 3561 3824">
    <p class='ocr_par' dir='ltr' id='par_1_93' title="bbox 1979 3750 3561 3824">
     <span class='ocr_line' id='line_1_93' title="bbox 1979 3750 3561 3824; baseline -0.002 -17"><span class='ocrx_word' id='word_1_696' title='bbox 1979 3752 2165 3808; x_wconf 87' lang='lat' dir='ltr'><strong>minus</strong></span> <span class='ocrx_word' id='word_1_697' title='bbox 2192 3753 2338 3808; x_wconf 81' lang='lat' dir='ltr'><strong>servi</strong></span> <span class='ocrx_word' id='word_1_698' title='bbox 2360 3753 2509 3808; x_wconf 88' lang='lat' dir='ltr'><strong>illius</strong></span> <span class='ocrx_word' id='word_1_699' title='bbox 2537 3753 2592 3808; x_wconf 92' lang='lat' dir='ltr'><strong>in</strong></span> <span class='ocrx_word' id='word_1_700' title='bbox 2620 3755 2756 3808; x_wconf 89' lang='lat' dir='ltr'><strong>hora</strong></span> <span class='ocrx_word' id='word_1_701' title='bbox 2805 3769 2913 3824; x_wconf 91' lang='lat' dir='ltr'><strong>qua</strong></span> <span class='ocrx_word' id='word_1_702' title='bbox 2944 3769 3053 3806; x_wconf 90' lang='lat' dir='ltr'><strong>non</strong></span> <span class='ocrx_word' id='word_1_703' title='bbox 3089 3760 3272 3822; x_wconf 86' lang='lat' dir='ltr'><strong>sperat</strong></span> <span class='ocrx_word' id='word_1_704' title='bbox 3299 3759 3354 3805; x_wconf 92' lang='lat' dir='ltr'><strong>et</strong></span> <span class='ocrx_word' id='word_1_705' title='bbox 3387 3751 3440 3804; x_wconf 93' lang='lat' dir='ltr'><strong>in</strong></span> <span class='ocrx_word' id='word_1_706' title='bbox 3470 3750 3561 3805; x_wconf 87' lang='lat' dir='ltr'><strong>die</strong></span> 
     </span>
    </p>
   </div>
   <div class='ocr_carea' id='block_1_94' title="bbox 1979 3839 3563 3915">
    <p class='ocr_par' dir='ltr' id='par_1_94' title="bbox 1979 3839 3563 3915">
     <span class='ocr_line' id='line_1_94' title="bbox 1979 3839 3563 3915; baseline -0.002 -17"><span class='ocrx_word' id='word_1_707' title='bbox 1979 3861 2092 3915; x_wconf 91' lang='lat' dir='ltr'><strong>quo</strong></span> <span class='ocrx_word' id='word_1_708' title='bbox 2136 3845 2310 3900; x_wconf 83' lang='lat' dir='ltr'><strong>nescit</strong></span> <span class='ocrx_word' id='word_1_709' title='bbox 2344 3885 2360 3912; x_wconf 92' lang='lat'><strong>,</strong></span> <span class='ocrx_word' id='word_1_710' title='bbox 2399 3853 2454 3900; x_wconf 94' lang='lat' dir='ltr'><strong>et</strong></span> <span class='ocrx_word' id='word_1_711' title='bbox 2484 3843 2692 3899; x_wconf 89' lang='lat' dir='ltr'><strong>dividet</strong></span> <span class='ocrx_word' id='word_1_712' title='bbox 2724 3861 2848 3899; x_wconf 86' lang='lat' dir='ltr'><strong>eum</strong></span> <span class='ocrx_word' id='word_1_713' title='bbox 2877 3887 2891 3910; x_wconf 93' lang='lat'><strong>,</strong></span> <span class='ocrx_word' id='word_1_714' title='bbox 2924 3851 3246 3913; x_wconf 88' lang='lat' dir='ltr'><strong>partemque</strong></span> <span class='ocrx_word' id='word_1_715' title='bbox 3285 3841 3407 3911; x_wconf 87' lang='lat' dir='ltr'><strong>ejus</strong></span> <span class='ocrx_word' id='word_1_716' title='bbox 3437 3839 3563 3896; x_wconf 80' lang='lat' dir='ltr'><strong>inﬂ-</strong></span> 
     </span>
    </p>
   </div>
   <div class='ocr_carea' id='block_1_95' title="bbox 1976 3936 2983 4008">
    <p class='ocr_par' dir='ltr' id='par_1_95' title="bbox 1976 3936 2983 4008">
     <span class='ocr_line' id='line_1_95' title="bbox 1976 3936 2983 4008; baseline -0.006 -15"><span class='ocrx_word' id='word_1_717' title='bbox 1976 3936 2154 3993; x_wconf 89' lang='lat' dir='ltr'><strong>delcm</strong></span> <span class='ocrx_word' id='word_1_718' title='bbox 2186 3946 2351 4008; x_wconf 88' lang='lat' dir='ltr'><strong>ponet</strong></span> <span class='ocrx_word' id='word_1_719' title='bbox 2381 3952 2507 3992; x_wconf 93' lang='lat' dir='ltr'><strong>cum</strong></span> <span class='ocrx_word' id='word_1_720' title='bbox 2542 3936 2842 4008; x_wconf 84' lang='lat' dir='ltr'><strong>hypocritis</strong></span> <span class='ocrx_word' id='word_1_721' title='bbox 2877 3948 2926 3990; x_wconf 76' lang='grc' dir='ltr'><strong>ο.</strong></span> <span class='ocrx_word' id='word_1_722' title='bbox 2965 3953 2983 3985; x_wconf 74' lang='grc' dir='ltr'><strong>ι</strong></span> 
     </span>
    </p>
   </div>
   <div class='ocr_carea' id='block_1_96' title="bbox 2052 4198 3562 4274">
    <p class='ocr_par' dir='ltr' id='par_1_96' title="bbox 2052 4198 3562 4274">
     <span class='ocr_line' id='line_1_96' title="bbox 2052 4198 3562 4274; baseline -0.005 -12"><span class='ocrx_word' id='word_1_723' title='bbox 2052 4207 2190 4263; x_wconf 89' lang='lat' dir='ltr'><strong>LXI.</strong></span> <span class='ocrx_word' id='word_1_724' title='bbox 2226 4205 2381 4273; x_wconf 88' lang='lat' dir='ltr'><strong>Quod</strong></span> <span class='ocrx_word' id='word_1_725' title='bbox 2411 4205 2458 4260; x_wconf 87' lang='lat' dir='ltr'><strong>si</strong></span> <span class='ocrx_word' id='word_1_726' title='bbox 2503 4203 2629 4274; x_wconf 91' lang='lat' dir='ltr'><strong>quis</strong></span> <span class='ocrx_word' id='word_1_727' title='bbox 2656 4203 2955 4258; x_wconf 86' lang='lat' dir='ltr'><strong>astantium</strong></span> <span class='ocrx_word' id='word_1_728' title='bbox 2979 4242 2994 4264; x_wconf 91' lang='lat'><strong>.</strong></span> <span class='ocrx_word' id='word_1_729' title='bbox 3022 4218 3146 4259; x_wconf 91' lang='lat' dir='ltr'><strong>cum</strong></span> <span class='ocrx_word' id='word_1_730' title='bbox 3181 4201 3355 4274; x_wconf 90' lang='lat' dir='ltr'><strong>possit</strong></span> <span class='ocrx_word' id='word_1_731' title='bbox 3383 4198 3562 4255; x_wconf 89' lang='lat' dir='ltr'><strong>homi-</strong></span> 
     </span>
    </p>
   </div>
   <div class='ocr_carea' id='block_1_97' title="bbox 1980 4291 3572 4369">
    <p class='ocr_par' dir='ltr' id='par_1_97' title="bbox 1980 4291 3572 4369">
     <span class='ocr_line' id='line_1_97' title="bbox 1980 4291 3572 4369; baseline -0.006 -14"><span class='ocrx_word' id='word_1_732' title='bbox 1980 4317 2112 4355; x_wconf 92' lang='lat' dir='ltr'><strong>num</strong></span> <span class='ocrx_word' id='word_1_733' title='bbox 2147 4299 2550 4369; x_wconf 87' lang='lat' dir='ltr'><strong>improbitatem</strong></span> <span class='ocrx_word' id='word_1_734' title='bbox 2584 4311 2800 4365; x_wconf 86' lang='lat' dir='ltr'><strong>regere,</strong></span> <span class='ocrx_word' id='word_1_735' title='bbox 2837 4303 3018 4349; x_wconf 90' lang='lat' dir='ltr'><strong>tamen</strong></span> <span class='ocrx_word' id='word_1_736' title='bbox 3045 4295 3332 4356; x_wconf 88' lang='lat' dir='ltr'><strong>detrectat,</strong></span> <span class='ocrx_word' id='word_1_737' title='bbox 3363 4291 3432 4347; x_wconf 92' lang='lat' dir='ltr'><strong>de</strong></span> <span class='ocrx_word' id='word_1_738' title='bbox 3458 4307 3572 4347; x_wconf 86' lang='lat' dir='ltr'><strong>sua.</strong></span> 
     </span>
    </p>
   </div>
   <div class='ocr_carea' id='block_1_98' title="bbox 1983 4383 3558 4458">
    <p class='ocr_par' dir='ltr' id='par_1_98' title="bbox 1983 4383 3558 4458">
     <span class='ocr_line' id='line_1_98' title="bbox 1983 4383 3558 4458; baseline -0.004 -14"><span class='ocrx_word' id='word_1_739' title='bbox 1983 4391 2162 4444; x_wconf 85' lang='lat' dir='ltr'><strong>solum</strong></span> <span class='ocrx_word' id='word_1_740' title='bbox 2190 4389 2373 4458; x_wconf 89' lang='lat' dir='ltr'><strong>quiete</strong></span> <span class='ocrx_word' id='word_1_741' title='bbox 2402 4388 2676 4443; x_wconf 89' lang='lat' dir='ltr'><strong>sollicitus</strong></span> <span class='ocrx_word' id='word_1_742' title='bbox 2699 4427 2716 4453; x_wconf 92' lang='lat'><strong>,</strong></span> <span class='ocrx_word' id='word_1_743' title='bbox 2750 4395 2806 4442; x_wconf 90' lang='lat' dir='ltr'><strong>et</strong></span> <span class='ocrx_word' id='word_1_744' title='bbox 2837 4387 2955 4456; x_wconf 90' lang='lat' dir='ltr'><strong>ipse</strong></span> <span class='ocrx_word' id='word_1_745' title='bbox 3000 4394 3285 4456; x_wconf 81' lang='lat' dir='ltr'><strong>exspectet</strong></span> <span class='ocrx_word' id='word_1_746' title='bbox 3318 4383 3512 4439; x_wconf 89' lang='lat' dir='ltr'><strong>audire</strong></span> <span class='ocrx_word' id='word_1_747' title='bbox 3541 4400 3558 4438; x_wconf 88' lang='lat'><strong>:</strong></span> 
     </span>
    </p>
   </div>
   <div class='ocr_carea' id='block_1_99' title="bbox 1985 4476 3562 4551">
    <p class='ocr_par' dir='ltr' id='par_1_99' title="bbox 1985 4476 3562 4551">
     <span class='ocr_line' id='line_1_99' title="bbox 1985 4476 3562 4551; baseline -0.004 -16"><span class='ocrx_word' id='word_1_748' title='bbox 1985 4479 2140 4535; x_wconf 84' lang='lat' dir='ltr'><strong>Serve</strong></span> <span class='ocrx_word' id='word_1_749' title='bbox 2186 4480 2326 4534; x_wconf 86' lang='lat' dir='ltr'><strong>male</strong></span> <span class='ocrx_word' id='word_1_750' title='bbox 2354 4489 2404 4534; x_wconf 87' lang='lat' dir='ltr'><strong>et</strong></span> <span class='ocrx_word' id='word_1_751' title='bbox 2442 4480 2626 4549; x_wconf 87' lang='lat' dir='ltr'><strong>piger,</strong></span> <span class='ocrx_word' id='word_1_752' title='bbox 2678 4479 2910 4551; x_wconf 74' lang='lat' dir='ltr'><strong>oportuit</strong></span> <span class='ocrx_word' id='word_1_753' title='bbox 2959 4487 3005 4530; x_wconf 86' lang='lat' dir='ltr'><strong>te</strong></span> <span class='ocrx_word' id='word_1_754' title='bbox 3047 4478 3254 4532; x_wconf 80' lang='lat' dir='ltr'><strong>tradere</strong></span> <span class='ocrx_word' id='word_1_755' title='bbox 3281 4476 3562 4546; x_wconf 79' lang='lat' dir='ltr'><strong>pecuniam</strong></span> 
     </span>
    </p>
   </div>
   <div class='ocr_carea' id='block_1_100' title="bbox 1983 4565 3576 4640">
    <p class='ocr_par' dir='ltr' id='par_1_100' title="bbox 1983 4565 3576 4640">
     <span class='ocr_line' id='line_1_100' title="bbox 1983 4565 3576 4640; baseline -0.005 -14"><span class='ocrx_word' id='word_1_756' title='bbox 1983 4588 2153 4626; x_wconf 75' lang='lat' dir='ltr'><strong>meam</strong></span> <span class='ocrx_word' id='word_1_757' title='bbox 2188 4570 2563 4626; x_wconf 81' lang='lat' dir='ltr'><strong>nummulariis</strong></span> <span class='ocrx_word' id='word_1_758' title='bbox 2584 4609 2600 4636; x_wconf 92' lang='lat'><strong>,</strong></span> <span class='ocrx_word' id='word_1_759' title='bbox 2627 4579 2677 4624; x_wconf 83' lang='lat' dir='ltr'><strong>et</strong></span> <span class='ocrx_word' id='word_1_760' title='bbox 2716 4586 2809 4640; x_wconf 85' lang='lat' dir='ltr'><strong>ego</strong></span> <span class='ocrx_word' id='word_1_761' title='bbox 2859 4570 3064 4623; x_wconf 82' lang='lat' dir='ltr'><strong>veniens</strong></span> <span class='ocrx_word' id='word_1_762' title='bbox 3098 4567 3384 4637; x_wconf 71' lang='lat' dir='ltr'><strong>exegissem</strong></span> <span class='ocrx_word' id='word_1_763' title='bbox 3421 4565 3576 4636; x_wconf 73' lang='lat' dir='ltr'><strong>quod</strong></span> 
     </span>
    </p>
   </div>
   <div class='ocr_carea' id='block_1_101' title="bbox 1983 4661 3562 4733">
    <p class='ocr_par' dir='ltr' id='par_1_101' title="bbox 1983 4661 3562 4733">
     <span class='ocr_line' id='line_1_101' title="bbox 1983 4661 3562 4733; baseline -0.003 -15"><span class='ocrx_word' id='word_1_764' title='bbox 1983 4680 2156 4718; x_wconf 90' lang='lat' dir='ltr'><strong>meum</strong></span> <span class='ocrx_word' id='word_1_765' title='bbox 2185 4673 2282 4718; x_wconf 84' lang='lat' dir='ltr'><strong>est.</strong></span> <span class='ocrx_word' id='word_1_766' title='bbox 2318 4662 2512 4733; x_wconf 84' lang='lat' dir='ltr'><strong>Ejicite</strong></span> <span class='ocrx_word' id='word_1_767' title='bbox 2541 4662 2784 4717; x_wconf 77' lang='lat' dir='ltr'><strong>inutilem</strong></span> <span class='ocrx_word' id='word_1_768' title='bbox 2829 4678 3035 4716; x_wconf 81' lang='lat' dir='ltr'><strong>servum</strong></span> <span class='ocrx_word' id='word_1_769' title='bbox 3062 4661 3117 4718; x_wconf 77' lang='lat' dir='ltr'><strong>in</strong></span> <span class='ocrx_word' id='word_1_770' title='bbox 3147 4661 3383 4714; x_wconf 80' lang='lat' dir='ltr'><strong>tenebras</strong></span> <span class='ocrx_word' id='word_1_771' title='bbox 3411 4670 3562 4715; x_wconf 75' lang='lat' dir='ltr'><strong>exte-</strong></span> 
     </span>
    </p>
   </div>
   <div class='ocr_carea' id='block_1_102' title="bbox 1984 4751 3564 4823">
    <p class='ocr_par' dir='ltr' id='par_1_102' title="bbox 1984 4751 3564 4823">
     <span class='ocr_line' id='line_1_102' title="bbox 1984 4751 3564 4823; baseline -0.004 -12"><span class='ocrx_word' id='word_1_772' title='bbox 1984 4757 2150 4811; x_wconf 82' lang='lat' dir='ltr'><strong>riores</strong></span> <span class='ocrx_word' id='word_1_773' title='bbox 2183 4757 2231 4810; x_wconf 77' lang='lat' dir='ltr'><strong>b.</strong></span> <span class='ocrx_word' id='word_1_774' title='bbox 2298 4753 2363 4808; x_wconf 87' lang='lat' dir='ltr'><strong>Et</strong></span> <span class='ocrx_word' id='word_1_775' title='bbox 2413 4755 2631 4810; x_wconf 89' lang='lat' dir='ltr'><strong>merito.</strong></span> <span class='ocrx_word' id='word_1_776' title='bbox 2694 4751 2873 4808; x_wconf 88' lang='lat' dir='ltr'><strong>Tuum</strong></span> <span class='ocrx_word' id='word_1_777' title='bbox 2908 4755 3053 4808; x_wconf 88' lang='lat' dir='ltr'><strong>enim</strong></span> <span class='ocrx_word' id='word_1_778' title='bbox 3078 4795 3093 4820; x_wconf 91' lang='lat'><strong>,</strong></span> <span class='ocrx_word' id='word_1_779' title='bbox 3125 4751 3338 4823; x_wconf 88' lang='lat' dir='ltr'><strong>inquit,</strong></span> <span class='ocrx_word' id='word_1_780' title='bbox 3375 4759 3492 4816; x_wconf 81' lang='lat' dir='ltr'><strong>est,</strong></span> <span class='ocrx_word' id='word_1_781' title='bbox 3528 4765 3564 4805; x_wconf 94' lang='lat' dir='ltr'><strong>o</strong></span> 
     </span>
    </p>
   </div>
   <div class='ocr_carea' id='block_1_103' title="bbox 1984 4843 3566 4917">
    <p class='ocr_par' dir='ltr' id='par_1_103' title="bbox 1984 4843 3566 4917">
     <span class='ocr_line' id='line_1_103' title="bbox 1984 4843 3566 4917; baseline -0.004 -15"><span class='ocrx_word' id='word_1_782' title='bbox 1984 4848 2172 4913; x_wconf 88' lang='lat' dir='ltr'><strong>homo,</strong></span> <span class='ocrx_word' id='word_1_783' title='bbox 2208 4846 2442 4917; x_wconf 90' lang='lat' dir='ltr'><strong>probare</strong></span> <span class='ocrx_word' id='word_1_784' title='bbox 2467 4845 2632 4900; x_wconf 89' lang='lat' dir='ltr'><strong>verba</strong></span> <span class='ocrx_word' id='word_1_785' title='bbox 2660 4861 2812 4912; x_wconf 88' lang='lat' dir='ltr'><strong>mea,</strong></span> <span class='ocrx_word' id='word_1_786' title='bbox 2849 4853 3106 4915; x_wconf 79' lang='lat' dir='ltr'><strong>tanquam</strong></span> <span class='ocrx_word' id='word_1_787' title='bbox 3131 4843 3273 4913; x_wconf 88' lang='lat' dir='ltr'><strong>apud</strong></span> <span class='ocrx_word' id='word_1_788' title='bbox 3305 4857 3566 4898; x_wconf 64' lang='lat' dir='ltr'><strong>nummun</strong></span> 
     </span>
    </p>
   </div>
   <div class='ocr_carea' id='block_1_104' title="bbox 1985 4934 3563 5008">
    <p class='ocr_par' dir='ltr' id='par_1_104' title="bbox 1985 4934 3563 5008">
     <span class='ocr_line' id='line_1_104' title="bbox 1985 4934 3563 5008; baseline -0.004 -15"><span class='ocrx_word' id='word_1_789' title='bbox 1985 4938 2154 4994; x_wconf 89' lang='lat' dir='ltr'><strong>larios</strong></span> <span class='ocrx_word' id='word_1_790' title='bbox 2183 4945 2467 5008; x_wconf 89' lang='lat' dir='ltr'><strong>argentum</strong></span> <span class='ocrx_word' id='word_1_791' title='bbox 2501 4947 2556 4992; x_wconf 93' lang='lat' dir='ltr'><strong>et</strong></span> <span class='ocrx_word' id='word_1_792' title='bbox 2589 4939 2878 5008; x_wconf 88' lang='lat' dir='ltr'><strong>pecuniam</strong></span> <span class='ocrx_word' id='word_1_793' title='bbox 2919 4937 3172 5006; x_wconf 89' lang='lat' dir='ltr'><strong>pendere.</strong></span> <span class='ocrx_word' id='word_1_794' title='bbox 3208 4934 3398 5005; x_wconf 89' lang='lat' dir='ltr'><strong>Itaque</strong></span> <span class='ocrx_word' id='word_1_795' title='bbox 3425 4934 3563 4988; x_wconf 83' lang='lat' dir='ltr'><strong>Iide-</strong></span> 
     </span>
    </p>
   </div>
   <div class='ocr_carea' id='block_1_105' title="bbox 1983 5025 3564 5098">
    <p class='ocr_par' dir='ltr' id='par_1_105' title="bbox 1983 5025 3564 5098">
     <span class='ocr_line' id='line_1_105' title="bbox 1983 5025 3564 5098; baseline -0.004 -13"><span class='ocrx_word' id='word_1_796' title='bbox 1983 5032 2119 5086; x_wconf 91' lang='lat' dir='ltr'><strong>lium</strong></span> <span class='ocrx_word' id='word_1_797' title='bbox 2155 5031 2446 5086; x_wconf 90' lang='lat' dir='ltr'><strong>multitudo</strong></span> <span class='ocrx_word' id='word_1_798' title='bbox 2480 5031 2573 5085; x_wconf 92' lang='lat' dir='ltr'><strong>uni</strong></span> <span class='ocrx_word' id='word_1_799' title='bbox 2608 5030 2770 5084; x_wconf 91' lang='lat' dir='ltr'><strong>debet</strong></span> <span class='ocrx_word' id='word_1_800' title='bbox 2803 5030 3048 5096; x_wconf 88' lang='lat' dir='ltr'><strong>credere,</strong></span> <span class='ocrx_word' id='word_1_801' title='bbox 3085 5038 3146 5082; x_wconf 92' lang='lat' dir='ltr'><strong>ut</strong></span> <span class='ocrx_word' id='word_1_802' title='bbox 3176 5028 3249 5082; x_wconf 89' lang='lat' dir='ltr'><strong>ita</strong></span> <span class='ocrx_word' id='word_1_803' title='bbox 3275 5027 3452 5098; x_wconf 90' lang='lat' dir='ltr'><strong>possit</strong></span> <span class='ocrx_word' id='word_1_804' title='bbox 3483 5025 3564 5079; x_wconf 84' lang='lat' dir='ltr'><strong>vi-</strong></span> 
     </span>
    </p>
   </div>
   <div class='ocr_carea' id='block_1_106' title="bbox 1984 5118 3672 5190">
    <p class='ocr_par' dir='ltr' id='par_1_106' title="bbox 1984 5118 3672 5190">
     <span class='ocr_line' id='line_1_106' title="bbox 1984 5118 3672 5190; baseline -0.002 -12"><span class='ocrx_word' id='word_1_805' title='bbox 1984 5140 2112 5180; x_wconf 87' lang='lat' dir='ltr'><strong>vere</strong></span> <span class='ocrx_word' id='word_1_806' title='bbox 2145 5124 2509 5181; x_wconf 90' lang='lat' dir='ltr'><strong>concorditer.</strong></span> <span class='ocrx_word' id='word_1_807' title='bbox 2559 5123 2716 5190; x_wconf 87' lang='lat' dir='ltr'><strong>Quod</strong></span> <span class='ocrx_word' id='word_1_808' title='bbox 2764 5123 2908 5176; x_wconf 89' lang='lat' dir='ltr'><strong>enim</strong></span> <span class='ocrx_word' id='word_1_809' title='bbox 2959 5121 3014 5175; x_wconf 91' lang='lat' dir='ltr'><strong>in</strong></span> <span class='ocrx_word' id='word_1_810' title='bbox 3076 5121 3244 5176; x_wconf 87' lang='lat' dir='ltr'><strong>unius</strong></span> <span class='ocrx_word' id='word_1_811' title='bbox 3276 5118 3563 5190; x_wconf 84' lang='lat' dir='ltr'><strong>potestatis</strong></span> <span class='ocrx_word' id='word_1_812' title='bbox 3667 5145 3672 5154; x_wconf 71' lang='grc' dir='ltr'><strong>ι</strong></span> 
     </span>
    </p>
   </div>
   <div class='ocr_carea' id='block_1_107' title="bbox 1987 5209 3564 5287">
    <p class='ocr_par' dir='ltr' id='par_1_107' title="bbox 1987 5209 3564 5287">
     <span class='ocr_line' id='line_1_107' title="bbox 1987 5209 3564 5287; baseline -0.004 -17"><span class='ocrx_word' id='word_1_813' title='bbox 1987 5216 2278 5287; x_wconf 89' lang='lat' dir='ltr'><strong>imperium</strong></span> <span class='ocrx_word' id='word_1_814' title='bbox 2312 5216 2536 5284; x_wconf 86' lang='lat' dir='ltr'><strong>desinit,</strong></span> <span class='ocrx_word' id='word_1_815' title='bbox 2577 5215 2913 5272; x_wconf 75' lang='lat' dir='ltr'><strong>monarchiae</strong></span> <span class='ocrx_word' id='word_1_816' title='bbox 2951 5210 3456 5284; x_wconf 66' lang='lat' dir='ltr'><strong>reprmsentatione,</strong></span> <span class='ocrx_word' id='word_1_817' title='bbox 3487 5209 3564 5264; x_wconf 67' lang='lat' dir='ltr'><strong>fa.-</strong></span> 
     </span>
    </p>
   </div>
   <div class='ocr_carea' id='block_1_108' title="bbox 361 5351 2419 5426">
    <p class='ocr_par' dir='ltr' id='par_1_108' title="bbox 361 5351 2419 5426">
     <span class='ocr_line' id='line_1_108' title="bbox 361 5351 2419 5426; baseline -0.002 -10"><span class='ocrx_word' id='word_1_818' title='bbox 361 5373 389 5402; x_wconf 76' lang='grc' dir='ltr'>ι</span> <span class='ocrx_word' id='word_1_819' title='bbox 431 5358 626 5416; x_wconf 83' lang='lat' dir='ltr'><strong>Matth.</strong></span> <span class='ocrx_word' id='word_1_820' title='bbox 658 5375 810 5426; x_wconf 78' lang='lat' dir='ltr'><strong>xxiv,</strong></span> <span class='ocrx_word' id='word_1_821' title='bbox 839 5359 939 5425; x_wconf 66' lang='lat'><strong>48;</strong></span> <span class='ocrx_word' id='word_1_822' title='bbox 965 5358 1098 5414; x_wconf 91' lang='lat' dir='ltr'><strong>Luc.</strong></span> <span class='ocrx_word' id='word_1_823' title='bbox 1125 5375 1225 5426; x_wconf 81' lang='lat' dir='ltr'><strong>xu,</strong></span> <span class='ocrx_word' id='word_1_824' title='bbox 1249 5359 1339 5414; x_wconf 65' lang='grc'><strong>42.</strong></span> <span class='ocrx_word' id='word_1_825' title='bbox 1427 5359 1457 5400; x_wconf 74' lang='lat' dir='ltr'><strong>b</strong></span> <span class='ocrx_word' id='word_1_826' title='bbox 1496 5358 1687 5413; x_wconf 79' lang='lat' dir='ltr'><strong>Matth.</strong></span> <span class='ocrx_word' id='word_1_827' title='bbox 1717 5372 1855 5423; x_wconf 82' lang='lat' dir='ltr'><strong>xxv,</strong></span> <span class='ocrx_word' id='word_1_828' title='bbox 1880 5351 1980 5420; x_wconf 75' lang='lat'><strong>26;</strong></span> <span class='ocrx_word' id='word_1_829' title='bbox 2008 5355 2143 5412; x_wconf 92' lang='lat' dir='ltr'><strong>Luc.</strong></span> <span class='ocrx_word' id='word_1_830' title='bbox 2181 5373 2297 5424; x_wconf 74' lang='lat' dir='ltr'><strong>XIX,</strong></span> <span class='ocrx_word' id='word_1_831' title='bbox 2327 5357 2419 5412; x_wconf 59' lang='grc' dir='ltr'><strong>ετ.</strong></span> 
     </span>
    </p>
   </div>
   <div class='ocr_carea' id='block_1_109' title="bbox 1601 5511 2296 5568">
    <p class='ocr_par' dir='ltr' id='par_1_109' title="bbox 1601 5511 2296 5568">
     <span class='ocr_line' id='line_1_109' title="bbox 1601 5511 2296 5568; baseline -0.004 0"><span class='ocrx_word' id='word_1_832' title='bbox 1601 5513 1841 5568; x_wconf 60' lang='lat' dir='ltr'><strong>V&#39;ARIE</strong></span> <span class='ocrx_word' id='word_1_833' title='bbox 1889 5511 2296 5568; x_wconf 86' lang='lat' dir='ltr'><strong>LECTIONES.</strong></span> 
     </span>
    </p>
   </div>
   <div class='ocr_carea' id='block_1_110' title="bbox 368 5679 637 5761">
    <p class='ocr_par' dir='ltr' id='par_1_110' title="bbox 368 5679 637 5761">
     <span class='ocr_line' id='line_1_110' title="bbox 368 5679 637 5761; baseline 0 0"><span class='ocrx_word' id='word_1_834' title='bbox 368 5679 416 5710; x_wconf 83' lang='lat'><strong>&quot;</strong></span> <span class='ocrx_word' id='word_1_835' title='bbox 435 5681 637 5761; x_wconf 58' lang='grc' dir='ltr'>ἐπειδὴ</span> 
     </span>
    </p>
   </div>
   <div class='ocr_carea' id='block_1_111' title="bbox 299 5683 1682 5819">
    <p class='ocr_par' dir='ltr' id='par_1_111' title="bbox 299 5683 1682 5819">
     <span class='ocr_line' id='line_1_111' title="bbox 368 5683 1676 5803; baseline 0.015 -95"><span class='ocrx_word' id='word_1_836' title='bbox 368 5683 416 5710; x_wconf 79' lang='grc' dir='ltr'><strong>ιιι</strong></span> <span class='ocrx_word' id='word_1_837' title='bbox 435 5683 637 5761; x_wconf 60' lang='grc' dir='ltr'>ἐπειδὴ</span> <span class='ocrx_word' id='word_1_838' title='bbox 662 5683 963 5803; x_wconf 48' lang='grc' dir='ltr'>ὁϐμιξντός-</span> <span class='ocrx_word' id='word_1_839' title='bbox 978 5690 1079 5745; x_wconf 89' lang='grc' dir='ltr'><strong>μου</strong></span> <span class='ocrx_word' id='word_1_840' title='bbox 1111 5689 1162 5743; x_wconf 91' lang='lat' dir='ltr'><strong>p.</strong></span> <span class='ocrx_word' id='word_1_841' title='bbox 1189 5683 1467 5746; x_wconf 83' lang='grc' dir='ltr'>ὁρμῶντος</span> <span class='ocrx_word' id='word_1_842' title='bbox 1503 5691 1605 5745; x_wconf 90' lang='grc' dir='ltr'><strong>μου</strong></span> <span class='ocrx_word' id='word_1_843' title='bbox 1635 5683 1676 5727; x_wconf 86' lang='grc' dir='ltr'>υ</span> 
     </span>
     <span class='ocr_line' id='line_1_112' title="bbox 299 5743 1682 5819; baseline -0.004 -16"><span class='ocrx_word' id='word_1_844' title='bbox 299 5751 359 5803; x_wconf 91' lang='lat'><strong>0.</strong></span> <span class='ocrx_word' id='word_1_845' title='bbox 482 5751 531 5782; x_wconf 80' lang='grc'><strong>⁸⁸</strong></span> <span class='ocrx_word' id='word_1_846' title='bbox 545 5768 641 5803; x_wconf 90' lang='grc' dir='ltr'><strong>του</strong></span> <span class='ocrx_word' id='word_1_847' title='bbox 728 5792 741 5804; x_wconf 92' lang='grc'><strong>.</strong></span> <span class='ocrx_word' id='word_1_848' title='bbox 800 5748 1080 5819; x_wconf 74' lang='grc' dir='ltr'>οεηθωμεν</span> <span class='ocrx_word' id='word_1_849' title='bbox 1123 5743 1224 5819; x_wconf 82' lang='lat' dir='ltr'><strong>C._</strong></span> <span class='ocrx_word' id='word_1_850' title='bbox 1291 5745 1442 5819; x_wconf 49' lang='grc' dir='ltr'>δξτόν</span> <span class='ocrx_word' id='word_1_851' title='bbox 1467 5760 1576 5819; x_wconf 75' lang='lat' dir='ltr'><strong>om.</strong></span> <span class='ocrx_word' id='word_1_852' title='bbox 1621 5743 1682 5798; x_wconf 85' lang='lat' dir='ltr'><strong>C.</strong></span> 
     </span>
    </p>
   </div>
   <div class='ocr_carea' id='block_1_112' title="bbox 790 5665 2613 5746">
    <p class='ocr_par' dir='ltr' id='par_1_112' title="bbox 790 5665 2613 5746">
     <span class='ocr_line' id='line_1_113' title="bbox 790 5665 2613 5746; baseline -0.008 -13"><span class='ocrx_word' id='word_1_853' title='bbox 790 5677 939 5738; x_wconf 77' lang='grc' dir='ltr'>ὒντός</span> <span class='ocrx_word' id='word_1_854' title='bbox 978 5690 1079 5745; x_wconf 89' lang='grc' dir='ltr'><strong>μου</strong></span> <span class='ocrx_word' id='word_1_855' title='bbox 1111 5689 1163 5746; x_wconf 91' lang='lat' dir='ltr'><strong>p_.</strong></span> <span class='ocrx_word' id='word_1_856' title='bbox 1189 5673 1467 5746; x_wconf 86' lang='grc' dir='ltr'>ὁρμῶντὸς</span> <span class='ocrx_word' id='word_1_857' title='bbox 1503 5691 1605 5745; x_wconf 90' lang='grc' dir='ltr'><strong>μου</strong></span> <span class='ocrx_word' id='word_1_858' title='bbox 1635 5675 1695 5746; x_wconf 78' lang='lat'><strong>9.</strong></span> <span class='ocrx_word' id='word_1_859' title='bbox 1773 5673 1994 5746; x_wconf 49' lang='grc' dir='ltr'>θξαύτῷ</span> <span class='ocrx_word' id='word_1_860' title='bbox 2011 5673 2073 5729; x_wconf 88' lang='lat' dir='ltr'><strong>C.</strong></span> <span class='ocrx_word' id='word_1_861' title='bbox 2143 5669 2198 5746; x_wconf 59' lang='lat'><strong>:5</strong></span> <span class='ocrx_word' id='word_1_862' title='bbox 2214 5667 2525 5746; x_wconf 51' lang='grc' dir='ltr'>νομίσουσιν</span> <span class='ocrx_word' id='word_1_863' title='bbox 2551 5665 2613 5723; x_wconf 90' lang='lat' dir='ltr'><strong>C.</strong></span> 
     </span>
    </p>
   </div>
   <div class='ocr_carea' id='block_1_113' title="bbox 348 5737 2517 5806">
    <p class='ocr_par' dir='ltr' id='par_1_113' title="bbox 348 5737 2517 5806">
     <span class='ocr_line' id='line_1_114' title="bbox 348 5737 2517 5806; baseline -0.002 -6"><span class='ocrx_word' id='word_1_864' title='bbox 348 5791 359 5800; x_wconf 94' lang='lat'><strong>.</strong></span> <span class='ocrx_word' id='word_1_865' title='bbox 482 5737 641 5803; x_wconf 80' lang='grc' dir='ltr'>⁸⁸τοῦ</span> <span class='ocrx_word' id='word_1_866' title='bbox 678 5737 746 5804; x_wconf 64' lang='grc' dir='ltr'><strong>ΘῘ</strong></span> <span class='ocrx_word' id='word_1_867' title='bbox 800 5737 1080 5806; x_wconf 65' lang='grc' dir='ltr'>δεηθῶὶιεν</span> <span class='ocrx_word' id='word_1_868' title='bbox 1113 5737 1186 5799; x_wconf 72' lang='grc' dir='ltr'>Ὀ.</span> <span class='ocrx_word' id='word_1_869' title='bbox 1224 5737 1576 5797; x_wconf 75' lang='grc' dir='ltr'>”⁸⁹τόνοίη.</span> <span class='ocrx_word' id='word_1_870' title='bbox 1621 5743 1682 5798; x_wconf 85' lang='lat' dir='ltr'><strong>C.</strong></span> <span class='ocrx_word' id='word_1_871' title='bbox 1799 5737 2008 5800; x_wconf 56' lang='lat' dir='ltr'><strong>“Ita&#39;O</strong></span> <span class='ocrx_word' id='word_1_872' title='bbox 2061 5759 2091 5797; x_wconf 89' lang='lat' dir='ltr'><strong>c</strong></span> <span class='ocrx_word' id='word_1_873' title='bbox 2143 5737 2184 5790; x_wconf 89' lang='grc' dir='ltr'><strong>Ι)</strong></span> <span class='ocrx_word' id='word_1_874' title='bbox 2215 5779 2230 5801; x_wconf 86' lang='grc'><strong>,</strong></span> <span class='ocrx_word' id='word_1_875' title='bbox 2264 5737 2517 5806; x_wconf 63' lang='grc' dir='ltr'>βουλήϐ.</span> 
     </span>
    </p>
   </div>
   <div class='ocr_carea' id='block_1_114' title="bbox 301 5810 2460 5888">
    <p class='ocr_par' dir='ltr' id='par_1_114' title="bbox 301 5810 2460 5888">
     <span class='ocr_line' id='line_1_115' title="bbox 301 5810 2460 5888; baseline -0.003 -17"><span class='ocrx_word' id='word_1_876' title='bbox 301 5821 354 5851; x_wconf 67' lang='grc'><strong>’⁸</strong></span> <span class='ocrx_word' id='word_1_877' title='bbox 394 5820 613 5875; x_wconf 79' lang='grc' dir='ltr'>ἐκείνου</span> <span class='ocrx_word' id='word_1_878' title='bbox 648 5821 851 5878; x_wconf 77' lang='lat' dir='ltr'><strong>excidit</strong></span> <span class='ocrx_word' id='word_1_879' title='bbox 880 5810 1059 5887; x_wconf 47' lang='lat' dir='ltr'><strong>&#39;ap.&#39;(ll</strong></span> <span class='ocrx_word' id='word_1_880' title='bbox 1109 5823 1162 5872; x_wconf 85' lang='lat' dir='ltr'><strong>et</strong></span> <span class='ocrx_word' id='word_1_881' title='bbox 1191 5813 1246 5872; x_wconf 91' lang='lat' dir='ltr'><strong>S.</strong></span> <span class='ocrx_word' id='word_1_882' title='bbox 1325 5814 1652 5885; x_wconf 78' lang='grc' dir='ltr'>⁹³ἐμϐἁλετε</span> <span class='ocrx_word' id='word_1_883' title='bbox 1676 5817 1736 5871; x_wconf 89' lang='lat'><strong>0.</strong></span> <span class='ocrx_word' id='word_1_884' title='bbox 1794 5817 1839 5848; x_wconf 72' lang='grc'><strong>³⁸</strong></span> <span class='ocrx_word' id='word_1_885' title='bbox 1856 5815 2040 5888; x_wconf 83' lang='grc' dir='ltr'>βαλεῖν</span> <span class='ocrx_word' id='word_1_886' title='bbox 2071 5810 2293 5882; x_wconf 73' lang='lat' dir='ltr'><strong>adiunxi</strong></span> <span class='ocrx_word' id='word_1_887' title='bbox 2317 5827 2364 5866; x_wconf 89' lang='lat' dir='ltr'><strong>c.</strong></span> <span class='ocrx_word' id='word_1_888' title='bbox 2399 5810 2460 5868; x_wconf 88' lang='grc' dir='ltr'>Ο.</span> 
     </span>
    </p>
   </div>
   <div class='ocr_carea' id='block_1_115' title="bbox 2690 5655 3557 5736">
    <p class='ocr_par' dir='ltr' id='par_1_115' title="bbox 2690 5655 3557 5736">
     <span class='ocr_line' id='line_1_116' title="bbox 2690 5655 3557 5736; baseline 0.003 -3"><span class='ocrx_word' id='word_1_889' title='bbox 2690 5665 2734 5697; x_wconf 76' lang='grc'><strong>³⁸</strong></span> <span class='ocrx_word' id='word_1_890' title='bbox 2757 5666 2895 5733; x_wconf 60' lang='lat' dir='ltr'><strong>Lege</strong></span> <span class='ocrx_word' id='word_1_891' title='bbox 2922 5664 2989 5736; x_wconf 78' lang='grc' dir='ltr'>μέ</span> <span class='ocrx_word' id='word_1_892' title='bbox 3013 5663 3072 5736; x_wconf 69' lang='grc' dir='ltr'>δε</span> <span class='ocrx_word' id='word_1_893' title='bbox 3148 5655 3557 5736; x_wconf 48' lang='lat' dir='ltr'><strong>&quot;Maenia?</strong></span> 
     </span>
    </p>
   </div>
   <div class='ocr_carea' id='block_1_116' title="bbox 2627 5721 3552 5806">
    <p class='ocr_par' dir='ltr' id='par_1_116' title="bbox 2627 5721 3552 5806">
     <span class='ocr_line' id='line_1_117' title="bbox 2627 5721 3552 5806; baseline -0.012 -16"><span class='ocrx_word' id='word_1_894' title='bbox 2627 5740 2668 5772; x_wconf 65' lang='grc' dir='ltr'><strong>ιι</strong></span> <span class='ocrx_word' id='word_1_895' title='bbox 2710 5737 2771 5791; x_wconf 75' lang='grc' dir='ltr'><strong>τέ</strong></span> <span class='ocrx_word' id='word_1_896' title='bbox 2803 5721 3269 5806; x_wconf 64' lang='grc' dir='ltr'>ρ’ἑθείετηιίεοτυηι</span> <span class='ocrx_word' id='word_1_897' title='bbox 3299 5721 3362 5784; x_wconf 68' lang='lat' dir='ltr'><strong>C&#39;I</strong></span> <span class='ocrx_word' id='word_1_898' title='bbox 3407 5721 3468 5782; x_wconf 74' lang='grc' dir='ltr'><strong>ρι’</strong></span> <span class='ocrx_word' id='word_1_899' title='bbox 3494 5721 3552 5779; x_wconf 71' lang='grc' dir='ltr'><strong>ε.</strong></span> 
     </span>
    </p>
   </div>
  </div>
