3894 6208
384 323 481 382 151

1235 324 1292 380 S.
1337 308 1730 380 ειειίειιτιε
1765 321 1786 377 1
1816 317 1985 378 ROM.
2021 317 2224 378 PONT.
2258 318 2489 381 ΟΡΕΒΔ
2520 317 2747 374 ΒυΒῦΑ.

3538 308 3649 366 152

382 444 460 498 cit
499 447 560 495 ut
590 435 823 509 subjecti
855 452 954 509 per
975 438 1183 494 bonum
1207 437 1457 494 ordinem
1492 436 1747 493 fruamur
1777 450 1953 507 pace:

2064 437 2247 502 εἰκόνι,
2274 435 2402 498 τοὺς
2433 433 2758 495 ὑπίκοντας
2784 428 2935 501 αἰτίᾳ
2967 426 3224 492 εὐταξίας
3254 424 3477 498 εἰρήνης
3507 425 3648 480 ἀπο-

382 532 478 603 qui
513 544 644 587 vero
677 544 872 586 omnes
906 530 1099 585 volunt
1152 530 1443 600 imperare,
1478 545 1581 586 nec
1612 529 1709 585 ιιιιί
1741 530 1843 585 soli
1864 544 1958 585 ceu

380 626 511 679 dere
541 662 557 691 ,
600 621 674 677 ob
724 620 1055 683 divisionem
1116 622 1335 692 penitus
1391 622 1687 679 concidant
1734 635 1959 677 necesse

378 724 487 771 est.

458 814 616 872 LXII.
651 813 758 873 Sed
787 824 840 872 et
865 824 918 872 te
945 814 1311 886 persuadeant
1338 829 1463 882 quae
1492 824 1618 870 ante
1644 812 1833 871 oculos
1858 828 1957 884 po-

383 907 491 963 sita
533 908 915 963 obversantur.
967 905 1189 963 Scilicet
1239 921 1387 961 nunc
1418 948 1435 973 ,
1488 920 1613 961 cum
1655 905 1814 960 multi
1861 919 1959 975 per

381 1016 601 1056 omnem
641 1010 839 1056 terram
872 1000 984 1055 sint
1025 1014 1210 1071 reges,
1262 999 1486 1055 assidue
1514 999 1654 1053 bella
1677 998 1954 1053 oriuntur.

385 1091 779 1163 Unusquisque
804 1092 949 1148 enim
973 1091 1322 1147 occasionem
1356 1091 1423 1146 ad
1460 1090 1662 1147 bellum
1693 1090 1863 1146 sumit
1891 1104 1960 1145 ex

382 1184 608 1239 alterius
633 1183 887 1253 imperio.
916 1182 974 1239 Si
997 1192 1183 1238 autem
1214 1198 1359 1239 unus
1394 1192 1540 1238 esset
1568 1182 1758 1237 mundi
1784 1180 1959 1251 impc-

381 1283 564 1342 rator,
602 1273 694 1331 ille
739 1274 1024 1331 desinente
1065 1275 1300 1331 bellandi
1330 1290 1494 1331 causa
1524 1283 1783 1329 arternam
1815 1274 1957 1330 obti-

381 1372 535 1419 nerct
564 1378 773 1434 pacem.
810 1363 1053 1435 Denique
1075 1365 1144 1420 iis
1165 1365 1259 1435 qui
1292 1364 1457 1420 vitam
1484 1372 1797 1434 perpetuam
1824 1379 1958 1420 con-

380 1465 714 1524 sequentur,
771 1470 944 1509 unum
1004 1453 1149 1510 Deus
1179 1455 1235 1509 in
1279 1452 1374 1509 illo
1417 1454 1623 1509 saeculo
1672 1454 1958 1510 constituit

380 1546 624 1601 universi
663 1561 843 1617 regem
869 1587 886 1613 ,
911 1554 971 1601 ut
995 1561 1090 1617 per
1117 1545 1495 1602 monarchiam
1538 1560 1645 1615 pax
1675 1546 1957 1602 exoriatur

380 1639 612 1694 stabilis.
650 1637 857 1695 Debent
892 1640 1081 1711 itaque
1110 1639 1296 1695 cuncti
1348 1654 1518 1693 unum
1564 1650 1826 1710 tanquam
1854 1638 1956 1693 viae

381 1731 577 1785 ducem
609 1732 800 1800 sequi,
829 1732 1021 1802 sicque
1073 1730 1171 1785 Dei
1220 1730 1517 1801 imaginem
1562 1732 1832 1785 honorare
1864 1748 1876 1784 :
1907 1730 1955 1785 is

2062 528 2247 582 λαύειν
2298 527 2540 599 τίθησινο
2598 525 2661 579 τὸ
2723 523 2781 577 δὲ
2808 522 2855 555 ’⁸
2890 521 3098 583 πάντας
3136 517 3531 590 φιλαρχοῦντας
3562 518 3645 572 ἐνί⁵

2064 618 2211 690 μόνῳ
2229 616 2444 683 ὑπεῖξαι
2477 617 2551 690 μὴ
2586 615 2760 670 θέλειν
2777 655 2792 681 ,
2823 614 2917 667 καὶ
2953 613 3103 684 αἰτία
3122 613 3167 643 ⁵⁸
3192 611 3509 683 διαιρέσεως
3527 610 3645 681 (79)

2062 710 2281 774 πάντως
2312 710 2408 764 καὶ
2440 711 2759 781 περιπεσεῖν
2779 707 2823 739 ’⁷
2858 705 3090 777 ἔχουσιν.

2132 802 2271 858 LXII
2277 802 2435 857 ,Ἀλλ’
2452 803 2535 856 ἐτι
2549 803 2654 873 μὴν
2675 799 2903 853 πειθέτω
2913 798 2984 851 τά
2993 799 3122 870 παρ’
3133 795 3429 866 ὀφθαλμοῖς
3440 794 3651 867 τιθέμε-

2062 910 2129 948 να
2147 896 2215 960 ³⁸,
2236 895 2355 960 πῶς
2370 893 2464 949 νῦν
2486 893 2694 948 πολλῶν
2714 891 2854 945 κατὰ
2875 892 3052 944 πᾶσαν
3076 890 3175 960 τὴν
3194 889 3297 959 γῆν
3308 889 3475 941 ὄντων
3489 888 3650 958 βασι-

2060 985 2195 1039 λέων
2215 985 2452 1056 συνεχῶς
2471 984 2693 1055 πόλεμοι
2706 983 2965 1053 γίνονται.
2989 981 3139 1050 Ἔχει
3154 978 3262 1050 γὰρ
3275 978 3505 1039 ἕκαστος
3524 976 3657 1047 πρό-

2061 1093 2224 1148 φασιν
2243 1079 2321 1141 εἰς
2340 1076 2575 1147 πόλεμον
2598 1076 2697 1146 τὴν
2718 1074 2901 1145 ἐτέρου
2922 1074 3117 1144 ἀρχήν.
3153 1070 3277 1123 Ἐὰν
3296 1068 3355 1122 δέ
3378 1062 3459 1131 εἷς
3552 1065 3653 1119 τοῦ

2060 1170 2261 1233 παντὸς
2292 1168 2547 1240 ἡγεμὼν,
2581 1163 2641 1223 οὗ
2674 1168 2881 1240 εἵνεκεν
2914 1165 3141 1235 πολεμεῖ
3171 1164 3272 1217 οὐκ
3305 1161 3445 1232 ἔχων
3476 1159 3650 1215 ἀΐδιον

2058 1262 2157 1335 τὴν
2189 1236 2412 1333 εἰρήνην
2442 1261 2575 1332 ἔχει.
2606 1236 2787 1329 Πέραξ
2819 1258 2950 1328 γοῦν
2980 1259 3009 1311 ό
3033 1256 3165 1319 Θεὸς
3198 1257 3313 1318 τοίς
3354 1250 3653 1315 καταξιου-

2062 1353 2241 1426 μένοις
2271 1352 2487 1407 αἰωνίου
2512 1352 2659 1423 ζωῆς
2681 1352 2777 1404 ἕνα
2804 1353 2861 1405 ἐν
2880 1349 2961 1420 τῷ
2979 1349 3100 1401 τότε
3130 1346 3287 1401 αἰῶνι
3314 1342 3537 1415 βασιλέα
3553 1341 3653 1395 τοῦ

2063 1446 2268 1509 παντὸς
2300 1444 2621 1516 καθίστησιν
2647 1483 2661 1507 ,
2715 1444 2804 1497 ἴνα
2858 1442 3009 1512 αἰτία
3062 1437 3358 1511 μοναρχίας
3405 1436 3657 1499 ἀπτωτος

2063 1537 2255 1608 εἰρήνη
2300 1537 2524 1607 γένηται
2545 1536 2611 1588 ’⁸.
2653 1534 2774 1605 Χρὴ
2809 1529 2901 1586 οὖν
2934 1531 3013 1585 ἐνί
3044 1549 3150 1585 τινι
3198 1532 3274 1595 ῶς
3301 1528 3480 1601 ὁδηγῷ
3522 1527 3657 1588 τοὺς

2061 1626 2273 1690 πάντας
2294 1625 2544 1691 ἕπεσθαι,
2565 1626 2640 1689 ὼς
2670 1624 2855 1677 εἰκόνα
2876 1620 3011 1675 Θεοῦ
3045 1618 3447 1691 προτιμῶντας,
3472 1614 3563 1668 τὸν
3592 1614 3657 1669 δὲ

2062 1716 2261 1789 ὁδηγὸν
2290 1711 2430 1769 εἶναι
2462 1715 2563 1785 τῆς
2594 1714 2677 1777 εἰς
2704 1713 2803 1783 τὴν
2838 1711 2999 1779 ἁγίαν
3027 1707 3179 1761 πόλιν
3209 1703 3480 1775 εἰσιούσης
3511 1700 3659 1754 εἰσό-

381 1832 562 1879 autem
614 1822 810 1879 ductor
854 1823 994 1879 scire
1040 1823 1202 1880 debet
1246 1823 1425 1891 viam,
1470 1838 1579 1895 qua
1630 1823 1869 1879 intratur
1901 1823 1958 1878 in

2064 1808 2152 1864 δου
2186 1810 2546 1881 ἐπιστήμονα.

380 1924 629 1970 sanctam
662 1914 959 1970 civitatem.

452 2007 637 2063 LXIII.
667 2007 843 2075 Quem
880 2023 1013 2065 vero
1057 2008 1229 2066 alium
1279 2023 1348 2064 ex
1398 2008 1705 2064 astantibus
1736 2007 1955 2079 eligam,

380 2116 545 2169 quam
576 2098 899 2156 Zaccheeum
920 2142 935 2167 ,
995 2102 1140 2172 apud
1182 2117 1345 2172 quem
1389 2109 1445 2157 et
1476 2100 1741 2157 Dominus
1775 2110 1961 2157 noster

380 2190 660 2260 ingressus
682 2192 884 2247 mansit
911 2233 927 2260 ,
952 2191 1210 2262 judicans
1241 2194 1466 2265 dignum
1497 2209 1620 2249 esse
1654 2193 1749 2265 qui
1780 2193 1960 2249 salva-

380 2283 566 2336 retur?
612 2281 735 2350 Quo
766 2283 914 2339 dicto
961 2300 1185 2341 manum
1221 2285 1475 2356 praesenti
1515 2268 1781 2341 Zaccliaeo
1834 2283 1960 2355 inji-

367 2375 554 2452 ciens,
608 2376 836 2446 cogebat
885 2392 1011 2432 eum
1066 2378 1121 2433 in
1173 2392 1274 2434 sua
1332 2378 1588 2433 cathedra
1642 2380 1850 2433 sedere.
1888 2377 1960 2432 At

381 2464 676 2523 Zacchteus
705 2468 959 2525 accidens
987 2468 1055 2524 ad
1084 2468 1250 2540 pedes
1276 2468 1396 2539 ejus
1420 2468 1649 2541 rogabat
1702 2468 1780 2522 uti
1808 2468 1959 2538 prin-

379 2561 565 2631 cipatu
617 2562 799 2633 ipsum
852 2564 1108 2619 liberaret
1142 2581 1155 2619 :
1194 2563 1470 2634 simulque
1503 2563 1863 2634 pollicebatur
1893 2577 1959 2618 ac

378 2651 593 2708 dicebat
627 2671 642 2708 :
673 2651 1028 2724 Quaecunque
1079 2654 1174 2725 qui
1207 2665 1405 2726 praeest
1437 2654 1619 2709 facere
1648 2655 1840 2719 debet,
1876 2654 1959 2709 fa-

381 2744 547 2812 ciam,
584 2753 799 2800 tantum
830 2746 968 2801 mihi
1010 2746 1153 2802 dona
1198 2762 1306 2802 non
1344 2748 1542 2803 habere
1586 2747 1691 2803 hoc
1714 2763 1953 2803 nomen:

375 2850 571 2891 vereor
598 2836 743 2892 enim
792 2837 1136 2910 principatus
1181 2856 1380 2895 nomen
1421 2841 1665 2907 induere,
1694 2843 1955 2913 quoniam

378 2930 577 2984 acerba
614 2930 818 2986 invidia
850 2940 906 2988 et
927 2933 1174 3003 periculo
1194 2934 1455 2990 abundat.

2132 2007 2467 2066 LXIII.TIva
2505 2007 2562 2061 δὲ
2601 2005 2759 2078 ἀλλον
2790 2006 3089 2078 αἱρήσομαι
3129 2003 3236 2056 τῶν
3265 2000 3580 2073 παρόντων,
3615 1999 3651 2071 ἢ

2062 2104 2351 2173 Ζακχαῖον,
2374 2098 2510 2170 πρὸς
2543 2071 2699 2168 ιί3
2729 2097 2788 2149 ὃν
2819 2071 2919 2150 καὶ.
2948 2071 3213 2166 ὁ-Κύριος
3246 2071 3404 2164 ήμῶν
3439 2091 3510 2124 ⁸⁸⁸
3535 2094 3655 2145 εἰσ-

2068 2194 2161 2250 ιὼν
2199 2193 2577 2256 ἀνεπαύσατο,
2612 2190 2706 2244 τοῦ
2752 2189 3019 2256 σώζεσθαι
3064 2188 3259 2260 κρίνας
3292 2183 3441 2251 ἀξιον
3473 2180 3651 2250 εἷναι;

2061 2288 2172 2342 Καὶ
2203 2287 2360 2340 τοῦτο
2394 2283 2563 2339 εἰπὼν
2590 2323 2603 2348 ,
2676 2282 2991 2353 παρεστῶτι
3042 2280 3122 2351 τῷ
3165 2279 3419 2349 Ζακχαίῳ
3452 2277 3655 2331 ἐπιδα-

2060 2378 2168 2435 λὼν
2226 2380 2325 2451 τὴν
2371 2380 2528 2450 χεῖρα
2558 2416 2573 2442 ,
2643 2375 2892 2440 ἐϐιάζετο
2959 2374 3050 2427 ἐπὶ
3104 2372 3205 2444 τὴν
3259 2371 3426 2425 αὑτοῦ
3488 2370 3658 2424 καθε-

2063 2473 2255 2546 σθῆναι
2319 2470 2607 2542 καθέδραν.
2655 2469 2713 2525 '0
2762 2468 2821 2522 δέ
2869 2468 3138 2536 Ζακχαῖος
3181 2462 3505 2535 προσπεσὼν
3537 2464 3659 2525 τοῖς

2061 2563 2219 2618 ποσὶν
2240 2560 2404 2617 αὑτοῦ
2436 2560 2634 2623 ἐδέετο,
2665 2559 2814 2622 ὅπως
2845 2556 2939 2610 τοῦ
2967 2556 3155 2627 ἄρχειν
3188 2554 3349 2608 αὑτὸν
3378 2550 3653 2621 ἀπολύσῃ,

2064 2654 2202 2727 μετὰ
2224 2653 2318 2708 τοῦ
2344 2650 2720 2723 ὑπισχνεῖσθαι
2748 2649 2844 2702 καὶ
2870 2648 3070 2716 λέγειν,
3096 2646 3176 2699 ὅτι
3196 2644 3371 2698 ὁπόσα
3393 2641 3523 2697 ποτέ
3541 2643 3654 2713 χρὴ

2058 2748 2149 2802 τὸν
2196 2748 2432 2820 ἄρχοντα
2480 2748 2690 2810 ποιεῖν,
2738 2744 2985 2814 ποιήσω,
3025 2740 3184 2812 μόνον
3234 2756 3321 2810 μοι
3372 2738 3434 2790 τὸ
3476 2737 3657 2807 ὄνομα

2058 2837 2218 2891 τοῦτο
2275 2838 2350 2909 μὴ
2412 2836 2555 2906 ἔχειν
2611 2834 2862 2906 χάρισαι·
2918 2830 3251 2902 εὐλαϐοῦμαι
3295 2828 3404 2901 γὰρ
3444 2828 3506 2881 τὸ
3549 2826 3657 2897 τῆς

2059 2929 2233 3000 ἀρχῆς
2286 2925 2611 2980 ἐνδύσασθαι
2670 2925 2869 2996 ὄνομαο
2916 2920 3114 2994 πικροῦ
3144 2920 3253 2992 γὰρ
3304 2918 3500 2988 φθόνου
3553 2918 3659 2972 καὶ

2058 3019 2303 3074 κινδύνου
2333 3019 2513 3089 γέμει.

448 3086 636 3145 LXIV.
667 3086 815 3146 Dixit
834 3088 1055 3148 Petrus:
1087 3090 1146 3147 Si
1168 3092 1275 3149 boc
1303 3094 1532 3162 vereris,
1559 3094 1670 3152 noli
1701 3097 1956 3167 princeps

2129 3112 2317 3168 LXIV.
2348 3086 2465 3165 Καὶ
2491 3113 2519 3165 ό
2542 3109 2749 3183 Πέτρος
2770 3108 2897 3183 εφηο
2931 3107 2996 3162 El
3029 3100 3653 3207 τοῦτσεὺλασῇ,.ἀρχῶν

375 3182 584 3249 vocari,
612 3182 709 3239 sed
732 3184 1070 3241 constitutus
1095 3184 1214 3256 (seu
1246 3186 1581 3262 praefectus),
1607 3204 1727 3245 eam
1755 3190 1957 3261 quippe

2064 3206 2162 3279 μὲν
2191 3205 2265 3276 μὴ
2308 3202 2497 3267 καλοῦ,
2532 3182 2671 3256 ἀλλά
2692 3204 2721 3256 ό
2757 3182 3059 3265 καθεστὼς,
3106 3194 3268 3250 τοῦτο
3300 3193 3395 3249 τοῦ
3435 3191 3655 3264 Κυρίου

377 3274 800 3345 appellationem
838 3275 1104 3334 Dominus
1134 3279 1409 3335 concessit
1466 3295 1563 3350 per
1610 3281 1728 3337 haec
1750 3282 1953 3337 verba:

376 3364 574 3420 Beatus
609 3366 700 3422 ille
720 3368 895 3434 homo,
922 3386 1074 3440 quem
1097 3371 1210 3439 ejus
1234 3370 1478 3426 dominus
1500 3374 1781 3427 constituet
1802 3390 1958 3444 super

377 3457 705 3527 famulitium
729 3477 1094 3517 conservorum
1141 3479 1358 3519 suorum
1383 3476 1433 3518 ι.
1474 3462 1631 3530 Quod
1658 3466 1704 3521 si
1729 3466 1957 3521 omnino

376 3550 584 3622 refugis
607 3553 830 3624 agnosci
879 3568 980 3624 pro
1000 3568 1065 3610 eo
1086 3557 1181 3625 qui
1214 3556 1415 3611 habeat
1436 3558 1776 3627 gubernandi
1803 3570 1958 3630 pote-

376 3652 593 3711 etatem,
616 3645 873 3716 ignorare
901 3646 1129 3715 videris,
1154 3647 1459 3718 professam
1488 3652 1833 3719 praesidentis
1858 3669 1954 3723 po-

375 3744 625 3792 testatem
660 3738 891 3793 multum
922 3739 1105 3797 valere
1157 3742 1226 3797 ad
1272 3743 1703 3813 persuadendam
1732 3745 1954 3803 ﬂecten-

2059 3296 2350 3359 δεδωκότος
2381 3295 2656 3367 λέγεσθαι,
2687 3292 2768 3364 τῷ
2797 3294 2994 3346 εἰπεῖν⁹
3024 3289 3328 3357 Μακάριος
3360 3289 3393 3341 ό
3425 3284 3655 3352 ἄνθρω-

2060 3402 2174 3455 πος
2197 3386 2427 3453 ἐκεῖνος
2448 3427 2463 3452 ,
2498 3385 2571 3439 ὃν
2596 3383 2968 3450 καταστήσει
3008 3385 3041 3437 ό
3071 3383 3276 3448 κύριος
3307 3377 3493 3433 αὐτοῦ
3544 3376 3655 3430 ἐπὶ

2060 3480 2170 3549 τῆς
2201 3480 2517 3546 θεραπείας
2546 3476 2664 3531 τῶν
2695 3475 3056 3531 συνδούλων
3085 3471 3295 3528 αὑτοῦ.
3319 3472 3385 3525 Εἰ
3417 3470 3475 3523 δέ
3508 3486 3655 3523 παν-

2059 3573 2227 3637 τελῶς
2257 3573 2319 3623 οὐ
2354 3570 2527 3635 θέλεις
2555 3568 2861 3640 γνωσθῆναι
2915 3568 2998 3620 ὅτι
3030 3564 3281 3629 ἐξουσίαν
3326 3563 3655 3633 διοικήσεως

2059 3663 2224 3735 ἐχεις,
2259 3664 2475 3732 ἀγνοεῖν
2528 3679 2617 3733 μοι
2654 3662 2856 3726 ἔοικας,
2902 3661 2986 3713 ὅτι
3041 3660 3074 3730 ἡ
3108 3655 3512 3729 ὁμολογουμένη
3550 3654 3653 3707 τοῦ

2058 3755 2537 3828 προκαθεζομένου
2568 3755 2787 3822 ἐξουσία
2820 3753 2955 3807 πολύ
2983 3770 3036 3806 τι
3066 3751 3287 3805 δύναται
3312 3749 3445 3820 πρὸς
3467 3747 3652 3800 δυσω-

373 3828 612 3900 damque
660 3830 893 3902 plebem.
942 3830 1008 3887 Ei
1059 3834 1262 3906 quippe
1314 3846 1576 3908 tanquam
1628 3848 1954 3910 potestatem

2064 3815 2188 3903 πίαν
2219 3815 2624 3920 τοῦνπλήθους.-
2672 3848 2760 3911 Ὠς
2796 3848 2811 3877 ³
2845 3845 2954 3918 γὰρ
2977 3844 3223 3914 εἰληφότι
3262 3815 3371 3914 τὴν⁷
3392 3840 3652 3904 ἐξουσίαν

374 3922 572 3994 adepto
594 3923 828 3981 credunt
850 3926 1095 3999 singuli,
1151 3930 1550 3987 conscientiam
1600 3948 1700 4004 pro
1757 3949 1955 4005 magna

2064 3942 2287 4005 ἕκαστος
2318 3942 2565 3995 πείθεται
2586 3979 2601 4003 ,
2640 3940 2718 4002 ὼς
2752 3937 2994 4009 μεγάλην
3025 3936 3271 4006 ἀνάγκην
3318 3934 3420 4004 τὴν
3463 3930 3650 3984 συνεί-

377 4017 707 4074 necessitate
753 4018 1036 4076 habentes.
1085 4020 1227 4088 Quid
1256 4039 1409 4092 vero,
1466 4041 1650 4081 nonne
1700 4035 1756 4083 et
1806 4038 1955 4084 certo

2064 4034 2210 4107 Βησιν
2249 4033 2406 4105 ἔχων.
2445 4033 2509 4086 Τί
2541 4032 2598 4087 δέ
2630 4032 2753 4103 οὐχὶ
2800 4031 2895 4084 καὶ
2927 4027 3189 4099 ἀσφαλῶς
3216 4024 3525 4095 γινώσκεις,
3560 4022 3652 4075 ὅτι

372 4108 508 4178 scis,
531 4118 584 4165 te
605 4124 716 4165 non
763 4120 823 4165 ut
845 4112 1123 4183 principes
1158 4117 1399 4186 gentium
1434 4117 1705 4188 imperare
1733 4119 1952 4188 debere,

2064 4128 2153 4199 οὐχ
2183 4128 2259 4192 ὼς
2277 4129 2326 4181 οἱ
2365 4126 2622 4198 ἄρχοντες
2665 4124 2774 4178 τῶν
2805 4122 2974 4177 ἐθνῶν
3004 4122 3192 4195 ἀρχειν
3223 4120 3387 4190 ἔχεις,
3420 4116 3534 4171 ἀλλ’
3564 4115 3650 4181 ὡς

373 4201 469 4256 sed
498 4210 558 4256 ut
594 4216 815 4258 servum
844 4204 1157 4262 ministrare
1204 4208 1524 4267 hominibus
1550 4252 1565 4278 ,
1632 4221 1692 4267 ut
1740 4223 1951 4283 patrem

2064 4220 2237 4284 δοῦλος
2262 4220 2444 4285 αὐτοῖς
2480 4217 2787 4291 ὑπηρετῶν,
2832 4217 2908 4281 ὡς
2955 4216 3138 4287 πατὴρ
3188 4210 3559 4283 ἀδικουμένοις
3594 4210 3643 4276 ⁸,

374 4295 515 4350 tueri
533 4294 733 4365 injuria
757 4295 1003 4365 allectos,
1030 4307 1093 4355 ut
1113 4300 1386 4357 medicum
1415 4303 1655 4370 visitare,
1682 4312 1743 4360 ut
1768 4318 1953 4377 pasto-

2064 4313 2131 4377 ὡς
2167 4314 2347 4386 ἰατρὸς
2396 4311 2897 4382 ἐπισκεπτόμενος,
2949 4309 3027 4373 ὡς
3076 4307 3280 4379 ποιμὴν
3326 4304 3643 4375 φυλάσσων,

370 4400 487 4441 rem
518 4388 818 4456 custodire,
852 4405 963 4445 uno
989 4390 1178 4457 verbo,
1208 4403 1439 4451 cunctas
1482 4412 1583 4466 pro
1628 4399 1949 4455 earumdem

2064 4406 2291 4461 συνελὼν
2312 4407 2423 4478 ἐρῶ
2443 4447 2457 4471 ,
2492 4405 2593 4469 τὰς
2630 4405 2809 4467 πάσας
2846 4403 2987 4474 ὑπὲρ
3018 4403 3119 4474 τῆς
3158 4400 3338 4454 αὐτῶν
3368 4396 3651 4470 σωτηρίας

371 4481 550 4538 salute
594 4483 876 4553 suscipere
929 4485 1135 4541 curas?
1182 4485 1266 4540 An
1322 4496 1485 4557 putas
1532 4488 1787 4559 ignorare
1842 4507 1980 4559 me,

2064 4499 2342 4571 φροντίδας
2382 4498 2555 4569 ἔχωνς
2607 4499 2729 4551 Ὅτι
2767 4497 2867 4550 οῐει
2908 4497 3123 4565 ἀγνοεῖν
3160 4511 3249 4566 με,
3283 4494 3428 4556 οἴους
3460 4490 3650 4561 καμά-

370 4574 562 4644 quales
582 4584 635 4631 te
660 4576 983 4646 compellam
1011 4577 1229 4635 labores
1260 4594 1500 4647 sumere,
1527 4581 1657 4635 dum
1683 4592 1735 4636 te
1764 4584 1889 4640 volo
1915 4599 1947 4638 a

2064 4608 2181 4656 τους
2211 4591 2565 4657 ἀναδέξασθαί
2598 4608 2657 4644 σε
2692 4588 2967 4661 βιάζομαι,
3004 4588 3108 4642 ὑπὸ
3138 4586 3310 4658 ὄχλων
3360 4582 3648 4656 κρίνεσθαί

369 4668 528 4739 plebe
555 4667 815 4738 iudicari,
869 4668 960 4724 cui
993 4670 1214 4739 placere
1265 4686 1429 4725 nemo
1463 4672 1577 4727 ullo
1626 4674 1809 4730 studio
1849 4691 1949 4746 po-

370 4768 509 4828 test;
542 4775 666 4816 cum
691 4761 930 4817 maxime
949 4761 1069 4818 ﬁeri
1106 4771 1291 4833 queat,
1324 4772 1405 4831 ut,
1431 4765 1526 4834 qui
1575 4764 1713 4821 bene
1753 4782 1949 4838 opera-

370 4861 481 4921 tur,
513 4852 626 4910 Deo
652 4862 843 4924 gratus
862 4853 1083 4910 existat.
1118 4853 1388 4922 Quocirca
1417 4871 1518 4914 oro
1550 4866 1622 4925 te,
1660 4866 1722 4914 ut
1749 4861 1949 4917 alacri-

441 4980 471 5009 ι
503 4966 696 5024 Matth.
732 4985 883 5039 xxrv,
916 4971 1011 5042 ὄις
1042 4969 1177 5028 Luc.
1213 4988 1313 5043 xu,
1338 4971 1435 5029 44.

2060 4682 2222 4756 lla
2246 4702 2306 4737 σε
2339 4684 2527 4749 ἀξιῶν,
2561 4678 2642 4746 οἷς
2659 4684 2853 4756 ἀρέσαι
2879 4681 3001 4735 τινά
3024 4682 3302 4752 ἀμήχανον
3322 4696 3336 4745 ;
3358 4677 3475 4748 Θεῷ
3498 4676 3555 4728 δὲ
3577 4670 3643 4729 εὖ

2056 4776 2365 4849 πράττοντα
2395 4778 2416 4808 ³
2448 4774 2945 4854 δυνατώτατονΔφ
2963 4774 3153 4844 δέομαι
3175 4770 3469 4843 προθύμως
3510 4769 3646 4820 ἀνα-

2053 4865 2327 4935 δέξασθαι,
2352 4868 2438 4923 διὰ
2472 4868 2603 4922 Θεὸν
2622 4868 2664 4934 ⁸,
2694 4866 3059 4948 διάΧρισεὸν,
3097 4865 3239 4936 ὑπὲρ
3268 4864 3366 4933 τῆς
3392 4857 3645 4929 ἀδελφῶν

1678 5068 1911 5127 νΑιιιΑε
1946 5070 2353 5131 LECTIONES.

435 5179 487 5213 "
505 5178 817 5261 Legendum
838 5183 918 5261 τῷ
948 5184 1007 5238 δέ
1040 5186 1109 5261 S.
1174 5186 1413 5261 θξαίτίαν
1439 5203 1556 5261 var.
1599 5188 1726 5243 lect.
1788 5204 1876 5260 ap.
1922 5189 2175 5261 Turrian.
2221 5188 2330 5244 Pro
2358 5192 2511 5261 epist.
2540 5190 2730 5261 pontif.
2756 5206 2811 5258 v,
2870 5189 2951 5261 9.7
3002 5190 3046 5261 ’ἶ
3076 5189 3262 5261 πεσεῖν
3286 5185 3349 5241 C.
3428 5185 3643 5261 ξδγινό-

372 5250 611 5353 5:311

420 5267 516 5306 ενα
710 5253 756 5285 ’θ
790 5253 1015 5327 γένηται
1080 5259 1141 5312 0.
1203 5256 1280 5312 Ita
1326 5258 1612 5328 legendum
1666 5274 1791 5314 esse
1823 5253 1986 5316 "notat
2033 5260 2071 5315 S
2100 5303 2115 5327 ,
2154 5253 2465 5332 quanquam
2518 5253 2571 5316 et
2626 5253 2743 5331 ipse
2785 5253 2983 5331 repetit
3033 5259 3157 5314 lect.
3188 5257 3251 5311 Ci
3317 5253 3636 5326 γεγένηται.

420 5321 612 5354 04......“
645 5322 791 5354 (Im..-
826 5341 892 5354 ...-
942 5323 982 5354 t‘
1084 5327 1197 5354 1-3.
1229 5328 1348 5354 ,ιι-ι
1409 5328 1449 5354 n
1548 5329 1654 5354 ρ-..
1705 5331 1805 5354 -.ι-.
1853 5332 1953 5354 -.υ
2020 5348 2044 5354 Α
2106 5330 2150 5354 n
2248 5331 2668 5354 qn-_--uu-_--_-
2708 5330 2826 5354 --_:
2880 5329 2925 5354 η
2997 5328 3291 5354 2....J...-..--
3323 5327 3405 5354 -.ιιι
3438 5328 3636 5354 suum“

454 5322 1027 5415 ᾑμῶν-ξίιξιιξειίξιῃρί(ἶᾼ.Δ
1069 5322 1675 5415 ,ξῖτῷΙοοηῇξῡῖ-ὃειι,
1705 5331 1806 5415 την
1851 5332 1975 5415 add.
2015 5348 2064 5386 e.

2248 5327 2668 5403 ,‘éisxnbdesvoé
2704 5327 2864 5403 conif
2880 5329 2925 5383 D
2952 5371 2968 5395 ν
2992 5328 3291 5403 ἀν,εώμεν9ς
3323 5327 3411 5403 νβέ
3433 5328 3640 5403 δεδίκαξν

372 5392 672 5474 υἱῶνῇροηί.
706 5393 785 5450 CI.
820 5392 934 5467 Ego
975 5392 1347 5455 scribendum'
1380 5392 1680 5469 putaverint
1719 5392 2071 5472 ἀδικούμενος
2103 5401 2161 5457 S.
2238 5401 2408 5455 ³Θεὸν
2430 5392 2589 5456 ’δὲἐὗ
2625 5392 3183 5474 πράττονταπείθεὶν
3214 5398 3276 5454 C.
3353 5397 3479 5452 ⁴δδιά
3500 5396 3639 5452 Θεὸν

370 5478 483 5520 om.
507 5464 568 5518 Ο.

1684 5560 2048 5617 VARIORUM
2082 5562 2310 5621 NOTA‘J.

439 5674 702 5761 (79)"qu
729 5677 886 5745 αἰτίᾳ
907 5676 1266 5747 διαιρέσεως.
1301 5675 1474 5736 Habet
1519 5675 1827 5735 Turrianus
1890 5677 1986 5735 lib.
2024 5694 2075 5749 v,
2136 5680 2240 5738 Pro
2279 5678 2528 5752 epistolis
2557 5679 2876 5752 pontiﬁcum
2914 5694 3038 5752 cap.
3089 5680 3159 5748 9,
3201 5679 3409 5749 αἰτίαν,
3444 5677 3641 5739 mium

372 5742 685 5817 Ιιθιιεέῼοτ.
