3894 6208
255 272 369 332 ἰῶ

1400 280 1935 345 CLEMENTINA.—
1958 286 2242 345 HOMILIA
2271 288 2360 346 III.

3419 294 3527 355 151

258 390 540 463 σωτηρίας
560 430 577 459 ,
632 389 775 466 ὑπὲρ
804 391 984 447 αὐτῶν
1014 393 1037 426 ⁸
1070 394 1385 466 οίκονομίας
1414 398 1509 450 καὶ
1555 399 1654 469 σῆς
1703 398 1836 470 ὠφε-

1952 411 2036 456 ter
2065 404 2441 473 episcopatum
2477 404 2770 475 suscipias,
2805 414 3023 478 propter
3051 407 3371 477 Christum,
3422 428 3525 484 pro

255 482 433 547 λείας.

330 658 496 715 LXV.
531 661 641 715 Καὶ
671 660 733 715 τὸ
764 660 1040 734 ἑτεροννδὲ
1059 662 1295 732 λόγισαι,
1324 664 1431 729 ὅτι,
1454 664 1643 738 ὥσπερ
1669 667 1850 737 κάμα-

250 768 351 805 τον
384 754 481 806 καὶ
527 752 775 808 κίνδυνον
817 754 932 826 ἔχει
980 755 1043 808 τὸ
1078 756 1179 826 τήν
1235 757 1477 828 Χριστοῦ
1525 760 1849 832 Ἐκκλησίαν

250 846 585 917 οἰκονομεῖν,
627 847 868 918 τοσούτῳ
904 847 1107 920 μείζων
1147 851 1177 903 ό
1212 838 1421 920 μισθός
1474 852 1587 905 ἀλλ’
1625 851 1704 905 ἔτι
1741 854 1848 925 μὴν

250 938 350 990 καὶ
380 940 415 1011 ή
448 938 670 1003 κόλασις
695 940 897 1010 μείζων
922 940 1002 1011 τῷ
1031 941 1313 1013 δυναμένῳ
1347 944 1442 996 καὶ
1472 944 1844 1015 ἀπειθήσαντι.

250 1028 527 1100 Βούλομαι
554 1026 669 1095 οῦν,
691 1031 1164 1105 πολυμαθέστερον
1183 1033 1339 1097 εἰδώς
1353 1051 1413 1086 σε
1431 1034 1541 1089 τῶν
1565 1036 1849 1107 παρεστώ-

247 1137 385 1185 των,
425 1120 689 1185 δανείζειν
720 1123 741 1154 ⁸
773 1123 946 1187 καλὰς
958 1106 1221 1195 ’γνώμας
1250 1124 1319 1189 ἃς
1344 1126 1497 1197 παρά
1525 1126 1619 1181 τοῦ
1640 1106 1845 1199 Κυρίου

249 1213 639 1268 πεπίστευσαι·
695 1216 840 1280 Ἵνα,
871 1216 978 1282 Εὖ,
1014 1216 1200 1271 δοῦλε
1266 1216 1451 1289 ἀταθέ
1495 1218 1596 1272 καί
1646 1217 1843 1284 πιστέ,

248 1304 518 1379 ἀκούσης,
553 1307 649 1360 καὶ
686 1307 761 1378 μὴ
795 1309 815 1341 τ
850 1307 1041 1381 ὥσπερ
1074 1311 1103 1365 ό
1134 1309 1196 1363 τὺ
1224 1308 1282 1363 ἓν
1301 1309 1625 1383 ἀποκρύψας
1642 1310 1847 1364 ,τάλαν-

248 1413 366 1461 τον,
402 1397 655 1469 ἔγκλημα
702 1399 884 1456 λαϐὼν
931 1401 1154 1456 κολάσει
1185 1402 1488 1467 ὑπεύθυνος
1542 1403 1841 1475 ἀναφανῇς.

248 1489 317 1541 Εἰ
345 1490 406 1543 δὲ
442 1491 519 1561 μὴ
553 1490 733 1561 βούλει
768 1492 972 1562 ἀγαθὸς
997 1493 1169 1564 φύλαξ
1194 1496 1529 1568 καταστῆναι
1549 1495 1571 1528 ⁸
1596 1495 1693 1568 τῆς
1731 1498 1849 1550 Ἐκ-

246 1580 502 1653 κλησίας,
532 1582 717 1663 ἒῖερον
737 1584 859 1637 ἀντὶ
893 1584 987 1638 σοῦ
1013 1587 1273 1658 μήνυσον,
1310 1585 1405 1641 σοῦ
1438 1586 1846 1673 πολυρθέστε-

250 1690 347 1745 ρον
379 1675 472 1727 καὶ
504 1675 842 1748 πιστότερον.
882 1678 1018 1731 Ἀλλ’
1042 1679 1062 1710 ⁹
1084 1679 1146 1732 ού
1170 1677 1381 1742 δώσεις
1411 1680 1476 1734 σὺ
1506 1680 1615 1751 γὰρ
1650 1680 1744 1734 καὶ
1762 1678 1841 1751 τῷ

1953 492 2183 550 fratrum
2209 496 2404 564 salute,
2430 512 2530 567 pro
2560 499 2876 555 eorumdem
2907 501 3322 571 gubernatione,
3347 513 3403 561 et
3431 516 3526 565 tua

1950 587 2205 645 utilitate.

2024 678 2190 735 LXV.
2218 680 2379 736 Aliud
2408 680 2572 737 etiam
2602 693 2819 754 reputa,
2848 687 3017 756 quod,
3064 687 3209 743 sicut
3240 689 3426 746 labore
3469 701 3528 749 et

1950 771 2198 841 periculo
2228 789 2339 829 non
2376 784 2545 842 caret,
2601 777 2909 847 gubernare
2954 777 3257 836 Ecclesiam
3295 783 3523 849 Christi,

1949 879 2017 919 eo
2044 864 2223 934 major
2271 874 2355 920 est
2387 882 2620 933 merces,
2669 869 2764 923 sed
2794 880 2848 924 et
2896 872 3075 941 major
3122 888 3284 942 paena
3323 874 3375 931 ei
3430 877 3526 947 qui

1951 964 2154 1025 potest,
2182 966 2404 1012 recusat
2445 967 2650 1014 tamen.
2687 959 2863 1030 Cupio
2907 961 3093 1033 igitur,
3119 965 3215 1035 qui
3260 974 3313 1021 te
3352 969 3521 1023 sciam

1948 1048 2248 1102 astantium
2272 1050 2731 1118 eruditissimum,
2762 1052 2962 1109 ftenori
2985 1055 3080 1111 des
3114 1057 3376 1127 pulchras
3393 1075 3523 1116 sen-

1950 1141 2170 1207 tentias,
2208 1157 2331 1212 quas
2381 1143 2478 1198 tibi
2528 1158 2560 1199 a
2591 1144 2824 1202 Domino
2854 1147 3066 1203 tradita:
3094 1159 3261 1218 sunt;
3310 1161 3371 1207 ut
3418 1168 3523 1207 au-

1947 1231 2104 1288 dias:
2130 1232 2277 1304 Euge
2300 1251 2443 1289 serve
2469 1235 2599 1291 boue
2623 1247 2672 1291 et
2702 1237 2876 1308 ﬁdelis
2904 1251 2955 1307 ι,
3004 1249 3059 1296 et
3106 1257 3238 1309 non,
3260 1245 3525 1313 quemad-

1948 1324 2175 1379 modum
2197 1326 2293 1396 qui
2316 1342 2487 1382 unum
2522 1329 2784 1385 talentum
2816 1332 3125 1398 abscondit,
3167 1335 3521 1405 opprobrium

1945 1414 2113 1483 feras,
2136 1428 2191 1475 et
2211 1419 2484 1477 obnoxius
2507 1422 2774 1491 supplicio
2794 1423 3111 1481 declareris.
3140 1424 3235 1481 Sin
3259 1442 3390 1482 vero
3410 1443 3521 1483 non

1944 1509 2033 1565 vis
2062 1510 2245 1567 bonus
2268 1510 2524 1569 Ecclesiae
2546 1514 2806 1570 constitui
2854 1526 3041 1572 custos
3063 1558 3079 1584 ,
3114 1518 3284 1573 alium
3339 1534 3440 1589 pro
3470 1528 3523 1575 te

1944 1600 2147 1667 indica,
2175 1603 2270 1672 qui
2294 1612 2345 1659 te
2367 1603 2440 1659 sit
2466 1604 2680 1661 doctior
2709 1621 2777 1662 ac
2796 1605 3029 1663 fidelior.
3070 1607 3179 1664 Sed
3201 1626 3311 1665 non
3340 1611 3520 1679 dabis,

1946 1702 2002 1748 tu
2030 1695 2178 1749 enim
2201 1703 2405 1750 etcum
2430 1695 2663 1752 Domino
2694 1708 2947 1756 versatus
2968 1716 3029 1757 es
3051 1716 3117 1757 ac
3142 1702 3325 1758 vidisti
3353 1704 3523 1758 mira-

246 1765 445 1837 Κυρίῳ
494 1768 676 1838 συνῆς,
712 1770 807 1822 καὶ
854 1769 953 1834 τάς
985 1770 1323 1842 θαυμασίους
1362 1771 1592 1844 πράξεις
1627 1772 1836 1845 ἱστόρη-

1946 1787 2073 1842 bilia
2099 1802 2287 1859 opera,
2318 1798 2371 1846 et
2390 1787 2647 1845 Ecclesiae
2683 1790 3215 1851 administrationem
3256 1796 3519 1853 didicisti.

248 1873 373 1921 σας,
404 1860 498 1911 καὶ
526 1859 786 1932 διοίκησιν
826 1862 1150 1935 Ἐκκλησίας
1182 1864 1525 1936 μεμάθηκας.

318 1949 511 2006 LXVI.
546 1954 658 2007 Καὶ
692 1953 785 2011 σοῦ
808 1956 907 2025 μὲν
934 1955 1096 2027 ἔργον
1118 1958 1237 2013 ἐστὶ
1267 1957 1510 2014 κελεύειν
1538 1957 1575 2013 ἃ.
1607 1957 1708 2025 δεῖ,
1731 1958 1843 2014 τῶν

244 2043 498 2113 ἀδελφῶν
523 2047 588 2111 ιο,
624 2047 874 2103 ὑπείκειν
910 2050 1006 2105 καί
1055 2050 1130 2121 μὴ
1179 2050 1447 2106 ἀπειθεῖν.
1495 2049 1844 2117 ’Υπείξαντες

248 2134 480 2229 μὲνοῦν
516 2139 873 2211 σωθήσονται,
921 2141 1320 2215 ἀπειθήσαντες
1356 2143 1414 2196 δι
1449 2143 1555 2197 ὑπὸ
1584 2144 1678 2198 τοῦ
1710 2146 1844 2229 Χρι-

247 2228 381 2281 στοῦ
415 2230 458 2261 ⁸³
484 2231 927 2303 κολασθήσονται,
950 2234 1034 2288 ὅτι
1056 2236 1084 2289 ό
1104 2234 1573 2307 προκαθεζόμενος
1602 2235 1840 2325 Χριστοῦ

240 2321 413 2377 τόπον
446 2323 825 2381 πεπίστευται.
850 2326 942 2406 Διί)
971 2327 1088 2398 ἦτοι
1112 2328 1299 2399 τιμὴῆ
1335 2327 1491 2399 ὕϐρις
1506 2328 1601 2383 τοῦ
1633 2321 1842 2402 προκα-

244 2414 541 2486 θεζομένου
569 2418 648 2480 είς
662 2418 896 2505 Χριστὸν
918 2418 1173 2490 φέρεται,
1199 2420 1354 2491 115
1380 2420 1489 2475 ἀπὸ
1513 2420 1571 2475 δὲ
1600 2421 1840 2505 Χριστοῦ

243 2510 328 2572 είς
362 2508 497 2562 Θεὸν
530 2510 574 2539 ¹³
608 2489 961 2582 ἀναφῖρεται.
993 2489 1182 2566 ΫΤοῦτο
1215 2513 1272 2566 δὲ
1316 2489 1548 2587 εἴρηκα,
1605 2489 1692 2568 ἴνα
1716 2489 1839 2569 δκαὶ

244 2601 403 2654 αὐτοὶ
427 2603 479 2654 οι
503 2602 725 2673 ἀδελφοὶ
761 2604 864 2674 τῆς
890 2605 1028 2677 πρὸς
1055 2605 1117 2658 σὲ
1151 2606 1435 2671 ἀπειθείας
1467 2606 1559 2661 τὸν
1597 2606 1839 2664 κίνδυνον

243 2693 428 2748 αὐτῶν
468 2696 512 2727 ⁸³
564 2696 638 2767 μὴ
689 2696 994 2765 ἀγνοῶσιν,
1054 2699 1137 2752 ὅτι
1169 2699 1229 2762 ὃς
1280 2698 1345 2753 ἀν
1392 2716 1475 2753 σοι
1522 2698 1839 2758 κελεύσαντι

240 2788 544 2863 ἀπειθήσῃ,
594 2787 816 2873 Χριστῷ
848 2789 1065 2844 ἀπειθεῖ
1095 2790 1159 2857 ⁸⁵,
1192 2790 1415 2873 Χριστῷ
1439 2790 1497 2844 δὲ
1535 2790 1839 2865 ἀπειθήσας

240 2875 381 2934 Θεὸν
402 2864 752 2953 παροργίζειῖ
1280 2864 1309 2881 ’

316 2972 531 3029 LXVII.
566 2974 686 3047 Χρὴ
712 2969 806 3028 οῦν
836 2975 937 3047 τὴν
976 2974 1326 3046 Ἐκκλησίαν,
1345 2975 1422 3040 ὡς
1439 2975 1593 3030 πόλιν
1625 2976 1684 3031 ὲν
1711 2973 1837 3046 ὕψει

240 3066 708 3137 οἰκοδομουμένην
740 3068 803 3133 ¹⁸,
840 3068 1086 3137 φιλόθεον
1106 3068 1252 3139 ἔχειν
1270 3068 1426 3136 τάξιν
1456 3069 1552 3123 καὶ
1570 3068 1837 3141 διοίκησιν

241 3158 434 3230 καλήν.
473 3158 589 3231 Πρὸ
616 3160 835 3214 πάντων
866 3162 895 3215 ό
932 3161 1232 3224 ἐπίσκοπος
1263 3162 1340 3223 ὡς
1372 3160 1556 3231 ἄρχων
1604 3160 1733 3232 περὶ
1758 3152 1835 3215 ὧν

239 3251 393 3319 λέγει
441 3252 742 3306 ἀκουέσθω*
789 3254 839 3307 oi
873 3252 1235 3325 πρεσϐύτεροι
1270 3251 1341 3306 τὰ
1378 3252 1711 3323 κελευόμενα
1751 3252 1838 3321 γί-

238 3342 432 3396 νεσθαι
465 3344 508 3373 ¹⁶
544 3345 1011 3409 σπυδαζέτωσαψ
1043 3346 1093 3398 οἱ
1127 3346 1365 3401 διάκονοι
1407 3344 1835 3416 ἐκπεριερχόμε-

238 3453 325 3489 νοι
356 3435 468 3489 τῶν
499 3434 744 3503 ἀδελφῶν
774 3436 844 3489 τὰ
870 3434 1098 3507 σώματα
1133 3437 1227 3491 καὶ
1258 3437 1356 3499 τὰς
1384 3436 1567 3507 ψυχὰς
1613 3437 1837 3489 ἐπισκε-

240 3528 591 3593 πτέσθωσαν,
628 3530 720 3582 καὶ
732 3528 809 3599 τῷ
838 3529 1123 3599 ὲπισκόπῳ
1142 3529 1696 3585 ἀντιϐαλλέτωσανόι
1724 3529 1836 3582 λοι-

241 3621 339 3673 ποὶ
372 3620 577 3683 πάντες
603 3620 823 3689 ἀδελφοὶ
855 3621 917 3673 τὸ
944 3621 1248 3674 ἀδικεῖσθαι
1282 3620 1746 3691 ἀναδεχέσθωσανο
1784 3622 1834 3675 εξ

239 3712 300 3765 δὲ
335 3712 616 3783 κρίνεσθαι
660 3713 873 3766 θέλουσι
916 3714 1048 3785 περὶ
1079 3706 1153 3768 ὧν
1199 3713 1546 3779 ἀδικοῦνται,
1601 3712 1835 3767 ἐπὶτῶν

239 3805 638 3876 πρεσϐυτέρων
662 3806 1205 3877 συμϐιϐαζέσθωσαν·
1240 3807 1333 3860 τὸν
1364 3807 1421 3860 δὲ
1456 3806 1835 3879 συμϐιϐασμὸν

240 3898 298 3950 oi
338 3896 701 3969 πρεσϐύτεροι
722 3898 799 3969 τῷ
826 3898 1111 3970 ὲπισκόπῳ
1144 3899 1726 3971 προσαναφερέτωσαν.

315 4011 550 4066 LXVIII.
582 4013 740 4066 Νέων
765 4013 821 4066 δὲ
857 4014 931 4086 μὴ
963 4014 1120 4085 μόνον
1143 4013 1617 4083 κατεπειγέτωσαν
1640 4014 1680 4046 "
1706 4012 1833 4080 τοὺς

238 4105 477 4175 γάμους,
500 4104 637 4158 ἀλλά
663 4107 756 4159 καὶ
787 4106 896 4160 τῶν
918 4104 1359 4178 προϐεϐηκότων,
1394 4107 1467 4178 μή
1490 4123 1608 4169 πως
1636 4104 1834 4170 ζέουοα

237 4200 275 4267 ἡ
314 4194 496 4269 ὄρεξις
530 4197 801 4270 προφάσει
835 4199 1091 4269 πορνείας
1123 4198 1156 4269 ἢ
1192 4198 1437 4270 μοιχείας
1453 4198 1639 4270 λοιμὸν
1664 4214 1833 4270 προσ-

239 4289 451 4361 ενέγκῃ
484 4289 529 4322 ⁸⁸
555 4292 623 4361 τῇ
671 4290 985 4363 Ἑκκλησίᾳ.
1043 4291 1214 4363 ’Υτῄρ
1253 4292 1433 4345 πᾶσαν
1498 4290 1609 4362 γὰρ
1653 4291 1835 4361 ἀμαρ-

238 4346 365 4433 τίαν
398 4346 564 4453 τῆς
595 4346 870 4453 μοιχείας.
892 4346 1114 4437 ἀάέϐεια
1307 4346 1623 4453 ὲστύγηταιι,
1656 4346 1739 4435 ὅτι
1769 4346 1831 4435 οὐ

2014 1946 2202 2004 LXVI.
2238 1947 2369 2005 Tum
2403 1950 2571 2021 igitur
2598 1962 2783 2022 partes
2818 1962 2968 2020 sunt,
3019 1953 3215 2025 jubere
3264 1970 3350 2023 ea,
3398 1972 3522 2026 qua

1943 2050 2191 2113 oportet;
2224 2052 2411 2114 partes
2442 2042 2699 2111 fratrum,
2729 2045 3000 2116 subjicere
3027 2062 3086 2103 se
3107 2056 3162 2103 et
3202 2063 3312 2103 non
3342 2048 3518 2105 refra-

1942 2135 2080 2206 gari.
2116 2135 2484 2206 Subjicientes
2513 2153 2643 2210 ergo
2690 2154 2749 2195 se
2778 2140 2914 2195 salvi
2961 2140 3129 2197 fient:
3183 2141 3519 2215 refragantes

1941 2242 2073 2282 vero
2097 2244 2127 2283 a
2155 2227 2377 2285 Christo
2410 2230 2747 2299 punientur;
2780 2231 3043 2301 quoniam
3089 2233 3183 2305 qui
3239 2236 3517 2305 praesidet,

1940 2317 2149 2375 Christi
2178 2320 2358 2376 locum
2390 2322 2619 2391 accepit.
2655 2321 2837 2389 Quare
2871 2324 3217 2393 praesidentis
3269 2327 3384 2383 sive
3411 2330 3518 2385 ho-

1940 2426 2043 2468 nor
2090 2412 2206 2468 sive
2254 2414 2587 2469 contumelia
2637 2414 2704 2469 ad
2753 2414 3038 2471 Christum
3086 2416 3344 2483 refertur,
3397 2430 3454 2475 et
3485 2437 3517 2478 a

1940 2500 2163 2560 Christo
2198 2505 2266 2559 ad
2293 2503 2486 2559 Deum.
2544 2504 2601 2560 Id
2637 2517 2820 2562 autem
2875 2510 3203 2579 prolocutus
3259 2527 3405 2580 sum,
3456 2522 3519 2570 ut

1940 2597 2047 2669 ipsi
2068 2614 2288 2673 quoque
2305 2598 2505 2656 fratres
2528 2615 2636 2654 non
2665 2599 2938 2670 ignorent,
2960 2610 3166 2671 quanto
3187 2603 3241 2657 in
3272 2604 3519 2673 periculo

1937 2702 2227 2748 versentur
2250 2693 2344 2763 qui
2370 2691 2470 2748 tibi
2500 2707 2611 2747 non
2636 2692 3112 2763 obtemperabunt.
3137 2691 3275 2749 Nam
3300 2695 3394 2765 qui
3418 2695 3517 2751 tibi

1933 2784 2150 2855 jubenti
2181 2801 2291 2839 non
2316 2784 2738 2856 obtemperabit,
2768 2784 2995 2839 Christo
3026 2801 3135 2841 non
3182 2786 3417 2855 obediet,
3464 2796 3521 2844 et

1937 2877 2067 2933 dum
2098 2892 2209 2933 non
2236 2876 2421 2933 obedit
2442 2877 2685 2943 Christo,
2713 2874 2887 2932 Deum
2912 2877 2980 2933 ad
3012 2878 3154 2933 iram
3192 2878 3404 2935 incitat.

2007 2969 2219 3026 LXVII.
2247 2968 2471 3040 Oportet
2493 2983 2625 3040 ergo
2658 2978 2718 3025 ut
2737 2967 3005 3037 Ecclesia,
3036 2971 3185 3026 velut
3232 2972 3429 3028 civitas
3457 2972 3514 3028 in

1938 3064 2158 3120 excelso
2178 3062 2471 3129 aedificata,
2494 3060 2607 3118 Deo
2627 3061 2853 3133 dignum
2885 3062 3085 3117 habeat
3106 3063 3353 3118 ordinem
3376 3078 3515 3133 prte-

1939 3155 2259 3226 claramque
2302 3154 2861 3211 administrationem.
2904 3154 3046 3209 Ante
3094 3156 3279 3209 omnia
3298 3157 3515 3226 episco-

1936 3264 2063 3319 pus,
2092 3248 2240 3304 velut
2279 3256 2484 3313 rector,
2515 3246 2570 3301 in
2601 3247 2669 3302 iis
2706 3262 2831 3316 quae
2881 3246 3015 3301 dicit
3044 3247 3331 3314 audiatur;
3384 3262 3515 3317 pre-

1937 3340 2141 3411 sbyteri
2172 3347 2368 3395 curent
2390 3339 2508 3394 fieri
2538 3354 2663 3409 quae
2686 3338 2980 3406 jubentur;
3031 3337 3249 3393 diaconi
3276 3339 3517 3394 circum-

1936 3432 2281 3488 ambulantes
2309 3431 2661 3487 considerent
2681 3429 2914 3485 fratrum
2942 3445 3169 3501 corpora
3189 3438 3243 3485 et
3274 3431 3512 3500 animas,

1937 3534 2101 3592 atque
2127 3525 2385 3594 episcopo
2406 3524 2761 3589 denuntient;
2809 3522 3007 3592 reliqui
3064 3536 3256 3581 omnes
3306 3521 3505 3579 fratres

1937 3616 2075 3670 allici
2100 3617 2302 3687 injuria
2340 3615 2646 3685 suscipiant
2667 3615 2900 3670 libenter
2923 3632 2937 3681 ;
2964 3615 3112 3685 quod
3139 3616 3185 3670 si
3229 3615 3296 3670 de
3331 3616 3420 3681 iis,
3456 3616 3513 3670 in

1936 3711 2138 3780 quibus
2188 3710 2389 3781 injuria
2421 3708 2753 3774 afﬁciuntur,
2782 3707 3011 3777 cupiunt
3050 3706 3311 3777 judicari,
3366 3708 3511 3777 apud

1934 3805 2281 3874 presbyteros
2307 3803 2689 3868 concilientur,
2717 3809 2772 3855 et
2816 3801 3118 3872 presbyteri
3174 3800 3513 3857 conciliatio-

1935 3912 2061 3952 nem
2079 3897 2147 3952 ad
2187 3896 2506 3966 episcopum
2537 3893 2798 3950 referant.

2008 4014 2241 4073 LXVIII.
2267 4014 2387 4070 Non
2419 4016 2584 4072 modo
2612 4023 2797 4070 autem
2847 4014 3079 4084 juvenes
3107 4012 3175 4068 ad
3224 4011 3510 4066 matrimo-

1933 4111 2089 4167 nium
2126 4109 2478 4179 compellant,
2501 4108 2593 4163 sed
2627 4116 2683 4162 et
2712 4116 2844 4161 natu
2869 4114 3178 4177 provectos,
3198 4120 3267 4159 ne
3295 4103 3512 4160 fervens

1936 4202 2209 4274 cupiditas
2239 4216 2336 4271 per
2366 4200 2788 4256 fornicationem
2812 4199 2897 4254 vel
2928 4197 3259 4253 adulterium
3300 4207 3508 4267 pestem

1935 4296 1992 4350 in
2041 4294 2343 4350 Ecclesiam
2397 4292 2617 4349 inferat.
2648 4290 2825 4362 Super
2855 4306 3019 4346 omne
3046 4290 3194 4345 enim
3225 4295 3509 4358 peccatum

1936 4387 2191 4457 impietas
2216 4385 2471 4441 adulterii
2522 4386 2650 4441 odio
2687 4400 2717 4439 a
2774 4383 2886 4439 Deo
2934 4384 3191 4438 habetur:
3222 4381 3352 4453 quia
3398 4397 3510 4437 non

245 4471 413 4543 μόνον
439 4472 602 4527 αὑτὸν
630 4474 722 4529 τὸν
754 4474 1149 4547 ἀμαρτήσαντα
1175 4476 1410 4548 ἀναιρεῖ,
1432 4474 1568 4529 ἀλλά
1598 4475 1832 4539 καὶτοὺς

1946 4480 2114 4534 solum
2165 4480 2425 4534 interficit
2467 4478 2645 4548 ipsum
2709 4486 3049 4546 peccatorem
3083 4475 3176 4530 sed
3208 4483 3264 4529 et
3313 4488 3512 4529 conve-

244 4566 713 4637 συνεστιωμένους
764 4568 858 4620 καὶ
904 4568 1431 4640 συναμιλλωμένους·
1485 4567 1659 4641 λύσσῃ
1719 4566 1828 4641 γὰρ

240 4656 445 4723 ἔοικεν,
479 4658 560 4712 ὅτι
591 4659 691 4731 τῆς
721 4660 853 4723 ιδίας
888 4661 1083 4732 μανίας
1117 4662 1453 4733 μεταδιδόναι
1496 4661 1656 4730 φύσιν
1694 4660 1830 4731 ἔχει.

242 4750 613 4824 Σοφροσύνης
638 4745 731 4805 οὖν
762 4752 921 4823 χάριν
942 4753 1319 4807 σπευδέτωσαν
1334 4755 1691 4826 τοὺςγὰμους
1712 4758 1834 4809 ἑπι-

242 4844 423 4899 τελεῖν
442 4846 518 4917 μὴ
548 4844 707 4916 μόνον
729 4846 778 4899 οί
797 4845 1178 4918 πρεσϐύτεροι,
1200 4847 1335 4901 ἀλλά
1350 4848 1443 4901 καὶ
1468 4849 1688 4920 1160i
1705 4849 1834 4902 πάν-

242 4951 357 4999 τες’
379 4936 415 5007 ἡ
440 4936 551 5009 γὰρ
578 4935 673 4991 τοῦ
696 4938 1096 5010 μοιχησαμένου
1126 4940 1374 5012 ἁμαρτία
1414 4940 1509 4994 ἐπὶ
1537 4940 1663 5004 τοὺς
1694 4940 1833 4994 πάν-

242 5043 347 5092 τας
364 5028 543 5083 ὲλθεῖν
565 5031 826 5105 βιάζεται.
862 5031 936 5085 Τὸ
952 5032 995 5067 ¹⁹
1019 5026 1113 5086 οὖν
1124 5033 1375 5089 σπεύδειν
1393 5038 1689 5106 σωφρονεῖν
1703 5035 1831 5099 τοὺς

319 5202 348 5232 ι
384 5188 582 5247 Matth.
616 5205 747 5258 xxv,
773 5190 865 5246 2i.

1935 4580 2150 4628 scentes
2200 4583 2264 4627 ac
2318 4586 2666 4642 congressos.
2705 4568 2895 4623 Rabiei
2934 4568 3135 4637 quippe
3153 4575 3240 4621 est
3290 4566 3508 4632 similis,

1934 4663 2380 4735 quandoquidem
2411 4678 2442 4717 a
2474 4672 2671 4718 natura
2708 4661 2891 4727 habet,
2922 4669 2984 4713 ut
3014 4674 3171 4714 suam
3197 4657 3511 4712 communi-

1934 4766 2019 4812 cet
2041 4757 2333 4812 insaniam.
2364 4754 2507 4826 Ergo
2533 4764 2753 4825 propter
2779 4752 3082 4808 castitatem
3111 4749 3370 4805 festinent
3394 4763 3499 4802 nu-

1933 4850 2078 4918 ptias
2107 4848 2401 4903 conciliare
2424 4864 2532 4901 non
2563 4847 2726 4902 modo
2746 4845 3075 4917 presbyteri,
3110 4859 3297 4899 verum
3340 4842 3506 4896 etiam

1934 4955 2155 5008 omnes;
2182 4956 2311 4995 nam
2338 4939 2542 4995 moechi
2566 4940 2821 4994 delictum
2847 4938 2914 4993 ad
2944 4953 3137 4993 omnes
3190 4933 3505 4990 necessario

1935 5035 2105 5089 venit.
2152 5033 2337 5088 Prima
2368 5049 2498 5105 ergo
2528 5031 2905 5087 misericordia
2939 5038 3044 5098 est,
3070 5029 3271 5085 fratres
3306 5026 3375 5082 ad
3403 5040 3507 5097 pu-

1545 5304 1783 5365 νΑῐιυΕ
1823 5307 2231 5366 LECTIONES.

323 5418 348 5489 ξ
399 5415 545 5489 ὑπὲρ
577 5417 713 5489 τῆςῂ
745 5417 925 5474 αὐτῶν
985 5418 1050 5475 C.
1199 5420 1223 5454 ⁸
1253 5418 1455 5484 δανίζει
1522 5421 1585 5477 0.

253 5487 380 5590 nult
403 5487 833 5613 meamaliivat.
980 5489 1155 5574 ’ἀλλά
1185 5493 1245 5546 0.

321 5555 399 5613 Ita
438 5556 483 5610 D
526 5573 697 5613 annro
735 5558 927 5613 anteO
964 5577 980 5613 :
1010 5561 1160 5613 αὑτω
1190 5560 1232 5613 C

254 5628 1081 5734 ιῒηὲλνέἔηῗνιη.⁸ᾎτινέ3θὶ⁸-⁶ις

323 5698 684 5772 προσενέγκοι
715 5699 777 5756 C.
857 5702 899 5736 ¹⁹
916 5701 1012 5756 τοῦ
1043 5700 1106 5759 C.

1396 5421 1455 5481 ἵει
1522 5421 1585 5477 0.
1729 5422 1843 5506 ’μή
1908 5439 2018 5478 non
2092 5423 2342 5477 omittere
2404 5419 2635 5477 debebat
2710 5417 2779 5499 S_
2832 5432 2907 5474 ε..
2951 5413 3035 5471 Cl.

1396 5491 1579 5524 ιορηθιρ
1607 5490 1870 5524 ἆκρὶιλιηιρ
1903 5497 1944 5524 n
2114 5494 2155 5524 ιι
2178 5493 2383 5524 Ιτμιιῖηη
2415 5491 2455 5524 Π
2629 5492 2781 5524 ηρηη
2821 5489 2906 5524 γη
2962 5488 3035 5524 εἴη

599 5490 833 5613 nolim.
980 5490 1155 5574 ’ἀλλά
1185 5493 1245 5546 0.
1384 5491 1579 5575 β’τοὺς
1605 5490 1870 5581 ἀδελφούς
1903 5497 1964 5549 0.
2114 5494 2155 5524 “
2176 5493 2383 5563 Κυρίου
2415 5491 2479 5546 C.
2629 5490 2781 5543 ¹¹τοῦ
2821 5490 2919 5560 Χρ.

599 5569 861 5634 pro_ante
881 5558 927 5634 0
964 5577 980 5627 ;
1010 5561 1160 5634 αὑτῳ
1190 5560 1232 5616 C
1255 5601 1277 5634 _,
1308 5577 1403 5632 qui
1431 5576 1572 5630 conj.
1608 5578 1787 5634 αυτόν.
1868 5564 1911 5595 ⁸⁸
1930 5562 2008 5619 Ita
2051 5562 2089 5616 S
2116 5603 2131 5627 ,
2174 5562 2378 5634 ἀπειθῇ
2402 5562 2463 5627 C,
2488 5562 2560 5634 70.
2640 5558 2919 5634 f'oixoﬁoy.

1190 5634 1232 5665 ¹⁷
1248 5631 1381 5690 Post
1404 5632 1881 5703 κατεπειγέτωσαν
1913 5643 2233 5706 repetuntur
2261 5634 2315 5690 in

2629 5435 2635 5474 ι
2710 5417 2749 5473 S
2832 5432 2907 5474 ι..
2951 5413 3035 5471 Cl.
3194 5413 3217 5445 ⁸
3273 5411 3317 5465 D
3395 5410 3493 5536 legi

2629 5488 2781 5543 ¹¹τοῦ
2821 5489 2925 5560 Χρ.
2960 5488 3042 5560 εἰς
3080 5484 3204 5560 τὸνῃ
3236 5481 3369 5560 Θεόν
3419 5550 3444 5560 _
3479 5521 3493 5534 .

2961 5556 3143 5627 μένηνΔ
3163 5552 3205 5609 C
3236 5594 3251 5618 ,
3302 5550 3495 5622 ᾠκοδοι

2448 5601 2463 5627 ,
2501 5575 2560 5615 υ.
2642 5575 3126 5681 ⁸ιὀικοοομέμενην
3163 5575 3205 5609 υ
3236 5594 3251 5618 ,
3302 5575 3494 5622 mazono-

2448 5633 2574 5689 vbb.
2604 5632 2694 5688 τὸν
2714 5631 2773 5687 δὲ
2803 5646 2913 5699 cup.
2951 5624 3176 5698 ιϐασμόν
3206 5629 3494 5693 expuncta-

2114 5494 2155 5524 “
2176 5493 2383 5563 Κυρίου
