3894 6208
212 312 324 368 157

1329 320 1792 380 CLEMENTINA.
1814 353 1888 370 ι-
1909 326 2193 383 ΗυΜιιιΑ
2227 327 2312 383 ιγ.

3388 327 3493 384 158

211 432 521 498 molstam;
564 434 658 504 Μὴ
670 433 929 515 λίνοιτο.
962 436 1031 491 Εἰ
1049 454 1133 502 τις
1160 439 1272 511 γάρ
1301 438 1461 510 ἔχων,
1489 439 1653 493 πόθεν
1692 440 1812 513 ζῇν,

1918 460 2017 499 sua
2039 446 2106 499 εἰ
2151 444 2261 501 Nec
2318 444 2466 500 dicat
2513 444 2712 516 aliquis
2739 461 2806 500 an
2836 460 2965 517 ergo
2989 446 3156 517 gratis
3183 444 3343 500 datus
3373 460 3493 500 scr-

210 522 360 594 λάὸῃ
385 522 447 589 ³⁸,
476 518 630 589 οὗτος
650 524 824 580 πωλεῖ
844 526 938 581 τὸν
968 526 1147 598 λόγον,
1171 531 1218 583 εἰ
1244 530 1302 583 δὲ
1336 529 1413 601 μὴ
1435 530 1573 600 ἔχων
1597 531 1695 585 τοῦ
1716 531 1816 604 ζῇν

210 614 382 684 χάριν
412 612 681 686 λαμϐάνει
705 617 936 690 τροφὴν,
959 620 1035 683 ὠς
1058 620 1153 674 καὶ
1180 622 1208 674 6
1237 621 1442 692 Κύριος
1462 622 1651 676 ἐλαϐεν
1679 622 1735 677 ἐν
1754 640 1816 677 τε

210 705 454 770 δείπνοις
470 708 564 761 καὶ
582 707 776 778 φίλοις,
805 711 962 765 οὐδὲν
982 711 1142 782 ἔχων,
1162 714 1192 766 6
1212 712 1459 778 εἰσαῦθις
1477 714 1546 767 τά
1573 715 1750 770 πάντα
1769 717 1814 749 ³⁸

209 796 382 867 ἔχων,
409 799 509 870 οὐχ
552 799 878 870 ἁμαρτάνει.
925 802 1259 866 ’Δκολούθως
1296 799 1391 857 οὖν
1433 805 1627 875 τιμᾶτε
1672 822 1811 879 πρε-

211 887 539 961 σϐυτέρους,
553 891 892 963 ωτηχητάς,
913 893 1193 958 διακόνους
1204 896 1528 967 χρησίμους,
1550 898 1727 969 χήρας
1750 895 1810 953 εὖ

208 976 568 1049 βεόιωκυίας,
588 980 860 1052 ὀρφανοὺς
882 982 958 1047 ὡς
989 983 1313 1055 Ἐκκλησίας
1335 986 1520 1040 τέκνα·
1544 986 1681 1041 ἀλλὰ
1719 988 1812 1043 καὶ

206 1070 378 1124 ὁπότε
408 1073 571 1143 χρεία
591 1072 738 1136 τινδς
766 1073 938 1146 πόρου
961 1074 1100 1145 πρός
1118 1092 1173 1129 τι
1191 1075 1239 1109 ⁸⁰
1266 1078 1559 1146 ἀναγκαῖον
1579 1078 1810 1147 γένοιτο,

208 1159 333 1231 ἅμα
359 1161 411 1213 oi
432 1162 639 1226 πάντες
670 1163 1065 1234 συμϐάλλεσθε.
1092 1166 1189 1229 Εἰς
1216 1166 1483 1240 ἀλλήλους
1513 1170 1811 1237 εὐσεὸεἶτε,

210 1250 292 1322 μὴ
322 1251 611 1316 ὀκνοῦντες
644 1253 753 1308 πᾶν
783 1252 963 1309 ὁτιοῦν
988 1256 1131 1330 ὑπὲρ
1167 1257 1271 1330 τῆς
1296 1260 1505 1315 ἑαυτῶν
1536 1262 1813 1336 σωτηρίας

208 1344 536 1416 ὑπομένειν.

283 1521 499 1580 LXXII.
541 1524 653 1579 Kal.
682 1523 859 1582 ταῦτα
887 1526 1056 1582 εἰπὼν
1078 1528 1319 1601 ἐπέθηκε
1352 1533 1511 1604 χεῖρα
1556 1531 1637 1604 τῷ
1668 1534 1812 1589 Ζακ-

202 1616 355 1686 χαίῳ
384 1615 578 1685 λέγων⁹
606 1617 854 1673 Δέσποτα
885 1621 978 1675 καὶ⁸
1011 1621 1185 1695 Κύριε
1224 1621 1333 1676 τῶν
1356 1622 1515 1688 ὅλων,
1556 1626 1585 1679 6
1620 1626 1810 1699 Πατὴρ

202 1709 305 1761 καὶ
331 1707 488 1775 Θεὸς,
533 1709 599 1763 σὺ
634 1709 961 1780 διαφύλαξον
990 1714 1227 1785 ποιμένα
1259 1714 1398 1786 μετὰ
1443 1715 1696 1789 ποίμνης.
1734 1718 1807 1773 Σὺ

201 1800 241 1867 ἡ
274 1798 554 1870 πρόφασις
578 1839 593 1866 ,
627 1802 693 1854 σὺ
723 1803 756 1873 ή
786 1801 1035 1875 δύναμις.
1086 1805 1280 1876 Ἡμεῖς
1314 1804 1375 1858 τὸ
1421 1805 1805 1879 βοηθούμενον,
1837 1794 1881 1850 Β

204 1894 275 1946 σὺ
308 1894 338 1946 6
384 1890 597 1965 βοηθὸς,
624 1892 654 1945 6
684 1893 891 1966 ἰατρὸς,
920 1894 949 1949 6
982 1892 1186 1967 σαπὴρ,
1214 1895 1275 1949 τὸ
1308 1898 1507 1967 τεῖχος,
1538 1898 1572 1968 ἡ
1606 1896 1741 1969 ζωὴ,
1771 1899 1805 1970 ή

203 1983 392 2047 ὲλπὶς,
422 1986 455 2054 ἡ
491 1984 821 2057 καταφυγὴ,
857 1986 890 2056 ὴ
925 1984 1071 2057 χαρὰ
1092 1988 1160 2058 ,ή
1210 1986 1511 2060 προσδοκία
1533 2026 1548 2053 ,
1590 1990 1624 2063 ἡ
1675 1988 1809 2043 ἀνά-

203 2093 444 2138 παυσις*
509 2075 745 2130 συνελὼν
801 2077 939 2150 ὲρῶσ
988 2079 1052 2133 σὺ
1100 2079 1234 2149 ἡμῖν
1291 2077 1362 2132 τὰ
1407 2079 1607 2136 πάντα.
1664 2081 1810 2152 Πρὸς

204 2166 433 2221 αἰώνιον
463 2164 697 2237 ὕπαρξιν
738 2166 1014 2239 σωτηρίας
1048 2166 1403 2239 συνέργησον,
1431 2167 1616 2240 ῥῦσαι,
1640 2169 1812 2239 φύλα-

206 2255 323 2322 ξον.
354 2255 543 2309 Πάντα
584 2255 830 2311 δύνασαι.
866 2256 941 2311 Σὺ
973 2254 1083 2328 γὰρ
1118 2258 1337 2327 Ἄρχων
1366 2256 1673 2327 ἀρχόντων,
1716 2258 1812 2313 καὶ

203 2346 423 2419 Κύριος
453 2347 680 2419 κυρίων,
720 2346 1001 2417 Δεσπότης
1029 2345 1313 2417 βασιλέων,
1340 2347 1412 2401 Σὺ
1442 2343 1532 2411 δὸς
1561 2346 1811 2412 ἐξουσίαν

204 2436 288 2507 τῷ
312 2435 798 2509 προκαθεζομένῳ,
835 2434 984 2490 λύειν
1014 2434 1050 2489 ἃ.
1087 2433 1169 2487 δεῖ
1197 2434 1368 2499 λύειν,
1392 2435 1485 2489 καὶ
1523 2434 1742 2505 δεσμεῖν
1775 2433 1813 2489 ἃ

205 2529 291 2583 δεῖ
308 2530 551 2599 δεσμεῖν.
577 2529 647 2581 Σὺ
669 2527 907 2597 σόφισον·
937 2527 1001 2580 σὺ
1025 2525 1103 2588 ὡς
1127 2526 1192 2578 δι’
1218 2524 1449 2598 ὀργάνου
1474 2524 1519 2556 δι
1551 2524 1618 2579 δι’
1643 2522 1810 2578 αὐτοῦ

206 2623 311 2695 τήν
370 2620 698 2692 Ἐκκλησίαν
740 2619 839 2675 τοῦ
862 2616 1117 2704 ἕριστοῦ
1166 2634 1261 2672 σου
1317 2616 1394 2681 ὡς
1435 2616 1606 2690 καλὴν
1652 2616 1815 2687 119

209 2713 437 2786 νύμφην
489 2710 820 2783 διαφύλαξον
847 2753 862 2767 .
914 2711 1016 2765 Σοῦ
1049 2710 1159 2784 γάρ
1205 2712 1351 2768 ὲστιν
1398 2709 1526 2777 δόξα
1558 2709 1810 2776 αἰώνιος,

210 2806 387 2879 ὕμνος
405 2847 421 2871 ,
456 2805 631 2877 Πατρὶ
653 2803 748 2858 καὶ
776 2802 893 2874 Υίῷ
918 2803 1012 2858 καὶ
1034 2802 1173 2876 ἁγίῳ
1195 2800 1475 2873 Πνεύματι
1496 2800 1563 2867 δ’,
1586 2801 1666 2866 εἰς
1684 2800 1815 2865 τοὺς

212 2898 544 2969 σύμπαντας
565 2896 787 2958 αἰῶνας.
814 2894 1007 2966 Ἀμήν.

283 2988 522 3045 LXXIII.
565 2989 677 3044 Kal.
702 2987 878 3042 ταῦτα
921 2983 1114 3051 εἰπὼν,
1145 2984 1284 3059 μετά
1313 2983 1487 3039 ταῦτα
1507 2984 1631 3055 ἔφη’
1659 2985 1813 3040 Ὅσοι

1920 554 2011 592 mo
2034 539 2320 594 venditur?
2348 538 2545 594 Absit!
2579 539 2712 593 Nam
2745 539 2791 593 si
2828 538 2985 609 quis,
3017 539 3111 609 qui
3157 538 3317 594 habet
3349 540 3493 594 unde

1915 630 2087 695 vivat,
2113 630 2333 701 accipit,
2382 630 2469 685 hic
2511 631 2697 685 vendit
2747 646 3099 686 sermonem:
3148 646 3259 685 non
3304 638 3495 700 peccat

1916 737 2071 788 vero,
2096 722 2141 777 si
2170 737 2281 777 non
2310 722 2521 777 habens
2548 721 2781 792 accipiat
2803 722 2986 777 cibum
3012 722 3079 777 ad
3099 722 3327 788 victum,
3354 721 3495 776 sicut

1915 819 1973 869 et
2016 812 2284 869 Dominus
2331 813 2389 868 in
2420 814 2595 868 caenis
2622 822 2675 868 et
2713 813 2856 883 apud
2894 814 3102 869 amicos
3140 814 3369 884 accepit,
3400 813 3493 882 qui

1915 902 2055 957 nihil
2095 904 2350 967 habebat,
2390 903 2444 957 in
2473 912 2755 973 posterum
2801 912 2981 958 tamen
3029 904 3214 958 omnia
3246 903 3493 973 posside-

1914 993 2016 1048 bit.
2049 992 2456 1049 Couvenienter
2504 993 2672 1064 igitur
2697 992 2962 1047 honorate
3000 991 3369 1062 presbyteros,
3396 1006 3493 1046 ca-

1854 1152 1859 1157 ,
1916 1084 2200 1151 techistas,
2233 1084 2499 1139 diaconos
2541 1084 2740 1151 utiles,
2782 1084 2975 1138 viduas
3021 1091 3169 1138 recte
3213 1083 3492 1149 viventes,

1913 1179 2197 1249 orphanos
2227 1178 2376 1233 velut
2404 1178 2549 1233 ﬁlios
2587 1175 2865 1231 Ecclesiae.
2898 1175 3001 1231 Sed
3037 1185 3091 1230 et
3128 1191 3252 1229 cum
3283 1176 3350 1229 ad
3394 1191 3493 1229 nc-

1914 1269 2218 1324 cessarium
2262 1283 2403 1339 opus
2446 1267 2553 1323 erit
2595 1266 2829 1337 pecunia
2854 1306 2870 1332 ,
2901 1280 3092 1321 omnes
3130 1266 3333 1334 pariter
3360 1280 3495 1320 con-

1913 1359 2071 1416 ferte.
2104 1360 2297 1415 Mutuo
2339 1370 2589 1414 exercete
2633 1359 2925 1429 pietatem,
2957 1372 3059 1412 nec
3084 1358 3264 1428 pigeat
3311 1357 3494 1411 omnia

1911 1466 2015 1523 pro
2044 1452 2222 1506 salute
2250 1461 2431 1506 vestra
2463 1450 2755 1505 sustinere.

1985 1541 2198 1598 LXXII.
2228 1541 2442 1608 Quibus
2470 1542 2652 1606 dictis,
2679 1556 2902 1595 manum
2927 1539 3189 1595 Zacchzeo
3212 1538 3493 1608 imposuit,

1911 1637 2101 1696 dicens
2132 1654 2146 1693 :
2177 1634 2317 1691 Here
2344 1635 2645 1691 acDomine
2673 1634 2941 1698 omnium,
2968 1632 3127 1688 Pater
3160 1647 3212 1687 et
3248 1632 3413 1699 Deus,
3436 1641 3494 1685 tu

1911 1740 2187 1800 pastorem
2222 1746 2347 1787 cum
2370 1744 2532 1799 grege
2557 1728 2791 1783 custodi.
2819 1726 2900 1782 Tu
2925 1742 3113 1794 causa,
3144 1735 3199 1780 tu
3231 1733 3493 1796 potestas.

1909 1822 2022 1880 Nos
2055 1838 2247 1879 sumus
2274 1822 2311 1876 ii
2349 1821 2445 1891 qui
2475 1820 2834 1890 adjuvantur;
2866 1828 2922 1873 tu
2944 1818 3194 1888 adjutor,
3228 1815 3494 1882 medicus,

1908 1922 2177 1982 servator,
2203 1912 2556 1978 murus,vita,
2586 1925 2732 1980 spes,
2762 1908 3056 1980 refugium,
3089 1906 3371 1978 gaudium,
3401 1920 3499 1959 ex-

1910 2007 2194 2079 Spectatio,
2224 2004 2481 2075 requies;
2509 2002 2748 2058 breviter
2787 2001 2991 2067 dicam,
3033 2009 3089 2053 tu
3122 1998 3280 2053 nobis
3312 1996 3497 2051 omnia

1908 2115 1988 2155 es.
2007 2098 2088 2153 Ad
2105 2094 2547 2166 consequendam
2580 2093 2809 2148 salutem
2832 2100 3089 2146 aeternam
3116 2088 3404 2159 cpitularc,
3430 2086 3499 2140 li-

1912 2192 2065 2257 bera,
2095 2189 2329 2245 custodi.
2367 2186 2576 2242 Cuncta
2610 2194 2785 2255 potes.
2838 2182 2919 2237 Tu
2952 2183 3099 2238 enim
3138 2197 3199 2237 es
3229 2179 3495 2247 Princeps

1911 2281 2249 2352 principum,
2288 2289 2342 2333 et
2368 2277 2633 2332 Dominus
2672 2274 3047 2337 dominorum,
3070 2270 3247 2326 Herus
3283 2283 3494 2339 regum.

1915 2372 1998 2427 Tu
2041 2370 2273 2426 antistiti
2320 2369 2389 2423 da
2425 2376 2748 2439 potestatem
2810 2364 3059 2421 solvendi
3104 2378 3226 2432 quae
3281 2369 3497 2431 oportet

1915 2462 2124 2518 solvere
2162 2471 2216 2515 et
2250 2459 2455 2529 ligandi
2478 2473 2602 2529 quae
2631 2458 2798 2528 ligare
2834 2464 3067 2527 oportet.
3101 2452 3183 2509 Tu
3212 2453 3364 2508 doce.
3412 2450 3495 2506 Tu

1915 2570 2011 2625 per
2068 2568 2194 2608 eum
2240 2564 2501 2620 tauquam
2553 2564 2649 2618 per
2710 2549 3138 2602 instrumentum
3192 2542 3496 2598 Ecclesiam

1915 2643 2121 2701 Christi
2159 2641 2237 2696 tui
2274 2641 2424 2695 velut
2465 2638 2749 2709 pulchram
2789 2652 3053 2707 sponsam
3097 2643 3298 2691 tutare.
3329 2634 3410 2689 Ad
3446 2644 3499 2688 te

1915 2734 2062 2793 enin
2097 2732 2332 2804 pertinet
2356 2739 2559 2786 aeterna
2609 2728 2808 2799 gloria,
2838 2729 2980 2795 laus,
3006 2726 3157 2781 Patri
3189 2733 3245 2781 et
3275 2725 3416 2780 Filio
3444 2733 3499 2779 et

1918 2826 2150 2899 Spiritui
2177 2832 2396 2891 sancto,
2434 2823 2491 2878 in
2523 2823 2709 2879 omnia
2739 2820 2960 2877 saecula.
2996 2818 3193 2874 Amen.

1989 2964 2223 3022 LXXIII.
2264 2964 2399 3033 Quae
2448 2978 2571 3021 cum
2604 2963 2870 3031 dixisset,
2909 2971 3097 3033 postea
3153 2960 3271 3019 inﬁt
3310 2978 3323 3017 :
3365 2958 3499 3029 Qui-

213 3079 351 3133 ποτὲ
387 3077 755 3149 βαπτισθῆναι
792 3075 997 3141 θέλετε,
1041 3052 1158 3130 ἀπὸ.
1174 3075 1276 3146 τῆς
1304 3074 1494 3148 αὔριον
1531 3052 1812 3144 νηστεύειν

1918 3072 2137 3128 cunque
2189 3055 2458 3126 baptizari
2497 3054 2695 3121 vultis,
2739 3068 2808 3109 ex
2838 3053 3080 3110 crastino
3118 3053 3208 3109 die
3244 3052 3500 3122 jejunare

210 3140 457 3242 ἄρξασθε
482 3209 497 3236 ,
528 3170 626 3224 καὶ
649 3140 992 3241 ’καθημέραν
1014 3166 1059 3199 ⁸³
1082 3140 1482 3240 χειρο-θετεῖσθε
1502 3206 1517 3232 ,
1561 3140 1656 3220 καὶ
1684 3183 1751 3219 πε
1761 3165 1812 3237 ρὶ

1918 3148 2165 3219 incipite,
2184 3156 2238 3203 et
2266 3145 2498 3218 singulis
2526 3143 2722 3201 diebus
2742 3158 2940 3201 manus
2973 3144 3378 3215 impositionem
3406 3158 3500 3197 ac-

210 3255 289 3316 ὧν
335 3261 519 3317 θέλετε
562 3261 918 3317 πυνθάνεσθε.
950 3263 1074 3317 Ἔτι
1115 3259 1226 3333 γὰρ
1251 3259 1477 3331 ἡμερῶν
1515 3258 1648 3313 δέκα
1683 3260 1812 3331 ὑμῖν

213 3356 499 3426 ἐπιμεῖναι
547 3354 705 3408 θέλω.
751 3353 908 3407 Μετὰ
952 3353 1010 3408 δὲ
1059 3354 1210 3424 τρεῖς
1256 3351 1474 3423 ἡμέρας
1528 3349 1813 3422 βαπτίζειν

211 3444 546 3516 ἀρξάμενος,
571 3445 671 3515 ἐμὲ
696 3444 955 3515 φωνήσας
984 3442 1080 3496 καὶ
1112 3441 1343 3497 Ἀκύλαν
1376 3443 1472 3497 καὶ
1502 3442 1747 3514 Νικήτην
1767 3439 1815 3474 ⁸⁸

214 3533 343 3605 ἔφη·
386 3532 612 3588 Μέλλων
652 3533 745 3587 ἐπὶ
789 3534 889 3605 τὴν
928 3531 1105 3604 Τύρον
1144 3532 1323 3604 ὁρμᾷν
1376 3531 1496 3602 μεθ’
1523 3530 1571 3563 ⁸³
1602 3530 1816 3603 ἡμέρας

213 3623 360 3678 ἑπτά
398 3622 656 3695 βούλομαι
687 3622 921 3695 ἐξαυτῆς
951 3624 1097 3695 ὑμᾶς
1135 3622 1469 3686 ἀπελθόντας
1490 3662 1505 3688 ,
1559 3621 1713 3694 παρὰ
1740 3623 1810 3692 τῇ

212 3714 568 3768 Χαναανίτιδι
586 3714 634 3747 ⁸⁸
662 3714 896 3787 Βερνίκῃ
923 3714 1036 3787 (80)
1072 3714 1312 3785 Ἰούστης
1342 3714 1576 3786 θυγατρὶ
1614 3712 1813 3766 λανθα-

212 3806 420 3870 νόντως
469 3806 900 3872 ὲπιξενωθέντας
923 3846 937 3873 ,
997 3808 1130 3878 παρ’
1174 3806 1349 3877 αὐτῆς
1409 3805 1480 3861 τὰ
1536 3805 1681 3860 κατὰ
1723 3804 1816 3861 τὸν

214 3898 442 3968 Σίμωνα
480 3896 725 3969 ἀκριϐῶς
757 3898 1026 3969 μαθόντας
1046 3900 1090 3931 ’⁵⁷
1121 3897 1331 3973 γράψαι
1366 3916 1476 3970 μοι.
1524 3897 1668 3952 Πολὺ
1706 3899 1816 3970 γάρ

218 4006 311 4060 μοι
341 3987 729 4059 συμϐάλλεται,
760 3990 849 4044 ἴνα
879 3991 1017 4062 πρὸς
1052 3989 1186 4043 αὐτὸ
1227 3990 1573 4062 ἁρμόσωμαι.
1611 3989 1702 4053 Διὸ
1727 3988 1815 4053 ἐξ-

214 4081 391 4150 αυτῆς
425 4080 724 4149 πορεύεσθε
756 4084 871 4151 μετ’
903 4082 1148 4153 εἰρήνης.
1182 4082 1294 4134 Καὶ
1322 4080 1386 4153 δὴ
1405 4081 1453 4114 δ’
1485 4080 1817 4150 βαπτίζοντα

215 4172 383 4226 αὑτὸν
414 4171 677 4235 ἐάσαντες
700 4212 714 4236 ,
744 4171 929 4236 καθὼς
969 4172 1253 4227 ἐκέλευσεν
1277 4212 1293 4241 ,
1321 4174 1403 4238 εἰς
1444 4171 1620 4245 Τύρον
1655 4170 1817 4225 αὑτὸν

216 4261 545 4335 προήξαμεν
570 4263 674 4335 τῆς
700 4262 976 4335 Φοινίκης.

838 4445 1100 4505 ὋΜΙΛΙΑ
1135 4448 1208 4500 Δ’.

1917 3242 2100 3312 cipite,
2138 3255 2203 3295 ac
2250 3239 2587 3309 interrogate
2613 3237 2681 3293 de
2718 3237 2922 3307 quibus
2964 3238 3273 3291 volueritis.
3307 3233 3500 3288 Adhuc

1915 3333 2062 3388 enim
2087 3332 2275 3387 decem
2306 3331 2425 3387 dies
2465 3332 2593 3385 volo
2617 3331 2900 3385 vobiscum
2941 3344 3181 3383 manere.
3218 3326 3352 3382 Post
3387 3336 3498 3381 tres

1917 3431 2101 3477 autem
2135 3424 2274 3485 dies,
2310 3437 2434 3476 cum
2465 3419 2746 3489 baptizare
2772 3419 3050 3488 ccepisset,
3081 3417 3299 3471 vocavit
3330 3432 3417 3470 me
3443 3424 3499 3471 et

1916 3513 2174 3584 Aquilam
2205 3521 2260 3567 et
2286 3510 2554 3575 Nicetam,
2589 3517 2643 3563 et
2674 3508 2814 3563 dixit
2847 3526 2861 3561 :
2898 3505 3104 3576 Tyrum
3148 3504 3500 3575 profecturus

1916 3614 2045 3675 post
2093 3613 2299 3675 septem
2351 3604 2471 3658 dies
2501 3602 2626 3655 volo
2650 3618 2747 3655 vos
2788 3600 2975 3655 statim
3020 3597 3208 3660 abire,
3253 3604 3309 3651 et
3354 3597 3498 3665 apud

1916 3697 2285 3753 Cliananzeam
2316 3695 2612 3750 Berenicen
2652 3692 2820 3749 Iusta:
2844 3692 3009 3746 tiliam
3034 3691 3173 3746 clam
3201 3688 3493 3759 hospitari,

1919 3801 2084 3860 atque
2121 3790 2414 3859 diligenter
2459 3801 2583 3841 eam
2631 3783 3125 3855 percontatosmihi
3157 3782 3500 3852 perscribere

1918 3899 2041 3953 qua:
2070 3881 2137 3935 ad
2172 3881 2453 3934 Simonem
2491 3878 2864 3946 pertinebunt.
2912 3874 3143 3930 Multum
3186 3872 3335 3928 enim
3371 3885 3500 3941 pro-

1918 3975 2062 4029 derit
2111 3972 2269 4037 mihi,
2308 3979 2367 4024 ut
2412 3968 2478 4024 ad
2533 3969 2586 4022 id
2648 3984 2736 4024 me
2785 3982 3109 4039 praeparem.
3159 3964 3503 4034 Quapropter

1913 4065 2142 4137 jamjam
2178 4079 2303 4119 cum
2354 4075 2487 4131 pace
2518 4061 2747 4130 pergite.
2792 4058 2960 4129 Igitur
3008 4056 3324 4111 deserentes
3371 4067 3495 4106 eum

1919 4159 2287 4228 haptizantem
2308 4196 2324 4222 ,
2358 4151 2824 4226 quemadmodum
2871 4150 3116 4220 jusserat
3139 4188 3153 4213 ,
3210 4146 3264 4199 in
3294 4143 3497 4215 Tyrum

1920 4249 2218 4305 thniciaa
2238 4248 2623 4319 praecessimus
2650 4259 2799 4299 eum.

2502 4427 2789 4485 IIOMILIA
2828 4425 2914 4482 IV.

290 4532 335 4589 Ι.
375 4501 720 4608 Καισαρείας
750 4537 807 4591 δὲ
838 4538 942 4607 τῆς
980 4490 1298 4609 Στράτωνος
1325 4536 1484 4605 ἐξιὼν
1525 4537 1637 4607 ἐγὼ
1669 4537 1812 4609 Κλή-

1997 4528 2037 4585 1.
2080 4529 2329 4585 Caesarea
2355 4541 2486 4595 ergo
2517 4522 2795 4579 Stratonis
2824 4533 3077 4589 egressus
3117 4532 3216 4586 ego
3245 4512 3500 4568 Clemens

222 4642 356 4695 μης,
387 4624 506 4697 ἅμα
534 4605 785 4699 Νικήτης
807 4644 868 4680 τε
899 4605 945 4658 λ’
1111 4627 1361 4693 Ἀκύλας,
1392 4630 1473 4692 εἰς
1512 4605 1689 4700 Τύρον
1719 4605 1812 4698 τῆς

1925 4623 2203 4693 simulque
2242 4618 2464 4674 Nicetas
2511 4625 2565 4670 et
2592 4614 2788 4683 Aquila
2846 4612 2900 4664 in
2951 4608 3154 4681 Tyrum
3205 4605 3502 4661 Phoenicia:

218 4718 480 4790 Φοινίκης
503 4718 834 4785 εἰσέϐαλλον,
863 4720 960 4773 καὶ
995 4722 1118 4774 κατ’
1152 4719 1371 4792 ἐντολὴν
1407 4720 1567 4790 120
1608 4720 1819 4791 Πέτρου

218 4804 321 4860 τοῦ
359 4807 783 4873 ἀποστείλαντος
804 4810 979 4880 ἡμᾶς,
1010 4808 1364 4882 ὲξενίσθημεν
1396 4809 1550 4883 παρὰ
1584 4810 1820 4883 Βερνίκῃ

299 4951 328 4981 ι
361 4938 504 4997 Luc.
533 4957 590 5009 ι,
617 4941 676 5000 7.

1922 4716 2275 4779 intravimus,
2307 4719 2361 4767 et
2382 4712 2541 4782 juxta
2572 4706 2720 4762 Petri
2752 4704 3073 4759 mandatum
3095 4740 3111 4767 ,
3142 4699 3236 4770 qui
3272 4701 3500 4753 miserat

1925 4825 2051 4877 nos,
2085 4804 2349 4878 hospitali
2379 4818 2573 4860 sumus
2613 4799 2757 4872 apud
2784 4798 3084 4854 Berenicen
3108 4835 3124 4861 ,
3149 4792 3320 4848 Justae
3348 4790 3498 4847 Cha-

1508 5036 1749 5093 VARIIE
1776 5027 2187 5092 LECTIONES.

299 5150 516 5205 κλάδοι
552 5150 613 5207 C.
692 5153 739 5185 ³⁹
761 5144 842 5218 εἷς
872 5149 1027 5221 αὖθις
1061 5157 1240 5210 πάντα
1271 5155 1333 5211 C.
1409 5154 1455 5187 ⁵⁸
1473 5172 1523 5208 τι
1554 5154 1735 5209 addidi
1769 5170 1820 5209 c.
1846 5152 1912 5207 0.
1989 5151 2035 5183 ⁸¹
2060 5149 2198 5221 Vbb.
2226 5148 2292 5201 δι’
2318 5142 2578 5221 ,ὀλρᾈάνουρ
2614 5154 2736 5221 qua?
2770 5135 2911 5221 [9,319
2937 5133 3496 5221 ex?“,‘¢§§'_",2_‘f’f£“

226 5220 708 5297 Schvilegleriano,
747 5226 963 5297 reposui
1100 5226 1162 5282 Ο.
1190 5226 1247 5279 In
1275 5226 1467 5281 eodem
1496 5241 1611 5297 seq.
1650 5225 1908 5297 mendum
1932 5222 1998 5297 δι’
2038 5219 2209 5297 αύτῷε
2315 5219 2370 5297 δ’,
2401 5219 2627 5297 [ξατρὸξῐη
2646 5219 2769 5297 καιὶΑ
2782 5219 2904 5297 ξιου
2937 5219 3291 5297 κῇι-ᾖςζιοξΛ

1697 5266 1993 5349 ixi-Ed."
2038 5266 2477 5342 *λίψὶξανανίτιδι
2523 5266 2535 5283 ³
2586 5266 2627 5312 ίτ
2665 5278 2933 5350 μαθόντας
2966 5266 3135 5350 textui
3172 5269 3294 5350 dedi
3326 5266 3496 5350 εξρ.

803 5337 1453 5441 ἅμα
1487 5337 1584 5419 ἷιὲιι
1625 5337 2273 5437 Ἀκύλῖεἰςνῖύροντῆνς
2290 5337 2541 5425 λίνοίινίκης
2572 5337 2943 5422 ἐπορευόμεθα
2996 5343 3131 5399 Cod.
3182 5339 3313 5409 Reg.
3371 5337 3503 5394 804.

223 5309 338 5355 τος.
367 5291 435 5347 Ο.

223 5309 338 5403 ἰός.
367 5293 435 5347 Ο.
512 5294 558 5325 ⁸³
589 5293 712 5347 καθ’
744 5294 958 5420 ἡίμέραν
989 5296 1054 5352 C.
1130 5297 1177 5329 “
1207 5298 1255 5349 Ν
1262 5298 1455 5439 ικήῖταν
1482 5295 1546 5350 0.

303 5362 388 5427 δίς
420 5362 486 5419 0-
562 5364 609 5396 ⁵⁸
640 5382 702 5417 τε
734 5380 765 5419 ιι
803 5365 859 5420 d.
894 5384 945 5424 c.
969 5366 1035 5438 Ο,
1070 5369 1190 5439 ἅμα
1219 5369 1327 5422 Νικ
1367 5382 1436 5439 τῃ
1488 5384 1546 5419 κο

303 5362 388 5427 δίς
420 5362 486 5419 0.

562 5364 609 5396 ⁵³
640 5380 765 5419 τευ

2315 5196 2377 5248 ’δῖ
2401 5196 2904 5283 Πατρόςίκαίᾼᾙίοῦ
2937 5204 3030 5257 καὶ
3061 5202 3214 5283 ἁγίου
3248 5196 3500 5283 ῃνεύμα-

1544 5495 1915 5553 VARIORUM
1950 5493 2185 5551 ΝΟΤᾸΞ.

307 5641 424 5714 (80)
455 5641 738 5714 Βερνίκῃ.
759 5642 906 5697 Idem
934 5656 1137 5697 nomen
1168 5638 1427 5695 Bernices
1459 5635 1816 5714 seu__Bereni-

224 5708 349 5778 eos,
403 5708 623 5785 mulieri
660 5708 1064 5785 Ῠαὶμοῤῥοούσῃ,
1098 5726 1265 5785 quam
1294 5709 1510 5785 sanavit
1527 5708 1813 5785 Christus,

231 5784 500 5842 tribuitur
531 5783 601 5840 ab
624 5778 1062 5841 alio't'ah'ulatore
1090 5778 1302 5839 Joanne
1323 5780 1670 5838 Antiocheno
1694 5778 1809 5835 Ma-

1923 5636 2051 5763 lalta,
2086 5633 2229 5761 οιὲιά
2268 5633 2671 5692 Damascenum
2701 5636 2841 5686 orat.
2874 5626 2931 5693 5,
2963 5638 3066 5698 pro
3105 5617 3278 5679 sacris
3305 5612 3500 5690 imagio

1923 5724 1978 5763 ιιι
2022 5722 2105 5763 us.
2181 5720 2273 5762 οτ.

1922 5720 2105 5764 "IDUS.
2135 5720 2273 5762 UOT.
