3894 6208
425 295 529 354 159

1281 296 1341 354 S.
1381 296 1775 355 CLEMENTIS
1811 298 1831 353 l
1866 298 2033 356 ROM.
2072 299 2274 357 PONT.
2311 300 2541 358 OPERA
2576 300 2802 359 DUBIA.

3604 306 3717 365 ωε

423 425 631 469 uanam
655 410 987 483 ﬁliam,qu:e
1009 409 1391 469 lubentissime
1412 430 1513 470 nos
1543 416 1817 487 suscepit;
1844 425 2007 487 atque

2112 414 2340 488 θυγατρὶ
2349 415 2449 486 τῆς
2460 416 2848 481 Χαναανίτιδος
2859 415 2907 450 ⁸⁸
2922 414 3022 470 Ἰού
3029 432 3179 487 στηςο
3193 414 3315 488 ἥτις
3328 417 3711 489 ἀσμενέστατα

424 506 601 561 multo
631 521 761 577 erga
793 521 882 562 me
918 506 1131 563 honore
1173 514 1229 564 et
1258 505 1553 564 dilectione
1581 524 1710 581 erga
1753 509 2010 581 Aquilam

421 609 479 657 et
527 598 776 656 Nicetam
811 609 1165 667 concertaus,
1221 609 1281 657 ut
1328 601 1620 659 familiaris
1659 603 1905 673 gaudens
1945 620 2012 662 ac

422 693 739 761 confidens,
794 710 995 765 magna
1031 710 1135 751 nos
1186 694 1535 749 humanitate
1581 706 1874 766 prosecuta
1904 706 2008 765 est,

424 798 638 855 nosque
668 784 737 840 ad
768 800 971 854 corpus
1012 784 1320 840 curandum
1349 785 1580 840 comiter
1624 785 1892 842 incitavit.
1921 785 2011 842 In-

423 876 595 932 tuitus
630 892 782 947 ergo,
811 877 957 947 quod
1010 876 1323 932 hortaretur
1369 886 1429 933 ut
1463 876 1772 934 faceremus
1817 880 2010 937 breves

423 969 695 1036 inducias,
716 966 896 1036 Recte,
928 968 1175 1041 inquam,
1215 970 1357 1041 agis,
1395 971 1526 1027 dum
1568 972 1855 1028 charitatis
1901 972 2009 1027 im-

419 1063 569 1131 plere
596 1062 783 1116 munia
817 1062 1069 1119 festinas.
1108 1064 1178 1119 At
1220 1063 1325 1134 ipsi
1359 1064 1605 1134 praeferri
1636 1064 1799 1120 debet
1845 1065 2010 1122 timor

419 1167 549 1222 erga
580 1150 749 1207 Deum
776 1162 1025 1219 nostrum
1050 1172 1065 1222 ;
1090 1170 1348 1210 veremur
1369 1156 1539 1222 enim,
1563 1157 1657 1227 qui
1690 1173 1791 1228 pro
1822 1157 2009 1213 multis

419 1245 713 1300 animabus
742 1247 1154 1314 contendimus,
1197 1248 1596 1307 recreationem
1629 1260 1873 1308 nostram
1904 1267 2007 1307 an-

418 1347 680 1407 teponere
718 1354 911 1394 earum
945 1340 1134 1397 saluti.

489 1428 556 1486 ll.
595 1430 868 1487 Audimus
895 1432 1044 1487 enim
1088 1432 1237 1503 quod
1272 1430 1465 1491 Simon
1496 1434 1709 1508 Magus,
1739 1438 1793 1492 in
1818 1437 2007 1509 dispu-

418 1522 626 1577 tatione
663 1538 830 1593 quam
882 1538 1007 1579 cum
1061 1522 1288 1581 domino
1322 1535 1515 1583 nostro
1551 1526 1714 1585 Petro
1744 1528 2009 1586 Casarem

418 1615 613 1671 habuit
640 1625 933 1687 superatus
962 1657 977 1684 ,
1019 1616 1317 1689 statimque
1345 1618 1670 1693 aufugiens,
1710 1622 1802 1677 hic
1832 1622 2007 1677 multa

416 1717 695 1779 perpetrat
723 1710 887 1765 mala.
912 1711 1069 1782 Apud
1096 1728 1293 1770 omnes
1330 1714 1481 1770 enim
1539 1713 1646 1771 sibi
1669 1715 1861 1772 obvios
1906 1715 2007 1771 Pe-

416 1813 563 1856 trum
604 1801 743 1858 falso
777 1805 1148 1870 calumniatus,
1188 1806 1489 1862 multorum
1536 1808 1740 1879 abripit
1765 1808 2000 1864 animas.

416 1890 554 1947 Nam
595 1909 721 1950 cum
763 1895 880 1965 ipse
917 1897 990 1952 sit
1027 1913 1258 1969 magus,
1290 1914 1417 1954 cum
1456 1915 1679 1970 magum
1724 1901 1999 1971 appellat:

416 1993 473 2040 et
509 2001 635 2041 cum
664 1988 736 2042 sit
760 1988 1065 2058 impostor,
1098 1991 1459 2061 impostorem
1489 2007 1617 2047 eum
1657 1993 2001 2063 proclamat;

417 2092 656 2148 cumque
688 2078 743 2133 iu
775 2079 1148 2151 disputatione
1182 2097 1283 2153 per
1323 2083 1511 2139 omnia
1558 2084 1737 2142 victus
1774 2086 2006 2142 cesserit

415 2183 483 2224 ac
517 2166 761 2241 fugerit,
820 2173 1026 2232 vicisse
1074 2190 1135 2230 se
1193 2174 1525 2245 profitetur;
1581 2178 2004 2249 frequenterque

414 2263 663 2333 pramipit
684 2261 908 2320 Petrum
953 2280 1063 2322 non
1090 2281 1212 2323 esse
1253 2270 1612 2338 audiendum,
1645 2272 1807 2341 quasi
1852 2271 2006 2328 vide-

416 2353 547 2410 licet
569 2354 863 2426 sollicitus,
891 2373 960 2414 ne
985 2373 1014 2413 a
1053 2360 1295 2430 pessimo
1320 2361 1625 2420 illudantur
1656 2379 1837 2436 mago.

488 2536 581 2597 Ill.
622 2534 749 2595 Haec
776 2539 1055 2611 accipiens
1092 2540 1354 2597 dominus
1403 2550 1594 2598 noster
1633 2540 1829 2600 Petrus
1859 2558 2002 2615 pra:-

414 2628 567 2685 misit
594 2644 695 2684 nos
733 2628 951 2685 futuros
980 2631 1279 2687 verborum
1312 2631 1458 2687 illius
1495 2622 1909 2702 exploratores:
1945 2642 2005 2689 ut

415 2722 462 2777 si
496 2721 571 2776 ita
601 2721 820 2788 habeat,
851 2723 969 2793 ipse
996 2723 1366 2779 scribentibus
1396 2724 1555 2780 nobis
1592 2724 1907 2795 edoceatur,
1948 2736 2005 2783 et

417 2813 716 2871 adveniens
766 2825 962 2887 arguat
985 2817 1245 2872 eumdem
1288 2817 1543 2873 cominus
1596 2818 1666 2875 de
1709 2818 2003 2875 calumniis

413 2920 545 2976 erga
578 2920 657 2961 se.
707 2905 940 2973 Quando
980 2906 1149 2978 igitur
1194 2923 1295 2979 pro
1347 2908 1650 2965 multorum
1705 2909 2002 2965 animabus

414 2996 721 3067 periculum
750 2997 910 3054 nobis
935 2998 1178 3069 adjacet,
1213 3000 1371 3066 ideo,
1414 3002 1666 3072 corporis
1698 3003 1874 3058 nostri
1916 3018 2004 3059 re-

416 3087 653 3144 fectione
691 3090 760 3144 ad
796 3090 961 3146 breve
997 3098 1212 3163 tempus
1264 3093 1534 3164 neglecta,
1582 3110 1613 3149 a
1664 3103 1717 3150 te
1746 3110 1868 3165 quae
1911 3095 2001 3152 hic

414 3178 568 3247 degis
592 3187 744 3234 certo
774 3179 917 3236 scire
941 3181 1222 3249 volumus,
1246 3197 1317 3237 an
1342 3198 1470 3239 vera
1513 3184 1626 3240 sint
1675 3202 1798 3257 qua:
1842 3188 2001 3243 audi-

414 3270 599 3329 vimus
628 3290 642 3326 :
672 3271 903 3345 jamque
934 3274 1098 3331 nobis
1130 3274 1348 3348 singula
1377 3277 1641 3335 edissere.

488 3472 577 3531 IV.
621 3474 883 3534 Berenice
908 3492 1039 3535 vero
1070 3486 1259 3551 rogata
1300 3483 1462 3541 :Haec
1487 3480 1736 3552 quidem,
1800 3484 2002 3556 inquit,

415 3581 483 3621 eo
519 3568 683 3623 modo
713 3584 773 3625 se
816 3570 1039 3641 habent,
1088 3588 1200 3643 quo
1243 3572 1579 3630 audivistis:
1626 3587 1822 3633 caetera
1868 3593 2002 3636 vero

416 3659 665 3731 ejusdem
720 3662 988 3731 Simonis,
1053 3682 1177 3737 quae
1227 3666 1371 3723 forte
1414 3668 1701 3739 ignoratis,
1757 3670 1939 3726 audite
1984 3691 1998 3727 :

415 3756 798 3826 phantasmata
830 3757 981 3815 enim
1007 3766 1064 3817 et
1087 3769 1303 3829 spectra
1329 3775 1396 3816 ac
1420 3760 1717 3818 simulacra
1740 3761 1795 3818 in
1822 3762 2003 3820 medio

417 3848 539 3905 foro
573 3851 818 3921 quotidie
845 3853 1142 3909 ostendens
1185 3862 1357 3910 totam
1400 3853 1767 3926 obstupefacit
1810 3856 2005 3912 civita-

415 3950 524 3996 tem
560 3960 574 3996 :
613 3952 668 3998 et
707 3945 1036 4013 procedente
1062 3961 1129 4002 eo
1158 3955 1352 4003 statua:
1380 3956 1692 4017 moventur,
1721 3964 1788 4004 ac
1817 3950 2004 4007 multa:

417 4036 627 4091 umbra:
670 4046 935 4107 praeeunt,
976 4054 1117 4111 quas
1151 4041 1302 4112 ipsas
1337 4040 1473 4098 dicit
1510 4057 1633 4098 esse
1662 4042 1877 4100 animas
1898 4042 2011 4100 de-p

417 4127 752 4186 functorum.
785 4130 986 4189 Multos
1021 4143 1229 4200 autem,
1258 4135 1354 4207 qui
1386 4150 1513 4191 eum
1544 4135 2000 4207 praestigiatorem

415 4221 735 4279 nitebantur
788 4225 1099 4293 ostendere,
1143 4243 1270 4283 cum
1315 4227 1424 4284 sibi
1461 4228 1831 4297 conciliasset,
1882 4238 1999 4295 tum

414 4322 624 4384 postea,
656 4326 923 4387 praetextu
964 4319 1228 4387 convivii,
1276 4330 1516 4379 mactato
1566 4322 1705 4381 bove
1753 4324 2001 4397 ipsisque

2115 507 2262 579 ἡμᾶς
2285 508 2606 574 ἀπεδέξατο,
2630 510 2724 563 και
2740 508 2908 581 πολλῇ
2940 510 3038 580 μὲν
3059 512 3127 581 τῇ
3155 508 3290 582 πρὸς
3314 510 3383 580 μὲ
3404 514 3537 582 τιμῇ
3558 512 3714 579 ἀγω-

2112 599 2304 665 νιῶσα,
2327 604 2529 673 στοργῇ
2544 601 2676 673 eam
2692 602 2831 673 πρὸς
2846 601 3078 655 Ἀκύλαν
3092 603 3187 655 καὶ
3200 602 3468 673 Νικήτην,
3492 603 3581 657 διὰ
3608 622 3714 675 χα-

2116 691 2216 764 ράν
2242 692 2319 756 ὡς
2361 693 2601 765 συνήθης
2628 693 3123 766 παρρησιαζομένη
3159 692 3589 764 ἐφιλοφρονεῖτο,
3612 696 3716 751 καὶ

2112 784 2253 857 πρὸς
2272 785 2375 856 τὴν
2420 785 2521 839 τοῦ
2565 784 2820 856 σώματος
2840 785 3140 857 θεραπείαν
3158 787 3307 857 ἡμᾶς
3326 787 3591 851 δεκτικῶς
3608 805 3715 841 κα-

2109 878 2393 949 τήπειγεν.
2438 876 2672 931 Συνιδὼν
2700 874 2793 931 οὖν
2818 879 2901 932 ὅτι
2945 878 3203 950 βραχεῖαν
3234 881 3366 950 ήμῖν
3413 880 3712 952 ὑπέρθεσιν

2111 969 2382 1023 ποιεῖσθαι
2404 968 2730 1042 ἐπέτρεπεν,
2744 968 2921 1041 ὀρθῶς
2946 969 3226 1041 μὲν,έφην,
3241 972 3435 1034 ποιεῖς,
3451 969 3715 1023 ἐπισπεύ-

2110 1061 2278 1115 δουσα
2304 1060 2377 1114 τά
2414 1062 2515 1133 τῆς
2554 1061 2777 1132 ἀγάπης
2807 1061 3205 1133 ἀποπληρῶσαι
3227 1062 3273 1092 ⁸¹
3308 1062 3469 1134 μέρη.
3503 1062 3709 1132 Προτι-

2114 1154 2314 1225 μητέος
2340 1153 2397 1207 δὲ
2427 1154 2634 1225 ταύτης
2657 1154 2686 1206 δ
2721 1153 2862 1226 πρὸς
2889 1154 2981 1207 τὸν
3012 1154 3146 1207 Θεὸν
3172 1153 3331 1224 ήμῶν
3358 1153 3540 1222 φόϐος·
3565 1154 3711 1209 δέδι-

2112 1263 2213 1317 μεν
2226 1247 2271 1278 ⁸¹
2292 1246 2401 1319 γάρ
2424 1246 2567 1319 ὑπὲρ
2596 1246 2805 1301 πολλῶν
2835 1246 3024 1317 ψυχῶν
3049 1246 3139 1300 τὸν
3166 1246 3355 1314 ἀγῶνα
3375 1245 3588 1317 ἔχοντες
3602 1246 3709 1316 τῆς

2109 1336 2335 1391 ἐκείνων
2355 1337 2630 1409 σωτηρίας
2661 1337 2935 1409 προτιμᾷν
2954 1337 3051 1410 τὴν
3079 1339 3354 1411 ἡμετέραν
3372 1340 3702 1395 ἀνάπαυσιν.

2182 1428 2244 1484 ll.
2287 1428 2676 1501 Πυνθανόμεθα
2707 1430 2753 1461 ⁵⁸
2784 1430 2893 1503 γάρ
2937 1430 3020 1486 ὅτι
3052 1431 3235 1501 Σίμων
3279 1433 3307 1485 ὁ
3339 1430 3529 1500 Μάγος
3551 1470 3566 1495 ,
3608 1432 3706 1484 ἐπὶ

2107 1521 2209 1593 τῆς
2236 1524 2293 1575 ἐν
2327 1521 2637 1595 Καισαρείᾳ
2669 1522 2807 1595 πρὸς
2830 1522 2921 1577 τὸν
2955 1522 3143 1595 κύριον
3171 1524 3330 1595 ήμῶν
3368 1522 3574 1593 Πέτρον
3605 1524 3707 1595 ζη-

2106 1615 2173 1686 τή
2183 1632 2319 1678 σεως
2338 1615 2618 1686 ἡττηθεὶς,
2644 1614 2987 1686 παραχρῆμα
3008 1614 3254 1687 ἀποδράς
3276 1617 3508 1671 ἐνταῦθα
3531 1618 3704 1671 πολλά

2110 1707 2259 1760 κακά
2306 1707 2792 1779 διαπράσσεταιυι.
2843 1708 2987 1761 Πᾶσι
3039 1706 3149 1778 γάρ
3194 1711 3310 1772 τοῖς
3362 1710 3705 1774 ὑπεναντίοις

2037 1774 2080 1834 Β
2110 1799 2264 1889 παὶρά
2320 1774 2729 1872 τήνῑάλήθειαν
2776 1799 3034 1871 λοιδορῶν
3056 1774 3160 1854 ντδν
3199 1801 3407 1871 Πέτρον
3454 1802 3553 1865 τάς
3591 1803 3703 1855 τῶν

2108 1892 2321 1947 πολλῶν
2374 1892 2712 1964 συναρπάζει
2761 1892 2958 1963 ψυχάς.
3012 1892 3202 1961 Μάγος
3234 1909 3294 1945 τε
3319 1893 3364 1926 ⁵⁵
3404 1892 3512 1965 γάρ
3538 1893 3704 1957 αὐτὸς

2105 1984 2203 2051 ῶν,
2221 1986 2395 2057 μάγον
2420 1987 2627 2041 ἐκεῖνον
2670 1986 2970 2052 ἀποκαλεῖ,
3011 1987 3105 2041 καὶ
3137 1986 3340 2050 πλάνος
3393 1986 3555 2051 αὑτὸς
3596 1986 3696 2053 ὢν,

2108 2079 2309 2136 πλάνον
2342 2082 2550 2136 ἐκεῖνον
2591 2080 2995 2154 ἀποκηρύσσει,
3027 2083 3121 2136 καὶ
3167 2083 3226 2136 ἐν
3252 2086 3374 2146 ταῖς
3411 2081 3702 2154 ζητήσεσιν

2107 2173 2202 2227 ἐπὶ
2254 2171 2473 2228 πάντων
2526 2172 2590 2227 τὸ
2650 2166 2813 2245 ἦττον
2873 2173 3318 2245 ἀπενεγκάμενος
3371 2174 3464 2227 καὶ
3511 2172 3698 2243 φυγὼν

2107 2264 2271 2329 αὑτὸς
2306 2265 2505 2336 φάσκει
2532 2265 2879 2336 νενικηκέναι
2899 2266 2969 2332 ⁸⁸,
2999 2267 3094 2320 καὶ
3114 2264 3210 2320 τοῦ
3242 2266 3452 2337 Πέτρου
3483 2265 3557 2336 μὴ
3586 2264 3699 2319 δεῖν

2107 2354 2326 2411 ἀκούειν
2359 2356 2691 2428 πυκνότερον
2718 2356 3044 2422 ἐντέλλεται,
3067 2356 3145 2421 ὡς
3180 2356 3342 2426 δῆθεν
3379 2356 3697 2427 κηδόμενος,

2108 2447 2196 2501 ῐνα
2227 2446 2303 2520 μὴ
2334 2448 2440 2502 ὑπὸ
2468 2446 2645 2502 δεινοῦ
2681 2447 3162 2519 καταγοητευθῶσι
3196 2448 3391 2519 μάγου.

2177 2538 2266 2596 Ill.
2308 2540 2496 2595 Ταῦτα
2517 2537 2609 2594 οὖν
2638 2540 2824 2612 μαθὼν
2850 2542 2879 2595 ὁ
2906 2540 3095 2612 κύριος
3114 2542 3147 2609 ἡ
3158 2540 3272 2611 μῶν
3310 2539 3518 2610 Πέτρος
3559 2555 3696 2609 προ-

2104 2632 2428 2687 απέστειλεν
2448 2634 2597 2703 ἡμᾶς
2616 2634 2772 2704 121
2799 2631 3089 2699 ἐξεταστὰς
3105 2631 3213 2684 τῶν
3230 2630 3527 2701 λεχθέντων
3548 2628 3699 2701 αὐτῷ

2103 2724 2420 2796 ἐσομένους·
2450 2724 2537 2778 ἵνα
2562 2726 2610 2778 εί
2643 2724 2819 2788 οὑτως
2840 2723 2973 2795 ἔχοι,
2998 2723 3324 2796 γραψάντων
3347 2722 3506 2794 ἡμῶν
3536 2722 3699 2788 αὐτὸς

2107 2817 2267 2889 μάθοι
2283 2818 2351 2883 ",
2375 2817 2468 2871 καὶ
2489 2816 2728 2871 ἐπελθὼν
2749 2815 3001 2888 ἐξελέγξῃ
3024 2816 3185 2871 αὑτὸν
3212 2817 3418 2869 ἐκεῖνον
3440 2815 3699 2887 ἄντικρυς

2103 2910 2190 2979 ἐφ’
2212 2901 2285 2964 ὧν
2314 2909 2476 2964 αὑτὸν
2499 2908 2795 2964 διέϐαλλεν.
2830 2910 2984 2963 Ἐπεὶ
2999 2905 3092 2962 οὖν
3117 2908 3258 2977 ὑπὲρ
3278 2906 3487 2960 πολλῶν
3510 2906 3699 2977 ψυχῶν

2102 3004 2132 3056 ὁ
2160 3001 2402 3065 κίνδυνος
2436 3004 2569 3073 ήμῖν
2624 3002 2941 3073 πρόκειται,
2974 2999 3166 3055 τούτου
3204 3000 3386 3071 ἕνεκεν
3406 3040 3421 3065 ,
3454 3001 3553 3071 τῆς
3600 2999 3697 3055 τοῦ

2108 3092 2360 3167 σώματος
2379 3094 2541 3167 ἡμῶν
2562 3093 2927 3156 ἀναπαύσεως
2949 3092 3085 3165 πρὸς
3110 3091 3283 3164 βραχὺ
3302 3090 3697 3167 ἀμελήσαντες,

2105 3185 2258 3257 παρὰ
2286 3183 2382 3239 σοῦ
2405 3184 2508 3255 τῆς
2538 3183 2774 3238 ἐνταῦθα
2806 3184 3168 3255 διαιτωμένης
3198 3181 3501 3254 βουλόμεθα
3532 3182 3701 3251 ἀψευε-

2102 3277 2208 3342 δῶς
2236 3277 2447 3349 μαθεῖν,
2472 3280 2520 3331 εί
2549 3277 2693 3349 άπερ
2730 3276 3044 3347 ἠκούσαμεν
3078 3274 3252 3347 ἀληθῆ
3281 3273 3558 3347 τυγχάνει⁸
3600 3275 3699 3334 καὶ

2102 3369 2281 3440 λέγοις
2312 3369 2380 3425 ἂν
2413 3370 2516 3441 ήδη
2544 3372 2676 3444 ήμῖν
2704 3369 2930 3423 ἕκαστα.

2172 3485 2265 3542 Π.
2318 3487 2384 3541 Ἦ
2417 3486 2650 3560 Βερνίκη
2681 3485 2739 3541 δὲ
2773 3483 3069 3551 ἀξιωθεῖσα
3087 3483 3155 3516 ⁸⁸⁸
3173 3482 3361 3539 Ταῦτα
3379 3481 3478 3557 μὲν
3499 3479 3708 3547 οὕτως,

2103 3580 2232 3654 ἔφη,
2266 3580 2382 3652 ἔχει
2423 3581 2501 3646 ῶς
2531 3581 2827 3653 ήκούσατε,
2858 3582 2927 3636 τὰ
2968 3581 3026 3635 δέ
3057 3579 3196 3637 ἀλλα
3241 3576 3314 3632 τὰ
3358 3579 3483 3633 κατ’
3531 3576 3700 3631 αὑτὸν

2101 3675 2196 3730 τὸν
2228 3675 2468 3748 Σίμωνα,
2501 3675 2646 3747 άπερ
2689 3676 2820 3741 ἴσως
2850 3674 3116 3744 ἀγνοεῖτε,
3160 3673 3452 3728 ἀκούσατεο
3492 3668 3702 3741 φαντάσ-

2105 3765 2292 3839 σματά
2318 3784 2379 3820 τε
2407 3766 2517 3840 γάρ
2548 3768 2644 3821 καὶ
2675 3768 2974 3857 ἰνδάλματα
3001 3768 3061 3821 ὲν
3093 3767 3233 3841 μέσῃ
3263 3769 3332 3838 τῇ
3370 3766 3548 3837 ἀγορᾷ
3581 3764 3706 3834 φαί-

2105 3859 2293 3915 νεσθαι
2342 3860 2515 3915 ποιῶν
2558 3860 2626 3915 δι’
2675 3860 2889 3933 ἡμέρας
2937 3862 3120 3914 πᾶσαν
3144 3860 3437 3931 ἐκπλήττει
3468 3857 3569 3929 τὴν
3601 3857 3707 3911 πό-

2105 3952 2190 4008 λιν
2224 3952 2359 4027 (81).
2393 3954 2489 4008 καὶ
2527 3954 2810 4026 προῖόντος
2846 3953 3014 4007 αὑτοῦ
3053 3952 3373 4025 ἀνδριάντες
3399 3948 3702 4015 κινοῦνται,

2105 4046 2200 4101 καὶ
2233 4046 2385 4101 σκιαὶ
2414 4046 2609 4100 πολλαὶ
2641 4046 3029 4119 προηγοῦνται,
3054 4045 3233 4117 ἇσπερ
3257 4043 3418 4107 αὐτὸς
3448 4042 3495 4075 ⁵⁸
3517 4042 3705 4113 ψυχὰς

2102 4139 2213 4194 τῶν
2238 4139 2579 4212 τεθνηκότων
2616 4134 2756 4193 εἷναι
2786 4139 2934 4209 λέγει
2970 4138 3102 4211 (82).
3157 4138 3395 4201 Πολλοὺς
3430 4136 3487 4189 δὲ
3520 4134 3705 4205 γόητα

2102 4230 2268 4287 αὑτὸν
2295 4230 2541 4302 ἐλέγχειν
2573 4230 2952 4304 πειρωμένους
2981 4227 3267 4298 διαλλάξας
3298 4228 3437 4301 πρὸς
3478 4226 3701 4293 ἑαυτὸν,

2103 4322 2277 4378 ἔπειθ’
2310 4322 2539 4397 ὕστερον
2563 4324 2609 4356 ⁸ο
2642 4324 2915 4395 προφάσει
2951 4323 3203 4403 εὐωχίας,
3237 4322 3365 4393 βοῦν
3398 4319 3567 4384 θύσας
3598 4319 3705 4372 καὶ

416 4404 681 4464 inescam
727 4410 880 4481 dato,
933 4412 1103 4471 variis
1154 4413 1426 4486 implicuit
1457 4417 1689 4486 morbis,
1732 4418 1999 4475 daemoni-

2112 4415 2365 4481 ἐστιάσας
2412 4415 2630 4482 αὑτοὺς,
2672 4414 2947 4489 διαφόροις
2994 4416 3171 4481 νόσοις
3227 4412 3553 4488 περιέϐαλεν
3596 4409 3705 4468 καὶ

1690 4636 1930 4694 VARUE
1968 4636 2378 4694 LECTIONES.

488 4799 535 4832 '°
568 4797 922 4861 Χανανίτιδος
946 4794 1011 4852 C.
1042 4867 1045 4868 ν
1073 4795 1513 4868 ἔί-ἀποπληροῦν
1547 4797 1640 4868 (Σ.-
1686 4796 1839 4868 "illa
1866 4795 1905 4852 S
1938 4791 2335 4868 suifragaan
2364 4834 2380 4859 ,
2413 4792 2466 4868 in
2502 4791 2611 4868 cuj.
2657 4806 2831 4868 marg:
2862 4806 2986 4868 see.
3011 4792 3559 4868 man._nota_vi_t_leu_>c
3588 4791 3697 4847 δεῖ.

415 4871 573 4940 Apud
602 4870 645 4924 (ἐ
690 4868 957 4940 δέδειμεν.
992 4867 1087 4940 ﬂ”
1118 4865 1205 4940 Alta
1231 4867 1286 4940 Ο,
1328 4865 1478 4940 (ῑῖδἸ
1514 4866 1912 4940 πυνθανώμεθα
1942 4867 2005 4921 C.

2111 4862 2159 4899 ⁵⁸
2191 4864 2339 4920 κακά
2369 4864 2441 4936 τὰ
2457 4863 2770 4936 πράσσεται
2791 4862 2855 4917 Ο.
2894 4862 3136 4936 Subinde
3162 4862 3203 4916 C
3244 4862 3478 4936 :‘Malim
3502 4865 3558 4915 in
3578 4878 3705 4915 om-

416 4932 571 4994 nibus
597 4941 738 4994 enim
765 4932 1070 4995 contrariis.
1115 4937 1161 4970 ⁵⁵
1182 4956 1243 4992 τε
1277 4937 1482 4994 inserui
1526 4954 1577 4994 c.
1601 4938 1666 4994 0.
1705 4932 1853 4994 Idem
1885 4953 1997 4994 om.
2034 4935 2173 4991 νει».
2205 4932 2515 4999 ἀποκαλεῖ,
2544 4934 2639 4987 καὶ
2671 4933 2870 4997 πλάνος
2915 4933 3077 4996 αὐτὸς
3106 4932 3183 4986 ὢν
3233 4933 3431 4988 πλάνον
3465 4934 3698 4986 ἐκεῖνον.

416 5011 463 5044 ⁵⁸
520 5010 789 5069 νενικέναι
843 5007 910 5064 Ο.

415 5083 585 5153 ἔχειν.

415 5148 548 5209 ιιύω
571 5160 627 5209 et
652 5148 1044 5225 Nicephorum.
1119 5151 1165 5183 °°
1194 5148 1733 5223 saucbv‘eoeampov
1756 5149 1820 5205 C.

1015 5010 1059 5042 ιτ
1090 5008 1239 5080 μάθῃ
1263 5009 1327 5080 (1:
1360 5006 1844 5080 Τυηιὲκείνιρννοο
1971 5007 2025 5080 ,⁸⁸

2048 5007 2269 5075 ἀξιωθιῖ
2306 5005 2371 5061 Ο.
2412 5003 2566 5075 fidem
2593 5019 2705 5058 om.
2742 5003 2977 5072 conject.
3013 5004 3229 5074 (λέχει
3250 5042 3265 5068 ,
3295 5005 3349 5058 in
3383 5004 3518 5075 cuj._
3538 5013 3699 5058 textu

694 5080 743 5113 "
771 5080 935 5144 αὑτός
963 5079 1002 5135 S
1045 5072 1111 5136 ei
1137 5072 1261 5135 coll.
1297 5078 1431 5150 Reg.
1468 5078 1574 5150 804
1597 5089 1653 5135 et
1675 5078 1820 5150 Epit.
1861 5094 1913 5136 c.
1956 5079 2050 5145 45,
2098 5072 2277 5141 αὑτάς
2299 5076 2363 5147 C,
2393 5074 2459 5131 Ο.
2495 5073 2655 5131 Deest
2708 5090 2813 5130 vox
2857 5076 3001 5144 apud
3032 5072 3389 5131 Anastasium
3414 5114 3431 5141 ,
3454 5072 3699 5130 ‘Cedre-

1726 5263 2095 5323 VARIORUM
2134 5261 2370 5320 NOTAE.

490 5415 603 5541 gl)
643 5413 959 5485 Excerpunt
975 5413 1095 5470 haec
1114 5410 1442 5469 Anastasius
1463 5410 1697 5493 Sinoaita,
1722 5409 2005 5492 Qedrenus

550 5488 860 5541 icenhorus.
888 5484 1135 5541 Ouorum
1164 5484 1316 5540 locos
1341 5490 1598 5541 apposuit
1618 5490 1673 5535 et
1694 5481 2005 5541 discrepan-

418 5498 475 5547 et
500 5481 860 5557 Nicephorus.
888 5484 1144 5557 Quorum
1164 5484 1320 5557 locus
1341 5482 1598 5557 apposuit
1618 5490 1673 5535 et
1694 5481 2007 5557 discrepan—

421 5561 555 5615 tiam
606 5550 873 5613 o'rationis
916 5550 1175 5613 'enotavit
1235 5550 1681 5610 Schli—emannus.
1720 5550 1889 5608 Clem.
1947 5565 2003 5621 p.

419 5627 923 5704 34f,_S._llLlsssL.
962 5697 1048 5704 __
1151 5698 1162 5704 _
1272 5696 1283 5704 ι
1409 5693 1435 5704 _

497 5691 618 5770 (εει),
648 5700 893 5770 Ἀσπερτ
908 5697 1097 5764 αὐτὰς
1125 5696 1333 5770 ψυχὰς
1363 5693 1483 5770 tam
1514 5692 1877 5770 τεθηικόεωγ
1924 5691 2005 5746 εῖ-

422 5762 522 5829 ναὶ
552 5762 734 5841 λέγει.
760 5762 1093 5837 Memoratus
1118 5762 1310 5837 codex,
1334 5764 1539 5835 αὐτός,
1561 5772 1622 5821 ut
1650 5764 1705 5821 in
1747 5762 2004 5835 Epitome.

2113 5404 2368 5470 Videndi,
2400 5403 2753 5463 Anastasius,
2787 5400 3093 5468 Cedrenus,
3131 5401 3473 5474 Nicephorus
3511 5421 3533 5474 :7
3560 5402 3692 5474 pri-

2108 5491 2234 5531 mus
2263 5483 2460 5545 quaest.
2489 5474 2580 5541 20,
2608 5491 2661 5544 p.
2690 5474 2829 5545 2&2;
2861 5476 3136 5545 secundus
3174 5473 3696 5545 Compenditjisto-

2109 5548 2207 5600 rici
2232 5543 2294 5616 p.
2327 5544 2451 5610 173,
2485 5543 2682 5616 tertius
2720 5543 2866 5616 Hist.
2904 5543 3041 5616 εδει.
3086 5544 3183 5616 lib.
3217 5561 3288 5609 ιι,
3322 5560 3446 5616 cap.
3474 5543 3566 5616 27.
3607 5545 3702 5616 Ac

2111 5613 2249 5672 forte
2272 5615 2328 5670 in
2356 5615 2478 5669 loco
2511 5613 2743 5671 Cedreni
2783 5615 2987 5670 rectius
3025 5615 3336 5671 scribetur:
3364 5613 3461 5668 καὶ
3499 5614 3696 5668 ἐστιάν

2111 5704 2209 5750 σας
2240 5686 2454 5749 αὐτοὺς,
2480 5685 2754 5758 διαφόροις
2776 5685 2870 5740 καὶ
2890 5684 3161 5750 δυσιάτοις
3193 5686 3369 5751 νόσοις
3384 5686 3479 5740 καὶ
3497 5682 3699 5756 δαίμοο

2111 5775 2195 5811 σιν
2225 5756 2482 5811 ὑπέϐαλε.
2503 5758 2642 5811 ϐοΐ.
3522 5810 3525 5811 ν

2110 5775 2195 5814 σιν
2225 5757 2482 5812 ὑπέϐαλε.
2503 5757 2651 5814 Cor.
3522 5810 3525 5813 η
