3894 6208
168 367 273 425 {GI

1306 352 1769 413 CLEMENTINA.
1800 383 1869 394 -—
1898 347 2181 407 HOMILIA
2212 346 2300 402 IV.

3339 341 3444 397 169.

164 486 430 557 δαίμοσιν
464 480 762 537 ὑπέϐαλενο
792 476 890 532 καὶ
921 476 1010 530 ἵνα
1052 473 1128 546 μὴ
1161 471 1332 527 πολλά
1346 471 1509 540 λέγω,
1544 468 1773 532 πολλοὺς

1892 470 2091 534 busque
2130 460 2364 532 subjecit
2403 478 2417 515 :
2470 474 2534 515 ac
2577 474 2645 514 ne
2685 458 2839 529 plura
2879 458 3194 529 proloquar,
3245 458 3451 515 multos

166 572 436 636 κακώσας
473 571 595 635 θεὸς
625 563 766 624 εἷναι
797 564 1150 639 ὑποληφθεὶς,
1181 562 1319 635 πρὸς
1352 559 1433 632 τῷ
1459 560 1502 591 ⁸¹
1532 558 1766 629 φοϐερὸν

165 661 314 721 εἶναι
348 665 443 719 καὶ
478 661 894 736 προτετίμηται.

245 757 315 812 V.
362 755 526 810 Ὅθεν
578 754 679 807 οὐκ
726 755 912 824 οῐομαι
963 746 1291 822 δυνήσεσθαί
1338 763 1463 801 τινα
1508 742 1768 799 τοσοῦτον

165 834 558 920 ἀναφθὲνίπῦρ
588 845 798 900 σϐέσαι.
835 842 970 898 Οὐδὲ
1000 842 1110 914 γάρ
1133 840 1395 906 ἐνδοιάζει
1426 856 1513 903 τις
1544 839 1674 911 περὶ
1693 830 1769 892 ὧν

167 946 386 1006 ἐκεῖνος
419 939 835 1010 ἐπαγγέλλεται,
870 934 1007 992 άλλά
1036 934 1194 989 τοῦτο
1215 932 1390 996 οὕτως
1422 931 1581 1003 122
1624 931 1769 1004 ἔχειν

166 1035 582 1090 διαϐεϐαιοῦται
613 1034 865 1097 ἕκαστος.
899 1030 990 1111 Ago
1012 1031 1110 1086 τοῦ
1154 1030 1231 1103 μὴ
1258 1028 1590 1085 κινδυνεύειν
1624 1028 1771 1100 ὑμᾶς

168 1130 339 1202 χάριν
370 1127 675 1201 παρακαλῶ
706 1126 869 1199 μηδὲν
900 1124 1218 1198 ἐγχειρῆσαι
1244 1122 1381 1195 πρὸς
1422 1121 1606 1187 αὑτὸν,
1641 1121 1771 1209 πρὶν

170 1223 241 1277 ἂν
271 1223 484 1294 Πέτρος
514 1221 665 1295 ἔλθῃ,
698 1220 757 1284 ὃς
802 1219 965 1291 μόνος
1000 1218 1289 1290 δυνήσεται
1322 1214 1462 1287 πρὸς
1494 1214 1538 1245 ⁸³
1571 1212 1770 1267 τοσαύ-

170 1333 273 1388 την
325 1315 665 1378 δυναστείαν,
700 1313 796 1368 τοῦ
845 1313 1051 1386 Κυρίου
1095 1310 1252 1384 ἡμῶν
1315 1308 1489 1395 Ἰησοῦ
1533 1305 1771 1379 Χριστοῦ

169 1409 549 1479 δοκιμώτατος
610 1407 874 1478 ὑπάρχων
938 1406 1224 1479 μαθητὴς,
1280 1405 1771 1474 ἀνταγωνίσασθαι.

171 1502 449 1555 Τοσοῦτον
472 1500 581 1572 γάρ
598 1499 911 1571 πεφόϐημαι
928 1499 1020 1552 τὸν
1050 1498 1236 1570 ἄνδρα,
1260 1498 1355 1563 ὡς,
1380 1499 1429 1550 εί
1454 1498 1528 1569 μὴ
1557 1497 1653 1551 καὶ
1677 1498 1774 1552 ἀλ-

174 1593 303 1645 λοτε
341 1593 480 1664 πρὸς
498 1594 592 1646 τὸν
624 1592 813 1664 κύριόν
845 1609 946 1663 μου
977 1592 1184 1663 Πέτρον
1206 1592 1507 1664 διαλεχθεὶς
1526 1593 1587 1646 τὸ
1612 1588 1773 1665 ἦττον

177 1685 561 1756 ἀπηνέγκατο,
609 1684 1004 1738 συνεϐούλευσα
1024 1684 1091 1738 ἀν
1118 1685 1246 1755 ὑμῖν
1270 1686 1364 1738 καὶ
1381 1684 1544 1739 αὐτὸν
1567 1687 1775 1740 πείθειν

175 1777 273 1830 τὸν
289 1776 520 1849 Πέτρον,
539 1776 614 1848 μὴ
634 1776 927 1848 πειρᾶσθαι
957 1776 1409 1843 ἀντεξετάζεσθαι
1438 1777 1517 1848 τῷ
1546 1779 1772 1850 Σίμωνι.

248 1936 346 1992 VI.
385 1935 561 2006 Κάγὼ
584 1935 741 2009 ἔφην·
778 1935 837 1991 '0
863 1934 1052 2009 κύριος
1082 1936 1239 2007 ἡμῶν
1270 1936 1477 2008 Πέτρος
1508 1936 1557 1989 εἰ
1591 1936 1776 2007 ἠγνόει

175 2030 265 2084 ὅτι
315 2028 481 2093 αύτδς
529 2028 689 2099 μόνος
729 2028 1013 2099 κατισχύει
1056 2028 1158 2100 τῆς
1195 2029 1407 2083 ἐκείνου
1436 2028 1774 2093 δυναστείας,

173 2123 284 2176 οὐκ
316 2122 384 2176 ἂν
413 2123 561 2193 ἡμᾶς
588 2121 930 2193 προπέμπων
957 2121 1287 2186 ἐνετέλλετο,
1312 2121 1679 2185 λανθανόντως
1708 2120 1778 2175 τά

177 2214 329 2269 κατά
363 2215 586 2286 Σίμωνα
615 2212 1072 2286 διαμανθάνοντας
1102 2214 1251 2286 αὐτῷ
1299 2214 1552 2285 γράφειν.
1590 2216 1780 2286 Ὅμως

180 2308 314 2361 ἐπεὶ
346 2307 555 2380 ἑσπέρα
601 2307 941 2378 κατειλήφει,
988 2305 1133 2361 ἀλῶν
1170 2306 1563 2378 μεταλαϐόντες
1596 2306 1779 2360 ὑπνώ-

183 2417 385 2472 σαμεν.
442 2398 652 2453 Ἐωθεν
695 2399 753 2452 δέ
796 2416 881 2462 τις
928 2402 997 2471 τῇ
1051 2399 1288 2473 Βερνίκῃ
1333 2398 1569 2470 συνήθης
1610 2397 1782 2452 ἐλθὼν

182 2492 316 2564 ἔφη,
348 2492 441 2546 τὸν
470 2492 687 2563 Σίμωνα
711 2492 791 2554 είς
815 2490 915 2561 τὴν
945 2490 1152 2544 Σιδῶνα
1190 2480 1641 2555 ἐκπεπλευκένςὶι,
1665 2490 1782 2544 τῶν

180 2587 244 2640 δὲ
288 2584 461 2642 αὑτοῦ
518 2583 776 2656 μαθητῶν
834 2583 1285 2637 καταλελοιπέναι
1359 2582 1641 2636 Ἀππίωνα
1690 2583 1784 2637 τὸν

185 2677 582 2748 Πλειστονίκην
612 2676 678 2742 ⁸³,
727 2675 895 2748 ἀνδρα
959 2675 1350 2748 Ἀλεξανδρέα,
1398 2676 1785 2747 γραμματικὸν

187 2771 293 2841 τὴν
341 2770 675 2842 ἐπιστήμην,
726 2769 786 2823 ὃν
834 2769 974 2842 πρὸς
1006 2769 1214 2839 πατρός
1254 2786 1343 2841 μοι
1378 2769 1532 2838 φίλον
1578 2770 1708 2822 ὄντα
1740 2768 1787 2801 ⁸⁸

186 2863 465 2931 ἐπέγνων,
518 2862 616 2915 καὶ
678 2861 1040 2916 Ἀννουϐιῶνα
1102 2861 1194 2915 τὸν
1246 2862 1602 2932 Διοσπολίτην
1666 2859 1787 2913 τινὰ

189 2955 545 3026 ἀστρολόγον,
568 2956 662 3009 καὶ
695 2954 1059 3027 Ἀθηνόδωρον
1085 2954 1176 3007 τὸν
1215 2953 1493 3026 Ἀθηναῖον
1524 2953 1603 3025 τῷ
1645 2952 1790 3006 Ἐπι-

191 3048 401 3118 κούρου
450 3048 495 3079 ⁸³
535 3047 903 3119 ἀρεσκόμενον
949 3046 1112 3118 λόγῳ.
1167 3042 1360 3118 Ἡμεῖς
1402 3045 1481 3109 δὲ,
1528 3045 1599 3098 τά
1646 3044 1788 3099 κατά

189 3142 286 3194 τὸν
316 3142 537 3211 Σίμωνα
571 3140 855 3212 μαθόντες,
905 3140 1077 3194 ἔωθεν
1122 3139 1299 3193 πάντα
1343 3138 1654 3210 γράψαντες
1694 3139 1789 3191 καὶ

1871 556 2161 625 amigendo
2195 556 2331 610 deus
2358 569 2481 610 esse
2508 554 2768 617 creditur,
2801 563 2873 618 et,
2905 562 3262 623 praeterquam
3302 550 3449 623 quod

1871 647 2231 703 formidabilis
2256 654 2360 713 est,
2392 645 2557 701 etiam
2590 646 2799 699 honore
2826 644 3077 700 allicitur.

1944 738 2011 794 γ.
2051 738 2319 806 Quocirca
2351 752 2462 794 non
2498 745 2630 809 puto
2659 753 2690 792 a
2720 751 2998 808 quoquam
3036 735 3214 807 ignem
3239 745 3448 791 tantum

1872 849 2165 890 accensum
2209 847 2373 905 posse
2409 829 2703 901 exstingui.
2737 828 2911 884 Nemo
2941 830 3087 883 enim
3126 829 3182 883 in
3223 829 3451 885 dubium

1870 934 2031 982 vocat
2074 940 2198 996 quae
2246 924 2337 980 ille
2376 923 2697 995 pollicetur,
2748 920 2843 976 sed
2880 920 3081 992 singuli
3128 922 3455 976 conﬁrmant

1870 1033 1987 1074 rem
2012 1019 2086 1073 ita
2113 1033 2172 1074 se
2200 1016 2420 1072 habere.
2444 1014 2626 1083 Quare
2658 1028 2724 1068 ea
2761 1012 2958 1084 gratia,
2996 1021 3057 1068 ut
3086 1028 3187 1068 vos
3214 1013 3268 1067 in
3302 1013 3452 1083 peri-

1873 1111 2056 1167 culum
2088 1126 2196 1166 non
2234 1109 2488 1176 veniatis,
2532 1110 2724 1163 hortor
2764 1122 2833 1162 ne
2876 1106 3178 1177 quidquam
3230 1107 3452 1162 tentetis

1873 1203 2137 1258 adversus
2171 1217 2320 1268 eum,
2353 1212 2478 1256 ante
2506 1215 2671 1270 quam
2701 1197 2895 1253 Petrus
2939 1198 3168 1265 venerit,
3196 1198 3289 1271 qui
3327 1213 3454 1252 cum

1874 1294 1946 1351 sit
1979 1294 2195 1348 Domini
2227 1294 2398 1349 nostri
2438 1291 2569 1347 Jesu
2601 1292 2803 1346 Christi
2833 1291 3251 1361 probatissimus
3289 1290 3456 1345 disci-
3496 1280 3506 1293 ’

1874 1388 2059 1458 pulus,
2090 1387 2290 1458 poterit
2318 1386 2469 1442 solus
2501 1394 2690 1440 contra
2724 1393 2926 1437 tantam
2957 1383 3253 1453 potentiam
3288 1382 3455 1437 dimi-

1876 1496 2023 1535 care.
2088 1477 2325 1533 Tantum
2383 1478 2584 1547 quippe
2629 1485 2814 1530 metuo
2842 1476 2987 1530 hunc
3026 1476 3327 1542 hominem,
3374 1484 3454 1543 ut,

1876 1573 1980 1628 nisi
2014 1573 2149 1628 alias
2178 1588 2303 1628 cum
2328 1572 2553 1626 domino
2575 1586 2698 1625 meo
2724 1569 2885 1623 Petro
2910 1569 3221 1639 disceptaus
3246 1569 3424 1624 disces
3443 1599 3457 1611 -

1878 1666 2041 1722 sisset
2089 1664 2339 1730 inferior,
2385 1664 2677 1719 consilium
2735 1663 3009 1717 dedissem
3056 1662 3235 1729 vobis,
3279 1663 3456 1733 ipsum

1877 1774 2095 1829 quoque
2122 1757 2342 1814 Petrum
2382 1757 2783 1828 persuaderetis
2826 1771 2893 1811 ne
2926 1771 3049 1810 cum
3085 1754 3309 1810 Simone
3346 1756 3459 1811 dis-

1809 1871 1854 1927 Β
1881 1860 2074 1922 putare
2096 1850 2379 1905 niteretur.

1952 1940 2040 1996 VI.
2079 1940 2145 1997 Et
2170 1957 2272 2013 ego
2302 1941 2557 2012 respondi
2594 1961 2607 1995 :
2650 1941 2707 1996 Si
2745 1940 3001 1997 dominus
3042 1950 3229 1996 noster
3266 1939 3460 1996 Petrus

1883 2034 2168 2105 ignoraret
2203 2034 2348 2104 quod
2386 2034 2503 2103 ipse
2533 2034 2683 2089 solus
2715 2034 2980 2088 adversus
3017 2032 3136 2103 ejus
3163 2032 3457 2103 potentiam

1878 2127 2154 2197 przevalet,
2182 2140 2291 2179 non
2331 2126 2518 2195 utique
2568 2124 2947 2196 praemittendo
2984 2140 3085 2180 nos
3123 2125 3458 2188 mandasset,

1879 2228 1944 2275 ut
1987 2220 2128 2274 clam
2175 2217 2417 2273 Simonis
2451 2227 2601 2289 gesta
2650 2218 2922 2273 discentes
2962 2217 3013 2272 ei
3070 2218 3457 2273 scriberemus.

1879 2310 2054 2367 Porro
2083 2326 2207 2366 cum
2234 2324 2343 2365 nox
2369 2310 2627 2377 venisset,
2667 2318 2887 2381 sumpto
2925 2310 3049 2366 cibo
3077 2309 3460 2365 dormivimus.

1881 2404 2041 2461 Mane
2092 2419 2224 2459 vero
2282 2402 2483 2474 aliquis
2534 2402 2821 2459 Berenices
2879 2401 3167 2458 familiaris
3236 2404 3461 2457 veniens

1883 2500 2044 2563 dixit,
2078 2496 2357 2553 Simonem
2392 2497 2446 2551 in
2484 2495 2745 2552 Sidonem
2776 2497 3083 2567 navigasse,
3117 2510 3182 2550 ex
3213 2495 3329 2550 suis
3363 2511 3463 2549 au-

1885 2598 1995 2646 tem
2038 2590 2327 2661 discipulis
2382 2589 2669 2661 reliquisse
2720 2588 3023 2660 Appionem
3071 2586 3460 2655 Plistonicem,

1885 2684 2063 2738 virum
2087 2682 2538 2748 Alexandrinum,
2566 2690 2682 2737 arte
2714 2682 3151 2753 grammaticum,
3173 2690 3463 2751 paternum

1888 2791 2070 2831 meum
2119 2775 2359 2829 amicum
2413 2774 2549 2829 mihi
2596 2773 2909 2844 cognitum,
2969 2785 3020 2827 et
3080 2772 3464 2827 Annubionem

1888 2866 2178 2938 quemdam
2208 2865 2589 2937 Diospolitam,
2624 2866 2981 2937 astrologum,
3022 2874 3185 2936 atque
3222 2866 3466 2922 Atheno-

1890 2959 2085 3014 dorum
2108 2958 2496 3014 Atheniensem
2531 2957 2810 3027 Epicurea:
2839 2968 3002 3012 sectae
3031 2958 3328 3014 addictum.
3355 2957 3467 3015 Nos

1890 3062 2071 3107 autem
2097 3052 2276 3107 edocti
2309 3067 2397 3107 res
2429 3050 2673 3106 Simonis
2707 3067 2865 3105 mane
2905 3060 3102 3109 cuncta
3152 3067 3280 3108 cum
3323 3054 3467 3108 scri-

1890 3145 2194 3215 psissemus
2218 3152 2273 3199 et
2300 3143 2368 3198 ad
2390 3142 2613 3197 Petrum
2646 3144 3012 3210 misissemus,
3041 3144 3110 3200 ad
3135 3145 3467 3202 ambulatio-

194 3234 395 3304 Πέτρῳ
425 3233 850 3305 διαπέμψαντες,
893 3235 975 3297 είς
1006 3232 1306 3305 περίπατον
1335 3230 1784 3303 ἀπετραπόμεθα.

1894 3252 2015 3291 nem
2057 3236 2430 3291 convertimus
2458 3236 2707 3307 gradum.

270 3326 386 3383 VII.
427 3326 540 3379 Καὶ
607 3326 851 3380 Ἀππίων
881 3327 1231 3397 ἀπηντήσατο
1268 3324 1314 3356 ⁸⁸
1345 3326 1497 3395 ἡμῖν,
1535 3324 1596 3376 ού
1630 3323 1788 3394 μόνον

199 3419 345 3491 μετά
375 3418 485 3471 τῶν
526 3418 938 3491 προειρημένων
982 3416 1141 3488 123
1173 3418 1406 3489 ἑταίρων
1446 3417 1492 3449 ⁸⁷
1534 3416 1643 3469 τῶν
1674 3415 1787 3479 δύο,

192 3512 337 3568 ἀλλά
363 3513 458 3565 καὶ
486 3511 604 3585 μεθ’
636 3510 836 3583 ἐτέρων
867 3510 1078 3582 ἀνδρῶν
1107 3510 1184 3573 ὡς
1212 3510 1523 3582 τριάκοντα,
1557 3508 1651 3561 καὶ
1677 3506 1791 3577 ἅμα

192 3606 276 3678 τῷ
329 3607 460 3660 ἰδεῖν
503 3622 571 3677 με
609 3603 1062 3677 προσαγορεύσας
1101 3603 1197 3656 καὶ
1240 3601 1618 3673 καταφιλήσας
1663 3600 1787 3670 ἔφη·

195 3700 371 3765 οὗτός
401 3702 519 3753 ἐστι
558 3699 809 3770 Κλήμης,
850 3697 981 3768 περὶ
1008 3688 1070 3749 οὗ
1108 3695 1238 3765 ὑμῖν
1276 3693 1376 3765 τῆς
1413 3710 1473 3745 τε
1517 3691 1795 3761 εὐγενείας

195 3794 298 3847 καὶ
324 3794 425 3865 τῆς
456 3788 980 3862 ἐλευθεροπρεπείας
1014 3788 1060 3819 ⁸⁸
1092 3787 1258 3841 πολὺν
1291 3785 1588 3857 ἐποιούμην
1614 3785 1791 3854 λόγον,

196 3886 286 3939 ὅτι
318 3885 459 3956 ἀνὴρ
487 3883 624 3955 πρὸς
659 3882 849 3951 γένους
878 3879 1131 3951 Τιϐερίου
1151 3879 1425 3949 Καίσαρος
1455 3876 1531 3930 ὣν
1562 3877 1657 3931 καὶ
1690 3877 1796 3930 πά-

201 3995 305 4049 σης
346 3976 667 4047 Ἑλληνικῆς
698 3974 945 4038 παιδείας
977 3974 1021 4005 ⁸⁸
1049 3972 1439 4045 ἐξησκημένος,
1453 3971 1555 4026 ὑπὸ
1585 3970 1794 4042 βαρϐά-

200 4088 299 4142 ρου
330 4069 495 4133 τινὸς,
528 4069 626 4140 τὴν
660 4065 1029 4139 προσηγορίαν
1061 4066 1293 4137 Πέτρου,
1332 4064 1403 4119 τά
1432 4063 1541 4117 τῶν
1574 4065 1620 4096 ⁷⁸
1663 4065 1795 4117 Ἰου-

198 4167 366 4222 δαίων
390 4168 564 4219 ποιεῖν
596 4166 689 4218 κα¹ι
716 4162 897 4232 λέγειν
928 4160 1227 4233 ὴπάτηται.
1268 4159 1425 4240 ’ρθεν
1467 4158 1603 4226 ἀξιῶ
1637 4177 1798 4213 συνα-

197 4257 539 4330 γωνίσασθαί
579 4274 672 4328 μοι
711 4254 853 4327 πρὸς
882 4253 983 4326 τὴν
1025 4253 1310 4326 διόρθωσιν
1345 4252 1530 4305 αὐτοῦ’
1575 4252 1670 4305 καὶ
1707 4252 1794 4321 ἐφ’

197 4350 357 4423 ὑμῶν
389 4348 555 4403 αὐτοῦ
591 4348 952 4418 πυνθάνομαι.
998 4346 1222 4414 Λεγέτω
1270 4361 1382 4416 μοι,
1424 4344 1611 4415 ἐπειδὴ
1661 4343 1797 4415 πρὸς

198 4443 263 4497 τδ
294 4442 543 4495 εὐσεϐεῖν
586 4440 778 4495 ἑαυτὸν
818 4438 1219 4493 ἀποδεδωκέναι
1257 4436 1487 4513 νομίζει,
1522 4435 1641 4499 πῶς
1677 4435 1798 4505 οὐχὶ

199 4536 271 4588 τὰ
316 4536 550 4606 μέγιστα
606 4533 811 4596 ἀσεϐεῖ,
864 4529 1178 4585 καταλιπὼν
1218 4530 1262 4561 ⁷¹
1316 4528 1416 4600 μὲν
1459 4527 1528 4580 τά
1568 4527 1794 4599 πάτρια,

199 4626 503 4689 ἀποκλίνας
531 4626 585 4678 δὲ
610 4627 690 4688 εἰς
716 4624 812 4695 ἔθη
845 4623 1114 4695 βάρϐαρα.

278 4719 412 4775 VIII.
455 4719 627 4788 Κάγὼ
663 4720 710 4750 ⁷²
752 4716 1155 4789 ἀπεκρινάμην·
1202 4714 1313 4786 Τὴν
1369 4714 1468 4784 μὲν
1516 4713 1653 4784 πρὸς
1691 4713 1793 4782 ἐμέ

202 4832 301 4867 σου
329 4812 545 4883 ἀγαθὴν
572 4812 886 4882 προαίρεσιν
917 4809 1270 4879 ἀποδέχομαι,
1303 4807 1403 4879 τὴν
1429 4807 1486 4860 δὲ
1518 4807 1793 4874 ἀγνωσίαν

198 4905 554 4975 ἀποσείομαι.
596 4905 659 4957 Ἦ
693 4904 793 4976 μὲν
820 4904 867 4934 ⁷³
893 4902 1000 4975 γάρ
1028 4901 1345 4973 προαίρεσις
1376 4899 1576 4970 ἀγαθὴ,
1607 4900 1709 4962 ὅτι,
1735 4900 1792 4951 ἐν

199 4998 285 5064 οἷς
314 5000 493 5061 δοκεῖς
530 4997 577 5028 ⁷⁵
622 4997 826 5059 καλοῖς,
870 4997 928 5048 ἐν
970 4994 1179 5057 τούτοις
1225 4986 1364 5045 εἷναί
1408 5009 1475 5062 με
1522 4991 1713 5053 θέλεις·
1759 4992 1793 5061 ἡ

202 5092 260 5145 δὲ
309 5089 512 5159 γνῶσις
557 5090 657 5142 οὐκ
701 5088 875 5159 ὀρθῶς
916 5086 1112 5157 ἔχουσα
1160 5084 1339 5153 φιλίας
1383 5083 1654 5154 προφάσει
1680 5084 1796 5135 ἐνε-

206 5184 421 5257 δρεύειν
471 5182 815 5252 ἀγωνίζεται.
864 5181 972 5234 Καὶ
1002 5182 1032 5234 ό
1063 5179 1309 5233 Ἀππίων
1342 5177 1466 5248 ἔφη·
1524 5177 1795 5247 Ἀγνωσία

1963 3327 2075 3383 VII.
2116 3327 2181 3382 Et
2220 3328 2465 3383 occurrit
2501 3328 2658 3383 nobis
2690 3328 2925 3398 Appion,
2972 3344 3080 3383 non
3124 3329 3300 3384 solum
3341 3344 3468 3385 cum

1890 3421 2167 3491 przedictis
2193 3419 2411 3475 duobus
2455 3420 2641 3485 sociis,
2672 3420 2767 3475 sed
2806 3430 2860 3475 et
2888 3436 3011 3475 cum
3048 3421 3171 3476 aliis
3204 3422 3337 3477 viris
3364 3422 3471 3476 tri-

1893 3517 2041 3586 ginta
2068 3516 2305 3572 circiter.
2346 3518 2426 3571 Ae
2457 3516 2619 3570 simul
2646 3525 2809 3585 atque
2841 3532 2925 3570 me
2955 3515 3111 3583 vidit,
3143 3516 3386 3571 salutans
3414 3523 3473 3571 et

1892 3609 2173 3663 osculatus
2196 3608 2271 3662 ait
2303 3626 2316 3662 :
2352 3605 2450 3660 Hic
2484 3615 2567 3661 est
2594 3606 2867 3673 Clemens,
2900 3606 2965 3660 de
2989 3622 3099 3676 quo
3142 3606 3371 3661 multum
3402 3607 3468 3661 ad

1892 3717 1993 3757 vos
2016 3716 2327 3757 sermonem
2359 3700 2548 3767 habui,
2576 3699 2643 3754 de
2667 3700 2813 3754 illius
2838 3700 3119 3755 nobilitate
3140 3716 3204 3755 ac
3226 3701 3472 3757 moribus

1894 3794 2242 3860 liberalibus;
2280 3793 2424 3864 quod
2459 3793 2543 3847 vir
2567 3809 2634 3847 ex
2672 3808 2868 3863 genere
2904 3791 3107 3848 Tiberii
3133 3793 3389 3860 Caesaris,
3419 3802 3474 3849 et

1894 3885 1951 3941 in
2008 3886 2160 3941 omni
2204 3886 2391 3941 Graeca
2442 3884 2729 3955 disciplina
2772 3886 3125 3952 exercitatus,
3164 3902 3195 3941 a
3236 3887 3471 3943 barbaro

1894 3978 2164 4048 quodam,
2220 3977 2316 4047 qui
2361 3986 2592 4031 vocatur
2639 3976 2870 4044 Petrus,
2924 3976 3116 4033 fraude
3156 3979 3473 4049 compulsus

1894 4080 2038 4126 esset
2069 4069 2137 4123 ad
2174 4068 2508 4139 peragendos
2547 4084 2609 4122 ac
2640 4069 3012 4138 prtedicandos
3042 4068 3353 4126 Judaeorum
3399 4072 3473 4125 ri-

1898 4168 2006 4215 tus.
2033 4159 2214 4226 Quare
2250 4174 2405 4230 rogo,
2448 4170 2507 4214 ut
2548 4175 2635 4214 me
2680 4160 2733 4213 in
2772 4160 2864 4216 illo
2896 4161 3221 4232 corrigendo
3252 4164 3474 4232 adjuve-

1894 4252 1996 4319 tis;
2051 4262 2105 4306 et
2160 4266 2345 4307 coram
2405 4252 2561 4306 vobis
2600 4267 2725 4307 eum
2780 4252 3075 4323 interrogo.
3126 4252 3474 4324 Respondeat

1894 4345 2053 4403 mihi.
2082 4343 2526 4415 quandoquidem
2560 4344 2877 4409 arbitratur,
2910 4344 3056 4414 quod
3089 4360 3169 4412 se,
3202 4353 3259 4399 ut
3300 4346 3472 4414 pieta-

1894 4446 2004 4493 tem
2037 4437 2260 4501 coleret,
2293 4435 2581 4503 dediderit,
2611 4452 2722 4508 quo
2761 4437 2924 4492 modo
2957 4451 3064 4490 non
3106 4437 3343 4492 maxime
3370 4438 3474 4491 im.

1894 4531 2020 4601 pius
2051 4529 2143 4595 sit,
2183 4529 2282 4601 qui
2315 4529 2524 4600 patrios
2552 4530 2925 4601 dereliquerit,
2963 4529 3316 4585 declinaverit
3344 4546 3474 4586 vero

1824 4636 1869 4693 ι)
1898 4624 1966 4679 ad
1990 4622 2255 4678 barbaros
2285 4637 2486 4677 mores.

1973 4714 2105 4769 VIII.
2149 4715 2214 4769 Et
2256 4728 2359 4784 ego
2402 4713 2657 4783 respondi
2713 4734 2725 4768 :
2780 4712 2951 4768 Tuam
3008 4716 3226 4785 quidem
3281 4715 3336 4771 in
3388 4731 3476 4771 me

1899 4808 2215 4879 praaclaram
2262 4808 2597 4863 voluntatem
2642 4808 2819 4863 haben
2861 4818 3176 4877 acceptam;
3216 4818 3273 4863 at
3317 4808 3475 4878 igno-

1898 4903 2165 4958 rationem
2198 4902 2450 4957 amolior.
2484 4900 2722 4969 Scilicet,
2750 4902 3011 4972 przeclara
3034 4901 3252 4972 quidem
3280 4903 3476 4957 volun-

1902 5003 1985 5051 tas
2016 5004 2121 5063 est,
2161 4994 2308 5065 quod
2347 4994 2402 5049 in
2450 4994 2542 5059 iis,
2581 5010 2705 5065 qua
2750 4994 2845 5049 tibi
2891 4994 3035 5049 bona
3073 4994 3344 5058 videntur,
3391 5011 3477 5051 me

1901 5088 2108 5144 versari
2139 5088 2297 5157 cupis
2344 5104 2358 5141 :
2410 5102 2600 5143 verum
2652 5088 2893 5159 cognitio
2936 5102 3045 5141 non
3090 5096 3236 5142 recte
3267 5088 3476 5142 habens

1902 5190 2167 5253 praetextu
2194 5180 2447 5236 amicitiae
2478 5181 2724 5237 insidiari
2766 5180 2976 5236 nititur.
3022 5178 3169 5236 Dixit
3202 5180 3413 5251 Appion
3457 5202 3471 5236 :

1476 5313 1715 5370 VARIAS
1754 5314 2164 5371 LECTIONES.

279 5415 326 5446 “
383 5410 556 5467 ItaO
633 5429 684 5468 c.
759 5411 968 5475 0,1,6
1032 5410 1097 5466 C.

1246 5411 1289 5442 "
1352 5409 1485 5465 Post
1546 5412 1683 5482 πρός
1724 5412 2047 5482 εει-αὐτόν
2114 5410 2168 5464 in
2352 5417 2704 5477 expunctum.

2854 5407 2899 5438 ⁸³
2950 5406 3324 5460 Πλειστονίκον
3401 5402 3465 5459 0.

204 5488 253 5519 “
312 5484 445 5538 ὄντα
501 5482 547 5537 0
620 5493 673 5539 et
730 5499 796 5537 ex
843 5483 1074 5552 conject.
1107 5480 1224 5552 _C.,
1294 5482 1346 5535 in
1391 5482 1500 5549 cuj.
1531 5476 1676 5536 testu
1708 5480 1788 5533 όν.
1848 5480 2050 5552 Davisii
2089 5480 2332 5552 notu_lam
2483 5488 2813 5552 spectantem
2868 5478 2905 5552 S
2978 5476 3471 5552 nonuintel_lexisse

205 5556 446 5611 videtur.
462 5552 614 5623 rTum
637 5549 1076 5623 AtOGﬁON‘UjVis,
1094 5549 1138 5605 0
1167 5592 1183 5615 ,
1205 5552 1521 5623 Διοπολίίτην
1538 5552 1599 5605 Il.

203 5628 415 5695 τάσατρ
445 5622 511 5679 0.
562 5625 632 5695 7"
669 5624 869 5695 ἐτέρων
897 5622 962 5677 0.
996 5622 1292 5695 ldenranf
1322 5622 1542 5695 ἐτέρων.

1677 5551 1816 5603 "Ita
1843 5567 1907 5604 ex
1931 5551 2160 5618 conject.
2193 5550 2233 5603 C
2266 5591 2281 5615 ,
2306 5551 2398 5618 qui
2432 5549 2484 5601 in
2518 5546 2667 5602 textu
2685 5548 2989 5618 Ἐπικούρω
3011 5557 3067 5601 ιιι
3088 5546 3153 5600 0.

1677 5565 1816 5603 “lla
1843 5567 1907 5604 ex
1931 5565 2160 5618 conject.
2193 5565 2233 5603 ιλ
2266 5591 2281 5615 ,
2306 5566 2398 5618 qui
2432 5565 2484 5601 III
2519 5565 2667 5602 texw
2700 5565 2903 5601 bﬁtXOU
3011 5565 3067 5601 ιιι
3088 5565 3153 5600 υ.
3233 5565 3276 5575 π
3294 5565 3468 5613 απην-

1647 5623 1691 5656 ⁸⁸
1725 5620 1798 5695 Ita
1834 5622 2072 5695 intell‘ige
2096 5621 2379 5695 lectionem
2401 5619 2759 5695 _0ttobo_niani
2784 5565 3468 5695 ἐλευειᾷωπρεπείας-ειιιιι

3232 5546 3276 5575 σο
3294 5546 3471 5613 ἀπην.

207 5698 335 5752 cod.
375 5694 511 5764 Reg.
550 5694 679 5765 804,
714 5685 1228 5765 ιῇευθεροτροπείας
1347 5761 1370 5765 _
1394 5685 1671 5765 6i’rllepone
1686 5693 1867 5765 πᾶσαν
1890 5685 2208 5765 Ἑλληνικὴν
2231 5690 2500 5765 παιδείαχ,
2534 5690 2611 5742 uti
2657 5705 2871 5765 semper
2919 5685 3217 5765 loquunntur
3252 5756 3263 5765 _
3286 5685 3467 5765 idﬂttei

208 5761 532 5835 scriptores.
551 5764 685 5820 Vide
713 5762 863 5835 Epit.
886 5761 1052 5835 (ἐμμὶ.
1083 5762 1145 5815 D.
1174 5832 1186 5835 Α
1223 5763 1268 5835 ⁷⁸
1302 5761 1411 5835 τῶν
1444 5761 1647 5835 inserui
1676 5778 1727 5835 c.
1753 5762 1818 5816 0.

207 5834 338 5894 cod.
369 5834 505 5907 Reg.
532 5835 657 5890 804.

1896 5764 1939 5795 τι
1975 5754 2049 5813 Ita
2082 5760 2126 5813 0
2165 5754 2221 5818 c.
2244 5761 2306 5816 CI
2362 5771 2415 5817 et
2453 5758 2490 5815 S
2519 5801 2535 5829 ,
2556 5754 2896 5814 καταλειπών
2924 5754 3047 5829 (sic)
3068 5758 3133 5813 C.
3172 5756 3307 5811 Dein
3338 5754 3472 5824 ἔθνη

734 5830 780 5871 7i
832 5834 973 5901 Ἐγώ
1003 5831 1066 5887 C.
1144 5832 1190 5868 ⁷³
1229 5834 1375 5903 ἡμᾶς
1409 5848 1462 5902 p.
1499 5834 1532 5902 ἡ
1560 5832 1657 5901 μέν
1692 5833 1756 5886 Ο.
1834 5835 1881 5868 ⁷⁸
1899 5831 2073 5885 δοκεῖν
2101 5830 2161 5889 Ο.
