3894 6208
422 362 524 418 163

1261 358 1319 417 S.
1359 357 1751 415 CLEMENTIS
1789 361 1810 415 ι
1844 359 2010 416 ROM.
2050 360 2251 419 PONT.
2290 362 2521 423 OPERA
2551 365 2777 425 DUBiA.

3598 378 3705 438 ιω

416 475 560 532 Num
596 473 874 547 ignoratio
916 474 1015 529 tibi
1054 473 1292 540 videtur,
1319 475 1527 544 patrios
1558 474 1700 529 ritus
1741 474 2011 529 servando

2117 494 2197 530 σοι
2253 476 2299 509 ⁷⁸
2347 472 2488 531 εἶναι
2530 478 2698 544 δοκεῖ,
2749 481 2818 535 τά
2860 482 3065 555 πάτρια
3112 484 3209 558 ἔθη
3252 486 3587 556 φυλάττοντα
3641 493 3713 548 τά

416 571 623 628 sentire
648 585 775 626 cum
816 566 1057 624 Graecis?
1096 566 1163 621 Et
1201 582 1303 637 ego
1336 565 1597 637 respondi
1629 583 1644 620 :
1685 564 1793 632 Qui
1836 566 2005 621 vitam

414 664 504 736 ple
527 676 689 735 agere
714 662 926 726 statuit,
968 676 1077 715 non
1122 660 1351 715 omnino
1389 660 1553 715 debet
1583 674 1803 715 servare
1832 660 2007 729 patria

419 757 692 822 instituta,
721 756 814 811 sed
852 768 1075 811 servare
1112 752 1358 823 quidem,
1399 752 1446 807 si
1485 752 1573 822 pia
1601 752 1732 815 sint,
1771 753 2009 822 ahjicere

416 866 569 918 vero,
615 849 661 905 si
690 849 803 905 sint
838 847 1028 917 impia.
1070 842 1184 899 Usu
1225 844 1373 900 enim
1402 844 1590 899 venire
1612 845 1773 910 solet,
1804 856 1864 899 ut
1902 845 2009 899 ali-

416 944 563 1014 quis,
613 950 767 1013 patre
817 940 985 1011 impio
1029 947 1233 1005 natus,
1281 937 1414 991 velit
1467 937 1652 992 vivere
1686 937 1795 1007 pie,
1837 938 2009 1008 patris

417 1052 601 1092 mores
628 1033 783 1104 sequi
824 1033 1037 1087 nolens.
1086 1029 1313 1099 Excepit
1355 1029 1567 1099 Appion
1598 1046 1612 1083 :
1648 1027 1790 1095 Quid
1832 1030 2007 1101 ergo?

415 1135 624 1198 patrem
678 1134 832 1180 tuum
878 1124 960 1179 ais
1003 1123 1161 1178 mala;
1201 1123 1330 1177 vita:
1367 1120 1686 1177 exstitisse?
1727 1120 2005 1192 Respondi

415 1235 517 1291 ego
549 1238 563 1274 :
604 1220 720 1275 Non
760 1218 983 1289 quidem
1013 1225 1134 1271 erat
1180 1215 1339 1271 malae
1377 1217 1522 1282 vitae,
1553 1215 1648 1270 sed
1695 1215 1853 1270 malae
1889 1215 2009 1285 Opi-

416 1313 616 1368 niouis.
646 1310 714 1366 Et
748 1310 962 1382 Appion
1005 1327 1018 1363 :
1053 1306 1187 1376 Quae
1226 1308 1376 1364 illius
1415 1306 1583 1363 fuerit
1609 1309 1751 1363 mala
1782 1317 2005 1364 senten-

415 1405 514 1473 tia,
546 1405 710 1476 cupio
732 1405 943 1460 audire.
974 1403 1034 1459 Et
1069 1418 1171 1475 ego
1209 1402 1323 1459 dixi
1362 1418 1375 1456 :
1410 1402 1564 1469 Quod
1603 1401 1757 1458 falsis
1788 1419 1852 1458 ac
1881 1418 2008 1473 pra-

414 1501 498 1556 vis
522 1500 836 1557 Graecorum
874 1498 1073 1553 fahulis
1116 1497 1308 1551 habuit
1348 1496 1529 1550 fidem.
1569 1496 1746 1567 Atque
1792 1496 2003 1565 Appion

415 1594 731 1649 sciscitatus
761 1601 843 1646 est
878 1611 892 1645 :
927 1592 1190 1656 Quaanam
1239 1597 1367 1645 sunt
1395 1590 1479 1644 ha:
1508 1588 1824 1644 Graecorum
1854 1588 2006 1643 falsa:

415 1702 482 1742 ac
524 1701 706 1757 pravze
748 1683 983 1740 fabulae?
1036 1683 1315 1754 Respondi
1363 1698 1376 1738 :
1429 1681 1550 1737 Non
1591 1693 1742 1737 recta
1787 1682 1854 1736 de
1899 1682 2005 1737 diis

414 1778 687 1848 opinatio;
722 1794 910 1849 quam,
933 1778 979 1833 si
1002 1790 1160 1847 aequo
1197 1775 1386 1831 animo
1427 1774 1560 1843 fers,
1598 1791 1723 1832 cum
1754 1775 2001 1831 discendi

413 1871 627 1942 cupidis
653 1872 864 1928 audies.

482 2049 574 2106 1x.
616 2050 797 2118 Quare
828 2060 955 2107 ante
990 2050 1430 2107 dissertationem
1454 2048 1567 2120 jam
1599 2048 1923 2105 secedamus
1950 2050 2005 2105 in

412 2144 735 2215 quietiorem
774 2144 1013 2215 aliquem
1040 2143 1251 2211 locum,
1276 2144 1369 2197 ubi
1400 2142 1686 2198 vobiscum
1713 2142 2003 2198 disseram.

412 2234 569 2304 Quod
595 2245 777 2291 autem
804 2236 965 2291 velim
992 2251 1243 2291 seorsum
1280 2235 1522 2306 colloqui
1545 2250 1710 2291 causa
1750 2236 1867 2290 haec
1901 2245 2004 2301 est,

411 2330 539 2400 quia
576 2344 685 2383 non
726 2330 994 2384 accedunt
1032 2330 1245 2384 sincere
1287 2328 1556 2398 plerique,
1610 2342 1792 2398 neque
1839 2328 2004 2381 etiam

411 2436 605 2477 omnes
630 2421 971 2492 philosophi,
1004 2421 1072 2476 ad
1098 2419 1459 2491 judicandum
1489 2420 1557 2475 de
1583 2420 1772 2475 rebus.
1806 2418 2006 2475 Multos

412 2512 689 2584 siquidem
736 2514 1015 2580 novimus,
1056 2528 1249 2567 eorum
1296 2528 1517 2582 quoque
1564 2512 1660 2583 qui
1706 2512 1774 2567 de
1827 2528 1887 2567 se
1934 2512 2004 2567 ob

410 2606 777 2679 philosophia:
808 2604 1208 2676 professionem
1241 2604 1531 2675 magniﬁce
1555 2605 1822 2670 sentiunt,
1855 2605 2002 2659 inani

411 2696 588 2767 gloria
632 2698 783 2764 duci,
819 2708 913 2753 aut
942 2698 1078 2753 lucri
1112 2698 1408 2768 cupiditate
1431 2712 1538 2751 non
1568 2698 2005 2761 autem,virtutis

411 2808 603 2848 amore
631 2792 784 2847 indui
814 2792 979 2862 pallio
1013 2810 1027 2846 :
1062 2791 1184 2862 qui,
1222 2789 1269 2845 si
1306 2804 1417 2844 non
1445 2789 1759 2844 invenerint
1788 2789 1841 2844 id
1880 2805 2007 2859 pro-

410 2893 532 2953 pter
552 2882 698 2954 quod
733 2883 1213 2953 philosophantur,
1240 2890 1458 2936 vertunt
1484 2897 1542 2937 se
1571 2883 1639 2937 ad
1680 2882 2002 2939 cachinnos.

410 2976 494 3033 0b
526 2976 661 3033 istos
695 2992 826 3047 ergo
863 2985 1051 3047 aptum
1093 2976 1334 3046 aliquem
1372 2978 1554 3029 locum
1603 2976 1895 3049 eligamus,
1947 2978 2001 3032 in

410 3086 522 3142 quo
549 3070 647 3126 soli
678 3070 874 3126 simus.

2122 569 2389 642 Ἐλλήνων
2445 575 2695 642 φρονεῖνς
2744 573 2917 644 Κάγὼ
2950 577 3355 652 ἀπεκρινάμην·
3402 582 3506 637 Τὸν
3553 585 3711 639 εύσε-

2108 660 2225 715 ϐεῖν
2259 663 2307 695 ⁷⁸
2335 664 2772 736 προαιρούμενον
2809 666 2872 719 ού
2918 668 3137 733 πάντως
3177 671 3472 740 φυλάσσειν
3517 674 3601 730 δεῖ
3639 677 3713 732 τά

2110 755 2334 829 πάτρια,
2383 756 2520 809 ἀλλά
2565 758 2862 827 φυλάσσειν
2922 760 3021 831 μὲν
3069 760 3165 813 ἐὰν
3287 764 3505 837 εὐσεϐῆ,
3568 769 3711 821 ἀπο-

2110 847 2347 901 σείεσθαι
2383 848 2545 921 ],24
2591 850 2648 903 δὲ
2703 850 2798 904 ὲάν
2846 850 3018 924 ἀσεϐῆ
3071 856 3333 929 τυγχάνῃ.
3406 857 3712 932 Ἐνδέχεται

2108 940 2217 1012 γάρ
2245 957 2367 994 τινα
2399 942 2605 1013 πατρὸς
2637 941 2869 1007 ἀσεϐοῦς
2900 943 3049 1008 ὄντα,
3084 946 3328 1001 εὐσεϐεῖν
3358 948 3707 1021 βουλόμενον,

2105 1030 2186 1102 τῷ
2222 1032 2297 1104 μὴ
2334 1032 2429 1085 τοῦ
2474 1034 2683 1106 πατρὸς
2714 1036 3032 1091 ἀκολουθεῖν
3067 1039 3387 1112 σεϐάσματα
3423 1044 3489 1097 ⁷⁷.
3535 1048 3648 1100 Καὶ
3680 1050 3710 1102 ὀ

2111 1124 2211 1195 μὲν
2255 1124 2499 1179 ’Δππίων
2530 1127 2883 1199 ἀπεκρίνατοο
2926 1128 2993 1183 Τί
3029 1127 3157 1198 οῦν;
3211 1133 3303 1187 τὸν
3347 1134 3437 1188 σὺν
3490 1140 3709 1211 πατέρα

2107 1218 2244 1292 ἔφης
2269 1221 2439 1275 κακοῦ
2474 1221 2590 1292 βίου
2622 1223 2939 1291 γεγονέναι;
2974 1224 3147 1293 Κάγὼ
3172 1225 3329 1298 ἔφην⁶
3370 1230 3559 1283 Κακοῦ
3602 1233 3709 1300 μὲν

2106 1313 2205 1366 ούκ
2232 1310 2299 1385 ἦν
2334 1313 2469 1384 βίου,
2503 1315 2681 1386 κακῆς
2718 1315 2773 1368 δὲ
2809 1315 3148 1386 ὑπολήψεως.
3197 1319 3307 1373 Καὶ
3354 1321 3382 1373 ὁ
3432 1322 3703 1376 Ἀππίων·

2107 1408 2203 1471 Τίς
2230 1403 2296 1479 ἦν
2326 1409 2359 1479 ἡ
2408 1409 2553 1479 κακὴ
2587 1407 2755 1461 αὑτοῦ
2802 1409 3026 1464 ὑπόνοια
3070 1410 3303 1465 ἀκοῦσαι
3340 1412 3496 1467 θέλω.
3530 1415 3709 1482 Κάγὼ

2106 1499 2261 1571 ἔφην·
2297 1503 2417 1555 ’Ότι
2441 1504 2556 1564 τοῖς
2587 1501 2634 1534 ⁷⁸
2665 1502 2774 1554 τῶν
2826 1502 3091 1574 Ἐλλήνων
3120 1504 3338 1573 ψευδέσι
3387 1508 3479 1558 καὶ
3508 1507 3556 1538 τ’
3598 1524 3705 1560 κα-

2106 1592 2223 1656 κοῖς
2253 1591 2507 1647 ἐπίστευε
2544 1592 2754 1665 μύθοις.
2789 1594 2900 1647 Καὶ
2930 1597 2959 1648 ὁ
3016 1594 3262 1649 Ἀππίων
3308 1596 3561 1651 ἐπύθετοο
3606 1598 3707 1651 Τί-

2106 1703 2195 1749 νες
2243 1686 2382 1739 εἰσὶν
2435 1680 2583 1741 οὗτοι
2628 1686 2740 1740 τῶν
2802 1687 3069 1760 Ἐλλήνων
3100 1689 3149 1742 oi
3189 1689 3405 1758 ψευδεῖς
3435 1708 3494 1743 τε
3528 1691 3575 1723 ⁸⁰
3605 1692 3705 1744 καὶ

2107 1778 2269 1831 κακοὶ
2320 1778 2507 1849 μῦθοι;
2549 1779 2720 1848 Κάγὼ
2764 1778 2921 1850 ἔφην·
2973 1780 3037 1834 Ἡ
3084 1781 3215 1852 περὶ
3256 1781 3393 1834 θεῶν
3424 1782 3525 1836 οὐκ
3564 1782 3704 1854 ὀρθὴ

2042 1838 2081 1894 Β
2107 1838 2345 1944 δόκησις,
2376 1872 2445 1943 ἢν
2477 1838 2572 1927 saw
2598 1838 2979 1945 μᾷκφθύρῇς,
3009 1838 3219 1948 ἀκούσῃ
3243 1874 3381 1945 μετά
3410 1875 3517 1928 τῶν
3551 1838 3706 1946 φέλοξ

2111 1964 2320 2037 μαθῶν.

2177 2054 2269 2111 IX.
2310 2055 2401 2143 Δρ
2448 2055 2555 2129 πρὸ
2582 2055 2691 2110 τῶν
2726 2055 2990 2126 διαλόγων
3020 2056 3101 2121 είς
3130 2075 3252 2111 τινα
3280 2057 3623 2131 ἠσυχώτερον
3653 2059 3701 2091 ⁸¹

2108 2147 2557 2222 ὐποχωρήσωμεν
2578 2149 2678 2221 ἤδη
2706 2150 2892 2203 τόπον·
2937 2150 3169 2203 ἐνταῦθα
3195 2152 3325 2221 ὑμῖν
3351 2151 3703 2223 διαλεχθήσο-

2111 2259 2227 2313 μαι.
2262 2242 2369 2296 Τοῦ
2397 2242 2454 2296 δὲ
2494 2241 2869 2311 ἰδιολογεῖσθαί
2913 2259 2980 2314 με
3030 2242 3315 2312 βούλεσθαι
3358 2244 3505 2296 αἰτία
3540 2244 3706 2312 γέγο-

2106 2351 2197 2389 νεν
2239 2332 2379 2406 αῦτη
2420 2336 2487 2400 ⁸²,
2528 2336 2717 2408 ἐπειδὴ
2759 2336 2859 2407 οὐχ
2908 2337 2957 2389 οί
3005 2335 3189 2389 πολλοὶ
3235 2337 3357 2389 οὐδὲ
3403 2338 3453 2390 οἱ
3485 2337 3707 2407 φιλοσο-

2108 2427 2335 2497 φοῦντες
2358 2429 2512 2482 αὐτοὶ
2542 2426 2780 2492 ἅπαντες
2809 2428 3049 2499 γνησίως
3076 2428 3465 2500 προσέρχονται
3495 2434 3562 2501 τῇ
3590 2430 3706 2483 τῶν

2106 2521 2273 2575 ὄντων
2306 2521 2503 2592 κρίσει.
2542 2522 2733 2592 Ἴσμεν
2763 2519 2872 2592 γὰρ
2902 2520 3131 2584 πολλοὺς
3161 2520 3254 2573 καὶ
3279 2520 3389 2577 τῶν
3420 2521 3516 2577 ἐπὶ
3548 2520 3705 2594 φιλο-

2110 2615 2269 2687 σοφίᾳ
2299 2612 2841 2685 μεγαλοφρονούντων
2873 2610 2920 2643 ⁸⁸
2953 2610 3382 2678 κενοδοξοῦντας,
3416 2613 3451 2686 ἦ
3484 2633 3707 2687 χρημα-

2106 2708 2301 2779 τισμοῦ
2335 2708 2494 2778 χάριν
2528 2702 3026 2777 περιϐεϐλημένους
3062 2703 3155 2757 τὸν
3198 2706 3438 2778 τρίϐωνα
3480 2710 3575 2761 καὶ
3598 2710 3707 2763 οὐκ

2107 2800 2281 2871 αὐτῆς
2327 2799 2528 2871 ἀρετῆς
2583 2798 2788 2877 ἕνεκεν,
2837 2796 3017 2868 οἵπερ,
3063 2794 3158 2851 ἐὰν
3210 2799 3284 2870 μὴ
3327 2798 3529 2870 εῦρωσι
3561 2800 3629 2853 δι’
3673 2801 3707 2855 ὅ

2107 2891 2507 2963 φιλοσοφοῦσιν,
2563 2890 2655 2943 ἐπὶ
2688 2889 2749 2943 τὸ
2792 2888 3076 2959 χλευάζειν
3120 2889 3435 2962 τρέπονται.
3488 2892 3589 2945 Διά
3634 2893 3702 2966 δὴ

2105 2985 2232 3048 τοὺς
2258 2984 2529 3048 τοιούτους
2552 2982 2855 3055 ἐπιτήδειόν
2878 2999 2999 3036 τινα
3028 2982 3165 3057 πρὸς
3198 2982 3256 3036 τὸ
3288 2983 3506 3049 ίδιάζειν
3534 2985 3703 3040 τόπον

2106 3077 2504 3149 ὲπιλεξώμεθα.

479 3161 551 3219 Χ.
592 3160 729 3216 Tum
761 3162 983 3232 quidam
1033 3178 1100 3217 ex
1138 3161 1267 3227 illis,
1316 3163 1401 3218 vir
1438 3163 1615 3226 dives,
1663 3162 1757 3232 qui
1807 3178 2000 3233 agrum

2176 3171 2246 3226 Χ.
2288 3170 2396 3224 Καί
2424 3188 2509 3233 τις
2534 3170 2592 3223 ὲν
2620 3169 2804 3234 αὐτοῖς
2833 3168 3090 3232 πλούσιος
3118 3168 3278 3241 ἀνὴρ,
3314 3169 3408 3223 καὶ
3437 3169 3526 3223 διὰ
3558 3187 3699 3224 παν-

412 3254 727 3323 possidebat
756 3252 1046 3309 frondibus
1074 3255 1483 3325 elegantissime
1512 3263 1790 3319 ornatum,
1818 3254 1994 3309 dixit:

410 3346 866 3417 Quandoquidem
932 3348 1288 3403 vehementer
1337 3348 1523 3403 adurit
1566 3356 1753 3411 aistus,
1804 3346 1999 3414 paulu-

410 3440 522 3495 lum
551 3456 582 3494 a
621 3440 839 3495 civitate
881 3439 946 3493 ad
983 3439 1174 3494 hortos
1213 3456 1364 3496 meos
1402 3439 1746 3496 secedamus.
1778 3438 1845 3492 Et
1876 3454 2001 3508 pro-

410 3534 583 3605 gressi
607 3533 997 3598 consederunt,
1041 3533 1133 3586 ubi
1174 3547 1310 3602 pura
1344 3541 1501 3585 erant
1536 3531 1836 3601 gelidorum
1878 3530 2002 3584 lati-

409 3643 535 3683 cum
560 3627 783 3693 iluenta,
809 3634 860 3681 et
885 3628 1145 3681 arborum
1178 3626 1533 3695 omnigenum
1562 3634 1774 3694 tegmen
1805 3623 1995 3678 viride.

412 3720 488 3775 lbi
512 3735 613 3789 ego
652 3720 849 3773 lubens
886 3718 1024 3783 sedi,
1065 3726 1121 3771 et
1164 3717 1358 3787 reliqui
1401 3717 1547 3771 circa
1602 3732 1722 3783 me;
1781 3717 1875 3785 qui
1923 3716 1998 3770 si-

412 3812 608 3877 lentes,
649 3827 749 3881 pro
783 3825 917 3864 voce
954 3826 1061 3879 qua
1106 3825 1194 3863 me
1252 3809 1493 3879 rogaturi
1523 3817 1701 3875 erant,
1735 3823 1831 3878 per
1860 3809 1999 3861 tixos

415 3905 469 3960 in
513 3920 601 3959 me
658 3904 851 3959 oculos
887 3904 1033 3957 clare
1070 3903 1397 3957 videbantur
1433 3917 1596 3971 quam
1634 3901 1994 3970 promiseram

413 3996 936 4052 demonstrationem
964 4011 1213 4065 poscere.
1248 3994 1436 4065 Itaque
1465 3995 1546 4048 sic
1570 3993 1718 4063 loqui
1750 3992 1891 4062 εαξρί
1931 4007 1945 4045 :

481 4197 575 4254 XI.
608 4196 774 4253 Multa
798 4204 904 4261 est,
932 4196 1034 4250 viri
1059 4193 1258 4257 Graeci,
1291 4192 1596 4248 differentia
1620 4191 1761 4247 inter
1789 4192 1995 4245 verita-

413 4302 522 4346 tem
578 4302 743 4361 atque
793 4287 1268 4344 consuetudinem.
1313 4281 1530 4338 Veritas
1580 4284 1728 4339 enim
1780 4284 1995 4338 sincere

410 4383 640 4454 quaasita
674 4381 950 4436 invenitur
984 4396 997 4433 :
1035 4374 1375 4433 consuetudo
1413 4385 1620 4439 autem,
1651 4388 1994 4445 quaecunque

2104 3263 2195 3327 τδς
2215 3261 2389 3334 χῶρόν
2418 3279 2537 3315 τινα
2575 3261 2733 3331 125
2766 3261 2893 3333 napi.
2938 3260 3131 3315 ἑαυτὸν
3170 3261 3505 3332 κεκτημένος
3542 3276 3700 3333 παμ-

2109 3357 2292 3427 μήνων
2335 3351 2548 3424 φύλλων
2592 3354 2658 3417 ⁸⁵,
2690 3354 2817 3424 ἔφη’
2863 3352 3081 3424 Ἐπειδὴ
3112 3353 3318 3425 σφόδρα
3357 3351 3545 3423 καῦμα
3575 3353 3702 3407 ἑπι-

2108 3446 2315 3516 φλέγει,
2353 3446 2526 3518 βραχὺ
2551 3445 2651 3516 τῆς
2686 3443 2733 3476 ⁸⁸
2776 3444 2983 3507 πόλεως
3014 3445 3092 3508 εἰς
3121 3443 3290 3515 ἐμοὺς
3318 3445 3528 3515 κήπους
3559 3444 3699 3499 ὑπο-

2108 3538 2464 3611 χωρήσωμεν.
2508 3538 2620 3591 Καὶ
2661 3534 2725 3608 δὴ
2775 3537 3057 3609 προϊόντες
3098 3535 3439 3601 ἐκαθέζοντο,
3472 3537 3597 3590 ἔνθα
3625 3534 3699 3609 ἦν

2108 3629 2324 3703 καθαρά
2348 3630 2573 3701 ψυχρῶν
2603 3628 2863 3701 ναμάτων
2901 3627 3146 3701 ῥεύματα
3175 3628 3269 3682 καὶ
3300 3628 3529 3701 δένδρων
3557 3646 3699 3683 παν-

2099 3721 2259 3775 τοίων
2287 3720 2484 3793 χλοερά
2515 3722 2716 3793 σκέπη.
2750 3721 2919 3775 Ἔνθα
2946 3720 3056 3789 ἐγὼ
3081 3719 3331 3792 ἀσμένως
3353 3719 3698 3792 ἐκαθεζόμην

2098 3815 2193 3867 καὶ
2226 3813 2275 3866 οἱ
2311 3813 2487 3867 λοιποὶ
2531 3814 2661 3885 περὶ
2693 3814 2816 3885 ἐμὲ,
2866 3814 2961 3867 καὶ
3007 3811 3391 3885 ἡσυχάζοντες,
3440 3814 3559 3867 ἀντὶ
3592 3815 3699 3884 τῆς

2102 3905 2404 3978 μελλούσης
2446 3904 2633 3973 ἀξιοῦν
2670 3922 2738 3977 με
2786 3906 2990 3977 φωνῆς,
3030 3905 3118 3958 διά
3169 3904 3264 3959 τοῦ
3301 3904 3569 3969 άτενίζειν
3611 3907 3698 3969 εἰς

2098 4000 2200 4071 ἐμὲ
2219 3999 2367 4071 δῆλοι
2385 3994 2526 4071 ἦσαν
2554 3997 2653 4069 τῆς
2673 3998 3022 4069 ὑποσχέσεως
3046 3999 3092 4030 ³⁸
3106 3997 3204 4070 τὴν
3236 3997 3508 4062 ἀπόδειξιν
3528 3998 3697 4051 ἀπαυ-

2098 4093 2337 4155 τοῦντες.
2369 4091 2481 4145 Καὶ
2511 4091 2574 4162 δὴ
2601 4089 2776 4153 οὕτως
2798 4090 2976 4159 λέγειν
3006 4089 3282 4162 ἠρξάμην·

2164 4191 2256 4242 XI.
2294 4186 2469 4257 Πολλὴ
2504 4203 2607 4248 τις,
2640 4178 2685 4237 ὣ
2707 4184 2898 4256 ἄνδρες
2928 4186 3209 4257 Ἕλληνες,
3229 4185 3263 4256 ἡ
3286 4184 3522 4258 διαφορά
3559 4204 3694 4256 τυγ-

2096 4281 2248 4352 χάνει
2270 4278 2379 4352 (85)
2406 4279 2664 4351 ἀληθείας
2688 4295 2747 4330 τε
2780 4276 2875 4331 καὶ
2896 4276 3202 4348 συνηθείας.
3230 4277 3295 4332 ’11
3317 4278 3417 4351 μὲν
3438 4277 3695 4353 γάμάλή-

2099 4373 2219 4426 Θεια
2266 4372 2507 4443 γνησίως
2552 4368 2857 4441 ζητουμένη
2919 4368 3258 4440 εὑρίσκεται,
3306 4370 3369 4424 τὸ
3422 4371 3481 4425 δὲ
3520 4371 3689 4447 έθος,

410 4484 748 4539 assumatur,
777 4489 874 4527 seu
916 4487 1065 4535 vera,
1099 4487 1193 4525 seu
1227 4468 1397 4535 falsa,
1442 4476 1648 4522 temere
1699 4484 1729 4521 a
1781 4483 1840 4521 se
1877 4467 1993 4536 ipsa

2109 4467 2283 4519 ὁποῖον
2316 4465 2382 4518 ἂν
2416 4462 2768 4535 παραληφθῇ,
2802 4462 2914 4515 εἴτε
2934 4461 3131 4534 ἀληθὲς
3152 4465 3261 4517 εἴτε
3294 4461 3505 4533 ψευδὲς,
3527 4463 3693 4534 ἀκρίς-

411 4571 799 4633 conlirmatur;
824 4579 999 4635 neque
1019 4578 1144 4618 cum
1175 4575 1301 4616 vera
1334 4569 1442 4625 est,
1471 4559 1688 4613 laztatur
1712 4557 1759 4613 is
1788 4558 1882 4627 qui
1909 4573 1998 4611 as-

2029 4511 2076 4569 Β

2102 4575 2211 4619 τως
2239 4558 2329 4627 ὑφ’
2363 4556 2558 4610 ἑαυτοῦ
2597 4553 2951 4628 κρατύνεται,
2985 4556 3081 4610 καὶ
3121 4554 3244 4609 οὔτε
3277 4555 3469 4627 ἀληθεῖ
3494 4556 3540 4588 ⁸¹
3576 4555 3691 4609 δντι

1675 4690 1915 4747 VARUE
1957 4690 2371 4749 LECTlONES.

482 4817 531 4851 "
563 4813 843 4885 ἀγνωσίας
868 4814 990 4869 sine
1013 4829 1095 4885 σοι
1123 4810 1189 4867 0.
1265 4818 1313 4849 τε
1336 4807 1710 4885 ἀσε-ϐεῖνοῴι
1740 4804 2324 4885 ιςχιιιλσως-εύσεϐεῖν
2348 4808 2420 4885 al:
2451 4823 2610 4885 _man.
2642 4807 2695 4885 in
2720 4822 2915 4885 marg._
2972 4816 3018 4848 ἐτ
3053 4806 3128 4885 [ta
3159 4802 3515 4885 scripsi_c._0
3564 4820 3692 4885 ver-

411 4888 608 4956 borum
638 4888 693 4956 μὶ

413 4904 608 4941 norum
638 4904 675 4956 μ
731 4904 809 4954 τῳ
830 4904 1019 4940 orume
1035 4904 1275 4946 μηδι-511,
1295 4904 1368 4951 μη
1385 4904 1527 4933 ῠεΛΞι

410 4955 476 5013 0.
553 4904 711 5009 ’1⁵καῖ
733 4970 845 5009 om.
865 4952 930 5008 0.
1007 4954 1052 4985 ⁸ο
1067 4968 1126 5003 τε
1153 4953 1356 5006 inserui
1376 4968 1424 5005 c.
1462 4948 1529 5003 0.

731 4884 809 4954 τῷ
826 4875 1275 4954 ordiueinverso,
1295 4882 1368 4954 μὴ
1385 4880 1557 4954 θέλειν
1584 4877 1666 4954 τῷ
1689 4877 2014 4954 τοῦπατρρς
2040 4879 2354 4954 ἀκολουθεῖν
2379 4877 2591 4954 CLTun}
2623 4878 2721 4954 μέν
2752 4875 2922 4954 βρεὶρ
2944 4893 3068 4954 om._
3181 4878 3276 4954 ’-νδ
3306 4875 3589 4954 τοῖςρθρει
3632 4876 3689 4930 in

1588 4946 1724 5020 Pl'lta
1760 4946 1804 4999 Ο
2015 4988 2032 5020 ,
2063 4949 2396 5020 ἠσυχότερον
2416 4949 2500 5020 Ca
2540 4948 2588 4979 ⁸³
2619 4946 2763 5019 αῦτη
2785 4948 2841 5017 S,
2946 4984 2961 5011 ,
2981 4948 3146 5020 gini]
3174 4946 3264 5020 C._
3312 4946 3517 5020 "péya.
3557 4962 3692 5016 φρο-

412 5025 645 5080 νούντων
661 5026 726 5079 0.
791 5024 840 5058 ⁸⁸
857 5022 1221 5092 παμμιούσων
1250 5020 1463 5089 φύλλων
1485 5020 1547 5073 C.
1579 5018 1739 5071 Prior
1769 5032 1876 5069 vox
1899 5016 2654 5092 «iubio_proeulestbarbara_,
2688 5016 2790 5092 nec
2821 5016 3157 5092 sa_tis_liq_uet_
3174 5016 3305 5085 quid
3327 5016 3691 5092 sitreponen—

411 5099 564 5153 dum.
584 5095 745 5149 Forte
775 5084 1111 5165 παμμίκτων
1139 5084 1375 5165 φύλλων,
1405 5105 1526 5143 nam
1544 5099 1731 5159 postea
1766 5086 2038 5140 παντοίων
2059 5084 2291 5165 δένδρων
2319 5088 2587 5165 meminit.
2616 5084 3159 5165 D.0redider_i_m'legi
3187 5084 3691 5165 possengppﬁvmv

413 5166 646 5238 φύλλων,
674 5174 732 5219 ut
764 5154 1391 5238 signi'licetltur'arbores
1446 5154 1764 5238 praeeuntes
1810 5173 2026 5238 menses
2063 5154 2209 5214 foliis
2240 5159 2619 5238 abundantes,
2651 5154 3267 5238 etiam-mediafesmte.
3300 5154 3691 5238 Cl.‘f£mwrea

412 5224 1037 5313 coniectaverit'aliquis
1070 5224 1569 5313 napll:inwv.:§Ftl
1597 5230 1835 5313 [traxime
1862 5228 2072 5313 ‘placet,
2110 5229 2255 5297 quod
2288 5229 2574 5313 preposuit
2596 5227 2904 5313 Lobeckius
2956 5226 3221 5313 leaoph.
3270 5241 3325 5295 p.
3383 5224 3503 5313 10?,
3534 5241 3691 5313 παμ-

411 5304 663 5361 πλούσιον
688 5304 899 5375 φύλλων

412 5364 776 5449 παμμούσὼν.
851 5378 898 5411 ⁸³
929 5364 1006 5426 lla
1036 5370 1081 5425 0
1108 5364 1178 5425 'c'.
1214 5371 1296 5449 8.,
1322 5364 1496 5440 βραχὺ
1523 5371 1590 5491 τῖί
1625 5366 1666 5421 C
1699 5410 1713 5432 ,
1745 5368 1837 5437 qui
1864 5367 2097 5450 conjecit
2130 5364 2303 5439 βραχύ
2334 5364 2407 5423 τι.

412 5458 563 5504 textu
588 5446 805 5507 ἀληθές.
832 5443 898 5497 Ει
925 5444 991 5499 0.
1023 5440 1237 5507 ἀληθές,
1267 5455 1508 5507 Iutuarg.
1540 5455 1569 5491 a
1598 5478 1611 5492 .
1647 5454 1793 5492 man.
1826 5436 1955 5499 ἴσως
1983 5438 2192 5507 αληθεῖ.

412 5440 563 5504 textu
588 5446 805 5517 ἀληθές.
832 5443 898 5497 Ει
925 5444 991 5499 0.
1023 5440 1237 5512 ἀληθές,
1267 5440 1320 5493 in
1338 5456 1508 5510 marg.
1540 5455 1569 5491 a

949 5297 1366 5372 5,παμμούσων
1393 5299 1607 5372 φύλλων
1634 5298 1697 5372 9.
1726 5297 2030 5372 Cotelerius
2055 5314 2244 5372 vocem
2272 5298 2638 5372 παμμιούσων
2666 5298 2720 5372 in
2743 5298 2906 5372 _ca|ce
2929 5297 3183 5372 editionis
3220 5297 3597 5372 sua:_mptavit
3630 5297 3687 5372 i_n

2507 5368 2555 5409 ⁸ο
2588 5367 2900 5432 ὑποθέσεως
2935 5366 2995 5424 S.
3067 5364 3209 5419 "lia
3229 5364 3378 5436 conj.
3399 5363 3459 5429 (ἶ,
3490 5364 3544 5419 in
3569 5366 3687 5434 cui.

1727 5549 2081 5605 VARIORUM
2120 5551 2353 5608 NOTAE.

489 5657 600 5725 (83)
652 5652 907 5725 Διαφορᾲ
962 5650 1290 5725 τετχάιςειᾏ
1330 5646 1527 5700 Τοιιιιη
1564 5643 1984 5725 caput-Aeolica}

418 5713 595 5780 modo,
627 5713 854 5777 habetur
890 5722 943 5773 in
997 5713 1208 5785 Erloqis
1259 5715 1578 5771 Dnmasceni
1635 5713 1810 5781 capite
1852 5713 1985 5783 Περὶ

418 5794 703 5866 συνηθείας
758 5792 1016 5862 πονηρᾶς,
1058 5801 1189 5859 etc.,
1234 5789 1335 5844 nisi
1381 5786 1526 5857 quod
1558 5786 1827 5841 omittitur
1875 5798 1982 5838 vox

2092 5644 2252 5771 EU'xn,
2287 5656 2339 5703 et
2366 5644 2628 5718 πατρῴαν
2652 5644 2932 5710 scribitur,
2956 5643 3085 5700 item
3104 5643 3309 5700 rectius
3338 5639 3683 5713 ἀληθεύοντι.

2138 5730 2231 5771 οτ.

2138 5730 2231 5771 οτ.
