3894 6208
226 276 337 337 169

1366 268 1830 328 CLEMENTINA.
1864 300 1932 309 -——
1962 264 2247 321 llOMlLlA
2284 264 2368 319 IV.

3382 253 3489 313 I70

300 389 496 447 XVIII.
543 388 645 444 Διά
674 388 849 457 ,τοῦτο
896 386 1078 443 αὐτῶν
1119 384 1298 456 πολλῷ
1337 384 1557 437 ἔλαττον
1602 383 1651 434 οί
1696 385 1816 435 κατ’

1991 378 2175 435 XVIII.
2214 377 2481 445 Quocirca
2512 373 2683 430 multo
2710 373 2893 430 minus
2919 373 2987 429 iis
3016 372 3272 429 aberrant
3302 371 3378 426 illi
3400 374 3497 443 qui

227 484 403 558 ἀγρὸν
463 482 707 554 βιοῦντες
757 480 1249 553 ἐξαμαρτάνουσιν,
1291 477 1392 533 οὐκ
1420 463 1752 547 ’ν’ἒίσηγμένοι
1777 474 1818 506 ¹⁸

230 575 489 649 πονηρῶς
509 573 580 628 δι’
608 567 686 629 ὧν
715 573 1051 646 εἰσήχθησαν
1087 572 1137 624 οἱ
1167 569 1342 624 ταῦτα
1373 566 1679 639 τολμῶντες
1700 605 1715 631 ,
1755 566 1820 619 ὲκ

230 668 483 729 παιδείας
507 666 686 737 κακῆς
701 664 920 719 ἀσεϐεῖν
948 662 1347 735 μεμαθηκότες.
1377 661 1441 714 Ol
1469 658 1577 731 γὰρ
1609 660 1673 711 ὲκ
1695 674 1821 711 παι-

224 760 318 822 δὸς
349 758 440 812 διὰ
466 757 578 811 τῶν
609 757 867 811 τοιούτων
902 755 1087 827 μύθων
1113 753 1472 826 μανθάνοντες
1494 750 1819 823 γράμματα,

227 852 315 903 ἔτι
358 848 545 920 ἁπαλῇ
582 848 720 923 οὔσῃ
752 851 819 921 τῇ
860 848 1007 919 ψυχῇ
1057 845 1157 911 τὰς
1200 844 1309 899 τῶν
1340 843 1648 915 λεγομένων
1682 839 1821 894 θεῶν

228 941 452 1004 ἀσεϐεῖς
478 941 711 1014 πράξεις
739 942 820 1005 εἰς
845 940 935 994 τὸν
965 940 1146 995 αὐτῶν
1170 936 1478 1010 συμφύουσι
1498 935 1622 989 νοῦν
1638 951 1651 965 ·
1677 933 1820 1011 ὅθεν,

226 1034 635 1107 ὲπαυξηθείσης
651 1034 752 1105 τῆς
778 1032 1015 1106 ἡλικίας,
1049 1032 1127 1096 ὡς
1154 1030 1302 1085 κακά
1334 1030 1624 1101 σπέρματα
1654 1044 1823 1081 κατα-

226 1126 501 1198 ϐληθὲν-ιτα
526 1130 595 1199 τῇ
627 1127 776 1199 ψυχῇ
805 1124 1244 1197 τελεσφοροῦσιψ
1271 1123 1367 1177 καὶ
1395 1122 1458 1176 τὸ
1490 1120 1707 1175 πάντων
1726 1138 1824 1190 χα-

227 1216 568 1282 λεπώτατον,
603 1219 687 1272 ὅτι
713 1218 835 1272 οὐδὲ
856 1218 897 1249 ¹⁸
924 1217 1227 1287 ἐκκοπῆναι
1262 1214 1464 1287 ῥᾳδίως
1492 1212 1610 1266 ἐστὶ
1632 1211 1700 1265 τά
1734 1213 1823 1264 ὲν-

229 1310 586 1384 ερῤιζωμένα
609 1310 956 1383 ἀσεϐήματα,
975 1309 1178 1363 ὁπόταν
1198 1308 1241 1339 ¹⁶
1270 1306 1620 1379 ἀνδρωθεῖσιν
1642 1305 1824 1367 αὐτοῖς

229 1403 447 1474 χαλεπά
495 1400 636 1458 εἶναι
667 1403 878 1473 νοῆται.
944 1402 1034 1454 Ἐν
1071 1394 1152 1463 οἷς
1183 1399 1291 1472 γάρ
1326 1397 1439 1469 (85)
1486 1397 1715 1458 ἕκαστος
1759 1397 1824 1448 ὲκ

230 1496 443 1551 παίδων
475 1495 731 1561 ἐθίζεται,
763 1494 974 1558 τούτοις
1005 1493 1264 1565 ἐμμένειν
1291 1490 1607 1563 ήδεται,καὶ
1627 1488 1822 1552 οὕτως,

227 1588 333 1659 τῆς
367 1586 660 1661 συνηθείας
689 1587 751 1641 οὐ
797 1586 931 1641 πολὺ
972 1585 1192 1664 ἕλιξ-,πον
1240 1582 1377 1656 πρὸς
1407 1583 1505 1655 τήν
1539 1580 1701 1651 φύσιν
1735 1580 1827 1632 δυ·-

229 1680 496 1753 ναμένης,
549 1679 980 1752 δυσμετάϐλητοι
1027 1678 1267 1748 γίνονται
1317 1675 1455 1747 πρὸς
1484 1674 1553 1729 τὰ
1603 1674 1677 1746 μὴ
1728 1674 1822 1726 ἀπ’

230 1774 411 1845 ἀρχῆς
437 1773 623 1837 αὐτοῖς
658 1771 1072 1844 καταϐληθέντα
1100 1772 1166 1841 τῇ
1203 1769 1348 1840 ψυχῇ
1374 1766 1535 1821 καλά.

308 1864 471 1934 130
499 1862 670 1917 ΧΙΧ..
701 1860 794 1946 Διὸ
835 1863 943 1934 χρὴ
976 1863 1070 1916 καὶ
1115 1860 1242 1923 τοὺς
1274 1859 1427 1922 νέους
1465 1863 1539 1930 μή
1569 1858 1682 1920 τοῖς
1705 1856 1821 1909 δια-

230 1955 554 2027 φθείρουσιν
588 1954 876 2009 ἀσκεῖσθαι
905 1954 945 1987 ¹⁷
978 1952 1317 2025 μαθήμασιν,
1344 1952 1437 2005 καὶ
1463 1951 1589 2014 τοὺς
1617 1950 1709 2002 ἐπὶ
1726 1950 1826 2021 τῆς

228 2047 419 2118 ἀκμῆς
450 2047 612 2110 δντας
650 2045 922 2118 ἐπιμελῶς
954 2044 1377 2099 ὑποστέλλεσθαι
1409 2044 1509 2115 τῆς
1559 2042 1826 2114 Ἑλλήνων

229 2139 530 2194 ἐπακούειν
585 2138 926 2211 μυθολογίας.
962 2138 1104 2192 Πολὺ
1166 2137 1275 2210 γὰρ
1321 2136 1560 2208 ἀμαθίας
1608 2136 1828 2219 χείρονά

231 2232 355 2285 ἐστι
385 2231 457 2284 τὰ
489 2233 619 2304 παρ’
649 2230 834 2294 αὐτοῖς
862 2230 1185 2303 μαθήματα,
1208 2230 1284 2293 ὡς
1301 2230 1366 2282 ὲκ
1382 2227 1490 2281 τῶν
1515 2230 1635 2282 κατ’
1659 2227 1827 2299 ἀγρὸν

229 2325 551 2392 οἰκούντων,
592 2323 680 2378 διά
708 2322 771 2376 τὸ
805 2322 881 2394 μὴ
925 2321 1281 2393 παιδευθῆναι
1310 2320 1380 2372 τὰ
1408 2321 1539 2392 παρ’
1573 2319 1829 2390 Ἓλλησιν

230 2418 457 2474 ἔλαττον
512 2419 962 2491 ἁμαρτανόντων,
1014 2415 1399 2487 ἀπεδείξαμεν.
1444 2414 1712 2468 Φευκτέον
1762 2413 1827 2485 δὴ

231 2512 362 2577 τοὺς
394 2510 670 2575 τοιούτους
704 2510 907 2584 μύθους
935 2509 1115 2565 αὐτῶν
1149 2510 1244 2562 καὶ
1274 2506 1346 2561 τά
1390 2507 1594 2581 θέατρα
1628 2506 1724 2559 καὶ
1760 2506 1831 2560 τὰ

236 2604 456 2677 βιϐλίαο
491 2604 605 2658 είθε
632 2604 858 2658 δυνατὸν
889 2599 977 2675 ἦν,
1012 2603 1107 2655 καὶ
1136 2601 1236 2665 τὰς
1266 2598 1470 2663 πόλεις.
1498 2596 1698 2652 Κακῶν
1722 2596 1830 2670 γὰρ

236 2696 584 2768 μαθημάτων
645 2695 912 2767 γέμοντες
944 2694 1040 2748 καὶ
1072 2692 1325 2756 πνέοντες
1363 2696 1476 2755 τοῖς
1495 2691 1537 2725 ¹⁸
1568 2692 1831 2763 συναμιλ-

235 2789 525 2861 λωμὲνοις,
559 2787 748 2859 ὥσπερ
770 2787 973 2841 λύσσαν
999 2786 1063 2849 ¹⁹,
1101 2788 1217 2848 τοῖς
1250 2784 1475 2856 πλησίον
1520 2784 1832 2855 μεταδιδόα-

239 2900 332 2935 σιν
353 2876 430 2936 ὦν
472 2881 810 2937 πεπόνθασιν
842 2879 1015 2935 αὐτοί.
1056 2879 1130 2932 Τὸ
1160 2879 1218 2932 δὲ
1254 2877 1659 2949 χαλεπώτατον,
1684 2877 1832 2941 ὅστις

239 2976 374 3048 παρ’
407 2977 592 3039 αὐτοῖς
635 2976 818 3028 πλεῖον
865 2973 1249 3035 πεπαιδευται,
1284 2969 1465 3043 πολλῷ
1494 2968 1588 3023 τοῦ
1612 2970 1658 3002 ’⁸
1690 2971 1832 3024 κατὰ

239 3066 408 3135 φύσιν
430 3060 585 3130 οὗτος
604 3066 648 3098 ¹¹
679 3067 898 3138 φρονεῖν
928 3064 1318 3136 ὲκεέτραπται.

314 3156 435 3212 XX.
468 3158 627 3221 Τινὲς
653 3158 712 3211 δὲ
745 3157 855 3210 τῶν
887 3158 1017 3228 παρ’
1052 3157 1237 3219 αὐτοῖς
1267 3156 1360 3208 καὶ
1383 3154 1663 3225 φιλόσοφοι
1696 3149 1833 3209 εἶναι

237 3249 526 3315 ἀξιοῦντες
568 3249 637 3303 τά
686 3248 914 3303 τοιαῦτα
962 3249 1337 3320 ἁμαρτήματα
1370 3246 1640 3319 ἀδιάφορα
1668 3247 1712 3278 ⁸³
1748 3246 1832 3299 τί-

239 3340 451 3407 θενται,
483 3342 578 3393 καὶ
607 3341 733 3403 τοὺς
752 3341 846 3394 ἐπὶ
869 3342 991 3403 ταῖς
1010 3339 1288 3403 τοιαύταις
1314 3337 1544 3410 πράᾷσι
1576 3338 1835 3410 χαλεπαί-

238 3449 435 3494 νοντας
483 3433 741 3504 ἀνοήτους
780 3432 1055 3500 λέγουσιν.
1094 3431 1171 3483 UO
1220 3431 1331 3503 γάρ
1358 3432 1529 3495 ἐστιν,
1567 3432 1721 3502 φασὶ,
1763 3430 1835 3484 τά

236 3525 470 3578 τοιαῦτα
501 3526 567 3595 τῇ
610 3525 770 3593 φύσει
816 3524 1206 3596 ἁμαρτήματα,
1253 3524 1355 3577 δσα
1401 3522 1575 3587 θετοῖς
1621 3523 1833 3595 ἀπηγὸ-

244 3632 438 3688 ρευται
472 3616 658 3688 νόμοις
680 3616 786 3669 ὑπὸ
812 3615 923 3669 τῶν
951 3618 1072 3669 κατ’
1096 3615 1272 3687 ἀρχὰς
1299 3616 1607 3686 γενομένων
1631 3614 1831 3684 σοφῶν,

240 3708 333 3763 διὰ
358 3706 423 3761 τὸ
454 3706 671 3773 εἰδέναι,
714 3707 798 3761 δτι
826 3708 876 3760 oi
908 3707 1185 3779 ἅνθρωποι
1216 3706 1519 3777 εύριπίστῳ
1563 3706 1708 3779 ψυχῇ
1741 3707 1835 3760 ἐπὶ

239 3804 357 3864 τοῖς
389 3799 655 3864 τοιούτοις
688 3798 937 3872 μεγάλως
965 3799 1253 3870 ἀχθόμενοι
1289 3798 1426 3870 πρὸς
1451 3798 1710 3872 ἀλλήλους
1737 3798 1836 3852 πό-

242 3894 414 3966 λεμον
450 3891 717 3964 αἴρονται.
762 3885 862 3945 Ὧν
888 3891 1053 3977 ﬁgam
1090 3892 1253 3963 νόμον
1287 3891 1467 3955 θέντες
1497 3892 1547 3945 οἱ
1581 3891 1734 3961 σοφοὶ
1765 3891 1835 3945 τὰ

240 3986 474 4040 τοιαῦτα
503 3986 580 4049 ὡς
613 3985 989 4057 ἁμαρτήματα
1022 3984 1429 4056 ἀπηγόρευσαν.
1462 3984 1673 4038 Γελοῖον
1693 3983 1738 4014 ’³
1775 3982 1835 4037 δὲ

241 4077 423 4140 οὕτως
451 4076 877 4148 ὑπολαμϐάνειν.
908 4075 1035 4140 Πῶς
1064 4076 1173 4147 γὰρ
1201 4076 1297 4147 ούχ
1325 4076 1701 4149 ἁμαρτήματά
1726 4077 1835 4130 είσι

243 4170 317 4225 τὰ
351 4170 596 4243 θορύϐων
633 4171 785 4241 131
830 4171 924 4223 καὶ
958 4168 1131 4239 φόνων
1170 4170 1264 4223 καὶ
1296 4170 1544 4241 ταραχῆς
1580 4169 1761 4241 πάσης
1789 4170 1836 4201 ³⁸

245 4264 433 4329 circa;
462 4258 501 4335 ἦ
531 4263 640 4337 γὰρ
671 4264 772 4317 οὐκ
806 4263 873 4316 ὲκ
908 4262 1153 4333 μοιχείας
1176 4260 1546 4315 ἀνακύπτουσι
1580 4260 1710 4332 βίων
1739 4276 1835 4312 πε-

249 4356 541 4428 ριγραφαὶ,
589 4352 752 4409 οίκων
803 4354 1146 4419 ἀναστάσεις,
1197 4356 1444 4424 μαγεῖαι,
1490 4352 1651 4417 δόλοι,
1696 4352 1833 4405 ἀπο-

250 4448 367 4519 ρίαι
386 4447 432 4478 ⁸⁸
464 4447 559 4500 καὶ
586 4446 723 4501 ἄλλα
756 4444 926 4499 πλείω
953 4444 1128 4508 κακά;

320 4577 468 4635 XXI.
510 4578 670 4632 Ἀλλά
695 4578 785 4633 διὰ
813 4580 889 4643 τί,
916 4579 1100 4651 φησιν,
1134 4581 1163 4631 ὁ
1205 4580 1365 4651 ἀνὴρ,
1395 4578 1491 4633 ὲάν
1528 4581 1695 4650 ἀγνοῇ
1732 4581 1831 4651 τὴν

1921 471 2036 527 ruri
2059 473 2281 543 degunt,
2316 485 2425 524 non
2471 483 2637 539 prave
2668 467 2903 522 instituti
2932 466 2988 521 in
3030 464 3119 531 iis,
3149 464 3351 538 quibus
3392 464 3499 518 im-

1920 565 2036 619 buti
2068 572 2195 620 sunt
2225 563 2319 634 qui
2346 563 2452 618 ista
2485 562 2706 622 audent.
2732 560 2938 631 quique
2965 574 2995 613 a
3022 557 3165 612 mala
3191 556 3501 612 eruditione

1924 656 2252 726 impietatem
2280 654 2605 710 didicerunt.
2635 651 2771 707 Nam
2794 650 2890 722 qui
2915 666 2944 705 a
2970 664 3140 720 puero
3168 662 3266 719 per
3289 648 3389 703 has
3415 645 3501 703 fa“-

1922 746 2078 802 bulas
2093 746 2268 802 edocti
2289 756 2417 802 sunt
2446 746 2677 812 litteras,
2698 759 2824 800 cum
2862 742 3042 797 adhuc
3075 750 3227 795 tener
3256 745 3342 794 est
3375 737 3499 791 ani-

1922 854 2069 905 mus,
2101 839 2294 909 impias
2330 848 2642 909 putatorum
2675 834 3170 893 deorum~actioues
3194 830 3362 887 menti
3388 844 3502 885 sure

1923 931 2212 987 inserunt:
2243 947 2412 1003 quare
2442 932 2628 987 adulta
2658 938 2839 994 aetate,
2876 930 3053 983 instar
3094 926 3368 981 malorum
3414 937 3503 978 se-

1924 1025 2134 1079 minum
2162 1025 2216 1079 in
2260 1025 2500 1079 animam
2529 1024 2887 1094 dejectorum,
2922 1020 3161 1075 fructum
3190 1017 3413 1071 ferunt:
3446 1024 3502 1071 et

1923 1117 2069 1188 quod
2099 1126 2183 1173 est
2212 1118 2461 1172 omnium
2489 1116 2897 1188 gravissimum,
2932 1113 3095 1169 facile
3138 1127 3247 1167 non
3279 1110 3501 1167 exscin-

1924 1211 2129 1265 duntur
2146 1209 2981 1281 radicatzeimpietates,‘quando
3001 1207 3079 1263 illi
3103 1208 3206 1262 viri
3242 1205 3373 1262 facti
3402 1221 3502 1263 eas

1924 1319 2116 1373 graves
2148 1305 2451 1376 noxiasque
2481 1320 2605 1361 esse
2645 1304 2977 1376 intelligunt.
3025 1302 3082 1357 In
3128 1302 3331 1374 quibus
3351 1301 3500 1356 enim

1925 1400 2308 1471 unusquisque
2338 1416 2367 1454 a
2402 1400 2603 1455 teneris
2648 1398 2939 1466 assuescit,
2976 1398 3045 1454 iis
3093 1396 3254 1469 gestit
3296 1396 3499 1450 immo-

1925 1494 2037 1548 rari
2071 1512 2085 1548 :
2116 1495 2466 1566 sicque,quia
2495 1495 2837 1551 consuetudo
2859 1508 2969 1551 non
3001 1494 3176 1550 multo
3199 1493 3385 1548 minus
3405 1507 3502 1545 va-

1924 1587 1999 1643 let
2024 1604 2191 1659 quam
2223 1599 2444 1653 natura,
2482 1603 2629 1660 aegre
2669 1596 3069 1645 convertuntur
3117 1588 3185 1644 ad
3219 1603 3284 1643 ea
3314 1588 3456 1643 bona
3482 1627 3500 1654 ,

1924 1696 2049 1752 qua:
2077 1681 2350 1753 principio
2380 1682 2435 1737 in
2471 1682 2715 1752 ipsorum
2756 1682 2973 1738 animos
3007 1697 3117 1737 non
3155 1682 3377 1738 fuerunt
3418 1680 3504 1735 in-

1922 1774 2087 1845 jecta.

1995 1866 2139 1923 ΧΙΧ.
2178 1867 2362 1933 Quare
2379 1875 2613 1937 oportet,
2652 1874 2714 1923 ut
2743 1868 2897 1939 pueri
2927 1865 3361 1937 corruptricibus
3391 1879 3505 1920 non

1926 1972 2283 2017 exerceantur
2328 1961 2655 2031 disciplinis,
2685 1968 2740 2016 et
2766 1961 2860 2032 qui
2889 1960 2943 2015 in
2974 1960 3106 2016 [lore
3137 1960 3313 2015 aetatis
3349 1966 3501 2025 sunt,

1926 2052 2217 2122 diligenter
2262 2052 2624 2108 cohibeantur
2670 2050 2986 2109 Grmcorum
3031 2053 3223 2108 audire
3268 2051 3503 2106 fabulas.

1926 2142 2099 2199 Multo
2127 2146 2297 2211 enim,
2328 2160 2495 2216 quam
2529 2145 2771 2213 inscitia,
2807 2145 2962 2217 pejor
2991 2154 3075 2201 cst
3101 2160 3290 2201 eorum
3328 2144 3508 2200 scien-

1930 2237 2040 2305 tia;
2074 2239 2540 2308 quemadmodum
2578 2253 2646 2294 ex
2703 2239 2931 2294 rusticis
2975 2238 3341 2305 ostendimus,
3373 2236 3504 2307 qui,

1928 2330 2078 2400 quod
2125 2331 2371 2387 Graecam
2422 2348 2530 2387 non
2578 2341 2911 2402 acceperunt
2949 2331 3336 2397 eruditionem,
3380 2345 3508 2400 pec-

1930 2432 2058 2479 cant
2087 2426 2290 2481 minus.
2323 2425 2533 2496 Fugere
2560 2425 2727 2496 igitur
2755 2432 2971 2495 oportet
3004 2425 3141 2481 tales
3171 2424 3391 2480 illorum
3423 2423 3509 2480 fa-

1930 2517 2111 2585 bulas,
2144 2526 2199 2573 ct
2231 2518 2464 2583 theatra,
2492 2528 2547 2573 et
2571 2518 2765 2587 libros,
2798 2525 2872 2586 et,
2898 2517 3107 2573 utinam
3132 2516 3251 2573 ﬁeri
3280 2515 3504 2587 posset!

1929 2609 2098 2665 etiam
2120 2611 2389 2666 civitates.
2416 2609 2681 2666 Maiarum
2708 2610 2858 2666 enim
2886 2609 3295 2666 institutionum
3329 2607 3510 2665 homi-

1932 2717 2032 2758 nes
2074 2703 2220 2773 pleni
2263 2711 2318 2758 et
2360 2702 2665 2772 spirantes,
2712 2702 3193 2773 congredientibus
3216 2700 3507 2770 proximis,

1932 2802 2193 2865 tanquam
2213 2796 2440 2861 rabiem,
2464 2810 2585 2867 quae
2598 2795 2700 2865 ipsi
2715 2794 2861 2865 passi
2876 2804 3002 2850 sunt
3018 2793 3257 2848 tradunt.
3277 2792 3340 2848 Et
3361 2793 3511 2865 quod

1932 2901 2015 2943 est
2038 2888 2362 2957 pessimum,
2394 2888 2710 2958 quicunque
2736 2886 2879 2956 apud
2907 2900 3003 2941 eos
3032 2885 3206 2956 magis
3231 2894 3316 2941 est
3351 2886 3512 2941 insti-

1933 2990 2109 3045 tutus,
2142 2982 2262 3050 plus
2301 2980 2371 3036 ab
2402 2994 2488 3046 ea,
2524 2993 2645 3050 quae
2674 2979 2978 3036 secundum
3011 2988 3262 3035 naturam
3290 2987 3511 3044 θείη-ει-

1728 3084 1797 3104 ··*
1858 3083 1902 3140 c
1932 3074 2080 3129 tione
2110 3072 2351 3129 deﬂexus
2385 3081 2488 3127 est.

2005 3164 2122 3219 XX.
2163 3164 2396 3233 Quidam
2428 3174 2607 3219 autem
2650 3164 2795 3219 inter
2828 3178 2944 3230 eos,
2983 3164 3076 3233 qui
3104 3170 3157 3217 et
3196 3161 3511 3233 philosophi

1933 3273 2055 3314 esse
2085 3258 2415 3329 gloriantur,
2447 3256 2551 3312 ista
2595 3264 2819 3326 peccata
2864 3255 3072 3311 faciunt
3104 3255 3509 3324 indiﬂ‘crentia,

1934 3366 2161 3421 eosque,
2208 3351 2304 3421 qui
2337 3350 2538 3405 talibus
2577 3357 2905 3405 succensent
2945 3348 3284 3417 actionibus,
3310 3350 3512 3407 stultos

1935 3444 2147 3499 dicunt.
2197 3442 2314 3497 Non
2345 3442 2515 3509 enim,
2554 3442 2832 3512 inquiunt,
2860 3442 2977 3496 haec
3002 3451 3198 3496 natura
3224 3450 3355 3497 sunt
3385 3458 3514 3513 pec-

1934 3548 2078 3604 cata,
2106 3552 2229 3607 quas
2260 3552 2357 3607 per
2396 3536 2535 3591 latas
2584 3536 2731 3605 leges
2774 3535 3063 3590 interdicta
3095 3546 3224 3591 sunt
3252 3551 3284 3591 a
3317 3536 3512 3607 primis

1934 3629 2293 3700 sapientibus,
2319 3628 2528 3683 scilicet
2562 3627 2763 3698 quibus
2798 3628 3140 3698 exploratum
3164 3641 3303 3700 erat,
3327 3631 3512 3687 homi-

1937 3737 2036 3778 nes
2073 3720 2265 3776 mobili
2291 3721 2453 3776 facile
2479 3722 2688 3786 animo,
2713 3721 2859 3777 circa
2896 3722 3023 3777 talia
3056 3723 3408 3780 vehementer
3428 3724 3513 3781 of-

1935 3812 2141 3879 fensos,
2186 3813 2389 3868 bellum
2425 3812 2480 3867 in
2529 3828 2590 3869 se
2620 3822 2814 3868 mutuo
2843 3823 3199 3885 suscepturos
3227 3835 3241 3872 :
3273 3832 3514 3889 quapro-

1934 3916 2055 3978 pter
2087 3906 2383 3976 sapientes,
2416 3905 2534 3976 lege
2558 3906 2760 3976 posita,
2792 3905 2898 3961 ista
2930 3907 3075 3961 velut
3096 3908 3292 3963 delicta
3319 3910 3511 3980 prohi-

1937 4001 2127 4056 buere.
2158 3997 2235 4055 Ita
2285 4012 2414 4053 vero
2447 3997 2705 4053 arbitrari
2734 4006 2819 4054 est
2860 3998 3175 4055 ridiculum.
3213 3999 3334 4068 Qua
3359 4003 3511 4059 enin

1935 4094 2148 4149 ratione
2177 4102 2399 4162 peccata
2422 4105 2528 4146 non
2554 4100 2702 4159 sunt,
2730 4106 2853 4161 quae
2884 4091 3155 4149 tumultus
3176 4095 3511 4164 producunt,

1934 4196 1990 4243 et
2032 4184 2349 4250 homicidia,
2398 4199 2727 4254 omnemque
2760 4186 3274 4242 conturbationem?
3318 4186 3512 4244 Nonne

1935 4278 2083 4334 enim
2122 4294 2189 4333 ex
2218 4278 2486 4333 adulterio
2532 4276 2789 4332 oriuntur
2826 4276 3040 4334 festina:
3075 4288 3302 4347 mortes,
3348 4278 3512 4335 fami-

1937 4370 2133 4426 liarum
2167 4370 2631 4441 perturbationes,
2677 4370 2889 4441 magiae,
2933 4369 3176 4437 fraudes,
3206 4372 3510 4444 angustiae,

1938 4472 1993 4519 et
2020 4463 2175 4534 plura
2206 4463 2313 4517 alia
2343 4462 2525 4517 mala?

2011 4573 2155 4629 XXI.
2183 4575 2288 4630 Sed
2313 4590 2432 4641 cur,
2458 4574 2657 4644 inquit,
2677 4574 2762 4629 vir
2782 4574 2829 4630 si
2861 4575 3077 4647 ignorat
3102 4590 3329 4633 uxorem
3353 4593 3511 4634 suam

1504 4712 1745 4770 VABIAE
1794 4708 2200 4768 LECTIONES.

324 4854 372 4890 ιδ
405 4847 784 4920 εἰσηγούμενοι
808 4846 872 4902 Ο.
951 4848 994 4881 ’³
1024 4846 1104 4901 Ita
1139 4846 1179 4901 S
1208 4846 1380 4920 Labra
1407 4848 1468 4909 C,
1491 4848 1555 4903 Ο.
1623 4849 1666 4879 ¹⁶
1693 4851 1841 4904 ὁπότ’
1860 4850 2146 4906 άνΟ.Τιιιη
2174 4849 2361 4919 νοῆται
2384 4847 2429 4904 Ο
2474 4865 2525 4905 c.
2558 4849 2597 4905 S
2626 4890 2639 4914 ,
2669 4852 2867 4904 νοεῖται
2894 4850 2956 4905 C.
3017 4852 3059 4884 ⁸⁷
3081 4851 3365 4906 ἀσκεῖσθαι
3392 4868 3511 4908 var.

249 4920 379 4974 lect.
398 4916 696 4992 _ap.'Jo_a'n.
724 4918 880 4992 Dant.
911 4920 1198 4992 qceilente
1218 4916 1263 4992 ς)
1285 4959 1309 4992 _,
1340 4920 1815 4992 quam_lcctionrm
1841 4922 2040 4992 merito
2068 4916 2414 4992 commendat
2433 4921 2495 4987 C,
2521 4920 2808 4992 ἀρκεῖσθαι
2828 4922 2967 4975 idem
2987 4923 3041 4975 in
3065 4932 3235 4976 textu.
3269 4991 3273 4992 ί
3314 4923 3358 4955 ³⁸
3385 4924 3510 4978 Dele

248 4993 365 5052 τοῖς
391 4987 501 5058 εχ
530 4992 572 5029 ¹ο
605 4988 809 5052 λύσσας
829 4987 894 5043 Ο.
923 4987 1060 5041 Tum
1090 4988 1461 5058 μεταδιδοῦσιν
1488 4990 1550 5044 C.

1653 4990 1697 5021 ‘°
1729 4990 1806 5063 lt_a
1832 4991 1871 5046 S
1904 5034 1937 5063 ,ᾼ
1950 4993 2027 5063 τῷ
2052 4990 2093 5046 C
2125 5031 2139 5055 ,
2162 4989 2356 5063 c0t_(_)._
2382 4989 2770 5063 Reponeudum
2802 5002 2935 5062 puto
2965 5010 2978 5045 :
3009 4992 3188 5063 πολλῷ
3230 4991 3322 5046 τὸν
3371 5005 3509 5046 κατα

249 5046 417 5132 φύσιν
442 5054 600 5132 οὗτος
624 5046 838 5130 φρονῶν
862 5046 1322 5132 εκτέτραπτααυ.
1400 5060 1551 5132 “Ita
1584 5058 1639 5132 O_
1668 5076 1733 5132 Ac.
1763 5060 1804 5113 D
1836 5102 1851 5128 ,
1883 5046 2058 5126 οὓτως
2108 5046 2170 5118 C.
2251 5060 2296 5132 ξ’
2339 5059 2417 5116 Ita
2455 5046 2515 5132 ἐι
2543 5060 2606 5126 0,
2659 5075 2772 5116 sec.
2804 5046 2978 5116 'man.
3008 5063 3071 5132 in
3108 5046 3372 5132 margine,
3415 5064 3509 5117 καὶ

248 5128 491 5203 διάφορα
520 5131 575 5184 in
609 5128 817 5203 testu.“
866 5130 918 5203 ’ἦ
955 5128 1085 5183 Inde
1116 5143 1146 5182 a
1181 5130 1361 5203 verbis
1389 5129 1596 5203 γελοῖον
1618 5130 1679 5203 δέ
1704 5132 1955 5203 Clemens
1978 5146 2080 5203 suo
2124 5130 2345 5187 nomine
2385 5130 2588 5203 refutat
2616 5145 2736 5203 eam
2785 5128 3316 5203 sententiam,quam
3350 5128 3506 5187 antea

250 5198 608 5271 exposuerat.
644 5198 705 5255 S.
780 5198 830 5233 ’⁸
851 5198 1030 5270 πάσης
1059 5199 1387 5269 παραχῆςα.
1463 5201 1508 5240 ’³
1533 5198 1670 5254 Vbb.
1698 5200 1861 5256 οἴκων
1882 5200 2226 5266 ἀναστάσεις,
2297 5204 2496 5270 αγεῖαι,
2521 5201 2682 5265 δόλοι,
2710 5201 2936 5276 ἀπορίαι
2960 5198 3309 5259 accesserunt
3334 5203 3459 5259 exO
3484 5221 3498 5271 ;

250 5287 372 5326 var.
398 5270 527 5326 lect.
553 5285 642 5326 an.
666 5268 709 5326 C
756 5279 880 5326 post
909 5270 1244 5326 περιγραφαὶ
1264 5268 1391 5326 add.
1418 5269 1583 5324 οἴκων
1610 5271 1952 5326 καταλύσεις.
1984 5276 2224 5326 μαγεῖαι.
2250 5220 2409 5326 δόλοι.
2439 5271 2683 5326 ἀπορίαι.

250 5268 372 5326 var.
398 5270 527 5326 lect.
553 5285 642 5342 ap.
666 5268 709 5326 C
756 5279 880 5342 post
909 5268 1244 5342 περιγραφαὶ
1264 5268 1391 5326 add.
1418 5269 1583 5324 οἴκων
1610 5271 1952 5339 καταλύσεις,
1982 5276 2224 5344 μαγεῖαι,

2308 5272 2409 5337 λοι,
2439 5271 2683 5345 ἀπορίαι.

1570 5409 1939 5467 νΑῐιιοιιυΜ
1973 5411 2208 5468 ΝΟΤᾸΕ.

327 5523 443 5595 (85)
489 5523 1003 5599 ξεν-οῖςῗχὰρ.......
1055 5528 1438 5598 μυθολογίας.
1476 5526 1825 5599 Suhjungun-

1929 5528 2091 5600 hanc,
2115 5528 2339 5600 omnino
2361 5537 2507 5600 certe
2540 5526 2969 5600 amplectendam
3019 5525 3321 5587 ἀσκεῖσθαι,
3350 5539 3493 5578 επενι

253 5595 547 5671 tur__cap_iti
583 5595 641 5648 ll
677 5609 709 5648 a
732 5595 790 5671 Sf
818 5595 1189 5671 Damasceno,
1228 5614 1258 5653 a
1296 5595 1409 5671 quo
1438 5595 1677 5671 citantur
1693 5595 1821 5654 cum
1924 5598 2050 5664 ceri,
2065 5613 2167 5668 pro
2191 5599 2495 5671 ἀρκεῖσθαι.
2524 5595 2665 5658 Cof.

257 5664 591 5737 quibusdam
637 5665 790 5734 parvi
827 5669 1086 5723 momenti
1124 5664 1510 5735 varietatibus,
1544 5669 1590 5725 si
1631 5668 1822 5725 demas

582 5758 840 5822 Pauor.
895 5761 1013 5825 Gn.
1064 5760 1143 5823 II.

3186 5752 3230 5821 6
