3894 6208
450 292 543 349 ΠΙ

1296 292 1355 349 S.
1396 288 1783 348 CLEMENTIS
1822 291 1841 346 I
1876 289 2043 347 ROM.
2086 288 2287 346 ΡΟΝΤ.
2318 289 2550 348 OPERA
2578 288 2802 349 DUBIA.

3592 292 3705 348 I72

443 411 773 477 adulterare,
818 409 1083 482 zelotypia
1126 424 1237 463 non
1282 408 1525 475 effertur,
1557 423 1667 463 non
1714 408 2011 474 irascitur,

2118 405 2311 461 ἑαυτοῦ
2354 407 2587 476 γυναῖκα
2633 404 3047 478 μοιχευομένην,
3090 406 3154 462 οὐ
3185 404 3357 480 ζηλοῖ,
3393 406 3455 461 ού
3492 406 3702 478 θυμοῦ-

444 522 552 561 nou
592 508 981 571 tumultuatur,
1021 518 1132 558 non
1176 503 1319 559 bella
1369 503 1510 558 ciet?
1541 501 1730 572 Itaque
1767 503 1871 559 ista
1903 518 2014 559 non

440 608 571 655 sunt
608 608 801 653 natura
844 598 1010 662 mala,
1043 612 1232 653 verum
1276 596 1465 666 iniqua
1497 596 1782 651 hominum
1829 597 2015 666 opinio

438 691 625 759 gravia
654 706 717 746 ea
749 689 899 749 facit.
932 688 1046 761 Ego
1075 698 1260 745 autem
1291 689 1399 756 aio,
1438 689 1603 759 quod,
1635 688 1888 759 quamvis
1923 688 2014 744 illa

438 796 549 836 non
602 782 853 837 accidant
925 781 1292 847 incommoda,
1338 798 1405 837 ex
1450 782 1847 837 consuetudine
1888 796 2013 835 cum

438 874 711 929 adulterio
739 872 820 939 ﬁt,
856 881 916 928 ut
944 874 1027 928 vel
1063 874 1295 929 maritus
1344 874 1653 938 deseratur,
1684 873 1768 929 vel
1794 882 1849 928 et
1875 888 2016 928 uxor

437 964 663 1019 insidias
692 973 889 1033 struat,
925 966 1009 1021 vel
1056 966 1248 1021 labore
1280 965 1383 1021 viri
1430 977 1588 1035 parta
1635 966 1852 1021 moecho
1877 981 2015 1036 pra:-

436 1056 593 1123 beat;
634 1065 802 1127 utque
831 1070 1057 1128 peregre
1084 1058 1330 1129 profecto
1358 1060 1609 1130 conjuge,
1661 1075 1786 1116 cum
1821 1060 1910 1115 illa
1944 1075 2013 1115 ex

435 1150 681 1205 adultero
713 1152 1048 1222 conceperit,
1080 1160 1228 1208 metu
1261 1153 1711 1223 reprehensionis
1746 1152 1887 1208 uteri
1933 1152 2013 1208 fe-

434 1254 549 1300 tum
581 1247 787 1302 nitatur
806 1246 1134 1315 labefacere,
1165 1248 1369 1317 ﬁatque
1388 1247 1727 1314 infanticida,
1752 1246 1858 1312 vel,
1881 1247 2010 1301 dum

433 1338 637 1407 perdit,
664 1338 778 1410 ipsa
805 1340 970 1396 simul
992 1349 1201 1411 pereat.
1231 1338 1387 1406 Quod
1417 1340 1486 1406 si,
1520 1356 1644 1393 cum
1667 1354 1729 1394 ea
1758 1351 2013 1395 manente

432 1431 574 1499 viro,
607 1446 672 1486 ex
698 1433 917 1487 moecho
940 1432 1256 1502 concipiens
1282 1433 1446 1502 parit,
1470 1432 1735 1488 educatus
1754 1447 1888 1503 puer
1914 1448 2012 1503 pa-

432 1532 571 1579 trem
589 1526 783 1592 nescit,
803 1540 929 1581 eum
952 1541 1081 1581 vero
1097 1528 1190 1597 qui
1221 1543 1331 1581 non
1348 1536 1451 1593 est,
1475 1543 1597 1583 esse
1613 1536 1767 1598 putat
1787 1546 1801 1594 ;
1821 1529 2011 1600 sicque

431 1618 715 1686 moriens,
770 1620 865 1691 qui
927 1629 1081 1690 pater
1124 1634 1235 1676 non
1293 1630 1414 1687 est,
1458 1622 1640 1676 alieno
1696 1623 1808 1676 lilio
1866 1623 2009 1677 bona

433 1703 911 1782 suadisrel-inquit.
942 1711 1155 1779 Quanta
1171 1720 1353 1767 autem
1379 1721 1435 1767 et
1458 1714 1566 1767 alia
1590 1714 1731 1768 mala
1755 1716 1827 1768 'ex
1852 1715 2007 1769 adul-

432 1806 554 1862 terii
588 1816 784 1863 natura
816 1804 950 1862 oriri
974 1803 1505 1862 solenti‘Nescimus
1529 1814 1709 1860 tamen
1734 1806 2002 1861 malorum

430 1902 663 1956 occulta.
697 1901 1173 1969 Quemadmodum
1205 1902 1352 1957 enim
1385 1902 1640 1956 rabiosus
1667 1902 1843 1966 canis,
1866 1911 2006 1971 quos

429 1998 622 2069 tangit,
657 1998 940 2066 interimit,
974 1998 1407 2054 occultissimam
1455 1996 1662 2053 rabiem
1697 1998 2008 2052 communi-

429 2113 584 2163 cans,
639 2097 712 2151 ita
764 2105 819 2152 et
871 2096 1125 2152 adulterii
1178 2096 1565 2152 absconditum
1622 2096 1854 2165 malum,
1904 2098 2005 2153 etsi

429 2191 731 2260 ignoretur,
761 2190 1099 2261 posteritatis
1122 2200 1381 2261 procurat
1402 2192 1791 2248 exscisinnem.

495 2368 661 2423 XXII.
706 2367 909 2424 Verum
954 2369 1056 2425 hoc
1080 2385 1228 2427 nunc
1266 2370 1664 2443 relinquamus.
1694 2370 1831 2429 Illud
1860 2384 2008 2428 certe

426 2461 634 2517 scimus
675 2476 867 2518 omnes
888 2500 903 2526 ,
946 2462 1269 2533 plerumque
1313 2477 1435 2517 eam
1464 2462 1536 2517 ob
1568 2478 1791 2518 causam
1824 2463 2007 2518 homi-

426 2572 526 2611 nes
568 2556 831 2611 ell'renate
862 2558 1051 2625 irasci,
1094 2567 1380 2628 propterea
1414 2558 1553 2613 bella
1585 2567 1801 2624 exorta,
1832 2556 2005 2614 factas

426 2648 719 2703 domorum
772 2650 1108 2717 eversiones,
1164 2666 1229 2706 ac
1268 2651 1485 2705 urbium
1535 2650 2002 2723 expugnationes,

426 2741 643 2811 aliaque
685 2742 996 2797 innumera.
1029 2741 1212 2809 Quare
1241 2758 1342 2814 ego
1382 2745 1449 2798 ad
1492 2756 1743 2798 sanctum
1788 2741 2006 2798 Iudaeo-

427 2851 548 2889 rum
596 2834 764 2889 Deum
813 2844 1168 2904 sanctamque
1192 2836 1510 2891 earumdem
1543 2837 1717 2908 legem
1751 2835 2001 2908 confugi;
2046 2857 2054 2867 ·

426 2942 553 2982 cum
569 2927 727 2981 fidem
743 2936 895 2983 certo
910 2927 1119 2997 judicio
1135 2929 1473 2994 habuissem,
1490 2932 1635 3000 quod
1660 2948 1724 2987 ex
1748 2931 1839 2986 Dei
1851 2931 2004 3002 jusln

2116 518 2226 564 ται,
2256 500 2317 553 ού
2348 499 2592 571 θορυϐεῖ,
2638 500 2699 552 οῦ
2733 498 2987 570 πολεμεῖ;
3025 499 3213 563 Οὕτως
3235 500 3333 553 οῦκ
3357 498 3559 570 ἕστιτῇ
3594 497 3698 573 φύ-
3738 508 3747 515 “

2118 610 2201 647 σει
2241 593 2312 647 τὰ
2338 593 2560 647 τοιαῦτα
2594 593 2759 657 κακὰ,
2806 593 2943 648 ἀλλά
2986 596 3019 665 ἡ
3053 594 3243 663 άλογος
3275 592 3575 665 ἀνθρώπων
3607 592 3697 645 δό-

2114 702 2276 758 κησις
2300 685 2474 739 ταῦτα
2504 686 2809 740 δεινοποιεῖ.
2859 685 3000 755 Ἐγὼ
3028 686 3085 739 δέ
3128 703 3290 757 φημι,
3328 685 3430 748 ὅτι,
3479 682 3582 737 κᾶν
3618 685 3698 755 μὴ

2113 778 2183 832 τά
2229 778 2381 832 δεινά
2423 778 2599 833 ταῦτα
2651 778 2959 852 συμϐαίνῃ,
3003 778 3278 849 ἐνδέχεται
3329 775 3585 847 συνηθείᾳ
3625 777 3698 847 τῇ

2115 871 2253 945 πρὸς
2284 871 2376 925 τὸν
2407 873 2594 944 μοιχὸν
2622 874 2654 945 ἢ
2686 873 2775 927 τὸν
2806 873 2977 946 ἄνδρα
3015 871 3323 934 ἀπολιπεῖν,
3359 869 3393 941 ἢ
3438 869 3531 922 καὶ
3569 884 3699 921 συν-

2114 966 2366 1021 οικοῦσαν
2395 967 2797 1032 ἐπιϐουλεῦσαι,
2826 967 2858 1039 ἢ
2898 966 2967 1020 τὰ
2991 965 3084 1019 τοῦ
3112 964 3305 1036 ἀνδρὸς
3329 963 3482 1033 κόπῳ
3520 978 3698 1015 πεπο-

2115 1060 2345 1131 ρισμένα
2369 1060 2447 1132 τῷ
2475 1060 2649 1132 μοιχῷ
2677 1062 2979 1132 παρασχεῖν
2996 1077 3010 1090 ο
3044 1059 3139 1111 καὶ
3169 1056 3576 1127 ἀποδημοῦντος
3598 1053 3697 1107 τοῦ

2113 1153 2306 1225 ἀνδρὸς
2334 1152 2703 1208 συλλαϐοῦσαν
2729 1154 2795 1207 ὲκ
2820 1152 2917 1206 τοῦ
2952 1152 3165 1223 μοιχοῦ,
3211 1150 3301 1203 διά
3329 1150 3390 1202 τὸ
3429 1147 3697 1201 αἰδεῖσθαι

2110 1248 2203 1301 τὸν
2228 1248 2468 1320 ἔλεγχον,
2498 1248 2561 1301 τὸ
2588 1248 2729 1302 κατά
2758 1245 2998 1317 γαστρὸς
3043 1245 3261 1315 φθεῖραι
3298 1242 3555 1313 θελῆσαι,
3598 1241 3698 1293 καὶ

2111 1342 2366 1411 γενέσθαι
2405 1340 2772 1403 τεκνοκτόνον,
2815 1339 2848 1411 ἢ
2888 1338 2983 1392 καὶ
3012 1338 3336 1409 φθείρουσαν
3368 1334 3695 1405 συμφθαρῆ-

2112 1453 2219 1489 ναι.
2237 1437 2300 1488 Εἰ
2322 1435 2401 1497 δὲ,
2421 1434 2668 1497 συνόντος
2695 1432 2789 1486 τοῦ
2802 1430 3015 1503 ἀνδρὸς,
3043 1432 3108 1485 ὲκ
3139 1429 3327 1502 μοιχοῦ
3355 1427 3695 1482 συλλαϐοῦσα

2110 1529 2280 1595 τέκοι,
2310 1529 2645 1601 ἀνατραφεὶς
2670 1530 2699 1582 ό
2721 1531 2851 1590 παῖς
2877 1525 2968 1579 τὸν
3001 1525 3101 1597 μὲν
3129 1525 3343 1595 πατέρα
3373 1523 3577 1591 ἀγνοεῖ,
3597 1520 3694 1574 τὸν

2109 1622 2167 1675 δὲ
2194 1624 2293 1676 ούκ
2318 1623 2446 1678 ὄντα
2473 1623 2704 1694 νομίζει,
2731 1622 2826 1675 καὶ
2850 1620 3020 1683 οὕτως
3046 1620 3075 1671 ό
3113 1618 3187 1689 μὴ
3214 1617 3397 1688 πατὴρ
3425 1614 3694 1669 τελευτῶν

2110 1718 2373 1790 ἀλλοτρίῳ
2404 1718 2554 1772 παιδὶ
2576 1717 2668 1769 τὸν
2695 1713 2891 1769 ἑαυτοῦ
2930 1710 3247 1767 καταλείπει
3278 1708 3411 1779 βίον.
3443 1708 3592 1761 Πόσα
3627 1706 3689 1760 δὲ

2109 1814 2204 1865 καὶ
2231 1810 2367 1866 ἀλλα
2396 1810 2543 1864 κακά
2569 1811 2634 1862 ὲκ
2664 1809 2764 1879 τῆς
2809 1807 3053 1879 μοιχείας
3084 1802 3327 1874 φυσικῶς
3353 1800 3689 1855 ἀνακύπτειν

2110 1905 2287 1975 φιλεῖι
2319 1906 2413 1958 καὶ
2437 1904 2537 1957 οὐκ
2562 1902 2718 1973 ίσμεν
2752 1901 2821 1954 τά
2852 1900 3060 1971 κρύφια
3085 1898 3193 1951 τῶν
3233 1894 3439 1948 κακῶν.
3474 1894 3689 1962 Ὥσπερ

2108 1999 2216 2071 γὰρ
2236 2001 2263 2051 ό
2282 1996 2493 2051 λυσσῶν
2524 1994 2671 2050 κύων
2690 1993 2911 2056 τούτους
2936 1994 3150 2063 ἀναιρεῖ
3174 1983 3357 2060 ὧνπερ
3395 1987 3461 2041 ἂν
3480 1984 3686 2055 ψαύσῃ,

2108 2092 2208 2163 τῆς
2230 2091 2608 2163 ἀφανεστάτης
2638 2089 2842 2160 λύσσης
2868 2086 3200 2158 μεταδιδοὺς,
3233 2082 3378 2137 οὕτω
3404 2083 3450 2115 ³⁸
3466 2080 3562 2133 καὶ
3590 2079 3692 2149 τῆς

2112 2187 2359 2257 μοιχείας
2376 2186 2437 2238 τὸ
2465 2185 2694 2256 κρύφιον
2720 2183 2912 2246 κακὸν,
2949 2178 3051 2233 κᾶν
3075 2177 3357 2249 ἀγνοῆται,
3389 2174 3491 2245 τῆς
3510 2171 3689 2226 διαδο-

2108 2280 2209 2350 χῆς
2236 2280 2335 2351 τὴν
2384 2280 2624 2350 ἐκκοπὴν
2648 2277 3019 2349 ἐξεργάζεται.

2182 2370 2339 2440 132
2370 2368 2537 2425 XXII.
2583 2368 2742 2422 Ἀλλά
2766 2367 2926 2421 τοῦτο
2965 2365 3063 2437 μὲν
3086 2363 3180 2418 νῦν
3203 2364 3336 2435 ἡμῖν
3362 2356 3690 2430 παραλελει-

2108 2460 2245 2531 φθω.
2302 2462 2506 2515 Ἐκεῖνο
2552 2461 2611 2515 δὲ
2664 2462 2905 2524 ἀπαντες
2924 2460 2967 2491 ’⁷
3013 2458 3191 2529 ίσμεν,
3228 2456 3305 2519 ὡς
3347 2455 3550 2508 ἐπίπαν
3594 2451 3695 2506 ἐπὶ

2104 2554 2281 2626 τούτῳ
2311 2557 2437 2618 τοὺς
2470 2555 2667 2627 ἄνδρας
2696 2553 3065 2623 ἀνεπισχέτως
3090 2548 3559 2622 δυσχεραίνοντας,
3586 2563 3691 2601 πο-

2105 2648 2303 2719 λέμους
2334 2665 2393 2701 τε
2414 2649 2459 2679 ³⁸
2481 2649 2575 2702 ἐπὶ
2604 2648 2779 2720 τούτῳ
2820 2646 3243 2719 έγηγερμένους,
3280 2644 3374 2696 καί¹
3394 2643 3559 2695 οἴκων
3596 2657 3695 2710 γε-

2105 2743 2336 2813 νομένας
2381 2742 2712 2815 ἀνατροπάς,
2750 2743 2844 2796 καὶ
2893 2740 3100 2793 πόλεων
3144 2737 3393 2800 ἁλώσεις,
3429 2737 3525 2789 καὶ
3552 2734 3694 2789 ἀλλα

2108 2834 2297 2907 μυρία.
2336 2835 2436 2888 Διά
2454 2835 2618 2905 ,θεοῦτο
2648 2833 2758 2905 ἐγὼ
2786 2834 2866 2903 τῷ
2896 2834 3036 2903 ἁγίῳ
3052 2832 3097 2863 ¹⁹
3124 2831 3234 2883 τῶν
3276 2829 3542 2883 Ἰουδαίων
3568 2826 3689 2899 Θεῷ

2105 2930 2200 2983 καὶ
2228 2929 2377 3000 νόμῳ
2402 2928 2763 3001 προσέφυγον,
2792 2923 3151 2987 ἀποδεδωκὼς
3178 2925 3278 2995 τὴν
3300 2923 3482 2976 πίστιν
3512 2923 3693 2991 ἀσφαι

420 3019 632 3091 judicio
659 3028 715 3076 et
742 3022 826 3075 lex
856 3020 964 3076 fixa
1006 3020 1078 3076 sit
1111 3036 1175 3075 ac
1203 3020 1517 3087 definita,et
1563 3024 1746 3079 anima
1776 3026 2003 3080 omnino

2110 3021 2190 3075 λεῖ
2204 3022 2247 3053 ³ο
2271 3024 2337 3092 τῇ
2371 3022 2571 3092 κρίσει,
2605 3022 2688 3073 ὅτι
2714 3022 2778 3073 ὲκ
2803 3021 2899 3091 τῆς
2926 3019 3020 3072 τοῦ
3050 3017 3185 3071 Θεοῦ
3209 3017 3421 3080 δικαίας
3453 3016 3691 3087 κρίσεως

424 3129 528 3185 pro
559 3113 775 3171 meritis
807 3130 1021 3183 eorum,
1054 3130 1177 3186 quae
1204 3117 1394 3187 gessit,
1429 3116 1729 3187 aliquando
1755 3119 1997 3189 recipiet.

2110 3116 2201 3168 καὶ
2253 3115 2417 3185 νόμος
2467 3113 2724 3185 ῶρισται,
2782 3112 2878 3165 καὶ
2930 3114 2963 3183 ή
3015 3112 3161 3183 ψυχὴ
3211 3110 3427 3173 πάντως
3459 3108 3523 3162 τὸ
3564 3109 3691 3161 κατ’

496 3291 683 3347 XXIII.
724 3289 849 3349 Haec
881 3308 1004 3349 cum
1034 3293 1327 3361 dixissem,
1358 3295 1570 3366 Appion
1603 3296 1839 3351 orationi
1878 3297 2005 3353 sub-

418 3387 553 3460 jecit
583 3406 597 3443 :
628 3386 771 3455 Quid
802 3388 988 3443 enim?
1019 3403 1223 3452 nonne,
1254 3388 1456 3458 inquit,
1492 3397 1547 3443 et
1572 3388 1891 3446 Graecorum
1926 3392 2004 3447 le-

424 3495 519 3550 ges
547 3479 687 3535 mala
722 3480 1037 3550 prohibent,
1077 3488 1130 3534 et
1152 3480 1436 3536 adulteros
1466 3482 1741 3551 puniunt?
1772 3482 1886 3554 Ego
1922 3499 2002 3539 re-

423 3572 619 3644 spondi
650 3589 665 3627 :
696 3572 839 3644 Ergo
867 3570 1187 3627 Graecorum
1229 3572 1328 3641 dii,
1365 3576 1512 3645 quod
1559 3577 1836 3631 contraria
1869 3577 2002 3648 legi-

421 3667 526 3723 bus
545 3666 771 3736 l‘aciunt,
802 3668 1129 3738 supplicium
1151 3677 1450 3723 merentur.
1479 3668 1601 3737 Quo
1627 3670 1790 3725 modo
1815 3680 1997 3725 autem

422 3770 478 3816 et
505 3775 757 3816 coercere
799 3776 887 3815 me
934 3769 1150 3831 potero,
1198 3760 1330 3816 dum
1380 3761 1639 3816 existimo
1684 3763 1817 3817 deos
1851 3761 1999 3831 ipsos

420 3854 629 3924 primos
659 3869 765 3908 una
787 3869 909 3908 cum
936 3853 1207 3908 adulterio
1228 3863 1426 3909 cuncta
1445 3852 1647 3923 ﬂagitia
1678 3853 1995 3925 perfecisse,

420 3961 523 4001 nec
561 3962 755 4017 pmnas
803 3946 1042 4013 dedisse,
1090 3961 1230 4016 quas
1268 3946 1391 4002 ideo
1442 3948 1619 4017 magis
1661 3948 1792 4003 dare
1826 3949 1993 4004 debe-

418 4039 570 4105 bant,
602 4040 729 4110 quia
756 4054 864 4093 non
890 4039 1137 4095 serviunt
1162 4039 1489 4109 cupiditati?
1520 4040 1676 4107 Quod
1702 4042 1747 4096 si
1778 4043 1994 4112 cupidi-

417 4133 514 4187 tati
565 4132 786 4187 obnoxii
819 4131 1061 4199 fuerunt,
1109 4147 1220 4201 quo
1249 4142 1410 4202 pacto
1442 4133 1518 4187 dii
1549 4135 1749 4188 erant?
1775 4133 1842 4189 Et
1882 4136 1995 4205 Ap-

418 4225 546 4294 pion
574 4243 588 4278 :
621 4223 741 4279 Sint
764 4224 924 4279 nobis
952 4239 1054 4293 pro
1083 4239 1250 4294 scopo
1274 4239 1385 4279 non
1422 4225 1497 4280 dii
1525 4226 1620 4281 sed
1650 4226 1864 4296 judices
1884 4269 1899 4294 ,
1938 4230 1994 4283 in

417 4332 557 4386 quos
576 4317 940 4388 respiciendo,
962 4332 1189 4387 peccare
1212 4326 1541 4374 metuemus.
1560 4318 1630 4373 At
1652 4336 1752 4392 ego
1770 4322 1992 4393 excepi:

415 4407 535 4465 Non
584 4410 762 4465 simile
789 4418 893 4475 est,
930 4424 964 4464 ο
1007 4410 1242 4479 Appiou.
1284 4408 1390 4476 Qui
1418 4410 1565 4465 enim
1598 4412 1666 4467 ad
1710 4413 1989 4469 hominem

412 4502 654 4573 respicit,
684 4510 781 4573 spe
798 4502 1000 4558 latendi
1019 4503 1242 4557 audebit
1262 4518 1519 4572 peccare:
1543 4504 1637 4575 qui
1659 4520 1792 4559 vero
1819 4504 1990 4561 Deum

413 4595 661 4649 omnium
685 4594 1049 4665 inspectorem
1079 4603 1238 4649 metae
1274 4594 1395 4650 loco
1420 4597 1620 4651 anima:
1646 4613 1759 4652 suae
1789 4613 1992 4669 propo-

414 4686 546 4754 suit,
573 4701 776 4757 gnarus
798 4687 945 4758 quod
969 4702 1095 4742 eum
1128 4687 1300 4743 latere
1322 4702 1432 4743 non
1461 4690 1658 4759 possit,
1682 4690 1822 4746 clam
1849 4705 1990 4761 quo-

414 4795 522 4850 que
549 4795 774 4850 peccare
794 4780 1192 4851 supersedebit.

484 4894 675 4951 XXIV.
713 4894 846 4964 Quae
880 4910 1005 4952 cum
1048 4896 1295 4952 audisset
1336 4895 1574 4967 Appion,
1601 4897 1781 4953 dixit:
1818 4899 1986 4954 Intel-

412 4989 674 5054 lexeram,
702 5004 769 5045 ex
797 5003 909 5061 quo
933 4989 1121 5059 accepi
1164 4989 1265 5045 tibi
1309 5005 1436 5045 cum
1472 4990 1678 5047 Iudaeis
1701 5007 1827 5047 esse
1845 5008 1979 5048 con-

413 5080 783 5148 suetudinem,
826 5091 880 5137 te
936 5083 1239 5139 mutavisse
1309 5083 1660 5137 sententiam.
1721 5082 1986 5141 Praeclare

2103 3206 2259 3272 ἀξίαν
2275 3206 2319 3237 ³¹
2352 3200 2425 3259 ὧν
2458 3205 2694 3277 ἔπραξεν
2727 3205 3062 3275 ὁπουδήποτε
3089 3202 3483 3273 ἀπολαμϐάνει.

2176 3297 2360 3352 XXIII.
2388 3299 2575 3352 Ταῦτά
2593 3316 2694 3370 μου
2721 3297 2986 3363 εἰπόντος,
3006 3299 3034 3350 ό
3050 3296 3294 3350 ’Δππίων
3310 3296 3583 3364 ἐπήνεγκε
3607 3292 3692 3363 τῷ

2103 3392 2244 3462 λόγῳ
2264 3408 2277 3423 ·
2310 3393 2374 3444 Τί
2410 3392 2538 3463 γὰρ,
2570 3392 2691 3463 ούχὶ
2720 3391 2813 3444 καὶ
2843 3391 2893 3443 οί
2941 3390 3228 3463 Ἑλλήνων,
3260 3389 3386 3459 ἔφη,
3427 3389 3582 3459 νόμοι
3616 3387 3691 3442 τά

2103 3487 2282 3558 φαῦλα
2302 3484 2757 3557 ἀπαγορεύουσιν,
2792 3484 2888 3538 καὶ
2915 3485 3042 3547 τοὺς
3073 3484 3297 3554 μοιχοὺς
3329 3481 3685 3549 κολάζουσινς

2102 3580 2273 3651 Κάγὼ
2294 3580 2426 3652 ἔφην
2444 3598 2456 3609 ·
2482 3578 2690 3632 Οὐκοῦν
2719 3579 2767 3631 οἱ
2808 3575 3076 3648 Ἑλλήνων
3102 3576 3214 3629 θεοὶ
3243 3576 3314 3629 τά
3334 3575 3557 3630 ἐναντία
3574 3576 3690 3638 τοῖς

2102 3674 2285 3747 νόμοις
2336 3672 2640 3745 πράξαντες
2685 3671 2906 3725 κόλασιν
2938 3668 3261 3739 ὀφείλουσιν.
3318 3669 3443 3733 Πῶς
3484 3669 3542 3722 δὲ
3592 3670 3689 3724 καὶ

2103 3766 2453 3837 σωφρονίζειν
2501 3765 2735 3836 ἐμαυτὸν
2766 3765 3087 3836 δυνήσομαι,
3135 3763 3557 3835 ὑπολαμϐάνων,
3602 3766 3689 3819 ὅτι

2099 3858 2148 3910 οἱ
2176 3857 2287 3910 θεοὶ
2307 3857 2461 3911 αὐτοὶ
2481 3857 2687 3929 πρῶτοι
2711 3858 2826 3927 ἅμα
2850 3859 2916 3928 τῇ
2948 3856 3163 3927 μοιχείᾳ
3184 3858 3253 3909 τὰ
3274 3856 3485 3927 χαλεπά
3505 3858 3691 3913 πάντα

2099 3950 2475 4023 διεπράξαντο,
2520 3950 2614 4005 καὶ
2661 3951 2819 4022 δίκην
2860 3950 2919 4003 ού
2950 3948 3232 4014 δεδώκασι,
3266 3949 3440 4023 ταύτῃ
3483 3949 3685 4021 μᾶλλον

2098 4042 2403 4113 ὀφείλοντες
2439 4043 2661 4108 διδόναι,
2692 4043 2767 4106 ὼς
2805 4042 2879 4113 μὴ
2919 4042 3259 4105 δουλεύοντες
3287 4042 3588 4115 ὲπιθυμίᾳ;
3635 4046 3685 4098 εί

2096 4134 2153 4187 δὲ
2199 4136 2482 4189 ὑπέκειντο
2507 4137 2573 4201 ³’,
2628 4135 2747 4199 πῶς
2797 4132 2936 4207 ἦσαν
2992 4134 3135 4201 θεοί;
3178 4136 3286 4189 Καὶ
3318 4138 3347 4188 ό
3397 4135 3680 4190 Ἀππίων·

2102 4227 2387 4282 Ἔστωσαν
2426 4228 2557 4299 ἡμῖν
2586 4227 2778 4282 σκοποὶ
2804 4228 3003 4299 μηκέτι
3034 4227 3166 4291 θεοὶ,
3196 4228 3309 4281 ἀλλ’
3329 4231 3377 4283 οἱ
3406 4230 3683 4298 δικασταὶ,

2096 4321 2175 4384 είς
2203 4320 2297 4386 οὒς
2318 4322 2653 4393 ἀφορῶντες,
2678 4320 3099 4392 φοϐηθησόμεθα
3122 4322 3478 4392 ἁμαρτάνειν.
3510 4323 3685 4394 Κάγὼ

2027 4448 2071 4503 D
2098 4413 2261 4485 ἔφην·
2310 4414 2425 4467 Ούκ
2472 4413 2582 4467 ἐσθ’
2605 4414 2649 4445 ³³
2679 4415 2893 4486 ὅμοιον,
2924 4409 2969 4467 ὦ
3031 4414 3296 4469 Ἀππίων.
3345 4416 3402 4469 Ὀ
3437 4417 3537 4489 μὲν
3573 4418 3685 4492 γὰρ

2100 4505 2237 4578 πρὸς
2275 4506 2560 4578 ἄνθρωπον
2595 4506 2734 4577 ἔχων
2778 4506 2869 4559 τδν
2916 4505 3117 4560 σκοπὸν
3155 4507 3329 4562 ὲλπίδι
3368 4509 3460 4562 τοῦ
3497 4509 3685 4566 λαθεῖν

2096 4597 2359 4669 τολμήσει
2409 4598 2767 4671 ἁμαρτάνειν,
2818 4600 2847 4652 ό
2886 4599 2944 4652 δὲ
2987 4599 3119 4653 Θεὸν
3169 4601 3557 4674 παντεπόπτην
3612 4607 3683 4677 τῇ

2097 4690 2289 4745 ἑαυτοῦ
2324 4692 2467 4764 ψυχῇ
2516 4692 2673 4764 133
2714 4693 3059 4765 ὁρισάμενος,
3093 4692 3250 4758 είδὼς
3289 4694 3453 4748 αὑτὸν
3495 4696 3687 4751 λαθεῖν

2100 4782 2483 4853 μὴδύνασθαι,
2514 4784 2611 4837 καὶ
2649 4784 2711 4837 τὸ
2738 4784 2912 4857 λάθρα
2947 4786 3213 4858 ἁμαρτεῖν
3256 4790 3680 4861 παραιτήσεται.

2161 4893 2352 4949 XXIV.
2390 4896 2576 4950 Ταῦτα
2617 4899 2646 4950 ό
2689 4896 2932 4951 Ἀππίων
2993 4898 3233 4961 ἀκούσας
3292 4899 3397 4970 ἔφη
3428 4917 3443 4932 ·
3492 4902 3684 4975 ’ῌδειν

2090 4989 2150 5056 ἐξ
2200 4990 2288 5044 ὅτε
2327 4990 2535 5061 ήκουσα
2582 4990 2856 5055 Ἰουδαίοις
2901 5009 2962 5045 σε
2982 4993 3029 5026 ³⁸
3076 4994 3533 5066 προσομιλοῦντα,
3582 4998 3685 5066 ὴλ-

2089 5082 2347 5137 λοιῶσθαι
2392 5084 2492 5155 τὴν
2548 5082 2794 5155 γνώμην.
2852 5084 3050 5149 Καλῶς
3102 5087 3213 5159 γὰρ
3260 5088 3479 5161 εἴρηταί
3534 5108 3677 5143 τινιο

412 5173 559 5229 enim
582 5188 613 5226 a
636 5170 873 5242 quodam
896 5171 1102 5229 dictum
1124 5173 1285 5242 est}:
1312 5172 1668 5242 Corrumpunt
1694 5189 1861 5230 mores
1893 5175 1985 5230 bo-

2110 5176 2441 5244 Mslpovo'w
2463 5175 2579 5245 ἤθη
2601 5178 2835 5246 χρηστὰ
2856 5179 3079 5247 ὁμιλίαι
3090 5181 3289 5235 κακαί.
3315 5180 3487 5251 Κάγὼ
3504 5181 3643 5255 ἔφην
3661 5200 3677 5215 ·

484 5303 508 5332 ο
531 5290 546 5345 1
568 5289 696 5346 Cor.
747 5307 837 5357 xv,
878 5291 970 5348 '53.
1006 5289 1105 5348 Est
1140 5289 1421 5348 Menandri
1452 5310 1665 5361 versus,
1693 5294 1786 5365 qui
1820 5294 1924 5366 legi
1959 5295 2020 5349 de

2110 5305 2119 5348 ι
2151 5314 2163 5349 :
2195 5294 2623 5366 Φθείρουσινῆθη
2639 5295 3052 5369 χρήσθ’όμιλίαι
3073 5297 3261 5353 κακαί.

1678 5408 1919 5464 VARUE
1970 5408 2379 5463 LECTIONES.

483 5500 529 5534 "
572 5498 739 5570 οὓτως
764 5498 825 5554 C.
853 5502 899 5539 ’τ
933 5498 1207 5565 πάντεςο.
1248 5497 1384 5553 Tum
1421 5499 1693 5553 ἐπὶτοῦτο
1716 5516 1829 5554 var.
1863 5500 1986 5554 lect.
2015 5516 2102 5569 ap.
2123 5498 2197 5570 AC.
2234 5499 2596 5570 Subsequitur
2639 5500 2895 5555 mendum
2927 5502 3027 5565 τάς

411 5570 534 5623 add.
562 5589 609 5623 c.
634 5569 678 5624 Ο
708 5612 721 5634 ,
741 5571 831 5639 qui
852 5571 1219 5640 subindeexh.
1257 5572 1348 5623 ἐπὶ
1374 5570 1546 5640 τούτῳ
1572 5586 1621 5625 c.
1651 5570 1693 5622 D
1725 5612 1738 5633 ,
1764 5572 1855 5623 ἐπὶ
1880 5566 2081 5623 τούτων
2106 5566 2169 5624 C.

2278 5502 2596 5570 ubsequitur
2639 5502 2895 5555 mendum
2927 5502 3027 5565 τάς
3061 5517 3113 5571 p.
3150 5502 3277 5565 τούς
3303 5503 3355 5555 in
3390 5502 3454 5559 Ο.
3536 5506 3582 5539 ³⁸
3610 5524 3678 5561 τε

2274 5574 2316 5642 ῗθ
2342 5572 2528 5642 ἀγαθῷ
2566 5570 2771 5639 Epit.c.
2798 5572 2886 5625 51.
2924 5570 3167 5627 Subinde
3191 5572 3269 5642 τῷ
3311 5574 3580 5629 Ἰουδαίων
3604 5576 3672 5633 C.

412 5642 457 5710 ἕο
492 5628 789 5710 ἀσφαλῆίῖ
869 5641 910 5671 ³¹
938 5639 1197 5710 καταξίαν
1234 5641 1298 5695 Ο.
1376 5642 1418 5671 ³³
1441 5628 1802 5694 ὲπέκειντοὈ.
1834 5640 1889 5693 In
1926 5642 2116 5696 eodem
2144 5628 2520 5698 desiderantur
2540 5628 2666 5697 vbb.
2694 5642 2788 5696 καὶ
2809 5644 2838 5694 ὁ
2877 5643 3136 5697 Ἀππῐων.
3216 5628 3260 5675 ³³
3284 5646 3385 5699 οὐκ
3410 5647 3486 5702 ὲθ’
3514 5628 3576 5701 C.
3608 5628 3673 5703 In

409 5708 456 5762 0
510 5704 591 5765 cst
637 5704 811 5765 ἅπασι
850 5711 990 5765 inter
1020 5704 1065 5763 ῶ
1096 5704 1158 5765 ct
1203 5712 1445 5767 Ἀππίων
1473 5725 1822 5781 expunetum.
1852 5710 1948 5783 .-ἢ
1980 5711 2038 5763 σέ
2072 5726 2182 5767 οιιι.
2220 5710 2289 5767 Ο.
