3894 6208
444 322 469 377 1
477 319 553 378 ’ἷῧ

1295 324 1355 380 8.
1379 316 1765 380 CLEMENTIS
1801 316 1822 373 I
1856 316 2025 373 ROM.
2067 316 2267 373 PONT.
2297 316 2526 375 OPERA
2558 315 2788 375 DUBIA.

3573 318 3678 379 170

440 448 555 488 non
585 430 899 503 ignorabam
929 446 1147 487 summo
1166 428 1381 486 Iudaeos
1412 428 1664 500 prosequi
1686 427 1833 495 odio,
1869 426 2006 483 adeo

2107 424 2475 493 κατακλίσεως
2532 427 2631 500 τὴν
2680 430 2879 485 αίτίαν.
2923 428 3063 501 Ἐγὼ
3111 431 3169 487 δὲ
3207 431 3298 487 τὸν
3354 432 3522 507 ἄνδρα
3573 435 3675 490 οὑκ

442 532 505 580 ut
546 534 598 578 et
637 531 827 577 contra
878 537 974 579 eos
1025 524 1228 579 multos
1274 522 1557 592 scripserit
1605 521 1776 577 libros
1811 533 2004 587 ;nunc

445 623 591 670 certe
640 615 916 669 Simonem
966 615 1142 685 ipsum
1183 615 1240 669 in
1294 614 1587 669 amicitiam
1642 612 1862 669 admisit
1893 627 2005 667 non

447 707 664 778 quidem
695 706 765 761 ob
794 706 1036 763 discendi
1091 706 1331 762 studium
1362 722 1427 761 ac
1461 706 1823 761 eruditionem
1859 732 1881 773 ,-
1911 704 2006 761 sed

445 802 576 873 quia
623 802 772 857 novit
828 817 949 856 eum
992 815 1114 857 esse
1153 799 1557 855 Samaritanum
1605 806 1659 853 et
1692 798 2003 854 Iudaeorum

449 894 680 960 hostem,
726 892 987 947 adversus
1030 907 1169 963 quos
1219 892 1381 946 etiam
1413 891 1484 947 sit
1507 906 1850 962 progressus,
1883 890 2005 946 ideo

444 1000 568 1040 eum
599 985 704 1041 sibi
733 984 1063 1047 conciliavit,
1096 998 1203 1054 quo
1226 985 1399 1053 possit
1427 984 1629 1055 aliquid
1655 984 1722 1039 ab
1748 984 1842 1039 illo
1870 999 2007 1039 con-

443 1084 528 1133 tra
545 1076 761 1132 Iudaeos
789 1076 1020 1131 discere.

517 1164 606 1223 III.
636 1166 757 1220 ﬂare
782 1181 880 1238 ego
908 1166 1089 1222 sciens
1112 1167 1177 1222 de
1200 1168 1463 1239 Appioue,
1491 1167 1653 1224 simul
1686 1183 1751 1223 ac
1780 1180 2003 1222 causam

444 1258 620 1313 morbi
652 1259 824 1328 petiit,
861 1258 1115 1328 respondi
1151 1258 1423 1318 simulate,
1452 1274 1539 1313 me
1560 1258 1821 1327 iuvenum
1853 1272 2004 1312 more

442 1352 692 1408 affectum
723 1352 905 1408 dolere
930 1353 1132 1406 animo.
1157 1351 1237 1407 Ad
1266 1352 1381 1407 haec
1400 1352 1489 1407 ille
1510 1352 1647 1407 dixit
1680 1370 1692 1405 :
1728 1350 1853 1413 Fili,
1884 1360 2005 1405 tau-

438 1459 603 1514 quam
628 1444 768 1513 patri
807 1443 1049 1503 conﬁsus
1082 1459 1265 1509 narra,
1316 1443 1537 1514 quinam
1593 1443 1665 1499 sit
1717 1440 1882 1497 animi
1922 1443 2003 1497 tui

432 1534 687 1590 morbus.
736 1533 985 1604 Cumque
1024 1534 1219 1590 iterum
1256 1534 1379 1589 ticte
1425 1534 1717 1589 vehemens
1746 1532 2002 1588 ducerem

440 1627 758 1695 suspirium,
786 1626 944 1695 quasi
974 1626 1180 1682 veritus
1231 1625 1387 1681 fateri
1418 1639 1679 1689 amorem,
1711 1623 1923 1679 silendo
1947 1630 2003 1679 et

436 1719 647 1773 vultum
662 1718 995 1773 demittendo
1017 1718 1383 1788 suspicionem
1409 1717 1534 1773 dedi
1556 1717 1675 1787 ejus
1690 1716 1835 1787 quod
1858 1715 2003 1770 indi-

436 1809 551 1864 cari
583 1810 828 1865 volebam
858 1828 874 1877 ;
918 1817 973 1863 at
999 1810 1088 1865 ille
1114 1824 1303 1864 revera
1330 1823 1415 1865 me
1442 1808 1722 1864 mulierem
1752 1807 2001 1879 deperire

435 1917 734 1973 persuasus
764 1902 901 1957 dixit
936 1920 950 1956 :
983 1901 1128 1955 Nihil
1176 1902 1233 1955 in
1273 1901 1385 1956 vita
1423 1909 1529 1966 est,
1560 1900 1652 1956 cui
1688 1915 1797 1956 non
1827 1900 2003 1970 possit

436 1996 682 2051 adhiberi
712 1995 1031 2050 remedium.
1063 1995 1184 2064 Ipse
1209 1994 1354 2049 enim
1385 2008 1507 2064 ego,
1548 1994 1728 2049 adhuc
1756 1992 1998 2059 juvenis,

435 2100 560 2143 cum
585 2087 639 2157 in
671 2100 909 2145 amorem
941 2088 1251 2144 incidissem
1277 2088 1697 2158 elegantissimae
1731 2088 1999 2153 mulieris,

438 2195 546 2235 non
577 2180 738 2235 modo
772 2181 1110 2251 impossibile
1150 2180 1463 2251 judicabam
1510 2180 1601 2235 illa
1653 2179 1780 2248 frui,
1811 2195 2001 2236 verum

434 2287 609 2342 neque
631 2272 869 2328 salutare
892 2282 1128 2343 unquam
1162 2272 1451 2343 sperabam
1479 2290 1492 2325 :
1516 2278 1567 2325 et
1595 2280 1774 2327 tamen
1807 2278 2002 2327 nactus

435 2364 673 2434 aliquem
721 2362 1057 2436 Egyptium,
1114 2364 1340 2436 magicis
1369 2363 1427 2419 in
1476 2363 1686 2419 artibus
1732 2361 2004 2435 peritissi—

433 2470 608 2520 mum,
664 2462 718 2510 et
766 2463 1049 2511 contracta
1113 2472 1237 2511 cum
1286 2469 1353 2511 eo
1414 2455 1676 2521 amicitia,
1750 2467 1997 2511 amorem

432 2560 614 2602 meum
640 2546 857 2601 doclaro
890 2565 902 2600 :
933 2561 997 2601 ac
1016 2561 1126 2600 non
1151 2547 1327 2601 solum
1356 2545 1445 2601 ille
1474 2562 1534 2603 se
1555 2546 1684 2601 mihi
1715 2546 1782 2601 ad
1817 2544 2001 2616 cupita

433 2638 619 2693 omnia
670 2637 935 2705 tradidit;
970 2638 1063 2693 sed
1117 2638 1423 2709 largissime
1478 2638 1609 2693 mihi
1661 2639 1997 2708 gratificans,

433 2730 596 2784 etiam
629 2730 891 2784 carminis
922 2745 1019 2799 per
1046 2729 1192 2799 quod
1226 2731 1429 2799 potitus
1469 2729 1541 2783 fui
1574 2731 1862 2785 scientiam
1889 2745 1998 2784 non

435 2820 626 2874 invidit
660 2837 673 2874 :
702 2828 864 2890 atque
891 2834 988 2889 per
1014 2820 1162 2875 illius
1192 2819 1429 2875 hominis
1461 2819 1729 2875 occultam
1775 2819 2001 2875 demon-

433 2909 777 2975 strationem,
802 2925 1099 2979 persuasus
1129 2910 1375 2981 magistri
1417 2910 1810 2977 muniﬁcentia,
1838 2917 1892 2966 et
1914 2926 2002 2967 se-

432 3002 539 3057 mel
562 3002 784 3072 potitus,
815 3016 999 3057 amare
1027 3002 1258 3058 cessavi.

505 3176 593 3232 IV.
628 3175 783 3233 Unde
807 3177 853 3232 si
884 3186 939 3232 et
962 3185 1019 3231 tu
1044 3178 1152 3232 tale
1182 3176 1311 3247 quid
1338 3177 1620 3231 hominum
1651 3192 1804 3232 more
1846 3185 2000 3247 pate-

433 3271 530 3336 ris,
562 3269 694 3325 mihi
726 3270 969 3328 conﬁsus
991 3270 1200 3339 depone
1227 3285 1407 3326 curas.
1438 3268 1582 3325 Intra
1622 3270 1767 3324 enim
1791 3278 1997 3338 septem

432 3362 549 3417 dies
578 3362 802 3417 omnino
827 3369 879 3416 te
904 3362 1149 3419 mulieris
1194 3362 1389 3418 faciam
1415 3370 1744 3433 compotem.
1768 3360 1865 3417 IIis
1897 3377 1999 3432 ego

433 3453 654 3517 auditis,
688 3469 865 3509 meum
891 3453 1189 3523 respiciens
1224 3452 1293 3508 ad
1335 3468 1585 3523 scopum,
1617 3452 1705 3507 aio
1739 3449 2001 3523 :Ignosce

432 3546 566 3600 mihi
602 3561 712 3601 non
736 3548 949 3617 penitus
977 3545 1218 3602 credenti
1244 3546 1476 3617 magiam
1502 3551 1719 3601 exstare
1756 3567 1765 3599 :
1801 3544 2000 3598 multos

432 3635 632 3704 quippe
654 3635 766 3705 jam
800 3643 1056 3705 expertus
1085 3651 1229 3701 sum,
1259 3637 1427 3690 multa
1456 3635 1728 3706 pollicitos
1750 3649 1813 3688 ac
1841 3651 1998 3689 men-

432 3725 584 3781 litos.
620 3724 872 3779 Attamen
899 3735 1079 3780 movet
1106 3740 1193 3780 me
1222 3740 1286 3778 ac
1315 3725 1370 3779 in
1418 3740 1569 3794 spem
1606 3724 1825 3778 adducit
1871 3739 1999 3794 pro-

433 3816 625 3871 missio
652 3823 765 3871 tua.
799 3809 1005 3871 Vereor
1050 3824 1258 3881 autem,
1291 3815 1419 3870 dum
1470 3814 1675 3885 cogito,
1709 3814 1849 3869 forte
1889 3816 1997 3869 daa-

432 3922 623 3963 mones
647 3906 920 3963 interdum
950 3907 1124 3978 magis
1153 3905 1221 3959 ad
1250 3904 1505 3960 mandata
1532 3919 1643 3961 non
1668 3902 1909 3959 obedire.

506 4098 568 4154 V.
611 4098 912 4169 Respondit
933 4098 1140 4170 Appion
1166 4118 1181 4156 :
1206 4098 1337 4153 Mihi
1371 4090 1633 4162 concede,
1656 4103 1715 4151 ut
1737 4095 1852 4151 haec
1875 4096 1997 4165 plus

430 4206 593 4261 quam
614 4198 673 4246 tu
698 4206 1049 4261 cognoscam.
1074 4190 1151 4246 Ne
1174 4199 1356 4245 tamen
1392 4190 1531 4245 nihil
1560 4187 1797 4245 videaris
1821 4203 1883 4243 ex
1911 4204 1997 4244 me

430 4283 705 4339 audivisse
744 4283 811 4338 de
852 4299 917 4339 eo
962 4282 1110 4353 quod
1168 4282 1377 4348 dixisti,
1420 4282 1592 4349 disce,
1629 4299 1735 4355 qua
1785 4285 1996 4340 ratione

429 4384 693 4446 cogantur
740 4375 1021 4431 daemones
1056 4376 1286 4445 obsequi
1332 4376 1605 4433 mandatis
1658 4393 1939 4449 magorum
1976 4397 1991 4445 ;

429 4482 554 4522 nam
588 4468 733 4523 sicut
774 4468 887 4521 ﬁeri
919 4484 1029 4522 non
1075 4476 1271 4538 potest,
1315 4479 1373 4523 ut
1417 4462 1575 4525 miles
1606 4468 1732 4524 duci
1769 4478 1991 4524 contra.~

428 4557 594 4623 dicat,
624 4568 678 4613 et
699 4558 840 4613 sicut
881 4560 982 4628 ipsi
1013 4559 1180 4613 duces
1230 4574 1339 4613 non
1390 4568 1620 4629 possunt
1676 4561 1992 4631 imperatori

428 4662 537 4701 non
565 4650 940 4718 obtemperare
974 4650 1043 4720 (si
1074 4650 1198 4719 quis
1227 4651 1370 4704 enim
1398 4653 1699 4721 praepositis
1750 4660 1990 4720 resistat,

430 4739 654 4793 omnino
682 4754 874 4808 pmnas
904 4742 1117 4811 solvet),
1151 4740 1222 4794 ita
1246 4741 1361 4794 ﬁeri
1391 4741 1601 4810 nequit,
1636 4750 1694 4796 ut
1717 4741 1992 4798 daemones

430 4829 634 4898 angelis
684 4828 917 4883 ducibus
965 4829 1080 4883 suis
1127 4844 1235 4883 non
1286 4830 1631 4884 subserviant
1661 4849 1674 4897 ;
1706 4847 1803 4909 per
1853 4848 1991 4901 quos

431 4919 663 4988 adjurati
709 4920 906 4974 cedunt
936 4926 1248 4987 trementes,
1276 4927 1336 4974 ut
1365 4922 1457 4991 qui
1488 4922 1623 4977 bene
1655 4923 1909 4977 noverint
1933 4938 1990 4977 se

431 5024 539 5066 non
568 5009 855 5067 obsecutos
897 5010 1122 5065 omnino
1161 5010 1363 5082 puniri.
1402 5011 1505 5081 Ipsi
1545 5026 1760 5083 quoque
1788 5012 1986 5083 angeli,

2106 518 2314 590 ἀγνοῶν
2337 520 2383 553 ⁸⁸
2414 519 2554 575 πάνυ
2584 521 2869 586 Ἰουδαίους
2904 521 2975 576 δι’
3007 523 3299 594 ἀπεχθείας
3359 523 3567 594 ἔχοντα.
3599 524 3675 590 ὡς

2107 612 2202 667 καὶ
2235 611 2405 666 πολλὰ
2438 612 2617 683 βιϐλία
2658 615 2778 667 κατ’
2816 612 2995 667 αὑτῶν
3042 616 3475 687 συγγεγραφέναι
3501 616 3680 671 δἠκαὶ

2104 704 2269 760 αὑτὸν
2320 706 2541 777 Σίμωνα
2566 704 2661 760 νῦν
2693 706 2755 760 οὑ
2790 707 2879 761 διὰ
2927 706 3279 779 φιλομάθειαν
3310 709 3354 740 ⁸³
3381 711 3461 772 είς
3492 710 3677 777 φιλίαν

2107 797 2499 871 προσιέμενον,
2548 798 2664 854 ἀλλ’
2711 801 2898 873 ἐπειδὴ
2943 801 3202 873 Σαμρέα
3233 801 3395 855 αὑτὸν
3436 799 3543 856 οἶδε
3590 820 3679 872 μι-

2108 890 2401 945 σοῖουδαϊόν
2450 908 2511 944 τε
2552 892 2683 947 ὄντα
2736 894 2829 947 καὶ
2881 894 3022 947 κατά
3066 894 3332 947 Ἰουδαίων
3375 894 3677 965 προεληλυ-

2108 982 2255 1047 θότα,
2281 983 2561 1071 διάκτοῦτο
2604 984 2765 1039 αὑτὸν
2802 984 3275 1057 προσῳκειώσατο,
3328 987 3415 1039 ἴνα
3461 985 3679 1040 δύναιτο

2107 1075 2247 1129 κατά
2293 1076 2557 1130 Ἰουδαίων
2575 1094 2626 1131 τι
2656 1081 2784 1149 παρ’
2813 1077 2976 1132 αὑτοῦ
3014 1078 3322 1149 μανθάνειν.

2178 1163 2265 1219 ΙΙΙ.
2305 1165 2489 1220 Ταῦτα
2517 1165 2626 1234 ἐγὼ
2660 1166 2917 1238 προειδὼς
2943 1167 2990 1200 ⁸⁸
3020 1168 3146 1239 περὶ
3192 1167 3286 1221 τοῦ
3352 1167 3674 1231 Ἀππίωνοςν

2107 1260 2223 1330 ἅμα
2254 1260 2331 1330 τῷ
2359 1259 2619 1313 πυθέσθαι
2650 1259 2811 1314 αὑτὸν
2853 1261 2951 1333 τὴν
2982 1262 3160 1315 αἰτίαν
3191 1263 3289 1332 τῆς
3319 1261 3475 1315 νόσου
3506 1280 3678 1332 προσ-

2107 1348 2402 1419 ποιητικῶς
2424 1349 2468 1381 ⁵⁷
2490 1349 2893 1420 ἀπεκρινάμην,
2925 1350 3007 1402 ὅτι
3050 1349 3119 1403 τά
3164 1351 3297 1403 νέων
3343 1350 3534 1420 πάσχω
3581 1351 3678 1404 καὶ

2103 1438 2254 1507 ἀλγῶ
2302 1439 2400 1511 τὴν
2438 1438 2635 1511 ψυχήν.
2694 1440 2751 1492 '0
2783 1439 2840 1493 δέ
2889 1440 3024 1511 πρὸς
3062 1439 3234 1493 ταῦτα
3282 1439 3381 1510 ἔφη
3403 1455 3417 1470 ·
3452 1441 3675 1502 Τέκνον,

2103 1528 2180 1595 ὡς
2209 1530 2377 1602 πατρὶ
2399 1529 2676 1603 θαρσήσας
2706 1528 2849 1599 λέγε,
2876 1530 2959 1593 τίς
2982 1547 3072 1583 σου
3100 1530 3197 1602 τῆς
3223 1529 3398 1600 ψυχῆς
3428 1529 3670 1600 ήνόσος;

2117 1620 2280 1693 Ἐμοῦ
2325 1621 2383 1676 δὲ
2432 1621 2869 1694 προσποιητικῶς
2896 1621 2943 1653 ⁸⁸
2981 1621 3141 1674 πάλιν
3198 1620 3674 1687 ἀναστενάξαντος,

2105 1715 2180 1779 ὡς
2218 1716 2284 1786 δὴ
2333 1717 2461 1787 περλ⁵
2515 1715 2716 1788 ἔρωτος
2760 1716 2932 1769 εἰπεῖν
2979 1713 3317 1785 αἰδουμένου,
3358 1712 3445 1767 διά
3477 1731 3542 1783 γε
3573 1712 3677 1783 τῆς

2109 1810 2315 1879 σιωπῆς
2351 1809 2508 1880 136
2545 1810 2638 1862 καὶ
2668 1806 2761 1861 τοῦ
2810 1806 3122 1861 κατανεύειν
3154 1808 3221 1871 δ’,
3252 1808 3381 1878 περὶ
3402 1804 3462 1861 οὑ
3484 1804 3677 1878 ήθελον

2104 1900 2487 1963 ἐνδείκνυσθαι,
2534 1903 2788 1971 παρεῖχον
2830 1900 2927 1969 τὴν
2974 1898 3247 1953 ὑπόνοιαν⁸
3283 1900 3310 1953 ὁ
3342 1899 3421 1963 δέ,
3460 1899 3589 1969 ἐρᾷν
3625 1897 3674 1929 ⁸⁸

2108 2009 2173 2063 με
2198 1992 2450 2060 γυναικὸς
2489 1990 2703 2062 ἀληθῶς
2752 1990 3120 2055 ἀναπεισθεὶς,
3150 1990 3283 2062 ἔφη·
3326 1990 3491 2043 υύδέν
3524 1990 3674 2041 ἐστιν

2103 2087 2161 2139 ἐν
2191 2086 2269 2157 τῷ
2328 2085 2425 2157 βίῳ
2477 2085 2726 2159 βοηθείας
2771 2088 2950 2156 τυχεῖν
2982 2086 3055 2158 μὴ
3083 2087 3391 2158 δυνάμενον.
3428 2085 3535 2138 Καὶ
3563 2082 3674 2156 γὰρ

2102 2178 2283 2243 αὐτὸς,
2317 2180 2404 2232 ὅτε
2432 2178 2550 2242 νέος
2592 2181 2739 2251 ἢμην
2767 2181 2831 2245 ⁸¹,
2869 2180 3119 2252 ἐρασθεὶς
3159 2178 3415 2248 γυναικὸς
3462 2176 3673 2241 ἀξιολο-

2102 2272 2370 2341 γωτάτης,
2394 2272 2454 2325 οὑ
2487 2272 2643 2342 μόνον
2670 2272 2837 2344 αὐτῆς
2869 2273 2910 2303 ⁸¹
2936 2274 3117 2343 τυχεῖν
3148 2269 3392 2341 ἡγούμην
3412 2270 3675 2322 ἀδύνατον

2102 2360 2259 2426 εἶναι,
2297 2362 2408 2417 ἀλλ’
2456 2364 2576 2417 οὑδὲ
2622 2363 3058 2435 προσαγορεῦσαί
3109 2380 3237 2417 ποτε
3292 2362 3540 2433 ἤλπιζον·
3577 2359 3677 2413 καὶ

2104 2456 2272 2527 ὅμως,
2310 2455 2612 2528 περιτυχών
2672 2473 2778 2509 τινι
2835 2456 3132 2526 Αἰγυπτίῳ,
3176 2455 3316 2508 πάνυ
3365 2454 3432 2506 τά
3482 2453 3675 2524 μάγων

2101 2548 2442 2620 ἀκριϐοῦντι,
2498 2548 2591 2602 καὶ
2644 2548 2893 2616 φιλωθεὶς
2944 2545 3183 2615 ἐκφαίνω
3216 2562 3316 2618 μου
3349 2546 3439 2599 τὸν
3470 2545 3673 2615 ἔρωτα,

2102 2640 2195 2694 καὶ
2222 2640 2282 2693 οὑ
2317 2641 2475 2711 μόνον
2508 2640 2698 2694 ἑαυτόν
2729 2656 2817 2711 μοι
2850 2641 3075 2710 παρεῖχε
3110 2637 3245 2709 πρὸς
3270 2639 3377 2691 πᾶν
3408 2637 3437 2689 ὃ
3464 2636 3677 2689 ἐόουλό-

2103 2746 2233 2801 μην,
2262 2728 2395 2782 ἀλλά
2417 2726 2795 2800 δαψιλέστερον
2826 2726 2963 2798 πρός
3000 2743 3067 2796 με
3100 2723 3543 2795 φιλοτιμούμενος
3574 2720 3675 2773 καὶ

2099 2821 2198 2893 τὴν
2229 2819 2504 2891 ἐπαοιδὴν,
2540 2819 2607 2872 δι’
2643 2813 2711 2890 ἦς
2756 2818 2962 2888 ἔτυχον,
3009 2816 3276 2870 διδάσκειν
3303 2814 3403 2868 οὑκ
3441 2811 3675 2882 ἐφθόνη-

2103 2928 2223 2966 σεν·
2256 2912 2322 2965 ἐκ
2343 2911 2400 2965 δέ
2437 2911 2535 2982 τῆς
2579 2910 2784 2964 ἐκείνου
2842 2907 3103 2980 λαθραίας
3155 2904 3495 2971 ὑποδείξεως,
3552 2919 3677 2959 πει-

2103 3002 2250 3067 σθεὶς
2280 3004 2347 3073 τῇ
2380 3001 2473 3055 τοῦ
2506 3001 2813 3068 διδάξαντος
2858 3000 3107 3071 ἀφθονίᾳ,
3154 2998 3249 3053 καὶ
3305 2996 3451 3061 ἅπαξ
3483 2996 3677 3049 ἐπιτυ-

2023 3105 2068 3163 C
2099 3093 2230 3166 χὼν,
2264 3094 2586 3165 ἐπαυσάμην
2611 3094 2703 3147 τοῦ
2733 3092 2951 3166 ἔρωτος.

2173 3184 2262 3240 IV.
2310 3185 2491 3249 Ὅθεν,
2519 3187 2567 3237 εί
2599 3186 2693 3238 καὶ
2728 3186 2791 3238 σὺ
2824 3184 3059 3237 τοιοῦτόν
3082 3199 3134 3235 τι
3157 3179 3429 3243 πέπονθας
3458 3178 3675 3250 ἀνθρω-

2101 3275 2289 3340 πίνως,
2346 3254 2617 3345 θάρσησον
2664 3276 2793 3344 ἡμῖν
2839 3274 2974 3345 πρὸς
3020 3273 3080 3325 τὸ
3124 3272 3425 3342 ἀμέριμνον
3455 3285 3469 3300 ο
3516 3268 3676 3333 ἐντὸς

2099 3367 2207 3439 γὰρ
2228 3367 2447 3438 ἡμερῶν
2473 3366 2612 3420 ἐπτά
2632 3366 2845 3428 πάντως
2867 3364 3033 3435 αὑτῆς
3054 3364 3325 3433 ἐπιτυχεῖν
3349 3378 3407 3413 σε
3436 3360 3671 3431 ποιήσω.

2100 3457 2283 3510 Ταῦτα
2311 3458 2548 3521 ἀκούσας
2584 3456 2711 3525 ἐγὼ,
2748 3458 2827 3519 είς
2857 3454 2948 3508 τὸν
2978 3455 3107 3526 ἐμὸν
3134 3455 3181 3487 ⁸³
3215 3452 3415 3507 σκοπὸν
3440 3451 3675 3506 ἀποϐλέ-

2100 3566 2237 3612 πων,
2265 3547 2427 3621 ἐφην·
2461 3548 2739 3617 Σύγτνωθί
2775 3565 2863 3618 μοι
2905 3549 2977 3619 μὴ
3029 3546 3167 3600 πάνυ
3205 3546 3511 3601 πιστεύοντι
3567 3562 3675 3616 μα-

2098 3641 2251 3710 γείαν
2285 3641 2611 3709 ὑφεστάναι·
2650 3639 2859 3693 πολλῶν
2893 3639 3001 3712 γὰρ
3047 3638 3217 3693 πολλά
3265 3636 3675 3706 ἐπαγγελλομέ-

2099 3749 2202 3786 νων
2236 3733 2328 3785 xui.
2354 3732 2795 3803 διαψευσαμένων
2828 3733 2932 3803 ἤδη
2956 3731 3313 3803 πεπείραμαι.
3365 3729 3511 3801 Πλὴν
3542 3730 3675 3782 δυσ-

2098 3826 2236 3877 ωπεῖ
2277 3824 2321 3855 ⁸⁸
2361 3841 2427 3895 με
2466 3823 2560 3877 καὶ
2620 3826 2700 3887 εἱς
2743 3822 2965 3886 ἐλπίδας
3016 3824 3133 3891 ἄγει
3166 3824 3199 3893 ἡ
3236 3822 3301 3892 σὴ
3350 3820 3666 3889 ὑπόσχεσις.

2097 3913 2318 3967 Δέδοικα
2362 3913 2419 3967 δέ
2453 3912 2867 3985 ἐνθυμούμενος,
2919 3913 2991 3983 μὴ
3025 3914 3133 3983 ἄρα
3171 3913 3221 3964 οἱ
3264 3912 3515 3982 δαίμονες
3552 3912 3672 3972 τοῖς

2099 4002 2292 4074 μάγοις
2323 4002 2489 4055 ἐνίοτε
2525 4002 2660 4074 πρὸς
2683 4001 2751 4055 τὰ
2776 4002 3103 4072 κελευόμενα
3129 4003 3225 4071 οὑχ
3260 4000 3593 4053 ὑπείκουσιν.

2166 4099 2231 4154 ν.
2271 4100 2426 4154 Καὶό
2470 4099 2710 4152 Ἀππίων
2767 4098 2901 4168 ἔφη·
2941 4096 3137 4151 Ταῦτα
3172 4095 3293 4168 ἐμοί
3339 4112 3431 4149 σου
3468 4093 3671 4177 μιξλλον

2098 4190 2362 4264 συγχώρει
2392 4191 2604 4245 εἰδέναι.
2638 4190 2792 4262 137
2828 4190 2972 4264 Πλῂν
3002 4190 3089 4244 ἴνα
3131 4189 3203 4261 μὴ
3249 4189 3433 4259 δοκῇς,
3480 4184 3619 4257 πρὸς
3641 4188 3670 4239 ὃ

2096 4260 2250 4353 εφηξ,
2283 4260 2452 4355 μηδὲν
2478 4260 2768 4353 ἀκηκοέναι
2803 4260 2937 4352 παῖ)τ
2964 4280 3123 4351 ἐμοῦ,
3169 4279 3306 4351 μάθε
3339 4279 3454 4341 πίἶκι,¹
3493 4277 3667 4345 ἀνάγ-

2096 4389 2197 4444 κην
2233 4371 2442 4442 ἔχουσιν
2474 4373 2523 4424 οἱ
2560 4372 2812 4443 δαίμονες
2861 4373 2973 4434 τοῖς
3010 4371 3203 4441 μάγοις
3235 4368 3478 4421 ὑπείκειν
3537 4367 3672 4438 περὶ

2095 4461 2168 4521 ὧν
2201 4467 2542 4520 κελεύονται·
2570 4466 2645 4528 ὼς
2692 4464 2798 4535 γὰρ
2845 4463 3102 4517 ἀδύνατόν
3157 4464 3273 4514 ἐστι
3327 4458 3670 4531 στρατιώτην

2096 4560 2365 4612 ἀντειπεῖν
2394 4557 2471 4627 τῷ
2504 4556 2806 4627 ἡγουμένῳ,
2862 4557 3044 4618 αὑτοῖς
3080 4572 3140 4607 τε
3185 4557 3296 4616 τοῖς
3341 4552 3671 4623 ἡγουμένοις

2095 4650 2191 4720 οὑχ
2217 4646 2327 4703 οἷόν
2359 4666 2419 4703 τε
2459 4647 2803 4720 παρακοῦσαι
2832 4645 3094 4715 βασιλέως
3117 4661 3130 4675 ’
3169 4646 3237 4715 (εί
3268 4644 3377 4715 γάρ
3402 4660 3486 4706 τις
3506 4643 3669 4695 ἀντε-

2097 4744 2180 4812 ρεῖ
2223 4744 2335 4803 τοῖς
2364 4739 2736 4811 ἐφεστηκόσιν,
2776 4737 2990 4800 πάντως
3039 4736 3307 4807 τιμωρίας
3353 4734 3600 4802 ἀξιοῦται

2094 4831 2263 4895 οὕτως
2302 4832 2555 4884 ἀδύνατόν
2600 4832 2713 4883 ἐστι
2744 4830 2871 4891 τοὺς
2898 4828 3153 4899 δαίμονας
3191 4829 3264 4899 μὴ
3298 4828 3590 4899 ὑπουργεῖν
3621 4828 3671 4859 ⁸³

2096 4924 2204 4985 τοῖς
2239 4922 2415 4977 αὑτῶν
2450 4920 2764 4992 ἡγουμένοις
2810 4920 3077 4989 ἀγγέλοις,
3118 4918 3237 4972 καθ’
3266 4910 3339 4971 ὧν
3375 4916 3669 4987 ορκιζόμε-

2096 5031 2175 5067 νοι
2223 5014 2531 5086 φρίττοντες
2574 5012 2831 5077 εῐκουσιν,
2867 5008 2924 5066 εὑ
2960 5010 3158 5074 εἰδότες
3203 5011 3287 5063 ὅτι
3332 5008 3670 5080 ἀπειθήσαν-

1688 5169 1922 5225 VARle
1961 5168 2357 5226 LECTIONES.

502 5325 549 5364 ι’
576 5326 620 5380 Ι)
670 5326 770 5396 legi
818 5327 931 5381 vult
962 5325 1158 5395 ἀγνοῶ.
1217 5325 1286 5379 At
1315 5325 1489 5396 oratio
1520 5334 1603 5379 est
1633 5325 2006 5396 ἀνακόλουθος,
2058 5319 2647 5396 ουιηνίνοτϋοᾷπροῐδὼν
2666 5333 2996 5396 Ατοειιιῐιοῑυι·
3035 5322 3373 5396 participium
3427 5322 3663 5396 ἀγνοῶν.

430 5397 681 5467 Alioquin
709 5392 1053 5467 scribendum
1080 5404 1225 5467 esset
1248 5395 1491 5467 ἠγνόουν.
1519 5396 1577 5451 S.
1650 5394 1696 5426 “
1721 5396 2155 5467 ἀναγεγραφέναι
2182 5395 2243 5449 (ἶ.
2320 5396 2368 5467 'f'
2394 5392 2538 5464 Ε]ὺοί
2571 5408 2619 5446 c.
2750 5395 2920 5467 αὑτὴν
2964 5392 3087 5467 post
3100 5394 3485 5467 φιλομάθειαν.
3518 5392 3663 5467 Turn

431 5461 785 5539 προσιέμενον
816 5464 860 5517 Ι)
888 5507 903 5530 ,
950 5461 1287 5539 προσέμενεῇ
1299 5461 1307 5463 “
1325 5464 1477 5539 (λ’-ο.
1524 5467 1601 5539 ξε
1623 5461 1883 5535 προειδώς
1904 5461 2102 5539 scripsi
2125 5481 2190 5539 ex
2218 5461 2743 5539 conject.,_7:po§5¢bv
2774 5464 2837 5539 Δ(1-
2857 5461 2888 5527 ,⁷
2920 5461 3154 5539 προϊδώς
3197 5461 3261 5517 Ο.
3288 5461 3565 5539 ᾕΤιιιηΑτῷ
3592 5462 3663 5539 Ο,

430 5531 491 5591 c.'
513 5537 554 5588 D
583 5577 597 5601 ,
624 5531 718 5590 τοῦ
742 5537 805 5592 C.
873 5540 923 5606 ξ’
948 5531 1329 5606 προσπὸιητῶς
1353 5605 1357 5606 ν
1381 5534 1441 5587 C.
1518 5535 1562 5568 ⁸⁸
1619 5531 1995 5604 προσποιητῶς
2020 5531 2082 5588 C.
2157 5537 2201 5606 ‘_9
2236 5531 2386 5606 κάτω
2415 5531 2584 5588 νεύειν
2609 5532 2673 5587 C.
2742 5534 2792 5606 3°
2820 5533 2894 5606 Ita
2929 5531 2995 5606 Ο,
3018 5544 3154 5606 βίοι
3181 5533 3411 5602 conject.
3564 5534 3661 5600 qui

431 5607 569 5677 ἐρῶν
597 5610 647 5660 in
678 5616 843 5677 textu.
869 5602 1009 5677 ybp;
1040 5603 1190 5657 Nihil
1202 5602 1211 5606 ⁷
1234 5606 1290 5657 in
1312 5605 1433 5677 vita_
1466 5602 1824 5677 cst-unquam
1849 5602 2193 5677 speirabam)
2237 5605 2588 5659 Coteleriana?
2616 5603 2851 5677 versioni
2885 5603 3112 5677 reddidi,
3146 5619 3279 5677 curn
3330 5602 3667 5677 excidissent

433 5670 521 5742 εἰν.
554 5676 608 5731 S.
685 5676 727 5709 ⁵⁸
758 5675 831 5730 Itu
859 5674 903 5728 0
952 5675 1005 5727 in
1035 5676 1377 5768 margqﬁjtw
1424 5675 1474 5727 in
1513 5684 1681 5726 textu.
1728 5670 1883 5725 Idem
1908 5674 2348 5744 ἀξιολογώτατος.
2424 5678 2469 5710 ⁵³
2492 5678 2679 5749 αὑτήν,
2712 5670 2751 5731 S
2804 5673 2965 5727 invita
2996 5674 3372 5742 grammatica.
3444 5671 3493 5715 ⁸³
3521 5670 3664 5744 ἐμοῦ

434 5748 497 5799 (ὲ.
570 5748 617 5779 ⁸⁵
642 5746 717 5798 ιω
745 5747 788 5799 Ο
846 5762 895 5799 c.
927 5740 966 5798 S
999 5785 1013 5799 .
1047 5745 1308 5796 ὃουσωπει
1331 5742 1388 5799 C.
1487 5753 1530 5783 ⁵³
1560 5744 1814 5799 ὑποργεῖν
1836 5743 1895 5796 0.

434 5740 497 5800 (Σ.
570 5748 617 5779 ⁸⁵
642 5746 717 5798 ιω
745 5747 788 5799 Ο
846 5762 895 5800 c.
927 5740 966 5798 S
999 5785 1013 5805 ,
1047 5740 1311 5796 δουᾱωπέι
1331 5742 1388 5799 C.
1487 5753 1530 5783 ⁵³
1560 5744 1814 5813 ὑποργεῖν
1836 5743 1895 5796 0.
