3894 6208
271 335 381 391 I77

1406 337 1870 395 CLEMENTINA.
1898 367 1971 380 —
2001 338 2285 397 HOMILIA
2319 344 2374 400 V.

3423 356 3527 415 178

268 467 368 518 τες
398 452 447 484 ⁸⁸
482 451 700 517 πάντως
732 452 1071 518 κολάζονται.
1114 453 1274 511 Ἀλλὰ
1306 456 1402 511 καὶ
1436 455 1588 511 αὐτοὶ
1608 456 1658 509 οἱ
1686 455 1839 523 ἄγγε-

1959 472 2054 525 per
2082 458 2253 514 Deum
2279 461 2348 515 ab
2374 464 2548 533 magis
2582 463 2838 534 adiurati,
2886 465 3168 537 obediunt,
3207 486 3277 525 ne
3311 471 3529 531 inobse-

265 543 379 609 λοι,
431 544 574 598 κατὰ
600 544 696 598 τοῦ
745 545 1052 618 κρείττονος
1089 547 1194 601 ὑπὸ
1240 548 1427 620 μάγων
1491 547 1852 619 ὁρκιζόμενοι,

268 634 611 701 ὑπείκουσιν,
644 639 842 708 μήπως
867 638 1149 704 ἀπειθείας
1196 640 1474 711 κριθέντες
1523 640 1849 695 ἀπόλωνται.

264 726 335 782 El
361 727 472 799 γὰρ
503 728 577 801 μὴ
600 729 778 784 πάντα
807 730 1027 801 ἔμψυχα
1052 730 1183 787 ὄντα
1210 733 1305 787 καὶ
1332 731 1626 804 λογισμένα
1646 729 1854 803 προεώ-

263 835 345 895 ρα
368 821 466 893 τὴν
500 822 566 875 ὲκ
602 820 696 875 τοῦ
729 821 1037 893 κρείττονος
1085 822 1262 895 δίκην,
1321 823 1580 895 σύγχυσις
1620 822 1689 879 ἂν
1728 825 1852 895 έγε-

260 910 439 985 γόνει,
468 910 576 963 τῶν
606 910 826 965 πάντων
855 912 1255 977 στασιαζόντων
1287 914 1425 986 πρὸς
1452 913 1679 987 ἄλληλα.

339 1003 431 1058 Vl.
467 1002 637 1073 Κάγὼ
664 1003 821 1077 ἔφην’
853 1004 1066 1060 Οὐκοῦν
1096 1006 1275 1079 ὀρθῶς
1316 1006 1429 1079 ἔχει
1459 1006 1531 1061 τὰ
1562 1006 1670 1062 ὑπὸ
1697 1024 1853 1080 ποιη-

258 1096 376 1149 τῶν
424 1097 520 1149 καὶ
561 1096 863 1166 φιλοσόφων
894 1097 1166 1170 λεγόμενα
1197 1100 1243 1132 ⁸*
1265 1138 1281 1163 ,
1313 1100 1390 1163 ὼς
1421 1102 1480 1155 έν
1515 1100 1643 1173 ᾅδου
1673 1102 1729 1156 αἱ
1755 1101 1853 1171 ψυ-

262 1190 360 1259 χαὶ
386 1188 498 1244 τῶν
524 1189 759 1250 ἀσεϐῶν,
802 1191 1074 1263 κριθεῖσαι
1104 1193 1189 1264 ἐφ’
1221 1189 1303 1257 οἷς
1328 1194 1653 1267 ἐτόλμησαν,
1686 1195 1850 1249 κολά-

260 1279 472 1346 ζονται,
522 1278 633 1338 οἷον
695 1282 905 1349 Ἰξίονος
942 1285 1037 1338 καὶ
1083 1285 1355 1339 Ταντάλου
1406 1286 1602 1341 Τιτυοῦ
1650 1303 1709 1339 τε
1755 1286 1851 1340 καὶ

260 1373 502 1443 Σισύφου
536 1375 771 1431 καὶτῶν
807 1376 1015 1430 Δαναοῦ
1060 1377 1378 1450 θυγατέρων
1422 1378 1517 1432 καὶ
1561 1378 1676 1432 ὅσοι
1718 1378 1848 1431 ποτὲ

258 1463 414 1519 ἄλλοι
449 1466 683 1521 ἐνταῦθα
710 1466 1016 1540 ήσέόησανς
1047 1470 1157 1524 Καὶ
1188 1470 1326 1537 πῶς,
1355 1470 1470 1540 εῐγε
1496 1470 1649 1525 ταῦθ’
1674 1470 1851 1536 οὕτως

261 1556 341 1627 μὴ
374 1556 477 1629 ἔχῃ
532 1558 675 1625 ⁸⁸’⁵⁹,
690 1558 913 1615 δυνατὸν
940 1559 1007 1616 ἂν
1034 1562 1267 1632 μαγείαν
1290 1566 1617 1635 ὑφεστάναι;
1656 1566 1763 1621 Τοῦ
1791 1567 1849 1621 δὲ

256 1649 529 1713 εἰπόντος,
545 1650 688 1706 οὕτω
717 1652 785 1707 τὰ
815 1653 875 1708 ὲν
906 1653 1033 1727 ᾅδου
1066 1655 1233 1728 ἔχειν,
1277 1656 1389 1727 ἐγὼ
1419 1658 1717 1732 ὲπυθόμηψ
1748 1659 1850 1713 Διὰ

254 1741 311 1796 τί
356 1742 422 1813 δὴ
462 1746 557 1798 καὶ
609 1745 762 1800 αὐτοὶ
816 1748 1078 1820 μαγεύειν
1129 1749 1177 1781 ⁸⁸
1223 1750 1285 1803 ού
1335 1750 1711 1824 πεφοϐήμεθα,
1754 1753 1847 1807 ἐπὶ

258 1835 511 1905 μοιχείας
542 1839 899 1911 πεπεισμένοι
937 1840 1040 1913 τὴν
1068 1842 1126 1894 έν
1152 1841 1281 1913 ᾅδου
1312 1842 1468 1916 δίκην
1493 1860 1508 1909 ;
1553 1844 1771 1915 μοιχείᾳ
1798 1844 1841 1877 ⁸⁸

254 1926 369 1999 γὰρ
403 1927 696 1998 βιάσασθαι
728 1931 830 2004 τήν
873 1932 950 2005 μὴ
978 1931 1237 1988 θέλουσαν
1267 1933 1330 1987 o6
1360 1934 1678 2006 συντίθεμαι
1708 1931 1845 1990 εἶναι

253 2019 489 2077 δίκαιον.
525 2024 589 2077 El
619 2022 678 2079 δέ
702 2040 786 2088 τις
804 2025 975 2098 αὐτὴν
1008 2025 1169 2097 138
1189 2025 1397 2081 πείθειν
1426 2026 1842 2097 ἐπαγγέλλεται,

253 2114 399 2185 πρὸς
428 2115 589 2170 τοῦτο
610 2156 625 2181 ,
659 2116 799 2187 μετὰ
828 2116 922 2173 τοῦ
950 2118 1045 2172 καὶ
1076 2118 1239 2191 χάριν
1267 2118 1569 2190 ὁμολογεῖν,
1614 2120 1845 2191 ἑτοίμως

253 2205 390 2277 ἔχω.

334 2297 443 2354 VII.
479 2301 590 2356 Καὶ
611 2302 642 2356 6
684 2301 930 2358 ’Δππίων
951 2302 1077 2377 ἔφη·
1100 2305 1177 2359 06
1203 2304 1350 2359 δοκεῖ
1364 2322 1443 2360 σοι
1461 2305 1659 2360 ταύτὸν
1678 2300 1840 2372 εἶναι,

250 2392 367 2448 εἴτε
404 2396 606 2469 μαγείᾳ
633 2397 803 2469 αὐτῆς
838 2398 1117 2471 έπιτύχοις
1153 2400 1219 2464 θ’,
1254 2398 1364 2453 εἴτε
1395 2402 1591 2464 πείσας
1625 2399 1840 2470 λόγοις;

250 2486 430 2556 Κάγὼ
462 2487 616 2560 ἔφην’
655 2490 730 2544 06
780 2490 999 2555 πάντως
1040 2492 1245 2563 ὅμοιον·
1283 2493 1416 2548 πολὺ
1457 2493 1567 2566 γὰρ
1607 2494 1843 2566 ἀφέστη-

248 2597 350 2634 κεν
383 2580 627 2654 άλλήλων
668 2582 947 2656 έκάτεροψ
980 2585 1009 2640 6
1050 2583 1149 2657 μὲν
1193 2584 1303 2659 γὰρ
1334 2585 1575 2641 ἄκουσαν
1610 2589 1841 2655 γυναῖκα

244 2675 318 2745 τῇ
351 2675 455 2745 τῆς
500 2675 733 2746 μαγείας
761 2675 853 2749 βίᾳ
884 2676 1274 2747 έπαναγκάσας
1296 2718 1311 2743 ,
1347 2678 1423 2743 ὼς
1452 2677 1842 2743 ἐπιϐουλεύσας

246 2765 514 2839 σώφρονι,
547 2768 943 2842 χαλεπωτάτην
974 2770 1169 2841 ὑπέχει
1207 2771 1307 2841 τὴν
1336 2771 1491 2843 δίκην
1513 2788 1527 2801 ο
1559 2772 1587 2824 6
1614 2771 1672 2825 δὲ
1698 2770 1842 2842 λόγῳ

243 2862 467 2927 πείσας,
502 2863 596 2915 καὶ
628 2862 719 2915 ἐπὶ
752 2864 821 2935 τῇ
849 2862 1019 2933 αὐτῆς
1039 2861 1257 2934 ἐξουσίᾳ
1287 2864 1380 2917 καὶ
1411 2863 1573 2936 βουλῇ
1608 2863 1840 2934 ποιησά-

246 2972 417 3026 μενος
448 2955 547 3027 τὴν
578 2956 811 3028 αἵρεσιν,
865 2957 966 3009 οὐκ
1013 2955 1290 3010 ἐϐιάσατο.
1345 2952 1547 3037 τΗτξον
1579 2956 1637 3010 δὲ
1685 2952 1841 3028 οἶμαι

242 3048 684 3120 κολασθήσεσθαι
705 3049 797 3103 τὸν
810 3050 1111 3105 πεπεικότα
1130 3049 1225 3104 τοῦ
1250 3049 1604 3121 βιασαμένουο
1618 3066 1841 3123 τοιγαρ-

1955 554 2194 622 quentia
2224 555 2302 609 rei
2338 566 2582 625 pereant.
2628 557 2745 612 Nisi
2790 559 2936 614 enim
2991 572 3189 616 cuncta
3236 565 3419 619 anima
3469 575 3527 622 et

1958 643 2173 697 ratione
2228 646 2456 712 pradita
2502 646 2774 716 justitiam
2823 648 3077 709 Numinis
3140 654 3523 724 praviderenl,

1957 734 2200 789 oriretur
2226 734 2496 804 confusio,
2528 739 2787 796 omnibus
2814 756 3009 812 nempe
3044 753 3234 799 mutua
3262 747 3527 805 seditione

1952 827 2348 887 laborantibus.

2024 1004 2114 1062 Vl.
2150 1005 2217 1063 Et
2257 1023 2361 1078 ego
2396 1008 2508 1065 dixi
2538 1030 2552 1067 :
2588 1008 2729 1067 Vera
2766 1012 2950 1084 itaque
2982 1023 3112 1071 sunt
3145 1032 3267 1087 qua
3292 1034 3323 1074 a
3352 1023 3525 1090 poetis

1950 1112 2005 1157 et
2038 1101 2384 1173 philosophis
2416 1116 2733 1175 narrantur,
2778 1107 2832 1161 in
2878 1107 3068 1166 inferis
3098 1113 3311 1171 animas
3332 1115 3527 1187 impio-

1950 1208 2073 1248 rum
2105 1193 2363 1263 judicari,
2408 1206 2463 1251 et
2506 1213 2607 1268 pro
2657 1197 2992 1257 facinoribus
3020 1205 3241 1271 puniri?
3281 1204 3524 1277 Exempli

1950 1288 2125 1356 gratia
2174 1288 2390 1343 animas
2438 1287 2668 1357 Ixionis,
2714 1289 2952 1359 Tanta-li,
3005 1293 3167 1366 Tityi,
3210 1295 3424 1368 Sisyphi
3471 1314 3526 1355 et

1950 1375 2122 1431 Danai
2154 1378 2412 1446 filiarum,
2443 1395 2547 1437 nec
2584 1396 2691 1436 non
2724 1382 2861 1439 alios
2883 1398 3073 1440 omnes
3101 1387 3417 1459 quicunque
3437 1391 3525 1445 hic

1949 1468 2203 1523 vixerunt
2225 1468 2408 1539 impie.
2439 1470 2519 1526 Ac
2547 1473 2844 1541 quomodo,
2886 1476 2930 1531 si
2955 1474 3070 1531 hac
3093 1492 3199 1532 non
3234 1477 3309 1532 ita
3337 1493 3396 1534 se
3422 1479 3523 1533 ha-

1949 1559 2097 1627 bent,
2150 1561 2351 1631 poterit
2403 1563 2581 1633 magia
2627 1564 2960 1622 subsistere?
2994 1568 3239 1638 Cumque
3300 1570 3390 1625 ille
3433 1587 3523 1626 re-

1950 1654 2295 1723 spondisset,
2344 1656 2418 1711 ita
2450 1672 2572 1713 esse
2602 1658 2669 1715 de
2695 1658 2907 1724 inferis,
2945 1676 3047 1731 ego
3069 1661 3437 1733 interrogavi:
3470 1672 3525 1717 et

1948 1761 2047 1801 cur
2081 1746 2184 1817 ipsi
2235 1748 2471 1819 magiam
2505 1765 2762 1806 exercere
2801 1767 2909 1807 non
2956 1754 3231 1822 timemus,
3267 1755 3362 1826 qui
3387 1758 3523 1813 certi

1948 1855 2146 1897 sumus
2172 1840 2240 1897 de
2271 1841 2450 1911 panis
2480 1842 2736 1897 adulterii
2761 1844 2903 1913 apud
2935 1844 3183 1903 inferos?
3214 1848 3415 1918 Stupro
3449 1850 3525 1905 si-

1946 1931 2168 2002 quidem
2230 1933 2505 1987 nolentem
2562 1933 2823 1990 feminam
2875 1938 3261 2007 comprimere,
3310 1940 3521 2010 justum

1944 2037 2068 2079 esse
2098 2038 2208 2078 non
2248 2024 2539 2081 assentior.
2572 2024 2676 2082 Sed
2704 2027 2751 2081 si
2778 2027 2905 2097 quis
2946 2042 3341 2097 persuasurum
3366 2047 3424 2087 se
3454 2033 3521 2087 il-

1944 2116 2053 2173 lam
2101 2117 2410 2187 pollicetur,
2443 2119 2511 2175 ad
2554 2119 2609 2174 id
2638 2135 2740 2191 ego
2766 2135 2889 2176 sum
2913 2111 3160 2191 paratus,
3191 2123 3525 2194 insuper-que

1944 2209 2155 2265 habebo
2184 2211 2436 2280 gratiam.

2018 2301 2131 2358 Vll.
2175 2302 2400 2375 Excepit
2445 2308 2658 2378 Appion
2693 2308 2927 2366 :Nonne
2982 2311 3078 2367 tibi
3125 2310 3335 2366 videtur
3379 2311 3520 2366 idem

1943 2410 2085 2464 esse,
2121 2397 2236 2453 sive
2264 2413 2361 2467 per
2400 2400 2637 2470 magiam
2672 2416 2737 2458 ea
2762 2403 3012 2472 potiaris,
3056 2402 3173 2458 sive
3210 2418 3305 2473 per
3328 2403 3496 2457 verbo

1943 2504 2066 2543 rum
2100 2491 2429 2562 suadelam?
2474 2491 2747 2563 Respondi
2797 2510 2945 2566 ego:
3004 2493 3123 2549 Non
3170 2494 3396 2550 omnino
3420 2506 3522 2565 par

1942 2590 2028 2637 est
2075 2601 2089 2638 :
2134 2584 2367 2639 multum
2403 2585 2605 2656 quippe
2648 2585 2813 2643 distat
2851 2602 3022 2641 unum
3064 2586 3135 2641 ab
3171 2587 3372 2651 altero;
3426 2586 3521 2657 qui

1940 2676 2087 2730 enim
2124 2676 2353 2739 invitam
2385 2679 2670 2733 mulierem
2717 2694 2815 2749 per
2842 2679 2952 2733 vim
2982 2679 3175 2749 magia
3204 2678 3370 2749 cogit,
3404 2687 3522 2733 Ian-

1940 2782 2106 2837 quam
2140 2768 2431 2823 insidiator
2460 2770 2672 2840 pudica
2705 2771 3061 2840 gravissimas
3100 2770 3251 2826 dabit
3279 2784 3470 2840 panas
3501 2786 3517 2824 :

1941 2859 2038 2931 qui
2083 2875 2212 2915 vero
2247 2875 2502 2917 sermone
2528 2864 2823 2934 persuasit,
2867 2873 3031 2934 atque
3064 2863 3118 2917 in
3146 2863 3267 2933 ejus
3292 2862 3519 2917 arbitrio

1941 2967 2009 3008 ac
2040 2953 2316 3009 voluntate
2348 2954 2534 3025 posuit
2561 2954 2899 3020 electionem,
2950 2955 2997 3010 is
3039 2970 3148 3010 non
3181 2954 3361 3008 intulit
3386 2950 3515 3008 vim.

1941 3041 2121 3100 Minus
2168 3053 2371 3111 autem,
2423 3044 2636 3114 opinor,
2686 3045 2943 3115 punietur
2983 3045 3073 3115 qui
3122 3045 3315 3111 suasit,
3351 3053 3518 3114 quam

241 3140 361 3207 οῦν,
392 3142 443 3194 εί
481 3142 578 3213 μὲν
601 3145 787 3197 πεῖσαι
819 3142 1067 3208 δύνασαι,
1105 3144 1265 3218 χάριν
1292 3143 1399 3211 ἔξω
1429 3142 1722 3215 ἐπιτυχὼν,
1743 3145 1838 3201 άλ-

1947 3135 2034 3205 qui
2077 3136 2273 3206 coegit.
2326 3137 2595 3203 Quocirtn
2638 3138 2685 3193 si
2723 3138 2941 3208 quidem
2972 3139 3303 3207 persuadere
3339 3147 3514 3207 potes,

242 3235 356 3300 λως
392 3236 451 3290 δὲ
481 3236 631 3313 ἣδιόν
658 3237 705 3271 ⁸³
739 3255 831 3309 μοι
860 3237 1115 3293 τεθνάναι
1152 3236 1382 3321 μᾶλλον,
1416 3237 1451 3310 ἢ
1478 3239 1576 3310 τὴν
1605 3239 1679 3310 μή
1710 3238 1836 3310 βου-

240 3328 482 3400 λομένην
519 3328 710 3401 βιαίως
736 3330 1141 3400 έπαναγκάσαι.

319 3420 457 3476 Vill.
492 3423 602 3477 Καὶ
643 3425 673 3478 6
731 3423 995 3491 Ἀππίων,
1031 3423 1248 3496 άληθῶς
1272 3423 1581 3495 διαπορῶν,
1613 3424 1740 3496 ἔφη·
1772 3425 1837 3479 Τί

241 3531 315 3585 με
347 3514 457 3585 χρὴ
493 3514 629 3586 πρὸς
657 3514 718 3570 σὲ
750 3515 969 3585 λέγειν;
1003 3516 1142 3569 Ποτὲ
1178 3515 1277 3587 μὲν
1318 3515 1428 3588 γὰρ
1459 3516 1535 3579 ὡς
1568 3516 1675 3571 ὑπὸ
1697 3515 1835 3589 ἔρω-

236 3624 335 3670 τος
376 3606 767 3679 ἐνοχλούμενος
806 3607 944 3683 εὓχῃ
990 3610 1269 3681 ἐπιτυχεῖν
1292 3648 1308 3673 ,
1343 3609 1474 3663 ποτὲ
1516 3609 1573 3663 δὲ
1620 3610 1697 3674 ὡς
1736 3610 1836 3664 οὐκ

239 3699 389 3772 ἐρῶν
417 3699 462 3732 ⁸⁵
492 3702 593 3773 τῆς
618 3701 915 3773 ἐπιθυμίας
952 3705 1226 3776 προτιμᾷς
1256 3702 1349 3756 τὸν
1378 3702 1541 3773 φόϐον
1562 3742 1577 3766 ,
1612 3704 1706 3757 καὶ
1733 3703 1835 3757 οῖει

238 3792 442 3855 πείσας
476 3792 575 3864 μὲν
619 3793 696 3857 ὡς
727 3794 1110 3867 ἀναμάρτητος
1154 3794 1370 3849 ἔσεσθαι
1401 3793 1711 3859 ἀνεύθυνος,
1744 3794 1834 3867 βίᾳ

237 3884 301 3939 δὲ
338 3888 411 3957 τῇ
441 3886 541 3956 τῆς
574 3887 805 3957 μαγείας
831 3885 1105 3958 ἐπιτυχὼν
1142 3886 1362 3958 ὑφέξειν
1390 3889 1436 3921 ⁸⁸
1468 3888 1644 3961 δίκην.
1694 3888 1832 3944 Ἀλλ’

237 3977 463 4045 ἀγνοεῖς
507 3977 583 4042 ὡς
628 3978 691 4032 τὸ
740 3978 890 4044 τέλος
934 3979 1136 4045 παντὸς
1190 3980 1515 4053 πράγματος
1564 3981 1831 4054 κρίνεται,

235 4070 325 4121 ὅτι
356 4069 605 4139 γέγονεν,
656 4069 717 4130 o6
755 4069 818 4123 τὸ
849 4070 967 4134 πῶς
997 4072 1187 4142 γέγονε
1216 4072 1591 4146 δοκιμάζεται.
1626 4075 1736 4128 Καὶ
1767 4075 1832 4128 σὺ

236 4163 319 4226 δὲ,
342 4162 438 4215 ἐὰν
474 4163 792 4237 μοιχεύσῃς,
816 4165 876 4218 o6
898 4165 1093 4237 δήπου,
1119 4166 1324 4238 μαγείᾳ
1355 4166 1453 4239 μὲν
1477 4166 1835 4239 δυνηθεὶς,ὼς

233 4253 449 4326 ἀσεϐὴς
468 4255 515 4288 ⁸⁸
550 4255 831 4330 κριθήσῃ,
884 4258 1081 4321 πείσας
1128 4259 1207 4323 δὲ,
1240 4259 1341 4331 τῆς
1386 4259 1528 4314 κατὰ
1580 4260 1681 4331 τὴν
1715 4277 1834 4331 μοι-

236 4349 397 4421 χείαν
417 4349 695 4422 ἁμαρτίας
720 4349 1040 4422 ἀπολυθήσῃ
1064 4367 1079 4417 ;
1113 4349 1284 4419 Κάγὼ
1310 4350 1466 4422 ἔφην’
1490 4350 1590 4404 Διὰ
1615 4351 1675 4405 τὸ
1701 4352 1833 4424 ὲρᾷν

236 4444 464 4505 πάντως
489 4460 577 4514 μοι
601 4443 961 4515 προκειμένου
998 4442 1158 4514 139
1185 4446 1368 4515 τυχεῖν
1394 4444 1497 4515 τῆς
1525 4444 1829 4517 ἐρωμένης,
1862 4490 1908 4548 D

234 4533 457 4605 ἀνάγκη
491 4535 588 4606 μέν
610 4552 700 4606 μοι
733 4535 947 4590 ἑλέσθαι
982 4535 1229 4609 θάτερον,
1265 4537 1564 4609 αἱρήσομαι
1592 4537 1671 4601 δὲ,
1702 4538 1753 4590 ει
1784 4538 1828 4571 ⁸⁷

232 4621 350 4681 οἷόν
378 4644 462 4693 τε,
486 4627 814 4682 κολακεῦσαι
840 4627 1059 4716 μᾶλλον,
1095 4629 1130 4701 ἢ
1171 4630 1463 4702 μαγεῦσαι.
1529 4630 1667 4684 Ἀλλ’
1705 4631 1826 4685 οὐδὲ

235 4719 501 4793 κολακείᾳ
548 4722 757 4776 πείθειν
797 4723 968 4795 αὐτὴν
1012 4724 1213 4796 ῥᾴδιον
1268 4724 1411 4781 πάνυ
1449 4724 1560 4797 γάρ
1607 4726 1759 4778 ἐστιν
1789 4726 1824 4798 ή

232 4816 377 4887 γυνὴ
409 4814 717 4887 φιλόσοφος.

304 4993 402 5049 ιχ.
447 4994 561 5049 Καὶ
598 4996 627 5049 6
678 4992 926 5049 Ἀππίων
969 4994 1094 5067 ἔφη·
1141 4995 1330 5069 Ταύτῃ
1363 4995 1566 5067 μᾶλλον
1605 4996 1827 5064 εὔελπίς

232 5090 356 5159 εἰμι
393 5087 605 5142 πείθειν
642 5088 688 5121 ⁸⁸
730 5089 903 5161 αὐτὴν
952 5089 1299 5159 δυνήσεσθαι,
1334 5090 1410 5155 ὡς
1442 5092 1605 5156 αὐτὸς
1628 5093 1821 5161 θέλεις,

234 5185 396 5254 εῖπερ
428 5198 495 5251 γε
549 5183 947 5254 προσομιλῆσαι
975 5183 1113 5254 αὐτῇ
1143 5183 1437 5254 δυνάμεθα.
1475 5186 1647 5255 Κάγὼ
1683 5189 1822 5242 άπε-

234 5277 535 5349 κρινάμην·
598 5276 900 5331 ⁹Δδύνατον.
945 5276 1056 5330 Καί
1103 5278 1132 5329 6
1184 5276 1426 5331 Ἀππίων
1472 5279 1722 5345 ἐπύθετο,
1772 5283 1823 5337 εί

1939 3230 2169 3300 gratiam
2195 3231 2409 3286 habebo
2440 3246 2666 3301 compos
2702 3232 2877 3287 factus
2906 3251 2920 3287 :
2956 3233 3112 3287 aliter
3141 3246 3271 3287 vero
3302 3232 3517 3288 dulcius

1938 3324 2073 3378 mihi
2107 3325 2246 3379 mori
2279 3340 2444 3395 quam
2492 3326 2765 3381 nolentem
2790 3327 2839 3381 vi
2871 3328 3107 3398 adigere.

2011 3416 2145 3473 Vlll.
2201 3416 2268 3472 Et
2302 3418 2515 3488 Appion
2545 3433 2674 3473 vere
2713 3419 2913 3473 dubius
2949 3420 3116 3473 animi
3154 3420 3292 3474 dixit
3327 3438 3341 3474 :
3374 3418 3516 3486 Quid

1939 3524 2027 3563 me
2054 3509 2150 3563 tibi
2173 3508 2325 3564 effari
2351 3508 2605 3579 oportet?
2634 3508 2914 3565 Interdum
2944 3511 3091 3566 enim
3118 3512 3278 3581 quasi
3308 3513 3516 3568 amoris

1936 3600 2229 3671 impatiens
2259 3601 2367 3656 frui
2396 3601 2707 3669 desideras;
2743 3602 3015 3658 interdum
3043 3618 3192 3671 vero,
3216 3605 3375 3674 quasi
3408 3620 3514 3659 non

1936 3709 2109 3761 ames,
2166 3702 2372 3749 metum
2427 3695 2715 3764 anteponis
2768 3694 3051 3765 cupidini,
3104 3704 3160 3752 et
3210 3696 3515 3764 existimas,

1933 3789 2106 3859 quod,
2161 3788 2209 3843 si
2255 3788 2614 3859 persuaseris,
2664 3790 2887 3859 impune
2938 3797 3199 3861 tanquam
3249 3790 3345 3861 qui
3404 3805 3513 3845 non

1934 3882 2243 3951 peccaveris
2271 3882 2497 3949 evades;
2526 3883 2611 3938 sin
2642 3896 2773 3938 vero
2804 3897 2901 3953 per
2929 3883 3198 3952 magicam
3230 3884 3336 3938 vim
3363 3898 3519 3938 com-

1936 3988 2035 4044 pos
2067 3974 2177 4029 voti
2201 3973 2322 4041 tias,
2356 3988 2550 4045 parias
2584 3972 2762 4029 dabis.
2798 3970 2906 4027 Sed
2930 3973 3175 4041 ignoras,
3215 3971 3515 4043 cujuscun-

1932 4083 2042 4139 que
2095 4067 2303 4139 negotii
2341 4067 2501 4143 fipem
2550 4066 2809 4137 iudicari,
2855 4073 2911 4122 et
2953 4064 3191 4133 factum,
3237 4080 3346 4120 non
3383 4063 3513 4119 facti

1934 4160 2157 4217 modum
2188 4160 2443 4231 expendi.
2486 4159 2554 4215 Et
2591 4175 2723 4215 vero
2758 4168 2813 4215 tu
2846 4159 2892 4215 si
2923 4158 3252 4215 adulterium
3279 4157 3513 4213 commi-

1934 4255 2094 4321 seris,
2120 4254 2365 4326 nunquid
2386 4294 2403 4322 ,
2440 4268 2537 4325 per
2564 4253 2803 4323 magiam
2834 4266 3080 4323 compos,
3113 4260 3372 4321 tanquam
3406 4251 3513 4304 im-

1933 4349 2059 4419 pius
2091 4347 2567 4414 condemnaberis,
2610 4362 2707 4417 per
2736 4346 3047 4401 suasionem
3086 4359 3233 4407 vero,
3259 4343 3328 4397 ab
3359 4342 3515 4397 adul-

1939 4440 2061 4497 terii
2117 4448 2340 4511 peccato
2387 4439 2726 4495 absolveris?
2775 4436 2843 4493 Et
2890 4451 2992 4509 ego
3046 4435 3302 4507 respondi
3329 4454 3342 4489 :
3372 4434 3509 4489 Cum

1936 4550 2137 4601 amem,
2188 4533 2527 4603 omninoque
2556 4531 2689 4587 mihi
2716 4545 3019 4602 proponam
3043 4529 3150 4584 frui
3182 4536 3388 4595 amata,
3416 4543 3513 4581 ne-

1934 4641 2088 4681 cesse
2131 4626 2351 4697 quidem
2388 4633 2474 4680 est
2504 4633 2565 4679 ut
2609 4625 2839 4679 alterum
2868 4624 3064 4694 eligam
3086 4663 3101 4689 ,
3140 4622 3327 4677 malim
3356 4635 3509 4687 vero,

1932 4720 1980 4776 si
2030 4718 2265 4774 facultas
2304 4727 2427 4785 est,
2476 4717 2790 4773 adulatione
2837 4717 2936 4781 uti,
2963 4730 3129 4786 quam
3167 4715 3366 4784 magia.
3402 4714 3509 4768 Sed

1929 4826 2033 4868 nec
2070 4811 2352 4868 blanditiis
2393 4810 2555 4867 facile
2603 4810 2709 4867 erit
2748 4807 3033 4865 mulierem
3072 4808 3139 4865 ad
3178 4821 3509 4863 consensum

1930 4906 2221 4981 adducere,
2253 4904 2414 4961 valde
2438 4905 2584 4961 enim
2614 4904 2897 4974 sapientia
2926 4902 3170 4957 studiosa
3197 4909 3301 4957 est.

2003 4994 2097 5075 ll}.
2146 4994 2214 5050 Et
2240 4996 2453 5066 Appion
2488 5013 2501 5049 :
2529 4993 2608 5049 Eo
2638 4994 2831 5066 magis,
2863 4993 3062 5064 inquit,
3088 4993 3230 5047 bona
3259 5005 3346 5046 me
3380 5004 3516 5059 spes

1928 5086 2115 5155 habet,
2149 5101 2313 5158 posse
2350 5086 2401 5141 ei
2441 5086 2780 5155 persuaderi,
2828 5081 3291 5155 quemadmodum
3322 5076 3519 5151 cupis,’

1928 5182 1975 5238 si
2001 5196 2129 5236 cum
2144 5197 2209 5237 ea
2231 5180 2471 5251 colloqui
2493 5179 2673 5234 detur.
2703 5174 2816 5247 Ego
2845 5174 3126 5246 respondi,
3149 5173 3266 5228 fieri
3294 5170 3502 5241 nequit.

1925 5279 2141 5351 Appion
2177 5288 2361 5334 autem
2406 5275 2717 5333 sciscitatus
2751 5282 2835 5329 est
2857 5313 2873 5340 ,
2916 5287 3048 5326 num
3078 5276 3264 5342 posset
3290 5268 3358 5323 ad
3381 5280 3502 5323 eam

1522 5415 1761 5472 VARUS
1816 5418 2220 5478 LECTIONES.

310 5510 396 5580 ⁸⁸,
429 5505 833 5580 τάπειθήσαντες
869 5506 951 5580 _Cl
1002 5552 1025 5580 _,
1060 5506 1414 5580 Qttoboniani
1473 5507 1882 5580 ἀπειθείσαντες
1930 5514 2070 5578 idem
2131 5513 2293 5576 valet,
2353 5508 2759 5580 ἀπελθήσαντες
2807 5505 2872 5562 C.

232 5578 694 5654 pendpsc.__‘_‘"’
721 5577 985 5654 Olegitjn
999 5577 1296 5654 indicativo
1320 5579 1481 5654 ἔχει..
1526 5578 1571 5654 ’ξ
1589 5581 1819 5654 μαγείαν
1842 5583 1903 5654 C.
1920 5577 2057 5638 Tum
2079 5584 2172 5637 ἐπὶ
2196 5581 2496 5654 μοιχείᾳ-ΟΔ.

3009 5508 3056 5550 ιτ
3082 5499 3389 5574 φλεγόμενα
3431 5499 3499 5567 0,

2595 5579 2647 5649 ’ίί
2667 5577 2794 5649 Les-
2830 5572 3104 5649 parietes;
3131 5574 3217 5649 ους
3246 5572 3315 5649 εὲο
3341 5587 3496 5649 Sapr-

236 5652 357 5728 '_1e_t
388 5649 447 5728 βε
522 5638 966 5728 ’λέπιτυχώῦρᾳ
999 5647 1195 5728 Verum
1230 5638 1602 5728 jam"v_id_it__S.'
1630 5638 1774 5728 hiem
1795 5653 2000 5718 παίσας
2023 5638 2318 5728 mendose?
2377 5638 2423 5728 εξ
2453 5650 2600 5720 ἥδιόν
2620 5648 2684 5728 _S.
2711 5638 2801 5709 0v,
2824 5638 3089 5728 ἧδείόνὈ.
3161 5638 3496 5728 #5119???-

237 5725 289 5796 ξι
310 5720 504 5796 ὑφέξιν
547 5714 630 5796 Ολ
682 5710 1043 5796 ,ξ”άσεὸήσας
1064 5717 1129 5774 C.
1208 5710 1253 5751 δῖ’
1280 5718 1329 5771 εί
1348 5718 1532 5773 addidi
1562 5734 1613 5774 c.
1649 5710 1697 5775 Ο
1747 5740 1759 5777 :
1790 5738 1956 5793 quam
1978 5710 2328 5796 'particuym
2387 5710 2576 5777 deesse
2613 5720 2727 5791 jam
2754 5710 3066 5789 suspicatus
3098 5723 3179 5771 est
3213 5712 3270 5767 S.
3303 5710 3312 5713 ⁷
3349 5710 3394 5743 ⁸⁸
3423 5712 3500 5768 ita

240 5789 281 5846 Β
309 5832 329 5859 ,
353 5783 565 5846 πείσειν
590 5785 632 5842 C
677 5783 743 5843 Ο.
