3894 6208
454 308 559 367 Ιτδ

1302 312 1361 369 S.
1386 304 1771 368 CLEMENTIS
1808 305 1829 362 Ι
1863 306 2031 362 BOM.
2074 305 2272 362 PONT.
2304 305 2532 363 OPERA
2564 304 2793 364 DUBIA.

3582 306 3691 367 170

447 437 561 476 non
592 418 907 492 ignorabam
935 434 1154 476 summo
1173 416 1388 475 Judzeos
1418 417 1671 489 prosequi
1693 416 1840 483 odio,
1875 415 2012 471 adeo

2114 413 2481 481 κατακλίσεως
2538 416 2637 488 τὴν
2687 418 2885 473 αἰτίαν.
2930 417 3069 490 Ἐγὼ
3118 420 3175 475 δὲ
3213 420 3305 475 τὸν
3361 420 3529 495 ἄνδρα
3583 423 3689 478 οὐκ

448 520 511 568 ut
552 523 605 567 et
644 519 833 567 contra
885 526 981 568 eos
1031 512 1234 567 multos
1281 511 1563 581 scripserit
1612 510 1783 566 libros
1818 522 2010 576 ;nunc

451 612 598 659 certe
646 603 923 658 Simonem
972 604 1149 673 ipsum
1189 603 1247 658 in
1300 603 1593 658 amicitiam
1648 601 1868 657 admisit
1900 616 2011 656 non

454 696 671 767 quidem
702 695 772 751 ob
801 695 1043 751 discendi
1098 694 1337 751 studium
1368 710 1433 750 ac
1468 695 1829 750 eruditionem
1866 720 1887 761 ,-
1917 693 2012 749 sed

452 792 583 862 quia
630 791 779 846 novit
834 806 957 845 eum
998 804 1121 846 esse
1160 788 1564 844 Samaritanum
1612 795 1666 843 et
1698 787 2009 842 Iudaeorum

456 883 687 948 hostem,
732 880 993 936 adversus
1036 896 1175 952 quos
1225 881 1388 935 etiam
1420 880 1490 935 sit
1513 895 1856 951 progressus,
1890 878 2012 935 ideo

452 989 575 1029 eum
606 974 710 1030 sibi
740 973 1069 1037 conciliavit,
1103 988 1209 1043 quo
1232 974 1405 1043 possit
1434 973 1635 1044 aliquid
1661 973 1728 1028 ab
1754 972 1848 1029 illo
1876 988 2013 1028 cou-

450 1074 534 1122 tra
552 1065 767 1121 Iudaeos
796 1065 1026 1120 discere.

524 1154 612 1212 lll.
643 1154 765 1209 Haec
788 1170 886 1226 ego
915 1156 1095 1211 sciens
1118 1156 1184 1211 de
1206 1157 1469 1228 Appioue,
1498 1155 1658 1213 simul
1692 1172 1757 1213 ac
1787 1170 2009 1211 causam

451 1246 627 1302 morbi
658 1248 831 1317 petiit,
868 1247 1121 1317 respondi
1158 1247 1430 1308 simulate.
1458 1263 1545 1302 me
1566 1247 1828 1316 juvenum
1859 1261 2010 1301 more

449 1341 699 1397 affectum
729 1340 911 1397 dolere
937 1341 1138 1395 animo.
1163 1340 1243 1396 Ad
1273 1341 1387 1397 haec
1406 1341 1495 1396 ille
1516 1341 1653 1396 dixit
1687 1360 1699 1395 :
1735 1339 1860 1403 Fili,
1891 1348 2011 1394 tan-

445 1448 610 1503 quam
634 1433 775 1502 patri
814 1432 1055 1492 conﬁsus
1088 1448 1272 1498 narra,
1322 1431 1543 1503 quinam
1599 1432 1672 1488 sit
1723 1429 1889 1486 animi
1928 1432 2009 1486 tui

438 1523 693 1580 morbus.
742 1522 991 1593 Cumque
1029 1523 1226 1579 iterum
1262 1523 1386 1578 tlcte
1433 1523 1723 1578 vehemens
1752 1521 2008 1577 ducerem

446 1615 765 1684 suspirium,
793 1615 951 1684 quasi
980 1615 1186 1670 veritus
1238 1614 1393 1669 fateri
1424 1628 1685 1678 amorem,
1717 1612 1929 1668 silendo
1953 1619 2009 1667 et

442 1708 653 1762 vultum
669 1707 1002 1762 demittendo
1023 1707 1389 1777 suspicionem
1416 1706 1540 1762 dedi
1562 1706 1682 1775 ejus
1697 1704 1841 1776 quod
1864 1704 2009 1759 indi-

2112 508 2320 578 ἀγνοιῖιν
2343 508 2389 541 ⁸³
2420 508 2559 563 πάνυ
2591 509 2875 574 Ἰουδαίους
2910 510 2981 565 δι’
3013 512 3306 582 ἀπεχθείας
3365 512 3577 583 ἔχοντα.
3612 513 3689 578 ὡς

2114 601 2208 655 καὶ
2241 600 2411 655 πολλά
2444 600 2623 671 βιϐλία
2664 604 2784 656 κατ’
2823 601 3001 656 αὑτῶν
3048 605 3482 676 συγγεγραφέναι
3509 604 3693 659 “mal

2112 692 2275 749 αὑτὸν
2327 694 2547 766 Σίμωνα
2572 693 2668 749 νῦν
2699 695 2761 749 οὑ
2796 696 2885 749 διὰ
2935 694 3286 767 φιλομάθειαν
3316 698 3361 729 ⁸⁵
3387 700 3466 761 εἰς
3499 698 3691 765 φιλίαν

2113 786 2505 860 προσιέμενον,
2554 787 2670 843 ἀλλ’
2717 789 2905 862 ἐπειδὴ
2950 790 3209 861 Σαμαρέα
3240 790 3401 844 αὑτὸν
3442 787 3549 845 οἶδε
3601 808 3691 861 μι-

2114 879 2407 934 σοῖουδαῖόν
2456 897 2516 933 τε
2558 881 2689 935 ὄντα
2742 883 2836 936 καὶ
2887 882 3029 936 κατὰ
3073 883 3339 936 Ἰουδαίων
3381 883 3689 954 προεληλυ-

2114 971 2261 1036 θότα,
2287 972 2567 1059 διάντοῦτο
2611 972 2771 1028 αὑτὸν
2808 973 3281 1047 πῳσῳκειώσατο,
3334 975 3421 1028 ἵνα
3467 974 3689 1029 δύναιτο

2113 1064 2253 1118 κατά
2299 1064 2563 1119 Ἰουδαίων
2581 1084 2633 1119 τι
2662 1069 2790 1138 παρ’
2820 1066 2982 1121 αὑτοῦ
3020 1068 3329 1138 μανθάνειν.

2184 1152 2271 1208 lll.
2311 1155 2496 1209 Ταῦτα
2523 1154 2633 1224 ἐγὼ
2666 1155 2923 1227 προειδὼς
2949 1156 2997 1189 ⁸⁸
3027 1157 3152 1228 περί⁵
3198 1157 3293 1209 τοῦ
3358 1156 3684 1220 Ἀππίωνος,

2113 1249 2229 1319 ἃμα
2260 1248 2338 1319 τῷ
2366 1248 2625 1302 πυθέσθαι
2657 1248 2817 1303 αὑτὸν
2859 1250 2957 1321 τὴν
2989 1250 3166 1304 αἰτίαν
3197 1251 3295 1321 τῆς
3326 1249 3481 1303 νόσου
3514 1268 3689 1322 προσ-

2113 1337 2408 1407 ποιητικῶς
2431 1338 2473 1370 ⁸⁷
2496 1337 2899 1409 ἀπεκρινάμην,
2932 1338 3014 1392 ὅτι
3057 1338 3126 1392 τὰ
3170 1339 3304 1392 νέων
3350 1339 3540 1409 πάσχω
3589 1339 3687 1392 καὶ

2109 1427 2260 1497 ἀλγῶ
2308 1429 2406 1499 τὴν
2444 1427 2641 1500 ψυχήν.
2699 1430 2758 1481 Ὀ
2789 1428 2846 1482 δὲ
2895 1428 3031 1500 πρὸς
3068 1428 3241 1482 ταῦτα
3288 1428 3387 1499 ἔφη
3410 1444 3424 1459 ο
3458 1429 3684 1491 Τέκνον,

2109 1516 2186 1583 ὡς
2215 1518 2383 1591 πατρὶ
2406 1518 2682 1591 θαρσήσας
2712 1517 2856 1588 λέγε,
2882 1518 2965 1581 τίς
2989 1536 3079 1572 σου
3106 1519 3202 1590 τῆς
3229 1518 3405 1589 ψυχῆς
3434 1518 3678 1590 ήνόσοςς

2123 1608 2285 1681 Ἐμοῦ
2332 1610 2390 1664 δέ
2439 1610 2875 1683 προσποιητικῶς
2902 1610 2949 1643 ⁸⁸
2988 1610 3148 1663 πάλιν
3203 1610 3681 1676 ἀναστενάξαντος,

2111 1704 2186 1767 ὡς
2224 1704 2290 1775 δὴ
2340 1705 2468 1775 περὶ
2521 1704 2723 1776 ἔρωτος
2767 1705 2939 1758 εἰπεῖν
2986 1702 3323 1774 αἰδουμένου,
3363 1702 3451 1757 διά
3484 1720 3547 1772 γε
3580 1702 3685 1773 τῆς

442 1798 557 1853 cari
589 1799 834 1853 volebam
864 1817 880 1865 ;
924 1805 979 1852 at
1006 1798 1094 1853 ille
1120 1813 1309 1853 revera
1336 1812 1421 1853 me
1448 1797 1728 1852 mulierem
1758 1796 2007 1867 deperire

2115 1798 2321 1869 σιωπῆς
2358 1798 2515 1869 136
2551 1799 2644 1851 καὶ
2674 1796 2768 1850 τοῦ
2816 1795 3129 1851 κατανεύειν
3161 1796 3227 1860 δ’,
3259 1796 3388 1867 περὶ
3410 1792 3468 1850 οὗ
3490 1794 3683 1867 ἡθελον

441 1906 740 1961 persuasus
771 1891 908 1949 dixit
942 1909 957 1944 :
990 1890 1135 1944 Nihil
1182 1891 1238 1944 in
1278 1890 1392 1944 vita
1429 1897 1536 1954 est,
1567 1888 1658 1945 cui
1695 1904 1803 1944 non
1833 1889 2009 1959 possit

442 1985 688 2040 adhiberi
719 1984 1038 2039 remedium.
1070 1984 1191 2053 lpse
1216 1983 1361 2039 enim
1392 1997 1513 2053 ego,
1554 1982 1733 2037 adhuc
1762 1981 2004 2048 juvenis,

441 2088 567 2131 cum
591 2075 644 2145 in
678 2088 915 2134 amorem
948 2078 1257 2133 incidissem
1284 2076 1704 2147 elegantissimae
1738 2076 2005 2142 mulieris,

444 2183 553 2223 non
584 2169 744 2223 modo
778 2170 1116 2240 impossibile
1157 2169 1469 2240 judicabam
1515 2169 1607 2223 illa
1660 2168 1786 2237 frui,
1817 2184 2007 2225 verum

440 2276 615 2331 neque
637 2261 876 2316 salutare
899 2271 1134 2332 unquam
1169 2260 1456 2332 sperabam
1485 2279 1498 2314 ε
1522 2267 1572 2314 et
1601 2268 1781 2315 tamen
1813 2266 2008 2315 nactus

441 2352 678 2423 aliquem
728 2351 1064 2425 Egyptium,
1120 2352 1346 2425 magicis
1375 2352 1433 2407 in
1481 2352 1691 2408 artibus
1738 2349 2009 2423 peritissi—

439 2459 614 2509 mum,
670 2450 725 2499 et
773 2452 1055 2499 contracta
1120 2460 1243 2501 cum
1292 2458 1359 2500 eo
1420 2444 1682 2510 amicitia,
1757 2457 2002 2500 amorem

438 2548 619 2591 meum
646 2535 863 2589 declare
896 2553 909 2588 :
939 2549 1003 2589 ac
1023 2550 1133 2589 non
1158 2536 1332 2589 solum
1362 2534 1451 2590 ille
1480 2550 1540 2591 se
1561 2535 1690 2590 mihi
1721 2535 1788 2590 ad
1822 2534 2007 2605 cupita

439 2626 625 2682 omnia
676 2625 1069 2693 tradidit;sed
1123 2626 1429 2697 largissime
1484 2626 1616 2681 mihi
1668 2628 2004 2697 gratiﬁcans,

439 2719 603 2772 etiam
635 2718 896 2773 carminis
928 2733 1025 2787 per
1052 2718 1198 2787 quod
1233 2718 1436 2787 potitus
1475 2718 1547 2772 fui
1581 2720 1868 2773 scientiam
1895 2734 2004 2773 non

440 2807 632 2863 invidit
666 2826 679 2861 :
708 2817 870 2878 atque
898 2823 994 2878 per
1020 2808 1168 2863 illius
1198 2807 1436 2863 hominis
1467 2807 1736 2863 occultam
1782 2808 2007 2863 demon-

439 2897 783 2963 strationem,
807 2913 1105 2968 persuasus
1135 2898 1381 2969 magistri
1424 2898 1816 2966 muniﬁcentia,
1844 2905 1899 2954 et
1921 2914 2008 2955 se-

438 2989 546 3045 mel
568 2990 790 3060 potitus,
821 3003 1005 3046 amare
1033 2991 1264 3047 cessavi.

511 3164 599 3221 IV.
633 3164 789 3221 Unde
814 3166 860 3220 si
891 3175 946 3221 et
968 3174 1026 3220 tu
1050 3166 1158 3221 tale
1188 3164 1318 3236 quid
1344 3166 1626 3220 hominum
1658 3180 1811 3220 more
1852 3173 2007 3235 pate-

438 3260 536 3324 ris,
569 3257 700 3314 mihi
732 3258 974 3318 conﬁsus
997 3259 1207 3328 depone
1233 3274 1413 3315 curas.
1444 3258 1587 3314 Intra
1629 3258 1773 3313 enim
1798 3266 2003 3327 septem

438 3351 555 3406 dies
584 3351 808 3405 omnino
833 3358 886 3405 te
910 3350 1155 3408 mulieris
1200 3351 1395 3407 faciam
1420 3359 1750 3422 compotem.
1775 3349 1871 3405 His
1904 3365 2005 3420 ego

439 3442 661 3505 auditis,
694 3457 872 3498 meum
898 3442 1195 3512 respiciens
1230 3441 1299 3497 ad
1341 3457 1591 3512 scopum,
1622 3441 1710 3496 aio
1744 3458 1756 3495 :
1783 3438 2007 3511 Ignosce

439 3534 573 3588 mihi
608 3549 718 3589 non
742 3536 955 3605 penitus
984 3534 1224 3590 credenti
1250 3536 1481 3605 magiam
1508 3540 1725 3590 exstare
1761 3556 1771 3588 :
1807 3533 2005 3587 multos

438 3623 639 3693 quippe
660 3623 772 3693 jam
806 3631 1063 3693 expertus
1092 3640 1235 3689 sum,
1265 3626 1433 3679 multa
1462 3624 1733 3694 pollicitos
1757 3638 1819 3677 ac
1847 3639 2004 3678 men-

438 3713 590 3769 titos.
626 3712 879 3767 Attamen
906 3723 1086 3768 movet
1113 3728 1199 3769 me
1229 3728 1292 3767 ac
1321 3714 1376 3768 in
1424 3729 1575 3783 spem
1611 3712 1831 3767 adducit
1877 3727 2005 3782 pro-

439 3805 632 3859 missio
657 3812 771 3859 tua.
806 3798 1012 3859 Vereor
1057 3812 1265 3869 autem,
1297 3804 1425 3858 dum
1476 3804 1680 3874 cogito,
1715 3802 1854 3857 forte
1894 3804 2003 3857 dae-

438 3911 629 3951 mones
654 3895 927 3951 interdum
957 3895 1131 3966 magis
1160 3894 1228 3947 ad
1256 3893 1511 3948 mandata
1538 3907 1649 3950 non
1674 3890 1914 3948 obedire.

512 4086 573 4143 ν.
617 4087 919 4157 Respondit
939 4086 1147 4159 Appion
1172 4106 1188 4144 :
1212 4086 1343 4141 Mihi
1378 4079 1639 4150 concede,
1662 4092 1720 4139 ut
1742 4084 1857 4139 haec
1881 4085 2002 4153 plus

436 4195 599 4250 quam
620 4187 678 4234 tu
704 4194 1055 4250 cognoscam.
1080 4178 1158 4235 Ne
1180 4187 1363 4234 tamen
1398 4178 1538 4233 nihil
1566 4176 1802 4232 videaris
1826 4192 1889 4231 ex
1916 4192 2003 4232 me

436 4271 711 4327 audivisse
750 4272 817 4326 de
857 4288 923 4327 eo
968 4271 1116 4342 quod
1174 4271 1383 4336 dixisti,
1427 4270 1598 4336 disce,
1634 4286 1740 4342 qua
1790 4272 2002 4329 ratione

435 4374 699 4435 cogantur
746 4364 1028 4420 daemones
1062 4364 1292 4434 obsequi
1338 4364 1611 4421 mandatis
1663 4381 1996 4437 magorum;

434 4470 560 4510 nam
594 4456 738 4511 sicut
780 4456 893 4511 ﬁeri
925 4472 1035 4510 non
1081 4464 1277 4526 potest,
1321 4468 1380 4511 ut
1424 4456 1581 4512 miles
1612 4457 1737 4512 duci
1774 4467 1997 4512 contra~

435 4545 600 4611 dicat,
631 4556 683 4601 et
705 4547 846 4602 sicut
888 4547 989 4617 ipsi
1018 4547 1186 4602 duces
1236 4562 1345 4601 non
1395 4556 1626 4617 possunt
1682 4548 1999 4618 imperatori

435 4651 543 4690 non
571 4638 947 4706 obtemperare
980 4638 1049 4708 (si
1080 4638 1203 4707 quis
1233 4639 1376 4692 enim
1404 4640 1705 4708 praepositis
1756 4647 1996 4708 resistat,

436 4727 660 4782 omnino
688 4743 880 4796 parias
909 4730 1123 4799 solvet),
1157 4727 1228 4782 ita
1252 4729 1366 4782 lieri
1398 4729 1607 4798 nequit,
1642 4737 1700 4784 ut
1722 4729 1997 4786 daemones

436 4817 641 4885 angelis
690 4816 922 4871 ducibus
970 4818 1085 4871 suis
1133 4833 1241 4871 non
1292 4818 1637 4872 subserviant
1666 4836 1679 4884 ;
1712 4835 1809 4897 per
1859 4836 1996 4889 quos

437 4907 669 4976 adjurati
715 4908 912 4962 cedunt
941 4916 1255 4975 trementes,
1282 4915 1341 4963 ut
1370 4910 1461 4979 qui
1493 4910 1629 4964 bene
1660 4911 1915 4965 noverint
1939 4926 1996 4966 se

437 5013 545 5055 non
574 4997 861 5055 obsecutos
902 4999 1128 5054 omnino
1167 4998 1368 5070 puniri.
1407 5000 1510 5070 Ipsi
1551 5014 1765 5071 quoque
1794 5000 1992 5071 angeli,

2110 1888 2494 1953 ἐνδείκνυσθαι,
2540 1891 2795 1960 παρεῖχον
2836 1889 2934 1958 τὴν
2980 1888 3253 1942 ὑπόνοιαν·
3289 1889 3317 1942 ό
3348 1888 3427 1951 δὲ,
3467 1888 3595 1958 ἐρᾷν
3632 1886 3681 1918 ⁸⁸

2114 1997 2179 2051 με
2204 1981 2457 2049 γυναικὸς
2496 1979 2709 2050 ἀληθῶς
2759 1979 3127 2043 ἀναπεισθεὶς,
3156 1979 3289 2051 ἔφη·
3332 1979 3497 2032 υὺδέν
3530 1980 3681 2031 ἐστιν

2109 2076 2167 2128 ἐν
2197 2074 2275 2146 τῷ
2334 2074 2431 2146 βίῳ
2484 2074 2733 2148 βοηθείας
2777 2077 2956 2145 τυχεῖν
2989 2074 3061 2146 μὴ
3089 2076 3399 2146 δυνάμενον.
3434 2074 3541 2127 Καὶ
3568 2072 3680 2144 γὰρ

2109 2168 2290 2233 αὑτὸς,
2323 2169 2411 2221 ὅτε
2438 2168 2557 2231 νέος
2598 2170 2745 2239 ἥμην
2773 2169 2838 2233 ³³,
2876 2169 3125 2241 ἐρασθεὶς
3166 2167 3421 2236 γυναικὸς
3468 2164 3678 2229 ἀξιολο-

2107 2261 2377 2330 γωτάτης,
2401 2261 2461 2314 οὑ
2493 2261 2648 2331 μόνον
2676 2261 2844 2332 αὐτῆς
2876 2262 2917 2291 ⁵¹
2943 2263 3122 2331 τυχεῖν
3154 2258 3399 2330 ἡγούμην
3419 2258 3680 2310 ἀδύνατον

2108 2349 2266 2415 εἶναι,
2303 2351 2415 2406 ἀλλ’
2463 2352 2582 2405 οὑδέ
2629 2351 3064 2424 προσαγορεῦσαί
3115 2368 3243 2405 ποτε
3298 2350 3545 2421 ἤλπιζον·
3583 2347 3681 2401 καὶ

2110 2444 2278 2516 ὅμως,
2316 2444 2618 2518 περιτυχών
2678 2462 2784 2498 τινι
2842 2444 3138 2514 Αἰγυπτίῳ,
3182 2443 3326 2497 πάνυ
3371 2442 3438 2495 τὰ
3489 2442 3679 2512 μάγων

2107 2537 2448 2610 ἀκριϐοῦντι,
2504 2537 2597 2591 καὶ
2649 2536 2899 2605 φιλωθεὶς
2951 2534 3189 2604 ἐκφαίνω
3223 2552 3323 2606 μου
3356 2535 3445 2588 τὸν
3476 2533 3676 2604 ἔρωτα,

2108 2630 2202 2683 καὶ
2228 2629 2288 2682 οὑ
2324 2630 2481 2700 μόνον
2514 2628 2704 2682 ἑαυτόν
2735 2645 2824 2700 μοι
2856 2630 3082 2698 παρεῖχε
3116 2627 3252 2698 πρὸς
3276 2628 3383 2680 πᾶν
3415 2626 3443 2678 ὃ
3469 2624 3679 2678 ἐϐουλό-

2109 2735 2238 2790 μην,
2268 2717 2401 2771 ἀλλά
2423 2715 2802 2788 δαψιλέστερον
2833 2715 2969 2787 πρός
3007 2732 3073 2785 με
3106 2712 3547 2783 φιλοτιμούμενος
3579 2707 3678 2763 καὶ

2105 2810 2203 2881 τὴν
2234 2808 2510 2879 ἐπαοιδὴν,
2545 2807 2613 2861 δι’
2650 2802 2717 2879 ἧς
2762 2806 2968 2878 ἔτυχον,
3017 2805 3282 2859 διδάσκειν
3310 2804 3409 2857 οὑκ
3447 2800 3678 2871 ἐφθόνη-

2108 2916 2229 2955 σενο
2262 2900 2405 2954 ἐκδὲ
2443 2900 2541 2971 τῆς
2585 2898 2790 2953 ἐκείνου
2848 2896 3109 2969 λαθραίας
3162 2894 3501 2961 ὑποδείξεως,
3555 2908 3680 2947 πει-

2108 2990 2255 3054 σθεὶς
2286 2992 2353 3062 τῇ
2385 2990 2478 3044 τοῦ
2512 2990 2820 3056 διδάξαντος
2866 2988 3113 3060 ἀφθονίᾳ,
3161 2987 3256 3041 καὶ
3312 2984 3457 3049 ἅπαξ
3490 2985 3680 3037 ἐπιτυ-

2029 3093 2074 3151 C
2106 3081 2236 3154 χὼν,
2270 3082 2592 3153 ἐπαυσάμην
2616 3083 2709 3135 τοῦ
2740 3081 2958 3155 ἔρωτος.

2178 3172 2267 3228 IV.
2315 3173 2496 3239 Ὅθεν,
2524 3176 2572 3226 εἰ
2605 3174 2699 3227 καὶ
2734 3175 2797 3226 σὺ
2830 3172 3067 3226 τοιοῦτόν
3088 3188 3141 3224 τι
3164 3168 3435 3231 πέπονθας
3464 3166 3680 3239 ἀνθρω-

2107 3264 2294 3327 πίνως,
2352 3242 2623 3333 θάρσησον
2670 3265 2799 3333 ἡμῖν
2845 3263 2981 3334 πρὸς
3026 3262 3087 3315 τὸ
3130 3261 3430 3331 ἀμέριμνον
3461 3274 3475 3289 ⁸
3520 3257 3680 3322 ἐντὸς

2105 3355 2213 3427 γὰρ
2234 3355 2452 3427 ἡμερῶν
2478 3355 2619 3408 ἐτττά
2638 3354 2851 3417 πάντως
2874 3354 3040 3423 αὑτῆς
3061 3353 3331 3421 ἐπιτυχεῖν
3355 3367 3413 3402 σε
3442 3348 3676 3419 ποιήσω.

2105 3445 2289 3499 Ταῦτα
2317 3446 2554 3510 ἀκούσας
2590 3445 2718 3515 ἐγὼ,
2754 3446 2833 3508 εἰς
2863 3444 2954 3497 τὸν
2984 3443 3113 3515 ἐμὸν
3141 3444 3188 3475 ⁵⁸
3222 3441 3421 3495 σκοπὸν
3445 3439 3679 3495 ἀποϐλέ-

2106 3554 2242 3601 πων,
2270 3536 2434 3609 έφηνο
2468 3537 2745 3607 Σύγγνωθί
2782 3554 2869 3607 μοι
2911 3537 2984 3608 μὴ
3034 3535 3173 3588 πάνυ
3212 3534 3516 3589 πιστεύοντι
3572 3551 3678 3604 μα-

2103 3629 2257 3698 γείαν
2292 3630 2581 3698 ὑφεστάναι
2606 3647 2618 3659 ·
2656 3628 2865 3682 πολλῶν
2899 3628 3007 3700 γὰρ
3053 3626 3224 3682 πολλὰ
3272 3625 3677 3695 ἐπαγγελλομέ-

2104 3737 2207 3773 νων
2242 3721 2335 3773 καὶ
2360 3720 2801 3792 διαψευσαμένων
2834 3722 2938 3792 ἤδη
2962 3719 3319 3791 πεπείραμαι.
3371 3718 3516 3790 Πλὴν
3548 3719 3679 3771 δυσ-

2103 3814 2242 3865 ωπεῖ
2283 3812 2330 3843 “
2367 3830 2433 3883 με
2472 3812 2567 3866 καὶ
2627 3814 2705 3875 εἰς
2748 3811 2971 3874 ἐλπίδας
3021 3812 3139 3880 ἄγει
3173 3812 3205 3882 ή
3243 3812 3308 3881 σὴ
3357 3809 3670 3878 ὑπόσχεσις.

2102 3901 2325 3956 Δέδοικα
2368 3902 2425 3955 δὲ
2459 3901 2873 3973 ἐνθυμούμενος,
2924 3902 2996 3972 μὴ
3030 3902 3139 3972 ἀρα
3178 3903 3229 3953 οἱ
3271 3901 3521 3970 δαίμονες
3557 3900 3676 3960 τοῖς

2105 3991 2298 4062 μάγοις
2329 3991 2495 4044 ἐνίοτε
2531 3990 2665 4062 πρὸς
2689 3989 2757 4043 τά
2782 3989 3109 4060 κελευόμενα
3135 3992 3232 4060 οὑχ
3267 3988 3599 4043 ὑπείκουσιν.

2173 4087 2237 4142 ν.
2278 4089 2433 4142 Καὶό
2476 4087 2716 4140 Ἀππίων
2772 4086 2906 4157 ἔφη·
2946 4084 3141 4140 Ταῦτα·
3178 4084 3300 4157 ἐμοί
3346 4102 3438 4138 σου
3475 4082 3676 4167 μᾷῃλλον

2104 4178 2368 4252 συγχώρει
2399 4179 2610 4233 εἰδέναι.
2644 4178 2797 4249 137
2834 4179 2977 4252 Πλὴν
3008 4179 3095 4232 ἵνα
3137 4178 3210 4250 μὴ
3256 4178 3439 4248 δοκῇς,
3488 4173 3624 4245 πρὸς
3645 4176 3675 4227 ὃ

2102 4248 2255 4342 ἔφης,
2289 4248 2458 4343 μηδὲν
2484 4248 2774 4341 ἀκηκοέναι
2809 4248 2944 4340 παῖ
2970 4248 3147 4340 ἐμοῦ,
3176 4248 3313 4341 μάθε
3345 4268 3461 4330 πῶς
3501 4266 3671 4334 ἀνάγ-

2102 4377 2203 4432 κην
2239 4360 2447 4431 ἔχουσιν
2480 4361 2529 4412 οἱ
2566 4360 2818 4431 δαίμονες
2867 4362 2979 4423 τοῖς
3017 4359 3210 4431 μάγοις
3242 4357 3485 4410 ὑπείκειν
3543 4356 3677 4426 περὶ

2100 4449 2173 4509 ὧν
2206 4455 2548 4509 κελεύονται·
2576 4454 2652 4516 ὡς
2698 4452 2804 4523 γὰρ
2852 4452 3108 4506 ἀδύνατόν
3164 4453 3279 4503 ἐστι
3333 4447 3675 4521 στρατιώτην

2101 4548 2370 4600 ἀντειπεῖν
2399 4546 2477 4617 τῷ
2511 4544 2813 4615 ἡγουμένῳ,
2868 4546 3050 4607 αὐτοῖς
3087 4561 3146 4596 τε
3191 4546 3302 4606 τοῖς
3347 4540 3677 4613 ἡγουμένοις

2101 4638 2197 4707 οὑχ
2223 4634 2332 4691 οἷόν
2365 4654 2424 4691 τε
2465 4636 2808 4709 παρακοῦσαι
2838 4634 3101 4704 βασιλέως
3124 4650 3137 4664 ν
3174 4634 3243 4704 (εἰ
3275 4633 3385 4703 γάρ
3409 4648 3493 4695 τις
3512 4633 3673 4684 ἀντε-

2103 4731 2186 4800 ρεῖ
2229 4732 2341 4791 τοῖς
2369 4728 2743 4799 ἐφεστηκόσιν,
2782 4726 2997 4788 πάντως
3046 4725 3314 4796 τιμωρίας
3360 4722 3607 4790 ἀξιοῦται

2100 4819 2269 4883 οὕτως
2307 4820 2562 4873 ἀδύνατόν
2606 4820 2719 4872 ἐστι
2752 4819 2877 4880 τοὺς
2904 4816 3159 4887 δαίμονας
3197 4817 3269 4886 μὴ
3304 4817 3598 4887 ὑπουργεῖν
3627 4817 3675 4847 ⁸³

2102 4913 2210 4973 τοῖς
2244 4910 2421 4964 αὐτῶν
2456 4908 2770 4980 ἡγουμένοις
2816 4908 3083 4977 ἀγγέλοις,
3124 4906 3243 4960 καθ’
3272 4898 3346 4958 ὧν
3382 4904 3674 4975 όρκιζόμε-

2102 5018 2181 5055 νοι
2229 5003 2537 5074 φρίττοντες
2581 5000 2837 5065 εἴκουσιν,
2873 4996 2930 5054 εὖ
2966 4998 3164 5061 εἰδότες
3209 4998 3292 5051 ὅτι
3337 4997 3676 5068 ἀπειθήσαν-

1693 5157 1928 5214 VARUE
1966 5156 2363 5214 LECTIONES.

507 5314 555 5352 ⁵³
582 5314 626 5368 D
676 5314 776 5385 legi
823 5315 936 5369 vult
967 5313 1164 5383 ἀγνοῶ.
1224 5315 1292 5368 At
1321 5314 1494 5385 oratio
1525 5323 1609 5385 est
1638 5313 2011 5385 ἀνακόλουθος,
2062 5307 2654 5385 ουιηᾲᾲνθτὺο-προῇίδών
2670 5320 3001 5385 _rcsum_atur
3041 5310 3381 5385 participium
3433 5310 3667 5385 ἀγνοῶν.

436 5386 687 5455 AliOquin
714 5380 1060 5455 scribendum
1086 5393 1231 5455 esset
1254 5384 1496 5455 ἠγνόουν.
1524 5384 1582 5439 S.
1657 5383 1701 5415 “
1726 5384 2161 5455 ἀναγεγραφέναι
2187 5383 2249 5439 (ἶ.
2325 5385 2374 5455 ξ’
2399 5380 2545 5452 Ε]εοί
2577 5396 2625 5435 c.
2756 5383 2926 5455 αὑτὴν
2970 5380 3093 5455 post
3107 5381 3491 5455 φιλομάθειαν.
3524 5380 3665 5455 Tum

436 5449 790 5534 προσιέμενον
822 5452 929 5534 1),-
956 5449 1293 5534 προσέμενεῇ
1305 5449 1313 5452 ’
1331 5452 1482 5534 (1,Πο.
1526 5456 1607 5534 ’.⁸⁸
1628 5449 1889 5523 προειδώς
1910 5449 2108 5534 scripsi
2130 5470 2204 5534 es
2224 5449 2893 5534 COPjCCl;,.ﬁpO£5thJCL,-
2926 5449 3160 5534 προῖδώς
3203 5449 3267 5505 Ο.
3295 5449 3486 5534 .Tumn
3493 5452 3572 5521 τῷ
3599 5450 3667 5533 Ο,

436 5523 496 5579 (εξ
518 5526 559 5576 l)
589 5565 602 5589 ,
630 5523 723 5578 τοῦ
747 5526 811 5581 (Σ.
880 5529 929 5595 9⁷
953 5523 1335 5595 προσποιητῶς
1358 5593 1364 5595 _
1386 5523 1447 5575 Ο.

1523 5523 1568 5556 ⁸³
1625 5518 2001 5593 προσποιητῶς
2026 5518 2088 5577 C.
2162 5526 2207 5560 ⁸³
2242 5518 2391 5577 κάτω
2420 5518 2591 5577 νεύειν
2616 5521 2679 5576 C.
2749 5522 2799 5593 _'°
2825 5521 2901 5593 Ita
2935 5518 3001 5593 Ο,
3024 5532 3078 5593 et
3095 5538 3160 5577 ex
3188 5522 3418 5590 conject.
3441 5518 3665 5593 ς,ἠυί

436 5595 575 5665 ἐρῶν
602 5598 653 5649 in
683 5606 849 5665 textu.
876 5590 1015 5665 Ybb.
1046 5590 1217 5647 Nihil'
1240 5596 1295 5645 in
1318 5593 1437 5665 vita,
1471 5590 1829 5665 est-unquam
1854 5590 2199 5665 spetrabam)
2243 5593 2594 5648 Coteleriana‘
2622 5591 2856 5665 versioni
2890 5591 3119 5665 reddidi,
3153 5607 3285 5665 cum
3336 5590 3671 5665 excidissent

438 5658 526 5757 fin
559 5665 623 5757 SA
651 5734 665 5757 Ι
690 5664 838 5757 ’Ἃω
865 5664 908 5717 Ο
934 5665 1011 5757 ἐπ
1041 5676 1234 5748 ngare»
1255 5665 1383 5757 ἧμξγ
1429 5664 1687 5757 in'tcstu.
1734 5658 1889 5757 litem"
1914 5658 2353 5733 ἀξιολογώτατος.
2430 5667 2474 5699 ⁸³
2497 5668 2685 5738 αὑτήν,
2718 5658 2756 5720 S
2810 5662 2972 5716 invita
3002 5662 3379 5731 grammatica.
3451 5660 3499 5703 I‘
3527 5658 3667 5732 ἐμοῦ

439 5730 502 5788 Ο.
576 5736 623 5767 ⁸⁸
648 5734 723 5787 ιω
750 5736 794 5788 Ο
851 5752 900 5789 c.
933 5730 972 5787 S
1005 5774 1018 5795 ,
1054 5730 1316 5786 δουςὶωπέι
1337 5730 1394 5786 C.
1492 5741 1536 5771 ³ο
1566 5733 1819 5802 ὑῖεοργεῖν
1842 5732 1901 5785 Ο.
