3894 6208
252 339 361 395 ΓΠ

1386 326 1850 397 οιΕΜΕΝτιΝΑ.
1878 355 1950 368 -
1980 325 2265 383 HOMILIA
2298 329 2354 384 V.

3403 331 3507 389 £78

249 471 348 521 τες
380 454 427 487 ³⁸
463 453 682 518 πάντως
714 451 1053 517 κολάζονται.
1095 448 1255 508 Ἀλλὰ
1287 449 1382 505 καὶ⁸
1416 446 1569 502 αὐτοὶ
1590 447 1639 499 oi
1667 445 1835 514 ἄγγε-

1951 459 2035 513 per
2062 444 2233 500 Deum
2260 446 2329 500 ab
2355 446 2529 516 magis
2563 445 2819 516 adiurati,
2866 444 3149 514 obediunt,
3188 463 3257 501 ne
3292 446 3509 504 inobse-

248 547 360 611 λοι,
413 545 556 601 κατά
583 544 679 599 τοῦ
728 543 1033 617 κρείττονος
1071 543 1177 597 ὑπὸ
1221 542 1408 615 μάγων
1472 538 1834 611 όρκιζόμενοι,

251 638 594 703 ὑπείκουσιν,
628 638 825 709 μήπως
852 635 1131 700 ἀπειθείας
1179 634 1456 706 κριθέντες
1505 631 1831 687 ἀπόλωνται.

249 730 318 785 El
344 730 454 802 γὰρ
486 729 561 802 μὴ
584 730 762 783 πάντα
791 728 1011 799 ἔμψυχα
1035 726 1166 781 ὄντα
1192 727 1288 781 καὶ
1315 723 1609 796 λογισμένα
1630 718 1837 794 προεώ-

248 838 327 900 ρα
350 824 450 895 τὴν
484 822 550 875 ἐκ
587 820 681 876 τοῦ
714 819 1022 893 κρείττονος
1069 818 1246 890 δίκην,
1305 816 1564 888 σύγχυσις
1604 814 1673 869 ἂν
1712 815 1837 884 ἐγε-

246 912 423 989 γόνει,
452 912 561 965 τῶν
591 910 811 965 πάντων
841 909 1240 974 στασιαζόντων
1272 907 1411 981 πρὸς
1438 905 1665 978 ἄλληλα.

323 1005 416 1061 Vl.
452 1002 623 1074 Κάγὼ
650 1002 807 1076 ἔφην’
840 1001 1052 1057 Οὐκοῦν
1083 1001 1261 1075 ὀρθῶς
1302 1000 1415 1073 ἔχει
1445 998 1517 1054 τὰ
1548 997 1656 1053 ὑπὸ
1682 1014 1838 1069 ποιη-

244 1098 362 1153 τῶν
410 1099 507 1151 καὶ
548 1096 852 1167 φιλοσόφων
882 1095 1153 1167 λεγόμενα
1184 1094 1229 1126 "'
1252 1133 1268 1158 ,
1300 1094 1377 1157 ὡς
1407 1094 1467 1147 ἐν
1502 1092 1630 1165 ᾅδου
1659 1093 1716 1146 αί
1742 1091 1839 1162 ψυ-

248 1193 348 1263 χαὶ
373 1190 485 1245 τῶν
511 1189 747 1249 ἀσεϐῶν,
789 1189 1061 1262 κριθεῖσαι
1091 1189 1177 1259 ἐφ’
1208 1184 1290 1251 οἷς
1316 1187 1641 1259 ἐτόλμησαν,
1673 1184 1838 1239 κολά-

249 1283 460 1349 ζονται,
510 1279 622 1338 οἷον
683 1282 894 1348 Ἰξίονος
931 1281 1026 1335 καὶ
1072 1279 1344 1335 Ταντάλου
1394 1277 1590 1331 Τιτυοῦ
1638 1293 1697 1330 τε
1743 1275 1839 1329 καὶ

250 1375 491 1445 Σισύφου
526 1374 761 1429 καὶτῶν
796 1372 1005 1428 Δαναοῦ
1050 1373 1367 1444 θυγατέρων
1411 1370 1506 1425 καὶ
1550 1370 1666 1423 ὅσοι
1707 1367 1838 1421 ποτέ

247 1466 404 1522 ἄλλοι
439 1466 673 1521 ἐνταῦθα
700 1464 1006 1538 ὴσέϐησαν;
1037 1466 1147 1519 Καὶ
1178 1464 1316 1531 πῶς,
1346 1462 1460 1533 εῖγε
1485 1461 1639 1516 ταῦθ’
1665 1460 1841 1525 οὕτως

252 1559 333 1629 μὴ
366 1557 469 1632 ἔχῃ
524 1558 666 1625 ⁸⁸·⁸⁹,
681 1558 904 1613 δυνατὸν
932 1556 998 1613 ἂν
1026 1557 1257 1629 μαγείαν
1281 1558 1609 1628 ὑφεστάναι;
1646 1556 1754 1611 Τοῦ
1782 1556 1840 1610 δὲ

248 1651 520 1715 εἰπόντος,
537 1650 680 1706 οὕτω
709 1651 778 1706 τά
807 1652 866 1705 ἐν
898 1650 1025 1724 ᾅδου
1058 1650 1225 1724 ἔχειν,
1269 1650 1380 1720 ἐγὼ
1411 1650 1709 1723 ἐπυθόμην·
1740 1648 1841 1702 Διά

246 1743 304 1800 τί
350 1744 415 1815 δὴ
454 1746 549 1799 καὶ
602 1744 754 1799 αὐτοὶ
809 1745 1072 1818 μαγεύειν
1123 1745 1170 1776 ⁸⁸
1216 1744 1278 1798 οὐ
1327 1741 1704 1815 πεφοϐήμεθα,
1746 1743 1840 1796 ἐπὶ

252 1837 504 1908 μοιχείας
535 1837 893 1910 πεπεισμένοι
930 1837 1033 1910 τὴν
1062 1838 1120 1890 ἐν
1145 1836 1274 1909 ᾅδου
1306 1836 1462 1909 δίκην
1487 1853 1502 1901 ;
1547 1835 1765 1907 μοιχείᾳ
1791 1833 1834 1866 ⁵⁸

249 1929 364 2001 γὰρ
398 1929 691 2000 βιάσασθαι
722 1929 824 2002 τὴν
867 1929 945 2002 μὴ
973 1928 1231 1983 θέλουσαν
1263 1927 1325 1981 ού
1355 1926 1672 1998 συντίθεμαι
1702 1921 1840 1980 εῖναι

248 2023 484 2079 δίκαιον.
520 2024 585 2078 Εί
614 2022 672 2079 δέ
698 2040 782 2088 τις
800 2023 970 2095 αὐτὴν
1003 2021 1164 2093 138
1184 2019 1392 2075 πείθειν
1421 2017 1838 2088 ἐπαγγέλλεται,

250 2117 395 2188 πρὸς
424 2117 584 2171 τοῦτο
607 2156 622 2180 ,
656 2114 796 2187 μετά
824 2114 917 2171 τοῦ
946 2116 1041 2169 καὶ
1072 2114 1234 2186 χάριν
1264 2111 1565 2184 ὁμολογεῖν,
1610 2110 1841 2181 ἑτοίμως

250 2208 386 2279 ἔχω.
1294 2218 1297 2219 ⁷

332 2298 441 2356 VII.
476 2302 588 2357 Καὶ
609 2302 640 2356 ὀ
682 2299 927 2357 ’Δππίων
949 2299 1074 2373 ἔφη’
1098 2300 1174 2354 Ού
1200 2299 1348 2353 δοκεῖ
1361 2316 1441 2352 σοι
1459 2296 1657 2352 ταύτὸν
1676 2290 1839 2361 εἶναι,

249 2394 367 2451 ιῐτε
403 2396 605 2469 μαγείᾳ
632 2397 802 2468 αὐτῆς
837 2396 1115 2467 ἐπιτύχοις
1152 2394 1218 2459 θ’,
1253 2392 1362 2447 εἴτε
1394 2394 1590 2455 πείσας
1624 2390 1839 2460 λόγοις;

248 2488 430 2558 Κάγὼ
460 2488 616 2560 ἔφην’
654 2489 730 2544 Ού
780 2488 999 2552 πάντως
1039 2488 1244 2559 ὅμοιον·
1282 2486 1415 2541 πολὺ
1456 2485 1566 2557 γὰρ
1607 2484 1843 2555 ἀφέστη-

248 2601 350 2637 κεν
384 2582 628 2655 ἀλλήλων
669 2580 947 2655 ἐκόιτερον⁹
980 2582 1009 2637 6
1051 2579 1150 2653 μὲν
1193 2578 1303 2653 γὰρ
1335 2578 1574 2635 ἄκουσαν
1610 2578 1842 2646 γυναῖκα

246 2678 320 2748 τῇ
352 2677 456 2747 τῆς
502 2674 735 2748 μαγείας
763 2674 855 2747 βίᾳ
886 2672 1275 2742 ἐπαναγκάσας
1296 2712 1312 2736 ,
1348 2672 1425 2735 ὼς
1454 2668 1843 2733 ἐπιϐουλεύσας

249 2768 516 2842 σώφρονι,
549 2767 946 2841 χαλεπωτάτην
977 2766 1171 2837 ὑπέχει
1209 2765 1309 2836 τὴν
1338 2764 1492 2835 δίκην
1515 2780 1529 2793 ·
1561 2764 1589 2815 6
1617 2762 1674 2815 δὲ
1700 2760 1845 2832 λόγῳ

246 2864 470 2929 πείσας,
504 2864 599 2916 καὶ
630 2862 723 2915 ἐπὶ
756 2863 824 2933 τῇ
852 2858 1021 2930 αὐτῆς
1042 2856 1260 2928 ἐξουσία
1290 2857 1383 2910 καὶ
1415 2855 1577 2927 βουλῇ
1612 2852 1843 2925 ποιησά-

250 2974 422 3029 μενος
451 2956 550 3028 τὴν
582 2956 817 3028 αἵρεσιν,
870 2954 969 3006 οὐκ
1017 2951 1294 3005 ἐϐιάσατο.
1349 2944 1551 3030 Ἦτεον
1583 2948 1642 3002 δὲ
1689 2942 1845 3017 οἶμαι

246 3048 689 3122 κολασθήσεσθαι
709 3047 802 3102 τὸν
816 3046 1117 3101 πεπεικότα
1135 3044 1230 3099 τοῦ
1255 3042 1609 3115 βιασαμένου·
1623 3056 1845 3113 τοιγαρ-

1937 540 2175 610 quentia).
2206 540 2283 595 rei
2320 548 2563 610 pereant.
2610 539 2727 594 Nisi
2772 539 2918 594 enim
2973 549 3171 594 cuncta
3218 541 3401 594 anima
3451 549 3509 596 et

1940 630 2155 686 ratione
2211 630 2438 698 praedita
2485 628 2757 699 justitiam
2806 628 3060 686 Numinis
3122 630 3506 699 prazvidereut,

1940 721 2184 775 oriretur
2210 719 2479 787 confusio,
2511 720 2771 777 omnibus
2798 736 2993 791 nempe
3027 730 3217 776 mutua
3246 722 3510 778 seditione

1936 815 2332 871 laborantibus.

2009 992 2100 1048 Vl.
2136 991 2203 1049 Et
2243 1008 2347 1063 ego
2382 993 2494 1049 dixi
2524 1012 2538 1050 :
2574 991 2715 1048 Vera
2752 992 2936 1063 itaque
2968 1001 3098 1050 sunt
3131 1009 3253 1063 quae
3277 1009 3309 1049 a
3338 997 3512 1065 poetis

1937 1100 1992 1145 et
2025 1087 2371 1158 philosophis
2403 1097 2719 1155 narrantur,
2764 1088 2819 1141 in
2865 1085 3055 1144 inferis
3085 1090 3297 1146 animas
3318 1090 3514 1161 impio-

1937 1196 2061 1235 rum
2092 1179 2350 1250 judicari,
2396 1188 2451 1234 et
2494 1195 2594 1251 pro
2644 1178 2980 1235 facinoribus
3007 1181 3228 1249 puniri?
3269 1180 3512 1251 Exempli

1939 1275 2112 1344 gratia
2163 1273 2378 1327 animas
2426 1270 2657 1338 Ixionis,
2702 1270 2941 1339 Tanta-li,
2993 1271 3155 1343 Tityi,
3198 1271 3414 1345 Sisyphi
3460 1288 3514 1328 et

1940 1363 2112 1418 Danai
2143 1363 2401 1430 filiarum,
2433 1378 2536 1419 nec
2574 1378 2680 1417 non
2713 1362 2850 1419 alios
2872 1378 3062 1418 omnes
3091 1363 3405 1435 quicunque
3427 1365 3515 1419 hic

1940 1455 2193 1510 vixerunt
2215 1453 2398 1523 impie.
2430 1452 2509 1508 Ac
2537 1453 2834 1523 quomodo,
2876 1454 2920 1510 si
2946 1453 3061 1508 haec
3083 1470 3190 1509 non
3225 1453 3299 1508 ita
3328 1468 3387 1509 se
3412 1453 3513 1507 ha-

1940 1547 2088 1614 bent,
2140 1546 2342 1616 poterit
2394 1545 2572 1615 magia
2618 1545 2951 1602 subsistere?
2985 1546 3231 1615 Cumque
3291 1546 3381 1599 ille
3425 1560 3514 1600 re—

1942 1640 2286 1711 spondisset,
2335 1640 2411 1695 ita
2442 1655 2564 1696 esse
2593 1640 2661 1696 de
2687 1638 2899 1704 inferis,
2936 1654 3039 1710 ego
3061 1637 3429 1709 interrogavi:
3462 1645 3517 1690 et

1941 1748 2040 1788 cur
2074 1733 2177 1803 ipsi
2228 1732 2463 1804 magiam
2497 1747 2754 1788 exercere
2794 1746 2902 1786 non
2949 1732 3224 1799 timemus,
3260 1730 3355 1802 qui
3380 1732 3516 1787 certi

1942 1843 2139 1883 sumus
2165 1826 2234 1883 de
2264 1825 2444 1896 poenis
2474 1823 2730 1880 adulterii
2755 1823 2896 1893 apud
2929 1823 3176 1879 inferos?
3207 1824 3409 1893 Stupro
3442 1823 3518 1879 si-

1940 1918 2163 1990 quidem
2225 1917 2499 1972 nolentem
2556 1914 2817 1971 feminam
2870 1915 3255 1985 comprimere,
3305 1915 3516 1985 justum

1939 2024 2063 2066 esse
2093 2024 2203 2064 non
2243 2008 2534 2064 assentior.
2567 2006 2671 2063 Sed
2700 2007 2746 2061 si
2773 2006 2900 2077 quis
2942 2020 3336 2076 persuasurum
3361 2022 3420 2061 se
3449 2006 3517 2060 il-

1941 2104 2049 2161 lam
2097 2103 2405 2174 pollicetur,
2439 2102 2507 2157 ad
2550 2101 2605 2157 id
2634 2116 2737 2172 ego
2762 2115 2885 2156 sum
2909 2090 3156 2169 paratus,
3188 2099 3522 2169 insuperque

1941 2196 2151 2253 habebo
2182 2196 2433 2266 gratiam.

2015 2288 2128 2344 νυ.
2173 2288 2398 2359 Excepit
2443 2290 2656 2360 Appion
2691 2288 2925 2345 :Nonne
2978 2288 3077 2345 tibi
3122 2287 3333 2342 videtur
3377 2285 3518 2340 idem

1942 2397 2084 2451 esse,
2119 2383 2235 2438 sive
2263 2398 2360 2452 per
2399 2382 2637 2453 magiam
2671 2397 2736 2438 ea
2762 2382 3011 2452 potiaris,
3054 2379 3171 2436 sive
3209 2394 3303 2449 per
3326 2377 3494 2432 verbo

1942 2492 2066 2531 rum
2098 2474 2428 2548 _suadelam?
2474 2474 2747 2545 Respondi
2796 2488 2945 2545 ego:
3005 2471 3123 2527 Non
3170 2469 3396 2526 omnino
3421 2478 3522 2538 par

1943 2577 2029 2625 est
2075 2587 2089 2625 :
2135 2568 2367 2623 multum
2404 2567 2606 2639 quippe
2648 2566 2814 2623 distat
2851 2580 3023 2620 unum
3065 2563 3136 2618 ab
3172 2562 3373 2626 altero;
3426 2559 3521 2631 qui

1942 2663 2088 2718 enim
2125 2662 2354 2723 invitam
2386 2662 2671 2716 mulierem
2718 2674 2816 2729 per
2842 2658 2953 2713 vim
2984 2656 3177 2727 magiae
3205 2653 3371 2725 cogit,
3405 2662 3523 2707 lan-

1943 2769 2108 2825 quanr
2143 2753 2433 2808 insidiator
2462 2752 2674 2822 pudiea:
2707 2750 3063 2821 gravissimas
3102 2747 3253 2802 dabit
3281 2759 3472 2815 poenas
3503 2760 3520 2797 :

1945 2846 2041 2919 qui
2086 2861 2215 2901 vero
2250 2858 2505 2902 sermone
2532 2844 2826 2916 persuasit,
2870 2852 3033 2913 atque.
3066 2840 3121 2894 in
3149 2839 3270 2909 ejus
3295 2835 3522 2892 arbitrio

1945 2955 2013 2995 ac
2043 2939 2320 2994 voluntate
2352 2936 2538 3009 posuit
2564 2936 2903 2999 electionem,
2953 2933 3000 2988 is
3042 2947 3153 2987 non
3185 2929 3365 2985 intulit
3388 2923 3519 2982 vim.

1946 3029 2125 3086 Minus
2173 3038 2376 3095 autem,
2428 3027 2641 3097 opinor,
2691 3025 2947 3096 punietur
2987 3022 3079 3093 qui
3127 3021 3319 3086 suasit,
3356 3027 3522 3088 quam

246 3142 367 3211 οὖν,
398 3143 448 3197 εί
483 3114 583 3214 μὲν
606 3145 793 3196 πεῖσαι
824 3140 1072 3204 δύνασαι,
1110 3139 1271 3213 χάριν
1297 3136 1404 3205 ἐξω
1435 3133 1728 3207 ἐπιτυχὼν,
1749 3134 1842 3191 άλ-

1951 3122 2040 3193 qui
2083 3121 2279 3191 coegit.
2331 3120 2600 3187 Quocirca
2644 3120 2691 3174 si
2729 3118 2947 3188 quidem
2978 3114 3308 3185 persuadere
3345 3121 3520 3182 potes,

248 3238 363 3303 λως
398 3239 458 3292 δὲ
488 3237 637 3313 ἥδιόν
665 3236 712 3271 ⁵³
746 3254 838 3308 μοι
867 3234 1123 3291 τεθνάναι
1159 3231 1389 3315 μᾶλλον,
1422 3230 1457 3303 ἢ
1484 3230 1583 3301 τὴν
1612 3230 1686 3301 μὴ
1717 3228 1843 3300 βου-

248 3330 489 3403 λομένην
527 3328 718 3401 βιαίως
744 3326 1148 3397 ὲπαναγκάσαι.

328 3421 465 3477 Vlll.
500 3424 610 3478 Kal
651 3424 682 3477 6
740 3420 1004 3487 Ἀππίων,
1040 3418 1257 3492 ἀληθῶς
1280 3415 1590 3487 διαπορῶν,
1620 3414 1748 3486 ἔφη’
1780 3415 1845 3468 Τί

251 3534 324 3588 με
356 3516 468 3588 χρὴ
502 3514 638 3586 πρὸς
666 3514 727 3568 σέ
759 3513 978 3583 λέγειν;
1012 3511 1151 3566 Ποτὲ
1187 3509 1286 3582 μὲν
1327 3508 1437 3581 γὰρ
1468 3508 1544 3571 ὡς
1577 3507 1684 3561 ὑπὸ
1706 3506 1844 3579 ἐρω-

247 3627 345 3673 τος
386 3607 777 3680 ἐνοχλούμενος
817 3604 955 3680 εΰχῃ
1000 3606 1279 3676 ἐπιτυχεῖν
1302 3642 1318 3667 ,
1353 3602 1485 3656 ποτὲ
1526 3601 1584 3655 δὲ
1630 3600 1706 3665 ὡς
1746 3599 1846 3653 οὐκ

250 3701 400 3775 ἐρῶν
428 3701 473 3734 ⁸⁵
503 3703 604 3773 τῆς
629 3700 926 3772 ἐπιθυμίας
963 3699 1237 3773 προτιμᾷς
1267 3696 1360 3750 τὸν
1388 3694 1552 3765 φόϐον
1573 3733 1588 3757 ,
1623 3694 1717 3747 καὶ
1744 3692 1846 3746 οίει

251 3794 454 3856 πείσας
488 3793 586 3865 μὲν
631 3793 708 3856 ὡς
739 3792 1122 3864 ἀναμάρτητος
1165 3789 1383 3844 ἔσεσθαι
1413 3785 1723 3849 ἀνεύθυνος,
1755 3784 1847 3856 βίᾳ

250 3888 314 3942 δὲ
352 3889 424 3959 τῇ
454 3887 553 3958 τῆς
588 3886 819 3957 μαγείας
844 3881 1117 3955 ἐπιτυχὼν
1154 3880 1375 3953 ὑφέξειν
1403 3882 1448 3914 ⁸⁵
1480 3880 1657 3952 δίκην.
1706 3878 1845 3933 Ἀλλ’

252 3980 477 4049 ἀγνοεῖς
519 3978 597 4042 ὡς
642 3977 705 4033 τὸ
752 3976 905 4042 τέλος
948 3974 1149 4041 παντὸς
1204 3974 1528 4046 πράγματος
1577 3971 1845 4045 κρίνεται,

250 4072 340 4125 ὅτι
370 4071 618 4141 γέγονεν,
670 4068 732 4131 ού
770 4067 832 4122 τδ
863 4067 982 4131 πῶς
1012 4068 1201 4138 γέγονε
1230 4065 1605 4140 δοκιμάζεται.
1640 4064 1750 4118 Καὶ
1781 4064 1846 4117 σὺ

252 4166 335 4228 δὲ,
359 4164 453 4218 ἐὰν
490 4162 807 4236 μοιχεύσῃς,
831 4163 891 4216 οὒ
913 4163 1108 4233 δήπου,
1134 4160 1340 4232 μαγεία
1371 4159 1468 4232 μὲν
1492 4157 1850 4230 δυνηθεὶς,ὼς

251 4255 464 4327 ἀσεϐὴς
484 4256 531 4289 ⁸⁸
566 4254 809 4329 κριθήσῃ
831 4294 847 4320 ,
900 4255 1098 4317 πείσας
1144 4253 1224 4317 δὲ,
1256 4252 1357 4325 τῆς
1402 4251 1544 4307 κατά
1595 4250 1696 4321 τὴν
1731 4266 1850 4321 μοι-

252 4352 415 4425 χείαν
434 4348 711 4422 ἁμαρτίας
738 4346 1057 4418 ἀπολυθήσῃ
1080 4362 1096 4412 ;
1129 4343 1301 4413 Κάγὼ
1328 4343 1483 4415 ἔφην·
1507 4342 1607 4396 Διά
1632 4341 1693 4395 τὸ
1717 4342 1850 4414 ἐρᾷν

256 4446 482 4507 πάντως
507 4460 595 4515 μοι
618 4440 979 4514 προκειμένου
1016 4438 1176 4510 139
1203 4440 1385 4509 τυχεῖν
1411 4436 1515 4506 τῆς
1543 4433 1847 4509 ἐρωμένης,
1880 4478 1926 4535 D

254 4537 476 4607 ἀνάγκη
510 4536 606 4607 μέν
630 4551 719 4606 μοι
752 4532 966 4588 ἑλέσθαι
1000 4531 1249 4604 θάτερον,
1284 4531 1583 4602 αἱρήσομαι
1611 4527 1690 4592 δὲ,
1720 4527 1771 4580 εί
1802 4527 1846 4560 ⁸⁷

254 4624 369 4683 οἷόν
397 4646 482 4694 τε,
506 4627 833 4683 κολακεῦσαι
859 4625 1078 4714 μᾶλλον,
1114 4624 1148 4696 ἢ
1190 4623 1483 4697 μαγεῦσαι.
1548 4620 1686 4675 Ἀλλ’
1723 4620 1846 4674 οὐδὲ

257 4721 521 4794 κολακείᾳ
567 4721 777 4775 πείθειν
817 4720 989 4793 αὐτὴν
1031 4719 1233 4791 ῥᾴδιον·
1288 4716 1431 4774 πάνυ
1469 4716 1580 4788 γάρ
1627 4716 1779 4768 ἐστιν
1809 4715 1844 4787 ή

256 4817 397 4889 γυνὴ
430 4815 739 4887 φιλόσοφος.

328 4996 424 5051 1X.
470 4996 585 5049 Καὶ
621 4996 650 5049 6
700 4992 949 5047 Ἀππίων
992 4990 1116 5063 ἔφη·
1164 4989 1353 5062 Ταύτῃ
1387 4987 1588 5060 μᾶλλον
1628 4986 1850 5053 εὔελπίς

258 5093 381 5162 είμι
416 5089 629 5144 πίθειν
665 5088 711 5120 ⁸⁸
754 5087 927 5159 αὐτὴν
975 5083 1323 5155 δυνήσεσθαι,
1358 5084 1433 5147 ὡς
1467 5082 1629 5147 αὐτὸς
1651 5084 1845 5150 θέλεις,

260 5188 421 5256 είπερ
452 5200 519 5254 γε
573 5181 972 5254 προσομιλῆσαι
1000 5180 1138 5249 αὐτῇ
1166 5176 1462 5248 δυνάμεθα.
1499 5176 1671 5247 Κάγὼ
1708 5179 1847 5231 ἀπε-

260 5278 561 5352 κρινάμην·
622 5275 925 5331 Ἀδύνατον.
970 5272 1082 5327 Καὶ
1128 5273 1157 5325 ό
1209 5269 1451 5325 Ἀππίων
1498 5270 1747 5335 ἐπύθετο,
1798 5272 1848 5326 εί

1946 3217 2176 3289 gratiam
2202 3215 2415 3271 habebo
2447 3227 2673 3283 compos
2708 3212 2884 3267 factus
2913 3230 2926 3266 :
2962 3210 3119 3265 aliter
3147 3221 3278 3263 vero
3308 3207 3524 3262 dulcius

1946 3311 2080 3366 mihi
2114 3310 2254 3365 mori
2286 3324 2451 3379 quam
2499 3308 2772 3362 nolentem
2797 3307 2846 3361 vi
2878 3306 3114 3376 adigere.

2018 3403 2154 3459 Vill.
2210 3401 2277 3457 Et
2310 3401 2523 3472 Appion
2554 3414 2683 3455 vere
2722 3399 2921 3454 dubius
2957 3396 3124 3451 animi
3162 3395 3300 3450 dixit
3335 3413 3348 3448 :
3382 3393 3525 3460 Quid

1948 3511 2036 3551 me
2062 3495 2159 3550 tibi
2182 3493 2335 3549 effari
2360 3490 2614 3563 oportet?
2644 3489 2923 3545 Interdum
2952 3489 3101 3544 enim
3127 3488 3288 3557 quasi
3318 3487 3525 3542 amoris

1946 3588 2239 3658 impatiens
2268 3586 2377 3640 frui
2406 3584 2717 3650 desideras;
2753 3581 3025 3637 interdum
3052 3594 3203 3647 vero,
3226 3579 3385 3650 quasi
3417 3593 3524 3632 non

1947 3696 2120 3748 ames,
2176 3687 2383 3734 metum
2438 3676 2726 3747 anteponis
2778 3673 3062 3744 cupidini,
3115 3680 3171 3729 et
3221 3671 3526 3737 existimas,

1945 3775 2117 3847 quod,
2173 3773 2220 3828 si
2266 3771 2626 3844 persuaseris,
2676 3771 2898 3840 impune
2950 3776 3210 3837 tanquam
3260 3765 3357 3836 qui
3415 3780 3525 3819 non

1946 3867 2255 3939 peccaveris
2284 3866 2510 3932 evades;
2539 3865 2623 3920 sin
2654 3878 2786 3919 vero
2816 3876 2913 3933 per
2942 3860 3210 3929 magicam
3242 3859 3349 3913 vim
3375 3872 3531 3912 com-

1949 3976 2048 4032 pos
2080 3960 2191 4015 voti
2215 3958 2335 4025 tias,
2370 3971 2563 4028 poenas
2597 3953 2776 4010 dabis.
2812 3950 2918 4006 Sed
2944 3951 3189 4019 ignoras,
3228 3946 3529 4019 cujuscun-

1947 4070 2056 4126 que
2110 4052 2317 4124 neg0tii
2354 4050 2515 4127 finem
2565 4046 2823 4119 iudicari,
2870 4052 2925 4101 et
2966 4042 3205 4109 factum,
3251 4055 3360 4095 nun
3397 4037 3527 4093 facti

1950 4148 2172 4204 modum
2202 4143 2458 4216 expendi.
2501 4142 2569 4197 Et
2606 4156 2738 4196 vero
2773 4148 2828 4194 tu
2861 4138 2907 4193 si
2938 4135 3267 4192 adulterium
3294 4131 3528 4187 commi-

1950 4242 2110 4307 seris,
2136 4237 2382 4310 nunquid
2402 4278 2419 4305 ,
2455 4251 2553 4307 per
2579 4234 2818 4305 magiam
2849 4243 3096 4300 compos,
3128 4236 3388 4296 tanquam
3421 4224 3529 4278 im-

1950 4336 2076 4406 pius
2108 4330 2583 4395 condemnaberis,
2627 4343 2723 4397 per
2752 4325 3063 4381 suasionem
3102 4334 3249 4381 vero,
3276 4318 3344 4372 ab
3375 4316 3531 4370 adul-

1956 4426 2079 4484 terii
2133 4432 2357 4497 peccato
2405 4419 2743 4477 absolveris?
2792 4416 2860 4472 Et
2907 4429 3009 4487 ego
3063 4410 3319 4482 respondi
3347 4428 3359 4463 :
3389 4407 3527 4463 Cum

1954 4536 2155 4587 amem,
2207 4517 2545 4585 omninoque
2574 4511 2707 4568 mihi
2734 4523 3037 4583 proponam
3061 4505 3168 4561 frui
3200 4510 3406 4570 amata,
3433 4516 3531 4555 ne-

1953 4628 2108 4669 cesse
2150 4611 2371 4681 quidem
2407 4616 2493 4663 est
2523 4615 2585 4661 ut
2628 4606 2859 4659 alterum
2888 4602 3083 4672 eligam
3106 4640 3120 4665 ,
3159 4597 3347 4653 malim
3374 4609 3529 4660 vero,

1952 4708 2000 4763 si
2050 4704 2285 4761 facultas
2324 4709 2448 4767 est,
2495 4698 2810 4755 adulatione
2856 4695 2956 4759 uti,
2984 4706 3149 4764 quam
3187 4690 3386 4759 magia.
3422 4687 3529 4742 Sed

1950 4814 2054 4855 nec
2092 4795 2373 4854 blanditiis
2414 4793 2576 4849 facile
2624 4790 2729 4848 erit
2770 4786 3054 4845 mulierem
3093 4785 3160 4841 ad
3199 4794 3530 4838 consensum

1952 4893 2243 4967 adducere,
2274 4888 2436 4944 valde
2460 4887 2605 4944 enim
2636 4884 2919 4955 sapientiae
2948 4879 3192 4936 studiosa
3219 4885 3323 4932 est.

2024 4981 2120 5063 115..
2169 4980 2237 5036 Ει
2262 4980 2476 5050 Appion
2510 4995 2524 5032 :
2551 4975 2630 5031 Eo
2661 4974 2854 5046 magis,
2885 4972 3085 5042 inquit,
3110 4971 3253 5063 bona
3282 4980 3369 5021 me
3403 4978 3538 5063 spes

1952 5048 2139 5141 habét,
2173 5048 2424 5143 posse—ei
2464 5066 2804 5138 persuaderi,
2852 5057 3315 5134 quemadmodum
3346 5048 3543 5124 cupis,j

1952 5170 2000 5225 si
2026 5183 2153 5223 cum
2169 5182 2233 5222 ea
2255 5162 2494 5234 colloqui
2517 5161 2697 5216 detur.
2727 5155 2841 5227 Ego
2870 5152 3151 5224 respondi,
3174 5148 3290 5203 fieri
3319 5143 3526 5215 nequit.

1950 5266 2167 5338 Appion
2202 5272 2387 5318 autem
2432 5256 2742 5316 sciscitatus
2776 5261 2861 5309 est
2882 5292 2899 5319 ,
2942 5264 3073 5305 num
3103 5252 3289 5319 posset
3315 5243 3383 5298 ad
3406 5254 3527 5297 eam

1548 5405 1787 5462 VARLE
1842 5403 2247 5465 LECTIONES.

338 5512 427 5585 σε,
457 5505 861 5585 τάπειθῄσαντες
1029 5548 1052 5585 ,
1088 5498 1442 5585 Qttoboniani
1500 5498 1910 5585 ἀπειθείσαντες
1948 5500 2123 5585 idem.
2158 5498 2321 5585 valet,
2381 5491 2786 5585 ἀπελθήσῇνξες
2835 5484 2900 5541 C.

262 5563 551 5640 mendose.
603 5563 721 5611 δεῖθ’
749 5563 937 5645 Olcgit
957 5575 1013 5628 in
1028 5563 1325 5645 indicativo
1348 5572 1509 5645 exet.“
1554 5569 1599 5645 ‘3
1618 5570 1847 5645 μαγείαν
1870 5571 1931 5645 C_.
1948 5563 2085 5625 Tum
2107 5570 2208 5645 Earl.
2224 5563 2524 5645 μοιχεία-ρ..

266 5629 597 5710 ﬁlim"
618 5629 890 5710 ἐπιτυχιθῖἷ
932 5647 995 5699 C.
1027 5644 1225 5698 Verum
1259 5629 1539 5709 jamnvidit
1567 5629 1631 5694 S:
1659 5629 1803 5710 ld'em
1824 5640 2029 5705 παίσας
2051 5629 2347 5710 mendose:
2406 5629 2451 5710 εξ
2482 5632 2629 5703 ἥδιόν
2649 5629 2713 5710 _S.
2740 5629 2785 5683 Ο

3036 5485 3083 5527 ιτ
3109 5475 3417 5551 φλεγόμενα
3459 5473 3527 5539 0,

2624 5560 2667 5592 ⁶¹
2695 5547 2822 5629 Leg.
2858 5547 3132 5629 μαγείᾳέζ
3158 5550 3245 5629 Dn,
3274 5547 3343 5629 cl.
3369 5561 3524 5629 capp.

2815 5575 3131 5697 rem?
3266 5575 3524 5688 esse:

268 5685 534 5791 ἐοῗιίνὲἐιν
576 5685 2357 5791 ’ἀνσεϐήσαςνάῖωἀέίέίίίἷὶἰᾘῖ.’ὂψε-
2417 5685 2616 5760 ιιεέέεε
2642 5702 2757 5773 jam
2784 5685 3095 5768 suspicatus
3127 5699 3209 5747 est
3242 5688 3299 5742 S.
3332 5685 3341 5688 ⁷
3378 5685 3423 5719 ⁸⁸
3452 5686 3530 5742 ita

272 5791 313 5849 S
341 5834 361 5861 ,
384 5782 593 5847 πείσειν
619 5785 661 5842 C
706 5782 772 5843 0.
