3894 6208
412 320 511 377 I79

1288 328 1346 388 8.
1372 333 1758 392 CLEMEN'I'IS
1790 339 1810 394 l
1843 338 2007 394 ROM.
2039 336 2237 395 PONT.
2270 338 2500 396 OPERA
2530 339 2760 399 DUBIA.

3552 342 3667 399 £80

404 437 595 495 scribi.
620 436 684 493 Et
719 454 824 511 ego
847 438 960 498 dixi
998 438 1057 500 id
1078 442 1298 514 quidem
1338 447 1453 501 heri
1483 464 1662 517 posse.
1696 447 1835 504 Tum
1866 451 1974 521 Ap-

2077 451 2374 503 ἐπιστεῖλαι
2415 451 2552 524 αὐτῇ
2582 452 2804 507 δυνατόν
2835 453 3004 509 ἐστιν.
3037 454 3209 526 Κάγὼ
3231 454 3386 529 ἔφην·
3414 455 3661 510 Δυνατὺν

403 530 530 596 pion
562 546 574 581 :
606 528 725 585 Jam
757 542 915 588 nocte
945 535 1049 591 hac
1077 538 1418 593 eonscribam
1438 540 1700 605 libellum,
1727 543 1976 599 moechis:

402 616 616 672 laudem
635 634 657 683 ,'
703 636 863 690 quem
914 633 969 678 tu
1015 640 1046 680 a
1090 641 1176 681 me
1202 637 1481 698 acceptum
1511 630 1579 684 ad
1606 646 1726 685 eam
1758 631 1971 701 mittes;

348 772 354 789 $
401 716 456 760 et
485 724 646 777 spero
671 716 815 781 quod
842 713 976 769 ﬂexa
1006 720 1326 773 consentiet.
1360 719 1538 790 Atque
1580 722 1791 792 Appion
1823 738 1977 778 com-

350 786 351 789 “
404 800 635 867 positam
692 819 810 858 eam
856 808 1143 877 epistolam
1193 812 1328 865 mibi
1370 786 1538 881 dedit,
1569 786 1783 884 denqua
1814 824 1977 871 nocte

406 889 506 945 ista
561 896 793 964 cogitavi
846 914 1120 970 quamque
1163 914 1465 972 opportune
1509 908 1829 963 recordatus
1852 924 1973 964 sum

405 998 494 1038 me
519 984 721 1041 habere
750 1004 859 1043 una
890 1006 1014 1045 cum
1058 994 1179 1049 aliis
1222 996 1437 1063 libellis,
1476 1013 1616 1068 quos
1641 1014 1854 1054 mecum
1881 1000 1976 1057 de-

405 1073 541 1131 fero.
582 1076 705 1133 Haec
729 1096 852 1136 cum
890 1099 1233 1156 narrassem,
1266 1091 1579 1146 astantibus
1616 1093 1830 1148 ostendi
1854 1094 1973 1164 epi-

404 1167 622 1233 stolam,
675 1172 998 1245 cupidisque
1040 1179 1230 1237 audire
1256 1183 1499 1240 recitavi.
1538 1184 1749 1256 Legens
1791 1196 1973 1242 autem

404 1258 549 1314 dixi:
581 1260 703 1319 [hec
729 1273 832 1333 est,
850 1280 883 1321 ο
902 1269 1022 1335 viri,
1051 1270 1367 1328 Grecorum
1389 1276 1697 1347 disciplina,
1722 1296 1843 1349 qua:
1867 1282 1975 1335 lar-

404 1364 525 1418 gam
567 1355 769 1422 przrbet
809 1358 877 1412 ad
922 1363 1202 1419 audaciter
1237 1369 1570 1436 peccandum
1600 1372 1970 1431 occasionem.

405 1436 643 1510 Epistola
675 1460 802 1503 vero
827 1448 900 1503 ita
931 1450 1184 1510 habebat.

475 1617 545 1674 X.
571 1622 799 1681 Amator
827 1638 1022 1685 amatae
1050 1630 1283 1703 (absque
1305 1637 1620 1695 nominibus
1646 1650 1867 1712 propter
1897 1642 1975 1697 le-

405 1723 498 1778 ges
522 1727 551 1765 a
583 1715 763 1772 stultis
796 1720 1112 1779 hominibus
1147 1727 1410 1797 sancitas)
1432 1728 1593 1797 jussu
1616 1731 1853 1800 Amoris,
1876 1749 1975 1789 an-

405 1800 702 1871 :iquissimi
729 1811 974 1865 omnium
998 1815 1176 1883 pueri,
1209 1818 1439 1874 salutem
1465 1820 1615 1878 dicit.
1649 1822 1890 1895 Cognovi
1920 1835 1973 1881 te
2002 1791 2048 1851 Β

404 1895 650 1951 animum
681 1902 747 1955 ad
774 1905 1014 1960 studium
1047 1910 1333 1980 sapientiae
1357 1915 1651 1984 applicare,
1679 1925 1734 1972 et
1765 1919 1836 1973 ob
1862 1918 1972 1973 vir-

404 1994 575 2042 tutem
613 1994 859 2051 aemulari
888 1998 1175 2057 meliorum
1206 2004 1399 2060 vitam.
1430 2006 1664 2073 Quinam
1697 2025 1827 2065 vero
1858 2028 1973 2068 me-

403 2083 568 2142 liores
590 2088 720 2156 sint,
752 2108 916 2161 qualn
942 2095 1085 2150 inter
1113 2099 1297 2154 omnia
1326 2101 1425 2167 dii,
1473 2111 1527 2157 et
1558 2104 1698 2159 inter
1722 2106 1970 2163 homines

401 2174 747 2247 philosophi?
778 2180 857 2236 Illi
891 2199 1130 2255 namque
1171 2189 1270 2244 soli
1298 2191 1480 2246 sciunt
1508 2208 1757 2263 quamam
1784 2212 1848 2251 ex
1880 2212 1972 2252 ac-

398 2266 643 2326 tionibus
677 2285 869 2330 natura
895 2277 1004 2332 sint
1026 2280 1180 2335 mala:
1207 2292 1303 2338 aut
1323 2283 1499 2352 bonae,
1525 2294 1580 2340 et
1599 2302 1848 2356 quaenam
1874 2303 1972 2358 per

403 2359 581 2431 legum
602 2364 819 2422 decreta
858 2369 1013 2433 tales,
1043 2387 1167 2426 cum
1194 2388 1304 2427 non
1333 2374 1465 2443 sint,
1496 2377 1817 2434 habeantur.
1847 2380 1968 2435 Jam

397 2467 527 2524 ergo
564 2456 915 2528 adulterium,
963 2464 1109 2531 quod
1148 2464 1366 2529 dicitur,
1410 2470 1657 2523 nonnulli
1699 2472 1968 2528 actionem

398 2547 597 2602 malam
630 2566 751 2605 esse
785 2554 1155 2622 crediderunt,
1186 2557 1312 2613 licet
1344 2559 1655 2616 omnimode
1684 2562 1825 2617 bona
1856 2564 1966 2632 sit;

398 2653 525 2693 nam
566 2642 632 2695 ad
666 2645 883 2712 generis
928 2647 1437 2717 multiplicationem
1478 2652 1638 2723 jussu
1684 2655 1967 2725 Cupidinis

395 2744 700 2789 exercetur.
729 2734 825 2791 Est
849 2746 1029 2793 autem
1050 2740 1263 2809 Cupido
1288 2744 1517 2800 deorum
1546 2749 1795 2803 omnium
1826 2752 1970 2806 anti-

395 2828 726 2896 quissimus;
783 2832 991 2903 absque
1038 2836 1182 2891 enim
1229 2837 1497 2908 Cupidine
1526 2857 1637 2899 non
1672 2845 1967 2902 elemento-

395 2934 542 2986 rum,
591 2936 698 2976 non
733 2923 982 2993 deorum,
1030 2944 1140 2983 non
1187 2928 1492 3000 hominum,
1540 2951 1648 2991 non
1679 2937 1965 2994 brutorum

395 3012 781 3083 animantium,
828 3033 938 3073 non
989 3029 1310 3078 ceterorum
1345 3027 1589 3082 omnium
1640 3046 1966 3101 congressus

2075 539 2231 592 τοῦτό
2260 557 2343 609 γε.
2378 543 2489 594 Καὶ
2506 544 2535 594 6
2580 542 2822 597 ’Δππίων
2850 543 2974 616 ἔφη’
3004 545 3126 597 Ἐτι
3146 545 3191 578 ⁸⁸
3219 548 3287 616 τῇ
3307 544 3461 597 νυκτὶ
3477 544 3659 616 ταύτῃ

2076 633 2376 703 συγγράψω
2409 634 2630 704 βι6λίον,
2669 637 2916 707 μοιχείας
2943 636 3235 708 ἐγκώμιον,
3265 638 3403 709 ὅπερ
3432 638 3497 690 σὺ
3521 639 3660 710 παρ’

2076 723 2211 795 ἐμοῦ
2245 724 2422 778 λαόὼν
2453 728 2778 799 διαπέμψεις
2803 729 2939 800 αὐτῇ
2964 769 2979 793 ,
3021 729 3116 781 καὶ
3180 729 3383 793 ἐλπίζω
3416 730 3497 782 ὅτι
3528 745 3661 784 πει-

2078 817 2265 870 σθεῖσα
2286 819 2627 890 συνθήσεται.
2659 809 2770 874 καὶ
2798 822 3118 892 συγγράψας
3148 824 3176 876 6
3207 823 3447 875 Ἀππίων
3474 823 3660 875 ἐκεῖνο

2075 910 2136 963 τὸ
2170 911 2373 981 βιϐλίον
2422 912 2593 965 ἐδίδου
2621 913 2746 983 ἐμοὶ
2770 952 2786 978 ,
2833 914 2961 985 περὶ
2987 908 3047 968 οῦ
3093 914 3188 966 καὶ
3227 914 3285 967 ἐν
3321 916 3385 985 τῇ
3417 913 3574 967 νυκτὶ
3601 913 3658 945 ⁷⁸

2075 1003 2243 1075 ταύτῃ
2290 1005 2567 1076 ἐνενόησα,
2620 1006 2715 1059 καὶ
2758 1006 3031 1077 εὐκαίρως
3058 1007 3102 1038 ⁷⁸
3152 1007 3293 1077 ἔχειν
3329 1006 3461 1060 αὐτὸ
3511 1007 3659 1061 ὕπε-

2079 1096 2350 1168 μνήσθην,
2379 1098 2475 1151 σὺν
2499 1097 2679 1162 ἄλλοις
2706 1098 2931 1170 βισλίοις
2955 1095 3036 1162 οἷς
3057 1102 3172 1171 μετ’
3200 1098 3433 1171 ἐμαυτοῦ
3461 1101 3506 1131 ⁷⁸
3527 1101 3660 1153 ἐπι-

2076 1187 2331 1259 φέρομαι.
2364 1190 2773 1261 Διηγησάμενος
2804 1191 2862 1245 δὲ
2885 1191 3058 1245 ταῦτα
3084 1192 3259 1258 ἔδειξα
3277 1195 3389 1255 τοῖς
3416 1192 3655 1262 παροῦσι

2073 1278 2371 1350 τὸεβιόλίον
2392 1321 2407 1346 ,
2442 1283 2535 1335 καὶ
2568 1282 2911 1354 βουλομένοις
2941 1284 3242 1337 ἐπακοῦσαι
3265 1283 3524 1350 ἀνέγνων,
3558 1283 3659 1336 καὶ

2074 1371 2138 1442 δὴ
2183 1374 2446 1442 ἀναγνοὺς
2477 1374 2634 1447 ἔφην’
2668 1375 2815 1449 Αὕτη
2854 1378 3023 1441 ἐστὶν,
3069 1376 3279 1448 ἄνδρες,
3319 1380 3351 1448 ή
3386 1377 3494 1431 τῶν
3529 1376 3657 1429 Ἑλ-

2074 1462 2249 1534 λήνων
2299 1468 2551 1533 παιδεία,
2601 1469 2852 1537 γενναίαν
2897 1469 3152 1523 ὑπόθεσιν
3188 1470 3384 1540 ἔχουσα
3425 1469 3559 1541 πρὸς
3589 1468 3657 1522 τδ

2074 1556 2247 1621 ἀδεῶς
2295 1557 2713 1632 ἐξαμαρτάνειν.
2760 1561 2834 1614 Τὸ
2857 1561 2915 1616 δὲ
2949 1562 3150 1633 βιϐλίον
3193 1559 3261 1634 ἦν
3302 1562 3475 1626 οὕτως
3504 1562 3651 1633 ἕχον.

2142 1648 2213 1703 Χ.
2250 1650 2308 1704 '0
2334 1651 2473 1723 ἐρῶν
2498 1656 2563 1726 τῇ
2587 1654 2836 1729 ἐρωμένῃ
2860 1654 3179 1727 (ἀνωνύμως
3203 1654 3289 1708 διὰ
3314 1655 3438 1717 τοὺς
3457 1655 3521 1706 ἐκ
3538 1654 3655 1708 τῶν

2074 1744 2316 1817 ἀνοήτων
2356 1745 2660 1817 ἀνθρώπων
2700 1746 2915 1819 νόμους)
2964 1750 3252 1817 ἐπιταγαῖς
3287 1749 3524 1819 Ἔρωτος
3552 1746 3652 1800 τοῦ

2075 1839 2292 1894 πάντων
2322 1840 2697 1913 πρεσϐυτάτου
2729 1840 2916 1904 παιδὸς
2942 1841 3104 1912 χάριν
3132 1840 3199 1895 ⁷³.
3248 1840 3405 1912 ιω
3436 1842 3651 1909 Ἐγνων

2074 1950 2135 1986 σε
2158 1933 2444 2003 φιλοσοφία
2467 1933 2513 1965 ⁷⁸
2534 1932 2993 2005 προσανέχουσαν,
3029 1934 3123 1987 καὶ
3141 1933 3341 2004 ἀρετῆς
3373 1933 3534 2011 Even
3556 1931 3651 1985 τὸν

2070 2026 2179 2079 τῶν
2228 2027 2551 2099 κρειττόνων
2598 2026 2863 2099 ξηλοῦσαν
2918 2026 3050 2097 βίον.
3109 2026 3265 2090 Τίνες
3312 2026 3369 2079 δὲ
3418 2025 3484 2079 ἂν
3537 2021 3650 2078 εἷεν

2071 2119 2399 2193 κρείττονες,
2431 2120 2463 2189 ἢ
2494 2120 2607 2173 θεοὶ
2634 2121 2730 2192 μὲν
2761 2120 3035 2181 ἀπάντων,
3068 2118 3368 2191 ἀνθρώπων
3398 2118 3454 2172 δὲ
3484 2119 3533 2171 οἱ
3560 2135 3647 2186 φι-

2070 2188 2318 2281 λδσοξροη
2351 2188 2510 2264 Οὗτοι
2536 2188 2645 2283 γὰρ
2666 2212 2815 2283 μόνοι
2846 2212 3041 2274 ῐσασιν,
3059 2188 3361 2281 τῶν-ἔργων
3394 2212 3520 2263 ποῖα
3547 2209 3648 2280 μέν

2070 2305 2215 2357 ἐστιν
2228 2304 2384 2373 φύσει
2397 2304 2543 2358 κακὰ
2555 2303 2586 2375 ἦ
2599 2305 2890 2369 καλά,ποῖα
2902 2306 2958 2359 δὲ
2970 2308 3034 2375 τῇ
3051 2304 3159 2358 τῶν
3174 2304 3351 2377 νόμων
3364 2302 3533 2367 θέσει,
3545 2303 3648 2355 οὐκ

2068 2397 2219 2461 ὄντα,
2254 2397 2550 2468 νομίζεται.
2574 2397 2777 2449 Αὐτίκα
2801 2397 2930 2467 γοῦν
2958 2398 3055 2468 τὴν
3074 2396 3368 2468 λεγομένην
3400 2392 3650 2467 μοιχείαν

2070 2490 2265 2561 πρᾶξίν
2310 2506 2454 2553 τινες
2474 2488 2833 2560 ὑπειλήφασιν
2854 2484 2992 2541 εἶναι
3020 2489 3216 2559 κακὴν,
3247 2488 3424 2541 καίτοι
3472 2484 3646 2557 καλὴν

2068 2582 2207 2634 κατά
2245 2582 2419 2635 πάντα
2452 2582 2819 2652 ὑπάρχουσαν·
2870 2584 2951 2646 είς
2984 2581 3091 2653 γὰρ
3121 2583 3217 2651 τὴν
3257 2580 3350 2634 τοῦ
3399 2579 3510 2653 βίου
3542 2596 3644 2631 πο-

2068 2672 2316 2741 λυγονίαν
2348 2674 2636 2742 ἐπιταγαῖς
2670 2674 2910 2744 Ἔρωτος
2934 2673 3163 2743 γίνεται.
3203 2675 3381 2745 Ἔρως
3410 2673 3466 2725 δέ
3496 2674 3645 2725 ἐστιν

2067 2765 2095 2816 ὁ
2136 2764 2354 2818 πάντων
2398 2764 2537 2819 θεῶν
2579 2766 2969 2836 πρεσϐύτατοςο
3004 2766 3132 2846 ἄχευ
3170 2765 3279 2837 γὰρ
3306 2765 3368 2835 δὴ
3402 2766 3648 2836 Ἔρωτος

2067 2856 2127 2908 οὐ
2179 2857 2475 2927 στοιχείων,
2533 2858 2593 2910 οὐ
2650 2856 2807 2923 θεῶν,
2854 2858 2951 2911 οὐκ
3004 2856 3324 2929 ἀνθρώπων,
3372 2858 3433 2909 οὐ
3489 2854 3648 2919 ζώων

2066 2949 2303 3018 ἀλόγων,
2337 2950 2400 3002 οὐ
2435 2949 2542 3002 τῶν
2580 2948 2784 3003 λοιπῶν
2815 2949 3068 3003 ἁπάντων
3109 2949 3252 3021 μίξις
3286 2948 3321 3019 ἢ
3353 2949 3564 3017 γένεσις
3596 2947 3645 2977 ’⁷⁸

2066 3042 2318 3111 γενέσθαι
2348 3042 2589 3096 δύναται·
2624 3042 2823 3106 πάντες
2854 3042 2962 3113 γάρ
2992 3061 3073 3096 τοι
3108 3042 3315 3115 ὄργανά
3350 3044 3514 3111 ἐσμεν
3543 3042 3645 3095 τοῦ

394 3107 479 3159 vel
518 3110 793 3176 generatio
847 3110 961 3166 ﬁeri
1022 3125 1231 3183 potest;
1284 3132 1474 3175 omnes
1514 3123 1711 3177 etenim
1748 3124 1965 3181 Amoris

2074 3107 2333 3208 ἐἙρωτος.
2370 3134 2542 3199 Αὐτὸς
2584 3135 2641 3189 δὲ
2671 3136 2719 3167 ’⁸
2756 3137 2784 3189 6
2841 3107 2908 3189 δί’
2931 3107 3114 3209 ’ἡμῶν
3144 3107 3391 3207 τεχνίτης
3419 3107 3647 3199 -παντδς

393 3209 585 3252 sumus
615 3198 991 3257 instrumenta.
1037 3204 1140 3259 Sed
1200 3208 1316 3276 ipse
1358 3226 1455 3279 per
1508 3228 1609 3269 nos
1658 3215 1864 3285 opifex,
1893 3219 1963 3274 ad

394 3302 716 3350 cunctorum
748 3313 870 3367 qua:
900 3300 1197 3371 gignuntur
1227 3308 1440 3364 animas
1464 3311 1781 3370 adveniens.
1811 3314 1963 3374 Unde

392 3400 502 3439 non
532 3389 752 3457 quando
784 3391 885 3460 ipsi
923 3394 1176 3463 volumus
1202 3439 1216 3462 ,
1259 3402 1352 3455 sed
1382 3406 1599 3471 quando
1625 3406 1693 3460 ab
1719 3423 1784 3463 eo
1805 3409 1964 3478 jube-

391 3492 538 3545 mur,
585 3480 733 3537 illius
763 3482 1100 3541 voluntatem
1135 3488 1313 3545 facere
1359 3494 1757 3555 desideramus.
1805 3501 1962 3567 Quod

389 3568 460 3635 si,
491 3570 585 3639 qui
612 3572 732 3642 ejus
762 3575 1039 3633 voluntate
1061 3582 1333 3650 cupimus,
1358 3587 1705 3657 cupiditatem
1740 3604 1963 3664 propter

390 3659 446 3715 id
469 3663 616 3731 quod
637 3675 863 3721 vocatur
894 3669 1151 3737 pudicitia
1176 3672 1417 3730 nitamur
1439 3659 1820 3749 comprimere,
1844 3659 1963 3753 quo

389 3751 555 3807 modo
584 3754 712 3809 dum
752 3761 995 3813 omnium
1027 3760 1254 3818 deorum
1280 3769 1673 3840 hominumque
1699 3751 1963 3845 antiquis-

388 3842 530 3898 simo
577 3845 939 3917 refragamur,
991 3869 1098 3909 non
1149 3860 1442 3915 maximam
1490 3862 1821 3934 impietatem
1864 3869 1961 3923 ad-

389 3935 701 3995 mittemus?

460 4025 549 4081 ΧΙ.
611 4027 875 4088 Universa
924 4037 1107 4107 itaque
1165 4040 1265 4111 ipsi
1321 4055 1505 4112 aperta
1543 4046 1655 4103 sint
1692 4050 1854 4119 ostia,
1904 4061 1960 4108 et

384 4131 578 4176 omnes
626 4125 871 4182 molestae
895 4144 961 4183 ac
1000 4132 1248 4189 ascititiae
1287 4136 1569 4194 solvantur
1595 4141 1777 4213 leges,
1812 4146 1958 4202 zelo-

384 4208 528 4280 typis
569 4211 887 4273 hominibus
932 4220 1142 4288 positae,
1194 4225 1286 4294 qui
1320 4236 1500 4283 mente
1536 4208 1701 4299 capti,
1730 4208 1829 4287 nec
1858 4250 1956 4289 vo-

2065 3228 2158 3281 τοῦ
2191 3228 2528 3300 γεννωμένου
2571 3228 2770 3300 ψυχαῖς
2813 3230 3092 3301 ἐπιδημῶν
3135 3231 3251 3284 ἐστι
3299 3229 3439 3294 νοῦς.
3478 3228 3646 3321 Ὅθεν

2064 3322 2164 3375 οὐκ
2209 3322 2361 3375 αὐτοὶ
2401 3322 2661 3387 θέλοντες,
2698 3323 2811 3376 ἀλλ’
2856 3324 2981 3376 ὅταν
3014 3325 3105 3378 ὑπ’
3144 3324 3307 3377 αὑτοῦ
3337 3323 3645 3377 κελευσθῶ-

2065 3431 2185 3485 μεν,
2213 3414 2274 3468 τὸ
2304 3414 2509 3467 ἐκείνου
2532 3414 2773 3486 βούλημα
2798 3418 2969 3468 ποιεῖν
3000 3415 3391 3487 ἐπιθυμοῦμεν.
3425 3417 3486 3468 Οἱ
3516 3415 3574 3467 δὲ
3595 3416 3643 3447 ⁷⁷

2064 3505 2270 3560 ἐκείνου
2332 3506 2493 3578 βουλῇ
2544 3507 2955 3578 ἐπιθυμοῦντες,
3007 3508 3165 3580 χάριν
3201 3508 3300 3578 τῆς
3344 3508 3644 3578 λεγομένης

2065 3598 2421 3670 σωφροσύνης
2483 3602 2703 3671 κρατεῖν
2758 3601 2856 3670 τῆς
2921 3598 3215 3670 ἐπιθυμίας
3274 3601 3643 3671 ἐπιχειρήσω-

2065 3706 2166 3759 μεν
2210 3690 2277 3755 ⁷³,
2322 3690 2441 3754 πῶς
2491 3690 2568 3762 τῷ
2598 3691 2813 3745 πάντων
2854 3691 3211 3763 πρεσϐυτάτῳ
3263 3692 3399 3746 θεῶν
3444 3710 3502 3744 τε
3544 3692 3644 3745 καὶ

2061 3780 2365 3854 ἀνθρώπων
2411 3782 2865 3855 ἀντιπράττοντες
2897 3785 2943 3818 ⁷⁸
2974 3784 3035 3836 οὐ
3076 3783 3145 3837 τά
3175 3784 3405 3855 μέγιστα
3426 3783 3640 3855 ,ἀσεϐή-

2063 3889 2245 3947 σωμεν
2267 3892 2283 3940 ;

2128 4051 2219 4105 ΧΙ.
2280 4052 2441 4108 Ἀλλά
2468 4055 2640 4107 πᾶσαι
2673 4054 2771 4126 μέν
2799 4056 3156 4127 ἀνεῴχθωσαν
3187 4056 3231 4087 ⁸ο
3271 4056 3420 4127 αὐτῷ
3453 4056 3637 4129 θύραι,

2058 4144 2259 4208 πάντες
2300 4144 2357 4198 δὲ
2394 4145 2656 4218 μοχθηροὶ
2693 4147 2845 4220 141
2880 4149 2974 4201 καὶ
3019 4148 3164 4202 Ossol.
3200 4148 3510 4202 λυέσθωσαν
3547 4150 3639 4202 νό-

2060 4254 2171 4307 μοι,
2221 4237 2544 4308 ζηλοτύποις
2593 4239 2902 4312 ἀνθρώποις
2945 4241 3203 4312 κείμενοι,
3255 4243 3487 4305 οἵτινες,
3531 4242 3639 4294 ὑπὸ

384 4298 557 4358 lentes
619 4321 837 4377 azquum
889 4310 1223 4384 intelligere,
1292 4298 1626 4392 insuperque
1668 4333 1724 4378 et
1779 4326 1955 4383 dictos

2073 4298 2247 4392 ὶνοίας
2275 4298 2634 4403 κρατούμενοι
2666 4298 2759 4384 καὶ
2795 4331 2857 4385 τὸ
2882 4298 3113 4401 ⁷εὔλογον
3145 4298 3283 4387 νοεῖν
3333 4334 3406 4406 μὴ
3433 4298 3637 4403 ,βουλό-

383 4393 658 4453 adulteros
711 4402 994 4471 suspicati,
1044 4420 1075 4459 a
1129 4405 1261 4462 Jove
1306 4409 1423 4479 ipso
1473 4428 1568 4481 per
1617 4413 1848 4470 Minoem
1900 4426 1955 4472 et

2073 4438 2234 4488 seven,
2270 4393 2498 4494 προσέτί
2534 4423 2591 4475 δέ
2620 4425 2713 4476 καὶ
2740 4426 2865 4488 τοὺς
2898 4393 3221 4496 λεγομένους
3255 4393 3475 4497 μοίχοὺς
3502 4427 3637 4496 ὑφο-

383 4481 862 4546 Rhadamanthum
896 4499 1045 4565 juste
1079 4496 1380 4555 illuduntur
1416 4501 1544 4558 latis
1566 4503 1797 4575 legibus.
1821 4505 1955 4564 Nam
1988 4539 1990 4545 η

2073 4510 2331 4583 ρώμενοι,
2373 4513 2464 4567 ὑπ’
2503 4514 2666 4567 αὑτοῦ
2704 4514 2797 4567 τοῦ
2841 4516 2961 4579 Διὸς
2993 4516 3082 4570 διά
3112 4533 3174 4585 γε
3201 4517 3295 4569 τοῦ
3341 4517 3495 4570 Μίνω
3537 4518 3638 4572 καὶ

382 4578 637 4636 Amorem
686 4585 886 4643 animis
934 4590 1280 4647 accedentem
1323 4609 1578 4654 coercere
1607 4615 1717 4655 non
1759 4618 1957 4671 possu-

2073 4578 2157 4658 ἑοῦ
2207 4606 2607 4676 Ῥαδαμάνθυος
2647 4607 2690 4639 ⁸³
2768 4608 3003 4677 εὐλόγως
3053 4578 3225 4673 θετοῖς
3272 4609 3555 4674 παίζονται
3588 4613 3635 4644 ⁸⁸

380 4685 531 4727 mus.
575 4673 761 4745 Neque
803 4679 949 4734 enim
978 4682 1319 4741 voluntarius
1353 4699 1439 4742 est
1471 4692 1772 4747 amantium
1796 4694 1957 4750 allec.-

2073 4697 2262 4767 ιόμοις.
2298 4673 2519 4770 Ἔρωτα
2547 4699 2654 4771 γὰρ
2686 4673 3102 4771 ἐπιδημήσαντα
3130 4702 3328 4772 ψυχαῖς
3358 4673 3457 4754 οὐκ
3487 4702 3638 4756 ἔστιν

382 4771 493 4819 tus.
538 4762 655 4835 Ipse
686 4769 869 4839 itaque
910 4769 1141 4843 Jupiter,
1175 4777 1371 4833 harum
1398 4778 1577 4849 legum
1605 4781 1763 4851 lator,
1792 4785 1957 4839 innu-

2073 4792 2322 4859 επισχεῖν.
2372 4790 2445 4843 Οὐ
2497 4790 2606 4861 γάρ
2647 4792 2795 4844 ἐστιν
2841 4791 3087 4845 ἑκούσιον
3124 4792 3185 4846 τὸ
3228 4794 3338 4846 τῶν
3381 4793 3636 4865 ἐρώντων

504 4857 547 4913 is
588 4861 886 4917 concubuit
920 4879 1046 4920 cum
1080 4865 1441 4939 mulieribus;
1491 4884 1542 4928 et
1573 4875 1791 4945 quidem
1828 4895 1957 4948 pro-
2056 4857 2246 4945 πάθος.
2281 4881 2489 4936 Αὐτίκα
2511 4857 2652 4952 γοῦν
2692 4884 2721 4935 ὁ
2751 4884 2887 4947 Ζεὺς
2919 4885 3099 4950 αὐτὸς,
3121 4886 3372 4939 ὁτούτων
3404 4888 3633 4958 νομοθέ-

1920 5005 1946 5014 -
2051 4992 2179 5045 της,
2213 4974 2430 5046 μυρίαις
2462 4976 2750 5048 συνήλυθεν
2786 4977 3057 5046 γυναιξὶν,
3093 4978 3186 5033 καὶ
3218 4980 3307 5033 ὑπ’
3338 4981 3496 5034 ἐνίων
3531 4983 3634 5051 μὲν

382 5056 502 5095 rum
542 5046 913 5112 procreatione
940 5047 1116 5107 factus
1158 5068 1552 5127 nonnunquam
1593 5074 1945 5132 congressum

2073 5066 2234 5136 τοφῶν
2282 5046 2587 5139 εὐεργέτης.
2621 5070 2758 5140 πρὸς
2803 5070 3161 5137 τεκνοποιίαν,
3194 5072 3363 5126 ἐνίοτε
3403 5074 3502 5144 τὴν
3532 5046 3635 5128 αὐ-

380 5148 539 5188 suum
581 5134 895 5198 hominibus
935 5143 1175 5212 donavit,
1202 5147 1345 5217 apud
1378 5163 1475 5206 eos
1507 5165 1657 5219 vero,
1700 5155 1793 5223 qui
1821 5172 1947 5226 gra-

2073 5134 2146 5213 τοῦ
2200 5159 2347 5231 μίξιν
2380 5134 2433 5193 δέ
2485 5134 2791 5233 ἀνθρώποις
2859 5134 3218 5235 δωρούμενος
3289 5169 3420 5239 παρ’
3457 5134 3541 5231 οἷς
3570 5166 3633 5221 δὲ

1649 5313 1885 5370 VARle
1936 5316 2338 5374 LECTIONES.

1116 5422 1163 5458 ⁷ο
1198 5424 1293 5477 καί
1331 5426 1581 5482 omittere
1632 5444 1740 5482 non
1796 5431 2024 5485 debebat
2078 5432 2116 5487 8
2182 5448 2234 5490 c.
2275 5433 2360 5489 Cl.

450 5422 497 5456 σο
533 5484 553 5487 _
570 5414 657 5468 ἐπί
708 5417 855 5487 conj.
906 5417 969 5473 ι).

661 5487 815 5575 pag-(2
874 5488 1163 5575 interitu."
1246 5495 1401 5575 _"lta
1433 5497 1515 5575 SA,
1578 5498 1943 5575 gemeam?)
1990 5502 2061 5575 β,
2096 5501 2160 5558 Ο·
2198 5487 2429 5575 ξτῖίλὲε-

450 5433 497 5456 συ
570 5433 657 5468 em
708 5433 855 5487 conj.
906 5433 969 5473 υ.
1116 5433 1163 5458 τυ
1198 5433 1291 5477 καί
1331 5433 1581 5482 omittere
1632 5444 1740 5482 non
1796 5433 2024 5485 debebat
2078 5433 2116 5487 8
2182 5448 2234 5490 c.
2275 5433 2360 5489 Cl.
2506 5438 2550 5469 '”
2606 5433 2761 5493 Hanc
2813 5439 2875 5497 Ci
2932 5441 3302 5511 conjecturam
3332 5442 3628 5504 conﬁrmat

377 5484 423 5540 0
452 5527 467 5540 .
499 5484 815 5540 εὔκαιροςο
876 5488 930 5540 in
957 5499 1128 5540 textu-
1253 5495 1300 5525 τί
1328 5495 1401 5540 ltn
1433 5497 1471 5540 ς
1504 5538 1512 5540 Α
1580 5498 1694 5540 πεῖθ’
1751 5501 1943 5540 l-mvmi'i
2002 5502 2041 5540 Ω
2096 5501 2141 5540 η
2236 5503 2414 5540 περ..
2470 5506 2742 5540 κιρ-ἵλεως
2839 5514 2887 5540 η
2913 5510 3054 5540 han
3104 5522 3151 5540 ..ι
3182 5527 3245 5540 ι...
3278 5514 3483 5540 ,Ληιηηι
3532 5514 3574 5540 ρ

452 5527 467 5548 ,
499 5500 655 5538 ευκαι

379 5506 423 5540 υ
452 5527 467 5548 ,
499 5506 752 5556 ευκαιρος
775 5506 815 5541 ιλ
876 5506 930 5543 m
957 5506 1128 5546 tortu.
1253 5506 1300 5525 "
1327 5506 1401 5550 Ita
1433 5506 1471 5550 δ
1502 5538 1515 5560 ,
1578 5506 1694 5568 μεθ’
1750 5506 1943 5554 ἑαυτοῦ
2002 5506 2061 5567 C,
2096 5506 2160 5558 Ο.
2236 5506 2281 5535 ⁷³
2303 5506 2429 5575 Leg.
2470 5506 2681 5577 χαίρειν
2705 5506 2762 5564 8.
2839 5514 2887 5546 ’⁸
2912 5510 2989 5566 Ita
3008 5506 3077 5573 0,
3103 5522 3156 5567 et
3179 5527 3246 5568 ex
3274 5514 3506 5583 conject.
3532 5514 3574 5569 C
3606 5560 3624 5587 ,

1091 5565 1444 5654 git-mw;
1466 5568 1528 5623 C.
1605 5569 1652 5654 ’ξ
1677 5570 1732 5621 δέ
1758 5572 1949 5654 ωιόλο.
2069 5574 2165 5654 ἣτ’
2191 5572 2241 5654 δῖ
2260 5571 2322 5627 C.
2341 5573 3126 5654 Vel-hiclegendumElproOI,
3144 5584 3226 5654 vel
3248 5584 3386 5639 infra
3410 5584 3506 5639 ἐὰν
3520 5601 3624 5654 po-

379 5628 616 5679 nendum
636 5635 759 5727 aut:
771 5629 947 5698 χάριν.
972 5631 1063 5684 Eo.
1091 5628 1264 5715 Parit.
1335 5628 1390 5727 ,ξ’
1414 5628 1830 5727 ἐπιχειρήσομεν
1855 5640 1949 5727 0.n
1996 5642 2040 5673 ’θ
2067 5642 2195 5724 ξοδι

377 5711 442 5748 ex
472 5698 822 5816 setl'uentibus
844 5714 1125 5770 perperam
1155 5704 1393 5774 irrepsit.
1460 5698 1884 5779 ⁸θ’ἱὶνὶιῴχθωσαν
1908 5710 1972 5773 Ο,
2003 5713 2184 5780 utjam
2213 5698 2497 5783 proposuit
2537 5716 2601 5778 S;
2637 5698 2986 5791 ἀνεῴχθηξαν
3025 5724 3086 5777 C.
3161 5698 3620 5797 δίΛῬαδαμόῗνθου

377 5764 441 5816 Ο.
470 5762 516 5792 Μ
570 5773 620 5816 lli
664 5766 707 5816 Ο
750 5786 797 5816 (τ.
846 5772 915 5816 Si
980 5773 1280 5816 ῖπαὶσοντηι.
1317 5775 1358 5816 (ἶ
1468 5778 1514 5810 8³
1549 5779 1684 5816 nmis»
1705 5782 2255 5816 ηςνιιηηρηῖηυιὲιιηᾴη..
2303 5786 2401 5816 νδ...
2428 5787 2590 5816 ...λ-ηπ
2620 5788 2762 5816 “lc...
2796 5793 3074 5816 hamus...“
3104 5803 3279 5816 Nm--.
3306 5793 3345 5816 ιι

377 5764 441 5817 Ο.
470 5762 516 5792 ⁸²
548 5762 620 5818 lla
664 5766 707 5820 Ο
750 5786 797 5823 c.
846 5762 916 5835 S',
942 5762 1282 5841 ⁸,παίσοντοιί
1317 5762 1387 5832 C.
1468 5778 1514 5810 ⁸³
1549 5762 2413 5856 1:98;};xiv‘bxéliaiéiiéﬁoij'fiﬁi
2426 5762 3284 5861 αὐτοῦμίξιξῖθέθιῖιῖυέιοορυεθι
3304 5793 3365 5850 υ.
