  <div class='ocr_page' id='page_1' title='image "/cluster/home/n/w/nwhite01/storage/ocr_20150623/2/nnc1.0114695790/116.png"; bbox 0 0 3894 6208; ppageno 0'>
   <div class='ocr_carea' id='block_1_1' title="bbox 210 358 319 416">
    <p class='ocr_par' dir='ltr' id='par_1_1' title="bbox 210 358 319 416">
     <span class='ocr_line' id='line_1_1' title="bbox 210 358 319 416; baseline -0.009 0"><span class='ocrx_word' id='word_1_1' title='bbox 210 358 319 416; x_wconf 75' lang='grc'><strong>185</strong></span> 
     </span>
    </p>
   </div>
   <div class='ocr_carea' id='block_1_2' title="bbox 1354 352 2337 413">
    <p class='ocr_par' dir='ltr' id='par_1_2' title="bbox 1354 352 2337 413">
     <span class='ocr_line' id='line_1_2' title="bbox 1354 352 2337 413; baseline 0.003 -5"><span class='ocrx_word' id='word_1_2' title='bbox 1354 353 1818 413; x_wconf 75' lang='lat' dir='ltr'><strong>CLEMENTINA.</strong></span> <span class='ocrx_word' id='word_1_3' title='bbox 1846 384 1916 394; x_wconf 94' lang='lat'><strong>—</strong></span> <span class='ocrx_word' id='word_1_4' title='bbox 1943 352 2230 410; x_wconf 79' lang='lat' dir='ltr'><strong>HOMILIA</strong></span> <span class='ocrx_word' id='word_1_5' title='bbox 2272 352 2337 411; x_wconf 74' lang='grc' dir='ltr'><strong>ν.</strong></span> 
     </span>
    </p>
   </div>
   <div class='ocr_carea' id='block_1_3' title="bbox 3388 353 3486 413">
    <p class='ocr_par' dir='ltr' id='par_1_3' title="bbox 3388 353 3486 413">
     <span class='ocr_line' id='line_1_3' title="bbox 3388 353 3486 413; baseline 0.02 -2"><span class='ocrx_word' id='word_1_6' title='bbox 3388 353 3486 413; x_wconf 64' lang='grc'><strong>138</strong></span> 
     </span>
    </p>
   </div>
   <div class='ocr_carea' id='block_1_4' title="bbox 202 463 1788 545">
    <p class='ocr_par' dir='ltr' id='par_1_4' title="bbox 202 464 1788 545">
     <span class='ocr_line' id='line_1_4' title="bbox 202 464 1788 545; baseline -0.007 -16"><span class='ocrx_word' id='word_1_7' title='bbox 202 474 403 537; x_wconf 49' lang='lat' dir='ltr'><strong>aut»;</strong></span> <span class='ocrx_word' id='word_1_8' title='bbox 424 471 562 545; x_wconf 86' lang='lat'><strong>(89),</strong></span> <span class='ocrx_word' id='word_1_9' title='bbox 601 467 867 543; x_wconf 65' lang='grc' dir='ltr'>Ὀρφέως*</span> <span class='ocrx_word' id='word_1_10' title='bbox 899 467 1153 531; x_wconf 82' lang='grc' dir='ltr'>Διόνυσος</span> <span class='ocrx_word' id='word_1_11' title='bbox 1177 466 1235 521; x_wconf 83' lang='grc' dir='ltr'>δὲ</span> <span class='ocrx_word' id='word_1_12' title='bbox 1272 467 1558 531; x_wconf 80' lang='grc' dir='ltr'>Δαόνιδος,</span> <span class='ocrx_word' id='word_1_13' title='bbox 1602 464 1788 537; x_wconf 81' lang='grc' dir='ltr'>Ἀμπέ-</span> 
     </span>
    </p>
   </div>
   <div class='ocr_carea' id='block_1_5' title="bbox 1897 463 3485 545">
    <p class='ocr_par' dir='ltr' id='par_1_5' title="bbox 1912 463 3485 537">
     <span class='ocr_line' id='line_1_5' title="bbox 1912 463 3485 537; baseline 0.004 -18"><span class='ocrx_word' id='word_1_14' title='bbox 1912 465 2213 537; x_wconf 90' lang='lat' dir='ltr'><strong>Cyparissi,</strong></span> <span class='ocrx_word' id='word_1_15' title='bbox 2254 464 2513 537; x_wconf 77' lang='lat' dir='ltr'><strong>Amyclzn,</strong></span> <span class='ocrx_word' id='word_1_16' title='bbox 2542 463 2736 533; x_wconf 87' lang='lat' dir='ltr'><strong>Troili,</strong></span> <span class='ocrx_word' id='word_1_17' title='bbox 2784 463 3019 522; x_wconf 81' lang='lat' dir='ltr'><strong>Branchi</strong></span> <span class='ocrx_word' id='word_1_18' title='bbox 3054 463 3329 537; x_wconf 71' lang='lat' dir='ltr'><strong>Tymnzei,</strong></span> <span class='ocrx_word' id='word_1_19' title='bbox 3362 470 3485 525; x_wconf 84' lang='lat' dir='ltr'><strong>Pari</strong></span> 
     </span>
    </p>
   </div>
   <div class='ocr_carea' id='block_1_6' title="bbox 201 555 1799 636">
    <p class='ocr_par' dir='ltr' id='par_1_6' title="bbox 201 555 1799 636">
     <span class='ocr_line' id='line_1_6' title="bbox 201 555 1799 636; baseline -0.008 -16"><span class='ocrx_word' id='word_1_20' title='bbox 201 566 333 630; x_wconf 87' lang='grc' dir='ltr'>λου,</span> <span class='ocrx_word' id='word_1_21' title='bbox 374 561 665 636; x_wconf 85' lang='grc' dir='ltr'>Ύμεναίου</span> <span class='ocrx_word' id='word_1_22' title='bbox 681 561 725 627; x_wconf 81' lang='grc'>⁸,</span> <span class='ocrx_word' id='word_1_23' title='bbox 768 560 1198 633; x_wconf 77' lang='grc' dir='ltr'><strong>Ἑρμαφροδίτου</strong></span> <span class='ocrx_word' id='word_1_24' title='bbox 1223 598 1239 624; x_wconf 95' lang='grc'><strong>,</strong></span> <span class='ocrx_word' id='word_1_25' title='bbox 1286 558 1613 630; x_wconf 68' lang='grc' dir='ltr'>Ἀχιλλέωςθ</span> <span class='ocrx_word' id='word_1_26' title='bbox 1632 576 1647 589; x_wconf 79' lang='grc'><em>’</em></span> <span class='ocrx_word' id='word_1_27' title='bbox 1683 560 1712 611; x_wconf 86' lang='grc' dir='ltr'><strong>ό</strong></span> <span class='ocrx_word' id='word_1_28' title='bbox 1741 555 1799 610; x_wconf 78' lang='grc' dir='ltr'><strong>δὲ</strong></span> 
     </span>
    </p>
   </div>
   <div class='ocr_carea' id='block_1_7' title="bbox 217 648 1801 725">
    <p class='ocr_par' dir='ltr' id='par_1_7' title="bbox 217 648 1801 725">
     <span class='ocr_line' id='line_1_7' title="bbox 217 648 1801 725; baseline -0.006 -15"><span class='ocrx_word' id='word_1_29' title='bbox 217 651 554 725; x_wconf 75' lang='grc' dir='ltr'>’Δσκληπιδς</span> <span class='ocrx_word' id='word_1_30' title='bbox 578 650 897 705; x_wconf 84' lang='grc' dir='ltr'><strong>Ἱππολύτου</strong></span> <span class='ocrx_word' id='word_1_31' title='bbox 914 666 928 681; x_wconf 75' lang='grc' dir='ltr'><strong><em>ο</em></strong></span> <span class='ocrx_word' id='word_1_32' title='bbox 953 651 1049 703; x_wconf 73' lang='grc' dir='ltr'><strong>καὶ</strong></span> <span class='ocrx_word' id='word_1_33' title='bbox 1072 650 1378 719; x_wconf 82' lang='grc' dir='ltr'>Ἥφαιστος</span> <span class='ocrx_word' id='word_1_34' title='bbox 1410 648 1659 721; x_wconf 80' lang='grc' dir='ltr'>Πηλέως’</span> <span class='ocrx_word' id='word_1_35' title='bbox 1684 648 1801 701; x_wconf 81' lang='grc' dir='ltr'>Πὰν</span> 
     </span>
    </p>
   </div>
   <div class='ocr_carea' id='block_1_8' title="bbox 201 741 1795 815">
    <p class='ocr_par' dir='ltr' id='par_1_8' title="bbox 201 741 1795 815">
     <span class='ocr_line' id='line_1_8' title="bbox 201 741 1795 815; baseline -0.004 -14"><span class='ocrx_word' id='word_1_36' title='bbox 201 748 263 802; x_wconf 77' lang='grc' dir='ltr'>δὲ</span> <span class='ocrx_word' id='word_1_37' title='bbox 279 745 544 815; x_wconf 82' lang='grc' dir='ltr'>Δάφνιδος</span> <span class='ocrx_word' id='word_1_38' title='bbox 566 743 610 776; x_wconf 84' lang='grc'><strong>¹⁶</strong></span> <span class='ocrx_word' id='word_1_39' title='bbox 626 760 641 774; x_wconf 88' lang='grc'><strong>·</strong></span> <span class='ocrx_word' id='word_1_40' title='bbox 668 743 699 797; x_wconf 83' lang='grc' dir='ltr'><strong>ό</strong></span> <span class='ocrx_word' id='word_1_41' title='bbox 719 742 778 796; x_wconf 80' lang='grc' dir='ltr'>δὲ</span> <span class='ocrx_word' id='word_1_42' title='bbox 792 743 1000 813; x_wconf 82' lang='grc' dir='ltr'><strong>Ἑρμῆς</strong></span> <span class='ocrx_word' id='word_1_43' title='bbox 1021 741 1298 813; x_wconf 76' lang='grc' dir='ltr'><strong>Περσέως,</strong></span> <span class='ocrx_word' id='word_1_44' title='bbox 1314 742 1553 815; x_wconf 81' lang='grc' dir='ltr'>Χρύσου,</span> <span class='ocrx_word' id='word_1_45' title='bbox 1567 742 1795 814; x_wconf 85' lang='grc' dir='ltr'>Θέρσου,</span> 
     </span>
    </p>
   </div>
   <div class='ocr_carea' id='block_1_9' title="bbox 215 833 1799 910">
    <p class='ocr_par' dir='ltr' id='par_1_9' title="bbox 215 833 1799 910">
     <span class='ocr_line' id='line_1_9' title="bbox 215 833 1799 910; baseline -0.004 -17"><span class='ocrx_word' id='word_1_46' title='bbox 215 837 508 910; x_wconf 72' lang='grc' dir='ltr'>Ὀδρύσοω</span> <span class='ocrx_word' id='word_1_47' title='bbox 552 834 829 908; x_wconf 81' lang='grc' dir='ltr'><strong>Ἡρακλῆς</strong></span> <span class='ocrx_word' id='word_1_48' title='bbox 856 834 915 889; x_wconf 77' lang='grc' dir='ltr'>δὲ</span> <span class='ocrx_word' id='word_1_49' title='bbox 947 833 1207 906; x_wconf 76' lang='grc' dir='ltr'>’Δὸδήρου</span> <span class='ocrx_word' id='word_1_50' title='bbox 1236 834 1370 906; x_wconf 86' lang='grc'>(90),</span> <span class='ocrx_word' id='word_1_51' title='bbox 1400 835 1662 906; x_wconf 81' lang='grc' dir='ltr'>Δρύοπος,</span> <span class='ocrx_word' id='word_1_52' title='bbox 1702 835 1799 888; x_wconf 82' lang='grc' dir='ltr'><strong>Ἰο-</strong></span> 
     </span>
    </p>
   </div>
   <div class='ocr_carea' id='block_1_10' title="bbox 200 926 1798 1001">
    <p class='ocr_par' dir='ltr' id='par_1_10' title="bbox 200 926 1798 1001">
     <span class='ocr_line' id='line_1_10' title="bbox 200 926 1798 1001; baseline -0.004 -14"><span class='ocrx_word' id='word_1_53' title='bbox 200 933 432 996; x_wconf 83' lang='grc' dir='ltr'>κάστου,</span> <span class='ocrx_word' id='word_1_54' title='bbox 457 929 810 1001; x_wconf 77' lang='grc' dir='ltr'>Φιλοκτήτου,</span> <span class='ocrx_word' id='word_1_55' title='bbox 834 926 995 993; x_wconf 82' lang='grc' dir='ltr'>⁸Υλα,</span> <span class='ocrx_word' id='word_1_56' title='bbox 1016 926 1235 999; x_wconf 85' lang='grc' dir='ltr'>Πολυφή</span> <span class='ocrx_word' id='word_1_57' title='bbox 1245 944 1366 999; x_wconf 88' lang='grc' dir='ltr'>μου,</span> <span class='ocrx_word' id='word_1_58' title='bbox 1386 927 1637 998; x_wconf 75' lang='grc' dir='ltr'>Αἴμονος,</span> <span class='ocrx_word' id='word_1_59' title='bbox 1672 926 1798 981; x_wconf 82' lang='grc' dir='ltr'><strong>Χώ-</strong></span> 
     </span>
    </p>
   </div>
   <div class='ocr_carea' id='block_1_11' title="bbox 200 1019 766 1094">
    <p class='ocr_par' dir='ltr' id='par_1_11' title="bbox 200 1019 766 1094">
     <span class='ocr_line' id='line_1_11' title="bbox 200 1019 766 1094; baseline -0.011 -16"><span class='ocrx_word' id='word_1_60' title='bbox 200 1040 321 1090; x_wconf 90' lang='grc' dir='ltr'>νου,</span> <span class='ocrx_word' id='word_1_61' title='bbox 352 1020 677 1094; x_wconf 84' lang='grc' dir='ltr'><strong>Εὐρυσθέως</strong></span> <span class='ocrx_word' id='word_1_62' title='bbox 702 1019 766 1072; x_wconf 73' lang='grc'><strong>⁸⁸.</strong></span> 
     </span>
    </p>
   </div>
   <div class='ocr_carea' id='block_1_12' title="bbox 270 1208 1794 1285">
    <p class='ocr_par' dir='ltr' id='par_1_12' title="bbox 270 1208 1794 1285">
     <span class='ocr_line' id='line_1_12' title="bbox 270 1208 1794 1285; baseline -0.005 -13"><span class='ocrx_word' id='word_1_63' title='bbox 270 1216 417 1273; x_wconf 75' lang='lat' dir='ltr'><strong>XVI.</strong></span> <span class='ocrx_word' id='word_1_64' title='bbox 449 1215 675 1270; x_wconf 79' lang='grc' dir='ltr'><strong>Πάντων</strong></span> <span class='ocrx_word' id='word_1_65' title='bbox 718 1208 812 1269; x_wconf 72' lang='grc' dir='ltr'><strong>οὖν</strong></span> <span class='ocrx_word' id='word_1_66' title='bbox 843 1230 925 1267; x_wconf 87' lang='grc' dir='ltr'><strong>σοι</strong></span> <span class='ocrx_word' id='word_1_67' title='bbox 952 1211 1063 1267; x_wconf 89' lang='grc' dir='ltr'>τῶν</span> <span class='ocrx_word' id='word_1_68' title='bbox 1094 1210 1513 1285; x_wconf 79' lang='grc' dir='ltr'>ὲπισημοτέρων</span> <span class='ocrx_word' id='word_1_69' title='bbox 1561 1210 1699 1265; x_wconf 86' lang='grc' dir='ltr'>θεῶν</span> <span class='ocrx_word' id='word_1_70' title='bbox 1729 1211 1794 1265; x_wconf 84' lang='grc' dir='ltr'>ὲκ</span> 
     </span>
    </p>
   </div>
   <div class='ocr_carea' id='block_1_13' title="bbox 200 1306 1790 1387">
    <p class='ocr_par' dir='ltr' id='par_1_13' title="bbox 200 1306 1790 1387">
     <span class='ocr_line' id='line_1_13' title="bbox 200 1306 1790 1387; baseline -0.004 -22"><span class='ocrx_word' id='word_1_71' title='bbox 200 1313 409 1387; x_wconf 79' lang='grc' dir='ltr'>μέρους</span> <span class='ocrx_word' id='word_1_72' title='bbox 434 1312 562 1375; x_wconf 73' lang='grc' dir='ltr'>τοὺς</span> <span class='ocrx_word' id='word_1_73' title='bbox 589 1309 799 1383; x_wconf 72' lang='grc' dir='ltr'>ἔρωτας</span> <span class='ocrx_word' id='word_1_74' title='bbox 820 1308 1161 1381; x_wconf 81' lang='grc' dir='ltr'>παρεθέμην,</span> <span class='ocrx_word' id='word_1_75' title='bbox 1194 1306 1450 1379; x_wconf 84' lang='grc' dir='ltr'><strong>φιλτάτη,</strong></span> <span class='ocrx_word' id='word_1_76' title='bbox 1474 1307 1541 1360; x_wconf 85' lang='grc' dir='ltr'>ἵν’</span> <span class='ocrx_word' id='word_1_77' title='bbox 1557 1308 1601 1339; x_wconf 75' lang='grc'><strong>⁸³</strong></span> <span class='ocrx_word' id='word_1_78' title='bbox 1623 1306 1790 1379; x_wconf 78' lang='grc' dir='ltr'>εἰδῇς,</span> 
     </span>
    </p>
   </div>
   <div class='ocr_carea' id='block_1_14' title="bbox 194 1398 1789 1475">
    <p class='ocr_par' dir='ltr' id='par_1_14' title="bbox 194 1398 1789 1475">
     <span class='ocr_line' id='line_1_14' title="bbox 194 1398 1789 1475; baseline -0.004 -18"><span class='ocrx_word' id='word_1_79' title='bbox 194 1405 280 1457; x_wconf 79' lang='grc' dir='ltr'><strong>ὅτι</strong></span> <span class='ocrx_word' id='word_1_80' title='bbox 319 1404 502 1475; x_wconf 86' lang='grc' dir='ltr'>μόνοις</span> <span class='ocrx_word' id='word_1_81' title='bbox 534 1400 844 1474; x_wconf 83' lang='grc' dir='ltr'>ἀνθρώποις</span> <span class='ocrx_word' id='word_1_82' title='bbox 870 1404 984 1458; x_wconf 80' lang='grc' dir='ltr'>τοῖς</span> <span class='ocrx_word' id='word_1_83' title='bbox 1008 1402 1257 1473; x_wconf 78' lang='grc' dir='ltr'>ἀνοήτοις</span> <span class='ocrx_word' id='word_1_84' title='bbox 1291 1401 1422 1473; x_wconf 71' lang='grc' dir='ltr'>περὶ</span> <span class='ocrx_word' id='word_1_85' title='bbox 1452 1398 1612 1453; x_wconf 79' lang='grc' dir='ltr'>τοῦτο</span> <span class='ocrx_word' id='word_1_86' title='bbox 1640 1399 1789 1468; x_wconf 83' lang='grc' dir='ltr'>γίνε-</span> 
     </span>
    </p>
   </div>
   <div class='ocr_carea' id='block_1_15' title="bbox 191 1489 1789 1567">
    <p class='ocr_par' dir='ltr' id='par_1_15' title="bbox 191 1489 1789 1567">
     <span class='ocr_line' id='line_1_15' title="bbox 191 1489 1789 1567; baseline -0.004 -18"><span class='ocrx_word' id='word_1_87' title='bbox 191 1511 289 1549; x_wconf 88' lang='grc' dir='ltr'><strong>ται</strong></span> <span class='ocrx_word' id='word_1_88' title='bbox 313 1493 635 1567; x_wconf 76' lang='grc' dir='ltr'>ζηλοτυπία.</span> <span class='ocrx_word' id='word_1_89' title='bbox 670 1492 761 1567; x_wconf 48' lang='grc' dir='ltr'>ΔΨ</span> <span class='ocrx_word' id='word_1_90' title='bbox 788 1493 883 1546; x_wconf 76' lang='grc' dir='ltr'>καὶ</span> <span class='ocrx_word' id='word_1_91' title='bbox 931 1491 1116 1564; x_wconf 80' lang='grc' dir='ltr'>θνητοὶ</span> <span class='ocrx_word' id='word_1_92' title='bbox 1157 1492 1541 1563; x_wconf 82' lang='grc' dir='ltr'>τυγχάνουσιν,</span> <span class='ocrx_word' id='word_1_93' title='bbox 1572 1490 1668 1545; x_wconf 69' lang='grc' dir='ltr'>καὶ</span> <span class='ocrx_word' id='word_1_94' title='bbox 1692 1489 1789 1542; x_wconf 86' lang='grc' dir='ltr'>λυ-</span> 
     </span>
    </p>
   </div>
   <div class='ocr_carea' id='block_1_16' title="bbox 194 1563 1790 1660">
    <p class='ocr_par' dir='ltr' id='par_1_16' title="bbox 194 1563 1790 1660">
     <span class='ocr_line' id='line_1_16' title="bbox 194 1563 1790 1660; baseline -0.003 -19"><span class='ocrx_word' id='word_1_95' title='bbox 418 1586 512 1640; x_wconf 74' lang='grc' dir='ltr'>τὸν</span> <span class='ocrx_word' id='word_1_96' title='bbox 537 1586 651 1657; x_wconf 84' lang='grc' dir='ltr'>βίον</span> <span class='ocrx_word' id='word_1_97' title='bbox 681 1563 1035 1651; x_wconf 64' lang='grc' dir='ltr'>δῖἆτελοῦσιν,</span> <span class='ocrx_word' id='word_1_98' title='bbox 1058 1586 1140 1640; x_wconf 80' lang='grc' dir='ltr'>ὅτι</span> <span class='ocrx_word' id='word_1_99' title='bbox 1164 1585 1232 1639; x_wconf 79' lang='grc' dir='ltr'>τὰ</span> <span class='ocrx_word' id='word_1_100' title='bbox 1262 1584 1488 1651; x_wconf 76' lang='grc' dir='ltr'>δόξαντα</span> <span class='ocrx_word' id='word_1_101' title='bbox 1507 1587 1621 1648; x_wconf 87' lang='grc' dir='ltr'>τοῖς</span> <span class='ocrx_word' id='word_1_102' title='bbox 1648 1584 1790 1649; x_wconf 85' lang='grc' dir='ltr'>θεοῖς</span> 
     </span>
    </p>
   </div>
   <div class='ocr_carea' id='block_1_17' title="bbox 191 1672 1786 1751">
    <p class='ocr_par' dir='ltr' id='par_1_17' title="bbox 191 1672 1786 1751">
     <span class='ocr_line' id='line_1_17' title="bbox 191 1672 1786 1751; baseline -0.001 -19"><span class='ocrx_word' id='word_1_103' title='bbox 191 1680 342 1735; x_wconf 82' lang='grc' dir='ltr'>καλά</span> <span class='ocrx_word' id='word_1_104' title='bbox 370 1681 527 1735; x_wconf 75' lang='grc' dir='ltr'>αὐτοὶ</span> <span class='ocrx_word' id='word_1_105' title='bbox 551 1679 640 1733; x_wconf 76' lang='grc' dir='ltr'>διὰ</span> <span class='ocrx_word' id='word_1_106' title='bbox 668 1677 758 1732; x_wconf 88' lang='grc' dir='ltr'><strong>τδν</strong></span> <span class='ocrx_word' id='word_1_107' title='bbox 787 1678 969 1733; x_wconf 81' lang='grc' dir='ltr'>αὐτῶν</span> <span class='ocrx_word' id='word_1_108' title='bbox 999 1678 1162 1751; x_wconf 78' lang='grc' dir='ltr'>ζῆλον</span> <span class='ocrx_word' id='word_1_109' title='bbox 1210 1677 1359 1732; x_wconf 76' lang='grc' dir='ltr'>κακὰ</span> <span class='ocrx_word' id='word_1_110' title='bbox 1400 1672 1539 1732; x_wconf 74' lang='grc' dir='ltr'>εἶναι</span> <span class='ocrx_word' id='word_1_111' title='bbox 1567 1677 1786 1749; x_wconf 84' lang='grc' dir='ltr'>ἀπεφή-</span> 
     </span>
    </p>
   </div>
   <div class='ocr_carea' id='block_1_18' title="bbox 190 1753 1786 1843">
    <p class='ocr_par' dir='ltr' id='par_1_18' title="bbox 190 1753 1786 1843">
     <span class='ocr_line' id='line_1_18' title="bbox 190 1753 1786 1843; baseline 0.001 -20"><span class='ocrx_word' id='word_1_112' title='bbox 190 1787 378 1823; x_wconf 79' lang='grc' dir='ltr'>ναντο.</span> <span class='ocrx_word' id='word_1_113' title='bbox 442 1770 705 1843; x_wconf 81' lang='grc' dir='ltr'>Μακαρία</span> <span class='ocrx_word' id='word_1_114' title='bbox 744 1766 837 1825; x_wconf 78' lang='grc' dir='ltr'><strong>οὖν</strong></span> <span class='ocrx_word' id='word_1_115' title='bbox 887 1768 989 1843; x_wconf 76' lang='grc' dir='ltr'><strong>ἔσῃ</strong></span> <span class='ocrx_word' id='word_1_116' title='bbox 1044 1753 1147 1822; x_wconf 69' lang='grc' dir='ltr'>τοίἷ</span> <span class='ocrx_word' id='word_1_117' title='bbox 1187 1767 1414 1833; x_wconf 77' lang='grc' dir='ltr'>λοιποῦ,</span> <span class='ocrx_word' id='word_1_118' title='bbox 1475 1768 1786 1840; x_wconf 80' lang='grc' dir='ltr'>μιμουμένη</span> 
     </span>
    </p>
   </div>
   <div class='ocr_carea' id='block_1_19' title="bbox 191 1858 1790 1932">
    <p class='ocr_par' dir='ltr' id='par_1_19' title="bbox 191 1858 1790 1932">
     <span class='ocr_line' id='line_1_19' title="bbox 191 1858 1790 1932; baseline -0.001 -20"><span class='ocrx_word' id='word_1_119' title='bbox 191 1858 355 1924; x_wconf 80' lang='grc' dir='ltr'>θεοὺς</span> <span class='ocrx_word' id='word_1_120' title='bbox 376 1862 471 1915; x_wconf 75' lang='grc' dir='ltr'>καὶ</span> <span class='ocrx_word' id='word_1_121' title='bbox 488 1861 587 1915; x_wconf 83' lang='grc' dir='ltr'><strong>οὐκ</strong></span> <span class='ocrx_word' id='word_1_122' title='bbox 613 1860 709 1915; x_wconf 87' lang='grc' dir='ltr'><strong>ἀνθ</strong></span> <span class='ocrx_word' id='word_1_123' title='bbox 719 1858 1277 1932; x_wconf 78' lang='grc' dir='ltr'>ρώπους.”Ανθρωποι</span> <span class='ocrx_word' id='word_1_124' title='bbox 1298 1858 1429 1930; x_wconf 84' lang='grc' dir='ltr'>γὰρ,</span> <span class='ocrx_word' id='word_1_125' title='bbox 1452 1859 1551 1930; x_wconf 81' lang='grc' dir='ltr'>τὴν</span> <span class='ocrx_word' id='word_1_126' title='bbox 1570 1858 1790 1928; x_wconf 74' lang='grc' dir='ltr'>νομιζο-</span> 
     </span>
    </p>
   </div>
   <div class='ocr_carea' id='block_1_20' title="bbox 191 1948 1787 2024">
    <p class='ocr_par' dir='ltr' id='par_1_20' title="bbox 191 1948 1787 2024">
     <span class='ocr_line' id='line_1_20' title="bbox 191 1948 1787 2024; baseline -0.001 -20"><span class='ocrx_word' id='word_1_127' title='bbox 191 1953 372 2024; x_wconf 78' lang='grc' dir='ltr'>μένην</span> <span class='ocrx_word' id='word_1_128' title='bbox 412 1950 765 2024; x_wconf 76' lang='grc' dir='ltr'>σωφροσύνην</span> <span class='ocrx_word' id='word_1_129' title='bbox 800 1951 999 2015; x_wconf 71' lang='grc' dir='ltr'>ἰδόντες</span> <span class='ocrx_word' id='word_1_130' title='bbox 1024 1950 1069 1985; x_wconf 73' lang='grc'><strong>¹³</strong></span> <span class='ocrx_word' id='word_1_131' title='bbox 1098 1968 1157 2005; x_wconf 87' lang='grc' dir='ltr'><strong>σε</strong></span> <span class='ocrx_word' id='word_1_132' title='bbox 1185 1950 1676 2021; x_wconf 82' lang='grc' dir='ltr'>διαφυλάσσουσαν,</span> <span class='ocrx_word' id='word_1_133' title='bbox 1698 1948 1787 2003; x_wconf 73' lang='grc' dir='ltr'>διὰ</span> 
     </span>
    </p>
   </div>
   <div class='ocr_carea' id='block_1_21' title="bbox 187 2042 1790 2115">
    <p class='ocr_par' dir='ltr' id='par_1_21' title="bbox 187 2042 1790 2115">
     <span class='ocr_line' id='line_1_21' title="bbox 187 2042 1790 2115; baseline -0.002 -17"><span class='ocrx_word' id='word_1_134' title='bbox 187 2046 253 2098; x_wconf 81' lang='grc' dir='ltr'>τὸ</span> <span class='ocrx_word' id='word_1_135' title='bbox 268 2044 405 2100; x_wconf 82' lang='grc' dir='ltr'>ἴδιον</span> <span class='ocrx_word' id='word_1_136' title='bbox 418 2044 590 2109; x_wconf 87' lang='grc' dir='ltr'>πάθος</span> <span class='ocrx_word' id='word_1_137' title='bbox 619 2044 903 2098; x_wconf 74' lang='grc' dir='ltr'>ἐπαινοῦσι</span> <span class='ocrx_word' id='word_1_138' title='bbox 932 2044 1054 2115; x_wconf 81' lang='grc' dir='ltr'>μὲν,</span> <span class='ocrx_word' id='word_1_139' title='bbox 1085 2043 1186 2098; x_wconf 77' lang='grc' dir='ltr'><strong>οὐκ</strong></span> <span class='ocrx_word' id='word_1_140' title='bbox 1210 2042 1481 2113; x_wconf 76' lang='grc' dir='ltr'>ὠφελοῦσι</span> <span class='ocrx_word' id='word_1_141' title='bbox 1509 2042 1595 2096; x_wconf 79' lang='grc' dir='ltr'><strong>δέ·</strong></span> <span class='ocrx_word' id='word_1_142' title='bbox 1620 2042 1790 2096; x_wconf 72' lang='grc' dir='ltr'>θεοὶ¹δ</span> 
     </span>
    </p>
   </div>
   <div class='ocr_carea' id='block_1_22' title="bbox 186 2134 1789 2207">
    <p class='ocr_par' dir='ltr' id='par_1_22' title="bbox 186 2134 1789 2207">
     <span class='ocr_line' id='line_1_22' title="bbox 186 2134 1789 2207; baseline -0.001 -19"><span class='ocrx_word' id='word_1_143' title='bbox 186 2135 271 2201; x_wconf 77' lang='grc' dir='ltr'>δὲ,</span> <span class='ocrx_word' id='word_1_144' title='bbox 306 2135 731 2207; x_wconf 73' lang='grc' dir='ltr'>ἐξομοιουμένην</span> <span class='ocrx_word' id='word_1_145' title='bbox 780 2152 839 2189; x_wconf 89' lang='grc' dir='ltr'><strong>σε</strong></span> <span class='ocrx_word' id='word_1_146' title='bbox 885 2136 1100 2201; x_wconf 74' lang='grc' dir='ltr'>ἑαυτοῖς</span> <span class='ocrx_word' id='word_1_147' title='bbox 1135 2135 1394 2207; x_wconf 80' lang='grc' dir='ltr'>ὁρῶντες,</span> <span class='ocrx_word' id='word_1_148' title='bbox 1436 2134 1532 2189; x_wconf 77' lang='grc' dir='ltr'>καὶ</span> <span class='ocrx_word' id='word_1_149' title='bbox 1573 2135 1789 2190; x_wconf 75' lang='grc' dir='ltr'>ἐπαινέ-</span> 
     </span>
    </p>
   </div>
   <div class='ocr_carea' id='block_1_23' title="bbox 188 2227 904 2301">
    <p class='ocr_par' dir='ltr' id='par_1_23' title="bbox 188 2227 904 2301">
     <span class='ocr_line' id='line_1_23' title="bbox 188 2227 904 2301; baseline -0.003 -18"><span class='ocrx_word' id='word_1_150' title='bbox 188 2244 287 2283; x_wconf 82' lang='grc' dir='ltr'>σου</span> <span class='ocrx_word' id='word_1_151' title='bbox 296 2244 350 2281; x_wconf 86' lang='grc' dir='ltr'><strong>σι</strong></span> <span class='ocrx_word' id='word_1_152' title='bbox 386 2229 481 2283; x_wconf 82' lang='grc' dir='ltr'>καὶ</span> <span class='ocrx_word' id='word_1_153' title='bbox 508 2227 904 2301; x_wconf 77' lang='grc' dir='ltr'>ὠφελήσουσιν.</span> 
     </span>
    </p>
   </div>
   <div class='ocr_carea' id='block_1_24' title="bbox 263 2318 1789 2393">
    <p class='ocr_par' dir='ltr' id='par_1_24' title="bbox 263 2318 1789 2393">
     <span class='ocr_line' id='line_1_24' title="bbox 263 2318 1789 2393; baseline 0.002 -20"><span class='ocrx_word' id='word_1_154' title='bbox 263 2318 438 2373; x_wconf 80' lang='lat' dir='ltr'><strong>XVII.</strong></span> <span class='ocrx_word' id='word_1_155' title='bbox 471 2320 699 2389; x_wconf 86' lang='grc' dir='ltr'>Λόγισαι</span> <span class='ocrx_word' id='word_1_156' title='bbox 735 2321 847 2393; x_wconf 88' lang='grc' dir='ltr'><strong>γάρ</strong></span> <span class='ocrx_word' id='word_1_157' title='bbox 883 2337 1003 2392; x_wconf 88' lang='grc' dir='ltr'>μοι,</span> <span class='ocrx_word' id='word_1_158' title='bbox 1036 2319 1213 2383; x_wconf 74' lang='grc' dir='ltr'>πόσας</span> <span class='ocrx_word' id='word_1_159' title='bbox 1241 2318 1547 2391; x_wconf 73' lang='grc' dir='ltr'>ἠμείψαντο</span> <span class='ocrx_word' id='word_1_160' title='bbox 1578 2322 1789 2393; x_wconf 77' lang='grc' dir='ltr'>ἐρωμέ-</span> 
     </span>
    </p>
   </div>
   <div class='ocr_carea' id='block_1_25' title="bbox 188 2406 1788 2483">
    <p class='ocr_par' dir='ltr' id='par_1_25' title="bbox 188 2406 1788 2483">
     <span class='ocr_line' id='line_1_25' title="bbox 188 2406 1788 2483; baseline 0.003 -20"><span class='ocrx_word' id='word_1_161' title='bbox 188 2428 324 2476; x_wconf 78' lang='grc' dir='ltr'>νας’</span> <span class='ocrx_word' id='word_1_162' title='bbox 356 2406 435 2465; x_wconf 83' lang='grc' dir='ltr'>ὧν</span> <span class='ocrx_word' id='word_1_163' title='bbox 460 2410 562 2475; x_wconf 79' lang='grc' dir='ltr'>τὰς</span> <span class='ocrx_word' id='word_1_164' title='bbox 597 2410 697 2482; x_wconf 80' lang='grc' dir='ltr'><strong>μὲν</strong></span> <span class='ocrx_word' id='word_1_165' title='bbox 738 2410 1164 2483; x_wconf 79' lang='grc' dir='ltr'>κατηστέρισαν,</span> <span class='ocrx_word' id='word_1_166' title='bbox 1193 2410 1357 2465; x_wconf 84' lang='grc' dir='ltr'>τινῶν</span> <span class='ocrx_word' id='word_1_167' title='bbox 1403 2411 1460 2467; x_wconf 87' lang='grc' dir='ltr'>δὲ</span> <span class='ocrx_word' id='word_1_168' title='bbox 1497 2412 1592 2465; x_wconf 77' lang='grc' dir='ltr'>καὶ</span> <span class='ocrx_word' id='word_1_169' title='bbox 1623 2414 1788 2468; x_wconf 85' lang='grc' dir='ltr'>τέκνα</span> 
     </span>
    </p>
   </div>
   <div class='ocr_carea' id='block_1_26' title="bbox 187 2503 1787 2579">
    <p class='ocr_par' dir='ltr' id='par_1_26' title="bbox 187 2503 1787 2579">
     <span class='ocr_line' id='line_1_26' title="bbox 187 2503 1787 2579; baseline 0.003 -23"><span class='ocrx_word' id='word_1_170' title='bbox 187 2503 293 2556; x_wconf 78' lang='grc' dir='ltr'><strong>καὶ</strong></span> <span class='ocrx_word' id='word_1_171' title='bbox 320 2503 618 2574; x_wconf 80' lang='grc' dir='ltr'>συνεργοὺς</span> <span class='ocrx_word' id='word_1_172' title='bbox 638 2503 1033 2576; x_wconf 71' lang='grc' dir='ltr'>εὐηργέτησαν.</span> <span class='ocrx_word' id='word_1_173' title='bbox 1067 2504 1277 2558; x_wconf 78' lang='grc' dir='ltr'>Αὐτίκα</span> <span class='ocrx_word' id='word_1_174' title='bbox 1303 2504 1433 2573; x_wconf 84' lang='grc' dir='ltr'>γοῦν</span> <span class='ocrx_word' id='word_1_175' title='bbox 1447 2508 1581 2570; x_wconf 83' lang='grc' dir='ltr'>Ζεὺς</span> <span class='ocrx_word' id='word_1_176' title='bbox 1612 2526 1787 2579; x_wconf 66' lang='grc' dir='ltr'>κατη-</span> 
     </span>
    </p>
   </div>
   <div class='ocr_carea' id='block_1_27' title="bbox 190 2594 1787 2671">
    <p class='ocr_par' dir='ltr' id='par_1_27' title="bbox 190 2594 1787 2671">
     <span class='ocr_line' id='line_1_27' title="bbox 190 2594 1787 2671; baseline 0.004 -25"><span class='ocrx_word' id='word_1_177' title='bbox 190 2594 877 2668; x_wconf 57' lang='grc' dir='ltr'>πέρισενΚαλλιπὼηὴν</span> <span class='ocrx_word' id='word_1_178' title='bbox 896 2594 1199 2667; x_wconf 76' lang='grc' dir='ltr'>λεγομένην</span> <span class='ocrx_word' id='word_1_179' title='bbox 1225 2596 1461 2668; x_wconf 77' lang='grc' dir='ltr'>’Ἄρκτον</span> <span class='ocrx_word' id='word_1_180' title='bbox 1484 2598 1706 2671; x_wconf 73' lang='grc' dir='ltr'>μικρὰν,</span> <span class='ocrx_word' id='word_1_181' title='bbox 1720 2599 1787 2671; x_wconf 79' lang='grc' dir='ltr'>ἦν</span> 
     </span>
    </p>
   </div>
   <div class='ocr_carea' id='block_1_28' title="bbox 188 2687 1779 2763">
    <p class='ocr_par' dir='ltr' id='par_1_28' title="bbox 188 2687 1779 2763">
     <span class='ocr_line' id='line_1_28' title="bbox 188 2687 1779 2763; baseline 0.006 -24"><span class='ocrx_word' id='word_1_182' title='bbox 188 2688 295 2740; x_wconf 81' lang='grc' dir='ltr'><strong>καὶ</strong></span> <span class='ocrx_word' id='word_1_183' title='bbox 318 2687 675 2760; x_wconf 84' lang='grc' dir='ltr'>Κυνόσουραν</span> <span class='ocrx_word' id='word_1_184' title='bbox 700 2689 744 2724; x_wconf 77' lang='grc'><strong>⁸³</strong></span> <span class='ocrx_word' id='word_1_185' title='bbox 782 2688 942 2762; x_wconf 64' lang='grc'><strong>146</strong></span> <span class='ocrx_word' id='word_1_186' title='bbox 973 2690 1438 2763; x_wconf 75' lang='grc' dir='ltr'>προσαγορεύουσι</span> <span class='ocrx_word' id='word_1_187' title='bbox 1472 2710 1619 2756; x_wconf 81' lang='grc' dir='ltr'>τινες</span> <span class='ocrx_word' id='word_1_188' title='bbox 1641 2693 1779 2763; x_wconf 82' lang='lat'><strong>(91)°</strong></span> 
     </span>
    </p>
   </div>
   <div class='ocr_carea' id='block_1_29' title="bbox 189 2779 1789 2855">
    <p class='ocr_par' dir='ltr' id='par_1_29' title="bbox 189 2779 1789 2855">
     <span class='ocr_line' id='line_1_29' title="bbox 189 2779 1789 2855; baseline 0.003 -23"><span class='ocrx_word' id='word_1_189' title='bbox 189 2779 474 2833; x_wconf 76' lang='grc' dir='ltr'>Ποσειδῶν</span> <span class='ocrx_word' id='word_1_190' title='bbox 497 2779 722 2849; x_wconf 76' lang='grc' dir='ltr'>δελφῖνα</span> <span class='ocrx_word' id='word_1_191' title='bbox 735 2780 823 2835; x_wconf 77' lang='grc' dir='ltr'>διὰ</span> <span class='ocrx_word' id='word_1_192' title='bbox 842 2781 941 2852; x_wconf 77' lang='grc' dir='ltr'>τὴν</span> <span class='ocrx_word' id='word_1_193' title='bbox 973 2780 1333 2855; x_wconf 82' lang='grc' dir='ltr'>Ἀμφιτρίτην</span> <span class='ocrx_word' id='word_1_194' title='bbox 1363 2782 1581 2850; x_wconf 76' lang='grc' dir='ltr'>ὲνέταξε</span> <span class='ocrx_word' id='word_1_195' title='bbox 1602 2784 1681 2855; x_wconf 81' lang='grc' dir='ltr'>τῷ</span> <span class='ocrx_word' id='word_1_196' title='bbox 1698 2784 1789 2837; x_wconf 83' lang='grc' dir='ltr'>ού-</span> 
     </span>
    </p>
   </div>
   <div class='ocr_carea' id='block_1_30' title="bbox 191 2868 1789 2947">
    <p class='ocr_par' dir='ltr' id='par_1_30' title="bbox 191 2868 1789 2947">
     <span class='ocr_line' id='line_1_30' title="bbox 191 2868 1789 2947; baseline 0.004 -26"><span class='ocrx_word' id='word_1_197' title='bbox 191 2868 347 2939; x_wconf 83' lang='grc' dir='ltr'>ρανῷ</span> <span class='ocrx_word' id='word_1_198' title='bbox 361 2887 374 2899; x_wconf 90' lang='grc'><strong>·</strong></span> <span class='ocrx_word' id='word_1_199' title='bbox 402 2871 496 2923; x_wconf 86' lang='grc' dir='ltr'><strong>καί</strong></span> <span class='ocrx_word' id='word_1_200' title='bbox 519 2869 870 2942; x_wconf 80' lang='grc' dir='ltr'>Ὧρίωνα,τὸν</span> <span class='ocrx_word' id='word_1_201' title='bbox 887 2871 1171 2945; x_wconf 81' lang='grc' dir='ltr'>Εὐρυάλης</span> <span class='ocrx_word' id='word_1_202' title='bbox 1189 2873 1285 2943; x_wconf 83' lang='grc' dir='ltr'>τῆς</span> <span class='ocrx_word' id='word_1_203' title='bbox 1305 2872 1481 2938; x_wconf 88' lang='grc' dir='ltr'>Μίνω,</span> <span class='ocrx_word' id='word_1_204' title='bbox 1495 2873 1559 2928; x_wconf 82' lang='grc' dir='ltr'>δι’</span> <span class='ocrx_word' id='word_1_205' title='bbox 1581 2875 1789 2947; x_wconf 72' lang='grc' dir='ltr'>Εὐρυάι</span> 
     </span>
    </p>
   </div>
   <div class='ocr_carea' id='block_1_31' title="bbox 187 2961 1786 3036">
    <p class='ocr_par' dir='ltr' id='par_1_31' title="bbox 187 2961 1786 3036">
     <span class='ocr_line' id='line_1_31' title="bbox 187 2961 1786 3036; baseline 0.005 -23"><span class='ocrx_word' id='word_1_206' title='bbox 187 2961 291 3032; x_wconf 83' lang='grc' dir='ltr'><strong>λην</strong></span> <span class='ocrx_word' id='word_1_207' title='bbox 312 2963 414 3034; x_wconf 79' lang='grc' dir='ltr'><strong>τὴν</strong></span> <span class='ocrx_word' id='word_1_208' title='bbox 437 2962 648 3035; x_wconf 84' lang='grc' dir='ltr'>μητέρα</span> <span class='ocrx_word' id='word_1_209' title='bbox 666 2963 775 3017; x_wconf 84' lang='grc' dir='ltr'>τῶν</span> <span class='ocrx_word' id='word_1_210' title='bbox 793 2963 1009 3036; x_wconf 78' lang='grc' dir='ltr'>ἄστρων</span> <span class='ocrx_word' id='word_1_211' title='bbox 1030 2963 1388 3036; x_wconf 81' lang='grc' dir='ltr'>κατηξίωσεν·</span> <span class='ocrx_word' id='word_1_212' title='bbox 1424 2965 1677 3030; x_wconf 88' lang='grc' dir='ltr'>Διόνυσος</span> <span class='ocrx_word' id='word_1_213' title='bbox 1694 2965 1786 3021; x_wconf 76' lang='grc' dir='ltr'><strong>τὸν</strong></span> 
     </span>
    </p>
   </div>
   <div class='ocr_carea' id='block_1_32' title="bbox 202 3050 1785 3128">
    <p class='ocr_par' dir='ltr' id='par_1_32' title="bbox 202 3050 1785 3128">
     <span class='ocr_line' id='line_1_32' title="bbox 202 3050 1785 3128; baseline 0.006 -24"><span class='ocrx_word' id='word_1_214' title='bbox 202 3050 497 3123; x_wconf 77' lang='grc' dir='ltr'>Ἀριάδνης</span> <span class='ocrx_word' id='word_1_215' title='bbox 545 3051 827 3121; x_wconf 79' lang='grc' dir='ltr'>στέφανον.</span> <span class='ocrx_word' id='word_1_216' title='bbox 880 3053 1017 3118; x_wconf 81' lang='grc' dir='ltr'>Ζεὺς</span> <span class='ocrx_word' id='word_1_217' title='bbox 1046 3053 1138 3109; x_wconf 77' lang='grc' dir='ltr'><strong>τὸν</strong></span> <span class='ocrx_word' id='word_1_218' title='bbox 1171 3055 1330 3109; x_wconf 81' lang='grc' dir='ltr'>ἀετὸν</span> <span class='ocrx_word' id='word_1_219' title='bbox 1370 3058 1785 3128; x_wconf 79' lang='grc' dir='ltr'>συνεργήσαντα</span> 
     </span>
    </p>
   </div>
   <div class='ocr_carea' id='block_1_33' title="bbox 1904 558 3483 634">
    <p class='ocr_par' dir='ltr' id='par_1_33' title="bbox 1904 558 3483 634">
     <span class='ocr_line' id='line_1_33' title="bbox 1904 558 3483 634; baseline 0 -19"><span class='ocrx_word' id='word_1_220' title='bbox 1904 560 2238 627; x_wconf 74' lang='lat' dir='ltr'><strong>Petniensis,</strong></span> <span class='ocrx_word' id='word_1_221' title='bbox 2264 560 2465 634; x_wconf 85' lang='lat' dir='ltr'><strong>Orphei</strong></span> <span class='ocrx_word' id='word_1_222' title='bbox 2490 580 2504 629; x_wconf 91' lang='lat'><strong>;</strong></span> <span class='ocrx_word' id='word_1_223' title='bbox 2533 560 2783 616; x_wconf 87' lang='lat' dir='ltr'><strong>Bacchus</strong></span> <span class='ocrx_word' id='word_1_224' title='bbox 2804 575 2933 617; x_wconf 89' lang='lat' dir='ltr'><strong>vero</strong></span> <span class='ocrx_word' id='word_1_225' title='bbox 2955 558 3233 626; x_wconf 87' lang='lat' dir='ltr'><strong>Laonidis,</strong></span> <span class='ocrx_word' id='word_1_226' title='bbox 3250 562 3483 632; x_wconf 84' lang='lat' dir='ltr'><strong>Ampeli,</strong></span> 
     </span>
    </p>
   </div>
   <div class='ocr_carea' id='block_1_34' title="bbox 1902 651 3487 726">
    <p class='ocr_par' dir='ltr' id='par_1_34' title="bbox 1902 651 3487 726">
     <span class='ocr_line' id='line_1_34' title="bbox 1902 651 3487 726; baseline 0.002 -19"><span class='ocrx_word' id='word_1_227' title='bbox 1902 652 2209 726; x_wconf 66' lang='lat' dir='ltr'><strong>Hymenmi,</strong></span> <span class='ocrx_word' id='word_1_228' title='bbox 2236 653 2698 725; x_wconf 82' lang='lat' dir='ltr'><strong>Herinaphroditi,</strong></span> <span class='ocrx_word' id='word_1_229' title='bbox 2722 653 2987 720; x_wconf 91' lang='lat' dir='ltr'><strong>Achillis;</strong></span> <span class='ocrx_word' id='word_1_230' title='bbox 3020 651 3371 723; x_wconf 66' lang='lat' dir='ltr'><strong>Eseulapius</strong></span> <span class='ocrx_word' id='word_1_231' title='bbox 3395 671 3487 710; x_wconf 89' lang='lat' dir='ltr'><strong>au-</strong></span> 
     </span>
    </p>
   </div>
   <div class='ocr_carea' id='block_1_35' title="bbox 1900 744 3482 817">
    <p class='ocr_par' dir='ltr' id='par_1_35' title="bbox 1900 744 3482 817">
     <span class='ocr_line' id='line_1_35' title="bbox 1900 744 3482 817; baseline 0.001 -16"><span class='ocrx_word' id='word_1_232' title='bbox 1900 756 2010 801; x_wconf 89' lang='lat' dir='ltr'><strong>tem</strong></span> <span class='ocrx_word' id='word_1_233' title='bbox 2044 745 2361 817; x_wconf 72' lang='lat' dir='ltr'><strong>Hippolyti;</strong></span> <span class='ocrx_word' id='word_1_234' title='bbox 2418 744 2699 801; x_wconf 83' lang='lat' dir='ltr'><strong>Vulcanus</strong></span> <span class='ocrx_word' id='word_1_235' title='bbox 2750 744 2939 812; x_wconf 85' lang='lat' dir='ltr'><strong>Pelei;</strong></span> <span class='ocrx_word' id='word_1_236' title='bbox 2980 744 3092 799; x_wconf 89' lang='lat' dir='ltr'><strong>Pan</strong></span> <span class='ocrx_word' id='word_1_237' title='bbox 3146 745 3482 816; x_wconf 84' lang='lat' dir='ltr'><strong>Daphnidis;</strong></span> 
     </span>
    </p>
   </div>
   <div class='ocr_carea' id='block_1_36' title="bbox 1900 833 3486 908">
    <p class='ocr_par' dir='ltr' id='par_1_36' title="bbox 1900 833 3486 908">
     <span class='ocr_line' id='line_1_36' title="bbox 1900 833 3486 908; baseline -0.001 -15"><span class='ocrx_word' id='word_1_238' title='bbox 1900 846 1956 893; x_wconf 88' lang='lat' dir='ltr'><strong>at</strong></span> <span class='ocrx_word' id='word_1_239' title='bbox 1983 837 2286 893; x_wconf 85' lang='lat' dir='ltr'><strong>Mercurius</strong></span> <span class='ocrx_word' id='word_1_240' title='bbox 2311 837 2520 903; x_wconf 84' lang='lat' dir='ltr'><strong>Persei,</strong></span> <span class='ocrx_word' id='word_1_241' title='bbox 2546 835 2796 908; x_wconf 64' lang='lat' dir='ltr'><strong>Chrysai,</strong></span> <span class='ocrx_word' id='word_1_242' title='bbox 2826 836 3050 900; x_wconf 90' lang='lat' dir='ltr'><strong>Thersi,</strong></span> <span class='ocrx_word' id='word_1_243' title='bbox 3078 833 3274 907; x_wconf 89' lang='lat' dir='ltr'><strong>Odrysi</strong></span> <span class='ocrx_word' id='word_1_244' title='bbox 3300 855 3315 905; x_wconf 90' lang='lat'><strong>;</strong></span> <span class='ocrx_word' id='word_1_245' title='bbox 3350 836 3486 891; x_wconf 89' lang='lat' dir='ltr'><strong>Her-</strong></span> 
     </span>
    </p>
   </div>
   <div class='ocr_carea' id='block_1_37' title="bbox 1899 926 3480 999">
    <p class='ocr_par' dir='ltr' id='par_1_37' title="bbox 1899 926 3480 999">
     <span class='ocr_line' id='line_1_37' title="bbox 1899 926 3480 999; baseline 0 -14"><span class='ocrx_word' id='word_1_246' title='bbox 1899 930 2050 985; x_wconf 88' lang='lat' dir='ltr'><strong>cules</strong></span> <span class='ocrx_word' id='word_1_247' title='bbox 2076 928 2312 999; x_wconf 82' lang='lat' dir='ltr'><strong>denique</strong></span> <span class='ocrx_word' id='word_1_248' title='bbox 2340 929 2572 995; x_wconf 85' lang='lat' dir='ltr'><strong>Abderi,</strong></span> <span class='ocrx_word' id='word_1_249' title='bbox 2606 928 2860 999; x_wconf 87' lang='lat' dir='ltr'><strong>Dryopis,</strong></span> <span class='ocrx_word' id='word_1_250' title='bbox 2892 926 3116 995; x_wconf 75' lang='lat' dir='ltr'><strong>locasti,</strong></span> <span class='ocrx_word' id='word_1_251' title='bbox 3137 927 3480 997; x_wconf 82' lang='lat' dir='ltr'><strong>Philoctctis,</strong></span> 
     </span>
    </p>
   </div>
   <div class='ocr_carea' id='block_1_38' title="bbox 1899 1017 3483 1093">
    <p class='ocr_par' dir='ltr' id='par_1_38' title="bbox 1899 1017 3483 1093">
     <span class='ocr_line' id='line_1_38' title="bbox 1899 1017 3483 1093; baseline -0.001 -18"><span class='ocrx_word' id='word_1_252' title='bbox 1899 1021 2079 1092; x_wconf 57' lang='lat' dir='ltr'><strong>Hylas,</strong></span> <span class='ocrx_word' id='word_1_253' title='bbox 2129 1019 2489 1092; x_wconf 79' lang='lat' dir='ltr'><strong>Polyphemi,</strong></span> <span class='ocrx_word' id='word_1_254' title='bbox 2523 1017 2835 1077; x_wconf 72' lang='lat' dir='ltr'><strong>Haamonis.</strong></span> <span class='ocrx_word' id='word_1_255' title='bbox 2871 1017 3051 1074; x_wconf 91' lang='lat' dir='ltr'><strong>Choni</strong></span> <span class='ocrx_word' id='word_1_256' title='bbox 3095 1027 3261 1089; x_wconf 88' lang='lat' dir='ltr'><strong>atque</strong></span> <span class='ocrx_word' id='word_1_257' title='bbox 3306 1019 3483 1093; x_wconf 87' lang='lat' dir='ltr'><strong>Eury-</strong></span> 
     </span>
    </p>
   </div>
   <div class='ocr_carea' id='block_1_39' title="bbox 1896 1111 2059 1168">
    <p class='ocr_par' dir='ltr' id='par_1_39' title="bbox 1896 1111 2059 1168">
     <span class='ocr_line' id='line_1_39' title="bbox 1896 1111 2059 1168; baseline -0.018 0"><span class='ocrx_word' id='word_1_258' title='bbox 1896 1111 2059 1168; x_wconf 86' lang='lat' dir='ltr'><strong>sthei.</strong></span> 
     </span>
    </p>
   </div>
   <div class='ocr_carea' id='block_1_40' title="bbox 1964 1199 3477 1273">
    <p class='ocr_par' dir='ltr' id='par_1_40' title="bbox 1964 1199 3477 1273">
     <span class='ocr_line' id='line_1_40' title="bbox 1964 1199 3477 1273; baseline -0.001 -16"><span class='ocrx_word' id='word_1_259' title='bbox 1964 1200 2107 1258; x_wconf 83' lang='lat' dir='ltr'><strong>XVI.</strong></span> <span class='ocrx_word' id='word_1_260' title='bbox 2134 1199 2391 1258; x_wconf 91' lang='lat' dir='ltr'><strong>Omnium</strong></span> <span class='ocrx_word' id='word_1_261' title='bbox 2441 1204 2627 1273; x_wconf 90' lang='lat' dir='ltr'><strong>itaque</strong></span> <span class='ocrx_word' id='word_1_262' title='bbox 2666 1201 3027 1258; x_wconf 89' lang='lat' dir='ltr'><strong>illustriorum</strong></span> <span class='ocrx_word' id='word_1_263' title='bbox 3078 1200 3311 1257; x_wconf 88' lang='lat' dir='ltr'><strong>deorum</strong></span> <span class='ocrx_word' id='word_1_264' title='bbox 3375 1203 3477 1256; x_wconf 89' lang='lat' dir='ltr'><strong>tibi</strong></span> 
     </span>
    </p>
   </div>
   <div class='ocr_carea' id='block_1_41' title="bbox 1895 1294 3483 1366">
    <p class='ocr_par' dir='ltr' id='par_1_41' title="bbox 1895 1294 3483 1366">
     <span class='ocr_line' id='line_1_41' title="bbox 1895 1294 3483 1366; baseline 0 -17"><span class='ocrx_word' id='word_1_265' title='bbox 1895 1310 2111 1349; x_wconf 91' lang='lat' dir='ltr'><strong>amores</strong></span> <span class='ocrx_word' id='word_1_266' title='bbox 2134 1310 2199 1349; x_wconf 86' lang='lat' dir='ltr'><strong>ex</strong></span> <span class='ocrx_word' id='word_1_267' title='bbox 2224 1307 2378 1366; x_wconf 88' lang='lat' dir='ltr'><strong>parte</strong></span> <span class='ocrx_word' id='word_1_268' title='bbox 2407 1294 2689 1366; x_wconf 85' lang='lat' dir='ltr'><strong>proposui,</strong></span> <span class='ocrx_word' id='word_1_269' title='bbox 2717 1294 3070 1360; x_wconf 86' lang='lat' dir='ltr'><strong>charissima,</strong></span> <span class='ocrx_word' id='word_1_270' title='bbox 3099 1303 3157 1349; x_wconf 91' lang='lat' dir='ltr'><strong>ut</strong></span> <span class='ocrx_word' id='word_1_271' title='bbox 3209 1309 3483 1364; x_wconf 81' lang='lat' dir='ltr'><strong>agnosce-</strong></span> 
     </span>
    </p>
   </div>
   <div class='ocr_carea' id='block_1_42' title="bbox 1893 1385 3480 1457">
    <p class='ocr_par' dir='ltr' id='par_1_42' title="bbox 1893 1385 3480 1457">
     <span class='ocr_line' id='line_1_42' title="bbox 1893 1385 3480 1457; baseline -0.001 -17"><span class='ocrx_word' id='word_1_272' title='bbox 1893 1401 2003 1452; x_wconf 87' lang='lat' dir='ltr'><strong>res,</strong></span> <span class='ocrx_word' id='word_1_273' title='bbox 2027 1387 2166 1457; x_wconf 89' lang='lat' dir='ltr'><strong>apud</strong></span> <span class='ocrx_word' id='word_1_274' title='bbox 2193 1388 2339 1442; x_wconf 88' lang='lat' dir='ltr'><strong>solos</strong></span> <span class='ocrx_word' id='word_1_275' title='bbox 2361 1388 2613 1442; x_wconf 86' lang='lat' dir='ltr'><strong>homines</strong></span> <span class='ocrx_word' id='word_1_276' title='bbox 2636 1385 2865 1443; x_wconf 88' lang='lat' dir='ltr'><strong>stolidos</strong></span> <span class='ocrx_word' id='word_1_277' title='bbox 2888 1385 3021 1441; x_wconf 90' lang='lat' dir='ltr'><strong>oriri</strong></span> <span class='ocrx_word' id='word_1_278' title='bbox 3050 1401 3113 1440; x_wconf 91' lang='lat' dir='ltr'><strong>ea</strong></span> <span class='ocrx_word' id='word_1_279' title='bbox 3139 1400 3207 1441; x_wconf 80' lang='lat' dir='ltr'><strong>ex</strong></span> <span class='ocrx_word' id='word_1_280' title='bbox 3246 1402 3305 1439; x_wconf 86' lang='lat' dir='ltr'><strong>re</strong></span> <span class='ocrx_word' id='word_1_281' title='bbox 3333 1386 3480 1441; x_wconf 89' lang='lat' dir='ltr'><strong>zelo-</strong></span> 
     </span>
    </p>
   </div>
   <div class='ocr_carea' id='block_1_43' title="bbox 1893 1476 3481 1549">
    <p class='ocr_par' dir='ltr' id='par_1_43' title="bbox 1893 1476 3481 1549">
     <span class='ocr_line' id='line_1_43' title="bbox 1893 1476 3481 1549; baseline 0 -18"><span class='ocrx_word' id='word_1_282' title='bbox 1893 1477 2119 1549; x_wconf 88' lang='lat' dir='ltr'><strong>typiam.</strong></span> <span class='ocrx_word' id='word_1_283' title='bbox 2152 1476 2332 1545; x_wconf 85' lang='lat' dir='ltr'><strong>Quare</strong></span> <span class='ocrx_word' id='word_1_284' title='bbox 2353 1487 2407 1533; x_wconf 92' lang='lat' dir='ltr'><strong>et</strong></span> <span class='ocrx_word' id='word_1_285' title='bbox 2450 1478 2710 1533; x_wconf 78' lang='lat' dir='ltr'><strong>mortales</strong></span> <span class='ocrx_word' id='word_1_286' title='bbox 2733 1484 2882 1543; x_wconf 90' lang='lat' dir='ltr'><strong>sunt,</strong></span> <span class='ocrx_word' id='word_1_287' title='bbox 2909 1478 3191 1546; x_wconf 83' lang='lat' dir='ltr'><strong>vitamque</strong></span> <span class='ocrx_word' id='word_1_288' title='bbox 3223 1477 3275 1530; x_wconf 93' lang='lat' dir='ltr'><strong>in</strong></span> <span class='ocrx_word' id='word_1_289' title='bbox 3308 1478 3481 1532; x_wconf 91' lang='lat' dir='ltr'><strong>tristi-</strong></span> 
     </span>
    </p>
   </div>
   <div class='ocr_carea' id='block_1_44' title="bbox 1893 1568 3477 1641">
    <p class='ocr_par' dir='ltr' id='par_1_44' title="bbox 1893 1568 3477 1641">
     <span class='ocr_line' id='line_1_44' title="bbox 1893 1568 3477 1641; baseline -0.001 -17"><span class='ocrx_word' id='word_1_290' title='bbox 1893 1569 1969 1624; x_wconf 87' lang='lat' dir='ltr'><strong>tia</strong></span> <span class='ocrx_word' id='word_1_291' title='bbox 1997 1570 2313 1641; x_wconf 79' lang='lat' dir='ltr'><strong>transigunt</strong></span> <span class='ocrx_word' id='word_1_292' title='bbox 2343 1589 2356 1625; x_wconf 90' lang='lat'><strong>:</strong></span> <span class='ocrx_word' id='word_1_293' title='bbox 2390 1570 2519 1641; x_wconf 87' lang='lat' dir='ltr'><strong>quia</strong></span> <span class='ocrx_word' id='word_1_294' title='bbox 2549 1586 2673 1641; x_wconf 73' lang='lat' dir='ltr'><strong>quae</strong></span> <span class='ocrx_word' id='word_1_295' title='bbox 2716 1586 2747 1625; x_wconf 88' lang='lat' dir='ltr'><strong>a</strong></span> <span class='ocrx_word' id='word_1_296' title='bbox 2795 1569 2902 1624; x_wconf 88' lang='lat' dir='ltr'><strong>diis</strong></span> <span class='ocrx_word' id='word_1_297' title='bbox 2937 1568 3261 1640; x_wconf 89' lang='lat' dir='ltr'><strong>judicantur</strong></span> <span class='ocrx_word' id='word_1_298' title='bbox 3311 1569 3477 1634; x_wconf 89' lang='lat' dir='ltr'><strong>bona,</strong></span> 
     </span>
    </p>
   </div>
   <div class='ocr_carea' id='block_1_45' title="bbox 1891 1655 3482 1731">
    <p class='ocr_par' dir='ltr' id='par_1_45' title="bbox 1891 1655 3482 1731">
     <span class='ocr_line' id='line_1_45' title="bbox 1891 1655 3482 1731; baseline -0.004 -16"><span class='ocrx_word' id='word_1_299' title='bbox 1891 1660 1995 1731; x_wconf 85' lang='lat' dir='ltr'><strong>ipsi</strong></span> <span class='ocrx_word' id='word_1_300' title='bbox 2022 1662 2138 1716; x_wconf 82' lang='lat' dir='ltr'><strong>zelo</strong></span> <span class='ocrx_word' id='word_1_301' title='bbox 2168 1676 2270 1716; x_wconf 89' lang='lat' dir='ltr'><strong>suo</strong></span> <span class='ocrx_word' id='word_1_302' title='bbox 2297 1660 2446 1715; x_wconf 92' lang='lat' dir='ltr'><strong>ducti</strong></span> <span class='ocrx_word' id='word_1_303' title='bbox 2467 1661 2609 1713; x_wconf 88' lang='lat' dir='ltr'><strong>mala</strong></span> <span class='ocrx_word' id='word_1_304' title='bbox 2629 1674 2751 1715; x_wconf 87' lang='lat' dir='ltr'><strong>esse</strong></span> <span class='ocrx_word' id='word_1_305' title='bbox 2786 1664 3032 1714; x_wconf 86' lang='lat' dir='ltr'><strong>censent.</strong></span> <span class='ocrx_word' id='word_1_306' title='bbox 3106 1656 3275 1727; x_wconf 85' lang='lat' dir='ltr'><strong>Igitur</strong></span> <span class='ocrx_word' id='word_1_307' title='bbox 3324 1655 3482 1711; x_wconf 86' lang='lat' dir='ltr'><strong>dein-</strong></span> 
     </span>
    </p>
   </div>
   <div class='ocr_carea' id='block_1_46' title="bbox 1892 1745 3478 1823">
    <p class='ocr_par' dir='ltr' id='par_1_46' title="bbox 1892 1745 3478 1823">
     <span class='ocr_line' id='line_1_46' title="bbox 1892 1745 3478 1823; baseline -0.006 -13"><span class='ocrx_word' id='word_1_308' title='bbox 1892 1768 2021 1823; x_wconf 86' lang='lat' dir='ltr'><strong>ceps</strong></span> <span class='ocrx_word' id='word_1_309' title='bbox 2050 1752 2159 1807; x_wconf 82' lang='lat' dir='ltr'><strong>eris</strong></span> <span class='ocrx_word' id='word_1_310' title='bbox 2180 1753 2360 1819; x_wconf 89' lang='lat' dir='ltr'><strong>beata,</strong></span> <span class='ocrx_word' id='word_1_311' title='bbox 2380 1751 2427 1807; x_wconf 91' lang='lat' dir='ltr'><strong>si</strong></span> <span class='ocrx_word' id='word_1_312' title='bbox 2455 1752 2587 1807; x_wconf 91' lang='lat' dir='ltr'><strong>deos</strong></span> <span class='ocrx_word' id='word_1_313' title='bbox 2618 1750 2871 1816; x_wconf 88' lang='lat' dir='ltr'><strong>imiteris,</strong></span> <span class='ocrx_word' id='word_1_314' title='bbox 2890 1764 2999 1803; x_wconf 92' lang='lat' dir='ltr'><strong>non</strong></span> <span class='ocrx_word' id='word_1_315' title='bbox 3033 1748 3307 1803; x_wconf 85' lang='lat' dir='ltr'><strong>homines.</strong></span> <span class='ocrx_word' id='word_1_316' title='bbox 3340 1745 3478 1801; x_wconf 86' lang='lat' dir='ltr'><strong>Nam</strong></span> 
     </span>
    </p>
   </div>
   <div class='ocr_carea' id='block_1_47' title="bbox 1895 1840 3477 1914">
    <p class='ocr_par' dir='ltr' id='par_1_47' title="bbox 1895 1840 3477 1914">
     <span class='ocr_line' id='line_1_47' title="bbox 1895 1840 3477 1914; baseline -0.006 -14"><span class='ocrx_word' id='word_1_317' title='bbox 1895 1845 2166 1909; x_wconf 86' lang='lat' dir='ltr'><strong>homines,</strong></span> <span class='ocrx_word' id='word_1_318' title='bbox 2193 1843 2374 1899; x_wconf 87' lang='lat' dir='ltr'><strong>intuiti</strong></span> <span class='ocrx_word' id='word_1_319' title='bbox 2404 1852 2454 1898; x_wconf 89' lang='lat' dir='ltr'><strong>te</strong></span> <span class='ocrx_word' id='word_1_320' title='bbox 2478 1858 2698 1899; x_wconf 86' lang='lat' dir='ltr'><strong>servare</strong></span> <span class='ocrx_word' id='word_1_321' title='bbox 2720 1857 2885 1914; x_wconf 90' lang='lat' dir='ltr'><strong>quam</strong></span> <span class='ocrx_word' id='word_1_322' title='bbox 2914 1850 3110 1912; x_wconf 89' lang='lat' dir='ltr'><strong>putant</strong></span> <span class='ocrx_word' id='word_1_323' title='bbox 3138 1840 3477 1905; x_wconf 81' lang='lat' dir='ltr'><strong>castitatem,</strong></span> 
     </span>
    </p>
   </div>
   <div class='ocr_carea' id='block_1_48' title="bbox 1892 1934 3479 2008">
    <p class='ocr_par' dir='ltr' id='par_1_48' title="bbox 1892 1934 3479 2008">
     <span class='ocr_line' id='line_1_48' title="bbox 1892 1934 3479 2008; baseline -0.004 -16"><span class='ocrx_word' id='word_1_324' title='bbox 1892 1946 2116 2008; x_wconf 86' lang='lat' dir='ltr'><strong>propter</strong></span> <span class='ocrx_word' id='word_1_325' title='bbox 2152 1936 2404 1992; x_wconf 67' lang='lat' dir='ltr'><strong>allectum</strong></span> <span class='ocrx_word' id='word_1_326' title='bbox 2430 1936 2711 2007; x_wconf 91' lang='lat' dir='ltr'><strong>proprium</strong></span> <span class='ocrx_word' id='word_1_327' title='bbox 2735 1935 2963 1991; x_wconf 89' lang='lat' dir='ltr'><strong>laudant</strong></span> <span class='ocrx_word' id='word_1_328' title='bbox 2994 1934 3241 2005; x_wconf 86' lang='lat' dir='ltr'><strong>quidem,</strong></span> <span class='ocrx_word' id='word_1_329' title='bbox 3270 1942 3326 1987; x_wconf 89' lang='lat' dir='ltr'><strong>at</strong></span> <span class='ocrx_word' id='word_1_330' title='bbox 3368 1946 3479 1986; x_wconf 94' lang='lat' dir='ltr'><strong>non</strong></span> 
     </span>
    </p>
   </div>
   <div class='ocr_carea' id='block_1_49' title="bbox 1892 2024 3477 2101">
    <p class='ocr_par' dir='ltr' id='par_1_49' title="bbox 1892 2024 3477 2101">
     <span class='ocr_line' id='line_1_49' title="bbox 1892 2024 3477 2101; baseline -0.006 -15"><span class='ocrx_word' id='word_1_331' title='bbox 1892 2032 2152 2101; x_wconf 84' lang='lat' dir='ltr'><strong>adjuvant</strong></span> <span class='ocrx_word' id='word_1_332' title='bbox 2176 2049 2190 2086; x_wconf 90' lang='lat'><strong>:</strong></span> <span class='ocrx_word' id='word_1_333' title='bbox 2214 2030 2290 2085; x_wconf 92' lang='lat' dir='ltr'><strong>dii</strong></span> <span class='ocrx_word' id='word_1_334' title='bbox 2317 2046 2470 2097; x_wconf 90' lang='lat' dir='ltr'><strong>vero,</strong></span> <span class='ocrx_word' id='word_1_335' title='bbox 2494 2045 2620 2085; x_wconf 92' lang='lat' dir='ltr'><strong>cum</strong></span> <span class='ocrx_word' id='word_1_336' title='bbox 2645 2036 2698 2085; x_wconf 91' lang='lat' dir='ltr'><strong>te</strong></span> <span class='ocrx_word' id='word_1_337' title='bbox 2724 2028 3053 2100; x_wconf 85' lang='lat' dir='ltr'><strong>spectabunt</strong></span> <span class='ocrx_word' id='word_1_338' title='bbox 3077 2027 3183 2083; x_wconf 91' lang='lat' dir='ltr'><strong>sibi</strong></span> <span class='ocrx_word' id='word_1_339' title='bbox 3217 2024 3477 2088; x_wconf 86' lang='lat' dir='ltr'><strong>similem,</strong></span> 
     </span>
    </p>
   </div>
   <div class='ocr_carea' id='block_1_50' title="bbox 1892 2120 2922 2193">
    <p class='ocr_par' dir='ltr' id='par_1_50' title="bbox 1892 2120 2922 2193">
     <span class='ocr_line' id='line_1_50' title="bbox 1892 2120 2922 2193; baseline -0.005 -13"><span class='ocrx_word' id='word_1_340' title='bbox 1892 2123 2058 2180; x_wconf 87' lang='lat' dir='ltr'><strong>simul</strong></span> <span class='ocrx_word' id='word_1_341' title='bbox 2092 2122 2390 2178; x_wconf 90' lang='lat' dir='ltr'><strong>laudabunt</strong></span> <span class='ocrx_word' id='word_1_342' title='bbox 2428 2137 2493 2179; x_wconf 87' lang='lat' dir='ltr'><strong>ac</strong></span> <span class='ocrx_word' id='word_1_343' title='bbox 2523 2137 2680 2193; x_wconf 84' lang='lat' dir='ltr'><strong>opem</strong></span> <span class='ocrx_word' id='word_1_344' title='bbox 2724 2120 2922 2178; x_wconf 79' lang='lat' dir='ltr'><strong>ferent.</strong></span> 
     </span>
    </p>
   </div>
   <div class='ocr_carea' id='block_1_51' title="bbox 1962 2319 3473 2391">
    <p class='ocr_par' dir='ltr' id='par_1_51' title="bbox 1962 2319 3473 2391">
     <span class='ocr_line' id='line_1_51' title="bbox 1962 2319 3473 2391; baseline -0.001 -16"><span class='ocrx_word' id='word_1_345' title='bbox 1962 2319 2123 2375; x_wconf 77' lang='lat' dir='ltr'><strong>XVII.</strong></span> <span class='ocrx_word' id='word_1_346' title='bbox 2160 2319 2351 2391; x_wconf 83' lang='lat' dir='ltr'><strong>Cogita</strong></span> <span class='ocrx_word' id='word_1_347' title='bbox 2401 2320 2545 2375; x_wconf 91' lang='lat' dir='ltr'><strong>enim</strong></span> <span class='ocrx_word' id='word_1_348' title='bbox 2578 2319 2735 2383; x_wconf 86' lang='lat' dir='ltr'><strong>mihi,</strong></span> <span class='ocrx_word' id='word_1_349' title='bbox 2766 2335 2932 2389; x_wconf 87' lang='lat' dir='ltr'><strong>quam</strong></span> <span class='ocrx_word' id='word_1_350' title='bbox 2968 2319 3171 2374; x_wconf 91' lang='lat' dir='ltr'><strong>multas</strong></span> <span class='ocrx_word' id='word_1_351' title='bbox 3229 2332 3473 2373; x_wconf 87' lang='lat' dir='ltr'><strong>remune-</strong></span> 
     </span>
    </p>
   </div>
   <div class='ocr_carea' id='block_1_52' title="bbox 1890 2410 3468 2481">
    <p class='ocr_par' dir='ltr' id='par_1_52' title="bbox 1890 2410 3468 2481">
     <span class='ocr_line' id='line_1_52' title="bbox 1890 2410 3468 2481; baseline -0.002 -15"><span class='ocrx_word' id='word_1_352' title='bbox 1890 2412 1994 2466; x_wconf 84' lang='lat' dir='ltr'><strong>rati</strong></span> <span class='ocrx_word' id='word_1_353' title='bbox 2024 2412 2233 2466; x_wconf 86' lang='lat' dir='ltr'><strong>fuerint</strong></span> <span class='ocrx_word' id='word_1_354' title='bbox 2266 2411 2472 2467; x_wconf 87' lang='lat' dir='ltr'><strong>amicas</strong></span> <span class='ocrx_word' id='word_1_355' title='bbox 2499 2431 2513 2466; x_wconf 88' lang='lat'><strong>:</strong></span> <span class='ocrx_word' id='word_1_356' title='bbox 2544 2428 2610 2465; x_wconf 81' lang='lat' dir='ltr'><strong>ex</strong></span> <span class='ocrx_word' id='word_1_357' title='bbox 2655 2413 2855 2480; x_wconf 78' lang='lat' dir='ltr'><strong>quibus</strong></span> <span class='ocrx_word' id='word_1_358' title='bbox 2880 2410 3017 2467; x_wconf 90' lang='lat' dir='ltr'><strong>alias</strong></span> <span class='ocrx_word' id='word_1_359' title='bbox 3046 2411 3270 2481; x_wconf 85' lang='lat' dir='ltr'><strong>quidem</strong></span> <span class='ocrx_word' id='word_1_360' title='bbox 3318 2420 3468 2464; x_wconf 86' lang='lat' dir='ltr'><strong>retu-</strong></span> 
     </span>
    </p>
   </div>
   <div class='ocr_carea' id='block_1_53' title="bbox 1891 2502 3469 2568">
    <p class='ocr_par' dir='ltr' id='par_1_53' title="bbox 1891 2502 3469 2568">
     <span class='ocr_line' id='line_1_53' title="bbox 1891 2502 3469 2568; baseline -0.001 -10"><span class='ocrx_word' id='word_1_361' title='bbox 1891 2504 2071 2558; x_wconf 84' lang='lat' dir='ltr'><strong>lerunt</strong></span> <span class='ocrx_word' id='word_1_362' title='bbox 2099 2504 2151 2558; x_wconf 91' lang='lat' dir='ltr'><strong>in</strong></span> <span class='ocrx_word' id='word_1_363' title='bbox 2183 2519 2473 2559; x_wconf 85' lang='lat' dir='ltr'><strong>numerum</strong></span> <span class='ocrx_word' id='word_1_364' title='bbox 2508 2503 2815 2568; x_wconf 79' lang='lat' dir='ltr'><strong>stellarum,</strong></span> <span class='ocrx_word' id='word_1_365' title='bbox 2842 2503 3075 2557; x_wconf 90' lang='lat' dir='ltr'><strong>aliarum</strong></span> <span class='ocrx_word' id='word_1_366' title='bbox 3100 2517 3228 2557; x_wconf 89' lang='lat' dir='ltr'><strong>vero</strong></span> <span class='ocrx_word' id='word_1_367' title='bbox 3253 2511 3306 2557; x_wconf 91' lang='lat' dir='ltr'><strong>et</strong></span> <span class='ocrx_word' id='word_1_368' title='bbox 3332 2502 3469 2557; x_wconf 89' lang='lat' dir='ltr'><strong>libe-</strong></span> 
     </span>
    </p>
   </div>
   <div class='ocr_carea' id='block_1_54' title="bbox 1890 2592 3474 2665">
    <p class='ocr_par' dir='ltr' id='par_1_54' title="bbox 1890 2592 3474 2665">
     <span class='ocr_line' id='line_1_54' title="bbox 1890 2592 3474 2665; baseline -0.001 -16"><span class='ocrx_word' id='word_1_369' title='bbox 1890 2611 1981 2651; x_wconf 90' lang='lat' dir='ltr'><strong>ros</strong></span> <span class='ocrx_word' id='word_1_370' title='bbox 2024 2606 2078 2651; x_wconf 92' lang='lat' dir='ltr'><strong>et</strong></span> <span class='ocrx_word' id='word_1_371' title='bbox 2130 2594 2409 2665; x_wconf 87' lang='lat' dir='ltr'><strong>adjutores</strong></span> <span class='ocrx_word' id='word_1_372' title='bbox 2450 2594 2733 2649; x_wconf 92' lang='lat' dir='ltr'><strong>beneﬁciis</strong></span> <span class='ocrx_word' id='word_1_373' title='bbox 2782 2594 3101 2651; x_wconf 82' lang='lat' dir='ltr'><strong>aﬁ‘ecerunt.</strong></span> <span class='ocrx_word' id='word_1_374' title='bbox 3169 2592 3291 2648; x_wconf 86' lang='lat' dir='ltr'><strong>Jam</strong></span> <span class='ocrx_word' id='word_1_375' title='bbox 3340 2610 3474 2665; x_wconf 79' lang='lat' dir='ltr'><strong>ergo</strong></span> 
     </span>
    </p>
   </div>
   <div class='ocr_carea' id='block_1_55' title="bbox 1890 2684 3477 2759">
    <p class='ocr_par' dir='ltr' id='par_1_55' title="bbox 1890 2684 3477 2759">
     <span class='ocr_line' id='line_1_55' title="bbox 1890 2684 3477 2759; baseline -0.002 -16"><span class='ocrx_word' id='word_1_376' title='bbox 1890 2688 2102 2759; x_wconf 86' lang='lat' dir='ltr'><strong>Jupiter</strong></span> <span class='ocrx_word' id='word_1_377' title='bbox 2133 2688 2487 2744; x_wconf 84' lang='lat' dir='ltr'><strong>Callistonem</strong></span> <span class='ocrx_word' id='word_1_378' title='bbox 2519 2688 2730 2744; x_wconf 83' lang='lat' dir='ltr'><strong>stellam</strong></span> <span class='ocrx_word' id='word_1_379' title='bbox 2756 2686 2904 2754; x_wconf 82' lang='lat' dir='ltr'><strong>fecit,</strong></span> <span class='ocrx_word' id='word_1_380' title='bbox 2936 2702 3060 2757; x_wconf 72' lang='lat' dir='ltr'><strong>qua:</strong></span> <span class='ocrx_word' id='word_1_381' title='bbox 3082 2696 3308 2740; x_wconf 85' lang='lat' dir='ltr'><strong>vocatur</strong></span> <span class='ocrx_word' id='word_1_382' title='bbox 3340 2684 3477 2741; x_wconf 87' lang='lat' dir='ltr'><strong>Ursa</strong></span> 
     </span>
    </p>
   </div>
   <div class='ocr_carea' id='block_1_56' title="bbox 1889 2776 3474 2850">
    <p class='ocr_par' dir='ltr' id='par_1_56' title="bbox 1889 2776 3474 2850">
     <span class='ocr_line' id='line_1_56' title="bbox 1889 2776 3474 2850; baseline -0.001 -17"><span class='ocrx_word' id='word_1_383' title='bbox 1889 2781 2093 2844; x_wconf 90' lang='lat' dir='ltr'><strong>minor,</strong></span> <span class='ocrx_word' id='word_1_384' title='bbox 2134 2795 2410 2850; x_wconf 89' lang='lat' dir='ltr'><strong>quamque</strong></span> <span class='ocrx_word' id='word_1_385' title='bbox 2463 2779 2810 2850; x_wconf 85' lang='lat' dir='ltr'><strong>Cynosuram</strong></span> <span class='ocrx_word' id='word_1_386' title='bbox 2864 2778 3143 2847; x_wconf 88' lang='lat' dir='ltr'><strong>appellant</strong></span> <span class='ocrx_word' id='word_1_387' title='bbox 3201 2776 3474 2832; x_wconf 86' lang='lat' dir='ltr'><strong>nonnulli.</strong></span> 
     </span>
    </p>
   </div>
   <div class='ocr_carea' id='block_1_57' title="bbox 1888 2871 3471 2942">
    <p class='ocr_par' dir='ltr' id='par_1_57' title="bbox 1888 2871 3471 2942">
     <span class='ocr_line' id='line_1_57' title="bbox 1888 2871 3471 2942; baseline 0.001 -16"><span class='ocrx_word' id='word_1_388' title='bbox 1888 2872 2173 2942; x_wconf 89' lang='lat' dir='ltr'><strong>Neptunus</strong></span> <span class='ocrx_word' id='word_1_389' title='bbox 2203 2872 2255 2927; x_wconf 90' lang='lat' dir='ltr'><strong>in</strong></span> <span class='ocrx_word' id='word_1_390' title='bbox 2279 2872 2418 2927; x_wconf 67' lang='lat' dir='ltr'><strong>caalo</strong></span> <span class='ocrx_word' id='word_1_391' title='bbox 2442 2872 2735 2927; x_wconf 89' lang='lat' dir='ltr'><strong>collocavit</strong></span> <span class='ocrx_word' id='word_1_392' title='bbox 2763 2871 3075 2941; x_wconf 89' lang='lat' dir='ltr'><strong>Delphium,</strong></span> <span class='ocrx_word' id='word_1_393' title='bbox 3109 2871 3471 2941; x_wconf 83' lang='lat' dir='ltr'><strong>Aniphitrites</strong></span> 
     </span>
    </p>
   </div>
   <div class='ocr_carea' id='block_1_58' title="bbox 1888 2963 3477 3035">
    <p class='ocr_par' dir='ltr' id='par_1_58' title="bbox 1888 2963 3477 3035">
     <span class='ocr_line' id='line_1_58' title="bbox 1888 2963 3477 3035; baseline 0 -18"><span class='ocrx_word' id='word_1_394' title='bbox 1888 2965 2103 3034; x_wconf 80' lang='lat' dir='ltr'><strong>gratia:</strong></span> <span class='ocrx_word' id='word_1_395' title='bbox 2137 2973 2191 3019; x_wconf 92' lang='lat' dir='ltr'><strong>et</strong></span> <span class='ocrx_word' id='word_1_396' title='bbox 2239 2963 2499 3019; x_wconf 83' lang='lat' dir='ltr'><strong>Orionem</strong></span> <span class='ocrx_word' id='word_1_397' title='bbox 2542 2980 2608 3018; x_wconf 86' lang='lat' dir='ltr'><strong>ex</strong></span> <span class='ocrx_word' id='word_1_398' title='bbox 2658 2963 2910 3035; x_wconf 87' lang='lat' dir='ltr'><strong>Euryale,</strong></span> <span class='ocrx_word' id='word_1_399' title='bbox 2958 2964 3155 3019; x_wconf 83' lang='lat' dir='ltr'><strong>Minois</strong></span> <span class='ocrx_word' id='word_1_400' title='bbox 3190 2964 3323 3028; x_wconf 91' lang='lat' dir='ltr'><strong>ﬁlia,</strong></span> <span class='ocrx_word' id='word_1_401' title='bbox 3375 2979 3477 3017; x_wconf 91' lang='lat' dir='ltr'><strong>na-</strong></span> 
     </span>
    </p>
   </div>
   <div class='ocr_carea' id='block_1_59' title="bbox 1890 3052 3473 3125">
    <p class='ocr_par' dir='ltr' id='par_1_59' title="bbox 1890 3052 3473 3125">
     <span class='ocr_line' id='line_1_59' title="bbox 1890 3052 3473 3125; baseline -0.001 -15"><span class='ocrx_word' id='word_1_402' title='bbox 1890 3064 2002 3110; x_wconf 93' lang='lat' dir='ltr'><strong>tum</strong></span> <span class='ocrx_word' id='word_1_403' title='bbox 2038 3063 2261 3125; x_wconf 87' lang='lat' dir='ltr'><strong>propter</strong></span> <span class='ocrx_word' id='word_1_404' title='bbox 2296 3062 2523 3108; x_wconf 88' lang='lat' dir='ltr'><strong>matrem</strong></span> <span class='ocrx_word' id='word_1_405' title='bbox 2550 3052 2820 3125; x_wconf 84' lang='lat' dir='ltr'><strong>Euryalen</strong></span> <span class='ocrx_word' id='word_1_406' title='bbox 2869 3054 3033 3110; x_wconf 85' lang='lat' dir='ltr'><strong>astris</strong></span> <span class='ocrx_word' id='word_1_407' title='bbox 3070 3052 3315 3108; x_wconf 91' lang='lat' dir='ltr'><strong>donavit.</strong></span> <span class='ocrx_word' id='word_1_408' title='bbox 3342 3052 3473 3108; x_wconf 87' lang='lat' dir='ltr'><strong>Bac-</strong></span> 
     </span>
    </p>
   </div>
   <div class='ocr_carea' id='block_1_60' title="bbox 190 3142 1788 3222">
    <p class='ocr_par' dir='ltr' id='par_1_60' title="bbox 190 3142 1782 3222">
     <span class='ocr_line' id='line_1_60' title="bbox 190 3142 1782 3222; baseline 0.004 -27"><span class='ocrx_word' id='word_1_409' title='bbox 190 3143 291 3196; x_wconf 74' lang='grc' dir='ltr'><strong>ἐπὶ</strong></span> <span class='ocrx_word' id='word_1_410' title='bbox 318 3145 389 3216; x_wconf 77' lang='grc' dir='ltr'>τῇ</span> <span class='ocrx_word' id='word_1_411' title='bbox 421 3142 770 3216; x_wconf 83' lang='grc' dir='ltr'>Γανυμήδους</span> <span class='ocrx_word' id='word_1_412' title='bbox 801 3146 1047 3217; x_wconf 77' lang='grc' dir='ltr'>ἁρπαγῇ,</span> <span class='ocrx_word' id='word_1_413' title='bbox 1079 3146 1175 3199; x_wconf 74' lang='grc' dir='ltr'>καὶ</span> <span class='ocrx_word' id='word_1_414' title='bbox 1200 3144 1362 3201; x_wconf 80' lang='grc' dir='ltr'>αὐτὸν</span> <span class='ocrx_word' id='word_1_415' title='bbox 1393 3146 1486 3201; x_wconf 83' lang='grc' dir='ltr'><strong>τὸν</strong></span> <span class='ocrx_word' id='word_1_416' title='bbox 1519 3148 1782 3222; x_wconf 86' lang='grc' dir='ltr'>Γανυμή-</span> 
     </span>
    </p>
   </div>
   <div class='ocr_carea' id='block_1_61' title="bbox 1897 3142 3475 3222">
    <p class='ocr_par' dir='ltr' id='par_1_61' title="bbox 1897 3144 3475 3216">
     <span class='ocr_line' id='line_1_61' title="bbox 1897 3144 3475 3216; baseline -0.001 -13"><span class='ocrx_word' id='word_1_417' title='bbox 1897 3149 2029 3203; x_wconf 82' lang='lat' dir='ltr'><strong>chus</strong></span> <span class='ocrx_word' id='word_1_418' title='bbox 2085 3162 2346 3201; x_wconf 88' lang='lat' dir='ltr'><strong>coronam</strong></span> <span class='ocrx_word' id='word_1_419' title='bbox 2393 3146 2664 3200; x_wconf 64' lang='lat' dir='ltr'><strong>Ariadnm.</strong></span> <span class='ocrx_word' id='word_1_420' title='bbox 2715 3144 2929 3215; x_wconf 78' lang='lat' dir='ltr'><strong>Jupiter</strong></span> <span class='ocrx_word' id='word_1_421' title='bbox 2972 3146 3240 3216; x_wconf 87' lang='lat' dir='ltr'><strong>aquilam,</strong></span> <span class='ocrx_word' id='word_1_422' title='bbox 3270 3162 3380 3215; x_wconf 83' lang='lat' dir='ltr'><strong>qua</strong></span> <span class='ocrx_word' id='word_1_423' title='bbox 3421 3146 3475 3202; x_wconf 88' lang='lat' dir='ltr'><strong>in</strong></span> 
     </span>
    </p>
   </div>
   <div class='ocr_carea' id='block_1_62' title="bbox 187 3233 1785 3308">
    <p class='ocr_par' dir='ltr' id='par_1_62' title="bbox 187 3233 1785 3308">
     <span class='ocr_line' id='line_1_62' title="bbox 187 3233 1785 3308; baseline 0.001 -20"><span class='ocrx_word' id='word_1_424' title='bbox 187 3235 290 3306; x_wconf 71' lang='grc' dir='ltr'><strong>δην</strong></span> <span class='ocrx_word' id='word_1_425' title='bbox 320 3236 380 3287; x_wconf 80' lang='grc' dir='ltr'><strong>ἐν</strong></span> <span class='ocrx_word' id='word_1_426' title='bbox 417 3233 700 3306; x_wconf 85' lang='grc' dir='ltr'>Ὑδροχόου</span> <span class='ocrx_word' id='word_1_427' title='bbox 726 3236 861 3305; x_wconf 80' lang='grc' dir='ltr'>τι.μῇ</span> <span class='ocrx_word' id='word_1_428' title='bbox 886 3234 1073 3301; x_wconf 80' lang='grc' dir='ltr'>ἔταξεν</span> <span class='ocrx_word' id='word_1_429' title='bbox 1095 3251 1109 3267; x_wconf 78' lang='grc' dir='ltr'><strong><em>ο</em></strong></span> <span class='ocrx_word' id='word_1_430' title='bbox 1145 3235 1239 3288; x_wconf 69' lang='grc' dir='ltr'>καὶ</span> <span class='ocrx_word' id='word_1_431' title='bbox 1270 3234 1475 3308; x_wconf 81' lang='grc' dir='ltr'>ταῦρον</span> <span class='ocrx_word' id='word_1_432' title='bbox 1502 3235 1571 3290; x_wconf 84' lang='grc' dir='ltr'>δι’</span> <span class='ocrx_word' id='word_1_433' title='bbox 1597 3236 1785 3308; x_wconf 78' lang='grc' dir='ltr'>Εὐρώ-</span> 
     </span>
    </p>
   </div>
   <div class='ocr_carea' id='block_1_63' title="bbox 191 3325 1783 3402">
    <p class='ocr_par' dir='ltr' id='par_1_63' title="bbox 191 3325 1783 3402">
     <span class='ocr_line' id='line_1_63' title="bbox 191 3325 1783 3402; baseline 0.002 -23"><span class='ocrx_word' id='word_1_434' title='bbox 191 3344 304 3397; x_wconf 83' lang='grc' dir='ltr'><strong>πην</strong></span> <span class='ocrx_word' id='word_1_435' title='bbox 340 3326 625 3398; x_wconf 78' lang='grc' dir='ltr'>ἐτίμησεν.</span> <span class='ocrx_word' id='word_1_436' title='bbox 670 3325 833 3380; x_wconf 80' lang='grc' dir='ltr'>Ἀλλὰ</span> <span class='ocrx_word' id='word_1_437' title='bbox 864 3326 958 3380; x_wconf 73' lang='grc' dir='ltr'>καὶ</span> <span class='ocrx_word' id='word_1_438' title='bbox 1004 3325 1263 3399; x_wconf 85' lang='grc' dir='ltr'>Κάστορα</span> <span class='ocrx_word' id='word_1_439' title='bbox 1312 3328 1406 3381; x_wconf 82' lang='grc' dir='ltr'>καὶ</span> <span class='ocrx_word' id='word_1_440' title='bbox 1435 3328 1783 3402; x_wconf 83' lang='grc' dir='ltr'>Πολυδεύκην</span> 
     </span>
    </p>
   </div>
   <div class='ocr_carea' id='block_1_64' title="bbox 189 3416 1779 3491">
    <p class='ocr_par' dir='ltr' id='par_1_64' title="bbox 189 3416 1779 3491">
     <span class='ocr_line' id='line_1_64' title="bbox 189 3416 1779 3491; baseline 0.003 -21"><span class='ocrx_word' id='word_1_441' title='bbox 189 3418 287 3471; x_wconf 72' lang='grc' dir='ltr'><strong>καὶ</strong></span> <span class='ocrx_word' id='word_1_442' title='bbox 348 3416 573 3490; x_wconf 85' lang='grc' dir='ltr'>Ἑλένην</span> <span class='ocrx_word' id='word_1_443' title='bbox 608 3416 758 3489; x_wconf 76' lang='grc' dir='ltr'>Λήδᾳ</span> <span class='ocrx_word' id='word_1_444' title='bbox 814 3416 1174 3489; x_wconf 77' lang='grc' dir='ltr'>χαριζόμενος</span> <span class='ocrx_word' id='word_1_445' title='bbox 1205 3416 1462 3489; x_wconf 75' lang='grc' dir='ltr'>ἐποίησεν</span> <span class='ocrx_word' id='word_1_446' title='bbox 1514 3419 1779 3491; x_wconf 82' lang='grc' dir='ltr'>ἀστέρας·</span> 
     </span>
    </p>
   </div>
   <div class='ocr_carea' id='block_1_65' title="bbox 189 3506 1784 3581">
    <p class='ocr_par' dir='ltr' id='par_1_65' title="bbox 189 3506 1784 3581">
     <span class='ocr_line' id='line_1_65' title="bbox 189 3506 1784 3581; baseline 0.001 -18"><span class='ocrx_word' id='word_1_447' title='bbox 189 3509 290 3563; x_wconf 71' lang='grc' dir='ltr'>καὶ</span> <span class='ocrx_word' id='word_1_448' title='bbox 320 3506 544 3579; x_wconf 81' lang='grc' dir='ltr'>Περσέα</span> <span class='ocrx_word' id='word_1_449' title='bbox 572 3507 663 3563; x_wconf 82' lang='grc' dir='ltr'>διὰ</span> <span class='ocrx_word' id='word_1_450' title='bbox 690 3508 899 3579; x_wconf 86' lang='grc' dir='ltr'>Δανάην</span> <span class='ocrx_word' id='word_1_451' title='bbox 920 3525 934 3539; x_wconf 87' lang='grc'><strong>·</strong></span> <span class='ocrx_word' id='word_1_452' title='bbox 969 3509 1066 3562; x_wconf 76' lang='grc' dir='ltr'>καὶ</span> <span class='ocrx_word' id='word_1_453' title='bbox 1110 3508 1347 3581; x_wconf 80' lang='grc' dir='ltr'>Ἀρκάδα</span> <span class='ocrx_word' id='word_1_454' title='bbox 1382 3510 1428 3542; x_wconf 76' lang='grc'><strong>⁸⁸</strong></span> <span class='ocrx_word' id='word_1_455' title='bbox 1447 3510 1534 3565; x_wconf 75' lang='grc' dir='ltr'>διὰ</span> <span class='ocrx_word' id='word_1_456' title='bbox 1582 3511 1784 3565; x_wconf 85' lang='grc' dir='ltr'>Καλλι-</span> 
     </span>
    </p>
   </div>
   <div class='ocr_carea' id='block_1_66' title="bbox 191 3598 1784 3675">
    <p class='ocr_par' dir='ltr' id='par_1_66' title="bbox 191 3598 1784 3675">
     <span class='ocr_line' id='line_1_66' title="bbox 191 3598 1784 3675; baseline 0.003 -22"><span class='ocrx_word' id='word_1_457' title='bbox 191 3598 336 3653; x_wconf 82' lang='grc' dir='ltr'><strong>στώ-</strong></span> <span class='ocrx_word' id='word_1_458' title='bbox 363 3600 656 3673; x_wconf 84' lang='grc' dir='ltr'>παρθένον,</span> <span class='ocrx_word' id='word_1_459' title='bbox 676 3601 776 3673; x_wconf 81' lang='grc' dir='ltr'><strong>τὴν</strong></span> <span class='ocrx_word' id='word_1_460' title='bbox 790 3601 884 3655; x_wconf 71' lang='grc' dir='ltr'><strong>καὶ</strong></span> <span class='ocrx_word' id='word_1_461' title='bbox 905 3600 1097 3672; x_wconf 86' lang='grc' dir='ltr'>Δίκην,</span> <span class='ocrx_word' id='word_1_462' title='bbox 1127 3600 1221 3654; x_wconf 85' lang='grc' dir='ltr'>διὰ</span> <span class='ocrx_word' id='word_1_463' title='bbox 1250 3601 1422 3673; x_wconf 82' lang='grc' dir='ltr'>Θέμιν</span> <span class='ocrx_word' id='word_1_464' title='bbox 1446 3620 1460 3632; x_wconf 67' lang='grc' dir='ltr'><strong>υ</strong></span> <span class='ocrx_word' id='word_1_465' title='bbox 1506 3603 1784 3675; x_wconf 77' lang='grc' dir='ltr'>Ἠρακλέα</span> 
     </span>
    </p>
   </div>
   <div class='ocr_carea' id='block_1_67' title="bbox 188 3658 1811 3766">
    <p class='ocr_par' dir='ltr' id='par_1_67' title="bbox 188 3658 1811 3766">
     <span class='ocr_line' id='line_1_67' title="bbox 188 3658 1811 3766; baseline 0.003 -22"><span class='ocrx_word' id='word_1_466' title='bbox 188 3691 282 3746; x_wconf 75' lang='grc' dir='ltr'>διὰ</span> <span class='ocrx_word' id='word_1_467' title='bbox 325 3658 663 3765; x_wconf 61' lang='grc' dir='ltr'>Ἀλκμήνην.</span> <span class='ocrx_word' id='word_1_468' title='bbox 708 3658 1281 3762; x_wconf 60' lang='grc' dir='ltr'>ιὶαιοῡκέτίιέηκύνω</span> <span class='ocrx_word' id='word_1_469' title='bbox 1314 3658 1512 3747; x_wconf 74' lang='grc' dir='ltr'>πλέον’</span> <span class='ocrx_word' id='word_1_470' title='bbox 1574 3658 1811 3766; x_wconf 52' lang='lat' dir='ltr'><strong>ita):va</strong></span> 
     </span>
    </p>
   </div>
   <div class='ocr_carea' id='block_1_68' title="bbox 189 3779 1787 3856">
    <p class='ocr_par' dir='ltr' id='par_1_68' title="bbox 189 3779 1787 3856">
     <span class='ocr_line' id='line_1_68' title="bbox 189 3779 1787 3856; baseline 0 -18"><span class='ocrx_word' id='word_1_471' title='bbox 189 3784 248 3838; x_wconf 82' lang='grc' dir='ltr'>δὲ</span> <span class='ocrx_word' id='word_1_472' title='bbox 285 3784 351 3839; x_wconf 77' lang='grc' dir='ltr'>τὺ</span> <span class='ocrx_word' id='word_1_473' title='bbox 382 3786 506 3838; x_wconf 83' lang='grc' dir='ltr'>κατ’</span> <span class='ocrx_word' id='word_1_474' title='bbox 535 3779 674 3848; x_wconf 84' lang='grc' dir='ltr'>εἶδος</span> <span class='ocrx_word' id='word_1_475' title='bbox 699 3784 899 3853; x_wconf 81' lang='grc' dir='ltr'>λέγειν,</span> <span class='ocrx_word' id='word_1_476' title='bbox 945 3783 1104 3846; x_wconf 85' lang='grc' dir='ltr'>ὅσους</span> <span class='ocrx_word' id='word_1_477' title='bbox 1149 3781 1239 3837; x_wconf 85' lang='grc' dir='ltr'><strong>διά</strong></span> <span class='ocrx_word' id='word_1_478' title='bbox 1269 3782 1472 3847; x_wconf 82' lang='grc' dir='ltr'>πολλὰς</span> <span class='ocrx_word' id='word_1_479' title='bbox 1503 3784 1787 3856; x_wconf 74' lang='grc' dir='ltr'>ἐρωμένας</span> 
     </span>
    </p>
   </div>
   <div class='ocr_carea' id='block_1_69' title="bbox 189 3873 1785 3948">
    <p class='ocr_par' dir='ltr' id='par_1_69' title="bbox 189 3873 1785 3948">
     <span class='ocr_line' id='line_1_69' title="bbox 189 3873 1785 3948; baseline 0 -18"><span class='ocrx_word' id='word_1_480' title='bbox 189 3877 636 3948; x_wconf 79' lang='grc' dir='ltr'>εύηργετήκασιν</span> <span class='ocrx_word' id='word_1_481' title='bbox 666 3876 715 3929; x_wconf 85' lang='grc' dir='ltr'><strong>οί</strong></span> <span class='ocrx_word' id='word_1_482' title='bbox 749 3874 862 3929; x_wconf 73' lang='grc' dir='ltr'>θεοὶ</span> <span class='ocrx_word' id='word_1_483' title='bbox 892 3876 1014 3939; x_wconf 81' lang='grc' dir='ltr'>ταῖς</span> <span class='ocrx_word' id='word_1_484' title='bbox 1059 3873 1198 3946; x_wconf 82' lang='grc' dir='ltr'>πρὸς</span> <span class='ocrx_word' id='word_1_485' title='bbox 1230 3873 1550 3946; x_wconf 84' lang='grc' dir='ltr'>ἀνθρώπους</span> <span class='ocrx_word' id='word_1_486' title='bbox 1593 3893 1785 3930; x_wconf 80' lang='grc' dir='ltr'>κοινω-</span> 
     </span>
    </p>
   </div>
   <div class='ocr_carea' id='block_1_70' title="bbox 189 3964 1785 4042">
    <p class='ocr_par' dir='ltr' id='par_1_70' title="bbox 189 3964 1785 4042">
     <span class='ocr_line' id='line_1_70' title="bbox 189 3964 1785 4042; baseline -0.001 -19"><span class='ocrx_word' id='word_1_487' title='bbox 189 3969 362 4033; x_wconf 84' lang='grc' dir='ltr'>νίαις,</span> <span class='ocrx_word' id='word_1_488' title='bbox 397 3969 465 4031; x_wconf 74' lang='grc' dir='ltr'>ἃς</span> <span class='ocrx_word' id='word_1_489' title='bbox 488 3969 537 4021; x_wconf 89' lang='grc' dir='ltr'><strong>οί</strong></span> <span class='ocrx_word' id='word_1_490' title='bbox 565 3968 784 4041; x_wconf 83' lang='grc' dir='ltr'>ἀνόητοι</span> <span class='ocrx_word' id='word_1_491' title='bbox 826 3968 903 4031; x_wconf 84' lang='grc' dir='ltr'>ὡς</span> <span class='ocrx_word' id='word_1_492' title='bbox 936 3964 1116 4029; x_wconf 78' lang='grc' dir='ltr'>κακὰς</span> <span class='ocrx_word' id='word_1_493' title='bbox 1140 3965 1375 4037; x_wconf 80' lang='grc' dir='ltr'>πράξεις</span> <span class='ocrx_word' id='word_1_494' title='bbox 1405 3967 1785 4042; x_wconf 83' lang='grc' dir='ltr'>ἀπαγορεύου-</span> 
     </span>
    </p>
   </div>
   <div class='ocr_carea' id='block_1_71' title="bbox 193 4058 1787 4133">
    <p class='ocr_par' dir='ltr' id='par_1_71' title="bbox 193 4058 1787 4133">
     <span class='ocr_line' id='line_1_71' title="bbox 193 4058 1787 4133; baseline 0 -18"><span class='ocrx_word' id='word_1_495' title='bbox 193 4079 302 4126; x_wconf 87' lang='grc' dir='ltr'>σιν,</span> <span class='ocrx_word' id='word_1_496' title='bbox 332 4061 436 4114; x_wconf 81' lang='grc' dir='ltr'><strong>οὑκ</strong></span> <span class='ocrx_word' id='word_1_497' title='bbox 468 4060 671 4125; x_wconf 76' lang='grc' dir='ltr'>ειδότες</span> <span class='ocrx_word' id='word_1_498' title='bbox 716 4061 797 4114; x_wconf 81' lang='grc' dir='ltr'><strong>ὅτι</strong></span> <span class='ocrx_word' id='word_1_499' title='bbox 823 4058 985 4131; x_wconf 76' lang='grc' dir='ltr'>ἡδονή</span> <span class='ocrx_word' id='word_1_500' title='bbox 1016 4060 1167 4115; x_wconf 74' lang='grc' dir='ltr'>ἐστιν</span> <span class='ocrx_word' id='word_1_501' title='bbox 1188 4060 1224 4131; x_wconf 81' lang='grc' dir='ltr'>ἡ</span> <span class='ocrx_word' id='word_1_502' title='bbox 1256 4060 1470 4133; x_wconf 83' lang='grc' dir='ltr'>μεγάλη</span> <span class='ocrx_word' id='word_1_503' title='bbox 1498 4062 1557 4114; x_wconf 85' lang='grc' dir='ltr'>ὲν</span> <span class='ocrx_word' id='word_1_504' title='bbox 1576 4059 1787 4133; x_wconf 80' lang='grc' dir='ltr'>ἀνθρώ-</span> 
     </span>
    </p>
   </div>
   <div class='ocr_carea' id='block_1_72' title="bbox 197 4151 673 4217">
    <p class='ocr_par' dir='ltr' id='par_1_72' title="bbox 197 4151 673 4217">
     <span class='ocr_line' id='line_1_72' title="bbox 197 4151 673 4217; baseline -0.008 -10"><span class='ocrx_word' id='word_1_505' title='bbox 197 4169 321 4217; x_wconf 73' lang='grc' dir='ltr'>ποις</span> <span class='ocrx_word' id='word_1_506' title='bbox 351 4151 673 4216; x_wconf 81' lang='grc' dir='ltr'>ἀπόλαυσις.</span> 
     </span>
    </p>
   </div>
   <div class='ocr_carea' id='block_1_73' title="bbox 266 4431 1790 4509">
    <p class='ocr_par' dir='ltr' id='par_1_73' title="bbox 266 4431 1790 4509">
     <span class='ocr_line' id='line_1_73' title="bbox 266 4431 1790 4509; baseline -0.002 -17"><span class='ocrx_word' id='word_1_507' title='bbox 266 4435 459 4493; x_wconf 74' lang='lat' dir='ltr'><strong>XVIII.</strong></span> <span class='ocrx_word' id='word_1_508' title='bbox 493 4435 562 4491; x_wconf 89' lang='grc' dir='ltr'>Τί</span> <span class='ocrx_word' id='word_1_509' title='bbox 597 4434 695 4502; x_wconf 73' lang='grc' dir='ltr'>δὲς</span> <span class='ocrx_word' id='word_1_510' title='bbox 730 4431 828 4489; x_wconf 71' lang='grc' dir='ltr'><strong>καὶ</strong></span> <span class='ocrx_word' id='word_1_511' title='bbox 847 4431 961 4489; x_wconf 85' lang='grc' dir='ltr'>τῶν</span> <span class='ocrx_word' id='word_1_512' title='bbox 986 4432 1169 4504; x_wconf 84' lang='grc' dir='ltr'>σοφῶν</span> <span class='ocrx_word' id='word_1_513' title='bbox 1214 4432 1265 4487; x_wconf 82' lang='lat' dir='ltr'><strong>oi</strong></span> <span class='ocrx_word' id='word_1_514' title='bbox 1318 4432 1638 4507; x_wconf 81' lang='grc' dir='ltr'>περιϐόητοι</span> <span class='ocrx_word' id='word_1_515' title='bbox 1688 4436 1790 4509; x_wconf 83' lang='grc' dir='ltr'>οὐχ</span> 
     </span>
    </p>
   </div>
   <div class='ocr_carea' id='block_1_74' title="bbox 1886 3237 3475 3312">
    <p class='ocr_par' dir='ltr' id='par_1_74' title="bbox 1886 3237 3475 3312">
     <span class='ocr_line' id='line_1_74' title="bbox 1886 3237 3475 3312; baseline -0.001 -17"><span class='ocrx_word' id='word_1_516' title='bbox 1886 3239 2148 3310; x_wconf 85' lang='lat' dir='ltr'><strong>rapiendo</strong></span> <span class='ocrx_word' id='word_1_517' title='bbox 2178 3238 2491 3309; x_wconf 84' lang='lat' dir='ltr'><strong>Ganymede</strong></span> <span class='ocrx_word' id='word_1_518' title='bbox 2523 3255 2656 3293; x_wconf 86' lang='lat' dir='ltr'><strong>usus</strong></span> <span class='ocrx_word' id='word_1_519' title='bbox 2689 3238 2907 3293; x_wconf 83' lang='lat' dir='ltr'><strong>fuerat:</strong></span> <span class='ocrx_word' id='word_1_520' title='bbox 2954 3239 3251 3309; x_wconf 87' lang='lat' dir='ltr'><strong>ipsumque</strong></span> <span class='ocrx_word' id='word_1_521' title='bbox 3287 3237 3475 3312; x_wconf 84' lang='lat' dir='ltr'><strong>Gany-</strong></span> 
     </span>
    </p>
   </div>
   <div class='ocr_carea' id='block_1_75' title="bbox 1886 3330 3477 3401">
    <p class='ocr_par' dir='ltr' id='par_1_75' title="bbox 1886 3330 3477 3401">
     <span class='ocr_line' id='line_1_75' title="bbox 1886 3330 3477 3401; baseline 0.001 -14"><span class='ocrx_word' id='word_1_522' title='bbox 1886 3330 2101 3387; x_wconf 71' lang='lat' dir='ltr'><strong>medem</strong></span> <span class='ocrx_word' id='word_1_523' title='bbox 2149 3330 2201 3383; x_wconf 91' lang='lat' dir='ltr'><strong>in</strong></span> <span class='ocrx_word' id='word_1_524' title='bbox 2232 3330 2459 3401; x_wconf 81' lang='lat' dir='ltr'><strong>Aquarii</strong></span> <span class='ocrx_word' id='word_1_525' title='bbox 2500 3333 2710 3386; x_wconf 83' lang='lat' dir='ltr'><strong>honore</strong></span> <span class='ocrx_word' id='word_1_526' title='bbox 2768 3332 3055 3386; x_wconf 81' lang='lat' dir='ltr'><strong>constituit</strong></span> <span class='ocrx_word' id='word_1_527' title='bbox 3089 3348 3103 3385; x_wconf 87' lang='lat'><strong>:</strong></span> <span class='ocrx_word' id='word_1_528' title='bbox 3135 3347 3201 3387; x_wconf 91' lang='lat' dir='ltr'><strong>ac</strong></span> <span class='ocrx_word' id='word_1_529' title='bbox 3256 3342 3477 3389; x_wconf 91' lang='lat' dir='ltr'><strong>taurum</strong></span> 
     </span>
    </p>
   </div>
   <div class='ocr_carea' id='block_1_76' title="bbox 1888 3419 3472 3491">
    <p class='ocr_par' dir='ltr' id='par_1_76' title="bbox 1888 3419 3472 3491">
     <span class='ocr_line' id='line_1_76' title="bbox 1888 3419 3472 3491; baseline 0 -15"><span class='ocrx_word' id='word_1_530' title='bbox 1888 3421 2182 3477; x_wconf 88' lang='lat' dir='ltr'><strong>honoravit</strong></span> <span class='ocrx_word' id='word_1_531' title='bbox 2235 3421 2304 3475; x_wconf 93' lang='lat' dir='ltr'><strong>ob</strong></span> <span class='ocrx_word' id='word_1_532' title='bbox 2358 3419 2657 3491; x_wconf 87' lang='lat' dir='ltr'><strong>Europam.</strong></span> <span class='ocrx_word' id='word_1_533' title='bbox 2719 3420 2861 3488; x_wconf 88' lang='lat' dir='ltr'><strong>Quin</strong></span> <span class='ocrx_word' id='word_1_534' title='bbox 2886 3430 2942 3476; x_wconf 92' lang='lat' dir='ltr'><strong>et</strong></span> <span class='ocrx_word' id='word_1_535' title='bbox 2976 3422 3287 3489; x_wconf 88' lang='lat' dir='ltr'><strong>Castorem,</strong></span> <span class='ocrx_word' id='word_1_536' title='bbox 3340 3420 3472 3476; x_wconf 84' lang='lat' dir='ltr'><strong>Pol-</strong></span> 
     </span>
    </p>
   </div>
   <div class='ocr_carea' id='block_1_77' title="bbox 1886 3513 3472 3585">
    <p class='ocr_par' dir='ltr' id='par_1_77' title="bbox 1886 3513 3472 3585">
     <span class='ocr_line' id='line_1_77' title="bbox 1886 3513 3472 3585; baseline 0 -15"><span class='ocrx_word' id='word_1_537' title='bbox 1886 3515 2065 3570; x_wconf 91' lang='lat' dir='ltr'><strong>lucem</strong></span> <span class='ocrx_word' id='word_1_538' title='bbox 2098 3531 2162 3570; x_wconf 90' lang='lat' dir='ltr'><strong>ac</strong></span> <span class='ocrx_word' id='word_1_539' title='bbox 2194 3513 2479 3582; x_wconf 81' lang='lat' dir='ltr'><strong>Helenam,</strong></span> <span class='ocrx_word' id='word_1_540' title='bbox 2511 3513 2673 3570; x_wconf 68' lang='lat' dir='ltr'><strong>Ledae</strong></span> <span class='ocrx_word' id='word_1_541' title='bbox 2693 3514 3034 3585; x_wconf 80' lang='lat' dir='ltr'><strong>gratiﬁcans,</strong></span> <span class='ocrx_word' id='word_1_542' title='bbox 3068 3514 3255 3570; x_wconf 83' lang='lat' dir='ltr'><strong>stellas</strong></span> <span class='ocrx_word' id='word_1_543' title='bbox 3297 3513 3426 3569; x_wconf 78' lang='lat' dir='ltr'><strong>fecit</strong></span> <span class='ocrx_word' id='word_1_544' title='bbox 3456 3532 3472 3570; x_wconf 87' lang='lat'><strong>:</strong></span> 
     </span>
    </p>
   </div>
   <div class='ocr_carea' id='block_1_78' title="bbox 1885 3605 3477 3677">
    <p class='ocr_par' dir='ltr' id='par_1_78' title="bbox 1885 3605 3477 3677">
     <span class='ocr_line' id='line_1_78' title="bbox 1885 3605 3477 3677; baseline -0.001 -15"><span class='ocrx_word' id='word_1_545' title='bbox 1885 3616 1939 3662; x_wconf 88' lang='lat' dir='ltr'><strong>et</strong></span> <span class='ocrx_word' id='word_1_546' title='bbox 1963 3605 2244 3671; x_wconf 89' lang='lat' dir='ltr'><strong>Perseum,</strong></span> <span class='ocrx_word' id='word_1_547' title='bbox 2282 3619 2503 3677; x_wconf 88' lang='lat' dir='ltr'><strong>propter</strong></span> <span class='ocrx_word' id='word_1_548' title='bbox 2531 3605 2752 3661; x_wconf 89' lang='lat' dir='ltr'><strong>Danaen</strong></span> <span class='ocrx_word' id='word_1_549' title='bbox 2782 3623 2795 3659; x_wconf 91' lang='lat'><strong>:</strong></span> <span class='ocrx_word' id='word_1_550' title='bbox 2837 3615 2891 3662; x_wconf 93' lang='lat' dir='ltr'><strong>et</strong></span> <span class='ocrx_word' id='word_1_551' title='bbox 2930 3606 3219 3671; x_wconf 79' lang='lat' dir='ltr'><strong>Arcadem,</strong></span> <span class='ocrx_word' id='word_1_552' title='bbox 3252 3618 3477 3676; x_wconf 82' lang='lat' dir='ltr'><strong>propter</strong></span> 
     </span>
    </p>
   </div>
   <div class='ocr_carea' id='block_1_79' title="bbox 1894 3696 3467 3768">
    <p class='ocr_par' dir='ltr' id='par_1_79' title="bbox 1894 3696 3467 3768">
     <span class='ocr_line' id='line_1_79' title="bbox 1894 3696 3467 3768; baseline 0 -15"><span class='ocrx_word' id='word_1_553' title='bbox 1894 3697 2250 3753; x_wconf 89' lang='lat' dir='ltr'><strong>Callistonem</strong></span> <span class='ocrx_word' id='word_1_554' title='bbox 2287 3715 2301 3751; x_wconf 88' lang='lat'><strong>:</strong></span> <span class='ocrx_word' id='word_1_555' title='bbox 2336 3696 2626 3768; x_wconf 81' lang='lat' dir='ltr'><strong>virginem,</strong></span> <span class='ocrx_word' id='word_1_556' title='bbox 2660 3713 2783 3768; x_wconf 68' lang='lat' dir='ltr'><strong>quae</strong></span> <span class='ocrx_word' id='word_1_557' title='bbox 2811 3706 2866 3752; x_wconf 90' lang='lat' dir='ltr'><strong>et</strong></span> <span class='ocrx_word' id='word_1_558' title='bbox 2889 3697 3038 3764; x_wconf 90' lang='lat' dir='ltr'><strong>Dice,</strong></span> <span class='ocrx_word' id='word_1_559' title='bbox 3067 3698 3139 3753; x_wconf 93' lang='lat' dir='ltr'><strong>ob</strong></span> <span class='ocrx_word' id='word_1_560' title='bbox 3168 3696 3420 3753; x_wconf 86' lang='lat' dir='ltr'><strong>Themim</strong></span> <span class='ocrx_word' id='word_1_561' title='bbox 3453 3715 3467 3753; x_wconf 91' lang='lat'><strong>:</strong></span> 
     </span>
    </p>
   </div>
   <div class='ocr_carea' id='block_1_80' title="bbox 1887 3786 3473 3859">
    <p class='ocr_par' dir='ltr' id='par_1_80' title="bbox 1887 3786 3473 3859">
     <span class='ocr_line' id='line_1_80' title="bbox 1887 3786 3473 3859; baseline 0.001 -16"><span class='ocrx_word' id='word_1_562' title='bbox 1887 3786 2201 3854; x_wconf 85' lang='lat' dir='ltr'><strong>Herculem,</strong></span> <span class='ocrx_word' id='word_1_563' title='bbox 2238 3798 2459 3858; x_wconf 91' lang='lat' dir='ltr'><strong>propter</strong></span> <span class='ocrx_word' id='word_1_564' title='bbox 2488 3789 2832 3843; x_wconf 88' lang='lat' dir='ltr'><strong>Alcmenam.</strong></span> <span class='ocrx_word' id='word_1_565' title='bbox 2866 3787 2933 3842; x_wconf 91' lang='lat' dir='ltr'><strong>Et</strong></span> <span class='ocrx_word' id='word_1_566' title='bbox 2962 3803 3029 3843; x_wconf 90' lang='lat' dir='ltr'><strong>ne</strong></span> <span class='ocrx_word' id='word_1_567' title='bbox 3061 3788 3243 3843; x_wconf 86' lang='lat' dir='ltr'><strong>adhuc</strong></span> <span class='ocrx_word' id='word_1_568' title='bbox 3291 3789 3473 3859; x_wconf 68' lang='lat' dir='ltr'><strong>magis</strong></span> 
     </span>
    </p>
   </div>
   <div class='ocr_carea' id='block_1_81' title="bbox 1887 3881 3476 3953">
    <p class='ocr_par' dir='ltr' id='par_1_81' title="bbox 1887 3881 3476 3953">
     <span class='ocr_line' id='line_1_81' title="bbox 1887 3881 3476 3953; baseline 0.001 -18"><span class='ocrx_word' id='word_1_569' title='bbox 1887 3881 2191 3951; x_wconf 88' lang='lat' dir='ltr'><strong>producam</strong></span> <span class='ocrx_word' id='word_1_570' title='bbox 2241 3896 2596 3948; x_wconf 89' lang='lat' dir='ltr'><strong>sermonem;</strong></span> <span class='ocrx_word' id='word_1_571' title='bbox 2654 3882 2882 3953; x_wconf 77' lang='lat' dir='ltr'><strong>longum</strong></span> <span class='ocrx_word' id='word_1_572' title='bbox 2917 3882 3064 3937; x_wconf 88' lang='lat' dir='ltr'><strong>enim</strong></span> <span class='ocrx_word' id='word_1_573' title='bbox 3113 3891 3199 3938; x_wconf 89' lang='lat' dir='ltr'><strong>est</strong></span> <span class='ocrx_word' id='word_1_574' title='bbox 3257 3881 3476 3952; x_wconf 82' lang='lat' dir='ltr'><strong>singula</strong></span> 
     </span>
    </p>
   </div>
   <div class='ocr_carea' id='block_1_82' title="bbox 1887 3972 3473 4045">
    <p class='ocr_par' dir='ltr' id='par_1_82' title="bbox 1887 3972 3473 4045">
     <span class='ocr_line' id='line_1_82' title="bbox 1887 3972 3473 4045; baseline -0.001 -17"><span class='ocrx_word' id='word_1_575' title='bbox 1887 3972 2113 4040; x_wconf 76' lang='lat' dir='ltr'><strong>referre,</strong></span> <span class='ocrx_word' id='word_1_576' title='bbox 2139 3972 2192 4027; x_wconf 92' lang='lat' dir='ltr'><strong>in</strong></span> <span class='ocrx_word' id='word_1_577' title='bbox 2232 3981 2367 4043; x_wconf 89' lang='lat' dir='ltr'><strong>quot</strong></span> <span class='ocrx_word' id='word_1_578' title='bbox 2390 3973 2563 4040; x_wconf 88' lang='lat' dir='ltr'><strong>alios,</strong></span> <span class='ocrx_word' id='word_1_579' title='bbox 2614 3974 2911 4029; x_wconf 89' lang='lat' dir='ltr'><strong>multarum</strong></span> <span class='ocrx_word' id='word_1_580' title='bbox 2959 3974 3265 4031; x_wconf 88' lang='lat' dir='ltr'><strong>amicarum</strong></span> <span class='ocrx_word' id='word_1_581' title='bbox 3317 3990 3473 4045; x_wconf 67' lang='lat' dir='ltr'><strong>ergo,</strong></span> 
     </span>
    </p>
   </div>
   <div class='ocr_carea' id='block_1_83' title="bbox 1887 4063 3467 4135">
    <p class='ocr_par' dir='ltr' id='par_1_83' title="bbox 1887 4063 3467 4135">
     <span class='ocr_line' id='line_1_83' title="bbox 1887 4063 3467 4135; baseline 0 -17"><span class='ocrx_word' id='word_1_582' title='bbox 1887 4063 2116 4118; x_wconf 85' lang='lat' dir='ltr'><strong>beneﬁci</strong></span> <span class='ocrx_word' id='word_1_583' title='bbox 2148 4063 2462 4118; x_wconf 75' lang='lat' dir='ltr'><strong>exstiterint</strong></span> <span class='ocrx_word' id='word_1_584' title='bbox 2502 4063 2601 4129; x_wconf 92' lang='lat' dir='ltr'><strong>dii,</strong></span> <span class='ocrx_word' id='word_1_585' title='bbox 2636 4080 2734 4135; x_wconf 89' lang='lat' dir='ltr'><strong>per</strong></span> <span class='ocrx_word' id='word_1_586' title='bbox 2779 4064 3053 4121; x_wconf 88' lang='lat' dir='ltr'><strong>humanos</strong></span> <span class='ocrx_word' id='word_1_587' title='bbox 3099 4064 3421 4135; x_wconf 79' lang='lat' dir='ltr'><strong>complexus</strong></span> <span class='ocrx_word' id='word_1_588' title='bbox 3452 4082 3467 4133; x_wconf 91' lang='lat'><strong>;</strong></span> 
     </span>
    </p>
   </div>
   <div class='ocr_carea' id='block_1_84' title="bbox 1887 4155 3474 4228">
    <p class='ocr_par' dir='ltr' id='par_1_84' title="bbox 1887 4155 3474 4228">
     <span class='ocr_line' id='line_1_84' title="bbox 1887 4155 3474 4228; baseline 0 -18"><span class='ocrx_word' id='word_1_589' title='bbox 1887 4170 2028 4227; x_wconf 88' lang='lat' dir='ltr'><strong>quos</strong></span> <span class='ocrx_word' id='word_1_590' title='bbox 2078 4155 2230 4210; x_wconf 89' lang='lat' dir='ltr'><strong>stulti</strong></span> <span class='ocrx_word' id='word_1_591' title='bbox 2276 4165 2335 4210; x_wconf 89' lang='lat' dir='ltr'><strong>ut</strong></span> <span class='ocrx_word' id='word_1_592' title='bbox 2388 4156 2531 4211; x_wconf 88' lang='lat' dir='ltr'><strong>mala</strong></span> <span class='ocrx_word' id='word_1_593' title='bbox 2580 4173 2747 4226; x_wconf 85' lang='lat' dir='ltr'><strong>opera</strong></span> <span class='ocrx_word' id='word_1_594' title='bbox 2780 4158 3104 4227; x_wconf 86' lang='lat' dir='ltr'><strong>prohibent.</strong></span> <span class='ocrx_word' id='word_1_595' title='bbox 3139 4158 3314 4228; x_wconf 79' lang='lat' dir='ltr'><strong>ignari</strong></span> <span class='ocrx_word' id='word_1_596' title='bbox 3371 4172 3474 4211; x_wconf 84' lang='lat' dir='ltr'><strong>vo-</strong></span> 
     </span>
    </p>
   </div>
   <div class='ocr_carea' id='block_1_85' title="bbox 1888 4245 3476 4316">
    <p class='ocr_par' dir='ltr' id='par_1_85' title="bbox 1888 4245 3476 4316">
     <span class='ocr_line' id='line_1_85' title="bbox 1888 4245 3476 4316; baseline 0.002 -16"><span class='ocrx_word' id='word_1_597' title='bbox 1888 4245 2151 4316; x_wconf 86' lang='lat' dir='ltr'><strong>luptatem</strong></span> <span class='ocrx_word' id='word_1_598' title='bbox 2201 4246 2508 4301; x_wconf 78' lang='lat' dir='ltr'><strong>maximum</strong></span> <span class='ocrx_word' id='word_1_599' title='bbox 2553 4264 2677 4304; x_wconf 87' lang='lat' dir='ltr'><strong>esse</strong></span> <span class='ocrx_word' id='word_1_600' title='bbox 2720 4249 2863 4304; x_wconf 89' lang='lat' dir='ltr'><strong>inter</strong></span> <span class='ocrx_word' id='word_1_601' title='bbox 2915 4249 3169 4305; x_wconf 88' lang='lat' dir='ltr'><strong>homines</strong></span> <span class='ocrx_word' id='word_1_602' title='bbox 3228 4263 3476 4304; x_wconf 90' lang='lat' dir='ltr'><strong>commo-</strong></span> 
     </span>
    </p>
   </div>
   <div class='ocr_carea' id='block_1_86' title="bbox 1889 4338 2042 4393">
    <p class='ocr_par' dir='ltr' id='par_1_86' title="bbox 1889 4338 2042 4393">
     <span class='ocr_line' id='line_1_86' title="bbox 1889 4338 2042 4393; baseline -0.007 0"><span class='ocrx_word' id='word_1_603' title='bbox 1889 4338 2042 4393; x_wconf 81' lang='lat' dir='ltr'><strong>dum.</strong></span> 
     </span>
    </p>
   </div>
   <div class='ocr_carea' id='block_1_87' title="bbox 1964 4430 3475 4506">
    <p class='ocr_par' dir='ltr' id='par_1_87' title="bbox 1964 4430 3475 4506">
     <span class='ocr_line' id='line_1_87' title="bbox 1964 4430 3475 4506; baseline 0.002 -21"><span class='ocrx_word' id='word_1_604' title='bbox 1964 4430 2153 4488; x_wconf 81' lang='lat' dir='ltr'><strong>XVIII.</strong></span> <span class='ocrx_word' id='word_1_605' title='bbox 2192 4431 2337 4501; x_wconf 85' lang='lat' dir='ltr'><strong>Quid</strong></span> <span class='ocrx_word' id='word_1_606' title='bbox 2373 4433 2547 4489; x_wconf 84' lang='lat' dir='ltr'><strong>vero?</strong></span> <span class='ocrx_word' id='word_1_607' title='bbox 2601 4430 2794 4489; x_wconf 88' lang='lat' dir='ltr'><strong>Nonne</strong></span> <span class='ocrx_word' id='word_1_608' title='bbox 2838 4442 2895 4489; x_wconf 90' lang='lat' dir='ltr'><strong>et</strong></span> <span class='ocrx_word' id='word_1_609' title='bbox 2942 4434 3271 4506; x_wconf 88' lang='lat' dir='ltr'><strong>sapientium</strong></span> <span class='ocrx_word' id='word_1_610' title='bbox 3332 4431 3475 4488; x_wconf 85' lang='lat' dir='ltr'><strong>cele-</strong></span> 
     </span>
    </p>
   </div>
   <div class='ocr_carea' id='block_1_88' title="bbox 1487 4571 2163 4629">
    <p class='ocr_par' dir='ltr' id='par_1_88' title="bbox 1487 4571 2163 4629">
     <span class='ocr_line' id='line_1_88' title="bbox 1487 4571 2163 4629; baseline 0.001 -3"><span class='ocrx_word' id='word_1_611' title='bbox 1487 4571 1720 4627; x_wconf 63' lang='lat' dir='ltr'><strong>VARI/E</strong></span> <span class='ocrx_word' id='word_1_612' title='bbox 1760 4571 2163 4629; x_wconf 84' lang='lat' dir='ltr'><strong>LECTIONES.</strong></span> 
     </span>
    </p>
   </div>
   <div class='ocr_carea' id='block_1_89' title="bbox 264 4662 1460 4791">
    <p class='ocr_par' dir='ltr' id='par_1_89' title="bbox 264 4662 1460 4791">
     <span class='ocr_line' id='line_1_89' title="bbox 264 4662 1460 4734; baseline -0.003 -15"><span class='ocrx_word' id='word_1_613' title='bbox 264 4665 382 4720; x_wconf 69' lang='lat' dir='ltr'><strong>‘Ita</strong></span> <span class='ocrx_word' id='word_1_614' title='bbox 405 4664 472 4721; x_wconf 94' lang='lat'><strong>0.</strong></span> <span class='ocrx_word' id='word_1_615' title='bbox 492 4679 542 4719; x_wconf 93' lang='lat' dir='ltr'><strong>c.</strong></span> <span class='ocrx_word' id='word_1_616' title='bbox 571 4678 747 4734; x_wconf 79' lang='lat' dir='ltr'><strong>marg.</strong></span> <span class='ocrx_word' id='word_1_617' title='bbox 773 4662 836 4718; x_wconf 90' lang='lat' dir='ltr'><strong>Ci</strong></span> <span class='ocrx_word' id='word_1_618' title='bbox 867 4704 883 4731; x_wconf 92' lang='lat'><strong>,</strong></span> <span class='ocrx_word' id='word_1_619' title='bbox 909 4663 1069 4733; x_wconf 89' lang='lat' dir='ltr'><strong>cujus</strong></span> <span class='ocrx_word' id='word_1_620' title='bbox 1093 4670 1276 4718; x_wconf 83' lang='lat' dir='ltr'><strong>textus</strong></span> <span class='ocrx_word' id='word_1_621' title='bbox 1311 4662 1460 4734; x_wconf 74' lang='grc' dir='ltr'>’Υμα</span> 
     </span>
     <span class='ocr_line' id='line_1_90' title="bbox 268 4732 1460 4791; baseline -0.003 0"><span class='ocrx_word' id='word_1_622' title='bbox 268 4738 409 4791; x_wconf 63' lang='grc' dir='ltr'><strong>θέως⁹</strong></span> <span class='ocrx_word' id='word_1_623' title='bbox 433 4735 501 4790; x_wconf 90' lang='lat'><strong>0.</strong></span> <span class='ocrx_word' id='word_1_624' title='bbox 580 4735 622 4765; x_wconf 83' lang='grc'>¹²</span> <span class='ocrx_word' id='word_1_625' title='bbox 656 4734 743 4786; x_wconf 86' lang='grc' dir='ltr'><strong>ἵνα</strong></span> <span class='ocrx_word' id='word_1_626' title='bbox 767 4732 831 4787; x_wconf 92' lang='lat' dir='ltr'><strong>C.</strong></span> <span class='ocrx_word' id='word_1_627' title='bbox 908 4735 953 4767; x_wconf 88' lang='grc'><strong>¹³</strong></span> <span class='ocrx_word' id='word_1_628' title='bbox 980 4734 1148 4791; x_wconf 80' lang='grc' dir='ltr'>ίδότες</span> <span class='ocrx_word' id='word_1_629' title='bbox 1172 4733 1238 4789; x_wconf 88' lang='lat'><strong>0.</strong></span> <span class='ocrx_word' id='word_1_630' title='bbox 1268 4732 1413 4788; x_wconf 78' lang='lat' dir='ltr'><strong>idem</strong></span> <span class='ocrx_word' id='word_1_631' title='bbox 1450 4735 1460 4787; x_wconf 71' lang='lat' dir='ltr'><strong>i</strong></span> 
     </span>
    </p>
   </div>
   <div class='ocr_carea' id='block_1_90' title="bbox 197 4756 501 4839">
    <p class='ocr_par' dir='ltr' id='par_1_90' title="bbox 197 4756 501 4839">
     <span class='ocr_line' id='line_1_91' title="bbox 197 4756 501 4839; baseline -0.007 -48"><span class='ocrx_word' id='word_1_632' title='bbox 197 4756 409 4839; x_wconf 79' lang='grc' dir='ltr'>ρυυεως</span> <span class='ocrx_word' id='word_1_633' title='bbox 433 4756 501 4790; x_wconf 80' lang='grc' dir='ltr'>υ.</span> 
     </span>
     <span class='ocr_line' id='line_1_92' title="bbox 220 4808 501 4839; baseline 0 0"><span class='ocrx_word' id='word_1_634' title='bbox 220 4817 243 4839; x_wconf 83' lang='grc' dir='ltr'>ι</span> <span class='ocrx_word' id='word_1_635' title='bbox 267 4808 433 4839; x_wconf 55' lang='lat' dir='ltr'><strong>an“)...</strong></span> <span class='ocrx_word' id='word_1_636' title='bbox 458 4808 501 4839; x_wconf 63' lang='grc' dir='ltr'><strong>Αἰ</strong></span> 
     </span>
    </p>
   </div>
   <div class='ocr_carea' id='block_1_91' title="bbox 580 4732 1940 4803">
    <p class='ocr_par' dir='ltr' id='par_1_91' title="bbox 580 4732 1940 4803">
     <span class='ocr_line' id='line_1_93' title="bbox 580 4732 1940 4803; baseline 0.004 -19"><span class='ocrx_word' id='word_1_637' title='bbox 580 4735 622 4765; x_wconf 82' lang='grc'>¹²</span> <span class='ocrx_word' id='word_1_638' title='bbox 656 4732 743 4786; x_wconf 80' lang='grc' dir='ltr'><strong>ἵνα</strong></span> <span class='ocrx_word' id='word_1_639' title='bbox 767 4732 831 4787; x_wconf 91' lang='lat' dir='ltr'><strong>C.</strong></span> <span class='ocrx_word' id='word_1_640' title='bbox 908 4735 953 4767; x_wconf 80' lang='lat'><strong>&quot;</strong></span> <span class='ocrx_word' id='word_1_641' title='bbox 980 4733 1238 4803; x_wconf 45' lang='lat'><strong>“64:590.</strong></span> <span class='ocrx_word' id='word_1_642' title='bbox 1268 4732 1413 4788; x_wconf 82' lang='lat' dir='ltr'><strong>Idem</strong></span> <span class='ocrx_word' id='word_1_643' title='bbox 1450 4732 1940 4803; x_wconf 80' lang='grc' dir='ltr'>διαφυλάττουσαν.</span> 
     </span>
    </p>
   </div>
   <div class='ocr_carea' id='block_1_92' title="bbox 1465 4662 3474 4737">
    <p class='ocr_par' dir='ltr' id='par_1_92' title="bbox 1465 4662 3474 4737">
     <span class='ocr_line' id='line_1_94' title="bbox 1465 4662 3474 4737; baseline 0.002 -21"><span class='ocrx_word' id='word_1_644' title='bbox 1465 4664 1626 4737; x_wconf 79' lang='grc' dir='ltr'>ινέου.</span> <span class='ocrx_word' id='word_1_645' title='bbox 1668 4735 1675 4737; x_wconf 93' lang='lat'>_</span> <span class='ocrx_word' id='word_1_646' title='bbox 1703 4666 1726 4697; x_wconf 80' lang='grc'><strong>⁸</strong></span> <span class='ocrx_word' id='word_1_647' title='bbox 1767 4666 2062 4737; x_wconf 85' lang='grc' dir='ltr'>Ἀγχιλέως</span> <span class='ocrx_word' id='word_1_648' title='bbox 2216 4666 2274 4737; x_wconf 77' lang='lat'><strong>_‘°</strong></span> <span class='ocrx_word' id='word_1_649' title='bbox 2301 4664 2471 4734; x_wconf 88' lang='grc' dir='ltr'>Δάφνι</span> <span class='ocrx_word' id='word_1_650' title='bbox 2495 4663 2577 4737; x_wconf 65' lang='grc'><strong>0.</strong></span> <span class='ocrx_word' id='word_1_651' title='bbox 2639 4665 2681 4698; x_wconf 83' lang='grc'>¹¹</span> <span class='ocrx_word' id='word_1_652' title='bbox 2715 4664 2792 4737; x_wconf 80' lang='lat' dir='ltr'><strong>Ita</strong></span> <span class='ocrx_word' id='word_1_653' title='bbox 2823 4662 2905 4737; x_wconf 89' lang='lat' dir='ltr'><strong>S.,</strong></span> <span class='ocrx_word' id='word_1_654' title='bbox 2942 4664 3262 4737; x_wconf 79' lang='grc' dir='ltr'>Εύρυστὲως</span> <span class='ocrx_word' id='word_1_655' title='bbox 3285 4666 3354 4725; x_wconf 80' lang='lat' dir='ltr'><strong>C.</strong></span> <span class='ocrx_word' id='word_1_656' title='bbox 3374 4664 3474 4721; x_wconf 85' lang='grc' dir='ltr'><strong>Εὑ-</strong></span> 
     </span>
    </p>
   </div>
   <div class='ocr_carea' id='block_1_93' title="bbox 2021 4734 3470 4805">
    <p class='ocr_par' dir='ltr' id='par_1_93' title="bbox 2021 4734 3470 4805">
     <span class='ocr_line' id='line_1_95' title="bbox 2021 4734 3470 4805; baseline 0.004 -16"><span class='ocrx_word' id='word_1_657' title='bbox 2021 4738 2065 4777; x_wconf 68' lang='grc' dir='ltr'><strong>²ι</strong></span> <span class='ocrx_word' id='word_1_658' title='bbox 2092 4736 2170 4791; x_wconf 89' lang='lat' dir='ltr'><strong>Ita</strong></span> <span class='ocrx_word' id='word_1_659' title='bbox 2204 4734 2269 4800; x_wconf 95' lang='lat'><strong>0,</strong></span> <span class='ocrx_word' id='word_1_660' title='bbox 2294 4745 2349 4790; x_wconf 90' lang='lat' dir='ltr'><strong>et</strong></span> <span class='ocrx_word' id='word_1_661' title='bbox 2370 4752 2437 4789; x_wconf 83' lang='lat' dir='ltr'><strong>ex</strong></span> <span class='ocrx_word' id='word_1_662' title='bbox 2458 4736 2691 4805; x_wconf 88' lang='lat' dir='ltr'><strong>conject.</strong></span> <span class='ocrx_word' id='word_1_663' title='bbox 2718 4736 2759 4790; x_wconf 92' lang='lat' dir='ltr'><strong>C</strong></span> <span class='ocrx_word' id='word_1_664' title='bbox 2791 4776 2807 4793; x_wconf 92' lang='lat'><strong>.</strong></span> <span class='ocrx_word' id='word_1_665' title='bbox 2840 4736 2893 4789; x_wconf 91' lang='lat' dir='ltr'><strong>in</strong></span> <span class='ocrx_word' id='word_1_666' title='bbox 2927 4734 3087 4805; x_wconf 87' lang='lat' dir='ltr'><strong>cujus</strong></span> <span class='ocrx_word' id='word_1_667' title='bbox 3120 4744 3271 4791; x_wconf 83' lang='lat' dir='ltr'><strong>textu</strong></span> <span class='ocrx_word' id='word_1_668' title='bbox 3309 4737 3470 4802; x_wconf 87' lang='grc' dir='ltr'>θεοῖς.</span> 
     </span>
    </p>
   </div>
   <div class='ocr_carea' id='block_1_94' title="bbox 219 4802 3473 4881">
    <p class='ocr_par' dir='ltr' id='par_1_94' title="bbox 219 4802 3473 4881">
     <span class='ocr_line' id='line_1_96' title="bbox 219 4802 3473 4881; baseline 0.001 -20"><span class='ocrx_word' id='word_1_669' title='bbox 219 4817 243 4849; x_wconf 77' lang='grc' dir='ltr'>ι</span> <span class='ocrx_word' id='word_1_670' title='bbox 267 4804 627 4881; x_wconf 38' lang='grc' dir='ltr'>κυνὸς-οὐράν</span> <span class='ocrx_word' id='word_1_671' title='bbox 648 4804 712 4859; x_wconf 93' lang='lat' dir='ltr'><strong>C.</strong></span> <span class='ocrx_word' id='word_1_672' title='bbox 792 4804 836 4881; x_wconf 61' lang='grc' dir='ltr'><strong>’ξ</strong></span> <span class='ocrx_word' id='word_1_673' title='bbox 865 4803 943 4860; x_wconf 88' lang='lat' dir='ltr'><strong>Ita</strong></span> <span class='ocrx_word' id='word_1_674' title='bbox 968 4804 1015 4859; x_wconf 95' lang='lat'><strong>0</strong></span> <span class='ocrx_word' id='word_1_675' title='bbox 1068 4802 1184 4881; x_wconf 85' lang='lat' dir='ltr'><strong>et_C</strong></span> <span class='ocrx_word' id='word_1_676' title='bbox 1236 4820 1303 4859; x_wconf 82' lang='lat' dir='ltr'><strong>ex</strong></span> <span class='ocrx_word' id='word_1_677' title='bbox 1329 4802 1593 4876; x_wconf 53' lang='lat' dir='ltr'><strong>conject,</strong></span> <span class='ocrx_word' id='word_1_678' title='bbox 1627 4808 1807 4877; x_wconf 80' lang='grc' dir='ltr'>Ἀρκα</span> <span class='ocrx_word' id='word_1_679' title='bbox 1832 4808 1956 4881; x_wconf 82' lang='lat' dir='ltr'><strong>cod.</strong></span> <span class='ocrx_word' id='word_1_680' title='bbox 1985 4806 2144 4862; x_wconf 91' lang='lat' dir='ltr'><strong>Ilom.</strong></span> <span class='ocrx_word' id='word_1_681' title='bbox 2175 4805 2533 4863; x_wconf 86' lang='lat' dir='ltr'><strong>Parisiensis.</strong></span> <span class='ocrx_word' id='word_1_682' title='bbox 2561 4802 2697 4862; x_wconf 88' lang='lat' dir='ltr'><strong>Dein</strong></span> <span class='ocrx_word' id='word_1_683' title='bbox 2724 4807 2824 4881; x_wconf 88' lang='grc' dir='ltr'><strong>τήν</strong></span> <span class='ocrx_word' id='word_1_684' title='bbox 2850 4806 2916 4874; x_wconf 87' lang='lat'><strong>0,</strong></span> <span class='ocrx_word' id='word_1_685' title='bbox 2940 4802 3082 4861; x_wconf 56' lang='lat' dir='ltr'><strong>et&#39;ex</strong></span> <span class='ocrx_word' id='word_1_686' title='bbox 3109 4807 3345 4878; x_wconf 88' lang='lat' dir='ltr'><strong>conject.</strong></span> <span class='ocrx_word' id='word_1_687' title='bbox 3382 4808 3423 4863; x_wconf 93' lang='lat' dir='ltr'><strong>C</strong></span> <span class='ocrx_word' id='word_1_688' title='bbox 3455 4850 3473 4877; x_wconf 89' lang='lat'><strong>,</strong></span> 
     </span>
    </p>
   </div>
   <div class='ocr_carea' id='block_1_95' title="bbox 197 4874 1249 4949">
    <p class='ocr_par' dir='ltr' id='par_1_95' title="bbox 197 4874 1249 4949">
     <span class='ocr_line' id='line_1_97' title="bbox 197 4874 1249 4949; baseline 0 -15"><span class='ocrx_word' id='word_1_689' title='bbox 197 4880 295 4949; x_wconf 91' lang='lat' dir='ltr'><strong>qui</strong></span> <span class='ocrx_word' id='word_1_690' title='bbox 342 4881 410 4949; x_wconf 82' lang='grc' dir='ltr'>τῇ</span> <span class='ocrx_word' id='word_1_691' title='bbox 441 4877 497 4931; x_wconf 93' lang='lat' dir='ltr'><strong>in</strong></span> <span class='ocrx_word' id='word_1_692' title='bbox 527 4874 701 4942; x_wconf 76' lang='lat' dir='ltr'><strong>textu,</strong></span> <span class='ocrx_word' id='word_1_693' title='bbox 726 4892 787 4928; x_wconf 90' lang='grc' dir='ltr'><strong>τε</strong></span> <span class='ocrx_word' id='word_1_694' title='bbox 813 4874 1077 4947; x_wconf 30' lang='lat' dir='ltr'><strong>in‘marg.</strong></span> <span class='ocrx_word' id='word_1_695' title='bbox 1104 4876 1249 4935; x_wconf 77' lang='lat' dir='ltr'><strong>Cor.</strong></span> 
     </span>
    </p>
   </div>
   <div class='ocr_carea' id='block_1_96' title="bbox 1526 4963 2154 5024">
    <p class='ocr_par' dir='ltr' id='par_1_96' title="bbox 1526 4963 2154 5024">
     <span class='ocr_line' id='line_1_98' title="bbox 1526 4963 2154 5024; baseline -0.002 -4"><span class='ocrx_word' id='word_1_696' title='bbox 1526 4965 1887 5024; x_wconf 68' lang='lat' dir='ltr'><strong>I&#39;ARIORUM</strong></span> <span class='ocrx_word' id='word_1_697' title='bbox 1921 4963 2154 5020; x_wconf 68' lang='lat' dir='ltr'><strong>NOTAE.</strong></span> 
     </span>
    </p>
   </div>
   <div class='ocr_carea' id='block_1_97' title="bbox 269 5074 2635 5152">
    <p class='ocr_par' dir='ltr' id='par_1_97' title="bbox 269 5074 2635 5152">
     <span class='ocr_line' id='line_1_99' title="bbox 269 5074 2635 5152; baseline -0.002 -16"><span class='ocrx_word' id='word_1_698' title='bbox 269 5081 387 5152; x_wconf 89' lang='lat'><strong>(89)</strong></span> <span class='ocrx_word' id='word_1_699' title='bbox 423 5080 697 5152; x_wconf 77' lang='grc' dir='ltr'>Βράγχου</span> <span class='ocrx_word' id='word_1_700' title='bbox 741 5079 1014 5152; x_wconf 18' lang='grc' dir='ltr'>ΫΤυμναίο</span> <span class='ocrx_word' id='word_1_701' title='bbox 1078 5078 1275 5152; x_wconf 60' lang='grc' dir='ltr'>ίτὰρου</span> <span class='ocrx_word' id='word_1_702' title='bbox 1323 5079 1629 5152; x_wconf 56' lang='grc' dir='ltr'>ποτνιέως.</span> <span class='ocrx_word' id='word_1_703' title='bbox 1672 5078 1782 5152; x_wconf 71' lang='lat' dir='ltr'><strong>_Ita</strong></span> <span class='ocrx_word' id='word_1_704' title='bbox 1816 5074 1860 5129; x_wconf 90' lang='lat' dir='ltr'><strong>D</strong></span> <span class='ocrx_word' id='word_1_705' title='bbox 1888 5080 2046 5152; x_wconf 77' lang='lat' dir='ltr'><strong>plura</strong></span> <span class='ocrx_word' id='word_1_706' title='bbox 2071 5077 2207 5152; x_wconf 78' lang='lat' dir='ltr'><strong>nihil</strong></span> <span class='ocrx_word' id='word_1_707' title='bbox 2231 5077 2635 5152; x_wconf 35' lang='lat' dir='ltr'><strong>necessetCo&#39;r.</strong></span> 
     </span>
    </p>
   </div>
   <div class='ocr_carea' id='block_1_98' title="bbox 205 5150 1787 5221">
    <p class='ocr_par' dir='ltr' id='par_1_98' title="bbox 205 5150 1787 5221">
     <span class='ocr_line' id='line_1_100' title="bbox 205 5150 1787 5221; baseline -0.003 -12"><span class='ocrx_word' id='word_1_708' title='bbox 205 5156 255 5211; x_wconf 81' lang='lat' dir='ltr'><strong>in</strong></span> <span class='ocrx_word' id='word_1_709' title='bbox 282 5150 397 5207; x_wconf 22' lang='lat' dir='ltr'><strong>‘ms.</strong></span> <span class='ocrx_word' id='word_1_710' title='bbox 433 5151 588 5221; x_wconf 85' lang='lat' dir='ltr'><strong>Unde</strong></span> <span class='ocrx_word' id='word_1_711' title='bbox 623 5151 817 5205; x_wconf 88' lang='lat' dir='ltr'><strong>conﬁci</strong></span> <span class='ocrx_word' id='word_1_712' title='bbox 850 5158 1045 5221; x_wconf 87' lang='lat' dir='ltr'><strong>queat,</strong></span> <span class='ocrx_word' id='word_1_713' title='bbox 1087 5150 1340 5221; x_wconf 78' lang='grc' dir='ltr'>Βράγχου</span> <span class='ocrx_word' id='word_1_714' title='bbox 1373 5150 1636 5220; x_wconf 87' lang='grc' dir='ltr'>Τυμνίου,</span> <span class='ocrx_word' id='word_1_715' title='bbox 1671 5150 1787 5204; x_wconf 85' lang='grc' dir='ltr'>Πά-</span> 
     </span>
    </p>
   </div>
   <div class='ocr_carea' id='block_1_99' title="bbox 200 5219 1787 5345">
    <p class='ocr_par' dir='ltr' id='par_1_99' title="bbox 200 5219 1787 5345">
     <span class='ocr_line' id='line_1_101' title="bbox 200 5219 1787 5345; baseline 0.001 -70"><span class='ocrx_word' id='word_1_716' title='bbox 200 5220 616 5345; x_wconf 36' lang='grc' dir='ltr'>ΕουΙΠοτνιέως.</span> <span class='ocrx_word' id='word_1_717' title='bbox 645 5219 882 5275; x_wconf 75' lang='lat' dir='ltr'><strong>Branchi</strong></span> <span class='ocrx_word' id='word_1_718' title='bbox 905 5220 947 5274; x_wconf 88' lang='grc' dir='ltr'><em>Τ</em></span> <span class='ocrx_word' id='word_1_719' title='bbox 949 5221 1137 5290; x_wconf 78' lang='lat' dir='ltr'><strong>ymm&#39;i,</strong></span> <span class='ocrx_word' id='word_1_720' title='bbox 1163 5219 1295 5274; x_wconf 73' lang='lat' dir='ltr'><strong>Pari</strong></span> <span class='ocrx_word' id='word_1_721' title='bbox 1326 5219 1661 5301; x_wconf 65' lang='lat' dir='ltr'><strong>Potniensis,’</strong></span> <span class='ocrx_word' id='word_1_722' title='bbox 1691 5231 1787 5303; x_wconf 82' lang='lat' dir='ltr'><strong>aut</strong></span> 
     </span>
     <span class='ocr_line' id='line_1_102' title="bbox 249 5291 1784 5345; baseline 0 0"><span class='ocrx_word' id='word_1_723' title='bbox 249 5308 457 5345; x_wconf 78' lang='grc' dir='ltr'>οαγνου</span> <span class='ocrx_word' id='word_1_724' title='bbox 504 5292 810 5345; x_wconf 80' lang='grc' dir='ltr'>Ατυιινίου.</span> <span class='ocrx_word' id='word_1_725' title='bbox 842 5292 1026 5345; x_wconf 79' lang='grc' dir='ltr'>Πάρου</span> <span class='ocrx_word' id='word_1_726' title='bbox 1061 5291 1360 5345; x_wconf 69' lang='grc' dir='ltr'>Ποτνιέωςξ</span> <span class='ocrx_word' id='word_1_727' title='bbox 1402 5302 1497 5345; x_wconf 88' lang='lat' dir='ltr'><strong>aut</strong></span> <span class='ocrx_word' id='word_1_728' title='bbox 1542 5293 1673 5345; x_wconf 82' lang='lat' dir='ltr'><strong>auld</strong></span> <span class='ocrx_word' id='word_1_729' title='bbox 1710 5310 1784 5345; x_wconf 73' lang='lat' dir='ltr'><strong>sr-</strong></span> 
     </span>
    </p>
   </div>
   <div class='ocr_carea' id='block_1_100' title="bbox 199 5291 1784 5442">
    <p class='ocr_par' dir='ltr' id='par_1_100' title="bbox 199 5291 1784 5442">
     <span class='ocr_line' id='line_1_103' title="bbox 200 5291 1784 5365; baseline 0.001 -20"><span class='ocrx_word' id='word_1_730' title='bbox 200 5291 457 5365; x_wconf 82' lang='grc' dir='ltr'>Βράγχου</span> <span class='ocrx_word' id='word_1_731' title='bbox 488 5292 775 5363; x_wconf 80' lang='grc' dir='ltr'>Ἀτυμνίου</span> <span class='ocrx_word' id='word_1_732' title='bbox 796 5331 810 5355; x_wconf 97' lang='grc'><strong>,</strong></span> <span class='ocrx_word' id='word_1_733' title='bbox 842 5292 1026 5363; x_wconf 91' lang='grc' dir='ltr'>Πάρου</span> <span class='ocrx_word' id='word_1_734' title='bbox 1061 5291 1360 5356; x_wconf 81' lang='grc' dir='ltr'>Ποτνιέως;</span> <span class='ocrx_word' id='word_1_735' title='bbox 1402 5302 1497 5345; x_wconf 89' lang='lat' dir='ltr'><strong>aut</strong></span> <span class='ocrx_word' id='word_1_736' title='bbox 1542 5292 1673 5360; x_wconf 91' lang='lat' dir='ltr'><strong>quid</strong></span> <span class='ocrx_word' id='word_1_737' title='bbox 1710 5293 1784 5346; x_wconf 89' lang='lat' dir='ltr'><strong>si-</strong></span> 
     </span>
     <span class='ocr_line' id='line_1_104' title="bbox 199 5360 1781 5442; baseline -0.001 -24"><span class='ocrx_word' id='word_1_738' title='bbox 199 5363 569 5442; x_wconf 39' lang='lat' dir='ltr'><strong>tniIeLErapt</strong></span> <span class='ocrx_word' id='word_1_739' title='bbox 588 5362 735 5442; x_wconf 38' lang='lat' dir='ltr'><strong>cuiam</strong></span> <span class='ocrx_word' id='word_1_740' title='bbox 766 5360 1088 5442; x_wconf 63' lang='lat' dir='ltr'><strong>Branchidae</strong></span> <span class='ocrx_word' id='word_1_741' title='bbox 1119 5361 1172 5415; x_wconf 94' lang='lat' dir='ltr'><strong>in</strong></span> <span class='ocrx_word' id='word_1_742' title='bbox 1198 5378 1331 5442; x_wconf 74' lang='lat' dir='ltr'><strong>agro</strong></span> <span class='ocrx_word' id='word_1_743' title='bbox 1360 5360 1591 5442; x_wconf 69' lang='lat' dir='ltr'><strong>Milesio,</strong></span> <span class='ocrx_word' id='word_1_744' title='bbox 1621 5363 1781 5417; x_wconf 90' lang='lat' dir='ltr'><strong>testi-</strong></span> 
     </span>
    </p>
   </div>
   <div class='ocr_carea' id='block_1_101' title="bbox 200 5430 1783 5498">
    <p class='ocr_par' dir='ltr' id='par_1_101' title="bbox 200 5430 1783 5498">
     <span class='ocr_line' id='line_1_105' title="bbox 200 5430 1783 5498; baseline -0.001 -9"><span class='ocrx_word' id='word_1_745' title='bbox 200 5433 309 5489; x_wconf 86' lang='lat' dir='ltr'><strong>bus</strong></span> <span class='ocrx_word' id='word_1_746' title='bbox 340 5431 634 5496; x_wconf 82' lang='lat' dir='ltr'><strong>Ilerodoto,</strong></span> <span class='ocrx_word' id='word_1_747' title='bbox 668 5430 957 5497; x_wconf 86' lang='lat' dir='ltr'><strong>Strabone,</strong></span> <span class='ocrx_word' id='word_1_748' title='bbox 999 5430 1301 5498; x_wconf 86' lang='lat' dir='ltr'><strong>Pausania;</strong></span> <span class='ocrx_word' id='word_1_749' title='bbox 1350 5441 1404 5486; x_wconf 88' lang='lat' dir='ltr'><strong>et</strong></span> <span class='ocrx_word' id='word_1_750' title='bbox 1440 5431 1685 5487; x_wconf 89' lang='lat' dir='ltr'><strong>Miletum</strong></span> <span class='ocrx_word' id='word_1_751' title='bbox 1717 5447 1783 5488; x_wconf 90' lang='lat' dir='ltr'><strong>ac</strong></span> 
     </span>
    </p>
   </div>
   <div class='ocr_carea' id='block_1_102' title="bbox 200 5501 1782 5575">
    <p class='ocr_par' dir='ltr' id='par_1_102' title="bbox 200 5501 1782 5575">
     <span class='ocr_line' id='line_1_106' title="bbox 200 5501 1782 5575; baseline -0.001 -18"><span class='ocrx_word' id='word_1_752' title='bbox 200 5501 479 5575; x_wconf 59' lang='lat' dir='ltr'><strong>Tymnum</strong></span> <span class='ocrx_word' id='word_1_753' title='bbox 523 5501 581 5575; x_wconf 88' lang='lat' dir='ltr'><strong>in</strong></span> <span class='ocrx_word' id='word_1_754' title='bbox 620 5501 779 5575; x_wconf 77' lang='lat' dir='ltr'><strong>Caria</strong></span> <span class='ocrx_word' id='word_1_755' title='bbox 814 5501 1309 5575; x_wconf 69' lang='lat' dir='ltr'><strong>ponitStephanus</strong></span> <span class='ocrx_word' id='word_1_756' title='bbox 1348 5517 1364 5554; x_wconf 71' lang='grc' dir='ltr'><strong>ι</strong></span> <span class='ocrx_word' id='word_1_757' title='bbox 1397 5518 1569 5572; x_wconf 84' lang='lat' dir='ltr'><strong>quare</strong></span> <span class='ocrx_word' id='word_1_758' title='bbox 1610 5502 1782 5575; x_wconf 48' lang='lat' dir='ltr'><strong>Branf</strong></span> 
     </span>
    </p>
   </div>
   <div class='ocr_carea' id='block_1_103' title="bbox 201 5571 1777 5643">
    <p class='ocr_par' dir='ltr' id='par_1_103' title="bbox 201 5571 1777 5643">
     <span class='ocr_line' id='line_1_107' title="bbox 201 5571 1777 5643; baseline 0.001 -17"><span class='ocrx_word' id='word_1_759' title='bbox 201 5571 350 5643; x_wconf 66' lang='lat' dir='ltr'><strong>chus</strong></span> <span class='ocrx_word' id='word_1_760' title='bbox 386 5571 653 5643; x_wconf 81' lang='lat' dir='ltr'><strong>Tymnius</strong></span> <span class='ocrx_word' id='word_1_761' title='bbox 698 5571 884 5643; x_wconf 78' lang='lat' dir='ltr'><strong>forsan</strong></span> <span class='ocrx_word' id='word_1_762' title='bbox 930 5573 1112 5643; x_wconf 88' lang='lat' dir='ltr'><strong>dictus</strong></span> <span class='ocrx_word' id='word_1_763' title='bbox 1154 5571 1359 5639; x_wconf 80' lang='lat' dir='ltr'><strong>fuerit,</strong></span> <span class='ocrx_word' id='word_1_764' title='bbox 1411 5571 1576 5642; x_wconf 86' lang='lat' dir='ltr'><strong>quem</strong></span> <span class='ocrx_word' id='word_1_765' title='bbox 1620 5573 1777 5627; x_wconf 91' lang='lat' dir='ltr'><strong>multi</strong></span> 
     </span>
    </p>
   </div>
   <div class='ocr_carea' id='block_1_104' title="bbox 201 5640 1781 5714">
    <p class='ocr_par' dir='ltr' id='par_1_104' title="bbox 201 5640 1781 5714">
     <span class='ocr_line' id='line_1_108' title="bbox 201 5640 1781 5714; baseline 0.001 -17"><span class='ocrx_word' id='word_1_766' title='bbox 201 5640 534 5697; x_wconf 80' lang='lat' dir='ltr'><strong>Thessalum</strong></span> <span class='ocrx_word' id='word_1_767' title='bbox 568 5640 1144 5714; x_wconf 77' lang='lat' dir='ltr'><strong>faciunt_._Atymnium</strong></span> <span class='ocrx_word' id='word_1_768' title='bbox 1172 5651 1355 5714; x_wconf 81' lang='lat' dir='ltr'><strong>autem</strong></span> <span class='ocrx_word' id='word_1_769' title='bbox 1379 5640 1622 5714; x_wconf 81' lang='lat' dir='ltr'><strong>amatum</strong></span> <span class='ocrx_word' id='word_1_770' title='bbox 1659 5657 1781 5698; x_wconf 85' lang='lat' dir='ltr'><strong>esse</strong></span> 
     </span>
    </p>
   </div>
   <div class='ocr_carea' id='block_1_105' title="bbox 201 5710 1781 5782">
    <p class='ocr_par' dir='ltr' id='par_1_105' title="bbox 201 5710 1781 5782">
     <span class='ocr_line' id='line_1_109' title="bbox 201 5710 1781 5782; baseline 0 -15"><span class='ocrx_word' id='word_1_771' title='bbox 201 5714 275 5768; x_wconf 83' lang='lat' dir='ltr'><strong>ab</strong></span> <span class='ocrx_word' id='word_1_772' title='bbox 304 5714 555 5782; x_wconf 79' lang='lat' dir='ltr'><strong>Apolline</strong></span> <span class='ocrx_word' id='word_1_773' title='bbox 576 5713 743 5768; x_wconf 88' lang='lat' dir='ltr'><strong>tradit</strong></span> <span class='ocrx_word' id='word_1_774' title='bbox 767 5710 996 5767; x_wconf 85' lang='lat' dir='ltr'><strong>Nonnus</strong></span> <span class='ocrx_word' id='word_1_775' title='bbox 1023 5710 1461 5782; x_wconf 77' lang='lat' dir='ltr'><strong>Dionysiacorum</strong></span> <span class='ocrx_word' id='word_1_776' title='bbox 1486 5713 1581 5767; x_wconf 91' lang='lat' dir='ltr'><strong>lib.</strong></span> <span class='ocrx_word' id='word_1_777' title='bbox 1610 5728 1702 5767; x_wconf 75' lang='lat' dir='ltr'><strong>xu</strong></span> <span class='ocrx_word' id='word_1_778' title='bbox 1725 5720 1781 5768; x_wconf 90' lang='lat' dir='ltr'><strong>et</strong></span> 
     </span>
    </p>
   </div>
   <div class='ocr_carea' id='block_1_106' title="bbox 204 5780 1779 5856">
    <p class='ocr_par' dir='ltr' id='par_1_106' title="bbox 204 5780 1779 5856">
     <span class='ocr_line' id='line_1_110' title="bbox 204 5780 1779 5856; baseline 0.001 -17"><span class='ocrx_word' id='word_1_779' title='bbox 204 5780 594 5844; x_wconf 51' lang='lat' dir='ltr'><strong>nix.&#39;.Verum</strong></span> <span class='ocrx_word' id='word_1_780' title='bbox 641 5784 698 5840; x_wconf 90' lang='lat' dir='ltr'><strong>in</strong></span> <span class='ocrx_word' id='word_1_781' title='bbox 729 5783 819 5840; x_wconf 77' lang='lat' dir='ltr'><strong>bis</strong></span> <span class='ocrx_word' id='word_1_782' title='bbox 857 5783 1128 5855; x_wconf 80' lang='lat' dir='ltr'><strong>corruptis</strong></span> <span class='ocrx_word' id='word_1_783' title='bbox 1164 5780 1335 5856; x_wconf 77' lang='lat' dir='ltr'><strong>atque</strong></span> <span class='ocrx_word' id='word_1_784' title='bbox 1363 5783 1779 5855; x_wconf 63' lang='lat' dir='ltr'><strong>ignorabilibus</strong></span> 
     </span>
    </p>
   </div>
   <div class='ocr_carea' id='block_1_107' title="bbox 1961 5144 3471 5220">
    <p class='ocr_par' dir='ltr' id='par_1_107' title="bbox 1961 5144 3471 5220">
     <span class='ocr_line' id='line_1_111' title="bbox 1961 5144 3471 5220; baseline 0.001 -18"><span class='ocrx_word' id='word_1_785' title='bbox 1961 5148 2074 5220; x_wconf 80' lang='lat'><strong>(90)</strong></span> <span class='ocrx_word' id='word_1_786' title='bbox 2116 5144 2412 5220; x_wconf 69' lang='grc' dir='ltr'>Ἡρακλῆς</span> <span class='ocrx_word' id='word_1_787' title='bbox 2460 5147 2530 5201; x_wconf 85' lang='grc' dir='ltr'>δὲ</span> <span class='ocrx_word' id='word_1_788' title='bbox 2568 5145 2865 5220; x_wconf 65' lang='grc' dir='ltr'>Ἀϐδήρου.</span> <span class='ocrx_word' id='word_1_789' title='bbox 2898 5147 3377 5220; x_wconf 81' lang='lat' dir='ltr'><strong>Apollodoruslib.</strong></span> <span class='ocrx_word' id='word_1_790' title='bbox 3408 5164 3471 5219; x_wconf 70' lang='grc' dir='ltr'><strong>ιι⁸</strong></span> 
     </span>
    </p>
   </div>
   <div class='ocr_carea' id='block_1_108' title="bbox 1886 5218 3470 5289">
    <p class='ocr_par' dir='ltr' id='par_1_108' title="bbox 1886 5218 3470 5289">
     <span class='ocr_line' id='line_1_112' title="bbox 1886 5218 3470 5289; baseline -0.003 -15"><span class='ocrx_word' id='word_1_791' title='bbox 1886 5218 1978 5274; x_wconf 70' lang='lat' dir='ltr'><strong>De</strong></span> <span class='ocrx_word' id='word_1_792' title='bbox 2008 5219 2136 5281; x_wconf 79' lang='lat' dir='ltr'><strong>diis,</strong></span> <span class='ocrx_word' id='word_1_793' title='bbox 2194 5219 2471 5272; x_wconf 89' lang='lat' dir='ltr'><strong>Abderum</strong></span> <span class='ocrx_word' id='word_1_794' title='bbox 2525 5220 2758 5288; x_wconf 72' lang='lat' dir='ltr'><strong>appellnt</strong></span> <span class='ocrx_word' id='word_1_795' title='bbox 2806 5218 3136 5289; x_wconf 81' lang='grc' dir='ltr'>Ἡρακλέους</span> <span class='ocrx_word' id='word_1_796' title='bbox 3176 5218 3470 5288; x_wconf 80' lang='grc' dir='ltr'>ἐρώμενον,</span> 
     </span>
    </p>
   </div>
   <div class='ocr_carea' id='block_1_109' title="bbox 1887 5288 3473 5359">
    <p class='ocr_par' dir='ltr' id='par_1_109' title="bbox 1887 5288 3473 5359">
     <span class='ocr_line' id='line_1_113' title="bbox 1887 5288 3473 5359; baseline 0.001 -16"><span class='ocrx_word' id='word_1_797' title='bbox 1887 5289 2139 5345; x_wconf 75' lang='lat' dir='ltr'><strong>Herculis</strong></span> <span class='ocrx_word' id='word_1_798' title='bbox 2159 5289 2764 5359; x_wconf 53' lang='grc' dir='ltr'>αηιαεεαηῃἩρακλέος</span> <span class='ocrx_word' id='word_1_799' title='bbox 2793 5288 2945 5356; x_wconf 83' lang='grc' dir='ltr'>φίλον</span> <span class='ocrx_word' id='word_1_800' title='bbox 2974 5288 3198 5359; x_wconf 85' lang='lat' dir='ltr'><strong>Tzetzcs</strong></span> <span class='ocrx_word' id='word_1_801' title='bbox 3226 5289 3473 5359; x_wconf 83' lang='lat' dir='ltr'><strong>Chiliade</strong></span> 
     </span>
    </p>
   </div>
   <div class='ocr_carea' id='block_1_110' title="bbox 1885 5356 3464 5432">
    <p class='ocr_par' dir='ltr' id='par_1_110' title="bbox 1885 5356 3464 5432">
     <span class='ocr_line' id='line_1_114' title="bbox 1885 5356 3464 5432; baseline -0.001 -18"><span class='ocrx_word' id='word_1_802' title='bbox 1885 5359 2061 5432; x_wconf 51' lang='grc' dir='ltr'>λιιι</span> <span class='ocrx_word' id='word_1_803' title='bbox 2085 5359 2365 5432; x_wconf 77' lang='lat' dir='ltr'><strong>S_tepl_ia_no</strong></span> <span class='ocrx_word' id='word_1_804' title='bbox 2407 5356 2703 5432; x_wconf 64' lang='lat' dir='ltr'><strong>Byzantio;</strong></span> <span class='ocrx_word' id='word_1_805' title='bbox 2740 5359 3015 5432; x_wconf 62' lang='grc' dir='ltr'>Ἄϐδηρα,</span> <span class='ocrx_word' id='word_1_806' title='bbox 3053 5357 3464 5432; x_wconf 44' lang='grc' dir='ltr'>ἁπὸςΑόδήρου</span> 
     </span>
    </p>
   </div>
   <div class='ocr_carea' id='block_1_111' title="bbox 1880 5427 3288 5500">
    <p class='ocr_par' dir='ltr' id='par_1_111' title="bbox 1880 5427 3288 5500">
     <span class='ocr_line' id='line_1_115' title="bbox 1880 5427 3288 5500; baseline -0.003 -15"><span class='ocrx_word' id='word_1_807' title='bbox 1880 5429 1977 5485; x_wconf 83' lang='grc' dir='ltr'><strong>τοῦ</strong></span> <span class='ocrx_word' id='word_1_808' title='bbox 2015 5427 2132 5500; x_wconf 85' lang='grc' dir='ltr'>υἱοῦ</span> <span class='ocrx_word' id='word_1_809' title='bbox 2179 5429 2429 5500; x_wconf 79' lang='grc' dir='ltr'>Ἡρίμου,</span> <span class='ocrx_word' id='word_1_810' title='bbox 2455 5427 2801 5500; x_wconf 71' lang='grc' dir='ltr'>’Ἡρακλέους</span> <span class='ocrx_word' id='word_1_811' title='bbox 2831 5427 3128 5500; x_wconf 64' lang='grc' dir='ltr'>ἱερωμένου.</span> <span class='ocrx_word' id='word_1_812' title='bbox 3153 5428 3288 5483; x_wconf 71' lang='lat' dir='ltr'><strong>Cor.</strong></span> 
     </span>
    </p>
   </div>
   <div class='ocr_carea' id='block_1_112' title="bbox 1959 5498 3474 5573">
    <p class='ocr_par' dir='ltr' id='par_1_112' title="bbox 1959 5498 3474 5573">
     <span class='ocr_line' id='line_1_116' title="bbox 1959 5498 3474 5573; baseline -0.002 -20"><span class='ocrx_word' id='word_1_813' title='bbox 1959 5498 2597 5573; x_wconf 60' lang='lat' dir='ltr'><strong>(9I)_Ka.1.1rozcb,_rﬁr</strong></span> <span class='ocrx_word' id='word_1_814' title='bbox 2632 5498 2970 5573; x_wconf 59' lang='lat' dir='ltr'><strong>xerony</strong></span> <span class='ocrx_word' id='word_1_815' title='bbox 3007 5498 3229 5567; x_wconf 78' lang='grc' dir='ltr'>ἄρκτον</span> <span class='ocrx_word' id='word_1_816' title='bbox 3251 5500 3474 5573; x_wconf 67' lang='grc' dir='ltr'>μικρῶς</span> 
     </span>
    </p>
   </div>
   <div class='ocr_carea' id='block_1_113' title="bbox 1885 5566 3471 5639">
    <p class='ocr_par' dir='ltr' id='par_1_113' title="bbox 1885 5566 3471 5639">
     <span class='ocr_line' id='line_1_117' title="bbox 1885 5566 3471 5639; baseline -0.001 -14"><span class='ocrx_word' id='word_1_817' title='bbox 1885 5566 1977 5639; x_wconf 76' lang='grc' dir='ltr'><strong>ἦν’</strong></span> <span class='ocrx_word' id='word_1_818' title='bbox 1995 5566 2095 5625; x_wconf 73' lang='grc' dir='ltr'><strong>καί</strong></span> <span class='ocrx_word' id='word_1_819' title='bbox 2120 5571 2305 5635; x_wconf 64' lang='grc' dir='ltr'>κυνὸς</span> <span class='ocrx_word' id='word_1_820' title='bbox 2338 5569 2527 5637; x_wconf 73' lang='grc' dir='ltr'>οὐρὰν</span> <span class='ocrx_word' id='word_1_821' title='bbox 2541 5566 3094 5639; x_wconf 67' lang='grc' dir='ltr'>προσαγορεύουσίν</span> <span class='ocrx_word' id='word_1_822' title='bbox 3110 5584 3286 5639; x_wconf 65' lang='grc' dir='ltr'>τινες.</span> <span class='ocrx_word' id='word_1_823' title='bbox 3310 5566 3471 5639; x_wconf 72' lang='lat' dir='ltr'><strong>Apud</strong></span> 
     </span>
    </p>
   </div>
   <div class='ocr_carea' id='block_1_114' title="bbox 1886 5636 3472 5727">
    <p class='ocr_par' dir='ltr' id='par_1_114' title="bbox 1886 5636 3472 5727">
     <span class='ocr_line' id='line_1_118' title="bbox 1886 5636 3472 5727; baseline 0.003 -4"><span class='ocrx_word' id='word_1_824' title='bbox 1886 5636 2035 5727; x_wconf 65' lang='lat' dir='ltr'><strong>alios</strong></span> <span class='ocrx_word' id='word_1_825' title='bbox 2060 5640 2287 5727; x_wconf 49' lang='lat' dir='ltr'><strong>Palis&quot;?</strong></span> <span class='ocrx_word' id='word_1_826' title='bbox 2303 5636 2535 5727; x_wconf 53' lang='lat'><strong>9991199</strong></span> <span class='ocrx_word' id='word_1_827' title='bbox 2544 5636 3077 5727; x_wconf 37' lang='lat' dir='ltr'><strong>Marrnara</strong></span> <span class='ocrx_word' id='word_1_828' title='bbox 3097 5636 3265 5727; x_wconf 57' lang='grc' dir='ltr'>,ἔλειξεαῖ</span> <span class='ocrx_word' id='word_1_829' title='bbox 3276 5636 3472 5727; x_wconf 54' lang='lat' dir='ltr'><strong>Aesis:-</strong></span> 
     </span>
    </p>
   </div>
   <div class='ocr_carea' id='block_1_115' title="bbox 1886 5710 3471 5782">
    <p class='ocr_par' dir='ltr' id='par_1_115' title="bbox 1886 5710 3471 5782">
     <span class='ocr_line' id='line_1_119' title="bbox 1886 5710 3471 5782; baseline -0.002 -15"><span class='ocrx_word' id='word_1_830' title='bbox 1886 5713 1964 5767; x_wconf 91' lang='lat' dir='ltr'><strong>ris</strong></span> <span class='ocrx_word' id='word_1_831' title='bbox 1986 5711 2223 5782; x_wconf 79' lang='lat' dir='ltr'><strong>gaudet;</strong></span> <span class='ocrx_word' id='word_1_832' title='bbox 2258 5710 2327 5766; x_wconf 89' lang='lat' dir='ltr'><strong>ad</strong></span> <span class='ocrx_word' id='word_1_833' title='bbox 2341 5710 2751 5767; x_wconf 82' lang='lat' dir='ltr'><strong>distinctionem</strong></span> <span class='ocrx_word' id='word_1_834' title='bbox 2781 5710 2937 5767; x_wconf 74' lang='lat' dir='ltr'><strong>Ursa:</strong></span> <span class='ocrx_word' id='word_1_835' title='bbox 2964 5710 3216 5782; x_wconf 77' lang='lat' dir='ltr'><strong>minoris,</strong></span> <span class='ocrx_word' id='word_1_836' title='bbox 3240 5723 3337 5766; x_wconf 81' lang='lat' dir='ltr'><strong>seu</strong></span> <span class='ocrx_word' id='word_1_837' title='bbox 3362 5710 3471 5782; x_wconf 53' lang='grc' dir='ltr'><strong>οξ-</strong></span> 
     </span>
    </p>
   </div>
   <div class='ocr_carea' id='block_1_116' title="bbox 1889 5779 2227 5839">
    <p class='ocr_par' dir='ltr' id='par_1_116' title="bbox 1889 5779 2227 5839">
     <span class='ocr_line' id='line_1_120' title="bbox 1889 5779 2227 5839; baseline -0.006 0"><span class='ocrx_word' id='word_1_838' title='bbox 1889 5779 2123 5839; x_wconf 55' lang='lat' dir='ltr'><strong>nosura}.</strong></span> <span class='ocrx_word' id='word_1_839' title='bbox 2152 5779 2227 5838; x_wconf 77' lang='lat' dir='ltr'><strong>In.</strong></span> 
     </span>
    </p>
   </div>
  </div>
