3894 6208
208 368 320 426 183

1356 364 1820 423 CLEMENTINA.
1847 395 1917 405 —
1944 364 2231 423 HOMILIA
2274 364 2338 423 ν.

3390 367 3488 427 136

201 485 405 548 τνιέως
427 482 564 556 (89),
604 477 868 554 Ὀρφέως
901 478 1154 543 Διόνυσος
1179 477 1237 532 δὲ
1272 478 1561 542 Λαόνιδος,
1603 475 1787 549 Ἀμπέ-

1913 477 2215 548 Cyparissi,
2255 476 2515 549 Amyclze,
2544 476 2737 546 Troili,
2786 476 3021 534 Branchi
3056 475 3331 550 Tymnzei,
3364 483 3486 539 Pari

201 576 335 639 λου,
376 572 667 646 Ὑμεναίου
684 572 727 637 ⁸,
769 571 1199 644 Ἑρμαφροδίτου
1225 609 1240 634 ,
1288 569 1614 641 Ἀχιλλέωςθ
1634 587 1649 601 ο
1684 571 1713 623 ὁ
1742 567 1801 621 δὲ

1905 572 2239 639 Potniensis,
2265 572 2505 645 Orphei;
2534 572 2785 629 Bacchus
2806 588 2934 629 vero
2956 571 3234 639 Laonidis,
3252 574 3485 645 Ampeli,

218 662 555 735 ’Δσκληπιδς
580 661 899 715 Ἱππολύτου
915 677 929 692 ο
954 661 1050 714 καὶ⁵
1073 661 1379 729 Ἥφαιστος
1411 660 1661 731 Πηλέως·
1686 659 1787 712 [Ich

1904 663 2210 737 Hymenzei,
2236 664 2699 737 Herinaphroditi,
2724 666 2988 733 Achiilis;
3021 664 3372 736 Eseulapius
3397 684 3488 723 au-

202 757 265 812 δὲ
281 755 546 825 Δάφνιδος
567 754 612 787 ¹⁶
627 770 642 785 ο
670 754 701 807 ό
721 752 780 807 δὲ
794 753 1001 824 Ἐρμῆς
1021 752 1299 824 Περσέως,
1315 752 1554 826 Χρύσου,
1568 753 1797 825 Θέρσου,

217 846 510 920 Ὀδρύσου·
554 845 829 918 Ἡρακλῆς
858 844 916 899 δὲ
948 844 1207 917 Ἀϐδήρου
1237 844 1371 917 (90),
1401 845 1663 917 Δρύοπος,
1704 847 1800 900 Ἰο-

202 943 434 1006 κάστου,
457 939 812 1011 Φιλοκτήτου,
836 938 996 1003 ’Υλα,
1017 937 1236 1010 Πολυφή
1246 956 1367 1010 μου,
1387 937 1638 1009 Αἵμονος,
1672 938 1798 993 Χώ-

201 1051 322 1099 νου,
353 1029 679 1105 Εὐρυσθέως
703 1029 767 1083 ⁸³.

272 1226 419 1283 XVI.
450 1225 676 1281 Πάντων
719 1218 813 1280 οὖν
844 1240 927 1278 σοι
953 1222 1063 1277 τῶν
1094 1221 1513 1296 ὲπισημοτέρων
1561 1221 1700 1276 θεῶν
1729 1222 1795 1277 ὲκ

203 1323 411 1396 μέρους
435 1322 563 1386 τοὺς
590 1319 801 1393 ἔρωτας
820 1319 1162 1392 παρεθέμην,
1195 1316 1451 1390 φιλτάτη,
1474 1318 1541 1371 ἶν’
1558 1319 1600 1350 "
1623 1318 1790 1390 εἰδῇς,

197 1414 282 1467 ότι
320 1414 503 1485 μόνοις
536 1410 844 1484 ἀνθρώποις
871 1414 985 1469 τοῖς
1009 1412 1258 1483 ἀνοήτοις
1292 1412 1422 1484 περὶ
1452 1409 1612 1465 τοῦτο
1640 1410 1790 1479 γίνε-

194 1521 291 1559 ται
313 1503 635 1577 ζηλοτυπία.
671 1502 761 1577 ΔΨ
789 1504 884 1557 καὶ
932 1502 1116 1574 θνητοὶ
1157 1502 1541 1573 τυγχάνουσιν,
1573 1501 1668 1555 καὶ
1693 1501 1790 1554 λυ-

418 1596 513 1651 τὸν
538 1595 651 1667 βίον
681 1573 1035 1662 δῗᾶτελοῦσιν,
1058 1597 1140 1650 ὅτι
1163 1595 1232 1650 τά
1261 1594 1487 1662 δόξαντα
1507 1599 1620 1660 τοῖς
1648 1595 1791 1661 θεοῖς

194 1690 343 1744 καλὰ
372 1691 529 1744 αὐτοὶ
552 1688 640 1743 διὰ
667 1687 759 1742 τὸν
787 1688 969 1744 αὐτῶν
998 1689 1162 1761 ζῆλον
1210 1688 1359 1743 κακὰ
1400 1683 1539 1743 εἶναι
1567 1688 1786 1760 ἀπεφή-

194 1796 379 1833 ναντο.
442 1780 704 1853 Μακαρία
744 1776 838 1836 οὖν
887 1778 988 1853 ἔσῃ
1044 1764 1148 1833 τού
1186 1778 1413 1844 λοιποῦ,
1474 1780 1785 1851 μιμουμένη

195 1868 357 1933 θεοὺς
376 1872 471 1925 καὶ
488 1870 587 1925 οὐκ
612 1870 709 1925 ἀνθ
719 1868 1277 1942 ρώπουςᾸΑνθρωποι
1298 1868 1428 1941 γὰρ,
1451 1870 1551 1941 τὴν
1570 1869 1790 1940 νομιζο-

195 1963 373 2034 μένην
412 1961 765 2035 σωφροσύνην
801 1962 999 2026 ἰδόντες
1023 1961 1068 1996 ¹³
1096 1979 1156 2015 σε
1185 1961 1676 2031 διαφυλάσσουσαν,
1698 1960 1787 2015 διὰ

190 2054 255 2108 τὸ
269 2054 405 2111 ἴδιον
420 2054 590 2119 πάθος
618 2054 902 2109 ἐπαινοῦσι
931 2055 1053 2126 μὲν,
1084 2054 1186 2109 οὐκ
1210 2053 1480 2125 ὠφελοῦσι
1508 2054 1595 2108 δέ·
1619 2053 1789 2108 θεοὶ¹⁵

190 2144 272 2211 δὲ,
305 2145 731 2216 ὲξομοιουμένην
779 2163 838 2199 σε
884 2146 1099 2212 ἑαυτοῖς
1134 2145 1393 2218 ὁρῶντες,
1436 2146 1531 2200 καὶ
1572 2146 1788 2201 ἐπαινέ-

192 2254 350 2293 σουσι
385 2238 481 2293 καὶ
507 2237 903 2311 ὠφελήσουσιν.

264 2328 438 2383 XVII.
470 2329 698 2399 Λόγισαι
735 2331 846 2404 γάρ
882 2348 1001 2402 μοι,
1035 2330 1212 2395 πόσας
1239 2330 1546 2401 ἠμείψαντο
1577 2333 1788 2404 ἐρωμέ-

192 2438 324 2485 ναςο
355 2416 434 2475 ὧν
459 2420 561 2485 τὰς
596 2420 695 2492 μὲν
737 2421 1163 2493 κατηστέρισαν,
1192 2422 1355 2475 τινῶν
1402 2422 1458 2477 δὲ
1496 2423 1591 2477 καὶ
1622 2426 1787 2480 τέκνα

190 2513 291 2565 καὶ
320 2514 617 2584 συνεργοὺς
637 2513 1031 2586 εὐηργέτησαν.
1066 2514 1276 2569 Αὐτίκα
1302 2515 1432 2585 γοῦν
1446 2519 1580 2582 Ζεὺς
1611 2537 1786 2591 κιτη-

192 2604 876 2679 στέρισενΚαλλιστὼ,τὴν
895 2605 1198 2678 λεγομένην
1224 2608 1459 2679 Ἀρκτον
1482 2610 1705 2683 μικρὰν,
1720 2611 1785 2682 ἢν

190 2697 295 2750 καὶ
317 2697 674 2771 Κυνόσουραν
700 2700 743 2735 ⁸⁵
781 2699 941 2773 146
971 2702 1436 2774 προσαγορεύουσι
1470 2721 1617 2768 τινες
1640 2704 1777 2774 (91)⁹

191 2789 473 2843 Ποσειδῶν
496 2789 721 2860 δελφῖνα
734 2791 823 2845 διὰ
840 2791 940 2862 τήν
971 2790 1330 2866 Ἀμφιτρίτην
1361 2793 1579 2861 ὲνέταξε
1600 2794 1679 2866 τῷ
1697 2796 1787 2849 οὐ·

192 2878 347 2949 ρανῴ
360 2897 373 2909 ·
401 2881 494 2934 καί
517 2879 765 2952 Ὠρίωνα,
778 2881 868 2936 τὸν
886 2882 1168 2955 Εὐρυάλης
1186 2884 1283 2955 τῆς
1303 2883 1479 2949 Μίνω,
1493 2884 1558 2940 δι’
1579 2886 1654 2938 Εὐ
1663 2886 1787 2958 ρυά-

188 2971 291 3041 λην
311 2973 413 3044 τὴν
436 2973 571 3045 μητέ
580 2990 646 3045 ρα
664 2973 774 3028 τῶν
792 2973 1008 3046 ἄστρων
1029 2974 1386 3047 κατηξίωσεν·
1422 2976 1675 3042 Διόνυσος
1692 2976 1784 3033 τὸν

202 3060 495 3133 ’Δριάδνης
543 3062 825 3131 στέφανον.
878 3064 1015 3128 Ζεὺς
1044 3064 1136 3119 τὸν
1169 3066 1329 3120 ἀετὸν
1368 3068 1783 3140 συνεργήσαντα

1901 767 2011 813 tem
2045 757 2362 830 Hippolyti;
2419 757 2700 814 Vulcanus
2751 757 2941 825 Pelei;
2980 757 3093 812 Pan
3148 758 3484 829 Daphnidis;

1900 858 1957 904 at
1984 849 2287 906 Mercurius
2312 849 2521 916 Persei,
2547 848 2797 921 Chrysa,
2827 849 3051 914 Thersi,
3079 846 3274 921 Odrysi
3301 869 3316 918 ;
3350 850 3487 905 Her-

1899 941 2051 997 cules
2076 940 2313 1012 denjque
2342 941 2573 1008 Abderi,
2607 940 2860 1012 Dryopis,
2892 939 3116 1008 locasti,
3138 939 3482 1011 P'oiloctctis,

1900 1032 2079 1104 Hylae,
2130 1031 2490 1104 Polyphemi,
2524 1030 2835 1090 Haemonis.
2872 1030 3051 1087 Choni
3095 1040 3261 1101 atque
3307 1032 3484 1107 Eury-

1897 1123 2060 1180 sthei.

1964 1212 2108 1270 XVI.
2135 1211 2392 1270 Omnium
2442 1216 2627 1286 itaque
2666 1214 3027 1271 illustriorum
3079 1213 3311 1271 deorum
3376 1216 3478 1270 tibi

1895 1321 2112 1361 amores
2134 1322 2199 1361 ex
2224 1319 2378 1378 parte
2407 1306 2689 1378 proposui,
2717 1307 3070 1372 charissima,
3099 1316 3157 1362 ut
3210 1322 3483 1378 agnosce-

1893 1412 2003 1463 res,
2027 1398 2166 1469 apud
2192 1399 2339 1454 solos
2361 1400 2613 1455 homines
2637 1398 2866 1455 stolidos
2888 1398 3021 1454 oriri
3051 1414 3113 1453 ea
3139 1413 3208 1454 ex
3246 1416 3305 1453 re
3334 1400 3481 1455 zelo-

1892 1488 2119 1560 typiam.
2152 1488 2332 1556 Quare
2353 1499 2407 1545 et
2451 1491 2711 1545 mortales
2733 1497 2883 1556 sunt,
2908 1491 3192 1559 vitamque
3223 1491 3276 1544 in
3309 1491 3482 1546 tristi-

1893 1581 1968 1637 tia
1996 1582 2314 1653 transigunt
2343 1601 2356 1638 :
2390 1583 2519 1653 quia
2549 1598 2673 1653 quae
2716 1598 2747 1638 a
2795 1582 2902 1637 diis
2937 1581 3262 1652 judicantur
3311 1583 3477 1647 bona,

1891 1672 1996 1743 ipsi
2022 1674 2139 1728 zelo
2168 1688 2270 1728 suo
2297 1672 2446 1728 ducti
2467 1673 2610 1726 mala
2629 1687 2751 1727 esse
2786 1677 3031 1727 censent.
3106 1669 3275 1740 Igitur
3324 1669 3481 1724 dein-

1891 1780 2020 1835 ceps
2049 1764 2159 1819 eris
2180 1764 2360 1831 beata,
2380 1764 2427 1820 si
2454 1764 2587 1819 deos
2617 1763 2871 1829 imiteris,
2890 1776 3000 1816 non
3033 1760 3307 1817 homines.
3341 1759 3478 1815 Nam

1895 1857 2165 1921 homines,
2193 1855 2374 1911 intuiti
2404 1865 2454 1911 te
2477 1871 2697 1911 servare
2719 1870 2885 1926 quam
2914 1862 3109 1925 putant
3137 1853 3477 1919 castitatem,

1892 1958 2116 2020 propter
2152 1949 2404 2004 allectum
2430 1948 2710 2019 proprium
2734 1948 2962 2003 laudant
2993 1947 3240 2017 quidem,
3270 1955 3326 2000 at
3368 1960 3479 1999 non

1892 2045 2189 2114 adjuvant:
2213 2042 2290 2097 dii
2316 2058 2469 2109 vero,
2493 2057 2619 2098 cum
2644 2048 2698 2098 te
2723 2041 3052 2112 spectabunt
3076 2040 3182 2096 sibi
3216 2038 3477 2101 similem,

1891 2135 2057 2191 simul
2091 2134 2390 2190 laudabunt
2428 2150 2493 2190 ac
2522 2150 2679 2205 opem
2723 2132 2921 2190 ferent.

1961 2331 2122 2388 XVII.
2159 2332 2350 2402 Cagita
2399 2332 2544 2388 enim
2577 2332 2734 2395 mihi,
2765 2348 2931 2402 quam
2967 2331 3170 2387 multas
3229 2344 3473 2386 remune—

1888 2424 1993 2478 rati
2022 2423 2232 2478 fuerint
2265 2424 2471 2479 amicas
2498 2443 2511 2479 :
2543 2440 2609 2478 ex
2654 2425 2854 2494 quibus
2879 2423 3017 2479 alias
3046 2424 3269 2494 quidem
3317 2432 3467 2477 retu-

1890 2515 2070 2570 lerunt
2097 2516 2150 2569 in
2180 2531 2472 2571 numerum
2507 2516 2814 2580 stellarum,
2841 2516 3074 2570 aliarum
3099 2530 3228 2570 vero
3252 2524 3305 2570 et
3331 2516 3469 2571 libe-

1888 2622 1979 2662 ros
2023 2618 2076 2663 et
2128 2606 2407 2677 adjutores
2449 2607 2731 2662 beneﬁciis
2780 2608 3100 2663 affecerunt.
3169 2606 3290 2662 Jam
3339 2623 3473 2677 ergo

1888 2700 2101 2771 Jupiter
2132 2700 2485 2756 Callistonem
2517 2701 2728 2757 stellam
2755 2698 2903 2767 fecit,
2934 2716 3058 2770 qua:
3080 2709 3307 2754 vocatur
3339 2698 3476 2754 Ursa

1888 2793 2091 2856 minor.
2132 2807 2408 2862 quamque
2461 2791 2808 2863 Cynosuram
2862 2791 3142 2861 appellant
3200 2791 3474 2846 nonnulli.

1886 2883 2171 2954 Neptunus
2201 2885 2254 2939 in
2277 2884 2417 2940 ccelo
2440 2884 2734 2940 collocavit
2762 2884 3074 2955 Delphium,
3107 2885 3470 2955 Amphitriles

1886 2976 2102 3046 gratia:
2135 2985 2189 3031 et
2238 2975 2497 3031 Orionem
2540 2992 2607 3031 ex
2656 2975 2909 3048 Euryale,
2956 2977 3153 3032 Minois
3189 2977 3321 3042 Iilia,
3374 2992 3475 3031 na-

1888 3075 2001 3121 tum
2036 3074 2259 3137 prOpter
2293 3075 2521 3120 matrem
2548 3065 2818 3138 Euryalen
2868 3066 3031 3123 astris
3068 3066 3313 3121 donavit.
3340 3066 3471 3121 Bac-

191 3152 290 3205 ὲπὶ
317 3155 388 3226 τῇ
420 3152 768 3227 Γανυμήδους
800 3156 1044 3227 ἁρπαγῇ,
1077 3156 1173 3210 καὶ
1197 3155 1360 3212 αὐτὸν
1391 3157 1484 3212 τὸν
1517 3159 1779 3233 Γανυμή-

1895 3160 2027 3215 clius
2082 3173 2344 3213 coronam
2391 3159 2663 3213 Ariadnae.
2713 3157 2928 3228 Jupiter
2970 3158 3238 3229 aquilam,
3268 3175 3378 3229 qua
3419 3159 3473 3215 in

187 3244 289 3316 δην
319 3246 379 3297 ὲν
417 3244 697 3315 Ὑδροχόου
724 3247 859 3316 τιμῇ
884 3244 1071 3312 ἔταξεν
1092 3262 1106 3278 ο
1142 3246 1237 3299 καὶ
1268 3244 1473 3319 ταῦρον
1500 3246 1569 3301 δι’
1595 3248 1783 3320 Εὐρώ-

190 3353 303 3408 πην
338 3335 623 3408 ἐτίμησεν.
668 3336 830 3390 Ἀλλὰ
862 3336 956 3390 καὶ
1000 3336 1261 3410 Κάστορα
1310 3339 1404 3392 καὶ
1433 3339 1781 3414 Πολυδεύκην

188 3428 287 3480 καί
346 3426 570 3500 Ἑλένην
605 3427 756 3500 Λήδᾳ
812 3427 1171 3500 χαριζόμενος
1202 3427 1460 3501 ἐποίησεν
1512 3431 1777 3503 ἀστέρας

188 3518 288 3573 καὶ
320 3516 541 3589 Περσέα
569 3517 660 3573 διὰ
687 3518 897 3589 Δανάην
918 3535 931 3549 ·
967 3519 1063 3573 καὶ
1107 3519 1345 3592 Ἀρκάδα
1379 3521 1425 3553 ⁸⁸
1445 3520 1532 3576 διὰ
1578 3523 1781 3577 Καλλι-

190 3608 334 3663 στώ-
360 3610 654 3682 παρθένον,
673 3612 774 3682 τὴν
787 3612 881 3665 καὶ
903 3610 1093 3683 Δίκην,
1124 3610 1218 3665 διὰ
1248 3612 1419 3684 Θέμιν
1444 3631 1457 3644 ’
1504 3614 1781 3686 Ἡρακλέα

186 3700 280 3755 διὰ
323 3670 660 3775 Ἀλκμήνην.
706 3670 818 3754 lict
837 3670 1278 3773 ούκέτίμηκύνω
1311 3670 1474 3758 πλέον
1496 3720 1510 3735 ο
1571 3670 1809 3777 μακρὸνι

186 3794 247 3848 δὲ
285 3794 349 3847 τὸ
380 3796 503 3848 κατ’
533 3789 671 3858 εἶδος
697 3793 897 3863 λέγειν,
942 3793 1101 3857 ὅσους
1146 3792 1236 3847 διὰ
1266 3793 1470 3858 πολλὰς
1500 3796 1784 3867 ἐρωμένας

187 3887 633 3958 εύηργετήκασιν
663 3886 712 3939 oi
746 3884 860 3939 θεοὶ
889 3887 1011 3950 ταῖς
1056 3884 1195 3956 πρὸς
1227 3884 1547 3957 ἀνθρώπους
1590 3905 1783 3942 κοινω-

187 3978 359 4042 νίαις,
395 3979 461 4041 ἃς
484 3979 534 4031 oi
562 3978 781 4050 ἀνόητοι
824 3978 901 4041 ὡς
932 3975 1113 4040 κακὰς
1137 3976 1371 4048 πράξεις
1402 3979 1783 4053 ἀπαγορεύου-

191 4088 300 4136 σιν,
329 4071 433 4124 οὐκ
464 4070 668 4135 ειδότες
714 4071 795 4125 ὅτι
821 4069 982 4142 ἡδονή
1013 4071 1163 4127 ἐστιν
1185 4070 1221 4141 ἡ
1253 4070 1467 4145 μεγάλη
1495 4073 1554 4126 ὲν
1573 4071 1784 4145 ἀνθρὼ-

195 4178 319 4227 ποις
348 4161 671 4226 ἀπόλαυσις.

263 4445 456 4502 XVIII.
490 4444 559 4501 Τί
594 4444 693 4513 δέ;
727 4441 957 4499 καὶτῶν
982 4443 1165 4515 σοφῶν
1210 4444 1261 4498 of
1315 4443 1635 4518 περιϐόητοι
1686 4448 1787 4520 οὐχ

1884 3251 2146 3321 rapiendo
2176 3250 2489 3322 Ganymede
2521 3267 2654 3306 usus
2687 3250 2905 3305 fuerat:
2952 3252 3249 3321 ipsumque
3286 3251 3473 3325 Gany-

1883 3342 2098 3398 medem
2146 3342 2199 3396 in
2230 3343 2457 3413 Aquarii
2497 3345 2708 3398 honore
2765 3345 3053 3399 constituit
3088 3361 3101 3398 :
3133 3360 3198 3401 ac
3254 3355 3475 3402 taurum

1886 3432 2179 3489 honoravit
2233 3434 2302 3489 ob
2356 3432 2655 3504 Europam.
2717 3432 2859 3501 Quin
2884 3443 2939 3489 et
2974 3436 3285 3501 Castorem,
3338 3434 3469 3489 Pol-

1884 3527 2062 3582 lucem
2096 3543 2159 3582 ac
2191 3526 2476 3594 Helenam,
2508 3525 2670 3582 Ledae
2690 3526 3031 3599 gratiﬁcans,
3066 3528 3253 3583 stellas
3294 3526 3424 3582 fecit
3454 3545 3471 3584 :

1883 3628 1937 3674 et
1959 3617 2242 3683 Perseum,
2279 3631 2500 3689 propter
2528 3618 2750 3674 Danaen
2779 3636 2793 3672 :
2835 3628 2889 3675 et
2928 3619 3217 3685 Arcadem,
3250 3631 3474 3689 propter

1891 3708 2247 3765 Callistonem
2285 3726 2298 3763 :
2333 3709 2623 3780 virginem,
2657 3726 2781 3780 qua:
2808 3720 2863 3765 et
2886 3710 3035 3777 Dice,
3065 3711 3136 3766 ob
3166 3709 3417 3766 Themim
3450 3728 3465 3766 :

1884 3798 2198 3866 Herculem,
2234 3810 2457 3871 propter
2486 3801 2829 3856 Alcmenam.
2863 3800 2930 3856 Et
2959 3816 3026 3856 ne
3058 3800 3240 3857 adhuc
3289 3802 3470 3872 magis

1884 3892 2188 3963 producam
2238 3908 2593 3961 sermonem;
2651 3894 2879 3965 longum
2915 3894 3062 3950 enim
3110 3904 3197 3950 est
3253 3894 3472 3965 singula

1885 3985 2110 4052 referre,
2136 3984 2189 4039 in
2229 3993 2364 4055 quot
2387 3985 2560 4052 alios,
2610 3988 2908 4041 multarum
2956 3987 3262 4044 amicarum
3314 4003 3470 4058 ergo,

1883 4074 2112 4130 benefici
2145 4075 2459 4130 exstiterint
2499 4076 2598 4141 dii,
2633 4092 2731 4148 per
2776 4077 3050 4133 humanos
3096 4078 3417 4149 complexus
3449 4095 3464 4147 ;

1884 4182 2025 4238 quos
2074 4167 2227 4223 stulti
2272 4176 2331 4222 ut
2384 4169 2527 4223 mala
2577 4185 2744 4239 Opera
2776 4171 3101 4240 prohibent,
3136 4172 3311 4241 ignari
3368 4185 3470 4225 vo-

1885 4256 2148 4327 luptatem
2198 4258 2504 4314 maximum
2549 4276 2674 4317 esse
2717 4261 2859 4318 inter
2912 4262 3166 4319 homines
3225 4277 3473 4318 commo-

1885 4349 2038 4405 dum.

1960 4442 2149 4500 XVIII.
2189 4443 2334 4512 Quid
2369 4446 2543 4501 vero?
2598 4442 2791 4502 Nonne
2834 4456 2892 4502 et
2939 4447 3268 4519 sapientium
3329 4445 3471 4502 cele-

1484 4582 1716 4638 VARIAE
1755 4582 2158 4641 LECTIONES.

259 4675 379 4750 {lla
402 4674 469 4750 Οζ
489 4689 540 4729 c.
568 4688 743 4750 marg.
770 4673 833 4750 gi
863 4714 879 4741 ,
905 4674 1065 4750 cujus
1090 4681 1278 4750 textus
1303 4673 1625 4750 ξΥμαινέου.
1663 4746 1673 4750 Α
1699 4678 1722 4709 ⁹
1762 4677 2058 4749 Ἄγχιλέως
2212 4678 2270 4750 ξο
2297 4677 2468 4746 Δάφνι
2492 4675 2573 4750 0.,
2635 4678 2677 4711 ¹¹
2711 4677 2789 4750 Ita
2819 4676 2901 4745 S.,
2938 4678 3258 4750 Εύρυστέως
3281 4679 3350 4739 Ο,
3370 4679 3471 4735 Εὑ-

227 4748 407 4810 υθέως
430 4744 497 4800 Ο.
577 4745 618 4815 ξ’
653 4742 739 4815 {vix
862 4813 880 4815 Ἀ
905 4746 948 4777 ’³
976 4742 1234 4815 ίδότεςλο.
1265 4742 1409 4799 Idem
1445 4742 1936 4815 διαφυλάττουσαν.

2017 4750 2061 4790 ἰ
2088 4748 2165 4803 Ita
2200 4746 2265 4812 Ο,
2290 4758 2345 4803 et
2366 4765 2433 4802 ex
2454 4749 2688 4818 conject.
2714 4749 2755 4803 Ο
2788 4789 2803 4805 .
2836 4750 2889 4802 in
2923 4746 3082 4818 cujus
3116 4759 3266 4804 textu
3305 4751 3466 4815 θεοῖς.

214 4827 237 4859 ι
262 4814 624 4893 κυνός-οὐράν
644 4813 709 4869 C.
788 4814 833 4893 ‘f
860 4813 939 4870 Ita
965 4814 1011 4869 0
1063 4813 1181 4893 et_C
1232 4831 1298 4870 ex
1326 4813 1588 4887 conject,
1623 4819 1803 4889 'Apxa
1827 4820 1951 4893 cod.
1980 4818 2140 4875 Hom.
2171 4817 2529 4875 Parisiensis.
2556 4813 2693 4875 Dein
2720 4820 2820 4893 τήν
2847 4819 2912 4887 0,
2936 4813 3079 4874 et'ex
3105 4820 3341 4892 conject.
3377 4813 3468 4890 (ἶ,

192 4890 289 4959 qui
338 4890 406 4959 τῇ
437 4887 494 4941 ἰιι
524 4884 697 4952 textu,
722 4902 783 4938 τε
810 4884 1072 4957 inmarg.
1100 4888 1244 4946 Cor.

1522 4976 1883 5035 VARIORUM
1918 4975 2150 5031 NOTAE.

264 5091 383 5163 (89)
418 5090 694 5163 Βράγχου
736 5090 1009 5163 Iam-alo
1074 5089 1271 5163 ίτάρου
1319 5091 1625 5163 ποτνιέως.
1700 5090 1779 5148 Ita
1812 5086 1856 5141 D
1884 5092 2042 5163 plura
2066 5089 2202 5163 nihil
2227 5090 2631 5163 necqsse._CoT.

201 5166 250 5222 in
276 5160 392 5217 'ms.
428 5161 585 5232 Unde
618 5160 813 5232 conﬁci
845 5169 1041 5232 qu_eat,
1083 5160 1335 5232 Βράγχου
1368 5162 1631 5231 Τυμνίου,
1666 5163 1783 5216 Πά-

196 5250 303 5355 an
318 5230 612 5318 Ποτνιέως.
642 5230 874 5286 Branchi
901 5230 1133 5301 Tymm'i,
1158 5230 1291 5285 Pari
1322 5230 1657 5314 Potniensis;
1686 5242 1783 5315 aut

244 5319 453 5355 οαγ-ιου
498 5302 806 5355 Ατυμνίου.
837 5302 1022 5355 Πάρου
1056 5302 1355 5355 Ποτνιέωςε
1398 5314 1493 5355 aut
1539 5304 1668 5355 αυιά
1705 5321 1780 5355 sn-

196 5302 453 5375 Βρὰγχου
482 5302 806 5373 Ἀτυμνίου,
837 5302 1022 5374 Πάρου
1056 5302 1355 5367 Ποτνιέως;
1398 5314 1493 5356 aut
1539 5304 1668 5372 quid
1705 5304 1780 5358 si-

196 5373 373 5454 mile;
386 5374 566 5454 Erapt
585 5372 731 5454 enim
761 5371 1083 5454 Branchidae
1114 5373 1167 5425 in
1193 5388 1326 5454 agro
1355 5371 1587 5454 Milesio,
1616 5375 1777 5428 testi-

196 5443 303 5499 bus
332 5441 629 5507 Herodoto,
664 5441 952 5509 Strabone,
994 5441 1297 5510 Pausania;
1346 5452 1399 5498 et
1428 5442 1681 5505 Miletum
1713 5459 1778 5499 ac

195 5511 474 5586 Tymnum
519 5512 576 5586 in
616 5512 774 5586 Caria
809 5512 1305 5586 ponitStephanus
1343 5528 1359 5565 :
1392 5530 1564 5584 quare
1604 5514 1777 5586 Brang

196 5582 344 5653 chus
381 5582 648 5653 Tymnius
692 5582 879 5653 forsan
925 5584 1107 5639 dictus
1149 5582 1354 5650 fuerit,
1407 5582 1571 5653 quem
1614 5585 1772 5638 multi

196 5651 529 5725 Thessalum
563 5651 1139 5725 faciunt._Atymnium
1166 5662 1349 5725 autem
1374 5651 1617 5709 amatum
1654 5669 1776 5710 esse

195 5725 267 5779 ab
295 5724 550 5794 Apolline
572 5724 738 5779 tradit
761 5721 991 5779 Nonnus
1018 5721 1456 5794 Dionysiacorum
1482 5725 1576 5779 lib.
1605 5741 1699 5779 xix
1720 5732 1776 5779 et

197 5791 589 5855 uix.‘.Verum
636 5794 693 5851 iu
723 5794 813 5852 bis
851 5794 1124 5867 corruptis
1158 5791 1330 5867 atque
1358 5796 1774 5867 ignorabilibus

1956 5161 2079 5233 (90),
2112 5157 2407 5233 Ἡρακλῆς
2456 5160 2525 5214 δὲ
2564 5158 2860 5233 Ἀϐδήρου.
2894 5160 3372 5233 Apollodoruslib.
3403 5178 3467 5233 tt_

1881 5230 1973 5286 De
2003 5232 2131 5294 diis,
2189 5231 2467 5285 Abderum
2520 5233 2753 5301 appellat
2801 5230 3132 5302 Ἡρακλέους
3171 5230 3465 5302 ἐρώμενον,

1883 5302 2134 5373 Herculis
2154 5303 2448 5373 amasium;
2461 5302 2759 5373 Ἡρακλέος
2778 5301 2939 5373 φίλον
2970 5301 3209 5373 Τῑθιῑοδς
3222 5302 3468 5373 Chiliade

1881 5371 2360 5446 2._In_§tepha_no
2402 5369 2699 5446 Byaantio;
2734 5371 3010 5446 'A66npa,
3048 5371 3458 5446 ἀπό-Ἀϐδήρου

1876 5441 1973 5514 τοῦ
2010 5440 2127 5514 υίού
2174 5441 2425 5514 Ἡρίμου,
2450 5440 2797 5514 ἡᾘρακλέους
2826 5440 3124 5514 ερὼμένου.
3149 5440 3283 5496 Cor.

1954 5511 2592 5584 (9I)_Ka.1.lao'tcb,_n‘jr
2627 5511 2965 5581 λεγομένην
3002 5512 3223 5580 ἄρκτον
3246 5514 3468 5584 μικρῶς

1880 5580 1973 5650 ἦν’
1990 5580 2090 5637 καὶ
2114 5584 2299 5648 κυνὸς
2334 5582 2522 5650 οὐρὰν
2536 5580 3088 5651 προσαγορεύουσίν
3104 5598 3281 5651 τινες.
3305 5580 3465 5651 Αμμιι

1882 5649 2034 5740 alios,
2054 5653 2282 5740 eum?
2298 5649 2524 5740 pertire
2539 5649 3071 5740 amarem:
3091 5649 3466 5740 ,91⁸θὶΨὲἕὲ-

1881 5724 1959 5779 ris
1981 5723 2218 5796 gaudet;
2253 5723 2323 5779 ad
2337 5722 2747 5780 distinctionem
2775 5722 2931 5780 Ursa:
2958 5723 3210 5796 IIIIDOI‘IS,
3235 5736 3332 5779 seu
3357 5722 3465 5796 ϐῖ-

1883 5792 2118 5851 nosura.
2146 5792 2222 5851 In.
