3894 6208
198 334 318 393 I39

1314 339 1784 399 CLEMENTI‘NA.
1820 372 1894 385 —
1935 342 2243 401 I‘IOMILIA
2279 343 2344 404 ν.

3363 350 3471 410 I90

199 451 538 522 μεμνημένη
588 448 718 523 περὶ
753 448 831 505 ὧν
879 467 965 506 σοι
1016 450 1253 525 ἐξέφῃνα
1306 455 1658 526 μυστηρίων,
1701 452 1770 507 διὲ

1894 457 2057 512 tabis.
2079 456 2373 524 Caeterum,
2390 456 2737 527 charissima,
2761 476 2973 517 memor
3001 478 3031 518 a
3056 478 3145 520 me
3173 463 3466 521 relatorutn

191 541 558 611 γραμμάτων
607 559 699 612 μοι
748 543 848 615 τὴν
893 543 993 614 σὴν
1033 542 1207 612 δεῖξον
1239 545 1598 618 προαίρεσιν.
1659 546 1791 618 "Ep-

196 632 360 703 ρωσό
388 648 498 702 μοι.

273 722 397 777 XX.
442 723 585 793 Ἐγὼ
620 725 803 780 τοίνυν
833 726 958 781 τότε
991 728 1037 761 ³⁷
1067 728 1248 783 λαϐὼν
1274 730 1337 784 τὸ
1382 729 1587 803 βιϐλίον
1629 731 1791 785 τοῦτο

190 816 357 888 παρὰ
385 816 480 870 τοῦ
524 818 851 885 Ἀππίωνος,
883 820 962 885 ὡς
988 821 1158 887 ὅντως
1191 823 1515 895 διαπέμψων
1548 824 1683 878 αὐτὸ
1718 826 1786 896 τῇ

189 906 481 981 ἐρωμένῃ,
526 911 850 983 ἐπλασάμην
879 913 956 976 ὡς
984 914 1203 987 ἐκείνης
1246 916 1384 989 πρὸς
1435 915 1607 971 ταῦτα
1641 918 1789 971 ἀντι-

186 996 513 1070 γραψάσης,
548 1003 644 1055 καὶ
675 1004 741 1073 τῇ
773 1004 1036 1076 ὑστεραίᾳ
1053 1004 1101 1037 ’⁸
1129 1005 1332 1060 ἐλθόντι
1358 1007 1509 1079 αὐτῷ
1538 1008 1787 1062 ἐπέδωκα

184 1086 275 1157 τῷ
305 1089 578 1145 Ἀππίωνι
608 1093 685 1157 ὡς
710 1093 869 1166 δῆθεν
894 1095 994 1166 τὴν
1013 1094 1141 1168 παρ’
1169 1098 1387 1169 ἐκείνης
1415 1100 1782 1175 ἀντιγραφὴν,

183 1175 374 1244 οὕτως
403 1180 654 1251 ἔχουσανο

200 1290 607 1366 Ἀντίγραφσν
633 1297 1032 1375 ἐπιστολῇςν
1064 1304 1214 1375 πρὸς
1246 1305 1551 1361 Ἀππίωνα
1570 1308 1651 1375 ὡς
1682 1323 1785 1362 πα-

721 1370 804 1436 ρὰ
832 1370 943 1438 τῆς
964 1370 1285 1442 ἐρωιὶέτηςο

258 1454 408 1509 XXI.
441 1456 718 1528 Θαυμάζω
738 1461 877 1525 πῶς,
914 1463 1007 1514 ἐπὶ
1039 1464 1201 1536 σοφία
1238 1483 1307 1536 με
1335 1466 1662 1532 ἐπαινέσας,
1707 1468 1785 1533 ὡς

180 1548 408 1620 ἀνοήτῳ
455 1550 707 1620 γράφεις.
750 1553 847 1614 El;
903 1554 1014 1626 γάρ
1063 1555 1155 1608 σὺν
1210 1556 1383 1620 πάθος
1412 1558 1457 1589 ³⁸
1476 1559 1662 1612 πεῖσαί
1714 1577 1781 1631 με

180 1644 429 1713 θελήσας
479 1645 543 1698 ἐκ
591 1645 701 1698 τῶν
753 1647 882 1718 περὶ
930 1648 1060 1712 τοὺς
1103 1649 1264 1714 θεοὺς
1318 1651 1781 1723 μυθολογημάτων

1892 548 2278 619 mysteriorum
2310 550 2444 605 mihi
2470 567 2566 622 per
2586 553 2798 610 litteras
2824 562 2972 609 tuam
2997 554 3178 612 indica
3215 557 3469 613 volunta-

1892 648 2021 695 tem.
2053 639 2200 698 Vale.

1959 730 2079 787 XX.
2142 732 2255 803 Ego
2300 734 2466 805 igitur
2534 737 2637 791 hoc
2688 738 2871 793 libello
2922 739 2990 795 ab
3043 740 3291 812 Appione
3346 752 3462 799 tum

1888 836 2129 895 accepto,
2156 828 2313 896 quasi
2339 844 2465 883 vere
2505 829 2777 885 missurus
2801 831 2871 885 ad
2903 840 3164 897 amatam,
3200 840 3461 905 tanquam

1887 916 1978 971 illa
2040 919 2409 987 rescripsisset
2456 922 2693 977 conlinxi
2723 966 2738 989 ,
2798 932 2854 980 et
2909 926 3175 994 postridie
3222 926 3462 985 venienti

1887 1010 2088 1065 tradidi
2136 1011 2371 1083 Appioni
2422 1016 2573 1072 velut
2616 1016 2868 1073 mulieris
2912 1018 3258 1090 rescriptum,
3314 1020 3464 1090 quod

1887 1102 1961 1160 ita
1992 1106 2153 1162 habet
2175 1124 2189 1161 :

1884 1298 2216 1370 Rescriptum
2244 1300 2313 1354 ad
2363 1300 2642 1423 epistolfltm
2678 1302 2748 1425 agi
2789 1301 3080 1373 Appionem
3110 1312 3366 1373 tanquam
3392 1302 3458 1357 ab

2510 1389 2541 1424 a
2583 1389 2705 1425 ama
2733 1389 2787 1425 a.

2510 1389 2787 1426 adamata.

1954 1460 2277 1516 XXl.Miror
2318 1479 2425 1532 qua
2472 1464 2705 1529 ratione,
2754 1480 2879 1519 cum
2930 1480 3014 1521 me
3071 1465 3141 1521 de
3196 1466 3462 1535 sapientia

1881 1552 2114 1621 laudes,
2161 1562 2424 1624 tanquam
2483 1554 2705 1610 stultam
2758 1556 3075 1625 compellas.
3143 1554 3279 1611 Nam
3329 1556 3461 1610 dum

1880 1644 2037 1715 cupis
2068 1645 2137 1698 ad
2194 1654 2348 1700 tuum
2382 1661 2469 1701 me
2511 1647 2783 1701 adducere
2814 1646 3091 1715 allectum,
3123 1662 3190 1702 ex
3231 1648 3461 1702 deorum

178 1737 436 1808 ἐποιήσω
484 1736 553 1791 τά
602 1738 1024 1810 παραδείγματα
1048 1781 1062 1803 ,
1104 1742 1321 1813 Ἔρωτα
1352 1743 1446 1797 τὸν
1490 1743 1709 1798 πάντων
1731 1744 1770 1775 ⁸¹

1882 1736 2084 1792 fabulis
2127 1737 2408 1808 sumpsisti
2470 1739 2717 1807 exempla
2740 1778 2756 1804 ,
2815 1737 3098 1803 Amorem,
3130 1740 3314 1811 (quem
3337 1754 3459 1794 om-

178 1805 591 1902 πρεσέύτατον,
627 1805 702 1892 ὡς
734 1805 960 1901 ἔφης-υ,
992 1832 1084 1884 ἐπὶ
1119 1805 1339 1885 πάντων
1370 1832 1507 1887 θεῶν
1540 1834 1637 1887 καὶ
1683 1835 1770 1888 άν-

1882 1829 2032 1882 nium
2060 1805 2507 1900 antiquissimum
2550 1805 2762 1894 dixisti,
2788 1838 2843 1885 et
2871 1846 3037 1900 supra
3066 1805 3293 1886 cunctos
3327 1829 3456 1887 deos

176 1922 446 1994 θρώπων,
482 1921 875 1994 βλασφημῆσαι
908 1924 982 1995 μὴ
1016 1924 1274 1993 φοϐηθεὶς
1294 1965 1309 1989 ,
1336 1926 1487 1990 ὅπως
1514 1927 1615 1998 τὴν
1636 1927 1775 1998 ἐμὴν

174 2014 419 2087 φθείρῃς
436 2013 634 2084 ψυχὴν,
662 2015 753 2067 καὶ
773 2013 834 2067 τὸ
854 2014 983 2085 ἐμὸν
1006 2015 1166 2086 σῶμα
1188 2016 1567 2090 περιυϐρίσῃς.
1595 2018 1776 2087 Ἔρως

170 2106 289 2178 γὰρ
322 2104 464 2160 θεῶν
485 2106 585 2159 οὐκ
606 2104 753 2160 ἔστιν
774 2107 1106 2178 ἀρχηγέτης,
1130 2109 1158 2160 6
1187 2110 1244 2160 ἐν
1277 2111 1399 2171 ταῖς
1429 2107 1769 2180 ἐπιθυμίαις.

170 2199 239 2251 EI
268 2198 387 2270 γὰρ
421 2197 562 2251 ἐκὼν
591 2199 867 2270 ἐπιθυμεῖ,
897 2200 1226 2272 ain-6;!”
1257 2203 1405 2253 ἐστιν
1436 2200 1629 2254 ἐαυτοῦ
1665 2201 1771 2255 πά-

171 2290 269 2354 θος
302 2292 402 2344 καὶ
434 2291 675 2356 κόλασις,
697 2293 789 2345 καὶ
808 2292 926 2356 θεὸς
942 2293 1042 2347 οὐκ
1072 2292 1137 2346 ἂν
1161 2292 1245 2365 εἴη
1276 2295 1304 2346 ὁ
1336 2293 1560 2364 πάσχων
1592 2293 1731 2348 ἑκών
1754 2310 1769 2326 ο

168 2387 221 2439 εί
256 2386 320 2439 δέ
350 2387 501 2441 ἄκων
529 2387 632 2458 ἐρᾷ
674 2387 774 2458 τῆς
805 2386 1025 2457 μίξεως,
1062 2387 1157 2440 καὶ
1186 2386 1288 2449 τὰς
1325 2387 1599 2458 ἡμετέρας
1628 2387 1773 2458 διερ-

169 2478 418 2549 χόμενος
437 2478 617 2549 ψυχὰς
645 2478 834 2550 ὥσπερ
852 2478 921 2531 δι’
945 2479 1190 2550 ὀργάνων
1210 2479 1318 2532 τῶν
1345 2477 1631 2549 ἡμετέρων
1664 2495 1771 2531 σω-

173 2569 371 2637 μάτων
420 2568 505 2630 είς
555 2566 655 2631 τὰς
701 2567 810 2621 τῶν
853 2567 1061 2634 νοητῶν
1118 2568 1347 2639 φέρεται
1400 2566 1771 2630 συνουσίας,ό

166 2655 371 2710 τοῦτον
424 2658 558 2729 ἐρᾷν
591 2657 762 2711 ποιῶν
795 2658 890 2711 καὶ
924 2658 1105 2728 φέρων
1137 2656 1338 2741 μερέων
1372 2655 1535 2710 αὑτοῦ
1569 2656 1770 2727 τυγχά-

166 2764 292 2799 νει·
328 2748 428 2800 κα“ι
474 2746 636 2801 πάλιν
687 2747 852 2801 αὐτοῦ
883 2748 1094 2802 ἐκείνου
1126 2745 1222 2799 τοῦ
1283 2747 1544 2820 φέροντος
1598 2747 1769 2818 ἑτέρῳ

167 2839 332 2912 πόθῳ
366 2839 691 2912 φερομένου,
727 2840 931 2912 μείζων
977 2839 1137 2906 ἀλλος
1170 2842 1198 2896 6
1232 2840 1413 2915 φέρων
1440 2840 1646 2895 ἐκεῖνον
1678 2840 1769 2895 εὖ·

170 2932 461 3004 ρίσκεται·
515 2933 610 2986 καὶ
651 2935 731 2997 είς
789 2935 1095 3004 ἀπέραντον
1149 2932 1503 3004 ἐπαναφορὰν
1560 2932 1605 2964 ³³
1660 2930 1766 2985 τῶν

167 3020 432 3092 ἐρώντων
460 3022 690 3091 γίνεται,
721 3024 749 3076 ὅ
782 3025 929 3076 ἐστιν
959 3023 1237 3077 ἀδύνατον.
1274 3022 1463 3087 Οὕτως
1490 3020 1591 3076 οὐκ
1618 3022 1766 3076 ἔστιν

1876 1929 1930 1974 et
1961 1921 2237 1991 homines)
2289 1937 2398 1975 non
2433 1921 2638 1977 veritus
2680 1921 2966 1989 infamare,
2998 1939 3109 1992 quo
3128 1938 3311 1978 meum
3337 1938 3461 1977 cor-

1876 2031 2162 2085 rumperes
2189 2015 2458 2080 animum,
2492 2031 2787 2085 meumque
2824 2017 3158 2071 contumelia
3205 2016 3450 2074 alliceres

1874 2122 2095 2176 corpus.
2128 2103 2298 2160 Amor
2333 2107 2481 2161 enim
2508 2121 2617 2160 non
2659 2116 2744 2161 est
2798 2106 3026 2161 deorum
3080 2109 3335 2177 princeps
3388 2121 3453 2162 ac

1876 2200 2094 2265 ductor,
2124 2198 2173 2254 is
2202 2199 2296 2269 qui
2336 2198 2393 2253 in
2424 2196 2823 2267 cupiditatibus
2872 2206 3165 2264 versatur;
3224 2213 3351 2253 nam
3402 2198 3447 2254 si

1874 2299 2068 2361 sponte
2090 2290 2261 2360 cupit,
2305 2290 2423 2358 ipse
2451 2297 2535 2345 est
2560 2290 2645 2345 sui
2684 2289 2967 2359 perpessio
3004 2297 3059 2345 et
3094 2289 3449 2359 supplicium,

1873 2398 1975 2438 nec
2024 2382 2160 2436 deus
2185 2389 2289 2446 est,
2327 2380 2423 2451 qui
2457 2381 2764 2436 voluntarie
2794 2380 2999 2451 patitur
3027 2399 3040 2435 :
3073 2380 3158 2437 sin
3208 2397 3338 2435 vero
3365 2384 3452 2439 inv

1872 2472 2019 2526 vitus
2078 2472 2287 2541 appetit
2336 2470 2727 2537 concubitum,
2761 2479 2815 2525 et
2867 2479 3087 2527 nostras
3140 2471 3448 2545 pervadens

1871 2562 2085 2617 animas
2114 2571 2372 2631 tanquam
2403 2577 2498 2631 per
2556 2578 2849 2635 corporum
2884 2576 3198 2623 nostrorum
3239 2568 3438 2624 instru-

1870 2662 2054 2710 menta
2084 2650 2257 2709 fertu'r
2286 2654 2351 2714 ad
2388 2669 2747 2727 congressum
2769 2675 2968 2715 eorum
2997 2677 3119 2729 qua!
3147 2660 3250 2717 sub
3282 2659 3447 2715 intel-

1870 2746 2157 2820 ligentiam
2189 2747 2415 2816 cadunt,
2469 2751 2563 2821 qui
2593 2766 2721 2805 eum
2769 2752 2980 2807 inducit
3032 2753 3096 2806 ad
3129 2753 3446 2816 amandum,

1871 2840 2045 2910 major
2070 2849 2285 2896 esteo:
2325 2842 2635 2909 iterumque
2692 2858 2816 2897 cum
2864 2844 2953 2898 hic
3002 2844 3096 2913 qui
3152 2845 3360 2899 inducit
3397 2845 3452 2898 in

1869 2934 2034 2987 alium
2079 2934 2369 2989 inducatur
2392 2951 2659 2997 amorem.
2689 2936 2867 3004 major
2887 2937 3028 2992 alius
3053 2938 3147 3008 qui
3177 2940 3323 2994 hunc
3354 2939 3440 2992 in-

1867 3025 2016 3080 ducit
2039 3026 2326 3095 reperitur,
2360 3034 2413 3081 et
2441 3026 2494 3080 in
2524 3026 2796 3081 infinitum
2821 3028 3129 3082 amantium
3156 3045 3447 3083 numerum

165 3111 299 3164 οὔτε
365 3115 395 3166 6
448 3113 650 3186 φέρων,
680 3114 855 3168 οὕτεό
897 3115 1231 3187 φερόμενος,
1278 3115 1392 3169 ἀλλ’
1442 3113 1606 3168 αὐτοῦ
1668 3113 1762 3167 τοῦ

1876 3116 1931 3171 lit
1952 3133 2309 3187 progressus;
2354 3117 2500 3187 quod
2534 3118 2648 3172 ﬁeri
2680 3135 2788 3173 non
2819 3128 3016 3188 potest.
3064 3118 3237 3191 Igitur
3270 3138 3447 3191 neque

166 3203 412 3275 ἐρῶντος
443 3204 505 3258 τὸ
540 3204 934 3277 ἐπιθυμητικόν
982 3208 1097 3259 ἐστι
1142 3206 1340 3271 πάθος,
1395 3206 1568 3261 ἐλπίδι
1601 3205 1763 3271 αὑξὸ-

1876 3211 2070 3280 estqui
2100 3209 2328 3274 inducit,
2352 3225 2529 3277 neque
2557 3209 2651 3278 qui
2690 3209 3004 3275 inducitur;
3044 3212 3137 3266 scd
3163 3223 3245 3268 est
3273 3213 3450 3283 ipsius

171 3312 339 3365 μενον
367 3297 467 3350 καὶ
494 3296 801 3367 ἀπογνώσει
837 3298 1175 3370 μειούμενον.

241 3510 410 3566 XXII.
444 3513 509 3565 Οί
541 3509 599 3565 δὲ
630 3516 849 3585 κρατεῖν
876 3513 1106 3584 αἰσχρᾶς
1139 3513 1434 3584 ἐπιθυμίας
1468 3511 1542 3585 μὴ
1577 3511 1760 3583 βουλό-

169 3622 325 3676 μενοι
362 3604 474 3658 τῶν
516 3604 650 3658 θεῶν
683 3604 1129 3673 καταψεύδονται,
1165 3605 1249 3658 ἵνα
1294 3605 1422 3675 περὶ
1467 3596 1542 3657 ῶν
1585 3603 1761 3675 πράτ-

162 3713 375 3759 τουσιν,
410 3695 538 3759 τοὺς
573 3695 727 3759 θεοὺς
747 3696 823 3759 ὡς
859 3697 1157 3768 προτέρους
1197 3697 1501 3767 δράσαντας
1544 3696 1761 3750 ὑποδει-

164 3787 420 3853 κνύντες,
445 3786 953 3840 ἀπαλλάσσωνται³⁸
975 3787 1077 3856 τῆς
1107 3786 1384 3857 μέμψεως.
1414 3787 1479 3839 EI
1508 3785 1617 3857 γὰρ
1645 3804 1765 3839 παι-

161 3876 413 3939 δοποιίας
462 3877 681 3945 ἕνεκεν,
729 3878 822 3931 καὶ
875 3878 975 3931 οὐκ
1026 3877 1330 3946 ἀσελγείας,
1378 3876 1428 3929 οί
1478 3876 1760 3947 λεγόμενοι

164 3967 285 4022 θεοὶ
329 3967 434 4030 τὰς
481 3968 725 4037 μοιχείας
770 3968 1078 4030 ἐπετέλουν,
1129 3967 1184 4021 τί
1242 3966 1337 4020 καὶ
1379 3969 1493 4030 τοῖς
1537 3967 1759 4037 ἄρσεσιν

162 4058 462 4129 ἐμίγνυντο
495 4058 573 4123 ³⁸;
621 4057 782 4111 Ἀλλά
824 4058 1193 4129 χαριζόμενοι,
1231 4058 1415 4130 φησὶν,
1461 4059 1584 4121 ταῖς
1623 4058 1762 4127 ἐρω-

167 4149 363 4220 μέναις
413 4149 802 4221 κατηπέριζον
847 4150 892 4181 ³⁸
935 4150 1123 4213 αὐτάς.
1164 4149 1373 4203 Οὐκοῦν
1421 4149 1527 4221 πρὸ
1570 4148 1760 4203 τούτου

164 4243 265 4294 οὐκ
303 4237 449 4312 ἦσαν
491 4240 736 4311 ἀστέρες,
776 4239 966 4313 μέχρις
1014 4241 1103 4293 ὅτε
1148 4240 1432 4309 ἀσελγείας
1490 4240 1759 4311 προφάσει

166 4333 273 4385 ὑπὸ
330 4332 535 4403 μοιχῶν
573 4334 603 4386 6
633 4331 861 4403 οὐρανὸς
904 4332 1121 4404 ἄστροις
1167 4332 1481 4403 ἐκοσμήθης
1534 4332 1660 4394 Πῶς
1700 4330 1756 4383 δέ

166 4426 259 4476 καὶ
292 4425 347 4476 of.
385 4423 494 4475 τῶν
524 4422 1034 4494 κατηστερισμένων
1080 4423 1123 4454 ³⁷
1155 4422 1364 4492 ἔκγονοι
1412 4424 1470 4475 ἐν
1504 4420 1629 4492 ᾅδου
1664 4439 1757 4475 κο-

1872 3303 2106 3357 amantis
2137 3301 2360 3356 allectus
2388 3301 2804 3371 concupiscens,
2828 3302 2921 3372 qui
2968 3319 3064 3373 spe
3119 3316 3349 3376 augetur
3390 3316 3445 3364 et

1872 3392 2253 3460 desperatione
2275 3382 2560 3446 minuitur.

1937 3481 2101 3535 XXII.
2129 3481 2233 3548 Qui
2262 3498 2392 3536 vero
2433 3492 2645 3551 turpem
2688 3481 2883 3535 nolunt
2918 3482 3268 3552 cupiditatem
3293 3500 3446 3540 coer-

1865 3588 2022 3641 cere,
2070 3574 2137 3628 de
2179 3573 2286 3627 diis
2336 3573 2669 3628 mendaciter
2715 3573 2962 3643 tingunt;
3018 3582 3079 3628 ut
3123 3576 3177 3627 in
3209 3574 3278 3629 iis
3324 3592 3446 3645 quae

1862 3674 2178 3735 perpetrant
2216 3666 2348 3720 deos
2396 3665 2599 3734 primos
2645 3680 2768 3721 esse
2809 3673 3061 3719 auctores
3110 3666 3446 3723 ostendendo

1864 3759 2022 3829 culpa
2053 3760 2369 3813 liberentur.
2397 3756 2453 3811 Si
2482 3757 2627 3811 enim
2652 3757 3013 3826 suscipiendae
3041 3758 3246 3812 sobolis
3269 3760 3443 3829 gratia

1862 3860 2054 3906 etnon
2094 3849 2340 3905 libidinis
2384 3864 2544 3919 ergo,
2586 3848 2681 3918 qui
2726 3849 2800 3903 dii
2841 3857 3127 3915 vocantur,
3177 3851 3444 3907 adulteria

1864 3944 2277 4006 commiserunt,
2307 3958 2405 3997 cur
2433 3958 2558 3996 cum
2592 3941 2850 3996 masculis
2881 3955 3098 4011 quoque
3135 3943 3442 3998 misceban-

1860 4037 1985 4091 tur?
2011 4034 2117 4090 Sed
2164 4043 2223 4088 ut
2251 4033 2710 4105 gratiﬁcarentur,
2762 4034 2959 4103 inquit,
2990 4034 3313 4090 mulieribus
3343 4034 3441 4089 ad-

1861 4129 2080 4194 amatis,
2128 4128 2250 4183 illas
2291 4127 2346 4180 in
2413 4134 2557 4181 astra
2608 4133 3012 4181 converterunt.
3062 4124 3232 4197 Igitur
3280 4135 3439 4182 antea

1860 4233 2008 4277 astra
2039 4237 2148 4275 non
2181 4229 2356 4287 erant,
2388 4234 2561 4289 usque
2587 4218 2714 4273 dum
2739 4218 2976 4273 lasciviae
3000 4218 3291 4274 occasione
3320 4234 3437 4275 caa—

1860 4314 1971 4367 lum
2002 4314 2172 4369 stellis
2200 4313 2590 4367 exornaretur?
2650 4309 2717 4363 Et
2743 4311 3021 4379 quomodo
3050 4310 3105 4363 in
3137 4311 3320 4365 stellas
3352 4327 3439 4365 re-

1785 4386 1835 4444 Ῑ)
1861 4407 2093 4460 latarum
2120 4404 2276 4459 liberi
2309 4420 2372 4458 ac
2411 4412 2637 4473 nepotes
2671 4401 2814 4472 apud
2855 4401 3062 4457 inferos
3099 4402 3439 4471 puniuntur?

163 4511 446 4576 λάζονται,
482 4512 509 4565 ὅ
537 4529 598 4565 τε
616 4492 815 4575 Ἄτλας
866 4492 1218 4583 βαρούμενος,
1268 4511 1361 4565 καὶ¹
1410 4514 1439 4565 6
1488 4511 1758 4575 Τάνταλος

1876 4501 2011 4555 \tlas
2048 4508 2305 4570 gravatus
2334 4498 2594 4568 pondere,
2626 4494 2888 4549 Tantalus
2928 4504 3152 4571 enectus
3194 4494 3305 4557 siti,
3346 4492 3435 4548 Si—

163 4602 295 4674 δίψῃ
330 4602 379 4635 ³⁸
419 4601 736 4673 ἀνιώμενος,
780 4604 874 4656 καὶ
920 4605 948 4657 6
987 4604 1219 4672 Σίσυφος
1261 4603 1481 4675 ἐρείδων
1528 4604 1753 4676 πέτραν,

165 4694 364 4757 Τιτυὸς
394 4692 468 4747 τὰ
499 4694 778 4765 σπλάγχνα
808 4695 1233 4766 διορυττόμενος,
1278 4695 1447 4761 Ἰξίων
1470 4695 1599 4767 περὶ
1625 4713 1753 4767 τρο-

165 4785 260 4857 χὸν
294 4784 593 4849 ἀπαύστως
623 4786 1068 4852 κυλινδούμενος;
1108 4786 1267 4855 150
1308 4786 1425 4849 πῶς
1473 4785 1530 4839 δὲ
1575 4787 1668 4840 καὶ
1710 4787 1763 4838 οἱ

166 4878 398 4947 ἐρασταὶ
444 4876 554 4929 θεοὶ
598 4876 769 4941 ὄντες,
821 4875 913 4941 οὓς
963 4877 1210 4948 ἐμίαναν,
1255 4875 1646 4948 κατηστέριζον
1692 4876 1758 4951 ³⁵,

165 4970 384 5031 ἑαυτοῖς
418 4967 533 5038 (95l
565 4967 722 5021 τοῦτο
758 4967 833 5037 μὴ
864 4968 1257 5037 χαρισάμενοι;

235 5052 432 5110 XXIII.
468 5051 583 5105 Οὐκ
612 5049 721 5119 ἄρα
742 5048 881 5124 ἦσαν
925 5057 1054 5124 θεοὶ,
1090 5058 1226 5113 ἀλλὰ
1275 5055 1554 5127 τυράννων
1586 5049 1762 5119 αἰνίγ-

1858 4593 2063 4664 syphus
2117 4598 2325 4661 petram
2377 4588 2641 4651 retinens,
2666 4585 2858 4656 Tityus
2908 4596 3162 4655 pertusus
3204 4585 3435 4649 viscera,

1854 4686 2003 4741 Ixion
2037 4685 2181 4740 circa
2212 4692 2387 4737 rotam
2422 4680 2794 4735 indesinenter
2833 4678 3125 4732 volutatus.
3151 4676 3438 4742 Quomodo

1859 4793 1992 4832 vero
2033 4787 2094 4831 ut
2133 4783 2405 4831 amatores
2451 4772 2527 4827 dii
2558 4786 2691 4847 eos,
2723 4784 2863 4840 quos
2908 4769 3244 4839 polluerant,
3298 4768 3437 4820 inter

1859 4879 2007 4924 astra
2041 4868 2364 4933 retulerunt,
2396 4864 2499 4919 sibi
2528 4871 2711 4918 autem
2760 4861 2817 4916 id
2863 4861 3111 4915 muneris
3159 4874 3267 4913 non
3309 4866 3437 4913 sunt

1855 4960 2072 5030 largiti?

1922 5040 2110 5097 XXIII.
2152 5039 2276 5097 Non
2304 5057 2433 5115 ergo
2474 5051 2632 5099 erant
2672 5044 2769 5111 dii,
2820 5042 2915 5098 sed
2954 5050 3304 5112 tyrannorum
3342 5054 3433 5092 ve-

1445 5168 1685 5224 VARUE
1709 5166 2098 5225 LECTIUNES

247 5301 297 5337 "
330 5298 465 5370 τότε
492 5297 803 5370 adjunxic.
825 5296 905 5370 0._
966 5300 1011 5370 ἐξ
1039 5297 1117 5353 Ita
1146 5296 1192 5353 0
1248 5313 1305 5370 c.
1328 5313 1511 5370 marg1
1532 5297 1593 5353 Ci
1624 5341 1638 5365 ,
1663 5302 1717 5356 in
1758 5326 1825 5364 cu

1091 5386 1119 5432 ς
1143 5370 1258 5423 des.
1296 5369 1349 5422 in
1378 5367 1724 5428 0.'Subinde
1752 5379 1825 5432 ἐπ

175 5374 219 5404 ³³
256 5368 469 5439 παίδων
490 5367 587 5439 0.;
632 5367 677 5399 ³¹
705 5368 844 5439 Vbb.
877 5368 954 5432 ὡς
982 5369 1086 5439 ἔφη

174 5442 223 5480 τι
255 5437 330 5521 [ιι]
357 5437 520 5521 One.
551 5436 1084 5521 ‘dfralldqgowat
1114 5437 1181 5521 Ct
1252 5439 1298 5521 1‘
1322 5438 1610 5521 ἐμίγνυντο
1635 5443 1680 5499 0
1730 5463 1770 5503 c.

1876 5492 1892 5517 ,
1920 5436 2225 5521 ἐμιγνοῖντο
2255 5436 2324 5504 Οξ
2385 5447 2431 5485 ³⁸
2454 5436 2849 5520 κατῆστήριζον
2885 5446 2950 5502 C.

172 5509 390 5579 σμένων
409 5507 473 5562 C.
551 5509 596 5541 ³⁸
621 5509 761 5579 δίψει
787 5507 851 5562 0.
885 5509 929 5543 "
955 5506 1342 5580 κατεστήριξον
1358 5506 1436 5564 ’οέ

1827 5309 1870 5433 j.
1909 5317 2073 5391 textu
2125 5308 2377 5388 60-15064:
2453 5308 2498 5340 ”
2530 5305 2789 5408 ἐπιστολη
2829 5304 2896 5360 0.
2972 5304 3020 5337 '°
3046 5303 3217 5366 πάθος
3242 5318 3349 5385 om.
3375 5302 3421 5357 0

1875 5378 2037 5433 τηςο
2071 5420 2084 5433 .
2120 5378 2328 5433 ἐπιθείς
2354 5393 2408 5431 ιη
2441 5392 2613 5433 mare.
2744 5377 2765 5407 ³
2818 5373 3145 5433 ἐπαναφορὰ
3183 5388 3327 5433 con].
3353 5372 3415 5427 Cl

2744 5372 2789 5408 ³³
2818 5373 3145 5445 ἐπαναφορὰ
3183 5372 3327 5440 conj.
3353 5372 3434 5429 Cl.

1875 5380 1976 5449 τῆς
1997 5378 2037 5433 C
2071 5420 2084 5443 ,
2120 5378 2328 5441 ἐπιθείς
2354 5378 2408 5431 in
2441 5392 2613 5447 marg.
2744 5378 2789 5408 ³³
2818 5378 3145 5445 ἐπαναφορὰ
3183 5378 3327 5440 conj.
3353 5378 3425 5427 ω.

1876 5492 1892 5515 ,
1920 5450 2225 5515 ἐμιγνοῖντο
2255 5447 2318 5504 C.
2385 5447 2431 5485 ³⁸
2454 5447 2849 5515 κατηστήριζον
2885 5446 2950 5502 C.
3054 5446 3097 5477 ³⁷
3122 5459 3425 5515 κατεστηρι·

1491 5602 1858 5689 VARIORUM
1892 5605 2124 5663 NOTAE.

253 5692 533 5767 (95)__Leg_.
558 5694 761 5758 αὐτοῖς,
792 5709 870 5767 sc.
914 5696 1026 5767 τοῖς
1048 5694 1359 5767 ἐρωμένοις.
1386 5695 1518 5762 Cur,
1550 5700 1750 5767 inquit,

170 5765 250 5819 dii
288 5764 611 5820 mulieribus
632 5779 663 5819 a
695 5779 754 5820 se
774 5764 1232 5836 adamatis,'qu’as
1256 5767 1397 5821 inter
1417 5775 1565 5823 astra
1604 5764 1753 5822 retu-

1857 5699 2065 5771 lerunt,
2096 5713 2207 5771 non
2240 5697 2293 5771 id
2323 5714 2543 5769 quoque
2570 5699 2749 5771 largiti
2774 5709 2920 5767 sunt,
2957 5712 3016 5755 ut
3038 5716 3223 5771 eorum
3254 5710 3431 5771 poste-

1862 5784 1953 5826 ros
1984 5767 2291 5840 (ἐκγόνους)
2319 5767 2357 5825 a
2377 5767 2555 5841 potius
2577 5767 2809 5828 infernis
2838 5771 3169 5827 liberarent?
3192 5770 3252 5828 S.
