3894 6208
158 370 276 428 139

1274 364 1745 424 CLEMENTI’NA.
1781 392 1855 406 —-
1896 360 2204 419 HOMILIA
2240 360 2305 420 ν.

3325 356 3433 416 190

160 486 501 556 μεμνημένη
551 480 681 556 περὶ
717 479 795 536 ὧν
842 497 927 535 σοι
978 479 1215 552 ἐξέφῃνα
1267 479 1620 551 μυστηρίων,
1663 468 1753 530 διὰ

1862 476 2019 531 labis.
2041 474 2335 540 Cmterum,
2353 471 2699 539 charissima,
2723 487 2935 529 memor
2964 487 2994 528 ε
3018 487 3107 529 me
3136 471 3429 527 relatorum

153 576 522 647 γραμμάτων
571 592 662 645 μοι
712 574 812 645 τὴν
857 573 957 644 σὴν
996 571 1170 640 δεῖξον
1202 570 1561 643 προαίρεσιν.
1622 569 1754 640 Ἐρ-

388 683 461 719 οι.
1082 714 1083 717 η

388 683 461 719 οι.
1082 714 1083 717 η

406 756 550 827 Ἐγὼ
584 757 768 811 τοίνυν
799 757 923 811 τότε
956 756 1001 789 ³⁷
1032 718 1212 811 λαϐὼν
1238 755 1302 810 τὺ
1347 754 1551 827 βιϐλίον
1594 753 1755 807 τοῦτο

155 852 317 924 παρὰ
344 850 444 903 τοῦ
490 850 818 915 Ἀππίωνος,
850 849 927 914 ὡς
954 850 1123 915 ὄντως
1157 848 1481 920 διαπέμψων
1514 846 1649 902 αὐτὸ
1683 848 1752 918 τῇ

155 943 446 1016 ἐρωμένῃ,
493 943 818 1014 ἐπλασάμην
846 943 922 1005 ὡς
951 942 1169 1014 ἐκείνης
1213 942 1351 1014 πρὸς
1402 939 1574 995 ταῦτα
1608 940 1755 993 ἀντι-

152 1031 481 1104 γραψάσης,
517 1036 612 1087 καὶ
643 1036 710 1104 τῇ
741 1033 1003 1105 ὑστεραίᾳ
1021 1032 1068 1064 ³⁸
1097 1032 1300 1085 ἐλθόντι
1326 1031 1477 1103 αὐτῷ
1506 1030 1755 1085 ἐπέδωκα

152 1123 237 1192 τῷ
265 1124 546 1178 ’Δππίωνι
576 1125 653 1189 ὼς
679 1125 838 1196 δῆθεν
862 1125 962 1196 τὴν
980 1121 1109 1196 παρ’
1138 1124 1355 1194 ἐκείνης
1383 1122 1750 1197 ἀντιγραφὴν,

152 1212 336 1278 οὕτως
370 1214 499 1286 ἔχου
506 1230 623 1269 σαν·

167 1326 577 1399 Ἀντίγραςσον
604 1329 936 1397 ἐπιστολῆς
957 1332 1002 1363 ’³
1034 1331 1184 1399 πρὸς
1215 1330 1522 1385 Ἀππίωνα
1541 1332 1621 1398 ὡς
1652 1344 1756 1385 πα-

694 1400 777 1468 ρὰ
805 1400 915 1468 τῆς
935 1402 1256 1469 ἐρωμένης-

223 1489 379 1544 XXI.
411 1490 691 1561 Θαυμάζω
710 1491 850 1556 πῶς,
887 1492 978 1544 ἐπὶ
1011 1492 1173 1563 σοφίᾳ
1211 1508 1279 1563 με
1308 1490 1634 1555 ἐπαινέσας,
1680 1490 1757 1555 ὡς

153 1584 379 1655 ἀνήτῳ
425 1583 680 1654 γράφεις.
723 1584 820 1645 Εἰς
876 1583 986 1655 γὰρ
1036 1582 1128 1636 σὸν
1183 1582 1355 1646 πάθος
1384 1582 1429 1614 ³⁰
1449 1582 1634 1635 πεῖσαί
1687 1598 1754 1652 με

155 1679 399 1748 θελήσας
450 1679 517 1731 ἐκ
565 1678 675 1731 τῶν
726 1677 856 1748 περὶ
904 1677 1033 1740 τοὺς
1077 1676 1238 1741 θεοὺς
1293 1675 1755 1749 μυθολογημάτων

1854 566 2242 639 mysteriorum
2274 565 2407 621 mihi
2433 581 2529 637 per
2549 565 2761 622 litteras
2786 574 2936 620 tuam
2960 564 3142 620 indica
3177 564 3433 619 volunta-

1855 668 1985 715 tem.
2017 658 2165 715 Vale.

1924 750 2044 806 XX.
2107 750 2220 820 Ego
2265 750 2431 821 igitur
2499 751 2601 805 hoc
2652 750 2836 805 libello
2886 750 2955 805 ab
3008 749 3257 821 Appione
3312 758 3428 804 tum

1854 854 2095 914 accepto,
2122 845 2279 914 quasi
2304 858 2431 899 vere
2472 844 2743 898 missurus
2768 842 2837 897 ad
2868 851 3131 906 amatam,
3167 849 3428 912 tauquam

1854 936 1945 992 illa
2006 936 2377 1005 rescripsisset
2423 935 2661 991 conlinxi
2690 978 2705 1001 ,
2764 944 2821 991 et
2876 935 3142 1005 postridie
3189 932 3430 992 venienti

1855 1029 2054 1085 tradidi
2104 1029 2339 1101 Appioni
2390 1031 2541 1086 velut
2584 1028 2836 1085 mulieris
2880 1028 3227 1099 rescriptum,
3283 1026 3432 1097 quod

1855 1123 1929 1180 ita
1960 1125 2157 1180 habet:

1855 1318 2187 1388 Rescriptum
2214 1317 2283 1371 ad
2333 1315 2613 1437 epistolgm
2648 1314 2718 1438 az!
2760 1313 3051 1385 Appionem
3081 1320 3337 1381 tanquam
3364 1308 3429 1363 ab

2481 1404 2513 1438 a
2554 1402 2676 1438 ama
2704 1402 2759 1438 a.

2481 1402 2759 1439 adamata.

1925 1478 2249 1535 XXI.Miror
2289 1495 2397 1549 qua
2444 1478 2677 1542 ratione,
2726 1492 2851 1531 cum
2902 1491 2986 1531 me
3043 1474 3113 1530 de
3169 1473 3434 1543 sapientia

1854 1572 2087 1639 laudes,
2133 1579 2397 1641 tanquam
2455 1568 2679 1625 stultam
2731 1567 3049 1636 compellas.
3116 1562 3253 1619 Nam
3303 1563 3433 1617 dum

1854 1664 2011 1735 cupis
2042 1663 2111 1717 ad
2167 1671 2322 1718 tuum
2356 1676 2443 1716 me
2485 1660 2757 1715 adducere
2788 1658 3065 1724 ali‘ectum,
3097 1671 3164 1710 ex
3204 1655 3435 1709 deorum

154 1773 408 1843 ἐποιήσω
457 1770 528 1823 τά
577 1769 999 1840 παραδείγματα
1022 1809 1037 1831 ,
1078 1748 1301 1840 Ἔρωτα
1327 1768 1421 1822 τὸν
1465 1767 1684 1821 πάντων
1705 1766 1750 1797 ⁸¹

1862 1756 2059 1811 I‘abulis
2101 1754 2383 1824 sumpsisti
2444 1752 2692 1821 exempla
2715 1791 2730 1816 ,
2790 1749 3072 1812 Amorem,
3104 1748 3289 1819 (quem
3311 1760 3434 1800 om-

155 1826 566 1939 πρεσὲύτατον,
603 1826 678 1924 ὡς
710 1826 936 1932 ἔφης-υ,
968 1860 1059 1913 ἐπὶ
1094 1826 1314 1912 πάντων
1346 1857 1483 1911 θεῶν
1516 1857 1613 1911 καὶ
1659 1858 1752 1910 άν-

1862 1848 2008 1902 nium
2036 1846 2483 1917 antiquissimum
2526 1843 2738 1907 dixisti,
2764 1850 2818 1897 et
2846 1856 3012 1910 supra
3041 1846 3268 1895 cunctos
3302 1836 3432 1892 deos

155 1958 419 2032 θρώπων,
459 1954 852 2026 βλασφημῆσαι
885 1953 959 2024 μὴ
992 1952 1251 2022 φοϐηθεὶς
1271 1991 1287 2015 ,
1313 1951 1463 2015 ὅπως
1491 1951 1592 2022 τὴν
1612 1949 1751 2021 ἐμὴν

154 2051 393 2123 φθείρῃς
410 2047 611 2117 ψυχὴν,
639 2047 731 2099 καὶ
752 2044 811 2098 τὸ
831 2044 961 2115 ἐμὸν
984 2044 1143 2115 σῶμα
1164 2041 1545 2115 περιυϐρίσῃς.
1572 2041 1753 2110 Ἔρως

152 2142 260 2215 γὰρ
291 2139 440 2195 θεῶν
463 2140 563 2193 οὐκ
584 2138 732 2192 ἐστιν
754 2135 1084 2208 ἀρχηγέτης,
1108 2137 1136 2188 6
1165 2137 1222 2187 ἐν
1255 2137 1377 2197 ταῖς
1407 2130 1747 2203 ἐπιθυμίαις.

152 2236 215 2288 Εἰ
241 2234 363 2306 γὰρ
397 2231 540 2286 ἐκὼν
570 2231 847 2302 ἐπιθυμεῖ,
876 2228 1205 2300 αὑτόςιῇθ
1236 2229 1384 2280 ἐστιν
1416 2223 1608 2278 ἑαυτοῦ
1644 2223 1751 2277 πά-

154 2328 244 2390 θος
275 2326 379 2380 xal.
412 2325 655 2389 κόλασις,
678 2325 770 2377 καὶ
788 2322 907 2387 θεὸς
922 2322 1022 2376 οὐκ
1051 2320 1115 2374 ἂν
1140 2319 1225 2392 εἴη
1255 2321 1284 2373 6
1316 2318 1540 2389 πάσχων
1571 2315 1711 2371 ἑκών
1733 2332 1748 2347 ο

150 2424 200 2476 εί
232 2423 294 2475 δὲ
327 2422 482 2477 ἄκων
509 2420 613 2492 ἐρᾷ
655 2420 756 2490 τῆς
787 2417 1006 2489 μίξεως,
1043 2415 1137 2469 καὶ
1167 2414 1268 2475 τὰς
1306 2411 1580 2483 ἡμετέρας
1609 2409 1753 2480 διερ-

151 2515 397 2585 χόμενος
416 2511 597 2583 ψυχὰς
626 2511 816 2581 ῶσπερ
834 2509 902 2561 δι’
927 2508 1172 2580 ὀργάνων
1192 2506 1299 2559 τῶν
1326 2502 1613 2575 ἡμετέρων
1646 2517 1753 2554 σω-

156 2604 351 2674 μάτων
400 2602 487 2665 είς
536 2599 638 2664 τὰς
684 2599 793 2652 τῶν
836 2596 1043 2664 νοητῶν
1100 2595 1329 2667 φέρεται
1382 2589 1755 2652 συνουσίας,ὁ

149 2691 353 2746 τοῦτον
406 2692 540 2764 ἐρᾷν
574 2689 746 2744 ποιῶν
779 2688 874 2741 καὶ
907 2687 1088 2758 φέρων
1120 2683 1321 2769 μερέων
1355 2679 1518 2736 αὑτοῦ
1552 2678 1754 2749 τυγχά-

152 2800 273 2836 νει·
309 2783 410 2835 κα¹ι
459 2781 620 2834 πάλιν
672 2778 837 2833 αὐτοῦ
868 2778 1078 2831 ἐκείνου
1111 2772 1206 2827 τοῦ
1268 2772 1527 2846 φέροντος
1582 2769 1753 2840 ἑτέρῳ

154 2874 315 2948 πόθῳ
350 2873 677 2946 φερομένου,
712 2870 917 2943 μείζων
962 2869 1122 2934 ἀλλος
1155 2869 1183 2923 ὁ
1218 2867 1398 2941 φέρων
1425 2864 1631 2920 ἐκεῖνον
1664 2862 1754 2917 εὐ-

158 2969 448 3041 ρίσκεταιο
501 2966 595 3019 καὶ
637 2967 717 3029 είς
776 2964 1081 3034 ἀπέραντον
1136 2958 1488 3030 ὲπαναφοράν
1546 2956 1591 2987 ³³
1646 2953 1752 3008 τῶν

156 3056 418 3128 ἐρώντων
448 3056 677 3125 γίνεται,
708 3055 737 3107 ὂ
769 3056 916 3106 ἐστιν
945 3051 1224 3106 ἀδύνατον.
1261 3048 1450 3112 Οὕτως
1477 3046 1577 3101 οὐκ
1605 3045 1753 3099 ἔστιν

1853 1949 1906 1994 et
1938 1939 2214 2008 homines)
2266 1953 2375 1992 non
2409 1936 2615 1991 veritus
2656 1933 2942 1999 infamare,
2974 1948 3085 2002 quo
3104 1945 3287 1985 meum
3314 1944 3438 1984 eor-

1853 2049 2140 2104 rumperes
2167 2032 2435 2095 animum,
2470 2043 2765 2098 meumque
2802 2025 3135 2081 contumelia
3182 2023 3427 2080 adiceres

1853 2142 2074 2196 corpus.
2106 2121 2277 2177 Amor
2311 2123 2460 2177 enim
2486 2136 2596 2173 non
2638 2128 2723 2173 est
2777 2117 3005 2172 deorum
3057 2118 3313 2186 princeps
3367 2127 3431 2167 ac

1855 2221 2074 2284 ductor,
2103 2217 2152 2272 is
2182 2215 2277 2286 qui
2316 2214 2373 2269 in
2403 2209 2803 2281 cupiditatibus
2853 2216 3143 2272 versatur;
3202 2220 3331 2259 nam
3380 2205 3426 2259 si

1854 2317 2048 2381 sponte
2070 2307 2241 2377 cupit,
2286 2306 2403 2374 ipse
2430 2312 2515 2359 est
2540 2303 2626 2359 sui
2666 2300 2947 2372 perpessio
2984 2306 3039 2354 et
3075 2296 3430 2367 supplicium,

1854 2417 1956 2457 nec
2006 2402 2141 2455 deus
2167 2407 2271 2463 est,
2308 2397 2404 2467 qui
2438 2394 2745 2450 voluntarie
2776 2391 2980 2463 patitur
3008 2408 3021 2445 :
3054 2390 3139 2445 sin
3190 2404 3318 2443 vero
3346 2390 3432 2446 inv

1854 2492 2002 2547 vitus
2060 2489 2269 2560 appetit
2318 2485 2709 2549 concubitum,
2743 2491 2797 2537 et
2847 2489 3069 2537 nostras
3122 2478 3430 2554 pervadens

1854 2582 2067 2638 animas
2096 2589 2355 2649 tanquam
2385 2592 2481 2647 per
2539 2590 2832 2649 corporum
2867 2586 3181 2633 nostrorum
3222 2576 3420 2630 instru-

1854 2681 2037 2730 menta
2068 2667 2240 2727 fertur
2270 2671 2335 2730 ad
2372 2685 2731 2742 congressum
2753 2687 2951 2726 eorum
2981 2685 3102 2739 quae
3131 2668 3234 2725 sub
3266 2665 3430 2722 intel-

1853 2766 2143 2840 ligentiam
2174 2763 2401 2832 cadunt,
2454 2765 2547 2835 qui
2578 2780 2705 2819 eum
2754 2762 2965 2819 inducit
3017 2762 3081 2816 ad
3113 2760 3430 2822 amandum,

1856 2861 2030 2930 major
2055 2868 2139 2914 est
2164 2874 2270 2913 eo:
2310 2858 2621 2924 iterumque
2678 2870 2802 2910 cum
2849 2855 2939 2909 hic
2987 2854 3081 2923 qui
3137 2851 3346 2907 inducit
3382 2851 3437 2903 in

1855 2954 2020 3008 alium
2065 2952 2355 3006 inducatur
2378 2966 2645 3010 amorem.
2675 2948 2853 3017 major
2873 2948 3014 3002 alius
3039 2946 3133 3016 qui
3163 2947 3309 3000 hunc
3341 2945 3426 2998 in-

1854 3045 2003 3101 ducit
2026 3044 2314 3114 reperitur,
2348 3051 2402 3097 et
2428 3042 2481 3096 in
2512 3040 2783 3094 inﬁnitum
2808 3038 3115 3092 amantium
3143 3050 3435 3090 numerum

155 3148 285 3200 οὔτε
352 3150 381 3201 ὁ
436 3146 638 3219 φέρων,
668 3144 791 3199 οὔτε
815 3147 843 3199 6
884 3144 1219 3215 φερόμενος,
1266 3141 1380 3195 ἀλλ’
1430 3137 1594 3192 αὑτοῦ
1656 3135 1751 3190 τοῦ

1862 3137 1919 3191 lit
1940 3151 2299 3207 pregressus;
2343 3133 2489 3203 quod
2522 3132 2636 3186 ﬁeri
2667 3148 2775 3186 non
2806 3138 3003 3199 potest.
3052 3128 3224 3201 igitur
3258 3144 3435 3198 neque

158 3239 399 3311 ἐρῶντος
432 3238 493 3291 τὺ
528 3236 923 3308 ἐπιθυμητικόν
970 3236 1086 3287 ἐστι
1131 3233 1329 3297 πάθος,
1384 3230 1557 3285 ἐλπίδι
1590 3228 1751 3294 αὺξό-

163 3349 329 3401 μενον
356 3330 456 3384 καὶ
483 3328 792 3399 ἀπογνώσει
827 3327 1164 3401 μειούμενον.

232 3545 401 3600 XXII.
437 3546 500 3599 Οί
533 3542 590 3599 δὲ
622 3547 841 3616 κρατεῖν
869 3542 1097 3613 αίσχρᾶς
1130 3538 1425 3610 ἐπιθυμίας
1460 3535 1534 3609 μὴ
1569 3533 1752 3607 βουλος

163 3657 318 3712 μενοι
354 3638 466 3692 τῶν
508 3637 643 3691 θεῶν
676 3634 1122 3705 καταψεύδονται,
1158 3632 1242 3685 ἵνα
1287 3630 1415 3700 περὶ
1460 3620 1535 3682 ῶν
1577 3625 1753 3698 πράτ-

156 3748 369 3794 τουσιν,
404 3729 531 3793 τοὺς
567 3728 722 3791 θεοὺς
741 3728 816 3790 ὼς
852 3725 1150 3797 προτέρους
1190 3722 1494 3794 δράσαντας
1538 3719 1755 3773 ὑποδει-

160 3822 415 3887 κνύντες,
440 3817 946 3873 ἀπαλλάσσωνται³⁸
970 3816 1071 3885 τῆς
1101 3812 1379 3885 μέμψεως.
1408 3811 1473 3864 El
1502 3809 1611 3880 γὰρ
1639 3825 1759 3861 παι-

159 3912 410 3974 ὼποιὶας
458 3911 677 3979 ἕνεκεν,
724 3909 817 3962 καὶ
870 3909 971 3961 οὐκ
1022 3904 1325 3973 ἀσελγείας,
1373 3901 1424 3955 οί
1474 3900 1756 3970 λεγόμενοι

163 4004 283 4058 θεοὶ
327 4002 431 4064 τὰς
478 4000 722 4071 μοιχείας
766 3998 1073 4059 ἐπετέλουν,
1126 3995 1180 4048 τί
1238 3993 1334 4047 καὶ
1375 3995 1489 4055 τοῖς
1532 3991 1756 4061 ἄρσεσιν

162 4094 459 4165 ἐμίγνυντο
491 4091 572 4156 ³⁸;
619 4088 780 4143 Ἀλλὰ
822 4088 1191 4160 χαριζόμενοι,
1228 4084 1413 4155 φησιν,
1458 4084 1582 4145 ταῖς
1620 4082 1759 4150 ἐρω-

168 4185 360 4257 μέναις
412 4180 801 4253 κατηστέριζον
845 4180 890 4211 ³⁸
933 4178 1121 4241 αὐτάς.
1162 4175 1370 4230 Οὐκοῦν
1420 4174 1526 4245 πρὸ
1568 4171 1758 4226 τούτου

165 4278 267 4330 οὐκ
304 4272 448 4347 ἦσαν
490 4272 735 4344 ἀστέρες,
775 4270 965 4343 μέχρις
1014 4270 1101 4322 ὅτε
1148 4266 1431 4335 ἀσελγείας
1488 4263 1758 4335 προφάσει

169 4368 275 4421 ὑπὸ
331 4366 535 4438 μοιχῶν
575 4366 604 4419 6
634 4362 861 4435 οὐρανὸς
903 4362 1121 4433 ἄστροις
1168 4357 1480 4429 ἐκοσμήθη;
1533 4354 1660 4417 Πῶς
1699 4353 1757 4405 δὲ

170 4462 263 4512 καὶ
293 4461 347 4511 οἱ
386 4457 495 4510 τῶν
524 4452 1035 4526 κατηστερισμένων
1081 4451 1123 4483 ⁸⁷
1156 4450 1365 4518 ἔκγονοι
1414 4449 1470 4499 ἐν
1504 4444 1631 4516 ᾅδου
1664 4462 1757 4497 κο-

168 4547 447 4610 λάζονται,
483 4546 511 4599 ὃ
540 4562 601 4598 τε
619 4543 818 4606 Ἀτλας
868 4540 1221 4613 βαρούμενος,
1269 4537 1363 4591 καὶ
1412 4538 1441 4591 ὁ
1489 4534 1760 4598 Τάνταλος

168 4639 299 4710 δίψῃ
333 4637 381 4669 ³⁸
421 4634 740 4707 ἀνιώμενος,
782 4634 877 4686 καὶ
922 4634 950 4687 6
989 4633 1221 4699 Σίσυφος
1264 4629 1484 4701 ἐρείδων
1530 4628 1756 4699 πέτραν,

169 4729 369 4792 Τιτυὸς
398 4726 471 4781 τὰ
502 4727 781 4797 σπλάγχνα
812 4724 1237 4797 διορυττόμενος,
1281 4721 1450 4788 Ἰξίων
1474 4719 1603 4791 περὶ
1629 4736 1757 4790 τρο-

1860 3241 1945 3286 est
1966 3231 2059 3300 qui
2089 3227 2317 3290 inducit,
2341 3240 2518 3293 neque
2546 3222 2640 3292 qui
2680 3222 2992 3285 inducitur;
3033 3220 3125 3275 sed
3152 3231 3234 3275 est
3262 3221 3439 3290 ipsius

1861 3322 2095 3377 amantis
2126 3319 2350 3373 allectus
2378 3314 2794 3385 concupiscens,
2818 3313 2910 3384 qui
2958 3328 3053 3383 spe
3108 3323 3339 3383 augetur
3380 3322 3435 3369 et

1862 3410 2243 3480 desperatione
2266 3398 2551 3461 minuitur.

1928 3500 2092 3555 XXII.
2120 3499 2225 3567 Qui
2254 3514 2384 3553 vero
2425 3508 2637 3566 turpem
2680 3494 2875 3548 nolunt
2909 3491 3259 3562 cupiditatem
3284 3506 3438 3546 coer-

1858 3608 2015 3660 cere,
2062 3592 2131 3647 de
2172 3590 2280 3645 diis
2329 3587 2661 3643 mendaciter
2708 3586 2955 3655 tingunt;
3010 3591 3071 3637 ut
3116 3584 3169 3635 in
3201 3581 3270 3636 iis
3316 3597 3439 3651 quae

1856 3692 2171 3756 perpetrant
2209 3684 2341 3737 deos
2388 3681 2593 3749 primos
2638 3692 2760 3732 esse
2802 3684 3054 3730 auctores
3102 3673 3439 3728 ostendendo

1858 3779 2016 3849 culpa
2047 3778 2364 3832 liberentur.
2391 3772 2449 3827 Si
2477 3771 2621 3826 enim
2647 3766 3007 3837 suscipiendae
3035 3765 3239 3821 sobolis
3263 3765 3438 3835 gratia

1858 3881 1913 3927 ct
1939 3886 2049 3926 non
2090 3867 2335 3923 libidinis
2379 3878 2539 3934 ergo,
2582 3861 2677 3931 qui
2720 3860 2795 3915 dii
2836 3866 3121 3923 vocantur,
3171 3857 3438 3913 adulteria

1859 3963 2273 4023 commiserunt,
2303 3974 2401 4013 cur
2430 3971 2554 4011 cum
2588 3952 2846 4008 masculis
2877 3964 3094 4020 quoque
3131 3951 3438 4004 misceban—

1857 4056 1982 4112 tur?
2008 4054 2114 4109 Sed
2161 4061 2220 4105 ut
2249 4049 2706 4122 gratiﬁcarentur,
2758 4043 2955 4113 inquit,
2987 4042 3309 4096 mulieribus
3340 4039 3437 4095 ad-

1860 4148 2079 4213 amatis,
2127 4146 2248 4201 illas
2289 4143 2344 4197 in
2410 4148 2554 4194 astra
2605 4143 3010 4193 converterunt.
3060 4133 3229 4205 Igitur
3278 4141 3437 4188 antea

1860 4253 2007 4297 astra
2038 4255 2147 4293 non
2180 4245 2354 4301 erant,
2387 4248 2559 4303 usque
2585 4231 2712 4286 dum
2736 4228 2975 4284 lascivia:
2999 4225 3289 4282 occasione
3318 4239 3435 4280 cae-

1859 4335 1971 4388 lum
2002 4330 2171 4387 stellis
2200 4326 2589 4383 exornaretur?
2649 4321 2717 4376 Et
2742 4321 3020 4391 quomodo
3050 4319 3105 4372 in
3136 4318 3320 4373 stellas
3351 4332 3439 4371 re-

1787 4408 1836 4466 Ι)
1861 4427 2093 4480 latarum
2121 4421 2277 4476 liberi
2309 4435 2373 4473 ac
2411 4426 2637 4487 nepotes
2671 4412 2814 4485 apud
2856 4411 3062 4467 inferos
3099 4408 3439 4479 puniuntur?

1858 4522 2012 4575 Atlas
2049 4525 2307 4588 gravatus
2335 4512 2594 4583 pondere,
2626 4505 2889 4561 Tantalus
2929 4512 3153 4579 enectus
3195 4501 3306 4564 siti,
3347 4498 3437 4553 Si-

1859 4612 2065 4684 syphus
2120 4615 2328 4679 petram
2378 4603 2643 4665 retinens,
2668 4598 2860 4668 Tityus
2909 4605 3164 4665 pertusus
3206 4592 3438 4654 viscera,

1857 4683 2007 4761 Iition
2040 4703 2185 4758 circa
2216 4709 2391 4754 rotam
2424 4694 2797 4750 indesinenter
2836 4689 3128 4743 volutatus.
3154 4683 3442 4749 Quomodo

170 4822 264 4894 χὸν
300 4775 599 4882 ἀπαύστως
629 4775 1073 4882 έυΙλινδούμενοςΞ
1113 4775 1272 4883 ιδὸ
1313 4775 1430 4875 πῶς
1477 4775 1679 4863 δὲικαὶι
1715 4809 1757 4861 oi

1863 4814 1995 4854 vero
2037 4806 2099 4850 ut
2138 4800 2409 4849 amatores
2455 4787 2530 4841 dii
2561 4799 2679 4849 eos,
2726 4795 2867 4851 quos
2912 4779 3247 4849 polluerant,
3302 4775 3441 4827 inter

2169 4886 2183 4894 ·
2333 4891 2342 4894 -
2431 4879 2497 4894 ἐ’
2541 4892 2552 4894 ~
2586 4885 2709 4894 ~--——
2766 4873 2817 4894 ελ
2868 4870 3113 4894 -η---Α-ι..
3164 4882 3269 4894 ..ιη-
3314 4871 3438 4894 οη...

170 4912 403 4984 ἐρασταὶ
449 4909 561 4963 θεοὶ
604 4909 774 4973 ὄντες,
826 4905 919 4971 οὓς
968 4906 1217 4977 ἐμίαναν,
1260 4900 1652 4974 κατηστέριζον
1697 4900 1763 4973 ³³,

170 5005 391 5065 ἑαυτοῖς
424 5001 539 5072 (95)
572 4999 729 5053 τοῦτο
765 4998 839 5068 μὴ
870 4996 1263 5068 χαρισάμενοι;

241 5086 439 5146 XXIII.
475 5085 591 5139 Οὐκ
620 5082 729 5151 ἄρα
749 5080 888 5155 ἦσαν
932 5087 1061 5152 θεοὶ,
1097 5085 1234 5141 ἀλλά
1282 5081 1561 5153 τυράννων
1593 5072 1769 5142 αἰνίγ-

1864 4900 2011 4946 astra
2046 4886 2369 4949 retulerunt,
2400 4879 2503 4935 sibi
2532 4885 2715 4931 autent
2765 4873 2821 4927 id
2868 4870 3115 4926 muneris
3164 4882 3271 4921 non
3314 4871 3442 4919 sunt

1860 4980 2078 5037 lareiti?

1929 4999 1943 5012 ·
1980 4998 2077 5033 Ill!

1929 4998 2116 5117 XXIII.
2160 5057 2282 5116 Non
2310 5072 2439 5130 ergo
2481 5064 2638 5114 erant
2678 5056 2776 5123 dii,
2827 5053 2921 5109 sed
2960 5060 3310 5121 tyrannorum
3348 5059 3438 5098 ve-

1454 5191 1693 5249 VARIA‘I
1716 5186 2106 5247 LECTIUNES

256 5337 307 5373 ’τ
340 5333 475 5386 τότε
502 5326 916 5402 εᾶὶυηχῖμοιοη
975 5329 1020 5402 '3
1047 5326 1127 5381 Ita
1156 5324 1201 5402 ί)
1257 5339 1524 5402 σεπτεμ-ελ
1541 5320 1649 5402 C_i_,
1673 5324 1727 5402 i_n
1768 5347 1834 5386 cu

1101 5415 1129 5461 ς
1153 5397 1269 5450 des.
1307 5396 1360 5448 in
1390 5392 1735 5450 OfSubinde
1763 5402 1835 5453 ὲπ

183 5410 229 5441 ³³
268 5404 480 5457 παίδων
500 5398 583 5456 ΟΣ
643 5400 687 5432 ³³
716 5400 853 5453 Vbb.
888 5398 963 5461 ὡς
992 5398 1095 5467 ἔφη

183 5545 401 5616 σμένων
422 5542 485 5597 C.
563 5543 607 5575 ³⁸
632 5541 771 5610 δίψει
798 5538 862 5594 Ο.
896 5538 940 5572 ³⁸
965 5533 1354 5608 κατεστήριζον
1370 5533 1449 5590 C.

1836 5331 1879 5453 ἐ.
1930 5337 2082 5385 textu
2133 5324 2386 5405 uctspéq:
2462 5324 2507 5355 ’θ
2538 5318 2799 5420 ἐπιστολή
2838 5315 2905 5372 0.
2980 5314 3029 5347 ³⁸
3055 5312 3225 5373 πάθος
3250 5324 3358 5390 om.
3383 5307 3429 5362 0

1884 5400 1984 5453 τῆς
2006 5398 2046 5451 C
2080 5438 2093 5453 .
2129 5394 2339 5453 ἐπιθείς
2364 5408 2418 5447 ιη
2450 5407 2623 5453 marg.
2753 5388 2774 5420 ⁸
2828 5382 3154 5453 ἐπαναφορά
3192 5395 3336 5447 con].
3363 5377 3423 5432 Cl

1884 5400 1984 5469 τῆς
2006 5398 2046 5451 C
2080 5438 2093 5461 ,
2124 5388 2418 5469 ἐπιθείςίῃ
2450 5407 2623 5461 marg.
2684 5460 2696 5469 ⁸
2753 5388 2774 5420 ⁸

184 5478 234 5517 ιι
266 5473 340 5527 Ita
368 5472 412 5527 Ο
480 5485 533 5528 c.
566 5470 619 5525 Β.
659 5456 1186 5539 ἀπαλλάσσονταῖϐ.
1263 5466 1309 5539 ff’
1334 5464 1622 5539 ἐμίγνυντο
1647 5467 1692 5522 Ο
1741 5485 1757 5524 ί

1886 5512 1901 5536 ,
1929 5456 2235 5539 ἐμιγνοῖντο
2266 5463 2329 5520 C.
2395 5462 2441 5501 ³ο
2464 5456 2860 5532 κατῆστήριζον
2896 5456 2961 5512 C.

2828 5377 3443 5484 έπειηναφιξίηείῖπὶέιὲξ·

3087 5454 3107 5486 ⁷
3132 5464 3434 5520 κατεστηρι-

1504 5625 1867 5709 VARIORUM
1901 5623 2136 5681 NOTAE.

266 5729 384 5797 (95)
415 5727 544 5795 Leg.
570 5726 773 5789 αὐτοῖς,
804 5740 883 5797 se.
926 5726 1039 5797 τοῖς
1060 5722 1373 5797 ἐρωμένοις.
1400 5721 1532 5786 Cur,
1564 5720 1761 5787 inquit,

184 5793 283 5855 dii
302 5793 625 5855 mulieribus
645 5811 677 5852 a
708 5810 767 5852 se
787 5795 1079 5860 adamatis,
1095 5793 1246 5863 quas
1271 5793 1411 5847 inter
1432 5800 1578 5846 astra
1617 5798 1765 5844 retu-

1869 5718 2078 5782 lerunt,
2108 5731 2219 5771 non
2253 5713 2305 5769 id
2336 5729 2556 5785 quoque
2583 5712 2933 5785 largitisunt,
2970 5720 3029 5765 ut
3051 5723 3239 5785 eorum
3267 5716 3443 5778 poste-

1874 5804 1967 5844 ros
1998 5776 2304 5859 (ὲδιγόνους)
2333 5776 2371 5842 a
2390 5776 2569 5856 poenis
2591 5776 2822 5840 inférnis
2852 5776 3182 5838 liberarent?
3204 5776 3265 5835 S.
