3894 6208
169 312 285 372 193

1336 304 1800 367 CLEMENTINA.
1832 336 1900 346 --
1930 303 2219 361 HOMILIA
2262 301 2317 361 V.

3370 291 3471 352 IN

156 428 367 492 αὖτοὺς
400 427 707 500 προεθίζειν
738 429 945 497 λόγοις·
976 429 1061 483 δτι
1103 427 1328 499 δευτέρα
1379 425 1541 497 φύσις
1571 426 1604 496 ἠ
1643 440 1746 477 συν·

1874 435 1980 491 que
2021 418 2205 489 probis
2242 411 2727 486 praeassuefaeiant
2767 411 3133 476 sermonibus,
3178 410 3304 481 quia
3336 427 3469 467 eon-

157 522 356 593 ήθεια·
394 520 529 594 πρὸς
570 522 784 585 τούτοις
812 521 868 575 δὲ
904 520 1125 585 πυκνῶς
1161 519 1359 583 αὐτοὺς
1388 518 1489 582 τάς
1521 517 1746 571 κολάσει

1873 509 2106 565 suetudo
2134 516 2216 562 est
2246 507 2417 561 altera
2448 514 2644 561 natura
2671 521 2684 559 :
2714 503 2780 558 ad
2831 503 2948 558 haec
2990 511 3173 557 autem
3205 500 3465 573 frequen-

160 613 328 683 152
366 614 805 685 ὑπομιμνήσκειν
836 612 938 677 τάς
971 614 1037 667 ὲκ
1070 614 1180 666 τῶν
1207 611 1410 683 νόμων,
1435 611 1544 676 ἵνα,
1579 608 1746 682 ὦσπει

1870 610 1952 655 ter
1988 600 2043 654 in
2086 614 2279 654 eorum
2326 598 2647 652 memoriam
2704 602 2962 651 revocent
3001 594 3182 663 legum
3227 610 3460 665 pcnnas:

154 703 369 774 χαλινῷ
401 704 481 774 τῷ
516 704 667 774 φόϐῳ
707 703 1002 776 χρώμενοι,
1031 707 1149 768 ταῖς
1172 704 1396 767 ἀτόποις
1433 703 1509 775 μὴ
1543 700 1766 774 συντρέ-

1868 709 1979 764 quo
2006 702 2151 748 metu
2178 701 2437 761 tanquam
2470 691 2628 747 freno
2669 690 2755 746 usi
2802 690 3058 747 absurdis
3086 706 3193 745 non
3226 704 3463 747 consen-

155 812 330 866 χωσιν
359 796 575 867 ἡδοναῖς
596 797 674 828 ⁸ο·
722 798 989 869 προσήκει
1022 797 1079 851 δὲ
1111 796 1207 850 καὶ
1243 795 1350 867 πρὸ
1378 794 1476 848 τοῦ
1507 794 1605 866 τὴν
1644 794 1746 846 ἐπι-

1868 787 2006 842 tiant
2035 784 2427 856 voluptatibus.
2458 784 2729 852 Convenit
2755 798 2886 855 ergo
2920 792 3001 851 ut,
3028 791 3321 854 antequam
3348 783 3458 839 fer-

156 886 363 957 θυμίαν
417 888 741 959 ὲπακμὰσαι
788 889 954 960 γάμῳ
999 889 1060 942 τὸ
1113 888 1339 960 φυσικὸν
1398 888 1499 959 τῆς
1546 885 1746 958 ἡλικίαι

1867 888 1989 933 veat
2027 879 2323 948 cupiditas,
2355 877 2591 933 naturali
2625 876 2802 932 astatis
2850 875 3065 931 aI'I'ectui
3107 891 3203 946 per
3248 891 3459 931 connu-

153 978 530 1051 πληροφορεῖν
583 981 787 1045 πάθος,
839 981 1103 1053 πρότερον
1146 980 1440 1044 πείσαντας
1498 980 1581 1044 εἰς
1623 975 1746 1041 εἶδος

1863 972 2014 1027 bium
2043 972 2275 1027 satisﬁat
2299 990 2313 1038 ;
2351 970 2892 1041 persuadeamusque
2921 969 3029 1024 illis
3054 970 3230 1039 prius,
3254 984 3323 1024 ne
3349 967 3459 1023 for-

153 1071 356 1141 ὲτέρας
388 1070 649 1139 γυναικὸς
680 1071 754 1143 μὴ
788 1071 1077 1135 ἀτενίζειν.

222 1161 421 1215 XXVI.
448 1163 509 1215 Ὀ
545 1162 656 1235 γάρ
685 1162 810 1227 νοῦς
841 1162 1021 1234 ἡμῶν,
1051 1161 1250 1217 ὁπόταν
1277 1162 1322 1194 ⁸³
1347 1160 1417 1215 τὰ
1468 1159 1660 1233 πρῶτα
1689 1160 1755 1231 τῇ

150 1250 348 1323 τέρψει
401 1253 464 1306 τὸ
512 1250 651 1318 εἶδος
698 1256 798 1327 τῆς
843 1254 1127 1327 ἐρωμένης
1163 1252 1536 1325 ἀπομάξηται,
1568 1251 1758 1322 ὥσπερ

152 1346 210 1397 ὲν
246 1344 546 1416 κατόπτρῳ
578 1346 779 1418 ἐνορῶν
816 1346 903 1400 ἀεὶ
933 1346 1033 1418 τὴν
1078 1345 1310 1417 μορφὴν,
1339 1342 1427 1397 διά
1470 1343 1571 1415 τῆς
1618 1341 1754 1413 μνή-

157 1452 267 1505 μης
303 1434 683 1505 βασανίζεται*
722 1436 818 1490 καὶ
862 1437 935 1509 μὴ
971 1436 1255 1507 τυγχάνων
1299 1434 1397 1506 μὲν
1431 1435 1530 1506 τῆς
1563 1430 1753 1485 ὲπιθυ-

156 1523 311 1592 μίας,
342 1525 447 1595 τῆς
482 1526 767 1596 ἐπιτυχίας
801 1527 1002 1599 μελετᾷ
1032 1527 1131 1591 τὰς
1160 1527 1335 1590 ὁδοὺς,
1371 1521 1641 1595 ἐπιτυχὼν
1669 1522 1749 1586 δὲ,

156 1616 359 1686 μᾶλλον
401 1617 645 1685 αῦξεται,
679 1618 868 1693 ὥσπερ
899 1620 961 1675 τὸ
993 1620 1106 1693 πῦρ
1138 1621 1237 1692 τῆς
1282 1617 1415 1690 ὕλης
1464 1614 1750 1689 εὑποροῦν,

1864 1080 2009 1119 mam
2044 1064 2271 1118 alterius
2301 1062 2548 1119 mulieris
2574 1062 3039 1133 contemplentur.

1930 1155 2123 1211 XXVI.
2163 1155 2376 1211 Etenim
2429 1172 2589 1211 mens
2637 1165 2848 1221 nostra,
2888 1172 3012 1212 cum
3067 1156 3307 1226 primum
3352 1154 3458 1211 sibi

1860 1249 2205 1320 impresserit
2266 1263 2392 1304 cum
2449 1249 2728 1318 voluptate
2799 1248 3066 1303 adamata:
3136 1247 3454 1319 imaginem,

1859 1341 2018 1411 quasi
2051 1342 2105 1396 in
2150 1340 2376 1412 speculo
2415 1357 2631 1411 semper
2662 1341 2891 1395 formam
2938 1341 3179 1406 intuens,
3211 1356 3308 1410 per
3343 1353 3459 1394 rne-

1856 1434 2094 1489 moriam
2124 1442 2435 1505 torquetur,
2464 1442 2518 1489 et
2562 1435 2609 1488 si
2638 1434 2858 1503 quidem
2895 1442 3024 1487 voto
3075 1448 3183 1485 non
3228 1430 3453 1495 fruitur,

1818 1580 1823 1585 .
1856 1525 2100 1596 potiendi
2133 1535 2280 1582 artes
2312 1527 2635 1593 meditatur;
2679 1527 2763 1581 sin
2793 1534 2975 1580 autem
3010 1525 3230 1589 fruitur,
3259 1524 3457 1579 crescit

1856 1621 2151 1692 cupiditas,
2182 1621 2323 1676 sicut
2351 1620 2493 1691 ignis
2524 1620 2751 1674 materia
2780 1617 3091 1683 abundans,
3126 1615 3456 1685 praesertim-

153 1708 245 1760 καὶ
294 1708 512 1778 μάλισθ’
558 1709 637 1763 ὅτ’
680 1709 746 1764 ἂν
779 1713 845 1783 τῇ
886 1709 1033 1781 ψυχῇ
1082 1707 1175 1762 τοῦ
1221 1708 1455 1780 ἐρῶντος
1504 1704 1611 1777 «pb
1653 1702 1746 1756 τοῦ

1859 1730 1967 1784 que
1993 1715 2213 1785 quando
2242 1714 2297 1768 in
2331 1712 2593 1768 amatoris
2622 1711 2807 1766 animo
2848 1709 3010 1764 timor
3046 1721 3171 1763 ante
3197 1707 3452 1762 affectum

152 1799 362 1863 πάθους
418 1780 1029 1875 προσεντετυπωμένοςί
1068 1802 1141 1874 μὴ
1196 1798 1523 1874 προῦπάρξῃ
1570 1795 1746 1867 φόϐος.

1861 1808 2165 1878 impressus
2191 1822 2299 1862 non
2328 1805 2667 1871 praeexstitit.
2696 1802 2832 1857 Nam
2881 1803 3025 1858 sicut
3070 1817 3213 1872 aqua
3245 1800 3455 1856 exstin-

162 1889 252 1956 Ὣς
282 1890 396 1966 γὰρ
430 1890 575 1966 ὕδωρ
608 1892 721 1967 πῦρ
752 1894 1197 1954 κατασϐέννυσιν,
1243 1890 1416 1953 οὕτως
1455 1888 1551 1943 καὶ
1593 1887 1757 1958 φόϐος

149 1984 251 2055 τῆς
284 1985 484 2061 ἀλόγου
511 1985 805 2057 ἐπιθυμίας
836 1986 952 2039 ἐστὶ
981 1984 1322 2057 σϐεστήριος.
1358 1981 1519 2065 Ὅθεν
1561 1977 1669 2048 ἐγὼ
1692 1978 1756 2031 ἔκ

149 2095 297 2142 τινος
344 2078 599 2133 Ἰουδαίου
657 2079 727 2133 τά
767 2078 886 2149 Θεῷ
938 2078 1219 2151 πρέποντα
1265 2076 1361 2130 καὶ
1405 2066 1454 2106 θ
1488 2076 1626 2127 νοεῖν
1660 2071 1755 2125 καὶ

150 2175 329 2226 ποιεῖν
362 2172 701 2245 ἐκμαθοῦσα,
737 2173 1006 2236 εὐάλωτος
1037 2166 1176 2244 πρὸς
1213 2169 1453 2242 μοιχείαν
1489 2166 1593 2221 ὑπὸ
1624 2166 1757 2236 ψευ-

146 2265 252 2318 δῶν
292 2264 478 2336 μύθων
528 2267 590 2320 ού
631 2264 877 2338 γίνομαι.
909 2264 1126 2319 Θέλοντι
1159 2262 1208 2295 ⁸³
1241 2258 1297 2316 δέ
1327 2277 1409 2315 σοι
1442 2259 1537 2313 καὶ
1583 2274 1751 2312 σπου-

146 2359 365 2423 δάζοντι
434 2361 771 2431 σωφρονεῖν,
834 2354 1246 2430 φλεγμαινούσῃ
1299 2354 1348 2386 ⁸⁵
1403 2352 1550 2424 ψυχῇ
1614 2347 1753 2423 πρὸς

147 2448 349 2521 ἔρωτα,
384 2448 601 2520 βοηθοίη
630 2448 764 2512 Θεὸς
795 2444 890 2502 καὶ
917 2448 1016 2519 τὴν
1042 2446 1185 2499 ίασιν
1216 2435 1543 2515 παρασχοίη.

217 2548 438 2604 XXVII.
480 2547 823 2611 Ἐπακούσας
858 2545 915 2601 δὲ
960 2547 987 2600 δ
1032 2544 1277 2600 Ἀππίων
1309 2540 1408 2615 τῆς
1454 2539 1749 2612 ὑποκρίτου

148 2642 510 2713 ἀντιγραφῆς,
538 2640 669 2712 ἔφη’
730 2640 821 2712 Μή
871 2638 925 2693 τί
972 2638 1183 2708 ἀλόγως
1230 2634 1516 2697 Ἰουδαίους
1570 2630 1746 2704 μισώς

149 2732 243 2787 νῦν
277 2732 411 2802 γοῦν
430 2733 631 2805 ταύτην
653 2732 701 2765 ⁵⁸
726 2732 811 2796 τίς
845 2750 973 2785 ποτε
998 2727 1273 2801 συντυχὼν
1297 2728 1565 2789 Ἰουδαῖος,
1590 2721 1747 2793 153

149 2826 245 2879 καὶ
279 2826 364 2888 εἰς
400 2825 501 2897 τὴν
546 2824 842 2897 θρησκείαν
878 2820 1205 2895 μεταγαγὼν
1247 2820 1500 2873 ἀνέπεισε
1531 2832 1747 2887 σωφρο-

147 2919 279 2980 νεῖν,
313 2916 411 2969 καὶ
440 2914 699 2971 ἀδύνατόν
730 2916 847 2968 ὲστι
876 2913 971 2968 τοῦ
999 2910 1189 2967 λοιποῦ
1235 2912 1404 2982 αὐτὴν
1432 2906 1478 2941 ⁵⁸
1508 2909 1588 2971 είς
1634 2920 1748 2960 κοι-

146 3011 347 3065 νωνίαν
379 3011 568 3084 ἑτέρου
612 3007 758 3075 τινὸς
804 3008 1105 3073 συνελθεῖν,
1152 3005 1235 3061 ὅτι
1281 3004 1330 3059 oi
1376 3002 1607 3058 τοιοῦτοι
1652 2998 1745 3054 τδν

147 3105 280 3158 Θεὸν
309 3103 389 3169 ὡς
416 3103 802 3174 παπεπὸπτην
828 3102 938 3155 τῶν
972 3100 1223 3171 πράξεων
1257 3097 1579 3170 προθέμενοι
1621 3092 1746 3164 σφό-
1770 3124 1815 3183 c

146 3195 248 3268 δρα
288 3197 589 3267 σωφρονεῖν
635 3191 1083 3267 ὲγκαρτεροῦσιν,
1118 3191 1195 3255 ὡς
1240 3189 1422 3243 λαθεῖν
1470 3188 1544 3260 μὴ
1585 3184 1745 3240 δυνά·

153 3304 317 3357 μενοι.

218 3374 460 3431 XXVIII.
505 3375 693 3431 Ταῦτα
722 3377 980 3442 ἀκούσας,
1015 3375 1151 3447 ἔφην
1178 3374 1256 3446 τῷ
1299 3372 1594 3426 ’Λππίωνισ
1629 3368 1745 3424 Νῦν

152 3487 231 3522 σοι
262 3468 333 3522 τά
368 3468 544 3541 ἀληθῆ
593 3468 931 3542 ὁμολογήσω.
982 3467 1121 3537 Ἐγὼ
1166 3465 1423 3536 γυναικὸς
1465 3465 1567 3517 οὐκ
1607 3462 1744 3535 ἡρά-

152 3560 279 3633 σθην
314 3562 440 3615 οὐδὲ
470 3561 628 3615 ἄλλου
657 3561 819 3625 τινὸς,
853 3561 993 3616 πάνυ
1028 3577 1128 3632 μου
1168 3557 1269 3628 τῆς
1296 3555 1475 3628 ψυχῆς
1521 3554 1745 3608 δεδαπα-

150 3654 391 3725 νημένης
434 3654 574 3725 πρὸς
622 3652 786 3716 ἄλλας
825 3652 1126 3725 ἐπιθυμίας
1163 3652 1259 3707 καὶ
1288 3651 1428 3725 πρὸς
1460 3651 1674 3724 ἀληθῶν
1695 3648 1741 3681 ⁸⁷

149 3745 436 3816 δογμάτων
460 3746 696 3817 εῦρεσιν.
712 3746 821 3799 Καὶ
851 3746 1012 3818 μέχρι
1032 3745 1127 3799 τοῦ
1148 3742 1266 3810 νῦν,
1291 3743 1493 3809 πολλὰς
1516 3740 1744 3814 γνώμας

151 3838 461 3908 φιλοσόφων
490 3839 887 3910 διασκοπήσας,
911 3837 1050 3912 πρὸς
1080 3838 1269 3893 οὐδένα
1302 3839 1481 3892 αὐτῶν
1514 3837 1705 3891 ἔνευσα
1725 3875 1740 3901 ,

148 3931 177 4009 ᾗ
227 3931 373 4003 πρὸς
416 3929 479 3984 τὸ
521 3931 787 3985 Ἰουδαίων
843 3932 1022 4003 μόνον,
1074 3930 1321 4003 ἐμπόρου
1372 3928 1516 3994 τινος
1562 3928 1743 3983 αὐτῶν

144 4024 337 4088 ὀθόνας
373 4024 781 4096 πιπράσκοντος
813 4022 1049 4079 ἐνταῦθα
1083 4026 1148 4096 τῇ
1194 4023 1381 4098 Ῥώμῃ
1412 4023 1742 4095 ἐπιδεδημη-

143 4116 336 4180 κότος,
387 4117 483 4170 καὶ
514 4117 580 4170 ἐκ
622 4134 768 4181 τινος
814 4116 1107 4188 συντυχίας
1138 4115 1347 4186 ἀγαθῆς
1379 4114 1742 4187 ἁπλούστερόν

147 4226 237 4280 μοι
268 4208 335 4261 τὸ
373 4209 701 4280 μοναρχικὸν
734 4210 986 4281 φρόνημα
1022 4206 1425 4281 παραθεμένου.

211 4299 414 4355 XXIX.
466 4300 728 4365 Ἀκούσας
757 4300 814 4355 δέ
850 4319 951 4374 μου
996 4301 1097 4373 τῆς
1127 4301 1383 4373 ἀληθείας
1410 4303 1438 4355 ὁ
1472 4300 1739 4365 Ἀππίων,

142 4394 171 4446 ὁ
200 4393 415 4462 ἀλόγως
452 4394 622 4465 μισῶν
658 4395 720 4448 τὸ
765 4394 1052 4459 Ἰουδαίων,
1089 4394 1181 4448 καὶ
1213 4394 1267 4448 τί
1300 4396 1429 4465 ποτέ
1463 4395 1609 4448 ἐστιν
1640 4394 1739 4448 αύ-

143 4487 251 4539 τῶν
281 4458 347 4539 τὸ
378 4458 569 4540 πιστὸν
589 4485 711 4540 οὔτε
735 4486 891 4551 εἰδὼς
923 4485 1047 4540 οὔτε
1071 4485 1269 4541 εἰδέναι
1294 4458 1480 4551 θέλων,
1499 4487 1738 4559 ἀκρίτως
1770 4465 1816 4523 Ῐ)

146 4580 426 4651 ὀργισθεὶς
454 4582 520 4651 τῇ
555 4584 731 4653 σιωπῇ
755 4580 814 4647 ἐξ
845 4581 1017 4652 αὐτῆς
1044 4580 1144 4653 ἥδη
1178 4580 1278 4651 τῆς
1319 4580 1536 4652 Ῥώμης
1564 4580 1739 4652 ἀπηλ-

146 4672 379 4726 λάσσετο
398 4689 410 4701 ·
430 4673 522 4726 καὶ
550 4672 734 4726 ἔκτοτε
754 4672 847 4726 νῦν
876 4673 1093 4745 πρῶτον
1121 4673 1270 4743 αὐτῷ
1303 4671 1735 4743 συντετυχηκιῖκ,

144 4763 235 4816 τὸν
263 4763 324 4830 ἐξ
366 4764 577 4818 ἐκείνου
613 4764 709 4819 τοῦ
733 4765 926 4837 χρόνον
967 4764 1135 4836 θυμὸν
1167 4763 1459 4818 ὑποπτεύω
1491 4764 1734 4830 εἰκότως.

146 4855 292 4940 Πλὴν
324 4858 409 4925 ἐφ’
445 4857 598 4928 ὑμῶν
628 4857 793 4912 αὐτοῦ
824 4856 1116 4928 πεύσομαι,
1149 4857 1202 4910 τί
1248 4857 1314 4911 ἂν
1348 4856 1460 4928 ἔχοι
1491 4857 1669 4926 λέγειν
1689 4858 1738 4890 ⁸⁸

145 4950 275 5021 περὶ
308 4950 419 5003 τῶν
460 4949 767 5022 λεγομένων
797 4950 954 5014 θεῶν,
988 4945 1064 5006 ὧν
1130 4951 1180 5003 οἱ
1230 4950 1740 5021 βίοι,παντοπαθεῖς

146 5035 285 5095 εἶναι
335 5041 821 5115 μυθολογούμενα,
857 5043 993 5117 «pb;
1024 5043 1123 5116 τὴν
1153 5044 1247 5099 τοῦ
1283 5043 1469 5117 ὁμοίου
1507 5046 1738 5120 μίμησιν

146 5135 401 5207 ἐπιτηδὲς
414 5135 631 5206 ᾅδονται
641 5137 705 5208 δη
714 5137 897 5209 μοσίᾳ,
911 5129 985 5190 ὧν
998 5135 1134 5209 πρὸς
1144 5139 1258 5201 τοῖς
1268 5137 1629 5211 ἀνθρωπίνοις
1643 5140 1743 5194 πά-

148 5227 417 5292 θεσιν,ὼς
436 5228 591 5300 ἔφην,
627 5232 720 5283 καὶ
751 5231 802 5283 οἱ
837 5228 979 5283 κατά
1009 5228 1174 5283 τόπον
1220 5229 1521 5286 δείκνυνται
1550 5234 1730 5302 τάφοι.

1857 1901 1973 1971 guit
1996 1901 2199 1972 ignem,
2231 1900 2304 1954 ita
2334 1901 2499 1955 etiam
2532 1900 2698 1953 timor
2728 1900 2837 1951 vim
2879 1896 3045 1951 habet
3069 1893 3451 1965 exstinguendi

1857 2003 2077 2058 pravam
2109 1987 2483 2057 cupiditatem.
2514 1986 2783 2053 Quocirca
2811 2000 2935 2055 ego,
2978 1992 3039 2039 ut
3082 2000 3205 2053 qua:
3241 1999 3271 2038 a
3312 1999 3450 2053 quo-

1855 2077 1979 2134 dam
2024 2076 2213 2133 .Ind:eo
2261 2080 2546 2134 didicerim
2600 2087 2655 2133 et
2702 2078 2945 2148 cogitare
3006 2085 3059 2131 et
3104 2075 3283 2132 facere
3328 2091 3451 2147 (pne

1856 2171 2026 2227 Deum
2055 2172 2272 2237 decent,
2304 2188 2400 2240 per
2430 2171 2598 2226 falsas
2627 2169 2840 2225 fabulas
2871 2169 2922 2223 in
2960 2177 3211 2239 stuprum
3250 2168 3448 2223 adduci

1854 2280 1962 2319 non
2000 2280 2245 2335 possum.
2279 2261 2403 2319 Tibi
2434 2279 2585 2329 vero,
2618 2262 2858 2334 cupienti
2900 2277 2963 2317 ac
3013 2260 3251 2317 studenti
3298 2271 3448 2316 caste

1853 2358 2054 2423 vivere,
2087 2359 2393 2429 animaeque
2439 2357 2505 2411 ad
2536 2371 2777 2411 amorem
2804 2353 3078 2423 ﬂagranti,
3111 2351 3253 2409 Deus
3292 2352 3446 2407 auxi-

1852 2449 1985 2504 lium
2018 2451 2278 2519 prtebeat,
2312 2458 2476 2519 atque
2508 2448 2711 2503 tribuat
2733 2446 3086 2501 medicinam.

1926 2540 2137 2597 XXVII.
2182 2542 2384 2597 Audito
2434 2549 2614 2595 autem
2666 2540 2858 2594 Iictitio
2923 2538 3208 2608 rescripto,
3234 2535 3443 2607 Appion

1849 2633 1989 2690 dixit
2019 2653 2032 2691 :
2065 2635 2147 2690 An
2172 2635 2288 2691 sine
2318 2635 2528 2690 ratione
2554 2632 2771 2689 Judaeos
2801 2631 2925 2686 odi?
2964 2628 3122 2688 Nunc
3144 2645 3274 2700 ergo
3302 2630 3446 2685 hanc

1851 2727 2052 2797 aliquis
2102 2725 2323 2783 Judaeus
2364 2736 2581 2791 nactus,
2612 2725 3009 2794 adduetamque
3046 2722 3111 2777 ad
3147 2737 3305 2777 suum
3328 2720 3445 2776 cul-

1855 2828 1994 2885 tum,
2036 2819 2089 2873 in
2120 2820 2373 2874 castitate.
2401 2819 2598 2889 degere
2638 2816 2928 2887 persuasit,
2962 2824 3016 2869 et
3060 2815 3315 2884 deinceps
3341 2814 3445 2868 im-

1847 2910 2109 2979 possibile
2154 2919 2241 2964 est
2289 2918 2349 2964 ut
2387 2924 2450 2963 ea
2484 2909 2536 2962 in
2577 2908 2863 2978 cujusdam
2901 2906 3218 2977 complexus
3238 2906 3440 2972 veniat,

1847 3002 1974 3073 quia
2011 3003 2122 3066 isti,
2165 3001 2334 3056 Deum
2380 3009 2641 3070 tanquam
2681 2998 2930 3053 omnium
2980 3013 3206 3067 operum
3258 2996 3443 3065 inspe-

1848 3102 2055 3149 ctorem
2083 3094 2184 3148 sibi
2217 3102 2610 3163 proponentes,
2650 3090 2967 3160 pudicitiam
3017 3088 3309 3144 admodum
3350 3103 3441 3142 re.

1848 3186 2045 3252 tinent,
2077 3185 2226 3240 velut
2250 3185 2341 3256 qui
2375 3201 2483 3240 non
2518 3183 2731 3253 possint
2752 3183 2946 3237 latere.

1916 3357 2153 3413 XXVIII.
2187 3356 2318 3424 Quae
2342 3373 2465 3412 cum
2496 3357 2851 3425 audivissem,
2879 3356 2990 3413 dixi
3019 3355 3253 3427 Appioni
3280 3375 3292 3411 :
3316 3354 3438 3412 Jam

1846 3452 1943 3507 tibi
1981 3466 2170 3506 verum
2198 3450 2429 3505 fatebor.
2465 3450 2577 3520 Ego
2598 3451 2883 3504 mulierem
2913 3464 3023 3503 non
3055 3448 3231 3503 amavi
3262 3464 3439 3519 neque

1846 3540 1975 3617 quid
2026 3544 2379 3614 bujnsmodi;
2426 3544 2645 3597 animus
2678 3544 2880 3613 quippe
2911 3556 3065 3596 meus
3098 3542 3152 3595 in
3181 3540 3286 3596 alia
3318 3556 3438 3596 om-

1845 3640 1978 3692 nino
2006 3636 2355 3692 consumitur
2383 3634 2686 3699 desideria,
2724 3634 2964 3695 scilicet,
3012 3632 3068 3687 in
3098 3632 3436 3703 reperiendis

1846 3731 1989 3785 veris
2019 3728 2387 3799 dogmatibus.
2442 3725 2509 3782 Et
2559 3728 2668 3783 buc
2718 3741 2894 3797 usque
2938 3726 3124 3780 animo
3157 3725 3224 3780 ad
3254 3726 3436 3781 varias

1844 3824 2296 3897 philosophorum
2321 3822 2608 3891 opiniones
2628 3819 2861 3890 adjecto,
2886 3818 2955 3873 ad
2980 3817 3189 3872 nullum
3214 3817 3432 3873 illorum

1843 3917 2124 3982 inclinavi,
2157 3916 2263 3971 nisi
2287 3914 2355 3970 ad
2378 3913 2691 3968 Iudaeorum
2714 3912 3057 3983 religionem,
3081 3926 3208 3965 cum
3231 3926 3297 3965 ex
3326 3911 3431 3967 illis

1845 4019 2120 4066 mercator
2158 4008 2359 4079 aliquis
2392 4007 2685 4061 linteorum
2718 4005 2808 4059 hic
2844 4004 3074 4059 Romam
3100 4004 3431 4072 advenisset,

1842 4111 1897 4158 et
1930 4104 2076 4157 bono
2118 4101 2358 4171 quodam
2402 4114 2532 4155 casu
2582 4096 2718 4151 mihi
2751 4096 3072 4166 simpliciter
3101 4097 3430 4151 sententiam

1842 4196 1909 4252 de
1937 4209 2048 4251 uno
2077 4194 2170 4251 Dei
2200 4193 2508 4265 principatu
2537 4190 2998 4248 commendasset.

1912 4306 2107 4363 XXIX.
2143 4306 2355 4377 Appion
2388 4319 2549 4368 vero,
2597 4320 2627 4360 a
2665 4319 2753 4359 me
2785 4313 3005 4374 accepta
3038 4304 3296 4372 veritate,
3331 4307 3426 4378 qui

1843 4402 2017 4473 legem
2058 4399 2372 4455 Judmorum
2399 4399 2586 4469 inique
2613 4397 2823 4465 oderat,
2857 4413 2958 4453 nec
2988 4413 3110 4469 quae
3132 4409 3279 4455 esset
3307 4400 3424 4455 illo-

1841 4510 1962 4549 rum
2001 4493 2136 4548 ﬁdes
2166 4491 2374 4547 sciebat
2409 4501 2504 4545 aut
2537 4489 2756 4545 volebat
2787 4490 2951 4553 scire,
2984 4490 3193 4561 absque
3216 4490 3427 4560 judicio

1842 4587 2016 4642 iratus
2048 4585 2187 4640 clam
2220 4584 2405 4641 statim
2435 4582 2609 4639 Roma
2647 4582 2934 4646 discessit,
2986 4590 3042 4637 et
3081 4598 3147 4637 ex
3179 4597 3247 4637 eo
3280 4598 3426 4639 nunc

1842 4680 2078 4750 primum
2114 4678 2267 4732 illum
2313 4685 2511 4733 nactus
2532 4718 2546 4743 ,
2579 4676 2718 4731 iram
2752 4676 3019 4746 temporis
3050 4676 3197 4732 illius
3228 4676 3427 4731 merito

1841 4788 2051 4827 vereor.
2087 4771 2340 4826 Attamen
2372 4784 2559 4825 coram
2590 4770 2749 4825 vobis
2779 4768 3151 4838 interrogabo,
3180 4769 3313 4839 quid
3340 4770 3425 4825 di-

1841 4880 1966 4920 cerc
1997 4864 2192 4918 habeat
2218 4863 2286 4918 de
2312 4862 2630 4933 vulgaribus
2654 4862 2790 4927 diis,
2825 4876 3062 4931 quorum
3092 4860 3252 4925 vitae.
3285 4877 3424 4931 quas

1841 4958 2096 5012 omnibus
2125 4955 2273 5011 vitiis
2303 4955 2579 5025 subjectas
2607 4952 2855 5009 referunt
2889 4953 3106 5021 fabulae,
3136 4954 3319 5023 palam
3355 4956 3423 5009 de

1842 5048 2109 5104 industria
2162 5046 2232 5104 ad
2284 5046 2648 5102 imitationem
2696 5057 3012 5110 canuntur,
3072 5059 3423 5116 quorumque

1841 5151 2034 5211 prreler
2075 5139 2348 5196 humanos
2392 5139 2652 5206 allectus,
2686 5145 2746 5192 ut
2774 5136 2923 5205 dixi,
2953 5137 3119 5192 etiam
3163 5137 3417 5209 sepulcra

1841 5248 1936 5303 per
1967 5233 2085 5289 loca
2118 5233 2497 5290 ostenduntur.

1444 5384 1682 5441 VARUE
1721 5385 2125 5461 LECTIOQJES.

216 5497 267 5537 ⁸⁸
294 5496 488 5568 ἡδονῆς
519 5496 585 5554 0.
663 5502 705 5541 ³¹
739 5499 888 5553 ὁπότ’
920 5500 985 5554 ἄν
1022 5500 1083 5555 C.
1170 5501 1217 5535 "
1246 5502 1337 5555 καί
1364 5502 1565 5557 inserui
1598 5516 1646 5556 c.
1681 5500 1743 5556 Ο.

1852 5500 2197 5557 “Turbatus
2247 5510 2351 5565 est,
2402 5511 2463 5557 ut
2497 5503 2715 5569 Opinor,
2781 5501 2915 5557 ordo
2961 5499 3272 5566 verborum,
3318 5500 3414 5569 qui

146 5568 231 5656 sic
259 5568 473 5656 videtur
515 5571 931 5656 copstitnet'i‘duts
958 5592 970 5627 :
1009 5570 1216 5625 θέλοντι
1247 5572 1308 5656 δέ
1338 5590 1419 5626 σοι
1446 5574 1540 5626 καὶ
1566 5573 1746 5626 σπουδ<

1856 5589 1917 5623 ιτι
1945 5572 2250 5656 σωφρονεῖν
2276 5573 2494 5656 βοηθοίη
2523 5568 2673 5656 θεὸς,
2705 5572 2800 5656 καὶ
2828 5570 3236 5656 φλεγμαινούσῃ

141 5639 246 5712 τὴν
263 5637 442 5712 *ἴασιν
459 5640 754 5712 παράσχοι.
791 5640 856 5712 Ρ.
892 5640 930 5695 S
954 5651 1182 5712 textum
1220 5645 1503 5712 vulgatum
1534 5657 1692 5711 posse
1738 5660 1746 5695 ι

1861 5644 1955 5697 Icri
1988 5637 2595 5708 cii'stilnat,dtimttn'odo
2645 5637 2915 5698 scribatur
2942 5637 3111 5712 ’ξρλεγ

3197 5653 3412 5723 teme

423 5708 479 5786 ’ξ
495 5707 569 5765 Ita
596 5707 681 5764 0⁷⁷
704 5727 752 5786 c.
791 5710 834 5763 Β
864 5752 893 5786 ._
914 5707 1351 5786 φλα-ιγμαινούσῂ
1382 5713 1447 5786 tl.
1476 5707 1746 5786 Tunt_«ag

1856 5730 1925 5786 (οι
1962 5712 2025 5766 Ο.
2103 5716 2147 5749 ⁸⁵
2178 5712 2221 5763 D
2272 5707 2377 5786 'Iegi
2416 5715 2531 5767 vult
2558 5714 2729 5785 ταύτῃ
2755 5713 2873 5786 (δᾳ
2906 5707 3166 5783 γυναικθι
3243 5707 3409 5765 “a5-

140 5778 247 5850 τήν
302 5795 409 5834 om.
441 5778 507 5835 Ο.
584 5787 631 5822 ⁸⁷
658 5781 794 5854 πρὸς
824 5778 937 5835 τῶν
979 5778 1194 5854 ἀληθῶν
1222 5783 1282 5837 C.
1326 5778 1407 5823 ’⁷³⁸
1428 5784 1573 5853 λέγει
1606 5783 1666 5838 Cl
1700 5827 1712 5843 .
1740 5778 1746 5782 ’

1866 5778 1922 5837 Ὀ
1957 5825 1969 5847 ,
2004 5794 2063 5838 ut-
2090 5799 2281 5853 parum
2315 5778 2569 5839 accurate
2596 5778 2794 5839 asserit
2837 5782 2897 5840 S.
