3894 6208
480 282 595 347 193

1436 276 1493 333 S.
1538 270 1927 331 CLEMENTIS
1965 270 1985 325 l
2025 269 2193 325 ROM.
2235 265 2441 324 PONT.
2486 267 2718 323 OPERA
2746 266 2973 324 DUBIA.

3666 270 3779 327 I96

542 403 716 464 XIX.
754 403 864 459 lsta
910 414 1037 457 cum
1086 413 1117 454 a
1168 412 1255 453 me
1303 394 1395 450 alii
1440 402 1566 448 ante
1616 390 1975 455 audivissent,
2007 396 2064 441 et

2236 384 2405 438 XXX.
2448 384 2635 437 Ταῦτα
2668 386 2718 437 oi
2758 384 2938 455 ἕτεροι
2989 380 3430 454 προακούσαντες
3477 383 3621 453 ἐμοῦ
3678 407 3777 443 και

476 495 868 569 consequentia
891 493 1268 551 desiderarent
1293 489 1523 551 discere,
1548 490 1924 541 convenerunt
1946 494 2054 546 me,

477 604 539 651 ut
566 592 865 663 Appionem
896 585 1148 641 invisuri.
1176 582 1241 637 Et
1264 595 1394 636 vero
1417 594 1541 633 eum
1565 579 1676 648 jam
1701 576 1871 630 lotum
1905 573 2059 627 inve-

479 689 682 751 nimus,
718 696 902 738 mensa
929 686 1139 749 parata.
1172 674 1353 741 Quare
1394 686 1571 741 pauca
1616 665 2057 723 examinavimus

476 780 621 835 circa
652 774 957 831 doctrinam
992 770 1059 825 de
1086 768 1213 823 diis.
1248 765 1343 819 Ille
1372 779 1503 818 vero
1530 770 1807 824 nostram,
1839 758 2056 829 opinor,

476 870 786 939 intelligens
818 865 1152 919 voluntatem
1179 902 1193 927 ,
1237 842 1481 913 crastina
1514 853 1604 908 die
1648 868 1708 908 se
1743 849 1952 921 aliquid
1990 849 2060 903 de

474 963 583 1017 diis
610 961 883 1015 dicturum
915 952 1188 1025 promisit,
1219 948 1588 1018 eumdemque
1614 944 1775 999 nobis
1800 941 2059 997 indicavit

473 1056 655 1109 locum
685 1092 699 1117 ,
746 1051 802 1104 in
851 1062 963 1119 quo
1006 1054 1155 1101 esset
1199 1044 1509 1097 locuturus.
1552 1037 1665 1093 Nos
1712 1045 1894 1091 autem
1930 1048 2057 1089 cum

472 1143 864 1218 promissione,
910 1139 1099 1211 gratiis
1142 1136 1220 1191 illi
1266 1136 1405 1191 actis
1428 1176 1443 1201 ,
1479 1133 1681 1204 singuli
1711 1131 1933 1187 domum
1969 1144 2059 1184 re-

471 1236 613 1293 versi
642 1250 855 1292 sumus.

1061 1440 1349 1496 HOMILIA
1390 1437 1480 1493 Vl.

542 1544 585 1598 1.
626 1539 813 1596 Tertio
860 1545 1042 1593 autem
1090 1535 1178 1589 die
1226 1533 1290 1587 ad
1338 1531 1664 1602 przelinitum
1699 1528 1830 1601 Tyri
1862 1543 2052 1599 agrum

473 1651 598 1691 eum
627 1628 1075 1688 familiarissimis
1115 1642 1217 1697 ego
1266 1626 1492 1680 veniens
1536 1624 1840 1694 Appionem
1921 1639 2057 1676 nan-

469 1725 669 1791 ciscor,
740 1724 794 1777 in
830 1720 1012 1776 medio
1047 1717 1354 1772 Anubionis
1382 1724 1436 1771 et
1467 1715 1807 1771 Athenodori
1856 1715 2055 1769 sedem
2089 1738 2132 1795 Β

474 1825 582 1872 tem
605 1859 621 1883 ,
669 1828 887 1884 unaque
913 1812 1097 1883 plures
1126 1810 1263 1865 alios
1292 1808 1540 1863 eruditos
1571 1808 1757 1873 viros‘,
1808 1806 1903 1877 qui
1956 1822 2056 1861 nos

471 1907 915 1978 opperiebantur.
950 1905 1207 1959 Attamen
1237 1900 1376 1956 nihil
1407 1900 1615 1954 veritus
1643 1899 1890 1955 salutans
1920 1913 2056 1952 con-

473 1998 590 2054 sedi
615 2014 683 2053 ex
709 1997 941 2053 adverso
962 1994 1250 2067 Appionis,
1280 1992 1376 2064 qui
1407 2007 1517 2047 non
1552 1991 1723 2046 multo
1753 1996 1879 2062 post
1904 1990 2056 2061 loqui

471 2092 638 2161 erepit
667 2108 680 2145 τ
709 2087 867 2154 Volo,
899 2089 1139 2159 primum
1180 2085 1451 2155 incipiens
1487 2084 1646 2150 hinc,
1676 2083 1790 2153 jam
1821 2084 1929 2137 cito
1960 2098 2055 2137 ve-

473 2185 590 2239 nire
620 2184 686 2239 ad
717 2182 1099 2253 quaestionem.
1152 2178 1293 2232 Ante
1338 2191 1502 2247 quam
1535 2184 1624 2239 tu,
1666 2175 1738 2229 fili
1770 2175 2053 2241 Clemens,

470 2278 693 2333 adesses
723 2275 883 2330 nobis
908 2316 925 2341 ,
979 2271 1237 2327 Anubion
1284 2271 1376 2325 hic
1416 2278 1471 2325 et
1516 2269 1926 2335 Athenodorus,
1958 2269 2054 2338 qui

469 2368 589 2424 heri
620 2384 727 2423 una
756 2382 880 2423 cum
914 2366 1037 2421 aliis
1078 2362 1374 2419 audierunt
1401 2369 1454 2416 te
1483 2360 1844 2416 disserentem
1867 2403 1881 2427 ,
1923 2377 2053 2417 nar-

468 2468 735 2517 raverunt
760 2458 919 2525 mihi,
952 2472 1062 2528 quo
1089 2455 1255 2510 modo
1289 2452 1475 2508 Romae
1499 2454 1595 2507 tibi
1628 2462 1688 2507 ut
1718 2453 1924 2508 amanti
1955 2468 2053 2508 oc-

469 2567 697 2611 currens
726 2552 895 2606 multa
939 2558 1130 2605 contra
1163 2548 1297 2602 deos
1343 2547 1604 2601 mentitus
1648 2545 1877 2613 fuerim,
1930 2545 2053 2603 illos

468 2644 773 2715 praedicans
790 2642 1119 2713 paedicones,
1139 2638 1401 2703 lascivos,
1427 2646 1766 2708 stupratores
1788 2646 2051 2702 matrum,

469 2751 721 2790 sororum
747 2776 762 2800 ,
790 2734 1025 2789 filiarum
1047 2773 1062 2799 ,
1098 2730 1515 2799 innumerisque
1544 2729 1812 2784 obnoxios
1841 2730 2053 2784 adulte-

469 2827 589 2882 riis.
632 2825 738 2881 Sed
783 2834 836 2880 tc
866 2825 1146 2894 oportuit,
1194 2823 1306 2887 fili,
1358 2823 1498 2877 scire
1537 2837 1625 2876 me
1653 2822 1782 2876 talia
1827 2839 1937 2877 non
1984 2838 2049 2877 ex

468 2918 655 2972 animo
688 2916 997 2986 scripsisse,
1043 2914 1138 2970 sed
1183 2929 1371 2968 amore
1409 2913 1488 2967 tui
1526 2928 1657 2967 vera
1701 2912 2046 2981 occultasse;

468 3025 592 3079 qua:
622 3009 667 3064 si
699 3024 845 3064 nunc
878 3006 1179 3072 desideras,
1218 3005 1345 3061 audi
1372 3020 1404 3060 a
1428 3020 1535 3060 me.

539 3252 604 3309 ll.
643 3252 1013 3323 Antiquorum
1055 3252 1344 3308 hominum
1379 3252 1798 3323 sapientissimi,
1828 3270 2049 3311 omnem

466 3346 751 3403 veritatem
784 3360 879 3415 per
911 3345 1154 3399 laborem
1184 3344 1361 3399 cdocti
1384 3386 1399 3410 ,
1433 3345 1685 3415 indignos
1715 3346 2053 3401 divinarum-

467 3454 576 3509 que
617 3436 1031 3507 disciplinarum
1080 3452 1187 3491 non
1237 3436 1466 3506 cupidos
1516 3436 1765 3492 celarunt
1811 3439 2052 3495 scientia:

466 3530 837 3586 traditionem.
884 3526 1072 3598 Neque
1118 3528 1263 3583 enim
1307 3544 1373 3583 ex
1401 3527 1554 3584 Caelo
1594 3529 1851 3601 illiusque
1878 3541 2051 3588 matre

467 3620 638 3677 Terra
680 3620 949 3692 progeniti
983 3629 1113 3675 sunt
1147 3620 1433 3676 duodecim
1468 3620 1660 3689 liberi,
1688 3623 2049 3692 quemadmo-

467 3716 598 3770 dum
649 3714 831 3768 fabula
879 3721 1202 3780 enumerat,
1251 3728 1433 3769 mares
1483 3713 1704 3784 quidem
1756 3713 2047 3781 Oceanus,

465 3806 655 3869 Catus,
682 3805 863 3870 Crius,
893 3803 1191 3876 Hyperion,
1224 3802 1472 3876 Iapetus,
1502 3803 1803 3873 Saturnus;
1835 3804 2051 3862 femina:

466 3913 598 3951 vero
628 3895 796 3951 Theia
818 3938 833 3963 ,
867 3894 1092 3950 Themis
1114 3937 1129 3961 ,
1166 3896 1519 3968 Mnemosyne
1538 3939 1552 3963 ,
1581 3897 1779 3962 Ceres,
1814 3896 2047 3970 Tethys,

469 3988 642 4044 Rhea.
686 3987 875 4059 Neque
927 3988 1203 4044 Saturnus
1248 3988 1601 4044 adamantina
1652 3990 1790 4045 falce
1831 4001 2047 4047 exsecta

467 4084 611 4156 patri
642 4083 793 4140 Caelo
823 4081 1005 4137 virilia
1029 4124 1043 4149 ,
1078 4089 1139 4135 ut
1172 4080 1347 4145 fertis,
1380 4079 1434 4134 in
1465 4097 1618 4136 mare
1646 4081 1908 4152 proiecit;
1953 4083 2048 4138 sed

468 4189 648 4246 neque
675 4191 743 4230 ex
776 4174 913 4230 (Σωιί
944 4173 1261 4229 exsectione
1290 4189 1387 4243 per
1417 4172 1524 4229 fusi
1554 4175 1838 4246 sanguinis
1868 4183 2049 4246 guttas

469 4279 589 4325 orta
644 4277 730 4324 est
759 4266 965 4323 Venus.
1022 4264 1211 4335 Neque
1250 4265 1415 4319 etiam
1466 4264 1737 4320 Saturnus
1781 4281 1847 4321 ex
1897 4265 2049 4322 Rhea

469 4362 646 4431 primo
694 4360 798 4415 sibi
852 4358 1095 4430 genitum
1142 4354 1431 4412 Plutonem
1480 4357 1781 4422 absorbuit,
1828 4367 2049 4428 propter

467 4450 781 4508 Promethei
810 4451 1093 4506 oraculum
1123 4451 1357 4516 veritus,
1414 4464 1484 4504 ne
1519 4463 1587 4504 ex
1637 4464 1704 4504 eo
1751 4450 2046 4506 concubitu
2078 4429 2123 4484 Ῐ)

470 4554 632 4601 natus
658 4544 841 4599 infans
871 4542 1069 4598 fortior
1097 4542 1217 4612 ipso
1242 4541 1541 4606 existeret,
1578 4541 1922 4610 privaretque
1966 4543 2047 4612 ip-

470 4650 594 4691 sum
622 4652 809 4706 regno.
848 4633 967 4689 Non
997 4633 1241 4690 secundo
1273 4632 1514 4702 genitum
1554 4630 1862 4703 Neptunum
1894 4633 2049 4687 simi-

468 4725 594 4783 liter
622 4727 917 4796 absorpsit.
966 4722 1087 4780 Non
1127 4733 1253 4795 post
1280 4724 1380 4779 hos
1420 4732 1609 4777 natum
1646 4720 1834 4777 Jovem
1874 4735 2049 4779 mater

471 4818 624 4876 Rhea
649 4817 980 4884 occultavit,
1013 4832 1115 4872 nec
1143 4815 1415 4886 expetenti
1444 4814 1682 4870 Saturno
1711 4815 1945 4886 lapidem
1976 4817 2044 4872 ad

470 4910 845 4969 devorandum
870 4908 1113 4965 tradidit.
1140 4906 1257 4963 Non
1288 4908 1334 4963 is
1358 4907 1651 4962 devoratus
1675 4907 1828 4977 prius
1852 4908 2045 4964 absor-

470 5011 597 5074 ptos
636 5001 804 5057 trusit
837 5011 893 5057 et
936 4999 1116 5071 coegit
1158 4999 1333 5066 exire,
1376 4998 1613 5070 primum
1656 5000 1903 5069 quidem,
1950 5001 2047 5071 qui

473 5094 684 5164 primus
712 5094 1004 5164 absorptus
1036 5090 1236 5159 fuerat,
1266 5089 1586 5157 Plutonem,
1616 5100 1805 5160 postea
1837 5089 2048 5163 Neptu-

2164 476 2353 547 μαθεῖν
2375 474 2445 529 τὰ
2466 473 2593 546 ἑξῆς
2614 475 2925 538 ποθοῦντες,
2947 474 3107 546 154
3128 474 3386 545 συνῆλθόν
3412 494 3523 547 μοι,
3540 477 3622 541 ὡς
3649 480 3764 534 ὲπι-

2161 569 2484 640 σκεψόμενοι
2518 568 2820 622 Ἀππίωνα.
2863 568 2975 619 Καὶ
3007 567 3072 638 δὴ
3106 566 3426 638 λελουμένον
3459 571 3629 624 αὑτὸν
3672 574 3775 647 ἤδη

2160 660 2646 730 κατελαμϐάνομεν
2678 661 2761 729 ἐφ’
2784 659 2987 730 ἑτοίμῳ
3011 658 3278 733 τραπέζῃ.
3314 662 3512 735 Διόπερ
3532 665 3581 696 ⁵⁸
3610 666 3774 735 ὀλίγα

2158 751 2716 824 ἠκριὸολογησάμεθα
2750 754 2829 814 εἰς
2875 751 2967 804 τὸν
3002 768 3131 821 περι
3166 750 3303 805 θεῶν
3353 753 3528 823 λόγον.
3577 757 3639 812 '0
3690 760 3772 823 δὲ,

2159 838 2332 914 οἶμαι,
2374 844 2555 907 συνεὶς
2582 843 2737 914 ἡμῶν
2772 844 2871 915 τὴν
2901 844 3336 915 προαίρεσιν,είς
3366 846 3465 917 τὴν
3497 849 3773 906 ἐπιοῦσαν

2159 934 2301 1006 ἔχειν
2323 936 2367 967 ⁸ο
2399 954 2450 988 τι
2481 938 2658 989 εἰπεῖν
2692 936 2961 1006 ὑπέσχετο
2992 938 3122 1008 περὶ
3159 938 3317 1003 θεῶν,
3351 940 3445 992 καὶ
3474 941 3568 993 τὸν
3601 944 3772 997 αὐτὸν

2160 1028 2534 1099 προεδήλωσεν
2566 1029 2699 1099 ἡμῖν
2731 1028 2930 1091 τόπον,
2964 1025 3041 1092 ὼς
3074 1030 3191 1082 ἐκεῖ
3222 1030 3625 1103 διαλεξόμενος.
3676 1035 3772 1088 Ἡ-

2164 1122 2283 1190 μείς
2303 1119 2360 1172 δὲ
2386 1120 2483 1172 σὺν
2501 1122 2567 1190 τῇ
2592 1119 2917 1190 ὑποσχέσει,
2950 1121 3111 1191 χάριν
3131 1122 3569 1195 ὁμολογήσαντες
3590 1128 3768 1199 αὐτῷ,

2162 1214 2345 1269 οἴκαδε
2382 1214 2614 1277 ἕκαστος
2645 1214 3109 1284 ἀπεχωρήσαμεν.

2770 1418 3023 1471 ὈΜΙΛῙΛ
3065 1421 3150 1485 q'.

2228 1511 2269 1566 Ι.
2310 1512 2483 1585 Τρίτῃ
2508 1511 2563 1564 δὲ
2595 1509 2778 1581 ἡμέρα
2804 1512 2884 1573 εἰς
2914 1510 2974 1563 τὸ
3005 1512 3417 1582 προωρισμένον
3444 1513 3542 1582 τῆς
3576 1512 3766 1586 Τύρου

2158 1604 2357 1674 χωρίον
2387 1605 2482 1657 σὺν
2509 1605 2620 1666 τοῖς
2651 1602 3004 1665 οἰκειοτάτοις
3036 1602 3205 1656 ἐλθὼν
3229 1603 3404 1672 ἔγωγε
3420 1605 3484 1669 ⁸⁸,
3517 1606 3765 1678 εὑρίσκω

2158 1698 2250 1751 τὸν
2286 1698 2590 1757 Ἀππίωνα,
2627 1694 2977 1757 Ἀνουϐίωνός
3008 1712 3069 1747 τε
3104 1696 3197 1748 καὶ
3243 1695 3615 1767 Ἀθηνοδώρου
3660 1715 3765 1751 κα-

2161 1788 2449 1859 θεζόμενον
2505 1787 2688 1857 μέσον,
2744 1787 2837 1839 καὶ
2891 1785 3030 1856 μετά
3080 1786 3290 1839 πολλῶν
3333 1787 3504 1841 ἄλλων
3547 1788 3663 1841 τῶν
3697 1790 3762 1841 ἐκ

2160 1881 2412 1942 παιδείας
2435 1878 2642 1950 ἀνδρῶν
2665 1880 2810 1948 ἡμᾶς
2831 1877 3226 1947 ἀναμενόντων.
3249 1880 3357 1931 Καὶ
3373 1880 3521 1948 ὅμως
3538 1880 3695 1932 οὐδὲν
3714 1882 3759 1911 ⁵³

2158 1972 2554 2041 καταπλαγεὶς,
2588 1970 3040 2044 προσαγορεύσας
3066 1969 3487 2039 ἀντικαθέζομαι
3511 1971 3591 2040 τῷ
3627 1972 3760 2023 Ἀπ-

2158 2067 2343 2126 πίωνι,
2391 2064 2451 2127 ὃς
2499 2065 2614 2139 μετ’
2666 2064 2725 2115 ού
2776 2061 2908 2114 πολὺ
2959 2061 3137 2129 λέγειν
3190 2060 3422 2132 ἤρξατο·
3478 2062 3757 2132 Βούλομαι

2158 2159 2376 2232 πρῶτος
2398 2157 2703 2228 ἀρξάμενος
2730 2154 2980 2207 ἐντεῦθεν
3008 2154 3107 2224 ἤδη
3136 2154 3346 2223 ταχέως
3376 2153 3546 2206 ἐλθεῖν
3572 2156 3667 2207 ἐπὶ
3695 2155 3758 2207 τὸ

2157 2249 2507 2324 ζητούμενον.
2545 2248 2659 2320 Πρὸ
2689 2246 2782 2299 τοῦ
2820 2247 2878 2297 σὲ
2904 2284 2919 2308 ,
2965 2246 3154 2298 τέκνον
3186 2246 3592 2318 Κλήμης,ἡμῖν
3612 2267 3758 2318 παρ-

2157 2349 2318 2410 εῖναι,
2408 2340 2684 2395 Ανουϐἰων
2714 2332 2869 2401 οὗτος
2891 2338 2936 2369 ⁸³
2969 2339 3062 2391 καὶ
3103 2337 3467 2409 Ἀθηνόδωρος
3492 2379 3505 2400 ,
3539 2339 3593 2390 οξ
3629 2339 3755 2408 χθὲς

2155 2434 2273 2507 ἃμα
2321 2436 2434 2497 τοῖς
2485 2432 2663 2494 ἄλλοις
2714 2429 3124 2492 ὲπακούσαντές
3174 2447 3268 2481 σου
3321 2429 3752 2499 διαλεγομένου,

2155 2524 2507 2597 ἀφηγήσαντό
2543 2523 2691 2595 μοι⁶¹⁵
2726 2522 2843 2585 πῶς
2866 2522 2923 2574 ὲν
2955 2523 3019 2592 τῇ
3053 2520 3261 2594 Ῥώμῃ,
3289 2522 3688 2592 συνερχόμενός
3708 2522 3755 2554 «ι

2157 2634 2239 2671 σοι
2264 2617 2338 2680 ὡς
2360 2615 2575 2687 ἐρῶντι,
2612 2614 2785 2669 πολλά
2807 2613 2914 2667 τῶν
2938 2613 3079 2665 θεῶν
3108 2613 3553 2684 κατεψευσάμην,
3582 2612 3757 2668 εἰπὼν

2154 2709 2351 2772 αὐτοὺς
2383 2706 2787 2779 παιδεραστάς,
2822 2706 3071 2773 ἀσελγεῖς
3093 2744 3107 2768 ,
3147 2705 3511 2776 μιγνυμένους
3546 2705 3758 2777 μητρά-

2156 2816 2260 2863 σιν,
2313 2799 2587 2869 ἀδελφαῖς,
2638 2797 3008 2869 θυγατράσιν,
3060 2796 3154 2849 καὶ
3211 2796 3433 2867 μυρίαις
3481 2796 3756 2867 μοιχείαις

2153 2891 2503 2963 ἐνεχομένους
2517 2890 2581 2942 ⁸⁸.
2602 2889 2757 2960 155
2775 2889 2911 2941 Ἀλλ’
2936 2887 3103 2959 ἐχρῆν
3129 2904 3211 2950 σε,
3233 2881 3277 2939 ὦ
3297 2888 3503 2951 τέκνον,
3528 2888 3751 2951 ειδέναι,

2152 2986 2233 3039 ότι
2271 2985 2345 3056 μὴ
2382 2982 2607 3037 τοιαῦτα
2646 2981 2775 3053 περὶ
2817 2979 2955 3034 θεῶν
2999 2979 3265 3051 φρονῶν⁶⁷
3307 2978 3564 3051 ἔγραφον,
3613 2979 3753 3034 ἀλλὰ

2075 3075 2121 3136 C
2155 3079 2355 3148 στοργῇ
2384 3077 2449 3147 τῇ
2485 3075 2621 3145 πρὸς
2668 3074 2727 3127 σὲ
2758 3072 2829 3126 τὰ
2859 3072 3031 3144 ἀληθῆ
3080 3072 3258 3140 λέγειν
3290 3072 3749 3145 ἀπεκρυπτόμην,

2153 3168 2319 3238 ἅπερ,
2357 3169 2404 3220 εί
2436 3166 2531 3219 νῦν
2564 3165 2786 3228 ἐθέλεις,
2806 3167 2933 3236 παρ’
2969 3163 3103 3234 ἐμοῦ
3137 3165 3395 3217 ἄκουσον.

2224 3258 2284 3313 ll.
2326 3259 2449 3311 Τῶν
2483 3256 2650 3311 πάλαι
2683 3257 2892 3329 ἀνδρῶν
2926 3257 2975 3309 οί
3013 3254 3354 3324 σοφώτατοι,
3400 3256 3583 3308 πᾶσαν
3617 3256 3750 3328 ἀλή-

2154 3351 2303 3405 θειαν
2330 3351 2485 3404 αὐτοὶ
2513 3349 2744 3421 καμάτῳ
2794 3349 2839 3379 ⁸⁸
2871 3348 3256 3419 μεμαθηκότες
3276 3387 3292 3411 ,
3336 3349 3463 3412 τοὺς
3495 3348 3748 3415 ἀναξίους

2153 3445 2245 3498 καὶ
2280 3443 2353 3515 μῆ
2386 3442 2744 3514 ὀρεγομένους
2779 3438 2940 3492 θείων
2989 3439 3327 3510 μαθημάτων
3359 3440 3747 3511 ἀπεκρύψαντο

2150 3535 2249 3605 τὴν
2277 3536 2588 3605 ἐπιστήμην
2638 3532 2843 3586 λαϐεῖν.
2890 3530 3028 3585 Ούτε
3082 3531 3191 3604 γάρ
3240 3533 3335 3585 ἀπ’
3371 3532 3617 3603 Οὐρανοῦ
3650 3533 3745 3587 καὶ

2150 3628 2250 3697 τῆς
2286 3626 2491 3698 μητρὸς
2522 3624 2686 3678 αὐτοῦ
2720 3625 2828 3695 Γῆς
2860 3624 3115 3692 γεγόνασι
3144 3623 3333 3686 παῖδες
3356 3622 3586 3686 δώδεκα,
3618 3623 3694 3686 ὡς
3713 3625 3744 3677 ό

2156 3719 2324 3789 μῦθος
2373 3717 2735 3790 καταριθμεῖ·
2787 3717 3016 3788 ἄρρενες
3061 3715 3180 3786 μὲν,
3236 3714 3521 3777 Ὠκεανὸς,
3558 3715 3739 3779 Κοῖος,

2151 3811 2319 3882 Κρῖος
2339 3810 2403 3876 ⁵³,
2452 3810 2740 3881 Ὑπερίων,
2783 3808 3043 3871 Ἰαπετὸς,
3085 3807 3319 3879 Κρόνος·
3359 3804 3631 3877 θήλειαι⁷⁸
3661 3806 3738 3870 δὲ,

2150 3902 2288 3965 Θεά,
2324 3902 2521 3972 Θέμις,
2574 3899 2942 3971 Μνημοσύνη,
2988 3900 3273 3969 Δημήτηρ,
3330 3896 3547 3967 Τηθὺς,
3592 3898 3735 3952 Ῥέα.

2151 3993 2288 4047 Οὔτε
2315 3996 2380 4064 τῇ
2412 3993 2469 4059 ἐξ
2501 3992 2811 4062 ἀδάμαντος
2837 3991 2993 4063 ἅρπῃ
3026 3990 3096 4043 τὰ
3129 3990 3306 4043 αἰδοῖα
3330 3988 3539 4059 Κρόνος
3570 3989 3739 4061 Οὐρα-

2152 4085 2242 4139 νοῦ
2269 4086 2363 4139 τοῦ
2398 4085 2604 4157 πατρὸς
2637 4083 2918 4155 ἐκτεμὼν,
2957 4084 3032 4146 ὥς
3066 4100 3200 4151 φατε
3222 4122 3237 4146 ,
3270 4084 3351 4145 εἰς
3384 4081 3544 4151 βυθὸν
3576 4082 3737 4155 ἀπέρ-

2153 4176 2307 4248 ριψεν
2326 4193 2338 4205 ·
2381 4175 2495 4229 ἀλλ’
2526 4175 2638 4228 οὐδ’
2680 4176 2743 4227 ὲκ
2770 4176 2869 4246 τῆς
2900 4175 3181 4245 ἀποτομῆς
3210 4174 3304 4228 τοῦ
3339 4172 3579 4244 Οὐρανοῦ
3611 4191 3735 4228 στα-

2150 4269 2321 4337 γόνων
2354 4269 2576 4341 ῥυέντος
2603 4268 2832 4338 αἵματος
2863 4269 2896 4338 ἠ
2938 4267 3223 4339 Ἀφροδίτη
3254 4267 3489 4333 ἐγένετο.
3517 4266 3637 4319 Οὐδ’
3663 4263 3733 4322 αὖ

2150 4362 2357 4434 Κρόνος
2385 4364 2452 4432 τῇ
2490 4361 2619 4432 Ῥέα
2655 4361 2835 4431 μιγεὶς
2862 4361 2958 4413 καὶ
2984 4361 3251 4432 γεννήσας
3276 4359 3563 4412 Πλούτωνα
3587 4357 3737 4430 πρῶ-

2150 4471 2239 4507 τον
2272 4453 2531 4508 κατέπιεν
2554 4492 2569 4515 ,
2618 4452 2710 4506 διά
2754 4470 2876 4506 τινα
2910 4452 3247 4524 Προμηθέως
3278 4450 3479 4522 θεσμὸν
3509 4449 3733 4515 δεδιὼς,

2156 4546 2362 4616 μήποτε
2394 4544 2650 4616 γεννηθὲν
2683 4543 2741 4611 ἐξ
2774 4544 2938 4597 αὐτοῦ
2974 4544 3195 4614 βρέφος,
3229 4543 3600 4621 γενναιότερον
3631 4541 3733 4597 αὑ-

2151 4636 2245 4689 τοῦ
2277 4636 2585 4707 γενόμενον,
2614 4635 2879 4705 ἀφέληται
2910 4636 3072 4688 αὐτὸν
3116 4636 3214 4706 τῆς
3263 4634 3537 4705 βασιλείας
3555 4636 3621 4689 ’⁸.
3654 4636 3732 4690 Οὐ

2150 4726 2240 4780 τὸν
2278 4726 2582 4779 Ποσειδῶνα
2613 4726 2861 4798 δεύτερον
2909 4729 3176 4798 γεννήσας
3205 4726 3404 4797 ὁμοίως
3436 4727 3688 4780 κατέπιεν
3710 4743 3726 4758 ·

2151 4820 2213 4872 ού
2252 4818 2392 4889 μετὰ
2420 4818 2643 4883 τούτους
2672 4820 2765 4873 τὸν
2795 4820 2894 4874 Δία
2920 4820 3246 4891 γεννηθέντα
3287 4820 3321 4890 ἡ
3354 4821 3533 4891 μήτηρ
3566 4836 3731 4873 κατα-

2151 4910 2406 4981 κρύψασα
2439 4912 2473 4981 ὴ
2509 4910 2634 4965 Ῥέα
2676 4912 3042 4983 ἀπαντήσαντι
3089 4912 3167 4983 τῷ
3205 4911 3401 4984 Κρόνῳ
3446 4914 3730 4966 καταπιεῖν

2152 5001 2354 5055 λίθονη
2381 5002 2830 5067 ἀντέδωκεν.⁶“ος,
2861 5004 2922 5057 οὐ
2952 5002 3441 5067 καταποθεὶς,τοὺς
3466 5020 3730 5073 προκατα-

2154 5095 2415 5160 ποθέντας
2440 5095 2630 5166 θλίψας
2657 5095 2887 5163 ἐξέωσεν
2906 5097 3065 5161 ⁷⁸,ὼς
3086 5094 3368 5167 προελθεῖν
3395 5094 3607 5166 πρῶτον
3633 5094 3726 5164 μὲν

1754 5205 1990 5262 VARI/£3
2037 5210 2446 5285 LECTlONES.

548 5294 595 5328 "
623 5293 691 5349 δι’
717 5295 855 5366 ὅπερ
877 5292 940 5351 C.
965 5364 973 5366 Α
1053 5293 1097 5325 ⁶⁰
1129 5292 1172 5366 D
1200 5294 1456 5366 proponit
1486 5295 1661 5366 ἥκειν.

1776 5296 1817 5328 ⁸¹
1848 5296 1961 5365 ἐγώ
1995 5315 2055 5365 γι
2088 5295 2148 5350 C.

2266 5297 2310 5368 ξ’
2345 5294 2467 5349 οὐδέ
2496 5299 2557 5351 0.
2599 5366 2607 5368 _
2668 5296 2712 5328 "
2747 5297 2897 5368 Ita_0
2925 5299 3045 5352 etC
3090 5314 3155 5352 ex
3194 5301 3454 5368 conject.
3483 5298 3655 5366 οὕτως
3687 5303 3738 5358 in

474 5374 643 5447 textu:
710 5366 768 5447 ff
797 5364 1143 5447 ἀίρηγήσαιτό
1178 5364 1269 5447 μοι
1300 5364 1365 5447 ἓ,
1402 5364 1693 5447 mendose.
1758 5368 1803 5399 “
1835 5364 2230 5447 συνεργόμενος
2253 5366 2316 5426 C,
2350 5366 2778 5447 συνεργούμενος
2809 5366 2866 5423 S.
2944 5370 2989 5400 “
3019 5364 3378 5447 ἀνεχομένους
3400 5370 3462 5426 C.
3546 5373 3587 5402 "

471 5436 579 5490 νῶν
607 5433 950 5492 desideratur
974 5433 1037 5490 in
1072 5433 1140 5491 Ο.
1181 5433 1261 5505 ’1⁸
1298 5434 1404 5489 Pro
1439 5434 1501 5489 Ci
1548 5437 1811 5505 καμάτων
1846 5437 1885 5489 Ι)
1918 5433 2204 5504 legendum
2246 5446 2433 5492 censet

470 5508 515 5539 "
548 5506 620 5580 ll_a
655 5506 714 5580 ξ,
745 5505 987 5580 auct.
1026 5505 1141 5580 Cir.
1194 5503 1552 5580 “esti/1e93,
1589 5503 1715 5570 154,
1747 5508 1874 5580 75754,
1911 5503 2064 5580 κριός
2095 5505 2254 5580 C,_O_.

468 5577 624 5648 conj.
654 5577 716 5632 C.
751 5576 862 5648 Cfr.
904 5575 1032 5633 Hes.
1068 5576 1261 5646 Theog.
1293 5577 1419 5642 l35,
1455 5576 1580 5648 37L
1619 5578 1870 5648 Apollod.
1905 5575 2037 5645 1,2,
2068 5580 2122 5633 4.
2146 5576 2286 5648 pein
2320 5576 2487 5641 τυθύς
2509 5575 2574 5630 ο.

2438 5438 2564 5511 .-διά
2597 5438 2862 5511 καμάτων
2896 5459 2907 5494 :
2943 5438 3259 5511 cotijt*(~tu'r'a
3285 5443 3397 5510 jam
3446 5438 3734 5511 superflua.

2367 5507 2411 5539 ⁷ο
2441 5507 2613 5578 θήλαι
2648 5508 2725 5559 0.;
2743 5508 2903 5565 Tum.
2941 5510 3013 5564 id.
3050 5507 3144 5563 θεα
3180 5507 3300 5566 sine
3328 5507 3577 5574 accentu,
3611 5514 3738 5571 Θεία

2367 5576 2574 5651 )θύς-Ο.
2600 5649 2619 5651 η
2670 5579 2713 5651 "_‘
2746 5579 2888 5651 Lege
2920 5581 3019 5651 τὴν
3052 5580 3329 5651 βασιλείαν
3362 5583 3419 5638 8.
3524 5584 3570 5615 τ’
3597 5585 3736 5641 λίθον

469 5646 650 5726 addidi
676 5644 823 5726 ἥρ,
858 5663 1032 5726 qnam
1050 5644 1247 5726 vocent
1270 5648 1460 5726 deesse
1485 5646 1599 5726 ja_m
1636 5644 1848 5707 nionuit
1883 5644 1949 5707 ι).
1983 5649 2099 5707 Cfr.
2134 5646 2363 5720 Recogn.
2389 5665 2444 5716 x,
2477 5649 2565 5715 l9,
2593 5649 2651 5712 ὃς
2679 5648 2732 5705 in
2758 5644 2987 5709 exordio
3007 5644 3288 5723 sequentis
3322 5655 3531 5726 periodi
3558 5657 3731 5715 addidi

466 5730 519 5772 τε.
553 5714 619 5775 0.
695 5717 742 5750 ⁷³
775 5718 853 5774 Ita
876 5714 945 5788 S,
974 5717 1176 5785 έξωσεν
1208 5716 1271 5786 (ἶ,
1303 5716 1503 5784 ἐξῶσεν
1531 5720 1592 5771 Ο.
