3894 6208
150 316 252 373 197

1293 311 1766 369 CLEMENTl‘NA.
1798 338 1871 353 —
1898 310 2185 386 HQMILIA
2226 309 2309 369 Vl.

3337 314 3441 373 I98

148 436 315 507 156
335 438 429 489 τὸν
459 433 681 505 πρῶτον
709 430 1088 488 καταποθέντα
1121 431 1443 497 Πλούτωνα,
1474 435 1560 487 ἐπ’
1595 431 1740 504 αὐτῷ

1850 446 2008 494 num,
2042 431 2266 486 tertium
2296 428 2508 486 Jovem.
2539 428 2744 502 Neque,
2762 438 2819 485 ut
2850 428 3008 487 aiunt
3029 469 3046 497 ,
3083 428 3277 485 matris
3302 444 3443 486 con-

143 529 268 583 δέτδ
303 528 649 590 Ποσειδῶνα,
701 528 798 581 καί
844 530 1030 599 τρίτον
1073 531 1167 580 τὸν
1189 529 1310 581 Δία.
1357 528 1493 581 Οὐδέ
1526 544 1613 597 γε,
1662 528 1743 591 ὥς

1855 525 1981 580 silio
2002 532 2250 580 servatus
2269 522 2503 593 Jupiter,
2521 539 2587 579 ac
2603 524 2656 577 in
2674 524 2875 578 coelum
2892 522 3216 589 ascendens,
3230 532 3441 593 patrem

142 639 331 690 φασιν,
383 620 593 692 μητρὸς
641 619 869 691 προνοίᾳ
905 620 1195 683 διασωθεὶς
1247 622 1276 673 ὁ
1323 620 1490 683 Ζεὺς,
1540 618 1636 673 καὶ¹
1668 620 1740 683 είς

1853 630 2024 686 regno
2058 615 2284 685 depulit.
2323 614 2436 671 Nec
2467 617 2640 687 patris
2672 615 2871 671 fratres
2919 614 3191 686 supplicio
3235 615 3438 671 aﬂ‘ecit.

142 714 374 785 οὐρανὸν
404 712 634 774 ἀναϐὰς,
662 713 757 767 τὸν
788 712 1002 785 πατέρα
1026 714 1127 784 τῆς
1160 712 1440 784 βασιλείας
1471 711 1746 766 καθεῖλεν.

143 810 216 861 Οὐ
254 808 469 879 πατρὸς
487 808 534 838 ⁷⁸
583 807 849 875 ἀδελφοὺς
881 807 1159 861 ἐκόλασεν.
1195 807 1309 861 Οὐκ
1342 807 1423 869 είς
1453 805 1621 859 πόθον
1649 822 1749 875 γυ·-

143 900 349 953 ναικῶν
371 899 585 970 θνητῶν
605 899 891 970 κατῆλθεν.
915 900 1029 953 Οὐκ
1050 900 1307 968 ἀδελφαῖς
1331 898 1364 969 ἢ
1388 897 1747 969 θυγατράσιν,

142 993 241 1045 οὐκ
263 992 516 1062 ἀδελφῶν
543 993 813 1062 γυναιξὶν,
835 992 898 1047 οὑ
926 992 1113 1046 παισὶν
1143 991 1387 1064 αἰσχρῶς
1410 990 1746 1059 συνεγένετο.

144 1087 277 1140 Οὐδὲ
306 1088 491 1158 Μῆτιν
525 1089 792 1159 γεννήσας
824 1088 1104 1150 κατέπιεν,
1135 1088 1225 1141 ἴνα
1249 1087 1343 1139 ἀπ’
1360 1086 1408 1118 ⁷⁸
1436 1085 1745 1154 ἐγκεφάλου

146 1179 243 1248 μὲν
275 1180 379 1251 τὴν
411 1180 644 1251 Ἀθηνᾶν
677 1180 928 1254 άναφύσῃ
962 1182 1027 1234 ἐκ
1055 1181 1158 1251 τῆς
1182 1179 1443 1252 Μήτιδος,
1475 1179 1541 1233 ἐκ
1566 1180 1624 1233 δὲ
1648 1178 1745 1233 τοῦ

144 1270 327 1342 μηροῦ
361 1273 457 1327 τὸν
489 1273 742 1326 Διόνυσον
772 1273 907 1347 τέκῃ
931 1313 945 1337 ,
988 1273 1047 1326 ὃν
1082 1273 1188 1327 ὑπὸ
1220 1272 1465 1327 Τιτάνων
1499 1272 1748 1343 ἐσπαρά-

140 1364 270 1433 χθαι
293 1364 564 1433 λέγουσιν.
601 1367 677 1420 Οὐ
704 1367 914 1421 δεῖπνον
937 1367 1029 1420 ἐπὶ
1054 1367 1133 1438 τῷ
1164 1367 1381 1428 Θέτιδος
1405 1366 1498 1419 καὶ
1520 1364 1747 1436 Πηλέως

141 1457 311 1528 γάμῳ
336 1459 601 1513 συντελεῖ.
645 1459 720 1511 Οὐ
749 1460 848 1530 τὴν
892 1460 1048 1530 Ἔριν
1068 1459 1178 1513 τῶν
1200 1459 1394 1529 γάμων
1432 1456 1741 1512 ἀπεώσατο.

140 1550 256 1603 Οὐκ
284 1550 427 1623 αὑτὴ
442 1552 488 1582 ⁷⁷
514 1552 548 1622 ἡ
575 1552 752 1622 Ἔρις,
783 1551 1169 1622 ἀτιμασθεῖσα,
1208 1550 1389 1621 μάχην
1424 1550 1520 1603 καὶ
1555 1548 1745 1602 στάσιν

138 1644 256 1705 τοῖς
276 1642 325 1673 ⁷⁸
358 1643 714 1713 ἑστιωμένοις
746 1644 1060 1715 ἐπενόησεν.
1098 1644 1172 1697 Οὐ
1210 1643 1377 1714 μῆλον
1416 1645 1648 1714 χρύσεον
1679 1644 1745 1697 ἐκ

137 1734 249 1786 τῶν
297 1735 631 1807 Ἐσπερίδων
676 1738 866 1808 κήπων
914 1736 1156 1790 λαϐοῦσα
1184 1737 1516 1808 ἐπέγραψεν,
1551 1735 1745 1805 δῶρον

137 1829 215 1895 τῇ
251 1830 437 1898 καλῇ.
479 1832 712 1884 Ἔπειτα
768 1829 1153 1901 μυθολογοῦσιν
1205 1830 1281 1891 ὡς
1331 1831 1480 1900 ’Ἥρα
1533 1846 1593 1884 τε
1646 1831 1741 1884 καὶ
1773 1849 1818 1909 Β

153 1921 362 1993 Ἀθηνᾶ
394 1923 489 1976 καὶ
533 1922 819 1994 Ἀφροδίτη
855 1923 1172 1994 εὑρίσκουσι
1201 1922 1262 1975 τὸ
1298 1922 1487 1993 μῆλον,
1519 1922 1614 1975 καὶ
1646 1939 1739 1990 φι-

138 2013 485 2069 λονεικοῦσαι
527 2014 777 2087 ἔρχονται
808 2015 943 2085 πρὸς
962 2017 1007 2047 ⁷³
1038 2015 1130 2067 τὴν
1162 2015 1289 2068 Δία’
1325 2010 1414 2078 αἷς
1446 2014 1608 2078 αὐτὸς
1643 2016 1741 2085 μὲν

139 2108 240 2161 οὐκ
275 2107 518 2179 ἔκρινεν,
551 2108 619 2161 δι’
664 2107 868 2180 Ἐρμοῦ
901 2108 957 2162 δὲ
992 2109 1131 2180 πρὸς
1169 2108 1260 2162 τὸν
1290 2108 1524 2180 ποιμένα
1566 2108 1741 2179 Πάριν

137 2200 554 2270 κριθησομένας
595 2200 726 2272 περὶ
770 2200 999 2264 κάλλους
1046 2200 1373 2271 ἐξέπεμψεν.
1434 2200 1571 2253 Ἀλλ’
1616 2198 1742 2253 οὕτε

137 2291 447 2362 ἐκρίθησαν
470 2292 611 2354 θεαὶ,
644 2291 766 2345 οὔτε
792 2296 821 2346 ό
854 2294 1029 2365 Πάρις
1058 2295 1126 2365 τῇ
1166 2292 1453 2366 Ἀφροδίτῃ
1479 2293 1543 2347 τὸ
1574 2294 1742 2365 μῆλον

136 2382 446 2437 ἀπέδωκεν.
464 2383 578 2436 Οὔκ
603 2384 909 2456 Ἀφροδίτη,
939 2385 1255 2456 τιμηθεϊσα,
1288 2385 1369 2457 τῷ
1397 2388 1497 2458 τῆς
1523 2387 1743 2461 Ἑλένης

136 2475 306 2528 αὐτὸν
356 2476 697 2547 ἀντετίμησε
741 2476 925 2547 γάμῳ.
976 2478 1051 2531 Οὐ
1084 2476 1196 2549 γὰρ
1244 2477 1311 2533 ἂν
1356 2482 1423 2550 τῇ
1470 2481 1571 2550 τῆς
1614 2480 1744 2545 θεᾶς

135 2570 273 2637 τιμῇ
296 2568 344 2599 ⁸⁸
398 2567 675 2639 πρόφασις
718 2569 928 2637 ἐγίνετο
977 2570 1270 2641 παμφύλω
1319 2571 1560 2643 πολέμου
1584 2612 1599 2637 ,
1649 2574 1743 2628 καὶ

132 2657 319 2713 ταῦτα
369 2660 459 2712 ἐπ’
500 2660 707 2732 ὀλέθρῳ
737 2660 833 2714 τοῦ
874 2662 975 2733 τὴν
1022 2662 1189 2734 τιμὴν
1236 2663 1604 2736 ἀπειληφότος
1649 2667 1744 2720 καὶ

134 2750 567 2821 ἀγχιστεύοντος
601 2753 682 2825 τῷ
720 2754 820 2827 τῆς
878 2754 1202 2827 Ἀφροδίτης
1248 2757 1417 2825 γένει.
1475 2758 1614 2812 Ἀλλ’
1665 2759 1744 2825 ὡς

134 2841 303 2913 ἔφην,
350 2838 400 2896 ὦ
447 2843 660 2908 τέκνον,
708 2844 821 2916 ἔχει
864 2845 988 2900 τινὰ
1036 2846 1194 2917 157
1227 2846 1384 2918 λόγον
1415 2850 1486 2903 τὰ
1515 2850 1743 2905 τοιαῦτα

129 2936 342 2988 οἰκεῖον
373 2935 470 2989 καὶ
498 2936 807 3007 φιλόσοφον,
837 2937 1138 3011 ἀλληγορία
1164 2940 1473 3013 φρασθῆναι
1505 2942 1743 3014 δυνάμε-

131 3042 263 3079 νον·
324 3027 469 3115 ὥστε
524 3046 584 3083 σε
637 3030 945 3085 ἀκούσαντα
993 3031 1295 3104 θαυμάσαι.
1353 3033 1526 3104 Κάγὼ
1570 3034 1735 3107 ἔφην·

131 3118 345 3190 Δέομαι
379 3121 452 3192 μή
484 3138 551 3191 με
577 3122 1012 3195 ἀναϐαλλόμενος
1033 3124 1353 3199 βασανίσῃς.
1381 3126 1493 3179 Καὶ
1520 3126 1581 3190 ὃς
1608 3126 1734 3200 ἔφη·

1850 706 1971 762 Non
2007 708 2061 762 in
2092 723 2333 763 amorem
2356 708 2575 764 devenit
2600 708 2913 764 mortalium
2940 706 3292 763 feminarum.
3319 707 3441 765 Non

1853 815 1978 855 cum
2012 800 2296 856 sororibus
2324 801 2410 856 vel
2441 800 2690 867 ﬁliabus,
2729 814 2839 855 non
2871 815 2997 855 cum
3030 798 3265 855 fratrum
3297 816 3440 855 nxo-

1850 892 2028 960 ribus,
2077 908 2186 947 non
2230 907 2353 947 cum
2394 893 2580 964 pueris
2610 892 2843 963 turpiter
2879 892 3200 948 concubuit.
3251 890 3443 963 Neque

1850 986 2019 1040 tiliam
2051 1001 2206 1041 suam
2235 985 2417 1041 Metim
2451 985 2739 1057 deglutivit
2758 1025 2775 1052 ,
2812 994 2873 1039 ut
2899 999 2929 1039 a
2957 984 3187 1040 cerebro
3214 985 3439 1056 quidem

1849 1075 2149 1133 Minervam
2195 1078 2525 1147 produceret
2552 1094 2620 1134 ex
2666 1076 2884 1143 Metide,
2939 1092 3007 1133 ex
3056 1075 3265 1133 femore
3307 1092 3442 1134 vero

1850 1170 2097 1241 gigneret
2149 1168 2446 1237 Bacchum,
2484 1185 2651 1241 quem
2700 1185 2732 1224 a
2779 1168 3070 1224 Titanibus
3100 1169 3286 1224 ferunt
3319 1168 3439 1225 dis-

1852 1272 2108 1333 cerptnm
2154 1262 2347 1317 fuisse.
2394 1262 2513 1317 Non
2558 1278 2772 1318 comam
2821 1262 2876 1316 in
2922 1261 3170 1317 Thetidis
3203 1269 3258 1316 et
3288 1261 3438 1316 Pelei

1849 1356 2055 1425 nuptiis
2077 1355 2396 1410 celebravit.
2422 1354 2541 1409 Non
2564 1354 2896 1410 discordiam
2923 1354 3133 1424 expulit
3154 1370 3184 1409 e
3207 1353 3435 1423 nuptiis.

1846 1445 1967 1501 Non
1999 1447 2275 1503 discordia
2306 1447 2511 1517 probro
2543 1447 2735 1502 affecta
2764 1462 3003 1517 pugnam
3032 1454 3087 1501 et
3114 1446 3436 1501 seditionem

1846 1540 2199 1609 epulantibus
2234 1547 2546 1595 commenta
2594 1548 2701 1595 est.
2739 1537 2860 1593 Non
2909 1546 3134 1608 accepto
3162 1552 3231 1593 ex
3262 1537 3440 1593 hortis

1846 1628 2209 1700 Hesperidum
2236 1632 2380 1685 malo
2402 1645 2571 1685 aureo
2595 1630 2879 1701 inscripsit
2902 1648 2915 1683 :
2940 1629 3153 1683 Donum
3172 1628 3434 1698 pulchrw.

1845 1722 2043 1777 Postea
2080 1722 2418 1790 fabulantur,
2468 1722 2615 1793 quod
2664 1721 2831 1789 Juno,
2881 1720 3123 1775 Minerva
3166 1729 3219 1775 et
3250 1718 3439 1775 Venus

1846 1815 2051 1869 malum
2086 1815 2397 1870 invenerint
2426 1824 2481 1869 et
2514 1815 2913 1870 contendentes
2941 1813 3196 1868 venerint
3240 1810 3307 1867 ad
3339 1810 3438 1865 Jo-

1846 1923 1991 1973 vem,
2028 1923 2167 1978 quas
2200 1908 2318 1978 ipse
2348 1908 2568 1978 quidem
2603 1923 2711 1962 non
2760 1906 3127 1977 indicaverit,
3164 1920 3261 1976 per
3290 1903 3438 1959 Mer--

1846 2000 2062 2055 curium
2094 2014 2228 2054 vero
2260 1999 2472 2053 miserit
2504 2000 2570 2053 all
2607 2007 2881 2068 pastorem
2908 1998 3189 2065 Paridem,
3219 1998 3286 2053 de
3312 1996 3439 2068 pul-

1846 2092 2160 2148 chritudine
2185 2091 2533 2161 iudicandas.
2578 2090 2682 2145 Sec
2725 2106 2824 2145 nec
2863 2089 2979 2144 deae
3019 2090 3279 2159 judicata‘.
3318 2088 3440 2145 fue-

1846 2192 1999 2250 runt,
2056 2199 2233 2253 neque
2284 2182 2442 2238 Paris
2487 2182 2685 2237 Veneri
2740 2198 2967 2252 pomum
3023 2181 3271 2236 tradidit.
3314 2180 3438 2237 Non

1847 2275 2055 2341 Venus,
2091 2276 2355 2331 honorem
2385 2284 2683 2330 consecuta
2704 2314 2722 2342 ,
2770 2273 3026 2331 Paridem
3057 2273 3275 2330 Helena:
3303 2292 3441 2331 con-

1842 2368 1997 2440 jngio
2044 2368 2289 2423 vicissim
2338 2366 2645 2423 honoravit.
2693 2364 2882 2437 Neque
2922 2367 3068 2422 enim
3112 2366 3229 2423 deae
3258 2368 3439 2423 honor

1848 2475 2017 2515 causa
2050 2459 2245 2515 fuisset
2286 2458 2412 2513 belli
2452 2458 2596 2513 inter
2638 2466 2717 2513 tot
2743 2466 2966 2529 gentes,
3019 2459 3183 2529 idque
3219 2460 3274 2513 in
3310 2475 3437 2530 per-

1846 2551 2048 2607 niciem
2097 2550 2217 2622 ejus
2245 2549 2340 2621 qui
2386 2550 2598 2605 honore
2645 2549 2874 2606 affectus
2904 2548 3103 2619 fuerat,
3130 2550 3336 2622 quique
3367 2551 3435 2606 ad

1848 2658 2021 2713 genus
2038 2642 2267 2699 Veneris
2284 2643 2410 2713 jure
2425 2643 2851 2714 propinquitatis
2876 2642 3201 2712 pertinebat.
3229 2641 3433 2698 Verum

1848 2736 1992 2791 sicut
2021 2736 2168 2804 dixi,
2200 2750 2235 2791 ο
2283 2736 2357 2791 ﬁli
2379 2777 2395 2802 ,
2428 2736 2546 2791 haec
2588 2735 2857 2790 rationem
2890 2735 3188 2805 quamdam
3234 2734 3438 2790 habent

1844 2827 2124 2898 propriam
2175 2838 2231 2883 et
2276 2827 2711 2897 philosophicam
2738 2867 2754 2893 ,
2792 2842 2915 2895 quae
2964 2842 3061 2895 per
3112 2826 3433 2898 allegoriam

1846 2927 2028 2988 potest
2055 2919 2341 2988 explicari,
2376 2919 2512 2974 adeo
2540 2928 2601 2974 ut
2631 2928 2711 2985 tu,
2749 2932 2876 2973 cum
2909 2917 3172 2986 audieris,
3198 2919 3437 2974 admire-

1847 3009 1949 3081 ris.
1979 3008 2046 3065 Et
2089 3025 2192 3080 ego
2238 3010 2374 3077 dixi,
2418 3025 2519 3066 oro
2565 3026 2634 3066 ne
2684 3026 2772 3066 me
2820 3025 2975 3065 mora
3008 3018 3291 3081 torqueas.
3342 3010 3437 3066 Ille

1846 3102 2149 3173 respondit,
2176 3103 2315 3158 nihil
2343 3103 2559 3159 timeas.
2587 3101 2708 3157 Non
2733 3104 2881 3159 enim
2903 3101 3176 3169 diﬁ‘eram,
3204 3103 3298 3160 sed
3318 3102 3434 3174 jam

128 3213 323 3284 Μηδὲν
357 3213 631 3286 φοϐηθῇς,
660 3215 724 3269 οὐ
770 3194 880 3288 γὰρ
914 3194 1318 3290 ὑπερθήσομαι,
1353 3218 1469 3273 ἀλλ’
1501 3194 1739 3293 ἄρξομαι

1848 3194 2104 3266 incipiam
2134 3195 2309 3268 loqui.

128 3303 239 3375 ἤδη
278 3304 481 3374 λέγειν.

208 3417 300 3473 ll].
334 3416 447 3473 Ἦν
474 3438 604 3475 ποτε
630 3423 721 3477 ὅτε
751 3423 906 3478 οὐδὲν
939 3423 1080 3497 πλὴν
1127 3425 1260 3497 χάος
1307 3426 1403 3481 καὶ
1450 3428 1731 3499 στοιχείων

134 3512 396 3566 ἀτάκτων
428 3513 479 3546 ⁸⁸
524 3514 607 3568 ἐτι
641 3518 1150 3590 συμπεφορημένων
1188 3519 1337 3591 μίξις
1397 3520 1737 3593 ἀδιάκριτος,

134 3604 298 3659 τοῦτο
330 3607 428 3660 καὶ
457 3608 559 3679 τῆς
585 3608 800 3677 φύσεως
827 3610 1318 3683 όμολογούσης,καὶ
1337 3611 1449 3666 τῶν
1483 3612 1737 3684 μεγάλων

131 3698 351 3770 ἀνδρῶν
384 3699 559 3764 οὕτως
590 3699 736 3771 ἔχειν
766 3702 1119 3774 νενοηκότων.
1162 3704 1276 3759 Καὶ
1322 3704 1579 3778 μάρτυρα
1626 3706 1737 3761 τῶν

136 3791 399 3859 μεγάλων
431 3792 491 3844 ἐν
520 3793 685 3863 σοφίᾳ
716 3793 809 3846 τὸν
844 3793 1102 3864 μέγιστον
1161 3796 1410 3869 Ὅμηρον
1457 3799 1620 3852 αὐτόν
1654 3818 1739 3856 σοι

131 3884 472 3957 παρέξομαι,
510 3885 735 3939 εἰπόντα
770 3888 898 3959 περὶ
922 3888 1024 3960 τῆς
1050 3888 1316 3944 ἀνέκαθεν
1360 3891 1699 3963 συγχύσεως·

146 4044 306 4100 Ἀλλ’
353 4043 526 4113 ὑμεῖς
548 4043 667 4113 μὲν
682 4044 1082 4118 πάντεςςῦδωρ
1101 4046 1201 4101 καί
1220 4048 1361 4117 γαῖα
1378 4047 1655 4118 γένοισθε
1668 4048 1735 4102 ⁸³.

128 4226 208 4290 ὡς
240 4224 464 4279 ἐκεῖθεν
494 4223 753 4279 ἁπάντων
805 4224 907 4296 τὴν
965 4224 1179 4294 γένεσιν
1233 4226 1549 4299 ἐσχηκότων
1572 4267 1588 4293 ,
1643 4230 1741 4284 καὶ

134 4320 252 4390 μετ’
278 4318 330 4351 ⁸³
355 4316 619 4371 ἀνάλυσιν
648 4317 749 4388 τῆς
773 4318 948 4389 ὑγρᾶς
981 4316 1076 4372 καὶ
1100 4319 1296 4391 γηϊνης
1321 4319 1511 4384 οὐσίας
1542 4320 1624 4385 είς
1637 4321 1739 4394 τὴν

133 4410 369 4482 πρώτην
414 4409 577 4464 πάλιν
604 4408 1132 4480 ἀποκαθισταμένων
1157 4408 1343 4479 φύσιν,
1374 4412 1405 4466 δ
1430 4413 1547 4467 ἐστι
1577 4412 1736 4484 χάος.

145 4502 396 4566 Ἡσίοδος
425 4502 485 4555 δὲ
515 4503 575 4555 ἐν
604 4504 672 4573 τῇ
705 4501 968 4575 Θεογονίᾳ
998 4500 1170 4571 λέγει·

338 4618 500 4671 Ἤτοι
528 4615 645 4685 μὲν
670 4615 973 4685 πρώτιστα
1000 4614 1150 4685 χάος
1182 4616 1422 4688 ἐγένετο
1452 4618 1500 4652 ⁸⁵

135 4730 208 4784 re
236 4732 296 4786 δὲ
326 4731 546 4800 ἐγένετο
578 4730 710 4803 (98‘)
737 4730 977 4785 δηλονότι
1009 4731 1056 4763 ⁸⁸
1077 4729 1404 4804 γεγενῆσθαι
1436 4731 1515 4797 ὡς
1528 4736 1735 4806 γενητά

1767 4561 1815 4618 D

1915 3431 2005 3488 lll.
2035 3432 2260 3490 Exstitit
2295 3434 2596 3506 aliquando
2648 3443 2887 3507 tempus,
2918 3451 3047 3491 cum
3098 3436 3235 3491 nihil
3288 3444 3429 3504 erat,

1846 3534 2042 3596 praeter
2075 3527 2247 3582 chaos
2271 3535 2341 3593 ,et
2383 3527 2781 3583 elementorum
2815 3527 3199 3597 confusorum,
3250 3529 3433 3585 adhuc

1844 3626 2218 3688 aggestorum,
2262 3619 2552 3673 misturam
2579 3622 2971 3689 promiscuam.
3025 3621 3081 3677 Id
3113 3622 3260 3677 enim
3292 3621 3433 3677 fate-

1854 3717 1945 3763 tur
1976 3718 2195 3773 natura,
2230 3718 2394 3781 atque
2425 3710 2499 3764 ila
2532 3711 2752 3778 habere,
2778 3722 3034 3767 asserunt
3077 3713 3180 3767 viri
3220 3712 3427 3784 magni.

1843 3802 1911 3858 Et
1963 3802 2105 3858 inter
2153 3803 2421 3873 sapientia
2481 3814 2805 3873 praestantes
2860 3805 3425 3875 prrestantissimum,

1842 3890 2165 3959 Homerum,
2192 3892 2291 3947 tibi
2320 3890 2569 3956 afferam,
2609 3892 2880 3949 dicentem
2914 3894 2983 3949 de
3012 3894 3190 3964 prima
3233 3891 3430 3949 confu-

1842 3999 1997 4042 snone
2018 4003 2031 4038 ε

2012 4095 2114 4152 Vos
2140 4098 2381 4169 equidem
2421 4098 2599 4152 cuncti
2627 4097 2782 4153 tellus
2820 4097 2967 4167 ﬁatia
2998 4106 3047 4151 et
3079 4097 3262 4152 unda:

1841 4240 2105 4304 tanquam
2134 4233 2266 4291 hinc
2295 4235 2481 4289 omnia
2516 4242 2699 4289 ortum
2745 4231 2988 4287 habeant
3012 4272 3029 4299 ,
3068 4230 3257 4303 'atque
3302 4240 3430 4303 post

1840 4325 2166 4381 substantiae
2193 4326 2435 4381 humida;
2496 4340 2562 4381 ac
2614 4334 2848 4381 terrena:
2893 4323 3315 4379 dissolutionem
3370 4326 3424 4377 in

1839 4418 2073 4489 primam
2105 4417 2307 4472 iterum
2342 4417 2705 4473 restituantur
2760 4424 3038 4481 naturam,
3073 4415 3180 4471 hoc
3228 4422 3313 4469 est
3369 4414 3425 4469 in

1844 4511 2037 4566 chaos.
2078 4507 2353 4565 Hesiodus
2378 4524 2511 4564 vero
2542 4509 2596 4562 in
2636 4508 2937 4576 Theogonia
2968 4506 3139 4561 dicit:

2128 4622 2314 4677 Primo
2343 4640 2525 4693 nempe
2554 4619 2729 4678 Chaos
2766 4621 2965 4692 factum
2996 4620 3139 4690 fuit:

1840 4737 1944 4793 Per
1970 4735 2124 4801 illud,
2148 4737 2351 4807 factum
2374 4736 2498 4807 fuit,
2524 4736 2736 4792 clarum
2760 4746 2844 4791 est
2873 4734 3019 4806 quod
3041 4732 3330 4803 signiticet,
3355 4746 3419 4788 ea

1448 4841 1684 4901 VARUE
1728 4847 2145 4905 LECTIONES.

208 4967 254 5006 νδ
274 4960 378 5043 -.δέ
405 4959 814 5043 transcripsi“
836 4958 920 5041 Ο..
979 4965 1026 5040 ’.⁸
1049 4957 1281 5043 πατέρος
1506 4958 1593 5011 ἐπ’
1620 4956 1687 5013 0.
1765 4963 1813 4997 '7
1843 4961 1941 5043 οδχ
1964 4961 2105 5043 αὐτή
2132 4960 2175 5015 C
2207 4960 2513 5043 ,_obx_ab§ﬁ
2534 4958 2665 5043 '(si‘c)
2689 4958 2768 5024 Cl,
2791 4958 2902 5043 οὐχ
2938 4956 3080 5043 αὕτη
3243 4958 3297 5043 Γ
3314 4955 3420 5027 τήν

184 5073 200 5086 .
274 5038 324 5071 τ’
355 5033 446 5081 ἐπί
489 5030 551 5084 Ο.
629 5026 675 5067 έ·
704 5028 781 5084 lta
814 5028 1010 5098 scripsi
1042 5045 1092 5085 c.
1123 5026 1203 5091 Ο,’
1230 5028 1325 5098 qui
1353 5027 1573 5098 quidem
1601 5044 1686 5097 pr.
1711 5045 1861 5085 man.
1891 5026 1943 5086 lii
1979 5026 2126 5087 texti:
2156 5026 2283 5086 exh.
2308 5026 2377 5104 τῇ
2402 5026 2513 5102 τῆς
2532 5026 2661 5093 θεᾶς
2684 5026 2988 5151 τιμᾷνζοε.
3013 5027 3081 5091 C,
3106 5028 3141 5097 ή
3162 5045 3215 5081 τ.
3243 5026 3291 5080 θ.
3329 5026 3417 5079 τι-

184 5104 231 5153 ή.
257 5101 303 5135 ⁸³
333 5100 462 5153 Leu.
490 5100 760 5153 ἀτάκτως.
793 5099 853 5153 D.
920 5102 968 5141 ⁸⁸
998 5097 1077 5153 Ita
1109 5097 1174 5153 Ο.
1210 5113 1262 5153 c.
1293 5097 1379 5153 S..
1402 5099 1635 5153 γένησθε
1683 5099 1745 5153 C.
1795 5102 1912 5153 Cfr.
1957 5100 2123 5153 Iliad.
2154 5118 2254 5153 vu.
2295 5102 2390 5153 99-
2510 5100 2559 5141 ⁸³
2585 5098 2726 5153 μετά
2746 5098 2813 5153 Ο.
2837 5099 2884 5132 ⁸⁸
2976 5138 2989 5152 .
3040 5095 3170 5153 Hes.
3219 5096 3413 5153 Theon.

133 5037 200 5088 υ.
274 5038 324 5071 τ’
355 5037 446 5081 ἐπὶ
489 5037 551 5084 υ.
629 5037 675 5067 ⁸⁵
704 5037 781 5084 Ita
814 5045 853 5085 St

135 5104 231 5226 μή.
257 5101 303 5135 ⁸³
333 5100 462 5167 Leg.
490 5100 760 5185 ἀτάκτως.
793 5099 853 5187 D:

176 5170 334 5226 l6.S.
410 5178 457 5212 ⁸³
486 5170 655 5226 ,δηλον
699 5172 847 5226 ornt.

176 5170 334 5227 [6.5.
410 5178 457 5212 ⁸³
486 5170 655 5242 ἴδῆλον
699 5171 870 5226 ὃτιϐ.

920 5102 968 5141 ⁸⁸
998 5097 1077 5155 Ita
1109 5097 1174 5154 Ο.
1210 5097 1262 5155 c.
1293 5097 1635 5171 8.,γένησθε
1683 5099 1745 5155 C.
1795 5102 1912 5157 Cir.
1957 5100 2123 5155 Iliad.
2154 5118 2254 5167 vu,
2295 5097 2390 5160 99‘.

2510 5100 2559 5141 οι
2584 5098 2726 5173 μετά
2746 5096 2813 5157 o;
2837 5099 2884 5132 ει
2925 5096 2989 5152 v.
3040 5096 3170 5153 nes.
3219 5096 3413 5167 Thoog.

1450 5281 1812 5340 VARIORUM
1852 5282 2066 5340 ΝΟΤᾹΞ
2079 5326 2094 5342 .

193 5401 346 5471 Ῑ(98’)
366 5401 433 5456 Τὸ
465 5402 534 5457 δὲ
562 5402 818 5471 ἐγένετο.
848 5399 1048 5471 Eodem
1076 5401 1238 5458 modo
1260 5401 1528 5456 Hesiodus
1556 5400 1715 5471 intel-

153 5469 335 5543 i7g'itur'
360 5474 503 5542 apud
531 5469 827 5543 Philonem
867 5469 1113 5543 Judaeum
1148 5472 1288 5527 libro
1320 5472 1455 5543 Περὶ
1497 5470 1712 5542 ἀφθαρ-

132 5540 256 5615 σίας
280 5540 510 5615 κόσμου,
538 5561 593 5613 p.
627 5542 753 5615 49f.
779 5540 959 5615 Verba
972 5540 1217 5615 Philonis
1246 5540 1413 5615 digna
1435 5553 1565 5615 sunt
1590 5540 1714 5610 quae

131 5613 223 5703 hic
271 5611 555 5703 legantur}
589 5613 812 5703 Πατέρα
938 5611 1031 5665 τοῦ
1063 5611 1411 5703 Πλατωνικος)
1438 5611 1711 5703 δόγματος

1825 5403 1944 5475 μὲν,
1985 5403 2065 5456 ὅτι
2093 5403 2276 5474 φησίνο

1899 5475 2078 5526 Ἢπου
2106 5466 2209 5542 ’μέν
2248 5472 2527 5543 πρώτιστα
2554 5471 2685 5542 χάος
2708 5470 2905 5543 γένετ’,
2938 5466 3113 5543 αρτἀρ
3142 5466 3330 5543 ἔπειτα

1892 5545 2005 5596 Γαῖ’
2033 5536 2411 5613 εὐρύστερνος,
2434 5536 2661 5613 *πάντων
2690 5536 2813 5613 ἕδος
2832 5536 3233 5613 ἀσφαλέςαίεί.

1823 5607 2129 5685 Ἀ’ρθίαρτον
2147 5614 2226 5677 δὲ,
2244 5607 2326 5668 ὅτι
2364 5611 2605 5667 διάλυσιν
2627 5628 2721 5665 και
2755 5607 2960 5682 φθοράν
2986 5610 3049 5662 οὐ
3086 5607 3405 5679 μεμήνυκεν

128 5686 262 5737 ἔνιοι
293 5681 569 5754 νομίζουσι
606 5684 697 5736 τὸν
740 5681 1273 5754 Ἡσίοδονηγενητδν
1313 5683 1406 5754 καὶ
1432 5681 1709 5754 ἄφθαρτον
1817 5681 2174 5740 αὑτοῦ.ὈοΤ.

126 5752 369 5827 οίόμενοι
406 5753 497 5810 τὸν
537 5755 742 5823 κόσμον
784 5753 875 5809 ὑπ’
923 5752 1131 5806 ἐκείνου
1155 5752 1446 5820 ,λέγεσθαιο
1480 5752 1707 5821 γενητὸν
