3894 6208
480 309 595 373 193
1437 302 1494 359 S.
1539 296 1927 358 CLEMENTIS
1965 296 1986 351 l
2026 295 2194 351 ΗΘΜ.
2236 291 2441 350 PONT.
2486 293 2719 350 OPERA
2747 292 2973 350 DUBIA.
3670 295 3782 352 196

542 430 716 491 XXX.
754 430 864 485 Ista
910 441 1037 483 cum
1086 440 1116 481 a
1168 438 1255 479 me
1303 421 1394 477 alii
1440 428 1567 475 ante
1617 416 1975 481 audivissent,
2008 423 2050 467 et

2237 410 2406 464 XXX.
2449 410 2635 463 Ταῦτα
2668 412 2719 463 οἱ
2758 411 2939 481 ἕτεροι
2989 406 3430 480 προακούσαντες
3477 409 3622 479 ἐμοῦ
3682 432 3781 469 και

475 522 868 596 consequentia
891 520 1269 578 desiderarent
1293 515 1524 578 discere,
1549 516 1924 567 convenerunt
1946 520 2050 572 me,

2164 502 2354 573 μαθεῖν
2376 500 2446 554 τά
2466 500 2593 572 ἑξῆς
2615 501 2925 564 ποθοῦντες,
2947 500 3107 571 154
3128 499 3386 571 συνῆλθόν
3411 519 3523 573 μοι,
3540 503 3623 567 ὡς
3653 506 3768 559 ἐπι.

476 632 539 679 ut
566 591 865 690 Appionem
896 612 1148 668 invisuri.
1176 608 1242 663 Et
1264 622 1395 662 vero
1418 620 1542 660 eum
1565 604 1676 674 jam
1702 602 1872 656 lotum
1905 599 2050 654 inve-

2162 594 2485 665 σκεψόμενοι
2519 594 2821 648 Ἀππίωνα,
2864 594 2975 645 Καὶ
3006 593 3072 664 δὴ
3107 591 3425 664 λελουμένον
3460 597 3629 650 αὑτὸν
3674 599 3780 672 ἤδη

479 717 682 778 nimus,
718 724 903 765 mensa
930 713 1139 776 parata.
1173 701 1354 768 Quare
1395 712 1571 768 pauca
1617 691 2050 749 examinavimus

2161 685 2647 756 κατελαμϐάνομεν
2678 687 2761 755 ἐφ’
2785 684 2987 755 ἑτοίμῳ
3012 684 3278 758 τραπέζῃ.
3313 688 3512 761 Διόπερ
3531 691 3579 722 ⁸⁸
3610 692 3779 761 ὀλίγα

476 807 621 863 circa
652 800 957 857 doctrinam
993 798 1059 852 de
1086 795 1213 850 diis.
1248 792 1343 846 Ille
1373 805 1504 845 vero
1531 796 1775 842 nostram
1794 826 1808 850 ,
1840 783 2050 854 opinor,

2158 777 2716 849 ὴκριὸολογησάμεθα
2750 780 2829 840 είς
2875 777 2967 829 τὸν
3002 794 3131 847 περι
3166 776 3302 829 θεῶν
3353 779 3527 848 λόγον.
3575 783 3640 837 Ὀ
3692 785 3778 849 δὲ,

476 897 786 966 intelligens
818 892 1152 946 voluntatem
1179 929 1194 953 ,
1238 869 1481 940 crastina
1515 880 1605 935 die
1648 894 1709 934 se
1744 876 1953 947 aliquid
1991 874 2050 929 dc

2160 864 2333 939 οἶμαι,
2375 870 2555 932 συνεὶς
2583 869 2738 939 ήμῶν
2772 870 2872 940 τὴν
2901 870 3336 940 προαίρεσιν,είς
3366 872 3463 943 τὴν
3496 874 3779 931 ἐπιοῦσαν

474 990 584 1044 diis
610 961 883 1043 dicturum
915 979 1189 1053 promisit,
1220 975 1589 1044 eumdemque
1614 971 1775 1026 nobis
1800 967 2050 1024 indicavit

2160 961 2301 1032 ἔχειν
2324 962 2368 993 ⁸ο
2400 979 2452 1014 τι
2482 964 2659 1015 εἰπεῖν
2692 962 2961 1031 ὑπέσχετο
2993 964 3122 1034 περὶ
3160 963 3316 1028 θεῶν,
3350 965 3444 1018 καὶ
3473 966 3565 1019 τὸν
3600 970 3779 1023 αὐτὸν

474 1083 655 1137 locum
686 1119 699 1145 ,
746 1078 802 1131 in
852 1088 963 1146 quo
1006 1080 1156 1127 esset
1200 1070 1510 1125 locuturus.
1553 1063 1665 1120 Nos
1713 1071 1895 1118 autem
1931 1074 2050 1115 cum

2161 1054 2535 1125 προεδήλωσεν
2568 1054 2699 1124 ἡμῖν
2732 1054 2930 1117 τόπον,
2964 1052 3040 1117 ὡς
3074 1056 3191 1108 ἐκεῖ
3222 1056 3623 1128 διαλεξόμενος.
3678 1060 3778 1114 Ἡ-

472 1170 864 1245 promissione,
910 1165 1099 1238 gratiis
1142 1163 1221 1219 illi
1266 1163 1405 1217 actis
1429 1203 1444 1228 ,
1479 1159 1681 1231 singuli
1711 1158 1934 1213 domum
1969 1171 2050 1211 re-

2165 1148 2283 1217 μεῖς
2304 1145 2361 1198 δὲ
2387 1146 2483 1197 σὺν
2502 1148 2568 1217 τῇ
2593 1145 2917 1215 ὑποσχέσει,
2951 1146 3111 1217 χάριν
3131 1148 3566 1221 ὁμολογήσαντες
3589 1154 3774 1223 αὐτῷ,

470 1264 613 1319 versi
642 1278 855 1318 sumus.

2163 1239 2345 1295 οἴκαδε
2384 1239 2614 1303 ἕκαστος
2646 1239 3109 1309 ἀπεχωρήσαμεν,

1228 1379 1299 1390 ο--ο
3410 1381 3473 1397 ’1,

1062 1466 1350 1523 HOMlLlA
1389 1463 1481 1520 Vl.
2770 1443 3024 1496 mum
3066 1446 3151 1510 cr.

542 1571 585 1625 1.
626 1567 813 1623 Tertio
860 1572 1042 1620 autem
1091 1562 1179 1616 die
1227 1560 1291 1614 ad
1339 1558 1665 1629 praefinitum
1699 1555 1830 1628 Tyri
1863 1570 2050 1625 agrum

2229 1537 2269 1592 Ι.
2310 1538 2483 1610 Τρίτῃ
2509 1536 2564 1589 δέ
2596 1536 2779 1607 ἡμέρᾳ
2804 1538 2884 1598 εἱς
2915 1536 2975 1587 τὸ
3005 1538 3418 1607 προωρισμένον
3444 1538 3542 1608 τῆς
3574 1538 3769 1611 Τύρου

473 1678 598 1719 cum
626 1656 1076 1715 familiarissimis
1116 1668 1218 1724 ego
1268 1652 1492 1707 veniens
1536 1650 1841 1721 Appionem
1921 1665 2050 1703 nan-

2158 1630 2357 1700 χωρίον
2388 1631 2483 1682 σὺν
2510 1631 2621 1692 τοῖς
2652 1627 3005 1690 οἰκειοτάτοις
3038 1627 3206 1681 ἐλθὼν
3230 1629 3404 1698 ἔγωγε
3420 1631 3484 1693 θ’,
3516 1631 3768 1702 εὑρίσκω

469 1753 669 1818 ciscor,
740 1750 795 1805 in
830 1747 1013 1803 medio
1048 1744 1354 1800 Anubionis
1382 1752 1437 1798 et
1468 1742 1807 1797 Athenodori
1857 1742 2050 1796 seden-

2159 1724 2250 1777 τὸν
2287 1724 2591 1783 Ἀππίωνα,
2627 1720 2978 1783 Ἀνουόίωνὸς
3009 1737 3069 1772 τε
3104 1721 3198 1772 καὶ
3243 1720 3613 1792 Ἀθηνοδώρου
3659 1740 3766 1776 κα·-

474 1852 583 1899 tem
606 1885 621 1911 ,
669 1856 887 1911 unaque
913 1839 1098 1909 plures
1126 1837 1264 1892 alios
1293 1834 1541 1891 eruditos
1572 1834 1757 1900 viros‘,
1809 1833 1903 1903 qui
1956 1848 2050 1887 nos

2162 1814 2450 1885 θεζόμενον
2505 1813 2688 1883 μέσον,
2744 1813 2838 1865 καὶ
2892 1810 3031 1881 μετά
3082 1811 3291 1864 πολλῶν
3334 1812 3503 1866 ἄλλων
3546 1813 3661 1865 τῶν
3695 1815 3763 1866 ἐκ

471 1902 930 2005 opperiebantur.-
950 1932 1206 1987 Attamen
1238 1928 1377 1983 nihil
1407 1926 1616 1981 veritus
1644 1902 1890 1981 salutans
1922 1940 2050 1979 con-

2161 1906 2413 1968 παιδείας
2435 1904 2643 1976 ἀνδρῶν
2666 1905 2811 1973 ἡμᾶς
2832 1905 2933 1956 ἀνα
2942 1902 3227 1973 μενόντων.
3250 1905 3358 1957 Καὶ
3374 1905 3520 1974 ὅμως
3537 1905 3693 1956 οὐδὲν
3712 1907 3759 1936 δ’

473 1994 590 2081 sedi
616 2041 682 2081 ex
710 2025 942 2080 adverso
962 2020 1251 2093 Appionis,
1281 2020 1376 2090 qui
1408 2034 1517 2073 non
1552 2018 1724 2073 multo
1754 2022 1879 2089 post
1906 2016 2050 2087 loqui

2160 1998 2555 2067 καταπλαγεὶς,
2588 1995 3041 2069 προσαγορεύσας
3067 1994 3487 2065 ἀντικαθέξομαι
3510 1996 3589 2065 τῷ
3625 1997 3758 2048 Ἀπ-

2158 2094 2343 2151 πίωνι,
2392 2091 2451 2153 ὃς
2499 2090 2615 2165 μετ’
2667 2089 2726 2141 ού
2776 2086 2909 2140 πολὺ
2960 2086 3139 2154 λέγειν
3191 2086 3423 2157 ἤρξατο·
3478 2086 3754 2156 Βούλομαι

2158 2185 2377 2258 πρῶτος
2398 2182 2704 2253 ἀρξάμενος
2731 2179 2981 2232 ἐντεῦθεν
3010 2179 3109 2249 ἤδη
3138 2179 3348 2248 ταχέως
3376 2178 3546 2231 ἐλθεῖν
3570 2181 3665 2232 ἐπὶ
3691 2181 3754 2232 τὸ

2158 2275 2507 2349 ζητούμενον.
2546 2273 2659 2344 Πρὸ
2690 2272 2783 2325 τοῦ
2821 2272 2879 2323 σὲ
2905 2309 2920 2334 ,
2966 2271 3154 2323 τέκνον
3188 2271 3590 2344 Κλήμης,ήμῖν
3610 2292 3754 2343 παρ..

2158 2374 2319 2435 εῖναι,
2409 2365 2685 2421 Δνουϐἰων
2715 2357 2870 2426 οὗτος
2892 2364 2937 2394 ⁸³
2970 2364 3063 2417 καὶ
3104 2363 3467 2434 Ἀθηνόδωρος
3491 2403 3505 2425 ,
3540 2364 3591 2415 οἱ
3626 2364 3751 2433 χθὲς

2155 2460 2274 2532 ἅμα
2322 2462 2434 2523 τοῖς
2486 2458 2665 2520 ἄλλοις
2715 2454 3123 2518 ἐπακούσαντες
3176 2472 3269 2507 σου
3322 2455 3745 2525 διαλεγομένου,

2155 2549 2507 2623 ἀφηγήσαντό
2544 2548 2692 2620 μοι⁶⁵
2727 2548 2845 2610 πῶς
2867 2549 2924 2601 ἐν
2956 2549 3020 2617 τῇ
3054 2546 3263 2619 Ῥώμῃ,
3290 2547 3685 2617 συνερχόμενός
3704 2548 3749 2579 ⁸⁸

2158 2660 2239 2697 σοι
2264 2643 2339 2706 ὼς
2360 2641 2576 2713 ἐρῶντι,
2613 2639 2785 2694 πολλά
2808 2638 2915 2692 τῶν
2939 2638 3080 2692 θεῶν
3110 2638 3554 2709 κατεψευσάμην,
3581 2638 3750 2692 εἰπὼν

2154 2735 2352 2797 αὐτοὺς
2384 2732 2788 2804 παιδεραστὰς,
2823 2731 3072 2799 ἀσελγεῖς
3093 2770 3108 2794 ,
3148 2731 3511 2801 μιγνυμένους
3547 2730 3751 2802 μητρά-

2156 2842 2261 2889 σιν,
2314 2824 2588 2895 ἀδελφαῖς,
2639 2822 3009 2894 θυγατράσιν,
3060 2822 3156 2875 καὶ
3212 2822 3434 2893 μυρίαις
3481 2822 3750 2892 μοιχείαις

2153 2917 2504 2988 ἐνεχομένους
2518 2916 2581 2967 ⁸⁸.
2603 2914 2759 2985 155
2776 2914 2912 2966 Ἀλλ’
2937 2913 3103 2985 ἐχρῆν
3130 2930 3213 2975 σε,
3234 2906 3279 2965 ὧ
3297 2913 3504 2976 τέκνον,
3528 2913 3747 2976 εἰδέναι,

2153 3011 2234 3064 δτι
2272 3011 2346 3082 μὴ
2383 3007 2608 3063 τοιαῦτα
2646 3008 2777 3078 περὶ
2818 3005 2957 3060 θεῶν
3000 3004 3267 3076 φρονῶν⁶¹
3308 3004 3565 3076 ἔγραφον,
3614 3005 3749 3059 ἀλλά

472 2119 639 2188 coepit
667 2135 680 2172 τ
710 2114 867 2181 Volo,
900 2116 1140 2186 primum
1181 2111 1451 2181 incipiens
1488 2110 1648 2177 hinc,
1677 2110 1791 2180 jam
1821 2110 1929 2163 cito
1961 2124 2056 2163 ve-

474 2212 591 2266 nire
621 2211 686 2265 ad
718 2208 1099 2280 quaestionem.
1152 2204 1294 2259 Ante
1339 2218 1503 2273 quam
1535 2210 1625 2265 tu,
1667 2201 1739 2255 [ili
1771 2201 2054 2267 Clemens,

471 2305 694 2360 adesses
723 2302 884 2357 nobis
909 2342 925 2368 ,
980 2298 1238 2353 Anubion
1286 2298 1377 2351 hic
1417 2305 1472 2351 et
1517 2296 1927 2361 Athenodorus,
1959 2295 2054 2365 qui

468 2395 589 2451 heri
621 2410 727 2450 una
756 2408 881 2449 cum
915 2392 1038 2447 aliis
1079 2389 1375 2446 audierunt
1402 2396 1455 2443 te
1484 2387 1844 2443 disserentem
1868 2429 1882 2453 ,
1923 2403 2054 2442 nar-

469 2494 736 2543 raverunt
762 2485 920 2551 mihi,
953 2498 1063 2555 quo
1090 2481 1256 2537 modo
1290 2479 1476 2535 Roma:
1500 2480 1596 2534 tibi
1629 2488 1689 2533 ut
1719 2478 1925 2534 amanti
1955 2494 2054 2533 oc-

469 2594 697 2637 currens
727 2578 896 2633 multa
940 2584 1131 2632 contra
1164 2575 1298 2629 deos
1344 2574 1604 2627 mentitus
1649 2571 1877 2639 fuerim,
1930 2571 2053 2628 illos

469 2671 774 2741 praedicans
791 2669 1120 2739 paadicones,
1140 2665 1402 2731 lascivos,
1428 2672 1767 2734 stupratores
1788 2672 2051 2729 matrum,

470 2777 722 2817 sororum
748 2802 763 2827 ,
790 2761 1026 2815 filiarum
1048 2800 1063 2825 ,
1099 2757 1516 2825 innumerisquc
1545 2755 1813 2811 obnoxios
1842 2756 2053 2809 adulte-

470 2854 590 2909 riis.
633 2851 739 2908 Sed
784 2861 836 2907 te
867 2851 1148 2921 oportuit,
1196 2849 1307 2913 illi,
1358 2849 1499 2903 scire
1538 2864 1625 2902 me
1653 2848 1784 2902 talia
1828 2864 1938 2903 non
1985 2864 2050 2903 ex

469 2945 656 2999 animo
689 2943 999 3013 scripsisse,
1044 2940 1139 2997 sed
1184 2955 1372 2995 amore
1410 2939 1489 2993 tui
1527 2954 1657 2994 vera
1701 2938 2047 3007 occultasse;

469 3052 593 3106 quae
623 3036 668 3091 si
700 3051 845 3091 nunc
879 3033 1181 3099 desideras,
1219 3031 1347 3087 audi
1374 3044 1405 3087 a
1429 3047 1536 3087 me.

540 3279 605 3336 ll.
644 3279 1015 3350 Antiquorum
1056 3278 1345 3334 hominum
1379 3278 1798 3348 sapientissimi,
1828 3295 2049 3336 omnem

467 3374 753 3430 veritatem
786 3386 880 3442 per
911 3372 1155 3426 laborem
1185 3370 1361 3425 edocti
1385 3412 1400 3437 ,
1434 3371 1686 3442 indignos
1716 3372 2054 3427 divinarum-

468 3481 577 3536 que
618 3464 1032 3534 disciplinarum
1081 3478 1188 3517 non
1238 3462 1467 3532 cupidos
1516 3462 1766 3518 celarunt
1812 3464 2053 3520 scientiae

467 3556 839 3613 traditionem.
886 3553 1073 3624 Neque
1119 3555 1264 3610 enim
1308 3569 1374 3609 ex
1402 3553 1556 3610 Caelo
1594 3555 1852 3626 illiusque
1879 3567 2052 3613 matre

468 3647 639 3705 Terra
681 3646 951 3719 progeniti
983 3655 1114 3701 sunt
1147 3646 1435 3702 duodecim
1468 3646 1661 3715 liberi,
1689 3650 2050 3718 quemadmo-

468 3743 600 3797 dum
650 3741 832 3795 fahula
880 3747 1203 3807 enumerat,
1252 3755 1434 3795 mares
1484 3739 1704 3810 quidem
1757 3739 2047 3807 Oceanus,

466 3833 657 3896 Catus,
683 3831 864 3898 Crius,
893 3830 1192 3903 Hyperion,
1225 3829 1473 3902 Japetus,
1502 3829 1804 3899 Saturnus;
1836 3831 2052 3888 feminae

467 3940 599 3979 vero
628 3922 797 3978 Theia
818 3965 834 3989 ,
868 3921 1093 3977 Themis
1116 3964 1129 3988 ,
1167 3922 1520 3995 Mnemosyne
1539 3965 1554 3989 ,
1582 3923 1780 3989 Ceres,
1815 3922 2048 3996 Tethys,

470 4016 642 4071 Rhea.
688 4014 876 4086 Neque
928 4014 1204 4071 Saturnus
1250 4014 1603 4070 adamantina
1653 4016 1791 4071 falce
1833 4027 2049 4073 exsecta

468 4112 612 4183 patri
643 4110 794 4167 Caelo
824 4108 1005 4164 virilia
1030 4150 1044 4175 ,
1079 4116 1140 4162 ut
1173 4106 1348 4171 fertis,
1381 4105 1435 4160 in
1466 4123 1619 4162 mare
1647 4106 1909 4179 proiecit;
1954 4109 2049 4163 sed

470 4216 649 4274 neque
676 4218 743 4257 ex
777 4201 913 4257 lei
946 4200 1262 4257 exsectione
1290 4215 1387 4270 per
1418 4198 1526 4255 fusi
1555 4201 1839 4272 sanguinis
1870 4210 2050 4272 guttas

470 4306 590 4352 orta
645 4304 731 4352 est
761 4293 967 4350 Venus.
1022 4291 1212 4362 Neque
1252 4292 1416 4346 etiam
1468 4290 1738 4346 Saturnus
1782 4307 1849 4347 ex
1899 4291 2049 4348 Rhea

470 4389 647 4458 primo
695 4387 800 4443 sibi
853 4385 1097 4457 genitum
1143 4381 1432 4438 Plutonem
1481 4384 1783 4448 absorbuit,
1829 4393 2050 4454 propter

469 4477 782 4535 Promethei
812 4478 1095 4533 oraculum
1124 4478 1358 4542 veritus,
1415 4490 1485 4531 ne
1520 4490 1588 4531 ex
1638 4491 1705 4530 eo
1752 4477 2047 4531 concubitu
2080 4455 2124 4510 Ῐ)

470 4582 633 4628 natus
660 4571 843 4627 infans
872 4569 1070 4624 fortior
1097 4568 1218 4638 ipso
1243 4567 1542 4633 existeret,
1579 4567 1923 4637 privaretque
1967 4568 2048 4638 ip-

471 4676 595 4720 sum
623 4678 811 4733 regno.
849 4660 968 4716 Non
999 4659 1243 4717 secundo
1274 4658 1515 4729 genitum
1556 4656 1863 4729 Neptunum
1896 4659 2049 4714 simi-

469 4753 595 4811 liter
623 4754 919 4823 absorpsit.
967 4749 1088 4806 Non
1129 4760 1255 4823 post
1281 4751 1381 4805 hos
1420 4758 1611 4804 natum
1647 4747 1835 4804 Jovem
1876 4762 2050 4805 mater

471 4846 625 4904 Rhea
651 4844 981 4911 occultavit,
1013 4859 1116 4900 nec
1144 4842 1417 4913 expetenti
1446 4840 1683 4897 Saturno
1713 4842 1947 4912 lapidem
1977 4844 2045 4898 ad

471 4938 846 4997 devorandum
870 4936 1114 4992 tradidit.
1142 4933 1259 4990 Non
1289 4935 1335 4990 is
1360 4934 1653 4989 devoratus
1676 4933 1829 5003 prius
1853 4935 2046 4990 absor-

471 5039 598 5102 ptos
638 5030 804 5085 trusit
838 5038 894 5085 et
937 5027 1117 5099 coegit
1160 5026 1334 5093 exire,
1377 5025 1615 5096 primum
1657 5026 1904 5095 quidem,
1951 5027 2048 5098 qui

474 5123 685 5193 primus
713 5122 1005 5192 absorptus
1037 5118 1238 5187 fuerat,
1266 5116 1587 5183 Plutonem,
1617 5126 1806 5187 postea
1839 5116 2049 5190 Neptu—

2076 3100 2122 3162 C
2156 3105 2357 3174 στοργῇ
2385 3103 2450 3173 τῇ
2486 3101 2622 3171 πρὸς
2669 3100 2728 3153 σὲ
2759 3098 2831 3152 τά
2861 3097 3032 3169 ἀληθῆ
3082 3097 3259 3165 λέγειν
3291 3096 3747 3170 ἀπεκρυπτόμην,

2153 3193 2320 3264 ᾇπερ,
2358 3195 2405 3247 ει
2436 3192 2533 3245 νῦν
2564 3191 2788 3254 ἐθέλεις,
2807 3193 2935 3261 παρ’
2970 3188 3103 3261 ἐμοῦ
3138 3190 3395 3243 ἄκουσον.

2225 3283 2285 3338 ιι.
2328 3284 2450 3337 Τῶν
2484 3283 2652 3337 πάλαι
2685 3283 2894 3355 ἀνδρῶν
2927 3282 2976 3335 οἱ
3014 3280 3355 3349 σοφώτατοι,
3401 3282 3583 3334 πᾶσαν
3618 3281 3749 3354 ἀλή-

2154 3377 2304 3431 θειαν
2331 3376 2485 3430 αὐτοὶ
2514 3375 2745 3447 καμάτῳ
2796 3375 2840 3406 ⁸⁸
2872 3373 3256 3445 μεμαθηκότες
3277 3413 3293 3437 ,
3337 3374 3464 3437 τοὺς
3495 3374 3749 3440 ἀναξίους

2153 3470 2245 3523 καὶ
2282 3469 2354 3541 μὴ
2388 3468 2745 3540 ὀρεγομένους
2780 3464 2941 3518 θείων
2990 3464 3328 3536 μαθημάτων
3360 3465 3747 3536 ἀπεκρύψαντο

2151 3561 2250 3632 τὴν
2278 3561 2589 3631 ἐπιστήμην
2639 3558 2845 3611 λαϐεῖν.
2892 3556 3029 3611 Οῦτε
3084 3557 3192 3630 γὰρ
3241 3558 3336 3610 ἀπ’
3372 3558 3618 3628 Οὐρανοῦ
3651 3559 3744 3612 καὶ

2150 3654 2251 3723 τῆς
2287 3651 2492 3725 μητρὸς
2523 3650 2687 3704 αὐτοῦ
2722 3651 2829 3720 Γῆς
2861 3649 3117 3718 γεγόνασι
3146 3648 3334 3712 παῖδες
3357 3647 3587 3712 δώδεκα,
3619 3648 3695 3712 ὡς
3714 3651 3744 3703 ό

2158 3745 2326 3815 μῦθος
2374 3743 2736 3815 καταριθμεῖ·
2789 3743 3018 3814 ἄρρενες
3063 3741 3182 3811 μὲν,
3237 3740 3522 3802 Ὠκεανὸς,
3560 3740 3740 3805 Κοῖος,

2152 3836 2320 3907 Κρῖος
2340 3836 2405 3901 ⁶⁹,
2453 3835 2742 3907 Ὑπερίων,
2785 3834 3044 3897 Ἰαπετὸς,
3087 3833 3320 3904 Κρόνος’
3360 3830 3631 3902 θήλειαι⁷⁶
3662 3832 3739 3897 δὲ,

2151 3927 2290 3991 Θεά,
2325 3927 2523 3999 Θέμις,
2575 3926 2944 3997 Μνημοσύνη,
2990 3925 3274 3995 Δημήτηρ,
3331 3922 3550 3993 Τηθὺς,
3593 3923 3735 3978 Ῥέα.

2153 4019 2289 4073 Οῦτε
2316 4022 2382 4091 τῇ
2413 4019 2471 4086 ἐξ
2503 4018 2813 4088 ἀδάμαντος
2839 4017 2994 4089 ἆρπῃ
3027 4016 3097 4069 τά
3130 4016 3307 4069 αἰδοῖα
3331 4014 3541 4085 Κρόνος
3572 4015 3739 4086 Οὐρα-

2153 4111 2243 4165 νοῦ
2271 4112 2365 4165 τοῦ
2399 4111 2605 4183 πατρὸς
2638 4108 2918 4180 ἐκτεμὼν,
2958 4110 3033 4173 ὥς
3067 4126 3201 4177 φατε
3224 4148 3238 4172 ,
3272 4109 3352 4171 είς
3385 4106 3546 4177 βυθὸν
3578 4108 3738 4181 ἀπέρ-

2154 4203 2308 4274 ριψεν
2327 4219 2339 4232 ο
2382 4201 2497 4256 ἀλλ’
2528 4201 2639 4254 οὐδ’
2682 4202 2745 4253 ὲκ
2772 4202 2870 4272 τῆς
2902 4201 3183 4271 ἀποτομῆς
3211 4199 3305 4253 τοῦ
3340 4198 3581 4270 Οὐρανοῦ
3612 4217 3736 4253 στα-

2151 4295 2322 4363 γόνων
2356 4295 2577 4368 ῥυέντος
2604 4294 2835 4364 αἵματος
2864 4295 2897 4363 ἠ
2940 4293 3224 4365 Ἀφροδίτη
3256 4292 3491 4359 ἐγένετο.
3519 4291 3639 4345 Οὐδ’
3665 4288 3733 4348 αὖ

2150 4389 2358 4460 Κρόνος
2386 4391 2453 4458 τῇ
2492 4387 2621 4458 Ῥέᾳ
2657 4387 2837 4458 μιγεὶς
2864 4386 2959 4439 καὶ
2985 4386 3251 4457 γεννήσας
3279 4385 3565 4438 Πλούτωνα
3589 4382 3738 4456 πρῶ-

2151 4497 2241 4532 τον
2274 4480 2532 4534 κατέπιεν
2555 4517 2570 4543 ,
2620 4479 2712 4532 διά
2755 4496 2877 4532 τινα
2911 4478 3249 4549 Προμηθέως
3280 4476 3481 4547 θεσμὸν
3512 4475 3734 4541 δεδιὼς,

2157 4573 2363 4643 μήποτε
2395 4570 2652 4642 γεννηθὲν
2685 4569 2743 4636 ἐξ
2775 4570 2939 4623 αὐτοῦ
2976 4569 3197 4641 βρέφος,
3230 4569 3602 4647 γεννςξότερον
3633 4566 3735 4623 αὑ-

2152 4662 2247 4715 τοῦ
2278 4662 2587 4733 γενόμενον,
2615 4662 2880 4732 ἀφέληται
2911 4661 3074 4714 αὐτὸν
3118 4662 3215 4732 τῆς
3264 4660 3623 4731 βασιλείας“’⁸.
3657 4661 3734 4715 Οὐ

2152 4752 2242 4806 τὸν
2278 4752 2583 4806 Ποσειδῶνα
2615 4752 2863 4825 δεύτερον
2911 4755 3178 4824 γεννήσας
3207 4752 3406 4823 ὁμοίως
3438 4752 3690 4806 κατέπιεν
3712 4769 3728 4783 ⁸

2152 4846 2214 4898 ού
2254 4844 2393 4915 μετὰ
2422 4844 2645 4909 τούτους
2674 4846 2766 4899 τὸν
2796 4846 2895 4900 Δία
2922 4845 3248 4917 γεννηθέντα
3289 4846 3322 4916 ή
3355 4847 3536 4917 μήτηρ
3568 4862 3733 4899 κατα-

2152 4935 2407 5007 κρύψασα
2441 4938 2474 5007 ή
2510 4937 2635 4991 Ῥέα
2677 4938 3043 5009 ἀπαντήσαντι
3090 4937 3169 5009 τῷ
3207 4937 3402 5010 Κρόνῳ
3448 4939 3732 4991 καταπιεῖν

2152 5027 2355 5081 λίθονἠ
2383 5028 2832 5093 ἁντέδωκεν.““Ος,
2863 5030 2924 5083 ού
2954 5028 3443 5093 καταποθεὶς,τοὺς
3468 5045 3731 5099 προκατα-

2155 5122 2417 5186 ποθέντας
2440 5122 2631 5193 circa;
2658 5121 2888 5189 ἐξέωσεν
2906 5122 2976 5188 ⁷³,
2991 5122 3067 5186 ὼς
3088 5120 3370 5193 προελθεῖν
3397 5120 3609 5191 πρῶτον
3635 5120 3728 5189 μὲν

1754 5232 1991 5289 VARUE
2039 5236 2447 5312 LECTIONES.

550 5322 596 5356 ⁵⁹
624 5321 692 5377 δι’
719 5323 857 5395 ὅπερ
879 5320 941 5379 C.
967 5393 976 5395 _
1055 5321 1099 5353 ⁶⁶
1203 5321 1457 5395 proponit
1487 5323 1663 5393 ἥκειν.

1777 5324 1818 5355 ⁶¹
1850 5322 1962 5392 ἐγώ
1996 5341 2057 5392 γε,
2089 5322 2149 5377 C.

2267 5323 2311 5394 ξ’
2347 5321 2469 5375 οὐδέ
2497 5325 2558 5377 Ο.
2600 5392 2608 5394 Α
2669 5322 2714 5354 ⁸³
2749 5323 2899 5394 ΙιθγΟ
2927 5334 2979 5378 et
3006 5325 3047 5379 C
3091 5340 3156 5378 ex
3196 5327 3456 5394 conject,
3486 5324 3657 5392 οὕτως
3688 5328 3741 5383 in

475 5402 645 5476 textu:
711 5395 769 5476 βξ
799 5392 1145 5476 ἀφηγήσαιξό
1180 5410 1271 5476 μοι
1301 5392 1367 5476 ἓ,
1403 5392 1695 5476 mendose:
1760 5396 1804 5426 “
1836 5394 2231 5476 συνεργόμενος
2254 5393 2317 5453 C,
2352 5392 2779 5476 συνεργούμενος
2810 5393 2868 5449 S.
2946 5397 2991 5426 “
3021 5392 3379 5476 ἀνεχομένους
3402 5396 3464 5452 C.
3548 5399 3589 5428 "
3620 5416 3744 5476 φρο-

472 5464 581 5519 νῶν
610 5460 951 5520 desideratur
974 5460 1039 5518 'in
1075 5460 1141 5533 Ο.
1182 5460 1263 5533 ’1⁸
1300 5462 1406 5517 Pro
1440 5462 1503 5517 Ci
1549 5464 1813 5533 καμάτων
1846 5464 1886 5516 1)
1920 5460 2219 5533 legendum,
2248 5473 2434 5519 censet

472 5537 517 5567 "
549 5535 623 5608 ll_a
657 5534 717 5608 ξ,
748 5533 990 5608 πίσειέ).
1029 5532 1143 5608 Cfr.
1196 5531 1554 5608 Hes_._'_l_‘hcog.
1590 5531 1716 5608 154,
1747 5535 1875 5608 ξἹΞξ,
1913 5531 2065 5608 κριός
2086 5532 2255 5608 7C,_O_.

470 5605 627 5675 conj.
656 5605 719 5659 C.
754 5604 865 5675 Cfr.
907 5603 1034 5660 Hes.
1070 5603 1263 5674 Tlteog.
1295 5605 1421 5669 135,
1457 5604 1582 5675 571.
1620 5605 1871 5675 Apollod.
1906 5603 1962 5672 1,
1984 5607 2039 5667 9.,
2069 5607 2123 5660 4.
2146 5603 2288 5675 Dein
2322 5603 2488 5667 τυθύς
2510 5603 2575 5657 ’0.

2440 5464 2565 5536 ’,διά
2598 5464 2863 5536 καμάτων
2898 5485 2909 5520 :
2947 5464 3261 5534 conjectura
3288 5470 3399 5535 jam
3448 5464 3736 5536 superflua.

2368 5535 2413 5566 ⁷ο
2440 5533 2615 5605 θήλαι
2650 5535 2726 5587 Ο.;
2745 5534 2905 5591 Tum.
2943 5537 3015 5590 id.
3052 5533 3146 5590 θεα
3183 5533 3303 5593 δίιιὸ
3330 5533 3579 5601 accentu,
3613 5539 3741 5596 Θεία

2368 5603 2575 5677 δθύςᾲΟ.
2602 5676 2607 5677 ν
2672 5606 2714 5677 "_‘
2747 5605 2891 5677 Lege
2923 5608 3021 5677 τὴν
3054 5606 3331 5677 βασιλείαν
3364 5610 3421 5664 S.
3526 5610 3572 5641 ⁷³
3599 5610 3739 5666 λίθον

2978 5649 3016 5678 ι,
3054 5649 3328 5677 πωπω.-.
3364 5649 3421 5664 υ.

470 5674 652 5752 addidi
679 5672 826 5752 c_._(_),
861 5690 1034 5752 quam
1053 5672 1250 5752 vocen:
1272 5675 1462 5752 deesse
1487 5674 1600 5752 jam
1638 5672 1850 5734 nionuit
1884 5676 1947 5734 Ι).
1985 5676 2100 5734 Cfr.
2136 5674 2364 5747 Recogn.
2391 5692 2445 5743 χ,
2479 5675 2566 5741 l9,
2595 5676 2653 5739 ὅς
2681 5674 2734 5732 in
2759 5672 2989 5736 exordio
3009 5672 3290 5750 sequentis
3324 5681 3533 5752 periodi
3559 5682 3735 5742 addidi

467 5758 521 5798 ο.
554 5740 622 5800 0.
698 5743 745 5775 ⁷³
777 5744 855 5799 Ita
880 5740 948 5813 'S,
977 5744 1178 5810 ἐξωσεν
1210 5744 1273 5812 C,
1304 5740 1505 5811 ἐξῶσεν
1533 5748 1594 5797 0.
