3894 6208
174 284 281 340 197

1322 291 1795 351 CLEMEN'H‘NA.
1827 321 1899 336 —
1926 295 2214 370 uQuILIA
2255 296 2338 356 v1.

3366 312 3469 371 198

171 403 343 475 156
364 408 458 458 τὸν
488 403 709 475 πρῶτον
736 405 1115 461 καταποθέντα
1148 408 1468 476 Πλούτωνα,
1500 415 1587 467 ἐπ’
1622 413 1749 485 αὐτᾷ

1878 430 2035 478 num.
2070 417 2294 473 tertium
2323 416 2535 476 Jovem.
2567 418 2771 492 Neque,
2790 430 2847 478 ut
2877 421 3035 480 aiunt
3056 464 3073 491 ,
3111 424 3305 481 matris
3330 441 3470 483 eon-

167 497 295 551 es"
328 498 675 561 Ποσειδῶνα,
727 501 825 553 καί
871 504 1056 573 τρίτον
1099 507 1193 556 τὸν
1215 506 1335 559 Δία.
1383 508 1518 561 osa:
1552 525 1639 577 γε,
1688 509 1769 573 ὥς

1882 508 2007 563 silio
2029 518 2276 566 servatus
2296 509 2529 581 Jupiter,
2547 529 2613 570 ac
2630 514 2683 568 in
2700 516 2901 570 coelum
2918 517 3243 586 ascendens,
3256 530 3467 589 patrem

165 607 359 658 φασιν,
411 591 619 662 μητρὸς
665 593 894 663 προνοίᾳ
930 594 1221 660 διασωθεὶς
1272 599 1301 651 ὁ
1348 599 1515 663 Ζεὺς,
1565 599 1661 654 καὶ
1693 601 1749 653 ει

1878 614 2050 670 regno
2084 601 2310 671 depulit.
2349 602 2461 660 Nec
2492 607 2666 675 patris
2698 606 2897 664 fratres
2945 609 3217 680 supplicio
3261 612 3464 669 affecit.

165 683 401 753 οὐρανὸν
430 684 658 746 ἀναϐὰς,
687 684 781 739 τὸν
812 686 1027 759 πατέρα
1050 689 1151 760 τῆς
1184 689 1465 760 βασιλείας
1496 691 1771 747 καθεῖλεν.

166 778 241 829 Οὐ
279 777 495 848 πατρὸς
512 779 557 809 ⁷⁵
606 779 873 847 ἀδελφοὺς
904 782 1183 838 ἐκόλασεν.
1219 784 1332 838 Οὐκ
1365 786 1447 849 είς
1476 785 1645 840 πόθον
1673 803 1773 856 γυ-

166 868 375 921 ναικῶν
396 869 608 941 θνητῶν
627 872 913 942 κατῆλθεν.
938 875 1052 927 Οὐκ
1073 876 1331 945 ἀδελφαῖς
1354 876 1386 947 ἢ
1412 877 1770 949 θυγατράσιν,

163 961 263 1013 οὐκ
286 962 539 1031 ἀδελφῶν
566 966 835 1033 γυναιξὶν,
857 966 919 1020 οὐ
948 968 1136 1022 παισὶν
1164 969 1409 1041 αἰσχρῶς
1431 970 1769 1039 συνεγένετο.

164 1055 299 1108 οὐδὲ
328 1057 512 1127 Μῆτιν
546 1060 813 1130 γεννήσας
846 1062 1125 1126 κατέπιεν,
1157 1064 1246 1118 ἵνα
1270 1064 1429 1117 ἁπ’⁷⁶
1456 1065 1766 1134 ἐγκεφάλου

165 1147 265 1216 μὲν
296 1148 400 1219 τὴν
431 1150 663 1222 Ἀθηνᾶν
696 1153 948 1228 άναφύσῃ
982 1157 1047 1209 ἐκ
1076 1156 1178 1227 τῆς
1203 1157 1462 1229 Μήτιδος,
1495 1159 1561 1213 ἐκ
1587 1160 1644 1214 δὲ
1669 1160 1765 1215 τοῦ

164 1239 347 1310 μηροῦ
382 1242 477 1296 τὸν
508 1244 761 1299 Διόνυσον
792 1246 926 1320 τέκῃ
950 1288 964 1310 ,
1008 1248 1067 1302 ὃν
1101 1250 1206 1303 ὑπὸ
1240 1251 1484 1304 Τιτάνων
1519 1253 1767 1325 ἐσπαρά-

159 1332 287 1401 χθαι
310 1333 582 1403 λέγουσιν.
620 1339 695 1391 Οὐ
722 1340 933 1393 δεῖπνον
956 1342 1048 1395 ἐπὶ
1072 1343 1152 1413 τῷ
1182 1344 1399 1407 Θέτιδος
1423 1345 1516 1398 καὶ
1538 1345 1766 1417 Πηλέως

159 1424 327 1496 γάμῳ
352 1429 618 1483 συντελεῖ.
662 1430 736 1483 Οὐ
766 1432 865 1503 τὴν
909 1434 1066 1504 Ἔριν
1086 1435 1195 1490 τῶν
1218 1436 1411 1506 γάμων
1449 1436 1758 1494 ἀπεώσατο.

159 1517 273 1570 Οὐκ
299 1518 442 1591 αὐτὴ
458 1522 504 1551 ⁷⁷
530 1522 564 1592 ἡ
590 1524 769 1594 Ἔρις,
800 1526 1185 1595 ἁτιμασθεῖσα,
1224 1528 1405 1598 μάχην
1441 1530 1537 1582 καὶ
1572 1529 1761 1584 στάσιν

156 1612 271 1672 τοῖς
291 1610 341 1641 ⁷⁸
374 1612 729 1684 ἑστιωμένοις
762 1617 1076 1689 ἐπενόησεν.
1113 1621 1187 1673 Oti
1226 1621 1392 1691 μῆλον
1432 1624 1664 1693 χρύσεον
1694 1626 1761 1679 ἐκ

154 1701 263 1753 τῶν
310 1703 646 1777 Ἐσπερίδων
690 1710 880 1779 κήπων
929 1710 1171 1766 λαϐοῦσα
1198 1714 1531 1786 ἐπέγραψεν,
1566 1716 1760 1785 δῶρον

153 1796 230 1861 τῇ
264 1799 452 1867 καλῇ.
493 1802 725 1855 Ἔπειτα
782 1802 1167 1874 μυθολογοῦσιν
1219 1807 1295 1869 ὡς
1345 1808 1494 1878 Ἥρα
1546 1826 1607 1863 τε
1661 1813 1755 1865 καὶ
1788 1831 1832 1891 Β

168 1888 375 1960 Ἀθηνᾶ
407 1892 503 1946 καὶ
546 1893 832 1967 Ἀφροδίτη
868 1897 1185 1969 εὑρίσκουσι
1214 1899 1275 1952 τὸ
1310 1900 1500 1971 μῆλον,
1532 1902 1628 1955 καὶ
1660 1920 1753 1971 φι-

152 1981 497 2038 λονεικοῦσαι
540 1984 789 2057 ἔρχονται
820 1989 955 2059 πρὸς
974 1991 1019 2021 ⁷³
1050 1991 1142 2043 τὸν
1175 1992 1301 2045 Δία’
1338 1988 1426 2056 αἷς
1458 1994 1621 2058 αὐτὸς
1655 1996 1754 2066 μὲν

153 2075 253 2129 οὐκ
287 2075 530 2147 ἔκρινεν,
563 2078 631 2132 δι’
676 2080 879 2152 Ἑρμοῦ
913 2081 968 2135 δὲ
1003 2084 1141 2155 πρὸς
1181 2085 1272 2139 τὸν
1301 2086 1536 2158 ποιμένα
1577 2089 1753 2160 Πάριν

151 2167 566 2240 κριθησομένας
606 2172 736 2243 περὶ
780 2173 1009 2238 κάλλους
1056 2176 1383 2248 ἐξέπεμψεν.
1445 2178 1583 2232 Ἀλλ’
1627 2180 1752 2235 οὔτε

151 2259 458 2331 ἐκρίθησαν
482 2262 621 2325 θεαὶ,
654 2262 775 2317 οὔτε
803 2268 830 2319 ό
864 2266 1038 2339 Πάρις
1068 2271 1134 2340 τῇ
1176 2269 1462 2345 Ἀφροδίτῃ
1489 2272 1553 2327 τὸ
1584 2275 1751 2346 μῆλον

148 2350 587 2407 ἀπέδωκεν.οὒκ
613 2355 918 2429 Ἀφροδίτη,
948 2360 1263 2431 τιμηθεῖσα,
1297 2363 1377 2435 τῷ
1406 2366 1506 2437 τῆς
1532 2367 1752 2442 Ἑλένης

148 2443 317 2495 αὐτὸν
364 2444 705 2518 ἀντετίμησε
749 2449 933 2521 γάμῳ.
984 2453 1059 2506 Οὐ
1092 2452 1204 2524 γάρ
1252 2455 1319 2510 ἂν
1363 2460 1431 2529 τῇ
1479 2460 1580 2529 τῆς
1622 2460 1752 2527 θεᾶς

147 2537 281 2606 τιμῇ
305 2536 353 2567 ⁸⁸
405 2537 682 2608 πρόφασις
726 2541 935 2610 ἐγίνετο
985 2546 1277 2617 παμφύλου
1326 2550 1567 2623 πολέμου
1591 2593 1606 2618 ,
1655 2555 1750 2610 καὶ

144 2624 325 2680 ταῦτα
374 2628 464 2681 ἐπ’
506 2630 713 2703 ὀλέθρῳ
744 2633 839 2687 τοῦ
880 2635 981 2708 τὴν
1028 2638 1195 2710 τιμὴν
1242 2640 1610 2715 ἀπειληφότος
1656 2649 1750 2702 καὶ

144 2717 573 2789 ἀγχιστεύοντος
607 2724 687 2796 τῷ
725 2727 827 2799 τῆς
884 2727 1208 2803 Ἀφροδίτης
1253 2734 1422 2802 γένει.
1480 2737 1619 2792 Ἀλλ’
1670 2740 1749 2806 ὡς

144 2808 307 2880 ἔφην,
354 2808 403 2865 ὦ
452 2813 664 2879 τέκνον,
712 2816 826 2889 ἔχει
868 2820 993 2875 τινὰ
1040 2822 1199 2894 157
1231 2824 1389 2895 λόγον
1419 2828 1491 2882 τὰ
1520 2831 1747 2887 τοιαῦτα

139 2902 345 2956 οἰκεῖον
375 2905 473 2958 καὶ
502 2907 810 2979 φιλόσοφον,
841 2911 1142 2987 ἀλληγορία
1168 2918 1477 2991 φρασθῆναι
1509 2922 1746 2995 δυνάμε-

140 3009 266 3046 verr
326 2995 470 3085 ὥστε
527 3016 587 3053 σε
640 3002 947 3059 ἀκούσαντα
997 3006 1297 3079 θαυμάσαι.
1356 3012 1529 3083 Κάγὼ
1573 3015 1738 3089 ἔφην’

139 3085 347 3158 Δέομαι
380 3091 454 3162 μή
485 3109 554 3161 με
579 3092 1014 3168 ἀναϐαλλόμενος
1035 3098 1355 3176 βασανίσῃς.
1384 3104 1494 3158 Καὶ
1522 3105 1582 3170 ὃς
1609 3085 1736 3181 ἐφηο

1875 689 1996 746 Νοη
2031 692 2086 747 ἱιι
2116 710 2357 750 amorem
2381 696 2600 752 devenit
2625 700 2938 755 mortalium
2965 701 3317 760 feminarum.
3343 704 3466 764 Non

1876 799 2002 839 cum
2036 786 2320 843 sororibus
2348 789 2433 844 vel
2464 789 2714 859 ﬁliabus,
2753 807 2863 847 non
2895 809 3021 848 cum
3054 792 3288 851 fratrum
3321 813 3464 853 uxo-

1873 876 2051 944 ribus,
2100 893 2209 933 non
2253 894 2376 934 eum
2416 882 2603 952 pueris
2633 884 2866 954 turpiter
2902 887 3223 943 concubuit.
3274 887 3466 960 Neque

1872 970 2042 1024 tiliam
2073 986 2229 1026 suam
2257 972 2439 1028 Metim
2473 975 2761 1047 deglutivit
2780 1017 2797 1044 ,
2834 986 2895 1032 ut
2921 992 2951 1032 a
2979 979 3209 1035 cerebro
3236 981 3462 1052 quidem

1870 1058 2170 1118 Minervam
2216 1065 2546 1133 produceret
2574 1083 2641 1123 ex
2686 1067 2905 1135 Metide,
2960 1085 3028 1126 ex
3076 1070 3287 1129 femore
3329 1090 3464 1132 vero

1870 1153 2117 1224 gigneret
2169 1154 2467 1224 Bacchum,
2504 1174 2671 1229 quem
2720 1176 2752 1215 a
2800 1160 3090 1218 Titanibus
3120 1163 3306 1221 ferunt
3339 1166 3460 1222 dis-

1872 1256 2127 1317 cerptnm
2172 1248 2366 1304 fuisse.
2413 1250 2532 1305 Non
2577 1268 2792 1308 comam
2840 1254 2896 1308 in
2942 1254 3189 1313 Thetidis
3223 1266 3278 1312 et
3308 1257 3458 1314 Pelei

1868 1340 2074 1409 nuptiis
2096 1341 2414 1397 celebravit.
2440 1342 2559 1399 Non
2582 1345 2914 1401 discordiam
2942 1349 3151 1418 expulit
3172 1365 3203 1403 e
3225 1351 3453 1420 nuptiis.

1864 1428 1984 1485 Non
2016 1431 2293 1488 discordia
2324 1436 2529 1505 probro
2561 1436 2752 1492 aﬂ'ecta
2782 1454 3020 1510 pugnam
3049 1449 3104 1495 et
3131 1441 3455 1498 seditionem

1863 1524 2215 1592 epulantibus
2251 1537 2562 1583 commenta
2611 1538 2718 1585 est.
2756 1528 2877 1585 Non
2925 1541 3151 1602 accepto
3179 1548 3248 1588 ex
3279 1534 3457 1591 hortis

1862 1611 2224 1684 Hesperidum
2252 1619 2397 1673 malo
2418 1634 2587 1675 aureo
2611 1621 2894 1692 inscripsit
2918 1641 2930 1676 :
2956 1622 3169 1677 Donum
3188 1624 3450 1694 pulchra.

1860 1705 2058 1762 Postea
2096 1707 2433 1778 fabulantur,
2483 1713 2630 1782 quod
2679 1712 2847 1781 Juno,
2896 1714 3138 1770 Minerva
3180 1726 3235 1771 et
3265 1714 3454 1773 Venus

1861 1799 2066 1853 malum
2100 1800 2411 1856 invenerint
2440 1812 2495 1857 et
2528 1806 2927 1862 contendentes
2956 1808 3211 1862 venerint
3254 1807 3321 1863 ad
3354 1807 3452 1863 Jo-

1860 1906 2005 1958 vem,
2040 1908 2180 1963 quas
2213 1894 2331 1964 ipse
2361 1896 2581 1965 quidem
2616 1913 2725 1952 non
2773 1898 3140 1968 judicaverit,
3178 1915 3275 1971 per
3304 1899 3451 1956 Mer--

1859 1983 2074 2038 curium
2107 2000 2240 2040 vero
2272 1986 2484 2041 miserit
2516 1990 2582 2042 ad
2619 1999 2893 2058 pastorem
2920 1991 3202 2060 Paridem,
3232 1994 3299 2049 de
3323 1994 3453 2065 pul-

1858 2075 2172 2132 chritudine
2197 2077 2544 2147 judicandas.
2590 2080 2693 2136 Sec
2736 2098 2837 2137 nec
2874 2082 2991 2137 dere
3031 2084 3291 2153 iudicatae
3331 2085 3452 2143 fue-

1858 2176 2010 2235 runt,
2066 2185 2244 2239 neque
2294 2168 2453 2227 Paris
2498 2171 2695 2227 Veneri
2750 2190 2977 2243 pomum
3034 2176 3282 2233 tradidit.
3324 2178 3448 2235 Non

1858 2258 2065 2325 Venus,
2101 2261 2365 2317 honorem
2395 2275 2693 2321 consecuta
2714 2304 2732 2333 ,
2780 2265 3036 2324 Paridem
3066 2268 3285 2327 Helenae
3313 2288 3450 2328 cou-

1852 2350 2006 2423 jugio
2052 2352 2298 2409 vicissim
2346 2355 2654 2413 honoravit.
2701 2355 2892 2429 Neque
2931 2361 3077 2416 enim
3122 2361 3238 2418 deae
3268 2364 3448 2421 honor

1856 2458 2025 2497 causa
2059 2444 2253 2500 fuisset
2294 2445 2420 2501 belli
2460 2447 2604 2503 inter
2647 2457 2725 2504 tot
2751 2459 2974 2521 gentes,
3027 2453 3192 2524 idque
3227 2457 3282 2509 in
3318 2472 3445 2527 per-

1854 2534 2055 2591 niciem
2104 2536 2224 2607 ejus
2252 2537 2347 2608 qui
2394 2538 2605 2595 honore
2652 2540 2881 2599 allectus
2910 2542 3110 2614 fuerat,
3137 2546 3343 2617 quique
3374 2548 3442 2604 ad

1854 2642 2027 2696 genus
2044 2626 2274 2686 Veneris
2290 2630 2416 2700 jure
2432 2632 2857 2703 propinquitatis
2882 2636 3208 2705 pertinebat.
3235 2637 3438 2695 Verum

1853 2719 1997 2775 sicut
2027 2721 2174 2790 dixi,
2205 2737 2240 2778 ο
2288 2723 2363 2778 fili
2385 2764 2400 2791 ,
2434 2724 2552 2780 haec
2594 2726 2863 2781 rationem
2895 2730 3193 2798 quamdam
3239 2731 3443 2788 habent

1849 2812 2129 2882 propriam
2180 2823 2236 2869 et
2282 2815 2758 2886 philosophieam,
2796 2834 2919 2887 quae
2967 2836 3065 2889 per
3115 2822 3438 2895 allegoriam

1850 2910 2032 2971 potest
2059 2905 2344 2973 explicari,
2379 2907 2516 2962 adeo
2544 2917 2605 2963 ut
2634 2918 2715 2976 tu,
2753 2924 2880 2965 cum
2912 2911 3175 2982 audieris,
3202 2915 3441 2972 admire-

1850 2993 1951 3049 ris.
1981 2992 2049 3049 Et
2092 3010 2195 3066 ego
2240 2997 2377 3065 dixi,
2420 3012 2521 3054 oro
2568 3016 2637 3055 ne
2687 3016 2774 3057 me
2823 3018 2978 3058 mora
3009 3012 3294 3076 torqueas.
3344 3006 3440 3064 Ille

1848 3087 2151 3156 respondit,
2178 3089 2317 3145 nihil
2345 3091 2560 3149 timeas.
2588 3090 2710 3147 Non
2736 3096 2883 3150 enim
2906 3094 3178 3165 dill‘eram,
3206 3100 3299 3155 sed
3320 3100 3436 3171 jam

136 3180 323 3273 ῃηδέν
357 3183 632 3257 φοϐηθῇς,
661 3187 724 3240 οὐ
771 3188 881 3261 γάρ
915 3192 1319 3266 ὑπερθήσομαι,
1354 3196 1470 3250 ἀλλ’
1502 3176 1740 3273 ἄρξομαι

1858 3178 2105 3250 incipiam
2135 3180 2310 3253 loqui.

136 3270 240 3343 ἤδη
276 3272 480 3342 λέγειν.

210 3384 297 3441 ιιι.
332 3383 447 3442 Ἦν
474 3408 604 3446 ποτε
629 3394 719 3447 ὅτε
750 3396 904 3451 οὐδὲν
937 3397 1078 3471 πλὴν
1126 3401 1260 3472 χάος
1306 3404 1402 3458 καὶ
1449 3408 1730 3479 στοιχείων

141 3478 394 3572 ἀτάκτων
428 3483 477 3515 ⁸⁸
524 3484 604 3538 ἔτι
639 3492 1149 3565 συμπεφορημένων
1187 3495 1336 3567 μίξις
1395 3498 1735 3572 ἀδιάκριτος,

140 3571 294 3627 τοῦτο
326 3576 425 3629 καὶ
455 3577 556 3649 τῆς
582 3578 797 3648 φύσεως
823 3585 1316 3659 όμολογούσης,καὶ
1335 3589 1447 3644 τῶν
1480 3571 1734 3663 μεγάλων

136 3665 345 3737 ἀνδρῶν
379 3668 555 3733 οὕτως
585 3670 731 3741 ἔχειν
762 3676 1115 3748 νενοηκότων.
1159 3681 1273 3736 Καὶ
1317 3683 1575 3756 μάρτυρα
1621 3686 1734 3741 τῶν

139 3758 395 3826 μεγάλων
426 3762 486 3813 ὲν
516 3763 680 3835 σοφίᾳ
711 3765 804 3819 τὸν
839 3767 1097 3837 μέγιστον
1157 3773 1406 3846 Ὅμηρον
1452 3778 1615 3832 αὐτόν
1649 3799 1734 3836 σοι

132 3851 466 3924 παρέξομαι,
504 3856 729 3911 είπόντα
763 3862 892 3932 περὶ
917 3862 1019 3934 τῆς
1044 3862 1311 3921 ἀνέκαθεν
1354 3870 1694 3942 συγχύσεως·

141 4012 298 4068 Ἀλλ’
344 4014 519 4083 ὑμεῖς
541 4014 659 4085 μὲν
674 4016 1074 4092 πάπεςςῦδωρ
1094 4022 1195 4077 καὶ
1214 4024 1355 4094 γαῖα
1372 4025 1648 4096 γένοισθε
1662 4029 1728 4084 θ’.

123 4192 201 4257 ὡς
232 4194 455 4249 ἐκεῖθεν
485 4195 745 4250 ἁπάντων
796 4198 897 4270 τὴν
955 4199 1170 4269 γένεσιν
1223 4203 1541 4276 ἐσχηκότων
1564 4247 1579 4273 ,
1634 4211 1733 4265 καὶ

1914 3413 2003 3471 lll.
2033 3415 2259 3475 Exstitit
2293 3421 2594 3493 aliquando
2647 3433 2885 3498 tempus,
2918 3444 3047 3485 cum
3098 3431 3234 3487 nihil
3287 3442 3428 3502 erat,

1843 3518 2039 3577 praeter
2073 3511 2245 3568 chaos
2268 3518 2339 3580 .‘et
2380 3514 2778 3575 elementorum
2813 3520 3198 3592 confusorum,
3248 3525 3431 3583 adhuc

1841 3610 2214 3670 aggestorum,
2259 3606 2549 3662 misturam
2576 3614 2968 3679 promiscuam.
3022 3615 3078 3672 Id
3110 3617 3257 3673 enim
3289 3618 3430 3675 fate—

1850 3698 1941 3745 tur
1973 3702 2191 3759 natura,
2226 3705 2390 3767 atque
2421 3698 2493 3753 ila
2527 3701 2748 3770 habere,
2773 3715 3030 3760 asserunt
3074 3707 3175 3761 viri
3216 3710 3423 3780 magni.

1838 3783 1906 3840 Et
1958 3786 2101 3842 inter
2149 3789 2415 3859 sapientia
2477 3804 2799 3862 praestantes
2856 3800 3421 3870 priestantissimum,

1836 3872 2159 3944 Homerum,
2187 3878 2285 3933 tibi
2315 3878 2563 3945 all‘eram,
2603 3883 2874 3941 dicentem
2908 3887 2977 3942 de
3006 3888 3183 3958 prima
3228 3888 3424 3947 confu-

1835 3967 1991 4025 sione
2012 3987 2025 4022 :

2005 4080 2107 4137 Vos
2132 4085 2374 4155 equidem
2412 4088 2591 4141 cuncti
2619 4088 2775 4143 tellus
2812 4089 2960 4158 ﬁalis
2990 4101 3039 4145 et
3070 4092 3254 4149 unda:

1833 4222 2095 4287 tanquam
2126 4218 2257 4276 hinc
2285 4223 2472 4277 omnia
2507 4232 2690 4278 ortum
2736 4222 3020 4293 habeant,
3059 4225 3248 4298 'atque
3294 4238 3421 4299 post

128 4288 243 4357 μετ’
269 4287 321 4319 ιι
346 4286 609 4342 ἀνάλυσιν
638 4290 739 4361 τῆς
764 4291 938 4363 ὑγρᾶς
970 4292 1065 4347 καὶ
1089 4295 1286 4369 γηῖνης
1311 4297 1502 4364 οὐσίας
1533 4300 1614 4365 είς
1627 4302 1730 4375 τὴν

1863 4286 2156 4366 ubstantia:
2182 4312 2425 4369 humidae
2486 4329 2553 4370 ac
2604 4324 2838 4371 terrena:
2884 4317 3306 4375 dissolutionem
3360 4323 3415 4375 in

125 4378 358 4450 πρώτην
404 4380 566 4434 πάλιν
592 4381 1122 4456 ἀποκαθισταμένων
1146 4386 1331 4457 φύσιν,
1362 4390 1393 4445 δ
1419 4392 1537 4447 ἐστι
1566 4392 1725 4464 χάος.

137 4470 384 4535 Ἡσίοδος
413 4472 473 4526 δὲ
503 4474 563 4527 ἐν
592 4476 661 4546 τῇ
694 4475 956 4549 Θεογονίᾳ
986 4477 1158 4547 λέγει’

326 4588 487 4640 Ἤτοι
515 4587 634 4656 μὲν
658 4588 961 4658 πρώτιστα
987 4590 1137 4661 χάος
1168 4593 1409 4665 ἐγένετο
1439 4597 1486 4632 ⁸⁵

1755 4543 1804 4600 D

1828 4401 2063 4471 primam
2094 4402 2296 4458 iterum
2332 4406 2695 4461 restituantur
2749 4415 3027 4475 naturam,
3063 4409 3170 4466 hoc
3218 4419 3302 4466 est
3358 4412 3413 4467 iu

1833 4494 2026 4550 chaos.
2066 4492 2341 4552 Hesiodus
2367 4512 2499 4552 vero
2530 4499 2584 4552 in
2624 4498 2926 4568 Theogonia
2957 4500 3128 4556 dicit:

2115 4608 2301 4664 Primo
2330 4628 2512 4682 nempe
2541 4609 2716 4668 Chaos
2752 4613 2953 4684 factum
2984 4614 3126 4684 fuit:

124 4699 195 4752 Τδ
222 4700 282 4753 δέ
312 4700 532 4769 ἐγένετο
564 4702 697 4775 (98')
724 4703 963 4759 δηλονότι
996 4706 1043 4739 ⁸⁸
1063 4707 1390 4782 γεγενῆσθαι
1422 4711 1500 4777 ὡς
1513 4717 1721 4788 γενητὰ

1858 4724 1931 4777 ’er
1956 4721 2110 4788 illud,
2134 4723 2337 4793 factum
2360 4725 2483 4795 fuit,
2509 4725 2721 4783 clarum
2746 4738 2831 4784 est
2859 4727 3005 4799 quod
3027 4728 3316 4799 signiticet,
3341 4744 3406 4787 ea

1433 4822 1668 4883 VARUE
1713 4831 2130 4891 LECTIONES.

192 4935 239 4974 νδ
259 4930 364 5031 ’.δέ
390 4931 903 5031 εἷορὶεοηεεξιθιῆο..
963 4939 1010 5014 ’ξε
1490 4939 1576 4992 ἐπ’
1603 4938 1670 4994 0.
1749 4946 1797 4980 "
1827 4945 1926 5031 οιξχ
1949 4947 2089 5031 αὑτῂ
2117 4947 2159 5001 C
2191 4948 2497 5031 ,οὑχ-αὐτή
2518 4949 2649 5031 ςείρ)
2672 4950 2752 5017 Cl,
2774 4951 2885 5031 οὐχ
2922 4951 3063 5031 αὕτη
3229 4953 3404 5031 ξ’τήν

118 5004 192 5098 “1
241 5003 430 5098 ,ἷκέπί
474 5001 575 5098 Ε”ι
612 5002 659 5038 ⁸⁸
686 5001 1073 5098 ¹ιθὲ⁰τί2⁵ῑ.⁰·
1091 5001 1188 5098 2(
1214 5006 1312 5098 αυέ
1338 5005 1849 5098 αυίε¹θιηηυνιεη³ιιι
1874 5001 1926 5071 ιδ
1951 5001 2109 5098 is“?!
2139 5001 2646 5098 εέιι-ἒῇτῆέίὶὲᾶ
2666 5001 2854 5098 {iiiis

902 5075 950 5114 σε
979 5072 1059 5130 ita
1090 5073 1157 5131 0.
1193 5072 1248 5133 c.’
1277 5072 1617 5150 ε.;γένησθὶε
1664 5082 1727 5137 c.
1777 5084 1894 5141 ειν.
1940 5085 2106 5142 Iliad.
2136 5072 2372 5155 vineti.

241 5071 286 5103 ⁸¹
316 5069 445 5137 Leg.
473 5072 742 5135 ἀτάκτως.
775 5072 835 5127 D.

158 5142 237 5193 16.
256 5139 316 5193 8.
392 5147 440 5182 ⁸³
468 5141 637 5193 ,δῆλον
680 5143 764 5193 ὃτι
786 5144 828 5193 C

158 5139 316 5195 {6.8.
392 5147 440 5182 ⁸³
468 5141 637 5212 ἶδῆλον
680 5143 851 5199 ὃτιῦ.

2996 5022 3064 5093 (ξ,
3089 5024 3123 5093 ή
3146 5041 3199 5078 τ.
3227 5023 3274 5077 θ.
3312 5022 3400 5077 τί-

2516 5037 2644 5084 υεας
2666 5037 2854 5093 τιμᾳν,
2880 5037 2970 5146 οε.
2996 5037 3064 5086 ιλ,
3089 5037 3123 5093 η
3146 5041 3199 5078 τ.
3227 5037 3274 5077 υ.
3312 5040 3396 5077 τι-

2494 5089 2542 5130 ³³
2567 5090 2708 5163 μετά
2728 5091 2795 5149 0.
2820 5092 2866 5125 ⁸⁵
2958 5133 2972 5147 .
3023 5090 3153 5148 Hes.
3202 5092 3396 5165 Thoog.

1432 5262 1793 5322 VARIORUM
1832 5267 2047 5325 ΝΟΤίΕ
2060 5312 2075 5327 .

108 5369 413 5495 i41983725
446 5372 513 5427 δὲ
540 5374 797 5456 ἐγένετο.
827 5373 1027 5431 Eodem
1055 5379 1217 5460 modo
1240 5378 1509 5468 Hesiodus
1535 5381 1695 5437 intel-

131 5450 300 5495 Ismur
339 5444 483 5495 apud
510 5443 796 5495 Philonem
846 5444 1092 5495 Judaeum
1127 5449 1267 5495 llhrn
1298 5452 1434 5495 Πεοι
1476 5451 1691 5495 (limum)-

131 5442 483 5523 igiturﬁpud
510 5442 807 5523 Philonem.
846 5444 1092 5523 J_ud§_u_t_n
1126 5449 1273 5523 libro,
1298 5452 1434 5522 Περὶ
1476 5451 1691 5523 ἀφθαρ-

109 5512 489 5591 σίαςσιόσμου,
516 5514 731 5591 μ-ιθι.
756 5513 937 5591 Verba
950 5515 1195 5591 Philonis
1224 5512 1393 5591 digna'
1414 5512 1543 5576 sunt
1568 5512 1692 5591 qua:

108 5580 201 5675 hic
249 5580 533 5675 legantur?
567 5586 790 5675 Πριτέρξι
825 5587 895 5675 δὲ
914 5586 1008 5639 τοῦ
1040 5580 1389 5675 Πλατωνικοῦ
1418 5580 1689 5675 δόγματος

1804 5386 1924 5458 μὲν,
1964 5388 2045 5441 ὅτι
2073 5390 2256 5489 φησίν·

1878 5459 2056 5489 "In"...
2092 5478 2121 5489 ο.
2160 5478 2188 5489 ι.
2227 5478 2256 5489 .-

1878 5459 2061 5535 ςΗπου
2091 5459 2188 5535 μέν
2227 5460 2505 5535 πρώτιστα
2533 5462 2665 5533 χάος
2687 5463 2884 5535 γένετ’,
2918 5463 3092 5535 αθτὰρ
3120 5462 3309 5535 ἔπειτα

1904 5480 2057 5511 ηπου
2091 5480 2188 5528 μεν
2227 5480 2505 5531 πρωτιστα
2533 5480 2665 5533 χαος
2728 5480 2884 5527 ενετ,
2918 5480 3092 5535 αυταρ
3120 5480 3212 5517 επε

1870 5529 1984 5604 Γαῖ’
2011 5530 2389 5604 εὑρόστερνος,
2411 5532 2639 5604 πάντων
2669 5480 2785 5596 ἕδος
2811 5532 3053 5604 ἀσφαλὲς
3079 5534 3212 5588 αἰεί.

1800 5598 2106 5676 ’ᾼφθηαρτον
2125 5601 2203 5665 δὲ,
2221 5598 2303 5655 ὅτι
2341 5601 2583 5656 διάλυσιν
2604 5620 2699 5659 και
2734 5598 2938 5676 φθοράν
2964 5605 3027 5658 οὔ
3064 5605 3383 5675 μεμήνυκεν

104 5652 239 5705 ἔνιοι
271 5652 546 5723 νομίζουσι
583 5656 675 5707 τὸν
718 5652 986 5719 Ἡσίοδον,
1026 5660 1250 5783 γενηῖδν
1291 5662 1384 5714 καὶ
1409 5652 1686 5733 ἄφθαρτον
1794 5652 2150 5727 adsuitur.

104 5721 346 5783 οἰόμενοι
382 5722 474 5780 τὸν
514 5725 719 5783 κόσμον
761 5726 851 5782 ὑπ’
899 5728 1107 5782 ἐκείνου
1188 5729 1423 5783 έγεσθαισ
1457 5734 1683 5783 γενητὸν

102 5721 346 5795 οἰόμενοι
382 5722 474 5780 τὸν
514 5725 719 5795 κόσμον
761 5726 851 5782 ὑπ’
899 5721 1107 5782 ἐκείνου
1131 5721 1423 5798 ζλέγεσθαισ
1457 5721 1683 5803 γενητὸν
