3894 6208
470 289 571 349 199

1395 293 1453 349 8.
1493 291 1883 349 CLEMENTIS
1914 291 1933 347 I
1973 292 2141 349 ROM.
2170 292 2371 348 PONT.
2397 292 2628 350 OPEBA
2663 294 2888 352 DUBlA.

3646 297 3772 355 209

467 416 531 463 ut
560 404 741 476 genita
767 412 951 461 ortum
985 405 1267 473 habuisse,
1314 422 1424 461 non
1475 416 1657 461 autem
1706 416 1766 460 ιιι
1812 406 2054 478 ingenita

2160 406 2435 480 σημαίνει,
2468 408 2531 461 οὐ
2557 408 2620 462 τὸ
2642 410 2728 463 ἀεὶ
2759 405 2995 482 εἶναιξὼς
3010 411 3270 484 ἀγένητα.
3294 414 3404 468 Καὶ
3445 414 3693 487 Ὀρφεὺς
3713 416 3770 449 ³⁸

467 511 687 568 semper
717 496 1021 554 exstitisse.
1053 498 1306 569 Orpheus
1335 508 1519 553 autem
1567 499 1738 554 chaos
1764 513 1870 555 ovo
1906 515 2058 555 com-

466 599 647 661 parat,
678 589 732 643 in
759 604 870 659 quo
890 589 1198 660 primorum
1221 590 1614 645 elementorum
1634 598 1755 645 erat
1777 589 2053 647 confusio.

469 680 591 737 Hoc
614 679 890 738 Hesiodus
918 682 1089 737 chaos
1113 681 1392 751 proponit,
1418 682 1566 752 quod
1596 680 1852 753 Orpheus
1885 699 2054 738 ovum

467 774 603 830 dicit
630 772 897 845 genitum,
930 788 999 829 ex
1025 774 1237 829 infinita
1269 775 1499 830 materia
1540 775 1871 846 productum
1901 817 1917 844 ,
1971 775 2055 832 fa-

470 886 732 947 ctumque
757 875 866 932 ita:

540 982 630 1039 IV.
651 984 790 1040 Cum
823 984 1050 1040 materia
1076 992 1317 1056 quatuor
1337 1000 1536 1057 genera
1556 986 1927 1056 complectens
1959 988 2057 1042 ha-

468 1078 621 1134 beret
640 1077 904 1144 animam,
921 1086 977 1132 et
996 1086 1169 1133 totum
1194 1077 1524 1133 immensum
1540 1079 1816 1149 quoddam
1836 1079 2059 1151 profun-

467 1168 598 1224 dum
618 1182 835 1238 semper
855 1169 1048 1224 ﬂueret
1076 1184 1142 1225 ac
1194 1178 1402 1225 temere
1429 1169 1669 1225 ferretur
1717 1180 1773 1225 et
1803 1171 2059 1227 innume-

467 1276 559 1316 ras
611 1260 963 1331 imperfectas
1020 1262 1308 1317 mistiones
1361 1262 1597 1317 subinde
1655 1262 2053 1333 profunderet,

466 1365 632 1425 atque
661 1354 783 1409 ideo
810 1354 931 1409 illas
959 1355 1031 1409 ob
1074 1353 1461 1411 confusionem
1510 1354 1769 1421 solveret,
1818 1371 1919 1410 nec
1946 1372 2057 1411 non

467 1445 667 1512 biaret,
708 1445 867 1515 quasi
897 1445 965 1500 ad
993 1446 1400 1515 generationem
1423 1444 1679 1501 animalis
1730 1462 1837 1501 non
1870 1455 2058 1516 posset

466 1537 768 1608 compingi,
807 1536 1108 1607 aliquando
1134 1537 1387 1608 contigit,
1414 1547 1473 1592 ut
1497 1538 1631 1593 illud
1663 1537 1937 1593 infinitum
1965 1553 2059 1608 pe-

466 1629 645 1699 lagus,
677 1645 774 1699 per
806 1630 1084 1700 propriam
1114 1638 1366 1685 naturam
1397 1644 1734 1685 concussum
1766 1640 1917 1686 motu
1953 1646 2055 1685 na—

468 1722 657 1785 turali,
691 1721 941 1777 ordinate
964 1722 1033 1776 ab
1082 1723 1275 1778 eodem
1307 1722 1376 1777 ad
1429 1722 1572 1778 idem
1603 1723 1781 1779 instar
1829 1723 2055 1779 vorticis

467 1815 680 1880 ﬂueret,
722 1815 1172 1885 substantiasque
1204 1816 1496 1883 misceret;
1527 1816 1715 1887 sicque
1763 1817 1963 1871 mirum
1998 1816 2051 1870 in

469 1907 717 1971 modum,
745 1908 893 1977 quod
927 1911 1173 1963 omnium
1205 1911 1471 1979 Optimum
1499 1924 1564 1965 ac
1612 1911 2053 1966 maturissimum

467 2009 589 2055 erat
613 2008 780 2071 atque
806 2001 874 2054 ad
926 2000 1337 2071 generationem
1372 2001 1629 2057 animalis
1679 2001 2053 2072 aptissimum,

467 2092 618 2147 velut
648 2094 701 2145 in
736 2090 961 2147 fornace
986 2108 1082 2162 per
1105 2093 1341 2147 mediam
1372 2093 1691 2148 decurreret
1726 2093 2056 2149 universita-

468 2192 599 2249 tem,
626 2192 682 2238 et
714 2199 807 2253 per
846 2194 1042 2238 cuncta
1069 2182 1333 2239 ferentem
1361 2186 1625 2241 vorticem
1675 2185 1779 2241 iret
1826 2186 1893 2241 ad
1926 2202 2057 2257 pro-

468 2276 720 2340 fundum,
748 2277 1255 2347 circumfusumque
1276 2278 1531 2348 spiritum
1576 2281 1915 2345 attraheret;
1952 2296 2052 2335 nec

468 2383 579 2421 non
633 2367 793 2437 quasi
824 2369 877 2423 in
932 2369 1230 2424 maximam
1284 2368 1676 2425 fecunditatem
1726 2380 2049 2441 conceptum

466 2458 672 2515 faceret
692 2460 984 2516 discretam
1014 2463 1496 2533 compositionem.
1568 2463 2049 2530 Quemadmodum

466 2554 613 2608 enim
653 2554 706 2607 in
737 2553 970 2611 humido
1022 2554 1141 2611 ﬁeri
1170 2556 1309 2611 solet
1363 2556 1511 2611 bulla
1538 2597 1553 2621 ,
1584 2556 1655 2611 ita
1685 2557 2050 2612 orbiculatum

466 2645 711 2716 undique
741 2648 1202 2718 comprehensum
1228 2657 1320 2704 est
1361 2663 1584 2719 corpus.
1636 2647 1841 2704 Deinde
1869 2649 2049 2718 ipsum

468 2736 522 2794 in
548 2742 730 2810 scipso
761 2749 1114 2811 conceptum,
1145 2756 1177 2796 a
1198 2741 1389 2796 divino
1412 2742 1507 2813 qui
1538 2753 1913 2811 assumpscrat
1939 2742 2052 2813 spi-

469 2832 581 2886 ritu
605 2832 928 2886 subvectum
958 2871 973 2895 ,
1025 2832 1080 2886 in
1125 2832 1303 2887 lucem
1336 2833 1536 2902 prodiit
1584 2834 1885 2887 maximum
1946 2835 2052 2890 hoc

468 2937 689 2993 germen
724 2937 819 2977 seu
858 2919 1021 2989 fetus,
1063 2932 1324 2992 tanquam
1351 2940 1416 2977 ex
1445 2924 1594 2977 omni
1625 2926 1895 2979 immenso
1920 2938 2051 2993 pro-

469 3014 639 3070 fundo
659 3016 1002 3086 progenitum
1031 3015 1310 3087 Opifleium
1341 3016 1642 3070 animatum
1672 3058 1686 3081 ,
1724 3017 1902 3072 simile
1932 3020 2051 3075 ovis

467 3123 567 3180 per
600 3108 989 3164 rotunditatem
1020 3117 1075 3164 et
1099 3108 1293 3163 avibus
1324 3124 1421 3178 per
1454 3109 1812 3163 celeritatem.

542 3218 609 3275 ν.
633 3220 934 3275 Saturnum
962 3220 1128 3292 igitur
1141 3220 1273 3281 mihi
1298 3229 1425 3291 puta
1444 3236 1564 3276 csse
1582 3231 1818 3291 tempus,
1847 3221 2051 3276 lthcam

468 3326 602 3366 vero
640 3312 771 3367 illud
805 3312 1044 3367 humidae
1067 3313 1413 3379 substantiae,
1445 3313 1592 3383 quod
1621 3312 1768 3367 fluit:
1794 3314 1921 3383 quia
1962 3330 2055 3383 per

469 3412 686 3476 tempus
711 3415 925 3461 versata
951 3406 1133 3461 omnis
1172 3406 1423 3473 materia,
1457 3406 1604 3461 velut
1635 3422 1823 3470 ovum,
1851 3408 2050 3462 ccelum

468 3495 615 3567 quod
662 3497 960 3552 rotundum
1014 3506 1101 3553 est
1135 3498 1392 3569 quodque
1425 3497 1611 3552 omnia
1646 3498 2052 3567 complectitur,

469 3588 698 3657 peperit.
729 3586 887 3653 Quod
918 3603 1083 3643 ovum
1116 3588 1389 3659 principio
1414 3587 1646 3643 fecunda
1679 3589 1915 3643 medulla
1941 3589 2054 3658 ple-

471 3694 603 3733 num
630 3678 754 3743 fuit,
789 3679 991 3749 quippe
1020 3680 1169 3750 quod
1193 3689 1381 3750 posset
1410 3681 1684 3735 elementa
1719 3690 1774 3735 et
1800 3681 2051 3751 omnige-

471 3787 572 3827 nas
611 3770 822 3842 species
849 3788 1161 3843 procreare,
1201 3783 1442 3828 attamen
1476 3774 1825 3843 amnigenam
1850 3789 1915 3828 ex
1946 3789 2053 3827 una

472 3863 779 3918 substantia
812 3879 1029 3933 unaque
1052 3865 1233 3935 specie
1251 3865 1374 3919 tulit
1392 3865 1709 3933 imaginem.
1734 3865 1887 3919 Sicut
1906 3865 2051 3919 enim

475 3951 529 4005 in
554 3952 788 4021 pavonis
812 3952 924 4007 fetu
959 3970 1103 4009 unus
1134 3955 1354 4024 quidem
1385 3955 1473 4009 ovi
1505 3955 1720 4009 videtur
1745 3956 1919 4019 color,
1951 3969 2051 4024 po-

472 4051 664 4097 testate
686 4053 866 4096 autem
897 4043 1044 4098 mille
1071 4044 1127 4097 in
1160 4060 1220 4099 se
1254 4044 1417 4099 habet
1448 4043 1763 4114 perficiendi
1792 4043 2051 4098 animalis

471 4135 715 4190 colores:
745 4135 818 4189 ita
850 4145 905 4191 et
932 4135 1079 4207 quod
1111 4151 1180 4191 ex
1210 4136 1478 4191 immensa
1519 4136 1750 4191 materia
1805 4137 2051 4205 genitura

470 4236 556 4283 est
573 4243 739 4282 ovum
772 4227 1098 4293 animatum,
1136 4243 1202 4283 ex
1231 4228 1477 4298 subjecta
1504 4242 1830 4297 semperque
1853 4226 2054 4282 fluente

472 4319 701 4374 materia
728 4329 1091 4386 commotum,
1138 4319 1487 4375 omnimodas
1531 4318 1737 4375 exserit
1790 4319 2051 4373 mutatio-

475 4427 591 4467 nes.
623 4410 767 4467 Intra
815 4412 963 4467 enim
1002 4411 1505 4468 circumferentiam
1562 4411 1790 4481 aliquod
1821 4409 2049 4475 animal,

2156 499 2215 554 δὲ
2246 501 2307 554 τὸ
2338 502 2470 571 χάος
2491 501 2583 572 ὼῷ
2618 503 2941 573 παρεικάζει
2966 543 2981 567 ,
3023 505 3080 557 ἐν
3110 498 3155 573 ᾧ
3181 507 3288 559 τῶν
3318 506 3553 577 πρώτων
3607 524 3772 562 στοι-

2157 592 2321 662 χείων
2339 588 2406 665 ἦν
2428 596 2460 665 ἡ
2489 592 2772 665 σύγχυσις.
2797 594 2969 648 Τοῦτο
3001 596 3240 661 Ἡσίοδος
3260 598 3389 668 χάος
3409 600 3767 667 ὑποτίθεται,

2156 683 2294 755 ὅπερ
2340 685 2569 757 Ὀρφεὺς
2601 684 2707 738 ὠὸν
2730 684 2877 755 λέγει
2902 688 3151 759 γενητὸν,
3171 689 3231 755 ἐξ
3258 691 3482 764 ἀπείρου
3500 693 3601 765 τῆς
3619 693 3769 765 ὐλης

2158 778 2621 851 προδεδλημένον,
2656 780 2879 850 γεγονὸς
2910 780 2968 834 δὲ
2998 781 3143 835 οὕτω
3175 783 3218 815 ⁸⁷
3236 799 3251 813 ·

2425 977 2639 1052 ἰγητῆς
2656 976 3015 1049 τετραγενοῦς
3032 976 3164 1049 ὕλης
3185 978 3427 1049 ἐμψύχου
3449 977 3641 1051 οὔσης,
3661 983 3768 1034 καί

2158 1074 2283 1127 ὅλου
2317 1072 2547 1143 ἀπείρου
2574 1072 2717 1135 τινὸς
2749 1070 2914 1141 βυθοῦ
2950 1071 3037 1124 ἀεὶ
3059 1071 3270 1142 ῥέοντος
3301 1071 3433 1141 (99),
3458 1073 3555 1125 καὶ
3584 1074 3763 1143 ἀκρί-

2156 1182 2266 1228 τως
2296 1164 2620 1235 φερομένου,
2656 1164 2751 1217 καὶ
2787 1162 2984 1235 μυρίας
3014 1163 3225 1226 ἀτελεῖς
3256 1164 3486 1233 κράσεις
3526 1165 3611 1227 είς
3658 1168 3767 1217 ἀλ-

2158 1256 2280 1310 λοτε
2308 1255 2481 1319 ἄλλως
2512 1256 2562 1288 ⁸³
2592 1256 3006 1327 ὲπαναχέοντος,
3023 1255 3117 1308 καὶ
3134 1254 3399 1335 magnam
3419 1255 3593 1319 αὐτάς
3619 1258 3765 1310 ἀνα-

2157 1348 2376 1412 λύοντος
2405 1350 2472 1420 τῇ
2506 1347 2726 1419 ἀταξίᾳ,
2762 1348 2856 1402 καὶ
2876 1348 3167 1419 κεχηνότος
3198 1330 3293 1401 ita}.
3311 1349 3356 1381 ”
3381 1349 3462 1411 είς
3490 1349 3763 1421 γέννησιν

2158 1441 2297 1506 ζώου
2326 1441 2543 1513 δεθῆναι
2576 1442 2649 1515 μὴ
2681 1441 3004 1513 δυναμένου,
3042 1441 3243 1513 συνέϐη
3277 1442 3407 1495 ποτὲ
3440 1443 3609 1495 αὐτοῦ
3654 1443 3759 1496 τοῦ

2157 1534 2385 1608 ἀπείρου
2419 1535 2709 1604 πελάγους,
2741 1534 2847 1589 ὐπὸ
2886 1536 3021 1599 ἰδίας
3051 1534 3266 1604 φύσεως
3300 1535 3757 1605 περιωθουμένου

2157 1631 2369 1700 κινήσει
2387 1631 2613 1700 φυσικῇ,
2648 1628 2927 1692 εὐτάκτως
2958 1628 3152 1699 ῥυῆναι
3190 1626 3300 1680 ἀπὸ
3331 1627 3427 1679 τοῦ
3459 1627 3631 1679 αὐτοῦ
3668 1630 3757 1690 εἰς

2156 1724 2216 1776 τὸ
2248 1723 2401 1786 αὐτὸ,
2437 1722 2629 1794 ὥσπερ
2662 1722 2867 1791 ἴλιγγα,
2923 1722 3019 1774 καὶ
3054 1721 3204 1792 μίξαι
3237 1720 3337 1785 τὰς
3383 1721 3591 1785 οὐσίας,
3653 1720 3755 1773 καὶ

2156 1815 2330 1880 οὕτως
2358 1814 2418 1881 ἐξ
2448 1812 2714 1869 άκουστοῦ
2749 1814 2793 1845 ⁹⁰
2824 1814 2933 1867 τῶν
2965 1814 3183 1867 πάντων
3226 1814 3286 1866 τὸ
3317 1812 3750 1884 νοστιμώτατον,

2156 1910 2293 1981 ὅπερ
2327 1910 2462 1979 πρὸς
2511 1908 2763 1979 γέννησιν
2807 1905 2946 1969 ζώου
2973 1906 3404 1977 ἐπιτηδειότατον
3429 1902 3517 1976 ἦν,
3552 1905 3752 1975 ὥσπερ

2156 2004 2214 2055 ὲν
2247 2000 2397 2074 χώνη
2416 2000 2559 2055 κατά
2596 1999 2762 2070 μέσου
2795 1998 2988 2071 ῥυῆναι
3018 1998 3113 2051 τοῦ
3137 1997 3356 2063 παντὸς,
3376 1999 3472 2050 καὶ
3506 1996 3614 2050 ὐπὸ
3647 1998 3750 2067 τῆς

2157 2096 2335 2149 πάντα
2353 2086 2625 2165 φερούσης
2653 2090 2862 2160 ἴλιγγος
2890 2091 3136 2162 χωρῆσαι
3170 2091 3249 2152 εἰς
3269 2090 3314 2123 ⁹¹
3350 2088 3529 2159 βάθος,
3567 2088 3664 2141 καὶ
3686 2086 3749 2139 τὸ

2157 2186 2540 2260 περικείμενον
2576 2183 2793 2255 πνεῦμα
2813 2183 3242 2246 ἐπισπάσασθαι,
3274 2183 3368 2235 καὶ
3394 2182 3471 2245 ὡς
3492 2183 3573 2244 είς
3596 2198 3747 2249 γονι-

2159 2279 2405 2351 μώτατον
2428 2276 2729 2348 συλληφθὲν
2757 2279 2928 2329 ποιεῖν
2949 2276 3201 2346 κριτικὴν
3220 2273 3493 2327 σύστασιν.
3531 2276 3747 2344 Ὥσπερ

2155 2371 2264 2444 γὰρ
2297 2373 2354 2424 ὲν
2389 2370 2541 2442 ὐγρῷ
2576 2370 2721 2439 φιλεῖ
2752 2368 2997 2437 γίνεσθαι
3030 2366 3333 2438 πομφόλυξ,
3372 2365 3545 2429 οὓτως
3584 2382 3746 2435 σφαι-

2158 2463 2361 2535 ροειδὲς
2387 2462 2723 2532 πανταχόθεν
2747 2460 3055 2531 συνελήφθη
3081 2462 3125 2491 ’⁸
3147 2461 3325 2523 κύτος.
3362 2461 3595 2513 Ἔπειτα
3613 2458 3745 2511 αὐτὸ

2154 2557 2214 2610 ιν
2246 2556 2426 2626 ἑαυτῷ
2460 2554 2683 2625 κυηθὲν,
2720 2552 2827 2606 ὐπὸ
2856 2552 2951 2606 τοῦ
2985 2551 3380 2624 παρειληφότος
3423 2551 3469 2581 ’³
3490 2550 3745 2612 θειώδους

2154 2646 2465 2719 πνεύματος
2518 2645 2946 2717 ἀναφερόμενον,
2980 2644 3289 2716 προέκυψεν
3321 2645 3401 2706 εἰς
3432 2643 3548 2712 φῶς
3586 2643 3744 2713 μέγι-

2156 2741 2279 2797 στόν
2305 2757 2358 2793 τι
2388 2740 2547 2793 τοῦτο
2573 2738 2788 2810 ἀποκύη
2797 2755 2894 2808 μα,
2913 2738 2990 2800 ὡς
3017 2736 3081 2791 ἂν
3095 2739 3160 2790 ὲκ
3179 2736 3377 2800 παντὸς
3397 2736 3491 2789 τοῦ
3507 2736 3741 2807 ἀπείρου

2155 2834 2319 2906 βυθοῦ
2347 2832 2796 2904 ἀποκεκυημένον
2825 2832 3066 2904 ἔμψυχον
3093 2831 3504 2903 δημιούργημα,
3551 2832 3651 2884 καὶ
3676 2832 3743 2901 τῇ

2154 2927 2478 3000 περιφερείᾳ.
2524 2926 2633 2979 τῶν
2674 2925 2798 2979 ὠῶν
2840 2926 3177 2997 προσεοικὸς,
3208 2925 3409 2996 καὶτῷ
3453 2925 3613 2995 τάχει
3644 2926 3746 2996 τῆς

2156 3024 2425 3093 πτήσεως.

2230 3198 2390 3270 159
2406 3197 2468 3252 ν.
2488 3198 2693 3271 Κρόνον
2712 3194 2909 3269 οὐνέτὸν
2928 3200 3117 3271 χρόνον
3136 3217 3225 3272 μοι
3240 3200 3481 3271 νόει,τὴν
3497 3200 3555 3253 δὲ
3586 3202 3747 3254 Ῥέαν

2153 3293 2214 3345 τὸ
2250 3293 2370 3363 ῥέον
2402 3292 2500 3362 τῆς
2558 3293 2732 3363 ὑγρᾶς
2778 3292 2996 3356 οὐσίας·
3033 3294 3115 3345 ὅτι
3162 3293 3338 3364 χρόνῳ
3387 3294 3669 3364 φερομένη
3711 3296 3745 3365 ἡ

2156 3386 2256 3459 ὐλη
2292 3388 2477 3440 ἅπασα
2510 3384 2700 3456 ὥσπερ
2730 3386 2835 3438 ὠὸν
2868 3385 2959 3438 τὸν
3006 3386 3183 3439 πάντα
3223 3386 3546 3457 περιέχοντα
3582 3404 3747 3456 σφαι-

2157 3479 2335 3552 ροειδῆ
2369 3478 2683 3550 ἀπεκύησεν
2712 3478 2937 3550 οὐρανόν
2956 3496 2968 3507 ·
3004 3478 3141 3549 ὅπερ
3174 3480 3295 3531 κατ’
3316 3478 3490 3550 ἀρχὰς
3519 3479 3617 3533 τοῦ
3651 3497 3746 3549 γο-

2154 3569 2313 3642 νίμου
2352 3570 2552 3641 μυελοῦ
2588 3570 2791 3642 πλῆρες
2820 3566 2908 3642 ἦν,
2933 3570 3009 3634 ὡς
3041 3572 3107 3624 ἂν
3133 3571 3178 3602 ⁸⁸
3200 3574 3437 3642 στοιχεῖα
3468 3572 3563 3626 καὶ
3592 3571 3744 3644 χρώ-

2158 3680 2303 3733 ματα
2326 3663 2641 3716 παντοδαπὰ
2674 3664 2923 3717 ἐκτεκεῖν
2952 3662 3268 3734 δυνάμενον,
3296 3663 3392 3718 καὶ
3422 3664 3572 3734 ὅμως
3606 3682 3745 3717 παν-

2152 3754 2390 3826 τοδαπὴν
2423 3755 2488 3807 ἐκ
2511 3756 2641 3827 μιᾶς
2668 3754 2857 3818 οὐσίας
2888 3772 2947 3808 τε
2970 3756 3063 3809 καὶ
3097 3754 3387 3827 χρώματος
3419 3755 3538 3818 ἑνὸς
3574 3756 3743 3829 ἔφερε

2152 3848 2251 3918 τὴν
2281 3847 2601 3916 φαντασίαν.
2631 3846 2841 3918 Ὠσπερ
2863 3845 2971 3917 γὰρ
2992 3847 3049 3899 ὲν
3076 3846 3154 3917 τῷ
3180 3845 3275 3899 τοῦ
3300 3845 3414 3899 ταὼ
3440 3850 3745 3919 γεννήματι

2153 3938 2211 3992 ἓν
2248 3938 2347 4009 μὲν
2376 3938 2471 3992 τοῦ
2501 3938 2611 3992 ὡοῦ
2640 3938 2838 4009 χρῶμα
2868 3938 3036 4002 δοκεῖ,
3066 3938 3293 4009 δυνάμει
3338 3938 3395 3991 δὲ
3426 3941 3595 4012 μυρία
3626 3941 3744 4012 ἔχει

2153 4033 2213 4086 ὲν
2248 4031 2428 4101 ἑαυτῷ
2463 4031 2558 4084 τοῦ
2613 4031 2897 4101 μέλλοντος
2953 4031 3397 4102 τελεσφορείσθαι
3447 4032 3741 4104 χρώματα,

2151 4123 2325 4188 οὕτως
2359 4125 2450 4177 καὶ
2480 4124 2541 4177 τὸ
2567 4123 2626 4190 ὲξ
2671 4124 2901 4194 ἀπείρου
2946 4123 3080 4195 ὕλης
3139 4125 3448 4197 ἀποκυηθὲν
3494 4127 3742 4199 ἔμψυχον

2151 4218 2277 4283 ὠὸν,
2312 4219 2377 4270 ἐκ
2408 4216 2507 4287 τῆς
2539 4216 2906 4287 ὑποκειμένης
2923 4216 3016 4269 καὶ
3037 4218 3124 4270 ἀεὶ
3147 4219 3377 4291 ῥεούσης
3408 4219 3542 4291 ὕλης
3565 4224 3742 4276 κινού-

2156 4327 2335 4383 μενον,
2385 4308 2734 4372 παντοδαπὰς
2776 4310 3018 4377 ἐκφαίνει
3076 4313 3303 4382 τροπάς.
3345 4314 3594 4368 Ἔνδοθεν
3630 4318 3741 4389 γὰρ

2152 4406 2252 4477 τῆς
2278 4402 2631 4474 περιφερείας
2658 4402 2791 4466 ζῶόν
2813 4420 2865 4455 τι
2893 4403 3227 4477 ἀρῤενόθηλυ
3246 4406 3591 4462 είδοποιείται
3612 4428 3743 4481 προ-

472 4504 616 4572 quod
647 4513 729 4559 est
779 4504 1258 4568 masculofemina,
1314 4519 1412 4575 per
1465 4504 1814 4559 inexistentis
1874 4503 2045 4557 divini

2159 4498 2272 4567 νοίᾳ.
2299 4495 2393 4549 τοῦ
2423 4496 2634 4558 ἐνόντος
2667 4496 2723 4547 ὲν
2753 4495 2902 4565 αὐτῷ
2936 4496 3081 4550 θείου
3125 4499 3470 4570 πνεύματος,
3523 4503 3583 4555 ὃν
3628 4504 3740 4556 Φά-

474 4596 699 4665 spiritus
747 4598 1146 4668 providentiam
1202 4596 1491 4665 formatur,
1542 4599 1690 4668 quod
1742 4595 2039 4651 Phanctem

2159 4609 2282 4664 νητα
2327 4590 2559 4661 Ὀρφεὺς
2589 4588 2764 4651 καλεῖ,
2825 4589 2906 4641 ὅτι
2940 4589 3106 4644 αὐτοῦ
3151 4592 3411 4663 φανέντος
3439 4594 3501 4647 τὸ
3535 4598 3643 4650 πᾶν
3675 4597 3736 4663 ἐξ

1726 4805 1731 4817 ε
1753 4755 1987 4812 VARUE
2026 4750 2427 4809 LECTIONES.

546 4900 595 4969 ξι
618 4891 1846 4969 (Jfr._l.ol)cck_Aglaoph.p.4755eqq.;8randis
1884 4890 2457 4969 ΔξιξεςλῆρΙιὶίοε.μίξινιςι·.
2487 4908 2617 4946 rom.
2645 4890 2897 4969 I_._6_0,_67.
2926 4892 2991 4969 S._
3044 4892 3275 4969 ⁸⁷οὐτως
3308 4895 3363 4969 S.
3435 4897 3481 4929 ⁸⁸
3507 4899 3736 4969 κράσεις

477 4966 663 5037 ἄλλοτε
694 4965 877 5037 ἄλλοις,
904 4964 1076 5037 deleta
1096 4962 1608 5037 praapositioncJe‘gi
1630 4964 1743 5037 vult
1762 4962 1824 5016 Ι).
1880 4962 2116 5037 ἐ’-ὡς(ἒ.⁸
2166 4964 2211 5037 °_°
2229 4963 2288 5029 ἐξ
2312 4962 2542 5037 ἑκάστου
2566 4964 2802 5037 scribitD
2837 5003 2851 5025 ,
2877 4965 3139 5033 probante
3158 4962 3732 5037 LobcckioAgfaop/z.,

477 5054 530 5118 p.
557 5036 684 5116 4⁸15ἶ
723 5034 878 5118 ριιρά
1004 5035 1165 5118 vertit
1203 5036 1397 5118 mirum
1438 5034 1761 5118 immortalia,
1796 5034 1983 5118 nescio
2010 5033 2154 5118 unde
2185 5034 2358 5118 hanc.
2390 5034 2895 5118 iitterpretationeln
2909 5037 3192 5118 ﬂattﬁselj‘t.
3239 5036 3295 5091 S.
3330 5033 3596 5118 _Sequéns_
3617 5033 3735 5118 ’τῷν

479 5100 685 5180 insm'ui
712 5120 760 5159 c.
787 5103 852 5159 Ο.
931 5104 977 5180 ’.³
1010 5104 1090 5166 είς
1121 5105 1327 5180 excidit
1356 5119 1447 5180 ap1
1473 5103 1534 5156 Cl
1589 5102 1722 5180 etS.
1760 5171 1771 5180 ι
1798 5104 1844 5137 θ’
1869 5101 2162 5174 συνειλήθη
2182 5100 2627 5180 ιιιονυιι-Ιλρὺριλιί
2654 5100 2997 5180 l.|_._,p_._475.
3110 5105 3246 5159 Tum
3278 5100 3440 5180 κύτος
3474 5111 3619 5180 conj.
3640 5111 3681 5164 (1
3714 5129 3729 5177 ;

476 5173 668 5238 νυκτός
696 5184 923 5245 uterque
953 5174 1102 5228 hom.
1134 5175 1331 5231 codex.
1392 5171 1449 5214 ’⁸³
1480 5171 1865 5242 κατειληφότος
1890 5182 2035 5226 recte
2064 5171 2171 5227 scr.
2205 5172 2421 5227 Lobeck
2453 5174 2490 5227 l.
2521 5171 2633 5227 l.S.
2707 5173 2754 5206 "
2772 5171 2977 5245 πλῆρες

3021 5176 3234 5245 ἧνωσαν
3263 5178 3324 5232 C.

1781 5282 2139 5339 VARIORUM
2194 5282 2425 5340 ΝΟΤᾸΞ.

549 5378 662 5449 (99)
691 5377 963 5446 Ἀπείρου
992 5378 1153 5444 τινὸς
1178 5378 1376 5449 βυθοῦί
1398 5377 1490 5431 ἀεὶ
1518 5376 1793 5449 ῥέοντος.
1829 5376 1893 5431 Ει
1930 5379 2052 5446 qui-

476 5447 704 5505 thSdaJn
720 5449 1089 5519 interpositis;
1104 5448 1269 5502 αὐτοῦ
1282 5448 1379 5501 τοῦ
1397 5447 1626 5519 ἀπείρου
1641 5447 1928 5519 πελάγους,
1936 5460 2048 5519 etc.

478 5519 756 5574 Pertinent
778 5516 885 5573 huc
914 5520 1031 5574 loca
1066 5518 1498 5589 Recognitiunum
1527 5516 1623 5589 lib.
1652 5534 1708 5582 χ,
1735 5534 1855 5585 cap.
1898 5516 1964 5569 l7
1996 5527 2051 5571 et

478 5591 568 5659 ξι,
600 5601 705 5645 etc.
757 5588 999 5659 itemque
1048 5588 1215 5642 verba
1259 5588 1557 5659 Porphyrii
1592 5588 1731 5659 libro
1769 5589 1847 5659 die
1896 5596 2051 5640 antro

482 5657 847 5729 Nymrharum
869 5700 883 5723 ,
913 5657 1207 5729 Sub'finem
1244 5675 1256 5710 :
1292 5658 1491 5729 Πόντος
1517 5657 1603 5729 δὲ,
1642 5657 1735 5729 καὶ
1767 5657 2009 5729 θάλασσα

480 5726 574 5783 καὶ
598 5729 823 5793 κλύδων,
838 5730 932 5782 καὶ
955 5728 1104 5801 παρά
1124 5729 1369 5783 Πλάτωνι
1392 5730 1426 5800 η
1448 5726 1606 5800 ὑλικὴ
1630 5727 1907 5789 σύστασις.
1929 5726 2049 5782 (ἔω-

2159 5389 2326 5433 terum
2355 5390 2405 5433 et
2438 5380 2579 5448 apud
2604 5379 2882 5453 Platonem
2922 5382 3481 5453 materiwmcongeries,
3518 5394 3729 5453 pontus,

2158 5465 2303 5523 mare
2338 5468 2399 5502 ac
2430 5450 2792 5523 procellarum
2839 5462 2999 5523 (estus
3027 5450 3346 5523 appellatur.
3392 5450 3732 5523 Nicepliorus

2158 5469 2303 5501 mare
2338 5469 2399 5502 ac
2439 5469 2792 5518 ρνοεριιαηιηι
2839 5469 2999 5504 wstus
3027 5469 3058 5504 a
3130 5469 3346 5507 euamr.
3392 5469 3699 5523 mcepnoru

2157 5518 2209 5572 in
2252 5517 2618 5595 Synesinmp.
2650 5520 2805 5595 δῷ]
2849 5521 3016 5595 Βυθὸν
3051 5469 3416 5595 φασι-τὴν
3448 5522 3602 5592 ὓλην.
3636 5527 3705 5577 At

2154 5603 2261 5651 que
2288 5588 3209 5660 hinciBytliusiValentinianornm.
3242 5588 3448 5650 Vide'in
3495 5588 3731 5652 Chrono-

2158 5662 2378 5731 grapln’a
2407 5659 2623 5730 Goergii
2658 5659 2894 5734 Syncelli
2918 5676 2978 5734 p.
3008 5662 3099 5718 29.
3126 5660 3266 5720 Cor.
