3894 6208
262 292 371 354 eos

1404 299 1861 358 CLEMENTINA.
1900 331 1922 343 ν
1955 329 1971 343 -
2010 300 2293 357 HOMILIA
2328 300 2415 354 VI.

3410 311 3519 367 ευο

246 412 498 483 περίοδον
525 410 624 482 (7).
660 408 833 465 Αὐταὶ
862 411 917 465 δὲ
946 412 1000 466 αί
1038 414 1487 486 μεταμορφώσεις
1518 416 1564 447 ¹⁵
1590 418 1685 471 τοῦ
1711 436 1825 471 παν

1942 416 2148 473 hilum.
2171 415 2425 484 complet.
2474 414 2609 484 lpsre
2655 426 2838 472 autem
2873 419 3025 475 Jovis
3076 421 3279 492 ubique
3325 441 3520 496 perva-

244 504 381 572 ταχῆ
400 502 680 572 διήκοντος
699 503 821 567 Διὸς
848 506 905 557 αἱ
926 504 1121 557 πολλαὶ
1148 506 1477 559 νοείσθωσάν
1506 525 1589 561 σοι
1611 512 1831 581 τροπαὶ,

243 594 342 656 τὰς
372 593 430 645 δὲ
456 593 658 664 μυρίας
690 593 855 647 αὑτοῦ
893 596 935 627 ⁸³
966 599 1229 663 γυναῖκας
1268 598 1546 662 ἐνιαυτοὺς
1576 599 1610 670 ἢ
1643 601 1837 669 γενεάς

243 688 470 741 ἐπινόει.
514 688 635 740 Ἀπ’
668 686 832 740 αὑτοῦ
858 687 966 759 γὰρ
997 686 1093 740 τοῦ
1126 687 1394 761 αίθέροςὴ
1422 690 1768 762 διικνουμένη
1792 691 1836 722 ¹⁶

239 780 332 833 τὸν
374 781 419 813 ⁸⁷
466 779 604 851 ἀέρα
662 778 912 850 δύναμις,
958 779 1175 850 ἑκάστῳ
1235 781 1468 853 ἐνιαυτῷ
1527 783 1623 835 καὶ
1674 783 1837 853 γενεᾷ

242 867 710 933 συνουσιάζουσα,
762 867 1034 939 διαφόρως
1077 868 1239 923 αὑτὸν
1264 871 1477 942 τρέπει,
1516 871 1613 925 καὶ
1660 870 1835 939 οὕτως

239 960 410 1029 γεννᾷ
439 958 473 1029 ἦ
512 959 724 1030 φθείρει
756 958 826 1011 τά
856 958 1056 1029 ὡραῖα.
1088 960 1198 1013 Καὶ
1230 961 1421 1025 παῖδες
1459 962 1557 1033 μὲν
1587 962 1835 1033 λέγονται

238 1053 287 1102 oi
337 1051 496 1122 163
538 1052 731 1123 ὡραῖοι
782 1053 1006 1122 καρποὶ,
1041 1052 1097 1105 αἱ
1134 1050 1192 1105 δὲ
1243 1051 1380 1124 πρὸς
1422 1056 1548 1119 τοὺς
1593 1056 1837 1129 ἄφρονας

236 1139 436 1206 δείξεις
472 1140 515 1173 ιδ
540 1143 595 1193 ai
624 1143 742 1194 κατ’
774 1141 950 1205 ἐνίους
977 1145 1203 1215 καιροὺς
1228 1144 1517 1217 ἀκαρπίαι.

306 1230 401 1283 XI.
442 1231 629 1284 Ταῦτα
655 1231 750 1284 τοῦ
798 1231 1103 1296 Ἀππίωνος
1125 1233 1574 1306 ἀλληγοροῦντος,
1612 1236 1835 1304 σύννους

238 1324 313 1375 ὢν
340 1321 456 1391 ἐγὼ
488 1323 640 1388 ἔδοξα
671 1326 784 1388 τοῖς
814 1325 905 1377 ὑπ’
938 1324 1103 1377 αὑτοῦ
1126 1326 1441 1399 λεγομένοις
1483 1330 1557 1402 μὴ
1593 1346 1836 1403 παρακο-

238 1414 471 1467 λουθεῖν.
511 1414 604 1489 Διὸ
650 1415 691 1447 ¹⁹
726 1415 819 1468 τὸν
861 1415 1018 1484 λόγον
1050 1416 1291 1487 ἐγκύψας
1342 1418 1447 1490 ἔφη
1485 1436 1601 1491 μοι·
1645 1423 1710 1475 Ei
1758 1423 1833 1494 μὴ

234 1507 669 1578 παρακολουθεῖς
694 1502 776 1571 οἷς
797 1508 961 1576 λέγω,
979 1508 1031 1561 τί
1056 1509 1149 1561 καὶ
1173 1510 1272 1582 τὴν
1292 1510 1466 1583 ἀρχὴν
1484 1513 1830 1586 διαλέγομαι;

235 1601 417 1669 Κάγὼ
447 1602 830 1674 ἀπεκρινάμην
850 1620 863 1633 ο
900 1603 989 1673 Μή
1021 1620 1087 1673 με
1110 1603 1461 1675 ὑπολάμϐανε
1490 1608 1833 1679 ἀναισθήτως

233 1693 379 1763 ἔχειν
399 1693 507 1746 τῶν
530 1692 634 1746 ὑπὸ
661 1693 755 1747 σοῦ
782 1693 1106 1765 λεγομένων.
1129 1694 1277 1749 Πάνυ
1296 1696 1405 1769 γὰρ
1426 1698 1564 1752 αὑτά
1586 1700 1828 1771 συνίημι,

231 1784 329 1837 ἅτε
360 1786 427 1857 δὴ
459 1786 519 1839 οὑ
554 1786 768 1856 πρῶτον
800 1787 978 1842 αὐτῶν
1004 1789 1279 1863 ἀκηκοώς.
1326 1791 1444 1845 Ἵνα
1483 1792 1540 1845 δὲ
1570 1792 1713 1863 γνῷς
1742 1794 1823 1846 ὅτι

228 1876 333 1927 οὑκ
362 1875 544 1942 ἀγνοῶ
573 1876 641 1929 τά
674 1876 779 1929 ὑπὸ
801 1876 894 1930 σοῦ
929 1878 1216 1951 λεγόμενα,
1250 1880 1319 1935 τά
1350 1880 1450 1952 μέν
1484 1899 1567 1935 σοι
1598 1883 1829 1955 ρηθέντα

228 1968 621 2040 ἐπιτεμοῦμαι,
656 1970 766 2024 τῶν
812 1970 868 2023 δὲ
903 1973 1379 2044 παραλειφθέντων
1413 1992 1496 2028 σοι
1538 1978 1655 2029 κατ’
1694 1977 1826 2030 ἀκο-

226 2058 476 2123 λουθίαν,
508 2061 585 2124 ὡς
613 2063 743 2131 παρ’
792 2062 994 2132 ἐτέρων
1029 2065 1259 2135 ἤκουσα,
1303 2064 1684 2137 ἀποπληρώσω
1728 2068 1827 2132 τὰς

222 2149 585 2221 ἀλληγορίας.
614 2152 727 2205 Καὶ
756 2153 786 2206 ὁ
829 2150 1071 2207 Ἀππίων
1103 2154 1239 2226 ἐφη·
1276 2154 1511 2227 Ποίησον
1553 2156 1723 2222 οὑτως
1751 2159 1826 2223 ὡς

225 2240 431 2309 λέγεις.
900 2292 903 2295 .

302 2332 419 2386 XII.
452 2334 625 2404 Κάγὼ
659 2336 1071 2409 ἀπεκρινάμην·
1102 2338 1348 2410 Παρίημι
1381 2336 1475 2392 νῦν
1493 2339 1579 2391 ἐπ’
1600 2339 1823 2410 ἀκριϐὲς

1943 507 2126 562 dentis
2174 506 2691 564 transformationes
2735 512 2919 566 multa:
2964 528 2995 567 a
3043 521 3097 567 te
3150 515 3525 589 intelligantur

1939 606 2245 667 temporum
2269 598 2674 654 conversiones.
2708 599 2984 657 Plurimas
3010 619 3143 659 vero
3183 606 3331 664 illius
3361 610 3524 666 femi-

1938 703 2039 743 nas
2072 702 2248 743 annos
2280 689 2364 743 vel
2395 698 2582 745 aetates
2611 700 2823 761 reputa.
2861 692 2953 748 Vis
2974 696 3120 750 enim
3150 714 3273 768 qua:
3305 701 3375 755 ab
3404 704 3525 773 ipso

1938 778 2140 833 esthere
2168 793 2264 848 per
2292 795 2474 834 aerem
2506 781 2675 847 vadit,
2704 798 2827 836 cum
2853 784 3085 855 singulis
3116 790 3277 845 annis
3305 806 3370 847 ac
3393 804 3524 848 aeta-

1937 868 2086 923 tibus
2116 884 2409 940 congressa
2456 874 2605 928 varie
2647 874 2801 929 illum
2818 879 3105 943 convertit,
3138 880 3329 951 sicque
3351 884 3525 954 gignit

1937 968 2033 1015 aut
2063 964 2365 1034 corrumpit
2401 964 2606 1036 fruges.
2633 965 2822 1023 Et.ﬁlii
2871 970 3089 1039 quidem
3114 973 3372 1030 dicuntur
3395 977 3515 1030 fru-

1938 1064 2062 1111 ctus
2075 1058 2273 1112 maturi
2296 1076 2308 1112 :
2336 1060 2703 1128 apparitioues
2724 1072 2905 1117 autem
2932 1065 3000 1119 ad
3026 1067 3222 1123 stultos
3250 1080 3517 1125 vocantur

1936 1148 2301 1216 quorumdam
2336 1158 2641 1220 temporum
2682 1154 3016 1211 sterilitates.

2006 1236 2099 1291 XI.
2131 1236 2263 1303 Quae
2288 1255 2414 1294 cum
2455 1240 2673 1311 Appion
2720 1244 3013 1315 allegorice
3052 1258 3385 1317 exponeret,
3411 1267 3515 1322 ego

1937 1328 2338 1397 cogitabundus
2367 1330 2521 1387 visus
2575 1348 2695 1387 sum
2746 1332 2892 1388 dicta
2939 1336 3108 1392 ab-eo
3135 1355 3241 1393 non
3270 1344 3512 1410 assequi.

1934 1420 2202 1487 Quocirca
2216 1437 2524 1479 sermonem
2548 1424 2952 1495 interrumpens
2974 1429 3110 1484 dixit
3125 1432 3257 1485 mihi
3279 1452 3291 1486 :
3312 1432 3367 1486 Si
3392 1450 3515 1503 qua:

1933 1514 2129 1584 loquor
2156 1532 2263 1570 non
2286 1518 2620 1587 assequeris,
2647 1534 2748 1573 cur
2788 1531 2841 1575 et
2884 1525 3110 1577 omnino
3133 1524 3378 1580 dissero?
3405 1526 3511 1581 Re-

1934 1605 2127 1675 spondi
2156 1620 2256 1676 ego
2278 1624 2290 1659 :
2310 1606 2431 1661 Noli
2459 1609 2726 1677 suspicari
2759 1625 2845 1665 me
2867 1627 2973 1665 non
2988 1613 3264 1682 percipere
3289 1630 3512 1671 sensum

1934 1702 2227 1757 verborum
2252 1712 2495 1757 tuorum.
2539 1704 2707 1759 Plane
2748 1705 2896 1759 enim
2930 1720 2992 1760 ea
3025 1706 3290 1777 intelligo,
3326 1719 3386 1763 ut
3415 1710 3511 1779 qui

1856 1773 1902 1833 Β
1932 1808 2043 1849 non
2074 1808 2221 1849 nunc
2247 1795 2484 1863 primum
2509 1796 2801 1851 audierim.
2829 1796 2949 1863 Quo
2974 1807 3156 1851 autem
3183 1813 3509 1869 cognoscas,

1931 1899 2053 1953 quae
2078 1886 2294 1954 profers
2318 1903 2347 1941 a
2374 1902 2460 1941 me
2488 1902 2594 1941 non
2622 1887 2884 1958 ignorari,
2909 1904 3031 1956 qua:
3051 1888 3270 1957 quidem
3297 1891 3522 1954 dixisti...

1930 1972 1985 2027 in
2019 1976 2403 2045 compendium
2429 1976 2693 2045 redigam,
2725 1993 2847 2046 quae
2878 1992 3008 2031 vero
3030 1978 3286 2045 omisisti,
3316 1996 3507 2035 eorum

1927 2066 2140 2133 ordine,
2172 2076 2233 2121 ut
2259 2068 2329 2122 ab
2371 2068 2495 2123 aliis
2527 2070 2752 2138 accepi,
2784 2071 3047 2138 supplebo
3086 2072 3397 2141 allegorias.
3442 2073 3509 2127 Et

1924 2156 2142 2227 Appion
2181 2176 2195 2212 :
2221 2157 2351 2226 Fac,
2381 2159 2580 2229 inquit,
2614 2159 2691 2213 ita
2719 2169 2779 2214 ut
2803 2160 2960 2216 dicis.

1970 2330 2091 2387 ΧΠ.
2123 2330 2192 2387 Ει
2230 2345 2333 2402 ego
2356 2326 2575 2400 'subjeci
2614 2348 2629 2386 :
2665 2330 2935 2387 Praetereo
2961 2346 3106 2389 nunc
3130 2341 3385 2388 accurate
3409 2347 3500 2386 re-

224 2419 411 2490 λέγειν
443 2423 505 2475 τὸ
538 2424 602 2477 ἐκ
620 2423 718 2495 τῆς
745 2424 974 2496 ἀπείρου
1006 2423 1138 2496 ὕλης
1166 2428 1283 2479 κατ’
1306 2427 1351 2457 ²⁰
1375 2427 1660 2496 ἐπιτυχίαν
1689 2428 1825 2500 κρά-

1929 2438 2043 2479 erre
2066 2437 2231 2477 ovum
2258 2422 2585 2487 animatum,
2612 2438 2679 2477 ex
2713 2423 2927 2479 inﬁnita
2968 2425 3193 2481 materia
3230 2441 3327 2495 per
3364 2425 3500 2481 ade-

226 2530 371 2576 σεως
392 2513 702 2585 ἀποκυηθὲν
722 2514 963 2586 ἔμψυχον
984 2516 1111 2583 ὠὸν,
1132 2511 1192 2571 οὗ
1220 2518 1477 2589 ῥαγέντος
1500 2519 1643 2572 κατά
1671 2538 1822 2585 τινας

230 2602 611 2675 ἀρῤενὸθηλυς
676 2604 924 2678 ἐξέθορεν
991 2608 1188 2679 Φάνης.
1254 2609 1365 2661 Καὶ
1425 2608 1577 2662 πάντ’
1637 2610 1821 2664 ἐκεῖνα

224 2694 612 2766 ἐπιτέμνομαι,
645 2695 838 2767 μέχρις
869 2689 929 2750 οῦ
958 2695 1021 2749 τὸ
1046 2696 1210 2769 ῥαγὲν
1244 2698 1408 2762 κύτος
1431 2699 1529 2769 τὴν
1556 2698 1819 2771 ἁρμονίαν

223 2784 445 2849 ἔλαϐεν,
488 2785 909 2858 ὑπολειφθείσης
944 2787 1111 2842 αὑτοῦ
1164 2788 1471 2859 μυελώδους
1511 2788 1671 2860 ὓληςο
1723 2790 1820 2845 καὶ

220 2879 319 2931 τὸν
353 2879 513 2948 λόγον
542 2879 653 2934 τῶν
674 2880 765 2933 ὑπ’
793 2881 835 2913 ⁸⁸
870 2880 1041 2953 αὐτῆς
1068 2880 1278 2935 ἔνδοθεν
1300 2882 1604 2952 γενομένων
1634 2884 1819 2937 ἐπικε-

223 2967 476 3035 φαλαιῶν
508 2968 553 2999 ²’
597 2967 737 3040 μετά
780 2967 890 3022 τῶν
938 2968 1248 3022 ἀκολούθων
1296 2968 1595 3039 ἐπιτρέχω.
1634 2968 1819 3038 Ἐγεν-

220 3058 367 3131 νήθη
397 3059 525 3131 γὰρ,
559 3060 634 3124 ὡς
663 3059 862 3129 λέγεις,
913 3059 978 3114 ἐκ
1018 3058 1227 3131 Κρόνου
1262 3060 1354 3113 καὶ
1407 3059 1582 3125 Ῥέας,
1612 3061 1718 3114 ὑπό
1753 3078 1815 3115 τε

222 3153 425 3225 χρόνου
475 3153 571 3206 καὶ
612 3152 767 3223 ὕλης,
804 3153 874 3206 τά
920 3153 1017 3224 μὲν
1062 3152 1255 3225 πρῶτα
1301 3151 1573 3216 Πλούτων,
1601 3153 1677 3216 ὡς
1709 3156 1742 3223 ἡ
1772 3154 1817 3185 ’³

220 3244 380 3297 κάτω
413 3244 860 3317 παραχωρήσασα
881 3244 1209 3315 ὑποστάθμη
1231 3261 1245 3274 ⁸
1276 3244 1505 3315 δεύτερα
1537 3244 1594 3297 δέ
1626 3246 1817 3297 Ποσει-

219 3334 330 3399 δῶν
363 3332 587 3407 ἡμίσειά
617 3336 662 3368 ⁸⁵
685 3336 837 3389 ἐστιν
864 3335 1024 3409 166
1056 3336 1394 3409 ὑγράοὑσία
1440 3336 1817 3391 ἐπιπολάσασα

218 3429 289 3497 τῇ
326 3427 481 3481 κάτω
506 3427 773 3502 ὁλκοτάτῃ
802 3428 850 3459 ³⁸
882 3428 1062 3497 φύσει.
1102 3429 1167 3481 Ἣ
1198 3428 1255 3481 δὲ
1282 3428 1441 3499 τρίτη
1473 3428 1722 3500 ἀνωτάτη
1754 3446 1814 3481 τε

219 3518 321 3570 καὶ
353 3518 520 3591 αἰθὴρ
550 3514 706 3586 οὖσα,
738 3519 911 3591 ὅσπερ
942 3520 1062 3573 ἐστὶ
1112 3519 1268 3584 Ζεὺς,
1308 3521 1436 3590 ἥτις
1458 3519 1507 3551 ¹⁶
1540 3520 1602 3571 οὑ
1647 3536 1808 3572 κατε-

1902 2525 2049 2586 ptam
2074 2514 2524 2586 temperationem
2543 2516 2913 2587 progenitum,
2937 2532 3048 2587 quo
3073 2517 3323 2587 disrupto
3340 2518 3501 2587 juxta

1901 2604 2194 2661 nonnullos
2226 2603 2431 2659 exsiliit
2451 2602 2667 2659 Phanes
2692 2603 3189 2660 masculo-femina.
3214 2604 3287 2659 Et
3302 2614 3502 2660 cuncta

1917 2696 2012 2751 illa
2044 2694 2303 2765 przecido,
2334 2709 2512 2765 usque
2540 2694 2669 2749 dum
2708 2704 2867 2765 rupta
2906 2696 3079 2752 moles
3111 2696 3502 2753 cohaerentiam

1901 2788 2150 2861 accepit,
2205 2795 2524 2843 remanente
2578 2786 2726 2841 illius
2783 2786 3085 2844 medullosa
3137 2790 3388 2847 materia.
3434 2788 3503 2844 Et

1917 2895 2225 2938 sermonem
2254 2878 2321 2935 de
2347 2880 2416 2933 iis
2446 2894 2567 2949 quae
2592 2878 2741 2935 intus
2773 2879 2843 2934 ab
2872 2894 2935 2934 ea
2961 2878 3104 2935 facta
3143 2890 3273 2934 sunt
3298 2881 3500 2935 abbre-

1916 2975 2097 3040 vians,
2147 2988 2273 3028 cum
2314 2972 2778 3041 consequentibus
2818 2987 3100 3041 percurro.
3148 2970 3323 3027 Natus
3348 2974 3498 3028 enim

1920 3075 2024 3132 est,
2064 3075 2123 3119 ut
2144 3065 2304 3131 dicis,
2337 3079 2402 3119 ex
2436 3061 2674 3117 Saturno
2701 3072 2755 3117 et
2784 3063 2955 3130 Rhea,
3000 3063 3052 3116 id
3090 3072 3208 3130 est,
3249 3078 3316 3117 ex
3359 3076 3497 3119 tem-

1922 3171 2057 3227 pore
2086 3165 2140 3209 et
2193 3152 2447 3216 materia,
2501 3153 2679 3222 primo
2724 3152 2943 3221 quidem
2988 3151 3168 3219 Pluto,
3210 3154 3358 3208 velut
3394 3154 3496 3208 faex

1918 3263 2042 3319 qua:
2071 3244 2213 3301 infra
2238 3246 2464 3300 secessit
2490 3261 2505 3298 :
2533 3245 2775 3298 secundo
2801 3253 2984 3299 autem
3010 3243 3295 3313 Neptunus
3334 3247 3498 3301 dimi-

1916 3341 2007 3396 dia
2036 3347 2121 3394 est
2148 3337 2372 3393 humida
2400 3336 2730 3400 substantia,
2765 3335 3012 3391 inferiori
3046 3346 3259 3391 natura:
3289 3340 3495 3407 ponde-

1916 3431 2216 3485 rosissimaa
2233 3435 2617 3498 supernatans.
2638 3425 2823 3480 Tertia
2852 3444 2980 3482 vero
2997 3429 3211 3483 soboles
3235 3444 3492 3498 suprema

1911 3527 1994 3572 est
2023 3526 2187 3587 atque
2213 3517 2402 3584 aether,
2443 3518 2651 3574 scilicet
2686 3516 2916 3586 Jupiter,
2946 3532 3068 3586 quae
3096 3518 3354 3588 absorpta
3381 3536 3491 3574 non

1512 3655 1751 3711 VARIIE
1785 3653 2190 3710 LECTIONES.

305 3752 354 3821 ’ἒ
383 3748 903 3821 μεταμορφώσειςο,
936 3750 991 3803 in
1019 3757 1191 3821 textu,
1221 3747 1656 3821 μεταμορφώσης
1674 3748 1756 3821 al.
1775 3748 2020 3821 iuan._ad
2042 3762 2220 3821 oram.
2301 3746 2618 3821 {iubeam
2698 3748 2741 3821 ξε
2763 3747 3084 3821 διηνουμένη
3102 3748 3160 3802 Cl
3199 3758 3267 3821 iet
3289 3749 3327 3804 S
3357 3793 3370 3808 .
3390 3755 3485 3821 qui

306 3766 354 3783 ι’
383 3766 892 3821 μεταμορφωσειςυ
936 3766 991 3803 ιιι
1019 3766 1191 3813 ιθχῑιι,
1221 3766 1480 3872 μεταμοέι

218 3820 375 3890 conj.
404 3819 772 3942 διικνουμέἜ
800 3829 863 3874 ιιι
890 3820 1001 3884 jam
1029 3819 1387 3905 evulgaverat
1468 3862 1480 3873 .

228 3893 258 3942 ὅ
291 3891 362 3942 C.
476 3891 523 3921 ”
556 3889 699 3942 κατά
774 3930 786 3942 .
862 3889 906 3921 ’ί
936 3889 1065 3942 Letz.
1095 3887 1221 3942 fort.
1248 3889 1318 3940 ἐπ
1342 3928 1354 3941 .
1385 3886 1443 3942 S.

228 3893 258 3945 ὅ
291 3891 362 3945 C.
476 3891 523 3921 ³⁵
556 3889 699 3942 κατά
721 3889 786 3944 Ο.

218 3977 286 4015 ex
325 3958 663 4029 conjectura2
692 3960 981 4029 Ποσειδῶν,
1014 3950 1073 4022 ὃς
1112 3960 1147 4029 ἦ
1180 3975 1264 4029 τις
1284 3957 1337 4029 7C
1368 3998 1383 4020 ,
1420 3958 1693 4011 Ποσειδῶν
1738 3950 1795 4021 ὃς
1818 3974 1954 4027 ημις
2000 3956 2127 4029 (sic)
2162 3954 2210 4029 ρ
2240 3997 2254 4017 ,
2275 3950 2583 4029 Ποσειδῶν,
2610 3957 2756 4029 ὅστις
2785 3958 2897 4029 legi
2927 3959 3041 4029 vult
3066 3950 3130 4012 Ϊ).

1563 3820 1605 3853 1⁷
1629 3818 1696 3853 PIT

862 3864 863 3867 η
890 3820 1001 3884 jam
1029 3816 1387 3888 evulgaverat
1419 3816 1489 3873 C.
1563 3816 1738 3870 ’ττῶν
1773 3816 1837 3871 0.
1918 3818 1964 3849 ¹⁸
1992 3820 2013 3872 ὃ

862 3889 906 3921 ’ί
936 3889 1065 3955 Leg.
1095 3887 1221 3942 fort.
1248 3888 1354 3941 ἐπ’.
1385 3886 1443 3942 S.
1520 3890 1565 3919 ²²
1590 3890 1680 3941 ἐπὶ
1703 3887 2013 3956 κεφαλαίων

1918 3818 1964 3849 ¹⁸
1992 3818 2229 3941 ἄβέρενας
2254 3817 2442 3941 ’μίξεις
2481 3818 2746 3887 palmaria
2781 3828 2864 3871 est
2900 3817 3132 3886 conjctﬂ.
3184 3819 3265 3873 Ci.
3346 3817 3467 3876 ¹⁹’δι

1920 3888 2013 3940 ίων
2092 3929 2102 3939 .
2184 3888 2230 3917 ⁸³
2315 3888 2436 3940 add.
2463 3902 2511 3941 c.
2541 3886 2604 3941 0.
2680 3887 2726 3919 “
2752 3888 3017 3940 Ποσειδῶν
3045 3889 3266 3941 ἡμίσεια
3289 3892 3464 3941 scrins

2092 3929 2102 3939 .
2184 3888 2230 3917 "
2254 3886 2285 3956 ή
2315 3888 2436 3940 add.
2463 3886 2511 3941 (ἑ.
2541 3886 2604 3943 Ο.
2680 3887 2726 3919 ³⁵
2752 3888 3017 3940 Ποσειδῶν
3045 3889 3266 3959 ἡμίσεια
3289 3892 3487 3958 scripsi

2092 3956 2127 4015 ξ)
2165 3954 2210 4009 0
2240 3997 2254 4015 ,
2284 3957 2573 4015 Ποσειδῶν,
2610 3957 2756 4015 ὅστις
2785 3958 2886 4015 legi
2927 3959 3041 4010 vult
3066 3950 3130 4012 Ι).
3210 3961 3252 3999 ’³
3279 3960 3353 4013 Ita
3396 3962 3433 4015 S
3467 4013 3476 4015 μ

3462 4013 3480 4037 9

215 4025 696 4155 ἒὶῗὲιγὲάτῃὲἑτξέ
711 4025 1146 4155 (ξὲῐρὸιῖι-οιίνιιε
1169 4028 1455 4097 ὀλκότερος
1486 4028 1729 4084 occurrit
1752 4025 1902 4083 hom.
1930 4042 2009 4087 ix.
2042 4028 2131 4083 15.
2161 4026 2301 4081 Tum
2333 4025 2522 4098 ὥσπερ
2547 4027 2587 4081 G
2618 4067 2633 4092 ,
2662 4027 2797 4098 ὅπερ
2820 4028 2903 4081 vel
2937 4028 3109 4099 ὅσπερ
3141 4029 3255 4099 jam
3282 4025 3484 4102 prope-'-

219 4103 338 4156 suit
365 4100 425 4155 S.
480 4088 549 4131 ""
570 4088 691 4163 ητις
711 4099 836 4170 (sic)

1542 4186 1913 4244 VARIORUM
1945 4184 2179 4240 NOTAE.
3025 4234 3031 4245 ,

219 4295 308 4338 tus
336 4282 406 4335 ad
445 4290 591 4335 ortus
614 4281 859 4350 refertur.
882 4280 1127 4351 Quoloci
1150 4292 1279 4338 nota
1304 4282 1553 4337 connecti
1581 4283 1634 4336 in
1667 4298 1793 4337 ver-
1901 4281 2031 4351 περὶ
2062 4278 2171 4331 τῶν
2201 4278 2555 4351 ἀνθρωπίνων
2571 4277 2772 4351 ψυχῶν
2794 4276 3151 4351 αἰνίττεσθαι,
3182 4275 3251 4351 ἃς
3284 4294 3482 4351 παντο-

216 4355 380 4409 sione
406 4352 564 4407 binas
594 4352 875 4417 lectiones,
909 4350 1179 4416 ἀναπολάς
1202 4364 1257 4408 et
1272 4351 1554 4416 ἀνατολάς,
1584 4354 1792 4406 ἀναπο-

214 4397 334 4476 λεῖν
351 4397 422 4477 νει
467 4397 762 4490 ἀνατολεῖν,
801 4397 927 4476 θέω
961 4397 1190 4493 0τίςίὧέ
1205 4397 1397 4478 "ratio
1437 4397 1793 4493 posteriorem
1829 4397 1874 4452 D
1902 4438 2007 4493 νων
2039 4397 2189 4493 civit;
2209 4397 2464 4493 ῗτῇῗτφῷν
2495 4397 2756 4493 διαλέκτῳ
2786 4397 2863 4471 ἀπ

215 4492 498 4547 excludat.
535 4492 671 4546 Cor.

290 4562 368 4632 (7)
405 4564 506 4632 Ὃν
537 4562 635 4616 καί
676 4561 907 4627 Μίθραν
947 4561 1282 4632 ἐκάλεσαν,
1315 4562 1593 4617 ἐνιαυτοῦ
1642 4578 1794 4632 συμ-

214 4630 569 4702 πληροῦντα
610 4632 909 4699 περίοδον.
946 4630 1099 4686 Hanc
1137 4633 1192 4687 in
1228 4647 1343 4687 rem
1384 4633 1678 4702 singularis
1710 4630 1794 4687 est

214 4704 377 4757 locus
408 4699 722 4772 Hieronymi
749 4703 817 4756 ad
846 4712 1081 4772 caputm
1136 4702 1321 4757 Amosi
1355 4699 1649 4772 prophetae.
1676 4703 1789 4756 Ba-

213 4773 399 4828 silides
422 4770 828 4839 omnipotentem
860 4770 1026 4825 Deum
1054 4770 1586 4841 portentosog'narnine
1608 4773 1789 4839 appel-

212 4844 296 4896 [αὶ
326 4841 623 4922 Ἀϐραξας,
651 4850 702 4896 et
734 4841 970 4895 eumdem
1006 4840 1289 4922 secundum
1308 4840 1786 4922 Priscas‘liueras,

212 4922 267 4965 et
294 4911 462 4965 annui
491 4927 675 4965 cursus
702 4927 977 4964 numerum
1005 4911 1134 4965 dicit
1162 4913 1218 4965 in
1240 4911 1368 4965 solis
1395 4912 1592 4966 circulo
1622 4915 1792 4966 conti-

214 4982 331 5035 neri
354 4998 374 5036 :
401 4997 554 5051 quem
582 4983 779 5035 ethnici
810 4980 904 5033 sub
939 4982 1117 5035 eodem
1143 4998 1357 5036 numero
1392 4983 1625 5036 aliarum
1649 4982 1791 5036 litte-

212 5068 403 5123 rarum
430 5061 613 5105 vocant
635 5051 869 5123 Μίθραν,
907 5066 1001 5123 seu
1027 5053 1208 5120 potius
1229 5052 1494 5123 Μείθραν,
1524 5061 1619 5106 aut
1642 5052 1787 5123 quod

212 5123 309 5194 alii
338 5120 914 5194 ΙοευᾼηΑιΑ-Μήθρηνχιιι
944 5120 1088 5194 idem
1123 5120 1685 5194 numerusconstetzi
1708 5122 1790 5194 ui-

210 5189 419 5263 mirutﬁ
446 5191 572 5263 565,
598 5189 767 5263 quiin
812 5189 1190 5263 ᾊβραξας,ρι
1212 5192 1266 5245 in
1294 5192 1639 5263 Μείθραςίθο
1670 5192 1789 5263 Μή-

211 5262 352 5333 θρης
378 5259 671 5333 inv'eliitur.
725 5260 800 5316 De
848 5259 1045 5315 Mithra
1076 5261 1164 5315 alii
1195 5261 1366 5316 multa
1396 5259 1786 5333 subministra-

208 5330 369 5385 bunt.
404 5330 517 5400 Ego
547 5346 676 5385 vero
719 5333 983 5386 duntaxat
1023 5346 1325 5455 groponam
1363 5332 1540 5411 doctis
1576 5333 1786 5411 esami-

210 5402 398 5455 nanda
424 5402 587 5454 verba
616 5410 875 5455 corrupta
903 5411 955 5455 et
986 5417 1020 5455 ο
1061 5417 1221 5455 scura
1259 5400 1546 5455 Pornhvrii
1590 5400 1684 5453 lib.
1732 5416 1785 5453 ιν

210 5402 398 5472 nanda
424 5402 587 5454 verba
616 5410 875 5470 corrupta
903 5411 955 5455 et
986 5400 1221 5456 obscura
1259 5400 1546 5472 Porphyrii
1590 5400 1684 5472 lib.
1732 5416 1785 5453 ιν

206 5470 290 5523 De
328 5471 681 5537 abstinentia,
725 5486 845 5540 cap.
890 5472 985 5537 l6,
1027 5472 1119 5526 ubi
1161 5488 1229 5527 ex
1258 5470 1476 5526 Pallade
1522 5471 1786 5540 scriptore

206 5541 480 5613 rationem
516 5541 749 5613 reddens
779 5556 877 5594 cur
905 5540 1117 5613 Mithrze
1150 5543 1424 5613 mysteriis
1455 5539 1653 5613 initiati
1681 5556 1782 5613 no-

206 5612 806 5691 minibus_auimalium
832 5609 1252 5691 appellarentuj,
1279 5613 1402 5691 ait_:
1434 5610 1545 5691 Tini
1596 5609 1782 5691 κοινὴν

207 5680 400 5753 φορὰν
432 5680 660 5744 οἴεσθαι,
823 5679 959 5753 πρὸς
989 5683 1086 5753 τὴν
1131 5682 1224 5735 τοῦ
1273 5679 1537 5747 ζωδιακοῦ
1582 5679 1781 5753 κύκλου

204 5750 529 5803 ἀποτείνειν·
578 5753 677 5823 τὴν
724 5752 780 5805 δὲ
822 5750 1077 5822 ἀληθινὴν
1126 5753 1389 5823 ὑπόληψιν
1439 5753 1532 5805 καὶ
1580 5750 1779 5821 ἀκριϐῆ

1901 4346 2098 4412 δαποῖς
2132 4346 2728 4431 septem-gangrenam
2762 4348 2997 4431 λέγουσι.
3034 4347 3144 4431 Καὶ.
3176 4346 3284 4431 γὰρ
3316 4348 3482 4400 Λατί-

2901 4436 2959 4470 ου
2969 4435 3011 4479 ς,
3048 4417 3142 4487 καὶ
3170 4417 3475 4487 σκώπρους,

1904 4438 2007 4474 νων
2039 4436 2189 4482 τινας
2216 4436 2282 4488 τῃ
2316 4436 2464 4486 σφων
2495 4436 2756 4487 οιαλεκτῳ
2786 4436 2863 4471 απ
2901 4436 3011 4479 ους,
3048 4436 3142 4469 και
3170 4436 3475 4487 σκωπρους,

1904 4490 2202 4561 λασούρους
2244 4506 2303 4543 τε
2342 4489 2434 4541 καὶ
2470 4489 2761 4561 μερολύλους
2794 4436 3021 4561 κα-ςείν..
3048 4486 3210 4561 Quid,
3232 4488 3439 4561 amabo
3461 4530 3475 4551 ,

1895 4562 2001 4615 sibi
2045 4555 2238 4613 volunt
2287 4555 2480 4641 vo'ces,‘
2507 4555 2817 4641 σκώπρους,
2861 4555 3195 4641 λοισοιξρουςξί
3229 4555 3481 4641 Scrihen:

1892 4632 2097 4685 dumne
2122 4638 2205 4683 est
2230 4627 2516 4700 exptbjooo;
2553 4639 2605 4683 et
2627 4625 2843 4699 λάρους,
2875 4625 3479 4700 (ιιιοιίίουιιῇθριοίκιιιιῗ

1891 4710 1953 4755 ιιι
1984 4701 2221 4769 primum
2255 4695 2341 4769 sit
2364 4698 2621 4766 Scrophze
2649 4695 2973 4769 cognomen,
2998 4695 3477 4769 propI-iitm_i‘aliii-

1891 4765 2264 4826 lim-Romanae
2304 4765 2759 4828 Trcinelliorum,
2794 4768 2846 4821 in
2880 4765 3124 4819 Varrone
3160 4774 3213 4819 et
3260 4765 3475 4819 Macro-

1893 4842 2015 4907 bio;
2064 4840 2336 4910 posterius
2386 4836 3129 4910 vero,_przenouicn_Lartis.
3179 4833 3313 4910 Nam
3371 4835 3477 4889 Lar

1891 4905 2159 4965 llerininii
2205 4909 2483 4971 consulis,
2531 4906 2809 4961 Tolumuii
2860 4905 3165 4959 Veleutium
3201 4906 3368 4973 regis,
3417 4914 3473 4959 et

1890 4981 2184 5036 Porsennte
2206 4980 2348 5048 regis
2391 4976 2739 5048 Clusinorum
2772 4990 3081 5048 przenomen
3110 5015 3125 5039 ,
3157 4975 3359 5029 Graecis
3389 4986 3469 5048 esi

1892 5053 2068 5122 Λάρος
2098 5067 2111 5105 :
2137 5044 2588 5122 putaveruntque
2620 5044 2805 5122 forsan
2852 5044 3468 5122 Grzecorum_nounulli

1891 5114 2001 5175 non
2033 5114 2291 5175 mediocri
2318 5114 2524 5179 errore,
2556 5115 2746 5169 deduci
2780 5116 2883 5169 hoc
2911 5114 3063 5168 vocis
3093 5130 3123 5167 a
3188 5115 3303 5167 laro
3345 5129 3464 5169 ave.

1890 5189 2015 5245 Haec
2043 5191 2087 5244 si
2123 5205 2248 5243 vera
2281 5204 2390 5241 non
2423 5187 2781 5249 videbuntur,
2814 5186 2917 5238 alia
2957 5186 3188 5237 libenter
3225 5184 3466 5251 accipie-

1889 5276 2032 5315 mus.
2050 5258 2253 5317 .Bestat
2277 5269 2335 5312 ut
2365 5257 2617 5310 Latinam
2640 5255 3143 5323 interpretationem
3172 5255 3467 5323 subuecta-

1888 5346 2033 5385 mus.
2083 5328 2280 5397 Vulgus
2327 5322 2805 5397 existimare,ihoc
2853 5325 2921 5377 ad
2961 5325 3166 5377 zodiaci
3204 5322 3462 5376 circulum

1890 5400 2138 5469 respicere
2166 5396 2378 5469 {verant
2408 5406 2582 5469 tamen
2608 5396 2905 5469 opinionem
2926 5404 2974 5447 et
2993 5403 3301 5469 _accu_rat_a_m
3329 5409 3461 5469 esse,

1886 5461 2002 5539 quin
2024 5476 2190 5521 censet
2221 5467 2354 5520 illud
2384 5467 2446 5519 de
2478 5461 2757 5518 animabus
2787 5466 3030 5539 Immanis
3055 5464 3257 5539 aliquid
3280 5461 3465 5539 subin-

1886 5533 2081 5602 nuere,
2138 5554 2270 5605 quas
2322 5552 2470 5588 omne
2527 5552 2684 5604 genus
2746 5534 3052 5605 corporibus
3101 5533 3460 5605 circumdnias

1886 5600 2074 5662 aiunt.
2103 5600 2312 5660 Etenim
2350 5600 2566 5657 Latinos
2601 5604 2661 5673 (Γ.
2694 5600 2975 5673 Λατίνους)
3000 5604 3203 5672 aliquos
3228 5618 3323 5653 sua
3352 5600 3461 5673 {in--

1886 5696 1989 5748 gua
2020 5678 2187 5747 Apros
2212 5686 2259 5748 et
2291 5674 2529 5748 Scrofas,
2561 5668 2723 5730 Dares
2766 5676 2884 5745 (pro
2914 5668 3120 5744 Lartes)
3154 5683 3309 5741 atque
3347 5668 3461 5725 Μο-

1888 5745 2036 5803 rulas
2061 5745 2344 5817 appellare.
2376 5745 2451 5798 Ιο.
