3894 6208
418 370 516 429 !”
1242 372 1301 426 ὃ.
1342 370 1726 425 CLEMENTIS
1772 371 1793 424 Ι
1831 371 1995 425 ΒΟΜ.

2102 367 2235 423 )ΝΤ.
2273 366 2501 422 OPERA
2538 365 2764 423 DUBIA.
3578 366 3692 421 212

420 487 807 544 :emularentur
850 494 1024 559 gesta,
1061 500 1184 556 qua
1218 486 1393 556 pridie
1435 485 1713 541 disserens
1748 500 1859 540 non
1905 500 1995 539 oc-

2103 483 2347 555 πράξεις,
2383 482 2448 546 ἃς
2476 481 2866 552 ,διαλεγόμενος
2897 482 2965 552 τῇ
3000 478 3106 551 πρὸ
3132 477 3336 548 ταύτης
3368 477 3547 549 ἡμέρᾳ
3588 482 3692 533 οὐκ

419 580 593 648 cului,
622 578 937 649 parricidia,
964 578 1208 647 inquam,
1245 578 1541 632 liberorum
1565 578 1761 643 caedes,
1796 576 1994 646 impios

2102 576 2532 647 ἁπεκρυψάμην,
2555 574 2697 644 λέγω
2721 574 2777 626 δὲ
2798 572 3189 643 πατροφονίας,
3219 570 3590 633 τεκνοκτονίας
3618 571 3689 632 ⁸⁸,

420 686 547 726 eum
586 670 877 736 matribus,
914 668 1151 736 liliabus,
1201 667 1484 722 sororibus
1526 667 1870 734 concubitus,
1910 667 1994 720 in-

2102 667 2277 737 μίξεις
2309 660 2528 737 ἀσεϐεῖς
2564 667 2833 738 μητέρων,
2880 664 3213 735 Θυγατέρων,
3259 662 3520 731 ἀδελφῶν,
3570 681 3695 731 μοι-

418 762 584 834 digna
632 762 928 825 adulteria,
972 760 1339 815 masculorum
1393 759 1587 826 initus,
1642 767 1696 813 et
1747 759 1993 828 impuras

2102 757 2251 828 χείας
2289 776 2349 811 τε
2383 758 2425 790 ⁵⁷
2469 759 2735 831 ἀπρεπεῖς
2788 759 2881 811 καὶ¹
2919 753 3305 829 ἀρρενομιξίας
3342 755 3435 805 καὶ
3484 755 3690 825 μιαρὰς

418 853 791 924 nefandasque
841 852 1115 918 libidines,
1151 866 1275 906 cum
1334 850 1635 905 innumeris
1679 851 1802 905 aliis
1848 850 1993 920 ejus-

418 944 693 1000 demmodi
725 944 929 998 illicitis
971 941 1467 997 commistionibus.
1510 940 1654 997 Inter
1704 956 1845 1011 quos
1887 943 1991 997 ho-

418 1036 595 1091 mines
630 1036 869 1089 maxime
918 1032 1074 1103 impii
1128 1041 1279 1097 sunt,
1325 1032 1419 1101 qui
1465 1032 1579 1086 haec
1620 1030 1860 1086 facinora
1896 1047 1993 1086 cu-

416 1126 575 1195 piunt
620 1125 784 1179 videri
826 1139 973 1187 vera,
1028 1138 1138 1193 quo
1183 1121 1383 1177 similia
1418 1119 1679 1176 facientes
1715 1137 1823 1175 non
1867 1136 1994 1175 eru-

414 1222 661 1275 bescant.
704 1218 775 1271 At
816 1217 861 1271 si
901 1218 986 1287 pie
1014 1231 1174 1287 agere
1213 1217 1533 1283 voluissent,
1564 1216 1825 1285 oportuit,
1852 1215 1994 1270 sicut

416 1311 579 1365 modo
609 1309 741 1375 dixi,
774 1316 853 1375 ut,
894 1308 1097 1363 ctsidii
1141 1322 1269 1363 vere
1305 1306 1654 1362 admisissent
1687 1305 1754 1360 de
1793 1306 1861 1361 iis
1898 1307 1993 1362 de-

414 1413 628 1459 cantata
643 1401 1101 1472 ﬂagitia,propter
1130 1400 1488 1455 reverentiam
1512 1413 1637 1469 erga
1670 1398 1803 1452 deos
1834 1398 1991 1452 obte-

415 1502 604 1565 gerent
633 1509 722 1548 res
766 1493 1087 1549 inbonestas
1118 1491 1318 1547 fabulis
1347 1490 1675 1561 quibusdam
1717 1490 1993 1545 decentio-

412 1587 586 1651 ribus,
631 1594 686 1639 et
724 1600 834 1639 non
885 1600 915 1643 e
982 1583 1280 1650 contrario,
1330 1581 1792 1651 quemadmodum
1840 1581 1988 1648 aitis,

413 1680 576 1734 bonis
606 1692 794 1732 eorum
823 1676 1082 1746 operibus
1124 1673 1295 1728 malas
1334 1681 1388 1727 et
1424 1682 1609 1741 turpes
1640 1672 1993 1726 admoverent

415 1769 623 1823 formas
651 1784 772 1837 quae
818 1769 980 1822 etiam
1011 1764 1297 1837 allegorice
1333 1764 1614 1834 explicatae
1642 1762 1812 1817 multo
1860 1777 1987 1817 cum

415 1860 603 1915 labore
634 1860 723 1912 vix
765 1866 993 1929 possunt
1024 1856 1248 1927 intelligi
1276 1875 1288 1910 :
1322 1864 1375 1910 et
1406 1854 1626 1924 quando
1650 1868 1681 1907 a
1711 1854 1991 1909 nonnullis

416 1951 635 2004 fuerunt
669 1949 963 2013 intellecta,
998 1948 1104 2001 illis
1133 1947 1352 2016 quidem
1379 1960 1479 2014 pro
1510 1958 1707 2013 magna
1739 1942 1990 1997 molestia

414 2045 762 2114 przebuerunt
800 2056 907 2095 non
944 2054 1151 2107 errare,
1201 2053 1324 2093 cum
1371 2035 1618 2091 licuisset
1660 2034 1909 2088 molestia
1938 2042 1993 2087 et

416 2131 614 2185 labore‘
634 2145 740 2183 non
774 2128 975 2197 premi;
1009 2142 1103 2182 eos
1142 2142 1272 2181 vero
1304 2126 1398 2196 qui
1435 2126 1781 2190 aberrarunt,
1811 2122 1993 2177 fundi-

414 2229 506 2273 tus
529 2217 897 2287 perdiderunt.
943 2216 1131 2271 Laudo
1170 2218 1354 2289 itaque
1391 2217 1531 2283 illos,
1568 2215 1660 2285 qui
1689 2214 1899 2269 fabulas
1924 2215 1992 2270 ad

416 2311 761 2365 honestiores
792 2310 1015 2364 trahunt
1061 2309 1370 2378 allegorias,
1411 2318 1469 2362 ut
1506 2306 1600 2377 qui
1636 2321 1701 2361 ex
1727 2304 1877 2360 Jovis
1901 2321 1994 2361 ea-

414 2402 527 2471 pite
574 2398 924 2470 prudentiam
978 2399 1283 2468 prosiliisse
1332 2398 1588 2451 innuuut.
1644 2396 1802 2450 Certe
1859 2396 1989 2451 illud

414 2493 550 2547 mihi
574 2492 790 2547 videtur
811 2492 1171 2562 probabilius,
1203 2491 1423 2546 inventa
1450 2504 1571 2545 esse
1594 2490 1992 2544 contumeliosa

416 2584 533 2638 haec
563 2584 631 2640 ab
659 2583 925 2653 improbis
957 2583 1296 2648 hominibus,
1325 2581 1421 2652 qui
1448 2582 1712 2635 honorem
1747 2580 1992 2635 divinum

416 2679 784 2734 abstulerunt.

487 2767 633 2824 XIX.
673 2768 846 2822 Porro
861 2768 1106 2823 omnium
1132 2767 1360 2823 deorum
1382 2782 1493 2822 non
1524 2766 1834 2822 invenimus
1859 2781 1994 2838 poe-

417 2861 581 2915 ticam
614 2860 928 2931 allegoriam
967 2874 1088 2915 esse
1132 2867 1577 2929 consequentem.
1629 2857 1823 2912 Statim
1866 2872 1996 2928 ergo

418 2953 475 3006 in
509 2952 697 3006 mundi
734 2951 1094 3020 dispositione
1135 2959 1311 3020 poeta
1344 2951 1639 3021 aliquando
1670 2951 1860 3005 dicunt
1899 2966 1998 3005 na-

419 3052 623 3111 turam,
671 3042 967 3113 aliquando
1016 3051 1253 3097 mentem
1302 3042 1496 3097 ducem
1525 3042 1800 3097 exstitisse
1828 3041 1998 3096 totius

2097 851 2523 924 ἀρρητουργίας,
2560 850 2695 922 πρὸς
2722 849 2909 911 ἄλλαις
2948 847 3167 920 μυρίαις
3194 844 3470 907 τοιαύταις
3493 844 3686 915 ἀθεμί-

2094 960 2209 1006 τοις
2246 942 2454 1013 μίξεσιν
2516 942 2583 974 ⁸⁸⁶
2632 935 2706 996 ὦν
2754 940 3104 994 ἀσεϐέστατοι
3137 937 3181 969 ⁸³
3224 939 3273 990 οἱ
3308 936 3477 991 ταῦτα
3512 937 3689 1009 ἀληθῆ

2094 1032 2269 1088 δοκεῖν
2294 1029 2430 1090 εἶναι
2464 1034 2726 1098 θέλοντες,
2763 1034 2851 1086 ἵνα
2894 1031 2961 1084 τά
2994 1032 3153 1101 ὅμοια
3181 1028 3459 1090 ποιοῦντες
3495 1028 3569 1099 μ
3603 1030 3688 1080 αἱ-

2094 1125 2291 1179 δῶνται
2324 1126 2389 1179 ³ο.
2437 1127 2609 1197 Οἴπερ
2642 1127 2756 1193 εῖγε
2788 1124 3027 1178 εὐσεϐεῖν
3058 1121 3357 1186 ἐϐούλοντο,
3392 1123 3557 1194 ἐχρῆν
3588 1123 3688 1174 αύ-

2093 1218 2241 1281 τούς,
2296 1217 2434 1287 ὅπερ
2486 1218 2691 1288 ἀρτίως
2740 1212 2913 1281 εἷπον,
2958 1216 3007 1267 εἰ
3040 1214 3133 1267 καὶ
3164 1213 3332 1277 ὅντως
3381 1215 3431 1266 oi
3470 1212 3581 1264 θεοί
3613 1211 3683 1263 τὰ

2095 1309 2225 1379 περὶ
2259 1309 2437 1362 αὐτῶν
2470 1307 3096 1381 ἀδόμεναβιεπράξαντο
3142 1306 3307 1371 κακὰ,
3355 1308 3488 1376 τιμῇ
3521 1308 3589 1375 τῇ
3633 1304 3682 1334 ’ί

2099 1402 2259 1471 168
2318 1402 2455 1472 πρὸς
2515 1400 2669 1464 θεοὺς
2717 1400 3175 1472 εὐπρεπεστέροις
3223 1398 3332 1450 τισὶ
3378 1396 3567 1468 μύθοις
3611 1396 3683 1450 τά

2093 1495 2302 1563 ἄσεμνα
2330 1494 2375 1525 ⁸²
2410 1494 2750 1558 ὲπισκέπειν,
2776 1494 2870 1548 καὶ
2911 1492 2986 1564 μὴ
3015 1491 3343 1555 τούναντίον,
3391 1489 3465 1550 ὣς
3516 1507 3676 1557 φατε,

2094 1584 2274 1639 καλῶν
2306 1586 2490 1648 αὐτοῖς
2535 1585 2783 1656 πράξεων
2822 1583 3198 1654 γεγενημένων
3244 1580 3388 1634 κακά
3427 1582 3519 1632 καὶ
3551 1581 3677 1633 ἄσε-
3728 1642 3729 1647 η

2097 1694 2202 1747 μνα
2230 1676 2575 1748 περιϐάλλειν
2612 1677 2883 1747 σχήματα,
2920 1675 2955 1729 ἆ
2984 1692 3103 1727 τινα
3136 1676 3229 1728 καὶ
3261 1674 3306 1706 ³³
3347 1672 3677 1743 ἀλληγορού-

2097 1786 2233 1838 μενα
2261 1770 2354 1823 καὶ
2386 1769 2473 1823 διὰ
2512 1770 2773 1839 καμάτων
2811 1764 2967 1839 μόγις
3015 1768 3268 1839 νοηθῆναι
3304 1766 3545 1818 δύναται·
3582 1766 3679 1818 καὶ

2095 1862 2221 1913 ὅταν
2274 1861 2440 1932 νοηθῇ
2499 1878 2661 1924 τισιν,
2720 1861 2947 1922 ἐκείνοις
3009 1859 3107 1929 μὲν
3162 1859 3282 1912 ἀντὶ
3343 1856 3435 1910 τοῦ
3480 1855 3679 1909 πολλοῦ

2098 1952 2297 2024 μόχθου
2334 1953 2606 2024 παρέσχον
2640 1953 2700 2005 τὸ
2736 1952 2809 2024 μὴ
2850 1950 3207 2022 πλανηθῆναι,
3246 1948 3364 2017 ἐξὸν
3409 1948 3465 2001 δὲ
3511 1948 3557 1980 ³⁴
3605 1948 3681 2018 μὴ

2096 2044 2381 2117 μοχθῆσαι,
2432 2046 2558 2109 τοὺς
2620 2045 2675 2099 δὲ
2724 2043 3093 2117 πλανηθέντας
3140 2041 3306 2113 ἄρδην
3362 2041 3669 2095 ἀπώλεσαν.

2095 2136 2240 2222 mh?
2262 2137 2387 2199 τοὺς
2418 2137 2498 2199 είς
2526 2136 2589 2189 τδ
2634 2136 2959 2207 σεμνότερον
2988 2134 3417 2206 ἀλληγοροῦντας
3448 2134 3614 2197 αὐτάς
3634 2135 3681 2165 ⁸⁸

2094 2228 2447 2299 ἀποδέχομαι,
2482 2227 2669 2300 ὥσπερ
2702 2229 2828 2290 τοὺς
2861 2229 2925 2279 ὲκ
2965 2227 3064 2296 τῆς
3104 2226 3224 2289 Διὸς
3262 2225 3503 2295 κεφαλῆς
3544 2226 3686 2277 αἰνι-

2094 2319 2358 2390 ξαμένους
2387 2320 2727 2391 ἀναπηδῆσαι
2756 2318 2853 2389 τὴν
2897 2318 3177 2389 φρόνησιν.
3216 2318 3377 2379 Ἴσως
3420 2316 3477 2368 δὲ
3509 2316 3687 2368 ἐκεῖνὸ

2097 2430 2187 2483 μοι
2222 2410 2611 2483 πιθανώτερον,
2650 2411 2731 2463 ὅτι
2776 2410 2883 2462 ὑπὸ
2920 2411 2965 2440 ⁸⁸⁵
3000 2407 3287 2479 μοχθηρῶν
3337 2407 3563 2479 ἀνδρῶν,
3599 2407 3686 2460 δό-

2095 2502 2190 2567 ξαν
2229 2502 2364 2557 θεῶν
2409 2502 2884 2575 ἀπενεγκαμένων,
2907 2500 3515 2571 ἐκεῖναιηὲτολμήθησαν
3548 2501 3592 2531 ⁵⁷
3624 2501 3686 2554 ατ

2100 2594 2305 2668 ὕϐρεις.

2167 2771 2311 2827 XIX.
2367 2772 2645 2827 Ἀπάντων
2676 2772 2732 2825 δὲ
2764 2771 2872 2825 τῶν
2906 2770 3043 2825 θεῶν
3074 2771 3174 2843 τὴν
3204 2770 3493 2840 ποιητικὴν
3517 2769 3689 2840 ἀλληη

2096 2867 2286 2940 γορίαν
2318 2867 2421 2921 οὐκ
2462 2865 2753 2921 ἀκόλουθον
2794 2865 3139 2937 εὑρίσκομεν.
3186 2862 3391 2915 Αὐτίκα
3421 2861 3551 2930 γοῦν
3596 2862 3689 2915 ἐπὶ

2096 2962 2195 3032 τῆς
2224 2960 2633 3031 διακοσμήσεως
2674 2958 2780 3011 τῶν
2825 2956 2961 3010 ὅλων
2994 2955 3123 3009 ποτὲ
3162 2954 3259 3024 μὲν
3293 2952 3451 3023 φύσιν
3498 2949 3687 3021 λέγου-

2100 3072 2184 3110 σιν
2218 3053 2457 3125 ποιηταὶ,
2502 3050 2632 3104 ποτὲ
2682 3050 2737 3103 δὲ
2767 3048 2889 3102 νοῦν
2922 3048 2967 3080 ⁸⁸
2998 3046 3241 3118 ἀρχηγὸν
3287 3043 3540 3113 γενέσθαι
3584 3044 3691 3114 τῆς

420 3137 647 3207 Opiﬁcii.
684 3134 897 3191 Etenim
930 3150 997 3191 ex
1030 3144 1223 3191 natura
1254 3135 1486 3207 primam
1518 3146 1695 3191 ortam
1731 3150 1852 3192 esse
1884 3135 1995 3192 ele-

2102 3148 2227 3219 ὄλης
2267 3145 2643 3218 δημιουργίας.
2718 3143 2813 3196 Ἐκ
2860 3141 3074 3211 φύσεως
3114 3140 3209 3209 μὲν
3249 3138 3356 3211 γὰρ
3395 3136 3502 3188 τῶν
3544 3153 3689 3188 στοι-

422 3238 732 3284 mentorum
782 3230 1077 3283 motionem
1126 3245 1191 3284 ac
1233 3230 1711 3296 commistionem,
1783 3239 1838 3283 at
1904 3244 1995 3298 per

2102 3241 2261 3312 χείων
2304 3240 2404 3311 τὴν
2438 3237 2660 3309 πρώτην
2693 3235 2906 3305 κίνησιν
2939 3234 3032 3288 καὶ
3079 3230 3340 3301 σύμμιξιν
3382 3228 3684 3297 γεγονέναι,

419 3322 622 3377 mentis
655 3322 1055 3391 providentiam
1086 3321 1406 3390 dispositam
1443 3320 1633 3376 fuisse.
1680 3319 1746 3375 Et
1777 3321 1996 3390 quidem

422 3414 523 3479 illi,
555 3413 890 3468 afﬁrmantes
927 3412 1115 3467 orbem
1149 3427 1180 3465 a
1209 3421 1406 3465 natura
1436 3410 1738 3475 conditum,
1773 3426 1897 3465 cum
1941 3409 1997 3464 id

422 3512 697 3576 nequeant
751 3511 902 3561 certo
950 3502 1326 3557 demonstrare
1376 3510 1596 3571 pr0pter
1646 3500 1998 3555 artiﬁciosum

422 3598 613 3653 mundi
656 3612 816 3668 opus,
869 3596 1151 3651 innectunt
1206 3608 1425 3663 quoque
1465 3593 1663 3648 mentis
1711 3592 2003 3662 providen-

423 3692 579 3755 tiam,
621 3696 767 3743 utet
821 3702 916 3743 eos
945 3686 1040 3755 qui
1088 3685 1314 3741 omnino
1356 3684 1577 3753 sapiunt
1608 3685 1822 3755 possint
1855 3685 2002 3738 abri-

424 3794 573 3847 pere.
630 3775 743 3830 Nos
777 3783 957 3828 aulem
1000 3774 1069 3828 ad
1122 3775 1245 3828 illos
1292 3774 1570 3829 dicimus:
1609 3774 1667 3827 Si
1708 3776 2000 3829 mundusa

424 3876 619 3920 natura
650 3864 877 3919 fortuito
901 3872 1157 3935 operante
1197 3865 1373 3918 factus
1425 3875 1528 3931 est,
1573 3867 1848 3934 quomodo
1884 3867 1999 3935 jam

424 3956 833 4025 proportionem
864 3971 926 4011 ac
976 3957 1223 4011 ordinem
1273 3958 1505 4024 accepit,
1546 3973 1669 4013 cum
1708 3958 1760 4011 id
1804 3975 1833 4012 a
1885 3960 2000 4012 sola

424 4044 724 4098 excellente
750 4046 1036 4113 prudentia
1069 4046 1187 4098 ﬁeri
1221 4055 1403 4115 queat,
1428 4055 1589 4117 atque
1614 4050 2000 4118 comprehendi

426 4154 455 4189 a
497 4137 611 4191 sola
642 4137 871 4192 scientia
897 4138 1012 4192 haec
1033 4154 1357 4207 pernoscere
1378 4155 1439 4194 ac
1465 4141 1725 4209 perlicere
1753 4140 2003 4195 valente?

427 4228 583 4293 Quod
625 4228 671 4281 si
711 4228 967 4283 universa
999 4245 1029 4283 a
1072 4231 1359 4299 prudentia
1407 4240 1736 4300 acceperunt
1776 4247 2001 4301 compa-

428 4335 547 4388 gem
573 4326 628 4372 et
649 4318 1087 4389 dispositionem,
1112 4320 1259 4390 quod
1284 4322 1599 4376 necessario
1630 4322 1787 4376 aliter
1811 4338 1869 4378 se
1903 4324 2001 4378 ba-

428 4408 556 4461 bere
580 4422 688 4461 non
721 4408 922 4477 potuit,
952 4424 1061 4479 quo
1105 4420 1264 4478 pacto
1294 4411 1475 4466 adhuc
1500 4412 1761 4481 possibile
1792 4412 1917 4482 fuit,
1941 4422 2002 4469 ut

429 4500 545 4553 [nec
572 4516 705 4556 casu
735 4500 848 4555 fieri
880 4502 1258 4571 contingeret?

2102 3333 2208 3387 ὑπὸ
2239 3332 2295 3385 δὲ
2326 3333 2425 3403 τῆς
2447 3330 2543 3384 τοῦ
2570 3328 2661 3384 νοῦ
2691 3327 2948 3400 προνοίας
2980 3322 3441 3395 διακεκοσμῆσθαι
3474 3322 3541 3373 ⁵³.
3576 3322 3690 3374 Καὶ

2100 3425 2511 3496 ἀποφηνάμενοι
2545 3422 2643 3493 μὲν
2680 3422 2729 3474 oi
2766 3422 2861 3492 μὲν
2901 3420 2946 3452 ⁶⁰
2990 3418 3147 3488 φύσει
3190 3416 3687 3487 δεδημιουργῆσθαι

2099 3520 2162 3573 τὸ
2189 3520 2316 3583 πᾶν,
2349 3516 2423 3588 μὴ
2449 3516 2735 3586 δυνάμενοι
2763 3514 2820 3567 δὲ
2846 3511 2889 3545 ⁸³
2910 3510 3295 3581 ἀνεπιλήπτως
3307 3508 3462 3562 τοῦτο
3474 3509 3690 3561 ἀποδει-

2101 3611 2291 3665 κνύναι
2322 3609 2409 3663 διὰ
2434 3609 2495 3663 τὸ
2522 3608 2621 3679 τῆς
2652 3604 3011 3677 δημιουργίας
3049 3603 3317 3672 ἔντεχνον,
3364 3602 3691 3673 παρεμπλε-

2101 3720 2256 3757 κουσι
2303 3700 2463 3771 169
2492 3698 2701 3752 καὶτοῦ
2734 3697 2825 3750 νοῦ
2853 3698 2952 3767 τὴν
2985 3695 3262 3765 πρόνοιαν,
3297 3695 3372 3757 ὡς
3403 3696 3686 3765 συναρπά-

2104 3811 2193 3846 σαι
2226 3793 2321 3846 καὶ
2351 3794 2477 3854 τοὺς
2510 3790 2652 3845 πάνυ
2689 3790 2886 3858 σοφοὺς
2921 3787 3227 3857 δυνάμενοι.
3273 3787 3463 3857 Ἡμεῖς
3491 3786 3547 3839 δέ
3583 3806 3688 3854 φα-

2106 3902 2205 3955 μεν
2255 3884 2391 3955 πρὸς
2439 3882 2656 3944 αὐτούς’
2699 3881 2764 3935 Εἰ
2797 3880 2894 3951 μὲν
2948 3878 3006 3945 ἐξ
3057 3878 3369 3948 αὐτομάτου
3413 3878 3629 3946 φύσεως
3659 3882 3689 3931 ὁ

2103 3976 2304 4047 κόσμος
2336 3975 2578 4044 γέγονεν,
2612 3972 2728 4035 πῶς
2769 3971 2848 4024 ἔτι
2883 3970 3171 4039 ἀναλογίαν
3213 3971 3308 4022 καὶ
3350 3967 3502 4033 τάξιν
3536 3970 3687 4039 εἰλη-

2104 4086 2222 4138 φεν,
2259 4068 2401 4138 ἆπερ
2431 4066 2536 4120 ὑπὸ
2565 4064 2730 4136 μόνης
2760 4062 3205 4135 ὑπερϐαλλούσης
3238 4063 3552 4141 φρονήσεως
3590 4078 3685 4129 γε-

2101 4162 2284 4215 νέσθαι
2309 4159 2531 4215 δυνατόν
2587 4160 2723 4223 ἐστι,
2768 4158 2860 4210 καὶ
2892 4156 3301 4227 καταληφθῆναι
3330 4154 3435 4208 ὑπὸ
3463 4155 3687 4223 ἐπιστή-

2105 4272 2212 4324 μης
2257 4254 2355 4324 τῆς
2400 4252 2567 4323 μόνης
2596 4249 2768 4304 ταῦτα
2821 4248 3080 4320 ἀκριϐοῦν
3124 4248 3459 4317 δυναμένης;
3509 4247 3571 4298 Εἰ
3629 4246 3687 4301 δὲ

2102 4347 2359 4418 φρονήσει
2389 4343 2460 4398 τὰ
2490 4343 2667 4397 πάντα
2697 4341 2795 4412 τὴν
2845 4340 3147 4411 σύγκρασιν
3190 4339 3284 4393 καὶ
3329 4338 3687 4408 διακόσμησιν

2104 4439 2343 4510 εἴληφεν,
2391 4438 2528 4508 ὅπερ
2573 4435 2785 4504 ἀνάγκη
2821 4434 2893 4505 μὴ
2928 4432 3100 4496 ἄλλως
3157 4432 3318 4501 ἔχειν,
3368 4430 3484 4492 πῶς
3512 4430 3591 4482 ἔτι
3624 4432 3690 4483 ὲκ

2026 4529 2074 4584 D
2107 4533 2200 4588 τοῦ
2224 4530 2529 4601 αὐτομάτου
2567 4527 2836 4599 συμϐῆναι
2868 4526 3039 4581 ταῦτα
3070 4525 3321 4593 γενέσθαι
3342 4524 3559 4576 δυνατὸν
3583 4519 3650 4593 ἦν
3670 4565 3688 4589 ,

2181 4645 2299 4701 XX.
2331 4645 2395 4699 Οἱ
2432 4643 2612 4695 τοίνυν
2641 4640 2709 4693 τὰ
2752 4639 2869 4692 θεῖα
2909 4637 3002 4691 ἐπὶ
3030 4637 3089 4691 τὸ
3130 4637 3351 4707 αἰσχρὸν
3386 4634 3691 4705 ἀλληγορῆ-

2112 4756 2204 4791 σαι
2227 4738 2270 4769 ⁸³
2309 4734 2653 4806 θελήσαντες,
2681 4729 2791 4783 οἷον
2826 4730 2924 4800 τὴν
2966 4730 3141 4799 Μῆτιν
3183 4728 3555 4799 καταποθῆναι
3584 4727 3693 4779 ὑπὸ

433 4832 698 4891 sorptam,
727 4821 762 4873 ii
797 4821 851 4874 in
903 4824 1185 4891 angustias
1238 4825 1568 4895 inciderunt,
1602 4830 1777 4899 ignari
1823 4832 1995 4900 quod,

2111 4830 2253 4895 Διὸς,
2286 4829 2365 4890 εἰς
2404 4825 2640 4896 ἀπορίαν
2684 4818 3133 4892 ἐμπεπτώκασιν,
3166 4819 3227 4872 ού
3280 4820 3571 4881 συνιέντες,
3607 4819 3692 4869 ὅτι

434 4915 529 4983 qui
553 4914 621 4969 de
640 4914 738 4968 diis
768 4928 833 4967 ex
876 4912 1098 4984 obliquo
1125 4916 1398 4987 [physicas
1445 4922 1792 4989 protulerunt
1824 4923 1995 4979 inter-

2113 4922 2162 4973 οἱ
2192 4917 2436 4987 πλαγίως
2466 4912 2958 4984 φυσιολογήσαντες
2988 4910 3113 4981 περὶ
3150 4908 3288 4962 θεῶν
3326 4909 3418 4963 καὶ
3444 4908 3506 4961 τὸ
3549 4905 3693 4961 εἶναι

436 5005 792 5075 pretationes,
834 5006 1063 5063 deorum
1110 5025 1331 5080 quoque
1375 5012 1619 5081 ipsorum
1663 5015 1995 5069 existentiam

2116 5000 2672 5081 θεοὺςάνῃρήκασιν,
2699 5004 2767 5060 τὰ
2800 5004 2912 5075 εἴδη
2962 5002 3141 5058 αὐτῶν
3186 5002 3274 5055 διὰ
3314 5003 3414 5073 τῆς
3455 5002 3689 5071 ἀλληγο-

1748 5149 1987 5203 VARI/E
2024 5146 2425 5203 LECTIONES.

514 5236 557 5272 ⁸⁸
578 5256 768 5292 τεκτον
795 5240 920 5309 (sic)
949 5244 1327 5305 τεκνοκτονίας
1349 5240 1413 5303 0,
1442 5242 1623 5309 priore
1654 5258 1786 5297 voce
1807 5245 2117 5298 subnotata.
2222 5242 2267 5278 δ’
2294 5258 2353 5293 τε
2378 5236 2581 5293 inserui
2609 5254 2659 5291 c.
2690 5234 2755 5309 ρ.
2795 5232 3437 5309 Τιξῐημάρῤενρμξξεις-βι
3493 5302 3505 5309 _
3538 5232 3587 5269 "
3625 5232 3689 5288 D-

438 5310 585 5382 eonj.
634 5302 911 5381 πράξεσινί
993 5311 1036 5341 ‘9
1064 5302 1408 5382 ἀσεϐέστεροι
1432 5302 1493 5366 C.
1566 5315 1612 5345 ⁵ο
1644 5312 1718 5366 lla
1747 5312 1791 5367 0
1844 5330 1893 5368 c.
1935 5313 1972 5366 S
2005 5353 2019 5377 ,
2051 5312 2324 5382 αἰδοῦνται
2351 5311 2416 5382 (Σ.
2487 5310 2529 5342 ⁵¹
2560 5309 2659 5382 τῆς
2684 5304 2767 5382 0._
2825 5306 2869 5342 ⁸³
2898 5305 2969 5375 μὴ
3007 5302 3183 5382 σεμνά
3210 5304 3271 5356 (ἶ.
3311 5372 3323 5382 _
3348 5303 3393 5333 ⁸³
3415 5302 3689 5382 ὀχήματα,

440 5381 477 5434 ἀ
509 5372 746 5452 “cit/atii},
764 5372 1040 5452 ’σχήματα
1071 5380 1180 5448 jam
1229 5380 1271 5432 D
1331 5372 1487 5436 'rcctc
1532 5385 1789 5451 conjeeit.
1875 5384 1921 5417 ⁸⁸
1945 5372 2134 5437 δέὀιιι.
2187 5380 2232 5435 0
2262 5423 2276 5444 ,
2328 5381 2419 5452 sed
2449 5372 3027 5452 prahbetﬂsubsqqilglls
3181 5372 3325 5452 (ιυρά
3354 5388 3463 5452 “0E
3498 5381 3583 5452 es}
3615 5373 3690 5452 ,Ῐη

442 5460 588 5504 textu
619 5451 702 5521 Ci.
729 5439 974 5521 idemid;
1002 5450 1053 5503 in
1071 5439 1255 5521 inarg.
1331 5454 1376 5487 ⁵⁸
1399 5439 1656 5516 αύτούςσ
1684 5493 1697 5517 ,
1732 5453 1869 5506 αὑτά
1897 5452 1955 5510 S.
2028 5458 2073 5490 σθ
2097 5452 2200 5504 ὑπό
2304 5491 2318 5515 ,
2344 5439 2492 5521 deest
2519 5462 2612 5521 ap_._
2745 5454 2794 5521 e_t
2839 5439 2890 5496 in
3059 5439 3324 5521 ξιιμ-0-
3346 5457 3397 5494 c.
3429 5439 3467 5493 S
3488 5480 3513 5520 _.
3542 5440 3693 5521 ἐξόλ-

444 5538 627 5593 μησαν
756 5510 1231 5593 Αιίιιιίιςρτωιογθξ
1274 5510 1597 5593 emendandi
1623 5510 1886 5577 rationem
1929 5522 2184 5593 proponit
2228 5510 2316 5593 Ι),
2361 5520 2451 5593 qui
2491 5510 2655 5571 sci-ibi
2696 5514 2811 5593 vult
2839 5512 3125 5593 μοχθηρῶν
3158 5510 3363 5593 ἀνδρῶν
3385 5540 3455 5593 π
3482 5511 3692 5593 ἐκεῖναι

441 5580 635 5660 τόλμαι
672 5586 812 5660 ἦσαν
840 5592 895 5642 αἱ
936 5580 1141 5658 ὕϐρεις.
1220 5593 1264 5622 ⁵⁸
1293 5590 1350 5645 S.
1377 5590 1572 5665 Notum
1602 5603 1684 5647 est
1723 5580 2058 5662 Anaxag'ora".
2084 5592 2259 5645 πάντα
2292 5580 2615 5703 διεκόσμησε
2662 5584 2787 5646 νοῦς
2812 5580 3125 5703 ιιζι.8ἰιὶψ1.
3184 5581 3343 5649 I’ltys.
3383 5580 3475 5635 ful.
3526 5581 3595 5633 5'5
3632 5582 3689 5638 ι».

446 5657 787 5703 Sclianlmnli,
816 5660 988 5703 Anam-
1027 5660 1215 5703 frnnm-
1267 5661 1329 5703 fre
1383 5659 1542 5703 VIII,
1585 5658 1657 5703 np,
1697 5662 1898 5703 Rlninie
1931 5662 2012 5703 μίἰ·
2062 5660 2215 5703 hince
2254 5659 2434 5703 [ειρῐνι-
2470 5656 2529 5703 Vl
2564 5698 2577 5703 -
2613 5656 2737 5703 13.5.
2773 5653 2840 5703 15
2882 5693 2895 5703 .
2974 5655 3017 5686 ⁵⁸
3043 5652 3114 5703 Ita
3142 5651 3185 5703 Ο
3241 5669 3288 5703 C.
3331 5650 3368 5700 S
3398 5693 3411 5703 .
3441 5651 3689 5702 διακεκο-

446 5650 989 5731 8ε1ἰοιὼιιόΙι,Αηᾳ.τ.
1013 5650 1216 5728 ’Ῑναίῃη
1264 5661 1333 5729 fr.
1380 5659 1547 5725 VIII,
1580 5658 1657 5715 De
1697 5662 1898 5731 Stoicis
1916 5650 2031 5716 'cfr.
2062 5660 2217 5731 Di0g.
2254 5659 2436 5731 Laert.
2470 5650 2895 5731 YII,A15§,_157.
2974 5655 3017 5686 ⁵⁸
3038 5652 3118 5731 ita
3142 5651 3185 5703 Ο
3215 5669 3288 5731 ne.
3331 5650 3693 5731 ἣικδια-κεξοο

448 5720 918 5853 ἰμῖῖὲθαιαςέῃδο
945 5720 1363 5852 ἁποφὸνάμένος
1391 5731 1486 5800 μὲν
1512 5720 1668 5800 φύσει
1696 5731 1759 5786 0.
1795 5730 1932 5787 Tum
1961 5720 2449 5802 8s6qgttovopyﬁ301t
2485 5728 2544 5794 S,
2571 5725 2614 5781 0
2645 5766 2657 5790 ,
2680 5721 3181 5794 δεδημιουργεῖσθαι
3209 5722 3266 5777 (ἶ.
3348 5722 3387 5750 δ’
3418 5721 3472 5773 δέ
3502 5720 3563 5786 5.
3597 5720 3639 5774 υ
3679 5759 3694 5785 ν

496 5838 516 5847 -
622 5839 634 5851 .
842 5816 1055 5853 μηγοοη
1138 5836 1151 5850 .

450 5814 548 5865 μεν
575 5814 634 5853 ιι.
715 5814 756 5831 ι’·
786 5814 1055 5869 αλληγορη
1090 5814 1151 5852 υ.

500 4639 619 4696 XX.
646 4637 751 4705 Qui
780 4655 910 4709 ergo
934 4639 1160 4694 deorum
1189 4649 1335 4711 gesta
1369 4644 1703 4711 turpioribus
1730 4646 2003 4715 allegoriis

430 4733 723 4803 voluerunt
752 4732 1044 4800 explicare,
1073 4733 1239 4799 velut,
1284 4734 1446 4790 Metin
1476 4753 1506 4790 a
1534 4737 1666 4793 Jove
1700 4738 1869 4794 fuisse
1900 4742 2002 4794 ab-
