3894 6208
418 320 528 377 315

1315 313 1371 371 S.
1414 311 1801 368 CLI‘JMENTIS
1843 312 1861 365 I
1892 310 2056 366 llOM.
2096 308 2297 367 PONT.
2334 307 2563 363 OPERA
2600 304 2829 361 DUBIA.

3573 299 3687 354 216

419 429 777 503 temporalem
809 430 866 483 in
902 429 1049 499 turpi
1079 428 1369 498 complexu
1416 427 1621 498 pictum
1667 427 1757 495 (de
1790 426 1885 480 illo
1914 424 1997 479 l‘a-

2098 423 2403 496 γράψαντες
2431 423 2525 475 ἐπὶ
2564 422 2794 491 αἰσχρᾶς
2828 419 3054 489 πλοκῆς,
3093 418 3282 490 «nemp
3311 419 3401 472 ἐπὶ
3428 419 3522 473 τοῦ
3554 420 3687 484 Διὸς

418 523 624 578 cientes
652 519 797 591 quod
824 518 893 574 de
935 516 1071 576 Jove
1111 517 1291 574 facere
1322 518 1547 587 audent)
1581 518 1761 587 palam
1791 531 1995 587 propo-

416 622 629 677 merent,
656 628 766 683 quo
806 612 890 668 vel
919 612 989 667 ab
1019 611 1099 666 ira
1150 611 1467 680 temporarii
1501 609 1874 679 imperatoris,
1918 608 1997 664 id-

416 722 525 777 que
576 705 848 768 hominis,
898 704 1173 758 discerent
1230 718 1327 771 per
1386 716 1550 756 suum
1620 700 1993 770 supplicium,

415 798 877 870 quemadmodum
910 804 1159 865 oporteat
1192 794 1607 849 convenientem
1638 792 1853 847 deferre
1892 792 1995 846 ho-

415 907 627 946 norem.
686 891 791 944 Ista
844 898 1024 943 autem
1078 888 1174 942 tibi
1228 886 1441 952 refero,
1494 901 1604 941 non
1663 886 1823 955 quasi
1876 884 1994 954 ipse

409 983 522 1052 jam
556 997 881 1051 cognoscam
905 995 1055 1045 eum,
1084 980 1177 1049 qui
1212 994 1339 1032 vere
1370 987 1455 1035 est
1500 976 1664 1042 Deus,
1701 976 1797 1031 sed
1833 991 1992 1047 aequo

412 1079 599 1132 animo
629 1074 1091 1146 proﬁteor,.quod
1138 1073 1264 1128 licet
1307 1089 1414 1127 non
1450 1072 1698 1127 noverim
1736 1069 1869 1139 quid
1921 1068 1992 1124 sit

413 1168 587 1231 Deus,
634 1176 873 1222 attamen
918 1165 1065 1235 quod
1115 1165 1187 1219 sit
1233 1163 1377 1219 Deus
1423 1163 1572 1218 clare
1618 1160 1755 1215 mihi
1798 1159 1990 1214 videor

410 1272 571 1313 BCII‘C.

481 1346 670 1403 XXIV.
702 1345 983 1417 Principio
1013 1345 1200 1415 itaque
1241 1354 1479 1416 quatuor
1506 1346 1681 1415 prima
1721 1345 1986 1399 elementa

408 1453 517 1491 non
551 1445 784 1507 possunt
832 1451 955 1492 esse
1004 1435 1169 1502 Deus,
1212 1450 1336 1504 qua:
1382 1435 1450 1489 ab
1487 1435 1595 1489 alio
1641 1434 1784 1489 facta
1816 1443 1983 1489 sunt:

408 1546 516 1585 non
548 1532 818 1595 mistura,
852 1545 960 1583 non
1002 1514 1329 1598 'temperies,
1381 1543 1491 1582 non
1530 1528 1830 1599 generatio,
1874 1542 1985 1584 non

408 1622 589 1676 omnis
622 1620 735 1677 haec
764 1636 886 1689 qua:
919 1619 1087 1674 ambit
1130 1619 1365 1674 visibilis
1394 1619 1589 1685 moles,
1630 1636 1807 1692 neque
1838 1622 1983 1692 quod

2098 516 2462 588 τετολμήκασι
2493 516 2734 587 ποιῆσαι,
2762 514 2907 569 οὕτω
2945 515 3264 585 ποιήσαντες
3293 512 3554 567 ἀνέθεσαν
3582 513 3683 584 δη-

2103 609 2286 681 μοσίᾳ,
2318 610 2404 661 l'va
2432 607 2534 662 κᾶν
2567 608 2673 661 ἀπὸ
2702 608 2801 679 τῆς
2829 607 2998 679 ὀργῆς
3024 605 3118 660 τοῦ
3152 605 3486 676 προσκαίρου
3520 605 3684 675 βασι-

2097 700 2252 765 λέως,
2283 701 2377 754 καὶ
2407 700 2579 754 ταῦτα
2618 700 2907 771 ἀνθρώπου
2942 700 3113 765 ὄντος,
3150 698 3363 770 μάθωσι
3393 697 3685 751 κολασθένι

2095 810 2206 860 τες,
2237 793 2313 856 ὡς
2341 792 2421 845 δεῖ
2466 793 2564 861 τὴν
2604 792 2827 846 δέουσαν
2858 792 3149 863 ἀπονέμειν
3189 790 3376 861 τιμήν.
3404 778 3589 841 Ταῦτα
3615 787 3681 847 δέ

2099 903 2181 940 σοι
2230 885 2392 955 λέγω,
2424 886 2521 955 οὐχ
2572 886 2647 951 ὡς
2692 886 2853 949 αὐτὸς
2909 886 3007 958 ἤδη
3060 886 3315 954 ἐπιγνοὺς
3362 883 3453 936 τὸν
3504 882 3682 946 ὅντως

2095 978 2312 1043 Θεὸν⁷²,
2352 978 2465 1032 ἀλλ’
2506 977 2861 1049 εὐγνωμονῶν
2907 974 3173 1047 ὁμολογῶ,
3214 977 3262 1031 εί
3311 974 3405 1027 καὶ
3446 972 3498 1025 τί
3542 972 3682 1034 Θεὸς

2094 1072 2194 1126 οὐκ
2232 1068 2372 1140 οἴδα,
2420 1071 2533 1125 ἀλλ’
2561 1068 2654 1125 οὖν
2697 1087 2761 1139 γε
2805 1070 2988 1139 σαφῶς
3017 1070 3098 1122 ὅτι
3141 1066 3332 1130 Θεὸς⁷²
3362 1064 3565 1136 νομίζω
3595 1064 3683 1117 ει-

2090 1162 2256 1217 δέναι.

2160 1351 2353 1405 XXIV.
2386 1352 2595 1406 Αὐτίκα
2624 1352 2757 1421 γοῦν
2788 1353 2856 1406 τά
2907 1352 3099 1422 πρῶτα
3143 1352 3387 1423 τέσσαρα
3436 1350 3680 1419 στοιχεῖα.

2089 1446 2220 1509 Θεὸς
2246 1443 2384 1500 εἶναι
2410 1448 2471 1499 οὐ
2505 1446 2723 1500 δύναται
2748 1447 2815 1514 ⁷³,
2832 1446 2899 1499 τά
2927 1447 3031 1500 ὐπὸ
3061 1446 3220 1502 ἄλλου
3241 1446 3506 1516 γενόμενα
3526 1462 3540 1474 ·
3571 1444 3676 1513 οὐχ

2089 1541 2121 1609 ἡ
2159 1536 2325 1609 μίξις,
2349 1539 2446 1608 οὐχ
2462 1541 2494 1610 ὴ
2509 1540 2727 1611 κρᾶσις,
2747 1540 2844 1609 οὐχ
2858 1541 2889 1610 ἡ
2902 1540 3132 1608 γένεσις,
3150 1539 3212 1591 οὐ
3224 1537 3284 1589 τὸ
3299 1539 3405 1591 πᾶν
3419 1537 3678 1608 περιέχον

2085 1632 2277 1704 όρατὸν
2295 1632 2473 1695 κύτος·
2493 1633 2599 1686 οὐδ’
2617 1634 2650 1703 ή
2669 1634 2725 1686 ὲν
2753 1632 2831 1702 τῷ
2861 1632 2960 1703 ᾆδῃ
2994 1632 3296 1702 συῤῥέουσα
3324 1629 3674 1699 ὑποστάθμηο

408 1714 475 1767 ad
513 1712 719 1769 inferos
756 1711 1019 1768 conﬁnxit
1047 1711 1445 1779 sedimentum;
1478 1728 1587 1767 non
1619 1724 1981 1784 supernatans

2090 1724 2145 1776 οὐ
2178 1722 2240 1776 τὸ
2282 1722 2607 1787 ἐπιπολάζον
2638 1722 2816 1795 ὕδωρ)
2851 1724 2948 1793 οὐχ
2980 1725 3012 1792 ὴ
3048 1723 3245 1788 ζέουσα
3286 1721 3444 1775 οὐσία
3465 1738 3481 1752 ο
3515 1721 3613 1790 οὐχ
3644 1721 3677 1771 ό

408 1820 581 1875 aqua,
625 1819 734 1858 non
770 1803 977 1858 fervida
1021 1804 1325 1860 substantia
1349 1843 1365 1870 ,
1396 1819 1507 1859 non
1542 1821 1636 1861 aer
1670 1807 1765 1877 qui
1806 1808 1875 1862 ab
1920 1823 1983 1862 ea

2090 1816 2145 1883 ἐξ
2175 1816 2343 1888 αὐτῆς
2379 1777 2543 1888 μέχρί
2564 1814 2671 1869 τῶν
2704 1777 3158 1886 ἐνταῦθακδίὴκων
3186 1816 3313 1885 ἀήρ.
3349 1813 3432 1868 Τά
3470 1830 3528 1865 τε
3562 1777 3676 1883 γάρ

407 1897 696 1965 hucusque
739 1895 1101 1966 protenditur.
1146 1892 1282 1949 Nam
1342 1905 1580 1966 quatuor
1614 1897 1903 1964 elementa,
1937 1899 1983 1953 si

2090 1908 2323 1975 στοιχεῖα
2364 1906 2624 1977 τέσσαρα,
2659 1906 2767 1959 οἵτε
2797 1905 3039 1977 ἀλλήλων
3068 1904 3392 1971 διεστάλκει,
3422 1905 3551 1987 avio
3586 1922 3674 1958 τι·-

408 2004 439 2043 a
471 2004 529 2044 se
561 1988 791 2043 invicem
823 1995 1073 2056 separata
1103 1986 1348 2053 fuerunt,
1378 2002 1485 2042 non
1526 1996 1826 2058 potuerunt
1865 1991 1987 2045 abs—

2090 1995 2175 2060 νὸς
2201 1995 2435 2065 μεγάλου
2459 1996 2702 2065 τεχνίτου
2741 1997 2963 2067 μιγῆναι
2992 1995 3129 2067 πρὸς
3163 1994 3301 2060 eam
3332 1986 3543 2064 γένεσιν
3570 1994 3673 2049 οὐκ

407 2095 514 2152 que
544 2096 743 2151 magno
786 2080 993 2134 artiﬁce
1022 2080 1088 2134 ad
1138 2078 1394 2134 animalis
1425 2082 1832 2143 generationem
1880 2083 1985 2136 mi-

374 2166 571 2240 'sceri,
612 2173 696 2228 sin
737 2187 867 2227 vero
909 2187 1124 2240 semper
1156 2181 1349 2227 mutuo
1396 2172 1620 2227 fuerunt
1668 2174 1981 2243 conjuncta,

406 2268 487 2323 sic
508 2281 727 2336 quoque
752 2266 821 2320 ab
848 2268 1055 2320 artiﬁce
1083 2275 1263 2319 mente
1296 2264 1362 2318 ad
1395 2266 1783 2334 proprietatem
1811 2281 1985 2320 mem-

403 2356 631 2412 brorum
673 2366 727 2410 et
775 2357 1012 2425 partium
1045 2356 1301 2410 animalis
1332 2355 1680 2425 adaptantur,
1713 2371 1822 2425 quo
1855 2372 1983 2425 pos-

406 2447 521 2502 sint
558 2447 901 2517 singulorum
936 2446 1003 2500 ad
1040 2445 1256 2516 singula
1296 2460 1515 2499 servare
1544 2446 1979 2514 proportionem,

402 2546 458 2592 et
486 2537 858 2591 habitudinem
888 2546 1035 2590 recte
1062 2535 1461 2590 conformatam
1491 2535 1792 2601 obtineant,
1818 2543 1985 2605 utque

402 2629 660 2684 interiora
727 2629 911 2683 omnia
981 2627 1400 2682 convenientem
1463 2627 1741 2696 accipiant
1798 2628 1983 2681 cohae-

401 2721 656 2774 rentiam.
705 2718 967 2773 Similiter
1001 2727 1055 2772 et
1106 2718 1543 2787 uniuscujusque
1597 2719 1821 2788 propria
1859 2719 1980 2774 loca

401 2827 527 2867 cum
560 2812 709 2865 omni
755 2810 1022 2879 elegantia
1069 2825 1225 2863 mens
1273 2809 1472 2863 artifex
1517 2809 1778 2879 disponit.
1814 2809 1983 2865 Com-

404 2903 607 2973 pendio
638 2901 852 2955 dicam:
883 2910 937 2956 et
968 2900 1022 2954 in
1050 2900 1307 2955 omnibus
1338 2900 1481 2965 aliis,
1506 2916 1627 2970 qute
1659 2900 1861 2954 animal
1892 2901 1988 2955 ha-

400 2995 533 3050 bere
568 2994 747 3059 debet,
785 2993 920 3047 nihil
951 2992 1105 3048 deest
1146 3007 1346 3063 magno
1391 2993 1519 3046 huic
1548 2993 1770 3047 animali
1812 2992 1981 3048 totius

402 3083 575 3138 orbis.

399 3279 525 3319 esse
554 3264 854 3333 ingenitum
885 3264 1167 3328 artiﬁcem,
1194 3264 1289 3333 qui
1317 3264 1580 3317 elementa
1612 3263 1696 3317 vcl
1723 3264 1981 3318 distantia

402 3353 784 3423 conjunxerit,
834 3353 918 3407 vel
955 3352 1245 3422 praesentia
1291 3362 1483 3407 mutuo
1512 3352 1578 3407 ad
1620 3353 1824 3406 animal
1856 3368 1982 3422 pro-

401 3448 711 3502 ducendum
764 3447 967 3500 all‘abre
1010 3446 1321 3511 miscuerit,
1369 3460 1653 3514 unumque
1693 3444 1983 3515 perfecerit

403 3555 472 3593 ex
502 3540 718 3593 cunctis
745 3555 902 3608 opus.
927 3536 1074 3591 Fieri
1121 3538 1267 3591 enim
1302 3552 1409 3591 non
1446 3545 1645 3607 potest,
1678 3545 1739 3590 ut
1775 3537 1981 3606 absque

403 3626 601 3694 majori
621 3626 876 3695 quadam
905 3634 1085 3679 mente
1118 3624 1589 3693 sapientissimum
1630 3640 1769 3694 opus
1799 3625 1982 3678 absol-

405 3724 589 3769 vatur.
618 3712 723 3768 Sed
755 3730 857 3768 nec
878 3728 1033 3767 amor
1059 3728 1181 3767 esse
1212 3721 1393 3782 potest
1417 3721 1738 3768 cunctorum
1763 3712 1976 3783 opifex;

404 3816 518 3856 non
550 3800 847 3871 cupiditas,
884 3816 993 3854 non
1032 3801 1114 3855 vis
1139 3842 1154 3867 ,
1188 3816 1296 3854 non
1338 3801 1469 3870 quid
1501 3801 1651 3856 aliud
1678 3802 1977 3871 ejusmodi;

405 3906 525 3959 quae
553 3892 757 3958 omnia,
788 3893 939 3946 casui
985 3892 1244 3958 obnoxia,
1287 3892 1475 3947 venire
1507 3901 1559 3948 ct
1590 3893 1741 3947 abire
1779 3895 1977 3949 solent.

404 3981 591 4052 Neque
619 3983 780 4037 etiam
811 3982 954 4052 quod
983 3983 1052 4037 ab
1080 3984 1187 4037 alio
1217 3990 1466 4037 movetur
1498 3982 1646 4039 Deus
1675 3993 1777 4050 est,
1803 4000 1980 4055 neque

406 4073 553 4147 quod
590 4088 622 4126 a
662 4080 906 4141 tempore
934 4080 1029 4127 aut
1062 4080 1260 4127 natura
1287 4080 1533 4126 mutatur
1562 4087 1627 4127 ac
1661 4071 1718 4126 in
1747 4072 1978 4127 nihilum

406 4164 719 4219 resolvitur.

473 4254 666 4310 XXVI.
706 4254 837 4322 Quae
887 4270 1013 4310 cum
1066 4256 1133 4311 ad
1186 4256 1489 4328 Appionem
1532 4256 1913 4328 proloquerer,
1949 4272 1979 4312 e

404 4347 654 4403 Casarea
684 4349 903 4403 advenit
943 4348 1160 4415 Petrus,
1183 4360 1237 4404 et
1265 4364 1569 4405 concursus
1610 4350 1979 4404 multitudinis

2086 2087 2327 2154 ἐδύνατο,
2359 2088 2517 2157 172
2545 2088 2652 2141 εἴτε
2683 2088 2769 2142 ἀεὶ
2799 2088 3050 2159 ἀλλήλοις
3085 2088 3322 2158 συνῆπτε
3345 2089 3411 2153 ⁷⁵,
3448 2086 3540 2139 καὶ¹
3579 2085 3671 2139 οὖ-

2083 2196 2191 2242 τως
2231 2176 2336 2232 ὑπὸ
2362 2178 2606 2249 τεχνίτου
2634 2179 2726 2233 νοῦ
2771 2180 2909 2251 πρὸς
2938 2181 2999 2232 τὸ
3038 2182 3233 2233 οἰκεῖον
3264 2179 3371 2232 τῶν
3401 2178 3494 2232 τοῦ
3528 2177 3671 2241 ζώου

2090 2270 2265 2340 μελῶν
2312 2272 2405 2323 καὶ
2459 2271 2637 2342 μερῶν
2691 2271 3119 2342 συναρμόζεται,
3162 2271 3246 2324 ἴνα
3294 2270 3392 2341 τὴν
3434 2269 3669 2333 ἑκάστου

2086 2362 2221 2434 πρὸς
2250 2362 2477 2415 ἕκαστον
2509 2362 2799 2430 ἀναλογίαν
2835 2361 3141 2425 ἀποσώζειν
3172 2362 3415 2432 δύνηται,
3444 2363 3538 2415 καὶ
3570 2362 3670 2433 τὴν

2084 2455 2196 2521 ἕξιν
2235 2454 2634 2527 εὐπερίγραφον
2667 2455 2802 2527 ἔχη,
2839 2455 2934 2509 καὶ
2974 2455 3043 2509 τὰ
3088 2455 3298 2510 ἔνδοθεν
3342 2455 3521 2509 πάντα
3569 2454 3671 2525 τὴν

2087 2548 2464 2618 προσήκουσαν
2515 2546 2778 2618 ἁρμονίαν
2827 2545 3113 2617 λαμϐάνῃ·
3163 2546 3365 2617 ὁμοίως
3407 2564 3466 2599 τε
3487 2547 3532 2579 ’⁵
3572 2545 3671 2599 καὶ

2084 2639 2211 2701 τοὺς
2237 2638 2469 2701 οἰκείους
2494 2639 2694 2701 τόπους
2727 2639 2956 2692 ἑκάστου
2990 2639 3125 2709 μετὰ
3154 2639 3340 2708 πάσης
3366 2638 3671 2709 εὐμορφίας

2083 2730 2113 2782 ό
2140 2730 2389 2801 τεχνίτης
2419 2730 2541 2794 νοῦς
2568 2730 2802 2800 ἀκριϐοῖ.
2839 2730 3079 2783 Συνελὼν
3105 2730 3216 2800 ἐρῶ
3234 2748 3249 2761 ·
3287 2732 3380 2785 καὶ
3411 2730 3479 2784 τὰ
3510 2730 3666 2797 ἄλλα,

2085 2823 2184 2877 ὅσα
2221 2823 2351 2876 ποτὲ
2380 2822 2516 2888 ζῶον
2542 2822 2621 2876 δεῖ
2650 2822 2814 2892 ἔχειν,
2851 2824 3002 2877 οὐδὲν
3033 2823 3250 2877 ὲνὲλιπε
3271 2824 3316 2856 ⁷⁸
3338 2823 3416 2894 τῷ
3446 2824 3671 2895 μεγάλῳ

2083 2914 2257 2986 τούτῳ
2283 2913 2406 2986 ζώω
2432 2916 2530 2986 τῆς
2555 2915 2682 2985 ὅλης
2705 2916 3028 2987 περιφορᾶς.

682 3171 764 3227 Ita
833 3172 1144 3227 necessario
1192 3171 1417 3243 intelligi
1474 3172 1634 3227 debet
1686 3173 1979 3242 quemdam

2151 3154 2319 3211 XXV.
2352 3155 2557 3220 Οὕτως,
2579 3157 2798 3226 ἀνάγκη
2825 3158 2946 3209 τινὰ
2972 3152 3111 3211 εἶναι
3146 3160 3283 3211 νοεῖν
3300 3158 3346 3189 ⁷⁷
3374 3158 3670 3229 ἀγέννητον

2082 3249 2350 3319 τεχνίτην,
2381 3249 2440 3312 ὃς
2467 3248 2535 3301 τά
2564 3251 2799 3318 στοιχεῖα
2838 3248 2871 3319 ἢ
2902 3248 3163 3302 διεστῶτα
3196 3250 3503 3320 συνήγαγεν
3526 3250 3597 3316 ⁷⁸,
3633 3250 3667 3321 ἧ

2086 3342 2308 3394 συνόντα
2339 3340 2586 3411 ἀλλήλοις
2623 3341 2759 3413 πρὸς
2802 3339 2941 3405 ζώου
2985 3341 3197 3409 γένεσιν
3245 3342 3506 3410 τεχνικῶς
3546 3343 3669 3396 ἐκέ-

2085 3449 2215 3505 ρασε
2255 3433 2348 3485 καὶ
2384 3432 2441 3484 ἓν
2468 3434 2532 3485 ἐκ
2564 3432 2781 3489 πάντων
2813 3432 2971 3502 ἔργον
3000 3432 3339 3485 ἀπετέλεσεν.
3383 3432 3668 3487 Ἀδύνατον

2082 3524 2191 3596 γὰρ
2219 3524 2345 3612 aven
2374 3523 2515 3587 τινὸς
2541 3523 2633 3612 νοῇ
2667 3524 2908 3595 μείζονος
2951 3524 3092 3577 πάνυ
3140 3525 3300 3594 σοφὸν
3336 3523 3497 3596 ἔργον
3532 3526 3669 3578 ἀπο-

2081 3593 2369 3670 τελεῖσθαι.
2409 3616 2542 3670 Οὐδὲ
2742 3616 2880 3689 ἔρως
2910 3616 2955 3649 ”
3001 3612 3139 3670 εἶναι
3184 3593 3404 3671 δύναται
3446 3617 3666 3670 πάντων

2081 3708 2349 3779 τεχνίτης,
2385 3707 2485 3760 οὐκ
2515 3706 2800 3777 ἐπιθυμία,
2831 3707 2929 3759 οὐκ
2965 3708 3136 3779 ἰσχὺς,
3176 3706 3277 3760 οὐκ
3313 3707 3440 3760 ἄλλο
3470 3724 3523 3760 τι
3560 3724 3668 3761 τοι·

2083 3798 2258 3865 οὖτον,
2283 3799 2318 3853 ἆ
2346 3816 2464 3851 τινα
2491 3798 2709 3871 παθητὰ
2742 3796 3057 3869 συμϐαίνειν
3084 3798 3178 3849 καὶ
3214 3797 3535 3851 ἀποϐαίνειν
3568 3797 3667 3850 πέ-

2089 3909 2280 3961 φυκεν.
2313 3890 2450 3943 Ἀλλ’
2482 3891 2604 3945 οὐδὲ
2628 3890 2689 3943 τὸ
2718 3891 2806 3959 ὐφ’
2840 3890 3026 3963 ἑτέρου
3058 3889 3352 3961 ιρερόμενόν
3378 3889 3667 3957 ὲστιθεὸς,

2084 3983 2205 4036 οὐδέ
2240 4000 2303 4051 γε
2324 3982 2517 4049 τὺξύπὸ
2542 3983 2736 4055 χρόνου
2761 3983 2793 4053 ἢ
2823 3982 3035 4052 φύσεως
3060 3981 3437 4053 ἀλλοιούμενον
3461 3981 3554 4035 καὶ
3584 3983 3665 4045 είς

2032 4116 2039 4119 -
2088 4079 2148 4132 τὸ
2174 4079 2370 4151 μηκέτι
2394 4076 2531 4133 εἶναι
2552 4077 2930 4148 ἀναλυόμενον.

2152 4258 2345 4313 XXVI.
2379 4257 2565 4312 Ταῦτά
2620 4276 2722 4331 μου
2768 4258 3149 4329 διαλεγομένου
3201 4259 3338 4331 πρὸς
3384 4258 3476 4311 τὸν
3529 4258 3664 4311 Ἀπ-

2082 4354 2280 4420 πίωνα,
2312 4352 2421 4407 ἀπὸ
2466 4352 2802 4423 Καισαρείας
2853 4351 3009 4421 173
3054 4351 3255 4421 ἐπέστη
3296 4350 3523 4422 Πέτρος,
3572 4349 3668 4403 καὶ

407 4442 461 4495 in
493 4440 637 4512 Tyro
682 4441 811 4497 facti
852 4449 1003 4508 sunt,
1049 4440 1356 4497 festinantis
1385 4442 1488 4511 ipsi
1524 4456 1814 4496 occurrere
1853 4457 1977 4512 gra—

2090 4444 2381 4516 συνδρομαὶ
2409 4443 2516 4496 τῶν
2538 4442 2711 4512 ὄχλων
2737 4442 2983 4509 ἐγένοντο
3011 4443 3069 4494 έν
3096 4444 3161 4511 τῇ
3193 4442 3373 4513 Τύρῳ,
3408 4442 3667 4494 σπευδόν-

405 4533 646 4603 tiamque
674 4533 938 4588 adventus
966 4532 1231 4603 proﬁteri.
1273 4532 1341 4586 Et
1371 4532 1583 4601 Appion
1625 4533 1847 4602 quidem
1889 4547 1975 4587 se-

2071 4556 2181 4595 των
2214 4536 2464 4606 ὑπαντᾷν
2491 4534 2640 4605 αὐτῷ
2675 4535 2769 4587 καὶ
2798 4534 2957 4604 χάριν
2978 4536 3043 4604 τῇ
3078 4533 3339 4603 ἐπιδημίᾳ
3361 4533 3665 4604 ὁμολογεῖν.

406 4625 573 4680 cessit
614 4640 740 4681 cum
786 4626 1177 4697 Anubioneet
1197 4624 1547 4679 Athenodoro
1577 4625 1738 4692 solis;
1780 4626 1975 4694 reliqui

2090 4633 2184 4688 Kal.
2209 4634 2237 4686 ό
2271 4630 2369 4701 μὲν
2385 4625 2628 4680 Ἀππίων
2654 4624 2925 4695 ὑπεχώρει
2961 4625 3077 4695 μετ’
3139 4624 3493 4688 Ἀνουὸίωνος
3511 4626 3558 4657 ⁸⁸
3573 4626 3669 4679 καὶ

408 4733 537 4773 vero
563 4734 753 4775 omnes
784 4718 944 4774 Petro
972 4719 1187 4774 obviam
1218 4717 1345 4773 ituri
1371 4718 1729 4788 prodivimus.
1758 4717 1975 4772 Primus

408 4819 589 4865 autem
622 4825 722 4881 ego
756 4820 880 4866 ante
905 4821 1089 4881 portas
1119 4827 1242 4866 eum
1271 4810 1549 4880 excipiens
1574 4811 1641 4864 ad
1676 4811 1974 4882 hospitium

407 4901 559 4955 duxi.
588 4902 690 4958 Ubi
719 4918 845 4958 cum
876 4902 1103 4967 fuimus,
1133 4904 1344 4972 plebem
1387 4903 1608 4972 quidem
1640 4903 1973 4968 dimisimus,

407 4990 458 5043 ei
495 5005 623 5046 vero
658 4993 892 5063 roganti,
934 5001 994 5047 ut
1037 5004 1156 5047 acta
1199 5008 1512 5058 narrarem,
1561 4994 1696 5047 nihil
1739 4995 1973 5049 abscon-

409 5078 549 5148 didi;
576 5082 670 5138 sed
699 5081 940 5138 Simonis
970 5084 1203 5139 iudicavi
1228 5085 1531 5140 calumnias
1552 5095 1605 5139 ct
1629 5094 1975 5154 portentosas

2088 4717 2457 4791 Ἀθηνοδώρου
2497 4716 2693 4787 μόνων,
2725 4715 2774 4767 ol
2805 4715 2862 4767 δὲ
2903 4714 3050 4768 ἄλλοι
3081 4714 3280 4777 πάντες
3309 4716 3385 4778 ὡς
3419 4715 3672 4787 ἀπαντη-

2083 4814 2298 4884 σόμενοι
2319 4811 2360 4842 3‘
2384 4808 2461 4880 τῷ
2489 4806 2682 4879 Πέτρῳ
2707 4806 3062 4878 ὡρμήσαμεν.
3091 4806 3314 4877 Πρῶτος
3336 4805 3394 4858 δὲ
3425 4806 3535 4874 ἐγὼ
3560 4808 3670 4878 πρὸ

2082 4905 2190 4958 τῶν
2220 4902 2401 4956 πυλῶν
2429 4898 2826 4969 ἀποδεξάμενος
2857 4897 3017 4949 αὐτὸν
3048 4898 3143 4948 ἐπὶ
3174 4899 3274 4968 τὴν
3298 4897 3476 4961 ξενίαν
3507 4894 3667 4968 ἦγον,

2095 4995 2181 5056 Ὠς
2209 4992 2266 5046 δὲ
2294 4989 2610 5061 ἐγενόμεθα,
2634 4989 2772 5051 τοὺς·
2793 4986 2891 5058 μὲν
2911 4985 3100 5057 ὄχλους
3124 4986 3498 5058 ἀπελύσαμεν,
3516 4987 3671 5059 αὐτῷ

2083 5084 2139 5137 δὲ
2174 5081 2463 5148 ἀξιώσαντι
2499 5098 2565 5154 με
2601 5079 2667 5132 τά
2706 5077 3017 5149 πραχθέντα
3044 5077 3221 5146 λέγειν
3251 5078 3403 5131 οὐδὲν
3432 5078 3675 5150 ἀπεκρυ-

1711 5242 1945 5296 VARI/E
1985 5241 2387 5297 LECTIONES.

478 5391 522 5423 "
545 5391 665 5456 θεός
706 5391 772 5446 0.

848 5394 894 5427 "
918 5392 995 5446 Ita
1036 5392 1080 5447 0
1127 5410 1175 5448 c.
1221 5393 1258 5449 S
1289 5433 1304 5457 ,
1331 5393 1461 5448 Θεόν
1490 5392 1555 5447 C.
1632 5393 1679 5425 ⁷³
1701 5392 1951 5448 δύνανται
1973 5393 2039 5448 0.
2075 5395 2213 5452 Tum
2248 5399 2342 5451 ἀπ’
2369 5397 2528 5449 ἄλλου
2566 5395 2621 5450 S.

408 5460 773 5534 eamaior;
803 5464 1070 5534 συνῆπτον
1102 5462 1146 5517 0
1175 5504 1190 5527 ,
1223 5464 1560 5519 intermediis
1593 5465 1875 5518 vocabulis
1918 5467 2161 5523 omissis.

2721 5397 2865 5467 ιιι-τά
2888 5414 2945 5449 τε
2981 5394 3090 5467 γὰρ
3115 5399 3355 5467 στοιχεῖα
3385 5395 3455 5467 τὰ
3479 5394 3525 5467 δέ
3548 5396 3670 5450 εἴτε

2266 5471 2314 5504 ⁷³
2335 5485 2395 5520 τε
2450 5467 2487 5520 S
2518 5508 2533 5531 ,
2580 5468 2641 5520 τό
2663 5466 2727 5528 C,
2758 5465 2821 5521 Ο.
2899 5467 2944 5497 ⁷³
2966 5465 3071 5519 ὅσα
3105 5484 3233 5519 ποτε
3264 5466 3370 5530 ζῶν
3396 5465 3476 5517 δεῖ
3496 5466 3667 5535 ἔχειν,

407 5530 560 5610 οὐδὲν
586 5530 837 5610 ἐνέλειπε
855 5530 933 5586 (2.⁷
995 5539 1040 5570 ⁷⁷
1071 5534 1193 5588 νοῦν
1216 5534 1280 5588 0.
1356 5534 1498 5610 “id:
1524 5537 1761 5610 στοιχεῖα
1795 5534 2036 5610 ἡδίστωε
2062 5535 2093 5606 ἢ
2133 5540 2440 5610 συνήγαγεν
2554 5578 2569 5601 ,
2606 5539 2914 5610 συνήγαμεν
2946 5552 3016 5610 eat
3048 5535 3318 5610 Cptelerio
3355 5530 3667 5610 [uinus-ach-

410 5608 599 5673 curate
624 5612 777 5656 notat
805 5602 843 5655 S
875 5643 889 5667 ,
920 5618 1044 5657 cum
1072 5614 1247 5658 exstet
1280 5620 1365 5673 ap.
1405 5604 1486 5658 Cl.

1584 5607 1629 5677 τε
1662 5605 1982 5677 Secundum
2002 5604 2382 5677 Par-ineuntem
2413 5617 2465 5661 et
2487 5604 2898 5677 Empedoclem.
2947 5607 3033 5677 tif.
3063 5606 3320 5668 Karsten,
3351 5606 3665 5677 Parmeuid.

412 5669 560 5747 reliq.
586 5687 640 5724 ν.
666 5673 789 5747 [51.
813 5673 1027 5747 Emped.
1059 5674 1233 5744 reliq.,
1254 5669 1429 5747 p.346
1451 5689 1569 5747 sqq.
1591 5672 1758 5747 Arist.
1784 5674 2014 5742 .Iletap/t.
2044 5674 2085 5743 Ι,
2114 5679 2167 5746 4,
2204 5679 2250 5733 1.
2284 5679 2340 5734 S.
2385 5684 2430 5718 ⁸ο
2455 5669 2830 5741 Ἀννόυϐίωνος
2854 5676 2917 5732 0.
2948 5676 3084 5732 Tum
3118 5676 3276 5747 μόνον
3292 5677 3351 5731 Ε.
3428 5676 3471 5708 ⁸¹
3490 5678 3668 5732 ἀπανν

410 5739 641 5810 τήσομεν
672 5740 715 5797 Ο
746 5782 758 5808 ,
787 5739 1037 5817 οιίηυιοιιι
1063 5739 1362 5801 correctum
1396 5745 1448 5799 in
1481 5739 1929 5815 ἀπαντησὰμενοι.
