3894 6208
183 359 291 413 217

1251 354 1709 412 CLEMENTINA.
1750 386 1820 396 —
1856 353 2140 410 [IOMILIA
2170 352 2281 410 VII.

3346 343 3450 401 218

185 471 425 542 πτόμην,
451 469 566 525 ἀλλ’
592 468 829 541 ἐμήνυον
870 468 971 532 τάς
1010 485 1070 522 τε
1103 468 1196 522 τοῦ
1240 470 1483 541 Σίμωνος
1517 468 1759 532 διαϐολάς

1873 470 2179 542 praestigias
2227 468 2296 525 ab
2326 470 2445 539 ipso
2486 466 2681 535 editas,
2714 475 2958 537 quotque
3000 464 3223 522 morbos
3264 465 3447 521 immi-

183 568 279 618 καὶ
314 566 415 628 τάς
447 563 773 634 τερατώδεις
810 564 1110 631 φαντασίας
1143 564 1234 616 ὑπ’
1269 562 1434 618 αὐτοῦ
1468 564 1769 635 γεγενημέ-

180 671 299 721 νας,
351 654 447 707 καὶ
491 653 625 716 ὅσας
674 651 919 724 ἔπεμψεν
963 652 1150 717 νόσους
1172 652 1218 685 ⁸³
1255 652 1391 723 μετά
1421 652 1519 722 τὴν
1556 654 1621 707 ὲκ
1668 654 1769 725 τῆς

183 743 476 813 βουθυσίας
501 742 766 811 ἑστίασιν,
801 745 896 797 καὶ
930 744 1012 798 ὅτι
1041 744 1106 798 ὲκ
1128 744 1237 797 τῶν
1260 743 1557 797 νοσούντων
1588 744 1637 796 οί
1671 745 1768 815 μὲν

180 834 407 888 αύτόθεν
428 834 473 866 ⁸³
501 834 829 906 κατέμειναν
870 837 927 890 ὲν
955 837 1021 907 τῇ
1054 835 1236 908 Τύρῳ,
1272 837 1321 890 οἱ
1360 836 1418 890 δὲ
1458 836 1537 907 τῷ
1566 836 1768 907 Σίμωνι

176 923 296 995 ἅμα
334 924 417 997 τῷ
462 926 563 996 ἐμὲ
602 926 779 980 ἐλθεῖν
824 926 1331 999 συνεξεληλύθεισαν
1346 927 1393 961 ⁸⁸
1418 930 1499 993 εἰς
1537 928 1635 1001 τὴν
1677 929 1767 982 Σι-

174 1017 343 1083 δῶνα,
362 1018 442 1081 ὡς
463 1018 554 1071 ὑπ’
576 1019 727 1090 αὑτῷ
743 1019 789 1051 ⁸⁸
814 1018 1363 1094 θεραπευθησόμενοι,
1388 1024 1483 1077 καὶ
1501 1024 1584 1076 ὅτι
1608 1022 1770 1094 ἐμάν-

174 1108 339 1161 θανον
366 1108 573 1180 μηδένα
595 1109 773 1165 αὐτῶν
799 1110 994 1174 ἰάσεως
1019 1112 1377 1184 τετυχηκέναι
1406 1113 1496 1167 ὑπ’
1519 1112 1668 1185 αὐτῷ
1682 1114 1728 1150 ⁸⁸
1747 1130 1761 1145 ο

174 1201 273 1254 καὶ
295 1200 399 1271 τὴν
433 1202 571 1274 πρὸς
608 1200 891 1257 ’Δππίωνά
914 1214 1006 1273 μοι
1034 1204 1404 1277 γεγενημένην
1433 1202 1664 1270 διάλεξιν
1688 1204 1767 1278 τῷ

173 1291 378 1362 Πέτρῳ
409 1292 782 1366 διηγησάμην.
838 1294 896 1351 '0
938 1294 997 1349 δὲ
1044 1298 1280 1368 στοργῆς
1310 1298 1405 1351 καὶ
1454 1298 1769 1370 προτροπῆς

172 1382 337 1454 χάριν
362 1384 661 1449 ἐπαινέσας
686 1401 755 1457 με
779 1385 874 1442 καὶ
898 1385 1218 1459 εὐλογήσας,
1250 1389 1395 1446 άλῶν
1426 1390 1764 1461 μεταλαϐὼν,

170 1472 259 1527 διὰ
292 1475 422 1539 τοὺς
461 1474 747 1547 καμάτους
782 1478 881 1549 τῆς
918 1479 1226 1552 ὁδοιπορίας
1263 1484 1332 1555 τῇ
1364 1482 1765 1556 ἀναγκαιοτάτη

170 1566 377 1636 ἠσυχίᾳ
403 1566 499 1620 τοῦ
523 1565 695 1622 ὖπνου
725 1568 916 1624 ἑαυτὸν
939 1569 1256 1642 ἐπέτρεπεν.

1639 1715 1685 1735 ο

692 1770 955 1828 ὍΜΙΛΙΑ
1005 1775 1060 1828 Ζο
1099 1773 1233 1846 (ιε).

1869 563 2001 620 serit
2039 570 2165 635 post
2210 562 2343 619 illud
2384 576 2453 617 ex
2495 560 2781 618 immolato
2816 560 2955 615 bove
3010 559 3349 624 convivium,
3396 571 3450 619 et

1868 656 2015 729 quod
2051 672 2118 711 ex
2149 654 2367 726 aegrotis
2397 653 2489 708 alii
2518 652 2736 724 quidem
2775 651 2887 707 illic
2918 650 3062 719 apud
3089 647 3292 719 Tyrum
3325 666 3451 721 per-

1868 748 2204 815 manserint,
2240 746 2333 803 alii
2368 760 2498 801 vero
2529 744 2695 800 simul
2725 760 2790 799 ac
2817 757 2917 813 ego
2947 740 3069 797 veni
3105 740 3311 812 egressi
3340 741 3451 799 sint

1870 854 1991 895 cum
2038 837 2261 893 Simone
2289 838 2345 892 in
2390 834 2669 902 Sidonem,
2714 842 2976 904 tanquam
3008 832 3075 887 ab
3106 847 3170 886 eo
3195 832 3448 898 sanandi,

1867 932 2124 1005 quodque
2157 930 2423 986 audierim
2469 928 2680 983 nullum
2715 941 2902 981 eorum
2930 926 2999 979 ab
3037 924 3158 994 ipso
3195 931 3450 978 sanatum

1869 1025 2065 1093 fuisse;
2110 1022 2205 1078 sed
2254 1031 2309 1077 et
2363 1036 2543 1077 meam
2592 1020 2855 1076 adversus
2903 1017 3208 1088 Appionem
3256 1015 3449 1084 dispu-

1870 1118 2129 1174 tationem
2171 1114 2332 1170 Petro
2358 1114 2542 1170 retuli.
2567 1115 2637 1168 At
2666 1114 2756 1168 ille
2789 1128 2901 1184 prte
2943 1126 3128 1168 amore
3153 1118 3207 1165 et
3243 1108 3448 1163 exhor-

1868 1211 2020 1267 tandi
2050 1211 2220 1282 gratia
2260 1210 2318 1265 iu
2349 1226 2438 1265 me
2474 1209 2694 1264 laudem
2725 1222 2791 1261 ac
2833 1203 3270 1261 benedictionem
3314 1217 3448 1257 cou-

1870 1304 2023 1371 tulit;
2061 1311 2115 1359 et
2154 1303 2277 1358 cibo
2311 1310 2531 1371 sumpto
2561 1315 2620 1355 se
2648 1298 2828 1355 somni
2856 1296 3052 1368 quieti,
3078 1311 3201 1367 quae
3243 1295 3316 1351 ob
3352 1295 3445 1350 iti-

1870 1396 2019 1453 neris
2042 1402 2059 1465 ι
2083 1395 2459 1468 fatigationem
2500 1394 2739 1450 maxime
2787 1401 2906 1448 erat
2947 1388 3285 1456 necessaria,
3330 1396 3446 1444 tra-

1869 1488 2025 1546 didit.

2336 1778 2345 1786 ’
2436 1779 2724 1837 HOMILIA
2762 1778 2876 1837 VII.

238 1883 284 1938 I.
327 1883 409 1955 Τῇ
432 1882 481 1917 ’τ
507 1884 745 1957 τετάρτῃ
767 1885 823 1939 δὲ
851 1884 1039 1958 ἡμέρᾳ
1068 1887 1168 1959 τῆς
1189 1890 1246 1942 ὲν
1272 1887 1434 1962 Τύρῳ
1461 1890 1621 1961 ἡμῶν
1648 1888 1759 1945 ἐπι-

1917 1879 1963 1936 ι.
2024 1868 2233 1942 Quarto
2269 1889 2399 1930 vero
2424 1876 2512 1931 die
2548 1876 2723 1931 nostri
2751 1875 2897 1945 apud
2941 1873 3146 1945 Tyrum
3175 1871 3443 1928 adventus

163 1972 231 2041 δη
240 1972 396 2042 μίας,
418 1973 521 2026 ύπὺ
542 1974 643 2045 τὴν
668 1973 829 2046 174
847 1974 1043 2047 ὄρθρον
1064 1976 1450 2049 προεληλυθότι
1471 1979 1549 2051 τῷ
1573 1980 1759 2053 Πέτρῳ

1868 1969 1971 2024 sub
2005 1968 2305 2023 diluculum
2339 1984 2563 2039 egresso
2612 1966 2775 2023 Petro
2803 1974 3195 2038 processerunt
3223 1964 3443 2020 obviam

163 2059 430 2131 ἀπήντων
461 2061 908 2137 πλησιόχωροίτε
940 2065 1040 2119 οὐκ
1065 2065 1233 2135 ὀλίγοι
1266 2070 1359 2123 καὶ
1394 2070 1565 2142 αὐτῆς
1585 2071 1763 2144 Τύρου

162 2151 507 2221 πάμπολλοι,
535 2154 630 2207 καὶ
670 2154 984 2226 ἐπεφώνουν
1012 2157 1281 2227 λέγοντες,
1317 2163 1374 2217 '0
1398 2162 1529 2227 Θεὸς
1555 2163 1645 2218 διά
1670 2164 1764 2220 σοῦ

160 2245 318 2314 ἡμᾶς
341 2244 584 2311 ὲλεείτω,
609 2246 700 2300 διὰ
726 2246 820 2301 σοῦ
844 2248 1210 2323 θεραπευέτω.
1243 2254 1300 2308 '0
1325 2255 1382 2308 δὲ
1405 2256 1609 2329 Πέτρος
1634 2256 1764 2329 ἔστη

162 2337 262 2389 ἐπὶ
324 2335 480 2390 λίθου
526 2340 675 2403 τινὸς
724 2340 928 2411 ὑψηλοῦ
979 2342 1117 2414 πρὸς
1171 2344 1233 2398 τὸ
1290 2345 1550 2403 δύνασθαι
1597 2350 1764 2403 πᾶσιν

160 2426 425 2497 ὁρᾶσθαι,
478 2428 573 2482 καὶ
622 2429 1079 2503 προσαγορεύσας
1118 2431 1359 2489 θεοσεϐεῖ
1399 2433 1549 2507 νόμῳ
1592 2434 1765 2501 οὕτως

159 2516 399 2586 ἤρξατοο
684 2524 687 2529 ’

236 2610 304 2662 ll.
347 2608 471 2680 Θεῷ
504 2609 582 2682 τῷ
623 2610 870 2666 κτίσαντι
898 2613 989 2667 τὸν
1030 2614 1259 2687 ούρανδν
1288 2614 1385 2672 καὶ
1424 2616 1485 2673 τὸ
1535 2617 1761 2690 σύμπαν

157 2699 224 2752 ού
257 2699 441 2752 λείπει
492 2702 767 2772 πρόφασις
820 2703 960 2775 πρὸς
1010 2709 1283 2779 σωτηρίαν
1331 2708 1437 2763 τῶν
1490 2709 1758 2774 σώζεσθαι

158 2789 453 2887 θελόντων.
476 2792 634 2887 Ὅθεν
661 2796 795 2866 μηδὲ
826 2799 919 2851 ἐπὶ
940 2801 986 2832 ⁸⁸
1013 2804 1127 2864 τοῖς
1154 2801 1371 2856 δοκοῦσι
1399 2802 1623 2873 φαύλοις
1652 2802 1758 2857 ὑπὸ

155 2885 505 2952 προπετείας
550 2885 635 2950 τις
670 2889 831 2942 αὐτὸν
865 2893 940 2955 ὡς
979 2892 1053 2964 μὴ
1074 2893 1120 2924 ⁸⁸
1165 2894 1546 2967 φιλάνθρωπον
1582 2895 1759 2951 αἰτιά-

159 2973 299 3027 σθω.
361 2974 484 3029 Τῶν
527 2978 637 3051 γάρ
683 2981 1087 3052 συμϐαινόντων
1122 2984 1395 3058 ἀνθρώπῳ
1427 2987 1471 3018 ⁹⁰
1509 2987 1578 3040 τά
1625 2986 1754 3059 τέλη

154 3065 477 3137 ἀνθρώποις
523 3072 620 3140 μὲν
654 3072 935 3141 ἄγνωστα,
984 3076 1061 3139 ὼς
1108 3076 1206 3131 ἐπὶ
1252 3077 1408 3149 κακῷ
1460 3079 1757 3133 ὑποπτευό-

158 3175 302 3258 μενα
328 3160 399 3223 ",
430 3160 549 3258 Θεῷ
575 3162 644 3258 δὲ-
666 3164 743 3229 ὡς
770 3166 1157 3238 ἀποϐησόμενα
1198 3169 1439 3241 εὐτυχῶς
1479 3169 1750 3258 γνιῖέριμα.

1863 2074 1977 2116 non
2006 2061 2167 2130 pauci
2210 2060 2449 2127 finitimi,
2475 2076 2539 2115 ac
2570 2075 2635 2115 ex
2681 2061 2799 2131 ipsa
2827 2059 2974 2133 Tyro
3022 2056 3439 2128 quamplurimi,

1862 2162 1920 2209 et
1949 2155 2327 2210 acclamabant
2360 2155 2605 2210 dicentes
2632 2172 2649 2221 I:
2692 2154 2838 2210 Deus
2860 2170 2957 2224 per
2984 2162 3035 2208 te
3064 2153 3237 2207 nostri
3269 2152 3441 2207 mise-

1864 2256 2071 2313 reatur,
2097 2262 2192 2317 per
2233 2256 2285 2302 te
2313 2262 2413 2303 nos
2440 2255 2613 2303 curet.
2663 2246 2860 2302 Petrus
2892 2262 3022 2301 vero
3053 2247 3202 2301 stetit
3251 2246 3308 2300 in
3340 2262 3441 2301 ex-

1863 2338 2012 2396 celso
2040 2338 2239 2409 lapide,
2278 2347 2336 2394 ut
2365 2339 2435 2394 ab
2465 2340 2721 2395 omnibus
2760 2348 2943 2410 posset
2979 2338 3246 2407 conspici,
3283 2351 3440 2394 cum-

1862 2449 1970 2505 que
1995 2434 2254 2506 religioso
2278 2450 2430 2491 more
2457 2434 2753 2491 salutasset
2805 2434 2880 2489 ita
2915 2446 3148 2489 exorsus
3172 2438 3289 2487 est:

1930 2606 1998 2666 ll.
2044 2608 2153 2663 Deo
2178 2607 2412 2663 creatori
2437 2607 2560 2663 coeli
2590 2617 2643 2662 et
2669 2608 2859 2662 mundi
2898 2623 3007 2662 non
3038 2607 3189 2662 deest
3218 2606 3436 2661 occasio

1860 2703 1929 2763 ad
1972 2702 2206 2758 salutem
2262 2715 2455 2756 eorum
2502 2702 2595 2769 qui
2650 2700 2857 2756 servari
2902 2701 3108 2754 volunt.
3164 2698 3437 2765 Quocirca

1860 2811 2040 2866 neque
2062 2796 2115 2849 in
2147 2795 2235 2861 iis,
2270 2810 2394 2865 quae
2428 2793 2681 2848 videntur
2710 2794 2872 2861 mala,
2904 2794 3103 2864 aliquis
3129 2810 3225 2863 per
3261 2802 3439 2848 teme-

1856 2887 2070 2941 ritatem
2091 2886 2242 2941 illum
2257 2888 2403 2942 velut
2420 2886 2701 2941 hominum
2717 2902 2823 2941 non
2840 2895 3110 2940 amantem
3136 2887 3434 2944 insimulet.

1858 2977 2062 3034 Eorum
2109 2979 2277 3043 enim,
2323 2995 2445 3049 quae
2472 2980 2689 3034 mortali
2736 2978 3011 3041 accidunt,
3046 2978 3182 3032 fines
3213 2978 3435 3048 quidem

1858 3070 2174 3128 hominibus
2214 3072 2476 3143 incogniti
2520 3080 2668 3137 sunt,
2711 3087 2775 3125 ac
2813 3071 2880 3125 de
2913 3071 3117 3124 malitia
3165 3071 3431 3140 suspecti,

1860 3162 1971 3219 Deo
2001 3172 2182 3219 autem
2230 3166 2450 3235 cogniti,
2482 3174 2542 3221 ut
2570 3166 2780 3221 cessuri
2822 3164 3073 3220 feliciter.
3116 3164 3301 3235 Itaque
3347 3166 3435 3220 Si-

153 3249 373 3302 Αύτίκα
408 3251 540 3319 γοῦν
584 3254 765 3324 Σίμων
815 3257 1080 3330 ἀριστερά
1114 3259 1208 3313 τοῦ
1252 3260 1385 3314 Θεοῦ
1413 3246 1640 3331 emit;
1678 3261 1753 3316 ὢν

1865 3270 2009 3321 mon,
2043 3256 2137 3325 qui
2161 3256 2383 3311 sinistra
2412 3255 2507 3310 Dei
2535 3257 2709 3310 virtus
2735 3264 2839 3320 est,
2865 3264 3298 3324 potestatemque
3330 3256 3432 3310 ha-

152 3343 253 3395 καὶ
308 3342 422 3395 τῶν
467 3346 558 3397 τὸν
598 3346 729 3401 Θεὸν
771 3348 872 3401 οὐκ
914 3349 1130 3403 εἰδότων
1174 3352 1267 3406 ἐπὶ
1316 3355 1608 3426 κακοποιὶᾳ
1654 3355 1753 3426 τὴν

151 3431 409 3497 ἐξουσίαν
444 3433 583 3505 ἔχων
604 3437 778 3501 νόσοις
806 3439 951 3510 ὑμᾶς
982 3441 1291 3512 περιϐαλεῖν
1323 3444 1582 3516 ἠδυνήθη,
1612 3448 1751 3500 αἴτι-

153 3540 246 3587 νες
293 3523 388 3577 διὰ
439 3525 541 3595 τὴν
584 3526 677 3579 τοῦ
728 3529 861 3582 Θεοῦ
910 3531 1121 3603 ἀγαθὴν
1194 3534 1451 3604 πρόνοιαν
1501 3535 1749 3603 γενέσθαι

153 3614 598 3685 συγχωρηθεῖσαι
621 3617 936 3687 ἠνάγκασαν
964 3621 1128 3691 ὑμᾶς,
1166 3622 1258 3677 τὸν
1305 3624 1483 3677 ἰᾶσθαι
1516 3625 1751 3695 δυνάμε-

150 3722 244 3758 νον
297 3705 809 3777 περιϐλεψαμένους
851 3709 944 3762 καὶ
981 3711 1273 3783 εὑρόντας,
1333 3714 1601 3784 προφάσει
1650 3714 1752 3785 τῆς

155 3797 254 3849 τοῦ
287 3797 549 3867 σώματος
584 3798 879 3872 θεραπείας
900 3805 965 3857 τά
987 3804 1104 3875 Θεῷ
1133 3804 1391 3858 δοκοῦντα
1414 3806 1749 3877 ἀναδεξαμέ-

150 3904 303 3952 νους,
342 3888 631 3959 πεισθῆναι
664 3896 897 3963 φρονεῖν,
930 3894 1017 3948 ἵνα
1047 3892 1220 3957 οὕτως
1246 3894 1360 3964 ἅμα
1389 3898 1499 3959 τοῖς
1533 3893 1745 3965 σώμασι

151 3978 570 4050 σωθησομένοις
600 3983 695 4035 καὶ
723 3983 821 4046 τὰς
850 3984 1027 4054 ψυχὰς
1060 3982 1205 4048 σώας
1239 3984 1423 4055 ἔχητε.

221 4068 312 4123 Ill.
333 4070 611 4123 Μανθάνω
638 4069 753 4136 οὖν,
776 4074 850 4136 ὼς
878 4073 1213 4146 βουθυτήσας
1266 4076 1503 4133 ἑστίασιν
1533 4078 1578 4109 θ’
1602 4079 1747 4149 ὑμᾶς

147 4163 207 4215 ἐν
237 4164 383 4233 μέσῃ
405 4166 474 4234 τῇ
500 4164 697 4235 ἀγορᾷ,
720 4166 812 4218 καὶ
841 4165 1013 4229 οὕτως
1039 4168 1197 4238 ὑμεῖς
1218 4169 1344 4239 οἴνῳ
1371 4168 1551 4240 πολλῷ
1572 4187 1745 4241 παρε-

1856 3347 1944 3402 bet
1975 3348 2042 3401 ad
2073 3347 2489 3402 maleficentiam
2523 3347 2576 3401 in
2602 3362 2696 3402 eos
2723 3346 2816 3415 qui
2842 3346 3010 3401 Deum
3038 3348 3309 3413 nesciunt,
3334 3362 3432 3402 vos

1855 3439 2032 3508 potuit
2053 3439 2262 3494 morbis
2303 3439 2604 3508 implicare,
2646 3437 2738 3508 qui
2768 3438 2942 3491 morbi
2976 3453 3069 3506 per
3095 3437 3293 3491 bonam
3334 3436 3432 3492 Dei

1854 3532 2250 3601 providentiam
2290 3533 2512 3588 evenire
2562 3531 2813 3603 permissi
2852 3539 3149 3601 coegerunt
3191 3545 3309 3595 vos,
3344 3540 3427 3598 ut,

1852 3624 2084 3692 quaesito
2111 3640 2176 3678 co
2205 3624 2298 3694 qui
2324 3639 2519 3678 sanare
2558 3624 2763 3677 valeret
2790 3631 2844 3677 et
2870 3623 3110 3689 invento,
3136 3622 3429 3677 occasione

1852 3716 2154 3785 corporalis
2205 3716 2428 3770 medelze
2477 3715 2675 3784 placita
2709 3712 2819 3770 Deo
2862 3714 3214 3784 susciperctis
3262 3722 3428 3783 atque

1851 3808 2168 3872 crederetis,
2206 3815 2264 3862 ut
2292 3807 2373 3864 sic
2408 3822 2515 3861 una
2562 3822 2687 3862 cum
2726 3806 2956 3862 servatis
3006 3806 3331 3877 corporibus
3370 3813 3428 3862 et

1850 3900 2064 3958 animas
2096 3899 2344 3955 habeatis
2377 3899 2574 3956 salvas.

1919 4072 2007 4127 lll.
2045 4072 2223 4128 Audio
2261 4074 2468 4145 utique,
2508 4089 2635 4129 eum
2674 4073 2811 4129 bove
2841 4083 3078 4129 mactato
3108 4073 3425 4129 convivium

1846 4164 2002 4218 vobis
2027 4164 2082 4218 in
2109 4165 2288 4219 medio
2314 4165 2531 4221 dedisse
2555 4166 2698 4232 foro,
2733 4167 2922 4231 sicque
2964 4181 3063 4222 vos
3100 4166 3273 4220 multo
3296 4166 3423 4220 vino

148 4255 443 4324 νεχθέντες
494 4254 610 4325 ἅμα
653 4259 763 4320 τοῖς
812 4260 1067 4329 πονηροῖς
1112 4258 1333 4330 δαίμοσι
1371 4259 1460 4313 τὸν
1509 4261 1745 4332 ἄρχοντα

1865 4256 2057 4326 threpti
2125 4273 2233 4311 una
2285 4273 2409 4312 cum
2487 4260 2673 4329 pravis
2731 4259 3070 4315 daemonibus
3119 4259 3422 4329 principem

147 4345 335 4398 αὑτῶν
374 4346 836 4417 ὲφιλοφρονεῖσθε,
870 4349 965 4401 καὶ
1008 4348 1186 4413 οὕτως
1224 4350 1378 4422 ὑμῶν
1424 4352 1473 4405 οἱ
1504 4353 1743 4406 πλεῖστοι

1865 4362 2033 4401 :orum
2076 4350 2345 4419 complexi
2389 4351 2559 4418 estis,
2607 4362 2771 4420 atque
2802 4351 2874 4405 ita
2907 4360 3145 4406 vestrum
3196 4350 3421 4420 plurimi

148 4439 256 4493 ὑπὸ
291 4438 403 4490 τῶν
435 4439 625 4493 παθῶν
660 4441 817 4512 175
852 4443 1287 4516 κατελήφθησαν,
1331 4446 1555 4514 ἀγνοίας
1594 4447 1743 4519 αἰτία

1865 4440 2053 4496 norbis
2092 4442 2235 4511 capti
2268 4452 2415 4511 sunt,
2458 4458 2556 4512 per
2591 4443 2954 4513 ignorantiam
2989 4442 3044 4496 in
3085 4458 3143 4498 se
3181 4442 3420 4512 propriis

146 4528 272 4581 καθ’
307 4530 519 4585 ἑαυτῶν
550 4531 707 4594 ἰδίαις
736 4534 921 4605 χερσὶν
950 4536 1385 4607 ἐπισπασάμενοι
1412 4537 1473 4590 τὸ
1501 4538 1593 4591 τοῦ
1626 4538 1741 4592 όλέ-

1865 4533 2096 4588 nanihus
2124 4541 2355 4587 attracto
2384 4533 2644 4602 perniciei
2680 4533 2877 4604 gladio.
2908 4531 3096 4602 Neque
3139 4532 3285 4586 enim
3317 4531 3417 4585 ad-

148 4623 277 4693 θρου
323 4624 494 4693 ξίφος.
528 4627 603 4679 Ού
649 4626 757 4698 γάρ
788 4626 853 4682 ἂν
900 4629 999 4701 τὴν
1037 4630 1159 4685 καθ’
1200 4631 1352 4702 ὑμῶν
1392 4631 1549 4703 ἔσχον
1583 4630 1737 4696 ἐξου-

1865 4639 2063 4678 ῖθγδυιη
2093 4640 2189 4678 vos
2220 4624 2497 4680 dmmones
2541 4626 2865 4679 habuissent
2912 4632 3234 4695 potestatem
3256 4664 3270 4685 ,
3311 4622 3419 4679 nisi

149 4718 272 4769 σίαν
310 4718 362 4768 οἱ
386 4717 661 4787 δαίμονες,
693 4720 740 4771 εί
786 4718 862 4791 μὴ
892 4720 1159 4792 πρότερον
1192 4720 1271 4792 τῷ
1298 4722 1522 4793 ἄρχοντι
1560 4722 1738 4775 αὐτῶν

1865 4716 1997 4772 )rius
2034 4732 2158 4772 cum
2198 4733 2387 4771 eorum
2432 4718 2678 4787 principe
2720 4716 2970 4773 fuissetis
2999 4716 3220 4786 epulati.
3254 4714 3417 4769 Prin~

146 4808 446 4877 όμοδίαιτοι
475 4808 794 4877 έγεγόνειτε.
839 4809 995 4865 Οὕτω
1018 4811 1127 4883 γὰρ
1166 4812 1485 4885 ἀπαρχῆς⁹³
1510 4813 1615 4865 ὑπὸ
1642 4811 1737 4865 τοῦ

1865 4810 1987 4877 :ipio
2046 4809 2313 4877 siquidem
2369 4806 2457 4862 illa
2502 4826 2597 4879 per
2647 4810 3027 4863 universorum
3072 4807 3415 4863 conditorem

151 4900 333 4952 πάντα
368 4899 654 4964 κτίσαντος
681 4900 817 4955 Θεοῦ
844 4902 995 4957 δυσὶν
1015 4903 1273 4958 ἑκάστοτε
1309 4905 1557 4975 ἄρχουσι,
1580 4900 1739 4974 δεξιῷ

1865 4904 2017 4959 )eum
2052 4903 2138 4957 lex
2190 4904 2455 4973 prazlinita
2483 4912 2565 4958 cst
2594 4903 2809 4957 duobus
2841 4903 3099 4972 utrinque
3155 4901 3412 4967 ducibus,

1467 5079 1704 5135 VARUE
1758 5080 2161 5136 LECTlONES.

217 5213 533 5292 "ﬁcoug‘O:
609 5216 872 5292 δίας)τὸοι
891 5217 955 5271 C.
1032 5216 1231 5292 “ltaQ
1265 5216 1371 5292 c.S
1400 5217 1924 5292 ,συνεξεληλύθησαν
1938 5226 2001 5279 C.
2078 5228 2122 5266 ⁸⁵
2142 5228 2231 5280 ὑπ’
2259 5226 2422 5281 αὐτοῦ
2452 5225 2512 5280 C.
2590 5225 2638 5256 ⁸⁸
2663 5226 2752 5277 ὑπ’
2784 5223 2949 5277 αὐτοῦ
2965 5221 3318 5291 τετυχηκέναι

145 5285 192 5323 ⁸⁷
222 5288 290 5355 τῇ
322 5286 527 5368 praefixi
552 5301 615 5368 c._
727 5287 869 5368 Idem
890 5296 1075 5368 postea
1095 5288 1186 5368 τὸν
1207 5287 1465 5368 ὄρθρον.“
1498 5288 1543 5320 ⁸⁸
1569 5285 1872 5368 trioni).
1950 5298 1996 5329 ⁸ο
2023 5298 2096 5368 μή
2118 5299 2273 5368 deest
2307 5300 2358 5351 in
2386 5296 2447 5351 Ο.
2475 5365 2499 5368 _
2526 5295 2571 5333 ⁰⁰
2594 5293 2893 5365 ἀνθρώπων
2920 5294 2980 5368 (ξ,
3015 5285 3320 5368 ἀνθρώποις
3353 5291 3409 5345 in

150 5353 325 5439 marg.
360 5353 561 5439 Vocem
592 5353 902 5439 ἀειθρὼλιων
921 5353 1411 5439 delendamnceiiset
1432 5358 1471 5411 D
1498 5400 1512 5423 ,
1547 5361 1953 5439 συμϐαινόντων
1977 5353 2167 5439 παθῶν
2191 5368 2444 5439 proponit
2469 5365 2505 5420 S
2538 5386 2548 5418 :
2582 5353 3057 5439 conjecturzejam
3094 5353 3403 5439 superﬂuae.

146 5424 1571 5529 ς’ἠὺνῗοπτεέέμξναιρξὲιὶεἷιίξόξωκἀποξησξμεζαωοὲ
1584 5424 1693 5529 ‘Dn,
1724 5433 2037 5508 ἀποσόμενα
2064 5438 2105 5492 C
2136 5480 2151 5505 ,
2184 5424 2325 5493 idem
2360 5438 2398 5492 f.
2431 5424 2733 5507 ἐπεσόμενά
2781 5436 2865 5490 vel
2914 5424 3306 5504 ἀίποσωζόμενα
3349 5430 3407 5484 in

146 5508 329 5565 marg.
438 5497 483 5527 ⁸³
512 5499 782 5553 εἱστίασεν
816 5498 1030 5569 Epit.c.
1060 5499 1148 5555 54.
1225 5497 1272 5530 ⁸³
1310 5497 1405 5551 ἀπ’
1432 5500 1606 5572 ἀρχῆς
1627 5498 1692 5556 Ο.

1466 5638 1831 5698 VARIORUM
1861 5639 2091 5695 NOTAE.

219 5750 335 5876 (liti)
372 5746 623 5876 Ιίιὸῐηίἓιε
651 5751 901 5877 septimae
940 5749 1169 5806 alteram
1207 5749 1582 5823 inscriptionis
1602 5762 1809 5827 partem
1834 5769 1921 5825 ap.
1952 5753 2014 5813 C.
2041 5753 2257 5813 obviam
2289 5753 2381 5808 EN
2416 5752 2596 5822 ΤΥΡῼ
2639 5752 2711 5820 Δ’,
2742 5766 2862 5820 quae
2909 5747 3153 5806 scholion
3178 5744 3401 5810 redolet.

219 5838 299 5877 ius
349 5837 398 5876 c.
485 5862 495 5873 .
579 5837 643 5875 ne
680 5838 724 5877 s.

151 5837 319 5879 wusn
349 5837 398 5876 ο.
433 5837 495 5876 υ.
533 5837 724 5877 URESS.
