3894 6208
489 377 593 434 219

1457 374 1515 429 8.
1556 368 1941 428 CLEMENTIS
1988 369 2009 423 ἰ
2046 368 2210 423 ROM.
2250 364 2449 420 PONT.
2492 364 2717 419 OPERA
2756 363 2978 420 DUBIA.

3624 358 3729 412 220

488 491 682 545 dextro
711 494 766 543 et
796 487 1042 553 sinistro,
1077 495 1140 543 ut
1171 503 1279 541 non
1313 485 1512 542 haheat
1547 487 1681 540 alter
1709 485 1924 538 illorum
1953 498 2053 552 po-

2161 496 2211 530 τε
2232 478 2326 530 καὶ
2347 476 2611 545 εὐωνύμῳ
2633 474 2699 537 ⁵⁸,
2725 474 2934 544 ὡρίσθη
2966 470 3157 542 νόμος,
3193 470 3267 541 μὴ
3288 468 3335 502 ³⁸
3366 468 3507 540 ἔχειν
3536 468 3727 521 ἑκάτε-

487 590 759 647 testatem,
790 581 893 635 nisi
922 582 1074 650 prius
1098 580 1325 634 conviva
1351 580 1654 649 cujuspiam
1681 576 1859 642 fuerit,
1891 590 2054 644 quem

490 673 757 728 beneficio
786 674 867 726 vel
902 673 1099 742 injuria
1130 674 1279 741 cupit
1318 672 1548 726 afficere.
1601 670 1755 723 Sicut
1781 684 1910 737 ergo
1934 683 2058 737 per-

488 764 659 832 ceptis
706 762 1011 825 sacrificiis,
1043 776 1163 830 quae
1211 759 1545 813 dzemonihus
1591 756 1804 810 fuerant
1854 754 2055 816 oblata,

488 854 717 907 venistis
749 853 803 905 in
852 853 1166 906 servitutem
1212 851 1356 903 illius
1394 850 1491 919 qui
1538 848 1759 901 malitia:
1806 846 2058 915 princeps

488 952 591 1007 est,
624 944 695 995 ita
724 941 769 996 si
795 943 862 995 ab
883 942 950 995 iis
974 940 1345 994 abstinueritis
1371 948 1423 993 et
1452 938 1517 992 ad
1544 937 1709 992 Deum
1736 951 1829 1005 per
1852 936 2056 988 bonum

430 1032 451 1051 ’
488 1034 854 1103 dextrumque
881 1034 1181 1104 principem
1209 1032 1596 1103 confugeritis,
1632 1030 1933 1084 honoribus
1969 1044 2058 1082 sa-

488 1126 679 1181 criﬁcii
702 1127 1016 1195 expertibus
1044 1126 1304 1180 facientes
1333 1140 1455 1195 qua:
1481 1125 1615 1191 vult,
1642 1125 1808 1192 probe
1841 1122 2055 1187 scitote,

488 1217 629 1285 quod
661 1230 785 1270 cum
819 1218 1061 1285 corporis
1094 1220 1331 1271 sanitate
1381 1215 1593 1268 animas
1627 1229 1846 1283 quoque
1876 1212 2057 1280 possi-

489 1308 689 1363 debitis
737 1325 922 1363 sanas.
976 1309 1091 1378 Ipse
1121 1323 1358 1379 namque
1405 1308 1588 1372 solus,
1632 1322 1730 1376 per
1778 1305 2056 1360 sinistram

488 1401 762 1463 occidens,
798 1416 895 1470 per
927 1401 1176 1456 dextram
1224 1407 1399 1469 potest
1425 1400 1591 1453 vitam
1641 1397 1862 1467 largiri;
1908 1396 2056 1466 pari-

486 1499 674 1559 terque
699 1499 752 1544 et
780 1502 1083 1559 percutere,
1108 1499 1161 1544 et
1187 1491 1455 1559 jacentem
1488 1490 1694 1558 erigere
1725 1502 1774 1542 ιι.

555 1580 644 1635 lV'.
661 1580 950 1651 Propterea
966 1582 1201 1650 primum
1218 1597 1247 1635 a
1262 1596 1597 1650 praacursore
1612 1580 1835 1633 Simone
1848 1579 2057 1647 decepti

489 1672 698 1726 ratione
716 1674 913 1725 anima:
927 1674 1124 1726 mortui
1141 1674 1273 1728 estis
1288 1673 1397 1727 Deo
1415 1682 1467 1727 et
1483 1687 1709 1741 corpore
1723 1670 1902 1726 fuistis
1922 1671 2058 1725 allii-

487 1764 582 1828 cti,
602 1765 826 1834 potestis
849 1772 1029 1819 autem
1054 1765 1303 1821 similiter
1328 1765 1523 1819 iterum
1540 1780 1634 1834 per
1660 1763 2055 1833 pmnitentiam,

2161 587 2253 642 ρον
2283 568 2459 622 αὐτῶν
2489 567 2738 633 ἐξουσίαν
2761 604 2776 629 ,
2816 565 2909 618 ὲάν
2948 564 3021 635 μὴ
3056 562 3323 633 πρότερόν
3356 578 3458 614 τινι
3492 560 3729 632 ὁμοτρᾶ-

2159 661 2321 725 πεζος
2353 646 2611 730 γένηται,
2674 658 2733 711 ὃν
2766 658 3050 727 εὐποιῆσαι
3085 654 3117 725 ἢ
3175 652 3420 707 κακῶσαι
3460 651 3724 721 βούλεται.

2162 753 2371 823 Ὠσπερ
2401 748 2492 804 οὐν
2521 751 2769 820 δαίμοσιν
2796 746 3199 816 ἀποδεδομένων
3224 744 3475 814 θυμάτων
3501 744 3731 814 μεταλα-

2159 842 2341 902 ϐόντες
2368 840 2445 910 τῷ
2466 841 2563 910 τῆς
2589 840 2787 902 κακίας
2806 836 3032 908 ἡγεμόνι
3060 833 3511 903 κατεδουλώθητε,
3533 833 3727 897 οὕτως,

2158 932 2224 986 ἂν
2251 932 2455 984 τούτων
2490 930 2829 1001 παυσάμενοι.
2871 927 2951 999 τῷ
2994 926 3112 996 Θεῷ
3148 924 3235 978 διὰ
3262 924 3355 977 τοῦ
3397 924 3600 993 ἀγαθοῦ
3636 925 3730 977 καὶ

2157 1023 2329 1088 δεξιοῦ
2357 1021 2623 1094 ἡγεμόνος
2652 1020 3025 1092 προσφύγητε,
3060 1017 3275 1079 ἀθύτοις
3303 1018 3487 1087 τιμαῖς
3512 1016 3731 1069 ποιοῦν-

2157 1134 2247 1179 τες
2274 1115 2308 1168 ἀ
2338 1114 2607 1185 βούλεται,
2635 1108 2694 1165 εὖ
2726 1114 2838 1165 ἴστε
2867 1112 2949 1163 ὅτι
2981 1111 3081 1163 σὺν
3106 1112 3171 1179 τῇ
3197 1108 3289 1161 τοῦ
3317 1106 3564 1178 σώματος
3590 1106 3730 1160 ἰάσει

2160 1206 2373 1269 καὶτὰς
2407 1205 2585 1275 ψυχὰς
2622 1202 2967 1272 ὑγιαινούσας
3007 1199 3172 1265 ἕξετε.
3210 1198 3380 1261 Αὐτὸς
3410 1198 3517 1269 γὰρ
3571 1198 3731 1267 μόνος

2157 1297 2245 1351 διὰ
2271 1296 2371 1365 τῆς
2392 1297 2686 1366 ἀριστερᾶς
2708 1292 2944 1364 ἀναιρῶν
2975 1292 3061 1344 διὰ
3084 1292 3181 1362 τῆς
3203 1289 3379 1355 δεξιᾶς
3401 1286 3731 1359 ζωοποιῆσαι

2158 1387 2398 1440 δύναται·
2424 1386 2628 1456 ὁμοίως
2650 1386 2707 1439 δὲ
2740 1384 2833 1437 καὶ
2857 1383 3122 1448 πατάξαι,
3157 1382 3251 1434 καὶ
3283 1381 3582 1451 ἀναστῆσαι
3617 1381 3735 1433 κεί-

2162 1494 2335 1548 μενον.

2229 1567 2314 1622 ιν.
2358 1566 2457 1621 Διά
2482 1566 2879 1637 τοῦτοπρῶτον
2900 1566 3006 1619 ὑπὸ
3031 1567 3125 1618 τοῦ
3156 1564 3462 1635 προδρόμου
3490 1562 3733 1633 Σίμωνος

2159 1640 2653 1731 πῳαπαττβέντες,
2689 1658 2807 1728 Θεῷ
2839 1658 2939 1720 τὰς
2970 1655 3147 1726 ψυχὰς
3188 1655 3481 1708 ἀπεθάνετε
3521 1655 3615 1707 καί
3663 1654 3735 1706 τά

2162 1751 2386 1822 σώματα
2412 1750 2781 1820 ὲπατάχθητε·
2813 1748 3041 1803 δύνασθε
3063 1748 3119 1801 δὲ
3145 1747 3345 1817 ὁμοίως
3370 1745 3431 1798 τὸ
3458 1745 3732 1817 δεύτερον,

488 1857 690 1918 utdixi,
705 1856 814 1911 Deo
827 1857 1023 1925 placita
1040 1857 1271 1923 amplexi
1286 1866 1338 1911 et
1349 1871 1577 1925 corpore
1588 1856 1988 1922 convalescere,
2002 1861 2058 1908 et

2161 1843 2249 1897 διά
2266 1844 2365 1913 τῆς
2389 1842 2703 1913 μετανοίας,
2729 1841 2805 1904 ὡς
2833 1840 3001 1910 ἔφην,
3027 1838 3092 1892 τὰ
3123 1837 3242 1908 Θεῷ
3277 1838 3574 1908 ἀρέσκοντα
3606 1838 3736 1895 ἀνα-

488 1949 727 2004 animam
748 1950 1267 2019 recuperare.Porro
1286 1948 1395 2003 Deo
1412 1948 1609 2019 placita
1625 1956 1753 2003 sunt
1769 1967 1781 2002 :
1796 1962 1917 2002 eum
1933 1962 2058 2016 pre-

488 2038 601 2091 cari
628 2078 645 2104 ,
673 2049 855 2108 petere
881 2041 950 2095 ab
974 2041 1067 2095 illo
1096 2050 1355 2110 tanquam
1381 2041 1449 2093 ab
1473 2054 1538 2094 eo
1561 2040 1653 2108 qui
1677 2048 1871 2093 cuncta
1899 2053 2057 2107 aequa

487 2132 605 2202 lege
638 2132 847 2197 tribuit,
882 2132 1189 2186 dazmonum
1222 2146 1409 2185 mensa
1454 2146 1574 2186 sese
1608 2131 1913 2197 abstinere,
1944 2145 2057 2185 non

486 2231 708 2291 gustare
735 2236 953 2275 carnem
982 2222 1348 2285 demortuam,
1378 2221 1701 2289 sanguinem
1738 2235 1848 2274 non
1893 2220 2058 2273 attin-

486 2327 635 2381 gere,
662 2312 730 2366 ab
756 2313 907 2365 omni
937 2313 1123 2366 illuvie
1151 2311 1427 2366 mundari.
1468 2310 1695 2380 Reliqua
1721 2318 1907 2364 autem
1947 2326 2056 2365 uno

485 2401 677 2468 verbo,
701 2416 1041 2470 quascunque
1069 2399 1263 2465 Judaei,
1292 2416 1419 2471 erga
1451 2400 1622 2455 Deum
1669 2401 1911 2472 religiosi
1950 2401 2054 2455 ho-

484 2491 680 2558 mines,
714 2492 1026 2556 audierunt.
1059 2501 1115 2547 et
1144 2508 1244 2548 vos
1277 2494 1460 2548 cuncti
1508 2492 1692 2548 audite
1716 2534 1732 2560 ,
1764 2493 1820 2546 in
1866 2492 2055 2548 multis

484 2581 808 2650 corporibus
837 2597 1001 2635 unam
1028 2590 1261 2635 mentem
1287 2582 1463 2651 adepti
1488 2599 1502 2635 :
1528 2597 1651 2651 qua:
1676 2582 2057 2651 unusquisque

483 2672 588 2726 sibi
615 2672 888 2726 desiderat
909 2672 1074 2736 bona,
1106 2673 1293 2728 eadem
1312 2682 1366 2728 et
1392 2674 1457 2727 de
1477 2673 1725 2742 proximo
1778 2683 1978 2729 statuat
2000 2675 2051 2728 ιι.

486 2763 581 2817 Sic
604 2773 785 2817 autem
810 2765 1187 2833 unusquisque
1207 2774 1446 2819 vestrum
1475 2765 1679 2820 bonum
1714 2766 2052 2835 cogitaverit,

486 2853 535 2908 si
572 2856 670 2907 ista
700 2854 843 2920 apud
875 2870 934 2909 se
965 2864 1173 2924 repetat
1200 2874 1213 2908 :
1262 2854 1383 2910 Non
1411 2857 1493 2911 vis
1522 2856 1791 2911 interﬁci?
1821 2858 2054 2912 alterum

485 2956 594 2995 non
630 2941 923 2997 interﬁcias
962 2961 976 3010 ;
1011 2960 1119 2997 non
1147 2945 1230 2998 vis
1260 2960 1483 3000 uxorem
1514 2955 1663 3000 tuam
1696 2947 1765 3000 ab
1794 2946 1899 3001 alio
1926 2962 2055 3001 con-

486 3033 758 3102 stuprari,
791 3034 1015 3088 alterius
1050 3045 1274 3105 nuptam
1326 3052 1395 3091 ne
1449 3046 1746 3106 constupra
1775 3056 1790 3104 ;
1828 3054 1935 3091 non
1970 3039 2055 3094 vis

486 3126 765 3194 quidpiam
808 3142 989 3180 rerum
1026 3137 1243 3183 tuarum
1274 3128 1419 3183 furto
1470 3128 1715 3182 auferri?
1749 3130 1884 3183 nihil
1919 3130 2055 3185 alte—

486 3218 603 3270 rius
637 3216 838 3272 furare.
881 3218 1058 3287 Atque
1091 3220 1165 3273 ita
1198 3236 1264 3274 ex
1302 3221 1459 3274 vobis
1489 3220 1621 3290 ipsis
1674 3222 1818 3291 quod
1852 3224 2051 3277 rationi
2079 3196 2123 3258 Ο

488 3316 917 3362 consentaneum
945 3319 1027 3362 est
1058 3310 1417 3380 intelligentes
1448 3321 1611 3380 atque
1630 3312 1909 3375 facientes,
1938 3316 2049 3367 Deo

486 3398 641 3451 chari
669 3398 844 3453 effecti
879 3402 1291 3469 consequemini
1345 3402 1667 3455 sanitatem:
1714 3403 1959 3474 alioquin
2001 3413 2056 3458 et

486 3487 541 3541 in
575 3490 825 3557 praesenti
850 3491 1049 3546 saeculo
1081 3492 1408 3561 corporibus
1436 3494 1828 3563 torquebimini
1850 3535 1865 3561 ,
1910 3504 1964 3551 et
1998 3496 2053 3549 in

484 3577 675 3633 futuro
703 3580 1007 3649 puniemini
1038 3581 1348 3637 animabus.

558 3727 625 3784 ν.
668 3729 793 3788 Haec
842 3750 872 3789 a
918 3734 1079 3789 Petro
1130 3738 1317 3806 paucis
1349 3737 1541 3794 diebus
1569 3740 1745 3794 edocti
1778 3748 1831 3796 et
1876 3740 2054 3795 sanati

488 3821 748 3891 baptizati
783 3835 932 3880 sunt.
968 3826 1170 3881 Deinde
1204 3830 1345 3882 inter
1374 3840 1568 3885 caetera
1617 3832 1762 3887 illius
1794 3833 2055 3887 miracula

488 3911 685 3980 reliqui
726 3928 916 3969 omnes
959 3919 1010 3968 in
1045 3916 1221 3970 medio
1272 3916 1398 3971 foro
1447 3919 1649 3986 passim
1694 3918 1745 3971 in
1787 3920 1971 3974 cinere
2005 3928 2059 3974 et

488 4016 649 4055 sacco
680 4003 959 4065 sedebant.
998 4016 1220 4074 agentes
1264 4007 1639 4075 pmnitentiam
1672 4008 1739 4063 de
1786 4004 2057 4077 priet-ibus

489 4093 722 4151 delictis.
758 4096 823 4151 Et
850 4098 942 4167 qui
978 4096 1233 4153 Sidoncm
1268 4101 1598 4168 incolebant,
1637 4103 1736 4157 ista
1775 4102 2058 4158 audientes

489 4186 689 4241 similia
720 4186 985 4251 fecerunt.
1019 4191 1390 4260 miseruntque
1424 4192 1490 4245 ad
1523 4192 1741 4248 Petrum
1781 4195 2057 4263 supplica-

490 4287 674 4344 turos,
722 4281 868 4349 quod
919 4280 1018 4349 ipsi
1053 4291 1273 4349 propter
1300 4284 1521 4339 morbos
1566 4300 1672 4338 non
1725 4295 1951 4354 possent
1990 4285 2057 4339 ad

490 4371 643 4425 illum
679 4372 882 4427 venire.
921 4371 1089 4442 Igitur
1132 4372 1324 4429 Petrus
1370 4390 1493 4429 cum
1549 4392 1644 4444 per
1694 4392 1897 4445 paucos
1944 4376 2059 4431 dies

489 4459 617 4533 Tyri
660 4472 1033 4519 commoratus
1061 4473 1205 4519 esset
1254 4476 1592 4534 cunctosque
1624 4468 1770 4522 illius
1822 4468 2057 4523 civitatis

489 4551 741 4607 homines
793 4553 1189 4620 instruxisset,
1248 4563 1302 4607 et
1356 4556 1699 4611 liberavisset
1751 4559 2056 4628 omnigenis

490 4644 718 4707 morbis,
752 4660 817 4698 ac
849 4645 1179 4699 instituisset
1208 4647 1516 4710 ecclesiam,
1552 4657 1711 4717 atque
1746 4664 1809 4703 ex
1832 4651 2057 4721 presby~

491 4732 655 4795 teris,
693 4732 785 4800 qui
816 4748 941 4787 eum
976 4736 1377 4803 sequebantur,
1409 4736 1542 4805 ipsis
1577 4738 1892 4807 episc0pum
1928 4754 2059 4791 con-

477 4814 781 4889 'SIituisset,
818 4822 1073 4878 Sidonem
1134 4828 1359 4894 appulit.
1396 4826 1467 4881 At
1548 4827 1776 4894 Simon,
1832 4830 2059 4885 audiens

477 4914 637 4987 ‘quod
691 4915 1007 4971 adventaret
1064 4916 1296 4981 Petrus,
1352 4917 1638 4974 confestim
1686 4920 1754 4973 ad
1806 4919 2059 4990 Berytqu

493 5006 707 5078 aufugit
739 5023 861 5063 eum
891 5009 1139 5079 Appione
1172 5018 1227 5064 et
1259 5011 1442 5066 sociis.

566 5237 593 5267 ι
616 5224 769 5282 Deut.
804 5245 980 5296 xxx",
1010 5230 1112 5298 39;
1150 5228 1171 5285 Ι
1203 5231 1334 5304 Reg.
1368 5250 1429 5301 ll,
1458 5234 1511 5289 6.
1596 5236 1623 5276 δ
1650 5235 1841 5291 Matth.
1874 5254 1971 5302 vn,
2003 5240 2089 5293 12.

2088 4528 2132 4583 D

2156 1930 2437 2000 δεξάμενοι
2473 1930 2571 1984 καί⁸
2593 1930 2662 1983 τά
2695 1929 2923 1999 σώματα
2945 1926 3258 1999 ἀναρρῶσαι
3299 1928 3393 1981 καὶ
3433 1925 3531 1989 τὰς
3558 1926 3736 1995 ψυχὰς

2156 2019 2462 2073 ἀναλαϐεῖν.
2495 2021 2651 2073 Ἔστι
2694 2020 2751 2073 δὲ
2786 2019 2855 2072 τὰ
2897 2019 3199 2091 ἀρέσκοντα
3230 2017 3307 2088 τῷ
3332 2017 3451 2088 θεῷ
3485 2018 3545 2070 τὸ
3587 2018 3737 2087 αὐτῴ

2157 2110 2575 2183 προσεύχεσθαι⁹
2608 2110 2769 2163 αὐτὸν
2803 2113 2970 2163 αἰτεῖν
2992 2110 3037 2142 ’⁸
3067 2110 3142 2174 ὡς
3190 2109 3366 2162 πάντα
3410 2110 3559 2179 νόμῳ
3614 2127 3737 2179 κρι-

2156 2202 2293 2273 τικῴ
2318 2202 2549 2256 διδόνταο
2574 2201 2855 2273 τραπέζης
2885 2201 3151 2272 δαιμόνων
3183 2200 3498 2270 ἀπέχεσθαι’
3533 2204 3737 2271 νεκρᾶς

2162 2292 2237 2363 μὴ
2264 2292 2519 2360 γεύεσθαι
2553 2292 2769 2364 σαρκός·
2813 2291 2886 2362 μὴ
2912 2292 3070 2361 176
3087 2290 3279 2360 ψαύειν
3309 2290 3532 2359 αἵματος
3552 2291 3597 2321 ’⁷
3617 2305 3634 2321 ο
3672 2293 3738 2343 ὲκ

2158 2382 2358 2446 παντὸς
2383 2382 2740 2435 ἀπολούεσθαι
2757 2382 2803 2413 ⁸⁸
2827 2381 2890 2433 λύ
2900 2398 3082 2451 ματος·
3109 2380 3175 2434 τά
3203 2380 3258 2433 δὲ
3284 2379 3443 2433 λοιπά
3464 2382 3543 2432 ἐνὶ
3569 2381 3737 2450 λόγῳ,

2157 2474 2233 2537 ὡς
2279 2475 2329 2527 οί
2367 2474 2501 2528 Θεὸν
2552 2474 2797 2537 σέϐοντες
2830 2474 3065 2544 ἥκουσαν
3100 2473 3340 2525 Ἰουδαῖοι
3373 2512 3387 2536 ,
3434 2474 3527 2525 καί
3580 2475 3738 2544 ὑμεῖς

2157 2564 2424 2619 ἀκούσατε
2466 2564 2700 2627 ἅπαντες
2720 2604 2735 2628 ,
2768 2565 2829 2617 ὲν
2865 2563 3079 2626 πολλοῖς
3111 2562 3325 2633 σώμασι
3359 2563 3482 2634 μίαν
3509 2564 3738 2635 γνώμην

2157 2654 2532 2719 ἀναλαϐόντες·
2569 2655 2710 2727 ἅπερ
2734 2656 2960 2719 ἕκαστος
2997 2656 3174 2726 ἑαυτῷ
3199 2655 3441 2725 βούλεται
3479 2656 3636 2719 καλὰ,
3667 2657 3741 2711 τὰ

2158 2744 2301 2799 αὐτά
2355 2744 2687 2815 βουλευέσθω
2722 2745 2767 2778 ³*
2823 2744 2917 2797 καὶ
2966 2743 3044 2814 τῷ
3092 2743 3337 2815 πλησίον.
3395 2742 3549 2797 Οὕτω
3594 2745 3637 2797 δ’
3670 2744 3739 2797 ἂν

2159 2836 2309 2907 ὐμῶν
2337 2838 2564 2899 ἕκαστος
2600 2836 2809 2906 νοήσειε
2840 2836 2898 2889 τὸ
2924 2836 3106 2899 καλὸν,
3136 2837 3183 2888 εἰ
3218 2834 3393 2906 ἑαυτῷ
3428 2835 3738 2906 διαλεχθείη

2155 2928 2224 2980 τὰ
2249 2927 2487 2981 τοιαῦτα·
2514 2928 2588 2980 Οὐ
2619 2926 2793 2990 θέλεις
2822 2926 3163 2997 φονευθῆναι,
3208 2927 3390 2998 ἕτερον
3429 2926 3502 2996 μὴ
3543 2926 3737 2995 φονεύ-

2160 3034 2278 3091 σῃς·
2312 3018 2372 3070 οὐ
2419 3017 2592 3080 θέλεις
2622 3017 2718 3088 τὴν
2750 3017 2846 3088 σὴν
2890 3019 2978 3087 ὐφ’
3022 3018 3209 3088 ἐτέρου
3244 3017 3593 3088 μοιχευθῆναι
3639 3035 3739 3085 γυ-

2157 3111 2339 3173 ναῖκα,
2363 3108 2461 3180 τὴν
2492 3110 2677 3180 ἐτέρου
2717 3108 2791 3180 μὴ
2827 3110 3042 3179 μοίχευε
3069 3111 3333 3180 γαμετήνο
3376 3110 3435 3161 οὐ
3473 3108 3648 3171 θέλεις
3688 3126 3739 3161 τι

2155 3197 2260 3251 τῶν
2300 3198 2407 3253 σῶν
2441 3198 2711 3269 κλαπῆναι
2736 3236 2751 3261 ,
2791 3199 2977 3268 ἐτέρου
3034 3197 3108 3269 μὴ
3157 3197 3373 3260 κλέπτε,
3397 3198 3581 3267 μηδέν.
3629 3198 3741 3249 Καὶ

2155 3287 2327 3350 οὕτως
2367 3289 2460 3357 ἀφ’
2497 3287 2650 3358 ὑμῶν
2695 3287 2874 3339 αὐτῶν
2907 3287 2966 3339 τὸ
3001 3285 3217 3354 εὐλογον
3270 3286 3612 3347 συννοοῦντες
3644 3288 3742 3338 καὶ

2157 3379 2455 3443 ποιοῦντες,
2510 3378 2628 3449 Θεῷ
2672 3378 2988 3450 προσφιλεῖς
3036 3378 3348 3447 γενόμενοι,
3392 3376 3739 3439 ὲπιτεύξεσθε

2154 3471 2253 3541 τῆς
2307 3471 2538 3534 ἰάσεως,
2576 3472 2696 3522 ἐπεὶ
2727 3471 2822 3523 καὶ
2870 3471 2928 3523 ἐν
2972 3468 3051 3539 τῷ
3101 3468 3326 3539 παρόντι
3381 3468 3536 3521 αἰῶνι
3569 3468 3740 3537 βασα-

2156 3561 2469 3631 νισθήσεσΟε
2508 3562 2577 3613 τὰ
2628 3560 2887 3632 σώματα,
2934 3560 3027 3613 καὶ
3073 3561 3128 3613 έν
3161 3559 3239 3629 τῷ
3291 3559 3532 3629 μέλλοντι
3580 3559 3739 3611 κολα-

2160 3652 2425 3723 σθήσεσθε
2457 3652 2554 3715 τὰς
2585 3652 2782 3723 ψυχάς.

2232 3744 2297 3799 ν.
2345 3744 2528 3797 Ταῦτα
2551 3745 2619 3776 ¹⁰⁰
2651 3744 2754 3797 ὐπὸ
2784 3744 2878 3797 τοῦ
2914 3744 3118 3815 Πέτρου
3158 3744 3215 3794 ὲν
3258 3742 3466 3809 ὀλίγαις
3501 3743 3741 3814 ἡμέραις

2159 3836 2555 3906 κατηχηθέντες
2603 3836 2697 3889 καὶ
2738 3835 2980 3898 ὶαθέντες
3012 3834 3431 3903 ἐϐαπτίσθησαν.
3462 3836 3696 3887 Ἔπειτα
3720 3836 3738 3865 ¹

2157 3930 2268 3990 τοῖς
2313 3927 2517 3989 λοιποῖς
2571 3926 2735 3978 αὐτοῦ
2790 3925 3061 3996 θαύμασιν
3114 3927 3163 3978 οί
3202 3926 3378 3978 λοιποί
3428 3925 3632 3989 πάντες
3683 3928 3741 3979 ἐν

2163 4019 2353 4089 μέσαις
2373 4022 2491 4081 ταῖς
2517 4019 2743 4086 ἀγοραῖς
2765 4018 3037 4088 πανδημεὶ
3064 4019 3155 4070 ὲπὶ
3190 4018 3384 4070 σποδοῦ
3408 4018 3500 4070 καὶ
3533 4018 3737 4071 σάκκου

2159 4107 2499 4170 ἐκαθέζοντο,
2529 4107 2912 4178 μετανοοῦντες
2939 4108 3029 4159 ἐπὶ
3058 4110 3168 4171 τοῖς
3198 4109 3455 4180 πρότερον
3482 4110 3737 4179 ἡμαρτη-

2163 4198 2364 4269 μένοις.
2403 4198 2512 4250 Καὶ
2542 4198 2591 4249 οἱ
2624 4199 2679 4249 ἐν
2709 4197 2896 4250 Σιδῶνι
2922 4196 3093 4250 ταῦτα
3126 4198 3457 4261 ἀκούσαντες
3482 4197 3549 4250 τὰ
3578 4200 3741 4269 ὅμοια

2160 4288 2445 4356 ἐποίησαν,
2493 4286 2587 4338 καὶ
2636 4286 2819 4349 ἱκέτας
2851 4286 2987 4357 πρὸς
3017 4287 3108 4339 τὸν
3140 4287 3343 4357 Πέτρον
3388 4286 3737 4349 ἀπέστελλον,

2160 4379 2234 4440 ὡς
2268 4378 2422 4431 αὐτοί
2453 4377 2540 4429 διὰ
2570 4378 2668 4441 τάς
2700 4378 2887 4441 νόσους
2936 4378 3070 4449 πρὸς
3104 4378 3263 4431 αὐτὸν
3308 4379 3480 4431 ἐλθεῖν
3527 4379 3602 4450 μὴ
3650 4378 3740 4432 δυ-

2160 4469 2398 4539 νάμενοι.
2430 4469 2714 4540 ὈοΠέτρος
2747 4470 2802 4522 δὲ
2830 4469 3051 4541 ἡμερῶν
3081 4471 3141 4522 οὐ
3168 4470 3376 4523 πολλῶν
3397 4471 3741 4543 ἐνδιατρίψας

2160 4563 2226 4630 τῇ
2248 4561 2267 4590 ⁸
2291 4560 2471 4631 Τύρῳ,
2506 4560 2599 4614 καὶ
2628 4563 2942 4632 κατηχήσας
2974 4563 3100 4627 τοὺς
3131 4563 3188 4614 ἐν
3221 4564 3357 4637 αὐτῇ
3386 4564 3541 4633 177
3565 4564 3744 4618 ἀπαν-

2162 4670 2295 4715 τας,
2347 4653 2440 4705 καὶ
2491 4652 2844 4706 παντοδαπῶν
2897 4653 3093 4715 αὐτοὺς
3147 4652 3459 4716 ἀπαλλάξας
3519 4655 3739 4719 παθῶν,

2164 4743 2459 4813 ἐκκλησίαν
2492 4761 2551 4795 τε
2586 4744 3010 4815 συστησάμενος,
3046 4744 3141 4797 καὶ
3179 4744 3287 4797 ἀπὸ
3318 4743 3425 4796 τῶν
3459 4745 3741 4815 ἑπομένων

2164 4835 2311 4904 αὐτῴ
2361 4835 2742 4907 πρεσϐυτέρων
2789 4837 3088 4889 ἐπίσκοπον
3134 4836 3317 4898 αὐτοῖς
3350 4838 3738 4906 καταστήσας,

2162 4924 2419 4993 ὥρμησεν
2451 4926 2529 4986 εἰς
2553 4924 2773 4977 Σιδῶνα.
2812 4925 2868 4977 '0
2900 4925 2957 4978 δὲ
2980 4925 3160 4995 Σίμων
3204 4924 3389 4995 μαθὼν
3414 4927 3616 4995 ἥκοντα
3645 4928 3740 4978 τὸν

2162 5015 2366 5085 Πέτρον
2399 5014 2559 5077 εὐθὺς
2603 5014 2810 5085 ἀπέδρα
2838 5017 2918 5077 εἰς
2960 5016 3200 5086 Βηρυτὸν
3234 5018 3347 5086 μετ’
3369 5017 3389 5049 ³
3435 5018 3740 5081 Ἀππίωνος

2164 5105 2257 5157 καὶ
2288 5103 2396 5158 τῶν
2426 5102 2590 5157 αὐτοῦ
2620 5104 2865 5175 ἑταίρων.

1790 5350 2025 5405 VARUE
2066 5352 2467 5409 LECTIONES.

566 5479 613 5551 ξι
652 5471 724 5552 Ita
760 5471 805 5526 D
834 5513 851 5539 ,
873 5474 1044 5552 δεξιόν
1078 5480 1267 5552 τεκαὶ
1309 5479 1600 5552 εὐωνύμων
1646 5483 1686 5538 C
1718 5525 1733 5547 ,
1795 5485 1981 5550 δεξιῶν
2049 5506 2106 5541 τε

2156 5489 2257 5561 καί
2302 5488 2595 5561 εὐωνύμων
2658 5486 2727 5561 Ο.
2828 5494 2874 5526 π
2908 5489 3049 5561 μήΟ
3090 5501 3146 5546 et
3188 5492 3257 5546 de
3298 5494 3529 5561 conject.
3569 5493 3611 5548 C
3642 5535 3658 5557 ,
3684 5496 3741 5548 in

497 5542 685 5629 cuius”
709 5551 853 5629 textu
885 5545 1055 5601 deest.
1081 5617 1093 5629 _
1132 5548 1281 5629 f‘lta
1315 5566 1381 5603 ex
1401 5542 1631 5629 conject.
1664 5542 1923 5629 ω’,ισέξν
1954 5566 2181 5626 uterque
2221 5558 2377 5629 llom.
2421 5542 2609 5611 codex.
2647 5560 2728 5629 ‘97
2759 5542 3055 5629 αἳματαὌ.
3097 5542 3177 5599 vi!“
3194 5542 3741 5618 wliancﬁtt‘oboni'an‘i

498 5611 784 5704 1‘19"???“
810 5617 1155 5704 comend“
1192 5619 1233 5704 (Ξ
1277 5635 1359 5704 ΡΣ
1379 5611 1634 5704 εριῑὶῖλοιοι
1803 5611 2308 5704 ενι-,διπύύὲσβοεε
2345 5628 2396 5680 in
2430 5636 2599 5704 ιεκιυ-
2642 5611 2845 5704 ρθὲιίεὲὲ
2865 5611 3099 5704 οἷὀ-
3128 5630 3171 5686 0
3204 5611 3357 5698 ζξέὸῖ
3381 5611 3740 5704 ᾶῗέτῖοἶῑῖῖζ

497 5682 579 5730 oo‘
619 5683 668 5732 οἰ
716 5681 775 5736 S.

877 5686 921 5716 ’9
955 5684 996 5736 Ῐ)
1042 5688 1294 5759 emendat
1333 5684 1600 5759 βουλέσθω
1692 5695 1756 5723 ²⁰⁰
1803 5696 2114 5751 Τοιαῦται).

2221 5700 2249 5777 ι·
2270 5697 2445 5777 Forte
2464 5699 2565 5777 leg.
2595 5698 2691 5777 καὶ
2717 5699 2828 5775 ἐπί.
2865 5699 3146 5772 Vulgatam
3174 5697 3739 5777 saltemjscripturam

503 5749 647 5805 haud
678 5766 864 5807 sanam
890 5766 1009 5813 esse
1039 5756 1197 5814 facile
1222 5749 1457 5830 apparet.
1484 5762 1539 5814 S.
1619 5764 1637 5795 ²
1661 5764 1736 5833 τῷ
1767 5764 1819 5819 S.
1900 5766 1920 5797 ³
1949 5749 2082 5835 μέτᾶ
2103 5749 2162 5823 Ο.
2200 5766 2342 5823 ldem
2366 5749 2558 5825 deinde
2590 5749 2806 5825 ἑαυτοῦ.
