3894 6208
206 364 309 424 εει

205 568 333 635 λοὺς
364 572 424 623 ὲν
453 569 663 634 κλίναις
694 572 951 644 φέροντες
981 576 1089 647 πρὸ
1120 579 1284 631 αὑτοῦ
1325 582 1590 637 ἐτίθεσαν.
1630 586 1687 638 '0
1730 586 1787 641 δὲ

203 663 343 733 πρὸς
374 663 572 725 αὐτοὺς
605 663 709 735 ἔφη
732 681 746 695 ·
784 666 875 737 Μὴ
912 668 1092 722 τοίνυν
1118 672 1373 742 νομίσητε
1411 676 1509 745 ἐμέ
1552 694 1605 730 τι
1630 677 1788 732 δύνα-

198 754 329 807 σθαι
364 754 503 824 πρὸς
538 756 808 827 ὑμετέραν
842 759 1004 825 ἴασιν,
1046 762 1217 833 ἄνδρα
1264 764 1453 836 θνητὸν
1498 770 1591 821 καὶ
1626 771 1786 824 αὑτὸν

198 845 419 909 πολλοῖς
441 847 668 901 πάθεσιν
706 850 997 904 ὑποπεσεῖν
1024 853 1317 925 δυνάμενον
1340 874 1352 889 ·
1382 860 1708 930 ὑφηγεῖσθαι
1730 864 1787 917 δὲ

199 937 331 1007 ὑμῖν
364 938 458 991 τὸν
489 939 688 1009 τρόπον
718 941 784 994 δι’
817 938 877 996 οὗ
907 944 1141 1014 σωθῆναι
1176 947 1468 1018 δυνήσεσθε
1497 952 1557 1003 οὐ
1584 951 1783 1021 φθονῶ,

197 1029 295 1081 καὶ
326 1030 494 1090 αὐτὸς
525 1032 675 1100 παρά
706 1033 801 1085 τοῦ
848 1035 949 1103 τῆς
990 1036 1244 1107 ἀληθείας
1276 1039 1559 1112 Προφήτω
1604 1045 1787 1115 μαθὼν

197 1119 329 1181 τοὺς
380 1122 829 1192 προωρισμένους
868 1123 962 1177 τοῦ
1009 1126 1143 1181 Θεοῦ
1195 1129 1301 1200 πρὸ
1351 1133 1652 1205 καταϐολῆς
1696 1136 1789 1188 κό-

198 1226 341 1279 σμου
380 1212 661 1281 ὁρισμοὺς,
692 1213 835 1281 λέγω
872 1214 928 1267 δὲ
959 1216 1049 1268 ἐπὶ
1098 1216 1279 1282 ποίαις
1320 1224 1517 1285 κακαῖς
1560 1224 1787 1295 πράξεσι

195 1302 326 1363 τοὺς
353 1301 677 1374 ἀνθρώπους
706 1303 893 1369 ἔταξεν
927 1306 1030 1360 ὑπὸ
1055 1307 1149 1360 τοῦ
1172 1310 1271 1380 τῆς
1299 1312 1497 1375 κακίας
1524 1315 1789 1387 ἡγεμόνος

197 1396 527 1463 κακοῦσθαι,
560 1400 763 1470 ὁμοίως
789 1402 846 1455 δὲ
871 1402 893 1433 δ
922 1403 1013 1456 ἐπὶ
1043 1405 1225 1468 ποίαις
1263 1408 1495 1475 ἀγαθαῖς
1527 1411 1786 1484 πράξεσιν

196 1486 365 1558 ὥρισε
401 1490 666 1563 πρότερον
707 1493 1102 1560 πιστεύσαντας
1138 1499 1290 1570 αὐτῷ
1325 1502 1537 1573 ίωμένῳ
1568 1503 1637 1557 τὰ
1680 1504 1785 1559 σώ-

197 1597 346 1647 ματα
391 1581 682 1646 σώζεσθαι,
731 1584 919 1640 ἔπειτα
964 1588 1059 1642 καὶ
1106 1590 1206 1654 τὰς
1242 1592 1418 1663 ψυχὰς
1457 1596 1786 1669 ἐπανορθοῦ-

193 1670 320 1725 σθαι
354 1674 497 1744 πρὸς
527 1674 588 1727 τὸ
619 1675 942 1750 ἀνώλεθρον.
1621 1751 1623 1755 ι

262 1764 384 1818 VII.
429 1767 644 1832 Ταύτας
675 1770 854 1823 τοίνυν
880 1772 980 1837 τάς
1004 1789 1064 1826 τε
1092 1774 1301 1843 ἀγαθὰς
1332 1777 1426 1831 καὶ
1450 1777 1625 1843 κακὰς
1646 1780 1787 1852 πρά-

190 1852 304 1917 ξεις
335 1856 495 1920 εἰδὼς
536 1860 835 1930 προμηνύω
883 1863 1011 1933 ὑμῖν
1055 1865 1132 1929 ὡς
1160 1866 1181 1897 ⁸
1213 1866 1363 1930 ὁδοὺς
1409 1868 1521 1933 δύο,
1573 1872 1783 1926 ὑποδει-
1815 1865 1857 1935 ἢ

189 1944 373 1998 κνύων
397 1945 487 1998 διὰ
514 1949 674 2012 ποίας
707 1950 803 2020 μὲν
846 1950 1154 2020 βαδίζοντες
1196 1956 1542 2025 ἀπόλλυνται,
1578 1961 1737 2015 ποίαν
1760 1965 1781 1996 ⁸

185 2035 244 2123 δὲ
279 2036 559 2102 ὁδεύοντες
590 2040 983 2109 ἀποσώζονται,
1020 2045 1141 2116 Θεῷ
1169 2046 1541 2120 ὁδηγούμενοι.
1596 2052 1659 2105 Ἣ
1685 2053 1781 2123 μὲν

184 2122 283 2179 οὗν
310 2128 425 2181 τῶν
460 2131 847 2204 ἀπολλυμένων
889 2135 1007 2199 ὁδὸς
1034 2136 1263 2191 πλατεῖα
1280 2141 1409 2209 ,μὲν
1440 2143 1532 2195 καὶ
1566 2122 1781 2213 ὁμαλω-

182 2220 350 2289 τάτη,
391 2222 734 2277 ἀπολλύουσα
765 2225 822 2279 δὲ
858 2227 986 2314 ἄνευ
1024 2228 1120 2281 τοῦ
1149 2226 1333 2294 πόνου,
1376 2232 1494 2304 ἡδὶ
1531 2234 1640 2289 τῶν
1672 2252 1780 2289 σω-

184 2309 439 2381 ζομένων
476 2315 637 2385 στενὴ
690 2316 788 2385 μὲν
831 2309 928 2370 καῗ
969 2323 1215 2390 τραχεῖα,
1259 2321 1507 2386 σώζουσα
1550 2324 1607 2377 δὲ
1644 2325 1783 2397 πρὸς

181 2403 267 2472 τῷ
313 2404 465 2458 τέλει
497 2407 624 2470 τοὺς
654 2407 1106 2480 διαπορευθέντας
1147 2413 1437 2477 ἐπιπόνως.
1471 2416 1687 2472 Τούτων
1724 2417 1782 2472 δὲ

180 2492 311 2546 τῶν’
336 2493 432 2547 δύο
483 2495 616 2549 ὁδῶν
654 2499 1050 2568 προκαθέζεται
1084 2502 1247 2573 178
1292 2504 1518 2558 ἀπιστία
1560 2507 1655 2559 καὶ.
1690 2505 1782 2560 πί-

184 2601 307 2647 στις
332 2601 346 2615 ·
383 2586 482 2638 καὶ
529 2586 768 2642 ὁδεύουσι
803 2589 891 2643 διὰ
933 2591 1031 2661 μὲν
1067 2593 1323 2658 ἀπιστίας
1358 2596 1409 2649 oi
1450 2595 1550 2660 τὰς
1590 2596 1782 2667 ἡδονὰς

183 2676 610 2747 προκρίναντες,
661 2680 729 2732 δι’
764 2679 833 2743 ἃς
879 2680 1187 2753 [ποιοῦντες
1231 2684 1261 2738 ὃ
1301 2685 1403 2740 οὐκ
1445 2686 1671 2758 ἀρεστὸν
1700 2685 1782 2757 τῷ

184 2769 311 2839 Θεῷ
346 2771 445 2823 καὶ
472 2770 858 2843 ξάμελήσαντες
888 2775 970 2839 εἰς
1010 2775 1071 2829 τὸ
1100 2776 1271 2832 σῶσαι
1301 2777 1480 2851 ψυχὴν
1512 2779 1590 2849 τῷ
1617 2779 1780 2851 λόγῳ,

184 2859 447 2913 ἐλάθοντο
490 2864 703 2934 ἡμέρας
739 2866 975 2936 κρίσεως
1005 2865 1077 2938 ⁷,]
1103 2867 1223 2923 οὐδὲ
1269 2869 1451 2939 ζητεῖν
1475 2871 1539 2924 τὸ
1571 2871 1780 2943 συμφέ-

187 2968 285 3022 ρον
313 2953 379 3005 ού
404 2953 748 3022 διεφύλαξαν.
791 2956 1068 3025 Ἀγνοοῦσι
1100 2958 1281 3030 μέντοι
1312 2961 1390 3025 ὡς
1428 2961 1529 3016 οὐκ
1571 2963 1783 3037 ἀνθρω-

184 3045 373 3109 πίνοις
400 3046 561 3116 ὄμοια
589 3046 659 3099 τὰ
704 3048 839 3101 Θεοῦ
888 3047 1203 3121 βουλήματα
1227 3068 1243 3091 π
1282 3052 1499 3125 πρῶτον
1540 3056 1637 3125 μὲν
1672 3055 1782 3127 γὰρ

183 3133 297 3189 οἶδε
330 3137 402 3189 τά
446 3138 664 3191 πάντων
695 3139 1050 3211 διανοήματα,
1081 3142 1175 3195 καὶ
1198 3142 1297 3196 οὐκ
1326 3145 1384 3196 ὲν
1414 3145 1493 3215 τῷ
1529 3146 1780 3219 ἐγχειρῆ-

184 3243 281 3278 σαι
314 3226 505 3296 μόνον,
536 3226 673 3280 ἀλλά
701 3230 796 3281 καὶ
823 3230 882 3283 ὲν
904 3229 983 3299 τῷ
1018 3231 1267 3301 ἐννοῆσαι
1310 3233 1537 3299 ἕκαστος
1563 3236 1781 3288 εὐθύνε-

182 3336 294 3371 ται.
330 3318 522 3388 Πολλῷ
542 3319 565 3349 ⁸
588 3318 645 3371 δὲ
674 3314 832 3390 ἦττον
860 3320 1146 3374 ἀσεϐοῦσιν
1166 3322 1215 3375 οἱ
1246 3323 1619 3394 ἐγχειροῦντες
1644 3324 1785 3379 καλά

181 3414 331 3464 νοεῖν
349 3410 447 3463 καί¹
469 3394 952 3481 ἀππυγχοῖθοντες,
970 3411 1080 3466 τῶν
1096 3412 1228 3483 μηδὲ
1243 3414 1378 3477 ὅλως
1395 3416 1783 3487 ἐγχειρούντων

180 3507 298 3567 τοῖς
328 3503 539 3567 καλοῖς.
574 3505 695 3557 Ὅτι
718 3504 865 3575 αὑτῷ
896 3505 976 3576 τῷ
1012 3506 1131 3577 Θεῷ
1158 3506 1355 3571 ἔδοξεν,
1380 3508 1470 3560 τὸν
1498 3508 1556 3559 ὲν
1587 3507 1783 3576 γνώσει

181 3595 297 3647 τῶν
325 3594 509 3649 καλῶν
539 3597 959 3667 παραπίπτοντα
989 3600 1032 3661 ⁹,
1065 3596 1208 3651 κατά
1236 3597 1391 3665 λόγον
1433 3598 1540 3651 τῶν
1577 3597 1785 3667 ἀνθρω-

182 3687 365 3741 πίνων
396 3688 881 3757 παραπτωμάτων,
916 3688 1150 3760 μετρίως
1180 3686 1509 3741 κολασθέντα
1537 3688 1581 3719 ¹⁰
1617 3687 1786 3759 σωθῆ-

182 3795 299 3832 vat.
337 3776 402 3828 Οἱ
445 3775 503 3829 δὲ
541 3776 639 3846 τὴν
688 3777 862 3847 ἀρχὴν
908 3778 1001 3830 καὶ
1040 3776 1135 3829 τοῦ
1188 3777 1390 3846 γνῶναι
1432 3776 1493 3829 τὸ
1541 3779 1783 3848 κρεῖττον

182 3867 611 3938 ὲξημεληκότες,
640 3866 746 3920 κᾶν
781 3870 949 3938 μυρία
978 3869 1141 3939 ἕτερα
1185 3867 1433 3938 πράξωσι
1480 3867 1639 3931 καλὰ,
1669 3869 1724 3921 ὲν

181 3958 242 4010 δὲ
275 3956 444 4019 αὐτὸς
466 3955 632 4028 ὥρισε
667 3956 932 4029 θρησκείᾳ
963 3958 1037 4030 μὴ
1085 3959 1369 4026 γένωνται,
1404 3957 1662 4028 ἀμελείας
1692 3958 1783 4026 ἑγ-

184 4050 380 4120 γλημα
409 4048 667 4113 λαϐόντες
688 4053 755 4120 τῇ
814 4050 1041 4121 μεγίστῃ
1083 4049 1581 4121 ἀποσϐεσθήσονται
1621 4049 1782 4108 κολά-

188 4160 276 4195 σει
310 4142 593 4205 παντελῶς
615 4141 678 4197 ⁸⁸.

262 4230 402 4285 VIII.
457 4232 522 4285 'H
563 4233 620 4285 δὲ
662 4233 752 4285 ὑπ’
785 4231 951 4289 αὐτοῦ
1000 4230 1278 4303 ὀρισθεῖσα
1331 4232 1594 4303 θρησκεία
1638 4233 1783 4287 ἐστὶν

188 4325 334 4396 αὕτη
359 4342 374 4356 ·
418 4325 492 4377 Τὸ
527 4325 685 4396 μόνον
713 4325 874 4378 αὑτὸν
908 4325 1107 4389 σέϐειν,
1139 4325 1233 4378 καὶ
1262 4324 1342 4395 τῷ
1387 4326 1484 4395 τῆς
1528 4324 1785 4396 ἀληθείας

194 4419 348 4488 μόνῳ
384 4416 662 4470 πιστεύειν
694 4418 966 4488 προφήτῃ,
1002 4419 1097 4470 καὶ
1145 4418 1226 4480 εἰς
1274 4418 1465 4485 ἄφεσιν
1501 4417 1783 4488 ἁμαρτιῶν

193 4510 579 4580 βαπτισθῆναι,
615 4512 708 4565 καὶ
754 4509 928 4573 οὕτως
971 4509 1059 4564 διὰ
1109 4510 1208 4581 τῆς
1258 4510 1556 4580 ἀγνοτάτης
1608 4509 1784 4581 βαφῆς
1813 4540 1857 4595 1)

189 4601 628 4673 ἀναγενθηθῆναι
661 4601 781 4669 Θεῷ
812 4601 901 4657 διὰ
946 4600 1041 4655 τοῦ
1091 4600 1353 4665 σώζοντος
1389 4600 1606 4663 ὓδατος*
1643 4619 1778 4671 τρα-

190 4691 371 4763 πέζης
403 4692 671 4762 δαιμόνων
703 4693 777 4765 μὴ
815 4692 1270 4763 μεταλαμϐάνειν,
1305 4693 1448 4761 λέγω
1479 4693 1535 4746 δὲ
1574 4693 1787 4746 εἰδωλο-

193 4784 395 4845 θύτων,
430 4783 661 4854 νεκρῶν,
695 4784 955 4850 πνικτῶν,
994 4783 1367 4855 θηριαλώτων,
1406 4784 1664 4855 αἵματος·
1703 4785 1776 4855 μὴ

191 4874 527 4945 ἀκαθάρτως
558 4874 717 4945 179
746 4874 926 4945 βιοῦν,
961 4875 1067 4928 ἀπὸ
1100 4874 1288 4944 κοίτης
1323 4875 1578 4943 γυναικὸς
1623 4876 1776 4928 λούε-

192 4969 343 5033 σθαι,
367 4969 537 5031 αύτάς
571 4969 751 5039 μέντοι
784 4969 880 5022 καὶ
909 4969 1136 5040 ἄφεδρον
1157 4968 1471 5036 φυλάσσειν,
1496 4968 1702 5031 πάντας
1723 4967 1779 5021 δὲ

196 5061 518 5129 σωφρονεῖν,
571 5059 829 5123 εύποιεῖν,
884 5060 957 5129 μὴ
992 5059 1228 5112 ἀδικεῖν
1277 5057 1428 5130 παρά
1467 5057 1561 5110 τοῦ
1608 5058 1785 5111 πάντα

190 5154 492 5225 δυναμένου
525 5154 660 5207 Θεοῦ
694 5153 838 5225 ζωὴν
871 5153 1086 5207 αἰώνιον
1117 5152 1447 5224 προσδοκᾷν·
1482 5152 1665 5220 εὐχαῖς
1690 5150 1785 5203 καὶ

190 5247 415 5317 δεήσεσι
450 5247 725 5317 συνεχέσιν
744 5248 1097 5317 αίτουμένους
1125 5244 1293 5314 αὐτὴν
1317 5243 1521 5297 λαϐεῖν.
1548 5241 1785 5294 Τοιαῦτα

262 5372 293 5401 ε
321 5358 514 5414 Matth.
550 5374 652 5427 vn,
682 5358 770 5415 15.

1808 3204 1852 3260 C

1306 376 1763 437 CLEMENTINA.
1804 413 1875 425 ——
1911 383 2191 445 HOMILIA
2233 392 2342 449 VII.

278 479 369 534 VI.
414 479 521 535 Τοῦ
550 480 608 535 δὲ
639 481 847 557 Πέτρου
886 484 1143 550 εἰσιόντος
1174 487 1254 551 εἰς
1279 490 1377 560 τὴν
1396 492 1621 560 Σιδῶνα,
1652 496 1781 548 πολ-
1808 505 1862 567 Α

3351 406 3457 461 2‘23

1958 502 2046 558 Vl.
2088 504 2354 563 Caeterum
2408 523 2531 564 cum
2562 508 2756 569 Petrus
2786 513 3041 571 Sidonem
3069 516 3346 587 ingressus
3370 534 3459 572 es-

1816 652 1825 665 ,
1892 605 1995 659 set,
2030 596 2236 653 multos
2270 598 2333 652 in
2366 600 2520 656 lectis
2554 602 2749 659 allatos
2782 622 2964 661 coram
2995 608 3113 677 ipso
3135 617 3454 677 posuerunt.

1888 684 1981 742 Ille
2010 696 2189 743 autem
2240 689 2377 744 dixit
2423 692 2491 745 ad
2543 708 2677 750 eos:
2731 694 2808 751 Ne
2841 713 2970 752 vero
3007 700 3332 754 existimetis
3370 716 3457 755 me

1889 779 2089 849 aliquid
2115 796 2278 850 posse
2305 783 2370 837 ad
2401 787 2739 840 curationem
2774 798 3031 855 vestram,
3063 791 3156 861 qui
3208 791 3308 845 sim
3342 792 3456 861 ipse

1888 885 2106 940 quoque
2152 872 2319 928 homo
2368 878 2635 942 mortalis,
2672 888 2725 933 et
2770 879 2824 934 in
2880 884 3047 936 multa
3082 884 3283 952 possim
3322 884 3459 937 inci-

1888 960 2017 1017 dere
2048 962 2275 1018 adversa
2313 980 2328 1019 :
2358 964 2555 1021 docere
2584 976 2766 1023 autem
2802 985 2899 1024 vos
2928 972 3148 1026 modum
3179 990 3288 1042 quo
3322 975 3458 1028 salvi

1888 1068 2009 1109 esse
2036 1056 2280 1123 possitis,
2315 1072 2422 1112 non
2454 1061 2740 1128 gravabor,
2771 1062 2865 1131 qui
2897 1064 3012 1132 ipse
3041 1065 3203 1118 etiam
3252 1082 3281 1120 a
3309 1069 3457 1122 veri».

1887 1144 2015 1200 tatis
2061 1142 2328 1214 Propheta
2378 1148 2541 1203 didici
2590 1152 2837 1219 praeﬁxos
2871 1168 2900 1206 a
2945 1153 3055 1208 Deo
3098 1165 3220 1210 ante
3268 1159 3457 1214 mundi

1888 1236 2328 1293 constitutionem
2359 1241 2642 1309 terminos,
2673 1243 2726 1296 in
2756 1244 3034 1313 qualibus,
3063 1246 3304 1315 inquam,
3341 1267 3460 1303 ma-

1887 1329 1956 1384 lis
1986 1332 2241 1400 operibus
2268 1333 2601 1403 disposuerit
2628 1344 2685 1389 ut
2716 1336 2968 1391 homines
3001 1354 3029 1391 a
3063 1340 3282 1393 malitia:
3314 1341 3456 1397 duce

1888 1420 2214 1491 aﬂligantur,
2252 1424 2344 1479 sed
2378 1424 2634 1479 similiter
2679 1426 2733 1479 in
2784 1428 3036 1493 qualibus
3085 1429 3243 1485 lienis
3273 1433 3453 1501 operi-

1887 1510 1991 1566 bus
2021 1514 2320 1569 decreverit
2349 1523 2427 1581 ut,
2461 1516 2555 1585 qui
2593 1516 2647 1569 in
2680 1530 2805 1571 eum
2856 1518 3001 1571 velut
3036 1520 3301 1574 medicum
3332 1536 3452 1575 crc-

1887 1604 2153 1671 diderint,
2182 1605 2337 1675 prius
2368 1620 2598 1676 corfore
2639 1616 2920 1676 curentur,
2955 1608 3147 1664 deinde
3177 1621 3229 1666 et
3274 1613 3452 1668 anima

1888 1693 2261 1750 instaurentur
2289 1696 2356 1752 ad
2392 1699 2645 1754 salutem.

1960 1808 2071 1863 Vll.
2114 1808 2225 1866 llas
2251 1826 2382 1882 ergo
2406 1812 2762 1883 'eognoscens
2790 1815 2962 1873 bonas
2994 1828 3047 1873 et
3078 1820 3251 1875 malas
3283 1824 3454 1879 actio—

1886 1914 1982 1955 nes
2012 1902 2319 1970 praenuntia
2348 1903 2503 1958 vobis
2528 1905 2684 1974 quasi
2710 1905 2847 1962 duas
2878 1910 3173 1967 ostendens
3197 1914 3332 1979 vias,
3362 1932 3456 1984 per

1855 1995 2043 2059 'quam
2069 1992 2287 2060 quidem
2318 1994 2627 2063 gradientes
2656 2006 2916 2065 pereant,
2960 2014 3058 2071 per
3100 2017 3265 2069 quam
3326 2021 3456 2057 vero

1883 2083 2191 2140 incedentes
2225 2085 2691 2153 salventur,ducti
2718 2104 2746 2143 a
2762 2088 3011 2158 Deo.,Via
3037 2092 3203 2161 igitur
3225 2110 3458 2164 pereun-

1881 2175 2017 2231 tium
2051 2175 2158 2231 lata
2173 2184 2323 2232 estet
2342 2178 2680 2248 planissima,
2704 2180 3206 2255 perditqueabsque
3238 2187 3452 2256 labore;

1882 2272 1937 2347 at
1963 2265 2051 2347 via
2070 2274 2411 2322 servatorum
2434 2278 2663 2339 angusta
2687 2279 2770 2325 est
2799 2281 2854 2326 et
2885 2288 3100 2342 aspera,
3134 2277 3458 2347 tandemque

1859 2341 1985 2397 liter
2018 2342 2278 2400 facientes
2308 2357 2490 2401 servat
2517 2366 2641 2403 cum
2684 2352 2869 2407 labore
2898 2341 3068 2411 multo
3102 2369 3153 2411 τί.
3189 2341 3457 2417 Caeterum

1860 2430 1947 2488 his
1979 2434 2193 2492 duabus
2221 2437 2325 2492 viis
2358 2439 2656 2507 prazsident
2690 2442 3045 2502 incredulitas
3070 2460 3123 2503 et
3148 2448 3305 2517 ﬁdes,
3330 2469 3458 2523 pro-

1858 2522 2184 2582 ﬁciscuntur
2206 2536 2387 2584 autem
2412 2546 2508 2600 per
2534 2531 2971 2592 incredulitatem
3000 2540 3221 2613 quidem
3250 2522 3345 2614 qui
3368 2561 3459 2602 vo-

1860 2618 2097 2688 luptates
2125 2620 2501 2690 praetulerunt,
2528 2635 2746 2695 propter
2767 2642 2904 2698 quas
2930 2628 3099 2702 [quod
3124 2631 3235 2689 Deo
3260 2632 3459 2709 dispIi?

1881 2726 1966 2772 cet
2012 2716 2274 2773 facientes
2314 2733 2491 2789 neque
2533 2733 2720 2772 curam
2751 2720 2946 2773 animae
2989 2718 3181 2775 salutis
3210 2731 3462 2791 gerentes

1881 2808 1989 2863 diei
2019 2808 2212 2880 judicii
2241 2809 2394 2864 obliti
2436 2808 2586 2881 sunt]
2616 2816 2811 2880 meque
2853 2810 2999 2880 quod
3031 2813 3162 2868 utile
3182 2822 3268 2870 est
3301 2831 3461 2870 cura-

1881 2911 2076 2958 verunt
2128 2918 2393 2973 quaerere.
2458 2902 2644 2973 Itaque
2714 2903 3010 2974 ignorant,
3073 2904 3169 2961 Dei
3231 2911 3460 2965 consilia

1882 2999 2085 3054 similia
2112 3014 2219 3053 non
2247 3013 2369 3054 esse
2392 2999 2672 3056 humanis.
2707 2999 2893 3058 Primo
2912 3005 3109 3059 etenim
3144 3005 3293 3060 novit
3323 3005 3462 3064 Deus

1883 3091 2243 3162 cogitationes
2266 3090 2536 3155 omnium,
2562 3101 2614 3146 et
2639 3108 2747 3147 non
2773 3094 2843 3148 ob
2866 3091 3038 3149 solam
3065 3097 3459 3165 operationem,

1886 3185 1980 3239 sed
2016 3192 2069 3238 et
2095 3192 2316 3253 propter
2341 3184 2726 3252 cogitationem
2750 3186 3127 3257 unusquisque
3159 3187 3460 3257 judicatur.

1883 3272 2052 3328 Multo
2068 3282 2248 3329 autem
2270 3275 2452 3330 minus
2474 3274 2620 3344 impii
2648 3286 2797 3343 sunt,
2821 3277 2912 3346 qui
2937 3278 3185 3333 nitunlur
3214 3279 3356 3335 bona
3386 3283 3464 3336 in—

1885 3364 2125 3434 telligere
2141 3372 2193 3418 et
2209 3364 2484 3428 aberrant,
2510 3380 2672 3434 quam
2689 3366 2779 3435 qui
2800 3367 3108 3422 nullatenus
3134 3371 3462 3439 aggrediun-

1884 3466 1975 3510 tur
2003 3457 2173 3510 bona.
2207 3455 2345 3522 Quia
2396 3454 2507 3514 Deo
2538 3456 2761 3526 placuit,
2812 3465 2874 3512 ut
2917 3457 3011 3527 qui
3062 3458 3116 3511 in
3158 3461 3464 3529 cognitione

1884 3546 2012 3601 boni
2062 3547 2468 3617 lapsusfuerit,
2523 3547 2680 3617 juxta
2760 3551 3025 3603 rationem
3096 3550 3461 3605 humanorum

1885 3638 2164 3707 lapsuum,
2200 3640 2415 3694 modice
2448 3641 2746 3710 castigatus
2792 3651 3058 3699 servetur.
3090 3642 3159 3697 At
3201 3643 3293 3713 qui
3344 3660 3461 3696 cm-

1885 3728 2017 3782 nino
2062 3728 2363 3798 intelligere
2404 3730 2780 3799 neglexerunt,
2823 3731 2925 3785 etsi
2970 3740 3258 3801 operentur
3299 3732 3461 3786 innu-

1886 3835 2036 3873 mera
2074 3820 2181 3873 alia
2206 3820 2488 3890 praeclara,
2521 3821 2643 3875 ideo
2674 3822 2817 3891 quod
2860 3822 2911 3875 in
2972 3824 3231 3892 religione
3270 3839 3299 3878 a
3348 3823 3461 3879 Deo

1883 3911 2104 3967 deﬁnita
2158 3927 2267 3967 non
2325 3912 2656 3979 exstiterint,
2698 3912 3045 3984 indiligentiae
3091 3923 3308 3986 sumpto
3353 3916 3461 3969 cri-

1884 4003 2033 4058 mine
2078 4019 2176 4074 per
2231 4004 2531 4059 maximum
2604 4004 2822 4074 penitus
2887 4004 3189 4061 interibunt
3251 4007 3456 4077 suppli-

1885 4110 2052 4150 crum.

1954 4230 2089 4286 Vill.
2131 4230 2304 4287 Porro
2331 4232 2399 4286 ah
2426 4246 2493 4287 eo
2527 4231 2746 4287 deﬁnita
2792 4232 2983 4302 religio
3010 4233 3127 4287 haec
3156 4241 3239 4288 est
3272 4249 3285 4287 :
3321 4230 3457 4286 Eum

1884 4322 2062 4378 solum
2102 4322 2299 4390 colere,
2333 4337 2397 4378 ac
2441 4323 2543 4378 soli
2587 4322 2808 4377 credere
2859 4321 3144 4392 Prophetae
3189 4324 3458 4391 veritatis,

1884 4415 1939 4470 in
1983 4414 2363 4470 remissionem
2403 4425 2755 4484 peccatorum
2805 4414 3102 4485 baptizari,
3133 4415 3322 4483 sicque
3365 4431 3460 4484 per

1886 4506 2261 4561 intinctionem
2295 4506 2646 4576 purissimam
2681 4506 2894 4560 renasci
2927 4504 3037 4559 Deo
3066 4505 3119 4558 in
3142 4519 3281 4573 aqua
3312 4505 3460 4558 salu-

1886 4600 2023 4663 tari;
2056 4598 2191 4651 nihil
2222 4612 2441 4653 sumere
2469 4597 2537 4650 de
2562 4611 2751 4650 mensa
2789 4595 3126 4661 daemonum,
3157 4595 3261 4648 hoc
3285 4603 3367 4649 est
3393 4595 3460 4648 de

1885 4690 2238 4758 idolothytis,
2284 4687 2555 4753 mortuis,
2603 4686 2921 4752 suffocatis,
2963 4701 2993 4740 a
3044 4685 3215 4740 bestia
3261 4686 3456 4754 captis,

1884 4780 2184 4850 sanguine;
2214 4794 2323 4833 non
2354 4778 2565 4847 impure
2589 4778 2806 4843 vivere,
2840 4777 3010 4830 lavari
3035 4783 3159 4845 post
3192 4776 3456 4830 concubi-

1884 4883 1998 4927 tum
2032 4886 2156 4925 cum
2188 4870 2434 4932 muliere,
2465 4868 2697 4923 feminas
2722 4884 2853 4923 vero
2878 4868 3153 4923 custodire
3186 4867 3349 4921 etiam
3379 4867 3457 4921 le-

1884 4978 2002 5033 gem
2037 4961 2398 5032 purgationis,
2429 4969 2656 5015 cunctos
2693 4968 2873 5014 autem
2921 4967 3284 5028 temperantes
3312 4973 3455 5024 esse,

1884 5054 2224 5121 benefacere,
2254 5069 2361 5107 non
2394 5052 2605 5106 allicere
2637 5052 2870 5121 injuria;
2895 5066 2925 5104 a
2951 5050 3061 5103 Deo
3089 5049 3458 5117 omnipotente

1885 5156 2201 5214 exspectare
2230 5147 2395 5200 vitam
2431 5156 2726 5209 aeternam;
2763 5141 2996 5213 petendo
3030 5142 3179 5195 illius
3212 5140 3456 5209 adeptio-

1885 5255 2008 5294 nem
2052 5239 2394 5295 orationibus
2433 5247 2487 5293 et
2537 5238 2792 5307 precibus
2822 5234 3119 5291 continuis.
3169 5231 3296 5287 Haec
3321 5241 3376 5287 et
3399 5231 3453 5284 in

1506 5443 1745 5503 VARIAE
1775 5440 2177 5497 LECTIONES.

259 5597 286 5627 ι
312 5600 373 5636 τε
399 5581 465 5640 C.
538 5584 562 5619 ⁸
590 5582 730 5637 Vbb.
759 5583 887 5653 ὑμῖν
920 5582 995 5645 ὡς
1019 5583 1102 5638 bis
1132 5582 1383 5670 leguntur
1404 5580 1457 5661 in
1582 5651 1592 5670 Ι
1620 5589 1641 5619 ο
1676 5580 1893 5670 ποίᾳαϐ.
1921 5578 2294 5670 ῃτηῐλέουηξιηι
2324 5574 2376 5658 il]
2404 5574 2526 5670 cad.
2557 5570 2738 5670 9H9}:-

198 5656 285 5708 bis
311 5639 530 5723 explere
558 5639 930 5721 tentavi,'qu:e
952 5639 1272 5721 pracedtint
1291 5651 1453 5731 uncis
1490 5651 1744 5731 incl_u_sa._
1780 5639 1821 5681 ’⁸
1848 5648 2028 5731 πολλῷ
2166 5656 2226 5731 ut
2253 5646 2397 5731 conj.
2438 5644 2526 5731 CH,
2558 5639 2938 5731 Ill.(tUj.;ngIu

196 5707 284 5791 γν.
309 5739 362 5775 τ.
385 5707 459 5776 ’κέ
480 5707 1024 5795 παραπιπτόνῖεωνῖὶ.
1054 5725 1159 5795 aut
1187 5732 1309 5795 post
1338 5718 1512 5795 ἔδοξεν
1539 5720 1841 5795 addendum
1867 5707 2065 5795 linive!
2093 5718 2237 5789 περί,
2271 5707 2735 5795 :iuf_scribeittliiiii
2768 5713 2984 5795 τοὺςςῖ
3004 5707 3451 5795 παραπίπτοντας

198 5770 1031 5855 aliialii"n2"?°";6i;&i§~;:;;
1190 5770 1899 5862 πεαὶιὲεᾶῶέοςῆῐιόὶῐρι
1936 5790 1973 5846 S
2044 5770 2325 5859 proposuit
2372 5786 2700 5857 legendum,
2736 5781 2984 5836 παντελεῖ
3012 5780 3074 5832 (ὶ-
