3894 6208
444 356 551 411 225

1304 357 1359 411 S.
1402 354 1786 411 CLEMENTIS
1822 353 1843 408 1
1881 353 2045 408 ROM.
2088 352 2287 411 ΡΟΝΤ.
2328 350 2557 407 OPERA
2600 342 2834 409 DUBIA.

3584 355 3696 410 ρει

447 471 649 527 Sidone
689 469 849 527 Petro
894 471 1177 541 suadente,
1225 489 1350 529 cum
1395 472 1585 543 paucis
1632 470 1825 525 diebus
1854 468 2010 524 multi

2122 467 2208 521 καὶ
2241 470 2298 522 ἐν
2330 471 2396 541 τῇ
2430 467 2618 522 Σιδῶνι
2642 467 2734 522 τοῦ
2774 469 2981 541 Πέτρου
3015 458 3421 543 παραινοῦντος,
3457 438 3696 543 ἡμέραις

444 563 520 618 ibi
574 580 792 635 quoque
843 566 1214 634 paenitentiam
1237 566 1495 637 egissent,
1541 580 1603 619 ac
1630 563 2012 631 credidissent,

446 664 610 727 atque
660 658 834 713 sanati
883 668 1087 724 essent,
1129 658 1413 713 ecclesiam
1459 658 1725 725 instituit;
1767 664 1821 711 et
1860 665 2013 726 post-

445 764 609 818 quam
641 749 875 818 aliquem
922 764 988 802 ex
1040 748 1392 818 presbyteris,
1441 748 1534 817 qui
1577 763 1702 803 eum
1731 755 2017 803 consecta-

445 840 669 907 bantur,
700 840 1072 895 constituisset
1101 840 1205 895 illis
1231 840 1570 911 episcopum,
1604 837 1808 894 Sidone
1832 852 2015 909 egres—

445 943 542 983 SUB
569 937 674 983 est.
785 965 803 978 .

515 1019 605 1073 IX.
653 1019 849 1073 Statim
896 1029 1077 1075 autem
1123 1038 1187 1077 ac
1230 1021 1484 1093 Berytum
1533 1024 1810 1093 pervenit,
1858 1030 2016 1077 terrae

443 1121 623 1167 motus
656 1110 829 1167 factus
856 1122 958 1179 est,
992 1122 1153 1184 atque
1179 1116 1329 1186 plebs
1359 1116 1623 1171 accedens
1651 1116 1717 1171 ad
1742 1114 1959 1169 Petrum
1998 1134 2011 1170 :

443 1199 545 1255 Fer
575 1217 754 1270 opem,
784 1204 1087 1273 inquiebat;
1120 1206 1403 1260 timuimus
1445 1207 1613 1273 enim,
1643 1207 1917 1274 dixerunt,
1946 1222 2014 1263 ne

443 1303 635 1342 omnes
658 1291 881 1346 omnino
922 1294 1244 1361 periremus.
1283 1295 1438 1349 Tunc
1468 1296 1683 1365 Simon,
1706 1308 2017 1355 commento

442 1379 772 1451 excogitato,
804 1397 911 1436 una
949 1399 1071 1441 cum
1104 1385 1366 1453 Appione,
1418 1386 1723 1453 Anubione,
1771 1388 2015 1443 Atheno-

441 1470 579 1525 doro
611 1473 934 1543 eieterisque
978 1474 1258 1531 sodalibus
1300 1477 1515 1546 publice
1556 1479 1888 1534 multitudini
1917 1480 2017 1535 ad-

440 1576 635 1619 versus
690 1562 910 1620 Petrum
964 1566 1590 1639 acclamabatzFugite,
1633 1586 1667 1626 o
1716 1571 2018 1639 viri,hunc

441 1650 752 1721 hominem;
786 1670 977 1725 magus
998 1666 1100 1711 est:
1128 1658 1259 1710 mihi
1291 1658 1514 1727 credite;
1541 1670 1594 1714 et
1620 1669 1777 1716 terra;
1806 1670 2016 1718 motum

441 1741 491 1798 is
524 1744 678 1798 vobis
708 1744 857 1811 fecit,
894 1747 1008 1815 ipse
1044 1749 1264 1803 morbos
1292 1750 1568 1815 excitavit,
1598 1758 1660 1804 ut
1688 1766 1784 1805 vos
1808 1758 2017 1821 perter-

2115 557 2321 628 ὀλίγαις
2344 559 2551 613 πολλῶν
2586 560 2744 612 κάκεῖ
2777 561 3220 632 μετανοησάντων
3254 561 3347 614 καὶ
3380 564 3697 617 πιστευσάν-

2114 668 2254 720 των,
2292 651 2385 704 καὶ
2418 649 2854 723 θεραπευθέντων
2885 652 3178 723 ἐκκλησίαν
3211 653 3564 726 συνέστησεν,
3599 654 3698 707 καὶ

2115 742 2220 796 τῶν
2248 742 2624 813 συνεπομένων
2661 742 2809 812 αὐτῷ
2851 743 3234 815 πρεσϐυτέρων
3276 744 3395 799 τινὰ
3425 745 3701 815 καταστή-

2118 852 2216 899 σας
2238 836 2419 900 αὐτοῖς
2448 836 2761 900 ἐπίσκοπον,
2790 835 2937 907 ἐξῄει
2964 837 3062 907 τῆς
3094 836 3338 900 Σιδῶνος.

2186 1014 2277 1069 ιΧ.
2331 1016 2418 1079 Ὠς
2466 1015 2523 1069 δὲ
2571 1016 2733 1091 εὐθὺς
2788 1014 2957 1086 ἐπέϐη
3008 1016 3107 1087 τῆς
3160 1013 3435 1085 Βηρυτοῦ,
3473 1014 3700 1086 σεισμὸς

2115 1107 2329 1176 ἐγένετο
2349 1126 2361 1138 ·
2398 1110 2492 1163 καὶ
2522 1108 2571 1161 oi
2609 1107 2755 1178 ὄχλοι
2783 1106 3097 1178 προσιόντες
3124 1104 3202 1176 τῷ
3234 1106 3445 1176 Πέτρῳο
3476 1105 3697 1175 Βοήθει,

2115 1200 2333 1269 ελεγονο
2384 1200 2738 1271 πεφοϐήμεθα
2785 1199 2914 1270 γὰρ,
2966 1198 3192 1268 ἔφασαν,
3251 1197 3325 1268 μὴ
3370 1198 3478 1269 ἄρα
3526 1197 3700 1268 ἄρδην

2116 1292 2316 1356 πάντες
2346 1291 2691 1363 ἀπολώμεθα.
2726 1290 2858 1343 Τότε
2890 1293 2918 1345 ὄ
2947 1291 3150 1361 Σίμων,
3179 1287 3455 1360 τολμήσας
3482 1289 3598 1360 ἃμα
3616 1289 3700 1360 τῷ

2129 1384 2395 1438 Ἀππίωνι
2453 1384 2548 1437 καὶ
2652 1382 2960 1439 Ἀνουὸίωνι
3032 1382 3126 1435 καὶ
3195 1380 3540 1451 Ἀθηνοδώρῳ
3600 1381 3701 1435 καὶ

2115 1479 2229 1540 τοῖς
2262 1476 2466 1540 λοιποῖς
2500 1477 2738 1547 ἑταίροις
2771 1473 3192 1545 αὑτοῦ,δημοσίᾳ
3222 1476 3334 1537 τοῖς
3364 1473 3540 1542 ὄχλοις
3552 1471 3700 1525 κατὰ

2115 1566 2209 1621 τοῦ
2245 1568 2452 1638 Πέτρου
2486 1567 2614 1620 ἐϐόα
2639 1584 2652 1597 ·
2688 1566 2942 1634 Φεύγετε,
2976 1565 3197 1636 ἄνδρες,
3228 1564 3318 1617 τὸν
3355 1564 3522 1635 ἄνδρα
3571 1562 3703 1616 τοῦθ

2115 1676 2204 1712 τον
2227 1675 2239 1689 ·
2281 1658 2454 1729 μάγος
2485 1658 2629 1711 ἐστί·
2666 1657 2992 1710 πιστεύσατε
3016 1696 3031 1721 ,
3070 1658 3163 1711 καὶ
3193 1658 3284 1711 τὸν
3331 1654 3552 1725 σεισμὸν
3593 1654 3701 1708 αὕη

2114 1750 2207 1813 τὸς
2238 1751 2490 1822 ἐποίησεν
2520 1751 2647 1819 ὑμῖν
2676 1750 2741 1817 η,
2776 1750 2870 1802 καὶ
2900 1748 3000 1813 τὰς
3020 1749 3206 1812 νόσους
3231 1746 3479 1817 ἐκίνησεν
3508 1744 3700 1808 αὐτὸς,

442 1843 581 1900 reat,
608 1836 766 1905 quasi
816 1837 931 1906 ipse
981 1837 1051 1891 sit
1095 1836 1258 1893 Deus.
1306 1839 1482 1908 Atque
1532 1840 1700 1894 multa
1744 1840 2013 1911 ejusmodi

2122 1842 2203 1894 ἵνα
2231 1843 2375 1912 ὑμᾶς
2414 1839 2825 1911 καταπλήξηται
2855 1841 2919 1904 ¹³,
2953 1840 3030 1904 ὡς
3074 1840 3235 1903 αὐτὸς
3276 1839 3354 1893 ὢν
3400 1837 3551 1899 Θεός.
3584 1836 3703 1890 Καὶ

441 1938 570 1994 pars
602 1920 842 1982 Simonis
871 1936 1060 1981 contra
1106 1926 1325 1983 Petrum
1377 1929 1553 1995 ﬁnxit,
1582 1931 1731 1984 velut
1768 1946 1890 1984 eum
1920 1933 2015 2001 qui

442 2016 715 2074 humanas
743 2020 889 2074 vires
936 2021 1436 2091 supergrederetur.
1473 2021 1720 2092 Cumque
1764 2023 1915 2092 plebs
1958 2039 2019 2079 se
2062 2037 2068 2040 '

441 2109 498 2163 in
530 2106 748 2165 silentio
783 2113 1070 2180 tenuisset,
1098 2112 1292 2168 Petrus
1321 2113 1610 2168 subridens
1643 2123 1901 2168 terrorem
1933 2116 2016 2169 in-

434 2202 681 2257 cutiente
710 2203 954 2259 libertate
989 2204 1124 2259 dixit
1156 2222 1168 2257 :
1205 2204 1339 2270 Viri,
1386 2221 1506 2275 quae
1548 2205 1617 2259 ab
1657 2205 1775 2261 istis
1817 2207 2014 2261 dicun-

439 2298 550 2359 tur,
582 2290 753 2348 fateor
784 2308 869 2348 me
898 2309 1058 2363 posse
1089 2293 1198 2349 Deo
1238 2296 1452 2350 volente
1498 2294 1706 2350 edicere
1735 2315 1747 2351 :
1779 2297 1845 2350 ad
1902 2296 2017 2352 haec

436 2396 665 2455 paratus
717 2405 861 2454 sum,
900 2392 1005 2447 nisi
1066 2392 1201 2447 mihi
1263 2393 1562 2449 habueritis
1613 2394 1770 2449 ﬁdem
1823 2394 1878 2449 in
1932 2394 2015 2451 his

439 2496 563 2550 qua:
590 2482 802 2553 loquor,
840 2484 1152 2540 universam
1200 2495 1437 2541 vestram
1490 2484 1737 2541 funditus
1770 2495 2016 2542 evertere

434 2574 730 2629 civitatem.

512 2663 581 2719 Χ.
624 2666 872 2736 Cumque
901 2668 1059 2721 turba
1110 2667 1306 2722 timore
1348 2675 1491 2724 esset
1536 2678 1808 2724 commota
1854 2678 2016 2740 atque

438 2757 781 2826 promisisset
831 2774 888 2813 se
918 2759 1063 2829 quod
1092 2759 1159 2813 ab
1184 2760 1302 2828 ipso
1330 2759 1689 2829 imperaretur
1712 2760 1974 2816 facturam
1999 2779 2013 2816 :

439 2846 613 2903 Nemo
648 2860 912 2917 vestrum,
944 2850 1121 2920 inquit
1155 2849 1372 2917 Petrus,
1411 2868 1587 2922 neque
1625 2856 2016 2909 commercium

439 2954 566 2994 cum
599 2940 718 2994 istis
770 2941 942 3011 magis
990 2943 1204 3010 habeat,
1238 2958 1415 3013 neque
1452 2960 1576 2999 cum
1626 2945 1693 3000 iis
1731 2945 2012 3017 jungatur.

439 3029 601 3086 Plebs
655 3042 840 3087 autem
884 3033 1047 3087 simul
1096 3050 1159 3089 ac
1206 3036 1369 3090 breve
1419 3035 1735 3091 mandatum
1785 3037 2011 3104 audivit,

440 3120 678 3179 fustibus
723 3126 953 3194 sumptis
998 3142 1091 3182 eos
1141 3136 1426 3197 persecuta
1461 3137 1562 3197 est,
1594 3130 1767 3184 donec
1797 3131 2013 3199 penitus
2042 3160 2084 3217 ρ

438 3216 577 3271 urbe
604 3217 919 3286 pepulisset.
948 3218 1013 3273 Et
1056 3219 1286 3291 ingressi
1314 3221 1628 3291 quicunque
1654 3238 1717 3276 ex
1752 3222 1817 3277 iis
1843 3238 2015 3293 aegro-

440 3307 631 3362 tabant
661 3316 713 3361 et
760 3323 791 3362 a
837 3308 1176 3365 dmmonibus
1225 3311 1582 3378 vexabantur,
1625 3327 1683 3367 se
1733 3313 1801 3368 ad
1852 3314 2015 3382 pedes

438 3396 585 3455 Petri
615 3399 982 3469 projeceruut.
1009 3400 1103 3456 llle
1131 3416 1259 3457 vero
1290 3403 1406 3458 hazc
1452 3418 1684 3458 cernens
1713 3419 2016 3475 eorumque

440 3498 718 3557 stuporem
749 3489 936 3544 volens
962 3490 1168 3545 solvere
1194 3491 1259 3545 ad
1285 3507 1377 3546 eos
1406 3491 1522 3545 iniit
1568 3510 1581 3546 :

514 3581 604 3637 ΧΙ.
644 3581 778 3653 Ego,
807 3582 852 3637 si
876 3592 1034 3637 terra:
1062 3592 1241 3638 motus
1268 3592 1322 3637 et
1353 3584 1617 3656 quidquid
1650 3586 1773 3640 volo
1797 3601 2014 3655 possem

441 3672 641 3739 facere,
674 3689 783 3727 non
826 3673 949 3727 dico
993 3674 1138 3744 quod
1191 3674 1468 3729 Simonem
1520 3692 1645 3731 cum
1694 3678 1859 3732 sociis
1900 3679 2016 3735 suis

440 3766 892 3820 cxterminassem
926 3766 1055 3835 (non
1083 3767 1228 3820 enim
1273 3768 1339 3821 ad
1374 3768 1659 3822 hominum
1693 3769 2017 3824 internecio-

442 3870 569 3910 nem
599 3856 801 3911 missus
830 3856 953 3925 fui),
986 3856 1078 3909 sed
1113 3872 1235 3909 eum
1284 3857 1418 3910 mihi
1467 3858 1704 3912 amicum
1751 3858 2017 3914 reddidis-

443 3960 584 4013 sem,
619 3961 687 4001 ne
715 3962 856 4001 verae
903 3947 1197 4002 detrahens
1231 3964 1364 4002 mea:
1412 3950 1786 4018 praadirationi
1830 3951 2016 4008 multis

444 4038 834 4108 impedimento
878 4049 1023 4094 esset
1060 4041 1125 4094 ad
1157 4039 1407 4095 salutem.
1439 4040 1595 4106 Quod
1627 4042 1673 4096 si
1726 4042 1859 4096 mihi
1896 4058 2018 4098 cre-

441 4131 576 4199 dite,
610 4130 727 4201 ipse
756 4139 840 4186 est
872 4147 1086 4200 magus,
1129 4131 1243 4200 ipse
1294 4132 1677 4199 calumniator,
1711 4132 1826 4204 ipso
1860 4133 2017 4188 mali-

441 4224 535 4277 tia:
565 4223 817 4278 minister
846 4224 901 4276 in
938 4239 1033 4277 eos
1065 4223 1159 4291 qui
1211 4224 1464 4279 nesciunt
1497 4225 1800 4279 veritatem.
1839 4225 2018 4295 Atque

443 4315 568 4371 ideo
595 4315 975 4385 peccatoribus
1006 4315 1356 4384 aegritudines
1402 4324 1579 4385 potest
1615 4316 1845 4384 efﬁcere,
1889 4332 2016 4372 eum

442 4422 540 4463 eos
568 4416 880 4477 peccatores
924 4406 1205 4475 adjutores
1264 4407 1460 4462 habeat
1503 4408 1786 4477 potestatis
1828 4417 2017 4465 contra

2117 1934 2287 1987 πολλά
2321 1932 2547 1988 τοιαῦτα
2577 1932 2653 1997 ὡς
2687 1935 2825 2005 ὑπὲρ
2869 1932 3096 2003 δύναμιν
3144 1928 3488 2002 ἀνθρωπίνην
3533 1927 3697 1980 δυνα-

2119 2026 2278 2095 μένου
2311 2024 2404 2079 τοῦ
2438 2025 2644 2097 Πέτρου
2678 1998 3065 2095 κατεψεύδοντο
3094 2023 3145 2075 οἱ
3169 1998 3297 2094 περὶ
3327 2019 3419 2074 τὸν
3448 1998 3698 2090 Σίμωνα.

2128 2114 2383 2187 Ἡσυχίαν
2413 2116 2469 2169 δὲ
2499 2116 2648 2186 αὐτῷ
2672 2116 2715 2147 ίδ
2746 2116 3133 2188 παρασχόντων
3173 2114 3280 2167 τῶν
3319 2113 3491 2183 ὄχλων
3531 2114 3560 2163 ὁ
3592 2110 3702 2162 Πέ-

2115 2225 2241 2279 τρος
2276 2207 2446 2280 βραχὺ
2483 2208 2872 2279 ὑπομειδιάσας
2902 2208 3316 2277 καταπληκτικῇ
3362 2208 3429 2275 τῇ
3476 2206 3698 2275 παρρη-

2118 2297 2209 2367 σίᾳ
2232 2314 2245 2329 ο
2290 2297 2535 2368 Ἀνδρες,
2571 2294 2742 2362 εἶπεν,
2773 2298 2916 2369 ἆπερ
2958 2294 3101 2352 οῦτοι
3131 2296 3397 2364 λέγουσιν,
3437 2293 3574 2346 Θεοῦ
3606 2294 3701 2346 θέ-

2116 2386 2316 2450 λοντος,
2353 2389 2525 2441 ποιεῖν
2555 2387 2775 2450 δυνατὸς
2809 2382 2947 2441 εἶναι
2988 2384 3258 2457 ὁμολογῶ,
3317 2384 3452 2454 πρὸς
3483 2382 3539 2435 δὲ
3576 2381 3702 2433 τοῦ⁴

2114 2492 2227 2538 τοις
2266 2476 2480 2546 ἕτοιμός
2525 2477 2660 2546 εἰμι,
2710 2475 2805 2530 ἐὰν
2847 2477 2921 2547 μὴ
2954 2474 3213 2547 πείθησθέ
3264 2475 3305 2506 ¹⁸
3347 2490 3435 2544 μοι
3464 2472 3592 2542 περὶ
3623 2464 3703 2525 ὧ·-

2116 2564 2279 2634 λέγω,
2313 2566 2410 2637 τὴν
2442 2567 2622 2621 πᾶσαν
2655 2566 2808 2637 ὑμῶν
2836 2566 3197 2638 ἐκῦαθρεῦσαι
3229 2565 3398 2617 πόλιν.

2191 2658 2352 2729 180
2382 2658 2451 2715 Χ.
2487 2659 2608 2715 Τῶν
2634 2660 2689 2713 δὲ
2725 2660 2897 2730 ὄχλων
2943 2658 3283 2729 φοϐηθέντων
3331 2655 3423 2709 καὶ
3452 2656 3494 2686 ’⁸
3538 2655 3704 2725 ποιή-

2119 2766 2231 2804 σειν
2261 2750 2764 2822 ἐπαγγειλαμένων,
2789 2752 2927 2821 ὄπερ
2948 2748 3013 2805 ἂν
3045 2750 3135 2802 ὑπ’
3160 2746 3325 2801 αὐτοῦ
3350 2744 3701 2801 κελεύωνται.

2116 2839 2320 2909 Μηδεὶς
2354 2840 2527 2910 ὑμῶν,
2563 2840 2667 2911 ἐφη
2695 2842 2723 2894 ὁ
2750 2840 2973 2911 Πέτρος,
3011 2840 3146 2910 μήτε
3190 2835 3443 2909 ὄμιλείτω
3489 2835 3704 2897 τούτοις

2115 2933 2226 2993 τοῖς
2257 2930 2467 3002 γόησιν,
2503 2932 2639 3003 μήτε
2667 2931 3069 3002 ἀναμιγνύσθω.
3096 2932 3160 2984 Οἱ
3180 2930 3234 2983 δὲ
3266 2930 3410 3000 ὄχλοι
3452 2928 3569 2998 ἅμα
3621 2926 3705 2998 τῷ

2115 3021 2345 3077 ἀκοῦσαι
2372 3022 2465 3076 τοῦ
2501 3023 2867 3095 κελεύσματος
2906 3023 2999 3078 τοῦ
3027 3024 3290 3093 συντόμου
3335 3022 3376 3054 ¹⁷
3428 3020 3559 3086 ξύλα
3607 3020 3705 3072 λα-

2117 3112 2303 3178 ϐόντες
2343 3114 2562 3170 ἐδίωκον
2594 3117 2811 3183 αὐτοὺς,
2863 3117 2967 3181 ἓως
3020 3118 3217 3180 αὐτοὺς
3274 3113 3551 3175 παντελῶς
3600 3113 3705 3182 τῆς

2119 3207 2325 3271 πόλεως
2358 3206 2646 3278 ἐξήλασαν.
2680 3209 2789 3261 Καὶ
2834 3207 3164 3271 εἰσελθόντες
3208 3207 3257 3260 οἱ
3298 3204 3577 3266 νοσοῦντες
3610 3204 3706 3256 αὺ-

2115 3294 2223 3347 τῶν
2270 3296 2363 3348 καὶ
2393 3295 2751 3366 δαιμονῶντες
2789 3296 2926 3368 πρὸς
2949 3295 3077 3348 ποσὶ⁴
3102 3292 3198 3347 τοῦ
3232 3289 3438 3365 Πέτρου
3472 3293 3705 3354 ἑαυτοὺς

2116 3386 2425 3457 ἐρρίπτουν.
2471 3386 2527 3439 '0
2553 3386 2609 3440 δέ
2639 3386 2810 3439 ταῦτα
2844 3387 3077 3457 βλέπων,
3108 3388 3203 3440 καὶ
3234 3386 3333 3457 τὴν
3361 3383 3705 3454 κατάπληξιν

2116 3474 2294 3528 αὐτῶν
2324 3475 2584 3530 ἀναλῦσαι
2618 3474 2806 3542 θέλων,
2831 3476 2966 3547 πρὸς
2994 3477 3187 3541 αὐτοὺς
3211 3476 3335 3546 ἔφη·

2184 3585 2277 3641 XI.
2334 3586 2475 3654 Ἐγὼ
2504 3588 2759 3657 σεισμοὺς
2789 3588 2884 3641 καὶ
2918 3589 3025 3641 πᾶν
3056 3588 3085 3641 ὅ
3118 3604 3167 3640 τι
3199 3586 3455 3657 βούλομαι
3500 3585 3549 3638 εί
3583 3584 3702 3636 ἐδυ⁴

2116 3674 2293 3745 νάμην
2327 3677 2498 3729 ποιεῖν
2529 3675 2594 3739 ³⁸,
2631 3675 2850 3745 Σίμωνα
2897 3675 2958 3728 οὐ
2998 3676 3139 3745 λέγω
3168 3676 3250 3729 ὅτι
3297 3674 3435 3745 μετὰ
3466 3674 3575 3727 τῶν
3603 3676 3703 3727 αὐ-

2114 3765 2208 3820 τοῦ
2243 3767 2473 3838 ἑταίρων
2509 3767 2551 3797 "
2584 3764 2942 3837 ἐξωλόθρευον
2988 3767 3071 3837 (οὐ
3105 3766 3215 3838 γὰρ
3262 3766 3353 3818 ἐπὶ
3388 3766 3564 3837 φθορᾷ
3605 3767 3700 3817 ἀν-

2117 3856 2349 3928 θρώπων
2378 3855 2765 3927 ἀπέσταλμαι),
2799 3856 2936 3911 ἀλλά
2967 3856 3118 3927 φίλον
3152 3855 3377 3928 ἐμαυτῷ
3421 3857 3586 3910 αὐτὸν
3630 3855 3703 3909 ἂν

2116 3949 2478 4019 ἐποιησάμην,
2511 3948 2597 4003 ἵνα
2632 3949 2705 4019 μή
2738 3964 2839 4018 μου
2870 3947 2932 4003 τὸ
2962 3947 3159 4018 ἀληθὲς
3185 3946 3484 4001 διαϐάλλων
3526 3947 3699 4016 κήρυ-

2116 4059 2233 4114 γμα
2282 4042 2498 4105 πολλοῖς
2543 4040 2809 4113 ἐμποδίζῃ
2863 4040 3001 4112 πρὸς
3042 4038 3333 4109 σωτηρίαν.
3385 4039 3448 4091 Εί
3496 4038 3555 4091 δέ
3608 4056 3699 4109 μοι

2119 4132 2398 4187 πιστεύετε
2427 4132 2493 4197 ’⁸,
2527 4132 2688 4196 αὐτός
2720 4134 2835 4185 ἐστι
2870 4132 3063 4203 μάγος,
3112 4131 3274 4194 αὐτὸς
3305 4128 3570 4196 διάϐολος,
3603 4132 3691 4184 αὑ-

2116 4225 2207 4288 τὸς
2235 4225 2433 4289 κακίας
2478 4225 2756 4297 ὑπηρέτης
2789 4222 2931 4278 κατὰ
2960 4221 3069 4276 τῶν
3113 4221 3448 4290 ἀγνοούντων
3480 4223 3539 4275 τὸ
3568 4222 3685 4294 άλη-

2118 4317 2225 4380 θὲς.
2263 4316 2373 4371 Καὶ
2422 4316 2562 4402 διάρ
2555 4314 2713 4370 τοῦτο
2760 4313 3134 4385 ἁμαρτάνουσι
3158 4314 3200 4345 ²¹
3230 4314 3418 4377 νόσους
3459 4314 3699 4385 ἐνεργεῖν

2116 4408 2357 4472 δύναται,
2416 4408 2706 4477 συνεργοὺς
2737 4405 2895 4477 ιέχων
2952 4406 3080 4470 τοὺς
3133 4404 3545 4477 ἁμαρτάνοντας
3600 4406 3700 4477 τῆς

444 4496 613 4567 ipsos.
646 4497 758 4569 Ego
780 4506 960 4553 autem
993 4499 1086 4552 Dei
1112 4498 1357 4553 omnium
1384 4499 1623 4555 auctoris
1653 4515 1845 4554 servus
1868 4517 2010 4569 sum,

2122 4503 2235 4555 κατ’
2285 4498 2463 4555 αὐτῶν
2501 4498 2800 4567 δυνάμεως.
2831 4496 2972 4565 Ἐγὼ
3027 4497 3084 4551 δὲ
3129 4495 3265 4551 Θεοῦ
3295 4497 3341 4528 ⁸⁸
3382 4495 3477 4550 τοῦ
3520 4497 3703 4551 πάντα

442 4590 729 4662 dextrique
760 4593 879 4661 ejus
923 4592 1206 4662 Propheta:
1252 4591 1573 4659 discipulus.
1607 4591 1874 4657 Quocirca
1916 4595 2010 4662 qui

444 4698 568 4737 sum
608 4683 754 4737 illius
784 4683 1086 4751 apostolus,
1117 4697 1243 4736 vera
1274 4682 1538 4751 praedico;
1569 4682 1715 4737 bono
1738 4683 1882 4736 enim
1908 4683 2013 4737 mi-

446 4775 689 4829 nistrans
712 4773 875 4827 etiam
900 4774 1125 4828 morbos
1154 4773 1392 4842 depello;
1427 4787 1552 4826 nam
1583 4772 1855 4828 secundus
1883 4774 2015 4830 mis-

448 4877 544 4916 sus
572 4878 716 4929 sum,
744 4863 1184 4932 quandoquidem
1216 4862 1473 4932 praecedit
1495 4862 1739 4930 morbus,
1769 4863 2015 4933 sequitur

446 4969 578 5008 vero
628 4956 861 5010 sanatio.
904 4955 1008 5012 Per
1031 4957 1183 5010 illum
1234 4970 1364 5024 ergo
1409 4956 1716 5010 maleﬁcum
1770 4971 2013 5027 magum,

450 5045 563 5100 Deo
609 5048 899 5113 increduli,
942 5048 1276 5119 azgrotastis;
1324 5062 1419 5115 per
1464 5062 1550 5101 me
1594 5054 1809 5110 autem,
1855 5048 2016 5103 modo

450 5138 508 5197 in
543 5154 666 5194 eum
692 5140 945 5208 credatis,
973 5139 1324 5195 sanabimini.
1355 5137 1445 5192 Sic
1466 5139 1613 5192 enim
1643 5138 2016 5207 experimento

2119 4590 2474 4661 πεποιηκότος
2535 4588 2650 4658 εἰμὶ
2706 4586 2922 4653 δοῦλος,
2984 4586 3079 4641 τοῦ
3110 4586 3281 4652 δεξιοῦ
3342 4587 3507 4645 αὐτοῦ
3560 4589 3703 4659 Πρη-

2119 4682 2288 4751 φήτου
2326 4679 2587 4750 μαθητής.
2621 4678 2710 4757 At}
2737 4678 2944 4733 ἐκείνου
2971 4679 3267 4742 ἀπόστολος
3298 4678 3375 4734 ὢν
3407 4678 3658 4750 ἀληθεύω
3682 4696 3698 4710 ·

2118 4772 2307 4842 ἀγαθῷ
2340 4770 2448 4842 γὰρ
2483 4769 2769 4842 ὑπηρετῶν
2801 4770 2896 4823 καὶ
2923 4770 3115 4834 νόσους
3165 4769 3484 4825 ἀπελαύνω·
3522 4771 3700 4842 ἐπέμ-

2121 4862 2260 4933 φθην
2290 4862 2399 4933 γὰρ
2430 4860 2704 4932 δεύτερος·
2740 4862 2861 4914 ἐπεὶ
2892 4864 3208 4934 προηγεῖται
3247 4864 3342 4933 μὲν
3375 4862 3546 4926 νόσος,
3580 4863 3704 4915 ἒπε-

2122 4972 2211 5008 ται
2235 4954 2279 4985 ³⁸
2305 4953 2359 5005 δὲ
2389 4954 2548 5015 ίασις.
2584 4954 2659 5006 Δι’
2698 4952 2902 5006 ἐκείνου
2939 4953 3036 5024 μὲν
3075 4949 3169 5007 οῦν
3205 4952 3300 5005 τοῦ
3339 4954 3493 5023 181
3531 4971 3701 5007 κακο-

2123 5044 2277 5099 ποιοῦ
2316 5045 2489 5116 μάγου
2522 5044 2599 5115 τῷ
2632 5044 2751 5115 Θεῷ
2783 5045 3185 5116 ἀποστήσαντες
3217 5045 3506 5116 ἐνοσήσατε
3534 5045 3600 5108 ’⁸,
3629 5045 3697 5096 δι’

2122 5136 2257 5209 ἐμοῦ
2290 5138 2367 5200 δέ,
2407 5134 2501 5188 ὲάν
2532 5151 2592 5187 τε
2627 5134 2775 5205 αὐτῷ
2806 5135 3152 5205 πιστεύσητε,
3206 5134 3509 5205 ίαθήσεσθεε
3553 5134 3699 5187 οὕτω

1721 5256 1959 5313 VARUE
2002 5255 2404 5311 LECTIONES.

521 5355 563 5426 ’τ
587 5355 717 5426 ἡμῖν
748 5352 837 5423 LO.

452 5422 619 5495 ὑπέρ,⁷
632 5422 693 5477 in
720 5422 868 5479 textu
889 5424 1096 5494 ὥσπερ,
1126 5424 1189 5495 ἱη
1211 5423 1256 5478 Ο
1285 5422 1361 5495 6J5
1390 5422 1513 5495 πέρ.

984 5353 1028 5385 ⁸⁸
1057 5351 1131 5408 lla
1181 5351 1225 5408 0
1309 5367 1359 5407 c.
1403 5350 1468 5410 D.
1540 5348 1862 5420 καταπλήξῃ

1835 5365 1862 5421 ῃ
1912 5367 1973 5402 τε
2018 5348 2083 5404 C.
2141 5348 2278 5402 Tum
2332 5346 2467 5403 ἄλλα
2582 5345 2764 5399 πολλά
2791 5341 2972 5407 Μοηι,ῗ
3000 5342 3094 5412 qui
3132 5342 3392 5412 deinceps
3421 5340 3570 5423 conj.
3615 5321 3696 5410 ὧς

1857 5417 1902 5446 n
1951 5436 1977 5446 ,ι
2031 5418 2074 5446 n
2153 5416 2391 5446 ...9.-.Ὓηιρ
2518 5415 2711 5446 alnnn
2761 5431 2788 5446 η
2841 5411 2878 5446 ε
2926 5412 3218 5446 palmam;
3254 5412 3293 5446 l‘_
3398 5412 3440 5445 ιο
3466 5412 3524 5446 Γ.
3574 5412 3688 5446 ἐηὲς

1616 5422 1658 5453 ³⁸
1689 5416 1902 5491 auidi-'0
1947 5418 2075 5491 ο.ᾼῦ
2103 5460 2120 5486 ,
2150 5418 2329 5491 αὐτῶν
2353 5416 2415 5472 C.
2497 5416 2537 5491 ίξ

2566 5415 2642 5469 lta
2667 5415 2711 5469 Ο
2760 5431 2809 5470 c.
2841 5411 2900 5478 S,
2926 5412 3220 5485 πείσθησθέ
3254 5411 3344 5467 (ἐξ
3398 5412 3440 5485 ξ’
3466 5412 3527 5466 Ci
3572 5412 3692 5465 ἐτέ-

489 5481 574 5556 ως’
598 5481 729 5548 ante
756 5496 1002 5564 ποιήσειν
1036 5481 1193 5548 omisi
1227 5509 1276 5547 c.
1304 5481 1368 5545 0.
1497 5490 1751 5564 retinere
1802 5481 1955 5564 velis,
1997 5481 2299 5564 legendum
2333 5493 2479 5564 auct.
2512 5482 2604 5564 S_,
2636 5499 2730 5540 aut
2760 5486 2833 5564 μὴ
2871 5481 3419 5564 ἑτέρῳςῑζειυιληυοά
3441 5492 3688 5564 prastat,

483 5555 700 5636 ετοίμως.
752 5555 897 5636 Epit.
931 5580 978 5619 c.
1012 5565 1101 5636 ὃὸ,
1138 5564 1298 5636 habet
1340 5560 1653 5636 προθύμως.
1687 5560 1747 5614 Ci
1780 5560 1960 5636 versio
1991 5555 2261 5636 fer‘riﬁnon
2284 5563 2481 5636 potest.
2562 5555 2604 5636 ξ’
2631 5555 2908 5636 συντόμως
2930 5555 3018 5634 eod

980 5636 1021 5667 '9
1052 5620 1202 5687 lianc
1232 5632 1293 5685 Ci
1346 5620 1714 5695 conjecturam
1772 5630 2057 5685 conﬁrmat
2107 5626 2151 5683 0
2181 5667 2197 5692 ,
2231 5620 2443 5697 ἐτέρων
2484 5625 2606 5697 cod.
2656 5620 2812 5697 llam.
2847 5623 3106 5697 Parisin._
3159 5620 3373 5697 ’τιωο
3430 5637 3466 5697 c_
3504 5622 3580 5697 D,_
3598 5640 3691 5677 πι-

455 5636 505 5691 εῑ
529 5633 880 5758 ἐδυνάμὲνίὶ.

460 5703 707 5756 στεύεται
785 5742 797 5755 .
874 5706 880 5734 ³

460 5703 707 5756 στεύεται

874 5705 915 5735 ¹¹
942 5703 1312 5774 ἁμαρτάνουσι
1342 5702 1403 5768 D,
1435 5700 1484 5774 _0
1515 5742 1529 5766 ,
1578 5699 1993 5774 ἁμαρτανούσας
2037 5698 2097 5752 C.

2880 5571 2908 5616 ς
2930 5552 3052 5607 οὸὰ.
3080 5552 3211 5620 Reg.
3232 5552 3360 5606 804.
3441 5552 3484 5583 ⁸⁸
3514 5556 3691 5606 ποιεῖν

2201 5699 2247 5729 ³⁸
2276 5691 2383 5767 ἐγὼ
2404 5696 2461 5750 δὲ
2492 5695 2584 5750 τοῦ
2611 5695 2745 5751 Θεοῦ
2762 5694 2826 5753 C.
2904 5695 2950 5726 ³³
2971 5692 3049 5749 Ita
3074 5692 3116 5746 Ι)
3146 5732 3165 5762 ,
3193 5692 3386 5749 ἔπειτα
3426 5692 3493 5760 C,
3542 5691 3611 5749 0.

458 5774 507 5815 ’⁸
542 5772 601 5827 In
632 5772 676 5827 0
720 5777 871 5845 prius
898 5770 1160 5844 scriptum
1191 5783 1307 5829 erat
1332 5772 1605 5840 ἐνοήσατε.
1640 5770 1841 5825 Deinde
1872 5770 2011 5827 idem
2044 5784 2151 5824 om.
2182 5785 2264 5823 τε.
