3894 6208
154 341 271 399 315

1260 334 1718 397 CLEMENTINA.
1761 364 1828 374 —
1869 330 2151 388 HOMILIA
2185 330 2316 389 VIII.

3328 338 3436 398 226

153 464 272 535 γὰρ
302 459 401 516 τοῦ
435 454 661 515 δυνατοῦ
693 456 791 531 τὴν
821 454 1015 529 πεῖραν
1041 456 1087 489 ⁸⁸
1116 454 1372 518 λαϐόντες
1390 495 1405 519 ,
1430 453 1524 507 ἐπὶ
1568 453 1629 507 τὸ
1659 454 1747 507 εὑ-

1853 446 1996 501 facto
2064 446 2213 501 illius
2264 445 2362 517 qui
2414 453 2611 517 potens
2642 447 2764 515 'est,
2820 449 2889 505 ad
2942 448 3080 509 bene
3124 451 3434 514 faciendum

155 550 342 620 ποιεῖν
366 546 724 620 τραπόμενοι,
759 543 854 601 καὶ
883 545 985 609 τὰς
1010 544 1191 616 ψυχὰς
1221 544 1568 616 ἀνασωθῆναι
1598 543 1757 615 δυνη-

154 619 366 689 θείητε.

224 709 349 765 ΧΠ.
390 706 578 765 Ταῦτα
616 706 785 763 αὑτοῦ
816 704 1089 776 λέγοντος,
1122 707 1173 760 οἱ
1206 705 1409 769 πάντες
1438 707 1754 775 γονυπετεῖς

152 799 266 871 πρὸ
305 798 421 857 τῶν
446 796 621 853 αὑτοῦ
674 797 884 852 ἔκειντο
921 796 1120 851 ποδῶν.
1178 794 1237 851 '0
1288 795 1345 849 δὲ
1396 796 1476 859 είς
1526 794 1752 867 οὐρανὸν

151 893 299 963 ἄρας
331 890 435 953 τὰς
466 891 677 962 χεῖρας,
713 888 808 942 καὶ
833 887 913 960 τῷ
943 886 1061 959 Θεῷ
1100 887 1540 960 προσευξάμενος
1566 888 1753 941 ἰάσατο

148 983 283 1045 τοὺς
328 980 545 1043 πάντας
584 981 652 1032 ἐκ
688 980 857 1051 μόνης
899 979 1066 1050 εὐχῆς
1088 1018 1103 1034 .
1148 980 1263 1033 Οὑκ
1300 978 1495 1047 ὀλίγων
1526 979 1583 1032 δὲ
1613 980 1749 1051 ἡμε-

155 1073 268 1143 ρίἷιν
304 1068 656 1143 παραμείνας
686 1072 800 1134 τοῖς
822 1070 1127 1142 Βηρυτίοις,
1166 1071 1261 1123 καὶ
1294 1070 1521 1133 πολλοὺς
1549 1072 1615 1143 τῇ
1654 1088 1750 1141 μο-

150 1167 397 1235 ναρχικῇ
444 1163 712 1236 θρησκείᾳ
763 1162 1047 1225 συνεθίσας
1085 1163 1131 1194 ³⁵
1172 1162 1266 1216 καὶ
1301 1162 1590 1232 βαπτίσας,
1643 1162 1751 1216 ἀπὸ

150 1253 293 1317 τῶν,
324 1254 614 1325 ἑπομένων
668 1251 822 1324 αὑτῷ
876 1253 1263 1326 πρεσϐυτέρων
1310 1254 1406 1308 ἕνα
1453 1253 1750 1307 ἐπίσκοπον

151 1346 341 1408 αὐτοῖς
402 1343 789 1415 καταστήσας,
842 1344 925 1408 εἰς
961 1345 1062 1417 τὴν
1108 1345 1298 1399 Βίϐλον
1333 1346 1376 1376 ⁸⁷
1432 1343 1603 1415 ἐξῄει.
1636 1344 1749 1397 Καὶ

150 1437 450 1501 γενόμενος
506 1439 621 1493 ἐκεῖ
655 1440 749 1493 καὶ
802 1436 988 1510 μαθὼν
1039 1439 1120 1492 ὅτι
1152 1439 1335 1510 Σίμων
1377 1436 1499 1492 οὐδὲ
1548 1438 1679 1509 μιᾶς
1702 1437 1747 1469 ’⁸

150 1530 370 1601 ἡμέρας
410 1531 597 1595 αὑτοῖς
640 1531 1022 1603 προσέμεινεν,
1072 1530 1187 1584 ἀλλ’
1238 1529 1440 1593 εὐθέως
1489 1530 1570 1594 είς
1619 1527 1748 1600 Τρί-

156 1625 309 1677 πολιν
353 1622 639 1696 ὦρμησεν,
691 1625 888 1695 ὀλίγων
935 1626 1159 1698 ἡμερῶν
1207 1628 1388 1690 αὐτοῖς
1438 1626 1742 1698 ἐπιμείνας,

154 1713 245 1766 καὶ
267 1712 620 1783 θεραπεύσας
659 1716 760 1768 οὑκ
786 1715 1017 1784 ὀλίγους,
1041 1716 1136 1769 καὶ
1164 1718 1283 1780 ταῖς
1306 1716 1516 1781 Βίϐλοις
1546 1715 1745 1779 αὐτοὺς

1858 539 2127 606 conversi,
2154 538 2318 594 etiam
2371 539 2672 596 secundum
2705 541 2921 600 animas
2966 545 3105 601 salvi
3154 562 3277 604 esse
3334 564 3437 621 po-

1856 631 2054 686 teritis.

1926 722 2042 777 XII.
2084 721 2215 787 Quae
2245 734 2371 777 cum
2416 721 2666 794 dixisset,
2698 727 2883 783 cuncti
2937 728 3006 785 ad
3057 745 3233 801 genua
3285 732 3437 791 accio

1853 816 2047 871 dentes
2075 813 2336 883 jacebant
2377 822 2504 869 ante
2541 817 2707 885 pedes
2741 817 2914 875 illius.
2950 821 3021 876 At
3052 821 3165 887 ille,
3197 825 3436 882 sublatis

1853 904 1908 959 in
1938 905 2139 959 caelum
2183 904 2470 970 manibus,
2511 905 2796 978 Deumque
2846 921 3251 981 comprecatus,
3297 931 3437 971 cun-

1851 1004 1969 1051 ctos
2020 996 2337 1066 precatione
2389 996 2505 1051 sola
2556 998 2790 1053 curavit.
2840 998 2961 1055 Non
3006 1018 3215 1072 paucos
3247 1014 3432 1061 autem

1851 1088 1966 1143 dies
1998 1089 2141 1159 apud
2175 1087 2423 1158 Berytios
2450 1099 2860 1158 commoratus,
2893 1107 3019 1147 cum
3050 1096 3259 1151 multos
3303 1098 3433 1152 reli—

1850 1180 1998 1249 gioni
2047 1194 2174 1249 erga
2227 1195 2399 1234 unum
2444 1178 2616 1233 Deum
2672 1180 3124 1251 consuefecisset,
3171 1201 3273 1242 nec
3319 1204 3433 1243 non

1849 1272 2221 1341 baptizassct,
2265 1286 2376 1327 uno
2412 1286 2477 1326 ex
2521 1271 2856 1344 presbyteris
2906 1275 3001 1346 qui
3051 1292 3177 1332 eum
3235 1294 3433 1350 seque-

1847 1363 2047 1419 bantur
2096 1363 2232 1435 ipsis
2284 1365 2340 1418 in
2380 1363 2703 1435 episcopum
2739 1366 3061 1437 constituto,
3109 1369 3164 1425 in
3197 1371 3429 1443 Byblum

1846 1456 1999 1511 abiit.
2036 1455 2156 1521 Quo
2185 1470 2309 1511 cum
2341 1457 2700 1526 pervenisset,
2737 1467 3021 1526 comperto
3054 1462 3199 1530 quod
3237 1462 3428 1519 Simon

1845 1562 1914 1601 ne
1938 1560 2049 1602 uno
2074 1547 2295 1617 quidem
2326 1546 2414 1602 die
2447 1546 2571 1602 illos
2603 1556 2999 1618 exspectasset,
3033 1552 3130 1607 sed
3160 1554 3345 1608 statim
3371 1557 3425 1610 in

1846 1638 2110 1709 Tripolim
2144 1638 2430 1706 evasisset,
2458 1654 2665 1709 paucos
2691 1638 2808 1695 dies
2850 1640 2995 1711 apud
3028 1656 3123 1697 eos
3151 1652 3422 1712 moratus,

1844 1732 2161 1801 curalisque
2212 1731 2433 1800 multis,
2489 1746 2555 1787 ac
2607 1732 2661 1786 in
2698 1730 2981 1802 Scriptura
3023 1733 3301 1802 exercitis,
3355 1737 3424 1793 ad

152 1804 490 1877 ἐνασκήσας,
525 1808 644 1860 κατ’
676 1808 822 1877 ῐχνος
847 1806 942 1860 τοῦ
963 1806 1209 1878 Σίμωνος
1242 1807 1323 1871 εἰς
1349 1808 1450 1878 τὴν
1482 1806 1741 1878 Τρίπολιν

1845 1824 2107 1894 Tripolim
2160 1840 2256 1895 per
2310 1824 2542 1896 vestigia
2603 1823 2848 1882 Simonis
2901 1826 3197 1897 processit,
3239 1839 3429 1887 certus

152 1893 482 1966 ἐπορεύετο,
521 1896 876 1967 μεταδιώκειν
909 1896 1072 1951 αὑτὸν
1108 1896 1339 1969 μᾶλλον,
1373 1898 1473 1967 οὐχ
1501 1897 1739 1968 ὑποφεύ-

153 2002 213 2055 γε
221 2005 268 2039 ιν
304 1988 718 2061 προῃρημένος.

756 2146 1014 2201 ὈΜΙΛΙΑ
1054 2150 1135 2200 11'.

215 2235 256 2291 Ι.
300 2238 405 2301 Εἰς
426 2237 486 2291 δὲ
517 2239 620 2310 τὴν
640 2237 902 2309 Τρίπολιν
930 2237 1153 2289 εἰσιόντι
1185 2235 1265 2305 τῷ
1293 2235 1503 2309 Πέτρῳ,
1552 2233 1602 2287 οἱ
1647 2253 1737 2306 φι-

148 2328 541 2400 λομαθέστεροι
563 2328 627 2381 ἔκ
661 2345 722 2380 τε
748 2328 849 2399 τῆς
878 2326 1055 2398 Τύρου
1091 2327 1185 2380 καὶ
1218 2326 1465 2391 Σιδῶνος,
1494 2325 1737 2397 Βηρυτοῦ

144 2435 203 2473 τε
226 2423 323 2472 καὶ
344 2420 569 2485 Βίϐλου,
593 2421 689 2473 καὶ
726 2420 792 2472 ἐκ
823 2417 933 2473 τῶν
962 2417 1354 2490 πλησιοχώρων
1376 2417 1533 2487 182
1557 2417 1740 2470 πολλοὶ

149 2509 530 2582 συνεισῄεσαν.
578 2510 692 2582 Οὐχ
720 2510 921 2582 ἥκιστα
953 2509 1008 2562 δὲ
1031 2509 1140 2563 τῶν
1175 2510 1270 2562 ἀπ’
1305 2509 1472 2579 αὐτῆς
1506 2508 1604 2579 τῆς
1638 2508 1737 2561 πό-

146 2602 284 2667 λεως
308 2604 489 2676 ὄχλων
519 2603 818 2676 συνδρομαὶ
847 2601 1109 2672 ἐγίνοντο,
1140 2603 1372 2673 ἱστορεῖν
1403 2600 1738 2671 βουλομένων

144 2694 329 2749 αὑτόν.
377 2694 785 2766 Συνετύγχανον
828 2689 924 2748 οὖν
965 2696 1096 2765 ἡμῖν
1138 2694 1196 2746 ἐν
1243 2693 1356 2754 τοῖς
1396 2690 1738 2763 προαστείοις

142 2787 195 2839 οἱ
231 2787 330 2841 ὑπ’
366 2786 534 2840 αὑτοῦ
568 2786 979 2858 ἐκπεμφθέντες
1019 2783 1268 2854 ἀδελφοὶ,
1309 2783 1380 2836 τά
1411 2800 1470 2835 τε
1507 2781 1639 2836 ἀλλα
1670 2780 1740 2837 τὰ

142 2878 289 2937 κατά
320 2879 424 2950 τὴν
453 2878 609 2933 πόλιν
646 2879 741 2932 καὶ
782 2878 850 2932 τά
882 2877 1234 2950 πραττόμενα
1264 2874 1344 2945 τῷ
1374 2873 1579 2944 Σίμωνι
1612 2870 1737 2938 ἐξα-

142 2970 441 3043 κριϐὦσαι,
486 2971 637 3035 ὅπως
681 2970 933 3033 ἐλθόντες
978 2969 1385 3041 ὑφηγήσωνται.
1448 2962 1738 3031 Ἀποδεξά-

141 3082 297 3137 μενοι
329 3064 497 3118 αὑτὸν
527 3063 621 3118 ἐπὶ
650 3062 751 3135 τὴν
782 3063 1067 3136 Μαροόνου
1087 3063 1134 3094 ²⁹
1158 3056 1293 3133 ἦγον
1324 3058 1521 3113 οἰκίαν.
1710 3060 1734 3109 ’ξ

214 3158 280 3213 ll.
334 3159 394 3211 '0
424 3158 482 3211 δὲ
514 3159 599 3211 ἐπ’
633 3158 782 3229 αὑτῷ
808 3157 887 3228 τῷ
1056 3155 1244 3248 ξενίας.
1269 3153 1474 3208 πυλῶνι
1645 3168 1736 3248 γε-
1760 3188 1804 3248 C

140 3248 351 3319 γονὼς,
393 3248 752 3320 ἐπιστραφεὶς
783 3249 897 3310 τοῖς
932 3246 1114 3316 όχλοις
1142 3244 1430 3315 ὑπέσχετο,
1466 3242 1606 3315 μετά
1634 3241 1735 3312 τὴν

138 3342 408 3395 ἐπιοῦσαν
439 3342 569 3413 περὶ
600 3337 911 3401 θεοσεϐείας
931 3338 1118 3400 αὑτοῖς
1144 3335 1511 3405 διαλεχθῆναι.
1542 3332 1735 3386 Εἰσελ-

138 3431 330 3496 θόντος
362 3432 421 3485 δὲ
460 3431 646 3496 αὑτοῦ,
679 3432 729 3484 οἱ
767 3429 982 3502 πρόοδοι
1010 3430 1123 3491 τοῖς
1152 3425 1533 3497 συνεληλυθόσι
1556 3423 1735 3492 ξενίας

137 3524 498 3598 ηὑτρέπιζον.
548 3524 663 3578 Οὐκ
706 3523 1064 3576 ἀπελείποντο
1104 3520 1162 3575 δέ
1211 3520 1334 3573 οὐδὲ
1381 3521 1432 3573 οἱ
1477 3519 1735 3588 ἀποδεχό-

143 3632 298 3685 μενοι
332 3614 431 3667 καὶ¹
463 3613 762 3681 ξενίζοντες
792 3613 893 3683 τῆς
922 3613 1031 3666 τῶν
1069 3610 1363 3677 ἀξιούντων
1401 3608 1728 3682 προθυμίας.

140 3706 370 3761 Τούτων
416 3705 479 3760 δέ
516 3705 561 3737 ³⁸
589 3705 747 3759 οὑδέν
791 3704 948 3769 εἰδὼς
992 3705 1024 3758 ό
1063 3703 1291 3776 Πέτρος,
1344 3701 1593 3768 ἀξιωθεὶς
1642 3702 1731 3771 ὑφ’

139 3797 303 3873 ἡμῶν
349 3798 560 3871 τροφῆς
608 3797 955 3869 μεταλαϐεῖν,
1006 3797 1144 3870 ἔφη,
1210 3797 1285 3869 μὴ
1333 3795 1733 3868 μεταλήψεσθαι

139 3891 415 3963 πρότερον
448 3890 631 3955 αὐτὸς,
664 3889 830 3963 πεινὴ
872 3889 917 3920 ³⁸
947 3889 1077 3952 τοὺς
1121 3886 1547 3959 συνεληλυθότας
1583 3886 1733 3957 αὑτῷ

138 3982 642 4039 διαναπαύσασθαι.
738 3980 1209 4053 Ἀποκρινομένων
1267 3980 1325 4033 δὲ
1386 3978 1583 4051 ἡμῶν,
1647 3979 1731 4032 ὅτι

140 4075 281 4147 ἔφθη
314 4075 462 4129 τοῦθ’
488 4073 662 4139 οὕτως
687 4074 1036 4145 γεγενῆσθαι,
1072 4073 1344 4145 προφάσει
1375 4071 1474 4142 τῆς
1502 4070 1641 4143 πρὸς
1669 4070 1731 4126 σὲ

142 4165 384 4237 στοργῆς
416 4165 618 4237 σπουδῇ
654 4164 858 4228 πάντας
880 4163 924 4196 ³³
952 4163 1150 4227 αὐτοὺς
1183 4161 1619 4233 ὑποδεξαμένων,
1654 4161 1732 4226 ὡς

140 4259 272 4323 τοὺς
307 4260 383 4330 μὴ
422 4258 722 4329 ἐσχηκότας
759 4256 850 4321 οὓς
891 4256 1172 4321 ξενίσωσιν
1206 4255 1253 4288 ³³
1285 4253 1731 4328 ὑπερϐαλλόντως

141 4346 483 4418 λελυπῆσθαι
508 4362 525 4378 ο
568 4347 598 4399 ὁ
644 4346 883 4419 Πέτρος,
918 4345 1157 4408 ἀκούσας
1224 4344 1321 4398 καὶ
1383 4343 1567 4415 ἡσθεὶς
1629 4343 1729 4414 τῆς

141 4438 327 4505 ὀξείας
346 4437 760 4510 φιλανθρωπίας
793 4438 859 4502 ³⁸,
894 4438 1193 4509 εὑλογήσας
1239 4436 1437 4500 αὐτοὺς
1484 4433 1725 4506 ἐξῆλθεν,

1846 1930 1970 1971 eum
2008 1915 2246 1986 insequi,
2282 1930 2391 1971 non
2422 1914 2822 1987 subterfugere.

2410 2119 2699 2177 IIOMILIA
2736 2118 2874 2179 VIII.

1927 2210 1969 2265 1.
2022 2211 2161 2267 Cum
2218 2222 2399 2268 autem
2442 2212 2638 2269 Petrus
2682 2209 2948 2284 Tripolim
3018 2215 3420 2288 ingrederetur,

1843 2304 1936 2374 qui
1984 2306 2226 2360 discendi
2285 2314 2443 2361 erant
2499 2306 2811 2377 cupidiores
2861 2322 2929 2363 ex
2978 2307 3146 2381 Tyro,
3192 2313 3419 2382 Sidone,

1842 2393 2037 2467 Beryto
2066 2412 2128 2451 ac
2162 2396 2350 2469 Byblo,
2380 2407 2433 2454 et
2458 2399 2614 2454 multi
2650 2414 2717 2454 ex
2752 2400 3000 2457 finitimis
3040 2402 3206 2457 simul
3243 2404 3420 2459 intra-

1842 2496 1988 2541 runt.
2021 2487 2242 2542 Maximi
2275 2489 2437 2544 etiam
2473 2506 2539 2545 ex
2571 2492 2688 2562 ipsa
2717 2493 2935 2549 civitate
2961 2494 3247 2549 hominum
3280 2510 3421 2550 con-

1840 2593 2036 2633 cursus
2085 2580 2307 2649 fiebant,
2349 2583 2777 2641 desiderantium
2818 2587 3001 2642 videre
3034 2587 3209 2643 illum.
3248 2589 3420 2659 Igitur

1840 2670 2055 2723 obviam
2106 2670 2233 2726 facti
2280 2683 2408 2728 sunt
2449 2675 2607 2731 nobis
2636 2676 2690 2730 in
2726 2678 3037 2744 suburbiis,
3071 2681 3164 2749 qui
3193 2680 3263 2735 ab
3296 2681 3425 2750 ipso

1840 2760 1964 2815 ideo
1997 2762 2149 2817 missi
2200 2764 2440 2832 fuerant,
2473 2776 2533 2820 ut
2562 2768 2791 2837 profecti
2835 2770 3185 2839 explorarent
3222 2786 3417 2827 narra-

1837 2862 2066 2923 rentque
2112 2863 2226 2908 tum
2284 2857 2439 2912 urbis
2478 2858 2617 2913 alias
2666 2874 2777 2925 res,
2809 2868 2923 2915 tum
2954 2861 3195 2918 Simonis
3240 2870 3419 2933 gesta.

1842 2943 1907 2998 Et
1954 2945 2285 3015 excipientes
2343 2948 2497 3003 illum
2553 2950 2610 3005 in
2656 2953 2880 3007 domum
2913 2951 3193 3009 Maroonis
3244 2954 3423 3010 duxe-

1837 3042 1989 3090 runt.

1906 3124 1971 3180 ll.
2013 3125 2062 3181 ls
2087 3142 2216 3182 vero
2243 3128 2356 3198 jam
2395 3128 2539 3186 fores
2578 3130 2804 3201 hospitii
2841 3142 3053 3202 tenens,
3093 3150 3419 3205 conversus,

1838 3217 2173 3274 multitudini
2221 3221 2504 3290 promisit,
2555 3238 2613 3278 se
2658 3235 2781 3295 post
2820 3225 2963 3281 diem
3008 3228 3309 3283 crastinum
3347 3230 3415 3286 de

1789 3316 1793 3321 ’
1837 3310 1987 3365 cultu
2017 3309 2108 3366 Dei
2147 3312 2255 3367 illis
2284 3315 2449 3381 verba
2487 3313 2781 3371 facturum.
2825 3316 3078 3389 Ingresso
3108 3329 3287 3375 autem
3325 3337 3419 3389 eo,

1836 3402 1929 3471 qui
1962 3403 2226 3471 prazmissi
2270 3403 2508 3474 fuerant,
2544 3408 2782 3479 hospitia
2830 3410 2898 3464 iis
2926 3409 3019 3480 qui
3053 3411 3217 3466 simul
3243 3427 3412 3468 vene.

1782 3505 1787 3511 '
1834 3502 1961 3548 rant
1998 3494 2347 3550 ordinabant.
2400 3495 2509 3553 Nec
2552 3514 2683 3553 vero
2725 3501 2822 3571 qui
2870 3501 3112 3573 hospitio
3145 3503 3420 3574 suscipie-

1834 3583 2002 3648 bant,
2048 3585 2331 3642 alacritate
2389 3599 2548 3645 erant
2592 3592 2884 3648 inferiores
2930 3594 2999 3649 iis
3042 3594 3136 3665 qui
3178 3594 3414 3665 hospitia
3489 3665 3496 3671 .

1832 3676 2202 3745 postulabant.
2238 3678 2487 3746 Quorum
2533 3698 2658 3738 cum
2700 3684 2837 3739 nihil
2884 3686 3047 3741 sciret
3074 3686 3290 3753 Petrus,
3322 3704 3415 3744 ro-
3462 3682 3494 3719 ν’

1832 3781 1989 3839 gaius
2028 3788 2057 3825 a
2089 3774 2269 3841 nobis,
2295 3775 2479 3830 cibum
2516 3792 2757 3847 sumere,
2799 3796 3148 3851 nequaquam
3177 3797 3238 3838 se
3261 3798 3415 3837 sum-

1831 3871 2054 3931 pturum
2084 3865 2246 3932 dixit,
2278 3867 2385 3922 nisi
2416 3868 2570 3938 prius
2600 3871 2692 3940 qui
2726 3886 2855 3927 eum
2908 3871 3130 3928 fuerant
3169 3875 3415 3931 comitati

1831 3953 2338 4025 interquiescerent.
2394 3960 2872 4032 Respondentibus
2908 3974 3091 4021 autem
3139 3967 3323 4033 nobis,
3355 3968 3412 4023 Id

1826 4051 1938 4122 jam
1983 4053 2056 4108 ita
2093 4053 2296 4111 factum
2340 4066 2444 4128 est,
2482 4060 2584 4126 eis,
2618 4068 2843 4129 propter
2884 4076 3127 4117 amorem
3173 4078 3299 4136 erga
3337 4075 3413 4126 te.

1829 4164 2021 4205 omnes
2069 4149 2218 4218 ipsos
2263 4150 2509 4206 studiose
2553 4151 3003 4221 suscipientibus,
3036 4154 3172 4207 adeo
3204 4162 3286 4223 ut,
3314 4155 3415 4224 qui

1829 4256 1938 4295 non
1985 4241 2331 4307 habuerunt,
2371 4256 2512 4311 quos
2563 4242 2802 4313 hospitio
2856 4242 3193 4312 reciperent,
3243 4260 3413 4314 supra

1828 4334 2051 4388 modum
2095 4331 2297 4387 fuerint
2321 4334 2655 4398 contristati,
2710 4333 2904 4389 Petrus
2931 4334 3116 4389 audita
3150 4350 3230 4402 re,
3263 4336 3412 4391 dele-

1829 4433 2007 4482 ctatus
2045 4432 2296 4494 prompta
2327 4424 2688 4492 humanitate,
2723 4426 3024 4481 benedictis
3052 4427 3119 4481 iis
3150 4441 3410 4495 egressus

142 4531 239 4584 καὶ
271 4530 521 4603 θαλάσσῃ
545 4531 879 4602 λουσάμενος
912 4530 1161 4601 εἰσῆλθεν
1184 4529 1249 4595 ³⁸,
1283 4529 1377 4581 καὶ
1413 4527 1597 4580 σιτίων
1631 4526 1727 4579 σὺν

1845 4525 1913 4572 3st
1953 4533 1966 4571 :
2004 4530 2240 4585 cumque
2284 4514 2507 4572 lavisset
2550 4517 2607 4570 in
2654 4516 2816 4583 mari,
2875 4516 3156 4587 ingressus
3201 4526 3304 4582 est,
3351 4524 3409 4572 et

140 4629 257 4689 τοῖς
288 4624 539 4696 προόδοις
582 4623 921 4696 μεταλαϐὼν,
955 4623 1193 4695 ἑσπέρας
1222 4620 1727 4693 ἐπικαταλαϐούσης

144 4718 418 4773 ὕπνωσεν.

213 4808 306 4864 Ill.
347 4808 484 4863 ’Υπδ
509 4808 567 4862 δὲ
596 4808 695 4872 τὰς
720 4807 979 4879 δευτέρας
1003 4805 1113 4860 τῶν
1140 4803 1511 4877 ἀλεκτρυόνων
1540 4802 1725 4873 φωνὰς

140 4899 477 4962 διῦπνισθεὶς
507 4892 666 4970 ε’ὑρεν
692 4899 839 4969 ἡμᾶς
872 4896 1237 4968 ἐγρηγορότας
1271 4895 1339 4958 ⁸⁸,
1359 4889 1502 4965 ἦμεν
1533 4894 1590 4946 δὲ
1626 4893 1723 4946 σὺν

142 4988 295 5059 αὐτῷ
324 4989 376 5041 οί
411 4986 612 5053 πάντες
649 4986 970 5051 ἑκκαίδεκα,
1002 4985 1164 5049 αὐτὸς
1207 4988 1236 5040 ὁ
1281 4985 1510 5056 Πέτρος,
1563 4982 1722 5053 183

141 5078 303 5149 κάγὼ
339 5079 370 5131 ό
414 5078 649 5150 Κλήμης
671 5116 687 5142 ,
734 5077 980 5149 Νικήτης
1009 5094 1070 5130 τε
1114 5076 1209 5130 καὶ
1250 5075 1513 5140 Ἀκύλας,
1547 5074 1643 5128 καὶ
1673 5074 1723 5127 οἱ

141 5170 572 5245 προοδεύσαντες
632 5167 860 5222 δώδεκα.
908 5166 1368 5239 Προσαγορεὺσας
1423 5160 1517 5220 οὖν
1575 5165 1723 5237 ἡμᾶς

140 5263 275 5333 ἔφη·
333 5261 584 5332 Σήμερον
628 5261 743 5323 τοῖς
789 5258 894 5327 ἐξω
944 5257 1019 5331 μὴ
1072 5258 1422 5330 σχολάζοντες
1472 5257 1724 5330 ἀλλήλοις

140 5354 312 5426 ἐσμὲν
368 5351 637 5425 εὑσχολοι.
672 5350 764 5428 Διὲ
810 5349 921 5421 ἐγὼ
978 5352 1078 5425 μὲν
1130 5352 1259 5424 ὑμῖν
1306 5351 1378 5406 τὰ
1431 5351 1568 5424 μετὰ
1598 5349 1721 5423 (τὴν

1830 4616 2118 4677 postquam
2162 4606 2347 4661 cibum
2391 4621 2516 4660 cum
2564 4606 3004 4675 prwcursorihus
3051 4607 3405 4678 sumpsisset,

1829 4708 1989 4753 nocte
2025 4698 2347 4754 adveniente
2377 4712 2573 4755 somno
2602 4714 2661 4754 se
2693 4698 2862 4754 dedit.

1899 4788 1988 4844 Ill.
2016 4790 2130 4845 Sub
2150 4790 2449 4847 secundum
2466 4805 2597 4845 vero
2614 4790 2881 4861 gallorum
2909 4799 3127 4846 cantum
3151 4806 3406 4863 experge-

1826 4879 2008 4937 factus
2039 4897 2137 4937 nos
2168 4881 2371 4937 invenit
2400 4882 2722 4951 vigilantes;
2756 4896 2977 4936 eramus
3002 4891 3183 4937 autem
3211 4897 3409 4940 omnes

1825 4991 1950 5031 cum
1973 4991 2039 5029 eo
2060 4975 2320 5041 sedecim,
2345 4976 2462 5046 ipse
2492 4974 2685 5030 Petrus
2704 4983 2759 5029 et
2773 4989 2873 5046 ego
2891 4974 3166 5043 Clemens,
3184 4975 3405 5033 Nicetas

1824 5072 2110 5140 etAquila,
2128 5080 2291 5142 atque
2312 5069 2599 5125 duodecim
2620 5068 2713 5138 qui
2736 5068 3024 5139 prmgressi
3046 5067 3280 5126 fuerant.
3305 5070 3403 5127 Sa-

1823 5165 2010 5220 lutatis
2030 5178 2161 5235 ergo
2182 5165 2341 5220 nobis
2360 5163 2527 5219 dixit:
2551 5162 2722 5218 Hodie
2738 5161 2866 5231 quia
2884 5161 3007 5216 aliis
3024 5164 3273 5233 occupati
3287 5180 3401 5219 non

1824 5270 2038 5321 sumus,
2069 5256 2227 5310 nobis
2250 5269 2533 5311 vacemus.
2566 5250 2835 5319 Quocirca
2862 5266 2963 5323 ego
2987 5252 3209 5321 quidem
3237 5253 3402 5309 vobis

1824 5364 1946 5420 quae
1993 5348 2139 5419 apud
2171 5346 2377 5420 Tyrum
2426 5354 2552 5419 post
2601 5346 2909 5417 digressum
2956 5354 3199 5401 vestrum
3246 5352 3400 5417 gesta

1427 5484 2129 5557 VARIE._LECT10NES.

211 5631 261 5666 "
284 5629 485 5701 πείραν
513 5626 600 5701 _C.

700 5627 748 5661 ³⁸
772 5627 925 5683 Alius
981 5625 1231 5696 praeferet
1277 5625 1579 5694 συνετίσας,
1638 5641 1756 5696 nec;
1788 5623 2061 5696 immerito
2092 5622 2133 5696 ς
2168 5638 2192 5696 ξ

2254 5618 2572 5683 συνεσθίσας
2592 5616 2660 5674 Ο.
2736 5618 2785 5655 ⁸⁷
2814 5609 3026 5670 Βύϐλον
3045 5612 3190 5681 Epit.
3220 5625 3269 5683 c.
3295 5609 3389 5664 58.

139 5700 186 5733 ³⁸
214 5680 474 5772 coalita;
502 5680 597 5754 0'.—
643 5680 1007 5798 ’.Μαρῶνοό
1025 5680 1236 5768 Ερὶιὼᾎ
1271 5680 1363 5757 59.
1412 5698 1456 5732 ⁸ο
1490 5680 1696 5753 δέὀηι.
1721 5680 1747 5750 ί(

143 5770 291 5798 ..μη
388 5770 435 5798 η
472 5768 650 5798 ιιηξι..
677 5771 742 5798 -α.
767 5771 793 5798 ,ι
829 5769 910 5798 ..ιη
938 5768 1313 5798 ...\-..n-._.-:..
1366 5767 1403 5798 α
1457 5768 1502 5798 as
1526 5765 1747 5798 ..κηρυκι

1871 5694 1914 5727 ³¹
1942 5694 2069 5798 πρὶν
2096 5693 2129 5764 ῆ
2156 5680 2221 5747 C.
2298 5690 2341 5723 ³¹
2368 5690 2518 5748 Fort.
2544 5680 2649 5759 leg.
2682 5688 2917 5742 πάντων.
2948 5685 3006 5740 S.
3083 5680 3126 5714 ³³
3152 5680 3392 5750 ξενίσων

1845 5765 1847 5782 ι
1964 5765 1985 5798 ι
2035 5762 2409 5798 “meme...-
2440 5760 2486 5798 n
2531 5759 2669 5798 Tum
2693 5758 2749 5798 at:
2778 5758 2870 5798 νηὶ
2895 5756 3024 5798 Mm
3048 5752 3112 5798 ﬂ-

140 5716 186 5733 ”
214 5716 474 5772 ουοεμιας
502 5716 593 5781 U."
645 5716 1004 5834 ι’Μαὲοωνου
1025 5716 1171 5768 ιιρτι.
1188 5716 1236 5753 ο.
1271 5716 1363 5757 ου.
1412 5716 1456 5732 ’ν
1490 5716 1548 5751 ΟΞ
1585 5716 1696 5753 0m.
1727 5716 1791 5752 υ.
1871 5716 1914 5727 ’⁸
1942 5716 1983 5748 π

139 5786 226 5826 σιν
245 5770 309 5826 0.
388 5770 435 5803 ⁸⁸
468 5768 652 5827 Malim
677 5771 744 5842 τῇ
767 5771 795 5822 ὀ
829 5769 914 5841 είᾳ
938 5768 1337 5842 φιλανθρωπίᾳ.
1366 5767 1425 5825 S.
1457 5768 1502 5802 ³⁸
1525 5765 1780 5823 εἰσελθών
1807 5764 1868 5823 C.
1964 5765 1985 5798 ³

2034 5752 2409 5835 ἀγρηγορότας
2440 5760 2504 5820 Ο.
2531 5752 2669 5818 Tum
2692 5758 2752 5827 ἐξ
2778 5758 2871 5815 καὶ
2895 5756 3025 5813 δέκα
3048 5752 3112 5813 C.
