3894 6208
473 312 581 369 2‘27

1316 313 1372 368 S.
1413 309 1797 367 CLEMENTIS
1835 312 1856 365 ι
1893 311 2057 367 ROM.
2099 314 2298 370 PONT.
2339 314 2568 371 OPERA
2605 314 2831 375 DUBIA.

3618 318 3726 382 2‘23

474 444 624 501 sunt,
659 433 928 488 enarrabo
970 450 983 486 :
1026 447 1122 487 vos
1166 440 1347 486 autem
1394 431 1529 484 mihi
1576 446 1699 500 qua:
1740 430 1832 484 hic
1883 447 1912 483 a
1951 430 2039 483 Si-

2144 433 2251 486 ἀπὸ
2299 434 2475 505 Τύρου
2511 437 2554 467 ³⁷
2580 436 2757 501 ἔξοδον
2788 437 3126 508 γεγενημένα
3172 439 3529 511 διηγήσομαι,
3568 441 3724 513 ὗμεῖς

474 542 639 581 mone
672 535 981 595 perpetrata
1029 533 1179 588 sunt,
1209 524 1525 592 diligentius
1578 522 1851 591 exponite.
1904 522 2041 577 Cum

474 617 640 687 igitur
668 630 768 669 nos
809 624 1000 669 mutuo
1034 613 1362 683 specialibus
1394 612 1802 667 narrationibus
1843 614 2044 668 donas-

475 723 680 773 semus,
718 709 999 778 ingressus
1024 716 1107 760 est
1138 706 1360 775 quidam
1408 720 1438 759 e
1468 704 1851 769 familiaribus,
1896 707 2043 759 lumc

474 799 727 854 nuntium
756 798 916 853 Petro
965 797 1227 851 aﬂ‘erens:
1258 794 1468 863 Simon,
1516 794 1607 848 ubi
1652 795 1841 849 didicit
1870 805 1922 850 te
1948 798 2044 851 ad-

471 890 707 957 venisse,
732 904 924 944 versus
949 887 1162 958 Syriam
1193 888 1470 956 profectus
1501 894 1605 950 est,
1634 887 1809 941 turba:
1836 898 2039 952 autem,

471 1000 593 1054 qua:
614 998 777 1037 unam
806 982 945 1035 hanc
970 990 1183 1035 noctem
1208 979 1357 1033 velut
1401 994 1645 1033 annuum
1678 987 1891 1049 tempus
1924 979 2044 1049 opi-

470 1087 692 1140 nantur,
726 1090 825 1128 nec
852 1083 1085 1142 possunt
1113 1072 1477 1142 praestitutum
1520 1086 1551 1124 a
1586 1080 1639 1124 te
1667 1072 1809 1125 diem
1850 1087 2044 1140 exspe-

468 1174 637 1229 ctare,
676 1181 774 1234 pro
817 1164 1027 1218 foribus
1068 1173 1244 1228 stant,
1277 1172 1331 1217 et
1357 1178 1452 1232 per
1482 1172 1658 1217 coetus
1702 1176 1765 1216 ac
1806 1162 2042 1218 circulos

466 1256 534 1311 de
557 1256 796 1311 Simonis
823 1255 1112 1310 calumniis
1151 1255 1291 1308 inter
1327 1269 1387 1308 se
1418 1253 1649 1307 invicem
1697 1254 2030 1323 colloquun-

466 1359 576 1412 tur,
601 1350 837 1418 quicum
856 1363 951 1403 eas
976 1348 1028 1400 in
1050 1362 1199 1416 spem
1225 1345 1559 1411 adduxisset,
1583 1354 1746 1415 atque
1768 1346 2040 1414 pollicitus

465 1450 609 1496 esset
631 1442 775 1511 quod
808 1451 857 1495 te
884 1440 1072 1494 multis
1098 1439 1165 1493 de
1194 1437 1518 1493 criminibus
1546 1450 1869 1507 praesentem
1897 1449 2042 1494 esset

464 1534 837 1598 convicturus,
886 1531 1103 1601 cognito
1152 1530 1383 1584 adventu
1435 1536 1530 1582 tuo
1577 1544 1634 1584 se
1675 1538 1837 1584 noctu
1870 1531 1923 1584 in
1954 1530 2041 1585 fu-

466 1638 587 1693 gam
613 1619 944 1689 coniecerit:
974 1617 1069 1673 sed
1099 1626 1153 1671 et
1182 1627 1232 1671 te
1260 1617 1449 1672 audire
1478 1616 1819 1686 desiderant;
1853 1621 2040 1676 nescio

2144 524 2201 576 δὲ
2226 525 2270 555 ⁸⁸
2296 526 2419 595 ἐμοὶ
2458 526 2526 578 τὰ
2560 528 2791 581 ἐνταῦθα
2820 528 2923 580 ὑπὸ
2951 528 3044 581 τοῦ
3079 530 3320 600 Σίμωνος
3353 535 3725 603 πεπραγμένα

2145 616 2239 667 καὶ
2279 616 2664 688 ἀκριϐέστερον
2695 618 3037 690 ἐξηγήσασθε
3053 619 3117 672 ³⁸.
3159 621 3575 692 Ἀμειψαμένων
3627 619 3724 676 οὖν

2144 707 2403 779 ἀλλήλους
2454 711 2573 772 ταῖς
2606 708 2663 760 ἐν
2707 709 2860 780 μέρει
2892 709 3239 781 διηγήσεσιν,
3275 712 3446 782 εἰσῄει
3486 730 3571 776 τις
3612 715 3723 766 τῶν

2146 798 2387 870 συνήθων
2435 798 2789 868 ἀπαγγέλλων
2834 801 3051 871 Πέτρῳ·
3102 802 3181 853 ὅτι
3227 803 3408 873 Σίμων
3444 804 3630 873 μαθών
3663 822 3725 858 σε

2144 888 2553 959 ἐπιδημήσαντα
2604 889 2703 958 τὴν
2760 889 2851 941 ἐπὶ
2901 888 3100 958 Συρίαν
3166 889 3422 961 ὥρμησεν
3471 891 3627 955 ὁδὸν,
3671 894 3722 944 οἱ

2142 980 2199 1033 δὲ
2252 978 2395 1048 ὄχλοι
2439 979 2537 1049 τὴν
2593 980 2719 1050 μίαν
2764 979 2966 1051 ταύτην
3008 979 3177 1033 νύκτα
3205 981 3280 1044 ὡς
3313 982 3559 1034 ἐνιαυτοῦ
3591 984 3723 1053 χρό-

2144 1088 2231 1124 νον
2277 1072 2651 1143 ἡγησάμενοι,
2705 1074 2799 1125 καὶ
2851 1073 3136 1142 ἀναμένειν
3180 1074 3279 1143 τὴν
3324 1073 3567 1126 δοθεῖσαν
3616 1074 3725 1127 ὑπὸ

2145 1162 2240 1216 σοῦ
2302 1164 2639 1235 προθεσμίαν
2702 1166 2775 1235 μὴ
2835 1165 3158 1236 δυνάμενοι,
3213 1165 3319 1234 πρὸ
3365 1164 3475 1218 τῶν
3511 1165 3725 1237 ιθυρῶν

2144 1255 2457 1324 ἑστήκασιν,
2493 1254 2635 1306 κατὰ
2682 1254 2959 1319 συντάξεις
2991 1254 3036 1284 ⁸⁰
3080 1254 3173 1306 καὶ
3224 1253 3512 1320 συλλόγους
3549 1252 3722 1323 ἀλλή-

2142 1342 2253 1406 λοις
2300 1346 2427 1415 περὶ
2468 1345 2566 1415 τῆς
2616 1343 2710 1397 τοῦ
2754 1345 2995 1415 Σίμωνος
3029 1343 3278 1414 διαϐολῆς
3315 1343 3723 1406 διαλαλοῦντες,

2142 1436 2223 1488 ὅτι
2258 1432 2593 1507 μετεωρίσας
2635 1436 2860 1500 αὐτοὺς,
2909 1434 3004 1488 καλ⁸
3040 1436 3132 1488 ἐπὶ
3165 1436 3374 1498 πολλοῖς
3414 1437 3605 1498 κακοῖς
3660 1452 3722 1488 σε

2141 1528 2379 1597 ἐλέγξειν
2433 1528 2654 1581 ἐλθόντα
2687 1529 3074 1599 ὑποσχόμενος,
3119 1528 3527 1600 ἐπιδημήσαντα
3557 1525 3723 1595 γνοὺς

2142 1621 2355 1693 νύκτωρ
2413 1621 2642 1690 ἔφυγεν·
2680 1621 2843 1715 "rcth
2886 1621 3240 1691 ἐπιθυμοῦσιν
3290 1621 3441 1674 αὐτοὶ
3486 1619 3720 1672 ἀκοῦσαί

465 1714 611 1767 enim
649 1711 797 1765 unde
832 1724 1022 1763 rumor
1062 1708 1283 1774 incidit,
1311 1709 1470 1777 quasi
1509 1708 1670 1763 hodie
1708 1710 1786 1765 sis
1815 1712 1881 1765 ad
1916 1712 2037 1769 illos

2144 1731 2256 1767 σου.
2276 1714 2389 1767 Οὐκ
2419 1708 2535 1765 οἶδα
2569 1708 2917 1783 πόθεν⁷φήμη
2951 1730 3033 1775 τις
3066 1712 3348 1775 ἐπέπεσεν,
3387 1712 3462 1773 ὡς
3497 1710 3721 1780 μέλλον-

466 1804 771 1858 loeuturus.
790 1800 866 1855 Ne
884 1802 1049 1871 igitur
1062 1801 1290 1855 multum
1325 1800 1537 1871 fatigati
1554 1811 1751 1871 przeter
1767 1805 2033 1860 rationem

2141 1806 2230 1868 τός
2281 1822 2372 1857 σου
2425 1806 2661 1877 σήμερον
2708 1805 2890 1866 αὐτοῖς
2930 1802 3290 1872 διαλέγεσθαι.
3336 1802 3449 1856 Ἵνα
3496 1799 3587 1855 οὖν
3642 1803 3719 1873 μὴ

465 1894 832 1959 dimittantur,
877 1892 1009 1963 quid
1057 1891 1153 1946 tibi
1199 1891 1511 1947 faciendum
1556 1891 1648 1959 sit,
1692 1892 1807 1963 ipse
1835 1909 2037 1965 cogno-

466 1987 599 2043 scis.

534 2076 627 2131 1V.
662 2077 729 2132 Et
749 2076 965 2143 Petrus,
998 2075 1299 2130 admiratus
1328 2075 1476 2146 vulgi
1515 2079 1781 2147 studium,
1810 2096 2035 2150 respon—

465 2168 865 2236 dit:Videtis,
916 2168 1147 2235 fratres,
1212 2183 1321 2238 quo
1379 2180 1539 2237 pacto
1584 2168 1801 2225 Domini
1864 2173 2036 2227 nostri

464 2262 633 2315 verba
698 2260 990 2315 manifesto
1057 2260 1404 2329 impleantur.
1461 2258 1681 2314 Memini
1723 2262 1868 2315 enim
1910 2278 2035 2316 eum

463 2353 643 2407 dicere
683 2368 696 2403 :
744 2350 903 2404 Multi
953 2352 1156 2404 venient
1214 2349 1278 2403 ab
1336 2351 1534 2403 oriente
1590 2360 1640 2405 et
1689 2353 1971 2418 occidente,
2003 2371 2037 2408 a

466 2444 814 2513 septentrione
862 2452 912 2497 et
970 2442 1215 2505 meridie,
1284 2450 1333 2494 et
1378 2442 1673 2497 recumbent
1728 2446 1785 2497 in
1832 2444 2035 2499 sinibus

462 2537 711 2601 Abralue,
751 2536 931 2592 Isaaci
961 2546 1009 2590 et
1036 2534 1223 2589 Jacobi
1248 2548 1299 2591 ε.
1351 2534 1457 2590 Sed
1488 2544 1542 2589 et
1598 2536 1779 2603 Multi,
1836 2539 2033 2609 inquit,

461 2631 652 2696 uocati,
704 2631 860 2699 pauci
915 2645 1032 2682 vero
1062 2627 1213 2681 electi
1246 2628 1294 2682 ι).
1333 2626 1487 2693 Quod
1525 2644 1654 2699 ergo
1687 2629 1789 2699 ipsi
1817 2630 2038 2685 veniant

466 2723 669 2788 vocati,
713 2722 766 2775 id
808 2721 1159 2790 adimpletum
1200 2730 1304 2774 est.
1353 2719 1491 2786 Quia
1526 2737 1655 2776 vero
1683 2723 1787 2777 hoc
1816 2737 1923 2777 non
1953 2733 2037 2779 est

460 2826 654 2866 eorum
704 2810 1010 2880 proprium,
1061 2810 1155 2865 sed
1188 2819 1273 2865 est
1304 2810 1397 2865 Dei
1435 2812 1527 2881 qui
1575 2826 1670 2867 eos
1713 2814 1929 2868 vocavit
1972 2830 2036 2872 ac

460 2903 592 2958 fecit
618 2901 883 2965 venire,in
908 2915 977 2957 eo
1001 2902 1118 2957 solo
1148 2902 1451 2957 mercedem
1474 2918 1580 2958 non
1603 2914 2033 2975 consequuntur,

460 2993 721 3062 quoniam
776 2993 1021 3062 ipsorum
1065 2991 1347 3061 proprium
1390 3008 1497 3046 non
1526 3002 1627 3060 est,
1670 2996 1764 3050 sed
1795 2995 1914 3065 ejus
1939 2996 2034 3066 qui

2139 1898 2232 1951 ἐπὶ
2278 1896 2410 1951 πολὺ
2453 1898 2719 1967 καμόντες
2769 1897 2978 1965 ἀλόγως
3020 1895 3356 1959 διαλύωνται,
3399 1894 3451 1947 τί
3498 1896 3603 1965 χρή
3659 1910 3722 1946 σε

2140 1990 2331 2051 ποιεῖν,
2360 1986 2520 2047 αὐτὸς
2549 1984 2855 2054 γινώσκεις.

2208 2076 2297 2132 1V.
2336 2077 2445 2130 Καὶ
2475 2079 2502 2129 ὁ
2524 2077 2748 2148 Πέτρος,
2770 2075 3054 2146 θαυμάσας
3085 2074 3194 2128 τῶν
3225 2073 3393 2144 ὄχλων
3423 2073 3520 2143 τὴν
3552 2088 3723 2125 σπου-

2137 2170 2253 2242 δὴν,
2291 2170 2640 2242 ἀπεκρίνατο·
2661 2169 2874 2240 Ὁρᾶτε,
2910 2167 3144 2235 ἀδελφοὶ,
3175 2166 3291 2229 πῶς
3313 2166 3361 2218 οἱ
3383 2164 3474 2218 τοῦ
3506 2163 3720 2235 Κυρίου

2136 2262 2295 2334 ήμῶν
2357 2262 2502 2331 λόγοι
2558 2259 2815 2331 ἐμφανῶς
2877 2258 3174 2311 τελοῦνται.
3235 2256 3536 2327 Μέμνημαι
3606 2254 3722 2325 γὰρ

2138 2354 2303 2408 αὑτοῦ
2329 2354 2570 2415 εἰπόντος
2593 2369 2605 2380 ·
2630 2349 2858 2405 Πολλοὶ
2884 2350 3236 2403 ἐλεύσονται
3264 2347 3381 2401 ἀπὸ
3402 2345 3725 2403 ἀνατολῶν

2136 2447 2235 2503 καὶ
2265 2444 2532 2515 δυσμῶν,
2559 2442 2779 2511 ἄρκτου
2806 2459 2869 2496 τε
2900 2440 2997 2495 καὶ
3019 2441 3407 2511 μεσημϐρίας,
3442 2438 3538 2491 καὶ
3573 2439 3725 2492 ἀνα-

2136 2536 2523 2604 κλιθήσονται
2545 2538 2631 2601 είς
2652 2535 2917 2600 κόλπους
2948 2531 3200 2601 Ἀϐραὰμ
3219 2530 3315 2583 καὶ
3336 2528 3724 2599 ιεάἾσαὰκ

2136 2629 2235 2683 καὶ
2279 2626 2500 2685 Ἰακώϐ.
2558 2621 2719 2679 Ἀλλὰ
2782 2625 2875 2678 καὶ
2928 2622 3178 2686 πολλοὶ,
3220 2622 3420 2693 φησιν,
3479 2619 3720 2687 κλητοὶ,

2137 2716 2327 2788 ὀλίγοι
2357 2716 2424 2771 δὲ
2455 2716 2746 2771 ἐκλεκτοί.
2783 2714 2857 2768 Τὸ
2892 2715 2995 2786 μὴν
3029 2710 3121 2768 οῦν
3155 2713 3326 2766 ἐλθεῖν
3358 2712 3553 2774 αὐτοῦς
3583 2712 3724 2783 κλη-

2137 2810 2326 2872 θέντας
2382 2808 2756 2879 πεπλήρωται.
2826 2806 2979 2858 Ἑπεὶ
3032 2806 3091 2858 δέ
3133 2805 3178 2837 ⁸³
3232 2804 3332 2857 οὐκ
3383 2803 3563 2857 αὐτῶν
3596 2805 3719 2854 ἐστι

2134 2900 2292 2953 τοῦτο
2340 2898 2489 2965 ἴδιον,
2542 2899 2677 2952 ἀλλὰ
2719 2898 2813 2952 τοῦ
2847 2896 3172 2961 καλέσαντος
3222 2897 3416 2959 αὐτοὺς
3442 2895 3578 2948 Θεοῦ
3620 2896 3723 2947 καὶ

2134 2993 2307 3047 ἐλθεῖν
2362 2992 2755 3065 πεποιηκότος,
2814 2992 2909 3044 ἐπὶ
2958 2990 3131 3060 τούτῳ
3184 2991 3327 3061 μόνῳ
3376 2988 3564 3059 μισθὸν
3611 2989 3720 3041 οὐκ

460 3085 749 3155 permovit.
811 3084 968 3150 Quod
1030 3085 1076 3138 si
1127 3092 1253 3152 post
1300 3085 1640 3140 vocationem
1684 3086 1829 3141 bona
1870 3103 2033 3157 opem

2141 3088 2372 3157 ἔχουσιν,
2394 3087 2475 3140 ὅτι
2502 3088 2575 3157 μὴ
2609 3085 2787 3138 αὐτῶν
2820 3084 2969 3147 ἴδιον,
2998 3083 3133 3136 ἀλλά
3168 3083 3260 3136 τοῦ
3294 3084 3719 3154 ἐνεργήσαντος.

460 3172 706 3239 faciant,
758 3174 902 3241 quod
944 3187 1135 3227 eorum
1176 3181 1260 3226 est
1302 3174 1608 3243 proprium,
1659 3182 1791 3229 tunc
1823 3190 1920 3245 pro
1967 3190 2033 3231 eo

461 3264 727 3333 recipient
759 3263 1086 3318 mercedem.

529 3356 595 3409 V.
649 3355 835 3424 Neque
862 3355 1007 3409 enim
1040 3354 1269 3420 l‘lebrazi,
1297 3354 1469 3426 Moysi
1498 3356 1797 3424 credentes,
1830 3365 1884 3413 et
1911 3374 2033 3428 quae

464 3450 534 3503 ab
572 3465 636 3502 eo
662 3448 810 3502 dicta
849 3457 978 3502 sunt
1026 3463 1134 3501 non
1171 3448 1562 3515 custodientes,
1591 3446 1891 3513 salvantur,
1925 3449 2031 3504 nia’

457 3556 578 3611 qua:
622 3540 725 3593 sibi
764 3540 907 3595 dicta
950 3538 1446 3611 suntcustodiaut.
1496 3536 1632 3592 Nam
1677 3539 1822 3608 quod
1856 3536 2029 3610 Moysi

456 3632 807 3697 crediderint,
849 3646 957 3683 non
1004 3645 1071 3683 ex
1122 3630 1339 3682 illorum
1392 3636 1575 3683 ortum
1622 3639 1704 3683 est
1732 3629 2026 3695 voluntate,

455 3718 548 3774 sed
602 3734 669 3773 ex
722 3718 816 3773 Dei
868 3719 964 3789 qui
1014 3716 1190 3789 Moysi
1249 3718 1387 3774 dixit
1442 3738 1457 3775 :
1515 3719 1652 3775 Ecce
1711 3739 1803 3793 ego
1856 3724 2048 3777 accedo

455 3810 525 3862 ad
562 3818 610 3862 te
641 3810 696 3862 in
724 3809 970 3863 columna
1006 3808 1192 3873 nubis,
1238 3818 1297 3863 ut
1337 3811 1526 3864 audiat
1576 3814 1800 3882 populus
1832 3814 2044 3885 quando

456 3901 642 3970 loquor
692 3904 762 3955 ad
838 3910 929 3965 te,
991 3911 1040 3954 et
1103 3901 1200 3955 tibi
1266 3903 1483 3957 credant
1548 3905 1605 3957 in
1679 3913 1933 3960 azternum
1990 3916 2040 3959 ο.

462 3993 600 4047 Cum
646 4008 774 4061 ergo
813 3990 1053 4045 Hebraeis
1094 4000 1148 4045 et
1193 3991 1279 4056 iis,
1322 3990 1416 4060 qui
1452 4006 1518 4044 ex
1549 3990 1799 4061 gentibus
1851 3990 2026 4046 vocati

456 4096 604 4149 sunt,
636 4100 666 4137 a
690 4082 803 4137 Dco
837 4082 1023 4139 datum
1062 4083 1134 4136 sit
1161 4082 1381 4136 credere
1411 4082 1657 4135 veritatis
1687 4082 2023 4148 doctoribus,

454 4178 816 4245 relictumque
848 4176 920 4228 sit
958 4174 1300 4244 singulorum
1353 4172 1571 4243 proprio
1611 4173 1840 4242 judicio,
1880 4173 2022 4227 bona

455 4284 618 4338 opera
672 4282 967 4331 exercere,
1033 4281 1240 4319 merces
1293 4264 1431 4318 bene
1482 4264 1831 4333 operantibus
1878 4265 2023 4333 juste

455 4358 789 4428 rependitur.
833 4356 1019 4425 Neque
1061 4356 1205 4409 enim
1251 4354 1437 4421 Mosis,
1490 4370 1666 4423 neque
1691 4354 1893 4409 Christi
1928 4353 2023 4407 ad-

2146 3180 2273 3233 Ἐὰν
2306 3176 2363 3232 δὲ
2407 3174 2543 3249 μετὰ
2588 3176 2649 3229 τὺ
2683 3177 2727 3208 δ’
2758 3174 3021 3244 κληθῆναι
3054 3172 3194 3226 καλά
3229 3171 3525 3243 πράξωσιν,
3575 3172 3720 3244 ὅπερ

2135 3268 2282 3323 ἐστὶν
2314 3267 2492 3320 αὐτῶν
2523 3266 2675 3331 ἴδιον,
2702 3265 2824 3317 τότε
2860 3264 2952 3316 ἐπὶ
2983 3262 3156 3333 τούτῳ
3188 3262 3373 3333 μισθὸν
3402 3262 3638 3327 ἕξουσιν.

2204 3358 2271 3412 ν.
2330 3358 2463 3412 Οὐδὲ
2514 3357 2622 3428 γὰρ
2687 3355 2925 3427 Ἑϐραῖοι
2981 3356 3210 3408 Μωῡσεῖ
3250 3353 3294 3385 ⁸³
3337 3354 3713 3419 πιστεύοντες,

2133 3451 2227 3505 καὶ
2259 3455 2326 3504 τὰ
2358 3448 2424 3503 δι’
2444 3448 2607 3503 αὐτοῦ
2644 3448 2874 3520 ρηθέντα
2907 3446 2980 3518 μὴ
3010 3446 3391 3515 φυλάσσοντες,
3423 3445 3713 3509 σώζονται,

2131 3543 2226 3596 ἐάν
2255 3541 2327 3613 μὴ
2354 3539 2421 3593 τά
2455 3539 2687 3612 ρηθέντα
2723 3539 2904 3601 αὐτοῖς
2937 3537 3261 3607 φυλάξωσιν.
3300 3538 3421 3589 Ὅτι
3454 3538 3549 3590 καὶ
3577 3539 3639 3589 τὸ
3667 3538 3717 3570 ⁸⁵

2129 3635 2353 3689 Μωῦσεῖ
2401 3629 2687 3684 πιστεῦσαι
2736 3630 2933 3693 αὐτοὺς
2982 3630 3102 3700 οὐχὶ
3146 3629 3246 3699 τῆς
3283 3628 3461 3681 αὐτῶν
3510 3628 3713 3699 βουλῆς

2129 3725 2372 3794 γέγονεν,
2421 3722 2554 3776 ἀλλά
2602 3720 2696 3774 τοῦ
2738 3719 2871 3772 Θεοῦ
2916 3718 3009 3771 τοῦ
3056 3717 3337 3788 εἰρηκότος
3384 3718 3608 3770 Μωῦσεῖ
3628 3718 3706 3747 ⁸⁸*

2126 3809 2275 3864 Ἰδοὺ
2300 3808 2693 3878 παραγίνομαι
2714 3807 2828 3878 ἐγὼ
2851 3807 2999 3878 πρὸς
3017 3809 3092 3862 σὲ
3108 3809 3180 3862 ἐν
3201 3810 3406 3874 στύλῳ
3422 3804 3712 3875 νεφέάης,

2128 3899 2230 3954 ἵνα
2266 3900 2505 3968 ἀκούσῃ
2541 3902 2574 3954 ό
2601 3902 2749 3967 λαός
2782 3901 3123 3965 λαλοῦντός
3148 3919 3267 3970 μου
3305 3899 3449 3968 πρὸς
3479 3899 3576 3962 σὲ,
3610 3898 3718 3951 και

2128 4002 2226 4043 σοι
2253 3990 2667 4045 πιστεύσωσιν
2689 3992 2775 4057 είς
2794 3991 2899 4044 τὸν
2920 3991 3123 4046 αἰῶνα.
3143 3993 3298 4045 Ἐπεὶ
3316 3988 3409 4045 οὖν
3437 3991 3715 4061 Ἑϐραίοις

2127 4097 2189 4136 τε
2229 4083 2321 4135 καὶ
2365 4084 2478 4145 τοῖς
2515 4082 2620 4135 ἀπὸ
2660 4083 2828 4136 ἐθνῶν
2870 4083 3228 4153 κεκλημένοις
3273 4082 3335 4135 τὸ
3373 4080 3717 4142 διδασκάλοις

2128 4172 2382 4243 ἀληθείας
2411 4174 2695 4227 πιστεῦσαι
2722 4175 2785 4227 ἐκ
2810 4172 2943 4227 Θεοῦ
2967 4174 3207 4241 γέγονεν,
3231 4173 3339 4226 τῶν
3362 4172 3541 4225 καλῶν
3571 4170 3718 4240 πρά-

2133 4262 2267 4331 ξεων
2299 4264 2402 4335 ίδίᾳ
2439 4263 2617 4335 κρίσει
2658 4266 2872 4336 ἑκάστῳ
2915 4266 3089 4316 ποιεῖν
3136 4263 3649 4333 ἀπολελειμμένων,
3685 4261 3718 4313 ὁ

2133 4358 2324 4430 μισθὸς
2353 4359 2465 4420 τοῖς
2506 4352 2565 4410 εῦ
2601 4357 2903 4428 πράσσουσι
2940 4357 3168 4420 δικαίως
3212 4356 3543 4408 ἀποδίδοται.
3573 4354 3716 4409 Οὔτε

452 4460 619 4505 ventu
654 4465 791 4518 opus
835 4448 1046 4511 fuisset,
1080 4447 1123 4499 si
1165 4462 1192 4499 a
1228 4461 1286 4499 se
1320 4446 1454 4514 ipsis
1482 4444 1626 4513 quod
1658 4445 1857 4498 rationi
1892 4460 2021 4498 con-

2141 4452 2239 4522 γὰρ
2281 4451 2346 4505 ἂν
2392 4450 2699 4513 Μωῦσέως,
2743 4449 2866 4503 οὕτε
2912 4450 3010 4521 τῆς
3049 4449 3369 4523 τοῦλῐησοῦ
3407 4450 3719 4519 παρουσίας

455 4552 774 4598 sentaneum
808 4549 894 4594 est
928 4538 1228 4592 voluissent
1270 4536 1567 4605 intelligere
1597 4551 1608 4585 :
1640 4535 1731 4589 sed
1765 4550 1864 4589 nec
1907 4550 2018 4588 ma-

456 4635 641 4702 gistris
665 4631 933 4686 credcndo
962 4644 1165 4698 cosquc
1202 4627 1457 4682 dominos
1486 4626 1729 4680 vocando
1754 4627 1900 4682 salus
1931 4644 2021 4683 ac-

457 4722 713 4791 quiritur.

530 4810 616 4864 Vl.
665 4810 729 4863 Et
778 4810 896 4865 ideo
956 4810 1023 4864 ab
1068 4808 1306 4863 Hebraeis
1353 4806 1572 4877 quidem
1628 4806 1722 4876 qui
1776 4805 2014 4876 Moyscm

523 4945 551 4977 ι
582 4935 769 4994 Matth.
800 4956 919 5005 vin,
952 4940 1052 5007 H;
1086 4940 1223 4996 Luc.
1249 4957 1369 5007 xm,
1406 4940 1495 4996 29.
1572 4936 1601 4980 ι’
1628 4939 1819 4995 Matth.
1857 4956 1946 5003 xx,
1978 4938 2065 4996 16.

2132 4546 2289 4617 χρεία
2317 4541 2406 4617 ἦν,
2448 4546 2603 4617 εἴπερ
2650 4544 2741 4612 ἀφ’
2782 4544 2987 4597 ἑαυτῶν
3022 4544 3082 4597 τὸ
3116 4541 3336 4611 εὔλογον
3381 4545 3519 4595 νοεῖν
3558 4541 3721 4594 ἐδού-

2132 4639 2305 4701 λοντο,
2345 4637 2467 4690 οὐδέ
2500 4639 2556 4689 ἐν
2593 4635 2670 4706 τῷ
2700 4634 2974 4688 πιστεύειν
3001 4633 3343 4698 διδασκάλοις
3370 4632 3463 4686 καὶ
3492 4633 3719 4704 κυρίους

2133 4729 2329 4792 αὐτοὺς
2356 4728 2558 4803 λέγειν,
2588 4729 2620 4798 ἡ
2654 4727 2897 4797 σωτηρία
2930 4725 3160 4794 γίνεται.

2205 4818 2293 4873 Vl.
2320 4818 2522 4870 Τούτου
2557 4817 2663 4890 γὰρ
2700 4817 2805 4889 (15)
2833 4817 3017 4888 ἕνεκεν
3043 4816 3151 4868 ἀπὸ
3187 4816 3286 4887 μὲν
3320 4814 3589 4885 Ἐϐραίων
3623 4812 3722 4868 τὸν

2144 4952 2167 4979 ο
2201 4938 2371 4994 Exod.
2399 4955 2516 5007 xu,
2546 4937 2602 4995 9.

1710 5133 1940 5190 VARIA‘Z
1995 5133 2395 5192 LEGTIONES.

539 5263 580 5337 ξιτ
606 5266 712 5337 ἀπὸ
742 5265 835 5337 τοῦ
882 5266 1055 5337 Τύρου
1089 5266 1150 5322 C.

461 5336 503 5405 ’ξ
532 5334 857 5405 διηγήσασθε
880 5334 942 5389 0.
1037 5338 1083 5368 ⁸ο
1116 5338 1401 5400 συστάσεις
1425 5337 1486 5390 C.

1269 5264 1520 5332 ³⁸τεο,

1573 5264 1666 5334 qui
1714 5265 1943 5321 subinde
2013 5270 2135 5340 ἐμοὶ
2177 5270 2245 5324 τά
2287 5286 2333 5323 c.
2387 5270 2444 5331 S.
2474 5271 2539 5325 τὰ
2589 5272 2711 5343 ἐμοί
2734 5273 2794 5329 C.
2824 5272 3138 5332 Proximum
3175 5276 3268 5331 καί
3296 5291 3401 5331 non
3427 5287 3509 5331 est
3544 5278 3594 5330 in
3623 5280 3691 5334 Ο.

1587 5336 1630 5366 ιιι
1663 5336 1778 5366 λιι-..μδ
1826 5336 1881 5366 Στλ
1919 5337 1954 5366 Q
2006 5336 2049 5366 η
2126 5342 2304 5366 z--.:.L
2338 5344 2375 5366 ι·
2424 5342 2559 5366 φη-..
2585 5343 2738 5366 _-_~__-
2776 5361 2795 5366 -
2845 5343 2887 5366 Λ
2987 5357 3039 5366 _,.
3295 5348 3328 5366 ε.
3384 5346 3416 5366 ο
3519 5349 3570 5366 γι
3626 5351 3666 5366 η

1663 5336 1883 5417 ἐπεὶ.ρδιὲ
1919 5337 1974 5402 S,
2125 5342 2397 5417 éﬁ5t5ﬁAC.
2418 5342 2560 5417 _Tui_n
2584 5336 2818 5417 refrt-oc.
2844 5343 2888 5398 Ο
2918 5387 2932 5410 ,
2986 5357 3045 5401 ut
3080 5348 3335 5417 proponit
3384 5346 3421 5402 S
3451 5387 3466 5408 ,
3511 5349 3573 5399 τό
3623 5351 3694 5405 C.

527 5401 759 5489 EEF&;16
856 5445 871 5471 ,
901 5403 1121 5489 utEpit.
1153 5423 1202 5462 c.
1227 5407 1315 5489 62A,
1342 5404 1594 5489 μετάξρῦ
1623 5405 1663 5489 ς
1706 5401 1967 5489 inﬁtiatur.
2110 5425 2258 5464 oram
2288 5401 2637 5489 Ottoboniani
2669 5415 2850 5489 auriga,
2877 5401 3113 5489 etpaulo
3133 5401 3269 5489 post
3295 5437 3307 5472 :
3339 5401 3693 5489 νοθεύόμενᾶ,

459 5472 602 5537 quod
629 5475 695 5525 ad
730 5472 1111 5545 subsequentia
1141 5472 1389 5548 .specta‘t.
1462 5475 1507 5507 ⁸³
1528 5476 1735 5547 Μωῦσῇ
1764 5473 1826 5529 Ο.
1904 5475 1949 5509 “
1971 5478 2030 5530 τό
2054 5476 2118 5547 Ο,
2144 5492 2203 5535 ut
2235 5482 2438 5536 mavult
2465 5481 2502 5536 S
2531 5524 2546 5549 ,
2571 5482 2646 5554 τῷ
2672 5484 2733 5539 C.
2762 5472 2907 5540 Tum
2929 5472 3227 5560 ΜωῡσῇὈ.
3249 5477 3349 5567 ρι’
3376 5472 3586 5564 Μωῡσῇ
3614 5472 3685 5545 Οί

1753 5632 2107 5689 VARIORUM
2134 5632 2364 5690 NOTAE.

530 5738 640 5808 U3)
678 5744 891 5800 Τούτου
923 5748 1034 5816 γὰρ
1064 5766 1117 5801 κ.
1146 5766 1196 5802 τ.
1225 5748 1273 5802 λ.
1312 5747 1448 5807 Vide
1486 5764 1553 5804 ne
1591 5750 1843 5820 nugatori
1877 5748 2129 5809 Ebiona‘o
2151 5750 2308 5806 ﬁdem
2342 5751 2562 5808 habeas.
2593 5755 2729 5814 Cor.
