3894 6208
190 307 301 363 2'29

1178 304 1642 365 CLEMENTINA.
1685 340 1757 353 --
1779 311 2066 369 HOMILIA
2101 313 2241 373 Vl".

3334 331 3441 389 230

179 423 434 494 Μωῦσῆν
462 422 507 455 ⁸⁵
534 423 857 478 διδάσκαλον
893 424 1050 497 185
1083 427 1380 500 εἰληφότων
1429 429 1761 482 καλύπτεται

1868 441 2261 502 praeceptorem
2286 444 2633 504 acceperunt,
2663 436 3017 495 absconditur
3039 441 3206 500 Jesus
3232 461 3245 497 :
3274 447 3343 501 ab
3372 449 3443 505 iis

181 513 459 591 ὁἸηρῦς,
489 513 598 567 ἀπὸ
623 514 666 545 ⁸⁷
691 514 749 567 δὲ
779 514 857 586 τῷ
885 515 1058 588 Ἰησοῦ
1091 517 1529 571 πεπιστευκότων
1556 522 1585 572 ὁ
1606 519 1771 572 Μωῡ-

186 606 288 676 σῆς
332 606 766 677 ἀποκρύπτεται.
818 602 963 670 sua;
1006 607 1116 680 γὰρ
1147 609 1214 663 δι’
1260 610 1583 683 ἀμφοτέρων
1624 611 1768 664 διδα-

183 696 417 761 σκαλίας
480 698 645 769 οὔσης
702 698 796 750 τὸν
856 699 1057 753 τούτων
1114 701 1220 755 τινὶ¹
1265 702 1311 734 ⁸⁸
1369 702 1769 756 πεπιστευκότα

176 788 211 839 ὁ
241 786 377 849 Θεὸς
421 788 765 859 ἀποδέχεται.
827 789 985 842 Ἀλλὰ
1033 792 1095 844 τὸ
1148 794 1421 846 πιστεύειν
1470 794 1769 865 διδασκάλῳ

176 877 343 956 ἕνεκα
378 878 471 931 τοῦ
508 883 682 932 ποιεῖν
719 881 787 932 τὰ
820 881 924 933 ὑπὸ
952 881 1046 933 τοῦ
1078 882 1122 914 ⁸⁸
1152 883 1286 937 Θεοῦ
1322 884 1588 956 λεγόμενα
1622 885 1768 954 γίνε-

176 944 288 1021 ταί
332 971 458 1023 ’Ότι
488 970 545 1022 δὲ
574 971 719 1023 τοῦθ’
752 971 925 1035 οὕτως
964 972 1098 1043 ἔχει,
1132 975 1294 1039 αὐτὸς
1324 979 1353 1030 ὁ
1379 944 1585 1049 Κύριος
1611 944 1768 1048 ήμῶν

174 1058 346 1126 λέγει·
381 1060 888 1131 Ἐξομολογοῦμαί
918 1063 963 1093 ⁸⁸
996 1080 1114 1129 σοι,
1147 1066 1338 1134 Πάτερ
1369 1068 1475 1120 τοῦ
1508 1069 1767 1136 οὐρανοῦ

175 1149 277 1201 καὶ
312 1149 428 1218 τῆς
457 1151 595 1220 τῆς,
630 1152 721 1205 ὅτι
757 1152 1113 1223 ἀπέκρυψας
1139 1157 1327 1211 ταῦτα
1356 1158 1474 1212 ἀπὸ
1498 1159 1767 1228 σοφῶν-’ί

174 1242 279 1294 καὶ
311 1245 754 1313 πρεσϐυτέρων,
783 1250 882 1302 καὶ
911 1248 1311 1317 ἀπεκάλυψας
1349 1249 1500 1303 αὐτὰ
1525 1253 1768 1319 νηπίοις

176 1332 567 1398 θηλάζουσιν.
582 1335 767 1401 Οὕτως
777 1339 937 1402 αὐτὸς
956 1338 1124 1401 ὁΘεδς
1135 1341 1245 1402 τοῖς
1264 1339 1363 1409 μὲν
1402 1339 1604 1412 ἔκρυψε
1617 1341 1766 1395 διδά-

177 1421 403 1485 σκαλον,
454 1423 531 1487 ὡς
576 1428 977 1496 προεγνωκόσιν
1023 1427 1059 1481 ἃ
1097 1430 1179 1481 δεῖ
1224 1429 1505 1500 πράττειν,
1551 1433 1665 1495 τοῖς
1710 1431 1767 1485 δὲ

173 1512 551 1583 ἀπεκάλυψεν,
579 1517 654 1580 ὡς
682 1518 964 1586 ἀγνοοῦσιν
991 1518 1026 1572 ἃ.
1047 1521 1152 1591 χρὴ
1184 1524 1375 1574 ποιεῖν.

248 1602 364 1659 νη.
402 1604 541 1658 υῦτε
573 1606 665 1660 οὖν
709 1609 948 1680 Ἑϐραῖοι
975 1612 1104 1682 περὶ
1134 1611 1355 1679 ἀγνοίας
1398 1614 1571 1685 Ἰησοῦ
1606 1632 1768 1668 κατα-

171 1693 515 1760 δικάζονται,
547 1698 635 1752 διὰ
660 1700 751 1753 τὸν
786 1701 1088 1773 κρύψαντα,
1112 1704 1207 1757 ἐάν
1240 1720 1303 1771 γε
1337 1688 1667 1777 πράτέ-οντες
1697 1707 1765 1761 τὰ

168 1789 262 1841 διὰ
294 1792 579 1857 Μωῠσέως
600 1794 665 1859 δ’,
700 1795 759 1848 ὃν
785 1796 1057 1866 ἠγνόησαν
1092 1797 1165 1868 μή
1204 1799 1523 1869 μισήσωσιν·
1560 1800 1671 1853 οὔτ’
1694 1798 1762 1856 αὖ
1797 1776 1839 1835 Β

168 1881 221 1932 οἱ
288 1882 387 1935 ἀπ’
410 1883 455 1915 ⁸³
494 1884 663 1938 ἐθνῶν
718 1887 1081 1959 ἀγνοήσαντες
1121 1890 1212 1942 τὸν
1246 1891 1486 1961 Μωῦσῆν
1534 1891 1623 1945 διὰ
1658 1895 1764 1949 ’τὸν

168 1974 495 2044 καλύψαντα
527 1977 996 2044 καταδικάζονται,
1023 1980 1117 2034 ὲάν
1147 1999 1252 2053 περ
1285 1983 1381 2035 καὶ
1410 1978 1556 2038 οῦτοι
1590 1987 1765 2058 πράσι-

171 2082 364 2129 σοντες
414 2068 482 2121 τά
526 2069 615 2122 διὰ
655 2070 751 2123 τοῦ
793 2072 966 2149 Ἰησοῦ
1001 2073 1235 2145 ρηθέντα
1269 2076 1674 2149 μὴ·μισήσωσιν
1706 2079 1765 2133 ὃν

165 2157 469 2227 ἠγνόησαν.
507 2162 617 2214 Καὶ
648 2152 759 2216 σῦκ’
781 2143 841 2216 εἴ
866 2164 945 2235 τῷ
992 2143 1120 2229 τοὺς
1161 2143 1509 2232 διδασκάλους
1543 2170 1765 2242 κυρίους

166 2248 385 2313 καλεῖν,
419 2250 490 2303 τὰ
535 2250 593 2304 δὲ
635 2252 834 2308 δούλων
874 2256 947 2326 μὴ
990 2259 1184 2319 ποιεῖν,
1218 2257 1552 2326 ὼφελοῦνταί
1598 2278 1760 2326 τινες.

165 2338 380 2391 Τούτου
427 2340 537 2412 γὰρ
595 2342 778 2416 ἕνεκεν
808 2346 836 2397 ὁ
860 2345 1087 2419 ςΙησοῦς
1118 2348 1275 2419 ἡμῶν
1318 2350 1454 2420 πρός
1500 2368 1623 2405 τινα
1658 2371 1763 2406 πυ-

166 2429 439 2502 κνότερον
486 2433 690 2504 Κύριον
722 2436 882 2490 αὐτὸν
934 2438 1180 2507 λέγοντα,
1220 2440 1381 2512 μηδὲν
1414 2443 1471 2496 δὲ
1509 2444 1766 2499 ποιοῦντα

163 2517 244 2577 ὧν
278 2526 449 2590 αὐτὸς
481 2530 810 2600 προσέταξεν
826 2531 894 2595 ⁸⁸,
927 2532 1029 2603 ἔφη
1054 2550 1068 2562 ’
1108 2535 1168 2587 Τί
1202 2552 1280 2604 με
1305 2535 1523 2605 λέγεις,
1563 2539 1762 2606 Κύριε,

161 2616 371 2683 Κύριε,
420 2619 521 2671 καὶ
574 2621 646 2674 οὐ
698 2622 887 2689 ποιεῖς
930 2622 971 2677 ἁ
1013 2625 1200 2692 lbra);
1227 2625 1306 2678 Οὐ
1351 2626 1460 2697 γὰρ
1492 2628 1765 2701 ὠφελήσει

159 2707 292 2761 τινὰ
352 2707 417 2761 τὸ
463 2709 663 2778 λέγειν,
692 2711 828 2765 ἀλλά
877 2712 938 2767 τὸ
976 2716 1169 2767 ποιεῖν.
1218 2715 1311 2768 Ἐκ
1359 2717 1559 2781 παντὸς
1605 2718 1766 2791 186

160 2794 262 2851 οὖν
297 2800 511 2871 τρόπου
545 2802 724 2856 καλῶν
757 2803 931 2874 ἔργων
963 2806 1141 2877 χρεία.
1177 2806 1322 2889 BEV
1355 2809 1409 2861 εῐ
1433 2825 1518 2872 τις
1533 2810 1577 2840 ⁸⁸
1603 2827 1765 2865 κατα-

160 2889 398 2962 ξεωθείη
443 2893 570 2957 τοὺς
616 2894 958 2966 ἀμφοτέρους
989 2896 1286 2965 ἐπιγνῶναι
1332 2899 1409 2962 ὡς
1461 2902 1590 2971 μιᾶς
1621 2901 1765 2955 διδα-

163 2983 406 3045 σκαλίας
464 2984 558 3037 ὑπ’
599 2985 779 3039 αὐτῶν
835 2990 1278 3061 κεκηρυγμένης,
1328 2982 1482 3055 οὗτος
1528 2993 1667 3066 ἀνὴρ
1704 2995 1763 3048 ὲν

159 3072 290 3145 Θεῷ
353 3074 608 3139 πλούσιος
666 3078 1089 3151 κατηρίθμηται,
1123 3081 1194 3134 τά
1224 3099 1283 3134 τε
1312 3083 1516 3154 ἀρχαῖα
1559 3086 1653 3139 νέα
1683 3086 1761 3158 τῷ
1787 3114 1830 3174 C

155 3166 369 3238 χρόνῳ,
404 3169 499 3221 καὶ
530 3167 598 3221 τὰ
629 3168 789 3223 καινὰ
818 3171 1022 3226 παλαιά
1053 3173 1181 3227 ὄντα
1216 3176 1504 3247 νενοηκὼς.

234 3322 375 3376 Vl".
413 3324 599 3378 Ταῦτα
630 3327 724 3380 τοῦ
758 3328 962 3401 Πέτρου
998 3330 1264 3399 λέγοντος,
1284 3333 1333 3386 οἱ
1366 3333 1533 3405 ὄχλοι,
1569 3334 1759 3410 ὥσπερ

158 3414 271 3467 ὑπό
335 3433 484 3479 τινος
536 3415 843 3489 κληθέντες,
878 3422 1131 3492 εἰσῄεσαν
1180 3422 1308 3477 ἔνθα
1353 3427 1382 3478 ὁ
1429 3424 1634 3497 Πέτρος
1669 3425 1755 3500 ἦν.

170 3506 235 3559 '0
277 3506 337 3559 δὲ
382 3507 476 3560 τὸν
514 3509 678 3562 πολὺν
710 3510 864 3581 ὄχλον
921 3511 1045 3566 ἰδὼν
1078 3512 1267 3587 ὥσπερ
1317 3517 1561 3587 ποταμοῦ
1623 3520 1759 3589 ἥσυ-

157 3616 257 3668 χον
315 3598 497 3670 ῥεῦμα
549 3602 739 3672 πράως
788 3604 1143 3675 προσρέοντα,
1191 3606 1295 3677 ἔφη
1353 3609 1430 3677 τῷ
1481 3610 1755 3684 Μαροόνῃ·

159 3690 277 3742 Ποῦ
328 3707 413 3742 σοι
457 3690 622 3755 τόπος
683 3692 914 3746 ἐνταῦθα
952 3694 1150 3765 μᾶλλον
1181 3698 1311 3761 τοὺς
1341 3698 1532 3768 ὄχλους
1564 3703 1759 3773 χωρεῖν

156 3782 497 3854 ὃυνάμενος;
532 3783 625 3836 τοῦ
659 3784 713 3836 δὲ
730 3784 776 3815 ⁸⁸
815 3786 1095 3856 Μαροόνου
1160 3790 1241 3852 εἰς
1281 3790 1447 3843 τόπον
1494 3790 1759 3863 ὕπαιθρον

158 3874 583 3945 κεκηπευμένον
635 3876 966 3947 προάγοντος
1016 3879 1209 3945 αὐτὸν,
1247 3881 1463 3935 εἵποντο
1498 3884 1545 3935 oi
1590 3884 1754 3954 ὄχλοι.

172 3965 237 4017 ὐ
284 3965 345 4017 δὲ
393 3966 601 4036 Πέτρος
642 3966 734 4019 ἐπί
765 3985 909 4031 τινος
944 3968 1151 4039 βάσεως
1182 3971 1495 4043 ἀνδριάντος
1524 3973 1582 4026 ού
1617 3975 1757 4027 πάνυ

161 4056 382 4127 ὑψηλῆς
397 4058 464 4121 ³⁷,
493 4057 742 4122 ἐπιστὰς,
779 4059 893 4130 ἅμα
928 4060 1006 4133 τῷ
1053 4062 1144 4116 τὸν
1177 4063 1333 4134 ὄχλον
1364 4064 1608 4119 θεοσεϐεῖ
1644 4067 1754 4120 έθει

161 4148 629 4218 προσαγορεῦσαι,
674 4149 826 4214 εἰδὼς
870 4151 1095 4216 πολλοὺς
1146 4157 1209 4208 ἐκ
1253 4155 1358 4210 τῶν
1396 4158 1759 4229 παρεστώτων

162 4238 343 4308 ὄχλων
390 4240 495 4293 ὑπὸ
540 4241 809 4311 δαιμόνων
841 4261 901 4296 τε
934 4244 1027 4297 καὶ
1064 4245 1275 4301 πολλῶν
1315 4246 1501 4303 παθῶν
1535 4250 1598 4302 ὲκ
1631 4250 1759 4303 πολ-

162 4330 275 4383 λῶν
326 4331 533 4400 χρόνων
582 4332 1017 4405 ἐνοχλουμένους,
1073 4336 1371 4408 βρύχοντάς
1422 4357 1483 4392 τε
1535 4342 1648 4411 μετ’
1687 4341 1760 4394 oi-

1870 537 2002 577 vero
2056 523 2153 593 qui
2199 524 2254 577 in
2286 521 2475 580 Jesum
2504 526 2871 597 crediderunt,
2904 529 3084 587 Moses
3110 536 3441 593 occultatur.

1870 610 2009 666 Cum
2056 612 2202 668 enim
2241 629 2351 669 una
2390 616 2464 671 sit
2503 631 2601 686 per
2661 628 2962 692 utrumque
3006 622 3276 692 doctrina,
3318 642 3447 684 eum

1870 703 1965 774 qui
2005 704 2253 760 alterutri
2300 708 2477 762 credit
2518 709 2714 779 recipit
2744 711 2912 767 Deus.
2963 713 3167 770 Verum
3204 717 3342 774 ﬁdes
3390 720 3448 775 in

1870 796 2193 866 magistrum
2227 796 2348 852 ideo
2375 808 2481 863 est,
2528 809 2588 855 ut
2627 816 2750 871 qua:
2781 818 2812 857 a
2837 803 2946 861 Deo
2976 806 3121 863 dicta
3158 818 3288 865 sunt
3318 827 3447 881 per-

1870 894 2124 956 agantur.
2168 885 2325 952 Quod
2366 897 2548 945 autem
2584 891 2690 946 hoc
2730 892 2805 947 ita
2838 908 2897 949 se
2931 896 3161 962 habeat,
3195 899 3311 968 ipse
3337 900 3448 955 Do»

1870 977 2052 1033 minus
2080 988 2267 1032 noster
2296 978 2398 1034 ait:
2416 979 2687 1049 Conﬁteor
2716 982 2833 1048 tibi,
2861 984 3025 1040 Pater
3046 988 3161 1041 ειειὶ
3187 1000 3235 1045 et
3268 1000 3444 1060 terra,

1868 1069 1993 1138 quia
2040 1070 2365 1124 abscondisti
2418 1072 2529 1126 haec
2580 1090 2612 1127 a
2665 1075 2993 1144 sapientibus
3048 1088 3098 1132 et
3122 1082 3441 1151 senioribus,

1868 1168 1920 1211 et
1944 1159 2266 1214 revelastiea
2285 1163 2521 1231 parvulis
2546 1164 2863 1220 lactentibus
2898 1180 2945 1221 ει.
2987 1168 3079 1224 Sic
3132 1172 3275 1227 Deus
3326 1174 3445 1243 ipse

1870 1250 1976 1306 illis
2002 1253 2221 1321 quidem
2250 1254 2539 1310 abscondit
2567 1257 2875 1325 doctorem,
2904 1268 2965 1315 ut
2993 1261 3304 1331 quiscirent
3322 1282 3447 1335 quas

1868 1355 2053 1397 essent
2100 1342 2369 1411 facienda,
2421 1347 2507 1401 his
2552 1364 2683 1403 vero
2733 1352 3027 1421 revelavit,
3075 1364 3136 1410 ut
3181 1358 3273 1427 qui
3324 1374 3449 1429 quae

1866 1449 2030 1505 agere
2060 1442 2309 1505 oporteat
2338 1437 2671 1508 ignorarent.

1940 1603 2053 1664 VII.
2084 1607 2270 1679 Neque
2292 1627 2421 1681 ergo
2442 1612 2651 1670 Hebraei
2682 1617 2750 1672 de
2778 1618 3119 1689 ignoratione
3144 1622 3270 1680 Jesu
3303 1641 3443 1681 con-

1868 1696 2219 1769 demnantur,
2242 1712 2464 1773 propter
2489 1721 2612 1761 eum
2637 1710 2731 1778 qui
2758 1711 3062 1777 abscondit,
3088 1714 3155 1779 si,
3182 1714 3444 1774 facientes

1868 1806 1898 1844 a
1925 1790 2110 1863 Moyse
2159 1797 2496 1866 praescripta,
2522 1815 2686 1869 quem
2722 1804 2974 1859 nesciunt
3026 1806 3154 1861 odio
3195 1824 3306 1863 non
3346 1811 3446 1865 ha-

1868 1881 2063 1938 beant:
2086 1900 2261 1956 neque
2286 1904 2506 1944 rursum
2538 1890 2632 1961 qui
2673 1907 2739 1947 ex
2760 1878 3015 1963 gentibus
3046 1907 3193 1966 sunt,
3210 1901 3277 1955 de
3300 1902 3447 1971 igno-

1866 1968 1987 2030 rato
2011 1974 2195 2047 Moyse
2235 1980 2691 2050 condemnamur,
2722 1995 2945 2055 propter
2971 2003 3095 2043 eum
3123 1990 3215 2060 qui
3259 1968 3448 2047 occul-

1867 2068 2021 2134 tavit,
2050 2070 2095 2124 si
2128 2079 2182 2124 et
2212 2070 2313 2140 ipsi
2341 2088 2439 2143 per
2464 2073 2745 2130 Christum
2786 2077 2931 2133 dicta
2964 2078 3246 2151 facientes,
3277 2101 3442 2155 quem

1868 2157 2124 2228 ignorant
2154 2162 2281 2216 odio
2318 2178 2426 2217 non
2459 2176 2887 2235 prosequantur.
2920 2168 3175 2241 Nihilque
3202 2175 3442 2244 cuipiam

1866 2253 2129 2319 proderit,
2159 2254 2434 2324 magistris
2480 2270 2679 2311 nomen
2732 2259 3083 2315 dominorum
3129 2263 3281 2330 dare,
3326 2282 3439 2321 non

1868 2340 2048 2397 facere
2097 2352 2278 2399 autem
2328 2361 2492 2415 opera
2534 2362 2841 2404 servorum.
2867 2349 3004 2405 Nam
3050 2353 3255 2409 ideirco
3281 2355 3445 2413 Jesus

1865 2442 2054 2490 noster
2078 2436 2146 2489 ad
2175 2439 2490 2506 quemdam,
2518 2439 2612 2509 qui
2644 2456 2769 2496 cum
2802 2441 3114 2513 frequenter
3148 2445 3441 2503 Dominum

1865 2527 2115 2591 vocabat,
2146 2528 2285 2583 nihil
2315 2536 2495 2586 tamen
2523 2531 2593 2585 ab
2625 2547 2692 2587 eo
2734 2536 3116 2590 mandatorum
3156 2537 3390 2595 faciebat
3425 2559 3441 2595 :

1868 2617 2032 2683 Quid,
2061 2619 2262 2689 inquit,
2308 2621 2440 2674 mihi
2482 2622 2640 2689 dicis,
2674 2623 2920 2691 Domine,
2959 2626 3286 2697 Domine,“
3342 2648 3446 2687 non

1864 2708 2002 2777 facis
2036 2726 2152 2779 qua:
2179 2712 2297 2765 dico
2334 2713 2397 2766 b?
2442 2701 2723 2769 Neminem
2757 2716 2957 2787 quippe
2982 2718 3194 2788 juvabit
3238 2723 3440 2791 dicere,

1866 2800 1959 2855 sed
2002 2800 2199 2857 facere.
2233 2800 2394 2857 Omni
2434 2804 2618 2874 itaque
2650 2807 2814 2862 modo
2851 2824 2991 2879 opus
3026 2818 3111 2865 est
3138 2811 3294 2867 bonis
3316 2828 3444 2884 ope-

1864 2892 2312 2950 ribus.Caeterum
2354 2896 2401 2951 si
2436 2898 2527 2953 cui
2572 2899 2835 2954 donatum
2860 2899 3047 2969 fuerit,
3088 2911 3143 2957 et
3169 2897 3356 2958 Iesum
3386 2913 3444 2960 et

1863 2983 2105 3057 Moysem
2165 3003 2517 3059 cognoscere,
2565 2999 2826 3062 tanquam
2886 3009 2996 3048 una
3068 2995 3323 3052 doctrina
3372 2998 3443 3053 ab

1865 3087 2097 3147 utroque
2118 3080 2434 3148 praedicata,
2463 3081 2554 3137 hic
2584 3083 2668 3136 vir
2696 3083 2751 3136 in
2780 3083 2891 3139 Deo
2923 3085 3075 3142 dives
3107 3088 3439 3156 censebitur,

1862 3171 1955 3240 qui
1979 3178 2164 3225 vetera
2194 3187 2334 3227 nova
2361 3180 2625 3243 tempore,
2649 3183 2704 3229 et
2729 3190 2889 3243 nova,
2920 3192 3044 3247 qua:
3074 3190 3257 3235 vetera
3290 3190 3439 3247 sunt,

1860 3260 2113 3331 intelligit
2141 3272 2190 3316 ο.

1937 3350 2067 3406 νιιι.
2096 3349 2222 3407 Haec
2266 3351 2429 3409 Petro
2460 3354 2673 3410 dicente
2703 3355 2883 3411 omnis
2930 3357 3245 3423 multitudo,
3274 3360 3437 3429 quasi

1861 3444 1931 3500 ab
1958 3444 2143 3515 aliquo
2174 3454 2421 3509 evocata,
2454 3446 2700 3517 ingressa
2727 3447 2809 3502 es‘t
2841 3448 2934 3502 ubi
2968 3457 3089 3503 erat
3126 3449 3339 3505 Petrus.
3367 3449 3439 3506 Ut

1861 3547 2042 3592 autem
2068 3538 2157 3591 ille
2178 3537 2312 3591 vidit
2339 3538 2548 3605 turbas,
2581 3539 2730 3594 velut
2752 3540 2932 3595 amnis
2964 3541 3236 3609 placidum
3260 3540 3437 3596 fluen-

1860 3638 1975 3683 tum
2009 3629 2199 3684 leniter
2225 3641 2618 3697 commeantes,
2677 3632 2815 3686 dixit
2860 3632 3104 3688 Marooni
3143 3651 3155 3686 :
3192 3632 3295 3689 Ubi
3340 3634 3432 3689 hic

1859 3722 1964 3776 tibi
2008 3722 2163 3776 locus
2208 3728 2311 3785 est,
2339 3721 2433 3790 qui
2464 3723 2640 3792 magis
2670 3724 2845 3793 possit
2868 3740 3061 3794 capere
3085 3725 3225 3780 hanc
3248 3727 3435 3782 multi-

1859 3809 2139 3865 tudinem?
2165 3808 2229 3863 Et
2265 3808 2526 3864 Marcone
2564 3813 2867 3869 deducente
2892 3831 3017 3868 eum
3041 3816 3095 3869 in
3128 3817 3433 3872 subdialem

1860 3900 2021 3955 horto
2058 3901 2336 3956 excultum
2382 3901 2588 3969 locum,
2623 3912 2824 3959 secuta:
2854 3915 2985 3961 sunt
3015 3907 3206 3962 turbae.
3235 3907 3432 3964 Petrus

1859 3998 2041 4046 autem
2085 4007 2250 4060 super
2299 3991 2472 4047 basim
2515 4001 2709 4048 statuae
2736 4010 2842 4049 non
2877 3996 2945 4050 ad
2976 3998 3202 4051 modum
3245 3999 3429 4053 excel-

1860 4098 1975 4137 sam
2005 4082 2333 4149 consistens,
2366 4084 2529 4139 simul
2576 4094 2739 4155 atque
2789 4088 3048 4156 populum
3099 4104 3253 4143 more
3298 4091 3433 4144 relio

1859 4176 2013 4246 gioso
2062 4176 2375 4240 salutasset,
2407 4176 2599 4232 videns
2652 4178 2853 4233 multos
2906 4178 3138 4234 astantis
3182 4180 3355 4249 plebis
3396 4195 3427 4236 a

1859 4268 2201 4322 daemonibus
2225 4276 2279 4323 et
2302 4269 2553 4338 pluribus
2589 4270 2798 4324 morbis
2825 4269 2935 4339 jam
2963 4271 3056 4325 diu
3088 4273 3426 4341 niolestatos,

1859 4373 1923 4411 ac
1949 4358 2179 4413 stridere
2210 4374 2336 4414 cum
2386 4360 2625 4425 ululatu,
2667 4370 2721 4414 et
2744 4361 3030 4429 procidere
3065 4378 3189 4416 cum
3219 4366 3429 4433 suppli-v

167 4422 365 4493 μωγῆς
428 4424 520 4475 καὶ
582 4423 878 4489 πίπτοντας
945 4426 1063 4498 μεθ’
1128 4429 1365 4493 ἱκεσίας,
1425 4432 1754 4503 ἐπιτιμήσας

1868 4450 2092 4515 satione,
2143 4450 2433 4521 increpitis
2474 4453 2561 4516 iis,
2592 4452 2979 4524 silentiumque
3010 4463 3191 4509 tenere
3223 4456 3422 4525 jussis,

162 4514 353 4576 αὐτοῖς
394 4514 489 4567 καὶ
542 4516 770 4585 ἡσυχίαν
819 4516 963 4587 ἔχειν
1004 4520 1310 4590 προστάξας
1354 4523 1447 4575 καὶ
1478 4524 1575 4594 τὴν
1609 4525 1750 4577 ἴασιν

164 4605 309 4674 μετά
342 4604 404 4657 τὸ
436 4605 774 4678 διαλεχθῆναι
801 4610 1184 4681 ὑποσχόμενος,
1218 4612 1311 4665 τοῦ
1342 4612 1518 4682 λέγειν
1549 4615 1750 4685 ἤρξατο

162 4696 343 4759 οὕτως
360 4714 374 4727 ·

238 4788 332 4841 IX.
381 4788 707 4861 Ἀρχόμενος
750 4791 840 4845 τὸν
873 4794 1011 4865 ὑπὲρ
1049 4794 1355 4859 θεοσεϐείας
1390 4796 1546 4867 λόγον
1575 4802 1747 4853 ποιεῖ-

167 4880 297 4933 σθαι
340 4884 453 4943 τοῖς
498 4882 775 4946 παντελῶς
821 4884 1071 4951 ἀγνοοῦσι
1125 4887 1191 4939 τὰ
1207 4887 1251 4918 ⁵⁸
1279 4888 1485 4952 πάντα,
1516 4891 1610 4944 καὶ
1644 4891 1749 4945 ὑπὸ

166 4972 277 5023 τῶν
330 4971 424 5023 τοῦ
466 4972 838 5043 ἀντικειμένου
871 4977 1001 5046 ἡμῖν
1030 4977 1271 5048 Σίμωνος
1306 4979 1566 5034 διαϐολῶν
1595 4983 1749 5035 ἐσπι-

166 5061 437 5131 λωμένοις
491 5064 581 5115 τὸν
630 5064 775 5129 νοῦν,
828 5065 1121 5135 ἀναγκαῖον
1174 5070 1467 5143 ἡγησάμην
1512 5073 1746 5144 πρῶτον,

170 5154 314 5224 ὑπὲρ
344 5153 439 5207 τοῦ
477 5155 551 5227 μὴ
588 5156 697 5208 δεῖν
750 5156 1056 5228 μέμφεσθαι
1085 5159 1175 5214 τὸν
1217 5161 1287 5215 τὰ
1320 5163 1493 5217 πάντα
1526 5182 1754 5236 πεποιη-

242 5278 270 5305 ι
308 5265 499 5321 Matth.
526 5283 605 5335 ιι,
631 5268 722 5323 25.
799 5268 1038 5341 1’IMatth.
1076 5289 1174 5340 vn,
1205 5275 1293 5329 ‘21.

1855 4554 1956 4594 nec
1986 4555 2094 4594 non
2120 4540 2396 4610 pollicitus
2428 4543 2766 4597 curationem
2794 4553 2915 4613 post
2938 4543 3183 4599 habitum
3210 4561 3422 4601 sermo-

1854 4647 2002 4700 nem,
2033 4632 2107 4688 ita
2130 4633 2279 4703 loqui
2310 4634 2474 4705 cmpit
2494 4650 2509 4687 :

1926 4801 2018 4856 lx.
2054 4802 2321 4874 Incipiens
2351 4803 2417 4859 de
2445 4820 2576 4860 vero
2608 4804 2701 4861 Dei
2725 4807 2877 4862 cultu
2904 4807 3086 4865 facere
3111 4824 3422 4867 sermonem

1854 4895 1919 4948 ad
1974 4909 2070 4949 eos
2119 4896 2212 4964 qui
2242 4895 2459 4961 penitus
2492 4898 2969 4966 ignorantomnia,
3000 4916 3233 4969 quorum
3267 4917 3423 4958 mens

1855 5002 1948 5055 per
1972 4986 2266 5042 adversarii
2285 4989 2455 5043 nostri
2484 4989 2725 5045 Simonis
2753 4992 3059 5047 calumnias
3085 4992 3286 5047 fmdata
3313 5003 3418 5060 est,

1855 5080 2221 5134 necessarium
2264 5080 2416 5146 duxi,
2449 5082 2626 5151 primo
2658 5098 2965 5138 sermonem
2992 5083 3191 5138 habere
3230 5086 3296 5139 de
3328 5101 3416 5151 eo,

1855 5170 2001 5241 quod
2029 5187 2138 5226 non
2168 5180 2417 5242 oporteat
2439 5175 2683 5229 omnium
2735 5186 3036 5231 creatorem
3092 5176 3262 5233 Deum
3301 5179 3417 5233 cul-

1380 5287 1402 5315 ε
1437 5276 1628 5333 Matth.
1661 5296 1781 5348 xm,
1814 5282 1902 5337 52.

1461 5391 1697 5446 VARUE
1729 5394 2136 5451 LECTIONES.

240 5478 288 5510 ⁸⁵
303 5477 445 5565 Nihil
473 5480 917 5565 mittaridumzq‘f.
945 5480 1078 5565 ἑοὶ).
1102 5482 1302 5565 ιξίιτξίη.
1328 5498 1384 5564 ι)ζ
1412 5484 1534 5539 156.
1569 5484 1844 5543 Habemus
1869 5489 1922 5542 in
1940 5486 2277 5565 Clementinis
2298 5490 2459 5565 etiam
2488 5492 2949 5565 dativumewucﬁ
2978 5492 3411 5565 hom.xvn,_MS.

172 5546 233 5601 S.
313 5549 363 5631 ’τί
389 5550 651 5631 ἀπό-939
682 5590 696 5613 ,
720 5552 826 5631 om
946 5552 1083 5631 Tum
1117 5546 1268 5631 indi)“,
1294 5546 1408 5631 τοῦ,
1434 5570 1723 5631 man._sec.
1768 5560 2183 5631 suprainqrante
2212 5561 2424 5631 A'l'qooﬁ,
2459 5546 2657 5631 οξ).οί
2688 5563 2817 5619 τῶν.

169 5634 302 5691 om._
323 5616 388 5672 0.
438 5689 443 5691 Α
490 5622 535 5652 ⁸ο
554 5621 984 5691 έξομολογοῦμεν
1009 5623 1071 5676 0.

168 5689 215 5726 δ’
248 5689 511 5764 Minicio;
650 5689 725 5764 f‘
743 5692 851 5764 ἀπό
875 5689 937 5746 0.
1014 5696 1062 5764 ξι
1089 5689 1454 5764 προσέτασσεν
1482 5693 1544 5764 Ο.

2922 5563 2969 5604 εδ
3000 5565 3121 5618 τινά
3145 5564 3205 5618 C.
3266 5563 3414 5615 ⁸⁹τοῦ

1170 5624 1213 5658 ⁸¹
1237 5614 1481 5694 ἔκρυψας
1505 5623 1677 5679 ταῦτα
1698 5629 1806 5681 ἀπὸ
1828 5614 2088 5750 σοϐῶνῖὶ.
2128 5629 2222 5682 καί
2275 5614 2468 5699 copula
2494 5614 2891 5688 'éuém’ad'est
2937 5633 2989 5687 in
3013 5614 3288 5687 V-CZVN.
3343 5614 3405 5685 Τ.

1170 5694 1454 5748 οσέτασσεν
1482 5693 1544 5748 C.
1646 5706 1691 5738 ⁸⁸
1721 5700 1853 5750 εῐτις
1973 5714 2022 5750 e.
2052 5700 2111 5750 (ll
2144 5741 2159 5750 .
2188 5702 2220 5750 ἦ
2244 5718 2328 5750 τις
2358 5702 2419 5750 C.
2533 5710 2578 5741 δε
2618 5703 2674 5750 δέ
2722 5719 2831 5750 0m-
2872 5703 3009 5750 Tum
3047 5703 3209 5750 τόπον
3263 5706 3405 5750 Enn-

1646 5706 1691 5738 ⁸⁸
1721 5706 1853 5761 εῐτις

1973 5700 2328 5778 c._(2lh,ﬂ1:tg
2533 5710 2578 5741 ³³
2603 5703 2674 5778 ,δέ
2689 5719 2831 5778 ηοω.
2872 5703 3009 5758 Tum
3047 5703 3209 5757 τόπον
3258 5706 3407 5778 Epit.

171 5774 223 5814 c.
276 5758 366 5826 62,
391 5760 482 5815 τόν
549 5760 612 5829 C,
640 5760 701 5817 Ο.
738 5763 935 5818 Deinde
980 5758 1143 5815 αὐτόν’
1169 5779 1280 5821 om.
1309 5762 1353 5818 Ο
1411 5837 1417 5842 _
1446 5767 1493 5843 7'7
1522 5763 1597 5821 Ita
1626 5766 1669 5822 Ο
1719 5785 1749 5829 c
1778 5758 1860 5836 S',
1896 5768 2089 5841 ὑψιλῆς
2117 5758 2178 5825 C.
2210 5758 2401 5845 Iba-Td
2424 5771 2571 5828 deest
2603 5772 2654 5826 in
2678 5770 2745 5827 Ο.
