3894 6208
479 321 582 379 251

1326 310 1383 365 S.
1424 300 1814 363 CLEMENTIS
1851 298 1871 355 l
1913 300 2081 355 ROM.
2130 297 2343 355 PONT.
2384 295 2617 351 OPERA
2657 293 2886 351 DUBIA.

3658 290 3794 345 232

479 457 633 517 pare,
688 453 801 495 non
856 434 1077 494 aliunde
1123 430 1606 502 incipiens,'quam
1662 425 1730 478 ab
1782 424 1883 477 ista
1931 438 2087 492 quze.

2182 419 2293 472 ιότα
2320 416 2452 469 Θεὸν
2468 416 2513 447 ⁸⁸
2530 413 2619 467 τὸν
2636 412 2788 479 λόγον
2806 409 3152 482 ποιήσασθαι,
3171 409 3263 461 τὸν
3462 403 3566 459 οὒκ
3589 406 3787 477 ἀλλο-

480 516 830 609 providenter
872 532 938 585 ab
967 544 1033 583 eo
1069 534 1372 596 Opportune
1401 521 1643 590 subjecta
1675 518 1776 570 fuit
1808 516 2047 580 occasio,

480 604 545 685 ut
573 633 935 696 cognoscatur
956 619 1101 690 quod
1124 626 1269 672 recta
1298 615 1507 667 ratione
1531 609 1838 678 complures
1864 622 1892 660 a
1919 604 2053 659 mulo

482 721 556 777 tis
578 716 917 775 diemonibus
944 710 1150 767 obsessi
1180 713 1307 763 sunt
1326 714 1377 759 et
1404 718 1432 757 a
1460 702 1691 756 diversis
1712 698 2051 753 diliicilibus-

482 826 591 884 que
618 808 827 867 morbis
862 800 1259 874 comprehensi,
1292 808 1353 851 ut
1374 812 1469 865 per
1500 795 1602 848 hoc
1630 807 1849 862 quoque
1881 803 2052 858 appa-

484 914 603 962 reat
640 900 849 975 iustitia
881 898 996 952 Dei.
1026 894 1091 949 Et
1118 894 1209 965 qui
1244 907 1339 962 per
1379 888 1743 959 ignorantiam
1783 885 1932 938 illum
1963 896 2056 936 ac-

483 973 768 1060 cusarunt,
798 992 846 1047 si
884 986 1340 1049 nanc,discentes
1383 978 1515 1049 quid
1558 974 1905 1032 sentiendum
1960 973 2051 1036 sit,

483 1104 581 1159 per
620 1087 818 1140 bonam
857 1076 1301 1151 praedicationem
1350 1079 1405 1125 et
1436 1070 1580 1125 bona
1631 1082 1794 1136 opera
1826 1080 1855 1119 a
1886 1061 2055 1133 priori

483 1179 713 1237 crimine
751 1190 812 1230 se
858 1177 1134 1235 revocent,
1183 1177 1406 1221 causam
1445 1160 1574 1214 mali
1610 1156 1868 1211 facinoris
1902 1154 2057 1225 igno-

482 1268 699 1336 rantiae,
735 1274 797 1321 ut
825 1262 1039 1318 veniam
1065 1259 1495 1325 consequantur,
1522 1246 1879 1303 ascribentes.

556 1443 625 1499 Χ.
665 1442 745 1497 Ita
774 1453 905 1495 vero
936 1435 1103 1489 habet
1132 1449 1148 1487 :
1179 1429 1316 1490 Cum
1360 1426 1524 1492 Deus,
1556 1421 1652 1492 qui
1699 1419 1851 1475 solus
1882 1415 2062 1471 bonus

485 1538 814 1602 est,"cuncta
848 1531 987 1585 bene
1028 1531 1273 1580 creasset
1302 1536 1366 1575 ac
1399 1515 1610 1572 homini
1648 1513 1717 1568 ad
1763 1510 2061 1579 imaginem

486 1599 648 1688 suam
675 1625 820 1681 iacto
856 1619 1191 1681 tradidisset,
1226 1616 1273 1669 is
1302 1614 1474 1667 homo
1504 1605 1806 1664 conditoris
1836 1602 1921 1657 sni
1952 1599 2064 1669 spi-

485 1735 620 1777 rans
660 1716 1021 1775 divinitatem,
1046 1724 1172 1766 cum
1211 1712 1355 1761 esset
1377 1717 1540 1757 verus
1568 1698 1830 1771 propheta
1860 1703 1915 1749 et
1940 1692 2064 1746 uni-

2156 512 2249 565 θεν
2270 510 2590 581 ἀρχόμενος,
2615 507 2646 577 ἢ
2676 505 2769 559 ἀπ’
2800 504 2968 574 αὐτῆς
2985 505 3084 574 τῆς
3107 501 3249 555 κατά
3272 501 3527 571 πρόνοιαν
3548 500 3651 552 ὑπ’
3678 498 3792 552 αὑ-

2156 602 2250 656 τοῦ
2280 602 2550 673 εὐκαίρως
2585 598 2983 668 ὑποϐληθείσης
3012 597 3356 667 προφάσεως·
3390 595 3477 646 ἵνα
3499 592 3786 662 γνωσθῇ,

2156 694 2231 758 ὼς
2256 694 2493 762 εὐλόγως
2526 692 2573 744 οί
2606 690 2791 743 πολλοὶ
2824 688 2929 742 ὑπὸ
2958 687 3167 740 πολλῶν
3194 686 3461 756 δαιμόνων
3491 683 3790 751 συνεσχέ-

2158 784 2330 855 θησαν
2384 784 2478 836 καὶ
2530 780 2635 835 ὑπὸ
2685 780 2988 834 ἀλλοκότων
3050 778 3239 831 παθῶν
3301 776 3785 847 κατελήφθησαν,

2156 876 2304 939 ὅπως
2352 877 2446 928 καὶ
2493 875 2550 927 ὲν
2594 872 2767 941 τούτῳ
2800 871 2860 924 τὸ
2900 870 2994 923 τοῦ
3031 869 3165 922 Θεοῦ
3198 869 3399 922 δίκαιον
3436 870 3609 935 φανῇ.
3654 864 3787 917 Καὶ

2156 970 2205 1020 οί
2237 967 2304 1020 δι’
2322 968 2545 1035 ἄγνοιαν
2581 965 2919 1036 μεμφόμενοι
2949 963 3129 1027 αὑτὸν,
3163 963 3266 1016 κᾶν
3283 962 3325 992 ⁶⁰
3356 961 3448 1012 νῦν
3486 956 3787 1029 μαθόντες

2157 1056 2233 1121 ὼς
2292 1056 2372 1109 δεῖ
2427 1059 2661 1128 φρονεῖν,
2700 1055 2766 1108 δι’
2822 1054 3097 1124 εὐφημίας
3130 1070 3189 1105 τε
3236 1054 3328 1105 καὶ
3368 1050 3623 1111 εὐποιίας
3670 1047 3784 1100 τοῦ

2159 1149 2426 1220 προτέρου
2498 1148 2843 1217 ἐγκλήματος
2916 1146 3141 1207 ἑαυτοὺς
3218 1141 3782 1203 ἀνακαλέσωνταιεί,

2160 1242 2340 1297 αἰτίαν
2380 1241 2474 1295 τοῦ
2528 1241 2700 1294 κακοῦ
2748 1241 3100 1311 τολμήματος
3146 1240 3243 1309 τὴν
3264 1240 3497 1307 ’ἄγνοιαν
3542 1241 3629 1299 εἰς
3665 1237 3783 1307 τὴν

2163 1332 2493 1404 συγγνώμην
2528 1332 2873 1403 προθέμενοι.

2235 1426 2305 1481 Χ.
2338 1426 2493 1497 Ἔχει
2540 1424 2597 1477 δὲ
2641 1423 2831 1487 οὕτως·
2883 1422 2990 1475 Τοῦ
3044 1422 3207 1493 μόνου
3256 1420 3463 1489 ἀγαθοῦ
3509 1419 3659 1473 Θεοῦ
3698 1418 3781 1472 τὰ

2163 1520 2340 1574 πάντα
2380 1518 2568 1585 ,καλῶς
2620 1515 2981 1587 πεποιηκότος
3031 1515 3125 1568 καὶ
3181 1514 3628 1585 παραδεδωκότος
3689 1512 3781 1582 τῷ

2162 1610 2282 1663 κατ’
2322 1608 2506 1661 εἰκόνα
2547 1605 2712 1659 αὑτοῦ
2763 1604 3041 1675 γενομένῳ
3058 1606 3103 1635 ⁸³
3132 1602 3422 1675 ἀνθρώπῳ,
3454 1605 3483 1655 ό
3510 1602 3780 1670 γεγονὼς

2163 1698 2263 1769 τῆς
2292 1696 2386 1751 τοῦ
2420 1696 2780 1768 πεποιηκότος
2812 1695 2973 1749 αὑτὸν
3006 1695 3183 1749 πνέων
3231 1694 3523 1765 θειότητος,
3544 1693 3780 1763 ἀληθὴς

486 1824 648 1867 versa
702 1809 1075 1876 cognosceret,
1110 1801 1163 1854 in
1214 1800 1479 1852 honorem
1530 1789 1708 1844 Patris
1749 1787 1845 1859 qui
1882 1784 2065 1840 omnia

2182 1788 2454 1860 1ροφήτης
2483 1788 2557 1841 ὢν
2591 1788 2685 1841 καὶ
2711 1785 2866 1850 εἰδὼς
2890 1785 2958 1839 τά
2988 1785 3105 1850 ὅλα,
3142 1787 3221 1848 είς
3250 1786 3415 1856 τιμὴν
3448 1784 3543 1836 τοῦ
3575 1784 3778 1836 πάντα

491 1901 569 1957 illi
590 1904 958 1961 concesserat,
980 1904 1032 1948 et
1052 1891 1122 1946 ob
1151 1886 1383 1945 salutem
1414 1899 1481 1939 ex
1517 1897 1575 1937 se
1598 1880 1907 1935 futurorum
1932 1876 2067 1929 lilio-

490 2009 640 2059 rum,
679 2000 938 2059 tanquam
972 1994 1266 2055 germanus
1296 1987 1447 2048 pater
1476 1970 1908 2031 benevolentiam
1937 1982 2068 2037 erga

492 2057 904 2150 asegignendos
932 2076 1142 2131 liberos
1163 2083 1519 2132 conservans,
1547 2080 1687 2136 quos
1728 2068 1952 2132 cuperet
1999 2057 2067 2112 ad

492 2195 683 2238 eorum
706 2176 997 2233 utilitatem
1024 2172 1251 2241 diligere
1276 2167 1448 2222 Deum
1478 2172 1531 2219 et
1553 2177 1584 2217 a
1614 2160 1725 2214 Deo
1764 2156 1938 2227 diligi,
1964 2156 2069 2210 iter

490 2271 635 2344 quod
663 2270 730 2325 ad
759 2267 908 2323 illius
933 2264 1157 2320 duceret
1179 2257 1480 2314 amicitiam
1523 2247 1942 2312 demonstravit,
1964 2244 2065 2298 do-

491 2337 712 2432 cuitque
783 2357 1115 2430 quibusnam
1185 2341 1846 2406 hominumlactionibus
1915 2337 2067 2391 solus

492 2429 853 2523 omniumque
880 2447 1146 2503 Dominus
1178 2442 1321 2496 Deus
1348 2438 1647 2495 delectetur
1678 2452 1694 2488 :
1726 2441 1781 2488 et
1808 2429 2067 2493 ostensis,

491 2563 616 2620 qua!
660 2546 740 2600 illi
763 2521 1085 2614 iplacerent,
1117 2536 1291 2605 legem
1337 2537 1599 2585 aeternam
1628 2523 1840 2580 cunctis
1865 2521 2068 2585 sanxit,

492 2612 618 2711 quae
646 2652 752 2692 nec
790 2612 862 2689 ab
900 2628 1156 2686 hostibus
1196 2620 1449 2679 consumi
1485 2624 1691 2689 posset,
1716 2629 1816 2670 nec
1847 2614 1917 2668 ah
1957 2612 2069 2666 ullo

495 2705 667 2800 impio
697 2720 1072 2793 interpolanda
1108 2725 1273 2781 esset,
1300 2727 1402 2768 nec
1430 2725 1540 2765 uno
1566 2711 1623 2763 in
1661 2707 1784 2761 loco
1835 2705 2071 2760 abscon-

494 2796 738 2883 deretur,
764 2814 859 2871 sed
887 2828 919 2869 a
974 2809 1189 2867 cunctis
1219 2812 1408 2877 posset
1436 2802 1561 2873 legi.
1587 2799 1757 2854 Erant
1779 2812 1910 2869 ergo
1939 2796 2069 2862 illis,

494 2931 566 2973 ex
592 2908 898 2970 obcdientia
932 2905 1090 2977 legis,
1118 2910 1315 2957 cuncta
1347 2897 1570 2962 aﬂ‘atim,
1601 2893 1787 2964 fruges
1812 2891 2070 2962 pulcher-

495 3009 669 3069 rimae,
700 3000 829 3057 anni
850 2994 1258 3067 completi,sine
1286 2990 1527 3051 tristitia,
1552 2986 1672 3041 sine
1701 2984 2071 3049 murbis,cum

499 3093 861 3158 saluberrima
894 3089 1039 3145 aeris
1080 3083 1340 3154 temperie
1370 3090 1487 3137 tuto
1518 3077 1727 3135 donati.

568 3358 662 3415 XI.
700 3357 770 3413 At
819 3356 918 3422 illi,
950 3353 1077 3425 quia
1110 3349 1353 3406 nondum
1405 3344 1547 3401 mala
1586 3339 1793 3413 experti.
1832 3340 2070 3406 fuerant,

499 3455 570 3511 ad
606 3455 785 3525 ipsum
814 3451 1085 3505 bonorum
1110 3445 1315 3500 donum
1339 3455 1503 3495 sensu
1523 3435 1788 3503 destituti,
1814 3450 1910 3507 per
1930 3435 2076 3489 cibo-

500 3562 626 3604 rum
669 3553 724 3600 et
762 3541 1083 3598 deliciarum
1129 3530 1522 3590 abundantiam
1573 3528 1641 3583 ad
1670 3526 1869 3597 ingrati
1906 3526 2074 3580 animi

498 3637 697 3693 vitium
740 3632 1171 3690 declinaverunt,
1195 3633 1255 3679 ut
1285 3621 1681 3677 arbitrarentur
1703 3631 1813 3672 non
1842 3617 2076 3671 existere

501 3725 927 3789 Providentiam,
948 3718 1092 3791 quod
1110 3716 1260 3772 nullo
1282 3712 1623 3784 praecedente
1640 3709 1868 3780 justitiae
1890 3708 2077 3763 labore

501 3819 647 3874 bona
700 3822 759 3868 ut
805 3808 1111 3867 merCedem
1161 3804 1519 3873 recepissent,
1576 3808 1764 3871 utpote
1815 3799 1967 3853 nullo
2010 3813 2076 3853 ex

504 3909 640 3980 ipsis
668 3908 724 3962 in
753 3920 943 3962 casum
994 3901 1230 3970 aliquem
1258 3895 1344 3950 vel
1389 3893 1637 3948 morbum
1671 3900 1765 3946 aut
1793 3891 1959 3945 ullam
1984 3904 2078 3944 ne-

446 4012 449 4015 '
506 4001 815 4057 cessitatem
839 3995 1061 4064 delapso
1091 4008 1106 4046 :
1142 3988 1278 4044 adeo
1309 3996 1387 4054 ut,
1410 3982 1867 4056 quemadmodum
1902 3982 2079 4037 solent

503 4092 756 4150 homines
781 4104 813 4145 a
842 4102 1009 4160 prava
1040 4082 1383 4139 aberratione
1414 4076 1622 4143 afﬂicti,
1649 4075 1842 4141 Deum,
1865 4076 1957 4146 qui
1982 4090 2077 4129 eos

501 4191 719 4258 poterat
767 4192 986 4241 sanare,
1031 4174 1393 4244 despicerent.
1424 4166 1627 4223 Verum
1663 4168 1941 4223 enimvero
1968 4175 2080 4222 sta-

504 4254 602 4330 tim
633 4280 758 4343 post
782 4274 1177 4335 centemptum,
1200 4275 1265 4316 ex
1298 4264 1476 4313 metus
1502 4254 1778 4311 vacuitate
1801 4262 1854 4308 et
1884 4266 2077 4307 secura

504 4367 783 4436 voluptate
801 4359 1211 4433 procedentem,
1239 4350 1388 4407 velut
1425 4349 1494 4404 ab
1526 4345 1810 4403 harmonia
1842 4344 2101 4416 quadam»

2167 1876 2316 1948 αὐτῷ
2345 1876 2732 1949 δωρησαμένου
2766 1875 2981 1947 Πατρὸς
3007 1875 3102 1929 καὶ
3130 1877 3209 1939 είς
3242 1874 3514 1946 σωτηρίαν
3555 1873 3676 1928 τῶν
3708 1873 3777 1938 ἐξ

2167 1967 2333 2022 αὐτοῦ
2374 1968 2680 2039 γενομένων
2713 1968 2867 2031 υἱῶν,
2898 1967 2975 2030 ὡς
3006 1968 3190 2037 πατὴρ
3215 1969 3435 2038 γνήσιος
3465 1964 3606 2037 πρὸς
3632 1966 3775 2028 τοὺς

2168 2058 2261 2113 ὑπ’
2294 2056 2457 2111 αὑτοῦ
2502 2058 2826 2130 γενομένους
2858 2058 3052 2121 παῖδας
3097 2056 3395 2120 ἀποσώζων
3442 2053 3503 2109 τὸ
3538 2053 3769 2118 εὔνουν,

2170 2149 2492 2223 βουλόμενος
2520 2153 2718 2216 αὐτοὺς
2762 2152 2900 2223 πρὸς
2942 2150 3004 2204 τὸ
3044 2150 3322 2222 συμφέρον
3356 2150 3540 2212 αὐτοῖς
3581 2148 3773 2218 φιλεῖν

2168 2242 2301 2295 Θεὸν
2364 2243 2459 2296 καὶ
2512 2240 2783 2311 φιλεῖσθαι
2831 2243 2923 2295 ὑπ’
2970 2240 3156 2305 αὑτοῦ,
3204 2241 3304 2312 τὴν
3376 2240 3513 2311 πρὸς
3571 2238 3772 2307 φιλίαν

2167 2334 2332 2389 αὐτοῦ
2374 2335 2613 2403 ἄγουσαν
2648 2334 2903 2405 ἐξέφηνεν
2934 2334 3071 2398 ὁδὸν,
3090 2332 3307 2397 διδάξας
3328 2332 3507 2394 ποίαις
3540 2328 3767 2401 ἀνθρώ-

2169 2445 2286 2482 πων
2338 2426 2605 2499 πράξεσιν
2660 2428 2690 2481 ὁ
2749 2427 2909 2498 μόνος
2953 2427 3047 2479 καὶ
3088 2426 3303 2479 πάντων
3326 2424 3593 2493 δεσπότης
3626 2420 3771 2484 Θεὸς

2170 2520 2543 2591 εὐφραίνεται,
2570 2520 2666 2573 καὶ
2695 2519 2764 2572 τά
2810 2519 3005 2589 ἐκείνῳ
3038 2518 3292 2572 δοκοῦντα
3324 2516 3565 2585 ἐκφήνας
3595 2514 3768 2582 νόμον

2170 2606 2386 2660 αἰώνιον
2448 2606 2616 2678 ὥρισε
2672 2608 2785 2668 τοῖς
2810 2605 2856 2637 ⁸³
2903 2604 3064 2669 ὅλοις,
3106 2604 3231 2675 μήθ’
3274 2602 3379 2656 ὑπὸ
3409 2600 3767 2671 πολεμίων⁶⁴

2169 2697 2554 2769 ἐμπρησθῆναι
2598 2697 2915 2768 δυνάμενον,
2972 2696 3097 2768 μήθ’
3155 2695 3260 2750 ὑπὸ
3325 2692 3557 2755 ἀσεϐοῦς
3612 2710 3766 2755 τινος

2173 2789 2650 2861 ὑπονοθευόμενον,
2703 2792 2839 2862 μήτε
2903 2788 2984 2843 ἐνί
3029 2789 3178 2859 τόπῳ
3234 2784 3761 2857 ἀποκεκρυμμένον,

2171 2882 2306 2936 ἀλλά
2338 2884 2503 2936 πᾶσιν
2536 2882 2946 2953 ἀναγνωσθῆναι
2977 2881 3293 2953 δυνάμενον.
3320 2876 3429 2933 Ἦν
3450 2874 3543 2932 οὖν
3575 2878 3765 2939 αὐτοῖς

2173 2976 2237 3028 ὲκ
2268 2975 2367 3045 τῆς
2396 2974 2718 3046 πειθαρχίας
2747 2975 2842 3029 τοῦ
2876 2976 3038 3046 νόμου
3074 2976 3253 3029 πάντα
3299 2970 3617 3042 ἄφθονα,τά
3651 2969 3764 3021 τῶν

2173 3068 2401 3140 καρπῶν
2448 3068 2731 3133 κάλλιστα,
2768 3067 2838 3120 τὰ
2893 3068 3055 3138 188
3100 3066 3208 3120 τῶν
3261 3064 3396 3118 ὲτῶν
3440 3064 3624 3117 τέλεια
3669 3063 3762 3116 καὶ

2098 3120 2143 3183 C
2384 3120 2503 3213 rust
2547 3120 2733 3221 ἄνοσα,
2789 3120 3134 3230 pergitIn-qr;
3178 3157 3276 3228 τῆς
3316 3156 3424 3208 τῶν
3463 3154 3644 3226 ἀέρων
3681 3155 3761 3208 εὐ-

2174 3252 2409 3325 κρασίας
2431 3250 2600 3314 ἀδεῶς
2631 3250 2833 3322 δεδωρη
2843 3250 2997 3321 μένα.

2244 3362 2340 3421 XI.
2369 3365 2432 3420 Οἱ
2460 3365 2516 3419 δὲ
2545 3364 2666 3418 ἐπεὶ
2690 3364 2763 3435 μὴ
2800 3363 3014 3435 πρῶτον
3058 3361 3166 3416 τῶν
3204 3363 3389 3415 κακῶν
3421 3359 3758 3432 ἐπειράσθη-

2178 3476 2299 3525 σαν,
2332 3458 2471 3530 πρὸς
2504 3456 2674 3529 αὐτὴν
2689 3456 2733 3488 ⁸⁸
2752 3456 2858 3509 τῶν
2915 3454 3134 3525 ἀγαθῶν
3165 3453 3371 3527 δωρεὰν
3414 3453 3755 3523 ἀναισθήτως

2177 3550 2409 3623 ἔχοντες,
2457 3549 2561 3603 ὑπὸ
2604 3549 2703 3620 τῆς
2750 3546 2980 3618 ἀφθόνου
3037 3547 3242 3619 τροφῆς
3294 3546 3388 3599 καὶ
3437 3546 3647 3617 τρυφῆς
3679 3547 3759 3608 είς

2177 3640 2499 3714 ἀχαριστίαν
2527 3638 2898 3712 ἐξετρέποντο,
2932 3637 3008 3701 ὡς
3037 3637 3276 3708 νομίσαι,
3312 3636 3507 3699 αὐτοὺς
3533 3635 3651 3707 μηδ’
3683 3632 3760 3688 εἷ·

2178 3751 2266 3789 ναι
2292 3732 2580 3805 Πρόνοιαν,
2610 3730 2732 3784 ἐπεὶ
2767 3730 2842 3802 μὴ
2875 3730 3137 3801 πρότερον
3170 3726 3546 3798 καμόντεςὲπὶ
3564 3725 3759 3778 δικαιο-

2181 3825 2346 3897 σύνης
2377 3824 2452 3888 ὡς
2486 3822 2675 3895 μισθὸν
2718 3820 2788 3875 τὰ
2827 3818 3008 3889 ἀγαθὰ
3049 3819 3359 3889 εἰλήφεσαν,
3395 3818 3489 3871 ἀτε
3535 3812 3758 3886 μηδενὸς

2180 3916 2359 3973 αὐτῶν
2391 3916 2425 3988 ἢ
2455 3915 2616 3969 πάθει
2648 3914 2756 3969 τινὶ
2787 3911 2820 3984 ἢ
2850 3911 2990 3982 νόσῳ
3016 3909 3050 3981 ἧ
3084 3909 3219 3982 ἄλλῃ
3246 3909 3355 3962 τινὶ
3383 3907 3595 3977 ἀνάγκῃ
3624 3906 3758 3959 ὑπο-

2181 4009 2470 4072 πεσόντοςο
2516 4007 2623 4071 ἵνα,
2658 4004 2733 4069 ὡς
2764 4002 3072 4076 ἀνθρώποις
3127 4000 3277 4070 φίλον
3325 3999 3471 4052 ἐστὶν
3511 3997 3612 4050 ὑπὸ
3655 3996 3756 4073 τῆς

2181 4100 2357 4171 κακῆς
2387 4096 2712 4170 διαμαρτίας
2731 4095 2779 4127 ⁸⁸
2811 4094 3157 4156 κακωθεϊσιν,
3189 4092 3401 4155 ἑαυτοῖς
3433 4090 3523 4143 τὸν
3576 4089 3752 4143 ίᾶσθαι

2180 4192 2472 4264 δυνάμενον
2520 4187 2954 4261 περιϐλέψωνται
3004 4184 3156 4238 Θεόν.
3204 4182 3364 4237 Ἀλλά
3413 4180 3521 4251 γὰρ
3559 4180 3754 4244 εὐθέως

2185 4282 2322 4354 μετά
2374 4280 2473 4353 τὴν
2505 4280 2569 4333 ὲκ
2601 4278 2699 4349 τῆς
2732 4276 2963 4345 ἀφοϐίας
3000 4274 3094 4329 καὶ
3127 4272 3317 4336 ἀδεοῦς
3346 4273 3556 4344 τρυφῆς
3587 4288 3754 4323 κατα-

2183 4373 2442 4447 φρόνησιν
2459 4411 2473 4436 ,
2501 4370 2689 4441 ὥσπερ
2719 4367 2776 4435 ἐξ
2807 4364 3070 4438 ἁρμονίας
3096 4363 3240 4429 τινὸς
3259 4362 3562 4425 ἀκολούθως
3588 4363 3754 4433 ἐφηρ-

505 4462 905 4527 consequenter
957 4450 1231 4520 adaptata,
1281 4447 1429 4518 justa
1477 4460 1572 4500 eos
1602 4442 1803 4499 invasit
1841 4442 2073 4511 punitio,

2182 4442 2477 4541 μοσμένης,
2524 4466 2706 4520 δικαία
2744 4481 2828 4527 τις
2860 4461 3042 4524 αὐτοῖς
3074 4460 3354 4531 ἀπήντησε
3398 4454 3652 4527 τιμωρία,
3682 4455 3752 4508 τὰ

507 4564 630 4620 quae
675 4549 818 4602 bona
855 4544 1077 4615 quidem
1113 4552 1174 4595 ut
1214 4538 1376 4595 noxia
1406 4536 1637 4610 expulit,
1667 4534 1810 4589 mala
1858 4547 1989 4588 vero
2021 4538 2079 4586 ut

508 4642 763 4711 adjutura
797 4644 986 4693 contra
1017 4633 1253 4691 induxit.

579 4841 698 4897 ΧΠ.
728 4839 863 4895 Nam
895 4854 963 4895 ex
998 4837 1120 4894 caali
1152 4833 1346 4891 incolis
1375 4830 1680 4903 ’spiritibus
1721 4828 1781 4896 ii,
1822 4828 1914 4899 qui
1956 4827 2078 4882 inti-

509 4952 656 4991 mam
720 4935 998 5005 regionem
1059 4930 1308 4985 babitant
1363 4925 1560 4995 angeli,
1611 4922 1805 4978 oll'ensi
1864 4922 2077 4992 ingrato

511 5026 795 5081 hominum
827 5038 952 5095 erga
1008 5023 1177 5076 Deum
1236 5019 1421 5073 animo
1476 5014 1772 5086 postulant,
1807 5013 1860 5066 in
1908 5014 2074 5066 vitam

513 5116 796 5171 hominum
829 5115 1013 5171 venire
1040 5112 1222 5178 liceat,
1256 5119 1317 5165 ut
1352 5120 1481 5162 vere
1507 5104 1760 5161 homines
1798 5100 1949 5169 facti,
1982 5117 2078 5172 per

2188 4562 2284 4634 μὲν
2300 4562 2406 4633 γὰρ
2433 4561 2476 4591 ⁸⁷
2506 4558 2684 4628 ἀγαθὰ
2708 4557 2783 4620 ὡς
2798 4556 3074 4627 βλάψαντα
3106 4550 3419 4615 ἀπωθοῦσα,
3440 4548 3509 4601 τὰ
3534 4547 3587 4599 δὲ
3609 4546 3749 4600 κακά

2185 4653 2261 4719 ὡς
2292 4653 2647 4724 ὠφελήσαντα
2678 4648 3126 4718 ἀντεισφέρουσα.

2256 4826 2370 4881 XII.
2388 4825 2507 4881 Τῶν
2520 4823 2627 4896 γὰρ
2652 4823 2740 4877 τὸν
2754 4819 2980 4894 οὐρανὸν
3007 4817 3356 4873 ἐνοικούντων
3367 4816 3414 4848 ⁸⁸
3437 4812 3746 4883 πνευμάτων

2182 4922 2231 4974 οἱ
2257 4920 2355 4992 τὴν
2383 4918 2680 4974 κατωτάτω
2696 4914 2875 4987 χώραν
2898 4910 3282 4971 κατοικοῦντες
3334 4905 3572 4975 ἄγγελοι,
3596 4904 3748 4972 ἀχθε-

2185 5012 2401 5076 σθέντες
2455 5010 2547 5063 ἐπὶ
2599 5007 2803 5081 τῇτῶν
2857 5004 3159 5077 ἀνθρώπων
3192 5004 3275 5064 εἰς
3294 4998 3425 5053 Θεὸν
3446 4993 3744 5067 ἀχαριστίᾳ,

2183 5103 2458 5157 αἰτοῦνται
2510 5104 2590 5165 εἰς
2639 5099 2727 5153 τὸν
2762 5096 3063 5170 ἀνθρώπων
3096 5094 3271 5148 ὲλθείν
3302 5091 3438 5163 βίον,
3475 5089 3559 5142 ἵνα
3589 5087 3747 5147 ὅντως

1786 5239 2022 5296 VARUE
2062 5238 2467 5296 LECTIONES.

581 5356 628 5390 ⁵⁸
655 5351 785 5405 Θεόν
810 5350 876 5415 Ο,
904 5359 966 5405 ut
993 5348 1097 5420 legi
1126 5347 1283 5420 jubet
1301 5341 1545 5420 (διεδ-ιη
1571 5338 1680 5420 cui.
1708 5347 1857 5420 testu
1869 5336 2024 5420 Θεοῦ.
2068 5406 2084 5420 ε
2106 5336 2151 5420 ξ⁰
2177 5337 2348 5420 καί
2426 5337 2470 5420 αξ
2487 5334 2912 5420 ,ἀινακαλέσρνται
2934 5330 3035 5420 (3.“
3058 5330 3104 5363 ⁶¹
3128 5325 3421 5420 γενωμένῳ
3441 5322 3506 5409 0:
3578 5321 3619 5360 ⁸³
3640 5322 3741 5401 τοῖς

512 5391 1707 5491 excidit
1758 5413 1804 5446 “
1834 5406 2248 5491 μήτεΙπολἸέμων
2283 5391 2369 5471 (ἶ,
2408 5404 2965 5491 μήθζῦιπὸπολεμίων
3068 5440 3084 5465 ,
3117 5391 3578 5491 μήτειξπολεμίοις
3594 5391 3733 5491 τοίη..

515 5489 555 5570 ἓ
583 5531 596 5553 ν
624 5492 762 5570 μήτε
775 5462 1010 5570 ῗπολέμιὲρ
1034 5488 1129 5570 Ο...
1176 5491 1221 5523 ⁸⁸
1258 5462 1359 5570 τήν
1387 5485 1446 5538 C.
1492 5462 1570 5515 ’⁸⁸
1593 5481 1659 5533 δι’
1685 5462 1962 5570 ἁμαρτίας
1985 5478 2050 5543 Ο,
2175 5496 2188 5531 :
2221 5462 2787 5570 boetis'lttiultifariam
2819 5462 3136 5570 clorruptu‘s'.
3171 5462 3398 5524 Dativus
3436 5462 3639 5570 ἒὲρξοῖς
3656 5462 3740 5570 atl-

1458 5569 1463 5570 ,
1499 5568 1509 5570 -
1578 5560 1622 5570 ,ι
1667 5566 1749 5570 ____
1870 5565 1894 5570 _
1974 5565 2019 5570 ._-
2053 5563 2093 5570 --
2120 5564 2150 5570 .-
2178 5564 2238 5570 _.-
2268 5552 2299 5570 ε.
2365 5549 2411 5570 .2
2456 5549 2516 5570 -.-ε
2549 5562 2571 5570 -
2606 5557 2682 5570 Δ,..
2729 5546 2837 5570 ε..ι,.
2884 5552 3034 5570 ΑΛ...-
3100 5542 3299 5570 (“Anna
3329 5554 3450 5570 ι-ι-ειη
3558 5549 3653 5570 ara-tr
3686 5548 3738 5570 ηι

515 5532 1538 5629 ὧιῖαῗῦὲόιὶὶῖἐῗῖὲξθέἰῑυωωῖέὸτὲω,
1571 5532 1787 5629 ethqu‘id
1808 5532 1819 5547 '
1844 5532 2023 5628 ἰᾶσθαι
2036 5532 2153 5602 ἐἱῡί
2178 5549 2575 5629 velit,__dilli_cile
2601 5557 2686 5629 est
2713 5532 3036 5629 intellectu;
3061 5542 3299 5629 denique
3322 5532 3739 5629 ξτερέδλέπεσοαι

514 5630 789 5700 nonidem
820 5607 1108 5700 signitijcat,
1137 5607 1283 5700 quod
1315 5607 1598 5700 despicere.
1631 5607 2056 5700 (ionjeetaverim
2080 5633 2202 5673 esse
2232 5607 2582 5700 scribendum
2610 5616 2781 5700 ἀδεῶς
2801 5615 2891 5700 τὸν
2929 5607 3739 5700 τιμωρεῖςξθιιιιι’ίῐξχίὲμίενιξν⁷

1138 5672 1533 5770 3'1"{Ep"6ri{.'
1555 5672 1669 5763 ,Vad
1690 5672 1811 5761 ῨοῦᾸ.
1837 5703 1988 5746 oram
2017 5672 2649 5749 moneturvavoecitmt.
2725 5672 2775 5729 ιδ
2798 5672 3153 5741 ἐνοικούντων
3179 5680 3241 5739 Cl
3289 5672 3539 5753 (1698'et
3566 5672 3737 5742 1724),

621 5768 870 5828 ικούντων
912 5777 970 5835 s,
