3894 6208
162 286 268 346 233

1232 273 1687 331 CLEMENTINA.
1728 303 1798 316 -—
1827 272 2113 329 HOMILIA
2150 273 2285 330 VIII.

3303 287 3409 345 ΞΜ

152 401 432 472 ἄνθρωποι
473 397 773 467 γενόμενοι,
814 396 906 447 ἐπὶ
950 393 1195 463 πολιτείᾳ
1242 392 1444 445 πλείονι
1489 392 1616 454 τοὺς
1660 392 1729 452 εἰς

1847 388 2074 443 multam
2126 388 2592 445 conversationem
2644 391 2955 464 redargutis
3005 394 3100 464 qui
3146 395 3200 450 in
3237 394 3407 453 Deum

153 488 314 543 αὐτὸν
344 488 822 557 ἀχαριστήσαντας
841 483 1156 551 ὲλέγξαντες
1189 481 1375 535 αὐτόθι
1406 484 1472 552 τῇ
1498 483 1618 533 κατ’
1637 480 1745 545 ἀξί-

152 597 217 631 αν
264 578 496 630 ἓκσστον
547 572 857 628 ύττοϐάλωσι
908 573 1169 643 τιμωρίᾳ.
1215 572 1406 623 Ὁπότε
1440 567 1532 624 οὖν
1582 568 1745 640 189

150 671 478 738 αἰτήσαντες
498 665 709 726 ἔλαϐον,
729 663 865 735 πρὸς
898 665 1077 716 πᾶσαν
1106 662 1330 724 ἑαυτοὺς
1353 661 1677 732 μετέϐαλλον
1697 660 1741 691 ⁶⁹

150 758 331 826 φύσιν,
382 757 479 810 ἆτε
541 754 927 824 θειωδεστέρας
970 752 1123 814 ὄντες
1180 751 1367 814 οὐσίας
1403 751 1499 804 καὶ
1545 750 1742 824 ῥᾳδίως

148 846 286 915 πρὸς
316 844 499 897 πάντα
529 843 960 915 μετατρέπεσθαι
991 842 1297 913 δυνάμενοι.
1340 844 1450 896 Καὶ
1487 842 1738 911 ἐγένοντο

145 936 289 999 λίθος
331 936 534 1006 τίμιος,
569 938 664 989 καὶ
700 934 1048 1006 μαργαρίτης
1079 936 1457 1006 περίϐλεπτος,
1484 935 1739 1007 πορφύρα

141 1049 199 1082 τε
221 1029 449 1100 εἰτύχοι
478 1028 760 1100 καλλίστη,
794 1029 888 1083 καὶ
919 1029 1121 1101 χρυσὸς
1152 1028 1377 1102 ἔνδοξος,
1402 1031 1497 1082 καὶ
1525 1030 1738 1081 nam"

143 1120 466 1191 πολυτίμιος
514 1120 634 1190 ὓλη.
669 1121 778 1173 Καὶ
810 1119 917 1172 τῶν
961 1121 1056 1190 μὲν
1083 1122 1162 1183 εἰς
1189 1122 1398 1190 χεῖρας,
1429 1120 1536 1172 τῶν
1567 1119 1626 1172 δὲ
1659 1121 1738 1182 είς

143 1212 344 1264 κόλπον
374 1212 684 1273 ἐνέπιπτον,
703 1213 795 1264 καί¹
829 1212 1121 1264 ὑπ’·αύτῶν
1155 1211 1367 1274 ἑκόντες
1391 1210 1733 1264 ὲκλέπτοντο.

140 1302 560 1356 Μετεϐάλλοντο
596 1302 652 1355 δὲ
685 1302 779 1354 καὶ
808 1305 887 1365 είς
918 1300 1223 1372 τετράποδα
1261 1301 1353 1354 καὶ
1390 1302 1470 1363 εἰς
1503 1298 1733 1370 ἑρπετὰ,

141 1397 319 1467 νηκτά
337 1414 400 1449 τε
425 1396 520 1450 καὶ
545 1395 741 1467 πτηνὰ,
760 1395 851 1448 καὶ
872 1397 952 1457 είς
982 1396 1088 1446 πᾶν
1105 1395 1241 1465 ὅπερ
1262 1393 1672 1463 ἣθελον.’¹Ατινα
1688 1392 1734 1423 ⁷¹

142 1491 235 1542 καὶ
267 1491 319 1541 οἱ
372 1491 503 1560 παρ’
556 1491 683 1559 ὑμῖν
738 1489 956 1559 ποιηταὶ
989 1487 1219 1556 ἀφοϐίας
1252 1488 1401 1557 αἰτίᾳ
1438 1488 1513 1549 ὡς
1544 1487 1735 1557 ἔτυχεν

144 1580 387 1651 ᾄδουσιν,
424 1581 565 1633 ένὶ⁷²
593 1579 770 1632 τοίνυν
799 1578 899 1641 τὰς
928 1578 1142 1631 πάντων
1177 1576 1378 1641 πολλὰς
1411 1580 1504 1631 καὶ
1544 1578 1733 1647 διαφό-

144 1686 272 1740 ρους
306 1668 545 1741 πράξεις
577 1669 966 1738 ἀπονέμοντες.

1847 479 2042 549 ingrati
2096 479 2338 544 fuerant,
2403 481 2695 538 confestim
2743 501 3183 556 unumquemque
3212 490 3408 544 merito

1845 568 2123 624 adicerent
2170 570 2462 641 supplicio.
2501 570 2728 639 Quando
2762 575 2926 645 igitur
2955 578 3098 646 quod
3143 579 3410 646 petierant

1845 667 2191 727 acceperunt,
2228 660 2282 713 in
2315 675 2530 715 omnem
2559 677 2617 716 se
2640 672 2922 719 mutarunt
2942 675 3292 735 naturam,ut
3313 670 3407 739 qui

1843 750 2129 831 divinioris
2184 761 2369 806 essent
2418 754 2757 823 substantiae,
2813 756 3084 828 facileque
3128 758 3182 813 in
3221 760 3408 817 omnia

1842 853 2064 912 possent
2094 844 2356 898 converti.
2388 844 2455 899 Et
2481 844 2613 900 facti
2660 856 2787 902 sunt
2841 848 2979 919 lapis
3029 852 3322 920 pretiosus,
3354 862 3407 907 et

1841 935 2140 1004 margarita
2190 936 2507 1005 conspicua,
2540 946 2594 992 et
2637 954 2876 1009 purpura
2912 942 2958 995 si
3006 958 3127 1013 quae
3156 945 3408 1013 pulcher—

1840 1026 2001 1093 rima,
2036 1034 2090 1082 et
2120 1043 2316 1083 aurum
2359 1030 2591 1101 insigne,
2628 1047 2692 1086 ac
2720 1034 2898 1089 omnis
2925 1038 3209 1107 magniﬁca
3237 1048 3409 1094 mate-

1838 1119 1941 1177 ria.
1992 1120 2170 1189 Atque
2196 1119 2250 1173 in
2279 1120 2511 1175 aliorum
2561 1121 2783 1191 quidem
2821 1140 3037 1193 manus,
3065 1128 3118 1181 in
3170 1130 3404 1185 aliorum

1838 1224 1967 1265 vero
2012 1210 2193 1264 sinum
2242 1211 2571 1278 inciderunt,
2603 1222 2657 1267 et
2687 1215 2755 1269 ab
2787 1215 2855 1270 iis
2889 1228 3081 1288 sponte
3119 1222 3406 1289 rapieban-

1837 1309 1948 1356 tur.
1976 1300 2080 1356 Sed
2127 1311 2181 1357 et
2226 1302 2601 1359 transformati
2654 1314 2785 1360 sunt
2830 1306 2885 1361 in
2920 1310 3299 1380 quadrupedes
3349 1321 3405 1367 et

1837 1403 2138 1462 serpentes,
2171 1394 2349 1463 pisces
2385 1403 2440 1449 et
2480 1410 2629 1463 aves,
2661 1410 2726 1451 ac
2755 1397 2809 1452 in
2854 1400 3218 1471 quodcunque
3256 1404 3407 1459 vole-

1832 1484 1984 1538 bant.
2012 1483 2143 1549 Quae
2172 1484 2340 1539 vestri
2370 1486 2535 1540 etiam
2566 1497 2757 1556 poetae.
2792 1489 2939 1557 quod
2967 1490 3104 1544 nihil
3155 1493 3402 1560 timeant,

1832 1589 1932 1644 pro
1990 1576 2147 1631 libito
2198 1585 2425 1641 canunt,
2475 1578 2571 1632 uni
2619 1594 2815 1650 nempe
2859 1581 3102 1636 omnium
3151 1584 3323 1639 multa
3352 1595 3406 1640 et

1833 1666 1986 1720 varia
2010 1680 2176 1736 opera
2204 1668 2527 1723 tribuentes.

214 1778 361 1833 XII].
406 1778 553 1861 11‘th
595 1779 685 1831 ὅτε
719 1778 893 1831 ταῦτα
927 1778 1203 1849 γενόμενοι
1234 1779 1358 1841 τοὺς
1393 1778 1729 1848 διαρπάσαν-

1904 1778 2041 1833 XIII.
2074 1778 2346 1835 Caeterum
2375 1781 2594 1851 quando
2632 1783 2771 1837 haec
2794 1782 2926 1839 facti
2970 1794 3221 1855 raptores
3265 1804 3401 1845 suos

142 1885 239 1931 τας
269 1870 475 1931 αὐτοὺς
514 1868 843 1930 πλεονέκτας
874 1866 1125 1937 ἤλεγξαν,
1157 1868 1251 1920 καὶ
1282 1869 1362 1930 εἰς
1390 1868 1488 1939 τὴν
1519 1867 1731 1940 ἀνθρώ-

147 1978 268 2012 πων
304 1959 470 2027 φύσιν
496 1960 722 2022 ἑαυτοὺς
746 1957 1067 2028 μετέϐαλλον
1088 1959 1158 2025 ⁷⁸,
1191 1959 1276 2011 ἵνα
1304 1958 1467 2021 ὁσίως
1496 1959 1733 2011 πολιτευ‹

144 2050 376 2119 σάμενοι
409 2050 503 2102 καὶ
547 2049 609 2101 τὸ
651 2049 871 2103 δυνατὸν
912 2048 1006 2102 τοῦ
1051 2048 1427 2101 πολιτεύεσθαι
1463 2047 1733 2114 δείξαντες

142 2142 273 2204 τοὺς
298 2141 635 2212 ἀχαρίστους
654 2140 700 2171 ⁷⁸
730 2140 981 2203 εὐθύναις
1015 2139 1386 2203 ὑποϐάλωσιν,
1436 2139 1622 2210 ἐπειδὴ
1644 2140 1731 2192 ὃν·

139 2251 253 2296 τως
284 2232 359 2284 τά
393 2232 568 2285 πάντα
596 2231 870 2302 ἄνθρωποι
901 2230 1142 2298 ἐγίνοντο
1169 2230 1263 2283 καὶ
1294 2230 1392 2301 τὴν
1438 2230 1731 2301 ἐπιθυμίαν

142 2322 305 2392 ἔσχον
332 2322 434 2393 τὴν
466 2320 832 2391 ἀνθρωπίνην,
865 2320 970 2373 ὑπὸ
995 2320 1201 2390 ταύτης
1241 2318 1601 2391 κρατούμενοι
1652 2320 1732 2383 εἰς

141 2412 427 2482 γυναικῶν
446 2410 591 2482 μίξιν
607 2412 849 2478 ὤλισθον,
868 2404 956 2474 αἷς
972 2410 1376 2481 συμπλακέντες
1398 2411 1492 2463 καὶ
1509 2410 1731 2480 μιασμῷ

142 2504 419 2573 παγέντες
434 2504 639 2573 καὶτῆς
659 2502 881 2575 πρώτης
894 2502 1172 2572 δυνάμεως
1188 2501 1461 2565 παντελῶς
1480 2500 1733 2555 κενωθέν-

140 2614 240 2659 τες
266 2595 339 2648 τά
364 2597 427 2647 ἐκ
451 2594 622 2666 πυρὸς
646 2595 920 2665 τραπέντα
954 2594 1087 2665 μέλη
1120 2596 1200 2658 είς
1228 2594 1288 2647 τὸ
1321 2593 1535 2665 πρῶτον
1554 2592 1732 2646 αὐτῶν

140 2688 305 2758 τῆς⁷⁵
323 2687 460 2751 ἰδίας
478 2687 955 2760 φύπωςάμίαντον
976 2689 1394 2764 μετασρχκρῖναι
1406 2685 1513 2741 ,οὐκ
1526 2683 1734 2757 ἐξίσχυ-

142 2794 270 2830 σαν.
298 2777 393 2848 Τῷ
422 2776 529 2849 γὰρ
559 2777 715 2849 βάρει
741 2778 819 2848 τῷ
850 2777 1071 2848 ὑπὸτῆς
1101 2777 1390 2847 ἐπιθυμίας
1422 2779 1502 2840 είς
1534 2778 1728 2847 σάρκα,

136 2866 569 2936 τελευτήσαντος
587 2864 749 2918 αὐτοῦ
765 2864 914 2918 τοῦτϐ
933 2864 1121 2935 πυρὸς,
1134 2864 1232 2934 τὴν
1249 2861 1548 2916 ἀσεϐοῦσαν
1565 2861 1731 2914 ὥδευ-

141 2974 249 3009 σαν
290 2956 411 3009 όδὸν
451 2956 618 3009 κάτω·
658 2955 858 3027 σαρκὸς
894 2954 1002 3026 γὰρ
1045 2954 1199 3006 αὐτοὶ
1226 2953 1445 3023 δεσμοῖς
1497 2951 1733 3022 πεπεδη-

1832 1886 2029 1926 avaros
2066 1872 2458 1937 ostenderunt,
2495 1881 2551 1927 et
2578 1873 2633 1927 in
2663 1875 2946 1930 hominum
2977 1884 3230 1932 naturam
3278 1895 3402 1933 mu-

1831 1972 2086 2018 taverunt
2114 1979 2171 2019 se
2192 2004 2207 2030 ,
2240 1979 2350 2033 quo
2375 1973 2561 2020 sancte
2585 1965 2829 2022 viventes
2860 1976 2914 2022 et
2957 1969 3121 2023 vitam
3152 1980 3402 2027 sanctam

1833 2070 1955 2111 esse
1985 2055 2303 2125 possibilem
2336 2066 2706 2114 monstrantes
2735 2059 2979 2129 ingratos
3003 2060 3181 2129 poenis
3210 2063 3403 2118 subde-

1832 2156 1955 2201 rent
1982 2165 1992 2200 :
2020 2148 2304 2217 quoniam,
2328 2147 2575 2217 inquam,
2604 2163 2731 2204 vere
2752 2150 2979 2205 omnino
3005 2151 3254 2208 homines
3282 2154 3403 2207 exi-

1832 2237 2048 2292 stebant
2080 2250 2136 2292 et
2162 2237 2438 2292 habebant
2466 2239 2964 2310 concupiscentiam
2989 2241 3305 2311 humanam,
3328 2244 3402 2299 ab

1830 2343 1896 2383 ea
1934 2328 2208 2399 subjugati
2240 2328 2295 2383 in
2332 2328 2660 2384 feminarum
2693 2332 3042 2389 concubitum
3072 2334 3215 2407 lapsi
3245 2346 3399 2408 sum,

1831 2420 2033 2490 quibus
2061 2421 2359 2491 commisti,
2389 2428 2442 2479 et
2473 2421 2686 2493 piaculo
2713 2428 2934 2495 confixi,
2963 2436 3127 2497 atque
3158 2444 3190 2484 a
3221 2430 3401 2500 prima

1831 2514 2034 2569 virtute
2076 2517 2294 2571 vacuati
2335 2518 2553 2585 penitus
2573 2560 2587 2584 ,
2615 2533 2683 2572 ex
2712 2518 2837 2589 igne
2865 2535 3129 2577 conversa
3153 2524 3400 2578 membra

1833 2607 1887 2663 in
1924 2608 2156 2679 primam
2190 2618 2402 2665 naturae
2424 2625 2537 2665 sum
2558 2612 2849 2680 puritatem
2874 2628 2983 2666 non
3010 2614 3299 2669 valuerunt
3321 2616 3400 2670 in-

1833 2708 2104 2756 staurare.
2138 2700 2274 2755 Nam
2298 2715 2394 2771 per
2417 2702 2631 2770 pondus
2666 2716 2733 2755 ex
2764 2703 2973 2757 carnali
3007 2706 3400 2775 concupiscen-

1835 2792 1907 2846 tia
1937 2800 2140 2860 ortum,
2167 2794 2286 2863 ipso
2319 2793 2445 2863 igne
2481 2792 2797 2859 desinente,
2845 2808 2942 2863 per
2982 2793 3204 2864 impiam
3229 2797 3397 2851 -viam

1831 2881 1974 2936 infra
2015 2882 2375 2937 incesserunt.
2423 2882 2735 2952 Siquidem,
2763 2885 2947 2939 carnis
2975 2885 3212 2941 vinculis
3243 2901 3396 2941 com-

1830 2974 2017 3043 pediti,
2055 2974 2259 3029 detenti
2288 2983 2414 3030 sunt
2449 2990 2515 3029 ac
2546 2973 2758 3029 fortiter
2790 2975 2959 3046 ligati,
2991 2985 3212 3046 propter
3249 2980 3397 3049 quod

142 3047 304 3118 μένοι
339 3046 498 3117 190
528 3047 947 3117 κατέσχηνταιττ
980 3044 1073 3098 καὶ
1110 3044 1343 3115 ἰσχυρῶς
1374 3043 1632 3109 δέδενται,
1664 3034 1724 3096 οὗ

1834 3082 1940 3121 non
1969 3075 2267 3138 potuerunt
2294 3066 2528 3137 amplius
2556 3067 2613 3121 in
2643 3068 2811 3123 caelos
2838 3069 3159 3124 ascendere.

138 3143 338 3223 ἕνεκεν
365 3142 444 3203 εἰς
474 3142 735 3212 οὐρανοὺς
762 3138 1000 3192 ἀνελθεῖν
1028 3139 1212 3192 οὐκέτι
1245 3136 1598 3209 ἐδυνήθησαν.

126 3256 130 3283 λ
214 3240 367 3296 XIV.
408 3241 564 3295 Μετὰ
592 3243 702 3313 γὰρ
758 3240 1070 3305 συνουσίαν,
1117 3240 1146 3292 δ
1171 3240 1217 3271 ⁷⁸
1256 3240 1317 3291 τὸ
1350 3239 1564 3310 πρῶτον
1610 3239 1724 3306 ὲγί-

139 3350 301 3387 νοντο
332 3332 724 3403 ἀπαιτηθέντες
763 3332 854 3385 καὶ
896 3333 1194 3402 παρασχεῖν
1233 3330 1428 3401 μηκέτι
1471 3328 1724 3399 δυνηθέν-

140 3442 258 3489 τες,
288 3423 384 3478 διά
405 3424 469 3476 τὸ
500 3423 626 3477 ἄλλο
653 3441 707 3476 τι
737 3422 875 3494 μετὰ
909 3423 1145 3494 μιασμὸν
1173 3424 1400 3485 ἑαυτοὺς
1422 3423 1467 3457 ⁷⁸
1501 3423 1726 3492 ποιῆσαι

144 3518 222 3589 μὴ
256 3516 805 3588 δύνασθαι,ἀρέσκειν
832 3533 892 3568 τε
921 3519 1041 3579 ταῖς
1071 3515 1370 3585 ὲρωμέναις
1397 3514 1722 3585 βουλόμενοι,

140 3606 261 3660 ἀνθ’
292 3606 505 3659 ἑαυτῶν
535 3607 664 3669 τοὺς
693 3606 795 3675 τῆς
832 3607 937 3676 γῆς
973 3605 1201 3677 μυελοὺς
1234 3605 1516 3671 ὑπέδειξαν
1537 3645 1550 3669 ,
1586 3605 1727 3674 λέγω

142 3699 200 3751 δὲ
229 3698 302 3751 τὰ
336 3700 399 3751 ἐκ
436 3698 711 3769 μετάλλων
741 3698 874 3769 ἄνθη
896 3737 910 3761 ,
942 3697 1167 3769 χρυσὸν,
1198 3697 1425 3768 χαλκὸν,
1456 3697 1723 3768 ἄργυρον,

146 3788 373 3858 σίδηρον
410 3787 504 3841 καὶ
532 3787 602 3840 τὰ
639 3789 820 3858 ὅμοια,
869 3787 964 3840 σὺν
994 3790 1110 3852 τοῖς
1145 3785 1491 3859 τιμιωτάτοις
1524 3786 1725 3839 ἅπασιν

143 3878 344 3941 λίθοις.
368 3878 473 3930 Σὺν
509 3877 720 3941 τούτοις
749 3878 808 3931 δὲ
835 3881 948 3942 τοῖς
982 3878 1331 3948 μαγευθεῖσιν
1352 3877 1397 3909 ⁸ο
1426 3875 1592 3937 λίθοις
1633 3875 1726 3927 καὶ

140 3970 241 4033 τὰς
291 3969 491 4040 τέχνας
535 3969 643 4022 τῶν
687 3969 823 4040 πρὸς
854 3971 1060 4025 ἕκαστα
1111 3970 1447 4042 πραγμάτων
1492 3967 1724 4038 παρέδο-

144 4077 245 4113 σαν
264 4061 337 4124 “,
368 4061 463 4113 καὶ
498 4061 726 4130 μαγείαν
752 4061 1136 4128 συνυπέδειξαν
1160 4063 1205 4093 ⁸²
1232 4064 1325 4115 καὶ
1364 4059 1724 4132 ἀστρονομίαν

142 4151 394 4219 ἐδίδαξαν
414 4193 428 4217 ,
478 4154 735 4225 δυνάμεις
772 4172 832 4208 τε
880 4154 1043 4226 ῥιζῶν
1072 4156 1167 4208 καὶ
1194 4155 1295 4207 ὅσα
1324 4153 1452 4206 ποτὲ
1488 4152 1591 4204 ὑπὸ
1623 4152 1721 4203 ἀν-

143 4240 431 4311 θρωπίνης
460 4243 668 4306 ἑννοίας
707 4243 995 4314 εὑρεθῆναι
1025 4242 1301 4305 ἀδύνατον,
1328 4241 1408 4294 ἔτι
1440 4240 1496 4293 δὲ
1522 4238 1721 4310 χρυσοῦ

143 4328 238 4379 καὶ
270 4328 516 4399 ἀργύρου
546 4331 639 4383 καὶ
668 4330 776 4384 τῶν
812 4332 1009 4401 ὁμοίων
1041 4331 1215 4402 χύσιν,
1246 4331 1343 4394 τάς
1364 4347 1423 4382 τε
1443 4329 1549 4382 τῶν
1572 4327 1723 4399 ἐσθή-

1895 3203 2037 3261 XIV.
2070 3202 2284 3259 Etenim
2306 3213 2432 3274 post
2457 3204 2830 3273 concubitum,
2851 3205 2995 3275 quod
3018 3215 3144 3262 ante
3177 3206 3395 3262 fuerant

1827 3304 2073 3365 repetere
2098 3296 2241 3365 jussi
2269 3310 2370 3349 nec
2398 3295 2635 3365 amplius
2673 3296 2913 3351 valentes
2942 3307 3220 3366 praestare,
3252 3314 3390 3367 quo—

1827 3388 1978 3442 niam
2010 3388 2159 3442 aliud
2190 3403 2299 3442 non
2330 3396 2584 3456 poterant
2614 3395 2739 3458 post
2785 3388 3257 3457 inquinamentum
3308 3389 3393 3444 fa-

1826 3494 1970 3546 cere,
1997 3487 2052 3533 et
2077 3478 2341 3533 adamatis
2365 3478 2685 3534 mulieribus
2714 3477 2927 3549 placere
2965 3481 3265 3549 cupientes,
3291 3496 3392 3551 pro

1828 3588 1886 3627 se
1917 3573 2050 3643 ipsis
2082 3575 2294 3628 viscera
2320 3581 2478 3627 terrae
2514 3574 2889 3641 ostenderunt,
2916 3574 3105 3640 decus,
3142 3575 3389 3646 inquam,

1826 3668 2192 3735 metallorum,
2225 3682 2442 3733 aurum,
2470 3681 2566 3734 ωε,
2594 3676 2900 3737 argentum,
2926 3666 3129 3723 ferrum
3158 3678 3211 3723 et
3240 3667 3394 3724 simi-

1827 3760 1919 3826 lia,
1953 3776 2077 3814 cum
2110 3758 2366 3813 omnibus
2397 3759 2650 3828 pretiosis
2676 3758 2969 3828 lapidibus.
3000 3757 3136 3813 Cum
3176 3760 3261 3815 his
3292 3777 3393 3815 auu-

1828 3859 1932 3905 tem
1974 3852 2331 3921 praestigiosis
2380 3852 2607 3922 gemmis
2656 3853 2996 3907 tradiderunt
3035 3861 3088 3907 et
3137 3864 3281 3909 artes
3321 3854 3390 3909 ad

1827 3943 2043 4013 singula
2074 3942 2433 4012 pertinentes,
2468 3952 2521 3998 et
2556 3943 2800 4013 magicas
2833 3944 3090 3998 scientias
3119 3954 3391 4000 monstra-

1824 4046 2055 4100 verunt,
2087 4044 2142 4090 et
2172 4038 2565 4091 astronomiam
2593 4035 2917 4103 docuerunt,
2964 4037 3089 4091 item
3135 4039 3389 4106 stirpium

1825 4127 1990 4191 vires,
2021 4141 2122 4181 nec
2162 4143 2271 4181 non
2301 4142 2640 4199 quaecunque
2670 4128 2910 4182 humana
2954 4144 3107 4183 mens
3140 4145 3249 4184 non
3284 4146 3386 4200 po-

1827 4218 2020 4273 tuisset
2054 4219 2317 4285 invenire,
2346 4219 2527 4274 adhuc
2555 4228 2609 4273 et
2634 4219 2755 4273 auri
2795 4219 3111 4289 argentique
3138 4236 3202 4275 ac
3233 4221 3386 4275 simi-

1824 4309 1958 4362 lium
1990 4309 2260 4363 fusionem
2285 4350 2300 4376 ,
2335 4318 2497 4377 atque
2528 4308 2762 4363 vestium
2809 4308 3051 4362 diversas
3097 4310 3381 4364 tincturas.

143 4435 252 4471 των
275 4419 325 4451 ει
352 4397 605 4485 ποίκίλας
655 4397 857 4492 βαφάς,
899 4424 1008 4476 Καὶ
1042 4397 1210 4476 πάνθ’
1243 4422 1427 4485 ἁπλῶς
1445 4462 1460 4485 9
1509 4397 1717 4491 ὅσαπερ

1834 4399 2067 4470 Denique
2092 4400 2276 4454 omnia
2305 4416 2557 4469 prorsus,
2578 4415 2699 4469 quae
2726 4397 2793 4452 ad
2816 4407 3066 4452 ornatum
3085 4408 3138 4453 et
3158 4400 3386 4453 oblecta-

136 4508 285 4581 ’πρὸς
328 4511 538 4581 κόσμου
584 4513 676 4566 καὶ
723 4513 964 4586 τέρψεως
1011 4517 1124 4568 ἐστι
1169 4514 1473 4583 γυναικῶν,
1515 4512 1621 4565 τῶν
1662 4514 1720 4564 ὲν

148 4602 312 4672 σαρκὶ
340 4602 602 4657 δεθέντων
625 4603 889 4674 δαιμόνων
922 4607 1067 4658 ἐστὶν
1094 4605 1381 4676 εὑρήματα
1401 4604 1467 4656 ⁸⁸.

136 4744 144 4787 ι
214 4700 336 4755 XV.
392 4702 487 4755 Ἐκ
530 4702 587 4755 δὲ
642 4705 741 4774 τῆς
772 4704 922 4758 νόθου
976 4704 1170 4774 μίξεως
1224 4701 1401 4756 αὐτῶν
1446 4701 1721 4772 ἄνθρωποι

144 4792 393 4860 ἐγένοντο
420 4793 583 4859 νόθοι,
619 4795 795 4866 πολλῷ
826 4813 888 4864 γε
917 4794 1023 4849 τῶν
1054 4794 1353 4866 ἀνθρώπων
1388 4792 1529 4847 κατὰ
1559 4810 1719 4863 κορυ-

136 4874 250 4954 ’φὴν
288 4884 533 4957 μείζους,
568 4885 661 4949 οὓς
688 4887 800 4939 cl"
834 4886 971 4957 μετά
1008 4884 1181 4940 ταῦτα
1213 4885 1471 4954 γίγαντας
1500 4884 1715 4954 ὠνόμα-

136 4986 265 5039 ’σαν,
301 4976 365 5028 οὐ
402 4975 822 5046 δρακοντόποδες
853 4977 1004 5040 ὄντες
1029 4979 1122 5030 καὶ
1157 4977 1290 5048 πρὸς
1323 4975 1454 5028 Θεὸν
1486 4974 1716 5045 πόλεμον

136 5064 451 5134 ίάράμενοι,
501 5064 577 5128 ὡς
619 5066 667 5117 οἱ
715 5064 1021 5137 βλάσφημοι
1067 5065 1177 5119 τῶν
1220 5065 1481 5137 Ἑλλήνων
1533 5064 1717 5135 ᾅδουσι

137 5156 311 5232 [μῦθοι
334 5196 351 5222 ,
381 5156 519 5210 ἀλλὰ
549 5156 832 5228 θηριώδεις
864 5159 955 5211 τὸν
982 5158 1203 5231 τρόπον,
1234 5159 1326 5212 καὶ
1358 5156 1578 5253 μξίζους
1618 5156 1718 5227 μὲν

1822 4490 2023 4545 tionem
2057 4491 2345 4545 mulierum
2376 4500 2641 4560 spectant,
2673 4492 2981 4547 daemonum
3024 4489 3080 4542 in
3124 4504 3287 4543 carne
3313 4490 3381 4543 li-

1744 4656 1760 4669 .
1822 4592 2073 4652 gatorum
2103 4591 2233 4637 sunt
2265 4584 2503 4638 inventa.

1892 4696 2010 4752 XV.
2055 4697 2132 4751 Ex
2161 4698 2465 4753 adulterina
2497 4704 2679 4752 autem
2723 4696 2938 4751 illarum
2992 4696 3380 4766 conjunctione

1821 4790 1933 4843 nati
1964 4800 2094 4844 sunt
2124 4790 2373 4845 homines
2396 4792 2567 4860 spurii
2586 4834 2601 4857 ,
2629 4791 2801 4846 multo
2829 4789 3144 4844 hominibus
3175 4797 3381 4843 statura

1823 4881 2080 4950 majores,
2118 4897 2258 4951 quos
2288 4891 2476 4951 postea
2523 4883 2769 4952 gigantes
2800 4881 3240 4943 nominaverunt,
3274 4896 3384 4933 non

1824 4972 2155 5042 anguipedes
2194 4983 2247 5027 et
2288 4974 2552 5028 adversus
2601 4974 2769 5027 Deum
2813 4973 3015 5026 bellum
3059 4971 3273 5036 adorti,
3324 4979 3385 5024 ut

1824 5062 2004 5131 impiae
2033 5062 2341 5118 Graecorum
2374 5064 2662 5119 decantant
2698 5063 2927 5128 fabulm,
2967 5062 3058 5115 sed
3084 5061 3181 5115 feri
3222 5062 3383 5115 mori—

1826 5152 1953 5216 bus,
1986 5161 2037 5207 et
2066 5152 2380 5208 hominibus
2419 5153 2639 5222 quidem
2674 5152 2814 5205 mole
2851 5149 3094 5219 corporis
3124 5148 3380 5218 majores,

1453 5267 1687 5323 VARLE
1718 5264 2123 5327 LECTIONES.

217 5385 263 5419 ﬂ
296 5379 591 5453 μετέϐαλον
618 5381 681 5436 C.
756 5382 804 5420 το
831 5385 962 5437 πᾶσι
996 5381 1058 5437 Ο.
1134 5382 1184 5453 τίκ
1207 5380 1432 5453 eampo.
1468 5381 1664 5453 Postea
1695 5380 1984 5453 Ac._keodem
2018 5379 2188 5453 αἰτία,
2233 5386 2294 5453 ut
2324 5378 2503 5453 voluit
2524 5378 2619 5453 S.,_
2653 5378 2827 5432 αἰτίαν
2874 5377 3108 5453 vulgo.“
3126 5376 3177 5453 ff
3204 5391 3310 5453 ενει
3336 5371 3381 5425 0

146 5444 355 5524 absque
378 5452 570 5524 spiritu
596 5460 922 5524 etac‘centu.
953 5452 997 5483 ⁷³
1029 5444 1397 5524 μετέϐαλονὈ.
1454 5450 1664 5524 7f_Vbb.
1688 5449 1956 5524 δείξαντες
1975 5454 2100 5524 τοος
2120 5444 2848 5524 ἀχαρίστους-ρθεἰέίθςιιιιιυτ
2874 5444 3020 5524 in_0.
3064 5448 3109 5481 ⁷⁵
3126 5444 3380 5524 Montium

144 5521 244 5591 τήν
340 5514 493 5591 male
524 5522 774 5575 attribuit
797 5514 1105 5578 Cotelerio:
1137 5531 1313 5576 exstat
1339 5537 1425 5591 ap.
1465 5522 1545 5591 Cl:
1620 5527 1666 5559 ⁷⁸
1689 5514 1865 5591 apes)»
1892 5519 1955 5575 C.
2005 5521 2075 5591 j'
2108 5514 2423 5591 κατέχονται
2450 5519 2519 5591 C.
2585 5517 2731 5591 “ita
2756 5517 2799 5572 0
2842 5528 2897 5591 tjl
2922 5520 2960 5572 C
3015 5514 3376 5591 φρονίμῳ

137 5580 211 5663 ἓν
338 5589 392 5641 in
423 5599 615 5663 textu:
670 5592 939 5663 "animo;
962 5592 1021 5647 (Σ.
1097 5592 1143 5663 ξο
1179 5580 1484 5663 μεγευθεῖσι
1515 5589 1614 5663 Ο.Δ
1651 5596 1695 5630 οι
1727 5589 1863 5663 μορ
1888 5605 1961 5663 _c.
1999 5588 2039 5643 S
2063 5631 2087 5663 1
2137 5580 2458 5663 παρ’ἐδωσαν
2484 5590 2543 5647 C.
2622 5589 2665 5623 δ’
2703 5588 2932 5658 μαγείας
3005 5583 3288 5648 ὑπέδειξαν
3313 5580 3374 5635 C.

136 5652 195 5732 βξ
228 5658 553 5729 ὲσθημάθων
578 5658 643 5714 Ο.
719 5661 767 5694 ⁸⁵
789 5652 1065 5733 εὑρέματα
1090 5661 1154 5721 Ο.
1179 5652 1284 5743 ’βπ
1320 5662 1370 5715 οἱ
1412 5660 1619 5719 inserui
1642 5675 1691 5718 c.
1717 5660 1782 5717 Ο.
1808 5658 1943 5716 Dein
1996 5652 2155 5714 τοῦτο
2183 5652 2247 5716 (ἶ.

467 5755 744 5827 ΡΑτιιοιι
789 5756 907 5819 Gn.
938 5758 1015 5818 ll.

3106 5749 3147 5811 8
