3894 6208
498 291 622 349 ἳὸὄ

1372 285 1430 341 S.
1469 282 1857 339 CLEMENTIS
1892 284 1912 339 l
1947 282 2111 338 RUM.
2153 280 2351 337 PONT.
2393 279 2621 336 OPERA
2655 277 2882 337 DUBIA.

3633 271 3741 327 236

497 391 685 479 utpote
720 418 786 462 ex
817 405 1023 477 angelis
1048 404 1175 471 orti,
1202 402 1409 474 angelis
1440 416 1569 458 vero
1602 401 1867 466 minores,
1896 407 1959 455 ut
1992 416 2060 455 ex

2165 398 2463 470 ἀνθρώπων
2494 398 2563 451 τὰ
2589 395 2820 468 μεγέθη,
2853 395 3082 466 ἐπείπερ
3108 394 3166 461 ἐξ
3197 392 3440 463 ἀγγέλων
3469 390 3743 460 ἐγένοντο,

495 500 715 556 feminis
744 499 934 569 geniti.
966 497 1114 553 Deus
1140 512 1270 567 ergo
1290 536 1304 561 ,
1338 509 1567 550 cernens
1600 494 1723 549 illos
1756 493 1824 547 ad
1866 492 2061 547 ferita-

494 601 602 647 tem
636 598 1017 659 exasperatos,
1047 588 1358 659 quibusque
1389 586 1455 640 ad
1486 585 1791 639 satietatem
1824 585 2063 640 mundus

492 699 605 739 non
653 682 923 739 sullieeret
955 683 1104 751 (nam
1136 681 1203 735 ad
1234 679 1518 733 hominum
1555 677 1967 748 proportionem
2010 685 2065 732 et

491 778 560 831 ad
587 791 719 830 usus
744 776 1014 829 humanos
1039 772 1294 828 conditus
1324 778 1409 824 est
1433 768 1628 838 orbis),
1660 783 1729 822 ne
1750 767 1927 821 victus
1951 767 2067 821 ino-

491 870 577 938 pia
614 868 681 922 ad
709 878 919 921 naturae
953 869 1346 934 repugnantem
1378 874 1533 915 esum
1577 858 1896 912 animalium
1929 872 2065 912 con-

493 961 629 1015 versi
662 960 905 1015 insontes
934 972 1055 1011 esse
1084 955 1419 1015 viderentur,
1453 951 1613 1021 quasi
1645 950 1699 1005 id
1729 965 1796 1006 ex
1824 949 2067 1005 necessi-

491 1060 599 1109 tate
628 1052 893 1107 auderent
918 1092 933 1115 ,
956 1049 1076 1103 illis
1109 1047 1253 1103 Deus
1285 1044 1635 1114 omnipotens
1676 1058 1879 1097 manna
1926 1041 2065 1111 pluit

486 1156 554 1195 ex
588 1141 737 1195 varia
775 1140 1109 1210 cupiditate,
1161 1147 1325 1208 atque
1359 1136 1510 1191 omni
1562 1136 1871 1191 desiderato
1912 1133 2064 1190 fruiti

486 1244 650 1301 sunt;
690 1243 745 1288 at
776 1234 876 1301 illi,
906 1234 979 1289 ob
1019 1233 1262 1303 spuriam
1298 1241 1550 1287 naturam
1595 1244 1736 1299 puro
1782 1230 1907 1284 cibo
1952 1244 2061 1284 non

483 1324 755 1389 delectati,
783 1325 959 1378 solum
982 1323 1264 1392 sanguinis
1281 1328 1497 1392 gustum
1519 1319 1860 1388 appetebant.
1880 1316 2063 1385 Quare

482 1423 537 1469 et
562 1414 722 1485 primi
755 1429 949 1470 carnes
972 1416 1351 1484 degustarum.

556 1680 695 1736 XVI.
736 1680 841 1748 Qui
871 1695 1004 1737 vero
1033 1697 1156 1737 cum
1190 1681 1298 1736 illis
1325 1681 1595 1752 degebant
1622 1682 1894 1749 homines,
1929 1692 2061 1738 tunc

2150 493 2413 561 ἀγγέλων
2443 492 2595 564 191
2621 493 2678 544 δὲ
2703 492 2976 557 ἐλάττους,
3012 488 3239 559 ἐπείπερ
3267 489 3331 539 ἐκ
3354 484 3627 554 γυναικῶν
3650 502 3747 553 γε-

2166 584 2467 654 γένηντοθδ.
2500 583 2556 635 '0
2582 579 2674 636 οὖν
2700 582 2850 644 Θεὸς,
2886 578 3040 641 εἰδὼς
3069 578 3263 640 αὐτοὺς
3296 577 3430 647 πρὸς
3448 575 3509 628 τὸ
3537 575 3747 647 θηριῶ-

2166 676 2256 738 δες
2284 674 2737 747 ἐξηγριωμένους,
2762 672 2856 726 καί
2890 671 3025 742 πρὸς
3056 671 3153 741 τὴν
3186 668 3392 721 ἐαυτῶν
3425 668 3747 740 πλησμονὴν

2164 767 2257 820 τὸν
2290 767 2490 836 κόσμον
2522 765 2621 817 οὐκ
2652 764 2872 833 ἔχοντας
2891 763 2934 794 ⁸⁷
2968 762 3085 831 (14)
3125 760 3370 830 αὐτάρκη
3423 760 3591 830 (πρὸς
3631 758 3746 827 γὰρ

2167 858 2470 929 ἀνθρώπων
2499 855 2788 923 ἀναλογίαν
2827 853 3226 925 ἐδημιουῃήθη
3266 853 3359 904 καὶ
3407 852 3602 922 χρῆσιν
3651 851 3749 902 ἀν-

2167 948 2505 1021 θρωπίνην),
2537 948 2625 1001 ἵνα
2674 948 2747 1017 μὴ
2793 945 2968 1015 ἐνδείᾳ
3003 945 3207 1016 τροφῆς
3228 944 3275 975 ⁸³
3312 942 3405 995 ἐπὶ
3446 942 3545 1012 τὴν
3588 941 3748 1012 παρά

2158 1038 2328 1112 ’φύσιν
2354 1041 2461 1093 τῶν
2490 1039 2643 1104 ζώων
2676 1037 2839 1109 βορὰν
2866 1037 3186 1108 τρεπόμενοι
3208 1035 3483 1089 ἀνεύθυνοι
3510 1034 3745 1087 δοκῶσιν

2166 1130 2327 1197 εἶναι,
2361 1133 2438 1196 ὡς
2466 1132 2533 1185 δι’
2555 1131 2799 1201 ἀνάγκην
2826 1129 2982 1182 τοῦτο
3006 1127 3414 1198 τετολμηκότες,
3446 1126 3621 1197 μάννα
3646 1127 3746 1178 αύ-

2164 1230 2278 1290 τοῖς
2302 1228 2330 1279 ὁ
2360 1224 2762 1295 παντοδύναμος
2790 1222 2921 1285 Θεὸς
2952 1220 3301 1292 ἐπὼμϐρισεν
3315 1220 3360 1253 ⁸⁸
3393 1220 3457 1272 ἐκ
3489 1218 3744 1289 ποικίλης

2166 1318 2490 1389 ἐπιθυμίας,
2542 1319 2635 1370 καὶ¹
2679 1316 2879 1379 παντὸς
2909 1311 3078 1386 οὗπερ
3123 1314 3399 1366 ἐϐούλοντο
3430 1314 3739 1385 ἀπήλαυον·

2166 1414 2214 1465 οἱ
2257 1410 2367 1463 6‘”
2398 1410 2501 1463 ὑπὸ
2533 1408 2686 1462 νόθου
2723 1408 2969 1478 φύσεως,
3010 1407 3089 1477 τῷ
3127 1406 3350 1478 καθαρῷ
3397 1407 3494 1477 τῆς
3531 1405 3746 1477 τροφῆς

2166 1504 2265 1559 οὐκ
2298 1505 2691 1577 ἀρεσκόμενοι,
2726 1504 2891 1574 μόνης
2930 1502 3027 1572 τῆς
3072 1500 3181 1554 τῶν
3214 1502 3463 1571 αἱμάτων
3498 1499 3745 1568 γεύσεως

2166 1598 2460 1667 ἐγλίχοντο.
2491 1594 2583 1655 Διὸ
2611 1595 2701 1649 καὶ
2734 1595 2939 1666 πρῶτοι
2974 1593 3189 1666 σαρκῶν
3216 1590 3527 1661 ἐγεύσαντο.

2234 1688 2374 1744 XVI.
2404 1688 2539 1742 Οἱδέ
2563 1688 2657 1741 σὺν
2679 1688 2859 1749 αὐτοῖς
2879 1686 3153 1756 ἄνθρωποι
3172 1685 3232 1737 τὸ
3250 1685 3431 1756 ὅμοιον
3447 1683 3565 1736 τότε
3586 1682 3745 1754 πρῶ-

478 1775 720 1845 primum
763 1774 907 1828 idem
953 1773 1302 1829 aemulatione
1349 1773 1498 1828 ducti
1552 1772 1818 1829 fecerunt.
1864 1775 1942 1829 Ita
1976 1777 2058 1830 vel

2163 1801 2250 1837 τον
2281 1784 2451 1835 ποιεῖν
2479 1779 2775 1853 ἐζήλωσαν.
2799 1779 2985 1842 Οὕτως
3001 1778 3109 1831 εἴτε
3134 1777 3327 1847 ἀγαθοὶ
3350 1778 3456 1830 εἴτε
3486 1777 3649 1830 κακοὶ
3675 1776 3741 1828 οὐ

482 1864 611 1918 boni
636 1864 719 1919 vel
738 1863 867 1918 mali
886 1878 992 1918 non
1018 1864 1318 1931 nascimur,
1345 1864 1437 1918 sed
1466 1864 1663 1930 ﬁmus;
1688 1874 1742 1919 et
1763 1866 2054 1921 assuefacti

2163 1874 2473 1946 γεννώμεθα
2490 1876 2555 1937 ⁹¹,
2577 1873 2709 1926 ἀλλά
2741 1871 3018 1942 γινόμεθα·
3058 1873 3150 1925 καὶ
3182 1870 3481 1933 ἐθισθέντες
3497 1869 3739 1923 δυσαποδ

480 1956 574 2010 vix
604 1955 956 2011 retrahimur.
987 1955 1158 2011 Porro
1190 1972 1315 2012 cum
1360 1957 1537 2011 brutae
1578 1958 1883 2014 animantes
1923 1970 2054 2014 tunc

2163 1966 2412 2028 σπάστως
2443 1963 2657 2035 ἔχομεν.
2690 1961 2810 2015 Τῶν
2837 1961 2892 2014 δὲ
2922 1960 3128 2029 ἀλόγων
3149 1959 3301 2024 ζώων
3318 1960 3435 2012 τότε
3456 1958 3743 2012 ἐπιλιπόν-

480 2046 796 2112 deﬁcerent,
823 2047 980 2102 nothi
1007 2047 1261 2103 homines
1290 2047 1454 2102 etiam
1502 2048 1775 2104 humanas
1821 2051 2058 2104 ederunt

482 2156 677 2198 carnes
703 2158 717 2194 :
743 2156 851 2197 non
876 2142 1021 2197 enim
1044 2142 1156 2212 jam
1186 2142 1346 2211 longe
1368 2142 1596 2197 aberant
1621 2158 1651 2197 a
1678 2142 1930 2198 violanda
1954 2159 2053 2199 sua

481 2248 668 2302 carne,
695 2235 788 2305 qui
816 2234 969 2306 prius
993 2233 1047 2288 in
1076 2233 1199 2289 aliis
1231 2232 1519 2303 speciebus
1545 2248 1768 2290 carnem
1801 2244 2055 2306 gustave-

478 2335 627 2382 rant.

464 2460 467 2471 .
549 2416 716 2471 XVII.
757 2416 862 2472 Per
897 2418 1130 2473 multum
1155 2434 1285 2474 vero
1313 2420 1635 2490 sanguinem
1668 2420 1851 2476 fusum
1885 2438 2054 2493 purus

478 2524 574 2565 aer
625 2510 841 2580 impuro
892 2510 1129 2566 fmdatus
1176 2526 1379 2581 vapore
1418 2520 1473 2567 et
1524 2513 1823 2569 insalubris
1875 2515 2055 2570 factus

478 2604 660 2673 ipsum
685 2604 957 2674 spirantes
982 2604 1219 2657 reddidit
1244 2603 1452 2659 morbis
1484 2604 1777 2669 obnoxios,
1805 2614 1866 2660 ut
1896 2606 2052 2661 dein-

478 2710 608 2765 eeps
644 2695 894 2750 homines
941 2693 1223 2749 immaturi
1256 2703 1620 2750 morerentur.
1661 2695 1827 2753 Terra
1868 2709 2052 2752 autem

478 2785 606 2841 ideo
626 2785 784 2841 valde
806 2786 1009 2856 polluta
1034 2795 1165 2840 tunc
1186 2785 1424 2855 primum
1443 2787 1701 2842 animalia
1717 2797 1978 2843 venenata
2000 2796 2055 2843 et

478 2877 735 2934 nocentia
783 2876 912 2933 fecit
961 2878 1211 2933 ebullire.
1252 2878 1486 2934 Cunctis
1516 2894 1646 2950 ergo
1682 2880 1748 2935 ad
1783 2881 2053 2937 deteriora

477 2979 706 3042 propter
727 2968 874 3025 feros
904 2970 1179 3025 daemones
1211 2972 1579 3041 vergentibus,
1610 2970 1757 3029 Deus
1786 2973 1911 3029 illos
1942 2983 2055 3029 tan-

479 3077 645 3132 quam
676 3065 880 3118 malum
906 3061 1234 3117 fermentum
1264 3063 1454 3119 tollere
1477 3064 1738 3133 decrevit,
1759 3081 1825 3122 ne
1853 3081 1883 3121 a
1906 3066 2052 3121 malo

478 3154 691 3208 semine
740 3168 837 3224 per
890 3153 1088 3209 seriem
1132 3170 1474 3224 unaquaeque
1531 3167 1663 3212 aetas
1722 3158 2049 3226 praecedenti

480 3247 807 3314 assimilata,
832 3248 1147 3317 pariterque
1171 3248 1359 3317 impia,
1388 3247 1633 3303 futurum
1662 3250 2049 3306 salvandorum

478 3338 768 3393 hominum
801 3340 1061 3394 saeculum
1090 3340 1352 3395 aboleret.
1383 3340 1728 3412 Quapropter
1756 3352 2050 3413 postquam

480 3431 580 3485 uni
605 3434 722 3487 viro
754 3432 921 3502 iusto,
950 3448 1072 3488 cum
1100 3433 1273 3488 tribus
1289 3449 1353 3488 ex
1383 3434 1475 3489 illo
1498 3434 1643 3489 natis
1666 3451 1903 3506 eumque
1925 3437 2050 3491 illo-

480 3538 607 3577 rum
648 3524 915 3581 uxoribus
946 3533 1109 3595 atque
1141 3524 1301 3589 filiis,
1351 3535 1409 3579 ut
1470 3525 1525 3579 in
1585 3541 1711 3581 arca
1756 3528 2052 3584 evaderent

479 3615 933 3683 praenuntiasset,
971 3629 1169 3684 aquam
1207 3614 1398 3669 diluvii
1423 3615 1686 3684 immisit,
1709 3626 1769 3672 ut
1792 3620 2051 3677 omnibus

489 3707 853 3776 consumptis,
872 3705 1109 3761 mundus
1139 3714 1404 3776 purgatus
1437 3707 1521 3772 ei,
1555 3708 1648 3778 qui
1680 3708 1734 3762 in
1765 3724 1892 3764 arca
1929 3726 2051 3765 ser-

475 3807 637 3855 vatus
665 3796 865 3865 fuerat,
888 3798 943 3851 in
967 3797 1266 3852 secundum
1286 3796 1413 3852 vitae
1439 3799 1695 3855 humanae
1720 3800 2049 3871 principium

478 3907 656 3962 purus
689 3890 1026 3946 redderetur.
1058 3887 1236 3960 Atque
1266 3889 1341 3945 ita
1370 3891 1571 3947 evenit.

549 4067 737 4123 XVIII.
782 4068 921 4139 Quia
965 4083 1097 4137 ergo
1134 4077 1481 4124 mortuorum
1527 4069 1807 4139 gigantum
1853 4070 2050 4125 animae

474 4160 732 4216 humanis
762 4160 1050 4214 animabus
1081 4168 1242 4215 erant
1287 4160 1547 4229 majores,
1585 4169 1645 4214 ut
1675 4176 1798 4231 qua:
1843 4176 1911 4216 ex
1954 4177 2047 4216 ra-

476 4254 627 4307 tione
655 4266 950 4320 eorporum
981 4250 1333 4317 excellerent,
1364 4259 1621 4319 tanquam
1652 4265 1853 4305 novum
1877 4266 2049 4320 genus

472 4361 679 4401 novum
711 4360 910 4399 nomen
941 4348 1290 4413 acceperunt.
1323 4340 1534 4405 Quibus
1566 4341 1952 4410 superstitibus
1989 4342 2045 4396 in

2155 2076 2284 2122 των,
2305 2059 2353 2111 οἱ
2378 2056 2521 2110 νόθοι
2548 2054 2822 2127 ἄνθρωποι
2843 2054 2935 2107 καὶ
2965 2052 3317 2125 ἀνθρωπίνων
3338 2052 3553 2125 σαρκῶν
3577 2053 3740 2120 ἐγεύ-

2160 2166 2317 2207 σαντο
2338 2151 2404 2214 ",
2435 2149 2615 2203 οὐκέτι
2644 2147 2753 2219 γὰρ
2780 2148 2962 2210 αὐτοῖς
2988 2141 3055 2217 ἦν
3080 2146 3317 2216 μακρὰν,
3338 2146 3436 2215 τὴν
3466 2147 3585 2213 ῐσην
3612 2145 3740 2197 δια-

2158 2245 2373 2315 φθεῖραι
2398 2242 2597 2308 σάρκα,
2622 2240 2883 2311 πρότερον
2912 2240 2973 2292 ὲν
3003 2239 3216 2310 ἑτέραις
3248 2240 3478 2309 μορφαῖς
3501 2237 3672 2308 αὐτῆς
3692 2237 3743 2267 ’³

2156 2334 2503 2404 γευσάμενοι.

2227 2424 2393 2479 XVII.
2434 2422 2555 2476 Ἐπὶ
2578 2422 2635 2475 δέ
2672 2424 2738 2492 τῇ
2774 2419 2940 2491 πολλῇ
2968 2419 3077 2472 τῶν
3110 2419 3355 2490 αἱμάτων
3392 2417 3543 2491 ῥύσει
3574 2419 3603 2470 ὁ
3636 2430 3741 2469 κα-

2157 2518 2320 2588 θαρὸς
2349 2516 2457 2587 ἀὴρ
2491 2514 2783 2585 ἀκαθάρτῳ
2808 2512 3166 2583 ἀναθυμιάσει
3196 2510 3441 2582 μιανθεὶς
3463 2510 3557 2562 καὶ
3584 2510 3741 2580 vos-+£-

2158 2625 2253 2670 σας
2275 2608 2401 2669 τοὺς
2422 2606 2787 2665 ἀναπνεοντας
2820 2601 2983 2654 αὐτὸν
3010 2599 3260 2662 νοσώδεις
3281 2598 3646 2671 ἀπειργάζετο
3665 2598 3737 2661 ’⁵,

2156 2700 2231 2763 ὡς
2263 2699 2390 2761 τοὺς
2423 2696 2742 2767 ἀνθρώπους
2776 2694 2961 2746 λοιπὸν
2994 2692 3205 2764 ἀώρους
3238 2692 3619 2761 ἀποθνήσκειν.
3669 2690 3738 2742 Ἦ

2155 2790 2211 2843 δὲ
2261 2789 2334 2859 γῆ
2385 2790 2448 2840 ἐκ
2487 2786 2690 2840 τούτων
2728 2784 2883 2854 192
2921 2783 3125 2855 σφόδρα
3177 2782 3462 2854 μιανθεῖσα
3518 2781 3739 2851 πρῶτον

2154 2887 2274 2939 τότε
2306 2883 2375 2937 τά
2412 2882 2590 2936 ίοϐόλα
2622 2882 2716 2934 καὶ
2748 2877 3054 2951 λυμαντικά
3088 2876 3204 2941 ζῶα
3244 2875 3559 2947 ἐξέϐρασεν.
3610 2874 3738 2927 Τῶν

2154 2974 2247 3032 οὖν
2268 2977 2485 3031 πάντων
2519 2975 2655 3045 πρὸς
2686 2973 2748 3025 τὸ
2772 2975 2953 3044 χεῖρον
2983 2968 3347 3041 χωρησάντων
3374 2967 3462 3021 διὰ
3492 2966 3617 3030 τοὺς
3646 2966 3740 3037 an.

2158 3067 2368 3140 ριώδεις
2400 3066 2676 3137 δαίμονας,
2705 3066 2733 3117 ό
2755 3062 2886 3125 Θεὸς
2919 3061 3115 3123 αὐτοὺς
3146 3059 3335 3130 ῶσπερ
3355 3057 3531 3127 κακὴν
3554 3056 3739 3128 ζύμην

2155 3159 2356 3225 ἐξελεῖν
2389 3156 2722 3220 ἐῦουλεύετο,
2749 3154 2836 3207 ἴνα
2863 3152 2935 3223 μὴ
2963 3149 3071 3203 ἀπὸ
3104 3150 3313 3220 σπορᾶς
3342 3148 3517 3218 κακῆς
3534 3146 3580 3178 ⁸⁸
3610 3146 3739 3199 κατ’

2152 3251 2468 3307 ἀκολουθίαν
2515 3249 2719 3319 ἑκάστη
2770 3243 2932 3315 γενεὰ
2979 3245 3045 3314 τῇ
3098 3242 3204 3312 πρὸ
3247 3241 3415 3310 αὐτῆς
3446 3238 3735 3310 ἐξομοιου-

2156 3346 2290 3418 μένη
2311 3384 2327 3409 ,
2356 3343 2558 3414 ὁμοίως
2589 3339 2882 3401 ἀσεϐοῦσα,
2915 3336 3009 3389 τὸν
3054 3334 3311 3405 ἐσόμενον
3356 3332 3525 3385 αἰῶνα
3560 3330 3737 3394 σωζοο

2156 3439 2331 3510 μένων
2359 3432 2567 3505 ἀνδρῶν
2600 3431 2834 3504 κενώσῃ.
2872 3428 3077 3482 Τούτου
3110 3426 3173 3498 δὴ
3207 3425 3389 3510 ἕνεκεν
3414 3423 3492 3477 ἐνί
3523 3440 3630 3476 τινι
3664 3423 3739 3476 δι-

2152 3532 2291 3601 καίῳ
2324 3527 2461 3600 μετὰ
2490 3526 2599 3579 τῶν
2629 3525 2687 3591 ἐξ
2721 3522 2886 3577 αὐτοῦ
2918 3521 3104 3592 τριῶν,
3142 3520 3238 3571 σὺν
3269 3494 3389 3581 ζαῖς
3418 3515 3598 3569 αὐτῶν
3628 3532 3736 3583 γυ·-

2152 3623 2343 3689 ναιξὶν,
2394 3621 2511 3689 ἅμα
2561 3620 2672 3680 τοῖς
2717 3615 2935 3678 υίοῖς⁹⁸,
2984 3615 3041 3666 ἐν
3086 3611 3314 3684 λάρνακι
3366 3605 3735 3671 διασώζεσθαι

2152 3711 2517 3787 προαγγείλας
2550 3708 2694 3779 ὓδωρ
2741 3710 2822 3770 εἰς
2854 3704 3237 3775 κατακλυσμὸν
3281 3700 3608 3764 ἐπέκλυσεν,
3640 3699 3733 3753 ἵνα

2152 3809 2368 3862 πάντων
2423 3802 2804 3859 ἀναλωθέντων
2866 3803 2895 3852 ό
2957 3798 3160 3869 κόσμος
3210 3790 3738 3864 κατεκκαθαρισθεὶς

2152 3898 2299 3970 αὐτῷ
2334 3897 2411 3969 τῷ
2454 3898 2511 3950 ἐν
2553 3895 2786 3965 λάρνακι
2830 3889 3148 3945 διασωθέντι
3184 3888 3265 3949 είς
3310 3884 3567 3955 δευτέραν
3611 3882 3740 3953 βίον

2150 3992 2322 4063 ἀρχὴν
2356 3986 2594 4060 καθαρὸς
2626 3984 2884 4055 ἀποδοθῇ,
2920 3982 3032 4035 Καὶ
3065 3980 3127 4050 δὴ
3161 3977 3333 4040 οὕτως
3366 3976 3601 4044 ἐγένετο.

2220 4081 2407 4136 XVIII.
2458 4080 2612 4133 Ἐπεὶ
2643 4072 2735 4130 οὗν
2762 4076 2818 4128 αἱ
2851 4073 2961 4126 τῶν
2990 4068 3301 4124 τεθνεώτων
3324 4068 3594 4137 γιγάντων
3622 4065 3731 4136 ψυ-

2149 4175 2243 4247 χαὶ
2270 4173 2377 4227 τῶν
2412 4169 2769 4242 ἀνθρωπίνων
2787 4167 2830 4197 ’⁷
2864 4162 3051 4234 ψυχῶν
3088 4159 3305 4247 pasco;
3335 4155 3494 4230 ἦσαν,
3532 4158 3626 4211 ἅτε
3662 4156 3731 4228 δὴ

2151 4226 2239 4247 IV”
2288 4226 2291 4227 '
2519 4226 2529 4242 I
2879 4226 2889 4234 '
2943 4226 2974 4233 "
3089 4226 3101 4231 ‘
3360 4226 3370 4230 '
3716 4226 3729 4228 '

2149 4268 2244 4321 καὶ
2295 4267 2406 4328 τοῖς
2455 4261 2701 4332 σώμασιν
2734 4257 3129 4328 ὑπερέχουσαι,
3170 4226 3313 4315 ῶςθδ
3355 4249 3539 4304 καινὸν
3571 4248 3740 4317 γένος

2150 4357 2324 4429 καινῷ
2374 4356 2468 4409 καὶ
2512 4353 2590 4423 τῷ
2630 4351 2855 4421 ὀνόματι
2891 4343 3427 4419 προσηγορεύθησαν.
3464 4334 3557 4404 Οἷς
3601 4342 3732 4393 ἐπι-

474 4439 701 4505 mundo,
733 4451 842 4506 quo
864 4435 1028 4489 modo
1054 4434 1343 4488 vivendum
1367 4475 1381 4499 ,
1433 4448 1464 4488 a
1507 4432 1618 4489 Deo
1652 4450 1748 4503 per
1792 4435 2043 4505 angelum

2163 4452 2355 4513 \OIﬁOtg
2386 4448 2465 4518 τῷ
2496 4446 2682 4515 κόσμῳ
2716 4443 2791 4505 ὡς
2823 4441 2904 4494 δεῖ
2936 4438 3107 4507 βιοῦν,
3142 4434 3249 4489 ὑπὸ
3288 4434 3424 4487 Θεοῦ
3454 4433 3523 4486 δι’
3554 4432 3733 4501 ἀγγέ-

475 4532 686 4586 sancita
708 4538 793 4583 est
817 4529 923 4582 lex.
951 4526 1090 4581 Cum
1126 4527 1271 4580 enim
1303 4533 1487 4580 essent
1513 4541 1708 4595 genere
1739 4528 1947 4597 spurii,
1977 4544 2045 4583 ex
2077 4525 2079 4528 ’

2163 4563 2237 4600 κου
2281 4542 2443 4613 νόμος
2495 4538 2725 4610 ὡρίσθη.
2786 4537 2979 4597 Ὄντες
3025 4531 3134 4603 γὰρ
3184 4526 3436 4597 νόθοιτῷ
3466 4526 3613 4595 γένει
3662 4525 3733 4578 ἐκ

475 4623 600 4694 igne
636 4622 951 4692 angelorum
982 4628 1036 4674 et
1068 4618 1362 4673 mulierum
1389 4619 1677 4688 sanguine,
1696 4624 1751 4673 et
1775 4620 1899 4675 ideo
1928 4636 2052 4691 pro-

2163 4640 2316 4712 rt-upb;
2350 4634 2592 4704 ἀγγέλων
2620 4632 2713 4685 καὶ
2741 4630 2969 4700 αἵματος
3000 4623 3293 4695 γυναικῶν,
3329 4623 3422 4675 καὶ
3452 4618 3733 4712 6ιάεοῦτο

476 4716 659 4786 prium
703 4713 978 4783 quoddam
1028 4724 1201 4781 genus
1242 4718 1427 4765 essent
1473 4712 1819 4780 concupituri
1847 4753 1861 4777 ,
1902 4713 2051 4781 justa

2163 4709 2281 4785 ἰδίου
2314 4728 2457 4789 τινὸς
2488 4725 2676 4794 γένους
2726 4720 3009 4789 ἐπιθυμεῖν
3046 4716 3357 4787 μέλλοντες,
3388 4709 3581 4780 δικαίῳ
3616 4710 3733 4762 τινὶ

481 4809 663 4877 aliqua
697 4807 813 4875 lege
841 4801 1204 4874 praeoccupati
1252 4811 1399 4856 sunt.
1445 4800 1646 4857 Missus
1685 4804 1829 4857 enim
1865 4806 1930 4858 ad
1957 4821 2054 4859 eos

2163 4820 2571 4895 προελήφθησαν
2620 4817 2785 4886 νόμῳ.
2865 4809 3207 4881 Ἐξεπέμφθη
3240 4807 3349 4879 γὰρ
3391 4806 3574 4866 αὐτοῖς
3620 4803 3733 4855 ὑπὸ

1782 4999 2016 5055 VARle
2048 4997 2451 5057 LECTIONES.

548 5124 593 5189 ει
616 5117 939 5189 γεγέννηντο
966 5117 1031 5174 0.
1107 5120 1153 5153 ⁸⁷
1173 5116 1248 5173 Ita
1277 5113 1514 5189 correxit
1527 5112 1580 5189 β
1610 5153 1626 5179 ,
1655 5126 1811 5189 ciuus
1827 5112 1964 5189 _cotl_.
1998 5112 2231 5183 ἔχοντες,
2261 5122 2321 5189 ut
2437 5183 2448 5189 _
2484 5108 2533 5189 ”_
2565 5107 2641 5189 Ita
2669 5106 2789 5162 dedi
2814 5122 2878 5161 ex
2910 5103 3142 5189 C9PI90';
3175 5099 3358 5189 955‘}
3377 5098 3606 5189 τρίζίξῗῖξ
3632 5094 3681 5189 2
3709 5137 3731 5160 ν

477 5189 534 5242 ἐν
557 5166 1138 5259 διάτροιρῇΊάῗΡοειθει
1161 5166 1493 5275 τραπόμενοι
1614 5166 1625 5179 ’
1659 5184 1703 5213 89
1721 5166 1796 5236 Ita
1825 5182 1881 5236 S.
1909 5166 2059 5237 Iden?
2080 5194 2164 5238 est
2337 5181 2399 5235 0i
2434 5178 2804 5249 ὲπώνϐρησεν,
2832 5193 2919 5301 38.
2946 5177 2987 5228 C
3013 5166 3379 5257 ’ἐπόνὸρισει
3398 5166 3426 5255 ’⁷
3458 5169 3507 5253 ’ξ
3529 5167 3607 5248 Ita
3638 5166 3678 5220 S
3707 5207 3725 5229 ν

477 5261 574 5301 nm‘
600 5260 640 5301 (ἶ
699 5257 761 5301 n_
823 5262 867 5296 οι
895 5262 993 5301 ῆιίγ
1022 5257 1365 5301 ἑνευνωηεθα
1388 5256 1446 5301 C-
1525 5256 1571 5287 9'
1600 5252 1881 5301 ἐγεύσοντο
1907 5252 1965 5301 S.
1994 5252 2130 5301 Tum
2160 5255 2291 5301 ἰδίαν
2313 5268 2365 5301 n.
2402 5252 2520 5301 ἴσην
2545 5251 2605 5301 C.
2682 5251 2728 5283 9'
2751 5247 2828 5301 Ita
2952 5260 3001 5299 c.
3040 5242 3078 5297 S
3109 5284 3122 5301 ,
3158 5257 3339 5301 αυτοις
3376 5240 3438 5293 (λ.
3475 5237 3725 5291 δυὺιηὰθ

473 5237 774 5326 δίθζὍῖ
1388 5256 1447 5310 C.
1492 5252 1881 5330 -⁹²ἐγεύσοντο
1992 5237 2136 5330 Turn
2153 5237 2291 5330 16to
2313 5268 2365 5330 p_.
2402 5252 2520 5319 ἴσην
2545 5237 2634 5330 Cl.
2677 5237 2728 5283 '9‘
2751 5237 2846 5330 Itan
2860 5237 2904 5301 Ο
2952 5260 3001 5299 οο
3025 5242 3078 5325 .S
3109 5284 3123 5330 τ
3158 5237 3729 5330 αῇῖοξξ-ρςμδυὲξξξξεξ

472 5309 831 5401 γευσαμένοις
861 5309 1441 5401 (Ξῖ-’θίν’άπειρίγάζετο
1576 5309 1670 5401 0'A
1705 5312 2158 5401 anegydcero
2234 5325 2280 5401 θεξ
2314 5309 2426 5401 Vo;
2478 5309 2653 5389 κακῆς
2712 5333 2743 5372 a
2930 5312 3505 5401 omissar‘in

698 5380 996 5465 “fatisci;
1028 5380 1232 5457 (Σίν-Ἠ
1251 5380 1599 5453 ἀνθρωπείων
1631 5380 1694 5447 0.
1772 5380 1955 5457 ουἐἱυξ
1976 5394 2041 5449 0.
2076 5395 2218 5449 Idem
2249 5394 2444 5449 deinde
2473 5380 2920 5460 προσηγορεύθης
2947 5380 3028 5447 οἷς
3053 5381 3342 5453 ἐπηλύτοις
3389 5380 3509 5434 sine
3545 5380 3725 5433 inter-

472 5473 789 5541 punctione.

1780 5578 2144 5636 VARIORUM
2178 5576 2407 5632 NOTAL'.

535 5682 657 5753 (IL)
692 5684 813 5736 Οὐκ
838 5682 1098 5750 ἔχοντες.
1115 5677 1362 5753 ⁸ἰῆτο-οὑκ
1395 5675 1635 5746 ἔχοντας.
1659 5672 1864 5753 Vitium
1886 5672 2042 5753 c_al_li-
2146 5669 2432 5753 disseritur
2460 5662 3334 5753 deabstinentiaaAearnibusliet
3352 5666 3726 5715 adnectunt!!!

470 5729 828 5825 -gr§i)i.'i,'xfdh
840 5729 1313 5822 ἱὲῥὸέὲεἶριῐίῖεί
1343 5729 1494 5803 ωοῗο
1516 5729 1715 5818 ~autem
1742 5743 2042 5800 Ebionitice
2149 5742 2343 5797 fabulae
2363 5751 2590 5810 cognitae
2611 5738 2766 5809 juxta
2793 5752 2856 5793 ac
2877 5734 3184 5806 incognitae.
3222 5729 3361 5793 Cor.
