3894 6208
197 275 299 331 257

1237 269 1706 345 οιιειιεΝτιΝΑ.
1741 301 1812 312 -
1845 236 2143 326 uomuit"
2168 270 2303 327 vm.

3347 277 3465 357 εδει

196 390 290 443 τοῦ
317 384 455 442 Θεοῦ
474 388 521 424 ⁹⁴⁵
550 388 778 457 ἄγγελός
811 405 895 452 τις
916 428 932 453 ,
977 388 1077 460 τὴν
1108 386 1275 442 αὑτοῦ
1325 387 1526 458 ,βουλὴν
1564 386 1768 458 μηνύωι

1884 393 1969 440 est
1994 401 2024 441 a
2057 384 2168 441 Deo
2194 385 2418 456 quidam
2448 385 2695 459 angelus,
2726 386 2875 444 illius
2908 388 3243 445 voluntatem
3265 386 3462 447 decla;

196 482 291 536 καὶ
322 481 518 549 λέγων·

265 574 411 628 XIX.
453 574 593 629 Τάδε
633 574 782 628 δοκεῖ
824 573 902 645 τῷ
954 573 1311 644 παντεπόπτῃ
1348 571 1467 641 Θεῷ
1490 611 1505 635 ,
1556 571 1782 642 μηδενὸς

191 665 500 738 ἀνθρώπων
527 666 673 736 ὑμᾶς
698 665 994 737 κυριεύειν,
1024 664 1157 737 μηδέ
1184 664 1538 736 παρενοχλεῖν
1571 662 1779 734 μηδενὶ,

190 760 288 813 ἐάν
336 761 413 830 μή
467 775 551 821 τις
584 756 724 810 ἑκὼν
773 757 962 810 ἐαυτὸν
995 757 1122 827 ὑμῖν
1164 754 1584 827 καταδουλώσῃ,
1625 752 1781 823 193

188 849 518 922 προσκυνῶν
567 849 713 919 ὑμᾶς
766 848 858 901 καὶ
907 847 1047 900 θύων
1097 847 1192 900 καὶ¹
1242 846 1486 899 σπένδων
1539 847 1632 898 καὶ
1680 844 1782 913 τῆς

188 941 471 1012 ὑμετέρας
503 939 934 1011 μεταλαμϐάνων
974 936 1256 1010 τραπέζης
1278 980 1292 1001 ,
1322 937 1356 1007 ἦ
1386 936 1574 1009 ἕτερόν
1605 953 1658 988 τι
1704 928 1780 989 ὧν

183 1033 246 1085 οὐ
280 1033 394 1104 χρὴ
427 1031 684 1095 ἐκτελῶν,
719 1030 753 1101 ἢ
795 1024 934 1101 αἷμα
969 1030 1129 1100 χέων,
1157 1029 1191 1100 ἢ
1227 1028 1447 1099 σαρκῶν
1479 1027 1686 1098 νεκρῶν
1710 1027 1779 1059 ¹⁰⁶

184 1126 508 1196 γεύομενος,
543 1125 577 1197 ἦ
619 1124 808 1197 θηρίου
849 1122 1105 1193 λειψάνου
1153 1125 1190 1193 ἢ
1240 1121 1449 1193 τμητοῦ
1484 1121 1517 1192 ἢ
1552 1120 1777 1174 πνικτοῦ

185 1219 220 1289 ἢ
265 1220 430 1273 ἀλλου
463 1218 615 1282 τινὸς
673 1218 985 1290 ἀκαθάρτου
1032 1216 1448 1289 ἐμπιπλάμενος
1472 1217 1511 1270 ¹.
1559 1216 1678 1270 Τῶν
1720 1216 1777 1269 δὲ

186 1311 337 1381 νόμῳ
367 1309 488 1381 ἐμῷ
512 1309 961 1381 προσφευγόντων
991 1308 1053 1362 οὐ
1089 1307 1253 1378 μόνον
1278 1307 1340 1360 οὐ
1360 1306 1618 1377 ψαύσετε,
1641 1305 1779 1361 ἀλλὰ

187 1404 281 1454 xa‘t
313 1401 485 1472 τιμὴν
515 1399 751 1464 δώσετε,
786 1398 880 1452 καὶ
916 1400 981 1452 ἐκ
1018 1395 1313 1478 προσώπου
1348 1396 1608 1466 φεύξεσθε
1628 1398 1671 1450 ⁸.
1709 1397 1776 1450 Ὅ

182 1510 236 1545 τι
268 1492 382 1563 γάρ
408 1492 475 1546 ἂν
505 1492 689 1555 αὐτοῖς
716 1489 944 1554 δικαίοις
972 1484 1095 1546 οὖσι
1125 1488 1245 1541 καθ’
1277 1487 1430 1559 ὑμῶν
1450 1488 1605 1560 δοκῇ,
1628 1487 1774 1543 τοῦθ’

1884 491 2035 543 rans,
2062 476 2149 532 his
2172 478 2355 533 verbis
2381 495 2394 530 :

1955 567 2096 623 XIX.
2137 567 2266 624 Haec
2296 569 2410 625 visa
2444 579 2573 626 sunt
2598 571 2842 626 omnium
2879 571 3172 642 inspectori
3199 571 3329 639 Deo,
3354 588 3454 629 vos

1883 658 1939 713 in
1968 661 2242 717 neminem
2275 663 2564 718 hominum
2615 664 2914 732 dominari,
2963 681 3141 736 neque
3186 667 3285 721 ulli
3328 682 3451 721 mo-

1880 751 2094 808 lestiam
2130 753 2357 820 inferre,
2395 756 2503 810 nisi
2533 757 2658 827 quis
2684 757 2875 813 volens
2905 774 2964 814 se
2990 760 3147 815 vobis
3176 760 3232 814 iu
3278 759 3455 815 servi-

1880 852 2052 900 tutem
2085 845 2338 915 subjecit,
2368 847 2605 903 adorans
2642 863 2762 913 vos,
2792 858 2846 904 et
2891 851 3206 907 sacriﬁcans
3228 890 3245 916 ,
3286 861 3341 908 et
3382 852 3453 907 li-

1879 937 2040 1003 bans,
2070 946 2126 994 et
2146 947 2342 995 vestrae
2366 955 2537 995 caena:
2560 941 2853 1010 particeps,
2876 951 2973 996 aut
2992 942 3271 1012 quidpiam
3298 943 3451 999 aliud

1879 1029 2026 1098 quod
2056 1044 2167 1084 non
2187 1029 2379 1086 deceat
2403 1030 2711 1101 perﬁciens,
2734 1032 2819 1086 vel
2851 1030 3086 1087 fundens
3105 1033 3452 1103 sanguinem,

1877 1122 1963 1178 vel
1981 1121 2213 1192 gustatis
2225 1122 2458 1177 mortuis
2470 1123 2749 1190 carnibus,
2763 1123 2848 1178 vel
2861 1122 2986 1179 ferae
3001 1125 3265 1194 reliquiis,
3280 1138 3452 1194 secto,

1880 1212 2166 1278 suﬂ‘ocato,
2180 1220 2276 1266 aut
2291 1213 2398 1267 alio
2419 1211 2703 1269 immundo
2719 1216 2977 1285 repletus.
2996 1215 3103 1271 Eos
3119 1232 3248 1272 vero
3267 1217 3356 1289 qui
3382 1218 3452 1273 ad

1876 1304 2048 1374 legem
2088 1318 2262 1359 meam
2295 1302 2640 1375 confugiunt,
2688 1319 2797 1360 non
2836 1307 2999 1362 modo
3038 1322 3148 1363 non
3193 1309 3451 1381 tangetis,

1876 1395 1973 1451 sed
2006 1405 2061 1450 et
2098 1395 2310 1451 honore
2349 1396 2625 1451 donabitis
2646 1437 2662 1463 ,
2690 1407 2746 1451 et
2781 1412 2965 1453 coram
2998 1397 3237 1469 fugietis.
3264 1399 3452 1467 Quod-

1876 1502 2094 1557 cunque
2120 1488 2268 1543 enim
2293 1487 2449 1558 ipsis,
2474 1496 2661 1558 utpote
2680 1487 2867 1558 justis,
2892 1498 3080 1545 contra
3105 1505 3205 1545 vos
3230 1492 3453 1560 placue-

184 1585 330 1655 ὑμᾶς
356 1583 537 1654 δεήσει
567 1583 777 1637 παθεῖν.
812 1581 938 1636 Ἐάν
966 1581 1024 1634 δέ
1054 1597 1201 1644 τινες
1224 1579 1332 1634 τῶν
1350 1581 1369 1612 ⁸
1401 1580 1526 1651 ἐμοὶ
1556 1596 1768 1653 προκει-

1875 1578 1966 1645 rit,
2024 1578 2079 1634 id
2124 1593 2221 1634 vos
2271 1594 2496 1635 necesse
2530 1579 2637 1635 erit
2667 1580 2800 1649 pati.
2838 1580 2995 1645 Quod
3031 1582 3077 1637 si
3107 1583 3355 1637 nonnulli
3381 1597 3452 1639 ex

185 1675 365 1744 μένων
400 1673 805 1746 ἐξαμάρτωσιν,
837 1672 872 1744 ἢ
908 1671 1333 1744 μοιχευσάμενοι
1355 1668 1437 1739 δὴ
1475 1670 1768 1742 μαγεύσαν-

1875 1670 2005 1735 illis,
2017 1670 2112 1741 qui
2136 1670 2270 1725 mihi
2298 1670 2598 1739 adhaerent,
2619 1670 2944 1737 aberrarint,
2957 1673 3041 1728 vel
3057 1674 3449 1739 adulterantes,

180 1727 270 1829 τες
303 1766 338 1836 ἢ
376 1727 704 1837 άὶαθάρτως
725 1727 1036 1835 βιώσαντεέ
1066 1763 1099 1835 ἢ
1143 1727 1271 1818 ἄλλο
1299 1778 1355 1814 τι
1530 1727 1654 1833 ἐμοὶ
1696 1762 1768 1833 μὴ

1875 1761 1958 1816 vel
1992 1762 2229 1832 magiam
2269 1770 2620 1828 exercentes,
2658 1762 2746 1818 vel
2788 1763 3002 1834 impure
3040 1765 3318 1835 viventes,
3362 1769 3451 1823 vel

179 1856 484 1910 δοκούντων
518 1858 842 1928 πράξαντες,
874 1856 997 1910 τότε
1043 1855 1103 1922 ἐξ
1144 1853 1289 1927 ἐμῆς
1333 1852 1634 1917 κελεύσεως
1667 1853 1768 1906 πά-

1875 1854 2081 1923 aliquid
2109 1853 2259 1909 aliud
2304 1869 2498 1910 eorum
2536 1868 2659 1924 quae
2697 1855 2832 1909 mihi
2870 1856 3160 1925 displicent
3210 1860 3448 1928 operati,

182 1968 336 2020 qam
379 1967 433 2002 τι
480 1950 678 2012 αὐτοὺς
710 1949 799 2019 ὑφ’
830 1948 983 2020 ὑμῶν
1014 1946 1049 2018 ἢ
1080 1947 1171 2017 ὑφ’
1208 1944 1414 2019 ἐτέρων
1455 1944 1656 2016 δεήσει·
1690 1938 1768 2008 οἷς

1875 1954 2004 2001 tunc
2032 1946 2325 2016 oportebit,
2356 1954 2420 2001 ut
2450 1946 2553 2017 ipsi
2579 1961 2647 2001 ex
2668 1943 2826 2012 jussu
2856 1940 2979 2001 meo
3006 1946 3214 2017 aliquid
3240 1948 3449 2018 patian-

180 2042 275 2093 καὶ
312 2042 735 2113 μετανοήσασιν,
768 2039 867 2111 τὴν
902 2038 1189 2110 μετάνοιαν
1213 2037 1426 2110 κρίνας,
1462 2033 1573 2088 εἴτε
1605 2034 1768 2101 άξία⁸

1875 2046 1961 2093 tur
1989 2045 2084 2092 aut
2115 2053 2142 2091 a
2180 2038 2356 2104 vobis,
2400 2047 2495 2093 aut
2523 2039 2594 2094 ab
2617 2040 2760 2095 aliis.
2802 2037 3013 2105 Quibus
3041 2048 3097 2094 et
3135 2040 3451 2110 paenitenti-

179 2134 295 2185 ἐστὶ
350 2130 681 2202 συγγνώμης
711 2130 822 2186 εἴτε
853 2132 947 2184 καὶ
979 2129 1074 2195 οὓ,
1110 2129 1211 2200 τὴν
1237 2129 1511 2199 ἀπόφασιν
1546 2128 1768 2198 ποιήσο-

1875 2129 1999 2195 bus,
2037 2129 2415 2201 paenitentiam
2441 2130 2774 2200 ponderans,
2803 2146 2870 2184 an
2896 2145 2961 2185 ea
2992 2130 3209 2186 veniam
3235 2146 3450 2187 merca-

183 2242 303 2294 μαι.
341 2222 532 2277 Ταῦτα
565 2218 658 2278 οὖν
697 2221 1056 2296 μκημονεύειν
1102 2222 1197 2276 καὶ
1241 2224 1416 2275 ποιεῖν
1441 2221 1462 2253 ⁸
1494 2219 1767 2291 ὀφείλετε,

1880 2230 1970 2276 tur
1991 2236 2093 2277 nec
2121 2236 2220 2289 ne,
2250 2221 2574 2276 sententiam
2604 2221 2990 2292 pronuntiabo.
3024 2219 3151 2277 Haec
3195 2237 3328 2295 ergo
3356 2239 3449 2279 re-

177 2316 236 2374 εὖ
271 2320 512 2383 εἰδότες,
542 2320 627 2372 ὅτι
658 2319 780 2372 οὐδὲ
816 2319 873 2373 αἱ
906 2316 1233 2389 ἐνθυμήσεις
1264 2316 1420 2389 ὑμῶν
1453 2315 1635 2371 λαθεῖν
1665 2314 1768 2368 αὐ-

1875 2318 2071 2373 ducere
2108 2317 2163 2371 in
2196 2316 2516 2372 memoriam
2541 2326 2595 2373 et
2620 2316 2800 2373 facere
2818 2317 3048 2385 debetis,
3070 2318 3240 2388 probe
3268 2319 3447 2390 gnari,

178 2414 270 2466 τὸν
306 2413 651 2484 δυνήσονται.

1875 2410 2015 2481 quod
2045 2424 2146 2465 nec
2167 2408 2521 2480 cogitationes
2551 2418 2745 2465 vestrae
2774 2425 2899 2467 eum
2928 2409 3101 2466 latere
3127 2420 3408 2482 poterunt.

249 2503 373 2558 XX.
408 2503 647 2556 Τοιαῦτα
677 2501 1225 2575 παρακελευσάμενος
1251 2501 1435 2563 αὐτοῖς
1473 2500 1501 2551 ὁ
1536 2497 1767 2568 ἄγγελος

1940 2501 2060 2557 XX.
2091 2501 2219 2557 Haec
2251 2509 2541 2572 postquam
2572 2502 2681 2558 illis
2720 2503 2986 2558 suasisset
3008 2503 3256 2574 angelus,
3280 2505 3441 2560 abiit.

178 2596 498 2669 ἀπηλλάγη.
544 2594 732 2666 Ὑμεῖς
763 2594 819 2649 δὲ
851 2594 933 2647 ἐτι
963 2594 1150 2648 τοῦτον
1182 2594 1427 2662 ἀγνοεῖτε
1454 2592 1545 2645 τὸν
1578 2592 1763 2663 νόμον,

176 2689 258 2741 ὅτι
292 2685 615 2759 προσκυνῶν
646 2704 730 2750 τις
759 2686 1014 2757 δαίμονας
1039 2685 1073 2756 ἦ
1106 2685 1248 2740 θύων
1279 2685 1313 2757 ἢ
1345 2684 1621 2757 τραπέζης
1667 2686 1766 2739 αύ-

1875 2687 1999 2742 colit
2033 2687 2329 2751 daemones,
2362 2685 2448 2740 vel
2478 2686 2777 2753 sacriﬁcat,
2819 2686 2905 2741 vel
2930 2701 3056 2742 cum
3098 2686 3210 2741 illis
3251 2702 3446 2745 mensa

176 2784 289 2843 τοῖς
329 2778 925 2843 κοινωνῶψὺπόδουλος
977 2778 1160 2842 αὐτοῖς
1190 2778 1496 2848 γενόμενος,
1544 2778 1619 2840 ὡς
1662 2776 1767 2830 ὑπὸ

1875 2780 2259 2846 communicat,
2292 2777 2396 2833 sub
2425 2779 2741 2834 servitutem
2767 2793 2961 2834 eorum
2998 2779 3277 2847 redactus,
3314 2789 3444 2835 tan-

177 2872 371 2926 κακῶν
397 2870 673 2925 δεσποτῶν
705 2870 885 2943 πάσης
910 2870 1009 2942 τῆς
1042 2870 1101 2936 ἐξ
1130 2870 1306 2924 αὐτῶν
1343 2870 1558 2941 μεθέξει
1590 2883 1765 2941 τιμω-

1875 2887 2031 2941 quam
2062 2887 2092 2926 a
2123 2871 2280 2926 malis
2308 2870 2548 2927 dominis
2577 2886 2769 2927 omnes
2800 2886 2865 2927 ex
2896 2872 3006 2928 illis
3046 2871 3186 2928 feret
3211 2876 3442 2944 'pmnas.

182 2966 328 3036 ρίας”
366 2969 461 3017 καὶ
482 2963 571 3017 διὰ
599 2965 699 3034 τὴν
732 2963 954 3032 ἄγνοιαν
981 2962 1185 3034 ταύτην
1208 2965 1321 3026 τοῖς
1348 2964 1526 3017 αὐτῶν
1561 2964 1766 3034 βωμοῖς

1875 2964 1935 3020 Et
1964 2972 2183 3035 propter
2229 2965 2371 3019 hanc
2416 2964 2805 3035 ignorantiam,
2834 2964 2928 3035 qui
2976 2966 3045 3021 ad
3086 2981 3276 3022 eorum
3315 2983 3444 3025 aras

176 3058 624 3130 προσφθαρέντες
670 3058 766 3110 καὶ
797 3056 975 3111 αὐτῶν
1016 3056 1462 3128 ἐκπληρωθέντες
1509 3057 1614 3110 ὑπὸ
1662 3056 1763 3129 τὴν

1875 3057 2172 3128 perniciose
2198 3058 2510 3114 accessistis
2538 3066 2703 3129 atque
2732 3058 2801 3113 iis
2828 3058 3027 3128 expleti
3057 3060 3213 3128 estis,
3255 3060 3443 3117 venis-

177 3151 367 3204 αὐτῶν
412 3149 573 3222 194
602 3148 850 3214 ἐξουσίαν
894 3148 1177 3218 γεγόνατε,
1234 3149 1328 3202 καὶ
1373 3150 1536 3202 παντὶ
1576 3147 1762 3220 τρόπῳ

1875 3151 1932 3207 Lis
1948 3150 2052 3206 sub
2068 3155 2256 3206 eoru'm
2271 3157 2597 3220 potestatem
2620 3168 2633 3204 :
2657 3158 2845 3205 etcum
2859 3164 3089 3222 corpora
3110 3154 3257 3207 omni
3270 3155 3435 3211 modo

178 3241 534 3314 ὑϐριζόμενοι
575 3240 646 3294 τὰ
678 3238 906 3311 σώματα
950 3242 1216 3309 ἀγνοεῖτε.
1264 3239 1479 3293 Είδέναι
1519 3238 1577 3293 δὲ
1617 3240 1763 3310 ὑμᾶς

1875 3242 2065 3299 iuerint
2083 3244 2426 3298 contumelia:
2448 3243 2681 3313 objecta,
2697 3244 2941 3299 nescitis.
2968 3243 3120 3300 Scire
3144 3253 3323 3300 autem
3341 3262 3442 3302 vos

1874 2593 1979 2650 Vos
2010 2602 2193 2649 autem
2239 2593 2418 2649 adhuc
2448 2593 2598 2648 illam
2639 2594 2904 2665 ignoratis
2944 2595 3141 2666 legem,
3173 2596 3319 2665 quod
3348 2596 3446 2667 qui
3530 2642 3535 2647 .

175 3340 288 3409 χρὴ
320 3339 406 3390 ὃτι
451 3334 753 3400 ούδενὸςσοί
783 3334 1034 3406 δαίμονες
1078 3334 1291 3405 ἔχουσιν
1338 3333 1619 3400 ἐξουσίαν.
1666 3331 1763 3385 ἐὰν

181 3434 259 3504 μὴ
296 3430 561 3503 πρότερόν
591 3446 677 3492 τις
706 3428 887 3492 αὐτοῖς
912 3427 1215 3500 ὁμοδίαιτος
1233 3427 1254 3458 ⁷
1287 3426 1529 3496 γένηται.
1573 3424 1761 3478 Ὁπότε

176 3526 302 3581 οὐδὲ
335 3528 364 3579 ὁ
392 3525 570 3580 αὐτῶν
603 3524 787 3596 ἄρχων
820 3521 971 3606 παρὰ
1001 3520 1092 3574 τὸν
1120 3519 1227 3574 ὑπὸ
1251 3518 1345 3572 τοῦ
1367 3518 1501 3573 Θεοῦ
1524 3519 1645 3571 κατ’
1667 3517 1764 3571 αὺ-

177 3618 289 3670 τῶν
324 3615 640 3686 κινούμενον
660 3614 682 3646 ⁸
715 3605 899 3684 νόμον
921 3613 1095 3665 ποιεῖν
1124 3627 1180 3664 τι
1222 3608 1464 3672 δύναται,
1498 3606 1580 3691 δερ
1611 3605 1764 3673 ἐξου-

180 3710 305 3763 σίαν
338 3708 484 3770 τινὸς
514 3708 615 3761 οὐκ
656 3706 769 3777 ἔχει
805 3705 880 3777 μὴ
913 3704 1388 3774 προσκυνήσαντος
1421 3701 1600 3755 αὐτόν’
1648 3700 1763 3754 ἀλλ’

178 3802 303 3854 οὐδὲ
338 3799 522 3853 λαϐεῖν
541 3815 626 3862 τις
657 3797 787 3869 παρ’
812 3795 990 3850 αὐτῶν
1021 3795 1243 3850 δύναταί
1274 3814 1327 3851 τι
1356 3788 1430 3849 ὧν
1465 3794 1628 3859 θέλει,
1650 3795 1763 3849 ἀλλ’

177 3894 301 3947 οὐδὲ
340 3892 602 3963 βλαϐῆναι
644 3890 819 3953 οὐδὲν,
868 3887 945 3953 ὡς
979 3888 1188 3942 ἐκεῖθεν
1237 3887 1507 3942 δυνασθε⁹
1549 3888 1759 3959 μαθεῖν.

249 3985 398 4040 XXI.
432 3985 523 4055 Τῷ
560 3983 669 4055 γάρ
700 3983 800 4054 τῆς
844 3980 1123 4044 εὐσεϐείας
1151 3980 1310 4052 ήμῶν
1345 3977 1556 4050 βασιλεῖ
1596 3996 1764 4051 προσ-

176 4081 315 4153 ῆλθέ
367 4097 499 4133 ποτε
540 4079 569 4131 ό
614 4077 947 4148 πρόσκαιρος
999 4074 1273 4146 βασιλεὺς,
1325 4074 1480 4128 καὶ¹⁰
1525 4074 1586 4127 οὐ
1645 4073 1765 4144 βίαν

177 4173 374 4236 ποιῶν,
400 4173 463 4225 ού
490 4170 598 4243 γὰρ
631 4170 781 4241 ἐξῆν,
804 4168 940 4222 ἀλλά
968 4168 1291 4241 προτρέπων
1320 4168 1415 4220 καὶ
1434 4164 1762 4230 ἀναπείθων,

178 4270 261 4321 ὅτι
308 4266 373 4319 τὸ
409 4264 697 4335 πεισθῆναι
743 4263 836 4316 ἐπὶ
873 4263 939 4332 τῇ
965 4262 1005 4292 ²¹
1034 4260 1268 4315 ἑκάστου
1315 4262 1492 4313 κεῖται
1525 4258 1761 4329 ἐξουσίᾳ.

178 4357 505 4431 Προσελθὼν
551 4351 664 4421 οὖν,
712 4354 788 4418 ώς
822 4353 931 4407 τῶν
981 4352 1261 4424 παρόντων
1293 4352 1368 4405 ὣν
1398 4352 1442 4383 ¹²
1480 4351 1761 4422 βασιλεὺς,

1864 3344 2098 3407 oportet,
2130 3336 2184 3391 in
2210 3336 2416 3391 nullum
2443 3337 2715 3393 daemones
2739 3337 2937 3393 habere
2968 3346 3313 3407 potestatem,
3334 3341 3443 3395 nisi

1863 3429 1987 3499 quis
2000 3429 2150 3498 prius
2161 3428 2387 3485 conviva
2399 3444 2586 3484 eorum
2602 3428 2782 3484 fuerit.
2801 3428 3249 3499 Quandoquidem
3266 3444 3443 3500 neque

1862 3520 2115 3591 princeps
2131 3521 2345 3576 illorum
2372 3520 2577 3591 aliquid
2595 3529 2774 3590 potest
2791 3519 2968 3575 facere
2991 3528 3183 3576 contra
3212 3520 3383 3590 legem
3407 3537 3441 3576 a

1864 3613 1977 3669 Deo
2008 3614 2062 3669 in
2093 3629 2188 3669 eos
2214 3615 2401 3669 latam.
2428 3612 2609 3680 Quare
2650 3614 2857 3669 nullius
2884 3614 3049 3669 habet
3085 3622 3435 3685 potestatem,

1865 3704 1960 3775 qui
1986 3720 2093 3761 non
2122 3706 2299 3777 ipsum
2327 3705 2658 3761 adoraverit.
2694 3705 2802 3761 Sed
2831 3722 2931 3761 nec
2960 3705 3086 3777 quis
3126 3715 3305 3777 potest
3330 3706 3438 3760 ali-

1864 3798 1995 3869 quid
2042 3813 2255 3862 eorum,
2305 3812 2428 3868 quae,
2457 3798 2625 3867 cupit,
2658 3798 2727 3852 ab
2770 3798 2881 3854 illis
2922 3801 3210 3869 consequi,
3258 3816 3439 3871 neque

1864 3892 2031 3947 etiam
2068 3891 2188 3945 ἰωόὶ
2220 3890 2512 3956 ullatenus,
2543 3898 2605 3944 ut
2632 3890 2836 3945 isthinc
2858 3891 3071 3946 discere
3099 3894 3351 3963 potestis.

1934 3981 2077 4036 XXI.
2130 3980 2267 4037 Nam
2318 3981 2387 4037 ad
2433 3990 2681 4037 nostrum
2712 3981 2932 4051 pietatis
2970 3998 3153 4054 regem
3202 3985 3440 4039 accessit

1866 4075 2161 4147 aliquando
2186 4075 2497 4146 temporalis
2526 4089 2646 4139 rex,
2678 4089 2789 4129 non
2819 4074 2869 4128 vi
2895 4073 3062 4138 facta,
3086 4091 3264 4146 neque
3287 4078 3437 4132 enim

1866 4167 2084 4235 licebat,
2113 4167 2205 4222 sed
2238 4167 2467 4221 hortans
2494 4176 2549 4221 et
2584 4165 2842 4229 suadens,
2875 4166 3006 4236 quia
3035 4169 3350 4236 persuaderi
3379 4169 3437 4225 in

1867 4259 2305 4329 uniuscujusque
2338 4258 2501 4313 situm
2544 4264 2629 4312 est
2668 4258 2917 4313 arbitrio.
2954 4256 3232 4315 Accedens
3273 4276 3435 4331 ergo,

1869 4360 2126 4407 utrorum
2142 4350 2491 4420 praesentium
2513 4365 2628 4415 rex,
2645 4348 2709 4403 ad
2732 4347 3035 4404 futurarum
3056 4351 3433 4419 regem-dixit:

176 4418 257 4522 τῶ
298 4450 417 4503 τῶν
455 4418 755 4520 μελλόντων
809 4445 1019 4516 βασιλεῖ
1063 4418 1188 4517 ἐφη³
1226 4447 1404 4499 Πᾶσαι
1436 4418 1495 4497 αί
1524 4443 1619 4497 τοῦ
1668 4443 1764 4497 νῦν

1875 4442 2062 4500 Omnia
2093 4418 2377 4513 praesentis
2422 4441 2609 4496 mundi
2649 4456 2814 4512 regna
2851 4440 2986 4495 mihi
3033 4418 3340 4511 subjacent,
3381 4451 3439 4500 et

179 4544 389 4615 κόσμου
437 4541 705 4612 βασιλεῖαι
752 4538 1067 4593 ὑπόκεινται
1100 4538 1245 4611 ἐμοὶ,
1300 4537 1382 4591 ἔτι
1413 4554 1473 4591 τε
1504 4538 1534 4590 ό
1564 4536 1765 4608 χρυσὸς

180 4639 277 4693 καὶ
311 4640 341 4690 ὁ
372 4636 612 4709 άργυρος
632 4636 727 4690 καὶ
755 4638 903 4690 πᾶσα
930 4638 963 4707 ή
995 4633 1174 4707 τρυφὴ
1205 4630 1300 4685 τοῦ
1337 4632 1543 4701 κόσμου
1572 4630 1761 4683 τούτου

180 4732 289 4785 ὑπὸ
336 4734 459 4793 ταῖς
490 4731 650 4800 ἐμαῖς
679 4730 827 4783 ἐστὶν
867 4728 1151 4796 ἐξουσίαις·
1187 4725 1268 4795 δῲ
1298 4725 1479 4779 πεσὼν
1521 4723 1762 4797 προσκύ-

178 4825 346 4896 νησόν
382 4841 492 4895 μοι,
508 4823 603 4876 καὶ
626 4821 781 4875 δώσω
814 4839 894 4875 σοι
929 4821 1106 4875 πάντα
1129 4818 1323 4873 ταῦτα.
1353 4817 1541 4871 Ταῦτα
1567 4815 1625 4870 δὲ
1648 4815 1765 4869 ἔλε-

178 4935 278 4987 γεν
312 4916 490 4979 εἰδὼς,
524 4917 606 4968 ὅτι
643 4915 779 4985 μετά
805 4914 866 4967 τὸ
886 4914 928 4945 ¹³
970 4912 1342 4985 προσκυνῆσαι
1374 4911 1470 4964 καὶ
1507 4910 1605 4981 τὴν
1637 4910 1759 4962 κατ’

180 5008 351 5064 αὐτοῦ
401 5003 546 5077 εἶχεν
594 5006 872 5071 ἐξουσίαν,
927 5004 1021 5059 καὶ
1053 5003 1195 5057 οὕτω
1225 5002 1267 5035 ’⁸
1310 5002 1410 5073 τῆς
1467 4999 1767 5072 μελλούσης

181 5102 344 5172 δόξης
376 5102 471 5153 καὶ
504 5098 782 5169 βασιλείας
812 5098 974 5152 αὑτὸν
998 5097 1042 5128 ¹⁸
1070 5095 1289 5167 ἀφῄρει.
1326 5096 1438 5149 Καὶ
1473 5094 1650 5148 πάντα
1688 5093 1766 5145 εί-

180 5195 289 5258 δὼς
322 5194 384 5247 ού
416 5194 576 5264 μόνον
608 5191 769 5246 αὐτὸν
792 5191 854 5243 οὐ
889 5187 1311 5262 προσεκύνησεν,
1351 5186 1465 5240 ἀλλ’
1499 5185 1619 5240 οὐδὲ
1654 5183 1765 5237 τῶν

1866 4549 2123 4608 praeterea
2203 4548 2397 4589 aurum
2456 4541 2512 4587 et
2572 4541 2858 4602 argenturm
2920 4546 3223 4603 omnesque
3272 4533 3436 4592 istius

1866 4629 2054 4686 mundi
2082 4628 2289 4684 deliciae
2317 4626 2421 4681 sub
2450 4639 2569 4679 mea
2615 4635 2744 4679 sunt
2784 4632 3076 4693 potestate,
3120 4640 3294 4696 quare
3334 4641 3431 4681 ca-

1866 4722 2001 4778 dens
2024 4720 2188 4776 adora
2218 4734 2323 4785 me,
2345 4727 2399 4773 et
2421 4718 2562 4773 dabo
2590 4717 2687 4773 tibi
2704 4730 2767 4771 ea
2786 4715 2989 4770 omnia.
3008 4714 3135 4771 Haec
3158 4731 3323 4787 porro
3346 4717 3435 4772 di-

1868 4815 2047 4878 cebat,
2093 4811 2222 4881 quia
2272 4817 2519 4876 noverat,
2553 4806 2700 4878 quod
2747 4814 2872 4877 post
2920 4806 3293 4863 adorationem
3326 4807 3430 4863 ba-

1870 4906 2083 4962 buisset
2127 4904 2182 4958 in
2236 4902 2387 4957 illum
2420 4908 2764 4971 potestatem,
2797 4898 2987 4969 sicque
3020 4907 3075 4954 et
3117 4897 3302 4954 futuro
3330 4899 3433 4954 ho-

1871 5013 2006 5054 nore
2034 5011 2100 5052 ac
2128 5010 2296 5066 regno
2320 4993 2605 5064 privasset.
2632 4991 2703 5045 At
2726 4991 2821 5061 qui
2852 4990 3033 5045 omnia
3064 4990 3291 5057 sciebat,
3315 5005 3426 5045 non

1872 5093 2035 5149 modo
2066 5091 2215 5145 illum
2247 5102 2355 5144 non
2384 5085 2648 5150 adoravit,
2702 5084 2796 5140 sed
2827 5098 2926 5138 nec
2956 5082 3251 5153 quidquam
3282 5081 3430 5137 illius

1874 5183 2144 5239 donorum
2172 5178 2345 5234 voluit
2366 5176 2630 5246 accipere.
2664 5171 2737 5229 Se
2797 5172 2942 5228 enim
2967 5186 3090 5227 cum
3121 5172 3237 5228 suis
3272 5170 3433 5243 Oppi-

1489 5318 1724 5375 VARUE
1765 5313 2169 5374 LECTIONES.

255 5433 309 5465 η
332 5424 424 5477 ὑπ’
451 5421 616 5477 αὐτοῦ
642 5436 695 5491 p.
727 5417 949 5491 Dn.wa
975 5415 1109 5491 Θεορ
1132 5414 1197 5471 Ο.
1228 5416 1298 5491 ’_°°
1315 5413 1524 5486 νεκρῶν
1550 5412 2016 5491 praetermiserunt
2159 5404 2688 5491 (edd.n169§,hl7g‘4)
2710 5410 2770 5491 et

185 5494 235 5579 .0
254 5512 318 5586 ,ε
435 5465 1043 5586 ν”ἔέτῖδιὲἒξὲἕέᾼῖιὲξππί
1056 5465 1604 5586 ’θ’ντὶέξὲλὲζέἒξῖλῑὲδ
1620 5465 2294 5586 ΕλξξΣέᾼέτιὶξξὶτξέξδέξένος.
2308 5475 2399 5586 ἓξ,
2428 5465 2647 5586 .1313."
2670 5465 3428 5586 ’ἳπῗιξτνφξὲἓέὶιῖῗέἓλὲΨ

184 5567 315 5623 inde
382 5553 465 5617 ὅπιί
487 5553 552 5618 0.
616 5553 651 5593 ’⁸
683 5558 791 5612 τῶν
812 5573 920 5613 om.
954 5556 1018 5612 0.
1154 5553 1173 5586 "
1202 5553 1579 5623 ἐξαμαρτῶσιν

186 5571 315 5623 inde
382 5571 465 5617 am
487 5571 552 5618 υ.
630 5571 651 5593 ³
683 5571 791 5612 των
812 5573 920 5613 om.
954 5571 1018 5612 U.
1155 5571 1173 5586 '
1202 5571 1298 5619 εςα
1416 5571 1601 5616 τωσιν,

186 5644 209 5673 τ
238 5635 542 5700 ὁμοδίαιτον
566 5630 633 5687 0.
707 5630 728 5660 "
758 5628 1006 5700 κείμενον
1031 5624 1267 5700 Oﬁlium
1452 5623 1519 5700 CL
1552 5630 1610 5700 ,ο

1586 5552 1665 5623 νῆ
1697 5549 2087 5623 μοιχήσάμενφξ
2111 5549 2172 5602 υ·

1670 5622 1861 5677 ύνασαι
1886 5622 1947 5675 C.

190 5705 234 5736 ²¹
258 5688 332 5760 ἀνί
366 5705 429 5761 Cl
457 5744 475 5770 ,
502 5719 611 5758 non
640 5701 682 5758 C
711 5742 726 5769 ,
749 5709 811 5755 ut
830 5688 969 5755 falso
1003 5697 1193 5755 scribit
1222 5694 1281 5751 S.
1360 5694 1403 5728 ”
1428 5692 1522 5747 τοῦ
1545 5690 1610 5749 0.
1688 5691 1929 5771 tcum;
1955 5688 2017 5745 C.

2273 5545 2402 5612 ιάξι
2428 5544 2626 5626 (εἰελο.
2696 5550 2736 5626 λ
2760 5540 3352 5626 ποιεζνςχςῖἱόίξισρᾷξ.

2049 5619 2090 5650 ¹⁰
2120 5617 2212 5671 καί
2239 5604 2555 5685 transcripsi
2576 5611 2762 5685 νεικέοι
2864 5614 2906 5644 υ
2936 5612 3002 5682 τῇ
3029 5609 3090 5675 ὃ,
3123 5608 3187 5672 0,
3212 5604 3334 5659 ’τοῦ
3359 5604 3422 5661 C.

2116 5689 2157 5725 "
2192 5686 2266 5741 Ita
2303 5684 2342 5741 S
2373 5726 2387 5751 ,
2425 5680 2614 5739 ἑαυτόν
2639 5684 2700 5753 (3,
2728 5680 2794 5740 0.
