3894 6208
434 279 551 335 359
1261 280 1317 335 S.
1355 280 1745 336 CLEMENTIS
1782 283 1803 335 I
1842 283 2007 337 ROM.
2051 282 2248 335 PONT.
2276 282 2503 336 ()PERA
2540 281 2767 341 DUBIA.
3591 290 3719 343 240

449 403 717 468 gneravtt,
746 395 891 465 quod
919 402 1023 458 est,
1048 408 1155 447 non
1182 395 1348 449 licere
1374 397 1603 463 posthac
1632 398 1927 465 quidquam
1950 396 2010 449 ab

2123 395 2215 448 ὑπ’
2243 396 2406 449 αὑτοῦ
2450 396 2817 467 δεδομένων¹⁶
2852 398 3035 453 λαϐεῖν
3080 418 3133 453 τι
3182 400 3463 473 ὴθέλησεν’
3506 402 3721 456 ἑαυτὸν

449 492 571 560 ipso
607 489 928 542 traditorum
957 486 1041 541 vel
1068 496 1308 557 tangere.
1345 487 1645 557 Respondit
1670 504 1801 558 ergo
1829 507 1841 541 :
1880 488 2010 540 Scri-

2123 490 2231 557 γάρ
2266 488 2360 540 σὺν
2392 492 2503 552 τοῖς
2537 490 2729 542 ἑαυτοῦ
2756 492 3207 564 κατενεχύραζεν,
3252 496 3388 567 ὅπερ
3425 498 3591 560 ἐστὶν,
3631 498 3721 568 μὴ

445 593 593 650 ptum
632 590 729 645 est,
770 580 1050 633 Dominum
1076 577 1244 631 Deum
1286 589 1435 633 tuum
1477 581 1808 645 revereberis,
1853 589 1901 633 et
1937 579 2010 633 illi

2123 577 2321 641 ἐξεῖναι
2366 580 2459 633 τοῦ
2507 581 2693 634 λοιποῦ
2742 582 2850 636 τῶν
2901 582 3113 654 αῦ⁹τῶ¹⁷
3146 587 3515 640 ἁποδοθέντων
3566 590 3721 659 μηδὲ

446 675 547 729 soli
570 675 761 729 servies
793 686 841 729 ι.

2121 671 2325 739 ψαῦσαι
2383 672 2539 743 195
2596 675 2697 727 ἔτι.
2760 676 3219 748 Ἀποκρινάμενος
3263 676 3354 733 οῦν
3404 680 3527 753 ἔφη·
3589 682 3721 735 Γέ-

2121 778 2392 843 γραπται,
2448 768 2669 833 Κύριον
2714 768 2819 820 τὸν
2873 770 3019 822 Θεόν
3064 786 3179 825 σου
3226 773 3563 843 φοϐηθήσῃ,
3604 773 3721 827 καὶ

2121 856 2281 921 αὐτῷ
2312 861 2662 925 λατρεύσεις
2685 862 2869 928 μόνῳ.

515 956 681 1010 XXII.
720 956 987 1011 Caeterum
1022 957 1313 1025 impiorum
1351 970 1471 1019 rex,
1504 969 1628 1008 cum
1674 970 1855 1024 regem
1898 954 2010 1024 pio-

2193 949 2356 1004 XXII.
2386 952 2532 1029 Πλὴν
2566 953 2598 1003 ὁ
2624 952 2731 1004 τῶν
2764 953 2973 1005 ἀσεϐῶν
2993 954 3036 984 ⁸⁸
3065 954 3319 1024 βασιλεὺς
3348 955 3487 1009 κατά
3530 954 3720 1010 πολλά

444 1065 565 1103 rum
598 1050 663 1102 ad
699 1065 853 1102 suam
896 1048 1164 1103 adducere
1206 1049 1536 1102 voluntatem
1580 1048 1878 1117 plurimum
1924 1063 2010 1102 (εοη

2120 1040 2209 1095 τὸν
2221 1042 2329 1097 τῶν
2350 1043 2588 1097 εὐσεϐῶν
2604 1046 2827 1115 βασιλέα
2847 1048 2982 1119 πρὸς
2999 1048 3060 1100 τὸ
3082 1048 3276 1101 ἐαυτοῦ
3296 1049 3539 1119 βούλημα
3561 1067 3719 1121 παρ-

445 1150 608 1195 natus
635 1149 780 1195 esset
819 1156 916 1194 nec
946 1141 1235 1209 potuisset,
1264 1140 1425 1193 linem
1458 1139 1605 1205 fecit,
1641 1149 1695 1195 et
1725 1140 1777 1193 in
1806 1140 2010 1209 reliqua

2123 1136 2275 1203 άγειν
2330 1136 2668 1209 πειρώμενος
2718 1140 2811 1193 καὶ
2879 1142 2953 1211 μὴ
3004 1141 3252 1212 δυνηθεὶς
3286 1142 3331 1173 ¹⁹
3379 1142 3666 1195 ἐπαύσατο
3697 1184 3713 1205 ,

443 1234 554 1285 vita
589 1233 740 1285 illum
792 1233 1065 1286 nitebatur
1101 1242 1343 1301 captare.
1384 1230 1496 1286 Vos
1537 1246 1666 1285 vero
1694 1231 2010 1301 prmﬁnitam

2122 1228 2257 1300 πρὸς
2289 1230 2358 1281 τὰ
2389 1230 2548 1283 λοιπά
2577 1231 2676 1303 τῆς
2710 1232 2980 1297 πολιτείας
3013 1233 3264 1305 θηρεύειν
3296 1235 3455 1287 αὑτὸν
3493 1238 3718 1305 ἐπιχει-

444 1323 761 1393 ignorantes
808 1324 979 1393 legem
1036 1326 1107 1378 ob
1139 1325 1282 1377 mala
1327 1338 1491 1392 opera
1543 1324 1645 1377 sub
1699 1323 1845 1377 illius
1885 1323 2010 1377 estis

2124 1322 2249 1393 ρῶν.
2307 1323 2494 1394 Ὑμεῖς
2533 1325 2588 1377 δὲ
2620 1326 2710 1378 τὸν
2750 1327 3139 1397 προορισθέντα
3173 1329 3335 1398 νόμον
3380 1329 3717 1397 ἀγνοοῦντες

443 1424 728 1484 potestate.
758 1412 1028 1479 Quocirca
1058 1428 1287 1482 corpore
1322 1423 1375 1468 et
1404 1414 1589 1467 anima
1628 1413 1895 1466 maculam
1927 1428 2010 1483 ge-

2119 1414 2206 1467 διά
2254 1417 2361 1469 τῶν
2412 1418 2597 1471 κακῶν
2641 1419 2890 1491 πράξεων
2942 1421 3044 1473 ὑπὸ
3086 1422 3185 1491 τὴν
3241 1421 3486 1485 ἐξουσίαν
3533 1421 3713 1475 αὐτοῦ

443 1508 566 1561 ritis
596 1528 605 1559 ;
641 1516 694 1560 et
725 1506 778 1560 in
814 1506 1063 1576 prmsenti
1091 1505 1310 1575 quidem
1350 1521 1380 1559 a
1411 1506 1617 1561 morbis
1666 1514 1719 1559 et
1753 1505 2010 1559 daamoni-

2120 1504 2393 1573 ἐγένεσθε.
2428 1509 2518 1595 Διὸ
2572 1512 2730 1581 σῶμα
2779 1512 2874 1563 καὶ
2907 1511 3083 1583 ψυχὴν
3134 1513 3447 1583 ἐμιάνθητε’
3500 1515 3595 1565 καὶ
3648 1516 3714 1566 ἐν

443 1599 550 1653 bus
602 1599 917 1659 illudimini,
951 1600 1004 1652 in
1051 1597 1238 1653 futuro
1266 1606 1445 1652 autem
1492 1599 1782 1653 animabus
1826 1598 2010 1667 punie-

2124 1598 2333 1671 μὲν·τῷ
2368 1603 2595 1673 παρόντι
2630 1603 2734 1657 ῦπό
2763 1622 2819 1657 τε
2854 1605 3040 1658 παθῶν
3072 1606 3165 1658 καὶ
3196 1604 3459 1677 δαιμόνων
3484 1606 3713 1677 ἐνυϐρί-

444 1690 604 1745 mini.
653 1689 768 1745 IIoc
811 1705 941 1743 vero
984 1704 1093 1742 non
1142 1704 1240 1743 vos
1262 1689 1361 1743 soli
1410 1689 1479 1742 ab
1519 1688 1824 1758 ignorantia
1872 1689 2010 1757 passi

2123 1686 2301 1755 ζεσθε,
2329 1694 2385 1746 ἐν
2413 1693 2467 1746 δὲ
2500 1694 2576 1764 τῷ
2611 1694 2854 1764 μέλλοντι
2874 1698 2919 1727 ²⁰
2956 1697 3056 1760 τὰς
3087 1698 3265 1767 ψυχὰς
3297 1698 3714 1768 κολασθησομέ-

444 1785 598 1849 estis,
630 1784 722 1838 sed
755 1794 808 1838 et
836 1782 1084 1837 nonnulli
1111 1796 1178 1835 ex
1211 1790 1397 1835 nostra
1428 1791 1612 1851 gente,
1647 1781 1741 1850 qui
1772 1780 1825 1833 in
1861 1779 2010 1833 malis

2121 1799 2218 1845 νας
2249 1783 2417 1849 ἕξετε.
2454 1786 2623 1839 Τοῦτο
2648 1787 2703 1841 δὲ
2737 1788 2832 1858 οὐχ
2860 1789 3018 1859 ὑμεῖς
3045 1789 3193 1859 μόνοι
3227 1790 3331 1842 ὑπὸ
3361 1790 3582 1857 ἀγνοίας
3608 1808 3711 1842 πε-

444 1875 704 1943 operibus
735 1890 763 1927 a
799 1875 1021 1928 malitiae
1051 1875 1189 1929 duce
1242 1874 1515 1943 occupati,
1560 1882 1746 1942 postea
1772 1874 1919 1926 velut
1949 1872 2010 1926 ad

2122 1875 2371 1943 πόνθατε,
2406 1878 2543 1931 ἀλλὰ
2588 1880 2679 1933 καί
2712 1898 2857 1945 τινες
2887 1882 2980 1935 τοῦ
3016 1881 3284 1954 ἡμετέρου
3323 1883 3529 1946 ἔθνους,
3564 1884 3707 1935 οἵτι-

444 1982 659 2021 ctenam
689 1982 718 2020 a
744 1975 897 2036 patre
923 1967 1015 2019 filii
1052 1968 1271 2036 nuptias
1302 1966 1613 2021 celebrante
1644 1965 1879 2033 invitati,
1907 1981 2010 2019 non

2121 1984 2209 2030 νες
2242 1958 2333 2022 ἐπὶ
2366 1974 2563 2035 κακαῖς
2596 1973 2861 2045 πράξεσιν
2889 1975 2994 2029 ὑπὸ
3016 1976 3109 2029 τοῦ
3144 1978 3241 2047 τῆς
3270 1976 3467 2039 κακίας
3495 1975 3707 2045 ἡγεμό-

443 2060 766 2113 obedierunt
798 2060 846 2113 ιι.
904 2058 960 2112 In
1001 2060 1178 2114 locum
1224 2070 1402 2113 autem
1427 2074 1640 2122 eorum,
1671 2060 1763 2128 qui
1796 2068 2010 2128 prapter

2119 2076 2210 2123 νος
2238 2062 2658 2134 προληφθέντες,
2703 2067 2894 2121 ἔπειτα
2932 2068 3121 2140 ὥσπερ
3162 2070 3309 2122 sui"
3346 2069 3557 2121 δεῖπνον
3590 2066 3709 2120 ὑπὸ

444 2151 855 2220 occupationem
905 2152 1328 2221 deuegaverant,
1372 2152 1465 2221 qui
1511 2152 1620 2205 lilio
1662 2151 1881 2219 nuptias
1923 2166 2010 2205 ce-

2120 2154 2326 2223 πατρὸς
2356 2155 2457 2226 υἱῷ
2488 2157 2768 2222 τελοῦντος
2799 2161 3007 2231 γάμους
3037 2160 3324 2232 κληθέντες
3354 2160 3451 2229 οὐχ
3472 2161 3515 2190 ²¹
3550 2160 3703 2228 ὑπ’ίΓ

440 2243 689 2298 lebrabat
720 2253 870 2313 pater
898 2259 994 2312 per
1020 2244 1265 2297 veritatis
1296 2242 1623 2313 Prophetam
1651 2243 1813 2312 jussit
1834 2242 2010 2306 nobis,

2125 2261 2341 2298 κουσαν.
2388 2248 2528 2301 Ἀντὶ
2558 2250 2615 2303 δὲ
2649 2252 2756 2305 τῶν
2785 2252 3198 2324 ἀπειθησάντων
3229 2252 3317 2305 διὰ
3349 2252 3446 2321 τὴν
3481 2249 3705 2320 Πρὸλτι-

441 2344 505 2388 ut
534 2336 808 2405 progressi
858 2336 925 2388 ad
954 2335 1134 2389 exitus
1159 2336 1393 2399 viarum,
1429 2335 1479 2389 id
1522 2344 1606 2389 est
1662 2335 1727 2388 ad
1772 2350 1889 2397 vos,
1931 2334 2010 2387 in-

2120 2335 2211 2404 ψιν
2241 2339 2270 2390 ὁ
2293 2339 2419 2403 τοὺς
2448 2340 2659 2411 γάμους
2681 2343 2759 2413 τῷ
2781 2344 2882 2415 υίῷ
2913 2346 3083 2399 τελῶν
3116 2346 3300 2417 πατὴρ
3324 2344 3412 2398 διὰ
3432 2344 3523 2397 τοῦ
3558 2363 3701 2415 προσ

441 2429 736 2481 dueremus
781 2443 973 2497 puram
1017 2438 1221 2481 vestem
1268 2427 1585 2495 nuptialem,
1629 2442 1750 2495 qua!
1798 2435 1880 2479 est
1915 2425 2010 2477 ba-

2123 2428 2291 2498 φήτου
2324 2432 2422 2502 τῆς
2462 2434 2715 2504 ἀληθείας
2751 2438 3035 2491 ἐκέλευσεν
3074 2441 3227 2509 ἡμῖν,
3276 2440 3355 2500 εἰς
3387 2436 3485 2500 τὰς
3520 2437 3702 2502 διεξό-

440 2519 662 2587 ptisma,
688 2519 832 2587 quod
858 2519 909 2571 in
943 2517 1317 2571 remissionem
1350 2519 1407 2571 lit
1430 2527 1776 2586 peccatorum
1806 2524 2010 2569 vestro-

2121 2518 2243 2583 δους
2274 2522 2379 2576 τῶν
2412 2526 2546 2579 ὁδῶν
2576 2528 2838 2593 ἐλθοῦσιν,
2874 2532 2901 2584 ὅ
2930 2533 3045 2584 ἐστι
3073 2533 3209 2603 πρὸς
3254 2532 3416 2602 ὑμᾶς,
3453 2530 3709 2601 καθαρὸν

444 2624 587 2675 rum,
619 2617 673 2662 et
701 2618 759 2661 ut
793 2609 967 2662 bonos
992 2609 1045 2661 in
1090 2608 1182 2662 Dei
1216 2624 1427 2662 cuinam
1472 2608 1692 2661 inducat
1720 2622 1787 2661 ex
1833 2606 2010 2675 paeni-

2121 2611 2325 2686 ἔνδυμα
2366 2619 2541 2690 γάμου
2591 2623 2919 2694 περιϐαλεῖν,
2962 2625 3097 2696 ὅπερ
3146 2625 3261 2677 ἐστὶ
3312 2624 3615 2695 βάπτισμα,
3669 2624 3702 2676 ὅ

440 2700 631 2762 tentia,
665 2700 789 2754 licet
818 2700 976 2753 initio
1002 2699 1070 2753 ab
1097 2700 1273 2767 epulis
1304 2697 1602 2752 abfuerint.

2121 2707 2202 2770 εἰς
2243 2708 2433 2779 ἄφεσιν
2465 2714 2679 2781 ξγίνεται
2712 2716 2821 2768 τῶν
2872 2717 3271 2787 πεπραγμένων
3311 2718 3435 2787 ὑμῖν
3470 2716 3709 2776 κακῶνν

441 2791 537 2845 καὶ
556 2790 601 2821 ⁸⁸
637 2792 763 2852 τοὺς
804 2790 1040 2859 ἀγαθοὺς
1089 2793 1168 2852 εἰς
1196 2789 1257 2842 τὸ
1288 2789 1422 2842 Θεοῦ
1455 2790 1665 2842 δεῖπνον
1709 2788 1948 2857 εἰσάγειν
1970 2792 2017 2823 ’δ
2045 2794 2110 2846 ἐκ
2142 2798 2243 2869 τῆς
2288 2805 2666 2874 μεταμελείας,
2722 2808 2770 2859 εἰ
2811 2807 2906 2861 καὶ
2942 2809 3039 2879 τὴν
3077 2809 3249 2879 ἀρχὴν
3291 2807 3709 2879 ἀπελείφθησαν

439 2884 539 2954 τῆς
571 2883 819 2954 εὐωχίας.

513 2977 701 3032 XXIII.
743 2977 800 3030 Si
834 2977 999 3030 vultis
1033 2975 1215 3045 itaque
1244 2986 1303 3029 ut
1332 2975 1475 3029 liatis
1502 2975 1885 3029 vestimentum
1930 2975 2010 3031 di-

2190 2986 2350 3059 196
2374 2989 2559 3045 XXIII.
2597 2995 2837 3067 Ἔνδυμα
2869 2993 2961 3051 οῦν
3004 3001 3051 3051 εἰ
3088 2996 3337 3069 βούλεσθε
3359 2999 3402 3029 ’⁵
3438 2997 3705 3066 γενέσθαι

439 3071 551 3123 vini
578 3070 820 3139 spiritus,
845 3069 1116 3123 enitimini
1143 3068 1321 3137 primo
1348 3082 1550 3121 exuere
1575 3068 1853 3121 sordidam
1878 3084 2009 3137 prae-

2116 3080 2255 3134 θείου
2291 3084 2624 3154 Πνεύματος,
2664 3090 3000 3143 σπουδάσατε
3037 3091 3248 3163 πρῶτον
3264 3089 3611 3143 --ὲκδύσασθαι
3632 3090 3699 3143 τὸ

440 3162 808 3230 sumptionem
834 3170 1094 3223 vestram,
1125 3174 1248 3229 qua“:
1276 3168 1361 3211 est
1387 3158 1707 3211 immundus
1748 3159 1971 3227 spiritus
1991 3200 2005 3223 ,

2117 3174 2360 3245 ῥυπαρὸν
2411 3178 2563 3248 ὑμῶν
2623 3182 2941 3253 πρόλημμα,
2990 3158 3125 3255 ὅπερ
3174 3185 3319 3235 ἐστὶν
3383 3182 3703 3250 ἀκάθαρτον
3748 3190 3751 3193 “

438 3261 496 3307 et
525 3253 797 3322 impurum
832 3252 1152 3306 amiculum.
1188 3248 1304 3303 Non
1330 3249 1559 3319 potestis
1592 3258 1772 3304 autem
1796 3250 1901 3304 alia
1925 3266 2010 3303 ra-

2116 3268 2350 3338 πνεῦμα,
2382 3274 2474 3325 καὶ
2504 3248 2695 3345 μιαρὸν
2729 3248 3059 3350 περίόλημα.
3094 3248 3264 3331 Τοῦτο
3297 3277 3353 3329 δὲ
3386 3276 3484 3328 οὐκ
3516 3248 3697 3335 ἄλλως

437 3344 589 3399 tione
611 3344 901 3413 deponere,
934 3341 1039 3395 nisi
1074 3341 1225 3410 prius
1258 3340 1312 3393 in
1344 3340 1505 3393 bonis
1550 3339 1859 3393 actionibus
1910 3339 2010 3392 ba-

2116 3360 2483 3419 ἀποδύσασθαι
2505 3339 2776 3433 δύνασθε,
2802 3339 2924 3424 ’ἐὰν
3086 3372 3348 3443 πρότερον
3378 3371 3469 3423 ἐπὶ
3497 3370 3696 3432 καλαῖς

436 3411 718 3507 ptizemini
750 3453 762 3488 :
798 3445 963 3504 atque
1014 3434 1087 3487 ita
1120 3432 1241 3502 puri
1272 3446 1501 3501 corpore
1522 3440 1575 3484 et
1617 3430 1801 3485 anima
1836 3430 2010 3484 eﬂ‘ecti

2123 3411 2126 3412 ν
2531 3411 2776 3433 --...---,
2829 3411 2921 3424 ...η
2972 3411 3045 3443 ...γ
3093 3411 3345 3443 "rw-.."
3378 3411 3469 3423 -..-
3500 3411 3693 3432 ..-ηπ-ι

2116 3457 2345 3528 πράξεσι
2371 3461 2719 3534 βαπτισθῆτε·
2750 3465 2841 3518 καὶ
2869 3464 3011 3519 οὕτω
3035 3466 3262 3535 καθαροὶ
3290 3462 3498 3535 σώματί
3518 3482 3575 3516 τε
3598 3467 3694 3518 καὶ

438 3484 627 3582 Futuro
676 3484 938 3595 perpetuo
968 3484 1145 3593 regnor
1168 3521 1447 3576 fruemini.
1503 3520 1671 3591 Igitur
1717 3538 1816 3575 nec
1852 3521 2010 3575 idolis

2116 3484 2345 3528 πραςεσι
2371 3484 2719 3534 ραπτισυητε·
2750 3484 2841 3518 και
2869 3484 3011 3519 ουτω
3035 3484 3262 3538 καυαροι
3290 3484 3497 3535 σωματι
3518 3484 3575 3516 τε
3598 3484 3694 3518 και

2116 3552 2253 3623 Ψυκῆ
2289 3554 2565 3624 γενόμενοι
2598 3557 2696 3626 τῆς
2743 3558 3007 3628 ἐσομένης
3036 3560 3205 3612 ἀϊδίου
3236 3556 3511 3628 βασιλείας
3555 3557 3695 3609 ἀπο-

439 3575 621 3582 -_-_--
677 3575 929 3595 r-_r--___
971 3575 1125 3593 --οη
1172 3575 1200 3576 η
1270 3575 1273 3576 ν
1527 3575 1555 3591 υ

439 3616 666 3682 credite,
692 3631 789 3669 nec
812 3630 1014 3669 mensa;
1035 3630 1225 3668 eorum
1252 3614 1481 3681 impura:
1500 3612 1791 3681 participes
1814 3619 2008 3675 estote,

2116 3575 2253 3623 ψυχη
2289 3575 2565 3624 γενομενοι
2598 3575 2696 3626 της
2743 3575 3007 3629 εσομενης
3036 3575 3205 3612 αιοιου
3236 3575 3511 3628 βασιλείας
3555 3575 3690 3609 απο-

2116 3646 2337 3699 λαύσετε
2359 3648 2424 3699 ³⁸.
2470 3650 2621 3703 mc:
2654 3645 2747 3702 οὖν
2776 3650 3013 3703 εἰδώλοις
3047 3652 3352 3703 πιστεύετε.
3386 3652 3518 3703 μήτε
3554 3666 3690 3703 τρα-

440 3721 551 3757 tton
586 3704 838 3770 occidite,
885 3720 991 3757 non
1040 3704 1367 3767 adulteratc,
1413 3719 1520 3755 non
1571 3702 1696 3755 odio
1722 3700 2009 3770 prosequi-

2116 3667 2337 3699 Ααυσετε
2361 3667 2424 3699 ”““.
2470 3667 2621 3717 ΙὶἸητΞ
2654 3667 2747 3702 ουν
2776 3667 3013 3714 ειοωΑοις
3047 3669 3352 3713 πιστευετε,
3385 3667 3518 3721 μητε
3554 3667 3621 3721 τρ

2116 3740 2283 3770 ..ι-εν..-
2319 3742 2497 3770 ...’.--,τ-
2532 3747 2833 3770 ..,.......-τ--
2873 3746 3073 3770 ..._-:-
3136 3746 3206 3770 us.
3246 3743 3535 3770 ---..-.'__.._..
3613 3762 3621 3770 .

439 3797 574 3849 mini
601 3810 741 3865 quos
772 3811 878 3848 non
909 3796 1083 3859 decet,
1120 3810 1226 3848 non
1256 3792 1457 3847 furtum
1488 3792 1667 3859 facile,
1695 3808 1871 3862 neque
1893 3808 2011 3845 om-

440 3888 572 3939 nino
600 3887 871 3954 capessite
904 3886 1011 3939 ulla
1060 3900 1226 3955 prava
1256 3883 1524 3939 facinora.
1559 3884 1819 3953 Alioquin
1865 3882 2011 3937 futu-

441 3993 627 4030 rorum
656 3994 751 4046 spe
782 3978 977 4045 privati
1004 3978 1056 4030 in
1085 3976 1336 4046 praesenti
1361 3976 1581 4045 quidem
1614 3976 1812 4029 sa-culo
1839 3991 1866 4028 a
1897 3991 2012 4028 ma-

438 4072 507 4125 lis
532 4072 874 4125 daemonibus
906 4081 961 4125 et
984 4086 1013 4123 a
1040 4072 1295 4140 gravibus
1326 4071 1534 4124 morbis
1563 4070 1923 4135 vexabimini,
1955 4069 2010 4122 in

437 4162 624 4219 futuro
654 4174 832 4217 autem
864 4164 1004 4232 ignis
1039 4164 1227 4217 aeterni
1263 4162 1449 4217 feretis
1496 4163 1843 4232 supplicium.
1878 4160 2011 4226 Qum

436 4270 568 4326 ergo
615 4256 773 4309 hodie
802 4256 958 4309 vobis
991 4255 1133 4309 dicta
1165 4264 1313 4319 sunt,
1355 4254 1641 4308 suﬂiciant.
1689 4253 1765 4307 De
1814 4264 2009 4309 caetero

436 4348 533 4416 qui
558 4359 796 4402 vestrum
825 4346 1032 4402 morbis
1056 4346 1415 4407 aﬂlictamini,
1442 4348 1506 4400 ad
1535 4346 1901 4415 recipiendam
1925 4361 2008 4399 sa-

436 4440 662 4495 nitatem
692 4449 928 4506 manete,
958 4453 1027 4492 ex
1055 4440 1177 4493 aliis
1208 4454 1358 4507 vero,
1389 4439 1482 4507 qui
1512 4439 1698 4501 vultis,
1723 4454 1853 4493 cum
1874 4452 2006 4507 pace
2036 4464 2083 4524 Β

436 4534 600 4591 abite.

2114 3740 2283 3810 πέζης
2316 3742 2497 3805 αὐτοῖς
2532 3747 2834 3796 κοινωνεῖτε
2872 3746 3093 3817 μιαρᾶς,
3135 3746 3208 3815 μὴ
3244 3743 3561 3814 φονεύσητε,
3612 3746 3688 3815 μὴ

2116 3836 2415 3905 μοιχεύετε,
2445 3838 2517 3907 μὴ
2543 3839 2808 3909 μισήσητε
2830 3838 2922 3903 οὓς
2954 3840 3027 3911 μὴ
3046 3839 3275 3903 δίκαιον,
3302 3841 3375 3910 μὴ
3403 3838 3688 3901 κλέπτετε,

2117 3929 2247 3999 μηδὲ
2302 3933 2499 3993 κακαῖς
2522 3931 2565 3961 ’⁷
2615 3932 2758 3983 τισὶν
2808 3932 2945 3994 ὅλως
2994 3931 3258 4003 πράξεσιν
3308 3932 3683 3985 ἐπιὸάλλεσθε.

2126 4025 2277 4078 Ἐπεὶ
2296 4026 2403 4077 τῶν
2437 4024 2706 4094 ἐσομένων
2733 4023 2953 4092 ἀγαθῶν
2983 4024 3337 4095 στερηθέντες
3356 4025 3455 4096 τῆς
3477 4025 3687 4087 ἐλπίδος

2113 4118 2169 4169 ἐν
2204 4117 2301 4187 μὲν
2334 4116 2410 4188 τῷ
2440 4117 2666 4187 παρόντι
2696 4118 2799 4170 ὑπό
2822 4134 2881 4168 τε
2916 4117 3100 4170 κακῶν
3124 4116 3389 4187 δαιμόνων
3422 4118 3514 4169 καὶ
3537 4118 3687 4187 χαλε-

2113 4210 2229 4263 πῶν
2264 4209 2598 4280 παθημάτων
2637 4209 3116 4280 συνελασθήσεσθε,
3153 4212 3209 4262 ἐν
3237 4210 3294 4262 δὲ
3334 4209 3412 4280 τῷ
3446 4212 3691 4281 ἐσομένῳ

2112 4301 2269 4355 αἰῶνι
2298 4302 2450 4373 ἀϊδίῳ
2482 4302 2877 4372 κολασθήσεσθε
2902 4302 3051 4373 πυρί.
3087 4301 3169 4354 Τὰ
3199 4303 3295 4372 μὲν
3322 4298 3413 4355 οὖν
3446 4304 3683 4373 σήμερον

2114 4396 2240 4465 ὑμῖν
2289 4395 2516 4466 ρηθέντα
2561 4394 2847 4466 αὐτάρκως
2892 4394 3023 4463 ἔχει.
3066 4395 3266 4447 Λοιπὸν
3308 4395 3389 4457 δὲ,
3436 4396 3585 4464 ὑμῶν
3630 4398 3679 4448 οἱ

2116 4488 2213 4558 μὲν
2239 4490 2283 4520 ’⁸
2318 4489 2422 4542 ὑπὸ
2467 4488 2805 4558 παθημάτων
2849 4487 3163 4557 ὀχλούμενον.
3213 4488 3347 4557 πρὸς
3392 4489 3491 4559 τὴν
3541 4488 3681 4542 ἴασιν

2114 4582 2506 4653 παραμείνατε,
2541 4582 2647 4636 τῶν
2678 4583 2733 4635 δὲ
2767 4582 2939 4635 ἄλλων
2967 4583 3015 4633 οἱ
3052 4581 3361 4653 βουλόμενοι
3387 4585 3501 4652 μετ’
3530 4584 3678 4654 εἰρή-

2112 4692 2207 4746 νης
2238 4674 2550 4745 πορεύεσθε.

507 4770 695 4827 XXIV.
732 4771 857 4828 H330
884 4788 1007 4828 cum
1040 4773 1285 4836 dixisset,
1330 4786 1521 4824 omnes
1550 4779 2001 4840 permanserunt,

2182 4768 2369 4822 XXIV.
2401 4768 2585 4823 Ταῦτα
2624 4767 2788 4821 αὐτοῦ
2816 4768 3057 4831 εἰπόντος
3088 4768 3137 4819 οἱ
3179 4768 3378 4831 πάντες
3412 4769 3676 4839 παρέμει-

435 4865 530 4920 alii
560 4874 619 4918 ut
639 4874 977 4931 curarentur,
1007 4865 1095 4918 alii
1130 4873 1188 4918 ut
1209 4865 1451 4918 viderent
1476 4880 1570 4917 eos
1595 4863 1686 4932 qui
1714 4865 2000 4919 sanitatem

2116 4878 2225 4925 ναν,
2260 4862 2307 4913 οἱ
2344 4862 2440 4931 μὲν
2473 4860 2566 4913 τοῦ
2592 4860 2989 4932 θεραπευθῆναι
3022 4861 3200 4939 χάριν,
3238 4863 3288 4913 οἱ
3322 4863 3379 4914 δέ
3410 4863 3503 4915 τοῦ
3540 4865 3677 4915 ἱστο-

436 4956 759 5026 reciperent.
806 4955 999 5010 Petrus
1041 4966 1219 5009 autem
1250 4954 1517 5009 duntaxat
1563 4956 1847 5023 imponens
1890 4956 1998 5010 illis

2116 4955 2271 5025 ρῆσαι
2322 4956 2447 5017 τοὺς
2494 4954 2593 5024 τῆς
2644 4954 2938 5025 θεραπείας
2991 4955 3465 5025 ἐπιτυγχάνοντας.
3526 4954 3581 5005 Ὀ
3619 4956 3675 5008 δέ

435 5066 632 5106 manus
667 5058 721 5105 et
754 5058 1009 5120 precatus
1032 5048 1242 5103 sanavit
1268 5065 1280 5099 :
1307 5048 1461 5113 adeo,
1494 5057 1552 5101 ut
1574 5050 1667 5117 qui
1697 5048 1876 5102 subito
1900 5062 1997 5101 cu-

2116 5048 2309 5120 Πέτρος
2353 5048 2451 5112 τὰς
2490 5052 2677 5120 χεῖρας
2708 5048 2891 5111 αὐτοῖς
2923 5047 3131 5112 ἐπιθεὶς
3182 5049 3337 5101 μόνον
3388 5049 3481 5102 καὶ
3516 5048 3671 5114 εῦξά-

508 5176 535 5205 α
564 5162 754 5219 Matth.
786 5178 875 5230 tv;
907 5161 1041 5218 Luc.
1070 5178 1143 5217 tv.
1218 5162 1247 5201 ιι
1276 5160 1467 5218 Matth.
1498 5179 1631 5217 xxu.

1734 5274 1967 5330 VARI/Ii]
2002 5274 2400 5331 LECTIONES.

512 5373 556 5411 ⁸⁸
577 5372 871 5443 δεδομένων
919 5371 975 5443 in
1021 5378 1154 5443 text.
1191 5370 1370 5443 recepi
1396 5367 1542 5443 c._0.
1620 5368 1661 5406 ⁸⁷
1686 5368 1837 5443 αῦτῷ
1874 5367 2202 5443 non_legitur
2234 5369 2286 5443 in
2438 5367 2494 5423 S.
2528 5366 2664 5422 Tum
2694 5366 2828 5443 fort.
2862 5367 2964 5443 leg.
2996 5366 3072 5419 ἔτι
3100 5383 3188 5443 τι..
3230 5364 3513 5443 D_einde__C
3555 5383 3659 5423 non

432 5455 579 5502 recte
608 5436 769 5498 vertit
811 5441 1171 5511 oppignerauit
1216 5450 1271 5495 et
1317 5436 1380 5492 ob
1440 5436 1947 5511 ipso‘traditorum.
1986 5436 2207 5511 Vertere
2256 5439 2529 5511 debebat;
2584 5436 3111 5511 oppigncrovi’ssetet
3170 5437 3287 5511 ipsa;
3312 5438 3655 5511 traditarum.

436 5518 481 5549 ³⁸
506 5515 716 5577 ἀσεϐῶς
742 5511 786 5567 Ο
878 5506 953 5567 ’ὶιῖ
992 5528 1164 5579 marg.
1207 5526 1318 5564 sec.
1373 5506 1521 5563 man.
1544 5507 1691 5570 ’ἴσως
1716 5508 1973 5579 εὐσεϐῶν.
2055 5508 2098 5579 ίῗ
2125 5509 2219 5561 καὶ
2258 5506 2658 5579 ίὴδυνηθείςγϐζ
2716 5510 2907 5579 ὀντοῖς
2938 5506 3221 5579 μέλλουοξν
3388 5508 3431 5579 ’ἦ
3464 5508 3566 5579 ὑπό
3594 5507 3654 5561 Ο.

433 5588 480 5618 ’⁸
512 5587 607 5654 οὐχ
636 5585 759 5638 add.
808 5599 857 5654 (ξ.
888 5580 957 5637 0.
1011 5581 1074 5654 1³
1099 5577 1283 5654 {totum
1330 5581 1423 5654 καὶ
1477 5579 1574 5654 C._
1612 5579 1892 5654 ’δῇεἱσὰγὲ
1925 5578 1986 5654 ς).
2067 5578 2194 5654 ’⁸Αεὶ
2223 5577 2499 5654 ,βοφλε-σθε
2548 5578 2711 5654 0_ct
2762 5578 3084 5654 (secundum
3142 5577 3442 5654 clericum)
3478 5578 3523 5654 C_
3594 5594 3657 5654 ex

436 5645 767 5735 conjectura,
801 5652 977 5777 ιῐὲιυδ
1000 5651 1061 5707 Ci
1109 5650 1410 5705 ὲὸούλεσθε.
1488 5652 1532 5686 ’⁸
1554 5647 1628 5705 Ita
1654 5646 1699 5703 Ο
1747 5656 1800 5705 et
1822 5645 1989 5720 Epit.
2023 5665 2079 5707 ο..
2104 5651 2159 5718 ι,
2211 5645 2559 5720 ἀπολαυστιτε
2596 5648 2655 5706 C.
2769 5645 2810 5684 ‘7
2842 5649 2923 5719 μὴ
2945 5648 3231 5711 δεκωταίς
3254 5645 3319 5701 0.
3398 5648 3443 5679 "
3476 5649 3526 5699 οἱ
3561 5650 3657 5717 μὲν

436 5734 666 5777 accessu
712 5741 776 5777 ex
876 5757 893 5777 .

435 5726 666 5782 accessit
712 5741 776 5778 ex
828 5726 893 5777 0.
