3894 6208
192 421 300 476 2M
1275 410 1730 482 CLEMENTINA.

1911 421 2159 479 [OMILIA
2196 420 2289 476 IX.
2589 457 2593 464 -
3342 427 3449 485 in

190 554 362 610 μενος
399 536 608 590 ἰάσατο·
645 536 722 600 ὡς
751 539 879 601 τοὺς
909 537 1006 608 μὲν
1042 539 1387 610 παραχρῆμα
1423 539 1726 612 θεραπευθέ

1913 541 1992 594 ati
2035 540 2272 604 fuerant,
2313 537 2647 606 laatarentur,
2687 539 2781 610 qui
2824 547 3006 595 autem
3041 541 3306 610 viderant,
3336 559 3451 598 ma-

186 645 294 693 τας
321 629 573 698 γενέσθαι
608 633 947 700 περιχαρεῖς,
978 632 1105 694 τοὺς
1125 630 1180 684 δὲ
1205 633 1595 703 ἱστορήσαντας
1619 634 1721 686 ὑπε

1911 647 2123 702 ;nopere
2157 632 2509 696 mirarentur,
2543 631 2815 702 simulque
2844 633 3131 689 laudarent
3162 634 3363 702 Deum,
3386 652 3449 691 ac

187 721 474 792 θαυμάσαι
505 739 566 774 τε
593 723 690 776 καὶ
719 722 1143 794 εὐφημήσαντας
1181 723 1273 777 τὸν
1305 724 1440 778 Θεὸν
1465 725 1660 797 βεϐαίᾳ
1703 728 1725 778 ἐ

1911 727 2041 778 irma
2075 739 2171 793 spe
2197 723 2501 788 crederent,
2535 732 2698 793 atque
2729 740 2833 778 una
2869 741 2994 779 eum
3037 726 3104 781 iis
3134 728 3226 797 qui
3272 730 3449 784 sanati

181 815 305 868 πίδι
332 814 648 878 πιστεῦσαι,
680 815 799 885 ἅμα
830 833 891 868 τε
923 819 1037 880 τοῖς
1056 817 1100 848 ⁸⁸
1129 816 1548 888 θεραπευθείσιν
1591 820 1684 872 ἐπὶ
1710 837 1719 853 ι

1914 823 2119 880 nerant,
2150 814 2219 868 ad
2246 828 2345 868 sua
2371 813 2604 878 abirent,
2642 815 2898 869 mandato
2923 826 3165 886 accepto,
3193 827 3253 873 ut
3275 828 3452 876 matu-

183 906 404 960 ἑαυτῶν
449 907 695 971 ἀπιέναι,
735 907 953 981 ἐντολὴν
1002 909 1160 982 197
1207 909 1430 980 ἔχοντας
1478 913 1720 982 πρωῒτερ

1915 907 2001 961 ius
2032 906 2296 976 postridie
2327 905 2706 960 convenirent.
2739 906 2987 976 Cumque
3033 909 3449 978 discessissent,

180 1003 252 1071 τῇ
285 1000 555 1072 ὑστεραίᾳ
590 999 883 1054 συνελθεῖν.
939 1001 1308 1057 Ἀπελθόντων
1339 1003 1396 1057 δὲ
1430 1004 1632 1068 αὐτῶν,
1663 1006 1718 1057 ἐκ

1912 996 1956 1050 bi
1987 1010 2217 1049 manens
2236 993 2430 1048 Petrus
2456 1009 2563 1048 una
2588 1010 2714 1050 cum
2739 994 3125 1063 familiaribus,
3152 999 3275 1054 cibo
3301 1017 3450 1056 sum-

183 1094 390 1162 μείνας
425 1092 456 1144 ὁ
487 1092 696 1162 Πέτρος
721 1091 858 1162 μετά
889 1093 997 1146 τῶν
1021 1093 1067 1126 ³ο
1095 1094 1363 1165 συνήθων,
1387 1095 1592 1166 τροφῆς
1614 1113 1780 1166 μετα·
1882 1097 1997 1155 Ρῑοο
2027 1101 2085 1142 se
2113 1101 2308 1140 somno
2337 1084 2542 1140 Γείθείι-

178 1184 368 1237 λαϐὼν
393 1183 715 1238 διανέπαυεν
748 1183 941 1238 ἑαυτὸν
968 1184 1047 1255 τῷ
1072 1184 1242 1256 ὕπνῳ.

1544 1333 1584 1349 ‘
2628 1320 2698 1332 _

812 1371 1071 1442 'OMlAlA
1099 1371 1177 1425 6'.
2458 1381 2745 1437 llOMILlA
2775 1383 2864 1437 IX.

257 1463 300 1516 1.
337 1463 419 1535 Τῇ
455 1462 552 1534 μὲν
574 1461 668 1518 οὖν
688 1463 733 1495 ³⁸
763 1462 993 1534 ἐπιούσῃ
1021 1461 1207 1534 ἡμέρᾳ
1233 1465 1262 1516 ὁ
1290 1463 1500 1533 Πέτρος
1531 1461 1649 1533 ἅμα
1667 1465 1780 1528 τοῖς

1952 1477 1992 1532 l.
2029 1475 2287 1546 Sequenti
2333 1477 2551 1545 quidem
2583 1475 2670 1529 die
2710 1474 2904 1529 Petrus
2940 1491 3050 1528 una
3095 1489 3218 1528 cum
3251 1473 3453 1527 sodali-

182 1553 425 1626 ἑταίροις
445 1554 603 1621 ἐξιὼν
635 1556 730 1608 καὶ
762 1555 853 1607 ἐπὶ
884 1553 976 1607 τὸν
1005 1555 1112 1625 πρὸ
1143 1557 1272 1626 μιᾶς
1303 1556 1465 1608 τόπον
1487 1554 1655 1609 ἐλθὼν
1683 1575 1717 1610 κ

1918 1585 1986 1623 us
2031 1583 2288 1639 egressus
2317 1577 2371 1621 et
2403 1567 2470 1621 ad
2501 1567 2680 1620 locum
2713 1565 3066 1636 praecedentis
3095 1565 3201 1619 diei
3232 1565 3454 1619 veniens

183 1646 418 1709 ἐπιστὰς
446 1645 647 1717 ἤρξατο
663 1646 864 1716 λέγειν·
885 1647 942 1699 'O
954 1646 1084 1710 Θεὸς
1113 1649 1242 1711 τοὺς
1265 1648 1431 1702 πάλαι
1461 1649 1721 1720 ἀνθρώποπ

1916 1675 1945 1714 c
1991 1659 2301 1714 consistens
2353 1660 2520 1728 coepit
2562 1659 2744 1713 dicere
2794 1677 2808 1710 :
2845 1656 2990 1712 Deus
3037 1657 3286 1711 homines
3323 1656 3454 1718 olim

182 1739 567 1810 ἀσεϐήσαντας
610 1739 818 1802 πάντας
855 1737 1008 1792 ὕδατι
1060 1739 1377 1810 διαφθείρας
1400 1781 1415 1803 ,
1458 1742 1522 1793 ἐκ
1561 1741 1720 1795 πάντ(

1917 1753 2082 1822 mpios
2123 1760 2353 1806 cunctos
2404 1766 2530 1805 cum
2583 1766 2680 1820 per
2731 1765 2928 1820 aquam
2981 1748 3335 1818 perdidisset,
3393 1763 3455 1800 ac

192 1830 293 1882 ἕνα
313 1829 524 1900 εὐσεϐῆ
544 1829 742 1900 εὑρὼν,
773 1832 831 1882 ἐν
880 1829 1110 1902 λάρνακι
1164 1831 1300 1902 μετά
1341 1832 1506 1900 τριῶν
1539 1833 1703 1886 αὑτοῦ

1916 1859 2052 1898 ηηιιῐη
2103 1859 2170 1897 ex
2223 1844 2480 1898 omnibus
2514 1843 2664 1912 pium
2702 1841 3035 1906 invenisset,
3078 1841 3131 1894 in
3174 1855 3297 1894 arca
3328 1855 3454 1892 eum

183 1922 322 1974 υἱῶν
347 1923 442 1975 καὶ
471 1921 745 1990 γυναικῶν
778 1921 1015 1993 σωθῆναι
1043 1923 1317 1993 ἐποίησεν.
1359 1925 1518 2007 Ὄ-θεν
1550 1926 1721 1978 συνιδε

1917 1951 2007 1989 um
2055 1936 2232 1990 tribus
2275 1937 2402 1991 filiis
2443 1944 2497 1990 et
2537 1950 2729 1990 eorum
2766 1934 3031 1988 uxoribus
3066 1934 3274 1987 salvum
3309 1930 3452 1985 fecit.

185 2011 336 2064 ἔστιν
372 2013 536 2066 αὐτοῦ
568 2015 669 2087 τὴν
700 2015 860 2082 φύσιν
881 2054 896 2079 ,
932 2014 1090 2086 ὄχλου
1133 2015 1232 2087 μὲν
1258 2017 1598 2071 ἀσεϐούντων
1627 2019 1701 2089 μὴ

1919 2023 2038 2079 inde
2065 2035 2290 2094 apparet
2307 2025 2492 2079 divina
2519 2033 2736 2090 natura,
2769 2039 2890 2094 quae
2916 2023 3210 2093 impiorum
3235 2020 3457 2091 quidem

183 2103 581 2174 φροντίζουσαν
602 2145 619 2171 ,
654 2106 774 2171 ἐνὸς
802 2106 860 2160 δὲ
909 2106 1169 2171 εὐσεϐοῦς
1204 2108 1477 2180 σωτηρίας
1511 2110 1610 2163 οὐκ
1641 2111 1721 2181 ἀμ

1924 2115 2121 2186 egligit.
2147 2115 2580 2181 multitudinem,
2609 2114 2775 2168 unius
2810 2129 2941 2167 vero
2979 2113 3054 2182 pii
3087 2112 3318 2166 salutem
3347 2124 3456 2164 non

182 2196 410 2251 λοῦσαν.
459 2199 659 2253 Πασῶν
694 2195 789 2254 οὖν
821 2199 1020 2279 peng
1068 2201 1113 2233 ³⁸
1154 2201 1304 2254 ἐστὶν
1338 2201 1562 2256 ἀσέϐεια
1593 2203 1654 2256 τὸ
1690 2221 1720 2256 τ

1921 2207 2135 2276 espicit.
2189 2206 2526 2260 Cunctarum
2581 2220 2712 2276 ergo
2767 2204 3008 2258 maxima
3042 2211 3126 2257 est
3180 2201 3457 2269 impietas,

185 2292 353 2361 μόνον
387 2291 606 2346 πάντων
638 2291 1042 2362 καταλείψαντα
1065 2293 1364 2364 Δεσπότην,
1399 2293 1627 2356 πολλοὺς
1655 2297 1723 2348 τολ

1922 2298 2062 2352 olum
2096 2297 2344 2351 omnium
2371 2296 2654 2354 dominum
2688 2295 3016 2365 relinquere,
3051 2301 3105 2347 et
3139 2292 3342 2347 multos
3363 2293 3460 2362 qui

181 2385 286 2437 οὐκ
319 2384 483 2448 δντας
508 2385 585 2448 ὡς
609 2384 771 2447 ὄντας
808 2385 854 2416 ³⁸
882 2384 1062 2437 σέϐειν
1092 2383 1268 2448 θεούς.

1884 2403 1992 2442 non
2021 2397 2169 2452 sunt,
2204 2388 2363 2456 quasi
2395 2388 2541 2455 sint,
2571 2388 2704 2442 deos
2737 2387 3013 2444 venerari.

260 2476 325 2530 ll.
375 2477 499 2530 Ἑάν
529 2472 623 2531 οὖν
653 2477 809 2549 (ἐμοῦ
841 2478 968 2549 ὑμῖν
1003 2477 1380 2550 ὑφηγουμένου
1412 2478 1508 2531 καὶ
1539 2477 1785 2533 δεικνύν-

1953 2480 2017 2534 ll.
2054 2480 2113 2536 Si
2146 2497 2277 2552 ergo
2315 2482 2467 2552 (dum
2498 2482 2654 2536 vobis
2676 2496 2874 2536 enarro
2894 2496 2959 2535 ac
2982 2481 3232 2548 ostendo,
3259 2481 3308 2536 id
3335 2497 3459 2536 ma-

182 2587 303 2634 τος,
335 2570 418 2622 ὅτι
439 2570 600 2622 τοῦτό
634 2570 750 2622 ἐστι
778 2570 838 2623 τὸ
875 2569 1131 2640 μέγιστον
1159 2569 1484 2642 ἁμάρτημα,
1514 2569 1543 2622 ὃ
1577 2571 1720 2624 πάντ.

1923 2571 2092 2626 imum
2123 2586 2244 2626 esse
2274 2581 2578 2642 peccatum,
2611 2571 2758 2641 quod
2782 2586 2879 2624 vos
2903 2585 3094 2624 omnes
3123 2571 3298 2639 possit
3332 2587 3455 2639 per-

185 2664 340 2733 ὑμᾶς
373 2662 636 2716 ἀπολέσαι
681 2661 925 2732 δύναται)
971 2663 1062 2714 τὸν
1114 2662 1377 2734 ὑμέτερον
1409 2663 1702 2737 ὐποδράμῃ

1921 2665 2033 2735 ere)
2069 2674 2261 2720 vestra:
2300 2664 2470 2718 menti
2515 2663 2821 2726 subveniat,
2862 2678 2958 2718 vos
2999 2678 3108 2716 non
3162 2665 3458 2732 perituros,

181 2755 335 2817 νοῦν,
381 2755 463 2808 ὅτι
504 2754 603 2807 οὐκ
634 2753 956 2818 ἀπόλλυσθε,
1001 2753 1187 2808 πολλοὶ
1226 2754 1380 2818 ὅντες
1425 2755 1606 2826 ὄχλοι,
1639 2758 1719 2826 ηπ

1924 2758 2012 2811 uia
2057 2757 2278 2826 plurimi
2323 2756 2477 2822 estis,
2514 2756 2710 2810 erratis
2741 2773 2756 2821 ;
2796 2755 3010 2810 habetis
3044 2756 3243 2824 quippe
3273 2757 3460 2810 mundi

179 2847 380 2917 τησθε’
415 2846 569 2916 ἔχετε
599 2846 708 2918 γὰρ
736 2846 829 2900 τοῦ
860 2846 1026 2902 πάλαι
1059 2847 1530 2912 κατακλυσθέντος
1573 2849 1717 2920 κόσμ

1923 2849 2018 2903 lim
2051 2850 2256 2903 diluvio
2304 2849 2554 2905 inundati
2604 2849 2952 2918 exemplum;
2998 2857 3050 2903 et
3080 2864 3208 2903 vero
3239 2849 3458 2902 illorum

180 2940 252 2992 τὸ
307 2939 638 3010 ὑπόδειγμα·
692 2941 871 2993 καίτοι
925 2941 1153 2995 ἐκείνων
1209 2941 1309 3012 μὲν
1366 2943 1429 2995 τὸ
1477 2942 1718 3015 ἀμάρτηε

1922 2953 2171 2998 eccatum
2203 2943 2376 2997 multo
2411 2955 2529 2996 erat
2561 2943 2743 2996 minus
2768 2951 2969 2997 vestro.
3021 2941 3104 2995 llli
3143 2958 3379 3012 namque
3405 2943 3460 2996 in

184 3024 508 3107 πολιῆττον
537 3027 607 3102 ἦν
624 3031 718 3084 τοῦ
745 3031 867 3085 καθ’
895 3033 1058 3103 0e34-
1106 3033 1334 3087 Ἐκεῖνοι
1365 3033 1475 3105 γὰρ
1507 3036 1588 3098 είς
1621 3035 1722 3105 l9

1923 3052 2045 3092 ares
2085 3036 2250 3106 impie
2281 3051 2339 3090 se
2367 3042 2674 3104 gesserunt,
2712 3042 2806 3087 aut
2830 3033 3151 3100 occidendo,
3181 3042 3280 3087 aut
3304 3033 3461 3086 adul-

182 3123 320 3186 τοὺς
352 3106 568 3194 offatm;
601 3124 645 3154 ³⁷
680 3123 930 3194 ἠσέϐουν,
956 3124 988 3184 ἢ
1011 3125 1381 3197 φονεύοντεςῆ
1416 3126 1720 3197 μοιχεύοντε

1918 3127 2152 3183 arando:
2189 3141 2287 3180 vos
2315 3135 2497 3180 autem
2542 3124 2597 3178 in
2621 3124 2866 3178 omnium
2911 3123 3080 3178 Deum
3121 3125 3254 3178 estis
3283 3125 3456 3194 impii,

185 3215 356 3285 ὑμεῖς
385 3214 441 3268 δὲ
474 3216 554 3278 εἰς
584 3216 676 3268 τὸν
707 3216 815 3268 τῶν
843 3217 978 3270 ὅλων
1013 3217 1260 3271 ἀσεϐεῖτε
1289 3219 1443 3283 Θεὸν,
1479 3219 1592 3272 ἀντ’
1616 3220 1723 3272 αὔτε

1924 3235 1985 3275 ro
2014 3235 2080 3275 eo
2124 3219 2204 3274 vel
2228 3234 2352 3274 cum
2385 3233 2453 3273 eo
2484 3217 2727 3271 inanima
2763 3218 3001 3272 colentes
3025 3217 3340 3282 simulacra,
3373 3231 3460 3270 sa-

185 3305 222 3376 ἢ
255 3307 355 3360 καὶ
397 3309 493 3359 σὺν
540 3306 689 3377 αὐτῷ
737 3307 920 3378 ἄψυχα
959 3309 1250 3380 ἀγάλματα
1296 3310 1561 3375 σέϐοντες,
1597 3313 1688 3366 καὶ
1719 3333 1723 3347 ι

1919 3327 2151 3382 rumque
2174 3311 2294 3380 ejus
2331 3324 2529 3364 nomen
2566 3309 2915 3379 projicicntes
2947 3308 3017 3362 ad
3043 3324 3259 3363 omnem
3292 3323 3457 3362 sensu

186 3397 336 3450 θεῖον
388 3396 553 3450 αὐτοῦ
615 3398 788 3469 ὄνομα
847 3400 998 3472 πάσῃ
1058 3402 1370 3474 ἀναισθήτῳ
1415 3402 1514 3476 ὕλῃ
1561 3405 1724 3477 ἐπιρῤ

1919 3413 2158 3460 arentem
2205 3402 2511 3458 materiam.
2562 3400 2748 3455 Primo
2779 3401 2960 3467 itaque
2992 3398 3278 3453 infeliciter
3303 3399 3457 3453 vobis

184 3488 414 3558 ψαντες.
453 3489 675 3560 Πρῶτον
716 3491 814 3562 μὲν
844 3487 940 3546 οὖν
985 3493 1436 3566 δεδυστυχήκατε,
1473 3495 1546 3566 μὴ
1577 3512 1722 3568 γνωρ

1920 3497 2070 3562 essit,
2113 3496 2261 3566 quod
2303 3495 2662 3550 differentiam
2706 3493 2848 3547 inter
2882 3493 3044 3547 unius
3069 3507 3133 3545 ac
3161 3492 3458 3546 multorum

189 3599 390 3646 σαντες
421 3584 520 3654 τὴν
563 3583 826 3655 διαφοράν
855 3585 956 3660 τὴν
991 3587 1192 3655 μεταξὺ
1229 3589 1526 3659 μοναρχίας
1563 3591 1656 3642 καὶ
1685 3607 1727 3641 π

1924 3589 2247 3658 rincipatum
2295 3585 2578 3658 ignoratis,
2615 3585 2875 3654 quoniam
2920 3583 3083 3637 unius
3125 3582 3460 3653 principatus

187 3674 477 3746 λυαρχίας,
511 3676 593 3728 ὅτι
626 3679 660 3747 ἡ
693 3677 790 3748 μὲν
807 3678 1070 3750 μοναρχία
1092 3677 1201 3749 (15)
1218 3680 1464 3750 ὁμονοίας
1496 3682 1610 3734 ἐστὶ
1642 3699 1725 3752 παι

1923 3681 2190 3736 οιιουτάἱτε
2238 3678 2502 3734 faciendae
2550 3679 2658 3731 vim
2714 3677 2896 3741 habet,
2954 3677 3294 3746 principatus
3331 3690 3461 3728 vero

186 3768 419 3837 εκτικὴ,
468 3769 501 3838 ἡ
544 3767 601 3820 δὲ
636 3768 938 3841 πολυαρχία
968 3770 1218 3840 πολέμων
1264 3770 1644 3845 ἐξεργαστική.
1704 3775 1724 3825 ’]

1925 3772 2179 3826 nullorum
2228 3771 2450 3826 eﬂector
2502 3770 2770 3824 bellorum
2822 3777 2923 3823 est.
2980 3768 3135 3834 Quod
3183 3767 3328 3821 enim
3379 3773 3463 3820 est

188 3860 301 3931 γὰρ
329 3859 388 3912 ἓν
413 3860 593 3930 ἐαυτῷ
615 3861 677 3913 οὐ
703 3861 933 3932 μάχεται
956 3901 971 3925 ,
991 3862 1058 3915 τὰ
1089 3863 1147 3915 δὲ
1172 3861 1341 3916 πολλὰ
1362 3864 1632 3935 πρόφασιν
1667 3865 1726 3936 έχ

1927 3885 2080 3934 num,
2102 3883 2286 3922 secum
2306 3882 2415 3920 non
2445 3862 2678 3934 pugnat';
2711 3879 2831 3934 quae
2848 3877 2977 3917 vero
2999 3870 3126 3916 sunt
3157 3860 3349 3923 multa,
3372 3874 3465 3914 oc:

189 3953 291 4022 τὴν
325 3952 373 3985 ³⁸
399 3952 538 4022 πρὸς
568 3953 754 4025 ἕτερον
791 3955 972 4026 μάχην
1001 3955 1320 4025 ἐπιχειρεῖν.

1921 3961 2160 4015 asionem
2198 3959 2399 4013 habent
2423 3971 2483 4012 se
2517 3956 2749 4009 invicem
2773 3953 3118 4024 aggrediendi
3143 3941 3459 4006 certamine.

262 4043 356 4098 Ill.
390 4045 598 4099 Αὐτίκα
630 4045 784 4115 γοῦν,
809 4047 970 4124 εὐθὺς
1004 4047 1048 4079 ⁸⁹
1085 4048 1222 4118 μετά
1253 4049 1345 4102 τὸν
1378 4049 1779 4120 κατακλυσμὸν,

1956 4071 2042 4128 lll.
2095 4070 2289 4127 Statim
2323 4074 2505 4140 itaque
2545 4076 2668 4138 post
2713 4066 2979 4122 diluvium
3021 4063 3135 4120 Noe
3165 4065 3324 4120 annis
3355 4076 3464 4119 tre-

191 4141 220 4191 ὁ
249 4139 378 4191 Νῶε
412 4138 701 4209 τριακόσια
723 4141 820 4196 καὶ
855 4140 1192 4212 πεντήκοντα
1224 4141 1489 4215 ἐπιζήσας
1515 4141 1608 4218 ἔτη
1646 4159 1729 4216 μεη

1923 4167 2058 4222 entis
2097 4172 2152 4220 et
2198 4163 2593 4235 quinquaginta
2659 4168 2936 4229 superstes
2978 4170 3004 4198 ει
3049 4157 3104 4211 in
3167 4156 3461 4217 concordia

191 4231 306 4283 τῶν
340 4230 399 4297 ἐξ
433 4232 596 4285 αὑτοῦ
629 4234 935 4305 γενομένων
969 4235 1140 4305 ὄχλων
1173 4237 1229 4288 ἐν
1262 4236 1484 4307 ὁμονοία
1524 4236 1724 4290 διετέλε

1923 4275 2014 4318 um
2045 4230 2280 4312 lilioruim
2321 4230 2469 4308 vixit
2492 4251 2861 4316 multitudine,
2911 4248 3122 4318 fuitque
3150 4247 3322 4302 solius
3365 4245 3461 4300 Dei

192 4323 290 4375 τοῦ
329 4323 494 4393 μόνου
526 4324 660 4377 Θεοῦ
694 4327 814 4378 κατ’
839 4327 1021 4379 εἰκόνα
1052 4328 1300 4400 ὑπάρξας
1328 4328 1601 4398 βασιλεύς.
1627 4331 1730 4383 Ma:

1924 4323 1952 4410 d
1992 4349 2284 4424 imaginem
2332 4361 2450 4406 rex.
2489 4343 2620 4398 Post
2661 4349 2890 4395 mortem
2934 4353 3065 4392 vero
3109 4337 3255 4390 illius
3304 4335 3462 4387 multi

193 4415 250 4468 δὲ
285 4416 387 4486 τὴν
410 4415 574 4469 αὑτοῦ
608 4417 865 4488 τελευτὴν
888 4418 1076 4472 πολλοὶ
1095 4420 1201 4483 τῶν
1232 4419 1289 4487 ἐξ
1318 4421 1481 4475 αὐτοῦ
1506 4421 1731 4491 βασιλείε

1924 4415 2229 4504 osterorum
2261 4459 2488 4516 regnum
2515 4435 2878 4512 oppetierunt,
2911 4442 2967 4492 et
2996 4427 3256 4507 regnandi
3279 4425 3462 4481 studio

193 4510 549 4582 ὠρέχθησαν,
617 4512 714 4564 καὶ
761 4511 896 4582 πρὸς
964 4511 1025 4564 τὸ
1085 4511 1399 4582 βασιλεῦσαι
1465 4513 1731 4567 σπεύδοντι

1919 4540 2264 4610 .nusquisque
2287 4510 2852 4603 modumexcogitavit
2875 4545 2983 4599 quo
3006 4535 3191 4600 posset
3207 4537 3457 4598 regnate.

190 4605 256 4656 τὸ
291 4604 411 4667 πῶς
446 4603 696 4676 δυνηθείη
729 4605 957 4668 ἕκαστος
998 4607 1227 4658 ἐπενόει.
1269 4608 1380 4660 Καὶ
1421 4607 1450 4658 ό
1494 4608 1592 4678 μὲν
1627 4608 1726 4660 πολ

1922 4594 1996 4687 lle
2039 4594 2260 4700 quidem
2307 4629 2473 4691 bello,
2515 4594 2828 4689 aliusvdolo,
2873 4594 3024 4677 alter.
3045 4620 3215 4677 suada
3246 4594 3300 4675 et
3321 4619 3460 4674 alius

197 4713 307 4766 μῳ,
337 4695 494 4759 ἄλλος
527 4696 662 4767 δόλῳ
685 4739 700 4762 ,
745 4696 931 4768 ἕτερος
964 4697 1140 4750 πειθοῖ
1173 4698 1240 4762 βο,
1269 4701 1364 4751 καὶ
1394 4699 1552 4762 ἄλλος
1584 4699 1735 4753 ἄλλω

2092 4721 2135 4775 Ε
2163 4721 2367 4791 quibus
2395 4734 2540 4774 unus
2561 4717 2772 4772 exstitit
2799 4715 2867 4769 de
2897 4728 3091 4784 genere
3115 4711 3328 4777 Chami,
3361 4726 3461 4779 pa.
3567 4753 3571 4758 .

192 4783 271 4842 ὧν
292 4782 374 4850 εἷς
403 4805 488 4851 τις
507 4789 615 4841 ἀπὸ
645 4789 832 4856 γένους
859 4786 935 4842 ὢν
974 4789 1130 4859 Χὰμ,
1157 4789 1240 4843 τοῦ
1275 4793 1597 4860 ποιήσαντος
1625 4792 1716 4846 τὸν

1924 4817 1987 4870 ris
2033 4813 2348 4878 Mesraimi,
2401 4826 2468 4864 ex
2537 4824 2648 4881 quo
2715 4806 3010 4861 Mesraimo
3081 4803 3462 4875 A‘Zgyptiorum

271 4913 298 4940 ι
329 4899 468 4955 Gen.
497 4917 573 4965 ix,
597 4899 688 4954 9.8.

1501 4993 1736 5051 vitam
1776 4977 2176 5049 LECTIONES.

281 5086 332 5124 ’⁸
355 5082 432 5166 lla
474 5083 557 5163 St,
612 5085 829 5166 βεϐαίας
852 5083 1064 5166 {Aa-ﬁo;
1097 5085 1395 5166 ntafsgsw,
1427 5087 1564 5166 diu;
1595 5090 1708 5166 τοῖς
1748 5087 1793 5152 (Ζ,
1820 5127 1834 5151 ,
1865 5084 2086 5166 βεϐαίας
2119 5084 2306 5166 ’ἐλπίδι
2328 5083 2624 5166 πιστευειν,
2657 5082 2772 5166 sine
2805 5081 2918 5142 τοῖς
2947 5076 3021 5166 0...
3091 5149 3103 5165 .
3122 5080 3166 5111 ³⁰
3183 5081 3463 5166 μενόντων

199 5171 254 5224 p.
282 5155 445 5278 (μετά
466 5154 574 5206 τῶν
612 5149 686 5210 ’(ὶ.
763 5157 805 5187 ³¹
834 5152 927 5208 οὖν
954 5156 1078 5210 add.
1102 5171 1154 5212 c.
1181 5155 1391 5210 O.Tum
1427 5149 1500 5210 id.
1539 5149 1796 5228 ἑταίροις,
1822 5149 1891 5210 ὐί
1915 5157 2016 5226 legi
2043 5156 2157 5209 vult
2181 5157 2221 5224 ᾳ
2251 5195 2266 5219 ,
2319 5157 2479 5223 cujus
2504 5163 2635 5207 text.
2674 5151 2898 5249 ἐτέροις.
2977 5149 3021 5179 ⁹¹
3045 5149 3209 5202 αὐτοῦ
3236 5151 3462 5220 adjunxi

200 5243 253 5278 c.
335 5265 349 5278 .
386 5225 432 5255 ³³
453 5225 514 5277 οὐ
537 5223 601 5280 Ο.
679 5226 723 5256 ³⁸
747 5225 822 5280 Ita
845 5225 890 5280 Ο
943 5242 993 5280 c.
1024 5226 1063 5278 S
1093 5267 1108 5289 ,
1145 5226 1325 5289 μεῖζον
1347 5225 1410 5281 C.
1488 5227 1532 5260 ³⁸
1562 5226 1702 5284 Vbh.
1730 5228 1806 5289 ὡς
1849 5227 2008 5288 ὄντας
2038 5241 2126 5289 ap.
2157 5225 2195 5279 S
2246 5240 2358 5278 non
2405 5231 2641 5278 exstant.
2742 5220 2762 5249 ³
2817 5217 3105 5289 ὑμποδράμῃ
3133 5223 3236 5289 leg.
3268 5230 3461 5274 censet

200 5243 253 5278 c.
282 5241 349 5278 υ.
386 5241 432 5255 ὀ
453 5241 514 5277 ου
537 5241 601 5280 υ.
679 5241 723 5256 ον
747 5241 822 5280 Ita
845 5241 890 5280 U
943 5242 993 5280 c.
1024 5241 1063 5278 δ
1093 5267 1108 5292 ,
1145 5241 1325 5296 μειςον
1347 5241 1410 5281 u.
1488 5241 1532 5260 °'
1570 5241 1702 5284 vnn.
1730 5241 1806 5291 ως
1849 5241 2008 5288 οντας
2038 5241 2126 5293 ap.
2157 5241 2195 5279 δ
2246 5241 2358 5278 non
2405 5241 2641 5278 exsrant.
2742 5241 2786 5249 --
2817 5241 3105 5290 υποοραμῃ
3133 5241 3236 5290 tog.
3268 5241 3460 5274 censet

201 5293 644 5376 D..suﬂ'r'agaiite
671 5295 735 5358 Ο,
760 5296 1052 5376 ἀποδράμῃ
1075 5297 1136 5350 G.
1174 5294 1539 5376 Posteabxlm
1565 5315 1578 5364 ;
1607 5299 1690 5376 O._
1747 5299 1789 5330 ³⁷
1820 5297 2019 5376 ὁμοίως
2041 5294 2122 5376 0..
2183 5294 2507 5376 ’f‘_P‘ortasse
2542 5294 2646 5372 leg:
2666 5289 2792 5376 [φῦ.
3047 5291 3174 5376 είέθύ
3229 5292 3291 5346 C.
3320 5291 3460 5376 Τρρι

200 5364 332 5472 ἱρέα
357 5365 453 5418 καί
485 5359 594 5433 pro
637 5359 923 5437 τριακόσια
969 5359 1054 5433 (ζ’,
1111 5366 1206 5434 qui
1256 5359 1476 5435 quidem
1531 5359 1820 5438 genuinam
1855 5359 2383 5422 'Ottobonianimct.
2427 5364 2538 5432 jam
2592 5359 2726 5414 vidit
2758 5359 3055 5440 exstare_in
3084 5363 3220 5417 Gen.
3261 5359 3454 5440 H.328.

284 5433 356 5472 Ila
404 5434 450 5472 (ι
524 5450 553 5472 ιι
616 5433 653 5472 ς
769 5436 941 5472 ηερε-νοοῖ.
973 5435 1012 5472 Π
1112 5437 1154 5471 ιι
1183 5436 1274 5472 ei.“
1307 5439 1577 5472 accnmnci
1608 5454 1671 5472 ον
1709 5438 1753 5472 ﬂ
1813 5437 1949 5472 'l‘nm
1979 5434 2056 5472 ς.
2092 5436 2174 5472 Ian
2224 5434 2478 5472 Men-rm?”
2539 5433 2620 5472 nfr
2676 5429 2792 5472 "an-
2842 5447 2915 5472 Iv-
2949 5429 3058 5472 Ξιξ
3135 5434 3212 5472 Fr.
3267 5429 3454 5472 mulius

284 5433 358 5488 Ita
495 5429 573 5490 ὀ.
616 5429 721 5512 S',
769 5436 946 5512 πειθῴ
1112 5429 1154 5471 δ”
1183 5429 1579 5512 adv-assunin
1608 5454 1676 5512 ex
1707 5438 1775 5512 ρ.
1813 5437 1950 5512 Tum
1979 5434 2056 5489 S:
2092 5429 2504 5512 leg._Mscpafp,
2539 5433 2639 5487 cfr.
2669 5429 2794 5512 fleo.
2817 5447 2919 5497 ,iv,
3047 5434 3212 5512 :__Ea:
3267 5429 3455 5512 quibus

204 5519 342 5577 Ῑιῃιιε
377 5503 547 5558 Cham
578 5495 820 5577 nomine,
861 5495 1073 5558 cdidam
1109 5520 1174 5558 ea:
1199 5506 1330 5574 ﬁliis
1366 5495 1511 5570 suis:
1552 5509 1642 5577 qui
1697 5507 1948 5561 Mesraim
1979 5495 2366 5576 appellabatur:
2419 5495 2624 5559 Chron.
2666 5500 2820 5553 Alex.
2863 5516 2916 5568 ρ.
2952 5498 3042 5551 62.
3073 5503 3208 5557 llad.
3239 5520 3253 5555 :
3280 5495 3458 5560 ὀὗτος

203 5574 500 5646 Μεσραεὶμ
524 5578 552 5629 ὁ
583 5575 1189 5647 Αἰγύπτιος-οἰκήτωρ
1213 5577 1421 5644 γίνεται
1450 5574 1730 5649 Βάκτρων.

1527 5653 1888 5721 VAnionUM
1927 5665 2159 5721 NOTAE.

243 5755 514 5840 “(15).?!
537 5758 1000 5840 μὲΙνᾼμοζρρχία,
1023 5767 1129 5814 etc.
1164 5758 1346 5830 Usque
1375 5759 1442 5815 ad
1471 5758 1631 5840 finem
1679 5775 1771 5840 ea:
1880 5759 2163 5840 ἀναρχίας.
2198 5758 2736 5840 (Pargllelorunn‘lib.
2793 5775 2831 5820 ι.
2870 5774 2989 5832 cap.
3017 5755 3131 5829 ἥ.)
3180 5754 3313 5810 Vide
3357 5771 3455 5810 su—

205 5827 358 5898 pitis.
408 5829 464 5883 In
518 5829 720 5899 scripto
769 5826 1105 5886 Damasccno
1155 5826 1371 5888 exstant
1422 5830 1610 5900 ecloga
1653 5829 1779 5900 περὶ
1889 5826 2072 5899 perius
2101 5830 2289 5886 homil.
2325 5830 2380 5899 3,
2404 5845 2525 5902 cap.
2558 5829 2647 5884 62.
2683 5830 2819 5885 Cor.
