3894 6208
441 348 542 404 ΞΠ
1227 337 1283 391 S.
1314 327 1699 388 CLEMENTIS
1734 326 1754 379 Ι
1793 325 1956 379 ROM.
1998 322 2199 378 PONT.
2244 321 2469 377 OPERA
2510 321 2736 377 DUBlA.
3585 320 3712 375 243

442 468 745 537 plausibus,
769 474 1005 535 quorum
1047 455 1220 527 gratia
1274 450 1487 521 decepti
1527 450 1677 504 stulti
1730 443 1980 499 homines

2172 452 2213 487 ιν
2245 452 2304 486 τε
2340 436 2433 487 καὶ
2466 436 2689 504 κρότων,
2724 430 2800 490 ὧν
2834 436 3103 505 προφάσει
3133 436 3181 487 o!
3216 436 3427 505 ἀνόητοι
3461 435 3710 489 ἀπατώ-

439 528 692 635 quemvis
722 573 890 630 regno
932 570 1032 611 suo
1071 552 1307 615 sublato,
1336 564 1366 602 a
1396 541 1849 635 concurrentibus
1894 553 1977 591 n01

2174 546 2282 589 1V0t,
2312 529 2488 581 καίτοι
2519 529 2618 598 τῆς
2654 528 2929 600 βασιλείας
2961 530 3137 582 αὐτῶν
3156 528 3567 600 ἀφαιρεθείσης,
3592 532 3712 583 αὑ-

440 620 715 717 desistunt
744 620 1258 722 superstitionibus:
1294 644 1348 697 in
1379 648 1591 696 tantum
1632 633 1847 690 veritati
1881 647 1978 701 pro

2166 622 2190 673 ιὶ
2216 620 2324 674 τῶν
2358 622 2726 675 συνελθουσῶν
2751 621 2797 653 ⁵⁸
2816 622 3120 694 θρησκειῶν
3140 623 3239 675 οὐκ
3259 622 3656 677 ἀπολείπονται
3686 638 3704 653 ο

441 714 563 825 pter
582 714 914 818 voluptatem
944 755 1183 799 errorem
1243 734 1555 807 praeferunt.
1614 730 1743 825 Qui-
1774 737 1830 783 et
1884 742 1979 825 pos

2168 715 2200 766 τὶ
2248 714 2500 767 τοσοῦτον
2547 715 2645 786 τῆς
2679 714 2955 787 ἀληθείας,
2990 715 3078 768 διὰ
3123 717 3167 747 ⁸⁸
3197 716 3297 787 τὴν
3332 716 3706 787 ἡδυπάθειαν,

441 807 730 917 crapulam.
745 840 815 897 ad
838 853 963 895 aras
990 841 1325 891 contractam
1346 828 1605 886 emittunt
1633 822 1894 917 ululatus,
1926 819 1979 917 ni

2171 807 2483 878 >οετίμησαν
2514 808 2614 878 τὴν
2645 808 2850 879 πλάνην
2884 809 2950 862 ⁵⁸.
2988 810 3049 862 Οἳ
3083 809 3175 861 καὶ
3212 809 3349 879 μετά
3384 810 3554 881 μέθην
3582 828 3709 864 πα-

442 898 645 995 mirrum
676 935 858 991 anima
880 947 947 986 ex
972 926 1261 999 profundo,
1290 921 1441 977 velut
1462 920 1517 973 in
1565 915 1795 973 somniis
1823 955 1839 978 ,
1876 912 1977 982 ipsi

2172 898 2385 970 ιὸὡμιον
2411 901 2837 968 ἐπολολύζουσιν,
2874 904 2972 974 τῆς
2990 903 3166 975 ψυχῆς
3187 907 3249 958 ἐκ
3271 904 3465 975 βάθους
3497 905 3710 977 ὥσπερ

442 990 843 1102 praenuntiante
857 990 1099 1078 futuram
1115 1019 1181 1075 de
1197 1016 1398 1073 talibus
1411 1010 1671 1082 operibus
1690 1007 1980 1061 vindictam

2173 996 2174 1004 ‘
2208 991 2432 1063 ὀνείρων
2466 995 2649 1058 αὐτοῖς
2679 995 2776 1066 τὴν
2815 995 3111 1066 μέλλουσαν
3144 998 3235 1050 ἐπὶ
3260 1001 3382 1061 ταῖς
3412 997 3711 1061 τοιαύταις

2112 1084 2289 1137 αὐτῶν
2324 1085 2553 1156 πράξεσι
2587 1088 3065 1161 προαγγελλούσης
3094 1089 3381 1162 τιμωρίαν.

521 1212 652 1269 Vlll.
681 1212 818 1268 Cum
845 1222 978 1279 ergo
1004 1203 1189 1261 multa:
1223 1200 1278 1255 in
1319 1199 1430 1252 vita
1480 1195 1842 1266 praeterierint
1883 1191 2013 1248 reli-

2185 1176 2319 1232 Vlll.
2355 1179 2570 1233 Πολλῶν
2604 1176 2696 1234 οὖν
2725 1182 2783 1234 ἐν
2820 1181 2920 1251 βίῳ
2953 1182 3336 1253 παρελθουσῶν
3382 1182 3707 1254 θρησκειῶν

444 1308 655 1379 giones,
687 1303 953 1360 adsumus
981 1296 1111 1352 boni
1135 1292 1503 1364 negotiatores
1534 1285 1814 1357 religionis
1843 1300 1873 1338 a
1898 1298 1982 1337 ma

2168 1270 2393 1342 Ξιρεσμεν
2428 1273 2681 1344 φέροντες
2715 1274 2861 1343 ὑμῖν,
2891 1276 2939 1326 οί
2975 1275 3166 1343 ἀγαθοὶ
3198 1275 3426 1347 ἔμποροι
3457 1278 3521 1329 ἐκ
3553 1294 3706 1348 προ-

442 1365 653 1455 ζοτίὒιιε
679 1394 838 1451 nobis
864 1390 1078 1446 tradita!
1118 1395 1173 1442 et
1202 1394 1448 1446 servata,
1474 1397 1595 1436 eam
1628 1379 1785 1435 vobis
1812 1391 1980 1446 appor

2167 1365 2282 1418 ἱνων
2331 1367 2461 1435 ἡμῖν
2517 1366 2915 1437 παραδοθείσης
2965 1368 3059 1420 καὶ
3135 1367 3497 1439 φυλαχθείσης
3548 1370 3705 1441 θρη-

444 1500 647 1558 tantes,
674 1487 834 1558 quasi
861 1483 1072 1540 semina
1102 1478 1357 1549 stirpium
1384 1474 1763 1538 ostendentes,
1813 1485 1877 1526 ac
1911 1469 1982 1524 su?

2164 1457 2301 1520 ιείας
2334 1458 2400 1521 ⁸⁷,
2435 1459 2510 1521 ὡς
2540 1459 2829 1529 σπέρματα
2861 1460 3041 1528 φυτῶν
3055 1461 3362 1526 δεικνύντες
3393 1462 3487 1515 καὶ
3503 1464 3601 1515 ἐπὶ
3624 1466 3702 1534 τῇ

444 1548 917 1649 νοειιιιίροιιοηιοε
944 1585 1175 1630 censura
1221 1577 1278 1624 et
1324 1573 1614 1637 potestate.
1655 1561 1815 1629 Quod
1857 1560 1979 1617 vobi

2167 1549 2353 1620 ιετέρᾳ
2381 1550 2557 1621 κρίσει
2587 1552 2677 1604 καὶ
2703 1551 2920 1623 ἐξουσίᾳ
2950 1552 3206 1617 τιθέντες.
3243 1554 3315 1606 Τὸ
3335 1554 3462 1625 ὑμῖν
3497 1555 3705 1608 δοκοῦν

445 1639 703 1746 placebit,
760 1669 963 1740 eligite.
1013 1664 1071 1719 Si
1116 1679 1246 1733 ergo
1282 1670 1469 1716 nostra
1502 1655 1853 1727 delegeritis,
1903 1668 1983 1708 n01

2161 1639 2454 1705 [τιλέξασθε.
2506 1641 2629 1695 Ἐάν
2666 1642 2765 1713 μὲν
2787 1639 2879 1697 οὖν
2912 1645 3003 1697 τάν
3028 1646 3272 1717 ἡμέτερα
3302 1648 3349 1679 ⁵⁸
3381 1647 3596 1718 ἕλησθε,
3627 1649 3699 1702 οὗ

448 1731 626 1825 solum
653 1765 927 1819 daamones
953 1766 1007 1814 et
1038 1756 1257 1812 morbos
1281 1755 1349 1809 ab
1373 1754 1440 1808 iis
1464 1751 1742 1806 immissos
1766 1748 1981 1819 poteriti

2164 1731 2277 1784 όνον
2306 1731 2351 1762 ⁵³
2382 1732 2641 1802 δαίμονας
2694 1736 2785 1789 καὶ
2814 1735 2882 1788 τὰ
2911 1738 2974 1790 ἐκ
3006 1737 3273 1808 δαιμόνων
3321 1739 3465 1810 πάθη
3497 1744 3702 1809 φυγεῖν

443 1820 700 1923 ell’ugere,
730 1850 824 1907 sed
851 1848 1049 1922 fugatis
1077 1848 1327 1917 utrisque
1364 1854 1418 1901 et
1447 1860 1479 1900 a
1520 1841 1860 1901 daemonibus
1891 1854 1981 1911 sup

2158 1823 2423 1894 Νήσεσθε,
2480 1825 2639 1895 202
2671 1826 2805 1880 ἀλλά
2858 1829 3011 1882 αὐτοὶ
3040 1829 3177 1883 αὐτὰ
3207 1830 3250 1861 ⁸ο
3274 1832 3696 1900 φυγαδεύοντες,

440 1914 657 2016 pliciter
686 1914 869 2016 rogati
912 1914 1077 1999 etiam
1118 1914 1318 1996 futuris
1368 1938 1529 1995 bonis
1573 1943 1835 2007 perpetuo
1877 1931 1978 1987 truc

2162 1914 2208 1966 xl.
2230 1915 2598 1986 ἱκετευόμενοι
2635 1919 2726 1971 ὑπ’
2745 1921 2943 1985 αὐτῶν,
2966 1922 3187 1975 καὶτῶν
3212 1925 3387 1977 εἰσαεὶ
3412 1925 3700 1995 ἐσομένων

445 2038 602 2094 mini.

1575 2005 1593 2007 “
1671 2005 1688 2007 ⁷
2114 2005 2333 2074 ἀγαθῶν
2366 2008 2717 2063 ἀπολαύσετε.

517 2115 608 2169 1x.
639 2112 894 2182 Alioquin
940 2118 1131 2166 contra
1156 2108 1210 2164 in
1240 2109 1344 2163 hac
1369 2107 1587 2178 quidem
1633 2107 1745 2161 vita
1780 2120 1876 2175 per
1900 2106 2011 2160 dae-

2183 2096 2273 2151 ΙΧ.
2320 2100 2533 2168 Ἐπείγε
2565 2102 2870 2156 τούναντίον
2896 2105 2953 2157 ἐν
2985 2104 3083 2175 μὲν
3102 2105 3182 2176 τῷ
3214 2106 3309 2160 νῦν
3327 2107 3424 2178 βίῳ
3452 2108 3557 2162 ὑπὸ
3575 2109 3700 2161 δαι-

447 2220 639 2262 mones
669 2205 945 2260 atrocibus
970 2202 1176 2257 morbis
1206 2200 1535 2267 illudemini;
1581 2199 1800 2269 quando
1832 2206 1985 2253 auten

2162 2190 2292 2244 όνων
2324 2191 2633 2257 ἀλλοκότοις
2667 2194 2896 2249 πάθεσιν
2942 2197 3369 2270 ἐνυϐριζόμενοι,
3405 2201 3499 2253 ἐπὶ
3532 2203 3608 2271 τῇ
3631 2203 3700 2254 ἐκ

449 2299 646 2354 animae
691 2303 941 2351 vestraae
990 2307 1220 2362 corpore
1268 2291 1600 2361 migrabunt,
1658 2290 1712 2343 in
1748 2298 1987 2343 atcrnun

2159 2281 2206 2334 )5
2242 2282 2489 2354 σώματος
2537 2286 2822 2359 ἀπαλλαγῇ
2858 2290 2949 2342 καὶ
2980 2290 3078 2354 τὰς
3102 2290 3280 2361 ψυχὰς
3305 2294 3477 2345 εἰσαεὶ
3526 2295 3697 2345 κολα-

446 2406 641 2461 pronas
666 2388 899 2455 solvent,
932 2384 1176 2455 profecto
1199 2399 1306 2438 non
1330 2384 1476 2453 quod
1501 2381 1643 2437 Deus
1670 2381 1984 2435 condemnet

2160 2374 2453 2444 θησομένας
2476 2376 2646 2443 ἕξετε,
2681 2379 2748 2432 τὰ
2773 2380 2948 2451 ἀληθῆ
2985 2382 3097 2453 (22)
3127 2384 3188 2435 οὺ
3222 2382 3356 2436 Θεοῦ
3392 2386 3698 2439 καταδικά-

447 2483 543 2538 sed
576 2482 719 2552 quod
745 2481 887 2535 mala
913 2493 1077 2548 opera
1100 2478 1204 2532 hoc
1234 2484 1546 2531 mereantur
1564 2474 1851 2544 judicium.
1878 2471 1985 2528 Nan

2161 2484 2317 2534 wrog,
2348 2468 2484 2522 ἀλλά
2512 2470 2694 2525 κακῶν
2730 2470 2982 2545 πράξεων
3020 2475 3275 2545 τοιαύτην
3312 2475 3549 2545 ἐχουσῶν
3571 2479 3699 2549 κρί-

448 2576 727 2630 daemones
755 2580 1023 2643 potestate
1050 2584 1145 2639 per
1172 2569 1306 2636 ipsis
1336 2567 1595 2621 traditum
1626 2566 1809 2621 cibum
1854 2581 1982 2621 acce

2163 2576 2219 2612 .v.
2245 2562 2307 2613 Οί
2339 2561 2447 2632 γὰρ
2472 2562 2740 2634 δαίμονες,
2763 2565 2851 2618 διὰ
2876 2568 2974 2637 τῆς
2994 2566 3176 2631 αὐτοῖς
3194 2567 3547 2639 ἀποδοθείσης
3568 2587 3701 2640 τρο-

446 2678 561 2740 pta,
593 2665 789 2720 vestris
830 2661 1089 2717 manibus
1139 2659 1195 2712 in
1246 2665 1425 2712 veStra
1465 2657 1834 2711 immittuntur
1887 2671 1982 2710 cor

2163 2650 2221 2721 ῆς
2247 2651 2488 2715 ἐξουσίαν
2520 2654 2752 2725 ἔχοντες,
2789 2659 2893 2712 ὑπὸ
2923 2658 3030 2713 τῶν
3060 2661 3338 2733 ὑμετέρων
3376 2663 3577 2741 χειρῶν
3615 2666 3701 2728 είς

448 2773 604 2828 pora.
668 2754 775 2809 Ubi
829 2753 975 2807 enim
1032 2751 1311 2803 latuerunt
1351 2748 1525 2803 multo
1556 2756 1816 2816 tempore,
1849 2747 1986 2801 etiau

2162 2742 2183 2795 ὶ
2216 2744 2454 2817 ὑμέτερα
2487 2749 2843 2819 είσκρίνονται
2878 2751 2920 2782 ⁶¹
2956 2751 3199 2823 σώματα.
3258 2754 3700 2827 Ἐνδομυχήσαν-

449 2866 575 2906 cum
599 2848 782 2903 anima
808 2843 1251 2900 commiscentur.
1280 2839 1347 2893 Et
1382 2849 1601 2908 propter
1632 2838 1987 2908 negligentiau

2157 2850 2205 2895 ες
2235 2834 2342 2902 γάρ
2359 2837 2537 2908 πολλῷ
2570 2840 2648 2911 τῷ
2668 2842 2842 2913 χρόνῳ
2860 2845 2951 2897 καὶ
2964 2848 3032 2916 τῇ
3051 2845 3197 2917 ψυχῇ
3217 2846 3605 2919 ἀνακίρνανται
3628 2851 3695 2903 ⁸⁸.

449 2956 666 3007 eorum,
699 2940 792 3008 qui
821 2936 924 2992 sibi
952 2933 1237 3005 providere
1254 2939 1470 2986 autnon
1495 2929 1754 2999 cogitant,
1786 2937 1880 2981 aut
1905 2944 1987 2983 non

2160 2927 2226 2978 ,αὶ
2279 2928 2366 2981 διὰ
2412 2929 2511 3002 τὴν
2568 2933 2826 3003 ἀμέλειαν
2871 2937 2980 2990 τῶν
3030 2940 3241 3003 ἑαυτοῖς
3272 2940 3331 2990 “.
3350 2940 3563 3012 βοηθεῖν
3617 2943 3698 3016 μὴ

447 3033 660 3097 volunt,
682 3026 999 3085 eorumdem
1023 3024 1226 3089 anima,
1250 3038 1373 3077 cum
1398 3036 1429 3076 a
1454 3034 1681 3089 corpore
1708 3028 1985 3089 separatur

2159 3019 2378 3074 ιούντων
2410 3022 2442 3093 ἢ
2480 3026 2573 3077 καὶ
2609 3027 2681 3097 μὴ
2718 3028 3073 3100 βουλομένων,
3136 3033 3338 3087 τούτων
3378 3035 3558 3089 αὐτῶν
3602 3038 3697 3090 ἐπὶ

447 3124 681 3181 daemoni
710 3123 862 3176 unita
905 3118 1216 3175 necessario
1246 3116 1316 3171 ab
1363 3129 1427 3169 eo
1473 3115 1525 3167 in
1578 3114 1698 3168 loca
1736 3128 1858 3185 quae
1899 3113 1982 3181 ips

2158 3114 2180 3183 ᾖ
2214 3112 2306 3165 τοῦ
2360 3114 2609 3187 σώματος
2650 3120 2800 3173 λύσει
2841 3124 2873 3193 ἡ
2905 3122 3052 3195 ψυχὴ
3083 3124 3161 3197 τῷ
3188 3126 3395 3198 δαίμονι
3437 3127 3696 3199 ἡνωμένη

446 3219 567 3273 vult
618 3214 878 3271 defertur.
927 3212 1195 3281 Quodque
1224 3208 1611 3279 gravissimum
1659 3216 1761 3270 est,
1794 3205 1984 3275 quandi

2157 3206 2363 3277 νάγκην
2396 3208 2508 3279 ἔχει
2558 3212 2819 3284 φέρεσθαι
2857 3216 2947 3268 ὑπ’
2976 3217 3139 3271 αὐτοῦ
3173 3220 3253 3282 είς
3298 3219 3391 3284 οὓς
3444 3220 3694 3292 βούλεται

447 3311 504 3366 in
525 3309 775 3364 omnium
804 3302 1279 3361 consummatione
1309 3300 1521 3355 daemon
1540 3298 1717 3369 primo
1750 3298 1801 3350 in
1826 3296 1982 3365 expia

2155 3298 2330 3362 ὁπους.
2363 3301 2436 3353 Τὸ
2466 3301 2521 3353 δὲ
2545 3304 2761 3359 πάντων
2813 3306 3193 3377 χαλεπώτατον
3214 3351 3229 3374 ,
3264 3311 3401 3364 ἐπὰν
3436 3313 3481 3343 ⁸⁸
3526 3314 3585 3365 ἐν
3624 3316 3693 3385 τῇ

447 3404 614 3459 tionis
639 3403 819 3472 ignem
855 3389 1086 3453 traditus
1122 3395 1307 3460 fuerit,
1333 3408 1557 3449 necesse
1581 3399 1684 3457 est,
1721 3400 1782 3445 ut
1811 3391 1860 3445 ei
1888 3389 1982 3459 qui

2158 3390 2223 3442 ῶν
2262 3391 2398 3445 ὅλων
2447 3397 2725 3470 συντελείᾳ
2755 3400 2784 3450 ὁ
2815 3399 3022 3471 δαίμων
3049 3402 3118 3455 τὰ
3158 3403 3348 3474 πρῶτα
3379 3405 3460 3469 είς
3489 3404 3553 3459 τὸ
3592 3424 3696 3460 κα-

448 3496 571 3551 dem
603 3492 864 3563 permista
900 3489 1081 3543 anima
1106 3485 1391 3541 infandum
1424 3484 1477 3537 in
1503 3483 1725 3539 modum
1765 3491 1986 3536 vexetur

2155 3486 2299 3554 αἰρον
2333 3485 2443 3556 πῦρ
2465 3488 2721 3561 ἀποδοθῇ,
2753 3493 2785 3562 ἡ
2811 3493 3177 3564 συγκραθεῖσα
3196 3494 3345 3568 αὐτῷ
3361 3496 3505 3567 ψυχὴ
3525 3498 3693 3567 ἀνάγ-

449 3594 662 3649 daemon
688 3602 817 3644 vero
845 3586 1094 3658 gaudeat.
1120 3582 1214 3637 llla
1242 3580 1533 3651 siquidem,
1563 3595 1685 3650 qua:
1713 3596 1780 3635 ex
1810 3580 1987 3634 lumini

2156 3595 2220 3650 ην
2252 3579 2364 3650 ἔχει
2390 3582 2528 3652 αὑτὴ
2553 3583 2650 3652 μὲν
2683 3584 3011 3657 ἀποῤῥήτως
3036 3586 3377 3653 κολάζεσθαι,
3427 3592 3456 3643 ὁ
3485 3590 3543 3642 δὲ
3571 3590 3691 3644 δαί-

449 3694 552 3751 est,
584 3690 898 3738 extraneam
940 3677 1081 3748 ignis
1112 3676 1387 3731 ﬂammam
1418 3689 1529 3729 non
1585 3672 1766 3727 ferens
1798 3682 1987 3741 torque

2152 3688 2234 3724 ,ων
2266 3672 2507 3742 ἥδεσθαι.
2556 3676 2619 3727 Ἠ
2649 3676 2757 3748 γὰρ
2791 3679 2853 3730 ἐκ
2882 3679 3059 3747 φωτὸς
3090 3675 3243 3745 οὖσα,
3278 3682 3377 3752 τὴν
3394 3681 3690 3751 ἀλλόφυλον

451 3786 575 3843 tur;
608 3774 696 3829 hic
722 3781 927 3836 autem,
955 3769 1049 3839 qui
1095 3768 1151 3822 in
1207 3766 1423 3838 generis
1454 3765 1539 3820 sui
1568 3774 1651 3819 est
1685 3763 1988 3819 substantia

2152 3760 2209 3813 οὗ
2243 3764 2412 3833 πυρὸς
2447 3764 2619 3834 φλόγα
2662 3767 2736 3838 μὴ
2772 3768 3009 3838 φέρουσα
3032 3811 3047 3835 ,
3085 3770 3449 3840 βασανίζεται,
3482 3777 3511 3828 ὁ
3542 3775 3598 3828 δέ
3632 3778 3690 3829 ἐν

373 3913 377 3918 .
448 3875 606 3930 valde
644 3874 880 3935 laetatur,
904 3884 1031 3924 cum
1052 3868 1248 3922 animae
1278 3865 1347 3919 ab
1370 3865 1490 3934 ipso
1518 3862 1794 3934 deglutita:
1821 3861 1911 3914 vin

2153 3856 2180 3924 ῇ
2216 3853 2311 3907 τοῦ
2344 3855 2535 3923 γένους
2567 3858 2728 3911 αὐτοῦ
2750 3858 2826 3914 ὢν
2854 3861 3029 3932 οὐσίᾳ,
3063 3864 3312 3933 μεγάλως
3370 3867 3576 3937 ἥδεται,
3613 3869 3691 3921 δε-

448 3970 561 4023 lum
593 3966 774 4022 factus
826 3963 898 4019 sit
924 3970 1089 4032 ruptu
1122 3958 1522 4015 diﬂicillimum.

2151 3950 2254 4022 μὸς
2283 3952 2581 4025 δύσρηκτος
2601 3956 2887 4027 γενόμενος
2926 3958 3025 4029 τῆς
3065 3959 3156 4011 ὑπ’
3184 3958 3344 4012 αὐτοῦ
3392 3961 3689 4032 συμποθείη

2120 4060 2218 4114 σης
2252 4045 2297 4076 ⁸⁸
2328 4046 2523 4117 ψυχῆς.

517 4164 587 4218 Χ.
620 4161 780 4229 Quod
837 4168 1019 4214 autem
1066 4157 1344 4213 daemones
1386 4155 1626 4225 gestiunt
1678 4155 1735 4208 in
1786 4168 2015 4222 corpora

2185 4155 2255 4210 X.
2286 4158 2358 4210 Τὸ
2389 4157 2445 4211 δὲ
2475 4161 2520 4195 ⁸⁸
2536 4160 2660 4223 τοὺς
2690 4160 2946 4233 δαίμονας
2964 4163 3242 4234 γλίχεσθαι
3280 4165 3360 4228 είς
3377 4163 3447 4217 τὰ
3463 4165 3572 4218 τῶν
3595 4166 3687 4219 ἀν-

449 4258 734 4313 Ιιοῐηίηιιιῐι
758 4254 983 4319 intrare,
1009 4251 1125 4305 hac
1150 4264 1314 4304 causa
1340 4258 1443 4303 est.
1476 4246 1613 4302 Cum
1644 4246 1755 4301 sint
1789 4246 1983 4315 spiritu

2156 4250 2589 4320 ptbrrmveladuetv
2609 4253 2767 4323 203
2789 4253 3030 4324 σώματα,
3049 4256 3195 4309 αίτία
3219 4255 3376 4327 αὕτη.
3400 4256 3688 4327 Πνεύματα

449 4359 503 4404 et
532 4356 789 4418 appetant
814 4345 966 4400 cibos
990 4351 1044 4399 et
1065 4349 1229 4411 potus
1258 4356 1321 4395 ac
1344 4340 1649 4405 libidinem,
1685 4353 1785 4393 nec
1805 4338 1987 4407 possin

2150 4360 2268 4406 ντες
2292 4346 2385 4397 καὶ
2411 4345 2509 4415 τὴν
2541 4346 2833 4416 ἐπιθυμίαν
2866 4347 3082 4417 ἔχοντες
3113 4350 3193 4412 είς
3215 4348 3397 4419 βρωτά
3430 4350 3522 4402 καὶ
3549 4351 3688 4404 ποτὰ

449 4457 663 4512 capere,
683 4440 833 4511 quia,
850 4453 976 4494 cum
1003 4435 1228 4505 spiritus
1252 4434 1383 4499 sint,
1412 4432 1660 4502 indigent
1678 4447 1987 4503 organorun

2149 4436 2210 4487 ια).
2246 4437 2546 4503 συνουσίαν,
2600 4438 3031 4508 μεταλαμϐάνειν
3061 4439 3117 4492 δὲ
3165 4440 3239 4511 μὴ
3288 4438 3571 4509 δυνάμενοι
3601 4440 3687 4495 διὰ

450 4531 516 4584 ad
546 4545 707 4586 usum
738 4527 1201 4589 necessariorum,
1235 4525 1289 4578 in
1315 4524 1601 4578 hominum
1630 4522 1978 4592 ingrediuntu

2150 4526 2177 4579 ὸ
2206 4527 2489 4598 πνεύματα
2520 4525 2658 4582 εἶναι
2686 4531 2779 4583 καὶ
2815 4531 2857 4562 ⁸⁷
2891 4530 3096 4583 δεῖσθαι
3126 4531 3372 4603 ὀργάνων
3409 4532 3517 4587 τῶν
3553 4533 3687 4603 πρὸς

450 4636 683 4692 corpora
708 4660 725 4687 ,
772 4628 835 4675 ut
883 4629 1139 4688 tanquam
1177 4615 1546 4670 ministrantia
1580 4614 1824 4667 membra
1873 4623 1988 4668 nacl

2144 4620 2213 4690 ’ὴν
2246 4622 2438 4692 χρῆσιν
2497 4622 2836 4692 ἐπιτηδείων,
2896 4623 2978 4685 είς
3008 4622 3078 4676 τά
3122 4622 3423 4695 ἀνθρώπων
3457 4623 3682 4677 εἰσίασιν

451 4732 574 4787 quae
597 4715 823 4786 cupiunt
844 4713 1061 4784 possint
1083 4711 1350 4775 obtinere,
1386 4710 1499 4763 sive
1542 4709 1722 4771 cibos,
1756 4722 1852 4777 per
1880 4708 1989 4762 dent

2146 4710 2363 4782 ’ὡματα,
2401 4712 2505 4777 ἵνα,
2541 4712 2729 4785 ὥσπερ
2764 4714 3181 4784 ὑπουργούντων
3223 4716 3468 4787 ὀργάνων
3500 4717 3684 4787 τυχόν-

451 4818 536 4863 tes
589 4806 849 4871 hominis,
900 4805 1015 4861 sive
1066 4802 1370 4868 libidinem,
1408 4816 1506 4871 per
1541 4800 1796 4871 genitalia
1845 4800 1989 4855 illius

2148 4820 2224 4867 ες,
2258 4797 2332 4859 ὧν
2368 4803 2609 4859 θέλουσιν
2655 4806 2930 4877 ἐπιτυχεῖν
2960 4807 3172 4862 δυνατοὶ
3199 4801 3350 4875 ὦσιν,
3400 4809 3512 4862 εἴτε
3545 4809 3684 4881 βρω-

1748 4935 1983 4991 VARI/13
2022 4936 2419 4996 LECTIONES.

523 5034 968 5113 limpsmouarbv
1021 5032 1085 5088 Ο.
1178 5032 1348 5113 facta:
1398 5029 1599 5113 excidit
1640 5044 1920 5113 e‘recnens.
1980 5031 2714 5113 glericOTSchvvegjeriana._
2739 5108 2753 5113 _
2784 5039 3036 5113 '1Fort.__
3058 5042 3161 5111 leg.
3202 5044 3301 5113 τῆς
3340 5042 3556 5113 πλάνης.
3620 5044 3659 5098 S

523 5052 570 5075 ι’
591 5052 968 5105 παρελθουσῶν
1021 5052 1085 5088 υ.
1185 5052 1230 5067 ὐ
1261 5052 1348 5085 οια
1398 5052 1599 5085 exerunt
1640 5052 1672 5084 c
1714 5052 1920 5085 recens.
1980 5052 2679 5159 uerlco-acnwegierlana.
2784 5052 2830 5074 "
2858 5052 3002 5093 Fort.
3058 5052 3161 5111 leg.
3202 5052 3301 5113 της
3340 5052 3478 5096 πλάν
3520 5061 3556 5106 ς.
3620 5052 3677 5105 S.

454 5108 498 5143 ⁸⁷
540 5104 985 5183 Qonjectaverim‘
1023 5103 1412 5183 παραδοθεῖσαν
1437 5171 1449 5182 .
1471 5101 1565 5183 καί
1612 5098 2299 5183 φυλαχθεῖσαχθρησκείαν,
2326 5106 2430 5183 cl._
2473 5121 2556 5183 ec.
2581 5125 2654 5170 ιν,
2694 5108 2780 5183 ῌ.
2806 5107 2884 5183 S._
2945 5110 3315 5183 53Vl}b.Xp§Gst
3347 5113 3441 5165 καὶ
3465 5062 3681 5183 Eleus-ig

452 5204 538 5251 —_-_
565 5169 672 5251 ἐὰν
689 5175 785 5251 μὲν
815 5169 913 5251 οὖν.
930 5172 1000 5226 τὰ
1028 5169 1270 5251 ήμξέτερα
1291 5172 1409 5251 des.
1436 5171 1489 5224 in
1675 5175 1721 5207 "
1754 5170 1996 5251 pix/010,
2015 5169 2179 5251 ςούηλ.
2208 5176 2455 5251 etiam‘S,
2491 5169 2682 5251 μόνους
2705 5176 2765 5231 C.
2796 5247 2817 5251 Α
2844 5180 2887 5211 ⁶⁰
2917 5182 3140 5234 τοιαῦτα
3181 5169 3238 5251 ἰλ
3265 5184 3418 5237 αὐτοὶ
3449 5169 3588 5236 αὗτά
3617 5174 3665 5238 (ί

457 5204 524 5215 ——
565 5191 657 5226 εαν
689 5191 785 5245 μεν
815 5191 905 5226 ουν
930 5191 1000 5226 τα
1028 5191 1270 5297 ημετεὸα
1291 5191 1409 5226 aes.
1437 5191 1489 5224 In
1514 5191 1578 5225 U.
1675 5191 1721 5207 -υ
1754 5191 1909 5239 μονον
1932 5191 1996 5233 υ,
2033 5191 2179 5242 con].
2208 5191 2369 5230 etiam
2399 5191 2455 5243 δ,
2491 5195 2682 5245 μονους
2705 5191 2765 5231 υ.
2844 5191 2887 5211 δυ
2917 5198 3140 5234 τοιαυτα
3188 5198 3238 5251 p.
3265 5191 3418 5237 αὐτοὶ
3449 5191 3588 5236 αὑτά
3617 5191 3677 5241 (ὲ,

457 5247 500 5289 σί
521 5244 596 5298 lta
622 5244 659 5298 S
690 5244 1061 5315 ,εἰσκρίνεται
1083 5244 1143 5306 C,
1226 5283 1239 5298 .
1315 5243 1358 5315 °_’
1386 5241 1769 5315 ἀνακίρνανται
1800 5238 1864 5307 S,
1958 5281 1973 5306 ,
2004 5242 2338 5315 ἀνακίρνατα
2365 5246 2424 5301 C.
2505 5248 2549 5278 ⁸³
2577 5248 2758 5310 αὐτοῖς
2783 5247 2847 5302 Ο.
2926 5252 2970 5287 ⁸⁸
3000 5254 3137 5306 ἐπάν
3194 5252 3249 5315 S,
3302 5255 3345 5307 0
3374 5292 3388 5315 ,
3415 5255 3501 5305 ἐπ’
3529 5253 3594 5306 ἄν
3618 5256 3673 5309 C.

457 5257 500 5289 οι
521 5257 596 5298 Ita
622 5257 659 5298 δ
690 5284 704 5307 ,
737 5257 1061 5313 εισκρινεται
1083 5257 1143 5306 ιλ,
1175 5257 1239 5298 U.
1315 5257 1358 5275 °'
1386 5257 1769 5365 ἀνακιενανται
1801 5257 1864 5307 δ,
1884 5257 1928 5295 υ
1958 5281 1973 5306 ,
2004 5257 2338 5315 ἀνακίρναται
2365 5257 2424 5301 υ.
2505 5257 2549 5278 ⁵⁸
2577 5257 2758 5310 αυτοῖς
2783 5257 2847 5302 υ.
2926 5257 2970 5287 ⁵⁸
3000 5257 3137 5306 ἐπάν
3194 5257 3249 5318 S,
3302 5257 3345 5307 0
3374 5292 3388 5315 ,
3415 5257 3501 5305 ἐπ’
3529 5257 3594 5306 ἄν
3618 5257 3672 5309 C.

457 5314 972 5398 τδηευειτξεθεεσηςυν
994 5312 1061 5398 .9
1091 5311 1577 5398 ’.ξυμπαθείσῃςέ
1599 5311 1739 5398 νηίιξιῐ
1777 5311 1922 5398 ξοῑιίε
1954 5316 2351 5398 cessantes;
2429 5325 2475 5398 °.°
2501 5316 2682 5398 Ξοῦὲέ
2707 5319 2900 5398 scribit.
2931 5318 3362 5398 Schliemanyus
3398 5322 3572 5398 ίὲιθιρο
3622 5341 3672 5398 ρο

456 5378 735 5447 166,’569.
775 5378 968 5438 Recte."
992 5383 1073 5437 Cf.
1104 5378 1261 5438 Hom.
1315 5399 1388 5451 1v,
1439 5378 1490 5439 9.
1520 5378 1579 5437 S.
1608 5380 1740 5436 Dein
1775 5378 1927 5437 deeSt
1948 5378 2055 5435 τῶν
2087 5378 2229 5439 ἦθὈ.
2289 5378 2351 5418 ’θ’
2374 5388 2467 5441 καί
2502 5388 2561 5457 S,
2604 5385 2647 5441 Ο
2677 5428 2692 5453 ,
2752 5388 3092 5447 desideratur
3118 5408 3207 5461 ap.
3236 5393 3296 5457 (ᾗ.
3328 5393 3372 5445 Β
3421 5394 3525 5465 legi
3564 5378 3676 5451 vult

458 5455 739 5507 πνεύματα
765 5453 893 5507 ὄντα
920 5452 1143 5507 δεῖσθαι.

458 5470 588 5507 πνευ
596 5472 739 5526 ματα
765 5470 893 5507 οντα
920 5470 1143 5507 οεισυαι.

1740 5584 2106 5642 VARIORUM
2140 5587 2371 5644 NOTZE.

536 5675 646 5746 (‘39)
670 5679 979 5764 _C0lfilerius
1017 5681 1143 5764 hagg
1169 5681 1308 5764 male
1336 5683 1501 5764 vertit
1522 5697 1823 5764 :rt‘Jerq‘non
1853 5681 1990 5735 quod
2024 5681 2161 5739 Deus
2188 5688 2516 5756 {condemnet
2570 5688 2768 5747 Eodem
2801 5690 2961 5745 mole
2996 5688 3061 5742 τὰ
3097 5688 3266 5763 ἀληθῆ
3300 5684 3663 5759 (πετὰῗιηθῶς)

462 5759 755 5817 usurpatur
782 5751 928 5807 hom.
963 5767 1041 5822 xx,
1079 5752 1164 5823 12,
1192 5752 1299 5823 29;
1331 5768 1441 5819 xw,
1471 5752 1519 5808 7.
1551 5752 1609 5810 S.
1668 5754 1920 5809 DBESSEL.
