3894 6208
202 361 313 415 ξιυ

1270 355 1728 412 CLEMENTINA.
1764 384 1839 402 -ο
1874 351 2157 407 HOMILIA
2192 349 2288 406 IX.

3359 342 3468 399 250

203 476 320 529 τῶν
351 473 443 529 διὰ
471 472 582 528 τῶν
608 473 652 506 ⁸³
685 471 985 547 ἀνθρώπου.
1025 472 1252 526 ὀδόντων
1276 513 1291 539 ,
1338 474 1452 527 εἴτε
1485 474 1790 536 συνουσίας,

1910 467 2053 524 Unde
2083 469 2150 524 ad
2175 465 2444 539 fugandos
2468 463 2749 520 dmmonas
2772 458 3105 518 abstinentia
3125 465 3177 512 et
3193 454 3467 526 jejunium

204 567 297 621 διὰ
330 567 440 621 τῶν
474 565 688 621 ἐκείνου
751 564 986 619 αἰδοίων.
1022 564 1184 619 Ὅθεν
1210 565 1348 637 πρὸς
1392 567 1494 638 τὴν
1533 565 1644 620 τῶν
1681 565 1796 619 δαι-

209 661 394 732 μόνων
411 661 592 733 φυγὴν
619 661 653 733 ἡ
682 658 863 714 ἔνδεια
888 659 985 714 καὶ
1012 659 1046 731 ἡ
1074 638 1296 731 ν”ηστεία
1326 660 1422 714 καὶ
1454 661 1488 732 ἡ
1531 658 1796 729 κακουχία

201 751 546 807 οἰκειότατόν
567 753 682 806 ἐστι
719 751 991 824 βοήθημα.
1024 751 1088 804 El
1110 750 1220 822 γὰρ
1245 750 1338 805 τοῦ
1362 751 1796 823 μεταλαμϐάνειν

201 845 372 916 χάριν
405 844 746 917 εἰσέρχονται
797 844 878 907 εἰς
926 842 1216 916 ἀνθρώπου
1253 845 1433 916 σῶμα,
1479 844 1722 915 δηλονότι
1750 844 1795 875 ⁸⁸

201 934 480 1008 κακουχίᾳ
512 934 923 1005 φυγαδεύονται.
965 934 1102 988 Ἀλλ’
1136 936 1321 1005 ἐπειδὴ
1367 935 1483 988 ἔνια
1525 935 1797 1006 δεινότερα

198 1027 552 1096 τυγχάνοντα
567 1026 986 1099 προσφιλονεική
994 1045 1181 1092 σαντα,
1195 1028 1373 1083 καίτοι
1387 1027 1628 1100 τιμωρού
1637 1045 1792 1100 μενα,

199 1120 285 1190 τῷ
310 1121 712 1192 τιμωρουμένῳ
754 1119 1052 1192 προσμένει
1089 1118 1303 1190 σώματι
1325 1159 1340 1184 ,
1373 1119 1461 1174 διὰ
1499 1119 1658 1204 τοῦτο
1688 1119 1794 1191 χρὴ

200 1210 585 1283 προσφεύγειν
612 1211 732 1282 Θεῷ
752 1212 942 1282 εὐχαῖς
974 1212 1070 1265 καὶ
1102 1211 1374 1284 δεήσεσιν,
1419 1212 1797 1284 ἀπεχομένους

200 1302 398 1373 πάσης
430 1302 479 1334 ’⁸
527 1301 840 1372 ἀκαθάρτου
885 1301 1244 1375 προφάσεως,
1281 1303 1430 1368 ὅπως
1471 1304 1626 1376 ἡτοῦ
1658 1303 1794 1358 Θεοῦ

202 1395 334 1467 χεὶρ
367 1395 451 1459 εἰς
471 1393 620 1449 ἴασιν
647 1393 815 1449 αὑτοῦ
849 1393 1148 1466 ἐπιψαῦσαι
1179 1394 1400 1466 δυνηθῇ,
1424 1395 1501 1458 ὡς
1525 1395 1689 1464 ἁγνοῦ
1704 1397 1798 1450 καὶ

200 1486 582 1552 πιστεύοντος.

277 1576 373 1631 XI.
413 1580 505 1630 Δεῖ
521 1577 578 1631 δὲ
597 1577 693 1632 καὶ
724 1578 783 1631 ὲν
812 1580 931 1642 ταῖς
958 1577 1144 1648 εὐχαῖς
1162 1578 1222 1630 τὺ
1250 1575 1425 1646 ⁷¹Θεῴ
1448 1594 1794 1649 προσπεφευ-

202 1668 365 1736 γέναι
399 1669 704 1739 ὁμολογεῖν,
737 1670 831 1723 καὶ
846 1670 1325 1742 διαμαρτύρασθαι
1359 1671 1404 1701 ⁷¹
1424 1671 1524 1742 τὴν
1553 1670 1648 1724 τοῦ
1682 1671 1797 1723 δαί-

204 1779 377 1833 μονος
404 1762 506 1815 οὐκ
529 1762 819 1828 ἀπάθειαν,
847 1762 983 1817 ἀλλὰ
1021 1762 1329 1834 βραδυτῆτα
1365 1762 1411 1795 ⁷⁸
1428 1779 1442 1792 '
1480 1762 1659 1815 πάντα
1687 1762 1792 1834 γὰρ

1899 573 1954 618 et
1977 560 2258 617 aﬁlictatio
2280 557 2626 628 aptissimum
2657 563 2742 609 est
2785 552 3076 609 auxilium.
3132 547 3190 603 Si
3221 549 3366 605 enim
3400 547 3471 602 ad

1899 651 2192 708 fruendum
2237 648 2622 718 ingrediuntur
2674 645 2728 698 in
2758 658 2962 712 corpus
2995 639 3258 705 hominis,
3317 645 3471 708 patet

1897 746 2023 800 illos
2069 741 2245 813 fugari
2278 740 2590 794 afflictione.
2625 735 2828 791 Verum
2860 734 2987 803 quia
3030 731 3254 804 quidam
3300 729 3471 784 mole-

1899 839 2119 903 stiores,
2145 835 2237 889 ubi
2261 831 2664 894 contenderint,
2695 827 2946 898 quamvis
2970 824 3172 879 fuerint
3194 821 3469 892 castigati,

1895 941 2078 986 tamen
2129 929 2184 982 i'n
2236 927 2502 996 castigato
2553 936 2785 992 corpore
2829 925 3170 990 permanent,
3231 914 3354 970 ideo
3402 914 3469 968 ad

1897 1021 2068 1075 Deum
2127 1026 2342 1088 oportet
2395 1013 2690 1084 confugere
2728 1011 2986 1081 precibus
3013 1020 3067 1064 et
3101 1007 3466 1072 orationibus,

1899 1123 2062 1182 atque
2113 1109 2266 1166 omni
2296 1109 2509 1179 impura
2543 1104 2833 1160 occasione
2865 1099 3212 1166 abstinendo,
3262 1110 3323 1152 ut
3373 1095 3470 1150 Dei

1899 1220 2100 1261 manus
2129 1203 2184 1258 in
2216 1202 2366 1256 illius
2397 1200 2685 1256 sanitatem
2708 1196 2882 1267 possit
2900 1193 3180 1261 accedere,
3207 1200 3471 1260 tanquam

1898 1297 2024 1369 puri
2049 1313 2114 1351 ac
2136 1294 2328 1350 ﬁdelis.

1969 1583 2062 1639 XI.
2101 1580 2328 1652 Oportet
2367 1586 2546 1633 autem
2587 1575 2642 1629 in
2673 1571 2930 1643 precibus
2979 1567 3226 1624 confiteri
3279 1562 3467 1621 confu«

1900 1682 2045 1753 gisse
2071 1693 2172 1733 nos
2200 1677 2268 1731 ad
2316 1675 2509 1738 Deum,
2559 1680 2722 1740 atque
2755 1675 3014 1721 attestare
3065 1661 3330 1717 daemonis
3361 1673 3472 1712 non

1902 1751 2258 1828 indolentiam
2291 1767 2426 1834 ,sed
2479 1764 2831 1826 tarditatem;
2885 1765 3082 1814 cuncta
3137 1755 3280 1810 enim
3328 1751 3474 1805 ﬁdeli

198 1855 284 1925 τῷ
309 1855 624 1910 πιστεύοντι
672 1856 916 1924 γίνεται,
947 1854 1266 1909 ἀπιστοῦντι
1316 1856 1374 1909 δὲ
1419 1855 1593 1909 οὐδέν.
1639 1855 1798 1939 Ὅθεν

1910 1867 2063 1929 ﬁunt,
2089 1833 2297 1915 inﬁdeli
2325 1870 2456 1911 vero
2482 1853 2638 1907 nihil.
2673 1849 2826 1904 Unde
2851 1848 2950 1918 ipsi
2977 1847 3273 1908 daamones,
3305 1842 3476 1896 scien-

200 1948 366 2001 αὐτοὶ
381 1948 430 2000 οἱ
449 1947 721 2019 δαίμονες,
757 1948 958 2012 εἰδότες
975 1941 1051 2003 ὧν
1067 1947 1422 2019 ἐπικρατοῦσι
1442 1948 1543 2018 τῆς
1566 1948 1802 2011 πίστεως

199 2041 307 2111 τὴν
343 2040 638 2114 ποσότητα,
669 2041 1037 2111 ἀναλογοῦσαν
1065 2040 1452 2112 ὲπιμετροῦσιν
1485 2041 1664 2094 αὐτῶν
1701 2040 1801 2111 τὴν

200 2134 497 2204 ἐπιμονήν.
545 2132 643 2186 Διά
672 2133 846 2212 ,τοῦτο
892 2137 1004 2197 τοῖς
1048 2132 1370 2187 ἀπιστοῦσιν
1430 2132 1798 2204 ἐπιμένουσιν,

199 2227 323 2287 τοῖς
357 2225 417 2276 δὲ
448 2224 760 2288 δυσπίστοις
792 2224 1243 2296 ὲμϐραδύνουσιν,
1269 2228 1382 2289 τοῖς
1409 2225 1465 2277 δὲ
1487 2225 1801 2278 παντάπασι

201 2316 538 2371 πιστεύσασι
562 2319 654 2371 καὶ
685 2314 745 2370 εὖ
775 2317 938 2389 204
971 2319 1300 2390 πράττουσιν
1321 2318 1441 2372 οὐδὲ
1463 2319 1598 2390 πρὸς
1631 2319 1800 2392 ῥοπὴν

203 2408 361 2480 ὥρας
389 2413 626 2463 συνεῖναι
646 2409 919 2463 δύνανται.
939 2410 1001 2462 Ἡ
1021 2409 1128 2480 γὰρ
1148 2410 1295 2481 ψυχὴ
1314 2412 1380 2480 τῇ
1399 2409 1534 2481 πρὸς
1563 2409 1693 2463 Θεὸν
1710 2409 1802 2462 πίς

205 2517 324 2553 στει
350 2501 426 2564 ὼς
439 2502 520 2563 εἰς
533 2500 722 2564 ῦδατος
740 2500 900 2570 φύσιν
913 2503 1185 2572 τραπεῖσα
1199 2501 1289 2554 τὸν
1301 2501 1530 2572 δαίμονα
1547 2501 1621 2563 ὡς
1642 2517 1801 2554 σπιν-

205 2591 356 2661 θῆρα
389 2591 562 2662 πυρὸς
588 2591 998 2645 ἀποσόἐννυσιν.
1025 2591 1288 2662 Κάματος
1306 2587 1398 2644 οῦν
1421 2594 1567 2646 ἐστιν
1589 2592 1803 2662 ἑκάστῳ

203 2682 530 2754 ὲννοηθῆναι
562 2683 610 2713 ⁷⁸
640 2683 741 2754 τὴν
775 2682 869 2735 τοῦ
904 2682 1096 2736 ἑαυτοῦ
1129 2683 1384 2753 δαίμονος
1411 2684 1608 2756 φυγήν.
1659 2683 1804 2737 Ἀνα-

205 2775 534 2846 κιρνάμενοι
568 2774 678 2846 γὰρ
708 2777 829 2838 ταῖς
847 2774 1067 2845 ψυχαῖς,
1103 2776 1254 2839 ὅπως
1271 2792 1356 2838 τις
1382 2777 1481 2846 τῆς
1499 2775 1664 2829 αὐτοῦ
1701 2793 1804 2829 σω-

201 2867 411 2939 τηρέας
443 2868 692 2940 ἀμελήσῃ
725 2867 795 2931 ⁷⁸,
833 2868 1158 2938 ἐνθυμήσεις
1193 2869 1331 2939 πρὸς
1361 2867 1398 2922 ἃ
1434 2867 1721 2938 βούλονται
1753 2869 1802 2902 ’⁸

207 2960 612 3014 ὑποϐάλλουσιν
647 2963 729 3024 εἰς
759 2959 850 3013 τὸν
883 2961 1115 3013 ἑκάστου
1139 2960 1284 3014 νοῦν.

199 3075 202 3084 ι
279 3050 403 3109 ΧΠ.
444 3051 606 3122 ἰιθεν
636 3050 848 3116 πολλοὶ,
876 3051 976 3104 οὐκ
997 3049 1199 3112 εἰδότες
1233 3051 1396 3105 πόθεν
1429 3051 1799 3124 ὲνεργοῦνται,

1904 1964 1986 2010 tes
2023 1967 2215 2010 eorum
2237 1964 2380 2020 quos
2420 1947 2671 2002 obtinent
2699 1943 2822 1998 ﬁdei
2851 1941 3229 2012 quantitatem,
3262 1952 3327 1991 ex
3349 1949 3476 2005 pro-

1902 2046 2151 2118 portione
2176 2059 2333 2098 suam
2363 2041 2664 2095 metiuntur
2695 2035 3058 2091 mansionem.
3113 2029 3384 2096 Quocirca
3420 2027 3476 2080 in

1904 2137 2218 2193 inﬁdelibus
2251 2139 2629 2206 perseverant,
2665 2130 2719 2183 in
2761 2129 2830 2182 iis
2854 2133 3036 2181 autem
3064 2121 3160 2192 qui
3193 2133 3334 2190 aegre
3357 2133 3478 2174 cre-

1903 2229 2041 2285 dunt
2069 2228 2458 2289 immorantur;
2501 2236 2627 2276 cum
2655 2220 2724 2274 iis
2747 2233 2897 2282 vero,
2930 2215 3023 2285 qui
3053 2213 3273 2284 penitus
3301 2208 3476 2265 credi-

1903 2325 2102 2378 derunt
2127 2327 2182 2374 et
2208 2325 2396 2373 sancte
2427 2315 2639 2379 vivunt,
2666 2326 2766 2365 nec
2787 2308 2854 2362 ad
2885 2314 3226 2360 momentum
3265 2310 3479 2370 tempo-

1903 2414 1982 2468 ris
2001 2418 2236 2483 possunt
2269 2406 2597 2463 consistere.
2631 2403 2830 2457 Anima
2853 2401 3052 2470 quippe
3081 2411 3177 2466 per
3223 2395 3382 2449 ﬁdem
3421 2393 3476 2445 in

1902 2502 2073 2558 Deum
2099 2499 2257 2571 quasi
2287 2499 2341 2552 in
2373 2511 2530 2567 aqua:
2555 2503 2807 2549 naturam
2831 2505 3120 2554 conversa,
3172 2487 3478 2542 daemonem

1903 2595 2051 2649 velut
2079 2591 2372 2648 scintillam
2404 2587 2547 2658 ignis
2574 2584 2894 2654 exstinguit.
2957 2579 3139 2634 Labor
3177 2578 3361 2647 itaque
3393 2583 3479 2629 est

1904 2685 2223 2755 unicuique,
2251 2690 2313 2737 ut
2343 2680 2613 2748 intelligat
2643 2676 2910 2730 daemonis
2938 2673 3022 2728 sui
3048 2672 3258 2741 fugam.
3293 2667 3480 2737 Siqui-

1903 2776 2028 2832 dem
2059 2791 2186 2830 cum
2218 2773 2509 2828 animabus
2536 2767 2840 2838 conjuncti,
2876 2781 2986 2836 quo
3017 2762 3216 2832 aliquis
3246 2760 3478 2815 salutem

1906 2887 2060 2928 suam
2090 2869 2346 2938 negligat,
2370 2865 2733 2934 cogitationes
2761 2861 2828 2914 ad
2853 2874 2976 2930 quae
2999 2858 3190 2912 volunt
3213 2855 3268 2908 in
3294 2853 3480 2922 cujus-

1904 2981 2011 3038 que
2034 2973 2274 3019 mentem
2301 2961 2578 3032 injiciunt.

1975 3057 2095 3111 XII.
2128 3057 2312 3123 Quare
2344 3053 2525 3118 multi,
2583 3049 2890 3105 nescientes
2942 3045 3086 3099 unde
3122 3041 3478 3112 inspirentur,

207 3147 336 3206 ταῖς
356 3143 466 3197 τῶν
498 3143 770 3216 δαιμόνων
801 3145 998 3207 κακαῖς
1031 3143 1494 3216 ὑποϐαλλομέναις
1513 3143 1801 3212 ’.ἐπινοίαις

1910 3150 2091 3221 pravis
2141 3149 2453 3203 daemonum
2508 3139 2957 3212 suggestionibus
2985 3145 3244 3204 tanquam
3285 3133 3484 3186 anima:

207 3234 290 3297 ὡς
323 3235 402 3304 τῷ
440 3236 540 3306 τῆς
569 3237 748 3308 ψυχῆς
779 3236 960 3292 αὐτῶν
1007 3237 1255 3309 λογισμῷ
1306 3238 1658 3294 συντίθενται.
1712 3240 1802 3309 Διὸ

211 3327 354 3397 πρὸς
385 3327 513 3389 τοὺς
546 3325 738 3391 σώζειν
771 3328 969 3391 αὐτοὺς
999 3316 1331 3400 δυναμένους
1366 3329 1539 3384 ἐλθεῖν
1577 3331 1804 3402 ὀκνηρό-

207 3433 365 3488 τεροι
416 3417 678 3484 γίνονται,
730 3417 822 3471 καὶ
878 3417 1078 3482 αὐτοὺς
1109 3419 1155 3452 ⁷⁷
1190 3405 1284 3471 ὑπ’
1323 3418 1501 3472 αὐτῶν
1539 3417 1647 3471 τῶν
1687 3420 1803 3471 eve-

209 3506 517 3577 δρευόντων
546 3507 812 3578 δαιμόνων
837 3509 1255 3579 ἀναλισκόμενοι
1309 3509 1618 3576 ἀγνοοῦσιν.
1668 3509 1802 3561 Ὑπὸ

213 3598 320 3672 μὲν
352 3594 448 3651 οὖν
476 3599 586 3651 τῶν
619 3602 742 3663 ταῖς
772 3599 972 3671 ψυχαῖς
1008 3601 1191 3654 αὐτῶν
1221 3601 1661 3672 ὲνδομυχούντων
1692 3602 1807 3655 δαι-

215 3690 400 3761 μόνων
430 3691 720 3744 ὲπιδίδοται
755 3693 937 3756 αὐτοῖς
968 3693 1338 3764 ἐνθυμεῖσθαι,
1373 3695 1449 3756 ὡς
1467 3694 1527 3746 ού
1557 3691 1807 3764 δαίμονος

211 3782 591 3852 ἐνοχλοῦντος,
655 3783 790 3836 ἀλλά
838 3785 1162 3856 σωματικῆς
1198 3786 1374 3849 νόσου,
1438 3781 1549 3839 οἷον
1589 3786 1621 3855 ἦ
1675 3785 1807 3856 ῦλης

209 3871 488 3942 δριμείας,
524 3871 557 3942 ἥ
592 3871 791 3943 χολῆς,
837 3874 869 3945 ἢ
921 3873 1264 3944 φλέγματος,
1323 3877 1358 3947 ἢ
1391 3877 1621 3947 αἵματος
1671 3877 1808 3946 ἀμε-

211 3962 376 4034 τρίας
399 3963 467 4025 ",
491 3963 525 4034 ἦ
565 3965 828 4035 μήνιγγος
861 3965 1192 4038 φλεγμονῆς,
1219 3969 1251 4038 ἣ
1287 3967 1446 4022 ἄλλου
1468 3969 1634 4032 τινός.
1659 3970 1722 4021 Et
1750 3969 1808 4022 δὲ

212 4061 316 4118 καὶ
343 4061 507 4114 τοῦτο
534 4058 622 4133 ἦν,
665 4063 774 4116 οὐδ’
811 4063 942 4116 αὐτὸ
986 4062 1328 4134 ἀπήλλακται
1375 4062 1627 4133 δαίμονος
1669 4057 1810 4124 εἶδος

213 4148 379 4209 εἶναι.
419 4155 483 4208 Ἥ
517 4155 626 4228 γὰρ
660 4155 891 4209 καθόλου
926 4156 1020 4208 καὶ
1051 4154 1262 4225 γεώδης
1291 4156 1436 4227 ψυχὴ
1462 4195 1476 4219 ,
1511 4155 1659 4226 αἰτίᾳ
1693 4154 1806 4226 (ἓό)

213 4249 441 4303 πάντων
472 4248 578 4302 τῶν
615 4247 836 4320 βρωτῶν
884 4249 1252 4320 διικνουμένη,
1284 4249 1389 4302 ὑπὸ
1436 4250 1537 4320 τῆς
1568 4247 1810 4312 πλείονος

214 4343 432 4414 τροφῆς
463 4341 556 4393 ἐπὶ
589 4341 772 4395 πλεῖον
803 4341 1234 4414 προσληφθεῖσα,
1265 4341 1400 4412 αὑτὴ
1433 4342 1531 4412 μὲν
1564 4341 1640 4404 ὡς
1679 4359 1810 4414 συγ-

213 4437 369 4502 γενεῖ
384 4433 597 4488 ἑνοῦται
617 4433 697 4504 τῷ
726 4434 1016 4504 πνεύματι,
1036 4436 1172 4506 ὅπερ
1189 4435 1500 4506 2ο5ἐστὶν
1521 4434 1808 4506 ἀνθρώπου

1907 3259 2021 3298 suae
2077 3236 2505 3296 considerationi
2573 3231 2944 3289 consentiunt.
3019 3227 3363 3297 Quapropter
3414 3225 3484 3279 ad

1908 3335 2032 3390 illos
2054 3332 2358 3396 adeundos,
2391 3329 2485 3398 qui
2517 3328 2670 3395 ipsos
2704 3337 2922 3379 servare
2947 3321 3182 3391 possint,
3219 3321 3358 3373 ﬁunt
3393 3332 3483 3372 se-

1907 3429 2160 3500 gniores;
2190 3439 2415 3492 eosque,
2439 3421 2507 3474 ab
2535 3416 2925 3472 insidiantibus
2949 3412 3290 3467 daemonibus
3314 3408 3481 3478 capti,

1910 3519 2182 3588 ignorant.
2241 3513 2430 3582 Itaque
2457 3525 2554 3580 per
2593 3511 2826 3563 latentes
2870 3507 2923 3559 in
2970 3520 3159 3560 eorum
3195 3501 3484 3556 animabus

1908 3612 2184 3666 daemones
2216 3607 2375 3661 datur
2403 3604 2512 3658 illis
2546 3600 2798 3670 intelligi,
2827 3613 2886 3653 se
2911 3614 3018 3651 non
3053 3613 3082 3650 a
3114 3597 3361 3650 daemone
3395 3607 3485 3646 ve-

1909 3702 2047 3767 xari,
2081 3699 2174 3756 sed
2208 3713 2238 3751 a
2261 3695 2508 3765 corporis
2548 3693 2765 3755 morbo,
2790 3690 3027 3760 exempli
3070 3688 3243 3758 gratia
3282 3687 3369 3740 vel
3417 3684 3486 3738 ab

1909 3797 2022 3852 acri
2053 3792 2304 3857 materia,
2329 3790 2413 3843 vel
2465 3803 2496 3841 a
2525 3787 2653 3851 bile,
2681 3785 2768 3840 vel
2802 3799 2834 3838 a
2861 3781 3091 3853 pituita,
3121 3780 3205 3833 vel
3253 3794 3284 3831 a
3317 3775 3487 3830 nimio

1911 3887 2197 3957 sanguine,
2229 3883 2314 3937 vel
2346 3881 2414 3935 ab
2441 3878 2780 3933 inflammata
2802 3874 3010 3930 cerebri
3035 3872 3377 3933 membrana,
3400 3867 3488 3922 vel

1910 3981 1980 4035 ab
2010 3978 2119 4032 alio
2161 3973 2442 4045 quopiam.
2498 3969 2658 4036 Quod
2712 3966 2815 4022 etsi
2848 3973 3025 4030 esset,
3086 3979 3262 4032 neque
3306 3963 3485 4030 ipsum

1909 4070 2184 4126 desineret
2205 4080 2328 4142 esse
2355 4061 2623 4118 daemonis
2640 4058 2868 4129 species.
2891 4054 3232 4112 Universalis
3255 4053 3402 4106 enim
3422 4065 3489 4104 ae

1914 4156 2191 4214 terrestris
2209 4154 2412 4220 anima,
2441 4160 2662 4222 propter
2689 4164 2884 4204 omnes
2904 4147 3057 4201 cibos
3080 4151 3396 4214 penetrans,
3420 4155 3488 4195 ex

1912 4250 2086 4307 nimio
2117 4249 2377 4303 alimento
2413 4243 2579 4298 nimis
2606 4251 2912 4310 assumpta,
2947 4240 3067 4309 ipsa
3107 4236 3328 4307 quidem
3365 4231 3487 4285 uni-

1914 4353 2002 4398 tur
2025 4339 2242 4412 spiritui
2273 4345 2530 4406 tanquam
2555 4333 2724 4395 afﬁni,
2744 4333 2849 4386 hoc
2874 4339 2960 4385 est
2985 4326 3225 4384 hominis
3256 4323 3484 4385 animm;

1913 4432 2060 4503 quod
2087 4442 2268 4485 autem
2303 4428 2356 4480 in
2391 4427 2726 4495 nutrimento
2774 4436 3023 4477 crassum
3046 4427 3149 4483 est,
3207 4430 3332 4470 cum
3369 4428 3491 4466 cor--

215 4527 388 4599 ψυχὴ,
426 4527 486 4581 τὸ
518 4525 574 4578 δὲ
607 4527 708 4597 τῆς
738 4527 944 4598 τροφῆς
980 4526 1181 4592 ὑλῶδες
1223 4528 1300 4598 τῷ
1351 4527 1562 4599 σώματι
1613 4527 1801 4582 ἐνωθὲπι

1917 4541 2046 4597 pore
2069 4524 2283 4578 unitum
2310 4529 2370 4574 ut
2392 4535 2554 4590 grave
2578 4517 2654 4572 illi
2679 4515 3006 4584 relinquitur
3029 4525 3322 4567 venenum.
3343 4506 3492 4571 Quo-

218 4619 300 4682 ὡς
331 4619 504 4680 δεινὸς
523 4618 670 4688 αύτῷ
691 4617 1041 4672 ὑπολείπεται
1074 4619 1171 4683 ἰός.
1207 4620 1298 4673 Διὸ
1325 4621 1418 4672 ἐπὶ
1462 4621 1678 4674 πάντων
1710 4639 1809 4674 κασ-
1852 4658 1857 4665 -

1261 4702 1288 4724 δ

217 4711 312 4764 λδν
337 4713 371 4780 ἡ
403 4711 723 4782 αὐτάρκεια.

295 4800 433 4855 XIII.
469 4801 628 4864 Τινὲς
643 4801 700 4854 δὲ
721 4801 830 4854 τῶν
862 4801 1186 4873 κακούργων
1216 4804 1488 4875 δαιμόνων
1515 4805 1689 4870 ἄλλως
1718 4807 1806 4860 ὲν-

224 4891 564 4964 εδρεύουσιν.
601 4894 712 4964 Τὴν
733 4893 908 4964 ἀρχὴν
933 4895 1054 4947 οὐδὲ
1081 4896 1164 4948 ὅτι
1186 4896 1232 4927 ⁷⁸
1260 4896 1398 4950 εἰσὶν
1429 4897 1803 4966 ἐμφαίνοντες,

1917 4618 2063 4674 circa
2089 4616 2144 4670 in
2172 4613 2428 4670 omnibus
2450 4611 2593 4665 bona
2617 4617 2701 4664 est
2725 4606 3034 4677 frugalitas.

1982 4795 2125 4850 XIII.
2160 4791 2262 4846 Alii
2288 4805 2420 4846 vero
2446 4785 2848 4842 malitiosorum
2881 4783 3192 4838 daemonum
3227 4781 3491 4837 insidian-

1915 4900 2001 4946 tur
2025 4889 2201 4943 aliter.
2233 4883 2558 4938 Nullalenus
2581 4880 2726 4935 enim
2751 4875 3105 4931 manifestam
3127 4891 3285 4943 sc,ne
3301 4882 3492 4930 contra

1539 5054 1774 5110 VARUE
1813 5048 2213 5109 LECTIONES.

302 5150 352 5187 ⁸⁸
378 5149 508 5212 τοῦς
523 5149 585 5203 C.
609 5147 746 5201 Tum
776 5145 851 5200 id.
889 5147 1105 5210 ὀδόντας
1133 5153 1188 5201 et
1219 5145 1288 5198 τὰ
1307 5146 1514 5200 ἐκείνου
1559 5148 1750 5200 αἰδοῖα.
1830 5154 1874 5185 ⁸ο
1923 5147 2079 5216 δῆλον
2102 5137 2314 5216 ’ὃτι-

2420 5138 2465 5173 ⁷ο
2498 5136 2554 5190 Ci
2602 5151 2660 5189 τε
2707 5142 2832 5188 ante
2885 5133 3066 5201 πάσης
3123 5130 3289 5201 omisi
3337 5143 3385 5182 c.
3425 5126 3489 5201 0_.

227 5222 279 5260 ν’
302 5220 382 5289 τῷ
403 5221 524 5301 fl."
549 5217 1016 5338 διαμαρτύρεσθαι
1044 5217 1109 5271 0.
1185 5217 1238 5255 ⁷³
1272 5215 1579 5338 ξραδύτητα
1610 5218 1671 5271 C.
1707 5217 1844 5271 Tum
1872 5197 2061 5270 366m.
2091 5211 2156 5266 0.
2219 5213 2266 5245 ”
2297 5207 2618 5277 ὲκνοηθῆναι
2645 5205 2705 5259 C.
2738 5203 2937 5257 Deinde
2962 5197 3054 5254 τοῦ
3080 5204 3135 5254 ὲν
3154 5200 3300 5270 αὐτῷ
3325 5215 3376 5267 p.
3400 5197 3495 5250 τοῦ

230 5292 430 5338 ἑαυτου
462 5288 529 5338 0-
606 5295 652 5326 τε
676 5288 814 5338 ἀαελ
842 5305 935 5338 ,σει
959 5287 1023 5338 Ο.
1100 5293 1147 5325 τε
1177 5286 1268 5338 θού
1305 5304 1453 5338 ονται
1487 5286 1530 5338 0
1559 5296 1654 5338 .ut
1678 5289 1852 5338 voluit
1882 5289 1939 5338 S.
1981 5285 2226 5338 Βούλεται
2249 5279 2307 5332 C.
2391 5283 2436 5312 ⁷⁷
2472 5277 2546 5333 Ita
2601 5279 2657 5333 S.
2686 5291 2812 5337 τους
2847 5274 3051 5338 absque
3087 5279 3312 5324 accentu
3369 5269 3488 5338 cod.

230 5286 430 5344 ἑαυτοῦ
462 5288 529 5344 0.
606 5286 656 5326 ’⁷⁸
676 5286 935 5358 ἀμελήσει
959 5287 1023 5341 0.
1082 5293 1147 5358 776
1177 5286 1268 5358 βού

1305 5304 1453 5340 ονται
1487 5286 1530 5340 0
1559 5328 1574 5349 ,
1595 5296 1654 5341 ut
1678 5289 1852 5342 voluit
1882 5289 1939 5344 S.

1980 5279 2307 5357 βούλεται
2346 5349 2358 5357 _
2391 5269 2564 5357 7"_'Ita_
2686 5274 3051 5357 cougmahsque
3087 5269 3312 5357 accentu
3369 5269 3488 5357 τωρ.

227 5363 315 5423 Ci,
344 5336 437 5430 qui
469 5336 1137 5430 ἷςᾶιτούὲἕῦξίήιῦρόὲυῃ,
1168 5336 1520 5420 «Sede—0715
1546 5336 2120 5430 églécptiof'ﬁ‘b‘ro
2147 5353 2229 5404 ὅτι
2254 5349 2291 5403 S
2346 5348 2450 5418 legi
2478 5353 2594 5408 vun
2621 5345 2775 5410 ὅλως.
2796 5336 2941 5398 Tum
2959 5336 3160 5398 inserui
3186 5341 3322 5415 εἰσίν
3347 5357 3394 5394 c-
3426 5336 3490 5392 0-

235 5425 447 5486 Deinde
487 5433 521 5502 ἡ
562 5425 850 5485 delendum
885 5425 1040 5498 putat
1083 5425 1142 5482 S.

1535 5539 1905 5598 VARIORUM
1936 5539 2168 5596 NOTAE.

308 5659 427 5729 (2⁸5)
455 5657 525 5715 S:
553 5661 587 5729 ἡ
615 5657 704 5712 διὰ
727 5657 870 5728 conj.
905 5657 1157 5713 Neander
1191 5665 1363 5729 gnost.
1407 5655 1552 5723 Syu.
1594 5670 1648 5724 p.
1681 5655 1808 5729 418.

241 5725 450 5785 Vocem
472 5725 623 5800 αἰτίᾳ
640 5725 930 5800 explicavit
950 5725 1261 5800 Crcdner'us
1285 5727 1338 5781 in
1355 5725 1814 5800 commentatione

244 5817 346 5858 sua
375 5801 442 5858 de
473 5795 781 5862 Essenis'et
807 5798 1081 5858 Ebionzeis
1111 5797 1324 5872 (Winer
1343 5839 1358 5869 ,
1406 5795 1664 5854 Zeitsclzr.
1699 5796 1805 5866 far.

1921 5656 2062 5708 wiss.
2105 5653 2287 5723 leeol.
2327 5653 2487 5721 189.9)
2519 5667 2570 5723 p.
2599 5651 2723 5708 282.
2763 5651 2868 5708 τῶν
2891 5659 3016 5707 ante
3042 5644 3260 5720 βρωτῶν
3286 5644 3491 5701 adscri-

1922 5726 2005 5797 psi
2031 5743 2077 5782 c.
2111 5721 2173 5780 0.
2219 5723 2473 5780 Duussu.
