3894 6208
418 353 521 412 25!

1268 351 1323 409 S.
1360 350 1745 406 CLEMENTIS
1780 352 1802 406 1
1834 352 1998 407 ROM.
2039 344 2240 410 PONT.
2276 354 2505 412 OPERA
2542 358 2766 417 DUBIA.

3568 362 3680 419 232

421 471 547 528 illos
558 469 879 526 adhibeatur
893 468 1497 539 diligentia,opportune
1509 479 1685 524 autem
1695 470 2004 533 ,oecasione

2105 468 2255 535 ὅπως
2287 472 2321 543 ἡ
2350 475 2469 526 κατ’
2503 474 2686 528 αὐτῶν
2708 474 2909 546 σπουδὴ
2936 477 3008 547 μὴ
3040 476 3283 548 γένηται,
3313 477 3584 550 εὐκαίρως
3616 482 3679 535 δὲ»

420 562 744 625 irae.amoris
772 567 867 615 aut
885 560 1107 615 alterius
1122 560 1424 628 cujuspiam
1453 570 1672 629 repente
1683 578 1778 615 seu
1799 560 1997 631 gladio,

2101 559 2270 631 ὀργῆς
2290 564 2819 637 προφάσει,ἐρωτος,
2842 567 2873 636 ἢ
2896 566 3062 619 ἄλλου
3089 567 3255 631 τινὸς,
3281 568 3404 637 ἦτοι
3432 569 3479 599 ⁸⁸
3501 569 3668 637 ξίφει,

420 666 517 705 seu
543 650 752 719 laqueo,
773 664 867 705 seu
911 648 1229 720 praecipitio,
1282 664 1377 703 seu
1407 650 1515 703 alio
1534 651 1771 720 quodam
1799 662 1997 707 contu-

2098 652 2134 722 ἢ
2168 652 2365 725 βρόχῳ,
2416 656 2447 726 ἢ
2481 658 2728 728 κρημνῷ,
2761 658 2792 729 ἢ
2847 658 3017 729 ἑτέρῳ
3069 658 3176 710 τιν)⁸
3212 659 3271 711 τὺ
3303 659 3672 729 σῶμααὶφνι-

419 743 637 797 meltam
670 742 913 796 inferunt
954 740 1191 809 corpori,
1215 747 1267 793 et
1294 740 1346 793 in
1382 740 1486 795 line
1511 742 1782 811 punitioni
1815 744 1991 814 subji-

418 833 573 889 ciunt
600 838 850 903 deceptas
879 834 946 887 ab
978 833 1111 902 ipsis
1138 848 1327 887 eorum
1372 836 1605 902 animas,
1659 835 1994 906 quibuscum

419 926 572 982 fuere
601 911 871 997 permisti,
924 927 1063 982 sicut
1090 926 1353 994 diximus,
1405 930 1655 985 abeundo
1710 931 1765 985 in
1813 932 1993 1002 ignem

417 1018 802 1086 expiatorium.
828 1017 930 1070 Alii
964 1032 1092 1070 vero
1125 1019 1373 1074 homines
1396 1019 1554 1073 aliter
1585 1019 1813 1075 insidias
1844 1020 1991 1090 passi

418 1123 527 1162 non
558 1110 819 1163 accedunt
852 1110 921 1164 ad
948 1128 1069 1178 nos,
1100 1111 1309 1180 decepti
1362 1111 1729 1181 malignorum
1776 1110 1984 1164 daemo-

416 1215 548 1254 num
598 1200 1052 1269 inspirationibus
1084 1244 1098 1268 ,
1155 1211 1414 1272 tanquam
1466 1217 1496 1255 τι
1543 1201 1649 1256 diis
1699 1201 1832 1270 ipsis
1887 1202 1990 1257 ista

416 1299 637 1362 propter
666 1292 978 1360 religionem
1009 1309 1139 1362 erga
1174 1308 1270 1348 eos
1297 1294 1595 1362 patiantur.
1626 1293 1840 1361 possint
1863 1310 1991 1349 vero

417 1399 513 1453 per
554 1385 823 1439 saerilicia
857 1386 909 1439 in
937 1386 1167 1453 gratiam
1212 1402 1336 1440 cum
1373 1385 1442 1441 iis
1492 1386 1690 1450 redire,
1729 1387 1989 1456 quodque

418 1490 529 1528 non
574 1476 807 1530 debeant
836 1476 995 1529 nobis
1042 1477 1320 1542 accedere,
1349 1477 1440 1531 sed
1471 1486 1660 1531 contra
1718 1478 1904 1548 fugere
1926 1496 1990 1536 ac

417 1572 543 1627 odio
596 1576 874 1642 prosequi.
933 1573 1133 1644 Sicque
1164 1576 1397 1630 oderunt
1422 1591 1487 1629 ae
1543 1574 1820 1645 refugiunt
1872 1593 1987 1643 eos,

418 1663 510 1731 qui
544 1664 757 1718 illorum
778 1665 957 1733 potius
988 1667 1338 1731 miserentur,
1356 1668 1567 1737 quique
1592 1668 1714 1723 illos
1736 1670 1801 1724 ad
1824 1670 1991 1725 bene-

419 1752 543 1806 lleia
575 1754 960 1823 insequuntur.

490 1844 631 1899 XIV.
678 1846 814 1900 Dum
863 1847 1155 1916 igiturnos
1207 1852 1332 1907 odio
1372 1853 1573 1908 habent
1626 1862 1681 1907 et
1739 1852 1990 1923 fugiunt,

420 1937 640 1992 insidiis
690 1949 1043 2008 appetuntur,
1096 1943 1266 2011 ignari
1315 1944 1459 1998 unde
1516 1946 1650 2014 ipsis
1689 1947 1990 2016 contingat,

419 2036 480 2083 ut
508 2030 783 2086 contraria
826 2033 985 2086 saluti
1022 2049 1135 2088 suae
1168 2036 1425 2090 sentiant.
1476 2034 1663 2105 Neque
1688 2037 1833 2089 enim
1859 2054 1980 2102 nos,

418 2122 464 2175 si
491 2123 664 2175 nolint
692 2123 761 2177 ad
794 2124 1029 2180 salutem
1060 2126 1414 2195 prependerc,
1450 2142 1644 2198 cogere
1668 2144 1762 2181 eos
1789 2144 1989 2197 possu-

416 2228 561 2276 mus,
592 2213 719 2282 quia
751 2222 955 2269 tantam
999 2232 1143 2271 nunc
1167 2233 1275 2271 non
1309 2218 1574 2273 habemus
1625 2220 1678 2272 in
1707 2220 1854 2288 ipsos
1886 2235 1985 2289 po—

419 2312 703 2369 testatem,
748 2320 925 2375 neque
976 2307 1077 2375 ipsi
1130 2324 1159 2361 a
1212 2308 1406 2377 seipsis
1456 2325 1683 2378 pravam
1727 2311 1989 2365 daemonis

418 2392 832 2463 inspirationem
888 2408 1117 2465 possunt
1172 2398 1473 2468 intelligere
1505 2416 1516 2449 :
1554 2399 1806 2453 nesciunt
1842 2400 1987 2455 enim

416 2486 561 2540 unde
591 2486 695 2540 sibi
723 2489 987 2541 malorum
1037 2499 1399 2559 suggerantur
1426 2490 1805 2555 cogitationes.
1852 2489 1990 2546 Sunt

417 2586 596 2630 autem
625 2578 721 2644 illi,
763 2595 903 2648 quos
926 2580 1201 2635 daemones
1224 2597 1330 2650 qua
1363 2582 1556 2635 volunt
1586 2581 1760 2635 forma
1818 2598 1987 2650 appa-

416 2677 627 2734 rentes,
661 2677 887 2723 terrent.
962 2671 1239 2724 Interdum
1286 2686 1416 2725 vero
1471 2672 1692 2740 aegrotis
1748 2672 1989 2726 remedia

416 2759 803 2828 praescribunt.
844 2758 1023 2827 Atque
1052 2760 1124 2813 ita
1182 2760 1250 2813 ab
1281 2761 1370 2824 iis,
1401 2777 1540 2830 quos
1577 2763 1728 2831 prius
1770 2763 1993 2833 decepe-

415 2858 565 2915 runt,
608 2850 833 2903 deorum
879 2850 1139 2904 honorem
1202 2862 1500 2921 reportant.
1559 2853 1627 2907 Et
1682 2855 1827 2923 quod
1875 2854 1988 2909 da:-

418 2955 611 2995 mones
646 2941 793 3005 sint,
842 2941 1041 2996 multos
1094 2944 1253 3007 latet,
1306 2959 1416 2997 non
1476 2954 1656 2999 tamen
1708 2961 1808 3000 nos
1839 2989 1853 3013 ,
1891 2947 1989 3016 qui

416 3046 608 3086 eorum
672 3032 877 3086 scimus
907 3034 1250 3103 mysterium,
1286 3050 1450 3103 quam
1496 3037 1565 3091 ob
1615 3053 1841 3092 causam
1875 3039 1988 3092 haec

415 3120 642 3187 faciant,
676 3134 735 3177 ut
755 3123 807 3176 in
839 3124 1063 3179 somniis
1078 3140 1135 3178 se
1159 3126 1546 3181 trausl‘orment
1572 3129 1835 3184 adversus
1864 3130 1985 3185 illos
2009 3150 2058 3214 ο

415 3216 507 3285 qui
564 3214 617 3268 in
655 3229 847 3269 eorum
910 3225 1039 3269 sunt
1110 3226 1395 3286 potestate,
1451 3228 1505 3274 et
1579 3222 1715 3275 alios
1765 3223 1983 3291 quidem

416 3316 677 3371 terreant,
736 3309 874 3362 alios
910 3324 1038 3363 vero
1083 3321 1343 3364 moneant
1400 3314 1640 3367 oraculis
1682 3323 1735 3367 ct
1762 3322 1989 3382 poscant

416 3398 706 3464 sacriﬁcia,
747 3416 811 3454 ac
858 3415 1041 3454 secum
1068 3401 1211 3455 vesci
1239 3402 1489 3472 jubeant,
1520 3420 1628 3473 quo
1652 3404 1868 3458 illorum
1894 3406 1989 3459 de-

417 3492 649 3562 glutiant
677 3492 910 3547 animas.

487 3586 633 3648 XVR,
657 3586 1129 3652 Quemadmodum
1185 3588 1333 3642 enim
1384 3589 1510 3642 tetri
1556 3599 1838 3659 serpentes
1886 3606 1988 3645 suo

417 3677 592 3731 halitu
654 3692 907 3746 passeres
959 3677 1385 3742 attraliunt,isic
1438 3687 1491 3732 et
1539 3679 1816 3734 daemones
1869 3696 1987 3746 eos,

416 3770 510 3840 qui
560 3784 762 3824 mensae
802 3770 1023 3823 illorum
1074 3769 1366 3839 participes
1417 3779 1566 3835 sunt,
1622 3786 1718 3840 per
1745 3771 1899 3826 cibos
1929 3782 1985 3828 et

416 3870 580 3932 potus
608 3863 758 3925 eum‘;
783 3871 963 3916 mente
997 3878 1188 3917 eorum
1246 3866 1527 3934 temperati
1576 3867 1644 3920 ad
1696 3882 1850 3921 suam
1879 3876 1993 3921 tra-

2095 741 2224 805 δίως
2245 744 2634 817 ἐνυϐρίζουσιν,
2653 748 2746 801 καὶ
2770 750 2849 811 εἰς
2876 747 3025 811 τέλος
3046 748 3513 820 κολασθησομένας
3534 750 3668 803 καθ-

2097 830 2296 884 εστῶσι
2319 832 2361 863 ⁸⁸
2432 834 2537 886 τῶν
2604 836 3059 908 ἀνακεκραμένων
3096 836 3194 899 τὰς
3240 838 3597 908 ὴπατημὲνας
3622 840 3669 871 ⁸⁸

2095 922 2279 985 αὐτοῖς
2307 924 2501 995 ψυχὰς,
2538 926 2615 990 ὡς
2658 927 2884 998 ἔφαμεν,
2945 931 3025 992 εἰς
3054 930 3114 981 τὸ
3146 929 3447 1000 καθάρσιον
3484 934 3671 1002 χωρή·

2097 1031 2287 1079 σαντες
2343 1015 2471 1088 πῦρ.
2539 1018 2719 1073 Ἀλλοι
2777 1021 2833 1073 δέ
2892 1020 3065 1083 ἄλλως
3128 1022 3530 1093 ἐνεδρευὸμενοι
3600 1025 3665 1077 οὐ

2094 1107 2380 1177 προσίασιν
2413 1109 2562 1179 ἡμῖν,
2607 1114 2727 1175 ταῖς
2764 1112 2870 1165 τῶν
2903 1112 3223 1183 κακούργων
3267 1112 3535 1182 δαιμόνων
3569 1116 3661 1166 ἐν-

2094 1198 2391 1271 θυμήσεσιν
2412 1202 2783 1273 ἀπατώμενοι,
2807 1204 2881 1266 ὡς
2914 1203 3020 1257 ὑπὸ
3054 1203 3151 1273 μὲν
3182 1202 3288 1255 τῶν
3322 1202 3457 1255 θεῶν
3481 1204 3665 1257 αὐτῶν

2091 1287 2268 1341 ταῦτα
2325 1292 2625 1360 πάσχοντες
2683 1291 2772 1345 διά
2803 1293 2902 1362 τὴν
2948 1293 3085 1363 πρὸς
3149 1294 3347 1355 αὐτοὺς
3378 1292 3663 1363 ἀμέλειαν,

2093 1380 2303 1445 θυσίαις
2323 1382 2379 1434 δὲ
2408 1383 2603 1445 αὐτοὺς
2633 1382 2969 1435 διαλλάσσειν
2994 1383 3302 1454 δυνάμενοι,
3336 1387 3429 1437 καὶ
3462 1386 3541 1438 ὅτι
3586 1386 3665 1457 μὴ

2093 1472 2196 1541 χρὴ
2230 1472 2427 1534 αὐτοὺς
2460 1474 2589 1541 ἡμῖν
2621 1474 2922 1542 προσιέναι,
2952 1472 3086 1525 ἀλλά
3113 1475 3414 1527 τούναντίον
3438 1476 3666 1545 φεύγειν

2084 1558 2181 1612 καὶ
2225 1560 2425 1629 μισεῖν.
2457 1558 2568 1612 Καὶ
2607 1559 2756 1630 ὁμῶς
2781 1559 2825 1591 ⁸³
2856 1560 3073 1631 μισοῦσι
3105 1562 3200 1615 καὶ
3244 1561 3501 1633 φεύγουσι
3528 1566 3661 1629 τοὺς

2087 1649 2286 1721 μᾶλλον
2317 1649 2600 1716 ἐλεοῦντας
2636 1651 2684 1686 ⁸⁵
2712 1652 2807 1711 καὶ
2850 1653 2939 1708 ἐπ’
2979 1653 3267 1727 εὐεργεσίᾳ
3310 1657 3505 1722 αὐτοὺς
3534 1658 3664 1712 διώ-

2084 1758 2299 1806 κοντας.

2163 1850 2301 1905 Χιν.
2335 1851 2638 1916 Μισοῦντες
2668 1847 2760 1906 οῦν
2794 1854 2885 1907 καὶ
2920 1852 3208 1921 φεύγοντες
3233 1854 3378 1923 ἡμᾶς
3416 1851 3666 1921 ἐνεδρεύ-

2092 1961 2262 2008 ονται,
2290 1946 2389 1997 οὐκ
2419 1944 2617 2008 εἰδότες
2650 1945 2810 1997 πόθεν
2838 1945 3019 2007 αὐτοῖς
3045 1943 3115 1997 τά
3148 1943 3361 1999 ἐναντία
3386 1944 3667 2014 τῇναὺτῶν

2094 2036 2335 2107 σωτηρίᾳ
2386 2039 2598 2106 φρονεῖν
2629 2038 2856 2104 γίνεται·
2907 2034 3029 2088 οὔτε
3090 2034 3199 2105 γάρ
3252 2037 3412 2105 ἡμεῖς
3467 2036 3668 2097 αὐτοὺς

2094 2125 2169 2196 μὴ
2223 2124 2576 2195 βουλομένους
2616 2126 2753 2195 πρὸς
2814 2125 3081 2195 σωτηρίαν
3127 2124 3314 2177 νεῦσαι
3373 2125 3668 2195 βιάσασθαι

2090 2214 2385 2287 δυνάμεθα,
2417 2218 2537 2270 ἐπεὶ
2574 2217 2646 2287 μὴ
2669 2217 2935 2286 τοσαύτην
2978 2215 3071 2268 νῦν
3104 2218 3221 2268 κατ’
3256 2215 3432 2269 αὐτῶν
3465 2215 3670 2286 ἔχομεν

2091 2306 2356 2373 ἐξουσίαν,
2390 2307 2513 2361 οὔτε
2546 2308 2699 2360 αὐτοὶ
2739 2308 2831 2376 ἀφ’
2855 2307 3059 2359 ἑαυτῶν
3086 2308 3184 2377 τὴν
3213 2308 3387 2378 κακὴν
3416 2308 3510 2359 τοῦ
3547 2307 3670 2360 δαί-

2094 2417 2253 2469 μονος
2290 2399 2583 2470 ἐνθύμησιν
2614 2400 2800 2469 νοῆσαι
2821 2398 3093 2461 δύνανται,
3116 2398 3175 2450 οὑ
3206 2398 3314 2469 γὰρ
3345 2397 3523 2451 ἴσασιν
3543 2400 3669 2476 ὅθεν

2090 2492 2270 2555 αὐτοῖς
2307 2491 2468 2561 206
2489 2492 2543 2544 αί
2569 2489 2677 2544 τῶν
2694 2490 2875 2543 κακῶν
2901 2489 3221 2559 ἐνθυμήσεις
3252 2489 3666 2545 ὑποϐάλλονται.

2091 2584 2240 2635 Εἰσὶν
2268 2582 2324 2634 δέ
2358 2581 2467 2651 (24)
2499 2572 2664 2644 οῦτοι,
2690 2579 2783 2638 οὒς
2815 2580 2863 2631 οἱ
2921 2578 3167 2648 δαίμονες
3206 2578 3326 2632 καθ’
3354 2577 3417 2641 ἀς
3447 2579 3672 2648 βούλονε

2088 2691 2178 2725 ται
2231 2672 2445 2742 μορφὰς
2502 2669 2914 2738 ἐπιφαινόμενοι
2956 2666 3424 2737 φοϐοῦσινηἜσίΓ
3468 2670 3554 2721 δῖε
3606 2670 3670 2723 δὲ

2090 2766 2184 2818 καὶ
2214 2768 2326 2827 τοῖς
2360 2762 2575 2816 νοσοῦσι
2606 2761 2901 2833 θεραπείας
2936 2760 3343 2821 συντάσσουσιν,
3374 2760 3467 2812 καὶ
3491 2759 3671 2824 οὕτως

2090 2859 2201 2918 τοῖς
2226 2852 2705 2925 προηπατημὲνοις
2740 2851 2879 2904 θεῶν
2912 2850 3068 2915 δόξαν
3118 2850 3500 2920 ἀποφέρονται.
3555 2852 3672 2903 Καὶ

2088 2948 2213 3008 τοὺς
2235 2944 2546 3015 δαίμοναςθδ
2573 2937 2715 2995 εἶναι
2753 2942 2877 3004 τοὺς
2898 2940 3121 3004 πολλοὺς
3143 2939 3508 3003 λανθάνουσιν,
3530 2941 3677 2997 ἀλλὰ.

2089 3040 2185 3108 οὐχ
2198 3041 2229 3108 ἡ
2242 3038 2345 3107 μᾶς
2360 3036 2483 3098 τοὺς
2499 3035 2703 3097 εἰδότας
2723 3033 2899 3087 αὐτῶν
2915 3032 2975 3084 τὸ
2999 3032 3473 3102 μυστήριον,”τίνος
3500 3032 3675 3113 ξένε-κα

2089 3128 2309 3180 τοιαῦτα
2352 3126 2705 3196 πράττουσιν,
2750 3123 2969 3184 ἑωυτοὺς
3018 3121 3134 3175 κατ’
3174 3121 3304 3191 ὄναρ
3323 3120 3440 3174 καθ’
3462 3116 3537 3174 ὧν
3564 3122 3671 3191 τὴν

2090 3219 2332 3287 ἐξουσίαν
2363 3219 2541 3288 ἔχουσι
2562 3214 3052 3287 μεταμορφοῦντες,
3066 3212 3259 3276 misi);
3278 3213 3372 3282 μὲν
3389 3210 3673 3281 φοϐοῦσιν,

2090 3307 2169 3375 οἷς
2195 3312 2251 3364 δὲ
2284 3308 2682 3381 χρηματίζουσι
2725 3309 2819 3361 καὶ
2853 3306 3041 3368 θυσίας
3074 3303 3363 3363 ἀπαιτοῦσι
3415 3304 3507 3355 καὶ
3544 3321 3672 3356 συν-

2091 3402 2371 3456 εστιᾶσθαι
2430 3400 2740 3454 κελεύουσιν
2764 3439 2779 3464 ,
2836 3398 2922 3450 ἵνα
2954 3395 3131 3456 αὐτῶν
3169 3394 3268 3457 τὰς
3299 3393 3473 3465 ψυχὰς
3529 3412 3671 3465 συμ-

2090 3498 2317 3551 πίνωσιν
2349 3497 2416 3550 ⁸⁸.

2158 3588 2274 3641 XV.
2322 3589 2407 3652 Ὡς
2439 3587 2547 3658 γάρ
2574 3588 2623 3639 οἱ
2656 3585 2819 3638 δεινοὶ
2853 3584 3007 3653 ὄφεις
3037 3588 3149 3647 τοῖς
3179 3584 3359 3638 αὐτῶν
3386 3584 3670 3653 πνεύμασι

2090 3684 2218 3744 τοὺς
2280 3678 2571 3751 στρούθους
2625 3678 2985 3741 ἐπισπῶνται,
3024 3677 3163 3729 οὕτω
3196 3677 3287 3728 καὶ
3339 3675 3491 3728 αὐτοὶ
3537 3675 3667 3738 τοὺς

2092 3767 2605 3839 μεταλαμϐάνοντας
2642 3770 2743 3840 τῆς
2784 3770 2963 3824 αὐτῶν
3008 3770 3308 3842 τραπέζης,
3337 3770 3426 3824 διά
3459 3787 3523 3838 γε
3558 3767 3671 3823 τῶν

2087 3858 2309 3931 βρωτῶν
2342 3861 2436 3913 καλ⁵
2469 3861 2648 3915 ποτῶν
2690 3861 3091 3933 ἀνακραθέντες
3130 3862 3306 3915 αὐτῶν
3342 3859 3420 3931 τῷ
3450 3859 3557 3925 νῷ,
3585 3861 3669 3922 εἰς

418 3954 559 4008 hunt
609 3954 978 4018 voluntatem,
1040 3955 1502 4013 transformantes
1563 3974 1622 4013 se
1681 3959 1735 4012 in
1782 3959 1992 4014 somnis

2095 3951 2144 4005 rb
2172 3950 2299 4005 ἴδιον
2324 3951 2502 4006 αὐτῶν
2525 3952 2568 3984 ⁸⁷
2597 3951 2933 4007 ἐπισπῶνται
2959 3952 3227 4023 βούλημα,
3257 3934 3670 4021 μεταμορξροῦν-

416 4044 569 4113 juxta
623 4046 827 4100 formas
885 4046 1324 4112 simulacrorum,
1364 4056 1423 4101 ut
1462 4064 1703 4104 errorem
1736 4058 1990 4120 augeant.

2095 4059 2172 4108 τες
2197 4044 2422 4107 ἐαυτοὺς
2452 4046 2570 4099 κατ’
2599 4046 2733 4117 ὄναρ
2753 4045 2893 4100 κατά
2921 4044 3019 4109 τάς
3043 4043 3151 4099 τῶν
3180 4043 3381 4109 ξοάνων
3422 4042 3564 4105 ἰδέας
3596 4044 3643 4073 ⁸⁸

418 4134 554 4191 Nam
604 4138 957 4192 simulacrum
1015 4153 1192 4207 neque
1240 4139 1441 4193 animal
1497 4149 1601 4206 est,
1646 4157 1822 4211 neque
1857 4141 1995 4196 divi-

421 4244 552 4283 num
603 4230 766 4284 habet
819 4230 1105 4299 spiritum;
1139 4232 1233 4300 qui
1283 4247 1414 4287 vero
1464 4234 1713 4303 apparuit
1755 4234 1990 4303 daemon,

421 4320 604 4389 specie
649 4321 857 4376 abusus
914 4330 1017 4376 est.
1086 4320 1230 4387 Quot
1279 4323 1533 4379 similiter
1587 4324 1840 4381 homines
1895 4341 1994 4396 per

2095 4140 2183 4194 ἵνα
2213 4138 2313 4210 τὴν
2360 4136 2570 4207 πλάνην
2609 4134 2937 4205 αὐξήσωσιν.
3007 4133 3080 4187 Τδ
3130 4132 3240 4203 γὰρ
3301 4131 3488 4195 ξόανον
3545 4128 3671 4182 οὔτε

2095 4228 2232 4295 ζῶόν
2284 4231 2454 4293 ἐστιν,
2517 4225 2643 4280 οῦτε
2708 4224 2848 4278 θεῖον
2895 4225 3007 4295 ἔχει
3048 4223 3285 4293 πνεῦμα,
3338 4224 3367 4274 ὁ
3398 4222 3455 4274 δέ
3482 4221 3672 4289 ὀφθεὶς

2091 4321 2297 4392 δαίμων
2344 4322 2412 4391 τῇ
2466 4320 2644 4389 μορφῇ
2693 4317 3063 4388 ἀπεχρήσατο.
3101 4315 3264 4368 Πόσοι
3287 4313 3330 4345 ⁸³
3364 4315 3482 4366 κατ’
3537 4312 3673 4380 ὄναρ

422 4413 695 4470 somnium
746 4412 815 4467 ab
865 4412 988 4467 aliis
1024 4413 1127 4468 visi
1160 4423 1289 4468 sunt
1354 4422 1408 4468 et
1465 4414 1609 4470 inter
1653 4416 1991 4485 vigilandum

2095 4414 2291 4485 ὁμοίως
2345 4412 2521 4476 ἄλλοις
2552 4409 2831 4480 ὤφθησαν,
2866 4410 2959 4461 καὶ
2993 4408 3139 4477 ῦπαρ
3186 4404 3671 4475 συναντήσαντεςθο

421 4503 569 4557 obvii
615 4501 785 4570 facti,
840 4500 1092 4571 factaque
1160 4502 1573 4571 comparatione
1630 4484 1755 4558 cum
1814 4506 1992 4560 somni

2098 4505 2348 4577 ἀλλήλοις
2381 4504 2518 4576 πρὸς
2564 4503 2627 4555 τὸ
2648 4503 2765 4556 κατ’
2799 4501 2930 4572 ὄναρ
2992 4497 3397 4561 ἀντιϐάλλοντες
3446 4498 3508 4548 ού
3544 4513 3672 4548 συν-

421 4594 564 4662 viso,
608 4608 719 4649 non
761 4596 1216 4648 eonsonuerunt?
1245 4594 1396 4649 Adeo
1442 4595 1857 4652 utinsomnium
1889 4599 1995 4653 hoc

421 4685 534 4756 iam
580 4700 687 4738 non
731 4685 804 4739 sit
856 4684 1148 4755 apparitio,
1185 4686 1279 4740 sed
1328 4686 1574 4740 accessio
1608 4686 1691 4739 vel
1720 4687 1989 4743 daemonis

388 4777 509 4856 _vel
544 4779 740 4831 anima:
766 4788 819 4843 ι,
886 4793 1009 4846 qua:
1057 4791 1124 4832 ex
1170 4777 1529 4845 praesentibus
1585 4786 1639 4831 et
1697 4778 1990 4848 cupiditate

2100 4598 2385 4670 εφώνησαν
2404 4614 2418 4663 ;
2438 4596 2577 4677 ὦσξε
2608 4595 2707 4648 οὐκ
2738 4592 2990 4661 ἕτι207
3005 4591 3136 4661 ὄναρ
3166 4589 3674 4659 ἐπιφάνεια⁹¹ἐκεί-

2098 4693 2158 4747 νό
2184 4692 2352 4754 ἐστιν,
2387 4687 2499 4743 ἀλλ’
2532 4686 2566 4756 ἢ
2600 4683 2852 4755 δαίμονός
2898 4684 3047 4734 ἐστιν
3079 4681 3111 4752 ἢ
3147 4680 3325 4751 ψυχῆς
3351 4679 3419 4731 τά
3450 4680 3497 4711 ⁹¹
3546 4680 3673 4731 ἐπι-

2099 4784 2415 4853 γεννήματα
2445 4781 2563 4841 τοῖς
2595 4774 2852 4847 παριοῦσι
2885 4772 3068 4842 φόϐοις
3117 4771 3212 4829 καὶ
3244 4769 3508 4840 ἐπιθυμίᾳ
3536 4769 3675 4822 ἀπο-

498 4903 525 4931 ι
545 4888 945 4961 Congruentius
974 4889 1162 4945 Graeco
1186 4898 1489 4946 verteretur
1522 4908 1534 4944 :
1572 4906 1688 4959 qua:
1715 4892 1938 4945 instanti
1962 4894 2140 4947 timori
2172 4894 2248 4948 vel
2283 4889 2567 4961 cupiditati
2600 4889 2801 4958 formas
2827 4886 3097 4940 attribuit.
3129 4883 3289 4937 Ευιτ.
3320 4881 3561 4937 ΡΑτιιοι..

1734 4982 1969 5037 VARUE
2007 4983 2408 5041 LECTIONES.

500 5074 760 5158 Ἰητέςέ
790 5076 1041 5158 dies;
1090 5076 1480 5158 θῖἒιαθεσῖάεξιν
1525 5074 1565 5129 (³
1609 5074 2055 5158 ›.κ<ῑι9ιστᾶσιγδ,-
2133 5074 2657 5158 ’Ἰηταβημένοξςο-
2692 5145 2702 5155 .
2734 5070 2872 5158 ⁸³ί¹ιξι
2902 5069 2941 5158 5
2971 5065 3679 5158 ιίιιξὶἒῦτξιέςερπξὲεκέμέξέ

428 5143 565 5208 C,0.
588 5140 605 5217 γ’
649 5145 696 5177 ⁸⁸
716 5140 977 5211 ἐλεῶντας
1002 5146 1063 5201 C.
1122 5147 1167 5179 ⁸⁵
1190 5149 1315 5209 τοὺς
1336 5146 1597 5217 δαίμονας
1620 5145 1737 5217 dedi
1761 5161 1825 5199 ex
1844 5148 2095 5215 conject.,
2113 5140 2476 5217 τοῦδαίμὸνος
2614 5145 2706 5213 qui
2730 5140 2996 5217 copj._'=05

3091 5138 3381 5207 ίμονας,υῐ
3402 5134 3483 5207 est
3508 5137 3559 5207 in
3584 5134 3641 5207 07
3659 5178 3675 5201 ,

428 5205 490 5271 τὸ
510 5216 761 5293 δαίμονες
904 5205 1460 5293 δοσυμπίνωσιν-ὃλΟ
1491 5256 1507 5283 ,
1539 5205 1894 5293 συμπίνουσξν
2034 5205 2111 5293 ’έτ
2140 5218 2207 5293 δι’
2235 5205 2492 5293 αὐτῶνκρ.
2526 5205 2657 5293 ἴδιον
2685 5205 2939 5293 αὐτῶνρ.
3016 5210 3061 5240 ⁸⁸
3089 5205 3265 5293 εἶδέας
3291 5206 3352 5261 C.
3430 5206 3474 5237 ”
3607 5206 3652 5293 ξ

430 5305 493 5341 ex
521 5274 756 5356 conject:
778 5289 832 5341 in
860 5274 1053 5355 marg...
1066 5289 1249 5351 πόσοις
1281 5274 1454 5341 id.'in
1494 5274 1691 5356 'texl'u,
1726 5296 1787 5340 ut
1820 5285 1882 5340 0.
1960 5287 2004 5318 ⁰⁰
2034 5286 2111 5341 Ita
2140 5289 2192 5341 in
2220 5304 2389 5352 marg.
2414 5274 2454 5340 (ξ
2489 5326 2505 5350 ,
2532 5286 2624 5354 qui
2646 5284 2699 5336 in
2722 5291 2868 5356 textu
2897 5280 3485 5350 ὑπερσυναντήσαντες,
3515 5287 3574 5329 ut
3606 5274 3673 5328 Ο.

430 5360 472 5391 ⁹¹
496 5353 781 5429 ἐπιφανείη
822 5359 881 5413 Ο.
945 5358 1072 5412 "tot
1092 5358 1286 5414 melius
1314 5358 1548 5413 abesset.
1579 5355 1638 5411 S.
1666 5354 1877 5429 Deinde
1888 5357 2122 5429 παροῦσι
2144 5357 2219 5429 ﬁt?!
2242 5353 2592 5429 exgconjectl,
2626 5353 2796 5423 παρία
2821 5353 2875 5405 in
2901 5361 3068 5405 textu.

1751 5426 2116 5483 VARIORUM
2142 5426 2372 5483 ΝΟΤλΕ.

506 5518 622 5588 (24)
655 5518 959 5575 Cotelerius
1000 5520 1053 5575 in
1091 5521 1342 5577 versione
1376 5521 1726 5575 vehementer
1768 5520 1990 5574 labitur.

433 5588 702 5660 Caaterum
727 5590 914 5646 Graeca
952 5607 1169 5660 quoque
1196 5591 1338 5645 haud
1370 5607 1499 5645 sana
1532 5600 1681 5644 sunt.
1737 5590 1992 5645 Fortasse

435 5659 599 5713 verba
626 5661 761 5713 εἰσὶν
792 5661 848 5713 δέ
878 5659 1135 5716 mutanda
1158 5671 1287 5718 sunt
1317 5660 1370 5713 in
1395 5660 1584 5724 ἄλλους
1605 5660 1663 5714 δέ
1693 5661 1780 5714 cui
1807 5675 1993 5714 emen-

436 5728 645 5802 dationi
681 5731 837 5802 tidem
864 5730 996 5802 facit
1017 5731 1446 5802 Recognttionam
1473 5731 1802 5800 liber,eujus
1828 5746 1989 5799 para-

442 5796 653 5864 phrasis
684 5799 795 5855 hate
840 5801 1099 5858 estzAliis
1142 5796 1301 5857 Etiam
1353 5804 1609 5857 da'mones
1661 5796 1854 5856 inrisit
1905 5816 1995 5870 per

2107 5521 2340 5574 diversas
2380 5519 2634 5589 imagines
2672 5524 2983 5589 apparentes
3051 5512 3316 5589 interdum
3362 5507 3534 5589 minus

2102 5593 2320 5645 tendunt
2348 5632 2363 5655 ,
2395 5575 2661 5645 interdum
2707 5575 3005 5656 sanitates-
3040 5582 3359 5652 pollicentur
3397 5578 3494 5656 (tv,
3536 5575 3673 5656 .19).

2099 5661 2212 5716 Cfr.
2259 5647 2401 5715 intra
2424 5676 2473 5715 c.
2529 5660 2617 5713 14.
2681 5656 2740 5710 S.
2772 5656 2905 5709 Post
2949 5647 3095 5707 οὗτοι
3120 5659 3391 5709 commate
3420 5647 3675 5713 distinxi,

2105 5731 2485 5816 assumpsique
2512 5729 2604 5792 οὓς
2625 5743 2690 5807 ex
2717 5726 2783 5783 0.
2827 5724 3085 5780 Dasssu.
