3894 6208
218 331 333 389 353

1294 327 1752 385 CLEMENTINA.
1791 358 1861 371 --
1897 325 2179 383 HOMILIA
2212 326 2304 381 IX.

3368 335 3471 389 ΞΜ

216 444 474 521 διδούσης
509 464 609 513 τας
637 446 781 514 ιδίας
809 452 879 506 ⁸³.
933 451 966 523 ἡ
1003 448 1112 522 γὰρ
1144 490 1158 513 ,
1196 450 1345 521 φόϐῳ
1375 450 1466 504 τὸν
1501 448 1627 503 νοῦν
1666 448 1800 518 πλη-

1907 446 2114 501 formas
2168 462 2260 501 seu
2330 445 2481 502 ideas
2555 446 2811 516 exprimit
2859 464 2873 500 :
2922 447 3014 502 illa
3068 450 3212 503 enim
3279 450 3474 505 timore

216 544 407 609 γεῖσα,
463 542 532 593 δι’
564 540 611 573 ⁸⁸
664 541 891 613 ὀνείρων
947 541 1049 605 τὰς
1098 540 1241 605 ίδέας
1265 540 1615 595 άποκυίσκει.
1643 539 1707 591 El
1747 538 1803 590 δὲ

215 631 293 684 τὰ
326 631 491 697 ξόανα
520 632 696 686 οῐεσθε
724 632 802 696 ὡς
832 631 1045 704 ἔμπνοα
1100 632 1414 703 ὑπάρχοντα
1457 630 1525 684 τά
1581 628 1805 683 τοιαῦτα

214 724 468 795 ἐνεργεῖν
526 722 817 786 δύνασθαι,
861 724 953 776 ἐπὶ
998 721 1165 792 ζυγοῦ
1212 723 1608 793 ἐπιστήσαντες
1643 719 1802 783 αὐτὰ,

217 814 340 867 ἴσου
372 814 525 877 ὄντος
550 813 646 867 τοῦ
669 814 910 877 κανόνος,
931 814 994 866 τὸ
1024 813 1348 885 ἀντίρροπον
1367 813 1461 866 ἐπὶ
1489 813 1588 883 τῆς
1613 811 1806 883 ἐτέρας

214 905 563 975 πλάστιγγος
602 906 788 970 θέντες
810 947 826 972 ,
860 905 1130 971 ἀξιώσατε
1178 904 1316 959 αὐτὰ
1348 906 1381 976 ἢ
1417 904 1681 974 όλκότερα
1712 920 1806 972 γε-

213 999 412 1053 νέσθαι
444 999 479 1071 ἢ
509 1000 834 1070 κουφότερα,
869 999 965 1051 καὶ
995 997 1167 1060 οὕτως
1199 996 1294 1049 ἐὰν
1316 996 1562 1067 γένηται,
1594 993 1806 1065 ἑμπνοά

212 1093 391 1144 ἐστιν·
436 1090 551 1145 ἀλλ’
581 1092 641 1144 ού
659 1090 885 1159 γίνεται·
922 1090 971 1141 εί
1007 1089 1063 1141 δὲ
1094 1088 1273 1152 ἔσται,
1300 1086 1453 1141 οὔπω
1486 1086 1549 1139 τὸ
1594 1085 1806 1139 τοιοῦτο

212 1180 344 1245 θὲός
376 1183 547 1235 ἐστιν.
580 1182 690 1236 Καὶ
711 1180 820 1253 γὰρ
841 1180 1088 1251 δακτύλῳ
1106 1179 1357 1251 δαίμονος
1372 1176 1533 1231 τοῦτο
1553 1175 1804 1247 γενέσθαι

209 1273 469 1327 δύναται.
484 1273 594 1327 Καὶ
609 1271 887 1344 σκώληκες
902 1272 1197 1333 κινοῦνται,
1229 1269 1323 1323 κα)⁸
1334 1269 1517 1322 θεοὶού
1531 1267 1799 1336 λέγονται.

304 1363 453 1420 XVI.
493 1366 616 1418 Ὅτι
647 1364 705 1418 δὲ
736 1364 872 1436 πρὸς
901 1362 1002 1427 τὰς
1035 1360 1335 1434 προλήψεις
1365 1362 1401 1431 ὴ
1435 1359 1666 1413 ἑκάστου
1704 1358 1805 1429 ψυ-

210 1454 288 1525 χὴ
314 1452 464 1517 ἰδέας
485 1454 532 1487 ⁸³
560 1452 835 1523 δαιμόνων
869 1450 1223 1516 άπεικονίζει,
1255 1451 1349 1503 καὶ
1373 1450 1471 1519 οὐχ
1493 1450 1542 1503 οἱ
1564 1449 1797 1519 λεγόμε-

211 1562 298 1597 νοι
336 1543 453 1596 θεοὶ
486 1543 883 1612 ἐπιφαίνονται,
917 1542 1088 1612 σαφές
1119 1543 1269 1595 ἐστιν
1308 1542 1372 1594 ἐκ
1400 1539 1496 1594 τοῦ
1529 1540 1803 1603 Ἰουδαίοις

212 1636 294 1706 μὴ
328 1634 737 1705 ἐπιφαίνεσθαι.
786 1633 927 1687 Ἀλλ’
980 1634 1097 1705 ὲρετ
1124 1649 1212 1696 τις
1236 1648 1250 1663 ⁸
1290 1631 1417 1695 Πῶς
1447 1626 1540 1689 οὖν
1579 1649 1801 1703 χρημα-

208 1727 430 1791 τίζουσι
482 1726 551 1780 τά
609 1726 876 1798 μέλλοντα
936 1724 1440 1796 προσημαίνοντεςς
1495 1724 1591 1778 καὶ
1643 1723 1801 1777 τοῦτο

205 1786 413 1887 ψεῦδός
444 1786 622 1871 ἐστιν..
644 1817 886 1873 Δεδόσθω
916 1786 1259 1889 δίε-ἀλήθειαν
1279 1817 1326 1848 ³⁸
1350 1786 1510 1883 εῖν-αι,
1543 1815 1696 1870 οὔπω
1742 1816 1804 1870 τὸ
1832 1786 1876 1842 Β

205 1910 428 1964 τοιοῦτο
456 1909 575 1975 θεός
606 1911 777 1963 ἐστιν·
810 1910 873 1963 οὐ
896 1908 1005 1980 γὰρ
1031 1907 1087 1961 εί
1112 1925 1166 1961 τι
1199 1909 1243 1940 ⁸⁷
1285 1906 1630 1979 μαντεύεται,
1681 1907 1803 1971 θεός

206 2003 394 2056 ἐστιν·
431 2003 515 2057 ὅτι
546 2002 641 2055 καὶ
675 2000 923 2064 πύθωνες
969 2000 1347 2071 μαντεύονται,
1384 1999 1498 2055 ἀλλ’
1532 2000 1622 2069 ὑφ’
1644 1999 1803 2071 ἡμῶν

204 2073 289 2155 ὧς
319 2092 576 2163 δαίμονες
601 2091 978 2163 ἐκριζούμενοι
1023 2089 1438 2160 φυγαδεύονται.
1513 2088 1653 2142 Ἀλλ’
1688 2090 1805 2159 ἐρεῖ

202 2198 297 2248 τις
317 2202 331 2215 ·
373 2185 568 2248 Ἐνίοις
588 2183 883 2255 θεραπείας
904 2182 1359 2254 προστάσσουσιν.
1392 2180 1603 2244 Ψεῢδός
1621 2183 1765 2233 ἐστιν
1782 2196 1797 2211 ⁸

203 2276 447 2331 δεδόσθω
472 2277 529 2329 δὲ
562 2275 736 2340 οὔτως
764 2275 929 2346 ἔχειν,
959 2274 1112 2328 οὔπω
1142 2274 1205 2327 τὸ
1230 2267 1439 2327 τοιοῦτο
1467 2274 1588 2336 θεός
1622 2275 1796 2327 ἐστιν’

204 2369 306 2420 καὶ
364 2366 477 2438 γὰρ
530 2366 706 2436 ἰατροὶ
738 2365 925 2418 ἰῶνται
958 2364 1205 2428 πολλοὺς,
1240 2364 1335 2416 καὶ
1367 2363 1480 2416 θεοὶ
1511 2364 1611 2417 οὐκ
1639 2363 1799 2416 εἰσίν.

222 2457 394 2510 Ἀλλά
450 2448 652 2528 φησινλ
719 2457 892 2528 ἰατροὶ
932 2456 993 2508 οὐ
1030 2455 1247 2519 πάντως
1308 2455 1492 2510 ἰῶνται
1537 2455 1798 2520 ἐκείνους,

207 2543 290 2601 ὧν
324 2547 426 2617 τὴν
461 2547 716 2617 πρόνοιαν
759 2544 1067 2608 ποιοῦνται,
1114 2539 1261 2599 οὔτοι
1292 2544 1351 2598 δὲ
1382 2546 1478 2598 καλ⁵
1531 2545 1802 2618 χρηματί-

207 2654 411 2700 σαντες
440 2638 603 2708 208
631 2637 834 2693 ίῶνται.
884 2636 1019 2690 Ἀλλ’
1046 2636 1223 2690 ῐσασιν
1253 2637 1302 2690 οἱ
1322 2636 1575 2707 δαίμονες
1604 2637 1673 2691 τὰ
1714 2637 1801 2690 δν-

201 2744 321 2791 τως
368 2729 503 2800 πρὸς
533 2729 764 2783 ἕκαστον
821 2728 993 2793 πάθος
1024 2728 1499 2801 προσοικειωμένα
1523 2728 1569 2759 ’⁸
1602 2728 1795 2799 βοηθή-

206 2836 385 2890 ματα·
420 2819 501 2899 G'tb
536 2821 710 2892 ἰατροὶ
749 2819 1111 2892 ἐπιστήμονες
1140 2819 1322 2873 ἰᾶσθαι
1360 2818 1669 2889 δυνάμενοι,
1704 2821 1801 2873 καὶ

203 2910 390 2965 ταῦτα
420 2910 488 2964 τά
521 2912 567 2943 ⁹⁹
597 2911 703 2965 ὑπὸ
729 2910 1031 2984 ἀνθρώπων
1081 2911 1293 2983 ίσθῆναι
1325 2912 1619 2982 δυνάμενα,
1664 2910 1801 2965 ἀλλὰ

204 3002 308 3057 καὶ
348 3000 583 3072 μαντικὰ
612 3002 742 3056 ὅντα
780 3002 877 3057 καὶ
918 3002 1094 3055 εἰδότα
1125 3003 1257 3056 πότε
1288 3001 1518 3056 ἕκαστον
1546 3002 1605 3069 ἐξ
1638 3002 1799 3055 αύτο-

1906 550 2140 596 mentem
2183 538 2426 608 perculsa
2469 553 2567 610 per
2594 540 2831 610 quietem
2882 540 3033 597 ideas
3081 543 3243 611 parit.
3292 545 3348 597 Si
3374 561 3475 600 au-

1905 644 2015 690 tem
2070 634 2396 689 existimatis
2424 641 2654 698 statuas,
2682 643 2868 703 utpote
2901 635 3053 689 vivas
3094 648 3147 690 et
3178 636 3472 705 spirantes,

1906 728 2015 781 ista
2041 738 2205 795 posse
2259 722 2490 791 edicere,
2543 724 2597 778 in
2628 726 2895 795 aequilibri
2948 735 3152 781 statera
3203 727 3468 797 imponite

1903 833 1998 875 eas
2046 826 2102 871 et
2147 816 2201 870 in
2235 817 2403 870 altera
2434 817 2589 872 lance
2616 833 2716 886 par
2762 819 2973 888 pondus
3004 820 3287 885 collocate,
3318 829 3476 874 tunc-

1904 925 2011 981 que
2051 917 2238 979 rogate
2284 910 2407 965 illas
2457 918 2518 963 ut
2566 919 2661 964 aut
2697 910 2976 979 graviores
3026 911 3472 966 ﬁantautlevio-

1906 1016 2017 1068 res,
2074 1009 2239 1068 atque
2287 999 2334 1054 si
2382 1000 2458 1053 ita
2490 999 2750 1065 evenerit,
2780 1002 3015 1055 vivunt:
3055 1003 3149 1055 sed
3203 1017 3313 1058 non
3348 1018 3476 1057 eve-

1904 1092 2061 1147 niet:
2104 1091 2251 1162 quod
2301 1091 2406 1146 etsi
2463 1090 2637 1153 ﬁeret,
2707 1092 2949 1146 nondum
3008 1093 3323 1161 huiusmodi
3386 1110 3475 1151 res

1903 1193 2047 1238 esset
2081 1197 2305 1237 numen.
2352 1180 2562 1236 Etenim
2606 1182 2868 1237 daemonis
2903 1184 3153 1254 digitqiid
3193 1185 3330 1240 efﬁci
3371 1201 3475 1254 po-

1905 1282 2031 1330 test.
2061 1273 2352 1329 Etvermes
2384 1283 2697 1337 moventur,
2740 1290 2843 1329 nec
2874 1286 3053 1329 tamen
3087 1276 3346 1330 dicuntur
3374 1278 3473 1331 dii.

1973 1363 2117 1418 XVI.
2146 1363 2299 1430 Quod
2323 1373 2504 1418 autem
2547 1380 2611 1419 ex
2644 1365 3037 1434 anticipatione
3068 1367 3249 1421 anima
3283 1369 3477 1423 unius-
3554 1352 3557 1355 γ

1905 1457 2175 1527 cujusque
2200 1455 2355 1515 ideas
2403 1456 2712 1511 daemonum
2741 1457 2993 1527 eﬂingat,
3038 1474 3149 1512 non
3195 1475 3325 1514 vero
3380 1461 3475 1529 qui

1902 1548 2159 1605 dicuntur
2204 1549 2280 1603 dii
2333 1558 2652 1619 appareant,
2693 1549 2902 1604 clarum
2960 1558 3044 1603 est
3094 1565 3163 1603 ex
3206 1565 3272 1604 eo
3328 1551 3473 1619 quod

1902 1654 1934 1694 a
1991 1638 2200 1695 Iudaeis
2244 1655 2354 1694 non
2409 1650 2731 1695 cernuntur.
2788 1638 2892 1694 Sed
2946 1640 3168 1709 objiciet
3233 1642 3474 1711 aliquis:

1904 1730 2024 1797 Quo
2056 1731 2221 1785 modo
2245 1730 2411 1799 igitur
2434 1745 2698 1799 responsa
2726 1731 2878 1793 dant.
2897 1730 3078 1785 futura
3105 1732 3480 1801 praenuntian-

1906 1823 2039 1877 tes?
2088 1820 2155 1876 Et
2202 1822 2308 1876 hoc
2360 1819 2558 1876 falsum
2613 1830 2737 1887 est;
2771 1822 2866 1876 sed
2919 1838 3109 1876 verum
3173 1837 3294 1877 esse
3346 1837 3480 1876 con-

1904 1914 2149 1977 cedatur,
2199 1913 2443 1967 nondum
2474 1913 2529 1967 id
2560 1914 2702 1969 deus
2748 1922 2848 1971 est.
2899 1912 3018 1968 Non
3058 1914 3228 1980 enim,
3273 1915 3320 1970 si
3344 1915 3477 1983 quid

1902 2006 2254 2071 vaticinatur,
2285 2005 2421 2060 deus
2448 2014 2551 2060 est.
2583 2005 2721 2061 Nam
2745 2016 2799 2062 et
2820 2006 3093 2077 Pythones
3121 2007 3473 2075 praesagiunt,

1904 2113 2092 2152 verum
2127 2112 2159 2151 a
2194 2097 2377 2163 nobis,
2430 2106 2491 2152 ut
2515 2098 2830 2161 daemones,
2884 2097 3147 2151 eradicati
3196 2096 3475 2167 fugantur.

1902 2189 1973 2242 At
2015 2188 2159 2243 dicet
2198 2186 2468 2256 quispiam
2507 2205 2520 2241 :
2553 2186 2841 2242 Nonnullis
2879 2187 3123 2241 remedia
3180 2187 3453 2240 tribuunt.

1903 2279 2129 2334 Falsum
2195 2286 2319 2343 est;
2374 2277 2469 2333 sed
2524 2278 2597 2333 ita
2650 2278 2849 2332 habere
2899 2279 3271 2343 concedatur,
3330 2292 3472 2330 non-

1902 2369 2032 2424 dum
2063 2370 2119 2424 id
2153 2378 2235 2425 est
2275 2369 2432 2424 deus.
2491 2368 2701 2423 Etenim
2761 2369 2956 2423 medici
2999 2368 3203 2424 multos
3254 2378 3471 2431 curant,

1902 2476 2004 2516 nec
2056 2462 2132 2516 dii
2179 2470 2327 2517 sunt.
2400 2461 2546 2526 Sed,
2608 2460 2807 2529 inquit,
2857 2459 3053 2514 medici
3114 2474 3223 2513 non
3278 2473 3471 2513 omnes

1903 2551 2026 2607 illos
2057 2560 2276 2619 sanant,
2302 2567 2534 2621 quorum
2583 2567 2772 2606 curam
2814 2551 3143 2619 suscipiunt,
3177 2550 3231 2604 hi
3260 2564 3386 2603 vero
3418 2557 3475 2603 et

1902 2659 2000 2713 per
2038 2645 2259 2699 oracula
2290 2652 2508 2699 sanant.
2536 2642 2606 2696 At
2633 2643 2816 2697 sciunt
2842 2644 3118 2697 daantones
3140 2685 3155 2709 ,
3196 2658 3318 2711 quae
3344 2656 3473 2694 vere

1903 2735 1971 2789 ad
2027 2750 2474 2805 unumquemque
2523 2736 2774 2789 morbum
2827 2743 2953 2804 apta
3011 2743 3140 2788 sunt
3205 2735 3467 2788 remedia.

1902 2828 2082 2893 Quare
2132 2842 2255 2881 cum
2323 2826 2434 2882 sint
2464 2826 2620 2895 periti
2670 2826 2896 2889 medici,
2944 2823 3150 2878 mederi
3206 2824 3471 2889 valentes,

1903 2918 2066 2987 idque
2089 2917 2315 2983 morbis,
2343 2917 2437 2986 qui
2462 2922 2531 2970 ab
2557 2916 2869 2970 hominibus
2897 2926 3129 2984 possunt
3156 2915 3409 2984 cognosci
3426 2927 3477 2980 ι,

1902 3023 2137 3078 cumque
2171 3016 2319 3061 vates
2346 3007 2473 3072 sint,
2500 3006 2784 3074 sciantque
2815 3004 3036 3073 quando
3062 3004 3298 3073 quisque
3324 3019 3475 3056 mor-

211 3092 391 3164 μάτου
422 3090 804 3163 θεραπεύεται,
823 3093 946 3146 τότε
976 3093 1336 3147 συντάσσουσι
1355 3093 1456 3157 τὰς
1479 3093 1797 3164 θεραπείας,

1907 3100 2009 3154 bus
2039 3115 2103 3153 ex
2138 3113 2197 3153 se
2228 3099 2347 3167 ipso
2374 3108 2616 3164 curetur,
2641 3098 2715 3151 ita
2757 3098 2891 3150 dant
2920 3095 3158 3150 remedia
3188 3135 3204 3161 ,
3262 3104 3323 3149 ut
3373 3096 3479 3150 sibi

204 3183 299 3239 ἵνα
332 3185 559 3248 ἑαυτοὺς
584 3184 988 3257 ἐπιγράφωσιν.

279 3271 451 3327 XVII.
498 3274 652 3327 Ἐπεὶ
683 3272 772 3327 διὰ
801 3274 855 3327 τί
887 3274 957 3306 ¹⁰⁰
989 3273 1128 3345 μετὰ
1162 3274 1332 3328 πολὺν
1360 3275 1554 3346 χρόνον
1585 3292 1803 3347 χρημα-

204 3363 425 3428 τίζουσι
477 3365 578 3430 τὰς
614 3366 824 3432 ίάσεις;
875 3365 963 3421 διὰ
992 3366 1046 3421 τί
1076 3365 1167 3432 δὲ,
1200 3369 1250 3420 εί
1292 3367 1469 3420 πάντα
1525 3366 1801 3431 δύνανται,

206 3457 348 3538 ἄχευ
397 3455 494 3510 τοῦ
553 3456 885 3527 προσφέρειν
925 3473 979 3509 τι
1005 3457 1021 3489 ⁸
1054 3457 1152 3527 τὴν
1208 3457 1352 3511 ἴασιν
1385 3458 1445 3511 οὔ
1482 3458 1799 3522 ποιοῦνται;

204 3549 355 3613 τίνος
386 3549 447 3604 δὲ
478 3550 659 3625 ἐνῳια,
683 3550 795 3603 τισὶ
835 3550 934 3621 μὲν
966 3549 1282 3621 εὐξαμένοις
1306 3550 1600 3623 θεραπείας
1632 3569 1803 3623 προσ-

204 3641 526 3706 τάσσουσιν,
560 3641 722 3705 ὲνίοις
745 3641 802 3694 δὲ
827 3641 937 3696 ἔσθ’
959 3643 1047 3696 ὅτε
1071 3643 1165 3696 καὶ
1195 3644 1545 3714 οἰκειοτέροις
1565 3637 1716 3697 οὖσιν
1737 3644 1798 3697 οὔ

206 3730 674 3804 χρηματίζουσιν;
695 3730 870 3795 οὔτως
888 3733 1088 3786 ὁπόταν
1110 3732 1168 3800 ἐξ
1196 3733 1502 3804 αὐτομάτου
1530 3732 1799 3806 θεραπεία

211 3822 386 3896 μέλλῃ
412 3822 681 3892 γίνεσθαι,
716 3822 1168 3893 ἐπαγγέλλονται,
1202 3824 1288 3877 ἵνα
1318 3824 1544 3888 ἑαυτοὺς
1577 3826 1802 3897 ἐπιγρά-

204 3912 407 3983 ψωσιν.
440 3912 623 3966 Ἀλλοι
654 3912 712 3966 δὲ
743 3915 1069 3985 νοσήσαντες
1102 3916 1197 3968 καὶ
1228 3913 1521 3985 εὐξάμενοι
1554 3913 1614 3980 ἐξ
1640 3916 1801 3969 αὐτο-

213 4004 389 4081 μάτου
447 4004 797 4074 ὑγιάναντες,
830 4005 923 4069 οὓς
971 4005 1399 4070 ἐπεκαλέσαντο,
1440 4006 1759 4077 ἐπέγραψαν
1782 4045 1798 4071 ,

208 4098 309 4151 καὶ
340 4097 670 4168 ἀναθήματα
718 4095 999 4166 ἐποίησαν.
1038 4098 1102 4149 Ol
1158 4097 1343 4167 μέντοι
1376 4113 1440 4163 γε
1478 4098 1596 4167 μετ’
1631 4095 1799 4167 εὐχὴν

206 4188 660 4261 διαφωνήσαντες
690 4187 790 4252 τὰς
843 4188 1144 4259 ἀποτυχίας
1185 4187 1464 4242 ἀναθεῖναι
1513 4187 1576 4240 ού
1604 4187 1797 4240 δύναν-

207 4297 324 4337 ται.
377 4279 527 4375 Πλὴν
569 4281 618 4333 εἰ
650 4281 701 4335 οἱ
761 4282 1044 4348 συγγενεῖς
1100 4277 1207 4331 τῶν
1267 4276 1577 4333 τεθνεώτων
1615 4277 1648 4349 ἢ
1684 4279 1704 4308 ⁸
1738 4276 1797 4343 ἐξ

209 4371 395 4425 αὐτῶν
418 4368 586 4435 ”τινες
612 4369 949 4443 άνεζήτησαν
980 4370 1001 4401 ³
1033 4369 1133 4433 τάς
1178 4370 1509 4439 ἀποτυχίας,
1546 4368 1797 4447 πλείονας

1902 3199 2156 3246 eventum
2198 3190 2521 3243 attribuant.

1974 3280 2139 3335 XVII.
2191 3280 2449 3349 Alioquin
2469 3294 2567 3334 cur
2596 3288 2719 3349 post
2768 3278 3000 3333 multum
3055 3278 3317 3347 temporis
3351 3294 3481 3347 pro-

1902 3373 2129 3427 mittunt
2157 3372 2522 3427 curationes?
2551 3370 2665 3427 Cur
2721 3386 2849 3424 vero
2898 3370 2943 3424 si
2978 3378 3173 3425 cuncta
3226 3380 3478 3453 possunt,

1903 3465 2109 3534 absque
2161 3464 2240 3519 rei
2289 3464 2523 3533 alicujus
2564 3462 2876 3517 admotione
2907 3476 3016 3515 non
3061 3462 3295 3515 reddunt
3335 3462 3479 3516 sani-

1905 3563 2067 3610 tatem
2097 3556 2121 3607 ?
2168 3553 2345 3621 Quam
2388 3555 2551 3608 etiam
2591 3554 2664 3608 ob
2688 3568 2910 3607 causam
2943 3552 3223 3607 nonnullis
3254 3552 3477 3621 quidem

1902 3645 2252 3716 precantibus
2285 3646 2525 3701 remedia
2574 3646 2881 3713 imperant,
2930 3644 3259 3713 quibusdam
3320 3659 3474 3709 vero,

1892 3734 2279 3805 interdumque
2305 3733 2480 3804 magis
2509 3731 2898 3797 familiaribus,
2943 3749 3051 3788 non
3082 3734 3217 3789 dant
3246 3748 3480 3803 respon-

1888 3826 1991 3882 sa?
2021 3826 2243 3882 Scilicet
2268 3825 2488 3897 quando
2529 3825 2739 3881 sanitas
2778 3825 2920 3881 ultro
2957 3826 3331 3896 recuperanda
3372 3832 3478 3892 est,

1884 3918 2235 3981 pollicentur,
2279 3928 2338 3974 ut
2365 3918 2467 3974 sibi
2512 3918 2854 3973 sanationem
2881 3919 3174 3975 vindicent.
3214 3920 3320 3974 Alii
3348 3934 3481 3976 vero

1899 4010 2110 4083 egroti,
2140 4017 2266 4080 post
2312 4024 2503 4075 preces
2525 4023 2657 4064 casu
2708 4019 2927 4080 recepta
2956 4010 3211 4077 sanitate,
3245 4010 3311 4063 iis
3337 4023 3479 4078 quos

1900 4102 2289 4157 invocaverant
2349 4097 2766 4167 adscripserunt
2824 4106 2879 4154 et
2925 4098 3155 4154 donaria
3204 4101 3479 4169 appendeo

1901 4201 2049 4248 runt.
2116 4190 2221 4258 Qui
2276 4198 2457 4246 autem
2489 4199 2614 4261 post
2636 4200 2827 4246 votum
2850 4192 3064 4260 decepti
3105 4191 3475 4261 exspirarunt,

1905 4285 2208 4343 infortunia
2250 4298 2360 4338 non
2388 4292 2621 4353 possunt
2640 4283 2913 4339 dedicare.
2954 4284 3110 4350 Quod
3138 4285 3182 4339 si
3232 4295 3479 4339 mortuo-

1902 4392 2024 4432 rum
2053 4376 2239 4434 atIines
2267 4378 2353 4431 vel
2378 4391 2571 4431 eorum
2612 4376 2805 4445 aliqui,
2841 4377 3061 4446 quoties
3077 4378 3187 4431 voti
3213 4377 3297 4433 sui
3326 4392 3479 4432 com-

208 4460 280 4517 ἄν
314 4461 605 4531 εὔρήκειτε
660 4458 760 4523 τὰς
797 4458 1099 4529 ἀποτυχίας
1144 4457 1255 4511 τῶν
1288 4458 1309 4489 ⁸
1357 4455 1794 4527 ἐπιτευγμάτων.

1906 4474 2063 4537 potes
2092 4467 2221 4522 facti
2251 4482 2361 4521 non
2376 4466 2599 4534 fuerint,
2627 4467 2967 4536 indagarent,
2988 4467 3478 4536 plurainveniretis

226 4552 368 4611 Ἀλλ’
402 4551 578 4615 οὐδεὶς
610 4549 1046 4622 προειλημμένος
1086 4548 1270 4612 αὐτοῖς
1311 4547 1403 4601 τὸν
1451 4548 1570 4599 κατ’
1620 4545 1799 4598 αὐτῶν

216 4645 445 4714 ἔλεγχον
499 4642 733 4711 ἐκφάναι
775 4641 919 4695 θέλει
942 4681 958 4707 ,
1019 4640 1335 4711 αἰδούμενος
1369 4638 1402 4709 ἢ
1437 4636 1799 4708 φοϐούμενος,

211 4735 355 4795 ἀλλὰ
387 4733 715 4797 τούναντίον,
743 4731 813 4787 τὰ
845 4731 1015 4785 πιστὰ
1058 4730 1239 4787 αὐτῶν
1286 4730 1617 4800 άτοπήματα
1669 4744 1802 4796 συγ-

213 4824 533 4895 κρύὸουσιν.

288 4937 455 5010 209
486 4934 674 4993 XVIII.
714 4934 876 4989 Πόσοι
906 4934 964 4987 δὲ
994 4932 1088 4987 καὶ
1119 4932 1546 5003 καταψεύδονται
1576 4947 1794 5003 χρημα-

1903 4560 2131 4615 adversa
2171 4574 2336 4629 quam
2381 4573 2663 4628 prospera.
2712 4556 2819 4612 Sed
2864 4558 3050 4613 nullus
3082 4559 3151 4613 iis
3192 4574 3479 4628 praeoccu-

1903 4660 2061 4720 patus
2086 4666 2274 4707 eorum
2300 4649 2738 4719 redargutionem
2763 4648 2882 4702 vult
2932 4649 3119 4717 eloqui
3148 4690 3164 4716 ,
3213 4650 3479 4704 reveritus

1902 4750 1999 4796 aut
2028 4750 2300 4809 metuens,
2323 4742 2436 4796 imo
2466 4749 2677 4808 contra,
2697 4739 2978 4810 explorata
3000 4740 3221 4794 illorum
3243 4740 3479 4795 crimina

1907 4834 2206 4890 occultant.

1977 4925 2167 4980 XVIII.
2208 4925 2382 4991 Quam
2410 4923 2566 4977 multi
2596 4937 2725 4977 vero
2753 4931 2805 4977 et
2841 4922 3063 4977 oracula
3105 4922 3480 4977 ementiuntur

286 5093 312 5122 ⁸
337 5089 542 5164 Legere
568 5087 785 5144 mallem
814 5101 940 5143 cum
959 5084 1230 5142 Cotelerio
1264 5084 1464 5147 curari,
1500 5093 1556 5139 et
1584 5081 1640 5137 in
1662 5080 1800 5137 Grzet

1906 5080 2117 5147 ιθῆναι.
2148 5079 2303 5135 Eon.
2332 5078 2574 5135 Ριιτιιοι..

1522 5239 1759 5297 VARUE
1799 5236 2201 5293 LECTIONES.

289 5406 524 5471 ⁸³είδέας
544 5407 610 5465 C.
682 5407 733 5440 ”
752 5406 843 5460 διά
870 5405 930 5460 C.
1007 5404 1055 5438 "
1080 5403 1256 5468 είδέας
1286 5404 1350 5461 C.
1401 5404 1448 5436 "
1468 5401 1548 5458 Ita
1578 5403 1850 5473 scriptura
1875 5402 1997 5458 cod.
2033 5401 2214 5457 Ottoh.
2248 5396 2713 5473 explicandaesse
2735 5394 2968 5473 videtu_r.
2985 5387 3321 5473 Accusatiyo
3346 5401 3483 5473 opus

216 5456 373 5540 esse:
384 5456 657 5547 ﬁliiﬁlii:
684 5456 998 5547 8,’άλήθεια
1017 5456 1219 5547 vulgo:
1236 5456 1483 5547 '9'fii‘ort.
1510 5456 1849 5547 t¢§£u§Sf
1884 5456 2427 5547 δδᾼίπροσωκειὼμξνα
2572 5468 2617 5499 ⁹⁹
2639 5467 2708 5521 τά
2732 5467 2874 5547 delet
2902 5465 2957 5519 S.
2985 5462 3145 5547 '1:qu
3158 5458 3364 5547 ξαβῆδθξι
3378 5456 3482 5547 fit

515 5527 1268 5614 δείινιῐέέῖέτιιε
1300 5527 1877 5615 quodnadulecti'onem
1914 5527 2192 5615 Cotelerii.
2222 5527 2513 5597 e—‘Deinde
2544 5536 2777 5609 μαντικὰ
2801 5536 2928 5615 ὄντα
2948 5527 3353 5615 καὶ-εἰδόταρξπιῌ

216 5596 922 5687 iﬁéxiiig'ieré'rérfdﬁﬁfést;
941 5596 1263 5685 *ἆέξιῗίῐιῶιῐέ
1292 5596 1455 5683 sape,
1490 5613 1647 5737 tguasi
1687 5612 1757 5665 τά
1794 5596 2435 5685 δαὶμόνιανριιιιεοεεεθιη,
2482 5596 2673 5690 mimo
2697 5622 2888 5677 genere
2909 5605 3147 5737 lqguitur
3169 5606 3355 5681 auctor
3380 5596 3483 5648 lto-

222 5688 504 5737 miliarum
552 5686 730 5737 Sunra
761 5703 809 5737 c.
841 5685 928 5737 10.
963 5695 1019 5737 et
1043 5684 1182 5737 infra
1207 5700 1257 5737 c.
1289 5684 1377 5737 19.
1406 5683 1496 5737 20.
1547 5721 1561 5736 .
1640 5683 1708 5714 ¹⁰⁰
1730 5681 1979 5737 δύνανται
2006 5699 2057 5737 n.
2082 5681 2169 5736 διὰ
2198 5682 2250 5733 τί
2282 5682 2343 5735 0.
2373 5678 2512 5733 Tum
2548 5680 2687 5732 idem
2714 5676 2879 5729 πολὺν
2902 5694 2932 5737 χ
3002 5690 3088 5725 νον
3126 5683 3313 5737 χρονον
3350 5680 3455 5735 χρη

222 5688 504 5757 miliarum
552 5686 730 5757 Supra
752 5684 810 5757 Ac.
841 5685 928 5752 l0,
963 5684 1257 5757 etinfrac.
1289 5684 1377 5757 1‘9,

220 5754 531 5828 ματίςουσι.
633 5753 651 5757 ’
678 5754 798 5828 ίτίς
821 5758 896 5828 0._
958 5754 1041 5828 :ﬂ
1070 5754 1277 5828 addidit
1306 5753 1369 5809 Ι).

1640 5683 1708 5714 ¹⁰⁰
1730 5668 1979 5737 δύνανται
2006 5699 2057 5749 p.
2080 5668 2169 5736 διὰ
2198 5682 2250 5733 τί
2282 5682 2343 5735 0.
2373 5668 2512 5733 Tum
2548 5668 2879 5732 idem}:on
2901 5668 3088 5746 χρόνον
3111 5668 3313 5749 ’χρρκζφν
3350 5680 3455 5735 χρη

1477 5756 1499 5784 ³
1521 5752 1887 5823 συνεζήτησαν
1918 5754 1979 5807 C.
2006 5743 2136 5808 Post
2165 5749 2461 5823 ἀποτυχίας
2482 5763 2761 5822 perperam
2795 5743 2997 5823 puncto
3019 5743 3462 5815 majoridisttme

220 5821 324 5884 rat.
366 5824 566 5885 letum
590 5826 826 5886 restituit
848 5824 927 5902 _D.
957 5821 1097 5885 Tum
1127 5824 1406 5900 εὑρήκειτε
1439 5821 1499 5897 S,
1522 5821 1585 5893 0,
1615 5821 1884 5898 εὑρήκητε
1910 5824 1970 5882 C.
2048 5824 2180 5903 {trav
2203 5824 2260 5877 Ο.
