3894 6208
187 319 300 376 ΞΞἹ

1309 299 1768 367 CLEMENTINA.
1808 334 1878 346 --
1914 305 2195 362 IIOMILIA
2233 298 2323 361 IX.

3355 307 3464 366 258

190 435 291 488 καὶ
341 434 370 485 ὁ
418 430 539 501 Θεῷ
588 427 780 482 ἑαυτὸν
825 424 1079 493 ἀποδοὺς,
1135 423 1326 487 πιστὸς
1355 421 1702 492 ὣν,δαίμοσί
1734 436 1781 471 τε

1899 425 2090 487 estque
2117 416 2312 482 ﬁdelis,
2356 415 2697 472 daamonibus
2728 427 2794 473 ac
2836 416 3041 472 morbis
3081 417 3347 473 duntaxat
3380 420 3464 474 lo-

190 529 290 581 γ.αὶ
324 525 525 580 πάθεσι
562 523 719 594 μόνον
766 520 941 589 λέγων
989 515 1279 580 ἀκούεται,
1313 515 1408 568 καὶ
1441 509 1786 583 ὑποχωροῦσι

191 621 473 690 δαίμονες,
519 617 654 670 πολὺ
702 612 1044 695 ἰσχυρότεροι
1083 609 1238 672 ὅντες
1282 607 1390 661 τῶν
1432 606 1781 695 κελευόντων.

205 710 500 780 Ἀφράστῳ
558 706 666 778 γάρ
717 693 942 774 δυνάμει
989 700 1082 755 τὸν
1131 699 1362 753 ἑκάστου
1416 695 1541 751 νοῦν
1589 698 1618 748 ό
1653 694 1787 758 Θεὸς

192 801 498 855 ὑποτάσσει
532 792 578 867 ᾧ
614 796 879 868 βούλεται.
929 793 1017 857 Ὣς
1056 791 1166 864 γὰρ
1197 791 1288 844 τὸν
1327 789 1587 860 Καίσαρα
1619 785 1787 856 πεφό-

190 893 388 961 ϐηνται
422 890 556 944 ὄντα
591 888 878 959 ἄνθρωπον
906 885 1089 938 πολλοὶ
1121 881 1388 954 ἡγεμόνες
1423 880 1564 952 μετὰ
1595 879 1786 932 πασῶν

187 982 299 1035 τῶν
335 979 699 1050 παρεμϐολῶν
732 979 826 1032 καὶ
857 975 1201 1044 πόλεων,τῆς
1225 971 1457 1026 ἑκάστου
1492 970 1722 1040 καρδίας
1740 969 1785 1001 ¹⁹

186 1073 297 1126 τῶν
356 1073 496 1126 ὅλων
539 1070 724 1124 εἰκόνα
773 1069 1043 1141 προτιμᾷν
1088 1065 1440 1136 σπευδούσης⁸
1488 1062 1625 1116 Θεοῦ
1675 1061 1786 1134 γὰρ

189 1165 358 1236 βουλῇ
393 1163 466 1217 τά
497 1163 674 1217 πάντα
718 1159 1087 1230 δεδουλωμένα
1131 1157 1280 1228 φόϐῳ
1312 1156 1412 1227 τὴν
1458 1155 1635 1209 αἰτίαν
1684 1154 1784 1207 οὐκ

186 1253 355 1308 οἶδεν·
407 1253 553 1308 οὕτω
584 1256 677 1308 καὶ
708 1255 800 1307 τὸν
841 1251 962 1322 Θεῷ
993 1249 1406 1322 προσφεύγοντα
1439 1247 1534 1300 καὶ
1573 1246 1671 1318 τὴν
1702 1247 1784 1300 δι-

188 1351 355 1401 καίαν
390 1347 578 1400 πίστιν
609 1345 799 1417 ὥσπερ
845 1342 1030 1397 εἰκόνα
1070 1340 1234 1394 αὐτοῦ
1267 1342 1326 1394 ἑν
1358 1343 1425 1412 τῇ
1469 1338 1637 1394 αὑτοῦ
1683 1339 1782 1410 βα-

190 1434 462 1499 στάζοντα
493 1433 690 1506 καρδία
724 1434 901 1486 πάντα
932 1431 1002 1484 τά
1035 1429 1308 1484 παθοποιά
1344 1428 1626 1501 πνεύματα
1649 1430 1785 1500 τιμᾷ

189 1526 284 1580 καὶ
320 1525 536 1595 φεύγει,
574 1527 777 1595 φυσικῇ
810 1523 916 1576 τινὶ
946 1522 1050 1593 ὁδῷ
1078 1520 1452 1592 πεφοϐημένα.

257 1617 430 1672 XXII.
484 1599 792 1687 Ἀλλ”ὅμως
841 1614 946 1668 κᾶν
999 1614 1044 1646 ²⁰
1095 1614 1296 1677 πάντες
1340 1613 1594 1684 δαίμονες
1644 1610 1784 1683 μετά

190 1712 413 1766 πάντων
446 1711 556 1764 τῶν
589 1710 775 1763 παθῶν
828 1711 972 1780 ὑμᾶς
1024 1709 1333 1778 φεύγωσιν,
1386 1706 1485 1760 οὐκ
1531 1706 1678 1758 ἐστιν
1723 1708 1781 1758 ἑν

1885 521 2062 576 quens
2104 507 2346 574 auditur,
2398 516 2453 561 et
2501 507 2764 562 recedunt
2810 507 3106 571 daemones,
3161 511 3253 579 qui
3292 511 3465 566 multo

1886 595 2144 653 fortiores
2178 607 2308 653 sunt
2332 598 2670 668 jubentibus.
2718 598 2981 655 lneffabili
3009 600 3209 670 quippe
3241 601 3296 654 vi
3321 600 3465 657 Deus

1887 698 2122 744 mentem
2150 690 2489 762 singulorum
2521 691 2706 746 subdit
2738 691 2827 746 cui
2852 691 2986 747 vult.
3027 690 3164 746 Nam
3199 692 3465 762 quemad-

1886 782 2109 836 modum
2159 781 2449 848 Caesarem,
2491 782 2584 852 qui
2631 781 2799 836 homo
2839 790 2944 846 est,
2995 790 3249 837 metuunt
3297 782 3465 838 duces

1885 870 2108 942 plurimi
2153 886 2278 926 eum
2309 871 2566 927 omnibus
2597 871 2793 928 castris
2824 881 2879 927 et
2921 873 3170 940 urbibus,
3216 872 3464 943 singulo:-

1886 979 2009 1018 rum
2040 963 2203 1018 corde
2246 962 2538 1033 imaginem
2594 963 2813 1018 Domini
2858 973 3184 1019 cunctorum
3213 965 3466 1018 venerari

1885 1067 2215 1125 properante
2242 1074 2255 1109 :
2285 1055 2379 1110 Dei
2409 1056 2677 1126 siquidem
2703 1057 2983 1111 voluntate
3023 1057 3208 1111 omnia
3260 1056 3465 1110 timore

1885 1145 1940 1199 in
1973 1146 2286 1200 servitutem
2310 1146 2528 1200 redacta
2564 1160 2787 1201 causam
2825 1145 3118 1200 nesciunt:
3153 1146 3226 1199 ita
3253 1154 3308 1199 et
3337 1159 3464 1199 eum

1885 1237 1981 1304 qui
2008 1233 2075 1288 ad
2097 1233 2267 1288 Deum
2297 1235 2565 1304 confugit,
2596 1242 2651 1288 et
2692 1234 2853 1289 fidem
2879 1234 3104 1304 justam,
3135 1236 3283 1288 velut
3315 1233 3466 1292 illius

1884 1326 2199 1396 imaginem,
2230 1326 2286 1380 in
2332 1327 2495 1381 corde
2535 1335 2748 1395 portat,
2780 1328 2963 1382 cuncti
3010 1328 3327 1382 morborum
3365 1343 3466 1382 au-

1883 1427 2062 1474 ctores
2092 1416 2319 1486 spiritus
2342 1417 2614 1472 honorant
2634 1426 2688 1472 et
2712 1415 2946 1488 fugiunt,
2971 1418 3205 1472 naturali
3227 1417 3465 1488 quadam

1883 1508 2093 1562 ratione
2126 1507 2419 1577 perterriti.

1952 1596 2120 1650 XXII.
2151 1596 2402 1651 Attamen
2431 1597 2558 1652 licet
2594 1597 2780 1653 cuncti
2819 1597 3096 1654 daemones
3122 1612 3249 1653 eum
3278 1597 3463 1653 omnis

1884 1688 1988 1742 bus
2016 1689 2224 1743 morbis
2260 1703 2360 1742 vos
2390 1688 2619 1758 fugiant,
2649 1690 2703 1743 in
2731 1705 2797 1745 eo
2825 1689 2940 1745 solo
2969 1704 3080 1743 non
3109 1697 3194 1744 est
3225 1690 3466 1759 gauden-

192 1803 368 1873 τούτῳ
397 1803 544 1873 μόνῳ
578 1802 622 1834 ²¹
654 1777 884 1874 χαίρειν,
920 1777 1109 1854 ἀλλ’ἑν
1249 1799 1317 1851 δι’
1346 1795 1665 1870 εὐαρεστίαν
1715 1795 1781 1849 τὰ

1885 1781 2034 1846 dum,
2061 1779 2153 1833 sed
2194 1780 2249 1833 in
2279 1793 2346 1834 eo
2367 1779 2513 1849 quod
2553 1788 2776 1849 propter
2811 1779 3214 1848 beneplacitum
3239 1779 3465 1833 nomina

192 1896 432 1965 ὀνόματα
464 1892 618 1965 ὑμῶν
661 1895 720 1946 ἑν
763 1891 976 1964 οὐρανῷ
1021 1890 1097 1954 ὡς
1141 1891 1227 1944 ἀεὶ
1273 1888 1488 1954 ζώντων
1541 1889 1782 1960 ἀναγρα-

191 1989 383 2058 φῆναι.
423 1985 583 2038 Οὕτω
621 1986 716 2037 καὶ
757 1983 818 2035 τὸ
848 1983 992 2036 θεῖον
1022 1984 1176 2051 ἆγιον
1208 1981 1432 2052 Πνεῦμα
1463 1979 1664 2050 χαίρει,
1699 1979 1780 2032 ὅτι

189 2078 281 2131 τὸν
317 2078 549 2131 θάνατον
580 2075 862 2146 νενίκηκεν
895 2074 1199 2147 ἄνθρωπος’
1235 2073 1295 2126 τὸ
1327 2072 1437 2144 γὰρ
1459 2075 1503 2104 ²¹
1524 2072 1783 2142 δαίμονας

191 2169 520 2239 φυγαδεύειν
570 2169 651 2231 εἰς
689 2167 789 2238 τὴν
835 2165 994 2220 ἄλλου
1039 2164 1182 2218 ῐασιν
1222 2164 1450 2242 γίνεται.
1497 2162 1680 2215 Ταῦτα
1726 2161 1782 2213 δὲ

189 2263 446 2333 λέγομεν,
480 2261 578 2330 οὐχ
608 2260 684 2323 ὡς
715 2258 1036 2331 ἀρνούμενοι
1066 2258 1129 2311 τὸ
1165 2256 1241 2333 μὴ
1283 2257 1392 2318 δεῖν
1436 2255 1613 2317 ἀλλοις
1654 2253 1781 2324 βοη-

192 2356 325 2419 θεῖν,
362 2355 478 2408 ἀλλ’
500 2355 581 2406 ὃτι
616 2352 689 2422 μὴ
722 2353 827 2423 χρὴ
860 2352 954 2404 ἐπὶ
973 2351 1145 2420 τούτῳ
1183 2348 1532 2419 τυφωθέντας
1574 2347 1782 2400 ἑαυτῶν

191 2449 435 2519 ἀμελεῖν.
489 2445 748 2500 Ἐσθ’δτε
784 2444 841 2497 δέ
869 2444 913 2474 ⁸³
934 2460 1084 2506 τινας
1129 2442 1362 2512 ἀνόμους
1392 2437 1590 2512 ἄνδρας
1619 2440 1780 2508 212

190 2540 446 2609 δαίμονες
478 2538 739 2608 φεύγουσι
764 2537 827 2588 δι’
861 2535 1030 2605 ὄνομα
1059 2535 1259 2605 τίμιον·
1293 2534 1387 2586 καὶ
1416 2531 1780 2603 ἑνεδρεύονται

191 2633 220 2685 ὅ
252 2649 314 2684 τε
348 2631 633 2693 ἀπελάσας
660 2628 800 2682 καὶὸ
819 2628 1127 2699 ἱστορήσας.
1156 2627 1214 2677 '0
1247 2625 1343 2696 μὲν
1373 2624 1673 2686 ἀπελάσας,
1706 2622 1783 2686 ὼς

187 2723 277 2777 διὰ
308 2721 660 2792 δικαιοσύνην
686 2718 1060 2792 προτιμηθεὶς,
1095 2718 1194 2771 οὐκ
1227 2715 1382 2779 εἰδὼς
1411 2714 1506 2768 τοῦ
1530 2714 1782 2785 δαίμονος

184 2817 248 2869 τὸ
270 2816 609 2888 κακοῦργον·
646 2815 762 2885 ἅμα
793 2830 852 2866 τε
898 2811 1006 2884 γὰρ
1036 2812 1097 2864 τὸ
1129 2811 1299 2881 ὄνομα
1327 2809 1645 2880 τετίμηκεν,
1687 2805 1782 2861 καὶ

184 2912 255 2980 τῇ
280 2911 429 2978 φυγῇ
460 2907 552 2959 τὸν
585 2905 754 2976 ἀσεϐῆ
781 2907 861 2968 εἰς
889 2903 1064 2974 οἴησιν
1091 2899 1439 2970 δικαιοσύνης
1469 2896 1781 2971 περιϐαλὼν

184 2999 282 3052 τοῦ
333 2999 409 3069 μὴ
458 2999 736 3069 μετανοεῖν
780 2995 1078 3067 ἠπάτησεν.
1133 2994 1191 3046 '0
1239 2992 1295 3046 δὲ
1345 2993 1657 3064 ἱστορήσας,
1705 2989 1782 3053 ὡς

187 3091 410 3144 εὐσεϐεῖ
460 3089 908 3160 συγχρησάμενος
951 3085 1030 3156 τῷ
1080 3085 1447 3148 ἀπελάσαντι,
1498 3082 1636 3154 πρὸς
1682 3080 1779 3152 τὴν
1809 3107 1851 3165 c

186 3183 382 3254 ὁμοίαν
427 3182 698 3235 πολιτείαν
734 3177 974 3242 σπεύσας
1003 3179 1313 3231 ἀπόλλυται.
1365 3175 1564 3229 Ἐνίοτε
1598 3174 1655 3227 δὲ
1686 3175 1780 3227 καὶ⁴

185 3275 318 3336 τοὺς
353 3275 428 3345 μὴ
463 3273 582 3344 Θεῷ
613 3271 1040 3344 προσκειμένους
1067 3271 1265 3342 ὅρκους
1297 3269 1518 3338 φεύγειν
1549 3263 1780 3336 ὑποκρί-

187 3382 394 3428 νονται,
438 3365 526 3418 ἵνα
556 3365 934 3435 ἀπατήσαντες
962 3362 1176 3427 αὐτοὺς,
1219 3363 1307 3416 ὅτε
1343 3360 1606 3422 θέλουσιν,
1654 3355 1779 3410 ἀνέ-

189 3455 362 3507 λωσιν
394 3455 460 3510 ³⁵.

262 3695 457 3751 XXIII.
501 3696 609 3749 Καὶ
634 3694 793 3748 τοῦτο
823 3691 916 3748 οὖν
944 3695 1087 3765 ὑμᾶς
1115 3692 1310 3746 εἰδέναι
1344 3690 1664 3762 βουλόμεθα,
1695 3690 1777 3744 ὅτι

190 3789 288 3843 ἑὰν
328 3790 406 3860 μή
430 3806 514 3850 τις
547 3788 739 3840 ἑαυτὸν
771 3786 912 3839 ἑκὼν
954 3787 1000 3818 ’⁵
1028 3785 1245 3856 δαίμοσι
1285 3783 1469 3836 δοῦλον
1501 3781 1670 3852 ἐκδῷ,
1703 3782 1778 3844 ὡς

189 3878 382 3958 τάχειον
417 3878 595 3940 εἶπον,
620 3880 648 3930 ὁ
668 3877 877 3948 δαίμων
910 3877 1010 3948 τὴν
1049 3877 1167 3928 κατ’
1188 3873 1352 3928 αὑτοῦ
1399 3874 1646 3939 ἐξουσίαν
1679 3873 1778 3924 οὑκ

190 3970 326 4040 ἔχει.
369 3972 508 4023 Ἕνα
545 3969 638 4024 οὖν
685 3971 817 4023 Θεὸν
867 3968 1044 4022 σέϐειν
1085 3967 1324 4036 ἑλόμενοι
1371 3966 1466 4018 καὶ
1501 3963 1780 4036 τραπέζης

189 4063 462 4133 δαιμόνων
491 4063 855 4132 ἀποσχόμενοι
890 4063 984 4114 καλ⁵
1027 4058 1383 4130 σωφροσύνην
1415 4057 1552 4128 μετὰ
1592 4056 1780 4126 φιλαν-

192 4153 442 4225 θρωπίας
491 4156 584 4208 καὶ
614 4153 958 4224 δικαιοσύνης
1001 4151 1382 4222 ἀναδεξάμενοι
1415 4153 1508 4204 καὶ
1548 4167 1780 4221 τρισμα-

191 4246 365 4316 καρία
396 4245 734 4314 ὲπονομασία
779 4247 858 4306 είς
887 4245 1078 4312 ἄφεσιν
1113 4241 1394 4314 ἁμαρτιῶν
1445 4238 1780 4311 βαπτισάμε-

193 4355 292 4400 νοι,
325 4336 407 4406 τῷ
438 4336 484 4367 ²⁶⁸
512 4337 636 4389 ὅσον
675 4335 900 4388 δύνασθε
941 4335 1034 4387 ἐπὶ
1075 4334 1137 4386 τὸ
1183 4334 1386 4386 τέλειον
1419 4333 1518 4401 τῆς
1559 4329 1779 4398 ἁγνείας

1883 1877 2065 1922 vestra
2088 1868 2144 1922 in
2173 1869 2334 1935 coelo,
2369 1877 2628 1938 tanquam
2662 1884 2878 1940 semper
2904 1869 3226 1932 viventium,
3254 1869 3465 1925 descri-

1882 1967 1977 2028 pta
2020 1968 2168 2016 sunt.
2213 1959 2306 2016 Sic
2350 1962 2514 2016 etiam
2565 1972 2789 2017 sanctus
2828 1961 2924 2016 Dei
2971 1961 3205 2031 Spiritus
3243 1961 3464 2032 gaudet,

1883 2052 2030 2120 quod
2083 2056 2249 2106 homo
2293 2061 2525 2108 mortem
2574 2055 2800 2122 vicerit;
2844 2070 2972 2108 nam
3009 2054 3156 2125 quod
3190 2054 3466 2110 daemones

1883 2142 2164 2214 fugantur,
2203 2145 2258 2199 in
2289 2145 2516 2200 alterius
2560 2145 2849 2200 sanitatem
2883 2147 2962 2200 Iit.
2998 2144 3128 2201 Haec
3166 2161 3298 2200 vero
3326 2145 3466 2201 dici-

1884 2252 2030 2298 mus,
2061 2250 2169 2290 non
2199 2236 2358 2306 quasi
2387 2251 2652 2305 negemus
2681 2236 2805 2290 aliis
2835 2251 2959 2291 esse
3004 2235 3462 2302 succurrendum,

1883 2327 1978 2380 sed
2009 2327 2135 2396 quia
2167 2343 2275 2381 non
2305 2336 2541 2398 oportet,
2571 2336 2632 2382 ut
2657 2341 2778 2382 eam
2806 2327 2876 2382 ob
2900 2342 3016 2382 rem
3048 2328 3176 2382 elati
3217 2328 3462 2398 negliga-

1883 2433 2008 2471 mus
2046 2433 2164 2472 nos.
2207 2418 2487 2490 Contingit
2525 2430 2708 2475 autem
2737 2419 3050 2490 aliquando,
3096 2427 3157 2474 ut
3184 2419 3464 2475 daemones

1881 2510 2034 2564 viros
2064 2510 2331 2579 quosdam
2360 2511 2557 2579 impios
2590 2512 2802 2582 fugiant
2835 2522 3056 2582 propter
3088 2512 3462 2566 venerandum

1883 2618 2103 2669 nomen,
2142 2612 2379 2673 tuncque
2405 2605 2618 2660 insidiis
2659 2615 2988 2675 appetuntur
3015 2615 3068 2660 et
3107 2606 3202 2676 qui
3241 2606 3463 2675 expellit

1883 2705 1936 2748 et
1959 2695 2050 2764 qui
2083 2697 2259 2750 cernit
2290 2715 2304 2750 :
2346 2697 2438 2766 qui
2483 2698 2721 2765 expellit,
2746 2697 2903 2766 quasi
2947 2708 3169 2766 propter
3191 2697 3463 2766 justitiam

1882 2783 2048 2839 fuerit
2076 2786 2402 2852 honoratus,
2433 2789 2686 2843 nesciens
2732 2788 2996 2843 daemonis
3039 2787 3340 2854 malitiam;
3385 2787 3463 2842 si-

1884 2875 1996 2928 mul
2027 2876 2171 2930 enim
2206 2892 2270 2931 ac
2299 2893 2495 2932 nomen
2528 2879 2736 2933 honore
2762 2888 3085 2948 prosecutus
3112 2887 3216 2942 est,
3254 2888 3308 2934 et
3334 2878 3462 2942 fuga

1884 2982 1982 3022 sua
2018 2968 2244 3038 impium
2295 2969 2352 3023 in
2403 2970 2716 3039 opinionem
2761 2971 2989 3039 justitiae
3041 2970 3245 3039 injecit,
3297 2980 3463 3040 atque

1883 3061 1959 3115 ita
1989 3061 2056 3115 ad
2099 3062 2477 3130 pcenitentiam
2526 3076 2638 3116 non
2682 3061 2946 3131 agendam
2994 3061 3189 3116 fraude
3220 3064 3457 3118 induxit.

1885 3152 1989 3218 Qui
2027 3167 2155 3207 vero
2182 3154 2378 3220 cernit,
2411 3153 2539 3206 dum
2582 3154 2969 3209 commercium
3002 3155 3166 3210 habet
3205 3171 3329 3210 cum
3360 3172 3461 3210 ex-

1882 3244 2119 3314 pellente
2143 3253 2403 3314 tanquam
2433 3260 2558 3298 cum
2600 3245 2825 3300 homine
2864 3246 2974 3314 pio,
3003 3247 3071 3301 ad
3104 3247 3340 3301 similem
3379 3249 3460 3301 vi-

1882 3335 2042 3389 vendi
2090 3335 2354 3390 rationem
2408 3335 2674 3389 festinans
2722 3336 2880 3404 perit.
2916 3336 3190 3391 Interdum
3235 3354 3365 3394 vero
3405 3348 3462 3393 et

1882 3441 1999 3489 eos,
2046 3426 2137 3495 qui
2182 3427 2250 3481 ad
2301 3426 2468 3480 Deum
2509 3442 2616 3479 non
2662 3425 2905 3481 referunt
2950 3428 3341 3496 adjurationes,
3373 3430 3462 3483 fu-

1882 3534 2006 3588 gere
2055 3519 2344 3585 simulant,
2398 3526 2458 3572 ut
2503 3519 2794 3587 deceptos,
2847 3534 2974 3574 eum
3017 3521 3220 3588 velint,
3265 3521 3457 3577 interi-

1881 3618 2052 3662 maut.

1950 3701 2135 3753 XXIII.
2181 3701 2246 3754 Et
2297 3701 2402 3756 hoc
2449 3700 2612 3770 igitur
2657 3697 2754 3754 vo's
2796 3701 2936 3756 scire
2987 3702 3271 3767 volumus,
3311 3702 3459 3771 quod

1881 3791 1985 3846 nisi
2014 3794 2141 3861 quis
2169 3800 2362 3860 sponte
2403 3806 2464 3845 se
2506 3792 2684 3860 ipsum
2715 3792 3055 3846 daemonibus
3096 3807 3312 3847 servum
3345 3801 3458 3847 tra-

1880 3881 1992 3944 dat,
2019 3883 2479 3950 quemadmodum
2513 3883 2626 3936 dixi
2677 3881 2858 3948 modo,
2891 3884 3102 3937 daemon
3137 3899 3246 3938 non
3293 3883 3460 3938 habet

1877 3983 2201 4042 pntcstatem
2240 3975 2292 4028 in
2327 3990 2474 4029 eum.
2511 3975 2698 4046 Itaque
2737 3977 2901 4030 unius
2941 3974 3036 4030 Dei
3075 3977 3282 4030 cultum
3339 3990 3459 4027 am-

1879 4066 2042 4135 plexi,
2083 4067 2391 4121 (Lemonum
2432 4083 2619 4121 mensa
2659 4067 3013 4131 abstinentes,
3041 4066 3455 4136 temperantiam

1879 4171 2004 4210 cum
2031 4157 2373 4210 humanitate
2419 4171 2482 4210 ac
2510 4155 2725 4224 iustitia
2761 4154 3060 4209 consectati
3088 4165 3138 4208 et
3188 4162 3270 4208 ter
3296 4154 3455 4207 beata

1879 4247 2225 4303 invocatione
2265 4247 2320 4300 in
2367 4246 2745 4300 remissionem
2787 4254 3138 4314 peccatorum
3171 4243 3452 4312 baptizati,

1877 4355 1978 4409 pro
2010 4338 2220 4392 viribus
2245 4338 2308 4391 ad
2332 4337 2587 4406 puritatis
2625 4336 3010 4406 perfectionem
3037 4350 3134 4390 vos
3169 4334 3456 4397 tradendo,

193 4430 426 4491 ἑαυτοὺς
458 4427 754 4480 ἐπιδιδόναι
794 4428 863 4490 ’⁷,
897 4424 1126 4479 δύνασθε
1159 4423 1432 4484 κολάσεως
1468 4421 1636 4475 ἀϊδίου
1680 4423 1775 4492 ρυ-

1885 4430 2104 4499 potestis
2154 4429 2222 4482 ab
2253 4435 2455 4482 aeterna
2496 4428 2631 4495 eripi
2678 4425 3028 4480 damnatione
3051 4464 3066 4489 ,
3102 4432 3156 4477 et
3185 4423 3455 4476 bonorum

197 4520 417 4580 σθέντες
476 4517 710 4570 αἰωνίων
776 4517 996 4585 ἀγαθῶν
1052 4514 1375 4586 κληρονόμοι
1419 4512 1773 4581 καταστῆναι.

197 4609 382 4662 Ταῦτα
409 4605 582 4661 εἰπὼν
608 4610 720 4670 τοῖς
752 4608 855 4660 ὑπὸ
897 4605 1082 4659 παθῶν
1115 4604 1456 4674 ὀχλουμένοις
1497 4601 1778 4673 προσιέναι

197 4700 512 4760 ἐκέλευσεν,
536 4697 631 4751 καὶ
661 4697 831 4760 οὕτως
863 4698 1047 4749 πολλοὶ
1083 4697 1249 4767 πείρᾳ
1288 4694 1396 4748 τῶν
1429 4693 1582 4763 ἐχθὲς
1614 4693 1660 4726 ’⁸
1687 4692 1778 4745 θε-

201 4791 581 4863 ραπευθέντων
628 4790 1040 4862 συνεληλυθότες
1081 4788 1387 4860 προσῄεσαν
1415 4787 1477 4843 ’⁸.
1505 4787 1561 4838 '0
1592 4785 1647 4836 δὲ
1679 4783 1778 4847 τὰς

197 4888 387 4954 χεῖρας
420 4885 605 4946 αὐτοῖς
637 4882 844 4945 ἐπιθεὶς
875 4883 970 4935 καὶ
1019 4880 1314 4951 εὐξάμενος
1333 4878 1590 4948 ,ἐξαυτῆς
1624 4876 1778 4929 ἰασά-

202 4997 386 5049 μενος,
434 4978 811 5048 ἑντειλάμενος
859 4976 1018 5046 213
1065 4977 1249 5038 αὐτοῖς
1294 4976 1388 5028 καὶ
1434 4977 1548 5036 τοῖς
1601 4973 1779 5034 ἄλλοις

201 5048 521 5142 όρθρίτερον
571 5070 616 5102 ³ο
671 5069 1040 5141 συνεδρεύειν,
1099 5067 1259 5131 αὐτὸς
1318 5065 1645 5136 λουσάμενος
1689 5064 1786 5116 καὶ
1822 5048 1839 5068 ’⁷

201 5161 412 5231 τροφῆς
449 5160 785 5232 μεταλαϐὼν,
817 5159 1083 5213 ὕπνωσεν.

1884 4530 2208 4574 aeternorum
2271 4517 2527 4573 constitui
2566 4517 2826 4571 haeredcs.
2867 4514 2999 4580 Quae
3047 4521 3334 4582 postquam
3372 4511 3456 4565 di-

1885 4611 2074 4676 xisset,
2107 4626 2200 4665 eos
2225 4609 2318 4680 qui
2357 4609 2770 4679 aegritudinibus
2811 4602 3330 4672 vexabanturjussit
3363 4617 3456 4655 ac-

1885 4701 2097 4767 cedere,
2126 4711 2177 4755 et
2203 4702 2276 4754 ita
2314 4699 2469 4753 multi
2501 4707 2718 4767 propter
2760 4711 2873 4761 eos,
2903 4709 3042 4763 quos
3075 4693 3328 4748 hesterno
3365 4691 3454 4746 die

1885 4801 2105 4846 curatos
2137 4792 2402 4858 viderant,
2438 4788 2750 4858 congregati
2794 4793 3162 4840 accesserunt.
3196 4783 3287 4836 Ille
3324 4796 3458 4836 vero

1885 4883 2157 4952 impositis
2188 4898 2348 4952 super
2378 4897 2474 4936 eos
2518 4880 2771 4933 manibus
2797 4887 2851 4932 et
2881 4883 3134 4946 precatus
3162 4873 3452 4928 confestim

1886 4976 2120 5040 sanavit,
2153 4974 2516 5044 prmeepitque
2551 4988 2673 5026 cum
2708 4973 2809 5036 iis,
2837 4980 2951 5024 tum
2984 4967 3129 5030 aliis,
3157 4975 3217 5020 ut
3254 4964 3452 5034 majori

1881 5083 2042 5120 mane
2085 5068 2482 5120 convenirent:
2521 5075 2684 5134 atque
2719 5065 2885 5130 lotus,
2937 5062 3170 5131 ciboque
3209 5065 3450 5126 sumpto,

1879 5172 2073 5212 somno
2109 5173 2167 5211 se
2192 5157 2432 5211 tradidit.

1519 5291 1756 5346 VARIE
1795 5289 2196 5347 LECTIONES.

276 5389 322 5419 "
343 5387 478 5442 Post
499 5389 725 5454 καρδίας
747 5387 788 5441 C
841 5386 1187 5442 inserendum
1221 5393 1374 5454 putat
1396 5381 1490 5436 τοῦ
1518 5385 1600 5437 vel
1624 5381 1780 5436 Θεοῦ.
1809 5378 2000 5454 Cfr.e.

607 5405 725 5442 οιας
747 5405 788 5441 υ
841 5405 1187 5442 Inserenuum
1221 5405 1374 5454 pUIat
1396 5405 1490 5436 του
1518 5405 1600 5437 V'Cl
1624 5405 1780 5436 σεου.
1809 5405 1923 5435 υιιν.
1954 5405 2000 5437 e.
2041 5405 2091 5454 g.
2127 5405 2272 5438 nom.
2312 5405 2387 5448 XI,
2418 5405 2509 5437 21.
2539 5405 2794 5438 rnl‘ulssc
2817 5405 2924 5434 των
2950 5405 3086 5434 οΛων
3123 5405 3450 5434 muwuuum

569 5405 627 5511 ἕ.
703 5457 749 5488 ²⁰
777 5456 852 5510 Ita
885 5456 929 5510 0
974 5474 1022 5511 c.
1051 5472 1223 5524 marg.
1261 5455 1323 5507 Ci
1354 5496 1368 5519 ,
1405 5454 1458 5508 in
1485 5454 1642 5525 cujus
1675 5461 1820 5525 textu
1853 5453 1964 5525 καί.
2020 5455 2062 5484 ²¹
2085 5454 2240 5525 μόνον
2257 5453 2318 5509 0.
2371 5457 2414 5488 ³³
2439 5457 2514 5509 lta
2544 5455 2719 5525 locum
2745 5466 3058 5525 corruptum
3097 5461 3260 5518 atque
3297 5464 3454 5500 man-

205 5458 260 5512 in
286 5459 379 5510 τὸν
405 5458 540 5510 Θεοῦ

2041 5401 2091 5454 g.
2124 5385 2283 5454 hom.
2311 5400 2387 5448 χι,
2418 5385 2509 5437 24.
2539 5383 2794 5438 Fortasse
2817 5381 2924 5434 τῶν
2950 5381 3086 5434 ὅλων
3121 5377 3450 5434 mutandum

204 5545 330 5582 cum
360 5529 550 5582 sanavi
573 5543 622 5582 c.
652 5526 715 5580 0.
744 5528 842 5593 Ap.
867 5527 907 5581 C
956 5536 1039 5582 est
1062 5521 1202 5578 οὕτω
1233 5525 1293 5577 τὸ
1325 5525 1465 5577 θεῖον
1507 5521 1758 5594 ἅγιονιιθ
1785 5523 2009 5589 conject.
2043 5521 2177 5577 Θεοῦ
2225 5526 2377 5593 ἅγιον
2407 5526 2489 5578 vel
2528 5523 2660 5576 Θεοῦ
2688 5523 2927 5592 ὀνόματα
2987 5537 3091 5594 non
3121 5534 3307 5594 _0pus.
3341 5525 3446 5594 est.

206 5599 251 5632 ³³
268 5599 328 5650 δέ
356 5600 681 5654 subnotatur
709 5599 761 5650 in
791 5585 835 5650 0
863 5639 879 5664 ,
901 5598 966 5652 ad
1002 5597 1110 5662 cui.
1138 5610 1289 5649 oram
1323 5595 1428 5648 διά.
1478 5585 1868 5664 κη’θελὴσωσιν
1886 5585 2158 5647 ’ἀνελῶσιν
2191 5585 2282 5648 (λ’
2330 5597 2372 5626 ’⁵
2393 5594 2530 5648 ἑκών
2563 5595 2743 5648 addidi
2771 5585 2824 5664 γὸ.
2856 5585 3338 5664 0,subim_le_é3c6(p_
3363 5585 3400 5636 S
3428 5622 3450 5647 ,

203 5667 382 5736 ὲκδὼη
409 5667 471 5734 C,
499 5667 563 5721 0.
642 5668 686 5698 ’°
701 5666 778 5721 Ita
807 5666 845 5721 S
866 5655 891 5731 ’,
932 5669 992 5720 τό
1029 5655 1089 5733 (ὲ,
1119 5665 1182 5718 0.
1261 5665 1303 5736 ’7
1326 5662 1650 5736 ἐπιδιδόντες
1683 5655 1742 5714 0.
1822 5662 2006 5732 ²⁸χοἐς
2034 5669 2093 5719 0.
2163 5668 2206 5701 ³9
2231 5665 2302 5720 Ita
2330 5665 2374 5720 0
2424 5681 2472 5722 c.
2503 5665 2539 5719 S
2568 5705 2582 5730 ,
2619 5655 2919 5736 προσίεσαν
2945 5662 3004 5716 (.1.
3085 5661 3127 5692 ³ο
3153 5655 3450 5730 ὀρθριώτε-

207 5697 369 5722 τιυωι
409 5697 471 5734 υ,
499 5697 563 5721 υ.
673 5697 681 5698 ί
702 5697 778 5721 ιω
807 5697 845 5721 ι)
875 5709 891 5731 ,
933 5697 992 5720 ‘w
1029 5697 1089 5733 υ,
1120 5697 1182 5718 υ.
1326 5697 1648 5724 ςιυιυιυυγυει,
1684 5697 1742 5714 υ.

207 5756 300 5794 ρον
327 5697 389 5793 εἴ
438 5749 490 5794 et
517 5738 556 5795 S
585 5779 602 5804 ,
634 5738 729 5808 qui
755 5739 840 5794 hic
867 5746 921 5794 ct
951 5737 1091 5793 infra
1119 5735 1324 5793 mavult
1363 5733 1758 5812 όρθριαίτερον.
