3894 6208
474 268 574 323 £59

1051 376 1338 435 HOMILIA
1370 378 1439 433 Χ.

543 469 583 524 1.
617 467 803 524 Tertio
846 469 1028 539 itaque
1076 469 1218 538 apud
1252 467 1515 537 Tripolim
1548 466 1638 522 die
1678 464 1952 521 maturius
2012 480 2043 521 e

473 576 666 616 somno
702 561 1000 616 suscitatus
1033 558 1227 615 Petrus
1255 560 1555 630 ingreditur
1592 558 1646 612 in
1679 559 1921 623 hortum,
1949 556 2042 611 ubi

474 652 663 722 ingens
704 660 822 707 erat
868 667 1023 721 aquae
1055 651 1479 719 receptaculum,
1518 651 1571 703 in
1604 650 1747 720 quod
1788 649 2045 704 continue

473 742 707 811 plurima
731 741 931 796 ﬂuebat
962 741 1127 795 unda.
1159 739 1238 794 lbi
1274 740 1418 795 lotus
1454 741 1643 808 sicque
1685 750 1875 809 postea
1914 754 2043 809 pre-

471 844 629 887 catus
672 833 920 887 consedit
964 849 978 887 :
1035 848 1135 887 nos
1178 847 1310 885 vero
1362 831 1825 886 circumsedentes
1876 846 1943 885 ac
1988 831 2044 884 in

470 940 597 979 eum
630 924 1003 993 respicientes,
1028 926 1187 991 quasi
1216 922 1311 992 qui
1359 922 1566 993 aliquid
1608 921 2045 977 desideraremus

471 1014 684 1078 audire,
713 1012 1154 1067 animadvertcns
1180 1012 1322 1065 dixit
1355 1028 1371 1066 :

538 1104 606 1159 ll.
636 1104 803 1158 Multa
829 1104 964 1157 mihi
994 1104 1210 1159 videtur
1238 1118 1361 1159 esse
1392 1102 1696 1158 diaerentia
1722 1102 1863 1157 inter
1891 1102 2047 1173 igna-

470 1212 566 1253 ros
592 1204 647 1253 et
692 1205 959 1251 errantes.
1010 1194 1115 1262 Qui
1160 1196 1307 1250 enim
1340 1196 1596 1266 'ignorat,
1645 1196 1862 1250 videtur
1909 1194 2045 1249 mihi

469 1290 668 1345 similis
696 1304 819 1345 esse
850 1288 1062 1343 homini
1084 1288 1153 1342 ad
1178 1288 1495 1358 praclaram
1524 1288 1799 1342 civitatem
1822 1301 2047 1357 pergere

471 1382 703 1447 nolenti,
735 1380 955 1436 inscitia
990 1380 1263 1433 bonorum
1290 1380 1363 1433 ibi
1398 1378 1743 1447 positorum;
1794 1379 1888 1447 qui
1916 1392 2047 1432 vero

470 1481 640 1539 errat,
686 1470 898 1526 homini
942 1469 1137 1525 scienti
1187 1468 1408 1538 quidem
1458 1468 1696 1523 civitatis
1728 1469 1903 1531 bona,
1950 1467 2047 1523 sed

469 1563 564 1634 qui
589 1564 643 1617 in
676 1562 871 1617 itinere
901 1568 1156 1629 suscepto
1186 1560 1439 1614 semitam
1481 1559 1778 1613 mutaverit
1816 1559 2047 1628 ideoque

471 1653 759 1710 aberrarit.
806 1652 890 1706 Ad
941 1668 1065 1707 eum
1121 1652 1285 1721 igitur
1333 1652 1556 1707 modum
1604 1660 1736 1721 puto
1791 1665 2045 1721 magnam

1354 266 1413 322 S.
1450 263 1833 322 CLEMENTIS
1865 264 1885 320 Ι
1928 264 2087 326 ROM.
2120 262 2319 320 ΡΟΝΤ.
2361 262 2589 321 OPERA
2630 263 2858 322 DUBIA.

2074 384 2123 442 Α

3624 274 3733 331 ’60

3254 350 3307 357 μω-

2719 380 2974 434 ὈΜΙΛῘΑ
3002 377 3037 434 ι’
3077 382 3137 429 ³⁸.

2215 468 2255 523 1.
2278 470 2358 541 Τῇ
2398 471 2497 541 μὲν
2527 463 2619 525 οὖν
2659 472 2718 524 ἐν
2748 473 3017 543 ίΤριπόλει
3060 473 3221 547 τρίτῃ
3264 474 3445 547 ἡμέρᾳ
3490 474 3735 548 όρθρίτο-

2148 580 2238 635 ρον
2271 564 2314 595 ³⁸
2362 563 2419 630 ἐξ
2460 564 2630 618 ὕπνου
2677 565 2922 636 ἐγερθεὶς
2960 566 2990 618 ό
3032 568 3235 639 Πέτρος
3286 569 3366 631 εἰς
3415 570 3508 622 τὸν
3554 571 3732 641 κῆπον

2144 654 2318 725 εἰσῄει
2351 653 2416 719 ³⁸,
2458 655 2583 709 ἔνθα
2613 652 2680 727 ἦν
2724 656 3026 727 ὑδροχοεῖον
3069 658 3231 728 μέγα,
3282 660 3363 721 εἰς
3393 659 3422 713 ὃ
3464 656 3733 735 διηνεκῶς

2146 746 2397 799 πλούσιον
2431 747 2621 818 ἔρρεεν
2654 746 2816 818 ὕδωρ.
2866 749 3011 802 Ἐκεῖ
3043 750 3396 822 λουσάμενος,
3432 750 3530 804 εἷθ’
3556 754 3733 816 οὕτως

2146 834 2439 905 εὐξάμενος
2469 835 2759 905 ἐκαθέσθη,
2791 838 2941 906 ἡμᾶς
2984 837 3040 890 δέ
3074 840 3603 911 περικαθεζομένους
3635 842 3734 894 καὶ

2146 925 2225 988 εἰς
2258 924 2420 978 αὐτὸν
2453 924 2793 991 ἀτενίζοντας
2820 926 3008 999 ὥσπερ
3039 930 3267 983 ἀκοῦσαί
3297 949 3352 984 τι
3373 928 3733 1002 βουλομένους

2148 1015 2349 1079 συνεὶς,
2372 1014 2500 1087 ἔφη’

2218 1103 2280 1157 ll.
2319 1106 2492 1176 Πολλή
2519 1123 2608 1176 μοι
2641 1106 2789 1160 δοκεῖ
2821 1103 2957 1162 εἶναι
2992 1109 3227 1181 διαφορὰ
3255 1111 3363 1164 τῶν
3388 1111 3730 1180 ἀγνοούντων

2147 1196 2283 1267 πρὸς
2331 1198 2458 1259 τοὺς
2496 1197 2963 1269 πεπλανημένους.
3020 1202 3077 1254 '0
3113 1202 3218 1273 γὰρ
3249 1203 3457 1270 ἀγνοῶν
3491 1200 3729 1256 ἐοικέναι

2149 1306 2238 1359 μοι
2267 1288 2413 1342 δοκεῖ
2444 1289 2595 1359 ἀνδρὶ
2627 1289 2713 1342 ἐπ’
2746 1291 3144 1364 εὐθηνουμένην
3176 1294 3327 1346 πόλιν
3364 1295 3436 1365 μὴ
3468 1295 3651 1366 ὀρμᾷν
3684 1298 3729 1328 ³⁵

2148 1378 2482 1449 βουληθέντι,
2525 1380 2612 1433 διὰ
2653 1380 2715 1433 τὸ
2763 1381 2975 1449 ἀγνοεῖν
3007 1382 3073 1435 τὰ
3104 1384 3221 1436 ἐκεῖ
3258 1384 3419 1449 καλά,
3466 1386 3495 1437 ὁ
3539 1386 3600 1438 δὲ
3633 1403 3730 1441 πο-

2147 1471 2488 1542 πλανημένος
2522 1471 2743 1542 μαθόντι
2780 1471 2877 1542 μὲν
2899 1471 2969 1525 τὰ
3007 1472 3149 1526 κατά
3183 1474 3281 1544 τὴν
3319 1475 3470 1527 πόλιν
3522 1476 3726 1545 ἀγαθὰ,

2146 1563 2204 1615 ἐν
2237 1563 2295 1615 δέ
2328 1562 2406 1633 τῷ
2436 1564 2613 1634 όρμᾷν
2646 1562 2789 1617 κατά
2818 1563 2915 1635 τὴν
2959 1564 3076 1616 ὁδὸν
3107 1564 3293 1635 τρίϐον
3324 1566 3728 1637 παραλλάξαντα.

2147 1655 2240 1707 καὶ
2266 1653 2364 1728 διξ
2384 1653 2543 1707 τοῦτο
2571 1654 2922 1725 πλανωμένῳ.
2950 1654 3138 1719 Οὕτως
3168 1652 3261 1709 οὖν
3299 1675 3387 1727 μοι
3413 1658 3560 1711 δοκεῖ
3596 1659 3727 1711 πολ-

470 1759 593 1800 esse
619 1743 977 1799 ditl'erentiam
1010 1720 1155 1797 inter
1182 1743 1453 1797 idolorum
1480 1720 1720 1798 cultores
1746 1751 1799 1797 et
1823 1720 1918 1797 eos
1949 1742 2045 1811 qui

2149 1744 2244 1816 λὴν
2288 1720 2549 1817 δᾶφοράν
2594 1741 2733 1798 εἶναι
2759 1720 2888 1798 τῶν⁷
2910 1746 3103 1799 εἴδωλα
3142 1720 3403 1801 σεϐόντων
3438 1745 3573 1817 πρὸς
3600 1751 3726 1814 τοὺς

470 1838 527 1892 in
565 1850 693 1890 vera
735 1836 994 1906 religione
1026 1842 1275 1904 peccant.
1316 1831 1451 1887 Nam
1495 1834 1762 1888 idolorum
1806 1834 2045 1889 cultores

470 1928 637 1982 vitam
660 1936 922 1982 mternam
957 1927 1231 1991 nesciunt,
1263 1941 1430 1995 quam
1457 1924 1580 1980 ideo
1610 1941 1709 1979 nec
1745 1935 2041 1995 appetunt:

469 2018 618 2088 quod
666 2018 812 2073 enim
870 2018 1146 2086 ignorant,
1202 2032 1313 2071 non
1370 2025 1605 2087 possunt
1658 2016 1905 2087 diligere.
1939 2015 2045 2083 Qui

470 2119 651 2165 autem
698 2125 869 2163 unum
922 2108 1091 2163 Deum
1139 2108 1323 2163 colere
1367 2109 1473 2162 sibi
1516 2116 1959 2178 proposuerunt,
1990 2118 2046 2164 et

468 2212 725 2256 aeternam
788 2200 951 2255 vitam
999 2199 1157 2254 bonis
1203 2198 1383 2253 datam
1421 2200 1596 2254 edocti
1644 2208 1791 2266 sunt,
1838 2200 1884 2255 si
1914 2199 2043 2269 quid

467 2302 657 2348 contra
698 2293 1032 2348 voluntatem
1062 2292 1155 2348 Dei
1182 2304 1276 2347 aut
1303 2292 1639 2347 crediderint
1669 2301 1762 2347 aut
1794 2291 2041 2360 fecerint,

467 2383 845 2439 assimilantur
865 2383 932 2439 iis
958 2383 1051 2453 qui
1079 2399 1145 2437 ex
1174 2383 1427 2452 supplicii
1459 2383 1675 2437 civitate
1718 2393 2039 2450 eruperunt,

467 2484 531 2531 ut
552 2476 802 2532 venirent
843 2476 911 2531 ad
962 2476 1154 2531 urbem
1208 2475 1507 2542 felicitatis,
1556 2484 1720 2545 atque
1770 2475 1965 2530 itinere
2009 2489 2041 2529 a

466 2576 615 2622 recta
645 2568 735 2622 via
765 2568 1109 2622 aberrarunt.

535 2654 624 2711 111.
657 2654 782 2711 Haec
805 2672 929 2711 cum
972 2658 1132 2713 nobis
1159 2657 1517 2723 edissereret,
1552 2656 1831 2727 ingressus
1876 2664 1961 2711 est
1995 2657 2041 2713 is

468 2746 565 2815 qui
613 2744 682 2800 ad
732 2746 1051 2815 huiusmodi
1116 2746 1399 2802 referenda
1447 2746 1751 2801 destinatus
1803 2757 1920 2801 erat
1974 2762 2042 2801 ex

469 2836 699 2899 nostris,
731 2844 791 2890 ut
820 2837 1096 2891 nuntiaret
1126 2837 1203 2891 illi
1240 2855 1253 2891 :
1288 2852 1486 2907 magna
1528 2837 1813 2891 hominum
1858 2836 2041 2889 multi—

469 2926 622 2993 tudo,
645 2927 862 2981 domine
894 2927 968 2981 mi
1000 2928 1178 2994 Pctre,
1211 2945 1309 2998 pro
1336 2928 1547 2985 foribus
1578 2936 1705 2982 stat.
1752 2927 1884 2997 Ejus
1910 2942 2040 2998 ergo

469 3020 734 3090 permissu
770 3019 993 3073 intravit
1030 3036 1224 3090 magna
1256 3020 1539 3079 hominum
1582 3020 1907 3091 frequentia.
1947 3021 2039 3075 lllc
2065 3056 2108 3115 α

466 3124 598 3166 vero
627 3125 856 3180 surgens
887 3118 941 3163 et
970 3110 1023 3163 in
1051 3110 1168 3165 basi
1205 3110 1460 3165 hesterna
1489 3112 1721 3180 positus,
1754 3126 1876 3165 cum
1911 3111 2037 3164 reli~

466 3201 647 3271 gionis
676 3202 784 3255 ritu
814 3202 1123 3265 salutasset,
1174 3201 1312 3255 dixit
1345 3218 1359 3256 :
1399 3201 1515 3267 Dei,
1547 3203 1807 3257 creatoris
1835 3202 1955 3256 cmli
1986 3210 2040 3255 et

468 3301 628 3348 terra:
676 3294 1032 3361 omniumque
1080 3292 1147 3348 iis
1190 3301 1574 3348 contentorum
1626 3294 1708 3361 (ut
1744 3309 1908 3347 verus
1939 3308 2037 3347 nos

464 3384 650 3439 docuit
677 3383 965 3453 propheta)
996 3384 1063 3438 ad
1109 3384 1401 3454 imaginem
1425 3392 1479 3439 et
1517 3384 1583 3439 ad
1626 3372 2035 3439 similitudinem

465 3474 632 3529 homo
664 3473 864 3539 factus,
886 3474 1219 3530 constitutus
1247 3484 1329 3529 est
1356 3484 1416 3529 ut
1446 3475 1740 3545 imperaret
1774 3491 1837 3530 ac
1861 3476 2037 3530 domi-

464 3575 710 3633 naretur,
740 3566 863 3620 dico
895 3575 1076 3620 autem
1122 3565 1176 3619 in
1215 3580 1279 3621 ea
1311 3581 1433 3636 qua:
1474 3578 1603 3622 sunt
1628 3567 1683 3621 in
1717 3582 1863 3633 aere,
1892 3579 2034 3622 terra

463 3664 518 3710 et
544 3657 734 3726 aquis,
772 3656 1231 3725 quemadmodum
1286 3672 1353 3711 ex
1406 3656 1523 3727 ipsa
1556 3672 1617 3712 re
1661 3672 1886 3713 cernere
1930 3668 2033 3715 est.

462 3744 600 3800 Nam
648 3747 914 3801 industria
954 3762 1050 3802 sua
1078 3763 1200 3819 qua:
1243 3748 1299 3802 in
1339 3763 1467 3803 aere
1503 3761 1795 3804 versantur
1825 3751 2031 3819 dejicit,

462 3854 584 3909 quae
612 3838 667 3892 in
696 3838 966 3908 profundo
989 3840 1193 3911 degunt
1222 3840 1452 3907 extollit,
1482 3856 1605 3910 qua:
1651 3850 1851 3896 terram
1885 3843 2034 3897 inco-

463 3930 585 3985 lunt
611 3939 862 3995 venatur,
891 3931 1143 4001 quamvis
1186 3932 1384 3986 robore
1422 3932 1653 3987 multum
1678 3948 1744 3989 eo
1771 3943 2033 4004 prtestan-

462 4021 623 4087 tiora,
645 4020 966 4089 elephantos
1007 4022 1228 4091 inquam
1259 4030 1314 4075 et
1356 4022 1545 4078 leones
1576 4038 1639 4077 ac
1680 4024 1766 4079 his
1808 4025 2026 4079 similia.

532 4111 621 4167 ιν.
648 4112 901 4178 Quandiu
931 4128 1060 4183 ergo
1088 4113 1270 4183 justus
1305 4114 1547 4178 exstitit,
1586 4115 1839 4170 omnibus
1872 4116 2029 4171 malis

2146 1836 2204 1887 ἐν
2235 1832 2515 1905 θεοσεϐείᾳ
2541 1833 2873 1903 ἀλωμένους.
2912 1834 2978 1886 Οἴ
3006 1851 3065 1886 τε
3091 1833 3201 1904 γὰρ
3240 1834 3431 1888 εἴδωλα
3475 1835 3724 1898 σέϐοντες

2145 1925 2397 1995 ἀγνοοῦσι
2420 1925 2517 1996 τὴν
2537 1924 2752 1978 αἰώνιον
2775 1923 2936 1995 ζωὴν,
2972 1920 3032 1979 οὗ
3052 1924 3256 1983 εῑιεκεν
3291 1924 3411 1978 οὑδέ
3441 1926 3723 1996 ὀρέγονται

2145 2021 2334 2091 αὐτῆς·
2378 2019 2407 2072 ὃ
2439 2019 2547 2088 γὰρ
2582 2020 2655 2089 μὴ
2688 2018 2884 2081 ῐσασιν,
2917 1996 3134 2088 ἀγαπᾷν
3166 2018 3227 2070 ού
3265 2017 3531 2071 δύνανται.
3573 2020 3639 2071 Οἱ
3665 2020 3722 2072 δέ

2143 2110 2235 2163 τὸν
2268 2109 2430 2180 214
2459 2108 2555 2161 Eva
2585 2105 2715 2160 Θεὸν
2746 2107 2921 2159 σέϐειν
2955 2108 3195 2177 ἑλόμενοι
3220 2107 3315 2161 καὶ
3342 2107 3551 2161 αἰώνιον
3576 2109 3721 2179 ζωὴν

2144 2205 2256 2265 τοῖς
2290 2200 2513 2270 ἀγαθοῖς
2534 2199 2822 2269 δεδομένην
2843 2199 3238 2270 μεμαθηκότες,
3271 2200 3364 2253 ἐάν
3390 2219 3441 2253 τι
3475 2201 3626 2277 παρά
3652 2201 3721 2255 τὰ

2143 2291 2404 2347 δοκοῦντα
2428 2290 2507 2361 τῷ
2529 2290 2647 2360 Θεῷ
2673 2291 2706 2361 ἢ
2732 2289 3090 2343 πιστεύσωσιν
3114 2286 3146 2360 ἢ
3170 2292 3486 2361 ποιήσωσιν,
3512 2284 3717 2345 ἐοίκασι

2142 2387 2253 2447 τοῖς
2282 2383 2380 2454 τὴν
2400 2380 2444 2414 ³³
2466 2383 2565 2454 μέν
2583 2382 2732 2436 πόλιν
2747 2383 2845 2453 τῆς
2867 2382 3132 2454 τιμωρίας
3154 2382 3524 2453 ἐκϐεϐηκόσιν,
3547 2383 3716 2437 ἐλθεῖν

2141 2473 2199 2527 δὲ
2230 2476 2309 2538 είς
2340 2474 2437 2545 τὴν
2486 2471 2885 2546 εύθηνουμένην
2918 2475 2962 2505 ³⁸
2981 2472 3409 2546 [ἐπιθυμούσιν],
3439 2476 3533 2528 καὶ
3559 2477 3618 2528 ἐν
3650 2478 3713 2547 τῇ

2141 2566 2244 2638 ὀδῷ
2270 2567 2369 2637 τῆς
2393 2565 2606 2629 εὐθείας
2638 2565 3003 2636 πλανηθεῖσιν.

2212 2658 2297 2712 lll.
2335 2658 2519 2711 Ταῦτα
2542 2657 2704 2712 αὐτοῦ
2730 2657 3110 2729 διαλεγομένου
3136 2657 3263 2728 ἡμῖν
3293 2658 3460 2729 εἰσῄει
3493 2676 3577 2722 τις
3609 2659 3713 2711 τῶν

2142 2751 2425 2822 ἡμετέρων
2453 2753 2482 2803 ό
2527 2750 2619 2803 ἐπὶ
2657 2750 2733 2820 τῷ
2776 2747 3137 2817 ἀπαγγέλλειν
3181 2748 3328 2819 αὐτῷ
3375 2750 3445 2802 τά
3497 2751 3713 2804 τοιαῦτα

2142 2842 2495 2915 καθεστηκὼς
2518 2842 2689 2911 λέγων
2708 2843 2775 2873 ³⁷⁸
2804 2838 2986 2895 πολλοὶ
3005 2842 3169 2911 ὄχλοι,
3205 2841 3361 2911 κύριέ
3386 2859 3487 2911 μου
3520 2843 3709 2914 Πέτρε,

2143 2936 2248 3007 πρὸ
2272 2934 2378 2988 τῶν
2414 2934 2591 3005 θυρῶν
2628 2932 2937 3004 ἑστήκασιν.
2980 2931 3397 3002 Ἐπιτρέψαντος
3426 2927 3517 2985 οὖν
3548 2930 3710 2984 αὑτοῦ

2143 3029 2307 3090 πολὺς
2328 3022 2643 3096 ἐπεισῆλθεν
2662 3024 2833 3096 ὄχλος.
2873 3026 2929 3077 '0
2945 3024 3001 3077 δέ
3022 3024 3265 3096 ἐγερθεὶς
3287 3025 3380 3077 καί
3400 3028 3465 3095 τῇ
3491 3026 3644 3094 ἐχθὲς
3667 3025 3712 3055 ³⁵

2145 3116 2296 3187 βάσει
2330 3116 2572 3179 ἐπιστὰς,
2608 3114 2685 3184 τῷ
2716 3115 2814 3184 τῆς
2846 3114 3153 3178 θεοσεϐείας
3193 3114 3303 3167 ἔθει
3346 3115 3715 3186 προσαγορεύ-

2143 3225 2259 3271 σας,
2294 3207 2419 3277 έφη·
2469 3206 2603 3259 Θεοῦ
2633 3206 2726 3258 τοῦ
2770 3206 2860 3258 τὸν
2890 3206 3116 3277 οὐρανὸν
3162 3207 3439 3270 κτίσαντος
3480 3210 3572 3261 καὶ
3614 3210 3714 3280 τὴν

2138 3298 2240 3367 γῆν
2279 3296 2372 3350 καὶ
2399 3295 2575 3349 πάντα
2606 3295 2674 3348 τὰ
2694 3297 2749 3347 ἐν
2782 3296 2963 3359 αὐτοῖς
2997 3296 3372 3366 πεποιηκότος,
3406 3297 3481 3359 ὡς
3517 3298 3545 3349 ὁ
3578 3300 3712 3369 ἀλη-

2140 3386 2237 3457 θὴς
2263 3389 2393 3457 ἡμῖν
2428 3386 2615 3455 εἴρηκε
2633 3384 2677 3415 ³⁹
2706 3386 3003 3456 προφήτης,
3027 3385 3350 3457 ὁᾶνθρωπος
3383 3386 3499 3439 κατ’
3531 3388 3713 3441 εἰκόνα

2138 3477 2232 3529 καὶ
2265 3476 2386 3528 καθ’
2413 3475 2669 3545 ὁμοίωσιν
2703 3473 2941 3543 γεγονὼς
2975 3476 3163 3546 ἄρχειν
3206 3493 3265 3528 τε
3302 3478 3394 3529 καὶ
3439 3477 3713 3546 κυριεύειν

2137 3567 2461 3637 κατεστάθη,
2504 3566 2644 3635 λέγω
2688 3564 2745 3618 δέ
2777 3565 2884 3617 τῶν
2909 3566 2965 3618 ὲν
2987 3567 3106 3637 ἀέρι
3144 3566 3237 3619 καί
3267 3570 3337 3637 γῇ
3372 3570 3462 3620 καὶ
3503 3567 3711 3633 ὕδασιν,

2135 3657 2210 3719 ὡς
2240 3656 2284 3687 ⁵⁰
2309 3656 2365 3722 ἐξ
2413 3657 2576 3709 αὑτοῦ
2622 3656 2716 3710 τοῦ
2748 3658 3069 3728 πράγματος
3098 3657 3210 3709 ἐστι
3251 3658 3495 3723 συνιδεῖν,
3530 3659 3611 3711 ὅτι
3642 3664 3710 3731 τῇ

2136 3746 2326 3800 ἑαυτοῦ
2380 3748 2590 3801 συνέσει
2637 3749 2705 3801 τὰ
2750 3749 2849 3820 μὲν
2882 3750 2939 3801 ἐν
2980 3749 3100 3819 ἀέρι
3141 3748 3296 3819 φέρει
3322 3750 3489 3813 κάτω,
3539 3751 3612 3804 τὰ
3652 3754 3712 3805 ἐν

2136 3836 2281 3909 βυθῷ
2308 3838 2499 3905 ἀνάγει
2532 3838 2663 3903 ἀνω,
2696 3839 2764 3891 τά
2793 3840 2848 3891 ἐν
2876 3841 2945 3908 γῇ
2978 3838 3220 3910 ἀγρεύει,
3256 3840 3348 3892 καί
3380 3840 3459 3893 τοί
3491 3858 3553 3909 γε
3587 3844 3709 3895 κατ’

2133 3931 2303 4003 ἀλκὴν
2337 3931 2501 3984 αὑτοῦ
2550 3930 2729 4001 πολλῷ
2777 3930 2996 4013 μείζονα
3028 3930 3177 3995 όντα,
3222 3930 3364 3998 λέγω
3395 3931 3453 3983 δὲ
3484 3932 3711 4002 ἐλέφαν-

2130 4039 2231 4087 τας
2264 4024 2356 4076 καὶ
2387 4023 2606 4087 λέοντας
2628 4024 2720 4076 καὶ
2750 4021 2819 4075 τὰ
2839 4021 3049 4083 τούτοις
3083 4023 3434 4095 παραπλήσια
3466 4024 3531 4077 δί.

2200 4112 2290 4167 1V.
2331 4113 2457 4166 Ὅτε
2489 4113 2586 4183 μέν
2616 4130 2697 4165 τοι
2738 4112 2941 4175 δίκαιος
2987 4111 3300 4182 ἐτύγχανεν,
3350 4113 3443 4166 καὶ
3489 4114 3708 4169 πάντων

460 4205 710 4275 superior
735 4204 859 4270 fuit,
894 4221 957 4260 ac
988 4206 1136 4260 velut
1172 4206 1226 4260 in
1269 4220 1497 4276 corpore
1532 4206 1827 4261 immortali
1866 4222 2033 4276 expe-

2149 4204 2466 4276 παθημάτων
2499 4202 2769 4266 ἀνώτατος
2800 4202 2961 4272 215
2984 4198 3071 4273 ἦν,
3103 4202 3179 4265 ὼς
3209 4203 3457 4274 ἀθανάτῳ
3492 4204 3707 4275 σώματι

459 4298 754 4352 rimentum
790 4296 997 4352 doloris
1040 4312 1235 4367 capere
1282 4314 1391 4352 non
1438 4306 1667 4367 poterat.
1709 4296 1810 4352 Ubi
1846 4309 2026 4354 autem

2149 4296 2224 4350 τοῦ
2254 4297 2437 4365 ἀλγεῖν
2458 4298 2652 4368 πεῖραν
2684 4295 2865 4348 λαϐεῖν
2889 4295 2961 4365 μὴ
2989 4294 3301 4364 δυνάμενος,
3330 4296 3417 4348 ὅτε
3448 4296 3503 4348 δὲ
3524 4298 3707 4369 ἥμαρ-

458 4388 724 4459 peccavit,
756 4388 901 4443 sicut
949 4388 1036 4442 die
1084 4389 1342 4443 hesterno
1387 4399 1443 4445 et
1495 4390 1648 4444 illum
1693 4392 2028 4459 praecedente

2149 4407 2240 4453 τεν,
2283 4388 2358 4451 ὼς
2386 4387 2540 4458 ἐχθὲς
2585 4386 2629 4417 δ’
2674 4387 2767 4438 καὶ
2806 4389 2872 4457 τῇ
2919 4385 3024 4454 πρὸ
3066 4384 3237 4455 αὐτῆς
3283 4386 3583 4457 ἐδείξαμεν,
3628 4390 3704 4450 ὠς

459 4479 821 4545 ostendimus,
852 4488 1111 4548 tanquam
1141 4478 1316 4535 factus
1360 4496 1551 4536 servus
1579 4483 1785 4551 peccati
1814 4484 2027 4538 cunctis

2149 4480 2310 4543 ἱοῦλος
2355 4478 2595 4548 γεγονὼς
2634 4480 2734 4549 τῆς
2774 4480 3049 4551 ἁμαρτίας
3096 4482 3258 4532 πᾶσιν
3304 4480 3543 4533 ὑπέπεσε
3588 4485 3703 4545 τοῖς

458 4569 906 4639 pcrpessionibus
956 4570 1232 4639 subjacuit
1278 4580 1332 4625 et
1378 4572 1636 4627 omnibus
1682 4572 1842 4627 bonis
1876 4574 2024 4643 justo

2149 4572 2463 4643 παθήμασιν,
2504 4571 2721 4624 πάντων
2754 4569 2935 4623 καλῶν
2967 4570 3151 4641 δικαίᾳ
3188 4570 3362 4641 κρίσει
3397 4570 3697 4641 στερηθείς.

454 4660 664 4730 judicio
691 4661 935 4731 privatus
964 4670 1066 4717 est.
1099 4660 1254 4717 Haud
1289 4662 1435 4717 enim
1468 4678 1683 4732 :equum
1717 4663 1931 4729 fuisset,
1964 4674 2024 4719 ut

2149 4663 2199 4715 )ὐ
2233 4661 2340 4732 γὰρ
2375 4660 2592 4729 εὒλογον
2612 4654 2699 4730 ἦν,
2734 4658 2826 4711 τοῦ
2855 4658 3144 4721 δεδωκότος
3185 4657 3701 4726 ἐγκαταλειφθέντος

458 4752 649 4807 relicto
678 4753 867 4807 datore
912 4753 1037 4807 data
1077 4753 1220 4822 apud
1259 4754 1500 4823 ingratos
1536 4764 1836 4809 manerent.
1869 4754 2023 4811 Unde

2149 4753 2192 4807 τὰ
2247 4751 2467 4805 δοθέντα
2521 4749 2855 4822 παραμένειν
2906 4752 3018 4812 τοῖς
3063 4748 3391 4821 ἀγνώμοσιν.
3434 4749 3595 4831 ’Θθεν
3640 4748 3697 4816 ἐξ

457 4856 555 4910 per
608 4851 1022 4911 exsuperantem
1070 4844 1534 4908 misericordiam,
1582 4859 1692 4915 quo
1739 4862 1844 4900 una
1892 4862 2019 4901 cum

2149 4842 2567 4923 ιπερϐαλλούσης
2597 4840 2760 4895 αὐτοῦ
2792 4841 3191 4911 εὐσπλαγχνίας
3223 4842 3357 4913 πρὸς
3395 4840 3455 4893 τὸ
3489 4840 3696 4896 ἀπολα-

458 4932 731 5000 prioribus
757 4931 941 4988 futura
963 4948 1182 5005 quoque
1202 4944 1403 4990 aeterna
1425 4936 1829 5006 perciperemus
1852 4938 2015 5006 bona,

2126 4935 2240 4989 ϐεῖν
2259 4935 2304 4967 ⁸³
2324 4934 2471 5005 ἡμᾶς
2503 4932 2617 5003 ἅμα
2642 4933 2752 4995 τοῖς
2773 4931 3005 5003 πρώτοις
3036 4933 3129 4986 καὶ
3147 4932 3214 4986 τὰ
3245 4932 3473 5003 ἐσόμενα
3500 4931 3695 4985 αἰώνια

1757 5118 1993 5174 VAle
2031 5113 2429 5174 LECTIONES.

534 5230 574 5311 ³]
588 5230 786 5299 δεκάτη
810 5229 874 5284 0.
942 5230 1351 5313 ³²όρθριώτερον
1374 5232 1436 5287 Cl
1480 5240 1535 5287 et
1560 5229 1617 5286 S.
1682 5232 1727 5264 ³³
1745 5232 1916 5315 εἰσῄει
1950 5232 2066 5301 S,0
2094 5274 2110 5298 ,
2134 5232 2290 5287 εἰσίει
2316 5229 2543 5313 C._Tum
2560 5230 2859 5352 ὑδροχοεῖον
2891 5228 2929 5284 S
2957 5270 2972 5295 ,
3001 5230 3279 5313 ὑδροχόῖον.
3303 5227 3443 5312 C,0..
3492 5228 3536 5261 ⁸⁵
3555 5229 3691 5300 έρᾷν

538 5317 607 5370 in
642 5310 810 5370 textu,
844 5301 988 5369 quod
1017 5318 1069 5355 in
1100 5318 1270 5370 marg.
1306 5304 1430 5359 ead.
1475 5319 1622 5357 man.
1666 5316 1902 5358 correxrt
1952 5306 2004 5357 in
2040 5306 2228 5370 ὁρμᾷν.
2262 5301 2500 5357 Subinde
2528 5300 2622 5370 βου
2656 5318 2691 5370 η
2729 5300 2840 5353 έντι
2872 5316 2937 5354 ex
2963 5313 3193 5370 coniect.
3221 5300 3281 5354 CI
3313 5342 3327 5362 ,
3357 5316 3466 5370 cu].
3504 5309 3691 5370 textus

456 5290 497 5376 ρ
534 5300 607 5376 in
642 5290 810 5376 textu,
844 5301 988 5376 quod
1096 5290 1272 5376 ξηαπ-εἶ
1306 5304 1622 5376 ead._man.
1646 5290 1902 5376 Acorrei'it
1943 5290 2007 5376 in
2040 5290 2228 5376 όρμᾷν.
2262 5300 2622 5376 Subindejou

2729 5300 2840 5371 έντι
2872 5316 2937 5354 ex
2963 5300 3193 5371 conject.
3221 5300 3281 5354 Ci
3313 5342 3327 5362 ,
3357 5301 3467 5371 cuj.
3504 5309 3691 5371 textus

456 5367 760 5449 βούλεσθαι,
787 5367 935 5449 utp.
997 5371 1161 5449 ξξτῄν
1195 5367 1305 5426 om.
1329 5371 1391 5449 0.
1433 5371 1573 5449 Tum
1609 5372 1752 5449 idem
1797 5367 2172 5449 ὲκϐεϐηκόὰίν,
2208 5382 2267 5427 ut
2303 5370 2461 5449 conj.
2488 5367 2805 5449 quingeni.
2846 5378 2993 5449 testu
3028 5367 3689 5449 ἐκϐεϐοηκόσιζδιειὶίηίιε

454 5438 739 5525 inseruinSé
765 5456 828 5525 c.‘
852 5438 915 5494 0.
952 5438 1452 5525 η’ξεὺθυγουμένην
1475 5446 1537 5525 0,
1569 5442 1678 5525 cuj.
1716 5443 1924 5525 lacuna:
1967 5438 2317 5525 subsequent}
2348 5438 2599 5525 inscripsi
2635 5438 3064 5525 .lé‘lt‘IOUpoiictv].
3107 5438 3437 5525 Qeinde‘rﬁi
3465 5438 3689 5525 εὐθείας

551 5526 618 5583 Δ(ξ.
730 5550 745 5575 ,
778 5509 893 5583 τὴνΔ
914 5509 1125 5583 εύθίείαν
1164 5512 1252 5583 (ἐ.Δ
1287 5507 1343 5543 ’³⁷
1366 5507 1475 5565 τῶν
1514 5507 1681 5583 ήμετέ

454 5576 634 5661 ⁸⁸χθές
667 5582 726 5634 Ο,
802 5576 846 5612 ³⁵
866 5580 941 5661 ᾡς
967 5581 1171 5661 ἀληθὴς
1201 5580 1418 5661 εῖρηκεν
1458 5576 1700 5661 ημῖν-,ΟΣ
1732 5653 1743 5661 _
1764 5583 1808 5615 ‘°

1689 5530 1794 5584 ρων
1826 5513 1918 5584 ἐπὶ
1959 5515 2037 5584 τῷ
2074 5514 2257 5584 ἀπαγγ

2261 5511 2399 5565 ελεῖν
2424 5503 2590 5579 αὐτῷ,
2627 5503 2666 5563 δ’
2692 5509 2763 5562 τὰ
2792 5503 3017 5563 τοιαῦτα
3031 5503 3404 5580 ’καθεστηκὼς
3420 5509 3602 5580 λέγειν
3619 5503 3687 5580 _C.

2046 5576 2296 5646 δασινῶς
2326 5582 2411 5636 bis
2441 5576 2659 5634 exarata
2696 5588 2826 5635 sunt
2879 5580 2933 5634 in
2968 5580 3031 5634 0.
3109 5580 3243 5633 Mlla
3264 5576 3314 5633 ’0
3363 5596 3413 5634 c.
3439 5579 3501 5633 Cl
3534 5619 3547 5639 .
3576 5576 3684 5631 τῶν

454 5581 634 5661 ’δχθές
667 5582 726 5634 0.
802 5581 846 5612 ”
866 5581 941 5644 ὡς
967 5581 1171 5708 (nulla;
1201 5581 1418 5654 εἴρηκεν
1460 5581 1592 5654 ἡμῖν
1624 5581 1700 5635 (3.⁷
1764 5583 1808 5615 ⁸ο
1834 5582 1971 5639 Vbb.
2011 5581 2196 5637 ὕδασιν
2220 5583 2296 5646 ὡς
2326 5582 2411 5636 bis
2441 5589 2659 5660 exarata
2696 5588 2826 5635 sunt
2879 5581 2944 5661 in_
2968 5581 3031 5634 0.
3109 5582 3152 5611 δι
3172 5581 3243 5633 Ita
3270 5581 3325 5660 ()⁹
3363 5581 3501 5662 (Σ..ῧί
3534 5619 3547 5639 ,
3576 5581 3679 5631 τῶν

452 5661 658 5710 τούτοις
678 5650 1071 5725 παραπλησίων
1144 5691 1159 5707 .
1234 5654 1279 5686 δ’
1292 5653 1418 5725 χθές
1450 5656 1511 5708 0.
1586 5653 1631 5688 ”
1652 5653 1872 5725 πρὸςκτὸ
1904 5653 2194 5709 ἀπολαύειν
2216 5653 2258 5708 C
2317 5667 2383 5708 ex
2413 5658 2670 5720 οοηειεοιη
2711 5649 2847 5721 πρὸς
2879 5667 2956 5720 τῳ
2988 5650 3279 5705 ἀπολαύειν
3313 5650 3385 5706 id.
3416 5665 3469 5704 in
3507 5660 3679 5704 textu.
