3894 6208
227 260 326 317 9.61

1306 242 1772 305 'CL‘EMENTINA.
1805 270 1874 281 ——
1909 236 2193 293 IlOMlLiA
2232 236 2301 290 Χ.

3387 234 3495 291 962

229 371 434 441 ἀγαθά,
469 371 563 427 τὸν
588 367 753 424 αὑτοῦ
784 368 997 440 ἔπεμψε
1021 365 1321 439 προφήτην.
1378 367 1420 416 Ο
1453 362 1509 415 δὲ
1532 357 1813 431 προφήτης

1921 368 2079 406 suum
2117 352 2267 406 misit
2291 349 2635 421 prophetam.
2667 349 2773 415 Qui
2809 348 3069 419 propheta
3103 348 3260 403 nobis
3287 360 3492 419 praece-

228 464 367 537 πρὸς
400 464 547 534 ὑμᾶς
587 461 767 531 λέγειν
812 462 942 532 ἡμῖν
970 462 1017 491 ⁸⁵
1056 458 1093 512 ἃ
1135 457 1217 510 δεῖ
1245 456 1464 526 φρονεῖν
1495 452 1591 505 καὶ
1637 451 1811 503 ποιεῖν

225 553 551 607 ἐνετείλατο.
606 549 830 603 Ἕλεσθε
876 543 991 611 οὖν,
1036 548 1065 601 ὃ
1106 548 1200 600 ἐπὶ
1241 548 1308 616 τῇ
1356 542 1599 614 ὑμετέρᾳ
1634 542 1811 592 κεῖται

225 644 468 715 ἐξουσίᾳ.
520 644 589 695 Ἀ
638 642 736 713 μὲν
780 636 872 694 οὖν
904 639 985 693 δεῖ
1028 640 1279 711 φρονεῖν,
1325 636 1441 689 ἐστὶ
1485 632 1675 687 ταῦτα·
1723 632 1811 683 τὸν

224 737 404 789 πάντα
437 734 774 804 πεποιηκότα
808 731 985 785 σέϐειν
1017 730 1169 783 Θεὸν·
1204 728 1262 781 δν
1296 727 1362 781 ἂν
1390 723 1700 793 ἀπολάϐητε
1733 721 1814 793 τῷ

221 825 322 897 νῷ,
369 827 465 879 ἀπ’
519 825 567 857 ⁸⁸
616 823 781 878 αὑτοῦ
833 821 1177 893 ἀπολήψεσθε
1229 819 1345 890 ἅμα
1393 820 1508 881 τοῖς
1576 814 1812 887 πρώτοις

221 918 413 980 καλοῖς
447 915 541 969 καὶ
572 914 640 967 τά
671 914 904 985 ἐσόμενα
929 912 1123 966 αἰώνια
1156 910 1357 981 ἀγαθά.

296 1007 361 1062 Ν.
400 1009 593 1060 Πεῖσαι
628 1001 721 1059 οὖν
759 1005 983 1069 ἑαυτοὺς
1016 1004 1153 1076 πρὸς
1175 1003 1245 1058 τὰ
1278 1002 1624 1075 συμφέροντα
1652 1000 1793 1071 δυνή-

222 1100 409 1165 σεσθε,
442 1100 646 1170 ἐάνπερ
673 1097 753 1169 τῷ
774 1097 1140 1169 ὲμφωλεύοντι
1160 1098 1221 1150 ὲν
1248 1099 1316 1168 τῇ
1340 1095 1584 1166 ὑμετέρᾳ
1614 1093 1811 1163 καρδίᾳ

217 1192 383 1263 δεινῷ
432 1192 556 1261 ὄφει
596 1191 785 1262 ὥσπερ
832 1190 1123 1261 ἐπᾴδοντες
1168 1188 1383 1258 λέγητε·
1435 1187 1659 1254 Κύριον
1706 1183 1813 1237 τὸν

224 1282 380 1337 Θεὸν
416 1280 758 1351 φοϐηθήσῃ,
787 1279 888 1333 καὶ
917 1277 1077 1343 αὐτῷ
1105 1279 1273 1348 μόνῳ
1297 1278 1651 1343 λατρεύσεις
1719 1275 1815 1327 Ἑλ

217 1371 425 1434 παντὸς
445 1367 536 1424 οὖν
558 1370 816 1441 λογισμοῦ
838 1369 1105 1439 συμφέρει
1144 1368 1205 1421 τὸ
1237 1366 1396 1420 αὐτὸν
1440 1366 1599 1440 μόνον
1628 1364 1811 1435 φοϐεῖ-

220 1464 371 1528 σθαι,
393 1464 491 1533 οὐχ
511 1463 588 1527 ὡς
614 1464 799 1517 ἄδικον
815 1504 829 1526 ,
859 1464 973 1516 ἀλλ’
998 1464 1074 1527 ὼς
1101 1463 1326 1515 δίκαιον.
1361 1462 1471 1514 Καὶ
1492 1462 1601 1532 γὰρ
1628 1459 1813 1515 ἄδικόν

216 1573 310 1621 τις
339 1558 606 1626 φοϐεῖται,
646 1560 721 1630 μὴ
758 1557 955 1620 ἀδίκως
999 1555 1281 1626 ἀναιρεθῇ,
1333 1556 1426 1608 καὶ
1452 1554 1546 1606 τὸν
1585 1554 1810 1617 δίκαιον,

220 1650 303 1720 μὴ
331 1650 377 1681 ⁸⁸
410 1651 657 1722 ἁμαρτίᾳ.
699 1649 972 1721 φωραθεὶς
1010 1648 1321 1718 τιμωρηθῇ.
1350 1645 1587 1699 Δύνασθε
1621 1641 1713 1698 οὖν
1756 1646 1812 1697 ὲν

338 1712 473 1813 πρὸς
502 1712 664 1796 αὑτὸν
688 1712 838 1813 φόϐιρ
860 1712 1200 1795 πολλῶν-τῶν
1218 1712 1532 1792 -ὲπίιϐλαϐῶν
1561 1739 1603 1769 ⁵⁷
1635 1738 1811 1790 ἀπαλ-
1843 1712 1887 1766 Β

216 1832 453 1905 λαγῆναι
474 1833 672 1903 φόϐων.
702 1834 833 1885 Ἕνα
852 1832 961 1903 γὰρ
979 1831 1069 1884 τὸν
1091 1831 1309 1883 πάντων
1331 1830 1516 1901 κύριον
1537 1829 1630 1881 καὶ
1654 1844 1812 1898 ποιη-

214 1925 324 1994 τὴν
354 1924 450 1977 ὲάν
480 1926 553 1996 μὴ
579 1924 815 1996 φοϐῆσθε
848 1924 913 1988 ³⁸,
940 1924 1155 1977 πάντων
1176 1923 1286 1975 τῶν
1309 1920 1494 1974 κακῶν
1518 1920 1691 1973 δοῦλοι
1722 1922 1813 1972 ἐπὶ

214 2019 289 2087 τῇ
316 2017 480 2087 216
505 2015 713 2068 ἑαυτῶν
750 2015 923 2088 βλάϐῃ
955 2014 1162 2076 ἔσεσθε,
1193 2014 1335 2081 λέγω
1352 2013 1408 2065 δὲ
1438 2012 1705 2083 δαιμόνων
1722 2014 1812 2064 καὶ

216 2107 569 2177 παθημάτων
594 2107 689 2159 καὶ
711 2107 911 2169 παντὸς
933 2106 1031 2175 οἵῳ
1057 2105 1101 2135 ⁸⁸
1122 2105 1186 2175 δή
1207 2121 1312 2156 τινι
1341 2103 1527 2174 τρόπῳ
1558 2102 1813 2173 βλάπτειν

211 2200 547 2271 δυναμένου.

300 2285 391 2343 Vl.
427 2291 808 2362 Θαρσήσαντες
850 2285 944 2344 οὖν
988 2290 1213 2361 πρόσιτε
1259 2290 1306 2321 ⁵ο
1340 2289 1418 2361 τῷ
1452 2290 1590 2361 Θεῷ,
1635 2290 1685 2343 οἱ
1716 2289 1815 2360 τὴν

212 2382 402 2454 ἀρχὴν
434 2383 528 2435 ἐπὶ
557 2384 635 2454 τῷ
663 2384 881 2438 πάντων
914 2384 1101 2455 ἄρχειν
1144 2383 1239 2435 καὶ
1281 2382 1555 2454 κυριεύειν
1587 2400 1816 2452 γεγενη-

220 2474 403 2545 μένοι,
434 2475 659 2538 οἵτινες
709 2474 860 2545 ἔχετε
903 2474 1068 2527 αὐτοῦ
1107 2476 1165 2527 ὲν
1203 2474 1300 2545 μὲν
1349 2474 1427 2545 τῷ
1475 2474 1685 2544 σώματι
1718 2474 1816 2545 τὴν

214 2565 435 2629 εἰκόνα,
481 2566 684 2636 ὁμοίως
725 2583 785 2618 τε
827 2566 979 2636 ἔχετε
1018 2568 1077 2623 ἐν
1111 2567 1190 2638 τῷ
1222 2567 1299 2637 νῷ
1330 2568 1430 2637 τῆς
1467 2566 1691 2639 γνώμης
1718 2568 1816 2638 τὴν

214 2657 540 2729 ὁμοιότητα.
589 2658 741 2711 Ἐπεὶ
773 2654 867 2711 οὖν
898 2658 1115 2727 ἀλόγοις
1144 2657 1305 2724 ζώοις
1354 2660 1567 2713 ἐοικότα
1601 2660 1645 2690 ⁸¹
1675 2659 1816 2729 πρά-

217 2750 420 2816 ξαντες
450 2753 516 2805 ὲκ
535 2751 636 2823 τῆς
664 2752 841 2822 ψυχῆς
872 2750 1071 2823 [ὑμῶν]
1107 2753 1154 2783 ⁸⁸
1186 2753 1286 2824 τὴν
1322 2750 1610 2823 ἀνθρώπου
1632 2752 1815 2823 ψυχὴν

215 2837 781 2908 ἁπωλέσατε,ῶσπερ
827 2842 996 2910 χοῖροι
1038 2841 1320 2911 γενόμενοι
1352 2841 1620 2911 δαιμόνων
1662 2844 1817 2914 αἰτή-

220 2946 380 3000 ματα
394 2930 666 2998 ἐγένεσθε.
704 2930 827 2983 Ἐὰν
846 2927 939 2984 οὖν
954 2931 1047 2984 τοῦ
1068 2932 1203 2985 Θεοῦ
1225 2933 1388 3003 νόμον
1403 2933 1730 3005 ἀναδέξησθε
1747 2936 1812 2999 ⁸³,

215 3020 504 3092 ἄνθρωποι
541 3020 772 3091 γίνεσθε.
809 3022 883 3075 Οὐ
910 3021 1018 3093 γάρ
1047 3016 1156 3075 οἷον
1197 3022 1410 3091 ἀλόγοις
1438 3022 1584 3076 ἔστιν
1616 3025 1811 3076 εἰπεῖν·

220 3115 315 3167 Οὐ
346 3114 682 3181 φονεύσεις,
726 3115 798 3167 οὐ
819 3115 1184 3183 μοιχεύσεις,
1215 3116 1286 3167 οὐ
1317 3115 1588 3184 κλέψεις,
1626 3115 1722 3169 καὶ
1748 3115 1816 3169 τὰ

218 3207 372 3277 ἑξῆς.
438 3206 529 3259 Διὸ
583 3207 657 3278 μὴ
703 3207 1004 3278 φθονήσητε
1056 3208 1269 3269 ἑαυτοῖς
1322 3209 1401 3269 εἰς
1443 3207 1544 3278 τὴν
1594 3206 1817 3279 πρώτην

217 3278 658 3370 ἀνακαλούμενοι
700 3299 961 3352 εἰσελθεῖν
1008 3300 1287 3368 εὐγένειαν
1329 3297 1395 3351 ⁸⁵.
1446 3297 1675 3351 Δυνατδν
1707 3298 1817 3370 γάρ

216 3391 396 3455 ἔστιν,
444 3390 539 3443 ὲάν
582 3389 662 3462 τῷ
694 3389 813 3461 Θεῷ
844 3390 974 3463 ξ(25)
1023 3390 1112 3444 διὰ
1150 3391 1262 3444 τῶν
1311 3389 1529 3458 ἀγαθῶν
1564 3390 1816 3462 πράξεων

219 3479 593 3551 ὲξομοιωθῆτε
641 3480 706 3533 ⁸⁸.
740 3481 849 3533 Καὶ
876 3480 962 3533 διὰ
994 3482 1093 3552 τὴν
1130 3481 1423 3552 ὁμοιότητα
1460 3481 1566 3533 uio}.
1606 3481 1816 3533 ἐκείνου

220 3564 369 3623 εἶναι
417 3568 757 3638 λογισθέντες
809 3570 1025 3624 πάντων
1071 3570 1327 3624 δεσπόται
1372 3572 1816 3643 ἀποκαταστῆναι

220 3660 545 3731 δυνήσεσθε.

298 3750 415 3807 VII.
443 3750 713 3822 Ἀρξασθε
751 3747 844 3807 οὖν
878 3754 1204 3809 ἀποδύεσθαι
1236 3755 1344 3809 τῶν
1376 3755 1551 3810 κενῶν
1583 3754 1816 3810 εἰδώλων

221 3848 355 3909 τοὺς
410 3845 724 3910 ὲπιϐλαϐεῖς
764 3848 991 3916 φόϐους,
1032 3850 1179 3912 ὅπως
1227 3848 1327 3919 τὴν
1375 3849 1558 3903 ἄδικον
1608 3849 1815 3922 φύγητε

222 3936 497 3990 δουλείαν.
529 3937 796 3990 Δεσπόται
832 3938 940 4008 γάρ
984 3939 1271 4007 γεγόνασιν
1318 3938 1471 4009 ὑμῶν
1503 3941 1719 4002 ἐκεῖνοι,
1766 3940 1816 3992 οἱ

224 4031 325 4083 καὶ
350 4030 432 4093 εἰς
465 4029 685 4093 δούλους
709 4030 837 4102 ὑμῖν
869 4032 1129 4102 ἄχρηστοι
1162 4033 1536 4102 τυγχάνουσιν.
1572 4033 1730 4102 Λέγω
1759 4032 1816 4085 δὲ

225 4122 360 4193 περὶ
403 4120 536 4191 ὕλης
579 4121 689 4175 τῶν
724 4120 960 4191 ἀψύχων
1004 4122 1335 4192 ἀγαλμάτων
1378 4125 1485 4178 τῶν
1519 4125 1652 4195 μηδὲ
1681 4126 1818 4198 πρὸς

223 4213 288 4265 τὸ
314 4211 587 4265 δουλεύειν
615 4213 745 4282 ὑμῖν
784 4214 1246 4284 χρησιμευὸντων.
1290 4212 1427 4269 Οῠτε
1469 4215 1578 4286 γὰρ
1606 4216 1814 4281 ἀκούει,

225 4305 352 4358 οὔτε
371 4306 577 4375 βλέπει,
594 4304 716 4359 οὔτε
741 4305 1073 4369 αἰσθάνεται,
1092 4305 1205 4359 ἀλλ’
1218 4306 1340 4359 οὐδὲ
1355 4308 1460 4378 μὴν
1475 4308 1518 4338 ⁸⁸
1531 4308 1816 4379 κινηθῆναι

1912 448 2011 517 pit,
2044 455 2103 501 ut
2134 446 2444 499 diceremus
2481 444 2639 498 vobis
2677 458 2802 513 qua:
2843 443 3049 497 sentire
3087 449 3138 495 et
3192 442 3372 495 facere
3401 444 3495 496 de-

1912 538 2109 593 beatis.
2144 535 2339 607 Eligite
2365 550 2498 605 ergo
2528 546 2584 589 et
2609 535 2900 604 capessite.
2944 532 3000 587 id
3040 534 3095 586 in
3126 543 3305 586 vestra
3329 533 3493 588 situm

1911 637 1995 685 est
2037 636 2322 699 potestate.
2375 625 2641 695 Equidem
2691 642 2812 696 quae
2865 624 3071 680 sentire
3118 623 3350 689 debetis,
3390 624 3495 677 ista

1912 731 2042 778 sunt
2075 740 2091 775 ς
2120 722 2364 776 omnium
2412 729 2692 775 auctorem
2740 720 2912 775 Deum
2943 719 3217 784 venerari,
3250 734 3411 787 quem
3448 717 3497 772 si

1910 823 2090 867 mente
2116 813 2463 883 receperitis,
2502 813 2571 866 ab
2614 812 2735 882 ipso
2774 826 2898 866 cum
2942 810 3219 880 prioribus
3250 824 3496 863 commo—

1910 905 1998 960 dis
2028 905 2210 959 futura
2238 919 2461 974 quoque
2489 911 2750 974 perpetua
2781 903 2925 957 bona
2952 900 3387 971 consequemini.

1982 995 2049 1050 γ.
2077 996 2304 1050 Vosmet
2334 995 2499 1065 igitur
2544 996 2612 1049 ad
2659 996 2814 1049 utilia
2859 993 3117 1064 poteritis
3142 993 3495 1062 persuadere,

1912 1089 1959 1145 si
1991 1088 2057 1143 ad
2090 1088 2393 1143 latitantem
2429 1088 2483 1141 in
2516 1096 2701 1142 vestro
2745 1087 2909 1142 corde
2951 1085 3236 1140 horridum
3269 1100 3499 1155 serpen-

1914 1194 2021 1237 tem
2056 1182 2206 1237 velut
2248 1182 2592 1237 incantantes
2643 1181 2892 1236 dixeritis
2942 1199 2954 1234 :
3006 1179 3289 1234 Dominum
3328 1179 3499 1234 Deum

1913 1276 2247 1338 revereberis,
2303 1284 2353 1329 et
2404 1274 2488 1328 illi
2540 1274 2644 1327 soli
2717 1275 2907 1328 servies
2973 1286 3023 1328 ι.
3073 1273 3151 1327 Ex
3206 1282 3315 1328 tota
3368 1286 3499 1343 ergo

1913 1378 2099 1424 mente
2125 1368 2383 1425 convenit
2409 1384 2536 1423 eum
2571 1368 2753 1423 solum
2783 1367 2981 1434 vereri,
3012 1382 3119 1421 non
3143 1376 3203 1421 ut
3223 1367 3497 1436 iniquum,

1915 1462 2008 1516 sed
2041 1470 2100 1515 ut
2124 1461 2358 1531 justum.
2417 1460 2631 1514 Etenim
2682 1460 2934 1528 iniquum
2983 1458 3107 1528 quis
3143 1471 3382 1523 veretur,
3431 1472 3501 1511 ne

1918 1554 2105 1623 inique
2141 1554 2208 1608 dc
2240 1554 2420 1608 medio
2451 1553 2694 1617 tollatur,
2730 1551 2942 1621 justum
2988 1566 3138 1613 vero.
3186 1565 3255 1604 ne
3289 1550 3344 1603 in
3373 1565 3498 1619 pec-

1917 1655 2041 1701 cato
2085 1646 2463 1715 deprehensus
2498 1661 2691 1715 poenas
2735 1646 2845 1701 det.
2897 1646 3130 1702 Potestis
3176 1645 3360 1714 itaque
3404 1659 3501 1712 per

1917 1738 2167 1791 timorem
2197 1753 2325 1807 erga
2355 1738 2509 1791 illum
2551 1738 2791 1807 effugere
2829 1739 3029 1793 multos
3069 1738 3264 1792 noxios
3300 1747 3497 1790 metus.

1917 1828 2097 1883 Unum
2127 1830 2272 1884 enim
2298 1838 2622 1885 cunctorum
2654 1830 2939 1885 dominum
2968 1838 3023 1885 et
3050 1830 3363 1885 Creatorem
3393 1830 3500 1885 nisi

1916 1921 2179 1988 timeatis,
2238 1924 2486 1976 omnium
2532 1921 2811 1977 malorum
2868 1923 3012 1977 servi
3065 1937 3263 1991 magno
3313 1931 3500 1975 vestro

1916 2014 2271 2070 incommodo
2299 2015 2472 2080 eritis,
2506 2015 2816 2069 daamonum
2852 2014 3074 2084 inquam
3102 2023 3157 2068 et
3181 2014 3500 2068 morborum

1914 2109 2205 2179 omnisque
2231 2110 2309 2163 rei
2340 2125 2461 2178 quae
2497 2110 2681 2179 aliquo
2716 2110 2878 2164 modo
2909 2118 3090 2181 potest
3116 2120 3337 2164 nocere.

1987 2283 2075 2337 Vl.
2108 2282 2246 2338 Cum
2270 2283 2467 2338 fiducia
2492 2298 2622 2353 ergo
2647 2281 2908 2337 ad'Deum
2932 2283 3195 2346 accedite,
3227 2283 3322 2353 qui
3352 2284 3505 2353 prino

1916 2376 2058 2445 cipio
2087 2374 2154 2428 ad
2186 2373 2400 2429 cunctis
2440 2372 2821 2440 imperandum
2859 2382 2912 2426 et
2946 2372 3340 2427 dominandum
3371 2372 3503 2428 facti

1914 2465 2068 2519 estis.
2096 2462 2201 2528 Qui
2233 2464 2403 2532 ipsius
2430 2462 2585 2516 fertis
2615 2462 2670 2515 in
2694 2478 2927 2531 corpore
2958 2463 3271 2533 imaginem,
3301 2464 3504 2534 pariter

1915 2553 2102 2609 feratis
2135 2554 2188 2607 in
2226 2563 2407 2607 mente
2436 2552 2717 2607 sententiae
2748 2553 3187 2608 similitudinem.
3228 2554 3498 2620 Quoniam

1916 2647 2083 2717 igitur
2106 2645 2369 2701 facientes
2401 2645 2606 2700 similia
2636 2661 2763 2700 cum
2806 2646 2985 2701 brutis
3027 2648 3405 2703 animantibus
3432 2666 3504 2703 ex

1916 2738 2099 2791 anima
2122 2745 2307 2792 vestra
2346 2738 2648 2791 humanam
2683 2738 2925 2792 animam
2954 2740 3295 2808 perdidistis,
3328 2741 3505 2796 instar

1915 2845 2210 2900 porcorum
2268 2831 2445 2887 effecti
2497 2833 2811 2888 daemonum
2874 2832 3003 2889 facti
3049 2834 3235 2890 fuistis
3290 2837 3502 2906 petitio.

1914 2922 2105 2993 Itaque
2144 2924 2187 2979 si
2243 2923 2339 2980 Dei
2385 2925 2558 2996 legem
2614 2926 2976 2995 receperitis,
3030 2927 3172 2984 ﬂetis
3225 2929 3504 2985 homines.

1842 3058 1885 3117 Ο
1920 3012 2109 3085 Neque
2131 3017 2277 3071 enim
2329 3017 2508 3073 brutis
2553 3019 2928 3075 animantibus
2973 3020 3079 3074 dici
3125 3030 3346 3090 potest:
3380 3020 3506 3075 Non

1921 3108 2146 3173 occides,
2198 3124 2301 3161 non
2347 3110 2699 3176 adulterabis,
2774 3127 2878 3163 non
2924 3111 3188 3180 furuberis
3233 3111 3284 3175 ι³,
3322 3124 3377 3167 ει
3419 3129 3509 3167 sc-

1918 3201 2163 3268 quentia.
2192 3199 2372 3266 Quare
2408 3216 2477 3256 ue
2498 3201 2655 3257 vobis
2693 3202 2985 3258 invideatis
3007 3243 3021 3268 ,
3057 3212 3119 3257 ut
3160 3203 3230 3259 ad
3270 3205 3505 3273 primam

1923 3292 2165 3347 revocati
2200 3295 2485 3350 introeatis
2509 3295 2874 3351 nobilitatem.
2890 3296 3036 3351 Fieri
3059 3298 3203 3352 enim
3229 3298 3280 3351 id
3304 3306 3507 3367 potest,

1919 3385 1967 3440 si
1998 3385 2109 3441 Deo
2144 3403 2241 3456 per
2266 3388 2411 3442 bona
2452 3402 2618 3457 opera
2668 3387 2877 3443 similes
2910 3388 3245 3444 eﬂiciamini.
3294 3390 3359 3446 Et
3409 3408 3507 3461 per

1920 3478 2335 3535 similitudinem
2378 3480 2475 3534 ﬁlii
2510 3480 2631 3550 ejus
2662 3495 2785 3535 esse
2813 3482 3073 3551 reputati,
3108 3483 3163 3537 in
3190 3481 3504 3537 dominium

1918 3580 2240 3627 cunctorum
2279 3572 2493 3627 restitui
2529 3573 2799 3642 poteritis.

1990 3753 2102 3809 VII.
2136 3754 2364 3826 Incipite
2410 3768 2541 3825 ergo
2586 3754 2861 3824 deponere
2907 3768 3177 3808 vanorum
3232 3754 3503 3812 idolorum
3564 3801 3575 3814 .

1917 3849 2113 3903 noxios
2164 3858 2368 3911 metus,
2422 3857 2483 3901 ut
2537 3847 2785 3915 iniquam
2837 3846 3113 3917 etl‘ugiatis
3160 3850 3503 3905 servitutem.

1919 3939 2137 3995 Domini
2175 3955 2413 4009 namque
2443 3938 2609 3993 vestri
2634 3938 2763 3993 facti
2790 3948 2920 3993 sunt
2944 3939 3043 4004 illi,
3074 3939 3169 4009 qui
3199 3952 3252 3994 et
3281 3941 3351 3995 ad
3383 3955 3503 3995 ser-

1917 4033 2111 4086 vitium
2160 4032 2314 4086 vobis
2361 4029 2596 4085 fuissent
2640 4030 2880 4085 inutiles.
2935 4028 3158 4099 Loquor
3205 4038 3392 4086 autem
3438 4032 3508 4085 de

1917 4122 2151 4178 materia
2207 4122 2579 4176 inanimorum
2629 4121 3099 4188 simulacrorum,
3149 4137 3273 4192 quae
3320 4138 3389 4179 ne
3435 4124 3507 4178 ad

1920 4214 2270 4272 serviendum
2296 4213 2521 4283 quidem
2550 4212 2708 4267 vobis
2756 4214 2883 4267 usui
2923 4228 3046 4268 esse.
3080 4221 3331 4283 possunt.
3365 4211 3504 4268 Nam

1919 4320 2099 4375 neque
2127 4305 2377 4371 audiunt,
2431 4318 2610 4373 neque
2655 4303 2862 4370 vident,
2895 4319 3073 4373 neque
3103 4308 3367 4370 sentiunt,
3410 4311 3505 4358 sed

230 4397 395 4467 217
427 4396 669 4450 δύναται.
688 4398 751 4449 Εἰ
774 4396 881 4466 γὰρ
917 4396 1165 4466 βούλεταί
1184 4414 1266 4459 τις
1295 4397 1448 4468 ὑμῶν
1480 4397 1652 4461 οὓτως
1680 4400 1813 4469 ὁρᾷν

1921 4412 2019 4452 nec
2044 4405 2276 4467 possunt
2307 4396 2534 4451 moveri.
2563 4399 2646 4450 An
2672 4396 2819 4451 enim
2848 4396 3009 4451 vellet
3030 4395 3229 4465 aliquis
3258 4404 3503 4451 vestrum

230 4488 306 4550 ὡς
332 4489 457 4558 ὁρᾷ,
485 4488 582 4539 ml.
610 4486 828 4540 ἀκούειν
865 4487 939 4550 ὡς
967 4487 1175 4551 ἀκούει,
1215 4488 1311 4540 καὶ
1347 4488 1695 4543 αἰσθάνεσθαι
1721 4489 1817 4542 καὶ

231 4575 498 4630 κινεῖσθαι
518 4594 533 4642 ;
564 4575 678 4629 ἀλλ’
699 4576 865 4648 ἀπείη
895 4576 1119 4651 τοιαύτῃ
1132 4576 1366 4649 λοιδορίᾳ
1382 4578 1638 4650 λοιδορεῖν
1654 4578 1810 4633 πάνθ’

306 4763 331 4791 ι
362 4751 552 4808 Matth.
582 4770 657 4821 tv,
690 4753 777 4809 ιο.
846 4750 1059 4808 1’Exod.
1092 4770 1186 4821 xx,
1214 4753 1314 4819 15;
1353 4753 1548 4808 Matth.
1584 4770 1699 4819 xu,
1730 4754 1817 4809 18.

1924 4489 2005 4546 sic
2034 4490 2217 4545 videre
2249 4498 2309 4544 ut
2341 4488 2549 4553 vident,
2598 4496 2654 4542 et
2700 4488 2893 4543 audire
2932 4497 2994 4544 ut
3020 4488 3273 4556 audiunt,
3303 4499 3358 4544 et
3380 4504 3504 4545 scnr

1924 4583 2049 4652 tire,
2085 4591 2140 4638 et
2173 4582 2415 4638 moveri?
2446 4581 2552 4637 Sed
2584 4580 2726 4638 absit
2761 4580 2865 4638 hae
2911 4582 3247 4638 contumelia
3291 4581 3507 4639 allicere

1537 4889 1773 4944 VARle
1814 4890 2221 4949 LECTIONES.

308 5027 809 5109 f‘ﬁéjmtﬁs
852 5028 1001 5109 ἡμᾶς
1030 5028 1166 5109 “eis
1187 5026 1344 5109 ,ἕψεις
1375 5025 1551 5095 λέγειν
1576 5028 1708 5109 is?
1740 5030 1817 5109 0:.
1861 5029 1907 5063 "’
1926 5030 2005 5109 “=1
2034 5029 2075 5109 ρ
2101 5072 2121 5109 ε
2152 5031 2242 5109 ΰτέ
2269 5031 2333 5109 (2.
2363 5030 2428 5109 0:
2453 5094 2479 5109 .
2505 5032 2551 5109 ‘3
2573 5030 2721 5109 Fer!-
2750 5032 3060 5109 asldendym
3085 5034 3169 5103 ἐφ’
3197 5041 3316 5109 past
3345 5030 3502 5109 MS.-

234 5097 281 5131 "
302 5094 582 5174 ἐπιλαϐών
605 5094 656 5152 0⁷
694 5094 953 5174 "in'teit'tu,
986 5094 1291 5174 ἐπιϐλαϐῷν
1321 5094 1571 5174 inmarg.
1605 5094 1651 5129 "
1669 5098 1748 5174 ita
1783 5099 1822 5153 S
1848 5142 1865 5165 ,
1904 5102 2156 5174 φοϐεῖσθε
2189 5104 2259 5174 C.
2281 5094 2341 5156 0'.
2386 5094 2489 5169 ⁸·θῷ
2512 5102 2573 5157 C.
2617 5102 2757 5174 F'lta
2783 5101 2831 5157 Ο
2876 5102 2992 5158 etC
3041 5121 3108 5159 ex
3128 5094 3385 5174 'co'njectz,
3406 5094 3502 5157 'id.

237 5172 492 5241 προσεῑτε
522 5170 776 5241 intexto.
856 5167 1000 5241 “ita
1025 5168 1169 5241 conj.
1198 5168 1238 5222 C
1270 5208 1285 5231 ,
1314 5168 1423 5241 cuj_.
1458 5176 1638 5223 textus
1665 5167 1993 5235 ἐοίκοι-σείει
2020 5170 2084 5238 0,
2121 5171 2159 5225 S
2208 5173 2413 5227 :Porro
2437 5167 2501 5225 ἔκ
2526 5173 2709 5227 addidi
2738 5174 2805 5227 de
2839 5174 3097 5241 conject.,
3133 5167 3257 5230 curn
3286 5174 3503 5228 nullum

236 5237 388 5292 aliud
417 5239 716 5294 remedium
744 5240 988 5292 invenire
1012 5240 1333 5308 potuissem.
1382 5237 1423 5291 C
1476 5241 1729 5294 emendat
1754 5243 1835 5364 τῖό

236 5308 458 5364 lacuna.
522 5309 569 5340 ⁵³
594 5309 917 5364 ἀναδέξασθε
958 5312 1016 5363 0.
1057 5310 1104 5340 “
1124 5309 1371 5364 ἀγένειαν
1403 5310 1460 5361 0.
1517 5309 1564 5339 "
1588 5310 1801 5364 ἐξομοιο

236 5308 479 5382 lacuna.~
522 5309 569 5340 ⁵³
594 5309 917 5382 ἀναδέξασθε
958 5312 1016 5363 0.
1057 5310 1104 5340 “
1124 5309 1492 5382 dysvstavuO.‘
1517 5308 2020 5382 ‘f_é§opoto9ﬁte'0.

1847 5242 2015 5314 ψυχῇο
2094 5242 2142 5314 if
2176 5244 2274 5314 τῆς
2305 5243 2509 5314 ,ψυχῆς
2555 5259 2608 5313 p-

2660 5243 2759 5366 της
2794 5243 2905 5325 ψυχ
3058 5244 3235 5316 ὑμῶν]
3279 5243 3343 5324 ῼ,
3385 5244 3509 5297 sine

2667 5330 2682 5366 ι
2730 5316 2977 5366 emtvult
3010 5317 3506 5366 uini—coniectura

2102 5312 2158 5385 "7
2172 5312 2268 5383 μέν
2290 5312 2350 5385 Cl
2404 5312 2457 5385 et
2480 5313 2517 5368 S
2547 5312 2565 5382 ,
2588 5314 2682 5384 qui
2709 5312 2840 5385 legit
2860 5312 2977 5369 vult
3010 5312 3506 5385 uati—conjectura

240 5394 328 5450 ap.
359 5379 400 5434 C
460 5380 575 5449 jam
610 5379 698 5435 '!iu
725 5394 1001 5449 expressa,
1047 5380 1339 5434 accedente
1366 5379 1429 5433 0.
1462 5377 1762 5452 Subindeﬁ
1794 5377 1901 5453 γάρ
1925 5398 1979 5452 p.
2021 5384 2069 5435 εἰ
2097 5377 2204 5455 γάρ
2230 5384 2374 5455 conj.
2415 5383 2473 5438 S.

1547 5474 1856 5533 VARIORU
1866 5476 1915 5530 Μ
1964 5476 2196 5532 ΝΟΤίΕ.

312 5570 601 5651 (Ξὸλ-ᾘὰτς
632 5570 711 5651 τῷ
746 5571 885 5651 est"):
916 5570 1030 5651 Hoc
1057 5581 1217 5651 c_apu_t
1245 5586 1374 5651 cum
1398 5571 1509 5651 εει,
1520 5583 1574 5625 et
1602 5570 1791 5628 homil.
1821 5587 1939 5647 seq.
1972 5574 2007 5631 4
2036 5588 2099 5631 ac
2130 5574 2319 5631 homil.
2351 5592 2448 5646 ιιι,
2504 5576 2597 5646 26,
2654 5577 2873 5651 delibat~
2916 5576 3079 5639 simul
3133 5574 3506 5631 Damascenus

242 5655 364 5712 ωρ.
408 5639 543 5714 Περὶ
573 5642 920 5714 ἀγαθοεργῶν
948 5642 1040 5696 καὶ
1069 5639 1436 5711 ἀγαθοποιῶν.
1471 5641 1612 5699 C01.
