3894 6208
440 268 546 322 263

1322 261 1376 315 S.
1411 256 1793 316 CLEMENTIS
1822 256 2027 317 lROM.
2070 256 2271 314 PONT.
2311 259 2540 315 OPERA
2576 252 2798 314 DUBIA.

3022 194 3050 206 ρ’

3590 267 3705 321 264

442 379 718 433 hominem
748 377 1067 447 quemlibet,
1096 377 1189 447 qui
1216 375 1308 431 Dei
1346 374 1665 431 circumfert
1693 375 2006 444 imaginem,

2113 375 2353 428 ὁντινοῦν
2388 376 2431 406 ⁵⁷
2465 375 2778 447 ἄνθρωπον,
2823 368 3009 429 εἰκόνα
3046 376 3405 449 περιφέροντα
3447 378 3609 447 Θεοῦ,
3648 384 3704 435 εί

436 475 653 529 etiamsi
680 474 1094 527 similitudinem
1128 471 1444 537 perdiderit.

508 565 645 620 Vlll.
687 564 827 619 Deos
873 565 1038 634 igitur
1063 571 1276 617 vestros
1306 576 1503 616 aureos
1524 570 1578 616 et
1612 570 1899 630 argenteos
1927 557 2012 613 vel

433 670 501 709 ex
537 655 643 709 alia
697 653 873 709 factos
918 655 1147 707 materia
1190 653 1244 705 in
1280 652 1517 721 primam
1566 668 1723 707 suam
1756 662 2009 707 naturam

432 746 723 808 restituite,
751 745 805 797 in
827 745 1019 814 pocula
1044 743 1169 797 dico
1196 752 1250 796 et
1277 742 1457 810 pelves
1483 750 1538 796 et
1575 742 1783 810 reliqua
1825 743 2008 796 omnia

430 851 553 905 quae
586 836 742 891 vobis
769 837 835 889 ad
878 835 1239 889 ministerium
1270 843 1500 902 possunt
1523 849 1645 888 esse
1678 835 1867 900 utilia;
1921 842 2007 887 at-

428 944 535 996 que
567 929 680 982 haec
707 928 859 983 vobis
892 928 1051 981 initio
1078 928 1203 981 data
1229 928 1371 981 bona
1409 926 1561 980 reddi
1591 936 1868 995 poterunt.
1900 925 2006 981 Sed

425 1018 611 1072 forsan
640 1019 853 1085 dicetis,
883 1034 988 1072 nou
1023 1020 1345 1088 permittunt
1375 1018 1533 1072 nobis
1559 1018 1613 1072 id
1658 1016 1835 1073 facere
1863 1034 2002 1087 prae-

422 1112 725 1178 positorum
766 1112 931 1179 leges.
964 1109 1128 1176 Bene,
1161 1111 1289 1179 quia
1324 1109 1490 1181 leges,
1536 1122 1589 1165 et
1620 1127 1726 1165 non
1758 1112 2001 1180 ipsorum

422 1202 659 1255 futilium
708 1202 995 1255 numinum
1043 1218 1164 1267 qure
1210 1218 1319 1255 non
1366 1210 1450 1255 est
1490 1202 1685 1255 virtus.
1723 1203 1839 1266 Qua
1870 1217 2001 1271 ergo

421 1290 635 1344 ratione
666 1291 799 1345 deos
837 1292 1213 1355 existimastis,
1246 1291 1340 1359 qui
1385 1290 1640 1343 humanis
1672 1290 1880 1358 legibus
1908 1290 2000 1343 de-

416 1379 731 1447 fenduntur,
782 1397 811 1435 a
870 1382 1099 1436 canibus
1153 1390 1461 1444 servantur,
1502 1396 1531 1434 a
1563 1380 1785 1450 papulis
1812 1389 1998 1435 custo-

2115 467 2207 519 καὶ
2227 467 2326 537 τὴν
2364 468 2653 539 ὁμοιότητα
2679 466 2976 521 ἀπώλεσεν.

2188 556 2325 610 Vlll.
2354 558 2493 621 Τοὺς
2524 558 2653 626 γοῦν
2668 558 2821 621 θεοὺς
2850 560 3001 630 ὑμῶν
3027 560 3153 623 τοὺς
3178 562 3443 632 χρυσέους
3475 565 3572 616 καὶ
3595 566 3703 636 ἀρ.

2109 650 2338 720 γυρέους
2370 651 2513 721 ἢκαὶ
2543 650 2601 717 έξ
2622 651 2788 720 ἄλλης
2817 652 2963 713 τινὸς
2985 651 3117 721 ῦλης
3149 654 3573 722 γεγενημένους,
3607 658 3699 719 εἰς

2105 741 2205 811 τὴν
2252 740 2476 812 πρώτην
2514 743 2693 795 αὐτῶν
2738 743 2897 812 φύσιν
2941 744 3467 813 ἀποκαταστήσατε,
3505 746 3588 807 εἴς
3629 765 3699 799 τε

2107 834 2303 902 φιάλας
2320 834 2364 865 ⁵⁸
2397 834 2540 901 λέγω
2580 834 2675 888 καὶ¹
2707 834 2939 897 λεκάνας
2969 836 3062 887 καὶ
3082 834 3150 887 τὰ
3178 835 3338 887 λοιπὰ
3367 836 3565 897 πάντα,
3592 838 3701 891 ὅσα

2107 926 2233 996 ὑμῖν
2274 927 2411 997 πρὸς
2448 928 2749 998 ὑπηρεσίαν
2776 924 3023 999 χρήσιμα
3056 928 3099 961 ⁵⁹
3140 924 3275 979 εἶναι
3308 928 3552 982 δύναται⁸
3593 932 3699 983 καὶ

2102 1020 2271 1072 ταῦτα
2290 1020 2416 1089 ὑμῖν
2445 1017 2696 1089 ἀπαρχῆς
2723 1019 2942 1072 δοθέντα
2964 1018 3145 1086 ἀγαθὰ
3168 1020 3697 1091 ἀποκατασταθῆναι

2099 1111 2476 1183 δυνηθήσεται.
2533 1112 2669 1163 Ἀλλ’
2723 1114 2852 1175 ἴσως
2901 1114 3093 1182 ἐρεῖτε·
3153 1113 3266 1165 Οὐκ
3327 1111 3487 1164 ὲῶσιν
3538 1114 3698 1181 ἡμᾶς

2099 1202 2254 1256 τοῦτο
2285 1205 2508 1275 ποιῆσαι
2557 1205 2608 1256 οἱ
2644 1204 2751 1257 τῶν
2797 1204 3110 1271 ἐφεστώτων
3143 1205 3313 1273 νόμοι.
3348 1204 3567 1270 Καλῶς,
3604 1208 3694 1258 ὅτι

2098 1295 2272 1365 νόμοι,
2317 1296 2409 1347 καὶ
2455 1296 2555 1348 οὐκ
2601 1295 2778 1348 αὐτῶν
2823 1295 2930 1348 τῶν
2969 1296 3187 1348 εἰκαίων
3241 1296 3603 1366 σεδασμάτων
3654 1302 3692 1368 ή

2099 1387 2173 1458 μὴ
2206 1382 2341 1441 οὖσα
2365 1386 2611 1457 δύναμις.
2646 1387 2771 1450 Πῶς
2802 1382 2894 1439 οῦν
2928 1388 3123 1449 αὐτοὺς
3155 1387 3310 1451 θεοὺς
3336 1389 3689 1457 νενομίκατε,

416 1472 680 1525 diuntur?
713 1481 768 1526 et
805 1473 909 1527 hoc
933 1474 978 1527 si
1007 1474 1148 1527 idola
1176 1472 1377 1527 fuerint
1418 1488 1586 1527 aurea
1630 1474 1713 1527 vel
1741 1482 1993 1543 argentea

2096 1479 2186 1531 ὑπ’
2218 1480 2263 1511 ⁶⁰
2304 1478 2658 1551 ἀνθρωπίνων
2691 1480 2867 1548 νόμων
2900 1478 3331 1548 ὲκδικουμένους,
3356 1479 3460 1531 ὑπὸ
3500 1480 3691 1531 κυνῶν

414 1564 497 1617 vel
525 1580 675 1619 {enea
706 1583 719 1618 :
751 1580 875 1617 nam
923 1565 1135 1633 lapidea
1173 1575 1267 1619 aut
1310 1566 1494 1619 ﬁctilia
1527 1566 1644 1635 ipsa
1677 1566 1761 1620 sui
1789 1566 1995 1621 vilitate

2094 1572 2569 1643 φρουρουμένους,
2637 1572 2730 1624 ὑπ’
2795 1571 2967 1641 ὁχλων
3044 1570 3517 1641 φυλασσομένους;
3586 1573 3689 1623 καὶ

416 1658 759 1721 muniuntur,
790 1658 918 1726 quia
963 1672 1124 1710 nemo
1156 1658 1441 1711 hominum
1486 1657 1757 1726 lapideum
1784 1657 1868 1711 vel
1897 1657 1993 1713 ﬁc-

2091 1664 2262 1716 ταῦτα
2282 1664 2376 1717 ἐὰν
2408 1663 2615 1734 χρύσεα
2638 1663 2671 1734 ἦ
2695 1663 2938 1734 ἀργύρεα
2969 1662 3271 1733 ἥ,χάλκεα·
3318 1662 3387 1714 τὰ
3436 1661 3545 1733 γὰρ
3594 1663 3684 1713 λί-

417 1746 562 1799 tilem
595 1746 764 1800 furari
798 1754 921 1801 avet
954 1746 1145 1801 Deum.
1190 1746 1338 1802 Adeo
1377 1758 1437 1803 ut
1464 1763 1664 1816 magno
1687 1748 1990 1817 subjician—

2092 1754 2212 1806 θινα
2258 1754 2291 1825 ἢ
2343 1754 2638 1824 ὀστράκινα
2685 1755 2790 1807 ὑπὸ
2832 1755 2929 1824 τῆς
2962 1754 3187 1822 ἀτιμίας
3214 1753 3564 1822 φυλάσσεται,
3598 1755 3685 1807 ὅτι

414 1845 507 1889 tur
530 1838 796 1906 periculo,
838 1839 932 1907 qui
980 1853 1047 1891 ex
1098 1840 1423 1908 pretiosiore
1467 1841 1697 1895 materia
1737 1848 1989 1895 constant

413 1928 489 1981 dii
523 1929 711 1982 vestri.
751 1927 816 1982 Et
843 1944 953 1998 quo
982 1930 1146 1983 modo
1184 1929 1258 1982 dii
1302 1939 1449 1996 sunt,
1495 1931 1590 1999 qui
1642 1929 1789 1984 furto
1834 1930 1989 1984 aufe-

412 2027 627 2084 runtur,
678 2019 772 2089 qui
818 2018 1150 2082 conflantur,
1203 2022 1609 2090 appenduntur,
1655 2021 1752 2091 qui
1799 2028 1984 2076 custo-

410 2110 675 2165 diuntur?

481 2314 572 2368 IX.
614 2315 659 2369 Ο
704 2315 1029 2370 miserorum
1072 2315 1387 2369 mortalium
1427 2323 1657 2379 mentes,
1696 2315 1789 2385 qui
1834 2329 1984 2369 mor-
2018 2326 2045 2417 Ι

407 2406 518 2461 tuis
552 2407 726 2475 magis
760 2416 979 2461 mortua
1020 2408 1305 2460 verentur!
1351 2404 1537 2475 Neque
1570 2407 1717 2460 enim
1758 2420 1981 2475 possum

406 2514 468 2550 ea
494 2509 707 2551 mortua
736 2499 935 2563 dicere,
962 2514 1083 2568 quae
1110 2514 1387 2568 nunquam
1412 2499 1684 2553 vixerunt.
1704 2498 1817 2552 Nisi
1845 2498 1984 2552 forte

406 2590 655 2658 sepulcra
712 2599 841 2643 sunt
914 2590 1264 2658 antiquorum
1332 2590 1638 2644 hominum.
1704 2590 1980 2645 Interdum

404 2680 550 2731 enim
587 2679 866 2748 ingressus
918 2679 1117 2747 aliquis
1157 2679 1275 2732 loca
1336 2679 1516 2748 ignota
1559 2681 1751 2746 nescit,
1797 2690 1979 2736 utrum

404 2786 527 2839 quae
554 2770 699 2823 videt
743 2770 944 2839 templa
995 2770 1105 2823 sint
1144 2770 1428 2824 hominum
1471 2780 1815 2825 mor-tuorum
1861 2787 1979 2826 mo-

404 2871 688 2928 numenta,
728 2876 795 2915 an
825 2871 1147 2917 vocatorum
1185 2863 1450 2917 deorum:
1484 2862 1822 2931 interrogans
1852 2878 1979 2918 vero

401 2963 457 3009 et
494 2954 740 3020 audiens,
778 2970 843 3010 ea
888 2970 1009 3010 esse
1052 2954 1302 3020 deorum,
1342 2955 1588 3009 adoravit
1629 2954 1838 3023 pudore
1867 2971 1975 3009 non

2088 1844 2589 1916 οῦδεὶςζάνθρώπων
2618 1844 2872 1916 λίθινονῆ
2906 1845 3222 1915 ὀστράκινον
3258 1845 3504 1914 ὀρέγεται
3552 1844 3685 1897 κλέ-

2088 1939 2186 2007 ψαι
2218 1938 2369 1991 Θεόν.
2401 1940 2561 2008 Ὥστε
2586 1937 2807 2008 μεγάλῳ
2833 1938 3059 2007 κινδύνῳ
3088 1938 3469 1990 ὑπόκεινταιοὶ
3492 1941 3556 1990 ἐκ
3580 1956 3685 1991 πο-

2088 2004 2646 2101 λυτελεπέραςηῦλης
2670 2004 3043 2099 γεγενημένοι
3091 2028 3243 2098 ὑμῶν
3288 2029 3416 2080 θεοί.
3453 2029 3580 2091 Πῶς
3612 2029 3682 2099 δὴ

2087 2122 2180 2174 καὶ
2212 2121 2320 2175 θεοί
2365 2123 2521 2185 εἰσιν,
2552 2120 2925 2191 κλεπτόμενοι,
2963 2121 3337 2191 χωνευόμενοι,
3386 2120 3681 2190 σταθμιζὸ-

2088 2227 2258 2280 μενοι,
2295 2213 2529 2285 φρουρού
2539 2230 2689 2283 μενοι
2724 2213 2859 2285 (25⁸)
2880 2229 2894 2278 ;

2158 2304 2247 2358 IX.
2277 2306 2339 2356 Ὢ
2371 2304 2478 2357 τῶν
2506 2305 2865 2377 ταλαιπώρων
2896 2304 3195 2376 ἀνθρώπων
3226 2304 3435 2375 φρένες,
3460 2304 3676 2375 νεκρῶν

2085 2395 2302 2481 νεκρέτε
2312 2412 2376 2466 ρα
2392 2396 2652 2449 δεδιότων
2680 2398 2844 2466 218
2864 2394 2983 2449 οὐδὲ
3019 2396 3125 2467 γὰρ
3146 2396 3314 2466 νεκρά
3335 2394 3470 2448 αὐτὰ
3490 2394 3677 2460 λέγειν

2083 2488 2337 2558 δύναμαι,
2377 2488 2444 2541 τὰ
2485 2489 2749 2559 μηδέποτε
2793 2489 3049 2558 ξήσαντα,
3087 2488 3239 2549 ἐκτὸς
3274 2489 3322 2538 εἰ
3355 2486 3426 2555 μὴ
3448 2486 3675 2552 ⁶¹τάφοι

2084 2580 2323 2651 ἀρχαίων
2346 2580 2644 2649 ἀνθρώπων
2663 2580 2817 2631 εἰσίν.
2842 2574 3045 2631 Ἐνίοτε
3063 2578 3170 2648 γάρ
3187 2576 3377 2639 ἐπιϐάς
3390 2593 3472 2637 τις
3493 2576 3672 2639 ἀγνώ-

2084 2688 2229 2733 στοις
2248 2670 2430 2733 τόποις
2450 2672 2548 2722 οὑκ
2575 2666 2734 2733 οἶδεν,
2764 2668 2857 2731 οὓς
2880 2671 2983 2740 ὁρᾷ
3002 2671 3158 2731 ναοὺς
3182 2668 3405 2737 πότερόν
3428 2685 3558 2719 ποτε
3591 2686 3677 2720 νε-

2082 2764 2230 2835 κρῶν
2250 2762 2457 2833 ἀνδρῶν
2496 2762 2750 2833 μνήματά
2769 2763 2938 2824 ἐστιν,
2966 2760 2998 2830 ἢ
3030 2760 3138 2811 τῶν
3168 2759 3473 2829 λεγομένων
3504 2758 3669 2811 θεῶν·

2080 2856 2451 2927 πυθόμενοςδὲ
2483 2856 2577 2907 καὶ
2609 2853 2847 2916 ἀκούσας
2874 2854 2955 2904 ὅτι
2993 2851 3130 2903 θεῶν
3165 2852 3229 2916 ⁶¹,
3262 2851 3672 2923 προσεκύνησεν

2078 2950 2177 3001 οὐκ
2210 2946 2492 3010 αἰδεσθεὶς,
2536 2946 2617 2999 ὅτι
2660 2946 2708 2998 εἰ
2756 2945 2830 3015 μὴ
2862 2943 3122 3009 ἐξετάσας
3148 2943 3451 3013 μεμαθήκοι
3477 2942 3546 3007 ⁸³,
3579 2942 3671 2994 διὰ

404 3043 669 3110 suffusus,
695 3046 860 3115 quod,
896 3046 1002 3100 nisi
1035 3046 1404 3115 percontando
1430 3045 1727 3111 didicisset,
1756 3055 1976 3116 propter
2003 3085 2010 3123 ε

2090 3038 2138 3092 ιδ
2174 3036 2290 3091 ἴσον
2324 3039 2422 3109 τῆς
2454 3038 2790 3108 ὁμοιότητος,
2814 3034 2888 3099 ὡς
2921 3034 3113 3105 νεκροῦ
3151 3036 3408 3105 μνημεῖον
3422 3032 3487 3086 ἂν
3522 3049 3668 3103 παρ-

402 3151 613 3204 aequam
653 3136 1064 3191 similitudinem
1093 3138 1239 3191 velut
1275 3136 1475 3190 mortui
1513 3137 1863 3205 praeteriisset
1890 3153 1977 3191 se-

402 3228 671 3295 pulcrum.
726 3228 831 3282 Sed
874 3242 982 3282 non
1030 3236 1242 3297 oportet
1268 3235 1329 3280 ut
1359 3227 1413 3279 in
1457 3226 1561 3280 hac
1590 3226 1976 3294 superstitione

402 3319 627 3373 multam
662 3318 881 3373 afferam
928 3320 1327 3389 probationem.
1372 3317 1552 3372 Facile
1584 3318 1728 3371 enim
1757 3327 1841 3371 est
1877 3331 1977 3370 vo-

399 3409 532 3463 lenti
574 3410 898 3479 intelligere,
930 3412 1075 3480 quod
1104 3410 1239 3463 nihil
1264 3411 1354 3475 sit,
1391 3410 1496 3463 nisi
1528 3408 1652 3477 quis
1682 3406 1820 3462 forte
1851 3408 1975 3461 nul-

397 3504 613 3557 latenus
640 3502 838 3556 videat.
868 3502 1120 3556 Attamen
1151 3502 1235 3555 vel
1268 3516 1414 3555 nunc
1449 3500 1576 3554 audi
1617 3500 1969 3554 simulacrum

400 3606 512 3646 non
548 3590 757 3656 audire,
791 3606 856 3645 ac
880 3590 1143 3660 intellige,
1175 3605 1282 3643 non
1315 3589 1634 3659 intelligere.
1666 3586 1801 3642 Nam
1840 3588 1971 3643 illud

400 3681 649 3736 mortalis
711 3682 950 3735 hominis
1009 3697 1205 3736 manus
1255 3680 1523 3734 fecerunt.
1554 3678 1611 3733 Si
1648 3689 1852 3746 autem,
1877 3680 1970 3749 qui

398 3771 547 3837 fecit,
578 3772 738 3837 obiit,
770 3787 880 3840 quo
914 3773 1075 3825 modo
1117 3774 1185 3825 ab
1217 3773 1310 3825 illo
1348 3770 1548 3825 factum
1584 3786 1694 3825 non
1727 3771 1973 3825 destrue-

398 3864 523 3916 tur?
572 3862 683 3917 Cur
729 3864 912 3933 itaque
964 3864 1159 3919 adoras
1208 3865 1452 3921 mortalis
1503 3879 1682 3933 opus,
1747 3865 1971 3920 omnino

398 3967 564 4006 sensu
597 3952 953 4007 destitutum?
1003 3970 1149 4019 cum,
1200 3954 1294 4023 qui
1330 3963 1564 4008 mentem
1622 3954 1842 4021 habent,
1897 3970 1968 4011 ne

399 4044 658 4097 animalia
715 4046 933 4113 quidem
995 4047 1243 4112 adorent,
1302 4062 1401 4102 nec
1466 4048 1732 4102 elementa
1782 4064 1812 4102 a
1856 4048 1968 4104 Deo

397 4134 617 4187 condita
650 4136 831 4188 colant
864 4147 1024 4204 atque
1047 4137 1353 4203 adulentur,
1377 4138 1573 4192 ctelum
1593 4138 1736 4204 dico,
1774 4139 1968 4206 solem,

2077 3130 2340 3201 εληλύθει.
2424 3128 2569 3201 Πλὴν
2611 3129 2672 3181 οὐ
2733 3130 2835 3198 χρή
2883 3144 2950 3197 με
2994 3126 3130 3197 πρὸς
3172 3126 3270 3194 τῆς
3322 3125 3367 3155 ⁸⁸
3406 3124 3668 3193 τοιαύτης

2076 3196 2510 3292 δεισιδαιμονίας⁸
2528 3196 2741 3291 πολλὴν
2760 3196 3050 3290 ῦπαρέχειν
3102 3215 3389 3279 ἀπόδειξιν.
3456 3215 3665 3285 Ῥᾴδιον

2076 3317 2186 3388 γάρ
2218 3318 2332 3367 ἐστι
2365 3314 2443 3383 τῷ
2475 3313 2681 3366 θέλοντι
2720 3314 2927 3382 νοῆσαι,
2970 3312 3052 3363 ὅτι
3093 3310 3243 3362 οὐδέν
3290 3312 3456 3372 ἐστιν,
3506 3306 3665 3369 ἐκτὸς

2075 3411 2124 3461 εί
2160 3409 2232 3479 μή
2269 3425 2354 3471 τις
2386 3408 2447 3459 οὐ
2482 3406 2672 3478 βλέπῃ.
2708 3405 2854 3483 Πλὴν
2888 3404 2995 3456 κᾶν
3026 3401 3120 3455 νῦν
3145 3402 3395 3460 ἄκουσον,
3433 3400 3517 3452 ὅτι
3560 3400 3663 3452 οὐκ

2075 3502 2283 3567 ἀκούει,
2318 3501 2415 3553 καὶ
2444 3499 2655 3569 νόησον,
2691 3498 2771 3550 ὃτι
2804 3497 2865 3549 οὐ
2899 3498 3026 3550 νοεῖ.
3062 3497 3255 3565 Χείρες
3275 3492 3381 3564 γάρ
3410 3492 3541 3544 αὐτὸ
3572 3491 3663 3545 θα-

2070 3595 2251 3657 νόντος
2282 3589 2565 3663 ἀνθρώπου
2597 3588 2878 3659 ἐποίησαν.
2926 3588 2989 3640 Εἰ
3022 3586 3078 3639 δὲ
3108 3588 3137 3638 ὁ
3169 3585 3403 3655 ποιήσας
3445 3581 3658 3634 ἐτελεύ-

2069 3701 2253 3755 τησεν,
2284 3682 2403 3745 πῶς
2435 3680 2495 3734 τὸ
2526 3681 2615 3733 ὑπ’
2643 3677 2806 3733 αὐτοῦ
2840 3679 3061 3746 γεγονὸς
3102 3677 3162 3730 οὐ
3212 3675 3538 3745 λυθήσεται;
3586 3674 3653 3726 Τί

2068 3773 2161 3830 οὖν
2193 3773 2385 3845 θνητοῦ
2433 3773 2592 3845 ἔργον
2635 3775 2977 3845 προσκυνεῖς,
3013 3767 3288 3831 παντελῶς
3331 3766 3655 3835 ἀναίσθητον

2068 3870 2157 3935 ὁν;
2190 3868 2348 3923 ὁπότε
2394 3867 2443 3920 oi
2487 3865 2780 3935 λογισμοὺς
2818 3863 3030 3933 ἔχοντες
3060 3862 3180 3914 οὐδὲ
3220 3861 3288 3913 τὰ
3329 3859 3446 3923 ζῶα
3487 3876 3654 3930 προσι

2073 3959 2345 4024 κυνοῦσιν,
2379 3956 2499 4010 οὐδὲ
2534 3958 2772 4025 στοιχεῖα
2803 3954 2873 4007 τά
2906 3953 3010 4007 ὑπὸ
3034 3952 3168 4006 Θεοῦ
3189 3951 3529 4021 γεγενημένα
3559 3968 3651 4004 κοο

2074 4051 2411 4112 λακεύουσιν,
2435 4048 2577 4115 λέγω
2607 4046 2665 4099 δὲ
2685 4045 2931 4117 οὐρανὸν,
2964 4046 3133 4115 ἥλιον,
3167 4045 3413 4116 σελήνην,
3448 4046 3651 4115 ἀστρα-

2076 4144 2184 4215 πὴν
2208 4144 2274 4208 ⁸⁵,
2305 4142 2576 4195 θάλασσαν
2607 4141 2702 4193 καὶ⁹
2730 4140 2908 4192 πάντα
2938 4138 3007 4190 τὰ
3025 4139 3082 4189 ὲν
3111 4138 3314 4201 αὐτοῖς,
3335 4136 3510 4208 ὀρθῶς
3530 4137 3648 4208 κρί-

396 4224 584 4280 iuriam
604 4266 618 4292 ,
646 4238 819 4291 astra,
843 4235 1065 4294 terram,
1105 4243 1256 4283 mare
1289 4238 1344 4282 et
1370 4229 1647 4283 cunctaiis
1677 4238 1929 4284 contenta
1955 4248 1969 4284 :
2004 4248 2010 4302 ι

2090 4251 2277 4298 θοντες,
2314 4234 2447 4304 μηδὲ
2479 4233 2523 4264 ⁸⁸
2555 4231 2625 4285 τὰ
2665 4232 2754 4285 ὑπ’
2796 4229 2960 4285 αὐτοῦ
2990 4230 3254 4301 γενόμενα
3299 4233 3643 4300 προσκυνεῖν,

1686 4344 1925 4399 VARI/It]
1963 4344 2367 4400 LECTIONES.

465 4431 510 4463 ⁸⁷
537 4430 615 4484 ita
736 4448 784 4509 c_.
822 4432 863 4485 D
894 4474 907 4497 ,
934 4433 1014 4509 ὁτι
1039 4431 1247 4509 οῦν-Ο.-
1312 4434 1356 4509 ’ξ’
1379 4435 1673 4509 φιάλοιςᾲυ.
1751 4437 1795 4469 ⁵⁸
1822 4439 2087 4509 χρήσιμον
2144 4441 2223 4509 0.,
2279 4439 2323 4471 ⁸ο
2351 4438 2439 4490 ἐπὶ
2477 4438 2574 4509 Οὲ
2605 4446 2665 4490 ut
2690 4451 2813 4509 mo;
2846 4435 2950 4509 ὑπὸ
2985 4414 3179 4505 ὄχλων.
3209 4434 3251 4467 ⁶¹
3279 4432 3392 4487 Nisi
3416 4434 3642 4509 vocibus

395 4503 745 4576 transpositis
768 4503 912 4576 legas
940 4504 1093 4566 ἐκτὸς
1114 4505 1165 4576 et
1194 4505 1266 4576 μὴ
1286 4506 1445 4576 τάφοι
1471 4507 1695 4559 omnino
1719 4503 2092 4574 rescripserim
2126 4508 2273 4571 εἰκὸς
2301 4510 2481 4576 τάφοι.
2507 4507 2755 4576 iTempla
2782 4505 2951 4559 fuisse
2967 4503 3639 4576 gniortuorunlsepulera,

393 4587 460 4624 ex
480 4568 771 4646 Clementis
791 4568 1176 4646 [Ιροτρεπτικῴ
1195 4568 1351 4646 docet
1370 4568 1776 4646 'EusebtPrmp.
1804 4568 1966 4646 evang

397 4656 513 4705 vm,
542 4657 596 4709 p.
630 4642 764 4723 “5:-
921 4641 1068 4723 Sylh.
1104 4641 1164 4695 DL
1201 4646 1247 4723 el
1278 4644 1350 4714 μὴ
1381 4646 1533 4723 ἐκτός
1566 4644 1627 4707 C,
1794 4647 1837 4676 ⁶²
1860 4641 2009 4723 μείζς)

467 4726 677 4777 rperam
716 4712 1071 4785 distinxisset,
1104 4712 1375 4779 corrigere
1408 4716 1657 4785 voluerat
1687 4716 1787 4768 οὐκ
1820 4715 2059 4785 αἱδέσθη.
2097 4716 2333 4771 Debebat
2365 4717 2555 4771 saltem
2595 4712 2832 4769 scribere
2860 4714 3085 4785 ᾐδέσθη.
3110 4716 3183 4785 At
3232 4731 3264 4785 q

1973 4618 1998 4648 .A
2022 4592 2081 4643 ιι,
2108 4575 2467 4648 ϐίϐγνίηζὶιι
2488 4575 2683 4648 Iuliae,

2731 4592 2782 4643 p.
2821 4577 2943 4638 3M;
2966 4572 3639 4640 Theodoret.Therapeut.,

2063 4663 2128 4722 c._
2222 4644 2397 4722 ,ξΘεόν
2504 4688 2517 4710 ,
2550 4645 2956 4722 Θεοῦ-φυηρ..
3054 4686 3067 4707 ,
3101 4660 3223 4722 c_um
3260 4644 3637 4722 totumdocum

3272 4730 3353 4766 ua!
3407 4723 3477 4765 Sli.
3520 4730 3640 4766 ver-

395 4726 677 4832 rcrperam
716 4726 1071 4775 disttnxrsset,
1104 4728 1375 4779 corrigere
1408 4726 1657 4767 vetuerat
1687 4726 1787 4768 ουκ
1820 4726 2059 4785 αιδεσυη.
2098 4726 2333 4771 Debebat
2365 4726 2555 4771 saltem
2595 4726 2832 4769 scribere
2865 4726 3085 4785 ηοεσυη.
3113 4726 3183 4766 At
3232 4730 3353 4783 qua!
3407 4726 3477 4765 sn
3520 4730 3640 4766 ver-

400 4779 956 4866 git-rrum,co‘njunct‘io,
988 4792 1137 4866 recte
1159 4785 1468 4866 explanavit
1488 4784 1539 4866 ¹Ι)
1570 4825 1584 4846 ,
1609 4801 1895 4866 quem_ego
1914 4795 2135 4866 secutus
2163 4786 2371 4866 sum.S.
2440 4786 2485 4815 ⁸³
2499 4786 2818 4866 μεμαθήὲει
2844 4770 2907 4838 C.
2938 4783 3389 4866 TUIllui‘d.nfGOV.n
3430 4782 3641 4866 θξτξρρς

394 4848 656 4970 τῆςροὸηῇ.
681 4849 722 4902 C
754 4889 767 4915 ,
798 4850 931 4921 πρὸς
957 4853 1054 4923 τὴν
1079 4852 1176 4922 τῆς
1218 4848 1447 4923 uterque
1486 4848 1641 4907 hom:
1688 4848 1879 4909 codei.

397 4933 538 4972 coni.
616 4958 630 4972 .

466 4934 538 4985 tu.
569 4934 630 4972 υ.

1986 4855 2030 4886 ⁸⁸
2058 4855 2208 4910 Fort.
2240 4856 2433 4927 ἄστρα,
2461 4853 2683 4925 ﬁxa,“
2721 4853 2948 4923 Recogn.
2978 4870 3033 4918 ν,
3066 4853 3151 4918 16,
3179 4854 3241 4907 C.

3346 4850 3390 4882 ⁸⁸
3430 4852 3506 4921 μὴ
3531 4850 3639 4904 δεῖν

1547 5036 1579 5052 α
1703 5010 2069 5070 VARIORUM
2104 5004 2337 5063 NOTAE.

467 5104 601 5171 (Q3?)
623 5101 753 5166 Πῶς
773 5101 848 5167 δὴ
869 5099 963 5171 καὶ
983 5099 1103 5153 θεοί
1124 5099 1299 5159 εἰσιν,
1320 5097 1731 5171 κλεπτόμειρι.
1758 5114 1971 5171 χωνευ-

397 5166 617 5245 όμὲνοὶ,
654 5169 1120 5245 στᾳρμιζέμεςνοι,
1152 5168 1597 5245 φρουρούμενοι.
1641 5166 1969 5245 Βςεοέιιιίιὶος-

401 5236 525 5300 ηἰιγη
549 5245 584 5297 1.
603 5236 653 5302 ν,
678 5258 726 5296 c.
755 5240 858 5294 15:
887 5236 989 5303 Qui
1011 5253 1130 5304 ergo
1153 5238 1322 5305 furari
1350 5246 1587 5303 possunt,
1612 5236 1701 5303 qui
1725 5237 1787 5286 ab
1812 5236 1972 5289 homi-

402 5316 552 5368 nibus
575 5311 850 5373 custodiri,
872 5310 962 5379 qui
981 5304 1200 5375 conﬂari
1218 5316 1262 5358 et
1281 5306 1504 5379 oppozidi
1525 5304 1969 5379 et_nzalleis_c_wdi;

402 5386 490 5441 isti
528 5382 824 5435 hominibus
856 5375 1063 5431 sensum
1097 5376 1402 5429 habentibus
1430 5376 1505 5427 dii
1549 5375 1729 5428 debent
1766 5376 1974 5431 videri?

402 5454 559 5524 quasi
589 5454 818 5524 Rutilius
848 5457 1041 5518 prmter
1074 5446 1467 5524 φρουρούμενοι
1501 5445 1688 5514 legerit
1734 5445 1972 5516 σφυρού-

409 5516 578 5594 μενοι.
628 5516 896 5594 Urgentur
931 5528 1129 5594 autem
1180 5517 1364 5594 eadem
1422 5516 1538 5594 ista.
1576 5526 1890 5579 argumenta
1943 5532 1970 5570 a

406 5584 606 5647 Sanctis
632 5584 903 5652 Pairihus,
931 5590 995 5639 iis
1022 5586 1317 5654 prmsertitu
1344 5585 1433 5653 qui
1477 5584 1737 5654 adversus
1764 5594 1971 5651 gentes.

407 5672 460 5716 et
487 5664 756 5733 apologias
788 5675 885 5731 pro
911 5653 1233 5714 Christianis
1260 5658 1612 5727 scripserunt.
1644 5653 1779 5707 Deus
1808 5671 1972 5709 (ιη-σιω

2061 5098 2467 5165 υειξατθεητειιδ,
2492 5094 2555 5148 de
2578 5094 2846 5147 immundo
2870 5105 3102 5154 vasculo.
3136 5102 3195 5149 ut
3216 5110 3409 5161 smptus
3434 5101 3635 5161 factum

2060 5167 2315 5238 ﬂgyplio
2359 5165 2489 5233 regi,
2538 5165 2825 5238 conﬂatur,
2866 5165 3108 5238 tunditur
3132 5165 3362 5238 malleis,
3398 5166 3634 5238 etimit:

2058 5233 2215 5291 dibus
2238 5238 2519 5305 ﬁguratur.
2554 5233 2686 5298 Qum
2716 5235 2881 5288 verba
2913 5236 3096 5302 magni
3138 5235 3383 5305 oratoris,
3406 5233 3630 5286 Minucii

2058 5304 2256 5361 Felicis
2286 5304 2357 5359 eo
2393 5305 2616 5372 protuli,
2648 5316 2705 5357 ut
2734 5319 3010 5358 monerem
3041 5306 3108 5358 iis
3138 5304 3482 5357 inserendam
3508 5319 3630 5356 esse

2057 5376 2322 5446 virgulam
2356 5382 2479 5443 post
2512 5374 2709 5446 Δδίιψὶιιε
2738 5389 2961 5446 :_|ieque
3002 5374 3146 5446 enim
3184 5376 3395 5446 saepius
3414 5374 3629 5446 Amasis

2057 5442 2242 5501 rex'ex
2284 5442 2564 5497 immundo
2594 5443 2814 5497 vasculo
2858 5442 3059 5497 idolum
3107 5444 3264 5507 fecit,
3308 5443 3399 5497 sed
3440 5442 3627 5508 semel,

2061 5516 2330 5569 referente
2382 5512 2656 5567 Herodoto
2704 5514 2758 5566 in
2819 5513 3052 5583 Euterpe
3082 5528 3203 5582 cap.
3239 5512 3361 5566 172.
3424 5512 3627 5566 Sensus

2059 5587 2243 5653 itaque
2268 5594 2371 5644 est,
2408 5592 2463 5636 et
2486 5584 2685 5651 smpius
2716 5584 2770 5638 id
2817 5584 3018 5641 factum
3040 5623 3055 5652 ,
3084 5594 3137 5640 et
3175 5583 3377 5641 factum
3408 5597 3627 5653 quoque

2060 5654 2313 5727 Egyptio
2338 5653 2407 5709 ab
2447 5668 2591 5724 rege.
2622 5654 2758 5709 Cor.
