3894 6208
164 372 275 429 265

1314 374 1842 431 CLEMENTINA.—-
1880 374 2160 433 IIOMILIA
2195 376 2258 430 Χ.

3324 386 3426 442 266

164 488 305 543 ἀλλά
346 487 441 542 τὸν
492 489 698 545 τούτων
744 492 1072 566 δημιουργὸν
1130 494 1225 548 καὶ
1279 494 1518 566 πάροχον
1577 491 1721 545 σέϐει

1858 502 2001 546 recte
2030 492 2359 561 judicantes,
2414 508 2517 549 nec
2575 495 2646 551 ab
2684 494 2804 565 ipso
2834 505 3015 552 creata
3063 492 3166 552 coli
3204 500 3421 567 debere,

163 582 320 637 Θεάν.
366 584 490 637 Ἐπὶ
517 583 692 654 τούτῳ
722 586 830 656 γὰρ
862 586 958 639 καὶ
988 585 1127 639 αὐτά
1169 586 1366 657 χαίρει,
1413 587 1497 639 ὅτι
1528 584 1626 655 τὴν
1657 584 1725 635 τοέ

1854 581 1948 635 sed
1983 596 2175 636 eorum
2211 583 2460 652 opiﬁcem
2491 591 2546 638 et
2586 585 2895 655 largitorem
2925 585 3093 642 Deum
3128 603 3253 644 esse
3292 591 3424 645 ado-

163 677 531 747 πεποιηκότος
562 676 728 747 τιμὴν
759 679 934 744 οὐδεὶς
960 678 1145 742 αὐτοῖς
1170 679 1467 750 προσῆψεν.

230 854 402 925 219
433 852 501 910 Χ.
541 854 718 909 Αὐτοῦ
751 857 859 927 γάρ
912 858 1069 927 μόνου
1109 856 1255 911 ἐστὶν
1302 856 1586 929 ἠ’ἕντιμος
1624 858 1747 925 δόξα

159 946 253 1001 τοῦ
294 949 457 1019 μόνου
491 949 777 1020 ἀγενήτου,
811 952 899 1002 ὅτε
935 951 978 983 ⁸⁷
1023 950 1095 1003 τὰ
1136 950 1299 1005 λοιπά
1330 952 1510 1006 πάντα
1544 954 1746 1023 γενητὰ

156 1041 442 1112 τυγχάνει.
490 1042 577 1106 Ὡς
604 1038 697 1096 οὖν
724 1041 818 1096 τοῦ
849 1044 1111 1115 ἀγενήτου
1148 1044 1274 1096 ἴδιον
1305 1044 1365 1096 τὸ
1412 1044 1547 1108 Θεὸς
1586 1040 1743 1113 εἶναι,

157 1133 335 1197 οὕτως
367 1136 479 1188 πᾶν
508 1135 685 1189 ὁτιοῦν
716 1137 1001 1208 γενόμενον
1029 1137 1160 1201 Θεὸς
1190 1136 1268 1208 τῷ
1308 1137 1418 1190 όντι
1451 1139 1551 1191 οὑκ
1577 1138 1743 1191 ἔστιν.

155 1226 271 1296 Πρὸ
302 1226 525 1280 πάντων
543 1224 637 1281 οὖν
664 1228 979 1300 ἐννοηθῆναι
1000 1229 1239 1298 ὀφείλετε
1270 1229 1368 1300 τὴν
1400 1229 1495 1282 τοῦ
1528 1232 1586 1283 ἐν
1616 1231 1743 1301 ὑμῖν

154 1318 480 1383 ἀπατῶντος
509 1320 685 1389 ὄφεως
727 1320 1032 1393 κακοῦργον
1069 1322 1332 1386 ἐπίνοιαν,
1374 1321 1433 1383 ὃς
1466 1321 1744 1392 φρονίμως

155 1410 303 1481 ὑμᾶς
334 1413 522 1483 ἀπατᾷ
570 1413 859 1483 ὑποσχέσει
907 1413 1210 1485 κρείττονος
1240 1412 1523 1484 λογισμοῦ,
1559 1415 1743 1484 ἕρπων

152 1503 312 1573 ὑμῶν
336 1506 403 1557 ἐκ
430 1505 524 1558 τοῦ
551 1507 850 1576 ἐγκεφάλου
882 1508 961 1571 είς
990 1507 1082 1560 τὸν
1115 1512 1359 1560 νωτιαῖον
1399 1506 1591 1576 μυελὸν
1627 1505 1738 1577 (26)

152 1598 247 1651 καὶ
276 1598 423 1668 μέγα
457 1599 647 1671 κέρδος
673 1599 970 1671 ἡγούμενος
1000 1599 1099 1671 τὴν
1129 1600 1397 1671 ὑμετέραν
1428 1600 1662 1669 ἀπάτην.

218 1688 317 1743 XI.
357 1691 532 1755 Εἰδὼς
559 1692 603 1723 ³⁸
632 1691 739 1763 γὰρ
764 1691 853 1744 τὸν
875 1692 1131 1764 ἀπαρχῆς
1151 1692 1334 1761 νόμον,
1363 1692 1442 1743 ὅτι
1465 1691 1558 1745 ἐὰν
1592 1693 1736 1763 ὑμᾶς

148 1780 229 1843 είς
262 1782 520 1835 ὑπόνοιαν
546 1783 652 1835 τῶν
691 1784 735 1815 ⁶⁹
766 1783 963 1855 δήποτε
1000 1783 1305 1854 λεγομένων
1345 1782 1482 1835 θεῶν
1512 1782 1729 1855 ἐνέγκῃ,

1851 671 2107 727 randum.
2151 671 2211 726 ln
2251 674 2356 729 hoc
2402 675 2601 745 quippe
2636 684 2692 730 et
2732 676 2849 745 ipsa
2881 678 3138 747 gaudent,
3172 695 3298 734 cum
3326 680 3423 735 bo-

1852 777 2038 819 norem
2065 766 2328 822 creatoris
2359 783 2519 822 nemo
2541 768 2675 838 ipsis
2706 770 2973 824 attribuit.

1922 854 1990 909 Χ.
2031 856 2111 911 Ad
2139 858 2316 928 ipsum
2339 859 2483 913 enim
2521 860 2697 915 solum
2728 861 2962 930 pertinet
2984 863 3186 918 eximia
3223 865 3419 934 gloria,

1851 947 1945 1016 qui
1996 948 2149 1004 solus
2192 950 2467 1006 increatus
2508 960 2611 1015 est,
2665 952 2925 1022 quoniam
2975 954 3186 1023 reliqua
3235 958 3421 1011 omnia

1850 1047 2116 1094 creatura:
2155 1051 2302 1097 sunt.
2343 1042 2495 1098 Sicut
2545 1059 2674 1113 ergo
2718 1044 2947 1099 increati
2988 1048 3268 1117 proprium
3313 1062 3418 1115 est,

1847 1128 2017 1184 Deum
2049 1147 2189 1197 esse,
2245 1133 2319 1186 ita
2362 1133 2627 1204 quidquid
2673 1146 2916 1189 creatum
2962 1146 3065 1203 est,
3108 1137 3253 1194 Deus
3295 1155 3422 1195 vere

1845 1236 1955 1276 non
2003 1232 2103 1279 est.
2149 1225 2289 1280 Ante
2331 1228 2515 1281 omnia
2540 1243 2668 1296 ergo
2698 1227 2995 1299 intelligere
3018 1230 3234 1286 ‘debetis
3258 1231 3420 1286 mali-

1846 1331 2010 1385 gnum
2041 1332 2140 1372 vos
2169 1317 2318 1373 intus
2352 1319 2673 1389 decipientis
2710 1321 2972 1376 daemonis
3022 1335 3414 1393 commentum,

1844 1409 1938 1478 qui
1960 1410 2131 1478 perite
2160 1411 2373 1466 seducit
2401 1426 2498 1466 vos
2530 1412 2897 1480 promissione
2924 1416 3123 1469 mentis
3151 1417 3416 1483 melioris,

1844 1500 2119 1570 serpitque
2161 1516 2192 1556 e
2234 1502 2460 1557 cerebro
2491 1511 2673 1557 vestro
2712 1502 2768 1556 in
2815 1504 2965 1558 dorsi
3005 1506 3319 1574 medullam,
3362 1517 3419 1563 et

1842 1592 2057 1646 lucrum
2089 1609 2347 1664 magnum
2377 1602 2656 1663 computat
2685 1595 3058 1665 deceptionem
3084 1607 3339 1652 vestram.

1842 1688 1878 1743 ἶ·
1913 1687 2004 1741 XI.
2048 1687 2162 1743 Scit
2214 1689 2360 1742 enim
2403 1690 2636 1757 primam
2679 1691 2873 1762 legem,
2921 1693 3088 1761 quod,
3139 1693 3185 1747 si
3231 1708 3331 1748 vos
3359 1696 3415 1748 in

1841 1780 2153 1849 Opinionem
2183 1782 2523 1851 vulgatorum
2565 1784 2792 1838 deorum
2832 1785 3078 1852 inducat,
3116 1787 3415 1842 solummo-

152 1873 315 1943 μόνον
334 1874 423 1927 ἵνα
458 1876 539 1938 είς
563 1876 624 1928 τὸ
653 1876 753 1947 τῆς
783 1848 1083 1948 μοναρχίας
1112 1848 1314 1943 ἀγαθὸν
1348 1848 1629 1946 ἁμάρτητέ
1667 1848 1725 1941 ἧς

1838 1871 1907 1925 do
1951 1882 2010 1926 ut
2042 1881 2231 1926 contra
2275 1875 2606 1928 monarchize
2642 1875 2847 1929 bonum
2878 1879 3114 1946 peccetis
3146 1922 3159 1946 ,
3194 1878 3409 1933 lucrum

147 1966 341 2036 κέρδος
383 1968 532 2038 αὑτῷ
573 1968 779 2036 γίνεται
813 1970 845 2039 ἡ
882 1969 1034 2039 ὑμῶν
1076 1969 1447 2039 καταστροφή.
1491 1967 1648 2039 Λόγῳ
1680 1967 1737 2021 δὲ

144 2060 324 2128 τούτῳ
355 2060 439 2112 ὃτι
463 2061 566 2131 γῆν
595 2060 750 2131 ἤσθιε
783 2060 1215 2123 καταδικασθεὶς,
1238 2061 1328 2113 τὸν
1359 2060 1425 2113 δι’
1458 2060 1733 2131 ἁμαρτίαν

146 2151 225 2211 είς
244 2150 353 2219 γῆν
369 2150 619 2216 λυθέντα,
642 2154 744 2223 γῆν
766 2152 1071 2223 γενόμενον,
1105 2150 1301 2205 ἐσθίειν
1332 2150 1442 2222 ἔχει
1464 2150 1730 2217 ἐξουσίαν,

140 2242 253 2294 τῶν
285 2243 475 2313 ψυχῶν
530 2245 681 2315 ὑμῶν
722 2246 802 2308 εἰς
840 2244 938 2316 τὴν
970 2244 1062 2297 τοῦ
1098 2245 1270 2315 πυρὸς
1301 2243 1466 2297 αὐτοῦ
1487 2244 1732 2314 γαστέρα

139 2337 460 2406 χωρουσῶν.
502 2339 621 2391 Ἵνα
650 2333 742 2391 οὖν
772 2338 944 2392 ταῦτα
976 2337 1204 2409 πάθητε,
1241 2339 1420 2391 πᾶσαν
1469 2336 1565 2408 τὴν
1605 2336 1730 2390 καθ’

142 2428 301 2497 ὑμῶν
324 2429 454 2500 ὑμῖν
488 2429 778 2484 ὑποϐάλλει
814 2431 1008 2500 οἴησιν.

214 2593 333 2649 XII.
388 2594 507 2648 Ἀπ’
535 2596 580 2627 ⁷¹
614 2597 779 2650 αὐτοῦ
808 2596 916 2669 γὰρ
949 2598 1117 2650 πᾶσαι
1151 2597 1207 2649 αἱ
1235 2596 1376 2649 κατά
1407 2597 1504 2667 τῆς
1538 2615 1731 2670 μοναρ-

134 2682 268 2757 χίας
298 2690 569 2759 ἀπατηλοὶ
609 2690 688 2760 τῷ
724 2690 799 2761 νῷ
831 2689 984 2759 ὑμῶν
1023 2692 1113 2742 ἐπὶ
1146 2689 1317 2760 βλάϐῃ
1357 2690 1727 2762 ἐνσπείρονται

134 2779 462 2850 ὑπολήψεις.
504 2781 726 2852 Πρῶτον
773 2781 868 2852 μὲν
901 2782 987 2835 ἵνα
1033 2781 1106 2852 μὴ
1152 2782 1277 2844 τοὺς
1313 2782 1358 2812 ⁷⁸
1408 2780 1510 2850 τῆς
1556 2781 1727 2834 θεοσε-

133 2871 293 2934 ϐείας
324 2870 655 2935 ἀκούσαντες
682 2872 869 2940 λόγους
888 2872 988 2943 τὴν
1018 2874 1125 2925 τῶν
1148 2873 1333 2926 κακῶν
1378 2874 1557 2927 αἰτίαν
1587 2876 1724 2928 ἀπε-

131 2965 345 3034 λάσητε
380 2964 627 3031 ἄγνοιαν,
664 2965 827 3034 220
853 2966 1121 3036 προφάσει
1151 2963 1403 3033 γνώσεως
1436 2966 1722 3036 ἐνεδρεύει,

130 3058 263 3121 δοὺς
306 3058 376 3111 τὰ
421 3058 519 3126 μὲν
556 3058 603 3089 ’⁷³
634 3057 827 3129 πρῶτα
861 3058 963 3129 μιᾷ
1000 3060 1061 3128 τῇ
1100 3056 1240 3110 κατὰ
1273 3058 1488 3111 πάντων
1520 3058 1725 3130 προλή-

129 3150 225 3219 ψει
258 3149 561 3221 χρώμενος,
601 3150 635 3219 ἥ
667 3167 750 3213 τις
782 3151 897 3202 ἐστὶ
940 3149 999 3202 τὸ
1037 3147 1274 3220 νομίζειν
1306 3150 1400 3203 καὶ
1451 3151 1498 3181 τι
1541 3151 1725 3217 κακῶς

132 3242 525 3311 βεϐουλεῦσθαι
559 3242 627 3305 ⁷⁵,
662 3244 742 3296 ὅτι
774 3242 865 3295 ἐὰν
906 3243 978 3313 μή
1005 3259 1089 3305 τις
1120 3242 1328 3315 ἀκούσῃ
1350 3242 1444 3295 τοῦ
1469 3243 1570 3313 τῆς
1603 3244 1720 3298 θεο-

130 3334 353 3397 σεϐείας
384 3333 565 3401 λόγου,
611 3335 711 3386 οὐκ
752 3333 895 3387 ἔστιν
929 3334 1111 3403 ἔνοχος
1140 3338 1207 3405 τῇ
1242 3334 1440 3406 κρίσει.
1492 3335 1583 3406 Διὸ
1626 3339 1719 3391 καὶ

127 3424 310 3490 οὕτως
365 3426 715 3497 ἀπατώμενοι
762 3444 905 3489 τινες
946 3425 1162 3479 ἀκούειν
1216 3427 1276 3479 οὑ
1324 3404 1586 3492 θέλουσιῗι,
1628 3428 1717 3483 ἵνα

130 3519 426 3587 ἀγνοῶσιν,
452 3520 553 3571 οὐκ
574 3519 772 3581 εἰδότες
790 3519 918 3589 ὁτιή
944 3518 1134 3586 ἄγνοια
1154 3517 1292 3589 αὑτὴ
1319 3518 1443 3572 καθ’
1466 3519 1635 3590 αὐτὴν
1668 3519 1715 3551 ⁷⁸

134 3612 317 3665 ἰκανὸν
372 3611 670 3683 θανάσιμόν
704 3613 817 3664 ἐστι
865 3610 1175 3681 φάρμακον.
1232 3612 1306 3663 Οὐ
1366 3610 1495 3682 γὰρ,
1532 3611 1586 3663 εἴ
1631 3628 1716 3675 τις

131 3703 430 3775 προσλάϐοι
474 3702 769 3774 θανασίμου
817 3703 1105 3774 φαρμάκου
1154 3700 1385 3770 ἀγνοῶν,
1436 3703 1536 3755 οὐκ
1581 3703 1718 3755 ἀπο-

132 3796 379 3868 θνήσκει.
415 3796 601 3860 Οὕτως
634 3796 875 3867 φυσικῶς
909 3798 963 3848 αἱ
1001 3794 1266 3866 ἁμαρτίαι
1298 3792 1580 3865 ἀναιροῦσι
1626 3794 1718 3847 τὸν

130 3891 539 3962 ἁμαρτάνοντα,
574 3889 676 3943 κᾶν
695 3886 901 3957 ἀγνοῶν
935 3887 1154 3959 πράσσῃ
1185 3886 1229 3918 ⁷⁷
1266 3884 1301 3938 ἃ
1336 3885 1410 3955 μὴ
1441 3884 1537 3937 δεῖ.

198 3983 342 4037 XIII.
385 3984 451 4036 Εἰ
493 3983 551 4035 δὲ
602 3983 695 4035 ἐπὶ
739 3983 990 4053 παρακοῇ
1048 3979 1220 4047 λόγων
1263 3978 1447 4049 κρίσις
1482 3979 1711 4046 γίνεται,

132 4079 311 4148 πολλῷ
350 4077 548 4148 μᾶλλον
582 4076 610 4127 ὁ
638 4075 767 4138 Θεὸς
798 4073 1104 4145 ὀλοθρεύσει
1133 4073 1261 4134 τοὺς
1283 4069 1356 4141 μὴ
1382 4068 1722 4140 θελήσαντας

130 4170 224 4241 τὴν
253 4173 337 4233 εἰς
359 4170 520 4223 αὑτὸν
550 4168 842 4239 θρησκείαν
871 4164 1246 4228 ἀναδέξασθαι.
1296 4164 1353 4215 Ὁ
1384 4162 1490 4234 γὰρ
1521 4164 1595 4233 μὴ
1626 4162 1714 4216 θέ-

132 4262 235 4315 λων
261 4262 454 4333 μαθεῖν
486 4262 575 4314 ἵνα
608 4260 680 4331 μὴ
720 4260 901 4329 ἔνοχος
924 4255 981 4331 ᾖ,
1013 4258 1113 4329 ἢδη
1148 4257 1223 4319 ὼς
1265 4254 1418 4318 εἰδὼς
1448 4257 1709 4327 κρίνεται.

136 4356 316 4422 Ἔγνω
348 4354 457 4424 γάρ
501 4353 528 4404 ὃ
577 4352 649 4423 μὴ
686 4351 912 4404 ἀκοῦσαι
942 4350 1101 4402 θέλειι
1140 4348 1279 4429 ἰῖρτε
1312 4347 1459 4400 οὐδὲν
1492 4347 1712 4400 δύναται

1836 1964 1940 2033 ipsi
1971 1965 2064 2018 tlat
2092 1975 2273 2019 vestra
2312 1966 2619 2020 subversio.
2664 1965 2778 2020 Hac
2819 1982 2948 2024 vero
2990 1970 3225 2035 ratione,
3261 1972 3413 2039 quod

1835 2065 2035 2111 terram
2069 2057 2228 2112 edere
2263 2057 2659 2112 condemnatus
2696 2056 2882 2126 fuerit,
2921 2075 3045 2115 eum
3076 2062 3170 2130 qui
3202 2062 3411 2132 peccati

1834 2165 2002 2205 causa
2034 2150 2089 2203 in
2118 2155 2322 2203 terram
2356 2149 2631 2204 resolutus
2673 2158 2755 2203 est
2778 2191 2793 2215 ,
2828 2158 3032 2204 terram
3060 2150 3265 2205 factum
3306 2167 3407 2222 po—

1837 2248 2084 2294 testatem
2127 2239 2291 2293 habet
2337 2238 2724 2305 manducandi,
2765 2240 3053 2296 animabus
3101 2242 3304 2298 vestris
3349 2244 3409 2297 in

1833 2330 2052 2400 igneum
2108 2328 2257 2383 illius
2310 2336 2554 2383 ventrem
2598 2328 2947 2383 abeuntibus.
2995 2328 3066 2384 Ut
3112 2345 3243 2401 ergo
3300 2331 3407 2386 ista

1832 2421 2234 2490 perpetiamini,
2285 2435 2502 2475 omnem
2552 2420 2706 2475 vobis
2769 2422 3100 2475 contrariam
3165 2423 3405 2493 suggerit

1830 2513 2160 2582 opinionem.

1898 2603 2013 2658 XII.
2054 2604 2137 2659 Ab
2161 2605 2280 2674 ipso
2308 2603 2453 2657 enim
2490 2610 2700 2658 cuncta:
2729 2619 2850 2672 quae
2881 2612 3074 2658 contra
3105 2602 3202 2659 Dei
3232 2619 3400 2660 mon-

1827 2696 2070 2750 archiam
2108 2704 2256 2761 sunt,
2305 2696 2587 2751 sententiae
2622 2693 2847 2750 fallaces
2896 2695 3201 2763 perniciose
3257 2697 3402 2751 insc-

1828 2798 2026 2843 runtur
2075 2788 2244 2842 menti
2289 2797 2502 2842 vestrae.
2559 2787 2747 2841 Primo
2797 2788 3039 2857 quidem,
3072 2802 3141 2841 ne
3184 2787 3400 2857 pietatis

1829 2881 1990 2935 verba
2016 2880 2300 2935 audientes
2335 2880 2609 2934 malorum
2646 2894 2870 2935 causam
2910 2880 3274 2949 ignorantiam
3305 2898 3404 2937 cx~

1828 2974 2061 3044 pellatis,
2094 2974 2322 3029 insidias
2364 2983 2625 3044 pmtextu
2667 2974 2991 3043 cognitionis
3021 2976 3186 3030 struit
3225 2995 3238 3029 :
3267 2993 3401 3048 sug-

1828 3080 2020 3134 gerens
2069 3064 2308 3133 primum
2353 3073 2408 3117 et
2452 3078 2563 3117 una
2613 3063 2668 3116 in
2714 3078 2906 3118 omnes
2946 3072 3106 3119 utens
3134 3080 3401 3134 praesum-

1744 3189 1794 3248 ,Ο
1828 3154 2031 3223 ptione,
2056 3170 2179 3224 qua:
2209 3162 2291 3208 est
2314 3162 2394 3219 ut,
2431 3154 2575 3207 man
2606 3161 2831 3222 accepto
2873 3154 3125 3220 consilio,
3158 3164 3398 3224 putetur,

1827 3241 1974 3310 quod
2025 3242 2071 3296 si
2126 3242 2251 3312 quis
2296 3258 2403 3296 non
2442 3242 2677 3297 audierit
2706 3258 2847 3297 vera:
2875 3244 3156 3314 religionis
3191 3261 3399 3301 sermo-

1826 3351 1972 3401 nem,
2022 3350 2130 3389 non
2171 3334 2242 3388 sit
2286 3350 2414 3389 reus
2440 3334 2667 3404 judicio.
2715 3333 2898 3399 Quare
2936 3336 3011 3388 ita
3042 3336 3251 3406 decepti
3274 3339 3392 3408 qui-

1825 3430 1951 3483 dam
1990 3430 2182 3483 nolunt
2214 3429 2424 3493 audire,
2462 3438 2522 3482 ut
2557 3429 2851 3498 ignorent:
2887 3430 3195 3485 nescientes
3240 3432 3393 3502 igno-

1823 3520 2056 3573 rantiam
2110 3519 2283 3589 ipsam
2336 3533 2433 3588 per
2477 3534 2536 3573 se
2592 3533 2715 3574 esse
2742 3518 2985 3573 validum
3016 3533 3287 3574 venenum
3328 3536 3394 3576 ac

1822 3612 2038 3666 lethale.
2084 3610 2219 3666 Nam
2266 3611 2313 3667 si
2361 3612 2486 3680 quis
2530 3609 2868 3666 mortiferum
2901 3612 3255 3681 pharmacum
3295 3628 3393 3683 per

1820 3704 2181 3774 ignorantiam
2211 3713 2411 3769 sumat,
2443 3718 2550 3757 non
2576 3704 2697 3759 ideo
2723 3721 2830 3759 non
2855 3706 3107 3759 moritur.
3144 3703 3236 3761 Sic
3264 3722 3394 3776 pee-

1818 3805 1940 3850 cata
1992 3796 2312 3849 naturaliter
2349 3794 2675 3849 interimunt
2719 3804 3059 3865 peccatorem
3084 3838 3101 3864 ,
3156 3797 3279 3853 licet
3321 3816 3391 3857 ex

1817 3888 2157 3959 ignoratione
2182 3885 2343 3941 faciat
2365 3901 2487 3955 qua:
2513 3900 2620 3940 non
2644 3895 2876 3955 oportet.

1888 3976 2024 4030 XIII.
2069 3976 2123 4031 Si
2150 3985 2331 4030 autem
2359 3977 2425 4032 de
2446 3991 2512 4030 eo
2543 3977 2649 4031 erit
2678 3977 2967 4047 judicium,
3011 3982 3155 4051 quod
3186 3997 3295 4037 non
3318 3983 3389 4038 sit

1820 4071 2099 4126 obeditum
2142 4069 2403 4135 sermoni,
2445 4070 2618 4123 multo
2661 4071 2835 4140 magis
2865 4070 3010 4128 Deus
3037 4088 3131 4130 eos
3169 4074 3385 4144 perdet,

1818 4164 1911 4233 qui
1940 4161 2214 4217 noluerint
2241 4161 2361 4229 ejus
2409 4161 2727 4230 religionem
2768 4162 3065 4233 suscipere.
3111 4163 3249 4218 Nam
3289 4166 3385 4231 qui

1818 4259 1993 4313 noluit
2017 4258 2245 4322 discere,
2288 4269 2355 4309 ne
2390 4264 2536 4310 esset
2578 4271 2727 4323 reus,
2756 4258 2869 4324 jam
2908 4266 2969 4311 ut
2997 4258 3205 4325 peritus
3237 4259 3387 4327 judi—

1817 4358 1990 4403 catur.
2023 4346 2255 4418 Agnovit
2298 4346 2442 4399 enim
2492 4346 2639 4415 quod
2682 4348 2859 4401 noluit
2908 4348 3115 4414 audire,
3161 4349 3295 4404 adeo
3324 4362 3384 4403 ut

131 4448 267 4519 πρὸς
316 4446 612 4514 ἀπολογίαν
673 4443 880 4496 ἐπίνοια
947 4442 1013 4513 ’⁷⁸⁵
1065 4440 1200 4510 πρὸς
1268 4438 1708 4507 καρδιογνώστην

1838 4439 1958 4493 stud
1996 4447 2364 4492 commentum
2408 4435 2715 4491 nullatenus
2752 4437 2819 4490 ad
2850 4437 3256 4492 excusationem
3288 4452 3382 4491 va-

1382 4577 1613 4634 VARIZE
1668 4576 2069 4633 LECTIONES.

201 4684 245 4714 ε’
281 4684 365 4735 ὅτι
389 4684 451 4734 Ο.

228 4750 788 4807 ηιιιιοιὶοθ¹οοιιαιτθι.
838 4738 904 4799 ’8.
955 4743 1093 4797 Tum
1152 4743 1243 4795 ἀπ’
1302 4742 1476 4863 ἀρχῖγς
1537 4743 1599 4792 0.
1676 4739 1820 4794 Idem
1888 4755 2054 4809 praep.
2116 4743 2196 4802 εἰς
2254 4740 2339 4793 bis
2388 4738 2626 4791 exhibet.
2727 4738 2770 4768 ⁸³
2802 4738 2910 4789 τῶν
2968 4738 3023 4790 S.
3087 4738 3161 4791 ὧν
3183 4739 3239 4804 C,

228 4838 269 4863 m
333 4824 529 4863 ἐνὲνγῇ
598 4819 772 4863 udum-
824 4817 910 4863 ἵνα
969 4814 1007 4863 S
1036 4854 1050 4863 .
1097 4813 1245 4863 nuod
1294 4812 1351 4863 in
1412 4836 1428 4863 ι
1461 4812 1633 4863 dnott.
1671 4827 1749 4863 cr.
1780 4811 2063 4863 emendari
2107 4814 2222 4863 vult
2256 4810 2311 4863 in
2342 4808 2557 4863 ἐνέγκη.
2607 4807 2764 4863 μόνον
2803 4808 2911 4860 ἵνα.
2954 4808 3119 4863 Ataui
3160 4809 3275 4863 itai

1412 4808 1633 4865 Adnott.
1671 4827 1749 4865 cr.
1780 4808 2063 4864 emendari
2107 4814 2222 4863 vult
2256 4810 2311 4863 in
2342 4808 2557 4878 ἐνέγκῃ,
2607 4808 2764 4878 μόνον
2803 4808 2911 4860 ἵνα.
2954 4808 3119 4877 Atqui
3160 4809 3234 4862 ita
3258 4809 3374 4878 jam

180 4838 270 4878 um
333 4824 535 4894 ἐνέγκῃ
597 4817 910 4894 μόνονλίνα
934 4814 1050 4894 ηδ’,
1097 4813 1245 4882 quod
1294 4812 1351 4893 in

132 4879 483 4948 edideruntC
507 4879 687 4944 "et'Cl.
752 4886 900 4963 "illa
930 4884 970 4939 C
1018 4885 1074 4963 in
1106 4879 1302 4963 marg.)
1339 4881 1558 4963 ἀμάρτη
1590 4883 1655 4963 in_
1692 4890 1865 4963 testu,
1894 4890 1955 4933 ut
2094 4879 2239 4963 Tum
2283 4898 2318 4963 γ

560 4678 603 4709 ⁸⁸
634 4672 1164 4744 Ριιιιῑὶοἱρὶιιιιιείδώς
1210 4680 1358 4744 arcte
1415 4672 1847 4744 connectendum
1900 4680 1984 4723 cst
2037 4685 2160 4744 cum
2222 4667 2598 4744 enuntiatione
2668 4668 3027 4744 antecedenti,
3091 4683 3221 4744 gum
3267 4684 3376 4744 qua

2727 4738 2770 4768 ⁸³
2802 4737 2910 4789 τῶν
2968 4732 3023 4790 S.
3087 4732 3161 4791 ὧν
3183 4739 3239 4804 C,
3282 4732 3373 4794 Ὀ.

2324 4868 2687 4948 ίνηται’ί.],’0.
2774 4878 2819 4908 '”
2860 4878 2979 4929 Ἀπ’
3022 4868 3090 4932 ἐι
3134 4868 3369 4948 ροηὶἒοῐ.

133 4964 213 5028 Ci,
261 4965 417 5017 deest
444 4964 497 5015 in
531 4968 761 5028 utroque
784 4956 943 5029 Hom.
981 4954 1097 5008 cod.
1177 4948 1571 5029 "Scripsi'i'vo't
1600 4950 1671 5021 μὴ
1690 4950 1973 5013 1:06;,duce
1999 4952 2137 5029 libro
2157 4949 2361 5029 Ottob.,
2384 4950 2568 5029 iniquo
2595 4948 2868 5029 habesni'vg
2884 4948 3008 5010 τοὺς
3032 4948 3207 5029 μὴηκ.
3229 4949 3370 5029 τ.λ.,

134 5016 218 5087 ἑνεὶ
248 5016 379 5095 τούς
411 5032 469 5086 C.
502 5029 606 5096 Qui
634 5016 756 5083 cum
790 5028 866 5097 μή
894 5026 1082 5097 deesse
1111 5032 1256 5097 recte
1275 5016 1719 5097 monuisset,'non
1746 5030 2093 5097 exspectares
2120 5021 2242 5073 lect.
2263 5017 2565 5097 phfoégnin
2597 5019 2729 5097 edit.
2759 5016 3006 5097 Scbweg.
3035 5016 3369 5097 evulgatam.

132 5092 546 5157 "Fortiscrib:
566 5092 834 5177 γνεξισεωξ
855 5092 1125 5177 ἐνεδΑοεύΞι
1145 5093 1338 5177 άλλης,
1378 5092 1445 5177 snit
1497 5110 1535 5177 μ

131 5176 177 5205 ’⁸
204 5174 297 5227 καί
329 5174 453 5226 add.
482 5171 539 5225 S.

1538 5093 1614 5156 ὲν,
1642 5089 1806 5143 κ.τ.λ.
1841 5087 1921 5143 CI.
1958 5090 2186 5159 Recogn.
2225 5087 2277 5154 ν,
2327 5087 2435 5159 18)
2477 5088 2761 5159 ()ccqsione
2782 5087 3026 5159 _allerius
3071 5087 3329 5159 spientim.

618 5142 839 5221 5n?
858 5142 1614 5234 ’έἷὲ’,ἐξεϐὸυιὲῖιὲσοάίοζ’
1648 5142 1695 5234 ’ίὲ
1723 5142 2122 5234 maeandro“.
2199 5142 2245 5192 ⁷⁷
2265 5142 2349 5234 vlta
2499 5157 2752 5234 c.‘Joan_.
2782 5155 3034 5234 Damasc.
3067 5157 3217 5234 (diss.
3242 5172 3364 5234 cap.

130 5226 895 5317 Hspl__ptscpc£6tby),_quiboc
919 5226 1087 5303 caput.
1105 5243 1171 5317 et
1190 5248 1421 5317 sequens
1456 5232 1726 5317 excerpsit
1760 5247 1772 5282 :
1804 5226 2205 5317 καὶ-πράσσει
2232 5231 2350 5285 cod.
2383 5226 2540 5281 Hom.
2567 5228 2826 5287 Parisin..
2854 5228 2947 5280 καὶ
2967 5227 3174 5296 ἀγνοῶν
3192 5228 3369 5299 πράσ-

136 5302 215 5367 σεί
246 5302 313 5369 (Ϊ.
388 5302 435 5345 ⁷⁸
462 5302 746 5367 (Ζαλίὶἀὶιᾶε
775 5302 1000 5377 Recogn.
1024 5321 1078 5371 γ,
1108 5306 1193 5359 18.
1225 5303 1374 5357 Fort.
1403 5303 1505 5371 leg.
1540 5302 1786 5372 ἀγχίνοια
1833 5302 1889 5354 S.

1431 5434 1795 5491 VAIIIORUM
1826 5433 2033 5487 NOTAE
2047 5472 2062 5487 .

200 5541 327 5613 (26),
358 5537 902 5613 Ἕρπωνλύμῶνῄἑκ
946 5538 1052 5593 τοῦ
1092 5535 1424 5607 ἐγκεφάλου
1444 5538 1548 5613 ἐἰς
1588 5535 1696 5589 τὸν

134 5607 406 5666 νωτιαῑον
432 5610 678 5678 μυελόν.
712 5608 941 5663 Ruﬁnus
988 5624 1054 5663 ex
1103 5624 1264 5663 sensu
1316 5607 1487 5675 magis
1527 5622 1691 5678 quain

133 5685 196 5737 ad
240 5674 467 5736 verbum
496 5698 508 5732 :
542 5679 716 5744 Serpit
755 5695 847 5747 per
893 5694 1074 5732 sensus
1131 5688 1363 5739 vestros;
1414 5674 1690 5747 atqueat:

132 5753 242 5820 ipso
266 5744 763 5820 verticejncipiens,
788 5765 879 5820 per
905 5750 1177 5802 interiores
1201 5747 1465 5820 dilabitur
1486 5744 1690 5820 ῃιθάιιιτ

1801 5534 1975 5597 aiunt,
2007 5548 2074 5586 ex
2100 5533 2469 5586 humanorum
2498 5531 2823 5587 cadaverum
2848 5532 3082 5587 medulla
3107 5537 3361 5597 corrupta

1797 5613 2074 5672 serpentes
2096 5604 2286 5657 nasci?
2315 5619 2423 5679 qua
2450 5604 2606 5679 de_re_
2631 5602 3044 5679 Plutarchusjn
3071 5600 3365 5679 Cleom-ene

1794 5671 2041 5727 extremo
2072 5690 2084 5725 :
2119 5688 2214 5727 seu
2249 5674 2430 5741 potius
2473 5672 2541 5725 ad
2594 5673 2648 5725 id.
2678 5673 2824 5741 quod
2861 5673 2915 5725 in
2948 5671 3128 5725 Plinio
3166 5671 3364 5738 legitur

1793 5743 1888 5797 lib.
1931 5758 1983 5807 x,
2016 5758 2152 5814 ‘cap.
2187 5743 2276 5814 66,
2315 5758 2536 5813 anguem
2570 5758 2633 5798 ex
2676 5741 2909 5797 medulla
2946 5741 3171 5797 hominis
3197 5741 3365 5810 spina!

133 5811 208 5879 Cas
232 5864 251 5894 ,
290 5812 561 5892 Recognit.
599 5811 664 5887 'v,
690 5811 796 5886 .17.
840 5817 981 5883 Quid
1008 5820 1053 5873 si
1084 5820 1316 5875 allusum
1354 5816 1422 5874 ad
1452 5817 1509 5873 id
1540 5814 1688 5887 quod
1788 5814 1980 5884 gigni?
2005 5811 2144 5869 Cor.

449 5914 722 5975 PATROL.
761 5912 878 5975 Gn.
925 5912 1005 5973 II.

3048 5904 3087 5963 9
