3894 6208
497 339 609 393 θϐἳ

1333 335 1389 393 S.
1432 332 1817 391 CLEMENTIS
1854 329 2056 386 IROM.
2089 325 2287 383 PONT.
2326 318 2817 385 OPERA‘DUBIA;

3656 322 3779 386 ἐδδ

511 457 620 512 leat
652 453 791 523 apud
819 452 996 508 cordis
1026 450 1359 523 cognitorem
1385 451 1577 506 Deum.
1612 450 1883 536 Quocirca
1914 448 2082 536 fugite

2190 442 2335 497 Θεόν.
2370 445 2460 525 Aha;
2489 444 2715 513 φεύγετε
2738 443 2832 497 τοῦ
2860 445 3161 519 ὑφεως’τὴν
3191 447 3497 520 πανοῦργον
3535 450 3781 505 ὑποϐαλ-

513 548 722 602 vafram
757 546 1161 614 cogitationem,
1195 552 1387 598 vestrae
1408 543 1575 598 menti
1614 559 1643 596 a
1671 526 1920 613 serpente
1942 526 2076 610 iugi

512 651 744 711 gestam.
794 637 862 692 Ut
892 652 1033 706 ‘vcro
1078 638 1275 707 aliquis
1326 653 1451 691 vere
1500 640 1723 710 ignarus
1761 645 2080 706 prasentem

512 740 678 793 vitam
708 737 928 802 ﬁnierit,
956 737 1111 804 culpa
1151 751 1257 789 non
1293 737 1516 801 carebit,
1547 737 1692 807 quod
1729 736 1781 789 in
1820 745 1934 790 toto
1961 736 2084 788 vita:

509 841 756 899 tempore
807 845 913 882 non
965 828 1247 898 agnoverit
1281 828 1668 882 beneﬁciorqu
1720 829 2081 895 ciborumque

510 923 847 991 .argitorem,
879 928 951 983 et,
994 918 1140 973 velut
1173 933 1339 973 sensu
1369 932 1584 983 carens,
1628 918 1969 985 multumque
2001 915 2083 968 in-

510 1024 720 1084 gratus,
753 1012 1009 1082 indignus
1035 1026 1227 1067 servus
1247 1026 1277 1064 e
1314 1026 1480 1081 regno
1510 1010 1602 1064 Dei
1642 1010 1937 1080 rejicietur.

584 1177 723 1233 XIV.
770 1177 1002 1248 Subjicit
1030 1179 1227 1233 iterum
1269 1178 1424 1234 vobis
1454 1175 1827 1247 nequissimus
1860 1192 2083 1245 serpens

513 1269 1010 1335 existimationem,
1044 1278 1105 1323 ut
1140 1270 1247 1324 hoc
1290 1269 1543 1339 cogitetis
1596 1284 1659 1322 ac
1700 1269 1925 1335 dicatis,
1980 1268 2085 1322 hoc

514 1363 691 1433 ipsum
713 1362 857 1432 quod
878 1363 1123 1432 plerique
1141 1370 1382 1417 vestrum
1404 1363 1623 1417 dicunt:
1651 1362 1865 1417 Scimus
1887 1371 1938 1416 et
1963 1378 2082 1427 nos,

514 1472 685 1510 unum
719 1470 841 1510 esse
870 1455 1117 1509 omnium
1148 1454 1463 1520 Dominum,
1500 1454 1593 1508 sed
1621 1463 1675 1509 et
1702 1454 1791 1508 isti
1821 1454 1896 1507 dii
1934 1464 2081 1507 sunt.

516 1548 672 1603 Sicut
716 1548 861 1601 enim
899 1562 1045 1601 unus
1091 1554 1174 1602 est
1200 1546 1419 1609 Caesar,
1450 1546 1612 1600 habet
1653 1555 1832 1601 autem
1883 1546 1985 1600 sub
2028 1560 2085 1600 se

514 1639 905 1703 administros,
934 1639 1289 1704 consulares,
1319 1638 1622 1708 praefectos,
1649 1638 1921 1704 tribunos,
1958 1653 2087 1691 cen-

514 1732 792 1795 turiones,
847 1733 1123 1787 decanos:
1173 1732 1363 1785 eodem
1424 1731 1620 1796 modo,
1656 1746 1777 1785 cum
1830 1746 1971 1784 unus
2017 1731 2087 1785 sit

514 1838 749 1893 magnus
786 1822 950 1888 Deus,
980 1823 1153 1877 instar
1181 1823 1435 1888 Caesaris,
1468 1832 1521 1877 et
1564 1824 1684 1887 isti,
1729 1821 1793 1877 ad
1827 1824 2085 1878 similitu-

514 1917 698 1969 dinem
734 1916 1007 1969 minorum
1056 1922 1389 1985 potestatum
1412 1954 1427 1977 ,
1472 1915 1545 1969 dii
1574 1924 1733 1979 sunt,
1764 1916 1813 1968 ei
1864 1915 2083 1984 quidem

517 2006 768 2076 subjecti,
803 2006 976 2061 nostri
1010 2016 1189 2061 tamen
1223 2007 1635 2075 gubernatores.
1670 2006 1866 2061 Audite
1899 2005 2081 2076 igitur,

515 2100 607 2168 qui
633 2114 698 2153 ex
732 2102 834 2153 hac
862 2098 1211 2168 susceptione
1242 2114 1335 2168 per
1356 2114 1481 2153 eum
1513 2099 1659 2153 velut
1698 2100 1845 2169 gravi
1878 2114 2086 2154 veneno

514 2191 647 2244 estis
677 2189 885 2253 infecti,
918 2206 1143 2259 pravam
1179 2190 1422 2259 intelligo
1451 2190 1599 2244 allati
1632 2191 1867 2260 exempli
1905 2191 2086 2260 suspi—

514 2283 728 2339 cioncm
782 2291 841 2336 ut
880 2282 1083 2337 sciatis
1114 2280 1244 2351 quid
1307 2281 1510 2335 bonum
1555 2289 1609 2335 et
1656 2280 1788 2350 quid
1840 2281 2082 2347 malum;

515 2377 759 2430 nondum
792 2374 937 2429 enim
971 2371 1328 2444 perspexistis
1348 2414 1363 2439 ,
1390 2372 1650 2443 quoniam
1681 2388 1779 2428 nec
1809 2390 1929 2443 qua:
1960 2387 2086 2442 pro-

514 2468 719 2538 pOnitis
750 2466 1075 2535 iutelligitis.

584 2558 703 2614 XV.
739 2559 796 2614 Si
827 2560 971 2615 enim
1010 2559 1216 2623 dicitis,
1251 2559 1397 2630 quod
1434 2560 1501 2614 ad
1532 2560 1941 2615 similitudinem
1965 2559 2086 2615 Cac-
2140 2574 2141 2577 ‘

517 2654 659 2708 saris
690 2652 834 2709 Deus
860 2653 915 2706 in
941 2653 1123 2707 locum
1160 2654 1530 2723 subjectarum
1562 2663 1891 2723 potestatum
1927 2655 2087 2709 habet

516 2761 656 2814 quos
702 2746 903 2815 putatis
939 2744 1092 2809 deos,
1136 2760 1312 2815 neque
1344 2745 1424 2800 sic
1475 2755 1716 2800 vestrum
1772 2749 2062 2817 sequimini

517 2838 849 2905 exemplum.
899 2834 1037 2890 Nam
1084 2836 1129 2891 si
1185 2838 1583 2905 scqueremini,
1634 2839 1685 2892 id
1732 2840 1872 2894 scire
1926 2856 2089 2911 opor-

516 2927 663 2991 tuit,
708 2929 835 2997 quia
887 2928 1029 2983 sicut
1078 2943 1184 2983 non
1238 2928 1365 2983 licet
1420 2944 1619 2984 nomen
1670 2930 1905 2987 Caesaris
1956 2935 2088 2987 dare

519 3019 696 3083 alteri,
720 3019 843 3073 dico
879 3027 1057 3073 autem
1098 3021 1182 3074 vel
1209 3020 1418 3075 consuli
1457 3022 1539 3074 vel
1586 3022 1840 3092 praefecto
1880 3026 1962 3079 vel
1991 3027 2088 3079 tri-

2186 534 2413 605 λομένην
2451 536 2601 607 ὑμῶν
2639 537 2716 607 τῷ
2752 536 2828 621 Vg)
2857 537 3170 609 ὲνθύμησιν.
3218 540 3333 593 Ἵνα
3366 542 3430 613 δὴ
3462 542 3509 574 ’⁸
3544 544 3647 597 καὶ
3696 545 3782 598 ὗν-

2181 645 2288 690 τως
2310 629 2583 700 ἀγνοήσας
2612 647 2697 694 τις
2724 629 2816 683 τὸν
2846 632 3092 702 παρόντα
3126 631 3237 702 βίον
3286 634 3610 708 τελευτήσῃ,
3692 638 3782 707 ἑγ-

2184 718 2366 789 κλημα
2399 721 2528 788 ἕξει,
2566 722 2646 774 ὅτι
2678 722 2878 792 βιώσας
2907 724 3094 795 χρόνον
3120 725 3218 778 οὐκ
3250 726 3388 794 ἔγνω
3420 728 3503 791 τίς
3534 730 3695 801 αὐτῷ
3722 750 3781 785 τε

2183 813 2406 866 καὶτῶν
2441 814 2589 885 αὐτῷ
2635 815 2679 847 ⁸ο
2728 816 3228 887 ὲπιχορηγηθεισῶν
3270 821 3485 890 τροφῶν
3527 822 3780 894 ὑπῆρξεν

2182 905 2491 977 εὐεργέτης,
2523 907 2616 960 καὶ
2654 908 2810 977 221
2858 909 2938 961 ὅτι
2968 908 3010 939 ⁸¹
3046 909 3122 972 ὠς
3170 911 3490 983 ἀναίσθητος
3518 916 3615 968 καὶ
3652 917 3783 985 ἀχά-

2186 1013 2366 1067 ριστος
2398 998 2531 1050 πολὺ
2568 1000 2783 1066 ἀνάξιος
2820 999 3005 1064 δοῦλος
3034 1002 3134 1072 τῆς
3167 1002 3260 1055 τοῦ
3282 1003 3783 1079 Θεοῦρποδοκιμά-

2184 1085 2333 1148 ζεται
2362 1086 2407 1118 ⁸⁸
2439 1086 2735 1156 βασιλείας.

2254 1174 2391 1231 XIV.
2413 1178 2579 1231 Πάλιν
2594 1196 2652 1230 τε
2664 1179 2711 1209 ⁸³
2729 1179 3015 1235 ὑποϐάλλει
3033 1182 3158 1253 ὑμῖν
3174 1185 3201 1236 6
3215 1184 3383 1248 δεινὸς
3413 1186 3539 1257 ὄφις
3570 1188 3784 1262 ὑπόλη-

2183 1266 2296 1335 ψιν,
2330 1270 2487 1322 τοῦτο
2512 1273 2651 1324 νοεῖν
2685 1272 2779 1324 καὶ
2807 1272 2984 1340 λέγειν
3005 1275 3162 1329 τοῦτο
3189 1278 3339 1343 αὐτὸ,
3372 1280 3400 1332 ὂ
3421 1280 3469 1311 ⁸⁸
3497 1282 3697 1351 σχεδὸν
3731 1285 3783 1337 oi

2186 1358 2425 1412 πλεῖστοι
2477 1360 2631 1430 ὑμῶν
2678 1360 2949 1429 λέγουσιν·
2990 1365 3178 1434 Ἰσμεν
3227 1366 3321 1418 καὶ
3367 1370 3532 1437 ἡμεῖς
3573 1371 3662 1423 ὅτι
3701 1368 3782 1432 εἷς

2186 1451 2335 1503 ἐστὶν
2367 1452 2395 1501 ὁ
2430 1452 2647 1505 πάντων
2682 1452 2916 1524 Κύριος,
2967 1454 3102 1507 ἀλλὰ
3147 1457 3239 1508 καὶ
3271 1451 3411 1510 οὗτοι
3457 1458 3569 1511 θεοί
3609 1462 3777 1514 εἰσιν.

2188 1544 2393 1615 ’Όνπερ
2426 1543 2533 1614 γὰρ
2582 1544 2783 1615 τρόπον
2826 1541 2906 1609 εἷς
2951 1547 3098 1599 ἐστὶν
3131 1548 3159 1599 6
3208 1550 3426 1619 Καῖσαρ
3446 1550 3515 1613 ⁸³,
3566 1551 3689 1620 ἔχει
3724 1552 3780 1604 δὲ

2188 1636 2279 1687 ὑπ’
2314 1636 2475 1688 αὐτὸν
2512 1638 2639 1699 τοὺς
2670 1637 2965 1708 διοικητάς,
3003 1640 3322 1703 ὑπατικοὺς,
3358 1643 3660 1714 ἐπάρχους,
3696 1662 3780 1713 χι-

2187 1728 2462 1799 λιάρχους,
2507 1730 2962 1802 ἑκατοντάρχους,
2997 1732 3359 1805 δεκαδάρχους
3381 1736 3447 1800 ⁸⁸,
3482 1738 3575 1789 τὸν
3608 1738 3779 1791 αὐτὸν

2186 1820 2385 1891 τρόπον
2416 1819 2534 1883 ἐνὸς
2562 1821 2713 1884 ὄντος
2727 1822 2819 1875 τοῦ
2853 1823 3085 1893 μεγάλου
3120 1824 3254 1877 Θεοῦ
3281 1825 3468 1899 ὥσπερ
3492 1829 3777 1899 Καίσαρος

2186 1914 2278 1967 καὶ
2311 1906 2458 1967 οὗτοι
2478 1913 2522 1945 ⁸⁷
2560 1914 2701 1968 κατὰ
2731 1916 2821 1968 τὸν
2855 1916 2962 1969 τῶν
2997 1918 3369 1989 ὑποκειμένων
3398 1920 3659 1985 ἐξουσιῶν
3691 1922 3777 1973 λό-

2186 2024 2280 2074 γον
2318 2006 2430 2059 Θεοί
2463 2008 2619 2070 εἰσιν,
2673 2008 3017 2078 ὑποκείμενοι
3057 2010 3155 2081 μὲν
3197 2012 3408 2082 ἐκείνῳ,
3444 2013 3777 2077 διοικοῦντες

2185 2100 2243 2153 δὲ
2273 2103 2439 2171 ἡμᾶς.
2496 2100 2792 2154 Ἀκούσατε
2827 2099 2920 2156 οὖν
2955 2104 3003 2155 οἱ
3037 2102 3207 2175 ταύτῃ
3246 2107 3310 2175 τῇ
3350 2106 3573 2176 ὑπονοίᾳ
3603 2108 3651 2138 ⁸⁸
3700 2109 3777 2171 ὼς

2186 2193 2343 2264 δεινῷ
2375 2193 2795 2264 ἀπολειφθέντες
2833 2193 2896 2264 ίῷ
2928 2196 3018 2248 ὑπ’
3053 2195 3241 2259 αὐτοῦ,
3278 2195 3417 2264 λέγω
3442 2197 3499 2249 δὲ
3532 2197 3628 2250 τοῦ
3672 2215 3779 2249 πα-

2188 2286 2547 2357 ραδείγματος
2578 2286 2676 2358 τὴν
2736 2289 2913 2358 κακὴν
2960 2288 3241 2352 ὑπόνοιαν,
3284 2289 3430 2351 ὅπως
3482 2289 3666 2359 εἰδῆτε
3723 2290 3776 2343 τί

2188 2378 2347 2430 καλὸν
2382 2380 2475 2431 καὶ
2494 2377 2545 2431 τί
2572 2378 2827 2449 πονηρόν·
2851 2378 3001 2432 οὐπω
3024 2379 3132 2451 γὰρ
3156 2380 3507 2449 ἁνεϐλέψατε,
3533 2381 3618 2433 ὃτι
3654 2382 3775 2434 οὐδὲ

2186 2469 2296 2529 τοῖς
2320 2467 2776 2538 προϐαλλομένοις
2808 2469 2895 2537 ὑφ’
2926 2468 2954 2521 ὑ
2964 2468 3076 2538 μῶν
3102 2470 3340 2539 ὲνορᾶτε.

2255 2558 2374 2613 XV.
2411 2561 2474 2612 Εί
2517 2560 2625 2631 γάρ
2668 2578 2835 2629 φατε,
2880 2561 2955 2623 ὡς
3002 2562 3080 2623 είς
3121 2560 3165 2591 δ’
3200 2560 3291 2613 τὸν
3341 2560 3432 2613 τοῦ
3489 2560 3775 2631 Καίσαρος

2187 2653 2342 2722 λόγον
2412 2653 2503 2705 τὸν
2548 2652 2680 2705 Θεὸν
2728 2653 2869 2723 ἔχειν
2918 2652 3017 2715 τὰς
3060 2652 3419 2723 ὑποκειμένας
3481 2652 3770 2715 ἐξουσίας,

2186 2747 2312 2809 τοὺς
2342 2744 2667 2815 λεγομένους
2697 2745 2872 2809 θεοὺς,
2897 2745 3004 2798 οὐδ’
3031 2744 3203 2807 οὑτως
3226 2743 3305 2813 τῷ
3327 2743 3479 2813 ὑμῶν
3506 2746 3772 2812 στοιχεῖτε

2188 2838 2609 2908 παραδείγματι.
2642 2839 2705 2889 Εἰ
2733 2837 2840 2907 γὰρ
2885 2838 3198 2907 ὲστοιχεῖτε,
3230 2835 3395 2906 ἐχρῆν
3433 2833 3583 2886 τοῦτ’
3609 2836 3655 2865 ⁸⁸
3698 2837 3772 2886 εἰ-

2187 2933 2353 2993 δέναι,
2374 2932 2475 2993 ὃτι,
2492 2931 2566 2993 ὡς
2592 2931 2691 2983 οὐκ
2709 2930 2882 2994 ἔξεστι
2900 2929 2960 2982 τὸ
2976 2930 3246 3000 Καίσαρος
3265 2928 3434 2997 ὄνομα
3458 2928 3637 2997 ἑτέρῳ
3653 2926 3771 2979 δοῦ-

2188 3044 2297 3087 ναι,
2312 3023 2452 3089 λέγω
2470 3020 2533 3091 δὴ
2551 3021 2583 3091 ἢ
2603 3021 2791 3090 ὑπάτῳ
2809 3020 2841 3090 ἦ
2860 3019 3081 3091 ἐπάρχῳ
3098 3018 3301 3088 222ἢ
3324 3017 3591 3088 χιλιάρχῳ
3606 3019 3640 3087 ἦ
3661 3019 3772 3070 ἐτέ-

518 3107 665 3162 buno
711 3109 792 3162 vel
828 3109 980 3162 alteri
1023 3110 1257 3179 cuipiam
1301 3112 1532 3180 (etenim
1572 3115 1665 3182 qui
1718 3115 1924 3171 dederit
1976 3134 2083 3172 non

2195 3135 2270 3189 ρῳ
2290 3117 2394 3170 τινί
2421 3116 2522 3187 (ὅτι
2543 3117 2570 3168 6
2592 3114 2766 3177 διδοὺς
2781 3114 2840 3166 οὐ
2859 3113 3101 3183 ζήσεται,
3128 3112 3222 3163 καὶ
3245 3111 3273 3162 6
3300 3110 3595 3180 λαμϐάνων
3621 3111 3770 3163 ἀναι-

517 3200 659 3253 vivet
691 3210 745 3254 et
788 3199 881 3269 qui
932 3200 1201 3270 acceperit
1256 3203 1609 3273 occidetur),
1663 3206 1735 3259 ita
1793 3222 1857 3261 ex
1903 3218 2086 3263 vestro

517 3290 767 3360 exemplo
797 3290 891 3345 Dei
923 3306 1123 3346 nomen
1162 3291 1316 3347 alteri
1358 3293 1511 3350 nefas
1542 3306 1626 3351 est
1656 3297 1860 3365 imponi
1889 3337 1903 3362 ,
1945 3299 2085 3353 alio-

518 3383 649 3452 quin
684 3391 738 3438 et
760 3383 852 3453 qui
876 3383 1159 3439 tentaverit
1187 3385 1269 3439 vel
1294 3387 1541 3455 accipere
1564 3389 1647 3442 vel
1674 3391 1885 3444 tradere
1918 3390 2087 3445 inter-

519 3474 636 3529 ibit.
675 3474 831 3541 Quod
889 3477 935 3531 si
980 3478 1309 3532 contumelia
1356 3480 1564 3533 homini
1615 3481 1706 3535 illa
1753 3498 1944 3551 paanas
1969 3485 2084 3553 dat,

518 3568 693 3622 multo
741 3568 949 3637 magis,
980 3569 1073 3638 qui
1121 3569 1259 3623 alios
1304 3570 1434 3625 deos
1476 3572 1699 3641 dicunt,
1738 3583 1998 3645 tanquam
2030 3578 2087 3631 in

518 3660 689 3715 Deum
728 3662 1111 3716 contumeliosi
1150 3670 1358 3718 aeterno
1405 3665 1765 3735 subjicientur
1792 3670 2081 3739 supplicio.

518 3750 585 3806 Et
610 3754 808 3807 merito
831 3795 845 3819 ,
877 3754 1005 3823 quia
1048 3770 1243 3810 nomen
1278 3756 1423 3825 quod
1472 3756 1527 3811 in
1562 3761 1935 3815 monarchiam
1968 3763 2087 3832 ejus

518 3842 676 3896 vobis
709 3842 776 3897 ad
814 3844 1195 3900 honorandum
1226 3847 1486 3901 traditum
1519 3857 1622 3915 est,
1656 3852 1805 3904 omni
1843 3869 1949 3923 qua
1985 3870 2085 3925 po-

516 3934 705 3987 tuistis
736 3933 997 3990 aﬂ‘ecistis
1037 3937 1388 3992 contumelia.
1420 3937 1539 3994 Non
1568 3942 1713 3997 enim
1738 3960 1861 3999 vere
1886 3962 2085 4003 nomen

519 4025 639 4094 ejus
673 4034 756 4081 est
810 4024 993 4082 Deus:
1023 4036 1080 4081 at
1126 4043 1245 4096 vos,
1290 4031 1386 4099 qui
1432 4031 1562 4086 illud
1607 4035 1886 4103 quondam
1926 4054 2086 4094 acce-

519 4116 697 4186 pistis,
730 4118 979 4174 tractatis
1011 4122 1438 4190 contumeliose,
1472 4125 1617 4193 quod
1663 4128 1820 4183 vobis
1855 4145 2085 4187 conces-

520 4224 641 4263 sum
673 4210 809 4275 fuit;
847 4219 907 4265 ut
943 4213 1401 4281 quemadmodum
1442 4231 1506 4270 eo
1532 4218 1614 4271 usi
1658 4217 1890 4287 fueritis,
1934 4224 1987 4278 id
2020 4226 2086 4280 ad

517 4316 707 4355 verum
734 4302 882 4357 illius
906 4319 1104 4359 nomen
1131 4304 1547 4378 referatur.,Vos
1568 4321 1748 4368 autem
1777 4314 1912 4389 illud
1933 4319 2083 4372 omni

519 4395 853 4463 exposuistis
878 4397 1201 4466 opprobrio.

2194 3210 2477 3283 ρεθήσεται
2499 3207 2517 3279 )
2540 3249 2553 3271 ,
2588 3206 2758 3269 οὑτως
2802 3207 2866 3258 ὲκ
2898 3204 2993 3257 τοῦ
3031 3204 3295 3275 ὑμετέρου
3325 3203 3771 3274 παραδείγματος

2188 3304 2248 3355 τὸ
2266 3302 2308 3333 ⁹¹
2342 3299 2476 3354 Θεοῦ
2504 3299 2673 3369 ὄνομα
2707 3298 2876 3368 ἑτέρῳ
2897 3296 3114 3367 δοθῆναι
3141 3297 3240 3348 οὐκ
3271 3294 3494 3361 ἔξεστιν·
3527 3295 3655 3347 ἐπεὶ
3679 3296 3770 3346 καὶ

2188 3395 2216 3445 6
2253 3392 2531 3464 πειραθεὶς
2558 3392 2653 3461 ἦτε
2688 3389 2870 3442 λαϐεῖν
2897 3390 2991 3460 ἦτε
3017 3390 3062 3419 θ’
3102 3388 3282 3441 δοῦναι
3330 3387 3652 3441 ἀπόλλυται.
3707 3388 3768 3439 Ei

2187 3482 2243 3536 δὲ
2276 3484 2308 3553 ἡ
2345 3483 2431 3533 ἐπ’
2476 3478 2764 3550 ἀνθρώπου
2800 3480 2845 3511 ⁸³
2881 3477 3037 3550 ὕϐρις
3085 3479 3238 3549 δίκην
3275 3478 3534 3550 παρέχει,
3586 3477 3767 3546 πολλῷ

2192 3575 2390 3646 μᾶλλον
2412 3575 2461 3626 oi
2491 3573 2710 3645 ἐτέρους
2736 3572 2893 3636 θεοὺς
2916 3572 3164 3641 λέγοντες
3191 3573 3266 3635 ὡς
3289 3573 3418 3625 Θεὸν
3448 3572 3768 3644 ὑϐρίσαντες

2188 3666 2387 3736 αἰωνίῳ
2410 3666 2786 3719 ὑποκείσονται
2813 3664 3049 3719 κολάσει.
3072 3666 3181 3719 Καὶ
3212 3666 3467 3733 εὐλόγως,
3490 3667 3570 3719 ὅτι
3599 3667 3659 3719 τὸ
3689 3668 3765 3730 είς

2187 3758 2283 3830 τὴν
2313 3758 2476 3813 αὐτοῦ
2510 3758 2807 3830 μοναρχίαν
2842 3757 3143 3829 παραδοθὲν
3178 3759 3303 3829 ὑμῖν
3325 3758 3567 3828 ⁹⁸Ιτιμᾷν
3600 3760 3766 3828 ὄνομα

2189 3850 2335 3921 πάσῃ
2370 3844 2404 3923 ᾖ
2428 3850 2724 3921 ἠδυνήθητε
2754 3848 3053 3903 ὑπεϐάλετε
3072 3849 3254 3921 ὕϐρει·
3281 3850 3341 3903 οὐ
3373 3850 3481 3922 γὰρ
3513 3851 3574 3903 τὸ
3598 3852 3765 3915 ὅντως

2188 3942 2334 3995 ἐστὶν
2368 3940 2529 3995 αὐτοῦ
2564 3942 2731 4012 ὄνομα
2772 3941 2923 4005 Θεὸς,
2967 3942 3079 3994 ἀλλ’
3124 3943 3278 4012 ὑμεῖς
3321 3942 3457 4005 τέως
3474 3943 3521 3973 ⁸⁸
3568 3961 3761 4015 παρει-

2188 4032 2415 4102 ληφότες
2447 4031 2704 4103 ὑϐρίσατε
2731 4033 2758 4085 ὃ
2788 4032 2941 4102 ἐδόθη
2968 4033 3115 4102 ὑμῖν,
3148 4034 3234 4085 ἵνα
3266 4034 3342 4097 ὡς
3365 4032 3429 4087 ἂν
3451 4033 3600 4103 αὐτῷ
3630 4037 3762 4107 χρή-

2192 4121 2379 4192 σησθε,
2416 4124 2495 4183 είς
2526 4121 2589 4174 τὸ
2632 4121 2799 4184 ὅντως
2832 4119 2997 4173 αὐτοῦ
3029 4119 3200 4192 ὄνομα
3230 4120 3481 4192 λογισθῇ·
3518 4123 3677 4193 ὑμεῖς
3707 4122 3761 4175 δὲ

2188 4214 2320 4268 αὐτὸ
2352 4214 2499 4285 πάσῃ
2532 4213 2685 4285 ὕϐρει
2721 4213 3037 4267 ὑπεϐάλετε.

530 4562 551 4593 γ’
590 4486 730 4541 XVI.
768 4487 955 4559 Itaque
988 4499 1297 4547 vestrorum
1326 4492 1711 4567 Egyptiorum
1758 4502 1954 4570 primi,
1990 4506 2083 4576 qui

2260 4511 2400 4568 XVI.
2441 4514 2647 4568 Αὐτίκα
2678 4512 2810 4583 γοῦν
2838 4513 2948 4568 τῶν
2973 4516 3283 4585 Αἰγυπτίων
3318 4518 3471 4589 ὑμῶν
3502 4522 3554 4573 οἱ
3592 4521 3760 4593 ἀρχη-

520 4579 587 4635 de
617 4596 798 4636 rerum
825 4582 1127 4638 caelestium
1153 4584 1380 4641 scientia
1416 4590 1719 4656 gloriantur
1739 4602 1792 4648 et
1818 4595 1883 4650 de
1910 4603 2088 4653 astro-

520 4688 643 4760 rum
676 4683 867 4728 natura
910 4690 969 4730 se
1014 4676 1227 4745 jactant
1252 4678 1517 4746 judicare,
1566 4682 1701 4739 illud
1746 4702 1944 4743 nomen
1992 4705 2088 4760 per

521 4759 723 4812 malam
758 4760 810 4813 in
844 4776 903 4816 se
948 4762 1205 4819 latentem
1240 4767 1553 4836 opinionem
1590 4773 1739 4827 omni
1766 4776 1885 4845 ejus
1932 4759 2089 4847 igno-

522 4850 1028 4921 miniw,»quantum
1080 4855 1132 4908 in
1183 4856 1317 4926 ipsis
1350 4856 1474 4924 fuit,
1526 4862 1899 4932 subjecerunt.
1948 4868 2084 4924 Nam

523 4940 613 4995 alii
658 4958 848 4999 eorum
886 4946 1073 5001 bovem
1105 4948 1197 5017 qui
1242 4949 1446 5006 dicitur
1484 4952 1616 5024 Apis
1646 4958 1930 5017 colendum
1960 4974 2071 5021 tra-

2190 4604 2376 4674 γέται,
2435 4607 2485 4657 oi
2530 4606 2659 4677 περὶ
2705 4607 3132 4679 μετεωρολογίας
3175 4611 3465 4681 αὐχοῦντες
3520 4615 3614 4668 καὶ
3652 4616 3761 4668 τῶν

2191 4698 2404 4769 ἄστρων
2434 4697 2531 4761 τάς
2576 4697 2764 4766 φύσεις
2796 4699 3090 4771 διακρίνειν
3130 4702 3614 4774 ἐπαγγελλόμενοι,
3656 4708 3760 4760 ὑπὸ

2189 4792 2364 4861 κακῆς
2397 4792 2579 4853 αὐτοῖς
2619 4790 3017 4862 ὲνδομυχούσης
3062 4793 3315 4855 ὑπονοίας
3361 4796 3507 4867 πάσῃ
3557 4798 3687 4850 αὐτὸ
3715 4800 3759 4830 ’⁸

2189 4882 2381 4954 ἀτιμίᾳ⁸
2411 4883 2534 4936 ὅσον
2570 4883 2630 4936 τὸ
2665 4885 2784 4936 κατ’
2818 4884 3011 4945 αὐτοὺς
3031 4883 3076 4914 ⁹⁷
3108 4883 3393 4939 ὑπέϐαλον.
3423 4888 3487 4940 Οί
3530 4889 3628 4957 μὲν
3652 4890 3758 4961 γὰρ

2197 4972 2373 5026 αὐτῶν
2402 4972 2703 5044 παρέδοσαν
2732 4971 2859 5043 βοῦν
2887 4973 2978 5025 τὸν
3005 4972 3289 5045 λεγόμενον
3314 4977 3476 5030 Ἀπιν
3492 4977 3536 5008 ’⁸
3562 4978 3756 5043 σέϐειν,

1788 5074 2020 5134 ΥΑΒΙᾸΞ
2061 5083 2464 5143 LECTIONES.

595 5194 641 5224 "’
661 5194 745 5247 ἵνα
782 5194 838 5247 δέ
872 5194 933 5250 C.
969 5196 1062 5250 ἐὰν
1135 5240 1146 5251 .
1187 5200 1274 5253 ἵνα
1350 5217 1410 5257 r0

595 5274 683 5319 nte
716 5264 761 5319 Ο
790 5304 804 5326 ,
827 5213 1283 5326 ἐπικουρηὲεισῶν

521 5264 761 5339 banteO
790 5304 804 5328 ,
827 5264 1283 5339 ἐπικουρηθεισῶν
1306 5264 1368 5326 C.

520 5404 663 5510 216:6
679 5402 790 5510 οιὲο
823 5406 1056 5510 ,ν
1081 5410 1207 5510 olant}
1240 5402 1813 5510 ἒΩιιἱιοο‹)η]εοι.¹τδῦτο
1836 5423 1884 5510 6..
1910 5402 2775 5510 ροττέχίἷῆίίετιιίυιϐἱῖἷιῖίίέπί’ἀί
2797 5407 2809 5418 ’

520 5474 665 5553 ξηιλ
718 5474 775 5541 8,
823 5476 1082 5553 αὐτοί-Ο,
1244 5474 1591 5553 ἱᾷδὶἰᾸέεεοξῙη.
1638 5489 1675 5541 ι.
1724 5506 1771 5544 c.

520 5613 566 5644 "
589 5616 824 5677 πεισθεὶς
881 5617 990 5669 εἴτε
1029 5617 1209 5673 λαϐεῖν
1236 5613 1363 5674 εἴτε
1384 5625 1445 5676 Ο.

521 5681 684 5759 deleri
710 5686 833 5759 vult
865 5686 906 5738 D
946 5729 959 5753 ,
987 5688 1143 5759 τοῦτο
1173 5691 1229 5745 8.
1268 5690 1388 5746 Jam
1418 5696 1551 5750 nihil
1603 5681 1945 5759 mutandum:

1413 5203 1565 5326 [τρῖβε
1610 5204 1667 5260 S-
1713 5208 1811 5269 ἒ⁸⁰
1836 5213 2001 5267 αὐτοῦ
2036 5221 2181 5289 conj.
2229 5221 2291 5275 D.
2348 5221 2481 5276 Tum
2517 5224 3021 5297 ὲπιχορηγηθεισῶν
3048 5224 3092 5278 D
3155 5241 3219 5281 ex
3255 5229 3512 5297 conject.,
3560 5245 3753 5300 appro-

1539 5286 1748 5326 ortassn
1778 5280 1880 5326 lea-
1914 5284 1993 5326 ἔτι
2023 5291 2103 5326 vol
2134 5291 2223 5326 ιιι-τ
2247 5291 2284 5326 ε
2389 5293 2895 5326 ευρ-..κανηηιηηη
2924 5296 2960 5326 ρ
3058 5297 3103 5326 aa
3124 5298 3177 5326 az
3206 5300 3390 5326 ......:n.:.
3418 5298 3721 5326 anan“---

993 5280 1748 5362 muses???“"signasse
1778 5280 1881 5362 leg.
1914 5284 1993 5337 ἔτι
2023 5291 2106 5362 vel
2133 5280 2223 5362 ἐπί
2247 5291 2304 5345 S.

1268 5341 1323 5395 S.
1360 5340 1649 5425 ξΓιιιηάλλο
1686 5365 1749 5428 p.~
1776 5335 2106 5428 1033:6605}:

2389 5293 2899 5365 ξ’ἁποδοκιμάσεται
2924 5296 2980 5349 8.
3058 5297 3103 5328 ⁸³
3123 5298 3179 5350 δέ
3205 5293 3394 5353 scribit
3418 5293 3753 5355 Schlieinan-

2226 5362 2337 5416 Cfr.
2364 5362 2589 5437 Recogit.
2626 5362 2682 5433 ν,
2704 5366 2770 5437 19
2797 5383 2809 5418 :
2847 5368 3008 5419 aliam
3107 5371 3420 5437 Opinionem.
3500 5371 3545 5402 ⁸⁸
3564 5371 3657 5424 τοῦ
3699 5377 3754 5425 το

3314 5440 3358 5527 έ⁶
3371 5440 3668 5527 δεκάρχους

718 5494 775 5541 δ,
823 5494 975 5529 αυτοι
1016 5494 1082 5542 ιλ,
1136 5494 1199 5534 υ.
1244 5494 1605 5579 ιεςξιμίεεορη.⁸
1638 5494 1675 5541 ι.
1724 5506 1771 5544 c.
1840 5494 1885 5525 ⁸⁸
1910 5494 2057 5551 Lect.
2103 5494 2632 5572 Ottobfsuspicatus
2666 5516 2749 5560 est
2777 5505 2815 5560 S
2847 5548 2859 5568 ,
2900 5494 3167 5576 expressit
3196 5519 3377 5563 tamen
3423 5494 3627 5581 ταύτ“ην
3648 5494 3752 5597 ζτήν

520 5613 565 5635 η
594 5563 783 5635 μβξῇἳ,
976 5545 1759 5635 ,Τξηῐξδξπαξειφθέντες-ιᾴειη,
1784 5563 2195 5635 ὲπαλειιρθέντες
2224 5572 2281 5627 S.
2378 5574 2423 5605 θ’
2446 5575 2700 5631 Fortasse
2734 5578 2836 5635 leg.
2867 5577 2997 5629 ὡσεί
3024 5577 3079 5631 S.
3146 5580 3191 5610 ⁹⁰
3204 5581 3358 5632 τοῦτο
3386 5580 3447 5634 C.
3513 5581 3660 5633 ³¹τοῦ
3693 5584 3749 5635 (Α.

1550 5628 1859 5721 ⁹³ἔῩῗῘ.,δέν9τ
1892 5628 2102 5721 cmi-.9
2134 5628 2274 5721 ’.ἀπ’
2307 5644 2379 5721 isi.-
2414 5644 2466 5699 ίιι
2492 5628 2847 5721 textilia—6'.
2876 5628 3105 5721 fumis;
3127 5628 3484 5721 0.7522115;
3520 5628 3751 5721 οξυἇὰ

522 5711 684 5738 untur]
710 5711 833 5767 .vuu.
866 5711 906 5738 υ
946 5729 959 5753 ,
987 5711 1143 5742 τουτο
1173 5711 1229 5745 a.
1268 5711 1388 5746 Jam
1418 5711 1551 5750 mnu
1603 5711 1945 5759 mutandum.
2050 5711 2094 5741 ⁸⁸
2114 5713 2242 5766 αὐτό
2274 5716 2398 5768 add.
2438 5732 2485 5773 c.
2517 5714 2581 5773 Ο.

522 5750 663 5808 idem
709 5772 761 5808 tu
803 5766 952 5808 textu
998 5757 1054 5808 S.
1098 5757 1246 5808 Fort-
1288 5765 1635 5808 snrilmmlnm
1662 5772 1857 5808 ni'M-m‘u-
1886 5777 2016 5808 νυνι-λ
2095 5784 2141 5808 na
2176 5782 2382 5808 1....n

577 5768 663 5809 cm
709 5757 761 5810 in
803 5766 952 5813 textu
998 5757 1054 5815 S.
1098 5757 1246 5818 Fort.
1288 5765 1635 5824 scribendum
1662 5772 1857 5838 αὐτοὺς
1886 5757 2034 5832 αὐτό.
2095 5757 2401 5855 vi'dénib'.

2378 5574 2423 5605 ⁸³
2446 5575 2700 5631 Fortasse
2734 5578 2836 5645 leg.
2867 5574 2997 5629 ὼσεῖ
3024 5577 3079 5631 S.
3146 5580 3358 5632 θοτοῦτο
3386 5580 3447 5634 C.
3513 5574 3660 5633 ³¹τοῦ
3693 5574 3749 5636 C.

2667 5719 2710 5751 ⁸⁷
2731 5717 2927 5801 αὐτούς
2950 5716 3091 5804 om
3117 5720 3159 5775 Ω
3214 5737 3281 5777 ex
3304 5723 3563 5794 conject.,
3593 5716 3751 5779 αὐτοῦ
