3894 6208
166 310 275 365 269

1305 295 1844 357 CLEMENTINA.—
1873 294 2154 350 IIOMILIA
2197 295 2242 348 Χ

3317 298 3422 355 9.70

167 427 223 478 oi.
252 424 311 477 δὲ
337 423 559 493 τράγον,
593 423 643 475 οἱ
665 422 721 475 δέ
750 422 1031 495 ατλουρον,
1061 420 1111 475 οἱ
1136 420 1194 473 δέ
1236 418 1356 489 ὅφιν
1378 418 1444 480 ³⁸,
1479 415 1614 469 ἀλλὰ
1663 411 1754 466 καὶ

1865 411 2062 477 didere,
2096 412 2185 465 alii
2222 411 2455 477 hircum,
2490 411 2581 465 alii
2612 393 2797 476 felem,
2829 409 2921 465 alii
2954 421 3284 481 serpentem,
3328 420 3423 468 sed

172 516 330 587 ἰχθὺν
377 517 472 569 καὶ
500 515 760 587 κρόμμυα
797 516 888 569 καὶ
916 514 1169 585 γαστρῶν
1201 510 1484 580 πνεύματα
1510 508 1604 561 καὶ
1630 506 1753 575 όχε-

165 609 299 670 τοὺς
318 607 430 678 (27)
457 609 548 661 καὶ
578 606 788 675 ἀλόγων
810 606 961 671 ζώων
992 604 1147 676 μέλη.
1188 602 1300 656 Καὶ
1325 600 1504 663 ἄλλοις
1543 598 1755 670 μυρίοις

168 697 316 750 πάνυ
347 699 590 767 αἰσχροῖς
622 697 985 767 άτοπήμασιν.

241 787 406 856 223
448 785 607 839 XVII.
643 784 829 839 Ταῦτα
860 784 953 838 τοῦ
982 784 1191 857 Πέτρου
1225 781 1471 845 εἰπόντος
1498 779 1754 849 ἐγέλασεν

165 878 195 929 ὁ
226 876 590 948 παρεστηκὼς
617 877 789 948 ὄχλος.
819 877 927 930 Καὶ
948 878 976 928 ό
1007 876 1212 947 Πέτρος
1242 875 1344 945 ἔφη
1380 875 1517 946 πρὸς
1549 874 1638 925 τὸν
1663 871 1756 939 γέ-

165 969 337 1022 λωταο
374 969 575 1023 Γελᾶτε
613 970 769 1040 ὑμεῖς
806 968 875 1021 τὰ
918 968 1162 1031 ἐκείνων,
1195 968 1294 1020 οὑκ
1331 966 1531 1028 εἰδότες
1574 962 1755 1033 πολλῷ

167 1060 376 1131 μᾶλλον
439 1062 531 1114 ὑπ’
581 1060 803 1114 ἐκείνων
849 1059 1166 1131 γελώμενοι.
1212 1057 1357 1130 Πλήν
1402 1056 1473 1109 τὰ
1512 1054 1755 1126 ἀλλήλων

164 1155 390 1221 γελᾶτε,
422 1153 489 1206 τὰ
517 1153 625 1225 γὰρ
654 1153 761 1207 [δια
792 1154 896 1205 ὑπὸ
921 1151 1206 1224 συνηθείας
1233 1140 1412 1221 κᾶκῆς
1438 1152 1517 1213 είς
1540 1148 1755 1217 ἀπάτην

164 1244 435 1315 ἀχθέντες
460 1246 521 1298 οὐ
560 1245 805 1315 βλέπετε.
836 1246 955 1299 Ὅτι
990 1244 1047 1298 δὲ
1076 1244 1245 1307 ὅντως
1278 1242 1453 1316 ὀρθῶς
1488 1242 1556 1272 ¹⁰⁰
1584 1258 1753 1294 κατα-

164 1338 367 1389 γελᾶτε
416 1338 524 1390 τῶν
570 1337 912 1405 Αἰγυπτίων,
961 1335 1235 1407 σύμφημι,
1282 1335 1404 1387 ἐπεὶ
1445 1333 1613 1402 ἄλογα
1640 1332 1756 1397 ζῶα

163 1428 380 1496 λογικοὶ
413 1428 565 1492 ὄντες
600 1428 1037 1500 προσκυνοῦσιν’,
1068 1428 1138 1480 τά
1184 1426 1399 1490 πάντως
1431 1425 1751 1497 θνήσκοντα.

165 1519 297 1583 Πῶς
324 1520 381 1573 δέ
411 1520 651 1573 κάκεῖνοι
679 1520 832 1590 ὑμῶν
861 1518 1271 1587 καταγελῶντες
1300 1517 1567 1586 λέγουσιν,
1595 1516 1757 1569 ἁκού-

167 1629 323 1665 σατε·
345 1614 558 1683 Ἡμεῖς,
604 1614 764 1682 φασὶν
787 1614 826 1676 ¹,
859 1614 907 1665 εί
946 1612 1038 1665 καὶ
1079 1610 1381 1683 θνήσκοντα
1424 1608 1756 1681 προσκυνού-

168 1722 297 1776 μεν,
331 1704 471 1758 ἀλλά
498 1722 562 1773 γε
583 1706 603 1736 ³
636 1705 737 1759 κᾶν
766 1705 1007 1776 ζήσαντά
1034 1720 1164 1756 ποτε
1185 1743 1199 1767 ,
1234 1704 1390 1773 ὑμεῖς
1416 1703 1472 1755 δέ
1495 1702 1563 1754 τὰ
1595 1700 1755 1772 μηδέ-

165 1814 307 1851 ποτε
328 1799 571 1868 ζήσαντα
601 1796 842 1849 σέϐεσθε.
873 1796 1017 1867 Πρὸς
1040 1795 1268 1859 τούτοις,
1299 1794 1481 1863 φασὶν,
1503 1790 1598 1845 τοῦ
1635 1791 1752 1853 ἐνὸς

163 1886 311 1939 Θεοῦ
342 1889 510 1957 τιμᾷν
558 1886 797 1949 θέλοντες
838 1886 937 1957 τήν
989 1884 1198 1957 μορφὴν
1248 1884 1343 1937 καὶ
1391 1883 1465 1955 μὴ
1509 1882 1756 1954 εὑρόντες

168 1979 306 2030 ποία
336 1978 509 2040 ἐστὶν,
557 1979 737 2030 πᾶσαν
772 1978 985 2049 μορφὴν
1022 1977 1298 2048 προτιμᾷν
1341 1973 1610 2045 εἱλόμεθα·
1663 1974 1757 2026 καὶ

166 2068 326 2137 ὅμως
359 2066 589 2120 τοιαῦτά
614 2084 734 2120 τινα
764 2067 1012 2135 λέγοντες
1050 2067 1336 2139 ὀρθότερον
1369 2065 1520 2137 ὑμῶν
1559 2067 1757 2119 οἴονται

168 2164 418 2233 φρονεῖν.
1140 2155 1183 2173 ”

243 2250 438 2306 XVIII.
479 2252 569 2327 At}:
612 2252 706 2305 καὶ
742 2253 898 2325 ὑμεῖς
934 2251 1294 2325 ἁποκρίνεσθε
1319 2252 1340 2284 ³
1374 2253 1509 2323 πρὸς
1538 2249 1754 2314 αὐτούς·

166 2344 476 2407 Ψεύδεσθε,
499 2345 559 2397 οὑ
590 2346 698 2417 γὰρ
729 2349 860 2417 τιμῇ
891 2348 956 2417 τῇ
983 2346 1119 2418 πρὸς
1147 2347 1237 2399 τὸν
1260 2345 1426 2408 ὅντως
1467 2344 1598 2397 Θεὸν
1625 2342 1762 2396 αὐτὰ

168 2438 428 2502 σέϐεσθε,
455 2439 635 2492 πᾶσαν
668 2437 775 2510 γὰρ
805 2438 871 2491 ἂν
904 2438 1115 2510 μορφὴν
1149 2440 1530 2509 προσεκυνεῖτε
1552 2437 1601 2488 οἱ
1628 2436 1763 2488 πάν-

166 2550 291 2596 τες,
330 2534 430 2604 οὐχ
458 2534 535 2597 ὡς
565 2535 816 2586 ἐποιεῖτε·
856 2533 904 2585 οξ
942 2534 1038 2602 μὲν
1089 2531 1199 2604 γὰρ
1245 2530 1396 2602 ὑμῶν
1440 2528 1763 2602 κρόμμυον⁴ι

170 2627 584 2697 ὑπονοήσαντες
623 2622 763 2679 εἶναι
802 2624 864 2678 τὸ
894 2624 1034 2677 θεῖον
1078 2624 1171 2677 καὶ
1200 2623 1436 2695 γαστρὸς
1478 2623 1762 2692 πνεύματα

169 2718 434 2781 σέϐοντες
466 2716 858 2788 πολεμοῦσιν⁵’
899 2716 994 2769 καὶ
1030 2714 1203 2779 οὕτως
1236 2715 1438 2785 ὁμοίως
1478 2715 1526 2766 οἱ
1563 2714 1764 2775 πάντες

165 2814 233 2867 ἓν
265 2829 321 2863 τι
368 2811 806 2882 προτιμήσαντες
841 2808 909 2862 τά
942 2809 1115 2864 ἄλλων
1157 2807 1351 2877 ψέγετε
1373 2847 1385 2859 .
1416 2806 1665 2877 Διαφόρῳ
1707 2805 1763 2857 δὲ

166 2904 377 2976 γνώμῃ
421 2902 518 2956 τοῦ
561 2902 725 2955 αὑτοῦ
773 2900 911 2967 ζὼου
947 2899 1122 2972 μελῶν
1168 2900 1227 2963 ὃς
1272 2900 1371 2971 μὲν
1414 2898 1540 2953 ἄλλο
1593 2896 1761 2959 σέϐει,

168 2995 370 3065 ἕτερος
400 2992 455 3045 δὲ
484 2991 543 3044 τὸ
565 2992 585 3021 ⁶
613 2989 777 3062 224¹
816 2991 1019 3061 ἕτερον.
1054 2989 1202 3080 Πλήν
1231 2987 1409 3042 αὐτῶν
1446 2988 1524 3041 ἔτι
1561 2987 1629 3046 τὰ
1667 2986 1762 3040 τοῦ

1856 512 1909 555 et
1941 504 2143 570 piscem
2173 511 2227 557 et
2254 518 2416 573 cepas
2446 512 2499 558 et
2524 503 2732 556 ventris
2761 503 3000 572 crepitus
3036 512 3091 557 et
3124 504 3343 559 cloacas
3369 515 3428 560 et

1856 594 2142 648 brutarum
2165 594 2525 649 animantium
2556 594 2823 648 membra.
2860 593 2927 647 Et
2960 594 3107 649 mille
3140 596 3261 650 aliis
3290 599 3424 652 sub-

1857 683 2113 737 diderunt
2141 684 2272 738 illud
2302 700 2501 739 nomen
2542 684 2726 755 pravis
2757 683 3207 754 turpitudinibus.

1924 774 2087 829 XVII.
2129 774 2256 831 Πειξο
2278 777 2489 832 dicente
2524 775 2709 840 Petro,
2746 775 2869 830 risit
2891 777 3253 845 qute'astabat
3281 777 3425 830 mula

1855 868 2052 923 titudo.
2090 868 2156 923 Et
2198 870 2393 925 Petrus
2443 869 2511 924 ad
2544 869 2716 923 risum
2747 869 2884 923 dixit
2916 888 2929 923 :
2968 867 3179 923 Ridetis
3207 868 3425 923 illorum

1857 961 2217 1027 sententiam,
2271 962 2577 1016 nescientes
2630 962 2802 1016 multo
2857 962 3032 1032 magis
3078 976 3173 1015 vos
3210 960 3278 1015 ab
3319 961 3428 1015 illis

1857 1053 2095 1107 irrideri.
2128 1054 2383 1108 Attamen
2415 1053 2508 1107 alii
2555 1053 2787 1108 aliorum
2826 1068 2915 1108 res
2954 1053 3252 1118 deridetis,
3300 1068 3428 1106 nam

1857 1146 2133 1216 preprias,
2159 1163 2255 1217 per
2283 1146 2481 1201 malam
2506 1147 2959 1202 consuetudinem
2985 1147 3040 1201 in
3068 1146 3315 1201 fraudem
3344 1147 3429 1200 in-

1858 1239 2029 1306 ducti,
2067 1255 2177 1293 non
2209 1240 2454 1294 cernitis.
2483 1238 2638 1305 Quod
2671 1256 2803 1295 vero
2836 1250 2981 1296 recte
3012 1240 3302 1313 Egyptios
3347 1244 3427 1296 ir-

1858 1334 2084 1389 rideatis
2137 1333 2313 1388 fateor
2355 1352 2369 1389 :
2415 1335 2857 1404 quandoquidem
2908 1335 3164 1391 animalia
3217 1337 3430 1391 ratione

1858 1426 2099 1481 carentia
2131 1426 2236 1496 ipsi
2259 1426 2471 1480 ratione
2494 1427 2706 1496 praediti
2729 1427 2982 1495 adorant,
3008 1443 3181 1498 eaque
3203 1430 3429 1483 omnino

1856 1522 2135 1576 mortalia.
2173 1520 2295 1587 Quo
2350 1521 2513 1576 modo
2561 1530 2742 1575 autem
2774 1530 2827 1576 et
2877 1522 2954 1575 illi
2987 1537 3085 1577 vos
3133 1522 3430 1578 deridendo

1858 1613 2172 1683 loquantur,
2203 1614 2405 1668 audite.
2432 1612 2564 1679 Nos,
2584 1614 2860 1683 inquiunt,
2885 1613 2989 1668 etsi
3017 1614 3267 1670 mortalia
3291 1614 3427 1669 ado-

1858 1722 2081 1769 remus,
2143 1715 2326 1760 tamen
2383 1722 2506 1776 qua:
2554 1706 2849 1776 aliquando
2880 1707 3141 1761 vixerunt
3177 1726 3192 1761 :
3245 1715 3301 1761 at
3330 1721 3429 1762 vos

1857 1813 1979 1868 quae
2005 1813 2287 1867 nunquam
2316 1798 2570 1852 vixerunt
2596 1798 2796 1852 colitis.
2816 1797 2896 1852 Ad
2911 1799 3046 1864 haec,
3071 1798 3243 1865 aiunt,
3263 1799 3428 1853 unius

1858 1891 1954 1945 Dei
2002 1890 2276 1945 honorare
2330 1890 2576 1945 volentes
2622 1888 2880 1956 formam,
2931 1906 3034 1945 nec
3086 1890 3427 1948 invenientes

1858 1984 2036 2052 qualis
2060 1998 2123 2039 ea
2153 1983 2243 2051 sit,
2272 1998 2488 2037 omnem
2522 1981 2756 2036 formam
2782 1982 3067 2039 colendam
3091 1985 3425 2041 censuimus.

1858 2070 2031 2127 Porro
2065 2072 2379 2142 hujusmodi
2427 2072 2677 2142 quaedam
2718 2072 2888 2127 locuti
2935 2074 3141 2129 rectius
3181 2075 3338 2131 vobis
3368 2090 3431 2131 se

1860 2171 2054 2233 putant
2089 2163 2312 2218 sentire.
2399 2193 2408 2201 -

1934 2254 2119 2310 XVIII.
2158 2254 2498 2326 Quapropter
2521 2265 2575 2310 et
2600 2271 2698 2312 vos
2719 2256 2787 2312 iis
2809 2259 3128 2327 respondete
3156 2277 3171 2313 ι
3206 2259 3431 2315 Falsum

1862 2347 2067 2414 dicitis,
2107 2364 2215 2402 non
2251 2348 2397 2402 enim
2427 2350 2481 2403 in
2515 2349 2781 2405 honorem
2816 2350 2929 2404 veri
2969 2349 3065 2407 Dei
3100 2352 3282 2408 colitis
3314 2354 3429 2418 illa,

1864 2440 1993 2509 quia
2037 2454 2226 2494 omnes
2257 2455 2476 2494 omnem
2522 2440 2828 2496 adoraretis
2860 2439 3092 2495 formam
3128 2451 3183 2497 et
3225 2459 3335 2498 non
3371 2453 3433 2497 ut

1863 2531 2061 2586 facitis.
2091 2530 2224 2584 Nam
2248 2531 2342 2601 qui
2368 2540 2608 2587 vestrum
2641 2548 2829 2603 cepam
2856 2548 2975 2589 esse
3005 2550 3206 2590 numen
3237 2536 3431 2591 existi-

1864 2632 2037 2688 mant,
2064 2631 2118 2677 et
2154 2624 2247 2693 qui
2282 2624 2471 2678 colunt
2498 2625 2705 2679 ventris
2735 2626 2996 2695 crepitus,
3032 2627 3172 2681 inter
3200 2643 3261 2683 se
3288 2628 3427 2684 bella

1865 2725 2079 2787 gerunt,
2106 2716 2380 2785 similique
2412 2717 2575 2771 modo
2609 2718 2815 2781 cuncti,
2842 2733 3013 2772 unum
3041 2719 3173 2789 quid
3206 2721 3433 2779 maximi

1864 2805 2150 2873 facientes,
2183 2815 2507 2861 caeterorum
2543 2807 2750 2862 cultum
2801 2808 3143 2877 improbatis.
3174 2808 3434 2867 Variante

1868 2913 2091 2967 quoque
2136 2899 2403 2953 sententia
2454 2914 2521 2953 ex
2574 2900 2834 2955 membris
2881 2900 3127 2969 ejusdem
3179 2903 3432 2959 animalis

1866 3005 2011 3044 unus
2039 3005 2204 3043 unum
2235 2998 2549 3056 veneratur,
2575 2990 2718 3047 alius
2742 2991 2911 3047 aliud.
2930 2990 3033 3047 Sed
3056 3001 3114 3067 et
3140 2993 3283 3049 inter
3307 2996 3434 3053 illos

166 3085 344 3160 ὀρθοῦ
372 3084 636 3155 λογισμοῦ
668 3083 937 3146 πνέοντες,
960 3082 1266 3152 αἰδούμενοι
1289 3081 1381 3133 ἐπὶ
1407 3079 1485 3151 τῷ
1516 3080 1759 3151 προδήλῳ

1867 3082 2072 3150 aliqui,
2112 3080 2205 3150 qui
2240 3082 2418 3137 adhuc
2467 3082 2670 3152 aliquid
2709 3082 2866 3138 bona:
2911 3085 3110 3140 mentis
3153 3087 3432 3155 retinent,

170 3180 418 3253 αἰσχρῷ,
456 3181 536 3242 είς
578 3177 905 3249 ἀλληγορίας
948 3176 1125 3229 αὑτὰ⁷
1158 3176 1310 3245 άγειν
1344 3173 1660 3243 πειρῶνται,
1694 3173 1761 3226 δι’

170 3273 379 3342 ἑτέρας
427 3268 684 3331 ἀπονοίας
732 3267 800 3321 τά
847 3268 948 3339 τῆς
996 3266 1209 3336 ἀπάτης
1259 3265 1437 3345 αὑτῶν
1490 3264 1764 3336 θανάσιμα

173 3361 478 3436 κρατύνειν
531 3358 858 3431 βουλόμενοι.
901 3360 1089 3429 Ὅμως
1137 3355 1271 3409 atat“
1311 3354 1409 3418 τὰς
1442 3355 1765 3427 ἀλληγορίας

172 3453 558 3523 διελέγξαιμεν
581 3452 603 3482 9
636 3451 722 3513 ἂν,
755 3449 913 3521 εἴπερ
948 3452 1065 3502 ἐκεῖ
1100 3444 1240 3520 ἦμεν
1263 3487 1279 3511 ,
1312 3440 1388 3500 ὧν
1418 3447 1480 3499 τὸ
1514 3446 1764 3500 τοσοῦτον

182 3546 371 3619 μωρὸν
405 3544 747 3615 ἐπεκράτησε
782 3542 969 3607 πάθος,
994 3542 1069 3605 ὡς
1094 3542 1136 3573 ¹⁰
1170 3539 1429 3611 μεγίστην
1457 3542 1523 3611 τῇ
1556 3539 1767 3611 ἐπινοίᾳ

174 3639 486 3710 ἐμποιῆσαι
516 3636 688 3689 νόσον.
721 3634 794 3688 Οὐ
818 3634 926 3704 γὰρ
955 3634 1061 3705 χρὴ
1088 3632 1189 3704 τὴν
1220 3630 1567 3703 ἔμπλαστρον
1596 3648 1764 3701 προσ-

181 3733 373 3802 φέρειν
404 3729 499 3781 ἐπὶ
528 3728 591 3780 τὸ
618 3727 849 3795 ὑγιεινὸν
891 3726 1055 3797 μέρος
1081 3724 1176 3777 τοῦ
1211 3722 1460 3794 σώματος
1480 3762 1494 3785 ,
1534 3722 1647 3774 ἀλλ’
1675 3722 1766 3775 ἐπὶ

179 3824 244 3875 τὸ
274 3823 509 3891 πάσχον.
545 3820 698 3873 Ἐπεὶ
728 3814 819 3872 οὖν
863 3819 1018 3889 ὑμεῖς
1061 3817 1150 3870 διὰ
1180 3816 1273 3870 τοῦ
1307 3816 1536 3884 γελάσαι
1572 3814 1640 3867 τὰ
1671 3815 1765 3867 Αί-

182 3915 434 3984 γυπτίων
468 3912 701 3981 ἐφάνητε
747 3912 821 3982 μὴ
868 3909 1192 3971 παθόντες¹¹
1230 3908 1299 3961 τὰ
1344 3907 1595 3971 ἐκείνων,
1640 3906 1768 3977 ’περὶ⁹

186 4003 247 4060 οὗ
280 4007 444 4076 ὑμεῖς
469 4005 511 4034 ¹²
550 4002 881 4065 πεπόνθατε,
918 4001 1135 4069 εὔλογον
1166 3996 1233 4072 ἦν
1264 4000 1507 4071 παρόντα
1543 4016 1608 4069 με
1641 3999 1768 4068 ὑμῖν

1866 3174 2254 3231 erubescentes
2300 3174 2367 3228 de
2441 3173 2731 3229 manifesta
2784 3175 3122 3244 turpitudine
3181 3178 3434 3233 nituntur

1864 3273 2065 3319 cuncta
2102 3265 2169 3318 ad
2207 3265 2495 3335 allegorias
2526 3266 2765 3331 trahere,
2790 3274 2845 3320 et
2882 3282 2979 3335 per
3015 3268 3177 3322 aliam
3211 3268 3435 3325 demen-

1863 3356 1997 3410 tiam
2051 3356 2243 3409 volunt
2295 3356 2503 3410 erroris
2556 3355 2644 3409 sui
2701 3356 3032 3412 confirmare
3086 3358 3434 3415 mortiferum

1866 3449 2040 3503 virus.
2073 3446 2342 3501 Caeterum
2380 3444 2794 3501 confutaremus
2828 3455 2883 3501 et
2906 3449 3214 3519 allegorias,
3249 3452 3295 3506 si
3321 3452 3434 3509 illic

1867 3552 2146 3603 essemus,
2194 3552 2429 3606 quarum
2457 3538 2593 3591 adeo
2621 3537 2850 3591 invaluit
2895 3538 3062 3592 stulta
3096 3538 3308 3596 aﬂ‘ectio
3332 3583 3348 3608 ,
3374 3553 3436 3599 ut

1867 3632 2169 3686 maximum
2224 3631 2411 3684 animo
2451 3630 2724 3685 creaverit
2773 3631 3048 3685 morbum.
3108 3630 3226 3687 Non
3285 3636 3435 3689 enim

1868 3729 2080 3793 oportet
2118 3720 2477 3789 emplastrum
2514 3718 2719 3775 inferre
2744 3722 2799 3774 in
2830 3730 3038 3791 partem
3068 3725 3316 3793 corporis
3343 3741 3435 3780 sa-

1867 3828 2015 3878 nam,
2048 3812 2142 3867 sed
2176 3811 2229 3864 in
2264 3811 2590 3866 morbidam.
2625 3811 3077 3883 Quandoquidem
3112 3815 3279 3886 igitur
3310 3834 3433 3883 vos,

1866 3903 2092 3959 ridendo
2105 3900 2444 3973 Egyptiaca,
2461 3901 2779 3956 declarastis
2794 3918 2888 3957 vos
2906 3904 3047 3957 idem
3067 3906 3212 3974 quod
3232 3906 3308 3959 illi
3324 3922 3434 3962 non

1866 4001 2000 4069 pati,
2020 3998 2168 4053 circa
2196 3998 2249 4051 id
2274 3998 2455 4067 inquo
2471 4011 2567 4051 vos
2587 3998 2884 4067 azgrotatis,
2904 4013 3120 4067 aaquum
3146 4010 3229 4055 est
3252 4009 3312 4056 ut
3333 4018 3434 4071 ego

185 4100 287 4170 τὴν
318 4099 465 4151 ἴασιν
496 4096 588 4151 τοῦ
621 4099 677 4149 ἐν
707 4097 833 4166 ὑμῖν
866 4094 1069 4157 πάθους
1102 4094 1381 4163 παρέχειν.

1868 4106 2050 4145 coram
2084 4089 2239 4144 vobis
2274 4088 2573 4142 remedium
2610 4089 2777 4143 vestri
2813 4090 2986 4143 morbi
3030 4092 3323 4160 praebeam.

256 4189 404 4244 XIX.
460 4189 517 4242 Ὀ
549 4188 680 4241 Θεὸν
715 4186 890 4240 σέϐειν
934 4184 1256 4257 αἱρούμενος
1291 4185 1398 4256 πρὸ
1430 4183 1646 4237 πάντων
1689 4184 1759 4236 εί-

1936 4182 2079 4236 ΧΙΧ.
2123 4181 2224 4247 Qui
2284 4180 2450 4234 Deum
2493 4180 2669 4234 colere
2720 4180 2855 4245 vult,
2894 4190 3018 4236 ante
3065 4184 3251 4239 omnia
3290 4186 3438 4241 scire

183 4282 339 4336 δέναι
366 4279 591 4349 ὀφείλει.
626 4278 679 4331 τί
721 4278 876 4349 μόνον
903 4279 1001 4349 τῆς
1030 4275 1163 4329 Θεοῦ
1195 4275 1409 4344 φύσεως
1438 4275 1566 4328 ἴδιόν
1600 4277 1759 4337 ἐστιν1

1868 4274 2027 4329 debet
2084 4272 2212 4342 quid
2262 4272 2437 4325 solum
2484 4271 2683 4324 divinae
2734 4280 2942 4325 naturae
2990 4274 3273 4342 proprium
3329 4276 3433 4338 sit,

190 4373 221 4424 ὃ
249 4373 397 4443 ἄλλῳ
430 4373 710 4441 προσεῖναι
743 4368 1020 4433 ἀδύνατον,
1046 4368 1154 4430 ἴνα,
1181 4370 1261 4431 εἰς
1283 4368 1345 4421 τὸ
1382 4368 1575 4438 ἰδίωμα
1603 4366 1759 4421 αὑτοῦ

1869 4367 2013 4437 quod
2045 4364 2201 4420 alteri
2238 4380 2346 4417 non
2385 4362 2554 4433 possit
2604 4363 2817 4428 inesse;
2853 4372 2910 4416 ut
2958 4363 3013 4416 in
3049 4366 3438 4434 proprietatem

191 4464 523 4518 ἀποϐλέπων
556 4464 651 4517 καὶ
675 4462 800 4533 παρ’
823 4462 993 4534 ἑτέρῳ
1023 4460 1153 4514 αὐτὸ
1177 4460 1251 4531 μή
1280 4461 1569 4530 εὑρίσκων,
1600 4462 1759 4533 ἑτέρᾳ

1878 4458 1998 4528 ejus
2026 4457 2344 4527 respiciens,
2377 4469 2606 4524 eamque
2632 4469 2741 4507 non
2778 4454 3049 4523 reperiens
3080 4456 3221 4524 apud
3245 4457 3435 4522 alium,

196 4557 258 4609 τὸ
274 4557 317 4587 ³³
342 4555 451 4626 θεῷ
465 4551 602 4607 εἶναι
627 4554 700 4625 μὴ
720 4552 971 4623 ἁπατηθῇ
998 4550 1178 4604 δοῦναί
1213 4568 1362 4603 ποτε.
1386 4552 1541 4604 Ἔστι
1562 4551 1617 4603 δὲ
1640 4551 1759 4606 ἴδιοι

1874 4569 2151 4624 nunquam
2202 4551 2393 4607 fraude
2450 4552 2743 4606 inducatur
2785 4551 2852 4605 ad
2892 4550 3235 4607 tribuendam
3282 4550 3439 4604 alteri

190 4646 356 4711 Θεοῦ,
380 4645 565 4699 τοῦτον
601 4645 757 4715 μόνον
786 4639 944 4705 εἶναι,
973 4642 1048 4705 ὡς
1077 4641 1293 4695 πάντων
1327 4642 1575 4711 ποιητὴν,
1600 4641 1759 4706 οὕτως

1875 4646 2233 4702 divinitatem.
2264 4643 2357 4699 Est
2386 4653 2566 4697 autem
2598 4643 2879 4712 proprium
2910 4640 3044 4697 Dei:
3077 4642 3231 4696 illum
3259 4640 3437 4696 solum

1466 4759 1701 4814 VARle
1737 4761 2137 4818 LECTIONES.

263 4876 462 4947 ’θόφην
490 4873 551 4930 0.
579 4875 716 4947 Tum
747 4875 818 4929 id.
861 4874 1131 4947 ίσχὺν’καὶ
1154 4872 1395 4947 κρόμυα.
1428 4871 1485 4947 S_.
1509 4873 1674 4947 Plura
1699 4878 1972 4947 congessit
1997 4878 2062 4930 de
2098 4877 2197 4930 hac
2215 4874 2594 4947 {Egyptiorum
2628 4875 3015 4947 superstitione
3039 4870 3434 4947 C,'.ad_Recogn.

263 4891 306 4907 "
322 4891 462 4947 οφην
490 4891 551 4930 υ.
580 4891 716 4930 lum
747 4891 818 4929 tu.
861 4891 1013 4946 ισχυν
1038 4891 1131 4928 και
1154 4892 1189 4928 κ
1230 4891 1395 4945 υμυοι.
1429 4891 1485 4927 δ.
1511 4891 1674 4930 rlura
1699 4892 1798 4931 con
1839 4891 1972 4933 essrt
1997 4891 2062 4930 (te
2098 4891 2197 4930 nac
2215 4891 2594 4945 mgvptlorum
2629 4891 3015 4945 supersuttone
3039 4891 3185 4935 uuae
3207 4891 3434 4942 necogn.

191 4962 249 5018 ἶ,
284 4946 381 5000 20.
442 4947 508 4977 ¹⁰⁰
530 4946 703 5018 ὀρθῶς
724 4946 892 5018 όντως
915 4950 981 5018 0.
1045 4891 1231 5018 fllagg
1271 4986 1285 5008 ,
1332 4944 1679 5018 gqcleLO.
1733 4950 1751 4978 ¹
1774 4894 1885 5000 ἀλλ’
1912 4947 2004 5001 οὖν
2034 4949 2095 4999 Ο.
2121 5015 2129 5018 _
2171 4947 2190 4977 ³
2213 4946 2286 5000 Ita
2314 4935 2396 5018 Si,
2429 4946 2799 5018 άποκρίνασθε
2833 4947 2894 5018 (1,
2926 4944 3001 5018 0.-
3026 4943 3341 5018 Δβ’-κρόμυον
3373 4944 3437 4997 0.

196 5016 339 5071 Tum
375 5019 533 5071 καὶοὶ
560 5014 610 5085 p.
639 5017 732 5087 καί
762 5017 864 5087 legi
894 5016 1009 5071 vult
1040 5014 1096 5069 S.
1168 5015 1189 5087 Ψ
1217 5015 1428 5087 ποιοῦσι
1467 5019 1528 5087 0.
1571 5015 1707 5069 Tum
1752 5018 1904 5087 ὑμῶν
1930 5035 1980 5087 p.
2007 5015 2207 5087 ὁμοίως
2244 5017 2390 5087 conj.
2423 5015 2479 5068 S.
2554 5014 2654 5069 θτό
2693 5017 2863 5070 textui
2910 5014 3119 5087 reddidi
3146 5023 3436 5087 postquam

198 5088 468 5140 omissum
500 5083 616 5141 erat
642 5102 671 5140 a
706 5086 762 5139 S.
795 5083 937 5140 Idem
968 5086 1220 5156 proponit
1241 5085 1384 5148 τινές
1413 5100 1465 5154 p.
1495 5084 1595 5139 ἐτι.
1673 5088 1692 5117 ⁷
1719 5083 1859 5141 αὑτά
1880 5083 1945 5142 Ο”
1970 5096 2024 5141 et
2042 5083 2104 5139 in
2133 5102 2302 5155 marg.
2330 5083 2371 5140 C
2402 5128 2416 5151 ,
2447 5087 2615 5149 αὑτάς
2643 5087 2713 5139 id.
2742 5087 2798 5139 in
2833 5094 3001 5139 textu.
3029 5083 3168 5138 Tum
3196 5085 3441 5156 ἐπινοίας

238 5195 254 5210 ο
284 5157 541 5219 ἀπονοίας
571 5162 629 5210 0-
699 5158 727 5228 ξ
748 5158 775 5208 ὁ
803 5156 899 5227 μέν
926 5155 983 5228 Ρέ
1006 5155 1155 5227 ὅμως
1179 5155 1272 5228 κοξί
1300 5161 1360 5208 0-
1436 5156 1823 5228 ε(διηλέγίὶμμεν
1846 5160 1905 5211 0.
1925 5157 2079 5228 Idem
2110 5171 2219 5228 om.
2243 5155 2309 5228 τό
2327 5166 2451 5228 ante
2473 5156 2740 5228 τοσοῦτον.
2767 5156 2925 5228 Quod
2951 5155 3246 5228 siretineri
3278 5155 3437 5228 velis,

238 5195 254 5210 ο
284 5173 541 5219 απονοιας
571 5173 629 5210 υ·
707 5173 727 5188 ⁵
748 5173 775 5208 ο
803 5173 899 5227 μεν
926 5173 974 5225 P-
1006 5174 1155 5227 ομως
1179 5173 1272 5208 και
1300 5173 1360 5208 υ.
1437 5173 1823 5228 ὀιηΑεγςαμεν
1846 5173 1905 5211 υ.
1937 5173 2079 5211 luem
2110 5173 2219 5209 om.
2243 5173 2305 5208 το
2327 5173 2451 5210 ante
2473 5173 2740 5209 τοσουτον.
2767 5173 2925 5221 ψιοα
2951 5173 2997 5210 s1
3028 5173 3246 5209 retineri
3279 5173 3434 5215 veus.

191 5173 317 5293 Rege
344 5228 533 5279 saltem
565 5226 816 5280 τοσοῦτον
845 5226 1022 5297 μωρὸν
1048 5224 1391 5297 ἐπεκράτησε
1414 5225 1476 5278 τὸ
1500 5227 1689 5290 πάθος.
1767 5228 1888 5290 ιθὼς
1917 5226 1974 5280 S.
2014 5228 2165 5297 deest
2194 5224 2340 5297 inAO,
2374 5226 2437 5287 C,
2488 5225 2640 5297 time
2673 5227 2919 5297 Galland.
3006 5226 3045 5256 “
3069 5222 3344 5297 πείθοντες
3370 5223 3434 5276 (3.

202 5296 403 5368 ξ’ίΤυιῃ
429 5298 585 5366 ὑμεῖς
620 5300 685 5356 Ο,
712 5309 767 5351 et
788 5295 856 5350 ei
876 5295 1102 5368 conject.
1127 5295 1168 5349 C
1192 5295 1345 5368 ’,A.qui
1382 5296 1435 5348 in
1469 5306 1614 5350 textu
1641 5298 1803 5367 ὑμᾶς.
1879 5297 2010 5368 ³⁸τῷ
2034 5296 2074 5350 C
2105 5337 2120 5362 ,
2153 5313 2233 5366 τῳ
2252 5295 2290 5349 S
2318 5295 2333 5358 ,
2358 5296 2459 5368 qui
2485 5296 2609 5351 lect.
2652 5297 2830 5350 Ottob.
2858 5295 2969 5365 jam
2996 5295 3310 5368 suspicatus
3331 5301 3437 5347 est.

199 5364 351 5422 Idem
373 5364 862 5437 interpungendum
893 5364 1107 5423 censuit
1131 5374 1191 5419 ut
1218 5366 1656 5436 interpunximus
1680 5364 1737 5421 'c.
1765 5370 1829 5423 0.
1862 5369 1962 5438 Ap.
1982 5364 2037 5422 Ὀ
2100 5364 2301 5436 puncto
2336 5366 2649 5422 distinctum
2686 5375 2770 5421 est
2799 5375 2922 5435 post
2943 5365 3109 5419 ἐστίν.

1505 5480 1872 5540 VARIORUM
1907 5481 2138 5538 NOTIE.

275 5572 393 5644 (27)
431 5572 664 5629 Ruﬁnus
699 5594 715 5631 :
755 5573 983 5629 cloacas.
1009 5571 1161 5629 Verti
1202 5572 1573 5647 etiam_potest
1609 5589 1775 5647 eana-
1883 5574 2081 5647 κρῆναι
2115 5575 2508 5647 καὶῄκρόμμυα
2550 5576 2645 5647 καί
2681 5574 2915 5647 γαστρὸς
2948 5572 3226 5647 πνεύματα
3260 5588 3438 5647 μεμη-

275 5589 393 5644 μι)
434 5589 664 5629 nuunus
699 5594 715 5631 :
755 5589 983 5629 cloacas.
1019 5589 1161 5629 veru
1202 5589 1364 5628 etiam
1394 5589 1573 5642 petest
1609 5589 1775 5626 cana-
1883 5591 1917 5626 κ
1955 5591 2081 5645 ηναι
2115 5589 2208 5628 και
2254 5589 2508 5646 κρόμμυα
2550 5589 2645 5628 και
2681 5589 2915 5647 γαστρός
2948 5589 3226 5643 πνευματα
3260 5589 3370 5642 μεμ.
3407 5601 3434 5613 -

199 5646 303 5709 les,
322 5648 481 5716 riuos,
505 5663 671 5716 aquag
690 5647 1020 5716 decurrentes
1045 5660 1107 5697 ac
1132 5660 1333 5716 semper
1355 5643 1602 5716 fatentes1
1615 5644 1770 5716 juxta
1880 5591 2030 5716 νῖτες
2060 5645 2429 5711 ἐκθειάζονται
2460 5646 2521 5702 C.
2567 5645 2705 5701 Tum
2764 5646 2977 5716 ἐχθροῖς
3006 5660 3060 5715 p.
3097 5644 3343 5713 αἰσχροῖς

200 5717 344 5774 illud
372 5712 595 5772 Caesarii
637 5714 801 5785 Best).
835 5718 902 5772 ad
934 5715 1197 5785 Interrog.
1232 5712 1337 5768 19;
1374 5714 1513 5785 Παρ’
1544 5714 1773 5786 Ἕλλησι
1880 5712 2141 5769 Βιιεεειςι..
