3894 6208
510 309 608 363 271

1373 310 1428 364 S.
1468 309 1856 365 CLEMENTIS
1893 309 1909 362 Ι
1955 308 2119 364 ROM.
2162 310 2361 366 PONT.
2403 311 2633 367 OPERA
2660 313 2885 370 DUBIA.

3647 321 3767 376 272

512 439 654 488 esse,
694 432 753 478 ut
782 424 1026 479 omnium
1063 435 1388 491 creatorem,
1429 425 1499 479 ita
1537 436 1590 479 ct
1630 427 1919 494 Optimum.
1973 426 2072 479 Po-

2182 428 2276 479 καὶ
2310 429 2608 498 κρείττονα.
2644 430 2902 502 Κρεῖςςτόν
2937 430 3051 483 ἐστι
3083 430 3307 502 δυνάμει
3339 432 3437 502 μὲν
3466 433 3528 487 τὸ
3566 435 3770 489 ποιοῦν

512 518 718 573 tcntius
744 518 945 588 quippe
976 526 1061 573 est
1090 519 1234 588 quod
1268 517 1398 571 facit
1434 532 1522 583 eo,
1553 519 1698 587 quod
1740 519 1832 585 ﬁt;
1867 518 2078 589 magni-

510 610 716 676 tudine,
749 610 896 680 quod
945 611 1214 663 inﬁnitum
1246 618 1349 675 est,
1389 610 1588 675 ﬁnitis;
1622 611 1800 678 specie
1826 611 2077 679 pulcher-

512 703 710 756 rimum
742 719 755 766 ;
791 700 1046 755 felicitate
1083 702 1496 769 beatissimum;
1544 711 1723 756 mente
1743 702 2078 770 perfectissi-

510 809 683 848 mum.
717 791 976 847 Similiter
1013 802 1193 848 autem
1224 802 1277 849 et
1310 794 1364 847 in
1409 794 1531 848 aliis
1569 794 1684 863 ipse
1728 794 2074 862 incompara—

506 885 688 940 biliter
716 887 937 940 eminet.
976 885 1113 940 Cum
1144 901 1272 956 ergo
1292 927 1306 952 ,
1357 888 1501 940 sicut
1538 885 1687 953 dixi,
1714 885 1809 939 Dei
1845 885 1915 939 sit
1942 899 2073 954 pro-

506 979 709 1047 prium,
730 980 944 1034 cunctis
965 995 1087 1035 esse
1118 980 1420 1045 meliorem,
1455 981 1522 1033 ab
1546 980 1665 1050 ipso
1691 991 1870 1033 autem
1898 977 2074 1032 factus

506 1069 612 1133 sit,
644 1070 737 1138 qui
774 1070 959 1123 omnia
992 1069 1373 1139 complectitur
1415 1068 1675 1134 mundus,
1707 1071 1924 1135 penitus
1972 1081 2069 1119 ne-

503 1160 747 1214 cessario
778 1160 885 1214 dici
922 1160 1103 1224 debet,
1131 1159 1338 1213 nullam
1366 1174 1548 1212 rerum
1579 1157 1647 1211 ab
1674 1172 1740 1211 eo
1764 1168 2068 1211 creatarum

504 1265 667 1320 posse
694 1264 818 1304 cum
854 1251 973 1320 ipso
1004 1250 1241 1305 conferri
1270 1259 1323 1304 et
1351 1250 1644 1319 exzequari.

572 1340 690 1394 XX.
732 1341 903 1396 Porro
932 1342 1193 1407 mundus,
1232 1341 1326 1411 qui
1361 1355 1468 1394 non
1503 1350 1586 1395 est
1627 1341 2067 1410 incomparabiiis

501 1446 557 1489 et
603 1436 841 1489 eximius
891 1444 1054 1504 atque
1104 1434 1253 1488 omni
1302 1450 1368 1488 ex
1407 1443 1559 1504 parte
1600 1435 1748 1509 nullo
1797 1436 2063 1504 indigens,

503 1527 646 1583 Deus
679 1542 800 1582 esse
828 1528 1036 1596 nequit.
1072 1525 1168 1581 Sin
1192 1542 1321 1582 vero
1356 1536 1502 1583 totus
1527 1528 1787 1593 mundus,
1812 1527 1865 1581 in
1892 1544 2068 1597 quan-

501 1630 617 1673 tum
649 1618 901 1673 conditus
928 1618 1049 1685 fuit,
1082 1618 1225 1673 Deus
1268 1634 1391 1673 esse
1424 1619 1629 1688 nequit,
1654 1628 1859 1688 quanto
1894 1622 2065 1690 magis

500 1711 646 1765 illius
676 1718 857 1779 partes
882 1725 990 1764 non
1023 1720 1165 1765 recte
1198 1711 1291 1765 Dei
1328 1726 1524 1765 nomen
1549 1711 1847 1779 accipient?
1876 1710 2063 1767 Partes

2140 516 2143 519 λ
2177 519 2270 571 τοῦ
2306 522 2708 591 ποιουμένου¹⁸,
2743 522 2879 593 πρὸς
2915 522 3143 591 μέγεθος
3174 523 3236 575 τὸ
3261 523 3485 596 ἄπειρον
3514 525 3613 578 τοῦ
3658 544 3751 578 πει

2180 612 2542 681 περασμένου·
2583 613 2716 685 πρὸς
2748 608 2884 676 εἶδος
2917 613 2979 665 τὸ
3011 614 3430 685 εὐμορφότατον,
3480 617 3619 686 πρὸς
3652 618 3756 679 εὑ-

2175 702 2455 771 δαιμονίαν
2483 702 2543 755 τὸ
2578 703 3010 776 μακαριώτατον,
3039 704 3199 774 225
3233 704 3367 775 πρὸς
3411 705 3535 758 νοῦν
3568 705 3630 756 τὸ
3675 723 3752 757 τε·

2175 787 2445 841 λειότατον
2468 790 2530 842 ".
2583 792 2811 862 Ὁμοίως
2843 792 2898 844 δὲ
2942 793 3036 845 καὶ
3068 795 3126 845 ἐν
3158 796 3272 856 τοῖς
3312 794 3489 857 ἄλλοις
3519 796 3695 859 αὐτὸς
3723 795 3765 827 ⁸⁸

2174 878 2573 951 ἀπαραϐλήτως
2591 882 2689 952 τὴν
2712 883 2982 954 ὑπεροχὴν
3005 883 3137 953 ἔχει.
3173 884 3323 937 Ἐπεὶ
3350 880 3465 949 οῦν,
3496 887 3574 949 ὡς
3588 888 3764 957 ἔφην,

2177 970 2305 1022 [διον
2341 972 2473 1025 Θεοῦ
2517 974 2578 1025 τὸ
2622 974 2785 1027 αὑτὸν
2823 972 2962 1027 εἶναι
2995 976 3101 1029 τῶν
3141 976 3277 1029 ὅλων
3311 979 3616 1047 κρείττονα,
3664 979 3764 1030 ὑπ’

2172 1064 2334 1117 αὑτοῦ
2365 1064 2420 1116 δὲ
2454 1068 2482 1117 ό
2523 1067 2697 1118 πάντα
2735 1068 3001 1138 περιέχων
3033 1069 3220 1136 γέγονε
3262 1042 3484 1139 κόσμῖς,
3533 1070 3762 1138 ἀνάγκη

2174 1156 2321 1207 πᾶσα
2357 1156 2568 1222 λέγειν,
2622 1155 2786 1225 μηδὲν
2804 1158 2844 1188 ⁸⁷
2896 1156 2986 1208 ὑπ’
3047 1158 3208 1211 αὑτοῦ
3256 1160 3555 1227 γεγονότων
3597 1161 3761 1229 αὐτῷ

2169 1245 2426 1298 δύνασθαι
2454 1246 2550 1315 τὴν
2587 1244 2705 1314 ἴσην
2740 1246 2881 1321 ἕξειν
2912 1247 3213 1317 σύγκρισιν.

2239 1338 2356 1391 XX.
2411 1338 2467 1390 Ὀ
2500 1339 2555 1390 δὲ
2590 1339 2663 1409 μὴ
2693 1338 2829 1408 ἔχων
2866 1339 2928 1390 τὸ
2959 1339 3335 1409 ἁπαράϐλητον
3370 1342 3462 1394 καὶ
3500 1344 3756 1417 ἀνυπέρ-

2168 1429 2360 1500 ϐλητον
2395 1430 2487 1481 καὶ
2530 1431 2704 1500 πάντη
2736 1429 2995 1483 πάντοθεν
3036 1431 3279 1495 ἀνενδεὲς
3316 1434 3478 1497 αὐτὸς
3504 1431 3648 1488 εἷναι
3688 1440 3753 1490 οὐ

2166 1522 2402 1575 δύναται.
2442 1524 2503 1573 Et
2530 1522 2584 1574 δὲ
2617 1524 2645 1574 ό
2672 1524 2779 1585 πᾶς
2802 1522 3002 1592 κόσμος
3028 1522 3182 1575 τοῦτο
3210 1520 3344 1575 εἶναι
3385 1526 3444 1576 οὐ
3496 1526 3753 1589 δύναται,

2168 1613 2300 1667 καθὸ
2317 1614 2623 1683 γεγένηται,
2643 1615 2792 1684 πόσῳ
2815 1615 2856 1645 ¹⁸
2872 1631 2933 1682 γε
2956 1615 3152 1684 μᾶλλον
3179 1615 3247 1667 τὰ
3274 1616 3433 1685 μόρια
3450 1618 3615 1669 αὐτοῦ
3644 1621 3755 1671 οὐκ

2168 1704 2232 1756 ἂν
2276 1706 2507 1773 εὐλόγως
2548 1705 2770 1775 κληθείη
2805 1706 2968 1770 Θεὸς;
3005 1707 3185 1777 Μόρια
3215 1707 3271 1759 δὲ
3311 1707 3452 1775 λέγω
3486 1711 3615 1771 τοὺς
3653 1712 3751 1779 ὑφ’

499 1810 680 1854 autem
712 1800 856 1864 dico,
895 1816 1033 1869 quos
1066 1802 1273 1855 vocatis
1302 1801 1453 1866 deos,
1506 1801 1763 1853 nimirum
1800 1817 1866 1855 ex
1902 1817 2058 1867 auro,

2166 1796 2317 1864 ὑμῶν
2359 1796 2678 1865 λεγομένους
2711 1797 2884 1859 θεοὺς,
2934 1802 2997 1852 ὲκ
3042 1799 3083 1828 ¹⁹
3119 1798 3319 1869 χρυσοῦ
3355 1801 3446 1851 καὶ
3471 1802 3747 1872 ἀργύρου,

498 1902 745 1962 argento,
776 1907 904 1959 aere,
954 1892 1153 1962 lapide,
1195 1892 1279 1946 vel
1324 1892 1430 1945 alia
1472 1906 1799 1961 quacunque
1834 1894 2062 1947 materia

498 1984 696 2052 factos,
750 1985 1079 2055 insuperque
1123 1984 1368 2038 mortalis
1406 1999 1599 2037 manus
1635 1984 1869 2054 opiﬁcia.
1906 1986 2061 2039 Atta-

497 2092 623 2131 men
667 2076 947 2131 videamus
977 2085 1257 2146 przeterea,
1310 2075 1545 2145 qualiter
1587 2091 1684 2144 per
1728 2090 1791 2131 os
1825 2076 2062 2132 hominis

496 2168 843 2238 importunus
872 2181 1095 2237 serpens
1121 2166 1375 2254 deceptos
1402 2165 1806 2221 inductionibus
1835 2165 2058 2222 inliciat.

564 2324 705 2380 XXI.
758 2324 955 2381 Dicunt
974 2326 1118 2380 enim
1162 2325 1317 2379 multi
1352 2344 1363 2380 :
1407 2324 1466 2379 In
1498 2324 1701 2379 nostris
1744 2324 2060 2381 numinibus

492 2435 602 2473 non
633 2432 827 2473 aurum
872 2432 1048 2486 neque
1083 2426 1367 2486 argentum
1406 2432 1506 2471 nec
1539 2417 1746 2487 lignum
1790 2429 1883 2474 aut
1922 2419 2061 2487 lapi-

476 2510 613 2564 dem
642 2509 977 2563 adoramus:
1010 2508 1214 2563 scimus
1263 2523 1499 2577 namque
1556 2520 1609 2564 et
1648 2526 1747 2566 nos
1788 2512 1889 2566 ista
1922 2511 2054 2566 nihil

489 2617 633 2666 esse,
664 2610 857 2671 printer
880 2598 1177 2653 inanimam
1207 2599 1485 2654 materiem
1515 2610 1569 2654 et
1600 2604 1845 2657 mortalis
1884 2604 2058 2657 homi-

492 2693 578 2747 nis
628 2692 917 2746 artiﬁcium
946 2732 960 2758 ,
1017 2691 1110 2746 sed
1159 2692 1408 2760 spiritum
1452 2693 1547 2762 qui
1597 2693 1652 2748 in
1686 2694 1792 2750 illis
1836 2697 2058 2763 residet,

491 2785 651 2840 deum
685 2783 1003 2840 asserimus.
1049 2781 1182 2837 Vide
1224 2784 1326 2838 ista
1372 2783 1762 2853 proferentium
1806 2789 2057 2859 maligni-

491 2884 655 2931 tatem
687 2894 700 2930 :
730 2891 853 2930 nam
883 2876 1031 2944 quia,
1058 2874 1201 2945 quod
1231 2886 1472 2946 apparet,
1504 2878 1751 2932 convinci
1777 2877 1931 2934 facile
1954 2896 2053 2949 po—

490 2976 614 3033 test,
658 2966 803 3036 quod
847 2966 983 3019 nihil
1015 2967 1104 3032 sit,
1139 2966 1204 3021 ad
1240 2967 1291 3021 id
1317 2968 1459 3037 quod
1490 2984 1596 3022 non
1623 2969 1836 3024 videtur
1861 2973 2053 3025 coniu-

490 3060 666 3129 giunt,
694 3057 851 3128 quasi
890 3058 943 3111 in
978 3073 1036 3112 re
1073 3057 1274 3113 incerta
1314 3069 1584 3128 nequeant
1624 3060 1914 3116 confutari.
1944 3061 2051 3117 No-

488 3152 700 3206 biscum
730 3159 909 3205 tamen
938 3164 1003 3204 ex
1034 3160 1185 3219 parte
1210 3150 1299 3205 isti
1331 3154 1676 3219 conﬁtentur,
1703 3154 1847 3223 quod
1886 3154 2037 3209 dimi-

486 3243 638 3301 dium
661 3242 1078 3297 simulacrorum
1099 3256 1323 3297 suorum
1355 3242 1489 3298 deus
1513 3258 1621 3299 non
1651 3246 1741 3311 sit,
1771 3246 1861 3301 sed
1886 3262 2050 3302 sensu

487 3351 681 3392 carens
710 3334 959 3390 materia.
1016 3332 1276 3404 Superest
1328 3334 1513 3405 igitur,
1567 3344 1627 3389 ut
1671 3338 2050 3408 prohcnt,qua

487 3429 698 3484 ratione
724 3428 1012 3483 credamus
1047 3427 1100 3481 in
1134 3427 1242 3481 illis
1265 3429 1471 3483 versari
1495 3428 1736 3483 divinum
1773 3430 2045 3500 spiritum.

487 3518 688 3576 Verum
716 3518 771 3573 id
795 3518 868 3573 ita
888 3534 1008 3573 esse
1029 3517 1183 3572 nobis
1209 3519 1892 3588 nequeuntdemonstrare,
1920 3522 2047 3591 quia

485 3625 596 3666 non
634 3621 734 3666 est.
793 3608 859 3664 Et
903 3610 1037 3679 ipsis
1076 3609 1392 3680 apparuisse
1438 3625 1549 3665 non
1597 3612 1891 3667 credimus.
1938 3612 2051 3669 Nos

478 3700 595 3755 illis
653 3714 716 3754 ca
761 3699 1004 3754 divinum
1052 3699 1305 3769 spiritum
1357 3715 1461 3755 non
1502 3700 1701 3756 habere
1749 3719 1845 3771 per
1886 3718 2048 3773 argu-

484 3800 668 3846 menta
716 3790 1104 3861 probabimus,
1163 3798 1225 3845 ut
1264 3791 1510 3845 veritatis
1568 3792 1817 3857 studiosi,
1864 3794 2047 3849 audita

482 3880 855 3938 confutatione
890 3879 1164 3949 opinionis
1200 3895 1263 3935 ea
1300 3881 1493 3949 spiritu
1524 3880 1749 3950 praedita
1772 3879 2046 3936 aﬁlrman-

484 3978 573 4042 tis,
600 3988 631 4026 a
663 3972 881 4026 rabioso
902 3986 1087 4026 errore
1109 3986 1167 4027 se
1190 3980 1453 4027 avertant.

549 4090 717 4147 XXII.
755 4089 941 4144 Primo
969 4086 1189 4157 quidem
1226 4085 1272 4140 si
1301 4100 1364 4140 ea
1392 4086 1539 4140 velut
1561 4085 1811 4155 spiritum
1840 4085 2045 4139 haben-

480 4188 558 4243 tia
604 4184 813 4249 colitis,
866 4180 1027 4235 etiam
1072 4179 1423 4247 antiquorum
1467 4178 1747 4232 hominum
1796 4178 2043 4247 sepulcra

478 4277 744 4344 adoratis,
766 4288 904 4344 quos
931 4273 985 4326 in
1012 4269 1265 4327 confesso
1280 4280 1361 4324 est
1384 4269 1624 4323 divinum
1652 4284 1759 4323 non
1787 4270 2043 4325 habuisse

480 4373 755 4445 spiritum.
782 4368 861 4423 Ita
892 4381 1067 4436 neque
1112 4365 1167 4417 in
1207 4364 1311 4419 hoc
1350 4380 1477 4418 vera
1517 4364 1823 4434 loquimini.
1873 4363 2042 4420 Porro

2163 1888 2361 1958 χαλκοῦ
2387 1906 2444 1939 τε
2474 1891 2565 1941 καὶ
2598 1889 2793 1959 λίθουῆ
2818 1890 2912 1942 καὶ
2932 1890 2987 1954 ἐξ
3015 1890 3177 1959 ἄλλης
3202 1890 3331 1961 ὓλης
3359 1894 3677 1961 ἡστινοσοῦν
3701 1896 3749 1925 ³⁸

2162 1981 2438 2047 γεγονότα,
2467 1980 2561 2033 καὶ
2586 1979 2757 2033 ταῦτα
2791 1981 2894 2032 ὑπὸ
2918 1980 3116 2050 θνητῆς
3148 1983 3328 2052 χειρὸς
3350 1982 3749 2057 δεδημιουργη-

2166 2072 2318 2141 μένα.
2358 2072 2546 2141 Ὅμως
2590 2072 2645 2124 δὲ
2691 2072 2826 2141 πρὸς
2849 2072 3016 2124 ταῦτα
3063 2072 3260 2142 ἴδωμεν
3294 2076 3359 2137 ³³,
3392 2071 3478 2127 οἷα
3527 2077 3597 2129 δι’
3641 2079 3744 2131 ἀν-

2162 2162 2379 2234 θρώπου
2412 2163 2676 2234 στόματος
2700 2165 2728 2214 ό
2753 2163 2922 2225 δεινὸς
2950 2163 3071 2231 ὄφις
3096 2165 3403 2234 φαρμάσσει
3436 2170 3548 2230 τοῖς
3588 2169 3744 2221 ἐπει-

2162 2258 2320 2325 γμοῖς
2352 2256 2397 2286 ¹²
2431 2258 2552 2319 τοὺς
2584 2255 3057 2326 ἐξαπατωμένους.

2234 2346 2372 2400 XXI.
2414 2347 2643 2415 Λέγουσι
2700 2348 2806 2419 γὰρ
2850 2350 2897 2400 οἱ
2946 2348 3145 2400 πολλοί·
3202 2349 3321 2402 Τῶν
3377 2350 3741 2422 σεϐασμάτων

2161 2439 2315 2509 ἡμῶν
2358 2438 2585 2508 σέϐομεν
2629 2439 2690 2491 οὐ
2732 2440 2820 2492 τὸν
2855 2439 3053 2510 χρυσὸν
3080 2440 3199 2493 οὐδὲ
3232 2442 3322 2494 τὸν
3348 2442 3590 2513 ἄργυρον
3612 2446 3739 2499 οὐδὲ

2160 2529 2314 2595 ξύλον
2348 2525 2379 2595 ἢ
2408 2529 2575 2583 λίθον·
2617 2531 2771 2602 ἴσμεν
2807 2533 2913 2603 γὰρ
2950 2534 3042 2585 καὶ
3076 2535 3234 2603 ἡμεῖς
3267 2535 3348 2587 ὅτι
3379 2533 3551 2587 ταῦτα
3581 2537 3738 2591 οὐδέν

2158 2622 2303 2674 ἐστιν
2354 2623 2398 2697 ἢ
2435 2622 2635 2693 ἄψυχος
2683 2623 2780 2695 ῦλη
2838 2624 2930 2676 καὶ
2985 2624 3270 2695 ἀνθρώπου
3320 2625 3510 2695 θνητοῦ
3543 2627 3735 2697 τέχνη’

2157 2712 2290 2765 ἀλλά
2330 2714 2389 2765 τὸ
2432 2715 2716 2767 κατοικοῦν
2749 2718 2804 2767 ὲν
2841 2716 3021 2778 αὐτοῖς
3049 2715 3281 2784 πνεῦμα,
3307 2716 3462 2767 τοῦτο
3490 2716 3615 2769 θεὸν
3647 2716 3735 2769 λέ-

2155 2820 2341 2874 γομεν.
2382 2806 2521 2875 Ὅρα.
2566 2808 2673 2858 τῶν
2716 2806 2885 2859 ταῦτα
2940 2806 3203 2874 λεγόντων
3241 2806 3336 2877 τὴν
3377 2806 3729 2877 κακοήθειαν.

2168 2900 2319 2952 Ἐπεὶ
2354 2899 2459 2969 γὰρ
2484 2900 2541 2951 τὸ
2573 2898 2893 2968 φαινόμενον
2930 2898 3240 2965 εὐέλεγκτόν
3276 2901 3443 2959 ἐστιν,
3472 2899 3554 2951 ὅτι
3580 2900 3731 2952 οὐδέν

2156 2993 2321 3063 226
2342 2994 2509 3054 ἐστιν,
2540 2991 2841 3059 κατέφυγον
2866 2992 2956 3043 ἐπὶ
2981 2990 3041 3041 τὸ
3067 2990 3315 3059 ἀόρατον,
3344 2990 3418 3051 ὡς
3441 2991 3527 3043 ἐπ’
3551 2991 3731 3061 ἀδήλῳ

2151 3081 2255 3133 τινὶ
2278 3079 2606 3150 ’ἐλεγχθῆναι
2650 3080 2722 3149 μὴ
2759 3079 3058 3149 δυνάμενοι.
3100 3079 3244 3150 Πλὴν
3284 3079 3729 3149 συνομολογοῦσιν

2154 3172 2281 3241 ἡμῖν
2324 3171 2373 3222 οἱ
2406 3171 2632 3222 τοιοῦτοι
2672 3170 2761 3221 ἐπὶ
2790 3171 3005 3239 μέρους,
3030 3170 3110 3221 ὃτι
3143 3169 3203 3220 τὸ
3229 3169 3397 3238 ἥμισυ
3440 3169 3546 3221 τῶν
3596 3172 3727 3240 παρ’

2152 3266 2332 3327 αὐτοῖς
2380 3264 2685 3335 ἱδρυμάτων
2721 3263 2839 3326 θεὸς
2884 3264 2982 3315 οὐκ
3027 3262 3201 3327 ἐστιν,
3250 3261 3362 3314 ἀλλ’
3403 3262 3729 3333 ἀναίσθητος

2153 3359 2269 3429 ὓλη.
2320 3359 2517 3410 Λοιπὸν
2564 3358 2621 3411 δὲ
2656 3358 3023 3427 περιλείπεται
3071 3356 3237 3422 δεῖξαι
3281 3356 3476 3420 αὐτοὺς
3508 3358 3575 3421 ³⁸,
3611 3358 3728 3419 πῶς

2151 3448 2474 3519 πιστεύομεν
2501 3448 2581 3501 ὃτι
2622 3446 2760 3500 θεῖον
2799 3447 2909 3516 ἔχει
2952 3446 3183 3515 πνεῦμα.
3393 3446 3654 3512 ἐπιδεῖξαι
3681 3447 3726 3477 ’δ

2148 3544 2278 3612 ἡμῖν
2312 3541 2372 3592 οὐ
2411 3540 2661 3593 δύνανται
2699 3540 2780 3592 ὃτι
2815 3540 2980 3603 ἐστὶν,
3017 3539 3139 3591 ἐπεὶ
3168 3540 3240 3609 μή
3283 3540 3445 3592 ἐστιν.
3490 3540 3601 3591 Καὶ
3624 3539 3723 3591 αὐ-

2148 3636 2259 3694 τοῖς
2316 3630 2612 3701 ἑωρακέναι
2664 3631 2725 3681 οὺ
2773 3628 3116 3699 πιστεύομεν.
3177 3631 3367 3699 Ἡμεῖς
3415 3630 3598 3690 αὐτοῖς
3638 3629 3721 3681 ὅτι

2149 3724 2287 3777 θεῖον
2320 3725 2418 3777 οὐκ
2468 3723 2576 3793 ἔχει
2608 3722 2821 3792 πνεῦμα
2844 3722 2908 3785 ’⁵,
2948 3721 3044 3783 τὰς
3071 3721 3368 3786 ἀποδείξεις
3391 3720 3717 3790 παρέξομεν,

2147 3817 2294 3879 ὅπως
2330 3816 2423 3869 τοῦ
2458 3816 2631 3868 δοκεῖν
2668 3814 2805 3867 αὐτὰ
2839 3813 3046 3884 ἔμπνοα
3072 3810 3208 3866 εἶναι
3248 3814 3297 3865 οί
3340 3810 3652 3881 φιλαλήθεις
3674 3813 3719 3843 ’⁸

2145 3907 2235 3959 τὸν
2272 3906 2488 3977 ἔλεγχον
2521 3906 2849 3967 ἀκούσαντες
2890 3905 2989 3973 τῆς
3029 3902 3332 3967 λυσσώδους
3384 3902 3634 3965 ὑπονοίας
3672 3903 3715 3934 ²⁷

2145 3997 2282 4049 ἀποτ
2290 3997 2584 4067 ραπῶνται.

2215 4088 2376 4143 XXII.
2415 4089 2487 4141 Τὸ
2523 4090 2621 4160 μὲν
2655 4089 2717 4159 δὴ
2751 4089 2982 4161 πρῶτον,
3016 4090 3063 4140 εί
3108 4088 3182 4150 ὡς
3218 4087 3429 4157 ἔμπνοα
3461 4085 3587 4140 ὄντα
3629 4088 3716 4141 σέ-

2144 4178 2302 4231 ϐεσθε
2336 4177 2494 4240 αὐτὰ,
2539 4178 2631 4231 καὶ
2659 4178 2703 4208 ³⁸
2744 4179 2973 4231 αἰωνίων
3019 4177 3257 4249 ἀρχαίων
3304 4176 3507 4246 τάφους
3550 4194 3714 4247 προσ-

2144 4272 2350 4321 κυνεῖτε
2370 4308 2383 4331 ,
2417 4268 2523 4322 τῶν
2578 4269 3024 4339 ὁμολογουμένως
3068 4268 3219 4321 οὐδὲν
3252 4269 3295 4300 ²⁹
3331 4267 3547 4339 πνεῦμα
3572 4267 3711 4321 Θεῖον

2143 4362 2469 4431 ἐσχηκότων.
2498 4360 2681 4423 Οὕτως
2713 4360 2829 4412 οῦδὲ
2864 4360 3002 4412 κατὰ
3037 4360 3191 4413 τοῦτο
3231 4360 3542 4431 ἀληθεύετε.
3567 4360 3711 4433 Πλὴν

476 4468 528 4524 si
560 4480 685 4520 vere
725 4462 995 4532 spirarent
1041 4465 1222 4512 vestra
1259 4456 1503 4520 numina,
1535 4471 1630 4524 per
1666 4470 1725 4510 se
1756 4470 2027 4511 moveren-
2070 4470 2072 4522 j

2161 4454 2189 4503 :l
2217 4453 2380 4514 ὄντως
2407 4453 2615 4523 ἔμπνοα
2646 4447 2712 4521 ἦν
2745 4451 2814 4504 τὰ
2865 4452 3178 4522 σεϐάσματα
3223 4450 3397 4521 ὑμῶν,
3451 4451 3542 4520 ἀφ’
3584 4453 3709 4505 ἑαυ-

473 4568 587 4624 tur,
633 4569 821 4610 vocem
850 4552 1177 4614 emitterent,
1209 4563 1436 4602 araneas
1478 4548 1773 4603 insidentes
1817 4548 2034 4618 ablega-

470 4657 619 4715 rent,
658 4646 1001 4701 insidiatores
1028 4658 1158 4697 suos
1190 4650 1245 4695 et
1276 4640 1423 4695 fures
1454 4641 1752 4710 abigerent,
1782 4642 2037 4695 donario-

476 4754 598 4793 rum
628 4736 909 4806 prazdones
953 4732 1112 4787 facile
1158 4734 1699 4801 comprehenderent.
1748 4730 1867 4786 Jam
1909 4747 2037 4787 vero

472 4828 615 4885 nihil
655 4827 850 4881 horum
880 4823 1089 4879 faciunt
1130 4822 1226 4887 dii,
1266 4822 1356 4876 sed
1388 4822 1561 4875 instar
1597 4837 1814 4875 reorum
1846 4830 2034 4876 custo-

474 4921 721 4985 diuntur,
748 4916 1048 4988 praesertim
1087 4915 1181 4985 qui
1212 4921 1339 4969 sunt
1370 4914 1527 4982 pretii
1572 4914 1819 4983 majoris,
1843 4929 2034 4983 quem-

446 5012 771 5084 ,admodum
819 5006 1085 5080 principio
1139 5006 1397 5061 diximus.
1454 5004 1597 5071 Quid
1632 5006 1799 5073 cnim,
1849 5021 2032 5060 nonne

2139 4546 2245 4597 τῶν
2299 4544 2363 4599 ἂν
2402 4546 2647 4607 ἐκινεῖτο,
2701 4546 2879 4615 φωνὴν
2933 4545 2998 4599 ἂν
3054 4541 3217 4614 εἶχεν,
3267 4546 3365 4616 τὴν
3401 4546 3485 4596 ἐπ’
3531 4546 3709 4609 αὐτοῖς

2141 4636 2382 4706 ἀράχνην
2413 4635 2710 4697 ἀπεσεῐετο,
2749 4634 2872 4697 τοὺς
2910 4634 3089 4697 αὐτοῖς
3120 4634 3497 4687 ἐπιϐουλεῦσαι
3532 4634 3707 4687 θέλον-

2141 4742 2240 4789 τας
2285 4725 2377 4778 καὶ
2410 4724 2735 4786 κλέπτοντας
2768 4724 3062 4777 ἀπεωθεῖτο
3110 4726 3196 4787 ἂν,
3243 4728 3367 4789 τοὺς
3408 4726 3477 4778 τά
3521 4727 3707 4797 ἀναθή-

2143 4834 2287 4887 ματα
2320 4816 2699 4879 ἁποσυλῶντας
2742 4816 3136 4887 συνελάμϐανεν
3162 4818 3226 4871 ἂν
3267 4818 3480 4889 ῥᾳδίως.
3508 4818 3616 4873 Νῦν
3648 4820 3704 4871 δὲ

2136 4908 2338 4959 τούτων
2383 4906 2531 4959 οὐδὲν
2577 4906 2835 4969 ποιοῦσιν,
2890 4906 3002 4959 ἀλλ’
3059 4907 3102 4938 ³⁰
3158 4908 3233 4970 ὡς
3268 4908 3565 4972 κατὰδικοι,
3612 4910 3701 4961 xui.

2138 4999 2368 5069 μάλιστα
2410 4997 2779 5070 οἰτιμιώτεροι
2820 4998 3017 5063 αὐτῶν,
3072 4999 3449 5071 φρουροῦνται,
3502 5001 3577 5067 ὡς
3611 5006 3701 5057 καὶ

1730 5138 1965 5195 ΫΑΒΙᾹΞ
2006 5137 2403 5195 LECTIONES.

553 5278 865 5349 ³⁸κρείττων
888 5277 1034 5349 ἐστὶν
1059 5276 1124 5346 μὲ

1127 5296 1154 5331 ν
1175 5277 1399 5352 δυνάμει
1430 5277 1523 5352 τοῦ
1549 5280 1719 5352 ποιεῖν
1744 5278 1836 5352 τοῦ
1861 5279 2045 5333 λοιποῦ
2069 5280 2110 5333 C
2141 5321 2155 5344 ,
2174 5280 2419 5352 κρεῖττόν
2443 5280 2556 5333 ὲστι
2588 5280 2684 5350 μὲν
2708 5281 2931 5351 δυνάμει
2958 5282 3019 5334 τὸ
3045 5281 3230 5335 ποιοῦν
3256 5278 3348 5333 τοῦ
3373 5279 3601 5352 ποιητοῦ
3613 5279 3653 5331 D
3682 5320 3693 5343 ,

472 5347 719 5423 κρεῖττόν
744 5350 857 5423 ἐστι
880 5348 1104 5417 δυνάμει
1132 5347 1230 5416 μὲν
1263 5349 1327 5423 τὸ
1350 5349 1536 5423 ποιο-ῦν
1551 5349 1645 5401 τοῦ
1674 5350 1953 5423 ποιοῦντος
1972 5354 2022 5423 _0
2052 5391 2067 5414 ,
2088 5347 2251 5423 quam
2280 5351 2538 5423 ultimam
2580 5347 2767 5423 vocem
2813 5347 3145 5423 converti‘in
3189 5347 3531 5423 ποιουμένου.
3562 5349 3694 5423 Tum

472 5418 908 5492 περαινασμένου
933 5434 984 5492 p.
1012 5418 1425 5492 πεπερασμένου
1450 5420 1489 5472 C
1520 5458 1535 5483 ,
1558 5419 2024 5492 napawopévouS
2042 5436 2090 5475 c.
2108 5418 2193 5474 Cl.
2274 5420 2680 5492 “relattbtatov
2706 5422 2765 5474 C.
2846 5423 2889 5453 “
2906 5422 3036 5474 αὐτό
3051 5421 3107 5475 S.
3187 5424 3227 5492 _"
3259 5418 3522 5492 γυμῠπζ
3538 5420 3693 5473 αὐτου

547 5487 575 5545 ό
600 5487 775 5543 πάντα
804 5487 1071 5573 περιέχων
1099 5487 2166 5573 γέγονειχόσμοςᾏὸινάγκηἡπᾶσαῼλέγειν,
2197 5491 2360 5572 μηδέν
2378 5507 2491 5573 _non
2505 5499 2719 5573 exstant
2755 5492 2894 5573 in_0_.
2938 5562 2949 5573 _
2991 5494 3032 5573 ιβ
3054 5490 3253 5571 ἀνενδεξ

924 5558 1459 5630 γεγένητιιιᾲπόσῳ(ἦῘ
1526 5559 1567 5589 ¹⁹
1584 5560 1648 5611 ἐκ
1678 5558 1787 5613 om.
1808 5562 1868 5612 0.
1945 5561 1988 5591 ²⁰
2018 5560 2093 5615 Ita
2130 5558 2324 5630 scripsi
2358 5563 2496 5615 duce
2510 5564 2713 5626 0ttob.,
2739 5563 2831 5630 qui
2863 5562 3309 5616 Ιιιιιιοιτινοσοῦν.
3340 5562 3440 5629 Ap.
3466 5562 3507 5615 Ο
3552 5560 3693 5623 τινὸς

471 5627 583 5685 οὖν.
625 5630 883 5701 Nostrum
905 5626 1185 5701 janrvidit
1213 5626 1289 5701 S.
1350 5629 1391 5659 "
1423 5628 1616 5701 ξδωμεν
1641 5631 1689 5701 0_
1735 5648 1783 5684 c.
1821 5630 1857 5701 S
1886 5669 1901 5694 ,
1940 5631 2167 5701 εἴδωμεν
2207 5626 2268 5686 CI

469 5561 713 5623 δύναται,
730 5559 849 5612 καθ’

2991 5494 3032 5523 ³⁸
3054 5490 3298 5553 ἀνενδεὲς
3320 5490 3451 5553 Θεὸς
3477 5485 3608 5543 εἶναι
3634 5492 3691 5543 οὺ

2352 5634 2395 5662 ⁸³
2433 5633 2718 5701 ὑπειγμοῖς
2758 5632 2819 5685 C.
2900 5633 2944 5662 ³³
2976 5634 3160 5695 αὐτοῖς
3199 5634 3261 5685 Ο.
3337 5632 3379 5661 ³⁸
3407 5630 3692 5701 ἐπειδεῖξαι

473 5703 535 5752 0.
554 5770 567 5787 1
593 5700 647 5787 ξ’
660 5699 873 5780 πνεῦμα
907 5698 1235 5787 ascripsilex
1395 5699 1445 5787 2⁸
1471 5698 1785 5787 φιλαληθεῖς
1807 5700 1885 5787 (3.,
1938 5702 1980 5732 ⁸⁷
2002 5698 2261 5787 ἀπονοίας
2294 5702 2543 5787 .c‘onj.‘D.
2574 5698 2825 5787 Subinde
2849 5703 3385 5787 ἀποτρέπονται
3417 5700 3611 5787 ξδηιλθε·
3643 5701 3691 5754 τί

466 5770 567 5822 καί
590 5768 708 5841 (cur
735 5766 942 5842 etiam).
972 5766 1028 5825 S.
1060 5766 1300 5827 Subinde
1325 5766 1624 5840 ἀνθρώπων
1651 5766 1702 5840 p.
1734 5771 1964 5829 αίωνίων
1991 5771 2112 5843 conj
2143 5773 2227 5845 OG.
2294 5766 2798 5844 ²⁹ὁμολογουμένως
2839 5773 2913 5837 ὡς
2950 5766 3069 5826 οὖδέ
3094 5772 3155 5828 C.
3239 5774 3281 5806 ³⁰
3303 5771 3438 5828 ἀλλά
3467 5774 3527 5828 Ο.
