3894 6208
186 307 298 364 τε

1305 318 1762 377 CLEMENTINA.
1802 352 1869 361 —
1899 324 2174 382 HOMILIA
2216 330 2280 383 Χ.

3335 346 3441 399 274

182 426 282 495 τὴν
306 426 482 498 ἀρχὴν
514 430 835 504 εἰρήκαμεν.
868 433 931 487 Τί
957 434 1014 488 δὲ
1040 434 1100 488 οὑ
1131 436 1328 508 φόρους
1360 442 1452 493 καὶ
1482 441 1610 511 τέλη
1637 443 1739 495 ύπὲ

1847 494 1850 501 .
1880 445 2153 516 principes
2184 465 2213 503 a
2258 450 2415 505 vobis
2463 452 2665 507 tributa
2702 464 2755 509 et
2785 457 3064 527 vectigalia
3103 475 3201 529 pro
3227 461 3291 516 iis
3322 466 3439 517 exi-

182 512 364 568 αὑτῶν
391 519 712 576 ἀπαιτοῦσιν
739 524 882 595 ὑμᾶς
911 525 961 577 οἱ
981 525 1254 591 δυνάσται,
1282 529 1357 593 ὡς
1390 530 1558 584 πολλά
1582 512 1770 603 καρπιλ

1872 550 2040 609 gunt,
2094 546 2243 608 quod
2310 548 2544 601 multum
2603 548 2728 603 inde
2794 551 3145 607 emolumenti
3213 557 3443 624 capitis?

181 604 443 676 ζομένους
468 610 573 665 τῶν
596 614 740 678 ἐκεῖ;
768 614 820 666 τί
844 616 898 668 δὲ
921 617 981 669 οὑ
1015 619 1273 682 πολλάκις
1298 620 1402 673 ὑπὸ
1434 621 1703 693 πολεμίων
1726 624 1739 655 ³

182 696 206 714 ι.
366 699 377 713 .
599 705 636 714 -
654 706 754 714 -_
858 707 870 714 .
1129 710 1175 714 __
1338 710 1352 714 -

1870 604 2064 685 Nonne
2093 604 2234 702 saepe
2275 636 2344 689 ab
2383 638 2634 692 hostibus
2663 641 2801 709 rapti
2830 652 2979 705 sunt,
3003 653 3057 699 ct
3084 655 3208 714 post
3240 604 3449 705 fractu-

176 696 563 771 διηρπάγησαν
593 705 754 775 227
787 707 881 760 καὶ
926 710 1301 781 συντριϐέντες
1332 710 1763 783 διενεμήθησαν;

174 792 310 860 Οὐχὶ
340 794 433 845 καὶ
483 794 591 847 τῶν
616 796 722 861 ἔξω
760 797 1172 870 θρησκευόντων
1211 805 1367 858 αὑτοὶ⁵
1402 803 1560 889 πλέον
1600 806 1650 857 οἱ
1691 807 1766 859 ἰε-

1871 734 1985 773 ram
2016 722 2335 779 distributi?
2369 725 2560 783 Nonne
2589 731 2711 798 plus
2738 748 2901 801 quam
2933 736 3189 803 cultores,
3220 739 3313 807 qui
3350 756 3450 795 ex-

1870 820 1951 865 tra
1982 823 2128 881 sunt,
2182 816 2285 885 ipsi
2316 818 2637 889 plerumque
2665 824 2996 892 sacerdotes,
3041 842 3101 882 se
3145 830 3213 884 de
3262 830 3459 887 inutili-

176 886 311 952 ρεῖς,
355 886 449 938 ἐπὶ
497 890 565 958 τῇ
617 889 877 963 ἀχρήστῳ
927 892 1193 967 θρησκείᾳ
1227 896 1436 951 ἑαυτῶν
1490 886 1739 967 κατεγνωη

1867 903 2019 957 cultu
2051 886 2400 974 damnantes,
2431 886 2747 981 subripiunt
2767 916 2939 971 multa
2961 918 3225 975 donaria?

170 974 352 1038 κότες,
387 978 502 1031 τῶν
534 979 897 1053 ἀναθημάτων
930 985 1101 1039 πολλὰ
1130 987 1516 1058 ὑφαιροῦνται;

240 1064 434 1122 XXIII.
473 1069 602 1135 Ναὶ,
655 1073 839 1142 φησὶν,
887 1075 1021 1130 ἀλλά
1068 1078 1290 1150 προνοίᾳ
1325 1079 1503 1134 αὐτῶν
1544 1081 1760 1152 ἐφωρά-

168 1152 361 1223 θησαν.
414 1159 623 1223 Ψεῦδός
668 1165 835 1218 ἐστιν.
886 1167 1047 1220 Πόσοι
1101 1168 1209 1240 γὰρ
1249 1170 1349 1223 οὐκ
1400 1172 1758 1244 ἐφωράθησαν

164 1245 385 1311 αὑτῶν;
425 1250 489 1301 Εἰ
516 1249 570 1302 δέ
596 1251 683 1305 διά
714 1255 775 1307 τὸ
807 1256 983 1321 ἐνίους
1017 1260 1366 1331 συνειλῆφθαϊ
1399 1264 1625 1335 δύναμιν
1662 1267 1758 1319 αὑ-

160 1337 294 1399 τοὺς
321 1337 365 1367 ³¹
391 1337 538 1409 ἔχειν
575 1341 844 1409 λέγουσιν,
899 1348 1285 1419 πεπλάνηνται.
1333 1353 1443 1405 Καὶ
1498 1353 1605 1424 γὰρ
1647 1353 1756 1407 τῶν

158 1426 547 1499 τυμϐωρύχων
570 1433 715 1495 τινὲς
754 1434 853 1503 μὲν
890 1438 1253 1507 εὑρίσκονται,
1296 1444 1437 1505 τινὲς
1469 1443 1525 1495 δὲ
1570 1444 1758 1498 λανθά-

158 1537 368 1580 νουσιν,
398 1525 576 1575 καὶού
602 1526 773 1597 δήπου
808 1545 870 1596 γε
903 1533 966 1601 τῇ
1003 1532 1109 1587 τῶν
1134 1534 1342 1605 νεκρῶν
1368 1536 1593 1607 δυνάμει
1621 1538 1665 1569 ⁸³
1704 1540 1752 1592 οἱ

159 1609 564 1679 συλληφθέντες
612 1618 988 1690 ἐφωράθησαν.
1056 1623 1307 1679 Τοιοῦτόν
1350 1644 1401 1679 τι
1479 1630 1572 1681 καὶ
1624 1632 1752 1701 περὶ

154 1702 287 1764 τοὺς
345 1702 749 1776 κλεπτομένους
818 1712 911 1764 καὶ
977 1713 1318 1785 συλωμένους
1378 1717 1533 1782 θεοὺς
1604 1720 1749 1775 ἔστιν

154 1792 291 1860 ἡμῖν
348 1796 510 1849 νοεῖν.
580 1796 756 1861 Ἀλλὰ,
813 1801 1009 1871 φησὶν,
1057 1805 1118 1856 ού
1168 1808 1587 1877 πεφροντίκασιν
1642 1811 1748 1865 τῶν

150 1880 365 1945 ξοάνων
421 1886 601 1939 αὑτῶν
641 1890 689 1941 οξ
729 1892 786 1943 ἐν
818 1893 1000 1957 αὐτοῖς
1033 1894 1184 1959 ὄντες
1226 1896 1354 1951 θεοί.
1392 1899 1454 1951 Τί
1486 1895 1578 1954 οὖν
1611 1902 1749 1955 αὑτά

149 1973 317 2043 ὑμεῖς
349 1994 419 2048 τη
430 1978 640 2047 μελεῖτε
670 1984 969 2054 σμήχοντες
1000 1987 1094 2040 καὶ
1126 1987 1418 2053 πλύνοντες
1444 1993 1537 2045 καὶ
1561 1993 1749 2046 καθαί-

151 2081 360 2134 ροντες,
392 2072 798 2139 στεφανοῦντες,
852 2074 1201 2143 ἐπιθύοντες;
1256 2078 1457 2169 Διόιπερ
1501 2082 1748 2139 ἐντεῦθεν

149 2157 488 2227 συννοήσατε
541 2160 706 2230 μηδὲν
740 2162 785 2193 ³³
825 2163 969 2234 ὀρθῷ
1008 2166 1254 2238 λογισμῷ
1302 2157 1600 2235 ποιοῦντες.
1660 2173 1747 2239 Ὠς

146 2246 256 2318 γὰρ
276 2250 393 2309 τοῖς
417 2252 628 2319 νεκροῖς
652 2252 980 2318 ὲπικλαίετε,
1006 2255 1146 2310 οὑτω
1164 2259 1385 2323 καὶτοῖς
1418 2259 1561 2324 θεοῖς
1591 2262 1743 2333 ὑμῶν

142 2336 409 2391 ὲπιθύετε
446 2342 539 2394 καὶ
574 2343 846 2398 σπένδετε.

215 2470 417 2527 XXIV.
460 2474 655 2529 Οὐκέτι
694 2479 793 2548 μέν
833 2497 913 2533 τοι
946 2482 1104 2536 τοῦτο
1146 2486 1265 2539 οὑδὲ
1306 2488 1385 2560 τῷ
1410 2490 1507 2543 τοῦ
1536 2493 1744 2544 Καίσα-

141 2578 240 2631 ρος
275 2566 373 2616 καὶ
418 2566 525 2619 τῶν
572 2568 661 2621 ὑπ’
697 2571 858 2624 αὑτὸν
884 2573 1141 2637 ἐξουσιῶν
1177 2586 1458 2650 συμφωνεῖ
1488 2585 1743 2656 παραδεί-

136 2672 340 2724 γματι,
376 2657 656 2729 διοικητὰς
688 2664 890 2727 αὑτοὺς
922 2664 1117 2734 λέγειν,
1166 2670 1325 2723 ὁπότε
1369 2674 1527 2743 ὑμεῖς
1565 2676 1741 2730 αὑτῶν

135 2746 243 2815 τὴν
296 2750 480 2801 πᾶσαν
534 2752 777 2806 ποιεῖσθε
820 2756 1092 2826 πρόνοιαν,
1146 2761 1220 2824 ὠς
1262 2767 1541 2835 προεῖπον,
1601 2768 1742 2822 κατά

136 2838 328 2892 πάντα
366 2842 730 2911 τημελοῦντες
762 2847 888 2915 ὑμῖν
936 2848 980 2879 ³⁵
1023 2850 1094 2904 τά
1140 2852 1423 2925 ἱδρύματα.
1454 2858 1601 2912 Αὐτά
1632 2861 1741 2933 γὰρ

136 2929 300 2981 οὺᾶν
334 2931 613 3002 δυνάμενα
653 2936 805 2988 οὐδὲν
841 2944 1003 2995 ποιεῖ.
1064 2944 1215 2997 Ἐπεὶ
1260 2948 1449 3002 εἴπατε
1486 2952 1640 3022 ἡμῖν,
1688 2955 1738 3007 τί

135 3020 462 3087 διοικοῦσιν,
489 3024 542 3077 τί
574 3026 789 3082 ποιοῦσι
810 3032 1070 3099 τοιοῦτον,
1100 3039 1283 3092 όποῖόν
1315 3056 1367 3092 τι
1397 3043 1445 3094 οἱ
1482 3043 1621 3096 κατά
1650 3046 1739 3098 τό-

1933 1094 2121 1152 XXIII.
2163 1098 2238 1156 Ita
2278 1112 2381 1169 est,
2428 1105 2572 1161 dicet
2607 1108 2827 1179 aliquis,
2868 1113 2961 1167 sed
2997 1114 3222 1170 deorum
3255 1115 3422 1187 provi

1861 1186 2045 1243 dentia
2088 1189 2180 1244 isti
2231 1192 2483 1251 homines
2527 1198 2849 1268 deprehensi
2892 1213 3040 1259 sunt.
3066 1186 3287 1261 Falsum
3328 1217 3433 1265 est.

1861 1276 2003 1345 Quot
2041 1280 2185 1336 enim
2239 1298 2429 1338 eorum
2474 1302 2587 1345 non
2632 1298 2762 1344 sunt
2793 1292 3151 1361 deprehensi?
3183 1296 3341 1362 Quod
3385 1300 3435 1354 si

1858 1384 1925 1424 ex
1968 1372 2333 1440 quorumdam
2380 1379 2868 1445 comprehensione
2916 1381 3047 1439 deos
3109 1392 3433 1452 potestatem

1859 1460 2059 1516 habere
2080 1465 2434 1533 concludunt,
2472 1478 2677 1523 errant.
2711 1469 2924 1526 Etenim
2957 1488 3022 1528 ex
3057 1477 3433 1543 sepulcrorum

1856 1552 2217 1609 eﬂ‘ossorihus
2263 1558 2515 1611 nonnulli
2568 1560 2923 1616 inveniuntur
2967 1572 3022 1619 et
3068 1568 3316 1621 nonnulli
3360 1568 3434 1622 la-

1855 1651 1990 1711 tent,
2024 1647 2343 1716 neutiquam
2399 1660 2580 1704 tamen
2619 1662 2967 1708 mortuorum
3008 1657 3295 1724 potestatis
3323 1668 3428 1727 est,

1780 1788 1822 1842 B
1853 1738 1998 1807 quod
2024 1738 2101 1793 illi
2129 1740 2435 1809 capiantur.
2467 1742 2593 1797 Pari
2640 1746 2805 1799 modo
2848 1748 2915 1801 de
2949 1747 3163 1805 furibus
3202 1750 3433 1805 deorum

1853 1831 2113 1888 debemus
2148 1848 2391 1893 censere.
2437 1835 2564 1898 Sed,
2601 1838 2833 1906 dicetur,
2858 1855 3046 1895 curam
3092 1859 3201 1898 non
3235 1852 3434 1913 gerunt

1852 1923 2274 1980 simulacrorum
2309 1943 2559 1995 suorum,
2589 1931 2683 1999 qui
2726 1932 2780 1985 in
2821 1932 2901 1987 eis
2930 1934 3173 1989 resident
3198 1936 3293 1990 dii.
3319 1936 3431 1991 Cur

1849 2031 1980 2085 ergo
2009 2032 2109 2073 vos
2156 2033 2221 2073 ea
2270 2021 2497 2084 curatis,
2544 2022 2937 2091 abstergentes,
2990 2026 3258 2093 lavantes,
3298 2043 3430 2098 pur-

1849 2117 2058 2175 gantes,
2087 2120 2418 2167 coronantes
2442 2121 2498 2167 et
2519 2114 2807 2170 sacriﬁciis
2833 2117 3075 2173 colentes
3100 2119 3123 2171 ?
3157 2117 3429 2185 Quocirca

1848 2195 1974 2251 inde
2002 2206 2270 2267 reputate,
2320 2216 2421 2255 vos
2459 2213 2606 2258 recta
2636 2205 2845 2260 ratione
2883 2222 2992 2261 non
3021 2223 3200 2277 agere.
3225 2208 3427 2275 Quem-

1848 2288 2143 2344 admodum
2181 2292 2327 2347 enim
2368 2304 2617 2351 mortuos
2678 2296 2917 2365 deﬁetis,
2974 2300 3048 2354 ita
3094 2312 3149 2357 et
3202 2303 3308 2359 diis
3328 2318 3423 2361 ve-

1847 2380 1976 2434 stris
2006 2382 2326 2438 sacrilicatis
2354 2393 2408 2439 et
2431 2385 2633 2441 libatis.

1915 2488 2104 2543 XXIV.
2149 2489 2412 2561 Equidem
2454 2510 2560 2548 non
2600 2498 2833 2567 amplius
2856 2498 2987 2554 illud
3018 2504 3269 2557 convenit
3295 2518 3419 2559 cum

1845 2582 2093 2650 exemplo
2132 2582 2366 2639 Cresaris
2396 2594 2450 2640 et
2473 2596 2801 2655 potestatum
2832 2593 2933 2646 sub
2966 2593 3057 2646 illo
3097 2596 3419 2663 positarum,

1844 2673 1976 2727 deos
2028 2674 2211 2729 dicere
2262 2676 2773 2749 administratores,
2843 2685 3284 2755 quandoquidem
3353 2690 3418 2744 iis

1844 2780 2062 2820 omnem
2112 2782 2298 2821 curam
2345 2770 2677 2841 impenditis,
2728 2775 2869 2829 sicut
2907 2777 3019 2846 jam
3068 2778 3201 2845 dixi,
3228 2779 3279 2833 in
3300 2794 3413 2835 om-

1844 2858 2007 2914 nibus
2037 2860 2193 2913 vobis
2222 2860 2469 2916 foventes
2508 2864 2819 2919 simulacra.
2851 2866 2968 2936 Ipsa
2994 2868 3139 2922 enim
3170 2885 3295 2931 cum
3335 2871 3392 2924 ni

1842 2946 1920 3000 bil
1965 2949 2195 3016 possint,
2249 2949 2384 3001 nihil
2434 2949 2661 3006 faciunt.
2709 2952 2965 3024 Alioquin
3015 2955 3178 3010 dicite
3233 2955 3413 3020 nobis,

1841 3038 2099 3107 quidnam
2123 3040 2527 3109 administrent,
2551 3045 2679 3113 quid
2709 3046 3021 3116 hujusmodi
3043 3056 3227 3117 agant,
3257 3048 3417 3118 quale

136 3129 245 3166 πον
278 3114 613 3186 ἡγούμενοις
660 3120 715 3171 τί
760 3120 817 3174 δὲ
872 3125 1153 3196 ἐνεργοῦσι
1184 3131 1442 3198 τοιοῦτον,
1487 3137 1667 3190 ὁποῖον
1690 3140 1738 3191 οἱ

1847 3139 2012 3201 agunt
2051 3133 2299 3187 locorum
2346 3134 2582 3203 praefecti
2602 3137 2624 3189 ?
2648 3114 2793 3202 Quid
2818 3153 2947 3192 vero
2970 3114 3412 3208 tale'operentur,

134 3205 234 3259 τοῦ
270 3206 411 3294 Θεοὺ
451 3210 713 3281 ἀστέρες;
754 3216 801 3266 εἰ
848 3217 920 3287 μή
969 3220 1134 3292 228
1171 3241 1222 3277 τι
1268 3226 1566 3293 φαίνουσιν,
1602 3230 1676 3294 ὼς
1712 3233 1740 3284 ὁ

133 3297 319 3366 ἥλιος,
365 3293 450 3362 οἷς
492 3298 720 3371 λύχνους
748 3305 925 3374 ὑμεῖς
959 3309 1192 3377 ἆπτετε;
1221 3314 1311 3384 Μὴ
1346 3316 1410 3379 ³⁸,
1450 3293 1740 3390 ὥσπερτά

134 3386 276 3457 νέφη
290 3388 488 3452 ὑετοὺς
507 3392 684 3461 φέρει,
713 3395 808 3447 καὶ
826 3396 978 3450 αὑτοὶ
1000 3401 1186 3471 φέρειν
1204 3403 1443 3475 ὄμϐρους
1464 3386 1734 3481 δύνανται,

136 3479 185 3529 οἱ
222 3478 363 3549 μηδὲ
395 3482 622 3545 ἑαυτοὺς
656 3489 822 3538 κινεῖν
860 3487 1171 3560 δυνάμενοι,
1205 3494 1298 3547 ἐὰν
1347 3498 1421 3568 μὴ
1462 3478 1734 3570 ἄνθρωποι

138 3571 539 3639 ἐπιλάϐωνται;
596 3577 666 3629 Ἢ
709 3582 956 3649 καρποὺς
1005 3585 1336 3655 παρέχονται
1374 3592 1500 3654 τοὺς
1540 3595 1737 3658 αὐτοὺς

137 3664 203 3732 τῇ
230 3667 301 3734 γῇ
317 3667 433 3727 τοῖς
449 3666 629 3729 πόνοις
658 3668 830 3739 ὑμῶν,
856 3665 937 3735 οἷς
961 3672 1150 3739 θυσίας
1172 3677 1212 3708 ³⁷
1235 3685 1536 3751 χορηγεῖτε;
1553 3684 1736 3749 Οὕτως

139 3753 288 3806 οὐδὲν
310 3755 587 3811 δύνανται.

204 3868 379 3923 XXV.
422 3871 486 3923 Εἰ
526 3872 583 3924 δὲ
618 3875 714 3926 καὶ
754 3878 928 3930 ποιεῖν
973 3896 1023 3932 τι
1070 3880 1340 3947 ἐδύναντο,
1396 3885 1495 3940 οὐκ
1530 3887 1597 3941 ἂν
1635 3892 1733 3943 αὑ-

138 3962 262 4025 τοὺς
286 3962 468 4033 ὀρθῶς
519 3963 672 4029 θεοὺς
722 3965 957 4035 ἐλέγετε,
1005 3971 1167 4024 ὁπότε
1209 3975 1328 4027 οὑδὲ
1370 3977 1436 4029 τὰ
1494 3984 1731 4050 στοιχεῖα

140 4053 425 4123 ὀνομάζειν
453 4055 627 4122 ἔξεστι
654 4057 829 4125 θεοὺς,
863 4060 927 4113 δι’
962 4056 1037 4115 ὧν
1078 4064 1145 4116 τὰ
1183 4066 1362 4133 ἁγαθά
1395 4075 1725 4141 χορηγεῖται.

152 4144 313 4197 Ἀλλά
350 4148 442 4200 τὸν
479 4148 636 4219 μόνον
680 4149 916 4215 τάξαντα
953 4153 1110 4219 αὑτά,
1154 4157 1291 4227 πρὸς
1325 4161 1422 4230 τὴν
1456 4164 1726 4235 ἡμετέραν

142 4238 336 4308 χρῆσιν
374 4240 610 4295 ἐκτελεῖν
649 4243 719 4296 τά
758 4245 953 4309 πάντα,
973 4248 1067 4300 καὶ
1099 4250 1425 4305 κελεύσαντα
1457 4255 1726 4327 ἀνθρώπῳ

143 4331 461 4399 ὑπηρετεῖν,
498 4334 656 4403 μόνον
692 4335 837 4407 ὀρθῷ
862 4337 1005 4409 λόγῳ
1028 4339 1161 4393 Θεὸν
1184 4342 1533 4415 ὀνομάζομεν.
1575 4342 1648 4401 Ob
1676 4350 1721 4380 ³⁸

141 4421 237 4489 τῆς
263 4422 583 4491 εὐεργεσίας
616 4428 775 4496 ὑμεῖς
802 4428 875 4499 μὴ
902 4429 1277 4501 αἰσθανόμενοι
1308 4435 1375 4488 τά
1407 4438 1533 4507 ὑμῖν
1559 4439 1719 4509 δοῦλα

1841 3221 2001 3290 quale
2030 3220 2122 3274 Dei
2154 3223 2334 3276 astra?
2370 3223 2453 3276 An
2487 3224 2667 3279 lucent
2692 3226 2834 3281 sicut
2867 3228 2965 3293 sol,
2995 3227 3195 3297 quibus
3237 3228 3409 3284 lucer-

1840 3327 1938 3365 nas
1963 3312 2291 3366 aceenditis?
2327 3311 2633 3369 Possuntne
2670 3325 2729 3369 ut
2768 3316 2940 3371 nubes
2978 3317 3204 3371 imbrem
3233 3316 3410 3373 ferunt

1839 3402 1912 3455 ita
1942 3410 1995 3456 et
2030 3402 2136 3471 ipsi
2188 3403 2426 3471 pluviam
2466 3404 2616 3472 dare,
2664 3406 2756 3475 qui
2803 3422 2871 3461 ne
2922 3407 3069 3476 ipsos
3098 3408 3317 3478 quidem
3347 3424 3408 3464 se

1838 3509 2058 3549 movere
2098 3495 2301 3560 valent,
2344 3495 2447 3549 nisi
2485 3496 2554 3549 ab
2608 3497 2923 3552 hominibus
2967 3499 3413 3567 prehendantur?

1837 3588 1975 3642 Num
2018 3597 2177 3642 terrae
2204 3600 2301 3656 pro
2321 3588 2603 3643 laboribus
2639 3590 2836 3643 vestris
2858 3605 2953 3645 eos
2983 3591 3131 3659 ipsos
3165 3592 3405 3659 praebent

1834 3681 2067 3747 fructus,
2114 3680 2313 3749 quibus
2362 3679 2413 3733 ei
2471 3680 2739 3735 sacriﬁcia
2782 3682 3083 3737 exhibetis?
3134 3680 3225 3736 Sic
3271 3682 3407 3737 nihil

1833 3782 2080 3843 possunt.

1902 3883 2068 3938 XXV.
2113 3883 2217 3940 Sed
2246 3885 2349 3939 etsi
2379 3885 2621 3939 valerent
2649 3883 2853 3953 aliquid
2885 3883 3086 3951 facere,
3117 3898 3227 3939 non
3259 3892 3401 3945 recte

1829 3994 1926 4034 eos
1970 3981 2222 4035 diceretis
2266 3982 2436 4046 deos,
2491 3982 2750 4052 quoniam
2809 3998 2910 4037 nec
2960 3983 3085 4037 licet
3134 3986 3398 4037 elementa

1828 4070 1961 4125 deos
1986 4070 2275 4139 appellare,
2317 4086 2410 4140 per
2463 4088 2584 4139 quae
2628 4073 3047 4140 suppeditantur
3083 4073 3246 4128 bona.
3293 4073 3398 4129 Sed

1827 4177 1952 4216 eum
1985 4162 2163 4216 solum
2223 4171 2370 4217 recta
2418 4163 2628 4217 ratione
2669 4163 2838 4217 Deum
2881 4164 3259 4231 nominamus,
3305 4166 3398 4235 qui

1827 4270 1967 4309 unus
1993 4255 2259 4308 elementa
2299 4254 2589 4317 ordinavit,
2622 4262 2679 4307 ut
2702 4255 2769 4309 ad
2789 4264 3036 4309 nostrum
3077 4271 3236 4310 usum
3264 4271 3388 4310 cun.

1824 4357 1909 4401 cta
1948 4346 2289 4416 perficerent,
2327 4346 2533 4415 quique
2564 4347 2818 4415 praecepit
2858 4347 3121 4403 inservire
3165 4349 3393 4403 homini.

1823 4440 1995 4509 Cujus
2032 4454 2130 4493 vos
2187 4438 2509 4492 beneﬁcium
2564 4453 2673 4491 non
2724 4439 3040 4507 sentientes,
3089 4454 3209 4508 quae
3239 4440 3394 4494 vobis

142 4512 557 4583 ἀπονεμηθέντα
587 4523 824 4590 στοιχεῖα
859 4520 979 4573 καθ’
1007 4523 1185 4576 αὑτῶν
1209 4504 1487 4593 δεσπόζειν
1519 4506 1717 4602 ἀνηγο-

1847 4504 1978 4584 ;crva
2021 4529 2219 4581 tributa
2272 4536 2400 4581 sunt
2433 4528 2719 4593 elementa,
2767 4528 3020 4583 dominos
3048 4538 3259 4584 vestros
3303 4545 3395 4583 ποτε

145 4605 392 4673 ρεύσειτε,
428 4606 536 4662 Καὶ
572 4611 624 4662 τί
660 4612 792 4682 περὶ
828 4614 1103 4684 στοιχείων
1141 4617 1220 4669 δεῖ
1258 4618 1470 4688 λέγειν;
1531 4624 1719 4677 Ὁπότε

142 4698 229 4750 καὶ
262 4699 446 4768 ἀψυχα
479 4702 765 4774 ἀγάλματα
797 4708 1154 4775 πεποιηκότες
1189 4712 1251 4763 οὑ
1291 4714 1448 4782 μόνον
1482 4733 1720 4787 προσκυ-

142 4792 299 4850 νεῖτε,
331 4791 446 4843 ἀλλ’
471 4794 545 4858 ὡς
565 4795 739 4851 δοῦλοι
764 4800 911 4853 κατά
936 4803 1113 4855 πάντα
1140 4804 1321 4868 αὑτοῖς
1354 4807 1719 4879 ὑποτετάχθαι

138 4880 370 4945 ἀξιοῦτε.
402 4883 500 4936 Διά
531 4886 704 4971 τοῦτο,
746 4889 829 4942 δι”
845 4884 918 4944 ὦν
954 4896 1398 4966 παρεφρονήσατε
1428 4898 1492 4963 ³⁸,
1527 4900 1714 4970 δαίμο-

142 4988 219 5023 σιν
255 4975 555 5045 ὑποχείριοι
581 4980 858 5047 γεγόνατε.
901 4983 1045 5060 Πλὴν
1082 4984 1169 5037 διὰ
1204 4987 1304 5057 τῆς
1332 4990 1411 5051 εἰς
1434 4989 1594 5043 αὐτὸν
1625 4992 1715 5046 τὸν

140 5060 267 5116 Θεὸν
300 5064 647 5133 ἐπιγνώσεως
689 5072 754 5124 ἐκ
797 5073 905 5127 τῶν
962 5073 1141 5129 καλῶν
1186 5078 1434 5149 πράξεων
1484 5080 1709 5136 δύνασθε

1823 4622 2137 4677 nuntiastis.
2172 4619 2239 4673 Et
2273 4619 2401 4689 quid
2437 4620 2503 4674 de
2539 4622 2826 4676 elementis
2856 4623 3089 4691 loquor?
3116 4623 3252 4678 Cum
3283 4625 3393 4679 ina-

1823 4712 1969 4765 nima
2022 4728 2239 4781 quoque
2284 4712 2459 4780 signa,
2508 4728 2631 4781 quae
2688 4712 3019 4779 fabricastis,
3067 4730 3175 4769 non
3226 4718 3391 4771 modo

1822 4803 2075 4868 adoretis,
2119 4805 2213 4859 sed
2253 4812 2309 4858 et
2336 4805 2479 4857 velut
2508 4805 2649 4858 servi
2674 4807 2898 4860 omnino
2934 4807 3042 4861 illis
3074 4808 3269 4876 subjici
3295 4824 3421 4863 cu-‘

1824 4898 2005 4965 piatis.
2036 4897 2159 4952 Ideo
2189 4913 2285 4966 per
2307 4899 2637 4953 dementiam
2665 4909 2900 4953 vestram
2930 4899 3133 4955 redacti
3163 4902 3297 4956 estis
3333 4902 3389 4956 in

1822 4993 2126 5047 daemonum
2156 5002 2496 5064 potestatem.
2528 4994 2728 5048 Verum
2779 5010 2874 5064 per
2916 4996 3246 5065 agnitionem
3292 4997 3386 5053 Dei

1820 5093 1873 5141 et
1905 5085 2047 5139 bona
2074 5100 2240 5154 opera
2280 5083 2505 5154 potestis
2540 5084 2737 5140 iterum
2783 5084 2899 5141 heri
2929 5086 3089 5155 cﬂici,
3110 5096 3165 5143 et
3186 5088 3379 5143 deamo

1408 5233 1641 5292 VARI/E
1682 5236 2079 5294 LECTIONES.

194 5379 236 5455 'f
254 5378 483 5455 lt_aC_in
500 5387 839 5455 marg.,mlé

144 5446 356 5528 ’τομῶν
385 5453 446 5507 c.
516 5446 711 5528 361.32g.
749 5458 783 5528 ἡ
811 5446 867 5512 s‘.

142 5590 241 5708 {vel
260 5590 496 5663 πόρους),
524 5590 697 5648 κ.τ.λ.’
727 5590 1077 5667 proposuerit
1104 5600 1161 5655 S.
1218 5590 1300 5657 ³δο

162 5658 224 5708 is-
252 5660 535 5708 Imundmn
561 5680 685 5708 ρςςρ
711 5667 924 5708 vidntur
953 5680 1173 5708 mmmm
1205 5672 1243 5708 Ω

847 5390 1042 5489 μωντὶη
1076 5400 1243 5489 ιοέιιιι,
1275 5403 1336 5450 ut
1356 5398 1439 5489 Ο.ι
1484 5396 1744 5489 ³²ἀύτούς
1855 5404 1895 5455 0
1925 5444 1938 5467 ,
1959 5404 2272 5489 *ἑαυτούς
2344 5406 2388 5489 ³)
2409 5404 2732 5489 δύναμιν,ολ
2747 5408 3039 5489 ιηςηᾱοεε..
3082 5408 3288 5489 fma-5
3319 5408 3380 5461 C.

940 5461 983 5492 ⁸⁷
1006 5464 1356 5547 παρέχοντας
1383 5466 1475 5547 τὸν
1496 5468 1657 5547 αὑτὸν
1686 5461 1895 5547 πρόπον
1924 5461 2021 5543 τῆς
2048 5475 2150 5547 γῆς
2174 5461 2284 5547 τοῖς
2314 5476 2493 5547 πόνοις
2518 5461 2672 5545 ὑμεῖς
2706 5461 3165 5547 οῌυὲῖάξὲὸῆίεοῑῖ
3183 5461 3237 5531 οἱ
3260 5492 3382 5530 ver-

205 5493 352 5521 -i..."
389 5493 446 5507 ν.
585 5493 711 5527 “Lb.
756 5493 783 5528 ιι
812 5493 867 5512 υ.
1014 5493 1356 5533 ιυοιγιχυγιαι,
1383 5493 1474 5519 ’ῑυν
1496 5493 1657 5521 αυτυν
1686 5493 1895 5542 προπον
1924 5493 2021 5543 της
2048 5493 2083 5540 γ
2124 5493 2150 5537 ς

144 5520 292 5576 sione
322 5527 587 5591 expressit
617 5523 657 5579 C
690 5568 705 5592 ,
734 5529 1080 5599 παρέχονται,
1121 5533 1179 5587 ὃν
1213 5537 1412 5636 τρόπον
1446 5538 1479 5608 ή
1517 5538 1619 5607 γῆ;
1644 5543 1755 5603 τοῖς
1778 5493 2160 5606 πόνοις,κ.τῖὶλ.

144 5590 240 5636 (vel
260 5592 475 5636 πόα)ωῶ
524 5593 665 5636 νοτ)
727 5601 1069 5636 nrnnncnmrit
1104 5600 1141 5636 ς
1218 5603 1237 5634 ι
1272 5601 1332 5636 ,αἱ
1361 5608 1461 5636 λιιι
1521 5624 1548 5636 η
1595 5614 1636 5636 n
1704 5611 1746 5636 as
1766 5611 1852 5636 θυι.
1876 5612 2026 5636 _-.-.__
2064 5616 2151 5636 1-..

1302 5601 1482 5681 Eadd.
1519 5601 1654 5681 ὸξΟ.
1704 5601 1748 5641 ³έ
1764 5611 1853 5665 διὰ
1874 5601 2031 5666 τούτο
2059 5615 2286 5678 ἑαυτοὺς
2314 5615 2379 5668 δι’
2400 5601 2555 5669 ὧνηπ.
2594 5601 2666 5669 (λ’
2688 5601 3005 5681 δῖ’ὲαυτούς
3029 5601 3251 5672 τὸῖἰίιὲἶνὶ
3287 5601 3378 5669 νεί-

2194 5544 2238 5630 D.
2318 5542 2668 5633 ξτςιεέκοντεεις
2688 5542 2982 5633 βρωτοῖς
3004 5542 3381 5633 {ﬂexisset

162 5658 535 5765 ﬁ’lcge‘ndum
561 5658 1174 5765 esseafifie'tur'aunctore
1205 5672 1282 5765 ελ
1299 5658 1323 5728 :7
1339 5658 1681 5751 ὑποχειρίους
1707 5684 2065 5755 πεποιήκατε,
2094 5693 2155 5740 ιιι
2182 5658 2777 5760 acgusativuséauaodg
2804 5658 3028 5765 habeat,
3068 5687 3215 5743 unde
3238 5702 3375 5757 pcn~

130 5726 281 5801 deat,
308 5726 974 5814 autetiamﬁmﬁléau'roéq
997 5726 1399 5813 corrigendum.
