3894 6208
443 321 551 376 275

1300 327 1357 381 S.
1408 325 1801 382 CLEMENTIS
1838 326 1857 380 1
1898 327 2065 383 ROM.
2104 327 2303 383 PONT.
2345 326 2578 382 OPERA
2616 326 2839 383 DUBIA.

3608 333 3729 389 276

445 442 612 496 nibus
638 443 784 497 velut
824 445 996 500 servis
1035 445 1336 514 imperare,
1370 461 1435 500 ac
1468 447 1611 501 sicut
1649 446 1745 501 lilii
1774 445 1869 501 Dei
1900 461 2033 501 con—
2064 498 2066 505 .

2152 446 2394 499 Ξεσπόται
2427 445 2694 515 [γενέσθαι
2738 444 2921 509 πάλιν,
2970 448 3062 499 καὶ
3099 446 3343 518 δαίμοσιν
3384 449 3461 513 ὠς
3505 449 3731 515 δούλοις

447 531 603 588 stitui
634 534 821 589 aeterni
849 537 1000 606 regni
1032 535 1295 591 haeredes.

526 712 717 768 XXVI.
762 712 858 768 His
908 715 1091 780 dictis,
1136 716 1306 784 jussit
1347 716 1714 771 daemoniacos
1736 725 1790 770 et
1826 716 2030 771 morbis

457 812 754 873 occupatos
779 806 847 859 ad
888 820 947 859 se
989 806 1206 869 adduci,
1239 808 1440 877 quibus
1478 808 1678 866 oblatis
1706 826 1900 864 manus
1932 810 2033 862 im-

454 910 669 964 ponens
706 911 769 949 ac
804 906 1060 964 precatus
1092 896 1397 953 incolumes
1433 913 1530 954 eos
1572 899 1803 963 dimisit,
1843 900 2035 953 admo-

458 1003 596 1043 nens
626 988 748 1043 illos
777 988 1153 1059 reliquamque
1189 990 1428 1056 turbam,
1457 999 1518 1044 ut
1543 991 1646 1045 hoc
1680 991 1736 1044 in
1788 991 1911 1045 loco
1941 1006 2033 1045 as-

460 1081 603 1134 sidui
630 1089 831 1145 essent,
866 1096 961 1151 per
983 1080 1103 1137 dies
1129 1082 1330 1152 quibus
1361 1082 1684 1138 immoratus
1719 1084 2035 1138 dissereret.

457 1170 753 1242 Postquam
783 1188 913 1241 ergo
948 1174 1040 1228 alii
1078 1175 1414 1241 abscessere,
1444 1174 1640 1230 Petrus
1673 1176 1764 1231 ubi
1794 1176 1846 1230 in
1878 1176 2036 1240 aquis

457 1278 581 1332 quae
616 1265 690 1318 ibi
732 1264 977 1320 ﬂuebant
1014 1281 1217 1335 corpus
1253 1265 1529 1332 diluisset,
1566 1283 1674 1321 una
1700 1284 1824 1322 cum
1853 1268 2037 1322 volen-

457 1349 608 1412 tibus
644 1358 796 1412 humi
836 1359 1005 1413 sterni
1039 1360 1205 1428 jussit
1232 1359 1335 1414 sub
1363 1360 1623 1414 arborum
1646 1360 1816 1415 densa
1847 1359 2037 1414 fronde

456 1457 680 1517 propter
706 1450 980 1515 umbram,
1016 1462 1069 1504 et
1107 1466 1550 1520 unumquemque
1578 1451 1768 1506 ordine
1802 1450 2037 1505 fecitre-

460 1542 721 1597 cumbere
755 1561 767 1595 :
826 1552 988 1612 atque
1026 1544 1098 1597 ita
1131 1544 1313 1598 cibum
1353 1545 1709 1613 sumpsimus.
1742 1543 1879 1597 Cum
1908 1558 2039 1612 ergo

456 1632 615 1703 juxta
664 1631 1019 1689 Hebraiorum
1075 1635 1291 1689 solitam
1339 1634 1496 1689 fidem
1559 1634 1929 1690 benedixisset
1986 1646 2043 1689 et

461 1723 671 1792 gratias
704 1723 905 1792 egisset
951 1722 1065 1777 Deo
1106 1739 1205 1793 pro
1250 1732 1467 1793 sumpta
1508 1725 1866 1791 recreatione,
1910 1724 2038 1794 quia

461 1814 698 1868 multum
747 1814 925 1869 adhuc
967 1816 1073 1870 diei
1109 1824 1411 1885 supererat,
1450 1818 1760 1886 percontari
1807 1816 1875 1871 de
1916 1816 2036 1886 qui-
2072 1800 2113 1855 Β

461 1904 568 1960 bus
616 1904 877 1961 vellemus
924 1906 1189 1975 permisit.
1237 1907 1303 1962 Et
1332 1923 1460 1963 vero
1491 1918 1762 1975 nostrum,
1813 1908 1906 1977 qui
1951 1909 2036 1961 vi—

463 1996 600 2065 ginti
636 2011 878 2060 eramus,
912 1997 1205 2067 unicuique
1248 1998 1529 2067 speciatim
1562 2000 1917 2068 interroganti
1944 1999 2040 2053 de-

462 2088 546 2141 dit
568 2086 912 2142 solutionem.
945 2086 1176 2157 Vespere
1208 2099 1386 2144 autem
1408 2089 1521 2160 jam
1550 2088 1718 2155 facto,
1750 2091 1805 2143 in
1830 2090 2039 2145 latissi-

464 2194 610 2233 mam
642 2179 865 2248 hospitii
891 2179 1061 2235 mdem
1091 2180 1325 2251 ingressi
1353 2196 1477 2236 eum
1524 2180 1644 2251 ipso
1698 2181 1810 2237 illic
1850 2196 2041 2237 omnes

463 2269 841 2327 dormivilnus.

1044 2453 1329 2509 ΗΟΜΙΜΑ
1365 2455 1454 2511 ΧΙ.

538 2566 579 2622 l.
621 2566 809 2637 Itaque
839 2576 1037 2637 quarto
1085 2568 1230 2638 apud
1276 2567 1537 2637 Tripolim
1577 2570 1665 2624 die
1694 2569 1889 2626 Petrus
1920 2586 2043 2625 sur-

467 2674 600 2728 gens
652 2674 864 2728 nosque
917 2658 1200 2714 inveniens
1238 2660 1546 2729 vigilantes,
1594 2661 1687 2715 ubi
1730 2663 2040 2729 salutasset,

468 2750 604 2805 abiit
632 2749 701 2804 ad
725 2764 881 2819 aqua:
917 2749 1136 2804 ﬂuentis
1168 2751 1370 2817 locum,
1409 2761 1467 2805 ut
1496 2751 1639 2807 lotus
1667 2762 1867 2807 oraret.
1897 2754 2044 2808 idem

467 2856 569 2896 nos
602 2856 819 2910 quoque
848 2850 1243 2912 consequenter
1275 2841 1528 2899 fecimus.
1561 2842 1694 2899 Post
1722 2860 2044 2900 communes

467 2946 598 2986 vero
648 2946 858 3001 preces,
891 2947 1016 2986 cum
1050 2932 1406 3001 sedissemus,
1455 2934 1522 2989 de
1564 2936 1816 2989 castitate
1866 2936 2046 2990 disse-

468 3022 602 3077 ruit.
638 3021 705 3075 Et
736 3034 1023 3094 postquam
1058 3025 1174 3080 dies
1205 3026 1401 3093 illuxit,
1434 3027 1575 3096 plebi
1601 3028 1907 3097 ingressum
1932 3044 2048 3098 per-

2133 537 2410 604 ἐπιτάξαι,
2448 540 2539 591 καὶ
2574 538 2650 601 ὡς
2677 538 2781 591 υἱοὶ
2816 536 2950 589 Θεοῦ
2975 539 3189 593 αἰωνίου
3217 538 3487 610 βασιλείας
3511 541 3729 611 κληρο-

2133 628 2284 699 νόμοι
2312 628 2670 697 καταστῆναι.

2204 719 2401 773 XXVI.
2450 719 2634 773 Ταῦτα
2684 716 2851 772 είπὼν
2889 720 3140 773 ἐκέλευσε
3180 721 3303 785 τοὺς
3345 722 3732 793 δαιμονῶντας

2134 814 2227 867 καὶ
2276 812 2450 875 νόσοις
2496 812 3027 883 ἐγκατειλημμένους
3067 813 3230 884 229
3275 814 3422 884 αὑτῷ
3471 815 3733 886 προσφὲ-

2138 902 2349 975 ρεσθαι,
2408 901 2819 972 προσενεχθεῖσι
2872 902 2929 955 δὲ
2973 904 3072 965 τὰς
3118 907 3305 975 χεῖρας
3360 905 3572 967 ἐπιθεὶς
3627 907 3733 957 καλ

2135 993 2575 1065 προσευξάμενος
2619 993 2884 1046 ἀπέλυσεν
2934 995 3131 1059 αὑτοὺς
3168 996 3528 1065 ὑγιαίνοντας,
3582 998 3731 1049 ὑπο-

2141 1083 2461 1154 μιμνήσκων
2493 1084 2693 1147 αὐτοὺς
2730 1084 2975 1147 καὶτοὺς
3016 1084 3233 1149 λοιποὺς
3270 1087 3462 1156 ὄχλους
3486 1085 3735 1138 ἐνταῦθα
3808 1090 3811 1101 ¹

2140 1174 2515 1245 παρεδρεύειν,
2538 1176 2676 1227 ὅσων
2698 1176 2762 1229 ἂν
2782 1176 3002 1247 ἡμερῶν
3019 1177 3296 1247 ἐπιδημῶν
3321 1177 3639 1246 διαλέγηται
3660 1177 3730 1229 ⁸ο.

2138 1269 2181 1320 Τ
2184 1269 2257 1321 ὦν
2298 1265 2388 1323 οὖν
2421 1268 2595 1322 ἄλλων
2624 1269 3090 1340 ἀναχωρησάντων
3120 1272 3149 1323 ὁ
3172 1269 3374 1340 Πέτρος
3406 1271 3463 1321 ἐν
3493 1269 3573 1339 τῷ
3607 1270 3739 1321 ἐκεῖ

2139 1359 2425 1429 ὑδροχοείῳ
2453 1360 2494 1389 ⁸¹
2551 1359 2881 1429 λουσάμενος
2936 1360 3031 1411 σὺν
3072 1362 3183 1422 τοῖς
3234 1358 3508 1429 θελήσασι,
3546 1358 3737 1428 χαμαὶ

2142 1450 2445 1520 πρωθῆναι
2492 1448 2754 1512 κελεύσας
2797 1450 2902 1523 ὑπό
2944 1466 3064 1502 τινα
3104 1449 3310 1519 πυκνὴν
3341 1448 3450 1502 τῶν
3488 1448 3737 1518 δένδρων

2142 1541 2315 1612 κόμην
2343 1540 2430 1593 διά
2449 1540 2546 1612 τὴν
2574 1540 2752 1605 σκιὰν,
2777 1542 2900 1595 κατ’
2925 1542 3079 1607 ἀξίαν
3115 1541 3342 1595 ἕκαστον
3383 1539 3741 1608 κατακλιθῆ-

2141 1649 2228 1685 ναι
2254 1632 2528 1702 ἐποίησεν
2561 1632 2654 1685 καὶ
2691 1631 2863 1696 οὕτως
2892 1633 3099 1703 τροφῆς
3133 1632 3513 1703 μετελάὸομεν.
3558 1631 3740 1683 Εὐλο-

2142 1724 2317 1793 γήσας
2364 1719 2455 1776 οὖν
2489 1725 2580 1776 καὶ
2612 1723 3080 1793 ἐπευχαριστήσας
3125 1721 3201 1791 τῷ
3242 1720 3361 1791 Θεῷ
3399 1722 3488 1773 ἐπὶ
3520 1721 3600 1790 τῷ
3634 1721 3735 1771 εὑ-

2142 1814 2444 1885 φρανθῆναι
2476 1815 2617 1869 κατὰ
2642 1816 2741 1885 τὴν
2787 1814 3049 1884 Ἐϐραίων
3098 1812 3296 1884 συνήθη
3342 1814 3519 1865 πίστιν
3553 1814 3621 1876 ⁵³,
3649 1810 3737 1865 ἔτι

2142 1905 2341 1976 πολλῆς
2384 1905 2551 1976 οὑσης
2596 1906 2744 1978 ὥρας
2776 1892 3140 1959 πυνθάνεσθαι
3180 1906 3326 1975 ἡμᾶς
3368 1907 3493 1976 περὶ
3526 1899 3603 1957 ὧν
3649 1904 3739 1956 θέο

2140 1998 2303 2069 λομεν
2336 1998 2651 2069 ἐπέτρεψεν.
2698 1998 2808 2051 Καὶ
2853 1999 3001 2069 ὅμως
3049 1995 3252 2050 είκοσιν
3311 1996 3357 2028 ⁸³
3404 1992 3555 2049 οὖσιν
3595 1997 3737 2065 ἡμῖν

2142 2092 2197 2142 ἐν
2232 2091 2387 2161 μέρει
2413 2092 2626 2161 ἑκάστῳ
2650 2089 2937 2160 πυθομένῳ
2962 2088 3240 2143 ἐπέλυσεν.
3260 2089 3396 2160 Ἤδη
3411 2089 3466 2141 δὲ
3487 2089 3736 2158 ἑσπέρας

2142 2179 2645 2249 ἐπικαταλαϐούσης
2682 2180 2761 2241 είς
2799 2179 2891 2232 τὸν
2925 2177 3216 2249 εὐρύτατον
3244 2178 3344 2248 τῆς
3375 2177 3552 2243 ξενίας
3579 2172 3736 2230 οἷκον

2144 2271 2471 2335 εἰσελθόντες
2520 2271 2637 2341 ἅμα
2684 2269 2831 2340 αὑτῴ
2880 2272 2998 2323 ἐκεῖ
3033 2270 3081 2321 οἱ
3134 2269 3334 2333 πάντες
3376 2267 3733 2339 ὑπνώσαμεν.

2733 2455 2989 2509 ὈΜΙΛΙΑ
3022 2456 3124 2507 ΙΑ⁹.

2215 2571 2256 2624 1.
2295 2572 2374 2642 Τῇ
2412 2572 2510 2641 μὲν
2547 2565 2639 2623 οὖν
2691 2570 2929 2641 τετάρτῃ
2974 2569 3032 2623 ἐν
3066 2568 3320 2639 Τριπόλει
3348 2566 3531 2637 ἡμέρᾳ
3562 2568 3590 2619 ό
3623 2564 3736 2619 Πέ-

2144 2681 2270 2736 τρος
2321 2663 2563 2734 ἐγερθεὶς
2591 2663 2682 2715 καὶ
2714 2659 3081 2732 ἐγρηγορότας
3112 2658 3319 2730 ἡμᾶςδδ
3346 2656 3735 2729 εὑρὼν,προσ-

2147 2754 2450 2826 αγορεύσας
2519 2752 2663 2824 ἐξῄει
2714 2754 2793 2815 είς
2838 2751 2899 2804 τὸ
2961 2750 3285 2822 ὑδροχοεῖον,
3342 2750 3491 2811 ὅπως
3538 2747 3739 2802 λουσά-

2151 2866 2308 2919 μενος
2350 2846 2589 2918 εὑξηται.
2656 2846 2887 2916 Ὁμοίως
2933 2862 2992 2898 τε
3040 2844 3133 2897 καὶ
3204 2844 3365 2913 ἡμεῖς
3420 2840 3735 2904 ἀκολούθως

2149 2942 2502 3012 ἐποιήσαμεν.
2562 2936 2987 3009 Συνευξαμένοις
3034 2932 3126 2990 οὖν
3175 2935 3269 2989 καὶ
3312 2933 3735 3005 προκαθεσθεῖσι

2149 3036 2239 3088 τὸν
2269 3032 2502 3105 περὶτοῦ
2522 3033 2630 3085 δεῖν
2656 3029 2901 3100 ἁγνεύειν
2946 3031 3181 3082 ἐποιεῖτο
3222 3025 3382 3097 230
3413 3025 3593 3093 λόγον.
3622 3023 3735 3076 Καὶ

472 3115 641 3169 misit.
676 3116 771 3181 At,
797 3116 1144 3172 multitudine
1171 3118 1414 3188 ingressa
1459 3127 1621 3189 atque
1651 3135 1748 3188 pro
1778 3135 1929 3174 more
1951 3137 2041 3174 sa-

2152 3127 2336 3198 ἐπειδὴ
2362 3125 2548 3179 λοιπὸν
2581 3125 2761 3197 ἡμέρα
2794 3122 3053 3192 ἐγεγόνει,
3088 3123 3201 3184 τοῖς
3250 3118 3425 3189 ὄχλοις
3468 3115 3732 3169 εἰσελθεῖν

470 3209 667 3275 lutata,
698 3208 861 3277 coepit
880 3206 1060 3263 dicere
1088 3230 1099 3263 :

544 3383 609 3438 ll.
641 3383 1094 3456 Quandoquidem
1147 3388 1318 3442 multa
1354 3389 1646 3445 adversum
1696 3407 1793 3447 vos
1824 3409 1855 3446 a
1895 3394 2048 3448 vobis

474 3475 717 3547 profecta
756 3477 967 3533 incuria
999 3494 1154 3535 mens
1194 3479 1461 3547 plurimas
1488 3490 1541 3535 et
1566 3482 1759 3537 noxias
1781 3483 2049 3551 supersti-

474 3568 687 3622 tionum
719 3569 1007 3638 opiniones
1060 3570 1406 3640 germinavit,
1451 3579 1507 3625 et
1546 3570 1675 3626 facti
1716 3574 1847 3627 estis
1905 3574 2051 3628 velut

475 3666 627 3713 terra
656 3659 867 3715 defectu
901 3660 1155 3730 agricolae
1184 3662 1501 3725 silvescens,
1537 3663 1709 3717 multo
1746 3666 1812 3719 ad
1845 3680 2049 3737 purga-

476 3750 680 3805 tionem
713 3751 966 3822 indigetis
997 3762 1257 3822 tempore,
1285 3763 1346 3808 ut
1368 3753 1625 3810 traditum
1651 3758 1804 3813 vobis
1840 3774 2051 3813 sermo-

477 3854 602 3893 nem
635 3855 821 3894 verum
865 3849 1123 3910 tanquam
1174 3844 1492 3911 prmelaram
1545 3854 1842 3901 sementem
1897 3863 2051 3902 mens

477 3930 787 3999 suscipiens
814 3933 997 4001 pravis
1027 3934 1492 3991 sollicitudinibus
1527 3952 1634 3990 non
1667 3937 1915 4002 suii‘ocet,
1953 3956 2054 3995 nec

479 4022 551 4079 ad
600 4023 881 4080 salutifera
934 4042 1098 4095 opera
1152 4028 1343 4082 reddat
1402 4028 1826 4084 infructuosum.
1873 4030 2054 4095 Quare

480 4124 718 4186 oportet,
751 4118 927 4186 utqui
954 4118 1146 4172 salutis
1174 4134 1288 4172 sua:
1328 4133 1515 4173 curam
1568 4121 1895 4189 suscipiunt,
1946 4121 2055 4176 fre—

478 4208 838 4277 quentissime
871 4208 1096 4262 audiant
1118 4224 1227 4277 quo
1255 4219 1474 4278 peccata
1522 4225 1589 4263 ex
1612 4212 1783 4266 multo
1816 4222 2055 4281 tempore

482 4312 641 4357 aucta
670 4302 819 4355 brevi
846 4301 991 4371 quod
1025 4310 1194 4355 restat
1220 4310 1463 4369 tempore
1498 4316 1595 4371 per
1623 4304 1940 4364 continuam
1972 4306 2054 4359 di-

476 4394 758 4464 ligentiam
791 4394 859 4447 ad
887 4394 1252 4463 expiationem
1274 4395 1484 4463 possint
1514 4395 1724 4449 referri.
1761 4394 1896 4450 Cum
1925 4413 2059 4466 ergo

2153 3218 2464 3291 ἐπέτρεψεν.
2488 3216 2832 3278 Εἰσελθόντος
2859 3214 2917 3267 δέ
2947 3213 3041 3266 τοῦ
3081 3212 3237 3283 ὄχλου
3276 3207 3469 3262 πολλοῦ
3502 3208 3572 3273 ⁸⁸,
3604 3222 3731 3259 συνι-

2152 3312 2296 3382 ήθως
2320 3308 2765 3381 προσαγορεύσας
2797 3307 2975 3375 λέγειν
3009 3302 3228 3374 ἦρξατο·

2222 3402 2285 3456 ll.
2340 3401 2555 3472 Ἐπειδὴ
2590 3400 2756 3470 πολλῇ
2792 3400 2859 3468 τῇ
2909 3395 3029 3450 καθ’
3072 3394 3226 3466 ὑμῶν
3264 3393 3352 3460 ὑφ’
3387 3388 3541 3461 ὑμῶν
3574 3405 3726 3456 γενο-

2158 3497 2292 3568 μένῃ
2324 3491 2741 3565 ἀμελείᾳὸνοῦς
2772 3489 2871 3553 τάς
2916 3486 3118 3551 πολλάς
3170 3486 3264 3539 καὶ
3320 3481 3591 3555 βλαϐερὰς
3620 3479 3731 3532 τῶν

2154 3587 2457 3659 θρησκειῶν
2497 3585 2750 3647 ὑπονοίας
2804 3581 3083 3650 ἐξέφυσεν,
3135 3579 3229 3633 καὶ
3262 3576 3516 3646 γεγόνατε
3545 3573 3731 3643 ὥσπερ

2152 3680 2221 3749 γῆ
2257 3678 2302 3710 ιο
2335 3675 2537 3746 ἀπορίᾳ
2567 3671 2811 3744 γεωργοῦ
2844 3667 3207 3740 χερσεύσασα,
3244 3662 3439 3718 πολλοῦ
3472 3661 3610 3732 πρὸς
3641 3660 3732 3713 κά-

2154 3771 2344 3839 θαρσιν
2377 3765 2551 3819 δεῖσθε
2594 3765 2805 3834 χρόνου,
2851 3762 2936 3813 ἵνα
2966 3760 3057 3812 τὸν
3093 3755 3505 3829 μεταδιδὸμενον
3532 3753 3576 3784 ⁵⁷
3602 3753 3731 3822 ὑμῖν

2155 3860 2311 3928 λόγον
2358 3856 2531 3927 ἀληθῆ
2578 3855 2763 3924 ὥσπερ
2802 3851 2966 3906 καλὸν
3003 3849 3201 3920 σπόρον
3231 3850 3259 3900 ὁ
3292 3844 3415 3908 νοῦς
3448 3842 3627 3896 λαϐὼν
3657 3842 3731 3912 μὴ

2156 3952 2353 4013 κακαῖς
2403 3947 2645 4019 φροντίσι
2700 3941 3005 4015 συμπνίξας
3052 3940 3297 4011 ἄκαρπον
3343 3935 3660 4005 καταστήσῃ
3688 3933 3731 3964 ⁸⁸

2156 4043 2294 4114 πρὸς
2336 4040 2406 4093 τὰ
2460 4038 2651 4103 σώζειν
2700 4035 2971 4106 δυνάμενα
3004 4033 3158 4104 ἔργα.
3194 4030 3285 4120 Διὸ
3318 4028 3424 4100 χρὴ
3469 4028 3596 4120 τοὺς
3631 4044 3735 4079 πε·-

2158 4132 2509 4204 ιρροντικότας
2584 4130 2683 4199 τῆς
2750 4124 2959 4179 ἐαυτῶν
3028 4116 3299 4192 σωτηρίας
3354 4116 3733 4187 συνεχέστερον

2156 4223 2467 4285 ἐπακούειν,
2520 4222 2667 4283 ὅπως
2712 4218 2780 4271 τά
2813 4217 2858 4247 "
2892 4218 2956 4269 ἐκ
3005 4213 3228 4285 μακρῶν
3278 4211 3484 4282 χρόνων
3529 4208 3732 4277 ἁτοπή-

2161 4333 2306 4386 ματα
2351 4312 2719 4384 πληθυνθέντα
2764 4310 2953 4381 βραχεῖ
2982 4307 3059 4378 τῷ
3100 4301 3534 4375 περιλειπομένῳ
3560 4298 3731 4386 χρόνῳ

2161 4384 2371 4476 συνξχεῖ
2401 4404 2605 4474 σπουδῇ
2644 4402 2779 4471 πρὸς
2820 4398 3086 4470 κάθαρσιν
3134 4392 3464 4463 ἀναλογῆσαι
3510 4384 3728 4458 δυνηθῇ.

481 4487 777 4555 unicuique
798 4487 1039 4541 incertus
1070 4487 1142 4541 sit
1166 4502 1277 4541 sua:
1322 4487 1447 4541 vita:
1479 4489 1765 4554 terminus,
1802 4488 2054 4545 festinate

2173 4496 2391 4567 Ἐπειδὴ
2424 4496 2469 4526 ⁵ο
2502 4489 2593 4546 οὖν
2620 4492 2848 4552 ἕκαστος
2877 4488 3067 4558 ἄδηλον
3101 4486 3213 4557 ἔχει
3245 4482 3339 4537 τοῦ
3378 4482 3508 4535 ἰδίου
3541 4479 3728 4551 χρόνου

481 4578 684 4632 multas
715 4594 746 4632 e
785 4578 1044 4634 cordibus
1092 4580 1289 4633 vestris
1342 4579 1629 4634 extrahere
1686 4582 1892 4649 spinas,
1947 4596 2055 4635 non

2163 4590 2222 4642 τὸ
2253 4589 2423 4651 τέλος,
2478 4584 2745 4638 σπεύσατέ
2774 4581 2874 4644 τὰς
2920 4577 3123 4640 πολλὰς
3174 4575 3284 4629 τῶν
3316 4571 3548 4644 καρδιῶν
3583 4571 3731 4641 ὑμῶν

480 4683 612 4723 vero
642 4669 925 4738 paulatim,
956 4686 1133 4739 neque
1155 4670 1300 4724 enim
1330 4671 1610 4741 repurgari
1636 4672 1905 4740 poteritis,
1927 4674 2059 4744 quia

2162 4682 2359 4746 ἐξελεῖν
2408 4678 2681 4738 ἀκάνθας·
2739 4676 2812 4746 μὴ
2862 4674 2981 4725 κατ’
3015 4670 3222 4738 ὀλίγον*
3258 4667 3318 4719 οὑ
3362 4665 3469 4735 γὰρ
3515 4664 3731 4733 δυνήσε-

479 4761 614 4814 esus
645 4776 772 4830 διιεῖ
797 4762 969 4830 spinis
999 4762 1247 4816 ¹¹υ¹τθ¹¹ευ
2165 4774 2257 4827 σθε
2288 4771 2645 4843 καθαρθῆναι,
2680 4768 2771 4820 ἐπὶ
2802 4764 2935 4818 πολὺ
2966 4761 3074 4833 γὰρ
3106 4757 3483 4831 ἐχερσεύσατε-

554 4850 642 4905 lll.
685 4850 802 4906 Non
837 4852 995 4905 aliter
1046 4868 1172 4907 vero
1214 4854 1445 4907 multum
1499 4854 1740 4908 studium
1778 4857 2055 4925 suscipere

2232 4865 2318 4920 Ill.
2361 4864 2474 4918 Οὐκ
2507 4862 2679 4923 ἄλλως
2710 4860 2766 4913 δέ
2803 4857 2864 4910 τὸ
2893 4854 3027 4908 πολὺ
3068 4852 3169 4923 τῆς
3203 4847 3440 4917 σπουδῆς
3474 4846 3607 4916 πρὸς
3637 4844 3731 4896 κά-

481 4947 555 5001 ad
608 4949 983 5017 purgationem
1032 4957 1271 5002 vestram
1322 4948 1687 5015 sustinebitis,
1735 4951 1842 5005 nisi
1899 4951 2055 5006 vobis

2162 4960 2352 5030 θαρσιν
2386 4956 2538 5028 ὑμῶν
2588 4950 2942 5017 ἀναδέξασθαι
2989 4946 3307 5018 ὑπομενεῖτε
3326 4941 3403 5030 ξι,
3434 4938 3527 4991 ἐὰν
3564 4939 3633 5009 μή
3670 4955 3731 5005 γε

483 5040 609 5095 irati
644 5040 935 5108 increpetis
963 5056 1059 5094 vos
1088 5040 1156 5095 ob
1186 5057 1252 5096 ea
1293 5042 1348 5095 in
1386 5044 1605 5112 quibus,
1636 5044 1784 5098 velut
1831 5044 2056 5097 inutiles

2160 5027 2341 5115 αὐτοῖς
2383 5027 2722 5120 ὀργισθέντες
2774 5040 3106 5111 ἐπιπλήξητε
3155 5036 3282 5107 περὶ
3318 5027 3390 5087 ὧν
3424 5033 3499 5095 ὠς
3529 5032 3731 5101 ἀχρεῖοι

483 5131 650 5197 servi,
680 5131 894 5187 insidiis
942 5133 1093 5200 petiti
1131 5133 1263 5187 estis
1284 5142 1337 5188 et
1365 5135 1527 5190 malis
1558 5136 1754 5191 vestris
1789 5136 2056 5205 cupidita-

2158 5144 2334 5197 δοῦλοι
2364 5144 2408 5173 ⁸³
2443 5138 2799 5212 ἐνηδρεύθητε
2850 5133 3164 5203 συνθέμενοι
3202 5129 3323 5191 ταῖς
3354 5124 3551 5185 κακαῖς
3583 5120 3729 5191 ὑμῶν

483 5237 630 5291 tibus
676 5233 1058 5299 consensistis,
1092 5243 1144 5287 at
1171 5234 1375 5303 justam
1436 5236 1780 5291 iracundiam
1810 5238 1864 5291 in
1898 5253 2054 5292 men-

2163 5236 2497 5308 ἐπιθυμίαις,
2556 5236 2645 5286 ἵνα
2685 5232 2787 5302 τὴν
2830 5227 3043 5283 δικαίαν
3068 5224 3114 5256 ⁸⁸
3153 5219 3304 5294 ὑμῶν
3349 5217 3515 5289 ὀργὴν
3551 5214 3626 5287 τῷ
3657 5214 3728 5287 νῷ

1758 5350 1989 5407 VARI.~'E
2028 5347 2430 5405 LECTIONES.

555 5447 928 5516 ιοδιαλέγεθαι
966 5449 1026 5499 ο.
1109 5444 1317 5499 “lta'O
1369 5462 1418 5500 c.
1458 5447 1495 5501 s
1524 5488 1537 5511 ,
1569 5447 1828 5518 ὑδροχοῖῳ
1852 5446 1913 5499 c.
1988 5447 2229 5500 ⁴²πίστιν
2254 5458 2365 5497 om.
2398 5446 2459 5495 o.
2490 5443 2535 5474 ιο
2560 5440 2731 5493 εἴκοσι
2760 5436 2821 5492 c.
2887 5433 3098 5505 “and;
3125 5427 3251 5512 8,0
3280 5467 3294 5492 ν
3324 5423 3467 5495 ὑμᾶς
3499 5422 3561 5476 C-
3590 5421 3723 5507 Tum

555 5521 625 5548 ι...
659 5518 694 5548 α
742 5522 783 5548 n
834 5518 960 5548 ηιμ.
992 5516 1030 5548 ρ
1086 5514 1215 5548 ηας..
1258 5516 1561 5548 manum-.3...
1598 5518 1634 5548 ρ
1707 5517 1977 5548 manna-nu
2002 5516 2040 5548 ρ
2125 5517 2431 5548 ,ηκηηνηετηυ
2456 5516 2497 5548 n
2606 5512 2651 5543 ιδ
2668 5510 2740 5548 Im
2765 5511 2806 5548 n
2887 5514 2942 5548 ιιι
2961 5520 3025 5548 ρει
3056 5508 3288 5548 nornlect.
3319 5495 3379 5548 D.
3418 5494 3641 5548 πολλούς
3662 5493 3723 5548 C.

484 5521 630 5591 ἐξῄει
659 5518 717 5582 S,
742 5508 803 5571 0'.
832 5518 964 5584 ἐξίει
992 5516 1053 5569 C.
1086 5514 1216 5569 Dein
1258 5508 1561 5586 ὑδροχοεῖον
1598 5508 1678 5582 δ’,
1700 5508 1977 5587 ’ὑδροχόῖον
2002 5516 2086 5596 (1.,
2125 5517 2431 5589 ὑδρηχοεῖον
2456 5516 2517 5565 Ο.
2606 5512 2651 5543 ⁸⁸
2667 5510 2743 5564 Ita
2765 5511 2806 5561 0
2837 5550 2851 5570 ,
2887 5514 2943 5559 et
2961 5520 3027 5558 ex
3056 5508 3294 5599 conjectI
3316 5508 3641 5596 lJ._7=0MOU§

484 5588 738 5650 “ﬁlii.
774 5605 786 5640 :
817 5597 966 5643 errat
1020 5586 1058 5639 S
1128 5588 1195 5641 de
1243 5586 1476 5643 lectione
1526 5588 1609 5642 Ci.
1694 5586 1813 5640 "In
1856 5588 1898 5641 0
1981 5602 2132 5650 prius
2189 5596 2306 5641 erat
2342 5585 2613 5650 διδόμενον
2647 5598 2700 5650 p.
2738 5574 3227 5650 pgnﬁﬁépegomn
3256 5638 3280 5650 λ
3316 5564 3724 5650 έξῑναξξτήὲἷει

486 5594 738 5669 templ.
774 5605 786 5640 :
817 5597 966 5643 errat
1020 5594 1058 5639 δ
1128 5594 1195 5641 de
1243 5594 1476 5643 lectione
1526 5594 1609 5642 Ci.
1694 5594 1813 5640 "In
1856 5594 1898 5641 υ
1980 5594 2132 5655 prius
2189 5596 2306 5641 erat
2342 5594 2700 5708 διδοίμενρνρ.
2738 5594 3227 5672 μεταοιοομενον.”
3256 5594 3719 5644 ντςατιυιυιηοειυ.

486 5662 532 5692 ιο
558 5677 629 5713 τα
659 5661 871 5734 om._0.
965 5656 1243 5734 soéméﬁ.
1317 5655 1771 5734 flltawetﬁsdeg.
1812 5665 2029 5734 censet,
2090 5671 2400 5734 quanquam
2481 5656 2594 5734 edit
2628 5649 3008 5734 uno‘itévgrsc.
3038 5642 3218 5734 91”“
3246 5635 3427 5734 δρυλοι
3452 5634 3719 5734 flagitante

489 5705 937 5852 se.{s“ii'2§liét."c.
996 5705 2040 5802 υἷ’ίίιἷιέικιαῖἲιῗιῖεῑιῖὲῖρἑὄρἦῆὖ
2076 5705 2408 5799 siluis—3}
2441 5705 2670 5795 conject.
2707 5705 2787 5776 σε.
2838 5718 2978 5774 Tum
3041 5706 3419 5784 χερσευσούσῐὶ
3462 5705 3507 5762 C
3534 5745 3553 5771 ι
3599 5721 3727 5776 κερ*

489 5813 717 5855 σευουση
796 5839 808 5852 .

693 5836 723 5870 ιι
754 5836 808 5852 υ·
