3894 6208
152 270 259 323 277

1247 264 1707 323 CLEMENTINA.
1748 293 1816 302 —-
1852 262 2129 317 IIOMILIA
2153 262 2239 316 ΧΙ.

3298 258 3417 314 9ῖ8τ

152 390 229 452 ὡς
263 388 379 459 πῦρ
430 388 771 459 χερσευσάσῃ
808 387 1014 460 ἀρούρῃ
1060 388 1346 455 ἐπαφεῖναι
1381 382 1536 453 231
1574 383 1732 451 δυνη-

1847 393 1972 437 tem.
2002 392 2260 445 vestram,
2321 376 2476 449 quasi
2513 378 2688 448 ignem
2734 377 2788 431 in
2836 392 3024 431 arvum
3084 376 3398 443 silvescens,

155 478 308 548 θῆτε.
340 480 404 531 Εἰ
442 480 539 548 μὲν
571 474 663 531 οὖν
708 480 809 531 οὐκ
857 480 1009 549 ἔχετε
1057 479 1264 531 δίκαιον
1297 475 1427 547 πῦρ,
1461 476 1559 545 τὴν
1592 473 1734 526 κατά

151 568 262 621 τῶν
326 569 511 622 κακῶν
566 569 868 640 ἐπιθυμιῶν
936 570 1103 641 ὀργὴν
1146 567 1311 636 λέγω,
1378 565 1577 636 μάθετε
1628 564 1734 617 ἀπὸ

154 659 329 712 ποίων
357 660 538 713 καλῶν
566 661 612 692 ⁸⁸
646 660 1022 731 ἐνηδρεύθητε,
1069 659 1163 711 καὶ
1202 658 1339 729 πρὸς
1385 658 1544 709 ποίαν
1577 655 1736 708 κόλα-

154 769 240 805 σιν
293 753 715 823 κατηρτίσθητε,
766 753 858 805 καὶ
902 751 1006 806 ὑπὸ
1070 751 1214 814 τίνος
1260 748 1596 821 ἠπατήθητε,
1643 748 1736 800 καὶ

152 842 330 907 οὕτως
368 821 525 914 ὑμῶν
557 846 584 897 ὁ
617 821 742 907 νοῦς
772 843 963 914 νήψας,
999 843 1092 895 καὶ
1124 842 1309 913 ὥσπερ
1353 840 1464 912 πῦρ
1497 840 1601 893 ὑπὸ
1636 838 1736 909 τῆς

150 933 246 987 τοῦ
296 934 616 1005 πέμψαντος
667 936 812 1005 ἡμᾶς
856 933 1204 997 διδασκαλίας
1239 932 1489 1002 ἐξαφθεὶς
1521 933 1600 993 εἰς
1646 930 1737 1000 ὀρ-

151 1027 276 1095 γὴν,
309 1026 382 1079 τά
434 1026 582 1080 κακά
609 1027 655 1059 ⁵⁵
681 1028 779 1098 τῆς
836 1027 1128 1098 ἐπιθυμίας
1191 1024 1462 1079 ἀναλῶσαι
1512 1021 1733 1093 δυνηθῇ.

152 1115 493 1169 Πιστεύσατέ
530 1134 637 1188 μοι,
670 1117 750 1170 ὅτι
782 1115 1103 1187 θελήσαντες
1162 1115 1339 1170 πάντα
1393 1110 1736 1183 κατορθῶσαι

152 1206 470 1277 δυνήσεσθε.

218 1295 311 1349 ιν.
352 1297 492 1350 Θεοῦ
528 1298 621 1351 τοῦ
655 1298 885 1369 ἀοράτου
932 1297 1055 1350 ἐστέ
1088 1295 1269 1350 εἰκών.
1314 1295 1474 1369 Ὅθεν
1501 1296 1549 1347 οἰ
1584 1296 1737 1348 εὐσε-

152 1387 266 1441 ϐεῖν
296 1389 615 1461 βουλόμενοι
646 1362 737 1463 μὴ’
768 1391 836 1444 τὰ
864 1390 1058 1444 εἴδωλα
1090 1362 1421 1457 λεγέτωσαν“
1436 1384 1739 1439 Θεοῦείκό-

152 1482 278 1535 v1"
307 1477 472 1546 εῖναι,
492 1484 583 1536 καὶ
598 1482 687 1535 διὰ
693 1481 866 1566 ,τοῦτο
892 1482 1005 1535 δεῖν
1037 1481 1179 1535 αὐτά
1209 1478 1407 1541 σέϐειν.
1425 1476 1605 1531 Εἰκὼν
1630 1476 1739 1548 γὰρ

153 1573 286 1628 Θεοῦ
317 1577 346 1628 ό
375 1566 681 1647 ἄνθρωπος.
733 1576 790 1629 '0
818 1576 898 1638 εἰς
926 1574 1056 1628 Θεὸν
1077 1573 1320 1627 εὐσεϐεῖν
1346 1571 1511 1625 θέλων
1531 1569 1739 1642 ἀνθρω-

155 1683 252 1718 πον
286 1668 601 1737 εὐεργετεῖ,
636 1668 719 1720 ὅτι
752 1668 934 1721 εἰκόνα
963 1666 1099 1721 Θεοῦ
1132 1667 1194 1719 τὸ
1226 1663 1511 1736 ἀνθρώπου
1538 1661 1738 1734 βαστά-

1834 475 2063 545 possitis
2108 472 2420 527 immittere.
2481 470 2538 525 Si
2589 484 2718 540 ergo
2767 483 2877 523 non
2938 468 3148 523 habetis
3189 468 3397 537 justum

1836 566 2050 636 ignem,
2112 565 2249 617 iram
2308 563 2431 617 dico
2490 561 2755 615 adversus
2814 558 3137 628 cupiditates
3191 558 3397 621 malas,

1838 653 2250 709 animadvertite
2277 666 2306 705 a
2332 650 2584 721 qualibus
2610 649 2770 703 bonis
2802 663 2898 719 per
2935 648 3160 702 insidi-as
3190 647 3404 701 abstra-

1837 747 1918 802 cti
1938 745 2177 811 fueritis,
2203 744 2270 798 ad
2297 740 2460 813 quale
2488 740 2817 810 supplicium
2858 740 3144 809 praeparati
3166 748 3220 792 et
3241 754 3271 790 a
3294 752 3402 806 qua

1835 852 1897 892 re
1924 835 2155 891 seducti.
2189 834 2368 903 Atque
2405 831 2479 886 ita
2528 844 2683 884 mens
2724 836 2905 885 vestra
2940 829 3124 883 sobria
3154 827 3317 893 facta,
3349 835 3407 883 et

1836 929 1995 1000 quasi
2026 927 2167 997 ignis
2200 942 2231 979 a
2256 925 2507 980 doctrina
2551 922 2674 992 ejus
2708 922 2803 992 qui
2835 922 2987 977 misit
3017 936 3118 979 nos
3146 920 3405 999 incensus

1838 1018 1907 1075 ad
1959 1016 2326 1082 iracundiam,
2381 1015 2579 1084 poterit
2629 1013 2980 1083 cupiditatem
3056 1025 3437 1068 consumere.,

1838 1109 1969 1177 Mihi
2015 1108 2254 1173 credite,
2314 1105 2478 1161 modo
2544 1105 2757 1169 velitis,
2816 1102 3063 1174 poteritis
3117 1102 3406 1157 emendare

1839 1213 2055 1261 cuncta.

1908 1295 1997 1349 IV.
2032 1295 2133 1361 Dei.
2151 1294 2242 1365 qui
2272 1293 2420 1349 cerni
2459 1292 2650 1361 nequit
2688 1291 2868 1359 imago
2912 1288 3065 1345 estis.
3118 1285 3270 1343 Unde
3310 1278 3437 1355 qui'

1838 1388 1926 1457 pie
1956 1386 2140 1441 vivere
2188 1385 2449 1454 cupiunt,
2486 1398 2555 1437 ne
2584 1381 2770 1436 dicant
2826 1379 2964 1433 idola
2996 1393 3114 1433 esse
3142 1376 3237 1432 Dei
3266 1377 3408 1429 ima-

1841 1480 2019 1551 ginem
2039 1519 2054 1545 ,
2084 1478 2314 1546 ideoque
2342 1476 2447 1531 coli
2480 1491 2544 1529 ea
2590 1482 2863 1543 Oportere.
2916 1470 3053 1525 Nam
3099 1468 3196 1523 Dei
3229 1468 3408 1535 imago

1840 1571 2006 1625 homo
2038 1578 2142 1624 est.
2168 1568 2273 1635 Qui
2308 1570 2363 1622 in
2392 1567 2561 1621 Deum
2591 1565 2678 1635 pie
2708 1579 2767 1619 se
2805 1578 2990 1634 gerere
3023 1562 3168 1628 vult,
3200 1558 3409 1616 homini

1842 1662 2114 1718 benefacit
2136 1703 2151 1727 ,
2183 1662 2313 1730 quia
2349 1659 2445 1714 Dei
2479 1657 2772 1728 imaginem
2802 1662 2984 1726 portat
3008 1652 3246 1708 hominis
3283 1666 3408 1706 cor-

152 1761 233 1824 ζει
268 1734 455 1829 σῶμα.
488 1757 599 1829 Τὴν
646 1759 703 1812 δὲ
736 1759 1029 1830 ὁμοιότητα
1058 1758 1241 1813 οὐκέτι
1279 1734 1507 1820 πάντες,
1541 1754 1650 1808 ἀλλ’
1671 1754 1739 1817 ⁵⁷,

1847 1772 1979 1829 pus;
2034 1754 2445 1811 similitudinem
2493 1767 2622 1807 vero
2672 1766 2781 1805 non
2833 1764 3024 1804 omnes
3058 1754 3281 1817 gerunt,
3318 1747 3413 1801 sed

152 1851 365 1921 ἀγαθῆς
393 1850 573 1921 ψυχῆς
602 1854 630 1906 ό
662 1851 901 1922 καθαρὸς
934 1850 1077 1915 νοῦς.
1126 1850 1271 1937 Πλὴν
1298 1849 1375 1913 ὡς
1406 1851 1565 1919 ἡμεῖς
1596 1845 1739 1900 οῖδα-

156 1959 253 2012 μεν
302 1943 400 1995 τὸν
448 1942 735 2014 ἄνθρωπον
780 1945 900 1996 κατ’
960 1943 1142 1996 εἰκόνα
1187 1943 1282 1995 καὶ
1325 1941 1445 1994 καθ’
1488 1940 1742 2011 ὁμοίωσιν

152 2029 419 2098 γεγονότα
444 2030 541 2084 τοῦ
567 2030 726 2095 Θεοῦ,
756 2032 837 2095 εἰς
865 2032 1052 2086 τοῦτον
1083 2033 1226 2103 ὑμᾶς
1249 2030 1490 2085 εὐσεϐεῖν
1509 2030 1553 2062 ⁸⁸
1586 2029 1743 2097 λέγο-

156 2136 275 2187 μεν,
308 2120 401 2172 ἵνα
433 2122 514 2183 εἰς
544 2120 698 2184 Θεὸν,
729 2114 899 2191 οὗπέρ
929 2121 1074 2173 ἐστιν
1106 2119 1292 2182 εἰκὼν,
1328 2120 1362 2189 ή
1395 2118 1555 2189 χάρις
1598 2116 1743 2185 λογι-

156 2210 278 2281 σθῇ.
311 2212 492 2282 Τιμὴν
524 2207 616 2266 οὖν
661 2217 727 2285 τῇ
758 2213 853 2266 τοῦ
884 2212 1020 2267 Θεοῦ
1053 2214 1221 2266 εἰκόνι
1252 2253 1267 2277 ,
1300 2213 1436 2283 ὅπερ
1469 2210 1621 2263 ἐστὶν
1654 2210 1747 2264 ἀν-

152 2300 735 2374 θρωπος,προσφέρειν
767 2304 850 2357 δεῖ
880 2303 1082 2368 οὕτως,
1129 2304 1380 2359 πεινῶντι
1406 2303 1633 2375 τροφὴν,
1663 2304 1743 2356 δι-

152 2391 323 2462 ᾇῶντι
358 2392 544 2457 ποτὸν,
578 2395 973 2466 γυμνητεύοντι
994 2396 1037 2427 ⁵⁸
1067 2394 1298 2466 ἔνδυμα,
1334 2395 1576 2448 νοσοῦντι
1610 2394 1745 2464 πρό-

156 2501 333 2545 νοιαν,
371 2482 510 2553 ξένῳ
539 2486 766 2555 στέγην,
797 2485 993 2555 καὶτῷ
1024 2487 1081 2538 ἐν
1106 2488 1297 2556 εἱρκτῇ
1326 2484 1439 2538 δντι
1468 2484 1747 2553 ἐπιφαινό-

156 2591 317 2643 μενον
338 2575 385 2605 ⁶⁰
410 2573 626 2645 βοηθεῖν
663 2577 738 2639 ὡς
758 2576 980 2631 δυνατόν
1015 2578 1181 2629 ἐστιν.
1205 2576 1313 2629 Καὶ
1342 2576 1429 2629 ἵνα
1453 2577 1526 2648 μὴ
1544 2576 1605 2628 τὸ
1624 2568 1745 2628 κατ’

151 2661 295 2729 εἶδος
320 2665 489 2734 λέγω,
527 2667 704 2719 πάντα
732 2668 836 2722 ὅσα
865 2668 1040 2739 ἐαυτῷ
1052 2685 1134 2730 τις
1159 2667 1746 2739 θέλειικαλά,ὠσαύτως

150 2752 299 2828 ἀλλῳ
327 2758 585 2828 χρῄζοντι
619 2760 923 2831 παρεχέτω,
942 2762 1036 2814 καὶ
1049 2761 1209 2831 232
1223 2760 1342 2813 τότε
1373 2761 1519 2831 αὐτῷ
1552 2763 1630 2824 εἰς
1648 2760 1746 2830 τὴν

149 2848 250 2902 τοῦ
300 2848 440 2902 Θεοῦ
489 2851 675 2905 εἰκόνα
734 2852 1089 2925 εὐσεϐήσαντι
1122 2852 1342 2906 δύναται
1370 2853 1572 2921 ἀγαθὸς
1598 2852 1743 2921 λογι-

154 2940 354 3010 σθῆναι
390 2939 608 3009 μισθός-
648 2934 693 3008 ᾧ
719 2942 860 3013 λόγῳ
898 2946 946 2997 εἰ
979 2945 1073 2997 καὶ
1102 2942 1275 2997 ταῦτα
1303 2945 1473 2997 ποιεῖν
1507 2944 1580 3015 μὴ
1613 2944 1744 2997 ἀνα-

151 3031 380 3101 δέξηται
403 3032 470 3098 ⁶¹,
525 3033 600 3096 ὡς
632 3033 910 3105 ἀμελήσας
942 3035 1042 3104 τῆς
1075 3035 1279 3098 εἰκόνος
1328 3035 1741 3106 κολασθήσεται.

236 3140 295 3193 ν.
338 3137 467 3195 Οῒον
515 3138 607 3196 οὖν
640 3142 754 3196 ἔστι
802 3144 979 3213 λέγειν
1016 3147 1144 3199 ποτέ
1166 3186 1180 3210 ,
1213 3147 1294 3199 ὅτι
1338 3146 1616 3209 εὐσεϐείας
1643 3146 1743 3217 τῆς

153 3235 239 3295 εις
268 3232 407 3286 Θεὸν
437 3234 600 3306 χάριν
631 3238 810 3290 πᾶσαν
844 3240 1056 3312 μορφὴν
1076 3239 1120 3269 ⁸³
1169 3240 1446 3310 σεϐόμενοι
1474 3281 1487 3304 ,
1516 3240 1607 3291 τὸν
1649 3238 1743 3292 ἄν·

157 3324 383 3396 θρωπον
416 3326 516 3396 τὴν
539 3327 707 3391 ὅντως
736 3328 921 3382 εἰκόνα
934 3330 1068 3382 Θεοῦ
1097 3331 1226 3384 ὄντα
1254 3332 1311 3383 ἐν
1341 3332 1504 3383 πᾶσιν
1534 3328 1745 3401 ἐνυϐρί-

158 3413 281 3480 ζετε
303 3416 376 3479 ⁵³,
409 3419 745 3485 φονεύοντες,
784 3420 1145 3491 μοιχεύοντες,
1181 3421 1501 3484 κλέπτοντες
1530 3422 1622 3473 καὶ
1648 3437 1745 3474 κα-

158 3506 229 3560 τά
274 3507 449 3560 πολλά
484 3509 615 3563 ἀλλα
668 3511 1053 3581 ἀτιμάζοντες;
1124 3513 1320 3583 Ἐχρῆν
1365 3513 1421 3565 δὲ
1467 3512 1588 3583 μηδ’
1623 3512 1679 3564 ἓν
1702 3512 1746 3543 ⁸⁸

162 3600 335 3651 κακὸν
371 3601 630 3671 πράττειν
653 3641 668 3667 ,
695 3601 824 3683 δι’νὸ
862 3603 1150 3674 ἄνθρωπος
1190 3605 1436 3657 λυπεῖται
1458 3604 1500 3634 ⁸⁵
1520 3621 1532 3632 ·
1564 3603 1657 3655 νῦν
1688 3604 1746 3656 δέ

164 3689 347 3743 πάντα
380 3692 669 3761 πράττετε,
692 3692 812 3773 διξά
833 3694 876 3725 ⁸⁸
897 3693 993 3747 ἄνθ
1003 3712 1182 3765 ρωπος
1203 3695 1417 3767 ἀθυμεῖ,
1437 3695 1618 3749 ἀδικία
1638 3693 1746 3765 γὰρ

164 3784 260 3835 καὶ
288 3782 499 3854 ἀθυμία
529 3785 758 3853 γίνεται.
792 3785 889 3838 Διά
905 3785 1072 3871 ξοῦτο
1113 3787 1365 3856 φονεύετε
1393 3788 1435 3819 ⁸⁷
1466 3790 1559 3840 καὶ
1588 3788 1748 3856 ἀφαι-

168 3873 352 3943 ρεῖσθε
383 3875 452 3927 τά
484 3875 672 3940 αὐτοῦ,
705 3878 796 3930 καὶ
824 3878 925 3930 ὅσα
958 3878 1092 3933 ἀλλα
1126 3878 1259 3943 ἴστε,
1295 3881 1437 3951 ἅπερ
1473 3880 1661 3932 παθεῖν
1686 3879 1745 3932 οὐ

168 3964 371 4017 θέλετε.
407 3966 595 4036 Ὑμεῖς
613 3967 671 4019 δὲ
697 3968 910 4039 ἑρπετῷ
935 3987 1041 4021 τινι
1068 3971 1357 4041 κακούργῳ
1389 3974 1522 4042 πρὸς
1552 3971 1747 4025 κακίαν

169 4057 546 4127 ἁπατηθέντες
580 4060 804 4131 ὑπονοίᾳ
838 4061 1097 4114 πολυθέΟυ
1129 4062 1402 4130 γνώσεως,
1435 4066 1513 4127 εἰς
1538 4066 1635 4135 μὲν
1650 4065 1749 4136 τὴν

168 4149 341 4212 ὅντως
363 4150 567 4213 εἰκόνα,
599 4153 737 4224 ὅπερ
766 4153 913 4206 ἐστὶν
944 4153 1248 4225 ἄνθρωπος,
1280 4154 1555 4221 ἀσεϐεῖτε,
1585 4159 1665 4220 εἰς
1691 4158 1748 4211 δὲ

1845 1852 2001 1906 bona:
2024 1848 2218 1903 anima:
2239 1861 2374 1916 pura
2396 1860 2571 1899 mens.
2604 1843 2879 1909 Attamen,
2910 1839 3039 1911 quia
3075 1854 3174 1894 nos
3208 1839 3413 1895 scimus

1846 1942 2123 1998 hominem
2158 1939 2359 1994 factum
2382 1937 2552 1993 fuisse
2584 1936 2652 1991 ad
2674 1934 2968 2006 imaginem
2989 1941 3044 1987 et
3065 1932 3132 1987 ad
3159 1930 3413 1990 similitu-

1846 2035 2026 2090 dinem
2043 2032 2157 2099 Dei,
2170 2033 2452 2086 hortamur
2468 2030 2589 2085 sitis
2610 2043 2738 2098 erga
2763 2026 2915 2081 illum
2947 2025 3047 2095 pii,
3068 2033 3127 2078 ut
3146 2024 3204 2078 in
3219 2021 3411 2086 Deum,

1846 2127 2004 2196 cujus
2045 2134 2127 2180 est
2172 2125 2386 2196 imago,
2418 2122 2589 2193 gratia
2629 2120 2916 2175 referatur.
2964 2118 3235 2173 Honorem
3283 2132 3417 2188 ergo

1848 2217 2072 2288 imagini
2103 2215 2217 2282 Dei,
2256 2215 2308 2269 id
2337 2221 2422 2269 est
2451 2213 2683 2279 homini,
2708 2211 2921 2265 deferre
2943 2217 3157 2279 oportet
3188 2209 3334 2264 hunc
3358 2209 3416 2263 in

1847 2309 2103 2373 modum,
2134 2305 2425 2376 praebendo
2452 2302 2717 2359 esurienti
2740 2302 2944 2369 cibum,
2971 2300 3175 2356 sitienti
3202 2307 3415 2369 potum,

1848 2401 1996 2457 nudo
2027 2399 2407 2454 indumentum
2427 2438 2443 2462 ,
2483 2410 2628 2463 aegro
2662 2392 3060 2463 providentiam
3082 2433 3096 2456 ,
3128 2390 3415 2461 peregrino

1850 2501 2076 2554 tectum,
2106 2491 2161 2545 in
2194 2502 2417 2545 carcere
2454 2487 2635 2556 posito
2665 2484 3031 2539 visitationem
3059 2498 3123 2537 ac
3154 2498 3252 2553 pro
3286 2483 3417 2537 viri-

1847 2581 1951 2635 bus
1973 2579 2260 2634 auxilium.
2287 2576 2353 2629 Et
2370 2592 2437 2629 ne
2460 2574 2669 2644 singula
2690 2588 3002 2630 recenseam
3031 2592 3045 2628 :
3077 2588 3418 2642 quaecunque

1849 2671 2051 2741 aliquis
2087 2671 2192 2725 sibi
2223 2669 2497 2724 desiderat
2526 2669 2670 2723 bona
2698 2708 2712 2733 ,
2740 2667 2894 2721 alteri
2928 2665 3187 2736 indigenti
3218 2664 3417 2734 pariter

1849 2765 2071 2819 tribuat.
2103 2762 2365 2832 Tuncque
2391 2762 2495 2830 ipsi
2522 2802 2537 2827 ,
2572 2760 2629 2813 in
2682 2758 2779 2813 Dei
2817 2758 3112 2828 imaginem
3161 2757 3417 2827 pietatem

1848 2856 2122 2912 exercenti
2148 2896 2163 2919 ,
2195 2856 2335 2910 bona
2384 2862 2561 2924 potest
2605 2851 2861 2921 imputari
2911 2865 3119 2905 meroes
3148 2869 3161 2903 :
3190 2865 3296 2920 qua
3326 2865 3416 2903 ra-

1848 2943 1994 2997 tione
2017 2982 2031 3006 ,
2068 2941 2115 2995 si
2146 2942 2250 2996 ista
2282 2940 2460 2996 facere
2485 2947 2732 3004 recuset,
2765 2939 2923 3009 quasi
2951 2939 3046 3010 qui
3079 2947 3420 3008 contempse-

1849 3036 1920 3089 rit
1952 3035 2276 3105 imaginem,
2306 3034 2579 3104 punietur.

1916 3146 1982 3201 V.
2024 3148 2105 3202 An
2136 3148 2302 3219 igitur
2326 3147 2434 3203 dici
2467 3154 2681 3217 potest,
2719 3156 2941 3219 prOpter
2987 3149 3245 3218 pietatem
3291 3163 3420 3218 erga

1846 3240 2016 3297 Deum
2070 3242 2176 3296 coli
2229 3256 2449 3295 omnem
2504 3240 2736 3297 formam
2762 3284 2776 3308 ,
2813 3242 2859 3296 si
2892 3242 3165 3296 hominem
3190 3282 3205 3307 ,
3237 3256 3421 3297 vet-am

1846 3335 1941 3391 Dei
1972 3334 2286 3404 imaginem,
2324 3336 2377 3391 in
2402 3335 2658 3390 omnibus
2684 3334 3019 3393 contumelia
3050 3333 3285 3398 atlicitis,
3322 3348 3419 3388 oc-

1846 3426 2101 3492 cidendo,
2123 3426 2501 3493 adulterando,
2532 3425 2788 3491 iurando,
2823 3426 2878 3480 in
2914 3425 3101 3479 multis
3130 3423 3251 3479 aliis
3276 3426 3418 3479 indi-

1848 3535 1949 3591 gne
1979 3519 2335 3593 accipiendo?
2371 3516 2667 3589 Oportebat
2704 3528 2885 3574 autem
2912 3532 2979 3572 ne
3003 3532 3171 3571 unum
3198 3517 3419 3586 quidem

1847 3610 2050 3663 malum
2076 3610 2420 3663 committere
2449 3648 2463 3673 ,
2491 3622 2587 3676 per
2634 3607 2779 3676 quod
2833 3608 2995 3663 homo
3042 3604 3415 3671 contristetur;

1848 3716 1997 3755 nunc
2030 3714 2159 3754 vero
2189 3708 2385 3754 cuncta
2413 3697 2591 3753 facitis
2620 3698 2822 3774 quibus
2862 3697 3026 3750 homo
3063 3694 3301 3766 angitur.
3333 3694 3422 3750 In-

1846 3790 1993 3859 juria
2025 3790 2168 3843 enim
2195 3788 2359 3844 etiam
2393 3787 2642 3841 anxietas
2665 3788 2742 3840 ﬁt.
2771 3784 2897 3840 Ideo
2923 3785 3229 3841 interﬁcitis
3255 3793 3308 3840 et
3329 3798 3420 3839 res

1850 3882 1997 3937 illius
2046 3881 2273 3935 aufertis
2321 3888 2374 3934 et
2410 3893 2752 3949 quazcunque
2784 3878 2889 3932 alia
2922 3877 3075 3931 scitis
3099 3918 3114 3942 ,
3145 3891 3267 3946 quae
3310 3891 3421 3931 non

1849 3977 2012 4031 vultis
2042 3975 2173 4046 pati.
2212 3975 2319 4029 Vos
2355 3984 2535 4028 autem
2568 3989 2597 4026 a
2630 3972 2868 4042 maligno
2905 3971 3140 4042 quodam
3174 3980 3423 4041 serpente

1851 4070 1918 4124 ad
1949 4069 2216 4123 malitiam
2266 4067 2519 4136 decepti,
2578 4081 2673 4135 per
2723 4064 3089 4134 suspicionem
3140 4063 3425 4119 sententiae

1851 4162 2055 4216 multos
2076 4161 2207 4216 deos
2236 4159 2567 4225 inducentis,
2588 4159 2642 4211 in
2671 4172 2793 4212 vera
2818 4157 3037 4226 quidem
3064 4157 3297 4226 imagine
3317 4172 3423 4211 seu

169 4242 237 4293 τὰ
272 4242 575 4314 ἀναίσθητα
605 4245 851 4299 εὐσεϐεῖν
878 4246 1104 4299 δοκεῖτε.

1853 4255 2075 4309 homine
2110 4254 2260 4322 impii
2286 4252 2418 4307 estis
2442 4295 2455 4319 ,
2487 4252 2540 4305 in
2575 4250 2739 4305 rebus
2778 4262 2910 4304 vero
2951 4264 3115 4305 sensu
3151 4248 3423 4305 destitutis

1851 4344 1926 4414 pii
1959 4343 2109 4397 vobis
2136 4341 2415 4396 videmini.

247 4418 336 4472 Vl.
377 4419 532 4483 Τινὲς
559 4420 615 4473 δὲ
653 4421 928 4490 λέγουσιν,
962 4426 1009 4476 εἰ
1054 4424 1128 4495 μὴ
1176 4424 1367 4495 ἦθελεν
1402 4427 1540 4481 αὐτά
1575 4424 1742 4492 εἶναι,

1927 4433 2018 4489 Vl.
2048 4432 2308 4487 Nonnulli
2342 4441 2523 4487 autem
2562 4434 2779 4502 dicunt,
2825 4432 2870 4489 si
2900 4432 3164 4488 noluisset
3192 4431 3334 4486 Deus
3358 4446 3423 4485 ea

175 4516 274 4567 ιύκ
308 4513 375 4566 ἂν
419 4510 487 4584 ἧν
511 4556 527 4581 ,
576 4514 689 4567 ἀλλ’
728 4516 980 4589 ἀνῃρεῖτο
994 4519 1037 4551 ⁸⁸
1068 4518 1153 4572 ἀν.
1182 4521 1330 4590 (1³ημί¹
1376 4520 1559 4589 κάγὼ,
1594 4522 1742 4575 τοῦτ(

1856 4539 1977 4580 esse
1997 4566 2012 4591 ,
2039 4526 2227 4595 utique
2260 4540 2370 4579 non
2403 4526 2765 4593 exstitissent,
2805 4524 2898 4580 sed
2930 4524 3163 4578 fuissent
3189 4522 3420 4577 sublata.

175 4608 394 4669 πάντως
427 4606 614 4673 ἔσται,
646 4608 770 4663 ὅταν
803 4609 1001 4673 πάντες
1042 4611 1140 4682 τὴν
1184 4612 1363 4665 αὐτῶν
1415 4614 1551 4685 πρὸς
1593 4616 1742 4668 αὐτὸηΙ

1857 4618 1968 4689 Ego
2019 4632 2238 4689 qucque
2281 4616 2486 4683 fateor,
2519 4617 2573 4671 id
2610 4618 2833 4672 omnino
2876 4615 3152 4678 futurum,
3204 4612 3424 4683 quando

172 4699 391 4763 δείξωσι
435 4700 752 4771 προαίρεσιν
775 4741 790 4766 ,
838 4704 932 4755 καὶ
963 4703 1135 4792 οὕτως
1166 4704 1372 4775 ἀλλαγὴ
1409 4704 1502 4758 τοῦ
1535 4704 1629 4759 νῦν
1661 4724 1742 4775 γε-

1858 4724 2049 4765 omnes
2071 4724 2227 4763 suam
2260 4722 2389 4777 erga
2431 4707 2601 4762 Deum
2655 4708 2993 4763 ostenderint
3041 4706 3375 4761 voluntatem
3406 4747 3421 4771 ,

175 4797 401 4865 νήσεται
437 4796 659 4866 κόσμου.
693 4797 841 4868 nm
872 4798 920 4849 εἰ
954 4799 1045 4850 καὶ
1075 4797 1245 4862 οὓτως
1273 4798 1492 4869 ἠθέλετε
1516 4799 1559 4830 ⁵³
1593 4800 1742 4853 αὐτὸν

1859 4813 2085 4872 tumque
2112 4803 2276 4873 hujus
2303 4803 2487 4856 mundi
2543 4800 2659 4856 fore
2707 4801 3083 4856 mutationem.
3144 4798 3424 4853 Verumta—

178 4889 422 4958 ποιῆσαι,
448 4888 533 4940 ἵνα
568 4889 733 4959 μηδὲν
757 4889 866 4943 τῶν
889 4906 1191 4961 προσκυνου
1200 4891 1375 4961 μένων
1408 4891 1567 4962 233
1584 4892 1742 4963 ὐπῆρ·

1861 4909 2008 4961 men,
2042 4894 2259 4950 etiamsi
2285 4895 2449 4949 vultis
2486 4895 2643 4965 illum
2671 4894 2745 4949 ita
2769 4892 2947 4948 facere
2985 4900 3045 4946 ut
3069 4890 3205 4946 nihil
3234 4905 3423 4944 eorum

1441 5023 1676 5079 VARUE
1716 5022 2111 5081 LECTIONES.

251 5109 479 5183 "Haud
532 5112 671 5167 male
714 5112 756 5164 D
823 5114 1049 5183 corrigit
1110 5115 1216 5167 ὐπὸ
1273 5116 1439 5168 ποίων
1489 5116 1672 5169 κακῶν
1737 5123 1796 5169 ut
1863 5116 2004 5171 infra
2066 5119 2211 5173 hom.
2282 5134 2366 5180 xt,
2434 5118 2521 5172 Η.

178 5182 433 5259 κατά-Δίῃ
491 5192 782 5259 textu,_ut
837 5186 902 5259 ΟΣ
1072 5186 1284 5259 εἰκόνας
1353 5188 1457 5259 Ιεειῐἐ
1532 5194 1719 5259 censet
1784 5185 1838 5240 S.
1939 5188 2132 5242 ⁵⁷ἀλλά
2184 5196 2246 5242 υ.
2336 5191 2382 5220 ⁸⁸
2404 5189 2616 5243 ἀσεϐεῖν
2669 5189 2811 5259 ὑμᾶς
2874 5182 2937 5259 ρῖ
2982 5182 3424 5259 ὑμᾶςᾼίεύσεϐεῖν

314 5253 386 5330 _'_’
434 5252 811 5330 γυμνιτεύοντι
871 5256 930 5306 Ο.
1000 5254 1376 5330 ‘°‘lta_0_c.
1411 5252 1479 5309 VS.
1508 5256 1663 5330 7(cfr.
1694 5259 1900 5330 _h0_m._
1940 5274 2018 5313 xu
2046 5301 2061 5326 ,
2122 5260 2246 5327 52),
2314 5252 2719 5330 ἐπιφαινόμενοί
2961 5252 3315 5330 θίάναδέξητε
3347 5258 3421 5330 _t).

181 5325 225 5352 ⁵³
247 5321 570 5377 Addendum
598 5326 721 5375 ἐστε
744 5332 871 5393 post
907 5326 1138 5397 μορφήν.
1171 5326 1229 5380 S.
1265 5327 1404 5380 Tum
1438 5329 1532 5380 τοῦ
1548 5321 1611 5396 ρ.
1646 5327 1744 5426 την
1772 5328 1830 5380 Ο.
1859 5321 2066 5383 Forsan
2104 5321 2449 5384 scribendum
2484 5321 2694 5397 οείτὴν
2731 5328 2824 5381 τοῦ
2868 5328 3035 5390 ὄντως
3076 5326 3207 5378 Θεοῦ
3240 5321 3425 5377 ἐἰκόνα

181 5391 306 5426 κεν-η
390 5392 435 5422 63
458 5393 829 5426 Lunﬁntrmmep
854 5393 891 5426 Ρ
1008 5396 1051 5426 οι
1073 5396 1235 5426 ..-πλη
1260 5413 1292 5426 τ.
1347 5396 1466 5426 ..-π’
1497 5398 1555 5426 α..
1578 5399 1618 5426 n
1716 5397 1966 5426 tn..-.r.-
1996 5402 2037 5426 n
2129 5400 2173 5426 su
2201 5400 2229 5426 ι.
2272 5399 2306 5426 α
2380 5402 2421 5426 n
2492 5401 2516 5426 α
2538 5401 2577 5426 ι’
2634 5398 2770 5426 φη...
2808 5400 2895 5426 ...Α
2948 5398 3010 5426 κ..
3053 5414 3084 5426 η
3137 5396 3229 5426 υηι
3261 5396 3397 5426 ί.Ιιιηι

180 5391 325 5473 θέντα.
390 5391 829 5473 ⁸³.ἐνυϐρίςοντξς
965 5391 1051 5473 ,⁷⁸⁸
1072 5391 1235 5473 μηδὲν
1260 5413 1313 5467 p.
1334 5396 1466 5473 _p.'q§'
1679 5391 1736 5473 ff
1750 5397 1966 5473 λυπεῖτε
1996 5402 2056 5453 0.
2112 5400 2173 5473 _“
2196 5400 2239 5473 ἀί
2271 5399 2330 5473 S_,
2380 5402 2421 5473 Ο
2450 5441 2463 5464 ,
2491 5401 2599 5473 δυ.
2629 5391 2901 5473 ’Τυωμκαὶ
2946 5398 3121 5473 ὄιν-ρ.»
3137 5396 3229 5447 καί
3250 5396 3419 5473 "idem.

184 5462 475 5545 Damarata
491 5462 733 5545 μτοῦτο
873 5471 944 5545 ’⁸⁷
965 5463 1042 5545 με
1074 5462 1113 5519 S
1136 5462 1158 5534 ’,
1188 5462 1480 5545 φονεύεσθε
1502 5468 1567 5545 (ξ,
1679 5465 1815 5521 Tum
1843 5468 2193 5545 ἀφαιρεῖσθαι
2303 5462 2670 5545 [ξεὶηὰε-ἐστίν
2694 5485 2746 5539 p.
2775 5468 2891 5526 ἴστε.
2919 5462 3067 5545 conj.
3226 5465 3270 5499 (ιδ
3293 5464 3422 5545 ᾁνῄτ

185 5548 319 5608 ρῃτο
343 5533 633 5608 Q._B_ostea
660 5535 887 5608 ascripsi
910 5533 1439 5608 advragmeodem.
1523 5536 1774 5608 δέούτως,
1801 5538 1862 5608 κεί
1891 5533 2073 5592 Θέλετε
2109 5540 2171 5594 C.
2208 5539 2287 5595 Ac
2326 5538 2369 5591 D
2422 5533 2768 5595 scribendum
2811 5533 3035 5608 putabat
3077 5535 3215 5604 πλὴν
3241 5535 3305 5608 ,εἰ
3334 5536 3426 5608 και

182 5602 599 5747 ἷίἑτςωσὶὲέλετε
633 5602 1065 5678 αὐτὸνποιῆσαιο
1110 5606 1477 5664 Verumtamen
1517 5607 1563 5660 si
1606 5608 1683 5661 sic
1721 5607 1879 5662 vultis
1921 5626 2037 5663 eum
2066 5611 2239 5682 facere
2267 5610 2324 5665 S.
2352 5608 2470 5666 Mea
2507 5610 2726 5681 quidem
2757 5602 3022 5667 δεῇιειιιίςι
3065 5602 3349 5661 dumdum
3378 5605 3426 5655 εί

332 5691 373 5727 π
439 5692 489 5729 ν.

2622 5118 2753 5172 "Ita
2819 5117 2962 5189 conj.
2992 5115 3100 5189 _C,
3151 5115 3244 5189 qui
3297 5115 3420 5189 erit.
