3894 6208
189 279 298 336 281

1259 281 1697 338 CLEMENTINA
1723 315 1792 324 —
1821 283 2124 359 uomuit
2143 286 2232 341 ιιι.

3345 287 3450 341 282

187 397 377 468 τὸνιιν
409 397 578 450 πᾶσιν
611 396 770 469 ὐμᾶςῐ
845 396 1274 470 εὐεργετήσαντα
1302 401 1606 474 εὐχαρίστῳ
1633 403 1775 474 ἀμεί-

1885 406 2214 475 aequitatem,
2248 418 2372 459 eum
2391 445 2406 469 ,
2439 403 2533 474 qui
2563 403 2819 460 omnibus
2847 418 2947 459 vos
2969 403 3257 458 cumulavit
3282 403 3450 458 bene-

192 486 404 557 ψασθαι
431 489 602 558 φωνῇ.

275 577 365 631 IX.
423 578 610 646 Ἀλλὰ,
657 579 854 651 φησὶν,
889 583 1133 654 κρεῖττον
1166 581 1455 654 ποιοῦμεν,
1485 585 1598 656 ἅμα
1636 585 1782 657 αὐτῷ

203 671 303 723 καὶ
347 673 516 725 πᾶσιν
563 672 1027 744 εὐχαριστοῦντες.
1097 675 1253 728 Ἀλλά
1313 676 1486 729 ταῦτα
1535 677 1783 746 λέγοντες

195 763 299 815 οὐκ
333 762 448 815 ἴστε
475 763 574 834 τὴν
605 765 727 818 καθ’
762 765 914 837 ὑμῶν
945 765 1255 838 ἐπιϐουλήν.
1305 768 1390 833 Ὠς
1423 769 1552 840 γὰρ,
1580 771 1781 824 ὁπόταν

194 851 291 905 ενα
326 854 605 925 κάμνοντα
638 855 818 909 πολλοὶ
861 858 1033 928 ἰατροὶ
1061 858 1380 930 θεραπεύειν
1411 863 1783 932 ἐπαγγέλλων-

194 944 286 998 ται
307 946 353 977 ⁸⁸
392 947 558 1017 μηδὲν
590 948 749 1018 235
770 949 1074 1020 δυνάμενοι,
1095 948 1174 1015 εἷς
1197 952 1263 1020 ,δέ
1293 970 1377 1017 τις
1406 954 1574 1018 ὅντως
1601 956 1780 1011 ἰᾶσθαι

192 1038 496 1108 δυνάμενος
522 1041 620 1110 τὴν
646 1039 808 1093 αὐτοῦ
839 1041 1110 1096 ἀντίδοτον
1135 1043 1207 1114 μὴ
1229 1045 1549 1117 προσφέρει,
1565 1046 1782 1116 λογισά-

197 1149 357 1202 μενος
389 1133 471 1185 ὅτι
493 1172 508 1196 ,
545 1133 610 1186 ἂν
641 1133 802 1197 αὐτὸς
834 1133 1166 1208 θεραπεύσῃ,
1197 1136 1344 1189 ἄλλοι
1366 1138 1778 1208 ἐπιγράφονται,

191 1221 334 1275 οὕτω
366 1224 462 1277 καὶ
493 1225 521 1276 6
553 1223 684 1287 Θεὸς
705 1265 720 1289 ,
759 1223 896 1294 μετά
930 1224 1136 1278 πολλῶν
1163 1226 1486 1298 ἀξιούμενος
1522 1228 1630 1282 τῶν
1677 1247 1780 1300 μη-

191 1312 280 1364 δὲν
311 1313 650 1384 δυναμένων,
687 1316 786 1368 οὐκ
818 1316 1114 1387 εὐεργετεῖ.
1151 1317 1215 1369 Τί
1240 1314 1352 1382 οὖν,
1384 1321 1566 1390 φησιν,
1601 1321 1628 1372 6
1650 1320 1780 1384 Θεὸς

193 1405 284 1456 ἐπὶ
325 1405 508 1475 τούτῳ
548 1407 881 1474 ἀγανακτεῖ,
936 1409 1030 1461 ἐάν
1072 1425 1136 1477 γε
1173 1409 1338 1462 αὐτοῦ
1395 1410 1782 1482 θεραπεύοντος

191 1493 348 1558 ἄλλος
392 1496 764 1567 ἐπιγράφηται
783 1497 870 1561 “;
920 1499 1101 1568 Φημὶ,
1136 1501 1183 1552 εί
1217 1501 1310 1553 καὶ⁸
1344 1501 1418 1572 μὴ
1453 1503 1778 1570 ἀγανακτεῖ,

194 1583 305 1636 ἀλλ’
340 1580 434 1638 οὖν
461 1602 524 1653 γε
558 1587 618 1639 οὐ
641 1587 782 1639 θέλει
804 1588 848 1619 ⁸⁵
877 1588 975 1658 τῆς
995 1589 1211 1660 ἀπάτης
1234 1592 1490 1662 συνεργὸς
1510 1593 1778 1660 γενέσθαι.

195 1676 368 1729 Αὐτοῦ
391 1677 502 1747 γάρ
530 1677 985 1750 εὐεργετήσαντος
1003 1681 1096 1734 καὶ
1115 1681 1176 1733 τὸ
1199 1681 1361 1752 μηδὲν
1385 1683 1613 1752 ποιῆσαν
1629 1683 1782 1737 εἴδω-

1884 497 2046 560 ftciis,
2085 505 2235 566 grata
2263 497 2600 550 remunerari
2628 511 2780 550 voce.

1954 585 2048 641 IX.
2088 585 2192 639 Sed
2217 625 2231 648 ,
2267 585 2478 654 inquit,
2513 585 2708 640 melius
2752 585 3020 653 facimus,
3051 585 3143 656 qui
3179 587 3229 641 ei
3269 585 3448 640 omni-

1882 681 2095 749 busque
2127 678 2292 734 simul
2330 679 2544 748 gratias
2571 680 2802 749 agimus.
2833 677 3029 733 Verum
3059 679 3172 733 haec
3219 679 3451 733 dicendo

1883 788 1992 826 non
2033 770 2334 841 intelligitis
2371 777 2608 824 structas
2631 771 2783 824 vobis
2814 770 3058 824 insidias.
3087 770 3454 834 Quemadmo-

1882 864 2010 918 dum
2039 862 2182 916 enim
2215 901 2230 925 ,
2257 859 2479 929 quando
2505 874 2672 911 unum
2699 873 2901 927 mgrum
2927 857 3084 912 multi
3118 858 3333 922 medici,
3357 858 3451 927 qui

1883 955 2022 1010 nihil
2050 961 2300 1023 possunt,
2339 951 2669 1022 promittunt
2697 967 2912 1014 curare,
2941 965 3113 1014 unus,
3139 949 3232 1018 qui
3263 965 3451 1004 revera

1881 1055 2059 1116 potest
2084 1044 2312 1112 mederi,
2342 1041 2641 1096 remedium
2671 1057 2831 1094 suum
2855 1056 2962 1094 non
2994 1042 3241 1111 porrigit,
3265 1056 3450 1094 secum

1882 1143 2162 1203 reputans,
2188 1133 2356 1202 quod,
2377 1131 2477 1185 etsi
2500 1130 2612 1199 ipse
2635 1131 2927 1195 sanaverit,
2951 1131 3276 1184 attribuctur
3297 1131 3447 1185 aliis:

1885 1227 1959 1280 ita
1995 1236 2051 1280 et
2080 1225 2254 1290 Deus,
2287 1239 2395 1277 una
2424 1239 2548 1278 cum
2590 1225 2778 1278 multis
2798 1223 2889 1292 qui
2927 1223 3061 1276 nihil
3111 1232 3338 1292 possunt
3362 1237 3452 1276 ro-

1882 1326 2061 1385 gatus,
2094 1333 2201 1371 non
2229 1326 2450 1386 prmstat
2480 1315 2829 1371 beneficium.
2871 1314 3012 1380 Quid
3060 1331 3220 1384 ergo,
3253 1315 3448 1384 inquit,

1884 1407 2027 1462 Deus
2058 1408 2248 1462 ideone
2287 1407 2623 1477 indignatur,
2656 1407 2734 1469 si,
2773 1421 2896 1459 cum
2933 1406 3046 1474 ipse
3071 1413 3242 1469 curet,
3281 1405 3451 1458 ascri-

1882 1498 2042 1552 batur
2074 1496 2266 1550 alteri?
2290 1495 2633 1565 Respondeo,
2669 1495 2794 1548 licet
2827 1510 2932 1548 non
2962 1493 3289 1563 indignetur,
3319 1503 3454 1549 atta-

1883 1606 2008 1646 men
2038 1605 2146 1644 non
2183 1590 2298 1642 vult
2323 1604 2447 1643 esse
2477 1589 2681 1642 erroris
2710 1587 2947 1656 ailjutor.
2979 1585 3275 1654 Postquam
3303 1588 3448 1640 enim

1884 1681 1999 1749 ipse
2027 1678 2294 1734 hencfecit
2319 1721 2334 1744 ,
2365 1678 2527 1733 etiam
2556 1678 2785 1740 idolum,
2813 1675 2955 1744 quod
2981 1676 3114 1728 nihil
3140 1676 3249 1745 egit
3275 1715 3289 1738 ,
3328 1685 3452 1729 tan-

192 1768 280 1821 λον
313 1769 394 1832 ὡς
436 1769 661 1842 δυνηθὲν
706 1771 1010 1826 πιστοῦται.
1060 1773 1216 1826 Ἀλλά
1267 1773 1420 1843 κάγώ
1470 1776 1609 1846 φημί
1661 1793 1775 1843 σοι,

1883 1785 2047 1840 quam
2099 1768 2288 1825 etlicax
2340 1769 2498 1822 ﬁdem
2547 1767 2763 1836 accipit.
2819 1765 2922 1820 Sed
2961 1775 3014 1819 et
3044 1779 3144 1834 ego
3176 1765 3271 1819 tibi
3303 1765 3448 1829 dico,

193 1861 239 1912 εἰ
265 1859 313 1892 ⁸⁸
351 1859 428 1931 μὴ
463 1863 705 1929 φυσικῶς
732 1863 955 1934 ἠδίκητο
996 1865 1132 1936 πρὸς
1177 1865 1476 1936 ἀναίσθητα
1508 1868 1776 1939 ἐπτοημέ-

194 1968 280 2015 νος
311 1952 450 2019 (29),
477 1952 606 2017 ἴσως
621 1953 687 2006 ἂν
729 1955 821 2007 καὶ
851 1954 1010 2008 τοῦτο
1048 1957 1455 2027 ὐπομεμενήκει
1475 1959 1587 2030 ’δῷ
1604 1960 1779 2029 νήψα-

195 2059 255 2095 τε
279 2043 398 2111 (50)
431 2043 569 2116 ὑπὲρ
595 2045 694 2115 τῆς
724 2046 996 2117 σωτηρίας
1027 2047 1096 2101 τά
1125 2047 1319 2116 εὔλογα
1352 2052 1511 2102 νοεῖν.
1559 2050 1616 2102 '0
1647 2049 1779 2113 Θεὸς

191 2134 298 2206 γὰρ
331 2135 584 2206 ἀνενδεὴς
623 2135 698 2188 ὢν
741 2138 902 2202 αὐτὸς
928 2139 1142 2203 οὐδενὸς
1173 2139 1379 2203 δεῖται,
1404 2139 1527 2194 οὔτε
1551 2141 1781 2211 βλάπτε-

191 2240 299 2277 ται.
366 2225 550 2294 Ἡμῶν
597 2226 706 2297 γάρ
736 2228 855 2280 ἐστι
881 2228 942 2280 τὸ
984 2229 1304 2298 ὠφελεῖσθαι
1349 2231 1381 2302 ἢ
1429 2230 1773 2300 βλάπτεσθαι.

197 2315 369 2368 ὐνπε
380 2333 409 2386 ρ
442 2316 550 2386 γὰρ
596 2317 796 2390 τρόπον
829 2321 1046 2392 Καῖσαρ
1065 2322 1110 2353 ⁸⁷
1139 2323 1252 2392 (51)
1281 2323 1405 2377 οῦτε
1434 2325 1779 2396 βλασφημού-

195 2420 356 2473 μενος
391 2405 717 2475 βλάπτεται,
753 2407 874 2461 οῦτε
925 2410 1409 2482 εὐχαριστοῦμενος
1453 2413 1736 2482 ὠφελεῖται
1759 2454 1774 2479 ,

192 2499 328 2552 ἀλλά
370 2499 465 2552 τοῦ
496 2500 940 2573 εὐχαριστοῦντος
987 2503 1083 2573 μὲν
1133 2503 1340 2571 γίνεται
1371 2504 1431 2557 τὸ
1463 2505 1738 2560 ἀκίνδυνον
1760 2546 1774 2571 ,

191 2591 287 2645 τοῦ
318 2592 377 2645 δὲ
411 2593 854 2664 βλασφημοῦντος
887 2594 1104 2665 ὄλεθρος
1123 2639 1137 2662 ,
1164 2595 1337 2660 οὕτως
1369 2599 1416 2650 οἱ
1450 2598 1580 2652 Θεὸν
1611 2599 1778 2670 εὐφη-

195 2681 422 2752 μοῦντες
491 2683 649 2736 αὐτὸν
711 2686 808 2754 μὲν
857 2685 1008 2738 οὐδὲν
1059 2685 1385 2754 ώφελοῦσιν’,
1441 2688 1664 2751 ἑαυτοὺς
1718 2689 1775 2741 δὲ

195 2773 478 2838 σώζουσιν·
545 2777 746 2845 ὁμοίως
778 2777 872 2829 καὶ
903 2779 951 2829 οἱ
986 2777 1431 2848 βλασφημοῦντες
1475 2779 1634 2834 αὐτὸν
1679 2781 1775 2851 μὲν

191 2865 292 2918 οὐκ
325 2866 603 2920 ἀδικοῦσιν
625 2907 639 2932 ,
666 2868 820 2921 αὐτοὶ
849 2867 905 2920 δὲ
936 2868 1324 2940 όλοθρεύονται.

261 3045 332 3101 Χ.
386 3044 546 3098 Ἀλλά
569 3084 584 3110 ,
635 3046 826 3117 φησὶν,
869 3047 967 3117 οὐχ
1002 3048 1201 3119 ὁμοίως
1237 3050 1323 3102 ἐπ’
1355 3049 1640 3122 ἀνθρώπου
1678 3051 1769 3105 καὶ

189 3139 348 3192 Θεοῦ.
381 3138 644 3209 Σύμφημι
676 3137 851 3206 κάγὼ,
884 3139 1044 3210 236
1077 3141 1157 3194 ὅτι
1188 3141 1284 3211 οὐχ
1311 3142 1525 3212 ὁμοίως.
1557 3144 1770 3208 Μείζων

191 3229 299 3302 γάρ
336 3231 369 3300 ἡ
405 3230 624 3292 κόλασις
649 3230 724 3293 ὡς
756 3229 995 3301 μεῖζονη
1027 3231 1375 3302 ἀσεϐήσαντι,
1408 3234 1584 3303 ἥττων
1610 3235 1666 3286 δὲ
1693 3234 1770 3306 τῷ

191 3325 271 3385 είς
297 3323 392 3374 τὸν
423 3322 624 3392 ἥττονα
657 3323 1052 3393 ἀμαρτήσαντι.
1090 3324 1179 3388 Ὠς
1206 3320 1297 3378 οῦν
1324 3323 1538 3378 πάντων
1573 3327 1770 3411 μεέςων

190 3415 219 3466 6
247 3413 382 3476 Θεὸς
404 3414 437 3475 ,⁸
471 3412 644 3476 οὕτως
687 3412 906 3483 μείζονα
951 3413 1137 3484 ὑφέξει
1183 3415 1401 3468 κόλασιν
1431 3418 1458 3468 6
1501 3418 1580 3480 είς
1609 3417 1770 3471 αὐτὸν

191 3505 502 3576 ἀσεϐήσας,
557 3505 632 3568 ὡς
675 3507 755 3568 είς
807 3504 1023 3576 μείζονα
1067 3507 1419 3578 ἁμαρτήσας,
1452 3508 1551 3561 οὐκ
1606 3509 1769 3562 αὐτοῦ

193 3597 510 3668 αὐτόχειρος
537 3599 897 3668 ἀμυνομένου,
923 3597 1058 3652 ἀλλά
1087 3599 1266 3671 πάσης
1297 3601 1394 3671 τῆς
1422 3600 1650 3665 κτίσεως
1677 3601 1769 3654 ἐπὶ

192 3690 367 3760 τούτῳ
395 3691 807 3762 ἀγανακτούσης
833 3691 926 3744 καὶ
954 3690 1194 3761 φυσικῶς
1221 3691 1668 3765 ἐπεξερχομένης.
1695 3695 1769 3748 Οὐ

193 3781 302 3851 γάρ
335 3781 496 3834 δώσει
529 3781 606 3852 τῷ
642 3782 944 3853 βλασφήμῳ
991 3784 1089 3854 οὐχ
1133 3782 1283 3853 ἣλιος
1313 3784 1372 3836 τὸ
1403 3785 1517 3852 φῶς
1538 3825 1552 3848 ,
1603 3786 1664 3838 οὐ
1699 3787 1768 3857 γῆ

192 3874 320 3935 τούς
359 3874 628 3944 καρποὺς,
650 3875 712 3926 οὐ
744 3875 893 3944 πηγὴ
923 3875 984 3927 τὸ
1004 3873 1168 3946 ὕδωρ,
1197 3876 1295 3928 οὐκ
1323 3877 1380 3928 ἐν
1414 3875 1514 3949 ᾄδῃ
1534 3880 1598 3947 τῇ
1625 3877 1768 3948 ψυχῇ

191 3964 223 4018 6
266 3966 385 4016 ἐκεῖ
431 3964 712 4028 καθεστὼς
742 3966 923 4036 ἄρχων
969 3967 1068 4037 τὴν
1101 3967 1422 4032 ἀνάπαυσιν,
1473 3971 1632 4023 ὁπότε
1678 3973 1772 4024 καὶ

192 4053 287 4107 νῦν
334 4056 428 4108 ἐπὶ
448 4056 493 4088 ⁸³
534 4057 633 4126 τῆς
675 4055 768 4108 τοῦ
821 4057 1025 4128 κόσμου
1073 4057 1412 4130 προθεσμίας
1457 4060 1772 4133 ὑφεστώσης

1880 1862 1986 1916 nisi
2016 1860 2236 1931 propria
2273 1869 2326 1916 et
2357 1859 2592 1914 naturali
2624 1857 2822 1926 injuria
2853 1857 3157 1911 alliceretur
3183 1897 3198 1922 ,
3233 1858 3450 1925 quando

1879 1969 1987 2007 una
2017 1968 2142 2008 cum
2172 1966 2394 2006 sensum
2445 1965 2554 2002 non
2597 1949 2926 2002 habentibus
2973 1947 3196 2001 timetur
3226 1963 3290 2002 ac
3319 1948 3452 2001 ado-

1876 2054 2048 2107 ratur,
2089 2043 2230 2098 forte
2261 2043 2364 2096 hoc
2393 2041 2556 2096 etiam
2598 2041 2920 2104 sustineret;
2947 2048 3276 2108 quapropter
3305 2055 3452 2094 cura;

1878 2135 1950 2189 sit
1975 2135 2150 2200 vobis,
2189 2143 2249 2188 ut
2278 2132 2476 2186 rationi
2507 2139 2873 2185 consentanea
2924 2146 3022 2200 pro
3059 2131 3234 2184 salute
3264 2141 3448 2185 vestra

1878 2227 2212 2295 intelligatis.
2247 2223 2390 2279 Deus
2421 2224 2564 2277 enim
2598 2223 2700 2278 sibi
2734 2222 3006 2276 sutIiciens
3036 2223 3189 2276 nullo
3220 2223 3445 2293 indiget,

1875 2333 2051 2388 neque
2080 2317 2312 2370 latditur.
2347 2312 2608 2368 Nostrum
2639 2313 2837 2383 quippe
2865 2320 2948 2366 est
2975 2312 3155 2381 juvari
3187 2322 3282 2368 aut
3303 2315 3444 2371 lzedi.

1875 2407 2012 2462 Nam
2047 2408 2190 2462 sicut
2219 2406 2404 2460 Caesar
2435 2420 2611 2474 neque
2643 2403 2948 2458 maledictis
2992 2405 3238 2468 lzeditur,
3271 2422 3450 2476 neque

1875 2503 2176 2574 gratiarum
2201 2497 2510 2554 actionibus
2538 2497 2784 2566 juvatur,
2818 2496 2933 2558 sed,
2965 2495 3055 2564 qui
3085 2497 3288 2566 gratias
3314 2499 3444 2567 agit,

1875 2595 2219 2651 securitatem
2243 2593 2432 2655 habet,
2463 2589 2555 2657 qui
2596 2587 2870 2641 maledicit
2903 2587 3180 2641 interitum
3211 2608 3224 2642 :
3255 2589 3327 2643 ita
3351 2592 3446 2660 qui

1875 2686 2044 2740 Deum
2077 2683 2330 2738 laudibus
2377 2688 2784 2750 prosequuntur
2813 2720 2828 2746 ,
2865 2679 3044 2749 ipsum
3100 2696 3444 2750 nequaquam

1875 2779 2156 2848 adjuvant,
2183 2776 2286 2830 sibi
2317 2790 2445 2828 vero
2476 2774 2609 2843 ipsis
2642 2773 2874 2826 salutem
2922 2772 3188 2838 afferunt,
3221 2776 3448 2844 parique

1874 2867 2070 2932 modo,
2105 2865 2198 2935 qui
2249 2863 2514 2919 conviciis
2543 2871 2838 2932 appetunt,
2890 2861 2940 2915 ei
2980 2863 3198 2938 quidem
3227 2881 3334 2920 non
3366 2865 3447 2921 fa-

1871 2959 2023 3014 ciunt
2048 2955 2306 3026 injuriam
2326 2994 2340 3019 ,
2376 2953 2478 3024 ipsi
2505 2968 2635 3007 vero
2659 2962 2908 3022 pereunt.

1941 3049 2010 3104 X.
2057 3047 2184 3114 Sed,
2225 3047 2438 3117 inquit,
2472 3060 2581 3100 non
2615 3045 2865 3100 similiter
2896 3045 2949 3099 in
2986 3046 3202 3102 homine
3230 3057 3283 3103 ct
3310 3048 3441 3105 Deo.

1873 3141 1938 3196 Et
1964 3155 2064 3210 ego
2095 3139 2290 3206 fateor,
2325 3137 2471 3208 quod
2499 3153 2608 3191 non
2638 3137 2908 3192 similiter.
2939 3137 3113 3204 Maius
3142 3141 3286 3194 enim
3316 3156 3447 3210 sup-

1873 3234 2096 3305 plicium
2127 3243 2185 3286 ut
2215 3231 2390 3301 magis
2423 3230 2591 3299 impio
2640 3249 2652 3283 :
2686 3231 2870 3284 minus
2910 3240 3090 3285 autem
3126 3233 3208 3299 ei,
3251 3234 3344 3302 qui
3388 3235 3443 3290 in

1873 3325 2138 3380 minorem
2168 3321 2432 3393 peccavit.
2462 3321 2616 3376 Sicut
2638 3337 2768 3390 ergo
2794 3323 3064 3377 maximus
3089 3325 3334 3377 omnium
3359 3333 3446 3379 est

1873 3418 2040 3484 Deus,
2066 3417 2141 3472 ita
2173 3415 2441 3470 maximas
2469 3413 2619 3468 dabit
2644 3430 2855 3484 ptenas,
2886 3415 2980 3483 qui
3008 3415 3060 3467 in
3088 3430 3212 3468 eum
3242 3415 3442 3484 impius

1872 3511 2179 3576 exstiterit,
2230 3507 2491 3578 quoniam
2537 3509 2800 3562 adversus
2853 3507 3151 3560 maximum
3191 3508 3438 3577 deliquit.

1875 3603 2061 3674 Neque
2114 3603 2260 3658 Deus
2308 3602 2526 3672 propria
2578 3617 2740 3655 manu
2797 3601 3109 3666 ulciscetur,
3163 3609 3218 3654 at
3263 3600 3442 3656 omnis

1876 3705 2126 3751 creatura
2159 3695 2211 3748 in
2241 3710 2303 3748 ea
2333 3710 2390 3748 re
2427 3693 2799 3764 indignabitur
2828 3701 2880 3745 et
2916 3692 3237 3746 naturaliter
3266 3692 3443 3745 vituli-

1875 3788 2038 3843 cabit.
2072 3786 2188 3840 Non
2224 3786 2368 3840 enim
2401 3786 2721 3854 blasphemo
2750 3784 2900 3837 dabit
2941 3785 3116 3838 lucem
3165 3785 3282 3848 sol,
3330 3800 3441 3838 non

1873 3880 2085 3935 fructus
2113 3889 2273 3946 terra,
2301 3894 2406 3932 non
2434 3893 2628 3947 aquam
2662 3876 2860 3941 fontes,
2886 3893 2994 3930 non
3022 3878 3223 3931 tribuet
3247 3877 3444 3930 anima:

1874 3975 1929 4028 in
1962 3973 2151 4027 inferis
2179 3972 2444 4040 requiem,
2474 3970 2566 4040 qui
2597 3971 2668 4024 ibi
2693 3969 3020 4024 constitutus
3047 3980 3129 4024 est
3153 3971 3438 4039 princeps:

1873 4067 2095 4135 quando
2125 4081 2272 4119 nunc
2301 4080 2518 4133 quoque
2538 4105 2552 4128 ,
2599 4063 2775 4116 adhuc
2817 4063 3146 4116 subsistente
3178 4062 3442 4131 przefinito

195 4149 611 4217 παραγανακτεῖ
657 4148 805 4201 πᾶσα
849 4149 882 4218 ἡ
931 4149 1125 4213 κτίσις.
1173 4151 1265 4239 Διὸ
1313 4150 1435 4204 οὔτε
1456 4153 1501 4183 ⁹⁰
1538 4152 1773 4218 τελείους

1881 4159 2069 4212 mundi
2104 4168 2370 4226 tempore,
2403 4171 2544 4226 aegre
2571 4155 2673 4209 fert
2709 4157 2962 4211 universa
2995 4164 3264 4211 creatura.
3297 4153 3443 4209 Ideo-

1505 4266 1735 4320 VARLE
1772 4265 2172 4322 LECTIONES.

258 4361 308 4396 ⁸⁸
335 4361 412 4448 l_ta_
444 4362 564 4448 0_c.
596 4365 654 4448 Si,
687 4367 1114 4448 ἐπαγγέλλονται
1233 4359 1645 4448 Ρθνξῑειιιιιῐῃ-’δέ
1667 4375 2120 4448 _scq.‘_t_ltriusque
2149 4373 2298 4426 hom.
2343 4371 2499 4448 codd.
2531 4369 2832 4448 auctoritas
2858 4376 3040 4448 ῑιιρριιζ
3068 4387 3080 4422 :
3117 4374 3448 4448 quapropter

191 4448 299 4512 non
330 4435 551 4512 delenda
586 4447 646 4491 ut
671 4435 858 4512 censet
884 4442 967 4512 S.
1019 4441 1064 4472 ⁸⁸
1093 4441 1372 4512 ἐπιγραφῇ
1401 4443 1461 4495 C.
1538 4443 1582 4474 ⁸⁸
1619 4435 1772 4511 λέγει’
1800 4443 1880 4495 Cl.
1917 4452 1971 4496 et
2016 4435 2053 4494 S
2080 4453 2268 4496 contra
2311 4443 2468 4495 codd.
2501 4441 2908 4512 auctoritatem.
2953 4435 3278 4512 Sclm'egleri
3306 4452 3446 4512 con-

187 4504 399 4581 jec_tyra
435 4505 577 4581 θέλει
602 4509 818 4581 vulgata
851 4511 1011 4581 lectio
1036 4519 1120 4566 est
1148 4499 1239 4579 ap:
1262 4499 1323 4565 ϐξ
1349 4499 1372 4512 ”
1397 4511 1443 4543 ⁸⁸
1468 4514 1516 4566 εί
1549 4515 1590 4565 Ο
1631 4499 1775 4567 ρι’θκ
1809 4513 2038 4581 conject.
2097 4512 2138 4564 C
2178 4513 2228 4564 in
2266 4512 2374 4581 cuj.
2413 4520 2561 4566 textu
2598 4512 2654 4580 ἦ.

2730 4511 2773 4542 ⁸⁷
2800 4510 3019 4579 Καίσαρ
3051 4511 3112 4562 0.
3190 4508 3236 4540 ⁸⁸
3264 4506 3341 4576 τῷ
3367 4510 3448 4579 είς

194 4574 415 4650 tif-(Cora
441 4576 675 4650 conj._D,
697 4574 786 4650 ’τῷ
818 4579 1000 4650 μεῖζον
1023 4597 1126 4636 scr.
1165 4574 1585 4637 Scltliemannus
1619 4583 1868 4637 Clement.
1903 4574 1953 4649 ,3.
1989 4582 2112 4642 230.
2141 4582 2262 4636 569.
2334 4574 2384 4614 λθ
2412 4583 2491 4634 ἔτι
2515 4574 2658 4648 conj.
2692 4580 2754 4634 (Ζ.
2832 4583 2876 4614 ⁹⁰
2911 4574 3182 4650 (Iotglerio
3212 4574 3334 4650 post
3365 4577 3446 4629 διὸ

189 4642 312 4724 οὐτε
340 4642 778 4724 deesse—videtur
807 4642 1050 4724 οὐρανός.
1083 4651 1243 4706 Forte
1274 4661 1457 4724 tamen
1481 4653 1700 4724 scripsit
1731 4642 1914 4706 noster
1934 4653 2013 4705 διὸ
2036 4653 2159 4704 οῦτε
2189 4653 2323 4723 νέφη
2353 4655 2475 4724 τοὺς
2500 4642 2686 4714 ὐετούς
2723 4651 2969 4724 παρέχει.
3006 4642 3224 4706 νὶἀεξείέ
3249 4647 3444 4703 Eusta—

190 4715 363 4770 thium
394 4716 450 4770 in
481 4715 736 4774 Hexaem.
766 4735 820 4791 p.
855 4715 908 4776 5.
938 4721 1050 4792 Ego
1072 4737 1222 4789 sane,
1256 4722 1385 4802 quid
1417 4723 1520 4777 sibi
1553 4715 1719 4778 velint
1747 4723 1886 4777 τέλει
1914 4725 2077 4788 ὑετοί,
2111 4739 2218 4778 non
2251 4715 2496 4793 capio.D.

1488 4825 1853 4886 VARIORUM
1889 4829 2118 4884 NOTAE.

249 4938 367 5008 (29)
405 4936 512 4992 Per
549 4952 637 4991 me
667 4937 806 5013 licet
820 4954 982 5013 sensu
1023 4939 1200 5013 activo
1227 4956 1442 5013 sumere
1470 4943 1743 5013 ἐπτοημέ-

179 5025 268 5072 νος
317 5006 380 5064 ac
422 5016 643 5082 vertere
693 5026 705 5061 :
754 5006 875 5082 Nisi
928 5011 1243 5082 naturaliter
1292 5012 1490 5080 injuria
1522 5006 1746 5082 afﬁcere-

182 5089 300 5152 ειη,
341 5080 432 5148 qui
480 5078 549 5130 ad
617 5095 771 5152 sensu
818 5080 1072 5152 destituta
1116 5078 1390 5152 attonitus
1441 5078 1630 5152 stupet.
1681 5085 1744 5138 C.

182 5148 396 5220 Recte”:
432 5164 556 5220 nam
590 5149 726 5202 alias
748 5165 867 5220 inon
902 5149 1262 5220 intelligitur_,
1317 5152 1442 5218 quid
1479 5148 1581 5208 sibi
1613 5155 1743 5209 velit

181 5218 694 5290 eustxt'bcfﬁixqto.
729 5219 790 5272 C.
830 5219 986 5290 fr.C.
1022 5217 1107 5273 10'.
1139 5219 1194 5274 S.
1218 5217 1478 5278 DnESSEL.

249 5289 375 5361 (50),
420 5288 877 5361 ’Υπομεμενήκει,
899 5289 968 5342 δι’
1000 5290 1057 5342 ὃν
1087 5290 1259 5361 ἦψατε
1288 5292 1350 5344 C.
1371 5291 1553 5346 Lectio
1576 5310 1641 5348 ex
1679 5292 1742 5348 Ο.

181 5359 340 5414 allata
365 5359 545 5412 locum
581 5360 748 5412 nimia
795 5359 1280 5428 corruptela'prius
1307 5362 1640 5418 laborantem
1669 5365 1743 5420 ita

181 5429 460 5500 dilucidat,
492 5437 549 5481 ut
573 5428 904 5500 conjecturis
924 5446 1040 5500 non
1066 5433 1298 5500 amplius
1322 5447 1458 5500 opus
1485 5434 1573 5490 sit.
1601 5433 1676 5488 In.

245 5498 359 5570 (ﬁt)
408 5500 626 5565 Ὄνπερ
666 5498 789 5570 γὰρ
829 5499 1049 5570 τρόπον
1100 5498 1374 5567 Κὶιῖσαρξ
1400 5503 1550 5570 δειξρο
1591 5505 1746 5561 dictae

182 5565 397 5645 Ec‘loga:
416 5584 532 5645 cap.
554 5570 628 5621 Πε
638 5565 695 5640 pl
716 5565 827 5645 ﬁla
835 5565 1186 5645 doqpou'wtov
1206 5565 1320 5645 ocul.
1335 5565 1643 5645 μεγαλορῤη
1651 5593 1745 5643 μο-

181 5642 408 5695 νοιὲντων
446 5641 539 5693 καὶ
569 5639 868 5694 πταιόντων
900 5641 978 5704 εἰς
1015 5640 1261 5716 τὸν-Θεὸν
1310 5639 1368 5710 ἐξ
1397 5639 1596 5710 ἀνοίας.
1633 5639 1744 5700 ’Τοῦ

1851 4945 2356 5019 ἁγίου-Κλήμεντος
2413 4947 2644 5019 Ῥώμης.
2685 4950 2782 5001 ⁸ον
2835 4947 3034 5019 τρόπον
3082 4950 3110 5001 6
3155 4948 3423 5019 βασιλεὺς,

1850 5015 1986 5100 οὐτε.
2004 5015 2211 5100 βλασφη
2222 5017 2486 5100 μούμενος
2509 5015 2822 5100 βλάπτεται,
2852 5015 3427 5100 οὔτεὶειύχαριστούμεὲ

1847 5104 1937 5148 νος
1949 5087 2107 5165 ’ὑπὲρ
2134 5088 2194 5165 τὸ
2224 5087 2438 5165 ἀξίωμα
2479 5087 2863 5165 μεγαλύνεται·
2914 5088 3046 5165 ἀλλά
3070 5087 3172 5165 τοῦ
3194 5087 3428 5165 εὐχαρι-

1851 5156 2101 5233 στοῦντος
2121 5158 2232 5233 ’μὲν
2265 5156 2498 5233 Δγίνεταί
2526 5159 2587 5211 τὸ
2619 5159 2914 5233 ἀκίνδυνον,
2941 5160 3050 5233 *τοῦ
3076 5161 3150 5233 δὲ
3187 5156 3427 5233 βλασφη-

1852 5227 2138 5301 μοῦντοςλό
2169 5227 2386 5301 ὄλεθρος
2406 5245 2420 5301 ζ
2443 5227 2616 5301 οὕτως
2649 5231 2695 5280 ot
2727 5230 2857 5301 Θεὸν
2899 5230 2995 5300 μὲν
3036 5227 3423 5301 εὐφημοῦντες,

1850 5295 2143 5370 αὐτὸνμέν
2171 5299 2243 5370 οὐΔ
2266 5295 2654 5370 μεγαλύνουσιν
2685 5299 2828 5370 ὐπὲρ
2862 5295 2960 5370 τὴν
3004 5295 3209 5353 οἰκείαν
3247 5295 3424 5365 δόξαν,

1853 5367 2078 5428 ἑαυτοὺς
2103 5367 2158 5419 δὲ
2181 5367 2466 5431 σώζουσιν·
2493 5370 2540 5420 οἱ
2565 5369 2621 5420 δὲ
2651 5367 3108 5440 βλασφημοῦντες,
3139 5371 3298 5424 αὐτὸν
3320 5373 3427 5504 ξιὲν

1853 5437 1911 5488 οὐ
1943 5435 2286 5503 βλάπτουσιν,
2327 5439 2549 5501 ἑαυτοὺς
2599 5438 3054 5504 δὲοὸλοθρεύουσι.
3092 5442 3200 5494 Καὶ
3227 5442 3316 5504 μεί
3350 5459 3427 5494 ων

1851 5437 1911 5510 οὐ
1943 5435 2286 5510 βλάπτουσιν,
2327 5439 2549 5510 ἑαυτοὺς
2599 5435 3054 5510 δὲ’.ὸλοθρεύουσι.
3092 5442 3200 5494 Καὶ
3227 5435 3428 5509 μείζων

1853 5509 1885 5576 ή
1930 5506 2177 5578 κόλασις,
2223 5509 2332 5577 ὅσῳ
2373 5508 2569 5578 μείζων
2599 5510 2639 5578 ῄ
2689 5506 2926 5572 ἀσέϐεια,
2964 5511 3039 5573 ὼς
3077 5514 3170 5564 καὶ
3212 5506 3426 5565 πάντων

1851 5575 2111 5701 ἓρείττων
2137 5579 2166 5631 ό
2205 5575 2383 5648 Θεὸς,
2399 5579 2535 5653 ὑπὲρ
2568 5575 2638 5634 οῦ
2664 5582 2811 5634 πᾶσα
2838 5582 2872 5653 ὴ
2897 5581 3071 5644 κτίσις
3109 5583 3423 5649 ἀγανακτεῖ.

1896 5663 1986 5701 (η’.

1896 5663 1986 5702 OT.
