3894 6208
230 281 346 338 285

1310 278 1772 336 CLEMENTINA.
1803 309 1872 324 ο-
1905 280 2183 336 HOMILIA
2217 279 2306 336 XI.

3393 288 3497 344 286

227 395 357 456 σίας
385 391 572 446 αὐτῶν
619 393 750 455 ῖσως
793 393 874 456 είς
896 393 965 425 ²⁰⁰
1011 391 1137 447 ἄλλο
1167 409 1220 444 τι
1254 391 1295 469 ᾗ
1321 395 1399 456 είς
1428 393 1592 464 23s
1630 396 1808 465 xpﬁcn

1927 397 2012 449 vel
2045 396 2110 450 ad
2156 396 2348 449 ﬁmum
2374 437 2388 462 ,
2438 396 2629 451 fuisset
2671 397 2842 453 utilis.
2877 394 3033 453 Nunc
3064 415 3194 454 vero
3225 417 3398 472 neque
3429 408 3497 461 ad

224 485 466 556 κόπρου,
500 483 972 556 εὐχρηστησάσης.
999 484 1112 537 Νῦν
1135 483 1190 536 δὲ
1207 477 1330 536 οὐδὲ
1349 483 1364 513 ⁸
1398 486 1478 546 εἰς
1502 483 1659 538 τοῦτο
1688 504 1821 557 χρη-

228 577 452 648 σιμεύει
474 617 488 642 ,
523 579 612 630 ὅτε
662 577 1240 648 μετασχηματίσαντες
1275 581 1648 647 προσκυνεῖτε.
1696 579 1822 642 Πῶς

225 671 283 723 δὲ
336 671 434 724 καὶ
456 673 478 700 ²
521 670 895 741 εὐσεϐέστεροι
928 667 1066 723 εἷναί
1100 687 1261 738 φατε,
1296 671 1344 722 οί
1379 670 1595 723 πάντων
1628 669 1819 722 ἀσεϐέ-

228 777 440 825 στατοι,
463 761 636 833 ταύτῃ
655 763 790 833 αὐτῇ
809 765 874 833 τῇ
896 763 993 833 μιᾷ
1013 762 1106 814 καὶ
1128 761 1440 832 ἀσυγκρίτῳ
1462 761 1703 832 ἁμαρτίᾳ
1719 759 1822 830 ψυ-

224 853 329 923 χῆς
361 853 587 925 ὄλεθρον
619 853 923 924 ὀφείλοντες
953 853 1030 924 τῷ
1063 853 1252 924 ἀληθεῖ
1271 853 1314 917 ³,
1351 852 1443 906 ἐὰν
1467 853 1817 924 ὲπιμείνητε;

236 946 324 1008 Ὠς
356 945 471 1017 γὰρ
504 947 558 999 εῖ
583 963 668 1009 τις
699 947 814 1010 υίὸς
862 946 1031 1000 πολλὰ
1072 945 1526 1018 εὐεργετούμενος
1571 946 1675 999 ὑπὸ
1723 946 1818 1000 τοῦ

224 1039 439 1108 πατρὸς
472 1039 644 1109 ἑτέρῳ
673 1038 780 1090 τινὶ
812 1037 889 1109 τῷ
924 1039 997 1109 μὴ
1028 1039 1196 1110 πατρὶ
1225 1038 1322 1109 τὴν
1355 1038 1710 1110 ὀφειλομένην
1742 1038 1819 1110 τῷ

225 1146 335 1182 πατ
344 1131 397 1200 pl.
419 1129 640 1200 ἀποδῴη
655 1131 676 1162 ⁸
689 1149 741 1182 τι
749 1132 876 1202 μὴν,
901 1131 1116 1193 πάντως
1131 1131 1340 1202 ἀποκλη
1349 1131 1573 1203 ρονόμος
1588 1131 1814 1200 γίνεται·

223 1220 364 1273 ἐπὰν
397 1221 457 1273 δὲ
489 1220 633 1274 κατὰ
665 1221 889 1294 γνώμην
936 1221 1030 1274 τοῦ
1077 1223 1283 1294 πατρὸς
1332 1223 1481 1292 βιοὺς
1523 1224 1814 1294 εὐχαριστῇ

223 1313 317 1366 ἐπὶ
347 1316 475 1378 ταῖς
500 1313 864 1386 εὐεργεσίαις,
902 1315 1138 1384 εὐλόγως
1170 1314 1502 1386 κληρονόμος
1517 1316 1742 1385 γίνεται.

293 1471 439 1526 XIII.
487 1473 670 1525 Ἀλλοι
693 1473 750 1526 δὲ
770 1472 1036 1542 λέγουσιν·
1059 1473 1300 1526 Ἀσεὸεῖν
1327 1473 1611 1545 μέλλομεν,
1630 1472 1722 1526 ἐὰν
1747 1472 1816 1526 τὰ

223 1564 608 1636 παραδοθέντα
642 1566 773 1636 ἡμῖν
805 1567 868 1619 ὲκ
902 1567 1154 1638 πατέρων
1203 1565 1520 1636 σεϐάσματα
1563 1565 1814 1618 καταλεί-

221 1658 490 1728 ψωμενυ
531 1658 714 1728 ὅμοιον
747 1659 855 1727 γάρ
899 1660 1018 1712 ἐστι
1068 1657 1148 1729 τῷ
1191 1657 1514 1729 παραθήκην
1561 1657 1809 1727 φυλάξαι.

1924 487 2028 540 hoc
2053 489 2296 556 prodest,
2335 489 2555 558 quando
2587 505 2617 543 a
2645 490 2798 543 vobis
2826 492 3263 561 transﬁguratam
3295 499 3492 554 colitis.

1924 578 2040 645 Qua
2076 590 2254 634 autem
2299 583 2511 635 ratione
2543 598 2640 636 vos
2683 593 2737 636 et
2767 585 2941 654 magis
2976 586 3096 654 pios
3129 588 3308 642 dicitis
3334 630 3349 655 ,
3401 592 3495 658 qui

1923 673 2170 726 omnium
2205 674 2337 728 estis
2380 674 2693 744 impiissimi
2721 717 2734 742 ,
2782 675 2885 729 hoc
2913 676 3032 745 ipso
3064 693 3173 732 uno
3203 688 3256 732 et
3287 680 3497 734 incom-

1924 765 2156 833 parabili
2191 775 2414 835 peccato
2441 767 2724 820 interitum
2772 766 2968 820 anima:
3012 779 3282 825 merentes
3309 787 3493 826 coram

1921 858 2036 922 illo,
2067 860 2157 926 qui
2189 874 2354 912 verus
2381 867 2482 921 est,
2513 858 2559 910 si
2606 860 2985 927 perseveretis.
3032 860 3276 930 Exempli
3323 865 3494 932 gratia

1921 951 1966 1005 si
1995 951 2118 1019 quis
2152 951 2317 1016 ﬁlius,
2350 951 2586 1020 plurima
2618 952 2877 1005 beneﬁcia
2906 969 2935 1005 a
2964 962 3116 1021 patre
3144 965 3494 1022 consecutus,

1921 1043 2076 1096 alteri
2104 1044 2198 1112 qui
2225 1053 2377 1112 pater
2406 1059 2514 1096 non
2545 1045 2616 1097 sit
2643 1044 2884 1096 debitum
2918 1046 3058 1113 patri
3091 1046 3352 1100 honorem
3396 1048 3496 1100 de-

1919 1133 2092 1200 ferat,
2135 1136 2292 1202 plane
2317 1135 2771 1189 exiiteredabitur.
2803 1134 2938 1189 Cum
2967 1153 3096 1190 vero
3122 1153 3186 1191 ex
3227 1139 3494 1192 sententia

1916 1227 2088 1297 patris
2125 1228 2315 1282 vivens
2362 1228 2566 1297 gratias
2615 1228 2682 1282 de
2730 1229 3008 1284 beneﬁciis
3052 1231 3258 1299 egerit.
3294 1233 3494 1286 merito

1918 1320 2092 1374 hmres
2124 1319 2480 1389 relinquetur.

1986 1456 2125 1512 XIII.
2167 1457 2270 1510 Alii
2303 1473 2428 1512 vero
2455 1457 2664 1519 dicunt,
2705 1457 2858 1526 impii
2894 1457 3134 1524 erimus,
3173 1459 3218 1512 si
3256 1459 3415 1514 nobis
3460 1477 3492 1514 a

1915 1550 2163 1619 patribus
2185 1549 2380 1604 tradita
2399 1550 2624 1604 numina
2682 1547 3130 1618 dereliquerimus
3152 1569 3163 1603 :
3187 1551 3329 1604 idem
3345 1553 3490 1606 enim

1914 1649 1999 1695 est
2042 1657 2106 1696 ac
2154 1642 2462 1710 depositum
2512 1655 2751 1696 servare.
2802 1641 2971 1712 Igitur
3011 1642 3114 1695 hac
3165 1643 3393 1708 ratione,
3443 1644 3490 1698 si

223 1749 437 1803 Οὐκοῦν
468 1750 646 1821 τούτῳ
691 1749 769 1821 τῷ
814 1749 955 1820 λόγῳ
999 1750 1104 1804 κᾶν
1137 1749 1334 1821 λῃστοῦ
1367 1767 1451 1813 τις
1549 1749 1754 1821 πατρὸς
1781 1749 1808 1822 ἦ

1918 1733 2116 1801 aliquis
2146 1742 2299 1787 ortus
2325 1733 2398 1786 sit
2423 1748 2489 1786 ex
2516 1743 2668 1802 patre
2695 1733 2903 1786 latrone
2935 1741 3028 1786 aut
3052 1734 3312 1787 obscaano
3334 1774 3348 1797 ,
3380 1751 3490 1789 non

221 1841 576 1912 αἰτχροῦίου,
615 1842 716 1894 οὐκ
766 1841 967 1910 ὀφείλει
1013 1845 1042 1896 ὁ
1089 1841 1203 1905 υίὸς
1251 1841 1423 1913 νήψας
1466 1841 1528 1894 τὸ
1572 1844 1815 1913 κρεῖττον

220 1933 466 1998 ἑλέσθαι,
501 1935 588 1988 ῖνα
622 1935 695 2005 μὴ
722 1934 984 2008 άσεϐήσῃ,
1017 1935 1109 1988 καὶ¹
1135 1935 1208 2006 μὴ
1235 1934 1303 1987 τὰ
1335 1936 1424 1988 ἴσα
1455 1937 1566 1998 τοῖς
1599 1934 1815 2003 γονεῦσι

219 2028 394 2081 ποιῶν
423 2029 712 2100 ἁμαρτάνῃ
729 2027 770 2081 ⁸.
789 2027 914 2091 Πῶς
933 2028 997 2098 δὴ
1021 2028 1236 2098 άνόητοι
1257 2028 1305 2080 0i
1332 2027 1602 2095 λέγοντες
1631 2025 1814 2079 Ταῦτα

219 2120 665 2190 προσκυνοῦμεν,
703 2119 789 2172 ἵνα
827 2120 898 2190 μὴ
937 2118 1084 2189 αὐτῷ
1117 2118 1396 2188 ὀχλῶμεν;
1445 2117 1520 2181 ὡς
1551 2116 1811 2187 ὀχλουμέ-

217 2227 311 2264 νου
346 2210 485 2264 Θεοῦ
531 2212 614 2279 ἐφ’
645 2205 729 2274 οἷς
772 2212 1094 2281 εὐφημεῖται
1121 2250 1134 2274 ,
1173 2211 1246 2282 μὴ
1281 2211 1605 2282 ὀχλουμένου
1638 2210 1694 2263 δὲ
1727 2212 1810 2280 ἐφ’

214 2297 300 2365 οἷς
329 2302 798 2374 ἁχαριστούμενος
822 2302 1240 2373 βλασφημεῖται.
1267 2302 1365 2356 Διὰ
1391 2304 1443 2356 τί
1469 2299 1583 2366 οὖν,
1612 2305 1811 2360 ὁπόταν

214 2395 393 2466 ἐποχή
428 2389 586 2448 ὑετοῦ
618 2394 883 2466 γένηται,
935 2395 1073 2466 πρὸς
1105 2395 1330 2466 οὐρανὸν
1363 2394 1433 2448 τὰ
1465 2395 1642 2448 πάντα
1674 2397 1810 2464 ἀφο-

219 2486 428 2556 ρῶντες
449 2487 615 2557 εὐχὰς
636 2489 730 2540 καὶ
743 2486 896 2551 λιτὰς
909 2487 1231 2557 άπονὲμετε;
1247 2487 1338 2540 καὶ
1352 2488 1475 2540 ὅταν
1492 2487 1807 2559 ὲπιτύχητε,

213 2579 408 2652 τάχιον
426 2577 846 2633 ἐπιλανθάνεσθε
868 2596 883 2645 ;
917 2579 1226 2649 ἀμήσαντες
1257 2580 1365 2650 γὰρ
1389 2579 1421 2651 ἢ
1444 2581 1812 2650 τρυγήσαντες

215 2671 426 2734 εὐθέως
447 2675 559 2734 τοῖς
586 2671 784 2743 μηδὲντ
803 2666 952 2724 οὖσιν
976 2670 1214 2734 εἰδώλοις
1245 2670 1345 2734 τὰς
1368 2670 1620 2741 ἀπαρχὰς
1647 2671 1812 2742 239

212 2763 524 2834 ἀπονέμετε
533 2803 547 2827 ,
558 2763 743 2856 τάχιρν
756 2763 1232 2834 ἐπιλανθανόμενοι
1248 2762 1340 2816 τοῦ
1357 2765 1810 2835 εὐεργετήσαντος

213 2852 382 2908 Θεοῦ.
418 2855 528 2907 Καὶ
559 2852 733 2918 οὑτως
764 2856 844 2918 είς
874 2855 1010 2927 ἄλση
1033 2855 1054 2886 ⁸
1083 2854 1178 2908 καὶ
1205 2856 1284 2917 είς
1307 2854 1433 2917 τοὺς
1461 2855 1626 2917 ναοὺς
1656 2855 1810 2922 γενό-

217 2964 376 3018 μενοι
409 2947 602 3010 θυσίας
632 2947 1004 3010 ἐπιτελοῦντες
1053 2945 1364 3018 εὐωχεῖσθε.
1410 2946 1510 3000 Διά
1538 2946 1710 3031 εοῦτο
1757 2947 1807 3000 οι

217 3039 321 3109 μὲν
351 3039 506 3110 ὑμῶν
537 3038 815 3107 λέγουσιν·
853 3039 1204 3110 Παρηγορίας
1233 3040 1327 3092 καὶ
1356 3037 1451 3091 τοῦ
1485 3025 1805 3109 εὐωχεῖσθαι
1907 3025 2064 3080 "oms
2095 3025 2286 3079 dicunt
2335 3043 2347 3078 ε

1831 3114 1874 3171 C
1908 3117 2168 3186 praeclare
2200 3117 2302 3172 ista
2328 3116 2633 3188 excogitata
2660 3125 2806 3171 sunt.

212 3130 382 3201 χάριν
413 3128 595 3193 καλῶς
624 3130 798 3183 ταῦτα
829 3130 1190 3201 ἐπινενόηται.

290 3241 437 3296 XIV.
485 3243 549 3295 Ὠ
577 3243 820 3315 ἀνόητοιί
864 3245 1021 3315 ὑμεῖς
1068 3242 1164 3296 τοῦ
1207 3243 1500 3314 λεγομένου
1547 3243 1802 3312 γίνεσθεο
1833 3255 1855 3292 ι

214 3333 417 3388 δίκαιοι
461 3335 665 3406 κριταί.
716 3336 888 3407 Εἴπερ
935 3335 1044 3406 γὰρ
1090 3336 1189 3388 καὶ
1227 3337 1394 3407 ἐχρῆν
1445 3334 1678 3388 ἐνταῦθα
1723 3336 1803 3398 είς

216 3425 523 3496 εὐφρασίαν
593 3426 844 3497 σώματος
897 3427 1089 3480 ἑαυτὸν
1142 3427 1323 3480 δοῦναι
1380 3426 1510 3498 ποίᾳ
1559 3425 1800 3498 εὐωχίᾳ,

217 3518 463 3588 ἀμείνων
492 3514 560 3588 ἦν
589 3521 623 3588 ἠ
665 3519 722 3572 ὲν
751 3521 1013 3590 ποταμοῖς
1035 3519 1079 3550 ¹⁰
1127 3520 1220 3572 καὶ
1259 3518 1412 3582 ῦλαις
1441 3519 1535 3570 καὶ
1563 3518 1800 3594 ἄλσεσιν,

219 3609 355 3663 ἔνθα
385 3609 657 3665 εἰλαπίναι
688 3612 784 3664 καὶ
816 3612 1090 3682 συμπόσια
1117 3608 1212 3664 καὶ
1239 3611 1522 3664 κατάσκιοι
1548 3609 1732 3673 τόποι,
1767 3609 1800 3682 ᾗ

219 3701 359 3754 ὅπου
391 3701 616 3756 ἀπόνοια
660 3702 929 3774 δαιμόνων
949 3742 964 3767 ,
994 3703 1088 3756 καὶ
1119 3703 1316 3774 χειρῶν
1355 3703 1549 3774 τομαὶ,
1590 3702 1684 3757 καὶ
1721 3675 1804 3756 al:

219 3793 383 3846 δοίων
417 3793 716 3858 ἀποκοπαὶ,
745 3796 839 3848 καὶ
863 3789 1092 3865 οἴστροι,
1114 3795 1208 3848 καὶ
1242 3795 1449 3865 μανίαι,
1481 3795 1576 3846 καὶ
1601 3793 1803 3865 τριχῶν

221 3883 394 3954 κόμαι
422 3924 438 3948 ,
468 3885 563 3938 καὶ
593 3886 824 3956 κόμποι,
855 3887 950 3939 καὶ
980 3885 1384 3956 ἐνθουσιασμοὶ,
1417 3886 1511 3940 καὶ
1530 3885 1801 3953 ὀλολυγαὶ,

222 3976 322 4028 καὶ
354 3976 532 4030 πάντα
554 3978 736 4030 ἐκεῖνα
757 3977 824 4030 τὰ
857 3976 973 4048 μεθ’
996 3978 1339 4049 ὑποκρίσεως
1365 3979 1444 4040 είς
1471 3977 1803 4047 κατάπληξιν

218 4068 334 4121 τῶν
355 4069 595 4138 ἀνοήτων
615 4068 1072 4148 γινόμενακόπως
1089 4068 1188 4131 τὰς
1210 4069 1362 4139 ὑμῶν
1385 4069 1423 4099 ¹¹
1451 4069 1804 4138 ὀφειλομένας

220 4161 391 4231 εὐχὰς
454 4161 549 4214 καὶ
627 4161 977 4233 εὐχαριστίας
1033 4161 1127 4214 καὶ
1201 4161 1410 4233 νεκρῶν
1457 4161 1804 4235 νεκροτέροις

219 4253 631 4326 προπνέγκητε
647 4270 662 4320 ;
1605 4234 1635 4258 ’

290 4362 413 4418 XV.
453 4365 564 4418 Καὶ
609 4365 698 4420 διὰ
737 4366 792 4421 τί
833 4367 1114 4440 χαίροντες
1148 4367 1321 4422 ταῦτα
1362 4370 1608 4433 ποιεῖτε;
1658 4368 1804 4421 Ἐπεὶ

1916 1825 2075 1880 debet
2099 1825 2240 1879 ﬁlius
2264 1825 2406 1895 frugi
2431 1841 2572 1890 esse,
2600 1825 2992 1895 melioremque
3020 1826 3186 1879 vitam
3214 1827 3488 1895 amplecti,

1915 1933 1984 1971 ne
2015 1917 2215 1987 impius
2241 1919 2454 1980 evadat,
2482 1927 2775 1986 peccetque
2801 1918 2988 1971 eadem
3021 1933 3144 1971 cum
3172 1919 3489 1987 parentibus

1916 2023 2025 2063 non
2045 2009 2272 2077 agendo.
2293 2007 2466 2074 Quam
2483 2009 2631 2062 stulti
2654 2019 2833 2062 autem
2851 2017 2996 2073 sunt,
3012 2010 3104 2078 qui
3129 2010 3316 2063 dicunt
3336 2009 3491 2066 :Hzcc

1915 2102 2228 2165 adoramus,
2249 2117 2316 2156 ne
2338 2101 2448 2154 Deo
2471 2103 2642 2156 simus
2661 2101 2902 2156 molesti!
2928 2100 3094 2168 Quasi
3125 2101 3236 2157 Deo
3259 2105 3487 2158 molesta

1914 2193 2022 2248 sint
2039 2209 2102 2248 ea
2125 2194 2324 2263 quibus
2347 2193 2619 2260 laudatur,
2639 2209 2744 2247 non
2770 2195 2995 2248 molesta
3017 2210 3168 2259 vero,
3187 2195 3386 2264 quibus
3409 2197 3488 2250 in-

1913 2294 2062 2356 grate
2087 2286 2351 2355 accipitur
2366 2295 2419 2339 et
2441 2285 2830 2339 inflammatur.
2851 2284 2961 2340 Cur
2982 2300 3134 2356 ergo,
3153 2301 3276 2340 cum
3296 2288 3487 2342 imbris

1912 2377 2169 2432 acciderit
2209 2392 2423 2432 remora
2447 2419 2461 2443 ,
2510 2378 2566 2431 in
2595 2377 2798 2432 coalum
2829 2377 3054 2431 omnino
3088 2377 3268 2431 intuiti
3299 2393 3486 2446 preces

1911 2484 1975 2522 ac
2001 2470 2420 2538 supplicationes
2446 2468 2776 2538 assignatis?
2821 2477 2875 2523 et
2904 2471 3122 2539 quando
3147 2469 3485 2538 obtinuistis,

1911 2562 2018 2615 cito
2041 2561 2446 2616 obliviscimini.
2478 2560 2643 2615 Facta
2682 2561 2825 2614 enim
2854 2576 3031 2616 messe
3071 2574 3165 2615 aut
3190 2561 3484 2630 vindemia,

1909 2653 2095 2707 statim
2131 2653 2196 2707 ad
2228 2653 2394 2719 idola,
2424 2668 2546 2722 quae
2579 2652 2715 2706 nihil
2741 2660 2902 2720 sunt,
2944 2653 3213 2723 primitias
3239 2653 3483 2722 defertis,

1909 2746 2156 2800 celeriter
2179 2745 2273 2800 Dei
2299 2747 2668 2809 immemores,
2706 2745 2951 2800 beneﬁcii
2983 2747 3246 2802 auctoris.
3283 2747 3484 2817 Sicque

1909 2838 1964 2892 in
1993 2840 2310 2894 nemoribus
2340 2849 2395 2894 et
2421 2839 2475 2892 in
2508 2838 2721 2907 templis
2751 2839 2912 2907 positi
2943 2839 3209 2894 sacriﬁcia
3235 2841 3482 2895 celebra-

1911 2932 2000 2996 tis,
2041 2941 2204 3002 atque
2233 2933 2392 3002 genio
2421 2931 2734 3000 indulgetis.
2769 2930 3112 3001 Quapropter
3139 2934 3386 2987 nonnulli
3417 2950 3485 2988 ex

2399 3023 2590 3078 Solatii
2639 3033 2692 3078 et
2739 3024 2896 3078 bona:
2938 3025 3284 3081 tractationis
3318 3040 3484 3081 eausa

1973 3229 2114 3284 XIV.
2147 3229 2191 3284 0
2221 3229 2435 3284 stolidi!
2473 3228 2576 3284 Vos
2602 3228 2765 3298 hujus
2801 3229 2930 3284 dicti
2955 3231 3282 3300 estotejusti
3311 3233 3469 3301 judi-

1903 3337 2015 3378 ces.
2052 3323 2108 3377 Si
2137 3324 2282 3378 enim
2316 3325 2602 3392 oportebat
2640 3323 2729 3378 hic
2761 3338 2821 3378 se
2863 3325 2930 3378 ad
2957 3327 3206 3394 corporis
3235 3328 3484 3397 volupta-

1904 3427 2015 3472 tem
2039 3417 2204 3472 alicui
2235 3419 2452 3472 tradere
2483 3417 2856 3484 oblectationi,
2878 3419 3071 3474 melior
3099 3430 3217 3474 erat
3245 3437 3328 3485 ea,
3355 3438 3480 3491 quae

1904 3511 1960 3565 in
2007 3509 2188 3565 ﬂuviis
2236 3518 2291 3564 et
2332 3509 2485 3564 silvis
2514 3517 2567 3564 et
2616 3509 2793 3577 lueis,
2843 3509 2932 3564 ubi
2967 3513 3399 3580 compotationes
3426 3522 3482 3568 et

1905 3604 2153 3660 convivia
2201 3611 2255 3657 et
2299 3602 2402 3656 loci
2451 3603 2739 3670 umbrosi,
2782 3618 2949 3672 quam
2997 3603 3088 3656 ubi
3138 3604 3477 3659 daamoniaca

1906 3693 2163 3759 amentia,
2194 3702 2248 3746 et
2273 3707 2534 3746 manuum
2563 3693 2860 3756 sectiones,
2887 3689 3252 3745 abseissiones
3283 3706 3478 3744 veren-

1904 3786 2124 3852 dorum,
2153 3783 2377 3837 rabidus
2410 3781 2584 3846 furor,
2619 3780 2858 3846 insania,
2895 3781 3072 3850 sparsi
3105 3781 3304 3845 crines,
3338 3790 3478 3835 stre-

1905 3879 2051 3948 pitus
2106 3876 2514 3945 stridoresque,
2577 3874 2790 3929 alllatus
2862 3873 3120 3940 fanatici,
3203 3874 3478 3943 ululatus,

1905 3967 2202 4035 omniaque
2243 3965 2332 4018 illa
2378 3979 2500 4032 quae
2547 3978 2671 4017 cum
2721 3964 3069 4019 simulatione
3099 3965 3165 4018 ad
3215 3974 3478 4020 terrorem

1907 4060 2204 4114 amentium
2240 4057 2400 4121 liunt,
2431 4065 2489 4109 ut
2516 4056 2728 4110 debitas
2751 4056 2857 4110 illis
2882 4071 3072 4124 preces
3095 4065 3149 4110 et
3178 4057 3476 4126 gratiarum

1909 4157 2155 4210 actiones
2185 4151 2450 4218 offeratis,
2481 4150 2644 4220 idque
2676 4149 2875 4219 iis,qui
2901 4149 3131 4204 mortuis
3155 4151 3327 4220 magis
3353 4157 3481 4203 sunt

1907 4246 2134 4302 mortui.

1911 4343 2097 4425 ζ’)ιν.
2131 4358 2198 4414 Ει
2241 4374 2340 4414 cur
2369 4357 2475 4412 laeti
2527 4356 2626 4410 ista
2662 4354 2880 4409 facitis?
2926 4354 3194 4420 Quoniam
3227 4355 3374 4409 intus
3400 4354 3481 4408 law

219 4457 285 4510 οὐ
317 4455 461 4510 θέλει
482 4457 611 4528 ὑμῖν
640 4458 668 4510 ὁ
687 4459 1018 4530 ὲμφωλεὺων
1046 4462 1219 4514 εἰπεῖν
1239 4460 1360 4529 ὄφις
1383 4461 1447 4524 ³⁸,
1478 4459 1537 4523 ὃς
1559 4459 1804 4512 ἐνέσπει-

1915 4465 2032 4511 lens
2064 4470 2289 4524 serpens
2319 4454 2475 4508 vobis
2503 4468 2611 4506 non
2644 4451 2756 4505 vult
2783 4450 3016 4514 edicere,
3049 4449 3140 4518 qui
3175 4448 3478 4503 infructuo-

225 4565 320 4620 ρεν
349 4551 478 4621 ὑμῖν
504 4551 604 4620 τὴν
633 4552 880 4624 ἄκαρπον
909 4553 1198 4624 ἐπιθυμίαν
1221 4592 1236 4618 ,
1267 4553 1440 4622 λέγων
1482 4552 1799 4623 ὑπομνήσω.

225 4641 384 4710 Ἔχει
433 4641 489 4695 δὲ
537 4641 740 4706 οὕτως·
781 4643 939 4715 Παρὰ
969 4647 1035 4715 τῇ
1082 4643 1176 4697 τοῦ
1223 4643 1356 4696 Θεοῦ
1396 4643 1660 4715 θρησκείᾳ
1707 4661 1807 4715 κη-

226 4732 483 4803 ρύσσεται
529 4737 746 4804 νήφειν,
779 4739 1104 4806 σωφρονεῖν,
1154 4737 1322 4807 ὀργῆς
1364 4739 1612 4807 κρατεῖν,
1651 4735 1806 4788 ἀλλό-

220 4839 352 4894 τρια
401 4823 476 4894 μὴ
524 4824 901 4893 νοσφίζεσθαι,
952 4825 1175 4889 δικαίως
1217 4826 1404 4897 βιοῦν,
1455 4826 1712 4889 ἐπιεικῶς
1737 4827 1800 4890 ³³,

223 4915 500 4979 εὐσταθῶς
521 4955 538 4980 ,
574 4917 767 4987 πράως
791 4956 806 4982 ,
847 4917 1095 4983 κολάζειν
1142 4920 1332 4972 ἑαυτὸν
1374 4919 1572 4996 μᾶλλον
1599 4920 1657 4972 ἐν
1683 4921 1804 4981 ταῖς

222 5006 472 5072 ἐνδείαις,
503 5006 537 5078 ἢ
566 5007 728 5080 240
753 5010 828 5081 μὴ
860 5009 1050 5080 ἔχοντα
1074 5011 1266 5082 ἑτέρου
1306 5011 1508 5076 ἀδίκως
1535 5009 1804 5081 ἀφελόμε-

1909 4562 2029 4603 sam
2063 4545 2298 4600 inseruit
2331 4544 2707 4614 cupiditatem,
2737 4541 2913 4594 dicam
2947 4555 3049 4608 ego
3077 4549 3240 4608 atque
3273 4555 3478 4593 memo-

1906 4640 2060 4695 rabo.
2094 4637 2171 4693 Ita
2207 4648 2388 4693 autem
2425 4637 2626 4692 habet:
2659 4635 2812 4704 Apud
2851 4634 3167 4705 religionem
3197 4633 3288 4687 Dei
3341 4649 3477 4702 pra:-

1907 4732 2118 4787 dieatur
2144 4747 2302 4802 agere
2329 4730 2531 4793 sobrie,
2592 4727 2695 4782 sibi
2731 4735 3052 4796 temperare,
3099 4725 3235 4779 iram
3269 4734 3472 4789 tenere,

1906 4839 2016 4879 non
2049 4823 2331 4891 subripere
2360 4821 2536 4873 aliena
2558 4859 2572 4884 ,
2600 4818 2746 4887 juste
2777 4818 2976 4881 vivere,
3005 4833 3129 4870 eum
3162 4816 3303 4869 bono
3329 4816 3474 4885 jure,

1912 4915 2226 4984 tranquille,
2253 4913 2468 4977 leniter,
2496 4926 2554 4966 se
2578 4911 2632 4963 in
2661 4909 2958 4978 indigentia
2988 4908 3169 4977 potius
3195 4908 3473 4960 continere

1914 5025 1978 5064 ac
1999 5009 2318 5077 reprimere,
2346 5012 2663 5075 quamcum
2689 5018 2793 5056 non
2818 5000 3041 5068 habeas,
3067 5000 3290 5054 alterius
3316 4999 3472 5052 bonis

1488 5146 1723 5204 VARle
1763 5143 2166 5200 LECTIONES.

291 5262 360 5298 '”
393 5264 492 5327 εἰς,
515 5263 828 5334 (ιιιοὰξάεεει
860 5265 914 5318 in
949 5273 1180 5334 utroque
1206 5265 1364 5320 Ilom.
1393 5266 1539 5331 cod.,
1571 5264 1778 5334 addidit
1799 5261 1860 5314 D.
1894 5260 2138 5334 Subinde
2163 5255 2362 5334 scripsi
2391 5253 2517 5334 ἄλλο
2539 5253 2646 5334 τιδῇ

581 5327 726 5402 qu0d
767 5335 968 5389 mutari
1003 5327 1176 5390 voluit
1207 5338 1260 5390 in
1290 5337 1496 5400 ἄλλοτε,
1523 5327 1630 5399 εἰς.
1679 5333 1818 5387 Tum
1854 5328 2286 5403 εὐχριστησάσης
2311 5327 2372 5390 0,

581 5403 632 5456 Β.
659 5404 900 5456 Subinde
925 5404 1018 5456 ἐὰν
1046 5407 1118 5456 μὴ
1149 5407 1462 5456 ὲπιιιείνητε
1491 5406 1552 5456 0.
1648 5401 1869 5456 ⁸ἀποόὧ
1887 5401 1948 5455 C.
2041 5401 2062 5431 ⁸
2084 5397 2352 5456 λείψωμεν

1582 5455 1944 5546 praetermissa
1971 5455 2239 5546 essentjin
2257 5455 2385 5546 'ed._
2397 5464 2853 5546 Schwegleriana.
2879 5455 3151 5544 :S'uhinde
3179 5455 3462 5542 πῶςυδὲὃ.

223 5349 296 5396 τι,
346 5334 428 5396 είς
453 5334 494 5388 C
525 5375 540 5398 ,
581 5334 726 5402 quod
767 5335 968 5389 mutari
1003 5337 1176 5390 voluit
1207 5338 1260 5390 in
1290 5337 1496 5400 ἄλλοτε,
1523 5353 1548 5388 ε

226 5404 247 5434 ³
266 5402 337 5482 ῖὰ
363 5403 537 5486 άληθῇ
569 5403 632 5486 (3Ξ
659 5404 900 5486 Subinde
925 5404 1028 5486 εὰν
1045 5407 1118 5486 μῂ
1149 5407 1462 5486 ἐπι-μείνητε
1491 5406 1552 5460 Ο.

225 5475 375 5526 νεῦσι
407 5475 579 5528 ποιῶν
609 5475 643 5528 ἁ

2674 5255 2754 5317 είς
2777 5269 2824 5308 c.
2851 5253 2892 5306 0
2969 5260 3028 5306 ut
3064 5252 3206 5320 conj.
3243 5250 3283 5302 D
3313 5249 3470 5314 ,ἄλλο

2475 5326 2493 5356 ι
2523 5323 2643 5376 οὑδὲ
2676 5340 2784 5378 om.
2824 5324 2885 5376 0.
2912 5323 2933 5354 ³
2963 5323 3053 5376 καί
3099 5322 3298 5376 inserui
3325 5338 3373 5374 e.
3400 5325 3460 5374 0.

2041 5401 2062 5431 ⁸
2084 5392 2352 5466 λείψωμεν
2378 5394 2439 5466 C7.
2472 5465 2481 5466 ί
2534 5392 2721 5466 ‘Vbb._
2750 5395 2844 5447 καὶ
2889 5394 2960 5464 μὴ
2993 5393 3074 5466 τὰ
3106 5393 3196 5466 ica
3230 5393 3465 5466 503370-

227 5542 433 5615 Ὲμηθέν
461 5545 523 5598 0.
597 5545 622 5615 '7
644 5530 784 5615 Ita!)
813 5585 830 5612 ,
849 5530 908 5599 di
924 5546 1067 5615 conj.
1087 5544 1125 5600 S
1154 5530 1174 5609 ,⁷
1196 5530 1292 5600 καὶ
1313 5530 1486 5610 οὑτως
1513 5530 1598 5609 sig.
1625 5545 1729 5615 ἀεί.
1747 5543 1928 5615 Καίϐ.
1958 5558 2022 5615 ex
2047 5539 2309 5615 conjecta
2333 5536 2507 5615 εἴσασι
2529 5530 2650 5615 eod.
2668 5534 2931 5615 ipsius,in
2957 5530 3461 5615 cuj.._marg‘.‘_i'_0'a.tot.

229 5600 497 5685 RtufaRec.
529 5630 583 5685 γ,
614 5614 716 5685 5οέ
735 5613 800 5668 In
814 5600 1321 5684 '(emplis'aut'lucis.
1389 5619 1411 5651 ⁹
1437 5600 1651 5685 γ’ίνεᾶθε
1678 5614 1716 5668 S
1745 5655 1759 5680 ,
1789 5611 2010 5681 γένεσθε
2043 5612 2102 5677 6,
2132 5600 2192 5664 0.
2339 5605 2418 5685 Ita
2443 5600 2979 5685 egplicaitdumncslse
3006 5600 3214 5685 videtur
3243 5600 3466 5685 Ottobo-

228 5682 377 5765 niani
414 5672 652 5765 ἀμείνων
674 5680 844 5759 ἦν’,οί
873 5672 940 5741 ἐν’
953 5690 1232 5759 ποταμοῖς,
1259 5703 1346 5760 ap.
1372 5686 1414 5744 C
1451 5672 1682 5759 ’ἄμεινον
1709 5672 1757 5757 ή’
1779 5672 1836 5738 έν
1864 5672 2144 5753 ποταμοῖς·
2196 5679 2257 5754 _”
2281 5672 2558 5765 ὖμῶνηδν
2604 5674 2780 5730 αὐτῶν
2807 5673 2873 5745 (ἶυ
2904 5675 2964 5729 θα
3040 5674 3081 5708 ⁸³
3107 5672 3229 5744 ὄφις
3249 5686 3356 5727 οω·
3399 5673 3464 5725 θα

229 5751 273 5782 ⁸³
289 5754 522 5818 ἐπιεικῶς
573 5759 630 5812 0.
