3894 6208
429 279 530 336 287

1267 281 1326 336 8.
1366 281 1756 337 CLEMENTIS
1791 282 1808 336 l
1845 280 2016 337 ROM.
2060 279 2260 338 PONT.
2298 282 2528 338 OPERA
2555 283 2784 342 DUBIA.

3572 288 3692 346 288

429 393 628 462 injuste
675 394 870 450 ablatis
919 394 1146 465 expleri.
1182 395 1339 466 Apud
1374 407 1600 452 vocatos
1631 406 1814 450 autem
1864 397 1982 451 deos

2099 412 2186 447 νον
2241 397 2584 470 κορεσθῆναι.
2636 400 2791 470 Παρὰ
2839 401 2896 454 δὲ
2940 403 3051 464 τοῖς
3086 399 3396 470 λεγομένοις
3425 402 3569 468 θεοῖς
3612 403 3691 458 τὰ

425 486 704 540 contraria
728 497 1082 558 peraguntur.
1106 487 1170 541 Et
1200 489 1461 542 nonnulla
1496 489 1548 542 in
1581 489 1998 542 admirationem

423 577 648 647 iustitia:
696 578 1067 645 denuntiatis,
1098 598 1220 651 qua:
1247 583 1372 636 licet
1403 582 1584 635 omnia
1615 591 1876 651 przcccpta
1906 598 1999 635 cx-

423 671 812 738 sequcrcmini,
844 688 952 726 una
984 672 1074 726 Dei
1122 673 1396 743 ignoratio
1427 673 1624 728 sullicit
1653 674 1718 726 ad
1756 674 1996 742 punitio-

422 780 546 820 nem
577 777 838 822 vestram.
894 769 1162 824 Caeterum
1202 773 1585 826 convenientes
1616 773 1683 827 ad
1726 773 1846 828 loca
1876 789 1999 844 qua:

420 869 518 908 vos
550 855 616 908 iis
645 857 959 925 assignatis,
992 860 1247 915 alacriter
1271 861 1640 930 inchriamini,
1667 873 1720 918 et
1749 880 1873 920 aras
1901 881 1994 920 ac-

419 946 649 1001 cenditis
676 989 690 1012 ,
739 965 971 1017 quarum
1026 951 1186 1004 nidor
1220 964 1446 1022 vagatus
1482 970 1656 1011 caecos
1689 957 1994 1026 surdosque

417 1036 643 1104 Spiritus
681 1039 733 1090 vi
782 1056 881 1093 sua
931 1042 997 1094 ad
1051 1043 1316 1098 odoratus
1363 1046 1542 1100 locum
1575 1048 1744 1103 ducit.
1795 1048 1992 1120 Sicque

416 1125 489 1180 ibi
526 1129 616 1181 alii
665 1128 917 1185 fanaticis
949 1131 1229 1189 furoribus
1253 1177 1266 1200 ,
1299 1137 1389 1190 alii
1437 1138 1692 1193 absurdis
1724 1141 1860 1195 cibis
1901 1158 1989 1196 re-

412 1219 651 1287 plentur,
679 1224 743 1275 ad
773 1223 1052 1278 libidinem
1087 1236 1378 1282 vertuntur
1405 1230 1519 1295 alii,
1547 1230 1613 1285 ad
1647 1231 1788 1287 furta
1825 1234 1912 1286 alii
1937 1243 1989 1288 et

411 1310 702 1365 adulteria.
747 1311 879 1366 Nam
935 1313 1040 1370 fusi
1081 1317 1191 1371 illic
1239 1319 1524 1387 sanguinis
1569 1337 1737 1390 vapor
1778 1334 1831 1376 ct
1873 1323 1986 1377 vini

411 1399 601 1455 libatio
625 1405 789 1458 etiam
827 1407 992 1461 satiat
1019 1409 1263 1477 impuros
1295 1411 1542 1478 spiritus,
1568 1413 1661 1482 qui
1704 1414 1844 1468 intra
1887 1432 1985 1471 vos

408 1496 665 1550 occultati
720 1501 904 1553 omnia
960 1501 1075 1555 hate
1121 1503 1354 1556 reddunt
1411 1507 1637 1572 suavia,
1685 1518 1847 1580 atque
1891 1526 1985 1579 per

407 1586 618 1638 somnia
645 1601 742 1640 vos
779 1588 933 1643 falsis
974 1593 1203 1660 spectris
1248 1593 1539 1660 irretiunt,
1571 1597 1984 1669 innumerisque

405 1678 853 1743 perpessionihus
881 1683 1138 1749 puniunt.
1171 1684 1305 1740 Nam
1341 1690 1631 1744 occasione
1676 1706 1978 1760 sacrarum,

404 1771 464 1816 ut
491 1775 712 1832 vocant,
751 1768 1055 1825 hostiarum
1104 1776 1293 1842 repleti
1343 1778 1477 1830 estis
1511 1779 1838 1834 truculentis
1870 1781 1981 1835 da:-

402 1856 658 1912 monihns
683 1899 696 1924 ,
732 1860 826 1928 qui
856 1873 1013 1916 caute
1043 1879 1143 1920 vos
1177 1867 1382 1923 inscios
1415 1869 1729 1937 perimunt,
1780 1880 1839 1925 ut
1871 1888 1978 1926 non

401 1949 650 2004 sentiatis
690 1949 868 2007 factas
907 1955 1156 2010 insidias.
1188 1956 1457 2014 Prmtextu
1489 1961 1758 2030 siquidem
1794 1963 1980 2032 cujus-

400 2039 545 2108 piam
587 2041 803 2111 injuriae
829 2047 912 2100 vel
947 2049 1310 2114 calamitatis,
1346 2056 1550 2109 amoris
1573 2098 1586 2117 ,
1623 2055 1736 2121 irte,
1768 2057 1979 2110 moesti-

399 2129 508 2193 ti:e,
541 2142 636 2185 aut
661 2134 857 2204 laqueo
883 2147 979 2192 aut
1011 2154 1151 2208 aqua
1177 2141 1466 2208 sull'ocant,
1495 2160 1525 2198 e
1559 2146 1680 2199 loco
1705 2147 1974 2216 prmcipiti

395 2221 697 2291 dejiciunt,
733 2227 1031 2284 homicidio
1063 2232 1186 2296 sui,
1219 2244 1312 2288 aut
1360 2236 1646 2305 ap0plexia
1670 2277 1684 2301 ,
1737 2249 1832 2292 aut
1867 2239 1974 2293 alio

395 2315 588 2370 morbo
618 2332 647 2371 e
676 2318 783 2374 vita
809 2331 1014 2392 cogunt
1043 2323 1304 2395 migrare.

462 2577 599 2634 XVI.
664 2581 740 2636 Ex
782 2586 944 2641 nobis
995 2596 1178 2643 autem
1224 2591 1408 2646 nullus
1460 2594 1564 2647 tale
1610 2595 1738 2663 quid
1791 2605 1968 2666 potest

389 2671 539 2740 pati,
576 2673 670 2727 scd
724 2690 755 2728 a
807 2676 964 2732 nobis
1013 2679 1678 2752 daemonestorqnentur,
1714 2689 1964 2756 quando-

389 2762 610 2831 quidem
644 2764 696 2817 in
721 2766 960 2835 aliquem
994 2769 1252 2838 ingressi,
1275 2781 1334 2825 ut
1361 2774 1570 2830 tardius
1594 2777 1962 2846 egrediantur,

389 2863 583 2923 rogant
635 2871 755 2910 nos.
791 2857 893 2912 Sed
923 2860 1065 2914 dicet
1094 2861 1292 2930 aliquis
1322 2882 1332 2916 :
1367 2863 1422 2916 In
1455 2867 1554 2919 has
1587 2870 1964 2936 perpessiones

388 2946 635 3001 inci-lunt
679 2948 950 3004 interdum
981 2953 1145 3007 etiam
1182 2955 1414 3024 quidam
1447 2955 1541 3010 Dei
1570 2959 1827 3015 cultores.
1862 2963 1963 3016 Aio

385 3036 438 3089 id
474 3037 588 3091 ﬁeri
625 3055 731 3092 non
764 3057 946 3110 posse.
983 3043 1075 3098 llle
1102 3046 1270 3110 enim,
1298 3048 1364 3102 de
1396 3064 1505 3118 quo
1533 3049 1751 3119 loquor,
1785 3054 1960 3108 cultor

388 3129 481 3184 Dei
513 3142 596 3185 est
624 3175 638 3198 ,
685 3135 777 3202 qui
810 3151 937 3190 vere
967 3147 1052 3192 est
1080 3137 1173 3193 Dei
1202 3140 1400 3207 cultor,
1440 3158 1545 3196 non
1577 3145 1668 3212 qni
1697 3146 1961 3202 duntaxat

385 3221 608 3277 dicitur.
657 3225 760 3291 Qui
794 3236 975 3283 autem
1005 3245 1128 3284 vere
1154 3240 1256 3298 est,
1292 3233 1506 3288 tradita:
1538 3235 1640 3290 sibi
1675 3237 1808 3307 legis
1838 3254 1959 3308 per-

380 3311 496 3366 ﬁcit
535 3329 720 3383 opera.
780 3315 836 3370 Si
889 3319 1013 3388 quis
1064 3320 1227 3389 impie
1274 3322 1479 3391 egerit,
1525 3324 1648 3394 pius
1703 3343 1808 3380 non
1851 3337 1953 3383 est.

381 3401 852 3468 Quemadmodum
891 3411 936 3464 si
972 3411 1274 3480 alienigena
1309 3413 1479 3481 legem
1511 3425 1711 3482 servet,
1733 3416 1955 3476 Judzeus

377 3505 460 3551 est
485 3516 498 3564 ;
530 3499 622 3568 qui
649 3516 774 3555 vero
805 3517 912 3556 non
941 3513 1140 3570 servat,
1164 3513 1247 3560 est
1272 3507 1507 3575 gentilis.
1533 3507 1756 3565 Jndzeus
1784 3512 1953 3576 enim,

378 3586 488 3641 Deo
519 3591 768 3655 credens,
805 3593 976 3661 legem
1012 3596 1229 3665 implet,
1266 3614 1360 3668 per
1391 3615 1554 3668 quam
1592 3601 1750 3657 ﬁdem
1789 3605 1951 3660 etiam

376 3681 478 3734 alia
531 3684 670 3737 mala
723 3688 1001 3743 montibus
1041 3689 1240 3744 similia
1285 3700 1338 3744 et
1383 3693 1708 3761 gravissima
1767 3705 1949 3751 trans-

379 3770 486 3826 fert
532 3786 580 3827 δ.
630 3775 734 3840 Qui
783 3793 913 3831 vero
957 3795 1066 3833 non
1124 3783 1446 3852 exsequitur
1503 3785 1708 3854 legem,
1740 3788 1949 3843 clarum

373 3872 487 3931 est,
540 3869 685 3935 quod
738 3886 847 3924 non
889 3873 1161 3927 credendo
1216 3879 1268 3928 in
1311 3876 1478 3932 Deum
1533 3880 1592 3933 ﬁt
1643 3881 1946 3953 transfuga,

373 3955 605 4026 ideoque
635 3973 888 4028 peccator
926 3966 1072 4020 velut
1110 3984 1454 4038 nequaquam
1486 3969 1705 4028 Judzens
1734 3983 1950 4044 propter

371 4057 656 4115 peccatum
705 4067 733 4105 a
783 4054 1187 4112 calamitatibus
1234 4062 1540 4130 subigitur,
1571 4081 1691 4133 qua:
1738 4067 1803 4119 ad
1844 4083 1947 4136 pn—

372 4139 599 4194 niendos
648 4153 961 4210 peccatores
1007 4151 1323 4206 constitutae
1367 4162 1518 4208 sunt.
1551 4154 1684 4208 Nam
1716 4160 1947 4214 consilio

373 4228 499 4295 Dei,
536 4235 680 4302 quod
728 4236 796 4291 al)
844 4238 1002 4293 initio
1042 4243 1312 4296 sancitum
1348 4243 1478 4310 fuit,
1532 4246 1677 4301 illius
1707 4251 1945 4306 cultores

363 4321 511 4390 jnstc
534 4335 754 4395 propter
777 4329 969 4384 delicta
989 4348 1147 4401 poena
1176 4337 1548 4403 consequitur.
1573 4337 1728 4404 Quod
1759 4343 1834 4406 lit,
1863 4351 1940 4408 ut,

367 4421 652 4483 postquam
687 4433 845 4487 pmna
891 4421 958 4475 de
987 4434 1211 4491 peccato
1243 4426 1390 4480 velut
1418 4428 1600 4482 debito
1649 4447 1742 4499 per
1775 4449 1938 4488 vexa~

366 4507 565 4562 tionem
617 4513 883 4568 rationem
921 4518 1226 4585 repetierit,
1260 4535 1554 4577 conversos
1586 4523 1837 4580 homines
1882 4528 1935 4580 in

365 4608 686 4657 cunctorum
729 4605 937 4674 judicio
968 4624 1138 4678 puros
1189 4624 1564 4680 rcprmsentet.
1597 4614 1750 4670 Sicut
1789 4619 1933 4672 enim

364 4691 628 4760 improbis
656 4713 948 4765 prtcscntes
993 4702 1200 4757 delicia:
1229 4704 1282 4757 in
1333 4705 1593 4760 damnum
1627 4707 1932 4764 futurorum

363 4783 630 4840 bonorum
664 4792 890 4853 cedunt,
938 4794 1009 4848 ita
1061 4797 1324 4864 supplicia
1360 4798 1528 4867 lapsis
1567 4800 1618 4853 in
1653 4812 1932 4870 peccatum

362 4875 566 4933 Judacis
606 4883 900 4938 mittuntur
949 4887 1014 4940 ad
1047 4889 1424 4954 exactionem,
1479 4903 1537 4945 ut
1584 4904 1798 4963 recepta
1847 4896 1935 4950 hic

361 4968 546 5024 delicti
577 4987 736 5040 parua
783 4991 811 5030 a
846 4975 1030 5034 futura
1076 4980 1190 5036 illic
1219 4990 1422 5037 aeterna
1471 4984 1822 5042 damnatione
1869 4989 1934 5042 li—

356 5063 635 5121 herentur.

431 5197 457 5224 ε
489 5185 680 5241 Matth.
709 5204 842 5252 xvn,
878 5192 964 5247 l9.

2103 487 2317 543 ἐναντία
2340 490 2563 559 γίνεται.
2587 493 2694 546 Καὶ
2715 493 2830 547 ἔνια
2859 495 2936 558 είς
2966 494 3300 566 κατάπληξιν
3328 495 3689 567 δικαιοσύνης

2101 582 2500 653 παραγγέλλετε
2523 584 2586 648 ν’,
2617 585 2760 656 ἅπερ
2790 589 2837 639 εί
2868 588 2963 640 καὶ
2990 587 3167 640 πάντα
3194 590 3394 641 ποιεῖτε
3433 589 3502 642 τὰ
3532 607 3689 661 παρ-

2099 674 2436 745 αγγέλματα,
2482 677 2577 747 μία
2605 680 2637 748 ἡ
2671 677 2804 749 πρὸς
2833 678 2963 732 Θεὸν
2990 679 3180 748 ἄγνοια
3215 680 3370 764 ἱκανὴ
3416 683 3685 751 τυγχάνει

2099 767 2234 840 πρὸς
2279 769 2377 839 τὴν
2421 769 2541 822 καθ’
2577 771 2726 840 ὑμῶν
2762 772 3048 842 τιμωρίαν.
3105 773 3251 844 Πλὴν
3291 775 3684 846 συνερχόμενοι

2096 860 2175 921 είς
2201 860 2326 922 τοὺς
2366 861 2454 929 ὑφ’
2486 861 2638 932 ὑμῶν
2666 863 2849 926 αὐτοῖς
2871 863 3122 928 δοθέντας
3147 849 3345 928 τόπους
3370 867 3544 937 ἡδέως
3577 883 3685 937 με-

2097 949 2357 1006 θύσκεσθε
2380 955 2472 1007 καὶ
2507 955 2724 1026 βωμοὺς
2754 956 3043 1022 ἀνάπτετε,
3075 951 3149 1012 ὧν
3176 961 3209 1030 ἡ
3242 959 3435 1013 κνίσσα
3465 959 3680 1031 ῥεμϐο-

2097 1043 2229 1115 μένη
2277 1047 2370 1098 καὶ
2417 1048 2485 1100 τὰ
2537 1049 2712 1117 τυφλά
2761 1051 2855 1103 καὶ
2898 1051 3060 1121 κωφά
3102 1051 3386 1122 πνεύματα
3433 1053 3521 1106 διὰ
3567 1054 3681 1124 τῆς

2091 1137 2337 1203 ἐξουσίας
2365 1141 2486 1209 ἄγει
2516 1143 2595 1205 εἰς
2630 1143 2721 1196 τὸν
2760 1145 2858 1214 τῆς
2902 1145 3219 1216 ὀσφρήσεως
3261 1145 3437 1200 αὐτῶν
3476 1147 3673 1200 τόπον.

2091 1229 2199 1282 Καὶ
2230 1229 2402 1294 οὕτως
2438 1232 2546 1286 τῶν
2591 1235 2706 1287 ἐκεῖ
2744 1236 2793 1287 οἱ
2841 1236 2936 1306 μὲν
2977 1236 3460 1308 ἐνθουσιασμῶν¹⁵,
3512 1239 3562 1290 οἱ
3612 1237 3676 1290 δέ

2091 1320 2311 1392 βρωτῶν
2351 1323 2651 1380 ἀλλοκότων
2679 1326 3112 1398 ἐμπίμπλανται,
3142 1330 3190 1381 οἱ
3218 1329 3274 1382 δέ
3300 1330 3391 1382 ἐπὶ
3412 1330 3472 1382 τὸ
3503 1328 3671 1382 ἀσελ⁶

2088 1415 2292 1480 γαίνειν
2321 1416 2609 1487 τρέπονται
2634 1458 2648 1481 ,
2695 1420 2744 1471 οἱ
2774 1419 2829 1472 δέ
2870 1420 2960 1472 ἐπὶ
2986 1419 3190 1484 κλοπὰς
3224 1421 3316 1474 καὶ
3345 1422 3557 1490 φόνους.
3598 1423 3671 1476 Ἡ

2086 1505 2193 1577 γὰρ
2223 1507 2314 1560 τοῦ
2352 1510 2468 1561 ἐκεῖ
2497 1511 2726 1580 αἵματος
2771 1511 3129 1582 ἀναθυμίασις
3163 1515 3254 1566 καὶ
3285 1515 3317 1584 ἠ
3350 1514 3457 1566 τῶν
3499 1515 3667 1568 οῖνων
3731 1564 3738 1568 .

2089 1600 2286 1671 σπονδὴ
2317 1603 2411 1654 καὶ
2440 1602 2580 1655 αὑτά
2606 1603 2648 1632 ¹⁶
2679 1606 2832 1674 κορεῖ
2857 1603 2924 1656 τά
2953 1603 3238 1675 ἀκάθαρτα
3285 1605 3590 1676 πνεύματα,
3627 1606 3668 1661 ἆ

2084 1709 2205 1745 τινα
2252 1692 2707 1763 ἐνδομυχοῦντα¹⁷
2755 1697 2833 1758 είς
2882 1697 3024 1766 ὑμᾶς
3066 1695 3357 1767 φιληδόνως
3409 1697 3552 1768 ἔχειν
3586 1699 3666 1752 τὰ

2083 1785 2199 1835 ἐκεῖ
2227 1783 2469 1838 ποιοῦσιν
2496 1825 2510 1848 ,
2539 1787 2631 1838 καὶ
2657 1787 2726 1839 δι’
2758 1787 2978 1858 ὀνείρων
3007 1789 3150 1858 ὑμᾶς
3179 1790 3494 1857 φαντασίαις
3519 1790 3660 1859 ψευ-

2081 1875 2192 1929 δέσι
2229 1878 2660 1948 περιϐάλλουσιν,
2693 1880 2786 1932 καὶ
2831 1882 3043 1952 μυρίοις
3075 1881 3356 1953 παθήμασι
3384 1881 3662 1954 τιμωροῦ-

2083 1985 2184 2021 σιν.
2231 1971 2506 2040 Προφάσει
2538 1971 2646 2043 γὰρ
2681 1971 2787 2025 τῶν
2828 1973 3130 2044 λεγομένων
3176 1973 3460 2044 ἱεροθύτων
3489 1973 3657 2044 χαλε-

2080 2061 2196 2114 πῶν
2223 2062 2489 2134 δαιμόνων
2526 2064 2906 2135 ἐμπίπλασθε,
2963 2066 3012 2118 οἳ
3052 2066 3144 2119 καὶ
3185 2067 3461 2138 φρονίμως
3506 2069 3658 2138 ὑμᾶς

2077 2153 2425 2218 λανθάνοντες
2469 2156 2781 2228 ἀναιροῦσιν
2807 2198 2820 2221 ,
2851 2159 2938 2211 ἵνα
2980 2159 3053 2230 μὴ
3101 2161 3294 2231 συνῆτε
3341 2160 3495 2230 ὑμῶν
3548 2164 3655 2233 τὴν

2075 2246 2381 2317 ἐπιϐουλήν.
2417 2248 2692 2319 Προφάσει
2725 2249 2831 2321 γάρ
2851 2267 2994 2313 τινος
3031 2251 3292 2321 ἐπηρείας
3320 2252 3352 2323 ἢ
3383 2252 3584 2324 ἔρωτος
3615 2253 3652 2323 ἢ

2075 2339 2242 2410 ὀργῆς
2278 2341 2310 2411 ἢ
2343 2341 2517 2412 λύπης
2562 2344 2594 2414 ἢ
2638 2344 2838 2416 ἀγχόνῃ
2886 2345 2919 2414 ἦ
2959 2344 3109 2397 ῦδατι
3149 2345 3428 2411 πνίξαντες
3464 2346 3497 2416 ἦ
3541 2345 3655 2400 ἀπὸ

2074 2431 2320 2502 κρημνοῦ
2354 2433 2607 2504 ῥίψαντες
2634 2435 2666 2506 ἢ
2692 2437 3001 2507 αὐτοχειρία
3024 2437 3056 2506 ἢ
3086 2437 3393 2509 ἀποπληξίᾳ
3419 2438 3652 2509 ῆέτέρῳ

2071 2524 2175 2576 τινὶ
2205 2524 2365 2577 πάθει
2385 2526 2479 2578 τοῦ
2511 2527 2610 2598 ζῇν
2645 2528 2976 2598 μεθιστᾶσιν.

2141 2615 2280 2670 XVI.
2323 2617 2384 2670 Ἦ
2392 2618 2506 2688 μῶν
2535 2619 2590 2672 δὲ
2619 2620 2794 2683 οὐδεὶς
2821 2620 3058 2674 τοιοῦτόν
3091 2638 3142 2675 τι
3181 2621 3368 2675 παθεῖν
3395 2621 3646 2684 δύναται,

2070 2707 2184 2761 ἀλλ’
2215 2710 2368 2762 αὐτοὶ
2398 2711 2483 2778 ὑφ’
2506 2711 2662 2781 ἡμῶν
2689 2711 3022 2776 κολάζονται,
3051 2714 3250 2768 ὁπόταν
3279 2716 3357 2777 εἷς
3383 2731 3503 2768 τινα
3531 2716 3647 2767 εἱσ-

2074 2801 2241 2864 ιόντες
2273 2800 2510 2872 βραδέως
2550 2803 2746 2867 ἐξιέναι
2783 2807 2930 2875 ἡμᾶς
2983 2805 3366 2876 παρακαλῶσιν
3383 2806 3444 2858 ¹⁸.
3474 2807 3640 2878 241

2082 2893 2218 2946 Ἀλλ’
2250 2895 2363 2965 ἐρεῖ
2387 2912 2496 2959 τις·
2533 2897 2692 2959 Ἴσως
2720 2897 2980 2961 τοιούτοις
3000 2898 3231 2951 πάθεσιν
3252 2901 3344 2952 καὶ
3371 2898 3644 2952 θεοσεὸῶν

2064 3003 2206 3051 τινες
2226 2989 2641 3043 ὑποπίπτουσιν.
2672 2992 2749 3062 Φη
2761 2993 2820 3061 μὶ
2846 2992 2927 3044 ὃτι
2956 2991 3111 3045 τοῦτο
3138 2993 3410 3046 ἀδύνατον.
3451 2992 3644 3044 Θεοσε-

1989 3097 2029 3154 C
2065 3079 2164 3150 6ης
2193 3080 2300 3151 γὰρ
2331 3076 2484 3144 οὗτός
2513 3083 2678 3145 ἐστιν,
2703 3082 2762 3134 ὃν
2788 3083 2830 3114 ¹⁹
2860 3082 2970 3151 ἐγώ
2996 3101 3167 3153 φημι,
3197 3083 3224 3134 ό
3255 3085 3423 3147 ὅντως
3454 3083 3642 3136 θεοσε-

2063 3173 2184 3243 ϐὴς,
2220 3174 2315 3243 οὐχ
2345 3174 2403 3236 ὃς
2431 3174 2494 3227 ἂν
2528 3175 2684 3244 μόνον
2715 3175 2960 3245 λέγηται,
2986 3178 3013 3229 ὁ
3047 3176 3103 3229 δὲ
3125 3177 3295 3239 ὄντως
3321 3174 3393 3229 ὢν
3422 3175 3515 3228 τοῦ
3553 3175 3640 3229 δο-

2062 3265 2244 3328 θέντος
2290 3266 2438 3336 αύτῷ
2481 3267 2645 3337 νόμου
2683 3268 2893 3321 ἐκτελεί
2930 3268 3030 3332 τὰς
3073 3268 3319 3340 πράξεις.
3380 3267 3504 3320 Ἐάν
3551 3285 3637 3331 τις

2059 3357 2305 3432 ἀσεϐήσῃ
2328 3400 2342 3424 ,
2377 3360 2607 3430 εὐσεϐὴς
2647 3361 2745 3414 οὐκ
2789 3361 2956 3415 ἐστιν.
2989 3362 3194 3433 Ὄνπερ
3241 3361 3440 3433 τρόπον
3470 3360 3567 3414 ἐὰν
3605 3361 3637 3414 ὁ

2057 3449 2349 3520 ἀλλόφυλος
2388 3451 2479 3505 τὸν
2525 3453 2688 3523 νόμον
2730 3454 2908 3525 πράξῃ
2933 3493 2947 3516 ,
3011 3454 3259 3518 Ἰουδαῖός
3301 3455 3448 3506 ἐστιν
3473 3470 3486 3482 ’
3555 3453 3632 3525 μὴ

2057 3542 2266 3613 πράξας
2317 3543 2395 3609 δέ,
2441 3544 2660 3615 Ἕλλην.
2693 3545 2748 3598 '0
2769 3545 2875 3618 γὰρ
2933 3546 3178 3609 Ἰουδαῖος
3207 3545 3473 3599 πιστεύων
3509 3544 3631 3616 Θεῷ

2055 3636 2198 3687 ποιεῖ
2213 3635 2303 3687 τὸν
2332 3635 2491 3706 νόμον
2516 3637 2581 3701 ὀ,
2603 3637 2668 3689 δι’
2683 3631 2748 3708 ἦς
2770 3639 3003 3702 πίστεως
3025 3640 3118 3692 καὶ
3136 3639 3202 3692 τά
3215 3638 3346 3694 ἄλλα
3359 3639 3425 3692 τὰ
3443 3640 3630 3710 ὄρεσιν

2055 3726 2265 3779 ἐοικότα
2312 3727 2405 3780 καὶ
2450 3727 2718 3800 βαροῦντα
2777 3731 3057 3801 μεθίστησι
3118 3731 3283 3801 πάθη.
3339 3731 3392 3784 '0
3443 3731 3500 3784 δὲ
3549 3731 3626 3802 μὴ

2053 3819 2222 3871 ποιῶν
2252 3819 2341 3874 τὸν
2372 3820 2532 3891 νόμον
2559 3821 2798 3891 δηλονότι
2820 3823 2859 3853 ³¹
2888 3824 2950 3876 ἐκ
2969 3823 3061 3876 τοῦ
3095 3823 3168 3894 μὴ
3207 3823 3478 3876 πιστεύειν
3507 3824 3626 3893 Θεῷ

2051 3910 2382 3975 λιποτακτεῖ,
2405 3913 2498 3964 καὶ
2519 3912 2690 3976 οὕτως
2718 3915 2794 3977 ὼς
2817 3915 2935 3984 οὐχὶ
2955 3916 2997 3945 ²¹
3032 3916 3282 3978 Ἰουδαῖος
3306 3917 3626 3988 ἁμαρτωλὸς

2049 4001 2135 4054 διὰ
2164 4003 2260 4072 τὴν
2290 4004 2561 4074 ἁμαρτίαν
2585 4005 2959 4076 ἐπικρατεῖται
2991 4007 3094 4059 ὑπὸ
3117 4007 3225 4059 τῶν
3253 4009 3332 4070 εἰς
3361 4008 3421 4061 τὸ
3451 4025 3624 4078 τιμω-

2053 4096 2162 4162 ρεῐν
2198 4095 2323 4158 τοὺς
2363 4095 2774 4167 ἁμαρτάνοντας
2812 4097 3164 4151 καθεστώτων
3209 4099 3414 4152 παθῶν.
3447 4100 3619 4172 Βουλῇ

2048 4187 2180 4239 Θεοῦ
2224 4190 2289 4257 τῇ
2329 4188 2584 4260 ἀπαρχῆς
2621 4189 2899 4263 ὀρισθείσῃ
2944 4190 3171 4254 δικαίως
3214 4195 3325 4256 τοῖς
3371 4192 3620 4247 σέϐουσιν

2047 4279 2208 4333 αὑτὸν
2255 4283 2715 4352 παραπτωμάτων
2760 4283 2917 4354 χάριν
2969 4287 3001 4355 ἡ
3038 4284 3291 4354 ’τιμωρία
3323 4283 3513 4337 ἕπεται
3537 4326 3552 4350 ,
3590 4286 3620 4338 ὃ

2047 4371 2273 4440 γίνεται,
2299 4374 2386 4426 ἵνα
2405 4373 2479 4437 ὼς
2499 4373 2767 4446 ὀφείλημα
2785 4376 2871 4428 διὰ
2891 4376 2988 4446 τῆς
3008 4375 3237 4446 βασάνου
3267 4376 3618 4446 ἀπαιτήσασα

1975 4446 2015 4498 ί)
2043 4467 2141 4536 τὴν
2188 4467 2460 4538 ἁμαρτίαν
2506 4469 2632 4531 τοὺς
2671 4467 3102 4538 ἐπιστρέψαντας
3147 4466 3416 4538 καθαροὺς
3460 4469 3518 4523 ἐν
3548 4473 3613 4540 τῇ

2043 4557 2150 4610 τῶν
2179 4557 2312 4612 ὅλων
2344 4561 2666 4631 παραστήσῃ
2682 4561 2725 4591 ³³
2753 4560 2950 4632 κρίσει.
2988 4560 3074 4622 Ὡς
3102 4559 3208 4631 γὰρ
3232 4564 3344 4624 τοῖς
3371 4564 3610 4632 κακοῖςὴ

2043 4651 2271 4704 ἐνταῦθα
2300 4652 2479 4723 τρυφὴ
2510 4654 2590 4715 είς
2637 4651 2838 4722 ζημίαν
2869 4650 3099 4706 αἰωνίων
3138 4651 3356 4718 ἀγαθῶν
3384 4652 3610 4719 γίνεται,

2039 4743 2213 4808 οὕτως
2270 4745 2324 4797 αἱ
2379 4745 2639 4817 τιμωρίαι
2694 4748 2804 4809 τοῖς
2858 4743 3295 4817 παραπίπτουσιν
3342 4746 3614 4809 Ἰουδαίοις

2039 4836 2342 4906 πέμπονται
2369 4839 2448 4900 είς
2474 4835 2760 4908 ἔκπραξιν,
2793 4838 2879 4890 ἵνα
2925 4839 3155 4892 ἐνταῦθα
3186 4837 3544 4900 ἀπολαύοντες
3565 4837 3611 4868 ’⁵

2035 4928 2095 4979 τὺ
2141 4930 2492 5002 παράπτωμα
2517 4930 2617 5001 τῆς
2643 4931 2759 4984 ἐκεῖ
2785 4930 3169 5000 ἀπαλλαγῶσιν
3199 4930 3419 5007 aluo/La»;
3448 4928 3607 4983 κολὰ-

2037 5035 2190 5084 σεως.

1628 5287 1862 5343 VARUE
1903 5286 2302 5342 LECTIONES.

427 5370 471 5401 ¹¹⁵
495 5371 929 5453 παραγγέλλεται
956 5375 1034 5453 Ο..Δ
1084 5377 1126 5407 ³⁵
1155 5377 1532 5453 ἐνθουσιασμῶ
1550 5379 1589 5433 C
1621 5419 1643 5453 ,Α
1665 5379 2059 5453 ἐνθουσιασμοῦ
2187 5383 2250 5453 _‘°
2267 5381 2400 5453 αύτῄ
2426 5380 2486 5434 C.
2520 5379 2829 5453 Lectionem
2851 5383 3194 5438 Ottohoniani
3215 5381 3518 5453 praesagivit
3540 5381 3599 5436 S.

363 5439 407 5469 ιτ
432 5439 841 5512 ἐνδομοχιοῦντα
994 5445 1035 5476 ¹⁸
1060 5439 1462 5517 παρακαλοῦσιν
1495 5439 1556 5503 C.

1634 5451 1672 5483 "
1709 5452 1766 5502 δν
1798 5449 2141 5520 νγπιιρινιιιίεἱι
2182 5449 2218 5503 8
2271 5470 2318 5504 c.
2344 5449 2424 5504 Cl.

2505 5453 2548 5486 ὀ
2574 5451 2712 5505 Sede
2745 5455 2989 5508 vocabuli
3023 5451 3226 5508 mutata
3266 5451 3432 5508 leeo':
3475 5453 3601 5506 Ἐὰν

359 5511 528 5595 ὁΙάλλ.
557 5511 700 5567 τίν.
740 5531 832 5595 πρε
857 5516 930 5595 _'l.
969 5517 1080 5568 ἐστ.
1110 5511 1192 5595 μ’ὴ-
1212 5518 1422 5595 πράξας
1447 5511 1816 5595 δὲ’-Ἰουδαῖος,
1847 5521 2063 5595 ’Ίὲλλληνο
2192 5522 2300 5592 γὰρ
2325 5521 2591 5595 πιστεύων
2624 5522 2743 5595 ει)εῷ
2775 5528 2917 5577 ποιεῖ
2939 5525 3028 5577 τὸν
3073 5525 3253 5595 νόμον.
3298 5511 3410 5595 [loc
3434 5525 3599 5577 modo

362 5581 580 5659 elegans
594 5584 757 5659 nasci
783 5581 997 5659 videtur
1040 5581 1352 5659 antithesis:
1381 5587 1439 5659 D.
1515 5591 1555 5620 ²¹
1578 5591 1734 5659 δῆλον
1767 5581 1847 5643 ὅτι
1879 5591 1939 5643 C.
1967 5581 2102 5643 Tum
2141 5581 2480 5644 λειποτακτεῖ
2502 5594 2561 5644 0.

2641 5593 2795 5664 ’έούκ
2824 5598 2884 5648 0.
2951 5596 2997 5626 ’³
3021 5595 3096 5648 lta
3128 5593 3168 5648 Ο
3223 5611 3271 5649 c.
3303 5593 3340 5648 S
3362 5634 3384 5652 ,ο
3414 5610 3596 5664 παρα-

365 5651 551 5721 στήσει
585 5652 644 5708 C.
716 5657 762 5686 ’δ
793 5656 1155 5719 ἀπολαύοντες
1183 5656 1266 5721 D.,
1314 5658 1408 5727 qui
1453 5651 1674 5730 insuper
1708 5662 1971 5730 exemplis
2006 5663 2400 5729 comprobavit,
2439 5677 2624 5742 vocem
2656 5663 2947 5720 ἀπολαύειν
2978 5665 3234 5748 conjungi
3271 5680 3432 5738 posse
3473 5651 3597 5719 cum

365 5734 492 5748 nnp-u
530 5726 838 5748 np...“....n!-.-
903 5736 1058 5748 _a___..
1096 5728 1237 5748 μ---]
1268 5745 1387 5748 _._,,_
1423 5745 1474 5748 ,η
1519 5731 1556 5748 γ’
1596 5733 1605 5742 ·
1728 5747 1735 5748 ,
1787 5731 1825 5748 1,
1858 5747 1885 5748 η
1939 5746 1992 5748 η-
2036 5739 2133 5748 .,,,_
2199 5731 2232 5748 η
2299 5733 2312 5748 9
2397 5732 2415 5748 \
2470 5732 2520 5748 ρ.
2699 5733 2736 5748 1‘
2801 5737 2834 5748 Λ

363 5734 495 5775 casu
530 5726 863 5794 accusativo,
900 5736 1063 5800 atque
1095 5728 1239 5784 haud
1268 5726 1393 5786 raro
1417 5726 1648 5786 sumi’in
1693 5726 1892 5787 malam
1936 5726 2161 5803 partem.
2199 5731 2256 5788 S.
2289 5731 2654 5794 ἀπολαϐόντες
2697 5733 2758 5804 C,
2794 5737 2855 5789 0.
3079 5726 3098 5737 ⁷
3149 5744 3154 5750 ·
