3894 6208
209 326 353 397 '289

1313 327 1878 386 CLEMENTINA.‘—
1916 325 2199 384 IIOMILIA
2237 329 2330 385 XI.

3392 329 3499 384 290

315 458 480 530 242
521 455 685 510 XVII.
740 454 926 525 Ὑμεῖς
973 453 1029 505 δὲ
1065 447 1237 502 ταῦτα
1284 449 1454 500 εἰπεῖν
1487 447 1546 500 οὐ
1576 445 1799 500 δύνασθε

1998 444 2160 500 XVII.
2203 444 2313 501 Vos
2347 459 2476 500 Vero
2529 446 2642 500 haec
2686 445 2866 502 dicere
2913 462 3020 500 non
3069 448 3322 516 potestis,
3369 447 3500 518 quia

241 553 303 606 οὐ
347 551 460 622 γὰρ
509 545 790 602 πιστεύετε
817 545 886 598 τὰ
915 545 1032 597 ἐκεῖ
1060 538 1196 595 εἴναι
1243 540 1318 604 ὡς
1349 541 1507 610 ἡμεῖς
1550 538 1778 607 λέγομεν
1801 577 1816 601 ,

240 644 385 712 λέγω
415 621 502 712 δὴ,
537 643 669 693 ὅπου
698 639 862 691 πᾶσιν
887 639 920 707 ἡ
950 632 1305 694 ἀνταπόδοσις
1332 630 1560 698 γίνεται.
1597 621 1670 682 0⁵5
1701 627 1817 699 ἓνε-

238 755 331 790 κεν
370 733 697 803 ἀγνοοῦντες
741 731 801 784 τὸ
851 729 1125 799 συμφέρον
1170 725 1274 777 ὑπὸ
1318 722 1426 775 τῶν
1465 721 1815 794 προσκαίρων

233 828 444 899 ἡδονῶν
479 826 554 896 μὴ
585 824 770 876 λαϐεῖν
800 822 867 875 τὰ
898 819 1089 874 αἰώνια
1119 815 1482 887 ἐνεδρεύεσθε.
1530 814 1624 896 Διὸ
1651 816 1814 884 ἡμεῖς

230 919 326 972 τοῦ
370 918 744 989 συμφέροντος
784 916 909 985 ὑμῖν
935 911 1033 975 τὰς
1077 909 1380 976 ἀποδείξεις
1408 909 1579 960 ποιεῖν
1610 905 1812 976 πειρώ-

234 1012 399 1083 μεθα,
432 1011 522 1063 ἵνα
551 1005 1056 1080 πληροφορηθέντες
1085 1001 1213 1073 περὶ
1245 1000 1352 1052 τῶν
1380 1000 1480 1069 τῆς
1507 997 1814 1059 θεοσεϐείας

229 1103 669 1174 ὲπαγγελμάτων
717 1101 803 1153 διὰ
838 1098 945 1151 τῶν
993 1095 1209 1165 ἀγαθῶν
1253 1091 1504 1163 πράξεων
1552 1089 1813 1160 δυνηθῆτε

230 1198 328 1250 σὺν
349 1199 486 1267 ἡμῖν
510 1195 602 1247 τὸν
629 1193 833 1248 ἄλυπον
863 1190 1032 1244 αἰῶνα
1057 1185 1480 1258 κληρονομῆσαι.
1512 1183 1689 1252 Μέχρι
1714 1181 1813 1252 μὲν

225 1287 318 1344 οὖν
365 1286 725 1359 γνωρίσετεί1⁵
753 1285 936 1354 ἡμᾶς,
979 1282 1051 1352 μὴ
1095 1277 1447 1349 χαλεπαίνετε
1488 1277 1620 1346 ἡμῖν
1639 1273 1683 1303 ¹⁶
1737 1275 1813 1336 ὡς

223 1382 581 1452 ψευδομένοις
615 1378 743 1450 περὶ
784 1370 857 1428 ὧν
896 1377 1025 1445 ὑμῖν
1063 1372 1289 1441 θέλομεν
1335 1367 1535 1422 καλῶν.
1577 1366 1657 1419 Τὰ
1699 1366 1808 1437 γὰρ

221 1477 357 1546 ἡμῖν
404 1471 728 1544 νομισθέντα
773 1468 946 1539 ἀληθῆ
993 1484 1057 1520 τε
1096 1467 1186 1519 καὶ
1223 1463 1428 1533 ἀγαθὰ,
1469 1461 1641 1516 ταῦτα
1679 1462 1808 1530 ὑμῖν

223 1569 416 1640 φέρειν
434 1567 535 1619 οὐκ
558 1565 952 1634 ἐφθονήσαμεν,
975 1558 1110 1613 ἀλλὰ
1128 1557 1435 1611 τούναντίον
1455 1554 1695 1608 ἐσπεύσα
1704 1568 1803 1623 μεν

223 1660 435 1731 συγκλη
447 1659 706 1731 ρονόμους
742 1657 771 1709 ὑ
781 1657 884 1726 μᾶς
913 1652 1136 1722 ποιῆσαι
1164 1648 1404 1718 ἀγαθῶν,
1428 1641 1502 1700 ὦν
1529 1650 1692 1718 ἡμεῖς
1723 1663 1808 1699 νε-

219 1754 534 1824 νομίκαμεν
550 1752 615 1803 ’⁷.
640 1749 795 1802 Οὕτω
830 1746 939 1817 γὰρ
968 1744 1073 1815 χρὴ
1112 1742 1249 1813 πρὸς
1279 1741 1405 1802 τοὺς
1433 1739 1693 1801 ἀπίστους
1721 1738 1806 1790 λέ-

218 1861 359 1914 γειν.
379 1845 504 1897 ’Ότι
525 1842 581 1896 δὲ
606 1838 940 1911 ἀληθεύομεν
961 1837 1130 1898 ὅντως
1158 1835 1285 1905 περὶ
1315 1825 1389 1885 ὧν
1421 1831 1670 1902 λέγομεν,
1700 1831 1799 1885 οὐκ

217 1937 401 1999 ἄλλως
429 1932 720 2006 δυνήσεσθε
753 1931 969 1989 εἰδέναι,
988 1927 1080 1980 ἐὰν
1101 1927 1174 1998 μὴ
1198 1925 1462 1996 πρότερον
1493 1922 1804 1993 φιλαληθῶς

219 2028 599 2097 ὑπακούσητε.

289 2119 488 2175 XVIII.
529 2118 618 2195 Δάὸ
644 2117 736 2170 ἐπὶ
773 2114 867 2170 τοῦ
895 2115 1179 2186 παρόντος,
1213 2110 1314 2164 κᾶν
1355 2109 1423 2163 τὰ
1459 2110 1628 2182 μυρία
1657 2111 1802 2180 ὑμᾶς

213 2215 247 2266 ὁ
275 2217 334 2268 ἐν
363 2216 498 2284 ὑμῖν
527 2209 832 2281 ἐνδομυχῶν
854 2207 898 2239 ’⁸
928 2207 1070 2276 ὄφις,
1106 2206 1309 2265 κακοὺς
1337 2202 1624 2257 ὑποϐαλὼν
1666 2203 1802 2270 λογι-

216 2307 399 2377 σμοὺς
438 2306 534 2358 καὶ
579 2303 857 2373 ἀσχολίας,
887 2297 1187 2370 ἐνεδρεύειν
1219 2295 1346 2366 θέλῃ
1367 2296 1441 2359 ’³,
1467 2294 1579 2347 ἀλλ’
1624 2289 1714 2346 οὖν
1740 2311 1802 2362 γε

215 2399 385 2470 ὑμεῖς
428 2397 672 2467 ὀφείλετε
742 2393 914 2463 ταύτῃ
985 2390 1182 2461 μᾶλλον
1234 2383 1803 2458 προσφιλονεικοῦντες

214 2491 374 2561 αὐτῷ
396 2488 633 2559 συνεχῶς
657 2486 814 2557 ἡμῶν
827 2485 871 2516 ³ο
894 2481 1204 2536 ἐπακούειν.
1228 2482 1319 2532 Δεῖ
1339 2479 1448 2549 γὰρ
1470 2476 1804 2548 συνεδρεύον-

214 2602 320 2648 τας
344 2583 492 2653 ὑμᾶς
515 2581 641 2644 τοὺς
671 2579 877 2650 σφόδρα
905 2573 1283 2646 ἠπατημένους
1312 2573 1526 2636 εἰδέναι,
1551 2572 1669 2635 πῶς
1694 2571 1800 2642 χρὴ

215 2677 444 2748 ἐπᾴδειν
465 2671 850 2742 αὒτῷ.Ἀλλως
868 2669 924 2722 δὲ
941 2667 1221 2720 ἀδύνατον.
1241 2665 1486 2734 Ἐπᾲδειν
1507 2665 1563 2717 δὲ
1581 2665 1621 2694 ³¹
1636 2663 1798 2733 λέγω,

213 2769 304 2839 τῷ
347 2766 591 2837 λογισμῷ
623 2762 1036 2819 ἀντιτάσσεσθαι
1065 2763 1184 2824 ταῖς
1231 2762 1427 2821 κακαῖς
1456 2757 1635 2812 αὐτῶν
1665 2776 1800 2828 συμ-

215 2861 468 2923 ϐουλίαις
493 2858 651 2930 243
684 2854 1058 2928 μεμνημένους
1079 2893 1093 2917 ,
1137 2853 1216 2905 ὅτι
1240 2851 1522 2921 ὑποσχέσει
1551 2848 1802 2919 γνώσεως

216 2953 319 3007 ἀπ’
363 2952 536 3022 ἀρχῆς
561 2949 638 3019 τῷ
663 2950 850 3019 κόσμῳ
881 2946 1108 3000 θάνατον
1135 2942 1564 3014 ἐξειργάσατο³¹.

295 3044 439 3098 XIX.
478 3042 634 3119 Ὅθεν
665 3044 694 3095 ὁ
723 3041 824 3110 τῆς
871 3038 1126 3110 ἀληθείας
1172 3037 1454 3107 προφήτης
1509 3034 1644 3088 πολὺ
1706 3033 1798 3086 τὸν

1923 552 2032 589 ιιοη
2077 538 2329 603 creditis,
2359 553 2480 607 quae
2513 538 2624 592 illic
2673 547 2801 593 sunt
2859 553 2980 592 esse
3037 541 3497 606 quemadmodum

1923 624 2188 683 dicimus.
2239 629 2362 682 dico
2388 637 2603 691 autem,
2649 627 2740 681 ubi
2787 627 3001 682 cunctis
3044 628 3136 683 ﬁat
3184 631 3495 684 retributio.

1913 718 2197 782 Quocirca
2228 720 2374 789 quod
2406 730 2486 774 est
2525 719 2655 773 utile
2703 720 3040 789 ignorantes,
3091 736 3122 775 a
3153 723 3497 790 temporariis

1921 810 2327 878 voluptatibus,
2386 825 2455 864 ne
2519 820 2719 863 teterna
2774 810 3095 878 accipiatis,
3152 811 3490 880 decipimini.

1919 901 2100 967 Quare
2133 917 2233 956 nos
2260 917 2560 965 conamur,
2612 901 2888 954 commodi
2935 901 3095 955 vobis
3141 902 3494 970 probationes

1920 994 2132 1056 afferre,
2182 1002 2242 1046 ut
2289 994 2444 1063 plene
2490 993 2625 1046 certi
2670 992 2736 1046 de
2785 992 3003 1061 pietatis
3040 993 3495 1060 promissionibus

1916 1102 2014 1156 per
2045 1087 2182 1139 bona
2216 1099 2378 1152 opera
2413 1082 2635 1152 possitis
2673 1083 2965 1136 nobiscum
2999 1084 3182 1137 szrculi
3216 1087 3361 1153 quod
3396 1087 3493 1140 tri-

1917 1175 2064 1231 stitia
2093 1182 2249 1228 vacat
2285 1172 2526 1225 baeredes
2553 1169 2836 1223 exsistere.
2873 1169 3051 1224 Donec
3094 1171 3257 1238 igitur
3288 1186 3492 1241 cogno-

1915 1267 2083 1320 scatis
2129 1280 2228 1318 nos
2251 1304 2264 1328 ,
2296 1278 2361 1316 ne
2394 1261 2551 1315 nobis
2603 1262 3004 1325 succcnscatis,
3041 1268 3300 1329 tanquam
3339 1276 3492 1314 men-

1914 1358 2118 1411 tiamur
2163 1356 2308 1410 circa
2340 1355 2483 1409 bona
2512 1370 2634 1422 quae
2663 1352 2820 1406 vobis
2872 1353 3143 1421 cupimus.
3177 1351 3307 1418 Quae
3341 1354 3487 1407 enim

1913 1449 2227 1519 putavimus
2262 1463 2386 1500 vera
2417 1453 2470 1499 et
2519 1445 2682 1510 bona,
2718 1460 2778 1497 ea
2815 1444 2880 1497 ad
2915 1459 3011 1497 vos
3043 1443 3237 1497 aﬂ'erre
3264 1461 3372 1499 non
3406 1447 3489 1498 in-

1913 1542 2186 1605 vidimus;
2218 1539 2312 1594 sed
2344 1546 2534 1592 contra
2563 1536 2968 1600 festinavimus,
2998 1536 3225 1590 reddere
3249 1552 3346 1590 vos
3390 1537 3488 1589 bo-

1911 1646 2138 1694 norum,
2185 1645 2307 1697 qua:
2353 1629 2645 1691 novimus,
2681 1627 3009 1680 cobaeredes.
3061 1625 3135 1680 Ita
3188 1628 3388 1696 quippe
3416 1626 3486 1680 ad

1912 1721 2154 1775 inﬁdeles
2200 1719 2532 1789 loquendum
2565 1726 2666 1772 est.
2702 1718 2857 1784 Quod
2889 1727 3072 1771 autem
3127 1719 3283 1787 plene
3324 1735 3484 1774 veros

1837 1798 1876 1854 Β
1907 1812 2248 1882 proferamus
2293 1826 2607 1875 sermones,
2657 1825 2764 1862 non
2815 1810 2973 1863 aliter
3022 1809 3273 1878 poteritis
3321 1810 3482 1876 scire,

1906 1907 2008 1962 nisi
2034 1907 2186 1976 prius
2217 1920 2342 1960 cum
2374 1904 2622 1957 veritatis
2653 1902 2838 1957 studio
2864 1902 3122 1958 audiatis.

1971 2104 2156 2160 XVIII.
2201 2103 2543 2172 Quapropter
2573 2115 2738 2165 nunc,
2765 2100 2890 2155 licet
2915 2115 3162 2170 serpens,
3195 2117 3356 2170 quem
3389 2102 3475 2156 in-

1904 2208 1993 2253 tus
2034 2197 2246 2251 habetis
2285 2196 2541 2248 latentem
2566 2235 2580 2259 ,
2615 2193 2760 2246 mille
2797 2192 2954 2247 vobis
2986 2195 3173 2247 tendat
3225 2194 3476 2261 insidias,

1903 2302 2102 2358 pravas
2153 2284 2494 2354 subiiciendo
2548 2283 2904 2353 cogitationes
2948 2292 3001 2336 et
3055 2283 3474 2352 impedimenta,

1904 2389 2141 2434 attamen
2179 2393 2245 2433 eo
2277 2377 2451 2447 magis
2495 2375 2763 2430 obsistere
2799 2375 2848 2428 ei
2898 2374 3138 2437 debetis,
3171 2387 3224 2429 ct
3253 2375 3478 2430 assiduo

1903 2487 2004 2526 nos
2034 2471 2244 2525 audire.
2277 2468 2507 2538 Oportet
2531 2467 2698 2532 enim,
2733 2475 2792 2520 ut
2821 2481 2954 2533 vos,
2988 2466 3080 2536 qui
3111 2465 3295 2520 fuistis
3321 2467 3477 2522 valde

1901 2563 2111 2632 decepti
2141 2605 2156 2629 ,
2191 2560 2575 2616 convenientes
2607 2559 2986 2628 cognoscatis,
3031 2572 3142 2626 quo
3185 2559 3346 2612 modo
3385 2558 3476 2613 ille

1902 2654 2268 2711 incautandus
2299 2658 2390 2707 sit.
2418 2651 2590 2705 Aliter
2621 2666 2751 2704 vero
2783 2650 2897 2704 ﬁeri
2928 2651 3139 2718 nequit.
3190 2649 3476 2704 Incantare

1903 2758 2085 2804 autem
2149 2747 2306 2811 dico,
2360 2751 2542 2800 mente
2584 2757 2889 2814 repugnare
2935 2742 3119 2812 pravis
3165 2743 3472 2796 daemonum

1901 2839 2145 2895 consiliis
2218 2853 2521 2901 memores,
2590 2851 2714 2889 cum
2796 2834 3164 2903 promiSsione
3233 2833 3476 2889 scientiae

1902 2934 2107 2988 mundo
2137 2933 2206 2986 ab
2239 2931 2393 2985 initio
2424 2939 2653 2984 mortem
2684 2942 3027 2997 procreasse.

1970 3019 2112 3074 XIX.
2155 3017 2312 3073 Unde
2354 3017 2603 3072 veritatis
2650 3016 2938 3085 propheta,
2983 3014 3164 3071 sciens
3199 3015 3468 3071 mundum

218 3137 431 3206 κόσμον
461 3107 871 3201 πεπλανημένον
905 3107 1064 3192 εἰδὼς
1096 3127 1190 3181 καὶ
1228 3129 1294 3196 τῇ
1348 3125 1516 3195 κακίᾳ
1551 3123 1799 3194 συνθέμε-

1908 3124 2114 3166 errasse
2139 3109 2456 3180 plurimum,
2497 3117 2552 3163 et
2581 3107 2801 3162 malitiae
2840 3108 3188 3162 consensisse
3221 3109 3470 3175 intuitus,

219 3246 314 3282 νον
348 3226 470 3280 ἰδὼν
501 3227 599 3278 οὑκ
631 3225 884 3294 ἠγάπησε
923 3221 1022 3291 τὴν
1071 3218 1208 3290 πρὸς
1241 3217 1401 3270 αὐτὸν
1435 3217 1679 3286 εἰρήνην,
1717 3214 1793 3278 ὡς

217 3321 288 3374 ὲκ
322 3318 529 3388 πλάνης
562 3316 819 3369 συνοῦσαν
844 3313 909 3348 ³³⁸
948 3313 1028 3365 ὅτι
1061 3313 1138 3374 εἰς
1179 3309 1331 3372 τέλος
1379 3308 1623 3378 ἐπιφέρει
1658 3308 1791 3359 πᾶσι

216 3413 335 3474 τοῖς
369 3409 505 3482 πρὸς
537 3407 734 3461 κακίαν
767 3403 1260 3475 ὁμογνωμονοῦσιν,
1309 3399 1572 3471 παραθεὶς
1598 3397 1642 3429 ³⁸
1673 3397 1791 3450 ἀντὶ

220 3502 450 3570 πλάνης,
488 3502 598 3562 τοῖς
629 3497 856 3569 νήψασιν
889 3494 1076 3563 ὥσπερ
1109 3492 1219 3564 πῦρ
1244 3489 1493 3563 ἐμϐαλὼν
1518 3488 1616 3560 τὴν
1650 3486 1791 3541 κατὰ

217 3593 313 3647 τοῦ
351 3591 757 3663 ἐνεδρεύσαντος
793 3587 959 3659 ὀργὴν
1015 3585 1257 3658 μαχαίρᾳ.
1360 3583 1615 3644 ἐοικυῖαν,
1667 3596 1790 3651 προ-

214 3686 401 3746 τείνας
434 3683 489 3735 δέ
514 3682 557 3713 ³⁵
589 3679 744 3748 λόγον
799 3679 1008 3750 ἀναιρεῖ
1047 3676 1145 3747 τὴν
1195 3675 1417 3743 ἄγνοιαν
1453 3675 1521 3744 τῇ
1570 3669 1786 3740 γνώσει,

215 3777 410 3845 ὥσπερ
429 3773 638 3842 τέμνων
671 3772 765 3823 καὶ
785 3768 1034 3841 χωρίζων
1055 3766 1259 3832 ζῶντας
1288 3763 1396 3818 ἀπὸ
1418 3763 1526 3817 τῶν
1558 3761 1786 3831 νεκρῶν.

215 3868 335 3938 Τῆς
363 3866 460 3934 μὲν
489 3858 581 3916 οὖν
623 3861 818 3923 κακίας
859 3859 962 3913 ὑπὸ
1010 3860 1109 3930 τῆς
1158 3857 1389 3928 νομίμου
1439 3852 1690 3924 γνώσεως
1720 3870 1790 3907 νι-

215 3956 474 4027 κωμένης
502 3954 736 4024 πόλεμος
767 3954 974 4021 συνεῖχε
995 3951 1056 4002 τὸ
1087 3951 1215 4002 πᾶν.
1251 3947 1531 4020 Σωτηρίας
1562 3945 1670 4016 γὰρ
1700 3945 1789 4015 χά-

220 4067 308 4120 ριν
346 4049 461 4111 υἱὸς
492 4045 715 4109 ὑπείξας
746 4043 998 4106 ἀπειθοῦς
1045 4040 1334 4112 ἐχωρίζετο
1372 4038 1595 4109 πατρὸς,
1629 4037 1662 4108 ἢ
1696 4037 1788 4089 καὶ

215 4140 406 4211 πατὴρ
457 4137 670 4198 τέκνου,
705 4137 738 4206 ἡ
768 4133 1000 4187 τεκοῦσα
1033 4131 1318 4202 θυγατρὸς,
1353 4130 1386 4199 ἡ
1419 4127 1663 4197 θυγάτηρ
1695 4144 1789 4198 μη-

212 4232 366 4302 τρὸς,
412 4230 506 4283 καὶ
547 4227 694 4296 ἅπαξ
719 4228 838 4280 oi“
871 4226 1148 4295 συγγενεῖς
1193 4220 1467 4292 συγγενῶν
1513 4221 1606 4273 καὶ
1647 4219 1785 4288 φίλοι

217 4325 486 4395 συνήθων.

287 4414 412 4470 XX.
452 4414 562 4468 Καὶ
595 4413 668 4485 μή
699 4430 784 4475 τις
813 4411 1044 4480 λεγέτω·
1080 4407 1206 4471 Πῶς
1234 4404 1392 4459 τοῦτο
1422 4404 1651 4467 δίκαιον,
1689 4421 1788 4474 χω-

1901 3218 2009 3257 non
2037 3200 2298 3271 expetivit
2342 3214 2531 3268 pacem
2578 3213 2700 3252 eum
2735 3198 2849 3260 illo,
2884 3206 2944 3250 ut
2973 3213 3036 3252 ex
3070 3213 3258 3253 errore
3291 3200 3472 3253 consi-

1901 3304 2132 3350 stentem
2169 3311 2185 3360 ;
2231 3291 2328 3347 sed
2355 3305 2529 3360 usque
2572 3291 2641 3345 ad
2682 3292 2845 3344 linem
2898 3296 3130 3344 cunctos
3169 3289 3222 3343 in
3265 3291 3471 3344 malitia

1900 3386 2303 3443 consentientes
2355 3391 2654 3453 oppugnat,
2677 3391 2728 3436 et
2757 3383 3042 3437 veritatem
3076 3383 3129 3436 in
3165 3384 3345 3436 locum
3379 3398 3470 3436 er-

1897 3477 2040 3531 roris
2065 3474 2343 3545 proponit,
2382 3487 2447 3526 ac
2486 3472 2934 3542 resipiscentibus
2975 3472 3121 3526 velut
3153 3473 3332 3544 ignem
3367 3473 3471 3526 im-

1896 3568 2064 3621 mittit
2113 3567 2250 3619 iram
2311 3564 2574 3619 adversus
2637 3563 3038 3628 insidiatorem,
3106 3579 3229 3632 quae
3287 3563 3470 3634 gladio

1897 3660 2096 3714 similis
2173 3667 2258 3714 est
2314 3670 2339 3697 α
2369 3698 2384 3724 ,
2429 3657 2749 3726 objectoque
2799 3671 3054 3712 sermone
3103 3657 3467 3727 ignorantiam

1894 3753 2203 3824 cognitione
2258 3751 2541 3818 interimit,
2598 3752 2756 3820 quasi
2806 3751 3060 3807 scindens
3094 3765 3157 3804 ac
3202 3765 3466 3818 separans

1894 3847 2048 3902 vivos
2079 3861 2108 3899 a
2151 3843 2400 3898 mortuis.
2434 3843 2619 3912 Itaque
2639 3842 2769 3896 dum
2801 3841 3008 3895 malitia
3035 3855 3131 3908 per
3167 3840 3467 3911 legitimam

1894 3935 2256 4005 cognitionem
2286 3933 2624 3999 vincebatur,
2657 3931 2854 3986 bellum
2880 3941 3075 3986 cuncta
3105 3931 3297 3985 tenuit.
3330 3930 3466 3985 Nam

1893 4036 2111 4097 propter
2170 4027 2402 4080 salutem
2457 4025 2602 4079 [ilius
2661 4024 2888 4078 credens
2923 4039 2953 4076 a
2985 4033 3136 4092 patre
3187 4023 3467 4078 iucredulo

1894 4118 2258 4189 separavitse,
2287 4119 2369 4171 vel
2398 4126 2550 4186 pater
2581 4130 2610 4169 a
2633 4115 2763 4181 lilio,
2793 4115 3026 4186 genitrix
3062 4130 3092 4168 a
3126 4115 3260 4179 ﬁlia,
3292 4115 3401 4168 ﬁlia
3433 4130 3464 4168 a

1893 4223 2085 4277 matre,
2138 4221 2300 4280 atque
2346 4208 2572 4264 omnino
2629 4207 2924 4276 propinqui
2955 4221 2985 4260 a
3036 4205 3360 4276 propinquis
3411 4214 3465 4260 et

1893 4302 2054 4357 amici
2087 4317 2116 4356 a
2145 4300 2526 4355 familiaribus.

1962 4393 2082 4449 XX.
2121 4393 2307 4464 Neque
2364 4391 2511 4445 dicat
2562 4390 2762 4459 aliquis
2796 4409 2809 4443 :
2840 4387 3127 4454 Quomodo
3172 4387 3225 4441 id
3250 4388 3460 4457 justum

216 4505 463 4578 ρξζεσθαι
504 4506 678 4573 γονεῖς
717 4503 920 4555 τέκνων
967 4498 1062 4554 καὶ
1101 4499 1264 4551 τέκνα
1299 4495 1497 4565 γονέων
1525 4511 1538 4558 ;
1571 4493 1786 4546 Δίκαιον

1908 4485 2071 4550 'uerit,
2105 4482 2348 4554 separari
2392 4489 2643 4552 parentes
2670 4496 2700 4534 a
2725 4481 2934 4543 liberis,
2971 4479 3170 4534 liberos
3200 4495 3230 4532 a
3265 4494 3462 4549 parcn-

215 4597 312 4650 καὶ
343 4596 505 4649 πάνυ.
539 4595 604 4646 EI
638 4592 746 4664 γὰρ
793 4590 1057 4652 συνόντες,
1096 4586 1233 4658 μετὰ
1273 4585 1367 4639 τοῦ
1399 4585 1561 4656 μηδὲν
1591 4584 1785 4646 αὐτοὺς

215 4687 464 4758 ὠφελεῖν,
499 4685 594 4738 καὶ
643 4680 1047 4736 συναπώλλυντο
1098 4680 1298 4740 αὐτοῖς,
1324 4676 1441 4739 πῶς
1466 4675 1527 4727 οὐ
1560 4674 1784 4738 δίκαιον,

216 4778 314 4831 καὶ
337 4774 380 4809 ³τ
410 4775 738 4846 χωρισθῆναι
767 4773 858 4826 τὸν
892 4770 1155 4836 σώζεσθαι
1187 4769 1408 4822 θέλοντα
1436 4767 1543 4820 ἀπὸ
1585 4765 1679 4818 τοῦ
1713 4765 1786 4835 μὴ

216 4868 490 4929 θέλοντος,
526 4864 909 4919 συναπολέσθαι
950 4864 1006 4916 δὲ
1025 4862 1068 4894 ³⁸
1102 4860 1418 4930 βουλομένου
1447 4875 1461 4924 ;
1501 4857 1637 4928 πρὸς
1668 4855 1790 4908 τού-

214 4975 330 5021 τοις
360 4957 483 5010 οὺδέ
524 4956 673 5010 αὐτοὶ
704 4957 753 5008 οἱ
799 4955 859 5008 τὸ
900 4956 1141 5026 κρεῖττον
1175 4949 1488 5021 νενοηκότες
1519 4945 1787 5019 χωρισθῆ-

301 5087 330 5116 ιι
355 5072 548 5128 Matth.
585 5088 643 5139 ι,
674 5071 768 5127 54.

1891 4578 2059 4633 tibus.
2109 4575 2328 4630 Justum
2363 4583 2466 4640 est,
2499 4582 2552 4628 et
2587 4573 2762 4627 valde.
2811 4571 2947 4625 Nam
2994 4574 3040 4626 si
3085 4587 3193 4625 una
3239 4571 3458 4639 morati,

1891 4680 2248 4740 prmterquam
2297 4667 2442 4736 quod
2476 4665 2612 4719 nihil
2637 4665 2717 4719 eis
2752 4664 3063 4733 proderant,
3116 4663 3279 4718 etiam
3333 4677 3459 4717 cum

1893 4766 2001 4820 illis
2027 4765 2300 4833 peribant,
2331 4778 2442 4832 quo
2486 4769 2646 4831 pacto
2687 4777 2902 4830 aequum
2937 4776 3049 4814 non
3089 4768 3175 4816 est
3214 4760 3457 4830 separari

1891 4871 2041 4919 eum,
2075 4855 2168 4924 qui
2195 4854 2395 4908 salvari
2425 4856 2565 4918 vult,
2601 4853 2670 4908 ab
2695 4868 2760 4907 eo
2789 4852 2881 4922 qui
2904 4867 3012 4906 non
3049 4853 3182 4917 vult,
3211 4853 3304 4908 sed
3347 4869 3456 4908 una

1892 4949 2072 5020 perire
2101 4947 2268 5016 cupit.
2311 4945 2393 5000 Ad
2426 4945 2563 5014 haec,
2597 4960 2707 5000 non
2741 4944 2841 5011 illi,
2886 4944 2982 5014 qui
3036 4945 3180 5014 quod
3235 4952 3457 5015 prazstat

1487 5197 1722 5256 VARIIE
1760 5189 2160 5250 LECTIONES.

291 5344 638 5417 νγνωρίζετε
667 5342 728 5400 C.
752 5343 798 5374 “
819 5343 950 5417 ύμῖν
978 5340 1058 5417 (ξι,
1086 5337 1399 5417 FallitunS.
1425 5338 1490 5417 de
1516 5336 1752 5417 lectione
1951 5335 2315 5417 ’ἶνενοῄδεεξξξξ

218 5416 327 5487 cuj.
356 5395 902 5487 'te'i‘ig’t'thmXﬁ.
934 5395 954 5487 I_
973 5395 1108 5466 “Ita
1131 5395 1184 5487 _’s
1212 5410 1395 5487 ,θέλει
1517 5407 1750 5487 Ambigo
1802 5405 1870 5487 d_e
1899 5395 2664 5487 scriptura0ttolb1non
2692 5395 2876 5487 plena.

1951 5335 1997 5367 ’⁷
2021 5329 2352 5400 νενοὴκαμεν
2385 5327 2445 5382 C.
2524 5326 2570 5358 ’⁸
2597 5324 2672 5378 Ita
2717 5326 2757 5376 0
2811 5333 2865 5379 et
2891 5339 2954 5379 ex
2999 5325 3228 5392 conject.
3257 5320 3298 5381 C
3327 5361 3343 5380 .
3389 5321 3445 5376 in

1951 5403 2170 5446 arinmra
2201 5400 2317 5446 libri
2345 5396 2527 5446 Ottob.
2554 5411 2663 5446 non
2699 5395 2876 5446 plena.
2953 5394 2998 5425 ⁸⁰
3018 5393 3170 5446 ὑμῶν
3196 5395 3256 5446 0.
3325 5391 3367 5422 ³¹
3387 5391 3445 5444 δέ

3018 5412 3170 5464 υμων
3196 5412 3256 5446 υ.

217 5464 328 5540 6&1:
1128 5464 1803 5554 aet'batoaxéaet_va;etbg
1820 5464 2120 5554 aridam;
2148 5469 2225 5538 τῷ
2259 5469 2447 5554 κόσμει)
2474 5467 2704 5554 (leva.va
2718 5464 3449 5554 Fégtpydoaronlargitusnﬁst

216 5531 328 5610 Οἱ...
348 5556 392 5587 ³³
413 5553 534 5608 Νοη
561 5531 807 5609 continu;
826 5531 1012 5620 pa‘é'éb'
1029 5531 1256 5605 mundo
1277 5531 1330 5602 in
1356 5531 1622 5620 erroribus
1647 5531 1815 5620 posito
1838 5531 2444 5620 deditZ'Rt’.—coq'tt.hv1,'£.
2486 5534 2641 5620 Ιξηςὶο
2658 5531 3103 5620 "conje‘ctaverim
3135 5531 3259 5586 esse
3305 5531 3444 5620 steri-

216 5599 801 5680 ὖὲηάυπῖἑτύὖέἇὲὲὲἔοὶ
826 5599 1613 5690 εἷ”ῖίιέᾷέῐῖτὲιρᾇθὲις’δέξει
1647 5599 1855 5690 aliquid
1885 5613 2119 5690 ,_supple
2149 5599 2521 5690 ikﬁestavnvel
2548 5599 2797 5690 simi'em'
2824 5605 3058 5690 aliquant
3088 5616 3296 5656 vocem.
3327 5599 3443 5690 gr:

212 5676 517 5766 $2031;va,
538 5676 579 5748 ῆι
600 5676 621 5749 ⁷ε
647 5693 748 5748 Sed
758 5693 1111 5766 jgnorantire
1137 5676 2050 5766 ejus'[uiliascientiantlieritgiits
2072 5676 2373 5766 I‘Opposuit.’
2400 5676 2608 5754 Deinde

159 5835 176 5854 κ
212 5746 621 5836 ἧίξιῖιῖέίξόοη,
647 5746 705 5821 ut
746 5746 832 5832 (ζ’,
868 5771 991 5834 post
1019 5746 1246 5832 νήψαέςιν
1280 5759 1336 5816 S.
1407 5759 1450 5792 ³⁵
1472 5758 1528 5814 δέ
1553 5758 1675 5814 add.
1705 5770 1751 5812 c.
1792 5754 1853 5809 Ο.
1926 5753 2036 5806 “at
2069 5746 2174 5806 0."
2212 5750 2254 5783 ³⁷
2284 5747 2373 5802 καί
2407 5746 2637 5804 accessit
2676 5757 2745 5800 ex
2776 5746 2838 5800 0.

2645 5689 2744 5742 ego
2769 5681 2893 5742 post
2930 5673 3136 5740 πλάνης
3173 5678 3444 5726 commate

2676 5757 2745 5798 ex
2776 5746 2838 5798 0.
2918 5741 3069 5796 ³⁸καί
3106 5740 3169 5798 Ο.
