3894 6208
426 314 525 369 τοι

1252 312 1309 366 S.
1349 311 1739 367 CLEMENTIS
1780 314 1797 367 Ι
1839 312 2004 367 ROM.
2046 312 2246 368 PONT.
2285 313 2515 369 OPERA
2552 311 2782 370 DUBIA.

3584 311 3715 367 292

428 428 758 499 intelligunt,
804 429 1005 485 vellent
1064 430 1328 499 separari,
1376 430 1487 484 imo
1545 430 1712 485 simul
1755 446 2000 497 manere,

2113 449 2193 485 ναι
2220 431 2383 503 244
2414 432 2621 503 ἤθελον,
2671 432 2807 487 ἀλλὰ
2841 431 3074 486 συνεῖναι
3112 428 3205 484 καὶ
3235 427 3461 499 ὠφελεῖν
3492 430 3717 489 αὐτοὺς

435 522 682 591 aliosque
710 523 995 577 meliorum
1025 524 1367 593 expositione
1398 523 1611 591 juvare.
1648 522 1803 577 Unde
1829 524 2004 579 incre-

428 615 565 679 duli,
618 616 746 670 dum
796 617 1050 670 nolebant
1099 616 1308 681 audire,
1357 615 1459 684 ipsi
1506 624 1696 669 contra
1727 631 1826 671 eos
1899 632 2002 686 pu-

432 711 673 773 gnabant
701 725 795 779 per
831 712 1254 778 separationem,
1304 709 1760 777 persecutionem,
1794 711 2001 765 odium.

431 802 535 867 Qui
568 818 695 855 vero
722 803 826 855 ista
852 802 1216 864 sustinebant,
1267 801 1512 853 miserati
1563 816 1678 865 eos,
1728 804 1821 872 qui
1872 805 2004 873 ipsis

431 909 527 963 per
550 894 917 963 ignorantiam
964 894 1386 955 insidiabantur,
1418 892 1671 947 doctrina
1702 895 2005 963 prudentia:

432 987 666 1039 orabant
694 1002 789 1055 pro
815 988 1166 1041 vexatoribus
1201 989 1339 1054 suis,
1386 988 1621 1043 scientes
1661 1002 1883 1042 causam
1910 986 2005 1041 de-

430 1078 545 1131 licti
598 1095 718 1133 esse
771 1079 1157 1150 ignorantiam.
1217 1080 1336 1150 Ipse
1382 1082 1527 1135 enim
1554 1081 1811 1151 Magister
1838 1080 2005 1134 clavis

430 1171 679 1225 conﬁxus
724 1172 915 1227 orabat
940 1172 1181 1237 Patrem,
1208 1183 1270 1227 ut
1300 1174 1419 1243 ejus
1448 1174 1895 1229 interfectoribus
1917 1174 2004 1228 di-

430 1264 666 1318 mitteret
694 1274 1000 1334 peccatum,
1026 1266 1213 1321 dicens
1250 1287 1261 1321 :
1300 1266 1482 1332 Pater,
1515 1268 1721 1320 dimitte
1751 1267 1860 1319 illis
1887 1282 2005 1335 pec-

427 1365 553 1410 cata
574 1374 692 1410 sua.
729 1356 849 1411 Non
885 1360 1023 1412 enim
1061 1361 1235 1412 sciunt
1270 1376 1388 1430 qua:
1413 1360 1615 1428 faciunt
1644 1372 1692 1413 ο.
1725 1358 2003 1412 lmitantes

427 1466 559 1520 ergo
589 1449 909 1520 Magistrum
939 1460 991 1505 et
1017 1451 1120 1520 ipsi
1150 1452 1205 1505 in
1237 1452 1305 1505 iis
1348 1468 1469 1521 qum
1500 1452 1844 1522 patiebantur
1880 1467 2005 1506 ora-

428 1543 561 1597 hant
586 1557 687 1610 pro
728 1542 1102 1609 alllictoribus,
1155 1545 1613 1614 quemadmodum
1668 1544 1842 1598 edocti
1882 1542 2003 1597 fue-

428 1640 575 1685 rant.
606 1629 695 1684 Sic
724 1647 831 1685 non
855 1632 982 1687 odio
1005 1644 1289 1702 parentum
1322 1636 1737 1703 separabantur,
1764 1635 2006 1705 quando-

427 1724 646 1794 quidem
676 1733 730 1779 et
750 1740 849 1794 pro
881 1725 968 1788 iis,
996 1726 1089 1795 qui
1114 1741 1213 1781 nec
1246 1739 1405 1781 erant
1434 1737 1706 1796 parentes,
1742 1742 1843 1779 nec
1875 1741 2004 1795 pro—

428 1816 640 1885 pinqui,
680 1816 773 1869 sed
806 1815 1034 1881 inimici,
1088 1832 1278 1885 preces
1334 1817 1622 1870 continuas
1682 1816 2001 1883 fundebant,
2036 1804 2077 1857 Β

428 1920 651 1975 eosque,
686 1913 849 1975 prout
878 1905 1021 1975 jussi
1051 1916 1229 1974 erant,
1259 1906 1571 1962 nitebantur
1600 1907 1845 1977 diligere.

502 2105 641 2160 XXI.
683 2105 814 2160 Mihi
843 2115 1022 2162 autem
1080 2106 1242 2162 dicite
1272 2122 1389 2171 vos,
1422 2123 1532 2177 quo
1557 2108 1718 2163 modo
1749 2120 2005 2179 parentes

428 2199 694 2268 diligatis?
725 2198 988 2268 Equidem
1012 2202 1055 2255 si
1089 2201 1236 2255 velut
1257 2200 1527 2269 justitiam
1551 2217 1766 2271 semper
1796 2202 2002 2269 intuiti,

429 2289 565 2344 bene
595 2297 680 2344 est
719 2308 731 2344 :
770 2290 854 2345 sin
890 2306 1020 2346 vero
1050 2300 1270 2355 temere,
1304 2308 1411 2345 non
1448 2292 1681 2362 amplius
1711 2294 1868 2349 bene.
1902 2293 2006 2349 Po-

427 2383 587 2437 testis
610 2383 755 2437 enim
805 2399 1027 2453 parvam
1076 2385 1146 2439 ob
1176 2401 1399 2439 causam
1429 2400 1618 2439 eorum
1648 2387 1831 2441 hostes
1864 2389 2000 2442 tieri.

428 2472 585 2539 Quod
611 2475 656 2528 si
697 2477 849 2544 gnari
876 2476 1123 2546 diligitis,
1162 2477 1348 2540 dicite,
1395 2478 1527 2547 quid
1574 2480 1683 2532 sint
1728 2488 2001 2548 parentes.

429 2562 850 2634 Respondebitis
878 2584 890 2620 :
919 2567 1148 2637 originis
1176 2574 1446 2621 auctores.
1487 2568 1601 2621 Cur
1631 2584 1761 2637 ergo
1784 2578 2007 2624 cuncta-

428 2671 550 2710 rum
584 2672 766 2710 rerum
818 2659 1082 2727 originem
1134 2658 1304 2713 Deum
1358 2675 1467 2713 non
1518 2664 1737 2725 amatis,
1774 2663 1819 2716 si
1848 2664 2001 2733 justo

426 2748 636 2817 judicio
665 2750 768 2802 hoc
800 2750 1120 2819 suscepistis
1161 2750 1339 2805 facere
1370 2751 1392 2801 ?
1421 2750 1525 2803 Sed
1558 2762 1612 2805 et
1638 2752 1749 2822 jam
1782 2754 1997 2819 dicetis,

431 2844 584 2897 illum
614 2859 724 2897 non
765 2844 1040 2898 novimus.
1095 2844 1277 2910 Quare
1333 2846 1499 2916 igitur
1547 2863 1655 2900 non
1703 2849 2005 2916 percontati

431 2936 613 2991 colitis
663 2952 827 2991 sensu
880 2936 1195 2992 destituta?
1237 2937 1377 3004 Quid
1429 2940 1607 2993 vero?
1641 2941 1743 2994 etsi
1793 2938 2008 2993 ditIicile

431 3038 549 3083 erat
586 3029 741 3083 vobis
794 3044 1126 3099 cognoscere
1167 3032 1296 3100 quid
1328 3031 1398 3085 sit
1435 3030 1611 3095 Deus,
1650 3040 1707 3085 at
1736 3032 1865 3101 quid
1898 3047 2007 3086 non

432 3123 505 3177 sit
534 3122 698 3187 Deus,
726 3138 831 3175 non
858 3124 1238 3191 potuistis‘nou
1266 3124 1426 3191 scire,
1454 3133 1511 3177 ut
1540 3126 1888 3194 reputaretis,
1919 3143 2005 3181 ne-

440 3232 548 3285 que
592 3216 818 3285 lignum,
845 3231 1021 3285 neque
1044 3217 1297 3285 lapidem,
1326 3234 1501 3287 neque
1521 3234 1616 3283 ars,
1658 3234 1833 3288 neque
1860 3220 2008 3275 aliud

433 3308 563 3378 quid
590 3323 653 3361 ex
673 3309 1012 3377 corruptibili
1031 3318 1289 3363 constans
1304 3312 1529 3364 materia
1555 3311 1720 3365 Deum
1740 3328 1878 3367 esse.

502 3421 670 3475 XXII.
716 3421 905 3476 Nonne
937 3424 1082 3477 enim
1116 3422 1263 3478 ferro
1292 3425 1478 3480 cmlata
1526 3435 1653 3481 sunt
1692 3427 2006 3493 simulacra,

432 3526 487 3571 et
520 3515 724 3571 ferrum
756 3516 902 3585 quod
930 3517 1159 3587 sculpsit
1186 3518 1309 3589 igne
1341 3519 1643 3573 emollitum
1671 3527 1844 3584 est,et
1864 3520 2005 3590 ignis

435 3624 575 3677 aqua
607 3608 1013 3678 exstinguitur?
1043 3610 1123 3662 An
1152 3624 1260 3662 non
1296 3624 1424 3663 vero
1451 3626 1590 3679 aqua
1625 3624 1719 3680 per
1751 3612 2005 3681 spiritum

436 3705 708 3761 movetur,
745 3706 907 3766 atque
958 3698 1183 3766 spiritus
1231 3714 1259 3751 a
1298 3698 1407 3753 Deo
1457 3710 1779 3755 cunt-torum
1816 3704 2009 3773 opilice

437 3788 650 3840 initium
677 3789 961 3843 exsmntize
985 3789 1189 3844 habet?
1214 3789 1301 3845 Sic
1327 3792 1471 3845 enim
1500 3793 1856 3864 dixitMoyses
1886 3810 2010 3864 pro-

436 3878 597 3948 pheta
632 3896 645 3932 :
684 3879 749 3932 In
774 3882 1036 3949 principio
1069 3884 1261 3935 creavit
1300 3882 1439 3937 Deus
1475 3884 1659 3938 cwlum
1686 3898 1733 3940 et
1765 3898 1960 3941 terram
1988 3904 2007 3941 :

439 3982 582 4025 terra
612 3982 786 4025 autent
825 3983 937 4026 erat
982 3974 1262 4027 invisibilis
1294 3984 1343 4027 et
1391 3976 1740 4047 incomposita
1780 3990 1827 4032 et
1866 3990 2009 4033 tene—

437 4063 545 4118 brw
577 4074 726 4118 erant
769 4082 924 4134 super
954 4066 1219 4135 abyssum,
1264 4078 1313 4121 et
1343 4070 1559 4137 spiritus
1609 4069 1705 4123 Dei
1745 4071 2011 4140 ferebatur

437 4174 593 4226 super
654 4174 839 4226 aquas.
904 4157 1006 4224 Qui
1069 4160 1331 4228 spiritus,
1402 4160 1614 4215 dicente
1664 4162 1807 4227 Deo,
1864 4165 2014 4219 velut

438 4264 637 4303 manus
667 4249 838 4318 ipsius
867 4258 1063 4303 cuncta
1111 4248 1260 4309 fecit,
1292 4250 1468 4304 lucent
1499 4253 1771 4320 separavit
1802 4268 1830 4306 a
1856 4262 2012 4308 tene-

439 4340 570 4402 bris,
601 4347 654 4393 et
698 4346 820 4406 post
866 4340 1062 4393 etelum
1117 4338 1385 4393 invisibile
1414 4340 1604 4394 visible
1639 4342 1916 4411 expandit,
1955 4350 2015 4396 ut

439 4432 717 4500 superiora
748 4432 817 4485 ab
865 4432 1070 4501 angelis
1127 4431 1266 4485 lucis
1312 4432 1707 4500 habitarentur,
1754 4434 2013 4491 inferiora

438 4540 566 4578 vero
622 4525 689 4577 ab
732 4524 950 4577 homine
986 4540 1092 4577 una
1123 4538 1248 4579 cum
1277 4525 1533 4579 omnibus
1573 4536 1795 4596 propter
1832 4529 2013 4598 ipsum

440 4615 594 4670 faelis
624 4616 1156 4670 administrarentur.

512 4861 695 4916 XXIII.
738 4860 870 4915 Nam
922 4871 1140 4931 propter
1189 4870 1241 4916 te
1287 4862 1566 4917 hominem
1616 4863 1759 4923 Deus
1810 4881 2006 4937 aquam

438 4973 563 5028 quae
594 4973 756 5027 supra
788 4958 979 5012 faciem
1006 4968 1165 5013 terrae
1194 4968 1313 5013 erat
1333 4958 1496 5027 jussit
1521 4961 1791 5027 secedere,
1825 4971 1884 5015 ut
1913 4963 2009 5016 tibi

441 5062 585 5106 terra
636 5051 845 5104 fruetus
892 5062 1074 5121 posset
1123 5052 1427 5122 producere
1458 5071 1470 5105 :
1502 5061 1554 5106 et
1600 5053 1724 5107 fecit
1772 5066 2007 5121 meatus,

440 5160 549 5215 quo
589 5143 766 5199 fontes
797 5143 894 5197 tibi
942 5145 1227 5213 przeberet,
1259 5158 1323 5198 ac
1364 5155 1689 5213 apparerent
1720 5146 2008 5204 ﬂuminum

511 5292 541 5324 ι
574 5277 709 5334 Luc.
741 5293 902 5345 mn,
940 5279 1028 5333 54.

2104 532 2170 599 τῇ
2201 529 2308 582 τῶν
2337 531 2657 599 κρειττόνων
2696 532 2989 603 ύφηγήσει,
3037 531 3158 609 ὅθεν
3193 531 3242 583 οἱ
3276 526 3519 589 ἀπειθεῖς
3554 527 3715 577 ἐπα.-

2106 620 2284 673 κούειν
2318 621 2495 674 αὐτῶν
2529 622 2603 692 μὴ
2637 621 2885 686 θέλοντες
2926 622 3078 675 αὐτοὶ
3130 622 3326 684 αὐτοὺς
3367 618 3711 688 ἐπολέμουν,

2106 713 2447 783 χωρίζοντες,
2483 712 2788 777 διώκοντες,
2851 713 3153 784 μισοῦντες.
3191 714 3254 765 υἱ
3298 712 3354 764 δὲ
3385 710 3562 763 ταῦτα
3598 708 3717 761 πά-

2109 820 2343 873 σχοντες,
2403 804 2678 870 ἐλεοῦντες
2721 807 2917 869 αὐτοὺς
2950 805 2993 835 ³⁹
3027 805 3131 857 ὑπὸ
3164 804 3384 872 ἀγνοίας
3416 802 3715 872 ἐνεδρευο-

2110 896 2321 965 μένους,
2376 896 2695 969 διδασκαλίᾳ
2757 899 3071 969 φρονήσεως
3122 895 3350 967 ηῦχοντο
3399 894 3540 964 ὑπὲρ
3584 891 3712 944 τῶν

2105 986 2175 1040 τὰ
2194 988 2237 1019 ⁸ο
2268 989 2413 1041 κακά
2468 991 2667 1053 αὐτοὺς
2717 989 3128 1060 διατιθεμένων,
3178 988 3277 1059 τὴν
3328 987 3554 1055 ἄγνοιαν
3596 982 3712 1037 τοῦ

2108 1080 2502 1151 ἁμαρτήματος
2534 1082 2713 1134 αἰτίαν
2761 1080 2899 1133 εἶναι
2936 1079 3335 1151 μεμαθηκότες.
3375 1077 3549 1140 Αὐτὸς
3584 1076 3711 1148 γὰρ

2104 1174 2133 1225 6
2170 1171 2498 1235 Διδάσκαλος
2550 1172 2923 1243 προσηλωθεὶς
2969 1170 3166 1242 ηὔχετο
3211 1169 3289 1240 τῷ
3322 1170 3526 1240 Πατρὶ,
3581 1170 3715 1229 τοῖς

2106 1263 2266 1317 αὑτὸν
2312 1264 2621 1335 ἀναιροῦσιν
2670 1264 2935 1335 ἀφεθῆναι
2986 1263 3047 1315 τὸ
3106 1261 3429 1334 ἁμάρτημα,
3493 1258 3706 1313 εἰπών·

2105 1355 2317 1424 Πάτερ,
2348 1356 2497 1425 ἄφες
2527 1356 2729 1423 αὐτοῖς
2777 1358 2881 1423 τὰς
2913 1357 3201 1425 ἁμαρτίας
3233 1354 3449 1418 αὐτῶν,
3485 1355 3558 1407 οὐ
3582 1356 3711 1421 γὰρ

2106 1450 2345 1503 οἴδασιν
2378 1450 2416 1502 ἁ
2455 1450 2751 1503 ποιοῦσιν.
2806 1449 3057 1520 Μιμηταὶ
3112 1444 3205 1501 οὖν
3268 1447 3544 1517 γινόμενοι
3597 1444 3707 1498 τοῦ

2105 1541 2433 1595 Διδασκάλου
2470 1542 2560 1594 καὶ
2587 1542 2757 1605 αὐτοὶ,
2794 1542 2851 1593 ἐν
2882 1535 2963 1602 οἷς
2995 1539 3249 1609 ἔπασχον,
3281 1537 3420 1608 ὑπὲρ
3446 1537 3555 1589 τῶν
3586 1537 3711 1590 δια-

2105 1636 2399 1707 τιθεμένων
2436 1635 2684 1705 ηὔχοντο,
2726 1635 2803 1698 ὡς
2840 1634 3214 1703 ἐδιδάχθησαν.
3265 1631 3450 1695 Οὕτως
3502 1631 3567 1683 οὐ
3600 1649 3707 1699 γο-

2105 1732 2214 1792 νεῖς
2254 1729 2533 1799 μισοῦντες
2566 1727 2909 1797 ἐχωρίζοντο,
2942 1725 3104 1779 ὁπότε
3158 1724 3251 1777 καὶ
3298 1725 3435 1794 ὑπὲρ
3475 1723 3587 1775 τῶν
3616 1724 3700 1794 μὴ

2106 1820 2306 1889 γονέων
2365 1819 2497 1890 μηδὲ
2561 1818 2873 1887 συγγενῶν,
2938 1815 3146 1887 ἐχθρῶν
3217 1816 3274 1868 δὲ
3346 1815 3699 1885 γενομένων,

2105 1912 2321 1965 ἐποίουν
2383 1914 2624 1980 συνεχεῖς
2672 1909 2834 1980 εὐχὰς
2868 1908 2911 1940 ⁸¹
2950 1909 3046 1962 καὶ
3077 1909 3295 1979 ἀγαπᾷν
3324 1906 3623 1978 πειρῶνται
3648 1906 3699 1937 ⁸⁸

2106 2005 2181 2067 ὡς
2212 2003 2627 2073 ἐκελεύσθησαν.

2178 2115 2315 2170 XXI.
2359 2115 2561 2170 Εἴπατε
2592 2114 2649 2168 δέ
2699 2132 2788 2185 μοι
2838 2115 3015 2186 ὑμεῖς,
3052 2114 3170 2178 πῶς
3201 2115 3329 2177 τοὺς
3354 2115 3529 2181 γονεῖς
3558 2114 3699 2181 ἀγα-

2107 2210 2289 2274 πᾶτε;
2330 2211 2377 2261 εί
2415 2209 2513 2279 μὲν
2560 2209 2636 2272 ὡς
2665 2208 2726 2259 τὸ
2757 2208 2961 2261 δίκαιον
3007 2207 3091 2259 ἀεὶ
3132 2204 3475 2266 σκοποῦντες,
3511 2204 3700 2257 συνεύ-

2106 2316 2288 2370 χομαι,
2326 2301 2372 2351 εί
2415 2299 2473 2351 δὲ
2522 2298 2597 2361 ὡς
2646 2297 2855 2367 ἔτυχεν,
2904 2297 3108 2359 οὐκέτι,
3163 2294 3391 2348 δύνασθε
3434 2292 3544 2363 γάρ
3596 2294 3695 2347 καὶ

2111 2392 2281 2462 μικρᾷ
2326 2389 2594 2462 προφάσει
2644 2389 2851 2442 τούτων
2909 2388 3159 2457 γενέσθαι
3192 2386 3396 2457 ἐχθροί.
3430 2386 3494 2437 El
3530 2385 3591 2437 δὲ
3625 2388 3696 2438 εί-

2105 2485 2254 2546 δότες
2279 2484 2547 2551 ἀγαπᾶτε,
2566 2481 2752 2535 εἴπατε
2786 2482 2962 2551 ὑμεῖς,
2985 2481 3038 2533 τί
3071 2482 3174 2532 είσι
3204 2479 3252 2510 ⁸³
3283 2479 3475 2545 γονεῖς.
3527 2477 3697 2547 Ἐρεῖ-

2106 2592 2165 2627 τε
2180 2591 2194 2605 ⁸
2218 2575 2408 2637 Γένους
2428 2574 2746 2645 ἀρχηγέται.
2766 2573 2863 2625 Διά
2882 2573 2933 2625 τί
2948 2568 3039 2625 οὖν
3054 2572 3116 2625 τὸ
3137 2570 3245 2624 τῶν
3263 2569 3396 2622 ὅλων
3419 2569 3576 2637 γένος
3590 2570 3694 2622 οὐκ

2114 2668 2455 2737 ὴγαπήσατε,
2474 2666 2592 2718 εἶπε
2602 2683 2630 2736 ρ
2646 2666 2838 2736 δικαίῳ
2855 2666 3159 2737 φρονήματι
3173 2662 3331 2715 τοῦτο
3347 2664 3517 2714 ποιεῖν
3530 2662 3556 2712 ὲ
3566 2678 3696 2713 παν-

2110 2758 2315 2812 είλεσθε
2336 2775 2349 2823 ;
2381 2757 2517 2809 Ἀλλ’
2536 2757 2617 2809 ἐτι
2642 2759 2733 2810 καὶ
2766 2757 2861 2810 νῦν
2889 2758 3064 2827 ἐρεῖτε
3084 2772 3098 2786 ·
3123 2756 3234 2825 Οὐχ
3252 2755 3573 2825 ἑωράκαμεν
3600 2753 3699 2805 αύ-

2108 2852 2216 2905 τόν.
2242 2850 2340 2903 Διὰ
2363 2851 2415 2902 τί
2440 2845 2530 2902 οὖν
2554 2849 2627 2920 μὴ
2645 2848 2974 2919 ζητήσαντες
2998 2848 3065 2901 τά
3086 2846 3384 2915 ἀναίσθητα
3405 2846 3697 2897 κολακεύε-

2109 2961 2166 2997 τε
2192 2960 2206 3007 ς
2240 2943 2305 2995 Τί
2354 2941 2448 3006 δέ;
2491 2944 2538 2994 εἰ
2588 2943 2682 2995 καὶ
2714 2942 2970 2994 δύσκολον
2990 2936 3057 3011 ἦν
3087 2940 3213 3009 ὑμῖν
3239 2937 3398 3009 245
3419 2936 3622 3004 γνῶναι
3644 2938 3697 2989 τί

2111 3035 2333 3099 Θεὸς,τδ
2352 3034 2529 3105 μέντοι
2549 3034 2602 3085 τί
2623 3034 2683 3087 οὐ
2704 3034 2838 3096 Θεὸς
2863 3033 2939 3104 μὴ
2965 3032 3161 3085 είδέναι
3182 3032 3283 3085 οὑκ
3314 3031 3590 3092 ἐδύνασθε,
3609 3030 3699 3083 ἴνα

2111 3125 2397 3195 λογίσησθε
2430 3126 2510 3177 ὅτι
2538 3124 2669 3188 Θεός
2699 3126 2843 3176 ἐστιν
2877 3125 2936 3176 οὺ
2975 3122 3148 3187 ξύλον,
3178 3122 3239 3175 ού
3272 3121 3434 3185 λίθος,
3468 3121 3529 3173 ού
3562 3120 3703 3189 χαλς

2117 3219 2230 3282 κὸς,
2266 3220 2363 3271 οὑκ
2391 3217 2518 3272 ἄλλο
2560 3234 2613 3269 τι
2644 3218 2709 3269 ἐκ
2759 3216 3001 3287 φθαρτῆς
3027 3214 3247 3283 γεγονὸς
3276 3213 3427 3283 ὕλης.

2037 3422 2082 3483 C
2183 3417 2347 3472 XXII.
2386 3414 2463 3471 Ἦ
2495 3417 2604 3489 γὰρ
2636 3418 2735 3487 οὐχ
2778 3418 2883 3470 ὑπὸ
2929 3416 3147 3488 σιδήρου
3194 3414 3555 3487 ἐτορεύθησαν
3604 3416 3707 3467 καὶ

2109 3516 2138 3567 6
2167 3513 2429 3584 τορεύσας
2458 3510 2504 3542 ⁸⁸
2555 3510 2772 3581 σίδηρος
2821 3508 2926 3562 ὑπὸ
2960 3509 3129 3581 πυρὸς
3178 3507 3481 3579 ἐμαλάχθη,
3515 3509 3610 3561 καὶ
3640 3508 3707 3560 τὸ

2110 3603 2223 3675 πῦρ
2256 3602 2387 3656 αὐτὸ
2419 3602 2463 3633 ⁸⁸
2501 3601 2784 3654 σϐέννυται
2818 3601 2923 3654 ὑπὸ
2971 3600 3194 3663 ὓδατος
3229 3600 3291 3652 τὸ
3328 3600 3385 3652 δέ
3420 3600 3563 3671 ὕδωρ
3600 3599 3707 3669 οὐχ

2116 3696 2220 3748 ὑπὸ
2238 3695 2546 3764 πνεύματος
2577 3695 2675 3764 τὴν
2707 3694 2918 3765 κίνησιν
2952 3693 3084 3764 ἔχει,
3120 3692 3211 3745 καὶ
3242 3691 3304 3744 τὸ
3336 3691 3550 3761 πνεῦμα
3591 3692 3710 3744 ἀπὸ

2111 3787 2203 3840 τοῦ
2236 3786 2305 3839 τὰ
2336 3787 2433 3840 ὅλα
2483 3787 2843 3856 πεποιηκότος
2888 3785 3022 3839 Θεοῦ
3073 3786 3171 3856 τὴν
3203 3785 3375 3855 ἀρχὴν
3402 3784 3501 3853 τῆς
3533 3783 3673 3835 ἑκτά
3708 3814 3711 3817 ‹

2114 3898 2250 3943 σεως
2265 3880 2309 3911 ⁸⁵
2330 3879 2442 3950 ἔχει
2465 3896 2479 3945 ;
2504 3877 2689 3941 Οὕτως
2718 3878 2825 3951 γὰρ
2851 3880 2879 3931 6
2907 3880 3192 3951 προφήτης
3218 3878 3405 3948 εἴρηκε
3421 3874 3665 3944 Μωῦσῆς
3683 3891 3707 3906 ο

2124 3970 2227 4025 Ἐν
2253 3970 2411 4039 ἀρχῇ
2442 3971 2730 4037 ἐποίησεν
2762 3974 2794 4025 ό
2829 3972 2973 4037 Θεὸς
3007 3972 3113 4024 τὸν
3143 3969 3404 4037 οὐρανόν
3448 3967 3545 4021 καὶ
3585 3967 3713 4034 τὴν

2111 4063 2250 4132 γῆν,
2287 4065 2324 4131 ἦ
2357 4062 2424 4116 δὲ
2455 4062 2531 4132 τῆ
2582 4062 2661 4131 ἦν
2701 4063 2952 4131 ἀόρατος
2996 4061 3093 4115 καὶ
3131 4061 3707 4124 ἀκατασκεύαστοςο

2113 4156 2211 4209 καὶ
2231 4158 2449 4223 σκότος
2478 4155 2677 4209 ἐπάνω
2696 4155 2805 4224 τῆς
2825 4157 3099 4209 ἀϐύσσου
3118 4170 3131 4183 ’
3158 4153 3255 4206 καὶ
3283 4152 3519 4221 πνεῦμα
3551 4150 3710 4204 Θεοῦ

2114 4248 2434 4317 ἐπεφέρετο
2475 4246 2674 4301 ἐπάνω
2705 4247 2809 4300 τοῦ
2842 4245 3077 4311 ὕδατος.
3116 4245 3291 4315 Ὅπερ
3324 4244 3418 4297 καὶ
3451 4243 3712 4311 λέγοντος

2115 4338 2210 4392 τοῦ
2237 4337 2468 4401 Θεοῦ,τὺ
2501 4337 2941 4408 πνεῦμα,ὦσπερ
2962 4336 3083 4407 χεὶρ
3116 4334 3277 4387 αὐτοῦ
3312 4334 3381 4386 τὰ
3400 4338 3576 4386 πάντα
3609 4333 3713 4403 δη-

2119 4433 2388 4502 μιουργεῖ,
2426 4430 2541 4499 φῶς
2573 4430 2679 4482 ἀπὸ
2714 4429 2935 4488 σκότους
2970 4426 3200 4498 χωρίζον
3221 4427 3286 4489 ⁸⁷,
3318 4427 3412 4478 καὶ
3448 4425 3586 4496 μετά
3609 4426 3710 4479 τὸν

2117 4524 2347 4595 ἀόρατον
2377 4521 2604 4595 οὐρανὸν
2636 4522 2726 4574 τὸν
2775 4520 3097 4591 φαινόμενον
3149 4518 3476 4587 ἐφαπλῶσαν
3513 4518 3578 4581 ⁸⁸,
3616 4520 3713 4573 ἵνα

2116 4615 2187 4667 τά
2218 4615 2329 4669 ἄνω
2357 4616 2469 4676 τοῖς
2493 4611 2586 4665 τοῦ
2623 4613 2797 4680 φωτὸς
2824 4610 3075 4679 ἀγγέλοις
3110 4609 3326 4682 οίκηθῇ,
3359 4609 3426 4662 τὰ
3458 4609 3515 4662 δὲ
3549 4610 3711 4664 κάτω

2118 4700 2224 4755 ὑπὸ
2260 4701 2547 4773 ἀνθρώπου
2579 4702 2693 4772 ἅμα
2742 4704 2855 4764 τοῖς
2902 4700 2968 4753 δι’
3002 4701 3164 4753 αὐτὸν
3212 4700 3524 4770 γενομένοις
3565 4703 3710 4757 πᾶσι

2042 4771 2087 4826 D
2114 4771 2379 4865 διοικηθῇ.

2184 4884 2371 4941 XXIII.
2412 4884 2510 4939 Διά
2531 4884 2638 4958 γάρ
2662 4884 2834 4938 σέτὸν
2856 4884 3140 4957 ἄνθρωπον
3162 4886 3190 4937 6
3212 4884 3343 4947 Θεὸς
3364 4884 3617 4938 ἐκέλευσε
3642 4886 3711 4939 τὸ

2114 4979 2206 5032 ἐπὶ
2230 4978 2519 5051 προσώπου
2540 4979 2641 5049 τῆς
2660 4979 2764 5049 γῆς
2786 4977 3141 5049 ὑποχωρῆσαι
3162 4976 3326 5047 ὕδωρ,
3342 4978 3429 5031 ἵνα
3455 4980 3711 5049 καρποὺς

2114 5068 2147 5137 ή
2182 5067 2254 5139 γῆ
2291 5086 2373 5122 σοι
2406 5068 2769 5141 προσενέγκαι
2822 5066 3046 5137 δυνηθῇ,
3082 5066 3175 5119 καὶ
3210 5066 3472 5137 τρηδόνας
3513 5068 3710 5137 ἐποίη..

2117 5177 2228 5227 σεν,
2266 5162 2351 5216 ἵνα
2385 5179 2465 5215 σοι
2499 5162 2759 5233 παράσχῃ
2791 5158 3054 5233 ’νίπηγάς
3087 5158 3182 5213 καὶ
3214 5158 3473 5229 ποταμῶν
3508 5159 3709 5231 ῥεῖθρα

1744 5400 1977 5460 VARIE
2017 5406 2424 5466 LECTIONES.

515 5533 561 5573 ³*
595 5533 873 5612 ἐλεῶντες,
913 5532 1205 5612 ἑαυτούς-(1
1249 5572 1278 5612 ,_
1299 5534 1576 5612 ἐλεοῦντες
1616 5538 1841 5612 ἑαυτούς
1870 5541 1928 5596 S.
2008 5544 2054 5575 ⁸ο
2079 5545 2147 5598 τά
2178 5544 2499 5612 transcripsi
2529 5558 2592 5597 ex
2620 5544 2680 5596 Ο.
2748 5537 3154 5612 ⁸¹γονέωνμμέν
3199 5538 3373 5612 ὄντων
3411 5535 3621 5612 ἐχθρῶν
3642 5536 3707 5591 δὲ

442 5605 745 5685 γενομένοζν
794 5604 1069 5685 ἐποιοῦντο
1100 5606 1391 5682 τάςεύχάς
1421 5610 1483 5685 ς)Σ
1558 5610 1601 5639 δ’
1624 5610 1917 5680 πείρωνται
1941 5615 2002 5667 0.
2076 5615 2123 5647 “
2151 5617 2300 5685 ἡμῖν,
2328 5614 2381 5666 τί
2414 5604 2556 5666 ἐστιν
2589 5613 2650 5669 C.
2726 5616 2773 5648 δ”
2795 5604 3208 5682 ἐτορνεύθησαν,
3233 5609 3329 5685 κα).
3354 5611 3382 5660 6
3410 5604 3709 5685 τόρνεύσας

444 5674 637 5753 οδω.-
660 5674 942 5753 ςξιιιτίῑιιι.
996 5673 1103 5753 (fro
1128 5673 1494 5753 epi_st.pon_tif.
1553 5679 1649 5735 lib.
1691 5673 1745 5748 v',
1780 5697 1903 5753 cap.
1938 5685 2037 5741 ult.

443 5740 491 5771 ⁸⁸
512 5743 836 5808 ἐψαπλώσας
862 5743 925 5798 Ο.
1001 5751 1046 5783 ’δ’
1080 5740 1349 5817 παράσχοι
1368 5748 1431 5800 0.

2153 5675 2202 5719 δῗ
2221 5684 2353 5739 αὐτό
2375 5700 2488 5741 om.
2516 5684 2582 5740 0.
2683 5684 2730 5716 ⁸⁸
2767 5675 3079 5742 ἐκστάσεωέ
3104 5682 3167 5734 υ·
3271 5680 3316 5711 ⁸⁷
3339 5675 3591 5750 χωρίζων
3630 5677 3700 5735 θ·
