3894 6208
244 368 358 425 295

1332 365 1793 422 CLEMENTINA.
1818 397 1888 409 --
1921 366 2206 421 HOMILIA
2246 367 2339 421 XI.

3410 369 3516 426 294

243 487 390 556 φανῇ
429 485 522 539 καὶ
555 484 671 549 ζῶα
703 483 977 556 ἐκϐρασθῇ
1010 484 1078 546 ⁸⁸,
1116 482 1349 537 συνελὼν
1383 484 1513 556 ἐρῶ,
1549 485 1635 537 ἴνα
1660 484 1833 537 πάντα

1950 486 2114 549 indm,
2145 494 2199 538 et
2234 483 2489 538 animalia
2521 484 2754 550 exirent,
2796 499 2907 538 uno
2943 483 3110 539 verbo
3152 492 3210 538 ut
3242 486 3427 538 omnia
3457 502 3516 541 se

244 596 335 632 σοι
379 579 723 649 παραστῆναι
766 577 987 648 δυνηθῇ.
1027 578 1098 629 Ἣ
1140 576 1249 648 γὰρ
1287 578 1350 629 οὺ
1400 577 1488 630 διὰ
1538 577 1596 630 σὲ
1648 576 1837 647 ἄνεμοι

244 670 387 741 πρὸς
421 670 649 740 καρπῶν
684 670 939 739 ἐπιγονὴν
982 668 1206 722 πνέουσι
1241 669 1283 701 ⁵⁸
1330 670 1425 721 καὶ
1475 670 1617 722 ὑετοὶ
1650 670 1841 739 φέρον-

242 780 337 815 ται
356 762 522 834 246
542 763 637 815 καὶ
662 762 861 832 τροπαὶ
892 761 1159 828 γίνονται;
1191 760 1395 813 Αὐτίκα
1416 760 1546 829 γοῦν
1576 760 1725 830 ἥλιος
1747 759 1840 812 καὶ

246 856 449 925 σελήνη
486 854 602 924 ἅμα
634 856 746 916 τοῖς
776 852 955 914 ἄλλοις
991 853 1213 922 ἄστροις
1244 853 1291 882 ⁸³
1322 850 1410 903 διὰ
1460 852 1520 903 σὲ
1562 850 1661 914 τὰς
1707 853 1839 904 ἀνα-

241 946 415 1009 τολάς
461 947 554 999 κα)⁸
598 944 1156 1008 δύσειςοέκτελοῦσιν,
1210 944 1305 997 καὶ
1350 944 1587 1013 ποταμοὶ
1628 943 1722 996 καὶ
1756 944 1839 996 λί-

248 1054 385 1107 μναι
419 1036 533 1106 ἅμα
565 1040 684 1099 ταῖς
717 1035 917 1097 πάσαις
944 1036 1147 1105 πηγαῖς
1179 1034 1227 1065 ⁵³
1260 1032 1643 1103 ὑπηρετοῦσιν.
1676 1031 1841 1111 ’Ὅθεν

248 1149 337 1183 σοι
372 1130 450 1200 τῷ
484 1129 789 1202 ἀναισθήτῳ
822 1130 1009 1201 ὥσπερ
1036 1130 1070 1199 ἡ
1111 1129 1311 1199 μείζων
1356 1128 1511 1199 ἐδόθη
1546 1128 1677 1199 τιμὴ
1703 1168 1717 1191 ,
1747 1127 1841 1181 οὒ-

245 1240 362 1284 τως
420 1223 847 1293 άχαριστήσαντι
898 1223 931 1293 ἡ
999 1219 1204 1291 μείζων
1263 1219 1352 1273 διὰ
1401 1220 1573 1291 πυρὸς
1620 1219 1842 1283 κόλασις

249 1314 726 1385 προητοίμασται,
777 1315 857 1367 ὅτι
891 1312 1094 1381 γνῶναι
1144 1314 1245 1365 οὐκ
1294 1311 1566 1384 ἠθέλησας
1619 1313 1677 1365 ὃν
1733 1314 1840 1385 πρὸ

251 1405 476 1458 πάντων
510 1404 615 1456 ἔδει
646 1400 869 1473 γνῶναι.

325 1496 518 1550 XXIV.
555 1498 667 1550 Καὶ
697 1495 744 1527 ⁵⁸⁵
788 1495 881 1549 νῦν
918 1497 975 1550 δὲ
1028 1498 1092 1549 ἐκ
1135 1495 1245 1550 τῶν
1293 1495 1528 1567 ἡττόνων
1574 1495 1837 1564 ἐπίγνωθι

246 1590 355 1659 τὴν
384 1589 491 1641 τῶν
530 1589 666 1642 ὅλων
700 1590 896 1654 αἰτίαν,
929 1590 1287 1661 λογισάμενος
1328 1590 1410 1642 ὅτι
1451 1588 1521 1641 τὰ
1566 1588 1747 1643 πάντα
1779 1590 1840 1642 τὸ

234 1680 405 1751 ὕδωρ
437 1683 597 1744 ποιεῖ,
626 1681 686 1733 τὸ
714 1681 769 1733 δὲ
801 1680 944 1752 ὕδωρ
978 1682 1080 1734 ὑπὸ
1110 1680 1419 1751 πνεύματος
1452 1682 1718 1750 κινήσεως
1742 1680 1842 1750 τὴν

251 1772 468 1840 γένεσιν
500 1772 784 1841 λαμϐάνει,
819 1772 879 1824 τὸ
908 1772 966 1825 δὲ
1007 1771 1239 1843 πνεῦμαῗ
1271 1771 1381 1825 ἀπὸ
1425 1770 1519 1823 τοῦ
1555 1770 1664 1822 τῶν
1706 1770 1841 1822 ὅλων

1944 577 2035 629 tibi
2070 584 2294 643 possent
2321 575 2535 631 offerre.
2588 575 2697 628 Aut
2746 592 2851 628 non
2902 588 3121 645 propter
3149 584 3199 629 te
3234 577 3375 630 venti
3405 578 3518 645 spi-

1940 677 2085 732 rant,
2121 669 2187 721 ad
2232 666 2508 721 fructuum
2554 668 2992 737 productionem,
3038 675 3087 720 et
3137 667 3340 721 imbres
3371 667 3518 721 defe-

1940 768 2156 825 runtur,
2188 766 2242 811 et
2287 760 2414 811 anni
2452 767 2801 827 tempestates
2836 759 3005 813 ﬁunt?
3032 759 3149 813 Jam
3182 774 3311 813 vero
3357 760 3438 813 sol
3468 767 3522 814 et

1940 850 2068 903 luna
2100 866 2222 904 cum
2274 850 2395 904 aliis
2432 850 2604 904 stellis
2646 859 2868 919 propter
2910 860 2962 903 te
2991 851 3248 905 oriuntur
3285 860 3339 904 et
3370 852 3519 904 occia

1941 944 2097 1008 dunt,
2130 942 2279 996 ﬂuvii
2329 952 2382 996 et
2422 950 2611 1011 stagna
2663 958 2787 997 eum
2840 942 3097 996 omnibus
3144 941 3388 995 fontibus
3424 942 3521 996 tibi

1943 1034 2311 1088 subserviunt.
2346 1033 2501 1087 Unde
2544 1035 2641 1087 tibi
2694 1049 2858 1089 sensu
2911 1036 3117 1088 carenti
3156 1034 3519 1103 quemadmo-

1943 1124 2073 1178 dum
2109 1122 2284 1192 major
2315 1124 2591 1191 praestitus
2627 1133 2711 1177 est
2742 1124 2938 1189 honor,
2968 1124 3044 1178 ita
3084 1124 3298 1194 ingrato
3343 1124 3522 1193 major

1939 1225 2243 1285 praeparata
2293 1223 2375 1270 est
2436 1215 2580 1283 ignis
2634 1231 2818 1285 poena,
2865 1217 3009 1286 quod
3064 1218 3205 1273 seire
3253 1217 3519 1285 nolueris,

1940 1322 2101 1377 quem
2134 1316 2258 1361 ante
2285 1306 2469 1361 omnia
2495 1309 2740 1377 oportuit
2763 1322 3113 1378 cognoscere.

2009 1485 2201 1540 XXIV.
2236 1486 2340 1542 Sed
2368 1488 2451 1542 vel
2470 1502 2615 1542 nunc
2631 1503 2695 1541 ex
2718 1487 3019 1543 minoribus
3041 1502 3273 1558 agnosce
3296 1494 3521 1541 cuncto-

1940 1593 2061 1631 rum
2088 1595 2332 1645 causam,
2359 1580 2737 1644 considerans,
2764 1578 2910 1648 quod
2937 1579 3122 1632 omnia
3161 1594 3299 1647 aqua
3318 1578 3522 1647 produ-

1944 1671 2039 1735 cit,
2067 1686 2208 1739 aqua
2230 1686 2358 1724 vero
2378 1687 2407 1725 a
2441 1671 2635 1740 spiritu
2672 1671 2869 1739 accipit
2895 1678 3076 1724 motus
3101 1668 3387 1739 originem,
3405 1668 3520 1737 spi-

1946 1763 2084 1818 ritus
2099 1774 2276 1818 autem
2292 1764 2360 1817 ab
2377 1765 2755 1817 universorum
2777 1762 2886 1815 Deo
2904 1762 3118 1816 initium
3140 1763 3322 1815 habet.
3345 1761 3520 1829 Atque

252 1863 394 1914 Θεοῦ
425 1863 523 1933 τήν
570 1863 741 1934 ἀρχὴν
786 1863 917 1933 ἔχει.
969 1863 1078 1915 Καὶ
1125 1862 1296 1926 οὕτως
1343 1862 1448 1917 ἔδει
1497 1861 1835 1930 λογίσασθαι,

1950 1863 2014 1909 ita
2032 1864 2243 1922 oportet
2263 1865 2513 1923 reputare
2529 1871 2638 1924 quo
2654 1871 2751 1924 per
2766 1855 3031 1909 rationem
3057 1855 3120 1907 ad
3141 1853 3309 1906 Deum
3341 1853 3520 1921 possis

255 1954 345 2006 ἵνα
387 1955 479 2007 ἐπὶ
522 1954 664 2025 λόγῳ
707 1956 786 2018 είς
831 1955 962 2007 Θεὸν
1009 1955 1345 2024 καταντῆσαι
1392 1954 1645 2025 δυνηθῇς,
1694 1953 1842 2015 ὅπως

256 2044 516 2114 ἐπιγνούς
549 2062 642 2097 σου
671 2045 732 2098 τὸ
763 2045 919 2113 γένος
941 2046 1009 2109 ⁵⁸,
1044 2046 1138 2099 καὶ
1172 2044 1497 2117 πρωτογόνῳ
1540 2045 1841 2114 άναγεννη-

258 2137 376 2200 θεὶς
416 2137 567 2191 ὕδατι
613 2135 706 2189 καὶ
752 2137 798 2169 ⁸⁸
847 2137 1180 2209 κληρονόμος
1228 2140 1500 2208 καταστῇς
1551 2136 1659 2191 τῶν
1704 2138 1843 2209 πρὸς

259 2228 568 2300 ἀφθαρσίαν
599 2229 971 2296 γεννησάντων
1006 2244 1065 2280 σε
1093 2226 1314 2295 γονέων.

330 2319 504 2373 XXV.
543 2320 636 2398 Διὸ
667 2318 899 2388 ἑτοίμως
940 2316 1204 2389 πρόσελθε
1250 2317 1325 2381 ὡς
1370 2317 1484 2381 υίὸς
1528 2318 1717 2388 πατρὶ,
1755 2318 1840 2371 ἵνα

257 2410 369 2463 τῶν
402 2408 814 2481 ἁμαρτημάτων
844 2426 935 2461 σου
964 2410 992 2460 ό
1021 2409 1153 2470 Θεὸς
1184 2409 1282 2480 τὴν
1307 2408 1525 2477 ἄγνοιαν
1548 2408 1837 2480 αἰτίανξθῇ.

261 2504 324 2555 Ei
359 2502 415 2554 δὲ
446 2501 541 2554 καὶ
582 2500 719 2572 μετὰ
748 2500 809 2553 τὸ
840 2499 1106 2570 κληθῆναι
1158 2500 1219 2553 οὐ
1269 2499 1441 2562 θέλεις
1471 2499 1504 2571 ἢ
1541 2499 1840 2571 βραδύνεις,

260 2595 449 2665 δικαίᾳ
480 2593 613 2646 Θεοῦ
648 2592 821 2663 ἀπολῇ
856 2592 1058 2663 κρίσει,
1088 2590 1168 2662 τῷ
1202 2590 1277 2663 μὴ
1324 2591 1546 2662 θελῆσαι
1580 2594 1653 2665 μὴ
1688 2592 1844 2661 θελη-

262 2686 379 2748 θείς
404 2702 417 2716 ’
453 2685 548 2738 καὶ
592 2686 666 2755 μή
706 2702 789 2737 τοι
821 2682 1067 2756 νομίσῃς,
1120 2684 1203 2736 ὅτι
1243 2681 1339 2737 ἐὰν
1375 2682 1419 2714 ⁵⁷
1465 2683 1680 2736 πάντων
1734 2681 1843 2735 τῶν

261 2795 397 2831 ποτε
419 2778 724 2849 γενομένων
747 2776 985 2830 εὐσεϐῶν
1018 2775 1400 2859 εὐσεϐέστερος
1426 2775 1578 2845 γένῃ,
1613 2774 1844 2827 ἀϐάπτι-

264 2886 391 2932 στος
420 2869 478 2921 δὲ
523 2866 608 2941 ᾗς,
640 2869 853 2932 ἐλπίδος
882 2870 1066 2938 τυχεῖν
1098 2868 1301 2941 δυνήσῃ
1333 2867 1480 2921 ποτέ,
1518 2863 1699 2937 Ταύτῃ
1736 2866 1843 2937 γὰρ

266 2961 470 3032 μᾶλλον
502 2960 719 3014 πλείονα
752 2960 967 3029 ὑφέξεις
1000 2959 1239 3023 κόλασιν,
1279 2960 1360 3012 ὅτι
1391 2956 1532 3011 καλὰ
1574 2958 1709 3030 ἔργα
1745 2956 1844 3010 οὐκ

261 3052 528 3122 ἐποίησας
561 3050 758 3115 καλῶς.
792 3052 945 3122 Καλὴ
979 3052 1088 3122 γὰρ
1134 3050 1567 3115 εὐποιία,ὁπόταν
1598 3051 1674 3113 ὡς
1714 3048 1845 3111 Θεὸς

248 3142 521 3195 ἐκέλευσε
554 3142 789 3213 γίνηται.
826 3144 899 3195 Σὺ
932 3142 989 3195 δὲ
1023 3144 1071 3195 εί
1103 3142 1164 3195 ού
1197 3142 1388 3205 θέλεις,
1413 3140 1572 3212 247
1603 3141 1677 3203 ὼς
1709 3140 1844 3192 ἐκεί-

263 3254 344 3305 νῳ
374 3232 570 3298 ἔδοξεν,
606 3233 986 3304 βαπτισθῆναι,
1010 3232 1089 3304 τῷ
1132 3233 1210 3304 σῷ
1242 3232 1504 3304 θελήματι
1554 3230 1842 3302 ὑπηρετῶν

250 3326 573 3398 ἐχθραίνεις
602 3328 669 3397 τῇ
696 3325 905 3380 ἐκείνου
942 3325 1126 3397 βουλῇ.

336 3504 527 3561 XXVI.
586 3503 723 3560 Ἀλλ’
758 3506 887 3569 ἴσως
920 3506 1035 3576 ἐρεῖ
1064 3521 1179 3567 τις·
1217 3504 1281 3557 Τί
1313 3504 1674 3574 συμϐάλλεται
1712 3503 1845 3574 πρὸς

262 3597 547 3651 εὐσέϐειαν
598 3596 661 3649 τὸ
706 3595 1066 3667 βαπτισθῆναι
1108 3593 1295 3659 ὖδατις
1349 3595 1569 3666 Πρῶτον
1614 3595 1731 3665 μὲν,
1766 3597 1845 3648 ὅτι

263 3690 331 3743 τὸ
361 3690 517 3756 δόξαν
549 3688 667 3759 Θεῷ
696 3689 954 3760 πράττεις
977 3704 989 3719 ·
1014 3688 1263 3760 δεύτερον
1291 3686 1367 3749 δὲ,
1404 3685 1462 3751 ἐξ
1494 3685 1684 3749 ὕδατος
1712 3687 1843 3739 ἀνα-

266 3780 551 3851 γεννηθεὶς
604 3779 741 3850 Θεῷ,
778 3780 927 3850 αἰτίᾳ
982 3778 1148 3850 φόϐου
1193 3778 1257 3842 ⁵⁸,
1310 3777 1409 3848 τὴν
1452 3776 1511 3843 ἐξ
1552 3776 1847 3847 ἐπιθυμίας

267 3871 495 3943 πρώτην
531 3889 612 3924 σοι
643 3872 939 3942 γενομένην
987 3870 1378 3934 καταλλάσσεις
1410 3871 1455 3901 °°
1488 3870 1719 3939 γένεσιν,
1754 3872 1848 3925 καὶ

263 3963 445 4027 οὕτως
494 3964 763 4035 σωτηρίας
810 3965 991 4033 τυχεῖν
1038 3963 1198 4036 δύνῃ·
1244 3962 1418 4027 ἄλλως
1466 3962 1524 4016 δὲ
1568 3963 1842 4017 ἀδύνατον.

269 4058 459 4121 Οὓτως
518 4058 626 4128 γὰρ
673 4059 806 4128 ήμῖν
870 4055 1081 4128 ὤμοσεν
1141 4059 1169 4111 ό
1201 4058 1499 4129 ’προφήτης
1553 4058 1720 4111 εἰπών
1762 4059 1843 4090 ⁸ο·

282 4151 475 4220 Ἀμὴν
520 4150 663 4221 ὑμῖν
690 4151 864 4219 λέγω,
916 4150 1024 4203 ἐὰν
1078 4150 1158 4218 μὴ
1185 4148 1626 4219 ἀναγεφνηθῆτε
1677 4151 1847 4205 ὕδατι

260 4242 461 4306 ζῶντι,
493 4244 579 4308 είς
613 4241 802 4311 ὄνομα
824 4241 1072 4310 Πατρός,
1106 4240 1263 4305 Υὶοῦ,
1288 4242 1459 4310 ἁγίου
1484 4243 1846 4311 Πνεύματος,

271 4333 347 4385 οὐ
373 4330 460 4400 μὴ
507 4329 818 4398 εἰσέλθητε
848 4331 935 4396 εἰς
980 4329 1096 4399 τὴν
1138 4330 1468 4394 βασιλείαν
1516 4331 1634 4385 τῶν
1673 4333 1848 4399 οὐρα-

268 4423 415 4479 νῶν,
465 4423 556 4495 Διὸ
601 4422 944 4495 προσέλθετε.
984 4424 1139 4477 Ἔστι
1186 4424 1293 4497 γάρ
1335 4442 1387 4478 τι
1434 4426 1550 4478 ἐκεῖ
1595 4426 1849 4497 ἀπαρχῆς

1943 1947 2247 2016 pervenire,
2282 1957 2339 2001 ut
2370 1962 2671 2017 agnoscens
2701 1957 2853 2001 tuum
2886 1962 3061 2017 genus
3092 1954 3144 1999 et
3166 1954 3520 2015 regeneratus

1945 2053 2083 2107 aqua
2124 2038 2471 2109 primigenita
2505 2039 2670 2093 etiam
2714 2039 2886 2093 haeres
2929 2038 3180 2094 efficiaris
3228 2046 3518 2107 parentum

1944 2132 2037 2201 qui
2066 2140 2117 2186 te
2144 2132 2211 2187 ad
2240 2132 2706 2201 incorruptionem
2739 2140 3065 2201 genuerunt.

2011 2311 2180 2367 XXV.
2221 2309 2450 2381 Propter
2475 2311 2619 2381 quod
2650 2318 2922 2380 prompte,
2973 2318 3234 2378 tanquam
3268 2308 3413 2363 filius
3449 2308 3516 2364 ad

1942 2415 2172 2475 patrem,
2222 2406 2437 2469 accede,
2468 2414 2526 2459 ut
2552 2404 2693 2460 Deus
2733 2418 2957 2458 causam
2996 2410 3343 2471 peccatorum
3390 2412 3519 2455 tuo-

1942 2511 2063 2549 rum
2090 2503 2256 2564 ponat
2287 2496 2670 2566 ignorantiam.
2704 2493 2861 2560 Quod
2894 2494 2938 2549 si
2970 2501 3256 2563 postquam
3290 2504 3520 2548 vocatus

1942 2603 2033 2650 es,
2062 2603 2169 2642 non
2221 2589 2324 2655 vis,
2357 2597 2450 2642 aut
2491 2587 2789 2653 cunctaris,
2813 2588 2963 2657 justo
2994 2586 3089 2641 Dei
3130 2587 3337 2655 judicio
3377 2586 3521 2654 peri-

1942 2679 2050 2743 bis,
2081 2688 2135 2734 et
2159 2679 2286 2749 quia
2313 2688 2369 2733 tu
2396 2680 2642 2745 noluisti,
2675 2679 2822 2733 nolet
2846 2686 2896 2732 te
2927 2677 3070 2732 Deus
3128 2676 3238 2731 Nec
3264 2691 3394 2731 vero
3418 2691 3522 2744 pu-

1945 2780 2044 2836 tes,
2073 2773 2220 2841 quod
2252 2780 2306 2827 et
2342 2772 2387 2827 si
2422 2772 2695 2838 omnium,
2725 2771 2818 2840 qui
2868 2786 3111 2840 unquam
3163 2767 3383 2822 fuerunt
3418 2767 3518 2838 pii,

1942 2865 2227 2934 piissimus
2261 2865 2360 2930 sis,
2400 2880 2509 2918 non
2565 2863 2737 2917 fueris
2771 2872 2951 2917 autem
2992 2862 3318 2931 baptizatus,
3369 2875 3519 2929 spem

1943 2958 2173 3027 adipisci
2205 2958 2497 3026 aliquando
2520 2958 2745 3026 poteris.
2792 2958 2868 3010 Eo
2905 2956 3052 3011 enim
3103 2955 3342 3025 majores
3363 2956 3521 3009 dabis

1942 3064 2154 3118 pinnas,
2197 3048 2343 3116 quod
2385 3047 2526 3101 bona
2563 3061 2727 3115 Opera
2774 3060 2885 3099 non
2932 3044 3070 3098 bene
3106 3044 3320 3098 feceris.
3369 3040 3520 3096 Prae-

1945 3141 2091 3196 clara
2139 3140 2284 3193 enim
2338 3154 2425 3192 res
2470 3147 2573 3203 est,
2625 3138 2769 3191 bona
2824 3138 3060 3207 operari,
3096 3134 3315 3204 quando
3363 3133 3523 3203 juxta

1946 3233 2263 3287 mandatum
2296 3230 2389 3285 Dei
2424 3232 2505 3284 Iit.
2540 3227 2619 3283 Tu
2652 3244 2800 3296 vero,
2836 3230 2904 3293 si,
2934 3236 2993 3282 ut
3022 3228 3098 3281 illi
3126 3227 3301 3295 placet
3333 3267 3349 3290 ,
3377 3225 3521 3278 nolis

1945 3321 2231 3390 baptizari,
2268 3329 2375 3375 tua:
2419 3320 2683 3375 voluntati
2740 3320 3050 3390 obsequens
3095 3318 3243 3371 iilius
3290 3315 3522 3371 consilio

1946 3430 2239 3485 repugnas.

2015 3502 2207 3557 XXVI.
2251 3501 2354 3557 Sed
2409 3501 2609 3572 aliquis
2661 3501 2844 3555 forsan
2894 3499 3082 3555 dicet:
3118 3497 3259 3564 Quid
3310 3496 3523 3553 confert

1946 3597 2013 3651 ad
2045 3598 2322 3666 pietatem,
2361 3611 2503 3665 aqua
2548 3594 2848 3663 baptizari?
2887 3592 3072 3646 Primo
3121 3591 3362 3660 quidem,
3392 3590 3522 3659 quia

1948 3689 1999 3743 id
2025 3689 2171 3758 quod
2201 3688 2311 3743 Deo
2339 3688 2543 3758 placuit
2570 3687 2726 3742 facis.
2760 3686 3010 3741 Secundo
3039 3699 3169 3737 vero
3194 3698 3288 3752 per
3319 3698 3519 3751 aquam

1949 3779 2059 3833 Deo
2108 3788 2366 3843 renatus,
2416 3778 2632 3834 timoris
2678 3794 2840 3834 causa
2897 3776 3128 3847 primam
3180 3776 3521 3829 nativitatem

1946 3886 2110 3940 quam
2142 3886 2208 3925 ex
2240 3870 2681 3939 concupiscentia
2731 3869 2943 3923 traxisti
2989 3875 3290 3938 permutas,
3334 3867 3522 3934 sicque

1948 3963 2181 4019 salutem
2216 3961 2479 4031 consequi
2528 3969 2682 4031 potes
2715 3978 2731 4017 :
2763 3961 2920 4015 aliter
2964 3970 3143 4014 autem
3184 3959 3523 4028 impossibile

1947 4066 2050 4109 est.
2086 4054 2161 4109 Ita
2189 4055 2331 4108 enim
2366 4054 2522 4108 nobis
2548 4053 2753 4123 juravit
2788 4052 3051 4122 propheta
3095 4051 3281 4107 dicens
3311 4068 3325 4104 :
3357 4050 3523 4101 Amen

1947 4148 2064 4201 dico
2094 4148 2258 4212 vobis,
2297 4147 2399 4199 nisi
2431 4148 2598 4201 renati
2641 4146 2850 4215 fueritis
2879 4162 3016 4215 aqua
3044 4144 3180 4207 viva,
3226 4144 3281 4196 in
3314 4142 3523 4195 nomine

1948 4237 2155 4304 Patris,
2186 4235 2343 4303 Filii,
2374 4235 2606 4305 Spiritus
2638 4237 2831 4303 sancti,
2864 4251 2968 4287 non
2996 4233 3286 4286 mtroibitis
3330 4232 3387 4284 in
3432 4246 3521 4283 rc-

1950 4346 2110 4401 gnum
2154 4328 2404 4384 ειείοτιιγη
2433 4341 2481 4382 α.
2534 4328 2801 4395 Quocirca
2858 4324 3117 4381 accedite.
3166 4323 3243 4377 lbi
3285 4336 3524 4392 namque

1950 4432 2033 4477 est
2063 4421 2267 4492 aliquid
2299 4421 2368 4477 ab
2395 4420 2552 4474 initio
2593 4418 2925 4483 misericors,
2964 4417 3107 4487 quod
3150 4414 3322 4468 fertur
3360 4428 3523 4483 super

270 4512 524 4583 ἐλεῆμον,
560 4514 952 4585 ἐπιφερόμενον
977 4512 1055 4583 τῷ
1088 4512 1261 4577 ὕδατι,
1292 4515 1385 4567 καὶ
1414 4514 1455 4545 σί
1490 4515 1611 4578 τοὺς
1652 4514 1842 4585 βαπτι-

1951 4523 2241 4583 aquam,et
2266 4528 2361 4567 eos
2390 4512 2480 4581 qui
2513 4512 2565 4564 in
2586 4519 2668 4563 ter
2683 4511 2841 4565 beata
2881 4507 3222 4563 invocatione
3259 4504 3522 4575 baptizati

270 4602 537 4674 ζομένους
569 4605 660 4657 ἐπὶ
679 4606 744 4674 τῇ
768 4621 1145 4676 τρισμακαριᾳ
1172 4604 1506 4676 ἐπονομασίᾳ
1536 4606 1627 4658 καὶ
1661 4606 1704 4636 ⁸¹
1726 4606 1848 4677 ῥύε-

270 4712 363 4747 ται
394 4690 496 4764 τῆς
526 4695 788 4766 ἐσομένης
816 4695 1106 4760 κολάσεως,
1140 4695 1329 4769 ὥσπερ
1361 4695 1509 4769 δῶρα
1542 4697 1847 4769 προσφέρον

272 4784 352 4857 τῷ
384 4784 506 4857 Θεῷ
525 4786 599 4849 ὡς
614 4785 678 4839 ἂν
698 4785 743 4817 ³⁸
761 4786 867 4840 ἀπὸ
890 4783 984 4840 τοῦ
1007 4785 1379 4858 βαπτίσματος
1410 4786 1589 4841 αὐτῶν
1620 4788 1725 4842 τῶν
1748 4787 1847 4858 βα-

348 4934 376 4964 ι
411 4921 570 4977 Joan.
617 4938 715 4990 ιιι,
744 4922 798 4978 5.

1954 4619 2082 4664 sunt
2126 4605 2287 4676 eripit
2322 4606 2389 4661 de
2412 4604 2613 4660 futuris
2642 4600 2949 4672 suppliciis,
2995 4610 3050 4655 et
3089 4615 3210 4671 qua:
3262 4608 3385 4669 post
3420 4600 3523 4653 ba-

1953 4700 2215 4769 ptismum
2264 4698 2405 4753 facta
2447 4706 2576 4753 sunt
2616 4712 2645 4750 a
2684 4693 2974 4765 baptizatis
3016 4692 3160 4748 bona
3201 4706 3366 4761 opera
3412 4689 3525 4746 Deo

1955 4790 2111 4845 offert
2141 4790 2299 4861 quasi
2349 4791 2574 4844 donum.
2624 4788 2805 4855 Quare
2843 4783 3123 4857 confugite
3163 4784 3232 4840 ad
3279 4798 3479 4854 aquam
3504 4821 3524 4840 .

1575 5037 1812 5095 VARle
1854 5036 2258 5093 LECTIONES.

344 5132 393 5163 '°
438 5131 516 5186 Ita
541 5129 588 5185 Ο
632 5138 686 5186 et
708 5146 775 5186 ex
801 5131 1034 5202 conject.
1101 5129 1163 5196 C,
1195 5132 1304 5202 cuj.
1342 5139 1520 5187 textus
1548 5132 1807 5202 ἐκϐασθῇ.

1899 5133 1942 5164 ⁸¹
1972 5131 2193 5185 πνέουσι
2244 5126 2468 5197 ascripsi
2510 5141 2559 5181 c.
2598 5125 2663 5180 Ο.
2748 5125 2793 5158 ⁸⁸
2823 5121 3038 5197 ᾇστροις
3067 5131 3176 5172 om.
3348 5115 3396 5149 ⁸³
3421 5115 3526 5168 πά-

280 5220 398 5266 σαις
428 5219 486 5273 p.
511 5202 712 5273 πάσαις
754 5186 960 5273 πηγαῖς
987 5201 1027 5256 C
1059 5241 1073 5265 ,
1102 5186 1195 5273 qui
1228 5186 1383 5273 conj.
1429 5186 1976 5266 Gaiaccatg."Lectio
2012 5200 2360 5273 Ottoboniani
2389 5186 2705 5273 quamlibet
2725 5186 3305 5273 conjecturamnreddit
3328 5201 3522 5273 super:

278 5272 463 5330 ﬂuam.
540 5272 588 5306 “
612 5272 728 5325 Κᾶν
773 5272 839 5327 C.

912 5266 1364 5345 fiémyfcjigab'ro
1378 5290 1439 5345 γ.
1471 5274 1511 5328 C
1541 5314 1556 5338 ,
1583 5275 1817 5345 ἐπιγνῷς
1847 5273 2044 5345 σαυτοῦ
2075 5271 2213 5345 γ.-[).
2291 5277 2335 5309 ⁸⁸
2359 5266 2451 5323 καί
2479 5283 2587 5345 om.
2622 5266 2684 5320 Ο.

2762 5268 2805 5301 ⁵⁷
2827 5257 2935 5316 ’κᾶν
2962 5275 3069 5315 scr.
3102 5257 3522 5311 Schliemannus

280 5327 473 5407 Ciam"
506 5359 561 5412 p.
584 5342 711 5415 2‘26,
739 5342 862 5399 569.
893 5340 963 5399 S.
1028 5327 1084 5377 δέ
1105 5327 1246 5415 ΙέιιὈ
1292 5360 1343 5399 c.
1371 5327 1409 5397 5
1438 5385 1453 5410 ,
1474 5327 1623 5415 αἰτίᾳ
1656 5327 1885 5415 φόὅὶιῖίὶ.
1914 5327 2191 5415 Haecvbb.
2228 5356 2337 5415 non
2375 5346 2501 5415 sunt
2539 5337 2809 5415 incodice
2836 5330 3493 5415 Turi'ianitn'e‘quegagno

280 5425 507 5471 scuntur
532 5430 562 5468 a
589 5413 787 5468 Ruﬁno
812 5432 827 5479 ;
854 5429 1023 5483 quare
1046 5428 1109 5468 ea
1134 5412 1177 5466 D
1229 5429 1349 5469 esse
1375 5422 1530 5484 putat
1563 5412 1609 5469 a'
1630 5412 1985 5469 mala'manu.
2022 5414 2081 5468 S.

1218 5485 1262 5517 ⁸ο
1287 5483 1399 5541 Cfr.
1440 5483 1620 5541 Schw.
1682 5485 1855 5539 Mont.

279 5484 405 5539 Ruf.
434 5484 555 5538 Rec.
582 5502 656 5544 γι,
684 5484 717 5538 9
745 5503 758 5538 :
787 5494 1117 5551 amputatur.

2181 5417 2226 5449 ³ο
2251 5410 2531 5479 ἀποτέμνῃ
2569 5408 2675 5479 alia
2720 5400 2961 5479 man._Q.
2999 5399 3072 5453 Ita
3102 5408 3156 5479 ert
3178 5395 3517 5479 'I‘Iurrianus;

1904 5465 1984 5553 ii."
2016 5465 2117 5538 1'84
2136 5501 2159 5553 ;,
2208 5465 2450 5553 Nsachapl
2480 5465 2739 5553 Ζρξιειμετ
2768 5474 2936 5553 ινὲεε
2966 5466 3343 5553 εει.-.ξ.Ζε¹¹ίῖε.ξ
3364 5465 3517 5553 {'33}-

282 5533 658 5611 ramirami;
690 5533 715 5607 ἶ
746 5533 1158 5623 ιὲιιξίρΪὀιῑιὶς
1191 5533 1368 5621 I845,
1383 5533 1620 5623 b.1139";
1638 5533 1863 5610 nisi".
1903 5533 2193 5610 Wuiiéiib.
2232 5533 2313 5607 St.
2344 5533 2479 5603 to'm.
2509 5546 2693 5609 XVIII,
2728 5533 2864 5614 p.71
2886 5533 3138 5614 sq.,jx1X
3158 5552 3211 5605 p-
3240 5535 3375 5598 179;
3410 5533 3524 5585 Hil-

282 5620 493 5678 eenfeld
526 5645 540 5678 :
575 5624 637 5678 D.
665 5571 976 5678 %lem.Rec.
1000 5641 1055 5678 ιι.
1086 5624 1238 5678 Rom.
1267 5641 1318 5678 ι).
1353 5624 1488 5678 I66:
1517 5624 1582 5678 D.
1619 5625 1714 5678 Ev.
1742 5625 1869 5678 Joh.
1899 5642 1951 5678 ι).
1980 5626 2075 5678 151
2103 5640 2117 5678 :
2150 5622 2296 5675 Krit.
2327 5620 2564 5678 Unters.,
2616 5635 2673 5678 ι).
2704 5616 2850 5678 558ις
2887 5609 3097 5667 Ritschl
3129 5625 3141 5660 :
3173 5602 3519 5678 Αηηίῖίιεοι.

281 5620 495 5696 geniem
526 5645 540 5679 :
575 5624 637 5678 D.

283 5693 413 5750 Tub.
442 5695 599 5760 i85l,
629 5710 684 5765 p.
716 5695 840 5749 514.
920 5696 962 5728 οι
987 5696 1080 5748 καί
1106 5693 1151 5749 o
1190 5712 1241 5750 e.

731 5641 833 5678 em.
852 5620 976 5678 Ret}.
1000 5641 1055 5678 ιι.
1086 5620 1238 5680 Rem.
1267 5620 1488 5694 p.166;
1517 5620 1599 5680 Β,
1619 5625 1714 5681 Εν.
1742 5625 1869 5681 Joh.
1899 5642 1951 5694 ι).
1980 5626 2075 5679 151
2103 5640 2117 5689 ;
2150 5622 2296 5694 Κνᾷι.
2323 5620 2564 5694 ῌηνῑενεξν

1343 5736 1356 5759 ,
1388 5678 1488 5765 qui,
1523 5678 1713 5753 locum
2024 5678 2251 5749 restitui
2275 5692 2430 5765 ελ-Και
2455 5678 2787 5765 τοὺςιβαπτἓ
2801 5678 2893 5765 Et}
2927 5686 2993 5753 τῇ
3022 5678 3284 5765 τροξτῗῖλξθί

2836 5634 2848 5644 ·
2887 5602 3097 5667 Ritschl
3129 5602 3211 5660 εἈ
3223 5614 3321 5658 nu.‘
3338 5602 3519 5656 Theol.

2658 5705 2772 5741 ιπτ.
2801 5660 2893 5738 ἐπὶ
2927 5686 2993 5746 τῇ
3022 5696 3107 5746 τρ.
3138 5678 3284 5746 ἐπον,
3335 5662 3519 5746 ῤ’ύεται

3371 5690 3523 5726 υεται

400 5743 1086 5838 νᾼριιὰηᾶ
1109 5743 1253 5838 ξκᾶὶ
1269 5743 2251 5838 ’άὲθὲῑὶιιίῐὲ
2277 5743 2322 5818 Β
2370 5762 2400 5815 ὸ
2424 5743 3034 5830 τοὺςβαπτιζομένούς.
3057 5743 3068 5751 ’
3112 5748 3157 5781 ⁶¹
3184 5743 3278 5799 καί
3308 5743 3420 5800 om.
3452 5744 3518 5799 0.

282 5832 1162 5904 ⁸³ὠςᾶνῐ),ὅτ’ἆν(.ἶ,δτανο.
