3894 6208
396 292 499 348 9.θὸ
1244 293 1299 347 S.
1341 288 1725 347 CLEMENTIS
1751 289 1772 344 I
1798 288 1964 346 ROM.
2004 288 2206 346 PONT.
2248 291 2479 347 OPERA
2513 291 2740 350 DUBIA.
3552 297 3700 355 296

398 413 514 467 hrec
553 411 697 466 enim
745 409 862 466 sola
911 407 1017 462 vim
1061 404 1204 476 ignis
1251 413 1431 474 potest
1477 405 1842 475 exstinguere.
1892 405 1969 458 Ad

2078 403 2408 460 πτισθέντων
2433 405 2532 470 τὰς
2563 406 2830 470 εὐποιίας.
2853 406 2943 484 Διὸ
2973 409 3342 480 προσφεύγετε
3371 411 3452 484 τῷ
3475 412 3694 473 ὕδατι.

398 518 562 572 quam
589 503 680 571 qui
714 503 951 556 nondum
983 497 1097 551 vult
1119 496 1324 560 venire,
1356 495 1535 550 adhuc
1561 496 1810 550 rabidum
1837 495 1969 565 gerit

2075 494 2229 548 τοῦτο
2255 496 2363 568 γὰρ
2396 497 2554 568 μόνον
2581 499 2680 570 τὴν
2712 497 2804 550 τοῦ
2840 477 3240 573 πῦρὸς-ὁρμὴν
3273 477 3462 556 σϐέσαι
3494 506 3698 558 δύνα-

397 595 670 664 spiritum,
694 595 851 663 cujus
875 591 1046 663 gratia
1069 603 1179 644 non
1210 590 1334 660 vult
1359 604 1458 658 pro
1487 605 1586 644 sua
1623 591 1797 646 salute
1825 590 1969 646 adire

2075 601 2178 638 ται.
2215 585 2399 657 Τούτῳ
2425 589 2452 640 ὁ
2484 589 2648 659 μήπω
2675 588 2988 660 προσελθεῖν
3015 590 3182 646 θέλων
3206 592 3283 645 ἔτι
3313 594 3372 647 τὸ
3402 597 3503 666 τῆς
3537 596 3616 650 λύ
3629 615 3699 650 σ-

397 702 594 755 aquam
624 687 820 741 vivam.
2075 694 2174 747 σης
2207 677 2360 750 φέρει
2394 679 2626 750 πνεῦμα,
2662 676 2722 734 οὗ
2754 682 2912 753 ἕνεκα
2937 683 3028 735 ἐπὶ
3058 685 3122 755 τῇ
3155 684 3317 738 αὑτοῦ
3332 686 3377 718 ⁸⁸
3409 688 3698 760 σωτηρίᾳ

2076 768 2229 822 ὕδατι
2259 768 2419 834 ζῶντι
2452 771 2771 842 προσελθεῖν
2803 774 2864 826 οὐ
2899 772 3062 829 θέλει.

467 861 681 918 XXVII.
720 865 931 919 Accede
979 865 1164 936 igitur,
1215 855 1328 918 sive
1367 862 1550 932 justus
1581 860 1676 926 sis,
1724 858 1838 915 sive
1886 857 1969 912 in-

2142 859 2356 914 XXVII.
2385 862 2653 934 Πρόσελθε
2686 860 2799 929 οὖν,
2831 863 2933 919 κᾶν
2959 865 3163 930 δίκαιος
3194 861 3279 941 ᾖς,
3313 867 3414 922 κᾶν
3445 870 3686 933 ἄδικος.

393 960 597 1029 justus.
627 958 760 1013 Nam
790 961 909 1026 tibi,
941 961 984 1015 si
1019 961 1205 1029 justus
1233 976 1312 1024 es,
1346 960 1522 1014 solum
1565 958 1751 1012 deerat
1797 955 1969 1026 bapti-

2075 954 2274 1023 Δικαίῳ
2324 953 2433 1024 γὰρ
2489 955 2601 1008 ὄντι
2639 955 2804 1027 248
2849 974 2928 1010 σοι
2981 959 3138 1028 μόνον
3183 959 3360 1012 ἔλειπε
3411 959 3472 1013 τὸ
3518 961 3683 1032 πρὸς

397 1053 509 1106 zari
539 1053 591 1105 in
619 1053 869 1117 salutem,
898 1054 982 1106 sin
1010 1053 1248 1122 injustus
1272 1053 1326 1106 in
1351 1051 1728 1106 remissionem
1756 1065 1966 1114 eorum,

2075 1045 2346 1116 σωτηρίαν
2381 1045 2762 1117 βαπτισθῆναι,
2788 1047 2958 1120 ἀδίκῳ
2999 1049 3055 1102 δὲ
3090 1051 3225 1122 πρὸς
3255 1051 3318 1104 τὸ
3349 1051 3691 1124 βαπτισθῆἀ

395 1157 516 1209 qua:
534 1141 586 1193 in
612 1141 920 1210 ignorantia
945 1143 1098 1212 prius
1122 1142 1467 1212 perpetrasti.
1486 1141 1544 1194 Si
1561 1155 1688 1194 vero
1711 1139 1967 1208 injustus,

2075 1152 2158 1189 ναι
2191 1136 2234 1167 ⁸⁸
2267 1138 2351 1200 είς
2383 1137 2573 1205 ἄφεσιν
2606 1139 2712 1192 τῶν
2743 1141 2800 1191 ὲν
2832 1141 3022 1212 ἀγνοίᾳ
3045 1145 3560 1215 προπεπραγμένων
3588 1145 3680 1198 ⁸⁸.

396 1232 742 1301 relinquitur,
781 1242 839 1286 ut
871 1235 1218 1302 baptismatis
1246 1234 1387 1289 bona
1415 1233 1660 1303 opereris
1683 1232 1839 1300 juxta
1866 1232 1969 1286 im-

2085 1226 2274 1297 Ἀδίκῳ
2311 1227 2355 1280 δ’
2391 1229 2884 1282 ὑποκαταλείπεται
2920 1232 3040 1284 κατ’
3071 1233 3361 1302 ἀναλογίαν
3391 1237 3488 1306 τῆς
3522 1237 3665 1288 ἀσε-

396 1323 613 1391 ρίθιωίε
654 1326 1080 1393 proportionem.
1135 1325 1498 1394 Quapropter,
1546 1324 1659 1377 sive
1685 1323 1866 1392 justus
1909 1338 1968 1376 es

2075 1315 2220 1380 ϐείας
2247 1319 2280 1388 ἡ
2310 1320 2401 1371 ἐπὶ
2431 1319 2492 1372 τὸ
2527 1320 2806 1392 βάπτισμα
2853 1323 3088 1376 εὐποιῖα.
3125 1325 3216 1401 Aab
3260 1327 3397 1379 εἴτε
3443 1327 3683 1392 δίκαιος

391 1413 509 1467 sive
536 1414 780 1482 iniquus,
809 1414 1004 1470 festina
1048 1417 1198 1469 nasci
1248 1413 1380 1479 Deo,
1411 1414 1536 1483 quia
1580 1413 1768 1468 dilatio
1817 1413 1969 1466 alii-rt

2075 1405 2138 1471 εἴ,
2176 1411 2281 1462 εἴτε
2310 1411 2510 1477 ἄδικος,
2555 1413 2788 1468 σπεῦσον
2814 1415 3138 1487 γεννηθῆναι
3170 1417 3306 1487 Θεῷ,
3343 1418 3423 1470 ὅτι
3455 1421 3486 1490 ἡ
3519 1421 3682 1472 ἀνα-

367 1506 734 1575 Δρει-ἱουίιιηη
800 1523 925 1560 nam
965 1509 1228 1561 incertum
1281 1516 1363 1562 est
1409 1507 1770 1577 prtestitutum
1805 1507 1968 1560 morti

2075 1501 2198 1572 ϐολὴ
2233 1503 2473 1556 κίνδυνον
2513 1505 2665 1575 φέρει
2697 1505 2783 1559 διὰ
2815 1507 2874 1559 τὸ
2906 1507 3095 1577 ἄδηλον
3126 1509 3168 1539 ⁶⁷
3199 1505 3335 1562 εἶναι
3361 1510 3452 1562 τοῦ
3488 1512 3678 1564 θανά-

397 1606 598 1650 nostra:
629 1608 862 1666 tempus.
899 1597 1070 1663 Patri,
1103 1598 1195 1667 qui
1228 1607 1278 1651 te
1307 1613 1369 1651 ex
1403 1613 1542 1666 aqua
1575 1597 1778 1666 genuit,
1811 1597 1968 1651 simi-

2075 1611 2167 1647 του
2213 1595 2312 1667 τὴν
2362 1595 2717 1666 προθεσμίαν,
2762 1598 2842 1668 τῷ
2874 1598 2933 1663 ἐξ
2976 1599 3166 1664 ὓδατος
3199 1602 3243 1633 ⁸⁸
3295 1604 3552 1671 γεννῶν-τί
3591 1623 3671 1658 σε

395 1686 679 1742 litudinem
705 1704 800 1756 per
815 1691 955 1742 bona
972 1704 1136 1758 opera
1156 1689 1399 1743 ostende.
1420 1687 1701 1757 Tanquam
1727 1687 1836 1740 veri
1855 1696 1968 1740 stu-

393 1779 582 1834 diosus
611 1795 795 1833 verum
828 1778 996 1834 Deum
1024 1781 1228 1834 honora
1251 1790 1308 1834 ut
1331 1789 1560 1849 patrem.
1581 1777 1768 1831 Honor
1789 1787 1966 1832 autem

391 1871 514 1940 ejus
531 1873 784 1938 est,utita
803 1873 974 1938 vivas,
999 1875 1139 1927 sicut
1162 1873 1295 1942 ipse,
1315 1873 1408 1942 qui
1430 1873 1612 1941 justus
1636 1880 1736 1936 est,
1767 1871 1973 1924 deside-

392 1965 820 2034 rat.l’orrojusti
842 1967 1091 2020 voluntas
1105 1975 1204 2027 est,
1227 1964 1548 2033 injustitiam
1575 1978 1679 2016 non
1705 1962 1889 2017 facias.
1909 1961 1971 2016 Et

392 2065 476 2110 est
503 2056 786 2124 injustitia,
815 2057 1080 2118 occidere,
1105 2057 1432 2119 adulterare,
1467 2056 1666 2120 odisse,
1693 2053 1967 2119 fraudare,

392 2157 693 2216 ceteraque
738 2148 821 2202 his
856 2149 1076 2213 similia,
1098 2164 1332 2217 quorum
1367 2147 1548 2200 multa:
1578 2155 1705 2200 sunt
1736 2147 1965 2214 species.

463 2240 703 2295 XXVIII.
748 2240 1132 2296 Verumtamen
1168 2241 1286 2296 istis
1335 2241 1697 2310 adjiciendum
1744 2248 1828 2295 est
1869 2240 1971 2295 ali-

393 2336 548 2404 quid,
581 2335 726 2404 quod
754 2335 973 2404 quidem
1005 2349 1129 2388 cum
1158 2335 1382 2404 reliquis
1409 2333 1720 2387 hominibus
1750 2347 1860 2386 non
1885 2342 1968 2387 est

393 2442 707 2490 commune,
739 2425 831 2479 sed
861 2425 1080 2494 proprie
1107 2425 1365 2493 competit
1409 2424 1657 2493 religioni
1691 2422 1804 2478 Dei.
1836 2423 1967 2478 Dico

394 2529 597 2584 autem,
625 2519 677 2572 in
705 2518 938 2587 puritate
964 2517 1177 2586 degere,
1209 2517 1273 2569 ad
1310 2532 1534 2570 uxorem
1567 2532 1720 2570 suam
1749 2516 1967 2585 quando

394 2610 451 2662 in
483 2611 805 2679 purgatione
829 2619 912 2664 est
954 2625 1062 2662 non
1107 2609 1363 2662 accedere
1396 2626 1407 2661 :
1444 2609 1545 2662 hoc
1589 2609 1786 2677 quippe
1813 2609 1968 2678 jubet

395 2699 489 2753 Dci
526 2700 635 2754 lex.
669 2697 809 2764 Quid
867 2700 1024 2753 vero?
1067 2698 1179 2753 Nisi
1226 2700 1433 2768 put-itas
1476 2699 1530 2752 in
1567 2700 1828 2768 religione
1870 2699 1966 2754 Dei

393 2800 539 2845 esset
591 2798 930 2854 consecrata,
983 2804 1081 2843 vos
1132 2798 1190 2843 ut
1236 2788 1482 2842 canthari
1526 2803 1649 2843 cum
1694 2790 1968 2858 voluptate

393 2881 770 2936 voiveremini.
802 2880 1002 2947 Quare,
1035 2891 1296 2950 tanquam
1330 2881 1578 2935 homines
1604 2882 1807 2951 aliquid
1850 2898 1966 2936 am—

394 2974 539 3043 plius
571 2972 744 3026 brutis
791 2973 1160 3026 animantibus
1213 2973 1493 3036 habentes,
1545 2973 1800 3029 nimirum
1846 2992 1966 3032 esse

2071 1687 2238 1756 πατρὶ
2269 1686 2357 1739 διὰ
2408 1687 2508 1757 τῆς
2553 1689 2799 1752 εὑποιΐας
2847 1691 2944 1761 τὴν
2990 1693 3279 1762 ὁμοιότητα
3319 1693 3513 1759 δείξας.
3563 1696 3664 1759 Ὡς·

2073 1776 2370 1848 φιλαλήθης
2417 1778 2507 1831 τὸν
2542 1778 2716 1849 ἀληθῆ
2750 1779 2880 1832 Θεὸν
2912 1781 3087 1852 τιμῶν
3119 1782 3193 1846 ὡς
3236 1785 3461 1856 πατέρα.
3499 1786 3662 1857 Τιμὴ

2071 1867 2125 1920 δὲ
2161 1868 2306 1938 αύτῷ
2337 1869 2397 1922 τὸ
2430 1867 2528 1941 ζῇν
2565 1888 2622 1924 σε
2655 1871 2730 1935 ὡς
2765 1873 2925 1936 αὐτὸς
2973 1874 3176 1938 δίκαιος
3221 1875 3296 1929 ὢν
3347 1877 3506 1930 θέλει.
3553 1882 3660 1932 Δι-

2072 1961 2225 2013 καίου
2271 1961 2327 2014 δὲ
2365 1961 2596 2032 ,θέλημα
2651 1963 2713 2015 τὸ
2768 1965 2841 2034 μὴ
2874 1964 3116 2018 ’ὰδικεῖν.
3169 1966 3371 2020 Ἀδικία
3401 1967 3457 2020 δέ
3499 1971 3660 2022 ἐστιν

2072 2049 2333 2119 φονεύειν,
2373 2055 2568 2122 μισεῖν,
2605 2053 2964 2119 πλεονεκτεῖν,
3001 2057 3093 2109 καὶ
3123 2055 3191 2110 τὰ
3219 2057 3428 2121 τούτοις
3451 2060 3612 2128 ὃμοια
3633 2076 3652 2090 ·

2069 2141 2271 2195 τούτων
2300 2143 2354 2194 δὲ
2384 2142 2493 2214 εἴδη
2529 2143 2716 2197 πολλά.

2140 2235 2375 2290 XXVIII.
2415 2238 2560 2319 Πλὴν
2609 2240 2821 2303 τούτοις
2864 2243 3235 2314 συνεισφέρειν
3285 2243 3364 2296 δεῖ
3404 2245 3457 2297 τί
3492 2262 3651 2308 ποτε,

2067 2327 2096 2379 ὃ
2129 2329 2414 2399 κοινότητα
2441 2329 2577 2401 πρὸς
2601 2331 2944 2403 [ἀνθρώπους
2981 2335 3077 2404 μὲν
3122 2335 3220 2388 οὐκ
3252 2335 3382 2405 ἔχει,
3430 2337 3557 2389 [διον
3590 2337 3652 2390 δὲ

2069 2417 2366 2489 θρησκείας
2405 2420 2538 2474 Θεοῦ
2571 2425 2844 2492 τυγχάνει.
2881 2425 3039 2493 Λέγω
3082 2425 3146 2496 δὴ
3191 2425 3252 2478 τὸ
3299 2425 3647 2496 καθαρεύειν,

2067 2509 2127 2563 τὺ
2159 2513 2216 2564 ὲν
2262 2512 2478 2583 ἀφέδρῳ
2525 2513 2658 2586 οὔσῃ
2698 2517 2764 2586 τῇ
2816 2516 2922 2587 ἰδίᾳ
2965 2521 3176 2588 γαμετῇ
3228 2519 3301 2588 μὴ
3347 2523 3646 2583 κοινωνεῖν,

2067 2603 2149 2656 ὃτι
2180 2605 2337 2658 τοῦτο
2359 2608 2387 2658 ὁ
2418 2607 2551 2660 Θεοῦ
2588 2609 2798 2661 κελεύει
2833 2611 3011 2680 νόμος.
3043 2611 3106 2663 Τί
3135 2612 3222 2676 δέ;
3257 2614 3304 2664 εί
3340 2613 3412 2683 μὴ
3454 2613 3546 2665 καὶ
3576 2616 3644 2684 τῇ

2065 2695 2160 2748 τοῦ
2193 2696 2326 2750 Θεοῦ
2361 2698 2624 2770 θρησκείᾳ
2650 2700 2709 2752 τὸ
2741 2699 3063 2773 καθαρεύειν
3097 2703 3358 2768 ἀνέκειτο,
3392 2705 3547 2773 ὑμεῖς
3569 2705 3648 2767 ὡς

2067 2790 2116 2842 oi
2145 2789 2402 2861 κάνθαροι
2437 2791 2480 2821 ⁶’
2510 2791 2680 2860 ἡδέως
2714 2792 2778 2844 ἂν
2812 2793 3107 2846 ὲκυλίεσθε.
3141 2794 3230 2872 Alt?)
3263 2795 3337 2858 ὡς
3370 2795 3645 2866 ἄνθρωποι

2068 2878 2285 2947 ἔχοντες
2316 2896 2368 2930 τι
2403 2879 2584 2932 πλεῖον
2632 2881 2740 2933 τῶν
2787 2881 2993 2951 ἀλόγων
3041 2881 3212 2947 ζώων,
3255 2884 3316 2936 τὸ
3359 2884 3564 2952 λογικοὶ
3598 2887 3646 2917 ⁷⁸

2069 2961 2226 3028 εἶναι,
2261 2965 2358 3036 τὴν
2407 2966 2505 3035 μὲν
2540 2967 2763 3039 καρδίαν
2799 2970 2906 3022 τῶν
2953 2970 3137 3023 κακῶν
3185 2972 3418 3043 οὐρανίῳ
3452 2973 3644 3044 ικαθά-

392 3064 712 3129 rationales,
749 3079 844 3118 cor
871 3064 1090 3133 quidem
1128 3079 1157 3116 a
1185 3065 1343 3119 malis
1390 3076 1613 3136 purgate
1651 3082 1746 3135 per
1805 3069 1962 3122 caele-

2075 3071 2201 3125 ρατε
2234 3055 2498 3126 λογισμῷ,
2527 3057 2736 3130 λουτρῷ
2767 3060 2821 3111 δὲ
2859 3060 3081 3113 πλύνετε
3111 3063 3156 3094 ⁷¹
3181 3064 3242 3115 τὸ
3275 3064 3450 3134 σῶμα.
3483 3065 3650 3137 249

407 3161 544 3205 stem
575 3151 928 3217 intellectum,
957 3152 1174 3205 lavacro
1203 3163 1381 3206 autem
1398 3167 1598 3223 corpus
1613 3155 1967 3212 diluite.Nam

394 3241 538 3296 inter
578 3257 704 3296 vere
748 3243 888 3297 bona
945 3254 1029 3298 est
1083 3244 1398 3298 mundities.
1431 3242 1548 3298 Non
1583 3248 1739 3315 quasi
1787 3249 1968 3303 cordis

395 3334 685 3403 puritatem
717 3334 982 3402 praecedat
1009 3334 1236 3389 castitas
1261 3337 1525 3404 corporis,
1565 3339 1658 3390 sed
1688 3339 1813 3407 quia
1846 3349 1969 3408 post

396 3426 600 3479 bonum
632 3426 877 3493 sequitur
905 3425 1048 3494 quod
1083 3427 1344 3480 mundum
1390 3435 1491 3480 est.
1541 3426 1752 3481 Etenim
1799 3430 1970 3499 magi-

403 3526 516 3571 ster
580 3525 764 3571 noster
810 3517 1074 3586 quosdam
1126 3526 1436 3571 nostrorum
1472 3517 1870 3572 Pharisaeorum
1919 3528 1972 3573 et

399 3608 741 3672 Scribarum,
779 3610 871 3679 qui
907 3617 1036 3663 sunt
1061 3609 1323 3677 separati,
1349 3618 1402 3663 et
1434 3610 1566 3678 legis
1603 3610 1877 3676 instituta,
1910 3619 1971 3664 ut

400 3702 623 3767 Scribae,
649 3703 770 3771 plus
800 3702 1008 3756 cameris
1031 3710 1388 3770 cognoscunt,
1414 3701 1770 3767 redarguebat
1792 3711 1968 3755 tamen

397 3794 548 3848 velut
577 3793 907 3863 hypocritas,
936 3791 1080 3861 quod
1124 3806 1187 3845 ea
1234 3791 1346 3846 sola
1391 3806 1512 3859 quae
1543 3791 1612 3844 ab
1662 3791 1973 3846 hominibus

396 3885 648 3939 videntur
665 3885 1028 3954 puriﬁcarcnt,
1063 3880 1246 3937 cordis
1295 3896 1424 3936 vero
1467 3883 1762 3951 puritatem
1807 3899 1971 3953 quam

397 3971 548 4026 solus
579 3969 721 4025 Deus
747 3970 941 4039 aspicit
967 3970 1360 4038 relinquerent.

470 4061 665 4117 XXIX.
708 4060 822 4116 Hac
868 4076 999 4130 ergo
1056 4061 1170 4130 ipsa
1211 4077 1344 4115 voce
1375 4079 1509 4117 usus
1549 4071 1652 4130 est,
1689 4078 1876 4118 revera
1907 4065 1973 4120 ad

399 4153 710 4222 hypocritas
749 4152 889 4206 inter
919 4166 1014 4206 eos
1059 4151 1309 4220 loquens,
1353 4168 1460 4205 non
1491 4169 1621 4207 vero
1663 4155 1730 4207 ad
1763 4170 1971 4210 omnes.

398 4241 535 4296 Nam
567 4241 842 4311 praecepit,
877 4250 936 4295 ut
977 4240 1306 4310 quibusdam
1352 4242 1684 4306 obediretur,
1722 4245 1870 4314 quod
1907 4246 1974 4301 iis

399 4337 692 4391 commissa
743 4335 937 4390 fuisset
996 4332 1196 4403 Moysis
1257 4334 1512 4388 cathedra
1545 4346 1591 4389 α.
1653 4334 1850 4390 Verum
1908 4337 1975 4392 ad

2071 3145 2228 3199 Κατὰ
2263 3147 2371 3217 γὰρ
2397 3147 2466 3200 τὰ
2490 3148 2663 3220 ἀληθῆ
2689 3151 2750 3202 τὸ
2782 3151 3127 3223 καθαρεύειν,
3151 3155 3344 3224 ούχῖὼς
3368 3157 3448 3210 ὅτι
3475 3174 3650 3228 προη-

2069 3239 2245 3304 γεῖται
2270 3237 2370 3306 τῆς
2403 3238 2544 3291 κατὰ
2567 3240 2664 3311 τὴν
2690 3241 2914 3311 καρδίαν
2940 3243 3256 3314 καθάρσεως
3283 3247 3315 3316 ἡ
3339 3247 3432 3298 τοῦ
3463 3247 3652 3318 σώμα-

2068 3344 2158 3390 τος
2187 3329 2399 3396 ἁγνεία,
2434 3329 2546 3382 ἀλλ’
2581 3331 2656 3393 ὡς
2687 3332 2732 3361 ⁷³
2765 3333 2846 3384 ὅτι
2879 3333 3067 3386 ἕπεται
3100 3335 3180 3404 τῷ
3211 3336 3400 3406 ἀγαθῷ
3438 3338 3499 3389 τὸ
3542 3355 3649 3390 κα-

2071 3418 2273 3490 θάριον.
2309 3422 2418 3475 Καὶ
2450 3421 2556 3492 γὰρ
2603 3425 2632 3475 ὁ
2671 3423 2986 3488 διδάσκαλος
3029 3425 3183 3496 ἡμῶν
3236 3427 3408 3490 ἐνίους
3446 3429 3553 3481 τῶν
3588 3430 3650 3482 ὲν

2071 3509 2200 3578 ἡμῖν
2227 3508 2274 3539 ⁷³
2299 3510 2608 3579 Φαρισαίων
2640 3513 2732 3563 καὶ
2758 3514 3147 3582 γραμματέων,
3183 3515 3238 3566 οἵ
3266 3518 3404 3567 εἰσιν
3435 3518 3632 3586 ἀφωριι

2074 3603 2258 3670 σμένοι
2288 3600 2399 3672 (55)
2427 3603 2520 3653 καὶ
2542 3601 2609 3653 τὰ
2637 3602 2846 3672 νόμιμα
2870 3603 2944 3666 ὡς
2970 3608 3314 3676 γραμματεῖς
3337 3606 3444 3658 τῶν
3471 3607 3652 3662 ἄλλων

2072 3688 2253 3767 πλξῖον
2292 3690 2509 3753 εἰδότες,
2553 3691 2702 3759 ὅμως
2743 3690 3022 3761 διήλεγχεν
3055 3694 3250 3756 αὐτοὺς
3297 3695 3372 3758 ὼς
3417 3696 3652 3767 ὑποκρι-

2070 3759 2189 3844 τὰξ,
2219 3781 2320 3844 ὅτι,
2358 3780 2493 3850 μόνα
2533 3779 2602 3832 τὰ
2629 3780 2933 3852 ἀνθρώποις
2968 3785 3264 3854 φαινόμενα
3306 3784 3652 3853 ἁγνεύοντες,

2071 3871 2140 3924 τὰ
2168 3872 2266 3941 τῆς
2294 3871 2518 3942 καρδίας
2551 3871 2764 3942 καθαρὰ
2796 3874 2888 3926 καὶ
2921 3873 3039 3945 Θεῷ
3075 3875 3219 3945 μόνῳ
3234 3874 3481 3946 ὁρώμενα
3501 3894 3652 3949 παρ-

2073 3963 2131 4015 ελ
2139 3964 2152 4016 ί
2161 3980 2369 4034 μπανον
2377 4005 2388 4015 .

2143 4055 2336 4109 XXIX.
2373 4057 2535 4127 Ῥητῇ
2566 4052 2657 4110 οὖν
2679 4058 3031 4132 ταύτῃ“φωνῇ
3067 4063 3352 4133 ἐχρήσατο,
3383 4065 3450 4117 τὰ
3472 4065 3651 4138 ἀληθῆ

2075 4149 2210 4220 πρὸς
2249 4149 2372 4211 τοὺς
2407 4150 2702 4223 ὑποκριτὰς
2733 4151 2908 4204 αὐτῶν
2950 4152 3119 4219 λέγων
3150 4155 3216 4218 ⁷⁸,
3252 4156 3311 4206 ού
3346 4157 3480 4226 πρὸς
3512 4158 3653 4210 πάν-

2073 4256 2191 4301 τας.
2236 4238 2419 4291 Ἐνίων
2446 4240 2554 4313 γὰρ
2583 4242 2676 4294 καὶ
2708 4241 2994 4295 ἐπακούειν
3029 4242 3231 4311 ἔλεγεν,
3259 4245 3338 4296 ὅτι
3361 4246 3459 4315 τὴν
3477 4247 3657 4300 Munii-

2079 4329 2215 4392 σέως
2247 4330 2641 4402 ἐπιστεύθησαν
2693 4332 2975 4403 καθέδραν.
3013 4333 3158 4410 Πλῂν
3193 4335 3328 4404 πρὸς
3354 4337 3479 4399 τοὺς
3511 4337 3652 4388 ὑπο-

403 4427 716 4498 hypocritas
752 4427 924 4480 dixit:
960 4423 1049 4478 Va:
1081 4425 1222 4478 vobis
1253 4423 1451 4478 Scriba:
1486 4435 1533 4477 et
1560 4423 1826 4480 ΡΙιανίδιεί
1867 4427 1966 4497 hy-

2075 4421 2264 4491 κριτὰς
2296 4421 2494 4490 ἕλεγεν·
2521 4423 2662 4476 Οὐαὶ
2695 4423 2834 4492 ὑμῖν
2865 4425 2933 4489 ⁷⁵,
2963 4426 3315 4494 πραμματεῒς
3343 4427 3442 4480 καὶ
3469 4430 3650 4496 Φαρι-

401 4518 653 4587 pocritw,
701 4518 827 4586 quia
879 4514 1147 4569 mundatis
1201 4514 1384 4568 calicis
1432 4525 1480 4568 et
1507 4517 1805 4585 paropsidis
1832 4521 1969 4588 quod

401 4610 633 4661 exterius
675 4616 780 4672 est,
826 4611 968 4662 intus
1011 4617 1189 4660 autem
1233 4622 1294 4659 ea
1329 4605 1483 4676 plena
1523 4618 1644 4660 sunt
1686 4610 1969 4678 squaloris.

2070 4512 2249 4575 σαῖσι,
2300 4514 2637 4581 ὑποκριταὶ,
2688 4514 2777 4567 ὅτι
2830 4515 3161 4583 καθαρίζετε
3202 4516 3307 4569 τοῦ
3360 4521 3652 4586 ποτηρίου

2071 4603 2170 4656 καὶ
2211 4601 2322 4672 τῆς
2354 4605 2685 4673 παροψίδος
2729 4605 2792 4658 τὸ
2825 4605 3067 4670 ἔξωθεν,
3118 4608 3342 4661 ἔσωθεν·
3373 4608 3441 4660 δὲ
3483 4609 3654 4678 γέμει

403 4698 674 4754 ΡΙιανὶεωε
715 4715 884 4764 caece,
936 4699 1134 4752 munda
1172 4699 1321 4769 prius
1359 4696 1543 4751 calicis
1585 4708 1634 4751 et
1674 4703 1969 4770 paropsidis

2075 4695 2343 4765 p'dazovf“.
2367 4695 2644 4763 Φαρισαῖε
2673 4695 2884 4765 τυφλέ,
2917 4697 3242 4766 καθάρισον
3275 4698 3508 4767 πρῶτον
3537 4701 3651 4754 τοῦ

501 4826 528 4854 ει
588 4812 779 4868 Matth.
812 4829 971 4879 mn,
1001 4813 1055 4866 2.

1674 4905 1909 4965 VARUS
1950 4913 2348 4973 LECTIONES.

479 5045 526 5077 “
553 5041 639 5114 Ita,
677 5040 716 5096 S
747 5083 761 5106 ,
803 5042 968 5096 αὐτοῦ
995 5042 1057 5105 C,
1094 5040 1156 5096 0.
1235 5049 1278 5079 ⁸⁸
1302 5041 1436 5096 Vbb.
1463 5043 1631 5114 ἀδίκῳ

406 5129 518 5168 rec.
575 5113 653 5183 τῷ
712 5129 808 5183 pro
847 5114 926 5166 τό.

409 5185 453 5221 θ’
479 5180 679 5237 ἄδειλον
704 5181 766 5237 0.
844 5183 888 5214 ⁸⁸
919 5182 1070 5235 ῦδατι
1096 5180 1159 5236 0.

1687 5046 1768 5128 δὲ·
1795 5047 1941 5128 ’πρὸς
1963 5049 2410 5128 τριβαπτ-ισθῆναι
2456 5061 2806 5128 accesserupt
2833 5049 2972 5128 exﬁO
3003 5093 3017 5117 ,
3052 5053 3113 5128 in!
3148 5054 3256 5128 cuj.
3287 5069 3458 5128 marg.
3493 5069 3647 5128 man,

1035 5114 1079 5146 ⁵³
1125 5114 1530 5212 πεπραγμένων
1577 5118 1636 5166 (ὲ.
1676 5114 1916 5170 Subinde
1959 5114 2127 5170 ἀδίκω
2177 5120 2219 5172 δ⁷
2267 5114 2390 5172 add.
2460 5119 2516 5173 S.

1035 5180 1140 5212 ..n
1259 5186 1279 5212 l
1314 5185 1447 5212 Λνζμο
1515 5182 1628 5212 Περι
1683 5187 1820 5212 ι...;....
1889 5201 1918 5212 ..
1972 5189 2034 5212 ιη
2087 5173 2186 5212 ἐξιεῖ
2240 5204 2263 5212 ,ι
2325 5190 2388 5212 ιη
2422 5209 2432 5212 _
2466 5191 2516 5212 ne

2572 5138 2620 5193 c.
2655 5122 2851 5175 Ruﬁno
2879 5121 3001 5177 Res.
3042 5126 3136 5187 vl‘,
3173 5121 3251 5178 9V:
3281 5121 3476 5193 injus'to
3499 5121 3649 5180 vero:

1259 5173 1471 5262 [Αἱ-ἰδὲ.
1509 5182 1652 5262 Hist.
1679 5187 1868 5262 qnim._-
1887 5201 1941 5262 _v,
1969 5189 2056 5262 μ),
2083 5173 2207 5262 552,
2235 5204 2290 5262 a,
2421 5191 2526 5262 [Οἱ
2551 5173 2890 5262 δὲῖκάνθαίροι

407 5253 904 5334 ταύτῃιξρωλεύρυσί
927 5270 986 5304 τε
1013 5253 1397 5334 ίσξὸν-ηχειμιῖξνσιἰ
1428 5251 1651 5334 ξ..Τυ¹[η
1679 5251 2104 5334 ῥινεκυλίεσθεςι)ἶ
2134 5251 2203 5311 ἂν
2230 5251 2507 5334 ἐκυλίεσθε
2549 5255 2627 5315 Cf
2683 5263 2736 5334 τίξ
2757 5251 2970 5334 λογικόν
3008 5263 3048 5316 C
3077 5302 3093 5323 ,
3147 5263 3224 5334 τῷ
3260 5251 3467 5331 λογικοὶ
3505 5261 3652 5318 εἶναι

410 5321 645 5404 conjfs.
676 5325 720 5355 τι
747 5323 978 5404 πλύνατε
1101 5321 1237 5404 Tum
1260 5323 1542 5404 τὸριληθές
1678 5325 1945 5404 Deinceps
1963 5321 2072 5404 fuit:
2095 5330 2284 5404 lacuna
2320 5331 2371 5404 in
2477 5331 2614 5404 inte_r
2641 5321 2964 5404 καθαρεύειν
2996 5342 3048 5404 et
3070 5321 3172 5395 ὅτι,
3197 5321 3360 5403 quam
3391 5335 3461 5387 al.
3492 5350 3647 5390 man.

413 5392 606 5464 partim
648 5394 881 5464 explevit
923 5393 1110 5464 verbis
1169 5392 1266 5460 οὐχ
1297 5394 1398 5464 κὼς
1439 5392 1745 5462 inscriptis.
1820 5392 2196 5461 ἠ’ἁλλὰὼςϐ.

2303 5399 2358 5474 τί
2382 5401 2509 5470 ὑμῖν
2556 5401 2622 5474 (ζ.
2671 5399 3020 5474 Ottoboniani
3075 5399 3647 5474 IectfprzesagivitS.

411 5461 460 5498 ⁵⁸
485 5464 657 5533 λέγων
683 5461 805 5520 add.
836 5479 887 5519 c.
912 5461 976 5518 0.
1007 5461 1152 5517 Idem
1200 5477 1256 5530 p.
1282 5462 1463 5531 ἔλεγεν
1491 5461 1741 5520 lacunam
1765 5467 1986 5535 praebet.
2062 5467 2108 5501 ⁷⁵
2139 5470 2296 5540 ὑμεῖς
2323 5467 2387 5524 0.
2419 5461 2431 5470 ’
2465 5477 2512 5510 τε
2539 5472 2740 5542 ῥύπους
2769 5473 2828 5528 C.

1715 5578 2076 5638 VARIORUM
2104 5582 2337 5640 NOTAE}.

487 5670 612 5752 (35).
661 5672 1091 5752 Ἀςρωρισμένοα
1135 5673 1192 5730 Id
1254 5673 1524 5752 signiﬁcat
1589 5687 1788 5752 no_men
1839 5676 2135 5746 Φαρισαῖοι.
2193 5675 2459 5751 Suspecta
2507 5688 2689 5738 autem
2742 5681 3045 5740 Ebionismi
3085 5692 3139 5740 et
3189 5682 3453 5741 Judaismi
3515 5691 3648 5741 sunt

415 5753 536 5808 (ιιιιὲ
563 5741 646 5802 bis
665 5741 930 5814 capitibus
959 5747 1208 5803 dicuntur
1237 5741 1602 5804 de'lavatione
1643 5744 1778 5804 Cor.
