3894 6208
250 340 351 393 291‘

1315 338 1776 394 CLEMENTINA.
1814 372 1881 380 —
1919 336 2202 393 IIOMIIJA
2238 334 2327 388 XI.

3394 334 3499 390 298

244 458 538 523 ποτηρίου
575 457 673 510 καὶ
703 455 817 525 τῆς
847 454 1179 524 παροψίδος
1214 456 1278 509 τὸ
1322 457 1567 519 ἔσωθεν,
1601 455 1703 508 ἵνα
1731 454 1811 523 γέ-

1934 453 2185 516 interius,
2229 464 2285 506 ut
2331 461 2382 505 et
2420 450 2634 504 illorum
2692 452 2956 503 exteriora
3013 450 3212 503 munda
3274 449 3405 519 ﬁant
3446 465 3494 506 ι.

240 563 425 613 ναίηται
467 546 566 599 καὶ
604 546 676 600 τὰ
707 547 823 611 ἔξω
851 547 1056 599 ἀὐτῶν
1085 548 1130 578 ’⁷
1161 546 1401 614 καθαρά.
1439 546 1550 599 Καὶ
1580 545 1822 615 ἀληθῶςο

243 636 612 703 φωτισθέντος
633 637 741 707 γὰρ
767 636 860 688 τοῦ
889 637 980 707 νοῦ
1009 639 1075 707 τῇ
1098 636 1315 705 γνώσει,
1340 639 1367 690 6
1392 636 1575 706 μαθὼν
1603 636 1825 689 δύναται

239 729 453 796 ἀγαθὸς
508 724 667 789 εἶναι,
795 706 1101 799 παρέπεται
1151 727 1213 778 τὸ
1256 726 1496 798 καθαρὸν
1542 725 1819 795 γενέσθαι·

239 821 311 871 ἐκ
340 821 443 890 τῆς
482 820 590 873 ἔσω
639 821 747 891 γὰρ
800 819 1035 882 διανοίας
1072 818 1225 889 ήτοῦ
1268 818 1372 885 ἔξω
1406 818 1654 889 σώματος
1686 820 1823 886 ἀγα-

239 910 313 979 θὴ
384 910 594 977 γίνεται
629 911 875 982 πρόνοια.
915 912 1003 974 Ὠς
1036 910 1145 964 ἀπό
1175 928 1238 979 γε
1269 912 1367 981 τῆς
1399 909 1539 963 κατά
1570 909 1632 962 τὸ
1664 910 1824 980 σῶμα

238 1002 603 1072 ἀναισθησίας
633 1004 733 1073 τῆς
761 1002 998 1065 διανοίας
1030 1002 1253 1072 πρόνοια
1285 1000 1535 1069 γενέσθαι
1566 1000 1627 1051 οὐ
1660 998 1821 1051 δύνα-

235 1110 354 1153 ται,
385 1091 557 1155 οὕτως
588 1094 616 1145 ὀ
644 1092 882 1164 καθαρὸς
913 1094 1008 1146 καὶ
1029 1094 1090 1145 τὸ
1119 1091 1223 1156 ἔξω
1255 1093 1349 1145 καὶ
1370 1092 1429 1145 τὸ
1454 1092 1562 1144 έσω
1588 1092 1820 1163 καθᾶραι

237 1184 409 1254 250
439 1183 663 1237 δύναται
693 1202 707 1215 ⁸
745 1186 773 1236 6
803 1184 859 1237 δὲ
890 1184 961 1237 τὰ
994 1184 1097 1251 ἔξω
1124 1184 1399 1256 καθαίρων
1451 1184 1587 1255 πρὸς
1613 1181 1820 1255 ἀνθρώ-

238 1292 361 1326 πων
391 1276 437 1305 ⁷⁸
478 1275 569 1327 τὸν
604 1275 823 1328 ἔπαινον
855 1274 1076 1345 ἀφορῶν
1108 1274 1263 1327 τοῦτο
1295 1275 1455 1337 ποιεῖ,
1492 1275 1586 1327 καὶ
1615 1273 1819 1343 ἐπαίνῳ

234 1366 348 1418 τῶν
385 1366 740 1437 ἱστορούντων
774 1365 923 1435 παρὰ
944 1365 1022 1435 τῷ
1053 1364 1170 1435 Θεῷ
1194 1364 1345 1418 οὐδὲν
1374 1364 1504 1433 ἔχει.

310 1455 481 1508 XXX.
520 1457 635 1508 Τίνι
667 1456 724 1507 δὲ
756 1455 817 1508 ού
852 1455 1128 1524 φαίνεται,
1172 1455 1254 1507 ὅτι
1289 1454 1533 1525 κρεῖττόν
1564 1455 1680 1507 ἐστι
1722 1471 1819 1523 γυ-

235 1545 390 1597 ναικὶ
434 1546 493 1596 ὲν
542 1545 873 1613 γυναικείοις
919 1543 1055 1615 οὔσῃ
1104 1542 1176 1614 μὴ
1211 1543 1499 1607 συνελθεῖν,
1534 1542 1668 1595 ἀλλά
1715 1560 1817 1596 κα-

234 1636 506 1710 θαρθείσῃ
542 1638 637 1691 καὶ
685 1636 1078 1707 βαπτισθείσῃς
1127 1634 1286 1688 Ἀλλά
1315 1636 1409 1688 καὶ
1444 1634 1582 1705 μετὰ
1630 1652 1817 1688 κοινω-

232 1731 358 1783 νίαν
409 1728 763 1799 βαπτίζεσθαι
804 1730 901 1783 δεῖ.
965 1730 1029 1781 Εἰ
1070 1728 1126 1782 δὲ
1165 1727 1322 1780 τοῦτο
1368 1731 1539 1780 ποιεῖν
1587 1729 1813 1793 ὀκνεῖτε,

232 1795 616 1892 ἀναπολήσατε
669 1820 787 1883 πῶς
812 1820 880 1873 τὰ
906 1821 1004 1891 τῆς
1024 1819 1244 1889 ἁγνείας
1276 1818 1413 1890 μέρη
1442 1819 1814 1889 μετεδιώκετε,
1848 1795 1889 1854 Β

231 1914 326 1965 ὅτε
361 1912 704 1983 ἀναισθήτοις
736 1911 976 1974 εἰδώλοις
1007 1910 1365 1983 ἐθρησκεύετε
1389 1911 1456 1962 ⁷⁸.
1483 1910 1816 1981 Αἰσχύνθητε

232 2002 317 2053 ὅτι
365 2000 626 2064 ἐνταῦθα,
662 2002 793 2054 ὅπου
837 2001 1025 2072 ἐχρῆν,
1059 2000 1120 2053 οὐ
1163 1999 1225 2052 τὸ
1257 1999 1441 2052 πλεῖον
1473 1999 1648 2068 λέγω,
1683 2000 1816 2054 ἀλλά

237 2094 401 2162 μόνον
435 2094 527 2145 καί
558 2093 677 2145 ὅλον
707 2093 769 2145 τὸ
796 2094 894 2164 τῆς
926 2091 1149 2161 ἁγνείας
1175 2090 1555 2154 ἀναδέξασθαι,
1590 2091 1815 2162 ὀκνηρό-

228 2202 384 2254 τεροι
417 2184 650 2252 γίνεσθε.
697 2184 947 2255 Νοήσατε
992 2179 1083 2237 οὖν
1126 2182 1218 2235 τὸν
1251 2183 1366 2235 ἐκεῖ
1409 2182 1551 2252 ὑμᾶς
1584 2199 1814 2252 πεποιη-

231 2276 371 2327 κότα
392 2313 406 2337 ,
440 2275 534 2327 καὶ
565 2271 983 2344 διανοηθήσεσθε
1022 2272 1107 2335 τίς
1138 2273 1286 2325 ἐστιν
1324 2272 1353 2325 6
1386 2270 1617 2325 ἐνταῦθα
1657 2271 1813 2325 ὀκνον

228 2364 375 2435 πρὸς
400 2363 779 2433 ἀγνείαν.ὑμῖν
812 2362 1112 2435 ἐμϐάλλων.

302 2476 499 2531 XXXI.
532 2477 670 2529 Ἀλλ’
703 2477 818 2548 ὲρεῖ
848 2494 932 2540 τις
964 2475 1147 2547 ὑμῶν·
1186 2475 1307 2547 Χρὴ
1338 2468 1432 2528 οὖν
1464 2476 1612 2547 ἡμᾶς
1641 2479 1811 2531 ποιεῖν

231 2571 338 2623 ὅσα
372 2571 430 2624 ὲν
477 2569 714 2633 εἰδώλοις
747 2568 1072 2640 ὲποιοῦμεν;
1106 2568 1250 2638 Φημί
1284 2585 1387 2631 σοι,
1421 2567 1519 2639 οὐχ
1551 2568 1664 2632 ὅλα,
1698 2567 1811 2621 ἀλλ’

231 2672 337 2727 ὅσα
371 2669 550 2737 καλῶς
595 2670 850 2734 εποιεῖτε,
887 2668 985 2725 καί
1016 2664 1247 2725 ἐνταῦθα
1282 2665 1481 2724 πλεῖον.
1519 2666 1586 2724 ’⁷0
1622 2682 1680 2722 τι
1705 2664 1813 2741 γὰρ

233 2764 301 2818 ἂν
346 2762 525 2827 καλῶς
569 2763 788 2834 γίνηται
835 2764 891 2814 ὲν
939 2764 1006 2832 τῇ
1049 2760 1246 2831 πλάνῃ,
1286 2760 1393 2813 ἀπὸ
1425 2761 1523 2830 τῆς
1559 2758 1812 2829 ἀληθείας

233 2858 497 2928 ἢρτηται,
522 2856 618 2919 ὼς,
654 2856 701 2907 εἰ
734 2854 827 2907 καί
856 2871 911 2906 τι
945 2854 1001 2907 ὲν
1022 2856 1086 2924 τῇ
1102 2852 1326 2923 ἀληθείᾳ
1359 2851 1545 2914 κακῶς
1581 2850 1807 2919 γένοιτο,

233 2945 348 2998 ἀπὸ
384 2944 483 3013 τῆς
516 2943 722 3014 πλάνης
768 2942 935 2995 ἐστίν.
984 2940 1307 2993 Ἀπολάὅετε
1347 2937 1438 2994 οὖν
1482 2939 1634 3011 ὑμῶν
1676 2955 1811 2993 παν-

233 3035 463 3106 ταχόθεν
503 3034 573 3087 τὰ
623 3034 749 3095 ίδια,
804 3032 878 3103 μὴ
923 3030 991 3085 τὰ
1037 3031 1319 3103 ἀλλότρια,
1354 3032 1447 3085 καὶ
1481 3033 1554 3103 μὴ
1602 3031 1806 3101 λέγετεο

234 3129 304 3181 Et
332 3145 385 3181 τι
418 3127 661 3181 ποιοῦσιν
706 3128 756 3179 οἱ
800 3125 1203 3195 πεπλανημένοι
1254 3124 1435 3189 καλὸν,
1490 3127 1659 3178 ποιεῖν
1712 3125 1811 3178 οὐκ
1838 3136 1880 3194 C

231 3218 538 3288 ὀφείλομεν.
578 3216 765 3287 Τούτῳ
809 3214 917 3284 γὰρ
948 3214 1025 3285 τῷ
1055 3214 1216 3285 λόγῳ,
1263 3215 1356 3267 ἐὰν
1395 3216 1468 3287 μὴ
1505 3216 1701 3289 φονεύῃ
1728 3234 1812 3281 τις

232 3309 430 3363 εῖδωλα
460 3309 651 3372 σέϐων,
676 3309 918 3378 φονεύειν
950 3308 1254 3379 ὀφείλομεν,
1279 3308 1360 3361 ὅτι
1387 3309 1416 3360 6
1448 3308 1505 3359 ἐν
1535 3307 1710 3381 πλάνῃ
1736 3306 1810 3361 ὢν

231 3403 295 3454 ού
326 3400 537 3469 φονεύει
552 3403 598 3436 ⁸ο
618 3418 633 3465 ;

304 3491 526 3545 XXXII.
571 3492 739 3563 Οὐχί·
774 3492 907 3547 ἀλλὰ
932 3493 975 3524 ⁸¹
1006 3492 1067 3545 τὸ
1100 3491 1300 3554 πλεῖον,
1336 3489 1430 3543 ἐὰν
1462 3491 1510 3543 οἱ
1545 3491 1602 3543 ὲν
1636 3489 1809 3564 πλάνῃ

235 3583 314 3654 μὴ
349 3570 665 3652 φονεύωσιν,
700 3583 856 3653 251
891 3585 1052 3654 ἡμεῖς
1088 3580 1162 3653 μὴ
1203 3581 1250 3613 ⁸¹
1298 3579 1673 3652 ὀργιζώμεθαο
1716 3582 1810 3635 ἐὰν

229 3677 260 3730 6
298 3676 357 3728 ὲν
400 3674 577 3747 πλάνῃ
632 3674 704 3745 μὴ
767 3675 1014 3748 μοιχεύῃ,
1072 3675 1235 3745 ἡμεῖς
1298 3672 1396 3743 τὴν
1457 3673 1632 3745 ἀρχὴν
1677 3674 1809 3745 μηδὲ

228 3766 628 3836 ἐνθυμηθῶμεν
673 3766 742 3797 ⁸³⁸
804 3766 897 3818 ἐὰν
966 3768 995 3819 6
1026 3767 1083 3818 ὲν
1136 3765 1311 3838 πλάνῃ
1364 3764 1454 3817 τὸν
1512 3764 1809 3832 ἀγαπῶντα

228 3858 455 3927 ἀγαπᾷ,
500 3860 665 3927 ἡμεῖς
701 3857 795 3909 καὶ
826 3858 953 3920 τοὺς
1002 3856 1311 3927 μισοῦντας·
1361 3855 1455 3908 ὲάν
1485 3857 1514 3909 6
1544 3856 1601 3908 ὲν
1634 3855 1809 3926 πλάνῃ

228 3946 458 4021 δανείζῃ
506 3952 619 4011 τοῖς
665 3947 901 4019 ἔχουσιν,
948 3950 1109 4019 ἡμεῖς
1154 3947 1249 4001 καὶ
1296 3949 1409 4009 τοῖς
1460 3945 1533 4017 μὴ
1576 3945 1805 4016 ἔχουσιν.

240 4040 611 4107 Ἀπαξαπλῶς
656 4039 942 4110 ὀφείλομεν
987 4042 1033 4092 οἰ
1074 4040 1163 4093 τὸν
1190 4040 1413 4110 ἄπειρον
1449 4038 1617 4091 αἰῶνα
1659 4037 1808 4090 ἑλπί-

227 4130 419 4196 ζοντες
446 4131 820 4202 κληρονομεῖν,
849 4130 957 4183 τῶν
982 4130 1074 4183 τὸν
1102 4129 1345 4201 παρόντα
1381 4128 1539 4199 μόνον
1570 4126 1805 4191 εἰδότων,

226 4219 342 4274 τῶν
374 4220 465 4272 ὑπ’
500 4219 678 4273 αὐτῶν
729 4219 1035 4290 γενομένων
1076 4218 1256 4273 καλῶν
1289 4219 1520 4304 κρεβτω
1539 4217 1585 4249 ⁸⁸
1612 4219 1804 4281 ποιεῖν,

230 4310 467 4374 εἰδότες,
501 4310 603 4373 ὅτι,
650 4309 743 4363 ἐὰν
784 4310 963 4363 αὐτῶν
1002 4310 1071 4363 τὰ
1115 4310 1250 4381 ἔργα
1287 4314 1399 4373 τοῖς
1432 4310 1718 4381 ἡμετέροις
1750 4310 1807 4363 ὲν

229 4399 422 4471 ἡμέρᾳ
481 4399 719 4471 κρίσεως
780 4399 1143 4471 ἀνακριθέντα
1214 4402 1305 4453 ῐσα
1353 4400 1398 4432 ⁸⁸
1450 4402 1517 4471 τῇ
1595 4399 1809 4470 εὐποιία

1928 546 1994 600 Et
2044 562 2188 599 vere.
2236 544 2369 599 Nam
2405 554 2587 599 mente
2618 560 2713 615 per
2742 542 3024 599 scientiam
3072 543 3373 609 illustrata,
3404 545 3498 614 qui

1926 640 2113 693 didicit
2154 649 2334 708 potest
2364 654 2487 693 esse
2517 639 2728 701 bonus;
2775 652 2942 707 quam
2989 652 3105 691 rem
3139 637 3496 705 consequitur

1927 731 2157 801 puritas,
2194 731 2320 799 quia
2355 745 2421 784 cx
2471 730 2721 783 interiori
2774 730 3050 783 intellectu
3099 727 3161 782 ﬁt
3203 729 3494 783 exterioris

1924 819 2167 887 corporis
2190 819 2329 872 bona
2361 819 2622 887 provisio.
2657 818 3125 885 Quemadmodum
3155 833 3221 872 ex
3248 819 3496 887 corporis

1926 909 2169 979 neglectu
2206 910 2401 964 mentis
2440 910 2679 978 provisio
2710 910 2825 963 ﬁeri
2852 911 3059 980 nequit,
3094 911 3168 965 ita
3198 910 3292 980 qui
3321 926 3494 980 purus

1924 1009 2025 1064 est,
2040 1009 2094 1055 ct
2116 1001 2259 1071 quod
2294 1002 2534 1055 exterius
2555 1012 2638 1056 est
2656 1010 2708 1055 et
2725 1002 2871 1071 quod
2896 1002 3137 1058 interius
3160 1012 3341 1073 potest
3363 1019 3493 1072 pur-

1923 1106 2086 1160 gare:
2113 1092 2206 1160 qui
2235 1106 2363 1145 vero
2390 1092 2660 1146 exteriora
2690 1102 2904 1163 purgat,
2949 1093 3018 1148 ad
3052 1094 3337 1149 hominum
3372 1095 3489 1149 lau-

1922 1181 2018 1235 des
2048 1182 2339 1250 aspiciens,
2366 1183 2416 1235 id
2448 1183 2578 1251 agit,
2610 1197 2673 1238 ac
2694 1192 2913 1254 propter
2936 1186 3272 1240 cernentium
3299 1187 3488 1241 laudes

1922 1272 2059 1326 nihil
2089 1289 2119 1327 a
2152 1272 2263 1328 Deo
2297 1274 2511 1343 recipit.

1989 1449 2158 1504 XXX.
2198 1450 2299 1505 Cui
2342 1466 2472 1506 vero
2521 1467 2629 1506 non
2683 1462 2941 1523 apparet,
2989 1454 3185 1511 melius
3244 1470 3367 1512 esse
3416 1456 3483 1510 ad

1919 1543 2202 1597 mulierem
2257 1553 2539 1599 menstrua
2584 1546 2877 1614 patientem
2925 1562 3033 1600 non
3080 1548 3358 1615 accedere,
3389 1551 3483 1604 sed

1920 1633 1986 1687 ad
2013 1634 2351 1701 puriﬁcatam
2390 1642 2444 1687 et
2479 1633 2682 1687 lotam?
2723 1632 2945 1703 Oportet
2980 1635 3145 1689 etiam
3191 1643 3315 1705 post
3352 1650 3485 1690 con-

1921 1724 2166 1777 cubitum
2219 1724 2410 1780 lavari.
2470 1724 2627 1791 Quod
2678 1724 2725 1778 si
2777 1726 2884 1781 hoc
2940 1724 3121 1781 facere
3164 1741 3264 1782 vos
3313 1727 3484 1797 piget,

1918 1815 2104 1871 animo
2137 1817 2383 1885 repetite,
2417 1832 2526 1887 quo
2556 1826 2716 1886 pacto
2751 1818 3093 1873 castimonia!
3123 1819 3310 1873 munia
3346 1834 3479 1888 pro-

1917 1907 2312 1978 scquebamini,
2366 1908 2585 1976 quando
2618 1924 2814 1965 sensus
2857 1911 3100 1981 expertia
3144 1910 3289 1965 idola
3327 1912 3483 1967 cole-

1916 1998 2080 2053 batis.
2142 1999 2494 2064 Erubescite,
2547 2000 2693 2070 quod
2749 2000 2875 2068 hic,
2928 2002 3022 2056 ubi
3051 2000 3325 2072 oportuit,
3369 2017 3476 2058 non

1915 2090 2037 2145 dico
2070 2090 2358 2160 maiorem,
2393 2092 2486 2147 sed
2513 2094 2849 2165 singularem
2888 2103 2943 2149 et
2970 2096 3237 2166 integram
3276 2097 3481 2166 ample-

1914 2180 1986 2233 cti
2008 2181 2336 2247 castitatem,
2366 2183 2643 2251 segniores
2677 2184 2833 2242 estis.
2867 2185 3112 2256 Cogitate
3137 2187 3303 2256 igitur
3328 2202 3477 2253 eum,

1915 2270 2011 2340 qui
2058 2286 2157 2326 vos
2201 2272 2313 2326 illic
2357 2274 2755 2341 constituerat,
2802 2284 2858 2331 et
2890 2277 3203 2349 intelligetis
3236 2278 3361 2350 quis
3391 2280 3481 2334 hic

1912 2364 2069 2419 vobis
2092 2364 2378 2435 segnitiem
2412 2365 2477 2419 ad
2508 2366 2888 2421 castimoniam
2926 2369 3202 2425 immittat.

1982 2455 2175 2511 XXXI.
2222 2455 2326 2512 Sed
2360 2457 2502 2513 dicet
2530 2458 2726 2528 aliquis
2754 2469 2997 2516 vestrum
3031 2479 3045 2516 :
3073 2460 3298 2532 Oportet
3348 2478 3478 2533 ergo

1913 2562 2013 2603 nos
2063 2547 2244 2603 facere
2288 2563 2631 2619 quaecunque
2692 2551 2833 2621 apud
2893 2550 3036 2606 idola
3089 2553 3321 2623 egimus.
3374 2555 3477 2609 Aio

1914 2638 2011 2698 tibi
2043 2657 2055 2698 :
2082 2636 2201 2698 Non
2237 2639 2422 2697 omnia
2442 2684 2458 2709 ,
2508 2642 2602 2698 sed
2630 2656 2969 2714 quascunque
2998 2642 3138 2700 bene
3173 2640 3473 2711 faciebatis,

1912 2745 2074 2805 atque
2096 2736 2188 2792 hic
2217 2734 2478 2805 majorem
2509 2735 2563 2789 in
2594 2737 2838 2792 modum.
2866 2734 3140 2807 Quidquid
3168 2738 3314 2792 enim
3340 2738 3479 2793 bene

1912 2827 1971 2881 tit
2010 2828 2063 2881 in
2103 2842 2312 2894 errore,
2359 2842 2389 2881 a
2432 2828 2662 2882 veritate
2710 2828 2929 2898 pendet,
2974 2828 3115 2883 sicut
3154 2837 3209 2884 et
3255 2829 3301 2884 si
3345 2830 3477 2899 quid

1912 2920 2051 2975 male
2081 2920 2174 2975 ﬁat
2200 2921 2254 2973 in
2284 2922 2532 2987 veritate,
2566 2937 2633 2975 ex
2665 2936 2852 2975 errore
2882 2921 3051 2975 venit.
3096 2921 3340 2992 Recipite
3372 2922 3476 2993 igi-

1913 3023 2002 3067 tur
2032 3027 2153 3082 quae
2190 3013 2431 3082 undique
2467 3014 2533 3067 ad
2575 3028 2673 3068 vos
2712 3014 3012 3082 pertinent,
3047 3028 3157 3068 non
3193 3029 3314 3083 quas
3350 3024 3479 3069 sunt

1913 3104 2112 3168 aliena,
2141 3112 2193 3158 et
2222 3120 2289 3159 ne
2316 3105 2510 3160 dicatis
2540 3120 2553 3155 :
2587 3104 2645 3158 Si
2684 3104 2817 3174 quid
2858 3104 2989 3158 honi
3024 3102 3233 3160 faciunt
3260 3106 3355 3176 qui
3391 3122 3480 3161 ειη

1913 3204 2057 3260 rant,
2105 3194 2284 3250 facere
2313 3210 2414 3250 nos
2454 3210 2563 3249 non
2595 3195 2876 3250 debemus.
2930 3193 3042 3250 Hac
3073 3196 3341 3266 siquidem
3384 3213 3477 3251 ra-

1911 3289 2077 3355 tione,
2111 3288 2154 3343 si
2192 3302 2301 3341 non
2329 3287 2543 3341 occidat
2571 3286 2841 3342 idolorum
2869 3288 3068 3353 cultor,
3096 3288 3358 3343 debemus
3384 3302 3477 3343 oc—

1908 3380 2112 3441 cidere,
2146 3378 2274 3446 quia
2304 3378 2399 3448 qui
2438 3377 2493 3431 iu
2527 3392 2716 3433 errore
2740 3386 2993 3432 versatur
3019 3392 3130 3430 non
3160 3378 3401 3432 occidit?

1977 3468 2194 3523 XXXII.
2236 3467 2637 3524 Minimezimo
2666 3469 2881 3538 potius,
2928 3467 2975 3522 si
3023 3466 3103 3520 illi
3151 3467 3245 3536 qui
3289 3478 3478 3522 errant

1908 3562 2271 3617 homicidium
2320 3576 2430 3615 non
2471 3559 2701 3625 faciunt,
2751 3574 2853 3615 nos
2898 3575 2967 3614 ne
3022 3559 3333 3614 irascamur
3376 3576 3389 3611 :
3429 3560 3475 3615 si

1909 3668 2101 3709 errans
2148 3666 2257 3706 non
2306 3652 2635 3716 moechatur,
2687 3666 2786 3706 nos
2832 3650 3087 3719 primitus
3136 3665 3203 3705 ne
3255 3651 3475 3720 quidem

1909 3743 2402 3810 concupiscamus:
2432 3740 2478 3795 si
2514 3740 2603 3793 ille
2640 3746 2910 3792 amantem
2959 3744 3124 3799 amat,
3174 3752 3274 3791 nos
3312 3736 3473 3790 etiam

1910 3834 2162 3889 inimicos
2208 3833 2555 3903 diligamus:
2593 3831 2640 3885 si
2687 3830 2780 3884 ille
2816 3839 3070 3884 mutuum
3119 3828 3213 3882 dat
3268 3828 3337 3883 iis
3381 3828 3475 3898 qui

1910 3927 2131 3991 habent,
2165 3940 2266 3980 nos
2319 3924 2487 3979 etiam
2535 3938 2647 3977 non
2676 3921 3030 3976 habentibus.
3069 3919 3305 3974 Omnino
3345 3936 3477 3976 sane

1908 4018 2191 4082 debemus,
2240 4017 2333 4086 qui
2381 4015 2569 4070 aeterni
2616 4013 2801 4069 saeculi
2851 4010 3228 4068 haereditatem
3283 4028 3475 4082 spera-

1908 4124 2053 4174 mus,
2096 4107 2151 4161 in
2184 4105 2344 4162 bonis
2381 4104 2637 4174 Operibus
2670 4118 2930 4173 superare
2959 4118 3077 4168 eos,
3107 4102 3201 4172 qui
3236 4118 3475 4172 praesens

1909 4206 2118 4253 tantum
2166 4196 2426 4251 saeculum
2476 4202 2681 4248 norunt
2727 4208 2742 4245 :
2794 4192 2946 4263 gnari
3002 4194 3169 4262 quod,
3220 4194 3266 4247 si
3308 4207 3471 4261 opera

1908 4290 2125 4344 illorum
2154 4303 2277 4343 cum
2309 4286 2513 4342 nostris
2560 4285 2818 4356 operibus
2848 4284 2903 4338 in
2934 4285 3022 4339 die
3045 4283 3236 4351 judicii
3273 4284 3472 4339 collata

1908 4380 2057 4448 paris
2088 4379 2267 4433 meriti
2299 4378 2661 4449 reperiantur,
2692 4376 2944 4432 confusio
2967 4376 3127 4430 nobis
3156 4375 3280 4440 erit,
3307 4384 3360 4430 et
3394 4376 3470 4429 illi

229 4464 465 4563 E'Opsb-ﬁ,
513 4464 607 4545 καί
647 4494 809 4562 ἡμεῖς
858 4464 1265 4563 έναισχυνοῆναι
1298 4464 1517 4563 ἔχομεν’,
1546 4492 1698 4545 αὐτοὶ
1728 4464 1808 4555 δὲ’,

1919 4485 2005 4540 per
2038 4484 2277 4524 errorem
2304 4469 2446 4538 quod
2480 4468 2546 4523 ad
2574 4466 2821 4523 futurum
2855 4467 3113 4521 saeculum
3147 4465 3355 4535 operati
3387 4464 3472 4520 in-

229 4582 320 4635 διά
352 4582 558 4653 πλάνην
577 4584 644 4635 τὰ
676 4585 794 4635 κατ’
837 4584 996 4636 αὑτὸν
1022 4584 1068 4613 ⁸⁸
1109 4585 1450 4655 ποιήσαντες,
1485 4582 1799 4637 ἀπολέσθαι.

230 4673 384 4727 Τδδὲ
407 4673 757 4744 αἰσχυνθῆναι
790 4674 930 4727 κατά
962 4673 1120 4727 τοῦτο
1154 4676 1370 4746 εἴρηκα,
1404 4675 1484 4727 ὅτι
1517 4673 1590 4744 μὴ
1620 4673 1801 4752 πλεῖον

229 4767 567 4837 ἐποιήσαμεν
601 4764 777 4818 αὐτῶν
807 4758 880 4818 ὧν
916 4765 1009 4817 γα).
1041 4765 1221 4837 πλεῖον
1270 4762 1606 4833 ἐγνώκαμεν.
1647 4764 1709 4815 Εἰ
1743 4761 1800 4815 δὲ

229 4833 583 4928 αἰσχύνθήναι
616 4846 780 4919 ἐσεῖιν,
815 4858 913 4928 τὴν
946 4833 1184 4909 εὐποιίξν
1222 4858 1405 4918 αὐτοῖς
1437 4856 1558 4926 ίσην
1590 4854 1799 4921 δείξαν-

229 4966 329 5013 τας
360 4949 408 4979 ⁸⁷
442 4950 536 5001 καὶ
567 4950 628 5001 οὐ
664 4949 859 5011 πλεῖον,
894 4949 1044 5018 πόσῳ
1078 4966 1139 5016 γε
1166 4948 1212 4979 ⁸⁸
1242 4947 1461 5019 μᾶλλον,
1495 4948 1590 5000 ἐὰν
1623 4946 1800 5000 αὐτῶν

227 5040 329 5111 τῆς
361 5040 608 5103 εὐποιίας
638 5039 699 5092 τὺ
724 5034 885 5135 ἦετον
914 5040 1202 5111 δείξωμεν;

304 5166 329 5193 ι
371 5153 560 5208 Matth.
598 5169 755 5219 um,
783 5155 873 5209 25.

1912 4559 2175 4614 teribunt.
2231 4558 2368 4612 Fore
2422 4566 2604 4612 autem
2659 4556 2819 4611 nobis
2867 4554 3269 4621 confusionem,
3316 4556 3370 4609 in
3405 4570 3472 4609 eo

1910 4650 2044 4715 dixi,
2079 4650 2222 4719 quod
2272 4665 2381 4704 non
2415 4649 2648 4719 amplius
2693 4646 2984 4702 fecerimus
3009 4662 3172 4716 quam
3221 4647 3321 4713 illi,
3351 4648 3473 4717 qui-

1911 4743 2013 4796 bus
2056 4742 2289 4811 amplius
2332 4742 2720 4796 intelleximus.
2768 4739 2924 4805 Quod
2969 4739 3015 4794 si
3047 4738 3296 4794 confusio
3342 4741 3467 4806 erit,

1910 4833 1957 4887 si
1991 4833 2043 4886 in
2074 4833 2330 4901 operibus
2360 4833 2519 4887 bonis
2546 4848 2648 4887 nos
2675 4831 2781 4885 illis
2823 4830 3059 4899 aequales
3093 4830 3467 4898 ostendemus,

1909 4937 2020 4976 non
2044 4922 2375 4990 superiores,
2412 4929 2617 4990 quanto
2648 4918 2844 4989 magis,
2870 4919 2919 4972 si
2956 4919 3011 4973 in
3044 4918 3237 4974 iisdem
3285 4920 3468 4990 operi-

1907 5015 2009 5069 bus
2040 5030 2142 5070 nos
2172 5012 2459 5069 inferiores
2490 5012 2940 5069 exhibuerimus?

1495 5266 1730 5321 VARUS
1770 5265 2172 5321 LECTIONES.

299 5401 346 5433 τ’
363 5399 526 5472 αὑτοῦ
540 5399 606 5455 Ο.
692 5404 737 5442 ’⁸
764 5401 839 5456 Ita
868 5402 912 5457 0
974 5418 1026 5458 c.
1056 5401 1095 5455 S
1126 5445 1139 5469 ,
1171 5400 1491 5472 ἀνθρώπους
1524 5403 1584 5455 C.

1662 5408 1707 5440 ἠ
1728 5399 1833 5470 γὲθρ

1836 5399 2093 5468 ησκεύετε
2120 5397 2177 5462 S,
2209 5397 2278 5454 Ο,
2317 5395 2645 5467 θρησκεύετε
2670 5395 2742 5468 C.»
2805 5396 2851 5468 3°
2878 5393 3007 5468 Post
3032 5396 3243 5468 φονεύει
3263 5401 3466 5468 pupcto

228 5470 513 5539 distinguit
655 5472 696 5503 ⁸¹
724 5474 856 5542 Οὐχὶ
903 5473 1032 5527 ἄλλο
1055 5472 1093 5527 C
1177 5462 1317 5542 tibi:
1346 5462 1481 5525 ἀλλά
1527 5473 1565 5525 S
1598 5514 1611 5537 ,
1635 5480 1702 5542 et!
1722 5462 1869 5542 lini;
1894 5470 2017 5542 Rea.
2073 5485 2146 5532 v1,
2172 5469 2248 5542 _15
2275 5462 2504 5542 nor't_'ita
2530 5476 2628 5542 est,
2653 5466 2762 5519 sed.
2805 5465 2936 5542 Deinu
2970 5462 3064 5518 ἐάν
3095 5466 3133 5519 S
3160 5506 3182 5542 ,_
3208 5462 3297 5542 ἵνα
3317 5462 3362 5517 0
3412 5478 3462 5542 c.

228 5543 271 5594 C
302 5581 317 5621 ,_
344 5533 440 5622 qui
474 5541 620 5608 conj.
648 5542 733 5622 ἵνα
757 5533 903 5622 sibi.
1239 5533 1302 5622 ⁸είί
1322 5558 1386 5622 ex
1417 5533 1647 5622 copied.
1677 5540 1717 5594 C
1748 5583 1763 5604 ,
1784 5538 1982 5622 iuncuj.
2010 5542 2130 5622 cod.
2155 5537 2323 5622 deest.
2358 5535 2496 5589 Tum
2532 5538 2612 5622 μή
2640 5536 2863 5622 μοιχεύῃ
2888 5534 2932 5588 O
2956 5574 2975 5622 Ι,
3002 5535 3299 5622 μοιχεύει-(ξ
3327 5573 3343 5622 ,
3357 5533 3464 5622 Lqui

270 5602 447 5689 uideni
476 5602 619 5689 recte
651 5614 722 5683 μή
737 5614 925 5689 deesse
949 5602 1132 5689 vidit."
1173 5602 1829 5689 "eartOupnOt’bpsvponj.
1843 5602 2096 5676 C.,'quod
2126 5623 2231 5689 nqp
2259 5602 3182 5689 Graeculn~est:'l.ectnifi'vulglmqae
3203 5620 3260 5659 se
3282 5602 3460 5689 habet.

388 5681 433 5712 “
462 5681 796 5762 κρεῖῖτονᾯ.

894 5687 940 5719 ⁸³
974 5683 1047 5735 Ita
1072 5683 1117 5736 Ο
1166 5692 1220 5737 et
1261 5684 1314 5735 in
1356 5699 1527 5747 marg.
1554 5684 1594 5734 1)
1630 5723 1642 5744 ,
1668 5682 1769 5732 ὅσα
1821 5682 1870 5731 in
1901 5688 2073 5731 textu.

2173 5676 2362 5760 “fw
2392 5676 2569 5757 αύτῶν
2708 5676 2827 5760 καθ’
2858 5670 3054 5760 αύτούς
3088 5675 3378 5760 Ιθςλριιῑδι
3402 5670 3462 5728 S.

228 5752 275 5787 ’τ
302 5749 382 5805 Ita
626 5721 839 5808 ustione
868 5721 1048 5807 habile-
1076 5721 1220 5808 Icci.
1234 5721 1702 5818 diio'il'."a§{§;v~:£,
1736 5721 2187 5819 δείξαντες.
2220 5746 2417 5803 Verum
2436 5746 2548 5818 jam
2578 5744 2710 5801 vidit
2739 5744 2795 5800 S.
2873 5746 2918 5778 ⁸⁸
2945 5721 3060 5807 πῶς
3084 5721 3235 5812 γεοϐί

555 5846 827 5907 Ρηιιοι..
884 5846 1003 5906 Gn.
1046 5845 1126 5905 Il.

3113 5837 3187 5896 10
