3894 6208
222 357 329 411 501

1299 345 1759 404 CLEMENTINA.
1789 373 1856 382 —-
1889 340 2171 397 iiOMiiJA
2207 341 2319 397 XII.

3373 344 3479 399 ειη

228 478 310 548 μὴ
365 475 629 557 πρότερον
684 473 1018 548 [ἀκριϐῶς]
1067 470 1451 526 ἀντιϐάλλοντα
1519 466 1682 521 αὐτοῦ
1749 464 1810 515 τὸ

1922 478 2021 517 non
2054 464 2205 532 prius
2233 462 2672 533 praedicationem
2724 475 2881 518 suam
2920 459 3342 530 doctrinamque
3390 477 3481 516 ac-

224 567 495 638 κήρυγμα
539 566 779 637 Ἰακώϐῳ
810 566 889 637 τῷ
918 565 1159 637 λεχθέντι
1220 564 1432 634 ἀδελφῷ
1486 562 1579 614 τοῦ
1604 560 1807 631 Κυρίου

228 674 335 726 μου
366 656 461 709 καὶ
493 656 907 727 πεπιστευμένῳ
940 658 996 709 ἐν
1036 653 1390 725 Ἰερουσαλὴμ
1419 652 1517 723 τὴν
1545 650 1810 720 Ἐὅραίων

222 746 438 799 διέπειν
480 746 828 817 Ἐκκλησίαν,
862 747 956 798 καὶ
990 744 1126 816 μετὰ
1156 744 1201 774 ’⁸
1223 742 1513 814 μαρτύρων
1549 739 1811 812 προσελη-

222 836 433 889 λυθότα
493 839 630 908 πρὸς
679 838 844 909 ὑμᾶς,
902 838 988 890 ἵνα
1051 836 1125 907 μὴ
1173 834 1405 906 ἡκακία
1446 835 1481 904 ἡ
1512 832 1590 903 τῷ
1624 831 1812 903 Κυρίῳ

225 927 717 998 πῳσδιαλεχθεῖσα
770 928 814 959 ⁸⁷
878 927 1091 1000 ἡμέρας
1151 925 1582 996 τεσσαράκοντα,
1649 920 1811 991 μηδὲν

223 1016 540 1087 δυνηθεῖσα,
573 1016 819 1089 ὕστερον,
861 1018 937 1081 ὡς
964 1016 1217 1087 ἀστραπὴ
1247 1014 1304 1081 ἐξ
1324 1012 1553 1085 οὐρανοῦ
1588 1012 1679 1063 ἐπὶ
1710 1011 1813 1081 γῆς

222 1106 499 1171 πεσοῦσα,
535 1106 655 1159 καθ’
688 1106 841 1177 ὑμῶν
870 1106 1130 1179 ἐκπέμψῃ
1158 1106 1397 1176 κήρυκα.
1415 1104 1490 1167 ὡς
1511 1098 1660 1155 οὖν⁹⁸
1681 1103 1813 1171 ἡμῖν

222 1198 322 1250 τὸν
343 1200 566 1269 Σίμωνα
585 1199 822 1252 ὑπέϐαλε
850 1199 1117 1269 προφάσει
1142 1197 1397 1268 ἀληθείας
1416 1198 1500 1249 ἐπ’
1526 1194 1748 1265 ὀνόματι
1768 1194 1813 1226 θ’

223 1291 327 1345 τοῦ
364 1291 573 1361 Κυρίου
622 1290 776 1362 ὑμῶν
818 1290 1190 1362 κηρύσσοντα,
1242 1290 1447 1359 πλάνην
1493 1305 1552 1341 τε
1601 1286 1815 1339 ἐνσπεί-

233 1399 400 1453 ροντα
424 1381 511 1434 ¹⁰⁶.
555 1377 628 1435 Ub
659 1382 819 1451 χάριν
846 1382 873 1433 6
895 1380 1219 1443 ἀποστείλας
1249 1383 1396 1452 ἡμᾶς
1429 1378 1560 1450 ἐφη·
1589 1374 1817 1431 Πολλοὶ

225 1473 590 1526 ἐλεύσονται
611 1473 762 1540 πρός
774 1488 850 1541 με
871 1471 939 1524 ἐν
960 1471 1251 1540 ἐνδύμασι
1270 1471 1286 1501 ¹
1307 1468 1469 1541 254
1489 1467 1814 1537 προϐάτοηλ,

225 1566 465 1619 ἔσωθεν
494 1563 563 1618 δέ
596 1567 713 1618 εισι
740 1565 913 1618 λύκοι
942 1563 1205 1631 ἅρπαγες
1236 1578 1250 1593 ·
1280 1562 1396 1617 ἀπὸ
1428 1561 1545 1615 τῶν
1576 1560 1818 1630 καρπῶν

227 1656 432 1710 αὐτῶν
457 1657 861 1725 ἐπιγνώσεσθε
889 1656 911 1687 ²
938 1655 1179 1719 αὐτούς.

303 1771 551 1827 XXXVI.
584 1772 695 1826 Kal.
724 1771 894 1824 ταῦτα
916 1771 1083 1824 εἰπὼν
1111 1770 1239 1833 τοὺς
1268 1769 1367 1840 μὲν
1409 1767 1771 1840 προπομποὺς
1797 1767 1817 1798 ³
1848 1803 1890 1856 Β

230 1866 546 1936 ἐξέπεμψεν
581 1865 662 1928 είς
704 1864 1029 1933 Ἀντιόχειαν
1055 1863 1154 1933 τῆς
1182 1861 1396 1932 Συρίας,
1423 1863 1538 1914 ἐκεῖ
1568 1860 1665 1931 τὴν
1694 1861 1819 1912 ἐπο-

236 1958 410 2029 μένην
439 1957 716 2028 ἐπιμένειν
750 1956 938 2009 εἰπών.
972 1956 1092 2009 Τῶν
1131 1952 1223 2010 οὖν
1266 1955 1636 2029 πορευθέντων
1664 1958 1693 2009 6
1713 1955 1818 2007 Πέ-

232 2068 367 2122 τρος
388 2050 595 2103 πολλῶν
617 2049 1000 2120 πεπεισμένων
1022 2048 1195 2119 ὄχλων
1225 2049 1413 2111 νόσους
1435 2088 1450 2112 ,
1489 2047 1659 2122 πάθη,
1706 2046 1819 2101 δαί-

238 2120 411 2213 μονας
443 2142 752 2205 ἀπελάσας,
790 2142 882 2194 καὶ
910 2142 990 2205 εἰς
1022 2140 1122 2205 τὰς
1169 2142 1226 2195 ὲν
1249 2144 1314 2213 τῇ
1344 2141 1366 2171 ⁸
1392 2120 1634 2213 θαλάσσῃ
1681 2140 1819 2212 πλη-

238 2236 354 2289 σίον
377 2234 539 2299 οὕσας
559 2237 741 2306 πηγάς
759 2234 1041 2305 βαπτίσας,
1067 2234 1161 2287 καὶ
1188 2233 1534 2305 εὐχαριστίαν
1555 2234 1759 2295 κλάσας
1775 2235 1817 2297 ⁸,

238 2327 532 2399 Μαροόνην
546 2327 637 2380 τὸν
663 2326 1062 2397 ἀποδεξάμενον
1089 2326 1273 2390 αὐτὸν,
1292 2326 1389 2398 ἤδη
1412 2326 1596 2380 λοιπὸν
1617 2327 1819 2381 τέλειον

238 2422 390 2483 ὄντα,
424 2420 723 2473 ἐπίσκοπον
769 2420 1113 2489 καταστήσας
1151 2419 1246 2473 καὶ
1285 2419 1689 2492 πρεσϐυτέρους
1716 2419 1819 2472 δώ-

239 2513 376 2565 δεκα
398 2512 584 2583 ὁρίσας
622 2513 715 2565 καὶ
751 2511 1027 2574 διακόνους
1056 2508 1236 2575 δείξας
1279 2512 1372 2564 καὶ
1399 2512 1599 2583 χηρικά
1627 2529 1822 2583 συστη-

244 2606 502 2674 σάμενος,
540 2604 681 2675 ὑπέρ
703 2621 763 2657 τε
792 2603 887 2656 τοῦ
927 2603 1106 2656 κοινοῦ
1138 2604 1232 2656 καὶ
1263 2602 1282 2633 ⁸
1313 2605 1681 2675 συμφέροντος
1720 2605 1823 2674 τῆς

255 2696 583 2766 Ἐκκλησίας
606 2698 671 2767 τῇ
693 2694 843 2760 τάξει
867 2696 1291 2768 προσομιλήσας,
1315 2695 1409 2748 καὶ
1437 2695 1515 2766 τῷ
1542 2697 1822 2766 ἐπισκόπῳ

241 2789 507 2861 Μαροὸνῃ
544 2787 827 2841 πείθεσθαι
860 2787 1289 2858 συμϐουλεύσας,
1320 2788 1421 2857 ήδη
1442 2789 1609 2858 τριῶν
1640 2788 1822 2860 μηνῶν

242 2882 641 2953 πληρωθέντων
663 2885 775 2944 τοῖς
802 2882 860 2933 ἐν
880 2881 1135 2952 Τριπόλει
1159 2881 1257 2951 τῆς
1275 2881 1525 2952 Φοινίκης
1551 2881 1823 2948 ἀποταξά-

244 2989 430 3042 μενος,
464 2974 561 3044 τὴν
609 2974 701 3027 ἐπὶ
757 2974 1087 3044 Ἀντιόχειαν
1138 2973 1238 3043 τῆς
1290 2973 1486 3044 Συρίας
1535 2974 1824 3045 ἐπορεύετο

238 3064 384 3127 ὁδὸν,
421 3066 640 3119 πάντων
673 3068 822 3137 ἡμᾶς
851 3065 1286 3139 προπεμπόντων
1316 3066 1453 3136 μετά
1485 3066 1586 3137 τῆς
1614 3084 1820 3139 προση-

241 3158 453 3230 κούσης
481 3159 647 3229 τιμῆς
669 3160 713 3213 ⁷.

831 3338 1091 3401 ὈΜΙΛΙΑ
1127 3348 1226 3403 IB'.

314 3436 357 3490 1.
383 3432 780 3501 Ἐκϐάντεςοῦν
792 3439 889 3513 τὴν
909 3440 1172 3511 Τρίπολιν
1204 3442 1306 3513 τῆς
1333 3443 1606 3513 Φοινίκης,
1637 3442 1713 3507 ὡς
1732 3442 1824 3496 ἐπὶ

253 3529 585 3599 Ἀντιόχειαν
614 3530 715 3600 τῆς
736 3530 934 3603 Συρίας
965 3532 1157 3597 ἐλθεῖν,
1191 3534 1359 3605 αὐτῆς
1388 3535 1600 3606 ἡμέρας
1632 3536 1825 3607 ἐνὈρ-

244 3622 425 3693 θωσίᾳ
445 3622 745 3692 ἐμείναμεν
783 3623 1044 3688 ἐλθόντες.
1080 3627 1190 3679 Καὶ
1211 3625 1371 3695 255
1401 3627 1488 3679 διὰ
1518 3626 1578 3680 τὸ
1599 3626 1824 3697 πλησίον

241 3711 384 3767 εἶναι
414 3708 483 3784 ἧς
518 3713 817 3784 ἐξήλθομεν
854 3715 1083 3779 πόλεως,
1116 3718 1333 3772 πάντων
1363 3718 1550 3789 σχεδὸν
1578 3736 1823 3791 προακη-

242 3807 450 3859 κοότων
475 3807 571 3859 τοῦ
594 3808 967 3879 κηρύγματος,
988 3810 1115 3881 μιᾶς
1136 3812 1348 3882 ἡμέρας
1381 3813 1497 3863 ἐκεῖ
1522 3810 1820 3882 μείναντες,

241 3900 544 3969 ἀπήραμεν
572 3900 653 3963 εἰς
686 3900 1008 3972 Ἀντάραδον
1037 3902 1078 3954 ⁸.
1111 3902 1328 3956 Πολλῶν
1357 3903 1414 3957 δὲ
1444 3903 1552 3957 τῶν
1594 3904 1825 3957 συνοδοι-

241 3989 557 4061 πορούντων
578 3992 707 4061 ἡμῖν
746 3992 934 4057 ὄντων,
966 3995 994 4047 ὁ
1027 3994 1232 4066 Πέτρος
1255 3995 1303 4047 Ν
1311 3996 1471 4067 ικήτῃ
1494 3997 1589 4048 καὶ
1626 3996 1824 4067 Ἀκύλᾳ

242 4084 584 4153 προσωμίλει
607 4082 808 4151 λέγων’
868 4086 1085 4157 Ἐπειδὴ
1110 4086 1277 4150 πολὺς
1325 4086 1479 4157 ὄχλος
1519 4089 1629 4142 τῶν
1668 4106 1822 4142 συνο-

240 4173 639 4244 δοιπορούντων
678 4178 739 4230 οὐ
779 4178 974 4250 μικρὸν
1018 4179 1209 4249 φθόνον
1239 4183 1371 4251 ἡμῖν
1404 4180 1630 4235 εἰσιοῦσι
1686 4182 1823 4235 κατὰ

241 4266 401 4320 πόλιν
434 4269 770 4335 ἐπισπᾶται,
812 4272 1122 4339 ἀναγκαίως
1168 4274 1486 4344 ἐσκεψάμην
1517 4275 1821 4345 φροντίσαι,

244 4358 365 4422 πῶς
394 4361 531 4430 μήτε
557 4356 701 4415 οὗτοι
729 4362 1008 4433 λυπηθῶσι
1034 4364 1365 4429 κωλυθέντες
1394 4369 1628 4420 συνεῖναι
1670 4368 1820 4438 ἡμῖν,

247 4454 388 4524 μήτε
415 4456 596 4525 ἡμεῖς,
625 4456 1277 4527 περίϐλεπτοιγινόμενοι,
1311 4458 1487 4530 φθόνῳ
1514 4459 1590 4530 τῷ
1601 4460 1700 4531 τῆς
1728 4478 1823 4513 κα-
1854 4477 1897 4530 υ

243 4543 370 4608 κίας
397 4545 777 4618 ὑποπέσωμεν.
811 4548 1012 4603 Τούτου
1033 4549 1217 4623 ἕνεκεν
1239 4550 1494 4623 βούλομαί
1520 4569 1580 4604 σε
1606 4552 1698 4605 τὸν
1719 4553 1817 4605 Νι-

244 4638 420 4708 κήτην
450 4638 542 4691 καὶ
582 4615 809 4693 Ἀκύλαν
829 4615 1137 4713 προοδεύεδρ
1165 4615 1265 4713 μου
1309 4615 1449 4697 κατά
1501 4646 1818 4719 συστήματα

241 4728 338 4782 δύο
373 4730 669 4802 σποράδην,
696 4732 1055 4802 μανθάνοντες
1081 4734 1101 4765 ⁹
1131 4734 1231 4797 τὰς
1256 4735 1363 4790 τῶν
1384 4736 1553 4792 ἐθνῶν
1577 4740 1823 4810 εἰσέρχε-

245 4822 372 4875 σθαι
389 4822 593 4885 πόλεις.

314 4914 385 4966 ll.
420 4908 549 4966 Οἶδα
580 4913 637 4966 δὲ
669 4914 749 4967 ὅτι
778 4915 1056 4987 ἀθυμεῖτε,
1088 4915 1245 4971 τοῦτο
1290 4924 1461 4973 ποιεῖν
1500 4923 1819 4992 ἀκηκοότες,

315 5060 343 5088 ε
384 5046 579 5104 Matth.
614 5064 711 5115 vtt,
739 5050 825 5104 15.

1912 564 2101 609 curate
2144 556 2436 611 contulerit
2482 571 2608 611 cum
2650 553 2879 621 Jacobo,
2914 553 3064 608 dicto
3110 552 3325 606 Dmnini
3376 555 3482 608 mei

1913 642 2101 708 fratre,
2133 646 2221 699 cui
2260 646 2526 700 creditum
2568 655 2652 701 est
2678 645 2936 700 Ecclesiae
2966 642 3315 698 liebrzeorum
3361 643 3483 697 Ilie-

1912 732 2318 802 rosolymitanae
2345 733 2614 805 regimen,
2645 750 2746 789 nec
2775 734 2842 788 ad
2873 748 2971 788 vos
3008 734 3216 788 venerit
3240 748 3363 786 eum
3400 743 3483 787 te-~

1913 824 2106 878 stibus.
2166 823 2245 879 Ne
2294 824 2434 880 forte
2481 826 2709 889 malitia,
2762 842 2885 897 qum
2942 841 3066 881 cum
3102 825 3337 880 Domino
3390 843 3485 895 per

1913 915 2271 985 quadraginta
2305 916 2422 971 dies
2450 917 2793 988 disceptavit,
2826 933 2926 973 nec
2955 918 3253 987 quidquam
3284 918 3482 987 potuit,

1914 1004 2168 1076 deinceps
2203 1005 2349 1062 velut
2395 1007 2574 1079 fulgur
2634 1025 2665 1063 e
2714 1010 2854 1064 coelo
2921 1010 2973 1063 in
3036 1018 3210 1065 terras
3262 1011 3483 1078 delapsa

1915 1109 2105 1152 contra
2134 1115 2232 1154 vos
2263 1101 2443 1159 mittat
2480 1116 2822 1169 praeconem,
2866 1102 3012 1156 sicut
3046 1102 3205 1155 nobis
3256 1101 3486 1153 immisit

1918 1189 2226 1257 Simonem,
2277 1201 2536 1260 praetextu
2586 1192 2831 1247 veritatis
2888 1194 2944 1247 in
3002 1193 3221 1247 nomine
3272 1191 3485 1245 Domini

1916 1282 2089 1336 nostri
2146 1283 2529 1352 prtedicantem
2586 1292 2750 1354 atque
2805 1300 3048 1339 errorem
3097 1286 3479 1339 seminantem.

1917 1372 2033 1438 Qua
2068 1373 2135 1426 de
2168 1386 2335 1427 causa
2373 1374 2465 1443 qui
2504 1376 2655 1429 misit
2693 1390 2815 1442 nos,
2846 1375 2985 1429 dixit
3020 1392 3032 1426 :
3075 1376 3234 1430 Multi
3285 1378 3484 1430 venient

1919 1462 2167 1515 adversus
2222 1477 2302 1515 me
2361 1461 2419 1514 in
2481 1462 2802 1515 vestimentis
2869 1464 3045 1515 ovium
3084 1503 3100 1529 ,
3169 1464 3485 1517 intrinsecus

1920 1563 2095 1607 autem
2129 1563 2251 1609 sunt
2284 1553 2396 1623 lupi
2426 1570 2641 1625 rapaces
2663 1570 2682 1609 :
2710 1572 2743 1611 a
2777 1554 3038 1625 fructibus
3079 1572 3261 1610 eorum
3292 1572 3485 1626 cogno-

1920 1644 2073 1697 scetis
2100 1659 2186 1698 eos
2210 1656 2259 1699 α.

1935 1758 1972 1819 ῗ
1989 1755 2232 1812 XXXVI.
2248 1757 2427 1829 Atque
2443 1759 2529 1815 his
2553 1758 2845 1823 dictis,eos
2860 1758 2955 1829 qui
2982 1759 3049 1814 ad
3072 1757 3485 1830 prteeedcndum

1919 1848 2423 1917 fuerantordinati,
2468 1850 2521 1905 in
2553 1850 2902 1907 Antiochiam
2933 1850 3104 1923 Syriae
3158 1853 3372 1917 emisit,
3400 1853 3490 1923 ju~

1919 1943 2055 1998 bens
2100 1951 2162 1997 ut
2211 1943 2285 1997 ibi
2336 1952 2550 2012 tempus
2599 1951 2914 1999 secuturum
2968 1953 3367 2013 exspectarent.
3420 1943 3491 1999 lis

1920 2035 2104 2105 itaque
2133 2033 2414 2104 profectis,
2453 2034 2645 2091 Petrus
2678 2034 2886 2105 ingenti
2910 2034 3193 2090 hominum
3237 2034 3488 2089 multitu-

1920 2125 2047 2182 diue
2075 2126 2142 2180 ad
2167 2125 2327 2179 ﬁdem
2363 2126 2619 2189 adducta,
2678 2126 2925 2193 morbos,
2973 2126 3346 2195 aegritudines,
3376 2127 3489 2181 d:c--

1920 2235 2110 2275 mones
2138 2217 2365 2287 expulit,
2393 2218 2445 2271 in
2481 2218 2722 2274 fontibus
2757 2220 2926 2273 maris
2951 2218 3146 2274 vicinis
3177 2219 3488 2288 baptizavit,

1920 2316 1975 2362 et
2002 2310 2388 2367 eucharistiam
2414 2310 2571 2383 fregit
2591 2328 2607 2365 :
2625 2325 2858 2382 cumque
2880 2310 3192 2366 Maroonem
3222 2311 3488 2380 hospitem

1922 2417 2106 2467 suum,
2129 2402 2241 2472 jam
2268 2403 2495 2458 omnino
2517 2402 2842 2473 perfectum,
2870 2404 2924 2457 in
2948 2403 3263 2473 episcopum
3290 2404 3494 2457 consti—

1924 2491 2113 2546 tuisset
2134 2532 2149 2557 ,
2179 2491 2465 2548 duodecim
2496 2493 2842 2563 presbyteros
2868 2494 3205 2564 designassct
3228 2536 3242 2557 ,
3272 2493 3493 2547 fecisset

1921 2583 2201 2648 diaconos,
2231 2599 2353 2654 quae
2385 2583 2452 2638 ad
2484 2583 2733 2638 ordinem
2764 2584 3052 2638 viduarum
3081 2584 3353 2653 pertinent
3380 2595 3479 2639 sta-

1922 2677 2137 2741 tuisset,
2165 2692 2263 2746 pro
2291 2677 2571 2731 communi
2600 2677 2746 2732 bono
2767 2691 2831 2731 ac
2858 2676 2925 2731 de
2948 2691 3033 2741 eo,
3065 2678 3209 2747 quod
3235 2674 3491 2730 Ecclesia:

1924 2770 2101 2826 ordini
2152 2770 2511 2836 conducebat,
2539 2781 2683 2824 esset
2735 2770 3063 2835 collocutus,
3104 2779 3158 2824 et
3199 2769 3487 2824 consilium

1923 2863 2162 2919 dedisset
2195 2870 2254 2916 ut
2281 2862 2540 2931 episcopo
2564 2860 2809 2917 Μαινοοηί
2833 2862 3136 2928 obedirent,
3165 2862 3277 2931 jam
3319 2864 3494 2917 tribus

1926 2954 2205 3010 mensibus
2235 2954 2541 3022 completis,
2574 2954 2692 3009 vale
2720 2953 2858 3009 dixit
2886 2954 3243 3024 Tripolitanis
3271 2954 3495 3011 Phteni-

1925 3045 2043 3109 cite,
2066 3054 2121 3099 et
2149 3045 2250 3098 iter
2280 3060 2473 3100 versus
2497 3044 2844 3101 Antiochiam
2879 3043 3049 3116 Syriae
3075 3045 3356 3116 ingressus
3387 3056 3491 3111 est,

1849 3140 1893 3199 C
1926 3136 2183 3193 omnibus
2225 3135 2409 3192 debito
2433 3150 2558 3191 cum
2588 3136 2797 3191 honore
2834 3151 2936 3191 nos
2969 3135 3382 3191 comitantibus.

2489 3318 2775 3377 HOMILIA
2812 3318 2928 3373 XII.

1995 3413 2036 3468 l.
2067 3413 2281 3486 Egressi
2303 3428 2434 3485 ergo
2455 3412 2717 3484 Tripolim
2739 3410 3049 3476 Phoenices,
3070 3419 3131 3466 ut
3151 3410 3496 3466 Antiochiam

1927 3503 2099 3576 Syriae.
2127 3503 2460 3569 veniremus,
2507 3518 2574 3558 eo
2621 3503 2709 3557 die
2763 3499 3074 3555 Orthosiam
3130 3499 3363 3569 profecti
3423 3501 3495 3555 ihi

1926 3597 2252 3661 mansimus,
2282 3605 2335 3651 et
2360 3596 2487 3666 quia
2517 3606 2601 3651 est
2626 3609 2795 3666 prope
2844 3594 3056 3659 urbem,
3079 3607 3111 3648 e
3154 3608 3263 3663 qua
3291 3595 3495 3663 egressi

1925 3685 2229 3750 fueramus,
2260 3701 2382 3740 cum
2412 3699 2603 3739 omnes
2642 3682 2753 3739 fere
2789 3683 3226 3753 prtcdicationem
3264 3699 3499 3753 evange-

1924 3777 2086 3830 licam
2109 3777 2260 3846 pritts
2285 3776 2605 3839 audiissent,
2632 3791 2803 3829 unum
2830 3775 2973 3830 diem
3002 3774 3115 3829 illic
3147 3776 3495 3840 commorati,

1925 3869 2258 3924 Antaradum
2287 3869 2545 3924 abiimus.
2576 3867 2715 3935 Quia
2750 3882 2882 3922 vero
2930 3868 3087 3921 multi
3117 3876 3276 3922 erant
3306 3867 3496 3921 nobis--

1925 3976 2050 4016 cum
2079 3962 2183 4016 iter
2209 3960 2487 4028 facientes,
2515 3960 2706 4016 Petrus
2733 3958 2975 4014 Nicetam
3001 3968 3053 4015 et
3084 3958 3336 4030 Aquilam
3363 3959 3498 4013 allo-

1924 4060 2087 4108 cutus
2116 4060 2199 4108 est
2227 4034 2448 4107 dicens:
2473 4048 2934 4121 Quandoquidem
2974 4066 3170 4121 magna
3227 4051 3495 4105 comitan-

1924 4146 2061 4200 tium
2107 4145 2399 4201 multitudo
2444 4160 2553 4199 non
2592 4160 2815 4215 parvam
2870 4144 3131 4205 invidiam
3183 4151 3344 4206 nobis
3399 4159 3493 4220 per

1924 4237 2088 4292 urbes
2110 4237 2436 4292 intrantibus
2462 4237 2682 4302 conﬂat,
2708 4241 3019 4297 necessario
3042 4242 3342 4297 curandum
3373 4256 3495 4296 esse

1920 4330 2181 4401 iudicavi,
2214 4337 2274 4383 ut
2308 4344 2484 4397 neque
2513 4329 2618 4399 ipsi
2675 4337 3093 4400 contristentur,
3143 4333 3271 4388 dum
3305 4334 3495 4403 prohi-

1926 4421 2122 4475 bentur
2151 4435 2273 4476 esse
2297 4420 2606 4491 nobiscum,
2640 4435 2817 4495 neque
2840 4440 2961 4492 nos,
2989 4424 3119 4479 dum
3147 4439 3340 4480 sumus
3369 4440 3493 4494 spe-

1925 4512 2172 4576 ctabiles,
2214 4511 2521 4571 incidamus
2551 4515 2606 4570 in
2629 4515 2850 4571 malitiae
2895 4516 3177 4571 invidiam.
3224 4513 3492 4581 Quocirca

1927 4607 2051 4666 volo
2080 4619 2131 4666 te
2156 4608 2399 4665 Nicetam
2423 4618 2587 4679 atque
2605 4607 2857 4679 Aquilam
2881 4618 3006 4664 ante
3024 4624 3111 4663 me
3136 4608 3239 4663 iter
3267 4608 3490 4674 habere,

1925 4719 2021 4773 per
2050 4702 2188 4757 duos
2218 4702 2410 4773 globos
2444 4700 2701 4770 sparsim,
2733 4708 2788 4756 et
2817 4700 2957 4755 clam
2990 4703 3234 4772 gentium
3282 4701 3493 4773 ingredi

1923 4796 2192 4850 civitates.

1994 4888 2057 4941 ll.
2086 4886 2253 4943 Vobis
2283 4895 2486 4955 autem,
2524 4885 2663 4954 scio,
2695 4886 2988 4943 molestum
3013 4895 3116 4951 est,
3148 4887 3296 4958 quod
3324 4887 3379 4943 id
3410 4887 3492 4942 fa-

1586 5148 1820 5205 VARI/E
1861 5150 2262 5208 LECTIONES.

312 5259 361 5289 9‘
390 5254 463 5324 μὴ
488 5253 639 5337 ,μετά
665 5254 813 5321 conj.
845 5254 1267 5338 Schltcmannus
1302 5260 1467 5316 Clem.
1503 5279 1566 5345 'p.
1629 5266 1734 5320 555
1757 5309 1771 5332 ,
1832 5277 1887 5323 et
1933 5267 1991 5322 S.
2026 5266 2162 5321 Tttm
2232 5268 2502 5339 αρτυρίων
2538 5269 2847 5337 suspicatus
2879 5278 2964 5325 est
2994 5270 3055 5324 C.
3087 5268 3227 5323 idem
3258 5269 3489 5324 subinde

312 5323 690 5389 δοσεληλυθότι,
743 5339 808 5377 ex
861 5338 1092 5389 come-ct.
1148 5332 1699 5389 προσεληλυθότων]
1756 5336 1800 5389 Ο
1868 5286 2364 5389 προσεληλυθότων.
2492 5347 2537 5377 οτ
2583 5340 3028 5389 ποοδιαλενθεῖσα
3074 5340 3134 5389 (1.
3190 5338 3325 5389 Tum
3356 5346 3405 5389 α’
3436 5357 3488 5389 n.

246 5322 690 5444 πφσελὲλυθότι,
743 5339 808 5377 ex
861 5326 1092 5405 conject.
1148 5322 1699 5399 προσεληλυθότων]
1756 5322 1800 5391 ί)
1868 5322 2171 5410 προσεληλυ

246 5409 446 5444 τεσσαο
488 5410 651 5444 κοντα
680 5392 743 5444 0.
848 5396 893 5428 ﬂ
921 5412 1016 5444 νυν
1064 5398 1167 5444 i031-
1217 5415 1363 5444 nens-
1418 5401 1653 5444 Sl'llliflln
1727 5404 1870 5444 Flam
1936 5426 1969 5444 n
2032 5406 2101 5444 Gn
2145 5423 2171 5444 ρ

848 5396 893 5478 ξε
921 5396 1384 5478 νιξὶνηίεςζέοειιες
1418 5401 1682 5478 Scltliettt_.
1727 5396 1989 5478 Qlem.'p.
2032 5396 2104 5461 96
2145 5417 2198 5459 et
2240 5405 2297 5459 S.

242 5392 651 5447 τεσσαράκοντα
680 5392 743 5447 0.

243 5460 311 5540 9-.
362 5460 454 5540 _‘°°
484 5463 835 5540 ὲνστῑξέρρνῖα
854 5460 1211 5540 ὑπυθάλλήϐ-

246 5534 333 5587 15.
362 5532 500 5586 Tum
543 5533 726 5587 addidi
755 5536 860 5586 είσι
890 5551 940 5589 c.
970 5532 1159 5591 eodem
1217 5539 1339 5592 cod.

2271 5338 2413 5409 ωνρ
2492 5347 2537 5409 97
2583 5340 3028 5409 προδιαλεχθεῖσα
3074 5340 3134 5392 (1.
3190 5338 3325 5409 Tutu
3354 5346 3405 5409 μ’
3436 5357 3488 5409 p.

2404 5408 2449 5439 ’θ
2494 5406 2754 5479 ὀνόματος
2811 5406 2875 5463 Οξ
2944 5407 3232 5479 ῧρίηίίθτε
3259 5406 3317 5479 S,
3348 5406 3404 5461 δέ
3429 5406 3490 5464 C.

1316 5474 1330 5499 ²
1358 5470 1612 5542 ἐνδύματι
1644 5474 1701 5527 C.
1747 5470 2054 5532 Lectioitem
2076 5477 2256 5530 Ottoh.
2289 5470 2684 5533 conlirmat'hic
2709 5470 2762 5533 et
2783 5480 2943 5548 paulo
2982 5489 3106 5549 post
3157 5478 3342 5531 Matth.
3392 5494 3491 5545 vn,

1326 5580 1339 5592 .
1447 5544 1466 5571 ²
1496 5543 1887 5601 ἐπιγινώσκετε
1920 5548 1979 5601 C.
2085 5547 2106 5577 ³
2132 5546 2492 5601 προ-κόμπους
2518 5550 2578 5601 C.
2675 5550 2697 5581 ⁸
2724 5553 2789 5601 τῆ
2841 5565 2952 5601 Οῐῐὶ.
3000 5551 3067 5601 Ο.
3189 5556 3211 5588 ⁸
3239 5546 3313 5599 Ita
3340 5545 3384 5601 Ο
3439 5560 3491 5601 et

1528 5560 1887 5610 πιγινωσκετε
1920 5560 1979 5601 (λ.

2085 5547 2106 5577 ³
2132 5546 2608 5620 ίιτροτιεόμπουςϐζ
2675 5550 2697 5581 ⁸
2724 5545 2796 5620 τῇ
2841 5565 2952 5620 om.
2983 5545 3067 5620 ‘9.
3171 5556 3211 5620 λι
3239 5545 3384 5620 ΙιομΟ
3439 5560 3493 5620 et

244 5604 299 5655 in
339 5619 511 5687 marg.
547 5604 589 5656 C
617 5644 633 5669 ,
665 5602 775 5672 cuj.
806 5606 930 5659 cod.
961 5607 1212 5687 καλέσας.
1243 5608 1402 5663 Liber
1426 5602 1946 5695 Ottob:_constanter
1964 5602 2280 5686 Μαροώνην.
2317 5602 2329 5617 ³
2361 5621 2379 5649 ⁸
2405 5614 2438 5684 ἧ
2471 5602 2532 5671 ἰ).
2566 5617 2703 5673 Tum
2815 5602 2965 5683 τάξει
3006 5617 3043 5669 D
3074 5656 3089 5679 ,
3131 5617 3229 5741 τήέ
3248 5616 3399 5681 τάξιν
3433 5619 3488 5675 (Σ,

244 5671 307 5725 0.
340 5673 482 5741 Epit.
540 5688 591 5727 c.
639 5674 708 5726 69
770 5674 883 5729 haec
944 5678 1161 5731 exhtbct
1193 5698 1205 5732 :
1263 5680 1434 5741 Ὑπέρ
1464 5699 1522 5734 τε
1546 5700 1641 5735 του
1673 5702 1850 5737 κοινου
1899 5688 1991 5739 καὶ
2044 5687 2411 5741 συμφέροντος
2439 5689 2532 5740 καὶ
2583 5690 2712 5741 περὶ
2742 5707 2839 5741 της
2869 5687 3011 5741 κατά
3037 5688 3135 5741 τὴν
3169 5687 3181 5700 ’
3227 5686 3488 5741 κκλησίαν

242 5671 307 5725 0.
340 5673 482 5742 Epit.
540 5688 591 5727 c.
639 5674 708 5726 69
738 5671 742 5672 ⁷
770 5674 883 5729 haec
944 5678 1161 5731 exhibet
1193 5698 1205 5732 :

295 5680 482 5760 :Ph’pit.
770 5680 883 5754 haec
944 5680 1205 5760 exhibet:
1263 5680 1434 5752 Ὑπέρ
1464 5682 1641 5760 τειτοῦ
1673 5686 1850 5760 κοινού
1899 5688 1991 5760 καὶ
2044 5680 2411 5760 συμφέροντος
2428 5680 2532 5740 ’καὶ
2583 5690 2712 5760 περὶ
2742 5680 2839 5760 τ’ἦς
2869 5680 3011 5743 κάτά
3037 5688 3135 5760 τὴν
3169 5687 3181 5700 ⁸

248 5743 510 5829 τάξὶωςλ
548 5751 570 5782 ⁷
598 5742 738 5829 Ῡιὲδο
768 5744 1008 5829 ,πάντων
1052 5749 1200 5829 ἤιξἆὲ
1248 5742 1682 5829 Ἶροτῖέμπόντωγ
1718 5756 1853 5825 μετάι
1882 5758 1980 5829 τῆς
2012 5742 2587 5829 πρόσήκὸύσηξτιμῆς
2636 5742 2982 5817 έοουεὲέτυυι
3009 5742 3164 5814 ωίό-

3227 5686 3492 5757 κκλησίαν

3271 5756 3294 5789 ⁸
3323 5756 3494 5811 Ᾱντά-

251 5813 440 5883 ρανδον
468 5811 533 5870 Ο.
610 5820 632 5852 θ
668 5813 1023 5879 λανθάνοντας
1052 5811 1135 5874 vel
1167 5811 1530 5886 λανθάνόνέως
1555 5824 1698 5894 conj.
1718 5811 1784 5879 ἐι
1804 5811 2129 5883 vertit-(3.};
2158 5811 2281 5884 addi
2306 5811 2419 5884 vult
2444 5811 2499 5885 εἰ
