3894 6208
430 306 534 362 303

1261 305 1317 357 S.
1360 303 1744 359 (ILEMENTIS
1784 304 1801 357 l
1842 304 2007 358 ROM.
2050 304 2248 360 PONT.
2281 306 2515 363 OPERA
2552 308 2777 367 DUBIA.

3587 313 3721 366 τ’θᾶ

426 418 681 476 ciendum
702 418 1007 483 audieritis,
1027 418 1264 473 duorum
1292 436 1398 476 non
1419 422 1753 490 integrorum
1784 421 1997 474 dierum

2107 420 2521 491 ἀπολειπόμενοί
2542 425 2583 455 ¹⁰
2617 442 2716 494 μου
2739 424 3008 495 διάστημα
3031 426 3139 478 οὐδ’
3156 425 3289 480 ὅλων
3312 428 3542 499 ἡμερῶν
3568 430 3705 483 δύο.

428 513 605 583 spatio
634 528 664 565 a
696 527 781 566 me
810 514 1075 581 separari.
1114 512 1223 567 Vos
1262 514 1426 583 igitur
1471 528 1806 582 cognoscere
1854 518 1998 582 volo,

426 604 573 675 quod
628 617 750 667 nos,
808 603 903 671 qui
957 603 1351 671 persuasimus,
1400 620 1500 659 vos
1534 604 1630 674 qui
1690 604 2000 661 credidistis

430 695 602 749 multo
627 695 863 764 amplius
890 694 1190 765 diligimus,
1240 711 1403 764 quam
1455 712 1555 750 vos
1606 696 1847 767 diligatis
1898 714 2000 753 nos

428 802 804 857 persuasores.
839 784 1025 855 Itaque
1063 794 1255 839 mutuo
1306 802 1491 840 amore
1521 787 1811 855 ﬂagrantes
1843 788 1998 842 inco-

428 879 692 933 lumitatis
746 894 932 932 curam
991 893 1246 946 geramus
1294 894 1391 947 pro
1439 879 1668 946 viribus,
1726 896 1833 934 non
1862 883 1998 936 citra

428 974 693 1026 rationem
711 969 973 1025 facientes
994 985 1116 1039 quin
1141 970 1415 1039 cupimus.
1444 971 1524 1024 Ad
1555 973 1669 1026 ha-c
1696 987 1823 1027 vero
1849 974 1997 1027 nulla

424 1064 513 1116 die
561 1078 592 1116 a
640 1078 725 1116 me
768 1062 1081 1131 disputante
1129 1062 1374 1115 aberitis.
1431 1062 1533 1117 Per
1577 1065 1821 1133 singulas
1848 1067 1993 1119 enim

424 1170 673 1225 quasque
721 1153 1050 1223 insigniores
1079 1154 1482 1223 provinciarum
1513 1156 1762 1210 civitates
1792 1172 1995 1226 propo-

424 1248 529 1311 sui,
568 1246 708 1301 sicut
731 1244 897 1299 etiam
931 1259 1030 1297 vos
1058 1245 1233 1310 scitis,
1284 1260 1379 1314 per
1402 1245 1519 1299 dies
1563 1247 1798 1301 residere
1838 1248 1995 1301 etdi-

423 1348 690 1409 sceptare.
724 1335 881 1391 Nunc
900 1352 1029 1406 ergo
1059 1336 1113 1389 in
1143 1335 1468 1390 Laodiceam
1502 1338 1661 1391 nobis
1688 1339 1993 1406 proximam

421 1428 731 1501 praecedite,
755 1437 809 1482 et
838 1436 961 1497 post
992 1426 1219 1481 biduum
1252 1435 1307 1481 et
1330 1426 1599 1491 triduum,
1632 1436 1899 1496 quantum
1925 1432 1991 1482 ad

420 1520 759 1591 propositum
792 1534 974 1574 meum
1006 1527 1236 1589 spectat,
1270 1518 1531 1589 attingam
1558 1534 1673 1572 vos.
1703 1520 1783 1571 Ad
1809 1530 1993 1590 portas

422 1630 605 1674 autem
641 1634 736 1673 vos
762 1617 863 1671 soli
908 1615 1129 1685 recipite
1156 1630 1260 1679 me,
1294 1625 1441 1668 metu
1474 1617 1792 1681 murmuris,
1821 1626 1879 1669 ut
1910 1616 1993 1671 sic

421 1713 628 1781 absque
659 1711 885 1778 strepitu
906 1709 1068 1763 etiam
1095 1706 1329 1777 ingressi
1353 1722 1461 1761 una
1485 1707 1765 1761 vobiscum
1791 1708 1987 1761 simus.
2025 1744 2065 1799 Β

422 1799 487 1853 lit
510 1799 633 1852 inde
666 1797 938 1862 similiter,
970 1813 1095 1851 cum
1128 1796 1246 1851 dies
1294 1796 1368 1850 ibi
1398 1796 1615 1865 aliquot
1660 1798 1992 1867 transegeri-

421 1908 566 1955 mus,
594 1892 684 1945 alii
728 1905 826 1961 pro
856 1890 1009 1945 vobis
1051 1890 1281 1945 ulterius
1338 1905 1434 1960 per
1480 1891 1627 1945 vices
1684 1891 1992 1961 prmccdent

418 1996 472 2039 et
498 1984 732 2053 hospitia
762 1984 1162 2054 prteparabunt.

490 2074 579 2129 lll.
615 2074 739 2131 Ilaec
778 2076 995 2131 dicente
1020 2073 1201 2139 Petro,
1230 2076 1544 2131 necessario
1574 2077 1987 2146 acquieverunt,

418 2168 691 2223 dicentes:
729 2168 845 2222 Non
876 2167 1033 2222 valde
1062 2182 1183 2229 nos,
1241 2167 1485 2233 domine,
1542 2169 1832 2225 contristat
1886 2170 1991 2225 hoc

417 2276 598 2330 agere,
622 2260 881 2330 quoniam
908 2275 937 2314 a
962 2268 1013 2315 te
1040 2259 1287 2329 iubetur.
1336 2258 1519 2316 Primo
1570 2263 1825 2332 quidem,
1859 2264 1987 2333 quia

419 2351 511 2406 Dei
550 2352 887 2421 providentia
914 2352 1158 2406 delectus
1172 2368 1254 2418 es,
1274 2353 1472 2422 dignus
1495 2354 1588 2423 qui
1617 2364 1813 2409 cuncta
1846 2371 1989 2424 prae-

416 2444 565 2499 clare
593 2444 798 2515 cogites
817 2453 982 2514 atque
1002 2445 1279 2500 consulas.
1309 2446 1389 2500 Ad
1417 2447 1529 2501 haec
1554 2462 1699 2512 vero,
1724 2449 1851 2518 quia
1877 2450 1990 2517 ple-

416 2552 652 2607 rumque
674 2552 770 2607 per
797 2538 1021 2592 biduum
1051 2547 1261 2594 tantum
1294 2540 1618 2594 necessitate
1647 2542 1988 2610 prmeedendi

416 2646 446 2684 a
471 2643 521 2684 te
538 2630 845 2685 aberimus:
874 2630 1003 2685 illud
1029 2640 1208 2685 autem
1230 2632 1465 2701 spatium
1488 2634 1736 2702 quamvis
1766 2635 1986 2705 longum

418 2724 509 2787 sit,
530 2723 657 2776 dum
679 2732 731 2777 te
757 2739 863 2777 non
895 2723 1144 2778 videmus
1161 2723 1444 2778 dominum
1470 2735 1717 2781 nostrum
1742 2726 1986 2795 Petrum,

420 2824 659 2868 attamen
700 2814 1029 2884 cogitamus,
1076 2815 1250 2869 multo
1301 2815 1585 2871 molestius
1632 2817 1858 2884 laturos,
1892 2821 1986 2890 qui

418 2909 638 2979 longius
665 2908 935 2977 praemissi
966 2918 1114 2974 sunt,
1150 2919 1336 2978 utpote
1358 2911 1546 2980 jussos
1580 2921 1631 2966 te
1659 2913 1865 2969 diutius
1893 2931 1989 2984 per

420 3000 581 3054 urbes
609 3008 945 3069 exspectare,
982 3008 1037 3053 et
1067 3000 1261 3055 anxios
1290 3001 1436 3070 quod
1458 3013 1678 3071 aspectu
1710 3003 1989 3059 desidera-

416 3088 545 3145 bilis
567 3090 749 3145 vultus
779 3088 854 3143 tni
893 3104 989 3158 per
1021 3090 1253 3144 multum
1288 3100 1503 3161 tempus
1535 3095 1644 3149 sint
1677 3098 1894 3166 privati.
1922 3097 1989 3151 Et
2014 3098 2055 3153 C

420 3199 521 3238 nos
568 3198 679 3236 non
716 3183 899 3237 minus
949 3182 1057 3238 illis
1084 3184 1266 3239 tristes
1291 3183 1469 3239 facere
1523 3188 1986 3257 quemadmodum

417 3273 574 3344 iubes
599 3283 818 3343 propter
848 3274 1137 3329 utilitatem
1166 3292 1273 3330 non
1299 3293 1600 3334 moramur.
1634 3280 1699 3334 Et
1722 3281 1806 3336 his
1828 3282 1989 3337 dictis

418 3382 768 3437 praeeessere,
802 3376 1025 3436 accepto
1047 3367 1325 3433 mandato,
1371 3379 1431 3423 ut
1461 3370 1512 3423 in
1542 3372 1719 3440 primo
1752 3373 1989 3443 hospitio

418 3462 830 3531 alloquercntur
853 3462 1255 3516 multitudinem
1279 3464 1438 3516 simul
1466 3465 1566 3518 iter
1588 3476 1858 3534 agentem,
1879 3482 1989 3534 quo

418 3555 649 3621 sparsim
679 3561 732 3606 et
756 3567 785 3605 a
810 3568 867 3605 se
888 3562 1080 3606 mutuo
1102 3552 1261 3607 divisi
1282 3552 1694 3621 ingrederentur
1717 3553 1987 3608 civitates.

487 3731 577 3787 iV.
610 3730 706 3786 llis
738 3730 903 3799 igitur
933 3728 1214 3799 profectis,
1246 3746 1347 3801 ego
1381 3730 1632 3786 Clemens
1650 3733 1803 3786 valde
1840 3735 1979 3802 gavi-

416 3841 511 3881 sus
533 3840 676 3889 sum,
707 3821 852 3892 quod
888 3838 973 3875 me
1001 3838 1186 3877 secum
1212 3838 1331 3877 esse
1360 3824 1640 3877 voluisset.
1666 3826 1841 3893 Atque
1874 3826 1990 3880 haec

416 3919 481 3973 ad
513 3932 637 3971 eum
664 3916 828 3971 verba
865 3915 1113 3985 proiero:
1147 3914 1366 3970 Gratias
1395 3932 1497 3987 ago
1526 3916 1659 3983 Deo,
1706 3919 1853 3988 quod
1900 3934 1989 3973 me

419 4026 527 4065 non
553 4009 824 4071 emiseris,
857 4016 917 4062 ut
943 4008 1115 4061 alios;
1173 4024 1298 4061 nam
1351 4024 1463 4077 pra:
1519 4011 1710 4064 dolore
1762 4024 1986 4067 enectus

416 4102 665 4157 fuissem.
693 4101 783 4155 Ille
809 4114 979 4154 vero:
1029 4097 1169 4163 Quid
1202 4110 1405 4163 autem,
1430 4102 1627 4171 inquit,
1666 4103 1711 4157 si
1742 4119 1864 4172 qua:
1889 4120 1987 4158 ne-

417 4193 644 4247 cessitas
675 4190 919 4261 exegerit
948 4189 1091 4242 mitti
1125 4199 1177 4243 te
1209 4190 1392 4259 aliquo
1421 4191 1686 4245 doctrinae
1713 4194 1908 4260 gratia,
1931 4203 1986 4246 tu

416 4285 543 4355 quia
578 4281 895 4353 aliquandiu
929 4298 958 4335 a
989 4297 1077 4335 me
1119 4280 1325 4335 utiliter
1364 4279 1474 4334 eris
1527 4290 1835 4348 separatus,
1868 4282 1988 4336 ideo

416 4377 716 4433 morieris?
758 4374 952 4428 Nonne
986 4374 1186 4443 potius,
1220 4382 1399 4427 tecum
1427 4383 1711 4441 reputans,
1764 4374 1986 4430 ferenda

417 4486 541 4526 esse
565 4484 688 4539 qua:
724 4475 949 4537 propter
980 4466 1358 4520 necessitatem
1392 4465 1489 4518 tibi
1527 4465 1781 4534 imposita
1835 4479 1983 4532 sunt,

416 4577 573 4632 aequo
601 4561 785 4615 animo
834 4557 1572 4629 sustinebis?Autignoras,
1619 4559 1825 4615 amicos
1876 4578 1986 4618 una

417 4672 539 4710 esse
592 4652 1008 4716 recordatione.
1072 4651 1199 4705 licet
1254 4650 1580 4718 corporibus
1626 4664 1981 4722 separentur,

421 4749 564 4802 sicut
592 4746 836 4800 nonnulli
881 4760 1110 4813 corpore
1133 4755 1444 4813 prmsentes,
1480 4744 1625 4812 quod
1653 4760 1841 4801 eorum
1873 4764 1981 4802 non

421 4840 794 4905 recordentur,
824 4841 1007 4894 animo
1030 4840 1445 4912 peregrinantur
1479 4840 1547 4892 ab
1583 4838 1814 4895 amicis?

2021 4437 2063 4490 D

2104 512 2311 565 Είδέναι
2335 508 2427 566 οὖν
2456 515 2599 584 ὑμᾶς
2628 515 2783 579 θέλω,
2814 517 2896 568 ὅτι
2930 516 3327 572 πολλαπλάσιον
3369 520 3706 590 ἀγαπῶμεν

2102 602 2261 670 ἡμεῖς
2289 602 2339 654 οί
2375 602 2659 666 πείσαντες
2710 606 2851 674 ὑμᾶς
2891 606 3016 668 τοὺς
3056 606 3373 670 πεισθέντας
3399 649 3413 673 ,
3454 610 3607 679 ἥπερ
3652 608 3710 641 ⁸³

2103 692 2259 759 ὑμεῖς
2281 692 2427 761 ἡμᾶς
2458 694 2583 755 τοὺς
2614 694 2955 757 πεπεικότας.
2994 695 3273 767 ’Λλλήλους
3296 694 3389 752 οὖν
3423 700 3711 769 στέργὺν-

2100 798 2209 845 τες,
2242 782 2319 852 τῷ
2352 784 2393 813 ¹²
2428 785 2501 855 μὴ
2532 784 2738 853 ἀλόγως
2774 789 2948 839 ποιεῖν
2978 786 3013 841 ἆ
3062 787 3325 857 θέλωμεν,
3356 789 3457 858 τῆς
3493 792 3714 861 ἀσφα-

2100 876 2267 941 λείας,
2288 878 2411 931 ὅσον
2430 879 2490 931 τὸ
2519 879 2603 949 ἐφ’
2628 882 2777 950 ἡμῖν,
2800 880 3188 953 φροντίζωμεν.
3218 884 3361 955 Πρὸς
3378 884 3591 949 τούτοις
3628 885 3713 938 δὲ

2099 968 2351 1038 οὐδεμιᾶς
2375 970 2583 1042 ἡμέρας
2606 971 2985 1043 διαλεγομένου
3020 991 3121 1044 μου
3144 975 3587 1045 ἀπολιμπάνεσθε
3616 977 3706 1029 ⁸³-

2098 1060 2193 1121 Εἰς
2239 1060 2348 1131 γὰρ
2396 1060 2497 1123 τὰς
2558 1064 2959 1134 ἐπισημοτέρας
3008 1065 3116 1117 τῶν
3162 1066 3439 1137 ἐπαρχιῶν
3494 1066 3709 1130 πόλεις

2100 1150 2438 1221 προῄρημαι,
2464 1151 2539 1214 ὡς
2566 1152 2678 1205 ἴστε
2706 1153 2799 1205 καὶ
2825 1154 3004 1223 ὑμεῖς,
3032 1156 3251 1225 ἡμερῶν
3276 1156 3557 1226 ἐπιμένειν
3586 1158 3710 1210 καὶ

2096 1240 2455 1309 διαλέγεσθαι.
2486 1244 2595 1295 Καὶ
2616 1244 2673 1295 τὸ
2698 1243 2791 1296 νῦν
2818 1247 2897 1307 εἰς
2923 1245 3019 1316 τὴν
3045 1246 3345 1318 ἐγγυτέραν
3378 1248 3509 1317 ἡμῖν
3536 1248 3711 1301 Λαοο

2096 1332 2299 1385 δίκειαν
2323 1333 2613 1404 προάξατε,
2644 1334 2736 1387 καὶ
2765 1334 2881 1405 μεθ’
2911 1337 3121 1407 ἡμέρας
3163 1338 3255 1390 δύο
3277 1338 3308 1407 ἣ
3334 1341 3505 1409 τρεῖς,
3552 1340 3705 1392 ὅσον

2096 1427 2187 1477 ἐπὶ
2200 1429 2263 1496 τῇ
2280 1428 2384 1496 ἐμῇ
2406 1426 2738 1497 προαιρέσει,
2762 1426 3141 1498 καταλήψομαι
3158 1429 3318 1499 ὑμᾶς.
3339 1430 3461 1482 Ἐπὶ
3488 1430 3547 1481 δὲ
3568 1430 3704 1484 τῶν

2096 1519 2278 1572 πυλῶν
2300 1518 2585 1584 ἐκδέξασθέ
2612 1535 2677 1589 με
2714 1516 2872 1588 ὑμεῖς
2902 1520 3068 1588 μόνοι,
3285 1521 3372 1574 διὰ
3392 1523 3481 1575 τὸν
3507 1522 3695 1593 θρύλ-

2094 1610 2183 1662 λον
2213 1610 2275 1672 ³⁸,
2305 1610 2389 1661 ἵνα
2416 1609 2588 1672 οὕτως
2628 1609 2865 1680 ἀψοφητὶ
2914 1610 3340 1675 συνεισελθόντες
3390 1613 3506 1683 ἅμα
3533 1615 3683 1682 ὑμῖν

2096 1695 2263 1771 ὦμεν.
2314 1700 2580 1753 Κάκεῖθεν
2628 1700 2828 1769 ὁμοίως
2875 1700 3010 1770 μετὰ
3055 1705 3113 1754 τὸ
3133 1704 3403 1772 ἐπιμεῖναι
3449 1706 3693 1774 ἡμερῶν

2094 1793 2241 1845 ἄλλοι
2264 1792 2377 1845 ἀνθ’
2399 1792 2549 1863 ὑμῶν
2570 1794 2650 1854 είς
2668 1792 2734 1843 τὰ
2750 1792 3004 1844 ἐπέκεινα
3022 1793 3160 1845 κατὰ
3176 1795 3478 1863 ἐφημερίας
3503 1796 3694 1866 προά-

2095 1886 2281 1952 ξωσιν,
2303 1887 2400 1949 τὰς
2424 1884 2603 1951 ξενίας
2629 1884 3025 1955 ἑτοιμάζοντες.

2168 2064 2259 2115 Ill.
2276 2060 2460 2114 Ταῦτα
2479 2060 2572 2113 τοῦ
2598 2061 2804 2132 Πέτρου
2825 2061 3091 2127 εἰπόντος,
3116 2062 3541 2134 ἡναγκάσθησαν
3560 2083 3686 2121 συν-

2092 2154 2275 2208 θέσθαι
2302 2154 2578 2220 λέγοντεςο
2627 2153 2701 2206 Ού
2752 2152 2891 2205 πάνυ
2916 2155 3081 2223 ἡμᾶς,
3132 2155 3307 2225 κύριε,
3338 2157 3495 2209 λυπεῖ
3517 2159 3685 2213 τοῦτο

2094 2248 2374 2318 πράττειν,
2420 2244 2508 2298 διὰ
2550 2245 2611 2297 τὸ
2638 2246 2742 2297 ὑπὸ
2771 2244 2864 2297 σοῦ
2910 2245 3247 2299 κελεύεσθαι.
3294 2248 3514 2319 Πρῶτον
3550 2250 3677 2319 μὲν,

2090 2342 2171 2393 ὄτι
2198 2340 2375 2392 πάντα
2403 2340 2582 2403 καλῶς
2604 2342 2741 2392 νοεῖν
2770 2340 2811 2371 ¹⁵
2840 2357 2898 2392 τε
2935 2341 3025 2393 κα)⁵
3076 2342 3464 2412 συμϐουλεύειν
3522 2348 3680 2412 ἄξιος

2090 2432 2164 2485 ὢν
2196 2433 2299 2485 ὑπὸ
2319 2433 2417 2503 τῆς
2442 2431 2535 2484 τοῦ
2558 2430 2692 2484 Θεοῦ
2717 2433 2972 2503 προνοίας
2996 2432 3250 2504 ἐξελέγης
3266 2452 3278 2464 ·
3306 2436 3440 2507 πρὸς
3465 2440 3680 2503 τούτοις

2088 2525 2143 2577 δὲ
2171 2526 2260 2577 ἐπὶ
2294 2524 2336 2555 ¹⁸
2362 2526 2422 2576 τὸ
2448 2525 2581 2577 πολὺ
2634 2524 2856 2595 ἡμερῶν
2903 2524 2994 2576 δύο
3041 2526 3256 2596 ἀνάγκη
3283 2527 3375 2579 τοῦ
3405 2530 3677 2600 προάγειν

2090 2616 2579 2687 ἀπολιμπανόμεθά
2618 2633 2710 2668 σου
2728 2633 2740 2646 ·
2792 2617 2884 2669 καὶ
2910 2610 3063 2669 αὗται
3092 2618 3191 2687 μὲν
3217 2619 3405 2671 πολλα).
3448 2622 3590 2693 πρὸς
3615 2621 3677 2674 τὸ

2094 2712 2165 2781 μή
2183 2727 2239 2763 σε
2259 2711 2349 2763 τὸν
2374 2710 2557 2781 κύριον
2586 2710 2740 2781 ἡμῶν
2762 2711 2894 2781 ὁρᾷν
2918 2710 3139 2779 Πέτρον,
3166 2712 3301 2785 πλὴν
3322 2714 3673 2784 λογιζόμεθα,

2089 2805 2167 2856 ὃτι
2195 2803 2377 2854 πλεῖον
2419 2802 2822 2873 λυπηθήσονται
2858 2805 2906 2855 οἱ
2938 2805 3070 2856 πολὺ
3100 2806 3312 2877 μακρὰν
3342 2809 3673 2877 προπεμπό-

2094 2913 2262 2966 μενοι,
2293 2896 2368 2957 ὼς
2393 2895 2485 2946 ἐπὶ
2513 2894 2695 2945 πλεῖον
2717 2894 3007 2964 ἀναμένειν
3035 2913 3092 2948 σε
3123 2897 3261 2949 κατὰ
3303 2897 3457 2950 πόλιν
3504 2916 3673 2951 κεκε-

2089 2986 2377 3057 λευσμένοι
2405 2986 2467 3049 ¹⁷,
2495 2984 2784 3054 ἀνιώμενοι
2811 2987 2865 3037 ἐν
2894 2985 2972 3055 τῷ
2999 2986 3092 3038 ἐπὶ
3118 2986 3301 3039 πλεῖον
3344 2988 3535 3057 ἐστερῆ
3548 2988 3675 3040 σθαι

2090 3078 2182 3131 τοῦ
2210 3079 2343 3149 ὁρᾷν
2372 3094 2465 3130 σου
2505 3077 2567 3129 τὸ
2608 3076 2971 3147 περιπόθητον
3015 3078 3321 3148 πρόσωπον.
3358 3079 3469 3130 Καὶ
3509 3080 3676 3148 ἡμεῖς

2092 3172 2193 3223 οὐκ
2219 3170 2438 3222 ἔλαττον
2456 3168 2495 3235 Ψ
2518 3169 2738 3220 ἐκείνων
2764 3168 3119 3238 ἀθυμοῦντες,
3139 3169 3214 3232 ὡς
3234 3168 3475 3231 κελεύεις
3498 3169 3590 3221 διὰ
3614 3169 3677 3222 τὺ

2094 3264 2368 3334 συμφέρον
2404 3264 2576 3314 ποιεῖν
2623 3262 2722 3313 οὐκ
2772 3261 3145 3331 ἀντιλέγομεν.
3206 3262 3382 3332 Ὀμῶς
3410 3262 3451 3293 ¹⁹
3496 3260 3678 3314 ταῦτα

2091 3356 2333 3417 εἰπόντες
2360 3353 2618 3425 προῆξαν,
2647 3352 2863 3421 ἐντολὴν
2887 3350 3118 3421 ἔχοντες,
3146 3353 3203 3405 ἐν
3220 3352 3296 3422 τῷ
3320 3352 3517 3422 πρώτῳ
3535 3370 3680 3407 πανε-

2090 3445 2276 3515 δοχείῳ
2299 3443 2697 3515 προσομιλῆσαι
2720 3442 2797 3513 τῷ
2841 3442 3303 3513 συνοδοιποροῦντι
3332 3442 3492 3513 ὖχλῳ,
3519 3444 3679 3509 ὅπως

2093 3539 2366 3610 σποράδην
2392 3536 2636 3608 ἀλλήλων
2671 3536 2953 3604 γενόμενοι
2998 3536 3078 3599 είς
3122 3534 3222 3598 τὰς
3252 3535 3434 3599 πόλεις
3482 3537 3675 3610 εἰσέρ-

2091 3647 2310 3700 χωνται.

2162 3738 2250 3792 IV.
2281 3737 2656 3809 Πορευθέντων
2676 3732 2767 3789 οὖν
2795 3736 2996 3801 αὐτῶν,
3024 3735 3133 3805 ἐγὼ
3160 3736 3389 3809 Κλήμης
3418 3739 3679 3807 μεγάλως

2090 3832 2303 3902 ἔχαιρον
2324 3870 2337 3893 ,
2369 3831 2448 3882 ὅτι
2475 3831 2570 3882 σὺν
2598 3828 2757 3898 257
2786 3828 2935 3898 αύτῷ
2966 3846 3032 3899 με
3059 3829 3340 3881 ἐκέλευσεν
3370 3824 3527 3881 εἶναι.
3557 3831 3679 3883 Καὶ

2090 3922 2403 3993 ἀποκριθεὶς
2427 3916 2595 3973 εἶπον*
2628 3919 2945 3990 Εὑχαριστῶ
2967 3920 3043 3990 τῷ
3066 3918 3203 3989 Θεῷ,
3230 3920 3309 3972 ὅτι
3339 3939 3405 3990 με
3427 3922 3524 3973 οὐκ
3544 3921 3674 3987 ἐξα-

2092 4012 2420 4074 πέσταλκας,
2449 4013 2523 4075 ὡς
2550 4013 2675 4072 τοὺς
2699 4011 2936 4080 ἐτέρους,
2962 4010 3147 4080 ἐπειδὴ
3176 4011 3220 4040 ²⁰
3246 4009 3578 4081 ὀδυνώμενος
3603 4012 3674 4065 ἂν

2089 4104 2539 4173 διαπεςωνήκειν.
2587 4103 2643 4154 '0
2666 4102 2720 4153 δὲ
2750 4101 2792 4130 ¹¹
2822 4100 2953 4169 ἔφη·
2986 4100 3154 4165 Τίδέ;
3195 4103 3241 4152 εί
3270 4103 3360 4153 καὶ
3385 4103 3542 4173 χρεία
3584 4121 3673 4167 τις

2089 4195 2239 4247 ἔσται
2269 4192 2578 4264 πεμφθῆναί
2605 4193 2662 4244 σέ
2690 4208 2790 4244 που
2816 4192 2859 4221 ⁸⁸
2888 4190 3224 4261 μαθημάτων
3248 4191 3407 4262 χάριν
3425 4232 3438 4255 ,
3467 4194 3555 4256 σὺ,
3580 4194 3673 4247 διὰ

2088 4286 2149 4337 τὸ
2175 4284 2309 4355 πρὸς
2334 4284 2508 4351 ὀλίγον
2533 4281 2999 4352 ἀπολιμπάνεσθαί
3027 4299 3126 4351 μου
3154 4282 3558 4353 συμφερόντως,
3579 4285 3674 4339 διὰ

2091 4377 2246 4429 τοῦτο
2269 4375 2527 4447 τεθνήξῃ;
2550 4375 2681 4443 Οὐχὶ
2704 4373 2789 4437 δὲ,
2818 4374 3220 4445 προσομιλήσας
3246 4375 3451 4445 σεαυτῷ
3479 4376 3670 4446 φέρειν

2092 4466 2160 4519 τά
2185 4465 2273 4519 διὰ
2296 4466 2392 4536 τὴν
2419 4466 2659 4535 ἀνάγκην
2687 4480 2765 4515 σοι
2790 4464 3159 4533 προσταγέντα
3175 4464 3507 4535 ³³,εύθύμως
3529 4468 3667 4520 ὑπο-

2094 4560 2284 4630 σταίης
2311 4558 2387 4624 “;
2415 4558 2485 4610 Ἤ
2506 4560 2604 4611 οὑκ
2646 4552 2800 4609 οἶσθα
2848 4557 2928 4609 ὅτι
2982 4556 3215 4609 σύνεισιν
3257 4560 3306 4609 οἱ
3360 4560 3499 4627 φίλοι
3544 4565 3671 4625 ταῖς

2095 4653 2335 4723 μνήμαις
2355 4690 2369 4713 ,
2400 4650 2501 4704 κᾶν
2525 4652 2637 4711 τοῖς
2679 4648 2925 4719 σώμασιν
2963 4650 3447 4720 ἀπολιμπάνωνται
3476 4651 3520 4681 ’⁵
3544 4691 3558 4713 ,
3593 4655 3672 4717 ὡς

2090 4744 2241 4805 ἔνιοι,
2271 4742 2515 4803 συνόντες
2536 4744 2645 4802 τοῖς
2689 4739 2954 4810 σώμασιν,
2982 4740 3126 4810 ἀμνη
3137 4741 3370 4811 μοσύνης
3390 4741 3673 4813 uitiaui;

2090 4838 2287 4906 ψυχαῖς
2313 4835 2358 4867 ³⁸
2382 4832 2717 4903 ἀποδημοῦσι
2740 4834 2850 4895 τοῖς
2877 4832 3049 4902 φίλοις
3074 4848 3088 4897 ;

1716 5018 1951 5074 VARle
1991 5014 2394 5072 LECTIONES.

500 5132 542 5163 '°
570 5132 952 5202 ἀπολιπόμενοί
984 5132 1045 5186 C.
1136 5131 1175 5161 ”
1202 5132 1233 5199 ἢ
1270 5131 1508 5254 είπερθρ.
1541 5133 1620 5202 ᾕπ

500 5219 563 5254 nn
596 5201 820 5254 θέλομεν
848 5199 912 5254 0.
992 5202 1033 5231 "
1058 5201 1437 5254 ἁπελιμπάνεσ
1473 5220 1497 5253 ε
1524 5200 1588 5254 0.

425 5202 563 5282 Tum
596 5199 820 5282 θέλομεν
848 5199 932 5282 0._
992 5202 1033 5231 "
1058 5199 1497 5282 dtrreltpfdvs’siia
1524 5199 1588 5255 0.

1621 5149 1713 5232 εθι
1744 5124 3666 5255 (iisii‘éi‘i‘iiem".3.23‘éilii‘f“n§f§iii'29k“?'”:9g§a'ii.¥uﬁ;

1826 5216 1978 5254 υλλον
2014 5216 2079 5254 υ.

2184 5202 2225 5233 η
2268 5204 2438 5253 ποιεῖν
2464 5200 2585 5252 cod.
2630 5196 2758 5264 Reg.
2791 5196 2894 5249 804
2918 5207 2971 5249 et
2998 5196 3122 5250 Ruf.
3224 5200 3265 5230 ¹⁶
3295 5200 3415 5251 ἐπεί
3437 5198 3500 5252 0.
3522 5200 3667 5254 Tum

425 5274 657 5352 ςινάγκη
676 5266 1059 5352 τ’όῦᾐπροάγειν
1085 5266 1299 5352 ρριιῇ-(ἒ
1329 5312 1342 5335 ,
1371 5273 1584 5352 ᾁνᾲγκῃ
1610 5271 1771 5352 τοῦτο
1811 5272 2073 5352 προάγειν
2099 5271 2261 5352 id._in
2296 5280 2469 5352 testu,
2496 5278 2553 5322 ut
2576 5266 2625 5349 ρ
2650 5308 2664 5329 ,
2689 5267 2907 5352 άνάγκῃ
2935 5266 3028 5318 τοῦ
3071 5269 3329 5352 πράττειν
3353 5269 3659 5352 τοῦτο’(ξηρ.

430 5332 558 5412 Ιιιεεξ
592 5332 718 5395 80L
754 5332 1019 5409 Epitontes
1040 5356 1088 5395 c.
1125 5332 1203 5412 η’
1231 5332 1345 5397 htec
1377 5332 1535 5396 habet
1556 5332 1584 5397 ἐ’
1610 5332 1950 5403 Ἔπειταδὲ,
1970 5332 2055 5394 δτι

2083 5325 2414 5405 ὼςέπιπολὺ
2446 5325 2665 5411 ἡμερῶν
2684 5336 2775 5388 δύο
2795 5325 3185 5411 ἀνάγκηῄτούτο
3209 5339 3467 5411 πράττειν
3513 5342 3666 5410 ἡμᾶς

424 5407 965 5482 ἀπόλιμπανομζένουμς
1004 5426 1117 5482 σου.
1147 5410 1399 5467 Fortasse
1421 5422 1609 5467 nostro
1638 5414 1757 5466 loco
1785 5422 1905 5481 post
1926 5412 2134 5475 τούτοις
2153 5412 2208 5464 δέ
2239 5407 2537 5482 addendum
2560 5407 2641 5482 ὅτι
2664 5409 2985 5482 secundiimA
3002 5407 3059 5460 S.
3093 5410 3180 5482 Δᾷίῖ
3207 5407 3666 5482 κεκελευσάμενοι

425 5487 487 5539 0.
517 5477 655 5580 Tum
688 5477 1012 5580 éciap'ﬁsfiat'
1043 5480 1105 5559 το
1136 5482 1377 5580 ὀριιξνρϐ,

426 5554 705 5606 ιιιυιιάοεο.
810 5551 854 5580 ﬂ

1431 5484 1611 5559 minus
1653 5475 1817 5559 recte.
1897 5483 1940 5517 ³³
1964 5480 2320 5559 ἐλάττονα-ρ.
2401 5482 2443 5559 Ἰ
2471 5480 2544 5533 Ita
2574 5478 2656 5541 S.,
2683 5476 2832 5559 ὅμως
2862 5475 3018 5559 0L0.
3090 5478 3136 5559 ξ’
3166 5479 3287 5531 ἐπεί
3315 5477 3379 5533 0.
3458 5482 3500 5511 "

881 5566 981 5624 ποι
1000 5550 1099 5617 legi
1133 5541 1243 5604 vult
1363 5541 1375 5546 ’
1402 5553 1457 5624 ²ξ
1477 5554 1850 5624 προσταγέντα
1879 5553 2001 5624 cod.
2032 5552 2296 5624 lieg._8i).i
2323 5559 2373 5603 et
2469 5591 2499 5624 _,_
2522 5541 2890 5624 προστοιθέντα
3008 5548 3061 5624 Ψ
3094 5556 3264 5624 textu,
3292 5541 3664 5624 προστεθέντα

3534 5480 3661 5550 ήΟ,

426 5622 479 5675 in
512 5636 691 5693 marg.
762 5618 912 5693 2⁸11³
946 5612 1245 5693 0_c._co:i.
1280 5622 1407 5691 Reg.
1434 5612 1559 5693 80L
1581 5612 1846 5693 ὑποστέης
1874 5624 1933 5676 C.
1962 5622 2098 5676 Tum
2114 5612 2289 5675 νοῖσθα
2317 5623 2437 5693 cod.
2469 5612 2597 5693 Reg.
2757 5612 2905 5693 ἧσθαι
2933 5615 3235 5693 (3,0.-Ροει
3259 5612 3379 5693 οἱΑΟ
3400 5622 3555 5693 Ϋρκιι,
3590 5625 3662 5677 εί.

427 5694 471 5767 ξ⁸
498 5686 1219 5767 ἀπολιιμπάνονται,βε-Τυιιι
1260 5686 1387 5747 ἔνιοι
1424 5692 1487 5760 Ο,
1529 5709 1575 5750 c.
1606 5695 1727 5749 eod.
1760 5686 1889 5765 lieg.
1922 5694 2025 5749 804
2054 5704 2108 5750 et
2127 5695 2264 5767 Epit.
2292 5709 2341 5749 C.
2380 5692 2466 5758 ΤΞ,
2496 5686 2653 5753 ἐνίοις
2678 5687 2741 5742 C.
2784 5686 2787 5687 ν
2818 5686 2863 5717 ’⁸
2888 5686 2962 5742 lla
2994 5688 3117 5743 cod.
3152 5689 3282 5760 Iicg.
3315 5689 3419 5745 804
3445 5702 3499 5747 et
3513 5692 3660 5762 Epit.

429 5760 462 5813 ι.
497 5778 571 5823 0.,
610 5757 706 5822 τὰς
744 5760 918 5829 ψυχάς
968 5757 1117 5823 0,0.
