3894 6208
236 258 361 334 sos
1390 270 1847 328 CLEMENTINA.
1870 300 1938 313 -
1962 268 2247 323 uomuit
2287 267 2402 323 xu.
3393 266 3496 321 sos

324 392 394 447 ν.
417 392 594 461 Κάγὼ
621 392 1003 464 ἀπεκρινάμην
1018 409 1031 421 ·
1057 391 1150 460 Μὴ
1170 388 1347 444 τοίνυν
1369 389 1593 461 νομίσῃς
1611 429 1625 449 ,
1649 388 1821 459 κύριε,

2002 383 2066 438 V.
2105 384 2170 439 Et
2200 401 2299 455 ego
2326 384 2582 454 respondi
2611 401 2625 437 ε
2649 382 2768 439 Noli
2794 392 2976 439 autem
2998 391 3225 453 putare,
3254 382 3496 451 domine,

236 485 335 538 δτι
357 484 427 538 τὰ
450 483 629 556 λύπης
652 484 881 555 πάσχειν
898 483 1125 555 ἤμελλον
1149 483 1407 554 ἀνοήτως,
1424 480 1559 534 ἀλλά
1575 481 1669 533 καὶ
1689 480 1821 532 πάνυ

1930 477 2076 548 quod
2112 478 2276 531 istum
2301 491 2591 531 mmrorem
2627 476 2949 545 insipienter
2981 475 3083 531 sim
3117 488 3493 543 perpessurns,

227 576 393 647 ὀρθῷ
414 574 799 647 τινιλογισμῷ.
826 576 978 628 Ἐπεὶ
996 574 1105 646 γάρ
1127 592 1207 639 σε,
1236 573 1392 645 κύριέ
1416 591 1538 644 μου,
1559 573 1679 626 ἀντὶ
1699 572 1831 624 πάνυ

225 686 351 721 των
373 668 504 737 ἔχω,
521 666 729 739 πατρός
749 685 808 720 τε
832 667 923 720 καὶ
943 667 1146 738 μητρὸς
1161 666 1253 719 καὶ
1272 664 1514 734 ἀδελφῶν
1533 664 1626 717 καὶ
1642 680 1831 731 συγγεο

229 758 373 822 νῶν,
405 758 579 811 αἴτιόν
607 774 696 829 μοι
716 758 1003 829 γενόμενον
1029 758 1117 811 διὰ
1140 757 1232 811 τὸν
1270 756 1402 831 Θεὸν
1433 757 1531 827 τῆς
1554 754 1832 827 σωζούσης

229 849 512 921 ἀληθείας
527 890 542 914 ,
578 850 700 904 ἀντὶ
719 849 937 903 πάντων
953 850 1091 921 ἔχων
1113 867 1173 904 σε
1192 848 1542 921 παραμυθίας
1558 849 1656 920 τῆς
1680 849 1830 919 μεγί-

233 956 310 993 στ
321 959 383 1012 ης
398 940 672 1011 τυγχάνω.
688 941 833 1012 Πρὸς
852 940 1079 1004 τούτοις,
1096 939 1279 1004 δεδιώς
1304 957 1404 1010 μου
1424 940 1631 1009 καὶτῆς
1647 940 1829 1012 ἀκμῆς

228 1027 346 1096 τὴν
381 1028 450 1079 ὲκ
480 1024 696 1095 φύσεως
716 1025 1033 1097 ἐπιθυμίαν,
1058 1026 1325 1097 ἠγωνίων,
1356 1026 1432 1095 μή
1465 1042 1582 1088 πως
1614 1024 1834 1077 ἀπολει-

233 1117 409 1187 φθείς
440 1131 557 1184 σου,
584 1116 680 1173 άνθ
691 1135 870 1189 ρωπος
897 1117 974 1171 ῶν
996 1117 1281 1189 νεώτερος,
1304 1117 1535 1187 ὅσπερ¹⁷
1550 1114 1644 1169 νῦν
1663 1114 1837 1178 οὕτως

233 1212 562 1275 ἔνο-τάσεως
586 1210 715 1282 ἔχω,
737 1212 814 1276 ὡς
848 1213 913 1267 ἂν
942 1212 1017 1285 μὴ
1045 1215 1188 1267 κατά
1211 1229 1331 1267 τινα
1356 1212 1513 1284 χόλον
1534 1208 1669 1265 Θεοῦ
1697 1210 1833 1263 ἀπο-

1930 570 2178 639 quinimo
2206 569 2497 623 admodum
2526 578 2673 624 recta
2692 568 2924 622 ratione.
2951 565 3221 632 Quoniam
3244 567 3389 620 cnim
3422 575 3494 632 te,

1930 662 2150 717 domine
2182 662 2288 728 mi,
2318 676 2419 730 pro
2448 659 2702 715 omnibus
2730 658 2926 723 habeo,
2960 672 3059 726 pro
3091 666 3263 727 patre,
3299 666 3494 720 matre,

1931 750 2195 808 fratribus
2228 761 2284 807 et
2318 751 2563 822 cognatis
2585 791 2603 819 ,
2635 750 2730 820 qui
2763 765 2861 819 per
2890 750 3061 804 Deum
3114 757 3307 804 auctor
3361 748 3495 802 mihi

1930 842 2083 897 fuisti
2130 844 2485 912 agnoscenda:
2530 842 2845 897 servatricis
2893 840 3170 906 veritatis,
3212 840 3266 893 in
3314 840 3495 894 locum

1929 936 2176 991 omnium
2226 936 2435 990 habens
2490 943 2543 990 te
2594 935 2832 989 maxima
2886 933 3043 988 fruor
3094 933 3491 988 consolatione.

1927 1024 2194 1081 Praeterea
2224 1026 2432 1081 veritus
2462 1025 2764 1094 iuventutis
2797 1040 2929 1078 mea:
2964 1024 3267 1078 naturalem
3293 1038 3497 1079 concu-

1930 1116 2250 1185 piscentiam
2285 1118 2483 1171 anxius
2525 1131 2672 1169 eram
2696 1156 2712 1180 ,
2747 1131 2815 1168 ne
2859 1115 3000 1169 forte
3025 1155 3040 1182 ,
3075 1114 3171 1185 qui
3207 1115 3372 1168 homo
3398 1115 3493 1183 ju-

1929 1208 2082 1262 venis
2117 1223 2235 1263 sum
2265 1248 2279 1273 ,
2316 1208 2625 1276 disjunctus
2657 1224 2687 1260 a
2722 1216 2772 1261 te
2808 1206 2923 1275 (qui
2961 1221 3103 1260 nunc
3137 1205 3211 1259 ita
3248 1205 3492 1259 animum

235 1295 441 1365 στῆναί
476 1313 570 1349 σου
595 1298 854 1350 ἀδύνατον
887 1295 1099 1364 εἷναιίδ,
1126 1301 1303 1375 ἥττων
1329 1301 1494 1371 258
1541 1302 1829 1373 ἐπιθυμίας

231 1384 464 1457 ισομαι.
498 1388 635 1441 Ἀλλ’
661 1390 849 1461 ἐπειδὴ
874 1390 1055 1461 πολλῷ
1076 1393 1295 1462 ἄμεινον
1311 1395 1403 1445 καὶ
1428 1394 1828 1465 ἀσφαλέστερον

233 1477 486 1529 συνεῖναί
505 1477 571 1547 μέ
584 1495 687 1542 σοι,
700 1478 891 1550 τούτῳ,
968 1480 1013 1512 ¹⁹
1028 1482 1056 1533 6
1070 1481 1192 1544 νοῦς
1206 1499 1304 1552 μου
1320 1483 1580 1537 αἰδεῖσθαι
1596 1484 1829 1553 εὐλόγως

233 1568 597 1639 προείληφεν,
632 1570 712 1644 δερ
737 1571 911 1641 πάντη
944 1588 1025 1624 σοι
1050 1572 1093 1603 ³ο
1123 1577 1358 1627 συνεῖναι
1392 1573 1640 1647 εὔχομαι.
1685 1578 1829 1649 Πρὸς

229 1656 454 1719 τούτοις
472 1658 531 1709 δὲ
557 1659 838 1729 μέμνημαί
857 1677 947 1712 σου
966 1662 1022 1714 ὲν
1043 1663 1349 1734 Καισαρείᾳ
1368 1664 1612 1728 εἰπόντος
1626 1682 1639 1694 ·
1664 1664 1827 1728 Είτις

235 1746 497 1817 βούλεταί
529 1766 617 1819 μοι
652 1750 984 1816 συνοδεῦσαι,
1013 1751 1250 1814 εὐσεϐῶς
1277 1733 1601 1807 συνοδευέτω
1622 1754 1686 1807 ³¹.
1716 1755 1822 1807 Εὐ·
1856 1733 1897 1786 Β

236 1840 496 1904 σεὸῶςδὲ
517 1841 671 1913 ἔφης,
697 1843 757 1895 τὸ
783 1843 984 1914 μηδένα
1007 1843 1195 1898 λυπεῖν
1215 1845 1355 1899 κατὰ
1380 1845 1530 1910 Θεὸν,
1553 1844 1662 1899 οἷον
1685 1847 1823 1899 ἀπο-

233 1932 471 1985 λιπόντα
493 1934 537 1965 "
561 1938 760 2002 γονεῖς,
785 1940 1019 2004 γυναῖκα
1042 1938 1333 2008 ὁμόφρονα,
1358 1939 1390 2009 ἢ
1417 1939 1637 2010 ἑτέρους
1673 1938 1824 2000 τινάς

234 2028 307 2096 τῇ
344 2024 632 2098 θεοσεϐείᾳ
665 2028 1114 2098 προσκειμένους.
1152 2029 1310 2117 Ὅθεν
1334 2029 1444 2097 ἐγὼ
1466 2029 1608 2084 κατὰ
1646 2030 1824 2084 πάντα

236 2118 552 2186 ἐπιτήδειός
600 2120 714 2190 είμί
761 2136 842 2173 σοι
895 2114 1300 2193 συνοδοιπόρος,
1343 2114 1389 2189 ᾧ
1432 2123 1479 2175 εί
1513 2122 1607 2176 καὶ
1629 2122 1697 2175 τά
1725 2122 1823 2192 μέ-

236 2224 411 2276 γιστα
436 2208 659 2280 χαρίζῃ,
693 2209 795 2273 τὰς
826 2210 1026 2264 δούλων
1063 2228 1154 2281 μοι
1189 2213 1492 2283 ὑπηρεσίας
1525 2217 1825 2285 συγχωρεῖς

238 2315 368 2352 ποιε
376 2317 446 2353 ιν.

316 2425 406 2481 Vl.
448 2427 558 2481 Καὶ
582 2430 610 2482 6
642 2428 867 2499 Πέτρος,
898 2429 1154 2495 ἀκούσας,
1179 2428 1473 2498 γελοιάζων
1498 2427 1601 2500 ἔφη
1619 2447 1630 2459 ·
1651 2430 1714 2482 Τί
1730 2426 1824 2483 οὖν

240 2517 371 2581 οἴει,
399 2517 650 2590 Κλήμης,
691 2520 766 2590 μὴ
811 2520 901 2573 ὐπ’
935 2520 1103 2591 αὐτῆς
1135 2519 1378 2590 ἀνάγκης
1422 2534 1480 2570 σε
1514 2519 1593 2579 είς
1624 2517 1823 2570 δούλων

243 2625 339 2679 μοι
373 2608 604 2679 ταγῆναι
646 2610 846 2676 τόπον;
882 2610 1033 2662 Ἐπεὶ
1057 2609 1142 2673 τίς
1172 2608 1271 2672 τὰς
1296 2608 1464 2671 καλάς
1499 2608 1593 2660 καὶ
1625 2606 1824 2670 πολλάς

240 2697 491 2760 σινδόνας
515 2698 652 2768 μετά
684 2698 791 2751 τῶν
823 2698 1103 2769 ἑπομένων
1139 2712 1229 2768 μοι
1250 2695 1549 2749 δακτυλίων
1573 2693 1665 2747 καὶ
1692 2694 1824 2745 ὑπο-

236 2791 453 2862 δήσεων
496 2790 760 2859 φυλάξεις
806 2791 902 2855 Τίς
931 2790 989 2844 δὲ
1032 2791 1125 2843 καὶ
1157 2789 1227 2843 τά
1266 2789 1394 2860 ἡδέα
1429 2789 1520 2842 καὶ
1557 2786 1820 2856 πολυτελῆ

237 2881 820 2953 δψαππροετοιμάσει,
856 2882 1030 2948 ἅτινα,
1065 2879 1281 2934 ποικίλα
1315 2881 1462 2945 ὄντα,
1493 2878 1698 2933 πολλῶν
1731 2880 1822 2932 καὶ

236 2973 507 3044 τεχνιτῶν
532 2973 578 3005 ³⁸
609 2973 778 3026 δεῖται
822 2972 1124 3045 μαγείρων,
1153 2973 1246 3025 καὶ
1287 2971 1464 3025 πάντα
1508 2972 1691 3023 ἐκεῖνα
1722 2971 1822 3023 ὅσα

1931 1299 2136 1365 induxi,
2170 1307 2228 1352 ut
2259 1299 2466 1367 absque
2492 1298 2673 1352 divina
2703 1300 2936 1367 qundam
2975 1298 3054 1351 ira
3085 1311 3193 1350 non
3223 1298 3427 1366 possim
3463 1313 3493 1350 a

1928 1398 1980 1442 te
2011 1390 2254 1460 divelli),
2285 1405 2316 1443 a
2359 1390 2654 1459 cupiditate
2692 1390 2957 1443 vincerer.
2993 1387 3098 1442 Sed
3141 1389 3271 1457 quia
3321 1392 3495 1442 multo

1928 1482 2122 1537 melius
2146 1497 2209 1537 ac
2241 1482 2413 1536 tutius
2435 1491 2537 1547 est,
2570 1496 2656 1535 me
2686 1495 2907 1534 manere
2932 1480 3074 1551 apud
3107 1489 3183 1545 te,
3217 1481 3491 1539 hominem

1928 1588 2086 1641 quem
2132 1574 2349 1627 animus
2398 1588 2555 1627 meus
2598 1574 2793 1627 merito
2839 1572 3076 1628 revereri
3110 1572 3379 1635 instituit,
3412 1572 3493 1625 id-

1928 1664 2076 1717 circo
2123 1664 2349 1718 omnino
2398 1672 2576 1718 tecum
2630 1679 2751 1718 esse
2783 1674 2929 1732 opto.
2988 1663 3069 1717 Ad
3104 1661 3220 1715 haec
3268 1662 3493 1715 memini

1928 1765 1978 1811 te
2004 1757 2145 1826 apud
2179 1756 2484 1812 Caesaream
2517 1758 2722 1812 dixisse
2759 1776 2771 1810 :
2811 1756 2866 1811 Si
2900 1757 3025 1826 quis
3054 1756 3171 1812 vult
3203 1769 3289 1809 me
3321 1756 3493 1819 comi-

1927 1851 2053 1915 tari,
2090 1850 2176 1918 pie
2206 1851 2519 1906 comitetur.
2554 1849 2650 1905 Pie
2684 1858 2867 1904 autem
2912 1851 3168 1917 dicebas,
3217 1850 3489 1904 neminem

1928 1939 2150 1995 tristitia
2180 1941 2478 1995 secundum
2510 1940 2676 1995 Deum
2707 1940 2941 2004 afﬁcere,
2965 1940 3112 1996 velut
3136 1941 3492 2010 relinquendo

1924 2038 2197 2101 parentes,
2232 2044 2459 2086 uxorem
2503 2033 2842 2094 unanimem,
2878 2040 2973 2085 aut
3006 2033 3145 2087 alios
3180 2047 3320 2087 vera:
3358 2032 3492 2087 reli-

1925 2123 2073 2193 gioni
2105 2122 2374 2178 addictos.
2416 2122 2570 2179 Unde
2601 2139 2702 2195 ego
2744 2140 2969 2193 prorsus
3013 2125 3112 2179 tibi
3156 2140 3275 2180 sum
3329 2134 3489 2195 aptus

1924 2213 2139 2269 itineris
2177 2228 2381 2279 comes,
2416 2229 2447 2267 a
2479 2229 2587 2283 quo
2629 2216 2675 2270 si
2707 2215 3001 2268 maximam
3035 2216 3168 2270 velis
3194 2215 3333 2270 inire
3365 2231 3491 2285 gra-

1925 2305 2081 2370 tiam,
2118 2305 2425 2360 ministeria
2461 2319 2743 2360 servorum
2779 2305 2932 2359 obire
2957 2305 3094 2359 mihi
3127 2310 3412 2360 concedes.

1997 2414 2083 2469 Vl.
2107 2414 2222 2473 Hoc
2248 2419 2452 2487 audito,
2481 2418 2674 2474 Petrus
2708 2419 2996 2474 subridens
3031 2420 3105 2474 ait
3134 2439 3147 2474 :
3183 2420 3323 2487 Quid
3354 2436 3486 2490 ergo

1922 2516 2101 2577 putas,
2137 2507 2393 2565 Clemens
2417 2549 2431 2573 ,
2469 2510 2613 2579 quod
2658 2525 2768 2564 non
2804 2512 2919 2580 ipsa
2956 2513 3282 2568 necessitate
3324 2522 3381 2567 tu
3430 2514 3485 2566 in

1924 2617 2204 2658 servorum
2237 2604 2416 2659 locum
2446 2603 2579 2658 mihi
2607 2604 2913 2675 redigeris?
2946 2603 3079 2659 Nam
3113 2608 3237 2677 quis
3269 2607 3487 2677 elegan-

1924 2701 2005 2748 tes
2034 2709 2099 2749 ac
2132 2694 2332 2749 multas
2367 2694 2625 2751 sindones
2675 2710 2799 2750 cum
2852 2695 3125 2765 adjunctis
3173 2697 3389 2751 annulis
3432 2705 3488 2751 et

1922 2785 2119 2840 calceis
2154 2786 2285 2840 mihi
2319 2786 2630 2842 custodiet?
2662 2785 2797 2852 Quis
2826 2801 2956 2841 vero
2988 2794 3043 2841 et
3075 2787 3261 2840 suavia
3293 2786 3490 2856 exqui-

1922 2876 2138 2945 sitaque
2184 2876 2415 2946 opsonia
2447 2876 2810 2946 praeparabit,
2846 2891 2967 2945 qua:
2999 2892 3122 2930 cum
3157 2878 3306 2931 varia
3341 2878 3483 2940 sint,

1923 2967 2122 3022 multos
2154 2983 2218 3023 ac
2249 2967 2452 3037 peritos
2483 2968 2765 3037 postulant
2791 2982 2999 3038 coquos
3031 2985 3045 3024 :
3077 2976 3131 3023 et
3163 2967 3345 3023 omnia
3370 2969 3484 3034 illa,

238 3063 734 3135 ἐκτεθηλυμμένων
758 3064 803 3095 ³⁵
838 3063 1137 3135 ἀνθρώπων
1164 3064 1239 3126 ὡς
1272 3064 1443 3134 θηρίῳ
1490 3062 1707 3133 μεγάλῳ
1749 3064 1815 3132 τῇ

1924 3074 2047 3129 quae
2078 3060 2220 3130 apud
2249 3059 2592 3116 effeminatos
2622 3060 2871 3116 homines
2894 3059 3197 3131 cupiditati,
3227 3069 3482 3129 tanquam

237 3153 509 3225 ἐπιθυμίᾳ
543 3156 606 3206 ὲκ
649 3153 827 3224 πάσης
854 3152 1163 3221 πλεονεξίας
1189 3151 1513 3224 πορισθέντα
1539 3148 1819 3221 ἑτοιμάζε-

237 3260 361 3308 ται;
396 3244 545 3329 Πζῂν
578 3247 611 3315 ἡ
635 3244 679 3275 ³⁵
710 3246 935 3315 τοιαύτη
990 3261 1048 3297 σε
1096 3244 1413 3315 προαίρεσις
1464 3241 1814 3313 ὐπεισῆλθεν,

241 3333 376 3397 ἴσως
410 3335 485 3407 μὴ
535 3335 759 3388 συνέντα
792 3337 886 3389 καὶ
917 3336 1008 3389 τὸν
1040 3335 1171 3406 ὲμὸν
1214 3334 1510 3403 ἀγνοοῦντα
1557 3334 1700 3404 βίον,
1735 3334 1816 3385 ὅτι

238 3425 393 3498 ἄρτῳ
422 3426 567 3496 μόνῳ
596 3428 689 3480 καὶ
729 3426 933 3489 ἐλαίαις
964 3428 1206 3497 χρῶμαι,
1236 3425 1330 3478 καὶ
1374 3424 1611 3486 σπανίως
1653 3423 1818 3492 λαχά-

238 3533 352 3579 νοις
374 3555 389 3580 ,
442 3518 533 3569 καὶ
555 3518 634 3570 ὅτι
664 3517 875 3588 ίμάτιόν
905 3533 993 3588 μοι
1032 3518 1126 3570 καὶ
1147 3514 1428 3589 τριϐώνιον
1450 3515 1559 3587 (55)
1583 3515 1816 3585 ὑπάρχει

237 3606 383 3660 τοῦτ’
411 3608 456 3639 ⁸⁷
490 3607 620 3661 αὐτὸ
649 3608 677 3689 6
702 3607 1120 3679 περιϐέϐλημαι,
1150 3609 1242 3662 καὶ
1285 3608 1472 3680 ἑτέρου
1506 3606 1691 3679 χρείαν
1716 3607 1816 3659 οὐκ

238 3699 349 3769 ἔχω
367 3699 486 3752 οὐδὲ
506 3700 668 3771 259
678 3700 849 3755 ἀλλων
867 3702 1045 3754 τινῶν.
1075 3702 1160 3754 Ἐν
1179 3700 1287 3772 γάρ
1306 3700 1510 3763 τούτοις
1525 3700 1617 3752 καὶ
1637 3714 1818 3769 περισ-

240 3791 492 3861 σεύομαι.
526 3793 582 3847 '0
614 3792 739 3856 νοῦς
774 3793 883 3862 γάρ
914 3811 1035 3862 μου,
1070 3793 1139 3847 τὰ
1163 3795 1278 3847 ἐκεῖ
1309 3792 1486 3846 πάντα
1510 3790 1649 3863 ὁρῶν
1684 3788 1815 3842 αἰώ-

237 3900 329 3935 νια
357 3883 562 3951 ἀγαθά,
605 3885 755 3938 οὐδὲν
784 3885 893 3939 τῶν
939 3884 1168 3939 ἐνταῦθα
1210 3884 1614 3957 περιϐλέπεται.
1646 3881 1811 3959 Πλῂν,

242 3973 336 4027 σοῦ
366 3974 467 4045 μὲν
497 3975 597 4046 τὴν
622 3976 830 4046 ἀγαθὴν
851 3976 1167 4048 προαίρεσιν
1193 3975 1543 4046 ἀποδέχομαι,
1570 3975 1663 4028 καὶ
1683 3975 1812 4031 θαυ-

243 4063 432 4134 μάζων
465 4066 690 4131 ἐπαινῶ,
719 4066 837 4129 πῶς
867 4067 1005 4137 ἀνὴρ
1046 4068 1110 4119 ἐκ
1136 4066 1438 4119 πολυτελῶν
1462 4066 1599 4121 ἐθῶν
1640 4070 1813 4140 ὐπάρ-

238 4174 348 4227 χων
393 4157 591 4228 ῥᾳδίως
628 4162 741 4222 τοῖς
772 4160 1085 4228 ἀναγκαίοις
1116 4160 1206 4212 τὸν
1246 4159 1468 4212 σεαυτοῦ
1504 4160 1813 4230 ὑπήλλαξας

241 4248 373 4318 βίον.
422 4250 612 4320 Ἡμεῖς
642 4250 752 4322 γάρ
786 4253 849 4304 ὲκ
876 4251 1101 4315 παίδων,
1138 4250 1247 4319 ἐγώ
1268 4269 1327 4304 τε
1361 4252 1454 4304 καὶ
1500 4252 1747 4324 Ἀνδρέας
1785 4256 1812 4305 ὁ

240 4338 505 4411 σύναιμος
529 4341 623 4394 καὶ
653 4342 795 4395 κατά
838 4342 970 4395 Θεὸν
1002 4342 1225 4411 ἀδελφὸς
1257 4341 1330 4395 ὣν
1364 4343 1521 4413 ἐμὸς,
1557 4344 1616 4395 οὐ
1654 4344 1809 4413 μόνον

1919 3151 2143 3205 immani
2196 3151 2417 3219 bestiae,
2477 3168 2575 3222 per
2622 3168 2840 3207 omnem
2894 3154 3122 3223 quaesita
3178 3153 3367 3208 luxum
3420 3169 3486 3208 ac

1918 3239 2164 3295 fraudem
2198 3242 2497 3311 parantur?
2528 3240 2639 3297 Sed
2674 3241 2861 3297 forsan
2897 3243 3002 3298 hoc
3043 3252 3096 3298 te
3142 3243 3310 3298 subiit
3358 3259 3485 3313 pro-

1918 3333 2178 3402 positum,
2214 3336 2339 3403 quia
2374 3350 2482 3388 non
2517 3332 2848 3389 intellexeris
2891 3342 3055 3403 atque
3097 3334 3316 3404 ignores
3358 3335 3483 3387 vitae

1918 3438 2053 3479 meae
2085 3428 2375 3490 rat'onem,
2412 3425 2506 3494 qui
2541 3441 2679 3496 pane
2721 3427 2839 3482 solo
2871 3434 2926 3479 et
2958 3424 3117 3479 olivis
3149 3435 3295 3490 utor,
3332 3441 3480 3479 rare-

1918 3532 2023 3588 que
2049 3518 2313 3585 oleribus,
2336 3519 2538 3589 quique
2560 3519 2946 3574 vestimentum
2971 3532 3034 3573 ac
3056 3517 3280 3587 pallium
3305 3515 3481 3570 habeo

1919 3612 2023 3666 hoc
2055 3612 2233 3682 ipsum
2268 3627 2375 3682 quo
2407 3612 2640 3666 amictus
2673 3626 2818 3677 sum,
2841 3621 2893 3665 et
2925 3610 3031 3664 alio
3065 3625 3202 3679 opus
3235 3624 3342 3663 non
3377 3609 3478 3661 ha-

1916 3701 2040 3771 beo,
2076 3718 2253 3773 neque
2286 3703 2396 3758 ulla
2432 3718 2508 3758 re.
2544 3701 2677 3757 Nam
2712 3703 2767 3756 in
2803 3702 2889 3756 his
2919 3701 3082 3757 etiam
3106 3700 3319 3755 abunde
3347 3700 3479 3753 mihi

1914 3804 2018 3850 εει.
2068 3794 2184 3849 Mea
2230 3795 2428 3865 quippe
2478 3810 2633 3850 mens
2671 3808 2899 3849 cernens
2952 3793 3061 3848 illic
3104 3792 3287 3847 omnia
3337 3791 3480 3845 bona

1914 3897 2136 3952 aeterna,
2162 3887 2297 3941 nihil
2317 3902 2505 3941 eorum
2542 3902 2665 3957 quae
2694 3887 2782 3940 hic
2815 3894 2945 3941 sunt
2976 3885 3189 3955 aspicit.
3226 3885 3476 3938 Attamen

1915 3987 2069 4032 tuum
2102 3978 2377 4048 egregium
2413 3979 2655 4047 approbo
2704 3978 3048 4043 institutum,
3092 3977 3370 4045 mirorque
3415 3990 3480 4028 ac

1914 4066 2109 4132 laudo,
2144 4082 2255 4135 quo
2303 4067 2464 4120 modo
2496 4082 2619 4120 eum
2654 4066 2731 4121 sis
2771 4067 2855 4120 vir
2902 4068 2957 4121 in
3001 4068 3110 4121 vita
3158 4075 3477 4135 sumptuosa

1914 4159 2214 4223 educatus,
2250 4156 2408 4213 facile
2449 4159 2667 4213 vivendi
2703 4160 2970 4213 rationem
3019 4158 3394 4213 immntaveris
3426 4168 3479 4210 et

1913 4251 1979 4305 ad
2029 4250 2144 4305 sola
2176 4250 2484 4304 necessaria
2519 4251 2848 4306 traduxeris.
2884 4250 2994 4305 Nos
3031 4251 3177 4304 enim
3220 4266 3249 4303 a
3284 4265 3475 4318 puero,

1913 4357 2014 4413 ego
2048 4350 2102 4396 et
2133 4341 2398 4407 Andreas,
2428 4343 2522 4411 qui
2555 4342 2795 4413 ejusdem
2828 4357 3040 4396 mecum
3069 4340 3349 4410 sanguinis
3371 4348 3475 4404 est,

239 4435 293 4486 ὲν
319 4407 554 4505 ὀρφανίᾳ
579 4435 1007 4507 ἀνατραφέντες,
1037 4407 1170 4488 ἀλλά
1210 4436 1304 4488 καὶ
1350 4407 1455 4487 ὐπὸ
1500 4407 1687 4498 πενίας
1717 4436 1811 4488 καὶ

1924 4452 2180 4507 meusque
2212 4436 2509 4492 secundum
2541 4436 2710 4491 Deum
2747 4436 2931 4500 frater,
2963 4451 3073 4489 non
3096 4436 3269 4489 solum
3295 4435 3347 4487 in
3373 4450 3478 4504 pu-

238 4526 539 4593 κακουχίας
581 4526 662 4588 είς
694 4527 954 4597 ἐργασίαν
975 4527 1018 4558 ³⁸
1050 4526 1375 4588 ἐθισθέντες,
1411 4526 1667 4597 εὐμαρῶς
1711 4528 1806 4579 νῦν

236 4616 333 4680 τὰς
368 4616 480 4669 τῶν
521 4617 657 4671 ὁδῶν
684 4619 921 4689 φέρομεν
949 4618 1214 4680 σκύλσεις.
1266 4617 1425 4671 Ὅθεν
1450 4658 1463 4681 ,
1500 4621 1547 4670 εἰ
1590 4618 1803 4671 ἐπείθου

1347 4694 1379 4720 δ

1915 4531 2103 4599 pillatu
2153 4530 2411 4595 educati,
2448 4545 2632 4583 verum
2681 4529 2844 4583 etiam
2880 4536 3104 4597 prOpter
3154 4527 3389 4595 inepiam
3424 4538 3477 4580 et

1912 4634 2184 4673 aerumnas
2218 4619 2283 4672 ad
2320 4618 2561 4671 laborem
2598 4618 2907 4679 assuefacti,
2943 4619 3190 4686 expedite
3217 4633 3362 4672 nunc
3386 4617 3473 4671 iti-

1543 4773 1767 4828 VARIAS
1789 4770 2184 4826 LECTIONES.

375 4887 419 4958 ε’
446 4886 619 4957 ὅσπερ
646 4884 747 4958 Ι),Δ
768 4888 1001 4958 ὄπερνίϐ,
1026 4885 1090 4942 0.
1122 4885 1261 4958 Tum
1292 4886 1367 4949 ὡς
1396 4886 1461 4940 ἂν
1493 4888 1564 4957 μή
1606 4886 1668 4958 Ι),
1696 4886 1888 4958 κᾶνίὶ,
1908 4884 1953 4940 0
1984 4926 1999 4950 ,
2018 4886 2101 4958 ῶς
2131 4916 2202 4958 -Ῑ-
2226 4885 2373 4958 εί-μὴ
2392 4913 2462 4958 -τ
2481 4886 2687 4958 Epit.c_.
2716 4884 2802 4947 75,
2832 4886 2906 4946 ὡς
2937 4885 3038 4958 κᾶν
3064 4886 3209 4958 conj.
3229 4884 3478 4958 S.Dein-

236 4971 359 5025 σερε
378 4949 685 5027 ἀποστῆναί
707 4949 781 5012 ⁷0.
812 4949 1031 5028 ε.Ἐρὶι.
1052 4958 1087 5011 Ι.
1118 4974 1190 5019 c.,
1215 4957 1469 5008 ὰποστεῖν
1491 4949 1564 5010 Cf
1627 4956 1672 4988 ’⁸
1708 4955 1782 5008 ita
1800 4949 1964 5027 Epit,
1992 4951 2040 5006 εἷ
2065 4956 2124 5008 C.
2145 4951 2208 5007 Ο.
2288 4949 2330 4985 ‘9
2358 4949 2584 5017 τούτ..’.ς
2612 4955 2733 5025 (sic)
2759 4970 2856 5022 pro
2875 4949 3109 5074 rodtcpi)
3132 4949 3196 5009 0.
3274 4956 3317 4986 ³⁰
3343 4958 3480 5009 πάι-

236 5027 353 5074 τοτέ
378 5043 462 5074 σοι
487 5030 550 5074 fl.
630 5027 672 5059 ³³
707 5027 945 5074 εὐσεϐῶς
965 5026 1288 5074 συνοδευέτω
1314 5041 1423 5074 om.
1460 5024 1523 5074 Ο.
1560 5024 1703 5074 Idem
1736 5025 1924 5074 λυπεῖν
1952 5040 2001 5074 c.
2023 5024 2143 5074 cod.
2176 5024 2305 5074 Reg.
2342 5023 2466 5074 804.
2491 5024 2691 5074 λυποῦν
2718 5025 2777 5074 C.
2801 5023 3038 5074 λυπῆσαι
3100 5023 3210 5074 ὐἰι.
3235 5042 3282 5074 c.
3318 5026 3406 5074 75.

236 5023 353 5078 τοτέ
378 5043 462 5079 σοι
487 5030 550 5078 υ.
581 5023 591 5027 ⁷
630 5027 672 5059 ³³
707 5023 945 5090 εὐσεϐῶς
965 5026 1288 5080 συνοδευέτω
1314 5041 1423 5078 om.
1460 5024 1523 5080 0.
1547 5024 1703 5093 Idem
1736 5023 1924 5077 λυπεῖν
1952 5040 2001 5093 ε.
2023 5024 2143 5078 cod.
2176 5024 2305 5093 Reg.
2342 5023 2466 5087 804,
2491 5024 2691 5077 λυποῦν
2718 5025 2777 5085 C,
2801 5023 3038 5093 λυπῆσαι

3100 5023 3113 5034 Ἰ

3111 5026 3210 5093 ρει.
3235 5042 3282 5080 c.
3318 5026 3406 5084 75.

238 5095 280 5172 ξ
312 5095 623 5172 ηεξ-Εμὶςλ.
648 5113 733 5172 c.,
770 5095 1130 5172 671192.711le
1181 5096 1289 5172 0.“
1324 5090 1747 5172 ³³*ὄψαέΕμὶιηα
1784 5095 1858 5147 74
1886 5104 1939 5172 et
1972 5092 2184 5172 0,_64«q
2219 5090 2312 5172 C'._
2360 5093 2711 5172 “£53mme
2763 5094 2900 5172 epit.
3030 5090 3477 5172 ἐκτεθηλυμένων

242 5163 296 5219 S.
374 5166 421 5197 “
448 5163 590 5237 πλὴν
613 5169 663 5220 εἰ
692 5169 814 5222 cod.
846 5166 981 5238 Reg.
1018 5166 1122 5221 804
1148 5175 1202 5221 et
1252 5163 1315 5220 0.
1375 5163 1513 5219 Tum
1553 5165 1800 5218 συνιέντα
1823 5166 1950 5233 epit.
2028 5164 2070 5194 ³⁷
2095 5163 2252 5216 τοῦτο
2274 5164 2334 5219 C.
2413 5163 2458 5195 ³⁸
2490 5163 2780 5234 ἑργατείαν
2803 5163 2924 5217 cod.
2967 5163 3098 5233 Reg.
3130 5164 3235 5217 804
3258 5163 3311 5218 et
3336 5163 3401 5218 0.

1578 5314 1942 5372 VARIORUM
1977 5315 2208 5372 ΝΟΤιΕ.

307 5416 421 5484 (55)
450 5412 778 5483 Τριϐώνιον.
815 5412 1204 5484 Τιῄἰιωηεῇυη]
1228 5409 1430 5484 dicitur
1472 5409 1792 5484 noq__se_m_ql
1902 5410 2143 5484 ίμάτιονί
2179 5411 2673 5484 κατατετριμμένον
2711 5412 2891 5484 ῥάκος⁸
2931 5410 3181 5484 παλλίον.
3203 5408 3257 5461 1η
3291 5407 3473 5484 “Auso-

240 5487 291 5540 in
314 5478 638 5540 Narratione
660 5484 726 5537 de
745 5482 1030 5552 Apollonio
1064 5479 1248 5552 Tyrio,
1281 5483 1538 5552 Augustae
1561 5478 1802 5552 Vindeli:

1906 5477 2017 5551 nio,
2062 5480 2383 5551 epigramm.
2411 5477 2726 5551 52,.‘11'ibon'.
2754 5480 2924 5534 Paulo
2955 5491 3078 5533 ante
3104 5478 3263 5531 Liber
3291 5477 3473 5551 Regis,

241 5546 1087 5623 cornmedita,protri'bonarium
1110 5546 1800 5623 {Nezlespiciastribqnarii
1904 5550 2044 5623 πλὴν
2078 5546 2126 5604 εί
2156 5546 2405 5621 ῖτοιαύτη.
2443 5550 2508 5607 Et
2544 5551 2645 5607 sub
2682 5551 2843 5606 ﬁnem
2882 5551 3093 5619 capitis,
3133 5546 3466 5618 έργαστείαν.

242 5619 636 5695 paupertatem:
672 5623 992 5695 Esthautem
1058 5619 1338 5695 τριβώνιον
1387 5636 1479 5673 seu
1534 5619 1802 5695 rpt_6o'woy
1902 5619 2033 5677 Cor,

243 5688 719 5764 grammaticorum
752 5693 875 5749 filiis
904 5690 964 5745 τὸ
998 5688 1220 5746 παλαιὸν
1254 5689 1346 5744 καὶ
1372 5688 1725 5761 τετριμμένον
1741 5688 1800 5741 τὸ
