3894 6208
358 240 461 296 507

1180 242 1241 297 S.
1279 240 1666 297 CLEMENTIS
1700 243 1719 296 l
1760 238 1923 295 ROM.
1961 237 2161 297 PONT.
2202 237 2431 292 OPERA
2464 238 2693 295 DUBIA.

3512 231 3653 287 308

362 372 552 413 uerum
588 357 907 413 vexationes
932 355 1180 413 ferimus.
1210 356 1391 423 Quare
1422 358 1470 411 si
1495 357 1747 412 crederes
1774 355 1930 417 mihi,

2049 370 2161 421 μοι,
2207 352 2331 423 ἐμοὶ
2375 351 2441 406 ἂν
2473 353 2935 425 συγκεχωρήκεις,
2967 350 3127 423 ἀνδρὶ
3156 348 3395 422 ἐργάτῃ,
3430 349 3524 402 σοὶ
3550 346 3654 401 τὰ

361 464 646 503 servorum
680 450 858 505 oﬂicia
890 466 1001 517 me,
1034 449 1317 505 hominem
1343 448 1677 519 operarium,
1701 447 1797 502 tibi
1832 446 1936 502 im-

362 538 603 607 pendere
634 541 986 596 concederes.

438 628 549 684 Vll.
583 629 657 685 At
688 645 791 701 ego
824 632 941 687 haec
975 630 1207 687 audiens
1241 630 1547 685 contremui
1580 638 1636 685 et
1666 630 1935 701 collacry—

364 724 547 786 mavi,
599 725 749 793 quod
799 724 961 779 talem
1014 724 1296 780 habuisset
1349 724 1654 780 orationem
1688 726 1793 791 vir,
1827 740 1938 795 quo

364 816 547 870 cuncti
598 816 755 885 hujus
801 816 980 871 aetatis
1028 815 1279 871 homines
1325 817 1541 872 ratione
1585 817 1829 873 scientia;
1874 832 1939 872 ac

366 904 586 973 pietatis
633 905 874 961 minores
908 914 1056 961 sunt.
1106 903 1247 960 Tum
1291 906 1383 961 ille
1424 906 1819 978 lacrymantem
1852 923 1940 963 me

366 996 559 1055 videns
588 1011 811 1051 causam
848 996 1215 1068 lacrymarum
1249 997 1696 1069 percontabatur.
1733 996 1800 1051 Et
1837 1012 1939 1069 ego

366 1086 622 1154 respondi
668 1104 681 1139 :
725 1085 866 1153 Quid
922 1094 1134 1142 tantum
1180 1088 1399 1157 peccavi
1427 1128 1443 1154 ,
1479 1096 1539 1142 ut
1570 1088 1705 1141 mihi
1740 1088 1937 1158 hujus-

368 1175 517 1229 modi
555 1176 832 1245 proferres
867 1178 1219 1232 sermonem?
1252 1176 1318 1231 Et
1351 1176 1547 1232 Petrus
1572 1179 1785 1249 excepit
1828 1198 1841 1232 :
1880 1177 1938 1233 Si

368 1264 571 1318 malum
601 1276 717 1330 est,
745 1267 895 1335 quod
928 1267 1078 1333 dixi,
1115 1276 1175 1322 ut
1225 1269 1461 1323 serviam
1495 1269 1590 1325 tibi
1618 1310 1634 1334 ,
1682 1278 1738 1324 tu
1790 1270 1941 1339 prior

369 1358 635 1425 peccasti,
668 1358 772 1412 hoc
808 1358 941 1411 mihi
982 1359 1269 1428 postulans
1305 1359 1505 1415 facere.
1538 1359 1604 1413 Et
1639 1376 1741 1431 ego
1773 1379 1786 1415 :
1818 1360 1939 1415 Non

368 1458 451 1501 est
477 1488 491 1511 ,
528 1448 750 1514 inquam
780 1488 795 1510 ,
829 1448 1005 1501 simile
1037 1466 1050 1502 :
1088 1464 1175 1502 me
1229 1448 1375 1502 enim
1432 1449 1538 1503 hoc
1583 1464 1742 1517 agere
1787 1449 1942 1503 decet

367 1539 611 1605 omnino,
645 1548 697 1593 te
731 1549 937 1603 autem,
966 1541 1060 1608 qui
1085 1556 1143 1595 es
1171 1538 1263 1595 Dei
1296 1556 1475 1609 praeco
1498 1551 1552 1595 et
1579 1550 1797 1595 nostras
1827 1558 1941 1595 scr-

370 1646 464 1684 vas
510 1631 745 1696 animas,
782 1631 835 1684 id
868 1632 1001 1685 mihi
1037 1631 1219 1687 facere
1267 1648 1431 1703 grave
1476 1642 1579 1688 est.
1632 1633 1699 1689 Et
1747 1633 1939 1689 Petrus

2034 444 2234 498 δούλων
2259 444 2611 516 ἀποπληροῦν
2646 444 2807 517 μέρη.
2828 496 2829 505 η

2107 621 2219 677 νη.
2255 622 2395 691 Ἐγὼ
2420 622 2479 676 δὲ
2506 621 2741 686 ἀκούσας
2767 620 3067 692 σύντρομος
3085 619 3352 691 ἐγενόμην
3378 619 3476 672 καὶ
3505 617 3649 670 ἐπί-

2035 716 2268 787 δακρυς,
2315 713 2425 768 οἷον
2451 714 2605 781 λόγον
2636 708 2789 765 εἶπεν
2815 713 2977 784 ἀνὴρ,
3006 704 3066 781 οῦ
3093 710 3295 773 πάντες
3316 711 3365 762 οἱ
3390 709 3495 778 τῆς
3522 705 3642 759 νῦν

2037 810 2228 877 γενεᾶς
2253 807 2527 879 ἄνθρωποι
2558 807 2635 877 τῷ
2660 806 2758 876 τῆς
2782 803 3035 873 γνώσεως
3057 804 3151 858 καὶ
3172 802 3450 864 εὐσεϐείας
3474 799 3650 868 λόγῳ

2038 904 2231 983 ἥττους
2252 901 2297 933 ⁸9
2322 901 2695 971 τυγχάνουσιν.
2723 900 2789 950 Ὁ
2805 898 2882 961 δὲ,
2911 896 3033 951 ίδὼν
3065 914 3132 968 με
3158 895 3482 965 σύνδακρυν,
3508 889 3644 945 τῶν

2038 994 2286 1064 δακρύων
2311 992 2536 1046 ἐπύθετο
2561 991 2659 1062 τὴν
2684 991 2880 1044 αἰτίαν.
2907 987 3077 1057 Κάγὼ
3102 987 3235 1058 ἐφην
3251 1004 3264 1017 ·
3294 986 3358 1039 Τί
3378 984 3643 1038 τοιοῦτον

2038 1088 2311 1158 ἥμαρτον,
2342 1086 2429 1139 ἵνα
2463 1101 2553 1155 μοι
2582 1082 2822 1137 τοιοῦτον
2839 1082 2885 1114 ⁸⁰
2918 1081 3077 1152 εἴπῃς
3103 1080 3259 1149 λόγον
3284 1096 3297 1144 ;
3326 1079 3437 1133 Καὶ⁸
3460 1080 3491 1130 6
3517 1076 3643 1128 Πέ-

2039 1197 2168 1253 τρος
2200 1178 2559 1250 ἀπεκρίνατο·
2590 1177 2654 1229 Et
2684 1176 2781 1247 μὲν
2814 1176 3001 1238 κακῶς
3026 1174 3221 1246 εἴρηκα
3252 1173 3311 1225 τὸ
3333 1169 3645 1225 δουλεῦσαί

2043 1290 2147 1337 σοι,
2176 1272 2239 1325 σὺ
2278 1270 2491 1343 πρῶτος
2516 1271 2783 1341 ἥμαρτες,
2816 1268 2959 1320 τοῦτ’
2982 1268 3024 1299 ⁸³
3048 1267 3171 1336 ἐμοὶ
3203 1265 3428 1333 ποιῆσαι
3454 1260 3645 1328 ἀξιώ-

2044 1383 2160 1425 σας.
2187 1364 2355 1432 Κάγὼ
2376 1364 2510 1434 ἔφην
2526 1380 2538 1393 ·
2562 1363 2673 1433 Οὐχ
2692 1361 2873 1432 ὅμοιόν
2894 1361 3061 1412 ἐστιν’
3081 1358 3205 1428 ἐμοὶ
3221 1357 3321 1427 μὲν
3333 1355 3441 1426 γὰρ
3459 1354 3647 1407 τοῦτο

2043 1461 2217 1513 ποιεῖν
2243 1457 2443 1529 πρέπει
2468 1456 2632 1516 πάνυ,
2678 1454 2761 1506 σοὶ
2804 1453 2859 1505 δὲ
2892 1450 2970 1521 τῷ
2993 1449 3087 1503 τοῦ
3110 1449 3243 1501 Θεοῦ
3274 1450 3474 1519 κήρυκι
3521 1445 3635 1508 τὰς

2042 1551 2315 1622 ἡμετέρας
2346 1548 2572 1612 σώζοντι
2603 1546 2779 1616 ψυχὰς
2811 1544 3045 1615 χαλεπὸν
3076 1540 3234 1594 τοῦτο
3265 1541 3437 1591 ποιεῖν
3469 1535 3625 1607 ἐμοί.

2044 1645 2153 1697 Καὶ
2182 1645 2210 1695 ὁ
2238 1642 2444 1712 Πέτρος
2477 1639 2807 1707 ἁπεκρίνατο
2829 1656 2841 1667 ·
2878 1635 3185 1705 Συνεθέμην
3211 1633 3274 1687 ἄν
3300 1649 3402 1694 σοι,
3431 1631 3560 1683 ἐπεὶ
3580 1630 3633 1660 ⁸⁸

372 1723 654 1792 respondit
677 1739 690 1776 :
716 1724 1138 1792 Acquiescerem
1165 1725 1281 1792 tibi,
1300 1741 1422 1779 cum
1449 1724 1710 1780 Dominus
1732 1736 1940 1792 noster,

2049 1732 2305 1805 όΚύριος
2346 1730 2523 1802 ἡμῶν,
2582 1730 2611 1781 6
2658 1728 2752 1782 ἐπὶ
2800 1727 3042 1798 σωτηρίᾳ
3091 1726 3253 1796 260
3290 1722 3487 1785 παντὸς
3528 1720 3628 1773 τοῦ

372 1815 467 1882 qui
517 1815 586 1869 ad
629 1816 859 1871 salutem
893 1817 1064 1871 totius
1098 1817 1287 1871 mundi
1326 1818 1493 1881 venit,
1531 1834 1782 1887 unusque
1822 1834 1943 1873 om-

371 1905 521 1959 nium
555 1914 640 1960 est
676 1907 1092 1974 nobilissimus,
1138 1907 1454 1962 servitutem
1505 1909 1850 1974 sustinuerit,
1886 1918 1945 1963 ut

373 2014 471 2052 nos
504 1998 760 2052 suaderet
793 2014 901 2053 non
929 1997 1254 2052 erubescere
1290 1998 1552 2054 fratribus
1586 2000 1790 2055 nostris
1828 2016 1944 2055 ser-

369 2104 565 2143 vorum
614 2089 873 2144 exhibere
924 2090 1228 2145 ministeria
1252 2103 1302 2157 ο,
1363 2092 1615 2160 quamvis
1648 2092 1942 2147 admodum

372 2182 585 2236 nobiles
630 2182 824 2237 simus.
862 2180 1001 2236 Tum
1039 2191 1141 2252 eg’o
1174 2182 1287 2237 dixi
1318 2199 1331 2235 :
1372 2182 1428 2236 Si
1464 2192 1678 2253 putem,
1712 2185 1858 2254 quod
1893 2197 1944 2240 te

372 2274 476 2327 sim
523 2282 886 2342 superaturus
915 2274 1163 2328 oratione
1187 2315 1203 2341 ,
1241 2274 1443 2329 stultus
1462 2289 1585 2329 sum
1618 2294 1633 2331 :
1668 2287 1943 2333 verumta-

373 2381 495 2419 men
532 2382 635 2435 ago
670 2368 876 2436 gratias
903 2368 1263 2437 providentia:
1306 2366 1439 2435 Dei,
1483 2369 1611 2438 quia
1654 2381 1942 2441 parentum

372 2460 494 2514 loco
526 2460 730 2515 habere
758 2468 809 2515 te
841 2462 1039 2517 merui.

448 2549 578 2603 Vlll.
632 2550 699 2605 Et
738 2549 932 2605 Petrus
980 2552 1336 2622 interrogavit
1370 2569 1384 2606 :
1420 2554 1662 2611 Nemone
1701 2570 1829 2610 vere
1875 2567 1942 2608 ex

372 2655 574 2709 genere
598 2641 692 2695 tibi
724 2642 1011 2711 superest?
1033 2641 1307 2713 Respondi
1334 2661 1346 2696 :
1378 2643 1518 2699 Sunt
1540 2644 1759 2715 quidem
1786 2643 1942 2697 multi

370 2741 426 2786 et
458 2739 706 2801 potentes
738 2733 875 2799 viri,
911 2742 1077 2804 atque
1107 2749 1173 2788 ex
1206 2737 1459 2805 prosapia
1490 2735 1751 2790 Caesaris.
1806 2733 1941 2789 Nam

376 2820 516 2891 patri
548 2835 708 2888 meo,
758 2830 945 2892 utpote
978 2839 1087 2878 una
1121 2823 1388 2890 educato,
1429 2834 1716 2895 cognatam
1761 2824 1944 2879 Cazsar

375 2914 491 2982 ipse
520 2911 703 2981 junxit
737 2928 988 2981 uxorem,
1017 2913 1085 2968 de
1117 2930 1225 2984 qua
1260 2924 1374 2971 tres
1400 2916 1555 2971 liberi
1589 2916 1693 2969 orti
1731 2932 1941 2983 sumus,

2044 1825 2248 1894 κόσμου
2294 1819 2563 1892 ἐληλυθὼς
2586 1858 2601 1884 ,
2640 1819 2795 1890 μόνος
2841 1818 2984 1894 ὑπὲρ
3023 1818 3230 1880 πάντας
3262 1815 3489 1886 εὐγενὴς
3521 1812 3625 1875 ὣν,

2043 1892 2282 1971 δουλείαν
2307 1916 2622 1985 ὑπέμεινεν,
2644 1912 2731 1965 ἵνα
2754 1892 3092 1982 ἡμᾶς’πείσῃ
3124 1911 3195 1980 μὴ
3220 1907 3484 1962 αἰδεῖσθαι
3508 1908 3631 1967 τοῖς

2044 2009 2290 2077 ἀδελφοῖς
2322 2006 2478 2079 ἡμῶν
2528 2004 2627 2067 τὰς
2677 2002 2876 2056 δούλων
2921 2005 3092 2056 ποιεῖν
3140 2000 3478 2072 ὑπηρεσίας,
3513 1996 3630 2051 κᾶν

2046 2103 2184 2157 πάνυ
2215 2101 2457 2170 εὐγενεῖς
2494 2097 2867 2168 τυγχάνωμεν.
2902 2094 3074 2165 Κάγὼ
3105 2095 3239 2167 ἔφην
3260 2112 3272 2123 ·
3304 2096 3367 2147 Et
3402 2093 3501 2165 μὲν
3534 2111 3627 2145 νο-

2048 2194 2191 2265 μίζω
2226 2209 2285 2245 σε
2326 2194 2547 2263 νικῆσαι
2574 2192 2618 2224 ’⁵⁸
2648 2192 2812 2260 λόγῳ,
2849 2187 3073 2260 ἀνόητός
3106 2189 3252 2257 είμι,
3297 2186 3435 2261 πλὴν
3461 2185 3628 2254 χάριν

2044 2282 2152 2353 ἔχω
2180 2284 2246 2353 τῇ
2280 2281 2373 2335 τοῦ
2415 2282 2550 2335 Θεοῦ
2586 2281 2832 2353 προνοίᾳ,
2866 2279 2947 2333 ὃτι
2993 2296 3054 2332 σε
3102 2279 3183 2342 είς
3220 2277 3422 2347 γονέων
3454 2276 3629 2331 τόπον

2043 2374 2187 2445 ἔχειν
2212 2372 2578 2445 κατηξιώθην.

2113 2570 2250 2628 Vill.
2290 2572 2403 2625 Καὶ
2440 2571 2470 2623 ό
2514 2569 2721 2640 Πέτρος
2751 2568 3103 2622 ἐπυνθάνετο·
3141 2566 3329 2629 Οὐδεὶς
3360 2565 3418 2621 δέ
3457 2582 3553 2618 σου
3580 2564 3629 2597 ⁸⁸

2042 2664 2257 2736 ἀληθῶς
2291 2663 2425 2735 πρὸς
2446 2662 2633 2731 γένους
2652 2661 2695 2692 ’⁵⁸
2721 2661 2954 2731 ὑπάρχει
2977 2677 2990 2725 ;
3019 2659 3190 2728 Κάγὼ
3212 2659 3594 2728 ἀπεκρινάμην
3608 2673 3627 2690 ο

2044 2756 2166 2808 Εἰσὶ
2202 2754 2300 2825 μὲν
2325 2752 2511 2805 πολλοὶ
2537 2752 2631 2804 καὶ
2668 2750 2892 2821 μεγάλοι
2925 2752 3136 2822 ἄνδρες,
3177 2751 3455 2822 Καίσαρος
3486 2750 3628 2821 πρὸς

2044 2844 2199 2914 γένος
2230 2844 2402 2906 ὄντες.
2440 2841 2600 2895 Ὅθεν
2631 2840 2708 2911 τῷ
2740 2840 2858 2911 ἐμῷ
2899 2842 3066 2911 πατρῖ
3104 2842 3180 2904 ὡς
3213 2841 3307 2894 καὶ
3341 2840 3631 2911 συντρόφῳ

2045 2936 2209 3000 αὑτὸς
2240 2938 2458 3006 Καῖσαρ
2500 2918 2789 3003 εἶνγγενίδα
2814 2933 2859 2965 ⁸⁸
2893 2934 3317 3005 προσηρμόσατο
3357 2936 3627 3001 γυναῖκα,

375 3008 486 3062 duo
519 3007 739 3076 quidem
775 3016 904 3062 ante
934 3023 1041 3075 me,
1076 3009 1170 3078 qui
1204 3024 1328 3063 cum
1365 3017 1548 3064 essent
1583 3009 1813 3079 gemini,
1848 3011 1945 3063 ad-

377 3100 595 3124 --.ΑΛΒ-..η
635 3100 735 3124 ..1ιά
790 3100 1020 3124 2..-.ξρη...
1067 3102 1271 3124 -2...21,.-
1312 3110 1457 3124 -n-..‘
1535 3111 1589 3124 --ι
1628 3102 1739 3124 ε---,.
1794 3112 1943 3124 “AL-..

2049 3029 2138 3096 ἀφ’
2171 3022 2238 3098 ἧς
2280 3029 2427 3098 τρεῖς
2468 3025 2766 3095 ἐγενόμεθα
2806 3025 2912 3077 υἱοὶ
2934 3064 2949 3087 ,
2982 3024 3075 3076 δύο
3112 3026 3210 3095 μὲν
3245 3025 3350 3095 πρὸ
3380 3025 3539 3095 ἐμοῦ,
3574 3028 3629 3079 οἳ

376 3100 598 3154 modum
633 3100 738 3155 sibi
790 3100 1023 3155 invicem
1065 3102 1274 3157 similes
1307 3110 1500 3169 erant,
1535 3111 1595 3155 ut
1628 3102 1743 3171 ipse
1792 3112 1944 3171 pater

2049 3121 2142 3172 καὶ
2161 3120 2369 3189 δίδυμοι
2393 3118 2543 3180 ὄντες
2566 3117 2706 3170 πάνυ
2728 3117 2903 3186 ὅμοιοι
2924 3115 3173 3186 ἀλλήλοις
3194 3116 3508 3185 ἐτύγχανον,
3548 3118 3631 3179 ὡς

375 3193 557 3247 aiebat
594 3191 725 3247 mihi
759 3207 772 3244 :
807 3208 905 3262 ego
940 3192 1083 3246 enim
1120 3208 1293 3262 neque
1334 3192 1454 3247 illos
1504 3207 1681 3261 neque
1720 3194 1944 3263 genitri-

375 3301 491 3340 cem
522 3285 677 3340 valde
707 3283 859 3349 novi,
896 3284 992 3339 sed
1021 3285 1176 3353 quasi
1213 3298 1311 3352 per
1341 3281 1617 3337 somniufu
1649 3283 1942 3339 obscuram

375 3393 566 3433 eorum
612 3375 847 3430 formam
900 3376 1109 3432 recolo.
1145 3373 1317 3429 Mater
1364 3390 1494 3445 ergo
1535 3390 1656 3429 mea
1699 3374 1944 3431 Mattidia

377 3468 680 3530 dicebatur,
713 3475 865 3536 pater
899 3476 1080 3520 autem
1110 3464 1368 3531 Faustus,
1398 3464 1626 3519 fratrum
1653 3482 1781 3521 vero
1811 3468 1946 3522 alter

379 3560 671 3615 Faustinus
698 3558 1018 3624 vocabatur,
1044 3558 1181 3611 alter
1214 3556 1493 3612 dicebatur
1531 3558 1942 3615 Faustinianus.

374 3653 510 3708 Cum
545 3652 709 3724 igitur
744 3654 937 3707 tertius
969 3667 1069 3721 ego
1108 3660 1233 3722 post
1266 3667 1364 3707 eos
1398 3662 1559 3708 natus
1591 3669 1792 3720 essem,
1828 3661 1945 3707 ma-

374 3758 457 3800 ter
487 3743 969 3815 (quemadmodum
991 3753 1144 3814 pater
1173 3760 1327 3800 meus
1351 3744 1642 3817 referebat)
1668 3747 1944 3801 somnium

377 3838 532 3905 vidit,
564 3837 710 3907 quod
755 3836 861 3891 nisi
897 3835 1185 3891 confestim
1222 3837 1438 3893 duobus
1465 3837 1594 3893 filiis
1624 3838 1739 3894 suis
1769 3840 1943 3908 gemi-

377 3933 463 3986 nis
511 3931 814 4000 assumptis
864 3930 1055 3985 urbem
1100 3928 1333 3985 Romam
1376 3930 1571 3987 fuisset
1607 3948 1863 4003 egressa,
1893 3942 1947 3989 et

376 4027 644 4082 abfuisset
675 4025 838 4081 annis
866 4024 1193 4092 duodecim,
1226 4024 1343 4094 ipsa
1377 4041 1504 4080 eum
1541 4025 1610 4081 iis
1640 4026 1787 4081 letho
1815 4042 1943 4096 pes-

376 4119 516 4173 simo
549 4125 695 4170 esset
723 4115 1031 4172 interitura.

445 4208 538 4263 IX.
569 4207 730 4262 Pater
754 4208 940 4275 igitur,
987 4206 1081 4276 qui
1110 4206 1403 4261 liberorum
1429 4223 1622 4262 amans
1644 4219 1783 4275 erat,
1819 4224 1941 4264 cum

375 4303 550 4357 servis
576 4310 629 4355 et
656 4299 894 4364 ancillis,
940 4314 1005 4355 ac
1028 4300 1155 4355 dato
1186 4300 1472 4356 sullicienti
1500 4301 1719 4362 viatico,
1756 4301 1812 4355 in
1849 4316 1947 4355 na-

449 4472 475 4501 ει
505 4458 695 4513 Matth.
728 4474 823 4525 xx,
846 4455 936 4511 28.

2047 3210 2206 3274 αὑτὸς
2234 3210 2263 3262 6
2293 3210 2472 3280 πατὴρ
2499 3209 2651 3277 ἐλεγέ
2687 3226 2796 3279 μοι.
2833 3206 2974 3277 Ἐγὼ
2987 3208 3095 3278 γὰρ
3111 3207 3234 3260 οὔτε
3256 3208 3473 3271 αὑτοὺς,
3496 3208 3631 3260 οὔτε

2045 3304 2143 3374 τὴν
2164 3302 2427 3355 τεκοῦσαν
2450 3302 2590 3355 πάνυ
2619 3301 2938 3370 ἐπίσταμαι,
2961 3300 3073 3352 ἀλλ’
3094 3299 3281 3371 ὥσπερ
3309 3301 3374 3353 δι’
3398 3300 3637 3370 ὀνείρων

2046 3394 2292 3465 ἀμαυρὸν
2326 3393 2504 3446 αὑτῶν
2535 3392 2595 3445 τὸ
2628 3389 2765 3455 εἶδος
2795 3392 3071 3462 ἀναφέρω.
3106 3392 3168 3444 Ἡ
3200 3394 3297 3461 μὲν
3320 3387 3410 3445 οῦν
3445 3393 3635 3462 μήτηρ

2050 3502 2147 3554 μου
2166 3482 2433 3537 Ματτιδία
2452 3482 2495 3513 ’⁵⁷
2514 3484 2622 3553 (56)
2636 3482 2869 3550 ἐλέγετο,
2893 3482 2922 3533 6
2948 3482 3005 3535 δὲ
3038 3483 3219 3553 πατὴρ
3239 3483 3498 3543 Φαῦστος,
3514 3482 3630 3533 τῶν

2044 3576 2103 3629 δὲ
2132 3574 2373 3643 ἀδελφῶν
2397 3575 2489 3628 καὶ
2512 3572 2691 3627 αὐτῶν
2718 3575 2745 3626 6
2772 3574 2870 3643 μὲν
2900 3574 3189 3635 Φαυστῖνος
3221 3572 3485 3635 ἐκαλεῖτο,
3510 3575 3538 3624 ὁ
3568 3574 3630 3626 δὲ

2045 3667 2429 3729 Φαυστινιανὸς
2470 3666 2704 3733 ἐλέγετο.
2749 3665 2914 3736 Ἑμοῦ
2957 3661 3049 3718 οῦν
3099 3666 3281 3735 τρίτου
3336 3666 3633 3736 ἐπιγέννη-

2046 3760 2230 3823 θέντος
2260 3760 2461 3823 αὑτοῖς,
2507 3760 2539 3829 ἡ
2600 3760 2781 3830 μήτηρ
2825 3758 3032 3829 ὄνειρον
3066 3756 3300 3829 ἑωράκει
3325 3796 3339 3819 ,
3376 3757 3566 3829 ὥσπερ
3600 3760 3635 3810 6

2047 3853 2229 3921 πατήρ
2256 3867 2354 3921 μου
2387 3850 2663 3920 ὑφηγεῖτο,
2691 3850 2793 3911 ὅτι,
2812 3847 2905 3899 ἐὰν
2931 3848 3165 3918 μὴ,τοὺς
3194 3846 3443 3916 διδύμους
3476 3848 3633 3910 υἱοὺς

2046 3942 2215 4011 αὐτῆς
2259 3939 2489 4009 ἐξαυτῆς
2536 3937 2962 4008 παραλαϐοῦσα,
3015 3937 3113 4006 τὴν
3154 3936 3438 4005 Ῥωμαίων
3490 3936 3633 4006 πρὸς

2048 4032 2358 4103 ἀποδημίαν
2398 4030 2585 4099 ἐξέλθῃ
2606 4030 2651 4060 ⁸⁸
2692 4029 2845 4081 πόλιν
2882 4030 2967 4080 ἐπ’
3002 4027 3093 4098 ἐτη
3126 4026 3337 4081 δώδεκα
3357 4027 3422 4090 ⁸⁸⁸,
3457 4044 3631 4081 πανο-

2046 4123 2243 4194 λεθρίῳ
2280 4122 2428 4192 μόρῳ
2463 4121 2577 4190 ἅμα
2608 4120 2789 4181 αὐτοῖς
2818 4118 3107 4171 ἀποθανεῖν
3135 4117 3267 4186 ἔχει.

2119 4217 2275 4287 261
2328 4212 2420 4266 IX.
2468 4213 2523 4264 '0
2559 4211 2657 4281 μὲν
2688 4206 2779 4262 οὖν
2810 4210 3012 4280 πατὴρ,
3058 4208 3366 4277 φιλότεκνος
3398 4207 3496 4270 ὢν,
3530 4208 3636 4261 σύν

2047 4328 2107 4365 τε
2152 4308 2361 4369 δούλοις
2406 4307 2500 4359 καὶ
2542 4304 2755 4366 δούλαις
2801 4302 3093 4371 ἐφοδιάσας
3153 4301 3353 4373 ἱκανῶς
3402 4301 3497 4353 καὶ
3546 4303 3633 4364 εἰς

1721 4573 1954 4649 nam
1991 4574 2390 4630 LECTIONES.

450 4666 494 4698 ³⁹
520 4662 599 4718 Ita
628 4664 842 4735 Epit.gc.
870 4663 940 4735 π)
992 4671 1045 4735 et
1084 4663 1385 4735 0,_i}1'coyec
1410 4661 1534 4735 cod_.
1579 4660 1851 4735 Beg.80.t,
1886 4662 2043 4735 ἦττον
2073 4670 2134 4722 C.
2212 4668 2258 4697 ⁸⁰
2284 4666 2414 4719 Post
2443 4665 2683 4718 τοιοῦτον
2706 4671 3024 4735 repetuntur
3068 4662 3195 4735 vhb:
3238 4661 3484 4735 ἥμαρτον
3541 4660 3631 4714 ἵνα

386 4754 477 4808 μοι
506 4731 746 4787 τοιοῦτον
779 4733 834 4788 in
858 4733 925 4787 0.
1000 4733 1043 4808 δξ
1074 4731 1235 4808 τοῦτο
1274 4732 1356 4808 (1.-
1413 4732 1457 4808 δξ
1494 4731 1723 4808 ξζυῐὶηιιδ
1753 4736 1867 4808 Ιηῑιςε
1897 4731 1967 4790 ita
2004 4738 2391 4808 interpretatur
2423 4736 2866 4808 :_Acquie.:c‘erem
2903 4733 3139 4808 tibi,ni_si
3166 4732 3418 4808 Dominus
3452 4741 3632 4808 noster

380 4802 451 4844 5-
484 4820 669 4874 passus
701 4811 855 4868 esset,
882 4802 1037 4872 quasi
1074 4803 1359 4874 legerit};
1387 4803 1479 4874 μή*
1502 4802 1561 4856 S.

382 4873 715 4930 detur.’(1fr.
755 4874 905 4927 hom.
970 4888 1068 4933 xu,
1101 4873 1184 4925 15.

1638 4806 1688 4875 ‘3
1740 4807 1972 4875 νικήσειν
2007 4802 2164 4875 Epit.—
2238 4807 2283 4837 ⁸⁸
2320 4824 2399 4858 σοι
2428 4802 2570 4875 Epit.
2593 4823 2639 4859 ρ.
2676 4804 2761 4863 76,
2791 4804 2934 4871 quod
2968 4802 3358 4875 praeferendum
3382 4817 3511 4875 esse
3542 4803 3627 4875 νί-

1264 4872 1308 4944 ‘f‘
1342 4870 1416 4944 ita
1447 4870 1491 4926 Ο
1547 4889 1598 4927 c.
1644 4873 1786 4941 Epit.
1812 4870 1854 4927 Ι.’
1880 4890 1929 4929 c.
1965 4884 2019 4930 et
2052 4870 2172 4930 cod.
2211 4876 2339 4944 Reg.
2367 4870 2492 4929 804'.
2527 4875 2643 4927 Huc
2693 4870 2904 4928 accedit
2930 4874 3016 4927 ed.
3048 4888 3132 4941 pr.
3164 4871 3436 4944 Cotelerii,
3467 4872 3632 4944 cujus

384 4945 523 5017 πρὸς
568 4942 763 5017 Δγένους
798 4944 851 4995 in
896 4951 1139 5017 utraque
1164 4942 1487 5017 (Allericined.
1515 4953 1877 5017 permutatum
1914 4955 2001 5017 est
2029 4964 2153 5000 eum
2193 4942 2328 5017 πρὸς
2350 4948 2523 5014 γένος.
2585 4944 2739 4999 Unde
2796 4942 3627 5017 Schweglerus_emqidauihis.

383 5014 441 5047 “V
463 5014 623 5068 αὑτὸν
652 5014 834 5065 Καῖσα

382 5085 508 5139 cod.
537 5083 669 5150 Reg.
694 5080 1119 5151 ὃθόηΜατΟιδίοι
1141 5080 1423 5151 Recogn.et
1463 5082 1601 5151 Epit.

381 5164 437 5209 et
467 5149 676 5225 Epit.’l.
724 5167 774 5206 c.
824 5149 880 5203 In
937 5151 1060 5205 cod.
1090 5150 1224 5221 Reg.
1263 5149 1367 5206 804
1399 5149 1514 5223 ἔχοι
1537 5168 1590 5221 p.
1624 5151 1756 5222 ἔχει.

911 5011 1145 5080 συγγενῆ
1168 5010 1231 5065 Ο.
1264 5012 1451 5064 nobilis
1480 5010 1695 5082 adwque
1729 5014 1948 5081 ftnnilia,’
1979 5010 2647 5082 Ruliuusfqua'silegisset
2674 5010 3015 5083 συνευγενίδα
3041 5014 3099 5066 C.
3180 5010 3369 5064 "’ltaO
3418 5027 3466 5064 e.
3507 5010 3547 5064 C
3574 5022 3632 5066 et

911 5080 1112 5133 ιτθιδία
1141 5080 1423 5148 Recogn.et
1463 5082 1601 5148 Epit.
1676 5082 1721 5112 "'
1756 5084 1957 5148 ἐξέλθοι
1983 5088 2044 5141 C.
2149 5087 2193 5119 ‘9
2222 5086 2353 5139 δέκα
2379 5089 2442 5148 (ἒ,
2474 5085 2626 5148 Ruf,
2656 5086 2785 5148 cpit.
2817 5102 2867 5141 c.
2901 5086 2987 5138 76.
3009 5082 3149 5138 Tum
3184 5080 3535 5148 πανωλεθρίῳ
3558 5080 3606 5136 Ο

1756 5084 1957 5141 ἐξέλθοι
1983 5088 2044 5141 C.

2149 5087 2193 5119 ‘9
2222 5080 2353 5139 δέκα
2379 5089 2442 5155 (ἒ,
2474 5085 2626 5152 Ruf,
2656 5086 2785 5154 epit.
2817 5080 2867 5141 ο.
2901 5086 2987 5138 76.
3009 5082 3149 5138 Tum
3184 5080 3535 5152 πανωλεθρίῳ
3558 5080 3606 5136 Ο

1666 5308 2027 5366 VARIURUM
2068 5309 2294 5363 ΝΟἸᾹΞ.

455 5444 567 5516 (56)
600 5444 903 5516 Ματτιδιά.
932 5442 1024 5516 Sic
1053 5460 1271 5513 quoque
1294 5460 1441 5516 saepe
1466 5442 1949 5516 dictusdicendus-

381 5512 489 5581 que
512 5512 701 5568 codex.
731 5514 801 5568 At
842 5516 894 5568 in
945 5512 1397 5585 lieco’gnit’iouibns
1424 5513 1809 5585 et__Epitonte,
1844 5515 1946 5567 im-

382 5586 587 5650 pressis
618 5601 889 5649 manuque
916 5582 1173 5649 exaratis,
1201 5584 1486 5647 Ματθιδία,
1510 5582 1805 5647 Matthidia,
1836 5601 1945 5650 quo

386 5654 548 5708 modo
578 5654 722 5725 apud
751 5652 1113 5725 Nicephorum
1138 5697 1151 5723 ,
1198 5666 1249 5713 et
1281 5654 1452 5711 Graeci
1492 5655 1545 5709 in
1576 5652 1797 5710 Memno.
1823 5653 1929 5709 Ex-

2053 5444 2171 5511 cipe
2202 5452 2380 5497 tamen
2410 5441 2769 5511 membranas
2800 5437 3221 5511 Receguitionum
3251 5452 3413 5511 penes
3435 5434 3621 5511 P._Pe-

2056 5507 2211 5567 litum
2241 5532 2253 5567 :
2286 5513 2543 5567 exhibent
2572 5513 2717 5564 enim
2744 5510 3027 5563 Mat/iidia.
3052 5509 3433 5571 Chronologus
3462 5507 3631 5559 Altis-

2054 5584 2394 5638 siudorensis
2418 5582 2721 5635 monachus
2760 5578 3052 5634 llatidiam
3083 5586 3259 5634 vocat.
3300 5576 3499 5633 Ultima
3534 5592 3629 5632 ca-

2040 5654 2168 5724 pitis
2206 5670 2335 5711 voce
2364 5654 2529 5710 codex
2549 5694 2562 5720 ,
2590 5651 2891 5725 ἔχοιηιέοτ.
