3894 6208
186 322 308 378 509

1344 312 1803 370 CLEMENTINA.
1829 345 1900 356 --
1928 309 2209 367 HOMILIA
2241 306 2355 364 XII.

3347 297 3453 355 3H)

186 441 383 493 πλοῖον
410 436 782 509 ὲμϐαλόμενος
812 436 881 499 ⁵⁸,
917 436 1000 499 είς
1030 436 1128 500 τὰς
1144 435 1371 506 Ἀθήνας
1412 435 1529 507 ἆμα
1559 435 1781 489 παιδευ-

1904 449 2003 488 rem
2028 434 2303 503 conjectos
2326 430 2568 485 Athenas
2595 425 2758 483 etiam
2791 419 3121 479 erudiendos
3157 415 3338 480 misit;
3370 427 3459 467 me

185 530 534 604 θησομένους
564 526 871 598 ἐξέπεμψεν
898 527 942 558 ⁸⁸
965 565 981 591 ,
1016 527 1117 597 ἐμὲ
1150 526 1207 580 δὲ
1241 526 1399 596 μόνον
1432 527 1547 580 υἱὸν
1571 528 1650 590 είς
1680 543 1784 580 πα-

189 622 476 697 ραμυθίαν
533 620 660 691 έσχε
690 618 811 691 μεθ’
846 617 1062 674 ἑαυτοῦ.
1096 618 1207 672 Καὶ
1238 619 1331 672 ἐπὶ
1350 617 1525 690 τούτῳ
1542 619 1589 650 ⁸³
1620 620 1784 689 εὐχα-

187 712 587 787 ριστῶρτολλὰ,
622 713 705 767 ὃτι
742 711 890 783 κάμὲ
927 714 957 767 6
989 711 1196 784 ὄνειρος
1224 713 1298 785 μὴ
1329 712 1641 767 κεκελεύκει
1672 714 1787 784 ἅμα

183 813 262 882 τῇ
303 809 471 881 μητρὶ
501 809 603 880 τὴν
646 806 935 877 Ῥωμαίων
968 805 1195 878 ἐκϐῆναι
1228 806 1400 859 πόλιν.
1446 805 1786 877 Περαιωθέν-

183 920 289 965 τος
320 898 416 956 οὖν
438 898 688 955 ἐνιαυτοῦ
724 902 753 955 ό
786 900 967 971 πατὴρ
1002 899 1247 971 ἐπεμψεν
1275 901 1354 963 είς
1394 900 1621 971 Ἀθήνας
1652 900 1787 971 χρή-

190 1009 350 1064 ματα
382 994 499 1055 τοῖς
539 990 726 1055 αὑτοῦ,
763 989 880 1061 ἅμα
910 1007 971 1042 τε
1002 991 1098 1043 καὶ
1129 990 1319 1061 μαθεῖν
1353 991 1400 1023 ⁸⁸
1429 990 1490 1044 τὸ
1522 990 1641 1055 πῶς
1669 990 1787 1043 διά-

186 1100 413 1152 γουσιν.
468 1084 532 1136 υἱ
572 1082 630 1137 δὲ
679 1080 1009 1144 ἀπελθόντες
1045 1080 1143 1150 οὐχ
1193 1081 1559 1152 ὑπέστρεψαν.
1609 1081 1790 1152 Τρίτῳ

187 1171 256 1224 δὲ
290 1170 528 1243 ἐνιαυτῷ
574 1174 603 1226 6
644 1170 826 1241 πατὴρ
862 1168 1087 1240 ἀθυμῶν
1121 1170 1341 1241 ἑτέρους
1386 1169 1588 1241 ὁμοίως
1618 1169 1789 1239 έπεμ-

188 1266 269 1336 ψε
309 1266 361 1303 ⁸⁸
409 1266 527 1336 μετ’
567 1263 794 1334 ἐφοδίων
818 1302 832 1327 ,
869 1261 1063 1325 οἵτινες
1090 1262 1337 1333 τετάρτῳ
1367 1262 1598 1333 ἐνιαυτῷ
1627 1258 1791 1333 ἦλθον

190 1355 562 1425 ἀγγέλλοντες
589 1395 604 1420 ,
661 1356 796 1426 μήτε
852 1371 952 1423 μου
984 1354 1084 1424 τὴν
1114 1352 1379 1407 τεκοῦσαν
1410 1354 1443 1425 ἢ
1473 1356 1601 1417 τοὺς
1644 1353 1791 1407 ἀδελ-

194 1450 340 1518 φοὺς
379 1448 681 1518 ἑωρακέναι
704 1488 718 1511 ,
756 1451 891 1521 μήτε
928 1448 1033 1519 μὴν
1074 1446 1272 1509 αὐτοὺς
1308 1445 1354 1477 ⁸⁸
1400 1444 1647 1516 Ἀθήναις
1669 1447 1789 1499 ἐπι-

192 1540 570 1611 δεδημηκέναι
592 1580 607 1605 ,
646 1541 782 1611 μήτε
816 1539 975 1594 ἄλλου
1009 1538 1155 1601 τινὸς
1180 1536 1287 1589 τῶν
1323 1537 1419 1590 σὺν
1447 1538 1630 1601 αὐτοῖς
1653 1538 1789 1590 ἀπε-

193 1631 514 1700 ληλυθότων
545 1630 649 1684 κᾶν
684 1630 829 1700 ίχνος
860 1631 908 1662 ⁵⁵
943 1628 1252 1700 εὑρηκέναι.

272 1722 347 1776 Χ.
397 1723 456 1776 '0
493 1722 591 1792 μὲν
623 1717 714 1775 οὖν
770 1721 974 1792 πατὴρ,
1025 1719 1199 1773 ταῦτα
1222 1717 1489 1783 ἀκούσας,
1543 1718 1637 1770 κα)⁵
1686 1718 1791 1771 ὑπὸ

1886 541 2017 580 vero
2047 525 2223 580 solum
2255 522 2423 578 illium
2453 519 2520 575 ad
2541 515 2970 575 consolationem
3000 524 3186 568 secum
3212 504 3455 563 retinuit.

1885 618 2063 687 Atque
2091 631 2214 671 eam
2245 615 2316 670 ob
2351 629 2468 668 rem
2513 613 2761 684 ingentes
2784 606 2990 679 gratias
3018 616 3142 672 ago,
3182 599 3327 670 quod
3372 613 3461 652 me

1885 724 2106 779 quoque
2144 706 2419 763 somnium
2449 718 2559 759 non
2589 700 2821 773 jusserit
2845 711 2952 753 una
2974 708 3101 750 eum
3126 699 3296 746 matre
3325 688 3462 743 urbe

1888 778 2059 857 Roma
2102 801 2384 857 excedere.
2441 798 2600 851 Auno
2654 794 2818 864 igitur
2858 787 3149 858 completo,
3204 789 3359 852 pater
3392 778 3463 834 ad

1887 910 2019 952 suos
2041 894 2280 948 Athenas
2311 890 2462 946 misit
2484 885 2794 959 pecuniam,
2826 880 3099 948 simulque
3126 874 3460 951 sciscitatum

1887 1003 1997 1058 quo
2027 985 2190 1040 modo
2221 992 2462 1055 agerent.
2500 979 2607 1047 Qui
2641 991 2772 1032 vero
2801 974 3077 1038 abierunt,
3120 982 3231 1023 non
3257 965 3461 1021 reversi

1888 1088 2035 1137 sunt.
2066 1078 2252 1133 Tertio
2273 1086 2453 1132 autem
2478 1088 2624 1129 anno
2651 1075 2883 1125 moestus
2905 1074 3057 1136 pater
3082 1062 3221 1118 alios
3247 1058 3466 1128 ablega—

1889 1175 1968 1228 vit
2015 1172 2269 1229 similiter
2313 1183 2438 1223 cum
2467 1166 2633 1220 rebus
2665 1162 2732 1217 ad
2762 1161 2963 1216 victum
2995 1151 3339 1216 necessariis,
3369 1147 3465 1218 qui

1889 1274 2086 1338 quarto
2115 1275 2260 1316 anno
2304 1257 2540 1329 regressi
2588 1254 2866 1317 nuntiant,
2917 1262 3092 1318 neque
3140 1258 3315 1299 meam
3348 1257 3466 1296 ma-

1890 1373 2028 1415 trem
2088 1370 2165 1421 se,
2214 1367 2393 1421 neque
2441 1351 2639 1404 fratres
2688 1344 2911 1405 vidisse,
2959 1338 3053 1395 sed
3101 1349 3276 1405 neque
3315 1332 3465 1402 ipsos

1890 1446 2132 1501 Athenas
2170 1439 2491 1511 pervenisse
2515 1478 2530 1503 ,
2574 1450 2750 1505 neque
2784 1445 3017 1501 usquam
3066 1425 3332 1495 alicujus,
3371 1423 3466 1493 qui

1890 1553 2013 1595 cum
2045 1535 2178 1606 ipsis
2208 1533 2457 1593 fuerant,
2493 1528 2575 1583 vel
2602 1524 2888 1596 vestigium
2916 1537 2948 1576 a
2976 1536 3035 1576 se
3063 1527 3358 1589 repertum.

1959 1716 2030 1772 Χ.
2079 1714 2243 1768 Pater
2269 1725 2400 1781 ergo
2439 1710 2558 1763 haec
2583 1703 2814 1759 audiens
2845 1708 2899 1755 et
2927 1698 3095 1753 multa
3119 1692 3339 1751 tristitia
3368 1690 3469 1746 ob-

197 1814 413 1885 πολλῆς
462 1784 639 1885 λύπης
688 1784 962 1884 έκθαμϐδς
1007 1812 1313 1881 γενόμενος,
1365 1812 1460 1863 καὶ
1508 1811 1609 1863 οὐκ
1638 1809 1795 1873 εἰδὼς

1904 1806 2259 1876 stupefactus,
2284 1798 2643 1866 nesciensque
2668 1807 2779 1863 quo
2806 1789 3050 1845 tenderet
3075 1801 3139 1841 ac
3166 1784 3288 1838 illos
3317 1795 3470 1850 quaa-

198 1906 311 1959 ποῦ
363 1907 612 1978 ὁρμήσας
662 1906 755 1959 ἐπὶ
802 1906 1029 1976 ζήτησιν
1077 1901 1257 1958 αὐτῶν
1290 1902 1533 1973 γένηται,
1587 1902 1687 1973 έμέ
1732 1918 1793 1954 τε

200 1995 543 2067 ’παραλαϐὼν
574 1997 670 2050 καὶ
692 1996 991 2079 είςπόρτον
1015 1993 1280 2059 καταϐὰς,
1304 1992 1514 2046 πολλῶν
1543 1992 1795 2073 πυκνότε-

203 2106 302 2160 ρον
334 2089 686 2152 ἐπυνθάνετο,
715 2088 817 2143 ποῦ
846 2089 1077 2150 ἕκαστος
1102 2086 1281 2140 αὐτῶν
1314 2082 1452 2139 εἶδεν
1485 2086 1529 2118 ⁸⁷
1564 2085 1597 2158 ἦ
1630 2055 1795 2156 ἤκου-

205 2198 304 2235 σεν
353 2181 467 2235 ἀπὸ
504 2182 787 2253 τεσσάρων
837 2181 973 2234 ἐτῶν
1015 2180 1060 2212 ⁸⁸
1102 2180 1391 2251 γενόμενον
1422 2178 1781 2250 ναυφράγιον.

202 2276 323 2328 Καὶ
355 2274 512 2338 ἄλλος
541 2273 747 2346 ἀλλαχῆ
799 2273 1007 2342 ἔλεγεν.
1064 2275 1122 2328 '0
1164 2273 1221 2327 δὲ
1267 2270 1713 2333 άντεπυνθάνετο,
1749 2271 1796 2322 εί

202 2366 488 2437 ἑωράκασι
527 2365 688 2435 σῶμα
733 2364 991 2434 γυναικὸς
1043 2363 1182 2434 μετὰ
1244 2361 1459 2435 βρεφῶν
1523 2361 1792 2430 ἐκϐεϐρα-

206 2458 433 2528 σμένον.
457 2457 577 2510 Τῶν
589 2457 636 2489 "
668 2452 759 2511 οὖν
792 2456 962 2509 πολλὰ
1004 2456 1164 2528 262
1196 2456 1461 2525 λεγόντων
1493 2455 1796 2526 ἑωρακέναι

208 2545 487 2616 πτώματα
517 2548 661 2600 κατὰ
699 2547 930 2610 πολλοὺς
958 2547 1158 2610 τόπους
1196 2547 1265 2611 ⁸ο,
1297 2548 1326 2600 6
1372 2545 1555 2617 πατὴρ
1588 2546 1800 2598 ἁκούων

206 2637 521 2704 ἐστέναξεν.
557 2638 705 2718 Πλὴν
743 2638 851 2692 ὑπὸ
883 2638 1207 2709 σπλάγχνων
1245 2637 1641 2709 θορυϐούμενος
1674 2637 1801 2690 ἀλό-

208 2745 378 2796 γιστα
428 2729 777 2793 ἐπυνθάνετο,
828 2731 913 2783 ὅτι
952 2729 1205 2783 τοσοῦτον
1257 2728 1487 2801 μέγεθος
1534 2728 1803 2799 θαλάττης

212 2825 447 2895 ἐρευνᾷν
491 2824 771 2895 ἐπειρᾶτο.
828 2823 975 2906 Πζῂν
1030 2821 1377 2892 συγγνωστὸς
1407 2817 1476 2895 ἦν
1509 2822 1575 2887 ⁶¹,
1620 2822 1799 2892 ὅτιτῇ

212 2911 357 2982 πρὸς
402 2913 531 2974 τοὺς
580 2912 947 2984 ζητουμένους
981 2915 1182 2985 στοργῇ
1230 2912 1440 2966 ἐλπίσιν
1470 2911 1804 2966 ἐϐουκολεῖτο

213 3003 425 3064 κεναῖς.
477 3003 588 3055 Καὶ
620 3002 821 3071 δήποτε
853 3002 960 3056 ὑπὸ
993 3001 1321 3074 φροντιστὰς
1348 3002 1580 3073 ποιήσας
1620 3019 1688 3072 με
1712 3002 1805 3054 καὶ

213 3092 299 3154 εἰς
340 3090 555 3163 Ῥώμην
594 3093 924 3163 καταλείψας
967 3093 1303 3164 δωδεκπτῆ,
1338 3092 1520 3159 αὐτὸς,
1553 3093 1804 3165 δακρύων

214 3183 302 3247 είς
334 3183 531 3254 πόρτον
551 3184 824 3238 κατελθὼν
845 3186 939 3239 καὶ
966 3186 1047 3248 είς
1079 3186 1262 3240 πλοῖον
1301 3184 1498 3256 ἐμϐὰς,
1525 3184 1800 3255 ἀναχθεὶς,

214 3273 315 3326 ἐπὶ
357 3272 456 3344 τὴν
489 3271 715 3346 ζήτησιν
749 3274 1040 3347 ἐπορεύθη,
1093 3277 1205 3330 Καὶ
1236 3276 1425 3330 ἔκτοτε
1456 3278 1537 3341 είς
1575 3279 1676 3349 τὴν
1711 3278 1806 3349 σή-

221 3381 391 3436 μερον
434 3367 649 3439 ἡμέραν
674 3367 800 3421 οὔτε
825 3368 1134 3440 γράμματα
1165 3370 1433 3442 ἐδεξάμην
1464 3372 1595 3442 παρ’
1617 3368 1804 3434 αὐτοῦ,

217 3454 345 3507 οὔτε
379 3456 432 3508 εί
464 3455 529 3527 ζῇ
565 3458 674 3510 εἴτε
707 3457 752 3489 ⁵³
783 3457 1011 3529 τέθνηκε
1062 3458 1253 3527 σαφῶς
1284 3459 1606 3530 ἐπίσταμαι.
1650 3460 1805 3514 Μᾶλ-

218 3546 313 3599 λον
344 3545 403 3599 δὲ
436 3546 645 3601 ὑπονοῶ
677 3548 759 3602 ὅτι
787 3549 879 3603 καὶ
908 3549 1072 3614 αὐτὸς
1104 3550 1333 3623 τέθνηκέ
1366 3567 1471 3604 που
1511 3551 1585 3613 ⁸⁸,
1630 3551 1664 3623 ἢ
1703 3552 1810 3605 ὑπὸ

220 3636 402 3708 λύπης
449 3638 691 3709 νικηθεὶς
740 3639 773 3710 ἥ
816 3641 1062 3712 ναυαγίῳ
1122 3641 1456 3713 περιπεσών.
1508 3642 1708 3696 Τούτου
1761 3643 1807 3675 ⁸⁸

220 3729 279 3781 δὲ
311 3728 532 3799 δεῖγμα,
562 3730 645 3783 ὅτι
676 3730 777 3802 ἥδη
802 3730 986 3786 λοιπὸν
1018 3732 1203 3786 ἔκτοτε
1228 3732 1474 3788 εἰκοστὸν
1500 3733 1618 3797 ἔτος
1637 3736 1806 3797 ἐστὶν,

222 3820 319 3887 ἀφ’
388 3813 457 3890 ἦς
503 3820 549 3852 ⁸⁸
612 3820 866 3893 οὐδεμίαν
929 3821 1052 3877 τινὰ
1116 3824 1245 3895 περὶ
1315 3824 1481 3878 αὑτοῦ
1554 3825 1809 3897 ἀλήθειαν

224 3908 457 3979 ἤκουσα.

298 3999 392 4054 XI.
429 4001 487 4054 '0
519 4001 575 4055 δὲ
609 4001 832 4073 Πέτρος,
868 4004 1079 4058 ἀκούων
1111 4006 1302 4071 ταῦτα,
1330 4007 1435 4060 ύπὺ
1469 4008 1811 4078 συμπαθείας

226 4090 530 4162 ἐδάκρυσεν
553 4132 568 4157 ,
618 4094 713 4146 καὶ
746 4094 947 4159 εὐθέως
984 4098 1100 4159 τοῖς
1135 4097 1354 4151 συνοῦσι
1397 4098 1640 4169 γνησίοις
1683 4100 1806 4171 ἔφη-

226 4184 418 4236 Ταῦτα
450 4184 505 4238 εἰ
542 4203 628 4249 τις
659 4186 977 4241 πεπόνθειεν
1023 4188 1075 4221 ⁸⁸
1101 4189 1358 4263 θεοσεϐὴς
1381 4230 1395 4254 ,
1434 4184 1521 4244 οἷα
1563 4194 1592 4243 6
1621 4192 1810 4246 τούτου

230 4275 466 4330 πέπονθε
500 4278 706 4350 πατὴρ,
740 4278 944 4344 εὐθέως
973 4280 1051 4351 τῷ
1087 4282 1187 4353 τῆς
1210 4282 1520 4347 θεοσεϐείας
1551 4283 1695 4355 λόγῳ
1713 4286 1812 4355 τὴν

229 4367 413 4421 αἰτίαν
459 4369 775 4447 προσῆπτεν
805 4372 1124 4443 ἐπιγράφων
1168 4373 1259 4427 τὸν
1292 4375 1525 4446 πονηρόν
1562 4375 1627 4407 ⁸⁷·
1671 4374 1843 4429 οὕτωΔ

228 4460 467 4525 καὶτοῖς
495 4461 863 4534 ταλαιπώροις
895 4463 1073 4517 ἔθνεσι
1108 4465 1395 4536 συμϐαίνει
1428 4467 1680 4538 πάσχειν,
1716 4468 1810 4520 καὶ
1839 4490 1889 4549 D

228 4552 533 4625 ἀγνοοῦμεν
564 4555 615 4607 οί
647 4553 934 4618 θεοσεϐεῖς.
973 4554 1366 4627 Ταλαιπώρους
1400 4558 1457 4611 δὲ
1494 4560 1692 4621 αὐτοὺς
1725 4559 1814 4611 εδ-

230 4643 407 4711 λόγως
438 4642 657 4715 εἴρηκα,
692 4644 773 4696 ὅτι
806 4642 1041 4698 ἐνταῦθα
1072 4645 1305 4700 ἀλῶνται
1327 4648 1421 4701 καὶ
1451 4648 1551 4719 τῆς
1580 4651 1698 4702 ἐκεῖ
1723 4648 1816 4701 ἐλά

231 4735 385 4798 πίδος
404 4734 465 4788 οὐ
495 4735 871 4805 τυγχάνουσιν.
894 4737 957 4790 Οἱ
979 4737 1139 4807 263
1162 4737 1271 4809 γὰρ
1311 4740 1369 4792 έν
1404 4739 1686 4812 θεοσεϐείᾳ
1713 4740 1818 4794 πά-

234 4842 454 4896 σχοντες
472 4825 542 4878 τὰ
565 4825 789 4898 θλιϐερὰ
821 4827 900 4890 είς
929 4826 1191 4898 ἔκπραξιν
1220 4831 1679 4901 παραπτωμάτων
1711 4832 1815 4885 πά-

233 4935 362 4989 σχου
370 4936 473 4971 σιν.

1897 1908 2059 1961 reret,
2112 1898 2401 1961 assumpto
2444 1901 2554 1952 me,
2611 1900 2675 1939 ac
2731 1882 2788 1936 in
2843 1887 3062 1949 portum
3111 1871 3469 1937 descendens,

1896 1992 2098 2046 multos
2128 1984 2466 2056 frequentius
2503 1974 2927 2050 percontabatur
2947 2010 2962 2035 ,
2996 1969 3089 2025 ubi
3129 1967 3362 2038 quisque
3388 1978 3475 2018 eo-

1895 2095 2018 2134 rum
2069 2054 2295 2132 vidisset
2334 2072 2419 2128 vel
2447 2069 2710 2125 audiisset
2739 2080 2769 2120 a
2800 2071 3039 2133 quatuor
3067 2059 3227 2113 annis
3252 2054 3475 2111 naufra-

1898 2173 2046 2242 gium
2071 2166 2389 2237 contigisse.
2420 2161 2598 2231 Atque
2625 2155 2764 2211 varii
2787 2153 2940 2208 vario
2963 2152 3018 2206 in
3051 2149 3176 2206 loco
3203 2145 3474 2204 accidisse

1898 2261 2227 2319 referebant.
2255 2257 2347 2311 Ille
2380 2269 2513 2309 vero
2542 2252 2739 2306 iterum
2776 2244 3023 2316 rogabat,
3055 2256 3187 2296 num
3215 2238 3478 2294 vidissent

1898 2368 2095 2423 corpus
2117 2348 2361 2404 mulieris
2389 2360 2511 2402 cum
2531 2340 2713 2414 pueris
2739 2353 2770 2392 a
2790 2336 2928 2392 mari
2947 2335 3202 2404 ejectum.
3230 2329 3480 2398 Cumque

1900 2449 1978 2504 illi
2010 2446 2177 2501 multa
2210 2458 2271 2499 se
2304 2439 2489 2496 multis
2519 2435 2655 2492 locis
2678 2436 2946 2489 cadavera
2969 2427 3171 2483 vidisse
3210 2424 3474 2485 dicerent,

1902 2550 2053 2614 pater
2082 2538 2311 2593 audiens
2342 2525 2753 2601 ingemiscebat.
2787 2523 2991 2578 Verum
3018 2517 3254 2574 naturali
3279 2515 3477 2570 affectu

1903 2606 2251 2704 perturbatus
2275 2631 2470 2696 praeter
2496 2618 2762 2674 rationem
2793 2611 3200 2674 sciscitabatur,
3234 2606 3329 2677 qui
3354 2613 3480 2659 tan-

1903 2736 2012 2781 tam
2055 2722 2224 2777 maris
2254 2718 2563 2774 vastitatem
2605 2708 2839 2770 scrutari
2882 2713 3193 2761 conaretur.
3224 2701 3479 2755 Attamen

1903 2815 2061 2873 venia
2099 2814 2297 2884 dignus
2346 2816 2484 2874 erat,
2532 2803 2677 2877 quod
2717 2799 2985 2861 charitate
3026 2810 3155 2867 erga
3183 2808 3297 2858 eos,
3340 2804 3483 2862 quos

1903 2905 2200 2979 quaerebat,
2247 2900 2447 2971 spebus
2489 2897 2765 2953 laetaretur
2802 2889 3077 2946 inanibus.
3122 2883 3365 2952 Denique
3395 2895 3482 2936 me

1906 2972 2008 3055 sub
2052 2993 2330 3065 magistris
2376 2989 2654 3059 positum,
2713 2996 2890 3039 annos
2933 2986 3125 3037 natum
3168 2972 3482 3037 duodecim,

1906 3089 2095 3144 Romae
2122 3083 2362 3154 reliquit,
2412 3090 2466 3136 et
2513 3079 2628 3149 ipse
2669 3078 2805 3131 ﬂens
2833 3069 3113 3128 descendit
3141 3068 3209 3122 ad
3239 3074 3479 3136 portum,

1908 3178 2143 3249 navique
2169 3186 2473 3232 conscensa
2502 3170 2795 3226 subvectus
2825 3165 2893 3220 ad
2916 3159 3327 3233 inquisitionem
3352 3170 3481 3227 pro-

1907 3273 2083 3329 fectus
2103 3279 2206 3326 est.
2235 3267 2411 3337 Atque
2439 3281 2507 3321 ex
2525 3278 2592 3318 eo
2614 3272 2854 3330 tempore
2880 3271 3053 3327 usque
3078 3254 3131 3309 in
3155 3251 3478 3308 hodiernum

1907 3366 2050 3422 diem
2075 3376 2253 3433 neque
2282 3360 2491 3413 litteras
2516 3355 2639 3425 ejus
2688 3351 2895 3422 accepi,
2939 3360 3116 3416 neque
3142 3344 3187 3400 si
3212 3343 3357 3397 vivat
3386 3347 3484 3394 aut

1906 3455 2199 3512 defunctus
2238 3451 2310 3508 sit
2340 3457 2494 3505 certo
2524 3445 2674 3500 novi.
2707 3442 2810 3498 Sed
2842 3440 3018 3513 magis
3048 3437 3298 3507 suspicor
3329 3435 3482 3489 illum

1907 3561 2130 3620 quoque
2159 3543 2383 3607 obiisse,
2414 3549 2509 3594 aut
2540 3533 2758 3591 tristitia
2787 3532 2991 3588 victum
3019 3570 3035 3597 ,
3077 3537 3171 3582 aut
3197 3524 3485 3594 naufragio

1909 3617 2236 3696 involutum.
2272 3633 2372 3689 Cui
2403 3630 2481 3685 rei
2514 3632 2838 3698 argumento
2873 3629 2978 3688 est,
3000 3619 3114 3691 jam
3145 3617 3214 3673 ab
3250 3632 3320 3672 eo.
3342 3625 3482 3670 tem-

1910 3747 2041 3805 pore
2087 3728 2409 3799 vigesimum
2452 3735 2656 3777 annum
2706 3731 2852 3782 esse,
2895 3729 2963 3770 ex
3000 3725 3115 3783 quo
3144 3708 3280 3764 nihil
3319 3708 3387 3763 de
3414 3720 3481 3761 eo

1909 3825 2022 3883 veri
2055 3821 2375 3879 audiverim.

1984 3994 2077 4051 XI.
2120 3993 2313 4048 Petrus
2361 4004 2488 4045 vero
2535 3987 2651 4041 haec
2691 3982 2951 4057 audiens,
2990 3975 3485 4033 commiserationis

1912 4089 2106 4144 affectu
2154 4085 2425 4155 lacrymas
2474 4078 2666 4133 fudit:
2718 4073 3017 4151 statimque
3066 4068 3134 4123 ad
3185 4066 3485 4121 familiares

1911 4178 2007 4247 qui
2034 4148 2384 4231 aderant‘ait
2419 4168 2587 4224 εΗωο
2618 4165 2664 4221 si
2700 4148 2911 4234 quisin
2955 4159 3052 4215 Dei
3081 4157 3232 4212 cultu
3274 4159 3485 4227 positus

1913 4271 2248 4343 pertulisset,
2284 4278 2408 4335 qua:
2437 4259 2606 4329 hujus
2635 4255 2858 4327 pertulit
2876 4261 3051 4323 pater,
3076 4248 3365 4306 confestim
3394 4262 3483 4303 re-

1915 4341 2100 4433 ligioni
2134 4356 2471 4413 attribuisset
2497 4362 2719 4406 causam
2738 4386 2756 4411 ,
2788 4354 2847 4401 et.
2871 4342 3092 4399 diabolo
3120 4341 3485 4410 ascripsisset.

1914 4452 1990 4508 Ita
2019 4451 2182 4507 etiam
2211 4445 2428 4501 miseris
2468 4439 2762 4512 gentilibus
2785 4434 3053 4505 contingit
3091 4432 3223 4503 pati,
3252 4440 3306 4487 et
3333 4432 3487 4500 igno-

1915 4558 2103 4601 ramus
2126 4540 2218 4610 qui
2248 4537 2324 4609 pii
2352 4550 2478 4605 erga
2503 4532 2673 4587 Deum
2700 4544 2911 4584 sumus.
2938 4526 3166 4580 Miseros
3188 4533 3368 4577 autem
3390 4537 3488 4576 eos

1914 4639 2028 4694 dixi
2069 4635 2285 4700 merito,
2326 4630 2419 4702 qui
2459 4637 2513 4684 et
2547 4626 2635 4680 hic
2652 4630 2921 4694 vagantur
2951 4621 3003 4673 in
3027 4617 3307 4673 erroribus
3330 4625 3384 4671 et
3418 4617 3489 4669 ab

1915 4747 2013 4802 spe
2056 4729 2237 4785 futura
2283 4722 2627 4779 fraudantur.
2668 4715 2762 4770 Dei
2800 4714 2946 4768 enim
2982 4712 3222 4766 cultores
3244 4723 3367 4763 cum
3406 4706 3489 4761 in-
3521 4772 3526 4775 _

1915 4800 2205 4878 commoda
2268 4816 2580 4887 patiuntur,
2632 4808 2697 4863 ad
2750 4804 3112 4875 expiationem
3163 4800 3485 4857 delictorum

1914 4916 2210 4987 perferunt.

1581 5032 1821 5090 VARIAE
1870 5026 2274 5085 LECTIONES.

304 5120 355 5153 ⁸ο
389 5118 795 5194 ὲμϐαλλόμενος
835 5119 897 5175 C.
1003 5123 1046 5155 ⁸¹
1072 5124 1385 5194 ἐξέπεμψας
1434 5124 1500 5192 0,
1537 5126 1816 5181 mendose.

1921 5124 1967 5155 “
1999 5118 2266 5174 ἐπὶτοῦτο
2295 5131 2411 5169 var.
2450 5115 2574 5167 lect.
2605 5125 2693 5179 ap.
2725 5106 2789 5164 C.
2828 5106 3142 5179 Scriptura_
3163 5102 3485 5179 0tt_qb_onia-

238 5191 294 5267 {Ii
318 5204 417 5267 nec
447 5191 605 5267 Mena
623 5172 727 5267 ἐειν
759 5206 936 5267 "faue
969 5172 1137 5267 cem;
1218 5172 2169 5267 {iiii}:"JaééEQ'Ek'éﬁnrrulime
2204 5185 2562 5267 γλιχόμενοςε
2594 5172 2742 5267 q‘uord
2773 5172 3168 5267 θά9·ἰιτΕρὶῑ.Ιξ.
3232 5173 3289 5267 ηις
3310 5172 3486 5267 ἔπεμ-

234 5261 335 5331 ψεν
370 5261 575 5331 ὁμοίως

238 5328 286 5384 ὁ,
314 5331 373 5402 S.
407 5328 592 5402 ἴδεν
617 5328 771 5402 flium
798 5332 1039 5402 ἥκουσαν
1060 5333 1123 5388 Ο.

238 5401 496 5486 vaticinor:
526 5400 631 5455 Sed
663 5400 937 5486 homin“;
967 5404 1229 5486 Saleg‘itur
1260 5408 1519 5486 ναυαγία.
1552 5407 1688 5486 Tum
1725 5405 1854 5459 ἄλλο

239 5471 365 5549 ξθό.
396 5471 637 5549 τρόπους
660 5471 722 5549 (.'_.
799 5472 845 5549 ‘1
877 5468 970 5549 06v
995 5472 1226 5549 O._'_I‘um
1255 5468 1603 5549 vrgdhp'rnpdg
1632 5477 1827 5549 idem:
1873 5468 1917 5504 ⁸³

1069 5545 1115 5619 εξ
1141 5547 1232 5617 ἀφ’
1260 5527 1323 5600 οῦ
1354 5527 1666 5619 ita;
1685 5539 1759 5598 ὧν
1783 5527 1856 5619 0,
1893 5527 2003 5619 quin
2021 5550 2134 5619 tum
2167 5554 2277 5619 oin.
2302 5536 2443 5619 τινά,
2472 5532 2772 5619 δοτξὶήῑίιυιο
2807 5527 3051 5619 (ἐλήθειὲιῆ

244 5541 304 5603 S,
338 5556 399 5594 ex
428 5540 593 5609 Epit.,
622 5540 781 5593 τοῦτο
806 5541 846 5595 C
902 5541 966 5597 0.

245 5610 298 5686 Si
332 5613 387 5686 ln_
416 5612 462 5664 0
518 5627 639 5665 esse
670 5612 884 5686 videtur
916 5610 1203 5686 πέπονθοι’
1228 5621 1284 5669 ἐν
1322 5610 1683 5686 θεόσεϐείᾳἰ).
1716 5634 1775 5669 π.
1817 5610 2090 5682 θεοσεϐὴς.

1889 5420 1943 5472 p.
1973 5402 2130 5463 ἄλλος

778 5242 824 5292 ⁸⁸
837 5242 1315 5332 ταύτούνςνῖξεεορηῖ
2152 5242 2393 5329 μήτεΈξ
2432 5242 2565 5332 μηδέ
2599 5242 2769 5332 ϋηο..
2840 5248 2887 5332 ξς
2917 5242 3077 5332 lxv—toi
3176 5323 3188 5332 ι
3223 5244 3276 5332 ,ξ’
3303 5242 3387 5322 _Ita
3419 5242 3463 5295 Ο

1253 5309 1758 5391 ξ’ὲνὶᾶὖτῖῖέξόξῒῖι
1788 5309 2011 5390 EbJe'm'
2029 5309 2227 5385 —deerst'
2248 5309 2608 5396 ναυιρράγιον.
2657 5318 2794 5396 (19d.
2812 5309 2973 5396 _Reg'l
2995 5316 3114 5396 βοά
3140 5323 3192 5370 et
3212 5309 3483 5396 Epitz‘scr.

2688 5388 2733 5482 :°
2766 5381 3035 5482 τόπουςς)
3174 5384 3298 5482 cog.
3347 5381 3481 5465 138g.

3298 5465 3486 5502 τουτου

1973 5402 2130 5463 ἄλλος
2151 5398 2219 5453 0.
2320 5392 2378 5428 ⁵³⁷
2396 5392 2494 5465 τήν
2522 5392 2586 5447 Ο.
2688 5392 2733 5420 ⁶⁰
2766 5392 2967 5450 τόπους
2991 5392 3035 5440 υ
3087 5402 3136 5440 c.
3174 5392 3298 5439 cod.
3348 5392 3432 5443 ne;

1951 5473 1984 5553 ῆ
2009 5472 2070 5525 C.
2148 5469 2193 5500 “
2218 5485 2319 5520 που
2345 5482 2457 5551 om.
2488 5459 2722 5544 0..T.um
2752 5456 3066 5572 vauefaqu:
3093 5456 3154 5510 C.
3231 5451 3276 5482 “
3298 5449 3432 5502 τούτ‹

1953 5560 1983 5572 ιι
2022 5550 2132 5572 lum
2167 5554 2253 5572 nun
2302 5553 2420 5572 η-ιυη
2472 5533 2772 5572 αρνιὶὶιιηιιρ
2913 5528 3051 5572 θεια-
3154 5522 3200 5554 ⁸⁸

3228 5534 3486 5574 πεπονυει

2648 5587 2771 5653 cod.
2810 5587 2941 5666 Reg.
2990 5595 3093 5648 8υῶ
3130 5602 3184 5666 et
3212 5587 3351 5666 Epit.
3379 5588 3481 5666 S_'ed

2196 5609 2237 5637 ⁸⁷
2271 5607 2345 5676 τῷ
2378 5602 2598 5676 πονηρῷ

243 5681 323 5733 rfr
376 5681 525 5734 hom.
556 5696 630 5743 Ix,
677 5682 764 5743 16,
802 5683 995 5745 17,18.
1016 5685 1093 5740 Ad
1121 5704 1270 5743 oram
1300 5656 1650 5743 Ottoboniaui
1680 5687 1782 5742 huc
1812 5656 2069 5742 scholioi;
2094 5687 2270 5735 exstat
2298 5656 2475 5737 item;
2502 5656 2581 5726 ἓεέ
2607 5656 2919 5739 προάπτεικῗ
2936 5666 3073 5738 πρὸς
3108 5664 3200 5735 τὴν
3231 5656 3483 5723 σύνταξιν

242 5752 564 5822 ἐπιγράφων
604 5750 697 5806 τὸν
739 5754 995 5825 πονηρόν.
