3860 6210
401 291 498 348 3H

1255 298 1311 354 S.
1351 297 1736 354 CLEMENTIS
1776 297 1794 351 Ι
1835 296 1999 354 “OM.
2044 295 2243 351 PONT.
2280 295 2510 352 OPERA
2539 297 2768 354 DUBlA.

3559 302 3674 356 512

469 407 586 464 Xll.
621 405 730 465 Ista
759 417 1049 482 postquam
1082 409 1314 467 dixisset
1347 409 1564 476 Petrus,
1594 425 1738 465 unus
1764 425 1831 464 ex
1862 425 1959 464 no-

2143 405 2254 459 Xll.
2310 408 2496 461 Ταῦτα
2543 407 2638 461 τοῦ
2685 408 2894 481 Πέτρου
2934 407 3182 470 εἰπόντος
3212 401 3294 470 εἷς
3323 424 3410 471 τις
3439 408 3558 460 τῶν
3609 411 3670 461 ὲν

396 502 527 557 stris
556 501 785 556 audacia
825 509 1039 572 sumpta
1067 515 1166 571 pro
1193 501 1447 556 omnibus
1475 501 1686 571 rOgavit
1725 517 1874 566 eum,
1907 508 1969 554 ut

392 595 483 650 die
505 597 748 652 crastina
783 597 1053 652 maturius
1084 597 1138 650 in
1165 595 1406 650 Aradum
1430 635 1445 660 ,
1477 596 1782 667 Oppositam
1815 594 1968 650 insu-

392 687 524 753 lam,
549 704 672 759 quae
713 689 964 759 triginta,
993 691 1210 760 opinor,
1247 705 1347 745 nec
1389 689 1516 744 totis
1555 689 1746 744 stadiis
1775 687 1962 754 distat,

391 780 796 851 navigaremus,
831 782 899 836 ad
922 781 1183 838 videndas
1207 782 1282 837 ibi
1311 782 1449 837 duas
1480 781 1766 836 columnas
1790 789 1963 836 viteas

391 873 688 927 maximam
735 873 931 929 molem
979 873 1261 931 habentes.
1317 873 1510 930 Petrus
1549 889 1700 944 ergo,
1746 882 1804 928 ut
1845 880 1963 928 erat

387 962 869 1032 clementissimus,
922 966 1229 1034 concessit,
1281 966 1522 1021 dicens:
1565 965 1704 1020 Cum
1759 981 1790 1021 e
1833 965 1958 1020 navi

384 1054 592 1123 egressi
628 1053 843 1112 fueritis
869 1095 886 1122 ,
921 1072 991 1112 ne
1024 1072 1129 1111 una
1177 1057 1337 1110 multi
1368 1055 1675 1126 procedatis
1721 1055 1790 1110 ad
1830 1071 1958 1124 spe-

384 1144 674 1200 ctationem
701 1162 891 1202 eorum
933 1164 1056 1218 qua:
1101 1148 1301 1218 cupitis
1352 1167 1365 1202 :
1407 1147 1534 1204 nolo
1579 1148 1724 1202 enim
1755 1148 1956 1203 civium

383 1253 686 1296 concursus
732 1241 802 1297 ad
848 1258 947 1298 vos
989 1243 1125 1298 ﬁeri.
1163 1243 1342 1314 Atque
1377 1243 1458 1298 sic
1487 1242 1808 1313 navigantes
1835 1259 1956 1297 mo-

382 1338 568 1384 mento
617 1331 766 1387 liora:
813 1334 868 1388 in
913 1334 1150 1388 insulam
1198 1333 1361 1389 delati
1390 1349 1602 1390 sumus.
1637 1332 1704 1387 Et
1731 1335 1958 1389 descen-

379 1419 570 1477 dentes
589 1435 654 1476 ex
679 1426 881 1494 scapha
907 1439 974 1479 eo
1002 1424 1276 1494 progressi
1316 1439 1531 1488 sumus,
1561 1423 1654 1477 ubi
1678 1434 1836 1478 erant
1863 1439 1955 1479 co-

380 1511 582 1567 lumnae
618 1514 814 1580 vitere;
845 1515 1122 1586 simulque
1161 1530 1288 1570 cum
1337 1514 1612 1570 columnis
1635 1514 1775 1570 alius
1807 1515 1954 1569 aliud

376 1620 442 1658 ex
472 1601 680 1660 Phidiae
701 1607 961 1676 operibus
995 1607 1295 1676 spectabat.

446 1694 584 1751 Xlll.
643 1695 797 1753 Unus
838 1708 1022 1753 autem
1076 1696 1271 1754 Petrus
1324 1711 1548 1753 necesse
1589 1711 1699 1751 non
1746 1696 1953 1766 putavit

376 1801 497 1856 quae
537 1789 615 1843 ibi
645 1798 802 1844 erant
839 1790 1097 1857 invisere,
1145 1791 1241 1850 sed
1283 1792 1546 1848 attentius
1589 1790 1950 1847 considerans
1984 1777 2024 1834 Β

376 1877 659 1933 mulierem
693 1881 1009 1948 quamdam,
1036 1889 1190 1936 extra
1223 1881 1565 1952 proloribus
1596 1883 1871 1936 sedentem
1897 1891 1950 1936 et

375 1967 553 2024 vietus
596 1970 773 2040 gratia
819 1971 1221 2027 mendicantem
1253 1991 1266 2027 :
1302 1972 1494 2027 Mulier
1517 2015 1533 2039 ,
1572 1973 1769 2042 inquit,
1801 1973 1948 2042 quod

373 2061 466 2116 tibi
496 2063 802 2119 membrum
832 2065 1004 2127 deest.
1033 2074 1092 2118 ut
1118 2075 1323 2120 tantam
1347 2065 1733 2120 contumeliam
1761 2081 1948 2120 susce-

371 2155 538 2224 peris,
571 2157 820 2224 petendi,
850 2157 1100 2227 inquam,
1129 2158 1322 2227 stipem
1353 2166 1406 2212 et
1427 2173 1535 2212 non
1559 2158 1740 2227 potius
1772 2158 1946 2212 Inani-

366 2245 470 2299 bus
502 2247 629 2313 tuis,
659 2264 797 2318 quas
822 2264 850 2303 a
876 2247 988 2304 Deo
1005 2250 1284 2319 accepisti,
1311 2266 1544 2319 operans
1566 2250 1944 2319 quotidianum

366 2339 550 2393 cibum
575 2344 776 2410 quaeris
797 2342 820 2394 ?
842 2342 912 2396 At
939 2342 1029 2397 illa
1061 2343 1346 2414 suspirans
1362 2344 1640 2413 respondit
1675 2359 1689 2396 :
1725 2341 1942 2397 Utinam

366 2431 500 2486 mihi
529 2435 753 2504 quidem
791 2444 977 2491 essent
1001 2452 1217 2504 manus,
1238 2452 1362 2507 quae
1402 2447 1624 2506 possent
1651 2437 1938 2491 laborare!

365 2539 514 2580 nunc
539 2537 723 2582 autem
757 2527 894 2582 mihi
926 2528 1101 2583 solam
1132 2544 1394 2584 manuum
1425 2529 1663 2598 speciem
1697 2537 1937 2591 servant,

362 2631 488 2671 cum
519 2618 632 2673 sint
667 2628 932 2674 emortua:
954 2660 969 2685 ,
1011 2621 1287 2676 morsibus
1313 2621 1453 2675 meis
1479 2630 1703 2675 vexatm.
1743 2619 1808 2674 Et
1839 2619 1940 2674 Pe-

363 2719 483 2764 trus
527 2709 882 2782 interrogavit
912 2731 927 2768 :
957 2711 1091 2779 Quae
1132 2729 1263 2768 vero
1294 2713 1396 2769 fuit
1425 2729 1612 2780 causa,
1664 2723 1725 2768 ut
1771 2729 1937 2783 grave

363 2807 467 2860 hoc
491 2805 698 2858 malum
737 2807 1038 2862 sustineres
1058 2807 1080 2860 Ἰ
1102 2806 1241 2862 Tum
1275 2807 1362 2861 illa
1398 2807 1679 2877 respondit
1708 2825 1723 2862 :
1750 2807 1934 2861 Animi

361 2897 732 2961 imbecillitas,
781 2911 882 2952 nec
935 2898 1084 2953 aliud
1133 2898 1456 2969 quidquam.
1510 2897 1568 2952 Si
1612 2899 1759 2953 enim
1805 2897 1932 2952 l'orti

359 2988 546 3045 animo
578 2989 806 3045 luissem
835 2990 1084 3059 praedita,
1118 3001 1237 3047 erat
1263 2992 1651 3062 praecipitium,
1681 3002 1800 3046 erat
1839 3009 1931 3061 pe-

360 3083 538 3154 lagus,
590 3083 735 3138 unde
777 3099 864 3138 me
903 3085 1166 3154 dejiciens
1212 3095 1458 3154 poteram
1497 3086 1657 3139 malis
1687 3085 1930 3139 dolorem
1960 3121 2001 3178 ε

360 3175 494 3230 mihi
519 3176 872 3234 aﬂ‘ercntibus
901 3178 1063 3234 ﬁnem
1089 3180 1390 3248 imponere.

427 3266 568 3323 XIV.
599 3267 736 3322 Tum
767 3267 961 3325 Petrus
983 3270 1100 3324 inii:
1127 3289 1140 3324 :
1172 3269 1236 3325 Et
1260 3271 1388 3340 quid
1414 3271 1436 3324 ?
1458 3269 1695 3326 Putasne
1716 3273 1929 3339 mulier,

355 3359 503 3428 quod
531 3359 627 3429 qui
657 3359 982 3430 semetipsos
1005 3361 1300 3430 perimunt,
1334 3363 1560 3416 omnino
1586 3378 1616 3416 a
1649 3364 1931 3434 suppliciis

357 3453 682 3519 liberantur,
712 3468 898 3509 annon
920 3455 1103 3525 potius
1125 3456 1322 3510 anima;
1349 3471 1565 3520 eorum,
1596 3458 1690 3527 qui
1718 3459 1788 3513 ita
1815 3475 1931 3514 mo-

355 3545 589 3611 riuntur,
624 3545 925 3616 majoribus
955 3548 1256 3617 puniuntur
1299 3549 1440 3619 apud
1484 3548 1687 3607 inferos
1729 3552 1926 3621 pmnis,

354 3646 574 3708 pr0pter
615 3638 703 3692 sui
743 3637 1236 3694 homicidium?At
1263 3640 1352 3695 illa
1387 3659 1400 3694 :
1443 3639 1683 3707 Utinam,
1727 3644 1926 3714 inquit,

353 3742 678 3796 persuasum
708 3727 842 3781 mihi
875 3737 1052 3796 esset,
1078 3745 1265 3785 revera
1307 3731 1360 3784 in
1389 3731 1578 3788 inferis
1602 3733 1815 3788 animas
1847 3735 1929 3789 vi-

353 3834 449 3873 vas
482 3817 740 3887 reperiri;
777 3817 965 3888 utique
1001 3822 1330 3891 contemptis
1374 3825 1552 3892 poenis
1585 3825 1725 3879 mori
1764 3826 1930 3896 elige-

352 3925 489 3975 rem,
533 3917 594 3964 ut
623 3909 811 3964 horam
837 3911 1030 3966 saltem
1067 3929 1232 3967 unam
1264 3915 1500 3970 viderem
1530 3917 1662 3970 mihi
1699 3928 1926 3987 exopta-

351 4001 614 4057 tissimus.
662 4000 730 4056 Et
759 4001 954 4059 Petrus
997 4005 1134 4060 dixit
1177 4022 1190 4056 :
1236 4005 1505 4073 Quidnam
1549 4009 1638 4072 sit,
1683 4012 1828 4080 quod
1877 4023 1926 4068 te

349 4094 649 4158 excruciet,
685 4095 824 4150 seire
850 4096 1012 4150 velim
1040 4139 1054 4161 ,
1099 4098 1319 4152 mulier.
1357 4099 1413 4152 Si
1438 4101 1582 4154 enim
1611 4117 1698 4156 me
1726 4104 1926 4159 docue-

352 4185 449 4250 ris,
498 4199 598 4254 pro
628 4197 692 4239 ca
723 4186 897 4255 gratia
925 4195 1127 4240 certam
1175 4197 1225 4242 te
1254 4187 1449 4244 faciam
1481 4191 1549 4245 de
1579 4194 1774 4248 anima:
1815 4196 1923 4249 vita

347 4277 491 4345 apud
520 4275 747 4343 inferos,
780 4287 836 4333 et
868 4293 967 4347 pro
999 4280 1297 4350 praecipitio
1338 4283 1421 4335 vel
1454 4282 1725 4352 profundo
1753 4288 1924 4340 medi-

346 4379 658 4424 camentum
703 4370 914 4425 tradam
987 4381 1048 4426 ut
1092 4373 1210 4427 sine
1241 4373 1488 4428 cruciatu
1531 4377 1713 4432 valcas
1755 4379 1919 4432 vitam

345 4477 522 4516 COlllnl
532 4474 618 4517 uta
627 4480 701 4516 rc.

413 4576 533 4632 XV.
559 4577 713 4633 Tunc
738 4579 954 4639 mulier,
981 4595 1102 4648 quae
1129 4581 1446 4650 ambiguum
1472 4598 1779 4638 sermonem
1810 4603 1915 4640 non

345 4669 686 4738 intelligeret,
736 4673 1102 4739 promissione
1155 4681 1432 4742 gratanter
1481 4684 1701 4744 accepta
1751 4680 1916 4747 cuepit

342 4759 525 4814 dicere
553 4761 699 4816 hunc
735 4761 788 4814 in
814 4763 1038 4815 modum
1073 4781 1086 4815 :
1116 4760 1301 4816 Genus
1340 4764 1558 4832 quidem
1599 4775 1654 4818 et
1680 4768 1911 4834 patriam

2072 498 2200 568 ἡμῖν
2223 498 2500 571 τολμήσας
2530 499 2652 554 ἀντὶ
2686 499 2902 552 πάντων
2931 497 3303 570 παρεκάλεσεν
3334 499 3524 562 αὑτὸν,
3563 499 3668 554 αῦ-

2071 607 2182 660 ριον
2212 591 2582 663 όρθριαίτερον
2608 591 2652 623 ”
2686 591 2798 662 (57)
2831 593 2912 654 είς
2943 590 3196 662 Ἀραδον,
3228 591 3328 661 τὴν
3360 591 3664 644 κατέναντι

2066 682 2247 752 νῆσον,
2273 683 2612 747 εἰσπλεῦσαι,
2645 682 2962 754 τριάκοντα,
2989 679 3162 753 οἶμαι,
3193 683 3301 736 οὐδ’
3333 683 3490 746 ὅλους
3523 682 3668 736 ἀπέ-

2065 789 2264 842 χουσαν
2289 773 2554 836 σταδίους,
2589 774 2664 837 ὡς
2685 773 2778 826 ἐπὶ
2815 773 3026 845 ἱστορίᾳ
3051 773 3159 827 τῶν
3193 775 3310 826 ἐκεῖ
3336 773 3662 844 ἀμπελίνων

2062 863 2154 916 δύο
2178 864 2385 917 στύλων
2415 865 2647 936 μέγιστα
2682 865 2912 936 ἐχόντων
2944 865 3113 936 πάχη.
3165 865 3223 917 Ὁ
3255 859 3347 917 οὖν
3372 863 3660 934 πειθήνιος

2062 954 2663 1027 Πέτροςρυνεχώρησεν
2689 955 2875 1010 εἰπών·
2895 957 3062 1010 Ἑπὰν
3087 957 3180 1009 τοῦ
3206 956 3390 1009 πλοίου
3417 955 3655 1025 ὲκὸἦτε,

2064 1043 2139 1116 μὴ
2177 1045 2293 1116 ἅμα
2326 1047 2511 1100 πολλοὶ¹
2544 1048 2855 1119 εἰσέρχεσθε
2887 1050 2968 1112 είς
3004 1048 3103 1120 τὴν
3139 1047 3372 1120 θεωρίαν
3404 1045 3480 1100 ὧν
3520 1048 3655 1098 ὲπι-

2059 1137 2300 1208 θυμείτε·
2351 1140 2414 1192 οὐ
2463 1139 2572 1211 γὰρ
2617 1140 2872 1211 βούλομαι
2923 1141 3244 1212 στρέμματα
3275 1139 3524 1209 γίνεσθαι
3559 1140 3645 1202 εἰς

2059 1229 2202 1300 ὑμᾶς
2215 1231 2258 1262 ⁶⁹
2278 1230 2384 1284 τῶν
2418 1231 2668 1286 πολιτῶν.
2699 1233 2809 1285 Καὶ
2841 1232 2984 1285 οὕτω
3023 1233 3094 1299 το,
3131 1231 3460 1294 πλεύσαντες
3497 1232 3648 1302 ῥοπῇ

2057 1319 2226 1392 ὥρας,
2261 1322 2612 1394 κατήχθημεν
2654 1324 2733 1386 εἰς
2772 1324 2872 1393 τὴν
2894 1324 3072 1394 νῆσον.
3122 1323 3409 1386 Ἐκϐάντες
3452 1322 3513 1374 δὲ
3553 1320 3654 1374 τοῦ

2059 1414 2321 1482 σκάφους,
2374 1415 2650 1485 εἰσῄειμεν
2696 1415 2825 1469 ἔνθα
2857 1417 2906 1468 οἱ
2940 1416 3223 1486 ἀμπέλινοι
3259 1415 3439 1468 στῦλοι
3481 1410 3650 1485 ἦσαν,

2053 1504 2204 1575 ὁμῶς
2237 1505 2282 1537 τί
2322 1506 2439 1577 ἅμα
2473 1508 2658 1568 αὐτοῖς
2691 1507 2848 1571 ἄλλος
2880 1507 3008 1562 ἄλλο
3027 1526 3080 1562 τι
3102 1509 3149 1539 ⁷⁸
3180 1508 3287 1561 τῶν
3317 1507 3524 1560 Φειδίου
3549 1507 3646 1579 ἕρ-

2054 1610 2165 1661 γων
2198 1593 2442 1665 ἐθεώρει.

2122 1685 2259 1739 ΧΙΙΙ.
2297 1688 2502 1758 Πέτρος
2537 1688 2591 1740 δὲ
2628 1689 2784 1759 μόνος
2816 1691 2916 1743 οὐκ
2949 1690 3242 1758 ἀναγκαῖον
3269 1689 3510 1760 ἡγήσατο
3550 1689 3646 1740 ἐπὶ

2051 1776 2149 1848 τὴν
2183 1776 2291 1830 τῶν
2339 1779 2456 1831 ἐκεῖ
2490 1779 2725 1850 ἱστορίαν
2759 1780 2806 1812 ⁷⁸
2855 1781 3148 1849 γενέσθαι,
3189 1780 3408 1849 γυναικὶ
3449 1780 3506 1832 δέ
3538 1797 3645 1833 τινι

2054 1870 2158 1937 ἔξω
2189 1872 2294 1942 πρὸ
2323 1873 2430 1925 τῶν
2469 1872 2647 1944 θυρῶν
2698 1873 3036 1944 καθεζομένῃ
3087 1873 3182 1927 καὶ⁵
3232 1873 3434 1944 τροφῆς
3480 1874 3645 1944 χάριν

2055 1963 2382 2034 μεταιτούσῃ
2414 1965 2614 2028 πυκνὰ,
2657 1969 3020 2037 κατανοήσας,
3053 1965 3176 2037 ἔφη·
3220 1966 3423 2028 Γύναι,
3470 1965 3524 2016 τί
3561 1982 3645 2018 σοι

2048 2055 2156 2108 τῶν
2191 2054 2367 2125 μελῶν
2387 2055 2584 2121 λείπει,
2621 2058 2702 2110 ὅτι
2735 2058 3002 2128 τοσαύτην
3028 2057 3183 2127 ὓϐριν
3218 2056 3470 2122 ἀνεδέξω,
3496 2056 3643 2125 λέγω

2047 2145 2109 2217 δὴ
2160 2145 2220 2198 τὸ
2254 2151 2600 2216 προσαιτεῖν,
2652 2149 2746 2202 καὶ
2781 2149 2855 2219 μὴ
2891 2148 3089 2219 μᾶλλον
3125 2151 3245 2211 ταῖς
3280 2147 3383 2200 ὑπὸ
3424 2146 3559 2199 Θεοῦ
3593 2147 3641 2178 ⁷⁸

2049 2252 2131 2288 σοι
2165 2235 2568 2308 δεδωρημέναις
2599 2241 2786 2308 χερσὶν
2820 2239 3166 2310 ἐργαζομένη
3195 2239 3292 2301 τὰς
3326 2238 3638 2308 ἐφημέρους

2046 2325 2242 2396 πορίζῃ
2300 2327 2346 2356 ⁷⁸
2396 2328 2636 2398 τροφὰςς
2689 2329 2752 2381 Ἠ
2795 2329 2871 2393 δὲ,
2916 2329 3238 2394 στενάξασα,
3280 2330 3633 2400 ἀπεκρίνατο·

2045 2415 2169 2468 Εἴθε
2191 2416 2302 2488 γὰρ
2329 2412 2468 2488 ἦσάν
2493 2419 2774 2490 μοιςχεῖρες
2805 2421 3099 2490 ὑπουργεῖν
3122 2419 3285 2490 264
3306 2421 3631 2489 δυνάμεναιί

2047 2507 2142 2561 νῦν
2171 2509 2226 2562 δέ
2264 2527 2352 2580 μοι
2387 2511 2572 2581 σχῆμα
2597 2511 2754 2580 μόνον
2788 2511 2985 2583 χειρῶν
3020 2511 3406 2581 φυλάσσουσιν,
3441 2512 3636 2581 νεκραὶ

2043 2602 2452 2670 τυγχάνουσαι,
2499 2603 2605 2656 ὑπὸ
2636 2603 2928 2675 δηγμάτων
2963 2603 3111 2674 ἐμῶν
3155 2603 3631 2674 βεϐασανισμέναι.

2046 2693 2154 2746 Καὶ
2185 2695 2213 2747 ὁ
2246 2695 2449 2766 Πέτρος
2492 2696 2738 2749 ἐπύθετο·
2795 2697 2889 2759 Τίς
2946 2696 3002 2748 δὲ
3047 2699 3079 2766 ἡ
3131 2697 3280 2750 αἰτία
3310 2696 3404 2749 τοῦ
3459 2713 3518 2748 σε
3573 2697 3633 2749 τὸ

2044 2785 2276 2854 χαλεπὸν
2325 2785 2484 2838 τοῦτο
2543 2786 2867 2840 πεπονθέναι
2909 2787 2996 2850 ⁷⁶;
3045 2785 3106 2838 ΊΙ
3159 2785 3217 2838 δὲ
3272 2786 3626 2856 ἁπεκρίνατο·

2042 2877 2236 2948 Ψυχῆς
2285 2876 2540 2930 ἀσθένεια
2576 2877 2672 2929 καὶ
2720 2877 2880 2929 πλέον
2918 2876 3096 2929 οὐθέν.
3133 2877 3197 2928 Εἰ
3236 2875 3346 2946 γὰρ
3388 2876 3630 2947 ἀνδρεῖον

2040 2962 2184 3037 εἶχον
2214 2968 2486 3039 φρόνημα,
2522 2963 2588 3038 ἦν
2627 2968 2891 3040 κρημνὸς,
2924 2963 2991 3038 ἦν
3026 2969 3069 3000 τ’
3095 2966 3274 3036 βυθὸς,
3311 2967 3430 3043 ὅθεν
3460 2969 3631 3037 ἐμαυ-

2038 3058 2134 3130 τὴν
2171 3059 2398 3131 ῥίψασα,
2413 3058 2522 3112 τῶν
2555 3059 2863 3112 ὀδυνώντων
2900 3077 2966 3130 με
3000 3059 3313 3113 παύσασθαι
3346 3059 3630 3130 ἠδυνάμην

2037 3167 2241 3202 κακῶν.

2105 3279 2245 3334 XIV.
2287 3281 2396 3333 Καὶ
2426 3283 2453 3334 ὁ
2481 3282 2687 3352 Πέτρος
2715 3281 2841 3352 ἔφη·
2881 3281 2945 3332 Τί
2978 3275 3071 3333 οὖν
3097 3279 3291 3345 ;Τοῐει,
3326 3280 3506 3348 γύναι,
3545 3282 3630 3334 ὅτι

2036 3374 2252 3437 πάντως
2299 3376 2349 3426 οί
2396 3373 2745 3446 ἀναιροῦντες
2777 3375 3002 3438 ἑαυτοὺς
3033 3373 3310 3437 κολάσεως
3344 3373 3628 3427 ἀπαλλασ-

2037 3481 2239 3527 σονται,
2274 3465 2306 3535 ἢ
2345 3467 2477 3536 μήτι
2508 3467 2555 3497 ⁷⁸
2586 3466 2792 3537 χείρονι
2825 3467 3047 3520 κολάσει
3077 3466 3136 3517 ἐν
3171 3466 3272 3536 ᾂδῃ
3307 3467 3363 3518 αἱ
3392 3464 3501 3518 τῶν
3534 3465 3629 3517 οῦ-

2032 3574 2142 3620 τως
2191 3555 2534 3627 θνησκόντων
2562 3557 2732 3628 ψυχαὶ
2766 3559 2893 3630 περὶ
2926 3559 3026 3628 τῆς
3069 3559 3416 3620 αὐτοκτονίας
3462 3558 3627 3611 κολά-

2034 3647 2253 3712 ζονται;
2301 3649 2363 3700 ’11
2389 3649 2446 3702 δὲ
2477 3648 2580 3720 ἔφη
2611 3650 2676 3680 ⁷³·
2711 3649 2838 3702 Εἴθε
2860 3651 3223 3720 ἐπεπείσμην,
3254 3652 3336 3704 ὅτι
3362 3651 3531 3713 ὅντως
3564 3652 3626 3703 ἐν

2032 3739 2136 3812 ᾅδῃ
2163 3739 2332 3809 ψυχαὶ
2365 3739 2709 3810 εὑρίσκονται
2744 3739 2946 3804 ζῶσαι,
2993 3741 3086 3793 καὶ
3118 3741 3369 3810 ἠγάπων,
3404 3740 3506 3808 τῆς
3529 3757 3626 3792 κο-

2032 3829 2240 3892 λάσεως
2272 3831 2757 3900 καταφρονήσασα,
2789 3831 3152 3893 θανεῖν,ὅπως
3165 3832 3291 3892 τοὺς
3323 3831 3491 3900 εμοὺς
3522 3847 3622 3881 πε-

2033 3920 2354 3991 ριποθήτους
2406 3922 2499 3974 ῐδω
2545 3922 2590 3953 ⁸⁰
2638 3922 2739 3975 κᾶν
2781 3923 2909 3993 μίαν
2941 3922 3126 3994 ῶρανί
3181 3923 3291 3975 Καὶ
3339 3923 3368 3973 ὁ
3416 3922 3624 3992 Πέτρος

2031 4011 2155 4081 ἔφη·
2195 4013 2258 4064 Τί
2297 4013 2406 4084 ἄρα
2439 4013 2556 4066 ἐστὶ
2589 4015 2649 4066 τὸ
2677 4014 2880 4067 λυποῦν
2916 4032 2996 4077 σε,
3044 4014 3235 4084 μαθεῖν
3276 4012 3488 4084 ἡθελον,
3523 4013 3624 4080 γύ-

2030 4118 2138 4153 ναι.
2184 4102 2307 4155 Ἑὰν
2340 4104 2449 4174 γάρ
2494 4120 2559 4173 με
2594 4104 2832 4174 διδάξῃς,
2875 4105 2996 4158 ἀντὶ
3027 4105 3230 4175 ταύτης
3266 4105 3366 4174 τῆς
3396 4105 3623 4175 χάριτος

2033 4193 2433 4266 πληροφορὴσω
2477 4213 2535 4247 σε
2561 4237 2575 4262 ,
2629 4196 2710 4247 ὅτι
2759 4197 2814 4247 ὲν
2849 4196 2950 4269 ᾄδῃ
2993 4196 3158 4260 ζῶσιν
3199 4197 3254 4248 αἱ
3288 4195 3480 4264 ψυχαὶ,
3525 4198 3623 4248 καὶ

2029 4283 2148 4335 ἀντὶ
2200 4283 2450 4354 κρημνοῦ
2506 4283 2538 4354 ἢ
2593 4284 2754 4352 βυθοῦ
2800 4285 3090 4354 φάρμακον
3138 4283 3294 4336 δώσω
3338 4284 3413 4347 Μ,
3467 4285 3622 4346 ὅπως

2027 4374 2403 4437 ἀϐασανίστως
2435 4373 2529 4426 τοῦ
2575 4373 2672 4445 ζῇν
2704 4375 2798 4427 τὸν
2851 4375 2963 4444 βίον
3011 4374 3122 4445 (58)
3157 4373 3485 4446 μεταλλάξαι
3523 4374 3621 4425 δυ·-

1952 4481 2006 4540 D
2029 4465 2216 4536 νιιθῇςο

2096 4595 2342 4651 XV.Ka.l.
2375 4601 2406 4670 ἠ
2439 4601 2594 4671 γυνὴ,
2630 4601 2689 4652 τὸ
2717 4601 3031 4670 ἀμφιϐόλως
3067 4601 3229 4672 ῥηθὲν
3264 4602 3336 4672 μὴ
3370 4604 3616 4666 συνεῖσα,

2024 4686 2118 4739 ἐπὶ
2149 4690 2215 4758 τῇ
2251 4689 2539 4758 ὑποσχέσει
2571 4690 2818 4760 ἡσθεῖσα,
2853 4691 2946 4742 τοῦ
2977 4690 3156 4757 λέγειν
3183 4690 3383 4760 ἤρξατο
3414 4689 3614 4751 οὕτως·

2023 4776 2182 4839 Γένος
2201 4778 2297 4848 μὲν
2319 4780 2411 4831 καὶ
2434 4780 2666 4850 πατρίδα
2686 4782 2856 4834 εἰπεῖν
2870 4783 2914 4810 ⁸³
2930 4821 2944 4845 ,
2961 4781 3062 4833 οῦκ
3078 4780 3238 4850 265
3252 4777 3405 4850 οἶμαι
3426 4781 3618 4832 πεῖσαί

1676 4883 1910 4938 νΛῐίΙίΕ
1949 4887 2353 4947 LECTIONES.

414 4960 458 5039 τε
517 4961 591 5039 lla
635 4963 700 5039 __0
775 4982 824 5020 c.
864 4967 1260 5039 5,(ξρθρίτερον
1292 4971 1352 5023 C.

421 5031 494 5084 Ita
541 5033 600 5105 S,
632 5035 780 5105 ὅμως
819 5039 882 5104 (Ζ,
939 5031 1003 5091 0'.

343 5104 674 5182 ’ξπρρίζεις
702 5108 856 5182 AC.”
985 5110 1339 5182 πεποιηκέναι
1368 5109 1430 5163 Ο.
1544 5115 1587 5143 ⁷⁷
1623 5115 1654 5182 ἦ
1686 5116 1745 5168 C.

342 5175 383 5218 II‘
419 5171 574 5227 δώσω
601 5175 657 5250 S,
696 5174 760 5245 Ο,
793 5177 868 5230 δῶ
903 5178 964 5232 C.
1056 5179 1102 5210 ⁸³
1133 5171 1280 5233 Fort.
1316 5183 1543 5236 εἰποῦσα
1577 5183 1631 5236 S.

1482 4973 1713 5069 ⁶⁹ηί³μ⁵ἐη
1736 4973 1780 5058 9
1837 4995 1882 5029 υ·
1908 4979 2057 5069 .“m‘n-
2083 4981 2214 5063 “se
2248 4984 2352 5036 3‘”
2387 4994 2440 5069 ίῖι
2464 4984 2613 5069 FP."-
2641 5003 2692 5069 ς·
2732 4985 3039 5069 δυκὴμεῖέι
3080 4985 3141 5069 ςτ-

1165 5039 1291 5126 ἄλλο
1317 5040 1496 5094 ἀλλότι
1526 5039 1610 5094 Οξ
1670 5045 1713 5074 ⁷³
1747 5046 1956 5114 ἱστορίαι
2014 5049 2077 5114 Ο,
2119 5039 2193 5106 in"
2229 5071 2340 5123 quo
2391 5039 2612 5108 (Ιιξίῑιίίιι⁷
2640 5039 2930 5126 θυρωρῶν...
3000 5042 3045 5087 1⁸
3072 5057 3176 5108 ὑπὸ
3222 5057 3317 5109 τοῦ
3355 5039 3490 5109 Θεοῦ
3545 5064 3610 5113 l2.

1165 5109 1465 5189 πκεναι-Ο.⁵
1544 5115 1654 5189 "Jb,
1686 5116 1745 5168 (Σ.
1852 5118 1896 5145 ⁷⁸
1930 5118 2019 5189 Μὴ
2063 5125 2127 5189 τῇ
2186 5141 2239 5189 p.
2287 5126 2415 5189 μήτι
2453 5126 2514 5180 C.
2616 5128 2661 5159 ⁷⁸
2700 5127 2744 5180 0
2816 5128 2902 5182 bis
2952 5127 3077 5181 exh.
3122 5127 3227 5189 ἔφη
3301 5128 3346 5158 ⁸ο
3379 5128 3505 5180 εἰδῶ
3540 5127 3610 5184 Ο.

1930 5138 2019 5189 wn]
2063 5139 2127 5193 τῃ
2186 5141 2239 5192 p.
2287 5138 2415 5196 μητι
2453 5138 2514 5180 Β.

3245 4988 3290 5017 ⁷ο
3318 4987 3493 5049 οὕτως
3546 4989 3610 5042 C.

2616 5128 2661 5159 ⁷⁸
2700 5127 2744 5180 0
2816 5128 2902 5182 bis
2952 5127 3077 5181 exh.
3122 5127 3228 5198 ἔφη
3301 5128 3346 5158 ⁸ο
3379 5128 3505 5180 εἰδῶ
3540 5127 3613 5184 Ο.

1643 5302 1950 5360 VARIORU
1961 5305 2008 5359 Μ
2049 5303 2277 5359 ΝΟΤίΕ.

372 5451 382 5462 ⁸
412 5381 526 5450 (57)
562 5381 801 5438 lnsulam
838 5386 1102 5462 Aradum,
1125 5391 1246 5444 urbi
1277 5391 1553 5446 Antarado
1583 5409 1647 5446 ex
1681 5395 1913 5449 adverso

341 5455 535 5530 sitam,
563 5466 866 5530 memorant
903 5455 1103 5514 Herod.
1133 5477 1229 5528 vu,
1272 5462 1362 5516 98.
1420 5463 1602 5518 Strab.
1644 5481 1758 5530 XVI,
1786 5465 1910 5520 753.

341 5521 577 5575 Casaub.
619 5523 901 5580 SCl-IWEGL.

371 5659 383 5672 η
415 5593 551 5676 διήλ
577 5592 917 5676 Videturjby
949 5600 1062 5668 βίον
1102 5617 1222 5676 esse
1259 5603 1634 5676 interpretatio
1659 5603 1753 5657 τοῦ
1795 5606 1912 5676 ζῇν.

346 5657 438 5744 [:lsl
468 5674 646 5744 autem
678 5657 998 5744 ἀμφίϐολον,
1029 5672 1153 5744 (lilia
1178 5675 1320 5743 quod
1367 5657 1915 5744 Pri-trusintelligtiliat

345 5731 409 5782 de
449 5731 747 5792 mutatione
773 5731 897 5794 vita:
935 5731 1227 5812 m‘uiuiué,
1260 5747 1311 5801 id
1345 5745 1626 5801 Mattbidia
1664 5746 1729 5802 de
1761 5731 1916 5801 com-

2023 5396 2346 5468 mutatione
2373 5395 2516 5468 vita;
2545 5411 2670 5449 cum
2717 5406 2891 5452 morte
2941 5398 3420 5468 interpretabatur.
3464 5399 3614 5467 Lege

2024 5482 2144 5539 cap.
2188 5465 2272 5518 18.
2309 5465 2443 5521 (Ζοτ.
2478 5466 2704 5520 Fallitur
2730 5469 2777 5539 _C
2799 5510 2824 5539 γ,
2855 5485 2978 5522 cum
3006 5465 3098 5521 τὸν
3132 5470 3243 5539 βίον
3281 5465 3614 5537 interpreta-

2027 5537 2228 5610 l_i_unem
2279 5552 2400 5610 esse
2442 5549 2627 5590 censet
2645 5537 2754 5610 :06
2790 5538 2909 5609 ζῇν,
2969 5555 3093 5592 nam
3133 5537 3245 5609 βίον
3281 5539 3612 5610 (militum

2025 5605 2177 5679 Plato
2214 5607 2515 5679 optimique
2549 5605 2978 5679 scriptoresalii.
3017 5605 3168 5664 Licet
3203 5605 3367 5679 igitur
3396 5609 3479 5661 Im:
3511 5627 3612 5660 m-

2025 5693 2116 5748 ces
2145 5677 2196 5729 in
2219 5675 2362 5745 Epit.
2389 5694 2505 5744 cap.
2539 5678 2606 5729 8‘2
2641 5675 2694 5730 et
2729 5679 2866 5732 infra
2900 5697 2945 5732 c.
2977 5681 3043 5733 18
3083 5697 3194 5736 non
3215 5675 3450 5748 exstent,
3479 5696 3605 5735 om-

2027 5747 2157 5803 nino
2186 5757 2364 5802 tamen
2402 5757 2529 5804 sunt
2559 5749 2868 5805 retineudte.
2900 5750 3080 5808 DAHS.
