3860 6210
173 323 290 378 3:5
1327 297 1787 368 CLEMENTINA.
1820 338 1892 351 —
1924 304 2205 362 HOMILlA
2241 302 2354 362 xu.
3339 293 3447 349 su

172 450 316 487 ποτε
347 429 641 504 δυνηθῆναί
678 448 822 487 τινα.
853 431 998 525 Πλὴν
1031 432 1126 485 καὶ
1156 430 1238 484 σοὶ
1270 430 1322 484 τί
1347 429 1592 502 διαφέρει
1613 427 1770 481 τοῦτο

1884 427 1920 482 si
1951 425 2275 496 proferrem,
2312 438 2422 479 non
2453 419 2692 476 arbitror
2717 433 2806 474 me
2841 430 3004 488 posse
3027 413 3191 470 alicui
3213 428 3446 485 persua-

176 525 404 596 μαθεῖν,
440 526 474 596 ἢ
515 525 675 596 μόνον
709 526 757 558 ⁸³
787 504 1110 596 τὴν-αἰτίαν,
1144 519 1213 596 ἦς
1243 524 1428 610 ἕνεκεν
1460 520 1768 591 όδυνωμένη

1884 518 2020 574 dere.
2062 517 2168 573 Sed
2207 524 2261 572 et
2293 515 2425 586 quid
2463 514 2529 569 ad
2559 523 2611 568 te
2637 513 2832 568 attinet
2873 510 2924 564 id
2951 520 3305 577 cognoscere,
3343 504 3448 558 nisi

171 617 423 689 δήγμασι
441 616 540 680 τὰς
585 617 724 688 ἐμὰς
761 617 1042 689 ἐνέκρωσα
1078 607 1318 688 χεῖρας
1352 615 1492 694 πλὴν
1533 612 1604 666 τά
1648 615 1769 666 κατ’

171 709 449 778 ἐμαυτὴν,
482 709 559 771 ὡς
584 708 810 762 δυνατὸν
842 708 1073 762 ἀκοῦσαί
1104 725 1185 771 σε,
1211 707 1560 778 διηγήσομαι.
1608 702 1769 772 Ἐγὼ,

174 801 326 854 πάνυ
374 801 602 872 εὐγενὴς
645 801 988 872 ὑπάρχουσα,
1033 801 1292 854 δυνάστου
1311 798 1358 831 ⁸³
1403 797 1549 860 τινὸς
1600 812 1772 867 προσ-

171 896 324 964 ταγῇ
362 894 517 964 ἀνδρὶ
545 895 683 966 πρὸς
724 895 915 963 γένους
959 894 1106 965 αὐτῷ
1145 894 1444 965 ὑπάρχοντι
1507 892 1772 964 ἐγενόμην

171 987 344 1056 γυνή.
389 987 501 1041 Καὶ
544 986 679 1057 μετὰ
709 987 902 1057 δίδυμα
934 987 1100 1040 τέκνα
1133 987 1289 1057 ἔσχον
1319 986 1505 1056 ἕτερον
1537 986 1671 1038 υἱόν.
1715 985 1772 1038 Ὁ

172 1076 238 1130 δὲ
261 1075 359 1130 τοῦ
386 1077 522 1148 ἐμοῦ
551 1077 745 1148 ἀνδρὸς
776 1078 1004 1147 ἁδελφὸς
1035 1079 1224 1149 μανεὶς
1255 1079 1356 1131 ούκ
1387 1077 1604 1130 ἔλαττον
1635 1077 1774 1148 ἠρά-

178 1165 288 1236 σθη
327 1183 432 1237 μου
461 1167 562 1236 τῆς
595 1165 948 1237 ταλαιπώρου
976 1167 1044 1229 ⁸⁵,
1081 1165 1286 1236 σφόδρα
1317 1166 1614 1236 σωφρονεῖν
1646 1165 1776 1230 ἀγα-

177 1256 398 1328 πώσης.
451 1257 564 1310 Καὶ
597 1256 892 1328 βουλομένη
923 1258 968 1290 ⁸⁵
1015 1259 1152 1328 μήτε
1200 1255 1278 1326 τῷ
1327 1258 1530 1327 ἐραστῇ
1588 1253 1775 1307 συνθέ-

179 1348 347 1412 σθαι,
411 1348 562 1418 μήτε·
587 1348 666 1418 τῷ
717 1348 836 1419 ἐμῷ
869 1348 1021 1420 ἀνδρὶ
1048 1347 1339 1401 ἀναθέσθαι
1376 1347 1467 1400 τὸν
1494 1345 1588 1399 τοῦ
1624 1344 1776 1398 ἀδελ-

178 1439 288 1506 φοῦ
343 1437 509 1490 αὐτοῦ
569 1439 706 1511 πρὸς
767 1439 868 1509 ἐμὲ
915 1439 1129 1509 ἔρωτα,
1189 1438 1547 1510 ἐλογισάμην,
1594 1437 1684 1491 ἵνα
1727 1439 1772 1469 ⁸⁷

183 1532 330 1601 μήτε
363 1532 736 1603 μοιχησαμένη
767 1533 1010 1604 ἐμαυτὴν
1061 1532 1263 1603 μιανῶ,
1321 1533 1455 1604 μήτε
1489 1532 1583 1585 τοῦ
1638 1529 1773 1603 ἐμοῦ

179 1623 383 1695 ἀνδρὸς
440 1623 538 1694 τὴν
588 1624 774 1694 κοίτην
822 1624 1069 1696 ύὸρίσω,
1119 1625 1253 1696 μήτε
1298 1624 1375 1694 τῷ
1421 1622 1633 1694 ἀδελφῷ
1683 1623 1774 1676 τὸν

180 1715 418 1784 ἀδελφὸν
492 1716 749 1786 πολέμιον
811 1718 1167 1787 καταστήσω,
1238 1717 1372 1787 μήτε
1436 1716 1555 1768 ὅλον
1619 1717 1775 1783 γένος

1875 619 2085 667 tantum
2116 624 2363 675 causam,
2411 607 2482 662 ob
2515 620 2680 676 quam
2717 604 2908 658 dolore
2946 600 3140 655 affecta
3172 597 3449 652 morsibus

1871 720 2070 760 manus
2099 717 2250 757 meas
2292 710 2540 754 mortuas
2565 696 2800 752 reddidi.
2848 693 3054 749 Tamen
3101 706 3244 757 mea,
3269 690 3449 760 quoad

1875 798 2063 853 audire
2091 803 2266 865 potes,
2298 792 2556 847 referam.
2591 789 2706 860 Ego
2730 787 3027 842 admodum
3049 783 3269 845 nobilis,
3299 781 3452 850 prin-

1874 889 2012 958 cipis
2057 886 2346 956 cujusdam
2395 885 2494 940 viri
2535 883 2788 952 imperio,
2825 879 2987 949 nupsi
3023 877 3142 932 viro
3182 875 3277 945 qui
3307 881 3454 928 erat

1875 981 2022 1034 illius
2067 977 2409 1047 propinquus
2443 983 2542 1031 :et
2595 984 2722 1044 post
2762 972 2901 1047 duos
2952 969 3197 1040 geminos
3251 967 3452 1020 liberos

1873 1071 2043 1124 alium
2068 1046 2294 1137 suscepi
2319 1068 2515 1121 filium.
2545 1065 2652 1120 Sed
2679 1064 2847 1117 frater
2873 1046 3064 1116 mariti
3094 1057 3223 1124 mei,
3255 1072 3451 1126 magna

1875 1173 2160 1230 correptus
2194 1159 2406 1214 insania
2431 1197 2447 1220 ,
2487 1156 2762 1211 adamavit
2793 1170 2880 1208 me
2903 1153 3184 1214 miseram,
3208 1165 3330 1220 quae
3360 1164 3454 1202 ca-

1875 1262 1958 1308 ste
1995 1254 2178 1306 vivere
2209 1250 2498 1320 cupiebam
2527 1245 3112 1312 admodum.Cumque
3132 1257 3231 1295 nec
3257 1241 3452 1294 vellem

1875 1345 2103 1400 amatori
2147 1343 2478 1407 consentire,
2516 1355 2616 1394 nec
2660 1339 2780 1392 viro
2820 1352 2940 1391 meo
2969 1349 3216 1390 amorem
3251 1331 3438 1386 fratris

1874 1439 1995 1507 ejus
2020 1453 2148 1506 erga
2177 1452 2264 1490 me
2291 1448 2589 1504 exponere,
2618 1431 2809 1495 statui,
2841 1439 2902 1482 ut
2929 1442 3105 1495 neque
3134 1425 3448 1479 adulterans

1876 1530 2172 1598 polluerem
2218 1542 2336 1591 me,
2369 1541 2471 1578 nec
2501 1524 2604 1577 viri
2636 1523 2741 1576 mei
2775 1531 2954 1574 torum
2979 1517 3310 1572 contumelia
3341 1515 3456 1568 affi-

1877 1635 2095 1684 cerem,
2145 1633 2324 1687 neque
2370 1616 2597 1670 fratrem
2638 1612 2794 1668 fratri
2838 1610 3116 1664 redderem
3149 1606 3452 1668 inimicum,

1877 1726 2055 1779 neque
2088 1718 2258 1764 totam
2292 1707 2558 1762 familiam
2583 1747 2598 1773 ,
2628 1720 2750 1775 qua:
2773 1716 2970 1772 magna
3002 1708 3141 1763 erat,
3173 1699 3226 1751 in
3256 1713 3457 1767 oppro-

185 1807 337 1877 μέγα
382 1807 440 1860 ὃν
469 1809 550 1871 εἰς
577 1807 878 1878 ὀνειδισμὸν
911 1809 1076 1861 πᾶσιν
1121 1806 1373 1860 ὑποϐαλῶ
1403 1807 1469 1838 ⁸⁸·
1500 1808 1577 1870 ὡς
1615 1806 1768 1878 ἔφην,

1884 1803 2057 1858 brium
2096 1802 2309 1856 cunctis
2343 1801 2568 1866 darem;
2617 1797 2806 1863 statui,
2865 1796 3115 1863 inquam,
3162 1791 3296 1844 urbe
3329 1805 3456 1844 cum

179 1898 523 1970 ἐλογισάμην
555 1899 653 1970 τὴν
683 1899 836 1953 πόλιν
881 1898 1018 1971 μετὰ
1049 1899 1156 1951 τῶν
1187 1897 1337 1969 ἐμῶν
1372 1898 1607 1968 διδύμων
1641 1899 1769 1952 παί-

1872 1899 2008 1954 meis
2029 1899 2262 1968 geminis
2293 1898 2477 1966 pueris
2508 1895 2573 1948 ad
2595 1893 2874 1964 quoddam
2903 1899 3117 1954 tempus
3145 1885 3456 1950 discedere,

179 1994 292 2048 δων
336 1995 567 2066 ἐκϐῆναι
607 1997 704 2049 ἐπὶ
742 1997 931 2068 χρόνον
961 1995 1085 2048 τινά
1108 2034 1123 2058 ,
1153 1995 1256 2058 ἕως
1284 1995 1349 2048 ἂν
1384 1996 1478 2048 καὶ
1510 1995 1539 2046 ό
1578 1993 1771 2065 μιαρὸς

1884 1991 2046 2047 lonec
2075 2000 2130 2046 et
2161 1990 2413 2058 impurus
2437 2003 2588 2041 amor
2619 1987 2785 2051 illius,
2817 1983 2911 2054 qui
2943 1981 3079 2036 mihi
3107 1980 3172 2034 ad
3203 1978 3444 2032 dedecus

179 2087 330 2158 ἔρως
360 2088 636 2159 παύσηται
669 2089 762 2141 τοῦ
796 2091 889 2142 ἐπὶ
933 2093 998 2160 τῇ
1040 2091 1147 2160 ἐμῇ
1182 2087 1338 2159 ὕϐρει
1389 2085 1773 2149 κολακεύοντός

186 2196 277 2248 με.
329 2179 435 2231 Τὸν
483 2180 664 2250 μέντοι
715 2181 901 2251 ἕτερον
933 2181 1047 2234 υἱὸν
1091 2179 1238 2252 παρὰ
1270 2179 1350 2250 τῷ
1396 2179 1562 2250 πατρὶ
1596 2180 1774 2248 μεῖναι

179 2273 266 2334 εἰς
300 2272 657 2343 παραμυθίαν
696 2273 1004 2326 κατέλιπον.

257 2363 402 2418 XVI.
445 2365 673 2446 Illi-1v”,
701 2365 789 2419 ἵνα
815 2365 988 2420 ταῦτα.
1036 2364 1210 2428 οὕτως
1236 2364 1482 2434 γένηται,
1508 2361 1776 2433 ἐπενόησα

184 2457 404 2528 ὄνειρον
441 2455 772 2520 πλάσασθαι,
810 2457 886 2520 ὡς
927 2458 991 2528 δή
1026 2474 1172 2520 τινος
1200 2456 1417 2525 νύκτωρ
1451 2453 1776 2516 ἐπιστάντος

189 2567 284 2620 μοι
318 2550 416 2602 καὶ
447 2549 760 2621 εἰρηκότος-
795 2549 980 2613 Γύναι,
1011 2549 1244 2618 ἐξαυτῆς
1260 2550 1305 2580 ⁹⁰
1339 2547 1454 2618 ἅμα
1496 2550 1608 2610 τοῖς
1637 2545 1781 2598 διδύ-

192 2657 322 2710 μοις
351 2657 444 2693 σου
471 2641 682 2703 τέκνοις
703 2641 796 2693 ἐπὶ
824 2641 1014 2712 χρόνον
1040 2640 1182 2702 τινὰ,
1216 2640 1407 2711 μέχρις
1436 2641 1523 2691 ὅτε
1558 2638 1780 2710 μηνύσω

185 2731 507 2784 ἐπανελθεῖν
544 2749 602 2784 σε
633 2732 886 2796 ἐνταῦθα,
918 2732 1110 2802 ἔκϐηθι
1139 2733 1237 2803 τὴν
1282 2731 1458 2784 πόλινο
1517 2732 1639 2782 ἐπεὶ
1662 2730 1779 2801 ἅμα

187 2823 351 2896 ἀνδρὶ
386 2825 480 2877 καὶ
512 2824 645 2877 πᾶσί
687 2843 780 2878 σου
810 2828 923 2888 τοῖς
947 2825 1159 2887 τέκνοις
1189 2824 1353 2894 266
1373 2823 1653 2893 αἰφνιδίως
1681 2840 1783 2874 κα-

189 2916 308 2978 κῶς
367 2915 726 2986 τελευτήσεις.
778 2916 959 2987 Ὀμῶς
1000 2916 1175 2979 οὕτως
1208 2918 1458 2985 ἐποίησα.
1495 2917 1646 2985 ’Ἅμα
1672 2914 1782 2987 γὰρ

184 3007 269 3077 τῷ
298 3007 389 3058 τδν
424 3007 632 3078 ὄνειρον
665 3007 967 3077 ψεύσασθαί
1005 3027 1070 3079 με
1102 3008 1181 3079 τῷ
1214 3009 1390 3079 ἀνδρὶ,
1421 3008 1603 3072 αὐτὸς,
1624 3007 1780 3080 περί-

188 3101 359 3169 φοϐος
387 3101 696 3170 γενόμενος,
731 3100 868 3171 μετὰ
893 3101 999 3154 τῶν
1035 3102 1240 3172 ἐμῶν⁹¹
1265 3101 1358 3154 δύο
1387 3101 1540 3166 υἱῶν,
1573 3101 1777 3155 δούλων

187 3210 248 3245 τε
283 3194 378 3245 καὶ
412 3192 713 3245 παιδισκῶν
748 3194 842 3246 καὶ
871 3194 1168 3265 χρημάτων
1204 3193 1414 3264 συχνῶν
1442 3193 1582 3247 κατὰ
1615 3194 1782 3249 πλοῦν

189 3287 274 3350 εἰς
312 3286 544 3354 Ἀθήνας
580 3303 647 3356 με
683 3285 1011 3358 ἐξέπεμψεν,
1047 3287 1403 3340 ἐκπαιδεῦσαι
1447 3287 1577 3350 τοὺς
1609 3288 1780 3351 υἱοὺς,

193 3400 212 3431 ι
253 3377 452 3450 μέχρις
483 3377 570 3441 ἂν,
606 3377 733 3447 ἔφη,
757 3377 835 3448 τῷ
855 3377 1254 3449 χρηματίσαντι
1274 3377 1400 3448 δόξῃ
1418 3378 1693 3431 ἐπανιέναι
1724 3396 1784 3432 σε

187 3473 328 3543 πρὸς
361 3472 484 3542 ἐμέ.
520 3491 538 3524 ι
589 3470 770 3542 Ὃμῶς
804 3470 920 3542 ἅμα
966 3470 1181 3533 τέκνοις
1216 3472 1249 3539 ἠ
1291 3470 1519 3524 τάλαινα
1550 3471 1785 3524 πλέουσα

189 3564 299 3616 ὑπὸ
328 3565 549 3634 ἀνέμων
575 3563 808 3629 ἀταξίας
836 3566 914 3627 εἰς
937 3564 1160 3626 τούτους
1192 3562 1562 3635 άποῤῥιφείσα
1583 3564 1628 3594 ⁹²
1657 3564 1785 3628 τοὺς

187 3655 410 3718 τόπους,
445 3655 639 3718 νυκτὸς
676 3656 779 3725 τῆς
807 3656 935 3727 νηὸς
953 3655 1318 3724 διαλυθείσης,
1349 3655 1654 3726 ναυαγίῳ⁹³
1685 3672 1783 3707 πε..

191 3747 443 3817 ριέπεσα.
480 3748 705 3800 Πάντων
740 3747 800 3800 δέ
835 3747 1126 3811 θανόντων,
1178 3750 1211 3818 ὴ
1245 3747 1450 3817 ἀτυχὴς
1496 3746 1607 3814 ἐγὼ
1646 3748 1784 3817 μόνη

191 3840 298 3893 ὑπὸ
319 3839 550 3910 σφοδροῦ
585 3839 827 3908 κύματος
855 3839 1178 3910 ραπισθεῑσα
1193 3839 1259 3902 9‘,
1285 3840 1380 3892 ἐπὶ
1406 3839 1612 3910 πέτρας
1632 3840 1784 3911 ἐρρί-

191 3950 320 4001 φην,
338 3934 424 4000 ἐφ’
454 3927 521 4002 ἦς
543 3931 867 3985 καθεσθεῖσα
897 3936 930 4003 ἡ
963 3932 1123 3985 ἀθλία
1143 3931 1316 3984 ἐλπίδι
1333 3931 1428 3984 τοῦ
1460 3931 1530 3985 τὰ
1551 3933 1596 3963 νδ
1620 3933 1784 3984 τέκνα

195 4041 263 4096 με
296 4023 476 4087 ζῶντα
502 4025 704 4095 εὑρεῖν,
737 4026 817 4086 εἰς
847 4024 938 4076 τὸν
953 4025 1000 4054 ’⁵
1031 4023 1192 4094 βυθὸν
1231 4022 1471 4094 ἐμαυτὴν
1493 4025 1593 4076 οὐκ
1633 4023 1784 4095 ἔρρι-

190 4116 269 4184 ψα
294 4116 438 4177 τότε,
476 4116 585 4179 ὅτε,
618 4116 717 4184 τὴν
741 4116 917 4186 ψυχὴν
964 4115 1383 4186 μεμεθυσμένην
1412 4117 1524 4176 τοῖς
1548 4115 1784 4186 κύμασιν

193 4207 417 4277 ἔχουσα,
454 4206 614 4258 τοῦτο
643 4207 866 4276 ποιῆσαι
899 4207 1096 4279 ῥᾳδίως
1124 4207 1414 4277 ἐδυνάμην.

265 4297 430 4351 XVII.
472 4298 620 4383 Πζῂν
652 4298 840 4370 ἐπειδὴ
864 4299 1064 4370 ὄρθρος
1093 4299 1330 4366 ἐγένετο,
1361 4297 1572 4369 μεγάλα
1605 4297 1785 4368 βοῶσα

193 4391 288 4442 καὶ
319 4391 494 4462 γοερά
525 4391 815 4444 κωκύουσα
830 4393 871 4422 ⁹⁷
914 4390 1377 4462 περιεϐλεπόμην,
1412 4388 1650 4460 ζητοῦσα
1679 4390 1784 4444 τῶν

1875 2099 2058 2138 meum
2092 2081 2497 2144 assentabatur,
2547 2079 2710 2132 finem
2765 2075 3086 2144 accepisset.
3131 2071 3201 2124 At
3228 2072 3458 2124 alterum

1875 2176 2070 2240 filium,
2124 2183 2183 2229 ut
2237 2173 2381 2243 apud
2421 2179 2632 2242 patrem
2679 2171 2734 2223 in
2772 2167 3034 2224 solatium
3073 2172 3344 2228 maneret,
3376 2179 3458 2217 re-

1874 2268 2030 2338 liqui.

1945 2355 2296 2414 XVI.Verum
2316 2370 2426 2425 quo
2439 2355 2556 2409 haec
2577 2352 2651 2407 ita
2667 2352 2881 2414 fierent,
2907 2350 2961 2403 in
2981 2350 3228 2403 animum
3245 2346 3458 2412 induxi,

1878 2455 2151 2508 somnium
2183 2451 2407 2520 ﬁngere,
2440 2448 2597 2518 quasi
2621 2446 2822 2516 aliquis
2847 2444 2982 2498 mihi
3002 2451 3166 2498 noctu
3195 2441 3461 2496 astitisset

1878 2564 1942 2604 ac
1963 2549 2225 2603 dixisset:
2249 2544 2464 2610 Mulier,
2495 2541 2787 2597 confestim
2811 2554 2920 2595 una
2950 2554 3074 2593 cum
3099 2537 3330 2608 geminis
3353 2536 3461 2589 tuis

1877 2640 2062 2711 pueris
2085 2638 2220 2693 urbe
2244 2636 2463 2692 discede
2494 2634 2560 2688 ad
2591 2632 2816 2702 aliquod
2853 2639 3093 2700 tempus,
3126 2631 3304 2685 donec
3333 2644 3459 2682 rur—

1880 2751 1974 2789 sus
1998 2733 2336 2796 indicavero,
2373 2737 2434 2781 ut
2473 2726 2666 2780 redeas
2695 2725 2838 2790 huc;
2873 2722 3077 2791 alioqui
3104 2737 3228 2777 cum
3257 2720 3461 2774 marito

1881 2822 2338 2893 cunctisque-tuis
2363 2819 2550 2874 liberis
2583 2816 2652 2870 de
2679 2823 2903 2885 repente
2937 2814 3144 2884 peribis
3171 2812 3335 2867 male.
3367 2809 3464 2865 At-

1881 2934 1988 2988 que
2021 2918 2101 2971 ita
2160 2915 2290 2969 feci.
2324 2912 2521 2967 Statim
2548 2910 2697 2964 enim
2739 2917 2799 2963 ut
2831 2907 3108 2962 somnium
3135 2905 3462 2961 ementitum

1882 3013 2006 3065 viro
2044 3008 2318 3073 enarravi,
2352 3005 2627 3070 extimuit,
2654 3013 2708 3058 et
2760 3017 2848 3056 me
2898 3015 3023 3055 cum
3060 2999 3281 3054 duobus
3319 2999 3459 3053 meis

1887 3105 2012 3158 filiis
2041 3115 2278 3170 cumque
2300 3099 2474 3154 servis
2503 3106 2557 3152 et
2584 3095 2800 3150 ancillis
2828 3103 2993 3163 atque
3019 3093 3191 3146 multa
3226 3091 3463 3161 pecunia

1885 3196 2128 3251 Athenas
2167 3209 2262 3264 per
2320 3205 2514 3246 navem
2570 3188 2766 3253 misit,
2823 3195 2884 3240 ut
2938 3193 3097 3240 natos
3145 3184 3464 3249 erudirem,

1886 3288 2099 3356 Quoad,
2142 3286 2340 3356 inquit,
2373 3282 2606 3339 visionis
2649 3279 2861 3335 auctori
2909 3277 3178 3347 placuerit
3203 3285 3255 3330 te
3288 3276 3468 3331 redire

1887 3382 1952 3436 ad
1993 3396 2101 3434 me.
2150 3379 2427 3434 Cancrum
2472 3390 2574 3443 ego
2608 3373 2813 3427 misera
2856 3386 2962 3424 una
2997 3384 3123 3423 cum
3148 3368 3337 3423 liberis
3368 3383 3468 3422 na-

1884 3475 2078 3543 vigans
2108 3479 2400 3526 ventorum
2453 3467 2508 3523 vi
2556 3463 2819 3536 projicior
2848 3463 2902 3518 in
2939 3463 3056 3516 haec
3090 3460 3230 3524 loca,
3257 3471 3310 3514 et
3341 3462 3464 3516 navi

1886 3578 2050 3622 noctu
2091 3565 2356 3620 dissoluta
2383 3562 2436 3616 in
2464 3558 2810 3628 naufragium
2847 3555 3036 3610 incidi.
3064 3554 3316 3624 Cumque
3345 3568 3466 3607 om-

1887 3677 1986 3716 nes
2034 3660 2373 3722 interissent,
2415 3670 2526 3709 una
2570 3668 2671 3721 ego
2722 3649 2910 3704 infelix
2938 3689 2953 3714 ,
2995 3647 3208 3717 magnis
3261 3647 3466 3717 agitata

1888 3754 2169 3818 ﬂuctibus,
2201 3752 2254 3804 in
2288 3764 2482 3805 saxum
2513 3746 2687 3816 ejecta
2722 3759 2843 3798 sum
2876 3761 2888 3796 :
2921 3742 3010 3818 ubi
3053 3756 3179 3796 cum
3228 3739 3466 3794 infortu-

1889 3856 2016 3902 nata
2049 3845 2316 3910 sederem,
2349 3858 2447 3914 spe
2498 3837 2810 3908 reperiendi
2857 3846 3017 3890 natos
3044 3850 3196 3889 meos
3229 3834 3385 3890 vivos
3413 3836 3467 3888 in

1886 3940 2221 4012 profundum
2255 3952 2342 3991 me
2383 3950 2492 3989 non
2531 3931 2868 4003 praecipitavi
2905 3938 3058 3992 tunc,
3087 3928 3308 3997 quando
3347 3929 3469 3982 ani-

1888 4033 2285 4090 mum'habens
2313 4029 2522 4084 doloris
2573 4026 2832 4082 ﬂuctibus
2874 4021 3090 4078 ebrium
3123 4022 3230 4076 hoc
3279 4021 3466 4076 facere

1888 4127 2047 4183 facile
2075 4134 2342 4195 poteram.

1957 4285 2122 4342 XVII.
2168 4285 2370 4340 Verum
2419 4289 2709 4352 postquam
2763 4275 2884 4332 dies
2935 4282 3162 4330 exortus
3203 4280 3466 4338 est,cum

1889 4382 2128 4437 clamore
2166 4392 2366 4449 magno
2392 4385 2446 4430 et
2478 4371 2778 4428 miserabili
2811 4369 3020 4423 ululatu
3049 4363 3434 4433 circumSpicie

381 4454 743 4553 ταλαιπώρων
776 4454 1000 4554 βρεφῶν,
1020 4481 1090 4534 τά
1110 4454 1279 4553 νεκρά
1308 4454 1556 4553 σώματα.
1601 4481 1778 4552 Ἐλεή-

1891 4477 2038 4541 bam,
2071 4487 2321 4542 quaerens
2353 4468 2650 4523 infelicium
2689 4471 2944 4517 natorum
2969 4460 3257 4514 cadavera.
3294 4454 3464 4525 Igitur

195 4592 390 4638 σαντες
416 4571 508 4627 οὖν
539 4591 607 4645 με
635 4576 684 4626 οἱ
706 4573 1010 4645 ἐπιχώριοι,
1041 4576 1256 4646 γυμνὴν
1280 4575 1497 4638 ἰδόντες,
1530 4574 1786 4627 ἐνδύσαν-

190 4667 281 4730 τές
319 4685 388 4738 με
417 4667 481 4720 τὸ
521 4667 756 4738 πρῶτον,
788 4666 878 4718 τὸν
903 4666 1061 4735 βυθὸν
1093 4666 1427 4738 ἀνηρεύνων,
1458 4667 1526 4720 τά
1555 4666 1664 4738 ἐμά
1687 4664 1785 4737 ζη-

190 4761 412 4823 τοῦντες
452 4760 637 4812 τέκνα.
691 4761 799 4812 Καὶ
846 4760 968 4811 ἐπεὶ
1005 4759 1169 4830 μηδὲν
1204 4759 1463 4830 ηὕρισκον
1484 4762 1529 4791 ’³⁸
1554 4753 1628 4813 ὦν
1660 4761 1786 4831 ἐζή-

190 4871 341 4916 τουν,
373 4851 728 4923 παραμυθίας
759 4851 919 4923 χάριν
953 4852 1097 4914 τινὲς
1127 4851 1234 4904 τῶν
1266 4852 1560 4920 φιλοξένων
1590 4869 1785 4921 γυναι-

193 4948 302 5000 κῶν
331 4944 724 5018 προσελθοῦσαι
753 4944 1034 5015 διηγοῦντο
1063 4944 1266 5016 ἐκάστη
1292 4944 1360 4997 τὰ
1389 4945 1588 5014 ἑαυτῆς
1610 4943 1778 5007 κακά,

195 5041 278 5091 ἵνα
308 5041 377 5108 τῇ
403 5038 450 5068 ⁹⁹
477 5038 589 5089 τῶν
616 5037 818 5105 ὁμοίων
869 5037 1122 5106 συμφορᾷ
1152 5036 1506 5107 παραμυθίας
1543 5036 1711 5106 τύχω,
1748 5035 1777 5088 ὃ

191 5130 253 5199 δή
280 5147 350 5200 με
387 5128 588 5199 μᾶλλον
621 5127 832 5181 ἐλύπει.
863 5128 937 5181 Ού
972 5129 1082 5200 γὰρ
1106 5128 1242 5199 ἔφην
1265 5127 1407 5182 οὕτω
1438 5129 1600 5199 267
1632 5127 1778 5198 κακὴ

1891 4567 2244 4625 miseratione
2275 4560 2535 4618 commoti
2579 4557 2796 4620 incolae,
2831 4553 3034 4608 nudam
3087 4549 3294 4615 intuiti,
3335 4564 3461 4602 cum

1891 4665 2068 4731 primo
2101 4675 2188 4713 me
2216 4657 2546 4718 induissent,
2585 4649 2814 4706 scrutati
2859 4653 2987 4701 sunt
3041 4643 3210 4697 maris
3239 4640 3468 4711 profun-

1890 4755 2042 4820 dum,
2073 4750 2366 4822 quaerendo
2394 4755 2551 4800 natos
2580 4759 2754 4798 meos.
2795 4740 2860 4793 Et
2891 4739 3018 4808 quia
3053 4735 3187 4790 nihil
3220 4734 3465 4789 invenie-

1889 4847 2024 4900 bant
2051 4859 2244 4898 eorum
2285 4855 2409 4910 quae
2463 4835 2813 4907 indagabam,
2848 4828 3128 4884 nonnullze
3162 4825 3468 4895 hospitales

1889 4939 2146 4993 mulieres
2172 4931 2490 4990 consolandi
2523 4944 2610 4983 me
2638 4927 2810 4999 gratia
2839 4929 3211 4986 accesserunt,
3239 4927 3295 4974 et
3323 4933 3454 4972 suas

1886 5029 2113 5100 singula:
2159 5025 2493 5080 enarrabant
2548 5019 2822 5084 miserias,
2853 5025 2912 5070 ut
2941 5014 3204 5070 similium
3231 5010 3458 5066 calami—

1890 5133 1998 5177 tate
2024 5119 2281 5176 solatium
2319 5129 2571 5185 caperem
2603 5131 2616 5166 :
2651 5110 2799 5183 quod
2849 5123 2937 5162 me
2966 5107 3140 5177 magis
3169 5106 3469 5160 contrista-

1532 5238 1769 5295 νΑιιιΑΕ
1809 5233 2105 5291 LECTION
2112 5233 2212 5287 ES.

264 5341 311 5374 ⁸³
355 5339 522 5410 μόνην
689 5336 777 5410 73"
805 5336 1028 5390 δυνατοῦ
1101 5336 1245 5410 Epit.
1332 5338 1378 5368 ⁸⁵
1416 5335 1789 5410 ταλαιπωρίας

199 5406 433 5482 μήτεὈ
478 5406 565 5482 et
598 5409 764 5482 Epit"
803 5410 896 5482 μή
944 5410 1004 5482 (.1.
1070 5410 1149 5482 Δ⁸⁷
1186 5409 1272 5482 ἵνα
1306 5422 1435 5482 om.
1459 5480 1467 5482 ᾗ
1495 5406 1560 5482 0Σ

197 5475 438 5561 sta-nterii
481 5553 494 5561 .
529 5479 570 5509 ⁹¹
600 5475 749 5561 ἐμῶν
783 5475 936 5561 det-st
970 5481 1036 5561 lin
1061 5477 1268 5561 0.1m.“
1294 5475 1693 5561 ἀπορριφθεῖσα
1747 5475 1810 5528 0.

196 5552 324 5605 804.
399 5551 444 5621 ’ξ
468 5549 779 5621 ριπισθεῖσα
812 5549 934 5621 cod.
966 5548 1097 5614 Reg.
1130 5548 1267 5621 80$,
1299 5560 1350 5621 et

1657 5399 1702 5437 ⁵⁸
1727 5400 1982 5457 ὑποϐάλω
2028 5399 2092 5453 Ο.

1429 5542 1526 5616 ῂὶιζ
1561 5563 1609 5599 c.
1640 5547 1730 5598 84.
1803 5545 1853 5616 7"
1879 5543 1949 5596 τά
1979 5542 2184 5594 inserui
2210 5553 2259 5590 c.
2291 5542 2354 5616 υτ

195 5652 266 5661 ·“·-
289 5601 478 5692 γοερὰ“
504 5617 796 5692 κωκύουσα
830 5601 1211 5692 desiderantur
1240 5601 1290 5670 in
1323 5618 1387 5671 0.
1429 5601 1440 5616 ’
1464 5620 1508 5647 ³³
1548 5616 1678 5669 Vide
1702 5618 1768 5669 de
1799 5615 1902 5668 hoc
1931 5617 2221 5692 augmento
2247 5608 2352 5692 etsi
2397 5601 2694 5692 ~rarissimo

2019 5329 2065 5361 ⁸⁵
2095 5324 2392 5398 βουλομένη
2454 5319 2534 5380 S.,
2599 5315 2929 5388 βουλομένης
2984 5313 3046 5378 C,
3095 5310 3160 5365 Ο.
3226 5307 3469 5362 Subinde

2028 5399 2072 5440 n
2189 5399 2232 5429 κο
2265 5391 2631 5440 οὕτωςταῦτα
2654 5390 2714 5440 (1.
2815 5387 2858 5417 ⁹⁰
2913 5384 2970 5440 ἐξ
3018 5383 3186 5440 αὐτῆς
3235 5379 3279 5433 Ο
3330 5395 3466 5430 con-

1940 5420 1982 5453 ω
2028 5397 2102 5453 Οζ
2189 5399 2232 5429 ⁸⁸
2265 5397 2436 5454 οὔτως
2458 5397 2631 5443 ταυτα
2654 5397 2714 5441 ll.
2815 5397 2858 5417 "'
2913 5397 2970 5447 ες
3018 5399 3186 5451 αυτης
3235 5397 3279 5433 υ
3330 5397 3463 5430 60³³·

1940 5471 1986 5502 ⁸³
2017 5467 2338 5538 ναυφραγίῳ
2382 5454 3103 5538 (ἐκὸυιὺξιιιιυητξερξέπξσξγ
3159 5451 3279 5538 σφέα

2173 5527 2184 5590 i
2210 5520 2259 5590 οξ
2432 5533 2480 5568 ⁹⁶
2506 5530 2567 5582 τό
2594 5529 2650 5582 S.
2731 5526 2774 5558 ⁸⁷
2807 5520 2946 5595 Viro
2976 5523 3171 5595 ῥᾳδίως
3194 5520 3466 5595 ἐδυνάμην

2755 5589 3084 5648 ΙΑιὺυιΙάἱὼιι
3135 5590 3203 5642 ad
3260 5589 3468 5655 Phry".

199 5709 250 5758 ιι.
294 5657 418 5746 inti:
448 5692 506 5746 ὃ.
534 5688 785 5758 εὕρισκον
829 5688 872 5740 υ
925 5700 971 5744 et
1033 5687 1168 5757 Epit.
1225 5691 1266 5722 9-'
1308 5659 1387 5760 cf].
1434 5657 1677 5756 ascripsi
2243 5657 2544 5746 asperam
2591 5686 2654 5739 με
2689 5669 2748 5723 C.
2785 5666 2960 5720 Etiam
2997 5664 3050 5718 in
3083 5659 3223 5730 Epit.
3249 5659 3277 5712 ὂ
3322 5657 3384 5730 δή
3411 5674 3466 5727 p.

197 5763 327 5817 ὅδὲ.
