3860 6210
424 295 534 351 515

1256 304 1317 361 S.
1357 304 1795 362 CLEMENTISI
1830 308 1995 364 ROM.
2040 309 2238 364 PONT.
2283 311 2511 365 OPERA
2549 312 2774 369 DUBIA.

3575 318 3693 374 5l6

422 409 517 464 bat
551 427 563 464 :
601 407 718 464 Non
754 410 924 479 enim,
958 414 1298 491 inquiebam,
1324 422 1461 477 adeo
1493 424 1634 477 mala
1665 440 1811 491 sum,
1841 436 1902 482 ut
1931 442 1999 481 ex

2102 422 2261 488 εἶναι,
2276 428 2350 489 ὡς
2376 429 2445 459 ¹⁰⁰
2467 432 2584 491 ταῖς
2604 429 2778 483 ἄλλων
2798 434 3102 504 συμφοραῖς
3127 432 3479 503 παραμυθίας
3509 433 3685 504 τύχω.

423 503 655 557 aliorum
687 506 1094 565 calamitatibus
1145 514 1578 570 consolationem
1607 519 1896 588 accipiam.
1935 520 2001 576 Et

423 613 547 649 cum
573 612 660 651 me
687 600 870 653 multae
894 600 1133 671 hospitio
1149 616 1409 673 cuperent
1434 609 1696 677 recipere,
1723 624 1831 665 una
1851 627 2003 681 quaa-

422 686 549 741 dam
581 693 909 759 paupercula
940 693 1029 749 hic
1055 696 1327 763 ;habitans
1355 703 1584 755 extorsit
1613 703 1746 757 mihi
1779 706 1999 775 tugurio

422 779 543 847 ejus
565 781 878 848 succedere,
895 785 1081 842 dicens
1104 807 1116 840 :
1141 787 1395 858 Confide,
1416 794 1614 848 mulier
1638 814 1651 849 :
1684 799 1885 852 etenim
1914 800 2001 853 vir

424 886 603 937 meus,
659 874 824 930 homo
871 885 1059 945 nauta,
1090 880 1145 934 in
1176 883 1314 936 mari
1346 885 1529 941 adhuc
1557 887 1781 956 juvenis
1826 892 1993 946 obiit:

424 972 588 1032 atque
617 980 681 1019 ex
715 980 781 1021 eo
812 968 921 1032 die,
957 972 1210 1039 quamvis
1239 976 1397 1029 multi
1426 994 1513 1033 me
1542 980 1897 1037 sollicitarint
1928 985 1997 1040 ad

423 1056 664 1123 nuptias,
694 1073 795 1128 ego
836 1060 1112 1118 desiderio
1152 1064 1253 1119 viri
1299 1069 1405 1123 mei
1443 1071 1612 1125 malui
1644 1073 1699 1127 in
1732 1076 1999 1133 viduitate

423 1159 603 1213 agere.
641 1147 817 1204 Erunt
844 1167 976 1223 ergo
1006 1160 1345 1227 communia,
1378 1176 1721 1235 quaecunque
1743 1169 1999 1225 manibus

421 1252 667 1306 quaerere
696 1244 1037 1311 poterimus.-

492 1329 682 1386 XVlll.
724 1332 789 1388 Et
843 1352 912 1391 ne
941 1338 1101 1409 longa
1159 1356 1224 1397 ac
1270 1343 1456 1400 minus
1518 1348 1636 1401 utili
1685 1354 1998 1410 narratione

422 1432 566 1489 utar,
607 1426 842 1481 habitari
872 1444 996 1484 cum
1038 1447 1123 1498 ea,
1153 1445 1376 1504 propter
1422 1454 1665 1495 amorem
1710 1445 1832 1513 ejus
1867 1463 1997 1518 erga

423 1517 703 1572 maritum.
739 1519 851 1575 Sed
884 1539 993 1576 non
1027 1526 1200 1580 multo
1252 1538 1373 1596 post
1418 1532 1552 1586 mihi
1602 1534 1810 1591 infelici
1853 1517 1999 1595 lace-

420 1617 553 1663 ratae
585 1613 865 1669 morsibus
912 1618 1168 1673 resoluta
1200 1630 1327 1675 sunt
1351 1638 1568 1692 manus,
1604 1627 1692 1681 illa
1721 1646 1848 1684 vero
1872 1648 1997 1701 qua:

422 1716 508 1753 me
541 1714 878 1773 susceperat,
922 1716 1037 1762 tota
1091 1712 1286 1766 morbo
1338 1717 1577 1783 quodam
1624 1734 1889 1791 occupata
1941 1734 1996 1778 et

420 1792 674 1863 colligata
704 1797 850 1851 domi
874 1799 1040 1868 jacet.
1075 1802 1346 1867 Quoniam
1378 1823 1508 1877 ergo
1540 1811 1851 1877 mulierum,
1871 1832 1993 1885 qua:

420 1884 573 1952 prius
606 1887 1031 1957 miserabantur,
1064 1894 1308 1963 elanguit
1331 1898 1577 1967 affectus,
1597 1918 1662 1956 ac
1690 1918 1793 1974 ego
1818 1884 1991 1963 etilla

418 1976 607 2031 clausa
646 1979 795 2034 domi
830 1985 1004 2039 ambae
1048 1986 1257 2043 debiles
1294 1998 1347 2043 et
1382 1994 1721 2049 calamitosae
1774 2013 1989 2068 sumus,

416 2083 483 2122 ex
514 2071 687 2125 multo
716 2082 960 2144 tempore
991 2078 1100 2143 hic,
1138 2090 1197 2134 ut
1223 2083 1394 2151 vides,
1430 2087 1617 2153 sedeo,
1654 2091 1853 2160 stipem
1894 2109 1990 2163 pe-

418 2168 558 2227 tens,
590 2172 663 2230 et,
714 2166 760 2220 si
810 2168 941 2236 quid
997 2169 1138 2226 forte
1190 2188 1477 2245 accepero,
1516 2182 1681 2236 etiam
1735 2187 1801 2239 ad
1840 2187 1989 2243 illam

418 2254 619 2321 pariter
646 2258 902 2313 miseram
952 2262 1019 2316 ad
1051 2265 1234 2319 cibum
1268 2268 1475 2324 defero.
1512 2274 1690 2343 Atque
1720 2277 1990 2337 hactenus

417 2360 551 2399 mere
586 2349 805 2417 quidem
855 2368 943 2407 res
990 2356 1325 2413 sufﬁcienter
1353 2372 1483 2417 sunt
1513 2366 1692 2422 dieue.
1731 2369 1811 2425 Tu
1842 2392 1989 2432 nunc

413 2438 544 2505 quid
567 2442 802 2495 moraris
832 2443 1057 2514 implere
1087 2450 1231 2517 quod
1264 2456 1619 2525 promiseras,
1652 2469 1704 2515 te
1728 2462 1989 2522 daturum

412 2529 792 2587 medicamen?
811 2550 922 2604 quo
944 2539 1108 2592 etiam
1140 2540 1214 2593 illi
1243 2544 1453 2600 obitum
1480 2552 1718 2619 cupienti
1752 2560 1987 2627 tradam,

409 2632 464 2673 et
500 2623 581 2677 sic
608 2639 709 2695 ego
739 2643 961 2698 quoque
991 2633 1223 2701 possim,
1273 2646 1333 2691 ut
1383 2640 1488 2707 ais,
1517 2643 1683 2699 vitam
1739 2663 1985 2707 commu-

411 2723 545 2770 tare.

476 2807 620 2865 XIX.
660 2810 786 2868 Haec
817 2814 1033 2873 dicente
1068 2822 1321 2891 muliere,
1372 2826 1569 2884 Petrus
1613 2833 1786 2890 multa
1832 2840 1980 2911 cogi-

407 2901 615 2957 tatione
641 2913 788 2961 stare
820 2924 1122 2979 suspensus
1152 2917 1461 2975 videbatur.
1501 2922 1565 2977 Et
1589 2939 1690 2995 ego
1726 2901 1985 2999 superve-

407 2992 565 3048 niens
600 2994 875 3067 :Dudum,
908 3002 1156 3073 inquam,
1187 3024 1283 3078 per
1310 3013 1496 3068 omnia
1517 3016 1634 3071 loca
1661 3020 1983 3081 discurrens

2102 518 2212 572 Kal
2251 519 2314 589 δὴ
2336 521 2416 582 εἰς
2468 520 2645 587 ξενίαν
2675 523 2885 577 πολλῶν
2931 542 2997 595 με
3030 525 3186 593 ἄγειν
3217 524 3484 590 ἀξιουσῶν
3510 525 3551 589 ⁸,
3584 530 3688 596 μία

2100 626 2185 672 τις
2212 611 2321 663 τῶν
2350 613 2581 667 ἐνταῦθα
2604 616 2833 686 πενιχρά
2863 616 2996 670 πολὺ
3030 617 3329 688 βιασαμένη
3357 621 3437 682 εἰς
3460 618 3527 671 τὸ
3558 621 3689 671 ἐαυ·

2099 703 2200 772 τῆς
2222 704 2397 757 ἐλθεῖν
2420 707 2697 775 ἠνάγκασε
2724 709 3009 779 σκήνωμα,
3044 708 3273 762 εἰποῦσά
3296 726 3385 779 μοι
3405 726 3417 739 ’
3447 709 3683 781 Θάῤῥει,

2101 796 2281 863 γύναι,
2309 799 2403 850 καὶ
2429 798 2537 870 γὰρ
2565 801 2595 851 6
2626 799 2756 869 ἐμὸς
2786 801 2926 870 ἀνὴρ
2960 801 3161 871 ναύτης
3189 800 3265 854 ὢν
3298 801 3439 854 κατά
3470 802 3681 855 θάλασ-

2102 905 2201 941 σαν
2219 891 2238 919 ¹
2266 889 2551 960 τέθνηκεν,
2581 893 2638 943 ἐν
2657 895 2724 963 τῇ
2756 890 3018 963 νεαζούσῃ
3039 895 3321 963 τυγχάνων
3344 894 3563 965 ἡλικίᾳ·
3587 896 3681 947 καὶ

2101 979 2308 1045 ἔκτοτε,
2331 982 2539 1036 πολλῶν
2568 1001 2633 1053 με
2661 983 2973 1050 ἀξιούντων,
2992 986 3127 1056 πρὸς
3146 986 3322 1056 γάμον
3346 984 3455 1053 ἐγὼ
3472 986 3679 1056 χηρεύ-

2100 1091 2179 1127 ειν
2203 1074 2444 1147 εἱλόμην,
2473 1076 2566 1128 τὸν
2594 1075 2726 1145 ἐμὸν
2766 1075 3006 1128 ποθοῦσα
3029 1077 3216 1147 ἄνδρα.
3248 1077 3520 1129 Ἔσταιδέ
3546 1078 3679 1147 ἡμῖν

2100 1167 2254 1220 κοινά
2275 1166 2310 1221 ὃ.
2335 1167 2423 1221 διά
2448 1167 2643 1239 χειρῶν
2668 1168 2975 1240 ἀμφότεραι
3002 1168 3244 1239 πορίζειν
3268 1168 3569 1241 δυνάμεθα.

2169 1348 2356 1402 XVIII.
2378 1352 2487 1402 Kal
2509 1351 2594 1403 ἵνα
2626 1352 2698 1421 μή
2729 1368 2808 1403 σοι
2836 1352 3061 1421 μηκύνω
3082 1351 3207 1413 τοὺς
3221 1350 3320 1403 οὐκ
3345 1350 3676 1419 ἀναγκαίους

2100 1440 2309 1510 λόγους,
2342 1443 2630 1513 συνῴκησα
2659 1444 2794 1513 αὐτῇ
2820 1443 2906 1495 διά
2930 1444 3027 1513 τὴν
3053 1442 3385 1513 φιλανδρίαν.
3415 1443 3527 1496 Kal
3556 1446 3674 1513 μετ’

2100 1535 2159 1587 οὐ
2190 1536 2321 1588 πολὺ
2343 1534 2477 1605 ἐμοῦ
2501 1536 2601 1605 τῆς
2626 1534 2970 1607 ταλαιπώρου
2998 1536 3054 1587 αἱ
3083 1538 3263 1606 χεῖρες
3288 1536 3391 1587 ὑπὸ
3413 1536 3521 1587 τῶν
3546 1536 3676 1606 δηγ-

2103 1627 2286 1697 μάτων
2312 1628 2332 1658 ³
2381 1628 2737 1699 παρείθησαν,
2789 1628 2883 1680 καὶ
2922 1629 2954 1697 ή
3003 1627 3373 1697 ὑποδεξαμένη
3407 1644 3473 1696 με
3499 1628 3669 1697 γυνὴ,

2099 1720 2192 1791 ὅλη
2223 1719 2326 1772 ὑπὸ
2350 1720 2554 1782 πάθους
2572 1721 2717 1783 τινὸς
2741 1719 3071 1781 συνδεθείσα,
3088 1720 3178 1770 ἐπὶ
3199 1718 3300 1788 τῆς
3321 1718 3497 1780 οἰκίας
3526 1717 3673 1788 ἐρρι-

2096 1830 2244 1865 πται.
2277 1814 2425 1865 Ἐπεὶ
2439 1809 2528 1864 οὖν
2547 1814 2574 1864 6
2596 1813 2702 1865 τῶν
2728 1813 2892 1865 πάλαι
2915 1810 3184 1878 γυναικῶν
3206 1810 3351 1873 ἕλεος
3374 1811 3670 1881 παρήκμα-

2100 1923 2210 1969 σεν,
2258 1905 2368 1975 ἐγὼ
2407 1906 2463 1958 δὲ
2509 1908 2602 1959 καὶ
2646 1908 2678 1975 ἡ
2730 1908 2848 1958 κατ’
2878 1900 3026 1959 οἷκον
3067 1904 3371 1977 ἀμφότεραι
3414 1906 3671 1965 ἐπισινεῖς

2095 1999 2453 2069 τυγχάνομεν,
2490 2000 2554 2050 ὲκ
2597 1997 2806 2051 πολλῶν
2849 1997 3055 2068 χρόνων
3093 1994 3346 2061 ἐνταῦθα,
3396 1994 3474 2058 ὡς
3516 1996 3666 2065 ὁρᾷς,

2097 2092 2395 2162 καθέζομαι
2440 2091 2834 2162 προσαιτοῦσα,
2864 2091 2958 2143 καὶ
2997 2084 3072 2143 ὧν
3126 2089 3190 2142 ἂν
3218 2090 3505 2159 εύπορησω
3530 2088 3552 2119 ⁸
3578 2087 3667 2139 καὶ

2093 2186 2158 2253 τῇ
2186 2182 2613 2253 συνταλαιπώρῳ
2638 2184 2659 2213 ⁸
2690 2184 2769 2245 είς
2802 2182 3011 2251 τροφὰς
3038 2182 3266 2251 κομίζω.
3301 2183 3410 2235 Kal
3452 2180 3521 2233 τά
3568 2181 3665 2250 μὲν

2094 2274 2201 2344 ἐμά
2228 2276 2319 2328 ἐπὶ
2355 2275 2606 2328 τοσοῦτον
2643 2276 2931 2345 αὐτάρκως
2957 2274 3213 2345 εἰρήσθω.
3242 2274 3443 2327 Λοιπὸν
3470 2274 3534 2325 σὺ
3562 2291 3665 2325 κω-

2093 2365 2238 2429 λύεις
2262 2367 2281 2397 θ
2305 2367 2403 2437 τὴν
2434 2367 2724 2437 ὑπόσχεσιν
2752 2366 3039 2437 πληρῶσαι
3079 2366 3174 2418 τοῦ
3207 2364 3389 2417 δοῦναι
3434 2365 3496 2417 τὸ
3524 2365 3661 2435 φάρ-

2096 2474 2301 2528 μακον;
2330 2459 2478 2521 ὅπως
2515 2459 2738 2529 γάκείνῃ
2764 2457 3101 2528 ἐπιθυμούσῃ
3131 2458 3311 2510 θανεῖν
3335 2457 3431 2519 δῶ,
3457 2457 3551 2509 καὶ
3574 2455 3662 2508 οῖ’)⁴

2091 2566 2198 2613 τως
2223 2551 2377 2619 κάγὼ
2398 2550 2490 2603 τοῦ
2516 2549 2635 2622 ζῇν,
2651 2551 2725 2613 ὡς
2751 2550 2907 2621 ἔφης,
2940 2550 3264 2622 μεταλλάξαι
3291 2549 3520 2621 δυνηθῶ.

2158 2838 2301 2894 XIX.
2344 2838 2527 2893 Ταῦτα
2553 2840 2652 2910 τῆς
2672 2839 2927 2909 γυναικὸς
2950 2840 3230 2911 εἰπούσης,
3258 2839 3364 2891 ὑπὸ
3389 2837 3657 2907 λογισμῶν

2091 2933 2300 2987 πολλῶν
2330 2933 2358 2984 6
2393 2934 2595 3004 Πέτρος
2642 2934 2807 3004 268
2853 2933 3124 3003 μετέωρος
3169 2931 3345 2985 ἐδόκει
3391 2930 3653 2982 ἵστασθαι.

2103 3026 2244 3097 Ἐγὼ
2281 3028 2338 3081 δέ
2374 3026 2616 3080 ἐπελθὼν
2644 3026 2781 3096 ἔφην
2806 3043 2818 3056 °
2864 3027 2957 3079 Ἐκ
2981 3024 3176 3078 πολλοῦ
3206 3042 3265 3077 σε
3301 3023 3658 3094 περιερχόμε-

405 3087 716 3152 quaerebam
747 3099 798 3145 te
832 3102 924 3148 :et
971 3113 1137 3165 nunc,
1190 3102 1324 3170 quid
1374 3106 1622 3175 agimus?
1663 3111 1734 3165 At
1777 3111 1977 3171 Petrus

2094 3087 2185 3184 νος,
2222 3119 2403 3191 ζητῶ·
2452 3119 2549 3173 xal
2593 3119 2661 3172 τά
2688 3087 2797 3172 ’νύν
2840 3118 2892 3169 τί
2938 3116 3236 3188 ποιοῦμεν;
3276 3116 3332 3169 '0
3456 3087 3657 3186 Πέτρος

404 3181 662 3250 praecepit
707 3184 863 3252 mihi,
901 3198 958 3242 ut
998 3190 1065 3244 ad
1097 3193 1412 3249 naviculum
1460 3202 1848 3272 praecederem,
1880 3206 1984 3262 ibi-

402 3288 512 3343 que
551 3275 703 3330 illum
743 3282 1039 3349 opperirer.
1090 3283 1157 3339 Et
1202 3287 1332 3356 quia
1364 3294 1671 3349 contradici
1724 3298 1775 3353 ei
1809 3299 1982 3370 impe-

403 3367 549 3420 ranti
589 3384 699 3422 non
732 3378 1132 3444 poterat,quod
1160 3378 1331 3448 jussit
1358 3383 1483 3439 feci.
1513 3384 1631 3455 Ipse
1652 3404 1805 3457 vero,
1837 3367 1983 3448 sicut

403 3461 538 3514 mihi
571 3471 773 3517 cuncta
813 3468 1091 3533 posterius
1142 3476 1439 3543 enarravit,
1489 3482 1806 3548 suspicione
1840 3502 1980 3556 qua-

402 3554 526 3607 dam
550 3555 754 3623 exigua
778 3559 944 3613 corde
974 3562 1227 3630 pulsatus
1264 3567 1642 3640 interrogabat
1672 3554 1979 3648 mulierem,

400 3648 591 3702 dicens
624 3667 635 3702 :
665 3648 829 3703 Refer
871 3652 1027 3717 mihi,
1060 3654 1283 3725 femina,
1315 3677 1487 3731 genus
1516 3675 1569 3719 et
1612 3668 1885 3726 civitatem
1919 3690 1983 3729 ac

399 3742 639 3795 ﬁliorum
673 3744 915 3811 nomina,
967 3754 1022 3801 et
1072 3747 1187 3817 jam
1238 3753 1701 3814 medicamentum
1749 3764 1848 3819 tibi
1883 3768 1975 3822 do.

398 3836 469 3889 At
501 3834 589 3889 illa
620 3837 730 3892 vim
770 3839 1049 3897 sustinens
1080 3858 1258 3913 neque
1287 3849 1477 3904 volens
1524 3851 1730 3909 referre
1760 3865 1814 3911 et
1861 3875 1979 3914 me-

397 3930 693 3983 dicamenti
737 3933 1040 4001 accipiendi
1075 3939 1270 4006 cupida
1325 3941 1484 3998 tinxit
1532 3945 1638 4000 alia
1694 3965 1794 4017 pro
1832 3952 1976 4019 aliis,

395 4033 452 4077 et
478 4024 574 4089 ait,
612 4039 671 4079 se
701 4025 921 4093 quidem
949 4042 1073 4083 esse
1122 4028 1440 4104 Ephesiam,
1467 4038 1645 4093 virum
1679 4052 1862 4099 autem
1898 4045 1981 4101 Si—

396 4120 604 4185 culum,
637 4119 729 4173 sed
754 4128 808 4174 et
839 4121 1077 4177 ﬁliorum
1107 4128 1332 4183 nomina
1360 4132 1614 4188 similiter
1640 4135 1974 4194 immutavit.

397 4214 538 4267 Tum
569 4212 786 4280 Petrus,
811 4216 1135 4274 existimans
1164 4236 1286 4275 eam
1321 4240 1511 4279 verum
1538 4230 1808 4299 proferre,
1842 4235 1919 4289 ait
1953 4254 1966 4289 :

397 4308 541 4363 lleu!
574 4309 789 4375 mulier,
814 4313 1069 4380 putabam
1102 4315 1309 4384 grande
1339 4318 1559 4388 aliquod
1583 4324 1841 4391 gaudium
1877 4326 1979 4381 ho-

393 4405 585 4459 dierno
634 4405 723 4461 die
770 4423 858 4462 me
890 4419 1331 4480 apportaturum,
1380 4417 1707 4485 suspicabar
1735 4420 1882 4475 enim
1922 4435 1975 4476 te

392 4514 516 4555 esse
564 4502 856 4568 quamdam
890 4504 1196 4571 mulierem,
1228 4522 1395 4576 quam
1426 4510 1749 4577 sentiebam,
1782 4515 1972 4584 cujus-

393 4610 500 4663 que
536 4609 623 4647 res
651 4596 832 4649 audivi
865 4607 919 4651 et
954 4598 1123 4667 probe
1153 4599 1301 4653 novi.
1328 4597 1399 4653 At
1430 4600 1516 4654 illa
1544 4604 1854 4673 adjurabat,
1889 4608 1975 4661 di-

391 4704 555 4743 cens:
585 4686 759 4760 Rogo,
785 4690 916 4743 mihi
945 4690 1169 4757 referas,
1192 4702 1249 4747 ut
1269 4694 1462 4759 sciam,
1497 4711 1567 4749 an
1595 4698 1667 4751 sit
1694 4699 1801 4754 ulla
1834 4700 1975 4755 inter

394 4782 654 4834 mulieres
688 4796 774 4834 me
798 4780 1087 4838 infelicior.

464 4873 583 4926 XX.
632 4874 770 4929 Tum
826 4871 1025 4931 Petrus
1061 4877 1280 4931 mentiri
1314 4878 1565 4935 nesciens
1597 4896 1711 4951 pra:
1740 4884 1972 4940 misera-

390 4967 541 5023 tione
566 4982 694 5037 erga
719 4966 866 5021 illam
898 4983 1088 5022 verum
1121 4970 1287 5038 coepit
1307 4971 1487 5026 dicere
1514 4990 1527 5026 :
1554 4971 1651 5028 Est
1683 4990 1815 5029 sane
1844 4978 1970 5045 qui-

390 5060 516 5114 dam
545 5059 885 5123 adolescens,
920 5069 1164 5116 sectator
1210 5078 1388 5129 meus,
1430 5065 1644 5133 piorum
1681 5067 1970 5137 religioso-

394 5167 627 5221 rumque
659 5167 976 5206 sermonum
1008 5154 1241 5222 cupidus
1274 5164 1327 5209 et
1357 5156 1641 5212 Romanus
1674 5158 1832 5224 civis,
1870 5163 1965 5231 qui

391 5247 529 5302 mihi
569 5246 835 5313 narravit,
866 5248 1015 5317 quod
1055 5258 1264 5318 patrem
1305 5249 1560 5306 imbuerit
1615 5260 1671 5307 et
1698 5252 1840 5311 duos
1872 5270 1967 5325 ge~

2087 3211 2387 3285 προσέταξέ
2417 3229 2508 3283 μοι
2534 3210 2833 3283 προάξαντι
2862 3210 3042 3280 μένειν
3073 3209 3235 3262 αὐτὸν
3281 3208 3372 3261 ἐπὶ
3406 3205 3500 3259 τοῦ
3529 3206 3661 3259 σκά-

2086 3323 2236 3375 φους.
2266 3306 2375 3357 Kal
2400 3305 2588 3375 ἐπειδὴ
2616 3305 2892 3356 ἀντειπεῖν
2912 3303 3013 3355 οὐκ
3040 3298 3107 3373 ἦν
3149 3299 3298 3371 αὐτῷ
3322 3298 3659 3362 κελεύσαντι,

2085 3399 2314 3469 ἐποίησα
2333 3397 2394 3450 τδ
2419 3395 2779 3469 προσταχθέν.
2823 3397 2880 3449 '0
2898 3396 2955 3449 δὲ
2980 3395 3186 3465 Πέτρος
3210 3394 3381 3464 μικρᾷ
3399 3409 3504 3445 τινι
3530 3392 3665 3443 ὑπο-

2082 3491 2201 3562 ψίᾳ,
2230 3491 2304 3553 ὡς
2348 3490 2510 3553 αὐτός
2540 3506 2628 3560 μοι
2665 3488 2843 3541 πάντα
2882 3487 3104 3559 ὕστερον
3127 3486 3443 3556 διηγήσατο,
3468 3483 3665 3536 παλλό-

2088 3601 2246 3655 μενος
2270 3582 2367 3653 τὴν
2396 3582 2625 3653 καρδίαν
2666 3581 2995 3633 ἐπυνθάνετο
3009 3579 3113 3649 τῆς
3139 3578 3427 3648 γυναικὸς,
3452 3576 3625 3644 λέγων
3642 3593 3659 3605 ·

2083 3675 2219 3731 Εἰπέ
2250 3692 2361 3745 μοι,
2388 3674 2567 3743 γύναι,
2594 3674 2653 3726 τὸ
2700 3672 2855 3741 γένος
2880 3673 2974 3725 καὶ
2996 3671 3096 3740 τὴν
3123 3670 3277 3723 πόλιν
3305 3670 3400 3723 καὶ
3438 3668 3548 3721 τῶν
3569 3667 3660 3719 τέ-

2083 3784 2224 3822 κνων
2249 3768 2318 3821 τά
2343 3767 2603 3836 ὀνόματα,
2644 3767 2739 3819 καὶ
2782 3764 2883 3836 ἤδη
2932 3762 3128 3833 δίδωμί
3156 3778 3236 3814 σοι
3264 3761 3323 3814 τὸ
3345 3759 3657 3829 φάρμακον.

2094 3861 2157 3912 Ἦ
2176 3860 2254 3923 δέ,
2285 3858 2403 3929 βίαν
2424 3859 2706 3927 πάσχουσα
2727 3856 3003 3909 καὶείπεῖν
3016 3855 3076 3907 οὐ
3100 3853 3347 3914 Θέλουσα,
3368 3851 3497 3903 τὸδὲ
3517 3852 3665 3923 φάρη

2085 3968 2257 4022 μακον
2276 3950 2463 4003 λαϐεῖν
2484 3947 2852 4019 ἐπιθυμοῦσα,
2875 3946 3166 4015 ἐσοφίσατο
3188 3944 3319 3998 ἄλλα
3340 3944 3459 3997 ἀντὶ
3483 3943 3663 3998 ἄλλων

2080 4045 2256 4096 εἰπεῖν
2278 4058 2289 4072 ⁸
2323 4041 2417 4094 καὶ
2440 4040 2591 4111 ὁμῶς
2618 4039 2741 4109 ἔφη,
2770 4039 2941 4109 αὐτὴν
2961 4037 3059 4108 μὲν
3098 4036 3351 4105 Ἐφεσίαν
3378 4031 3536 4097 εἶναι,
3567 4036 3661 4089 τὸν

2081 4138 2137 4190 δέ
2163 4137 2333 4206 ἄνδρα
2356 4134 2595 4195 Σικελὸν,
2622 4132 2773 4202 ὁμῶς
2800 4133 2894 4185 καὶ
2919 4129 3027 4183 τῶν
3053 4129 3220 4200 τριῶν
3234 4128 3440 4182 τέκνων
3462 4128 3662 4199 ἢλλαξε

2079 4229 2148 4281 τά
2177 4228 2435 4299 ὀνόματα.
2466 4226 2576 4278 Kal
2601 4226 2628 4277 6
2656 4224 2881 4293 Πέτρος,
2909 4223 3135 4293 νομίσας
3157 4221 3323 4293 αὐτὴν
3347 4221 3659 4291 ἀληθεύειν,

2079 4321 2200 4391 ἔφη’
2231 4321 2406 4390 Οἴμοι,
2433 4319 2613 4388 γύναι,
2640 4312 2885 4387 ἐνόμιζον
2913 4315 3152 4386 μεγάλην
3187 4316 3306 4371 τινὰ
3346 4314 3521 4385 χαράν
3559 4314 3662 4387 τὴν

2082 4407 2147 4485 εἶή
2159 4429 2322 4484 μερον
2350 4412 2503 4480 ἄγειν
2524 4410 2761 4481 ἡμέραν,
2795 4407 3141 4470 ὑποπτεύσας
3166 4404 3224 4458 σέ
3251 4422 3371 4457 τινα
3397 4400 3557 4469 εἶναι,
3591 4408 3659 4475 ἣν

2079 4507 2347 4578 ἐνόμιζον,
2373 4501 2441 4577 ἦς
2472 4506 2542 4558 τά
2565 4504 2867 4576 πράγματα
2904 4499 3407 4571 ἀκούσαςάκριϐῶς
3430 4499 3658 4551 ἐπίστα-

2083 4618 2199 4671 μαι.
2238 4601 2301 4653 Ἠ
2327 4599 2384 4652 δὲ
2419 4597 2680 4669 ἐξώρκιζε
2722 4597 2981 4664 λέγουσα’
3009 4592 3230 4662 Δέομαι,
3258 4591 3380 4643 εἰπέ
3422 4608 3534 4661 μοι,
3569 4592 3658 4645 ἵνα

2078 4695 2203 4748 εἰδῶ
2235 4696 2282 4746 εἰ
2306 4692 2420 4745 ἔστι
2444 4708 2527 4755 τις
2555 4692 2612 4743 ἐν
2638 4687 2881 4759 γυναιξὶν
2908 4680 3387 4779 ἀθλιωτέρα-ἐμοῦ.

2142 4888 2263 4943 XX.
2280 4889 2388 4941 Kal
2410 4889 2438 4941 6
2460 4888 2686 4959 Πέτρος,
2702 4886 2985 4957 ψεύδεσθαι
3008 4885 3107 4938 οὐκ
3134 4883 3309 4947 εἰδὼς,
3340 4881 3444 4936 ὑπὸ
3468 4882 3656 4946 ἐλέους

2071 4983 2166 5036 τοῦ
2199 4983 2335 5055 πρὸς
2368 4984 2538 5054 αὐτὴν
2569 4982 2630 5034 τὸ
2671 4980 2868 5051 ἀληθὲς
2893 4978 3069 5048 λέγειν
3111 4968 3345 5047 ἣρξατο·
3390 4973 3541 5045 Ἐμοί
3568 4991 3657 5037 τις

2069 5075 2260 5129 λοιπὸν
2303 5075 2405 5146 ἤδη
2431 5076 2451 5107 ⁷
2478 5074 2697 5136 νεανίας
2737 5072 2813 5126 ὣν
2846 5071 3171 5142 παρέπεται,
3197 5068 3304 5120 τῶν
3326 5066 3428 5136 τῆς
3468 5066 3656 5119 θεοσε-

2070 5168 2221 5232 ϐείας
2243 5169 2567 5240 ὀρεγόμενος
2592 5167 2786 5236 λόγων,
2814 5164 3097 5235 Ῥωμαίων
3119 5162 3380 5233 ὑπάρχων
3402 5160 3650 5232 πολίτης,

2068 5261 2219 5325 ὅστις
2241 5279 2330 5331 μοι
2357 5261 2652 5332 διηγήσατο
2669 5259 2711 5323 ⁸,
2728 5258 2864 5323 πῶς,
2882 5256 3091 5327 πατέρα
3110 5255 3247 5326 ἔχων
3272 5254 3365 5308 καὶ
3386 5253 3651 5323 ἀδελφοὺς

1696 5438 1933 5497 ἾΑῐὶΙΑΞ
1974 5441 2265 5498 LECTION
2271 5443 2371 5497 ES.

461 5562 527 5595 ¹⁹⁰
567 5563 713 5663 έξςρ
759 5575 910 5653 (εί-,εκ
944 5566 1176 5663 (ξοηίθξίο
1199 5566 1283 5663 οη,
1307 5570 1908 5663 illCll].lfPKlll‘deest.n
1955 5573 2247 5663 "agsoﬁaw
2276 5578 2341 5633 Ο.
2391 5649 2405 5658 .
2495 5579 2765 5663 θάλατταν
2788 5578 2882 5663 0..
2957 5579 2978 5610 ³
3014 5576 3390 5663 δειγμάτωνρ

1822 5653 1841 5682 δ
1875 5645 1927 5699 5η
1972 5644 2101 5717 Leg.
2138 5649 2191 5705 τί
2225 5666 2279 5703 σε
2311 5649 2524 5703 κωλύει.
2557 5650 2669 5706 Gl'r.
2705 5667 2754 5705 c.
2788 5666 2838 5719 g.
2870 5650 3019 5706 bom.
3056 5644 3174 5717 xiii,
3295 5650 3433 5718 Epit.
3478 5648 3642 5702 habet

387 5630 431 5685 0
498 5637 731 5705 (ε.1ἰιιὶῑ.,
782 5630 1136 5712 εὐφορήσῴϐ
1236 5630 1614 5712 (ταλαιπώρῳ
1647 5642 1711 5698 0.

391 5703 453 5755 σὺ
493 5705 567 5774 μὴ
596 5703 866 5779 κωλύσῃς.
918 5703 1088 5779 ’⁷’ῆδη
1119 5709 1311 5765 0211.0.
1392 5712 1411 5744 ⁸
1441 5703 1699 5783 διηγεῖται
1730 5714 1791 5769 (ἶ.

2438 5581 2457 5609 ¹
2495 5579 2765 5631 θάλατταν
2788 5578 2854 5633 0.
2957 5579 2978 5610 ³
3014 5578 3319 5648 δειγμάτων
3344 5576 3409 5631 Ο.
3509 5575 3533 5607 δ
3563 5575 3639 5629 Ita
