3860 6210
225 231 342 286 517

1383 229 1844 287 CLEMENTINA.
1884 259 1958 273 —
1995 231 2280 288 IIOMILIA
2316 231 2432 288 XII.

3398 233 3503 290 518

218 350 324 404 δύο
341 348 624 423 διδύμους,
653 348 847 404 οὐδένα
869 349 1075 403 τούτων
1112 349 1231 421 ὁρᾷ.
1263 349 1339 402 Ἥ
1381 366 1443 402 τε
1469 348 1579 421 γὰρ
1613 351 1791 421 μήτηρ

1926 349 2106 405 minos
2137 348 2356 418 fratres,
2386 365 2454 406 ex
2473 349 2676 422 quibus
2707 349 2894 407 nullus
2919 347 2969 404 ei
2995 353 3332 418 compareat.
3364 343 3499 398 Nam

214 444 417 513 φησὶν,
449 443 526 507 ὡς
553 445 582 496 6
606 444 792 516 πατὴρ
817 443 1055 515 διηγεῖτό
1085 445 1230 514 μοι’,
1247 444 1457 516 ὄνειρον
1485 442 1693 507 ἰδοῦσα,
1718 444 1817 516 τὴν

225 535 529 606 Ῥωμαίων
550 535 704 590 πόλιν
719 537 814 588 ἐπὶ
825 537 1014 608 χρόνον
1024 536 1147 589 τινὰ
1163 535 1384 606 ἐξῆλθεν
1403 535 1542 606 μετὰ
1556 535 1664 588 τῶν
1678 535 1820 588 διδύ-

215 643 346 696 μων
367 628 545 697 αὐτῆς
561 628 727 699 269
741 628 968 692 τέκνων,
983 628 1070 681 ῖνα
1084 628 1159 699 μὴ
1172 627 1326 698 κακῷ
1339 628 1489 700 μόρῳ
1497 627 1816 698 τελευτήσῃ,

211 721 320 772 καὶ
350 721 451 773 σὺν
474 721 660 784 αὐτοῖς
685 720 915 784 ἐκϐᾶσα,
946 722 1046 790 οὐχ
1071 721 1407 791 εὑρίσκεται.
1449 723 1507 775 '0
1535 721 1593 774 δὲ
1611 720 1818 791 ταύτης

212 811 326 882 μὲν
349 814 514 887 ἀνὴρ,
542 814 709 868 αὑτοῦ
740 815 798 868 δὲ
830 815 1036 886 πατὴρ,
1067 816 1162 868 καὶ⁸
1187 816 1350 880 αὐτὸς
1388 817 1467 880 εἰς
1490 814 1816 887 ἐπιζήτησιν

207 905 395 976 αὐτῆς
420 907 591 970 ἐκϐὰς
609 909 651 939 ³⁸
679 909 778 978 οὐχ
803 909 1134 978 εὑρίσκεται.

162 1075 166 1078 1
287 997 438 1052 XXI.
478 1001 664 1054 Ταῦτα
694 1000 792 1054 τοῦ
821 1002 1030 1075 Πέτρου
1063 1002 1330 1068 εἰπόντος,
1365 1004 1706 1075 ἐπιστήσασα
1737 1003 1815 1065 ὡς

205 1088 310 1141 ὑπ’
329 1091 650 1162 ἐκπλήξεως
681 1093 958 1163 ἁπέψυξεν
990 1097 1023 1165 ἠ
1059 1094 1292 1166 γυνή.”0
1313 1095 1371 1148 δέ
1403 1095 1608 1167 Πέτρος
1641 1112 1813 1166 προσ-

203 1181 391 1235 ελθὼν
437 1185 533 1237 καὶ
585 1185 827 1256 ἐπισχὼν
875 1187 1066 1258 νήφειν
1117 1187 1285 1259 αὐτὴν
1335 1187 1770 1260 παρεκελεύσατο
1795 1226 1809 1251 ,

201 1274 500 1344 ὁμολογεῖν
545 1279 714 1349 αὐτὴν
763 1280 962 1333 πείθων
1011 1281 1068 1333 τί
1110 1281 1241 1334 ποτέ
1273 1283 1420 1335 ἐστιν
1450 1281 1480 1333 ὃ
1511 1280 1728 1352 πάσχει.
1747 1283 1812 1336 Ἡ

200 1365 290 1427 δὲ,
324 1367 520 1440 ὥσπερ
568 1372 632 1422 ἐκ
681 1369 852 1442 μέθης
898 1373 960 1425 τὺ
1005 1373 1188 1426 λοιπὸν
1227 1373 1321 1426 τοῦ
1357 1373 1608 1444 σώματος
1639 1391 1813 1445 παρε-

202 1458 395 1523 θεῖσα,
436 1462 778 1535 ὑπέστρεψεν
803 1466 842 1495 ¹¹
877 1465 1094 1537 ἑαυτὴν,
1131 1467 1428 1536 ὑποστῆναι
1460 1467 1746 1538 δυνηθεῖσα
1765 1467 1809 1500 ¹²

199 1555 271 1606 τὸ
307 1556 542 1626 μέγεθος
566 1558 670 1628 τῆς
701 1559 1060 1630 ἐλπιζομένης
1090 1562 1286 1632 χαρᾶς,
1321 1561 1414 1613 καὶ
1443 1561 1681 1632 τρίψασα
1712 1563 1809 1614 αύ-

198 1648 310 1718 τῆς
339 1649 405 1701 τὸ
439 1651 733 1721 πρόσωπον
757 1670 772 1683 ο
807 1652 917 1706 Ποῦ
953 1653 1117 1718 ἐστιν,
1154 1653 1279 1726 ἔφη,
1313 1647 1468 1718 οὗτος
1498 1657 1526 1708 6
1553 1654 1804 1720 νεανίας;

212 1739 281 1792 Ὀ
311 1738 392 1804 δὲ,
427 1741 528 1811 ἤδη
562 1743 683 1796 ὅλον
719 1743 947 1798 συνιδὼν
977 1745 1040 1798 τὸ
1070 1746 1321 1816 πρᾶγμα,
1356 1746 1458 1816 ἔφη
1483 1763 1496 1776 ·
1543 1747 1679 1799 Εἰπέ
1715 1764 1804 1817 μοι

200 1833 276 1884 σὺ
311 1832 552 1902 πρῶτον,
581 1835 761 1900 ἄλλως
790 1836 898 1908 γὰρ
929 1837 1118 1892 τοῦτον
1165 1839 1292 1891 ἰδεῖν
1336 1839 1437 1892 οὐκ
1469 1839 1715 1910 έχεις.Ἢ
1745 1839 1805 1894 δὲ

200 1923 521 1976 σπεύδουσα
543 1925 586 1955 ¹³
609 1943 622 1954 ·
642 1923 803 1993 Ἐγὼ,
829 1927 1012 1998 φησιν,
1039 1929 1155 1998 εἰμὶ
1187 1931 1220 1998 ἡ
1253 1927 1348 1981 τοῦ
1383 1931 1666 2003 νεανίσκου
1703 1932 1805 2003 μή·

195 2030 332 2084 τηρ.
365 2016 477 2068 Καὶ
509 2017 538 2068 6
569 2017 776 2088 Πέτρος
809 2017 913 2088 έφη
938 2036 952 2049 ·
987 2019 1053 2070 Τί
1086 2018 1260 2091 τούτῳ
1289 2021 1572 2092 ὄνομαὶἭ
1605 1999 1662 2076 δέ

199 2123 314 2158 σιν·
352 2107 609 2178 Κλήμης.
648 2111 758 2163 Καὶ
789 2111 816 2162 6
847 2110 1054 2182 Πέτρος
1088 2107 1241 2166 εἶπεν
1263 2130 1276 2143 ο
1307 2114 1479 2178 Αὐτός
1509 2116 1678 2180 ἐστιν,
1708 2115 1804 2169 καὶ

194 2197 370 2262 αὐτὸς
401 2195 472 2270 ἦν
497 2201 526 2254 6
558 2201 666 2272 πρὸ
701 2203 897 2274 μικροῦ
937 2222 1027 2275 μοι
1061 2205 1318 2275 λαλήσας,
1343 2199 1387 2274 ᾧ
1413 2207 1702 2278 ἀναμένειν
1733 2226 1802 2280 με

194 2290 265 2340 ἐν
294 2288 379 2360 τῷ
411 2290 583 2362 πλοίῳ
615 2291 948 2364 προσέταξα.
975 2295 1039 2347 Ἠ
1071 2295 1127 2347 δὲ
1162 2297 1551 2367 προσπεσοῦσα
1582 2298 1660 2370 τῷ
1693 2298 1802 2352 Πέ-

192 2398 320 2451 τρῳ
374 2383 677 2453 παρεκάλει
729 2385 981 2440 σπεύδειν
1014 2387 1106 2440 ἐπὶ
1134 2387 1196 2440 τὺ
1231 2388 1414 2443 πλοῖον
1464 2390 1656 2443 ἐλθεῖν.
1693 2393 1802 2445 Καὶ

193 2472 232 2523 ὁ
263 2473 508 2545 Πέτρος’
547 2475 616 2528 Εἴ
667 2495 756 2546 μοι
799 2481 989 2550 τηρεῖς
1030 2480 1130 2543 τὰς
1180 2480 1471 2553 συνθήκας,
1507 2485 1599 2538 καὶ
1642 2483 1802 2538 τοῦτο

194 2565 436 2635 ποιήσω.
457 2565 520 2617 Ἦ
551 2565 608 2618 δὲ
642 2565 744 2638 ἔφη
770 2585 782 2597 ·
822 2568 1008 2621 Πάντα
1042 2569 1200 2633 ποιῶ,
1228 2570 1386 2640 μόνον
1412 2588 1499 2641 μοι
1523 2571 1585 2624 τὸ
1612 2572 1801 2626 τέκνον

193 2654 262 2708 τὺ
299 2659 590 2726 μονογενὲς
633 2660 823 2727 δεῖξον.
861 2661 1007 2728 Δόξω
1039 2661 1149 2734 γὰρ
1181 2663 1247 2717 δι’
1275 2665 1440 2718 αὑτοῦ
1472 2665 1542 2720 τὰ
1568 2665 1661 2720 δύο
1697 2685 1798 2739 μου

193 2748 266 2802 τὰ
287 2750 525 2804 ἐνταῦθα
547 2752 848 2824 τεθνηκότα
873 2754 1006 2826 ὁρᾷν
1032 2755 1219 2810 τέκνα.
1243 2758 1398 2812 Καὶὸ
1421 2759 1627 2831 Πέτρος
1651 2759 1756 2830 ἔφη
1781 2777 1796 2790 ·

196 2840 373 2894 Ὅταν
403 2841 565 2895 αὐτὸν
601 2843 736 2917 ἴδῃς,
762 2846 1031 2916 ἡσύχασον
1061 2847 1254 2920 μέχρις
1286 2848 1351 2902 ἂν
1382 2851 1482 2922 τῆς
1511 2857 1676 2923 νήσου
1706 2854 1798 2906 ἐκ·

191 2931 492 3002 6ὧμεν.Ἡ
524 2934 581 2987 δέ
614 2934 717 3007 ἔφη
745 2954 758 2966 ·
796 2936 984 3002 Οὕτως
1015 2941 1246 3011 ποιήσω.

1924 451 2118 507 mater,
2155 443 2354 513 inquit,
2387 443 2531 499 sicut
2566 444 2701 498 mihi
2745 443 3051 499 edisseruit-
3077 451 3255 511 pater,
3281 440 3502 496 somnio

1921 535 2042 590 viso
2073 535 2320 590 Romana
2360 537 2495 592 urbe
2528 536 2596 591 ad
2655 545 2872 606 tempus
2899 535 3135 590 excessit
3163 548 3289 590 cum
3322 531 3498 602 gemi-

1920 629 2008 684 nis
2063 630 2176 685 suis
2227 631 2398 698 natis,
2455 646 2524 686 ne
2574 631 2777 686 misera
2811 638 2985 684 morte
3033 628 3303 689 interiret,
3333 633 3500 694 atque

1918 736 2046 776 cum
2091 723 2198 778 illis
2244 739 2466 794 egressa
2509 739 2620 778 non
2646 723 2943 779 invenitur.
2981 723 3074 777 Vir
3111 731 3295 776 autem
3327 719 3496 782 illius,

1919 815 2083 885 hujus
2109 831 2239 871 vero
2267 827 2442 886 pater,
2467 827 2521 872 et
2551 818 2670 887 ipse
2707 817 2774 872 ad
2805 813 3162 888 quaerendam
3201 827 3326 868 eam
3366 826 3496 880 pro-

1915 905 2092 963 fectus
2122 923 2470 980 nequaquam
2511 909 2802 980 reperitur.

1986 1021 2128 1076 XXI.
2169 1021 2297 1079 Haec
2326 1039 2450 1078 cum
2484 1024 2715 1079 dixisset
2737 1023 2956 1090 Petrus,
2981 1023 3199 1090 mulier,
3225 1038 3347 1092 quae
3374 1020 3497 1076 ani-

1915 1128 2065 1167 mum
2097 1114 2425 1179 intenderat,
2467 1125 2690 1186 stupore
2739 1117 3052 1171 exanimata
3082 1125 3184 1171 est.
3217 1115 3356 1169 Tum
3391 1113 3496 1168 Pe-

1914 1215 2033 1261 trus
2057 1208 2345 1274 accedens,
2379 1224 2610 1278 eamque
2635 1217 2846 1275 tenens,
2875 1209 2941 1263 ad
2980 1225 3038 1263 se
3071 1208 3274 1263 rediret
3304 1207 3492 1260 horta-

1914 1306 2003 1353 tus
2032 1308 2136 1363 est,
2166 1301 2451 1369 suasitque
2473 1313 2532 1354 ut
2561 1299 2825 1355 fateretur
2876 1302 3136 1370 quidnam
3164 1309 3311 1355 esset
3340 1298 3491 1368 quod

1911 1392 1961 1445 ei
1991 1392 2314 1462 contigerat.
2342 1392 2437 1447 Illa
2479 1408 2629 1458 vero,
2658 1393 2807 1448 velut
2831 1407 2898 1448 ex
2927 1394 3193 1448 ebrietate
3223 1402 3334 1447 toto
3363 1408 3490 1446 cor—
3575 1409 3580 1412 ·

1910 1499 2045 1553 pore
2096 1485 2360 1550 resoluta,
2405 1500 2516 1556 quo
2566 1494 2749 1554 posset
2802 1485 3233 1555 magnitudinem
3289 1483 3489 1554 sperati

1911 1575 2095 1645 gaudii
2143 1577 2435 1642 sustinere,
2469 1577 2821 1646 scmetipsam
2868 1578 3142 1646 reparavit
3175 1576 3490 1645 :simulque

1912 1667 2174 1722 affricans
2216 1669 2427 1722 vultum
2457 1684 2470 1719 :
2508 1667 2612 1724 Ubi
2641 1678 2747 1736 est,
2781 1671 2978 1739 inquit,
3010 1671 3099 1724 ille
3129 1669 3492 1724 adolescens?

1907 1762 1979 1814 At
2006 1760 2202 1816 Petrus
2228 1762 2342 1831 jam
2371 1762 2683 1833 intelligens
2719 1779 2834 1817 rem
2884 1772 3057 1818 totam
3085 1781 3100 1817 :
3133 1761 3250 1827 Dic,
3290 1762 3487 1828 inquit,

1906 1855 2042 1908 mihi
2089 1864 2144 1908 tu
2191 1855 2363 1924 prior,
2397 1854 2553 1910 aliter
2591 1857 2737 1910 enim
2777 1871 2901 1911 eum
2941 1873 3050 1911 non
3083 1855 3313 1910 videbis.
3347 1853 3486 1909 Tum

1906 1944 1996 1999 illa
2027 1944 2298 2001 festinans
2324 1946 2400 2000 ait
2435 1964 2450 1999 :
2481 1945 2597 2017 Ego
2626 1963 2748 2002 sum
2798 1947 3164 2002 adolescentis
3194 1954 3390 2002 mater.
3422 1943 3489 1999 Et

1903 2036 2096 2093 Petrus
2130 2057 2143 2091 :
2178 2038 2335 2104 Quod
2381 2040 2430 2096 ei
2478 2056 2677 2094 nomen
2723 2041 2843 2096 est?
2874 2039 2967 2094 Illa
3003 2055 3171 2093 vero:
3209 2038 3487 2102 Clemens,

1903 2129 1998 2184 ait.
2018 2129 2214 2186 Petrus
2245 2149 2257 2184 :
2285 2129 2405 2200 Ipse
2434 2140 2518 2187 est
2547 2140 2602 2186 et
2623 2132 2741 2200 ipse
2771 2140 2890 2186 erat
2913 2132 3007 2201 qui
3031 2131 3194 2200 paulo
3215 2143 3342 2185 ante
3373 2146 3488 2186 me-

1903 2237 2028 2276 cum
2060 2223 2404 2292 loquebatur,
2437 2239 2598 2293 quem
2620 2224 2763 2291 jussi
2796 2239 2882 2278 me
2909 2225 2962 2277 in
2989 2223 3112 2278 navi
3143 2230 3483 2292 exspectare.

1904 2312 2059 2369 Tunc
2103 2314 2194 2368 illa
2229 2316 2518 2384 procidens
2546 2317 2613 2370 ad
2647 2317 2813 2386 pedes
2857 2316 3000 2370 Petri
3035 2317 3285 2386 rogabat,
3319 2325 3378 2370 ut
3415 2315 3486 2370 ad

1901 2426 2096 2465 navem
2137 2409 2334 2466 festine
2370 2412 2708 2481 procederet.
2750 2410 2949 2466 Petrus
2977 2421 3158 2466 autem
3194 2430 3208 2466 :
3237 2409 3295 2465 Si
3326 2410 3485 2476 mihi,

1901 2501 2100 2570 inquit,
2127 2517 2316 2557 servas
2352 2502 2535 2568 fidem,
2573 2502 2675 2556 hoc
2705 2517 2927 2572 quoque
2951 2516 3131 2571 agam.
3155 2500 3225 2555 At
3269 2500 3360 2555 illa
3393 2515 3484 2555 re-

1901 2593 2159 2661 spondit:
2192 2591 2386 2647 Omnia
2420 2592 2642 2658 faciam,
2691 2601 2901 2656 tantum
2936 2592 3068 2646 mihi
3098 2591 3323 2647 ostende
3355 2589 3484 2646 uni-

1901 2700 2026 2739 cum
2071 2702 2253 2741 meum
2303 2696 2517 2740 natum.
2553 2685 2766 2742 Putabo
2794 2687 2937 2741 enim
2975 2701 3070 2756 per
3100 2685 3278 2755 ipsum
3309 2681 3482 2754 gemi-

1900 2793 2000 2833 nos
2033 2793 2184 2832 meos
2224 2778 2448 2843 liberos,
2480 2779 2574 2847 qui
2622 2778 2713 2833 hic
2749 2778 2954 2833 mortui
2981 2787 3132 2842 sunt,
3165 2775 3368 2830 videre.
3403 2774 3484 2828 Ac

1898 2869 2095 2925 Petrus
2121 2870 2263 2926 dixit
2290 2888 2304 2925 :
2332 2871 2470 2925 Cum
2500 2871 2702 2927 videris
2730 2885 2878 2934 eum,
2898 2871 3082 2940 quieta
3108 2882 3485 2937 manc,usque

1897 2979 2008 3033 quo
2038 2965 2385 3034 egrediamur
2410 2966 2480 3020 ab
2503 2965 2706 3019 insula.
2732 2962 2827 3018 Illa
2849 2963 3062 3034 excepit
3095 2981 3108 3017 :
3143 2961 3236 3017 Sic
3256 2960 3481 3016 faciam.

266 3046 440 3116 270
489 3047 656 3103 XXII.
717 3050 1029 3122 Λαϐόμενος
1071 3048 1164 3106 οὖν
1210 3054 1310 3124 τῆς
1354 3056 1535 3128 χειρὸς
1574 3056 1791 3129 αύτῆςό

1969 3059 2137 3115 XXII.
2182 3059 2246 3114 Et
2272 3069 2492 3129 accepta
2525 3075 2689 3114 manu
2717 3059 2837 3130 ejus
2882 3056 3073 3114 Petrus
3097 3057 3330 3113 ducebat
3358 3071 3479 3111 eam

191 3139 408 3210 Πέτρος
453 3135 591 3211 ἦγεν
615 3141 658 3173 ¹’⁶
690 3143 782 3195 ἐπὶ
827 3144 889 3197 τὸ
936 3145 1143 3198 πλοῖον.
1163 3145 1304 3214 Ἐγὼ
1345 3146 1424 3211 δὲ,
1465 3148 1586 3201 ἰδὼν
1633 3150 1796 3204 αὐτὸν

191 3229 646 3300 χειραγωγοῦντα
678 3237 933 3301 γυναῖκα,
957 3236 1209 3303 ἐγέλασα,
1235 3238 1328 3289 καὶ
1361 3237 1692 3308 προσελθὼν,
1717 3240 1798 3303 είς

190 3322 362 3393 τιμὴν
395 3323 584 3389 αὐτοῦ,
616 3325 734 3378 ἀντ’
767 3326 932 3379 αὐτοῦ
966 3331 1324 3399 χειραγωγεῖν
1357 3330 1526 3400 αὐτὴν
1560 3329 1764 3401 ἐπειρὼ
1779 3359 1794 3370 ~-

194 3416 456 3482 μην.Καὶ
487 3414 603 3486 ἅμα
630 3415 710 3486 τῷ
740 3415 979 3485 ἅψασθαί
1015 3436 1083 3488 με
1114 3419 1215 3490 τῆς
1246 3420 1429 3492 χειρὸς
1450 3421 1641 3492 αὐτῆς,
1679 3422 1797 3474 ὀλο-

191 3505 403 3573 λύξασα
451 3507 530 3571 ὡς
582 3509 764 3581 μήτηρ
819 3510 962 3580 μέγα
998 3512 1093 3564 καὶ
1137 3511 1556 3582 περιπλακεῖσα,
1595 3512 1798 3583 σφόδρα

190 3599 478 3668 κατεφίλει
517 3617 582 3670 με
615 3600 709 3653 τὸν
741 3601 857 3655 υἱὸν
890 3602 1058 3673 αὐτῆς
1084 3603 1146 3654 ³⁵.
1170 3602 1309 3672 Ἐγὼ
1333 3603 1411 3667 δέ,
1434 3603 1644 3672 ἀγνοῶν
1677 3604 1796 3658 ὅλον

189 3689 253 3742 τὺ
273 3692 529 3762 πρᾶγμα,
545 3692 622 3755 ὡς
653 3693 983 3764 μαινομένην
1015 3693 1371 3765 ἁπεσειόμηψ
1397 3695 1713 3768 αἰδούμενος
1737 3696 1795 3749 δὲ

191 3784 290 3835 καὶ
320 3784 416 3836 τὸν
447 3785 679 3855 Πέτρον,
714 3786 1138 3859 ἐπικραινὸμην.

262 3895 458 3954 XXIII.
491 3896 549 3950 '0
593 3896 650 3949 δὲ
698 3896 905 3968 Πέτρος
947 3897 1053 3967 ἔφη
1078 3914 1092 3928 ο
1120 3897 1245 3962 Ἔα,
1278 3896 1335 3950 τί
1381 3899 1573 3962 ποιεῖς,
1603 3896 1794 3951 τέκνον

191 3992 446 4063 Κλήμης,
460 3989 852 4060 ἀποσειόμενος
880 3990 980 4060 τὴν
1015 3990 1113 4061 σὴν
1145 3989 1316 4054 ὄντως
1342 3988 1640 4055 τεκοῦσαν;
1669 3988 1796 4058 Εγὼ

190 4085 278 4146 δὲ,
313 4083 477 4136 τοῦτο
510 4081 752 4144 ἀκούσας
772 4081 1109 4153 περίδακρυς
1129 4081 1418 4152 γενόμενος
1439 4082 1533 4134 καὶ
1556 4095 1797 4133 καταπε-

192 4176 363 4246 σούσῃ
409 4178 476 4246 τῇ
528 4172 769 4245 τεκούσῃ
801 4172 1129 4244 προσπεσὼν
1163 4171 1504 4240 κατεφίλουν.
1541 4172 1653 4224 Καὶ
1685 4171 1795 4243 γὰρ

189 4269 307 4340 ἅμα
337 4268 419 4338 τῷ
454 4267 684 4340 ῥηθῆναί
721 4283 809 4337 μοι
841 4265 1002 4318 τοῦτο
1033 4265 1301 4336 ἀμαυρῶς
1323 4265 1368 4299 ⁸⁸
1411 4283 1529 4328 πως
1560 4263 1622 4318 τδ
1655 4261 1795 4333 εἶδος

189 4359 591 4429 ἀνεκαλούμην.
628 4358 823 4411 Πολλοὶ
859 4357 956 4428 μὲν
988 4353 1080 4410 οὖν
1113 4357 1259 4426 ὄχλοι
1295 4357 1614 4429 συνέτρεχον
1645 4357 1790 4409 ἱστο-

193 4455 354 4527 ρῆσαι
404 4454 505 4524 τὴν
554 4453 980 4523 προσαιτήτριαν
1031 4453 1284 4518 γυναῖκα,
1320 4449 1569 4518 λέγοντες
1616 4449 1784 4521 ἀλλή-

188 4548 319 4611 λοις,
355 4546 439 4599 ὅτι
474 4544 644 4614 αὐτὴν
678 4543 892 4612 ἐπέγνω
924 4543 952 4594 6
986 4542 1120 4604 υἱὸς,
1141 4541 1278 4612 ἀνὴρ
1311 4541 1612 4609 ἀξιόλογος.
1651 4542 1786 4595 Βου-

187 4639 435 4708 λομένοις
475 4632 569 4690 οὖν
610 4636 741 4706 ἡμῖν
783 4634 1014 4704 ἐξαυτῆς
1049 4634 1146 4686 σὺν
1178 4636 1245 4704 τῇ
1284 4633 1453 4704 μητρὶ
1485 4633 1585 4704 τῆς
1617 4635 1782 4706 νήσου

188 4730 461 4784 ἐκϐαίνειν
493 4729 526 4798 ἡ
565 4727 746 4797 μήτηρ
771 4724 902 4796 ἔφη·
930 4724 1132 4776 Τέκνον
1161 4741 1250 4794 μοι
1273 4723 1538 4788 ποθεινὸν,
1564 4723 1783 4795 εὔλογόν

187 4823 331 4874 ἐστιν
354 4815 725 4882 ἀτωτάξασθαι
757 4819 825 4886 τῇ
861 4813 1235 4885 ὑποδεξαμένῃ
1271 4831 1339 4884 με
1370 4815 1608 4883 γυναικὶ,
1637 4817 1779 4886 ἥτις,

190 4913 422 4983 πενιχρὰ
453 4907 589 4964 οὖσα
623 4909 716 4962 καὶ
748 4908 843 4979 ὅλη
879 4905 1210 4978 παρειμένη,
1244 4905 1337 4958 ἐπὶ
1369 4905 1659 4976 τῆςοίκίας
1690 4907 1784 4978 ἔῤ-

195 5011 401 5079 ριπται.
422 5007 482 5060 '0
505 5005 563 5058 δὲ
590 5005 797 5074 Πέτρος
828 4999 1070 5063 ἀκούσας
1105 4997 1414 5069 ἐθαύμασεν
1440 4999 1503 5062 ¹’¹,
1529 5002 1622 5054 καὶ
1651 5003 1788 5055 πάν-

188 5120 272 5165 τες
319 5103 372 5157 οἱ
429 5097 797 5170 περιεστῶτες
847 5094 1014 5164 ὄχλοι,
1048 5093 1148 5163 τῆς
1193 5091 1451 5161 γυναικὸς
1490 5090 1552 5144 τὸ
1583 5093 1787 5162 ἀγαθὸν

188 5193 463 5265 φρόνεημα.
497 5191 610 5244 Καὶ
641 5188 842 5251 εὐθέως
885 5186 1172 5238 ἐκέλευσεν
1221 5186 1250 5236 6
1299 5183 1505 5255 Πέτρος
1545 5187 1656 5239 τισὶ
1690 5204 1787 5240 πο..

189 5285 446 5358 ρευθῆναι
486 5283 582 5336 καὶ
630 5280 728 5352 τὴν
777 5281 1010 5348 γυναῖκα
1043 5276 1136 5330 ἐπὶ
1169 5275 1357 5346 κλίνης
1389 5277 1633 5348 κομίσαι.
1671 5281 1784 5333 Καὶ

1899 3155 1966 3209 ad
1993 3153 2396 3218 navem.Quem
2424 3168 2526 3222 ego
2550 3153 2740 3207 videns
2767 3167 2931 3206 manu
2964 3151 3165 3205 ducere
3196 3149 3480 3204 mulierem

1901 3247 2021 3301 risi.
2058 3246 2340 3300 Accedens
2384 3253 2588 3312 tamen,
2614 3243 2841 3298 honoris
2862 3259 2990 3312 erga
3010 3257 3135 3297 eum
3163 3243 3360 3312 gratia,
3379 3257 3480 3311 pro

1899 3339 2020 3409 ipso
2053 3355 2216 3393 manu
2250 3339 2398 3393 illam
2429 3339 2626 3393 ducere
2655 3337 2815 3406 empi.
2849 3335 3024 3390 Simul
3055 3343 3234 3389 autem
3267 3350 3332 3389 ac
3359 3350 3480 3389 ma-

1899 3446 2030 3484 num
2057 3430 2176 3500 ejus
2202 3430 2429 3500 contigi,
2464 3437 2524 3482 ut
2551 3437 2746 3494 mater,
2779 3427 2988 3481 ululatu
3017 3426 3222 3497 ingenti
3247 3426 3478 3491 reddito,

1900 3520 1954 3574 in
1987 3520 2270 3590 amplexus
2301 3535 2453 3574 meos
2483 3519 2641 3573 irruit
2671 3533 2868 3587 meque
2896 3516 3068 3571 ﬁlium
3115 3531 3276 3571 suum
3315 3517 3482 3571 vehe-

1899 3621 2113 3666 menter
2138 3611 2450 3665 deosculata
2475 3618 2577 3664 est.
2604 3607 2673 3662 At
2704 3623 2804 3679 ego
2837 3608 3097 3678 ignorans
3123 3623 3285 3662 omne
3314 3622 3482 3676 uego-

1897 3703 2031 3758 tium
2079 3704 2238 3774 quasi
2280 3702 2640 3757 insanientem
2675 3700 2998 3771 repellebam
3027 3718 3044 3756 :
3069 3703 3163 3757 sed
3191 3709 3245 3756 et
3273 3701 3480 3755 reveri-

1900 3806 1988 3852 tus
2018 3795 2239 3851 I’etrum
2270 3813 2358 3851 me
2389 3797 2629 3850 coercui.

1968 3888 2162 3942 XXIII.
2204 3887 2342 3942 Tum
2395 3887 2590 3943 Petrus
2639 3888 2777 3942 dixit
2807 3905 2822 3942 :
2853 3887 3027 3956 Eheu,
3061 3889 3192 3959 quid
3236 3889 3355 3961 agis
3401 3890 3479 3944 fili

1897 3979 2170 4046 Clemens,
2194 3980 2410 4050 repellis
2440 3995 2565 4034 eam
2595 3996 2717 4049 quae
2745 3995 2870 4035 vere
2903 3989 3077 4035 mater
3101 3991 3191 4037 tua
3219 3983 3336 4037 est?
3365 3981 3481 4053 Ego

1897 4087 2046 4138 vero,
2081 4071 2173 4125 ubi
2221 4071 2326 4125 hoc
2355 4070 2562 4135 audivi,
2600 4070 2860 4142 lacrymis
2892 4071 3103 4126 obortis
3137 4073 3348 4126 concidi
3381 4089 3479 4127 su-

1896 4179 1994 4234 pra
2020 4163 2293 4232 jacentem
2323 4171 2552 4217 matrem
2580 4172 2635 4216 et
2659 4163 2952 4217 osculabar
2972 4163 3308 4218 cam.Simul
3329 4165 3476 4219 enim

1898 4271 1962 4310 ac
1992 4255 2042 4309 id
2077 4255 2210 4308 mihi
2246 4255 2452 4308 dictum
2498 4254 2624 4319 fuit,
2658 4253 3000 4309 subobscure
3030 4255 3311 4325 genitricis
3361 4255 3476 4310 for-

1897 4363 2042 4401 mam
2092 4347 2442 4401 revocabam.
2493 4345 2783 4401 Multitudo
2842 4342 3060 4401 interim
3119 4348 3481 4401 concurrebat

1896 4441 2128 4511 plurima
2161 4441 2227 4494 ad
2260 4439 2548 4494 videndam
2595 4439 2903 4494 meudicam
2957 4439 3277 4506 mulierem;
3327 4439 3477 4494 dieeo

1895 4536 2136 4605 bantque
2181 4544 2372 4588 mutuo
2409 4552 2422 4588 :
2457 4532 2694 4602 Agnovit
2720 4549 2840 4586 eam
2871 4533 3038 4599 filius,
3085 4533 3171 4586 vir
3217 4532 3476 4587 eximius.

1892 4624 2081 4696 Itaque
2109 4640 2234 4679 cum
2269 4625 2535 4679 vellemus
2559 4621 2850 4678 confestim
2879 4641 3004 4679 cum
3038 4633 3212 4679 matre
3234 4640 3300 4679 ex
3333 4622 3481 4678 insu-

1892 4719 1943 4773 la
1971 4719 2146 4784 exire,
2175 4730 2350 4772 mater
2381 4717 2459 4772 ait
2493 4737 2506 4772 :
2540 4717 2668 4783 Fili,
2699 4717 2831 4772 mihi
2860 4726 3133 4787 exoptate,
3154 4731 3370 4785 mquum
3395 4724 3480 4770 est

1894 4821 1953 4866 ut
1977 4811 2097 4865 vale
2133 4812 2309 4866 dicam
2345 4811 2564 4865 mulieri
2601 4827 2724 4881 quae
2752 4826 2838 4864 me
2867 4809 3128 4879 suscepit,
3165 4825 3286 4878 qum
3314 4823 3483 4879 egens

1886 4913 1938 4961 ct
1965 4913 2075 4959 tota
2105 4904 2402 4974 paralytica
2433 4905 2581 4958 domi
2606 4903 2772 4973 jacet.
2807 4901 2906 4957 llis
2938 4901 3168 4966 auditis,
3200 4899 3395 4955 Petrus
3425 4909 3481 4953 et

1890 5011 2104 5060 omnes,
2143 4995 2236 5066 qui
2276 4996 2496 5064 plurimi
2529 4997 2775 5062 aderant,
2811 4994 3063 5049 admirati
3104 5003 3234 5048 sunt
3273 4994 3476 5048 bonum

1890 5089 2107 5144 feminae
2137 5089 2452 5143 consilium.
2486 5087 2554 5143 Et
2582 5089 2843 5143 continuo
2885 5087 3052 5158 jussit
3094 5084 3290 5140 Petrus
3321 5084 3476 5138 abire

1890 5183 2182 5252 quosdam,
2216 5197 2282 5236 ac
2322 5181 2535 5236 deferre
2565 5181 2850 5236 mulierem
2883 5182 2936 5234 in
2976 5179 3196 5234 lectulo.
3229 5179 3479 5246 Cumque

1895 5274 2088 5329 fuisset
2114 5274 2301 5341 allata,
2338 5275 2661 5345 positusque
2691 5273 2887 5329 fuisset
2915 5273 3109 5337 lectus,
3146 5277 3342 5325 cuncta
3366 5268 3479 5338 ple-

1531 5391 1772 5447 VARIJE
1813 5389 2110 5448 LECTION
2121 5389 2226 5444 ES.

251 5495 272 5524 9
311 5486 454 5541 Vbb.
500 5485 740 5557 διηγεῖτό
771 5501 860 5556 μοι
890 5500 995 5537 non
1034 5483 1343 5557 suntinp.

194 5558 236 5588 "
293 5557 589 5628 δυνηθῆναι
643 5557 705 5625 C,
763 5571 1068 5628 perperam.

188 5629 229 5669 ’³
254 5629 428 5696 αὐτῆς
455 5628 567 5682 υἱόν
603 5629 660 5684 C.

190 5697 354 5767 μαζεν
380 5700 440 5755 C.

1180 5555 1228 5627 "7
1254 5553 1457 5627 Vocab.
1501 5557 1532 5627 ή
1571 5555 1627 5627 δέ
1683 5559 1986 5612 σπεύδουσα
2016 5559 2133 5612 des.
2160 5556 2212 5609 in
2237 5554 2302 5609 Ο.

745 5628 786 5659 ιδ
816 5623 892 5681 Ita
917 5623 960 5680 Ο
1008 5641 1053 5681 οη
1091 5623 1127 5680 S
1158 5664 1172 5692 ,
1209 5623 1545 5696 ἀμαυρώσεις
1580 5626 1618 5683 C
1652 5669 1665 5696 ,
1701 5631 1793 5699 qui
1828 5631 1880 5684 in
1915 5645 2086 5699 marg.
2123 5627 2264 5698 conj.
2296 5623 2560 5698 ἀμαυρῶς
2594 5628 2657 5683 ἄν
2693 5628 2771 5683 vel
2801 5628 3155 5697 ἁμαυρώσαν.

1463 5485 1506 5516 ¹⁰
1535 5485 1673 5540 Ante
1709 5489 1806 5540 ὲκὸ
1849 5507 1876 5552 ς
1901 5489 1954 5542 in
2003 5485 2047 5541 Ο
2091 5495 2174 5540 est
2227 5484 2462 5555 ἔκϐασου
2490 5495 2876 5555 ~expunctum.
2955 5483 2996 5514 “
3033 5481 3375 5555 ὑπέστρεφεν

2417 5556 2461 5595 ¹ι
2486 5547 2622 5634 ᾗγεν
2649 5557 2693 5610 Ο
2726 5565 2780 5634 et
2813 5553 2958 5634 Epit.
2982 5565 3032 5633 c.
3054 5553 3144 5613 90,
3405 5551 3471 5604 (ὲ.

3233 5624 3276 5660 ¹τ
3309 5624 3470 5671 ἐθαυ-
