3860 6210
435 298 540 355 319
1300 305 1355 359 S.
1396 303 1783 359 CLEMENTIS
1822 305 1841 359 1
1877 305 2043 359 ROM.
2081 306 2279 360 PONT.
2317 307 2545 363 OPERA
2585 309 2808 366 DUBIA.
3596 319 3703 373 320

432 428 500 482 be
531 426 785 481 audiente
810 425 1003 483 Petrus
1035 427 1109 483 ait
1135 446 1148 482 :
1175 425 1232 481 Si
1256 426 1498 479 veritatis
1528 439 1628 492 ego
1657 440 1779 479 sum
1810 439 1996 492 przeco.

2112 423 2260 493 ὁμῶς
2310 426 2619 496 ἐνεχθείσης
2664 428 2757 480 καὶ
2803 427 3051 499 τεθείσης
3093 430 3191 501 τῆς
3235 430 3439 503 κλίνης,
3477 432 3701 486 πάντων

436 517 504 571 ad
538 516 698 569 tidem
732 533 921 572 eorum
947 518 1039 587 qui
1068 518 1357 580 assistunt,
1390 523 1447 569 ut
1490 514 1667 567 sciant
1692 530 1860 567 unum
1891 530 1996 568 esse

2113 513 2221 564 τῶν
2269 513 2441 583 ὄχλων
2490 517 2814 584 ἀκουόντων,
2850 518 2953 590 ἔφη
2986 522 3014 573 6
3048 520 3252 592 Πέτρος
3273 539 3286 551 °
3320 524 3383 574 Ei
3435 524 3703 593 ἀληθείας

434 608 603 662 Deum
655 611 904 680 opiticem
953 612 1163 675 mundi,
1209 618 1397 680 Surgat
1449 609 1711 663 continuo
1760 624 1915 663 sana.
1948 606 1996 658 E1

2114 604 2289 674 κῆρυξ
2311 605 2421 673 ἐγὼ
2446 608 2716 676 τυγχάνω,
2741 611 2819 671 είς
2840 611 2937 679 τὴν
2956 611 3066 663 τῶν
3099 611 3459 682 παρεστώτων
3490 615 3697 676 πίστιν,

433 704 615 757 statim
653 713 714 757 ut
762 705 875 758 haec
924 704 1152 758 dixisset
1181 703 1395 767 Petrus,
1429 702 1627 754 mulier
1656 700 1895 755 surrexit
1920 714 2011 751 sa-

432 800 557 845 nata
583 800 635 845 et
662 793 894 860 procidit
924 794 988 846 ad
1019 794 1182 862 pedes
1204 792 1372 858 Petri,
1397 800 1560 860 atque
1584 790 1815 844 amicam
1853 806 2009 844 suam

432 902 495 941 ac
529 886 850 941 familiarem
871 889 1114 941 osculata
1137 888 1563 956 percontabatur
1584 886 1716 955 quid
1745 885 1887 940 istud
1918 901 2010 938 es-

434 984 533 1029 set.
569 976 635 1030 At
667 978 755 1030 illa
786 978 1021 1032 breviter
1049 993 1211 1032 omne
1236 978 1284 1031 ei
1312 977 1700 1046 recognitiouis
1732 978 2006 1043 negotium

432 1067 701 1133 exposuit,
734 1076 787 1122 et
820 1069 913 1137 qui
946 1068 1237 1122 audierunt
1270 1068 1629 1137 obsutpel‘acti
1650 1076 1796 1121 sunt.
1824 1066 2005 1121 Tunc-

431 1172 536 1225 que
568 1167 740 1211 mater
770 1160 1036 1228 hospitem
1068 1171 1313 1214 euratam
1338 1160 1528 1214 videns
1551 1161 1779 1229 rogavit,
1802 1168 1859 1212 ut
1890 1161 2005 1227 ipsa

431 1262 649 1317 quoque
682 1250 971 1303 sanitatem
1000 1252 1290 1319 acciperet.
1344 1252 1438 1306 Ille
1489 1260 1669 1306 autem
1700 1267 1865 1305 manu
1903 1252 2007 1304 im-

429 1340 605 1410 posita
639 1340 813 1410 ipsam
844 1343 1008 1396 etiam
1040 1344 1274 1399 curavit.

498 1624 689 1681 XXIV.
734 1627 933 1697 Sicque
957 1637 1143 1697 postea
1170 1628 1365 1683 Petrus
1396 1629 1462 1684 de
1492 1628 1598 1683 Deo
1616 1645 1680 1684 ac
1708 1630 1774 1683 de
1801 1629 1891 1683 Dei
1919 1645 2004 1684 re-

2115 696 2201 747 ἵνα
2254 696 2452 764 γνῶσιν
2486 699 2583 751 εὸτι
2632 694 2713 763 εἷς
2756 702 2871 753 ἐστι
2922 701 3074 765 Θεὸς,
3116 705 3145 755 6
3175 703 3266 755 τὸν
3298 704 3503 773 κόσμον
3537 706 3696 775 271

2113 785 2362 853 ποιήσας,
2390 786 2620 856 ἐξαυτῆς
2647 788 2924 859 ὲγερθήτω
2952 791 3127 860 ὑγιής.
3157 792 3261 844 Καὶ
3286 792 3399 863 ἆμα
3420 794 3503 863 τῷ
3523 798 3700 847 εἰπεῖν

2112 873 2314 944 Πέτρον
2346 876 2516 928 ταῦτα
2547 880 2578 947 ἡ
2613 878 2749 947 γυνὴ
2773 879 2977 951 ήγέρθη
3009 882 3346 949 ὑγιασθεῖσα,
3370 886 3464 937 καὶ
3492 886 3574 956 τῷ
3597 887 3702 937 Πέ-

2107 979 2221 1032 τρῳ
2246 966 2599 1033 προσέπεσεν,
2626 969 2719 1019 καὶ
2740 967 2836 1037 τὴν
2862 970 3063 1041 συνήθη
3092 972 3250 1042 φίλην
3277 976 3697 1045 καταφιλήσασα

2109 1056 2434 1109 ἐπυνθάνετο
2459 1059 2510 1109 τί
2543 1058 2626 1128 εἴη
2659 1060 2833 1113 τοῦτο.
2854 1063 2916 1113 Ἠ
2939 1063 2995 1115 δὲ
3017 1063 3135 1115 ὅλον
3163 1066 3299 1135 αὐτῇ
3316 1067 3357 1097 ¹⁸
3377 1068 3439 1118 τὸ
3464 1070 3697 1137 πρᾶγμα

2105 1146 2198 1198 τοῦ
2235 1149 2651 1219 ἁναγνωρισμοῦ
2688 1153 2968 1222 συντόμως
2996 1154 3311 1226 διηγήσατο,
3338 1159 3429 1209 καὶ
3452 1160 3503 1209 οἱ
3534 1158 3697 1211 ἁκού-

2108 1254 2295 1302 σαντες
2330 1242 2766 1312 κατεπλάγησαν.
2803 1246 2935 1297 Τότε
2978 1248 3069 1298 καὶ
3105 1249 3137 1316 ἡ
3171 1249 3369 1319 μήτηρ,
3409 1250 3511 1319 τὴν
3548 1250 3692 1313 ξενο-

2104 1328 2257 1399 δόχον
2318 1330 2743 1402 θεραπευθεῖσαν
2799 1335 3118 1407 θεωρήσασα
3139 1339 3202 1401 ι’,
3242 1340 3544 1410 παρεκάλει
3600 1341 3692 1393 καὶ

2102 1423 2238 1492 αὑτὴ
2262 1423 2453 1487 ἰάσεως
2485 1430 2685 1494 τυχεῖν.
2705 1428 2760 1479 '0
2777 1426 2854 1493 δὲ,
2880 1428 3086 1492 ἐπιθεὶς
3119 1429 3217 1500 τὴν
3250 1434 3429 1501 χεῖρα,
3467 1433 3564 1483 καὶ
3596 1432 3690 1483 αὑ-

2104 1510 2203 1582 τὴν
2235 1513 2618 1583 ἐθεράπευσεν.

2176 1625 2367 1680 XXIV.
2413 1629 2519 1679 Καὶ
2552 1624 2651 1680 εἷθ’
2671 1628 2843 1692 οὕτως
2874 1632 2901 1682 6
2932 1630 3138 1701 Πέτρος
3166 1632 3294 1702 περὶ
3314 1632 3448 1685 Θεοῦ
3472 1636 3569 1687 καὶ
3589 1635 3686 1703 τῆς

427 1717 630 1789 ligione
662 1735 968 1773 sermonem
1002 1722 1191 1773 habuit
1222 1732 1273 1775 et
1302 1722 1353 1774 in
1389 1721 1493 1775 line
1522 1722 1765 1775 addidit:
1795 1722 1848 1774 Si
1878 1723 1996 1790 quis

2105 1716 2251 1786 αὑτῷ
2284 1717 2643 1789 διαφερούσης
2676 1719 2971 1789 θρησκείας
3005 1720 3291 1791 ὁμιλήσας,
3312 1724 3567 1794 προσθεὶς
3600 1725 3688 1776 ἐπὶ

428 1810 542 1863 Ιιιιιο
568 1812 681 1863 vult
703 1811 987 1881 diligenter
1010 1829 1359 1881 eognosmre,
1392 1814 1762 1879 Antiochiam,
1796 1815 1885 1867 ubi
1905 1832 1995 1883 per

426 1903 626 1956 multos
655 1903 771 1958 dies
801 1905 1037 1959 residere
1070 1907 1253 1971 statui,
1301 1908 1543 1970 veniens,
1575 1923 1695 1977 quae
1734 1908 1798 1961 ad
1848 1909 1999 1961 salu=--

428 2000 531 2045 tem
579 2009 733 2047 suam
780 1996 1049 2063 pertinent
1094 1996 1290 2051 discat.
1329 1996 1447 2051 Non
1487 2000 1655 2062 enim,
1685 1999 1777 2067 qui
1829 2016 1998 2067 nego-

425 2084 593 2139 tiandi
628 2098 722 2139 aut
753 2087 1021 2139 militamli
1054 2102 1218 2141 causa
1249 2089 1479 2157 patriam
1520 2091 1828 2159 relinquere
1855 2093 1998 2145 sole-

425 2174 493 2229 tis
536 2184 590 2228 et
620 2177 684 2229 ad
731 2177 847 2231 loca
895 2179 1122 2231 multum
1158 2180 1347 2233 dissita
1391 2182 1560 2245 abire,
1590 2191 1811 2251 propter
1836 2192 1997 2237 aeter—

423 2282 546 2319 nam
590 2269 817 2323 salutem
847 2270 929 2322 vel
972 2270 1138 2323 trium
1170 2272 1380 2324 dierum
1410 2273 1513 2326 iter
1538 2275 1814 2343 suscipere
1847 2277 1999 2329 nole-

421 2358 511 2412 tis.
544 2356 730 2428 Itaque
756 2368 877 2429 post
910 2359 1049 2414 Petri
1109 2363 1430 2416 concionem
1465 2379 1564 2432 ego
1602 2366 1836 2431 mulieri,
1876 2383 1998 2436 qure

421 2462 611 2506 sanata
643 2451 840 2513 fuerat,
875 2468 1057 2507 curam
1086 2454 1233 2506 omni
1273 2456 1475 2523 populo
1520 2457 1667 2511 mille
1707 2459 1997 2515 drachmas

419 2542 485 2594 ad
514 2542 716 2595 victum
763 2543 885 2596 dedi
934 2554 987 2596 et
1036 2545 1555 2599 commendavit-am
1592 2548 1806 2602 cuidam
1856 2551 1997 2607 bono

418 2633 559 2698 viro,
591 2634 851 2702 primario
880 2634 1084 2702 oppidi,
1110 2636 1201 2703 qui
1232 2647 1421 2704 sponte
1447 2638 1497 2691 id
1532 2654 1655 2691 cum
1690 2642 1887 2709 gaudio
1915 2641 1997 2696 fa-

418 2743 543 2781 cere
569 2728 871 2796 proposuit.
907 2728 1012 2781 Sed
1042 2736 1095 2779 et
1119 2728 1239 2781 aliis
1272 2730 1455 2783 multis
1488 2732 1771 2799 pecuniam
1805 2734 1995 2789 distri~

420 2818 533 2882 hui,
556 2818 867 2888 gratiasque
890 2819 973 2887 egi
1002 2819 1105 2871 illis
1131 2818 1608 2890 mulieribus,quae
1636 2826 1793 2878 matri
1821 2843 1997 2895 quon-

419 2911 543 2964 dam
597 2910 849 2962 solatium
900 2910 1243 2978 prazbuerant
1276 2929 1288 2964 :
1321 2920 1375 2965 et
1425 2922 1547 2981 post
1581 2916 1692 2971 hzec
1728 2934 1834 2971 una
1867 2935 1991 2972 cum

421 3012 610 3066 matre,
642 3000 821 3066 Petro,
853 3002 1169 3070 caeterisque
1202 3002 1479 3059 sodalibus
1505 3006 1840 3062 Antaradum
1865 3025 1995 3064 ena-

419 3093 800 3164 vigavi,atque
824 3093 897 3147 ita
928 3093 997 3146 ad
1029 3093 1327 3163 hospitium
1352 3099 1744 3164 processimus.

487 3270 655 3327 XXV.
696 3271 799 3327 Ubi
834 3288 958 3327 cum
988 3290 1233 3329 essemus
1259 3284 1313 3329 et
1339 3278 1768 3347 sumpsissemus
1809 3282 1991 3337 cibum

416 3378 481 3419 ac
506 3365 573 3418 de
601 3381 752 3420 more
784 3367 987 3436 gratias
1016 3368 1340 3435 egissemus,
1373 3377 1537 3438 atque
1564 3372 1745 3425 adhuc
1779 3382 1991 3442 tempus

417 3466 747 3525 superesset,
776 3473 876 3527 ego
926 3458 1229 3523 dixiPetro
1261 3479 1273 3513 :
1303 3458 1669 3519 Humanitatis
1697 3479 1857 3532 Opus,
1887 3468 1989 3521 do-

416 3551 565 3604 mine
604 3550 678 3603 mi
726 3549 906 3617 Petre,
946 3552 1193 3605 exercuit
1224 3569 1341 3607 mea
1371 3564 1565 3621 mater,
1598 3572 1720 3625 qua:
1770 3558 1995 3627 hospit:e

417 3645 664 3699 mulieris
700 3646 978 3700 recordata
1007 3644 1189 3699 fuerit.
1218 3645 1520 3716 Respondit
1550 3648 1745 3705 Petrus
1773 3670 1785 3705 :
1820 3651 1989 3716 Itane,

416 3754 450 3792 o
478 3737 751 3801 (Remens,
786 3755 908 3793 vere
940 3740 1288 3806 existimasti,
1324 3742 1681 3797 humanitatis
1725 3758 1861 3815 Opus
1906 3744 1992 3799 fa-

415 3841 562 3887 ctum
595 3848 625 3886 a
673 3842 762 3886 tua
796 3835 1308 3905 genitrice,quando
1334 3836 1383 3889 ei
1413 3852 1533 3904 quae
1562 3836 1735 3905 ipsam
1763 3852 1829 3890 ex
1857 3852 1994 3890 nau—

416 3920 592 3993 fragio
614 3932 891 3992 receperat
918 3926 1147 3995 gratiam
1178 3928 1363 3980 retulit
1393 3945 1405 3979 :
1442 3943 1508 3980 an
1541 3936 1600 3981 ut
1635 3928 1792 3981 matri
1824 3928 1995 3997 pluri-

416 4028 567 4066 mum
598 4014 1007 4082 gratilicareris,
1028 4017 1375 4071 hunedixisti
1401 4034 1706 4072 sermonem
1724 4020 1747 4071 ?
1766 4018 1821 4072 Si
1845 4020 1991 4072 enim

417 4121 524 4159 non
562 4114 621 4160 ut
651 4122 763 4159 rem
790 4115 997 4176 gratam
1029 4107 1256 4169 faceres,
1285 4109 1377 4162 sed
1408 4118 1466 4162 ut
1489 4109 1770 4163 veritatem
1802 4110 1995 4177 loque-

417 4197 577 4261 reris,
614 4196 809 4252 eﬂ'atus
836 4213 916 4261 es,
955 4198 1155 4253 videris
1190 4198 1323 4251 mihi
1359 4198 1608 4268 ignorare
1637 4215 1887 4267 quaenam
1924 4199 1996 4255 sit

417 4284 736 4353 magnitudo
762 4285 1137 4351 humanitatis,
1160 4302 1279 4354 qum
1305 4296 1389 4340 est
1415 4303 1572 4341 amor
1597 4288 1651 4341 in
1672 4289 1991 4358 quemlibet,

414 4384 683 4443 quatenus
710 4376 1011 4443 hominem,
1048 4386 1100 4430 et
1131 4378 1335 4446 absque
1366 4377 1476 4431 ullo
1506 4380 1743 4433 naturali
1774 4380 1988 4434 affectu.

2102 1810 2264 1873 τέλει,
2299 1811 2398 1861 ὅτι*
2428 1810 2496 1861 Εἴ
2518 1826 2600 1873 τις
2634 1810 2879 1879 βούλεται
2908 1812 3079 1865 ταῦτα
3108 1814 3347 1884 ἀκριεῶς
3383 1815 3592 1884 μαθεῖν,
3611 1818 3686 1877 εἰς

2118 1902 2462 1971 Ἀντιόχειαν,
2484 1902 2617 1954 ὅπου
2650 1902 2906 1955 πλειόνων
2943 1905 3166 1975 ἡμερῶν
3199 1906 3511 1975 περιμένειν
3538 1906 3683 1977 ἔκρι-

2103 2011 2186 2057 να,
2224 1994 2391 2046 ἐλθὼν
2427 1994 2495 2047 τὰ
2535 1994 2670 2063 πρὸς
2711 1996 2809 2066 τὴν
2844 1996 3007 2048 αὑτοῦ
3046 1999 3316 2069 σωτηρίαν
3353 1999 3679 2068 μανθανέτω.

2103 2088 2179 2138 Οὐ
2230 2085 2337 2157 γὰρ
2379 2087 2440 2157 δὴ
2476 2088 2584 2139 ei“
2620 2088 2889 2160 ἐμπορίας
2919 2089 3079 2167 ἕνεκα
3110 2089 3142 2158 ἢ
3174 2090 3457 2158 στρατείας
3489 2091 3681 2160 πατρί-

2102 2178 2197 2240 δας
2242 2178 2675 2248 καταλιμπάνειν
2723 2181 2905 2233 οἴδατε
2940 2182 3030 2234 καὶ
3063 2183 3142 2243 εἱς
3179 2183 3419 2251 μακροὺς
3451 2182 3681 2252 ἀπέρχε-

2103 2269 2223 2321 σθαι
2270 2269 2486 2332 τόπους,
2518 2269 2607 2321 δια
2654 2268 2709 2321 δὲ
2761 2270 2977 2324 αἰώνιον
3031 2272 3303 2342 σωτηρίαν
3358 2272 3490 2342 μηδὲ
3520 2274 3680 2343 τριῶν

2103 2360 2322 2431 ήμερῶν
2374 2360 2490 2412 ὁδὸν
2536 2362 2861 2432 πορευθῆναι
2897 2364 3149 2434 θελήσετε
3174 2366 3237 2415 ²¹.
3270 2364 3421 2416 Μετὰ
3459 2364 3557 2434 μὲν
3593 2362 3682 2417 οὖν

2099 2449 2197 2516 τὴν
2238 2449 2591 2518 προσομιλίαν
2625 2452 2830 2521 Πέτρου
2865 2451 2973 2520 ἐγὼ
3003 2456 3068 2522 τῇ
3105 2453 3421 2525 ὑγιασθείσῃ
3466 2456 3680 2521 γυναικὶ

2101 2538 2192 2588 ἐπὶ
2244 2540 2441 2601 παντὸς
2491 2538 2583 2591 τοῦ
2632 2539 2789 2610 ὄχλου
2836 2542 3010 2612 χιλίας
3060 2542 3307 2613 δραχμὰς
3352 2545 3432 2605 εἰς
3475 2544 3679 2613 τροφὰς

2100 2627 2479 2700 ὲδωρησάμην,
2517 2632 2897 2702 παραθέμενος
2938 2633 3104 2703 αὐτὴν
3151 2633 3337 2703 ἀγαθῴ
3370 2651 3472 2685 τινι
3506 2634 3673 2704 ἀνδρὶ,

2102 2718 2300 2788 πρώτῳ
2346 2720 2445 2789 τῆς
2493 2724 2698 2785 πόλεως
2748 2724 2881 2786 ὄντι,
2918 2724 3075 2792 φύσει
3128 2724 3263 2793 μετὰ
3312 2726 3486 2795 χαρᾶς
3523 2726 3676 2777 τοῦτο

2100 2812 2270 2860 ποιεῖν
2301 2812 2817 2881 προῃρημένῳ.’Έτι
2846 2813 2901 2865 δὲ
2932 2815 3024 2865 καὶ
3058 2814 3243 2876 ἄλλαις
3275 2814 3492 2877 πολλαῖς
3509 2815 3555 2844 ’⁸
3580 2816 3675 2883 ἀρ-

2097 2917 2261 2971 γυρια
2312 2901 2609 2971 διανείμας,
2644 2906 2763 2966 ταῖς
2809 2920 2939 2956 ποτε
2980 2906 3079 2974 τὴν
3110 2906 3317 2977 μητέρα
3351 2908 3672 2977 παραμυθη-

2100 2996 2359 3062 σαμέναις
2394 2995 2810 3066 εὐχαριστήσας,
2848 2996 3007 3065 272
3041 2997 3328 3050 διέπλευσα
3361 3000 3440 3060 είς
3485 2998 3672 3051 Ἀντά-

2021 3098 2064 3155 c
2100 3085 2277 3154 ραδον,
2314 3086 2428 3155 ἃμα
2475 3090 2538 3157 τῇ
2596 3089 2760 3158 μητρὶ
2808 3089 2898 3140 καὶ
2931 3089 3120 3159 Πέτρῳ
3169 3090 3262 3142 καὶ
3308 3093 3421 3153 τοῖς
3472 3091 3675 3154 λοιποῖς

2099 3177 2394 3247 ὲταίροις¹³
2418 3194 2431 3207 °
2469 3179 2559 3230 καὶ
2592 3177 2764 3241 οὕτως
2790 3180 2868 3242 είς
2900 3180 2997 3250 τὴν
3027 3180 3204 3244 ξενίαν
3238 3181 3596 3251 ὡρμήσαμεν.

2168 3289 2334 3343 XXV.
2378 3291 2687 3360 Γενομένων
2720 3290 2775 3342 δὲ
2808 3291 2962 3361 ἡμῶν
2986 3292 3029 3323 ’⁸
3066 3293 3158 3345 καὶ
3195 3294 3404 3364 τροφῆς
3448 3294 3681 3363 μεταλα-

2097 3380 2297 3433 δόντων
2331 3382 2423 3433 καὶ
2458 3381 2699 3450 συνήθως
2731 3383 3255 3453 εὐχαριστησάντων,
3291 3384 3369 3436 ἔτι
3404 3383 3553 3453 ὥρας
3585 3384 3681 3436 οὒ·-

2098 3490 2217 3542 σης,
2252 3471 2385 3541 ἔφην
2418 3470 2526 3539 ἐγὼ
2559 3471 2637 3541 τῷ
2672 3471 2863 3543 Πέτρῳ
2900 3473 3464 3545 (59)·Φιλανθρωπίας
3495 3476 3680 3546 ἔργον,

2096 3563 2252 3633 κύριέ
2290 3581 2388 3633 μου
2422 3562 2614 3633 Πέτρε,
2651 3566 2683 3633 ὴ
2737 3565 2843 3635 ὲμὴ
2891 3566 3112 3635 ἐποίησε
3158 3566 3360 3637 μήτηρ,
3393 3568 3493 3637 τῆς
3536 3567 3684 3631 ξενο-

2094 3655 2248 3724 δόχου
2282 3655 2688 3725 ὑπομνησθεῖσα
2714 3655 2987 3721 γυναικός.
3015 3657 3123 3709 Καὶ
3152 3659 3180 3709 6
3212 3658 3416 3727 Πέτρος
3447 3658 3682 3728 ἁπεκρί-

2096 3761 2225 3797 νατο
2247 3739 2423 3815 ’τΔρά
2456 3761 2538 3811 γε,
2569 3738 2613 3796 ὦ
2648 3744 2893 3815 Κλήμης,
2930 3744 3142 3816 ἀληθῶς
3174 3747 3458 3816 νενόμικας
3492 3748 3683 3815 φιλαν-

2098 3835 2341 3906 θρωπίας
2373 3836 2531 3906 ἔργον
2564 3837 2918 3905 πεποιηκέναι
2949 3837 3047 3906 τὴν
3093 3836 3189 3908 σὴν
3233 3838 3521 3901 τεκοῦσαν,
3560 3840 3682 3892 καθ’

2096 3924 2123 3977 ὃ
2151 3926 2249 3996 τὴν
2274 3926 2381 3977 ἀπὸ
2409 3926 2667 3994 ναυαγίου
2680 3926 2725 3956 ⁸⁵
2754 3926 2925 3994 αὐτὴν
2953 3925 3357 3997 ὑποδεξαμένην
3382 3927 3683 3996 ἠμείψατο,

2097 4014 2128 4085 ἢ
2179 4016 2254 4078 ὠς
2308 4016 2477 4086 μητρὶ
2532 4016 2740 4086 μεγάλα
2760 4016 2803 4045 ²⁶
2837 4017 3188 4087 χαριζόμενος
3218 4016 3418 4086 ⁸τοῦτον
3452 4017 3684 4088 εἴρηκας

2094 4108 2185 4159 τὸν
2217 4108 2410 4177 λόγον;
2447 4109 2508 4161 Ei
2559 4108 2613 4161 δὲ
2647 4108 2742 4178 οὐχ
2776 4108 2850 4170 ὡς
2882 4108 3256 4179 χαριζόμενος,
3292 4108 3405 4161 ἀλλ’
3440 4111 3517 4173 ὡς
3545 4112 3683 4181 ἀλη-

2098 4199 2268 4253 θεύων
2300 4200 2451 4270 ἔφης,
2478 4200 2656 4263 ἔοικάς
2693 4217 2778 4269 μοι
2813 4201 3024 4267 ἀγνοεῖν
3056 4201 3107 4252 τί
3142 4200 3257 4251 ποτ’
3283 4200 3403 4251 ἐστὶ
3425 4202 3467 4230 ³⁷
3498 4202 3685 4269 φιλαν-

2099 4292 2344 4363 θρωπίας
2376 4291 2621 4361 μέγεθος,
2643 4294 2762 4362 ἥτις
2795 4292 2940 4343 ἐστὶν
2976 4294 3008 4362 ἡ
3040 4293 3166 4374 ila-:1)
3186 4290 3277 4344 τοῦ
3302 4292 3547 4360 φυσικῶς
3572 4294 3685 4345 πεί-

2100 4383 2280 4445 θοντος
2306 4423 2320 4447 ,
2351 4384 2441 4453 ὴ⁸⁸
2492 4383 2627 4452 πρὸς
2661 4378 2769 4435 οἷον
2798 4383 2991 4453 δήποτε
3028 4382 3265 4453 στοργὴ,
3312 4382 3448 4435 καθὸ
3471 4384 3683 4455 ἄνθρω-

416 4465 520 4521 Sed
554 4485 653 4522 nec
693 4470 984 4538 hospitem,
1023 4486 1144 4539 quae
1178 4480 1405 4523 matrem
1454 4479 1603 4525 tuam
1641 4487 1671 4524 e
1706 4473 1993 4539 naufragio

2105 4476 2197 4538 πός
2232 4478 2396 4527 ἐστιν.
2417 4474 2554 4526 Ἀλλ’
2586 4474 2705 4526 οὐδὲ
2732 4474 2829 4544 τὴν
2864 4473 3133 4542 ξενοδόχον
3165 4475 3262 4544 τὴν
3302 4474 3409 4526 ἀπὸ
3436 4493 3677 4545 ναυφρα-

413 4562 677 4629 suscepit,
710 4564 887 4616 ausim
920 4564 1203 4616 hominum
1249 4571 1521 4616 amantem
1554 4564 1845 4631 appellare.
1888 4563 1990 4617 Mi-

413 4653 709 4707 sericordia
742 4655 884 4709 enim
914 4665 1212 4721 commota,
1251 4657 1485 4725 impulsa
1521 4665 1603 4710 est
1644 4655 1712 4709 ad
1744 4657 1879 4710 bene
1911 4656 1990 4708 fa-

2100 4568 2219 4635 γίου
2250 4566 2656 4637 ἀποδεξαμένην
2673 4567 2717 4596 ⁸⁹
2749 4565 2845 4635 τὴν
2880 4564 2976 4635 σὴν
3006 4565 3268 4617 τεκοῦσαν
3304 4566 3459 4617 οὔπω
3493 4566 3682 4633 φιλάν-

2096 4657 2309 4727 θρωπον
2355 4657 2527 4708 εἰπεῖν
2553 4654 2752 4726 τολμῶ.
2773 4653 2891 4705 ’Υπ’
2924 4651 3073 4706 ἐλέου
3120 4654 3228 4725 γὰρ
3264 4655 3679 4719 κολακευθεῖσα,

1727 4833 1961 4889 VARle
2002 4833 2406 4890 LECTIONES.

489 4948 734 5045 ad???
779 4947 843 5003 ο.
895 4951 964 5045 ἐς
1003 4950 1333 5045 ἱξτονρήσασα
1368 4949 1429 5001 C.
1506 4949 1551 5045 ἰο
1581 4949 1630 4999 εί
1658 4948 1861 5001 addidit
1886 4947 1923 5001 S
1972 4948 2400 5045 deconjecttt‘ra:
2434 4947 2491 5045 εὲ
2516 4945 2630 5045 γξιίξ
2645 4944 2732 5045 ,δή

1155 5014 1241 5091 um
1276 5021 1605 5091 στρατηγίας
1640 5034 1691 5086 p.
1731 5035 2021 5091 στρατειας
2052 5014 2215 5091 idem.
2277 5019 2324 5091 ξί
2356 5014 2722 5091 ΙιιιΩξηθέλειν

418 5018 659 5090 Subinde
681 5020 977 5090 ἐμπορείας
1009 5019 1071 5073 Ο.

417 5089 549 5157 Reg.
583 5090 707 5151 8M,
742 5090 1154 5213 προθυμήσεσθε
1190 5089 1327 5159 Epit.

417 5159 568 5213 αὑτό.
644 5160 689 5192 ⁸⁵
722 5176 969 5213 ναυφοαγ
995 5178 1056 5212 ου
1104 5162 1163 5213 G.
1273 5161 1318 5192 '°

415 5156 568 5213 αὑτό.
644 5160 689 5192 ⁸⁵
722 5156 1056 5230 ναυφραγίου
1104 5162 1163 5215 G.
1236 5156 1318 5192 ’⁸⁸
1361 5160 1580 5230 μεγάλω
1610 5156 1674 5212 Ο.

1429 5089 1473 5120 ²¹
1505 5090 1682 5151 ἄλλοις
1716 5089 1932 5150 πολλοῖς
1956 5091 2013 5141 (ἶ.
2092 5089 2137 5118 ’³
2168 5089 2241 5141 lla
2266 5089 2310 5141 0
2356 5103 2405 5141 c.
2433 5089 2592 5155 Epit.,

1431 5160 1580 5227 γάλω
1610 5156 1674 5212 Ο.
1755 5161 1797 5190 ¹⁷
1824 5159 1953 5211 ποτέ
1981 5160 2097 5211 ἐστι
2125 5158 2185 5212 C.
2263 5159 2361 5227 ’δή
2388 5173 2498 5210 οιιι.
2528 5155 2592 5209 0.

2787 4946 2908 5000 cod.
2940 4944 3070 5021 Reg.
3096 4918 3207 5001 .804
3230 4989 3245 5013 ,
3276 4949 3371 5021 Δείς
3396 4951 3504 5021 γάρ
3532 4949 3679 5019 Epit.

2524 5016 2722 5097 ,θέλειν
2755 5025 2978 5097 ιιιωῃιιρ
3006 5016 3169 5097 Ιιυῐῃζ
3191 5016 3533 5087 οοιιηθέλετε
3555 5016 3622 5071 tu.
3660 5060 3678 5097 _.

2092 5088 2137 5118 ’³
2168 5087 2241 5141 lla
2266 5086 2310 5141 0
2356 5103 2405 5141 c.
2433 5085 2600 5155 Epit.,
2637 5085 2843 5186 ἑτέροις
2876 5080 2940 5138 C.
3041 5080 3266 5150 ":Eptl.
3299 5080 3450 5143 addit
3499 5091 3596 5141 ἐπὶ
3624 5088 3685 5139 τὸ

2092 5180 2097 5209 ι
2125 5158 2185 5212 C.
2263 5160 2307 5190 ’⁸
2329 5159 2361 5225 ἡ
2388 5173 2498 5210 οιιι.
2528 5155 2592 5209 0.
2698 5157 2717 5186 ¹
2780 5154 3188 5225 ὑποδεξαμένην
3221 5156 3283 5211 0.

1722 5321 2030 5379 VARIORU
2040 5323 2087 5375 M
2126 5322 2353 5377 NOTAE.

497 5426 604 5503 ('69)
647 5429 838 5503 Ἐφῃν
1034 5429 1355 5503 ΔτῷᾼΠέτρῳ
1427 5434 1551 5487 "me
1598 5436 1760 5489 verba
1808 5451 1981 5503 usque

419 5496 485 5550 ad
531 5496 644 5568 ista,
689 5498 829 5550 ποῖα
867 5498 918 5550 δ’
983 5500 1093 5551 οὐκ
1128 5500 1225 5568 ἦν,
1260 5496 1501 5557 citantur
1551 5520 1581 5557 a
1645 5505 1847 5559 Nicone
1879 5496 1996 5558 mo-

424 5567 599 5619 tiaeho
621 5567 909 5643 Pal:es_tiuo
937 5569 989 5621 in
1016 5568 1281 5643 Pandecte
1308 5573 1821 5643 interpretationqu
1859 5575 1998 5628 divi-

424 5638 1037 5710 tiorummandatorum,
1064 5658 1226 5693 serui.
1252 5641 1321 5693 2i
1344 5653 1392 5695 et
1420 5638 1507 5710 59,
1535 5662 1657 5698 cum
1685 5646 1788 5698 hoc
1815 5646 1994 5699 titulo:

428 5701 508 5753 Τὰ
537 5704 875 5775 Κλημέντια,
938 5717 987 5761 et
1025 5701 1149 5761 ’Ἐκ
1207 5710 1313 5762 τῶν
1361 5701 1741 5783 Κλημεντίων,
1787 5716 1885 5770 hoc
1917 5724 1998 5771 cst

2089 5453 2153 5491 ex
2184 5437 2358 5505 Opere
2388 5438 2533 5490 dicto
2575 5436 2916 5489 Clementina.
2957 5434 3129 5491 Ornat
3157 5437 3547 5505 bibliothecam
3572 5436 3679 5488 Re-

2100 5504 2245 5574 giam
2272 5507 2509 5574 Optimus
2536 5507 2689 5568 liber,
2716 5508 2805 5575 qui
2833 5507 3093 5561 collectus
3112 5518 3193 5561 est
3214 5524 3278 5561 ex
3310 5507 3509 5560 divinis
3532 5504 3679 5559 Scri-

2100 5578 2295 5645 pturis,
2322 5577 2493 5629 sacris
2520 5577 2844 5642 canonilius,
2875 5577 3202 5631 testimoniis
3231 5588 3548 5630 sanctorum
3582 5575 3679 5627 Pa-

2102 5657 2265 5711 trum,
2305 5647 2535 5713 aliisque
2578 5646 2943 5705 monumentis
2970 5647 3381 5713 ccclcsiasticis,
3436 5664 3537 5700 uec
3570 5661 3675 5698 nou

2101 5717 2307 5787 legibus
2332 5716 2597 5772 civilibus.
2630 5714 2769 5779 ϐυτ,
