3860 6210
134 306 231 362 521

1251 297 1708 356 CLEMENTINA.
1746 329 1818 340 ——
1843 296 2126 350 ΠΟΜΙΙᾹΛ
2173 294 2285 349 ΧΠ.

3296 294 3403 349 523

135 423 498 481 ἐπέπειστο⁸⁶
549 421 826 493 εὐεργέτις
872 419 1122 489 γενέσθαι
1173 419 1427 487 γυναικὸς
1478 419 1721 490 ναυαγίῳ

1832 414 2076 469 ciendum
2113 413 2324 467 mulieri
2357 409 2702 482 naufragium
2737 424 2936 480 passae,
2985 417 3144 464 natos
3175 407 3401 477 lugenti.

137 517 563 592 περιπεσούσης,
592 516 759 568 τέκνα
790 514 1112 584 πενθούσης,
1148 513 1323 584 ξένης,
1357 515 1589 584 γυμνῆς,
1629 531 1724 583 με-

140 611 458 684 μονωμένης
475 609 516 641 ³¹
551 608 645 662 καὶ
677 607 880 678 σφόδρα
911 607 1004 658 ἐπὶ
1034 609 1150 670 ταῖς
1186 609 1490 678 συμφοραῖς
1529 606 1723 674 ὀλοφυη

139 704 390 776 ρομένης.
413 702 505 753 Ἐν
532 698 820 759 τοσαύταις
847 693 937 750 οὖν
961 697 1129 766 αὐτῆς
1154 700 1460 767 συμφοραῖς
1474 696 1516 726 ²²
1538 695 1722 766 οὔσης,

135 795 213 857 τίς
243 795 336 847 καὶ
371 791 589 846 ἀσεϐῶν
626 789 748 844 ἰδὼν
783 790 885 842 οὐκ
911 787 974 841 ἂν
1004 787 1432 865 ὴλέησεν;’¹Ωστε
1456 787 1609 840 οὐπω
1642 805 1727 856 φι-

136 880 654 955 λανθρωπίας273
673 880 832 954 ἔργον
855 882 1180 950 πεποιηκυία
1201 877 1442 946 φαίνεται
1457 879 1620 948 οὐδὲὴ
1643 877 1728 942 ξε-

136 976 343 1045 νοδόχος
375 975 539 1045 γυνὴ,
561 974 696 1027 ἀλλὰ
728 974 875 1027 ὐπ’³³
907 971 1056 1024 ὲλέου
1083 970 1177 1023 τοῦ
1209 971 1300 1024 ἐπὶ
1337 969 1558 1041 μυρίαις
1586 985 1724 1038 συμ-

139 1071 325 1138 φοραῖς
352 1067 497 1137 πρὸς
517 1064 836 1136 εὐεργεσίας
870 1061 1198 1133 κεκινημένη
1224 1061 1291 1092 ³⁸·
1322 1061 1474 1130 πόσῳ
1502 1077 1564 1128 γε
1589 1059 1726 1130 μάλ-

137 1158 222 1210 λον
252 1159 286 1226 ἡ
316 1158 385 1226 σὴ
421 1155 680 1218 τεκοῦσα,
719 1154 832 1224 βίου
867 1153 1215 1224 εὐπορήσασα
1261 1152 1352 1204 καὶ
1401 1152 1554 1222 τὴν³⁵
1585 1150 1728 1215 ξενο-

138 1248 286 1318 δόχον
306 1246 691 1317 ἀμειψαμένη,
718 1242 1124 1314 φιλανθρωπίας
1143 1242 1302 1312 ἔργον
1327 1243 1427 1295 οὐκ
1452 1242 1724 1312 ἐποίησεν,

140 1338 268 1391 ἀλλὰ
309 1337 531 1405 φιλίας;
566 1334 741 1404 Πολλὴ
790 1334 846 1386 δὲ
889 1331 1117 1403 διαφορὰ
1164 1331 1363 1402 μεταξύ
1411 1332 1590 1400 φιλίας
1635 1332 1728 1384 καὶ

141 1429 567 1500 φιλανθρωπίας,
599 1429 679 1480 ὅτι
711 1429 743 1497 ἡ
781 1427 879 1497 μὲν
913 1426 1064 1495 φιλία
1097 1424 1156 1489 ἐξ
1187 1424 1418 1495 ἀμοιϐῆς
1447 1423 1673 1492 γίνεται,
1694 1427 1727 1495 ἡ

141 1523 193 1575 δὲ
230 1520 617 1592 φιλανθρωπία
655 1521 784 1594 ἀνευ
828 1518 924 1571 τοῦ
964 1517 1208 1588 φυσικῶς
1239 1517 1517 1580 πείθοντος
1555 1517 1729 1570 πάντα

144 1610 440 1682 ἄνθρωπον,
476 1608 615 1662 καθὸ
659 1607 944 1680 ἄνθρωπός
981 1609 1118 1671 ἐστι,
1157 1606 1382 1676 φιλοῦσα
1429 1606 1726 1677 εὐεργετεῖ.

143 1705 200 1755 Εἰ
231 1703 326 1772 μὲν
354 1698 452 1755 οὖν
490 1704 524 1772 ἡ
562 1700 828 1772 ἐλεήσασα
856 1700 1128 1769 ξενοδόχον
1163 1699 1256 1751 καὶ
1287 1698 1515 1769 ἐχθροὺς
1544 1698 1732 1768 ἀδική-

1827 505 2143 575 peregrinaa,
2181 504 2361 568 nudaa,
2395 503 2688 568 destitutae,
2731 502 3072 572 multumque
3119 501 3404 556 calamita-

1827 609 1907 653 tes
1935 615 2063 652 suas
2090 598 2434 652 lamentanti.
2468 597 2526 651 In
2578 598 2742 651 tantis
2796 612 2925 668 ergo
2978 597 3403 652 adversitatibus

1826 698 2130 744 versantem
2165 689 2288 758 quis
2315 689 2524 750 videns,
2560 689 2724 741 etiam
2752 702 2818 740 ex
2851 687 3064 754 impiis,
3095 702 3203 739 non
3237 686 3404 740 mise—

1826 789 1977 836 ratus
2008 779 2238 834 fuisset?
2260 781 2445 846 Quare
2492 793 2836 848 nequaquam
2870 777 3228 830 humanitatis
3264 793 3402 846 opus

1826 888 1928 926 nec
1959 872 2155 925 mulier
2181 872 2397 939 hospita
2429 871 2642 923 videtur
2675 870 2972 940 peregisse,
3009 869 3102 924 sed
3140 869 3206 923 ad
3235 869 3402 922 bene-

1827 961 2132 1017 facicndum
2172 970 2317 1014 mota
2345 961 2514 1016 fuisse
2544 962 2915 1015 misericordia
2940 976 3004 1013 ex
3029 960 3280 1030 plurimis
3311 960 3406 1013 ad-

1826 1055 2000 1110 versis
2030 1064 2169 1109 orta.
2201 1053 2416 1120 Quanto
2461 1055 2633 1123 magis
2679 1069 2877 1123 parens
2909 1062 3022 1119 tua,
3055 1053 3403 1107 facultatibus

1827 1147 2114 1202 abundans
2135 1156 2190 1200 et
2211 1147 2478 1215 hospitam
2502 1154 2871 1211 remunerata,
2903 1159 3010 1198 non
3046 1144 3404 1199 humanitatis

1829 1254 1968 1308 opus
2014 1238 2209 1303 effecit,
2246 1253 2430 1290 verum
2467 1238 2749 1292 eharitatis
2781 1254 2876 1293 seu
2914 1238 3204 1292 amicitiae?
3237 1238 3404 1292 Multa

1828 1331 1974 1383 enim
2000 1328 2288 1383 intercedit
2305 1329 2608 1383 differentia
2631 1330 2770 1382 inter
2787 1330 3109 1384 charitatem
3133 1340 3186 1384 et
3211 1331 3404 1384 Imma-

1830 1422 2076 1487 nitatem,
2111 1421 2238 1490 quia
2282 1421 2520 1475 charitas
2576 1423 2795 1490 quidem
2853 1437 2920 1476 ex
2963 1423 3404 1477 remuneratione

1829 1523 1933 1578 est,
1951 1513 2259 1567 humanitas
2276 1528 2400 1567 vero
2422 1513 2628 1582 absque
2653 1514 2762 1568 ulla
2785 1514 3017 1567 naturali
3044 1516 3404 1583 propensione

1831 1606 2110 1659 hominem
2141 1622 2382 1669 omnem,
2415 1607 2543 1676 quia
2579 1607 2744 1661 horno
2771 1617 2875 1673 est,
2904 1606 3080 1677 diligit
3105 1623 3170 1663 ac
3200 1609 3404 1662 benefi-

1832 1697 1932 1752 ciis
1965 1697 2148 1752 allicit.
2181 1697 2368 1767 Itaque
2395 1699 2441 1752 si
2467 1699 2686 1768 hospes,
2712 1715 2833 1768 qua;
2856 1699 3077 1752 miserta
3107 1707 3210 1763 est,
3240 1701 3401 1753 ctiam

146 1813 331 1858 σαντας
382 1795 611 1848 ὲλεοῦσα
629 1794 673 1824 ³⁸
707 1793 984 1865 εὐεργετεῖ
1000 1793 1066 1856 ³⁷,
1099 1791 1476 1863 φιλάνθρωπος
1521 1789 1586 1842 ἂν
1622 1785 1690 1859 ἦν
1717 1788 1727 1801 ⁸

1838 1787 2022 1844 hostes
2052 1790 2192 1844 male
2243 1791 2308 1845 de
2359 1806 2425 1843 ea
2455 1791 2682 1844 meritos
2714 1791 2971 1844 miserata
2998 1790 3259 1845 beneficio
3289 1792 3406 1845 alli-

145 1889 188 1938 εί
214 1887 267 1939 δὲ
289 1887 333 1918 ³⁸
363 1887 456 1939 διά
485 1904 540 1938 τι
573 1884 702 1954 φίλη
731 1884 764 1954 ἢ
795 1883 982 1954 ἐχθρὰ,
1007 1883 1102 1936 καὶ
1129 1882 1218 1935 διά
1239 1900 1291 1935 τι
1315 1881 1483 1952 ὲχθρά
1511 1881 1543 1952 ἢ
1573 1881 1722 1951 φίλη,

144 1977 230 2047 ﬁ"
257 1978 488 2046 τοιαύτη
516 1974 612 2029 τοῦ
641 1975 784 2038 τινὸς
828 1973 1002 2028 αἰτίου
1029 1973 1156 2044 φίλη
1185 1972 1332 2025 ἐστὶν
1365 1971 1398 2043 ἢ
1438 1970 1626 2043 ἐχθρὰ,
1661 1973 1724 2024 οὐ

145 2064 229 2119 τοῦ
257 2064 574 2138 ἀνθρώπου.

208 2242 400 2298 XXVI.
469 2241 642 2311 Κάγὼ
700 2240 1103 2314 ἀπεκρινάμηνο
1161 2237 1236 2293 Οὐ
1293 2236 1443 2292 δοκεῖ
1497 2255 1579 2290 σοι
1633 2235 1726 2292 οὖν

146 2333 524 2405 φιλάνθρωπος
581 2330 718 2386 εἶναι
785 2333 889 2386 κᾶν
931 2335 963 2403 ἡ
1009 2330 1298 2401 ξενοδόχος,
1345 2327 1499 2400 ξένην
1532 2333 1596 2401 ἢν
1628 2332 1727 2384 οὐκ

152 2426 399 2496 ὴπίστατο
453 2427 894 2497 εὐεργετήσασα;
929 2425 1040 2478 Καὶ
1088 2427 1115 2477 6
1160 2424 1384 2494 Πέτρος⁸
1430 2424 1727 2494 Ἐλεήμονα

151 2517 240 2585 μὲν
284 2517 456 2588 αὐτὴν
507 2519 680 2569 εἰπεῖν
737 2517 1073 2587 ἐπίσταμαι,
1130 2512 1511 2584 φιλάνθρωπον
1554 2514 1610 2567 δὲ
1664 2515 1725 2566 οὐ

150 2608 320 2680 τολμῶ
358 2609 568 2678 λέγειν,
601 2609 695 2663 ἆτε
735 2608 798 2678 δὴ
825 2607 947 2660 οὔτε
969 2609 1068 2680 τὴν
1099 2605 1363 2660 τεκοῦσαν
1396 2604 1721 2675 φιλότεκνονο

151 2700 232 2752 ὐπ’
263 2701 465 2754 ὠδίνων
500 2701 608 2773 γὰρ
637 2701 731 2754 καὶ
763 2701 1070 2772 ἀνατροφῆς
1116 2699 1366 2771 στέργειν
1414 2698 1723 2752 πέπεισται.

161 2795 244 2860 Ὠς
285 2799 377 2851 καὶ
408 2799 436 2850 6
465 2799 606 2867 ὲρῶν
647 2799 753 2851 ὐπὸ
783 2799 884 2868 τῆς
930 2797 1221 2869 συνηθείας
1253 2797 1607 2852 κολακεύεται
1633 2797 1728 2850 καὶ

154 2887 302 2956 εὐνῆς
318 2889 382 2952 ⁵ο,
439 2889 540 2942 καὶ
581 2889 614 2951 6
647 2887 798 2956 φίλος
832 2887 938 2940 ὑπὸ
986 2888 1086 2958 τῆς
1110 2887 1367 2958 ἀμοιϐῆς,
1412 2884 1558 2938 οὕτω
1582 2887 1676 2939 καὶ
1699 2886 1727 2936 6

155 2975 305 3030 ἐλεῶν
330 2979 436 3031 ὐπὸ
475 2979 575 3048 τῆς
625 2980 924 3050 συμφορᾶς.
952 2978 1096 3060 Πλὴν
1118 2980 1282 3046 ἐγγὺς
1313 2981 1341 3032 6
1370 2978 1616 3050 ἐλεήμων
1649 2978 1727 3049 τῷ

156 3068 532 3141 φιλανθρώπῳ,
565 3071 647 3124 ὅτι
688 3070 816 3153 ἅζευ
851 3070 942 3123 τοῦ
969 3087 1020 3122 τι
1053 3070 1319 3141 θηρᾶσθαι
1353 3069 1535 3122 λαϐεῖν
1563 3069 1728 3141 274

158 3159 406 3213 πείθεται.
435 3161 588 3234 Πλὴν
610 3146 762 3213 οἵ)πῶ
784 3160 1162 3232 φιλάνθρωπός
1185 3162 1350 3214 ἐστιν.
1372 3159 1546 3230 Κάγὼ
1572 3161 1724 3232 ἔφην·
1756 3146 1798 3203 C
1833 3170 2116 3224 neratione

164 3248 283 3305 Ἐπὶ
323 3254 508 3315 ποίαις
549 3249 642 3306 οὖν
692 3253 921 3325 πράξεσι
957 3253 1332 3324 φιλάνθρωπος
1357 3252 1495 3306 εἶναί
1526 3271 1609 3317 τις
1640 3252 1732 3306 δύ-

161 3361 338 3409 ναται;
398 3346 512 3398 Καὶ
564 3346 592 3396 ὁ
656 3345 859 3417 Πέτρος
905 3343 1254 3416 ἀπεκρίνατο’
1293 3344 1446 3397 Ἐπεὶ
1501 3341 1612 3415 ὁρῶ
1669 3359 1729 3397 σε

163 3435 462 3506 γλιχόμενον
523 3434 773 3500 ἀκοῦσαι,
827 3434 880 3487 τί
939 3435 1058 3488 ποτ’
1106 3434 1280 3487 ccci“
1323 3433 1730 3504 φιλανθρωπίας

165 3526 325 3598 ἔργον,
357 3531 460 3584 οὐκ
497 3530 712 3601 ὀκνήσω
742 3529 940 3598 λέγειν.
983 3526 1368 3596 Φιλάνθρωπὸς
1400 3529 1546 3578 ἐστιν
1569 3529 1596 3578 ὁ
1634 3526 1728 3580 καὶ

168 3619 371 3690 ἐχθροὺς
392 3620 717 3692 εὐεργετῶν.
758 3621 876 3671 Ὅτι
900 3618 955 3669 δὲ
980 3616 1151 3679 οὕτως
1192 3615 1322 3684 ἔχει,
1351 3616 1596 3668 ἄκουσον.
1632 3618 1726 3667 Φι-

167 3709 463 3786 λανθρωπία
485 3715 631 3766 ἐστὶν
656 3710 1037 3784 ἀῤῥενόθηλυς,
1053 3703 1120 3780 ἦς
1137 3709 1198 3762 τὸ
1219 3708 1350 3780 θῆλυ
1373 3709 1534 3780 μέρος
1557 3711 1725 3775 ἐλεη-

169 3806 384 3873 μοσύνη
409 3805 651 3872 λέγεται,
671 3803 732 3854 τὸ
763 3801 820 3854 δὲ
853 3800 1019 3872 ἄρρεν
1052 3799 1222 3869 αὐτῆς
1253 3797 1450 3867 ἀγάπη
1479 3799 1614 3868 πρὸς
1637 3800 1727 3851 τὸν

173 3891 374 3964 πλησίον
399 3895 732 3965 ὠνόμασται,
758 3891 982 3958 πλησίον
1008 3890 1063 3942 δὲ
1087 3889 1182 3943 ἀνθ
1193 3889 1358 3960 ρώπῳ
1388 3891 1534 3942 ἐστὶν
1557 3892 1585 3942 6
1623 3891 1728 3953 πᾶς

176 3980 461 4051 ἄνθρωπος,
491 3983 590 4052 οὐχ
614 3982 642 4034 ὅ
668 3999 751 4044 τις
774 3980 819 4012 δ’
847 3980 942 4030 ανο
953 3994 1151 4048 ρωπος,
1180 3978 1277 4033 ἄνθ
1288 3996 1467 4050 ρωπος
1487 3977 1598 4050 γάρ
1620 3979 1737 4032 ἐστι

178 4075 258 4127 καὶ
282 4079 308 4128 6
347 4077 517 4140 κακὸς
547 4077 642 4130 καὶ
669 4079 698 4130 6
734 4075 935 4144 ἀγαθὸς
966 4075 1061 4128 καὶ
1089 4076 1116 4128 6
1146 4073 1338 4146 ἐχθρὸς
1373 4073 1467 4125 καὶ
1497 4074 1526 4125 6
1562 4071 1732 4140 φίλος.

180 4166 281 4239 Χρὴ
307 4164 393 4222 οὖν
433 4170 524 4223 τὸν
567 4167 977 4239 φιλανθρωπίαν
1015 4167 1287 4220 ἀσκοῦντα
1333 4164 1573 4236 μιμητὴν
1596 4160 1736 4217 εἶναι

177 4253 256 4310 τού
276 4259 423 4324 Θεοῦ,
447 4259 840 4332 εὐεργετοῦντα
861 4259 1100 4322 δικαίους
1121 4259 1213 4312 καὶ
1227 4258 1464 4322 ἀδίκους,
1482 4257 1557 4320 ὼς
1575 4255 1736 4320 αὐτὸς

179 4346 204 4396 6
222 4345 338 4411 Θεὸς
375 4351 540 4402 πᾶσιν
582 4350 639 4400 ὲν
669 4347 748 4418 τῷ
779 4347 872 4400 νῦν
906 4347 1093 4418 κόσμῳ
1114 4348 1204 4400 τόν
1227 4364 1286 4399 τε
1314 4346 1463 4417 ἥλιον
1487 4347 1579 4398 καὶ
1603 4346 1728 4407 τοὺς

1828 1891 1994 1946 ceret,
2024 1881 2261 1935 humana
2291 1891 2433 1936 esset
2466 1899 2478 1935 :
2513 1882 2597 1935 sin
2628 1897 2759 1936 vero
2787 1891 3007 1951 propter
3051 1881 3182 1952 quid
3224 1884 3402 1936 amica

1826 1982 1909 2025 est
1943 1971 2025 2024 vel
2059 1971 2279 2025 inimica
2311 1979 2365 2024 et
2392 1980 2614 2040 propter
2641 1969 2770 2041 quid
2799 1972 3019 2025 inimica
3067 1972 3152 2026 vel
3201 1973 3399 2036 amica,

1826 2064 1942 2118 haec
1972 2064 2204 2133 alicujus
2236 2064 2336 2130 rei,
2364 2079 2487 2133 quae
2527 2079 2692 2119 causa
2725 2064 2816 2131 sit,
2849 2064 3025 2118 amica
3071 2073 3153 2120 est
3183 2065 3268 2120 vel
3297 2066 3404 2120 ini-

1827 2159 1991 2221 mica,
2029 2175 2135 2212 non
2164 2166 2348 2211 autem
2376 2157 2635 2212 hominis.

1897 2247 2089 2302 XXVl.
2127 2246 2193 2302 Et
2235 2263 2335 2320 ego
2370 2249 2627 2318 respondi
2661 2267 2673 2302 :
2706 2246 2824 2302 Non
2862 2264 2994 2320 ergo
3035 2249 3131 2304 tibi
3177 2249 3395 2304 videtur

1826 2358 1947 2398 esse
1998 2345 2235 2397 humana
2293 2343 2483 2396 saltem
2548 2343 2764 2412 hospes,
2795 2359 2919 2412 qua:
2961 2344 3014 2397 in
3058 2345 3400 2414 peregrinam

1828 2448 1991 2502 quam
2069 2448 2180 2486 non
2248 2441 2476 2486 noverat
2532 2431 2856 2487 beneﬁcium
2922 2432 3188 2487 contulit?
3260 2432 3393 2488 Tum

1828 2524 2020 2579 I’etrus
2043 2543 2054 2577 :
2077 2523 2210 2578 Eam
2243 2524 2463 2593 quidem
2501 2525 2907 2580 misericordem
2946 2525 3222 2595 appellare
3247 2526 3398 2590 novi,

1829 2617 2111 2671 hominum
2142 2625 2321 2672 autem
2356 2625 2628 2672 amantem
2654 2633 2763 2671 non
2791 2619 2964 2672 audeo
2995 2619 3195 2683 dicere,
3219 2634 3396 2688 quau-

1828 2708 2122 2776 doquidem
2155 2723 2258 2762 nec
2282 2716 2514 2761 matrem
2549 2718 2824 2762 amantem
2860 2709 3402 2778 liberorum,quippe

1827 2816 1948 2869 quae
1985 2816 2015 2854 a
2058 2810 2250 2868 partus
2292 2801 2578 2855 doloribus
2621 2809 2676 2854 et
2724 2801 2792 2855 ab
2821 2802 3146 2856 educatione
3178 2802 3245 2856 ad
3280 2803 3402 2856 dili-

1828 2891 2060 2962 gendum
2117 2892 2397 2963 compulsa
2449 2893 2541 2948 sit.
2597 2891 2732 2946 Nam
2783 2893 2927 2948 sicut
2991 2894 3086 2964 qui
3147 2894 3403 2964 cupidine

1835 2982 2226 3049 inflammatur,
2263 2999 2293 3037 a
2352 2983 2750 3039 consuetudine
2799 2988 3072 3039 mulcetur
3104 2994 3157 3039 et
3201 3001 3404 3039 concu-

1831 3075 1968 3138 bitu,
1998 3076 2090 3146 qui
2125 3091 2313 3131 amore
2345 3092 2439 3131 seu
2475 3077 2717 3131 amicitia
2745 3077 3120 3147 prosequitur,
3147 3093 3177 3131 a
3217 3093 3401 3132 remu-

2167 3188 2182 3225 :
2235 3170 2310 3224 ita
2356 3179 2410 3224 et
2463 3171 2558 3240 qui
2619 3172 2930 3236 miseretur,
2988 3188 3018 3226 a
3072 3174 3399 3228 calamitate.

1831 3262 2084 3316 Attamen
2134 3262 2449 3318 misericors
2482 3264 2722 3319 humano
2763 3265 2978 3320 vicinus
3005 3275 3108 3330 est,
3140 3267 3402 3335 quoniam

1830 3354 2041 3421 absque
2093 3355 2342 3410 muneris
2395 3355 2561 3410 ullius
2596 3356 2905 3425 captatione
2938 3357 3004 3411 ad
3035 3358 3401 3426 praestandum

1831 3443 2149 3498 beneﬁcium
2185 3443 2378 3501 fertur.
2407 3444 2660 3500 Nondum
2697 3455 2875 3500 tamen
2909 3446 3184 3501 humanus
3215 3456 3317 3500 est.
3339 3447 3405 3500 Et

1828 3555 1928 3610 ego
1975 3539 2088 3592 dixi
2125 3557 2137 3593 :
2173 3537 2254 3592 0b
2288 3555 2427 3610 quas
2480 3540 2646 3608 igitur
2679 3541 2922 3594 actiones
2953 3540 3226 3595 humanus
3277 3541 3402 3610 quis

1828 3645 1948 3684 esse
1989 3631 2202 3700 potest?
2227 3628 2526 3699 Respondit
2566 3629 2763 3685 Petrus
2801 3647 2815 3684 :
2851 3629 2990 3696 Quia
3019 3630 3179 3685 video
3218 3639 3270 3686 te
3299 3649 3406 3687 cu-

1829 3723 2017 3791 pidum
2047 3722 2326 3787 audiendi,
2355 3723 2630 3791 quodnam
2665 3723 2736 3777 sit
2761 3723 3120 3778 humanitatis
3142 3723 3400 3790 officium,

1829 3826 1938 3864 non
1989 3811 2194 3882 pigebit
2253 3812 2458 3866 dicere.
2499 3811 2784 3866 Hnmanus
2806 3820 2912 3876 est,
2947 3811 3040 3881 qui
3076 3813 3242 3866 etiam
3293 3814 3401 3866 ini-

1829 3901 1990 3956 micis
2049 3903 2188 3957 bene
2243 3901 2392 3958 facit.
2441 3903 2597 3968 Quod
2651 3912 2830 3958 autem
2889 3904 2963 3957 ita
3012 3905 3227 3970 habeat,
3252 3907 3399 3960 audi.

1829 3989 2149 4046 Humanitas
2183 4001 2264 4047 est
2293 3990 2763 4056 masculofemina,
2800 3990 2956 4060 Cujus
2993 3989 3227 4044 feminea
3275 4008 3402 4060 pars

1830 4081 2202 4137 misericordia
2248 4083 2466 4146 dicitur,
2498 4082 2642 4151 quod
2675 4096 2806 4134 vero
2840 4081 2893 4134 in
2931 4081 3020 4134 illa
3074 4090 3157 4134 est
3186 4097 3402 4134 mascu-

1829 4172 1965 4236 lum,
1991 4173 2210 4227 dilectio
2242 4188 2369 4242 erga
2400 4173 2710 4242 proximum
2752 4171 3085 4239 nominatur,
3118 4171 3402 4239 proximus

1830 4275 2010 4321 autem
2043 4265 2252 4319 homini
2278 4275 2362 4320 est
2383 4266 2612 4336 quilibet
2653 4266 2910 4330 homo,et
2942 4280 3050 4318 non
3081 4264 3168 4318 hic
3191 4263 3275 4316 vel
3301 4265 3402 4317 iste

1831 4358 2025 4424 homo;
2054 4357 2219 4411 homo
2244 4359 2386 4412 enim
2410 4366 2494 4413 est
2523 4370 2686 4411 etiam
2720 4357 2899 4411 malus
2935 4363 2988 4410 et
3008 4356 3205 4420 bonus,
3225 4355 3400 4410 Ιιοειίε

183 4437 346 4503 ὑετοὺς
396 4441 560 4494 αὐτοῦ
606 4440 859 4512 παρέχων
876 4440 941 4492 ⁸³.
972 4441 1034 4492 Εἰ
1066 4439 1122 4492 δὲ
1148 4438 1321 4500 θέλεις
1347 4437 1583 4506 ἀγαθοὺς
1631 4437 1727 4507 μὲν

185 4529 300 4551 -.’,__,
405 4537 426 4549 οι
624 4533 660 4551 κε
697 4550 704 4551 ,
735 4532 782 4551 ex
817 4531 1002 4551 Δ.μ...ι..
1053 4531 1077 4551 9!
1121 4529 1207 4551 ---Α
1243 4529 1326 4551 ---Ἴ
1348 4529 1492 4551 ι.›--.-.
1539 4526 1723 4551 ---._-.‘I

1832 4449 2034 4518 pariter
2061 4465 2124 4504 ac
2154 4450 2385 4505 amicus.
2419 4447 2646 4519 Oportet
2677 4463 2809 4518 ergo
2840 4463 2965 4501 eum
3003 4447 3094 4516 qui
3141 4447 3399 4500 humani-

183 4529 476 4602 εὐεργετεῖν,
506 4533 707 4595 κακοὺς
731 4532 786 4584 δὲ
814 4531 1028 4601 μηκέτι,
1052 4531 1084 4603 ἢ
1119 4529 1213 4582 καὶ
1243 4529 1512 4592 κολάζειν,
1539 4529 1725 4598 κριτοῦ

180 4621 230 4672 τὸ
257 4623 399 4694 ἔργον
419 4626 680 4696 πράττειν
707 4626 1000 4695 ἐπιχειρεῖς
1015 4622 1154 4686 ⁸³,οὐ
1183 4621 1246 4674 τὸ
1284 4621 1384 4691 τῆς
1421 4619 1725 4691 φιλανθρω-

183 4712 289 4776 πίας
315 4715 628 4780 σπουδάζεις
652 4715 814 4786 ἔχειν.

1835 4546 1997 4593 tatem
2030 4541 2177 4604 colit,
2210 4541 2537 4596 imitatorem
2576 4539 2667 4593 Dei
2697 4555 2838 4604 esse,
2866 4547 2920 4592 et
2948 4539 3012 4592 de
3040 4539 3204 4608 justis
3238 4547 3400 4607 atque

1831 4625 2053 4696 injustis
2083 4630 2220 4684 bene
2243 4631 2460 4696 mereri,
2504 4631 2649 4685 sicut
2676 4631 2791 4698 ipse
2813 4629 2955 4684 Deus
2985 4631 3195 4684 cunctis
3217 4629 3270 4682 in
3297 4629 3400 4682 hoc

1836 4719 2040 4772 mundo
2071 4721 2239 4774 solem
2260 4723 2572 4792 imbresque
2596 4736 2727 4775 suos
2756 4721 2976 4790 prmhet.
3004 4720 3158 4787 Quod
3191 4721 3236 4775 si
3265 4721 3398 4774 velis

185 4802 318 4860 bonis
347 4809 563 4877 quidem
620 4809 962 4872 benefacere,
1012 4819 1120 4859 non
1175 4813 1356 4859 autem
1406 4802 1587 4869 malis,
1661 4804 1744 4858 vel
1810 4807 1909 4865 hos
1960 4813 2173 4880 punire,
2213 4812 2417 4882 judicis
2473 4829 2673 4868 munus
2739 4813 2964 4882 implere
3015 4813 3226 4878 niteris,
3287 4829 3396 4867 non

183 4910 290 4950 vero
318 4901 510 4956 habere
540 4902 934 4956 humanitatem
959 4901 1200 4956 conaris.

245 4987 435 5046 XXVII.
485 4992 657 5062 Κάγὼ
681 4993 834 5064 ἔφην’
870 4989 1020 5064 τΑρά
1063 5008 1123 5060 γε
1150 4992 1243 5045 καὶ
1275 4992 1303 5044 6
1336 4990 1487 5055 Θεὸς,
1518 4991 1727 5062 μέλλων

1901 4991 2115 5049 XXVII.
2153 4995 2218 5050 Et
2278 5011 2376 5065 ego
2410 4996 2520 5049 dixi
2553 4994 2760 5064 :Igitur
2787 4994 2950 5061 Deus,
2979 4996 3072 5066 qui
3103 4995 3398 5066 aliquando

187 5081 350 5132 πῠτὲ⁴⁸
375 5083 600 5158 κρίνειν,
624 5083 701 5148 ὡς
736 5083 1007 5146 διδάσκεις
1033 5085 1180 5154 ἡμᾶς
1194 5084 1239 5114 ⁵⁸
1267 5123 1281 5148 ,
1310 5085 1372 5137 οὐ
1415 5083 1726 5156 φιλάνθρω-

1832 5085 2172 5154 iudicaturus
2216 5095 2318 5150 est,
2355 5096 2414 5139 ut
2445 5101 2546 5140 nos
2592 5086 2776 5152 doces,
2813 5101 2921 5139 non
2955 5096 3040 5142 est
3090 5087 3399 5143 humanus?

1468 5240 1705 5295 VARIAS
1745 5238 2146 5294 LECTIONES.

254 5351 290 5384 '°
311 5351 645 5428 πέπειστοο,
678 5352 788 5428 qni_
817 5352 1046 5428 subinde
1083 5369 1191 5409 scr.
1214 5355 1526 5426 εὐεργέτης.
1571 5355 1708 5409 Tum
1741 5352 2071 5428 vacem-{tto
2091 5351 2151 5428 C_.
2181 5419 2211 5428 Α
2229 5349 2272 5381 ³¹
2301 5348 2673 5428 μεμονομένης
2835 5349 3042 5428 “_Voc.
3067 5347 3395 5428 ὀλοφυρομέ-

192 5437 270 5490 νης
317 5427 395 5478 Ἐν
421 5418 710 5486 τοσαύταις
729 5419 822 5476 οὖν
852 5425 1023 5495 αὐτῆς
1046 5418 1719 5497 συμφοραίςίιοὴεχεωηι
1747 5426 1799 5476 in
1836 5418 1900 5476 0.
1973 5418 2140 5474 “673'
2173 5419 2239 5474 0.
2265 5418 2314 5474 c.
2343 5418 2400 5482 S,
2433 5418 2537 5471 ὑπό
2568 5420 2626 5472 C.
2691 5421 2736 5454 “
2760 5418 2835 5473 Ita
2865 5418 3004 5487 Epit.
3023 5420 3392 5540 .XEXtVngtéVOU

192 5491 241 5540 Β.
269 5495 611 5540 κεκινημένης
631 5492 694 5540 0.
793 5497 837 5528 ³⁸
870 5497 968 5540 τήν
998 5497 1339 5540 ΠΙΊΡΙΡΙῚηίςίῙ
1370 5495 1408 5540 ς.
1460 5512 1509 5540 η-
1546 5497 1625 5540 Cl-
1704 5495 1750 5531 ³ο
1778 5492 1983 5540 ὲλεῶσα
2008 5491 2070 5540 C.
2146 5492 2187 5522 ³⁷
2221 5489 2496 5540 εὐεργέτει
2529 5487 2584 5540 S.
2663 5487 2707 5519 ³⁸
2742 5490 2789 5540 εἰ
2833 5489 2887 5540 δέ
2932 5487 3108 5540 Ευιι..
3142 5490 3190 5540 εἰ
3253 5490 3283 5540 ἡ
3305 5491 3344 5540 C
3371 5527 3390 5540 .

192 5491 694 5566 Qtfszcmeévnio-

793 5497 837 5566 ξε
865 5486 1341 5566 τῆν’ρξειξίρίιόἰεὶι
1370 5495 1408 5549 S
1460 5497 1626 5566 (κω.
1676 5495 1750 5566 Ῠ³⁶
1778 5491 2070 5566 ὲλεῷσαᾼϐ.
2146 5492 2187 5522 ³⁷
2221 5489 2496 5566 εὐεργέτει
2529 5487 2609 5566 Sa
2647 5487 2707 5566 _”
2740 5490 2789 5566 εἰ
2833 5489 2887 5541 δέ
2932 5486 3108 5566 Epit.,
3142 5486 3283 5566 eiEi}
3305 5491 3344 5541 Ο
3371 5527 3390 5553 ,

191 5559 289 5634 ἢμδέ
309 5563 366 5619 0.
387 5559 521 5620 Tum
550 5559 682 5618 διότι
708 5581 759 5632 p.
795 5564 884 5618 διά
914 5559 965 5616 τι
995 5559 1142 5631 Epit.
1161 5567 1350 5634 ,_quod
1394 5565 1808 5634 praeferendum.
1886 5563 1929 5634 ἦέ

1968 5554 2488 5632 ήᾼδεευιιψεὶεκ-Ο.
2567 5558 2611 5589 ⁸ο
2641 5555 2702 5632 In
2735 5554 2799 5612 Ο.
2841 5554 3163 5632 expungitur
3183 5559 3240 5610 ὲν
3267 5554 3392 5611 ante

192 5631 341 5704 ςρνᾖς.
409 5636 453 5668 ⁸³
495 5635 622 5687 ποτέ
650 5627 796 5687 ἐστιν
829 5637 888 5688 (ἐ.
963 5636 1008 5665 δ’
1042 5627 1122 5687 ὅτι
1150 5627 1451 5704 εἷς’ρ,ὃτίς
1488 5637 1547 5689 C.
1623 5635 1671 5667 ’⁵³
1692 5627 2256 5704 ﬁonnttlliAEpilome’s
2322 5627 2740 5704 coddzjrapéxst
2781 5637 2838 5681 ut
2887 5630 3164 5704 legendum
3207 5640 3392 5704 censet

194 5699 245 5754 υ.
278 5699 398 5762 Tum
441 5705 597 5779 θέλῃς
629 5705 691 5762 C.
767 5704 816 5738 “
838 5705 1132 5776 ἐπιχειρεῖς
1177 5699 1434 5777 πράττειν
1466 5705 1526 5763 C.

1621 5705 1666 5738 ‘5
1691 5703 1769 5758 Ita
1794 5700 1931 5771 Epit.
1960 5695 2048 5769 95,
2071 5701 2193 5754 τότε
2215 5709 2440 5770 uterque
2469 5695 2624 5752 Ilom.
2653 5695 2774 5754 eod.
2851 5704 2896 5736 ιθ
2933 5699 3076 5769 ἡμᾶς
3113 5711 3222 5751 οιιι.
3251 5696 3314 5752 0.
