3860 6210
449 315 558 371 52³5

1330 319 1387 374 S.
1419 319 1810 376 CLEMENTIS
1842 322 1861 375 l
1902 321 2068 378 ROM.
2100 324 2300 380 PONT.
2343 325 2573 383 OPERA
2610 330 2836 389 DUBIA.

3621 346 3729 407 521

452 430 529 482 Ac
547 427 741 483 Petrus
767 446 780 482 :
807 427 1108 498 Pugnantia
1128 428 1547 499 loqueris.Nam
1578 433 1706 502 quia
1733 433 2024 502 judicabit,

2134 437 2233 501 πός
2285 440 2463 505 tactv;
2501 443 2612 496 Kal
2652 446 2681 496 6
2713 445 2936 518 Πέτρος·
2968 452 3289 509 Τούναντίον
3321 457 3521 528 λέγεις.
3564 460 3730 519 Ἐπεὶ

451 521 577 574 ideo
607 519 886 575 humanus
919 529 1024 574 est.
1068 519 1308 591 Diligens
1339 523 1483 576 enim
1522 538 1586 577 ac
1621 525 1914 580 miseratus
1947 527 2033 581 in-

2132 529 2241 618 γάρ
2275 532 2529 600 κρινεῖ⁶⁷,
2565 534 2654 588 διὰ
2697 537 2858 618 τοῦτο
2911 543 3292 618 φιλάνθρωπός
3335 519 3502 606 Eoi:th
3546 555 3730 608 Φιλῶν

445 611 594 680 juria
637 610 886 674 affectos,
913 611 1100 680 plectit
1130 627 1225 666 eos
1260 612 1354 681 qui
1386 613 1644 680 Injuriam
1701 615 2026 672 intulerunt.

449 699 516 756 Et
560 717 708 771 ego:
750 700 970 772 Itaque,
1023 703 1268 772 inquam,
1306 704 1350 758 si
1408 705 1523 773 ipse
1582 705 1743 761 bonis
1802 707 2026 763 benefa-

2132 617 2240 714 γάρ
2292 621 2386 714 καὶ
2435 621 2600 676 ἐλεῶν
2649 617 2775 691 τοὺς
2820 617 3204 704 ἠδικημένους,
3251 643 3551 714 τιμωρεῖδε
3593 649 3730 711 τοὺς

2129 711 2484 806 ἠδικηκότας.
2528 717 2700 786 Κάγὼ
2731 720 2885 792 ἔφην·
2938 727 3052 780 Οὐκ
3084 726 3196 795 οὖν,
3221 733 3268 784 εί
3302 711 3456 803 κάγὼ
3481 737 3731 806 ἀγαθοὺς

449 794 537 847 cio
567 803 622 848 et
656 794 954 864 injuriosos
983 796 1112 864 quia
1149 795 1337 865 injurii
1370 811 1495 866 erga
1522 797 1769 853 homines
1807 799 2030 857 fuerunt

2261 805 2557 876 εὐεργετῶ,
2587 812 2715 875 τοὺς
2755 814 2811 866 δὲ
2845 815 3164 885 ἀδικοῦντας
3185 794 3309 877 καθ’
3341 794 3731 900 δ’ἀνθρώπους

448 887 682 956 castigo,
721 886 995 939 humanus
1047 901 1192 940 sum.
1246 885 1312 941 Et
1345 886 1540 943 Petrus
1605 891 1928 960 respondit:
1968 891 2026 946 Si

447 991 556 1030 una
605 991 732 1030 cum
783 977 1120 1047 praenotione
1177 978 1405 1033 haberes
1461 993 1682 1050 quoque
1740 979 2024 1050 judicandi

446 1074 769 1136 potestatem
814 1076 964 1122 recte
1007 1068 1058 1121 id
1099 1067 1327 1134 faceres,
1362 1084 1458 1138 per
1487 1081 1762 1141 acceptam
1803 1072 2022 1142 quidem

443 1166 790 1226 potestatem,
810 1159 1183 1215 condemnans
1203 1175 1298 1215 eos
1327 1177 1469 1231 quos
1504 1163 1648 1217 Deus
1679 1165 1908 1229 ereavit,
1928 1181 2024 1232 per

442 1250 838 1318 praenotionem
891 1266 1047 1315 vero,
1087 1251 1384 1322 inculpate,
1441 1254 1494 1307 in
1553 1254 1850 1324 judicando
1907 1265 2022 1310 tum

441 1343 579 1397 alios
613 1353 875 1412 tanquam
909 1343 1093 1412 justos
1121 1345 1435 1409 absolvens,
1455 1356 1569 1400 tum
1600 1347 1736 1402 alios
1759 1355 2019 1417 tanquam

441 1435 674 1504 injustos
720 1436 1008 1490 damnans.
1063 1435 1130 1489 Et
1171 1453 1274 1506 ego
1321 1437 1432 1492 dixi
1470 1456 1482 1492 :
1526 1437 1691 1493 Recte
1719 1440 1934 1494 locutus
1961 1456 2020 1495 es

439 1545 504 1584 ac
527 1545 685 1595 vere;
716 1528 832 1583 Iieri
863 1530 1008 1584 enim
1037 1531 1244 1599 nequit,
1273 1540 1331 1584 ut
1357 1531 1449 1600 qui
1491 1533 1825 1601 praanotionc
1847 1541 2017 1599 caret,

437 1627 588 1672 recte
637 1618 868 1687 judicet.
911 1617 1189 1673 Interdum
1240 1622 1443 1690 quippe
1487 1624 1735 1676 nonnulli
1769 1624 2020 1679 videntur

439 1707 591 1773 boni,
639 1709 735 1778 qui
790 1709 976 1765 illicita
1019 1711 1160 1764 clam
1214 1722 1547 1781 perpetrant,
1588 1715 1835 1769 nonnulli
1888 1733 2018 1771 vero

2130 894 2394 988 ηδίκησαν
2425 901 2674 972 τιμωρῶ,
2723 905 2884 977 275
2918 909 3298 985 φιλάνθρωπός
3338 894 3651 988 είμιίΚαὶ

2129 987 2353 1087 ῖῐεέτρος⁵
2393 991 2745 1087 ἀπεκρίνατο·
2798 1000 2860 1052 El
2916 1005 3053 1072 μετά
3105 1006 3197 1060 τοῦ
3247 987 3558 1080 πρόγνωσιν
3610 1015 3728 1087 (40)

2125 1077 2270 1148 ἔχειν
2302 1075 2446 1151 εἶχες
2469 1085 2563 1138 καὶ
2594 1087 2692 1140 τοῦ
2719 1090 2924 1160 κρίνειν
2951 1094 3218 1164 ἐξουσίαν,
3247 1075 3424 1172 ὀρθῶς
3449 1103 3516 1157 ἂν
3560 1075 3729 1159 τοῦτο

2124 1172 2346 1238 ἐποίεις,
2373 1174 2462 1228 διὰ
2497 1177 2594 1248 μὲν
2619 1179 2679 1232 τὸ
2704 1182 2981 1254 εἰληφέναι
3007 1189 3104 1260 τὴν
3130 1191 3376 1258 ἐξουσίαν
3417 1197 3728 1253 καταδικά-

2123 1261 2233 1356 ςων
2257 1264 2351 1329 οὓς
2385 1269 2413 1320 6
2447 1267 2581 1332 Θεὸς
2608 1271 3028 1347 ἐδημιούργησε,
3063 1279 3150 1333 διὰ
3181 1282 3238 1334 δὲ
3267 1283 3365 1355 τὴν
3402 1287 3725 1356 πρόγνωσιν

2122 1354 2436 1422 ἀπταίστως
2461 1361 2520 1413 ὲν
2538 1361 2615 1434 τῷ
2640 1364 2844 1436 κρίνειν
2872 1367 2966 1432 οὓς
2995 1371 3092 1441 μὲν
3118 1373 3193 1437 ὡς
3207 1375 3449 1442 δικαίους
3463 1379 3722 1444 δικαιῶν,

2119 1445 2216 1512 οὓς
2234 1449 2292 1502 δὲ
2318 1449 2394 1515 ὡς
2425 1453 2645 1520 ἀδίκους
2685 1458 3086 1526 καταδικάζων.
3116 1465 3288 1536 Κάγὼ
3313 1468 3471 1541 ἔφην·
3510 1473 3725 1544 Ὀρθῶς

2120 1539 2257 1632 ἔφης
2289 1543 2383 1597 καὶ
2415 1546 2650 1619 ἀληθῶς·
2691 1551 2949 1608 ἀδύνατον
2988 1556 3097 1629 γάρ
3127 1576 3247 1612 τινα
3275 1539 3585 1632 πρόγνωσιν
3619 1569 3722 1621 οὐκ

2120 1631 2310 1702 ἔχοντα
2357 1635 2533 1708 ὀρθῶς
2584 1643 2786 1711 κρῖναι.
2837 1640 3038 1699 Ἐνίοτε
3073 1647 3184 1719 γὰρ
3251 1631 3531 1719 φαίνονταί
3569 1672 3722 1719 τινες

2121 1726 2334 1794 ἀγαθοὶ,
2390 1729 2622 1803 ἀθέμιτα
2684 1736 2868 1808 κρύφα
2915 1740 3412 1814 διαπρασσόμενοι,
3466 1747 3602 1802 ἔνιοι
3659 1751 3721 1803 δὲ

439 1800 571 1854 boni
598 1800 836 1855 hostium
861 1803 1136 1857 calumnia
1165 1805 1292 1857 mali
1326 1820 1448 1859 esse
1476 1807 1794 1861 creduntur.
1833 1809 1937 1864 Sed
1962 1821 2016 1865 et

2118 1820 2311 1889 ἀγαθοὶ
2347 1823 2453 1878 ὑπὸ
2485 1795 2742 1898 διαϐολῆς
2768 1795 2977 1903 ὲγθρῶν
3031 1795 3194 1888 κακοὶ

438 1891 485 1946 si
515 1893 640 1962 quis
675 1903 942 1962 potestate
970 1895 1260 1964 torqueudi
1297 1897 1558 1966 przeditus
1579 1898 1807 1968 judicet,
1839 1917 2014 1971 neque

436 1984 518 2038 sic
561 1984 708 2053 juste
760 1987 985 2041 omnino
1034 1987 1254 2043 habebit
1299 1989 1569 2059 judicare.
1601 1989 1833 2057 Quidam
1865 1995 2011 2049 enim

437 2075 743 2142 homicidae,
769 2078 1088 2147 quaestionis
1110 2086 1381 2135 tormenta
1414 2080 1774 2150 perferentes,
1794 2083 2010 2139 dimissi

435 2177 565 2222 sunt
610 2170 757 2223 velut
820 2171 1051 2237 innoxii,
1109 2171 1202 2225 alii
1269 2188 1420 2238 vero,
1487 2173 1582 2244 qui
1642 2183 1801 2229 erant
1854 2177 2010 2230 inno-

433 2269 640 2325 centes,
678 2276 802 2316 cum
835 2272 1105 2317 tormenta
1139 2263 1281 2318 ferre
1315 2279 1424 2318 non
1453 2267 1782 2335 potuissent,
1814 2278 2008 2323 contra

435 2367 496 2407 se
523 2354 735 2408 mentiti
768 2354 919 2408 velut
941 2357 1016 2409 rei
1047 2355 1316 2426 supplicio
1343 2355 1519 2412 aﬂ‘ecti
1552 2367 1700 2412 sunt.

502 2444 740 2500 XXVIII.
761 2446 899 2501 Tum
926 2446 1120 2502 Petrus
1146 2467 1160 2502 :
1185 2449 1364 2518 Atque
1398 2451 1536 2514 haac,
1561 2451 1760 2522 inquit,
1795 2453 2007 2508 modica

432 2545 582 2601 sunt,
629 2538 755 2592 audi
794 2553 926 2592 vero
971 2539 1169 2608 majus.
1209 2538 1348 2594 Cum
1382 2541 1554 2610 aliqui
1596 2541 1848 2597 homines
1881 2558 2008 2612 pec-

430 2642 559 2686 cant
587 2632 671 2686 vel
707 2631 844 2687 bene
891 2642 1081 2702 agunt,
1120 2648 1311 2688 eorum
1347 2650 1469 2704 quae
1520 2651 1666 2690 nunc
1712 2646 2010 2705 operantur

430 2725 537 2779 alia
567 2724 786 2795 quidem
819 2725 1063 2795 ipsorum
1090 2727 1312 2796 propria
1342 2736 1492 2794 sunt,
1518 2727 1623 2781 alia
1653 2744 1783 2783 vero
1805 2729 2005 2797 aliena,

431 2835 648 2888 aequum
685 2829 864 2873 autem
897 2829 982 2875 est
1029 2836 1483 2890 unumquemque
1515 2837 1612 2890 pro
1639 2822 1852 2878 delictis
1875 2837 2006 2892 pro-

432 2910 566 2979 priis
590 2911 720 2964 dare
755 2926 966 2980 pinnas,
997 2920 1091 2966 aut
1134 2929 1234 2982 pro
1279 2913 1488 2968 meritis
1521 2915 1756 2984 propriis
1795 2931 2008 2971 merce-

431 3004 554 3058 dem
589 3002 748 3058 I'erre.
784 3003 925 3057 Fieri
962 3013 1142 3059 autem
1193 3006 1382 3075 nequit
1429 3015 1488 3060 ut
1541 3007 1835 3078 quispiam,
1899 3009 2005 3065 nisi

2116 1929 2212 1967 νοι.
2252 1914 2392 1968 Ἀλλ’
2421 1918 2470 1970 εί
2503 1919 2711 1973 καὶτοῦ
2749 1921 3058 1992 βασανίζειν
3092 1927 3187 1982 καὶ¹
3223 1929 3535 2003 ἀνακρίνειν
3561 1934 3722 2000 ἐξου-

2117 2006 2236 2058 σίαν
2261 2024 2346 2070 τις
2366 2007 2504 2078 ἔχων
2536 2010 2765 2078 δικάζει,
2794 2015 2915 2069 οὐδὲ
2941 2015 3117 2081 οὕτως
3142 2018 3203 2072 τὸ
3234 2021 3454 2086 πάντως
3479 2024 3722 2090 δικαίως

2113 2097 2262 2170 αὐτῷ
2307 2100 2522 2154 δικάσαι
2580 2103 2806 2173 ἐγίνετο.
2837 2108 3006 2160 Ἔνιοι
3041 2109 3170 2181 γάρ,
3199 2114 3379 2181 φονεῖς
3402 2113 3579 2181 ὄντες,
3614 2117 3720 2181 τὰς

2116 2189 2383 2258 βασάνους
2415 2194 2829 2266 ὑπομείναντες,
2847 2198 2922 2264 ὡς
2960 2201 3126 2255 ἀθῶοι
3148 2243 3163 2268 ,
3191 2204 3566 2277 ἀπελύθησαν,
3596 2209 3719 2262 ἓτε-

2116 2299 2197 2354 ροι
2225 2283 2305 2352 δὲ,
2338 2285 2504 2340 ἀθῶοι
2530 2287 2682 2351 ὄντες
2698 2289 2762 2354 ⁸⁸,
2784 2289 2884 2354 τάς
2915 2291 3181 2362 βασάνους
3199 2296 3273 2367 μὴ
3291 2297 3712 2369 ὑπομείναντες,

2112 2377 2323 2430 ἑαυτῶν
2347 2379 2844 2452 καταψευσάμενοι,
2878 2384 2954 2448 ὡς
2981 2384 3144 2440 αἴτιοι
3174 2388 3568 2462 ἐκολάσθησαν.

2181 2469 2413 2526 XXVIII.
2454 2474 2563 2526 Kal
2594 2477 2622 2529 6
2674 2476 2898 2549 Πέτροςο
2952 2479 3228 2553 Μετρίως,
3265 2483 3390 2555 ἔφη,
3435 2485 3556 2557 ἔχει
3612 2487 3712 2541 καὶ

2108 2560 2301 2627 ταῦτα,
2326 2562 2387 2616 τὸ
2419 2563 2475 2617 δὲ
2507 2565 2694 2635 μεῖζον
2721 2568 2969 2623 ἄκουσον.
3004 2570 3191 2624 Ἐνίων
3210 2572 3512 2646 ἀνθρώπιον
3532 2577 3704 2646 ἁμαρ

2109 2652 2378 2707 τανόντων
2428 2653 2462 2726 ἦ
2512 2655 2945 2728 εὐπραττόντων,
2978 2654 3054 2713 ὧν
3100 2661 3194 2716 νῦν
3209 2664 3256 2697 ⁸⁸
3277 2664 3521 2720 ποιοῦσιν
3549 2667 3586 2720 ἂ
3609 2668 3711 2738 μὲν

2111 2742 2219 2798 ἴδια
2254 2743 2431 2800 αὐτῶν
2460 2748 2628 2813 ἐστιν,
2660 2748 2695 2802 ἃ
2719 2749 2775 2802 δὲ
2808 2750 3082 2824 ἀλλότρια,
3115 2753 3321 2809 δίκαιον
3365 2757 3422 2810 δὲ
3468 2757 3709 2813 ἕκαστον

2108 2833 2201 2888 ἐπὶ
2246 2837 2358 2899 τοῖς
2401 2836 2551 2901 ίδίοις
2593 2839 2950 2911 ἁμαρτήμασι
2975 2845 3333 2916 τιμωρεῖσθαι
3369 2845 3401 2918 ἢ
3451 2848 3549 2901 ἐπὶ
3593 2852 3705 2911 τοῖς

2113 2923 2262 2988 ἰδίοις
2285 2925 2701 2998 κατορθώμασιν
2727 2931 3149 3002 εὐεργετεῖσθαι.
3169 2932 3451 2989 Ἀδύνατον
3474 2936 3533 2989 δέ
3570 2956 3700 3002 τινι,

2109 3015 2248 3102 πλὴν
2295 3019 2548 3092 προφήτῃ
2599 3019 2743 3092 μόνῳ
2775 3023 3082 3095 πρόγνωσιν
3119 3025 3318 3096 ἔχοντι,
3353 3027 3481 3081 τά⁸¹
3535 3031 3704 3102 276

433 3093 586 3149 solus
644 3095 908 3164 propheta
967 3097 1364 3164 prznnotionem
1427 3097 1656 3165 habens,
1688 3099 1758 3154 ab
1824 3102 2008 3171 aliquo

2118 3095 2219 3158 ὑίῖτό
2249 3122 2394 3170 τινος
2425 3109 2683 3180 γινόμενα
2731 3093 2948 3177 εἰδέναι,
2984 3115 3113 3170 ποῖά
3148 3093 3300 3170 ⁷ἐστιν
3344 3119 3510 3172 αὐτοῦ
3535 3093 3698 3187 Ἷδιτί

435 3195 585 3255 gesta
630 3186 788 3251 sciat,
835 3203 1086 3256 quaenam
1119 3188 1240 3258 ejus
1268 3189 1486 3259 propria
1514 3191 1624 3246 sint
1666 3201 1720 3246 et
1756 3209 2006 3262 quaenam

429 3293 539 3332 non
583 3279 713 3333 sint.
741 3277 917 3342 ,Videt
959 3280 1106 3334 enim
1137 3290 1334 3336 cuncta
1378 3297 1500 3353 quae
1551 3282 1707 3336 ﬁunt.
1752 3283 1819 3338 Et
1857 3301 1999 3356 ego:

429 3367 659 3439 Vellem,
695 3371 942 3441 inquam,
971 3371 1181 3439 audire,
1225 3387 1334 3441 quo
1384 3373 1549 3428 modo
1578 3389 1642 3428 ex
1681 3376 2007 3434 criminibus

427 3469 525 3516 aut
571 3461 730 3516 bonis
758 3463 1016 3532 operibus
1052 3463 1158 3518 alia
1199 3463 1420 3535 quidem
1467 3476 1594 3522 sunt
1635 3469 1873 3538 propria,
1902 3469 2006 3525 alia

424 3566 557 3608 vero
588 3552 784 3607 aliena.

497 3640 690 3696 XXIX.
749 3639 1051 3712 Respondit
1114 3642 1307 3700 Petrus
1366 3665 1379 3699 :
1427 3645 1684 3702 Veritatis
1740 3651 2004 3720 pr0pheta

425 3733 563 3788 dixit
587 3752 600 3786 :
631 3733 847 3801 Oportet
875 3744 930 3787 ut
953 3735 1163 3788 veniant
1181 3737 1336 3790 bona.
1359 3736 1552 3791 Beatus
1582 3749 1777 3807 autem,
1803 3742 2001 3812 inquit,

426 3843 518 3896 per
544 3842 695 3896 quem
740 3827 971 3880 veniunt.
999 3826 1260 3882 Similiter
1295 3845 1497 3882 necesse
1523 3840 1599 3883 est
1631 3843 1689 3884 ut
1722 3833 1882 3885 etiam
1915 3850 2002 3887 ve-

427 3920 576 3972 niant
620 3919 765 3973 mala
811 3934 829 3972 :
870 3935 948 3974 va:
999 3931 1178 3973 autem
1219 3920 1302 3974 illi
1347 3938 1439 3990 per
1487 3939 1640 3992 quem
1703 3926 1915 3978 veniunt
1951 3939 1998 3980 ιι.

428 4009 599 4062 Porro
631 4008 674 4062 si
710 4024 803 4078 per
835 4009 1009 4065 malos
1037 4011 1263 4063 veniunt
1293 4010 1433 4063 mala
1461 4020 1515 4064 et
1541 4027 1636 4080 per
1658 4013 1830 4069 bonos
1859 4014 2002 4070 bona

425 4097 758 4166 inferuntur,
814 4109 876 4153 ut
926 4101 1208 4170 proprium
1269 4101 1567 4172 unicuique
1622 4105 1801 4160 inesse
1842 4107 2002 4162 debet

425 4192 628 4247 bonum
677 4191 762 4246 vel
815 4193 1044 4256 malum,
1077 4202 1130 4246 et
1168 4208 1236 4246 cx
1292 4193 1361 4247 iis
1409 4211 1531 4263 quae
1559 4196 1714 4264 prius
1743 4208 2002 4267 Operatus

423 4293 536 4351 est;
570 4283 717 4354 quod
774 4285 1006 4339 veniunt
1063 4285 1304 4340 Secunda
1348 4286 1490 4341 bona
1531 4288 1614 4342 vel
1659 4291 1822 4358 mala,
1855 4307 1999 4362 quae,

496 4434 523 4462 ει
549 4419 742 4476 Matth.
774 4437 938 4489 xvm;
972 4419 1106 4475 Luc.
1138 4436 1270 4476 xvu.

2113 3201 2239 3251 ποῖα
2257 3198 2314 3252 δὲ
2336 3200 2436 3254 οὐκ
2455 3196 2542 3273 ἦν·
2577 3203 2755 3256 πάντα
2787 3205 2896 3277 γὰρ
2919 3207 2988 3260 δι’
3016 3208 3181 3261 αὐτοῦ
3206 3210 3469 3280 γινόμενα
3494 3212 3695 3283 βλέπε-

2109 3304 2217 3340 ται.
2275 3288 2446 3358 Κάγὼ
2505 3289 2662 3363 ἔφην’
2711 3293 3040 3366 Ἐϐουλόμην
3081 3298 3270 3368 μαθεῖν
3302 3301 3420 3364 πῶς
3442 3303 3553 3355 τῶν
3582 3305 3699 3358 ἀδι-

2110 3381 2376 3450 κημάτων
2407 3381 2442 3452 ἢ
2494 3383 2938 3458 κατορθωμάτων
2979 3387 3015 3442 a
3058 3389 3158 3461 μὲν
3195 3390 3320 3459 tota,
3355 3393 3391 3447 ἃ
3435 3394 3494 3448 δὲ
3539 3397 3700 3450 ἀλλό-

2107 3489 2252 3544 τρια.

2191 3671 2383 3728 XXIX.
2419 3674 2530 3748 (41)
2554 3676 2663 3729 Kal
2689 3678 2717 3730 6
2754 3676 2960 3750 Πέτρος
2984 3680 3336 3752 ἀπεκρίνατο,
3360 3684 3441 3736 ὅτι
3473 3687 3501 3738 6
3525 3685 3629 3757 τῆς
3649 3688 3696 3719 ⁸¹

2105 3763 2359 3836 ἀληθείας
2394 3769 2680 3839 προφήτης
2712 3767 2837 3839 ἔφη·
2880 3771 2958 3826 Τὰ
2995 3771 3186 3841 ἀγαθὰ
3204 3773 3402 3829 ἐλθεῖν
3431 3776 3550 3840 δεῖ,
3577 3797 3693 3847 μα-

2104 3857 2307 3925 κάριος
2320 3858 2406 3921 δὲ,
2424 3878 2495 3931 φη
2505 3860 2576 3923 al,
2592 3861 2665 3913 δι’
2679 3861 2750 3913 οὗ
2765 3863 3017 3930 ἔρχεται.
3055 3867 3300 3936 Ὁμοίως
3320 3868 3419 3920 καὶ
3443 3869 3516 3923 τὰ
3539 3872 3695 3926 κακὰ

2103 3947 2334 4018 ἀνάγκη
2361 3949 2577 4003 ἐλθεῖν·
2613 3951 2746 4005 οὐαὶ
2768 3952 2835 4004 δὲ
2854 3953 2928 4006 δι’
2959 3955 3030 4008 οὗ
3052 3956 3382 4024 ἕρχεται.Εί
3403 3958 3462 4011 δὲ
3490 3959 3578 4012 διὰ
3591 3979 3689 4013 κα-

2103 4043 2215 4095 κῶν
2232 4041 2374 4096 κακά
2389 4042 2625 4114 ἔρχεται,
2645 4044 2736 4096 καὶ
2747 4044 2834 4097 διὰ
2846 4047 3064 4114 ἀγαθῶν
3078 4049 3256 4116 ἀγαθὰ
3268 4051 3513 4121 φέρεται,
3532 4071 3696 4124 προσ-

2102 4138 2238 4187 εῖναι
2269 4133 2351 4187 δεῖ
2385 4135 2599 4204 ἑκάστῳ
2632 4135 2693 4188 τὸ
2716 4135 2867 4201 ίδιον,
2893 4139 2954 4191 τὸ
2980 4139 3182 4207 ἀγαθὸν
3205 4137 3344 4194 εἶναι
3363 4143 3405 4174 ⁸³
3427 4144 3461 4214 ἢ
3496 4146 3685 4212 κακὸν,

2103 4228 2197 4280 καὶ
2225 4227 2282 4294 ἐξ
2330 4223 2404 4282 ὧν
2451 4229 2815 4300 προέπραξεν,
2845 4230 2932 4284 διὰ
2975 4231 3070 4285 τοῦ
3089 4234 3134 4264 ⁸⁸
3170 4233 3339 4289 ἐλθεῖν
3359 4235 3426 4289 τά
3463 4238 3688 4311 δεύτερα

2101 4318 2280 4388 ἀγαθά
2303 4319 2335 4390 ἢ
2359 4319 2524 4384 κακὰ,
2551 4320 2707 4374 ἅτινα
2735 4320 2840 4374 ἴδια
2862 4322 3026 4376 αὐτοῦ
3045 4325 3141 4394 τῆς
3159 4327 3419 4398 αἱρέσεως
3433 4328 3564 4382 ὄντα
3585 4330 3688 4384 ὑπὸ

1733 4537 1969 4593 VARUE
2008 4531 2390 4593 LECTIONES

499 4628 544 4661 ι’
566 4625 872 4700 κρίνειβλ-
899 4625 953 4700 ’⁸⁸
973 4627 1280 4700 τιμορεῖται
1303 4622 1349 4678 0
1381 4664 1396 4688 ,
1423 4624 2053 4700 u_ltimis__trihuslitteris
2079 4626 2404 4700 subnotatjs.
2433 4622 2570 4700 Vh!)-
2598 4625 2724 4700 ῖοὺς
2749 4626 3079 4700 ἠδικηκότας
3111 4628 3384 4700 ερεργετῶ
3417 4632 3472 4687 in
3493 4636 3681 4692 eodem

422 4697 639 4752 desunt.

423 4769 466 4807 δι
491 4767 681 4835 ἔχοντα
700 4781 754 4836 p.
785 4763 959 4836 ἔχοντι
983 4766 1052 4818 τά
1077 4763 1142 4819 Ο.
1246 4769 1291 4799 δ’
1321 4769 1348 4819 6
1379 4765 1479 4835 τῆς
1533 4766 1756 4835 adjunxi
1784 4785 1850 4823 ex
1874 4769 1939 4824 Ο.

746 4697 790 4729 ⁸⁸
816 4695 948 4750 Vbb.
975 4694 1073 4758 τὰς
1106 4694 1374 4766 βασάνους
1412 4695 1579 4748 ἀθῶοι
1628 4697 1778 4762 ὄντες
1823 4699 2204 4756 desiderantur
2235 4699 2288 4752 in
2313 4694 2379 4750 Ο.
2491 4695 2537 4727 ⁸ο
2569 4694 2663 4747 νῦν
2695 4694 2782 4749 oui
2803 4694 2847 4750 Ο
2893 4694 2944 4750 c.
2976 4699 3098 4751 cod.
3126 4694 3263 4770 Reg.
3295 4700 3422 4766 804,
3456 4713 3510 4758 et
3534 4704 3678 4774 Epit.

746 4804 754 4818 .
785 4763 959 4836 ἔχοντι
983 4766 1052 4818 τά
1077 4764 1142 4819 0.
1246 4769 1291 4799 δ’
1321 4769 1348 4819 6
1379 4765 1479 4835 τῆς
1533 4766 1756 4835 adjunxi
1784 4785 1850 4823 ex
1874 4769 1939 4824 Ο.
2045 4771 2092 4802 ⁸³
2119 4767 2255 4823 εἶναι
2274 4808 2313 4836 ,ί
2343 4763 2488 4835 quod
2516 4765 2687 4836 .deest
2735 4781 2822 4836 ap.
2847 4765 3005 4821 Joan.
3044 4767 3441 4826 Damascenum
3467 4773 3680 4833 Parall.

2491 4694 2663 4774 '°_vi'w
2695 4694 2782 4749 oui
2803 4694 2875 4774 O_
2893 4694 2944 4750 ὸ.
2976 4699 3098 4774 cod.
3126 4694 3263 4770 Reg.
3295 4700 3422 4766 804,
3456 4713 3510 4774 et
3534 4704 3678 4774 Epit.

424 4834 564 4891 sm.
605 4835 766 4911 ηεξ,
803 4834 917 4911 ubi.
938 4845 1123 4911 nostra
1156 4834 1729 4911 excerptadeguntur,
1764 4839 1932 4911 deleri
1994 4841 2110 4894 vult
2163 4840 2226 4894 ι).
2278 4834 2531 4911 Fortasse
2571 4834 2649 4911 τόλ
2688 4834 2813 4905 pOSt
2859 4838 3080 4911 ἑκάστῳ
3111 4841 3433 4911 mutandum
3485 4845 3539 4898 in
3584 4848 3678 4911 ὡς.

423 4915 586 4986 atque
613 4899 775 4959 verba
799 4905 857 4972 ἐξ
882 4899 1333 4986 (ἷξνετρρεπραξεν
1359 4899 1857 4986 iriira'collocanda_
1896 4921 2017 4979 post
2057 4911 2232 4986 ἐλθεῖν
2291 4907 2590 4986 secundum
2617 4904 2674 4959 S.

2776 4913 2825 4947 ιι
2856 4905 2894 4961 s
2933 4905 3063 4962 εδιά
3089 4909 3150 4961 τό
3194 4912 3385 4967 scribit
3431 4905 3680 4972 Neander

418 4972 606 5031 Gnost.
640 4986 770 5047 syst.
816 4991 871 5044 p.
902 4972 1206 5031 413:1qu
1239 4972 1362 5047 post
1387 4976 1650 5046 αἱρέσεως
1683 4972 1955 5037 excidisse
1979 4981 2259 5037 contendit
2285 4978 2378 5047 μή.

1726 5115 2096 5174 VARIORUM
2131 5117 2360 5173 NOTAE.

495 5204 1108 5279 (40)-Πρόπηξωσιςῄιιοο
1140 5207 1262 5261 loco
1313 5223 1422 5261 non
1453 5209 1558 5264 'est
1606 5210 1899 5279 prrcnotio,
1931 5219 1988 5264 ut
2019 5215 2062 5268 Ι)
2095 5228 2232 5274 rum,
2273 5211 2366 5265 lib.
2413 5227 2451 5275 ι,
2487 5226 2604 5279 cap.
2646 5210 2751 5262 28:
2784 5211 2866 5263 Κλ

422 5276 650 5351 vertiti‘.
682 5317 697 5337 ,
727 5276 1080 5351 sedﬂcognitio
1111 5279 1534 5351 praeteritorum,
1576 5276 1692 5351 τῶν
1726 5278 1986 5351 πρότερον

423 5345 721 5416 γεγονότων
751 5345 968 5419 γνῶσις.
985 5346 1052 5419 ᾼΟΙ
1110 5345 1174 5419 ad
1210 5347 1350 5413 Epit.
1372 5363 1424 5403 c.
1455 5349 1544 5402 95.
1576 5345 1988 5419 Πρόγνωσιςέἰ-

424 5419 645 5486 gniticat
677 5417 824 5485 (coll.
859 5431 907 5470 c.
940 5417 1030 5483 58)
1064 5417 1348 5472 scientiam
1398 5417 1727 5481 absolutam,
1766 5419 1985 5487 qualem

425 5487 586 5556 habet
620 5502 780 5542 verus
807 5487 1090 5556 propheta,
1117 5488 1210 5556 qui
1241 5495 1323 5541 est
1343 5490 1371 5540 6
1410 5489 1587 5542 πάντα
1645 5490 1874 5543 πάντοτε
1905 5490 1986 5542 εἰ-

422 5555 546 5619 δὼς,
577 5557 703 5610 coll.
736 5555 882 5610 hoin.
913 5573 976 5622 ιι,
1005 5558 1067 5623 5;
1095 5555 1178 5622 ni,
1208 5557 1294 5612 H.
1326 5556 1383 5611 S.
1421 5557 1682 5614 DRESSBL.

455 5625 601 5695 :(M)
635 5625 746 5679 Καὶ
791 5630 823 5680 ό
860 5626 1081 5694 Πέτρος
1107 5628 1480 5693 ἁπεκρίνατο.
1522 5633 1679 5696 Apud
1713 5630 1979 5683 Joannem

428 5693 821 5769 Da‘mascenum
843 5713 944 5751 ms.
969 5693 1290 5769 Eclogarum
1321 5693 1661 5769 capiteiﬂ'spl
1690 5699 1982 5769 ἀγγέλλον-

422 5778 512 5824 eo;
539 5766 629 5818 ml
665 5767 990 5836 μετάξοντος
1023 5766 1330 5837 ἀποκρισιν,
1373 5768 1520 5838 quod
1558 5766 1644 5823 est
1680 5766 1982 5824 Parallelo-

2910 5229 3102 5281 μεντος
3137 5213 3212 5276 ὡς
3245 5213 3352 5266 ἀπὸ
3396 5213 3490 5266 τοῦ
3520 5213 3673 5282 ἁγίου

2093 5283 2318 5356 ῌᾴτρρυ.
2367 5282 2423 5333 '0
2451 5283 2654 5356 Κύριος
2686 5280 3063 5356 ἔφη’«ᾏγαθά
3077 5283 3382 5356 δεῖ-ἐλθεῖν·
3397 5280 3677 5356 μακάριος

2194 5347 2255 5422 of)
2271 5347 2554 5422 ἔρχονται(
2576 5347 2806 5422 Ὁμοίως
2831 5347 3019 5422 καῖ’τά
3045 5352 3192 5406 κακά
3216 5354 3298 5406 δεῖ
3329 5347 3522 5407 ἐλθεῖν·
3557 5347 3676 5410 boat

2087 5421 2157 5503 (Et:
2186 5418 2248 5503 οὗ
2279 5418 2664 5503 ἔρχονται.
2679 5420 2735 5472 δὲ
2767 5420 2855 5475 διὰ
2896 5423 3080 5476 κακῶν
3108 5423 3253 5503 κακά
3271 5424 3553 5503 ἔρχονται,
3583 5430 3674 5503 καί

2086 5491 2152 5565 δι’
2185 5490 2402 5565 ἀγαθῶν
2436 5491 2614 5565 ἀγαθά
2640 5490 2921 5565 ἔρχονται,
2959 5497 3239 5565 προσεῖναι
3267 5490 3584 5565 δεῖέκάστῳ
3615 5499 3673 5551 τὸ

2086 5511 2136 5543 οι
2185 5511 2402 5559 αγαοων
2436 5511 2614 5559 αγαυα
2640 5511 2666 5543 ε
2706 5511 2921 5560 χονται,
2959 5511 3001 5544 π
3071 5511 3239 5546 σειναι
3267 5511 3345 5546 οει
3371 5511 3584 5565 εκαστῳ
3615 5511 3671 5551 το

2086 5561 2312 5636 δίκαιον,
2333 5561 2408 5636 Μτὸ
2439 5511 2702 5636 amavi?
2718 5562 2906 5636 κακὸν,
2933 5511 3116 5636 καῖοέξ
3147 5554 3221 5618 ὧν
3257 5565 3570 5636 προέπραξε
3587 5567 3671 5621 διὰ

2088 5630 2180 5704 τοῦ
2209 5632 2382 5704 ἐλθεῖν
2414 5630 2484 5683 τά
2516 5630 2761 5704 δεύτερα,
2863 5633 3044 5704 ἀγαθά
3071 5634 3124 5704 γῆν
3166 5630 3334 5696 κακά,
3372 5630 3536 5688 am
3573 5637 3672 5691 ίδια

2090 5700 2255 5780 αὐτοῦ
2287 5702 2386 5772 τῆς
2405 5700 2783 5780 προαιρέσεως
2803 5700 2951 5767 ὄντα,
2988 5700 3224 5780 gito—ti;
3256 5705 3349 5759 τοῦ
3379 5706 3516 5760 Θεοῦ
3551 5725 3662 5780 προ

2090 5771 2238 5836 νοίας
2270 5771 2550 5844 προελθεῖν
2579 5771 2945 5844 ᾠκονόμηται.
2981 5773 3116 5829 COT.
