3860 6210
122 317 232 369 59.5

1288 302 1750 360 CLEMENTINA.
1780 331 1850 341 —-
1890 298 2176 355 HOMILIA
2214 301 2327 356 XII.

3302 312 3407 367 526

119 430 225 499 τῆς
256 428 356 481 τοῦ
378 428 518 483 Θεοῦ
548 427 804 500 προνοίας
820 424 1047 479 διελθεῖν
1066 423 1112 454 ⁵⁵
1137 420 1669 493 ᾤκονόμηται.Ἐπε“ι
1683 418 1729 449 ⁵⁸

1835 434 1957 472 cum
2006 435 2037 473 a
2070 424 2289 489 propria
2331 419 2570 475 hominis
2598 420 2710 477 sint
2731 422 3033 490 voluntate,
3057 433 3123 480 ut
3154 430 3410 484 emi-ian-

125 540 309 596 κρισις
340 521 487 594 αὕτη
514 520 653 592 Θεῷ,
690 519 879 593 ὥσπερ
918 518 1003 570 ἐπ’
1038 515 1248 585 ἀγῶνος
1288 514 1379 566 τὸν
1414 511 1502 565 διὰ
1543 512 1725 581 πάσης

122 613 441 683 κακουχίας
500 612 850 682 διεληλυθότα
917 610 1011 663 καὶ
1067 608 1357 679 ἄμεμπτον
1412 602 1722 675 εὑρεθέντα,

126 707 336 760 ἐκεῖνον
389 706 538 776 ζωῆς
575 704 794 765 αἰωνίου
827 699 1232 767 καταξιοῦσθαι.
1265 699 1327 751 Ol
1355 698 1463 767 γάρ
1498 698 1556 747 ὲν
1588 696 1724 763 ἀγα-

129 797 240 860 θοῖς
276 798 391 869 ίδίᾳ
418 797 581 867 βουλῇ
612 795 984 867 προκόψαντες
1009 793 1114 845 ὑπὸ
1137 790 1245 844 τῶν
1297 789 1403 860 ἰδίᾳ
1449 787 1611 858 βουλῇ
1668 787 1727 838 ἐν

130 890 299 963 κακίᾳ
321 891 369 921 ⁵⁷
423 889 880 961 παραμεινάντων
940 882 1324 957 πειράζονται,
1385 879 1723 950 διωκόμενοι,

131 982 478 1053 μισούμενοι,
526 979 950 1051 λοιδορούμενοι,
1000 972 1497 1043 ἐπιϐουλευόμενοι,
1529 970 1729 1024 τυπτό-

134 1091 308 1144 μενοι,
333 1071 859 1143 πλεονεκτούμενοι,
896 1068 1301 1138 διαϐαλλόμενοι
1319 1066 1386 1129 ⁸⁸,
1429 1065 1730 1136 ἀγγαρευό-

134 1180 305 1232 μενοι,
382 1163 859 1235 ἐπηρεαζόμενοι,
944 1160 1122 1213 πάντα
1170 1160 1350 1210 ἐκεῖνα
1406 1157 1726 1226 πάσχοντες,

131 1255 198 1307 δι’
246 1248 323 1307 ὧν
365 1254 609 1323 εὐλόγως
633 1254 781 1306 δοκεῖ
822 1252 885 1305 τὸ
939 1249 1252 1323 ὀργίζεσθαι
1300 1247 1543 1316 γίνεσθαι
1561 1248 1607 1279 ⁵⁸
1636 1248 1730 1301 καὶ

132 1351 267 1421 πρὸς
293 1352 519 1422 ἄμυναν
557 1350 753 1421 ὀρμᾷν.

202 1443 368 1514 277
406 1440 585 1495 XXX.
629 1442 687 1494 Ὁ
718 1440 773 1493 δὲ
806 1439 1125 1501 διδάσκαλος
1152 1436 1326 1500 εἰδὼς,
1362 1437 1444 1490 ὅτι
1475 1436 1525 1488 οἱ
1558 1433 1731 1487 ταῦτα

134 1534 331 1598 ἀδίκως
362 1534 650 1597 ποιοῦντες
690 1535 755 1586 ὲκ
801 1533 1079 1605 προτέρων
1114 1529 1523 1602 ἁμαρτημάτων
1559 1527 1730 1581 κατά-

136 1629 270 1682 δικοί
315 1630 482 1692 εἰσιν,
537 1628 633 1681 καὶ
680 1629 762 1680 ὅτι
812 1626 902 1680 διὰ
936 1624 1246 1679 καταδίκων
1278 1623 1341 1675 τὸ
1389 1621 1491 1692 τῆς
1534 1622 1732 1685 κακίας

138 1720 353 1791 πνεῦμα
368 1720 548 1773 ταῦτα
559 1721 644 1772 ὲνε
653 1722 789 1791 ργεῖ,
804 1719 930 1781 τοὺς
946 1718 1042 1788 μὲν
1062 1716 1158 1769 ἀνθ
1167 1713 1396 1787 ρώπους,
1416 1713 1558 1768 καθὰ
1577 1715 1621 1745 ⁸⁸
1639 1713 1731 1767 ἆν-

138 1812 343 1884 θρωποί
385 1814 549 1875 εἰσιν,
604 1811 701 1864 καὶ
742 1811 809 1864 δι’
846 1808 1121 1880 ἁμαρτίας
1160 1807 1369 1879 ὄργανα
1413 1806 1729 1877 γινομένους

138 1905 354 1969 κακίας,
414 1904 587 1979 ἐλεεῖν
642 1902 1059 1956 συνεϐούλευσεν
1078 1901 1144 1965 ⁶¹,
1193 1900 1270 1963 ὡς
1322 1898 1728 1971 φιλανθρωπίαν

139 1996 419 2060 ἀσκοῦσιν,
456 1997 551 2049 καὶ
578 1995 640 2048 τὸ
672 1996 795 2048 ὅσον
826 1996 912 2047 ἐπ’
938 1994 1124 2056 αὑτοῖς
1146 1994 1313 2055 ἐστιν,
1347 1990 1729 2061 ἀδικουμένους

140 2089 229 2140 καὶ
261 2088 528 2142 ἀπολύειν
548 2089 592 2119 ⁶¹
618 2088 717 2159 τῆς
760 2086 1061 2157 καταδίκης
1104 2086 1233 2148 τοὺς
1270 2083 1607 2146 ἀδικοῦντας,
1642 2082 1730 2136 ἵνα

140 2181 323 2254 ὥσπερ
356 2183 409 2235 οἱ
444 2183 706 2253 νήφοντες
734 2184 847 2243 τοῖς
882 2178 1137 2250 μεθύουσι
1182 2176 1469 2248 βοηθῶσιν,
1503 2175 1688 2246 εὐχαῖς
1711 2214 1728 2239 ,

140 2275 438 2346 νηστείαις,
474 2272 765 2342 εὐλογίαις,
804 2272 879 2343 μὴ
913 2268 1317 2340 ἀνθιστάμενοι,
1351 2267 1425 2340 μὴ
1456 2267 1731 2337 ἀμυνόμε-

141 2382 235 2429 νοι,
267 2366 358 2419 ἶνα
396 2367 475 2437 μὴ
506 2365 601 2418 ἐπὶ
626 2364 688 2418 τὸ
719 2364 900 2416 πλεῖον
948 2363 1146 2426 αὐτοὺς
1179 2362 1443 2433 ἁμαρτεῖν
1490 2361 1732 2429 ἀναγκά-

145 2476 322 2512 σωσιν.
361 2457 475 2512 Τοῦ
521 2458 631 2528 γάρ
680 2456 869 2510 παθεῖν
915 2455 1136 2518 πάντως
1178 2453 1506 2526 κεκριμένου
1534 2454 1641 2507 τινὶ
1662 2453 1728 2517 ⁸³,

142 2553 237 2604 οὐκ
267 2551 494 2620 εῦλογον
526 2551 852 2619 ἀγανακτεῖν
881 2548 1095 2618 ἐκείνῳ,
1130 2547 1196 2600 δι’
1230 2539 1291 2600 οὗ
1324 2547 1385 2600 τὸ
1413 2546 1606 2601 παθεῖν
1644 2546 1732 2615 γί-

148 2660 310 2706 νεται,
343 2642 729 2713 λογισάμενον,
760 2642 863 2705 ὅτι,
895 2642 944 2693 εἰ
984 2640 1079 2693 καὶ
1123 2640 1328 2702 ἐκεῖνος
1370 2640 1471 2692 οὐκ
1501 2637 1732 2692 ἐκακού-

148 2754 307 2807 χησεν
344 2736 537 2802 αὑτὸν,
571 2734 660 2787 διὰ
704 2734 765 2786 τὸ
813 2733 1030 2794 πάντως
1068 2730 1478 2803 κακουχηθῆναι
1515 2730 1729 2801 μέλλειν

148 2829 234 2882 διὰ
254 2830 299 2860 ⁸⁸
321 2828 518 2900 ἐτέρου
552 2826 613 2879 τὸ
646 2825 838 2879 παθεῖν
868 2819 956 2896 ἦν.
991 2824 1057 2877 Τί
1086 2819 1180 2877 οῦν
1209 2821 1503 2892 ἀγανακτῶ
1523 2821 1603 2892 τῷ
1624 2821 1732 2875 δια-

153 2920 379 2993 θεμένῳ,
422 2899 562 2992 ἐμοῦ
595 2918 815 2982 πάντως
846 2915 1039 2971 παθεῖν
1071 2899 1429 2988 κεκριμένους
1479 2915 1617 2968 Ἀλλ’
1649 2914 1730 2968 ἔτι

156 3016 278 3086 μὴν,
316 3017 366 3067 εί
396 3013 471 3067 τὰ
499 3012 639 3067 αύτά
670 3013 781 3075 τοῖς
803 3014 993 3074 κακοῖς
1018 3008 1290 3081 προφάσει
1316 3005 1528 3079 ἀμύνης
1564 3007 1731 3060 ποιῶ-

157 3125 270 3176 μεν,
303 3106 461 3182 παρά
480 3106 541 3159 τὸ
572 3104 799 3177 πρῶτοι,
820 3103 1062 3176 δεύτεροι
1092 3102 1155 3156 τὸ
1186 3101 1317 3154 αὐτὸ
1336 3104 1447 3165 τοῖς
1480 3104 1668 3164 κακοῖς
1684 3101 1729 3133 ⁸³

154 3201 201 3252 οἱ
230 3200 423 3268 ἀγαθοὶ⁵
471 3198 810 3271 πράσσομεν.
860 3195 969 3249 Καὶ
1018 3195 1095 3258 ὼς
1128 3194 1285 3265 ἔφην,
1318 3194 1380 3246 οὐ
1420 3195 1525 3265 χρὴ
1566 3195 1733 3263 ἀγαν-

153 3296 351 3358 ακτεῖν,
385 3293 467 3356 ὡς
496 3291 674 3345 εἰδότα
690 3292 733 3322 ⁸⁸
766 3291 847 3343 ὅτι
879 3287 1015 3342 Θεοῦ
1062 3287 1291 3361 προνοίᾳ
1319 3288 1369 3341 οί
1404 3287 1568 3341 κακοὶ
1605 3288 1734 3350 τοὺς

159 3386 385 3455 ἀγαθοὺς
435 3382 792 3455 τιμωροῦσιν.
836 3383 898 3435 0i
946 3376 1040 3434 οὖν
1069 3382 1182 3444 τοῖς
1198 3381 1240 3411 ⁸⁷
1268 3378 1600 3451 τιμωροῦσιν
1631 3397 1733 3449 χα-

160 3477 518 3540 λεπαίνοντες,
551 3476 774 3539 ὡςτοὺς
828 3472 1160 3534 ἀποστόλους
1212 3471 1348 3525 Θεοῦ
1397 3470 1728 3543 ὑϐρίζοντες,

163 3570 575 3643 ἁμαρτάνουσινο
590 3567 859 3639 τιμῶντες
883 3565 940 3619 δὲ
955 3563 1138 3618 καὶτὰ
1158 3565 1372 3617 ἐναντία
1392 3567 1503 3627 τοῖς
1531 3564 1733 3617 ἀδικεῖν

162 3662 523 3734 νομιζομένοις
550 3660 717 3730 278
746 3656 1104 3727 διατιθέμενοι
1132 3656 1347 3723 αὐτοὺς,
1376 3657 1455 3719 εἰς
1477 3655 1566 3709 τὸν
1599 3654 1732 3708 Θεὸν

161 3754 248 3809 τὸν
276 3754 415 3809 οὕτω
447 3751 878 3826 βουλευσάμενον
911 3748 1248 3802 εὐσεϐοῦσιν.

226 3933 412 3988 XXXI.
450 3929 625 4001 Κάγὼ
654 3929 790 4001 πρὸς
818 3926 989 3982 ταῦτα
1012 3925 1413 3998 ἀπεκρινάμην·
1448 3923 1657 3979 Οὐκοῦν
1682 3924 1732 3976 οἱ

166 4027 464 4090 ἀδικοῦντες
491 4025 592 4078 οὐκ
624 4023 763 4075 είσίν
795 4020 979 4084 αἴτιοι,
1013 4020 1095 4073 ὃτι
1117 4019 1293 4091 κρίσει
1322 4015 1457 4071 Θεοῦ
1489 4016 1732 4070 ἀδικοῦσι

170 4122 281 4185 τοὺς
317 4120 581 4181 δικαίους.
616 4115 727 4169 Καὶ
758 4116 786 4167 ό
830 4114 1040 4184 Πέτρος
1074 4111 1197 4184 ἔφη*
1229 4112 1340 4165 Καὶ
1372 4110 1514 4165 πάνυ
1554 4112 1734 4182 ἀμαρ-

172 4215 423 4277 τάνουσιν,
456 4213 593 4284 πρὸς
618 4209 727 4281 γὰρ
756 4207 818 4261 τὸ
847 4205 1179 4277 ἁμαρτάνειν
1214 4206 1440 4269 ἑαυτοὺς
1468 4204 1735 4257 ἀποδεδω-

175 4309 329 4373 κότες.
364 4306 530 4391 Ὅθεν
559 4302 717 4365 εἰδὼς
746 4302 840 4355 ἀπ’
875 4297 1053 4353 αὐτῶν
1081 4299 1126 4331 ⁸⁸
1155 4298 1438 4367 ἐκλέγεται
1473 4300 1736 4370 τιμωρεῖν

175 4403 283 4464 τοὺς
310 4402 396 4454 ἐπὶ
419 4390 533 4461 τοῖς
559 4394 847 4469 προτέροις
881 4392 1241 4463 ἁμαρτήμασι
1264 4390 1738 4461 μεταμεληθέντας

1830 515 1941 575 tur,
1972 509 2155 563 divina
2193 510 2430 564 instituit
2458 509 2827 567 Providentia.
2845 512 3031 583 Itaque
3061 515 3168 571 hoc
3190 525 3275 572 est
3311 518 3409 574 Dei

1824 597 2116 667 judicium,
2146 606 2210 653 ut
2250 599 2345 668 qui
2390 615 2487 670 per
2515 615 2734 656 omnem
2781 604 3150 670 vexationem,
3176 609 3326 663 velut
3352 610 3408 663 in

1829 706 2024 759 agone,
2074 690 2357 745 transierit
2406 699 2461 745 et
2502 692 2758 748 inventus
2787 693 2951 749 fuerit
2999 697 3331 767 inculpatus,
3360 698 3409 753 is

1828 778 2063 833 donetur
2112 780 2224 833 vita
2276 788 2501 835 aeterna.
2555 780 2689 836 Nam
2744 784 2837 852 qui
2892 785 2945 840 in
2989 786 3149 843 bonis
3187 792 3407 860 propria

1827 872 2104 926 voluntate
2158 870 2527 941 profecerunt,
2561 874 2630 928 ab
2681 874 2750 929 iis
2786 877 2881 945 qui
2922 894 3020 932 sua
3060 896 3277 951 quoque
3305 900 3402 936 voc

1828 964 2034 1018 luntate
2062 964 2116 1017 in
2162 965 2303 1019 mala
2337 966 2657 1019 tractatione
2688 978 3056 1037 perseverant,
3097 980 3406 1038 tentantur,

1828 1055 2206 1125 exagitantur,
2254 1057 2415 1119 odia,
2476 1058 2760 1125 convicia,
2814 1060 3062 1126 insidias,
3124 1066 3385 1133 verbera,

1828 1148 2069 1214 fraudes,
2095 1149 2420 1215 calumnias,
2449 1149 2558 1202 vim
2587 1152 2886 1220 patiuntur,
2917 1154 3238 1213 afﬁciuntur
3270 1176 3406 1213 con-

1836 1242 2103 1308 tumcliis,
2141 1250 2453 1310 cunctaque
2505 1241 2597 1294 illa
2652 1243 2954 1315 perferunt,
2982 1264 3077 1318 per
3103 1266 3224 1319 qum
3258 1252 3407 1322 justa

1829 1331 2044 1397 videtur
2073 1347 2195 1387 esse
2227 1331 2307 1385 ira
2337 1340 2393 1386 et
2428 1332 2583 1388 ultio.

1899 1422 2070 1478 ΧΧΧ.
2092 1423 2347 1494 Magister
2373 1440 2504 1480 vero
2529 1426 2730 1494 sciens,
2762 1431 2907 1499 quod
2935 1432 3028 1501 qui
3062 1433 3177 1487 haec
3200 1434 3407 1505 injuste

1832 1517 2063 1585 iaciunt,
2107 1534 2175 1573 ex
2220 1519 2500 1589 prioribus
2543 1522 2782 1589 peccatis
2830 1525 2907 1577 rei
2960 1536 3119 1592 sunt,
3151 1529 3409 1598 quodque

1831 1628 1926 1682 per
1960 1625 2143 1666 sontes
2174 1612 2400 1680 spiritus
2447 1612 2669 1666 malitia:
2716 1613 2819 1669 ista
2872 1615 3053 1683 etIicit,
3097 1619 3404 1687 hominum,

1834 1713 2108 1774 quatenus
2154 1703 2408 1758 homines
2454 1713 2604 1771 sunt,
2639 1705 2743 1759 etsi
2778 1716 3000 1776 propter
3026 1718 3250 1778 peccata
3280 1710 3408 1767 facti

1832 1794 2034 1851 fuerint
2068 1794 2288 1851 malitia:
2319 1795 2705 1862 instrumenta,
2742 1798 2992 1852 misereri
3042 1801 3217 1855 suasit
3252 1802 3405 1866 suis,

1830 1894 2090 1954 tauquam
2122 1884 2513 1940 misericordiae
2544 1886 2868 1953 cultoribus,
2913 1897 3099 1957 utque,
3140 1899 3406 1959 quantum

1840 1977 1893 2030 in
1929 1991 1987 2029 se
2014 1985 2118 2042 est,
2154 1975 2354 2045 injuria
2383 1977 2559 2031 aﬂ‘ecti
2602 1977 2860 2047 injuriam
2893 1977 3156 2036 facientes
3194 1997 3224 2035 a
3254 1982 3409 2037 dam-

1832 2069 2053 2123 natione
2084 2068 2401 2133 absolvant;
2434 2086 2544 2140 quo
2578 2071 2725 2125 velut
2753 2071 2928 2125 sobrii
2960 2072 3131 2128 ebriis
3179 2090 3409 2130 succur-

1831 2168 1977 2226 rant,
2007 2174 2103 2228 per
2133 2159 2433 2225 orationes,
2456 2159 2688 2229 jejunia,
2724 2159 3155 2226 benedictiones,
3188 2178 3299 2217 non
3323 2179 3408 2218 ree

1832 2253 2095 2319 sistendo,
2143 2266 2253 2306 non
2286 2252 2636 2319 vindicando,
2670 2267 2772 2307 nec
2810 2268 2908 2307 eos
2934 2263 3134 2324 cogant
3173 2256 3408 2325 amplius

1834 2359 2082 2414 peccare.
2122 2343 2263 2398 Cum
2308 2344 2453 2399 enim
2489 2344 2690 2414 aliquis
2729 2345 2955 2398 omnino
2984 2348 3051 2401 ad
3092 2348 3405 2416 patiendum

1835 2435 2231 2492 condemnatus
2284 2444 2406 2501 est,
2465 2451 2577 2490 non
2636 2445 2721 2491 est
2775 2452 2995 2506 aequum
3042 2448 3101 2493 ut
3156 2440 3231 2493 illi
3294 2441 3406 2495 ira-

1833 2538 2020 2583 scatur
2068 2544 2164 2598 per
2201 2543 2363 2598 quem
2415 2529 2638 2597 patitur,
2680 2544 2864 2585 secum
2917 2540 3197 2601 reputans,
3238 2533 3406 2603 quod,

1833 2619 1936 2673 etsi
1984 2619 2075 2673 ille
2139 2635 2246 2673 non
2307 2618 2592 2675 aﬂlixisset
2646 2636 2809 2689 eum,
2872 2632 3055 2677 tamen
3109 2625 3237 2694 quia
3290 2641 3408 2679 om-

1834 2713 1968 2765 nino
2001 2710 2162 2781 aﬂligi
2206 2711 2387 2778 debet,
2430 2728 2527 2782 per
2559 2712 2728 2766 alium
2771 2714 2883 2783 pati
2915 2715 3018 2769 sibi
3049 2717 3405 2783 contingeret.

1832 2802 1944 2858 Cur
1973 2819 2103 2873 ergo
2135 2803 2387 2874 indignor
2410 2806 2674 2860 adversus
2704 2816 3006 2871 auctorem,
3036 2809 3129 2877 qui
3159 2810 3317 2878 plane
3338 2811 3407 2865 ad

1833 2899 2244 2967 perpessionem
2278 2913 2399 2952 sum
2429 2897 2768 2953 destinatus?
2799 2897 2904 2953 Sed
2936 2908 2989 2953 et
3020 2901 3218 2968 adhuc,
3249 2903 3295 2955 si
3318 2918 3409 2956 ea-

1833 2989 1957 3043 dem
1984 3005 2109 3044 cum
2134 2989 2396 3059 improbis
2417 3000 2676 3058 praetextu
2704 2990 2930 3045 ultionis
2954 2990 3246 3056 faciamus,
3273 3010 3409 3062 pra}—

1836 3089 2085 3149 terquam
2119 3079 2264 3149 quod
2295 3078 2458 3148 primi
2498 3094 2605 3132 non
2637 3092 2850 3143 sumus,
2892 3078 3118 3132 secundi
3150 3078 3292 3132 idem
3334 3080 3412 3133 fa-

1760 3146 1801 3203 C
1838 3171 2014 3225 cimus
2045 3185 2110 3225 ac
2138 3169 2289 3233 mali,
2338 3185 2441 3223 nos
2470 3169 2565 3237 qui
2597 3170 2723 3222 houi
2755 3168 3010 3222 dicimur.
3049 3167 3115 3222 Et
3147 3171 3410 3239 quemad-

1835 3264 2057 3317 modum
2108 3262 2343 3329 aiebam,
2379 3261 2650 3331 indignari
2696 3276 2805 3314 non
2836 3270 3072 3330 oportet,
3099 3276 3225 3316 cum
3264 3265 3408 3318 scias

1834 3368 1866 3408 a
1896 3354 2054 3408 malis
2079 3353 2252 3408 bonos
2288 3368 2384 3423 per
2414 3352 2507 3405 Dei
2544 3352 2939 3422 previdentiam
2972 3353 3253 3424 castigari.
3300 3354 3405 3421 Qui

1833 3461 1964 3517 ergo
1995 3446 2200 3501 ultores
2225 3460 2367 3517 aegre
2398 3445 2600 3510 ferunt,
2636 3453 2897 3514 tanquam
2928 3446 3020 3514 qui
3057 3462 3087 3500 a
3116 3445 3227 3502 Deo
3266 3450 3405 3502 mis-

1834 3555 1925 3595 sos
1956 3538 2289 3593 contumelia
2338 3536 2594 3601 alliciant,
2631 3536 2997 3605 delinquunt;
3049 3538 3142 3606 qui
3179 3554 3306 3591 vero
3352 3539 3404 3591 in

1834 3630 2007 3701 pretio
2044 3630 2265 3694 habent,
2299 3637 2353 3683 et
2386 3628 2661 3681 contrarie
2705 3627 2951 3681 sentiunt
2979 3642 3106 3697 erga
3149 3642 3279 3694 cos,
3312 3628 3407 3697 qui

1834 3722 1968 3792 ipsis
1999 3720 2256 3789 injuriam
2305 3717 2508 3773 inferre
2559 3724 2843 3787 putantur,
2885 3718 2937 3771 in
2987 3716 3159 3773 Deum
3203 3719 3299 3788 qui
3334 3720 3404 3773 ita

1834 3815 2024 3869 statuit
2052 3813 2125 3883 pii
2159 3823 2307 3868 sunt.

1903 3927 2097 3983 XXXI.
2129 3926 2195 3981 Et
2223 3944 2324 3997 ego
2348 3928 2412 3981 ad
2439 3926 2552 3981 haec
2578 3926 2690 3980 dixi
2720 3945 2732 3980 :
2759 3925 2947 3996 Itaque
2974 3926 3067 3995 qui
3097 3925 3303 3980 faciunt
3325 3926 3409 3980 in-

1830 4018 2055 4089 juriam,
2090 4016 2168 4070 rei
2206 4031 2314 4069 non
2348 4024 2497 4081 sunt,
2532 4016 2791 4085 quoniam
2839 4016 2931 4071 Dei
2967 4016 3176 4085 judicio
3204 4017 3404 4086 injuria

1830 4112 2013 4181 justos
2045 4108 2309 4164 alliciunt.
2353 4107 2654 4177 Respondit
2680 4108 2873 4164 Petrus
2901 4128 2915 4165 :
2967 4109 3131 4164 Valde
3155 4120 3404 4178 peccant,

1835 4203 2034 4273 quippe
2070 4200 2165 4270 qui
2202 4215 2261 4255 se
2291 4200 2355 4253 ad
2390 4202 2725 4269 peccandum
2773 4202 2993 4256 dedant.
3040 4199 3193 4255 Unde
3229 4203 3408 4257 sciens

1835 4290 1978 4346 Deus
2001 4307 2067 4346 ex
2095 4290 2162 4344 iis
2186 4290 2308 4344 illos
2327 4289 2518 4358 punire
2540 4290 2747 4360 deligit,
2770 4292 2864 4361 qui
2888 4293 2954 4346 de
2982 4292 3260 4362 prioribus
3282 4307 3411 4361 pec-

1837 4384 1974 4438 catis
1994 4382 2142 4452 juste
2168 4390 2337 4452 agunt
2365 4382 2763 4449 pmnitentiam,
2795 4392 2855 4436 ut
2878 4384 3043 4453 justis
3067 4384 3285 4453 quidem
3313 4399 3409 4452 per

172 4490 394 4558 δικαίως,
438 4492 525 4544 ἵνα
568 4490 681 4551 τοῖς
717 4486 813 4557 μὲν
850 4483 1082 4546 δικαίοις
1116 4481 1203 4535 διὰ
1232 4482 1332 4553 τῆς
1362 4481 1617 4553 τοιαύτης
1647 4499 1730 4534 τι-

1839 4475 1939 4529 has
1969 4488 2161 4543 pinnas
2203 4474 2552 4528 dimittantur
2583 4489 2706 4542 quae
2750 4483 2875 4528 ante
2911 4474 3293 4543 paenitentiam
3325 4472 3406 4528 fe-

184 4586 371 4656 μωρίας
416 4583 487 4637 τὰ
548 4584 654 4654 πρὸ
702 4578 803 4649 τῆς
854 4574 1141 4647 μετανοίας
1194 4573 1509 4646 πραχθέντα
1558 4573 1732 4647 ἀφεθῇ

180 4679 325 4732 κακά.
357 4680 483 4740 Τοῖς
520 4676 577 4730 δὲ
609 4670 943 4744 τιμωροῦσιν
974 4666 1196 4723 ἀσεϐέσι
1226 4668 1514 4737 κακουχεῖν
1546 4666 1737 4720 ἐπιθυ-

186 4770 323 4836 μοῦσι
363 4770 459 4824 καὶ
502 4767 781 4839 μετανοεῖν
826 4762 901 4833 μὴ
945 4759 1190 4814 θέλουσιν
1232 4754 1313 4822 εἷς
1351 4757 1739 4830 ἀναπλήρωσιν

186 4861 301 4927 ἰδίας
315 4864 357 4896 ⁸⁸
395 4861 673 4922 κολάσεως
723 4855 964 4917 δικαίους
1014 4854 1304 4923 κακουχεῖν
1353 4850 1701 4923 συνεχωρήθη
1722 4868 1735 4881 ι

1843 4579 2035 4623 cerunt
2084 4566 2247 4621 mala.
2294 4565 2480 4635 lnipiis
2524 4580 2654 4619 vero
2683 4566 2776 4634 qui
2810 4566 3079 4636 castigant
3118 4573 3173 4620 et
3211 4580 3409 4619 vexare

1834 4658 2083 4728 cupiunt,
2136 4671 2237 4711 nec
2286 4655 2665 4726 pmuitentiam
2712 4655 2905 4710 volunt
2948 4671 3132 4727 agere,
3185 4655 3255 4709 ad
3300 4656 3406 4709 im-

1834 4752 2029 4822 plenda
2061 4750 2257 4805 delicta
2297 4749 2632 4819 permittitur
2669 4748 2849 4818 justos
2878 4749 3148 4819 castigare
3175 4757 3229 4804 et
3268 4748 3405 4802 allii-

1836 4860 1980 4916 gere.
2007 4841 2142 4898 Nam
2175 4842 2383 4913 absque
2413 4841 2504 4897 Dei
2530 4842 2807 4898 voluntate
2829 4856 3006 4911 neque
3033 4856 3224 4911 passer
3251 4841 3305 4895 in
3328 4842 3402 4896 la-

1432 5071 1665 5129 VARL‘E
1704 5070 2102 5127 LECTIONES.

262 5251 303 5286 "
329 5248 646 5316 προελθεῖν,
695 5244 851 5316 quod,
891 5240 1287 5316 praeferendum
1317 5280 1352 5316 ,_
1381 5236 1546 5316 cod."
1565 5234 1723 5316 Joan‘.
1781 5230 2150 5316 Damascenin
2198 5230 2265 5316 δι’
2307 5228 2479 5316 ριὺίῖοῦ
2516 5228 2706 5316 ξλθεξν
2768 5227 2912 5316 geni:
2939 5225 3216 5316 [Ncandcr‘
3242 5220 3315 5316 ’
3348 5239 3401 5316 _C_-

189 5319 319 5375 “ha

416 5296 853 5375 tamenim
884 5296 1244 5385 ibi'éébrémr,
1272 5296 1364 5385 ιέει
1390 5303 1483 5360 οὖν
1508 5307 1568 5385 c,
1594 5306 1724 5385 ἐπεὶ
1753 5299 1848 5385 ρξη
1866 5301 1924 5355 D.
1956 5300 2161 5385 Deinde
2197 5298 2577 5385 αὑτὴρεῷρο,
2592 5299 2747 5385 αὕτη
2770 5298 2904 5351 Θεοῦ
2934 5297 3079 5381 (cum
3108 5298 3220 5350 haec
3239 5296 3406 5385 uage

190 5363 1160 5459 ηηιξηῖδεῖῑιδῑίᾱιι[δίιιῆῑῦΐ
1186 5363 1263 5435 ita
1290 5378 1336 5434 0
1357 5363 1565 5459 ε-ςοιιί
1594 5375 1723 5459 εἶρε·
1751 5374 1875 5459 βρέιο
1908 5363 2843 5459 meimei?eaeaeae:
2867 5363 3212 5459 assume.
3239 5363 3405 5459 λεξξὲα

191 5432 1483 5583 vocibuseipuuctis
1511 5463 1561 5531 ρ.
1589 5432 1997 5514 διαϐαλλόμενοι
2031 5432 2112 5495 ΟΪ
2148 5432 2217 5478 ’⁵⁸
2234 5441 2410 5493 δοκεῖν
2447 5439 2508 5491 τὸ
2535 5432 2849 5523 όργίζεσθαι
2867 5432 3086 5508 ’γίνεται
3114 5435 3237 5491 cod.
3272 5432 3402 5499 Reg.

221 5530 295 5583 04.
318 5531 447 5583 Tum
474 5531 679 5583 ἄμυνον
713 5527 776 5583 Ο.
855 5525 901 5560 ⁸⁰
939 5525 1074 5579 καθὸ
1095 5524 1159 5577 Ο.
1236 5522 1279 5552 ⁶¹
1317 5516 1732 5572 συνεϐούλευσεν
1764 5515 1825 5570 C.
1902 5513 1947 5544 ⁶¹
1976 5510 2350 5583 ἀδικουμένοις
2380 5508 2635 5583 ἀπολύειν
2652 5509 2772 5563 cod.
2807 5508 2940 5583 Reg.
2981 5508 3103 5583 θοι.
3176 5504 3229 5583 ,⁸³
3259 5502 3405 5583 τινός

191 5526 295 5585 304'.
318 5531 447 5587 Tum
474 5531 679 5599 ἄμυνον
713 5527 776 5583 Ο.
855 5526 901 5560 ⁸⁰
939 5526 1074 5579 καθό
1095 5526 1159 5577 0.
1236 5526 1279 5552 ⁶¹
1317 5526 1732 5572 συνεϐούλευσεν
1764 5526 1825 5570 U.
1902 5526 1947 5544 "
1976 5526 2350 5593 autxouyevot;
2380 5526 2635 5562 αποΑυειν
2652 5526 2772 5563 cou.
2808 5526 2940 5590 [τες.
2981 5526 3103 5587 δύο.
3183 5526 3229 5537 ν-
3259 5526 3405 5581 τινος

182 5603 284 5658 cod-
319 5604 439 5677 κερ.
470 5605 596 5661 soi.
674 5603 815 5677 οι.δι’
841 5600 901 5656 ο.
978 5600 1024 5677 εξ
1053 5593 1488 5677 νωκπροειάσει
1517 5574 3411 5677 ne:resistere:913;}:Pessummrum?

186 5636 1026 5743 Etcri‘bgidd‘m'statuisscunaplt
1058 5636 1501 5743 ’ξλὴἾςλοὲἷτῐκκ
1528 5636 1790 5726 δεύτεροι.
1822 5636 2265 5743 §ed;ailjegtione
2288 5650 2567 5743 partiLul-aa
2592 5645 3015 5743 neglanltismhzzt‘l‘d‘
3044 5636 3311 5743 opus
3351 5636 3417 5743 13;

1266 5709 2055 5818 :5D%ééo\iza|lq§!00ti:Al}eg;
2068 5709 2572 5818 Λὲυέίὸωδὶεἰξόῖαις
2600 5709 2723 5818 Clod.
2755 5718 2886 5790 Reg.
2919 5716 3041 5772 804.
3081 5709 3095 5713 -
3119 5712 3162 5745 ⁸⁷
3191 5709 3332 5765 Vbi).
3363 5710 3414 5763 οε

186 5787 647 5882 τιςςξοέξξιςῖνόῖ
687 5787 759 5849 ῑεν
777 5787 1041 5868 mea;
1062 5787 1247 5881 grata
1275 5787 1454 5861 ἀυτῶν
1486 5803 1547 5859 c.
1626 5801 1669 5832 οε
1701 5795 1835 5859 ἰδίας
1861 5794 1983 5853 cod.
2009 5787 2148 5864 Reg.
2178 5791 2303 5860 soi,
2330 5807 2389 5844 τε
2418 5790 2505 5846 διά
2534 5791 2595 5857 υ,
2620 5787 2682 5845 o.
