3860 6210
453 306 558 363 δεῖ

1313 301 1369 355 S.
1407 297 1795 354 CLEMENTIS
1833 298 1851 352 I
1892 297 2057 352 ROM.
2104 285 2568 351 PONT.0PERA
2604 285 2832 349 DUBIA.

3617 297 3732 354 528

454 434 654 490 qucum
698 416 939 472 incidere
970 421 1168 485 potest.
1209 407 1304 465 Sic
1335 411 1610 481 justorum
1639 409 1804 463 etiam
1844 407 2028 477 capilli

2141 405 2260 486 Ξνξυ
2294 405 2401 476 γάρ
2422 406 2521 474 τῆς
2547 403 2642 456 τοῦ
2685 403 2819 455 Θεοῦ
2851 389 3200 472 βοῦλῆςόὐδὲ
3235 391 3493 475 στρουθὸς
3517 403 3577 456 ἐν
3622 422 3737 457 πα-

455 512 568 566 Deo
593 509 862 565 numerati
892 515 1043 562 sunt.

526 693 742 749 XXXII.
779 693 872 746 Ille
901 699 1082 745 autem
1111 688 1294 758 justus
1324 692 1426 744 est,
1452 681 1544 751 qui
1575 688 1798 750 propter
1826 688 2030 733 rectam

455 789 726 842 rationem
751 790 956 854 pugnat
980 796 1106 836 cum
1141 787 1358 832 natura.
1396 773 1558 828 Verbi
1585 772 1780 842 gratia,
1817 771 2031 825 cunctis

455 899 483 936 a
517 890 709 936 natura
743 877 967 932 insitum
1000 883 1103 938 est,
1133 872 1421 940 diligentes
1447 867 1670 936 diligere
1697 884 1708 918 :
1731 865 1918 934 justus
1941 880 2033 918 co-

457 986 618 1030 natur
642 973 807 1027 etiam
833 970 1059 1038 diligere
1090 965 1344 1020 inimicos
1373 971 1428 1016 et
1463 958 1902 1016 conviciantibus
1934 958 2032 1011 be-

456 1067 729 1128 nedicere,
761 1077 825 1116 ac
852 1068 1114 1131 przeterea
1145 1071 1306 1110 orare
1338 1069 1436 1124 pro
1468 1052 1738 1114 hostibus,
1774 1049 2030 1118 injuriam

455 1159 749 1214 inferentes
775 1152 1048 1209 miserari.
1083 1149 1356 1216 Quocirca
1381 1163 1439 1200 se
1464 1146 1700 1216 priorem
1727 1144 1926 1214 injuria
1952 1143 2034 1197 af-

455 1252 542 1306 Iici
579 1249 807 1320 patitur,
853 1246 981 1300 item
1015 1239 1470 1298 maledicentibus
1507 1237 1798 1302 benedicit,
1838 1238 2031 1292 verbe-

453 1342 703 1397 rantibus
747 1339 1043 1402 condonat,
1101 1334 1245 1389 cedit
1291 1331 1776 1402 persequentibus,
1831 1329 2033 1383 salutat

452 1447 549 1486 eos
577 1430 672 1500 qui
716 1445 826 1484 non
875 1427 1137 1489 salutant,
1175 1440 1300 1478 cum
1351 1438 1460 1476 non
1507 1421 1834 1474 habentibus
1882 1435 2034 1474 com-

454 1521 698 1574 municat
741 1532 864 1587 qua:
911 1515 1097 1578 habet,
1148 1512 1475 1566 irascentem
1518 1509 1705 1573 Ilectit,
1747 1508 2030 1562 inimicum

452 1611 731 1674 conciliat,
772 1617 1154 1662 contumacem
1199 1605 1476 1666 hortatur,
1506 1601 1848 1655 incredulum
1876 1601 2032 1653 insti-

453 1707 579 1769 tuit,
609 1705 883 1775 lugentem
922 1699 1260 1764 consolatur,
1301 1698 1611 1767 exagitatus
1638 1697 1888 1759 sustinet,
1938 1695 2026 1748 in-

2135 498 2242 564 γίδι
2259 498 2304 527 ⁷⁰
2335 498 2591 565 ἐμπεσεῖν
2616 494 2746 563 ἔχει.
2773 493 2960 556 οὕτως
2985 493 3206 547 δικαίων
3230 495 3324 548 καὶ
3344 496 3400 546 αῖ
3434 498 3629 565 τρίχες
3653 496 3738 565 τῷ

2135 589 2253 658 Θεῷ
2285 587 2592 660 ἐναρίθμιοί
2625 589 2783 640 εἰσιν.

2204 680 2417 734 XXXII.
2465 680 2679 742 Δίκαιος
2723 679 2780 731 δέ
2826 680 2972 730 ἐστιν
3013 679 3240 741 ἐκεῖνος,
3289 678 3318 729 ὁ
3355 678 3448 730 τοῦ
3498 679 3736 747 εὐλόγου

2133 773 2294 846 ἕνεκα
2325 776 2390 844 τῇ
2439 773 2598 842 φύσει
2635 772 2961 842 μαχόμενος.
3013 765 3224 835 Οἷονη,
3257 773 3391 824 πᾶσι
3427 772 3738 842 πρόσεστιν

2137 868 2202 918 ἐκ
2259 865 2473 934 φύσεως
2521 863 2808 934 φιλοῦντας
2842 864 3034 932 φιλεῖνο
3070 863 3276 927 δίκαιος
3320 867 3584 936 πειρᾶται
3633 867 3738 918 καὶ

2135 956 2361 1029 ἐχθροὺς
2399 957 2619 1026 ἀγαπᾷν
2667 957 2761 1008 καὶ
2791 955 3163 1026 λοιδοροῦντας
3198 955 3459 1024 εὐλογεῖν,
3505 957 3587 1008 ἔτι
3619 958 3738 1027 μὴν

2135 1050 2228 1102 καὶ
2260 1050 2397 1120 ὐπέρ
2431 1047 2639 1118 ἐχθρῶν
2666 1047 2942 1117 εὐχεσθαι,
2979 1047 3296 1111 ἀδικοῦντας
3331 1049 3586 1101 ἐλεεῖν⁷².
3636 1049 3740 1102 Διὸ

2135 1143 2228 1196 καὶ
2285 1141 2694 1212 προαδικεῖσθαι
2730 1141 2777 1172 ⁷³
2850 1141 3156 1210 ἀπέχεται,
3220 1143 3313 1194 καὶ
3377 1142 3531 1211 ὁμῶς
3587 1121 3734 1194 καῖ-

2134 1235 2451 1306 αρωμένους
2485 1233 2696 1303 εὐλογεί
2721 1273 2734 1296 ,
2764 1233 3027 1286 τύπτουσι
3072 1238 3382 1306 συγχωρεῖ,
3429 1235 3730 1288 διώκουσιν

2135 1329 2440 1398 ὑποχωρεῖ,
2491 1328 2564 1398 μὴ
2620 1325 3034 1397 ἀσπαζομένους
3063 1326 3415 1398 ξάσπάζεται,
3451 1331 3567 1394 τοῖς
3621 1331 3731 1382 οὐκ

2134 1419 2346 1490 ἔχουσιν
2382 1414 2456 1473 ῶν
2488 1420 2600 1489 ἔχει
2633 1423 2900 1481 κοινωνεῖ,
2941 1417 3295 1490 ὀργιζόμενον
3339 1419 3516 1472 πείθει
3537 1422 3608 1486 ⁷⁵,
3631 1421 3729 1473 τὸν

2133 1512 2324 1584 ἐχθρὸν
2367 1513 2696 1574 διαλλάσσει,
2737 1512 2830 1564 τὸν
2861 1511 3059 1583 ἀπειθῆ
3096 1513 3422 1584 παρακαλεῖ,
3453 1513 3550 1566 τὸν
3590 1514 3731 1568 ἀπι-

2137 1622 2257 1658 στον
2286 1605 2452 1674 279
2497 1608 2742 1676 κατηχεῖ,
2787 1605 2880 1657 τὸν
2927 1605 3227 1660 πενθοῦντα
3268 1607 3688 1677 παραμυθεῖται
3717 1647 3734 1671 ,

2136 1697 2573 1768 ἐπηρεαζόμενος
2618 1699 2818 1766 στέγει,
2847 1697 3370 1768 ἀχαριστοῦμενοςη
3411 1699 3512 1751 οὐκ
3564 1699 3739 1767 ἄγαν.

455 1806 606 1868 grate
635 1758 887 1864 acceptus
919 1807 1028 1846 non
1074 1791 1293 1861 indigne
1320 1788 1448 1855 fert,
1494 1802 1802 1858 propensus
1831 1797 1916 1841 est
1957 1786 2024 1840 ad

2141 1793 2302 1844 ικτεῖ.
2332 1790 2425 1853 Εἰς
2451 1789 2508 1843 δὲ
2532 1790 2593 1843 τὸ
2616 1791 2834 1860 ἀγαπᾷν
2866 1791 2955 1842 τὸν
2987 1790 3210 1862 πλησίον
3259 1792 3334 1854 ὡς
3359 1792 3553 1844 ἐαυτὸν
3588 1795 3733 1845 ἀπο-

455 1889 791 1958 diligendum
841 1884 1151 1955 proximum
1205 1891 1470 1950 tanquam
1520 1896 1601 1945 se,
1656 1888 2028 1950 paupertatem

2141 1884 2396 1948 Ξεδωκὼς,
2426 1883 2614 1937 πενίαν
2658 1885 2718 1936 οὐ
2763 1883 3085 1954 πεφόϐηται,
3120 1883 3254 1936 ἀλλά
3287 1883 3356 1936 τὰ
3387 1883 3587 1937 ἐαυτοῦ
3629 1903 3736 1956 με-

455 1995 566 2035 non
603 1981 778 2044 timet,
806 1991 994 2032 verum
1037 1989 1136 2029 sua
1167 1989 1276 2027 non
1319 1971 1647 2026 habentibus
1677 1971 1927 2026 dividens
1971 1970 2030 2024 Iit

458 2086 682 2142 pauper.
719 2070 823 2124 Sed
876 2075 1336 2137 necgpeccantem
1380 2065 1685 2120 ulciscitur.
1731 2063 1834 2131 Qui
1883 2064 2030 2118 enim

459 2165 770 2234 proximum
815 2161 965 2215 velut
1023 2174 1082 2214 se
1129 2157 1328 2228 diligit,
1375 2155 1838 2226 quemadmodum
1882 2156 2029 2224 ipse,

456 2272 580 2312 eum
613 2254 878 2325 peccavit,
905 2251 1006 2306 scit
1050 2250 1194 2304 nolle
1239 2249 1293 2302 in
1331 2265 1388 2304 se
1417 2249 1798 2312 animadverti,
1829 2247 1903 2302 ita
1934 2262 2034 2302 nec

456 2357 772 2418 peccatores
814 2345 1068 2415 castigat,
1107 2352 1162 2398 et
1191 2341 1337 2397 sicut
1367 2341 1482 2396 vult
1518 2341 1837 2406 demulceri,
1871 2341 2033 2394 bene-

455 2439 585 2503 dici,
621 2436 900 2502 bonorari,
936 2434 1293 2504 omniumque
1321 2433 1644 2488 delictorum
1674 2434 1888 2487 veniam
1935 2447 2030 2487 ac-

455 2533 677 2602 cipere,
719 2531 824 2584 hoc
876 2529 991 2598 ipse
1025 2528 1273 2598 proximo
1316 2525 1451 2581 facit
1481 2538 1530 2591 ο,
1579 2540 1742 2595 quem
1789 2525 1937 2579 velut
1975 2539 2036 2578 se

457 2632 627 2679 amat.
658 2620 781 2677 Uno
813 2621 1003 2686 verbo,
1045 2617 1193 2690 quod
1231 2618 1335 2674 sibi
1373 2617 1542 2687 cupit,
1575 2618 1723 2687 cupit
1750 2625 1805 2672 et
1850 2617 2037 2686 proxi--

458 2730 568 2768 nio.
606 2711 731 2768 Ilaec
775 2711 922 2766 enim
969 2719 1054 2765 est
1102 2709 1195 2765 Dei
1240 2725 1305 2764 ac
1347 2710 1740 2779 prophetarum
1781 2710 1886 2774 lex,
1921 2709 2036 2763 haec

460 2805 706 2861 veritatis
736 2803 1006 2858 doctrina.
1041 2801 1228 2873 Itaque
1264 2801 1506 2856 cbarilas
1539 2816 1668 2870 erga
1701 2816 1918 2855 omnem
1944 2800 2037 2854 ho-

459 2897 663 2950 minem
694 2895 931 2965 perl‘ecta
980 2909 1107 2962 pars
1147 2903 1230 2947 est
1257 2893 1503 2946 mascula
1535 2892 1917 2946 humanitatis.
1967 2892 2038 2946 At

461 2987 834 3043 misericordia
877 3001 1005 3056 pars
1034 2994 1115 3039 est
1162 2985 1309 3039 illius
1340 2984 1597 3040 feminea.
1629 2983 1761 3051 Quae
1799 2995 1883 3040 est
1908 3001 2038 3040 esu-

2132 1977 2298 2049 ρίζων
2319 1981 2431 2041 τοῖς
2455 1979 2555 2032 οὐκ
2585 1977 2771 2048 εχουσι
2810 1978 2979 2048 πένης
3004 1977 3232 2045 γίνεται.
3277 1977 3413 2030 Ἀλλ’
3456 1978 3580 2030 οὐδὲ
3621 1981 3734 2050 μὴν

2132 2069 2508 2142 ἁμαρτάνοντα
2529 2070 2840 2140 ⁷⁸τιμωρεῖ.
2889 2069 2945 2122 '0
2986 2069 3094 2140 γὰρ
3123 2069 3214 2122 τὸν
3246 2069 3473 2140 πλησίον
3490 2071 3732 2137 ἀγαπῶν

2130 2164 2206 2227 ὡς
2236 2164 2444 2225 ἐαυτὸν,
2490 2163 2566 2226 ὡς
2614 2162 2776 2225 αὐτὸς
2822 2163 3152 2232 ἁμαρτήσας
3185 2158 3290 2214 οἶδε
3340 2161 3731 2233 τιμωρηθῆναι

2135 2257 2210 2328 μὴ
2247 2255 2440 2319 θέλειν,
2489 2254 2663 2317 οῦτως
2698 2254 2818 2307 οὐδέ
2853 2254 2980 2316 τούς
3016 2254 3428 2326 ἁμαρτάνοντας
3467 2257 3729 2326 τιμωρεῖ.

2132 2351 2241 2403 Καὶ
2272 2349 2350 2413 ὼς
2381 2349 2524 2402 θέλει
2552 2347 2943 2401 κολακεύεσθαι
2997 2348 3091 2400 καὶ
3123 2347 3460 2417 εὐλογεῖσθαι
3507 2349 3612 2400 καὶ
3650 2366 3728 2400 τι-

2137 2439 2340 2512 μᾶσθαι
2383 2441 2475 2494 καὶ
2524 2440 2702 2495 πάντα
2740 2440 2809 2493 τὰ
2827 2442 2870 2472 ⁷⁷
2903 2441 3274 2512 ἁμαρτήματα
3318 2440 3468 2509 αὐτῷ
3511 2457 3722 2510 συγχω-

2136 2533 2345 2604 ρεῖσθαι
2374 2574 2389 2598 ,
2421 2532 2580 2586 τοῦτο
2623 2533 2786 2596 αὐτὸς
2831 2532 2910 2603 τῷ
2945 2532 3171 2602 πλησίον
3216 2535 3376 2595 ποιεῖ,
3409 2533 3486 2594 ῶς
3529 2533 3726 2585 ἑαυτὸν

2135 2627 2338 2680 ἐκεῖνον
2376 2626 2624 2694 ἀγαπῶν.
2669 2626 2780 2678 Ἐν).
2815 2626 2978 2696 λόγῳ,
2999 2625 3027 2678 ὂ
3057 2625 3202 2678 θέλει
3234 2625 3430 2695 ἐαυτῷ,
3458 2623 3611 2677 θέλει
3635 2625 3724 2678 καὶ

2134 2719 2211 2791 τῷ
2240 2719 2485 2791 πλησίον.
2517 2712 2687 2782 Οῦτος
2730 2719 2838 2789 γάρ
2867 2719 2982 2770 ἐστι
3017 2716 3152 2770 Θεοῦ
3181 2717 3344 2788 νόμος
3382 2717 3476 2769 καὶ
3511 2733 3724 2787 προφη-

2133 2811 2265 2875 τῶν,
2307 2811 2506 2883 αῦτη⁷⁸
2533 2811 2634 2881 τῆς
2659 2810 2976 2882 ἀληθείαςή
3018 2811 3354 2863 διδασκαλία.
3395 2810 3508 2862 Καὶ
3551 2810 3722 2863 ταῦτα

2140 2905 2238 2974 μὲν
2273 2905 2459 2976 ἀγάπη
2491 2905 2524 2974 ἡ
2559 2903 2697 2976 πρὸς
2725 2903 2902 2956 πάντα
2937 2902 3222 2973 ἄνθρωπον
3249 2902 3430 2954 τελεία
3460 2901 3522 2954 τὸ
3553 2903 3722 2974 ἄρρεν

2143 2999 2305 3072 μέρος
2362 3001 2508 3052 ἐστὶν
2567 2998 2664 3068 τῆς
2711 2994 3148 3066 φιλανθρωπίας,
3215 2995 3276 3047 τὸ
3331 2994 3386 3046 δὲ
3428 2994 3605 3046 ἐλεεῖν
3668 2994 3721 3046 τὸ

461 3080 686 3135 rientem
719 3079 886 3142 alere,
927 3087 1112 3147 potum
1150 3078 1354 3134 sitienti
1384 3079 1535 3144 dare,
1569 3078 1776 3134 nudum
1812 3078 2034 3141 vestire,

2141 3091 2273 3162 θῆλυ
2308 3093 2470 3163 μέρος
2493 3093 2639 3144 ἐστὶν
2673 3090 2859 3161 αὐτῆς.
2886 3090 3064 3160 Ὅπερ
3081 3089 3198 3140 ἐστὶ
3224 3087 3493 3141 πεινῶντα
3523 3087 3722 3158 θρέψαι

460 3173 683 3228 visitare
729 3173 1120 3241 languentem,
1173 3171 1443 3240 hospitem
1498 3171 1764 3239 recipere,
1820 3185 2039 3224 carcere

459 3265 782 3320 conclusum
829 3276 928 3331 pro
972 3260 1180 3315 viribus
1213 3260 1451 3318 invisere
1476 3270 1530 3316 et
1554 3261 1770 3331 juvare,
1813 3261 2039 3316 omnino

460 3356 695 3427 denique
719 3356 1023 3412 calamitosi
1049 3354 1316 3410 misereri.

535 3555 768 3610 XXXIII.
797 3555 910 3626 Ego
936 3571 1065 3610 vero
1093 3556 1280 3611 audito
1311 3556 1416 3610 hoc
1441 3553 1555 3609 dixi
1601 3572 1612 3608 τ
1650 3551 1776 3607 llaec
1814 3553 2035 3624 quidem

462 3649 642 3705 facere
674 3666 990 3720 possumus,
1023 3659 1077 3704 at
1103 3649 1343 3704 inimicis
1381 3645 1704 3702 benefacere
1739 3661 2040 3716 omnesque

459 3759 648 3799 eorum
680 3743 908 3813 injurias
939 3743 1193 3806 tolerare,
1222 3751 1279 3794 ut
1304 3741 1436 3795 insit
1460 3741 1514 3794 in
1549 3741 1788 3793 humana
1814 3747 2034 3805 natura,

463 3835 800 3904 impossibile
821 3843 971 3904 puto.
1010 3833 1148 3887 Tum
1178 3831 1371 3886 Petrus
1412 3831 1731 3900 respondit:
1768 3829 1932 3885 Recte
1957 3831 2042 3884 lo-

463 3937 622 3982 cutus
651 3942 729 3980 es.
764 3925 903 3980 Cum
935 3925 1080 3978 enim
1108 3922 1420 3978 humanitas
1454 3938 1621 3976 causa
1648 3922 1719 3976 sit
1751 3921 2038 3975 immorta-

464 4019 656 4084 litatis,
702 4019 877 4072 multo
926 4025 1161 4071 constat.
1191 4014 1310 4068 Dixi
1351 4029 1490 4084 ego:
1531 4010 1652 4079 Quo
1681 4013 1844 4066 modo
1875 4012 2040 4082 igitur

463 4120 645 4164 mente
669 4117 850 4179 potest
896 4107 1148 4177 concipi?
1175 4105 1475 4175 Respondit
1501 4103 1733 4159 Petrus:
1775 4103 2039 4158 Humani-

465 4211 567 4269 tas,
619 4203 816 4257 dilecte
862 4199 1137 4264 Clemens,
1170 4199 1381 4268 acquiri
1412 4206 1611 4268 potest,
1649 4197 1695 4252 si
1721 4196 1845 4267 quis
1882 4198 2040 4266 plene

464 4293 567 4349 sibi
593 4293 945 4363 persuadeat,
975 4291 1250 4352 inimicos.
1273 4291 1400 4344 dum
1427 4305 1566 4360 quos
1589 4289 1822 4343 oderunt
1843 4297 2041 4343 vexant

464 4389 530 4442 ad
551 4396 787 4456 tempus,
808 4385 994 4440 δειετηὶ
1021 4383 1271 4454 supplicii
1299 4383 1676 4438 liberationem
1710 4382 1815 4437 illis
1840 4382 2038 4452 produ-

2144 3186 2238 3238 καὶ
2271 3185 2436 3238 ποτὸν
2465 3182 2684 3252 διψῶντι
2712 3183 3014 3252 παρασχεῖν
3043 3181 3135 3233 καὶ
3155 3180 3357 3250 γυμνὸν
3389 3180 3614 3233 ἐνδῦσαι
3634 3182 3722 3234 καὶ

2141 3277 2401 3329 νοσοῦντα
2444 3274 2843 3343 ἐπισκέψασθαι
2883 3275 2976 3326 καὶ
3010 3271 3158 3336 ξένον
3180 3271 3469 3343 Ιδέξασθαι,
3502 3272 3584 3343 τῷ
3602 3273 3647 3304 τ’
3670 3276 3721 3326 ἐν

2141 3369 2330 3440 εἱρκτῇ
2355 3367 2496 3422 κατὰ
2517 3367 2578 3418 τὸ
2605 3366 2825 3419 δυνατὸν
2843 3365 3260 3436 ἐπιφαινόμενον
3286 3364 3517 3435 βοηθεῖν,
3556 3365 3721 3433 ἀπαξ-

2141 3459 2326 3522 απλῶς
2354 3461 2442 3512 τὸν
2472 3461 2530 3511 ἐν
2555 3461 2862 3530 συμφοραῖς
2883 3457 3122 3526 ἐλεῆσαι.

2209 3551 2448 3605 XXXIII.
2503 3550 2642 3620 Ἐγὼ
2666 3551 2722 3604 δέ
2750 3549 2988 3612 ἀκούσας
3019 3549 3176 3620 ἔφην’
3212 3549 3397 3602 Ταῦτα
3438 3549 3536 3619 μὲν
3560 3549 3720 3602 δυνα-

2137 3647 2230 3699 τὸν
2276 3646 2554 3717 πράττειν’
2590 3642 2816 3715 ἐχθροὺς
2853 3643 2910 3696 δὲ
2952 3644 3279 3714 εὐεργετεῖν,
3317 3644 3496 3695 πᾶσαν
3544 3643 3720 3695 αὐτῶν

2141 3739 2479 3809 ὑποφέροντα
2525 3737 2807 3808 ἐπήρειαν,
2839 3736 2940 3788 οὐκ
2967 3735 3148 3806 οἴομαι
3170 3735 3213 3766 ⁸⁰
3241 3733 3465 3786 δυνατὸν
3506 3734 3719 3807 ἀνθρω-

2143 3831 2270 3900 πεία
2298 3832 2576 3900 προσεῖναι
2600 3828 2780 3897 φύσει.
2803 3829 2913 3880 Καὶ
2933 3829 2961 3880 ὁ
2986 3827 3190 3898 Πέτρος
3210 3827 3568 3898 ἀπεκρίνατο·
3611 3829 3721 3899 Ὀρ-

2143 3922 2252 3986 θῶς
2275 3923 2430 3994 ἐφηςο
2467 3922 2764 3984 ἀθανασίας
2793 3919 2902 3991 γὰρ
2928 3920 3079 3974 αἰτία
3105 3916 3237 3974 οῦσα
3276 3921 3309 3990 ἡ
3341 3919 3720 3991 φιλανθρωπία

2139 4015 2333 4069 πολλοῦ
2367 4014 2585 4067 δίδοται.
2624 4011 2794 4082 Κάγὼ
2835 4012 2990 4082 ἔφην·
3041 4011 3164 4074 Πῶς
3201 4012 3364 4082 280
3394 4007 3486 4065 οὖν
3512 4013 3558 4043 ⁸¹
3600 4012 3720 4065 σύν-

2140 4125 2285 4162 εστιν
2313 4109 2370 4160 ἐν
2413 4107 2487 4178 νῷ
2526 4107 2742 4171 λαϐεῖν;
2776 4107 2886 4158 Καὶ
2909 4107 2936 4158 ὁ
2959 4105 3162 4175 Πέτρος
3184 4105 3538 4176 ἀπεκρίνατο’
3573 4106 3716 4158 Ταύ-

2137 4219 2258 4272 την,
2292 4195 2336 4254 ὣ
2361 4201 2479 4270 φίλε
2518 4201 2750 4271 Κλήμης
2779 4199 2844 4262 ⁸⁸,
2875 4198 3060 4251 λαϐεῖν
3102 4198 3268 4260 ἔστιν,
3302 4197 3396 4250 ἐὰν
3443 4199 3716 4270 πληροφο-

2141 4295 2278 4368 ρηθῇ
2303 4313 2405 4358 τις,
2429 4296 2510 4348 ὅτι
2545 4295 2594 4346 οἱ
2617 4293 2805 4364 ἐχθροὶ
2842 4293 2980 4364 πρὸς
3028 4291 3218 4364 καιρὸν
3257 4293 3302 4323 ⁸³
3324 4293 3718 4362 κακουχοῦντες

2137 4388 2230 4452 οὓς
2257 4388 2522 4459 μισοῦσιν,
2555 4387 2772 4440 αἰωνίου
2807 4385 3079 4447 κολάσεως
3106 4383 3423 4455 ἀπαλλαγῆς
3444 4386 3628 4448 αὐτοῖς
3643 4386 3716 4439 αἴ-

463 4496 625 4536 cere:
659 4481 848 4548 sicque
892 4477 929 4532 ii
967 4478 1133 4532 etiam
1173 4485 1234 4530 ut
1282 4475 1512 4530 beneﬁci
1582 4476 1874 4530 admodum
1911 4473 2037 4528 dili-

2141 4498 2242 4533 τιοι
2268 4481 2524 4550 γίνονται·
2557 4481 2778 4552 προσέτι
2795 4481 2850 4533 δὲ
2877 4481 3072 4543 αὐτοὺς
3097 4479 3173 4542 ὼς
3199 4479 3489 4550 εὐεργέτας
3518 4480 3714 4550 σφόδρα

465 4582 678 4642 gentur.
726 4570 899 4625 Porro
941 4570 1027 4624 via
1067 4567 1460 4622 humanitatem
1505 4567 1828 4635 accipiendi,
1861 4565 2036 4620 amice

463 4663 737 4730 Clemens,
772 4661 935 4716 unica
965 4668 1071 4722 est,
1114 4658 1370 4712 nimirum
1405 4657 1568 4710 timor
1613 4656 1729 4711 Dei.
1767 4657 1901 4710 Nam
1939 4655 2035 4726 qui

466 4753 620 4805 timet
645 4751 839 4812 Deum,
873 4765 982 4803 non
1034 4747 1254 4817 quidem
1286 4752 1467 4814 potest
1511 4743 1783 4814 principio
1812 4745 2037 4814 diligere

467 4843 772 4913 proximum
807 4850 1067 4910 tanquam
1111 4853 1170 4892 se
1197 4857 1209 4892 :
1237 4837 1437 4892 etenim
1470 4837 1535 4891 ad
1565 4837 1671 4892 hoc
1706 4845 2034 4906 praeceptum

466 4949 574 4990 non
605 4933 811 4988 accedit
834 4937 1044 4997 anima;
1076 4939 1132 4984 at
1159 4929 1354 4984 timore
1377 4945 1502 5000 erga
1530 4927 1698 4983 Deum
1731 4928 2036 4982 amantium

467 5049 634 5104 opera
658 5041 833 5104 potest
864 5046 1140 5103 peragere,
1167 5029 1356 5100 sicque
1394 5038 1605 5099 postea,
1635 5029 1726 5083 ubi
1754 5043 1918 5097 opera
1956 5025 2039 5082 di-

539 5201 567 5230 ι
599 5185 788 5242 Matth.
821 5203 920 5254 vn,
959 5187 1045 5240 12.

2143 4576 2534 4645 ἀγαπήσουσιν.
2577 4575 2640 4627 Ἦ
2663 4575 2718 4627 δέ
2755 4574 2870 4636 ὁδὸς
2901 4573 2992 4626 τοῦ
3031 4576 3236 4644 ταύτην
3271 4572 3477 4633 λαϐεῖν,
3511 4565 3556 4624 ὧ
3597 4573 3711 4640 φίλε

2144 4668 2372 4737 Κλήμης
2388 4666 2453 4728 ⁸⁸⁵,
2488 4665 2583 4737 μία
2605 4666 2688 4728 τίς
2728 4667 2898 4728 ἐστιν,
2929 4666 3076 4735 ἥπερ
3106 4665 3222 4716 ἐστὶ
3248 4663 3410 4732 φόϐος
3445 4663 3605 4718 Θεοῦ.
3653 4665 3710 4716 Ὀ

2142 4757 2251 4830 γὰρ
2291 4758 2422 4811 Θεὸν
2452 4757 2781 4828 φοϐούμενος
2801 4758 2892 4810 τὸν
2921 4757 3145 4827 πλησίον
3183 4757 3258 4818 ὡς
3289 4755 3479 4809 ἐαυτὸν
3501 4756 3714 4826 ἀγαπᾷν

2148 4851 2245 4920 μὲν
2273 4849 2550 4922 καταρχὰς
2564 4851 2624 4902 οὐ
2654 4849 2893 4901 δύναται·
2927 4850 3047 4901 ἐπεὶ⁸
3067 4849 3128 4901 τὸ
3151 4847 3389 4901 τοιοῦτον
3422 4847 3659 4900 κελεύειν
3671 4849 3714 4878 ⁸⁵

2144 4944 2205 4996 οὐ
2231 4944 2590 5015 προσέρχεται
2617 4945 2682 5012 τῇ
2714 4943 2880 5011 ψυχῇ·
2913 4941 2990 5011 τῷ
3023 4943 3205 5011 μέντοι
3237 4941 3374 5012 πρὸς
3406 4941 3538 4994 Θεὸν
3571 4941 3714 5010 φόϐῳ

2144 5033 2213 5087 τὰ
2238 5033 2571 5103 ἀγαπώντων
2605 5038 2777 5087 ποιεῖν
2818 5034 3061 5099 δύναται,
3108 5037 3202 5088 καὶ
3232 5031 3328 5087 εἷθ’
3369 5033 3544 5097 οὕτως
3578 5036 3706 5106 πρίε-

1768 5293 2001 5350 ΥΛΒΙᾸΞ
2043 5294 2440 5352 LECTIONES.

518 5394 565 5427 τ’
591 5389 1008 5464 ἐμπαγίδιᾲσοᾱ.
1046 5387 1196 5464 Reg.“
1220 5382 1490 5464 ξολ-ειν.
1519 5381 1651 5464 Ι.ιι(εΣ
1686 5403 1784 5464 ιιι,
1807 5386 1867 5464 β,
1910 5386 1962 5464 ’ξε
2017 5385 2082 5464 λη
2109 5383 2258 5464 Fort.
2290 5383 2604 5464 addendum
2640 5383 2689 5464 εί
2723 5381 3015 5464 νοεῖ-οἷον.
3059 5388 3161 5464 _cI'r.
3195 5390 3352 5464 hom,
3385 5407 3498 5458 χιιι,
3533 5393 3617 5448 ιο,
3653 5393 3708 5450 8,

449 5461 495 5498 ’ί
526 5453 668 5518 ἐλεέῖ
699 5453 780 5536 υί-
837 5462 889 5536 τί
916 5453 1323 5536 προαδικεῖσθαι
1348 5457 1412 5522 D,
1450 5457 1893 5536 προσαδικείσθαι
1921 5455 2076 5536 (119,
2107 5455 2242 5536 προς
2277 5453 2578 5536 ἀδικεῖσθαι
2612 5453 3021 5536 altei'.cod._.Ci.
3057 5460 3110 5513 in
3142 5477 3252 5536 quo
3275 5463 3434 5517 subin
3459 5453 3713 5536 ιρᾃγέχε..

449 5552 563 5603 1ιαι,
598 5545 658 5591 ιιι
695 5533 822 5605 exh.
852 5530 918 5586 0.
963 5525 1039 5605 ’τξ
1069 5528 1428 5605 ὀργιζόμενος
1453 5525 1608 5605 ποθκεῖ
1637 5529 1786 5605 eod._
1811 5528 1942 5605 Reg.
1975 5526 2112 5605 SQI._
2266 5525 2726 5605 ἀχαριῖτφρμενρς
2759 5532 2837 5605 υζ
2897 5529 2945 5605 τι
2977 5530 3392 5605 ἀμ-ᾳρτᾲνοντας
3425 5534 3547 5588 cod.

449 5594 576 5661 θοις.
654 5607 696 5636 π
829 5600 1034 5685 ῆιιδὲτυξ
1077 5594 1126 5657 ε’.
1264 5594 1340 5685 ’.⁷⁸
1366 5598 1507 5685 αὕτη
1539 5597 1864 5685 saeuam
1892 5598 2124 5685 (ἐλαύτηη
2163 5596 2255 5685 CL,
2306 5594 2478 5666 ⁷⁷⁹”τῷ
2512 5594 2878 5685 Quit-idm
2911 5594 3301 5685 0.“’⁸⁰ὀῖεμαι
3335 5594 3398 5658 θ’.
3476 5605 3520 5635 ⁸¹
3555 5594 3708 5660 οὗνῖ)

449 5687 504 5730 et
535 5693 602 5731 ex
640 5676 873 5743 conject.
913 5672 953 5727 C
977 5712 990 5734 ,
1022 5671 1076 5744 in
1112 5670 1222 5744 c_uj.
1275 5678 1424 5744 textu
1454 5666 1539 5744 οὐ.
1615 5671 1664 5744 εξ
1697 5666 1897 5744 Κλήμη
1941 5669 2002 5744 O_.
2079 5666 2125 5744 ξ⁵³
2153 5666 2484 5744 πρόσκαιρον
2513 5669 2574 5725 Ο.
2650 5673 2696 5710 ⁸⁵
2734 5669 2934 5744 Κλήμη
2973 5674 3016 5726 0
3049 5666 3382 5732 constanter.
3457 5677 3503 5708 ⁸⁸
3534 5679 3622 5732 ἐπὶ
3649 5679 3707 5734 τὸ

449 5745 661 5802 τοιοῦτο
693 5739 1006 5800 κέλεῢσαντι
1024 5742 1087 5801 C.
1116 5739 1256 5798 Tum
1283 5742 1316 5812 ή
1343 5740 1487 5812 ψυχή
1521 5756 1575 5811 p.
1603 5743 1670 5812 τῇ
1705 5739 1850 5812 ψυχῇ
1881 5739 1982 5811 legi
2007 5739 2124 5795 vult
2151 5739 2209 5796 S.
