3860 6210
92 348 198 402 399

1243 337 1704 395 CLEMENTINA.
1742 369 1809 378 —
1845 334 2127 394 liOMILIA
2169 337 2305 392 XIII.

3256 347 3360 401 330

95 468 242 531 ξαντι
269 463 341 517 τὰ
380 464 608 534 ἀγάπης
636 462 695 515 τὸ
727 457 947 531 ἀγαπᾷν
977 459 1053 521 ὡς
1074 456 1258 527 νύμφη
1289 452 1422 509 οὖσα
1451 451 1678 525 προσφέ-

1787 450 2034 506 lectionis
2068 450 2274 517 fecerit,
2311 451 2551 507 charitas
2576 452 2725 506 velut
2754 466 2954 521 sponsa
2986 452 3169 507 timori
3214 455 3364 510 velut

96 577 243 630 ρεται
267 558 346 620 ὡς
367 555 595 627 νυμφίῳ
614 554 691 625 τῷ
716 552 883 624 φόϐῳ*
908 552 1005 605 καὶ
1034 549 1205 611 οὕτως
1225 549 1353 611 τοὺς
1376 545 1565 615 φιλανθ
1575 544 1684 616 ρώ-

94 669 225 715 πους
254 650 529 703 τίκτουσα
549 648 841 717 λογισμοῦς
863 644 1128 698 ἀθάνατον
1160 641 1340 711 τίθησι
1364 639 1454 692 τὸν
1484 655 1683 708 κεκτη-

96 744 274 813 μένον,
307 742 389 805 ὼς
438 740 629 793 εἰκόνα
662 738 797 792 Θεοῦ
814 738 859 770 ⁸⁸
889 737 1103 809 ὁμοίαν,
1138 737 1243 789 ὑπὸ
1290 735 1495 806 φθορᾶς
1527 735 1684 808 ὑϐρι-

96 834 278 905 σθῆναι
318 834 395 905 μὴ
441 832 751 903 δυναμένην
787 830 885 902 τὴν
930 828 1093 883 αὐτοῦ
1130 828 1307 897 φύσιν.
1371 828 1553 898 Ὀμῶς
1592 828 1683 881 τὸν

92 929 182 997 τῆς
230 924 654 997 φιλανθρωπίας
705 923 1000 993 ἐκθεμένου
1050 924 1181 992 ἡμῖν
1225 922 1404 990 λόγον,
1442 921 1683 993 ἑσπέρας

94 1017 629 1089 ἐπικαταλαϐούσης,
662 1017 742 1080 είς
767 1015 931 1068 ὕπνον
958 1016 1166 1086 ἐτράπη
1177 1032 1294 1085 μεν,

701 1201 955 1253 ὈΜΙΛΙΑ
994 1199 1093 1251 ΙΓ’.
1432 1197 1465 1207 μ

160 1314 201 1368 1.
248 1313 499 1385 Ὅρθρου
527 1314 583 1367 δὲ
616 1314 909 1384 γενομένου
951 1316 979 1366 ὁ
1022 1313 1226 1382 Πέτρος
1258 1313 1442 1366 εἰσιὼν
1481 1313 1526 1345 ⁸⁷
1553 1315 1679 1387 ἔφη’

108 1407 161 1457 '0
192 1407 285 1477 μὲν
316 1407 561 1477 Κλήμης
596 1405 734 1476 μετὰ
754 1407 853 1477 τῆς
881 1406 1045 1459 αὑτοῦ
1078 1406 1283 1477 μητρὸς
1311 1407 1612 1471 Ματτιδίας
1638 1409 1683 1440 ⁸⁸

99 1500 185 1551 καὶ
220 1500 319 1568 τῆς
360 1497 507 1568 ἐμῆς
536 1498 794 1566 γυναικὸς
830 1500 945 1569 ἅμα
976 1498 1066 1550 ἐπὶ
1094 1497 1187 1550 τοῦ
1221 1500 1494 1569 ὀχήματος
1518 1502 1674 1570 281

102 1589 533 1654 καθεζέσθωσαν.
571 1591 681 1644 Καὶ
711 1590 859 1661 ὁμῶς
882 1590 1053 1653 οὕτως
1085 1590 1317 1658 ἐγένετο.
1358 1592 1681 1663 ὐρμώντων

101 1684 148 1735 δὲ
173 1684 322 1753 ἡμῶν
349 1684 453 1755 τὴν
480 1684 575 1736 ἐπὶ
600 1684 644 1715 ⁸³
671 1683 938 1746 Βαλανίας
956 1680 1093 1745 ὁδὸν,
1116 1680 1346 1735 ἐπύθετό
1376 1701 1479 1754 μου
1515 1686 1547 1756 ἡ
1580 1688 1683 1755 μή·

101 1792 210 1847 τηρ,
247 1775 365 1838 πῶς
392 1777 420 1828 6
459 1776 645 1846 πατὴρ
671 1775 868 1843 διάγει.
908 1774 1079 1844 Κάγὼ
1111 1776 1267 1847 ἔφην·
1313 1775 1435 1829 Ἐπὶ
1459 1776 1559 1848 τὴν
1594 1777 1681 1848 ζὴ·
1710 1803 1753 1857 Β

102 1872 244 1939 τησίν
282 1887 376 1922 σου
414 1871 514 1922 καί
553 1868 663 1922 τῶν
694 1867 929 1939 διδύμων
961 1867 1203 1936 ἀδελφῶν
1249 1885 1347 1938 μου
1380 1868 1676 1921 Φαυστίνου

100 1978 153 2012 τε
190 1961 279 2014 καί
318 1959 717 2015 Φαυστινιανοῦ
746 1959 933 2023 ἐκϐὰς,
980 1959 1269 2032 ἀνεύρετός
1295 1961 1459 2013 ἐστιν.
1497 1956 1666 2031 Οἶμαι

105 2053 152 2106 δὲ
188 2055 246 2107 ὲκ
276 2051 371 2106 τοῦ
410 2053 667 2107 πλείστου
710 2052 1027 2122 τελευτῆσαι
1068 2050 1249 2116 αὐτὸν,
1294 2050 1327 2122 ἣ
1362 2051 1680 2123 ναυφραγίῳ

105 2144 479 2215 περιπεσόντα,
515 2145 549 2217 ἢ
580 2147 635 2198 ἐν
661 2144 762 2215 ὀδῷ
791 2140 1060 2213 σφαλέντα
1075 2144 1144 2205 ⁹⁰,
1171 2142 1203 2213 ἢ
1233 2142 1337 2196 ὑπὸ
1365 2143 1541 2214 λύπης
1583 2160 1681 2213 μα-

110 2240 375 2310 ρανθέντα.
427 2240 495 2293 Ἠ
528 2239 585 2292 δὲ
627 2236 909 2291 ἀκούσασα
942 2236 1036 2290 καὶ
1082 2235 1378 2306 ἐπίδακρυς
1412 2233 1677 2305 γενομένη

106 2330 342 2398 ἐστέναξε
382 2330 714 2403 λυπηθεῖσα,
756 2332 823 2401 τῇ
858 2329 915 2381 δέ
949 2327 1086 2400 πρὸς
1118 2326 1218 2398 ἐμὲ
1251 2327 1461 2397 εὑρέσει
1482 2327 1523 2357 ⁹¹
1561 2326 1681 2396 χαί-

110 2440 263 2491 ρουσα
293 2424 393 2494 τὴν
428 2424 495 2476 ἐκ
527 2423 628 2493 τῆς
654 2422 1014 2492 ὑπομνήσεως
1037 2417 1213 2491 λύπην
1244 2419 1479 2490 μετρίως
1502 2418 1683 2489 ἀπήμ-

109 2516 299 2569 ϐλυνεν.
341 2516 530 2587 Ὀμῶς
563 2510 654 2568 οὖν
685 2513 1103 2583 κατηντήσαμεν
1152 2512 1231 2573 είς
1261 2510 1548 2573 Βαλανίας.
1600 2510 1679 2581 Τῇ

110 2608 156 2660 δὲ
184 2610 405 2681 ἐπιούσῃ
432 2608 620 2681 ἡμέρα
640 2609 686 2639 ⁹²
711 2608 790 2669 εἰς
814 2605 1020 2658 Πάλτον
1046 2603 1301 2675 ἧλθομεν,
1328 2602 1580 2657 κάκεῖθεν
1602 2606 1681 2667 εἰς

113 2700 364 2754 Γάϐαλαν*
402 2704 471 2772 τῇ
499 2701 556 2753 δὲ
595 2699 759 2771 ἑτέρᾳ
784 2698 1209 2768 κατηντήσαμεν
1236 2697 1316 2759 είς
1337 2695 1677 2750 Λαοδίκειαν.

114 2792 208 2845 Καὶ
240 2793 345 2847 ἰδοὺ
381 2793 487 2864 πρὸ
514 2792 625 2846 τῶν
656 2792 834 2864 θυρῶν
859 2791 1106 2861 Νικήτης
1132 2789 1226 2841 καὶ
1261 2789 1490 2853 Ἀκύλας
1516 2789 1683 2861 ἀπήν-

114 2900 205 2937 των
229 2887 376 2955 ἡμῖν,
421 2886 517 2938 καὶ
563 2883 1033 2953 καταφιλήσαντες
1065 2876 1198 2951 ἦγον
1232 2880 1324 2933 ἐπὶ
1349 2881 1447 2952 τὴν
1479 2879 1678 2947 ξενίαν.

125 2974 171 3027 '0
208 2976 260 3029 δὲ
289 2977 495 3047 Πέτρος
530 2976 701 3047 καλὴν
734 2975 825 3027 καὶ
856 2973 1093 3045 μεγάλην
1121 2973 1275 3025 πόλιν
1305 2972 1447 3027 ἰδὼν·
1475 2974 1679 3042 Ἀξιον,

118 3066 225 3137 ἔφη,
261 3068 493 3121 ἐνταῦθα
537 3066 757 3138 ἡμερῶν
786 3068 1081 3136 ἐπιμεῖναι.
1124 3066 1212 3128 Ὠς
1236 3065 1344 3137 γὰρ
1382 3066 1585 3121 ἐπίπαν
1621 3067 1682 3120 τὸ

118 3157 295 3229 πλῆθος
318 3157 689 3230 δυνατώτερὼ
713 3158 827 3211 ἐστι
853 3157 1056 3211 τίκτειν
1082 3158 1127 3188 ⁸³
1145 3158 1272 3220 τοὺς
1294 3156 1456 3228 ζητου
1465 3158 1677 3228 μένους.

128 3250 176 3301 '0
208 3250 298 3320 μὲν
333 3246 425 3303 οὖν
474 3250 723 3321 Νικήτης
754 3250 849 3301 καὶ
901 3247 1132 3310 ’Λκύλας
1167 3247 1527 3302 ἐπυνθάνοντο
1556 3267 1677 3321 μου,

119 3340 187 3404 τίς
211 3342 290 3413 εἴη
315 3342 448 3415 αὕτη
484 3345 519 3413 ἡ
550 3341 673 3412 ξένη
716 3343 872 3412 γυνήο
902 3340 1072 3409 Κάγὼ
1100 3340 1257 3412 ἔφην·
1308 3341 1444 3414 Ἑμὴ
1475 3344 1677 3415 μήτηρ,

124 3432 180 3501 ἡν
208 3435 491 3503 ὲπιγνῶναί
537 3452 628 3507 μοι
660 3438 688 3489 ὁ
720 3432 853 3498 Θεὸς
878 3433 967 3488 διὰ
989 3433 1198 3506 Πέτρου
1224 3432 1318 3487 τοῦ
1345 3434 1534 3506 κυρίου
1578 3453 1678 3505 μου

126 3522 419 3597 ἐδωρήσατο.

187 3615 236 3669 ll.
265 3620 439 3674 Ταῦτά
489 3638 593 3693 μου
639 3619 902 3683 εἰπόντος,
951 3621 980 3673 6
1021 3619 1227 3689 Πέτρος
1279 3619 1454 3673 πάντα
1498 3618 1680 3683 αὐτοῖς

130 3706 204 3759 ἐπὶ
228 3712 523 3779 κεφαλαίων
564 3712 793 3777 ἐξέθετο,
824 3711 899 3773 ὡς
941 3711 1056 3781 ἅμα
1100 3711 1177 3781 τῷ
1208 3710 1255 3742 ⁸⁸
1280 3711 1474 3774 αὐτοὺς
1514 3728 1677 3781 προο-

131 3800 284 3855 δεύσαι
310 3805 413 3872 ἐγὼ
444 3805 677 3875 Κλήμης
703 3803 764 3856 τὸ
792 3800 922 3873 ἐμὸν
949 3803 1103 3871 γένος
1133 3801 1282 3872 αὐτῷ
1317 3803 1478 3872 282
1504 3804 1679 3867 ἐξεθέ-

135 3911 237 3963 μην,
279 3897 366 3949 καὶ
406 3899 505 3968 τῆς
548 3896 751 3968 μητρὸς
781 3896 879 3966 τὴν
925 3896 990 3947 ἐκ
1029 3894 1127 3964 τῆς
1146 3893 1239 3947 τοῦ
1297 3894 1505 3965 ὀνείρου
1546 3896 1681 3949 πλα-

137 3988 241 4055 στῆς
264 3990 304 4020 ’³
334 3990 658 4059 προφάσεως
689 3986 825 4055 μετὰ
868 3986 977 4039 τῶν
1006 3985 1241 4056 διδύμων
1273 3985 1440 4056 αὐτῆς
1473 3986 1677 4040 τέκνων

135 4080 386 4151 γενομένην
418 4076 746 4149 ἀποδημίαν,
776 4076 853 4129 ἔτι
877 4092 936 4129 τε
972 4076 1064 4128 καὶ
1096 4074 1190 4127 τοῦ
1224 4075 1429 4146 πατρὸς
1458 4076 1557 4147 τὴν
1586 4078 1679 4130 ἐπὶ

138 4164 322 4239 ζήτησιν
347 4173 510 4243 αὐτῆς
546 4168 882 4241 ἀποδημίαψ
918 4170 1104 4222 ἔπειτα
1131 4170 1224 4222 καὶ
1264 4168 1339 4232 ὼς
1378 4168 1537 4233 αὐτὸς
1570 4171 1676 4223 Πέ-

135 4274 235 4326 τρος
268 4262 390 4331 μετὰ
420 4263 480 4315 τὸ
514 4262 742 4315 ἀκοῦσαι
768 4260 937 4313 ταῦτα
974 4260 1229 4313 εἰσελθὼν
1266 4262 1345 4323 εἰς
1382 4262 1480 4332 τὴν
1517 4262 1677 4332 νῆσον

139 4350 211 4401 καὶ
230 4348 285 4421 τῇ
314 4356 524 4421 γυναικὶ
560 4352 832 4422 συντυχὼν
865 4352 959 4405 καὶ
990 4352 1385 4423 προσαιτοῦσαν
1411 4352 1552 4416 ἰδὼν,
1584 4352 1676 4406 καὶ

140 4441 212 4492 τοῦ
232 4452 519 4515 προσαιτεῖν
548 4446 648 4516 τὴν
668 4446 844 4498 αἰτίαν
867 4445 1187 4515 πυθόμενος,
1215 4444 1355 4513 ἔγνω
1377 4443 1482 4515 [τὸ]
1508 4446 1555 4477 ’⁸
1574 4446 1675 4497 αύ-

142 4531 216 4600 τῆς
244 4536 398 4602 γένος,
426 4536 790 4607 ἀναστροφὴν,
825 4527 915 4588 τὸν
940 4534 1171 4589 πλαστὸν
1205 4534 1429 4604 ὄνειρον,
1453 4535 1671 4588 καὶτῶν

144 4621 305 4678 τέκνων
325 4628 389 4681 τὰ
414 4630 674 4699 ὀνόματα,
697 4626 829 4697 ἐμοῦ
858 4644 916 4679 τε
940 4626 1032 4679 τοῦ
1056 4627 1503 4696 καταλειφθέντος
1524 4627 1672 4698 παρὰ

148 4713 208 4782 τῷ
246 4722 391 4791 πατρὶ
439 4724 534 4774 καὶ
573 4720 683 4772 τῶν
730 4720 863 4790 αὐτῇ
918 4716 1397 4790 συμπορευθέντων
1439 4718 1675 4789 διδύμων

151 4802 329 4869 τέκνων,
358 4811 444 4861 καὶ
474 4808 569 4870 οὓς
594 4808 638 4838 ’⁷
661 4808 718 4859 ἐν
749 4806 893 4877 βυθῷ
928 4808 1204 4860 ὑπενοεῖτο
1230 4807 1563 4877 τεθνηκέναι.

204 4893 271 4949 lll.
307 4900 511 4955 Τούτων
560 4896 650 4953 οὖν
706 4898 1090 4968 κεφαλαιωδῶς
1133 4899 1401 4969 ῥηθέντων
1433 4898 1539 4951 ὑπὸ
1576 4897 1679 4950 Πέ-

150 5000 266 5055 τρου,
292 4991 316 5042 6
343 4992 581 5065 Νικήτης
611 4994 703 5045 καὶ
737 4994 766 5044 6
806 4988 1033 5053 Ἀκύλας
1071 4989 1431 5058 ἐκπλαγέντες
1463 4990 1673 5058 ἐλεγον⁰

1790 558 1994 612 sponso
2021 546 2377 615 adjungitur:
2422 554 2587 614 atque
2631 545 2703 599 ita
2746 545 3103 600 humanitatis
3134 547 3361 617 gignens

1788 634 2144 703 Cogitationes
2176 634 2543 688 immortalem
2578 634 2753 688 reddit
2786 648 3181 703 possessorem,
3215 641 3362 692 velut

1787 729 2079 797 imaginem
2112 728 2224 781 Deo
2257 727 2515 794 similem,
2542 727 2811 796 cujusque
2849 736 3044 781 natura
3071 739 3307 798 nequeat
3329 746 3360 783 a

1786 820 2132 887 corruptione
2155 819 2388 873 ludibrio
2406 818 2614 873 haberi.
2643 818 2912 873 Caeterum
2940 828 3231 889 postquam
3261 820 3367 872 hu-

1787 911 2066 964 manitatis
2096 910 2401 963 doctrinam
2434 910 2591 963 nobis
2615 912 2887 979 exposuit,
2915 927 3142 981 vespera
3171 924 3361 966 succe-

1786 1003 1965 1070 dente,
2000 1003 2067 1057 ad
2091 1018 2344 1057 somnum
2374 1019 2473 1059 nos
2504 1004 2855 1059 contulimus.

2526 1123 2592 1135 σι-

2352 1187 2634 1242 HOMILIA
2668 1187 2808 1242 XIII.

1855 1305 1895 1361 Ι.
1929 1306 2133 1361 Exorto
2167 1316 2348 1361 autem
2377 1321 2537 1359 mane
2563 1306 2843 1376 ingressus
2874 1305 3069 1359 Petrus
3098 1307 3173 1361 ait
3197 1326 3213 1363 :
3237 1306 3359 1362 Cle-

1784 1413 1940 1453 mens
1972 1414 2097 1451 cum
2131 1406 2303 1451 matre
2335 1412 2430 1450 sua
2471 1394 2718 1449 Mattidia
2751 1405 2805 1449 et
2841 1412 2957 1449 mea
2990 1413 3159 1450 uxore
3192 1398 3359 1452 simul

1785 1489 1840 1541 in
1896 1505 2059 1543 curru
2108 1489 2449 1543 consideant.
2505 1486 2813 1555 Statimque
2866 1488 2938 1540 ita
2992 1487 3194 1541 factum
3249 1500 3354 1543 est.

1784 1578 2034 1649 Cumque
2082 1595 2179 1648 per
2238 1579 2383 1631 viam
2432 1592 2550 1647 qum.
2603 1576 2883 1631 Balaumas
2926 1576 3075 1631 ducit
3108 1594 3359 1648 pergere-

1783 1689 1928 1737 mus,
1958 1673 2316 1741 interrogavit
2350 1687 2435 1725 me
2463 1680 2659 1735 mater,
2704 1687 2815 1741 quo
2854 1672 3017 1723 modo
3047 1680 3197 1739 pater
3232 1688 3358 1741 age-

1784 1773 1885 1817 ret.
1916 1761 2187 1832 Respondi
2220 1784 2230 1816 :
2261 1763 2343 1816 Ad
2384 1762 2770 1831 requirendum
2810 1769 2861 1816 te
2887 1777 2950 1816 ac
2978 1763 3225 1831 geminos
3250 1762 3360 1817 Ira-

1781 1866 1891 1911 tres
1936 1871 2088 1910 meos
2128 1854 2453 1910 Faustinum
2498 1863 2552 1909 et
2583 1853 3002 1908 Faustinianum
3050 1851 3357 1919 profectus,

1779 1962 1888 2001 non
1917 1947 2152 2017 amplius
2183 1946 2493 2016 comparuit
2526 1964 2538 1999 :
2582 1952 2713 2014 puto
2743 1954 2926 2001 autem
2958 1960 3083 1998 eum
3127 1960 3156 1997 a
3195 1945 3360 2015 longo

1781 2049 2022 2109 tempore
2048 2038 2272 2097 obiisse.
2300 2037 2384 2091 vel
2411 2037 2743 2091 incidentem
2781 2038 2831 2089 in
2857 2035 3246 2106 ’naufragium,
3272 2039 3358 2092 vel

1780 2131 1833 2185 in
1860 2130 1945 2184 via
1970 2132 2425 2196 circumventum,
2452 2131 2531 2184 vel
2556 2146 2585 2183 e
2608 2131 2795 2185 dolore
2817 2130 2995 2184 tabem
3021 2146 3265 2200 passum.
3289 2131 3359 2185 At

1780 2222 1869 2275 illa
1902 2222 2131 2275 audiens
2162 2220 2418 2291 lacrymis
2449 2220 2661 2274 obortis
2710 2221 3008 2289 suspiravit
3040 2237 3149 2290 prae
3184 2222 3359 2275 tristi-

1780 2315 1875 2380 tia,
1908 2331 2099 2369 verum
2134 2315 2204 2369 ob
2249 2329 2335 2369 me
2362 2314 2641 2368 inventum
2674 2316 2916 2383 gaudens
2945 2314 3010 2368 de
3034 2330 3269 2369 maerore
3291 2331 3359 2369 ex

1780 2409 2299 2463 commemoratione
2354 2417 2475 2461 orto
2527 2407 2811 2476 paululum
2874 2407 3105 2461 remisit.
3170 2406 3360 2476 Itaque

1781 2502 2034 2555 venimus
2058 2501 2358 2555 Balanzeas.
2406 2499 2665 2570 Sequenti
2701 2515 2831 2553 vero
2852 2499 2941 2554 die
2982 2499 3194 2553 Paltum
3233 2516 3358 2569 pro-

1782 2592 1908 2647 fecti
1931 2609 2125 2647 sumus
2144 2636 2158 2659 ,
2178 2602 2231 2646 et
2250 2592 2373 2646 inde
2393 2591 2676 2656 Gabalam,
2695 2592 2909 2661 aliaque
2931 2591 3017 2645 die
3032 2591 3357 2646 Laodiceam

1781 2686 2126 2741 devenimus.
2174 2684 2240 2739 Et
2270 2700 2397 2740 ecce
2449 2694 2578 2738 ante
2617 2693 2807 2753 portas
2851 2693 3151 2739 occurrunt
3199 2684 3359 2739 nobis

1781 2774 1997 2830 Nicetas
2019 2783 2073 2829 et
2097 2774 2314 2844 Aquila,
2338 2782 2392 2829 et
2414 2774 2646 2828 osculati
2684 2773 2891 2827 ducunt
2924 2774 2989 2827 ad
3040 2775 3356 2843 hospitium.

1783 2865 1978 2921 Petrus
2003 2875 2184 2920 autem
2216 2866 2406 2920 videns
2433 2866 2732 2935 {pulchram
2777 2880 3143 2935 magnamque
3169 2866 3362 2920 civita-

1786 2969 1889 3013 tem
1916 3000 1931 3025 ,
1967 2956 2209 3027 Equum
2243 2965 2347 3023 est,
2377 2956 2577 3026 inquit,
2611 2956 2699 3010 bic
2737 2955 2944 3024 aliquot
2965 2955 3082 3009 dies
3115 2970 3362 3010 commoa-

1782 3049 1914 3105 rari.
1952 3046 2088 3102 Nam
2134 3046 2248 3101 fere
2292 3062 2509 3117 semper
2551 3046 2843 3100 multitudo
2885 3042 3154 3099 efﬁcacior
3178 3053 3261 3099 est
3292 3044 3361 3099 ad

1708 3146 1750 3202 C
1784 3140 2168 3213 producendos
2188 3154 2328 3209 quos
2350 3130 2675 3210 quaarimus.
2695 3137 2833 3191 Tum
2856 3135 3075 3190 Nicetas
3102 3136 3362 3205 etAquila

1784 3232 2133 3303 requirebant
2176 3248 2205 3286 a
2234 3246 2351 3297 me,
2381 3246 2631 3302 quaenam
2662 3239 2809 3285 esset
2834 3229 3120 3300 peregrina
3148 3230 3363 3300 ignota-

1782 3342 1887 3396 que
1923 3341 1984 3380 ea
2029 3325 2247 3378 mulier.
2280 3322 2344 3377 Et
2391 3337 2492 3393 ego
2521 3322 2820 3390 respondi:
2868 3319 3039 3375 Mater
3087 3335 3203 3373 mea
3253 3328 3359 3386 est,

1781 3432 1946 3487 quam
1975 3430 2272 3485 agnoscere
2312 3414 2539 3468 donavit
2574 3413 2708 3466 mihi
2752 3411 2916 3475 Deus,
2945 3427 3041 3481 per
3075 3411 3358 3466 dominum

1782 3525 1962 3564 meum
1985 3507 2229 3563 Petrum.

1850 3617 1912 3674 11.
1944 3619 2068 3675 Haec
2089 3635 2212 3675 cum
2241 3634 2341 3689 ego
2367 3619 2648 3683 dixissem,
2673 3625 2866 3673 cuncta
2894 3616 2973 3670 eis
2997 3614 3189 3670 Petrus
3211 3630 3361 3669 sum<

1780 3714 1969 3767 matim
1997 3713 2249 3783 exposuit
2279 3730 2292 3766 :
2334 3711 2477 3781 quod
2508 3721 2796 3780 postquam
2827 3711 2901 3763 illi
2930 3708 3356 3777 prtecessisscnt,

1779 3821 1880 3875 ego
1904 3803 2155 3859 Clemens
2179 3819 2350 3875 genus
2374 3817 2550 3856 meum
2588 3802 2688 3870 ipsi
2724 3801 3116 3866 enarraverim,
3152 3809 3205 3854 ct
3241 3815 3359 3853 ma-

1780 3897 1879 3951 tris
1922 3913 2045 3952 cum
2096 3896 2327 3965 geminis
2371 3896 2485 3949 suis
2530 3894 2656 3949 ﬁliis
2698 3904 2961 3961 praetextu
2994 3893 3119 3947 ﬁcto
3155 3894 3355 3948 somnii

1780 3987 2193 4060 profeCtionem,
2224 4000 2479 4055 praeterea
2521 3987 2688 4054 patris
2730 3987 2796 4040 ad
2848 3987 3193 4054 quaerendam
3242 4002 3358 4039 ma-

1782 4092 1916 4137 trem
1946 4082 2066 4147 iter,
2094 4081 2287 4135 deinde
2309 4095 2418 4148 quo
2446 4080 2609 4133 modo
2637 4080 2749 4148 ipse
2775 4076 2967 4133 Petrus
2994 4080 3082 4132 ubi
3114 4080 3226 4133 haec
3252 4095 3357 4132 au-

1778 4175 1987 4239 diisset,
2016 4173 2247 4228 insulam
2270 4172 2546 4241 ingressus
2569 4171 2847 4225 mulierem
2875 4172 3159 4234 invenerit,
3189 4187 3353 4239 quam

1780 4266 2087 4320 mendicare
2118 4264 2327 4328 videns,
2377 4274 2430 4317 et
2462 4278 2681 4317 causam
2719 4263 3130 4317 mendicationis
3167 4272 3357 4329 postu-

1780 4359 1918 4423 lans,
1958 4356 2270 4426 cognoverit
2304 4356 2449 4409 illius
2488 4370 2680 4424 genus,
2727 4354 3126 4418 educationem,
3170 4355 3354 4408 fictum

1711 4450 2076 4533 Dsomnium,
2130 4448 2423 4501 liberorum
2475 4446 2719 4509 nomina,
2768 4462 2947 4499 meum
2998 4446 3225 4511 scilicet,
3261 4451 3354 4515 qui

1787 4542 2006 4596 relictus
2051 4538 2256 4595 fueram
2304 4539 2446 4608 apud
2480 4548 2707 4608 patrem,
2737 4547 2790 4590 et
2816 4538 3153 4603 geminorum
3202 4549 3357 4590 nato—

1783 4648 1924 4692 rum,
1954 4632 2045 4700 qui
2091 4647 2213 4684 cum
2248 4646 2308 4684 ea
2346 4632 2447 4685 iter
2486 4638 2859 4699 susceperant,
2901 4630 3135 4698 denique
3170 4629 3358 4698 suspi-

1779 4724 1991 4777 cionem
2016 4724 2081 4777 de
2106 4725 2298 4777 horum
2333 4725 2482 4779 obitu
2512 4725 2566 4778 in
2595 4724 2753 4778 mari.

1848 4895 1932 4951 Ill.
1965 4894 2058 4952 His
2090 4914 2218 4967 ergo
2249 4899 2561 4953 summatim
2595 4915 2623 4952 a
2656 4898 2814 4953 Petro
2842 4899 3025 4953 relatis
3051 4896 3268 4951 Nicetas
3301 4905 3354 4950 et

1780 4990 1973 5059 Aquila
2015 4991 2299 5058 stupefacti
2336 4993 2627 5047 dixerunt:
2668 4992 2805 5047 llere
2852 5008 2915 5046 ac
2964 4990 3195 5045 Domine
3238 5005 3351 5044 om-

1374 5126 1611 5181 VARIIE
1651 5123 2053 5181 LECTIONES.

206 5213 397 5292 "'ALeg.
414 5221 549 5292 Θεῷ,
584 5230 719 5277 utet
741 5225 888 5292 hom.
921 5222 1313 5292 xvrtl.19,uhi
1358 5222 1498 5275 idem
1534 5219 2107 5292 mendumrepetitur.
2153 5217 2213 5271 D.

353 5279 419 5324 ν⁸⁹
452 5279 546 5344 ἐπι
572 5294 672 5363 τήν
701 5294 823 5349 cod.
857 5290 986 5361 Reg.
1022 5279 1422 5363 804.,Subinde
1452 5292 1506 5363 i_n
1542 5290 1587 5345 Ο
1616 5305 1737 5363 esse
1767 5279 1983 5363 videtur
2016 5288 2331 5363 βαλαναίας.

2305 5218 2349 5256 ⁸⁷
2382 5217 2563 5288 εἰσιὼν
2596 5219 2623 5269 6
2664 5218 2866 5288 Πέτρος
2892 5218 2959 5288 C.
3060 5218 3105 5249 ⁸⁸
3138 5217 3348 5288 Ματθι-

2439 5289 2485 5327 οο
2514 5287 2592 5341 Ita
2637 5287 2861 5356 uterque
2916 5287 3076 5343 Hom.
3130 5287 3252 5341 cod.
3292 5296 3346 5339 et

158 5346 301 5441 Epit?
328 5363 599 5441 σφαγέγτὲ
617 5346 1091 5441 ἠιθηὲιέιοοιῇκρ..
1156 5362 1201 5393 θ’
1221 5361 1443 5441 copem!
1458 5361 1521 5416 Ο.
1597 5362 1643 5396 θ’
1674 5360 1855 5441 ἡμέρα
1888 5346 2076 5441 01]]δο
2107 5400 2137 5440 ,.
2151 5359 2242 5441 qui
2283 5346 2490 5441 deinde,
2520 5374 2633 5413 scr.
2685 5346 2787 5441 εἰς’
2825 5358 3052 5441 πέιλταν.
3093 5356 3230 5438 Tum
3262 5357 3339 5441 id.

158 5421 387 5503 χάῆαλεέ.
410 5421 525 5489 cod.
560 5432 694 5503 Reg.
737 5434 874 5494 802i.
906 5421 967 5486 ei
989 5431 1134 5501 Epit.

1226 5428 1371 5485 ⁹³1ιει
1403 5430 1448 5486 Ο
1494 5441 1546 5485 et
1575 5448 1642 5486 ex
1672 5428 1902 5498 conject.
1928 5428 1969 5482 C
2002 5470 2016 5494 ,
2046 5429 2140 5498 qui
2183 5431 2238 5498 in,
2262 5436 2409 5482 textu
2438 5429 2631 5480 τίκτει.

2736 5428 2783 5468 οδ
2826 5429 2903 5498 τῷ
2936 5428 3156 5495 ευῇυηειί
3189 5442 3238 5479 c.
3273 5424 3339 5498 Q.

160 5494 207 5573 ξ
230 5490 369 5573 ἳαίξῆς
394 5505 533 5571 conj.
577 5490 669 5555 [LV
699 5503 767 5556 At
814 5490 972 5559 lectio
1022 5490 1234 5571 vulgata
1282 5504 1429 5557 nulla
1469 5511 1587 5573 eget
1608 5490 2020 5573 emendatione,
2066 5490 2112 5555 si
2136 5515 2184 5552 c.
2216 5497 2285 5573 O_
2316 5499 2462 5573 legas
2494 5499 2737 5573 πλαστῆς
2775 5490 3239 5573 προφάσεως-βω
3275 5494 3339 5573 Ci

164 5557 471 5643 Ξλαῇξκαῖ
489 5557 833 5643 προφάσεως.
864 5573 901 5626 S
949 5557 1142 5627 verum
1158 5573 1271 5639 jam
1304 5574 1457 5627 vidit.
1503 5557 1579 5613 υιδ
1605 5572 1713 5643 Pro
1745 5569 1849 5641 [τό]
1883 5557 2077 5643 lacuna
2100 5570 2323 5643 parvula
2351 5557 2402 5621 in
2428 5567 2492 5623 0.
2528 5568 2612 5643 Nil
2657 5557 2789 5622 certi
2828 5557 3053 5643 'co'nstat
3089 5557 3166 5619 de
3209 5566 3336 5619 cod.

164 5620 416 5714 Earisie'nsi.
437 5620 568 5697 Tum
602 5620 943 5714 ἇναστξοφήν
977 5644 1123 5713 conj.
1229 5684 1243 5709 ,
1275 5644 1431 5714 cujus
1456 5652 1633 5697 textus

1696 5638 2023 5712 ἀνατροφήν,
2055 5649 2114 5712 ut
2151 5638 2216 5694 Ο.
2270 5640 2596 5712 ἀνατροφήν
2641 5643 2806 5712 etiam
2854 5640 2983 5709 legit
3040 5638 3335 5705 interpres.

162 5695 199 5730 "
222 5700 296 5767 οὓς
321 5695 421 5766 var.
446 5695 567 5768 lect.
605 5695 689 5783 ap.
733 5695 824 5779 C‘,
956 5695 1098 5770 bene:
1113 5695 1528 5785 tutorqueaﬂom.
1553 5695 1683 5771 cod.
1723 5695 1858 5789 Deiri
1886 5695 2222 5792 τεθνηκότων
2255 5726 2309 5781 p.
2371 5695 2690 5781 τέθνηκέναι
2740 5709 2805 5765 0.

428 5802 691 5865 Ριτιιοι..
733 5803 851 5864 Gn.
910 5804 989 5865 ll.

2984 5800 3049 5858 11
