3860 6210
460 274 559 343 53ί

1297 286 1355 341 S.
1396 282 1782 345 CLEMENTIS
1820 284 1840 338 Ι
1878 280 2042 337 ROM.
2079 280 2281 337 ΡΟΝΤ.
2320 281 2550 338 OPERA
2584 282 2811 340 DUBIA.

3620 295 3755 350 3'52-

461 409 639 469 nium,
672 410 931 461 verumne
957 413 1039 461 est
1062 406 1187 471 hoc,
1217 422 1286 461 an
1319 405 1401 462 est
1428 406 1738 461 Samnium?
1769 404 1909 459 Tum
1944 403 2031 457 Pe-

2138 397 2285 474 τΔρείι
2330 421 2413 473 γε,
2460 405 2706 458 Δέσποτα
2747 405 2841 457 καὶ
2882 404 3053 475 Κύριε
3099 402 3205 457 τῶν
3248 404 3537 471 ἁπάντων,
3572 407 3733 461 τοῦτο

458 513 578 555 trus
612 500 688 554 ait
716 518 727 552 :
759 497 871 553 Nisi
907 498 1245 563 dormimus,
1281 514 1467 552 verum
1495 506 1595 553 est.
1639 498 1707 553 At
1740 498 1816 551 illi
1844 496 2036 567 paulu-

458 591 570 643 lum
609 589 862 644 remorati
895 598 948 643 et
982 588 1328 657 cogitabundi
1368 590 1659 643 dixerunt:
1695 587 1805 643 Nos
1846 602 2035 641 sumus

456 682 754 737 Faustinus
802 692 856 735 et
887 680 1294 746 Faustinianus,
1326 690 1378 735 et
1417 682 1484 735 ab
1520 682 1694 745 initio,
1737 697 1859 734 cum
1909 696 2035 733 nar-

456 788 580 827 rare
613 772 846 841 ccepisti,
877 771 1013 825 alter
1056 770 1284 826 alterum
1333 770 1701 839 inspicientes,
1737 769 2031 839 plurimum

456 867 600 919 circa
636 879 736 919 nos
769 861 1274 926 considerabamus,
1299 878 1428 916 num
1470 863 1533 916 ad
1568 878 1669 916 nos
1702 862 2034 932 pertinerent

453 973 575 1027 qua:
598 957 938 1021 dicebantur,
966 964 1281 1024 reputantes
1324 955 1492 1008 multa
1538 954 1738 1009 similia
1787 954 2033 1008 accidere

454 1050 506 1102 in
537 1050 645 1103 vita
680 1048 961 1102 hominum
988 1090 1001 1112 ,
1036 1047 1294 1115 quocirca
1330 1046 1621 1111 tacuimus,
1648 1046 1769 1101 licet
1797 1059 1892 1100 cor
1932 1058 2031 1098 no-

452 1148 627 1193 strum
684 1140 987 1209 palpitaret.
1037 1136 1221 1192 lntuiti
1258 1146 1439 1192 autem
1477 1137 1532 1191 in
1587 1138 1692 1192 ﬁne
1738 1136 2027 1199 sermonis,

449 1232 592 1285 dieta
625 1231 896 1300 pertinere
941 1230 1005 1284 ad
1045 1244 1167 1290 nos,
1215 1239 1343 1283 tunc
1384 1243 1485 1282 nos
1516 1228 1929 1283 declaravimus.
1967 1224 2031 1280 Et

446 1332 738 1392 postquam
789 1323 893 1377 hoc
940 1323 1228 1385 dixissent,
1276 1322 1637 1391 lacrymantes
1688 1321 1754 1374 ad
1800 1330 2026 1373 matrem

448 1416 817 1480 accedebant,
872 1430 1105 1483 eamque
1165 1412 1524 1468 dormientem
1586 1412 1730 1466 nacti
1781 1412 2029 1481 protinus

448 1508 733 1576 complecti
772 1506 1042 1561 volebant.
1076 1504 1270 1560 Petrus
1311 1520 1439 1558 vero
1467 1504 1764 1573 prohibuit,
1794 1504 1980 1559 dicens
2012 1522 2024 1556 :

451 1597 623 1652 Sinite
649 1612 757 1661 me,
789 1598 1059 1652 adducam
1087 1612 1182 1653 vos
1211 1604 1264 1650 et
1288 1596 1555 1650 exhibebo
1583 1596 1764 1662 matri,
1795 1611 1861 1649 ne
1890 1595 2028 1649 forte

448 1691 621 1744 multo
647 1700 700 1743 et
726 1690 909 1743 subito
939 1687 1138 1757 gaudio
1182 1686 1235 1739 in
1278 1686 1445 1740 animi
1493 1695 1767 1756 stuporem
1802 1687 2023 1752 incidat,

447 1788 631 1849 utpote
663 1795 784 1849 qua:
808 1779 971 1834 etiam
999 1778 1256 1845 dormiat,
1297 1779 1659 1849 spiritumque
1692 1794 1885 1834 somno
1919 1779 2019 1833 ha-

446 1872 571 1927 beat
595 1882 941 1942 occupatum.

513 2048 602 2103 IV.
632 2049 799 2120 lgitur
823 2049 914 2103 ubi
938 2064 1190 2104 somnum
1230 2049 1297 2104 ad
1331 2049 1633 2103 satietatem
1668 2048 1810 2119 cepit
1835 2065 1899 2105 ac
1924 2063 2018 2103 ex-

442 2152 687 2213 perrecta
731 2150 814 2197 est
849 2151 1045 2209 mater,
1073 2140 1287 2205 Petrus,
1323 2142 1571 2196 adductis
1604 2142 1731 2206 illis,
1776 2144 1940 2212 erepit
1966 2142 2014 2195 ei

440 2238 508 2290 de
535 2234 629 2289 Dei
662 2235 808 2290 cultu
829 2232 1096 2290 disserere
1144 2235 1298 2305 prius
1323 2234 1511 2288 dicens
1540 2252 1553 2287 :
1592 2232 1743 2289 Scire
1785 2244 1837 2289 te
1869 2235 2014 2300 volo,

441 2327 654 2391 mulier,
686 2326 962 2396 religionis
1009 2334 1208 2379 nostra:
1246 2326 1664 2382 observantiam.
1700 2324 1811 2379 Nos
1845 2342 2013 2380 unum

438 2417 670 2473 colimus
718 2416 909 2482 Deum,
960 2416 1054 2485 qui
1098 2415 1225 2470 fecit
1267 2431 1428 2485 quem
1471 2417 1650 2470 cernis
1704 2417 2010 2472 mundum:

438 2510 582 2565 illius
616 2518 669 2563 et
705 2510 878 2579 legem
911 2524 1217 2574 servamus,
1254 2523 1375 2577 quze
1414 2508 1468 2562 in
1517 2508 1707 2577 primis
1752 2511 2010 2578 continet,

437 2599 617 2671 ipsum
645 2601 817 2654 solum
848 2600 1137 2655 colendum
1161 2614 1303 2665 esse,
1330 2600 1779 2654 sanctiticandum
1812 2617 2010 2657 nomen

435 2691 575 2760 ejus,
598 2698 848 2759 parentes
872 2688 1241 2753 honorandos,
1269 2689 1551 2743 colendam
1573 2691 2007 2758 temperantiam,
2038 2718 2041 2721 ν

382 2842 387 2847 ,
434 2792 487 2836 et
515 2782 599 2851 pie
626 2782 933 2835 vivendum.
970 2780 1050 2835 Ad
1077 2780 1191 2833 haec
1232 2795 1339 2833 non
1366 2781 1597 2835 vivimus
1624 2782 2005 2851 indifferenter,

434 2889 534 2928 nec
556 2889 586 2929 e
613 2873 892 2943 gentilium
928 2886 1115 2925 mensa
1139 2871 1319 2925 cibum
1351 2873 1641 2934 sumimus,
1674 2889 1852 2943 neque
1882 2892 2007 2930 cum

433 2965 499 3019 iis
524 2978 816 3033 possumus
839 2961 1142 3028 comedere,
1164 2962 1308 3031 quod
1330 2963 1598 3032 impuram
1627 2962 1788 3017 vitam
1818 2975 2001 3035 agunt.

2139 498 2335 569 ἀληθὲς
2382 499 2414 570 ἢ
2468 499 2674 571 ὄνειρός
2703 500 2747 533 ⁸³
2780 501 2963 566 ἐστιν;
2999 500 3108 554 Καὶ
3156 501 3183 553 ό
3236 500 3439 572 Πέτρος
3477 500 3611 571 ἔφη·
3668 504 3732 555 Εἰ

2142 594 2215 663 μὴ
2263 592 2579 663 κοιμώμεθα
2625 594 2691 657 ’⁸,
2738 592 2933 664 ἀληθὲς
2971 593 3242 663 τυγχάνει.
3297 594 3361 645 Οἱ
3398 593 3463 663 Ιδὲ
3490 633 3502 655 ,
3556 593 3733 665 βραχὺ

2140 683 2420 753 μείναντες
2466 685 2559 736 καὶ¹
2594 684 2771 737 σύννοι
2818 684 2885 715 ¹⁰⁰
2919 683 3219 753 γενόμενοι,
3256 683 3489 751 ἔφασανο
3539 684 3734 755 Ἡμεῖς

2136 774 2300 844 ἐσμεν
2333 775 2624 837 Φαυστῖνος
2653 775 2745 827 καὶ
2776 775 3178 838 Φαυστινιανδς,
3215 775 3307 826 καὶ
3340 775 3597 846 ἀπαρχῆς
3634 793 3731 828 σου

2134 866 2511 938 διαλεγομένου
2546 867 2793 939 ἀλλήλοις
2825 868 3187 938 ἐμϐλέποντες
3221 866 3388 920 πολλά
3429 868 3561 937 περὶ
3604 868 3734 920 ἐαυ-

2133 957 2240 1011 τῶν
2273 959 2800 1030 κατεστοχαζόμεθα,
2839 960 2912 1031 μὴ
2954 961 3062 1032 ἀρα
3113 960 3211 1029 οὐχ
3263 961 3393 1030 ἡμῖν
3438 959 3678 1033 διαφέρῃ
3715 962 3731 990 ¹

2132 1048 2200 1100 τά
2232 1047 2514 1118 λεγόμενα,
2546 1049 2881 1122 λογιζόμενοι
2904 1052 2985 1104 ὅτι
3014 1050 3182 1103 πολλά
3214 1051 3485 1123 παρόμοια
3516 1051 3731 1119 γίνεται

2134 1136 2191 1188 ἐν
2224 1136 2299 1207 τῷ
2335 1136 2461 1206 βίῳ·
2499 1138 2581 1217 δέ),
2609 1139 2934 1210 ἐσιωπῶμεν
2979 1139 3301 1211 παλλόμενοι
3342 1139 3442 1203 τὰς
3473 1140 3727 1211 καρδίας.

2132 1227 2274 1299 Πρὸς
2299 1229 2357 1281 δὲ
2389 1228 2447 1281 τὸ
2480 1230 2631 1291 τέλος
2674 1229 2767 1282 τοῦ
2799 1229 3089 1300 λεγομένου
3139 1230 3541 1299 ἀποϐλέψαντες
3565 1232 3607 1294 ³,
3646 1232 3729 1283 ὃτι

2130 1322 2263 1392 ἡμῖν
2290 1304 2533 1390 διαφέρει
2564 1322 2631 1374 τά
2664 1321 2950 1392 λεγόμενα,
2985 1323 3107 1377 τότε
3140 1322 3364 1385 ἑαυτοὺς
3383 1323 3546 1392 283
3578 1322 3730 1392 ὡμο-

2129 1412 2458 1483 λογήσαμεν.
2521 1402 2629 1467 Καὶ
2683 1413 2831 1467 τοῦτ’
2887 1414 2908 1446 ³
2954 1416 3199 1479 εἰπόντες
3256 1414 3393 1486 μετά
3444 1415 3726 1487 δακρύων,

2130 1502 2446 1573 ἐπεισῆλθον
2478 1504 2542 1573 τῇ
2578 1505 2763 1576 μητρὶ,
2810 1506 2900 1557 καὶ
2938 1505 3284 1575 κοιμωμένην
3325 1505 3579 1576 εὑρόντες
3616 1506 3723 1575 ἤδη

2130 1594 2552 1665 περιπλέκεσθαι
2599 1595 2621 1626 ⁸
2667 1595 2964 1650 ἐϐούλοντο.
3014 1596 3071 1649 '0
3117 1596 3173 1649 δὲ
3224 1596 3429 1667 Πέτρος
3461 1595 3727 1649 ’ἐκώλυεν

2127 1686 2325 1748 αὐτοὺς
2356 1685 2549 1739 εἰπών·
2599 1687 2824 1739 Ἐάσατέ
2870 1704 2958 1758 με,
2995 1687 3328 1758 προσαγάγω
3363 1689 3504 1757 ὑμᾶς
3538 1706 3724 1759 παρα-

2130 1774 2322 1843 στῆσαι
2353 1776 2418 1845 τῇ
2455 1775 2639 1845 μητρὶ,
2678 1775 2749 1845 μή
2782 1791 2899 1837 πως
2937 1774 3043 1826 ὑπὸ
3080 1774 3182 1843 τῆς
3213 1774 3411 1845 πολλῆς
3444 1775 3722 1843 αἰφνιδίου

2122 1867 2298 1936 χαρᾶς
2326 1867 2406 1927 είς
2450 1864 2704 1918 ἔκστασιν
2736 1865 2875 1918 ἔλθοι
2910 1866 3141 1937 φρενῶν,
3169 1867 3263 1920 ἆτε
3296 1867 3359 1937 δὴ
3394 1867 3717 1938 κοιμωμένη

2121 1958 2213 2009 καὶ
2238 1957 2297 2009 τὸ
2318 1956 2534 2027 πνεῦμα
2559 1955 2663 2009 ὑπὸ
2690 1956 2782 2009 τοῦ
2815 1956 2984 2009 ὕπνου
3017 1957 3293 2028 ἀπησχολη
3303 1958 3461 2028 μένον
3491 1958 3711 2028 ἔχουσα.

2189 2047 2274 2101 IV.
2308 2049 2495 2119 Ὅμως
2527 2048 2648 2100 ἐπεὶ
2675 2047 2834 2118 κόρον
2866 2047 3022 2117 ἔσχεν
3053 2047 3242 2113 ὕπνου,
3276 2049 3622 2123 διεγερθείσῃ
3648 2052 3717 2121 τῇ

2123 2140 2291 2211 μητρὶ
2336 2141 2363 2192 ό
2412 2138 2617 2210 Πέτρος
2649 2138 2851 2209 ἧρξατο
2901 2138 3029 2207 περὶ
3068 2138 3166 2208 τῆς
3212 2138 3520 2203 θεοσεϐείας
3572 2142 3711 2210 αὐτῇ

2116 2227 2455 2297 διαλέγεσθαι
2501 2228 2763 2299 πρότερον
2810 2227 2983 2295 λέγων
3012 2226 3061 2257 ⁵’
3098 2226 3389 2282 Γινώσκειν
3442 2246 3499 2281 σε
3548 2229 3711 2289 θέλοις

2115 2322 2295 2389 γύναι,
2316 2321 2415 2390 τῆς
2437 2320 2713 2392 ἡμετέρας
2746 2321 3046 2392 θρησκείας
3072 2322 3171 2392 τὴν
3206 2320 3497 2374 πολιτείαν.
3518 2321 3711 2390 Ἡμεῖς

2114 2413 2208 2465 ἕνα
2250 2412 2381 2465 Θεὸν
2429 2412 2678 2483 σέϐομεν,
2712 2412 2803 2466 τὸν
2849 2413 3189 2484 πεποιηκότα
3219 2413 3278 2465 ὃν
3303 2415 3436 2484 ὁρᾷς
3478 2413 3706 2483 κόσμον,

2114 2508 2204 2559 καὶ
2251 2507 2441 2558 τούτου
2488 2506 2837 2575 φυλάσσομεν
2887 2506 2980 2559 τὸν
3027 2506 3219 2577 νόμον,
3277 2506 3605 2577 περιέχοντα
3654 2506 3709 2556 ἐν

2114 2595 2368 2667 πρώτοις,
2413 2596 2572 2649 αὐτὸν
2615 2595 2792 2648 σέϐειν
2843 2596 3000 2666 μόνον
3032 2598 3125 2649 καὶ
3155 2597 3216 2649 τὸ
3256 2596 3420 2649 αὐτοῦ
3457 2595 3704 2664 ἀγιάζειο

2111 2688 2300 2758 ὄνομα,
2331 2689 2492 2758 τιμᾷν
2520 2706 2579 2741 τε
2620 2691 2815 2755 γονεῖς,
2848 2689 2941 2741 καὶ
2985 2691 3300 2759 σωφρονεῖν,
3338 2688 3487 2758 βιοῦν
3518 2705 3584 2740 τε
3622 2706 3702 2740 σε-

2113 2780 2258 2849 μνῶς
2296 2780 2334 2832 ⁸.
2390 2780 2534 2850 Πρὸς
2574 2779 2783 2842 τούτοις
2823 2779 2881 2832 δὲ
2922 2779 3230 2851 ἀδιαφόρως
3268 2781 3287 2811 ⁷
3330 2782 3402 2852 μὴ
3461 2780 3707 2849 βιοῦντες

2108 2868 2383 2939 τραπέζης
2425 2868 2592 2922 ἐθνῶν
2622 2870 2723 2921 οὐκ
2770 2868 3132 2939 ἀπολαύομεν,
3178 2869 3272 2922 ἆτε
3319 2870 3380 2940 δὴ
3422 2870 3548 2922 οὐδὲ
3585 2885 3701 2923 συν-

2107 2960 2386 3014 εστιᾶσθαι
2412 2962 2595 3024 αὐτοῖς
2622 2961 2930 3032 δυνάμενοι,
2955 2960 3045 3014 διά
3068 2962 3127 3013 τὸ
3154 2960 3477 3031 ἀκαθάρτως
3505 2963 3702 3023 αὖτοὺς

437 3054 631 3109 Verum
663 3070 785 3109 cum
813 3053 891 3108 eis
918 3053 1348 3122 persuaserimus
1380 3053 1580 3107 sentire
1618 3068 1683 3108 ac
1724 3054 1902 3109 facere
1935 3071 1996 3110 ea
2024 3091 2031 3127 ε

2118 3053 2277 3107 Βιοῦν.
2328 3054 2474 3137 Πλὴν
2513 3054 2712 3106 ὁπόταν
2763 3054 2959 3116 αὐτοὺς
3000 3054 3275 3124 πείσωμεν
3306 3054 3373 3106 τά
3417 3055 3521 3124 τῆς
3569 3057 3697 3126 ἀλη-

429 3159 550 3211 quae
588 3142 654 3196 ad
704 3142 983 3197 veritatem
1019 3150 1285 3212 spectant,
1318 3150 1371 3195 et
1410 3142 1864 3211 baptizaverimus
1908 3161 2003 3204 eos

2118 3146 2256 3208 θείας
2309 3147 2524 3217 φρονεῖν
2580 3163 2641 3197 τε
2687 3146 2781 3198 καὶ
2840 3148 3033 3209 ποιεῖν,
3092 3146 3451 3215 βαπτίσαντες
3501 3143 3703 3199 αύτοίιεἶ

430 3228 483 3281 in
513 3238 590 3282 ter
618 3229 772 3282 beata
800 3228 1034 3297 quadam
1067 3229 1302 3283 nominis
1342 3229 1704 3297 invocatione,
1740 3241 1869 3289 tunc
1896 3252 2005 3291 una

428 3336 551 3372 eum
581 3320 657 3374 eis
685 3320 979 3375 vescimur.
1023 3320 1276 3391 Alioquin
1303 3322 1465 3375 etiam
1512 3323 1557 3377 si
1592 3335 1745 3393 pater
1772 3327 1864 3392 sit,
1910 3338 2004 3385 aut

429 3427 585 3476 uxor,
615 3420 707 3465 aut
732 3412 931 3481 proles,
963 3420 1057 3465 aut
1101 3412 1287 3479 frater,
1320 3422 1413 3467 aut
1456 3415 1634 3483 quivis
1666 3415 1806 3471 alius
1842 3429 2003 3473 natu-

426 3504 522 3556 rali
554 3519 739 3557 amore
767 3504 988 3567 charus,
1022 3520 1292 3574 nusquam
1322 3507 1587 3561 audemus
1619 3523 1681 3562 ac
1708 3525 2001 3578 possumus

424 3610 547 3648 cum
577 3595 695 3663 ipso
715 3595 895 3648 cibum
918 3610 1152 3650 sumere.
1178 3595 1291 3651 Hoc
1310 3597 1509 3667 quippe
1534 3599 1807 3671 religionis
1836 3618 2001 3658 causa

424 3685 691 3754 praecipue
715 3679 967 3740 facimus.
993 3685 1070 3741 Ne
1097 3702 1225 3757 ergo
1255 3688 1350 3742 tibi
1378 3689 1701 3759 injuriosum
1734 3692 1997 3760 videatur,

425 3779 469 3831 si
508 3788 683 3833 tecum
736 3779 879 3833 ﬁlius
912 3780 1095 3834 cibum
1138 3795 1246 3834 non
1290 3782 1486 3851 capiat,
1522 3798 1694 3853 usque
1735 3800 1844 3855 quo
1888 3803 1997 3843 non

422 3870 609 3924 eadem
637 3887 761 3925 cum
788 3872 881 3925 illo
916 3873 1120 3927 sentias
1154 3866 1207 3928 et
1238 3889 1385 3943 agas.

492 3961 552 4015 Υ.
592 3962 803 4029 Quibus
835 3964 924 4018 illa
954 3965 1153 4020 auditis
1190 3984 1202 4018 :
1231 3963 1297 4020 Et
1325 3966 1477 4035 quid,
1502 3966 1696 4038 inquit,
1729 3971 1995 4024 vetatho-

421 4055 508 4109 d'e
538 4070 625 4109 me
657 4055 958 4124 baptizari?
980 4071 1100 4125 quae
1130 4058 1279 4126 prius
1306 4072 1469 4126 quam
1503 4071 1555 4113 te
1582 4060 1843 4127 viderem,
1872 4056 1993 4117 illos

419 4162 558 4215 quos
588 4157 783 4201 vocant
805 4146 936 4201 deos
963 4155 1210 4201 aversata
1238 4148 1362 4215 sim,
1402 4164 1498 4219 per
1529 4150 1671 4204 hanc
1701 4152 1991 4207 ratiocina-

419 4238 644 4297 tionem,
681 4238 809 4307 quia
836 4237 970 4291 mihi
1003 4238 1170 4292 multa
1206 4238 1320 4293 fere
1357 4238 1598 4309 quotidie
1628 4240 1759 4309 ipsis
1792 4242 1989 4295 immo-

419 4330 549 4382 lanti
586 4330 638 4382 in
675 4328 918 4383 adversis
952 4330 1116 4385 rebus
1151 4346 1258 4384 non
1312 4331 1616 4386 adfuerunt.
1672 4320 1748 4387 De
1781 4333 1990 4389 adulte-

2105 3239 2483 3309 τρισμακαρίᾳ
2514 3238 2622 3291 τινὶ
2668 3238 3021 3309 ὲπονομασίᾳ,
3058 3238 3178 3290 τότε
3219 3239 3403 3302 αὐτοῖς
3444 3237 3701 3291 συναυλι-

2105 3329 2309 3400 ζόμεθα
2340 3331 2382 3382 ⁸.
2429 3330 2577 3382 Ἐπεὶ
2625 3329 2731 3382 οὐδ’
2767 3329 2831 3382 ἂν
2866 3330 2886 3360 ⁹
2933 3329 3114 3399 πατὴρ
3169 3330 3433 3402 τυγχάνῃ,
3469 3329 3502 3400 ἢ
3539 3332 3697 3401 γυνὴ,

2103 3416 2135 3485 ἢ
2165 3416 2370 3479 τέκνον,
2401 3416 2433 3486 ἢ
2466 3417 2708 3485 ἀδελφὸς,
2743 3415 2776 3487 ἢ
2808 3416 2963 3480 ἀλλος
2992 3435 3076 3480 τις
3106 3419 3171 3470 ὲκ
3201 3418 3415 3487 φύσεως
3460 3422 3701 3490 ποργὴν

2102 3507 2271 3576 ἔχων,
2320 3508 2694 3561 συνεστιᾶσθαι
2749 3508 2897 3578 αὐτῷ
2940 3509 3142 3580 τολμᾷν
3194 3510 3487 3581 δυνάμεθα.
3548 3513 3697 3583 Θρηὲ

2103 3602 2259 3672 σκεία
2301 3601 2465 3672 284
2486 3601 2594 3672 γὰρ
2623 3601 2987 3672 διαφερόντως
3021 3602 3065 3633 ¹⁰
3091 3601 3247 3655 τοῦτο
3284 3602 3567 3672 ποιοῦμεν.
3603 3606 3695 3675 Μὴ

2098 3690 2190 3746 οὖν
2226 3693 2381 3764 ὕϐριν
2425 3696 2605 3765 ἡγήσῃ
2645 3694 2705 3746 τὸ
2754 3693 2827 3763 μὴ
2865 3694 3243 3747 συνεστιᾶσθαί
3299 3712 3378 3747 σοι
3411 3696 3502 3747 τὸν
3555 3698 3692 3760 υἱὸν,

2102 3787 2292 3856 μέχρις
2323 3784 2387 3839 ἂν
2423 3784 2496 3856 μὴ
2528 3785 2596 3837 τά
2625 3784 2764 3837 αὐτὰ
2790 3784 2937 3855 αύτῷ
2963 3788 3165 3856 φρονῇς
3194 3788 3235 3816 ¹¹
3264 3786 3357 3839 καὶ
3384 3790 3567 3858 ποιῇς.

2167 3961 2232 4015 ν.
2273 3962 2337 4014 Ἦ
2376 3960 2433 4013 δὲ
2475 3961 2753 4013 ἀκούσασα
2783 3961 3027 4032 ἔφη·’Τί
3068 3958 3160 4017 οὖν
3201 3964 3399 4017 κωλύει
3450 3958 3701 4039 σῆμερόν

2098 4071 2165 4124 με
2198 4054 2239 4084 ¹²
2271 4052 2662 4124 βαπτισθῆναι;
2692 4055 2812 4123 ἥτις
2848 4055 2953 4125 πρὸ
2985 4054 3078 4107 τοῦ
3114 4073 3172 4108 σε
3218 4057 3346 4110 ίδεῖν
3379 4059 3508 4121 τοὺς
3537 4059 3693 4128 λεγο-

2097 4144 2288 4216 μένους
2316 4143 2472 4206 θεοὺς
2502 4143 2878 4215 ἀπεστράφην,
2908 4143 3152 4215 λογισμῷ
3178 4145 3369 4216 τούτῳ,
3406 4148 3488 4199 ὅτι
3517 4150 3693 4203 πολλά

2094 4235 2278 4305 σχεδὸν
2316 4234 2434 4287 καθ’
2465 4235 2678 4305 ἡμέραν
2713 4236 2757 4267 ³³
2790 4235 2990 4307 θυούσῃ
3031 4236 3213 4300 αὐτοῖς
3261 4240 3319 4290 ἐν
3360 4242 3483 4303 ταῖς
3514 4242 3686 4309 ἀνάγ-

2090 4341 2213 4387 καις
2256 4324 2317 4376 ού
2354 4324 2771 4395 παρεστάθησάν
2816 4342 2925 4394 μοι.
2966 4326 3099 4396 Περὶ
3128 4325 3184 4378 δὲ
3220 4327 3469 4398 μοιχείας
3510 4331 3565 4382 τί
3609 4331 3693 4383 δεῖ.Ι

417 4420 501 4472 rio
528 4428 705 4473 autem
736 4419 864 4489 quid
888 4420 1068 4475 verbis
1096 4436 1232 4489 opus
1265 4414 1381 4475 est?
1407 4435 1531 4474 cum
1567 4437 1740 4491 neque
1771 4426 1992 4493 quando
2026 4420 2031 4473 l

2118 4416 2186 4467 ιαὶ
2204 4415 2380 4483 λέγειν
2401 4432 2413 4476 ;
2432 4414 2590 4468 ὁπότε
2607 4414 2713 4467 οὐδ’
2738 4415 2824 4466 ὅτε
2848 4414 3157 4479 ἐπλούτουν,
3174 4420 3351 4489 τρυφή
3376 4435 3445 4489 με
3464 4419 3625 4474 τοῦτο
3642 4423 3689 4453 ¹⁸

416 4509 567 4562 dive's
613 4524 783 4574 eram,
825 4509 1029 4563 deliciae
1072 4524 1156 4562 me
1190 4510 1241 4561 in
1279 4510 1383 4563 hoc
1417 4510 1755 4578 deceperint,
1817 4522 1991 4582 neqUe

418 4600 706 4654 subsecuta
740 4610 1032 4670 paupertas
1079 4602 1317 4670 potuerit
1343 4601 1409 4655 ad
1446 4608 1511 4655 eo
1545 4604 1868 4659 veniendum
1899 4621 1992 4659 c0-

417 4704 562 4757 gere,
598 4689 741 4757 quod
777 4690 1092 4758 pudicitiam
1121 4706 1295 4744 meam
1327 4691 1473 4745 velut
1499 4693 1796 4746 maximum
1826 4694 1991 4749 decus

419 4793 782 4846 capesserem,
810 4779 967 4849 cujus
996 4780 1163 4849 gratia
1192 4777 1244 4832 in
1274 4787 1477 4833 tantam
1507 4781 1868 4837 calamitatem
1898 4785 1992 4838 de-

2094 4506 2409 4575 ὴπάτησεν,
2462 4504 2571 4556 οὐδ’
2619 4506 2651 4573 ή
2714 4504 2850 4575 μετὰ
2908 4505 3110 4573 ταύτην
3168 4506 3327 4558 πενία
3375 4508 3469 4559 ἐπὶ
3522 4507 3689 4563 τοῦτο

2094 4596 2266 4649 ἐλθεῖν
2318 4596 2617 4663 ἀναγκάσαι
2664 4595 2975 4664 δεδύνηται,
3023 4596 3470 4668 ἀντιποιουμένην
3506 4600 3551 4630 ¹⁸
3579 4617 3692 4669 μου

2094 4684 2191 4756 τῆς
2243 4686 2592 4755 σωφροσύνης
2640 4686 2715 4748 ὼς
2752 4686 3003 4755 μεγίστου
3056 4687 3285 4750 κάλλους
3308 4687 3370 4751 ³⁸,
3409 4682 3477 4759 ἧς
3518 4690 3689 4759 ἕνεκα

2095 4779 2173 4840 εἰς
2199 4777 2463 4847 τοσαύτην
2494 4773 2654 4845 ἦλθον
2704 4776 3042 4847 περίστασιν.
3085 4775 3221 4829 Ἀλλ’
3254 4776 3360 4830 οὐδ’
3406 4756 3689 4848 οἶμαίκσεδ

1702 4915 1935 4970 VARhE
1977 4913 2376 4969 LECTIONES.

486 5030 532 5068 *⁸
560 5030 765 5111 ὄνειρον
796 5030 859 5084 0.
936 5029 1167 5111 θξ-ίιίιυςῑ
1221 5029 1705 5111 Ερὶινμαινόμεθα
1740 5031 1940 5096 (insani
1967 5027 2407 5111 s_umus).A_Ru_lin‘.
2439 5025 2643 5096 Recogn

2654 5066 2666 5080 .
2734 5039 2826 5093 vn,
2850 5025 2941 5079 28.
3023 5025 3089 5057 ¹⁰⁶
3118 5024 3196 5080 Ita
3237 5016 3323 5089 S.,
3354 5025 3575 5091 σύννοες
3611 5031 3678 5085 C.

416 5100 482 5163 Ο,
513 5094 688 5168 quam
707 5099 938 5154 formam
966 5101 1055 5154 ille
1080 5094 1317 5154 librariis
1346 5094 1529 5168 deberi
1554 5094 1706 5168 putat
1734 5094 1754 5153 ε’
1769 5117 1888 5155 esse
1916 5104 2061 5156 enim
2092 5094 2268 5153 .ctatis
2296 5096 2515 5159 inﬁmae,
2543 5094 2664 5165 qua:
2701 5094 2843 5168 Lob.
2872 5096 3329 5168 __P_h_ryn.Ap._453
3359 5096 3525 5168 hujus
3549 5100 3677 5153 vitii

417 5167 676 5249 attulerit.
692 5170 958 5249 exempla.
1021 5173 1055 5249 ’ξ
1081 5167 1400 5249 διαφέρει
1430 5180 1497 5249 _et
1517 5167 1578 5249 CA
1604 5169 1654 5221 in
1680 5168 2057 5249 garrigepdis,
2088 5169 2324 5249 διαφέρῃ

2358 5168 2411 5220 in
2451 5163 2622 5220 textu.
2701 5168 2720 5196 ²
2746 5163 3061 5233 ἁποόλέψάν
3092 5163 3157 5221 0.
3185 5164 3322 5219 Tum
3353 5163 3555 5230 αύτούς
3580 5171 3624 5221 C
3660 5212 3677 5235 ,

415 5239 609 5319 αύτούς
782 5240 801 5270 ³
825 5226 981 5319 {eum
1016 5238 1078 5294 (ἶ.
1154 5226 1721 5319 δ’περιπλέπεσθαιρ
1768 5226 2057 5319 mendose:
2108 5240 2141 5319 ξ
2167 5226 2369 5309 ἤρξατο
2404 5235 2769 5319 προσαγαγιὶψ
2808 5226 2987 5303 λέγειν
3011 5236 3057 5319 C_
3082 5278 3095 5301 ,
3124 5236 3465 5319 initerupdiis
3492 5226 3681 5317 cinis;

416 5313 514 5365 sis.
592 5318 612 5347 θ
654 5305 824 5380 ἡδέως
846 5309 909 5377 0,
937 5325 1100 5377 supra
1128 5304 1359 5379 σεμνῶς,
1384 5325 1477 5380 ap.
1514 5309 1581 5380 C_
1602 5306 1992 5380 _ﬁ6éw;._ﬂanc
2016 5304 2301 5380 lectionem
2334 5304 2641 5380 corruptela
2669 5307 2919 5380 laborare
2948 5317 3096 5380 rec_te
3124 5306 3259 5361 vidit
3294 5304 3332 5380 _S
3361 5307 3503 5380 ,Aqui
3535 5324 3678 5380 pro—

414 5381 598 5449 posuit
621 5380 810 5447 ἀγίως.

414 5448 467 5519 et
507 5448 665 5515 Epit,
688 5449 922 5519 οὐδαμοῦ
952 5450 1039 5507 0..

888 5374 907 5415 ’ί
947 5374 1215 5500 διαφρρως
1236 5381 1354 5432 cod.
1384 5374 1515 5448 R'cg.
1558 5374 1681 5431 80L
1757 5379 1777 5407 ⁸
1808 5378 1881 5431 Ita
1914 5376 1958 5431 Ο
2018 5394 2066 5432 c.
2098 5378 2266 5446 Epit.,
2293 5374 2687 5446 συναλιζόμεθα
2713 5376 2775 5430 C.
2851 5376 2873 5405 ’
2900 5375 2973 5428 Ita
3022 5375 3066 5430 0
3135 5392 3185 5431 c.
3212 5377 3336 5430 cod.

888 5449 922 5500 ιῢ
952 5450 1013 5500 C.
1088 5450 1243 5500 einde
1268 5450 1507 5500 τυγγάνη
1540 5446 1583 5500 Ο
1631 5464 1682 5500 c.
1713 5444 1877 5500 Enit..
1928 5448 2183 5500 τυγγάνει
2243 5448 2304 5500 C.
2358 5447 2546 5498 τέκνον
2581 5462 2692 5499 om.
2748 5445 2813 5499 Ο.
2928 5446 2970 5476 ¹⁰
3008 5447 3336 5500 διαφέροντες

1088 5444 1243 5503 éinde
1268 5444 1509 5519 τυγχάνῃ
1540 5446 1583 5501 Ο
1631 5464 1682 5519 c.
1713 5444 1890 5519 Epit”?
1928 5444 2183 5519 τυγχάνει
2358 5444 2560 5519 τέκνον
2581 5462 2692 5499 om.
2736 5445 2813 5519 ΑΟ.

3427 5393 3512 5446 eg.
3560 5377 3677 5435 804

2928 5446 2970 5476 ¹⁰
3008 5447 3358 5516 διαφέροντες
3403 5448 3552 5515 conj.
3607 5449 3674 5504 S.

410 5513 456 5550 ’³⁸
481 5513 681 5590 Scripsi
706 5520 770 5590 ᾂν
796 5513 870 5589 μὴ
888 5519 955 5573 τὰ
973 5519 1107 5571 αὐτὰ
1137 5519 1285 5588 αὐτῷ
1546 5533 1604 5590 c_.
1628 5517 1672 5571 0
1703 5513 1807 5590 ,κᾶν
1839 5518 1907 5590 τὰ
1940 5513 2089 5590 αὐτῷ
2117 5535 2215 5590 φρ.
2241 5518 2281 5590 _C
2312 5559 2330 5590 ,
2351 5517 2442 5590 qui
2474 5522 2661 5590 deesse
2687 5516 2827 5590 αὐτά
2852 5522 2999 5590 recte
3029 5513 3339 5590 suspicatus
3364 5525 3467 5590 est,
3498 5513 3565 5590 ἂν
3596 5520 3676 5574 τά

415 5589 553 5640 αύτά
578 5607 620 5657 φ,
657 5628 671 5641 .
708 5588 865 5656 Epit.
954 5591 995 5620 ¹²
1029 5606 1094 5659 με
1131 5592 1193 5659 σή
1244 5588 1372 5659 ερον
1398 5589 1457 5643 C.

416 5659 597 5713 αὐτοῖς
767 5659 809 5690 ’⁸
833 5660 968 5713 πρὸς
998 5659 1157 5711 τοῦτο
1187 5607 1352 5713 ἓῑήῑ..
1389 5676 1457 5713 uu

416 5659 597 5729 αὐτοῖς
620 5659 683 5712 Ο.
767 5659 809 5729 ’⁷⁸
833 5660 968 5729 πρὸς
998 5659 1157 5711 ’τοῦτο
1187 5659 1369 5729 Emi"!
1389 5676 1423 5727 (Ι

417 5742 501 5788 τις
526 5728 928 5800 ἐξαπατηθῆναι
954 5731 1121 5783 οἱέται
1150 5728 1319 5782 ταυτα
1358 5728 1414 5783 S.

1569 5588 1610 5619 ¹³
1642 5588 1972 5658 καθημέρων
2004 5585 2073 5641 Ο.
2124 5585 2367 5658 Subinde
2418 5586 2583 5638 θυούσ

1430 5658 1533 5715 uod
1590 5660 1647 5710 in
1695 5656 1842 5711 textu
1868 5656 1992 5726 poni
2030 5658 2147 5727 vult
2168 5658 2231 5711 D.
2260 5656 2507 5710 Frustra.
2560 5656 2643 5708 Cf.
2685 5656 2733 5712 ο.
2770 5674 2819 5727 g.
2860 5656 3003 5712 Xeu.
3035 5656 3213 5713 Anab.
3263 5672 3311 5726 ν,
3354 5656 3409 5726 7,
3468 5658 3539 5713 ιι
3565 5678 3577 5689 υ
3610 5656 3677 5712 εἰ

1498 5729 1539 5761 ³⁸
1585 5725 2040 5800 ἀντιποιουμένης
2078 5725 2215 5797 Epit.

2675 5588 2837 5658 Epil.,
2860 5586 3110 5659 -θυούσης
3130 5585 3139 5586 ί
3158 5587 3233 5659 ,0,
3264 5585 3327 5640 Ο.
3354 5587 3568 5659 -αὑτοῦ
3608 5606 3669 5658 p.

2322 5727 2366 5767 ³⁸
2398 5726 2560 5781 καλοῦ
2592 5728 2655 5782 υ.
