3860 6210
170 390 273 445 3.75

1264 378 1728 439 CLEMENTINA.
1757 408 1821 417 —
1862 375 2146 433 HOMILIA
2184 378 2331 433 XIII.-

3331 384 3435 441 '55!»

170 510 323 582 κύριέ
360 526 466 581 μου
509 507 707 581 Πέτρε,
736 505 972 575 ἀγνοεῖν,
1007 505 1087 558 ὅτι
1115 505 1148 575 ή
1174 502 1373 555 πλείων
1410 499 1671 570 ἐπιθυμία
1704 497 1729 548 ὲ

1868 496 2012 550 veni.
2048 494 2155 551 Sed
2203 511 2303 552 nec
2333 506 2384 550 te
2416 497 2673 563 arbitror,
2707 498 2927 553 domine
2960 500 3033 554 mi
3066 500 3240 565 Petre,
3280 500 3434 573 igno-

168 601 437 672 εύθυμιῶν
460 601 682 669 γίνεται.
695 599 869 675 Ὅθεν·
880 597 989 667 ἐγὼ
1015 598 1070 649 έν
1088 595 1321 667 εὐθυμία
1338 611 1453 663 σωιρ
1463 593 1751 664 ρονήσασα,

167 696 223 747 ἐν
246 695 515 765 δυσθυμία
559 692 696 765 πρὸς
755 690 946 762 ήδονὰς
990 689 1231 761 ἐμαυτήν
1278 687 1379 741 οὐκ
1428 684 1749 753 ἀποδίδωμι.

191 786 329 838 Αλλά
377 786 516 856 μηδὲ
567 782 663 838 νῦν
713 801 814 855 μου
863 782 1159 853 κακουχίας
1203 777 1544 850 ἀπηλλάχθαι
1599 774 1751 846 νομί-

172 894 260 950 σῃς
286 879 324 908 ¹⁷
350 878 452 948 τὴν
494 875 690 947 ψυχὴν,
738 876 837 946 τὴν
872 874 1052 938 ποσῶς
1102 870 1451 944 παραμυθίας
1483 867 1751 939 τυχοῦσαν

165 968 246 1020 διὰ
276 968 373 1039 τὴν
409 968 727 1040 Κλήμεντος
766 966 1081 1036 ἐπίγνωσιν.
1124 962 1600 1035 Ἀντεισερχομένη
1641 958 1751 1030 γὰρ

166 1060 279 1129 ήὲκ
316 1060 424 1113 τῶν
465 1059 558 1112 δύο
602 1058 807 1111 τέκνων
844 1074 944 1128 μου
988 1054 1297 1127 βαρυθυμία
1327 1054 1369 1084 ¹⁸
1396 1051 1490 1106 καὶ
1521 1051 1620 1122 τὴν
1653 1069 1751 1104 πο-

166 1149 265 1212 σῶς
296 1150 539 1221 ἀμαυροῖ
559 1138 752 1221 χαράν.
780 1148 954 1201 Λυπεί
980 1146 1088 1217 γὰρ
1114 1140 1261 1221 ἡμᾶς
1305 1144 1365 1197 οὐ
1405 1143 1655 1196 τοσοῦτον
1688 1143 1749 1195 τὸ

163 1240 215 1292 ὲν
335 1239 583 1313 θαλάσσῃ
620 1239 843 1301 τούτους
871 1224 1299 1310 παραπολέσθαι,
1329 1232 1452 1288 ὅσον
1485 1235 1546 1325 τδ
1578 1234 1747 1327 χεζρὶς

162 1332 252 1401 τῆς
290 1330 439 1394 θείας
486 1333 567 1395 είς
601 1330 733 1383 Θεὸν
775 1329 1054 1392 εὐσεϐείας
1096 1328 1461 1398 διαφθαρῆναι
1502 1319 1743 1397 μετά”γε

162 1424 259 1476 τῶν
280 1423 469 1493 ψυχῶν
493 1424 677 1487 αὐτοῖς
701 1424 793 1475 καὶ
818 1422 885 1476 τὰ
912 1420 1137 1493 σώματα
1165 1422 1221 1473 ⁸⁸.
1244 1421 1301 1473 '0
1326 1420 1382 1472 δὲ
1405 1419 1607 1472 τούτων
1634 1436 1742 1471 πα-

161 1510 273 1587 τὴρ,
315 1515 481 1585 285
526 1514 660 1586 ἐμὸς
712 1515 769 1569 δὲ
816 1512 1061 1585 σύμϐιος,
1107 1513 1183 1576 ὡς
1229 1509 1380 1581 παρὰ
1426 1510 1741 1581 Κλήμεντος

162 1606 371 1677 ἔμαθον,
399 1606 493 1659 ὲπί
517 1623 579 1658 τε
606 1606 706 1677 τὴν
732 1604 868 1676 ἐμὴν
896 1605 991 1657 καὶ
1018 1604 1062 1635 ²⁰
1087 1602 1196 1657 τῶν
1231 1602 1361 1655 υἱῶν
1388 1600 1612 1673 ζήτησιν
1643 1602 1737 1653 ὲκ-

162 1698 270 1762 εὰς,
303 1697 586 1761 τοσούτοις
615 1697 791 1750 ἐτεσιν
824 1697 1035 1767 ἀφανής
1074 1696 1248 1747 ἐστιν·
1283 1694 1503 1757 πάντως
1525 1693 1581 1745 δὲ
1615 1694 1735 1745 ἐτεη

160 1780 420 1863 λεύτησεν.
451 1791 564 1843 Καὶ
588 1788 697 1861 γὰρ
718 1790 746 1842 6
769 1788 1110 1860 ταλαίπωρος
1150 1782 1253 1840 ὑπὸ
1291 1778 1641 1857 σωφροσύνης
1668 1805 1735 1858 με

159 1882 371 1951 ἀγαπῶν
420 1883 734 1953 φιλότεκνος
770 1878 859 1953 ἦν.
887 1881 1049 1960 Ὅθεν
1090 1880 1307 1933 πάντων
1353 1880 1508 1951 ήμῶν
1555 1878 1665 1933 τῶν
1691 1880 1735 1909 ²¹

160 1975 285 2049 ύτὲρ
328 1976 506 2029 πάντα
552 1974 703 2046 αὐτῷ
748 1972 1120 2045 ὴγαπημένων
1170 1968 1452 2045 στερηθεὶς
1490 1974 1519 2026 6
1559 1972 1737 2046 γέρων

160 2060 255 2119 ὐπξ
288 2067 555 2139 μεγίστης
586 2065 824 2137 ἀθυμίας
849 2064 1204 2136 διεφώνησεν.

220 2152 307 2211 Ἦ.
332 2156 444 2230 Τῆς
473 2159 680 2231 μητρὸς
704 2157 875 2211 ταῦτα
895 2153 1183 2229 λεγούσης,
1230 2157 1370 2211 κατὰ
1392 2157 1497 2227 τὴν
1525 2157 1732 2229 Πέτρου

166 2250 476 2323 παραίνεσιν
504 2254 575 2314 ²²,
601 2252 893 2314 ἀκούοντες
932 2248 1118 2303 οὐκέτι
1172 2248 1383 2319 στέγειν
1410 2249 1661 2302 ἐδύναντο
1686 2251 1733 2302 οί

164 2345 338 2407 παῖδες
357 2385 372 2407 ,
403 2343 521 2398 ἀλλ’
559 2338 876 2415 ὲγερθέντες
902 2341 1321 2413 περιεπλέκοντο
1362 2342 1497 2412 αὐτῇ
1520 2380 1534 2404 ,
1565 2341 1735 2395 πολλὰ

156 2436 470 2509 δακρύοντες
496 2437 593 2491 καὶ
619 2428 1070 2506 καταφιλοῦντες.
1137 2434 1201 2487 Ἦ
1226 2434 1285 2487 δὲ
1321 2434 1424 2505 ἔφη
1451 2452 1463 2463 ·
1496 2435 1560 2487 Τί
1588 2434 1732 2486 θέλει

158 2516 302 2582 τοῦτο
351 2525 493 2583 εἶναι
522 2547 537 2596 ;
571 2530 682 2583 Καὶ
727 2530 756 2581 6
799 2528 1005 2599 Πέτρος
1030 2527 1397 2597 ἀπεκρίνατο·
1437 2527 1733 2599 Παράστη-

162 2615 261 2683 σόν,
280 2616 323 2676 ὦ
353 2621 538 2690 γύναι,
567 2622 833 2690 γενναίως
857 2618 948 2673 τὸν
970 2618 1095 2672 νοῦν
1148 2636 1272 2682 σου,
1304 2618 1452 2680 ὅπως
1479 2618 1587 2671 τῶν
1617 2618 1731 2672 σῶν

159 2712 459 2786 ἀπολαύσῃς
492 2713 721 2767 τέκνων.
784 2707 944 2767 Οὗτοι
986 2712 1098 2784 γάρ
1142 2712 1249 2764 εἱσι
1294 2712 1589 2773 Φαυστῖνος
1637 2712 1733 2763 καὶ

158 2806 545 2869 Φαυστινιανὸς,
572 2806 622 2858 οἱ
675 2804 783 2857 υἱοί
811 2822 926 2870 σου,
953 2804 1047 2868 οὒς
1069 2806 1125 2857 ὲν
1169 2804 1315 2876 βυθῷ
1341 2804 1592 2857 τεθνάναι
1617 2804 1733 2857 ἕλε-

159 2915 259 2964 γες.
308 2898 433 2962 Πῶς
478 2899 539 2953 δὲ
589 2898 778 2963 ζῶσιν,
825 2901 920 2953 ἐπὶ
964 2900 1127 2970 βυθοῦ
1156 2900 1203 2930 ’³
1251 2898 1507 2961 θανόντες
1557 2900 1615 2951 ὲν
1661 2900 1729 2970 τῇ

522 2984 706 3065 ἐκείνῃ
731 2992 909 3055 νυκτὶ,
963 2992 1055 3045 καὶ
1082 2991 1200 3056 πῶς
1233 2988 1328 3044 νῦν
1356 2992 1385 3043 6
1424 2990 1523 3061 μὲν
1550 2988 1731 3043 αὐτῶν

160 3082 385 3155 Νικήτης
431 3082 653 3150 λέγεται
679 3124 694 3149 ,
725 3086 753 3137 6
802 3084 859 3136 δὲ
904 3084 1134 3147 Ἀκύλας
1160 3123 1176 3147 ,
1223 3082 1374 3137 αὐτοί
1434 3100 1514 3136 σοι
1558 3084 1731 3137 εἰπεῖν

161 3174 482 3247 δυνήσονται·
517 3177 617 3229 σὺν
667 3178 752 3229 σοὶ
798 3176 908 3248 γὰρ
931 3168 1092 3248 ἡμεῖς
1122 3176 1312 3247 μαθεῖν
1337 3176 1556 3247 ἔχομεν.
1586 3176 1730 3229 Ταῦ·
1754 3176 1800 3236 C

161 3282 219 3316 τα
240 3266 326 3318 τοῦ
384 3268 598 3338 Πέτρου
627 3266 895 3329 εἰπόντος,
923 3269 955 3337 ἡ
988 3268 1189 3338 μήτηρ,
1228 3269 1457 3337 χαρεῖσα
1484 3266 1688 3337 σφόδρα
1709 3308 1724 3332 ,

163 3355 254 3408 ὑπὸ
276 3355 545 3419 ὲκλύσεως
591 3356 771 3424 ὀλίγου
816 3356 1087 3424 διεφώνει.
1122 3358 1251 3409 Ὅτε
1299 3356 1356 3408 δὲ
1406 3357 1577 3427 αὐτὴν
1631 3358 1727 3410 άν-

165 3448 507 3519 εκτησάμεθα,
559 3448 846 3519 ὲκαθέσθη,
894 3448 988 3502 καὶ
1036 3448 1238 3519 ἑαυτῆς
1263 3449 1530 3520 γενομένη
1578 3448 1682 3521 ἔφη
1712 3467 1724 3478 ³

166 3540 445 3613 Παρακαλῶ
471 3585 488 3609 ,
541 3543 706 3597 τέκνα
762 3561 863 3614 μου
915 3542 1141 3596 ποθεινὰ
1172 3582 1187 3607 ,
1240 3542 1432 3596 εἴπατε
1478 3545 1611 3615 ήμῖν
1656 3544 1727 3597 τά

171 3634 289 3702 μετὰ
331 3635 427 3707 τὴν
473 3627 719 3707 χαλεπὴν
768 3636 982 3705 ἐκείνην
1013 3634 1184 3691 νύκτα
1228 3638 1513 3708 συμϐάντα
1538 3639 1689 3709 ὑμῖν.

226 3793 375 3865 286
394 3794 508 3850 VH-
542 3796 653 3849 Καὶ
675 3796 704 3848 ὁ
730 3796 997 3867 Νικήτης,
1019 3794 1114 3848 τοῦ
1143 3794 1331 3847 λοιποῦ
1351 3792 1725 3858 Φαυστῖνοςίδ,

170 3883 344 3953 ἡρξατο
364 3886 542 3956 λέγειν
566 3904 579 3916 ·
611 3886 722 3958 Τῆς
744 3887 914 3957 αὐτῆς
936 3888 1152 3957 ἐκείνης
1177 3885 1372 3947 νυκτὸς
1395 3884 1490 3937 τοῦ
1517 3882 1727 3947 πλοίου,

174 3976 236 4038 Ca;
278 3974 439 4042 οἶσθα,
488 3980 867 4050 διαλυομένου,
916 3981 1063 4051 ήμᾶς
1110 3979 1304 4051 ἄνδρες
1350 3978 1528 4041 τινὲς,
1563 3978 1620 4030 ὲν
1650 3975 1729 4047 τῷ

175 4068 299 4139 βυθῷ
326 4071 608 4145 λῃστεύειν
640 4075 714 4144 μὴ
761 4072 924 4141 φοὸού
934 4090 1106 4143 μενοι,
1134 4072 1403 4125 ἀνείλοντο
1428 4071 1494 4133 ²¹¹,
1524 4072 1619 4124 καὶ
1670 4072 1729 4122 ἐν

181 4161 337 4233 σκάφῃ
381 4163 565 4226 θέντες
588 4165 684 4217 καὶ
730 4163 945 4227 κώπαις
969 4163 1300 4229 ἐλαύνοντες,
1331 4164 1421 4215 ὁτὲ
1454 4164 1554 4234 μὲν
1574 4162 1729 4251 πίρά

174 4248 464 4324 ’[ῆνὲφερον,
493 4256 585 4307 ὁτὲ
604 4256 660 4308 δὲ
678 4257 772 4308 καὶ
794 4254 1001 4327 τροφὰς
1029 4254 1509 4326 μεταπεμπόμενοι
1534 4257 1614 4317 είς
1628 4248 1728 4325 τὴν

174 4338 449 4410 Στράτωνος
465 4341 601 4416 ἦγον
624 4346 977 4416 Καισάρειαν·
999 4347 1158 4399 κάκεῖ
1173 4345 1566 4416 δακρύοντας²⁶
1586 4347 1730 4417 ἡμᾶς

174 4427 310 4502 λιμῷ,
337 4437 479 4509 φόϐῳ
498 4455 558 4490 τε
578 4439 671 4491 καὶ
695 4437 949 4508 πληγαῖς,
968 4438 1117 4498 ὅπως
1146 4438 1219 4508 μή
1255 4455 1307 4490 τι
1340 4436 1614 4508 προπετὲς
1647 4436 1730 4488 λα-

1856 603 2001 652 rare,
2032 588 2291 658 majorem
2336 589 2686 657 cupiditatem
2736 606 2803 645 ex
2848 592 2967 646 lmta
3015 592 3231 648 fortuna
3276 596 3431 649 oriri.

1857 675 2012 733 Unde
2043 694 2143 749 ego
2169 668 2303 749 qua-7
2323 680 2375 732 in
2409 681 2663 736 secundis
2701 682 2863 737 rebus
2891 692 3185 752 temperate
3209 686 3339 751 vixi,
3377 686 3430 740 in

1856 767 2145 823 alilictione
2173 782 2259 823 me
2282 770 2650 839 voluptatibus
2684 788 2791 827 non
2828 774 3058 829 tradam.
3086 774 3270 847 Neque
3300 794 3433 833 vero

1855 874 2001 914 nunc
2033 861 2272 915 animum
2310 878 2489 916 meum
2531 865 2810 921 existimes
2855 867 3175 937 aegritudine
3221 885 3342 925 esse
3369 872 3437 925 li-

1852 949 2081 1016 berum,
2133 952 2225 1021 qui
2273 952 2517 1006 nonnihil
2564 956 2957 1012 consolationis
3001 974 3096 1029 per
3134 958 3436 1015 Clementis

1851 1040 2179 1108 agnitionem
2213 1050 2405 1096 nactus
2438 1041 2620 1098 inierit.
2654 1042 2963 1099 Succedens
2991 1060 3228 1115 namque
3256 1047 3433 1102 tristi-

1852 1132 1927 1186 tia
1975 1148 2040 1187 ex
2078 1134 2308 1188 duorum
2347 1134 2639 1187 liberorum
2668 1136 2890 1189 interitu
2933 1146 3060 1191 nata
3105 1138 3272 1192 etiam
3327 1138 3435 1191 hoc

1849 1224 2190 1293 aliquantum
2250 1226 2507 1295 gaudium
2558 1226 2833 1280 obscurat.
2889 1227 3100 1283 Etenim
3154 1244 3261 1283 non
3316 1239 3438 1285 tam

1848 1316 1992 1371 circa
2032 1332 2126 1372 eos
2173 1317 2442 1381 dolemus,
2484 1319 2629 1388 quod
2676 1318 2731 1371 in
2774 1320 2911 1372 mari
2961 1320 3215 1382 obierint,
3260 1335 3426 1390 quam

1845 1406 1993 1476 quod
2039 1416 2192 1462 extra
2238 1409 2476 1462 divinam
2526 1410 2843 1476 religionem
2896 1412 3119 1477 mortui,
3166 1413 3427 1480 perierint

1844 1513 2074 1568 corpore
2105 1509 2153 1554 et
2183 1501 2383 1554 anima.
2409 1500 2570 1554 Pater
2598 1511 2781 1554 autem
2805 1517 2994 1555 eorum
3030 1517 3294 1570 meusque
3317 1504 3425 1567 vir,

1842 1590 2301 1658 quemadmodum
2352 1605 2443 1659 per
2480 1590 2814 1645 Clementem
2853 1590 3114 1659 comperi,
3158 1591 3222 1645 ad
3270 1608 3424 1661 quat-

1840 1683 2069 1736 rcndum
2119 1698 2207 1736 me
2244 1697 2308 1736 ac
2352 1682 2550 1736 liberos
2590 1697 2935 1752 progressus,
2985 1692 3063 1737 tot
3105 1683 3264 1739 annis
3315 1699 3423 1738 non

1840 1782 2118 1844 comparet
2148 1793 2161 1829 :
2194 1780 2422 1843 prorsus
2458 1790 2587 1827 vero
2623 1773 2846 1828 interiit.
2878 1773 3087 1828 Etenim
3132 1774 3319 1828 infelix
3352 1776 3423 1830 ob

1840 1865 2226 1922 continentiam
2246 1864 2505 1935 diligebat
2526 1880 2632 1930 me,
2654 1873 2710 1919 ct
2736 1873 2855 1919 erat
2879 1879 3071 1919 amans
3100 1865 3420 1921 liberorum.

1838 1959 2020 2024 Quare
2061 1957 2273 2012 cunctis
2306 1958 2486 2017 nobis,
2521 1973 2550 2011 a
2585 1972 2644 2012 se
2668 1972 2832 2027 super
2858 1958 3041 2012 omnia
3070 1957 3301 2019 dilectis.
3331 1975 3423 2013 or-

1835 2049 1996 2105 batus
2021 2063 2187 2103 senex
2221 2063 2332 2117 pra:
2365 2047 2606 2101 maximo
2639 2047 2828 2103 dolore
2857 2049 3134 2103 occubuit.

1908 2137 1999 2192 VI.
2033 2138 2260 2192 Matrem
2288 2152 2417 2192 vero
2465 2139 2580 2193 lucc
2633 2139 2867 2194 locutam
2900 2140 3057 2195 liberi
3108 2142 3415 2209 audientes,

1836 2246 1947 2285 non
1975 2230 2210 2300 amplius
2240 2230 2539 2284 secundum
2566 2228 3419 2289 Petriadmonitionemseconti-

1834 2338 1963 2376 nere
1988 2330 2281 2392 potuerunt
2308 2337 2321 2375 :
2348 2322 2442 2377 sed
2477 2333 2764 2392 surgentes
2794 2324 3062 2393 complexi
3098 2334 3229 2379 sunt
3269 2342 3415 2390 eam,

1839 2423 1895 2469 et
1919 2428 2045 2468 cum
2073 2413 2258 2467 multis
2277 2412 2535 2482 lacrymis
2557 2412 2809 2468 osculati.
2858 2415 2927 2467 At
2947 2414 3036 2467 illa
3059 2414 3197 2468 dixit
3229 2432 3243 2467 :
3273 2414 3415 2481 Quid

1838 2505 1943 2560 hoc
1982 2505 2086 2559 sibi
2116 2504 2234 2558 vult
2263 2504 2285 2557 ?
2330 2502 2632 2573 Respondit
2672 2503 2906 2560 Petrus:
2937 2505 3152 2560 Advoca
3179 2505 3413 2572 fortiter,

1834 2611 1868 2650 ο
1895 2596 2117 2663 femina,
2144 2596 2387 2650 animum
2416 2607 2595 2662 tuum,
2636 2605 2696 2650 ut
2729 2597 2872 2665 natis
2915 2599 3024 2652 tuis
3056 2597 3279 2653 fruaris.
3312 2601 3412 2654 Isti

1834 2688 1980 2745 enim
2007 2698 2135 2743 sunt
2168 2687 2463 2744 Faustinus
2494 2697 2547 2743 et
2574 2688 2985 2756 Faustinianns,
3016 2689 3110 2743 lilii
3133 2690 3243 2756 tui,
3273 2706 3415 2761 quos

1834 2780 1889 2834 in
1917 2779 2192 2850 profundo
2222 2779 2451 2849 periisse
2474 2781 2713 2835 dicebas.
2760 2780 2881 2846 Quo
2920 2781 3084 2836 modo
3113 2792 3293 2837 autem
3333 2785 3415 2838 vi-

1833 2883 1963 2928 vant
1988 2874 2044 2927 in
2078 2874 2169 2927 illa
2200 2874 2451 2928 horribili
2477 2884 2636 2928 nocte
2662 2874 2865 2929 mortui
2895 2874 2949 2927 in
2980 2875 3193 2945 pelago,
3221 2886 3274 2930 et
3303 2893 3416 2946 quo

1834 2967 1998 3021 modo
2028 2980 2175 3020 nunc
2231 2966 2371 3020 alius
2411 2966 2655 3035 ipsorum
2691 2965 2912 3021 Nicetas
2939 2977 2992 3021 et
3045 2966 3188 3023 alius
3215 2970 3416 3038 Aquila

1834 3058 2169 3122 nominetur,
2197 3057 2301 3127 ipsi
2339 3057 2433 3111 tibi
2464 3072 2737 3127 exponere
2778 3064 3075 3127 poterunt;
3106 3068 3159 3115 et
3191 3077 3299 3116 una
3333 3072 3413 3117 te-

1833 3167 1960 3205 cum
2006 3150 2168 3205 etiam
2228 3151 2329 3203 hos
2372 3150 2682 3205 audiemus.
2738 3149 2843 3204 Ubi
2876 3152 2990 3205 tunc
3026 3148 3223 3208 Petrus
3250 3155 3410 3221 dixit,

1836 3252 2033 3307 mater,
2067 3242 2415 3296 vehementer
2462 3242 2670 3311 gavisa,
2720 3242 2962 3311 deliquio
3016 3246 3412 3312 propemodum

1833 3332 2143 3387 exanimata
2168 3340 2269 3385 est.
2294 3330 2594 3401 Postquam
2624 3344 2751 3386 vero
2779 3332 2924 3385 illam
2953 3334 3408 3402 refoc.llavimus,

1833 3425 1993 3491 sedit,
2022 3425 2263 3494 atquein
2313 3424 2668 3493 semetipsam
2695 3438 2943 3494 regressa
3001 3425 3115 3478 ait:
3160 3424 3406 3483 Obsecro

1832 3531 1954 3579 vos,
2009 3514 2315 3569 dulcissimi
2363 3514 2458 3567 lilii
2490 3554 2504 3579 ,
2568 3513 2733 3567 dicite
2780 3511 2939 3567 nobis
2969 3554 2984 3579 ,
3030 3529 3153 3581 qua:
3189 3515 3409 3569 accide-

1833 3608 1943 3662 rint
1982 3607 2141 3663 vobis
2198 3617 2322 3678 post
2376 3606 2523 3660 illam
2588 3604 2953 3677 perniciosam
3019 3616 3073 3661 et
3130 3607 3408 3663 crudelem

1832 3711 2074 3755 noctem.

1904 3790 2018 3844 VII.
2048 3790 2187 3843 Tum
2236 3787 2474 3855 Nicetas,
2513 3789 2607 3859 qui
2637 3797 2691 3844 et
2720 3806 2867 3846 nunc
2892 3789 3211 3857 Faustinus,
3239 3792 3407 3861 coepit

1831 3887 2013 3940 dicere
2045 3903 2057 3938 :
2090 3887 2147 3937 ln
2194 3883 2285 3936 illa
2312 3883 2428 3952 ipsa
2457 3892 2638 3948 nocte,-
2676 3898 2801 3936 cum
2833 3885 3013 3949 navis,
3043 3884 3407 3953 quemadmo-

1831 3977 1959 4031 dum
2015 3975 2155 4030 nosti
2183 4017 2198 4040 ,
2237 3973 2433 4028 fuisset
2475 3973 2713 4027 resoluta
2738 4014 2753 4039 ,
2782 3973 2885 4027 viri
2918 3974 3141 4043 quidam
3166 4016 3181 4042 ,
3211 3976 3304 4045 qui
3348 3976 3405 4028 iu

1832 4069 1969 4123 mari
2000 4067 2318 4121 latrocinari
2365 4081 2475 4119 non
2526 4074 2814 4128 verentur,
2849 4074 3115 4135 ceperunt
3171 4081 3307 4128 nos,
3347 4076 3402 4121 et.

1832 4158 2099 4212 naviculae
2161 4157 2564 4226 imposuerunt,
2618 4164 2674 4208 et.
2726 4156 3048 4223 remigaudo
3100 4157 3399 4226 aliquando

1833 4251 1899 4303 ad
1948 4259 2146 4303 terram
2180 4248 2523 4313 deferebant,
2574 4247 2871 4317 aliquando
2901 4259 2954 4302 et
2981 4248 3135 4303 cibos
3159 4265 3404 4304 accerse-

1832 4340 1983 4406 bant,
2014 4340 2199 4409 sicque
2230 4337 2535 4392 Caesaream
2564 4336 2836 4391 Stratonis
2862 4340 3233 4407 perduxerunt
3259 4356 3274 4392 :
3304 4339 3407 4392 ibi-

1833 4448 1938 4503 que
1988 4448 2089 4487 nos
2135 4432 2187 4484 in
2236 4432 2504 4502 lacrymas
2550 4430 2754 4485 cﬂ‘usos
2806 4429 2970 4497 fame,
3005 4439 3174 4496 metu,
3208 4433 3403 4487 verbe-

175 4516 395 4593 λήσωμεν
423 4527 534 4579 τῶν
581 4527 765 4588 αὐτοῖς
812 4526 886 4598 μὴ
923 4525 1245 4587 δοκούντων,
1271 4524 1351 4579 ἔτι
1377 4542 1435 4578 τε
1460 4526 1503 4557 ’⁷
1532 4525 1626 4578 καὶ
1663 4524 1732 4577 τὰ

1841 4526 1989 4580 ribus
2026 4524 2356 4593 alﬂigentes,
2412 4538 2479 4576 ne
2532 4522 2662 4592 quid
2730 4531 2935 4577 temere
2988 4532 3178 4577 contra
3246 4540 3403 4579 suam

177 4610 377 4681 ὀνόματα
395 4618 551 4688 ἡμῶν
565 4617 1165 4689 ἁλλάξαντες,πωλῆσαι
1190 4616 1552 4689 ἠδυνήθησαν.
1585 4616 1725 4688 Γυνὴ

237 4720 307 4768 τις
332 4708 581 4772 Ἰουδαίας
594 4710 639 4741 ’⁸
656 4707 1009 4780 προσήλυτος,
1031 4708 1303 4777 ἀξιόλογος
1324 4709 1483 4773 πάνυ,
1505 4709 1729 4780 ὀνόματι

190 4791 379 4862 Ἰοῦστα,
396 4800 722 4872 ὠνησαμένη
744 4802 892 4871 ἡμᾶς
912 4802 992 4864 είς
1007 4800 1211 4853 τέκνων
1228 4800 1523 4870 ἐφύλαττεν
1538 4801 1723 4867 τόπον,

180 4884 935 4965 καὶπάσῃἙλληνικῇεπαιδείᾳ
980 4891 1116 4963 μετὰ
1152 4891 1385 4964 σπουδῆς
1414 4892 1729 4959 ἐξεπαίδευ-

184 4988 270 5030 σεν.
296 4981 469 5054 Ἡμεῖς
483 4984 541 5038 δὲ
563 4986 647 5054 ἐφ’
668 4985 886 5057 ήλικίας
906 4983 1175 5056 ἔμφρονες
1196 4984 1475 5056 γενόμενοι
1500 4985 1595 5038 καὶ
1619 4985 1743 5051 τὴνι

1832 4616 2162 4671 sententiam
2214 4616 2598 4683 loqueremur,
2644 4613 2949 4667 immutatis
2991 4615 3153 4668 etiam
3199 4617 3404 4671 nostris

1830 4708 2177 4773 nominibus,
2234 4706 2614 4762 vendiderunt.
2678 4705 2851 4762 Porro
2892 4708 3089 4763 mulier
3138 4711 3393 4779 quaedam

1830 4802 1970 4873 apud
1996 4800 2217 4857 Judzeos
2266 4800 2563 4871 proselyta,
2614 4800 2843 4855 honesta
2895 4801 3401 4871 admodum,Justa

1830 4894 2071 4960 nomine,
2115 4909 2240 4948 cum
2296 4908 2397 4947 nos
2443 4892 2685 4959 emisset,
2730 4894 2923 4949 habuit
2968 4895 3088 4950 loco
3135 4896 3400 4961 ﬁliorum,

1831 4995 1993 5056 atque
2024 4986 2280 5041 omnibus
2311 4986 2515 5041 Graecis
2542 4984 2845 5056 disciplinis
2867 4989 3112 5045 studiose
3140 4991 3397 5046 erudivit.

1408 5161 1645 5218 VARl/E
1686 5160 2089 5217 LECTIONES.

242 5272 277 5349 ’ξ
306 5278 532 5347 νομίσειν
563 5276 627 5333 Ο.
707 5277 750 5309 ¹⁸
782 5275 1023 5331 ἀπώλεια
1051 5276 1091 5330 C
1121 5316 1137 5340 ,
1176 5277 1270 5349 qui
1297 5275 1445 5344 conj.
1465 5274 1750 5349 ﬁrmitate;
1781 5274 2006 5349 ἀθυμίαι
2040 5272 2099 5327 In
2130 5272 2524 5349 Ερίι-..ᾁθυμίφ
2600 5275 2642 5313 ¹⁹
2672 5273 2808 5349 Cfr._
2840 5274 2988 5345 Epit.
3038 5292 3087 5332 c.
3124 5276 3246 5349 102.
3295 5279 3396 5348 Ap.

186 5341 218 5395 C
253 5341 625 5427 haec'periodus
650 5349 724 5402 ita
748 5358 907 5427 sonat
934 5367 947 5401 :
994 5341 1418 5427 Παραινέσωμεν
1454 5341 2001 5427 (παρανιάζομενρνοι
2031 5341 2456 5427 παρανιάζωμεν
2483 5345 2555 5427 id:
2587 5360 2671 5427 ex,
2687 5341 2918 5427 conject.
2940 5387 2954 5409 ,
2998 5341 3395 5427 παραμυθήσοτ

191 5426 348 5488 EF“:-
367 5419 466 5488 ὲμα

470 5421 601 5490 υτήν
639 5435 755 5490 var.
791 5419 915 5490 lect
983 5415 1371 5490 apfeumdem,
1404 5415 1875 5490 napagaléoopar

2018 5415 2125 5487 γάρ
2158 5415 2285 5487 περὶ
2319 5414 2497 5487 αύτῶν
2524 5415 2617 5487 Δὅτε
2653 5414 2771 5485 (οὐχ
2804 5418 2883 5468 ὅτι
2919 5414 3169 5487 proponit
3217 5414 3300 5481 C,'
3327 5421 3395 5473 ad

198 5480 297 5559 ξρὶξ
345 5480 598 5559 (ciemus)
629 5491 686 5541 ὲν
719 5489 961 5559 θαλάσσῃ
992 5480 1328 5559 δίεφὼνησαν
1348 5528 1361 5550 ,
1399 5480 1525 5559 άλλξί
1545 5488 1642 5556 οὐχ
1675 5480 2136 5559 (οὑχᾲθώιὶιίίιῡί)
2163 5480 2247 5559 ὅτί
2264 5485 2411 5559 np};
2446 5480 2669 5559 τούτοις
2688 5480 2841 5559 έκᾎτὸς
2874 5480 3066 5559 τεςχῶν
3101 5487 3394 5559 θρησκείας

189 5550 297 5630 βξοῦ
323 5548 683 5630 φθαρέντεςτὰ
701 5548 1045 5629 σώματα’καὶ
1060 5548 1157 5622 τ’ᾰς
1181 5548 1359 5628 ᾤυχὰς
1390 5548 1690 5630 ἀπώλονίέοξ
1758 5548 1808 5588 ’ίο
1840 5559 1933 5630 καὶ

190 5619 361 5701 ῌέτροὺ
394 5619 704 5701 παραίνεσιν
750 5619 874 5701 post
933 5630 1113 5683 οὐκέτι
1139 5619 1350 5701 rectius
1371 5629 1602 5701 collocat
1630 5624 1777 5701 Epit.

920 5717 1021 5770 μου
1056 5700 1298 5770 ποθεινὰ,
1331 5698 1526 5770 τέκναη
1546 5697 1884 5770 γλυκύτατα,
1921 5698 2085 5770 τέκνα
2128 5696 2352 5770 καρδίας
2385 5696 2733 5770 καύσων-τῆς
2770 5698 2875 5767 ἐμῆ

1324 5771 1367 5805 ³⁸
1400 5768 1678 5839 ἀνείλαντο
1705 5767 1765 5821 C.
1845 5766 2367 5839 ἐδάκνοντεςςοηι
2410 5766 2453 5820 D
2484 5809 2499 5836 ,
2528 5766 2819 5838 tif/ligentes
2864 5766 2954 5823 nos
2978 5769 3137 5837 fame.
3170 5766 3300 5839 Ruﬁ.
3332 5771 3387 5824 in

192 5697 311 5765 textu
359 5714 440 5751 σου
460 5697 480 5765 ,⁷
508 5712 567 5755 ιιι
607 5702 667 5755 C.
699 5697 864 5753 τέκνα

193 5758 362 5834 ῗνηι).
416 5758 500 5825 τοῦ
551 5771 601 5823 λ.
661 5758 953 5834 Φαυστῖνος
1003 5786 1114 5825 om.
1160 5768 1225 5826 Ο.

1964 5486 2019 5539 Iit
2050 5486 2092 5536 D
2121 5486 2136 5555 )
2163 5486 2241 5537 ὅτι
2276 5486 2411 5556 πρὸς
2446 5486 2655 5548 τούτοις
2688 5487 2841 5548 ἐκτὸς
2874 5488 3066 5555 τειχῶν
3101 5487 3393 5557 θρησκείας

1964 5558 2062 5608 τ’ν
2096 5558 2156 5607 (1.
2233 5556 2275 5585 ²¹
2299 5555 2407 5608 τῶν
2433 5556 2612 5609 addidi
2644 5572 2692 5609 (ε.
2728 5555 2791 5609 Ο.
2870 5559 2913 5587 ²¹
2943 5557 3081 5613 Vbi).
3125 5557 3264 5610 κατὰ
3294 5559 3393 5629 τὴν

1964 5575 2111 5679 Ξυτθοῦ
2140 5626 2449 5679 coniectura
2478 5626 2543 5679 ad
2575 5642 2725 5679 oram
2761 5626 3107 5679 Ottobuniani
3129 5669 3144 5679 .
3191 5629 3243 5679 in
3278 5631 3390 5679 cui.

1867 5627 1911 5657 "
1949 5626 2111 5697 βυθοῦ
2140 5626 2449 5697 conjectura
2478 5626 2543 5697 ad
2575 5642 2725 5697 oram
2761 5626 3107 5681 Ottobuniani
3129 5669 3144 5691 ,
3191 5629 3243 5681 in
3278 5626 3390 5696 cu].

2882 5715 2940 5761 ς,
2976 5696 3289 5769 εἷπατέίμοι
3324 5701 3388 5754 Ο.

196 5826 375 5906 κτίσθη.
405 5840 443 5897 C
494 5842 692 5917 deesse
720 5826 1123 5913 aliquid-putat.
1200 5839 1342 5895 "‘6é
1368 5840 1427 5910 C,
1505 5836 1552 5871 “
1593 5839 1863 5906 Ἰουδαίοις
1891 5838 1949 5895 C.
