3860 6210
413 352 519 407 ῦὸὕ

1310 348 1366 406 S.
1403 347 1786 405 CLEMENTIS
1824 347 1844 401 l
1883 347 2046 402 ROM.
2082 340 2282 401 PONT.
2323 346 2553 402 OPERA
2590 346 2812 404 DUBIA.

3542 350 3647 406 ’556

415 473 526 528 Nos
552 484 682 527 vero
708 486 803 542 per
828 480 1039 527 attatem
1067 473 1364 542 prudentes
1389 474 1553 537 facti,
1579 483 1633 528 et
1657 472 1974 541 religionem

2083 470 2377 541 θρησκείαν
2403 466 2785 539 ἠγαπήσαμεν,
2835 468 2927 520 καὶ
2965 466 3035 520 τὰ
3069 466 3167 539 τῆς
3200 467 3440 530 παιδείας
3464 467 3649 537 ἐφιλο-

420 564 746 629 amavimus,
771 574 824 619 et
850 565 1047 619 litteris
1066 565 1311 635 gnaviter
1349 582 1572 636 Operam
1615 566 1888 625 dedimus.
1918 573 1978 617 ut

420 671 545 713 cum
572 656 793 725 reliquis
830 657 1081 726 gentibus
1110 658 1473 726 disputantes,
1526 673 1618 711 eas
1670 656 1738 711 de
1791 671 1978 711 errore

422 763 708 818 possemus
727 762 974 817 arguere.
1001 746 1110 802 Sed‘
1135 757 1189 801 et
1210 748 1597 818 perdidicimus
1628 749 1980 817 philosopho-

421 854 540 892 rum
571 840 805 903 decreta,
830 838 1065 892 maxime
1087 854 1209 909 qua:
1247 854 1276 893 a
1305 838 1502 908 pietate
1541 839 1593 893 in
1627 839 1796 894 Deum
1841 839 1978 893 alie-

422 931 646 985 nissima
694 939 839 995 sunt,
868 930 1107 999 Epicuri,
1150 930 1397 1000 inquam,
1422 940 1475 986 et
1514 929 1834 1001 Pyrrhonis,
1864 946 1973 1001 quo

419 1022 593 1089 magis
617 1037 904 1091 possemus
930 1020 1234 1077 confutare.

493 1112 621 1167 Vlll.
651 1114 916 1167 Caeterum
958 1128 1064 1167 una
1103 1128 1229 1167 cum
1269 1110 1493 1168 Simone
1538 1114 1772 1183 quodam
1818 1132 1977 1185 mago

416 1205 649 1272 educati,
693 1206 905 1259 ratione
932 1206 1187 1260 amicitia:
1216 1204 1271 1259 in
1318 1204 1565 1260 fraudem
1621 1205 1733 1262 fere
1770 1208 1975 1262 inducti

417 1296 637 1351 fuimus.
654 1296 849 1352 Fertur
866 1297 1011 1351 enim
1027 1297 1270 1367 quaedam
1290 1297 1356 1351 de
1376 1298 1558 1367 aliquo
1576 1299 1791 1353 homine
1812 1298 1974 1367 fama,

414 1390 505 1459 qui
541 1389 633 1444 ubi
658 1389 1003 1459 apparuerit,
1048 1390 1299 1445 universa
1332 1391 1547 1460 piorum
1602 1392 1895 1445 multitudo
1920 1392 1974 1445 in

414 1496 581 1552 regno
605 1482 747 1536 vivet
788 1490 1050 1551 perpetuo
1078 1496 1141 1536 ac
1165 1481 1299 1537 citra
1342 1482 1669 1537 molestiam.
1723 1482 1825 1537 Sed
1862 1484 1977 1539 hac

413 1576 530 1640 tibi,
564 1586 757 1638 mater,
783 1574 1096 1645 diligentius
1127 1574 1182 1628 in
1216 1585 1459 1645 tempore
1482 1588 1839 1645 exponentur.
1864 1576 1975 1632 Nos

414 1667 632 1721 interim
703 1682 826 1722 cum
874 1681 1010 1736 pene
1054 1667 1167 1736 jam
1218 1667 1590 1737 deciperentur
1639 1684 1669 1723 a
1728 1668 1971 1736 Simone,

411 1759 629 1827 quidam
654 1760 857 1829 collega
903 1758 1110 1814 domini
1157 1759 1331 1814 nostri
1378 1758 1546 1823 Petri,
1588 1759 1846 1816 Zachteus
1875 1778 1974 1815 no-

412 1851 579 1916 mine,
624 1852 887 1907 accedens
934 1852 1148 1906 monuit
1177 1868 1243 1906 ne
1294 1850 1661 1907 falleremura
1700 1850 1888 1923 ‘Mago,
1920 1861 1974 1908 et

411 1941 573 1996 Petro
599 1943 905 1997 advenienti
939 1959 1039 1999 nos
1086 1945 1303 2010 obtulit,
1356 1952 1416 1998 ut
1452 1945 1521 1999 ab
1569 1946 1687 2014 ipso
1737 1945 1973 2016 perfecte

410 2048 529 2102 qua:
591 2041 835 2101 spectant
873 2035 939 2089 ad
990 2035 1196 2089 cultum
1253 2035 1347 2091 Dei
1400 2039 1740 2092 doceremur.
1792 2038 1973 2106 Quare

409 2126 570 2179 etiam
620 2134 670 2179 te
713 2140 971 2191 oramus,
1028 2135 1203 2181 mater
1230 2168 1245 2194 ,
1280 2136 1338 2182 ut
1386 2144 1507 2198 quae
1554 2144 1654 2184 nos
1688 2130 1972 2184 consecuti

409 2230 601 2269 sumus
630 2214 789 2281 bona,
842 2215 932 2270 illa
981 2224 1036 2270 et
1084 2226 1141 2271 tu
1194 2218 1491 2288 percipias,
1534 2234 1645 2289 quo
1696 2221 1972 2289 possimus

409 2308 589 2361 cibum
621 2315 675 2361 et
722 2322 965 2361 mensam
998 2308 1198 2363 habere
1244 2326 1615 2366 communem.
1675 2311 1752 2365 Ea
1806 2313 1972 2382 igitur

408 2414 573 2454 causa
624 2397 807 2464 fuit,o
851 2400 1106 2469 genitrix,
1156 2410 1376 2470 propter
1425 2418 1588 2471 quam
1643 2404 1971 2459 existimasti

408 2508 509 2546 nos
556 2491 779 2557 obiisse,
827 2490 974 2560 quod
1019 2492 1072 2545 in
1124 2508 1186 2547 ea
1238 2492 1553 2549 diﬁicillima
1603 2506 1763 2551 nocte
1812 2512 1843 2551 a
1889 2498 1973 2567 pi-

408 2584 540 2638 ratis
589 2583 642 2636 in
690 2583 881 2654 pelago
928 2584 1064 2653 rapti
1115 2599 1327 2652 sumus,
1376 2594 1543 2657 tuque
1585 2602 1686 2643 nos
1740 2588 1972 2659 periisse

407 2676 713 2731 credidisti.

478 2768 569 2822 1X.
616 2768 914 2838 Postquam
965 2771 1080 2824 haec
1126 2770 1355 2826 dixisset
1416 2771 1749 2841 Faustinus,
1796 2784 1971 2833 mater

409 2869 592 2913 nostra
622 2860 854 2928 procidit
880 2860 947 2913 ad
973 2859 1134 2928 pedes
1162 2859 1543 2933 Petri,rogans
1567 2873 1621 2918 et
1651 2865 1966 2933 obsecrans,

411 2958 468 3003 ut
492 2959 546 3004 et
580 2950 751 3019 ipsam
778 2959 833 3004 el.
862 2952 1133 3021 hospitam
1164 2969 1319 3008 suam
1345 2966 1623 3010 evocatam
1653 2958 1772 3014 sine
1804 2975 1961 3015 mora

410 3041 731 3111 baptizaret,
782 3037 863 3096 Uti
893 3052 947 3096 et
991 3058 1058 3097 ne
1096 3059 1223 3110 una,
1259 3046 1451 3115 inquit,
1483 3048 1598 3103 dies
1627 3051 1966 3119 excludatur,

2081 563 2412 632 πονήσαμεν,
2457 561 2604 622 ὅπως
2636 559 2769 630 πρὸς
2794 558 2860 611 τά
2884 557 3047 612 λοιπά
3094 559 3220 628 ἔθνη
3270 559 3646 629 διαλεγόμενοι

2081 649 2317 719 ἐλέγχειν
2342 649 2480 703 αὺτά
2506 651 2631 719 περὶ
2676 648 2881 719 πλάνης
2905 648 3202 719 δυνώμεθα.
3243 648 3398 701 Ἀλλὰ
3444 651 3540 702 καὶ
3574 648 3648 701 τὰ

2080 740 2378 809 φιλοσόφων
2404 739 2808 810 ὴκριδώσαμεν,
2845 738 3137 810 ἐξαιρέτως
3161 741 3217 793 δέ
3241 740 3309 793 τὰ
3333 739 3644 802 ἀθεώτατα,

2080 831 2222 899 λέγω
2242 832 2304 902 δὴ
2336 833 2377 863 ²⁹
2406 831 2474 884 τὰ
2512 832 2828 903 Ἐπικούρου
2853 832 2945 885 καὶ
2986 832 3295 903 Πύρρωνος,
3324 832 3410 884 ἵνα
3441 830 3646 900 μᾶλλον

2079 920 2466 985 ἀνασκευάζειν
2492 920 2793 991 δυνώμεθα.

2151 1096 2289 1151 VIII.
2319 1098 2520 1168 Σίμωνι
2544 1096 2601 1150 δέ
2623 1114 2727 1149 τινι
2758 1095 2915 1166 μάγῳ
2944 1095 3127 1165 σχεδὸν
3158 1095 3443 1165 σύντροφοι
3482 1095 3646 1165 γενό-

2081 1208 2247 1261 μενοι,
2302 1190 2482 1258 φιλίας
2522 1191 2567 1221 ³ο
2609 1189 2710 1259 ὁδῷ
2757 1188 3101 1259 ἀπατηθῆναι
3158 1188 3641 1257 ἐκινδυνεύσαμεν.

2082 1286 2234 1336 Ἔστι
2265 1284 2305 1314 ³⁸
2330 1282 2384 1335 δέ
2410 1301 2493 1346 τις
2537 1283 2661 1355 περὶ
2688 1279 2972 1352 ἀνθρώπου
3006 1280 3145 1344 τινὸς
3170 1280 3341 1349 λόγος,
3369 1275 3429 1335 οὗ
3456 1281 3648 1349 φανέν-

2076 1393 2166 1438 τος
2192 1376 2247 1427 ἐν
2274 1373 2515 1444 βασιλείᾳ
2538 1373 2645 1426 τῶν
2664 1373 3094 1443 θεοσεὸησάντων
3119 1371 3271 1441 ὄχλος
3295 1372 3337 1403 ³⁸
3356 1371 3647 1434 ἀθανάτως

2077 1466 2169 1519 καλ¹
2203 1465 2420 1527 ἀλύπως
2650 1463 2840 1534 βιῶσαι
2872 1463 3003 1533 ἔχει’
3035 1463 3179 1533 ὅμως
3204 1461 3374 1515 ταῦτα
3412 1462 3509 1531 μέν
3533 1477 3642 1521 σοι,

2079 1558 2253 1629 μῆτερ
2286 1557 2351 1620 ³³,
2400 1557 2491 1609 ἐπὶ
2537 1554 2726 1626 καιροῦ
2777 1554 3163 1625 ἀκριὸέστερον
3198 1550 3640 1623 ἐκτεθήσεται’³⁸.

2076 1649 2221 1721 Πλὴν
2276 1648 2555 1719 μέλλουσιν
2602 1650 2731 1719 ἡμῖν
2767 1646 3074 1701 ἀπατᾶσθαι
3116 1646 3223 1699 ὑπὸ
3252 1644 3347 1697 τοῦ
3392 1646 3645 1714 Σίμωνος

2082 1712 2137 1741 ς
2179 1712 2189 1721 .
2277 1712 2288 1719 .
2623 1712 2655 1719 ..
3462 1712 3470 1714 _

2076 1741 2290 1813 ἑταῖρός
2321 1759 2407 1805 τις
2435 1741 2526 1792 τοῦ
2572 1740 2759 1811 κυρίου
2787 1740 2939 1810 ἡμῶν
2968 1740 3194 1811 Πέτρου,
3247 1741 3513 1807 Ζακχαῖος
3548 1736 3642 1790 λε-

2073 1833 2320 1903 γόμενος,
2355 1832 2766 1903 προσηκάμενος
2801 1831 3114 1902 ἐνουθέτησε
3169 1831 3242 1901 μὴ
3295 1830 3643 1900 ἀπατηθῆναι

2073 1924 2150 1997 τῷ
2168 1924 2366 1995 Μάγῳ,
2403 1924 2680 1978 ἐπελθόντι
2702 1924 2756 1977 δὲ
2778 1924 2854 1994 τῷ
2874 1924 3062 1996 Πέτρῳ
3095 1925 3459 1995 προσήγαγεν,
3487 1924 3645 1986 ὅπως

2076 2016 2494 2089 πληροφορήσας
2527 2017 2669 2087 ἡμᾶς
2696 2018 2739 2049 ⁸⁸
2766 2018 2926 2089 πείσῃ
2962 2019 3087 2088 περὶ
3116 2016 3227 2069 τῶν
3266 2020 3330 2087 τῇ
3360 2015 3647 2086 θεοσεϐείᾳ

2072 2108 2453 2181 διαφερόντων.
2508 2108 2599 2181 Δ-ιὸ
2651 2109 2743 2163 καὶ
2774 2109 2853 2171 σὲ,
2892 2108 3063 2178 μῆτερ
3090 2107 3155 2171 ⁸⁸,
3206 2106 3493 2177 εὐχόμεθα,
3550 2107 3646 2160 ἵνα

2072 2195 2146 2253 ὧν
2208 2202 2365 2273 ἡμεῖς
2415 2178 2826 2272 κατηξιώθημεν
2890 2199 3128 2267 ἀγαθῶν,
3164 2199 3364 2251 τούτων
3413 2199 3509 2251 καὶ
3570 2200 3644 2254 σὺ

2076 2292 2403 2366 μεταλάὀης,
2435 2294 2583 2356 ὅπως
2607 2292 2799 2345 κοινῶν
2827 2291 2869 2323 ³⁷
2888 2292 3029 2345 ἁλῶν
3057 2293 3148 2345 καὶ
3170 2291 3444 2363 τραπέζης
3470 2307 3645 2361 μετα-

2072 2386 2261 2440 λαὸεῖν
2299 2386 2633 2457 δυνηθῶμεν.
2668 2384 2815 2456 Αὕτη
2838 2380 2928 2437 οὖν
2952 2385 3096 2438 ἐστιν
3117 2387 3150 2455 ἡ
3181 2384 3354 2446 αἰτία,
3376 2382 3642 2445 τεκοῦσα,

2071 2481 2138 2533 δι’
2159 2480 2224 2549 ῆν
2252 2478 2493 2549 ἐνόμιζες
2511 2479 2654 2548 ἡμᾶς
2668 2476 2937 2539 τεθνάναι,
2960 2477 3036 2546 τῷ
3059 2477 3104 2507 ³⁸
3119 2476 3301 2549 ἐκείνῃ
3322 2478 3385 2545 τῇ
3398 2475 3645 2544 χαλεπω-

2070 2571 2208 2645 τάτῃ
2254 2572 2408 2625 νυκτὶ
2440 2570 2544 2622 ὑπὸ
2573 2569 2843 2641 πειρατῶν
2877 2568 3107 2641 ἀρθῆναι
3154 2569 3211 2621 ἐν
3268 2568 3515 2635 πελάγει,
3578 2566 3641 2618 σὲ

2070 2663 2125 2715 δέ
2158 2662 2397 2734 νομίζειν
2426 2663 2572 2733 ἡμᾶς
2600 2660 2953 2714 ἀπολωλέναι.

3342 2716 3379 2727 -ρ

2149 2776 2242 2831 IX.
2272 2775 2453 2829 Ταῦτα
2484 2772 2578 2827 τοῦ
2603 2772 2894 2825 Φαυστίνου
2924 2773 3183 2835 εἰπόντος,
3210 2774 3242 2842 ἡ
3273 2772 3452 2844 μήτηρ
3476 2774 3510 2842 ἡ
3522 2771 3644 2841 μῶν

2072 2868 2375 2940 προσέπεσε
2402 2865 2479 2935 τῷ
2513 2865 2734 2936 Πέτρῳ,
2777 2862 3003 2933 δεομένη
3052 2863 3146 2914 καὶ
3192 2861 3438 2927 ἀξιοῦσα,
3486 2862 3639 2925 ὅπως

2076 2959 2245 3028 αὑτήν
2274 2974 2332 3009 τε
2361 2958 2454 3009 καὶ
2482 2956 2579 3026 τὴν
2625 2954 2893 3025 ξενοδόχον
2937 2952 3106 3022 αὐτῆς
3142 2952 3639 3022 μεταπεμψάμενος

2071 3050 2299 3121 ἐξαυτῆς
2335 3048 2607 3119 βαπτίσῃ,
2644 3046 2762 3109 ἴνα,
2794 3046 2957 3116 φησὶ,
3025 3044 3259 3115 μηδεμία
3314 3061 3395 3105 τις
3452 3043 3640 3114 ἡμέρα

406 3148 472 3189 ex
505 3149 614 3203 quo
666 3143 826 3189 natos
872 3149 1021 3189 meos
1065 3137 1264 3206 recepi,
1300 3138 1351 3191 in
1404 3154 1509 3208 qua
1563 3156 1685 3194 eum
1728 3144 1808 3199 eis
1857 3161 1967 3201 non

2076 3141 2297 3211 ἄμοιρος
2322 3139 2564 3209 γένηται,
2589 3136 2678 3206 ἀφ’
2702 3132 2769 3208 ἧς
2790 3136 2857 3188 τὰ
2885 3136 3124 3205 ἐμαυτῆς
3149 3133 3413 3187 ἀπέλαϐον
3444 3135 3636 3196 τέκνα,

409 3225 732 3292 sumpserim
763 3225 964 3279 cibum.
1016 3225 1261 3297 Cumque
1285 3244 1383 3282 nos
1412 3229 1599 3283 eadem
1630 3246 1752 3299 quae
1796 3244 1970 3291 mater

409 3331 905 3384 comprecaremur,
935 3316 1130 3372 Petrus
1147 3319 1223 3373 ait
1247 3338 1259 3372 :
1281 3316 1417 3385 Quid
1448 3320 1760 3389 putatis,me
1788 3324 1969 3378 immi-

409 3407 734 3462 sericordem
767 3422 884 3461 esse
905 3406 1103 3474 solum,
1128 3409 1274 3479 quod
1304 3410 1472 3463 nolim
1498 3426 1593 3465 vos
1624 3413 1813 3467 matris
1839 3430 1965 3469 con-

406 3499 549 3554 vit-io
596 3499 815 3565 sociari,
846 3499 1010 3553 hodie
1055 3500 1200 3554 illam
1251 3499 1534 3569 baptizans
1559 3502 1582 3554 ?
1611 3500 1713 3556 Sed
1746 3520 1969 3560 necesse

405 3600 485 3644 est
507 3605 626 3645 eam
652 3590 735 3643 vel
774 3605 881 3643 una
908 3590 994 3644 die
1026 3601 1149 3645 ante
1208 3591 1538 3660 baptismum
1587 3593 1839 3661 jejunare
1873 3613 1886 3648 :
1917 3605 1970 3649 et

407 3681 531 3745 hoc,
562 3679 688 3748 quia
718 3680 940 3733 omnino
968 3680 1257 3748 quemdam
1298 3696 1395 3749 pro
1438 3697 1495 3735 se
1526 3684 1703 3737 locuta
1735 3692 1816 3738 est
1848 3702 1970 3741 ser-

407 3788 644 3838 monem,
666 3787 827 3841 quem
865 3786 964 3841 ego
993 3772 1245 3826 idoneum
1273 3772 1395 3827 ﬁdei
1434 3774 1579 3829 illius
1620 3775 1965 3846 interpretem

408 3866 619 3920 habeo:
653 3863 855 3933 alioqui
892 3865 1075 3920 multis
1135 3864 1307 3933 ipsam
1339 3865 1529 3922 diebus
1574 3871 1857 3937 oportebat
1885 3872 1969 3926 lu-

408 3957 590 4010 strari.

2074 3231 2193 3285 καθ’
2223 3231 2288 3301 ῆν
2346 3229 2410 3283 ἂν
2448 3231 2508 3281 οὐ
2538 3229 2581 3260 ³⁸
2616 3225 3018 3297 συνεστιαθείην
3066 3226 3267 3287 αὐτοῖς.
3321 3224 3509 3277 Ταύτά
3541 3220 3641 3277 οὖν

2072 3326 2164 3378 καὶ
2197 3324 2349 3395 ἡμῶν
2376 3326 2441 3394 τῇ
2481 3322 2648 3394 μητρὶ
2692 3317 3315 3391 συμπαρακαλεσάΝτων,
3364 3318 3391 3368 ὁ
3428 3317 3638 3389 Πέτρος

2079 3418 2207 3487 ἔφη·
2236 3415 2300 3468 Τί
2329 3413 2595 3486 νομίζετε,
2623 3412 2730 3481 ἐγὼ
2765 3412 2923 3482 μόνος
2948 3406 3287 3480 ἄσπλαγχνός
3305 3408 3350 3439 ⁵⁸
3378 3408 3518 3477 εἰμι,
3552 3409 3638 3461 ὃτι

2062 3509 2136 3582 μὴ
2174 3507 2431 3579 βούλομαι
2479 3508 2623 3579 ὑμᾶς
2673 3500 3084 3570 συνεστιαθῆναι
3114 3503 3156 3532 ⁸⁸
3188 3501 3254 3570 τῇ
3300 3499 3489 3569 μητρὶ,
3537 3498 3641 3569 βα-

2056 3601 2254 3664 πτίσας
2284 3602 2451 3669 αὐτὴν
2486 3601 2758 3670 σήμερονς
2803 3594 2938 3648 ἀλλά
2975 3594 3077 3648 κᾶν
3113 3594 3239 3665 μίαν
3274 3592 3487 3663 ἡμέραν
3530 3592 3644 3662 πρὸ

2055 3692 2151 3746 τοῦ
2198 3691 2556 3761 βαπτισθῆναι
2602 3687 2891 3759 νηστεῦσαι
2944 3687 3259 3759 αὑτὴν-δεῖ.
3309 3686 3420 3738 Καὶ
3462 3684 3639 3736 ταῦτα

2057 3785 2180 3837 ἐπεὶ
2218 3783 2402 3846 ἁπλῶς
2434 3783 2601 3852 288
2631 3797 2750 3833 τινα
2790 3780 2929 3851 ὑπὲρ
2978 3779 3177 3847 ἑαυτῆς
3208 3777 3511 3846 ἐφθέγξατο
3555 3776 3642 3827 λό-

2057 3894 2150 3945 γον
2176 3876 2239 3939 “,
2262 3876 2320 3928 ὃν
2343 3873 2453 3942 ἐγὼ
2472 3875 2569 3943 τῆς
2594 3873 2829 3934 πίστεως
2849 3871 3017 3939 αὐτῆς
3040 3870 3219 3953 ἱκανὸν
3243 3867 3489 3939 ἑρμηνέα
3510 3884 3641 3918 συν-

2058 3968 2211 4021 εῖδοψ
2246 3967 2367 4019 ἐπεὶ
2410 3964 2617 4018 πολλῶν
2660 3963 2881 4033 ἡμερῶν
2903 3963 3070 4025 αὐτὴν
3100 3961 3417 4024 ἀγνισθῆναι
3441 3960 3485 3990 ⁸³
3505 3960 3586 4011 ἒδε
3598 3977 3638 4010 ι.

476 4048 544 4102 Χ.
581 4048 646 4103 Et
667 4064 765 4119 ego
806 4067 817 4102 :
852 4048 948 4103 Dic
977 4049 1155 4114 uobis,
1189 4049 1432 4119 inquam,
1460 4053 1675 4120 qualem
1733 4056 1969 4122 protule-

2138 4050 2227 4106 X.’
2250 4048 2420 4118 Κάγὼ
2441 4048 2593 4119 ἔφην’
2622 4047 2757 4100 Εἰπὲ
2811 4048 2940 4117 ἡμῖν
2972 4045 3091 4097 τίνα
3116 4041 3414 4113 ἐφθέγξατο
3452 4041 3639 4110 λόγον,

406 4140 477 4193 rit
501 4154 829 4206 sermonem,
863 4140 955 4210 qui
1001 4141 1158 4195 ﬁdem
1188 4142 1334 4196 illius
1356 4142 1687 4211 patefecerit.
1723 4144 1969 4215 Respon-

2076 4147 2124 4209 ὃς
2155 4144 2201 4176 ⁸⁵
2226 4143 2325 4213 τὴν
2355 4141 2534 4194 πίστιν
2587 4140 2755 4209 αὐτῆς
2810 4137 3066 4207 ἐξέφηνεν
3095 4136 3160 4189 ⁸⁸.
3200 4137 3309 4187 Καὶ
3340 4136 3369 4186 ὁ
3426 4134 3636 4204 Πέτρος

405 4232 485 4286 (ιιι
509 4231 703 4286 Petrus
735 4248 747 4283 :
778 4231 869 4285 Ille
899 4247 1077 4286 sermo
1107 4241 1210 4295 est,
1244 4248 1352 4302 quo
1386 4235 1595 4304 rogavit
1634 4246 1693 4289 ut
1748 4237 1964 4307 hospita

2076 4238 2171 4308 ἔφη
2194 4254 2208 4267 ·
2243 4238 2307 4290 'H
2340 4235 2563 4301 ἀξίωσις
2595 4233 2763 4303 αὐτῆς
2793 4230 2887 4284 τοῦ
2914 4226 3389 4298 συμϐαπτισθῆναι
3412 4225 3459 4256 ⁸⁸
3491 4225 3637 4295 αὐτῇ

405 4333 459 4377 et
486 4324 726 4379 beneﬁca
755 4324 918 4379 simul
949 4324 1321 4392 baptizaretur
1371 4340 1493 4379 cum
1525 4325 1661 4395 ipsa.
1719 4326 1833 4382 Non
1865 4343 1965 4381 au-

2076 4330 2164 4401 τὴν
2200 4327 2468 4397 ξενοδόχον
2524 4326 2616 4379 καὶ
2641 4323 2939 4395 εὐεργέτιν.
2995 4321 3109 4373 Οὐκ
3136 4318 3199 4372 ἂν
3242 4318 3298 4371 δὲ
3352 4316 3512 4369 τοῦτο
3565 4321 3636 4388 τῇ

408 4425 513 4470 tem
541 4423 777 4486 rogaret,
809 4424 869 4469 ut
908 4414 985 4469 illi
1029 4430 1194 4484 quam
1242 4414 1420 4485 diligit
1450 4426 1802 4485 praistaretur
1846 4420 1961 4472 haec

2076 4422 2160 4475 ὑπ’
2183 4421 2350 4490 αὐτῆς
2372 4417 2677 4488 ποθουμένη
2711 4415 2927 4483 δοθῆναι
2952 4410 3269 4482 παρεκάλει,
3299 4410 3349 4462 εί
3384 4411 3459 4480 μὴ
3493 4410 3631 4479 πρό-

405 4507 599 4575 gratia,
632 4506 737 4562 nisi
788 4506 940 4575 prius
983 4522 1110 4576 erga
1156 4507 1487 4577 baptismum
1542 4515 1798 4578 tanquam
1835 4526 1962 4580 erga

2076 4529 2221 4584 τερον
2248 4488 2383 4581 ἀυτὴ
2410 4508 2619 4578 διετέθη
2646 4507 2687 4538 ⁸⁷
2711 4507 2786 4569 ὼς
2824 4505 2916 4557 ἐπὶ
2966 4504 3176 4575 μεγάλῃ
3216 4505 3281 4573 τῇ
3311 4500 3405 4554 τοῦ
3439 4500 3637 4570 βαπτί-

406 4614 660 4668 magnum
692 4612 892 4653 munus
925 4606 1070 4653 esset
1099 4597 1310 4653 affecta.
1357 4596 1508 4652 Unde
1544 4613 1644 4668 ego
1677 4601 1967 4669 reprehen-

2076 4618 2274 4673 σματος
2322 4600 2521 4670 δωρεᾷ.
2576 4598 2737 4680 Ὅθεν
2784 4594 2894 4664 ἐγὼ
2950 4595 3157 4648 πολλῶν
3214 4591 3631 4662 καταγινώσκω,

406 4689 477 4743 do
519 4689 804 4757 plurimos,
831 4690 922 4758 qui
951 4702 1076 4743 cum
1112 4689 1369 4758 haptizati
1413 4688 1634 4757 fuerint,
1668 4700 1722 4747 et
1746 4692 1965 4748 credere

2076 4696 2272 4749 ὁπόταν
2297 4693 2360 4757 ⁸⁸,
2398 4690 2781 4761 βαπτισθέντες
2801 4690 2893 4742 καὶ
2915 4690 3191 4743 πιστεύειν
3216 4688 3487 4756 λέγοντες,
3522 4705 3634 4757 μη-

408 4794 467 4833 se
495 4779 701 4846 dicant,
742 4781 879 4835 nihil
925 4790 1105 4834 tamen
1160 4780 1382 4850 dignum
1410 4780 1513 4837 ﬁde
1557 4792 1739 4853 agant,
1791 4800 1969 4855 neque

2076 4786 2154 4839 Βέν
2182 4784 2329 4850 ἄξιον
2362 4784 2594 4844 πίστεως
2622 4780 2837 4843 ποιῶσι,
2885 4779 3007 4850 μηδ’
3035 4778 3129 4842 οὓς
3154 4778 3463 4847 ἀγαπῶσιν,
3489 4778 3641 4846 λέγω

408 4886 502 4925 eos
547 4887 686 4940 quos
725 4872 954 4941 diligunt
985 4873 1228 4942 (uxores,
1286 4872 1507 4942 inquam
1534 4915 1549 4940 ,
1576 4877 1659 4929 vel
1687 4876 1847 4943 ﬁlios,
1885 4878 1968 4932 vel

2076 4878 2132 4948 δὴ
2145 4879 2403 4946 γυναῖκας
2425 4872 2600 4927 αὐτῶν
2616 4872 2648 4943 ἢ
2666 4871 2859 4940 υἱοὺςῆ
2877 4869 3220 4942 φίλους-,πρὸς
3232 4868 3389 4925 τοῦτο
3403 4870 3640 4940 προτρέό

410 4963 635 5033 amicos)
667 4963 733 5017 ad
782 4964 885 5019 hoc
920 4965 1228 5019 hortentur.
1284 4962 1421 5019 Nam
1446 4965 1493 5020 si
1544 4967 1848 5034 crederent,
1884 4968 1965 5021 vi-

2076 4986 2303 5023 πωνται.
2361 4967 2423 5019 Εἰ
2478 4964 2586 5035 γὰρ
2619 4962 3014 5017 πεπιστεύκασι
3065 4962 3207 5034 ζωὴν
3272 4961 3487 5015 αἰώνιον
3537 4962 3643 5014 σὺν

1679 5146 1913 5203 νΑΙὶΙΑΞ
1952 5144 2348 5203 LECTIONES.

484 5288 526 5361 ’ξ
564 5286 634 5340 Ita
655 5282 832 5361 _Epit.,
856 5287 1067 5361 λέγωδέ
1093 5286 1157 5350 C,
1187 5285 1253 5343 0.
1330 5289 1371 5361 ἕο
1405 5290 1597 5358 φιλίοις
1625 5290 1687 5344 Ο.
1774 5292 1819 5361 7“
1862 5291 2084 5361 Recogn.
2159 5303 2277 5354 vnr,
2323 5289 2391 5361 55
2426 5286 2669 5361 :_Fer_tur
2709 5287 2847 5361 enirn
2873 5289 2945 5361 _in
2978 5285 3226 5361 reiigione
3249 5292 3430 5335 nostra
3462 5297 3636 5333 sermo

413 5359 476 5433 de
505 5356 762 5433 Propheta
787 5353 1125 5433 quodtt‘m‘per
1155 5374 1305 5433 quem
1334 5353 1649 5413 immortalis
1674 5370 1723 5414 et
1764 5360 1913 5414 beata
1948 5353 2055 5414 υἱῖα
2081 5353 2617 5433 σνεάεηιὶίηιξλζαιιάα
2645 5356 2993 5433 promittitur.
3028 5353 3180 5433 {lianc
3213 5367 3461 5433 (argolica.
3478 5362 3636 5433 p‘ula-

414 5421 910 5505 ρίιιηιιέδξῃιοζὶεηι.
933 5421 1176 5505 βειίιιᾳξό
1203 5428 1319 5505 tibi,
1368 5440 1555 5505 mater,
1591 5433 2305 5505 opportuniusexponentur.
2384 5426 2620 5505 “@1101
2640 5421 2681 5481 ἰ]
2709 5427 2849 5505 ,“qui
2871 5425 3033 5505 conj;
3046 5423 3218 5505 ὄχλος,
3256 5421 3307 5475 in
3331 5421 3637 5505 ρηόχλευντ

414 5448 594 5481 Damus
629 5448 910 5480 omwnem.
934 5448 1031 5479 aea
1059 5448 1167 5480 παῖε
1203 5448 1319 5493 um,
1368 5448 1555 5494 mater,
1591 5448 1654 5499 ορ
1694 5448 1934 5485 ortunms
1968 5448 2305 5499 exponentur.
2384 5448 2427 5459 "
2456 5448 2608 5495 οχΑον
2640 5448 2681 5481 υ
2709 5466 2723 5489 ν
2758 5448 2849 5495 (ιω
2871 5448 3014 5493 υυιιιι
3046 5448 3218 5493 οχλυςς
3256 5448 3307 5475 ιιι
3339 5448 3383 5475 υ
3438 5448 3637 5491 υλλωνσ

414 5498 459 5528 ³³
485 5498 655 5578 μῆτερ
674 5496 733 5561 S,
757 5494 850 5578 0‘,
880 5496 1136 5578 μήτ-ερὲὶΣ
1196 5499 1258 5578 ξθ
1280 5499 1622 5578 ζίκτελήςιέται
1645 5448 1953 5578 £,c.C_l._”
1975 5505 2123 5573 ἡμᾶς
2146 5498 2559 5578 πληροφορῄσςας
2676 5570 2686 5578 _
2722 5496 2765 5526 ³⁸
2794 5494 2974 5578 μερῶν
2999 5495 3080 5578 Ολ
3140 5495 3180 5524 ³⁷
3209 5495 3360 5561 κοινῇ
3385 5490 3471 5578 βλ
3513 5490 3638 5578 ³⁸Ξό

415 5560 559 5635 θοίιῇ
587 5560 640 5633 S,
669 5560 800 5619 satis
819 5560 977 5644 bene:
1023 5560 1035 5567 ’
1061 5561 1224 5638 ’θένῆ
1246 5569 1316 5640 μή
1336 5585 1382 5636 p.
1406 5560 1595 5641 καθ’ἥν
1618 5560 1765 5624 ἂνόὑ
1783 5571 1843 5624 C.
1868 5560 2560 5648 διιιιιίἳᾱιέσυνέστιασθείην
2579 5566 2723 5646 _Epit.
2751 5560 2806 5619 cf
2839 5560 2937 5617 106
2967 5574 3019 5616 et
3039 5562 3083 5617 Ο
3114 5603 3127 5622 ,
3154 5560 3543 5630 συνεστιάσθην
3567 5561 3629 5613 C.

417 5634 549 5687 Tum
580 5635 752 5688 ταυτά
786 5636 844 5693 S.
879 5648 1049 5689 ταυτα
1076 5636 1138 5693 C.
1171 5624 1233 5693 0.
1310 5641 1354 5669 ‘°
1383 5641 1751 5693 εὐσπλαγγνός
1774 5641 1837 5693 Ο.
1864 5641 1980 5693 Alia
2008 5657 2153 5693 man.
2188 5648 2445 5693 nmmtsn
2476 5638 2547 5693 μή
2579 5652 2629 5687 ιιι
2664 5652 2831 5693 marg.
2909 5634 2949 5664 “
2986 5633 3059 5686 Ita
3088 5632 3132 5686 0
3185 5650 3233 5686 (δ.
3288 5632 3345 5685 S.
3392 5647 3637 5683 συνεστι-

417 5648 549 5687 Tum
580 5648 752 5688 ταυτα
786 5648 844 5693 δ,
879 5648 1049 5689 ταυτα
1076 5648 1138 5697 υ,
1171 5648 1233 5693 υ.
1310 5648 1354 5669 ὐ
1383 5648 1751 5710 εὐσπλαγχνός
1774 5648 1837 5693 υ.
1864 5648 1980 5695 Alia
2008 5657 2153 5694 man.
2188 5648 2445 5709 praemtsn
2476 5648 2547 5707 μη
2579 5652 2629 5687 ιιι
2664 5652 2831 5703 marg.
2909 5648 2949 5664 "
2986 5648 3059 5686 Ita
3088 5648 3132 5686 U
3185 5650 3233 5686 (δ.
3288 5648 3345 5685 S.
3392 5648 3613 5683 συνεστιι

416 5704 639 5784 ασοὶιναι
673 5705 841 5784 (Ξ-
873 5704 1025 5784 “to?
1068 5720 1180 5784 σφε
1207 5709 1270 5784 9-
1341 5710 1388 5784 ’f’
1413 5711 1971 5784 ἀφελληνψοῆναιβκ
2021 5710 2179 5784 “-60
2211 5703 2301 5784 ’,ᾧ
2324 5708 2385 5784 0.-
2433 5708 2489 5784 .‘f’
2520 5706 2773 5784 ἐξέφηνεν
2798 5704 2842 5784 .D
2869 5743 2884 5784 τ
2910 5704 3164 5784 ἐξέφανεν
3191 5702 3337 5770 ενοι
3413 5701 3459 5734 ⁸⁸
3491 5700 3613 5753 θαπ

410 5773 659 5839 κτισθῆναι
687 5774 886 5829 0.Cum
918 5777 1037 5831 eod.
1063 5776 1237 5833 addidi
1267 5781 1358 5835 καί
1382 5773 1500 5851 post
1534 5773 1818 5851 ξενοδόχόν.
1874 5782 1916 5815 ⁸⁷
1952 5780 2029 5838 Ita
2058 5778 2101 5837 Ο
2155 5796 2203 5835 c.
2233 5773 2313 5848 S',
2347 5778 2553 5846 διεθέτη
2578 5776 2637 5829 (1.
2670 5773 2678 5776 ⁷
2716 5776 2760 5809 ’⁵⁸
2789 5774 2937 5827 ὁπότ’
2970 5774 3033 5827 ἄν
3065 5774 3124 5828 (1.
