3860 6210
197 311 298 367 557

1289 328 1742 388 CLEMENTINA.
1761 363 1834 375 —
1869 336 2150 393 IIOMILIA
2178 340 2313 402 XIII.

3333 350 3435 405 353

196 439 305 483 tam
357 437 621 484 aeternam
665 447 788 487 cum
834 435 992 492 bonis
1033 442 1291 509 operibus
1322 460 1352 499 a
1380 445 1490 500 Deo
1542 459 1748 517 propter

1863 449 2041 520 ἔργοις
2091 453 2272 517 καλοῖς
2315 454 2602 525 δωρεῖσθαι
2658 457 2747 510 τὸν
2806 457 2936 510 Θεὸν
2982 457 3072 510 ἐπὶ
3110 457 3184 528 τῷ
3239 459 3432 529 βαπτί-

194 521 533 589 haptismum
560 524 777 591 donari,
803 527 1009 598 absque
1051 532 1346 604 dilatione,
1389 553 1529 606 quos
1575 540 1765 609 dilige-

1871 559 2032 612 σματι
2062 545 2135 606 ⁸³,
2182 546 2563 617 ἀνυπερθέτως
2613 547 2706 612 οὒς
2755 549 2984 618 ἠγάπων
3037 551 3434 621 προετρέποντο

191 623 331 677 rent,
350 615 418 668 ad
443 631 571 669 eum
597 618 1004 686 suscipiendum
1029 626 1465 684 exhortarentur.
1501 631 1605 684 Sed
1623 633 1742 688 dice

1869 632 2247 706 βαπτισθῆναι.
2320 615 2456 689 Ἀλλ’
2483 641 2599 710 έρεῖ
2624 657 2711 703 τις
2773 615 2924 710 ύνμῶν
2946 657 2958 669 ·
3003 615 3309 709 Ἀγαπιῦσιν
3339 644 3433 694 αὑ-

191 715 432 760 vestrum
481 709 607 776 quis
632 728 645 763 :
671 709 918 784 Diligunt
941 729 1058 779 eos,
1083 730 1148 771 ac
1173 717 1240 772 de
1266 719 1333 775 iis
1356 730 1486 775 sunt
1516 723 1760 780 solliciti.

189 793 241 881 Id
294 801 529 856 stultum
559 814 660 860 est.
696 804 829 860 Nam
854 810 1190 864 curtandem
1224 827 1320 868 eos
1363 824 1625 883 aegrotare
1676 819 1763 871 vi-

188 879 410 956 dentes,
441 903 541 949 aut
599 897 654 951 in
691 901 882 956 mortis
921 901 1066 956 viam
1116 903 1334 970 abduci,
1378 879 1475 960 aut
1512 910 1758 978 quaedam

188 977 289 1032 alia
341 982 581 1038 molesta
619 988 910 1052 sustinere.
946 1000 1170 1058 gemunt
1200 1001 1364 1062 atque
1390 995 1763 1052 miserantur?

189 1070 264 1123 ita
304 1071 350 1125 si
395 1075 764 1132 credidissent
837 1079 1018 1150 ignem
1063 1091 1326 1137 aeternum
1388 1100 1609 1141 manere
1665 1103 1760 1145 eos

186 1161 274 1228 qui
325 1159 501 1216 Deum
529 1180 636 1218 non
663 1167 872 1232 colunt,
934 1184 1042 1224 non
1087 1180 1368 1227 cessarent
1413 1190 1637 1232 monere
1674 1179 1760 1232 vel

190 1261 448 1321 tanquam
481 1257 550 1310 de
601 1258 915 1316 inﬁdelibus
969 1263 1174 1327 dolere,
1211 1265 1340 1318 dum
1383 1282 1478 1322 eos
1524 1279 1758 1323 cernunt

188 1345 519 1414 incredulos,
545 1351 679 1402 certi
727 1349 924 1406 futurte
952 1354 1170 1410 illorum
1221 1373 1416 1427 pusum.
1443 1357 1600 1414 Nunc
1627 1377 1758 1432 ergo

189 1435 458 1504 hospitam
537 1441 862 1498 accersitam
931 1444 1318 1518 interrogabo,
1375 1464 1508 1504 num
1581 1451 1757 1521 legem

186 1539 423 1582 nostram
463 1531 594 1586 velit
633 1533 910 1603 amplecti.
943 1545 998 1592 et
1017 1548 1180 1607 prout
1215 1555 1559 1610 consequens
1588 1542 1755 1602 fuerit

185 1634 426 1688 agemus.

248 1711 338 1766 XI.
377 1714 453 1768 At
483 1725 665 1772 vestra
697 1727 890 1785 mater,
914 1720 1197 1789 quoniam,
1244 1730 1305 1776 ut
1331 1725 1486 1780 decet
1513 1725 1749 1793 ﬁdelem,

185 1799 235 1855 in
265 1803 603 1873 baptismum
651 1809 892 1863 animata
933 1819 1040 1877 est,
1073 1813 1156 1865 vel
1184 1829 1294 1868 uno
1318 1813 1406 1870 die
1428 1823 1554 1870 ante
1578 1816 1753 1886 bapti-

185 1909 354 1949 smum
403 1896 643 1966 jejunet.
688 1898 784 1952 Illa
826 1917 954 1954 vero
979 1904 1221 1971 jurabat,
1271 1905 1499 1960 dicens:
1530 1905 1753 1962 Duobus

183 1988 563 2054 superioribus
608 1991 822 2058 diebus,
866 1992 996 2046 dum
1041 2009 1207 2049 narro
1250 1997 1465 2052 mulieri
1498 2000 1751 2068 recogni~

183 2077 342 2132 tionis
399 2092 684 2146 eventum,
723 2097 832 2151 prae
866 2084 1039 2138 multo
1088 2086 1288 2154 gaudio
1337 2088 1517 2142 cibum
1561 2106 1752 2160 capere

182 2169 396 2237 nequivi
432 2188 447 2235 ;
483 2171 594 2226 nisi
665 2173 810 2242 quod
885 2175 1140 2230 hesterna
1193 2178 1282 2234 die
1328 2181 1551 2248 paulum
1597 2197 1752 2253 aqum

181 2263 404 2329 sumpsi.
459 2261 782 2319 Juramento
853 2276 1033 2321 autem
1100 2269 1473 2326 testimonium
1519 2275 1750 2342 praebuit

181 2365 311 2404 uxor
349 2351 524 2418 Petri,
558 2355 746 2410 dicens
775 2375 788 2410 :
820 2355 954 2411 Vere
976 2359 1109 2413 nihil
1147 2363 1404 2431 gustavit.
1434 2361 1499 2418 Et
1529 2365 1747 2436 Aquila,

179 2443 346 2510 magis
398 2460 535 2498 vero
588 2448 846 2518 deinceps
903 2450 1221 2519 Faustinus,
1263 2455 1387 2508 ait:
1427 2454 1571 2510 Nihil
1619 2473 1750 2528 ergo

180 2532 351 2586 obstat
375 2537 513 2604 quin
566 2539 892 2608 baptizetur.
929 2542 1065 2596 Tum
1103 2542 1301 2600 Petrus
1325 2547 1637 2613 subridens,
1664 2566 1750 2604 re-

181 2628 390 2694 spondit
421 2647 435 2682 :
470 2629 579 2686 Sed
605 2649 714 2687 non
743 2642 825 2690 est
857 2637 961 2692 hoc
998 2639 1269 2710 jejunium
1302 2641 1581 2710 baptismi,
1603 2645 1748 2712 quod

182 2729 283 2768 non
334 2728 564 2788 propter
604 2723 760 2779 illum
824 2739 1137 2800 susceptum
1183 2739 1287 2787 est.
1337 2731 1402 2784 Et
1451 2731 1748 2790 Faustinus

181 2812 424 2879 excepit:
461 2811 568 2868 Sed
616 2814 755 2872 forte
795 2819 985 2875 volens
1031 2821 1176 2878 Deus
1223 2831 1452 2878 matrem
1498 2819 1747 2880 nostram

183 2911 274 2952 nec
325 2917 431 2955 una
473 2904 586 2972 die,
637 2909 838 2980 agnitis
885 2913 1064 2978 nobis,
1118 2914 1365 2985 separari
1398 2931 1429 2969 a
1468 2918 1747 2972 consortio

182 3003 375 3047 mensae
419 3003 647 3061 nostrae,
701 3002 1082 3069 praeordinarit
1122 3006 1225 3061 hoc
1251 3006 1544 3076 jejunium.
1592 3005 1748 3062 Sicut

1865 727 1991 787 τοὺς
2047 728 2144 780 καὶ
2177 728 2550 799 φροντίζουσιν
2583 730 2781 783 αὐτῶν.
2818 732 2986 784 Τοῦτο
3025 731 3216 803 εὔηθές
3266 734 3428 786 ἐστιν.

1879 814 2030 866 Ἐπεὶ
2058 817 2110 867 τί
2131 817 2193 887 δή
2228 835 2355 870 ποτε
2380 818 2668 882 νοσοῦντας
2697 820 2952 891 ὁρῶντες,
2996 820 3027 892 ἢ
3055 822 3434 892 ἀπαγομένους

1863 907 1962 976 τὴν
2008 907 2100 959 ἐπὶ
2129 908 2354 962 θάνατον
2389 910 2457 973 ⁵ο,
2486 909 2518 981 ἢ
2552 910 2686 964 ἄλλα
2708 911 2827 964 τινὰ
2853 911 3064 982 χαλεπὰ
3102 913 3430 983 πάσχοντας,

1863 994 2145 1062 ὀδύρονται
2188 1000 2280 1052 καὶ
2303 999 2541 1053 ἐλεοῦσιν
2560 1002 2601 1032 ⁵¹
2629 1018 2643 1066 ;
2695 1000 2879 1065 Οῦτως
2907 1005 2954 1055 εί
2979 1003 3434 1058 πεπιστεύκεισαν

1862 1083 2075 1138 αἰώνιον
2111 1087 2220 1158 πῦρ
2251 1088 2429 1159 μένειν
2476 1092 2601 1153 τοὺς
2635 1090 2679 1121 ⁵³
2712 1091 2804 1143 τὸν
2846 1090 2978 1144 Θεὸν
3025 1091 3099 1162 μὴ
3133 1089 3391 1154 σέϐοντας
3412 1131 3426 1156 ,

1860 1177 1959 1228 οὐκ
1991 1175 2054 1228 ἂν
2087 1178 2392 1233 ἐπαύσαντο
2423 1181 2831 1244 νουθετοῦντες,
2865 1181 2898 1252 ἢ
2943 1183 3038 1234 καὶ⁹
3072 1179 3431 1246 ἀπειθοῦντας

1857 1269 2108 1339 ὁρῶντες,
2141 1272 2216 1336 ὡς
2245 1273 2373 1344 περὶ
2401 1273 2643 1326 ἀπίστων
2672 1273 2996 1346 ὀδυνώμενοι
3016 1314 3030 1338 ,
3065 1277 3162 1347 τὴν
3187 1271 3304 1330 κατ’
3334 1278 3430 1331 αύ-

1857 1361 1966 1414 τῶν
1997 1363 2217 1416 κόλασιν
2275 1365 2846 1437 πεπληροφορημένοι.
2881 1367 3048 1437 289
3100 1369 3206 1422 Καὶ
3237 1368 3304 1422 τά
3337 1369 3430 1422 νῦν

1855 1453 1952 1524 τὴν
1979 1453 2249 1525 ξενοδάχον
2278 1455 2495 1527 πέμψας
2524 1458 2866 1530 ὲπανακρινῶ
2894 1459 2939 1490 ⁵⁸
2962 1461 3009 1511 εί
3037 1460 3126 1512 τὸν
3154 1461 3312 1532 νόμον
3339 1459 3429 1514 τὸν

1854 1547 1921 1599 δι’
1953 1547 2001 1579 ⁸⁸
2028 1548 2181 1618 ήμῶν
2215 1550 2430 1620 ἀγαπᾷν
2461 1550 2711 1621 αἱρεῖταιο
2741 1552 2833 1604 καὶ
2863 1551 3034 1615 οὕτως
3065 1553 3368 1618 ἀκολούθως
3396 1553 3430 1608 ἃ

1853 1635 1935 1687 δεῖ
1972 1635 2272 1706 πράξομεν.

1923 1723 2014 1778 XI.
2069 1725 2130 1777 'H
2158 1725 2213 1778 δὲ
2259 1727 2437 1797 μήτηρ
2477 1726 2649 1798 ὑμῶν,
2698 1728 2886 1801 ἐπειδὴ
2922 1729 3133 1794 πιστῶς
3164 1731 3427 1786 διάκειται

1855 1816 1982 1884 περὶ
2013 1816 2107 1869 τοῦ
2143 1815 2535 1888 βαπτίσματος,
2560 1817 2659 1872 κᾶν
2693 1819 2818 1889 μίαν
2854 1821 2959 1890 πρὸ
2989 1820 3084 1872 τοῦ
3120 1821 3428 1891 βαπτίσμα-

1852 1921 1942 1967 τος
1973 1907 2321 1975 νηστευσάτω
2370 1907 2599 1979 ἡμέραν.
2663 1908 2727 1961 Ἡ
2772 1909 2828 1962 δὲ
2876 1909 3126 1980 ὤμνυεν·
3179 1911 3280 1963 Δύο
3321 1911 3429 1965 τῶν

1851 1994 2170 2049 διελθουσῶν
2215 1998 2453 2067 ἡμερῶν,
2504 2001 2570 2069 τῇ
2600 2001 2818 2068 γυναικὶ
2860 2000 2934 2052 τὰ
2974 2000 3116 2054 κατὰ
3158 2001 3249 2054 τὸν
3297 2003 3428 2054 ἀνα-

1850 2089 2159 2159 γνωρισμὸν
2205 2088 2554 2160 διηγουμένη,
2590 2091 2694 2143 ὑπὸ
2724 2091 2823 2161 τῆς
2867 2091 3067 2162 πολλῆς
3098 2093 3272 2164 χαρᾶς
3297 2111 3424 2164 τρο-

1852 2178 1960 2249 φῆς
2017 2179 2336 2249 μεταλαϐεῖν
2369 2181 2414 2211 ⁵⁵
2449 2181 2550 2234 οὐκ
2603 2181 2892 2252 ἠδυνήθην,
2956 2183 2988 2252 ἢ
3049 2183 3204 2252 ἐχθὲς
3268 2185 3426 2254 μόνον

1852 2269 2081 2341 βραχέος
2121 2270 2328 2335 ὓδατος.
2371 2272 2752 2344 Ἐμαρτύρησέ
2780 2273 2826 2304 ⁵⁸
2857 2290 2916 2325 τε
2949 2273 3026 2344 τῷ
3057 2275 3203 2345 ὅρκῳ
3234 2273 3425 2346 ήγυνὴ

1850 2359 2056 2430 Πέτρου
2115 2361 2376 2429 λέγουσα·
2441 2363 2677 2432 Ἀληθῶς
2722 2365 2822 2418 οὐκ
2875 2364 3153 2433 ἐγεύσατο.
3226 2366 3336 2418 Καὶ
3391 2368 3419 2418 6

1863 2449 2108 2513 Ἀκύλας,
2148 2450 2345 2520 μᾶλλον
2390 2451 2446 2504 δὲ
2493 2452 2584 2504 τοῦ
2635 2452 2822 2506 λοιποῦ
2871 2455 3160 2516 Φαυστῖνος
3179 2454 3244 2519 ⁸⁷,
3280 2454 3418 2525 ἔφη·

1849 2543 2056 2595 Οὐκοῦν
2090 2543 2242 2596 οὐδὲν
2276 2544 2473 2597 κωλύει
2507 2545 2676 2616 αὐτὴν
2717 2546 3094 2617 βαπτισθῆναι.
3123 2547 3234 2599 Καὶ
3266 2549 3294 2600 6
3324 2546 3421 2599 Πέ-

1847 2649 1974 2703 τρος
2027 2633 2260 2702 γελάσας
2304 2637 2630 2706 ἀπεκρίνατο
2650 2653 2663 2667 ·
2712 2637 2849 2689 Ἀλλ’
2871 2637 2969 2689 οὐκ
2996 2637 3109 2690 ἐστι
3140 2637 3297 2690 τοῦτο
3329 2653 3422 2708 νη-

1850 2723 2000 2776 στεία
2036 2723 2427 2796 βαπτίσματος,
2457 2725 2485 2777 ὂ
2511 2725 2557 2757 ⁵⁸
2593 2726 2667 2796 μὴ
2704 2725 2771 2778 δι’
2805 2726 2936 2779 αὐτὸ
2967 2727 3206 2795 γέγονεν.
3252 2729 3361 2782 Καὶ
3391 2729 3420 2780 6

1845 2815 2138 2878 Φαυστῖνος
2189 2815 2552 2886 ἀπεκρίνατο·
2594 2817 2755 2878 Ἴσως
2782 2809 2873 2869 οῦν
2902 2817 2930 2868 6
2959 2816 3112 2880 Θεὸς,
3158 2815 3413 2887 βουλόμε-

1846 2922 1934 2969 νος
1963 2905 2117 2975 ἡμῶν
2162 2906 2260 2975 τὴν
2315 2906 2523 2977 μητέρα
2573 2906 2840 2977 μηδεμίαν
2879 2907 3092 2978 ἡμέραν
3147 2907 3286 2978 μετά
3326 2906 3419 2962 τὸν

1847 2996 2258 3068 ἀναγνωρισμὸν
2318 2996 2546 3068 χωρίσαι
2600 2995 2700 3064 τῆς
2762 2997 3036 3068 ἡμετέρας
3104 2996 3415 3067 τραπέζης,

181 3082 317 3135 enim
373 3087 698 3154 pudicitiam
760 3095 997 3149 servavit
1042 3096 1096 3151 in
1146 3098 1478 3166 ignorantia,
1533 3099 1743 3156 faciens

1855 3087 2302 3157 προῳκονόμησεν
2360 3088 2460 3157 τὴν
2524 3085 2795 3156 νηστείαν.
2845 3085 2930 3148 Ὡς
2966 3086 3074 3157 γὰρ
3121 3088 3415 3158 ἐσωφρόνει

184 3175 318 3240 quod
347 3179 637 3235 veritatem
667 3182 842 3250 decet,
872 3185 946 3242 ita
983 3195 1035 3240 et
1064 3203 1211 3241 nunc
1233 3187 1377 3243 Deus
1402 3189 1587 3246 forsan
1617 3206 1746 3262 pro-

1855 3176 1907 3229 ὲν
1939 3176 2128 3245 ἀγνοίᾳ
2159 3176 2220 3228 τὸ
2247 3175 2454 3247 πρέπον
2499 3179 2565 3247 τῇ
2603 3174 2830 3245 ἀληθείᾳ
2868 3177 3158 3246 ποιήσασα,
3198 3176 3340 3230 οὕτω
3368 3177 3414 3210 ⁸⁸

184 3264 327 3332 vidit,
360 3284 482 3324 eam
521 3282 650 3327 ante
680 3291 850 3329 unum
882 3277 1026 3332 diem
1068 3279 1319 3348 jejunare
1359 3297 1458 3350 pro
1490 3298 1616 3338 vero
1645 3283 1745 3339 ba-

186 3357 390 3426 ptismo,
420 3370 533 3417 uta
558 3365 735 3433 primo
757 3367 844 3422 die
883 3369 1176 3438 agnitionis
1217 3378 1419 3427 nostra:
1456 3374 1742 3430 nobiscum

189 3459 356 3517 posset
380 3453 554 3508 salem
585 3472 681 3510 seu
707 3456 889 3513 cibum
926 3475 1141 3531 capere.

255 3605 364 3665 ΧΠ.
397 3609 542 3666 Tum
574 3616 762 3671 Petrus
791 3633 804 3671 :
835 3613 956 3670 Non
1002 3632 1124 3686 nos,
1168 3618 1368 3690 inquit,
1411 3622 1595 3680 vincat
1627 3642 1746 3680 ma-

191 3696 311 3767 litia,
339 3714 666 3773 prietextum
711 3716 868 3762 nacta
913 3707 1315 3767 Providentiam
1347 3721 1401 3769 et
1431 3718 1624 3773 matris
1654 3719 1741 3774 af-

191 3790 372 3848 fectum
407 3814 420 3849 :
448 3796 550 3851 sed
580 3799 755 3869 magis
783 3815 880 3855 vos
921 3810 973 3856 et
1015 3819 1118 3872 ego
1167 3805 1450 3861 vobiscum
1495 3809 1655 3866 hodie
1686 3813 1742 3866 in

188 3878 376 3948 jejunio
404 3899 828 3954 permaneamus
860 3907 873 3954 ;
903 3899 958 3945 et
987 3907 1110 3946 cras
1138 3894 1518 3963 baptizabitur.
1556 3899 1743 3971 Neque

191 3973 318 4028 enim
364 3977 645 4033 hodiernae
683 3979 791 4034 diei
843 3982 977 4036 hora
1011 3984 1078 4040 ad
1111 3985 1444 4054 baptismum
1479 3999 1603 4060 apta
1633 4000 1737 4048 est.

195 4059 358 4134 Itaque
379 4068 457 4124 sic
487 4069 609 4125 ﬁeri
637 4085 827 4127 omnes
856 4075 1257 4133 consensimus.
1357 4101 1361 4103 ·

250 4243 378 4300 XIII.
421 4247 538 4304 Hac
566 4265 700 4321 ergo
729 4265 955 4321 vespera
987 4257 1174 4310 cuncti
1200 4255 1351 4312 fruiti
1377 4273 1568 4316 sumus
1595 4259 1741 4315 Petri

196 4332 435 4407 doctrina,
462 4341 560 4411 qui
590 4343 747 4398 nobis
773 4347 1009 4401 ostendit
1031 4363 1126 4416 per
1147 4351 1488 4406 occasionem
1523 4354 1736 4420 matris,

1848 3269 1942 3321 καὶ
1973 3268 2067 3322 νῦν
2094 3271 2121 3322 6
2141 3267 2272 3331 Θεὸς
2295 3267 2424 3330 ἴσως
2450 3267 2796 3338 ᾠκονόμησεν
2827 3269 2994 3338 αὐτὴν
3037 3268 3144 3340 πρὸ
3175 3262 3302 3340 μιᾶς
3321 3289 3416 3342 νη-

1849 3358 2067 3414 στεῦσαι
2099 3359 2144 3392 ⁸⁸
2173 3359 2315 3430 ὑπὲρ
2345 3357 2442 3411 τοῦ
2485 3357 2718 3429 ἀληθοῦς
2765 3358 3154 3430 βαπτίσματος,
3188 3361 3274 3415 ἵνα
3307 3361 3415 3414 ἀπὸ

1846 3449 2069 3522 πρώτης
2100 3450 2308 3522 ἡμέρας
2346 3449 2441 3503 τοῦ
2473 3449 2735 3520 γνωρίσαι
2790 3451 2936 3522 ἡμᾶς
2975 3451 3070 3504 σὺν
3101 3453 3230 3522 ἡμῖν
3269 3451 3412 3506 ἁλῶν

1849 3541 2168 3616 μεταλαϐεῖν
2196 3541 2412 3614 δυνηθῇ.

1915 3633 2078 3702 290
2113 3631 2224 3686 XII.
2275 3635 2385 3686 Καὶ
2415 3635 2443 3686 6
2474 3634 2680 3703 Πέτρος
2728 3632 2866 3704 ἔφη’
2902 3635 2993 3706 Μὴ
3035 3636 3180 3705 ἡμᾶς
3206 3634 3411 3689 νικάτω

1845 3729 1878 3799 ἡ
1907 3727 2091 3790 κακία,
2126 3724 2398 3796 πρόφασιν
2426 3723 2660 3795 εὑροῦσα
2690 3726 2789 3796 τὴν
2810 3727 3062 3796 πρόνοιαν
3099 3727 3190 3780 καὶ
3219 3729 3410 3782 τεκού-

1845 3835 1944 3888 σης
1977 3818 2240 3890 στοργήν
2267 3815 2402 3870 ἀλλὰ
2459 3816 2656 3887 μᾶλλον
2711 3818 2867 3887 ὑμεῖς
2921 3817 3074 3886 κάγὼ
3134 3820 3230 3872 σὺν
3283 3821 3411 3891 ὑμῖν

1841 3908 2204 3979 διαμείνωμεν
2234 3906 2333 3976 τὴν
2379 3905 2616 3976 σήμερον
2649 3907 2704 3958 ὲν
2731 3905 2960 3976 νηστείᾳ
2987 3906 3052 3969 ⁸⁸,
3086 3908 3180 3959 καὶ
3226 3904 3410 3978 αὔριον

1843 3997 2284 4068 βαπτισθήσεται.
2337 3994 2470 4048 Οὐδὲ
2511 3993 2619 4064 γὰρ
2660 3995 2692 4064 ἡ
2724 3993 2842 4064 ὥρα
2871 3994 2968 4064 τῆς
3008 3997 3243 4066 σήμερον
3277 3996 3410 4066 ἡμέ-

1844 4106 1941 4162 ρας
1966 4087 2264 4159 ἐπιτήδειός
2294 4086 2440 4137 ἐστιν
2469 4084 2548 4147 είς
2584 4082 2877 4154 βάπτισμα.
2923 4085 3032 4136 Καὶ
3060 4083 3210 4154 ὁμῶς
3240 4082 3410 4146 οὕτως

1838 4180 2087 4250 γενέσθαι
2113 4180 2161 4232 οῖ
2196 4177 2393 4240 πάντες
2425 4176 2912 4246 συνευδοκήσαμεν.

1908 4267 2040 4322 XIII.
2081 4267 2256 4338 Αὐτῆς
2303 4261 2395 4318 οὖν
2449 4265 2548 4336 τῆς
2591 4265 2636 4295 ⁸⁸
2669 4265 2908 4335 ἑσπέρας
2957 4264 3055 4334 τῆς
3105 4264 3312 4335 Πέτρου
3357 4267 3406 4317 οἱ

1841 4363 2040 4425 πάντες
2087 4358 2433 4420 διδασκαλίας
2491 4356 2855 4429 ἀπελαύομεν,
2919 4358 3221 4421 δεικνύντος
3273 4361 3408 4430 ἡμῖν

195 4441 288 4494 qun
309 4433 461 4486 modo
489 4434 766 4503 pudicitia:
806 4436 938 4492 lines
966 4439 1078 4493 sint
1102 4440 1252 4507 boni,
1281 4442 1414 4498 ﬁnes
1449 4460 1574 4500 vero
1604 4462 1734 4502 mce-

1855 4473 1899 4508 ;κ
1929 4455 2028 4525 τῆς
2059 4451 2198 4506 κατὰ
2227 4453 2327 4522 τὴν
2370 4450 2579 4522 μητέρα
2627 4451 2972 4522 προφάσεως,
3017 4451 3124 4504 τίνι
3165 4450 3307 4522 λόγῳ
3338 4453 3406 4505 τὰ

196 4517 312 4574 chia:
337 4525 605 4592 exitiales,
631 4535 686 4582 et
716 4528 788 4582 ita
824 4536 1022 4584 natura
1073 4534 1394 4602 comparati,
1429 4545 1487 4590 ut
1519 4539 1614 4592 toti
1644 4557 1735 4611 ge-

197 4611 294 4663 neri
325 4617 614 4682 perniciem
646 4617 902 4682 inferant,
933 4623 1147 4676 etiamsi
1180 4639 1286 4678 non
1315 4628 1522 4695 statim,
1555 4638 1732 4688 tamen

197 4696 304 4754 licet
326 4705 487 4762 tarde.
524 4707 582 4760 ln
621 4717 828 4763 tantum
855 4719 1060 4779 autem,
1090 4715 1284 4784 inquit,
1339 4720 1598 4786 pudicitia
1627 4722 1734 4778 Deo

196 4791 368 4857 placet,
400 4807 456 4851 ut
493 4800 656 4854 etiam
691 4802 793 4867 his,
821 4804 914 4871 qui
941 4802 994 4865 in
1020 4820 1206 4861 errore
1235 4817 1361 4862 sunt
1384 4811 1569 4877 positi,
1597 4828 1734 4865 non-

198 4882 314 4940 nihil
339 4891 517 4959 gratia:
535 4909 636 4962 pro
659 4895 751 4949 illa
775 4897 828 4950 in
875 4900 1126 4968 praesenti
1159 4898 1410 4954 conferat
1439 4903 1566 4957 vita.
1597 4902 1732 4958 Nam

1836 4547 1963 4618 τέλη
1995 4547 2095 4617 τῆς
2129 4545 2478 4617 σωφροσύνης
2530 4542 2688 4607 καλά,
2723 4543 2792 4596 τὰ
2816 4543 2872 4596 δὲ
2900 4543 2999 4614 τῆς
3032 4544 3276 4614 μοιχείας
3304 4562 3405 4614 χα-

1835 4637 1975 4692 λεπὰ
2005 4638 2133 4691 ὄντα
2163 4637 2268 4708 ὅλῳ
2298 4637 2442 4706 γένει
2465 4635 2510 4667 ⁸³
2541 4634 2759 4707 ὄλεθρον
2817 4639 2988 4688 ποιεῖν
3050 4637 3208 4705 φύσιν
3269 4636 3401 4706 ἔχει,

1838 4730 1939 4785 κᾶν
1964 4730 2036 4802 μὴ
2069 4730 2293 4799 ταχέως,
2327 4729 2440 4782 ἀλλ’
2473 4725 2566 4782 οὖν
2595 4745 2659 4797 γε
2704 4727 2806 4781 κᾶν
2840 4728 3093 4800 βραδέως.
3134 4730 3254 4782 Ἐπὶ
3281 4747 3406 4781 τοσ-

1834 4820 1987 4874 οῦτον
2018 4819 2108 4882 δὲ,
2161 4820 2354 4888 φησιν,
2396 4817 2464 4870 τὰ
2495 4818 2594 4889 τῆς
2644 4818 2994 4889 σωφροσύνης
3049 4819 3272 4888 ἀρέσκει
3323 4819 3404 4890 τῷ

1838 4911 1976 4980 Θεῷ,
2010 4912 2090 4963 ὅτι
2117 4911 2162 4942 ⁸⁸
2194 4909 2416 4972 καὶτοῖς
2438 4910 2494 4962 ὲν
2512 4907 2688 4980 πλάνῃ
2715 4905 2832 4962 οὖσι
2851 4908 3106 4980 βραχεῖάν
3120 4927 3242 4964 τινα
3265 4911 3404 4982 ὑπὲρ

1469 5086 1697 5143 VARI/E
1737 5086 2136 5144 LECTIONES.

258 5227 296 5258 δ’
324 5230 448 5289 Vbb.
481 5236 574 5290 ἐπὶ
617 5237 695 5307 τῷ
731 5234 1063 5309 βαπτίσματι
1084 5241 1260 5310 recepi
1312 5258 1378 5296 ex
1403 5240 1467 5297 0.
1535 5245 1582 5277 ⁸⁰
1597 5245 1810 5316 θανάτῳ
1847 5245 1909 5299 C.
1986 5244 2030 5275 ⁵⁸
2073 5241 2294 5295 ὲλεῶσιν
2321 5240 2384 5296 C.
2482 5243 2527 5274 δ’
2557 5244 2678 5294 ἐπεὶ
2713 5248 2838 5307 τούς
2883 5259 2998 5296 var.
3055 5244 3179 5297 lect.
3219 5257 3303 5309 ap.
3333 5241 3372 5295 C

268 5299 518 5384 ἀνακρινῷ
541 5307 603 5361 G.
702 5308 748 5384 ξι
776 5309 867 5384 τὸν
899 5310 974 5384 δι’*
1000 5325 1111 5364 om.
1149 5327 1264 5364 var.
1302 5313 1426 5366 lect.
1460 5331 1546 5384 ap.
1574 5315 1636 5369 Ο.
1713 5317 1796 5384 ﬂ"
1822 5315 2027 5384 τροφῆς
2079 5313 2151 5384 μὴ
2188 5312 2506 5384 μεταλαϐεῖν
2540 5311 2613 5384 0,_
2644 5313 2737 5381 qui
2771 5329 2883 5368 om.
2917 5315 3043 5368 vbb.
3067 5313 3396 5384 omnem-

203 5293 518 5384 rimantem?)
541 5307 603 5361 G.
668 5293 679 5307 ’
702 5293 748 5384 ξί
776 5309 867 5384 τὸν
899 5293 974 5384 δί’*
1000 5293 1264 5364 οιῄίνιιίνξ
1302 5293 1437 5366 ιὲὶιῖ
1456 5293 1546 5384 ap.

205 5363 324 5469 93;;
394 5363 440 5407 κε
482 5376 581 5469 Ital
602 5378 748 5469 copj.
785 5363 1670 5469 μέν).γρπιιιειμάῥεδρῆδέιῖη
1702 5363 2340 5469 ξρὶεξῖμᾶὲξῦρήέονό,
2410 5363 2737 5469 magicae;
2765 5363 2979 5469 ιῖδιιήέιῖ

926 5452 985 5505 C.
1024 5449 1162 5524 Tum
1199 5449 1584 5517 Φαυστινισίνός
1613 5471 1664 5524 p.
1697 5449 2082 5524 ΦαυστῖνοςὈ.
2108 5449 2119 5454 ⁷
2161 5449 2205 5524 δέ
2229 5449 2453 5524 ἡμέραν
2473 5449 2571 5524 τῆς
2604 5449 2760 5523 ἡμῶν
2789 5452 3146 5524 ἐπιγνώσεως.
3164 5451 3394 5524 χωρίσαι

204 5433 614 5511 ’ξφαυστινιανός
641 5433 722 5501 ΟῘ
785 5449 831 5480 ⁸⁸

2482 5243 2527 5274 ⁸³
2557 5244 2678 5294 ἐπεὶ
2713 5248 2838 5307 τούς
2883 5259 2998 5296 var.
3055 5244 3179 5297 lect.
3219 5257 3303 5309 ap.
3333 5241 3372 5295 C

2410 5357 2737 5465 εξλάηρὲὒρἔτζ
2765 5357 3403 5465 ιῖἑὶἐιήζιῇἷ’ρῖ›ἒὶξι.’¹⁷1ξῇιὲι.

207 5504 288 5603 ζῇς
309 5504 968 5603 τραπέζηςλτπρρῳκονόμη
979 5537 1067 5572 σεν
1099 5520 1196 5591 τὴν
1220 5504 1513 5603 νηστείαν..
2194 5504 2570 5603 ἐν’ἀγνοία,.τὸ
2605 5504 3214 5603 π’ρέποντῆςμάληθξίάδς
3241 5504 3397 5603 ποιή-

210 5589 342 5642 σασα,
365 5584 529 5650 οὓτως
551 5589 611 5642 C.
664 5584 1106 5660 “⁶⁰’ὠκονὶ5μησεν
1141 5584 1182 5642 π
1218 5591 1246 5643 ὸ
1271 5584 1400 5662 μιᾶς
1447 5584 1747 5664 νηστεῦσαί
1783 5584 1954 5664 αὐτήν
1989 5584 2068 5646 ἐν’
2089 5593 2279 5664 ἀγνοίᾳ
2305 5584 2365 5648 C.
2431 5584 2484 5624 ’σι
2516 5592 2612 5664 τὴν
2651 5584 3297 5716 σήμεροννδιαγὲείνωμεν
3328 5584 3391 5644 C.

212 5645 418 5716 Epitome
442 5665 495 5709 ut
521 5655 584 5711 0.
663 5656 707 5688 ⁶²
735 5641 833 5716 “cii:
864 5661 1067 5713 inserui
1097 5675 1144 5714 c.
1317 5662 1362 5693 ⁸³
1400 5662 1611 5716 γαλεπά
1643 5664 1790 5716 ὄντα.
1819 5662 1923 5716 ὅλω
1948 5663 2093 5716 γένει
2129 5679 2176 5716 n.
2214 5662 2424 5716 γαλεπά
2459 5663 2585 5716 ὄντα
2619 5665 2724 5716 ὅλω
2755 5681 2789 5716 γ
2821 5682 2900 5716 νει
2933 5658 2993 5716 0.
3073 5677 3157 5716 um
3191 5661 3261 5716 Id.
3293 5658 3390 5713 πέ-

212 5645 418 5730 ίξρὶιοηιε
442 5645 584 5730 ιιιὈ.
617 5727 634 5730 γ’
663 5656 707 5688 ⁶²
735 5645 833 5730 τῆς
864 5645 1067 5730 inserui
1097 5675 1144 5714 c.

1317 5649 1611 5746 ⁸³⁷χαλξεπά
1643 5664 1790 5746 ὄντα,
1819 5649 1923 5746 ὅλςὸ
1948 5663 2093 5746 γένει
2128 5649 2424 5734 ρίχᾶλεπά
2459 5649 2585 5718 ὄντοὶ
2619 5649 2740 5736 ὅλῴ’
2755 5649 2900 5732 γένει
2933 5658 2993 5719 0.

3073 5677 3157 5717 um
3191 5658 3261 5716 id.
3293 5658 3390 5713 πέ-

210 5726 326 5780 ?st
353 5737 400 5792 p.
433 5724 588 5796 φύσιν
610 5727 742 5800 ἔχει.
790 5724 863 5761 ’σι
897 5729 1148 5791 Fortasse
1176 5731 1336 5797 ὥστε,
1375 5724 1457 5789 γ’ὖΙ
1490 5734 1611 5787 ὅσον
1630 5766 1699 5775 ——
1730 5724 2023 5808 ἀπονέμέιν
2044 5724 2100 5788 S.
