3860 6210
403 307 504 363 339

1291 304 1345 357 S.
1389 298 1780 359 CLEMENTIS
1817 300 1838 355 I
1874 301 2039 357 ROM.
2080 300 2279 355 PONT.
2322 301 2549 357 OPERA
2587 304 2813 361 DUBIA.
2862 366 2865 369 _

3563 303 3597 357 5
3608 301 3669 356 ω

407 423 590 477 futura
621 421 901 478 beatitudo
932 424 1038 479 illis
1077 425 1254 479 solum
1290 425 1633 492 retribuitur,
1666 426 1758 495 qui
1805 424 1983 495 bapti-

2088 422 2258 492 αὐτῆς
2285 422 2442 492 ἐντῷ
2475 421 2569 475 νῦν
2623 422 2723 493 βίῳ
2773 421 3034 493 ἀπονέμει
3099 420 3258 493 χάριν
3303 419 3358 492 (ή
3401 419 3510 492 γὰρ
3555 423 3667 474 ἐκεῖ

404 517 511 571 zati
538 525 669 572 sunt
701 524 926 587 propter
955 533 1105 588 spem
1137 520 1190 572 in
1222 535 1371 585 eum,
1422 519 1627 589 quique
1659 519 1979 589 pudicitiam

403 616 458 663 et
482 606 753 676 justitiam
801 620 1044 664 servant.
1097 610 1567 677 Quemadmodum
1616 611 1829 667 vidistis
1861 627 1981 680 quae

404 701 564 757 matri
596 712 792 756 vestrae
837 702 1206 773 contigerunt,
1252 705 1414 769 bona,
1457 706 1704 774 inquam,
1753 720 1875 775 quae
1924 705 1977 758 in

406 794 511 847 ﬁne
536 792 796 849 obtinuit.
851 796 1015 851 Forte
1062 796 1209 849 enim
1240 796 1285 850 si
1320 796 1708 862 adulterasset,
1740 812 1771 851 e
1802 796 1980 851 medio

403 883 597 941 fuisset
622 887 855 942 sublata.
889 888 1160 955 Quocirca
1211 889 1464 959 pudicam
1514 891 1805 946 miseratus
1836 890 1979 946 Deus

402 992 592 1031 necem
640 978 690 1032 ei
740 978 1115 1042 imminentem
1175 982 1391 1049 avertit,
1429 992 1482 1038 et
1514 983 1727 1039 ablatos
1775 983 1977 1039 liberos

402 1068 594 1123 reddit.

458 1159 607 1215 ‘XIV.
650 1159 852 1217 Verum
882 1162 1113 1221 fortasse
1135 1165 1281 1222 dicet
1320 1166 1518 1236 aliquis
1553 1186 1565 1220 :
1595 1167 1740 1233 Quot
1766 1168 1838 1223 ob
1870 1185 1978 1239 pu-

397 1252 640 1307 dicitiam
667 1256 876 1324 periere
906 1257 930 1310 ?
959 1256 1093 1313 Dico
1120 1278 1133 1315 :
1168 1258 1309 1327 Quia
1344 1275 1449 1314 non
1478 1271 1788 1318 senserunt.
1820 1262 1979 1318 Certe

398 1347 544 1399 enim
573 1357 786 1417 oportet
808 1358 886 1413 ut,
923 1366 1044 1420 qua:
1072 1354 1237 1406 sentit
1295 1354 1530 1424 aliquem
1576 1357 1658 1410 vel
1706 1357 1977 1411 amasium

401 1439 483 1493 vel
537 1449 863 1507 amatorem,
923 1442 1097 1513 fugiat
1138 1446 1321 1501 statim
1378 1449 1817 1504 commistionem
1851 1467 1976 1506 cum

398 1545 486 1594 eo,
539 1540 797 1603 tanquam
836 1535 977 1605 ignis
1010 1535 1307 1605 ﬂammam,
1340 1540 1423 1593 vel
1459 1556 1651 1595 canem
1702 1543 1975 1600 rabidum.

398 1620 873 1686 Quemadmodum
914 1626 1040 1684 fecit
1067 1643 1189 1699 qua!
1223 1645 1320 1686 vos
1352 1633 1580 1703 peperit,
1612 1648 1799 1697 revera
1828 1616 1980 1704 pudi-

399 1714 539 1771 citire
567 1715 772 1771 bonum
804 1718 1056 1789 diligens.
1096 1720 1327 1791 Propter
1353 1724 1499 1793 quod
1550 1734 1765 1781 servata
1789 1726 1978 1779 vobis-

2088 514 2329 585 σωτηρία
2366 515 2547 585 μόνοις
2578 518 2691 578 τοῖς
2723 513 2811 566 διὰ
2854 515 2955 585 τήν
3005 514 3084 577 είς
3133 513 3295 566 αὐτὸν
3334 513 3522 566 ἐλπίδα
3570 513 3670 583 βαι

2084 604 2357 657 πτισθεῖσι
2418 606 2514 659 καὶ
2575 606 2865 676 σωφρόνως
2902 604 3383 676 δικαιοπραγοῦσιν
3416 606 3666 660 ἀποδίδο-

2080 694 2209 765 ται).
2247 697 2459 767 ’Ὠσπερ
2516 694 2790 764 ἐγνώκατε
2841 696 2934 748 ἐπὶ
2992 697 3092 765 τῆς
3140 695 3410 766 ὑμετέρας
3460 695 3669 765 μητρὸς

2080 788 2370 858 γενόμενα,
2423 788 2568 857 λέγω
2604 788 2667 859 δὴ
2722 788 2791 841 τά
2829 789 2922 842 ἐπὶ
2968 788 3113 840 τέλει
3145 788 3303 841 καλά.
3344 788 3503 850 Ἴσως
3533 787 3590 839 δὲ
3616 788 3668 839 εί

2080 884 2428 953 ἐμοιχήσατο,
2481 882 2718 953 ἀνῄρητο
2747 882 2831 935 ἀν.
2867 882 2957 953 Διρ
2987 883 3409 953 σωφρονήσασαν
3439 882 3669 951 ἐλεήσας

2079 976 2107 1027 6
2140 972 2272 1035 Θεὸς
2306 972 2398 1024 τὸν
2436 974 2557 1024 κατ’
2590 973 2760 1043 αὐτῆς
2806 973 3147 1045 ἀπέστρεψεν
3208 974 3387 1043 φόνον,
3447 974 3545 1026 καὶ
3597 972 3669 1026 τὰ

2081 1063 2445 1135 ἀφαιρεθέντα
2472 1063 2638 1117 τέκνα
2673 1065 2973 1118 ἀπέδωκεν.

2150 1155 2287 1210 XIV.
2346 1157 2483 1209 Ἀλλ’
2517 1159 2632 1228 ἐρεῖ
2662 1174 2744 1221 τις
2771 1157 2899 1221 ἴσως
2925 1174 2939 1187 ο
2969 1158 3132 1212 Πόσοι
3188 1158 3277 1212 διὰ
3310 1157 3667 1229 σωφροσύνην

2079 1248 2355 1301 ἀπώλοντο
2384 1265 2399 1313 ;
2433 1250 2579 1320 Φημὶ
2637 1248 2991 1320 ἀναισθησίας
3041 1250 3223 1321 αἰτίαι
3266 1252 3369 1321 χρὴ
3404 1251 3514 1321 γὰρ
3565 1252 3668 1321 τὴν

2078 1339 2474 1410 αἰσθανομένην
2515 1340 2548 1411 ἢ
2592 1340 2867 1412 ἐρωμένου
2905 1342 2951 1372 ⁸⁵
2992 1341 3202 1411 τινὸςῆ
3248 1342 3294 1372 ⁶⁶
3327 1342 3482 1411 291
3538 1343 3669 1412 ἐρα-

2080 1432 2207 1485 στοῦ
2242 1433 2371 1505 παρ’
2406 1432 2537 1485 αὐτὸ
2587 1436 2777 1503 φυγεῖν
2808 1434 2908 1503 τῆς
2940 1434 3079 1507 πρὸς
3121 1434 3283 1486 αὐτὸν
3341 1433 3663 1505 ἐπιμίξεως,

2076 1525 2152 1589 ώς
2184 1524 2296 1597 πῦρ
2327 1526 2522 1595 φλέγον
2554 1525 2586 1596 ἢ
2622 1525 2920 1580 λυσσοῦντα
2951 1527 2993 1558 ⁸⁷
3030 1526 3195 1580 κύνα’
3245 1527 3411 1601 ὅνπερ
3462 1528 3667 1598 τρόπον

2078 1616 2336 1687 ἐποίησεν
2365 1619 2398 1687 ή
2428 1617 2572 1687 ὑμᾶς
2604 1618 2859 1682 τεκοῦσα,
2889 1618 2950 1671 τὸ
2974 1620 3077 1689 τῆς
3105 1619 3455 1691 σωφροσύνης
3492 1620 3667 1684 ὅντως

2078 1707 2413 1779 ἀγαπήσασα
2470 1708 2651 1762 καλόν.
2684 1710 2775 1761 Διὸ
2804 1710 2870 1773 ⁸⁸,
2908 1710 3242 1781 φυλαχθεῖσα
3276 1694 3371 1764 σῦν
3419 1712 3549 1781 ὑμῖν
3589 1712 3660 1775 ⁶’,

398 1822 522 1861 eum
547 1809 698 1878 regni
733 1812 1044 1880 sempiterni
1093 1814 1303 1883 accepit
1353 1815 1746 1887 cognitionem.
1783 1816 1976 1871 Mulier

2077 1798 2295 1877 αἰωνίῳ
2332 1798 2608 1868 βασιλείας
2640 1781 2799 1852 ἔλαῖε
2829 1800 2927 1871 τὴν
2975 1802 3287 1870 ἐπίγνωσιν.
3344 1803 3407 1855 Ἦ
3444 1819 3665 1874 σωφρο-

397 1914 519 1966 quae
546 1900 741 1970 pudice
775 1901 924 1973 cupit
949 1905 1150 1971 vivere,
1178 1906 1321 1963 scire
1353 1907 1532 1971 debet,
1583 1908 1685 1962 sibi
1713 1896 1744 1962 a
1770 1908 1977 1962 malitia

398 1990 650 2059 invideri,
703 1995 1014 2066 multosque
1061 2014 1121 2068 se
1154 2001 1359 2056 amoris
1394 2016 1557 2057 causa
1609 2002 1811 2058 habere
1838 2003 1976 2058 insi-

397 2082 656 2147 diatores.
698 2084 818 2141 Ilno
870 2098 1052 2145 autem
1103 2092 1381 2161 pudicitiae
1431 2095 1626 2149 aﬂ‘ectu
1670 2104 1819 2151 casta
1849 2113 1974 2167 per-

396 2193 645 2244 manens,
673 2190 889 2251 sumpta
923 2183 990 2239 de
1021 2185 1279 2245 omnibus
1312 2186 1541 2242 victoria
1576 2188 1804 2242 salutem
1840 2204 1975 2243 con-

396 2286 681 2341 sequetur.
707 2272 923 2331 Etenim
948 2278 1075 2332 licet
1100 2279 1225 2349 quis
1270 2288 1497 2336 cunctas
1542 2282 1839 2336 excoluerit
1864 2284 1975 2337 vir-

396 2369 563 2431 tutes,
590 2366 661 2422 ob
686 2367 909 2423 unicum
966 2370 1223 2430 adulterii
1258 2380 1546 2443 peccatum
1583 2373 1733 2428 dabit
1758 2389 1972 2443 pmnas,

395 2456 572 2526 inquit
595 2460 877 2528 propheta.

464 2545 582 2600 XV.
624 2547 818 2611 Mulier
842 2550 1060 2620 pudiea,
1095 2552 1190 2608 Dei
1224 2556 1561 2614 voluntatem
1597 2556 1826 2626 faciens,
1860 2562 1974 2630 pri-

395 2652 498 2691 ma:
546 2653 660 2693 sure
705 2642 999 2699 creationis
1048 2647 1311 2715 pra:elara
1352 2658 1437 2704 est
1471 2653 1967 2720 commemoratio;

393 2730 521 2799 quia
557 2730 700 2787 Deus
745 2738 839 2805 qui
866 2752 1010 2807 unus
1037 2747 1138 2805 est,
1181 2739 1392 2795 homini
1438 2744 1531 2797 uni
1569 2760 1733 2800 unam
1764 2748 1972 2801 creavit

394 2823 702 2879 mulierem.
736 2827 932 2883 Adhuc
984 2844 1110 2883 vere
1167 2833 1403 2901 amplius
1456 2847 1641 2890 manet
1674 2838 1893 2907 pudica,
1924 2840 1969 2895 si

393 2915 684 2971 creationis
730 2933 838 2972 non
891 2920 1272 2993 obliviscatur,
1345 2926 1591 2983 futurum
1642 2932 1969 3000 supplicium

394 3006 704 3073 prrevideat,
740 3024 839 3063 nec
874 3010 1085 3080 ignoret
1114 3022 1445 3083 aeternorum
1496 3018 1764 3074 bonorum
1801 3024 1972 3078 amis--

393 3096 628 3153 sionem.
676 3098 881 3161 Pudica
939 3104 1155 3171 mulier,
1204 3106 1272 3161 iis
1330 3108 1595 3165 delectata
1649 3112 1743 3182 qui
1780 3115 1969 3169 volunt

392 3189 529 3242 salvi
555 3190 695 3252 fieri,
724 3202 809 3248 est
842 3194 991 3263 pium
1042 3200 1355 3269 exemplum
1408 3202 1715 3259 cultoribus
1756 3204 1966 3261 Divinio

393 3282 518 3337 tatis
550 3301 565 3337 ι
603 3292 790 3353 utpote
815 3286 974 3342 bona)
1006 3288 1131 3361 vita;
1158 3291 1265 3350 lex.
1290 3291 1422 3360 Quae
1449 3296 1599 3363 cupit
1622 3296 1818 3365 pudice
1843 3312 1970 3367 age-

393 3390 471 3440 re,
524 3379 846 3437 occasiones
914 3382 1193 3447 maledicti
1260 3394 1545 3463 amputat:
1582 3388 1627 3443 si
1681 3404 1812 3445 vero
1858 3406 1966 3445 non

392 3467 523 3523 data
568 3473 860 3527 occasione
922 3482 1186 3545 tanquam
1220 3478 1289 3532 ab
1326 3479 1549 3544 inimico
1594 3482 1735 3536 male
1791 3486 1964 3549 audit,

391 3574 423 3613 a
449 3559 558 3615 Deo
584 3562 925 3618 benedicitur
954 3582 1019 3623 ac
1045 3568 1375 3630 vindicatur.
1420 3570 1628 3641 Pudica
1680 3572 1847 3629 Deum
1872 3576 1968 3631 de-

391 3650 616 3718 siderat,
644 3652 814 3707 Deum
865 3656 1060 3726 diligit,
1110 3657 1281 3713 Deum
1309 3661 1566 3729 oblectat,
1600 3661 1711 3718 Deo
1736 3664 1965 3733 gloriam

392 3742 611 3807 defert;
657 3743 974 3803 hominibus
1044 3751 1391 3806 occasionem
1462 3753 1796 3825 obloquendi
1854 3771 1964 3811 non

391 3833 613 3901 praebet.
655 3834 850 3891 Mulier
898 3838 1098 3907 pudica
1161 3843 1447 3899 excellenti
1500 3846 1763 3915 dignitate
1796 3850 1967 3918 replet

393 3923 686 3980 l'lcclesiam
722 3938 885 4000 atque
920 3931 1065 3986 bono
1115 3934 1328 3990 odore:
1381 3946 1435 3992 et
1480 3948 1738 4009 praeterea
1793 3943 1966 4013 magi-

388 4026 629 4074 strorum
674 4022 794 4077 laus
838 4033 941 4088 est,
995 4026 1347 4099 adjutrixque
1402 4032 1721 4100 pudicitiam
1777 4036 1963 4103 coleu-

388 4114 554 4171 tibus.

454 4206 597 4263 XVI.
641 4209 844 4265 Pudica
892 4212 1088 4265 mulier
1142 4222 1400 4284 tanquam
1449 4231 1654 4287 sponso
1703 4218 1843 4275 Filio
1867 4219 1962 4281 Dei

2077 1889 2187 1939 νεῖν
2221 1886 2517 1959 βουλομένη
2550 1888 2687 1959 γυνὴ
2720 1890 2917 1951 εἰδέναι
2946 1890 3168 1960 ὀφείλει,
3197 1892 3279 1944 ὅτι
3322 1892 3664 1963 φθονουμένη

2078 1979 2184 2031 ὑπὸ
2215 1979 2413 2042 κακίας
2443 1980 2712 2050 προφάσει
2740 1980 2939 2052 ἔρωτος
2977 1981 3203 2045 πολλοὺς
3237 1983 3349 2053 ἔχει
3378 1984 3507 2046 τοὺς
3535 1985 3664 2037 ἐπι-

2077 2069 2318 2134 ϐούλους.
2365 2072 2481 2141 Μιᾷ
2536 2071 2595 2123 δὲ
2627 2074 2691 2142 τῇ
2749 2072 2884 2143 πρὸς
2940 2072 3002 2124 τὸ
3058 2077 3355 2145 σωφρονεῖν
3411 2075 3665 2135 ἐνστάσει

2079 2162 2248 2233 σεμνὴ
2313 2162 2565 2232 μείνασα,
2610 2162 2706 2233 τὴν
2742 2162 2883 2216 κατά
2907 2164 2955 2207 ".
2984 2164 3199 2217 πάντων
3232 2165 3389 2235 νίκην
3418 2165 3666 2220 λαϐοῦσα

2077 2254 2313 2325 σωθῆναι
2344 2253 2473 2324 ἕχει.
2512 2256 2621 2308 Καὶ
2652 2254 2760 2327 γὰρ
2797 2256 2846 2307 εί
2892 2256 3068 2309 πάντα
3108 2257 3247 2309 καλά
3302 2257 3666 2329 διαπράξαιτό

2072 2364 2175 2411 τις,
2215 2349 2313 2418 μιᾷ
2342 2350 2407 2419 τῇ
2443 2349 2579 2419 πρὸς
2611 2349 2671 2401 τὸ
2707 2350 3065 2420 μοιχήσασθαι
3116 2351 3359 2422 ἁμαρτίᾳ
3392 2350 3663 2423 κολασθῆ-

2073 2455 2159 2490 ναι
2191 2438 2271 2490 δεῖ
2293 2439 2359 2503 τί,
2388 2440 2416 2491 ὁ
2445 2440 2728 2510 προφήτης
2761 2438 2885 2509 ἔφη.

2142 2551 2258 2607 XV.
2314 2553 2377 2605 ἸΙ
2404 2552 2633 2625 σώφρων
2654 2554 2811 2623 γυνή,
2841 2552 2902 2606 τὸ
2934 2552 3028 2606 τοῦ
3061 2553 3195 2606 Θεοῦ
3228 2552 3437 2623 θέλημα
3470 2550 3662 2606 ποιοῦ-

2075 2661 2161 2709 σα,
2189 2644 2292 2715 τῆς
2321 2644 2485 2707 αὑτοῦ
2511 2644 2733 2717 πρώτης
2764 2645 2997 2707 κτίσεως
3026 2636 3203 2716 ἀγαθὴ
3234 2646 3539 2717 ὑπόμνησις
3574 2645 3660 2714 γί-

2072 2753 2220 2789 νεται
2240 2736 2259 2765 "
2289 2737 2370 2789 ὅτι
2403 2730 2483 2800 εἷς
2509 2730 2584 2789 ὢν
2617 2738 2644 2789 6
2672 2735 2803 2800 Θεὸς
2826 2735 2907 2788 ἐνὶ
2938 2736 2984 2767 τ’
3016 2735 3286 2807 ἀνθρώπῳ
3318 2736 3442 2807 μίαν
3471 2736 3659 2792 ἔκτισε

2070 2818 2323 2897 γυναῖκα.
2356 2831 2475 2883 Ἔτι
2509 2830 2565 2882 δέ
2604 2829 2801 2901 μᾶλλον
2837 2827 3069 2900 σώφρων
3096 2829 3268 2899 μένει,
3306 2828 3398 2881 ἐάν
3426 2828 3657 2899 τῆςκτί-

2072 2939 2209 2985 σεως
2242 2923 2288 2953 τ’
2326 2923 2399 3003 μὴ
2449 2916 2890 2992 ἐπιλανθάνηται,
2942 2921 3041 2974 καὶ
3091 2921 3190 2992 τὴν
3244 2920 3461 2974 κόλασιν
3522 2938 3657 2992 προ-

2071 3014 2264 3087 ϐλέπῃ,
2324 3008 2569 3066 καὶτῶν
2626 3011 2859 3065 αἰωνίων
2918 3013 3139 3081 ἀγαθῶν
3184 3012 3284 3083 τὴν
3328 3012 3527 3083 ζημίαν
3580 3012 3655 3082 μὴ

2070 3106 2257 3176 ἀγνοῇ.
2300 3106 2363 3158 Ἡ
2390 3104 2620 3176 σώφρων
2652 3104 2810 3175 γυνὴ,
2847 3104 2938 3156 ἐπὶ
2965 3106 3075 3167 τοῖς
3111 3102 3372 3166 σώζεσθαι
3408 3102 3658 3156 θέλουσιν

2070 3194 2327 3267 ἡδομένη,
2377 3195 2728 3266 παράδειγμα
2776 3193 2999 3258 εὐσεϐὲς
3030 3197 3142 3257 τοῖς
3175 3192 3484 3247 θεοσεϐοῦσι
3519 3210 3655 3262 τυγ-

2070 3287 2253 3358 χάνει·
2286 3285 2490 3355 ἀγαθοῦ
2526 3286 2633 3358 γὰρ
2682 3286 2796 3356 βίου
2829 3286 2992 3356 νόμος
3048 3285 3212 3338 ἐστίν.
3252 3286 3315 3337 Ἦ
3348 3286 3659 3356 σωφρονεῖν

2070 3379 2296 3432 θέλουσα
2328 3378 2426 3442 τὰς
2460 3378 2763 3450 προφάσεις
2794 3378 2892 3449 τῆς
2924 3377 3189 3449 λοιδορίας
3243 3377 3519 3441 ἐκκόπτει,
3558 3375 3656 3429 ἐὰν

2066 3470 2125 3524 δὲ
2168 3471 2242 3542 μὴ
2304 3470 2623 3542 παρέχουσα
2674 3470 2944 3541 πρόφασιν
2988 3468 3305 3539 λοιδορεῖται
3335 3468 3381 3499 ⁷⁸
3425 3468 3502 3531 ὡς
3548 3467 3658 3522 ὑπὸ

2067 3563 2285 3635 ἐχθροῦ,
2321 3564 2425 3617 ὑπὸ
2466 3563 2600 3617 Θεοῦ
2635 3564 2934 3634 εὐλογεῖται
2969 3563 3061 3617 καὶ
3088 3564 3397 3617 ἐκδικεῖται.
3446 3565 3512 3616 Ἡ
3546 3563 3656 3616 σώ-

2067 3675 2219 3729 φρων
2245 3658 2334 3711 τὸν
2370 3657 2499 3709 Θεὸν
2535 3657 2709 3720 ποθεῖ,
2756 3657 2847 3709 τὸν
2884 3656 3016 3708 Θεὸν
3052 3656 3212 3725 φιλεῖ,
3246 3658 3337 3709 τὸν
3369 3656 3501 3710 Θεὸν
3527 3658 3658 3729 τέρε-

2067 3767 2177 3814 πει,
2229 3749 2320 3802 τὸν
2359 3749 2490 3802 Θεὸν
2547 3748 2791 3815 δοξάζει·
2828 3747 3133 3820 ἀνθρώποις
3185 3749 3455 3821 πρόφασιν
3512 3750 3656 3822 πρὸς

2066 3840 2335 3915 λοιδορίαν
2363 3841 2425 3893 οὐ
2460 3841 2711 3912 παρέχει.
2756 3840 2819 3893 'II
2845 3839 3075 3919 σώφρων
3100 3842 3236 3918 γυνὴ
3268 3826 3367 3913 τήν
3420 3843 3655 3914 Ἐκκλη-

2068 3935 2187 4008 σίαν
2227 3933 2406 4004 ἀγαθῇ
2461 3936 2593 4003 τιμῇ
2653 3933 2867 4004 μυρίζει
2901 3934 2995 4013 καὶ
3023 3934 3115 3985 ἐπὶ
3164 3934 3452 4003 σεμνότητι

2065 4019 2303 4091 δοξάζει*
2342 4025 2420 4077 ἐτι
2454 4024 2510 4076 δὲ
2553 4026 2644 4077 καὶ
2685 4025 3021 4078 διδασκάλων
3072 4025 3290 4092 ᾓταινός
3335 4027 3501 4089 ἐστιν,
3557 4026 3655 4078 καὶ⁵

2067 4118 2325 4190 συνεργὸς
2358 4118 2543 4181 αὐτοῖς
2579 4117 2913 4187 σωφρονοῦσι
2945 4118 3218 4187 τυγχάνει.

2134 4211 2274 4265 XVI.
2329 4212 2393 4265 Ἦ
2424 4210 2651 4283 σώφρων
2684 4208 2821 4281 γυνὴ
2872 4209 2949 4273 ὡς
2992 4209 3210 4280 νυμφίῳ
3260 4208 3339 4284 τῷ
3552 4209 3651 4263 τοῦ

386 4306 635 4366 ornatur,
674 4300 871 4353 vestita
899 4317 1062 4355 sacro
1089 4303 1314 4358 lumine.
1368 4304 1473 4375 Ipsi
1499 4317 1678 4363 autem
1711 4309 1878 4365 decus
1906 4311 1960 4365 in

2076 4305 2195 4373 Θεοῦ
2228 4304 2274 4335 ⁷⁵
2306 4305 2611 4373 κοσμεῖται,
2646 4300 2965 4372 ὲνδεδυμένη
2998 4300 3059 4353 τὸ
3090 4300 3281 4371 σεμνὸν
3315 4300 3450 4371 φῶς.
3490 4302 3652 4375 Ἔστι

384 4387 569 4443 anima
601 4399 704 4454 est,
731 4389 958 4445 honesta
995 4392 1126 4445 vita.
1176 4391 1523 4461 Unguentum
1554 4413 1683 4451 vero
1709 4398 1837 4464 olet,
1865 4401 1957 4455 bo-

2063 4396 2120 4449 δέ
2152 4396 2287 4465 αὐτῇ
2320 4394 2513 4456 κάλλος
2547 4395 2581 4464 ή
2613 4392 2658 4423 ⁷⁸
2690 4394 2746 4444 ἐν
2765 4383 2837 4469 ’τῇ
2895 4392 3040 4464 ψυχῇ
3090 4392 3331 4463 εὐνομία.
3367 4392 3559 4473 Μῦρου
3590 4393 3652 4459 δὲ

383 4495 507 4533 nam
539 4479 762 4534 famam.
791 4480 1058 4537 Praeclare
1084 4484 1280 4537 amicta
1311 4494 1410 4552 est,
1438 4487 1701 4554 pudorem
1736 4489 1952 4558 induta;
1988 4506 1989 4509 ‘

2076 4489 2212 4543 πνέει
2234 4488 2333 4558 τῆς
2359 4487 2567 4557 ἀγαθῆς
2609 4486 2815 4556 φήμης.
2846 4485 2999 4560 Καλά
3046 4486 3222 4558 φόρεα
3252 4485 3549 4555 ἠμφίεσται
3577 4474 3649 4551 π,

380 4578 545 4641 atque
578 4574 834 4642 pretiosis
882 4577 1194 4645 margaritis
1245 4578 1516 4644 redimita,
1560 4580 1818 4636 castilicis
1844 4598 1964 4637 ser-

380 4664 656 4719 monibus.
710 4665 955 4722 Candida
1005 4678 1185 4723 autem
1220 4680 1329 4736 est,
1365 4681 1423 4726 ut
1453 4674 1636 4727 animo
1664 4673 1955 4729 illustrata.

377 4753 435 4808 In
464 4759 732 4825 optimum
759 4760 1003 4815 intuetur
1027 4763 1331 4831 speculum.
1371 4780 1491 4833 quae
1524 4765 1577 4819 in
1616 4765 1785 4820 Deum
1813 4767 1958 4836 aspi-

378 4850 505 4901 ciat.
534 4847 771 4904 Pulchro
797 4862 993 4907 ornatu
1036 4856 1226 4922 utitur,
1256 4857 1450 4910 timore
1483 4873 1609 4927 erga
1638 4858 1807 4913 Deum
1840 4860 1956 4914 ani-

378 4953 521 4991 mam
572 4939 881 4996 instituens.
935 4942 1165 5014 Egregia
1216 4946 1437 5009 mulier,
1493 4962 1603 5001 non
1653 4965 1775 5017 quae
1822 4965 1955 5002 auro

2058 4584 2159 4654 τὴν
2192 4583 2352 4635 αἰδιῖν
2386 4582 2479 4634 καὶ
2512 4580 2726 4651 τιμίους
2757 4579 3101 4651 μαργαρίτας
3159 4580 3487 4651 περίκειται,
3517 4580 3649 4643 τοὺς

2061 4676 2495 4749 σωφρονίζοντας
2541 4675 2749 4744 λόγους.
2802 4673 2985 4743 Λευκὴ
3018 4673 3076 4744 δὲ
3122 4672 3401 4743 τυγχάνει,
3436 4673 3564 4724 ὅταν
3595 4672 3647 4705 ’⁸

2055 4769 2154 4833 τὰς
2199 4769 2401 4840 φρένας
2504 4765 2950 4837 λελαμπρυμὲνη.
3014 4763 3182 4834 Καλῷ
3236 4764 3487 4835 ἐσόπτρῳ
3518 4766 3646 4835 ὁρᾷ,

2054 4862 2134 4924 εἰς
2164 4860 2255 4912 τὸν
2291 4858 2424 4911 Θεὸν
2475 4857 2820 4927 ἐμϐλέπουσα
2848 4857 2914 4919 ⁷⁸η.
2968 4856 3132 4927 Καλῷ
3178 4856 3368 4926 κόσμῳ
3419 4856 3645 4928 χρῆται,

2060 4948 2137 5020 τῷ
2180 4949 2315 5021 πρὸς
2344 4948 2474 5001 Θεὸν
2495 4948 2542 4979 ⁸ο
2574 4946 2723 5017 φόϐῳ
2742 4947 2840 5017 τὴν
2871 4945 3057 5017 ψυχὴν
3106 4946 3447 5000 νουθετοῦσα.
3481 4949 3646 5024 Καλὴ

377 5032 585 5085 irretita
635 5041 739 5096 est,
791 5035 884 5090 sed
935 5052 1057 5105 quae
1088 5054 1119 5091 a
1167 5041 1512 5110 temporariis
1557 5042 1949 5111 cupiditatibus

2076 5046 2090 5113 Ἰ
2121 5041 2278 5114 γυνὴ,
2308 5042 2404 5112 οὐχ
2433 5040 2673 5111 ἡχρυσῷ
2712 5039 3084 5109 πεπεδημένη,
3116 5040 3231 5092 ἀλλ’
3261 5042 3294 5111 ἡ
3325 5041 3433 5093 τῶν
3467 5058 3645 5114 προσ-

376 5123 577 5179 soluta.
611 5123 814 5180 Pudica
849 5130 1046 5199 mulier
1074 5146 1103 5183 a
1137 5148 1336 5202 magno
1386 5133 1533 5204 Rege
1584 5130 1948 5203 desideratur,

2054 5134 2261 5205 καίρων
2310 5130 2614 5203 ἐπιθυμιῶν
2676 5129 2962 5201 λελυμένη.
3009 5130 3073 5182 Ἠ
3113 5130 3343 5202 σώφρων
3369 5133 3507 5204 γυνὴ
3543 5152 3646 5205 με-

373 5215 759 5285 desponsatur,
788 5220 1116 5289 custoditur,
1143 5224 1411 5295 diligitur.
1441 5226 1646 5281 Pudica
1684 5243 1790 5281 non
1820 5245 1951 5298 prae-

2076 5229 2204 5299 ’ἀλῳ
2227 5225 2446 5280 Βασιλεῖ
2499 5222 2862 5295 περιπόθητός
2888 5224 3061 5317 ἐστιν,⁸
3095 5224 3257 5306 αὐτῷ
3291 5226 3641 5311 μεμνηστευ-

1676 5334 1912 5390 VARI/If.
1952 5338 2353 5394 LECTIONES.

445 5418 809 5506 5:.vagpév?u
939 5422 1277 5506 ἢὲρωεξένρυ
1299 5423 1382 5506 .0...
1458 5426 1704 5506 “f-ﬁaltlﬂ.
1748 5428 1809 5506 ρ.
1869 5430 2005 5486 Tum
2040 5435 2139 5506 τὴν
2346 5429 2817 5506 αὐτὸνγέπιμιξίαν
2983 5431 3026 5506 ‘7
3063 5432 3342 5506 λυσσῷντα
3366 5432 3432 5498 Ο,
3468 5435 3631 5492 bene.

375 5490 417 5517 δ’
451 5490 575 5547 δίὸ
605 5491 669 5545 C.
747 5493 790 5523 °”

374 5644 424 5680 κ.
462 5648 510 5683 τ.
557 5632 604 5683 λ.
664 5632 962 5691 secundum
1034 5636 1089 5691 S.

1199 5638 1241 5669 ⁷⁷
1266 5643 1439 5709 φορεὶ”’
1494 5638 1804 5709 ἠμφίεσται
1854 5643 1914 5696 (2.

375 5701 604 5768 conject.
633 5704 713 5757 Ci.

830 5478 971 5579 ᾗμῖγ·
994 5478 1057 5551 c'.
1083 5478 1177 5579 n'w
1208 5496 1311 5579 ιῖεά
1343 5495 1405 5550 u.
1558 5478 1725 5579 sio",
1748 5478 2037 5579 ξέῖνςοξιῇ,
2051 5478 2125 5557 'e.‘

372 5559 508 5632 θάνῃ
677 5562 721 5593 7‘
743 5559 1065 5651 λοιδρρῆταιἹ
1080 5564 1145 5619 Ο.
1199 5568 1267 5651 λδ
1307 5568 1528 5651 νυμφίῳ.
1555 5559 1655 5651 υἱῷ
1678 5559 1812 5621 Θεοῦ

2223 5502 2267 5535 ⁷³
2294 5503 2368 5557 Ita
2412 5502 2656 5574 D._év_C,
2693 5504 2774 5574 U._
2854 5504 2902 5538 ⁷³
2931 5504 3174 5574 κτήσεως
3192 5503 3258 5558 Ο.
3282 5503 3487 5560 Deinde
3509 5506 3641 5558 λαν-

2052 5578 2083 5643 ή
2118 5574 2341 5646 ascripsi
2372 5590 2437 5626 ex
2460 5572 2524 5646 0.
2562 5572 2709 5646 Fort.
2762 5571 3046 5646 legendum
3088 5575 3273 5646 αὐτῆς
3292 5574 3487 5646 κάλλος
3514 5577 3547 5646 ή
3575 5579 3640 5631 ἐν

2020 5646 2162 5697 ⁷⁸6τ⁹
2209 5642 2275 5697 ἄν
2334 5645 2393 5699 C.
2471 5645 2515 5676 ⁷⁸
2548 5642 2924 5715 ἐμϐλέπτουσα
2948 5642 3013 5697 Ο.
3091 5644 3137 5676 ⁸ο
3171 5642 3306 5698 Θεόν
3352 5642 3637 5707 Saddicx
