3860 6210
149 311 242 368 341

1239 318 1694 378 CLEMENTINA.
1713 351 1778 362 ——
1819 318 2098 379 IIOMILIA
2126 317 2259 372 XIII.

3275 324 3378 379 M2

146 442 250 489 ται,
279 423 428 496 αὐτῷ
459 427 777 498 τετήρηται,
807 429 898 483 ὑπ’
933 430 975 462 ⁸¹
995 432 1160 486 αὐτοῦ
1190 435 1488 508 ἠγάπηται.
1537 440 1600 491 'H
1623 436 1713 490 σώ-

1821 439 1908 492 bet
1940 438 2259 498 occasiones
2289 443 2344 488 ut
2377 442 2683 504 appetatur,
2715 436 2816 492 nisi
2867 439 2978 491 viro
3001 454 3122 498 suo.
3152 438 3352 498 Ριιιιίω

148 534 291 587 φρων
336 519 418 580 είς
455 516 518 570 τὸ
566 519 815 575 θέλεσθαι
855 525 1155 593 προφάσεις
1194 528 1256 579 σὺ
1292 529 1541 600 παρέχει,
1575 530 1607 600 ἢ
1637 530 1715 599 τῷ

148 608 308 679 αὐτῆς
353 610 528 681 ἀνδρί.
576 611 639 664 Ἡ
675 612 906 684 σώφρων
958 616 1064 669 ὑπὸ
1097 616 1283 688 ἑτέρου
1329 610 1700 690 θελομένιίλυ·

149 703 340 754 πείται.
382 701 448 753 Ἡ
478 701 708 775 σώφρων
740 704 831 760 τὸν
863 705 1032 777 ἄνδρα
1061 707 1376 772 ὲνδιαθέτως
1415 709 1576 778 φιλεῖ,
1622 712 1716 763 καὶ

147 797 442 864 καταφιλεῐ,
479 798 575 852 καὶ
620 798 926 864 κολακεύει,
980 801 1226 872 ἀρέσκει,
1267 803 1526 869 δουλεύει,
1580 807 1716 878 πρὸς

149 889 316 942 πάντα
369 889 527 960 αὐτῷ
584 890 862 957 πείθεται,
923 894 1194 964 παρεκτὸς
1223 895 1273 927 ⁸⁸
1316 895 1412 948 τοῦ
1472 897 1715 950 ἀπειθεῖν

147 978 274 1048 Θεῷ.
317 980 382 1032 Ἢ
411 979 524 1051 γὰρ
557 981 851 1052 πειθομένη
881 982 1000 1053 Θεῷ
1030 983 1159 1068 ἄνευ
1193 985 1446 1054 φυλάκων
1491 987 1584 1039 καὶ
1615 988 1714 1058 τὴν

146 1068 311 1140 ψυχὴν
344 1075 614 1141 σωφρονεῖ
648 1074 742 1125 καὶ
768 1073 830 1126 τὸ
863 1072 1022 1144 σῶμα
1049 1075 1362 1146 καθαρεύει.

209 1158 369 1214 XVII.
425 1161 676 1232 Ἀνόητος
710 1159 803 1218 οὖν
844 1167 953 1228 πᾶς
1007 1165 1146 1236 ἀνὴρ
1166 1169 1202 1220 ὁ.
1225 1167 1321 1238 τὴν
1372 1168 1566 1222 ἑαυτοῦ
1617 1187 1714 1238 γυ-

148 1253 298 1303 ναῖκα
323 1250 578 1322 χωρίζων
631 1253 796 1322 φόϐου
845 1255 999 1309 Θεοῦ.
1031 1257 1150 1309 Ὅτι
1183 1259 1216 1327 ἡ
1247 1257 1378 1310 Θεὸν
1414 1259 1488 1329 μὴ
1520 1260 1714 1328 φοϐου-

152 1345 272 1415 μένη
298 1345 420 1397 οὐδὲ
449 1345 544 1399 τὸν
577 1345 745 1417 ἄνδρα
766 1347 1025 1416 φοϐεῖται.
1075 1349 1198 1403 Ἐὰν
1226 1350 1357 1404 Θεὸν
1388 1352 1476 1405 τὸν
1507 1353 1717 1423 ἀόρατα.

151 1433 400 1504 βλέποντα
429 1437 506 1508 μὴ
537 1437 790 1507 φοὸἦται,
821 1439 957 1510 πρὸς
982 1441 1074 1494 τὸν
1109 1441 1183 1513 μὴ
1223 1442 1434 1513 ὁρῶντα
1462 1444 1580 1508 πῶς
1609 1462 1714 1518 σώ-

150 1529 390 1598 φρονήσει
420 1528 468 1560 ⁸³
502 1545 517 1594 ς
548 1529 709 1600 293
748 1531 868 1594 πῶς
894 1532 952 1584 δὲ
1001 1535 1394 1606 σωφρονήσειή
1425 1537 1498 1607 μὴ
1525 1555 1714 1610 συνερ,

152 1621 336 1691 χομένη
378 1620 517 1692 πρὸς
557 1611 685 1686 τούς
733 1623 1162 1694 σωφρονίζοντας
1214 1621 1432 1680 ἀκούειν
1477 1627 1708 1697 λόγους;

151 1713 256 1774 πῶς
304 1713 361 1765 δὲ
407 1715 503 1766 καὶ
545 1713 826 1777 νουθεσίας
876 1715 1026 1785 τύχοι
1063 1733 1078 1780 ;
1111 1717 1228 1780 πῶς
1272 1717 1330 1770 δὲ
1374 1723 1708 1792 σωφρονήσει

151 1800 264 1866 ausu
287 1801 568 1869 φυλάκων,
613 1802 705 1855 ὲάν
727 1803 826 1874 τὴν
860 1779 1123 1874 ἐσομένην
1163 1805 1346 1876 κρίσιν
1373 1779 1476 1860 τοῦ.
1495 1779 1542 1840 δι
1573 1779 1707 1863 ΘΙεοῦ
1743 1779 1787 1837 Β

152 1893 218 1962 μὴ
241 1893 482 1963 διδαχθῇ,
536 1893 671 1965 μηδὲ
713 1895 812 1964 τὴν
857 1895 950 1947 ἐπὶ
985 1897 1156 1966 μικρᾷ
1181 1897 1339 1968 ἠδονῇ
1372 1897 1585 1952 αίώνιον
1612 1899 1710 1970 ζη-

153 1983 265 2053 μίαν
309 1973 698 2056 πληροφορηθῇ
729 2001 744 2048 ;
784 1985 862 2067 διὸ
902 1986 1208 2040 τούναντίον
1252 1988 1489 2042 ἄκουσαν
1539 1991 1708 2062 αὐτὴν

151 2074 270 2142 πρὸς
305 2074 397 2127 τὸν
435 2073 834 2146 σωφρονίζοντα
883 2076 969 2129 ἀεὶ
1014 2077 1352 2150 εἰσέρχεσθαι
1397 2081 1510 2121 ⁸⁵-³⁶
1555 2081 1710 2151 λόγον

149 2163 459 2232 ἀνάγκασον,
496 2164 839 2218 κολάκευσον.

212 2430 386 2486 XVIII.
419 2433 563 2487 Πολὺ
602 2434 660 2488 δὲ
698 2439 968 2506 κρεῖττον,
1004 2439 1051 2491 εί
1082 2440 1500 2510 χειραγωγήσας
1521 2439 1706 2511 ἣξεις⁹

152 2523 228 2575 ἴνα
263 2524 354 2577 καὶ
387 2527 550 2589 αὐτὸς
593 2525 823 2598 σώφρων
866 2529 1026 2601 γένῃο
1061 2529 1307 2601 θελήσεις
1337 2531 1447 2604 γὰρ
1480 2532 1709 2603 σώφρων

153 2617 408 2683 γενέσθαι,
451 2619 538 2671 ἵνα
570 2618 755 2692 γνώσῃ
783 2621 827 2652 ⁸⁷
867 2620 1064 2690 σεμνοῦ
1091 2621 1270 2692 γάμου
1313 2623 1374 2676 τὸ
1411 2624 1582 2690 τέλος,
1618 2627 1711 2677 καὶ

151 2708 241 2761 ούκ
265 2710 532 2782 ὀκνήσεις,
564 2713 614 2763 εἰ
643 2713 878 2782 ἀγαπᾷς,
908 2712 1048 2782 λέγω
1073 2714 1137 2786 δὴ
1158 2715 1204 2747 ⁸⁸
1228 2716 1409 2786 πατὴρ
1439 2715 1707 2783 γενέσθαι,

157 2798 249 2850 ῐὸια
282 2800 444 2853 τέκνα
491 2799 666 2869 φιλεῖν
711 2802 805 2854 καὶ
845 2802 948 2855 ὑπὸ
995 2803 1139 2856 ἰδίων
1180 2803 1445 2873 φιλεῖσθαι
1483 2805 1706 2860 τέκνων.

164 2889 215 2943 Ὀ
235 2892 277 2922 ³⁹
309 2891 561 2964 σώφρονα
597 2896 830 2962 γυναῖκα
867 2892 1009 2964 ἔχειν
1060 2893 1232 2948 θέλων
1273 2897 1367 2948 καὶ
1405 2896 1566 2960 αὐτὸς
1607 2914 1710 2950 σω-

158 2985 356 3052 φρονεῖ,
399 2985 500 3055 τὴν
554 2985 904 3056 ὀφειλομένην
954 2986 1114 3056 εὐνὴν
1157 2986 1495 3055 ἀποδίδωσιν,
1538 2988 1709 3063 ταύτῃ

1818 531 1886 584 ab
1942 529 2050 582 alio
2099 530 2302 596 cupita,
2341 527 2506 581 dolet.
2558 526 2760 582 Dudica
2807 531 3002 587 marito
3053 531 3226 593 defert
3260 537 3378 588 si..-

1818 636 2003 679 eorum
2030 635 2095 673 ac
2132 635 2350 673 suavem
2395 635 2658 686 amorem,
2712 619 3006 687 blanditur,
3044 623 3235 691 placet,
3265 641 3380 678 scr-

1816 713 1893 765 vit
1918 729 1933 779 ;
1960 712 2013 764 in
2042 711 2296 765 omnibus
2323 711 2372 765 ei
2399 711 2739 781 obsequitur,
2769 713 2872 767 nisi
2901 715 3119 782 quando
3162 715 3378 770 inobse-

1815 815 1990 867 qucns
2018 798 2158 852 foret
2184 797 2309 854 Deo.
2364 797 2500 853 Nam
2527 816 2649 870 qua:
2674 799 2785 856 Deo
2815 803 2987 857 credit
3010 819 3077 859 ac
3101 782 3390 876 obtentch

1817 901 1920 956 rat,
1965 893 2170 962 absque
2216 891 2537 948 custodibus
2567 902 2622 948 et
2656 894 2842 951 animo
2882 903 3033 951 casta
3065 907 3120 952 et
3151 913 3378 967 corpore

1815 998 1950 1052 pura
1971 992 2073 1038 est.

1883 1158 2045 1215 XVII.
2087 1160 2288 1217 Amens
2313 1176 2444 1234 ergo
2475 1168 2558 1217 est
2598 1163 2777 1219 omnis
2825 1165 3071 1233 maritus,
3118 1167 3210 1235 qui
3237 1182 3374 1225 uxo-

1815 1268 1928 1306 rem
1964 1269 2117 1307 suam
2167 1269 2197 1306 a
2246 1254 2442 1308 timore
2492 1253 2586 1308 Dei
2637 1265 2872 1325 separet.
2927 1257 3218 1324 Quoniam,
3254 1275 3375 1327 qua:

1813 1359 1921 1398 non
1955 1345 2110 1398 timet
2157 1343 2350 1412 Deum,
2401 1362 2502 1402 nec
2547 1348 2804 1402 maritum
2859 1350 3066 1403 metuit.
3108 1348 3164 1404 Si
3203 1349 3371 1404 Deum

1814 1436 2225 1506 inaspectabilia
2253 1448 2564 1493 cernentem
2592 1455 2938 1511 nequaquam
2967 1450 3236 1507 vereatur,
3263 1459 3375 1512 quo

1815 1530 1976 1582 modo
2027 1530 2177 1583 illum
2212 1530 2307 1600 qui
2355 1547 2417 1585 ea
2458 1547 2564 1585 non
2599 1533 2743 1587 videt
2777 1533 3049 1588 verebitur
3072 1535 3096 1587 ?
3119 1535 3201 1589 An
3253 1552 3375 1606 gra-

1815 1617 1953 1672 tuito
1987 1619 2286 1674 castitatem
2325 1621 2466 1675 colet
2489 1621 2512 1674 ?
2536 1620 2652 1686 Qua
2682 1636 2814 1676 vero
2842 1622 3052 1678 ratione
3071 1608 3221 1679 casta
3248 1624 3372 1688 erit,

1813 1725 1934 1777 qua:
1982 1725 2088 1763 non
2139 1712 2388 1766 convenit
2417 1713 2483 1767 ad
2511 1713 2810 1769 audiendos
2847 1714 3117 1771 castiﬁcos
3161 1731 3373 1771 sermo-

1815 1800 1962 1855 nes?
1996 1799 2060 1854 Et
2093 1817 2203 1873 quo
2245 1812 2404 1872 pacto
2459 1803 2800 1859 instruetur?
2828 1805 2949 1871 Quo
3000 1807 3162 1861 modo
3209 1808 3372 1861 etiam

1813 1903 2178 1962 temperanter
2222 1911 2280 1950 se
2325 1905 2469 1967 geret
2515 1897 2724 1966 absque
2776 1899 3121 1964 custodibus,
3151 1899 3196 1954 si
3228 1897 3377 1953 futuo

1813 2001 1931 2038 rum
1967 1984 2059 2040 Dei
2081 1986 2346 2056 judicium
2383 2003 2491 2042 non
2525 1989 2836 2056 edoceatur,
2885 2006 3062 2060 neque
3091 1991 3191 2045 sibi
3220 1993 3375 2061 plene

1811 2076 2140 2145 persuadeat
2190 2088 2458 2143 aeternum
2482 2079 2553 2134 ob
2583 2081 2832 2151 exiguam
2876 2082 3207 2151 voluptatem
3243 2100 3373 2153 sup--

1811 2168 2036 2238 pliciugm
2061 2169 2084 2222 ?
2117 2167 2298 2234 Quare
2325 2179 2516 2236 contra
2560 2170 2784 2225 invitam
2818 2187 2972 2242 coge,
3001 2182 3060 2228 ut
3085 2173 3152 2236 ad
3181 2175 3379 2231 doctri-

1811 2275 1937 2314 nam
1964 2259 2230 2314 castitatis
2265 2259 2593 2315 elIectricem
2619 2277 2833 2331 semper
2857 2265 3100 2331 accedat,
3131 2267 3210 2319 vel
3236 2265 3376 2319 adu-

1811 2350 2108 2406 lationibus
2142 2351 2316 2405 vince.

1875 2439 2062 2496 XVIII.
2095 2441 2266 2497 Multo
2310 2453 2489 2498 autem
2539 2445 2732 2500 melius
2778 2447 2912 2513 erit,
2958 2447 3205 2515 simanu
3256 2463 3376 2502 eam

1809 2530 2012 2587 ducens
2050 2531 2255 2599 venias,
2302 2548 2412 2601 quo
2441 2532 2557 2600 ipse
2594 2534 2758 2588 etiam
2795 2536 3027 2605 pudicus
3063 2536 3194 2602 ﬁas;
3234 2537 3379 2591 desi-

1811 2623 2025 2679 derabis
2066 2625 2212 2678 enim
2258 2624 2398 2690 ﬁeri,
2429 2635 2490 2682 ut
2518 2610 2833 2696 cognoscas
2865 2627 3022 2682 tinem
3057 2628 3270 2684 honesti
3318 2644 3382 2682 ac

1813 2712 2100 2768 venerandi
2125 2713 2487 2777 matrimonii.
2513 2731 2689 2785 neque
2717 2716 2938 2786 pigebit,
2978 2718 3024 2772 si
3050 2718 3204 2788 cupis
3239 2734 3378 2778 esse.

1810 2804 2066 2874 inquam,
2097 2815 2269 2875 pater,
2317 2816 2442 2862 tuos
2473 2808 2676 2863 liberos
2723 2809 2970 2879 diligere,
3011 2817 3066 2873 et
3094 2811 3162 2871 ab
3195 2811 3262 2865 iis
3294 2811 3381 2865 ἀί-

1811 2896 1923 2966 iigi.
1971 2895 2075 2961 Qui
2123 2897 2406 2951 mulierem
2455 2899 2707 2967 pudicam
2753 2899 2953 2966 habere
2992 2901 3138 2968 vult,
3179 2913 3234 2957 et
3267 2903 3383 2972 ipse

1811 2986 2004 3054 pudice
2027 2987 2178 3053 vivit,
2203 3002 2267 3042 ac
2296 2987 2538 3042 debitum
2571 2991 2834 3059 persolvit
2856 2993 3230 3060 concubitum,
3257 3009 3382 3048 cum

159 3080 504 3144 συνεστιᾶται,
530 3079 702 3153 ταύτῃ
733 3080 996 3147 σύνεστιν,
1026 3083 1120 3135 σὺν
1149 3084 1284 3154 αὐτῇ
1313 3084 1450 3154 πρὸς
1480 3084 1572 3137 τὸν
1605 3101 1708 3138 ato-.-

1818 3095 1874 3133 ea
1901 3080 2159 3147 vescitur,
2190 3089 2454 3148 moratur,
2497 3080 2564 3135 ad
2599 3083 2896 3138 castiﬁcam
2941 3084 3248 3140 doctrinam
3291 3101 3383 3140 ve-

159 3167 458 3237 φρονίζοντα
491 3170 710 3242 ἔρχεται
753 3170 933 3238 λόγον,
961 3173 1023 3225 οὐ
1067 3172 1255 3240 λυπεῖ,
1289 3175 1388 3228 οὐκ
1431 3175 1551 3247 εἰκῆ
1604 3175 1708 3246 μά-

159 3276 314 3327 χεται,
343 3261 534 3315 ἑαυτὸν
569 3263 793 3333 μισητὸν
814 3265 875 3317 ού
907 3267 1067 3330 ποιεῖ,
1094 3263 1130 3318 ἃ
1156 3263 1373 3318 δύναται
1399 3265 1538 3318 καλά
1565 3283 1710 3338 παρτ-

163 3349 260 3420 έχει
277 3393 290 3416 ,
317 3345 388 3405 ὧν
418 3353 495 3424 μὴ
525 3353 636 3423 ἔχει
662 3397 676 3420 ,
713 3358 779 3426 τῇ
819 3354 1076 3425 κολακείᾳ
1104 3355 1165 3408 τὸ
1194 3355 1374 3410 λεῖπον
1391 3357 1438 3390 ⁹⁰
1466 3356 1712 3428 ἀποπλη-

168 3443 314 3510 poi“.
351 3443 413 3497 Ἦ
458 3443 691 3517 σώφρων
717 3447 851 3517 γυνὴ
891 3445 1001 3517 (42)
1034 3447 1430 3518 κολακευθῆναι
1461 3448 1560 3501 οὐκ
1586 3449 1719 3507 ἀνα-,

170 3531 319 3602 μένει,
349 3534 540 3607 κύριον
565 3536 655 3588 τὸν
687 3537 855 3607 ἄνδρα
897 3536 1170 3608 γνωρίζει,
1215 3537 1508 3608 πενομένου
1531 3538 1579 3585 ⁹²«
1615 3538 1714 3608 τὴν

169 3625 333 3678 πενίαν
357 3627 510 3698 φέρει
530 3669 545 3692 ,
579 3627 832 3688 πεινῶντι
863 3630 1164 3700 συμπεινᾷ,
1195 3629 1559 3702 ἀποδημούντι
1594 3645 1716 3682 συν-

170 3717 414 3789 αποδημεῖ
437 3763 452 3785 ,
498 3720 560 3772 λυ
570 3721 671 3772 πού
681 3738 837 3792 μενον
889 3721 1328 3793 παραμυθεῖται,
1368 3721 1470 3775 κᾶν
1516 3724 1716 3792 προῖκα

173 3809 368 3876 μείζονα
395 3813 515 3885 ἔχῃ,
544 3812 618 3876 ὡς
644 3812 805 3882 μηδὲν
834 3811 1027 3883 ἔχουσα
1054 3812 1354 3867 ὑπόκειται.
1393 3813 1449 3865 Ὁ
1476 3811 1532 3865 δὲ
1557 3809 1719 3881 294

172 3899 290 3970 ᾁνὴρ
335 3902 435 3954 κᾶν
498 3903 708 3974 πένητα
757 3902 853 3975 ἔχῃ
915 3906 1175 3972 γυναῖκα,
1230 3903 1470 3974 μεγάλην
1519 3905 1718 3973 προῖκα

174 3990 381 4059 ἡγείσθω
425 3995 596 4066 αὐτῆς
645 3996 743 4066 τὴν
778 3995 1148 4068 σωφροσύνην.
1198 3996 1263 4048 Ἦ
1310 3993 1538 4066 σώφρων
1579 3995 1716 4065 γυνὴ

174 4084 444 4158 αὐταρκείᾳ
483 4087 785 4158 βρωμάτων
821 4091 912 4142 καὶ
943 4089 1118 4146 ποτῶν
1162 4089 1378 4159 χρῆται,
1412 4089 1498 4142 ἵνα
1529 4091 1602 4161 μὴ
1634 4088 1716 4156 λι,-

177 4177 440 4243 πανθέντος
480 4179 577 4233 τοῦ
606 4179 854 4249 σώματος
885 4181 962 4252 τῷ
997 4180 1150 4251 βάρει
1179 4180 1224 4210 ’³
1265 4179 1401 4252 πρὸς
1427 4180 1720 4252 ἐπιθυμίας

176 4267 378 4339 ἀνόμους
404 4272 732 4344 κατασπάσῃ
774 4273 871 4342 τὴν
913 4271 1111 4341 ψυχήν.
1167 4269 1304 4322 Ἀλλ’
1339 4269 1419 4322 ἔτι
1467 4269 1572 4340 μὴν
1624 4272 1720 4324 σὺν

179 4356 296 4422 νέοις
320 4360 414 4413 οὐκ
444 4359 656 4425 ἰδιάζει,
695 4360 788 4414 καὶ
813 4361 940 4422 τοὺς
980 4357 1240 4430 γέροντας
1269 4355 1584 4420 ὑποπτεύει,
1624 4356 1720 4425 γέ-

1813 3172 1921 3235 nit;
1954 3187 2064 3227 non
2097 3173 2412 3241 contristat,
2440 3190 2548 3229 non
2583 3183 2787 3233 temere
2812 3175 3006 3247 litigat,
3031 3193 3090 3231 se
3125 3191 3230 3231 non
3257 3177 3386 3233 facit

1811 3262 2085 3327 odiosum,
2126 3277 2249 3331 quae
2295 3271 2477 3334 potest
2524 3263 2668 3325 bona
2718 3271 2956 3332 prastat,
3001 3264 3224 3332 quando
3253 3280 3383 3319 vero

1812 3369 1920 3406 non
1949 3353 2133 3422 habet,
2159 3353 2532 3418 assentatione
2561 3353 2708 3423 quod
2739 3353 2891 3408 deest
2927 3354 3162 3423 supplet.
3189 3353 3384 3408 Mulier

1814 3445 2010 3517 pudica
2057 3445 2432 3511 adulationem
2465 3461 2574 3500 non
2610 3454 2906 3515 exspectat,
2954 3447 3126 3499 virum
3157 3461 3256 3516 pro
3284 3446 3384 3500 do-

1814 3537 1963 3609 mino
2015 3537 2178 3590 habet
2224 3551 2288 3590 ac
2335 3536 2616 3591 dominum
2665 3527 2854 3601 vocat,
2885 3549 2951 3590 eo
2992 3550 3231 3604 paupere
3281 3534 3385 3590 fert

1815 3635 2206 3697 paupertatem,
2246 3642 2370 3691 cum
2424 3625 2697 3681 esuriente
2730 3625 2938 3692 esurit,
2985 3640 3107 3678 cum
3144 3623 3384 3694 peregri-

1816 3703 1978 3772 nante
2029 3718 2427 3787 peregrinatur,
2478 3716 2699 3770 tristem
2737 3715 3072 3780 consolatur,
3123 3715 3379 3784 quamvis

1818 3810 2079 3880 majorem
2135 3809 2388 3863 habuerit
2425 3807 2636 3870 dotem,
2688 3816 2946 3876 tanquam
2995 3807 3130 3861 nihil
3178 3807 3385 3863 habens

1818 3897 2127 3968 subjicitur.
2176 3896 2405 3959 Maritus
2449 3905 2629 3951 autem
2663 3897 2789 3951 licet
2826 3907 3117 3966 pauperem
3156 3913 3382 3952 uxorem

1817 3987 2053 4058 duxerit,
2075 4000 2326 4057 magnam
2343 3986 2523 4042 dotem
2545 3993 2696 4058 putet
2714 3985 3031 4056 pudicitiam
3053 3986 3248 4056 ipsius.
3275 3987 3386 4040 Mu-

1818 4080 1921 4145 lier
1949 4078 2144 4149 pudica
2183 4077 2352 4132 nimio
2389 4092 2498 4130 non
2555 4077 2726 4130 utitur
2763 4076 2886 4131 cibo
2918 4091 2982 4131 ac
3024 4086 3174 4146 potu,
3209 4094 3278 4134 ne
3308 4081 3388 4134 ci-

1818 4174 1944 4238 bus,
1975 4168 2322 4242 pinguefacto
2361 4183 2610 4238 corpore,
2643 4167 2881 4237 pondere
2919 4169 3159 4223 animam
3206 4173 3386 4226 trahat

1820 4265 1887 4319 ad
1937 4262 2262 4332 cupiditates
2319 4261 2558 4316 illicitas.
2607 4258 2873 4314 Praeterea
2920 4275 3045 4315 cum
3095 4260 3384 4330 juvenibus

1822 4365 2164 4422 nequaquam
2207 4349 2327 4404 sola
2377 4357 2596 4413 manet,
2643 4363 2709 4403 ac
2755 4363 2914 4403 senes
2957 4359 3269 4416 reveretur;
3303 4352 3384 4405 in-

179 4448 610 4523 λωταςᾲτάκτους
636 4451 952 4515 ἀπωθεῖται,
982 4448 1100 4519 Θεῷ
1133 4449 1276 4520 μόνῳ
1309 4446 1504 4516 ἑαυτὴν
1528 4445 1713 4498 ἀπονέ-

1825 4442 2157 4513 compositos
2216 4441 2360 4495 risus
2411 4448 2689 4506 removet;
2740 4454 2800 4495 se
2852 4440 2953 4495 soli
3012 4439 3122 4495 Deo
3170 4443 3386 4499 tradens

185 4558 334 4609 μουσα
352 4545 410 4597 οὐ
439 4543 749 4614 σφάλλεται,
769 4543 996 4610 σεμνοὺς
1020 4541 1209 4616 λόγους
1227 4537 1497 4593 ἀκούουσα
1514 4537 1719 4607 ἥδεται,

182 4631 287 4696 τοὺς
310 4634 362 4706 δέ
395 4636 468 4708 μὴ
505 4635 598 4687 ἐπὶ
630 4633 955 4710 σωφροσύνη
982 4632 1028 4663 ³⁵
1043 4630 1365 4714 λεγομένους
1392 4628 1713 4683 ἀπωθεῖται.

1829 4550 1936 4589 non
1974 4532 2271 4602 decipitur;
2319 4531 2546 4585 honesta
2582 4530 2745 4585 verba
2793 4531 3019 4585 audiens
3065 4532 3385 4599 delectatur,

1825 4641 1889 4681 ea
1919 4640 2077 4692 vero,
2104 4639 2224 4694 quat
2251 4622 2318 4677 ad
2348 4621 2666 4692 pudicitiam
2698 4634 2804 4675 non
2836 4620 3058 4676 tendunt
3080 4664 3095 4690 ,
3121 4623 3349 4693 repellit.

1417 4766 1652 4823 vanus
1693 4761 2092 4844 LECTIONES.

242 4885 280 4925 '-'
307 4888 405 4943 ὑπό
425 4890 487 4945 C.
554 4889 611 4964 ,⁸³
643 4890 774 4960 παρ’
803 4891 958 4964 ἐκτός
983 4891 1074 4964 Ca
1121 4889 1478 4964 “__-7tpbg_'rbv
1505 4891 1596 4964 ph
1633 4888 1865 4964 ὁρῷντα⁵
1894 4885 2012 4964 πῷς
2057 4883 2392 4964 σωφρονήσει
2433 4880 2625 4950 scripsi
2659 4879 2726 4935 de
2765 4882 3108 4964 conjectura,
3297 4882 3394 4964 τὴν

181 4948 383 5036 ᾃόρατον
414 4960 578 5036 προαὶ
613 4948 954 5032 σωφρονήσεῖ
980 4963 1101 5036 (δοκι.
1154 4948 1613 5036 ΗοὶιιξΡετίεἰὶιί,
1818 4955 1908 5036 τὸν
1940 4948 2620 5036 ἀόρατοῖπρρἴκαὶσωέρρ.
2676 4951 2818 5036 conj.
2863 4948 2913 5036 ‘C
2942 4991 2958 5016 ,
2993 4963 3048 5005 et
3080 4969 3142 5036 ex
3170 4954 3254 5007 his
3283 4948 3396 5006 col-

189 5019 649 5102 latis_lectionibus
674 5019 859 5102 _s'tia_m'
890 5033 1190 5102 versionem
1223 5019 1608 5102 composuisse
1636 5019 1852 5102 videtur
1871 5019 2183 5102 interipres;
2206 5019 2341 5102 πρὸς
2387 5019 2478 5073 τὸν
2511 5019 2696 5102 ᾅνδραὶ
2726 5020 2918 5102 ὀρθιτὸν
2953 5023 3226 5102 πςκρξσται
3286 5039 3394 5075 σω·-

228 5096 459 5179 ρονῇσαις
496 5100 640 5169 conj.
674 5099 735 5153 D.
780 5099 1042 5156 Prazterea
1088 5100 1284 5168 aliquis
1318 5089 1488 5167 possit
1525 5097 1795 5163 conjicere
1821 5096 1938 5157 πῶς
1965 5089 2042 5163 τῷ
2091 5089 2502 5180 ἀνὸρὶάόρατος
2534 5089 2650 5168 (vel
2673 5089 2980 5157 ἀφύλακτος
2994 5091 3025 5172 ).
3040 5089 3392 5172 ὀῦσασωφρτ

231 5183 375 5241 ,λπως
401 5169 498 5241 τὴν
533 5169 760 5241 ἀόρατον
800 5171 1113 5241 προαίρεσιν
1148 5169 1466 5241 σωφρονίσει
1499 5167 1594 5241 _O.
1630 5166 1778 5241 Tum
1822 5167 1935 5234 lege
1968 5163 2104 5234 πρὸς
2126 5181 2190 5241 το
2215 5178 2360 5241 τουςτ
2391 5159 2454 5212 ι).
2494 5159 2540 5192 ⁸⁸
2555 5175 2660 5241 Eoo
2674 5174 2786 5241 om.
2812 5159 2909 5241 ΟΜ.
2937 5178 3036 5241 qui
3067 5172 3238 5241 pergit
3261 5163 3394 5241 Θεου

196 5185 375 5243 δηπως
401 5185 498 5241 την
533 5185 760 5239 αορατον
800 5185 1113 5243 προαιρεσιν
1148 5185 1466 5243 σωφρονισει
1499 5185 1594 5243 .υ.
1630 5185 1778 5243 ,ι
1823 5185 1935 5234 tege
1968 5185 2104 5234 προς
2126 5185 2190 5243 1'0-
2215 5185 2360 5243 τονςτ
2395 5185 2454 5212 υ·
2494 5185 2660 5243 "Tum:
2674 5185 2786 5243 :"ll‘l-
2812 5185 2909 5243 Uno
3067 5185 3192 5243 PBL“

194 5235 348 5303 κρίσιν
455 5235 567 5293 ’διδ.
605 5235 615 5239 ⁷
643 5239 757 5281 ⁸⁵-⁸⁶
783 5235 1114 5311 ἔρχεσθαιο.
1190 5241 1233 5270 ⁸⁷

196 5300 248 5357 (ἶ.
311 5306 350 5337 ’⁸
427 5311 550 5360 alim
609 5309 912 5360 ἀναπληροῖ
953 5311 1010 5360 S.
1110 5310 1155 5340 ³⁸
1186 5307 1230 5360 It

280 5300 550 5382 fﬂlalim
583 5300 912 5382 ἀναπληροῖ
953 5311 1014 5382 S.
1068 5310 1155 5382 _"
1186 5307 1262 5382 Ita
1303 5307 1347 5362 Ο
1399 5300 1455 5362 et
1501 5323 1529 5382 c_

1308 5247 1393 5292 ost
1415 5237 1598 5305 γνώσῃ
1629 5237 1693 5290 in'
1717 5234 1782 5290 Ο.
1813 5227 1990 5305 exstat
2014 5227 2074 5305 τε
2109 5233 2478 5305 subnotatum.
2555 5228 2601 5259 ⁸⁸
2632 5227 2688 5280 δέ
2715 5227 2779 5299 0.
2838 5227 2966 5305 fili
2995 5227 3082 5285 Ο.“
3127 5227 3394 5305 “tum?”

1629 5252 1692 5290 ιη
1717 5252 1782 5290 υ.
1813 5252 1990 5290 exswt
2014 5252 2074 5285 τε
2109 5252 2478 5288 subnotatutlt.
2555 5252 2600 5259 -ν
2632 5252 2688 5280 οε
2715 5252 2779 5299 υς
2854 5252 2898 5262 ν’
2930 5252 2962 5302 η
2995 5252 3060 5285 υ.
3129 5252 3170 5263 ’ν
3195 5252 3392 5284 Λυπουν

1529 5252 1624 5360 :3.
1677 5305 1810 5360 Tur.
1852 5304 1989 5361 (Cir.
2030 5302 2192 5358 Turr.
2233 5300 2416 5355 Const.
2471 5307 2678 5367 apost_.,
2721 5314 2773 5367 p.
2832 5300 2959 5370 95),
3004 5302 3282 5373 πενομένῳ
3328 5301 3392 5355 C.

197 5370 304 5427 οιτδ
332 5377 485 5450 βάρος
513 5380 599 5434 vel
622 5379 692 5433 τὰ
725 5370 866 5452 βάρὴ
895 5381 1039 5450 conj.
1065 5380 1128 5433 D.
1202 5379 1249 5411 ’δ
1282 5375 1631 5449 σωφροσύνης
1660 5375 1723 5429 C-

1470 5486 1833 5544 VARIORUM
1862 5484 2089 5540 NOTAE.

261 5583 357 5657 (42)
384 5588 442 5642 Ἡ
469 5590 722 5659 σώφρων
750 5587 922 5658 γυνή.
945 5589 1044 5642 Adi
1077 5586 1142 5641 ad
1169 5583 1581 5659 Constitution“
1602 5597 1730 5649 apo—
1835 5582 2122 5659 humanum
2155 5588 2254 5659 est,
2312 5581 2587 5659 quamet.
2610 5553 3394 5659 [οιξιιξξεξίῌσιξξῖῇίίιξὶδρξξιίίθώ

203 5652 633 5725 stolircs'l‘urriani
674 5652 863 5714 Latine
892 5652 1122 5725 tantum
1157 5657 1453 5725 impressas
1495 5652 1728 5725 Antucr-

1010 5722 1263 5799 lpianus—z
1293 5724 1432 5790 Quid
1456 5722 1594 5776 enim
1622 5729 1730 5774 tam

206 5722 288 5789 Ρίῖε
317 5741 424 5800 pag.
458 5729 547 5797 95,
578 5731 631 5786 in
665 5729 930 5800 margine.

2241 5626 2461 5715 ’μέτῖὶέέηι
2485 5635 2587 5709 ὐἰτί
2606 5626 2914 5719 participem
2943 5631 3090 5689 esse?
3115 5626 3252 5681 (301'.
