3860 6210
457 303 561 358 5ιῦ

1342 306 1400 360 8.
1440 301 1831 358 CLEMENTIS
1868 303 1888 357 l
1926 301 2090 356 ROM.
2133 298 2335 355 ΡΟΝΤ.
2377 298 2607 356 OPERA
2643 299 2868 356 DUBIA.

3614 308 3719 364 εει

526 420 671 476 XIX.
709 421 886 477 Testis
931 431 1013 476 est
1059 422 1205 479 Deus
1241 442 1254 477 :
1296 424 1464 477 multa
1511 424 1800 477 homicidia
1854 435 2023 475 unum

2202 415 2342 470 XIX.
2375 417 2601 489 Μάρτυς
2622 416 2772 481 Θεὸς,
2801 415 2983 469 πολλοὶ
3004 417 3150 486 φόνοι
3173 417 3389 488 μοιχεία
3410 418 3520 490 (45)
3549 421 3715 488 pia”.

455 513 803 579 adulterium;
833 524 884 566 et
917 513 1062 583 quod
1101 530 1264 585 grave
1291 524 1394 579 est,
1431 515 1852 568 homicidiorum
1884 515 2030 571 illius

455 607 652 661 horror
697 621 761 661 ac
804 607 1051 676 impietas
1082 623 1187 662 non
1233 607 1498 661 cernitur.
1555 605 1860 662 Namrfuso
1905 623 2031 662 san-

453 697 617 765 gnine
643 711 844 766 corpus
872 708 1150 751 mortuum
1179 698 1347 768 jacet,
1379 707 1433 750 et
1458 697 1787 753 calamitatis
1818 699 2030 770 magni-

451 787 638 842 tudine
691 803 885 844 omnes
947 798 1186 859 stupent.
1232 790 1301 843 At
1351 805 1511 845 neces
1566 792 1872 845 animarum
1932 807 2030 861 per

450 879 804 944 adulterium,
829 895 954 934 eum
991 880 1103 934 sint
1128 880 1305 949 magis
1338 879 1651 943 horribiles,
1677 880 1805 949 quia
1843 890 2026 934 tamen

447 971 516 1025 ab
546 972 859 1026 hominibus
897 986 1005 1024 non
1032 971 1306 1036 videntur,
1337 972 1754 1041 aggressoribus
1777 973 2026 1026 occasio-

447 1078 570 1118 nem
616 1063 878 1118 indesidis
928 1063 1164 1132 impetus
1209 1062 1474 1131 praebent.
1504 1062 1807 1132 Cognosce,
1838 1063 2022 1128 homo,

443 1155 604 1225 cujus
637 1155 893 1224 spiritum
947 1156 1152 1210 habeas
1181 1154 1248 1209 ad
1283 1154 1609 1220 vivendum,
1653 1163 1706 1208 et
1753 1169 1820 1209 ne
1869 1154 2021 1208 illum

443 1247 670 1318 patiaris
706 1247 898 1318 pollui.
923 1248 969 1302 Α
997 1249 1116 1303 solo
1143 1247 1418 1302 adulterio
1463 1246 1727 1316 polluitur
1760 1245 1856 1301 Dei
1904 1249 1985 1317 spi
2007 1277 2021 1288 -

441 1342 580 1396 ritus
609 1361 622 1396 :
651 1350 813 1410 atque
850 1341 972 1395 ideo
997 1341 1088 1395 ille
1115 1341 1182 1394 ad
1215 1341 1393 1410 ignem
1425 1339 1590 1394 trahit
1623 1338 1896 1393 hominem
1927 1340 2020 1409 qui

439 1434 650 1503 polluit.
666 1433 902 1490 Festinat
927 1435 1071 1488 enim
1097 1432 1556 1489 contumeliosum
1581 1432 1793 1487 tradere
1815 1441 2020 1487 aeterno

437 1525 726 1596 supplicio.

506 1618 627 1676 XX.
661 1617 786 1674 llaec
816 1635 939 1675 cum
971 1619 1176 1674 diceret
1201 1617 1420 1683 Petrus,
1455 1617 1773 1686 videretque
1815 1616 2016 1671 bonam

435 1712 800 1782 pndicamque
827 1711 1130 1767 Mattidiam
1159 1711 1288 1767 flere
1317 1726 1427 1780 prae
1453 1709 1672 1780 gaudio,
1720 1710 2016 1763 arbitratus

2136 510 2230 562 καὶ
2256 509 2318 562 τὸ
2355 509 2548 574 δεινὸν,
2594 510 2676 562 ὅτι
2707 507 2814 561 τῶν
2855 509 3027 577 φόνων
3061 509 3230 579 αὐτῆς
3263 510 3325 561 τὸ
3350 510 3578 581 φοϐερὸν
3626 515 3718 566 καὶ

2133 601 2329 666 ἀσεϐὲς
2357 603 2417 655 ού
2447 601 2721 671 βλέπεται.
2767 603 2908 667 ”Οτι,
2949 602 3177 671 αἵματος
3211 601 3486 672 χυθέντος,
3524 603 3714 674 νεκρὸν

2131 694 2308 745 κεῖται
2353 691 2531 762 σῶμα,
2569 692 2665 744 καὶ
2703 691 2766 744 τὸ
2809 690 2907 760 τῆς
2960 692 3242 762 συμφορᾶς
3283 691 3453 744 δεινὸν
3505 694 3715 756 πάντας

2129 783 2446 853 ἐκπλήσσει.
2472 783 2582 852 Τῆς
2607 782 2662 835 δὲ
2694 783 2938 853 μοιχείας
2953 784 2998 814 ’⁵
3026 784 3076 835 οἱ
3099 784 3197 854 τῆς
3221 783 3400 854 ψυχῆς
3441 785 3591 853 φόνοι
3628 802 3713 852 φο-

2129 873 2423 946 ϐερώτεροι
2476 875 2648 938 ὅντες,
2691 875 2814 928 ἐπεὶ
2858 876 2932 946 μὴ
2981 875 3288 947 ἀνθρώποις
3327 877 3617 946 βλέπονται
3644 879 3710 944 ’⁷,

2125 969 2240 1029 τοῖς
2272 966 2540 1037 τολμῶσιν
2570 967 2762 1022 ἄοκνον
2791 968 2890 1037 τὴν
2916 967 3092 1038 ὁρμὴν
3120 969 3446 1040 παρέχουσιν
3473 986 3486 999 ·
3520 969 3709 1038 γνῶθι,

2128 1057 2405 1128 ἄνθρωπε,
2445 1058 2589 1120 τίνος
2626 1058 2794 1127 πνοὴν
2833 1057 2975 1127 ἔχεις
3016 1057 3154 1127 πρὸς
3183 1059 3244 1110 τὸ
3273 1060 3392 1129 ζῇν,
3417 1060 3513 1112 καὶ
3543 1061 3604 1111 ού
3639 1059 3712 1128 μὴ

2124 1150 2291 1219 αὐτὴν
2322 1149 2607 1220 μιανθῆναι
2638 1146 2886 1219 θελήσῃς.
2919 1149 3053 1201 Ὑπὸ
3086 1149 3326 1220 μοιχείας
3358 1151 3527 1220 μόνης
3563 1151 3710 1220 μιαίο

2123 1259 2275 1295 νεται
2307 1243 2340 1312 ἡ
2385 1241 2520 1294 Θεοῦ
2549 1245 2718 1314 πνοή·
2751 1245 2845 1296 καὶ
2870 1242 2959 1297 διὰ
2979 1242 3136 1296 τοῦτο
3163 1244 3299 1312 αὑτὴ
3320 1242 3410 1294 τὸν
3443 1243 3713 1313 μιάναντα

2121 1335 2200 1397 είς
2233 1333 2346 1405 πῦρ
2376 1335 2650 1404 κατασπᾷ.
2693 1335 2917 1388 Σπεύδει
2949 1334 3057 1406 γὰρ
3093 1334 3184 1388 τὸν
3214 1334 3472 1405 ὑϐριστὴν
3506 1336 3710 1406 αἰωνίῳ

2121 1427 2456 1498 παραδοῦναι
2487 1427 2724 1482 κολάσει.

2189 1597 2308 1652 XX.
2341 1597 2526 1650 Ταῦτα
2547 1597 2720 1666 λέγων
2751 1599 2780 1650 6
2807 1597 3034 1669 Πέτρος,
3059 1595 3155 1667 τὴν
3171 1595 3218 1628 ⁸⁸
3246 1596 3454 1666 ἀγαθὴν
3482 1598 3578 1650 καὶ
3608 1595 3710 1648 σώ-

2121 1710 2294 1765 φρονα
2322 1691 2618 1746 Ματτιδίαν
2644 1691 2690 1724 ⁹⁹
2724 1692 2829 1745 ὑπὸ
2864 1692 3039 1762 χαρᾶς
3082 1689 3420 1762 δακρύουσαν
3453 1689 3599 1756 ἰδὼν,
3627 1691 3706 1754 ῶς

430 1803 614 1858 dolere
645 1818 765 1858 eam
804 1804 871 1858 de
915 1803 1160 1858 toleratis
1194 1803 1434 1868 casibus,
1467 1803 1582 1855 ait:
1611 1800 1852 1866 Cnnlide,
1889 1817 2008 1855 mu-

2111 1787 2204 1839 ὲπὶ
2253 1785 2546 1856 ὑποσχέσει
2579 1784 2688 1838 τῶν
2729 1783 3031 1853 γεγονότων
3087 1783 3389 1855 λυπηθῆναι
3432 1784 3701 1854 νομίσας,

431 1895 552 1949 lier.
597 1895 734 1950 Cum
782 1896 940 1951 multi
994 1895 1167 1949 multa
1220 1896 1364 1951 mala
1415 1895 1740 1966 pertulerint
1786 1903 2008 1964 propter

428 1985 794 2054 adulterium,
840 1996 894 2042 tu
939 1999 1159 2058 propter
1190 1988 1509 2057 pudicitiam
1546 2003 1707 2059 passa
1734 2003 1814 2055 es,
1857 1987 2006 2040 ideo-

425 2093 533 2147 que
565 2094 673 2132 non
717 2079 992 2134 interiisti.
1031 2079 1133 2136 Sed
1171 2091 1226 2137 et
1269 2082 1316 2138 si
1345 2082 1600 2147 obiisscs,
1631 2081 1826 2134 anima:
1857 2079 2005 2134 salu-

425 2179 532 2222 tem
564 2168 765 2226 fuisses
806 2183 1123 2228 consecuta.
1168 2172 1407 2228 Patriam
1457 2171 1686 2226 Romam
1731 2172 2004 2240 pudicitize

422 2278 552 2333 ergo
589 2263 897 2334 reliquisti:
937 2265 1031 2320 sed
1070 2266 1172 2322 hae
1216 2266 1510 2321 occasione
1553 2264 1808 2321 invenisti
1857 2265 2002 2318 veri-

427 2365 612 2422 tatem,
637 2359 824 2412 aa-terni
852 2358 1002 2427 regni
1031 2358 1302 2418 diadema.
1331 2358 1387 2412 ln
1421 2359 1557 2413 mari
1589 2358 1889 2428 periclitata
1917 2372 1997 2421 es,

419 2456 477 2500 at
507 2461 613 2502 non
649 2458 897 2515 mortua;
926 2464 1115 2504 verum
1147 2447 1273 2502 licet
1313 2458 1526 2503 mortua
1557 2448 1776 2513 fuisses,
1817 2447 1997 2516 ipsum

418 2539 516 2593 tibi
569 2539 796 2610 pelagus
848 2550 1073 2611 propter
1118 2540 1438 2612 pudicitiam
1493 2539 1687 2595 fuisset
1741 2538 1997 2594 morienti

417 2632 724 2700 l'aptismus
757 2631 826 2685 ad
870 2633 1068 2687 anitum
1098 2633 1354 2688 salutem.
1384 2633 1466 2687 Ad
1514 2647 1748 2700 paucum
1782 2640 1997 2699 tempus

416 2723 606 2776 orbata
629 2738 689 2777 es
721 2723 928 2788 liberis,
957 2724 1050 2794 qui
1077 2740 1200 2782 cum
1230 2739 1260 2778 e
1287 2724 1528 2794 legitimo
1551 2732 1736 2778 essent
1763 2722 1992 2788 semine,

418 2815 625 2870 inventi
665 2825 795 2870 sunt
825 2817 880 2870 in
911 2817 1134 2872 meliore
1166 2826 1332 2872 sorte.
1361 2816 1526 2873 Fame
1560 2833 1749 2886 pressa
1780 2817 1994 2871 mendi-

416 2906 553 2961 casti
593 2907 775 2962 cibum
806 2924 820 2962 :
850 2908 942 2962 sed
967 2917 1158 2978 stupro
1190 2919 1342 2964 tuum
1374 2925 1575 2978 corpus
1609 2924 1716 2962 non
1752 2908 1992 2968 foedasti.

414 3000 628 3069 Corpus
678 3001 960 3058 aﬂlixisti:
996 3010 1052 3057 at
1099 3002 1328 3057 servasti
1370 3003 1634 3057 animam.
1667 3003 1990 3057 Adulterum

2111 1872 2212 1945 ἔφη
2235 1889 2249 1904 ο
2283 1873 2519 1944 Θάρσει,
2574 1873 2732 1940 γύναι
2753 1890 2766 1902 ⁸
2792 1873 3001 1925 πολλῶν
3033 1873 3202 1926 πολλά
3241 1873 3384 1926 κακὰ
3416 1873 3703 1926 παθόντων

2107 1964 2194 2018 διὰ
2225 1965 2470 2035 μοιχείαν
2497 2005 2512 2030 ,
2556 1965 2718 2036 295
2750 1966 2814 2018 σὺ
2867 1965 2956 2020 διὰ
2992 1964 3346 2036 σωφροσύνην
3396 1964 3701 2030 πέπονθας,

2107 2058 2198 2110 καὶ
2227 2056 2312 2111 διὰ
2333 2058 2510 2141 ,τοῦτο
2532 2061 2633 2112 οὐκ
2664 2059 3020 2129 ἐτελεύτησας
3043 2058 3175 2129 (44).
3209 2060 3272 2112 Εἰ
3299 2059 3354 2112 δὲ
3381 2060 3475 2112 καὶ
3502 2058 3702 2131 τεθνήι

2105 2167 2242 2216 κεις,
2275 2151 2628 2221 σεσωσμένην
2660 2150 2725 2204 ἂν
2749 2147 2893 2222 εἶχες
2923 2151 3022 2222 τὴν
3058 2150 3254 2220 ψυχήν.
3290 2150 3534 2221 Πατρίδα
3574 2151 3703 2203 Ῥώ-

2107 2258 2213 2312 μην
2237 2241 2445 2304 ἔλειπες
2460 2241 2546 2295 διὰ
2574 2243 2944 2314 σωφροσύνηνο
2962 2242 3096 2296 ἀλλά
3114 2246 3178 2314 τῇ
3198 2241 3404 2309 ταύτης
3424 2243 3701 2313 προφάσει

2102 2331 2358 2402 ἀλήθειαν
2397 2325 2573 2404 εὗρες,
2599 2333 2660 2386 τὺ
2690 2334 2928 2405 διάδημα
2957 2335 3055 2406 τῆς
3077 2335 3246 2388 ἀϊδίου
3272 2335 3566 2405 βασιλείας.
3608 2337 3700 2390 Ἐν

2102 2421 2251 2495 βυθῷ
2273 2423 2705 2490 κεκινδύνευκας,
2731 2427 2824 2479 καὶ
2843 2427 2943 2480 οὐκ
2975 2426 3352 2497 ὲτελεύτησας,
3376 2428 3471 2479 καὶ
3492 2428 3606 2480 εἴτε
3625 2427 3698 2459 ⁸⁵⁸

2099 2516 2524 2589 τετελευτήκεις,
2552 2519 2712 2582 αὐτός
2737 2535 2820 2572 σοι
2844 2521 2873 2572 6
2903 2517 3062 2587 βυθὸς
3081 2518 3168 2572 διὰ
3196 2520 3550 2590 σωφροσύνην
3573 2520 3699 2590 θνη-

2101 2609 2306 2682 σκούσῃ
2347 2609 2628 2680 βάπτισμα
2663 2611 2869 2679 ἐγίνετο
2887 2611 3022 2682 πρὸς
3058 2611 3237 2682 ψυχῆς
3271 2612 3563 2682 σωτηρίαν.
3591 2613 3696 2666 Τέω

2099 2718 2240 2756 κνων
2263 2702 2597 2774 ἀπελείφθης
2617 2705 2752 2775 πρὸς
2767 2703 2962 2772 ὀλίγον,
2986 2703 3141 2757 ἆτινα
3164 2703 3393 2774 γνησίας
3414 2703 3546 2757 ὄντα
3569 2721 3697 2760 σπο-

2100 2795 2200 2864 ρᾶς
2231 2793 2289 2846 ἐν
2316 2797 2429 2858 τοῖς
2458 2795 2762 2867 κρείττοσιν
2808 2795 3054 2867 εὕρηται.
3089 2795 3444 2865 Λιμώττουσα
3479 2796 3691 2866 τροφὰς

2099 2886 2453 2958 προσῄτησας
2477 2888 2517 2952 ³,
2564 2887 2698 2941 ἀλλὰ
2727 2887 2953 2959 πορνείᾳ
2993 2887 3152 2958 σῶμα
3181 2887 3271 2939 σὺν
3297 2888 3398 2939 οὐκ
3432 2886 3686 2956 ὲμίανας.

2097 2981 2266 3053 Σῶμα
2296 2982 2387 3035 σὺν
2424 2982 2774 3045 ἐϐασάνισας,
2805 2981 2940 3034 ἀλλά
2966 2982 3064 3052 τὴν
3093 2981 3272 3052 ψυχὴν
3295 2979 3527 3042 ἔσωσας.
3558 2982 3689 3034 Μοι‹

414 3091 621 3162 fugisti,
652 3109 718 3147 ne
752 3094 933 3149 mariti
966 3095 1146 3150 cubile
1178 3095 1485 3149 maeulares
1510 3113 1522 3148 :
1551 3110 1740 3148 verum
1775 3095 1868 3164 qui
1904 3094 1989 3149 fu-
2016 3142 2023 3164 η

2108 3073 2190 3143 χὸν
2229 3073 2446 3142 ἔφυγες,
2481 3073 2566 3125 ἵνα
2598 3073 2671 3144 μὴ
2709 3073 2895 3142 κοίτην
2915 3071 3108 3142 ἀνδρὸς
3136 3071 3333 3145 μιάνῃς
3349 3073 3388 3136 ’,
3431 3071 3569 3124 ἀλλά
3598 3071 3690 3125 διὰ

411 3199 534 3254 gam
563 3184 699 3239 vidit
728 3184 891 3252 Deus,
923 3197 1143 3257 propter
1172 3186 1490 3256 pudicitiam
1523 3186 1703 3240 locum
1726 3187 1826 3240 viri
1857 3203 1986 3256 sup-

411 3276 600 3346 plebit.
625 3277 706 3332 Ad
739 3278 1016 3333 tristitiam
1045 3288 1098 3333 et
1124 3279 1474 3334 solitudinem
1501 3278 1744 3344 redacta,
1775 3280 1985 3349 privata

408 3383 468 3423 es
494 3369 560 3423 ad
590 3370 750 3424 breve
783 3382 994 3440 tempus
1017 3381 1130 3426 tum
1164 3372 1382 3432 marito.
1416 3379 1530 3425 tum
1565 3371 1782 3426 liberis:
1805 3373 1900 3426 sed
1930 3373 1982 3426 hi

408 3477 604 3517 omnes
639 3464 735 3518 tibi
767 3465 1106 3535 relinquendi
1134 3474 1292 3520 erant
1319 3481 1415 3535 per
1454 3465 1648 3521 mortis
1688 3466 1985 3521 necessita-

408 3563 556 3609 tem:
597 3565 817 3625 praestat
845 3567 1054 3621 autem,
1098 3556 1244 3625 quod
1285 3567 1507 3626 propter
1550 3558 1855 3612 castitatem
1882 3574 1983 3611 vo—

407 3644 525 3701 lens
551 3647 762 3716 privata
791 3663 872 3712 es,
916 3663 1081 3717 quam
1123 3648 1170 3701 si
1209 3648 1378 3706 invita
1411 3656 1599 3717 postea
1642 3648 1899 3718 periisses
1928 3648 1982 3701 in

405 3738 668 3808 peccatis.

479 3820 621 3885 XXI.
657 3829 826 3886 Multo
857 3831 1020 3901 igitur
1045 3833 1241 3888 melius
1261 3840 1367 3896 est,
1400 3831 1587 3902 priora
1614 3834 1844 3888 molesta
1861 3848 1983 3889 esse

406 3937 474 3977 ac
509 3922 668 3976 dura.
702 3921 913 3977 Etenim
945 3924 1167 3992 quando
1197 3925 1417 3987 adsunt,
1449 3939 1545 3993 spe
1581 3923 1723 3992 quod
1758 3933 1983 3992 praeter-

405 4011 582 4074 ibunt,
611 4024 717 4064 non
749 4011 1042 4066 admodum
1071 4013 1419 4079 contristant,
1450 4014 1560 4068 imo
1588 4014 1863 4084 potiorum
1888 4031 1985 4070 ex-

403 4101 742 4170 spectatione
783 4104 1041 4172 gaudium
1076 4105 1336 4174 praabent.
1386 4104 1524 4159 Ante
1565 4105 1749 4158 omnia
1797 4114 1978 4159 autem

401 4191 544 4246 scire
565 4203 618 4246 te
646 4193 794 4259 volo,
818 4202 1085 4263 quantum
1114 4195 1372 4264 pudicitia
1399 4194 1510 4250 Deo
1533 4195 1764 4264 placeat.
1787 4194 1982 4252 Mulier

401 4284 597 4353 pudica
640 4295 724 4340 est
755 4285 849 4339 Dei
895 4286 1110 4352 electio,
1151 4285 1246 4340 Dei
1279 4286 1696 4356 beneplacitum,
1739 4287 1834 4342 Dei
1865 4289 1981 4358 glo-

399 4373 504 4440 ria,
529 4373 622 4429 Dci
648 4375 778 4430 lilia.
807 4374 909 4430 Tol
939 4379 1327 4446 przerogativas
1353 4378 1516 4430 habet
1543 4379 1829 4446 pudicitia.
1859 4377 1975 4433 Nisi

2092 3163 2190 3233 τὴν
2217 3163 2236 3193 ³
2270 3162 2620 3234 σωφροσύνην
2652 3165 2680 3216 6
2707 3163 2806 3234 τὴν
2839 3163 3016 3234 φυγὴν
3039 3161 3194 3226 εἰδὼς
3221 3163 3352 3225 Θεὸς
3371 3162 3464 3215 τὸν
3491 3163 3687 3234 ἀνδρὸς

2092 3254 2480 3326 ἀποπληρώσει
2509 3255 2694 3307 τόπον.
2737 3255 3060 3326 Λυπηθεῖσα
3087 3256 3182 3308 καὶ
3215 3254 3516 3326 μονωθεῖσα
3545 3256 3687 3325 πρὸς

2087 3349 2268 3417 ὀλίγον
2295 3349 2489 3420 ἀνδρὸς
2531 3351 2626 3402 καὶ
2653 3349 2856 3402 τέκνων
2902 3349 3255 3418 ἀπελείφθης,
3298 3348 3433 3402 ἀλλά
3461 3349 3688 3412 τούτους

2087 3443 2294 3506 πάντας
2311 3442 2591 3496 ἀπολιπεῖν
2610 3441 2629 3472 ⁸
2647 3440 2789 3512 εἶχες
2805 3442 3109 3513 προθεσμίᾳ
3127 3441 3354 3495 θανάτου
3372 3441 3413 3472 ⁸·
3432 3445 3684 3512 κρεῖττον

2085 3535 2142 3587 δὲ
2183 3536 2264 3589 ὅτι
2294 3535 2381 3588 διὰ
2423 3535 2773 3606 σωφροσύνην
2803 3533 3004 3588 ἑκοῦσα
3032 3533 3381 3605 ἀπελείφθης,
3414 3533 3493 3605 ἢ⁸
3519 3535 3686 3604 εἴπερ

2086 3627 2294 3680 ἄκουσα
2345 3628 2483 3700 μετὰ
2535 3628 2725 3700 χρόνον
2772 3630 2856 3698 ἐφ’
2911 3627 3206 3699 ἁμαρτίαις
3246 3629 3438 3690 αὑταῖς
3490 3627 3682 3679 ἀπωλ-

2086 3717 2237 3773 λύου.

2155 3832 2299 3888 XXI.
2337 3835 2522 3906 Πολλῷ
2556 3831 2648 3888 οὖν
2682 3836 2904 3905 ἄμεινον
2948 3835 3018 3890 τὰ
3065 3839 3306 3908 πρωτεῖα
3331 3837 3352 3868 ⁷
3387 3832 3525 3889 εἶναι
3563 3836 3678 3889 Θλι-

2087 3925 2243 3996 6ερά.
2287 3927 2397 3979 Καὶ
2433 3927 2541 3998 γὰρ
2565 3928 2654 3980 ὅτε
2690 3928 2974 3998 πάρεστιν,
3025 3928 3200 3980 ἐλπίδι
3247 3929 3340 3981 τοῦ
3376 3929 3682 4000 παρελθεῖν

2086 4019 2147 4071 ού
2176 4019 2316 4072 πάνυ
2340 4019 2517 4085 λυπεῖ,
2549 4020 2844 4092 προσδοκίᾳ.
2870 4039 2929 4073 τε
2958 4020 3052 4073 τοῦ
3090 4021 3396 4092 κρείττονος
3432 4024 3528 4074 καὶ
3562 4024 3680 4093 Xa!-

2086 4126 2201 4180 ρειν
2235 4111 2481 4182 παρέχει.
2513 4112 2625 4182 Πρὸ
2659 4111 2873 4165 πάντων
2904 4113 2960 4165 δὲ
2989 4111 3184 4164 εἰδέναι
3214 4129 3271 4164 σε
3314 4111 3474 4178 θέλω,
3508 4114 3680 4166 πόσον

2081 4203 2143 4256 τὸ
2177 4205 2470 4273 σωφρονεῖν
2516 4203 2738 4274 ἀρέσκει
2784 4203 2923 4274 Θεῷ.
2978 4203 3040 4255 Ἥ
3077 4201 3307 4274 σώφρων
3352 4205 3490 4274 γυνὴ
3537 4206 3677 4258 Θεοῦ

2084 4295 2312 4367 ἐκλογὴ,
2348 4294 2483 4348 Θεοῦ
2539 4295 2787 4361 εὐδοκία,
2823 4295 2956 4349 Θεοῦ
2992 4295 3154 4366 296
3195 4294 3354 4360 δόξα,
3398 4295 3534 4348 Θεοῦ
3583 4298 3675 4350 τέ-

2083 4403 2230 4438 κνον.
2257 4385 2521 4438 Τοσοῦτον
2546 4385 2747 4453 ἀγαθὸν
2770 4385 2791 4417 ⁸
2818 4386 3160 4456 σωφροσύνη.
3184 4386 3247 4438 Εἰ
3285 4387 3358 4456 μὴ
3386 4387 3470 4438 ὅτι
3507 4389 3676 4458 νόμος

400 4465 487 4522 lex
519 4477 686 4534 esset,
713 4478 772 4523 ut
801 4485 869 4525 ne
900 4469 1085 4540 justus
1109 4469 1328 4539 quidem
1358 4470 1565 4540 absque
1593 4472 1865 4542 baptismo
1894 4473 1978 4525 in-
2010 4473 2023 4526 l

2108 4476 2170 4549 ;v,
2203 4477 2334 4550 μηδὲ
2373 4478 2578 4532 δίκαιον
2612 4478 2942 4533 ἀϐάπτιστον
2965 4479 2986 4509 ⁹
3014 4481 3094 4542 εἰς
3131 4479 3228 4550 τὴν
3262 4478 3542 4550 βασιλείαν
3574 4481 3674 4536 τοῦ

1707 4587 1796 4640 VA
1805 4587 1942 4652 [{le
1984 4588 2384 4646 LECTIONES-

547 4677 644 4756 μία
673 4675 886 4756 μοιχεία
918 4675 959 4756 ρ
1059 4678 1105 4756 ξθ
1147 4682 1214 4749 τῇ
1249 4679 1305 4756 δε
1345 4679 1559 4756 μοιχείᾳ
1583 4680 1729 4756 conj.
1878 4683 1948 4756 __”
1980 4681 2056 4756 lt_a
2089 4683 2130 4735 D
2160 4725 2175 4750 ,
2214 4683 2481 4756 Mei-iterat
2504 4684 2566 4749 C,
2599 4684 2662 4756 0.
2742 4685 2788 4716 ’⁸
2809 4686 2910 4756 τήν
2944 4685 3168 4756 adiunxi
3202 4702 3263 4756 fc.
3297 4685 3342 4740 O
3439 4687 3485 4718 ”
3513 4689 3672 4742 Ματ-

400 4746 573 4822 θιδίαν
598 4746 682 4801 0.
743 4746 1007 4822 ¹⁰⁰Δεί4οη
1033 4746 1504 4822 -.ι-,προσήτιδια
1535 4746 1545 4750 ’
1583 4753 1601 4781 ³
1641 4746 1836 4822 μίανῇς
1869 4752 1927 4806 C.

403 4817 713 4888 μανθάνειν.

2013 4753 2033 4783 ³
2066 4756 2164 4813 τήν
2199 4772 2310 4808 om.
2337 4754 2402 4808 Ο.
2473 4755 2495 4787 ⁸
2522 4755 2838 4809 ἀπολείπειν
2866 4753 2934 4808 Ὀ.
3012 4758 3035 4788 ⁸
3080 4754 3137 4809 In
3187 4755 3232 4810 Ο
3294 4773 3416 4811 esse
3453 4759 3673 4813 videtur

826 4817 906 4898 ζῆ
942 4799 1244 4898 ιιιιιιίιίξιἹξἶ
1287 4799 1540 4898 8ιιὶὶ-ἰιιι1ρ
1558 4799 1704 4893 ἥπερ
1739 4799 1976 4898 ρξ’ξὶςπερ
2109 4799 2246 4898 'i‘um
2276 4825 2415 4898 idem
2442 4842 2554 4879 om.
2589 4828 2778 4898 αὐταῖς
2811 4827 3109 4898 scribitque
3143 4826 3460 4898 ἀπωλλύου,
3495 4845 3547 4883 c.
3581 4799 3668 4898 8,

399 4887 669 4968 ἀπολλύοι)
699 4887 762 4941 C.
817 4889 858 4968 _’
892 4887 1174 4968 πρωατεῖα
1207 4889 1274 4944 Ο.
1328 4891 1372 4968 ,⁸
1387 4890 1470 4968 ita
1503 4889 1546 4945 Ο
1568 4887 1621 4946 et
1657 4887 1719 4968 ex
1739 4887 1986 4968 :conjeet.
2017 4893 2057 4946 Ο
2089 4895 2181 4968 ,jn
2213 4896 2323 4968 cui.
2356 4905 2506 4950 textu
2545 4887 2816 4949 τοσούτων
2847 4887 3090 4965 ἀγαθῶν.
3136 4895 3174 4950 8
3219 4887 3668 4968 ἱιιευροι·ὀοιιὶι;-Ϊ

398 4961 474 5014 cit
503 4957 773 5012 τοσούτων
806 4957 1024 5026 ἀγαθῶν
1058 4959 1249 5015 αἴτιον.
1327 4962 1348 4992 ⁸
1383 4961 1588 5015 δίκαιον
1618 4963 1710 5016 καὶ
1740 4957 2171 5019 ἀϐάπτιστονΟ.
2207 4957 2320 5020 Cl'i'.
2355 4968 2504 5021 hom.
2534 4982 2654 5033 xm,
2689 4969 2775 5021 15.

1703 5073 2073 5137 V’ARIORUM
2108 5077 2339 5134 ΝΟΤᾸΞ.

465 5164 578 5234 (45)
603 5167 871 5233 Μοιχεία.
906 5163 980 5219 De
1014 5163 1284 5220 adulterio
1326 5166 1583 5218 emendes
1608 5166 1768 5218 velim
1797 5166 1976 5221 locum

396 5236 455 5289 8.
485 5235 764 5300 Methodii,
804 5235 858 5288 in
893 5250 1055 5304 opere
1101 5234 1172 5286 De
1213 5235 1377 5287 libero
1421 5237 1669 5301 arbitrio,
1714 5235 1981 5290 Combeli-

393 5309 562 5362 siana:
601 5306 896 5371 editionis,
940 5322 999 5376 ι).
1039 5305 1223 5376 ὃὸξι
1249 5305 1476 5376 ’Έτερος
1502 5307 1750 5376 προσῆν,
1791 5307 1849 5370 ὃς
1880 5306 1973 5359 τοῦ

392 5377 616 5450 πλησίον
638 5378 868 5450 γυναῖκα
884 5373 1096 5450 παίζειν
1115 5373 1290 5450 ἤθελε,
1319 5373 1592 5450 λῃστεύων
1617 5373 1792 5447 γάμον
1819 5375 1976 5450 ἀλλά·-

388 5445 559 5519 τριον,
588 5445 682 5502 καὶ
703 5448 794 5519 ἐπὶ
810 5445 1124 5519 παράνομον
1149 5445 1334 5519 κοίτην
1346 5445 1629 5519 ⁸τραπῆναι.
1653 5445 1971 5519 παρορμῶν,

386 5510 479 5572 τὸν
512 5510 1702 5590 γεγαμηκόταξγνήσιον-(ἰηιιξ-ἀγνήσιονῄνοι
1835 5510 1974 5590 ’γνή-

388 5583 534 5653 σιονὶ
557 5583 771 5660 πατέρα
796 5583 1042 5660 γίνεσθαι
1067 5583 1406 5660 ,θέλωνηῌοο
1425 5583 1509 5641 est
1531 5602 1546 5639 :
1577 5583 1776 5660 Aderdt
1799 5583 1967 5652 illius,

386 5661 477 5730 qui
508 5655 740 5728 proximi
770 5655 926 5711 uazori
954 5657 1198 5730 cupiebat
1233 5655 1477 5722 illudere,
1511 5659 1743 5730 alienum
1773 5661 1968 5730 matri-

388 5728 620 5783 monium
657 5731 949 5798 prwdatus,
977 5738 1024 5780 et
1056 5728 1283 5798 incitans
1310 5743 1425 5798 eam
1461 5737 1516 5779 ut
1544 5728 1613 5780 ad
1638 5729 1970 5781 concubitum

387 5797 664 5856 illicitum
692 5808 1005 5868 verteretur,
1041 5814 1068 5853 e
1109 5797 1298 5854 marito
1341 5797 1514 5856 colem
1548 5799 1722 5868 facere
1767 5809 1967 5872 patrem

2083 5184 2185 5223 non
2210 5186 2405 5223 verum.
2440 5169 2575 5224 Cor.

2153 5240 2266 5310 (44)
2304 5240 2358 5294 ln
2390 5240 2834 5298 Clementinorum
2878 5259 2982 5299 ms.
3023 5245 3113 5300 hic
3136 5244 3204 5298 ad
3237 5242 3538 5311 marginem
3573 5259 3664 5298 re-

2080 5312 2309 5388 centiori
2341 5327 2522 5388 manu
2541 5322 2803 5388 scriptum
2831 5316 3076 5388 cernitur
3101 5333 3118 5388 _:
3142 5313 3326 5388 "Ungi
3355 5314 3451 5388 XCI:
3467 5313 3661 5388 ἐθνικη

2080 5381 2430 5457 ἀϐάπτιστος,
2449 5381 2536 5457 διά
2694 5385 3046 5457 σωφροσύνην
3065 5385 3402 5457 ἐδικαιοῦτο.Δ
3417 5381 3661 5453 Parique

2079 5453 2243 5527 modo
2277 5452 2932 5527 ipfrgﬁmmbﬁymtﬁéy
2957 5452 3015 5527 ἐξ
3049 5454 3306 5527 ἔργων,ᾼῆ
3331 5453 3418 5506 διά
3447 5452 3665 5527 σωφρο-

2081 5521 2264 5594 σύνην,
2345 5523 2412 5576 δι’
2440 5521 2887 5596 ἐλεημοσύνην,’ἢ
2914 5521 3386 5594 διάίδικαιοσύνην,
3408 5525 3460 5596 οἱ
3484 5521 3661 5596 ταῦτα

2077 5593 2484 5665 μετερχόμενοι.
2512 5593 2794 5650 Βασιλείαν
2818 5593 3134 5668 δὲ’Χριστοῦ
3161 5597 3308 5677 μόνοι
3326 5593 3377 5646 οἱ
3401 5593 3660 5718 ἓαπτιζότ

2077 5680 2225 5718 μενοι
2241 5666 2321 5718 εἰς
2334 5664 2492 5718 ἁγίαν
2509 5666 2734 5718 Τοιάδα.
2758 5684 2876 5718 κ.τ.
2898 5667 2947 5718 λ.
2970 5667 3298 5718 Oumomma
3316 5667 3381 5718 ad
3445 5665 3620 5718 clama
3653 5697 3655 5700 ‹

2077 5664 2321 5737 μενοιγείς
2334 5664 2492 5733 ἁγίαν
2509 5666 2734 5737 Τριάδα,
2758 5685 2811 5720 κ.
2826 5684 2876 5718 τ.
2898 5664 3298 5733 λζριιωοιιιηὶο
3316 5667 3381 5720 ad
3403 5664 3620 5737 Pelagia
3653 5697 3655 5700 ι

2076 5749 2201 5805 nam
2226 5736 2472 5788 hmresim
2498 5736 2770 5805 pertinere
2793 5739 3079 5803 videntur;
3107 5747 3165 5791 ut
3190 5749 3244 5792 et
3262 5736 3521 5790 nonnulla
3541 5736 3656 5792 alia

2072 5802 2338 5866 Clementi
2370 5802 2623 5878 ascriptis
2661 5809 2919 5880 operibus
2953 5802 3220 5880 inspersa.
3249 5808 3383 5864 Cor.
