3860 6210
191 298 290 354 545

1295 299 1758 357 CLEMENTINA.
1799 334 1870 345 —
1910 304 2193 361 liOMlLiA
2241 308 2378 365 XIV.

3347 316 3452 372 3.16

192 413 318 468 θεοῦ
352 414 634 484 εἰσελθεῖν,
671 415 813 486 τάχα
844 432 950 470 που
990 415 1100 470 τῶν
1141 417 1310 472 ἐθνῶν
1335 419 1384 470 οι
1419 419 1751 489 πεπλανημέ

1875 425 2150 489 gredialur
2190 427 2244 478 in
2291 443 2517 495 regnum
2558 427 2673 493 Dei,
2708 429 2847 484 forte
2885 447 2976 501 qui
3021 443 3180 489 erant
3215 436 3270 488 in
3314 454 3450 505 gen—

201 523 266 558 θοι
309 507 394 558 διὰ
446 506 804 578 σωφροσύνην
855 508 1016 578 μόνον
1077 509 1314 579 σωθῆναι
1365 509 1632 562 ἐδύναντο.
1672 508 1769 561 At}:

190 595 338 649 τοῦτο
367 596 487 650 λίαν
515 596 707 668 ἀθυμῶ
731 599 989 670 περὶτῶν
1022 600 1079 652 ἐν
1106 600 1285 672 πλάνῃ
1326 588 1766 671 σωφρονούντωᾴν

191 688 265 740 ὅτι
295 688 420 741 ἄνευ
449 687 665 752 ἐλπίδος
691 689 904 760 ἀγαθῆς
931 694 1227 760 σωφρονεῖν
1268 691 1512 762 ἑλόμενοι
1547 693 1684 764 πρὸς
1708 695 1770 747 τὸ

193 765 542 852 βαπίσθῆναι
576 782 824 854 ὀκνηρῶς
862 783 1096 853 ἔχουσιν.
1141 783 1230 864 Διὸ
1257 786 1320 836 οὐ
1367 784 1658 850 σώζονταιο
1687 787 1766 838 ὃτι

187 873 352 943 δόγμα
389 873 527 926 Θεοῦ
560 877 758 940 κεῖται,
802 874 1137 928 ἀϐάπτιστον
1165 879 1246 940 εἰς
1277 877 1376 947 τὴν
1399 877 1564 930 αὑτοῦ
1612 877 1766 947 βασι-

188 965 326 1020 λείαν
353 967 425 1038 μὴ
452 967 734 1021 εἰσελθεῖν.
761 968 948 1022 Ταῦτα
971 968 1136 1022 αὑτοῦ
1163 969 1411 1032 εἰπόντος
1443 970 1539 1023 καὶ
1561 970 1766 1024 τούτων

187 1059 413 1123 πλείονα,
439 1061 520 1125 είς
557 1058 724 1116 ὕπνον
751 1061 1090 1133 ἐτράπημεν.

936 1265 1009 1276 -υο

754 1348 1016 1403 ὈΜῘΛῘΑ
1053 1351 1152 1405 ῐΔ’.

243 1475 281 1530 Ι.
321 1477 729 1564 Ὀρθριέτερον
752 1482 794 1513 ¹⁰
821 1481 877 1536 δὲ
905 1482 1084 1554 πολλῷ
1118 1483 1213 1537 τοῦ
1248 1482 1568 1555 καθημέραν
1601 1486 1628 1538 6
1655 1484 1764 1538 Πέ-

179 1585 295 1639 τρος
307 1569 642 1634 διυπνισθεὶς
664 1573 836 1644 εἰσῄει
857 1574 994 1645 πρὸς
1021 1576 1188 1646 ἡμᾶς,
1207 1576 1301 1628 καὶ
1327 1574 1618 1642 ἐξυπνίσας
1633 1575 1760 1648 ἔφη’

178 1661 458 1725 Φαυστῖνος
500 1664 596 1716 καὶ
619 1665 1006 1728 Φαυστινιανὸς
1036 1665 1153 1736 ἄμα
1180 1665 1457 1738 Κλήμεντι
1484 1666 1620 1737 μετὰ
1653 1667 1761 1720 τῶν

176 1751 378 1806 οἰκείων
413 1753 940 1825 ἀκολουθησάτωσάν
965 1774 1055 1827 μοι
1083 1758 1146 1823 ¹¹,
1179 1758 1328 1819 ὅπως
1361 1759 1418 1811 ἐν
1453 1759 1694 1830 σκεπινῴ
1719 1759 1759 1789 ⁸³

175 1841 264 1909 τῆς
283 1841 559 1912 θαλάσσης
577 1843 726 1914 τόπῳ
754 1844 997 1908 ἐλθόντες
1022 1846 1080 1897 ἐν
1106 1846 1475 1917 ἀκατασκόπῳ
1501 1847 1761 1917 βαπτίσαι

175 1933 331 2003 αὐτὴν
349 1934 691 2005 δυνηθῶμεν.
711 1936 858 2020 Πλὴν
882 1937 975 1990 ἐπὶ
997 1937 1104 1991 τῶν
1132 1937 1761 2010 αίγιαλῶν¹³γενομένων

175 2024 336 2093 ἡμῶν,
369 2025 578 2096 μεταξὺ
611 2028 827 2099 πετρῶν
868 2045 1029 2082 τινων
1064 2029 1300 2100 γαληνοῦ
1333 2030 1427 2084 καὶ
1447 2031 1487 2061 ¹¹⁵
1517 2030 1759 2103 καθαροῦ

172 2115 328 2169 τόπου
365 2117 793 2190 εύπορησάντων
827 2119 1116 2173 ἐϐάπτισεν
1157 2122 1346 2192 αὑτήν.
1399 2121 1588 2192 Ἡμεῖς
1617 2121 1673 2173 δὲ
1709 2122 1760 2175 οἱ

171 2209 397 2279 ἀδελφοὶ,
431 2211 544 2264 τῶν
573 2212 849 2280 γυναικῶν
873 2212 1033 2283 χάριν
1065 2212 1183 2284 ἅμα
1210 2213 1424 2284 ἀδελφῷ
1462 2214 1554 2267 καὶ
1580 2213 1760 2277 ἄλλοις

169 2299 298 2351 τισὶν
328 2301 789 2372 ὑποχωρήσαντες
830 2303 925 2355 καὶ
950 2302 1293 2373 λουσάμενοι,
1317 2302 1478 2374 297
1515 2303 1759 2366 ἐλθόντες

170 2390 255 2444 ἐπὶ
279 2392 435 2456 ¹⁸τάς
462 2395 732 2462 γυναῖκας
769 2393 1176 2464 παρελάϐομεν.
1213 2395 1325 2447 Καὶ
1349 2393 1522 2458 οὕτως
1547 2397 1604 2448 ἐν
1630 2413 1756 2467 κρυ-

170 2483 302 2553 φαίῳ
330 2484 484 2554 τόπῳ
532 2483 890 2555 πορευθέντες
924 2484 1215 2555 εὐχόμεθα.
1239 2486 1468 2539 Ἔπειτα
1496 2487 1524 2538 6
1551 2486 1758 2558 Πέτρος

167 2573 256 2637 τὰς
275 2578 538 2641 γυναῖκας
557 2575 644 2628 διὰ
663 2576 753 2628 τὸν
775 2575 931 2646 ὄχλον
959 2575 1336 2647 προέπεμψεν,
1354 2577 1419 2630 δι’
1447 2577 1613 2648 ἄλλης
1634 2577 1754 2631 ὁδοῦ

167 2665 356 2736 ἐπὶτὴν
386 2666 567 2732 ξενίαν
601 2667 774 2721 ἐλθεῖν
795 2668 1076 2734 κελεύσας,
1106 2669 1314 2740 ἀνδρῶν
1340 2686 1398 2722 τε
1422 2669 1600 2740 μόνοις
1622 2671 1753 2741 ἡμῖν

171 2761 394 2812 συνεῖναι
419 2762 487 2831 τῇ
527 2760 696 2831 μητρὶ
723 2761 817 2814 καὶ
839 2764 958 2826 ταῖς
981 2762 1174 2825 αὐταῖς
1203 2760 1447 2830 γυναιξὶν
1467 2762 1510 2793 ¹⁶
1531 2762 1755 2834 ἐπέτρε-

168 2847 274 2916 ψεν.
314 2851 592 2915 Ἑλθόντες
635 2848 730 2906 οὖν
774 2855 854 2917 είς
886 2855 984 2924 τὴν
1033 2853 1210 2919 ξενίαν
1252 2857 1347 2909 καὶ
1390 2855 1752 2926 ἀναμένοντες

170 2940 317 2994 αὐτὸν
348 2941 524 2995 ἐλθεῖν
557 2941 806 3013 ἀλλήλοις
844 2943 1215 3014 διελεγόμεθα.
1251 2942 1410 2997 Μετά
1457 2944 1648 3014 ἱκανὰς
1691 2943 1748 2996 δὲ

167 3031 301 3103 ὧρας
330 3035 357 3086 6
385 3033 595 3105 Πέτρος
621 3004 814 3100 ἐλθὼν,
844 3034 935 3087 τὸν
964 3004 1126 3106 ἄρτον
1154 3037 1240 3089 ἐπ’
1269 3004 1591 3106 εὐχαριστίᾳ
1618 3004 1749 3088 κλά-

1875 517 2042 580 tihus,
2095 529 2313 586 propter
2359 520 2534 574 solam
2591 522 2905 590 pudicitiam
2956 534 3180 594 possent
3225 528 3447 584 salvari.

1873 608 2141 674 Quocirca
2174 612 2520 666 vehementer
2559 615 2757 670 anxius
2785 632 2906 671 sum
2933 617 2998 671 de
3031 617 3097 674 iis
3121 619 3215 687 qui
3262 619 3315 672 in
3360 636 3450 675 er-

1870 716 1995 755 rore
2024 701 2213 755 vivunt
2247 703 2463 772 pudice,
2489 707 2634 774 quod
2666 707 2785 762 sine
2817 709 2958 762 bona
3003 725 3098 778 spe
3129 709 3447 782 pudicitiam

1869 797 2195 863 consectati,
2239 798 2306 850 ad
2356 798 2688 866 baptismum
2733 801 3106 869 recipiendum
3152 818 3212 857 se
3257 814 3451 872 gerant

1869 889 2128 956 segniter.
2157 889 2338 955 Quare
2379 892 2511 946 salvi
2545 907 2650 946 non
2680 893 2848 959 fiunt;
2885 895 3014 963 quia
3043 894 3136 949 Dei
3170 897 3447 950 decretum

1869 980 2106 1048 positum
2133 991 2238 1046 est,
2264 999 2331 1036 ne
2357 982 2410 1036 in
2446 983 2616 1052 ipsius
2640 1001 2866 1055 regnum
2893 985 3232 1055 ingrediatur
3253 1005 3447 1057 expers

1868 1073 2151 1141 baptismi.
2199 1073 2332 1139 Quae
2362 1086 2650 1145 postquam
2684 1079 2930 1147 protulit,
2969 1088 3025 1134 et
3054 1080 3141 1135 bis
3169 1081 3348 1150 plura,
3377 1083 3447 1138 ad

1867 1181 2124 1220 somnum
2156 1170 2406 1223 conversi
2435 1184 2649 1223 smnus.

2427 1350 2714 1406 liOMlLlA
2751 1353 2894 1411 XIV.

1937 1465 1980 1521 1.
2012 1464 2181 1520 Multo
2207 1477 2386 1521 autem
2425 1470 2716 1533 maturius,
2741 1485 2907 1539 quam
2936 1473 3178 1540 quotidie
3210 1473 3441 1539 solebat,

1864 1555 2060 1612 Petrus
2103 1569 2456 1628 experrectus
2485 1561 2553 1614 ad
2585 1577 2684 1615 nos
2716 1563 2998 1632 ingressus
3031 1573 3133 1628 est,
3170 1581 3308 1634 quos
3349 1582 3445 1620 ex-

1866 1653 2186 1722 pergefecit,
2235 1670 2299 1709 ac
2353 1655 2542 1711 dixit:
2601 1655 2898 1714 Faustinus
2949 1668 3001 1713 et
3054 1659 3445 1718 Faustinianus

1866 1758 2083 1810 unaque
2117 1741 2371 1799 Clemens
2414 1761 2539 1799 cum
2585 1747 2702 1800 suis
2753 1764 2842 1801 me
2887 1762 3208 1816 sequantur,
3258 1761 3315 1806 ut
3351 1767 3445 1806 ve—

1866 1834 2075 1890 nientes
2109 1836 2174 1889 ad
2221 1837 2497 1891 ohtcctnm
2538 1839 2707 1893 maris
2756 1839 2935 1894 locum
2985 1841 3124 1894 clam
3164 1844 3446 1905 possimus

1863 1942 1982 1980 eam
2023 1927 2317 1996 baptizare.
2365 1928 2552 1998 Itaque
2583 1931 2670 1984 ubi
2722 1930 2928 1987 fuimus
2971 1934 3022 1986 in
3058 1935 3256 1999 littore,
3303 1938 3445 1990 inter

1863 2035 1993 2072 saxa
2027 2021 2300 2088 qutedam,
2330 2037 2453 2090 qua;
2485 2024 2842 2092 tranquillum
2875 2035 2928 2078 et
2959 2029 3220 2080 mundum
3262 2029 3441 2082 locum

1862 2112 2518 2183 przeheliant,baptizavit
2549 2115 2716 2168 illam.
2736 2113 2846 2169 Nos
2869 2126 3049 2171 autem
3080 2118 3297 2184 fratres,
3329 2137 3446 2174 mu-

1862 2201 2058 2256 lierum
2087 2205 2256 2272 gratia
2276 2246 2291 2270 ,
2317 2221 2421 2258 una
2455 2220 2580 2258 eum
2603 2204 2770 2258 fratre
2798 2215 2852 2259 et
2889 2207 3010 2260 aliis
3051 2209 3329 2263 nonnullis
3361 2225 3444 2264 se»-

1860 2293 2129 2348 eessimus
2157 2306 2208 2348 et
2242 2295 2507 2361 lavimus;
2545 2311 2610 2350 ac
2648 2296 2874 2364 profecti
2907 2299 2973 2350 ad
3010 2298 3263 2354 mulieres
3290 2315 3443 2355 rece-

1859 2389 2042 2458 pimus
2075 2387 2242 2458 ipsas.
2289 2387 2490 2457 Sicque
2522 2388 2576 2441 in
2625 2388 2808 2443 locum
2855 2391 3132 2444 occultum
3165 2391 3443 2461 progressi

1859 2481 1970 2535 illic
1999 2480 2201 2550 precati
2232 2494 2445 2534 sumus.
2476 2477 2665 2534 Postea
2695 2480 2889 2535 Petrus
2915 2483 3176 2538 mulieres
3206 2485 3277 2538 ob
3307 2485 3444 2539 mul-

1860 2573 2145 2628 titudinem
2199 2573 2492 2642 praemisit,
2535 2572 2737 2641 jubens
2784 2582 2843 2627 ut
2879 2589 2976 2642 per
3018 2576 3244 2630 alteram
3293 2578 3440 2633 viam

1859 2665 1998 2720 irent
2025 2666 2091 2720 ad
2125 2665 2446 2734 hospitium,
2472 2664 2713 2733 solisque
2735 2665 2977 2719 virorum
3006 2667 3162 2721 nobis
3191 2669 3441 2738 permisit

1858 2769 2087 2812 matrem
2134 2773 2198 2812 ac
2244 2756 2506 2811 mulieres
2551 2756 2827 2811 comitari.
2874 2755 3168 2812 Venientes
3205 2774 3336 2829 ergo
3371 2759 3440 2815 ad

1856 2851 2222 2905 diversorium
2253 2859 2304 2904 et
2337 2851 2718 2919 praestolantes
2747 2850 3040 2904 adventum
3087 2851 3234 2904 illius
3265 2851 3438 2906 collo-

1853 2939 2163 3008 quebamur
2202 2939 2458 2993 invicem.
2486 2937 2616 2991 Post
2647 2938 2848 2992 multas
2879 2955 3008 2993 vero
3043 2941 3208 2994 horas
3245 2940 3442 2998 Petrus

1855 3043 2140 3096 regressus
2173 3045 2370 3099 panem
2403 3029 2454 3082 in
2483 3029 2870 3084 eucharistiam
2907 3029 3086 3099 fregit,
3110 3041 3163 3085 et
3193 3031 3314 3085 cibo
3341 3047 3439 3101 po-

170 3141 256 3189 σας
299 3128 389 3180 καὶ
429 3126 642 3190 ἐπιθεὶς
677 3126 832 3193 ἅλας,
867 3130 932 3199 τῇ
984 3129 1153 3199 μητρὶ
1193 3128 1408 3199 πρῶτον
1451 3128 1742 3194 ἐπέδωκεν,

1861 3123 1957 3178 sito
1997 3123 2158 3176 matri
2200 3124 2435 3193 primum
2468 3123 2647 3189 dedit,
2695 3138 2760 3178 ac
2799 3131 2921 3192 post
2961 3138 3082 3176 eam
3120 3125 3278 3179 nobis
3311 3125 3441 3180 ﬁliis

168 3217 312 3269 x11"
343 3218 459 3286 μετ’
487 3217 661 3286 αὐτὴν
698 3218 830 3288 ἡμῖν
880 3219 995 3279 τοῖς
1026 3218 1165 3278 υἱοῖς
1209 3217 1399 3287 αὐτῆς.
1429 3216 1540 3269 Καὶ
1576 3213 1750 3279 οὓτως

170 3307 292 3378 αὐτῇ
329 3307 784 3378 συνειστιάθημεν
807 3307 903 3360 καὶ
929 3306 1020 3360 τὸν
1049 3307 1181 3359 Θεὸν
1205 3305 1399 3376 εύλογή
1410 3323 1598 3376 σαμεν.

231 3397 287 3452 Ι.
325 3398 457 3451 Τότε
492 3399 682 3451 λοιπὸν
705 3399 732 3450 6
765 3398 973 3470 Πέτρος
997 3437 1012 3463 ,
1039 3398 1132 3451 τὸν
1173 3397 1329 3468 ὄχλον
1365 3397 1750 3469 εἰσεληλυθότα

173 3488 279 3542 ἰδὼν
309 3491 401 3544 καὶ
436 3490 728 3554 καθεσθεὶς
751 3491 844 3544 καὶ
872 3489 1357 3562 παρακαθεσθῆναι
1386 3491 1533 3562 ἡμᾶς
1559 3491 1749 3544 κελεύ-

174 3596 290 3644 σας,
318 3582 615 3652 ὑφηγεῖται
649 3581 716 3634 τὰ
760 3581 954 3652 πρῶτα
990 3581 1193 3635 πείθων
1234 3584 1384 3653 ἡμᾶς
1409 3622 1424 3646 ,
1459 3583 1564 3635 τίνι
1605 3583 1749 3656 λόγῳ

171 3672 480 3744 προπέμψας
515 3675 666 3744 ἡμᾶς
719 3673 827 3726 ἀπὸ
878 3673 972 3726 τοῦ
1022 3673 1398 3745 βαπτίσματος
1441 3677 1536 3728 καὶ
1585 3675 1747 3739 αὐτὸς

174 3761 417 3834 βραδύνας
464 3766 721 3837 ἐπῆλθεν.
759 3767 870 3837 Τὴν
929 3765 986 3818 δὲ
1043 3765 1222 3820 αἰτίαν
1266 3766 1418 3836 ἔλεγε
1464 3768 1742 3838 τοιαύτην.

174 3855 306 3926 ’Δμα
335 3858 412 3929 τῷ
458 3861 627 3930 ὑμᾶς,
666 3859 850 3929 φησὶν,
879 3859 1212 3930 ἀποστῆναι,
1250 3859 1429 3930 γέρων
1472 3861 1746 3931 συνεισῄει

173 3946 404 4017 ἐργάτης,
453 3949 768 4021 περιέργως
803 3949 846 3980 ³⁸
875 3948 1122 4002 κλέπτων
1147 3949 1189 3980 ¹⁹
1229 3949 1421 4003 ἑαυτὸν
1440 3989 1454 4012 ,
1489 3950 1582 4002 καὶ
1609 3967 1744 4020 προ-

173 4043 578 4112 κατασκοπήσας
613 4041 790 4112 ἡμᾶς,
827 4041 903 4104 ὡς
941 4040 1104 4104 αὐτὸς
1151 4039 1378 4112 ὕστερον
1435 4041 1740 4111 ὡμολόγει,

174 4131 293 4199 πρὸς
312 4132 369 4184 τὸ
396 4133 525 4185 ἰδεῖν
549 4132 602 4185 τί
628 4133 693 4186 ἀν
720 4132 1054 4203 πράττοιμεν
1080 4132 1162 4195 είς
1185 4131 1276 4184 τὸν
1303 4133 1556 4184 σκεπινὸν
1579 4132 1742 4184 τόπον

175 4222 503 4289 εἰσελθόντες,
529 4224 706 4295 λάθρα
749 4224 918 4287 ἐκϐὰς
947 4223 1333 4294 ἡκολούθησεψ
1381 4224 1475 4279 καὶ
1495 4225 1541 4254 ’θ
1567 4225 1623 4276 ὲν
1654 4223 1744 4276 εύ-

175 4316 327 4388 καίρῳ
350 4319 501 4390 τόπῳ
535 4315 849 4389 προσελθὼν
883 4318 977 4370 καὶ
1002 4316 1452 4388 προσαγορεύσας
1478 4316 1602 4386 ἔφη’
1647 4318 1741 4370 Ἐκ

176 4408 346 4461 πολλοῦ
381 4428 463 4463 σοι
496 4409 803 4463 ἀκολουθῶν
838 4411 930 4463 καὶ
958 4412 1244 4480 συντυχεῖν
1279 4409 1448 4462 θέλων
1475 4410 1736 4480 ᾐδούμην,

1854 3215 1993 3284 ejus.
2026 3217 2202 3284 Atque
2251 3216 2322 3268 ita
2355 3231 2478 3268 cum
2511 3231 2573 3269 ea
2607 3216 2970 3278 comedimus,
3002 3213 3283 3285 Deumque
3313 3217 3438 3271 lau-

1852 3307 2015 3362 dibus
2043 3307 2317 3375 prosecuti
2351 3323 2566 3361 sumus.

1924 3398 1986 3454 ll.
2030 3398 2168 3452 Tum
2201 3399 2398 3453 deinde
2440 3397 2666 3466 Petrus,
2705 3400 3016 3471 ingressum
3054 3399 3318 3468 populum
3355 3397 3436 3452 νὶ-

1851 3490 2022 3556 dens,
2072 3506 2196 3545 cum
2244 3491 2515 3555 sedisset,
2583 3507 2797 3562 nosque
2849 3491 3106 3562 jnssisset
3154 3491 3434 3560 assidere,

1851 3584 2129 3638 enarravit
2165 3585 2340 3652 primo
2373 3599 2437 3636 ac
2478 3584 2684 3648 docuit,
2721 3600 2829 3653 qua
2865 3583 3074 3638 ratione
3120 3581 3280 3637 nobis
3312 3591 3436 3651 post

1851 3673 2186 3741 baptismum
2218 3673 2519 3742 praemissis
2551 3673 2666 3743 ipse
2697 3675 2852 3729 tarde
2887 3675 3161 3729 rediisset.
3195 3673 3432 3732 Causam

1848 3780 1978 3817 vero
2009 3765 2148 3818 hanc
2181 3764 2431 3818 dicebat:
2476 3763 2654 3818 Simul
2701 3777 2866 3835 atque
2900 3781 2998 3819 vos
3025 3807 3039 3831 ,
3077 3765 3293 3836 inquit,
3321 3766 3433 3820 dis-

1849 3856 2114 3919 cessistis,
2142 3871 2305 3910 senex
2337 3857 2622 3924 operarius
2640 3857 3117 3920 advenit,curiose
3147 3857 3433 3912 occultans

1849 3963 1927 4010 se,
1979 3947 2250 4017 nobisque
2298 3947 2453 4017 prius
2502 3947 2810 4003 observatis
2865 3948 3050 4019 (sicut
3083 3949 3199 4018 ipse
3241 3958 3433 4018 postea

1847 4038 2027 4093 fassus
2056 4040 2183 4108 est),
2215 4047 2272 4092 ut
2303 4039 2532 4104 videret,
2564 4040 2826 4110 quidnam
2854 4039 3086 4110 ingressi
3117 4041 3296 4095 locum
3332 4040 3435 4096 ob-

1846 4139 2048 4185 tectum
2090 4146 2408 4200 ageremus,
2444 4131 2584 4185 clam
2623 4133 2756 4186 exiit
2791 4143 2845 4187 et
2878 4141 3100 4188 secutus
3131 4141 3235 4199 est,
3269 4142 3434 4202 atque

1845 4224 1898 4278 in
1941 4232 2249 4294 opportuno
2293 4223 2414 4277 loco
2459 4225 2791 4280 conveniens
2828 4241 2914 4279 me
2947 4241 3010 4280 ac
3039 4226 3284 4280 salutans
3313 4225 3428 4288 ait:

1841 4314 1962 4371 Jam
1993 4316 2084 4370 diu
2123 4325 2174 4370 te
2205 4331 2442 4385 sequens
2475 4326 2528 4370 et
2561 4317 2766 4386 alloqui
2805 4317 3056 4388 cupiens,
3091 4317 3320 4372 verebar
3361 4333 3434 4372 no

1844 4409 1976 4462 mihi
2009 4417 2267 4478 tanquam
2300 4409 2522 4463 curioso
2553 4409 2894 4477 irascereris,
2914 4426 3060 4464 nunc
3089 4418 3270 4464 autem
3308 4425 3433 4479 qua:

177 4501 347 4569 μήπως
371 4502 445 4565 ὡς
489 4501 768 4574 περιέργῳ
798 4519 888 4573 μοι
926 4501 1276 4576 χαλεπαίνῃςο
1314 4501 1409 4554 νῦν
1434 4501 1492 4554 δέ
1517 4501 1585 4553 τὰ
1618 4503 1741 4572 ἐμοὶ

1861 4502 1978 4554 nihi
2008 4501 2262 4556 videntur
2291 4518 2440 4567 vera,
2477 4503 2524 4557 si
2545 4503 2629 4557 vis
2651 4501 2892 4572 profero.
2911 4502 2975 4556 Et
3002 4518 3102 4573 ego
3127 4502 3385 4572 respondi
3412 4521 3427 4558 ι

173 4588 403 4648 δοκοῦντα
434 4595 632 4666 ἀληθῆ,
670 4597 718 4648 εί
770 4594 978 4666 βούλει,
1025 4595 1186 4663 λέγω.
1224 4593 1394 4662 Κάγὼ
1433 4594 1734 4664 ἀπεκρινά-

177 4698 284 4751 μηψ
305 4686 467 4758 298
486 4687 624 4755 Λέγε
649 4689 780 4758 ἡμῖν
807 4688 946 4758 ὅπερ
973 4705 1054 4740 σοι
1076 4688 1224 4741 δοκεῖ
1245 4685 1409 4738 καλὸν
1443 4681 1602 4748 εἷναι,
1640 4686 1734 4737 καὶ

173 4771 519 4850 ἀποδεξόμεθά
554 4797 634 4844 σε,
671 4778 773 4833 κᾶν
799 4779 876 4850 τῷ
919 4779 1031 4832 ὅντι
1070 4779 1144 4850 μὴ
1172 4777 1337 4831 καλὸν
1427 4779 1486 4831 τὸ
1511 4777 1736 4846 λεγόμε-

173 4870 518 4944 νον,ὲπείπερ
558 4871 739 4944 ἀγαθῇ
785 4872 1103 4944 προαιρέσει
1147 4872 1206 4925 τὸ
1246 4871 1435 4925 δοκοῦν
1464 4888 1546 4925 σοι
1573 4871 1735 4924 καλὸν

176 4958 323 5014 εἰπεῖν
349 4963 637 5035 ἠθέλησας.

234 5050 310 5106 Ill.
348 5055 456 5108 Καὶ
480 5057 508 5107 6
542 5055 721 5126 γέρων
747 5053 842 5107 τοῦ
879 5053 1058 5122 λέγειν
1079 5052 1280 5124 ἤρξατο
1312 5051 1503 5115 οὓτως·
1525 5052 1737 5106 Θαλάσ-

179 5153 238 5210 σῃ
279 5141 413 5213 ὑμᾶς
453 5143 811 5215 λελουμένους
859 5144 941 5207 εἰς
978 5143 1022 5175 ²¹
1071 5143 1164 5196 τὸν
1207 5143 1522 5219 ἀπόκρυφον
1566 5143 1732 5197 τόπον

1843 4594 1940 4648 Dic
1973 4594 2133 4650 nobis
2178 4595 2323 4664 quod
2359 4596 2454 4650 tibi
2493 4595 2706 4650 videtur
2741 4610 2864 4649 esse
2895 4595 3124 4661 bonum,
3151 4603 3206 4648 et
3239 4593 3429 4649 lauda-

1840 4689 2024 4742 bimus
2059 4696 2130 4751 te,
2164 4687 2289 4742 licet
2321 4703 2380 4741 re
2411 4703 2537 4742 vera
2564 4729 2579 4754 ,
2614 4687 2762 4756 quod
2796 4687 3003 4742 dixeris
3028 4728 3043 4752 ,
3080 4687 3282 4741 bonum
3317 4700 3428 4742 non

1841 4776 2032 4841 fuerit,
2083 4780 2340 4848 qttoiniam
2394 4778 2649 4848 prudenti
2710 4779 2946 4832 consilio
2990 4779 3076 4844 id,
3124 4777 3270 4850 quod
3325 4779 3430 4844 tibi

1839 4869 2018 4926 visum
2064 4880 2150 4926 est
2202 4871 2428 4937 bonum,
2464 4870 2706 4924 volueris
2741 4870 3016 4940 proloqui.

1909 5047 1997 5102 Ill.
2041 5045 2179 5100 Tum
2219 5061 2382 5100 senex
2431 5045 2505 5100 ita
2539 5046 2707 5114 C(Bpil.
2757 5045 2984 5101 dicere:
3041 5046 3100 5100 In
3136 5047 3277 5101 mari
3328 5062 3427 5101 vos

1843 5140 2042 5196 lavisse
2090 5141 2242 5207 vidi,
2278 5148 2334 5194 et
2385 5153 2509 5209 post
2557 5139 2660 5194 hoc
2691 5140 2759 5194 ad
2810 5150 3086 5196 secretum
3135 5141 3430 5197 secessisse

1456 5319 1692 5375 VARIJE
1732 5320 2137 5377 LECTIONES.

241 5429 278 5507 ξ’
308 5429 380 5507 Ita
411 5434 472 5507 0A
507 5450 558 5490 c.
601 5434 641 5490 S
671 5476 686 5501 ,
715 5434 1033 5507 ὁρθρίτερον
1096 5435 1159 5490 C.
1205 5435 1321 5489 Cfr.
1356 5434 1506 5507 hom.
1529 5452 1630 5507 xu,
1676 5437 1772 5503 l2;
1831 5450 1918 5490 xv:
1945 5478 1960 5502 ,
1991 5437 2054 5507 2|
2085 5456 2100 5502 ;
2153 5453 2289 5502 xvu,
2322 5439 2380 5504 l;
2418 5455 2531 5503 xIx,
2561 5439 2612 5492 l.
2642 5435 2781 5489 Tum
2817 5434 2938 5488 καθ’
2990 5435 3204 5507 ἡμέραν
3257 5435 3421 5507 idem.

184 5497 216 5528 "
241 5497 778 5578 ἀκουλουθησάτωσάν
819 5497 914 5578 ’μοι
1115 5507 1157 5538 ⁸³
1195 5505 1475 5578 σκεπεινῶλ
1509 5505 1552 5559 0
1586 5497 1679 5578 ,et

181 5576 615 5650 φυζηπαρενθέν
664 5578 760 5650 καὶ
792 5577 964 5650 νόθον)
1000 5593 1052 5646 p.
1087 5577 1158 5650 ἐν
1198 5576 1570 5650 ἀκατασκόπῳ
1613 5577 1888 5650 -βαπτίσοιι
1945 5578 2116 5650 αὐτὴν
2173 5577 2510 5650 δυνηθῶμεν.

1411 5646 1422 5662 Ι

184 5635 309 5704 Epit:
331 5635 440 5698 “0'
459 5659 513 5702 et
533 5645 578 5700 0
608 5687 624 5703 .
653 5649 804 5701 deest
833 5648 886 5701 in
919 5635 1068 5702 tex'tu
1100 5647 1184 5710 Ci.

1260 5649 1304 5680 ”
1330 5647 1422 5699 ἐπί
1468 5648 1712 5716 suppleri
1750 5664 1814 5700 ex
1841 5647 1906 5702 0.

183 5721 228 5789 γε
257 5715 390 5782 conj.
555 5719 596 5751 ‘7
621 5718 714 5772 καί
743 5719 870 5789 add.
903 5735 972 5789 c.
997 5717 1074 5789 0.7
1113 5717 1190 5770 Ex
1235 5719 1425 5789 eodem
1473 5715 1689 5789 reposui
1737 5718 1862 5789 ἡμῖν
1883 5758 1900 5784 ,
1936 5720 2080 5789 quod
2129 5721 2345 5786 transiit
2371 5721 2428 5772 S.
2465 5715 2613 5784 Tum
2637 5717 3064 5789 σὐνεστιάθημεν

1724 5509 1973 5580 posthac.
1994 5506 2145 5580 ATum
2179 5508 2256 5580 id.
2404 5509 2497 5561 τοῦ
2533 5507 2908 5580 βαπτίσματοῄς
2941 5505 3312 5580 σχεδιάσωμεν
3345 5505 3424 5580 (in

3269 5577 3312 5606 “
3336 5573 3429 5628 καί

1986 5648 2030 5679 ¹⁶
2060 5644 2152 5747 καὶ
2183 5644 2407 5747 ταύταιέ
2439 5653 2558 5747 ταῖς
2591 5647 2833 5724 γυναιξίν
2864 5648 2920 5747 0n
2937 5686 2951 5709 ,
2980 5648 3071 5699 καὶ
3092 5647 3214 5747 gat;
3236 5644 3430 5747 ᾖλλαις

1986 5735 2059 5747 ..ι-ι,
2131 5721 2339 5747 ...ηιμ-,ζει
2515 5736 2602 5747 ...ιι
2638 5718 3064 5747 ἰιιιρΑ-ριλινυιιιριι
3327 5731 3428 5747 ara-4

3327 5731 3428 5771 πε-

2611 5579 2654 5610 ¹³
2684 5578 2776 5629 τὸν
2831 5577 3076 5644 αἰγιαλόν
3129 5579 3188 5628 (3.

185 5777 375 5850 ρίεργος
416 5785 558 5859 Epit.
639 5789 680 5821 ι’
705 5787 920 5844 κλέπων
953 5788 1016 5846 0.
1055 5788 1302 5860 Sequens
1329 5787 1423 5846 καί
1451 5777 1688 5858 θιἸίρὲι.
1714 5777 1834 5845 υίὈ
1865 5777 2064 5858 {deest
2087 5807 2174 5860 ap.
2203 5777 2267 5846 (ξ.
2346 5791 2390 5822 ²⁰
2415 5790 2506 5846 καί
2540 5777 2744 5846 inserui
2775 5805 2822 5844 e.
2855 5786 2920 5843 0.
2947 5777 3040 5848 ”,²¹
3091 5786 3196 5840 ὑπό
3217 5788 3279 5844 0.
