3860 6210
438 295 546 354 347

1295 295 1350 351 ς.
1392 294 1781 350 CLEMENTIS
1816 295 1836 348 1
1893 295 2056 351 RUM.
2100 296 2298 351 ΡΟΝΤ.
2342 296 2568 351 OPEIM
2606 300 2828 357 DUBlA.

3604 306 3720 363 348

430 411 614 468 locum
647 432 659 467 :
718 413 987 468 accedens
1019 428 1150 484 ergo
1172 455 1186 479 ,
1227 422 1281 466 et
1329 414 1628 466 observans
1658 414 1724 466 de
1762 413 2010 477 occulto,

2119 416 2580 486 ὑποχωρήσαντας
2613 416 2752 477 ἰδὼν,
2782 414 3091 486 προσελθὼν
3120 417 3289 488 λάθρα
3322 420 3715 474 κατεσκόπει-ον

432 505 563 574 quid
606 505 657 557 in
708 514 979 560 secretum
1032 505 1263 575 ingressi
1316 505 1548 574 ageretis
1576 546 1589 569 ,
1626 521 1748 558 cum
1791 515 2009 558 orantes

431 597 824 665 inspexissem,
862 598 1111 651 secessi:
1166 605 1220 650 et
1271 612 1369 649 vos
1417 598 1710 650 miseratus
1768 597 2007 666 opperiri

431 690 590 757 coepi,
617 704 908 757 usquequo
934 703 1187 757 egressos
1216 688 1540 756 allnquerer,
1569 704 1633 741 ac
1655 690 1909 742 docerem
1942 704 2009 743 ne

426 779 646 834 erretis.
678 778 818 844 Quia
862 795 1040 847 neque
1069 777 1211 833 Deus
1243 788 1361 843 est,
1417 794 1592 847 neque
1642 780 2004 851 providentia,

425 869 521 921 sed
555 868 739 938 genesi
776 868 959 921 omnia
994 867 1308 934 suhjacent,
1343 868 1484 922 sicut
1524 884 1624 937 ego
1656 884 1721 922 ex
1753 869 1819 924 iis
1842 910 1856 932 ,
1887 886 2008 938 quae

429 962 561 1013 mihi
598 960 951 1025 acciderunt,
985 959 1432 1015 manifestissime
1462 961 1723 1029 comperi,
1755 961 1806 1013 in
1841 961 2008 1013 disci-

426 1055 573 1121 plina
611 1054 919 1106 matheseos
948 1052 1062 1120 jam
1124 1053 1333 1120 pridem
1397 1052 1684 1121 diligenter
1738 1052 2003 1105 eruditus.

424 1144 547 1197 Noli
587 1160 717 1213 ergo
762 1159 969 1209 errare,
1015 1144 1111 1197 ﬁli.
1154 1143 1279 1197 Sive
1322 1144 1467 1197 enim
1502 1160 1661 1203 ores,
1714 1143 1827 1195 sive
1861 1159 2002 1203 non,

425 1252 547 1303 qua}
579 1235 796 1301 genesis
828 1243 920 1287 tua
957 1235 1223 1301 continet,
1263 1236 1376 1288 haec
1411 1235 1505 1287 tibi
1542 1235 1787 1288 accident
1820 1249 2005 1287 neces-

424 1325 591 1379 sario.
638 1324 773 1378 Nam
837 1326 882 1377 si
924 1340 1112 1394 preces
1165 1334 1389 1394 possent
1423 1325 1628 1393 aliquid
1657 1367 1671 1390 ,
1723 1325 1806 1378 vel
1862 1324 2003 1376 bona

424 1432 611 1483 opera.
651 1416 765 1483 ipse
802 1415 944 1469 inter
1005 1416 1279 1469 feliciores
1313 1431 1511 1469 essem.
1549 1415 1627 1470 Ac
1683 1431 1861 1481 nunc,
1898 1414 2003 1467 nisi

425 1514 477 1557 te
510 1505 713 1573 decipit
761 1506 877 1560 hmc
911 1504 1241 1573 paupercula
1276 1520 1392 1557 mea
1428 1504 1628 1570 vestis,
1665 1504 1828 1557 dictis
1870 1503 2002 1557 meis

424 1612 534 1649 non
563 1595 795 1665 dillidas.
830 1595 968 1669 cum
1016 1596 1143 1648 olim
1194 1596 1249 1648 in
1282 1610 1479 1663 magna
1523 1595 1789 1659 bonorum
1828 1578 2004 1648 abun-

423 1687 611 1740 dantia
646 1703 931 1752 versarer,
964 1688 1135 1741 multa
1170 1697 1281 1741 tum
1333 1687 1440 1741 diis
1478 1686 1848 1750 immolabam,
1886 1696 1997 1738 tum

421 1780 608 1846 egenis
646 1779 916 1849 largiebar
948 1797 960 1832 :
1005 1788 1243 1845 attamen
1286 1778 1417 1831 dum
1461 1792 1558 1830 oro
1597 1786 1651 1830 et.
1713 1777 1799 1845 pie
1833 1777 1957 1828 vivo
1982 1817 1995 1839 ,
2031 1761 2071 1817 Β

424 1869 594 1922 fatum
632 1887 737 1923 non
789 1869 936 1938 potui
980 1868 1235 1937 elTugere.
1280 1869 1343 1920 Et
1374 1882 1474 1936 ego
1509 1867 1623 1921 dixi
1662 1886 1674 1921 :
1736 1866 1995 1932 Quantam

423 1972 589 2027 sunt,
639 1978 760 2031 quae
797 1963 892 2024 tibi
946 1961 1335 2031 contigerunt?
1371 1959 1464 2013 Ille
1506 1974 1634 2013 vero
1671 1959 1950 2028 respondit
1983 1976 1995 2011 :

419 2049 538 2104 Non
566 2067 787 2119 necesse
821 2062 904 2112 est
934 2068 1077 2105 nunc
1107 2050 1291 2103 dicere
1320 2067 1332 2102 :
1366 2048 1504 2103 forte
1554 2049 1606 2102 in
1644 2050 1748 2102 line
1780 2049 1989 2112 audies,

420 2146 673 2213 quisnam
706 2160 804 2215 ego
838 2161 961 2208 cum
1009 2161 1184 2199 essein
1206 2186 1220 2210 ,
1264 2152 1318 2197 et
1357 2161 1421 2199 ex
1456 2144 1657 2213 quibus
1691 2152 1846 2196 ortus
1872 2184 1885 2207 ,
1932 2141 1986 2195 in

2110 504 2172 556 τὸ
2204 504 2254 555 τί
2286 505 2352 557 ἂν
2385 507 2445 557 ἐν
2470 508 2724 577 κρυφαίῳ
2748 508 3011 570 εἰσιόντες
3038 509 3349 578 πράττοιτε,
3378 513 3472 564 καὶ
3505 514 3717 586 ἐπειδὴ

2111 596 2437 664 εὐχομένους
2484 593 2622 649 εἶδον
2660 598 2727 659 ³³,
2772 597 3134 668 ὑπεχώρησα·
3184 598 3409 669 ὲλεήσας
3447 599 3505 651 δὲ
3550 602 3718 671 ὑμᾶς

2112 685 2389 754 ἀνέμεινα,
2435 688 2583 750 ὅπως
2627 688 2898 754 ἐξιοῦσιη
2942 690 3349 760 προσομιλήσας
3392 692 3566 744 πείσω
3633 697 3715 765 μὴ

2111 774 2444 828 ἀπατᾶσθαι.
2472 776 2607 829 Οὔτε
2632 778 2741 848 γάρ
2765 778 2897 840 Θεὸς
2926 779 3100 843 ἔστιν,
3129 779 3249 832 οὔτε
3280 782 3531 851 πρόνοια,
3558 782 3717 836 ἀλλά

2108 866 2323 932 γενέσει
2356 867 2424 919 τά
2458 868 2634 921 πάντα
2661 869 2963 931 ὑπόκειται,
2985 870 3061 932 ὡς
3093 870 3201 938 ἐγὼ
3228 872 3311 939 ἐφ’
3335 865 3413 933 οἷς
3446 872 3715 926 πέπονθα

2108 956 2630 1029 πεπληροφόρημαι,
2667 960 2731 1010 ἐκ
2763 958 2973 1011 πολλῶν
2996 960 3039 990 ’³
3064 961 3307 1031 ἀκριϐῶν
3330 961 3391 1013 τὸ
3437 962 3709 1033 μάθημα.

2108 1046 2199 1115 Μὴ
2232 1042 2324 1099 οῦν
2351 1048 2566 1110 ἀπατῶ,
2600 1049 2809 1101 τέκνον.
2838 1050 2962 1103 Εἴτε
2995 1051 3103 1122 γὰρ
3134 1050 3295 1123 εὔχῃ,
3341 1052 3450 1104 εἴτε
3482 1054 3581 1124 μὴ,
3636 1055 3713 1107 τά

2108 1137 2171 1187 ὲκ
2194 1136 2291 1205 τῆς
2323 1136 2588 1204 γενέσεως
2610 1138 2840 1208 πάσχειν
2863 1140 3106 1210 ἀνάγκην
3128 1140 3288 1210 ἔχεις·
3320 1144 3365 1194 εί
3398 1143 3508 1215 γὰρ
3535 1146 3711 1215 εὐχαί

2105 1244 2159 1279 τι
2187 1229 2439 1282 ἐδύναντο
2462 1230 2506 1260 ’⁸
2534 1230 2564 1300 ἢ
2602 1230 2660 1282 τὸ
2692 1227 2750 1283 εὖ
2788 1235 2986 1295 ποιεῖν,
3013 1233 3175 1295 αὐτὸς
3196 1233 3261 1285 ἂν
3287 1236 3344 1286 ὲν
3369 1239 3481 1299 τοῖς
3507 1238 3709 1307 κρείτ-

2104 1338 2254 1372 τοσιν
2287 1322 2454 1390 ήμην.
2488 1322 2599 1375 Καὶ
2626 1322 2725 1375 νῦν
2752 1325 2800 1375 εί
2842 1326 2913 1393 μή
2952 1340 3011 1375 σε
3043 1325 3227 1394 ἀπατᾷ
3265 1327 3297 1395 ή
3324 1328 3559 1396 πενιχρά
3591 1346 3706 1398 μου

2106 1412 2243 1485 αὕτη
2286 1412 2475 1483 ἐσθὴς,
2516 1414 2615 1467 οὐκ
2650 1415 2970 1485 ἀπιστήσεις
3005 1416 3050 1447 ⁸⁸
3074 1412 3154 1478 οἷς
3196 1417 3354 1485 λέγω.
3397 1418 3484 1470 Ἑν
3520 1418 3703 1488 πολλῇ

2107 1504 2222 1573 βίου
2259 1503 2388 1555 ποτὲ
2430 1502 2505 1556 ὢν
2538 1505 2851 1575 περιουσίᾳ,
2881 1506 3049 1558 πολλά
3073 1508 3166 1559 καὶ
3207 1507 3349 1570 θεοῖς
3384 1508 3564 1569 ἔθυον,
3599 1511 3706 1562 καὶ

2104 1594 2378 1665 δεομένοις
2404 1598 2680 1665 παρεῖχον,
2712 1596 2803 1648 καὶ
2836 1596 2985 1665 ὅμως
3010 1597 3302 1667 εὐχόμενός
3324 1615 3383 1649 τε
3412 1599 3507 1651 καὶ
3533 1600 3705 1661 εὐτερ

2106 1685 2214 1737 ϐῶν
2250 1685 2348 1754 τὴν
2377 1686 2745 1756 πεπρωμένην
2779 1688 3035 1755 ἐκφυγεῖν
3067 1690 3165 1741 οὐκ
3190 1690 3475 1760 ἠδυνήθην.
3517 1690 3703 1756 Κάγὼ

2101 1777 2257 1846 ἔφην’
2282 1776 2413 1827 Τίνα
2442 1776 2586 1827 ἐστὶν
2611 1776 2646 1829 ἃ
2672 1776 2945 1840 πέπονθας
2958 1780 3033 1843 ¹⁷;
3062 1780 3089 1831 ὁ
3114 1780 3170 1831 δὲ
3194 1780 3546 1849 ἀπεκρίνατο·
3574 1780 3701 1837 Οὐκ

2101 1867 2310 1935 ἀνάγκη
2337 1866 2514 1933 λέγειν
2543 1866 2657 1930 νῦν,
2690 1866 2819 1930 ἴσως
2862 1869 2953 1920 ἐπὶ
2984 1868 3125 1921 τέλει
3152 1869 3379 1941 ἀκούσῃ,
3413 1869 3495 1931 τίς
3520 1886 3581 1921 τε
3618 1868 3701 1921 ὢν

2102 1956 2212 2024 ἐγὼ
2246 1958 2336 2008 καὶ
2366 1957 2546 2021 τίνων,
2577 1959 2633 2009 ὲν
2674 1958 2854 2021 ποίαις
2899 1958 3014 2028 βίου
3064 1959 3415 2030 περιστάσεσι
3459 1960 3695 2030 γέγονα.

2101 2048 2215 2100 Νῦν
2246 2047 2300 2100 δὲ
2328 2049 2407 2101 ὅτι
2434 2051 2645 2117 γενέσει
2674 2051 2744 2103 τὰ
2778 2051 2953 2103 πάντα
2987 2052 3300 2114 ὑπόκειται,
3332 2050 3698 2123 πληροφορη-

2103 2138 2258 2207 Οῆναί
2296 2156 2353 2191 σε
2380 2139 2537 2191 θέλω.
3662 2132 3673 2143 ’

419 2238 617 2305 quales
665 2237 988 2301 incurrerim
1039 2237 1163 2290 vita:
1217 2236 1576 2289 calamitates.
1623 2234 1731 2289 Sed
1783 2250 1952 2298 nunc,
2020 2231 2205 2287 omnia
2257 2230 2453 2301 subjici
2506 2231 2805 2300 genitum,
2840 2231 2964 2286 volo
2997 2232 3095 2287 tibi
3143 2248 3264 2289 esse
3314 2234 3689 2303 persuasissi-

420 2343 592 2381 nium.

492 2420 580 2475 IV.
624 2420 738 2491 Ego
766 2421 877 2475 dixi
910 2441 923 2477 :
962 2422 1017 2475 Si
1052 2425 1234 2490 genesi
1260 2435 1453 2478 cuncta
1490 2422 1746 2487 subsunt,
1776 2422 1989 2491 hocque

419 2512 491 2564 ita
524 2527 646 2565 esse
673 2528 994 2580 persuasum
1026 2513 1215 2577 habes,
1247 2522 1423 2565 tecum
1452 2511 1749 2581 pugnantia
1780 2511 1989 2579 cogitas

418 2612 473 2655 et
521 2603 783 2657 consulis.
824 2602 1036 2656 Etenim
1094 2604 1139 2657 si
1198 2616 1390 2657 contra
1436 2602 1615 2655 natale
1663 2617 1731 2657 ne
1785 2601 1988 2655 sentire

418 2695 637 2762 quidem
688 2710 1021 2762 possumus,
1070 2710 1169 2747 cur
1217 2693 1421 2747 frustra
1457 2694 1713 2758 laboras,
1766 2692 1818 2745 id
1870 2691 1986 2745 ﬁeri

418 2784 783 2849 consulendo,
818 2784 962 2852 quod
998 2799 1117 2837 esse
1152 2784 1383 2851 nequit?
1413 2782 1721 2847 Quinetiam
1762 2782 1807 2835 si
1843 2781 1987 2835 nati-

416 2876 556 2929 vitas
586 2874 853 2941 subsistit,
893 2875 1003 2927 noli
1057 2876 1110 2927 in
1165 2890 1231 2928 eo
1264 2890 1465 2927 navare
1494 2889 1741 2941 operam,
1775 2882 1835 2926 ut
1868 2888 1992 2942 per-

416 2967 648 3021 suadeas
679 2967 834 3032 milii,
870 2982 936 3021 ne
964 2966 1143 3022 colam
1175 2974 1447 3019 astrorum
1477 2968 1639 3019 etiam
1674 2964 1986 3031 Dominum,

416 3166 513 3219 per
544 3149 713 3216 enim,
754 3148 897 3217 quod
934 3150 1146 3218 subest,
1182 3147 1257 3214 ei,
1290 3147 1433 3216 quod
1487 3156 1681 3215 pricest
1710 3162 1772 3199 ac
1814 3145 1985 3209 ducit,

415 3250 605 3309 pareat
636 3256 858 3295 necesse
909 3241 1090 3294 habet.
1127 3240 1289 3294 Certe
1318 3238 1568 3292 venerari
1610 3254 1706 3291 eos
1733 3279 1747 3303 ,
1782 3236 1875 3307 qui
1911 3237 1986 3289 dii

414 3341 697 3402 putantur,
734 3333 915 3402 genesi
954 3332 1270 3385 dominante
1303 3327 1641 3399 superﬂuum
1665 3337 1768 3382 est.
1802 3327 1989 3397 Neque

415 3426 561 3480 enim
597 3434 791 3495 printer
822 3424 875 3478 id
900 3468 913 3490 ,
947 3425 1091 3495 quod
1141 3424 1257 3478 fato
1302 3424 1515 3493 placet,
1551 3423 1850 3492 quidquam
1884 3422 1979 3488 fit,

414 3534 593 3587 neque
625 3518 725 3587 ipsi
757 3518 1037 3587 quidpiam
1072 3515 1248 3571 facere
1282 3523 1533 3586 possunt,
1567 3516 1659 3585 qui
1692 3516 1987 3570 universali

416 3608 599 3677 genesi
635 3624 749 3662 sure
790 3608 897 3661 sint
946 3608 1195 3677 subjecti.
1236 3606 1293 3661 Si
1330 3608 1541 3677 genesis
1585 3606 1789 3671 existit,
1822 3621 1988 3675 repu—

416 3708 563 3765 gnat,
594 3698 644 3753 id
675 3699 819 3767 quod
854 3715 962 3752 non
997 3707 1081 3753 est
1108 3698 1369 3767 primum,
1394 3699 1661 3767 imperare
1687 3716 1699 3751 :
1726 3705 1819 3750 aut
1852 3697 1985 3752 sub-

410 3789 616 3858 jectum
664 3806 784 3844 esse
836 3806 944 3843 non
992 3798 1172 3859 potest
1216 3788 1557 3860 ingenitum,
1612 3803 1761 3855 cum,
1794 3795 1981 3857 utpote

417 3881 744 3951 ingenitum,
774 3880 908 3934 nihil
940 3882 1139 3935 habeat
1175 3897 1233 3935 se
1267 3880 1567 3952 antiquius.

492 3972 555 4026 V.
597 3973 724 4027 "(ne
755 3990 879 4028 cum
918 3974 1058 4027 inter
1089 3990 1187 4027 nos
1224 3974 1594 4042 loqueremur,
1631 3972 1821 4043 ingens
1856 3970 1986 4033 asti-

415 4064 480 4119 tit
511 4065 793 4119 hominum
821 4064 1133 4117 multitudo.
1164 4062 1429 4132 Tuncque
1464 4063 1529 4117 ad
1559 4080 1652 4118 eos
1686 4063 1987 4133 respiciens

414 4158 526 4211 dixi
553 4176 565 4211 :
591 4156 701 4226 Ego
731 4172 853 4210 cum
881 4172 1077 4226 genere
1107 4171 1227 4210 meo
1252 4154 1435 4224 accepi
1475 4171 1503 4210 a
1542 4155 1841 4224 majoribus
1872 4155 1987 4211 eul-

415 4259 527 4302 tum
562 4248 678 4314 Dei,
714 4257 766 4302 et
799 4256 1126 4316 prieceptum
1163 4247 1340 4301 habeo
1374 4262 1439 4299 ne
1474 4247 1615 4300 ortui
1654 4246 1982 4311 adhaeream.

412 4339 755 4407 astrologicae
782 4339 1006 4406 inquam
1031 4338 1332 4405 disciplinae
1358 4355 1370 4390 :
1401 4337 1606 4391 idcirco
1631 4337 1696 4390 ad
1721 4352 1840 4390 eam
1866 4337 1984 4393 ani-

414 4447 562 4484 mum
598 4447 707 4485 non
765 4432 1022 4501 applicui.
1071 4428 1225 4483 Unde
1275 4428 1579 4497 astrologiie
1620 4428 1837 4499 quidem
1874 4444 1985 4483 non

412 4531 533 4569 sum
568 4518 777 4585 peritus
807 4536 819 4571 :
856 4534 1090 4587 quorum
1128 4527 1310 4571 autem
1347 4518 1594 4587 peritiam
1646 4518 1821 4571 habeo
1845 4559 1859 4583 ,
1894 4517 1983 4570 illa

414 4622 705 4675 exponam.
741 4607 879 4673 Quia
913 4610 1135 4678 genesin
1170 4624 1235 4661 ex
1290 4609 1406 4676 ipsa
1452 4623 1716 4677 gcneseos
1759 4609 1983 4663 scientia

411 4699 694 4753 confutare
743 4716 978 4769 nequeo,
1012 4701 1134 4754 volo
1167 4692 1269 4753 alia
1306 4700 1517 4753 ratione
1552 4701 1858 4765 ostendere,
1890 4717 1982 4770 per

415 4791 504 4845 Dei
544 4793 942 4861 providentiam
989 4808 1076 4847 res
1110 4793 1501 4857 administrari,
1536 4800 1589 4847 et
1621 4809 1984 4863 unumquem-

414 4898 523 4950 que
552 4882 849 4936 secundum
876 4898 938 4935 ea
970 4898 1091 4951 quae
1120 4873 1305 4946 faciat,
1354 4884 1637 4951 przeinium
1666 4884 1749 4938 vel
1792 4900 1982 4954 poenas

415 4989 533 5029 esse
566 4984 852 5029 nacturum
884 4994 896 5030 :
935 4976 1050 5029 sive
1075 4991 1241 5043 nunc,
1275 4976 1393 5031 sive
1423 4976 1673 5046 posthac,
1702 4978 1838 5034 nihil
1864 4995 1983 5033 mea

2169 2424 2333 2495 299
2370 2426 2457 2479 IV.
2495 2424 2665 2494 Κάγὼ
2707 2422 2947 2503 έφην·Ἐί
2980 2426 3192 2495 γενέσει
3232 2427 3299 2479 τὰ
3326 2428 3503 2482 πάντα
3546 2431 3688 2485 ὑπό-

2097 2530 2297 2576 κειται,
2341 2515 2434 2583 καὶ
2467 2513 2611 2566 τοῦθ’
2634 2514 2680 2545 ⁸³
2705 2514 2877 2577 οὕτως
2926 2514 3075 2585 ἔχειν
3094 2516 3138 2546 ¹⁹
3170 2516 3685 2589 πεπληροφορησαι,

2098 2604 2307 2675 σεαυτῷ
2327 2606 2539 2658 ἐναντία
2562 2606 2695 2659 νοῶν
2713 2622 2775 2657 συ
2784 2604 3115 2675 μϐουλεύεις.
3136 2606 3197 2658 El
3222 2606 3318 2675 μὲν
3339 2607 3446 2677 γὰρ
3464 2608 3511 2638 ³⁰
3530 2610 3688 2695 παρέξ

2094 2699 2305 2767 γένεσιν
2330 2701 2390 2752 οὐ
2414 2700 2634 2753 δυνατὸν
2670 2700 2789 2763 οὐδὲ
2816 2700 2876 2752 τὸ
2914 2702 3128 2770 φρονεῖν
3152 2739 3165 2764 ,
3196 2700 3248 2751 τί
3277 2705 3687 2769 ματαιοπονεῖς,

2096 2792 2479 2862 συμϐουλεύων
2525 2792 2779 2860 γενέσθαι
2824 2792 2852 2844 ὂ
2893 2793 3147 2860 γενέσθαι
3192 2793 3450 2845 ἀδύνατόν
3489 2794 3683 2857 ὲστινς

2093 2882 2207 2943 ἀλλ’
2233 2882 2312 2935 ἔτι
2344 2883 2448 2953 μὴν
2472 2884 2519 2935 εἰ
2544 2884 2758 2951 γένεσις
2785 2884 3109 2953 ὑφέστηκεν,
3137 2884 3210 2954 μὴ
3247 2883 3442 2936 σπεῦδε
3470 2884 3685 2935 πείθειν

2095 2972 2195 3036 ἐμὲ
2231 2973 2304 3036 μὴ
2336 2974 2515 3026 σέϐειν
2547 2974 2637 3025 τὸν
2663 2976 2757 3026 καὶ
2784 2974 2893 3026 τῶν
2932 2975 3148 3036 ἄστρων
3172 2975 3455 3036 δεσπότην,
3490 2970 3553 3029 οὗ
3587 2975 3681 3026 θέ-

416 2973 648 3021 suadeas
679 2973 834 3032 mihi,
870 2982 936 3021 ne
964 2973 1143 3022 colam
1175 2974 1447 3019 astrorum
1477 2973 1639 3019 etiam
1674 2973 1986 3031 Dominum,

415 3057 510 3125 qui
539 3064 593 3109 et
621 3056 665 3110 si
698 3056 825 3127 velit
870 3072 975 3129 non
1014 3055 1129 3119 fieri
1162 3055 1399 3124 aliquid,
1436 3056 1551 3108 lieri
1590 3054 1795 3122 nequit.
1830 3053 1987 3107 Sem-

2098 2973 2195 3042 ἐμὲ
2231 2973 2304 3043 μὴ
2336 2974 2515 3026 σέϐειν
2547 2974 2637 3025 τὸν
2663 2976 2757 3026 καὶ
2784 2974 2893 3026 τῶν
2932 2975 3148 3045 ἀστρων
3172 2975 3403 3046 δεσπότη

2098 3064 2275 3129 λοντος
2299 3067 2392 3118 καὶ
2423 3067 2495 3129 μὴ
2519 3067 2772 3129 γενέσθαι
2805 3084 2878 3128 τι,
2913 3067 3167 3129 γενέσθαι
3190 3067 3403 3120 ἀδύνατι

2094 3064 2275 3129 λοντος
2299 3067 2392 3118 καὶ
2423 3067 2495 3137 μὴ
2519 3067 2772 3135 γενέσθαι
2805 3084 2878 3128 τι,
2913 3067 3167 3136 γενέσθαι
3190 3067 3445 3120 ἀδύνατον
3469 3069 3537 3121 ³⁸.
3560 3067 3682 3119 Αἱεὶ

2090 3154 2199 3226 γὰρ
2225 3156 2285 3207 τὸ
2311 3156 2669 3226 ὑποκείμενον
2693 3156 2771 3227 τῷ
2794 3157 3081 3227 ἡγουμένῳ
3108 3157 3388 3210 πείθεσθαι
3428 3157 3683 3227 ἀνάγκην

2090 3246 2223 3314 ἔχει.
2260 3246 2333 3298 Τὸ
2363 3248 2546 3316 μέντοι
2584 3249 2711 3311 τοὺς
2737 3248 3126 3319 νομιζομένους
3150 3248 3305 3311 θεοὺς
3346 3249 3547 3310 σέϐειν,
3581 3266 3672 3317 γε·

2090 3337 2292 3399 νέσεως
2316 3338 2738 3409 ἐπικρατούσης,
2766 3341 3018 3410 περιττόν
3043 3341 3209 3392 ἐστιν.
3230 3338 3365 3391 οὔτε
3391 3339 3500 3409 γὰρ
3529 3341 3680 3415 παρὰ

2087 3429 2149 3489 τὸ
2179 3428 2371 3482 δοκοῦν
2404 3432 2470 3500 τῇ
2498 3431 2835 3506 πεπρωμένῃ
2859 3449 2911 3484 τι
2941 3432 2986 3463 ³³
3018 3432 3250 3500 γίνεται,
3291 3431 3415 3484 οὔτε
3445 3412 3601 3486 αὐτοί
3622 3450 3679 3504 τι

2089 3525 2264 3577 ποιεῖν
2297 3521 2575 3587 δύνανται,
2609 3527 2675 3594 τῇ
2708 3522 2936 3576 καθόλου
2971 3524 3150 3577 αὐτῶν
3189 3524 3539 3595 ὑποκείμενοι
3580 3543 3675 3594 γε-

2087 3612 2251 3669 νέσει.
2297 3614 2359 3664 Εἰ
2400 3613 2613 3681 γένεσις
2664 3614 2833 3678 ἐστιν,
2878 3614 3179 3668 ἀντίκειται
3226 3615 3287 3667 τὸ
3334 3616 3407 3686 μὴ
3457 3616 3674 3687 πρῶτον

2087 3704 2296 3777 ἀρχειν,
2322 3704 2354 3778 ἢ
2385 3704 2429 3735 ³³
2462 3704 2780 3763 ὑποκεῖσθαι
2812 3707 2873 3763 οὐ
2907 3706 3127 3758 δύναται
3153 3706 3215 3758 τὸ
3254 3706 3517 3778 ἀγένητον
3540 3746 3557 3772 ,
3590 3709 3670 3782 ὡς

2087 3795 2350 3867 ἀγένητον
2376 3794 2567 3849 ἑαυτοῦ
2594 3796 2961 3868 πρεσϐύτερον
2998 3796 3169 3868 μηδὲν
3192 3796 3333 3867 ἕχον.

2158 3975 2222 4029 γ.
2266 3972 2502 4035 Τοιαῦτα
2527 3972 2662 4055 πρὸς
2686 3970 2948 4042 ἀλλήλους
2990 3970 3258 4040 λεγόντων
3293 3971 3472 4042 ἡμῶν,
3506 3973 3671 4036 πολὺς

2086 4068 2334 4139 παρέστη
2361 4065 2535 4136 ὄχλος.
2564 4066 2675 4119 Καὶ
2707 4065 2829 4117 τότε
2854 4063 2965 4133 ἐγὼ
3004 4066 3085 4126 εἰς
3114 4064 3206 4116 τὸν
3240 4063 3394 4133 ὄχλον
3438 4065 3669 4117 ἀποϐλέ-

2089 4177 2204 4212 πων
2228 4159 2381 4229 έφην·
2418 4156 2558 4225 Ἐγὼ
2582 4157 2676 4210 καὶ
2706 4154 2768 4207 τὸ
2799 4155 2931 4225 ἐμὸν
2955 4153 3119 4224 φῦλον
3147 4155 3212 4207 ὲκ
3238 4155 3515 4225 προγόνων
3539 4155 3668 4209 Θεὸν

2090 4250 2266 4321 σέϐειν
2288 4248 2642 4321 παρειληφὼς
2674 4249 2767 4300 καὶ
2793 4245 3161 4318 παράγγελμα
3187 4246 3327 4315 ἔχων
3350 4245 3561 4314 γενέσει
3593 4248 3666 4318 μὴ

2018 4364 2059 4416 D
2090 4343 2465 4415 προσανέχειν,
2501 4342 2643 4409 λέγω
2669 4340 2733 4410 δὴ
2755 4338 2834 4409 τῷ
2856 4340 2956 4410 τῆς
2981 4338 3337 4411 ἀστρολογίας
3363 4339 3664 4411 μαθήματι,

2086 4436 2174 4490 διὰ
2196 4435 2353 4488 τοῦτο
2393 4435 2454 4487 ού
2501 4433 2821 4503 προσέσχον.
2851 4431 3013 4484 Ὅθεν
3048 4431 3401 4501 ἀστρολογίας
3430 4432 3528 4501 μὲν
3569 4434 3665 4485 οὐκ

2087 4513 2656 4598 είμΐέμπειρος,ὧν
2693 4524 2748 4593 δέ
2774 4502 2943 4593 aliis:
2976 4525 3348 4600 ὑφηγήσομαι.
3384 4522 3599 4593 Ἐπειδὴ
3620 4523 3665 4554 ιδ

2087 4619 2300 4687 γένεσιν
2326 4617 2421 4673 ἀπ’
2455 4616 2623 4686 αὐτῆς
2663 4616 2761 4686 τῆς
2804 4614 2946 4667 κατά
2989 4615 3089 4686 τὴν
3114 4615 3325 4681 γένεσιν
3359 4614 3663 4684 ἐπιστήμης

2088 4708 2477 4771 ἀνασκευάζειν
2518 4708 2580 4759 οὐ
2623 4706 2666 4737 ⁸⁵
2716 4706 2980 4775 δύναμαι,
3026 4705 3189 4774 300
3220 4704 3482 4775 βούλομαι
3523 4704 3663 4774 ἄλλῳ

2086 4800 2271 4870 τρόπῳ
2320 4798 2621 4862 ἀποδεῖξαι,
2666 4798 2748 4849 ὅτι
2788 4796 2931 4849 κατά
2970 4797 3230 4869 Πρόνοιαν
3275 4796 3554 4848 διοικεῖται
3594 4796 3661 4848 τά

2090 4892 2421 4963 πράγματα,
2455 4890 2547 4941 καὶ
2579 4888 2806 4951 ἕκαστος
2830 4927 2845 4950 ,
2893 4889 3031 4959 πρὸς
3054 4888 3090 4941 ἀ
3122 4888 3350 4959 πράττει
3373 4889 3585 4959 ,τιμῆς
3625 4889 3656 4958 ἦ

2093 4983 2366 5044 κολάσεως
2400 4979 2667 5046 τεύξεται·
2697 4981 2806 5033 εἴτε
2840 4980 2897 5033 δὲ
2933 4981 2978 5012 ³⁸
3011 4979 3107 5034 νῦν
3139 4980 3251 5033 εἴτε
3283 4976 3467 5045 αὖθις,
3508 4980 3657 5033 ούθέν

1715 5163 1950 5217 νΑῐὶΙᾹῐ
1992 5161 2283 5216 LECTION
2291 5160 2395 5215 ES.

497 5268 693 5325 ἐἶδον
729 5270 767 5323 S
825 5270 868 5325 Ο
900 5313 915 5337 ,
967 5271 1073 5324 ἴδον
1116 5272 1181 5326 C.
1255 5274 1299 5304 ³³
1331 5272 1407 5327 Ita
1457 5272 1501 5327 0
1554 5282 1607 5326 et
1647 5288 1712 5327 ex
1771 5274 2003 5333 conject.
2033 5272 2074 5327 C
2106 5312 2122 5335 ,
2157 5273 2209 5326 in
2242 5272 2351 5340 cuj.
2393 5280 2539 5326 textu
2568 5269 2798 5335 ἀξιοῦσι.
2875 5266 3162 5340 ’δίπολλοῦ
3191 5265 3252 5320 C.
3330 5265 3375 5296 "
3409 5264 3652 5340 δύνανται

412 5339 476 5397 C.

440 5342 476 5397 Ξ.
580 5344 631 5415 _"
662 5342 811 5415 ltaO
860 5342 1040 5415 c.__S_,
1093 5345 1397 5415 ἀπιστήσῃς
1429 5344 1489 5397 C.
1532 5344 1606 5415 _"
1642 5343 1876 5396 πέπονθε
1939 5342 2011 5415 0.,
2080 5344 2129 5415 ’⁸7
2156 5343 2313 5415 τοῦτο
2345 5342 2406 5415 (ἓῄ.
2519 5342 2562 5371 ”
2607 5342 2725 5411 ἕχον
2759 5342 2819 5415 C.
2934 5342 2978 5369 ³⁰
3015 5342 3120 5407 γάρ
3156 5342 3521 5415 Iprzeterniis..‘

414 5416 495 5466 (ll.
530 5412 617 5467 ed.
657 5413 794 5466 l6'58
820 5412 1058 5465 οι1724.
1137 5413 1178 5443 ³¹
1232 5403 1307 5466 Ita
1341 5403 1393 5467 ’ὅ
1440 5430 1490 5468 c.
1522 5410 1662 5477 Epit.
1693 5422 1747 5467 et
1784 5430 1955 5479 marg.
1980 5414 2039 5466 Ci
2062 5454 2074 5475 ,
2117 5413 2334 5466 δυνατόν
2384 5413 2436 5464 in
2470 5403 2819 5479 textufquod
2852 5419 2909 5462 ut
2939 5403 3127 5479 sanam
3156 5403 3277 5479 lect.
3302 5404 3549 5479 repetivit
3571 5403 3646 5479 S_,

2080 5344 2124 5374 ’⁸
2156 5336 2406 5397 τοῦτο’(ὶ.
2519 5342 2562 5371 ’⁸
2607 5342 2725 5411 ἕχον
2759 5340 2819 5411 C.
2934 5339 2978 5369 ³⁰
3015 5339 3120 5407 γάρ
3156 5336 3486 5411 prmtermis.
3510 5336 3555 5411 β
3572 5351 3647 5411 Ac.

413 5483 709 5554 dummodo
772 5479 831 5537 οὗ
884 5482 1130 5545 θέλοντος
1184 5484 1388 5554 referas
1421 5484 1486 5537 ad
1527 5474 1647 5553 ἐμέ.
1698 5484 1767 5554 θ’
1795 5474 2017 5554 τι
2062 5481 2238 5552 Ερὶι.,
2289 5484 2439 5554 deest
2470 5474 2861 5554 ἰιι-ιῳιιιί-βί.Δ
2914 5475 3025 5554 "ﬁ
3066 5477 3205 5554 ειτὸ
3238 5474 3500 5554 ἀγένητον
3533 5474 3643 5529 cod.

421 5552 549 5619 lteg.
588 5552 712 5619 80.4,
742 5554 1012 5607 desuntin
1048 5562 1278 5622 utroque
1314 5546 1616 5607 Hom.coil.
1695 5552 1737 5623 1⁵
1786 5552 1971 5623 ἐπειδὴ
2009 5546 2122 5623 γάρ
2174 5546 2296 5606 cod.
2352 5552 2481 5623 Reg.
2521 5552 2644 5623 804.
2692 5550 2765 5623 μη
2812 5548 2871 5623 οὐ
2925 5547 3049 5623 add.
3099 5546 3140 5597 l)
3190 5562 3264 5623 ex
3315 5546 3546 5623 conject.
3599 5561 3643 5623 ς’.

418 5615 708 5692 nonnullis
744 5623 1008 5692 Epilomes
1046 5615 1345 5676 codicibus.
1365 5623 1539 5677 Verba
1569 5622 1754 5691 ἐπειδὴ
1797 5615 2007 5690 γένεσιν
2022 5615 2127 5675 ’ἀπ’
2155 5623 2321 5691 αὐτῆς
2349 5615 2456 5692 τῆς
2485 5620 2624 5674 κατὰ
2658 5619 2757 5690 τῆν
2778 5618 2988 5686 γένεσιν
3015 5618 3321 5687 ἐπιστήμης
3354 5615 3644 5685 ἀνασκευᾲτ

418 5689 529 5753 ζειν
565 5693 623 5743 οὐ
657 5689 886 5763 δύναμαι
937 5693 1315 5748 desiderantur
1345 5694 1396 5747 in
1445 5692 1508 5748 Ο.

1587 5694 1629 5723 ⁵⁵
1655 5693 1709 5746 δέ
1745 5693 2059 5763 transcripsi
2106 5708 2168 5748 cx
2196 5691 2259 5747 Ο.
