3860 6210
145 222 249 279 349

1302 234 1839 291 CLEMENTINA.—
1867 237 2147 292 llOMlLlA
2174 238 2310 296 XIV.

3313 242 3422 298 550

149 353 239 432 μοι
280 335 572 410 διαφέρει,
619 341 758 419 πλὴν
800 342 882 398 δτι
918 344 1138 411 πάντως
1180 348 1478 402 ἀπολαύσει
1522 351 1731 403 ἕκαστος

1858 351 2121 408 interest:
2177 356 2279 409 nisi
2327 356 2473 425 quod
2509 356 2735 414 omnino
2771 360 3152 432 unusquisque
3183 359 3421 417 fructum

142 421 217 479 ὧν
254 428 525 501 ἔπραξεν.
572 435 634 487 Ἡ
674 435 730 488 δὲ
764 437 1037 504 ἀπόδειξις
1081 441 1175 493 τοῦ
1212 443 1286 513 μὴ
1332 439 1470 501 εἶναι
1511 446 1744 511 γένεσιν,

145 520 290 572 ἔστιν
317 520 486 593 αὕτη.
521 525 648 578 Τῶν
680 529 1044 599 παρεστώτων
1068 532 1123 584 εἴ
1158 551 1243 599 τις
1275 534 1569 607 ὀφθαλμῶν
1592 538 1745 589 ἐστέ-

1851 458 2041 497 eorum
2066 462 2187 514 quae
2215 448 2444 515 gesserit
2477 448 2758 517 percipiet.
2786 448 3193 506 Demonstratio
3218 462 3420 518 autem,

1848 550 1957 589 non
1992 551 2113 590 esse
2168 539 2392 607 genesin
2416 578 2432 603 ,
2470 539 2587 605 haec
2617 548 2719 594 est.
2756 539 2836 605 Ex
2877 542 3186 597 astantibus
3219 544 3265 598 si
3297 545 3422 613 quis

149 629 345 682 ρηται,
386 615 421 685 ῆ
473 616 682 683 κυλλὴν
736 619 851 690 ἔχει
886 622 928 653 ³⁷
961 624 1060 695 τὴν
1105 628 1260 695 χεῖρα
1285 665 1299 690 ,
1361 627 1394 697 ἢ
1437 628 1608 698 χωλὸν
1652 629 1731 682 τὸκ

1848 628 2025 681 oculis
2049 628 2120 681 sit
2149 629 2399 696 orbatus,
2429 639 2522 684 aut
2558 632 2808 703 mutilam
2843 632 3037 686 habeat
3064 648 3311 701 manum,
3337 633 3420 686 vel

146 704 274 795 πόδα
302 745 317 769 ,
348 706 381 778 ἢ
421 708 625 781 ἕτερόν
664 730 717 766 τι
751 715 875 786 περὶ
908 714 1065 787 σῶμα
1086 758 1101 782 ,
1135 718 1163 770 ὃ
1213 719 1559 791 ὑποστροφὴν
1608 723 1731 794 πρὸς

1846 719 2037 788 pedem
2073 720 2353 784 claudum,
2382 721 2467 774 vel
2494 720 2547 775 in
2579 738 2809 792 corpore
2832 722 3037 793 aliquid
3074 724 3242 795 aliud,
3272 726 3419 793 quod

147 794 282 847 ἴασιν
313 797 487 851 πάλιν
530 801 636 854 οὐκ
676 802 810 873 ἔχει,
854 807 948 859 καὶ
983 808 1182 871 παντὸς
1214 810 1454 882 ἰατρικοῦ
1492 812 1536 843 ³⁸
1568 814 1741 882 ἐπαγ-

142 884 413 954 γέλματος
469 892 637 955 ἐκτός
682 894 871 959 ἐστιν,
911 897 969 951 ὃν
1014 900 1135 953 οὐδὲ
1190 902 1507 972 ἀστρολόγοι
1562 906 1741 959 ἰᾶσθαι

144 977 605 1044 ἐπαγγέλλονται,
635 983 715 1036 ὅτι
743 985 816 1055 μὴ
842 987 949 1040 ἀπὸ
980 988 1073 1041 τοῦ
1104 992 1314 1063 μακροῦ
1349 994 1544 1060 αἰῶνος
1566 997 1743 1051 τοιοῦ-

141 1065 226 1117 τόν
258 1085 313 1119 τι
347 1070 621 1138 γέγονεν’
649 1074 759 1143 ἐγὼ
781 1077 836 1130 δὲ
864 1078 997 1134 Θεοῦ
1022 1081 1235 1154 δεηθεὶς
1265 1085 1363 1157 τὴν
1393 1088 1535 1141 ῖασιν
1563 1090 1741 1160 παρά-

146 1174 251 1225 σχω
273 1160 337 1222 ³³,
373 1162 550 1215 ὁπότε
590 1165 654 1218 ἐκ
686 1168 953 1235 γενέσεως
994 1174 1332 1246 κατόρθωσιν
1373 1179 1433 1232 τὸ
1458 1180 1667 1235 τοιοῦτο
1694 1184 1738 1215 ⁸ο

140 1248 391 1302 οὐδέποτε
437 1252 635 1308 λαϐεῖν
681 1258 938 1333 ἠδυνήθη·
982 1264 1176 1319 τούτου
1220 1267 1392 1332 οὕτως
1446 1274 1735 1343 γενομένου

142 1340 232 1433 οὺχ
256 1342 682 1415 ἁμαρτάνουσιν
706 1351 755 1402 οἱ
780 1351 871 1406 τὸν
900 1354 1076 1409 πάντα
1102 1358 1163 1429 δη
1174 1340 1588 1433 μιουργήσαντα-
1604 1366 1737 1420 Θεὸν

144 1432 766 1507 βλασφημοῦντες;Καὶ
816 1446 844 1499 6
886 1448 1062 1519 γέρων
1095 1432 1448 1523 ἀπεκρίνατο·
1485 1455 1737 1528 Βλασφη-

147 1528 257 1594 μεῖν
277 1527 387 1599 γάρ
412 1530 539 1584 ἐστι
561 1534 624 1586 τὸ
642 1535 822 1604 λέγειν
844 1538 1054 1606 γενέσει
1081 1541 1398 1598 ὑποκεῖσθαι
1421 1544 1488 1599 τὰ
1517 1527 1732 1615 πάντας

145 1616 286 1683 κάγὼ
309 1620 744 1695 ἀπεκρινάμηνο
783 1629 893 1681 Kal.
926 1629 1089 1683 πάνυ.
1119 1632 1182 1684 Εἰ
1205 1633 1312 1705 γάρ
1346 1637 1515 1689 πᾶσαι
1541 1638 1597 1690 αἱ
1622 1638 1732 1691 τῶν

1844 814 1898 861 et
1934 807 2109 862 redire
2148 809 2213 862 ad
2253 808 2620 878 integritatem
2676 825 2784 863 non
2822 811 3015 873 valeat,
3054 820 3107 883 et
3152 812 3223 884 sit
3252 826 3419 879 supra

1843 913 2061 953 omnem
2096 900 2364 969 magicam
2399 910 2571 954 artem
2610 918 2623 954 :
2665 912 2824 971 quem
2858 917 3033 971 neque
3063 902 3324 971 astrologi
3360 917 3419 954 se

1842 992 2207 1060 profiteantur
2262 1002 2575 1058 sanaturos,
2612 996 2872 1063 quoniam
2905 995 2973 1048 ab
3019 996 3166 1049 omni
3212 996 3416 1063 saeculo

1841 1081 1978 1135 nihil
2012 1082 2118 1136 tale
2164 1083 2434 1154 contigit:
2470 1099 2569 1153 ego
2591 1099 2720 1138 vero
2772 1083 2944 1137 Deum
2983 1094 3236 1155 precatus
3266 1087 3415 1140 sani-

1841 1180 2006 1226 tatem
2040 1173 2326 1242 przehuero
2354 1214 2368 1236 ,
2398 1174 2841 1243 quandoquidem
2873 1175 2925 1230 id
2961 1177 3273 1230 nullatenus
3309 1191 3411 1245 po-

1841 1264 1943 1317 tuit
1970 1280 2065 1333 per
2094 1266 2317 1332 genesin
2342 1266 2542 1335 corrigi
2569 1282 2582 1319 :
2609 1266 2711 1320 hoc
2742 1266 2813 1320 ita
2844 1266 3006 1332 facto,
3030 1284 3213 1321 nonne
3228 1278 3413 1322 errant

1838 1357 1931 1425 qui
1965 1357 2017 1410 in
2048 1366 2372 1412 cunctorum
2398 1359 2647 1428 Opilieem
2678 1357 2847 1412 Deum
2874 1360 3156 1413 maledicta
3180 1368 3233 1413 et
3261 1360 3411 1414 blas-

1836 1447 2084 1515 phemias
2126 1448 2469 1517 conjiciunt?
2504 1448 2804 1518 Respondit
2836 1465 2995 1504 senex
3025 1469 3037 1504 :
3087 1449 3323 1517 Scilicet,
3355 1451 3410 1504 id

1835 1545 1919 1592 est
1950 1540 2240 1595 maledicta
2270 1540 2538 1604 conferre,
2563 1541 2745 1596 dicere
2774 1543 3035 1611 genitura:
3067 1544 3262 1612 subjici
3290 1544 3410 1605 uni-

1835 1632 2035 1685 versa?
2069 1630 2269 1701 Excepi
2295 1648 2396 1703 ego
2429 1652 2439 1685 :
2465 1631 2701 1689 Omnino
2727 1645 2828 1690 est.
2850 1633 2985 1689 Nam
3018 1636 3062 1689 si
3092 1651 3281 1697 omnes
3308 1636 3410 1699 ho-

145 1707 440 1780 ἀνθρώπιον
489 1715 761 1788 ἁμαρτίαι
807 1720 901 1772 καὶ
933 1721 1177 1777 ἀσέϐειαι
1210 1725 1304 1778 καὶ
1352 1727 1632 1797 ἀσέλγειαι
1675 1730 1731 1796 ἐξ

1837 1724 2048 1778 minum
2103 1740 2319 1781 errores
2375 1735 2429 1781 et
2479 1727 2788 1796 impietates
2840 1736 2893 1782 et
2943 1728 3291 1798 impudicitiae
3340 1743 3407 1782 ex

143 1801 379 1873 ἀστέρων
431 1806 711 1874 γίνονται,
745 1811 795 1863 οἱ
836 1811 892 1864 δέ
934 1814 1162 1885 ἀστέρες
1201 1818 1373 1871 ταῦτα
1418 1824 1593 1874 ποιεῖν
1625 1823 1729 1877 ὑπὸ

143 1890 266 1944 Θεοῦ
312 1894 634 1968 ἐτάγησαν,
663 1900 750 1953 ἵνα
786 1901 1000 1955 πάντων
1032 1905 1282 1975 χαλεπῶν
1322 1909 1729 1967 ἀποτελεστικοὶ

144 1984 418 2057 γένωνται,
442 1991 506 2042 αί
536 1992 755 2046 πάντων
778 1995 1044 2068 ἁμαρτίαι
1065 2000 1145 2061 εἰς
1168 1999 1328 2054 αὐτὸν
1348 2001 1724 2077 ἀναφέρονται,

142 2074 225 2129 τὸν
248 2077 345 2150 τὴν
372 2082 600 2148 γένεσιν
635 2084 795 2139 θέντα
817 2088 875 2140 ἐν
905 2091 1019 2152 τοῖς
1050 2090 1291 2162 ἄστροις.

206 2167 291 2222 VI.
332 2172 449 2224 Kal.
477 2174 507 2225 6
532 2173 713 2246 γέρων
746 2177 1107 2250 ἀπεκρίνατο·
1145 2181 1384 2252 Ἀληθῶς
1410 2185 1662 2255 μεγάλως
1681 2188 1725 2219 ⁸¹

144 2260 287 2334 ἔφης,
313 2266 455 2321 ἀλλά
482 2269 640 2342 πάσῃ
670 2288 761 2323 σου
787 2272 943 2341 301
972 2276 1037 2345 τῇ
1063 2276 1431 2349 ἀπαραὸλήτῳ
1457 2280 1725 2347 ἀποδείξει

146 2358 173 2425 ἡ
210 2358 313 2429 ἐμὴ
348 2361 643 2430 ἐμποδίζει
696 2364 1021 2436 συνείδησις.
1060 2367 1201 2436 Ἐγὼ
1250 2369 1358 2442 γὰρ
1401 2372 1727 2443 ἀστρολόγος

145 2447 209 2500 ὢν
232 2452 323 2503 καὶ
353 2450 583 2522 Ῥώμην
606 2453 819 2525 πρῶτον
843 2456 1088 2527 οἰκήσας,
1115 2454 1232 2527 εἶτα
1250 2461 1294 2491 δ’
1324 2461 1597 2530 φιλιωθείς
1619 2482 1726 2518 τινι

149 2544 270 2614 πρὸς
288 2545 484 2614 γένους
506 2548 625 2601 ὄντι
646 2550 944 2622 Καίσαρος,
974 2553 1138 2611 αὐτοῦ
1166 2573 1226 2609 τε
1254 2557 1348 2611 καὶ
1372 2558 1468 2630 τῆς
1497 2562 1726 2632 συμϐίου

148 2638 233 2707 τὴν
263 2639 479 2707 γένεσιν
525 2641 771 2712 ἀκριϐῶς
795 2642 842 2675 ⁸³
890 2645 1245 2718 ἠπιστάμην,
1287 2649 1382 2717 καὶ
1435 2652 1727 2728 ἱστορήσας

150 2732 447 2801 ἀκολούθως
491 2734 597 2799 τάς
644 2735 874 2811 πράξεις
914 2737 1370 2805 ἀποτελεσθείσας
1424 2744 1605 2799 αὐτῶν
1656 2750 1722 2820 τῇ

1829 1816 2003 1871 stellis
2033 1817 2307 1885 oriuntur,
2344 1819 2513 1873 stellae
2551 1830 2730 1887 autem
2765 1822 2831 1880 ad
2862 1837 2923 1875 ea
2962 1819 3208 1875 facienda
3239 1837 3270 1875 a
3295 1819 3407 1874 Deo

1828 1908 2142 1963 constituta:
2193 1917 2344 1974 sunt,
2383 1926 2494 1979 quo
2544 1923 2869 1967 cunctorum
2922 1912 3251 1983 ﬂagitiorum
3295 1912 3408 1971 sint

1827 1998 2146 2065 effectrices,
2181 2001 2426 2055 omnium
2455 2011 2676 2070 peccata
2702 2003 2769 2057 ad
2796 2018 2921 2057 eum
2953 2002 3283 2069 referuntur,
3308 2002 3401 2072 qui

1827 2090 1883 2144 in
1917 2090 2083 2151 astris
2119 2094 2363 2159 posuerit
2393 2093 2639 2161 genesin.

1899 2182 1989 2238 Vl.
2033 2182 2098 2236 Et
2129 2199 2295 2237 senex
2334 2184 2618 2253 respondit
2646 2201 2659 2237 :
2694 2183 3002 2238 Admodum
3031 2200 3157 2239 vere
3186 2185 3403 2239 loeutus

1827 2285 1923 2336 es;
1978 2272 2071 2325 sed
2107 2273 2254 2325 omni
2286 2285 2393 2326 tua:
2452 2273 2866 2342 incomparabili
2917 2276 3227 2345 probationi
3279 2291 3401 2331 mea

1828 2361 2009 2416 obstat
2040 2362 2399 2418 conscientia.
2427 2362 2541 2434 Ego
2569 2365 2715 2419 enim
2735 2405 2750 2430 ,
2785 2364 2876 2433 qui
2914 2364 3222 2435 astrologus
3251 2380 3398 2431 sum,

1827 2463 1879 2508 et
1915 2452 2101 2507 Roma:
2127 2454 2365 2525 primum
2419 2455 2698 2522 habitavi,
2728 2456 2941 2510 amicus
2991 2465 3179 2525 postea
3223 2454 3401 2510 factus

1826 2547 2111 2616 cujusdam
2152 2548 2245 2618 qui
2279 2557 2398 2602 erat
2435 2564 2502 2603 ex
2538 2563 2735 2618 genere
2794 2546 3028 2603 (hesaris
3051 2587 3066 2611 ,
3099 2548 3202 2602 viri
3252 2548 3400 2603 illius

1828 2639 2129 2708 uxorisque
2176 2638 2295 2707 ejus
2324 2638 2630 2709 genituram
2679 2646 2936 2693 accurate
2968 2647 3154 2691 notam
3188 2637 3396 2700 habui;

1826 2743 2063 2798 cumque
2101 2729 2326 2782 viderim
2368 2744 2475 2794 res,
2508 2738 2669 2798 prout
2700 2727 2908 2783 ferebat
2938 2743 3126 2782 eorum
3161 2728 3395 2797 genesis.

1826 2835 2015 2875 revera
2050 2822 2320 2888 evenisse,
2354 2836 2606 2875 sermone
2641 2837 2671 2875 a
2719 2830 2774 2874 te
2814 2836 3027 2889 nequeo
3057 2819 3396 2890 persuaderi.

1826 2911 2069 2966 Habebat
2104 2912 2250 2965 enim
2305 2912 2504 2966 mulier
2536 2913 2698 2966 talem
2733 2912 3202 2967 constellationem
3228 2953 3242 2978 ,
3277 2928 3400 2982 qua

151 2823 345 2889 γενέσει
374 2826 528 2897 ἔργῳ
549 2829 616 2891 ⁸⁸,
647 2827 729 2880 σοὶ
769 2827 912 2899 λόγῳ
937 2830 1220 2885 πείθεσθαι
1254 2833 1315 2886 οὑ
1341 2833 1594 2907 δύναμαι.
1617 2834 1725 2893 Ἦν

153 2912 246 2983 γὰρ
266 2915 361 2983 τῆς
387 2916 661 2982 γενέσεως
682 2918 852 2988 αὐτῆς
872 2918 934 2971 τὸ
955 2919 1207 2991 διάθεμα,
1230 2923 1416 2978 ποιοῦν
1442 2928 1722 2997 μοιχάδας,

156 3004 282 3056 ἰδίων
312 3005 517 3060 δούλων
559 3006 802 3078 ἐρώσας,
838 3010 932 3080 καί
968 3010 1059 3063 ἐπὶ
1097 3009 1257 3083 ξένης
1299 3016 1358 3067 ἐν
1402 3016 1559 3071 ὕδασι
1594 3018 1721 3090 θνη-

1836 3006 2104 3061 adulteras
2135 3005 2288 3072 facit,
2318 3016 2374 3061 et
2407 3022 2599 3062 servos
2632 3008 2885 3077 proprios
2915 3023 3118 3069 amare,
3148 3008 3202 3061 in
3244 3024 3399 3078 pere-

157 3095 389 3160 σκοὺσας.
411 3100 477 3153 Ὃ
501 3068 604 3176 καί
624 3068 797 3164 οὕτως
816 3068 872 3134 ⁵⁸2
887 3068 1127 3171 γέγονενῖ
1156 3068 1481 3179 Ἐ’ρεισθεῖσα
1492 3068 1716 3181 γάρντοίῦ

1836 3097 2133 3166 ςτίηιιιίοηο
2166 3106 2220 3153 et
2251 3098 2303 3153 in
2338 3099 2497 3168 aquis
2530 3068 2752 3169 defungi
2781 3118 2793 3153 :
2829 3099 2974 3169 quod
3009 3109 3062 3153 et
3093 3100 3166 3154 ita
3195 3068 3397 3156 factum

156 3189 271 3241 ἰδίου
299 3190 508 3256 δούλου,
548 3194 642 3246 καὶ
669 3193 1008 3266 μὴ.‹ρέρουσα
1029 3196 1120 3249 τὸν
1143 3197 1329 3267 ψόγον,
1352 3200 1597 3270 φυγοῦσα
1624 3204 1719 3260 σὺν

1836 3198 1923 3243 ξεί.
1950 3189 2144 3244 Incidit
2170 3206 2408 3260 namque
2443 3190 2497 3243 in
2533 3206 2775 3244 amorem
2802 3191 2945 3245 servi
2973 3192 3081 3257 sui,
3114 3200 3168 3245 et
3194 3210 3399 3262 oppro-

156 3285 312 3357 αὒτῷ,
346 3289 407 3342 ἐν
437 3288 716 3361 ἀλλοδαπῇ
763 3291 1054 3362 ὁρμήσασα
1079 3296 1172 3357 καὶ
1207 3295 1391 3369 κοίτης
1423 3298 1570 3370 αὐτῷ
1603 3318 1718 3354 κοι-

1836 3283 2001 3340 arium
2036 3298 2143 3338 non
2178 3283 2358 3339 ferens
2386 3281 2526 3354 fugit
2554 3298 2679 3337 eum
2735 3284 2883 3352 ipso;
2924 3297 2987 3337 ac
3018 3299 3240 3354 peregre
3270 3300 3397 3355 pro-

156 3380 438 3448 νωνήσασα,
469 3380 615 3435 κατά
641 3382 913 3451 θάλασσαν
932 3384 978 3415 ⁸⁵
1007 3385 1294 3459 διεφθάρη.

1836 3376 1985 3443 'ecta,
2018 3377 2207 3447 illique
2237 3376 2550 3441 commista,
2585 3376 2747 3445 periit
2780 3376 2832 3429 in
2872 3374 3031 3429 mari.

220 3469 322 3536 \lll.
355 3472 531 3541 Κάγὼ
575 3475 979 3547 ἀπεκρινάμην⁹
1026 3479 1136 3532 Καὶ
1177 3479 1295 3543 πῶς
1333 3479 1440 3553 ἄρα
1460 3481 1504 3514 ⁸⁷
1552 3483 1715 3552 γινώ-

1891 3468 2000 3522 Vll.
2052 3468 2116 3522 Et
2148 3483 2249 3538 ego
2280 3466 2535 3536 respondi
2576 3485 2589 3520 :
2641 3465 2792 3520 Unde
2847 3466 3012 3537 igitur
3060 3465 3190 3531 seis,
3245 3466 3391 3537 quod

161 3577 289 3625 σκεις
318 3564 393 3616 ὅτι
428 3566 461 3636 ἡ
496 3564 744 3634 φυγοῦσα
783 3568 840 3618 ἐν
872 3566 1142 3640 ἀλλοδαπῇ
1178 3571 1446 3642 γενομένη
1476 3571 1565 3625 τὸν
1596 3572 1717 3626 δοῦ-

1839 3562 1907 3615 lla
1943 3559 2179 3630 fugiens,
2221 3558 2274 3613 in
2311 3558 2491 3612 alieno
2528 3556 2646 3612 solo
2674 3558 2874 3626 posita,
2925 3572 3082 3612 servo
3123 3558 3388 3627 nupserit,

160 3647 236 3702 λον
257 3650 474 3723 ἔγημεν,
513 3656 608 3708 καὶ
639 3656 865 3725 γήμασα
906 3656 952 3701 Ψ
994 3657 1383 3730 ἐτελεύτησενς
1421 3662 1531 3716 Kal.
1561 3664 1589 3716 6
1618 3664 1713 3732 γέ-

1836 3663 1868 3709 et
1892 3662 2014 3724 post
2046 3652 2264 3721 nuptias
2308 3649 2474 3704 fuerit
2508 3648 2802 3703 defuncta?
2840 3648 2904 3703 Et
2934 3664 3098 3703 senex
3137 3668 3151 3704 :
3182 3648 3393 3705 Certis-

164 3757 270 3810 ρων·
306 3745 585 3814 Ἀσφαλῶς
612 3742 729 3799 οἶδα
758 3747 984 3819 τάληθῆ,
1019 3749 1116 3819 οὐχ
1158 3751 1239 3803 ὄτι
1281 3750 1505 3823 ἔγημεν,
1552 3755 1712 3808 ὁπότε

1836 3747 1972 3811 time,
2006 3745 2202 3814 inquit,
2229 3743 2365 3809 scio,
2390 3757 2579 3796 revera
2609 3757 2717 3795 non
2753 3741 2900 3811 quod
2934 3740 3184 3810 nupserit
3209 3756 3391 3808 servo,

162 3834 251 3887 οὔδ’
272 3836 347 3890 δτι
377 3840 485 3910 ἦρα
519 3839 835 3909 ἐγίνωσκον,
868 3840 1003 3893 ἀλλά
1033 3840 1168 3911 μετά
1214 3843 1314 3915 τὴν
1347 3844 1518 3916 αὐτῆς
1547 3846 1715 3900 ἀπαλο

1836 3836 2257 3908 [uandoquidem
2316 3849 2494 3904 neque
2546 3834 2690 3903 quod
2718 3850 2843 3888 eum
2890 3840 3119 3899 amaret,
3157 3848 3394 3902 agnove-

162 3924 308 3999 λαγὴν
338 3932 489 3984 καὶδθ
513 3930 741 4000 ἀδελφὸς
769 3933 798 3985 6
830 3931 924 3985 τοῦ
958 3933 1149 4004 ἀνδρὸς
1180 3934 1349 4006 αὐτῆς
1367 3936 1490 4007 ἐμοὶ
1521 3937 1712 4010 διηγή-

1836 3946 1932 3985 'am
1970 3949 1983 3984 :
2018 3931 2111 3987 sed
2150 3938 2437 4000 postquam
2465 3929 2707 3998 profecta
2737 3935 2841 3993 est,
2886 3926 3049 3981 etiam
3093 3926 3261 3981 frater
3285 3924 3388 3980 viri

166 4036 275 4073 σατο
302 4025 467 4079 πάντα
516 4026 585 4079 τά
629 4025 771 4080 κατά
814 4027 904 4080 τὸν
960 4029 1131 4099 αὐτῆς
1177 4029 1387 4101 ἔρωτα,
1435 4034 1529 4087 καὶ
1549 4035 1595 4067 ³ο
1636 4036 1714 4100 ὡς

1836 4022 1934 4091 :jus
1964 4020 2097 4076 mihi
2155 4018 2429 4073 enarravit
2477 4034 2695 4072 omnem
2747 4017 2893 4071 illius
2924 4033 3200 4085 amorem;
3244 4017 3391 4087 quod

1812 4113 1949 4183 ipse,
1989 4112 2083 4181 qui
2115 4111 2379 4165 honestus
2408 4118 2545 4174 erat,
2587 4118 2773 4178 utpote
2812 4106 2999 4171 frater,
3046 4108 3282 4161 noluerit
3307 4117 3391 4167 to-

164 4221 238 4260 vat
262 4209 353 4280 τὴν
390 4212 601 4282 κοίτην,
625 4211 719 4264 καὶ
749 4211 867 4274 πῶς
886 4210 1180 4281 βουλομένη
1198 4213 1291 4265 καὶ
1305 4192 1709 4287 αἰδουμένη-αὑ-

1836 4222 1933 4261 um
1965 4204 2260 4266 maculare,
2298 4214 2351 4257 et
2394 4217 2504 4270 quo
2535 4192 2699 4253 modo
2730 4200 2938 4265 volens,
2976 4216 3039 4253 ac
3082 4201 3258 4269 ipsum
3303 4209 3389 4254 at-

166 4297 239 4349 τὸν
249 4302 331 4354 ml.
343 4303 429 4357 τδν
447 4304 615 4373 ψόγον
630 4305 662 4374 ή
680 4302 904 4357 τάλαινα
920 4302 1039 4373 (οὐκ
1050 4302 1164 4357 ἔστι
1176 4304 1283 4376 γὰρ
1303 4306 1471 4378 αὐτὴν
1490 4308 1707 4379 μέμψα-

1836 4313 1917 4367 [ue
1937 4294 2287 4365 Opprobrium
2320 4292 2487 4347 verita
2521 4293 2608 4345 illa
2640 4290 2825 4345 infelix
2875 4290 3072 4359 (neque
3101 4290 3246 4343 enim
3281 4290 3389 4344 int-

168 4387 287 4453 σθαι,
315 4393 390 4445 ὅτι
416 4396 480 4447 ὲκ
513 4394 778 4463 γενέσεως
803 4394 974 4447 ταῦτα
1007 4399 1179 4448 ποιεῖν
1209 4398 1327 4448 re“
1362 4399 1455 4451 καὶ
1482 4400 1713 4470 πάσχειν

1836 4389 2117 4443 )utandum
2168 4386 2217 4440 ei
2259 4393 2363 4449 est,
2405 4385 2532 4454 quia
2575 4399 2693 4437 eam
2727 4383 2940 4451 genesis
2976 4381 3154 4435 facere
3199 4380 3289 4435 illa
3335 4390 3389 4435 et

169 4476 464 4548 ἠναγκάζετο
479 4486 547 4555 ⁸³)
571 4485 775 4555 ὄνειρον
799 4484 905 4538 εἴτε
931 4485 1103 4557 ἀληθῆ
1124 4486 1231 4540 εἴτε
1246 4487 1415 4560 ψευδῆ
1442 4490 1716 4547 ἐπλάσατο

1836 4481 2033 4551 )erpeti
2077 4477 2361 4547 compulit)
2410 4475 2628 4530 tinxerit
2676 4474 2973 4537 somnium,
3020 4487 3280 4526 verumne
3317 4487 3387 4530 an

168 4568 249 4622 οὐκ
276 4572 374 4643 ἔχω
411 4576 608 4647 λέγειν.
653 4576 846 4646 Ἔλεγε
878 4577 986 4649 γὰρ
1021 4578 1186 4650 αὐτὴν
1218 4580 1377 4649 302
1412 4582 1709 4653 εἰρηκέναι·

1836 4572 2036 4634 'alsum,
2072 4586 2178 4623 non
2212 4569 2388 4622 habeo
2423 4567 2623 4621 dicere.
2668 4566 2861 4619 Aiebat
2896 4563 3162 4633 siquidem
3211 4563 3384 4631 ipsam

180 4655 251 4720 Ὧς
274 4661 415 4719 ὃτιὲν
430 4667 667 4738 ὁράματι
693 4667 920 4729 ἐπιστάς
952 4685 1035 4731 τις
1066 4668 1317 4723 ἐκέλευσέ
1353 4689 1443 4741 μοι
1477 4672 1592 4744 ἅμα
1619 4674 1711 4726 τέ-

1836 4663 2021 4717 Iixisse
2056 4679 2069 4714 :
2106 4660 2292 4714 Astitit
2323 4659 2453 4711 mihi
2486 4658 2706 4727 quidam
2738 4672 2833 4724 per
2861 4656 3061 4719 visum,
3092 4655 3185 4724 qui
3222 4655 3387 4724 jussit

172 4762 293 4814 κνοις
327 4754 549 4828 ἐξαυτῆς
580 4758 679 4828 τὴν
732 4757 1014 4827 Ῥωμαίων
1063 4758 1289 4829 ἐκϐῆναι
1333 4762 1507 4817 πόλιν.
1555 4764 1611 4816 Ὀ
1652 4764 1711 4817 δὲ

1836 4769 1901 4807 ne
1931 4768 2055 4807 cum
2079 4751 2261 4806 liberis
2285 4750 2404 4805 sine
2431 4764 2581 4802 mora
2611 4747 2744 4802 urbe
2781 4745 2952 4799 Roma
2982 4746 3186 4816 egredi.
3211 4746 3280 4800 At
3304 4746 3387 4800 vir

174 4834 287 4911 ἀνὴρ
315 4845 568 4910 σώζεσθαι
588 4849 757 4921 αὐτὴν
789 4849 885 4902 σὺν
915 4851 1029 4912 τοῖς
1063 4851 1198 4914 υἱοῖς
1232 4853 1475 4907 σπεύδων
1508 4854 1708 4908 αὐτίκα

1836 4858 1912 4897 πο
1943 4842 2119 4897 salute
2145 4841 2264 4911 ejus
2294 4841 2643 4908 filiorumque
2673 4837 2940 4893 sollicitus
2974 4838 3259 4893 confestim
3289 4853 3384 4893 eos

174 4928 338 4996 αὐτοὺς
367 4939 943 5011 παιδευθησομένουςδδ
962 4942 1156 5005 εἰςτὰς
1186 4943 1413 5013 Ἀθήνας
1434 4943 1709 5015 ἐξέπεμψε

1836 4935 2139 4989 :rudiendos
2194 4933 2436 4987 Athenas
2488 4931 2640 4985 misit
2692 4945 2818 4985 cum
2860 4940 3031 4985 matre
3070 4939 3124 4984 et
3158 4929 3331 4989 servis
3366 4948 3381 4984 :

179 5019 256 5074 σὺν
280 5028 339 5098 τῇ
371 5031 531 5103 μητρὶ
572 5031 664 5084 καὶ
709 5030 939 5097 δούλοις,
974 5031 1158 5103 τρίτον
1188 5031 1243 5085 δὲ
1294 5033 1555 5106 νεώτερον
1596 5036 1708 5091 υἱὸν

1836 5028 2019 5082 labens
2068 5026 2448 5079 verotertium
2498 5023 2690 5088 lilium,
2742 5021 2838 5091 qui
2880 5030 2999 5076 erat
3044 5022 3246 5088 iunior,
3278 5022 3382 5076 sibi

1461 5165 1697 5221 VARI/1'1
1733 5162 2131 5219 LECTIONES.

238 5243 638 5331 ’7E15t__addllnt
660 5252 804 5324 Epit.
828 5263 880 5309 et
907 5251 1027 5331 cod.
1065 5253 1196 5323 Reg.
1235 5253 1536 5331 8_0431n_0_
1562 5266 1678 5331 Aest
1714 5254 2055 5331 {ﬁnally}
2088 5254 2189 5331 τὴν
2232 5256 2393 5331 χεῖρα
2416 5251 2608 5331 you.“
2637 5250 2680 5281 ³⁸
2721 5250 2864 5331 licet:
2901 5248 2980 5331 Ο...
3042 5250 3086 5282 ³³
3115 5250 3380 5330 παρασχῶ

183 5309 215 5361 (ἶ
237 5353 250 5376 ,
271 5308 475 5393 ξτᾶρέξω
532 5308 718 5393 Epit”.
754 5325 1093 5393 παρασχήσω
1140 5308 1285 5393 δοιῇ.
1320 5308 1685 5380 78.7781ibindc
1718 5308 1898 5379 ὁπότε
1926 5326 1954 5376 6
1980 5308 2044 5377 ἐκ
2089 5308 2157 5377 Οί
2229 5308 2274 5357 ίδ
2301 5308 2631 5393 1.0!.06‘IC‘OVAO.
2662 5390 2692 5393 __
2737 5320 2780 5393 ξί
2824 5320 3070 5393 μεγάλως
3100 5308 3377 5393 omiserim

405 5383 451 5471 ξ’
504 5383 789 5471 εἷταμοᾶό.
836 5383 884 5447 c.
1037 5383 1316 5471 -S‘ubin'de
1360 5395 1619 5471 ei)t_d)02_£_<;
1651 5395 1713 5471 (ξ.
1819 5396 1866 5471 ff
1893 5394 2135 5471 ἀκριϐῶς
2168 5393 2346 5471 recepi
2396 5408 2461 5446 ex
2494 5389 2584 5471 Ὀ.
2651 5383 3041 5471 ξδιάικὸλοῦθως
3060 5390 3126 5471 τῇ
3167 5383 3377 5471 γενέσει

185 5452 455 5537 amoma;
507 5464 738 5537 πράξεις
767 5452 1391 5537 ἀποτελεσθείσας--ἕργῴ
1423 5467 1482 5520 C.
1558 5452 1777 5537 "f'oi'mo
1810 5465 1874 5537 ρ.
2018 5452 2397 5537 κοινωνήσασα
2447 5452 2977 5537 αῦτῶ,ηθαλάσσῃ-ρ.
3014 5452 3376 5537 κοξὲηξ-ᾳύτιῖξ

188 5531 522 5604 ξρινωνήσασα.
552 5527 607 5589 κ.
635 5527 933 5589 ’θάλασσαν
956 5534 1014 5587 C.
1092 5534 1135 5565 ⁸⁷
1168 5527 1289 5595 πῶς
1319 5527 1374 5604 p.‘
1409 5538 1501 5589 καὶ
1535 5535 1651 5599 πῶς
1685 5536 1791 5604 ἄρα
1822 5534 1882 5587 D.
1960 5534 2004 5566 ³⁸
2041 5527 2424 5604 γημάσασαᾼΟ.
2472 5560 2473 5565 η
2502 5533 2545 5563 ‘9
2568 5527 2596 5584 6
2620 5530 2682 5584 C.
2834 5527 3042 5604 κὰὶέιαί
3208 5527 3374 5604 δίκαι

190 5588 527 5728 ὸὸ
558 5608 618 5661 {1.
647 5588 783 5663 Tum
820 5605 997 5674 recepi
1030 5605 1129 5676 τήν
1157 5621 1221 5661 ex
1251 5588 1334 5675 ὀί
1362 5588 1467 5677 qui
1492 5588 1603 5661 scr.
1632 5588 1847 5659 ὀλλάναι.
1930 5606 1973 5638 ⁵³
2003 5588 2064 5658 τέ
2097 5588 2218 5659 ΞΜ.
2247 5622 2294 5658 c.
2328 5602 2391 5658 Ο.
2468 5604 2513 5636 ⁵³
2540 5598 2899 5669 ἠναγκάζετο,
2935 5600 2997 5656 Ο.
3074 5598 3120 5630 ⁵⁸
3148 5596 3358 5676 πᾳιδειιν

232 5679 434 5737 ισομενας
459 5679 519 5728 Ο.

166 4118 334 4186 σεμνὸς
362 4118 454 4186 ὣν,
493 4121 589 4174 ἅτε
621 4120 686 4192 δὴ
720 4120 865 4174 καὶδί
891 4119 1138 4189 ἀδελφὸς,
1162 4123 1261 4175 οὐκ
1293 4122 1557 4197 ἐϐουλήθη
1590 4128 1712 4196 μιᾶ-
