3860 6210
444 259 539 312 551

1318 255 1373 309 S.
1416 251 1801 308 CLEMENTIS
1835 253 1852 306 l
1894 252 2056 306 ROM.
2099 251 2296 306 PONT.
2335 251 2559 304 ()PERA
2600 250 2823 306 DUBIA.

3596 246 3722 299 352

445 393 570 433 cum
608 377 869 441 retinuit;
901 375 946 430 is
976 375 1144 440 cnim,
1176 373 1269 442 qui
1309 389 1568 442 responsa
1603 374 1656 426 in
1695 372 1904 425 somnis
1930 371 2022 423 de-

2136 367 2266 437 ἔχων
2301 368 2424 437 ἔσχε
2463 369 2590 438 παρ’
2627 365 2803 436 ἐαυτῷ
2819 366 2882 427 ⁵⁸,
2919 366 2992 428 ὡς
3037 363 3100 433 δὴ
3133 363 3225 415 τοῦ
3263 361 3718 432 χρηματίσαντος

445 471 619 535 derat,
655 484 780 522 cum
820 484 884 521 eo
923 483 1140 521 manere
1182 467 1333 521 illum
1374 466 1713 536 permiserat.
1750 465 2018 518 Cmterum

447 562 619 616 multo
669 561 854 628 elapso
890 558 1131 628 tempore
1168 560 1235 613 ab
1283 575 1345 612 ea
1384 560 1591 612 litteras
1629 575 1736 611 non
1775 558 2017 626 accepit;

445 666 682 719 cumque
720 666 862 719 saape
893 650 1136 702 Athenas
1177 649 1438 712 misisset,
1474 659 1756 716 assumpto
1791 663 1895 713 me,
1927 647 2019 716 qui

444 742 494 796 ei
547 741 792 795 omnium
848 755 1023 793 essem
1067 739 1557 808 eonjunetissimus
1606 753 1669 792 ac
1704 739 2021 804 ﬁdissimus,

445 832 510 885 ad
543 847 662 886 eam
696 832 1043 900 quaerendam
1083 831 1359 900 profectus
1386 840 1488 885 est.
1525 829 1723 886 Multos
1771 832 2022 900 equidem

444 938 569 977 cum
619 923 735 990 ipso
785 923 838 974 in
887 921 1326 990 peregrinatione
1375 921 1590 976 labores
1620 923 1871 976 alacriter
1902 923 2023 987 tuli,

445 1029 653 1067 memor
691 1014 836 1083 quod
883 1014 936 1066 in
995 1014 1176 1081 prisca
1216 1029 1314 1067 sua
1367 1012 1624 1068 felicitate
1666 1031 1750 1068 me
1779 1015 2022 1067 omnium

444 1105 728 1159 habuisset
758 1106 994 1172 socium,
1041 1122 1105 1160 ac
1157 1122 1322 1176 supra
1348 1122 1536 1160 omnes
1567 1106 1773 1160 amicos
1804 1106 2026 1159 dilexis-

444 1205 546 1250 set.
599 1195 786 1267 Itaque
836 1197 1008 1251 Roma
1067 1198 1352 1264 solvimus,
1395 1198 1583 1266 sicque
1629 1198 1682 1250 in
1723 1197 1822 1251 has
1857 1195 2027 1268 Syria:

445 1297 626 1356 partes
654 1289 975 1343 devenimus
1011 1298 1064 1342 ct
1094 1290 1404 1358 appulimus
1447 1289 1513 1342 ad
1568 1287 1892 1342 Seleuciam.
1933 1288 2028 1342 At-

443 1395 549 1448 que
582 1379 655 1432 ita
685 1394 714 1432 e
748 1380 870 1432 navi
915 1380 1152 1446 egressis
1195 1379 1375 1443 nobis,
1410 1379 1496 1432 ille
1527 1395 1634 1432 nou
1678 1381 1877 1434 multos
1910 1390 2030 1449 post

444 1471 559 1524 dies
593 1487 703 1540 pra:
726 1471 895 1524 animi
922 1471 1108 1524 dolore
1133 1471 1286 1534 obiit,
1314 1486 1414 1541 ego
1442 1481 1621 1524 autem
1651 1472 1756 1525 huc
1788 1473 2027 1536 veniens,

445 1562 647 1615 victum
679 1562 748 1615 ab
783 1577 848 1615 eo
889 1571 1130 1632 tempore
1160 1562 1227 1616 ad
1278 1562 1425 1616 hunc
1463 1577 1635 1631 usque
1677 1562 1819 1616 diem
1855 1562 2031 1616 mani-

448 1651 550 1705 bus
588 1667 870 1721 comparo.

518 1831 649 1886 V‘lll.
695 1831 788 1887 llis
825 1850 853 1886 a
893 1848 1021 1888 sene
1049 1832 1207 1886 dictis
1239 1832 1476 1887 intellexi
1511 1848 1576 1886 ex
1607 1834 1856 1889 oratione
1883 1838 2025 1904 ejus,

449 1939 657 1987 senem,
688 1939 848 1992 quem
881 1924 1084 1977 obiisse
1123 1924 1358 1990 dixerat,
1386 1924 1534 1981 illum
1569 1925 1745 1994 ipsmn
1780 1942 1902 1980 esse
1933 1943 2028 1996 pa-

450 2027 586 2070 trem
631 2027 896 2070 vestrum.
949 2015 1107 2070 Nolui
1165 2033 1296 2085 ergo
1327 2017 1394 2081 de
1445 2018 1642 2072 vestris
1686 2018 1849 2073 rebus
1901 2035 2026 2073 cum

448 2125 514 2163 co
540 2123 846 2163 sermonem
879 2107 1150 2172 conferre,
1190 2109 1364 2162 donec
1399 2110 1889 2163 communicasscm
1935 2125 2028 2164 vo-

449 2200 685 2254 biscum.
729 2197 844 2254 Nisi
875 2200 1018 2269 quod
1053 2199 1144 2254 ubi
1192 2200 1491 2268 hospitium
1527 2199 1648 2268 ejus
1689 2200 2026 2268 didicissem,

449 2281 740 2359 meuinque
787 2290 1136 2354 iudicassem,
1179 2291 1495 2359 explorandi
1543 2305 1732 2352 causa,
1764 2291 1867 2344 hoc
1914 2298 2031 2343 tan.

451 2394 562 2438 tum
598 2393 946 2454 percontatus
996 2401 1140 2450 sum,
1173 2385 1316 2454 quod
1361 2393 1504 2439 esset
1537 2385 1651 2438 seni
1687 2384 1918 2437 nomen?
1943 2383 2030 2435 ille

448 2480 655 2535 autem,
686 2467 946 2538 Faustus,
974 2472 1179 2540 inquit;
1209 2472 1336 2526 item
1375 2471 1520 2542 quod
1555 2488 1753 2526 nomen
1796 2472 2029 2541 geminis

449 2562 620 2618 ﬁliis?
657 2563 745 2616 ille
792 2578 922 2616 vero
959 2564 1260 2632 respondit,
1298 2563 1595 2618 Faustinus
1633 2573 1687 2618 et
1725 2563 2031 2618 Faustinia-

448 2667 589 2718 nus;
637 2661 691 2706 et
731 2653 1008 2721 quodnam
1054 2654 1214 2708 tertio
1267 2654 1416 2707 lilio?
1467 2653 1536 2707 At
1567 2655 1656 2708 ille
1701 2655 1858 2719 dixit,
1909 2654 2032 2708 Cle-

450 2760 634 2811 mens;
673 2745 906 2813 denique
938 2760 1048 2814 quo
1072 2745 1306 2811 Tnomine
1353 2754 1642 2798 vocaretur
1684 2761 1872 2800 eorum
1916 2763 2002 2800 ma

452 2835 569 2889 :er?
592 2845 644 2890 et
675 2837 749 2889 ait
775 2876 789 2901 ,
823 2835 1084 2890 Mattidia.
1117 2835 1230 2905 Ego
1270 2836 1432 2907 igitur
1458 2852 1522 2891 ex
1554 2837 1899 2891 miseratione
1921 2838 2030 2891 colo

455 2927 791 2997 lacrymans,
822 2928 1048 2982 dimissa
1077 2929 1256 2993 turba,
1288 2932 1409 2981 veni
1448 2928 1512 2981 ad
1548 2945 1663 2990 vos,
1703 2937 1762 2982 ut
1785 2938 1904 2997 post
1926 2929 2029 2982 cibi

2124 460 2242 512 κατ’
2276 459 2406 528 ὄναρ
2456 461 2690 510 συνεῖναι
2729 457 2890 509 αὑτὸν
2923 454 3069 524 αύτῷ
3104 453 3513 524 ἐπιτρέψαντος.
3568 453 3722 504 Πολ-

2122 550 2216 603 λοῦ
2249 550 2304 602 δέ
2339 551 2532 622 χρόνου
2579 548 2870 609 διελθόντος
2915 547 3014 598 ούκ
3045 545 3202 597 ἔλαϐε
3235 545 3541 616 γράμματα
3578 547 3712 614 παρ’

2122 641 2307 710 αὐτῆς.
2347 641 2519 703 Αύτὸς
2549 639 2804 701 πολλάκις
2826 638 3043 707 πέμψας
3063 639 3142 698 είς
3175 635 3420 706 Ἀθήνας,
3458 635 3562 705 ἐμὲ
3599 653 3693 687 πα-

2127 731 2372 802 ραλαϐὼν
2407 731 2482 793 ὡς
2532 731 2746 782 πάντων
2797 729 2944 798 αὐτῷ
2994 726 3358 797 γνησιιέττερον
3409 724 3564 788 ὄντα,
3615 726 3712 777 ἐπὶ

2123 822 2221 891 τὴν
2252 819 2473 892 ζήτησιν
2505 820 2729 889 αύτῆς⁸⁶
2771 818 3058 890 ἐπορεύθη.
3085 817 3262 870 Πολλά
3299 817 3395 886 μὲν
3427 811 3521 869 οὖν
3556 817 3710 887 αὐτῷ

2125 915 2219 965 καὶ
2249 911 2389 965 κατὰ
2422 913 2520 982 τὴν
2562 911 2870 980 ἀποδημίαν
2905 909 3239 978 συνέκαμνον
3273 908 3317 939 ’τ
3367 906 3703 979 προθύμως,

2129 1020 2195 1073 με
2204 1019 2307 1072 μνη
2317 1003 2472 1072 μένος
2493 1003 2572 1054 ὅτι
2589 1002 2689 1071 τῆς
2718 1000 2884 1053 πάλαι
2903 999 3067 1053 αὐτοῦ
3085 998 3427 1069 εὐδαιμονίας
3448 999 3707 1050 κοινωνόν

2129 1111 2196 1164 με
2231 1095 2445 1147 πάντων
2478 1089 2642 1163 εἶχεν,
2676 1093 2814 1163 ὑπὲρ
2837 1091 3045 1153 πάντας
3062 1088 3224 1142 αὐτοῦ
3259 1089 3485 1162 με-τοὺς
3519 1088 3708 1157 φίλους

2126 1185 2353 1252 ἀγαπῶν
2370 1186 2435 1236 ⁵⁸.
2474 1185 2584 1238 Καὶ
2611 1184 2672 1253 δὴ
2701 1167 3117 1252 ἶπεπλεύσαμεν
3146 1182 3311 1249 αὐτῆς
3343 1179 3589 1250 Ῥώμης,
3617 1182 3710 1232 καὶ

2127 1274 2300 1338 οὕτως
2323 1277 2402 1337 είς
2423 1275 2490 1327 τὰ
2524 1273 2753 1326 ἐνταῦθα
2783 1273 2883 1342 τῆς
2913 1272 3110 1342 Συρίας
3143 1270 3436 1340 ἐγενόμεθα
3473 1271 3620 1340 μέρη
3639 1269 3711 1331 ⁸⁹,

2130 1365 2222 1416 καὶ
2255 1366 2335 1426 είς
2367 1364 2683 1417 Σελεύκειαν
2709 1362 3086 1434 παρεϐάλομεν
3103 1362 3170 1424 ⁸ο,
3193 1360 3287 1412 καὶ
3315 1359 3489 1422 οὕτως
3511 1359 3715 1411 ἐκϐάν-

2128 1472 2234 1508 των
2269 1455 2423 1526 ἡμῶν
2453 1455 2547 1507 τοῦ
2583 1455 2766 1508 πλοίου
2806 1454 2920 1525 μετ’
2948 1454 3007 1506 οὐ
3033 1451 3230 1514 πολλὰς
3258 1451 3470 1521 ἡμέρας
3502 1451 3716 1513 ἐκεῖνος

2134 1547 2232 1618 μὲν
2249 1547 2289 1578 ⁸³
2321 1546 2541 1616 ἀθυμῶν
2576 1547 2941 1615 ἐτελεύτησεν.
2983 1543 3123 1611 Ἐγὼ
3154 1543 3208 1595 δὲ
3245 1542 3474 1594 ἐνταῦθα
3504 1541 3680 1593 ἐλθὼν
3699 1581 3715 1603 ,

2131 1637 2231 1700 τὰς
2259 1637 2347 1690 διὰ
2377 1637 2484 1689 τῶν
2515 1637 2712 1708 χειρῶν
2744 1636 2946 1708 τροφὰς
2966 1634 3151 1688 ἔκτοτε
3184 1634 3276 1685 καὶ
3301 1633 3381 1694 εἰς
3415 1630 3584 1700 δεῦρο
3619 1649 3719 1682 πο-

2059 1729 2100 1784 Β
2137 1727 2430 1798 ρίζομαι⁶¹.

2199 1839 2339 1895 VIII.
2372 1841 2553 1894 Ταῦτα
2586 1840 2678 1894 τοῦ
2712 1840 2960 1910 γέροντος
2995 1837 3258 1898 εἰπόντος,
3289 1834 3502 1887 σύνοιδα
3517 1834 3588 1897 ⁸³,
3608 1835 3715 1897 ὅτι,

2127 1931 2184 1983 δν
2209 1931 2392 2000 ἔλεγεν
2424 1933 2651 2002 γέροντα
2672 1929 2997 1991 τεθνάναιθδ,
3041 1922 3192 1990 οὗτος
3225 1927 3386 1988 αὐτὸς
3417 1920 3508 1994 ἦν,
3547 1923 3613 1987 ἐξ
3642 1917 3717 1976 ὧν

2128 2022 2332 2090 ἔλεγεν,
2361 2025 2388 2076 ὁ
2421 2024 2602 2093 πατὴρ
2622 2025 2650 2075 ὁ
2684 2022 2965 2093 ὑμέτερος.
2995 2020 3107 2072 Ούκ
3141 2017 3433 2088 ἐϐουλήθην
3463 2011 3558 2075 οὖν
3573 2017 3624 2057 ⁶³λ
3654 2017 3718 2069 τὸ

2130 2115 2248 2168 καθ’
2279 2115 2421 2185 ὑμᾶς
2454 2113 2599 2185 αὐτῷ
2627 2110 3045 2174 συναντιϐαλεῖν,
3077 2111 3266 2180 μέχρις
3287 2110 3351 2161 ἂν
3375 2110 3505 2178 ὑμῖν
3540 2125 3714 2180 προσ-

2130 2206 2430 2276 ανάθωμαι.
2646 2204 2790 2283 Πλὴν
2815 2202 2881 2255 τὰ
2907 2202 3046 2255 κατά
3076 2202 3172 2272 τὴν
3213 2200 3385 2264 ξενίαν
3415 2198 3584 2251 αὑτοῦ
3620 2187 3718 2250 κα-

2128 2295 2385 2366 ταμαθὼν
2418 2295 2512 2348 καὶ⁸
2533 2296 2630 2365 τὴν
2651 2293 2860 2364 ἐμὴνδέ
2877 2293 2921 2324 ⁸⁸
2947 2291 3206 2364 μηνύσας,
3226 2289 3510 2362 ἀκριϐείας
3529 2289 3718 2366 ἕνεκα,

2128 2363 2286 2442 τούτο
2322 2389 2479 2458 μόνον
2521 2363 2833 2458 ἐπυθόμην,
2874 2385 2926 2438 τί
2951 2363 3126 2455 ὄνομα
3148 2383 3224 2454 τῷ
3268 2383 3517 2454 γέροντι;
3661 2382 3719 2434 δέ

2133 2478 2257 2549 ἔφη,
2294 2478 2552 2540 Φαῦστος.
2581 2477 2644 2528 Τί
2676 2475 2731 2528 δὲ
2764 2478 2876 2538 τοῖς
2916 2474 3154 2544 διδύμοις
3185 2473 3351 2535 υἱοῖςς
3399 2471 3457 2522 '0
3487 2469 3542 2521 δὲ
3577 2469 3688 2521 ἀπε
3708 2499 3721 2510 —

2131 2574 2370 2644 κρίνατο,
2393 2573 2685 2633 Φαυστίνος
2718 2569 2812 2621 καὶ
2831 2567 3226 2628 Φαυστινιανός.
3261 2565 3322 2616 Τί
3349 2564 3406 2616 δὲ
3438 2563 3519 2632 τῷ
3543 2561 3718 2632 τρίτῳ

2133 2663 2266 2734 υίῷ;
2315 2663 2371 2716 '0
2413 2662 2469 2714 δὲ
2522 2656 2696 2724 εἶπεν,
2732 2660 2978 2731 Κλήμης.
3015 2657 3077 2709 Τί
3119 2657 3174 2708 δὲ
3208 2657 3272 2725 τῇ
3305 2653 3509 2707 τούτων
3546 2653 3719 2725 μητρὶ

2131 2755 2335 2825 δνομας
2385 2754 2441 2807 Ὀ
2489 2752 2548 2805 δέ
2596 2751 2732 2823 ἔφη,
2784 2748 3054 2806 Ματτιδία
3072 2747 3135 2798 ⁸⁷.
3183 2744 3316 2796 Ὑπὸ
3367 2743 3715 2813 συμπαθείας

2131 2845 2223 2902 οὖν
2245 2846 2356 2916 ἐγὼ
2385 2846 2684 2916 σύνδακρυς
2714 2842 3019 2913 γενόμενος,
3063 2838 3334 2900 ἀπολύσας
3365 2838 3491 2898 τοὺς
3524 2835 3718 2904 ὄχλους

2131 2936 2293 3011 ἦλθον
2322 2938 2456 3009 πρὸς
2490 2937 2654 3006 ὑμᾶς,
2678 2935 2762 2986 ἵνα
2801 2932 2937 3004 μετὰ
2962 2933 3060 3000 τὴν
3084 2929 3225 2984 ἀλῶν
3251 2927 3530 2982 κοινωνίαν
3543 2925 3718 2979 ταῦτα

456 3014 806 3074 communem
856 3020 1262 3089 perceptionem
1310 3021 1426 3074 haec
1461 3021 1744 3075 vobiscum
1783 3037 2032 3075 commu-

2137 3027 2728 3102 προσανὰθωμαιύμῖν.
2767 3023 2880 3093 Πρὸ
2910 3022 2967 3075 δὲ
2998 3020 3092 3073 τοῦ
3127 3020 3267 3076 ἀλῶν
3295 3017 3615 3089 μεταλαὸεἰν
3650 3016 3720 3067 εἰ·

455 3110 719 3163 nicarem.
747 3109 919 3162 Porro
942 3120 1066 3163 ante
1091 3111 1269 3164 cibum
1304 3120 1581 3180 sumptum
1612 3111 1761 3164 nolui
1786 3127 2029 3179 narrare,

457 3217 525 3255 ne
560 3201 700 3255 forte
743 3201 872 3255 victi
905 3202 1094 3255 dolore
1124 3201 1380 3272 baptismi
1416 3203 1558 3256 diem
1595 3203 1647 3255 in
1689 3203 1835 3256 luctu
1869 3204 2033 3258 duce-

453 3294 606 3357 rctis,
651 3293 872 3361 quando
915 3293 1077 3346 etiam
1114 3292 1290 3362 angeli
1334 3292 1633 3346 eﬂ‘eruntur
1663 3293 1868 3347 laetitia.
1909 3293 2034 3350 Haec

454 3385 648 3438 Petrus
681 3400 804 3440 cum
844 3385 1070 3450 diceret,
1113 3400 1306 3439 omnes
1341 3400 1446 3438 una
1479 3401 1601 3439 cum
1644 3398 1814 3440 matre
1855 3387 2031 3458 lacry-

458 3477 563 3530 mis
595 3491 695 3529 nos
724 3475 1052 3530 dedidimus.
1100 3473 1248 3540 Quos
1293 3475 1381 3528 ille
1423 3475 1786 3546 lacrymantes
1819 3478 2030 3542 videns,

459 3569 535 3624 ait
570 3587 582 3621 :
614 3561 772 3622 Nunc
807 3569 1184 3636 unusquisque
1219 3577 1482 3633 vestrum,
1534 3583 1631 3636 pro
1678 3568 1872 3622 timore
1900 3585 2030 3637 erga

459 3659 653 3726 Deum,
701 3659 912 3713 fortiter
962 3676 1084 3728 quae
1123 3669 1420 3713 memorata
1468 3669 1594 3714 sunt
1645 3660 1799 3715 ferat.
1847 3659 2034 3731 Neque

459 3751 602 3803 enim
632 3750 790 3802 hodie
819 3749 972 3804 vobis
999 3750 1202 3803 interiit
1231 3759 1402 3819 pater,
1431 3753 1524 3805 sed
1560 3751 1672 3820 jam
1710 3753 1862 3819 olim,
1893 3753 2035 3808 sicut

463 3857 562 3895 vos
587 3841 897 3910 conjectura
930 3852 1073 3896 recte
1102 3839 1242 3904 facta
1265 3842 1501 3896 dixistis.

527 3933 617 3986 1X.
662 3933 768 3988 Ista
814 3933 972 3987 Petro
1018 3933 1272 4002 loquente
1313 3943 1487 3987 mater
1526 3932 1664 3988 ferre
1712 3949 1818 3989 non
1850 3936 2035 3991 valens

459 4023 716 4076 clamavit
742 4031 796 4076 et
821 4022 958 4076 dixit
992 4040 1004 4078 :
1039 4021 1132 4075 llei
1168 4022 1325 4085 mihi,
1359 4037 1392 4075 o
1425 4024 1538 4088 vir;
1573 4031 1626 4076 tu
1662 4039 1762 4079 nos
1803 4026 2034 4096 diligens

461 4111 600 4166 mori
633 4113 1001 4177 voluisti;nos
1041 4128 1170 4165 vero
1218 4113 1474 4173 vivimus,
1519 4121 1572 4166 et
1615 4113 1789 4167 lucem
1838 4116 2036 4184 aspici-

463 4219 609 4267 mus,
635 4211 688 4257 et
720 4203 896 4258 adhuc
925 4203 1172 4272 capimus
1197 4204 1397 4257 cibum.
1433 4200 1683 4257 Nondum
1720 4215 1902 4259 autem
1933 4208 2035 4259 hoc

463 4310 573 4348 uno
599 4293 802 4363 ejulatu
835 4293 1009 4359 linito,
1039 4309 1166 4348 ecce
1196 4310 1362 4348 senex
1404 4294 1728 4364 ingreditur,
1780 4305 1834 4350 et
1870 4298 2035 4352 simul

2136 3124 2257 3174 πεῖν
2295 3121 2419 3189 ὑμῖν
2452 3120 2551 3171 ούκ
2595 3114 2911 3185 ἐϐουλήθην,
2953 3115 3024 3185 μή
3061 3130 3176 3174 πως
3212 3111 3316 3164 ὑπὸ
3347 3109 3526 3179 λύπης
3560 3124 3721 3176 νικη-

2137 3213 2317 3275 θέντες
2343 3214 2398 3263 ἐν
2427 3213 2492 3281 τῇ
2525 3209 2620 3262 τοῦ
2650 3208 3018 3278 βαπτίσματος
3051 3203 3230 3275 ἡμέρᾳ
3247 3200 3566 3262 πενθοῦντες
3602 3198 3721 3250 δια-

2135 3305 2412 3374 τελέσητε,
2455 3302 2616 3356 ὁπότε
2663 3301 2756 3353 καὶ
2797 3297 3014 3367 ἄγγελοι
3058 3295 3356 3366 χαίρουσιν.
3404 3290 3591 3343 Ταῦτα
3624 3289 3724 3350 τοῦ

2137 3398 2344 3468 Πέτρου
2365 3395 2631 3462 λέγοντος,
2654 3390 2986 3462 ἐδακρύομεν
3003 3389 3051 3442 οἱ
3073 3388 3272 3447 πάντες
3305 3383 3444 3454 μετὰ
3471 3383 3569 3452 τῆς
3611 3398 3719 3450 μη-

2138 3487 2284 3558 τρός.
2334 3485 2390 3539 Ὀ
2422 3485 2478 3537 δὲ
2507 3482 2837 3554 δακρύοντας
2874 3478 2994 3532 ἰδὼν
3027 3479 3172 3547 ἡμᾶς
3189 3476 3235 3507 ⁸⁸
3263 3475 3386 3545 ἔφη·
3425 3472 3540 3524 Νῦν
3586 3471 3724 3523 ἐκα-

2140 3596 2267 3642 στος
2299 3576 2450 3647 ὑμῶν
2484 3574 2635 3644 φόϐῳ
2665 3573 2742 3643 τῷ
2773 3570 2908 3642 πρὸς
2937 3569 3027 3622 τὸν
3059 3568 3190 3621 Θεὸν
3217 3564 3474 3634 γενναίως
3509 3563 3726 3633 φερέτω

2137 3669 2206 3722 τὰ
2233 3667 2506 3738 λεχθέντα.
2543 3665 2616 3718 Ού
2646 3663 2754 3734 γὰρ
2780 3661 2845 3732 δὴ
2883 3661 3119 3731 σήμερον
3153 3658 3280 3727 ὑμῖν
3313 3655 3664 3724 ἐτελεύτησεν
3696 3657 3729 3705 ὁ

2141 3761 2340 3833 πατὴρ,
2389 3757 2524 3814 ἀλλὰ
2558 3758 2650 3812 καὶ
2681 3753 2989 3817 ἕκπαλαι⁶⁹,
3026 3751 3102 3814 ὡς
3137 3750 3294 3820 ὑμεῖς
3336 3744 3726 3816 στοχαζόμενοι

2141 3857 2425 3926 εἰρήκατε.

2339 3941 2520 3995 Ταῦτα
2557 3936 2650 3991 τοῦ
2682 3935 2890 4006 Πέτρου
2924 3931 3200 3993 εἰπόντος,
3232 3930 3266 3999 ἡ
3301 3927 3481 3998 μήτηρ
3513 3925 3586 3995 μὴ
3626 3923 3726 3992 φέ-

2145 4052 2310 4110 ρουσα
2351 4031 2529 4104 βοῶσα
2560 4029 2687 4099 ἔφη·
2720 4025 2936 4096 Οίμοι’¹⁰
2966 4023 3117 4092 ἄνερ,
3152 4021 3303 4110 ἡμᾶς
3334 4016 3564 4110 ἀγαπῷν
3591 4016 3727 4110 paup—EA

2143 4106 2225 4180 σει
2263 4125 2358 4197 μέν
2381 4123 2540 4185 αὐτὸς
2563 4118 2940 4186 ἐτελεύτησας,
2963 4115 3121 4185 ἡμεῖς
3139 4112 3195 4163 δὲ
3213 4109 3414 4173 ζῶντες
3445 4107 3560 4176 φῶς
3580 4106 3724 4178 ὁρῶ-

2145 4196 2272 4289 μεν,
2318 4215 2412 4268 καὶ
2458 4211 2662 4282 τροφῆς
2698 4207 2881 4277 ἄρτι¹Η
2919 4196 3726 4289 μεταλαμβάνομενηυῠπωΔδέ

2141 4283 2240 4378 τῆς
2275 4307 2401 4376 μιᾶς
2426 4301 2626 4369 ταύτης
2649 4294 2910 4362 ὀλολυγῆς
2945 4288 3321 4359 παυσαμένης,
3360 4283 3599 4378 ίδοϋᾘκαὶ
3616 4283 3664 4315 τ’
3697 4284 3726 4334 ὁ

462 4399 624 4458 atque
663 4388 922 4443 clamoris
961 4403 1183 4442 causam
1219 4388 1486 4445 sciscitari
1520 4389 1697 4453 vellet,
1737 4391 2034 4459 respiciens

2139 4376 2316 4469 γέρων
2343 4394 2536 4463 εἰσῄει,
2571 4390 2664 4444 καὶ
2689 4389 2805 4457 ἅμα
2837 4383 2913 4453 τῷ
2937 4380 3218 4452 βούλεσθαι
3243 4378 3403 4431 αὑτὸν
3419 4376 3538 4469 τῆς.
3565 4391 3730 4469 κραυ-

464 4483 531 4537 ad
563 4497 788 4536 uxorem
822 4501 835 4536 :
877 4481 996 4546 Hei,
1033 4482 1230 4551 inquit,
1277 4483 1537 4552 quidnam
1580 4484 1681 4537 hoc
1707 4485 1824 4538 est?
1858 4485 2030 4549 Quam

464 4575 651 4628 video?
683 4574 964 4629 Accedens
1007 4589 1137 4628 vero
1195 4583 1249 4630 et
1301 4574 1614 4643 diligentius
1653 4575 1923 4643 aspiciens
1969 4592 2034 4632 ac

462 4667 615 4720 visus
647 4667 966 4735 complexus
1009 4675 1112 4720 est.
1145 4667 1320 4720 Ambo
1363 4676 1542 4720 autem
1573 4683 1681 4735 pra:
1707 4668 1903 4734 gaudio
1944 4684 2034 4722 re-

465 4758 688 4826 pentino
718 4758 1038 4812 defecerunt
1080 4759 1387 4812 exclamare
1443 4758 1566 4823 nisi,
1612 4767 1663 4813 et
1708 4759 1844 4813 alter
1881 4761 2035 4814 alteri

468 4849 616 4919 loqui
649 4851 932 4919 cupientes
959 4865 1148 4904 vocem
1177 4865 1285 4903 non
1324 4858 1618 4918 potuerunt
1643 4851 1911 4911 emittere.
1937 4867 2036 4906 nec

469 4943 749 4996 continere
795 4943 1122 5013 inexpletam
1166 4943 1429 4997 betitiam.
1473 4940 1675 4996 Verum
1713 4957 1820 4996 non
1865 4944 2037 4997 multo

2273 4485 2370 4555 τὴν
2405 4481 2581 4536 αἰτίαν
2615 4473 2976 4530 πυνθάνεσθαι
3019 4472 3098 4532 εἰς
3132 4471 3231 4540 τὴν
3267 4468 3499 4536 γυναῖκα
3527 4465 3724 4536 ἐμϐλέ’

2136 4555 2242 4649 φας
2258 4575 2419 4647 304
2440 4575 2560 4641 ἔφη·
2585 4569 2740 4640 Οἴμοι
2755 4567 2802 4599 ⁷³
2824 4565 2876 4617 τί
2903 4563 3042 4616 θέλει
3065 4561 3221 4613 τοῦτο
3244 4555 3380 4612 εἶναι
3400 4575 3414 4624 ;
3436 4558 3558 4611 τίνα
3577 4557 3722 4649 ὁρῷς

2139 4648 2449 4742 προσελθὼν
2485 4665 2542 4716 δὲ
2584 4663 2678 4717 καὶ
2718 4656 3102 4730 ἀκριϐέστερον
3149 4650 3339 4742 ἐνιδίον
3375 4651 3470 4742 καὶ
3507 4648 3724 4742 ὁραοεὶς

2141 4736 2551 4831 περιεπλέκετο.
2587 4755 2650 4805 Οἱ
2687 4751 2743 4802 δέ
2785 4748 2890 4801 ὑπὸ
2929 4745 3102 4817 χαρᾶς
3141 4739 3406 4810 αἰφνιδίου
3433 4736 3725 4806 διεφώνουν

2148 4829 2462 4924 ἀμφότεροι.
2507 4846 2617 4899 Καὶ
2645 4843 2830 4898 ’λαλεῖν
2859 4839 3106 4908 ἀλλήλοις
3145 4832 3475 4904 βουλόμενοι,
3509 4829 3723 4924 ἀφασίᾳ.

2150 4921 2501 5014 συσχεθέντες
2534 4940 2598 4992 ἐκ
2619 4938 2665 4969 ⁷⁸
2690 4936 2790 5005 τῆς
2817 4931 3092 5001 ἀπλήστου
3126 4926 3300 4997 χαρᾶς
3340 4924 3440 4976 οὐκ
3476 4921 3724 4975 ἐδύναντο

1772 5079 2006 5134 VARI/1‘3
2042 5074 2440 5139 LECTIONES.

548 5195 762 5268 ’διέσχεν
779 5195 1088 5268 παρ’γαύτῷ-
1114 5193 1350 5268 ΟᾉΤᾉυῐη
1369 5195 1430 5268 δέ
1450 5211 1502 5265 p.
1526 5196 1590 5268 δή
1625 5195 1708 5268 Cl.
1741 5194 1984 5268 ErratUS
2007 5195 2071 5268 de
2097 5194 2158 5268 C,
2184 5190 2503 5268 qui_et_ipse
2535 5186 2620 5267 δή.
2699 5184 2744 5216 ⁸⁸
2772 5183 2942 5268 αύτῆς
2976 5182 3249 5268 assumpsi
3276 5176 3441 5268 exAO.
3484 5179 3719 5268 1:770:93-

503 5252 767 5344 καμονἘ.
843 5252 886 5296 ⁵³
905 5252 1130 5344 ἁγαπξῖξν
1163 5252 1657 5344 Ερίιηᾳάγαπῶντῃα
1679 5266 1738 5332 C,
1902 5266 1947 5296 ⁵⁹
1981 5265 2118 5336 μέρη
2145 5252 2440 5344 ἐγενόμεθᾶ
2466 5259 2526 5344 (ξ,
2558 5252 2876 5344 insequente
2900 5252 2989 5344 καί
3017 5255 3246 5344 ρῐιιὲεὲο.

3321 5250 3364 5280 ⁸⁸
3393 5248 3724 5319 παραϐαλόν-

472 5318 932 5408 τεςίειιερίοειιιιιξ
954 5318 1019 5389 ’5.
1061 5335 1102 5366 ⁶²
1148 5318 1295 5408 Ᾱάύἒ
1317 5318 1532 5408 ’ἐκεῖνος
1781 5318 1825 5390 0
1855 5376 1869 5402 ,
1892 5318 2128 5408 quoetirn
2154 5318 2316 5408 o'misi'
2355 5318 2542 5408 ἐαυτδν
2570 5318 2800 5408 ἀποδούς
2825 5333 2950 5408 ante
2974 5323 3072 5386 τὰς
3095 5323 3218 5408 βιάκ
3351 5318 3538 5408 Ag”th
3550 5318 3722 5408 ,θέκρξ

473 5407 568 5462 τοῦ
599 5406 757 5478 δεῦρο
783 5406 990 5478 πορίζω
1020 5406 1317 5478 τροφάς-Ο.
1396 5407 1440 5438 ⁸³
1471 5406 1695 5478 συνιδών

477 5472 742 5580 ὑμέτερος
775 5472 958 5564 πατέιρ
992 5472 1069 5530 (ἐξ
1127 5472 1172 5508 θ’
1199 5472 1290 5529 οὖν
1324 5493 1436 5530 om.
1460 5477 1525 5531 0.

477 5547 524 5580 n
681 5551 701 5580 o
733 5547 804 5580 ι...
871 5547 993 5580 ι...;ι
1066 5554 1110 5580 οι
1151 5545 1196 5580 n
1280 5547 1462 5580 mn...“
1521 5559 1525 5580 ι

477 5545 544 5603 0.
651 5545 701 5580 ⁷ο
730 5547 806 5602 ita
863 5545 1026 5617 Epit:
1065 5554 1118 5601 et
1151 5545 1240 5617 0.7,
1280 5547 1468 5617 οίμμοι
1521 5547 1593 5617 C.
1626 5546 1764 5600 Tum

486 5688 748 5743 ἐδύναντο.

1868 5407 1913 5438 ⁸⁵
1952 5405 2203 5459 τεθνάναι

1601 5477 1646 5508 ⁸⁸
1676 5477 1733 5529 δέ
1778 5477 1986 5530 inserui
2037 5492 2084 5530 c.
2112 5474 2176 5530 0.

531 5588 544 5599 .
651 5536 806 5602 1"ita
863 5536 1026 5617 Ε’ῥὶιε
1065 5554 1118 5601 et
1151 5545 1240 5617 0.7,
1280 5547 1468 5617 οἴμμοι
1521 5547 1593 5617 C1
1626 5546 1764 5600 Tum
1809 5547 1906 5617 μὲν
1938 5547 2096 5610 αὐτός
2146 5543 2377 5617 accessit
2413 5557 2476 5594 ex
2508 5536 2572 5593 0.
2607 5607 2619 5617 .
2651 5537 2702 5617 1‘
2734 5536 2858 5617 ἄρτι
2889 5536 3184 5617 ψᾶλαι),

478 5599 532 5692 ᾗ
557 5618 660 5692 ⁸καί
1135 5599 1180 5650 ⁷⁵
1211 5599 1286 5673 Ita
1319 5599 1458 5689 Epit.
1483 5599 1609 5674 (ξι-Ο
1639 5660 1652 5685 ,
1683 5599 1972 5689 omnim-Ci.
2049 5599 2094 5651 τί
2127 5614 2497 5685 συσχεθέντες,
2529 5607 2619 5664 καί
2647 5606 2708 5662 C.
2765 5599 2902 5661 Tum
2933 5605 2986 5660 iu
3003 5601 3067 5658 0.
3101 5599 3375 5668 ἐδύσαντο,
3401 5599 3470 5655 ad
3492 5611 3645 5654 oram
3671 5610 3720 5667 υ.

2236 5399 2567 5473 γέρονταΔ
2593 5396 2842 5473 sequens
2871 5389 3022 5473 οὗτος
3045 5390 3308 5473 adscripsi
3341 5388 3503 5473 c._
3550 5388 3676 5473 Dein
3698 5390 3723 5439 ὁ

2269 5457 2318 5506 η’
2341 5467 2605 5526 Ματθιδία
2636 5457 2700 5519 0.
2799 5465 2845 5495 ⁸⁸
2878 5466 3025 5534 ἡμᾶς
3070 5461 3190 5534 ἶδῴν
3223 5457 3283 5515 C'
3323 5529 3335 5534 -
3382 5460 3426 5491 ω
3455 5462 3520 5511 ἐγ
3566 5457 3723 5534 “dies

2658 5537 2702 5567 ”
2734 5535 2858 5602 ἄρτι
2889 5526 3091 5602 ὰὶιιιηο.
3121 5531 3209 5602 07,
3245 5529 3338 5600 qui
3367 5544 3478 5602 om_.
3521 5543 3636 5598 seq.
3671 5526 3724 5580 δέ
