3860 6210
73 292 190 347 353

81 491 244 560 Ἔχίυ
275 507 359 553 σε,
389 491 620 554 Φαῦστε,
643 493 732 544 τὸν
763 491 903 545 κατὰ
923 492 1100 545 πάντα
1135 510 1224 562 μοι
1247 493 1292 523 ⁷⁸
1328 493 1682 561 γλυκύτατον.

84 580 218 643 Πῶς
268 579 383 650 ἄρα
425 579 543 652 ζῇς,
582 581 640 632 ὃν
695 583 771 645 ὠς
822 582 1094 636 τεθνεῶτα
1145 583 1323 653 μικρῷ
1369 581 1601 653 πρόσθεν
1641 583 1684 612 ⁷⁷

83 672 458 744 ⁴ῌιιούσαμ.εν;
507 673 643 743 πλὴν
685 669 829 727 οὗτοι
859 677 996 727 εἰσιν
1030 676 1061 746 ή
1073 675 1186 745 μῶν
1217 675 1339 737 υἱοὶ,
1376 676 1686 736 Φαυστῖνος,

85 763 486 826 Φάυστινιανὸς
523 747 614 815 κᾶὶ
643 763 886 835 Κλήμης.
917 765 1103 817 Ταῦτα
1126 764 1402 834 εἰπούσης,
1443 766 1604 834 ἡμεῖς
1641 763 1690 814 οἱ

87 858 246 924 τρεῖς
292 855 696 924 προσπεσόντες
729 856 877 926 αὐτῴ
916 857 1010 908 καὶ
1047 854 1474 924 καταφιλοῦντες
1513 855 1692 924 ἀμαυ-

94 944 208 1016 ρῶς
235 963 358 1007 πως
381 945 480 1015 τὴν
514 945 726 1016 μορφὴν
755 945 917 999 αὑτοῦ
949 944 1301 1015 ἀνεφέρομεν.

164 1036 239 1090 X.
287 1036 472 1090 Ταῦτα
509 1037 719 1106 βλέπων
741 1037 769 1088 6
798 1037 1001 1107 Πέτρος
1027 1036 1129 1106 ἔφη
1149 1053 1161 1065 ·
1194 1037 1265 1087 Συ
1289 1031 1340 1088 εἷ
1363 1035 1624 1098 Φαῦστος,
1665 1035 1693 1086 6

95 1129 311 1198 ταύτης
335 1129 477 1200 ἀνὴρ
499 1129 592 1181 καὶ
614 1128 719 1182 τῶν
744 1128 913 1197 αὐτῆς
941 1129 1148 1182 παίδων
1174 1129 1356 1200 πατήρ
1379 1145 1394 1192 ;
1419 1129 1446 1180 ὁ
1471 1127 1527 1179 δὲ
1554 1126 1658 1198 ἔφη
1677 1141 1691 1155 ’

112 1221 262 1290 Ἐγώ
293 1223 432 1292 εἰμι.
465 1223 573 1274 Ka‘t
596 1224 624 1274 6
652 1222 874 1292 Πέτρος·
906 1223 1030 1285 Πῶς
1053 1217 1148 1275 οῦν
1178 1239 1268 1293 μοι
1291 1221 1360 1274 τά
1398 1220 1623 1274 σεαυτοῦ
1650 1219 1697 1253 ⁷⁸

99 1311 174 1375 ὡς
201 1312 335 1382 περὶ
361 1311 524 1364 ἄλλου
555 1311 818 1382 διηγήσω,
852 1313 1045 1376 πόνους
1069 1313 1236 1366 εἰπὼν
1279 1314 1371 1366 καὶ
1403 1312 1578 1382 λύπην
1604 1311 1700 1367 καὶ

100 1407 277 1472 τάφον
301 1420 316 1468 ;
344 1405 440 1456 καὶ
463 1405 491 1456 6
517 1403 698 1475 πατὴρ
726 1405 1059 1476 ἀπεκρίνατο
1080 1423 1093 1435 υ
1124 1405 1267 1476 Πρὸς
1308 1405 1498 1474 γένους
1522 1405 1700 1475 ὑπάρ-

101 1510 213 1562 χων
253 1492 559 1562 Καίσαρος,
591 1493 686 1544 καὶ
722 1492 1036 1564 περίφωρος
1085 1491 1159 1563 μὴ
1205 1492 1373 1545 θέλων
1420 1491 1696 1560 γενέσθαι,

105 1584 250 1654 ἄλλῳ
283 1585 394 1638 τινὶ
418 1585 464 1616 ⁷⁸
489 1584 586 1655 τὴν
616 1583 872 1654 ἐξήγησιν
913 1585 1339 1654 ἐνετυπωσάμην
1378 1583 1445 1647 ⁸ο,
1487 1583 1575 1636 ἵνα
1604 1583 1702 1636 αύ-

103 1675 194 1738 τὸς
227 1675 383 1736 ὅστις
411 1673 526 1744 εἰμὶ
553 1672 628 1743 μὴ
665 1671 858 1742 νοηθῶ.
901 1672 1085 1743 ’ᾙδειν
1122 1671 1230 1743 γὰρ
1256 1673 1358 1736 ὅτι,
1395 1673 1443 1723 εἰ
1467 1669 1702 1739 ἀναγνῶ.

1241 289 1774 347 CLEMENTINA.-—
1814 289 2094 344 IIOMILIA
2133 289 2273 344 XIV.

76 397 344 472 κρατεῖν.
373 401 520 473 [Div
546 401 664 472 μετ’
705 401 766 455 οὐ
806 401 939 456 πολὺ
967 402 1105 474 πρὸς
1131 403 1294 456 αὑτὸν
1320 405 1352 472 ή
1378 404 1423 434 ⁷⁵
1472 405 1652 474 μήτηρ
1671 418 1682 431 ⁸

1805 411 1916 471 post
1941 411 2114 455 mater
2137 402 2356 471 quidem
2400 402 2468 456 ad
2504 419 2627 457 ettm

3258 298 3365 353 5316

2692 423 2704 457 :
2767 403 2952 460 Habeo
3012 414 3084 472 te,
3143 407 3363 477 Fauste,

1789 494 1936 545 omni
1969 493 2132 546 modo
2177 493 2310 545 mihi
2353 494 2764 548 suavissimum.
2799 495 2866 549 Et
2900 511 3008 566 qua
3050 499 3257 553 ratione
3286 500 3338 552 vi

1789 585 1894 650 vis,
1923 585 1990 638 de
2031 584 2188 652 cujus
2219 594 2392 638 morte
2419 586 2582 654 paulo
2629 596 2755 640 ante
2799 588 3148 643 audivimus?
3189 589 3366 644 Caue-

1791 691 1912 728 rum
1945 675 1998 727 hi
2032 685 2159 729 sunt
2209 675 2302 728 ﬁlii
2352 677 2549 738 nostri,
2606 675 2922 743 Faustinus,
2978 678 3369 736 Faustiniauus

1791 777 1845 824 ct
1887 766 2156 820 Clemens.
2199 765 2331 831 Qua:
2378 783 2500 819 cum
2545 767 2794 832 dixisset,
2842 783 2942 822 nos
2975 777 3081 824 tres
3113 769 3166 822 in
3192 771 3368 839 ipsum

1795 857 2190 922 incumbentes,
2257 872 2492 926 eumque
2544 858 2878 924 deosculati,
2938 858 3175 914 fortnam
3223 853 3372 917 illius

1795 949 2024 1001 obscure
2049 947 2401 1000 recoluitnus.

1862 1036 1930 1089 Χ.
1979 1036 2101 1091 Ilaec
2126 1039 2312 1091 videns
2343 1037 2558 1102 Petrus,
2583 1037 2658 1091 ait
2688 1055 2700 1090 :
2736 1036 2816 1091 Tu
2839 1054 2898 1094 es
2925 1039 3181 1104 Faustus,
3207 1039 3371 1110 hujus

1799 1129 1902 1196 vir,
1939 1130 2167 1198 ejusque
2201 1129 2496 1181 liberorum
2532 1129 2717 1197 pater?
2748 1128 2840 1183 Ille
2872 1147 3000 1185 vero
3035 1151 3048 1184 :
3081 1130 3192 1199 Ego
3226 1148 3370 1197 sum,

1799 1219 1995 1288 inquit.
2030 1217 2095 1271 Et
2140 1217 2332 1271 Petrus
2372 1235 2385 1270 :
2425 1216 2607 1282 Quare
2649 1233 2779 1287 ergo
2828 1229 2916 1273 tua
2951 1221 3084 1274 mihi
3113 1230 3372 1291 tanquam

1799 1313 1866 1367 de
1913 1313 2022 1365 alio
2055 1311 2346 1374 enarrasti,
2396 1311 2612 1366 labores
2662 1312 2903 1366 referens
2944 1322 2995 1366 et
3036 1314 3280 1367 dolorem
3321 1323 3374 1368 ct

1800 1404 2120 1474 exsequias?
2152 1402 2288 1457 Tum
2334 1413 2485 1473 pater
2526 1403 2805 1472 respondit
2834 1422 2846 1456 :
2884 1404 3019 1458 Cum
3055 1404 3157 1458 sim
3189 1421 3253 1458 ex
3283 1422 3375 1475 ge-

1801 1511 1930 1548 nere
1959 1494 2214 1557 Ca-saris,
2251 1509 2486 1562 cumque
2539 1492 2741 1546 nollem
2782 1492 3136 1560 deprehendi,
3168 1494 3233 1546 de
3268 1493 3375 1545 alio

1802 1586 2039 1655 quodam
2089 1586 2457 1638 narrationem
2511 1584 2719 1648 etlinxi,
2763 1593 2823 1637 ut
2873 1585 2987 1652 ipse
3029 1586 3154 1652 quis
3196 1599 3373 1639 essent

1805 1690 1912 1729 non
1940 1674 2284 1744 intelligerer.
2317 1674 2565 1729 Sciebam
2594 1676 2738 1729 enim
2767 1675 2934 1743 quod,
2961 1675 3006 1728 si
3037 1674 3260 1728 fuissem
3286 1691 3376 1730 re-

107 1781 268 1835 ριμος
303 1764 572 1833 γένωμαι,
599 1763 647 1814 οἱ
689 1761 828 1815 κατά
866 1763 1028 1814 τόπον
1071 1762 1357 1833 ἡγούμενοι
1390 1762 1562 1816 ταῦτα
1593 1780 1698 1832 μα-

1805 1768 2076 1836 cognitus,
2123 1766 2226 1818 loci
2282 1766 2544 1835 praesides
2586 1781 2652 1820 eo
2687 1766 2896 1828 audito,
2941 1775 2998 1818 ttt
3028 1765 3227 1819 Caesari
3260 1784 3376 1822 rem

107 1858 292 1920 θὸντες
369 1856 793 1909 άνακαλέσονται
858 1855 939 1920 ⁸⁷,
1013 1856 1256 1924 Καίσαρι
1328 1855 1699 1925 κεχαρισμένα

108 1950 411 2013 ποιοῦντες,
442 1951 535 2002 καὶ
562 1947 661 2018 τὴν
684 1948 776 2002 τοῦ
805 1947 918 2018 βίου
949 1946 1114 2001 πάλαι
1139 1947 1484 2018 εὐδαιμονίαν
1523 1965 1612 2018 μοι
1653 1948 1697 1979 ⁸⁸

109 2042 521 2114 περιθήσουσιν,
551 2035 704 2112 ᾧπερ
733 2040 827 2111 ὅλῃ
868 2039 1119 2112 προθέσει
1145 2039 1408 2110 πρότερον
1432 2039 1700 2105 ἀπεταξά-

113 2151 237 2204 μην.
267 2134 344 2186 ού
374 2133 485 2204 γὰρ
509 2132 810 2202 ἠδυνάμην,
841 2132 970 2202 περὶ
1008 2130 1169 2201 305
1192 2130 1300 2183 τῶν
1325 2131 1446 2201 ἐμοὶ
1479 2131 1700 2200 ἠγαπη-

115 2226 289 2297 μένων
320 2225 392 2278 τὰ
441 2225 672 2296 μέγιστα
711 2224 786 2286 ὼς
827 2224 954 2293 περὶ
992 2221 1261 2275 θανόντων
1305 2221 1514 2292 κρίνας,
1563 2221 1700 2292 πρὸς

111 2318 206 2386 τὴν
234 2315 332 2368 τοῦ
367 2314 482 2385 βίου
512 2313 722 2384 τρυφὴν
745 2313 932 2366 ἑαυτὸν
958 2311 1284 2365 ἀποδιδόναι.

180 2407 275 2461 XI.
310 2409 422 2460 Καὶ
449 2407 478 2458 6
523 2406 727 2476 Πέτρος
771 2404 893 2476 ἔφη’
931 2403 1114 2456 Ταῦτα
1169 2405 1266 2474 μὲν
1319 2403 1579 2474 ἐποίησας
1622 2403 1699 2468 ὡς

118 2498 438 2552 ἐϐουλεύσω.
466 2498 602 2567 Περὶ
633 2497 689 2549 δὲ
711 2497 974 2564 γενέσεως
1000 2493 1106 2566 ἄρα
1140 2493 1465 2564 ψευδόμενος
1497 2496 1700 2564 διισχυ-

124 2589 291 2660 ρίζου,
327 2589 364 2660 ἢ
409 2588 484 2652 ὡς
532 2587 808 2658 ἀληθεύων
858 2585 1138 2648 έϐεϐαίους
1171 2585 1256 2651 “³;
1292 2585 1402 2638 Kal.
1443 2588 1472 2638 6
1517 2587 1699 2658 πατὴρ

124 2683 240 2752 ἔφη’
287 2682 367 2733 UO
404 2680 676 2750 ψεύσομαι
724 2679 858 2748 πρὸς
906 2677 984 2740 σὲ,
1021 2676 1235 2746 ἀληθῶς
1280 2677 1355 2740 ὡς
1399 2676 1563 2746 οὔσης
1604 2694 1698 2745 γε-

124 2771 320 2832 νέσεως
366 2769 664 2822 ἐϐεϐαίουν.
701 2768 829 2838 Εἰμὶ
869 2766 978 2836 γὰρ
1009 2768 1109 2819 ούκ
1155 2766 1396 2838 ἀμύητος
1426 2768 1520 2820 τοῦ
1567 2767 1700 2820 θεω-

121 2863 384 2932 ρήματοςο
423 2859 560 2934 πλῂν
599 2858 733 2911 ἀλλά
779 2859 872 2911 καὶ
897 2859 942 2889 ⁸⁸
985 2859 1146 2928 συνῆν
1193 2859 1281 2928 μοί
1309 2876 1410 2922 τις,
1445 2859 1700 2930 ἀστρολό-

114 2969 224 3016 γων
259 2951 504 3022 ἄριστος,
552 2950 689 3021 ἀνὴρ
720 2949 1034 3017 Αἰγύπτιος,
1093 2949 1407 3002 Ἀννουϐίων
1454 2950 1696 3020 ὀνόματι,

115 3043 263 3106 ὅστις
290 3045 352 3094 ὲν
379 3045 497 3105 ταῖς
522 3041 846 3112 ἀποδημίαις
868 3045 988 3095 κατ’
1027 3041 1202 3114 ἀρχάς
1226 3059 1313 3113 μοι
1348 3042 1621 3111 φιλιωθεὶς
1653 3043 1699 3075 ⁸⁵

116 3133 203 3186 τὸν
257 3134 363 3204 τῆς
414 3135 552 3203 ἐμῆς
597 3133 822 3203 συμϐίου
876 3132 1014 3202 μετά
1069 3133 1177 3184 τῶν
1222 3133 1425 3186 τέκνων
1473 3133 1698 3188 θάνατον

117 3225 326 3296 ἐδήλου.
357 3225 488 3295 ⁸Καὶ
519 3227 547 3277 ὁ
589 3225 792 3296 Πέτρος
831 3224 956 3296 ἔφη’
1003 3224 1212 3277 Οὐκοῦν
1255 3225 1400 3295 ἔργῳ
1443 3226 1699 3278 πέπεισαι

115 3318 212 3373 νῦν
249 3320 317 3384 ⁸⁸,
352 3319 432 3371 ὅτι
476 3319 537 3370 οὐ
575 3319 869 3390 συνέστηκε
901 3319 967 3372 τά
1005 3319 1146 3372 κατά
1184 3319 1283 3390 τὴν
1314 3320 1559 3387 γένεσιν;
1593 3321 1702 3373 Καὶ

117 3415 145 3464 ὀ
179 3412 368 3481 πατὴρ
417 3411 768 3480 ἀπεκρίνατοο
835 3409 1069 3479 Ἀνάγκη
1117 3427 1183 3480 με
1227 3411 1405 3463 πάντα
1452 3412 1518 3463 τὰ
1572 3412 1704 3463 ὐπο-

119 3503 386 3574 τρέχοντά
410 3519 510 3572 μου
543 3503 585 3532 ⁸⁷
609 3503 689 3564 είς
716 3501 804 3554 τὸν
837 3501 960 3554 νοῦν
988 3500 1298 3554 ὲκτίθεσθαί
1332 3518 1432 3563 σοι,
1454 3502 1540 3554 ἵνα
1566 3502 1702 3573 πρὸς

122 3595 264 3648 αύτά
294 3594 506 3647 ἀκούων
542 3594 827 3664 μανθάνειν
874 3594 982 3665 ἔχω
1013 3594 1139 3657 τούς
1174 3605 1265 3645 σου
1309 3593 1512 3647 τούτων
1547 3594 1690 3662 ἐλέγ-

121 3701 270 3754 χους.
320 3683 478 3737 Ἀλλά
515 3685 608 3738 καὶ
640 3683 686 3714 ⁸⁸
721 3683 889 3736 πολλά
932 3682 1145 3736 πταίειν
1175 3676 1292 3734 οἶδα
1331 3684 1457 3746 τοὺς
1505 3685 1701 3754 ἀστρο-

123 3776 336 3844 λόγους,
368 3775 536 3829 πολλά
561 3777 618 3829 δὲ
649 3777 743 3829 καὶ
775 3777 1077 3847 ἀληθεύειν.
1126 3775 1445 3831 Ὑποπτεύω
1473 3771 1565 3828 οὖν
1596 3777 1700 3846 μή-

124 3882 244 3928 πως
274 3864 311 3917 ἃ.
341 3865 440 3935 μὲν
470 3865 805 3935 ἀκριϐοῦσιν,
847 3865 1220 3937 ἀληθεύουσιν,
1251 3865 1286 3920 ἃ
1311 3866 1368 3918 δὲ
1399 3865 1698 3929 πταίουσιν,

123 3955 338 4027 ἀμαθίᾳ
371 3956 688 4025 πάσχουσιν,
714 3955 788 4018 ὡς
829 3957 1072 4008 ὑπονοεῖν
1108 3973 1196 4026 με,
1231 3955 1293 4006 τὸ
1335 3955 1432 4025 μὲν
1476 3955 1700 4026 μάθημα

127 4048 469 4110 συνεστάναι,
495 4047 690 4109 αὐτοὺς
712 4047 768 4099 δὲ
789 4047 855 4099 δι’
876 4047 1112 4117 ἀμαθίαν
1133 4046 1419 4116 ψεύδεσθαι
1450 4048 1613 4118 μόνην
1634 4047 1700 4110 θ’,

123 4139 212 4192 διὰ
231 4140 293 4192 τὸ
319 4138 392 4210 μὴ
421 4138 628 4200 πάντας
655 4139 701 4169 ⁹⁰
728 4138 854 4208 περὶ
879 4139 1099 4191 πάντων
1133 4137 1392 4208 ἀκριϐοῦν
1425 4137 1696 4191 δύνασθαι.

123 4233 289 4303 306
307 4233 415 4284 Καὶ
446 4233 474 4283 6
504 4231 708 4301 Πέτρος
739 4229 1084 4300 ἀπεκρίνατο·
1123 4230 1326 4298 Ἀπεχε
1361 4230 1425 4292 ⁸⁸,
1467 4231 1538 4299 μή
1564 4245 1700 4290 πως,

126 4325 255 4394 περὶ
274 4316 347 4375 ὧν
377 4321 748 4393 ἀληθεύουσιν,
773 4321 1242 4390 ἐπιτυγχάνουσιν,
1278 4321 1369 4372 καὶ
1399 4320 1517 4388 οὐχὶ
1548 4319 1702 4389 ἀκρι-

1801 1865 2009 1928 gratam
2041 1855 2298 1919 facerent,
2352 1873 2436 1912 me
2482 1866 2664 1912 essent
2715 1857 3040 1918 revocaturi,
3089 1867 3139 1911 et
3180 1859 3378 1926 prioris

1800 1948 1925 1999 vitae
1955 1945 2210 2000 felicitate
2242 1945 2655 2012 circumdaturi,
2689 1946 2778 2001 cui
2810 1963 2873 2000 ex
2909 1954 3021 2000 toto
3067 1949 3251 2000 animo
3276 1963 3375 2001 an-

1802 2046 1884 2090 tea
1918 2038 2378 2092 renuntiaveram.
2421 2038 2526 2104 Qui
2557 2038 2704 2091 enim
2742 2053 2828 2092 me
2869 2038 2939 2090 ob
2972 2047 3200 2092 mortem
3241 2040 3376 2094 cha-

1801 2144 1985 2184 rorum
2015 2129 2273 2183 creditam
2308 2129 2372 2182 ad
2404 2129 2641 2182 maxima
2681 2129 3090 2193 damnaveram,
3129 2145 3237 2183 non
3279 2145 3378 2200 po-

1800 2229 1971 2274 teram
2003 2221 2125 2274 vitze
2152 2219 2362 2274 delicis
2399 2219 2699 2288 indulgere.

1868 2396 1962 2452 XI.
1994 2397 2058 2452 Et
2087 2395 2281 2452 Petrus
2302 2397 2440 2451 dixit
2469 2411 2487 2449 :
2511 2395 2636 2450 Hazc
2657 2396 2879 2466 quidem
2906 2395 3081 2450 fecisti
3113 2393 3378 2465 quemad-

1800 2489 2022 2544 modum
2064 2489 2286 2557 placuit.
2323 2489 2426 2542 Sed
2457 2489 2523 2542 de
2553 2489 2801 2557 genitura
2852 2487 3192 2540 mentiensne
3232 2484 3378 2552 alllr-

1801 2582 2012 2645 mabas,
2043 2597 2110 2634 an
2148 2581 2312 2634 veluti
2341 2596 2526 2633 verum
2552 2581 2738 2634 dicens
2773 2579 3100 2633 asscrebas?
3127 2578 3378 2646 Respon-

1800 2672 1880 2725 dit
1911 2680 2064 2740 pater
2095 2691 2106 2724 :
2136 2670 2252 2726 Non
2279 2673 2512 2726 mentiar
2545 2672 2687 2740 apud
2728 2681 2796 2726 te.
2830 2670 3113 2740 Tanquam
3146 2687 3270 2724 vere
3307 2669 3380 2724 sit

1802 2762 2036 2831 genesis,
2070 2761 2484 2816 confirmabam.
2510 2759 2626 2814 Non
2657 2761 2800 2814 enim
2836 2761 2986 2814 rudis
3023 2776 3143 2814 sum
3173 2760 3225 2812 in
3257 2775 3377 2829 my-

1801 2855 1982 2909 steriis
2015 2853 2179 2920 hujus
2207 2852 2509 2921 disciplina:
2538 2871 2551 2906 :
2592 2852 2684 2906 sed
2708 2861 2761 2906 et
2788 2867 3001 2906 mecum
3028 2860 3278 2905 versatus
3297 2854 3383 2904 est

1802 2946 2023 3014 quidam
2070 2943 2380 3015 Aigyptius,
2424 2944 2826 3012 astrologorum
2872 2943 3378 3012 prmstantissimus,

1802 3036 2022 3088 nomine
2055 3033 2369 3097 Annubion,
2401 3034 2493 3101 qtti
2523 3034 2576 3085 in
2609 3032 3160 3102 peregrinationibus,
3188 3032 3256 3085 ab
3281 3032 3384 3085 ini.

1804 3123 1879 3176 tio
1908 3125 2038 3177 mihi
2070 3126 2280 3178 amicus
2303 3125 2551 3182 effectus.
2587 3124 2773 3177 ttxoris
2813 3138 2946 3176 mea:
2976 3139 3040 3176 ac
3081 3122 3380 3176 liberorum

1803 3225 2030 3268 mortem
2084 3216 2362 3269 indicavit.
2410 3213 2551 3267 Dixit
2593 3213 2826 3268 Petrus:
2876 3212 3133 3282 Nunquid
3171 3215 3284 3280 jam
3323 3230 3382 3267 re

1803 3305 1920 3374 ipsa
1979 3321 2302 3374 persuasum
2363 3305 2554 3368 habes,
2601 3303 2828 3373 genesin
2875 3318 2983 3358 non
3039 3301 3383 3358 consistere?

1801 3397 1961 3452 Pater
1993 3399 2310 3468 respondit:
2345 3396 2577 3452 Necesse
2618 3403 2701 3450 est
2733 3404 2790 3449 ut
2828 3397 3033 3461 omnia,
3067 3411 3188 3465 quae
3225 3411 3380 3449 men-

1803 3498 1908 3544 tem
1943 3504 2118 3542 meam
2145 3489 2401 3553 subeunt,
2432 3488 2526 3542 tibi
2550 3502 2837 3556 exponam,
2863 3485 3042 3555 quoad
3068 3501 3130 3538 ea
3152 3486 3381 3539 audiens

1800 3581 2008 3650 possim
2023 3579 2232 3634 discere
2247 3587 2366 3633 tuas
2380 3594 2568 3632 eorum
2589 3577 2672 3631 ref
2673 3577 2962 3630 utationes.
2981 3576 3084 3630 Sed
3101 3576 3244 3629 enim
3262 3577 3381 3630 aui-

1805 3673 2070 3727 madrerti
2097 3688 2282 3726 errare
2309 3672 2636 3740 astrologos,
2663 3671 2714 3723 in
2755 3671 2938 3725 multis
2962 3671 3125 3724 etiam
3151 3686 3275 3724 vere
3298 3670 3380 3723 lo-

1804 3762 1920 3832 qui.
1941 3761 2483 3830 Suspicorigitureos
2498 3758 2632 3813 forte
2649 3760 2702 3812 in
2735 3759 2823 3826 iis,
2851 3775 2970 3828 qua:
2992 3759 3381 3827 exploralaha-

1803 3854 1950 3916 hent,
1984 3867 2109 3906 vere
2153 3850 2354 3916 dicere,
2385 3849 2436 3902 in
2473 3849 2541 3902 iis
2588 3857 2791 3914 autem,
2838 3848 2890 3901 iu
2937 3848 3136 3916 quibus
3171 3857 3378 3914 errant,

1805 3945 1856 3998 id
1883 3942 2187 4013 ignorantia
2217 3941 2324 4010 pati
2350 3959 2364 4008 ;
2396 3955 2564 4010 quare
2593 3939 2838 4009 conjecto
2881 3947 3132 3993 constare
3160 3940 3378 4008 quidem

1804 4037 2172 4106 disciplinam,
2217 4034 2338 4087 illos
2367 4041 2547 4086 autem
2585 4046 2680 4100 per
2715 4030 2887 4083 solam
2934 4029 3205 4083 inscitiam
3240 4029 3378 4084 falsa

1802 4129 2118 4198 praedicare,
2155 4142 2219 4180 eo
2249 4123 2394 4193 quod
2425 4138 2532 4175 non
2565 4137 2755 4176 omnes
2795 4120 3008 4189 possint
3033 4121 3098 4174 de
3122 4121 3378 4174 omnibus

1803 4221 2003 4273 habere
2052 4217 2362 4273 scientiam.
2411 4214 2479 4268 Et
2506 4213 2701 4268 Petrus
2739 4213 2875 4266 dixit
2907 4229 2920 4265 :
2964 4211 3108 4266 Cave
3147 4229 3215 4266 ne
3253 4229 3376 4265 ettm

1804 4326 1990 4365 verum
2014 4308 2316 4378 proferunt,
2345 4322 2474 4360 casu
2504 4313 2865 4374 asseqnantur
2893 4311 2946 4358 et
2977 4318 3085 4357 non
3119 4312 3376 4371 tanquam

128 4416 351 4476 ϐοῦντες
369 4414 636 4482 λέγουσιν.
688 4414 922 4482 Ἀνάγκη
947 4413 1053 4485 γὰρ
1088 4415 1235 4466 πᾶσα
1269 4415 1333 4465 ἐκ
1361 4412 1567 4465 πολλῶν
1593 4411 1698 4463 τῶν

1807 4413 1955 4456 certo
1986 4401 2222 4455 scientes
2248 4399 2454 4454 dicant.
2479 4395 2716 4450 Omnino
2751 4394 2896 4447 enim
2928 4409 3149 4448 necesse
3179 4405 3281 4458 est,
3312 4409 3379 4446 ex

127 4507 433 4577 λεγομένων
466 4505 778 4559 ἀποϐαίνειν
824 4505 964 4558 τινά.
1001 4505 1108 4557 Καὶ
1134 4507 1162 4557 6
1209 4505 1384 4575 γέρων
1426 4504 1548 4574 ἔφη·
1576 4503 1699 4565 Πῶς

127 4596 219 4653 οῦν
251 4600 366 4651 ἔστι
402 4599 528 4669 περὶ
559 4599 604 4629 ³³
635 4595 826 4650 τούτου
859 4595 1428 4668 πληῳφορηθῆναιηῦ
1443 4595 1551 4646 εἴτε
1577 4611 1700 4647 συν-

129 4692 356 4760 έστηκεν
388 4689 448 4741 τὸ
480 4688 619 4742 κατά
644 4688 740 4759 τὴν
773 4687 1004 4756 γένεσιν,
1039 4688 1070 4758 ἢ
1104 4685 1201 4750 οὓς

199 4783 316 4837 XII.
380 4780 728 4852 Ἀμφοτέρων
771 4775 862 4833 οὖν
917 4777 1242 4832 σιωπώντων
1293 4777 1429 4848 ἔφην
1476 4775 1586 4845 ἐγώ
1632 4775 1697 4806 ’³ο

1753 4484 1771 4502 ⁷
1810 4494 1996 4548 multis
2022 4493 2180 4546 dictis
2204 4491 2420 4545 evenire
2449 4487 2730 4542 nonnulla.
2757 4485 2892 4538 Tutn
2922 4499 3082 4540 senex
3114 4484 3187 4536 ait
3219 4501 3230 4536 :
3260 4484 3376 4548 Qua

1812 4602 1941 4657 ergo
1991 4587 2202 4639 ratione
2248 4581 2516 4638 certitudo
2546 4580 2648 4633 hac
2690 4578 2743 4630 in
2789 4591 2848 4630 re
2896 4590 3017 4630 65:6
3065 4583 3263 4644 potest,
3306 4590 3376 4628 an

1808 4687 2025 4734 constet
2053 4677 2287 4747 genesis,
2321 4673 2534 4728 necne?

1878 4767 1995 4822 XII.
2011 4769 2147 4822 Cum
2165 4768 2325 4838 igitur
2339 4774 2565 4833 uterque
2589 4769 2806 4824 taceret,
2821 4773 2920 4828 ego
2942 4757 3051 4812 dixi
3081 4775 3094 4810 :
3110 4755 3247 4823 Quia
3262 4772 3377 4810 ma-

1439 4932 1676 4989 VARIIE
1718 4926 2113 4985 LECTIONES.

1119 5075 1165 5107 ⁷⁸
1195 5075 1480 5143 πάντοιμοι

200 5085 250 5120 ’⁸
270 5084 304 5153 ἡ
340 5081 440 5154 μέν
469 5097 520 5154 ρ·
560 5080 698 5154 πρὸς
723 5079 939 5154 eam
971 5077 1031 5154 c.-

132 5226 316 5286 αὐτοῖς
373 5238 427 5292 p.

135 5264 933 5363 ἓέἕιῖέηενὲεαῖίῖιέἷτυῖῘεῖῗὲῗ
972 5264 1292 5363 ’δῖ’ἑέοῖιὶὸι
1331 5264 1670 5363 εδδᾳιιξῖνίαν
1699 5264 1758 5342 δν
1784 5264 2476 5363 αὲέίῬθτξῖιῗίέὲἱθῗλἮῗὲ
2499 5303 2513 5327 ’
2536 5264 2682 5363 ἐπεί

134 5352 292 5419 ϐαιοῦ
337 5363 398 5417 C.
446 5362 544 5416 Vb.
603 5359 710 5460 ἔφη
753 5359 806 5439 in
973 5352 1217 5438 ponitur'
1253 5362 1376 5422 post
1402 5352 1705 5437 ψεύσομαι.

135 5436 180 5460 ιι
216 5433 469 5460 mantnt-
497 5431 536 5460 ρ
665 5431 686 5460 a
859 5443 1056 5460 mm..."
1091 5442 1118 5460 η
1186 5424 1231 5460 n
1282 5423 1524 5460 Ruit-mlo
1551 5437 1611 5460 nn
1640 5434 1704 5460 mr

135 5436 180 5470 ⁸³
215 5433 469 5502 φιλωθείς
497 5431 560 5487 C.
665 5431 686 5461 ⁸

135 5488 384 5559 nonnulli
427 5488 575 5572 Epit.
611 5500 767 5555 codd.
845 5498 893 5572 ⁸⁷
923 5495 1222 5572 Vbinam-oti;
1256 5511 1347 5547 σου
1378 5493 1580 5572 τούτων
1621 5488 1888 5572 ἐλέγχους.

1509 5088 1561 5141 p.
1592 5071 1766 5123 πάντα
1794 5084 1882 5138 μοι
1914 5063 1988 5141 Ο.⁸
2043 5062 2102 5141 ,ξιτ
2131 5060 2315 5141 τάχιον
2363 5055 2422 5141 Ctt

131 5155 195 5209 o.
273 5139 445 5207 1'i‘na
473 5139 516 5207 '0
563 5139 616 5204 οἱ
644 5139 793 5218 Epit.
818 5139 940 5213 tta;
969 5149 1048 5210 είς
1076 5144 1235 5200 ἄλλου
1272 5139 1414 5206 me,»
1445 5143 1485 5197 c
1514 5139 1530 5206 ',
1559 5141 1642 5194 ἐπ’
1671 5139 2020 5218 ἀλλρυηῖενός
2042 5139 2126 5218 δςη
2283 5139 2359 5214 ξω
2395 5139 2438 5218 9
2468 5139 3278 5218 fitfflffu-f‘vgfgfgﬁflﬁfi
3311 5139 3348 5218 ιτ

489 5187 940 5284 ἑιὲὲςἭῗιιῑὲἴπῑ
969 5187 1287 5284 ξτέιγτωῖςθῶ
1342 5187 1455 5284 ise.
1512 5187 1565 5282 ἰ).
1593 5207 1812 5284 ,νοηοῶ-
1836 5200 2128 5284 ᾜδειντν
2162 5187 3370 5284 caesesegisseegisse“res?

737 5429 831 5482 νῦν
858 5416 1058 5482 inserui
1091 5442 1138 5481 c.
1186 5416 1267 5480 Ο.’
1282 5416 1525 5478 Subinde
1551 5416 1611 5472 οὐ
1640 5434 1706 5472 ex
1751 5416 1870 5471 eod.
1909 5425 1962 5469 et

2523 5054 2568 5085 ⁷⁸
2594 5055 2717 5113 τους
2747 5047 2935 5101 ἑαυτοῦ
2973 5063 3022 5114 p.
3047 5048 3116 5099 τὰ
3147 5045 3372 5100 σεαυτοῦ

1878 5135 2020 5194 τινός
2042 5131 2099 5184 S.
2203 5118 2255 5160 ἐἶθ
2285 5127 2359 5180 Ita
2395 5123 2438 5178 Ο
2468 5133 2522 5177 et
2553 5122 2692 5194 Epit.
2723 5160 2738 5184 ,
2785 5118 3274 5194 ἀνατυπωσάμενος

2896 5257 3068 5294 βάκ-ην
3163 5257 3208 5287 8³
3252 5257 3372 5294 ἐῢς..

1813 5256 2075 5344 ιυῖρθτςίι
2097 5256 2476 5338 περιθήσουσιν
2499 5303 2513 5327 ,
2545 5264 2682 5332 ὅπερ
2713 5257 3087 5359 ἀπεταξάμην.
3163 5257 3208 5287 ⁸³
3251 5256 3368 5338 :65:

1813 5349 1858 5426 ⁸Ϊ
1891 5343 2269 5426 θεκωίέῄεὲίιτίῖἵ
2302 5332 2576 5426 ,ἔλὴῂἕῖ
2598 5331 3068 5426 ἠἒὶυέἒῗπῧῇζοᾎ
3108 5326 3248 5426 πλέα

2008 5396 2396 5495 Ὲῇἱιοηιε.στήν
2430 5396 2571 5486 ante
2591 5396 2982 5495 Jévsgtvgim.
3008 5398 3091 5480 'C.
3150 5396 3248 5495 “:1
3282 5410 3371 5462 μοι

1936 5464 2094 5536 ’Ἀλλά
2129 5479 2221 5530 καί
2255 5464 2481 5544 (Sfdes.
2509 5476 2560 5527 in
2591 5464 2659 5544 0'.
2688 5472 2800 5544 rei;
2837 5466 3119 5544 saluom}.
3143 5464 3372 5544 ἐλέγχου

133 5533 588 5631 ἓωίὲυίὲὶιῖῖμιίίι
818 5533 1347 5635 τοὺςῘΪ-ίηὲλέῗίοῦξῖ
1372 5533 1900 5632 ':
1934 5533 2048 5606 "in
2086 5547 2236 5618 παρὰ
2261 5533 2359 5630 ’σοῦ
2393 5545 2552 5597 πάλιν
2579 5540 2785 5620 τάληθῆ
2823 5537 2976 5609 μάθω
3010 5537 3103 5620 ita}
3141 5533 3369 5605 βέϐαια·

134 5643 306 5698 πολλά
340 5612 551 5694 πταίέιν
584 5637 697 5693 οἶδα
721 5657 775 5694 κ.
794 5656 844 5691 τ.
865 5639 914 5691 λ.
940 5637 1090 5693 Unde
1106 5634 1354 5703 Davisius
1379 5649 1394 5689 :
1428 5629 1734 5703 Μανθάνειν
1756 5627 1997 5703 ἔχω-τοίς
2025 5624 2091 5703 δή
2124 5618 2491 5703 εονῄὲΛέ-ιγοχιζιις
2521 5608 2898 5703 τέληθηῶμξαὶ
2911 5607 3133 5703 :0}th
3159 5601 3385 5703 τξξαξξξῖς

135 5673 914 5782 I‘f’tﬁ‘i.“‘i‘£‘,13.‘;;:“.::;."6:
942 5673 1394 5770 Ἵῖἒέέιῖἒὶἇῖὃῗ
1429 5673 1994 5772 τῖ’ὲέἔχέιᾶῗῗιέὁὶῖ
2023 5673 2091 5749 ἰιί
2119 5687 2262 5758 Epit.
2338 5673 2505 5740 Vna
2537 5682 2602 5740 0.
2631 5673 2678 5738 c'.
2712 5673 2882 5753 Epic,
2911 5676 3014 5746 πρό
3040 5675 3104 5732 C.
3179 5674 3225 5706 υ
3259 5673 3372 5740 exe

138 5785 342 5840 excidit
374 5799 463 5852 ap.
491 5779 574 5838 Cl.
616 5779 670 5836 et
692 5779 750 5834 S.
