3860 6210
468 281 577 338 355

1336 281 1391 335 S.
1434 279 1820 336 CLEMENTIS
1857 280 1872 334 I
1908 281 2075 336 ROM.
2114 280 2313 338 PONT.
2344 279 2572 335 OPERA
2607 279 2832 336 DUBIA.

3648 284 3747 337 5.35

471 399 795 456 thematicas
825 395 1144 467 disciplinas
1165 398 1382 467 penitus
1422 398 1569 461 novi,
1596 398 1854 453 dominus
1882 408 2054 451 autem

2180 397 2397 469 Ἐπειδὴ
2432 398 2494 450 τὸ
2524 398 2750 468 μάθημα
2782 397 3026 471 ἀκριϐῶς
3058 398 3375 469 ἐπίσταμαι,
3410 400 3437 452 6
3469 398 3527 452 δὲ
3565 400 3753 471 κύριος

469 503 521 549 et
548 501 702 563 pater
737 506 845 545 non
878 490 1031 554 item,
1060 492 1104 544 si
1136 492 1250 559 ipse
1281 490 1573 545 Annubion
1604 492 1840 556 adesset,
1873 507 2059 546 coram

2164 489 2257 542 καὶ
2289 492 2316 542 6
2364 490 2548 560 πατὴρ
2594 490 2690 559 οὐχ
2724 490 2923 553 οὕτως,
2982 490 3191 561 ἤθελον,
3233 492 3281 542 εί
3327 490 3491 554 αὐτὸς
3537 491 3743 545 Ἀννου-

471 599 621 658 patre
634 587 1058 656 disputationem
1074 586 1352 639 haberem.
1369 584 1443 639 Ita
1460 585 1661 655 quippe
1677 601 1761 639 res
1776 586 1951 655 palam
1967 602 2054 640 ve-

2163 576 2294 632 ϐίων
2344 581 2544 651 παρῆν,
2580 582 2673 633 ἐπὶ
2701 581 2795 634 τοῦ
2851 584 3055 653 πατρὸς
3109 586 3433 655 ποιήσασθαι
3478 588 3525 620 ⁸⁵
3569 588 3745 657 λόγον.

410 704 415 709 ·
470 681 587 736 nire
613 681 958 751 posset,tlum
988 681 1123 733 artis
1144 680 1350 747 peritus
1374 680 1638 733 adversus
1655 679 1899 747 ejusdem
1924 681 2054 734 artis

2162 674 2317 727 Οῦτω
2350 675 2457 746 γὰρ
2481 675 2545 728 ἂν
2566 677 2627 729 τὸ
2658 679 2886 748 πρᾶγμα
2919 680 2999 741 είς
3030 679 3263 749 φανερὸν
3292 680 3464 733 ἐλθεῖν
3494 680 3748 750 ἠδύνατο,

470 773 746 825 hominem
767 773 1122 840 quiestionem
1156 772 1402 840 agitaret.
1422 768 1723 838 Respondit
1740 780 1890 839 pater
1914 788 1925 823 :
1954 768 2056 825 Ubi

467 880 598 934 ergo
619 872 796 933 potest
813 878 937 916 cum
962 862 1291 914 Annubione
1306 876 1634 929 congressus
1652 870 1705 914 et
1723 862 2053 931 colloquium

468 956 697 1009 haberi?
722 954 787 1007 Et
822 954 1015 1007 Petrus
1058 953 1134 1006 ait
1163 971 1175 1006 :
1216 953 1520 1007 Antiochia:
1553 972 1566 1007 :
1601 954 1672 1007 ibi
1716 955 1862 1007 enim
1893 954 2055 1009 audio

465 1064 587 1102 esse
617 1046 896 1101 Simonem
948 1044 1187 1114 Magum,
1221 1060 1382 1113 quem
1429 1045 1718 1098 Annubion
1750 1055 2054 1101 assectatus

468 1156 572 1192 non
602 1139 822 1193 deserit.
852 1136 1082 1203 Quando
1100 1151 1231 1204 ergo
1264 1135 1375 1190 illic
1406 1134 1694 1200 fuerimus,
1728 1138 1773 1189 si
1797 1153 1891 1191 eos
1916 1153 2053 1190 nan-

464 1231 760 1294 ciseaniur,
794 1228 1118 1297 disceptatio
1160 1226 1273 1280 tieri
1307 1227 1524 1295 poterit.
1564 1224 1629 1279 Et
1670 1236 1959 1296 postquam
1986 1229 2052 1283 de

464 1324 655 1377 multis
693 1321 1082 1387 disseruimus,
1112 1322 1335 1389 prepter
1375 1321 1805 1391 recognitionem
1860 1322 1965 1375 laeti
1998 1331 2053 1376 et

462 1415 575 1470 Deo
603 1417 807 1485 gratias
854 1412 1101 1485 agentes,
1136 1425 1295 1469 nocte
1340 1416 1756 1485 superveniente
1801 1415 1869 1471 ad
1903 1432 2051 1471 som-

461 1524 591 1585 uuvm
618 1524 716 1564 nos
740 1509 1098 1563 contulimus.

1218 1682 1287 1711 ι-

1037 1794 1322 1863 HOMILIA
1362 1806 1479 1863 XV.

528 1920 569 1975 l.
610 1920 815 1974 Exorto
852 1929 1030 1976 autem
1075 1938 1251 1986 mane.
1285 1932 1441 1993 pater
1490 1938 1612 1977 cum
1644 1932 1817 1979 matre
1862 1932 2045 1978 nostra

459 2014 737 2084 tribusque
799 2014 921 2068 filiis
980 2016 1252 2085 ingressus
1306 2018 1358 2071 in
1421 2016 1600 2071 locum
1653 2017 1741 2070 ubi
1766 2025 1884 2070 erat
1939 2017 2044 2072 Pe-

457 2112 595 2166 trus,
644 2117 765 2157 cum
821 2106 1127 2169 salutasset,
1189 2108 1362 2170 sedit,
1418 2107 1614 2161 deinde
1666 2122 1763 2161 nos
1803 2123 2041 2177 quoque,

456 2195 548 2248 illo
576 2195 816 2263 iubente.
850 2195 928 2251 Ac
977 2195 1173 2253 Petrus
1222 2208 1427 2268 patrem
1473 2199 1703 2254 intuitus
1753 2200 1864 2253 ait:
1907 2199 2041 2255 Per-

452 2286 615 2355 cupio
672 2296 724 2341 te
788 2287 930 2342 idem
989 2290 1194 2345 sentire
1242 2291 1387 2359 quod
1436 2306 1578 2346 uxor
1606 2306 1670 2345 ac
1700 2290 1879 2357 liberi,
1904 2302 1964 2347 ut
1990 2301 2043 2347 et

454 2381 542 2433 hic
578 2395 703 2435 cum
736 2380 816 2435 eis
863 2382 1147 2447 convivas,
1189 2392 1245 2437 et
1278 2382 1409 2448 illic,
1455 2393 1579 2451 post
1614 2383 1813 2437 animae
1845 2399 1876 2438 a
1914 2399 2039 2438 cor—

452 2483 584 2539 pore
631 2470 1080 2540 disjunctionem,
1113 2474 1291 2536 simul
1344 2490 1471 2528 cum
1522 2474 1726 2528 eisdem
1772 2476 1849 2529 sis
1888 2475 2039 2529 omni

451 2563 702 2618 molestia
744 2564 900 2619 liber.
932 2565 1015 2618 An
1045 2581 1154 2620 non
1188 2567 1333 2620 enim
1368 2577 1421 2621 te
1453 2576 1615 2636 atque
1648 2567 1770 2622 illos
1801 2568 2039 2621 maxime

452 2655 830 2720 contristaret,
862 2658 905 2710 si
937 2673 1043 2711 uua
1079 2670 1184 2711 non
1215 2660 1411 2712 essetis
1440 2658 1548 2713 ?Et
1587 2668 1739 2728 pater
1762 2676 1774 2712 :
1800 2657 2037 2713 Omnino

450 2762 604 2800 sane.
635 2745 773 2800 Tum
808 2746 1003 2801 Petrus
1031 2765 1043 2800 :
1076 2746 1131 2802 Si
1161 2764 1292 2819 ergo
1335 2749 1426 2803 hic
1478 2749 1708 2803 invicem
1751 2758 2038 2816 separatos

447 2849 570 2888 esse
589 2835 839 2889 molestia
865 2836 1045 2901 allicit,
1062 2853 1262 2900 nonne,
1283 2839 1503 2907 quando
1536 2847 1902 2908 postmortem
1933 2840 2039 2893 erit

448 2924 678 2978 omnino
716 2938 939 2981 necesse
964 2944 1059 2981 vos
1083 2944 1190 2981 non
1227 2944 1348 2983 esse
1379 2930 1561 2995 simul,
1592 2932 1763 2985 multo
1789 2932 1962 3001 magis
1987 2940 2037 2985 te

446 3014 814 3079 contristabit,
830 3024 880 3069 te
898 3017 1140 3085 quidem,
1156 3017 1247 3087 qui
1262 3020 1344 3072 vir
1371 3020 1587 3088 sapiens
1606 3036 1686 3087 es,
1706 3022 1917 3076 ratione
1932 3031 2037 3076 tum

2159 766 2400 835 τεχνίτου
2435 768 2571 839 πρὸς
2597 770 2886 840 ὁμότεχνον
2916 772 3013 841 τὴν
3038 772 3259 843 ζήτησιν
3292 773 3609 843 ἐσχηκότος·
3642 775 3752 828 καί·
3810 806 3825 811 “

2158 858 2186 909 6
2221 858 2401 928 πατὴρ
2434 860 2783 930 ἀπεκρίνατο·
2821 860 2929 913 Ποῦ
2963 858 3053 915 οὖν
3085 863 3306 917 δυνατόν
3340 866 3485 917 ἐστιν
3528 866 3747 918 Ἀννου-

2158 946 2308 1000 ϐίωνι
2347 952 2623 1019 συντυχεῖν
2646 967 2658 1014 ;
2684 952 2794 1003 Καὶ
2820 952 2848 1004 6
2878 952 3081 1023 Πέτρος
3108 953 3231 1023 ἔφη·
3281 954 3369 1007 Ἐν
3415 954 3744 1025 Ἀντιοχείᾳ·

2156 1039 2271 1091 ἐκεῖ
2298 1040 2406 1112 γὰρ
2436 1042 2690 1111 μανθάνω
2707 1041 2923 1112 Σίμωνα
2952 1044 3042 1096 τὸν
3062 1046 3249 1113 Μάγον
3281 1046 3405 1099 δντα
3426 1048 3496 1111 ’³,
3537 1041 3586 1115 ᾧ
3632 1050 3753 1100 Ἀν-

2154 1130 2381 1184 νουϐίων
2417 1133 2796 1203 παρεπόμενος
2828 1133 3130 1207 ἀχώριστός
3161 1139 3328 1191 ἐστιν.
3382 1138 3554 1191 Ἐπὰν
3588 1139 3638 1170 ’⁸
3661 1136 3755 1192 οῦν

2155 1224 2269 1274 ἐκεῖ
2295 1222 2599 1293 γενώμεθα,
2625 1224 2718 1277 ἐάν
2743 1242 2801 1293 γε
2828 1226 3225 1297 καταλάϐωμεν
3259 1229 3479 1292 αὐτοὺς,
3517 1232 3550 1301 ἡ
3582 1228 3757 1302 ζήτη-

2156 1329 2238 1376 σις
2270 1314 2521 1382 γενέσθαι
2554 1315 2789 1369 δύναται.
2831 1318 2940 1369 Καὶ
2968 1317 3119 1388 ὁμῶς
3160 1318 3329 1371 πολλά
3369 1319 3758 1389 διαλεχθέντες

2154 1409 2245 1461 xui
2278 1410 2370 1462 ἐπὶ
2402 1410 2479 1481 τῷ
2510 1411 2911 1483 ἀναγνωρισμῷ
2943 1410 3202 1483 χαρέντες
3229 1411 3273 1443 ’⁷
3302 1414 3396 1465 καὶ
3428 1413 3551 1484 Θεῷ
3586 1415 3759 1481 εὐχα-

2154 1503 2527 1573 ριστήσαντες,
2577 1503 2819 1575 ἑσπέρας
2863 1503 3387 1576 ἐπικαταλαϐούσης,
3446 1506 3530 1568 εἰς
3574 1504 3757 1558 ὕπνον

2152 1588 2489 1665 ὲτράπημεν.

2738 1801 2997 1855 ὈλῙίΛιΑ
3035 1796 3134 1856 ΙΕ’.

2220 1912 2259 1968 1.
2304 1915 2538 1987 Ὄρθρου
2565 1916 2621 1969 δὲ
2649 1918 2939 1987 γενομένου
2971 1920 2999 1971 6
3027 1918 3210 1988 πατὴρ
3241 1917 3377 1988 μετὰ
3396 1918 3498 1989 τῆς
3532 1919 3756 1992 μητρὸς

2145 2008 2304 2077 ἡμῶν
2340 2009 2431 2061 xui
2456 2009 2563 2062 τῶν
2594 2008 2759 2079 τριῶν
2810 2009 2943 2061 υἱῶν
2984 2008 3255 2073 εἰσελθὼν,
3296 2010 3421 2062 ἔνθα
3452 2012 3483 2063 6
3531 2012 3755 2082 Πέτρος

2143 2095 2233 2171 ἦν,
2258 2100 2706 2172 προσαγορεύσας
2733 2101 3022 2171 ἐκαθέσθη,
3042 2102 3228 2154 ἔπειτα
3428 2103 3525 2154 xui
3550 2104 3749 2173 ἡμεῖς,

2145 2192 2311 2245 αὐτοῦ
2349 2193 2723 2257 κελεύσαντος.
2762 2194 2871 2247 Καὶ
2904 2196 2931 2246 6
2959 2196 3161 2266 Πέτρος
3190 2194 3267 2265 τῷ
3300 2196 3465 2266 πατρὶ
3491 2212 3753 2266 προσεμ-

2146 2286 2349 2356 ϐλέψας
2382 2285 2509 2357 ἔφη·
2562 2286 2786 2339 Σπεύδω
2826 2288 3103 2357 ὁμόφρονά
3138 2304 3196 2339 σε
3230 2287 3481 2355 γενέσθαι
3513 2290 3750 2356 γυναικὶ

2143 2380 2235 2431 xui
2269 2380 2498 2442 τέκνοις,
2533 2379 2681 2442 ὅπως
2714 2379 2895 2442 αὐτοῖς
2923 2380 3017 2432 καὶ
3048 2379 3278 2432 ἐνταῦθα
3309 2379 3620 2449 ὁμοδίαιτος
3652 2377 3746 2453 ᾖς,

2143 2471 2303 2522 κάκεῖ
2334 2470 2471 2540 μετὰ
2502 2470 2591 2523 τὸν
2624 2470 2733 2523 ἀπὸ
2759 2473 2853 2523 τοῦ
2900 2471 3149 2541 σώματος
3195 2472 3294 2541 τῆς
3336 2471 3516 2541 ψυχῆς
3559 2490 3746 2543 χωρι-

2144 2562 2277 2631 σμὸν
2304 2561 2479 2616 συνὼν
2510 2563 2714 2626 ἄλυπος
2743 2563 2841 2635 ἔσῃ
2875 2565 2937 2617 ³⁸.
2973 2565 3042 2616 Ἦ
3076 2563 3184 2634 γὰρ
3213 2565 3272 2616 ού
3300 2564 3367 2616 τά
3400 2564 3644 2635 μέγιστά
3682 2581 3744 2616 σε

2142 2652 2302 2707 λυπεῖ
2348 2656 2443 2707 xui
2475 2655 2672 2717 αὐτοὺς
2718 2654 2779 2707 τὸ
2815 2657 2889 2726 μὴ
2944 2657 3191 2727 ἀλλήλοις
3249 2660 3517 2721 συνεῖναι;
3554 2659 3671 2734 Καὶ
3713 2661 3745 2711 6

2142 2748 2343 2818 πατήρ·
2377 2748 2486 2801 Καὶ
2521 2750 2661 2803 πάνυ
2704 2768 2787 2818 γε.
2835 2749 2945 2827 Kui
2982 2752 3009 2803 6
3051 2751 3272 2820 Πέτρος·
3321 2752 3385 2803 Εἰ
3428 2748 3522 2805 οὖν
3554 2755 3657 2805 καὶ
3692 2753 3741 2783 ⁹⁹

2140 2836 2372 2892 ἐνταῦθα
2404 2839 2465 2893 τὸ
2484 2841 2724 2913 ἀλλήλων
2753 2843 3080 2913 κεχωρίσθαι
3116 2843 3292 2904 λυπεῖ,
3331 2844 3465 2913 μετὰ
3501 2844 3739 2899 θάνατον

2140 2931 2359 2994 πάντως
2408 2932 2757 3003 ὀφειλόμενον
2804 2936 2931 3004 ὑμῖν
2985 2937 3102 3005 μετ’
3157 2935 3400 3006 ἀλλήλων
3437 2936 3512 3006 μὴ
3563 2931 3735 2999 εἶναι,

2139 3021 2290 3093 πόσῳ
2336 3040 2398 3091 γε
2450 3024 2647 3093 μᾶλλον
2697 3025 2927 3096 λυπήσει
2971 3027 3059 3090 ¹⁰⁰,
3095 3026 3153 3079 σὲ
3206 3027 3303 3097 μὲν
3337 3027 3505 3098 ἄνδρα
3563 3029 3736 3097 σοφὸν
3775 3068 3778 3069 ν

448 3106 726 3173 Opinionis
746 3108 984 3178 disjungi
1010 3125 1039 3163 a
1069 3110 1195 3176 tuis,
1226 3112 1347 3166 illos
1369 3127 1499 3166 vero
1533 3114 1705 3167 multo
1732 3116 1905 3185 magis
1932 3118 2031 3172 do-

2141 3111 2264 3165 δντα
2293 3113 2371 3183 τῷ
2414 3115 2511 3185 τῆς
2563 3114 2788 3187 γνώμης
2824 3135 2916 3170 σου
2965 3117 3108 3188 λόγῳ
3144 3122 3159 3150 ¹
3192 3120 3300 3171 τῶν
3342 3097 3447 3171 σῶν
3494 3120 3738 3191 κεχωρί-

445 3198 577 3263 lere,
620 3200 767 3268 quod
800 3201 975 3254 sciant
1005 3212 1056 3257 te
1089 3204 1197 3257 alia
1245 3206 1571 3260 sentientem
1615 3217 1877 3261 aeternum
1903 3224 2033 3279 sup-

445 3289 669 3359 plicium
696 3294 767 3346 ob
793 3292 907 3345 veri
937 3292 1209 3363 dogmatis
1237 3295 1579 3362 negationem
1604 3296 1871 3351 manere?

514 3463 579 3518 ﬂ.
614 3463 680 3517 Et
726 3474 881 3533 pater
911 3466 1087 3520 dixit:
1134 3469 1205 3521 At
1251 3484 1360 3522 non
1411 3468 1485 3523 ita
1524 3480 1626 3537 est,
1660 3486 1694 3527 ο
1743 3474 1939 3540 amice,
1972 3484 2032 3530 ut

445 3555 588 3623 apud
636 3554 843 3610 inferos
878 3558 1176 3625 puniantur
1208 3560 1424 3626 animze,
1457 3564 1717 3631 quoniam
1746 3566 1927 3620 anima
1956 3568 2033 3621 si-

443 3646 559 3700 mul
587 3656 751 3715 atque
782 3663 812 3700 a
842 3664 1075 3717 corpore
1104 3651 1441 3718 discesserit,
1480 3655 1534 3708 in
1559 3671 1738 3711 aerem
1776 3658 2028 3712 dissolvi-

442 3745 553 3791 tur.
581 3736 803 3807 Excepit
840 3738 1035 3796 Petrus
1072 3743 1319 3814 :Itaque,
1363 3762 1535 3816 usque
1562 3748 1692 3803 dum
1740 3750 1842 3804 hac
1880 3751 1947 3805 de
1973 3766 2031 3806 re

443 3830 543 3884 tibi
574 3832 1025 3900 persuadeamus,
1054 3838 1323 3905 responde
1363 3840 1516 3906 mihi,
1552 3857 1734 3896 nonne
1756 3844 1853 3897 tibi
1880 3843 2031 3898 vide-

442 3930 552 3987 tur,
580 3929 635 3978 te
658 3924 900 3993 quidem,
926 3927 1019 3997 qui
1068 3927 1281 3985 futuras
1312 3946 1505 4001 ptenas
1538 3949 1646 3987 non
1690 3935 1889 4001 credis,
1927 3944 2026 3989 ne-

440 4030 717 4086 quaquam
743 4016 949 4083 dolere,
982 4020 1106 4076 illos
1149 4033 1300 4089 vero,
1334 4024 1427 4091 qui
1452 4025 1701 4091 credunt,
1741 4026 1807 4081 de
1835 4035 1888 4081 te
1931 4042 2028 4081 ne-

443 4110 681 4165 aessario
713 4110 875 4181 angi?
904 4111 1042 4167 Tum
1068 4124 1221 4184 pater
1250 4131 1263 4169 :
1304 4115 1469 4171 Recte
1510 4119 1669 4173 dicis.
1703 4117 1897 4175 Petrus
1928 4132 2027 4174 a‘u-

442 4213 552 4259 tem
585 4222 599 4260 :
631 4204 698 4259 Et
727 4217 897 4275 quare
920 4208 1161 4263 maximo
1184 4210 1251 4265 de
1290 4218 1344 4265 te
1376 4227 1611 4266 mmrore
1640 4228 1746 4267 non
1771 4228 1865 4269 eos
1890 4214 2026 4268 libe-

439 4297 607 4359 rabis,
644 4300 895 4370 religioni
927 4303 1256 4367 assentiens,
1284 4319 1391 4357 non
1420 4303 1627 4373 pudore
1652 4304 1899 4373 inquam,
1927 4304 2023 4360 sed

437 4389 715 4458 mquitate,
747 4391 814 4445 de
843 4392 908 4446 iis
932 4405 1053 4461 qua:
1090 4393 1187 4447 tibi
1212 4410 1241 4447 a
1273 4410 1358 4448 me
1379 4394 1637 4448 dicuntur
1667 4396 1938 4450 audiendo
1968 4404 2021 4450 et

432 4483 751 4552 iudicando,
786 4494 969 4539 utrum
995 4501 1058 4540 ea
1089 4486 1163 4540 ita
1193 4486 1447 4552 habeant,
1485 4502 1585 4541 nec
1610 4502 1695 4541 ne.
1728 4487 1804 4542 Ac
1826 4488 1871 4543 si
1900 4490 2023 4557 qui-

434 4577 557 4630 dem
585 4576 657 4629 ita
684 4585 788 4642 est,
814 4582 874 4631 ut
903 4577 1161 4644 dicimus,
1196 4586 1251 4631 ct
1283 4578 1369 4633 hic
1395 4594 1503 4631 una
1530 4594 1655 4633 cum
1680 4579 2023 4636 charissimis

434 4668 795 4723 delectaberis
826 4680 879 4723 et
908 4670 1019 4724 illic
1062 4685 1187 4725 cum
1215 4666 1421 4725 eisdem
1449 4672 1693 4741 requiem
1716 4685 2023 4740 conseque-

434 4759 532 4813 ris.
591 4757 746 4825 Quod
796 4761 841 4815 si
874 4762 929 4815 in
983 4778 1297 4818 sermonum
1355 4773 1573 4818 tuorum
1629 4764 2023 4832 disceptatione

434 4852 765 4914 ostenderis,
813 4868 935 4919 qua:
979 4870 1010 4907 a
1059 4855 1217 4911 nobis
1264 4864 1619 4921 asseruntur,
1666 4853 1859 4909 falsam
1897 4870 2021 4911 esse

437 4940 699 5007 fabulam,
718 4945 885 4999 etiam
913 4946 994 5000 sic
1022 4948 1281 5015 prmclare
1306 4948 1498 5013 facies,
1527 4948 1645 5001 illos
1671 4946 1810 5001 idem
1837 4951 2017 5000 tecum

437 5034 734 5089 sentientes
766 5036 1061 5105 accipiens,
1115 5038 1423 5107 elliciesque
1458 5048 1519 5092 ut
1564 5037 1830 5092 desistant
1874 5053 2017 5093 vana

435 5139 531 5193 spe
568 5124 745 5188 inniti,
773 5135 827 5179 et
856 5127 1112 5183 liberabis
1142 5127 1293 5185 falsis
1322 5130 1645 5185 terroribus.

507 5213 593 5269 ιιι.
621 5215 688 5271 Et
726 5225 881 5287 pater
912 5238 924 5273 :
952 5218 1122 5276 Multa
1175 5222 1311 5277 mihi
1347 5223 1551 5279 videris
1590 5224 1772 5279 dicere
1814 5223 2015 5278 rationi

2136 3203 2280 3269 σθαι,
2311 3205 2507 3269 αὐτοὺς
2537 3208 2595 3260 δὲ
2639 3207 2773 3261 πολὺ
2812 3209 3011 3279 μᾶλλον
3057 3211 3343 3264 ὀδυνᾶσθαι
3378 3211 3456 3282 τῷ
3500 3212 3734 3279 εἰδέναι,

2132 3295 2216 3347 ὅτι
2250 3313 2307 3348 σε
2342 3296 2477 3350 ἄλλα
2511 3299 2810 3369 φρονοῦντα
2840 3300 3054 3367 αἰώνιος
3082 3303 3233 3372 μένει
3275 3304 3515 3367 κόλασις,
3556 3302 3732 3374 ῥητοῦ

2132 3388 2399 3459 δόγματος
2432 3391 2704 3459 ἀποφάσει
2731 3408 2746 3456 ;

2204 3480 2266 3534 ll.
2302 3482 2411 3534 Καὶ
2435 3484 2462 3535 6
2492 3483 2673 3555 πατὴρ
2709 3484 2833 3555 ἔφη·
2883 3484 3019 3537 Ἀλλ’
3065 3486 3164 3539 οὐκ
3206 3485 3371 3549 ἔστιν,
3405 3480 3449 3539 ὦ
3474 3486 3727 3555 φίλτατε,

2131 3570 2193 3624 τὸ
2224 3573 2281 3623 ἐν
2309 3571 2436 3643 ᾅδου
2485 3572 2663 3643 ψυχὰς
2711 3575 3053 3641 κολάζεσθαι,
3090 3577 3259 3647 αὐτῆς
3307 3578 3422 3647 ἃμα
3466 3578 3547 3647 τῷ
3581 3579 3728 3633 ἁπο-

2133 3665 2321 3735 στῆναι
2352 3665 2446 3718 τοῦ
2472 3665 2721 3737 σώματος
2742 3670 2821 3731 είς
2840 3669 2975 3740 ἀέρα
3007 3670 3291 3741 λυομένης.
3312 3671 3421 3724 Καὶ
3451 3671 3478 3722 6
3515 3672 3729 3742 Πέτρος

2130 3754 2255 3825 ἔφη·
2303 3757 2513 3829 Μέχρις
2545 3754 2637 3810 οὖν
2684 3759 2771 3811 ὅτε
2820 3760 2884 3812 ἂν
2919 3762 2938 3790 ³
2973 3762 3099 3832 περὶ
3139 3761 3329 3814 τούτου
3386 3761 3668 3831 πείσωμέν
3703 3764 3725 3794 ³

2133 3865 2211 3911 σε,
2246 3850 2537 3921 ἀπόκριναί
2571 3870 2679 3923 μοι,
2712 3854 2773 3905 οὐ
2809 3853 2956 3906 δοκεῖ
3008 3872 3109 3915 σοι,
3154 3854 3213 3906 σὲ
3250 3854 3350 3923 μὲν
3383 3853 3725 3909 ἀπιστοῦντα

2128 3938 2226 4009 τὴν
2260 3941 2477 3994 κόλασιν
2514 3943 2587 4014 μὴ
2616 3942 2921 4007 λυπεῖσθαι,
2955 3946 3194 4008 ἐκείνους
3226 3945 3281 3996 δὲ
3317 3946 3723 4016 πεπεισμένους

2129 4029 2373 4102 ἀνάγκην
2424 4032 2566 4101 ἔχειν
2618 4035 2746 4105 περὶ
2799 4035 2891 4087 σοῦ
2948 4037 3235 4101 ἀνιᾶσθαι;
3281 4037 3389 4089 Καὶ
3434 4039 3462 4090 6
3507 4040 3718 4109 πατήρ·

2143 4121 2471 4186 Ἀκολούθως
2503 4124 2702 4193 λέγεις.
2738 4128 2847 4179 Καὶ
2876 4130 2903 4180 6
2936 4128 3159 4199 Πέτρος·
3211 4127 3311 4181 Διά
3340 4128 3392 4181 τί
3422 4128 3477 4181 δὲ
3516 4131 3722 4193 αὐτοὺς

2126 4213 2225 4265 οὐκ
2258 4214 2587 4279 ἀπαλλάξεις
2632 4218 2894 4289 μεγίστης
2924 4221 3050 4291 περὶ
3095 4220 3188 4273 σοῦ
3231 4218 3430 4290 λύπης,
3472 4224 3539 4291 τῇ
3577 4220 3719 4292 θρη-

2129 4306 2286 4377 σκείᾳ
2330 4307 2674 4377 συνθέμενος,
2707 4309 2767 4360 οὐ
2799 4310 3045 4381 δυσωπίᾳ
3071 4311 3238 4379 λέγω,
3276 4311 3390 4363 ἀλλ’
3439 4312 3720 4381 εὐγνωμο-

2128 4398 2281 4471 σύνῃ,
2315 4398 2443 4470 περὶ
2472 4397 2579 4452 τῶν
2609 4399 2914 4470 λεγομένων
2946 4418 3025 4452 σοι
3065 4400 3154 4453 ὑπ’
3183 4399 3317 4471 ἐμοῦ
3354 4401 3588 4467 ἀκούων,
3620 4403 3718 4453 xui

2125 4492 2323 4561 κρίνων
2358 4492 2405 4543 εί
2429 4490 2602 4543 ταῦτα
2629 4491 2800 4555 οὕτως
2825 4491 2957 4561 ἔχει,
2995 4492 3026 4561 ἢ
3061 4491 3158 4557 οῦ;
3195 4494 3288 4545 xui
3322 4494 3370 4544 εί
3410 4492 3506 4563 μὲν
3538 4491 3717 4556 οὕτως

2122 4583 2232 4652 ἔχει
2265 4585 2341 4646 ὡς
2372 4583 2621 4653 λέγομεν,
2666 4585 2759 4635 xui
2798 4578 2897 4638 ὧδε
2943 4584 3371 4647 συναπολαύσεις
3599 4589 3716 4649 τοῖς

2121 4672 2417 4741 φιλτάτοις,
2444 4674 2603 4725 κάκεῖ
2629 4674 3037 4746 συναναπαύσῃ·
3072 4676 3117 4726 εί
3142 4674 3197 4726 δὲ
3217 4676 3274 4726 ἐν
3306 4676 3373 4744 τῇ
3403 4674 3510 4726 τῶν
3534 4673 3713 4741 λόγων

2122 4772 2217 4813 σου
2247 4761 2269 4793 ⁸
2299 4762 2487 4831 σκέψει
2530 4762 2710 4834 δείξῃς
2755 4762 2824 4815 τὰ
2868 4764 2960 4832 ὑφ’
3001 4764 3160 4834 ⁴ἡμῶν
3212 4764 3479 4834 λεγόμενα
3540 4764 3712 4834 μῦθόν

2120 4868 2242 4904 τινα
2272 4850 2437 4921 ψευδῆ
2473 4847 2630 4915 εἶναι,
2667 4853 2760 4904 xai
2791 4851 2963 4916 οὕτως
2995 4852 3175 4917 καλῶς
3209 4856 3473 4925 ποιήσεις,
3508 4853 3712 4918 αὐτοὺς

2120 4943 2505 5014 ὀμογνώμονάς
2553 4962 2633 4997 σοι
2675 4944 2933 5016 εἰληφὼς,
2979 4946 3073 4998 καὶ
3124 4945 3216 4998 τοῦ
3263 4950 3447 5008 κεναῖς
3494 4946 3711 4998 ἐλπίσιν

2120 5033 2495 5103 ἐπερείδεσθαι
2560 5035 2815 5100 παύσεις,
2869 5036 2963 5089 xui
3022 5036 3231 5107 ψευδῶν
3294 5036 3475 5107 φόϐων
3531 5035 3711 5089 ἀπαλ-

2119 5124 2243 5189 λάξε
2254 5144 2318 5189 ις.

2191 5217 2277 5275 ΙΙΙ.
2315 5219 2423 5273 Kui
2454 5221 2483 5273 6
2511 5221 2714 5292 πατὴρ·
2750 5221 2929 5275 Πολλά
2956 5218 3123 5293 φαίνῃ
3158 5240 3246 5294 μοι
3279 5220 3476 5291 εὔλογα
3505 5219 3702 5290 λέγων.

1748 5397 1983 5453 VARUE
2025 5396 2431 5454 LECTIONES.

506 5534 552 5564 ’δ
578 5530 654 5615 lla
679 5527 821 5615 01c.
859 5528 1021 5615 Ερξιη
1046 5532 1389 5615 ἐποιησάμην
1515 5537 1688 5615 _Supra
1726 5538 1925 5615 ἐθέλων
1948 5540 2063 5615 leg.
2090 5550 2275 5615 censet
2433 5542 2478 5615 οξ
2512 5539 2647 5615 εἶναι
2675 5560 2728 5613 p.
2762 5544 2852 5597 τὸν
2884 5546 3056 5615 μάγον
3080 5543 3207 5597 ὄντα
3235 5542 3300 5598 0.
3375 5544 3421 5579 ”
3453 5545 3529 5607 ὡς
3549 5544 3616 5601 ἄν
3633 5546 3697 5602 C.

435 5602 675 5671 ⁹⁷.χαρᾶς
706 5601 1079 5670 πληρωθέντες
1103 5604 1166 5658 0.
1192 5601 1201 5604 ⁷
1246 5601 1294 5635 ⁸⁸
1318 5601 1467 5676 μετὰ¹
1486 5609 1577 5661 τὸν
1598 5601 1885 5711 ’χωρισμὸν
1912 5601 2210 5680 τῆςῖρυχῆς
2242 5612 2349 5663 ἀπὸ
2380 5613 2473 5666 τοῦ
2510 5601 2758 5685 σώματος
2784 5601 3008 5668 συνδντα
3045 5616 3250 5669 ἄλυπον
3284 5615 3500 5669 ἔσεσθαι
3535 5616 3599 5670 C.
3639 5616 3697 5674 In

435 5673 550 5711 ιοήη
612 5670 712 5711 Ιὲἐ
768 5671 938 5711 miw‘nu
968 5673 1026 5711 ὶυ
1059 5675 1359 5711 :v’unmm'um
1394 5677 1586 5711 ληινσμ
1714 5681 1733 5708 9
1770 5681 1860 5711 ενι-ι
1896 5682 1996 5711 η,Ι.Ι
2054 5696 2083 5711 η
2136 5681 2180 5711 n
2305 5683 2373 5711 too
2412 5683 2606 5711 ..ιτ-Λ-..
2641 5687 2697 5711 -.ιλ
2733 5685 2958 5711 \..-.L_-.
2996 5687 3035 5711 ρ
3165 5688 3179 5711 ι
3219 5685 3289 5711 1...
3344 5684 3458 5711 υκει
3524 5693 3575 5711 ,ιι
3602 5685 3646 5711 n

427 5670 591 5753 μνη(
612 5670 947 5753 122,Πσυνῲν
968 5673 1026 5724 ἐν
1058 5670 1373 5753 εὐφροσύνῃ-
1394 5677 1603 5753 διάγῃς.

427 5681 572 5741 Epit.
612 5681 733 5733 12:,
768 5681 938 5725 συνὼν
968 5681 1026 5724 ἐν
1058 5681 1362 5748 εὐφροσύνῃ
1394 5681 1603 5753 διάγῃς.
1690 5681 1733 5711 ⁹⁹
1770 5681 1861 5732 καί
1895 5682 2019 5733 add.
2053 5696 2103 5736 c.
2136 5681 2200 5735 0.

423 5746 575 5811 λόγω,
608 5756 700 5793 σου
732 5741 793 5795 0.
870 5744 891 5773 ²
918 5741 982 5797 ἄν
1020 5760 1128 5800 om.
1162 5745 1226 5800 0.
1303 5748 1323 5779 ³
1360 5748 1433 5802 lta
1477 5750 1514 5806 S
1545 5794 1558 5818 ,
1606 5750 1864 5821 πείσομεν
1897 5750 1960 5817 (ὲ,
1984 5748 2048 5807 0.
2129 5750 2150 5821 9
2183 5769 2200 5805 c

2305 5683 2373 5757 “3°
2412 5683 2699 5757 gamma
2733 5685 2963 5757 λυπήσει
2996 5687 3055 5744 C.

3165 5688 3181 5718 ¹
3216 5685 3294 5741 lla
3337 5684 3495 5759 Epit.
3522 5693 3579 5743 et
3601 5685 3647 5745 0
3673 5722 3695 5759 ο

2129 5750 2274 5829 fuco
2330 5750 2628 5825 interposui
2670 5771 2718 5811 c.
2760 5756 2822 5811 0.
2863 5750 2874 5757 ’
3383 5750 3391 5755 ’
3490 5758 3499 5765 “
