3860 6210
416 273 522 330 ’559

1249 271 1304 327 S.
1343 268 1728 327 CLE‘ilEN'IIS
1762 269 1782 322 1
1824 269 1986 324 ROM.
2027 268 2229 324 PONT.
2262 269 2491 324 OPERA
2530 267 2756 325 DUBIA.

3574 269 3604 284 ρ

3574 268 3677 319 ,μω

418 389 602 442 aiebat
653 402 805 452 csse,
856 396 910 441 et
952 387 1000 441 ei
1052 387 1143 456 qui
1202 387 1480 440 maxillam
1530 394 1678 439 tuam
1739 386 1992 453 percutit,

2100 385 2366 455 ἐφαίνετο.
2419 385 2530 437 Kal
2565 384 2626 436 τὸ
2668 382 2785 444 πῶς
2828 381 2958 453 ἐρῶ.
2995 381 3212 436 Δίκαιον
3259 381 3497 452 ἔφασκεν
3540 377 3685 435 εἶναι

419 481 647 533 alteram
685 494 904 547 quoque
949 494 1257 548 opponere,
1309 488 1362 531 et
1405 478 1453 531 ei
1491 478 1584 547 qui
1618 477 1796 530 aufert
1841 485 1994 528 tuum

417 571 668 641 pallium,
701 571 915 624 tradere
963 579 1014 622 et
1059 569 1319 633 maforte,
1372 579 1425 622 et
1467 584 1589 620 cum
1627 582 1732 631 eo,
1793 567 1883 636 qui
1928 567 1997 622 ad

418 680 589 718 unum
625 664 854 717 milliare
885 663 1073 732 adigit,
1107 677 1202 729 per
1228 661 1338 713 duo
1362 659 1656 729 proﬁcisci,
1693 667 1857 729 atque
1891 659 1997 712 alia

419 756 622 810 similia
658 767 707 807 α.

492 846 580 900 Vl.
616 846 914 914 Respondit
941 843 1134 898 Petrus
1164 861 1177 897 :
1223 842 1385 913 Atqui
1413 842 1515 896 hoc
1534 841 1858 896 existimasti
1895 841 2000 894 ini-

419 955 613 1008 quum,
642 938 785 1008 quod
817 937 1192 1006 aequissimum
1240 945 1342 990 est.
1387 935 1464 989 Ac
1491 935 1536 989 si
1578 935 1730 989 lubet
1755 935 1902 989 audi.
1933 934 2000 989 Et

421 1042 574 1100 pater
604 1031 741 1084 dixit
776 1049 788 1084 :
825 1029 1054 1083 Prorsus
1081 1030 1248 1082 lubet.
1280 1027 1419 1082 Tum
1451 1027 1644 1083 Petrus
1682 1047 1693 1081 :
1729 1027 1867 1082 Num
1903 1029 1999 1082 tibi

420 1122 655 1184 videtur,
686 1138 811 1176 cum
850 1121 960 1174 duo
1005 1136 1160 1190 reges
1190 1120 1396 1175 inimici
1432 1129 1563 1175 sunt
1589 1129 1644 1175 et
1683 1121 1888 1174 divisas
1915 1138 1999 1175 re-

421 1216 610 1284 giones
641 1224 846 1278 tenent,
872 1215 916 1268 si
949 1215 1220 1284 quispiam
1254 1231 1321 1269 ex
1361 1215 1451 1278 iis,
1480 1215 1572 1284 qui
1611 1215 1840 1285 subjecti
1873 1225 2001 1269 sunt

418 1309 596 1372 alteri,
636 1310 688 1362 in
716 1309 940 1362 alterius
987 1309 1209 1376 regione
1255 1309 1712 1377 deprehendatur,
1767 1309 2000 1378 ideoque

421 1410 697 1454 mereatur
752 1411 1007 1465 mortem,
1057 1409 1112 1453 et
1145 1400 1398 1469 colapho,
1444 1416 1553 1454 non
1592 1411 1774 1455 autem
1823 1401 2001 1471 capite

421 1494 665 1561 punitus,
695 1507 912 1560 pmnam
943 1493 1157 1556 evadat,
1177 1507 1304 1544 num
1336 1493 1550 1545 videtur
1579 1494 1874 1556 humanus,
1904 1492 2000 1561 qui

417 1586 633 1638 veniam
663 1584 854 1639 dedit?
892 1583 956 1638 Et
1003 1596 1156 1653 pater
1206 1584 1281 1636 ait
1314 1602 1326 1636 :
1359 1584 1692 1637 Admodum.
1726 1583 1872 1637 Dixit
1899 1583 2000 1637 Pe-

420 1687 538 1730 trus
576 1692 590 1728 :
626 1676 766 1741 Quid
796 1693 946 1740 vero,
997 1679 1041 1730 si
1075 1677 1117 1730 is
1151 1677 1264 1746 ipse
1309 1677 1473 1731 etiam
1511 1677 1673 1731 alicui
1717 1678 1996 1746 proprium

2102 479 2196 531 καὶ
2227 478 2305 548 τῷ
2329 477 2584 530 τύπτοντι
2625 476 2789 529 αύτοῦ
2823 477 2922 546 τὴν
2959 477 3179 544 σιαγόνα
3204 475 3565 547 παρατιθέναι
3591 476 3686 528 καὶ

2099 572 2198 644 τὴν
2229 572 2442 644 ἐτέραν,
2475 573 2568 623 καὶ
2597 570 2674 639 τῷ
2713 569 2920 640 αίροντι
2959 569 3123 621 αὐτοῦ
3160 569 3223 622 τὸ
3258 568 3471 638 ἱμάτιον
3515 584 3688 638 προσ-

2099 667 2295 718 διδόναι
2337 667 2430 718 καὶ
2462 663 2524 718 τὸ
2553 664 2816 734 μαφόριον
2850 663 2970 702 ²⁸-¹⁶
2989 702 3002 723 ,
3026 663 3383 732 ἀγγαρεύοντι
3414 661 3471 713 δὲ
3509 660 3686 729 μίλιον

2098 760 2156 812 ἒν
2185 752 2620 829 συναπέρχεσθαι
2642 756 2753 818 δύο,
2783 755 2876 807 καὶ
2901 755 3002 807 ὅσα
3032 754 3254 806 τοιαῦτα

2173 848 2259 902 Vl.
2282 850 2393 902 Kal
2424 852 2452 901 6
2474 849 2676 920 Πέτρος
2698 849 3030 918 ἀπεκρίνατο
3050 863 3062 876 ·
3111 847 3252 898 Ἀλλ’
3277 845 3532 916 ἐνόμισας
3567 841 3686 897 ἄδι-

2101 959 2195 995 κον
2229 943 2256 995 ό
2278 961 2329 995 τι
2358 942 2692 994 δικαιότατόν
2718 941 2884 993 ἐστιν.
2911 939 2978 992 Et
3002 956 3082 992 σοι
3124 938 3274 1008 φίλον
3315 938 3483 1001 ἐστὶν,
3521 936 3691 989 ἄκου-

2103 1051 2210 1086 σον.
2249 1035 2359 1088 Kal
2394 1036 2422 1086 6
2458 1035 2640 1104 πατὴρ
2682 1034 2725 1063 ’⁷
2762 1032 2864 1104 ἔφη
2888 1049 2901 1061 ·
2957 1032 3105 1084 Πάνυ
3158 1049 3245 1102 μοι
3280 1033 3447 1101 φίλον.
3501 1032 3615 1085 Kal
3660 1032 3688 1083 6

2102 1127 2340 1197 Πέτρος·
2373 1126 2448 1177 Οὐ
2489 1126 2634 1178 δοκεῖ
2681 1141 2783 1186 σοι,
2835 1122 2929 1177 δύο
2972 1124 3179 1194 ἐχθρῶν
3207 1123 3469 1193 βασιλέων
3516 1124 3688 1175 ὄντων

2102 1220 2194 1271 καὶ
2215 1218 2374 1290 διῃρη
2383 1218 2547 1288 μένας
2572 1217 2670 1280 τὰς
2691 1216 2871 1288 χώρας
2896 1216 3145 1286 ἐχόντων,
3171 1215 3224 1267 εί
3244 1233 3325 1278 τις
3355 1217 3418 1267 ἐκ
3451 1214 3560 1267 τῶν
3590 1215 3688 1267 τοῦ

2101 1302 2219 1372 ἐνὸς
2257 1311 2513 1380 ὑπηκόων
2546 1311 2602 1362 ἐν
2627 1312 2692 1379 τῇ
2728 1309 2822 1361 τοῦ
2852 1309 3040 1379 ἐτέρου
3071 1310 3224 1380 χώρα
3251 1309 3548 1380 φωραθείη,
3593 1312 3688 1361 καὶ

2101 1400 2188 1454 διὰ
2222 1401 2381 1472 τοῦτο
2427 1401 2655 1454 θάνατον
2683 1400 2915 1468 ὀφείλων
2939 1403 3004 1464 ³⁸,
3024 1401 3118 1453 ἐὰν
3149 1401 3448 1472 ραπίσματι
3484 1402 3579 1453 καὶ
3612 1401 3690 1470 μὴ

2102 1469 2316 1563 θανάτῳ
2339 1493 2438 1563 τῆς
2472 1493 2740 1563 τιμωρίας
2773 1492 3036 1562 ἀπολυθῇ,
3072 1493 3132 1544 ού
3167 1493 3405 1562 φαίνεται
3443 1492 3548 1564 μὴν
3576 1495 3624 1522 ’⁵
3662 1495 3692 1545 6

2102 1586 2379 1648 ἀπολύσας
2405 1585 2782 1656 φιλάνθρωπος
2819 1580 2991 1648 εἷναι;
3019 1583 3128 1637 Kal
3158 1586 3186 1637 6
3220 1584 3400 1655 πατὴρ
3424 1583 3546 1653 ἐφη·
3575 1584 3692 1634 Καὶ

2103 1679 2262 1732 πάνυ.
2315 1679 2425 1732 Kal
2455 1681 2483 1730 6
2525 1678 2730 1748 Πέτρος
2771 1676 2871 1748 ἔφη
2896 1693 2908 1706 ο
2955 1678 3019 1728 Τί
3060 1672 3140 1738 δὲ,
3184 1677 3231 1728 εί
3271 1677 3363 1728 καὶ
3404 1675 3534 1728 ἴδιόν
3557 1676 3615 1727 τί
3644 1676 3691 1706 ³⁸

421 1769 503 1821 vel
535 1768 680 1820 aliud
717 1769 844 1836 quid
877 1767 1112 1833 auferat,
1152 1777 1205 1821 et
1232 1767 1283 1820 in
1310 1766 1454 1821 furto
1493 1769 1926 1836 comprehensus
1953 1769 1998 1822 si

2101 1788 2243 1834 τινος
2278 1770 2438 1832 αὐτὸς
2477 1762 2632 1832 οὗτος
2667 1768 2960 1839 ἀφέληται,
3060 1769 3154 1820 καὶ
3177 1767 3449 1837 ἀλλότριον
3482 1767 3550 1830 ³¹,
3594 1767 3693 1818 καὶ

418 1859 645 1926 duplum
677 1858 788 1923 det,
818 1875 941 1911 cum
967 1859 1257 1928 quadrupli
1301 1861 1372 1914 sit
1400 1861 1636 1925 debitor,
1669 1861 1999 1930 insuperque

421 1951 638 2016 mortis,
665 1951 759 2018 qui
790 1965 982 2018 nempe
1013 1952 1064 2004 in
1109 1949 1411 2005 adversarii
1444 1952 1642 2006 finibus
1679 1962 1872 2021 captus
1904 1953 1996 2015 sit.

420 2058 601 2096 nonne
625 2044 719 2097 tibi
751 2043 983 2106 videtur,
1005 2043 1305 2096 humanum
1338 2059 1460 2098 esse
1483 2059 1629 2109 eum,
1652 2046 1742 2112 qui
1771 2045 1998 2114 duplum

419 2136 628 2204 accepit
657 2143 712 2189 et
745 2145 972 2188 mortem
1007 2135 1086 2188 illi
1135 2135 1388 2190 remisit?
1430 2134 1496 2190 Et
1532 2146 1686 2205 pater
1727 2136 1804 2189 ait
1833 2153 1844 2189 :
1872 2134 1999 2190 Cla-

418 2244 541 2281 rum
567 2237 670 2282 est.
700 2227 776 2281 Ae
807 2227 998 2282 Petrus
1030 2246 1043 2282 ι
1075 2228 1216 2294 Quid
1259 2244 1410 2293 vero,
1437 2243 1616 2282 nonne
1645 2236 1880 2296 oportet,
1913 2236 1993 2295 ut,

417 2320 512 2389 qui
546 2320 598 2372 in
635 2321 858 2374 alterius
890 2335 1057 2389 regno
1103 2328 1353 2373 versatur
1377 2361 1392 2385 ,
1435 2320 1599 2389 idque
1630 2320 1852 2388 pessimi
1893 2320 1996 2374 ho-

417 2413 536 2476 stis,
569 2413 736 2466 vitam
761 2413 1116 2467 conservandi
1151 2413 1318 2482 gratia
1357 2413 1614 2467 omnibus
1645 2413 1914 2478 aduletur,
1943 2420 1998 2467 et

416 2504 469 2556 vi
502 2502 846 2572 adigentibus
877 2504 1050 2573 magis
1089 2505 1267 2564 cedat,
1299 2519 1410 2557 non
1443 2505 1745 2559 salutantes
1774 2506 1992 2570 salutet,

418 2595 673 2650 inimicos
698 2596 800 2649 sibi
837 2595 1111 2659 conciliet,
1149 2610 1275 2648 cum
1318 2596 1678 2652 irascentihus
1721 2613 1827 2651 non
1857 2613 1994 2652 con-

417 2687 623 2753 tendat,
688 2702 786 2740 sua
840 2687 988 2740 omni
1060 2687 1319 2740 audacter
1396 2687 1597 2756 petenti
1649 2690 1886 2757 praebeat
1941 2698 1996 2744 et

419 2779 582 2833 faciat
632 2793 974 2846 quaecunque
1019 2787 1147 2831 sunt
1201 2778 1557 2846 hujusmodi?
1606 2777 1743 2833 Tum
1791 2790 1991 2849 pater:

416 2873 628 2924 (Iuncta
658 2871 839 2939 potius
895 2870 1092 2924 merito
1128 2870 1441 2935 sustinebit,
1470 2872 1514 2926 si
1546 2871 1632 2926 his
1659 2875 1826 2927 vitam
1857 2889 1996 2943 prae-

416 2957 541 3018 fert.

489 3053 600 3108 VII.
654 3053 718 3107 Et
766 3052 961 3107 Petrus
993 3069 1004 3104 :
1032 3050 1222 3107 Nonne
1253 3053 1420 3124 igitur
1456 3055 1526 3119 ii,
1589 3071 1730 3126 quos
1773 3056 1994 3114 dicebas

417 3145 553 3200 allici
580 3145 801 3215 injuria,
855 3145 957 3213 ipsi
1015 3153 1142 3198 sunt
1181 3145 1368 3199 ﬁnium
1419 3155 1886 3218 transgressores,
1934 3151 1992 3205 in

418 3243 683 3306 quantum
714 3243 1000 3288 versantur
1024 3234 1078 3288 in
1120 3250 1286 3301 regno
1325 3236 1572 3298 alterius,
1602 3246 1655 3290 et
1693 3238 1746 3291 in
1781 3245 1992 3293 tantum

415 3324 826 3380 defraudatores
857 3336 1004 3392 sunt,
1029 3328 1084 3380 in
1110 3337 1374 3396 quantum
1403 3329 1728 3398 possident?
1765 3329 1869 3385 Sed
1899 3332 1992 3402 qui

416 3421 669 3474 videntur
708 3421 886 3474 facere
928 3421 1210 3489 injuriam,
1249 3421 1544 3492 unicuique
1597 3440 1662 3478 ex
1715 3427 1993 3482 contraria

415 3520 570 3582 parte
615 3521 764 3566 tanta
815 3512 1231 3580 gratificantur,
1284 3523 1486 3583 quanta
1535 3516 1615 3571 eis
1671 3517 1994 3585 permittunt

419 3606 641 3658 habere.
667 3603 790 3658 Hazc
813 3604 1016 3673 quippe
1043 3605 1107 3656 ad
1137 3620 1230 3657 eos
1282 3607 1575 3674 pertinent,
1623 3625 1716 3678 qui
1753 3626 1994 3678 praesen-

417 3697 490 3748 tia
514 3695 810 3759 elegerunt.
858 3691 923 3747 Et
969 3692 1104 3746 adeo
1137 3693 1359 3746 humani
1411 3704 1558 3759 sunt,
1591 3705 1650 3750 ut
1690 3697 1797 3751 illis
1826 3699 1990 3752 vitam

417 3784 644 3837 donent.
683 3783 858 3852 Atque
889 3784 1199 3851 exemplum
1257 3785 1331 3840 ita
1365 3787 1584 3854 quidem
1635 3789 1816 3843 habet.
1848 3791 1990 3844 Audi

412 3877 524 3944 jam
551 3875 722 3944 ipsam
749 3890 882 3926 rem.
913 3872 1170 3928 Veritatis
1198 3876 1461 3944 propheta
1486 3879 1783 3932 adveniens
1804 3880 1993 3936 docuit

419 3979 539 4026 nos.
567 3964 711 4033 quod
743 3964 986 4018 omnium
1019 3976 1231 4018 creator
1256 3982 1319 4020 ac
1348 3967 1490 4022 Deus
1517 3969 1732 4025 duobus
1760 3972 1992 4040 quibus-

415 4057 540 4110 dam
569 4058 679 4111 duo
711 4074 874 4126 regna
909 4058 1209 4121 distribuit,
1230 4059 1374 4114 bono
1404 4071 1460 4114 et
1489 4063 1653 4129 malo,
1679 4065 1816 4119 dans
1845 4067 1988 4122 malo

416 4148 633 4216 quidem
669 4161 894 4216 regnum
925 4148 1090 4216 hujus
1131 4150 1320 4202 mundi
1363 4167 1485 4204 cum
1531 4153 1664 4222 lege,-
1703 4155 1775 4208 ita
1808 4165 1865 4209 ut
1895 4156 1991 4209 ha-

419 4239 539 4292 heat
569 4247 892 4307 potestatem
940 4239 1238 4307 injuriosos
1275 4241 1564 4309 puniendi,
1621 4243 1764 4297 bono
1805 4256 1986 4301 autem

415 4333 640 4403 largitus
656 4333 896 4385 futurum
918 4342 1231 4400 perpetuum
1248 4333 1989 4410 saeculum.Unumqucmque

415 4440 545 4478 vero
576 4425 861 4478 hominum
895 4424 1125 4478 liberum
1160 4424 1286 4478 fec-it
1313 4467 1326 4492 ,
1355 4427 1558 4495 quique
1597 4430 1792 4483 haheat
1832 4444 1983 4502 pote-
2020 4455 2063 4509 ι)

415 4526 609 4570 statcm
642 4533 700 4570 se
732 4515 978 4570 tradendi
999 4516 1087 4569 cui
1124 4517 1270 4582 velit,
1305 4526 1398 4570 aut
1425 4522 1674 4586 praesenti
1712 4525 1989 4590 malo,aut

417 4608 599 4661 futuro
643 4607 807 4661 bono.
865 4607 942 4661 Ex
980 4608 1218 4677 quibus,
1277 4609 1368 4678 qui
1419 4614 1704 4677 praesentia
1758 4616 1986 4684 eligunt,

416 4707 736 4767 potestatem
793 4700 997 4753 habent
1056 4706 1115 4751 ut
1161 4699 1359 4753 divites
1400 4701 1529 4767 sint,
1583 4703 1635 4755 in
1679 4704 1888 4762 deliciis
1924 4726 1988 4764 ac

415 4789 786 4858 voluptatibus
810 4790 974 4844 vitam
1003 4801 1186 4858 agant,
1219 4800 1274 4844 et
1297 4791 1495 4844 similia
1521 4795 1703 4848 omnia
1731 4813 1828 4866 pro
1856 4801 1985 4855 viri-

417 4881 518 4935 bus
558 4882 882 4950 percipiant.
933 4879 1066 4935 Nam
1102 4880 1414 4937 futurorum
1456 4885 1724 4940 bonorum
1773 4892 1980 4947 nullum

484 5028 508 5054 ⁸
540 5013 674 5068 Luc.
703 5030 779 5077 Vl,
809 5013 909 5081 29;
945 5013 1132 5069 Matth.
1165 5031 1218 5081 v,
1244 5015 1332 5069 39.

2100 1864 2192 1915 ἐπὶ
2227 1861 2401 1932 τούτῳ
2430 1859 2755 1932 συλληφθεὶς
2805 1859 2898 1912 ἐὰν
2932 1859 3208 1912 διπλάσιον
3243 1860 3338 1929 δῷ,
3377 1858 3693 1929 τετραπλά-

2103 1972 2216 2008 σιον
2238 1953 2469 2022 ὀφείλων
2494 1955 2558 2018 ",
2583 1955 2677 2006 καὶ
2708 1953 2770 2006 τὸ
2802 1953 3000 2016 θανεῖν,
3050 1952 3126 2015 ὡς
3171 1954 3228 2004 ἐν
3263 1951 3418 2021 311
3444 1954 3560 2013 τοῖς
3589 1950 3691 2002 τού

2099 2047 2342 2100 ἐναντίου
2379 2047 2539 2110 ἁλοὺς
2587 2047 2752 2116 ὅροις,
2796 2047 2856 2098 οὐ
2895 2046 3042 2098 δοκεῖ
3089 2061 3169 2097 σοι
3203 2045 3284 2096 ὅτι
3328 2047 3355 2097 6
3397 2043 3578 2096 λαϐὼν
3628 2043 3693 2095 τὸ

2097 2138 2376 2192 διπλάσιον
2412 2139 2505 2192 καὶ
2533 2138 2764 2191 θανάτου
2799 2138 2963 2191 αὑτὸν
2999 2137 3273 2198 ἀπολύσας
3306 2135 3694 2206 φιλάνθρωπος

2097 2231 2354 2302 τυγχάνει
2375 2248 2388 2297 ;
2414 2232 2522 2284 Kal
2542 2234 2569 2285 6
2597 2231 2778 2302 πατὴρ
2803 2231 2902 2302 ἔφη
2928 2248 2942 2260 ·
2967 2230 3238 2284 Φαίνεται.
3267 2230 3373 2283 Kal
3392 2230 3420 2280 6
3444 2229 3688 2298 Πέτρος·

2099 2327 2163 2378 Τί
2189 2326 2277 2390 δέ;
2327 2327 2387 2378 ού
2430 2326 2536 2397 χρὴ
2579 2323 2671 2378 τὸν
2707 2327 2764 2378 ἐν
2813 2323 3000 2396 ἐτέρου
3046 2321 3290 2392 βασιλείᾳ
3323 2320 3450 2373 ὅντα
3488 2319 3554 2382 ³³,
3591 2319 3694 2372 καὶ

2097 2418 2269 2472 ταῦτα
2306 2417 2543 2489 πονηροῦ
2592 2433 2738 2480 τινος
2771 2415 2989 2486 ἐχθροῦ,
3026 2415 3119 2467 τοῦ
3168 2414 3264 2484 ζῇν
3289 2412 3446 2482 χάριν
3475 2411 3693 2473 πάντας

2098 2510 2434 2575 κολακεύειν,
2489 2512 2584 2564 καὶ
2634 2508 3032 2581 ἀγγαρεύουσιν
3065 2507 3156 2559 ἐπὶ
3191 2505 3368 2560 πλεῖον
3411 2503 3688 2567 ὑπείκειν,

2102 2604 2176 2674 μὴ
2207 2602 2715 2674 προσαγορεύοντας
2757 2600 3218 2672 προσαγορεύειν,
3264 2599 3490 2670 ἐχθροὺς
3530 2598 3689 2651 διαλ-

2098 2695 2346 2758 λάσσειν,
2400 2694 2776 2766 ὀργιζομένοις
2826 2693 2900 2764 μὴ
2953 2693 3306 2762 φιλονεικεῖν,
3359 2691 3427 2744 τά
3486 2690 3688 2743 ἐαυτοῦ

2097 2788 2268 2851 ἀδεῶς
2299 2787 2342 2818 ³⁵
2373 2787 2537 2840 παντὶ¹
2568 2786 2806 2840 αἰτοῦντι
2838 2786 3121 2855 παρέχειν,
3164 2785 3258 2838 καὶ
3290 2786 3388 2837 ὅσα
3421 2783 3686 2848 τοιαῦτα;

2098 2882 2207 2934 Καὶ
2241 2882 2270 2933 6
2315 2881 2528 2952 πατήρ·
2575 2881 2759 2933 Πάντα
2796 2879 2993 2950 μᾶλλον
3027 2878 3262 2946 εὐλόγως
3303 2878 3569 2947 ὑποσταίη
3612 2877 3683 2941 ³⁸,

2098 2973 2256 3044 εἴπερ
2278 2972 2480 3026 τούτων
2513 2972 2574 3025 τὸ
2607 2969 2705 3044 ζῇν
2743 2971 3043 3043 προκρίνει.

2175 3063 2280 3118 VII.
2303 3059 2413 3118 Kal
2438 3067 2466 3118 6
2489 3066 2692 3136 Πέτρος
2711 3080 2725 3095 ⁶
2755 3063 2962 3117 Οὐκοῦν
2981 3063 3024 3094 ³⁸
3040 3062 3133 3125 οὓς
3152 3062 3449 3116 ἀδικεῖσθαι
3471 3061 3682 3130 ἔλεγες,

2098 3156 2250 3210 αὐτοὶ
2280 3159 2609 3230 παρορισταὶ
2634 3158 3014 3228 τυγχάνουσιν,
3039 3146 3174 3210 καθδ
3200 3157 3243 3188 ³⁷
3275 3157 3334 3209 ἐν
3357 3155 3544 3228 ἐτέρου
3573 3156 3687 3208 είσὶ

2099 3247 2365 3320 βασιλεία,
2392 3249 2484 3303 καὶ
2519 3249 2771 3303 τοσοῦτον
2803 3249 3119 3302 πλεονέκται
3143 3250 3300 3314 εἰσὶν,
3327 3249 3448 3301 ὅσον
3475 3265 3684 3318 κεκτη-

2100 3341 2251 3411 μένοι
2295 3342 2469 3407 είσίν;
2512 3343 2575 3395 Οἱ
2609 3341 2652 3394 δ’
2707 3342 2753 3373 ³⁸
2799 3342 3006 3395 ἀδικεῖν
3055 3341 3398 3412 νομιζόμενοι
3441 3339 3687 3394 τοσαῦτα

2095 3435 2311 3506 ἑκάστῳ
2355 3435 2434 3506 τῷ
2488 3434 2547 3499 ἐξ
2595 3435 2844 3498 ἐναντίας
2877 3435 2987 3489 ὄντι
3039 3434 3351 3505 χαρίζονται
3377 3433 3444 3499 ³⁹,
3475 3433 3576 3484 ὅσα
3614 3431 3685 3484 ἂν

2095 3529 2274 3591 αὐτοῖς
2316 3528 2458 3597 ἔχειν
2513 3527 2887 3598 συγχωρῶσιν.
2941 3525 3129 3580 Αύτῶν
3183 3526 3288 3598 γάρ
3337 3525 3452 3578 ἐστι
3504 3523 3682 3577 ταῦτα

2094 3620 2200 3672 τῶν
2224 3620 2290 3672 τὰ
2316 3622 2559 3692 παρόντα
2609 3621 2892 3691 ἑλομένων.
2935 3621 3046 3673 Kal
3083 3621 3163 3684 είς
3202 3617 3452 3671 τοσοῦτον
3491 3618 3685 3686 φιλάν-

2095 3715 2302 3786 θρωποί
2346 3717 2502 3776 εἰσιν,
2552 3715 2628 3778 ὡς
2668 3712 2730 3766 τὸ
2759 3714 2857 3784 ζῇν
2899 3714 3080 3775 αὐτοῖς
3118 3713 3435 3781 συγχωρεῖν.
3473 3709 3585 3762 Kal
3617 3709 3683 3762 τὸ

2097 3805 2194 3876 μὲν
2236 3807 2588 3878 παράδειγμα
2629 3804 2802 3867 οὕτως
2842 3805 2989 3875 ἔχει.
3032 3807 3226 3857 ’Ἄκουε
3271 3805 3335 3874 δὴ
3370 3805 3414 3835 ⁸⁵⁸
3453 3805 3586 3856 αὐτὸ
3616 3804 3682 3856 τὸ

2094 3901 2344 3969 πρᾶγμα.
2393 3899 2449 3952 Ὀ
2472 3900 2574 3968 τῆς
2599 3899 2855 3970 ἀληθείας
2894 3898 3082 3970 παρὼν
3109 3900 3392 3970 προφήτης
3423 3897 3465 3928 ⁸¹
3499 3897 3678 3949 ἐδίδα-

2092 3989 2181 4056 ξεν
2215 3992 2380 4060 ἡμᾶς,
2413 3992 2495 4044 ὅτι
2528 3993 2555 4044 6
2586 3991 2696 4044 τῶν
2724 3991 2858 4043 ὅλων
2891 3991 3222 4062 δημιουργὸς
3253 3993 3346 4043 καὶ
3381 3989 3516 4052 Θεὸς
3552 3991 3677 4044 δυσί

2090 4099 2231 4134 τισιν
2263 4083 2523 4153 ἀπένειμε
2553 4083 2830 4153 βασιλείας
2863 4075 2976 4145 δύο,
3001 4084 3188 4154 ἀγαθῷ
3221 4101 3278 4136 τε
3307 4085 3401 4136 καὶ
3426 4084 3674 4154 πονηρῷ,

2089 4173 2214 4238 δοὺς
2247 4174 2324 4244 τῷ
2360 4175 2458 4245 μὲν
2491 4176 2643 4245 κακῷ
2667 4175 2760 4228 τοῦ
2793 4176 3064 4247 παρόντος
3100 4177 3304 4245 κόσμου
3337 4176 3472 4245 μετά
3503 4176 3676 4246 νόμου

2090 4267 2187 4336 τὴν
2222 4267 2516 4336 βασιλείαν,
2552 4268 2681 4353 ὦρτ’
2716 4268 2784 4322 ἂν
2826 4269 2970 4338 ἔχειν
2997 4269 3242 4334 ἐξουσίαν
3275 4271 3524 4334 κολάζειν
3544 4271 3678 4332 τοὺς

2092 4359 2411 4423 ἀδικοῦντας
2429 4378 2441 4390 ·
2477 4360 2553 4431 τῷ
2579 4361 2739 4430 312
2760 4362 2817 4414 δὲ
2842 4362 3028 4432 ἁγαθῷ
3044 4363 3136 4415 τὸν
3161 4364 3413 4434 ἐσόμενον
3440 4363 3609 4415 ἀΐδιον
3628 4362 3675 4394 ⁸³

2091 4448 2279 4502 αἰῶνα.
2323 4450 2590 4504 Ἕκαστον
2623 4452 2678 4504 δὲ
2705 4451 2813 4503 τῶν
2847 4451 3146 4522 ἀνθρώπων
3177 4452 3455 4523 ἐλεύθερον
3482 4453 3675 4523 ἐποίη-

2094 4557 2186 4594 σεν
2215 4540 2357 4610 ἔχειν
2387 4543 2484 4612 τὴν
2518 4543 2761 4609 ἐξουσίαν
2783 4544 2971 4596 ἐαυτὸν
3006 4545 3296 4614 ἀπονέμειν
3398 4544 3672 4614 βούλεται,

2091 4630 2122 4699 ἢ
2165 4631 2242 4702 τῷ
2284 4633 2510 4702 παρόντι
2551 4633 2704 4704 κακῷ
2745 4631 2777 4704 ἢ
2818 4635 2896 4704 τῷ
2941 4634 3183 4704 μέλλοντι
3227 4635 3432 4706 ἀγαθῷ.
3490 4630 3588 4687 Ὧν
3620 4640 3672 4688 ci

2091 4717 2336 4793 ἑλόμενοι
2367 4724 2434 4776 τὰ
2458 4725 2700 4797 παρόντα
2733 4725 2984 4792 ἐξουσίαν
3012 4725 3192 4796 έχουσι
3225 4726 3494 4789 πλουτεῖν,
3539 4744 3673 4798 τρυ-

2092 4816 2216 4883 φᾷν,
2243 4817 2484 4884 ἥδεσθαι,
2526 4819 2619 4871 καὶ
2665 4820 2770 4871 πᾶν
2801 4820 2829 4871 ὃ
2873 4837 2923 4872 τι
2965 4820 3030 4872 ἂν
3067 4819 3344 4873 δύνωνται.
3391 4819 3511 4871 Τῶν
3562 4821 3673 4890 γὰρ

2087 4905 2358 4975 ἐσομένων
2391 4908 2608 4975 ἀγαθῶν
2643 4909 2794 4962 οὐδὲν
2837 4908 3068 4976 ἕξουσιν.
3110 4912 3172 4962 υί
3213 4909 3271 4962 δὲ
3301 4909 3371 4962 τὰ
3395 4909 3494 4980 τῆς
3539 4909 3670 4979 μελ-

1713 5151 1947 5209 νΑῐὶΙᾸΞ
1981 5158 2387 5223 ιΕΟΤΙΟΝΕδ.

485 5287 610 5381 ’ξ-’θ
666 5286 808 5381 Yidl.‘
852 5286 1042 5381 Siiiccr
1103 5289 1356 5381 Tliesaqu.
1399 5307 1469 5373 .s.
1495 5307 1580 5381 Av.
1635 5289 1931 5381 C‘rednerl,
1972 5296 2009 5381 Ῐξ

2100 5317 2233 5381 [ηυδε
2265 5319 2326 5381 ἰ,
2365 5305 2510 5381 4508.
2650 5307 2818 5381 _Tum
2880 5309 3106 5380 adjunxi
3171 5313 3228 5364 ἓν
3279 5312 3348 5370 ed
3383 5311 3448 5368 Ο.
3527 5315 3570 5345 ³⁷
3609 5313 3665 5381 ὃς

415 5378 467 5430 p.
499 5361 527 5413 6
557 5360 747 5483 πατήὲ

415 5447 478 5483 ex
507 5429 552 5483 0
615 5439 665 5483 et
723 5437 824 5483 'ml

413 5429 478 5484 ex
507 5429 552 5483 Ο
615 5439 665 5484 et
699 5429 841 5487 Em‘l.

415 5501 701 5570 quadrupli
735 5501 785 5552 in
819 5501 961 5553 furto
989 5504 1230 5554 sancitur
1260 5502 1468 5569 legibus
1500 5503 1767 5570 plurimis.

415 5571 597 5642 ἐτέρου
633 5570 878 5642 βασιλείᾳ
926 5570 1054 5622 ὄντα
1107 5571 1170 5625 0.
1283 5573 1325 5602 ³⁵
1358 5571 1611 5627 Fortasse
1665 5572 1850 5642 ᾑόἐως.
1887 5575 1944 5628 S.

415 5640 520 5702 xu,
549 5641 602 5694 4.
701 5640 960 5693 ³ί⁵ούκουν
1004 5643 1063 5694 C.
1169 5642 1210 5674 "
1239 5642 1378 5695 καθά
1432 5643 1491 5698 C.

415 5713 461 5742 ⁴⁹
487 5710 543 5763 δέ
564 5710 628 5766 0.
728 5711 767 5744 “
800 5712 1083 5784 προψήτης
1118 5714 1304 5784 παρὼν
1337 5713 1400 5768 C.
1476 5713 1520 5745 “
1557 5713 1683 5769 ἴδιον
1710 5713 1774 5771 0.

906 5359 1046 5459 illa
1065 5361 1360 5459 optimas;
1389 5361 1600 5428 ὀφείλον
1631 5361 1868 5448 absurde
1889 5363 1953 5428 Ο,
1989 5366 2009 5419 l

2100 5381 2128 5459 ξς
2165 5359 2446 5459 baibarice
2469 5359 2703 5459 όφεέλιῇς
2735 5359 2818 5459 ff”-
2843 5359 2966 5459 μῇνθ
3129 5359 3220 5435 Οἱ-
3271 5359 3664 5454 ³ΐ1τίνξιδοΐίμὲἷ

949 5431 961 5460 ⁸
994 5431 1124 5484 ἄλλο
1154 5449 1204 5482 τι
1339 5431 1634 5522 Insequeris
1662 5433 1752 5484 καί
1781 5434 1982 5488 inserui

949 5516 956 5522 ι
989 5504 1230 5522 .-ηυηέιη-
1296 5504 1464 5522 ._Zl._--
1500 5518 1524 5522 μ.
1559 5503 1743 5522 ,_..1_._2_
1847 5505 1886 5522 ἱ.
1977 5508 1987 5518 “

2100 5438 2151 5522 )ἶ
2229 5431 2533 5522 διλόφεςλῳᾲ
2563 5447 2619 5522 5,
2647 5431 2700 5500 0'
2722 5490 2735 5513 ,
2766 5431 2996 5522 όιρέιλὼς
3020 5451 3060 5503 C
3094 5493 3107 5517 ,
3142 5452 3234 5522 qui
3269 5463 3421 5507 notat
3447 5472 3461 5506 :

1845 5505 1888 5535 ³³
1911 5508 2002 5557 τοὺ

2100 5505 2548 5637 ἔέρσυᾶαὲιλέῳς
2579 5505 2736 5581 ὄντας
2767 5505 2820 5585 μί
2856 5520 2946 5571 τον
2977 5505 3077 5585 ἶέν
3160 5505 3284 5576 add.

2155 5583 2225 5635 Ita
2392 5603 2438 5637 C.
2490 5589 2549 5637 S-
2599 5589 2843 5637 ὑποστέη
2900 5591 2960 5637 (ἶ.
3005 5589 3098 5637 (ΣΓΓ
3127 5593 3270 5637 Imm-
3322 5611 3396 5637 ιιι
3433 5596 3491 5637 3-1
3557 5596 3612 5637 7|

2179 5594 2225 5635 l3

1591 5643 1634 5724 ξε
1665 5639 1793 5724 alia»
1822 5647 1869 5698 οἱ
1903 5663 1954 5717 ρ.
1983 5648 2152 5708 εισίν-
2185 5655 2232 5709 (ἱ
2259 5655 2379 5724 δῖα,
2402 5639 2552 5711 aut;
2577 5674 2591 5724 ;
2616 5661 2663 5711 οί
2693 5659 2750 5712 s.

2392 5603 2445 5662 c;
2490 5589 2550 5655 S,
2599 5589 2852 5692 ύποστέη
2900 5591 2960 5642 C.
3005 5589 3098 5644 L'fr
3126 5593 3271 5646 hom.
3321 5611 3403 5658 ιιι,
3433 5589 3662 5663 51,71;

2418 5661 2552 5692 .1”...
2577 5674 2588 5684 -
2616 5661 2659 5692 ni
2693 5659 2729 5692 ς
2855 5659 2875 5691 9
2910 5658 2982 5692 na
3014 5659 3056 5692 n
3112 5677 3139 5692 η
3189 5662 3227 5692 ρ
3295 5665 3571 5692 ..ην-η.-.
3597 5668 3637 5692 ι·

2907 5658 2986 5714 Ita
3014 5659 3056 5717 Ο
3111 5677 3161 5717 c.
3189 5662 3228 5717 S
3258 5703 3273 5731 ,
3295 5665 3575 5735 χαρίζοντι
3597 5658 3659 5722 (ἐξ
