3860 6210
494 275 597 336 3'63

1385 280 1441 334 S.
1483 274 1870 333 CLEMENTIS
1907 276 1924 331 l
1963 277 2126 332 ROM.
2173 276 2373 333 PONT.
2414 278 2641 334 ΟΡΕΠΑ
2678 280 2901 337 DUBIA.

3648 288 3760 344 364

494 400 762 454 llictioncs
793 398 859 452 ad
889 407 1237 467 peccatorum
1268 400 1653 454 remissionem
1688 401 1819 469 pati.
1856 398 1923 451 Et
1965 398 2067 452 Pe-

2174 419 2314 471 ματα
2341 403 2432 456 καὶ
2463 403 2529 456 τά
2560 404 2703 474 πάθη
2720 405 2766 435 ⁵⁸
2790 406 2870 468 ε’ἱς
2902 404 3096 474 ἄφεσιν
3122 407 3404 477 ἁμαρτιῶν
3436 409 3737 479 πάσχομεν

495 503 611 549 trus
642 509 655 545 :
685 491 850 547 Recte
886 495 958 547 ita
1000 493 1182 547 habet.
1229 491 1339 548 Nos
1369 494 1514 547 enim
1538 533 1552 558 ,
1586 495 1681 563 qui
1719 493 1902 548 futura
1944 508 2065 547 ma-

493 587 736 653 luimus,
782 601 903 657 qua:
950 586 1104 655 plura
1155 585 1535 655 possidemus,
1580 603 1675 642 seu
1706 596 1916 652 vestes,
1967 602 2061 642 seu

493 679 683 742 cibos,
738 693 832 733 seu
884 677 1167 747 potiones,
1216 692 1312 731 seu
1361 678 1468 731 alia
1496 678 1803 747 quaepiam,
1842 687 2063 747 peccata

492 770 863 842 possidemus,
895 772 1023 840 quia
1058 770 1195 823 nihil
1230 769 1494 823 debemus
1522 770 1745 835 habere,
1779 771 1856 824 uti
1900 771 2064 839 paulo

493 870 621 919 ante
675 878 929 917 sermone
1001 862 1292 917 declaravi.
1354 860 1625 916 Omnibus
1681 863 2062 932 possessiones

491 970 715 1030 peccata
747 968 894 1014 sunt.
917 958 1117 1012 Earum
1142 957 1596 1027 qualitercunque
1621 957 1852 1025 privatio
1876 957 2061 1012 adem-

493 1056 606 1122 ptio
667 1061 751 1107 est
796 1051 1145 1105 delictorum.
1208 1046 1355 1102 Dixit
1399 1057 1553 1117 pater
1590 1064 1602 1099 :
1646 1047 1811 1102 Recte
1856 1048 2057 1114 habet,

492 1144 951 1215 quemadmodum
986 1141 1221 1195 divisisti
1246 1142 1386 1195 duos
1420 1140 1554 1195 ﬁnes
1578 1140 1813 1195 duorum
1846 1156 2057 1210 regum,

495 1250 553 1293 ut
583 1238 709 1307 quis
738 1236 884 1307 quod
923 1236 1041 1289 vult
1087 1234 1252 1303 eligat
1279 1250 1343 1287 ex
1383 1234 1449 1288 iis
1486 1249 1609 1303 qua:
1652 1234 1703 1287 in
1747 1233 2062 1287 alterutrius

491 1334 592 1388 sita
631 1339 759 1386 sunt
792 1337 1077 1398 potestate.
1122 1327 1263 1393 Quid
1320 1341 1483 1392 vero,
1534 1341 1602 1380 an
1650 1335 1705 1380 et
1746 1326 2063 1381 aﬂlietiones

486 1425 634 1492 juste
675 1421 949 1492 patimur?
974 1420 1040 1475 Et
1065 1419 1297 1473 Petrus:
1330 1418 1664 1473 Justissimc.
1707 1416 2065 1487 Quandoqui-

490 1519 613 1572 dem
641 1517 784 1571 cnim
811 1530 1003 1569 eorum
1034 1514 1127 1582 qui
1159 1515 1443 1567 salvantur
1470 1512 1736 1567 terminus
1768 1524 1885 1578 est,
1922 1514 2065 1568 sicut

491 1609 634 1673 dixi,
664 1617 723 1661 ut
756 1622 918 1660 nemo
948 1606 1151 1675 aliquid
1183 1606 1413 1668 haheat,
1452 1606 1635 1659 multis
1662 1615 1843 1662 autem
1880 1607 2064 1660 multae

492 1710 788 1771 suppetunt
842 1701 1259 1770 possessiones,
1320 1716 1442 1770 quae
1490 1701 1648 1754 aliter
1697 1709 1752 1755 et
1810 1710 2058 1769 peccata,

492 1794 616 1849 ideo
648 1809 745 1863 per
779 1792 1039 1846 eximiam
1069 1791 1163 1846 Dei
1198 1792 1595 1846 humanitatem
1628 1792 1950 1848 alliictiones
1978 1793 2063 1847 in-

491 1888 768 1947 ducuntur
808 1886 875 1940 iis
908 1885 1004 1954 qui
1037 1901 1141 1939 non
1193 1900 1329 1954 pure
1366 1886 1588 1949 vivunt,
1625 1895 1682 1941 ut
1714 1896 1936 1956 propter
1962 1887 2063 1941 ali-

491 1988 753 2051 quantam
794 1994 921 2048 erga
990 1978 1159 2031 Deum
1212 1978 1533 2033 charitateni
1586 1994 1681 2048 per
1730 1979 2059 2050 temporaria

491 2072 756 2143 supplicia
784 2071 1003 2125 aeternis
1032 2070 1206 2138 poenis
1240 2070 1563 2123 liberentur.

561 2163 632 2219 Χ.
654 2162 793 2218 Tum
817 2174 1004 2233 pater:
1034 2161 1175 2227 Quid
1205 2162 1349 2215 enim
1373 2201 1391 2225 ,
1418 2177 1601 2216 nonne
1635 2162 1836 2216 multos
1862 2162 2061 2232 impios

488 2258 738 2314 videmus
779 2255 1081 2326 pauperes?
1122 2254 1206 2307 An
1252 2263 1541 2323 propterea
1574 2262 1628 2307 et
1664 2254 1740 2307 illi
1784 2255 1924 2309 inter
1967 2270 2062 2309 eos

487 2351 585 2424 qui
616 2350 846 2405 salutem
878 2355 1285 2416 consequentur
1313 2346 1639 2402 numerandi
1669 2346 1835 2402 sunt?
1862 2346 1927 2400 Et
1961 2345 2059 2403 Pe-

486 2454 641 2501 trus:
671 2442 1027 2513 Nequaquam
1060 2439 1310 2495 omnino.
1342 2437 1459 2494 Non
1497 2439 1644 2493 enim
1672 2440 1955 2509 probanda
1977 2449 2061 2495 est

489 2536 705 2605 inopia,
737 2534 806 2600 si,
836 2548 958 2604 quae
1001 2547 1108 2586 non
1134 2539 1385 2600 oportet,
1419 2540 1656 2603 appetat.
1706 2530 1796 2585 Sic
1840 2547 2061 2601 quoque

488 2626 737 2682 nonnulli
772 2626 1053 2679 voluntate
1084 2623 1279 2678 divites
1310 2637 1477 2691 opum
1511 2632 1640 2677 sunt
1681 2638 1982 2693 pauperes,
2008 2632 2063 2677 et

488 2727 752 2788 tanquam
803 2716 1123 2770 facultatum
1175 2714 1361 2784 cupidi
1413 2714 1736 2783 puniuntur.
1801 2716 1907 2769 Sed
1959 2730 2062 2770 nec

488 2810 632 2880 quod
663 2808 860 2877 aliquis
910 2808 981 2863 sit
1033 2822 1257 2876 panper,
1298 2807 1482 2862 statim
1510 2806 1695 2875 justus
1738 2817 1841 2861 est.
1875 2806 2062 2861 Potest

487 2902 687 2971 quippe
711 2915 917 2970 pauper
950 2913 1073 2953 esse
1105 2898 1356 2967 pecunia,
1392 2908 1447 2953 at
1474 2913 1594 2952 eam
1622 2913 1845 2967 cupere,
1880 2908 1977 2953 aut
2005 2898 2058 2953 id

2171 496 2279 548 Kal.
2321 498 2349 549 6
2397 497 2631 567 Πέτρος*
2670 496 2873 569 Ὀρθῶς
2904 497 3016 567 ἔχει
3048 499 3140 551 καὶ
3173 499 3361 563 οῦτως.
3403 501 3597 571 Ἡμεῖς
3645 503 3763 574 γάρ

2169 588 2217 639 oi
2266 587 2508 657 ἑλόμενοι
2552 588 2717 660 314
2757 589 2825 642 τὰ
2868 590 3133 660 ἐσόμενα,
3170 590 3206 644 ἃ
3234 593 3544 663 κεκτήμεθα
3599 595 3763 647 πλεξ-

2168 695 2263 730 ονα
2302 678 2410 747 (46)
2431 719 2445 741 ,
2475 678 2585 731 εῖτε
2620 678 2900 750 ἐσθήματα
2921 680 2967 711 ⁸⁸
2989 681 3097 733 εἴτε
3135 680 3420 751 βρώματα,
3441 682 3549 735 εῖτε
3583 684 3759 745 ποτὰ,

2168 769 2277 821 εἴτε
2302 769 2437 823 ἄλλα
2466 770 2608 833 τινὰ,
2643 770 2917 842 ἁμαρτίας
2939 772 3277 843 κεκτήμεθα,
3301 773 3391 825 διὰ
3410 772 3472 825 τὸ
3503 773 3622 827 δεῖν
3656 791 3763 843 μη-

2168 860 2255 913 δὲν
2287 861 2459 931 ἔχειν,
2485 862 2561 925 ὼς
2590 863 2770 933 μικρῷ
2811 863 2997 933 τάχιον
3030 863 3225 917 διεῖλον
3262 865 3353 918 τὸν
3387 865 3569 932 λόγον.
3602 868 3761 919 Πᾶσι

2168 954 2236 1007 τά
2282 957 2535 1024 κτήματα
2571 940 2943 1026 ἁμαρτήματά
2960 955 3024 1007 ⁵⁷.
3071 956 3134 1008 Ἦ
3180 956 3382 1010 τούτων
3424 959 3575 1021 ὅπως
3615 960 3761 1012 ποτὲ

2170 1046 2422 1116 στέρησις
2454 1045 2737 1116 ἁμαρτιῶν
2783 1047 2930 1099 ἐστιν
2969 1047 3272 1116 ἀφαίρεσις.
3331 1050 3440 1101 Καὶ
3482 1051 3512 1102 ό
3558 1052 3761 1123 πατὴρ

2167 1138 2269 1209 ἐφη
2294 1155 2306 1167 ο
2329 1137 2656 1200 Ἀκολούθως
2688 1137 2821 1207 ἔχει,
2848 1137 3027 1200 καθὼς
3054 1139 3145 1192 δύο
3176 1139 3366 1203 διεῖλες
3383 1141 3427 1172 ⁸⁸
3449 1143 3616 1213 ὅρους
3636 1143 3763 1194 τῶν

2166 1230 2257 1285 δύο
2302 1230 2564 1300 βασιλέων
2589 1272 2603 1295 ,
2627 1230 2695 1284 τὰ
2728 1231 2813 1300 ἐφ’
2840 1232 3053 1302 ἑκάστῳ
3082 1231 3191 1283 τῶν
3225 1232 3329 1285 ὑπὸ
3358 1234 3455 1303 τὴν
3492 1235 3760 1299 ἐξουσίαν

2168 1324 2344 1377 αὐτῶν
2389 1323 2557 1376 ὄντων
2601 1324 2873 1397 αἱρεῖσθαι
2927 1324 2956 1377 ὃ
3000 1324 3265 1395 βούλεται.
3316 1325 3379 1378 Τί
3420 1327 3476 1379 δὲ
3525 1331 3625 1381 καὶ
3678 1330 3759 1381 τὰ

2170 1417 2314 1486 πάθη
2331 1418 2375 1449 ⁵⁸
2406 1418 2453 1469 εἰ
2479 1417 2699 1481 δικαίως
2730 1420 3005 1488 πάσχομεν
3030 1434 3044 1482 ;
3087 1420 3180 1471 καὶ
3203 1421 3230 1471 6
3256 1420 3459 1491 Πέτρος
3478 1438 3491 1449 ·
3521 1423 3757 1475 Δικαιό-

2167 1529 2324 1583 τατα.
2376 1512 2528 1583 Ἐπεὶ
2559 1512 2665 1582 γὰρ
2703 1514 2731 1564 6
2768 1512 2886 1583 τῶν
2917 1510 3237 1583 σωζομένων
3265 1514 3389 1583 ὄρος
3434 1516 3619 1579 ἐστὶν,
3672 1516 3762 1578 ὡς

2171 1582 2305 1652 ἐφην
2325 1622 2339 1644 ,
2367 1582 2426 1633 τὸ
2447 1582 2490 1612 ⁸ο
2533 1581 2719 1652 μηδενὶ
2768 1581 2933 1651 μηδὲν
2984 1582 3248 1653 ὑπάρχειν
3274 1581 3308 1649 ,“
3341 1584 3572 1653 ὑπάρχει
3594 1587 3639 1616 ⁸³
3688 1586 3761 1638 δὲ

2097 1656 2138 1709 Β
2169 1675 2337 1727 πολλὰ
2386 1675 2599 1737 πολλοῖς
2647 1676 2899 1745 κτήματα
2921 1715 2935 1737 ,
2986 1676 3079 1728 καὶ
3123 1675 3295 1739 ἄλλως
3328 1677 3708 1747 ἁμαρτήματα
3736 1718 3756 1738 .,

2165 1767 2353 1820 τούτου
2388 1768 2545 1839 χάριν
2585 1767 2641 1833 ἐξ
2670 1767 3109 1838 ὑπερϐαλλούσης
3147 1766 3281 1820 Θεοῦ
3331 1767 3763 1838 φιλανθρωπίας

2166 1862 2427 1929 ἐπάγεται
2453 1861 2520 1914 τά
2542 1861 2687 1930 πάθη
2714 1863 2825 1923 τοῖς
2854 1861 2927 1930 μὴ
2956 1859 3261 1930 εἰλικρινῶς
3281 1859 3753 1929 πολιτευομένοις,

2167 1956 2252 2007 ἵνα
2286 1953 2372 2007 διὰ
2402 1954 2460 2007 τὸ
2509 1954 2687 2016 ποσῶς
2704 1954 2748 1984 ⁶³
2776 1953 3017 2022 φιλόθεον
3057 1953 3408 2025 προσκαίροις
3444 1953 3755 2023 τιμωρίαις

2166 2048 2397 2101 αἰωνίων
2432 2047 2643 2100 σωθῶσι
2672 2046 2961 2099 κολάσεων.

2238 2141 2303 2195 Χ.
2336 2142 2444 2194 Καὶ
2477 2143 2505 2193 ό
2540 2142 2721 2212 πατήρ
2741 2157 2752 2169 ·
2788 2139 2929 2193 Τίδέ
2951 2138 2995 2170 ⁸⁸
3026 2140 3087 2191 οὐ
3124 2139 3345 2201 πολλοὺς
3368 2138 3584 2201 ἀσεϐεῖς
3610 2138 3753 2209 ὀρῶ-

2170 2251 2266 2304 μεν
2294 2233 2562 2303 πένητας;
2593 2227 2723 2285 Εἶτα
2745 2233 2789 2263 ⁸⁸
2811 2230 2958 2319 παρὰ
2992 2230 3150 2283 τοῦτο
3182 2233 3273 2284 καὶ
3307 2226 3449 2284 οὗτοι
3482 2230 3595 2282 τῶν
3632 2247 3744 2282 σω-

2166 2324 2406 2394 ζομένων
2441 2323 2607 2387 είσίν;
2644 2324 2751 2376 Καὶ
2785 2324 2813 2375 6
2861 2323 3093 2393 Πέτρος·
3123 2321 3197 2374 υὺ
3240 2322 3474 2383 πάντως.
3509 2322 3585 2373 Οὐ
3632 2320 3752 2391 γάρ

2164 2418 2432 2487 ἀποδεκτὴ
2464 2418 2495 2487 ἡ
2522 2417 2679 2470 πενία
2714 2410 2788 2469 ὧν
2819 2417 2892 2487 μὴ
2927 2415 3200 2486 προσῆκεν
3226 2415 3543 2485 όρεγομένη.
3574 2414 3745 2490 Ὠετε

2164 2511 2307 2570 τινὲς
2326 2514 2392 2581 τῇ
2418 2510 2731 2581 προαιρέσει
2758 2507 3046 2562 πλουτοῦσι
3067 2507 3348 2579 πενόμενοι
3371 2507 3414 2537 ⁸⁵
3434 2510 3743 2578 χρήμασιν,

2165 2606 2259 2657 καὶ
2289 2604 2363 2667 ὡς
2390 2603 2727 2657 πλεονεκτεῖν
2758 2601 3146 2672 ἐπιθυμοῦντες
3174 2598 3749 2673 τιμωροῦνται.315

2178 2696 2314 2750 Ἀλλ’
2345 2696 2465 2749 οὐδὲ
2494 2698 2551 2748 ἐν
2584 2696 2662 2766 τῷ
2686 2696 2893 2764 πένητα
2929 2690 3068 2748 εἶναί
3107 2712 3229 2747 τινα
3273 2695 3487 2755 πάντως
3528 2692 3747 2754 δίκαιός

2166 2794 2330 2844 ἐστιν.
2364 2790 2591 2842 Δύναται
2615 2789 2723 2860 γὰρ
2756 2785 2969 2857 πτωχὸς
3004 2786 3103 2857 μὲν
3135 2789 3246 2850 τοῖς
3278 2788 3551 2858 χρήμασιν
3573 2780 3741 2848 εἶναι,

2165 2884 2449 2955 ἐπιθυμεῖν
2474 2883 2530 2936 δὲ
2564 2883 2595 2953 ἢ
2618 2884 2710 2935 καὶ
2736 2881 2995 2952 πράττειν
3021 2880 3049 2933 ὃ
3077 2880 3500 2950 προηγουμένως
3525 2880 3585 2931 οὑ
3608 2881 3739 2948 χρή.

488 2994 667 3048 facere
695 2992 840 3060 quod
870 2990 1141 3059 prazcipue
1173 3006 1280 3043 non
1305 2989 1611 3058 oportebat.
1633 2987 1768 3043 Nam
1802 2990 1884 3043 vel
1915 2990 2057 3044 idola

2170 2981 2235 3032 Ἢ
2270 2978 2377 3050 γὰρ
2419 2976 2612 3031 εἴδωλα
2640 2974 2783 3027 σέϐει
2808 3014 2823 3038 ,
2867 2973 2900 3043 ἢ
2936 2972 3274 3043 βλασφημεῖ,
3309 2973 3341 3042 ἢ
3378 2973 3666 3043 πορνεύει,
3703 2972 3745 3041 ἦ

485 3084 651 3147 colit,
684 3082 768 3137 vel
814 3080 1182 3150 blasphemat,
1216 3080 1299 3133 vel
1337 3078 1673 3142 fornicatur,
1713 3080 1795 3133 vel
1844 3080 2058 3134 indiil‘e-

488 3184 669 3229 renter
696 3172 847 3235 vivit,
879 3171 1151 3240 perjurus,
1187 3172 1419 3223 mendax
1443 3212 1457 3236 ,
1486 3182 1579 3225 aut
1606 3170 1857 3226 inlidelis.
1887 3170 2060 3226 Caete-

486 3280 607 3318 rum
641 3262 893 3332 Magister
919 3269 1103 3313 noster
1135 3260 1320 3313 ﬁdeles
1350 3275 1619 3329 pauperes
1648 3261 1837 3315 beatos
1864 3262 2059 3330 praedi-

488 3356 631 3409 cavit
661 3368 710 3419 a,
749 3368 955 3421 eosque
1006 3366 1117 3405 non
1165 3351 1313 3405 velut
1337 3352 1541 3422 aliquid
1586 3353 1922 3421 largientes:
1959 3368 2057 3407 ne-

484 3464 591 3518 que
616 3447 758 3501 enim
783 3446 1087 3509 habebant;
1118 3444 1210 3497 sed
1243 3444 1394 3513 quia,
1427 3458 1553 3497 cum
1580 3444 1713 3496 nihil
1742 3452 2052 3511 peccarent,

486 3542 557 3595 ob
598 3540 649 3593 id
692 3538 908 3602 solum,
937 3538 1081 3607 quod
1126 3537 1322 3606 inopia:
1356 3552 1486 3605 ergo
1511 3536 1912 3605 eleemosynam
1946 3552 2056 3590 non

488 3632 791 3697 faciebant,
832 3631 1186 3685 condemnari
1220 3646 1327 3683 non
1378 3638 1649 3698 poterant.
1684 3626 1821 3681 Tum
1853 3638 2009 3696 pater
2040 3648 2052 3681 :

492 3726 625 3779 Vere
650 3738 876 3791 prorsus
908 3722 1206 3777 secundum
1238 3720 1941 3790 propositamqumstionem
1967 3734 2054 3774 res

487 3816 739 3869 videntur
768 3824 911 3868 recte
944 3813 1181 3866 habere:
1211 3828 1382 3880 quare
1428 3810 1592 3865 statui
1643 3819 1814 3863 totam
1864 3809 2055 3863 ordine

484 3905 673 3961 audire
698 3905 1021 3959 doctrinam.

556 3996 648 4051 XI.
707 3994 771 4048 Et
815 3992 1009 4047 Petrus
1052 4011 1065 4045 :
1116 3992 1300 4061 Itaque
1350 3991 1607 4059 deinceps
1659 3989 1896 4044 studenti
1955 3988 2051 4042 tibi

482 4091 695 4145 discere
720 4101 843 4156 qua:
869 4086 934 4139 ad
967 4094 1209 4139 nostram
1235 4082 1553 4151 religionem
1588 4086 1860 4149 pertinent
1881 4081 2055 4135 debeo

483 4177 676 4232 ordine
700 4188 973 4243 exponere
1000 4173 1309 4227 doctrinam
1330 4212 1343 4235 ,
1379 4172 1447 4224 ab
1477 4172 1596 4240 ipso
1626 4172 1891 4241 incipiens
1920 4171 2054 4236 Deo,

2163 3069 2469 3139 ἀδιαφόρως
2495 3067 2582 3139 ζῇ,
2610 3068 2643 3138 ἢ
2671 3067 2959 3138 ἐπιορκῶν,
2988 3066 3019 3137 ἢ
3052 3066 3405 3136 ψευδόμενος,
3428 3065 3459 3136 ἢ
3494 3066 3742 3128 ἀπίστως

2165 3162 2328 3231 βιούς.
2358 3160 2503 3231 Πλὴν
2526 3162 2554 3211 ό
2577 3158 2892 3221 διδάσκαλος
2911 3158 3066 3229 ἡμῶν
3100 3158 3324 3219 πιστοὺς
3345 3156 3578 3227 πένητας
3598 3157 3746 3227 ἐμα-

2163 3252 2387 3321 κάρισεν
2412 3224 2477 3323 ἶῖ,
2511 3251 2603 3302 καὶ
2623 3249 2816 3312 αὐτοὺς
2842 3249 2939 3317 οὐχ
2966 3249 3043 3311 ὡς
3071 3247 3481 3318 παρεσχηκότας
3506 3264 3580 3310 τι,
3615 3248 3740 3299 οὐδὲ

2161 3344 2269 3416 γὰρ
2306 3340 2469 3413 εἶχον,
2504 3343 2618 3395 ἀλλ’
2660 3342 2737 3405 ὡς
2784 3341 2948 3412 μηδὲν
2981 3340 3392 3411 ἁμαρτάνοντας
3412 3340 3477 3401 ⁸⁷,
3513 3343 3607 3392 καὶ
3644 3340 3745 3392 ἐπὶ

2167 3439 2311 3507 μόνῳ
2334 3436 2411 3506 τῷ
2442 3437 2540 3505 τὴν
2560 3434 2925 3505 ἐλεημοσύνην
2954 3433 3029 3503 μὴ
3055 3435 3249 3493 ποιεῖν,
3269 3432 3356 3485 διὰ
3375 3432 3436 3485 τὸ
3460 3433 3535 3503 μὴ
3564 3432 3736 3502 ἔχειν,

2162 3528 2619 3597 καταδικασθῆναι
2654 3528 2753 3579 οὑκ
2786 3526 3007 3595 ἔχοντας
3020 3525 3084 3579 ⁸⁸.
3114 3526 3224 3579 Kal
3257 3528 3285 3578 6
3324 3527 3533 3597 πατήρ·
3578 3526 3738 3595 Ἀλη-

2163 3622 2269 3683 θῶς
2303 3622 2442 3674 πάνυ
2476 3619 2617 3673 κατὰ
2654 3620 2751 3689 τὴν
2801 3617 3056 3672 ὑπόθεσιν
3088 3618 3261 3689 ὀρθῶς
3297 3618 3441 3688 ἔχειν
3487 3618 3559 3671 τὰ
3590 3620 3737 3689 πρά-

2160 3730 2346 3783 γματα
2387 3714 2655 3780 φαίνεται,
2689 3713 2770 3784 διὸ
2808 3712 2902 3765 καὶ
2948 3712 3318 3783 προαιρέσεως
3365 3712 3631 3782 ἐγενόμην
3664 3716 3736 3784 τῇ

2159 3807 2307 3872 τάξει
2338 3808 2534 3871 παντὸς
2564 3807 2864 3860 ἐπακοῦσαι
2895 3806 2989 3859 τοῦ
3017 3806 3194 3873 λόγου.

2234 3990 2323 4045 XI.
2366 3990 2475 4044 Kal.
2517 3989 2545 4040 6
2590 3988 2823 4056 Πέτρος·
2862 3983 3068 4038 Οὐκοῦν
3101 3982 3194 4036 τοῦ
3235 3982 3421 4035 λοιποῦ
3454 3982 3739 4036 σπεύδοντί

2166 4099 2244 4134 σοι
2271 4081 2338 4135 τὰ
2364 4082 2505 4135 κατὰ
2527 4080 2627 4151 τὴν
2657 4077 2932 4149 ἡμετέραν
2964 4074 3259 4148 θρησκείαν
3296 4075 3503 4146 μαθεῖν,
3536 4075 3738 4144 ὀφείλω

2162 4179 2227 4246 τῇ
2263 4174 2412 4241 τάξει
2438 4175 2528 4226 τὸν
2552 4173 2707 4241 λόγον
2738 4172 2972 4224 ἐκθεῖναι
2998 4168 3091 4224 ἀπ’
3127 4169 3292 4222 αὑτοῦ
3318 4169 3616 4240 ἀρχόμενος
3640 4168 3737 4221 τοῦ

482 4276 535 4320 et
566 4263 859 4319 ostendens
897 4262 1073 4330 ipsum
1107 4260 1283 4313 solum
1310 4259 1416 4312 dici
1446 4257 1641 4313 debere
1676 4258 1845 4312 Deum
1870 4299 1884 4322 ,
1916 4257 2055 4311 alios

2170 4268 2319 4330 Θεοῦ,
2355 4268 2448 4319 καὶ
2474 4266 2687 4326 δεικνὺς
2718 4265 2802 4316 ὅτι
2851 4263 3015 4316 αὐτὸν
3048 4261 3208 4333 μόνον
3247 4261 3327 4314 δεῖ
3368 4261 3547 4329 λέγειν
3578 4260 3732 4323 Θεὸν,

552 4414 575 4440 ο
620 4400 805 4454 Matth.
840 4414 892 4461 v,
922 4398 974 4451 3.

1789 4530 2023 4584 VARUS
2066 4530 2469 4586 LECTIONES.

565 4632 608 4662 "
631 4629 928 4699 παθήματα
958 4627 1021 4681 0.

482 4692 1065 4771 p.1tiatiti'x7ﬁpata
1097 4692 1466 4771 ἁμαρτήματα
1494 4692 1558 4750 0.
1590 4692 1729 4749 Ideni
1763 4692 1868 4749 scr.
1895 4694 2200 4771 όπώσποτε.
2238 4695 2282 4725 ⁵⁸

1100 4629 1144 4658 ⁵⁸
1173 4627 1374 4695 ἐσθῆτα
1402 4628 1464 4682 C.
1541 4627 1583 4656 ⁵⁷
1618 4626 1679 4678 Εἰ
1708 4625 1815 4693 γάρ
1848 4627 1904 4676 ἐν
1938 4626 2072 4677 πᾶσι
2098 4622 2166 4675 τά
2206 4626 2459 4747 κτήματα
2496 4624 2776 4695 προξενεῖν
2808 4620 2913 4678 οἶδε
2943 4628 3053 4689 τοῖς
3100 4626 3314 4695 ἔχουσιν
3358 4625 3731 4695 ἁμαρτήματα

1100 4698 1466 4747 άιιαοτήιιατα
1494 4692 1558 4747 0.
1590 4697 1729 4747 Idem
1763 4711 1868 4747 scr.
1895 4694 2200 4747 όπώσποτε.
2238 4695 2282 4725 ⁵⁸
2344 4706 2393 4747 Ia
2421 4694 2465 4747 Ο
2541 4711 2589 4747 c.
2620 4697 2656 4747 S
2686 4737 2699 4747 .
2730 4695 2929 4747 διείλας
2944 4695 3003 4747 C.
3037 4694 3287 4747 Occurrit
3311 4694 3484 4747 forma
3502 4695 3731 4747 εἱλάιιην

2364 4712 2393 4747 a
2421 4694 2465 4747 Ο
2505 4694 2589 4766 _c.
2620 4697 2656 4766 S
2686 4737 2699 4757 ,
2730 4695 2929 4766 ῂείλας
2944 4695 3003 4748 C.
3037 4694 3287 4750 Occurrit
3311 4694 3731 4766 ἷονιῐιθεὶλάμην

486 4760 644 4835 ἰιοι).
691 4760 979 4838 ΡΙινῃη.”ρ.
1010 4760 1158 4832 185),
1187 4760 1529 4838 nouantem,
1556 4776 1819 4838 quantum
1845 4766 2307 4838 sciam,_ao_ristns
2336 4777 2442 4838 act.
2467 4762 2612 4838 είλα.
2644 4765 2710 4838 8.
2733 4761 2868 4818 Tum
2889 4780 2960 4838 _p.
2989 4769 3060 4823 τά
3089 4781 3283 4838 sensus
3310 4766 3544 4834 postulat
3569 4760 3735 4831 εἶναι,

482 4833 670 4896 essein
694 4833 1223 4907 cujusvis—potestate.
1260 4837 1298 4887 ll
1353 4836 1391 4890 S
1445 4836 1707 4907 maluerit
1723 4835 1894 4907 6vzog.
1922 4834 2015 4907 ’⁸θρ
2038 4833 2167 4907 Dedi
2204 4835 2380 4907 καιτὰ
2396 4836 2554 4907 Δπάθη

2590 4850 2638 4889 c.
2675 4836 2740 4895 0,
2774 4834 2914 4887 κατὰ
2945 4838 3109 4888 πᾶσιν
3138 4836 3323 4903 (lectio
3354 4842 3727 4901 monstruosa)

483 4914 524 4990 (_i
556 4952 569 4971 ,
600 4902 1010 4990 navcagactv§
1069 4926 1138 4989 οξ
1159 4908 1493 4990 conjectura.
1551 4904 1775 4990 1°56“?
1806 4945 1819 4967 ,
1854 4904 1948 4990 τοῦ
1978 4902 2168 4990 CL'OZ‘
2216 4904 2428 4990 “.ltaYO
2646 4945 2659 4967 ,
2696 4906 2919 4990 ὑπάρχῃ
3040 4903 3178 4985 Tum
3204 4906 3375 4990 'omisi
3406 4905 3467 4959 Ci
3503 4912 3574 4990 τά
3602 4919 3727 4990 ante

483 4981 656 5044 ἄλλως
682 4997 729 5033 e.
779 4978 842 5033 Ο.

942 4980 984 5008 ⁸³
1010 4978 1180 5040 τοτῶς
1208 4971 1277 5030 (ὲῘ
1335 4989 1385 5030 et
1416 4976 1471 5029 S.
1551 4974 1671 5045 “53.5.
1696 4974 1753 5027 Cl
1807 4985 1859 5027 et
1890 4971 1935 5026 0
1987 5014 1999 5035 ,
2035 4975 2097 5043 δή
2268 4974 2310 5003 ⁸⁵
2341 4971 2457 5027 εἶτα
2491 4976 2613 5045 add.
2641 4992 2688 5028 c.
2722 4974 2785 5028 0.
2816 4971 2916 5006 Ἴδε
2947 4976 2978 5045 ἡ
3023 4974 3116 5027 τοῦ
3150 4976 3381 5045 πένητος
3415 4972 3595 5045 πενία,
3634 4976 3725 5027 ἐὰν

482 5040 729 5151 ὀρέγεται
749 5048 1025 5120 (ὀρέγηται
1063 5048 1302 5102 var.lect.
1336 5062 1420 5116 ap.
1469 5046 1554 5109 (Σ.)
1592 5040 1664 5095 ὧν
1696 5046 1755 5096 οὑ
1787 5046 1909 5114 χρή.
1946 5040 2324 5115 ι’ὒστε’(ῶσπερ
2355 5046 2500 5115 conj.
2537 5043 2574 5099 S
2606 5050 2620 5111 )
2650 5046 2795 5108 τινὲς
2829 5048 2893 5116 τῇ
2930 5040 3249 5116 π’ροαίρεσει
3276 5040 3626 5097 ’πλουτοῦσιν
3660 5046 3717 5097 (Ι.

485 5122 505 5149 ε
557 5122 795 5151 manu...
857 5120 1000 5151 ρης...
1044 5132 1057 5151 1
1122 5118 1223 5151 xm
1291 5116 1331 5151 ς
1427 5118 1467 5147 ετ
1504 5116 1575 5151 Im
1612 5117 1648 5151 ς
1701 5116 1778 5151 κη.
1824 5114 1985 5151 nam“
2015 5116 2418 5151 ἀηηηηιυηυφςρ
2454 5117 2493 5151 ρ
2541 5125 2589 5151 ..ι
2624 5114 2667 5151 n
2720 5117 2926 5151 η...
3013 5131 3105 5151 ω..
3182 5118 3275 5151 νηι
3331 5132 3356 5151 σι
3403 5112 3695 5151 smmum

485 5112 529 5151 “
557 5112 816 5182 Credner,
852 5112 1016 5172 Bei'tr.
1044 5132 1080 5169 1.
1120 5118 1245 5171 507.
1291 5116 1347 5169 S.
1371 5112 1383 5116 ’
1427 5118 1467 5147 ⁸⁷
1504 5116 1575 5169 Ita
1612 5117 1648 5167 ὃ
1701 5112 1985 5185 ὅτιμηδὲν
2015 5112 2418 5183 ἁμαρτάνοντες
2454 5112 2494 5169 C
2541 5125 2593 5169 et
2624 5114 2667 5167 0
2720 5117 2812 5184 qui
2838 5112 2948 5169 oin.
2977 5112 2985 5115 ⁷
3013 5112 3127 5184 seq.
3182 5118 3276 5169 καί
3330 5132 3359 5169 a
3403 5112 3718 5169 Sadditum.

482 5189 580 5262 τὴν
616 5191 691 5243 ἐλ.
724 5188 868 5253 8,0,
893 5190 989 5258 τῆς
1012 5190 1087 5240 ελ.
1124 5189 1185 5243 C.
1265 5188 1307 5218 ⁸⁸
1338 5188 1516 5255 ἔχουσι
1548 5186 1611 5239 0.

1776 5342 2081 5399 VARIORU
2090 5343 2138 5396 Μ
2177 5341 2410 5395 NOTAE.

552 5462 663 5535 (46)
692 5454 759 5518 Ἀ
794 5460 1119 5535 κεκτῄμεᾷα
1147 5460 1415 5535 πλείονα,
1438 5468 1540 5535 etc.
1578 5458 1901 5535 Dur_i_uscul_e
1924 5467 2051 5512 sunt

2157 5456 2443 5511 verborum
2480 5456 2709 5507 istorum
2749 5453 2801 5505 in
2842 5444 2961 5501 Vita
2988 5442 3107 5501 Nili
3130 5449 3377 5519 junioris.
3416 5464 3581 5518 quam
3608 5447 3715 5519 RQ-

480 5518 595 5589 hze‘c
629 5518 891 5601 adversus
920 5518 1136 5601 divitias
1179 5530 1378 5601 dicta:
1404 5518 1559 5601 unde
1602 5548 1632 5584 a
1679 5529 2047 5601 Metaphraste
2150 5542 2260 5601 _mre
2283 5523 2789 5601 edeiidain_(‘iiravi_t
2812 5521 3098 5601 Matthaeus
3134 5518 3500 5601 traryoph'ilus
3522 5534 3574 5587 p.
3596 5518 3714 5601 14?,

480 5604 801 5659 molliuntur
848 5598 1083 5664 Epitome
1112 5615 1231 5668 cap.
1270 5599 1391 5653 127.
1438 5599 1595 5655 Certe
1634 5600 1774 5668 apud
1811 5598 2045 5668 Epipha-

2150 5598 2254 5650 hoc
2271 5605 2453 5671 pacto}
2471 5592 2950 5671 Μάθετε,ᾁδελφο“ι,
2967 5590 3149 5671 ¹τοῦτο,
3173 5592 3253 5671 ὅτι
3278 5593 3308 5661 ἡ
3334 5589 3441 5671 τῶν
3469 5589 3716 5671 πραγμά-

480 5673 633 5731 ninm
667 5673 855 5728 haeresi
884 5659 971 5733 '50,
999 5685 1116 5738 cap.
1147 5659 1233 5734 1⁵7,
1266 5668 1501 5724 Ebionmi
1521 5659 1823 5741 gloriantur
1843 5659 1900 5724 se
1914 5659 2039 5723 esse
2147 5685 2253 5719 των
2273 5659 2625 5741 όπωσδήτξοτε
2655 5663 2925 5733 στέρησις,
2956 5659 3368 5732 ἁμαρτημάτων
3391 5661 3537 5712 ἐστὶν
3564 5659 3716 5727 ’ἀφαί-

484 5756 549 5797 ac
570 5744 749 5799 vocari
769 5742 1029 5812 πτωχούς.
1062 5742 1243 5797 Inveni
1267 5750 1445 5797 autem
1466 5749 1788 5811 usurpatum
1824 5756 2034 5796 cornum

2155 5755 2320 5804 ρεσις.
2358 5737 2490 5790 Cor.
