3860 6210
172 307 285 364 565

1312 302 1766 359 CLEMENTINA.
1798 339 1864 348 -——
1902 306 2181 362 HOMILIA
2223 309 2355 363 XVl.

3313 320 3416 374 ’566

172 423 400 496 ἐτέρους
435 422 493 477 δὲ
536 422 674 493 μήτε
720 420 897 488 λέγειν
916 418 958 450 ⁸³
1002 418 1136 490 μήτε
1178 418 1419 488 νομίζειν
1443 458 1458 481 ,
1489 420 1582 471 καὶ
1614 420 1693 471 ὅτι
1724 419 1747 470 6

1857 436 1990 473 vero
2011 437 2109 477 nec
2147 422 2253 475 dici
2286 437 2384 477 nec
2406 424 2730 489 existimari,
2762 428 3036 484 hominem
3070 443 3284 497 autem,
3321 436 3413 502 qui

172 519 331 592 παρὰ
354 517 514 572 τοῦτο
543 515 712 569 ποιῶν
750 512 983 575 αἰωνίως
1024 512 1138 582 ἔχει
1170 511 1498 581 κολασθῆναι
1523 552 1537 575 ,
1566 512 1641 574 ὡς
1671 512 1751 573 εἰς

171 590 342 666 αὑτὸν
375 610 469 663 τὸν
491 608 598 663 τῶν
630 609 764 661 ὅλων
805 607 1070 677 δεσπότην
1095 603 1370 675 ἀσεϐήσας
1394 603 1463 657 τὰ
1498 603 1748 673 μέγιστα.

170 704 288 758 Kal
309 702 489 757 ταῦτα
509 700 676 755 εἰπὼν
703 699 799 753 καὶ
821 702 933 762 τοῖς
956 699 1060 753 ὑπὸ
1081 696 1268 751 παθῶν
1294 696 1637 767 όχλουμένοις
1657 698 1751 749 καὶ

166 794 390 848 νοσοῦσι
412 796 506 848 καὶ
528 792 880 863 δαιμονῶσι⁷⁰
904 792 1003 854 τὰς
1023 793 1212 860 χεῖρας
1244 788 1454 851 ἐπιθεὶς
1485 788 1579 841 xal
1601 787 1752 851 εὐξά-

170 903 339 956 μενος
376 886 474 939 καὶ
520 887 808 956 ἰασάμενος
840 885 1076 938 ἀπέλυσε
1102 884 1230 947 τοὺς
1258 883 1465 954 ὄχλους.
1510 884 1620 937 Kal
1652 879 1750 936 εἴθ’

164 976 348 1040 οὕτως
388 976 575 1031 εἰσιὼν
608 977 714 1030 τῶν
749 976 1212 1047 συνηθεστέρων⁷¹
1247 976 1392 1031 ἀλῶν
1434 977 1752 1047 μεταλαϐὼν

163 1066 446 1125 ὕπνωσεν.

672 1252 838 1323 313
884 1251 1140 1305 'OMIAIA
1178 1252 1291 1318 ις’.

245 1361 288 1415 Ι.
333 1361 570 1434 Ὀρθρου
598 1362 655 1415 δέ
680 1361 838 1429 ἐξιὼν
861 1365 890 1415 ό
923 1362 1128 1433 Πέτρος
1150 1363 1243 1416 καὶ
1274 1362 1501 1427 ἐπιστὰς
1526 1365 1618 1417 ἐπὶ
1660 1365 1749 1417 τὸν

162 1451 383 1524 συνήθη
407 1453 501 1506 τοῦ
524 1454 863 1523 διαλέγεσθαι
889 1454 1052 1507 τόπον
1077 1455 1233 1524 ὄχλον
1253 1455 1416 1508 πολὺν
1442 1456 1749 1510 συνεστῶτα

163 1545 313 1599 εἶδεν
333 1548 399 1600 ⁷¹.
423 1547 532 1600 Καὶ
559 1546 775 1617 ἆμαοτῷ
798 1545 1009 1616 μέλλειν
1032 1546 1373 1615 διαλέγεσθαι
1396 1547 1557 1600 αὑτὸν
1578 1548 1748 1619 εἰσῄει

161 1654 257 1700 τις
284 1637 396 1691 τῶν
434 1637 600 1691 αὑτοῦ
642 1637 900 1691 διακόνων
926 1637 1097 1705 λέγων
1122 1655 1135 1667 ·
1180 1638 1361 1708 Σίμων
1400 1639 1508 1691 ἀπὸ
1544 1639 1748 1692 Ἀντιο-

162 1731 330 1800 χείας
379 1731 653 1801 ἐληλυθὼς
693 1732 777 1783 ἐπ’
795 1730 843 1761 ⁷³
872 1731 1045 1800 αὐτῆς
1078 1732 1340 1802 ἑσπέρας,
1378 1731 1565 1803 μαθὼν
1614 1734 1748 1787 ὑπο-

1854 525 2010 564 secus
2062 510 2283 577 iecerit,
2316 524 2577 584 perpetuo
2609 519 2880 588 supplicio
2928 522 3309 591 multandum,
3354 536 3415 579 ut

1853 603 1947 669 qui
1989 603 2043 655 iu
2080 602 2255 672 ipsum
2289 606 2668 663 universorum
2702 611 2990 668 Dominum
3039 616 3277 671 maxime
3308 618 3412 670 im-

1852 693 1975 762 pius
2020 697 2306 750 exstiterit.
2352 697 2528 768 Atque
2570 700 2658 756 his
2698 702 2895 768 dictis,
2946 721 3183 776 cumque
3231 709 3416 779 aliqua

1854 785 2202 855 perpessione
2224 786 2513 855 intestatis,
2540 795 2931 861 aegrotantibus
2980 805 3033 851 et
3060 797 3417 856 daamoniaeis

1855 875 2207 944 imposuisset
2242 894 2457 944 manus,
2489 881 2615 936 item
2650 895 2902 952 precatus
2931 897 3075 943 esset
3100 904 3164 944 ac
3191 906 3287 946 eos
3321 907 3418 947 cu-

1856 975 2066 1029 rasset,
2099 968 2306 1023 dimisit
2355 972 2633 1040 populum.
2672 974 2735 1029 Et
2764 987 2947 1045 postea
2994 980 3065 1032 ita
3112 981 3415 1051 ingressus,

1855 1060 2016 1115 solito
2045 1061 2339 1117 admodum
2374 1064 2497 1119 cibo
2530 1077 2815 1138 percepto,
2842 1085 2899 1125 se
2921 1087 3115 1126 somno
3138 1074 3307 1127 dedit.

2399 1246 2680 1303 llOMILlA
2718 1249 2858 1305 XVI.

1924 1355 1963 1410 l.
2005 1356 2160 1412 Mane
2190 1374 2319 1411 vero
2348 1376 2600 1427 egressus
2634 1361 2856 1427 Petrus,
2890 1380 3011 1420 cum
3060 1368 3299 1423 venisset
3348 1372 3417 1424 ad

1852 1448 2055 1511 locum,
2083 1449 2137 1502 in
2162 1464 2271 1518 quo
2294 1449 2561 1504 disserere
2590 1452 2816 1517 solebat,
2838 1454 3107 1525 ingentem
3133 1458 3417 1513 hominum

1854 1540 2255 1595 multitudinem
2303 1543 2624 1597 convenisse
2664 1545 2817 1599 vidit.
2870 1545 2939 1600 Et
2986 1547 3150 1603 simul
3193 1567 3258 1607 ac
3302 1552 3418 1621 ipso

1847 1631 1960 1700 jam
1994 1644 2141 1687 esset
2170 1633 2453 1687 locuturus
2477 1676 2490 1699 ,
2524 1634 2765 1689 introivit
2795 1638 3015 1715 quidam
3041 1655 3109 1694 ex
3149 1641 3271 1711 ejus
3298 1644 3419 1699 dia~

1851 1723 2027 1785 conis,
2063 1724 2293 1778 dicens:
2331 1724 2553 1791 Simon,
2604 1728 2697 1796 qui
2734 1729 2802 1782 ab
2830 1729 3122 1785 Antiochia
3163 1733 3281 1803 ipsa
3320 1752 3417 1790 ve-

164 1822 439 1893 σχόμενόν
488 1840 546 1876 σε
577 1823 669 1876 τὸν
705 1824 834 1894 περὶ
868 1824 1164 1895 μοναρχίας
1204 1824 1470 1876 ποιεῖσθαι
1510 1824 1663 1893 λόγον
1682 1826 1747 1889 ⁷⁸,

1855 1829 2010 1883 spera
2042 1816 2227 1878 venit,
2260 1817 2489 1872 audiens
2542 1828 2593 1873 te
2642 1821 2960 1889 promisisse
2998 1825 3065 1878 de
3101 1828 3417 1883 monarchia

164 1914 393 1985 ἕτοιμός
431 1917 546 1968 ἐστι
598 1916 736 1985 μετά
783 1932 847 1983 γε
867 1915 912 1947 ⁷⁸
958 1914 1321 1988 Ἀθηνοδώρου
1366 1917 1459 1969 τοῦ
1500 1918 1751 1972 Ἐπικου-

173 2006 327 2077 ρείου
363 2006 729 2077 διαλεγομένῳ
769 2023 851 2058 σοι
892 2005 1155 2069 ἐπελθεῖν,
1190 2006 1326 2077 πρὸς
1356 2008 1417 2060 τὸ
1454 2009 1752 2077 ἀντιλέγειν

166 2099 410 2171 δημοσίᾳ
433 2102 565 2153 πᾶσι
598 2102 712 2161 τοῖς
734 2098 838 2152 ὑπὸ
864 2098 956 2151 σοῦ
980 2099 1263 2152 όπώσποτε
1292 2101 1432 2169 ὑπὲρ
1458 2103 1754 2173 μοναρχίας

168 2189 491 2261 λεγομένοις
539 2191 739 2259 λόγοις.
794 2189 978 2243 Ταῦτα
1027 2191 1120 2243 τοῦ
1171 2192 1416 2245 διακόνου
1465 2193 1749 2262 λέγοντος,

171 2283 287 2336 ἰδοὺ
335 2283 496 2347 αὑτὸς
530 2283 699 2354 εἰσῄει
734 2281 914 2353 Σίμων
955 2283 1091 2353 μετά
1138 2282 1499 2356 Ἀθηνοδώρου
1529 2286 1621 2338 καὶ
1653 2285 1751 2339 ἆλ-

166 2375 282 2429 λων
336 2376 497 2430 τινῶν
556 2376 664 2429 τῶν
719 2376 1032 2446 ἐταίρωντθ,
1092 2376 1186 2429 καὶ
1240 2376 1346 2446 πρὸ
1397 2375 1491 2429 τοῦ
1545 2394 1596 2429 τι
1657 2378 1752 2431 τὸν

166 2468 381 2540 Πέτρον
409 2467 739 2539 φθέγξασθαι
772 2469 935 2532 αὐτὸς
965 2466 1248 2539 προλαϐὼν
1281 2466 1414 2538 ἔφη·

245 2642 309 2699 ιι.
358 2643 599 2715 Ἔμαθον
638 2644 713 2709 ὡς
738 2646 977 2715 ὑπέσχου
1007 2644 1223 2714 ἐχθές⁷⁷
1262 2646 1339 2717 τῷ
1370 2647 1597 2717 Φαύστῳ
1622 2688 1636 2711 ,
1671 2650 1751 2713 είς

166 2735 271 2806 τὴν
309 2737 546 2808 σήμερον
582 2736 753 2801 δεῖξαι
786 2740 851 2808 τῇ
888 2736 1038 2801 τάξει
1070 2737 1159 2789 τὸν
1202 2737 1359 2805 λόγον
1393 2739 1711 2809 ποιούμενος
1733 2780 1747 2803 ,

172 2828 269 2881 καὶ
300 2829 397 2882 ἀπ’
429 2828 591 2883 αὑτοῦ
625 2830 923 2900 ἀρχόμενος
951 2828 1045 2882 τοῦ
1069 2830 1177 2883 τῶν
1208 2830 1343 2883 ὅλων
1365 2830 1647 2894 δεσπότου,
1669 2832 1749 2883 ὅτι

168 2919 341 2974 αὑτὸν
375 2920 532 2991 μόνον
558 2921 638 2974 δεῖ
658 2920 835 2989 λέγειν
866 2920 1078 2986 Θεὸν⁷⁸,
1100 2922 1293 2987 ἄλλους
1323 2924 1378 2977 δὲ
1407 2926 1543 2996 μήτε
1570 2926 1750 2995 λέγειν

173 3012 315 3083 μήτε
347 3012 587 3082 νομίζειν
611 3053 625 3076 ,
672 3014 752 3066 ὅτι
774 3012 802 3064 6
829 3013 980 3103 παρὰ
1008 3014 1165 3067 τοῦτο
1204 3016 1372 3068 ποιῶν
1396 3018 1627 3080 αἰωνίως
1658 3035 1750 3070 κο-

165 3101 439 3170 λασθῆναι
472 3103 605 3173 ἔχει.
634 3103 749 3175 Πρὸ
776 3101 991 3159 πάντων
1017 3106 1075 3159 δέ
1115 3106 1328 3177 ἀληθῶς
1360 3109 1748 3179 καταπέπληγ-

1855 1920 1948 1959 seu
1983 1907 2288 1977 principatu
2324 1909 2486 1963 unius
2510 1911 2671 1965 verba
2702 1928 2823 1966 esse
2854 1911 3125 1969 facturum
3151 1955 3166 1981 ,
3194 1928 3417 1987 paratus

1853 2008 1938 2053 est
1972 2016 2081 2054 una
2117 2017 2241 2056 cum
2298 2004 2653 2060 Athenodoro
2680 2006 2953 2077 Epicureo
2994 2011 3087 2065 tibi
3128 2013 3417 2069 disserenti

1854 2090 2200 2160 intervenire,
2238 2106 2294 2148 ut
2337 2096 2514 2164 palam
2566 2098 2843 2170 impugnet
2870 2104 3053 2157 omnia
3077 2120 3418 2177 quacunque

1853 2198 1951 2253 pro
1994 2187 2313 2241 monarchia
2362 2204 2391 2241 a
2440 2198 2491 2243 te
2528 2191 3024 2263 quomodocunquc
3071 2196 3417 2265 proferentur

1853 2273 2037 2328 verba.
2072 2274 2197 2330 Haec
2228 2277 2442 2332 dicente
2480 2280 2713 2335 diacono
2752 2297 2879 2337 ecce
2909 2285 3190 2355 ingressus
3216 2297 3300 2342 est
3330 2289 3417 2342 Si-

1854 2379 1980 2419 mon
2007 2382 2129 2420 cum
2158 2367 2511 2424 Athenodoro
2532 2371 2764 2441 aliisque
2794 2375 3071 2430 nonnullis
3100 2378 3412 2433 sodalibus:

1851 2465 1937 2519 et,
1972 2467 2097 2511 ante
2124 2474 2287 2528 quam
2323 2459 2515 2516 Petrus
2547 2463 2750 2533 aliquid
2802 2465 3094 2532 proferret,
3128 2468 3241 2537 ipse
3268 2471 3413 2524 anti«

1850 2548 2041 2617 oipans
2070 2550 2146 2604 ait
2174 2567 2186 2601 :

1927 2641 1991 2696 ll.
2032 2642 2306 2712 Comperi,
2342 2654 2391 2699 te
2420 2646 2533 2700 heri
2562 2643 2761 2702 Fausto
2782 2649 3081 2718 pollicitum
3108 2668 3251 2719 esse,
3269 2657 3413 2725 quod

1853 2733 2015 2788 hodie
2055 2734 2243 2789 habito
2292 2752 2543 2793 sermone
2572 2739 2763 2794 ordine
2792 2757 2943 2797 esses
2972 2752 3326 2813 ostensurus,
3363 2756 3417 2802 et

1851 2821 2159 2891 incipiendo
2187 2824 2257 2879 ab
2283 2825 2401 2895 ipso
2426 2828 2803 2883 universorum
2828 2831 3069 2899 domino,
3089 2850 3213 2890 eum
3239 2839 3416 2893 solum

1850 2913 2140 2970 dicendum
2170 2932 2293 2971 esse
2328 2917 2495 2972 Deum
2518 2961 2531 2982 ,
2579 2920 2718 2977 alios
2748 2937 2876 2977 vero
2926 2940 3101 2997 neque
3133 2928 3413 2997 dicendos,

1853 3020 2031 3075 neque
2064 3008 2488 3076 existimandos,
2521 3013 2814 3079 quoniam,
2857 3016 2952 3085 qui
3004 3033 3162 3075 secus
3193 3018 3413 3086 fecerit,

1853 3108 2114 3167 perpetuo
2144 3102 2411 3171 supplicio
2444 3106 2782 3160 multabitur.
2832 3110 2973 3163 Ante
3018 3113 3203 3167 omnia
3233 3125 3415 3170 autem

172 3194 275 3263 μαί
319 3210 415 3247 σου
455 3195 557 3266 τὴν
600 3196 860 3249 ἀπόνοιαν
880 3198 963 3260 ⁷⁹,
997 3198 1079 3250 ὅτι
1115 3198 1346 3268 ῆλπισας
1388 3200 1469 3261 εἰς
1511 3199 1609 3270 τὴν
1651 3201 1747 3271 σὴν

1855 3206 1977 3244 vere
1999 3192 2309 3247 vecordiam
2340 3202 2487 3248 tuam
2518 3196 2817 3254 demiratus
2851 3214 2975 3254 sum
3000 3243 3014 3267 ,
3038 3205 3184 3272 quod
3221 3222 3415 3275 spera-

171 3284 430 3354 βοὺλησιν
460 3290 781 3355 μεταπεῖσαι
840 3288 1007 3359 ἄνδρα
1046 3288 1238 3358 σοφὸν,
1273 3291 1368 3343 καὶ
1398 3290 1569 3343 ταῦτα
1614 3310 1749 3363 πρε-

172 3379 399 3450 σϐὑτην.
448 3379 593 3432 Ἀλλ’
632 3380 731 3433 οὑκ
756 3380 1015 3454 ἐπιτεύξῃ
1051 3380 1159 3433 τῶν
1200 3381 1307 3433 σῶν
1351 3381 1747 3453 βουλευμάτων,

168 3470 347 3542 ταύτῃ
375 3470 592 3541 μᾶλλον,
619 3472 884 3543 παρόντος
909 3472 1062 3542 ἐμοῦ,
1092 3473 1187 3525 καὶ
1218 3472 1520 3542 τοὺς
1539 3474 1751 3542 ψευδεῖς

172 3578 268 3615 σου
290 3562 654 3633 διελέγχοντος
681 3564 892 3633 λόγους.
913 3564 1071 3628 Ἴσως
1090 3563 1199 3636 γὰρ
1228 3565 1359 3636 ἐμοῦ
1384 3560 1463 3637 μὴ
1486 3567 1751 3638 παρόντος

170 3655 432 3726 ⁴ἰγιιειιτσίῖθη
468 3656 539 3709 ἂν
572 3657 601 3707 6
632 3656 793 3725 σοφός
828 3656 1038 3728 γέρων,
1078 3655 1293 3727 ἰδιώτης
1337 3655 1411 3709 ὢν
1456 3658 1566 3710 τῶν
1601 3658 1750 3729 παρὰ

186 3748 465 3811 Ἰουδαίοις
510 3749 745 3819 δημοσίᾳ
774 3750 1219 3820 πεπιστευμένων
1236 3750 1285 3781 θσ
1305 3750 1522 3819 βίϐλων.
1548 3752 1657 3804 Kal
1688 3752 1749 3804 τὸ

170 3840 266 3893 νῦν
294 3841 423 3903 τοὺς
452 3839 677 3903 πολλοὺς
702 3840 1076 3910 ὑπερθήσομαι
1101 3841 1293 3909 λόγους
1311 3881 1325 3905 ,
1358 3842 1445 3895 ἵνα
1480 3842 1581 3911 τῆς
1617 3844 1749 3895 ὑπο-

173 3930 411 4002 σχέσεώς
444 3948 536 3985 σου
575 3930 762 4023 τόρμον
790 3932 882 3985 τὸν
917 3932 1134 4003 ἔλεγχον
1180 3938 1511 4003 ποιήσωμαι.
1542 3934 1633 4012 Διὸ
1662 3936 1746 4003 ἐφ’

169 4024 337 4095 ἡμῶν
350 4024 529 4076 αὐτῶν
552 4023 651 4087 τὰς
680 4023 902 4094 Γραφάς
930 4025 1146 4077 εἰδότων
1165 4063 1179 4087 ,
1215 4024 1243 4077 6
1271 4024 1507 4095 ὑπέσχου
1547 4025 1744 4094 λέγειν,

170 4116 355 4187 ἄρξαι.
391 4116 454 4169 Εἰ
480 4116 535 4169 δὲ
561 4116 653 4169 τὸν
684 4115 904 4186 ἔλεγχον
932 4116 1248 4186 αἰδούμενος
1278 4120 1362 4185 ἐφ’
1395 4118 1548 4188 ήμῶν
1570 4120 1747 4171 αὐτῶν

168 4207 327 4279 τὴν⁸¹
366 4207 659 4277 ὑπόσχεσιν
703 4207 1031 4279 παραλιπεῖν
1067 4208 1274 4271 θέλεις,
1324 4208 1604 4279 αὖτάρκης
1652 4211 1747 4263 καὶ

170 4300 344 4363 οὕτως
366 4301 400 4370 ἡ
432 4296 706 4364 ἀπόδειξις
736 4300 818 4351 ὃτι
848 4297 1018 4369 ψεύδῃ
1036 4299 1104 4363 ⁸⁸,
1135 4300 1257 4352 καθ’
1286 4300 1369 4352 ὅτι
1398 4301 1490 4352 ἐπὶ
1517 4300 1625 4353 τῶν
1649 4300 1747 4363 τάς

171 4392 394 4464 Γραφάς
427 4392 643 4445 εἰδότων
668 4392 840 4445 εἰπεῖν
872 4390 973 4444 οὑκ
998 4391 1321 4462 ἐτόλμησας.
1349 4393 1457 4445 Kal
1482 4391 1575 4444 νῦν
1606 4392 1662 4445 δὲ
1694 4393 1746 4443 τί

1851 3283 1994 3336 veris
2022 3292 2075 3338 te
2102 3299 2260 3353 posse
2303 3286 2356 3338 in
2397 3295 2543 3340 tuam
2576 3290 2899 3343 sententiam
2931 3292 3200 3349 adducere
3237 3298 3415 3353 virum

1852 3374 2170 3441 sapientem,
2203 3379 2267 3431 ad
2300 3378 2413 3432 haec
2443 3395 2651 3434 senem.
2684 3382 2755 3435 At
2789 3398 2911 3452 qua:
2943 3386 3025 3439 vis
3060 3400 3169 3440 non
3200 3389 3415 3444 obtine-

1850 3466 1956 3531 bis,
1988 3482 2075 3522 me
2107 3470 2453 3538 potissimum
2486 3483 2748 3541 praesente
2778 3483 3013 3545 tuosque
3054 3478 3416 3550 redarguente

1852 3558 2019 3613 falsos
2052 3576 2354 3619 sermones.
2395 3565 2557 3621 Forte
2586 3568 2730 3621 enim
2762 3569 2985 3624 a-bsente
3024 3586 3111 3625 me
3156 3572 3415 3644 deceptus

1852 3649 2044 3706 fuisset
2072 3655 2290 3723 sapiens
2337 3672 2533 3724 senex,
2568 3674 2691 3714 cum
2732 3659 3017 3730 imperitus
3048 3662 3119 3717 sit
3147 3664 3413 3721 librorum

1850 3743 1943 3811 qui
1993 3742 2197 3799 Judzeis
2245 3748 2422 3814 palam
2474 3759 2601 3804 sunt
2651 3752 2856 3805 traditi.
2912 3751 2977 3807 Et
3028 3769 3173 3808 nunc
3228 3757 3413 3813 multis

1850 3835 2029 3891 verbis
2075 3840 2439 3906 supersedebo
2466 3882 2480 3907 ,
2521 3851 2579 3897 ut
2614 3844 2774 3898 citius
2805 3846 3223 3913 promissionem
3263 3857 3413 3904 tuam

1850 3925 2147 3983 cnnl‘utem.
2179 3930 2444 3995 Quocirca
2474 3947 2659 3987 coram
2689 3936 2846 3991 nobis
2879 3935 3285 4007 Scripturarum
3316 3955 3412 4009 pe—

1849 4018 1969 4074 ritis
1995 4020 2140 4089 quod
2168 4022 2442 4091 pollicitus
2467 4039 2527 4079 cs
2556 4025 2733 4095 incipe
2759 4028 2957 4083 dicere.
2985 4029 3080 4083 Sin
3109 4044 3291 4085 autem
3321 4046 3412 4087 re-

1848 4110 2266 4177 prehensionem
2298 4115 2504 4169 veritus
2533 4131 2717 4170 coram
2764 4119 2923 4174 nobis
2951 4120 3033 4174 vis
3078 4122 3413 4191 promissum

1847 4204 2098 4258 omittere
2122 4244 2137 4269 ,
2188 4208 2351 4259 etiam
2391 4208 2471 4262 sic
2501 4208 2773 4265 sulIicicns
2816 4213 2921 4265 erit
2954 4213 3223 4282 probatio,
3264 4217 3413 4284 quod

1848 4292 2027 4361 fallas,
2048 4297 2488 4366 quandoquidem
2538 4314 2724 4353 coram
2759 4301 3073 4359 hominibus
3102 4304 3415 4374 Scripturas

1847 4387 2170 4442 callentibus
2200 4405 2306 4441 non
2349 4404 2519 4443 ausus
2549 4391 2627 4445 sis
2660 4392 2829 4461 loqui.
2882 4392 2949 4447 Et
2996 4410 3121 4449 vero
3160 4396 3273 4462 iam
3310 4414 3416 4452 cur

172 4500 229 4536 σε
286 4483 539 4553 ἀναμένω
588 4482 787 4551 λέγειν,
847 4484 1098 4553 μέγιστον
1151 4482 1289 4552 ἔχων
1339 4482 1591 4554 μάρτυρα
1643 4483 1745 4552 τῆς

1855 4487 2106 4547 exspecto
2128 4488 2187 4534 ut
2208 4480 2379 4546 dicas,
2409 4484 2505 4550 qui
2536 4483 2834 4537 maximum
2866 4485 3039 4539 habeo
3068 4496 3258 4541 testem
3287 4489 3409 4557 poi”—

168 4574 515 4645 ὑποσχέσεὼς
548 4592 641 4628 σου
674 4574 765 4626 τὸν
797 4575 1122 4646 παρεστῶτα
1151 4574 1405 4646 γέ⁷ροντα;
1437 4577 1545 4628 Kal
1574 4575 1744 4627 ταῦτα

168 4667 336 4720 εἰπὼν
370 4666 644 4738 ἐμϐλέψας
673 4665 752 4736 τῷ
785 4668 952 4737 πατρὶ
996 4666 1131 4736 ἔφη’
1176 4666 1312 4719 Εἰπέ
1364 4684 1489 4736 μοι,
1536 4667 1743 4737 ἀνδρῶν

169 4758 385 4812 πάντων
418 4755 713 4829 τιμιώτατε
735 4798 749 4821 ,
795 4757 915 4827 οὑχ¹ι
936 4752 1088 4819 οὗτος
1122 4757 1150 4808 6
1178 4757 1318 4828 ἀνὴρ
1362 4758 1627 4827 ὑπέσχετό
1660 4775 1742 4810 σοι

167 4850 335 4917 δεῖξαι
370 4851 629 4920 σήμερον,
661 4850 741 4901 ὅτι
781 4843 860 4910 εἷς
893 4849 1008 4900 ἐστὶ
1035 4848 1166 4911 Θεὸς
1202 4850 1295 4901 καὶ
1325 4849 1386 4900 οὑ
1420 4850 1525 4919 χρὴ
1560 4849 1743 4919 ἔτερόν

165 4959 287 4996 τινα
333 4942 522 5010 λέγειν
570 4940 603 5011 ἢ
650 4941 887 5011 νομίζειν
941 4940 1075 4991 Θεὸν
1093 4939 1159 5001 ⁸³,
1206 4941 1234 4990 6
1265 4940 1321 4992 δέ
1368 4940 1517 5028 παρὰ
1570 4940 1743 4994 ταῦτα

168 5034 353 5097 ποιῶν,
382 5032 459 5096 ὡς
484 5031 552 5085 τὰ
586 5032 815 5102 μέγιστα
846 5031 1195 5101 ἁμαρτάνων,
1218 5033 1448 5095 αἰωνίως
1482 5032 1737 5104 κολασθῆ-

167 5141 249 5177 ναι
278 5123 427 5193 ἔχει;
459 5124 533 5176 Ἢ
552 5122 661 5194 γὰρ
689 5123 787 5176 οὑκ
821 5122 1089 5195 ἀποκρίνῃ
1123 5140 1210 5193 μοι
1233 5123 1273 5153 ⁸³
1304 5141 1316 5185 ;

236 5215 321 5270 Ill.
360 5216 470 5269 Kal
500 5217 528 5269 6
560 5216 741 5287 πατὴρ
782 5214 914 5285 ἔφη’
950 5213 1145 5277 Καλῶς
1192 5215 1257 5268 ἂν
1295 5216 1394 5286 τὴν
1433 5218 1737 5288 μαρτυρίαν

1846 4569 2165 4625 licitationis
2190 4578 2294 4625 tua:
2321 4582 2589 4626 astantem
2623 4576 2844 4628 senem?
2866 4575 2931 4629 Et
2957 4585 3079 4645 post
3109 4577 3223 4632 haec
3244 4580 3411 4636 verba

1845 4668 2051 4727 patrem
2076 4662 2328 4727 intuitus,
2356 4664 2430 4716 ait
2461 4682 2473 4717 :
2505 4663 2599 4718 Dic
2623 4666 2773 4731 mihi,
2800 4668 3042 4722 virorum
3073 4672 3409 4738 praestantis»

1845 4752 2017 4816 sime,
2044 4768 2226 4807 nonne
2268 4754 2368 4808 iste
2399 4756 2563 4809 homo
2602 4757 2696 4810 tibi
2728 4758 3002 4826 pollicitus
3029 4770 3112 4816 est
3154 4771 3408 4819 ostensu-

1842 4859 1962 4897 rum
1991 4859 2048 4899 se
2076 4845 2233 4899 hodie
2254 4864 2422 4900 unum
2456 4848 2622 4902 Deum
2647 4865 2785 4914 esse,
2806 4867 2903 4905 nec
2931 4853 3095 4905 alium
3121 4854 3414 4911 dicendum

1844 4945 1937 4989 aut
1967 4937 2273 4991 habendum
2306 4938 2473 4993 Deum
2495 4981 2508 5003 ,
2540 4940 2689 4994 illum
2724 4951 2927 5009 autem,
2957 4946 3050 5014 qui
3082 4962 3242 5003 secus
3266 4949 3409 5005 fecu-

1845 5029 1934 5091 rit,
1956 5040 2208 5099 tanquam
2240 5041 2576 5098 peccatorem
2600 5034 2895 5088 maximum
2921 5048 3181 5106 perpetuo
3211 5043 3410 5111 suppli-

1847 5122 1932 5174 cio
1953 5122 2292 5176 multandum
2317 5125 2473 5177 esse?
2492 5123 2572 5177 An
2603 5126 2749 5179 enim
2784 5143 2888 5181 non
2912 5131 3207 5199 respondes
3234 5135 3407 5187 mihi?

1918 5211 2004 5267 Ill.
2050 5212 2344 5282 Respondit
2388 5224 2541 5283 pater
2577 5236 2589 5269 :
2628 5217 2788 5274 Recte
2833 5235 2863 5273 a
2907 5236 2994 5275 me
3032 5223 3405 5278 testimonium

1480 5357 1707 5411 VARUE
1745 5356 2149 5413 LECTIONES.

236 5448 281 5478 ⁶⁹
313 5446 553 5514 λέλέγειν
591 5448 714 5518 (sic)
738 5447 801 5502 0.
878 5449 923 5481 7°
955 5449 1272 5519 δαιμονιῶσι
1310 5451 1370 5506 C.
1446 5452 1488 5482 τι
1528 5451 1767 5574 συνθθων
1801 5452 1889 5511 0..
1937 5453 2078 5521 quod
2106 5461 2340 5520 prazstat.

239 5516 550 5574 .ἀπ“0.0.
654 5519 701 5547 ⁷⁵
732 5519 903 5574 λέγων
947 5516 1011 5573 0.
1140 5521 1188 5551 ⁷⁵
1218 5537 1278 5574 γε
1333 5536 1442 5574 om.
1499 5520 1562 5574 0.
1659 5539 1746 5574 um
1814 5522 2177 5574 διαλεγομένω
2210 5522 2253 5574 Ο
2322 5539 2340 5574 (

170 5517 209 5570 D
239 5559 254 5581 ,
283 5516 550 5583 ἀπὈ,Ο.

654 5516 704 5547 ⁷*
732 5519 903 5587 λέγων
947 5516 1011 5573 0.

166 5588 397 5657 ἑταίρων
429 5602 539 5657 om_.
573 5585 636 5641 0.

1140 5521 1188 5551 ⁷⁸
1218 5537 1302 5584 γε,
1333 5536 1442 5574 om.
1499 5520 1562 5574 Ο.

169 5655 459 5725 στωμὲχων
495 5655 539 5711 Ο
570 5697 584 5720 ,
620 5659 710 5725 qui
745 5655 938 5713 deinde
964 5658 1032 5711 τὰ
1065 5658 1177 5711 νῦν.

1254 5660 1294 5689 ⁸¹
1336 5662 1432 5729 σήν
1460 5662 1516 5713 Cl
1570 5672 1621 5715 et
1649 5660 1686 5714 S
1742 5664 1924 5716 invitis
1950 5660 2113 5715 codd.
2192 5662 2235 5694 θ’
2269 5660 2342 5715 lla
2366 5662 2410 5717 0
2457 5680 2505 5715 (ν.
2536 5663 2577 5715 Ι)
2611 5706 2621 5728 ,

2444 5458 2489 5519 '1'"
2518 5455 2591 5508 Ita
2617 5453 2662 5509 Ο
2723 5471 2771 5509 c.
2814 5456 2853 5509 S
2882 5498 2896 5519 ,
2938 5458 3042 5510 ἴδεν
3074 5459 3134 5513 C.
3241 5464 3286 5493 ⁷³
3314 5463 3401 5513 ἐπ’

1659 5539 1767 5596 ιιιιι⁸
1814 5518 2253 5596 διαλέγομένῳὩ
2322 5539 2371 5596 c.
2430 5518 2595 5590 Epit.,
2651 5518 3029 5596 διαλεγομένου
3088 5530 3147 5583 C.
3216 5532 3262 5561 ⁷⁸
3292 5532 3401 5585 τῶν

732 5588 774 5661 "_
806 5582 937 5659 χθές
1100 5590 1169 5661 ﬂ"
1206 5582 1335 5661 Θεόν
1363 5592 1541 5643 additi
1584 5608 1706 5661 cum
1734 5592 1777 5646 0
1825 5603 1878 5646 et
1905 5582 2051 5661 Epit:
2149 5582 2194 5623 ²¹⁹
2230 5582 2547 5661 πρόνοιανΟ
2626 5582 2880 5661 ὑπόνοιαν
2906 5592 2954 5661 [ᾗ

3156 5601 3201 5631 ⁸⁰
3233 5619 3400 5653 πεπι-

2149 5593 2194 5623 "
2230 5593 2547 5662 πρόνοιανΟ
2578 5634 2591 5655 ,
2626 5592 2880 5662 ὑπόνοιαν
2906 5592 3049 5662 Epit.

2648 5659 2846 5752 ψευδῄς
2878 5659 3049 5752 (Lqui
3086 5670 3231 5737 conj.
3255 5670 3368 5752 fil/EE).

168 5721 293 5786 δειςξ
324 5721 465 5794 Epit.
499 5721 666 5798 ψευδῆ
719 5729 789 5782 τὰ
840 5730 1209 5801 ὑπεσχημένα.
1249 5730 1359 5785 Cir.
1389 5721 1398 5729 ’
1423 5731 1561 5785 infra
1617 5749 1665 5786 c.
1694 5736 1744 5783 8.
1824 5734 1867 5763 ⁸³
1897 5733 2025 5783 Θεόν
2099 5731 2161 5786 0.
2240 5734 2284 5763 ⁵³⁸
2315 5734 2345 5805 ἢ
2379 5734 2485 5803 γὰρ
2519 5721 2991 5806 οὑνέίάπόίιριναί·
3014 5721 3109 5811 μοι
3316 5721 3401 5796 τί).
