3860 6210
489 286 594 347 3B3
1381 290 1437 345 S.
1479 282 1866 343 CLEMENTIS
1903 286 1921 341 l
1959 287 2122 343 ROM.
2168 286 2368 344 PONT.
2410 286 2636 345 OPERA
2674 290 2897 348 DUBIA.
3653 297 3770 353 364

491 411 758 465 llictiones
789 409 855 463 ad
886 418 1233 479 peccatorum
1264 411 1649 465 remissionem
1683 411 1815 479 pati.
1852 408 1919 462 Et
1960 409 2057 463 Pe-

2170 429 2310 481 ματα
2336 413 2427 467 καὶ
2458 414 2525 466 τὰ
2556 414 2699 484 πάθη
2716 415 2761 445 ⁵⁵
2785 416 2864 478 ε’ἱς
2897 414 3091 484 ἄφεσιν
3117 416 3399 487 ἁμαρτιῶν
3432 418 3746 489 πάσχομεν

492 514 608 560 trus
638 521 651 556 :
682 503 846 559 Recte
881 506 954 558 ita
996 504 1178 558 habet.
1225 502 1335 559 Nos
1366 505 1511 558 enim
1534 543 1549 570 ,
1583 506 1677 574 qui
1715 504 1898 559 futura
1940 519 2057 558 ma-

2166 506 2275 559 Καὶ
2317 508 2345 559 6
2392 507 2626 577 Πέτρος·
2666 506 2869 579 Ὀρθῶς
2900 507 3011 577 ἔχει
3044 508 3135 561 καὶ
3169 509 3357 573 οὕτως.
3398 510 3603 581 Ἡμεῖς
3650 512 3771 583 γάρ

489 598 732 665 luimus,
777 612 899 667 quae
946 597 1100 666 plura
1151 596 1532 665 possidemus,
1576 614 1672 653 seu
1703 606 1912 663 vestes,
1962 613 2057 653 seu

2164 598 2213 649 οἱ
2262 597 2504 667 ἑλόμενοι
2548 598 2712 671 314
2753 599 2820 652 τά
2863 600 3129 670 ἐσόμενα,
3166 600 3201 654 ἃ
3229 603 3548 673 κεκτήμεθα
3604 603 3771 657 πλεί-

489 690 679 753 cihos,
734 704 828 744 seu
880 688 1163 758 potiones,
1212 703 1309 742 seu
1358 688 1464 742 alia
1493 689 1800 758 quaepiam,
1838 698 2057 757 peccata

2164 706 2259 741 ova
2297 688 2406 758 (46)
2426 730 2441 751 ,
2471 688 2581 741 εἴτε
2615 689 2895 760 ἐσθήματα
2916 690 2963 721 ⁸⁸
2985 691 3093 743 εἴτε
3130 690 3415 762 βρώματα,
3438 692 3554 745 εἴτε
3589 695 3765 753 ποτὰ,

488 781 859 853 possidemus,
892 782 1020 851 quia
1054 781 1192 834 nihil
1227 780 1490 835 debemus
1519 780 1742 846 habere,
1775 781 1851 835 uti
1896 781 2057 850 paulo

2164 779 2273 832 εἴτε
2298 780 2433 833 ἄλλα
2462 780 2604 843 τινὰ,
2639 780 2912 852 ἁμαρτίας
2935 781 3273 853 κεκτήμεθα,
3296 783 3386 835 διὰ
3406 782 3468 835 τὸ
3499 782 3628 837 δεῖν
3664 800 3769 853 μη-

489 880 617 930 ante
672 888 925 928 sermone
998 874 1288 927 declaravi.
1351 870 1621 927 Omnibus
1678 874 2057 943 possessiones

2164 870 2251 924 δέν
2282 871 2455 942 ἔχειν,
2481 872 2557 935 ὼς
2586 873 2766 943 μικρῷ
2807 873 2993 943 τάχιον
3027 873 3220 927 διεῖλον
3258 875 3349 927 τὸν
3382 875 3575 942 λόγον.
3609 877 3767 929 Πᾶσι

487 980 711 1041 peccata
743 978 891 1025 sunt.
913 968 1114 1023 Earum
1138 968 1593 1038 qualitercunque
1617 968 1848 1036 privatio
1872 967 2057 1023 adem-

2164 964 2232 1017 τά
2278 968 2531 1035 κτήματα
2568 952 2939 1036 ἁμαρτήματα
2957 964 3021 1017 ⁵⁷.
3067 965 3130 1017 Ἥ
3175 965 3378 1020 τούτων
3420 968 3582 1031 ὅπως
3621 969 3766 1021 ποτὲ

489 1066 602 1133 ptio
663 1072 747 1119 est
793 1062 1143 1116 delictorum.
1204 1057 1352 1113 Dixit
1396 1068 1549 1129 pater
1587 1075 1599 1110 :
1643 1057 1807 1113 Recte
1852 1059 2053 1125 habet,

2167 1056 2418 1127 στέρησις
2450 1055 2733 1126 ἁμαρτιῶν
2779 1057 2926 1109 ἐστιν
2965 1056 3269 1126 ἀφαίρεσις.
3328 1059 3437 1111 Kal.
3479 1061 3508 1112 6
3562 1061 3765 1131 πατὴρ

488 1154 948 1226 quemadmodum
983 1152 1218 1207 divisisti
1244 1152 1383 1205 duos
1416 1151 1550 1205 lines
1575 1151 1809 1205 duorum
1842 1167 2053 1221 regum.

2164 1148 2265 1219 ἔφη
2290 1166 2302 1177 ·
2325 1146 2652 1210 Ἀκολοὺθως
2684 1139 3023 1217 ἔχει,’καθὼς
3050 1148 3141 1202 δύο
3172 1149 3362 1213 διεῖλες
3379 1150 3423 1181 ⁵⁸
3446 1152 3622 1222 ὅρους
3642 1152 3767 1204 τῶν

492 1260 549 1305 ut
579 1250 705 1319 quis
735 1247 880 1319 quod
920 1247 1038 1301 vult
1084 1244 1249 1314 eligat
1276 1260 1341 1299 ex
1379 1245 1446 1299 iis
1483 1259 1605 1313 qua:
1648 1244 1700 1297 in
1744 1244 2057 1297 alterutrius

2164 1241 2254 1295 δύο
2298 1240 2561 1310 βασιλέων
2586 1282 2599 1306 ,
2623 1240 2691 1294 τὰ
2724 1241 2809 1310 ἐφ’
2836 1242 3049 1312 ἑκάστῳ
3078 1240 3186 1293 τῶν
3220 1242 3324 1295 ὑπὸ
3354 1244 3453 1312 τὴν
3488 1245 3762 1309 ἐξουσίαν

487 1346 589 1399 sita
628 1350 755 1397 sunt
788 1348 1074 1409 potestate.
1119 1338 1261 1403 Quid
1317 1352 1479 1402 vero,
1530 1352 1599 1390 an
1647 1345 1702 1391 et
1742 1336 2057 1391 aﬂlictiones

2164 1334 2340 1387 αὐτῶν
2386 1334 2554 1387 ὄντων
2598 1334 2869 1407 αἱρεῖσθαι
2924 1334 2953 1386 ὃ
2996 1334 3262 1405 βούλεται.
3313 1334 3375 1388 Τί
3416 1336 3473 1389 δὲ
3522 1340 3632 1391 καὶ
3688 1339 3762 1390 τά

483 1437 631 1503 juste
672 1433 947 1503 patimur?
971 1431 1037 1487 Et
1061 1430 1294 1484 Petrus:
1326 1429 1661 1483 Justissime.
1704 1428 2057 1497 Quandoqui-

2166 1428 2311 1496 πάθη
2328 1428 2372 1460 δ’
2403 1428 2450 1479 εί
2475 1427 2696 1491 δικαίως
2726 1430 3001 1497 πάσχομεν
3026 1444 3041 1492 ;
3082 1430 3175 1481 καὶ
3199 1430 3227 1481 ό
3253 1430 3457 1500 Πέτρος
3476 1447 3488 1459 ·
3518 1432 3759 1485 Δικαιό-

487 1530 609 1583 dem
638 1528 781 1582 enim
808 1541 999 1581 eorum
1031 1525 1124 1594 qui
1156 1526 1439 1578 salvantur
1467 1524 1732 1577 terminus
1764 1535 1847 1578 est
1868 1567 1882 1589 ,
1918 1524 2057 1578 sicut

2164 1539 2321 1594 τατα.
2373 1522 2525 1594 Ἐπεὶ
2556 1522 2662 1594 γάρ
2695 1524 2728 1594 6
2764 1522 2883 1594 τῶν
2914 1520 3233 1594 σωζομένων
3262 1523 3386 1593 ὄρος
3431 1525 3588 1576 ἐστὶν
3608 1564 3626 1587 ,
3681 1525 3763 1587 ὡς

488 1620 631 1684 dixi,
661 1628 720 1672 ut
754 1633 915 1672 nemo
945 1591 1148 1687 aliquid
1180 1617 1409 1680 habeat,
1448 1617 1632 1669 multis
1660 1626 1839 1672 autem
1876 1617 2057 1670 multa!

2168 1592 2301 1662 ἔφην
2321 1632 2335 1654 ,
2364 1591 2423 1643 τὸ
2443 1592 2487 1621 ⁸ο
2530 1591 2716 1661 μηδενὶ
2764 1591 2929 1661 μηδὲν
2980 1592 3245 1663 ὑπάρχειν
3271 1591 3304 1659 ,ἡ
3337 1594 3577 1663 ὑπάρχει
3599 1596 3646 1625 ⁸³
3697 1596 3761 1647 δὲ

491 1666 631 1684 ----,
665 1666 719 1672 _-
754 1666 908 1672 -------
946 1666 1148 1687 ---Ἴ-η
1396 1666 1409 1680 ,
1662 1666 1839 1672 θην--

489 1721 785 1782 suppetunt
838 1711 1256 1781 possessiones,
1316 1727 1439 1781 qua:
1486 1712 1645 1765 aliter
1694 1719 1749 1765 et
1807 1720 2054 1779 peccata,

2165 1684 2333 1738 πολλά
2383 1685 2595 1747 πολλοῖς
2644 1686 2931 1755 κτήματα,
2982 1685 3075 1738 καί⁵
3119 1684 3292 1748 ἄλλως
3325 1686 3715 1756 ἁμαρτήματα
3740 1728 3756 1745 ,

488 1806 613 1860 ideo
645 1820 741 1874 per
776 1804 1035 1857 eximiam
1066 1802 1160 1857 Dei
1194 1803 1591 1857 humanitatem
1624 1803 1947 1858 aﬂIictiones
1974 1803 2057 1857 in-

2164 1777 2350 1830 τοῦτου
2384 1777 2542 1849 χάριν
2582 1776 2638 1843 ἐξ
2667 1776 3105 1847 ὑπερϐαλλούσης
3142 1776 3277 1829 Θεοῦ
3328 1776 3763 1848 φιλανθρωπίας

488 1899 765 1959 ducuntur
804 1897 872 1951 iis
904 1896 1001 1965 qui
1033 1912 1138 1950 non
1189 1911 1325 1965 pure
1362 1897 1585 1959 vivunt,
1622 1906 1679 1951 ut
1710 1906 1933 1966 propter
1959 1896 2057 1950 ali-

2164 1872 2424 1938 ἐπάγεται
2450 1870 2517 1924 τὰ
2539 1870 2684 1939 πάθη
2710 1872 2822 1932 τοῖς
2851 1871 2923 1939 μὴ
2953 1868 3257 1939 εἰλικρινῶς
3277 1868 3753 1938 πολιτευομένοις,

488 2000 750 2062 quantam
791 2005 918 2059 erga
988 1989 1155 2043 Deum
1209 1989 1529 2043 eharitatem
1581 2004 1678 2058 per
1726 1989 2055 2060 temporaria

2164 1966 2249 2017 ἵνα
2282 1963 2369 2017 διὰ
2399 1964 2456 2016 τὸ
2505 1963 2684 2025 ποσῶς
2702 1964 2745 1993 ⁵³
2773 1962 3014 2031 φιλόθεον
3054 1963 3405 2034 προσκαίροις
3441 1962 3755 2031 τιμωρίαις

488 2083 753 2154 supplicia
781 2082 999 2136 aaternis
1028 2081 1203 2149 pinnis
1237 2081 1560 2134 liberentur.

2164 2058 2393 2111 αἰωνίων
2428 2057 2640 2110 σωθῶσι
2668 2055 2959 2109 κολάσεων.

558 2174 629 2230 Χ.
651 2173 790 2229 Tum
814 2185 1001 2243 pater:
1031 2172 1171 2238 Quid
1202 2172 1346 2225 enim
1369 2212 1388 2236 ,
1414 2187 1597 2227 nonne
1632 2173 1833 2226 multos
1859 2171 2057 2242 impios

2234 2150 2299 2204 Χ.
2332 2152 2441 2203 Ka’t
2473 2153 2502 2203 6
2536 2151 2750 2222 πατήρ·
2785 2149 2848 2203 Τί
2871 2149 2925 2201 δὲ
2948 2148 2992 2179 ⁸³
3023 2149 3083 2201 οὑ
3120 2148 3343 2211 πολλοὺς
3366 2147 3585 2210 ἀσεϐεῖς
3610 2147 3752 2218 ὀρῶ-

484 2269 735 2325 videmus
776 2266 1078 2337 pauperes?
1120 2265 1203 2319 An
1248 2274 1538 2334 propterea
1570 2273 1624 2318 et
1660 2264 1737 2317 illi
1781 2265 1921 2319 inter
1963 2280 2059 2319 eos

484 2362 582 2435 qui
613 2361 844 2416 salutem
875 2366 1281 2427 consequentur
1310 2357 1636 2412 numerandi
1666 2357 1833 2413 sunt?
1858 2356 1924 2411 Et
1957 2355 2056 2413 Pe-

2166 2261 2263 2313 μεν
2292 2243 2559 2313 πένητας;
2588 2238 2720 2294 Εἶτα
2742 2243 2785 2273 ⁸⁸
2808 2240 2955 2328 παρά
2988 2240 3146 2293 τοῦτο
3178 2242 3270 2294 καὶ
3304 2234 3446 2294 οὗτοι
3479 2239 3594 2291 τῶν
3633 2256 3744 2291 σω-

2163 2334 2403 2405 ζομένων
2438 2334 2604 2397 είσίν;
2641 2334 2748 2386 Καὶ
2782 2335 2810 2385 6
2858 2333 3090 2403 Πέτρος·
3120 2331 3194 2383 υὺ
3236 2332 3470 2393 πάντως.
3504 2331 3584 2382 Οὑ
3630 2330 3751 2401 γάρ

482 2420 639 2512 t'rus:
668 2453 1025 2523 Nequaquam
1057 2450 1307 2506 omnino.
1339 2448 1456 2505 Non
1493 2450 1641 2504 enim
1669 2450 1952 2519 probanda
1974 2460 2057 2505 est

2164 2428 2429 2497 ἀποδεκτὴ
2460 2429 2492 2497 ἡ
2520 2427 2677 2479 πενία
2712 2420 2785 2479 ὧν
2816 2427 2889 2496 μὴ
2924 2424 3197 2496 προσῆκεν
3222 2424 3539 2495 ὀρεγομένη.
3574 2424 3743 2500 ’Ὠετε

486 2548 668 2616 inopia
688 2586 703 2608 ,
734 2516 803 2611 si,
834 2516 955 2615 quae
998 2558 1105 2597 non
1130 2551 1382 2611 oportet,
1415 2516 1793 2613 appetat.—Sic
1837 2557 2057 2612 quoque

2164 2521 2304 2580 τινὲς
2323 2524 2389 2591 τῇ
2414 2520 2728 2591 προαιρέσει
2755 2517 3043 2571 πλουτοῦσι
3064 2516 3345 2588 πενόμενοι
3368 2517 3411 2547 ⁸⁸
3431 2520 3532 2587 χρή
3547 2534 3739 2587 μασιν,

485 2608 735 2693 nonnulli
770 2608 1051 2691 voluntate
1081 2608 1275 2689 divites
1306 2608 1637 2702 opum-sunt
1678 2608 1984 2703 pauperes,
2006 2642 2057 2688 et

2164 2616 2255 2667 καὶ
2286 2615 2360 2677 ὼς
2388 2613 2724 2667 πλεονεκτεῖν
2754 2611 3143 2682 ἐπιθυμοῦντες
3172 2609 3553 2682 τιμωροῦνται.
3572 2608 3747 2681 315

484 2738 749 2799 tanquam
800 2726 1120 2782 facultatum
1172 2700 1358 2795 cupidi
1409 2700 1733 2794 puniuntur.
1789 2700 1904 2779 iSed
1957 2741 2057 2780 nec

2175 2706 2311 2761 Ἀλλ’
2342 2706 2463 2759 οὐδὲ
2491 2709 2549 2758 ἐν
2581 2706 2659 2776 τῷ
2684 2706 2890 2775 πένητα
2925 2700 3065 2758 εἶναί
3104 2722 3225 2757 τινα
3270 2704 3485 2765 πάντως
3524 2702 3743 2764 δίκαιός

484 2791 630 2892 quod
660 2818 857 2889 aliquis
907 2819 978 2873 sit
1029 2791 1259 2887 pauper,
1294 2791 1478 2872 statim
1506 2817 1691 2886 justus
1735 2827 1838 2872 est.
1872 2816 2057 2872 Potest

2164 2804 2327 2854 ἐστιν.
2361 2800 2589 2852 Δύναται
2612 2799 2720 2870 γὰρ
2754 2795 2966 2867 πτωχός
3000 2797 3099 2867 μὲν
3132 2799 3242 2860 τοῖς
3276 2799 3547 2868 χρήμασιν
3571 2791 3737 2859 εἶναι,

484 2913 683 2983 quippe
709 2926 914 2981 pauper
948 2924 1070 2964 esse
1101 2909 1352 2977 pecunia,
1388 2919 1444 2963 at
1471 2924 1591 2963 eam
1618 2923 1842 2977 cupere,
1877 2919 1974 2963 aut
2001 2909 2056 2963 id

2164 2894 2446 2965 ἐπιθυμεῖν
2472 2894 2527 2946 δὲ
2560 2893 2593 2964 ἢ
2616 2894 2707 2945 καὶ
2734 2892 2992 2962 πράττειν
3018 2890 3046 2943 ὃ
3074 2890 3497 2961 προηγουμένως
3520 2889 3583 2941 οὑ
3606 2891 3735 2958 χρή.

485 2982 664 3059 facere
692 3003 837 3072 quod
867 3001 1136 3071 praecipue
1169 3016 1277 3053 non
1301 3000 1606 3069 oportebat.
1630 2998 1765 3054 Nam
1799 3001 1881 3054 vel
1912 3000 2054 3055 idola

2164 2990 2231 3042 Ἣ
2267 2988 2374 3060 γὰρ
2416 2986 2609 3041 εἴδωλα
2638 2984 2819 3048 σέϐει,
2864 2983 2897 3054 ἥ
2933 2982 3271 3053 βλασφημεῖ,
3306 2982 3339 3052 ἢ
3376 2983 3662 3053 πορνεύει,
3702 2982 3741 3051 ἦ

481 3095 648 3159 colit,
680 3093 766 3148 vel
810 3092 1179 3161 blasphemat,
1213 3090 1295 3144 vel
1334 3089 1670 3153 fornicatur,
1709 3091 1792 3144 vel
1842 3090 2055 3145 indiffe-

2164 3079 2466 3149 ἀδιαφόρως
2492 3078 2579 3149 ζῇ,
2607 3077 2640 3148 ἢ
2668 3078 2956 3148 ἐπιορκῶν,
2985 3076 3016 3147 ἢ
3048 3075 3457 3146 ψευδόμενος,ἢ
3490 3076 3739 3139 ἀπίστως

485 3196 666 3241 renter
693 3184 845 3246 vivit,
876 3182 1148 3252 perjurus,
1184 3182 1417 3235 mendax
1440 3223 1454 3247 ,
1482 3192 1576 3235 aut
1603 3180 1855 3237 inﬁdelis.
1885 3181 2056 3236 Caete-

2164 3171 2325 3241 βιοὺς.
2354 3170 2500 3259 Πξην
2524 3171 2551 3221 ὁ
2575 3168 2889 3231 διδάσκαλος
2908 3168 3063 3239 ἡμῶν
3096 3167 3321 3229 πιστοὺς
3342 3166 3576 3236 πένητας
3595 3167 3743 3237 ἐμα-

483 3292 604 3329 rum
637 3274 890 3344 Magister
916 3280 1100 3325 uoster
1132 3270 1317 3324 ﬁdeles
1347 3286 1616 3340 pauperes
1645 3272 1834 3326 beatos
1862 3272 2056 3341 praedi-

2164 3261 2384 3331 κάρισεν
2409 3257 2475 3333 δέ,
2508 3261 2601 3312 καὶ
2621 3259 2814 3322 αὑτοὺς
2839 3259 2936 3327 οὑχ
2964 3259 3039 3321 ὠς
3068 3257 3479 3328 παρεσχηκότας
3504 3274 3577 3320 τι,
3612 3257 3737 3309 οὐδὲ

484 3367 627 3421 cavit
658 3379 707 3430 ει,
747 3380 952 3433 eosque
1004 3378 1114 3416 non
1163 3362 1310 3416 velut
1334 3363 1538 3433 aliquid
1583 3364 1876 3431 largientes
1908 3381 1919 3415 :
1956 3379 2053 3417 ne-

2164 3354 2266 3426 γάρ
2303 3349 2467 3423 εῐχον,
2501 3352 2615 3405 ἀλλ’
2658 3352 2734 3415 ὼς
2781 3350 2945 3422 μηδὲν
2978 3350 3389 3421 ἁμαρτάνοντας
3410 3350 3474 3413 ⁸⁷,
3510 3353 3603 3402 καὶ
3640 3349 3743 3402 ἐπὶ

482 3475 588 3529 que
613 3458 755 3513 enim
780 3456 1085 3519 habebant;
1116 3455 1207 3507 sed
1240 3454 1391 3524 quia,
1424 3469 1550 3508 cum
1577 3454 1710 3506 nihil
1739 3462 2049 3521 peccarent,

2164 3448 2308 3517 μόνῳ
2332 3446 2408 3516 τῷ
2440 3446 2538 3515 τὴν
2557 3444 2922 3515 ἐλεημοσύνην
2951 3442 3026 3513 μὴ
3052 3445 3246 3505 ποιεῖν,
3267 3442 3353 3495 διὰ
3374 3442 3433 3495 τὸ
3458 3442 3532 3513 μὴ
3560 3442 3731 3512 ἔχειν,

483 3553 554 3606 ob
596 3552 647 3605 id
689 3550 905 3613 solum,
934 3549 1078 3617 quod
1124 3548 1319 3617 inopiw
1353 3563 1483 3616 ergo
1508 3547 1909 3616 eleemosynam
1943 3562 2054 3600 non

2164 3537 2617 3607 καταδικασθῆναι
2652 3537 2751 3589 οὑκ
2784 3535 3081 3605 ἔχοντας⁶⁸.
3112 3536 3222 3589 Καὶ
3255 3538 3283 3588 ὁ
3322 3537 3529 3606 πατήρ·
3575 3536 3733 3606 Ἀλη-

486 3644 789 3708 faciebant,
830 3642 1183 3696 condemnari
1218 3656 1325 3693 non
1375 3648 1647 3709 poterant.
1682 3636 1819 3692 Tum
1850 3647 2006 3706 pater
2037 3658 2049 3691 :

2164 3632 2266 3693 θῶς
2300 3632 2439 3684 πάνυ
2474 3628 2614 3683 κατὰ
2652 3630 2749 3699 τὴν
2799 3627 3053 3681 ὑπόθεσιν
3084 3628 3258 3699 ὀρθῶς
3295 3629 3439 3698 ἔχειν
3485 3628 3554 3681 τά
3587 3630 3732 3700 πρά-

489 3738 621 3791 Vere
648 3750 873 3803 prorsus
906 3732 1204 3787 secundum
1235 3730 1564 3801 propositam
1582 3731 1938 3799 quzestionem
1964 3744 2053 3783 res

2164 3740 2343 3793 γματα
2385 3723 2653 3790 φαίνεται,
2687 3722 2768 3794 διὸ
2805 3722 2900 3775 καὶ
2946 3722 3315 3793 προαιρέσεως
3363 3722 3626 3792 ἐγενόμην
3658 3726 3731 3794 τῇ

485 3827 736 3881 videntur
764 3834 909 3879 recte
942 3824 1178 3877 habere:
1209 3838 1379 3891 quare
1425 3820 1590 3875 statui
1640 3829 1811 3873 totam
1862 3819 2053 3872 ordine

2164 3817 2305 3882 τάξει
2335 3818 2532 3881 παντὸς
2561 3816 2861 3870 ἐπακοῦσαι
2894 3815 2986 3869 τοῦ
3014 3816 3191 3883 λόγου.

555 3917 670 3971 dire
694 3916 1018 3971 doctrinam.

481 3932 670 3973 audire
694 3932 1018 3971 (IOClI'lnam.

552 4007 645 4062 XI.
705 4006 768 4059 Et
813 4004 1007 4059 Petrus
1050 4022 1063 4056 :
1114 4002 1298 4072 Itaque
1347 4001 1604 4069 deinceps
1657 3999 1894 4055 studenti
1952 3998 2048 4052 tibi

2232 4000 2321 4054 XI.
2364 4000 2473 4053 Kal.
2515 3999 2543 4049 6
2587 3998 2821 4067 Πέτρος·
2860 3992 3066 4048 Οὑκοῦν
3099 3992 3192 4046 τοῦ
3233 3992 3418 4045 λοιποῦ
3452 3992 3733 4047 σπεύδοντί

479 4102 692 4157 discere
717 4112 839 4167 qua:
866 4096 931 4151 ad
964 4104 1207 4150 nostram
1233 4092 1551 4162 religionem
1585 4094 1857 4160 pertinent
1878 4090 2053 4145 debeo

2164 4108 2242 4144 σοι
2268 4091 2335 4145 τά
2362 4091 2503 4145 κατὰ
2524 4090 2624 4161 τὴν
2655 4087 2929 4159 ἡμετέραν
2962 4084 3257 4158 θρησκείαν
3293 4085 3500 4155 μαθεῖν,
3532 4085 3729 4153 ὀφείλω

481 4188 673 4243 ordine
698 4200 971 4254 exponere
998 4184 1306 4237 doctrinam
1327 4223 1341 4246 ,
1377 4182 1445 4235 ab
1475 4182 1594 4250 ipso
1624 4182 1888 4251 incipiens
1917 4180 2052 4245 Deo,

2164 4188 2225 4256 τῇ
2260 4184 2409 4251 τάξει
2435 4184 2526 4236 τὸν
2549 4183 2705 4251 λόγον
2736 4182 2970 4234 ἐκθεῖναι
2996 4178 3089 4233 ἀπ’
3125 4179 3289 4231 αὑτοῦ
3316 4178 3609 4250 ἀρχόμενος
3633 4179 3729 4230 τοῦ

480 4287 533 4332 et
564 4274 856 4330 ostendens
894 4272 1071 4341 ipsum
1105 4270 1281 4324 solum
1307 4269 1414 4323 dici
1443 4267 1639 4322 debere
1673 4267 1842 4323 Deum
1868 4309 1882 4332 ,
1914 4267 2053 4320 alios

2164 4278 2317 4339 Θεοῦ,
2352 4277 2446 4329 καὶ
2472 4275 2685 4336 δεικνὺς
2716 4275 2801 4327 ὅτι
2850 4273 3012 4327 αὑτὸν
3046 4272 3205 4343 μόνον
3244 4270 3324 4324 δεῖ
3366 4270 3543 4339 λέγειν
3571 4269 3723 4334 Θεὸν,

550 4426 573 4451 υ
618 4410 803 4465 Matth.
838 4424 890 4471 v,
920 4408 971 4461 5.

1786 4540 2021 4594 ιτΑῆιῶ
2064 4539 2467 4596 LECTIONES.

563 4643 606 4674 "
628 4640 926 4710 παθήματα
956 4637 1020 4691 0.
1098 4639 1142 4710 §°
1171 4637 1372 4710 ἐσθῆτα
1400 4637 1461 4692 C.
1499 4636 1677 4710 _“"_EI
1706 4634 1813 4703 γὰρ
1846 4636 1912 4710 ἐν
1936 4636 2071 4710 πᾷσι
2096 4632 2165 4685 τὰ
2204 4636 2457 4710 κτήματα
2494 4634 2775 4710 προξενεῖν
2806 4629 2912 4710 οἶδε
2942 4638 3070 4710 τοῖς.
3098 4635 3332 4710 ἔχουσινΔ
3355 4634 3719 4710 ἀμρτῂματα

564 4653 606 4674 ’⁵
628 4653 926 4710 παυηματα
956 4653 1020 4691 υ.
1098 4653 1142 4669 νυ
1171 4653 1372 4705 εσυητα
1400 4653 1461 4692 ι..
1538 4653 1576 4666 ν’
1618 4653 1677 4687 ιιι
1706 4653 1813 4703 γαρ
1846 4653 1902 4686 εν
1936 4653 2071 4687 πασι
2096 4653 2165 4685 τα
2204 4653 2304 4703 κτη
2356 4653 2457 4687 ατα
2494 4653 2775 4705 προςενειν
2806 4653 2912 4687 οιοε
2942 4653 3051 4698 τοις
3098 4653 3312 4704 εχουσιν
3355 4653 3718 4705 αμαρτηματα

480 4730 533 4782 p.
553 4711 777 4782 πᾶσιτά
810 4708 1464 4782 κτήματαίάμαρτήματα
1492 4701 1556 4759 0.
1586 4706 1727 4758 Idem
1762 4721 1866 4759 scr.
1893 4704 2197 4782 όπώσποτε.
2235 4704 2281 4735 ⁸⁸
2315 4653 2390 4758 ria
2419 4704 2463 4757 Ο
2502 4721 2588 4782 Ἀρ.
2618 4706 2698 4782 Su,
2729 4705 2928 4782 gratia;
2943 4704 3002 4757 C.
3034 4704 3284 4782 Occurrit
3309 4703 3718 4782 ίοτιιιειεὶλάμην

484 4770 642 4847 ἱιοι).
689 4770 977 4854 Phryn._"p.
1008 4770 1157 4842 185),
1186 4770 1817 4854 non'antein,_qua_ntum
1843 4775 2305 4854 scia_ni,naoristu_s
2334 4787 2440 4854 aet.
2463 4772 2610 4854 εἴλα.
2642 4770 2867 4854 8,.ιΤιιιιι
2888 4790 2959 4854 .p.
2987 4778 3057 4854 τά
3086 4790 3281 4854 sensus
3307 4775 3539 4843 postulat
3562 4770 3721 4841 εἶναι,

480 4843 667 4908 essein
691 4843 1221 4918 cujdsvis'potestate.
1258 4848 1297 4898 ι)
1351 4846 1389 4900 S
1443 4845 1705 4918 maluerit
1721 4845 1892 4918 όντος.
1920 4844 2013 4918 f9.
2036 4843 2166 4918 Dedi
2201 4846 2378 4918 aratra
2392 4846 2552 4918 ⁸πέιθη
2582 4860 2636 4918 9.
2674 4846 2738 4918 ρ,
2772 4844 2913 4918 κατά
2944 4847 3107 4918 πᾶσιν
3136 4846 3321 4918 (lectio
3351 4852 3714 4918 monstruosa)

481 4926 521 4975 (ἐ
554 4964 567 4983 ,
598 4912 1008 4975 παντάπασινδ
1068 4935 1131 4972 ex
1157 4918 1490 4984 conjectura.
1570 4916 1613 4945 ⁸ο
1649 4914 1773 4985 icer
1804 4955 1817 4977 ,
1852 4913 1947 4985 τοῦ
1976 4913 2041 4973 C,
2073 4912 2165 4985 0._
2214 4915 2255 4945 ⁶¹
2285 4914 2427 4985 lta_0
2497 4912 2551 4969 (κ’
2576 4914 2614 4968 S
2644 4955 2657 4977 ,
2694 4916 2917 4985 ὑπάρχῃ
2945 4915 3004 4969 C.
3038 4912 3176 4985 Tum
3211 4914 3373 4969 omisi
3404 4914 3465 4968 Ci
3499 4921 3567 4985 τά
3592 4928 3713 4985 ante.

939 4970 1179 5050 σίτοέςῶέ
1206 4970 1278 5039 (λ’
1333 4999 1383 5039 et
1414 4986 1469 5039 S.
1548 4984 1669 5055 “66
1694 4984 1752 5037 Cl
1805 4970 1857 5037 et
1888 4981 1933 5037 0
1985 5025 1997 5045 ,
2028 4970 2095 5053 δή
2266 4984 2308 5014 θ’
2340 4982 2456 5037 εἶτα
2489 4987 2611 5055 add.
2639 4970 2686 5039 ὁ.
2720 4983 2783 5037 0.
2814 4970 2825 4985 ’
2846 4970 2917 5015 ’δῖ’
2946 4986 2976 5053 ἡ
3021 4983 3113 5037 τοῦ
3148 4985 3379 5055 πένητος
3413 4970 3587 5055 πενία,
3623 4984 3713 5037 ἐὰν

480 5050 1023 5162 ὀρέγεταιωρέγηται
1061 5058 1300 5112 varJect.
1334 5072 1419 5125 ap.
1466 5055 1552 5119 (Σ.)
1590 5050 1662 5105 ὧν
1694 5056 1754 5106 οὑ
1784 5056 1908 5124 χρή.
1944 5050 2094 5107 ὥστε
2113 5052 2323 5125 (ὥσπερ
2353 5056 2498 5124 conj.
2535 5053 2573 5108 S
2606 5058 2618 5121 )
2648 5055 2794 5117 τινὲς
2827 5058 2892 5125 τῇ
2928 5050 3247 5125 προαίρεσει
3274 5050 3615 5107 ’πλουτοῦσιν
3647 5056 3704 5107 (Σ.

483 5134 502 5160 6
555 5133 792 5162 ΡιιηΛηιηι
854 5130 998 5162 Πηὶιει
1043 5143 1056 5162 l
1120 5128 1223 5162 ἏΠἽ
1290 5126 1330 5162 Q
1425 5128 1465 5157 θΊ
1502 5126 1573 5162 Ila)
1610 5127 1646 5162 ς
1699 5126 1777 5162 iam
1823 5125 1984 5162 ιιιηλδν
2014 5126 2417 5162 ἇηηηπᾶυῆυφςρ·
2452 5127 2491 5162 Π
2540 5135 2586 5162 nl
2622 5124 2665 5162 Π
2718 5127 2808 5162 ηιιί
2836 5142 2924 5162 nn-
3012 5140 3102 5162 con
3179 5128 3273 5162 νηί
3329 5141 3355 5162 n
3401 5122 3682 5162 gailrlilnm

483 5122 527 5162 “
555 5122 813 5193 Credner,
848 5122 1014 5183 Beitr.
1043 5143 1079 5180 ι.
1119 5128 1244 5182 507.
1290 5126 1346 5179 S.
1370 5122 1381 5125 ’
1425 5128 1465 5157 ⁸⁷
1502 5126 1574 5178 Ita
1610 5127 1646 5177 ὃ
1699 5122 1793 5177 ὅτι
1810 5122 1984 5194 μηδὲν
2013 5122 2417 5193 ἁμαρτάνοντες
2452 5122 2492 5179 C
2540 5135 2591 5178 et
2622 5124 2665 5177 Ο
2718 5127 2810 5194 qui
2836 5122 2947 5178 oin.
2975 5122 2983 5124 “
3011 5122 3125 5193 seq.
3179 5128 3274 5178 καί
3328 5141 3358 5178 a
3401 5122 3705 5178 Sadditum.

483 5201 578 5274 τὴν
612 5203 689 5255 ex.
721 5200 865 5265 8,0,
890 5200 987 5269 τῆς
1010 5201 1087 5251 ὲλ.
1122 5200 1184 5253 C.
1264 5198 1305 5228 ⁸⁸
1336 5198 1515 5265 ἔχουσι
1546 5196 1609 5249 0.

480 5214 578 5269 την
612 5214 689 5255 ελ.
721 5214 865 5265 δνυ,
890 5217 987 5269 της
1010 5214 1087 5251 EA.
1122 5214 1184 5253 ι...
1264 5214 1305 5228 ⁸³⁸³
1336 5214 1515 5265 εχουσι
1546 5214 1609 5249 υ.

1774 5353 2080 5410 VARIORU
2089 5353 2137 5407 Μ
2174 5350 2409 5405 NOTAE.

550 5473 661 5547 (46)
689 5466 756 5529 ’Ἀ
791 5472 1117 5547 κεκτῄμεᾷα
1145 5470 1413 5547 πλείονα,
1437 5478 1539 5547 ete.
1578 5468 1899 5547 Durjyscule
1923 5478 2050 5522 sunt
2156 5466 2449 5547 verborum
2479 5466 2707 5517 istorum
2987 5451 3105 5510 Nili
3128 5459 3571 5547 juniorishgiltatn
3589 5455 3700 5547 ,1ξὲ-

477 5527 598 5600 haec
620 5527 887 5598 adversus
918 5527 1134 5595 divitias
1177 5541 1321 5594 dicta
1365 5527 1558 5594 {unde
1601 5557 1632 5594 a
1678 5538 2046 5600 Metaphraste
2156 5552 2259 5590 ma:
2282 5534 2543 5590 edendam
2577 5533 2787 5586 curavit
2813 5531 3097 5585 Matthzens
3131 5527 3497 5600 taryophilUs
3517 5543 3565 5597 p.
3586 5527 3700 5600 142,

477 5598 799 5670 molliuntur
847 5609 1082 5675 Epitome
1111 5625 1230 5679 cap.
1268 5610 1389 5663 127.
1437 5610 1594 5665 Certe
1633 5610 1772 5679 apud
1809 5598 2043 5678 Epipha-
2149 5608 2252 5661 hoc
2270 5602 2949 5679 ῃθοιιιξῆίριθετε,ἀδελφοὶ,
2966 5600 3147 5679 τοῦτο,
3172 5598 3308 5679 ὁτιή
3334 5598 3439 5679 τῶν
3467 5598 3701 5679 πραγμά-

476 5669 630 5741 hium
664 5683 854 5738 haeresi
883 5669 970 5743 '60,
997 5696 1115 5748 cap.
1146 5669 1231 5744 l7,
1264 5679 1501 5735 Ebionzei
1520 5669 1822 5750 gloriantur
1841 5669 1899 5733 se
1912 5669 2037 5733 esse
2146 5694 2252 5729 των
2272 5669 2623 5750 όπωσδήτξοτε
2653 5672 2923 5743 στέρησις,
2955 5669 3366 5741 ἁμαρτημάτων
3390 5670 3530 5722 ἐστὶν
3556 5669 3701 5737 ’ἀφαί-

482 5767 547 5806 ac
567 5754 747 5807 vocari
768 5752 1027 5821 πτωχούς.
1060 5747 1241 5806 Inveni
1266 5760 1443 5807 autem
1465 5747 1786 5821 usurpatum
1824 5765 2033 5805 comma
2153 5765 2319 5814 ρεσις.
2357 5747 2489 5800 Cor.
