3860 6210
176 310 275 367 565

1291 310 1744 368 CLEMENTINA.
1776 348 1843 358 ε-
1880 317 2159 372 HOMILIA
2201 320 2333 375 XVI.

3292 336 3394 389 366

175 426 381 500 ἐτέρους
415 425 471 479 δὲ
514 426 653 496 μήτε
698 424 876 492 λέγειν
894 424 937 456 ⁸⁸
980 425 1115 496 μήτε
1157 425 1397 495 νομίζειν
1422 466 1435 489 ,
1467 428 1561 479 καὶ
1592 428 1670 479 ὅτι
1701 428 1715 478 ἐ

1835 445 1968 483 vero
1988 447 2087 487 nec
2125 432 2231 486 dici
2263 449 2362 489 nec
2384 437 2708 503 existimari,
2740 441 3013 499 hominem
3048 458 3224 501 autem
3246 489 3263 513 ,
3298 452 3391 518 qui

175 522 316 597 παρὰ
337 520 491 575 τοῦτο
521 519 690 573 ποιῶν
728 518 961 580 αἰωνίως
1002 518 1116 587 ἔχει
1148 518 1514 588 κολασθῆναι,
1544 520 1618 582 ὡς
1649 521 1729 581 εἰς

173 613 325 669 αὐτὸν
355 614 446 666 τὸν
468 612 575 666 τῶν
607 613 742 666 ὅλων
782 612 1048 683 δεσπότην
1073 610 1347 681 ἀσεϐήσας
1370 610 1440 664 τὰ
1475 611 1725 681 μέγιστα.

173 707 273 761 Καὶ
293 705 464 760 ταῦτα
486 704 654 758 εἰπὼν
681 704 775 758 καὶ
798 707 910 767 τοῖς
933 705 1037 758 ὑπὸ
1059 703 1245 758 παθῶν
1270 705 1427 774 όχλου
1434 705 1614 775 μένοις
1634 706 1728 758 καὶ

170 797 367 850 νοσοῦσι
389 800 482 851 καὶ
503 797 857 867 δαιμονῶσι⁷⁰
881 797 979 860 τὰς
1000 799 1189 866 χεῖρας
1220 795 1431 858 ἐπιθεὶς
1462 796 1555 849 καὶ
1578 796 1729 859 εὐξά-

173 906 319 958 μενος
353 889 449 942 καὶ
495 890 785 961 ἰασάμενος
816 890 1052 943 ἀπέλυσε
1079 890 1206 953 τοὺς
1234 889 1442 961 ὄχλους.
1486 892 1596 944 Καὶ
1629 888 1726 944 εἷθ’

168 978 326 1043 οὕτως
364 980 551 1035 εἰσιὼν
583 981 690 1034 τῶν
724 981 1188 1053 συνηθεστέρωντί
1222 983 1368 1038 ἁλῶν
1410 986 1728 1055 μεταλαϐὼν

168 1068 419 1127 ὕπνωσεν.

647 1256 812 1328 316
858 1258 1115 1311 'OMIAIA
1152 1258 1265 1325 ιφ.

229 1363 267 1417 Ι.
308 1364 545 1437 Ὀρθρου
572 1366 629 1419 δὲ
654 1366 811 1433 ἐξιὼν
836 1370 865 1420 6
897 1368 1102 1440 Πέτρος
1124 1370 1217 1422 καὶ
1249 1369 1476 1435 ἐπιστὰς
1500 1372 1591 1425 ἐπὶ
1634 1373 1723 1426 τὸν

166 1454 353 1526 συνήθη
378 1456 473 1509 τοῦ
496 1458 836 1527 διαλέγεσθαι
863 1460 1025 1512 τόπον
1050 1461 1206 1531 ὄχλον
1226 1463 1391 1515 πολὺν
1415 1465 1723 1518 συνεστῶτα

164 1546 289 1601 εἷδεν
306 1549 370 1603 τ’.
393 1551 504 1603 Καὶ
532 1551 748 1622 ἆμαοτῷ
771 1551 983 1621 μέλλειν
1005 1552 1347 1621 διαλέγεσθαι
1369 1554 1529 1608 αὑτὸν
1551 1556 1722 1627 εἰσῄει

163 1656 237 1703 τις
261 1640 365 1693 τῶν
404 1641 572 1695 αὑτοῦ
615 1642 873 1695 διακόνων
900 1643 1070 1711 λέγων
1095 1662 1108 1674 ·
1153 1645 1334 1715 Σίμων
1373 1647 1481 1699 ἀπὸ
1517 1648 1721 1700 Ἀντιο-

162 1732 301 1801 χείας
348 1733 626 1804 ἐληλυθὼς
665 1737 749 1788 ἐπ’
767 1735 815 1766 ’⁷³
845 1736 1017 1806 αὐτῆς
1050 1739 1312 1809 ἑσπέρας,
1351 1739 1538 1810 μαθὼν
1586 1742 1721 1795 ὑπο-

1832 534 1988 573 secus
2038 520 2261 589 fecerit,
2292 536 2554 595 perpetuo
2586 533 2857 601 supplicio
2905 537 3246 593 multandum
3270 582 3286 606 ,
3332 553 3392 595 ut

1830 612 1924 679 qui
1966 612 2019 665 in
2057 612 2232 682 ipsum
2266 618 2645 676 universorum
2679 624 2967 682 Dominum
3016 632 3253 686 maxime
3284 634 3388 686 im-

1829 703 1952 771 pius
1997 707 2283 761 exstiterit.
2328 708 2504 780 Atque
2547 712 2635 769 his
2675 716 2872 782 dictis,
2923 736 3159 790 cumque
3207 725 3391 795 aliqua

1830 796 2178 864 perpessione
2200 798 2489 867 infestatis,
2517 808 2907 873 mgrotantibus
2956 820 3010 865 et
3036 812 3393 872 daemoniacis

1831 884 2183 954 imposuisset
2217 905 2433 956 manus,
2465 893 2591 949 item
2626 908 2877 965 precatus
2906 911 3051 957 esset
3076 919 3140 959 ac
3167 920 3262 961 eos
3296 923 3394 962 cu-

1832 985 2042 1039 rasset,
2074 978 2282 1035 dimisit
2330 985 2609 1052 populum.
2648 986 2711 1042 Et
2739 1001 2923 1058 postea
2969 994 3040 1047 ita
3087 995 3391 1066 ingressus,

1830 1070 1991 1124 solito
2020 1071 2314 1128 admodum
2350 1076 2473 1131 cibo
2505 1090 2790 1150 percepto,
2816 1099 2874 1139 se
2896 1101 3089 1141 somno
3113 1089 3282 1142 dedit.

2374 1257 2655 1315 HOMILIA
2693 1262 2832 1319 XVI.

1898 1364 1937 1420 l.
1979 1366 2135 1422 Mane
2164 1384 2293 1422 vero
2322 1387 2574 1438 egressus
2608 1373 2829 1440 Petrus,
2864 1394 2986 1433 cum
3034 1383 3273 1438 venisset
3321 1388 3390 1440 ad

1827 1456 2029 1521 locum,
2056 1458 2110 1512 in
2135 1474 2245 1528 quo
2268 1460 2534 1517 disserere
2564 1464 2789 1530 solebat,
2811 1467 3079 1539 ingentem
3106 1472 3390 1528 hominum

1827 1550 2228 1605 multitudinem
2276 1555 2597 1609 convenisse
2636 1557 2791 1612 vidit.
2843 1559 2912 1613 Et
2959 1561 3122 1617 simul
3166 1581 3231 1622 ac
3275 1567 3391 1636 ipse

1820 1639 1933 1708 jam
1966 1653 2113 1696 esset
2143 1643 2426 1699 locuturus
2449 1687 2463 1711 ,
2496 1646 2739 1702 introivit
2768 1651 2987 1730 quidam
3014 1669 3081 1708 ex
3122 1656 3242 1725 ejus
3271 1659 3391 1714 dia—

1824 1733 1999 1794 conis,
2035 1734 2265 1789 dicens:
2303 1734 2525 1803 Simon,
2576 1740 2669 1808 qui
2706 1742 2774 1794 ab
2803 1742 3094 1800 Antiochia
3135 1747 3254 1817 ipsa
3291 1767 3388 1805 ve-

161 1824 408 1895 σχόμενόν
458 1844 518 1879 σε
549 1827 642 1880 τὸν
677 1828 806 1899 περὶ
840 1831 1136 1900 μοναρχίας
1176 1832 1442 1884 ποιεῖσθαι
1482 1832 1634 1901 λόγον
1654 1834 1715 1897 ⁷⁸,

1825 1838 1982 1893 spera
2014 1826 2199 1889 venit,
2232 1829 2461 1883 audiens
2514 1840 2565 1885 te
2613 1834 2931 1901 promisisse
2969 1838 3036 1892 de
3072 1843 3389 1899 monarchia

160 1914 361 1987 ἕτοιμός
400 1920 517 1972 ἐστι
570 1920 707 1989 μετά
755 1937 819 1988 γε
838 1920 885 1952 ⁷⁸
930 1921 1292 1994 Ἀθηνοδώρου
1337 1924 1430 1977 τοῦ
1471 1926 1722 1980 Ἐπικου-

164 2008 296 2078 ρείου
330 2009 701 2081 διαλεγομένῳ
741 2029 822 2063 σοι
863 2010 1126 2075 ἐπελθεῖν,
1161 2013 1296 2083 πρὸς
1328 2015 1388 2067 τὸ
1425 2017 1723 2085 ἀντιλέγειν

1826 1929 1920 1968 seu
1954 1917 2260 1987 principatu
2296 1920 2457 1974 unius
2482 1922 2642 1977 verba
2673 1940 2794 1979 esse
2825 1924 3097 1983 facturum
3122 1970 3137 1995 ,
3165 1943 3388 2002 paratus

1825 2017 1909 2062 est
1943 2025 2052 2064 una
2088 2027 2211 2066 cum
2268 2015 2622 2072 Athenodoro
2650 2019 2923 2089 Epicureo
2964 2025 3059 2079 tibi
3099 2027 3388 2085 disserenti

159 2100 378 2173 δημοσίᾳ
402 2105 538 2155 πᾶσι
570 2106 683 2166 τοῖς
704 2103 809 2156 ὑπὸ
835 2104 927 2156 σοῦ
952 2104 1234 2158 όπώσποτε
1262 2108 1402 2176 ὑπὲρ
1429 2111 1715 2181 μοναρχίας

1826 2099 2171 2170 intervenire,
2208 2116 2265 2159 ut
2307 2108 2485 2175 palam
2536 2110 2813 2182 impugnet
2841 2118 3023 2171 omnia
3047 2135 3389 2192 quaecunque

159 2190 461 2264 λεγομένοις
510 2194 710 2263 λόγοις.
764 2194 947 2249 Ταῦτα
997 2197 1091 2249 τοὺ
1142 2198 1387 2252 διακόνου
1436 2200 1720 2269 λέγοντος,

161 2285 257 2337 ἰδοὺ
302 2286 466 2350 αὑτὸς
500 2287 671 2358 εἰσῄει
705 2286 884 2357 Σίμων
925 2290 1061 2358 μετὰ
1109 2289 1469 2362 Ἀθηνοδώρου
1498 2294 1591 2346 καὶ
1624 2294 1720 2347 ἄλ-

156 2376 251 2430 λων
301 2378 466 2433 τινῶν
527 2380 635 2433 τῶν
688 2380 1002 2451 έταίρωντθ,
1061 2382 1156 2434 καὶ
1210 2383 1316 2453 πρὸ
1367 2383 1460 2436 τοῦ
1515 2402 1565 2436 τι
1627 2387 1721 2439 τὸν

156 2469 346 2542 Πέτρον
374 2470 710 2541 φθέγξασθαι
742 2474 905 2537 αὐτὸς
935 2473 1218 2544 προλαϐὼν
1250 2473 1383 2545 ἔφη·

218 2644 277 2701 Π.
321 2646 569 2718 Ἔμαθον
608 2648 682 2713 ὡς
707 2650 947 2721 ὑπέσχου
976 2650 1192 2720 ἐχθὲς-’⁷
1230 2652 1308 2723 τῷ
1339 2654 1565 2725 Φαύστῳ
1590 2696 1604 2719 ,
1639 2658 1720 2722 είς

155 2735 241 2807 τὴν
275 2740 513 2811 σήμερον
551 2739 721 2805 δεῖξαι
754 2744 819 2812 τῇ
856 2741 1006 2806 τάξει
1039 2743 1128 2795 τὸν
1171 2743 1327 2812 λόγον
1361 2746 1679 2817 ποιούμενος
1701 2788 1716 2811 ,

158 2830 238 2882 καὶ
267 2832 360 2884 ἀπ’
391 2832 559 2886 αὐτοῦ
594 2834 891 2904 ἀρχόμενος
918 2833 1014 2887 τοῦ
1037 2836 1145 2889 τῶν
1177 2836 1311 2889 ὅλων
1332 2836 1615 2901 δεσπότου,
1637 2840 1717 2891 ὅτι

156 2921 303 2975 αὑτὸν
336 2923 499 2993 μόνον
525 2924 606 2977 δεῖ
626 2924 803 2994 λέγειν
834 2926 966 2979 Θεὸν
980 2927 1045 2992 ⁷⁸,
1067 2928 1261 2993 ἄλλους
1291 2930 1346 2983 δὲ
1374 2934 1511 3002 μήτε
1536 2934 1717 3002 λέγειν

158 3013 278 3084 μήτε
308 3015 554 3085 νομίζειν
577 3056 592 3079 ,
640 3018 719 3070 ὅτι
742 3016 769 3068 ὁ
797 3018 948 3107 παρὰ
976 3019 1133 3073 τοῦτο
1171 3022 1339 3075 ποιῶν
1363 3024 1593 3087 αἰωνίως
1625 3043 1717 3078 κο-

153 3101 400 3173 λασθῆναι
435 3106 572 3177 ἔχει.
602 3108 715 3179 Πρὸ
743 3101 959 3164 πάντων
984 3111 1041 3164 δὲ
1081 3112 1294 3182 ἀληθῶς
1327 3116 1715 3187 καταπέπληγ-

1822 2207 1921 2261 pro
1964 2197 2284 2252 monarchia
2331 2214 2361 2252 a
2410 2210 2461 2255 te
2498 2204 2994 2277 quomodoeunque
3041 2210 3388 2279 proferentur

1822 2283 2006 2337 verba.
2042 2283 2166 2341 Haec
2198 2288 2411 2344 dicente
2449 2292 2683 2347 diacono
2722 2310 2849 2351 ecce
2879 2298 3160 2369 ingressus
3186 2312 3270 2358 est
3300 2304 3386 2359 Si-

1824 2389 1949 2428 mon
1976 2391 2099 2430 cum
2127 2378 2481 2435 Athenodoro
2502 2384 2733 2454 aliisque
2763 2389 3041 2444 nonnullis
3069 2392 3381 2449 sodalibus:

1820 2474 1907 2529 et,
1942 2476 2066 2521 ante
2094 2484 2256 2538 quam
2292 2470 2483 2528 Petrus
2516 2475 2719 2545 aliquid
2771 2479 3063 2545 proferret,
3096 2483 3210 2551 ipse
3237 2487 3382 2540 anti-

1820 2557 2009 2627 oipans
2038 2560 2114 2614 ait
2143 2577 2155 2612 :

1896 2651 1959 2705 ll.
2000 2652 2274 2723 Comperi,
2310 2666 2360 2710 te
2389 2657 2501 2712 heri
2530 2656 2729 2715 Fausto
2750 2662 3049 2731 pollicitum
3077 2682 3219 2733 esse,
3237 2673 3381 2739 quod

1821 2742 1983 2797 hodie
2023 2744 2211 2800 habito
2261 2762 2512 2804 sermone
2539 2752 2731 2806 ordine
2760 2770 2911 2811 esses
2939 2766 3294 2828 ostensurus,
3330 2772 3385 2818 et

1819 2830 2126 2901 incipiendo
2155 2835 2225 2889 ab
2251 2836 2369 2906 ipso
2394 2840 2771 2896 universorum
2796 2845 3036 2913 domino,
3056 2864 3181 2905 eum
3207 2854 3383 2908 solum

1818 2922 2106 2980 dicendum
2138 2942 2260 2983 esse
2294 2928 2463 2984 Deum
2485 2973 2498 2993 ,
2546 2933 2686 2989 alios
2715 2950 2843 2991 vero
2892 2954 3067 3011 neque
3100 2942 3379 3013 dicendos,

1820 3029 1997 3084 neque
2031 3018 2454 3088 existimandos,
2487 3025 2781 3091 quoniam,
2824 3030 2919 3098 qui
2971 3047 3129 3089 secus
3158 3033 3379 3102 fecerit,

1819 3117 2081 3176 perpetuo
2111 3112 2377 3181 supplicio
2411 3118 2748 3172 multabitur.
2798 3122 2939 3176 Ante
2984 3127 3168 3182 omnia
3199 3140 3381 3185 autem

158 3195 244 3262 μαί
282 3213 376 3249 σου
416 3199 523 3270 τὴν
567 3200 826 3254 ἀπόνοιαν
847 3202 930 3265 ⁷⁹,
964 3203 1045 3255 ὅτι
1080 3203 1312 3273 ῆλπισας
1354 3207 1435 3268 εἰς
1476 3206 1576 3278 τὴν
1618 3208 1715 3279 σὴν

1822 3215 1944 3253 vere
1964 3202 2276 3257 vecordiam
2306 3213 2453 3259 tuam
2484 3207 2783 3267 demiratus
2818 3228 2940 3268 sum
2966 3256 2980 3280 ,
3004 3219 3150 3286 quod
3187 3236 3381 3290 spera-

157 3284 391 3356 βοὺλησιν
420 3293 746 3358 μεταπεῖσαι
806 3292 973 3363 ἄνδρα
1012 3294 1204 3363 σοφὸν,
1239 3297 1335 3349 καὶ
1364 3296 1534 3350 ταῦτα
1579 3318 1715 3370 πρε-

158 3379 358 3452 σϐύτην.
408 3382 560 3435 Ἀλλ*
598 3384 697 3437 οὑκ
721 3385 980 3459 ἐπιτεύξῃ
1017 3386 1124 3439 τῶν
1165 3387 1273 3439 σῶν
1317 3387 1712 3460 βουλευμάτων,

154 3470 307 3544 ταύτῃ
334 3473 558 3543 μᾶλλον,
584 3476 850 3547 παρόντος
874 3478 1027 3547 ἐμοῦ,
1057 3478 1152 3530 καὶ
1182 3479 1310 3542 τοὺς
1324 3479 1484 3550 317
1503 3480 1716 3549 ψευδεῖς

156 3577 236 3615 σου
256 3563 620 3636 διελέγχοντος
646 3567 857 3636 λόγους.
878 3568 1035 3633 Ἴσως
1055 3569 1163 3642 γὰρ
1192 3571 1324 3641 ἐμοῦ
1348 3565 1427 3643 ’μὴ
1450 3574 1715 3646 παρόντος

155 3655 391 3729 ἠπατήθη
427 3659 501 3712 ἂν
536 3660 565 3711 6
597 3660 757 3728 σοφὸς
793 3661 1003 3732 γέρων,
1043 3661 1257 3732 ἰδιώτης
1301 3662 1375 3717 ὢν
1420 3664 1530 3718 τῶν
1565 3667 1715 3737 παρὰ

168 3746 423 3814 Ἰουδαίοις
470 3752 709 3823 δημοσίᾳ
738 3755 1249 3825 πεπιττευμένωνθσ
1269 3756 1485 3826 βίϐλων.
1511 3760 1621 3812 Καὶ
1651 3760 1713 3812 τὸ

155 3839 235 3892 νῦν
258 3844 380 3905 τοὺς
409 3842 641 3906 πολλοὺς
665 3845 1039 3915 ὑπερθήσομαι
1066 3846 1289 3915 λόγους,
1321 3848 1409 3902 ἵνα
1443 3849 1544 3919 τῆς
1580 3851 1713 3903 ὑπο-

158 3931 369 4001 σχέσεώς
401 3952 498 3989 σου
538 3934 725 4026 τῂίιον
753 3936 845 3989 τὸν
881 3937 1098 4008 ἔλεγχον
1143 3944 1474 4010 ποιήσωμαι.
1505 3942 1597 4021 Διὸ
1624 3945 1710 4011 ἐφ’

154 4023 295 4093 ἡμῶν
309 4027 489 4079 αὑτῶν
514 4023 622 4090 τὰς
642 4028 865 4098 Γραφὰς
893 4030 1109 4082 εἰδότων
1128 4069 1142 4093 ,
1178 4030 1206 4082 ὃ
1234 4030 1470 4101 ὑπέσχου
1510 4032 1707 4102 λέγειν,

155 4114 314 4186 ἄρξαι.
349 4119 412 4172 Εἰ
437 4120 496 4173 δὲ
523 4120 616 4172 τὸν
646 4119 867 4190 ἔλεγχον
894 4121 1211 4192 αἰδούμενος
1240 4126 1324 4192 ἐφ’
1358 4125 1511 4195 ἡμῶν
1533 4128 1709 4179 αὐτῶν

153 4206 288 4275 τήν⁸¹
325 4210 621 4280 ὑπόσχεσιν
664 4211 994 4283 παραλιπεῖν
1029 4214 1236 4278 θέλεις,
1285 4215 1567 4287 αὑτάρκης
1614 4219 1708 4270 καὶ

154 4297 357 4372 αὖτωςή
388 4300 668 4367 ἀπόδειξις
698 4304 780 4355 ὃτι
809 4302 979 4374 ψεύδῃ
998 4303 1065 4367 ⁸³,
1096 4305 1219 4358 καθ’
1248 4306 1330 4358 ὅτι
1360 4308 1451 4359 ἐπὶ
1478 4307 1587 4361 τῶν
1611 4308 1709 4371 τὰς

155 4389 351 4461 Γραφὰς
383 4395 605 4448 εἰδότων
630 4396 801 4448 εἰπεῖν
833 4395 934 4448 οὑκ
960 4396 1282 4467 ἐτόλμησας.
1311 4400 1419 4452 Καὶ
1443 4398 1536 4451 νῦν
1567 4400 1624 4452 δὲ
1655 4401 1708 4451 τί

157 4495 205 4532 σε
252 4484 500 4555 ἀναμένω
550 4486 747 4555 λέγειν,
807 4488 1058 4557 μέγιστον
1111 4488 1250 4587 ἔχων
1300 4489 1553 4560 μάρτυρα
1604 4490 1705 4587 τῆς
1737 4534 1779 4587 D

155 4572 472 4645 bmqéastb;
509 4595 602 4631 σου
634 4577 725 4630 τὸν
758 4579 1082 4649 παρεστῶτα
1111 4578 1365 4651 γέροντα;
1397 4583 1506 4635 Καὶ
1534 4582 1704 4634 ταῦτα

154 4664 297 4719 εἰπὼν
329 4669 605 4740 ἐμϐλέψας
633 4668 712 4739 τῷ
744 4672 912 4741 πατρὶ
956 4670 1091 4741 ἔφη·
1136 4672 1272 4724 Εἰπέ
1324 4690 1449 4743 μοι,
1495 4674 1703 4744 ἀνδρῶν

156 4755 344 4810 πάντων
374 4758 672 4831 τιμιώτατε
694 4801 708 4823 ,
755 4760 873 4830 οὑχὶ
895 4756 1048 4824 οὗτος
1082 4763 1110 4813 6
1138 4763 1278 4833 ἀνὴρ
1321 4764 1587 4833 ὑπέσχετό
1620 4783 1701 4818 σοι

154 4844 298 4913 δεῖξαι
330 4852 589 4922 σήμερον,
620 4854 700 4905 ὅτι
740 4846 819 4914 εἷς
852 4854 967 4904 ἐστί
994 4852 1125 4915 Θεὸς
1161 4855 1254 4906 καὶ
1285 4855 1345 4907 οὑ
1379 4856 1484 4926 χρὴ
1519 4856 1703 4927 ἕτερόν

152 4953 256 4992 τινα
298 4942 481 5011 λέγειν
529 4943 561 5014 ἢ
608 4944 845 5015 νομίζειν
899 4944 1035 4996 Θεὸν
1052 4944 1118 5007 ⁸³,
1166 4947 1193 4996 6
1224 4946 1279 4998 δέ
1327 4946 1476 5034 παρὰ
1530 4948 1702 5002 ταῦτα

154 5031 315 5096 ποιῶν,
341 5034 417 5098 ὡς
440 5034 510 5088 τὰ
544 5035 774 5105 μέγιστα
804 5036 1153 5106 ἁμαρτάνων,
1176 5031 1406 5103 αἰωνίως
1441 5040 1696 5112 κολασθῆ-

154 5135 224 5171 vat
248 5121 385 5193 ἔχεις
415 5126 492 5179 ’Ἡ
511 5125 618 5197 γὰρ
646 5126 745 5179 οὑκ
779 5127 1048 5200 ἀποκρίνῃ
1080 5146 1168 5197 μοι
1192 5128 1232 5159 ⁸³
1262 5146 1275 5191 ;

212 5210 288 5267 Ill.
322 5217 427 5271 Καὶ
457 5220 486 5272 6
518 5219 698 5291 πατὴρ
739 5218 873 5290 ἔφη’
908 5218 1103 5283 Καλῶς
1149 5220 1214 5273 ἂν
1254 5222 1351 5292 τὴν
1391 5225 1695 5296 μαρτυρίαν

1817 3292 1960 3344 veris
1988 3301 2040 3347 te
2067 3309 2226 3362 posse
2268 3296 2322 3349 in
2362 3306 2509 3351 tuam
2541 3303 2865 3357 sententiam
2896 3306 3165 3363 adducere
3202 3313 3380 3368 virum

1817 3383 2135 3450 sapientem,
2168 3389 2233 3441 ad
2265 3388 2378 3443 inec
2408 3406 2616 3446 senem.
2650 3395 2720 3448 At
2754 3411 2876 3465 quae
2908 3399 2991 3453 vis
3025 3414 3134 3454 non
3165 3404 3380 3460 obtine-

1815 3475 1921 3540 bis,
1954 3492 2039 3532 me
2072 3480 2418 3547 potissimum
2451 3496 2712 3551 praesente
2743 3496 2977 3559 tuosque
3018 3492 3380 3565 redarguente

1817 3567 1984 3622 falsos
2016 3585 2319 3630 sermones.
2360 3576 2522 3633 Forte
2550 3580 2694 3633 enim
2727 3582 2949 3637 absente
2989 3600 3075 3640 me
3120 3588 3379 3659 deceptus

1816 3658 2008 3715 fuisset
2036 3665 2254 3733 sapiens
2301 3684 2497 3735 senex,
2532 3685 2655 3725 cum
2696 3672 2981 3742 imperitus
3012 3677 3083 3731 sit
3110 3658 3377 3736 librorum

1814 3752 1907 3820 qui
1956 3751 2161 3809 Jud-.eis
2208 3758 2386 3825 palam
2438 3770 2565 3816 sunt
2614 3764 2820 3818 traditi.
2874 3765 2941 3820 Et.
2992 3783 3136 3823 nunc
3191 3772 3377 3828 multis

1812 3845 1992 3901 verbis
2038 3851 2403 3917 superscdebo
2430 3893 2443 3919 ,
2484 3862 2543 3908 ut
2577 3856 2737 3911 citius
2768 3860 3187 3926 promissionem
3225 3871 3376 3919 tuam

1813 3934 2110 3993 Confutem.
2142 3940 2407 4006 Quocirca
2437 3959 2623 4000 coram
2651 3948 2809 4004 nobis
2842 3948 3248 4020 Scripturarum
3278 3970 3375 4024 pe—

1812 4028 1932 4083 ritis
1958 4030 2102 4098 quod
2132 4034 2405 4100 pollicitus
2430 4051 2489 4091 es
2520 4037 2695 4108 incipe
2722 4040 2920 4096 dicere.
2947 4042 3042 4098 Sin
3072 4058 3254 4100 autem
3283 4061 3375 4102 re-

1811 4119 2228 4185 prehensionem
2261 4126 2466 4180 veritus
2496 4143 2679 4182 coram
2726 4132 2885 4187 nobis
2913 4134 2996 4188 vis
3040 4136 3375 4204 promissum

1810 4212 2060 4268 omittere
2084 4253 2099 4278 ,
2151 4218 2313 4269 etiam
2353 4220 2433 4273 sic
2463 4221 2735 4277 sufﬁciens
2778 4225 2883 4279 erit
2917 4226 3185 4295 probatio,
3226 4232 3374 4299 quod

1810 4301 1989 4370 fallas,
2010 4308 2449 4377 quandoquidem
2499 4326 2685 4365 coram
2720 4313 3035 4373 hominibus
3063 4318 3377 4388 Scripturas

1808 4396 2131 4452 callentibus
2161 4414 2267 4452 non
2310 4415 2480 4455 ausus
2510 4403 2588 4457 sis
2622 4404 2790 4474 loqui.
2843 4405 2909 4460 Et
2957 4424 3082 4463 vero
3121 4410 3234 4477 jam
3270 4428 3377 4467 cur

1808 4496 2067 4556 exspecto
2089 4497 2147 4543 ut
2169 4489 2340 4557 dicas,
2370 4495 2465 4561 qui
2496 4494 2795 4550 maximum
2827 4498 3000 4552 habeo
3028 4509 3219 4555 testem
3247 4504 3369 4571 poi?—

1806 4577 2125 4635 licitationis
2151 4588 2255 4635 tuae
2281 4593 2549 4637 astantem
2583 4588 2805 4641 senem?
2826 4588 2891 4642 Et
2917 4598 3040 4659 post
3069 4592 3183 4646 haec
3204 4595 3371 4651 verba

1804 4677 2011 4736 patrem
2036 4671 2288 4737 intuitus,
2315 4674 2390 4727 ait
2421 4692 2433 4728 :
2465 4674 2559 4729 Die
2582 4677 2733 4743 mihi,
2761 4680 3001 4735 virorum
3032 4686 3369 4752 praestantis.-

1805 4760 1977 4825 sime,
2004 4778 2185 4816 nonne
2227 4763 2328 4818 iste
2359 4767 2523 4820 homo
2562 4769 2656 4821 tibi
2688 4771 2961 4838 pollicitus
2989 4784 3072 4829 est
3114 4786 3367 4834 ostensu-

1802 4867 1921 4905 rum
1950 4869 2007 4908 se
2035 4854 2192 4909 hodie
2213 4873 2380 4910 unum
2415 4858 2581 4913 Deum
2606 4877 2744 4925 esse,
2764 4880 2862 4917 nec
2890 4866 3054 4919 alium
3080 4868 3373 4926 dicendum

1803 4953 1896 4997 aut
1926 4946 2231 5001 habendum
2265 4948 2431 5003 Deum
2454 4992 2466 5013 ,
2498 4951 2647 5005 illum
2682 4964 2885 5022 autem,
2916 4960 3008 5027 qui
3041 4976 3201 5018 secus
3225 4964 3367 5019 fecr-

1803 5037 1893 5100 rit,
1914 5049 2166 5108 tanquam
2198 5051 2534 5108 peccatorem
2559 5045 2853 5100 maximum
2878 5060 3140 5120 perpetuo
3168 5057 3369 5125 suppli-

1805 5130 1891 5182 cio
1911 5131 2251 5186 multandum
2275 5135 2431 5187 esse?
2451 5134 2529 5187 An
2561 5137 2706 5191 enim
2741 5155 2846 5193 non
2869 5144 3164 5212 respondes
3191 5149 3365 5202 mihi?

1876 5219 1961 5275 lll.
2008 5221 2302 5291 Respondit
2345 5235 2499 5294 pater
2534 5247 2546 5280 :
2584 5229 2746 5285 ﬂecte
2791 5247 2821 5285 a
2865 5248 2952 5287 me
2989 5236 3362 5293 testimonium

1436 5364 1664 5418 VARUE
1702 5364 2106 5423 LECTIONES.

214 5443 252 5474 "
281 5445 512 5516 λέλέγειν
548 5451 671 5521 (sic)
694 5451 757 5506 Ο.
835 5453 880 5485 ⁷ο
912 5453 1229 5524 δαιμονιῶσι
1267 5457 1327 5511 C.
1402 5459 1445 5489 τι
1485 5459 1724 5581 συνθθων
1758 5461 1846 5519 Ον.
1893 5462 2035 5529 quod
2063 5470 2297 5529 praestat.

217 5514 508 5581 ,ἀπ’(ἒ,0.
611 5522 657 5551 ⁷⁸
688 5523 861 5581 λέγων
904 5522 967 5577 0.
1097 5526 1144 5555 ⁷⁸
1174 5542 1235 5581 γε
1290 5542 1399 5580 om.
1456 5528 1518 5581 Ο.
1616 5546 1703 5581 um
1770 5529 2133 5581 διαλεγομένω
2166 5532 2209 5581 0
2278 5549 2297 5581 (“

158 5509 229 5584 D,
254 5514 339 5567 ἀπ’
359 5509 508 5584 οζο.

611 5522 657 5551 ⁷⁵
688 5523 861 5591 λέγων
904 5522 967 5577 0.
1009 5522 1015 5524 V
1097 5526 1144 5555 ⁷⁸
1174 5542 1235 5590 γε

155 5580 357 5654 ἑταίρων
388 5580 498 5641 om.
530 5588 592 5644 Ο.

687 5592 731 5623 ττ
769 5593 894 5663 χθές
926 5592 988 5663 o.

1290 5542 1399 5580 om.
1456 5528 1518 5581 Ο.

2400 5468 2446 5532 "_‘
2473 5466 2547 5519 Ita
2574 5465 2619 5521 0
2680 5483 2727 5521 e.
2770 5468 2809 5521 S
2838 5510 2853 5532 ,
2894 5470 2999 5523 ἴδεν
3030 5473 3091 5527 C.
3198 5477 3243 5507 ⁷³
3270 5478 3358 5527 ἐπ’

1616 5546 1703 5582 um
1770 5528 2209 5608 διαλεγομένῳ-Ο
2277 5549 2327 5608 _c.
2386 5528 2551 5608 Epit,
2607 5528 2985 5608 διαλεγομένου
3044 5544 3103 5597 C.
3173 5546 3218 5576 ⁷⁸
3249 5546 3357 5600 τῶν

1080 5595 1125 5625 ⁷⁸
1162 5587 1291 5670 Θεᾷν
1319 5598 1498 5670 addidi
1541 5616 1662 5670 cuin
1691 5600 1734 5654 Ο
1781 5611 1834 5653 et
1861 5587 2006 5670 Ep'it'.

158 5654 419 5739 gzuipixuiv
526 5700 540 5721 ,
564 5663 665 5739 _qui
701 5654 894 5739 deinde
920 5662 987 5715 τὰ
1020 5662 1133 5739 νὺν.
1210 5666 1271 5739 ξ’-
1292 5669 1389 5739 σήν
1416 5668 1473 5739 Cl
1526 5678 1577 5722 et
1605 5668 1643 5721 S
1698 5672 1879 5724 invitis
1905 5654 2069 5723 codd.
2147 5672 2191 5702 δ’
2224 5654 2366 5727 ltaO
2413 5690 2461 5725 (ι.
2492 5654 2577 5739 [)’,

157 5717 264 5781 δειςζ
292 5720 423 5793 Epit.
458 5717 622 5801 ψευδῆ
674 5733 743 5786 τὰ
795 5735 1164 5805 ὑπεσχημένα.
1205 5717 1981 5793 (πε-ξ]ιιι-Γιτιυρξ-ὅῗ

3112 5615 3157 5645 3°
3189 5633 3356 5667 πεπι-

2604 5671 2802 5756 ψευδῄς
2834 5671 3005 5756 (ἷξᾳιιί
3042 5683 3187 5751 conj.
3212 5685 3324 5756 deti

2055 5740 2117 5795 Ο.
2195 5743 2239 5773 ⁸³
2270 5744 2301 5815 ἢ
2334 5744 2441 5814 γὰρ
2475 5745 2571 5797 οὐκ
2595 5740 2947 5818 ς’ἀπόιιριναί
2970 5768 3061 5823 μοι
3103 5740 3249 5825 conj:
3289 5755 3356 5810 Ι).

2105 5602 2509 5675 ⁷⁹ῌπρόνοιανρ
2534 5645 2547 5667 ,
2582 5602 2836 5675 ὑπόνοιαν
2862 5605 3005 5675 Epit.
