3860 6210
152 342 249 399 369

1264 336 1794 392 CLEMENTINK.—
1822 296 2109 393 nonius
2137 336 2275 391 xw.

3269 345 3370 398 570

151 460 347 514 παίνειν
390 458 483 512 ἐπὶ
514 457 686 529 τούτῳ
715 455 806 510 τὸν
838 453 991 517 Θεὸν,
1026 451 1102 524 τῷ
1130 451 1291 507 αὐτὸν
1317 451 1405 505 διὰ
1434 450 1543 504 τῶν
1570 452 1704 522 Γρα-

1813 449 2003 516 Deum,
2022 452 2277 520 quoniam
2304 451 2419 521 ipse
2442 467 2536 522 per
2552 452 2864 523 Scripturas
2887 469 3014 511 suas
3034 455 3219 525 plures
3241 459 3371 515 deos

150 551 254 620 φῶν
277 551 439 604 αὐτοῦ
472 548 700 612 πολλοὺς
732 548 885 611 Θεοὺς
907 547 975 578 ¹⁰⁰
1009 545 1305 617 εἰρηκέναι.

212 640 292 696 Vl.
330 642 538 695 Αὐτίκα
561 640 691 710 γοῦν
714 641 771 693 ὲν
796 641 861 709 τῇ
887 636 1081 709 πρώτῃ
1103 638 1252 707 φωνῇ
1282 633 1374 687 τοῦ
1395 634 1559 705 νόμου
1586 633 1709 702 φαί-

148 750 280 785 νεται
310 734 399 785 καὶ
424 732 603 802 ἑαυτῷ
627 730 789 800 320
815 729 1011 791 αὐτοὺς
1034 724 1280 799 ὁμοίους¹
1306 726 1497 793 λέγων.
1523 724 1708 789 Οὕτως

146 824 243 896 γὰρ
261 825 589 897 γέγραπται,
624 824 701 886 ὡς
730 824 815 875 ὅτι
841 821 920 892 τῷ
941 819 1143 892 πρώτῳ
1167 816 1458 888 ἀνθρώπῳ,
1491 817 1707 887 ἐντολὴν

146 917 305 986 ἔχοντι
332 915 487 987 παρὰ
514 914 608 968 τοῦ
640 913 797 977 Θεοῦ,
838 912 947 966 ἀπὸ
977 909 1177 973 παντὸς
1218 909 1373 973 ξύλου
1407 906 1501 961 τοῦ
1543 909 1599 961 ὲν
1628 909 1708 979 τῷ

145 1008 438 1079 παραδείσῳ
472 1012 686 1075 φαγεῖν,
701 1005 874 1059 ἀπὸδὲ
886 1004 979 1057 τοῦ
1001 1002 1156 1068 ξύλου
1177 1000 1273 1054 τοῦ
1296 998 1582 1069 γινώσκειν
1603 1017 1705 1053 κα-

145 1097 224 1152 λὸν
252 1100 344 1152 καὶ
371 1098 611 1170 πονηρὸν
646 1099 719 1170 μὴ
752 1099 967 1167 φαγεῖν,
996 1098 1024 1150 6
1054 1095 1180 1164 ὄφις
1209 1094 1297 1148 διὰ
1326 1093 1426 1164 τῆς
1451 1090 1707 1162 γυναικὸς

143 1189 225 1243 ἐπὶ
256 1190 547 1261 ὑποσχέσει
575 1189 671 1243 τοῦ
699 1188 953 1258 γενέσθαι
978 1187 1176 1251 αὐτοὺς
1207 1186 1361 1249 Θεοὺς
1390 1187 1580 1255 φαγεῖν
1610 1186 1708 1238 αὐ-

143 1283 254 1345 τοὺς
283 1282 499 1346 πείσας,
535 1281 833 1351 ἀναϐλέψαι
862 1278 1145 1350 ἐποίησεν·
1194 1278 1290 1332 καὶ
1329 1273 1429 1330 εἷθ’
1475 1276 1649 1340 οὕτως
1678 1277 1707 1330 6

141 1374 259 1436 Θεὸς
280 1375 646 1444 ἀναϐλέψασιν
675 1375 829 1427 αὐτοῖ
836 1390 864 1437 ς
888 1372 989 1442 ἔφη
1006 1389 1019 1402 ·
1057 1370 1213 1427 Ἰδοὺ
1236 1370 1484 1440 γέγονεν
1514 1369 1703 1438 Ἀδὰμ,

141 1463 213 1532 ὡς
235 1466 316 1532 εἷς
345 1466 415 1531 ἐξ
431 1466 454 1498 ³
484 1465 674 1536 ἡμῶν.
717 1465 773 1518 '0
810 1465 907 1535 μὲν
928 1461 1020 1517 οὖν
1056 1462 1178 1532 ὄφις
1212 1461 1410 1516 εἰπών·
1450 1463 1706 1515 Ἔσεσθε

142 1558 211 1622 ὡς
235 1559 370 1621 θεοὶ,
413 1559 492 1623 ὡς
537 1559 705 1612 ὄντων
748 1555 885 1609 θεῶν
930 1554 1165 1627 εἰρηκὼς
1211 1554 1492 1624 φαίνεται·
1535 1552 1704 1621 ταύτῃ

146 1650 325 1720 μᾶλλον
368 1643 446 1722 ᾖ³
488 1649 582 1703 καὶ
623 1648 755 1712 Θεὸς
806 1649 1256 1719 ὲπεμαρτύρησεν
1300 1645 1500 1701 εἰπών·
1551 1645 1704 1700 Ἰδοὺ

142 1742 366 1810 γέγονεν
424 1741 602 1807 Ἀδὰμ
647 1741 727 1806 ὡς
768 1740 855 1804 εἷς
887 1738 994 1803 ἐξδ
1042 1737 1228 1807 ἡμῶν.
1278 1736 1463 1800 Οὕτως
1508 1739 1536 1790 6
1578 1738 1706 1799 τοὺς

144 1830 349 1898 πολλοὺς
376 1833 549 1887 εἰπὼν
581 1834 705 1902 ὄφις
729 1830 868 1885 εἷναι
898 1832 1053 1895 θεοὺς
1085 1830 1184 1883 οὐκ
1216 1830 1498 1899 ἐψεύσατο.
1537 1828 1705 1882 Πάλιν

141 1926 188 1978 δὲ
227 1925 284 1978 τὸ
328 1925 719 1997 γεγράφθαιδ·
770 1924 953 1990 Θεοὺς
999 1925 1072 1978 οὐ
1118 1920 1551 1990 κακολογήσας
1606 1920 1704 1974 καὶ

141 2017 416 2085 ἄρχοντας
443 2018 554 2072 τοῦ
582 2017 735 2071 λαοῦ
768 2032 884 2071 σου
913 2017 983 2070 οὐ
1016 2013 1212 2079 κακῶς
1254 2013 1435 2081 ἐρεῖς,
1479 2012 1704 2075 πολλοὺς

143 2108 375 2178 σημαίνει
406 2108 587 2171 θεοὺς,
616 2107 711 2171 οὓς
742 2108 862 2161 οὐδὲ
891 2105 1303 2175 κακολογεῖσθαι
1334 2102 1495 2158 Θέλειι
1546 2102 1705 2156 Ἀλλὰ

141 2201 222 2253 καὶ
244 2200 422 2281 ἄλλοθί
446 2217 553 2252 που
579 2199 887 2270 γέγραπται
904 2216 918 2229 ·
970 2201 1039 2253 El
1069 2200 1369 2268 ἐτόλμησε
1410 2197 1553 2263 Θεὸς
1578 2197 1702 2251 ἓτε-

135 2308 227 2358 ρος
248 2274 701 2357 εἷᾶελθεῖιι,“άῖαὶ
733 2290 941 2345 λαϐεῖν
972 2290 1162 2356 ἑαυτῷ
1203 2291 1378 2355 ἔθνος
1414 2289 1481 2342 ἐκ
1508 2290 1703 2358 μέσου

138 2383 351 2449 ἔθνους,
393 2384 475 2450 ὡς
518 2382 634 2452 ἐγὼ
677 2385 890 2451 Κύριος
937 2385 970 2435 ό
1004 2384 1167 2448 Θεός.
1214 2381 1346 2452 Tib"
1387 2383 1558 2434 εἰπεῖν
1584 2420 1598 2447 ,
1651 2384 1704 2435 εὶ

139 2474 417 2544 ἐτόλμησε
453 2475 603 2541 Θεὸς
633 2475 849 2542 ἕτερος,
900 2474 976 2538 ὡς
1016 2475 1184 2528 ὄντων
1230 2473 1429 2545 ἑτέρων
1461 2476 1699 2545 εἴρηκεν.

141 2566 234 2619 Καὶ
279 2567 543 2622 ἀλλοτετο
586 2566 716 2621 Θεοὶ
768 2567 825 2621 οἳ
861 2566 969 2621 τὸν
1012 2568 1272 2635 οὐρανὸν
1315 2566 1412 2619 καὶ
1443 2565 1557 2633 τὴν
1586 2565 1704 2635 γῆν

142 2660 235 2711 οὐκ
264 2659 585 2727 ἐποίησαν,
619 2658 1084 2713 ἁπολέσθωσαν·
1122 2658 1198 2721 ὡς
1229 2658 1301 2728 μὴ
1334 2657 1441 2710 τῶν
1471 2674 1701 2729 πεποιη-

142 2750 292 2803 κότων
315 2751 649 2805 ἀπόλλυσθαι
677 2750 973 2822 μελλόντων
992 2750 1033 2803 ⁸.
1077 2751 1187 2803 Kal
1218 2749 1351 2823 ἄλλῃ
1389 2767 1501 2813 που,
1529 2749 1697 2817 λέγει·

144 2844 342 2912 Ἔπεχε
360 2843 618 2910 σεαυτῷ,
635 2843 719 2913 μὴ
740 2841 1047 2911 πορευθεὶς
1065 2828 1403 2909 λατρεύσῇξ
1421 2840 1574 2907 θεοῖς
1588 2841 1705 2894 ἐτέ-

139 2950 260 3000 ροις,
279 2937 363 3001 οἷς
377 2939 490 2990 οὐκ
508 2935 761 3006 ᾔδεισαν
777 2938 831 2989 οἱ
846 2932 1096 3002 πατέρες
1108 2949 1246 2997 σου,
1267 2934 1341 2996 ὡς
1359 2934 1524 2987 ὄντων
1540 2933 1697 3001 321

143 3024 261 3080 Θεῶν
288 3028 510 3099 ἐτέρων,
542 3022 622 3091 οἷς
654 3029 748 3083 καὶ
798 3027 873 3099 μὴ
912 3024 1283 3091 ὲξακολουθείν
1311 3028 1506 3089 αὐτοὺς
1530 3024 1698 3094 λέγει.

143 3118 236 3171 Kal
258 3121 442 3174 πάλινε
483 3122 775 3191 Ὀνόματα
800 3118 948 3177 θεῶν
970 3120 1187 3187 ἐτέρων
1209 3120 1319 3173 οὐκ
1341 3117 1701 3186 ἀναϐήσεται
1730 3158 1771 3216 C

143 3211 227 3264 ἐπὶ
252 3212 363 3267 τῶν
387 3212 642 3282 χειλέων
672 3228 807 3268 σου.
844 3214 955 3266 Kal
1000 3209 1235 3264 ἐνταῦθα
1275 3210 1499 3273 πολλοὺς
1548 3208 1702 3273 θεοὺς

144 3302 288 3372 λέγει,
310 3298 381 3359 ὧν
402 3306 474 3360 τὰ
498 3306 737 3376 ὀνόματα
762 3304 1116 3375 ὀνομάζεσθαι
1137 3304 1198 3357 οὐ
1223 3303 1384 3356 θέλει.
1412 3303 1522 3355 Kal
1541 3302 1703 3355 πάλιν

145 3397 458 3475 γέγραπται·
505 3401 724 3468 Κύριος
758 3402 792 3453 ό
838 3399 981 3464 Θεός
1012 3414 1149 3461 σου,
1192 3397 1368 3461 οὗτος
1408 3395 1550 3461 Θεὸς
1587 3394 1705 3447 τῶν

146 3489 292 3546 θεῶν.
318 3493 426 3545 Kal
464 3493 660 3546 πάλιν·
696 3493 790 3558 Τίς
818 3490 1018 3561 ὅμοιός
1044 3504 1164 3556 σοι,
1193 3489 1389 3556 Κύριε,
1421 3486 1490 3541 ἐν
1516 3487 1705 3552 θεοῖς;

148 3580 240 3634 Kal
258 3583 441 3636 πάλιν·
471 3583 619 3649 Θεὸς
640 3582 788 3637 θεῶν
812 3583 1043 3650 Κύριος.
1094 3581 1204 3633 Kal
1236 3580 1397 3633 πάλιν
1416 3596 1429 3611 °
1467 3578 1528 3632 Ὀ
1564 3579 1705 3645 Θεὸς

147 3671 275 3741 ἔστη
296 3674 361 3727 ἐν
376 3673 703 3744 συναγωγῇ
725 3673 893 3737 θεῶν,
922 3673 991 3727 ἐν
1008 3672 1177 3742 μέσῳ
1205 3671 1273 3725 δὲ
1298 3671 1469 3737 θεοὺς
1494 3672 1707 3740 διακρί-

149 3764 273 3820 νειθ.
299 3768 456 3844 Ὅῧθεν
477 3767 747 3839 Θαυμάζω
768 3766 883 3830 πῶς
906 3764 1176 3818 τοσούτων
1200 3763 1391 3833 φωνῶν
1415 3764 1707 3835 ἐγγράφως

152 3861 520 3931 pamprth
542 3860 767 3924 πολλοὺς
785 3855 922 3912 εἶναι
949 3859 1123 3922 Θεοὺς,
1149 3859 1212 3910 σὺ
1244 3856 1629 3911 διαϐεόαίωσαι
1652 3861 1705 3894 θ’

155 3950 217 4021 μὴ
239 3950 336 4005 δεῖν
370 3954 511 4024 μήτε
536 3952 714 4021 λέγειν
743 3952 879 4022 μήτε
904 3946 1041 4003 εἶναι
1062 3948 1318 4020 νομίζειν.
1344 3948 1544 4002 Λοιπὸν
1572 3947 1708 4019 πρὸς

151 4040 210 4093 τὰ
224 4044 394 4113 σαφῶς
414 4044 647 4117 ρηθέντα
660 4043 773 4096 εἴτι.
797 4044 839 4075 ¹⁰
856 4043 998 4114 ἔχεις
1013 4044 1207 4105 εἰπεῖν,
1226 4042 1317 4094 ἐπὶ
1335 4042 1549 4094 πάντων
1559 4040 1703 4109 λέγε.

210 4133 313 4191 VII.
368 4140 477 4192 Kal
538 4139 567 4192 6
621 4136 826 4208 Πέτρος
873 4137 1012 4207 ἔφη’
1073 4132 1485 4206 Συντομώτερον
1546 4134 1708 4188 ἄκουε

156 4223 273 4294 πρὸς
312 4227 346 4280 ἃ
392 4228 640 4300 εἴρηκας.
697 4228 869 4289 Αὐτὸς
898 4229 927 4278 6
958 4227 1119 4297 νόμος
1151 4227 1179 4278 ὁ
1228 4226 1486 4288 πολλάκις
1540 4225 1710 4278 εἰπὼν

154 4312 308 4381 Θεοὺς,
337 4320 495 4383 αὐτὸς
524 4320 602 4391 τῷ
642 4318 878 4389 Ἰουδαίῳ
904 4317 1045 4389 ὄχλῳ
1072 4317 1221 4385 λέγει
1240 4334 1253 4347 ’
1299 4316 1452 4371 Ἰδοὺ
1486 4317 1709 4384 Κυρίου

1806 543 2123 612 prolocutus
2155 553 2255 599 est.

1878 632 1966 687 Vl.
2000 634 2192 688 Statim
2212 650 2342 705 ergo
2361 636 2415 689 in
2439 636 2614 705 prima
2639 636 2772 707 legis
2789 652 2917 693 voce
2939 638 3061 695 illos
3082 638 3289 696 similes
3311 658 3374 696 ac

1807 739 1866 778 se
1909 726 2203 794 praedicare
2249 725 2609 796 dignoscitur.
2656 728 2733 783 Ita
2768 729 2910 783 enim
2953 733 3215 801 scriptum
3266 746 3370 795 est,

1805 817 1973 886 quod,
2001 834 2122 872 cum
2142 820 2317 887 primo
2345 820 2551 874 homini
2576 830 2897 890 praeceptum
2919 821 3151 879 fuisseta
3168 823 3296 890 Deo,
3316 834 3375 878 ut

1806 908 1872 962 de
1898 910 2110 963 cunctis
2141 910 2429 965 arboribus
2453 912 2692 980 paradisi
2714 913 3042 981 comederet,
3061 930 3167 969 non
3190 928 3373 970 come-

1806 1000 1955 1055 derct
1971 1010 2147 1056 tamen
2164 1003 2230 1057 de
2250 1004 2442 1057 arbore
2458 1006 2819 1074 cognoscendi
2845 1008 3048 1061 bonum
3068 1018 3122 1062 et
3144 1009 3370 1075 malum,

1806 1108 2028 1161 serpens
2050 1109 2144 1163 per
2165 1094 2468 1157 mulierem,
2488 1097 2851 1165 promittendo
2873 1099 2981 1153 illis
3005 1100 3370 1165 divinitatem,

1805 1184 2087 1238 comedere
2109 1199 2400 1254 persuasus
2424 1185 2549 1240 fecit
2573 1187 2832 1257 aspicere,
2866 1191 3053 1260 sicque
3078 1201 3369 1261 postquam

1806 1284 2158 1343 aspexerunt,
2194 1274 2337 1331 Deus
2365 1276 2485 1330 istis
2514 1277 2651 1331 dixit
2683 1301 2696 1336 :
2726 1279 2860 1336 Ecce
2883 1282 3055 1335 Adam
3086 1284 3261 1353 factus
3290 1292 3368 1337 est

1804 1369 1959 1436 quasi
2006 1385 2139 1423 unus
2200 1386 2266 1423 ea:
2318 1374 2466 1427 nobis
2501 1377 2547 1422 ⁸.
2599 1374 2783 1441 Itaque
2832 1390 3056 1445 serpens
3085 1417 3101 1443 ,
3147 1378 3369 1445 quando

1804 1459 1979 1512 dixit:
2012 1459 2180 1514 Eritis
2210 1464 2348 1516 sicut.
2403 1466 2479 1519 dii
2509 1467 2558 1533 δ,
2594 1467 2750 1537 quasi
2781 1468 2851 1520 dii
2884 1468 3180 1532 exsistant,
3214 1475 3365 1524 Iocu-

1807 1558 1895 1605 tus
1941 1551 2181 1622 apparet,
2217 1570 2283 1609 eo
2329 1559 2501 1628 magis
2540 1559 2686 1628 quod
2721 1558 2860 1613 Deus
2902 1574 3061 1614 suum
3104 1560 3372 1614 addiderit

1806 1642 2205 1706 testimonium,
2255 1645 2323 1702 iis
2379 1648 2563 1705 verbis
2608 1666 2621 1701 :
2680 1648 2809 1704 Ecce
2860 1650 3029 1704 Adam
3072 1651 3247 1721 [actus
3291 1662 3368 1704 est

1804 1734 1956 1802 quasi
1985 1750 2120 1787 unus
2149 1750 2214 1789 ea:
2242 1737 2409 1792 nobis.
2447 1736 2525 1793 [ta
2558 1740 2650 1809 qui
2682 1740 2891 1795 multos
2913 1756 3035 1796 esse
3060 1744 3191 1796 deos
3220 1756 3369 1796 asse-

1736 1815 1778 1869 B
1806 1823 1919 1877 ruit
1944 1839 2200 1893 serpens,
2238 1830 2498 1883 mentitus
2526 1844 2633 1884 non
2661 1840 2765 1886 est.
2802 1830 3071 1885 Praeterea
3114 1847 3209 1901 per
3237 1831 3368 1885 illud

1804 1914 1948 1983 quod
1984 1916 2245 1986 scriptum
2273 1928 2389 1973 est:
2421 1918 2541 1973 Diis
2563 1936 2665 1973 non
2691 1921 2954 1988 detrahes,
2976 1930 3024 1975 et
3043 1922 3383 1993 principibus.

1801 2009 1980 2077 populi
2013 2010 2091 2063 tui
2115 2028 2219 2065 non
2245 2011 2523 2065 maledices
2555 2023 2603 2075 ε,
2654 2013 2837 2081 plures
2892 2013 3025 2069 deos
3076 2014 3366 2085 signiﬁcat,

1801 2101 2002 2169 quibus
2019 2117 2119 2156 nec
2144 2104 2393 2158 maledici
2422 2104 2555 2158 vult.
2593 2102 2696 2159 Sed
2715 2114 2768 2159 et
2800 2106 2927 2160 alibi
2965 2106 3225 2175 scriptum
3252 2116 3365 2165 est:

1803 2190 1863 2245 Si
1912 2209 2071 2247 ausus
2125 2203 2203 2249 est
2247 2193 2387 2249 Deus
2441 2195 2578 2249 alius
2626 2197 2851 2265 ingredi,
2897 2207 2945 2251 et
2997 2199 3230 2266 accipere
3267 2198 3371 2252 sibi

1802 2294 2001 2356 gentem
2050 2286 2113 2340 de
2155 2288 2328 2340 media
2358 2299 2505 2357 gente
2526 2329 2541 2353 ,
2571 2288 2708 2341 sicut
2735 2304 2827 2358 ego
2865 2288 3124 2344 Dominus
3156 2290 3294 2344 Deus
3315 2289 3365 2345 ἀ.

1802 2376 1939 2431 Illud
1971 2396 1983 2430 :
2020 2375 2079 2430 Si
2108 2393 2269 2430 ausus
2310 2387 2387 2430 est
2420 2377 2559 2431 Deus
2599 2378 2736 2432 alius
2762 2418 2778 2443 ,
2809 2388 3066 2448 tanquam
3101 2380 3210 2435 sint
3239 2380 3367 2443 alii,

1802 2467 1956 2523 dixit.
1994 2467 2058 2521 Et
2092 2469 2227 2523 alias
2261 2488 2274 2522 :
2312 2468 2421 2535 Dii,
2456 2471 2545 2540 qui
2581 2470 2766 2524 caelum
2793 2480 2841 2524 et
2873 2480 3069 2525 terram
3098 2489 3201 2525 non
3232 2474 3368 2542 fece-

1802 2569 1946 2625 runt,
1989 2571 2289 2630 pereunte:
2316 2561 2462 2614 velut
2507 2576 2614 2614 non
2639 2562 2862 2631 perituri
2889 2562 2999 2617 sint
3022 2563 3095 2617 illi
3120 2563 3365 2631 quifcce-

1802 2660 1953 2707 runt.
1990 2651 2055 2706 Et
2081 2652 2188 2705 alio
2219 2653 2339 2707 loco
2370 2654 2447 2706 ait
2480 2671 2492 2705 :
2526 2653 2755 2707 Attende
2784 2654 2916 2717 tibi,
2950 2671 3011 2707 ne
3040 2655 3230 2709 vadens
3262 2671 3373 2709 ser-

1802 2744 1914 2797 vias
1942 2744 2048 2797 diis
2074 2744 2197 2797 aliis
2220 2785 2234 2810 ,
2264 2761 2392 2814 quos
2428 2746 2797 2814 ignoraverunt
2838 2756 3011 2815 patres
3046 2749 3122 2800 tui
3141 2746 3161 2785 τ
3196 2762 3215 2798 :
3247 2757 3369 2801 tan-

1804 2852 1968 2905 quam
1993 2836 2085 2890 alii
2107 2837 2179 2890 dii
2205 2838 2334 2904 sint,
2357 2852 2498 2907 quos
2522 2838 2677 2906 sequi
2702 2852 2808 2891 non
2834 2839 3084 2905 debeant,
3110 2839 3371 2908 loquilur.

1802 2925 1869 2980 Et
1898 2928 2092 2982 iterum
2125 2946 2138 2982 :
2168 2927 2402 2982 Nomina
2440 2927 2655 2982 deorum
2686 2928 2915 2982 aliorum
2957 2946 3058 2983 non
3096 2932 3381 2984 ascendens

1801 3018 1859 3071 in
1924 3018 2069 3073 labia
2115 3029 2208 3073 tua
2262 3021 2308 3074 ε.
2354 3018 2452 3073 llic
2507 3034 2724 3088 quoque
2774 3020 2974 3074 multos
3021 3021 3152 3077 deos
3206 3022 3371 3087 dicit,

1803 3126 2038 3182 quorum
2069 3127 2177 3167 non
2208 3114 2323 3168 vult
2351 3113 2583 3185 proferri
2611 3114 2855 3167 nomina.
2880 3112 3224 3183 Rursumque
3246 3115 3377 3168 scri-

1804 3212 1955 3273 ptum
1982 3210 2067 3256 est
2102 3221 2114 3256 :
2148 3201 2406 3257 Dominus
2441 3202 2578 3256 Deus
2617 3210 2737 3254 tuus
2787 3201 2895 3269 ipse
2944 3209 3021 3254 est
3068 3198 3208 3254 Deus
3250 3198 3371 3252 deo-

1803 3309 1921 3347 rum
1950 3292 2000 3347 δ.
2036 3292 2100 3347 Ει
2141 3296 2361 3350 adhuc:
2407 3293 2538 3360 Quis
2598 3293 2788 3349 similis
2835 3291 2959 3355 tibi,
3007 3290 3260 3353 Domine,
3316 3292 3381 3345 in.

1802 3387 1907 3441 diis
1944 3389 2012 3442 i?
2061 3388 2140 3443 Ac
2182 3403 2414 3443 rursus:
2450 3386 2587 3440 Deus
2632 3386 2849 3439 deorum
2889 3383 3145 3437 Dominus
3168 3381 3216 3437 κ.
3271 3382 3375 3441 lte-

1804 3495 2037 3550 rumque
2066 3498 2080 3534 :
2120 3480 2259 3533 Deus
2287 3479 2432 3533 stetit
2463 3479 2518 3531 in
2545 3494 2810 3547 synagoga
2836 3476 3073 3536 deorum,
3121 3476 3179 3528 in
3204 3475 3385 3530 medio:

1805 3583 1981 3625 autem
2008 3571 2129 3625 deos
2162 3570 2419 3640 dijudicat
2454 3568 2498 3624 ι.
2534 3567 2687 3624 Unde
2726 3569 2892 3622 miror
2917 3607 2933 3633 ,
2980 3582 3085 3637 qua
3135 3568 3369 3631 ratione,

1805 3672 1887 3719 tot
1916 3664 2292 3734 Scriptuarum
2322 3662 2550 3718 vocibus
2588 3662 2790 3716 multos
2816 3675 2939 3714 esse
2964 3661 3094 3714 deos
3123 3659 3375 3714 testanti-

1805 3756 1908 3809 bus
1929 3796 1944 3819 ,
1988 3763 2043 3808 tu
2075 3754 2429 3809 aﬂirmaveris
2460 3768 2569 3807 non
2600 3762 2849 3824 oportere
2887 3767 2987 3806 nec
3026 3752 3241 3817 dicere,
3274 3765 3375 3805 nec

1805 3864 1926 3904 esse
1959 3847 2292 3903 existimare.
2332 3845 2408 3901 De
2430 3846 2659 3915 reliquo,
2693 3846 2736 3899 si
2772 3846 2901 3915 quid
2939 3846 3199 3899 adversus
3228 3843 3376 3898 clare

1806 3938 1947 3993 dicta
1977 3937 2147 3992 babes
2175 3935 2358 4001 eﬂ‘ari,
2390 3952 2575 3990 coram
2605 3936 2858 3992 omnibus
2885 3935 3159 4005 eloquere.

1879 4119 1991 4173 Vll.
2034 4118 2337 4189 Respondit
2365 4116 2559 4171 Petrus
2589 4134 2602 4169 :
2635 4114 2877 4170 Breviter
2902 4114 3028 4169 audi
3058 4114 3125 4168 ad
3159 4127 3223 4168 ea
3250 4128 3373 4182 quae

1809 4216 2058 4288 objecisti
2089 4234 2102 4269 :
2134 4215 2332 4269 Eadem
2388 4212 2496 4277 lex,
2552 4225 2672 4281 quae
2730 4224 2870 4279 saepe
2908 4209 3041 4263 deos
3091 4207 3372 4272 nominat,

1811 4312 1926 4380 ipsa
1975 4308 2200 4363 Iudaico
2252 4307 2452 4376 populo
2480 4305 2591 4358 ait:
2640 4300 2752 4366 En,
2799 4300 3013 4354 Domini
3045 4298 3143 4353 Dei
3192 4297 3270 4351 tui
3297 4305 3375 4352 est

160 4407 249 4460 τοῦ
277 4411 413 4464 Θεοῦ
445 4390 627 4465 σουίό
656 4410 908 4478 οὐρανὸς
940 4409 1044 4463 τοῦ
1072 4408 1350 4476 οὐρανοῦ,
1390 4406 1488 4461 καὶ
1518 4406 1704 4460 πάντα

1812 4399 1996 4453 calum
2021 4396 2164 4463 caeli,
2196 4405 2245 4450 et
2266 4396 2444 4448 omnia
2470 4409 2587 4463 qua:
2612 4393 2670 4445 in
2718 4391 2791 4446 eis
2814 4398 2933 4443 sunt
2957 4400 3017 4454 ω,
3057 4390 3193 4445 dans
3222 4400 3374 4442 com—

158 4494 260 4550 ὅσα
286 4488 551 4555 ἐστιν’ὲν
579 4477 800 4567 αὐτοῖς,
836 4500 1275 4572 συμπεριλαϐὼν,
1305 4501 1386 4554 ὅτι
1416 4502 1465 4553 εἰ
1491 4501 1585 4553 καὶ
1606 4500 1704 4553 εἰσὶ

1812 4490 2175 4560 prehendere,
2206 4487 2349 4556 quod
2383 4486 2507 4540 licet
2527 4485 2601 4539 dii
2627 4483 2913 4549 exsistant,
2944 4481 3046 4535 sub
3066 4494 3133 4535 eo
3158 4488 3305 4540 sunt,
3322 4477 3375 4531 id

162 4585 281 4653 Θεοὶ,
307 4590 393 4643 ὑπ’
420 4592 581 4645 αὐτόν
611 4595 776 4655 εἰσιν,
803 4592 1076 4645 τουτέστιν
1102 4591 1207 4644 ὑπὸ
1229 4591 1319 4643 τὸν
1340 4590 1448 4643 τῶν
1466 4591 1530 4622 ¹⁰⁶
1577 4590 1708 4643 Ἰου-

161 4675 304 4731 δαίων
337 4683 479 4735 Θεόν.
536 4683 643 4734 Kal
679 4682 835 4736 πάλιν
857 4699 870 4712 ο
909 4683 1037 4736 Ὅτι
1071 4683 1285 4751 Κύριος
1316 4684 1347 4734 d
1383 4682 1526 4746 Θεός
1569 4696 1705 4744 σου,

224 4800 246 4828 ι
282 4791 406 4847 Gen.
438 4809 523 4855 ιιι,
550 4793 639 4847 22.

225 4858 250 4897 ι’
285 4862 411 4917 Gen.
439 4879 523 4927 ιιι,
553 4865 606 4918 5.

227 4940 247 4966 ε
288 4931 451 4987 Exod.
485 4950 627 4995 xin,
658 4933 745 4988 28.

226 4997 249 5035 ἀ
289 5000 436 5058 Deut.
468 5021 547 5068 tv,
586 5005 676 5058 54.
716 5014 720 5017 ·

232 5069 388 5139 °_Jer.
418 5091 469 5139 x,
496 5075 583 5129 ll.

237 5137 252 5175 ί
292 5140 438 5197 Dent.
460 5137 591 5206 xm,
624 5144 673 5197 6.

1811 4593 1917 4649 est,
1947 4583 2048 4637 sub
2080 4580 2188 4634 Deo
2214 4578 2547 4633 Judzeorum.
2581 4574 2646 4630 Et
2670 4577 2866 4629 iterum
2896 4592 2909 4628 :
2948 4573 3087 4637 Quia
3122 4570 3379 4624 Dominus

1812 4675 1953 4729 Deus
1982 4686 2102 4727 tuus
2131 4673 2241 4742 ipse
2273 4682 2347 4725 est
2387 4669 2527 4723 Deus
2550 4670 2607 4722 in
2640 4667 2766 4722 caelo
2792 4681 3001 4721 sursum
3038 4673 3089 4718 et
3130 4665 3187 4717 in
3235 4671 3376 4716 terra

1881 4789 1906 4826 8
1943 4783 2059 4838 Jos.
2085 4798 2242 4847 χχιιι,
2277 4781 2329 4847 7,
2361 4780 2501 4851 apud
2532 4777 2695 4834 LXX.

1883 4857 1911 4895 ιι
1954 4855 2106 4907 Deut.
2138 4870 2189 4916 χ,
2232 4853 2319 4907 l7.

1887 4923 1903 4959 ⁵
1950 4924 2094 4978 Psal.
2118 4939 2293 4978 Lxxxv
2312 4962 2327 4985 ,
2360 4922 2413 4974 8.

1888 4991 1908 5026 ¹ί
1954 4994 2099 5047 Psal.
2132 5010 2278 5057 XLIX,
2308 4993 2358 5044 l.

1893 5064 1908 5103 ι
1952 5063 2093 5116 Psal.
2123 5078 2306 5125 Lxxn,
2344 5062 2393 5114 1.

1888 5147 1926 5173 m
1955 5134 2109 5187 Deut.
2136 5149 2187 5197 χ,
2215 5132 2301 5187 M.

1433 5290 1669 5349 VARIIE
1710 5286 2104 5345 LECTIONES.

239 5426 299 5501 ᾖξ’
335 5428 433 5483 Pro
460 5432 586 5485 vbh.
633 5431 730 5485 καὶ
760 5430 833 5501 μὴ
868 5430 1549 5501 χαλεπαξνειν-πολλοὺς
1600 5426 1761 5501 ῥεούς
1808 5425 2001 5501 lacuna
2024 5500 2029 5501 γ
2056 5430 2141 5477 est
2180 5420 2261 5501 in“
2286 5418 2350 5501 0;.
2403 5418 2480 5501 lix
2511 5417 2552 5472 Ο
2590 5416 2823 5501 ξθροευῑ
2872 5414 2980 5467 τῶν
2997 5422 3127 5501 ante
3141 5412 3378 5501 Λγρα-φιξίν

177 5497 285 5549 atll
330 5509 377 5553 el
406 5501 443 5554 ὃ
509 5497 798 5556 omissum.

184 5562 480 5642 ’,ἒξ-δᾶ(ιὶύὶ
503 5587 552 5626 c.
578 5570 641 5626 Ο.
719 5572 740 5602 ⁸
827 5568 891 5642 Ο,
932 5571 995 5635 Ι),
1024 5573 1056 5642 ῆ
1096 5572 1158 5624 C.
1201 5571 1259 5642 d‘
1302 5570 1360 5636 ἐξ
1394 5556 1567 5642 adjeci
1597 5584 1645 5622 c.
1782 5565 1803 5597 ⁵
1834 5556 1995 5617 πάλιν
2016 5562 2117 5642 τοζζ
2140 5560 2221 5631 (τὸ
2252 5556 2771 5642 01.);γεγρᾴφθαι(].

1365 5626 1679 5693 uae'desunt
1714 5638 1765 5690 in
1806 5643 2035 5702 utroque
2075 5626 2235 5685 Hom.
2263 5629 2437 5702 -οοιξηΔ
2478 5626 2601 5702 ad_d.
2633 5626 2675 5681 ll
2728 5642 2801 5702 ex
2830 5641 2956 5702 seq:

181 5632 267 5686 οὐκ
298 5639 561 5711 ἐποίησαν,
606 5626 1010 5695 ὰπολέἇθωσαν·
1046 5626 1123 5704 ἶὺς
1155 5640 1283 5703 τῶν,

1240 5516 1303 5554 ex
1605 5480 1649 5551 DS,
1736 5480 1803 5567 vin
1831 5495 1990 5567 cujus
2016 5500 2165 5567 testu
2194 5488 2550 5567 Ὀἱ-ομοίως..
2590 5480 2751 5567 Tum"
2783 5485 3007 5567 apposui
3028 5483 3159 5567 ηγάρ
3180 5480 3374 5567 ειπερ.

2876 5555 2896 5585 ⁸
2932 5554 2993 5608 τό
3024 5549 3084 5607 CV.
3131 5549 3141 5551 ”
3180 5552 3200 5583 τ
3240 5549 3376 5604 Vbb.

2995 5640 3045 5677 c.
3094 5621 3148 5674 8.
3203 5620 3224 5650 ⁸
3281 5638 3378 5671 πε-

185 5688 960 5780 ποιῃκάέέε,’ἇέἐολέξόῷἶοὶν”ῥῗ
1714 5688 1761 5738 ’έ
1792 5688 2057 5780 διακρῖνΞῖ
2083 5705 2150 5756 0.
2181 5703 2224 5734 θ’
2255 5688 2655 5753 διαϐεϐαιοῦσαι
2719 5695 2781 5751 Ο.
2828 5696 2869 5727 ¹⁰
2904 5688 2958 5747 ei
2980 5691 3144 5748 textui
3171 5688 3380 5744 reddidi

183 5788 229 5825 co
255 5776 333 5844 0;
364 5783 780 5850 praetermissum
803 5774 921 5837 erat
949 5797 977 5836 a
1006 5783 1065 5837 Cl
1118 5791 1168 5837 et
1194 5782 1250 5835 ὃ.
1276 5774 1286 5780 ’
1331 5782 1393 5812 ιθ·
1419 5778 1526 5832 τῶν
1564 5778 1687 5833 add.
1722 5792 1770 5831 c.
1802 5774 1865 5831 Ο.
