3860 6210
199 277 328 332 545

1343 281 1806 338 CLEMENTINA.
1848 315 1918 326 —
1958 285 2242 343 llOMlLlA
2288 290 2426 347 XIV.

3395 299 3501 354 316

203 393 364 447 Θεοῦ
399 393 683 464 εἰσελθεῖν,
720 395 862 467 τάχα
893 413 998 450 που
1039 397 1149 450 τῶν
1189 397 1357 452 ἐθνῶν
1383 400 1432 451 ol
1468 400 1783 470 πεπλανημέ

1922 406 2198 470 gredialur
2238 409 2291 460 in
2339 425 2564 478 regnum
2605 409 2721 476 Dei,
2756 411 2895 467 forte
2934 429 3024 484 qm
3070 426 3228 471 erant
3263 418 3318 471 in
3363 436 3498 488 geu—

217 502 300 538 JOt
354 486 443 539 διὰ
495 486 853 559 σωφροσύνην
904 489 1064 558 μόνον
1125 489 1362 561 σωθῆναι
1413 490 1681 544 ἐδύναντο.
1720 490 1817 542 Διὰ

201 574 386 628 τοῦτο
417 575 535 630 λίαν
563 575 755 648 ἀθυμῶ
779 579 1037 650 περὶτῶν
1070 581 1127 633 ἐν
1155 580 1334 653 πλάνῃ
1374 570 1813 652 σωφρονούντων,

204 667 299 719 δτι
338 668 470 750 ἄνευ
498 667 714 732 ἐλπίδος
740 670 952 741 ἀγαθῆς
979 675 1275 741 σωφρονεῖν
1316 673 1560 744 ἑλόμενοι
1595 675 1732 746 πρὸς
1756 676 1818 728 τὸ

206 760 591 832 βαπτισθῆναι
625 763 872 834 ὀκνηρῶς
910 763 1145 834 ἔχουσιν.
1189 764 1278 845 Δέρ
1305 767 1368 818 οὐ
1414 765 1705 831 σώζονται·
1734 769 1814 820 ὅτι

201 852 402 922 δόγμα
440 853 576 906 Θεοῦ
609 858 807 922 κεῖται,
850 855 1184 909 ἀϐάπτιστον
1213 860 1294 920 είς
1325 857 1424 928 τὴν
1447 859 1612 911 αὐτοῦ
1659 859 1814 929 βασι-

202 945 375 999 λείαν
403 947 476 1018 μὴ
503 948 782 1001 εἰσελθεῖν.
809 948 996 1002 Ταῦτα
1019 949 1184 1002 αὐτοῦ
1211 951 1459 1013 εἰπόντος
1491 951 1586 1004 καὶ
1609 951 1813 1005 τούτων

199 1039 465 1104 πλείονα,
490 1041 570 1105 είς
605 1039 772 1096 ὕπνον
799 1041 1138 1114 ἐτράπημεν.

983 1246 1056 1257 ...οι

801 1329 1063 1384 ὈΜΙΛΙΑ
1101 1332 1199 1386 ΙΔ’.

277 1455 325 1510 Ι.
370 1457 776 1546 Ὀρθριέτερον
800 1463 842 1494 ¹⁰
868 1462 924 1516 δὲ
953 1463 1132 1534 πολλῷ
1166 1463 1260 1518 τοῦ
1295 1463 1616 1536 καθημέραν
1648 1467 1676 1519 ὁ
1703 1465 1810 1519 Πέ-

195 1565 342 1620 τρος
355 1549 689 1614 διυπνισθεὶς
711 1553 884 1624 εἰσῄει
904 1555 1042 1626 πρὸς
1069 1557 1100 1626 ὴ
1109 1556 1235 1626 μᾶς,
1254 1557 1348 1609 καὶ
1375 1555 1665 1624 ἐξυπνίσας
1680 1557 1806 1629 ἔφη’

195 1641 508 1706 Φαυστῖνος
549 1644 643 1697 καὶ
667 1645 1054 1710 Φαυστινιανὺς
1084 1645 1200 1717 ἅμα
1226 1647 1504 1718 Κλήμεντι
1531 1648 1667 1719 μετὰ
1699 1648 1807 1702 τῶν

195 1733 428 1786 οἰκείων
464 1733 988 1806 ἀκολουθησάτωσὰν
1013 1755 1102 1808 μοι
1129 1739 1194 1804 ¹¹,
1227 1739 1375 1800 ὅπως
1409 1741 1466 1792 ἐν
1501 1740 1741 1811 σκεπινῷ
1765 1741 1804 1770 ¹¹

193 1821 306 1890 τῆς
330 1821 606 1893 θαλάσσης
624 1823 774 1894 τόπῳ
801 1824 1044 1888 ἐλθόντες
1069 1827 1126 1879 ἐν
1152 1827 1523 1898 ἀκατασκόπῳ
1549 1828 1807 1898 βαπτίσαι

195 1915 380 1983 αὐτὴν
399 1915 738 1986 δυνηθῶμεν.
758 1916 904 2001 Πλὴν
929 1918 1022 1971 ἐπὶ
1045 1917 1152 1972 τῶν
1179 1918 1808 1991 αἰγιαλῶν¹³γενομένων

196 2005 386 2075 ἡμῶν,
420 2005 625 2076 μεταξὺ
658 2008 874 2080 πετρῶν
916 2026 1076 2063 τινων
1111 2010 1348 2082 γαληνοῦ
1381 2011 1535 2064 καὶη
1563 2012 1806 2084 καθαροῦ

195 2096 377 2150 τόπου
415 2097 839 2170 εὐπορησάντων
872 2100 1162 2154 ἐϐάπτισεν
1203 2103 1393 2173 αὐτήν.
1445 2103 1634 2173 Ἡμεῖς
1664 2102 1720 2155 δὲ
1755 2104 1806 2156 oi

193 2189 447 2260 ἀδελφοὶ,
481 2192 592 2245 τῶν
621 2192 895 2261 γυναικῶν
920 2193 1080 2264 χάριν
1112 2193 1230 2264 ἅμα
1257 2194 1471 2265 ἀδελφῷ
1508 2196 1601 2248 καὶ
1626 2195 1806 2259 ἄλλοις

193 2279 346 2332 τισὶν
377 2282 835 2353 ὑποχωρήσαντες
877 2284 971 2335 καὶ
997 2283 1340 2354 λουσάμενοι,
1363 2284 1525 2354 297
1561 2284 1805 2349 ἐλθόντες

194 2371 298 2425 ἐπὶ
325 2372 484 2436 ητάς
511 2376 778 2441 γυναῖκας
815 2374 1222 2445 παρελάϐομεν.
1260 2376 1372 2428 Καὶ
1395 2375 1568 2440 οὕτως
1593 2378 1650 2429 ἐν
1677 2394 1802 2449 κρυ-

195 2463 350 2535 φαέῳ
379 2465 533 2534 τόπῳ
579 2464 938 2535 πορευθέντες
971 2464 1262 2536 εὐχόμεθα.
1285 2467 1515 2521 Ἔπειτα
1542 2468 1570 2520 ὁ
1597 2467 1804 2539 Πέτρος

191 2554 300 2618 τὰς
321 2558 584 2621 γυναῖκας
603 2555 692 2608 διὰ
710 2556 800 2609 τὸν
823 2555 978 2626 ὄχλον
1005 2556 1382 2628 προέπεμψεν,
1400 2558 1465 2611 δι’
1493 2558 1660 2629 ἄλλης
1680 2559 1799 2613 ὁδοῦ

192 2646 292 2702 ἐπὶ
305 2647 406 2716 τὴν
437 2646 613 2712 ξενίαν
647 2647 820 2701 ἐλθεῖν
841 2648 1122 2716 κελεύσας,
1152 2650 1360 2722 ἀνδρῶν
1386 2667 1445 2703 τε
1468 2651 1646 2722 μόνοις
1669 2653 1799 2723 ἡμῖν

195 2741 443 2792 συνεῖναι
469 2742 536 2811 τῇ
573 2741 743 2811 μητρὶ
769 2741 862 2794 καὶ
886 2745 1005 2806 ταῖς
1027 2743 1220 2806 αὑταῖς
1249 2742 1493 2811 γυναιξὶν
1513 2743 1556 2774 ¹⁶
1578 2743 1800 2816 ἐπέτρε-

208 2830 320 2899 ζιεν.
362 2832 638 2896 Ἐλθόντες
683 2829 776 2886 οῦν
820 2836 901 2898 είς
932 2836 1031 2904 τὴν
1077 2834 1256 2900 ξενίαν
1298 2838 1392 2891 καὶ
1435 2836 1798 2906 ἀναμένοντες

193 2922 365 2975 αὐτὸν
398 2921 570 2975 ἐλθεῖν
603 2921 852 2993 ἀλλήλοις
891 2923 1261 2995 διελεγόμεθα.
1296 2924 1454 2978 Μετά
1503 2925 1694 2995 ἱκανὰς
1737 2925 1794 2977 δέ

191 3013 348 3085 ὧρας
379 3015 407 3067 ὁ
434 3014 640 3086 Πέτρος
667 2985 859 3081 ἐλθὼν,
889 3015 981 3067 τὸν
1009 2985 1172 3088 ἄρτον
1200 3017 1285 3069 ἐπ’
1315 2985 1636 3087 εὐχαριστῖᾳ
1664 2985 1794 3069 κλά-

194 3124 299 3170 σας
345 3108 439 3160 καὶ
479 3107 688 3170 ἐπιθεὶς
723 3107 878 3174 ἃλας,
911 3111 978 3179 τῇ
1030 3109 1199 3180 μητρὶ
1238 3109 1454 3180 πρῶτον
1496 3109 1788 3176 ἐπέδωκεν,
1821 3133 1862 3190 C

192 3199 293 3252 καὶ
317 3197 359 3228 ¹⁷
392 3198 508 3266 μετ’
534 3196 707 3266 αὐτὴν
743 3198 875 3268 ἡμῖν
925 3200 1041 3260 τοῖς
1071 3198 1211 3259 υἱοῖς
1255 3197 1444 3268 αὐτῆς.
1475 3197 1586 3250 Καὶ
1622 3195 1796 3260 οὓτως

194 3290 336 3358 αὐτῇ
377 3287 828 3358 συνειστιάθημεν
853 3288 948 3340 καὶ
975 3287 1065 3340 τὸν
1094 3287 1226 3340 Θεὸν
1251 3286 1644 3358 εὐλογήσαμεν.

267 3378 330 3434 Ι.
373 3378 506 3430 Τότε
540 3379 727 3431 λοιπὸν
749 3379 777 3431 ὁ
810 3379 1018 3450 Πέτρος
1042 3418 1057 3443 ,
1085 3379 1177 3431 τὸν
1219 3379 1375 3449 ὄχλον
1409 3378 1796 3450 εἰσεληλυθότα

197 3470 322 3527 ἰδὼν
354 3471 450 3524 καὶ
485 3470 772 3534 καθεσθεὶς
796 3471 890 3524 καὶ
918 3470 1403 3543 παρακαθεσθῆναι
1431 3473 1579 3543 ἡμᾶς
1605 3473 1794 3525 κελεύ-

197 3580 296 3626 σας
319 3602 333 3626 ,
363 3562 661 3632 ὑφηγεῖται
694 3561 761 3614 τὰ
805 3561 999 3632 πρῶτα
1036 3561 1238 3616 πείθων
1279 3565 1429 3634 ἡμᾶς
1454 3603 1469 3628 ,
1504 3565 1611 3616 τίνι
1651 3565 1795 3637 λόγῳ

194 3653 527 3726 προπέμψας
561 3655 712 3725 ἡμᾶς
763 3653 872 3706 ἀπὸ
923 3654 1018 3706 τοῦ
1067 3653 1443 3726 βαπτίσματος
1486 3658 1581 3710 καὶ
1631 3657 1793 3720 αὐτὸς

197 3745 466 3818 βραδύνας
512 3746 766 3817 ἐπῆλθεν.
804 3747 916 3817 Τὴν
975 3746 1032 3798 δέ
1089 3745 1267 3800 αἰτίαν
1311 3747 1464 3816 ἐλεγε
1510 3749 1788 3818 τοιαύτην.

197 3840 348 3910 Ἅμα
381 3839 460 3910 τῷ
506 3840 672 3910 ὑμᾶς,
710 3840 895 3910 φησὶν,
924 3839 1258 3911 ἀποστῆναι,
1295 3840 1475 3911 γέρων
1518 3842 1791 3912 συνεισῄει

195 3930 452 4002 ἐργάτης,
502 3929 812 4002 περιέργως
849 3929 893 3961 ⁸⁸
920 3929 1167 3982 κλέπτων
1192 3930 1234 3961 ¹⁹
1275 3930 1499 3994 ἐαυτὸν,
1534 3931 1627 3984 καὶ
1654 3948 1790 4001 προ-

196 4023 623 4092 κατασκοπήσας
657 4023 835 4092 ἡμᾶς,
873 4021 948 4085 ὡς
985 4021 1149 4084 αὐτὸς
1195 4019 1423 4093 ὕστερον
1481 4022 1748 4092 ὡμολόγει
1772 4063 1786 4088 ,

195 4113 331 4184 πρὸς
353 4112 414 4165 τὺ
443 4113 570 4166 ἰδεῖν
593 4112 646 4165 τί
672 4113 738 4166 ἂν
765 4112 1099 4183 πράττοιμεν
1125 4113 1206 4176 εἰς
1230 4112 1321 4165 τὸν
1347 4114 1602 4166 σκεπινὸν
1625 4113 1787 4166 τόπον

197 4205 547 4269 εἰσελθόντες,
575 4204 751 4275 λάθρα
794 4204 962 4267 ἐκϐὰς
993 4203 1378 4274 ἠκολούθησεν
1426 4205 1520 4260 καὶ
1541 4206 1586 4236 ²⁰
1612 4207 1668 4257 ἐν
1699 4205 1789 4257 εύ-

197 4299 369 4370 καίρῳ
394 4299 544 4370 τόπῳ
579 4296 894 4370 προσελθὼν
929 4299 1022 4351 καὶ
1046 4297 1498 4370 προσαγορεύσας
1522 4297 1647 4368 ἔφη’
1693 4299 1786 4352 Ἐκ

198 4388 389 4445 πολλοῦ
428 4408 509 4443 σοι
539 4389 848 4444 ἀκολουθῶν
883 4391 974 4443 καὶ
1003 4393 1289 4460 συντυχεῖν
1324 4389 1492 4443 θέλων
1519 4391 1643 4462 ᾑδού
1654 4409 1781 4462 μην,

1923 499 2089 562 tibus,
2143 511 2362 568 propter
2407 503 2581 556 solam
2638 505 2953 572 pudicitiam
3004 517 3228 576 possent
3273 510 3495 567 salvari.

1921 589 2189 655 Quocirca
2221 594 2568 648 vehementer
2607 597 2805 653 anxius
2833 614 2954 653 sum
2981 600 3047 654 de
3078 599 3144 656 iis
3169 601 3262 669 qui
3310 602 3363 655 in
3407 619 3497 658 er-

1918 698 2042 736 rore
2072 683 2260 737 vivunt
2294 685 2510 753 pudice,
2537 689 2681 756 quod
2714 690 2832 744 sine
2865 691 3006 745 bona
3051 707 3146 760 spe
3177 693 3494 765 pudicitiam

1917 779 2242 844 consectati,
2286 780 2353 833 ad
2405 780 2736 849 baptismum
2781 783 3154 852 recipiendum
3200 800 3259 840 se
3304 797 3498 854 gerant

1916 870 2176 938 segniter.
2204 871 2385 938 Quare
2426 874 2558 928 salvi
2593 890 2698 928 non
2728 875 2896 941 tinnt;
2933 877 3061 945 quia
3091 876 3184 931 Dei
3217 879 3495 933 decretum

1916 961 2154 1029 positum
2181 972 2286 1028 est,
2312 981 2378 1018 ne
2405 964 2458 1018 in
2492 965 2664 1034 ipsius
2688 983 2914 1036 regnum
2941 968 3279 1038 ingrediatur
3300 987 3495 1040 expers

1915 1054 2198 1123 baptismi.
2247 1055 2379 1121 Quae
2409 1068 2698 1128 postquam
2731 1061 2978 1129 protulit,
3016 1071 3072 1116 et
3101 1062 3188 1118 his
3217 1063 3396 1132 plura,
3425 1066 3495 1120 ad

1914 1162 2171 1201 somnum
2203 1151 2454 1205 conversi
2482 1166 2697 1206 sumus.

2474 1332 2761 1389 IlOMlLlA
2797 1336 2941 1394 XIV.

1984 1446 2027 1503 Ι.
2058 1446 2227 1502 Multo
2254 1459 2434 1503 autem
2472 1452 2763 1516 maturius,
2787 1467 2954 1521 quam
2983 1455 3225 1523 quotidie
3257 1455 3488 1521 solebat,

1909 1537 2106 1594 Petrus
2151 1550 2503 1609 experrectus
2533 1543 2600 1597 ad
2632 1559 2731 1597 nos
2763 1545 3044 1614 ingressus
3077 1555 3179 1610 est,
3217 1563 3354 1616 quos
3395 1565 3492 1602 ex-

1911 1634 2233 1704 pergefeeit,
2282 1651 2346 1691 ac
2399 1637 2589 1692 dixit:
2648 1638 2944 1697 Faustinus
2995 1650 3048 1696 et
3101 1641 3492 1701 Faustinianus

1913 1740 2130 1792 unaque
2163 1724 2418 1781 Clemens
2461 1743 2586 1781 cum
2632 1730 2748 1783 suis
2799 1746 2888 1784 me
2933 1744 3255 1799 sequantur,
3304 1744 3362 1788 ut
3397 1749 3491 1790 ve-

1912 1815 2122 1871 nientes
2155 1817 2220 1870 ad
2268 1819 2544 1873 obtectum
2584 1821 2754 1875 maris
2803 1821 2981 1876 loemn
3031 1824 3170 1878 clam
3210 1827 3493 1888 possimus

1910 1924 2028 1962 eam
2069 1909 2363 1978 baptizare.
2412 1910 2599 1980 Itaque
2629 1913 2717 1966 ubi
2769 1913 2974 1969 fuimus
3017 1917 3069 1969 in
3103 1918 3303 1983 littore,
3350 1921 3492 1974 inter

1909 2016 2039 2055 saxa
2073 2003 2347 2069 quzedam,
2376 2019 2500 2072 quae
2532 2007 2888 2074 tranquillmn
2921 2017 2974 2061 et
3005 2012 3266 2063 mundum
3308 2012 3488 2065 locum

1909 2094 2246 2161 praebebant,
2265 2096 2565 2165 baptizavit
2594 2097 2762 2150 illam.
2782 2096 2892 2152 Nos
2915 2109 3094 2153 autem
3125 2101 3343 2167 fratres,
3376 2119 3492 2156 mu-

1907 2183 2105 2238 lierum
2133 2187 2302 2254 gratia
2323 2227 2337 2252 ,
2363 2203 2468 2240 una
2501 2202 2625 2240 cum
2649 2186 2816 2241 fratre
2845 2197 2898 2241 et
2935 2189 3056 2243 aliis
3097 2192 3376 2245 nonnullis
3407 2207 3490 2246 se-

1907 2274 2176 2330 cessimus
2203 2287 2255 2330 et
2288 2277 2553 2343 lavimus;
2591 2293 2656 2332 ae
2693 2279 2920 2347 profecti
2954 2281 3020 2333 ad
3055 2281 3309 2336 mulieres
3337 2299 3489 2338 rece-

1905 2370 2088 2439 pimus
2121 2369 2288 2440 ipsas.
2335 2369 2536 2439 Sicque
2568 2371 2622 2423 in
2671 2370 2854 2425 locum
2901 2373 3178 2426 occultum
3211 2374 3488 2444 progressi

1906 2462 2016 2517 illic
2045 2462 2248 2531 precati
2278 2476 2492 2516 sumus.
2522 2460 2711 2515 Postea
2742 2462 2935 2518 Petrus
2961 2465 3221 2520 mulieres
3252 2467 3323 2521 ob
3353 2468 3490 2522 mul-

1907 2555 2191 2609 titudinem
2245 2555 2538 2624 praemisit,
2582 2554 2783 2623 jubens
2830 2564 2889 2609 ut
2926 2572 3021 2624 per
3064 2558 3290 2612 alteram
3338 2560 3486 2615 viam

1905 2647 2044 2702 irent
2071 2649 2136 2702 ad
2171 2647 2492 2716 hospitium,
2518 2647 2758 2715 solisque
2781 2647 3023 2701 virorum
3051 2649 3208 2703 nobis
3236 2652 3486 2720 permisit

1903 2750 2132 2793 matrem
2180 2755 2244 2794 ac
2289 2738 2552 2792 mulieres
2597 2739 2874 2793 comitari.
2919 2737 3214 2794 Venientes
3251 2757 3381 2812 ergo
3417 2743 3485 2798 ad

1902 2833 2268 2887 diversorium
2299 2841 2350 2886 et
2383 2833 2764 2900 praestolantes
2793 2832 3086 2886 adventum
3131 2834 3280 2887 illius
3311 2834 3484 2889 collo-

1899 2921 2208 2990 quebamur
2247 2921 2504 2975 invicem.
2531 2919 2662 2974 Post
2694 2920 2894 2975 multas
2924 2937 3054 2976 vero
3088 2923 3254 2977 horas
3291 2923 3488 2981 Petrus

1899 3025 2185 3077 regressus
2218 3026 2416 3080 panem
2448 3011 2500 3064 in
2528 3011 2916 3066 eucharistiam
2953 3011 3130 3082 fregit,
3156 3023 3208 3067 et
3237 3014 3359 3067 cibo
3385 3029 3485 3083 po-

1897 3104 2002 3158 sito
2042 3105 2203 3158 matri
2246 3106 2480 3175 primum
2514 3105 2692 3172 dedit,
2741 3120 2806 3160 ac
2845 3112 2966 3174 post
3007 3120 3127 3158 eam
3166 3107 3324 3161 nobis
3356 3107 3487 3163 ﬁliis

1900 3196 2039 3265 ejus.
2071 3198 2248 3266 Atque
2296 3198 2368 3250 ita
2401 3213 2523 3251 cum
2557 3213 2619 3251 ea
2652 3197 3015 3260 comedimus,
3047 3195 3328 3267 Deumque
3357 3199 3483 3253 lau-

1898 3289 2060 3343 dibus
2088 3289 2362 3357 prosecuti
2397 3305 2611 3344 sumus.

1969 3379 2032 3436 ll.
2075 3379 2213 3434 Tum
2247 3381 2444 3435 deinde
2485 3379 2712 3449 Petrus,
2751 3382 3061 3453 ingressum
3099 3381 3362 3450 populum
3399 3379 3480 3435 νὶ-

1897 3471 2067 3537 dens,
2116 3488 2242 3526 eum
2289 3473 2560 3538 sedisset,
2627 3489 2842 3544 nosque
2894 3473 3152 3543 jussisset
3199 3473 3479 3542 assidere,

1897 3565 2175 3618 enarravit
2211 3566 2386 3634 primo
2418 3580 2483 3618 ac
2524 3566 2730 3630 docuit,
2767 3582 2873 3635 qua
2911 3565 3120 3620 ratione
3165 3564 3325 3619 nobis
3357 3574 3481 3634 post

1896 3654 2231 3723 baptismum
2263 3654 2564 3723 prremissis
2595 3655 2711 3725 ipse
2743 3657 2896 3711 tarde
2931 3657 3206 3711 rediisset.
3239 3655 3477 3714 Causam

1893 3762 2023 3799 vero
2054 3747 2193 3800 hanc
2226 3746 2476 3800 dicebat:
2521 3745 2700 3800 Simul
2746 3758 2911 3817 atque
2945 3763 3044 3802 vos
3069 3789 3084 3812 ,
3122 3747 3338 3818 inquit,
3366 3748 3478 3803 dis-

1894 3838 2160 3901 cessistis,
2188 3853 2350 3891 senex
2381 3838 2667 3906 operarius
2685 3839 3161 3902 advenit,curiose
3191 3839 3478 3894 occultans

1894 3944 1972 3992 se,
2024 3929 2295 3999 nobisque
2343 3929 2498 3999 prius
2547 3929 2855 3985 observatis
2910 3930 3094 4002 (sicut
3128 3930 3244 4000 ipse
3286 3939 3477 4000 postea

1892 4019 2072 4075 fassus
2101 4022 2228 4090 est),
2260 4030 2318 4074 ut
2349 4022 2577 4085 videret,
2609 4022 2870 4092 quidnam
2899 4021 3131 4092 ingressi
3162 4023 3341 4077 locum
3377 4023 3480 4078 ob-

1889 4121 2094 4166 tectum
2135 4128 2453 4183 ageremus,
2489 4113 2629 4168 clam
2667 4115 2800 4168 exiit
2835 4124 2890 4169 et
2923 4124 3144 4171 secutus
3176 4123 3280 4181 est,
3313 4124 3479 4184 atque

1891 4206 1944 4259 in
1986 4214 2295 4275 opportuno
2337 4205 2459 4259 loco
2504 4207 2836 4262 conveniens
2873 4223 2959 4262 me
2991 4223 3055 4262 ac
3083 4208 3329 4263 salutans
3357 4208 3473 4270 ait:

1886 4296 2006 4352 Jam
2037 4298 2130 4352 diu
2168 4307 2218 4352 te
2250 4313 2487 4367 sequens
2520 4307 2573 4353 et
2606 4299 2812 4368 alloqui
2850 4300 3100 4370 cupiens,
3135 4300 3365 4355 verebar
3407 4316 3479 4355 no

1889 4391 2021 4444 mihi
2055 4399 2312 4459 tanquam
2344 4390 2567 4445 curioso
2599 4391 3105 4459 irascereris,nunc
3133 4401 3314 4447 autem
3353 4409 3478 4462 qum

200 4485 390 4554 μήπως
416 4481 492 4545 ὡς
533 4481 812 4555 περιέργῳ
843 4499 932 4553 μοι
970 4482 1320 4556 χαλεπαίνῃς·
1359 4482 1454 4535 νῦν
1479 4482 1537 4535 δέ
1561 4482 1631 4534 τὰ
1663 4484 1783 4553 ἐμοὶ

1906 4483 2022 4536 nihi
2053 4483 2307 4537 videntur
2335 4499 2485 4549 vera,
2523 4485 2569 4539 si
2591 4485 2674 4540 vis
2696 4483 2936 4554 profero.
2956 4484 3020 4539 Et
3047 4501 3146 4556 ego
3171 4485 3430 4554 respondi
3456 4503 3471 4540 :

195 4575 449 4629 δοκοῦντα
480 4575 676 4646 ἀληθῆ,
714 4577 762 4628 εἰ
815 4574 1022 4646 βούλει,
1069 4575 1231 4644 λέγω.
1269 4573 1438 4642 Κάγὼ
1478 4575 1779 4645 ἀπεκρινά-

199 4684 318 4736 μην·
343 4667 510 4737 298
528 4668 668 4736 Λέγε
693 4669 825 4738 ἡμῖν
852 4669 991 4740 ὅπερ
1018 4685 1098 4721 σοι
1120 4669 1269 4721 δοκεῖ
1290 4665 1454 4719 καλὸν
1487 4662 1647 4729 εἶναι,
1684 4668 1779 4718 καὶ

195 4758 562 4830 ἀποδεξόμεθα
598 4777 678 4825 σε,
714 4759 817 4813 κᾶν
843 4759 920 4830 τῷ
964 4759 1076 4812 δντι
1115 4759 1188 4830 μὴ
1217 4758 1381 4812 καλὸν
1471 4760 1530 4812 τὸ
1556 4757 1781 4827 λεγόμε-

195 4869 306 4916 νον,
329 4852 561 4924 ἐπείπερ
601 4852 782 4925 ἀγαθῇ
829 4853 1148 4924 προαιρέσει
1191 4853 1251 4906 τὸ
1291 4852 1480 4906 δοκοῦν
1508 4869 1590 4906 σοι
1618 4851 1780 4905 καλὸν

198 4944 361 4997 εἰπεῖν
389 4943 680 5014 ἠθέλησας.

263 5034 345 5089 lll.
386 5036 499 5088 Kal.
523 5036 552 5086 ὁ
585 5035 764 5106 γέρων
791 5034 886 5088 τοῦ
923 5033 1102 5102 λέγειν
1123 5033 1324 5104 ἤρξατο
1356 5031 1548 5096 οὕτως·
1570 5033 1782 5086 Θαλάσ-

203 5141 266 5198 σῃ
311 5124 457 5195 ὑμᾶς
495 5123 854 5197 λελουμένους
903 5125 986 5187 εἰς
1023 5124 1066 5155 ²¹
1116 5123 1208 5176 τὸν
1251 5124 1567 5199 ἀπόκρυφον
1611 5124 1777 5177 τόπον

1888 4575 1985 4630 Dic
2018 4576 2177 4631 nobis
2222 4577 2367 4645 quod
2403 4578 2499 4632 tibi
2537 4578 2752 4632 videtur
2786 4592 2909 4632 esse
2940 4578 3168 4643 bonum,
3196 4585 3250 4631 et
3283 4577 3475 4632 lauda-

1886 4670 2068 4723 bimus
2103 4678 2174 4732 te,
2208 4669 2333 4724 licet
2367 4685 2425 4722 re
2455 4685 2582 4724 vera
2609 4711 2624 4736 ,
2659 4669 2806 4739 quod
2841 4669 3048 4725 dixeris
3073 4711 3087 4735 ,
3124 4670 3326 4724 bonum
3362 4683 3473 4728 non

1885 4758 2077 4822 fuerit,
2127 4761 2385 4829 quouiam
2438 4760 2694 4829 prudenti
2755 4761 2990 4815 consilio
3034 4762 3120 4827 id,
3168 4760 3315 4832 quod
3370 4761 3474 4827 tibi

1883 4851 2062 4907 visum
2108 4861 2195 4907 est
2246 4853 2472 4919 bonum,
2508 4853 2750 4907 volueris
2784 4853 3060 4923 proloqui.

1954 5028 2041 5083 lll.
2085 5027 2224 5082 Tum
2263 5043 2427 5082 senex
2475 5027 2548 5081 ita
2584 5028 2751 5096 C(Bpil.
2801 5028 3028 5082 dicere:
3085 5028 3144 5082 In
3180 5029 3322 5083 mari
3373 5045 3472 5084 vos

1887 5122 2086 5177 lavisse
2133 5122 2286 5188 vidi,
2323 5129 2378 5176 et
2429 5134 2553 5191 post
2601 5121 2704 5176 hoc
2735 5122 2803 5175 ad
2855 5132 3131 5178 secretum
3179 5123 3474 5180 secessisse

1499 5299 1736 5355 VARUS
1777 5301 2181 5357 LECTIONES.

269 5416 307 5446 ¹⁰
341 5413 418 5468 Ita
452 5414 498 5470 Ο
551 5430 601 5470 c.
645 5414 684 5470 S
714 5457 729 5481 ,
759 5415 1077 5487 ὀρθρίτερον
1140 5415 1203 5470 (3.
1249 5415 1365 5470 Cfr.
1400 5415 1550 5472 hom.
1578 5434 1674 5482 xu,
1721 5418 1816 5484 12;
1876 5431 1963 5471 xw
1989 5458 2004 5483 ,
2035 5417 2099 5470 2i
2130 5436 2144 5483 ;
2197 5435 2333 5484 xvu,
2366 5420 2424 5486 l;
2461 5437 2575 5485 xIx,
2605 5421 2656 5473 l.
2686 5417 2825 5471 Tum
2861 5416 2982 5470 καθ’
3034 5417 3248 5540 ἡμέραν
3300 5417 3465 5474 idem.

269 5485 822 5540 ἀκουλουθησάτωσάν
871 5504 958 5540 μοι
989 5487 1052 5540 Ο.
1159 5487 1201 5518 ⁸⁸
1239 5487 1515 5539 σκεπεινῶ
1553 5487 1596 5540 Ο
1630 5527 1643 5540 .
1669 5499 1724 5540 et
1770 5489 2018 5540 posthac.
2053 5487 2190 5540 Tum
2228 5490 2300 5540 id.
2337 5489 2417 5540 Τὰ
2448 5491 2541 5540 τοῦ
2578 5489 2951 5540 ϐαπτίσματος
2985 5487 3132 5540 σγεδι
3177 5505 3356 5540 σωμεν
3389 5488 3465 5540 (in

205 5487 240 5518 "
266 5485 822 5558 ἀκουλουθησάτωσάν
864 5485 958 5558 μοι
1159 5487 1201 5518 ⁸⁸
1239 5487 1519 5558 σκεπεινῶ
1553 5487 1596 5540 Ο
1630 5527 1643 5550 ,
1669 5499 1724 5541 et

203 5556 658 5632 93393995909
707 5558 804 5632 καὶ
835 5557 1008 5632 νόθον)
1043 5573 1096 5626 p.
1131 5559 1203 5632 ἐν⁸
1241 5557 1614 5632 ἀκατ-ασκόπῳ
1657 5556 1932 5632 ⁸βαπτίσας.
1989 5559 2159 5632 αὐτὴν
2217 5559 2554 5632 δυνηθῶμεν.

205 5625 335 5693 Epit.
362 5625 481 5679 “0'
503 5637 556 5682 et
577 5625 622 5679 0
651 5667 666 5683 .
697 5629 847 5681 deest
875 5628 930 5681 in
964 5625 1111 5682 textu
1143 5627 1227 5694 Qi.
1304 5630 1348 5660 ”
1375 5627 1467 5680 ἐπί
1512 5625 1757 5696 supplevi
1794 5644 1860 5682 ex
1885 5627 1950 5683 0.

203 5712 252 5771 γἶ
283 5697 428 5764 conj.
550 5769 558 5771 ᾗ
599 5699 640 5730 ¹⁷
664 5697 757 5771 καί
785 5699 914 5771 add.
947 5697 1130 5771 c.4_0.~
1157 5697 1234 5751 Ex
1278 5699 1469 5771 eodem
1517 5700 1734 5771 reposui
1782 5699 1906 5771 ἡμῖν
1928 5739 1944 5766 ,
1979 5701 2123 5770 quod
2173 5703 2389 5767 transiit
2415 5703 2472 5754 S.
2509 5696 2658 5766 Tum
2681 5699 3108 5771 συνεστιᾲθημεν
3136 5698 3199 5752 C.

207 5766 411 5838 ρίεργος
455 5765 601 5839 Epit.
683 5769 723 5800 ιθ
749 5767 963 5825 κλέπων
996 5768 1060 5826 0.
1099 5768 1346 5842 Sequens
1374 5767 1467 5826 καί
1495 5765 1732 5838 θιἸίρὶι.
1758 5765 1879 5826 υῐῸ

1770 5489 2018 5562 posthac.
2038 5487 2190 5562 _T_um
2223 5490 2300 5562 id.
2448 5491 2541 5543 τοῦ
2577 5489 2951 5562 βαπτίσματος
2985 5487 3356 5562 σχεδιάσωμεν
3389 5488 3468 5562 (in

3313 5561 3356 5590 "
3380 5556 3472 5610 καί

2031 5629 2074 5660 ¹⁶
2104 5627 2196 5730 καὶ
2227 5627 2451 5694 ταύταις
2482 5634 2602 5730 ταῖς
2635 5629 2878 5699 γυναιξίν
2907 5630 2964 5730 0‘
2980 5669 2995 5692 ,
3024 5631 3115 5682 καὶ
3136 5629 3258 5730 Σαῖς
3280 5627 3474 5730 illam;

2031 5716 2103 5730 tun.
2174 5703 2382 5730 Ιινηὶιιβζῖί
2415 5703 2449 5730 Ω
2537 5703 2646 5730 ἠηι
2681 5701 2929 5730 -.ην-ρᾶοᾶ
2971 5716 3108 5730 ..λιιι-ιι
3371 5715 3472 5730 ποι*

3371 5715 3473 5754 πε-

2389 5773 2433 5804 ²⁰
2459 5755 2788 5828 militi-serui
2818 5787 2866 5827 c.
2899 5769 2964 5826 0.
2991 5755 3084 5831 ”,²¹
3135 5769 3240 5824 ὑπό
3261 5771 3323 5826 0.
3437 5755 3442 5762 ’

2655 5561 2698 5592 ¹³
2728 5560 2820 5612 τὸν
2875 5559 3119 5627 αἰγιαλόν
3173 5561 3230 5610 (Σ.

1909 5811 1926 5840 ,
1956 5771 2108 5828 deest
2131 5789 2217 5842 ap.
2247 5772 2311 5828 C.
