  <div class='ocr_page' id='page_1' title='image "/cluster/home/n/w/nwhite01/storage/ocr_20150623/2/nnc1.0114695790/219.png"; bbox 0 0 3860 6210; ppageno 0'>
   <div class='ocr_carea' id='block_1_1' title="bbox 438 333 547 392">
    <p class='ocr_par' dir='ltr' id='par_1_1' title="bbox 438 333 547 392">
     <span class='ocr_line' id='line_1_1' title="bbox 438 333 547 392; baseline -0.018 0"><span class='ocrx_word' id='word_1_1' title='bbox 438 333 547 392; x_wconf 71' lang='grc'><strong>347</strong></span> 
     </span>
    </p>
   </div>
   <div class='ocr_carea' id='block_1_2' title="bbox 1296 333 2830 398">
    <p class='ocr_par' dir='ltr' id='par_1_2' title="bbox 1296 333 2830 398">
     <span class='ocr_line' id='line_1_2' title="bbox 1296 333 2830 398; baseline 0.005 -8"><span class='ocrx_word' id='word_1_2' title='bbox 1296 333 1350 390; x_wconf 80' lang='grc' dir='ltr'><strong>ς.</strong></span> <span class='ocrx_word' id='word_1_3' title='bbox 1392 333 1781 390; x_wconf 62' lang='lat' dir='ltr'><strong>CLEMENTIS</strong></span> <span class='ocrx_word' id='word_1_4' title='bbox 1817 334 1837 388; x_wconf 90' lang='grc' dir='ltr'><strong>Ι</strong></span> <span class='ocrx_word' id='word_1_5' title='bbox 1893 335 2056 390; x_wconf 76' lang='lat' dir='ltr'><strong>ROM.</strong></span> <span class='ocrx_word' id='word_1_6' title='bbox 2100 336 2298 391; x_wconf 69' lang='grc' dir='ltr'><strong>ΡΟΝΤ.</strong></span> <span class='ocrx_word' id='word_1_7' title='bbox 2343 337 2569 391; x_wconf 76' lang='lat' dir='ltr'><strong>OPERA</strong></span> <span class='ocrx_word' id='word_1_8' title='bbox 2605 341 2830 398; x_wconf 74' lang='lat' dir='ltr'><strong>DUBIA.</strong></span> 
     </span>
    </p>
   </div>
   <div class='ocr_carea' id='block_1_3' title="bbox 3593 347 3703 404">
    <p class='ocr_par' dir='ltr' id='par_1_3' title="bbox 3593 347 3703 404">
     <span class='ocr_line' id='line_1_3' title="bbox 3593 347 3703 404; baseline 0.009 -1"><span class='ocrx_word' id='word_1_9' title='bbox 3593 347 3703 404; x_wconf 67' lang='grc'><strong>548</strong></span> 
     </span>
    </p>
   </div>
   <div class='ocr_carea' id='block_1_4' title="bbox 431 449 2008 530">
    <p class='ocr_par' dir='ltr' id='par_1_4' title="bbox 431 449 2008 522">
     <span class='ocr_line' id='line_1_4' title="bbox 431 449 2008 522; baseline -0.002 -16"><span class='ocrx_word' id='word_1_10' title='bbox 431 449 615 506; x_wconf 86' lang='lat' dir='ltr'><strong>locum</strong></span> <span class='ocrx_word' id='word_1_11' title='bbox 647 470 661 506; x_wconf 88' lang='lat'><strong>:</strong></span> <span class='ocrx_word' id='word_1_12' title='bbox 719 451 987 507; x_wconf 79' lang='lat' dir='ltr'><strong>accedens</strong></span> <span class='ocrx_word' id='word_1_13' title='bbox 1019 467 1150 522; x_wconf 83' lang='lat' dir='ltr'><strong>ergo</strong></span> <span class='ocrx_word' id='word_1_14' title='bbox 1172 493 1186 518; x_wconf 90' lang='lat'><strong>,</strong></span> <span class='ocrx_word' id='word_1_15' title='bbox 1228 460 1282 506; x_wconf 84' lang='lat' dir='ltr'><strong>et</strong></span> <span class='ocrx_word' id='word_1_16' title='bbox 1330 453 1629 505; x_wconf 86' lang='lat' dir='ltr'><strong>observans</strong></span> <span class='ocrx_word' id='word_1_17' title='bbox 1659 453 1725 506; x_wconf 85' lang='lat' dir='ltr'><strong>dc</strong></span> <span class='ocrx_word' id='word_1_18' title='bbox 1762 453 2008 516; x_wconf 82' lang='lat' dir='ltr'><strong>occulto,</strong></span> 
     </span>
    </p>
   </div>
   <div class='ocr_carea' id='block_1_5' title="bbox 2098 449 3700 530">
    <p class='ocr_par' dir='ltr' id='par_1_5' title="bbox 2119 455 3700 530">
     <span class='ocr_line' id='line_1_5' title="bbox 2119 455 3700 530; baseline 0.003 -25"><span class='ocrx_word' id='word_1_19' title='bbox 2119 456 2581 526; x_wconf 83' lang='grc' dir='ltr'>ὑποχωρήσαντας</span> <span class='ocrx_word' id='word_1_20' title='bbox 2613 456 2753 517; x_wconf 78' lang='grc' dir='ltr'>ἰδὼν,</span> <span class='ocrx_word' id='word_1_21' title='bbox 2782 455 3092 527; x_wconf 86' lang='grc' dir='ltr'>προσελθὼν</span> <span class='ocrx_word' id='word_1_22' title='bbox 3120 457 3290 530; x_wconf 84' lang='grc' dir='ltr'>λάθρα</span> <span class='ocrx_word' id='word_1_23' title='bbox 3323 461 3700 516; x_wconf 67' lang='grc' dir='ltr'>κατεσκόπουν</span> 
     </span>
    </p>
   </div>
   <div class='ocr_carea' id='block_1_6' title="bbox 433 543 2010 614">
    <p class='ocr_par' dir='ltr' id='par_1_6' title="bbox 433 543 2010 614">
     <span class='ocr_line' id='line_1_6' title="bbox 433 543 2010 614; baseline 0.001 -18"><span class='ocrx_word' id='word_1_24' title='bbox 433 543 564 612; x_wconf 84' lang='lat' dir='ltr'><strong>quid</strong></span> <span class='ocrx_word' id='word_1_25' title='bbox 607 543 658 596; x_wconf 94' lang='lat' dir='ltr'><strong>in</strong></span> <span class='ocrx_word' id='word_1_26' title='bbox 708 553 980 599; x_wconf 90' lang='lat' dir='ltr'><strong>secretum</strong></span> <span class='ocrx_word' id='word_1_27' title='bbox 1032 543 1264 614; x_wconf 83' lang='lat' dir='ltr'><strong>ingressi</strong></span> <span class='ocrx_word' id='word_1_28' title='bbox 1316 544 1548 613; x_wconf 86' lang='lat' dir='ltr'><strong>ageretis</strong></span> <span class='ocrx_word' id='word_1_29' title='bbox 1575 586 1590 608; x_wconf 88' lang='lat'><strong>,</strong></span> <span class='ocrx_word' id='word_1_30' title='bbox 1626 560 1748 598; x_wconf 94' lang='lat' dir='ltr'><strong>cum</strong></span> <span class='ocrx_word' id='word_1_31' title='bbox 1791 554 2010 598; x_wconf 81' lang='lat' dir='ltr'><strong>orantes</strong></span> 
     </span>
    </p>
   </div>
   <div class='ocr_carea' id='block_1_7' title="bbox 432 635 2008 706">
    <p class='ocr_par' dir='ltr' id='par_1_7' title="bbox 432 635 2008 706">
     <span class='ocr_line' id='line_1_7' title="bbox 432 635 2008 706; baseline 0.001 -18"><span class='ocrx_word' id='word_1_32' title='bbox 432 635 825 704; x_wconf 85' lang='lat' dir='ltr'><strong>inspexissem,</strong></span> <span class='ocrx_word' id='word_1_33' title='bbox 863 637 1112 690; x_wconf 81' lang='lat' dir='ltr'><strong>secessi:</strong></span> <span class='ocrx_word' id='word_1_34' title='bbox 1166 644 1220 690; x_wconf 88' lang='lat' dir='ltr'><strong>et</strong></span> <span class='ocrx_word' id='word_1_35' title='bbox 1271 650 1369 688; x_wconf 82' lang='lat' dir='ltr'><strong>vos</strong></span> <span class='ocrx_word' id='word_1_36' title='bbox 1417 637 1710 690; x_wconf 77' lang='lat' dir='ltr'><strong>miseratus</strong></span> <span class='ocrx_word' id='word_1_37' title='bbox 1768 637 2008 706; x_wconf 86' lang='lat' dir='ltr'><strong>opperiri</strong></span> 
     </span>
    </p>
   </div>
   <div class='ocr_carea' id='block_1_8' title="bbox 431 727 2010 797">
    <p class='ocr_par' dir='ltr' id='par_1_8' title="bbox 431 727 2010 797">
     <span class='ocr_line' id='line_1_8' title="bbox 431 727 2010 797; baseline 0.001 -17"><span class='ocrx_word' id='word_1_38' title='bbox 431 727 590 795; x_wconf 75' lang='lat' dir='ltr'><strong>ccepi,</strong></span> <span class='ocrx_word' id='word_1_39' title='bbox 617 741 908 796; x_wconf 90' lang='lat' dir='ltr'><strong>usquequo</strong></span> <span class='ocrx_word' id='word_1_40' title='bbox 935 742 1187 797; x_wconf 84' lang='lat' dir='ltr'><strong>egressos</strong></span> <span class='ocrx_word' id='word_1_41' title='bbox 1216 727 1541 796; x_wconf 87' lang='lat' dir='ltr'><strong>alluquerer,</strong></span> <span class='ocrx_word' id='word_1_42' title='bbox 1569 742 1633 781; x_wconf 88' lang='lat' dir='ltr'><strong>ac</strong></span> <span class='ocrx_word' id='word_1_43' title='bbox 1655 729 1909 781; x_wconf 90' lang='lat' dir='ltr'><strong>docerem</strong></span> <span class='ocrx_word' id='word_1_44' title='bbox 1943 745 2010 782; x_wconf 93' lang='lat' dir='ltr'><strong>ne</strong></span> 
     </span>
    </p>
   </div>
   <div class='ocr_carea' id='block_1_9' title="bbox 426 815 2004 890">
    <p class='ocr_par' dir='ltr' id='par_1_9' title="bbox 426 815 2004 890">
     <span class='ocr_line' id='line_1_9' title="bbox 426 815 2004 890; baseline 0.001 -18"><span class='ocrx_word' id='word_1_45' title='bbox 426 817 647 872; x_wconf 88' lang='lat' dir='ltr'><strong>erretis.</strong></span> <span class='ocrx_word' id='word_1_46' title='bbox 678 816 818 883; x_wconf 86' lang='lat' dir='ltr'><strong>Quia</strong></span> <span class='ocrx_word' id='word_1_47' title='bbox 862 833 1040 886; x_wconf 91' lang='lat' dir='ltr'><strong>neque</strong></span> <span class='ocrx_word' id='word_1_48' title='bbox 1069 815 1211 872; x_wconf 90' lang='lat' dir='ltr'><strong>Deus</strong></span> <span class='ocrx_word' id='word_1_49' title='bbox 1242 827 1361 882; x_wconf 89' lang='lat' dir='ltr'><strong>est,</strong></span> <span class='ocrx_word' id='word_1_50' title='bbox 1417 833 1593 887; x_wconf 88' lang='lat' dir='ltr'><strong>neque</strong></span> <span class='ocrx_word' id='word_1_51' title='bbox 1642 819 2004 890; x_wconf 88' lang='lat' dir='ltr'><strong>providentia,</strong></span> 
     </span>
    </p>
   </div>
   <div class='ocr_carea' id='block_1_10' title="bbox 425 905 2008 978">
    <p class='ocr_par' dir='ltr' id='par_1_10' title="bbox 425 905 2008 978">
     <span class='ocr_line' id='line_1_10' title="bbox 425 905 2008 978; baseline 0.001 -19"><span class='ocrx_word' id='word_1_52' title='bbox 425 907 521 960; x_wconf 88' lang='lat' dir='ltr'><strong>sed</strong></span> <span class='ocrx_word' id='word_1_53' title='bbox 555 907 739 976; x_wconf 78' lang='lat' dir='ltr'><strong>genesi</strong></span> <span class='ocrx_word' id='word_1_54' title='bbox 776 905 959 959; x_wconf 86' lang='lat' dir='ltr'><strong>omnia</strong></span> <span class='ocrx_word' id='word_1_55' title='bbox 993 905 1308 973; x_wconf 88' lang='lat' dir='ltr'><strong>subjacenl,</strong></span> <span class='ocrx_word' id='word_1_56' title='bbox 1343 907 1484 961; x_wconf 83' lang='lat' dir='ltr'><strong>sicut</strong></span> <span class='ocrx_word' id='word_1_57' title='bbox 1525 923 1624 976; x_wconf 87' lang='lat' dir='ltr'><strong>ego</strong></span> <span class='ocrx_word' id='word_1_58' title='bbox 1655 923 1723 961; x_wconf 82' lang='lat' dir='ltr'><strong>ex</strong></span> <span class='ocrx_word' id='word_1_59' title='bbox 1753 909 1819 963; x_wconf 93' lang='lat' dir='ltr'><strong>iis</strong></span> <span class='ocrx_word' id='word_1_60' title='bbox 1842 949 1856 972; x_wconf 92' lang='lat'><strong>,</strong></span> <span class='ocrx_word' id='word_1_61' title='bbox 1887 925 2008 978; x_wconf 85' lang='lat' dir='ltr'><strong>quae</strong></span> 
     </span>
    </p>
   </div>
   <div class='ocr_carea' id='block_1_11' title="bbox 429 997 2008 1068">
    <p class='ocr_par' dir='ltr' id='par_1_11' title="bbox 429 997 2008 1068">
     <span class='ocr_line' id='line_1_11' title="bbox 429 997 2008 1068; baseline 0.001 -18"><span class='ocrx_word' id='word_1_62' title='bbox 429 999 562 1052; x_wconf 87' lang='lat' dir='ltr'><strong>mihi</strong></span> <span class='ocrx_word' id='word_1_63' title='bbox 598 998 950 1064; x_wconf 87' lang='lat' dir='ltr'><strong>acciderunt,</strong></span> <span class='ocrx_word' id='word_1_64' title='bbox 984 997 1432 1054; x_wconf 75' lang='lat' dir='ltr'><strong>manifestissime</strong></span> <span class='ocrx_word' id='word_1_65' title='bbox 1463 1000 1724 1068; x_wconf 86' lang='lat' dir='ltr'><strong>comperi,</strong></span> <span class='ocrx_word' id='word_1_66' title='bbox 1755 999 1806 1052; x_wconf 92' lang='lat' dir='ltr'><strong>in</strong></span> <span class='ocrx_word' id='word_1_67' title='bbox 1841 999 2008 1053; x_wconf 91' lang='lat' dir='ltr'><strong>disci-</strong></span> 
     </span>
    </p>
   </div>
   <div class='ocr_carea' id='block_1_12' title="bbox 425 1089 2003 1160">
    <p class='ocr_par' dir='ltr' id='par_1_12' title="bbox 425 1089 2003 1160">
     <span class='ocr_line' id='line_1_12' title="bbox 425 1089 2003 1160; baseline 0 -18"><span class='ocrx_word' id='word_1_68' title='bbox 425 1093 573 1159; x_wconf 82' lang='lat' dir='ltr'><strong>plina</strong></span> <span class='ocrx_word' id='word_1_69' title='bbox 611 1091 919 1144; x_wconf 84' lang='lat' dir='ltr'><strong>matheseos</strong></span> <span class='ocrx_word' id='word_1_70' title='bbox 948 1089 1062 1158; x_wconf 81' lang='lat' dir='ltr'><strong>jam</strong></span> <span class='ocrx_word' id='word_1_71' title='bbox 1125 1092 1333 1158; x_wconf 84' lang='lat' dir='ltr'><strong>pridem</strong></span> <span class='ocrx_word' id='word_1_72' title='bbox 1397 1091 1684 1160; x_wconf 81' lang='lat' dir='ltr'><strong>diligenter</strong></span> <span class='ocrx_word' id='word_1_73' title='bbox 1737 1091 2003 1144; x_wconf 84' lang='lat' dir='ltr'><strong>eruditus.</strong></span> 
     </span>
    </p>
   </div>
   <div class='ocr_carea' id='block_1_13' title="bbox 424 1181 2002 1250">
    <p class='ocr_par' dir='ltr' id='par_1_13' title="bbox 424 1181 2002 1250">
     <span class='ocr_line' id='line_1_13' title="bbox 424 1181 2002 1250; baseline -0.002 -14"><span class='ocrx_word' id='word_1_74' title='bbox 424 1181 548 1236; x_wconf 87' lang='lat' dir='ltr'><strong>Noli</strong></span> <span class='ocrx_word' id='word_1_75' title='bbox 587 1197 717 1250; x_wconf 85' lang='lat' dir='ltr'><strong>ergo</strong></span> <span class='ocrx_word' id='word_1_76' title='bbox 762 1197 969 1248; x_wconf 83' lang='lat' dir='ltr'><strong>errare,</strong></span> <span class='ocrx_word' id='word_1_77' title='bbox 1015 1182 1112 1236; x_wconf 85' lang='lat' dir='ltr'><strong>fili.</strong></span> <span class='ocrx_word' id='word_1_78' title='bbox 1154 1182 1280 1236; x_wconf 84' lang='lat' dir='ltr'><strong>Sive</strong></span> <span class='ocrx_word' id='word_1_79' title='bbox 1323 1182 1467 1236; x_wconf 92' lang='lat' dir='ltr'><strong>enim</strong></span> <span class='ocrx_word' id='word_1_80' title='bbox 1501 1198 1661 1243; x_wconf 88' lang='lat' dir='ltr'><strong>ores,</strong></span> <span class='ocrx_word' id='word_1_81' title='bbox 1713 1182 1827 1235; x_wconf 86' lang='lat' dir='ltr'><strong>sive</strong></span> <span class='ocrx_word' id='word_1_82' title='bbox 1861 1198 2002 1244; x_wconf 90' lang='lat' dir='ltr'><strong>non,</strong></span> 
     </span>
    </p>
   </div>
   <div class='ocr_carea' id='block_1_14' title="bbox 424 1272 2005 1341">
    <p class='ocr_par' dir='ltr' id='par_1_14' title="bbox 424 1272 2005 1341">
     <span class='ocr_line' id='line_1_14' title="bbox 424 1272 2005 1341; baseline 0 -15"><span class='ocrx_word' id='word_1_83' title='bbox 424 1289 548 1341; x_wconf 78' lang='lat' dir='ltr'><strong>quae</strong></span> <span class='ocrx_word' id='word_1_84' title='bbox 579 1272 796 1339; x_wconf 75' lang='lat' dir='ltr'><strong>genesis</strong></span> <span class='ocrx_word' id='word_1_85' title='bbox 827 1281 920 1326; x_wconf 90' lang='lat' dir='ltr'><strong>tua</strong></span> <span class='ocrx_word' id='word_1_86' title='bbox 957 1274 1222 1339; x_wconf 86' lang='lat' dir='ltr'><strong>continet,</strong></span> <span class='ocrx_word' id='word_1_87' title='bbox 1262 1274 1376 1327; x_wconf 66' lang='lat' dir='ltr'><strong>haec</strong></span> <span class='ocrx_word' id='word_1_88' title='bbox 1411 1273 1505 1326; x_wconf 89' lang='lat' dir='ltr'><strong>tibi</strong></span> <span class='ocrx_word' id='word_1_89' title='bbox 1541 1273 1787 1327; x_wconf 74' lang='lat' dir='ltr'><strong>accident</strong></span> <span class='ocrx_word' id='word_1_90' title='bbox 1819 1288 2005 1326; x_wconf 89' lang='lat' dir='ltr'><strong>neces-</strong></span> 
     </span>
    </p>
   </div>
   <div class='ocr_carea' id='block_1_15' title="bbox 424 1361 2002 1433">
    <p class='ocr_par' dir='ltr' id='par_1_15' title="bbox 424 1361 2002 1433">
     <span class='ocr_line' id='line_1_15' title="bbox 424 1361 2002 1433; baseline -0.001 -17"><span class='ocrx_word' id='word_1_91' title='bbox 424 1363 591 1417; x_wconf 87' lang='lat' dir='ltr'><strong>sario.</strong></span> <span class='ocrx_word' id='word_1_92' title='bbox 638 1361 772 1417; x_wconf 83' lang='lat' dir='ltr'><strong>Nam</strong></span> <span class='ocrx_word' id='word_1_93' title='bbox 836 1364 881 1417; x_wconf 90' lang='lat' dir='ltr'><strong>si</strong></span> <span class='ocrx_word' id='word_1_94' title='bbox 923 1379 1112 1433; x_wconf 87' lang='lat' dir='ltr'><strong>preces</strong></span> <span class='ocrx_word' id='word_1_95' title='bbox 1165 1372 1389 1433; x_wconf 88' lang='lat' dir='ltr'><strong>possent</strong></span> <span class='ocrx_word' id='word_1_96' title='bbox 1422 1363 1671 1432; x_wconf 89' lang='lat' dir='ltr'><strong>aliquid,</strong></span> <span class='ocrx_word' id='word_1_97' title='bbox 1722 1364 1806 1417; x_wconf 88' lang='lat' dir='ltr'><strong>vel</strong></span> <span class='ocrx_word' id='word_1_98' title='bbox 1862 1363 2002 1417; x_wconf 90' lang='lat' dir='ltr'><strong>bona</strong></span> 
     </span>
    </p>
   </div>
   <div class='ocr_carea' id='block_1_16' title="bbox 423 1453 2002 1522">
    <p class='ocr_par' dir='ltr' id='par_1_16' title="bbox 423 1453 2002 1522">
     <span class='ocr_line' id='line_1_16' title="bbox 423 1453 2002 1522; baseline 0.001 -18"><span class='ocrx_word' id='word_1_99' title='bbox 423 1469 611 1522; x_wconf 75' lang='lat' dir='ltr'><strong>opera,</strong></span> <span class='ocrx_word' id='word_1_100' title='bbox 650 1453 764 1522; x_wconf 85' lang='lat' dir='ltr'><strong>ipse</strong></span> <span class='ocrx_word' id='word_1_101' title='bbox 802 1453 944 1507; x_wconf 89' lang='lat' dir='ltr'><strong>inter</strong></span> <span class='ocrx_word' id='word_1_102' title='bbox 1005 1454 1279 1508; x_wconf 84' lang='lat' dir='ltr'><strong>feliciores</strong></span> <span class='ocrx_word' id='word_1_103' title='bbox 1312 1469 1511 1508; x_wconf 90' lang='lat' dir='ltr'><strong>essem.</strong></span> <span class='ocrx_word' id='word_1_104' title='bbox 1549 1453 1627 1509; x_wconf 87' lang='lat' dir='ltr'><strong>Ac</strong></span> <span class='ocrx_word' id='word_1_105' title='bbox 1682 1469 1860 1520; x_wconf 68' lang='lat' dir='ltr'><strong>i&#39;mnc,</strong></span> <span class='ocrx_word' id='word_1_106' title='bbox 1897 1454 2002 1507; x_wconf 92' lang='lat' dir='ltr'><strong>nisi</strong></span> 
     </span>
    </p>
   </div>
   <div class='ocr_carea' id='block_1_17' title="bbox 424 1542 2002 1612">
    <p class='ocr_par' dir='ltr' id='par_1_17' title="bbox 424 1542 2002 1612">
     <span class='ocr_line' id='line_1_17' title="bbox 424 1542 2002 1612; baseline 0.001 -17"><span class='ocrx_word' id='word_1_107' title='bbox 424 1552 477 1595; x_wconf 93' lang='lat' dir='ltr'><strong>te</strong></span> <span class='ocrx_word' id='word_1_108' title='bbox 509 1543 713 1612; x_wconf 89' lang='lat' dir='ltr'><strong>decipit</strong></span> <span class='ocrx_word' id='word_1_109' title='bbox 760 1543 876 1598; x_wconf 63' lang='lat' dir='ltr'><strong>hiec</strong></span> <span class='ocrx_word' id='word_1_110' title='bbox 910 1543 1240 1612; x_wconf 83' lang='lat' dir='ltr'><strong>paupercula</strong></span> <span class='ocrx_word' id='word_1_111' title='bbox 1275 1558 1392 1596; x_wconf 90' lang='lat' dir='ltr'><strong>mea</strong></span> <span class='ocrx_word' id='word_1_112' title='bbox 1428 1543 1628 1608; x_wconf 90' lang='lat' dir='ltr'><strong>vestis,</strong></span> <span class='ocrx_word' id='word_1_113' title='bbox 1665 1543 1828 1596; x_wconf 90' lang='lat' dir='ltr'><strong>dictis</strong></span> <span class='ocrx_word' id='word_1_114' title='bbox 1869 1542 2002 1596; x_wconf 71' lang='lat' dir='ltr'><strong>nmis</strong></span> 
     </span>
    </p>
   </div>
   <div class='ocr_carea' id='block_1_18' title="bbox 423 1617 2003 1708">
    <p class='ocr_par' dir='ltr' id='par_1_18' title="bbox 423 1617 2003 1708">
     <span class='ocr_line' id='line_1_18' title="bbox 423 1617 2003 1708; baseline -0.002 -20"><span class='ocrx_word' id='word_1_115' title='bbox 423 1650 534 1688; x_wconf 90' lang='lat' dir='ltr'><strong>non</strong></span> <span class='ocrx_word' id='word_1_116' title='bbox 563 1633 795 1688; x_wconf 84' lang='lat' dir='ltr'><strong>diﬂidas.</strong></span> <span class='ocrx_word' id='word_1_117' title='bbox 829 1633 968 1708; x_wconf 74' lang='lat' dir='ltr'><strong>cum</strong></span> <span class='ocrx_word' id='word_1_118' title='bbox 1015 1635 1143 1687; x_wconf 91' lang='lat' dir='ltr'><strong>olim</strong></span> <span class='ocrx_word' id='word_1_119' title='bbox 1193 1634 1248 1686; x_wconf 91' lang='lat' dir='ltr'><strong>in</strong></span> <span class='ocrx_word' id='word_1_120' title='bbox 1282 1649 1480 1702; x_wconf 79' lang='lat' dir='ltr'><strong>magna</strong></span> <span class='ocrx_word' id='word_1_121' title='bbox 1521 1634 1788 1698; x_wconf 84' lang='lat' dir='ltr'><strong>bonorum</strong></span> <span class='ocrx_word' id='word_1_122' title='bbox 1828 1617 2003 1687; x_wconf 83' lang='lat' dir='ltr'><strong>abun-</strong></span> 
     </span>
    </p>
   </div>
   <div class='ocr_carea' id='block_1_19' title="bbox 422 1725 1996 1791">
    <p class='ocr_par' dir='ltr' id='par_1_19' title="bbox 422 1725 1996 1791">
     <span class='ocr_line' id='line_1_19' title="bbox 422 1725 1996 1791; baseline -0.001 -13"><span class='ocrx_word' id='word_1_123' title='bbox 422 1725 610 1778; x_wconf 88' lang='lat' dir='ltr'><strong>dantia</strong></span> <span class='ocrx_word' id='word_1_124' title='bbox 645 1741 930 1791; x_wconf 86' lang='lat' dir='ltr'><strong>versarer,</strong></span> <span class='ocrx_word' id='word_1_125' title='bbox 963 1727 1135 1780; x_wconf 90' lang='lat' dir='ltr'><strong>multa</strong></span> <span class='ocrx_word' id='word_1_126' title='bbox 1169 1735 1280 1780; x_wconf 92' lang='lat' dir='ltr'><strong>tum</strong></span> <span class='ocrx_word' id='word_1_127' title='bbox 1333 1725 1439 1780; x_wconf 90' lang='lat' dir='ltr'><strong>diis</strong></span> <span class='ocrx_word' id='word_1_128' title='bbox 1476 1725 1848 1789; x_wconf 87' lang='lat' dir='ltr'><strong>immolabam,</strong></span> <span class='ocrx_word' id='word_1_129' title='bbox 1885 1735 1996 1778; x_wconf 89' lang='lat' dir='ltr'><strong>tum</strong></span> 
     </span>
    </p>
   </div>
   <div class='ocr_carea' id='block_1_20' title="bbox 2110 543 3702 627">
    <p class='ocr_par' dir='ltr' id='par_1_20' title="bbox 2110 543 3702 627">
     <span class='ocr_line' id='line_1_20' title="bbox 2110 543 3702 627; baseline 0.008 -33"><span class='ocrx_word' id='word_1_130' title='bbox 2110 543 2172 595; x_wconf 82' lang='grc' dir='ltr'>τὸ</span> <span class='ocrx_word' id='word_1_131' title='bbox 2203 544 2254 595; x_wconf 86' lang='grc' dir='ltr'><strong>τί</strong></span> <span class='ocrx_word' id='word_1_132' title='bbox 2286 545 2352 597; x_wconf 82' lang='grc' dir='ltr'><strong>ἂν</strong></span> <span class='ocrx_word' id='word_1_133' title='bbox 2385 547 2445 598; x_wconf 83' lang='grc' dir='ltr'><strong>ἐν</strong></span> <span class='ocrx_word' id='word_1_134' title='bbox 2471 547 2724 618; x_wconf 78' lang='grc' dir='ltr'>κρυφαίῳ</span> <span class='ocrx_word' id='word_1_135' title='bbox 2749 549 3012 610; x_wconf 76' lang='grc' dir='ltr'><strong>εἰσιόντες</strong></span> <span class='ocrx_word' id='word_1_136' title='bbox 3038 549 3350 618; x_wconf 83' lang='grc' dir='ltr'>πράττοιτε,</span> <span class='ocrx_word' id='word_1_137' title='bbox 3379 554 3472 605; x_wconf 79' lang='grc' dir='ltr'>καὶ</span> <span class='ocrx_word' id='word_1_138' title='bbox 3503 555 3702 627; x_wconf 74' lang='grc' dir='ltr'>ἐπειδὴ</span> 
     </span>
    </p>
   </div>
   <div class='ocr_carea' id='block_1_21' title="bbox 2110 634 3704 712">
    <p class='ocr_par' dir='ltr' id='par_1_21' title="bbox 2110 634 3704 712">
     <span class='ocr_line' id='line_1_21' title="bbox 2110 634 3704 712; baseline 0.006 -27"><span class='ocrx_word' id='word_1_139' title='bbox 2110 635 2437 704; x_wconf 79' lang='grc' dir='ltr'><strong>εὐχομένους</strong></span> <span class='ocrx_word' id='word_1_140' title='bbox 2485 634 2622 689; x_wconf 85' lang='grc' dir='ltr'>εἶδον</span> <span class='ocrx_word' id='word_1_141' title='bbox 2661 639 2727 699; x_wconf 84' lang='grc'>”,</span> <span class='ocrx_word' id='word_1_142' title='bbox 2772 638 3134 708; x_wconf 81' lang='grc' dir='ltr'><strong>ὑπεχώρησα·</strong></span> <span class='ocrx_word' id='word_1_143' title='bbox 3184 639 3410 710; x_wconf 79' lang='grc' dir='ltr'>ἐλεήσας</span> <span class='ocrx_word' id='word_1_144' title='bbox 3448 640 3502 692; x_wconf 87' lang='grc' dir='ltr'>δὲ</span> <span class='ocrx_word' id='word_1_145' title='bbox 3548 643 3704 712; x_wconf 73' lang='grc' dir='ltr'>ὑμᾶς</span> 
     </span>
    </p>
   </div>
   <div class='ocr_carea' id='block_1_22' title="bbox 2111 724 3701 807">
    <p class='ocr_par' dir='ltr' id='par_1_22' title="bbox 2111 724 3701 807">
     <span class='ocr_line' id='line_1_22' title="bbox 2111 724 3701 807; baseline 0.007 -32"><span class='ocrx_word' id='word_1_146' title='bbox 2111 724 2388 794; x_wconf 83' lang='grc' dir='ltr'><strong>ἀνέμεινα,</strong></span> <span class='ocrx_word' id='word_1_147' title='bbox 2435 728 2584 791; x_wconf 80' lang='grc' dir='ltr'>ὅπως</span> <span class='ocrx_word' id='word_1_148' title='bbox 2627 728 2830 795; x_wconf 81' lang='grc' dir='ltr'>ἐξιοῦσι</span> <span class='ocrx_word' id='word_1_149' title='bbox 2852 731 2898 764; x_wconf 76' lang='grc'><strong>’³</strong></span> <span class='ocrx_word' id='word_1_150' title='bbox 2943 730 3350 801; x_wconf 80' lang='grc' dir='ltr'>προσομιλήσας</span> <span class='ocrx_word' id='word_1_151' title='bbox 3392 733 3564 786; x_wconf 84' lang='grc' dir='ltr'>πείσω</span> <span class='ocrx_word' id='word_1_152' title='bbox 3616 737 3701 807; x_wconf 83' lang='grc' dir='ltr'>μὴ</span> 
     </span>
    </p>
   </div>
   <div class='ocr_carea' id='block_1_23' title="bbox 2111 813 3705 891">
    <p class='ocr_par' dir='ltr' id='par_1_23' title="bbox 2111 813 3705 891">
     <span class='ocr_line' id='line_1_23' title="bbox 2111 813 3705 891; baseline 0.006 -25"><span class='ocrx_word' id='word_1_153' title='bbox 2111 813 2444 868; x_wconf 75' lang='grc' dir='ltr'>ἀπατᾶσθαι.</span> <span class='ocrx_word' id='word_1_154' title='bbox 2471 816 2608 869; x_wconf 77' lang='grc' dir='ltr'>Οῦτε</span> <span class='ocrx_word' id='word_1_155' title='bbox 2632 818 2741 889; x_wconf 81' lang='grc' dir='ltr'>γὰρ</span> <span class='ocrx_word' id='word_1_156' title='bbox 2765 819 2898 881; x_wconf 80' lang='grc' dir='ltr'>Θεὸς</span> <span class='ocrx_word' id='word_1_157' title='bbox 2926 819 3101 884; x_wconf 78' lang='grc' dir='ltr'>ἔστιν,</span> <span class='ocrx_word' id='word_1_158' title='bbox 3129 819 3250 873; x_wconf 76' lang='grc' dir='ltr'>οὔτε</span> <span class='ocrx_word' id='word_1_159' title='bbox 3280 823 3528 891; x_wconf 88' lang='grc' dir='ltr'>πρόνοια,</span> <span class='ocrx_word' id='word_1_160' title='bbox 3556 824 3705 877; x_wconf 86' lang='grc' dir='ltr'><strong>ἀλλά</strong></span> 
     </span>
    </p>
   </div>
   <div class='ocr_carea' id='block_1_24' title="bbox 2108 905 3704 980">
    <p class='ocr_par' dir='ltr' id='par_1_24' title="bbox 2108 905 3704 980">
     <span class='ocr_line' id='line_1_24' title="bbox 2108 905 3704 980; baseline 0.006 -24"><span class='ocrx_word' id='word_1_161' title='bbox 2108 905 2323 972; x_wconf 84' lang='grc' dir='ltr'>γενέσει</span> <span class='ocrx_word' id='word_1_162' title='bbox 2356 907 2424 960; x_wconf 83' lang='grc' dir='ltr'>τὰ</span> <span class='ocrx_word' id='word_1_163' title='bbox 2458 908 2634 961; x_wconf 88' lang='grc' dir='ltr'>πάντα</span> <span class='ocrx_word' id='word_1_164' title='bbox 2661 909 2963 973; x_wconf 84' lang='grc' dir='ltr'>ὑπόκειται,</span> <span class='ocrx_word' id='word_1_165' title='bbox 2985 911 3061 974; x_wconf 85' lang='grc' dir='ltr'>ὡς</span> <span class='ocrx_word' id='word_1_166' title='bbox 3093 910 3202 979; x_wconf 88' lang='grc' dir='ltr'>ἐγὼ</span> <span class='ocrx_word' id='word_1_167' title='bbox 3227 913 3311 980; x_wconf 85' lang='grc' dir='ltr'><strong>ἐφ’</strong></span> <span class='ocrx_word' id='word_1_168' title='bbox 3334 906 3414 974; x_wconf 77' lang='grc' dir='ltr'>οἷς</span> <span class='ocrx_word' id='word_1_169' title='bbox 3447 913 3704 968; x_wconf 80' lang='grc' dir='ltr'>πέπονθα</span> 
     </span>
    </p>
   </div>
   <div class='ocr_carea' id='block_1_25' title="bbox 2108 995 3700 1074">
    <p class='ocr_par' dir='ltr' id='par_1_25' title="bbox 2108 995 3700 1074">
     <span class='ocr_line' id='line_1_25' title="bbox 2108 995 3700 1074; baseline 0.006 -28"><span class='ocrx_word' id='word_1_170' title='bbox 2108 995 2630 1069; x_wconf 76' lang='grc' dir='ltr'>πεπληροφόρημαι,</span> <span class='ocrx_word' id='word_1_171' title='bbox 2667 1000 2731 1050; x_wconf 91' lang='grc' dir='ltr'><strong>ἐκ</strong></span> <span class='ocrx_word' id='word_1_172' title='bbox 2763 999 2973 1053; x_wconf 80' lang='grc' dir='ltr'>πολλῶν</span> <span class='ocrx_word' id='word_1_173' title='bbox 2995 1001 3040 1032; x_wconf 67' lang='grc'><strong>’⁸</strong></span> <span class='ocrx_word' id='word_1_174' title='bbox 3064 1001 3307 1072; x_wconf 84' lang='grc' dir='ltr'>ἀκριϐῶν</span> <span class='ocrx_word' id='word_1_175' title='bbox 3330 1001 3392 1054; x_wconf 83' lang='grc' dir='ltr'>τὺ</span> <span class='ocrx_word' id='word_1_176' title='bbox 3437 1003 3700 1074; x_wconf 79' lang='grc' dir='ltr'>μάθημα.</span> 
     </span>
    </p>
   </div>
   <div class='ocr_carea' id='block_1_26' title="bbox 2107 1081 3703 1165">
    <p class='ocr_par' dir='ltr' id='par_1_26' title="bbox 2107 1081 3703 1165">
     <span class='ocr_line' id='line_1_26' title="bbox 2107 1081 3703 1165; baseline 0.007 -27"><span class='ocrx_word' id='word_1_177' title='bbox 2107 1086 2198 1155; x_wconf 84' lang='grc' dir='ltr'><strong>Μὴ</strong></span> <span class='ocrx_word' id='word_1_178' title='bbox 2232 1081 2323 1138; x_wconf 80' lang='grc' dir='ltr'><strong>οὖν</strong></span> <span class='ocrx_word' id='word_1_179' title='bbox 2350 1087 2566 1150; x_wconf 89' lang='grc' dir='ltr'>ἀπατῶ,</span> <span class='ocrx_word' id='word_1_180' title='bbox 2600 1089 2808 1142; x_wconf 88' lang='grc' dir='ltr'>τέκνον.</span> <span class='ocrx_word' id='word_1_181' title='bbox 2839 1091 2962 1144; x_wconf 77' lang='grc' dir='ltr'>Εἴτε</span> <span class='ocrx_word' id='word_1_182' title='bbox 2995 1091 3104 1162; x_wconf 85' lang='grc' dir='ltr'><strong>γάρ</strong></span> <span class='ocrx_word' id='word_1_183' title='bbox 3134 1091 3296 1164; x_wconf 72' lang='grc' dir='ltr'>εὔχῃ,</span> <span class='ocrx_word' id='word_1_184' title='bbox 3341 1093 3451 1146; x_wconf 70' lang='grc' dir='ltr'>εἴτε</span> <span class='ocrx_word' id='word_1_185' title='bbox 3481 1095 3577 1165; x_wconf 87' lang='grc' dir='ltr'><strong>μὴ,</strong></span> <span class='ocrx_word' id='word_1_186' title='bbox 3621 1096 3703 1149; x_wconf 77' lang='grc' dir='ltr'>τὰ</span> 
     </span>
    </p>
   </div>
   <div class='ocr_carea' id='block_1_27' title="bbox 2107 1175 3702 1256">
    <p class='ocr_par' dir='ltr' id='par_1_27' title="bbox 2107 1175 3702 1256">
     <span class='ocr_line' id='line_1_27' title="bbox 2107 1175 3702 1256; baseline 0.008 -31"><span class='ocrx_word' id='word_1_187' title='bbox 2107 1176 2171 1227; x_wconf 81' lang='grc' dir='ltr'><strong>ἐκ</strong></span> <span class='ocrx_word' id='word_1_188' title='bbox 2193 1175 2291 1244; x_wconf 83' lang='grc' dir='ltr'>τῆς</span> <span class='ocrx_word' id='word_1_189' title='bbox 2323 1176 2588 1244; x_wconf 87' lang='grc' dir='ltr'>γενέσεως</span> <span class='ocrx_word' id='word_1_190' title='bbox 2611 1178 2841 1248; x_wconf 83' lang='grc' dir='ltr'>πάσχειν</span> <span class='ocrx_word' id='word_1_191' title='bbox 2863 1180 3106 1250; x_wconf 87' lang='grc' dir='ltr'>ἀνάγκην</span> <span class='ocrx_word' id='word_1_192' title='bbox 3128 1180 3289 1250; x_wconf 61' lang='grc' dir='ltr'>ἔχεις</span> <span class='ocrx_word' id='word_1_193' title='bbox 3319 1185 3366 1236; x_wconf 86' lang='grc' dir='ltr'><strong>εί</strong></span> <span class='ocrx_word' id='word_1_194' title='bbox 3398 1184 3505 1256; x_wconf 82' lang='grc' dir='ltr'>γὰρ</span> <span class='ocrx_word' id='word_1_195' title='bbox 3531 1186 3702 1256; x_wconf 79' lang='grc' dir='ltr'>εὐχαί</span> 
     </span>
    </p>
   </div>
   <div class='ocr_carea' id='block_1_28' title="bbox 2104 1267 3702 1348">
    <p class='ocr_par' dir='ltr' id='par_1_28' title="bbox 2104 1267 3702 1348">
     <span class='ocr_line' id='line_1_28' title="bbox 2104 1267 3702 1348; baseline 0.007 -29"><span class='ocrx_word' id='word_1_196' title='bbox 2104 1283 2158 1319; x_wconf 91' lang='grc' dir='ltr'><strong>τι</strong></span> <span class='ocrx_word' id='word_1_197' title='bbox 2186 1268 2438 1322; x_wconf 78' lang='grc' dir='ltr'>ἐδύναντο</span> <span class='ocrx_word' id='word_1_198' title='bbox 2461 1269 2505 1300; x_wconf 78' lang='grc'><strong>’⁵</strong></span> <span class='ocrx_word' id='word_1_199' title='bbox 2533 1269 2565 1340; x_wconf 78' lang='grc' dir='ltr'>ἢ</span> <span class='ocrx_word' id='word_1_200' title='bbox 2602 1269 2660 1322; x_wconf 81' lang='grc' dir='ltr'>τὸ</span> <span class='ocrx_word' id='word_1_201' title='bbox 2692 1267 2750 1323; x_wconf 84' lang='grc' dir='ltr'><strong>εὖ</strong></span> <span class='ocrx_word' id='word_1_202' title='bbox 2789 1275 2986 1335; x_wconf 84' lang='grc' dir='ltr'>ποιεῖν,</span> <span class='ocrx_word' id='word_1_203' title='bbox 3013 1273 3175 1336; x_wconf 80' lang='grc' dir='ltr'>αὐτὸς</span> <span class='ocrx_word' id='word_1_204' title='bbox 3196 1274 3262 1327; x_wconf 81' lang='grc' dir='ltr'>ἂν</span> <span class='ocrx_word' id='word_1_205' title='bbox 3287 1277 3343 1327; x_wconf 89' lang='grc' dir='ltr'>ἐν</span> <span class='ocrx_word' id='word_1_206' title='bbox 3369 1279 3480 1340; x_wconf 86' lang='grc' dir='ltr'>τοῖς</span> <span class='ocrx_word' id='word_1_207' title='bbox 3504 1279 3702 1348; x_wconf 85' lang='grc' dir='ltr'>κρείτ-</span> 
     </span>
    </p>
   </div>
   <div class='ocr_carea' id='block_1_29' title="bbox 2103 1361 3699 1439">
    <p class='ocr_par' dir='ltr' id='par_1_29' title="bbox 2103 1361 3699 1439">
     <span class='ocr_line' id='line_1_29' title="bbox 2103 1361 3699 1439; baseline 0.006 -27"><span class='ocrx_word' id='word_1_208' title='bbox 2103 1377 2253 1412; x_wconf 89' lang='grc' dir='ltr'>τοσιν</span> <span class='ocrx_word' id='word_1_209' title='bbox 2285 1361 2454 1430; x_wconf 77' lang='grc' dir='ltr'>ήμην.</span> <span class='ocrx_word' id='word_1_210' title='bbox 2487 1361 2599 1414; x_wconf 75' lang='grc' dir='ltr'>Καὶ</span> <span class='ocrx_word' id='word_1_211' title='bbox 2625 1362 2725 1415; x_wconf 86' lang='grc' dir='ltr'><strong>νῦν</strong></span> <span class='ocrx_word' id='word_1_212' title='bbox 2752 1365 2800 1415; x_wconf 81' lang='grc' dir='ltr'><strong>εί</strong></span> <span class='ocrx_word' id='word_1_213' title='bbox 2843 1366 2913 1434; x_wconf 86' lang='grc' dir='ltr'><strong>μή</strong></span> <span class='ocrx_word' id='word_1_214' title='bbox 2952 1380 3011 1416; x_wconf 91' lang='grc' dir='ltr'><strong>σε</strong></span> <span class='ocrx_word' id='word_1_215' title='bbox 3043 1365 3227 1435; x_wconf 79' lang='grc' dir='ltr'>ἀπατᾷ</span> <span class='ocrx_word' id='word_1_216' title='bbox 3265 1367 3297 1436; x_wconf 89' lang='grc' dir='ltr'><strong>ή</strong></span> <span class='ocrx_word' id='word_1_217' title='bbox 3323 1369 3556 1438; x_wconf 87' lang='grc' dir='ltr'>πενιχρά</span> <span class='ocrx_word' id='word_1_218' title='bbox 3585 1387 3699 1439; x_wconf 81' lang='grc' dir='ltr'><strong>μου</strong></span> 
     </span>
    </p>
   </div>
   <div class='ocr_carea' id='block_1_30' title="bbox 2105 1451 3697 1529">
    <p class='ocr_par' dir='ltr' id='par_1_30' title="bbox 2105 1451 3697 1529">
     <span class='ocr_line' id='line_1_30' title="bbox 2105 1451 3697 1529; baseline 0.005 -27"><span class='ocrx_word' id='word_1_219' title='bbox 2105 1451 2242 1526; x_wconf 73' lang='grc' dir='ltr'>αὕτη</span> <span class='ocrx_word' id='word_1_220' title='bbox 2285 1451 2474 1522; x_wconf 81' lang='grc' dir='ltr'>ἐσθὴς,</span> <span class='ocrx_word' id='word_1_221' title='bbox 2515 1454 2615 1506; x_wconf 79' lang='grc' dir='ltr'><strong>οὐκ</strong></span> <span class='ocrx_word' id='word_1_222' title='bbox 2649 1455 2970 1526; x_wconf 80' lang='grc' dir='ltr'>ἀπιστήσεις</span> <span class='ocrx_word' id='word_1_223' title='bbox 3004 1456 3050 1488; x_wconf 84' lang='grc'><strong>¹⁶</strong></span> <span class='ocrx_word' id='word_1_224' title='bbox 3074 1452 3154 1519; x_wconf 75' lang='grc' dir='ltr'>οἷς</span> <span class='ocrx_word' id='word_1_225' title='bbox 3196 1457 3355 1526; x_wconf 86' lang='grc' dir='ltr'>λέγω.</span> <span class='ocrx_word' id='word_1_226' title='bbox 3397 1459 3484 1511; x_wconf 85' lang='grc' dir='ltr'><strong>Ἐν</strong></span> <span class='ocrx_word' id='word_1_227' title='bbox 3516 1459 3697 1529; x_wconf 85' lang='grc' dir='ltr'>πολλῇ</span> 
     </span>
    </p>
   </div>
   <div class='ocr_carea' id='block_1_31' title="bbox 2105 1541 3701 1616">
    <p class='ocr_par' dir='ltr' id='par_1_31' title="bbox 2105 1541 3701 1616">
     <span class='ocr_line' id='line_1_31' title="bbox 2105 1541 3701 1616; baseline 0.006 -23"><span class='ocrx_word' id='word_1_228' title='bbox 2105 1543 2221 1612; x_wconf 84' lang='grc' dir='ltr'>βίου</span> <span class='ocrx_word' id='word_1_229' title='bbox 2257 1542 2388 1595; x_wconf 73' lang='grc' dir='ltr'>ποτὲ</span> <span class='ocrx_word' id='word_1_230' title='bbox 2429 1541 2504 1595; x_wconf 87' lang='grc' dir='ltr'>ὣν</span> <span class='ocrx_word' id='word_1_231' title='bbox 2537 1545 2851 1616; x_wconf 78' lang='grc' dir='ltr'>περιουσίᾳ,</span> <span class='ocrx_word' id='word_1_232' title='bbox 2881 1545 3048 1598; x_wconf 91' lang='grc' dir='ltr'>πολλά</span> <span class='ocrx_word' id='word_1_233' title='bbox 3074 1548 3166 1600; x_wconf 74' lang='grc' dir='ltr'><strong>καὶ</strong></span> <span class='ocrx_word' id='word_1_234' title='bbox 3207 1547 3350 1612; x_wconf 84' lang='grc' dir='ltr'>θεοῖς</span> <span class='ocrx_word' id='word_1_235' title='bbox 3384 1548 3559 1612; x_wconf 83' lang='grc' dir='ltr'>ἔθυον,</span> <span class='ocrx_word' id='word_1_236' title='bbox 3591 1551 3701 1603; x_wconf 70' lang='grc' dir='ltr'><strong>καὶ</strong></span> 
     </span>
    </p>
   </div>
   <div class='ocr_carea' id='block_1_32' title="bbox 2102 1633 3700 1708">
    <p class='ocr_par' dir='ltr' id='par_1_32' title="bbox 2102 1633 3700 1708">
     <span class='ocr_line' id='line_1_32' title="bbox 2102 1633 3700 1708; baseline 0.002 -23"><span class='ocrx_word' id='word_1_237' title='bbox 2102 1633 2377 1705; x_wconf 82' lang='grc' dir='ltr'>δεομένοις</span> <span class='ocrx_word' id='word_1_238' title='bbox 2402 1637 2679 1706; x_wconf 85' lang='grc' dir='ltr'>παρεῖχον,</span> <span class='ocrx_word' id='word_1_239' title='bbox 2710 1637 2803 1688; x_wconf 69' lang='grc' dir='ltr'><strong>καὶ</strong></span> <span class='ocrx_word' id='word_1_240' title='bbox 2836 1636 2984 1706; x_wconf 76' lang='grc' dir='ltr'>ὅμως</span> <span class='ocrx_word' id='word_1_241' title='bbox 3010 1637 3302 1708; x_wconf 79' lang='grc' dir='ltr'>εὐχόμενός</span> <span class='ocrx_word' id='word_1_242' title='bbox 3324 1656 3384 1690; x_wconf 91' lang='grc' dir='ltr'><strong>τε</strong></span> <span class='ocrx_word' id='word_1_243' title='bbox 3411 1640 3504 1692; x_wconf 77' lang='grc' dir='ltr'>καὶ</span> <span class='ocrx_word' id='word_1_244' title='bbox 3528 1640 3700 1702; x_wconf 60' lang='grc' dir='ltr'>εὗσεν</span> 
     </span>
    </p>
   </div>
   <div class='ocr_carea' id='block_1_33' title="bbox 2103 1724 3698 1802">
    <p class='ocr_par' dir='ltr' id='par_1_33' title="bbox 2103 1724 3698 1802">
     <span class='ocr_line' id='line_1_33' title="bbox 2103 1724 3698 1802; baseline 0.004 -26"><span class='ocrx_word' id='word_1_245' title='bbox 2103 1725 2213 1777; x_wconf 86' lang='grc' dir='ltr'>ϐῶν</span> <span class='ocrx_word' id='word_1_246' title='bbox 2249 1724 2347 1795; x_wconf 80' lang='grc' dir='ltr'><strong>τὴν</strong></span> <span class='ocrx_word' id='word_1_247' title='bbox 2375 1726 2745 1796; x_wconf 84' lang='grc' dir='ltr'>πεπρωμένην</span> <span class='ocrx_word' id='word_1_248' title='bbox 2778 1728 3035 1796; x_wconf 76' lang='grc' dir='ltr'>ἐκφυγεῖν</span> <span class='ocrx_word' id='word_1_249' title='bbox 3066 1731 3165 1782; x_wconf 78' lang='grc' dir='ltr'><strong>οὐκ</strong></span> <span class='ocrx_word' id='word_1_250' title='bbox 3189 1730 3474 1802; x_wconf 66' lang='grc' dir='ltr'>ἠδυνήθην.</span> <span class='ocrx_word' id='word_1_251' title='bbox 3513 1731 3698 1797; x_wconf 82' lang='grc' dir='ltr'><strong>Κάγὼ</strong></span> 
     </span>
    </p>
   </div>
   <div class='ocr_carea' id='block_1_34' title="bbox 420 1801 2008 1891">
    <p class='ocr_par' dir='ltr' id='par_1_34' title="bbox 420 1816 1994 1888">
     <span class='ocr_line' id='line_1_34' title="bbox 420 1816 1994 1888; baseline -0.002 -18"><span class='ocrx_word' id='word_1_252' title='bbox 420 1819 607 1885; x_wconf 81' lang='lat' dir='ltr'><strong>egenis</strong></span> <span class='ocrx_word' id='word_1_253' title='bbox 645 1817 915 1888; x_wconf 83' lang='lat' dir='ltr'><strong>largiebar</strong></span> <span class='ocrx_word' id='word_1_254' title='bbox 947 1835 959 1870; x_wconf 90' lang='lat'><strong>:</strong></span> <span class='ocrx_word' id='word_1_255' title='bbox 1004 1826 1243 1883; x_wconf 80' lang='lat' dir='ltr'><strong>attamen</strong></span> <span class='ocrx_word' id='word_1_256' title='bbox 1285 1817 1417 1870; x_wconf 91' lang='lat' dir='ltr'><strong>dum</strong></span> <span class='ocrx_word' id='word_1_257' title='bbox 1460 1831 1558 1869; x_wconf 91' lang='lat' dir='ltr'><strong>oro</strong></span> <span class='ocrx_word' id='word_1_258' title='bbox 1596 1824 1650 1870; x_wconf 90' lang='lat' dir='ltr'><strong>et</strong></span> <span class='ocrx_word' id='word_1_259' title='bbox 1712 1816 1798 1885; x_wconf 88' lang='lat' dir='ltr'><strong>pie</strong></span> <span class='ocrx_word' id='word_1_260' title='bbox 1831 1816 1956 1868; x_wconf 83' lang='lat' dir='ltr'><strong>vivo</strong></span> <span class='ocrx_word' id='word_1_261' title='bbox 1981 1857 1994 1879; x_wconf 96' lang='lat'><strong>,</strong></span> 
     </span>
    </p>
   </div>
   <div class='ocr_carea' id='block_1_35' title="bbox 2098 1801 3694 1891">
    <p class='ocr_par' dir='ltr' id='par_1_35' title="bbox 2099 1801 3694 1891">
     <span class='ocr_line' id='line_1_35' title="bbox 2099 1801 3694 1891; baseline 0.004 -24"><span class='ocrx_word' id='word_1_262' title='bbox 2099 1816 2256 1886; x_wconf 80' lang='grc' dir='ltr'>ἔφην·</span> <span class='ocrx_word' id='word_1_263' title='bbox 2281 1815 2413 1867; x_wconf 90' lang='grc' dir='ltr'>Τίνα</span> <span class='ocrx_word' id='word_1_264' title='bbox 2440 1815 2584 1868; x_wconf 75' lang='grc' dir='ltr'>ἐστὶν</span> <span class='ocrx_word' id='word_1_265' title='bbox 2610 1815 2646 1870; x_wconf 85' lang='grc' dir='ltr'><strong>ἀ</strong></span> <span class='ocrx_word' id='word_1_266' title='bbox 2671 1816 2945 1881; x_wconf 79' lang='grc' dir='ltr'>πέπονθας</span> <span class='ocrx_word' id='word_1_267' title='bbox 2957 1820 3032 1884; x_wconf 81' lang='grc'><strong>²⁷;</strong></span> <span class='ocrx_word' id='word_1_268' title='bbox 3061 1821 3089 1872; x_wconf 87' lang='grc' dir='ltr'>ὁ</span> <span class='ocrx_word' id='word_1_269' title='bbox 3113 1821 3170 1872; x_wconf 87' lang='grc' dir='ltr'>δὲ</span> <span class='ocrx_word' id='word_1_270' title='bbox 3193 1801 3541 1891; x_wconf 81' lang='grc' dir='ltr'>ἀπεκρίνατο-</span> <span class='ocrx_word' id='word_1_271' title='bbox 3570 1821 3694 1874; x_wconf 79' lang='grc' dir='ltr'>Οὐκ</span> 
     </span>
    </p>
   </div>
   <div class='ocr_carea' id='block_1_36' title="bbox 423 1906 1994 1976">
    <p class='ocr_par' dir='ltr' id='par_1_36' title="bbox 423 1906 1994 1976">
     <span class='ocr_line' id='line_1_36' title="bbox 423 1906 1994 1976; baseline -0.001 -17"><span class='ocrx_word' id='word_1_272' title='bbox 423 1907 594 1960; x_wconf 91' lang='lat' dir='ltr'><strong>fatum</strong></span> <span class='ocrx_word' id='word_1_273' title='bbox 631 1925 736 1962; x_wconf 93' lang='lat' dir='ltr'><strong>non</strong></span> <span class='ocrx_word' id='word_1_274' title='bbox 787 1907 935 1976; x_wconf 85' lang='lat' dir='ltr'><strong>potui</strong></span> <span class='ocrx_word' id='word_1_275' title='bbox 979 1906 1235 1975; x_wconf 69' lang='lat' dir='ltr'><strong>effugere.</strong></span> <span class='ocrx_word' id='word_1_276' title='bbox 1279 1907 1343 1959; x_wconf 89' lang='lat' dir='ltr'><strong>Et</strong></span> <span class='ocrx_word' id='word_1_277' title='bbox 1374 1921 1473 1975; x_wconf 80' lang='lat' dir='ltr'><strong>ego</strong></span> <span class='ocrx_word' id='word_1_278' title='bbox 1508 1906 1622 1960; x_wconf 84' lang='lat' dir='ltr'><strong>dixi</strong></span> <span class='ocrx_word' id='word_1_279' title='bbox 1661 1925 1674 1960; x_wconf 85' lang='lat'><strong>:</strong></span> <span class='ocrx_word' id='word_1_280' title='bbox 1735 1906 1994 1971; x_wconf 73' lang='lat' dir='ltr'><strong>Qurenam</strong></span> 
     </span>
    </p>
   </div>
   <div class='ocr_carea' id='block_1_37' title="bbox 422 1997 1993 2070">
    <p class='ocr_par' dir='ltr' id='par_1_37' title="bbox 422 1997 1993 2070">
     <span class='ocr_line' id='line_1_37' title="bbox 422 1997 1993 2070; baseline -0.001 -18"><span class='ocrx_word' id='word_1_281' title='bbox 422 2009 549 2055; x_wconf 82' lang='lat' dir='ltr'><strong>sunt</strong></span> <span class='ocrx_word' id='word_1_282' title='bbox 573 2042 588 2066; x_wconf 96' lang='lat'><strong>,</strong></span> <span class='ocrx_word' id='word_1_283' title='bbox 638 2017 759 2070; x_wconf 70' lang='lat' dir='ltr'><strong>qua:</strong></span> <span class='ocrx_word' id='word_1_284' title='bbox 795 2001 891 2063; x_wconf 77' lang='lat' dir='ltr'><strong>tibi</strong></span> <span class='ocrx_word' id='word_1_285' title='bbox 945 1999 1334 2070; x_wconf 87' lang='lat' dir='ltr'><strong>contigerunt?</strong></span> <span class='ocrx_word' id='word_1_286' title='bbox 1371 1997 1463 2051; x_wconf 86' lang='lat' dir='ltr'><strong>Ille</strong></span> <span class='ocrx_word' id='word_1_287' title='bbox 1503 2013 1634 2052; x_wconf 83' lang='lat' dir='ltr'><strong>vero</strong></span> <span class='ocrx_word' id='word_1_288' title='bbox 1670 1999 1949 2067; x_wconf 88' lang='lat' dir='ltr'><strong>respondit</strong></span> <span class='ocrx_word' id='word_1_289' title='bbox 1981 2015 1993 2051; x_wconf 88' lang='lat'><strong>:</strong></span> 
     </span>
    </p>
   </div>
   <div class='ocr_carea' id='block_1_38' title="bbox 417 2087 1988 2158">
    <p class='ocr_par' dir='ltr' id='par_1_38' title="bbox 417 2087 1988 2158">
     <span class='ocr_line' id='line_1_38' title="bbox 417 2087 1988 2158; baseline -0.001 -17"><span class='ocrx_word' id='word_1_290' title='bbox 417 2087 537 2142; x_wconf 89' lang='lat' dir='ltr'><strong>Non</strong></span> <span class='ocrx_word' id='word_1_291' title='bbox 565 2105 786 2158; x_wconf 76' lang='lat' dir='ltr'><strong>necesse</strong></span> <span class='ocrx_word' id='word_1_292' title='bbox 819 2100 903 2151; x_wconf 83' lang='lat' dir='ltr'><strong>est</strong></span> <span class='ocrx_word' id='word_1_293' title='bbox 933 2105 1077 2143; x_wconf 90' lang='lat' dir='ltr'><strong>nunc</strong></span> <span class='ocrx_word' id='word_1_294' title='bbox 1105 2089 1290 2142; x_wconf 86' lang='lat' dir='ltr'><strong>dicere</strong></span> <span class='ocrx_word' id='word_1_295' title='bbox 1318 2106 1331 2141; x_wconf 92' lang='lat'>:</span> <span class='ocrx_word' id='word_1_296' title='bbox 1366 2087 1503 2142; x_wconf 86' lang='lat' dir='ltr'><strong>forte</strong></span> <span class='ocrx_word' id='word_1_297' title='bbox 1553 2088 1604 2141; x_wconf 91' lang='lat' dir='ltr'><strong>in</strong></span> <span class='ocrx_word' id='word_1_298' title='bbox 1643 2088 1747 2141; x_wconf 85' lang='lat' dir='ltr'><strong>line</strong></span> <span class='ocrx_word' id='word_1_299' title='bbox 1779 2088 1988 2153; x_wconf 85' lang='lat' dir='ltr'><strong>audies,</strong></span> 
     </span>
    </p>
   </div>
   <div class='ocr_carea' id='block_1_39' title="bbox 419 2181 1985 2254">
    <p class='ocr_par' dir='ltr' id='par_1_39' title="bbox 419 2181 1985 2254">
     <span class='ocr_line' id='line_1_39' title="bbox 419 2181 1985 2254; baseline -0.002 -18"><span class='ocrx_word' id='word_1_300' title='bbox 419 2184 671 2252; x_wconf 83' lang='lat' dir='ltr'><strong>quisnam</strong></span> <span class='ocrx_word' id='word_1_301' title='bbox 704 2199 803 2254; x_wconf 86' lang='lat' dir='ltr'><strong>ego</strong></span> <span class='ocrx_word' id='word_1_302' title='bbox 836 2199 960 2246; x_wconf 71' lang='lat' dir='ltr'><strong>enim</strong></span> <span class='ocrx_word' id='word_1_303' title='bbox 1007 2199 1220 2248; x_wconf 90' lang='lat' dir='ltr'><strong>essem,</strong></span> <span class='ocrx_word' id='word_1_304' title='bbox 1263 2191 1317 2236; x_wconf 90' lang='lat' dir='ltr'><strong>et</strong></span> <span class='ocrx_word' id='word_1_305' title='bbox 1355 2199 1421 2238; x_wconf 80' lang='lat' dir='ltr'><strong>ex</strong></span> <span class='ocrx_word' id='word_1_306' title='bbox 1455 2183 1656 2252; x_wconf 88' lang='lat' dir='ltr'><strong>quibus</strong></span> <span class='ocrx_word' id='word_1_307' title='bbox 1689 2191 1845 2236; x_wconf 90' lang='lat' dir='ltr'><strong>ortus</strong></span> <span class='ocrx_word' id='word_1_308' title='bbox 1870 2224 1884 2247; x_wconf 92' lang='lat'><strong>,</strong></span> <span class='ocrx_word' id='word_1_309' title='bbox 1930 2181 1985 2234; x_wconf 89' lang='lat' dir='ltr'><strong>in</strong></span> 
     </span>
    </p>
   </div>
   <div class='ocr_carea' id='block_1_40' title="bbox 2099 1905 3696 1982">
    <p class='ocr_par' dir='ltr' id='par_1_40' title="bbox 2099 1905 3696 1982">
     <span class='ocr_line' id='line_1_40' title="bbox 2099 1905 3696 1982; baseline 0.003 -25"><span class='ocrx_word' id='word_1_310' title='bbox 2099 1906 2309 1976; x_wconf 82' lang='grc' dir='ltr'>ἀνάγκη</span> <span class='ocrx_word' id='word_1_311' title='bbox 2335 1905 2512 1974; x_wconf 88' lang='grc' dir='ltr'>λέγειν</span> <span class='ocrx_word' id='word_1_312' title='bbox 2541 1906 2656 1970; x_wconf 92' lang='grc' dir='ltr'>νῦν,</span> <span class='ocrx_word' id='word_1_313' title='bbox 2689 1906 2818 1971; x_wconf 71' lang='grc' dir='ltr'>ἴσως</span> <span class='ocrx_word' id='word_1_314' title='bbox 2861 1909 2953 1960; x_wconf 77' lang='grc' dir='ltr'>ἐπὶ</span> <span class='ocrx_word' id='word_1_315' title='bbox 2983 1909 3125 1962; x_wconf 88' lang='grc' dir='ltr'>τέλει</span> <span class='ocrx_word' id='word_1_316' title='bbox 3151 1909 3379 1982; x_wconf 80' lang='grc' dir='ltr'>ἀκούσῃ,</span> <span class='ocrx_word' id='word_1_317' title='bbox 3411 1910 3493 1972; x_wconf 85' lang='grc' dir='ltr'><strong>τίς</strong></span> <span class='ocrx_word' id='word_1_318' title='bbox 3514 1927 3577 1961; x_wconf 79' lang='grc' dir='ltr'><strong>τε</strong></span> <span class='ocrx_word' id='word_1_319' title='bbox 3609 1909 3696 1962; x_wconf 79' lang='grc' dir='ltr'>ὢν</span> 
     </span>
    </p>
   </div>
   <div class='ocr_carea' id='block_1_41' title="bbox 2100 1995 3689 2072">
    <p class='ocr_par' dir='ltr' id='par_1_41' title="bbox 2100 1995 3689 2072">
     <span class='ocr_line' id='line_1_41' title="bbox 2100 1995 3689 2072; baseline 0.004 -25"><span class='ocrx_word' id='word_1_320' title='bbox 2100 1995 2210 2064; x_wconf 84' lang='grc' dir='ltr'>ἐγὼ</span> <span class='ocrx_word' id='word_1_321' title='bbox 2243 1998 2335 2049; x_wconf 78' lang='grc' dir='ltr'><strong>καὶ</strong></span> <span class='ocrx_word' id='word_1_322' title='bbox 2364 1997 2545 2061; x_wconf 84' lang='grc' dir='ltr'>τίνων,</span> <span class='ocrx_word' id='word_1_323' title='bbox 2576 1999 2632 2049; x_wconf 87' lang='grc' dir='ltr'><strong>ἐν</strong></span> <span class='ocrx_word' id='word_1_324' title='bbox 2673 1998 2854 2062; x_wconf 83' lang='grc' dir='ltr'>ποίαις</span> <span class='ocrx_word' id='word_1_325' title='bbox 2898 1998 3014 2068; x_wconf 85' lang='grc' dir='ltr'>βίου</span> <span class='ocrx_word' id='word_1_326' title='bbox 3064 1999 3414 2071; x_wconf 83' lang='grc' dir='ltr'>περιστάσεσι</span> <span class='ocrx_word' id='word_1_327' title='bbox 3459 2001 3689 2072; x_wconf 73' lang='grc' dir='ltr'>γέγονα.</span> 
     </span>
    </p>
   </div>
   <div class='ocr_carea' id='block_1_42' title="bbox 2099 2087 3692 2163">
    <p class='ocr_par' dir='ltr' id='par_1_42' title="bbox 2099 2087 3692 2163">
     <span class='ocr_line' id='line_1_42' title="bbox 2099 2087 3692 2163; baseline 0.003 -23"><span class='ocrx_word' id='word_1_328' title='bbox 2099 2088 2212 2140; x_wconf 75' lang='grc' dir='ltr'>Νῦν</span> <span class='ocrx_word' id='word_1_329' title='bbox 2245 2087 2299 2141; x_wconf 85' lang='grc' dir='ltr'>δὲ</span> <span class='ocrx_word' id='word_1_330' title='bbox 2327 2089 2406 2141; x_wconf 84' lang='grc' dir='ltr'>ὅτι</span> <span class='ocrx_word' id='word_1_331' title='bbox 2432 2091 2644 2158; x_wconf 85' lang='grc' dir='ltr'>γενέσει</span> <span class='ocrx_word' id='word_1_332' title='bbox 2673 2091 2742 2143; x_wconf 91' lang='grc' dir='ltr'><strong>τά</strong></span> <span class='ocrx_word' id='word_1_333' title='bbox 2776 2091 2952 2144; x_wconf 81' lang='grc' dir='ltr'>πάντα</span> <span class='ocrx_word' id='word_1_334' title='bbox 2985 2093 3299 2155; x_wconf 83' lang='grc' dir='ltr'>ὑπόκειται,</span> <span class='ocrx_word' id='word_1_335' title='bbox 3331 2091 3692 2163; x_wconf 74' lang='grc' dir='ltr'>πληροφορη-</span> 
     </span>
    </p>
   </div>
   <div class='ocr_carea' id='block_1_43' title="bbox 2101 2172 3664 2248">
    <p class='ocr_par' dir='ltr' id='par_1_43' title="bbox 2101 2172 3664 2248">
     <span class='ocr_line' id='line_1_43' title="bbox 2101 2172 3664 2248; baseline 0.003 -19"><span class='ocrx_word' id='word_1_336' title='bbox 2101 2178 2257 2248; x_wconf 85' lang='grc' dir='ltr'>Οῆναί</span> <span class='ocrx_word' id='word_1_337' title='bbox 2294 2196 2351 2232; x_wconf 88' lang='grc' dir='ltr'><strong>σε</strong></span> <span class='ocrx_word' id='word_1_338' title='bbox 2379 2179 2535 2232; x_wconf 87' lang='grc' dir='ltr'>θέλω.</span> <span class='ocrx_word' id='word_1_339' title='bbox 3456 2177 3460 2181; x_wconf 61' lang='grc'><strong><em>’</em></strong></span> <span class='ocrx_word' id='word_1_340' title='bbox 3594 2177 3598 2179; x_wconf 51' lang='grc'><em>’</em></span> <span class='ocrx_word' id='word_1_341' title='bbox 3651 2172 3664 2185; x_wconf 76' lang='grc'>’</span> 
     </span>
    </p>
   </div>
   <div class='ocr_carea' id='block_1_44' title="bbox 418 2270 3682 2344">
    <p class='ocr_par' dir='ltr' id='par_1_44' title="bbox 418 2270 3682 2344">
     <span class='ocr_line' id='line_1_44' title="bbox 418 2270 3682 2344; baseline 0 -18"><span class='ocrx_word' id='word_1_342' title='bbox 418 2276 616 2344; x_wconf 83' lang='lat' dir='ltr'><strong>quales</strong></span> <span class='ocrx_word' id='word_1_343' title='bbox 664 2274 987 2339; x_wconf 81' lang='lat' dir='ltr'><strong>incurrerim</strong></span> <span class='ocrx_word' id='word_1_344' title='bbox 1037 2275 1163 2329; x_wconf 67' lang='lat' dir='ltr'><strong>vita:</strong></span> <span class='ocrx_word' id='word_1_345' title='bbox 1216 2275 1576 2328; x_wconf 83' lang='lat' dir='ltr'><strong>calamitates.</strong></span> <span class='ocrx_word' id='word_1_346' title='bbox 1622 2273 1730 2328; x_wconf 88' lang='lat' dir='ltr'><strong>Sed</strong></span> <span class='ocrx_word' id='word_1_347' title='bbox 1782 2289 1950 2338; x_wconf 88' lang='lat' dir='ltr'><strong>nunc,</strong></span> <span class='ocrx_word' id='word_1_348' title='bbox 2019 2271 2204 2326; x_wconf 84' lang='lat' dir='ltr'><strong>omnia</strong></span> <span class='ocrx_word' id='word_1_349' title='bbox 2255 2270 2450 2342; x_wconf 83' lang='lat' dir='ltr'><strong>subjici</strong></span> <span class='ocrx_word' id='word_1_350' title='bbox 2503 2271 2803 2340; x_wconf 70' lang='lat' dir='ltr'><strong>genituraz,</strong></span> <span class='ocrx_word' id='word_1_351' title='bbox 2838 2271 2962 2328; x_wconf 84' lang='lat' dir='ltr'><strong>volo</strong></span> <span class='ocrx_word' id='word_1_352' title='bbox 2995 2273 3094 2328; x_wconf 87' lang='lat' dir='ltr'><strong>tibi</strong></span> <span class='ocrx_word' id='word_1_353' title='bbox 3142 2288 3263 2329; x_wconf 86' lang='lat' dir='ltr'><strong>esse</strong></span> <span class='ocrx_word' id='word_1_354' title='bbox 3313 2274 3682 2344; x_wconf 89' lang='lat' dir='ltr'><strong>persuasissi-</strong></span> 
     </span>
    </p>
   </div>
   <div class='ocr_carea' id='block_1_45' title="bbox 418 2381 590 2420">
    <p class='ocr_par' dir='ltr' id='par_1_45' title="bbox 418 2381 590 2420">
     <span class='ocr_line' id='line_1_45' title="bbox 418 2381 590 2420; baseline -0.006 0"><span class='ocrx_word' id='word_1_355' title='bbox 418 2381 590 2420; x_wconf 86' lang='lat' dir='ltr'><strong>mum.</strong></span> 
     </span>
    </p>
   </div>
   <div class='ocr_carea' id='block_1_46' title="bbox 490 2457 1988 2530">
    <p class='ocr_par' dir='ltr' id='par_1_46' title="bbox 490 2457 1988 2530">
     <span class='ocr_line' id='line_1_46' title="bbox 490 2457 1988 2530; baseline 0.001 -18"><span class='ocrx_word' id='word_1_356' title='bbox 490 2459 579 2514; x_wconf 80' lang='lat' dir='ltr'><strong>IV.</strong></span> <span class='ocrx_word' id='word_1_357' title='bbox 622 2457 736 2530; x_wconf 74' lang='lat' dir='ltr'><strong>Ego</strong></span> <span class='ocrx_word' id='word_1_358' title='bbox 765 2459 875 2514; x_wconf 88' lang='lat' dir='ltr'><strong>dixi</strong></span> <span class='ocrx_word' id='word_1_359' title='bbox 909 2479 921 2516; x_wconf 88' lang='lat'><strong>:</strong></span> <span class='ocrx_word' id='word_1_360' title='bbox 960 2459 1016 2514; x_wconf 91' lang='lat' dir='ltr'><strong>Si</strong></span> <span class='ocrx_word' id='word_1_361' title='bbox 1050 2463 1234 2529; x_wconf 81' lang='lat' dir='ltr'><strong>genesi</strong></span> <span class='ocrx_word' id='word_1_362' title='bbox 1259 2473 1452 2517; x_wconf 88' lang='lat' dir='ltr'><strong>cuncta</strong></span> <span class='ocrx_word' id='word_1_363' title='bbox 1489 2461 1744 2526; x_wconf 88' lang='lat' dir='ltr'><strong>subsunt,</strong></span> <span class='ocrx_word' id='word_1_364' title='bbox 1775 2461 1988 2530; x_wconf 90' lang='lat' dir='ltr'><strong>hocque</strong></span> 
     </span>
    </p>
   </div>
   <div class='ocr_carea' id='block_1_47' title="bbox 417 2549 1987 2620">
    <p class='ocr_par' dir='ltr' id='par_1_47' title="bbox 417 2549 1987 2620">
     <span class='ocr_line' id='line_1_47' title="bbox 417 2549 1987 2620; baseline 0.001 -18"><span class='ocrx_word' id='word_1_365' title='bbox 417 2549 490 2602; x_wconf 87' lang='lat' dir='ltr'><strong>ita</strong></span> <span class='ocrx_word' id='word_1_366' title='bbox 522 2565 644 2604; x_wconf 89' lang='lat' dir='ltr'><strong>esse</strong></span> <span class='ocrx_word' id='word_1_367' title='bbox 671 2565 993 2618; x_wconf 85' lang='lat' dir='ltr'><strong>persuasum</strong></span> <span class='ocrx_word' id='word_1_368' title='bbox 1025 2551 1214 2617; x_wconf 89' lang='lat' dir='ltr'><strong>habes,</strong></span> <span class='ocrx_word' id='word_1_369' title='bbox 1246 2561 1422 2605; x_wconf 89' lang='lat' dir='ltr'><strong>tecum</strong></span> <span class='ocrx_word' id='word_1_370' title='bbox 1451 2551 1748 2620; x_wconf 84' lang='lat' dir='ltr'><strong>pugnantia</strong></span> <span class='ocrx_word' id='word_1_371' title='bbox 1779 2550 1987 2618; x_wconf 82' lang='lat' dir='ltr'><strong>cogitas</strong></span> 
     </span>
    </p>
   </div>
   <div class='ocr_carea' id='block_1_48' title="bbox 416 2640 1986 2696">
    <p class='ocr_par' dir='ltr' id='par_1_48' title="bbox 416 2640 1986 2696">
     <span class='ocr_line' id='line_1_48' title="bbox 416 2640 1986 2696; baseline 0.001 -3"><span class='ocrx_word' id='word_1_372' title='bbox 416 2650 472 2693; x_wconf 91' lang='lat' dir='ltr'><strong>et</strong></span> <span class='ocrx_word' id='word_1_373' title='bbox 519 2641 782 2696; x_wconf 90' lang='lat' dir='ltr'><strong>consulis.</strong></span> <span class='ocrx_word' id='word_1_374' title='bbox 822 2641 1034 2695; x_wconf 85' lang='lat' dir='ltr'><strong>Etenim</strong></span> <span class='ocrx_word' id='word_1_375' title='bbox 1093 2642 1137 2696; x_wconf 92' lang='lat' dir='ltr'><strong>si</strong></span> <span class='ocrx_word' id='word_1_376' title='bbox 1197 2655 1390 2696; x_wconf 84' lang='lat' dir='ltr'><strong>contra</strong></span> <span class='ocrx_word' id='word_1_377' title='bbox 1434 2641 1614 2695; x_wconf 90' lang='lat' dir='ltr'><strong>natale</strong></span> <span class='ocrx_word' id='word_1_378' title='bbox 1661 2656 1730 2695; x_wconf 87' lang='lat' dir='ltr'><strong>ne</strong></span> <span class='ocrx_word' id='word_1_379' title='bbox 1783 2640 1986 2695; x_wconf 89' lang='lat' dir='ltr'><strong>sentire</strong></span> 
     </span>
    </p>
   </div>
   <div class='ocr_carea' id='block_1_49' title="bbox 416 2730 1984 2800">
    <p class='ocr_par' dir='ltr' id='par_1_49' title="bbox 416 2730 1984 2800">
     <span class='ocr_line' id='line_1_49' title="bbox 416 2730 1984 2800; baseline 0 -16"><span class='ocrx_word' id='word_1_380' title='bbox 416 2733 636 2800; x_wconf 89' lang='lat' dir='ltr'><strong>quidem</strong></span> <span class='ocrx_word' id='word_1_381' title='bbox 686 2747 1020 2800; x_wconf 89' lang='lat' dir='ltr'><strong>possumus,</strong></span> <span class='ocrx_word' id='word_1_382' title='bbox 1068 2749 1167 2786; x_wconf 87' lang='lat' dir='ltr'><strong>cur</strong></span> <span class='ocrx_word' id='word_1_383' title='bbox 1215 2732 1420 2786; x_wconf 82' lang='lat' dir='ltr'><strong>frustra</strong></span> <span class='ocrx_word' id='word_1_384' title='bbox 1456 2732 1712 2797; x_wconf 87' lang='lat' dir='ltr'><strong>laboras,</strong></span> <span class='ocrx_word' id='word_1_385' title='bbox 1764 2731 1817 2784; x_wconf 92' lang='lat' dir='ltr'><strong>id</strong></span> <span class='ocrx_word' id='word_1_386' title='bbox 1869 2730 1984 2784; x_wconf 84' lang='lat' dir='ltr'><strong>fieri</strong></span> 
     </span>
    </p>
   </div>
   <div class='ocr_carea' id='block_1_50' title="bbox 415 2820 1986 2891">
    <p class='ocr_par' dir='ltr' id='par_1_50' title="bbox 415 2820 1986 2891">
     <span class='ocr_line' id='line_1_50' title="bbox 415 2820 1986 2891; baseline -0.002 -16"><span class='ocrx_word' id='word_1_387' title='bbox 415 2822 781 2888; x_wconf 84' lang='lat' dir='ltr'><strong>consulendo,</strong></span> <span class='ocrx_word' id='word_1_388' title='bbox 815 2823 960 2891; x_wconf 84' lang='lat' dir='ltr'><strong>quod</strong></span> <span class='ocrx_word' id='word_1_389' title='bbox 995 2838 1116 2876; x_wconf 87' lang='lat' dir='ltr'><strong>esse</strong></span> <span class='ocrx_word' id='word_1_390' title='bbox 1150 2822 1381 2890; x_wconf 89' lang='lat' dir='ltr'><strong>nequit?</strong></span> <span class='ocrx_word' id='word_1_391' title='bbox 1411 2820 1720 2886; x_wconf 85' lang='lat' dir='ltr'><strong>Quinetiam</strong></span> <span class='ocrx_word' id='word_1_392' title='bbox 1759 2821 1805 2874; x_wconf 92' lang='lat' dir='ltr'><strong>si</strong></span> <span class='ocrx_word' id='word_1_393' title='bbox 1841 2820 1986 2874; x_wconf 91' lang='lat' dir='ltr'><strong>nati-</strong></span> 
     </span>
    </p>
   </div>
   <div class='ocr_carea' id='block_1_51' title="bbox 413 2913 1990 2981">
    <p class='ocr_par' dir='ltr' id='par_1_51' title="bbox 413 2913 1990 2981">
     <span class='ocr_line' id='line_1_51' title="bbox 413 2913 1990 2981; baseline 0.001 -17"><span class='ocrx_word' id='word_1_394' title='bbox 413 2913 554 2968; x_wconf 82' lang='lat' dir='ltr'><strong>vitas</strong></span> <span class='ocrx_word' id='word_1_395' title='bbox 583 2913 851 2979; x_wconf 79' lang='lat' dir='ltr'><strong>subsistit,</strong></span> <span class='ocrx_word' id='word_1_396' title='bbox 891 2913 1002 2966; x_wconf 89' lang='lat' dir='ltr'><strong>noli</strong></span> <span class='ocrx_word' id='word_1_397' title='bbox 1056 2914 1108 2966; x_wconf 94' lang='lat' dir='ltr'><strong>in</strong></span> <span class='ocrx_word' id='word_1_398' title='bbox 1163 2928 1228 2967; x_wconf 92' lang='lat' dir='ltr'><strong>eo</strong></span> <span class='ocrx_word' id='word_1_399' title='bbox 1262 2928 1462 2966; x_wconf 89' lang='lat' dir='ltr'><strong>navare</strong></span> <span class='ocrx_word' id='word_1_400' title='bbox 1493 2927 1739 2980; x_wconf 90' lang='lat' dir='ltr'><strong>operam,</strong></span> <span class='ocrx_word' id='word_1_401' title='bbox 1773 2921 1833 2965; x_wconf 90' lang='lat' dir='ltr'><strong>ut</strong></span> <span class='ocrx_word' id='word_1_402' title='bbox 1866 2928 1990 2981; x_wconf 92' lang='lat' dir='ltr'><strong>per-</strong></span> 
     </span>
    </p>
   </div>
   <div class='ocr_carea' id='block_1_52' title="bbox 414 3003 1984 3071">
    <p class='ocr_par' dir='ltr' id='par_1_52' title="bbox 414 3003 1984 3071">
     <span class='ocr_line' id='line_1_52' title="bbox 414 3003 1984 3071; baseline -0.002 -12"><span class='ocrx_word' id='word_1_403' title='bbox 414 3005 645 3059; x_wconf 88' lang='lat' dir='ltr'><strong>suadeas</strong></span> <span class='ocrx_word' id='word_1_404' title='bbox 677 3006 833 3071; x_wconf 91' lang='lat' dir='ltr'><strong>mihi,</strong></span> <span class='ocrx_word' id='word_1_405' title='bbox 867 3021 934 3059; x_wconf 90' lang='lat' dir='ltr'><strong>ne</strong></span> <span class='ocrx_word' id='word_1_406' title='bbox 961 3005 1140 3061; x_wconf 90' lang='lat' dir='ltr'><strong>colam</strong></span> <span class='ocrx_word' id='word_1_407' title='bbox 1173 3013 1446 3058; x_wconf 88' lang='lat' dir='ltr'><strong>astrorum</strong></span> <span class='ocrx_word' id='word_1_408' title='bbox 1475 3006 1637 3058; x_wconf 88' lang='lat' dir='ltr'><strong>etiam</strong></span> <span class='ocrx_word' id='word_1_409' title='bbox 1671 3003 1984 3070; x_wconf 77' lang='lat' dir='ltr'><strong>Dominum,</strong></span> 
     </span>
    </p>
   </div>
   <div class='ocr_carea' id='block_1_53' title="bbox 414 3183 1984 3257">
    <p class='ocr_par' dir='ltr' id='par_1_53' title="bbox 414 3183 1984 3257">
     <span class='ocr_line' id='line_1_53' title="bbox 414 3183 1984 3257; baseline -0.001 -19"><span class='ocrx_word' id='word_1_410' title='bbox 414 3205 510 3257; x_wconf 84' lang='lat' dir='ltr'><strong>per</strong></span> <span class='ocrx_word' id='word_1_411' title='bbox 541 3187 710 3254; x_wconf 91' lang='lat' dir='ltr'><strong>enim,</strong></span> <span class='ocrx_word' id='word_1_412' title='bbox 751 3186 896 3256; x_wconf 91' lang='lat' dir='ltr'><strong>quod</strong></span> <span class='ocrx_word' id='word_1_413' title='bbox 932 3188 1144 3257; x_wconf 79' lang='lat' dir='ltr'><strong>subest,</strong></span> <span class='ocrx_word' id='word_1_414' title='bbox 1180 3185 1254 3253; x_wconf 92' lang='lat' dir='ltr'><strong>ei,</strong></span> <span class='ocrx_word' id='word_1_415' title='bbox 1287 3186 1431 3255; x_wconf 88' lang='lat' dir='ltr'><strong>quod</strong></span> <span class='ocrx_word' id='word_1_416' title='bbox 1485 3194 1679 3254; x_wconf 68' lang='lat' dir='ltr'><strong>prmest</strong></span> <span class='ocrx_word' id='word_1_417' title='bbox 1707 3200 1770 3238; x_wconf 82' lang='lat' dir='ltr'><strong>ac</strong></span> <span class='ocrx_word' id='word_1_418' title='bbox 1812 3183 1984 3249; x_wconf 89' lang='lat' dir='ltr'><strong>ducit,</strong></span> 
     </span>
    </p>
   </div>
   <div class='ocr_carea' id='block_1_54' title="bbox 413 3275 1984 3348">
    <p class='ocr_par' dir='ltr' id='par_1_54' title="bbox 413 3275 1984 3348">
     <span class='ocr_line' id='line_1_54' title="bbox 413 3275 1984 3348; baseline -0.003 -16"><span class='ocrx_word' id='word_1_419' title='bbox 413 3289 603 3348; x_wconf 90' lang='lat' dir='ltr'><strong>pareat</strong></span> <span class='ocrx_word' id='word_1_420' title='bbox 633 3295 857 3333; x_wconf 88' lang='lat' dir='ltr'><strong>necesse</strong></span> <span class='ocrx_word' id='word_1_421' title='bbox 906 3279 1088 3333; x_wconf 85' lang='lat' dir='ltr'><strong>habet.</strong></span> <span class='ocrx_word' id='word_1_422' title='bbox 1125 3278 1287 3333; x_wconf 89' lang='lat' dir='ltr'><strong>Certe</strong></span> <span class='ocrx_word' id='word_1_423' title='bbox 1315 3277 1565 3331; x_wconf 86' lang='lat' dir='ltr'><strong>venerari</strong></span> <span class='ocrx_word' id='word_1_424' title='bbox 1607 3292 1704 3330; x_wconf 91' lang='lat' dir='ltr'><strong>eos</strong></span> <span class='ocrx_word' id='word_1_425' title='bbox 1730 3317 1745 3342; x_wconf 95' lang='lat'><strong>,</strong></span> <span class='ocrx_word' id='word_1_426' title='bbox 1780 3275 1873 3346; x_wconf 87' lang='lat' dir='ltr'><strong>qui</strong></span> <span class='ocrx_word' id='word_1_427' title='bbox 1909 3275 1984 3328; x_wconf 91' lang='lat' dir='ltr'><strong>dii</strong></span> 
     </span>
    </p>
   </div>
   <div class='ocr_carea' id='block_1_55' title="bbox 412 3366 1986 3440">
    <p class='ocr_par' dir='ltr' id='par_1_55' title="bbox 412 3366 1986 3440">
     <span class='ocr_line' id='line_1_55' title="bbox 412 3366 1986 3440; baseline -0.001 -16"><span class='ocrx_word' id='word_1_428' title='bbox 412 3379 695 3440; x_wconf 91' lang='lat' dir='ltr'><strong>putantur,</strong></span> <span class='ocrx_word' id='word_1_429' title='bbox 732 3371 912 3440; x_wconf 84' lang='lat' dir='ltr'><strong>genesi</strong></span> <span class='ocrx_word' id='word_1_430' title='bbox 951 3371 1268 3426; x_wconf 89' lang='lat' dir='ltr'><strong>dominante</strong></span> <span class='ocrx_word' id='word_1_431' title='bbox 1301 3366 1639 3438; x_wconf 81' lang='lat' dir='ltr'><strong>superﬂuum</strong></span> <span class='ocrx_word' id='word_1_432' title='bbox 1662 3375 1766 3421; x_wconf 86' lang='lat' dir='ltr'><strong>est.</strong></span> <span class='ocrx_word' id='word_1_433' title='bbox 1800 3366 1986 3436; x_wconf 86' lang='lat' dir='ltr'><strong>Neque</strong></span> 
     </span>
    </p>
   </div>
   <div class='ocr_carea' id='block_1_56' title="bbox 412 3461 1976 3534">
    <p class='ocr_par' dir='ltr' id='par_1_56' title="bbox 412 3461 1976 3534">
     <span class='ocr_line' id='line_1_56' title="bbox 412 3461 1976 3534; baseline -0.002 -16"><span class='ocrx_word' id='word_1_434' title='bbox 412 3465 558 3518; x_wconf 86' lang='lat' dir='ltr'><strong>enim</strong></span> <span class='ocrx_word' id='word_1_435' title='bbox 595 3472 789 3533; x_wconf 60' lang='lat' dir='ltr'><strong>praeter</strong></span> <span class='ocrx_word' id='word_1_436' title='bbox 820 3462 872 3517; x_wconf 90' lang='lat' dir='ltr'><strong>id</strong></span> <span class='ocrx_word' id='word_1_437' title='bbox 897 3506 910 3528; x_wconf 93' lang='lat'><strong>,</strong></span> <span class='ocrx_word' id='word_1_438' title='bbox 945 3464 1090 3534; x_wconf 85' lang='lat' dir='ltr'><strong>quod</strong></span> <span class='ocrx_word' id='word_1_439' title='bbox 1138 3462 1254 3516; x_wconf 87' lang='lat' dir='ltr'><strong>fato</strong></span> <span class='ocrx_word' id='word_1_440' title='bbox 1299 3463 1513 3532; x_wconf 90' lang='lat' dir='ltr'><strong>placet,</strong></span> <span class='ocrx_word' id='word_1_441' title='bbox 1548 3461 1848 3531; x_wconf 85' lang='lat' dir='ltr'><strong>quidquam</strong></span> <span class='ocrx_word' id='word_1_442' title='bbox 1881 3461 1976 3528; x_wconf 75' lang='lat' dir='ltr'><strong>fit,</strong></span> 
     </span>
    </p>
   </div>
   <div class='ocr_carea' id='block_1_57' title="bbox 412 3554 1986 3626">
    <p class='ocr_par' dir='ltr' id='par_1_57' title="bbox 412 3554 1986 3626">
     <span class='ocr_line' id='line_1_57' title="bbox 412 3554 1986 3626; baseline 0 -17"><span class='ocrx_word' id='word_1_443' title='bbox 412 3571 591 3625; x_wconf 82' lang='lat' dir='ltr'><strong>neque</strong></span> <span class='ocrx_word' id='word_1_444' title='bbox 622 3556 723 3625; x_wconf 89' lang='lat' dir='ltr'><strong>ipsi</strong></span> <span class='ocrx_word' id='word_1_445' title='bbox 755 3556 1034 3626; x_wconf 88' lang='lat' dir='ltr'><strong>quidpiam</strong></span> <span class='ocrx_word' id='word_1_446' title='bbox 1069 3554 1246 3610; x_wconf 87' lang='lat' dir='ltr'><strong>facere</strong></span> <span class='ocrx_word' id='word_1_447' title='bbox 1279 3561 1530 3626; x_wconf 90' lang='lat' dir='ltr'><strong>possunt,</strong></span> <span class='ocrx_word' id='word_1_448' title='bbox 1564 3554 1657 3624; x_wconf 91' lang='lat' dir='ltr'><strong>qui</strong></span> <span class='ocrx_word' id='word_1_449' title='bbox 1689 3554 1986 3609; x_wconf 84' lang='lat' dir='ltr'><strong>universali</strong></span> 
     </span>
    </p>
   </div>
   <div class='ocr_carea' id='block_1_58' title="bbox 413 3645 1986 3716">
    <p class='ocr_par' dir='ltr' id='par_1_58' title="bbox 413 3645 1986 3716">
     <span class='ocr_line' id='line_1_58' title="bbox 413 3645 1986 3716; baseline -0.001 -17"><span class='ocrx_word' id='word_1_450' title='bbox 413 3645 598 3715; x_wconf 83' lang='lat' dir='ltr'><strong>genesi</strong></span> <span class='ocrx_word' id='word_1_451' title='bbox 633 3662 747 3700; x_wconf 75' lang='lat' dir='ltr'><strong>sure</strong></span> <span class='ocrx_word' id='word_1_452' title='bbox 789 3647 895 3700; x_wconf 90' lang='lat' dir='ltr'><strong>sint</strong></span> <span class='ocrx_word' id='word_1_453' title='bbox 943 3646 1192 3716; x_wconf 87' lang='lat' dir='ltr'><strong>subjecti.</strong></span> <span class='ocrx_word' id='word_1_454' title='bbox 1233 3645 1289 3700; x_wconf 90' lang='lat' dir='ltr'><strong>Si</strong></span> <span class='ocrx_word' id='word_1_455' title='bbox 1327 3646 1538 3716; x_wconf 84' lang='lat' dir='ltr'><strong>genesis</strong></span> <span class='ocrx_word' id='word_1_456' title='bbox 1582 3645 1787 3710; x_wconf 82' lang='lat' dir='ltr'><strong>existit,</strong></span> <span class='ocrx_word' id='word_1_457' title='bbox 1819 3660 1986 3714; x_wconf 68' lang='lat' dir='ltr'><strong>repu~</strong></span> 
     </span>
    </p>
   </div>
   <div class='ocr_carea' id='block_1_59' title="bbox 413 3736 1982 3806">
    <p class='ocr_par' dir='ltr' id='par_1_59' title="bbox 413 3736 1982 3806">
     <span class='ocr_line' id='line_1_59' title="bbox 413 3736 1982 3806; baseline -0.003 -16"><span class='ocrx_word' id='word_1_458' title='bbox 413 3746 561 3804; x_wconf 77' lang='lat' dir='ltr'><strong>gnat,</strong></span> <span class='ocrx_word' id='word_1_459' title='bbox 591 3737 642 3791; x_wconf 90' lang='lat' dir='ltr'><strong>id</strong></span> <span class='ocrx_word' id='word_1_460' title='bbox 673 3737 817 3806; x_wconf 89' lang='lat' dir='ltr'><strong>quod</strong></span> <span class='ocrx_word' id='word_1_461' title='bbox 851 3753 959 3791; x_wconf 90' lang='lat' dir='ltr'><strong>non</strong></span> <span class='ocrx_word' id='word_1_462' title='bbox 995 3745 1078 3792; x_wconf 87' lang='lat' dir='ltr'><strong>est</strong></span> <span class='ocrx_word' id='word_1_463' title='bbox 1106 3737 1365 3806; x_wconf 89' lang='lat' dir='ltr'><strong>primum,</strong></span> <span class='ocrx_word' id='word_1_464' title='bbox 1391 3737 1696 3806; x_wconf 89' lang='lat' dir='ltr'><strong>imperare:</strong></span> <span class='ocrx_word' id='word_1_465' title='bbox 1723 3744 1817 3789; x_wconf 92' lang='lat' dir='ltr'><strong>aut</strong></span> <span class='ocrx_word' id='word_1_466' title='bbox 1849 3736 1982 3791; x_wconf 86' lang='lat' dir='ltr'><strong>sub-</strong></span> 
     </span>
    </p>
   </div>
   <div class='ocr_carea' id='block_1_60' title="bbox 407 3827 1979 3898">
    <p class='ocr_par' dir='ltr' id='par_1_60' title="bbox 407 3827 1979 3898">
     <span class='ocr_line' id='line_1_60' title="bbox 407 3827 1979 3898; baseline 0.001 -19"><span class='ocrx_word' id='word_1_467' title='bbox 407 3827 614 3897; x_wconf 76' lang='lat' dir='ltr'><strong>jectum</strong></span> <span class='ocrx_word' id='word_1_468' title='bbox 661 3845 782 3883; x_wconf 91' lang='lat' dir='ltr'><strong>esse</strong></span> <span class='ocrx_word' id='word_1_469' title='bbox 833 3843 942 3882; x_wconf 89' lang='lat' dir='ltr'><strong>non</strong></span> <span class='ocrx_word' id='word_1_470' title='bbox 991 3837 1170 3898; x_wconf 85' lang='lat' dir='ltr'><strong>potest</strong></span> <span class='ocrx_word' id='word_1_471' title='bbox 1212 3827 1554 3898; x_wconf 89' lang='lat' dir='ltr'><strong>ingenitum,</strong></span> <span class='ocrx_word' id='word_1_472' title='bbox 1609 3842 1758 3894; x_wconf 84' lang='lat' dir='ltr'><strong>cum,</strong></span> <span class='ocrx_word' id='word_1_473' title='bbox 1791 3834 1979 3897; x_wconf 86' lang='lat' dir='ltr'><strong>utpote</strong></span> 
     </span>
    </p>
   </div>
   <div class='ocr_carea' id='block_1_61' title="bbox 414 3919 1564 3991">
    <p class='ocr_par' dir='ltr' id='par_1_61' title="bbox 414 3919 1564 3991">
     <span class='ocr_line' id='line_1_61' title="bbox 414 3919 1564 3991; baseline 0 -18"><span class='ocrx_word' id='word_1_474' title='bbox 414 3920 742 3990; x_wconf 86' lang='lat' dir='ltr'><strong>ingenitum,</strong></span> <span class='ocrx_word' id='word_1_475' title='bbox 770 3919 906 3973; x_wconf 91' lang='lat' dir='ltr'><strong>nihil</strong></span> <span class='ocrx_word' id='word_1_476' title='bbox 938 3921 1136 3974; x_wconf 89' lang='lat' dir='ltr'><strong>habeat</strong></span> <span class='ocrx_word' id='word_1_477' title='bbox 1172 3935 1229 3974; x_wconf 90' lang='lat' dir='ltr'><strong>se</strong></span> <span class='ocrx_word' id='word_1_478' title='bbox 1263 3919 1564 3991; x_wconf 89' lang='lat' dir='ltr'><strong>antiquius.</strong></span> 
     </span>
    </p>
   </div>
   <div class='ocr_carea' id='block_1_62' title="bbox 490 4009 1984 4082">
    <p class='ocr_par' dir='ltr' id='par_1_62' title="bbox 490 4009 1984 4082">
     <span class='ocr_line' id='line_1_62' title="bbox 490 4009 1984 4082; baseline 0.001 -21"><span class='ocrx_word' id='word_1_479' title='bbox 490 4011 552 4064; x_wconf 89' lang='lat' dir='ltr'><strong>V.</strong></span> <span class='ocrx_word' id='word_1_480' title='bbox 595 4011 722 4066; x_wconf 67' lang='lat' dir='ltr'><strong>Haec</strong></span> <span class='ocrx_word' id='word_1_481' title='bbox 753 4028 876 4067; x_wconf 93' lang='lat' dir='ltr'><strong>cum</strong></span> <span class='ocrx_word' id='word_1_482' title='bbox 915 4013 1056 4066; x_wconf 91' lang='lat' dir='ltr'><strong>inter</strong></span> <span class='ocrx_word' id='word_1_483' title='bbox 1086 4028 1184 4066; x_wconf 92' lang='lat' dir='ltr'><strong>nos</strong></span> <span class='ocrx_word' id='word_1_484' title='bbox 1220 4013 1592 4081; x_wconf 89' lang='lat' dir='ltr'><strong>loqueremur,</strong></span> <span class='ocrx_word' id='word_1_485' title='bbox 1628 4012 1818 4082; x_wconf 87' lang='lat' dir='ltr'><strong>ingens</strong></span> <span class='ocrx_word' id='word_1_486' title='bbox 1853 4009 1984 4073; x_wconf 83' lang='lat' dir='ltr'><strong>asti-</strong></span> 
     </span>
    </p>
   </div>
   <div class='ocr_carea' id='block_1_63' title="bbox 411 4101 1984 4172">
    <p class='ocr_par' dir='ltr' id='par_1_63' title="bbox 411 4101 1984 4172">
     <span class='ocr_line' id='line_1_63' title="bbox 411 4101 1984 4172; baseline -0.001 -14"><span class='ocrx_word' id='word_1_487' title='bbox 411 4103 477 4158; x_wconf 87' lang='lat' dir='ltr'><strong>tit</strong></span> <span class='ocrx_word' id='word_1_488' title='bbox 509 4103 791 4158; x_wconf 91' lang='lat' dir='ltr'><strong>hominum</strong></span> <span class='ocrx_word' id='word_1_489' title='bbox 819 4103 1130 4157; x_wconf 87' lang='lat' dir='ltr'><strong>multitudo.</strong></span> <span class='ocrx_word' id='word_1_490' title='bbox 1161 4101 1426 4172; x_wconf 87' lang='lat' dir='ltr'><strong>Tuucque</strong></span> <span class='ocrx_word' id='word_1_491' title='bbox 1460 4101 1526 4157; x_wconf 88' lang='lat' dir='ltr'><strong>ad</strong></span> <span class='ocrx_word' id='word_1_492' title='bbox 1555 4119 1648 4158; x_wconf 89' lang='lat' dir='ltr'><strong>eos</strong></span> <span class='ocrx_word' id='word_1_493' title='bbox 1682 4102 1984 4172; x_wconf 89' lang='lat' dir='ltr'><strong>respiciens</strong></span> 
     </span>
    </p>
   </div>
   <div class='ocr_carea' id='block_1_64' title="bbox 410 4194 1984 4266">
    <p class='ocr_par' dir='ltr' id='par_1_64' title="bbox 410 4194 1984 4266">
     <span class='ocr_line' id='line_1_64' title="bbox 410 4194 1984 4266; baseline 0.001 -16"><span class='ocrx_word' id='word_1_494' title='bbox 410 4197 524 4251; x_wconf 90' lang='lat' dir='ltr'><strong>dixi</strong></span> <span class='ocrx_word' id='word_1_495' title='bbox 551 4215 563 4250; x_wconf 92' lang='lat'>:</span> <span class='ocrx_word' id='word_1_496' title='bbox 589 4195 699 4266; x_wconf 85' lang='lat' dir='ltr'><strong>Ego</strong></span> <span class='ocrx_word' id='word_1_497' title='bbox 728 4211 851 4249; x_wconf 91' lang='lat' dir='ltr'><strong>cum</strong></span> <span class='ocrx_word' id='word_1_498' title='bbox 879 4210 1074 4264; x_wconf 84' lang='lat' dir='ltr'><strong>genere</strong></span> <span class='ocrx_word' id='word_1_499' title='bbox 1103 4210 1224 4249; x_wconf 91' lang='lat' dir='ltr'><strong>meo</strong></span> <span class='ocrx_word' id='word_1_500' title='bbox 1248 4194 1431 4264; x_wconf 88' lang='lat' dir='ltr'><strong>accepi</strong></span> <span class='ocrx_word' id='word_1_501' title='bbox 1471 4210 1499 4250; x_wconf 88' lang='lat' dir='ltr'><strong>a</strong></span> <span class='ocrx_word' id='word_1_502' title='bbox 1539 4194 1838 4264; x_wconf 87' lang='lat' dir='ltr'><strong>majoribus</strong></span> <span class='ocrx_word' id='word_1_503' title='bbox 1868 4195 1984 4252; x_wconf 88' lang='lat' dir='ltr'><strong>cul-</strong></span> 
     </span>
    </p>
   </div>
   <div class='ocr_carea' id='block_1_65' title="bbox 412 4285 1979 4355">
    <p class='ocr_par' dir='ltr' id='par_1_65' title="bbox 412 4285 1979 4355">
     <span class='ocr_line' id='line_1_65' title="bbox 412 4285 1979 4355; baseline 0.001 -13"><span class='ocrx_word' id='word_1_504' title='bbox 412 4297 525 4342; x_wconf 88' lang='lat' dir='ltr'><strong>tum</strong></span> <span class='ocrx_word' id='word_1_505' title='bbox 560 4287 675 4352; x_wconf 89' lang='lat' dir='ltr'><strong>Dei,</strong></span> <span class='ocrx_word' id='word_1_506' title='bbox 711 4296 763 4340; x_wconf 93' lang='lat' dir='ltr'><strong>et</strong></span> <span class='ocrx_word' id='word_1_507' title='bbox 796 4295 1123 4355; x_wconf 70' lang='lat' dir='ltr'><strong>prmceptum</strong></span> <span class='ocrx_word' id='word_1_508' title='bbox 1160 4286 1336 4340; x_wconf 90' lang='lat' dir='ltr'><strong>habeo</strong></span> <span class='ocrx_word' id='word_1_509' title='bbox 1370 4301 1435 4339; x_wconf 91' lang='lat' dir='ltr'><strong>ne</strong></span> <span class='ocrx_word' id='word_1_510' title='bbox 1470 4286 1611 4339; x_wconf 89' lang='lat' dir='ltr'><strong>ortui</strong></span> <span class='ocrx_word' id='word_1_511' title='bbox 1651 4285 1979 4350; x_wconf 75' lang='lat' dir='ltr'><strong>adlneream.</strong></span> 
     </span>
    </p>
   </div>
   <div class='ocr_carea' id='block_1_66' title="bbox 409 4376 1981 4445">
    <p class='ocr_par' dir='ltr' id='par_1_66' title="bbox 409 4376 1981 4445">
     <span class='ocr_line' id='line_1_66' title="bbox 409 4376 1981 4445; baseline -0.003 -13"><span class='ocrx_word' id='word_1_512' title='bbox 409 4377 752 4445; x_wconf 71' lang='lat' dir='ltr'><strong>astrologica:</strong></span> <span class='ocrx_word' id='word_1_513' title='bbox 778 4377 1004 4444; x_wconf 88' lang='lat' dir='ltr'><strong>inquam</strong></span> <span class='ocrx_word' id='word_1_514' title='bbox 1027 4376 1329 4444; x_wconf 72' lang='lat' dir='ltr'><strong>disciplina:</strong></span> <span class='ocrx_word' id='word_1_515' title='bbox 1354 4395 1367 4430; x_wconf 94' lang='lat'>:</span> <span class='ocrx_word' id='word_1_516' title='bbox 1397 4376 1603 4430; x_wconf 91' lang='lat' dir='ltr'><strong>idcirco</strong></span> <span class='ocrx_word' id='word_1_517' title='bbox 1627 4376 1694 4430; x_wconf 91' lang='lat' dir='ltr'><strong>ad</strong></span> <span class='ocrx_word' id='word_1_518' title='bbox 1717 4391 1837 4429; x_wconf 88' lang='lat' dir='ltr'><strong>eam</strong></span> <span class='ocrx_word' id='word_1_519' title='bbox 1863 4377 1981 4432; x_wconf 90' lang='lat' dir='ltr'><strong>ani-</strong></span> 
     </span>
    </p>
   </div>
   <div class='ocr_carea' id='block_1_67' title="bbox 411 4467 1980 4540">
    <p class='ocr_par' dir='ltr' id='par_1_67' title="bbox 411 4467 1980 4540">
     <span class='ocr_line' id='line_1_67' title="bbox 411 4467 1980 4540; baseline 0 -18"><span class='ocrx_word' id='word_1_520' title='bbox 411 4485 559 4523; x_wconf 88' lang='lat' dir='ltr'><strong>mum</strong></span> <span class='ocrx_word' id='word_1_521' title='bbox 595 4485 703 4523; x_wconf 94' lang='lat' dir='ltr'><strong>non</strong></span> <span class='ocrx_word' id='word_1_522' title='bbox 762 4470 1019 4540; x_wconf 89' lang='lat' dir='ltr'><strong>applicui.</strong></span> <span class='ocrx_word' id='word_1_523' title='bbox 1067 4467 1221 4522; x_wconf 90' lang='lat' dir='ltr'><strong>Unde</strong></span> <span class='ocrx_word' id='word_1_524' title='bbox 1271 4467 1576 4536; x_wconf 69' lang='lat' dir='ltr'><strong>astrologia:</strong></span> <span class='ocrx_word' id='word_1_525' title='bbox 1617 4468 1835 4538; x_wconf 89' lang='lat' dir='ltr'><strong>quidem</strong></span> <span class='ocrx_word' id='word_1_526' title='bbox 1871 4483 1980 4522; x_wconf 89' lang='lat' dir='ltr'><strong>non</strong></span> 
     </span>
    </p>
   </div>
   <div class='ocr_carea' id='block_1_68' title="bbox 409 4555 1980 4626">
    <p class='ocr_par' dir='ltr' id='par_1_68' title="bbox 409 4555 1980 4626">
     <span class='ocr_line' id='line_1_68' title="bbox 409 4555 1980 4626; baseline 0.001 -18"><span class='ocrx_word' id='word_1_527' title='bbox 409 4569 530 4608; x_wconf 91' lang='lat' dir='ltr'><strong>sum</strong></span> <span class='ocrx_word' id='word_1_528' title='bbox 564 4555 816 4624; x_wconf 90' lang='lat' dir='ltr'><strong>peritus:</strong></span> <span class='ocrx_word' id='word_1_529' title='bbox 854 4572 1086 4625; x_wconf 91' lang='lat' dir='ltr'><strong>quorum</strong></span> <span class='ocrx_word' id='word_1_530' title='bbox 1123 4566 1306 4610; x_wconf 88' lang='lat' dir='ltr'><strong>autem</strong></span> <span class='ocrx_word' id='word_1_531' title='bbox 1344 4556 1590 4626; x_wconf 89' lang='lat' dir='ltr'><strong>peritiam</strong></span> <span class='ocrx_word' id='word_1_532' title='bbox 1642 4556 1818 4610; x_wconf 87' lang='lat' dir='ltr'><strong>habeo</strong></span> <span class='ocrx_word' id='word_1_533' title='bbox 1842 4597 1857 4622; x_wconf 93' lang='lat'><strong>,</strong></span> <span class='ocrx_word' id='word_1_534' title='bbox 1891 4557 1980 4610; x_wconf 88' lang='lat' dir='ltr'><strong>illa</strong></span> 
     </span>
    </p>
   </div>
   <div class='ocr_carea' id='block_1_69' title="bbox 410 4645 1981 4716">
    <p class='ocr_par' dir='ltr' id='par_1_69' title="bbox 410 4645 1981 4716">
     <span class='ocr_line' id='line_1_69' title="bbox 410 4645 1981 4716; baseline 0.001 -16"><span class='ocrx_word' id='word_1_535' title='bbox 410 4660 703 4713; x_wconf 86' lang='lat' dir='ltr'><strong>exponam.</strong></span> <span class='ocrx_word' id='word_1_536' title='bbox 738 4645 876 4711; x_wconf 86' lang='lat' dir='ltr'><strong>Quia</strong></span> <span class='ocrx_word' id='word_1_537' title='bbox 910 4649 1131 4716; x_wconf 86' lang='lat' dir='ltr'><strong>genesin</strong></span> <span class='ocrx_word' id='word_1_538' title='bbox 1166 4662 1231 4700; x_wconf 87' lang='lat' dir='ltr'><strong>ex</strong></span> <span class='ocrx_word' id='word_1_539' title='bbox 1286 4647 1402 4715; x_wconf 89' lang='lat' dir='ltr'><strong>ipsa</strong></span> <span class='ocrx_word' id='word_1_540' title='bbox 1449 4661 1712 4716; x_wconf 85' lang='lat' dir='ltr'><strong>geneseos</strong></span> <span class='ocrx_word' id='word_1_541' title='bbox 1755 4649 1981 4702; x_wconf 84' lang='lat' dir='ltr'><strong>scientia</strong></span> 
     </span>
    </p>
   </div>
   <div class='ocr_carea' id='block_1_70' title="bbox 408 4730 1979 4810">
    <p class='ocr_par' dir='ltr' id='par_1_70' title="bbox 408 4730 1979 4810">
     <span class='ocr_line' id='line_1_70' title="bbox 408 4730 1979 4810; baseline 0.002 -19"><span class='ocrx_word' id='word_1_542' title='bbox 408 4737 692 4792; x_wconf 90' lang='lat' dir='ltr'><strong>confutare</strong></span> <span class='ocrx_word' id='word_1_543' title='bbox 740 4754 975 4807; x_wconf 90' lang='lat' dir='ltr'><strong>nequeo,</strong></span> <span class='ocrx_word' id='word_1_544' title='bbox 1008 4738 1130 4793; x_wconf 86' lang='lat' dir='ltr'><strong>volo</strong></span> <span class='ocrx_word' id='word_1_545' title='bbox 1163 4730 1266 4792; x_wconf 85' lang='lat' dir='ltr'><strong>alia</strong></span> <span class='ocrx_word' id='word_1_546' title='bbox 1302 4739 1514 4792; x_wconf 88' lang='lat' dir='ltr'><strong>ratione</strong></span> <span class='ocrx_word' id='word_1_547' title='bbox 1548 4740 1855 4805; x_wconf 91' lang='lat' dir='ltr'><strong>ostendere,</strong></span> <span class='ocrx_word' id='word_1_548' title='bbox 1887 4755 1979 4810; x_wconf 87' lang='lat' dir='ltr'><strong>per</strong></span> 
     </span>
    </p>
   </div>
   <div class='ocr_carea' id='block_1_71' title="bbox 412 4828 1981 4902">
    <p class='ocr_par' dir='ltr' id='par_1_71' title="bbox 412 4828 1981 4902">
     <span class='ocr_line' id='line_1_71' title="bbox 412 4828 1981 4902; baseline 0.004 -21"><span class='ocrx_word' id='word_1_549' title='bbox 412 4828 502 4882; x_wconf 89' lang='lat' dir='ltr'><strong>Dei</strong></span> <span class='ocrx_word' id='word_1_550' title='bbox 541 4831 938 4899; x_wconf 88' lang='lat' dir='ltr'><strong>providentiam</strong></span> <span class='ocrx_word' id='word_1_551' title='bbox 984 4847 1072 4885; x_wconf 91' lang='lat' dir='ltr'><strong>res</strong></span> <span class='ocrx_word' id='word_1_552' title='bbox 1107 4831 1498 4896; x_wconf 87' lang='lat' dir='ltr'><strong>administrari,</strong></span> <span class='ocrx_word' id='word_1_553' title='bbox 1532 4839 1586 4885; x_wconf 89' lang='lat' dir='ltr'><strong>et</strong></span> <span class='ocrx_word' id='word_1_554' title='bbox 1618 4849 1981 4902; x_wconf 89' lang='lat' dir='ltr'><strong>unumquem-</strong></span> 
     </span>
    </p>
   </div>
   <div class='ocr_carea' id='block_1_72' title="bbox 410 4911 1979 4992">
    <p class='ocr_par' dir='ltr' id='par_1_72' title="bbox 410 4911 1979 4992">
     <span class='ocr_line' id='line_1_72' title="bbox 410 4911 1979 4992; baseline 0.006 -23"><span class='ocrx_word' id='word_1_555' title='bbox 410 4935 520 4988; x_wconf 89' lang='lat' dir='ltr'><strong>que</strong></span> <span class='ocrx_word' id='word_1_556' title='bbox 549 4920 846 4974; x_wconf 89' lang='lat' dir='ltr'><strong>secundum</strong></span> <span class='ocrx_word' id='word_1_557' title='bbox 873 4935 935 4973; x_wconf 87' lang='lat' dir='ltr'><strong>ea</strong></span> <span class='ocrx_word' id='word_1_558' title='bbox 966 4937 1087 4990; x_wconf 66' lang='lat' dir='ltr'><strong>qua:</strong></span> <span class='ocrx_word' id='word_1_559' title='bbox 1117 4911 1302 4985; x_wconf 86' lang='lat' dir='ltr'><strong>faciat,</strong></span> <span class='ocrx_word' id='word_1_560' title='bbox 1350 4922 1633 4990; x_wconf 67' lang='lat' dir='ltr'><strong>praemium</strong></span> <span class='ocrx_word' id='word_1_561' title='bbox 1661 4923 1746 4976; x_wconf 91' lang='lat' dir='ltr'><strong>vel</strong></span> <span class='ocrx_word' id='word_1_562' title='bbox 1787 4939 1979 4992; x_wconf 70' lang='lat' dir='ltr'><strong>ptenas</strong></span> 
     </span>
    </p>
   </div>
   <div class='ocr_carea' id='block_1_73' title="bbox 412 5013 1979 5085">
    <p class='ocr_par' dir='ltr' id='par_1_73' title="bbox 412 5013 1979 5085">
     <span class='ocr_line' id='line_1_73' title="bbox 412 5013 1979 5085; baseline 0.004 -19"><span class='ocrx_word' id='word_1_563' title='bbox 412 5026 530 5066; x_wconf 79' lang='lat' dir='ltr'><strong>esse</strong></span> <span class='ocrx_word' id='word_1_564' title='bbox 563 5021 848 5067; x_wconf 90' lang='lat' dir='ltr'><strong>nacturum</strong></span> <span class='ocrx_word' id='word_1_565' title='bbox 880 5032 892 5068; x_wconf 92' lang='lat'>:</span> <span class='ocrx_word' id='word_1_566' title='bbox 931 5013 1047 5068; x_wconf 91' lang='lat' dir='ltr'><strong>sive</strong></span> <span class='ocrx_word' id='word_1_567' title='bbox 1071 5029 1238 5081; x_wconf 91' lang='lat' dir='ltr'><strong>nunc,</strong></span> <span class='ocrx_word' id='word_1_568' title='bbox 1271 5015 1390 5069; x_wconf 91' lang='lat' dir='ltr'><strong>sive</strong></span> <span class='ocrx_word' id='word_1_569' title='bbox 1420 5015 1670 5085; x_wconf 88' lang='lat' dir='ltr'><strong>posthac,</strong></span> <span class='ocrx_word' id='word_1_570' title='bbox 1697 5017 1836 5072; x_wconf 88' lang='lat' dir='ltr'><strong>nihil</strong></span> <span class='ocrx_word' id='word_1_571' title='bbox 1860 5034 1979 5072; x_wconf 89' lang='lat' dir='ltr'><strong>mea</strong></span> 
     </span>
    </p>
   </div>
   <div class='ocr_carea' id='block_1_74' title="bbox 2167 2463 3683 2545">
    <p class='ocr_par' dir='ltr' id='par_1_74' title="bbox 2167 2463 3683 2545">
     <span class='ocr_line' id='line_1_74' title="bbox 2167 2463 3683 2545; baseline 0.005 -27"><span class='ocrx_word' id='word_1_572' title='bbox 2167 2464 2331 2536; x_wconf 74' lang='lat'><strong>299</strong></span> <span class='ocrx_word' id='word_1_573' title='bbox 2368 2466 2454 2519; x_wconf 82' lang='lat' dir='ltr'><strong>IV.</strong></span> <span class='ocrx_word' id='word_1_574' title='bbox 2493 2465 2663 2534; x_wconf 86' lang='grc' dir='ltr'>Κάγὼ</span> <span class='ocrx_word' id='word_1_575' title='bbox 2705 2463 2945 2545; x_wconf 68' lang='grc' dir='ltr'><strong>ἔφην-Ἐἰ</strong></span> <span class='ocrx_word' id='word_1_576' title='bbox 2979 2467 3190 2536; x_wconf 84' lang='grc' dir='ltr'>γενέσει</span> <span class='ocrx_word' id='word_1_577' title='bbox 3230 2468 3297 2521; x_wconf 88' lang='grc' dir='ltr'><strong>τά</strong></span> <span class='ocrx_word' id='word_1_578' title='bbox 3325 2469 3500 2523; x_wconf 88' lang='grc' dir='ltr'>πάντα</span> <span class='ocrx_word' id='word_1_579' title='bbox 3539 2471 3683 2526; x_wconf 78' lang='grc' dir='ltr'>ὑπό-</span> 
     </span>
    </p>
   </div>
   <div class='ocr_carea' id='block_1_75' title="bbox 2096 2553 3680 2629">
    <p class='ocr_par' dir='ltr' id='par_1_75' title="bbox 2096 2553 3680 2629">
     <span class='ocr_line' id='line_1_75' title="bbox 2096 2553 3680 2629; baseline 0.006 -25"><span class='ocrx_word' id='word_1_580' title='bbox 2096 2570 2294 2615; x_wconf 81' lang='grc' dir='ltr'>κειται,</span> <span class='ocrx_word' id='word_1_581' title='bbox 2339 2555 2432 2623; x_wconf 71' lang='grc' dir='ltr'><strong>καὶ</strong></span> <span class='ocrx_word' id='word_1_582' title='bbox 2465 2553 2609 2605; x_wconf 88' lang='grc' dir='ltr'>τοῦθ’</span> <span class='ocrx_word' id='word_1_583' title='bbox 2631 2555 2678 2586; x_wconf 76' lang='grc'>⁸⁸</span> <span class='ocrx_word' id='word_1_584' title='bbox 2703 2554 2875 2617; x_wconf 80' lang='grc' dir='ltr'>οὕτως</span> <span class='ocrx_word' id='word_1_585' title='bbox 2924 2553 3012 2626; x_wconf 77' lang='grc' dir='ltr'>ἔχε</span> <span class='ocrx_word' id='word_1_586' title='bbox 3026 2573 3073 2608; x_wconf 94' lang='grc' dir='ltr'>ιν</span> <span class='ocrx_word' id='word_1_587' title='bbox 3091 2557 3136 2586; x_wconf 76' lang='grc'><strong>’⁸</strong></span> <span class='ocrx_word' id='word_1_588' title='bbox 3169 2556 3680 2629; x_wconf 79' lang='grc' dir='ltr'>πεπληροφόρησαι,</span> 
     </span>
    </p>
   </div>
   <div class='ocr_carea' id='block_1_76' title="bbox 2096 2643 3685 2734">
    <p class='ocr_par' dir='ltr' id='par_1_76' title="bbox 2096 2643 3685 2734">
     <span class='ocr_line' id='line_1_76' title="bbox 2096 2643 3685 2734; baseline 0.005 -39"><span class='ocrx_word' id='word_1_589' title='bbox 2096 2643 2305 2714; x_wconf 84' lang='grc' dir='ltr'>σεαυτῷ</span> <span class='ocrx_word' id='word_1_590' title='bbox 2325 2646 2537 2716; x_wconf 77' lang='grc' dir='ltr'>ἐναντία</span> <span class='ocrx_word' id='word_1_591' title='bbox 2559 2645 2693 2699; x_wconf 85' lang='grc' dir='ltr'>νοῶν</span> <span class='ocrx_word' id='word_1_592' title='bbox 2711 2663 2773 2697; x_wconf 88' lang='grc' dir='ltr'><strong>συ</strong></span> <span class='ocrx_word' id='word_1_593' title='bbox 2781 2645 3114 2716; x_wconf 86' lang='grc' dir='ltr'>μϐουλεύεις.</span> <span class='ocrx_word' id='word_1_594' title='bbox 3135 2647 3196 2698; x_wconf 80' lang='grc' dir='ltr'><strong>Εἰ</strong></span> <span class='ocrx_word' id='word_1_595' title='bbox 3220 2647 3317 2716; x_wconf 83' lang='grc' dir='ltr'><strong>μὲν</strong></span> <span class='ocrx_word' id='word_1_596' title='bbox 3337 2647 3444 2718; x_wconf 85' lang='grc' dir='ltr'><strong>γάρ</strong></span> <span class='ocrx_word' id='word_1_597' title='bbox 3463 2649 3508 2680; x_wconf 74' lang='grc'><strong>³⁸</strong></span> <span class='ocrx_word' id='word_1_598' title='bbox 3525 2651 3685 2734; x_wconf 60' lang='grc' dir='ltr'>πεξρά</span> 
     </span>
    </p>
   </div>
   <div class='ocr_carea' id='block_1_77' title="bbox 2092 2719 3685 2812">
    <p class='ocr_par' dir='ltr' id='par_1_77' title="bbox 2092 2719 3685 2812">
     <span class='ocr_line' id='line_1_77' title="bbox 2092 2719 3685 2812; baseline 0.002 -21"><span class='ocrx_word' id='word_1_599' title='bbox 2092 2739 2303 2807; x_wconf 81' lang='grc' dir='ltr'>γένεσιν</span> <span class='ocrx_word' id='word_1_600' title='bbox 2327 2740 2388 2791; x_wconf 88' lang='grc' dir='ltr'><strong>οὐ</strong></span> <span class='ocrx_word' id='word_1_601' title='bbox 2411 2739 2632 2792; x_wconf 84' lang='grc' dir='ltr'>δυνατὸν</span> <span class='ocrx_word' id='word_1_602' title='bbox 2667 2740 2786 2803; x_wconf 79' lang='grc' dir='ltr'>οὐδὲ</span> <span class='ocrx_word' id='word_1_603' title='bbox 2813 2739 2873 2792; x_wconf 87' lang='grc' dir='ltr'><strong>τὸ</strong></span> <span class='ocrx_word' id='word_1_604' title='bbox 2911 2743 3126 2812; x_wconf 82' lang='grc' dir='ltr'>φρονεῖν</span> <span class='ocrx_word' id='word_1_605' title='bbox 3149 2779 3163 2804; x_wconf 97' lang='grc'><strong>,</strong></span> <span class='ocrx_word' id='word_1_606' title='bbox 3194 2740 3247 2792; x_wconf 91' lang='grc' dir='ltr'><strong>τί</strong></span> <span class='ocrx_word' id='word_1_607' title='bbox 3275 2719 3685 2811; x_wconf 54' lang='grc' dir='ltr'>ματαιοπονΞς,</span> 
     </span>
    </p>
   </div>
   <div class='ocr_carea' id='block_1_78' title="bbox 2094 2831 3680 2908">
    <p class='ocr_par' dir='ltr' id='par_1_78' title="bbox 2094 2831 3680 2908">
     <span class='ocr_line' id='line_1_78' title="bbox 2094 2831 3680 2908; baseline 0.001 -25"><span class='ocrx_word' id='word_1_608' title='bbox 2094 2831 2476 2901; x_wconf 81' lang='grc' dir='ltr'>συμϐουλεύων</span> <span class='ocrx_word' id='word_1_609' title='bbox 2523 2832 2777 2908; x_wconf 82' lang='grc' dir='ltr'>γενέσθαι</span> <span class='ocrx_word' id='word_1_610' title='bbox 2821 2831 2850 2884; x_wconf 85' lang='grc' dir='ltr'><strong>δ</strong></span> <span class='ocrx_word' id='word_1_611' title='bbox 2891 2833 3145 2908; x_wconf 76' lang='grc' dir='ltr'>γενέσθαι</span> <span class='ocrx_word' id='word_1_612' title='bbox 3189 2833 3448 2886; x_wconf 86' lang='grc' dir='ltr'>ἀδύνατόν</span> <span class='ocrx_word' id='word_1_613' title='bbox 3487 2835 3680 2899; x_wconf 52' lang='lat' dir='ltr'><strong>an-iv;</strong></span> 
     </span>
    </p>
   </div>
   <div class='ocr_carea' id='block_1_79' title="bbox 2091 2907 3687 2994">
    <p class='ocr_par' dir='ltr' id='par_1_79' title="bbox 2091 2907 3687 2994">
     <span class='ocr_line' id='line_1_79' title="bbox 2091 2907 3687 2994; baseline 0.003 -21"><span class='ocrx_word' id='word_1_614' title='bbox 2091 2921 2205 2986; x_wconf 83' lang='grc' dir='ltr'>ἀλλ’</span> <span class='ocrx_word' id='word_1_615' title='bbox 2230 2921 2309 2974; x_wconf 80' lang='grc' dir='ltr'>ἔτι</span> <span class='ocrx_word' id='word_1_616' title='bbox 2342 2922 2446 2993; x_wconf 80' lang='grc' dir='ltr'>μὴν</span> <span class='ocrx_word' id='word_1_617' title='bbox 2469 2923 2516 2974; x_wconf 85' lang='grc' dir='ltr'><strong>εί</strong></span> <span class='ocrx_word' id='word_1_618' title='bbox 2541 2923 2755 2990; x_wconf 88' lang='grc' dir='ltr'>γένεσις</span> <span class='ocrx_word' id='word_1_619' title='bbox 2782 2925 3107 2994; x_wconf 75' lang='grc' dir='ltr'>ὑφέστηκεν,</span> <span class='ocrx_word' id='word_1_620' title='bbox 3135 2925 3208 2994; x_wconf 82' lang='grc' dir='ltr'>μὴ</span> <span class='ocrx_word' id='word_1_621' title='bbox 3245 2924 3440 2977; x_wconf 88' lang='grc' dir='ltr'>σπεῦδε</span> <span class='ocrx_word' id='word_1_622' title='bbox 3469 2907 3687 2978; x_wconf 29' lang='grc' dir='ltr'>πείθειν-</span> 
     </span>
    </p>
   </div>
   <div class='ocr_carea' id='block_1_80' title="bbox 2096 2998 3679 3068">
    <p class='ocr_par' dir='ltr' id='par_1_80' title="bbox 2096 2998 3679 3068">
     <span class='ocr_line' id='line_1_80' title="bbox 2096 2998 3679 3068; baseline 0.004 -6"><span class='ocrx_word' id='word_1_623' title='bbox 2096 3011 2193 3068; x_wconf 82' lang='grc' dir='ltr'>ἐμὲ</span> <span class='ocrx_word' id='word_1_624' title='bbox 2229 3011 2302 3068; x_wconf 81' lang='grc' dir='ltr'>μὴ</span> <span class='ocrx_word' id='word_1_625' title='bbox 2333 3013 2513 3066; x_wconf 90' lang='grc' dir='ltr'>σέϐειν</span> <span class='ocrx_word' id='word_1_626' title='bbox 2544 3014 2635 3066; x_wconf 87' lang='grc' dir='ltr'>τὸν</span> <span class='ocrx_word' id='word_1_627' title='bbox 2661 3016 2755 3066; x_wconf 74' lang='grc' dir='ltr'>καὶ</span> <span class='ocrx_word' id='word_1_628' title='bbox 2781 3015 2890 3066; x_wconf 85' lang='grc' dir='ltr'>τῶν</span> <span class='ocrx_word' id='word_1_629' title='bbox 2930 3015 3145 3068; x_wconf 72' lang='grc' dir='ltr'>ἄστρων</span> <span class='ocrx_word' id='word_1_630' title='bbox 3169 3015 3452 3068; x_wconf 78' lang='grc' dir='ltr'>δεσπότην.</span> <span class='ocrx_word' id='word_1_631' title='bbox 3487 3010 3549 3068; x_wconf 75' lang='grc' dir='ltr'>οὗ</span> <span class='ocrx_word' id='word_1_632' title='bbox 3585 2998 3679 3068; x_wconf 59' lang='lat'><strong>05-</strong></span> 
     </span>
    </p>
   </div>
   <div class='ocr_carea' id='block_1_81' title="bbox 413 3011 2008 3167">
    <p class='ocr_par' dir='ltr' id='par_1_81' title="bbox 413 3011 1986 3167">
     <span class='ocr_line' id='line_1_81' title="bbox 414 3011 1984 3071; baseline -0.002 -12"><span class='ocrx_word' id='word_1_633' title='bbox 414 3011 645 3059; x_wconf 89' lang='lat' dir='ltr'><strong>suadeas</strong></span> <span class='ocrx_word' id='word_1_634' title='bbox 677 3011 833 3071; x_wconf 89' lang='lat' dir='ltr'><strong>mihi,</strong></span> <span class='ocrx_word' id='word_1_635' title='bbox 867 3021 934 3059; x_wconf 90' lang='lat' dir='ltr'><strong>ne</strong></span> <span class='ocrx_word' id='word_1_636' title='bbox 961 3011 1140 3061; x_wconf 90' lang='lat' dir='ltr'><strong>colam</strong></span> <span class='ocrx_word' id='word_1_637' title='bbox 1173 3013 1446 3058; x_wconf 88' lang='lat' dir='ltr'><strong>astrorum</strong></span> <span class='ocrx_word' id='word_1_638' title='bbox 1475 3011 1637 3058; x_wconf 88' lang='lat' dir='ltr'><strong>etiam</strong></span> <span class='ocrx_word' id='word_1_639' title='bbox 1671 3011 1984 3070; x_wconf 83' lang='lat' dir='ltr'><strong>Dominum,</strong></span> 
     </span>
     <span class='ocr_line' id='line_1_82' title="bbox 413 3091 1986 3167; baseline -0.001 -19"><span class='ocrx_word' id='word_1_640' title='bbox 413 3095 508 3164; x_wconf 93' lang='lat' dir='ltr'><strong>qui</strong></span> <span class='ocrx_word' id='word_1_641' title='bbox 537 3095 662 3149; x_wconf 88' lang='lat' dir='ltr'><strong>etsi</strong></span> <span class='ocrx_word' id='word_1_642' title='bbox 696 3095 824 3166; x_wconf 80' lang='lat' dir='ltr'><strong>velit</strong></span> <span class='ocrx_word' id='word_1_643' title='bbox 867 3110 973 3167; x_wconf 64' lang='grc' dir='ltr'>ηομ</span> <span class='ocrx_word' id='word_1_644' title='bbox 1012 3094 1127 3158; x_wconf 77' lang='lat' dir='ltr'><strong>ﬁeri</strong></span> <span class='ocrx_word' id='word_1_645' title='bbox 1159 3093 1398 3162; x_wconf 89' lang='lat' dir='ltr'><strong>aliquid,</strong></span> <span class='ocrx_word' id='word_1_646' title='bbox 1433 3094 1550 3148; x_wconf 79' lang='lat' dir='ltr'><strong>fieri</strong></span> <span class='ocrx_word' id='word_1_647' title='bbox 1588 3093 1793 3162; x_wconf 77' lang='lat' dir='ltr'><strong>nequit.</strong></span> <span class='ocrx_word' id='word_1_648' title='bbox 1828 3091 1986 3146; x_wconf 89' lang='lat' dir='ltr'><strong>Sem-</strong></span> 
     </span>
    </p>
   </div>
   <div class='ocr_carea' id='block_1_82' title="bbox 2098 3011 3615 3167">
    <p class='ocr_par' dir='ltr' id='par_1_82' title="bbox 2098 3011 3615 3167">
     <span class='ocr_line' id='line_1_83' title="bbox 2098 3011 3615 3087; baseline 0.004 -25"><span class='ocrx_word' id='word_1_649' title='bbox 2098 3011 2193 3081; x_wconf 80' lang='grc' dir='ltr'>ὲμὲ</span> <span class='ocrx_word' id='word_1_650' title='bbox 2229 3011 2302 3082; x_wconf 78' lang='grc' dir='ltr'>μὴ</span> <span class='ocrx_word' id='word_1_651' title='bbox 2333 3013 2513 3066; x_wconf 90' lang='grc' dir='ltr'>σέϐειν</span> <span class='ocrx_word' id='word_1_652' title='bbox 2544 3014 2635 3066; x_wconf 87' lang='grc' dir='ltr'>τὸν</span> <span class='ocrx_word' id='word_1_653' title='bbox 2661 3016 2755 3066; x_wconf 74' lang='grc' dir='ltr'>καὶ</span> <span class='ocrx_word' id='word_1_654' title='bbox 2781 3015 2890 3066; x_wconf 85' lang='grc' dir='ltr'>τῶν</span> <span class='ocrx_word' id='word_1_655' title='bbox 2930 3015 3145 3086; x_wconf 75' lang='grc' dir='ltr'>άστρων</span> <span class='ocrx_word' id='word_1_656' title='bbox 3169 3015 3452 3087; x_wconf 83' lang='grc' dir='ltr'>δεσπότην,</span> <span class='ocrx_word' id='word_1_657' title='bbox 3487 3011 3549 3070; x_wconf 76' lang='grc' dir='ltr'>οὗ</span> <span class='ocrx_word' id='word_1_658' title='bbox 3585 3015 3615 3068; x_wconf 91' lang='grc' dir='ltr'><strong>θ</strong></span> 
     </span>
     <span class='ocr_line' id='line_1_84' title="bbox 2098 3103 3615 3167; baseline 0.002 -11"><span class='ocrx_word' id='word_1_659' title='bbox 2098 3103 2273 3167; x_wconf 83' lang='grc' dir='ltr'>λοντος</span> <span class='ocrx_word' id='word_1_660' title='bbox 2295 3106 2390 3158; x_wconf 76' lang='grc' dir='ltr'>καὶ</span> <span class='ocrx_word' id='word_1_661' title='bbox 2421 3105 2493 3167; x_wconf 86' lang='grc' dir='ltr'><strong>μὴ</strong></span> <span class='ocrx_word' id='word_1_662' title='bbox 2516 3106 2769 3167; x_wconf 88' lang='grc' dir='ltr'>γενέσθαι</span> <span class='ocrx_word' id='word_1_663' title='bbox 2803 3123 2876 3167; x_wconf 90' lang='grc' dir='ltr'><strong>τι,</strong></span> <span class='ocrx_word' id='word_1_664' title='bbox 2911 3107 3164 3167; x_wconf 87' lang='grc' dir='ltr'>γενέσθαι</span> <span class='ocrx_word' id='word_1_665' title='bbox 3187 3106 3443 3162; x_wconf 88' lang='grc' dir='ltr'>ἀδύνατον</span> <span class='ocrx_word' id='word_1_666' title='bbox 3467 3109 3534 3162; x_wconf 78' lang='grc'>³⁸.</span> <span class='ocrx_word' id='word_1_667' title='bbox 3556 3109 3615 3160; x_wconf 79' lang='lat' dir='ltr'><strong>Ai</strong></span> 
     </span>
    </p>
   </div>
   <div class='ocr_carea' id='block_1_83' title="bbox 2091 3103 3682 3177">
    <p class='ocr_par' dir='ltr' id='par_1_83' title="bbox 2091 3103 3682 3177">
     <span class='ocr_line' id='line_1_85' title="bbox 2091 3103 3682 3177; baseline 0.002 -21"><span class='ocrx_word' id='word_1_668' title='bbox 2091 3103 2273 3168; x_wconf 87' lang='grc' dir='ltr'>λοντος</span> <span class='ocrx_word' id='word_1_669' title='bbox 2295 3106 2390 3158; x_wconf 76' lang='grc' dir='ltr'>καὶ</span> <span class='ocrx_word' id='word_1_670' title='bbox 2421 3105 2493 3176; x_wconf 85' lang='grc' dir='ltr'>μὴ</span> <span class='ocrx_word' id='word_1_671' title='bbox 2516 3106 2769 3174; x_wconf 88' lang='grc' dir='ltr'>γενέσθαι</span> <span class='ocrx_word' id='word_1_672' title='bbox 2803 3123 2876 3169; x_wconf 90' lang='grc' dir='ltr'><strong>τι,</strong></span> <span class='ocrx_word' id='word_1_673' title='bbox 2911 3107 3164 3177; x_wconf 87' lang='grc' dir='ltr'>γενέσθαι</span> <span class='ocrx_word' id='word_1_674' title='bbox 3187 3106 3443 3162; x_wconf 88' lang='grc' dir='ltr'>ἀδύνατον</span> <span class='ocrx_word' id='word_1_675' title='bbox 3467 3109 3534 3162; x_wconf 78' lang='grc'>³⁸.</span> <span class='ocrx_word' id='word_1_676' title='bbox 3556 3108 3682 3160; x_wconf 78' lang='lat' dir='ltr'><strong>Alei.</strong></span> 
     </span>
    </p>
   </div>
   <div class='ocr_carea' id='block_1_84' title="bbox 2088 3194 3685 3269">
    <p class='ocr_par' dir='ltr' id='par_1_84' title="bbox 2088 3194 3685 3269">
     <span class='ocr_line' id='line_1_86' title="bbox 2088 3194 3685 3269; baseline 0.003 -23"><span class='ocrx_word' id='word_1_677' title='bbox 2088 3194 2197 3266; x_wconf 75' lang='grc' dir='ltr'>γὰρ</span> <span class='ocrx_word' id='word_1_678' title='bbox 2222 3195 2282 3248; x_wconf 87' lang='grc' dir='ltr'><strong>τὸ</strong></span> <span class='ocrx_word' id='word_1_679' title='bbox 2309 3195 2667 3266; x_wconf 87' lang='grc' dir='ltr'>ὑποκείμενον</span> <span class='ocrx_word' id='word_1_680' title='bbox 2690 3195 2768 3267; x_wconf 81' lang='grc' dir='ltr'>τῷ</span> <span class='ocrx_word' id='word_1_681' title='bbox 2791 3197 3078 3269; x_wconf 76' lang='grc' dir='ltr'>ἡγουμένῳ</span> <span class='ocrx_word' id='word_1_682' title='bbox 3105 3197 3387 3251; x_wconf 88' lang='grc' dir='ltr'>πείθεσθαι</span> <span class='ocrx_word' id='word_1_683' title='bbox 3425 3197 3685 3268; x_wconf 70' lang='grc' dir='ltr'>ἀνάγκην</span> 
     </span>
    </p>
   </div>
   <div class='ocr_carea' id='block_1_85' title="bbox 2088 3270 3673 3359">
    <p class='ocr_par' dir='ltr' id='par_1_85' title="bbox 2088 3270 3673 3359">
     <span class='ocr_line' id='line_1_87' title="bbox 2088 3270 3673 3359; baseline 0.004 -23"><span class='ocrx_word' id='word_1_684' title='bbox 2088 3285 2221 3354; x_wconf 78' lang='grc' dir='ltr'>ἔχει.</span> <span class='ocrx_word' id='word_1_685' title='bbox 2258 3286 2330 3338; x_wconf 85' lang='grc' dir='ltr'><strong>Τὸ</strong></span> <span class='ocrx_word' id='word_1_686' title='bbox 2360 3287 2544 3356; x_wconf 85' lang='grc' dir='ltr'>μέντοι</span> <span class='ocrx_word' id='word_1_687' title='bbox 2581 3289 2708 3350; x_wconf 80' lang='grc' dir='ltr'>τοὺς</span> <span class='ocrx_word' id='word_1_688' title='bbox 2733 3270 3123 3359; x_wconf 76' lang='grc' dir='ltr'>νομιζομένους</span> <span class='ocrx_word' id='word_1_689' title='bbox 3147 3287 3303 3352; x_wconf 85' lang='grc' dir='ltr'>θεοὺς</span> <span class='ocrx_word' id='word_1_690' title='bbox 3343 3289 3544 3353; x_wconf 88' lang='grc' dir='ltr'>σέϐειν,</span> <span class='ocrx_word' id='word_1_691' title='bbox 3580 3289 3673 3358; x_wconf 57' lang='grc' dir='ltr'><strong>γεέ</strong></span> 
     </span>
    </p>
   </div>
   <div class='ocr_carea' id='block_1_86' title="bbox 2088 3376 3681 3458">
    <p class='ocr_par' dir='ltr' id='par_1_86' title="bbox 2088 3376 3681 3458">
     <span class='ocr_line' id='line_1_88' title="bbox 2088 3376 3681 3458; baseline 0.006 -32"><span class='ocrx_word' id='word_1_692' title='bbox 2088 3376 2290 3439; x_wconf 85' lang='grc' dir='ltr'>νέσεως</span> <span class='ocrx_word' id='word_1_693' title='bbox 2313 3377 2736 3450; x_wconf 79' lang='grc' dir='ltr'>ἐπικρατούσης,</span> <span class='ocrx_word' id='word_1_694' title='bbox 2764 3380 3016 3450; x_wconf 87' lang='grc' dir='ltr'>περιττόν</span> <span class='ocrx_word' id='word_1_695' title='bbox 3040 3381 3206 3432; x_wconf 90' lang='grc' dir='ltr'>ἐστιν.</span> <span class='ocrx_word' id='word_1_696' title='bbox 3227 3378 3364 3432; x_wconf 72' lang='grc' dir='ltr'>Οὔτε</span> <span class='ocrx_word' id='word_1_697' title='bbox 3389 3379 3498 3451; x_wconf 86' lang='grc' dir='ltr'>γὰρ</span> <span class='ocrx_word' id='word_1_698' title='bbox 3527 3383 3681 3458; x_wconf 60' lang='grc' dir='ltr'><strong>περά</strong></span> 
     </span>
    </p>
   </div>
   <div class='ocr_carea' id='block_1_87' title="bbox 2085 3451 3680 3547">
    <p class='ocr_par' dir='ltr' id='par_1_87' title="bbox 2085 3451 3680 3547">
     <span class='ocr_line' id='line_1_89' title="bbox 2085 3451 3680 3547; baseline 0.004 -27"><span class='ocrx_word' id='word_1_699' title='bbox 2085 3469 2146 3532; x_wconf 78' lang='grc' dir='ltr'><strong>τὸ</strong></span> <span class='ocrx_word' id='word_1_700' title='bbox 2177 3467 2368 3522; x_wconf 81' lang='grc' dir='ltr'>δοκοῦν</span> <span class='ocrx_word' id='word_1_701' title='bbox 2401 3473 2467 3540; x_wconf 85' lang='grc' dir='ltr'>τῇ</span> <span class='ocrx_word' id='word_1_702' title='bbox 2495 3471 2832 3546; x_wconf 81' lang='grc' dir='ltr'>πεπρωμένῃ</span> <span class='ocrx_word' id='word_1_703' title='bbox 2855 3488 2908 3524; x_wconf 88' lang='grc' dir='ltr'><strong>τι</strong></span> <span class='ocrx_word' id='word_1_704' title='bbox 2939 3471 2984 3503; x_wconf 83' lang='grc'><strong>³¹</strong></span> <span class='ocrx_word' id='word_1_705' title='bbox 3015 3471 3247 3540; x_wconf 83' lang='grc' dir='ltr'>γίνεται,</span> <span class='ocrx_word' id='word_1_706' title='bbox 3289 3472 3413 3525; x_wconf 77' lang='grc' dir='ltr'>οὔτε</span> <span class='ocrx_word' id='word_1_707' title='bbox 3442 3451 3602 3527; x_wconf 72' lang='grc' dir='ltr'>αὐτοί</span> <span class='ocrx_word' id='word_1_708' title='bbox 3624 3491 3680 3547; x_wconf 57' lang='grc' dir='ltr'><strong>τι</strong></span> 
     </span>
    </p>
   </div>
   <div class='ocr_carea' id='block_1_88' title="bbox 2087 3561 3677 3636">
    <p class='ocr_par' dir='ltr' id='par_1_88' title="bbox 2087 3561 3677 3636">
     <span class='ocr_line' id='line_1_90' title="bbox 2087 3561 3677 3636; baseline 0.005 -24"><span class='ocrx_word' id='word_1_709' title='bbox 2087 3564 2262 3620; x_wconf 82' lang='grc' dir='ltr'>ποιεῖν</span> <span class='ocrx_word' id='word_1_710' title='bbox 2294 3561 2572 3626; x_wconf 89' lang='grc' dir='ltr'>δύνανται,</span> <span class='ocrx_word' id='word_1_711' title='bbox 2606 3567 2672 3634; x_wconf 84' lang='grc' dir='ltr'>τῇ</span> <span class='ocrx_word' id='word_1_712' title='bbox 2705 3563 2933 3616; x_wconf 81' lang='grc' dir='ltr'>καθόλου</span> <span class='ocrx_word' id='word_1_713' title='bbox 2968 3564 3148 3617; x_wconf 83' lang='grc' dir='ltr'>αὐτῶν</span> <span class='ocrx_word' id='word_1_714' title='bbox 3187 3565 3538 3636; x_wconf 79' lang='grc' dir='ltr'>ὑποκείμενοι</span> <span class='ocrx_word' id='word_1_715' title='bbox 3579 3583 3677 3636; x_wconf 87' lang='grc' dir='ltr'>γε-</span> 
     </span>
    </p>
   </div>
   <div class='ocr_carea' id='block_1_89' title="bbox 2085 3651 3676 3729">
    <p class='ocr_par' dir='ltr' id='par_1_89' title="bbox 2085 3651 3676 3729">
     <span class='ocr_line' id='line_1_91' title="bbox 2085 3651 3676 3729; baseline 0.005 -26"><span class='ocrx_word' id='word_1_716' title='bbox 2085 3651 2248 3710; x_wconf 82' lang='grc' dir='ltr'>νέσει.</span> <span class='ocrx_word' id='word_1_717' title='bbox 2293 3653 2356 3704; x_wconf 83' lang='grc' dir='ltr'><strong>Εἰ</strong></span> <span class='ocrx_word' id='word_1_718' title='bbox 2397 3652 2610 3720; x_wconf 90' lang='grc' dir='ltr'>γένεσις</span> <span class='ocrx_word' id='word_1_719' title='bbox 2661 3653 2829 3717; x_wconf 77' lang='grc' dir='ltr'>ἔστιν,</span> <span class='ocrx_word' id='word_1_720' title='bbox 2875 3655 3177 3708; x_wconf 82' lang='grc' dir='ltr'>ἀντίκειται</span> <span class='ocrx_word' id='word_1_721' title='bbox 3223 3655 3285 3708; x_wconf 85' lang='grc' dir='ltr'><strong>τδ</strong></span> <span class='ocrx_word' id='word_1_722' title='bbox 3332 3656 3406 3728; x_wconf 78' lang='grc' dir='ltr'>μὴ</span> <span class='ocrx_word' id='word_1_723' title='bbox 3455 3657 3676 3729; x_wconf 84' lang='grc' dir='ltr'>πρῶτον</span> 
     </span>
    </p>
   </div>
   <div class='ocr_carea' id='block_1_90' title="bbox 2085 3743 3671 3823">
    <p class='ocr_par' dir='ltr' id='par_1_90' title="bbox 2085 3743 3671 3823">
     <span class='ocr_line' id='line_1_92' title="bbox 2085 3743 3671 3823; baseline 0.005 -28"><span class='ocrx_word' id='word_1_724' title='bbox 2085 3743 2293 3817; x_wconf 79' lang='grc' dir='ltr'>ᾷρχειν,</span> <span class='ocrx_word' id='word_1_725' title='bbox 2318 3744 2351 3818; x_wconf 79' lang='grc' dir='ltr'><strong>ἦ</strong></span> <span class='ocrx_word' id='word_1_726' title='bbox 2381 3743 2426 3775; x_wconf 88' lang='grc'><strong>³³</strong></span> <span class='ocrx_word' id='word_1_727' title='bbox 2459 3744 2776 3802; x_wconf 86' lang='grc' dir='ltr'>ὑποκεῖσθαι</span> <span class='ocrx_word' id='word_1_728' title='bbox 2809 3747 2870 3802; x_wconf 80' lang='grc' dir='ltr'><strong>οὐ</strong></span> <span class='ocrx_word' id='word_1_729' title='bbox 2903 3746 3124 3798; x_wconf 85' lang='grc' dir='ltr'>δύναται</span> <span class='ocrx_word' id='word_1_730' title='bbox 3149 3745 3211 3798; x_wconf 83' lang='grc' dir='ltr'>τὸ</span> <span class='ocrx_word' id='word_1_731' title='bbox 3251 3747 3516 3818; x_wconf 88' lang='grc' dir='ltr'>ἀγένητον</span> <span class='ocrx_word' id='word_1_732' title='bbox 3539 3787 3555 3813; x_wconf 98' lang='grc'><strong>,</strong></span> <span class='ocrx_word' id='word_1_733' title='bbox 3589 3749 3671 3823; x_wconf 79' lang='grc' dir='ltr'>ὡς</span> 
     </span>
    </p>
   </div>
   <div class='ocr_carea' id='block_1_91' title="bbox 2084 3833 3331 3908">
    <p class='ocr_par' dir='ltr' id='par_1_91' title="bbox 2084 3833 3331 3908">
     <span class='ocr_line' id='line_1_93' title="bbox 2084 3833 3331 3908; baseline 0.001 -18"><span class='ocrx_word' id='word_1_734' title='bbox 2084 3834 2347 3906; x_wconf 86' lang='grc' dir='ltr'>ἀγένητον</span> <span class='ocrx_word' id='word_1_735' title='bbox 2373 3833 2565 3889; x_wconf 86' lang='grc' dir='ltr'>ἐαυτοῦ</span> <span class='ocrx_word' id='word_1_736' title='bbox 2591 3836 2957 3908; x_wconf 88' lang='grc' dir='ltr'>πρεσϐύτερον</span> <span class='ocrx_word' id='word_1_737' title='bbox 2994 3837 3166 3908; x_wconf 85' lang='grc' dir='ltr'>μηδὲν</span> <span class='ocrx_word' id='word_1_738' title='bbox 3189 3837 3331 3907; x_wconf 81' lang='grc' dir='ltr'>ἔχον.</span> 
     </span>
    </p>
   </div>
   <div class='ocr_carea' id='block_1_92' title="bbox 2154 4010 3674 4095">
    <p class='ocr_par' dir='ltr' id='par_1_92' title="bbox 2154 4010 3674 4095">
     <span class='ocr_line' id='line_1_94' title="bbox 2154 4010 3674 4095; baseline -0.001 -27"><span class='ocrx_word' id='word_1_739' title='bbox 2154 4014 2219 4069; x_wconf 80' lang='grc' dir='ltr'><strong>ν.</strong></span> <span class='ocrx_word' id='word_1_740' title='bbox 2262 4012 2498 4076; x_wconf 80' lang='grc' dir='ltr'>Τοιαῦτα</span> <span class='ocrx_word' id='word_1_741' title='bbox 2523 4012 2659 4095; x_wconf 85' lang='grc' dir='ltr'>πρὸς</span> <span class='ocrx_word' id='word_1_742' title='bbox 2683 4010 2945 4082; x_wconf 78' lang='grc' dir='ltr'>ἀλλήλους</span> <span class='ocrx_word' id='word_1_743' title='bbox 2987 4010 3256 4080; x_wconf 85' lang='grc' dir='ltr'>λεγόντων</span> <span class='ocrx_word' id='word_1_744' title='bbox 3291 4012 3469 4083; x_wconf 83' lang='grc' dir='ltr'>ήμῶν,</span> <span class='ocrx_word' id='word_1_745' title='bbox 3503 4013 3674 4077; x_wconf 84' lang='grc' dir='ltr'>πολὺς</span> 
     </span>
    </p>
   </div>
   <div class='ocr_carea' id='block_1_93' title="bbox 2083 4103 3673 4178">
    <p class='ocr_par' dir='ltr' id='par_1_93' title="bbox 2083 4103 3673 4178">
     <span class='ocr_line' id='line_1_95' title="bbox 2083 4103 3673 4178; baseline -0.001 -18"><span class='ocrx_word' id='word_1_746' title='bbox 2083 4108 2330 4178; x_wconf 86' lang='grc' dir='ltr'>παρέστη</span> <span class='ocrx_word' id='word_1_747' title='bbox 2357 4105 2532 4176; x_wconf 74' lang='grc' dir='ltr'>ὄχλος.</span> <span class='ocrx_word' id='word_1_748' title='bbox 2560 4106 2673 4159; x_wconf 74' lang='grc' dir='ltr'><strong>Καὶ</strong></span> <span class='ocrx_word' id='word_1_749' title='bbox 2704 4105 2826 4157; x_wconf 87' lang='grc' dir='ltr'>τότε</span> <span class='ocrx_word' id='word_1_750' title='bbox 2851 4103 2962 4172; x_wconf 88' lang='grc' dir='ltr'><strong>ἐγὼ</strong></span> <span class='ocrx_word' id='word_1_751' title='bbox 3000 4106 3082 4166; x_wconf 84' lang='grc' dir='ltr'><strong>είς</strong></span> <span class='ocrx_word' id='word_1_752' title='bbox 3111 4104 3202 4156; x_wconf 86' lang='grc' dir='ltr'>τὸν</span> <span class='ocrx_word' id='word_1_753' title='bbox 3237 4103 3391 4174; x_wconf 75' lang='grc' dir='ltr'>ὄχλον</span> <span class='ocrx_word' id='word_1_754' title='bbox 3435 4105 3673 4158; x_wconf 88' lang='grc' dir='ltr'>ἀποϐλέ-</span> 
     </span>
    </p>
   </div>
   <div class='ocr_carea' id='block_1_94' title="bbox 2085 4193 3673 4269">
    <p class='ocr_par' dir='ltr' id='par_1_94' title="bbox 2085 4193 3673 4269">
     <span class='ocr_line' id='line_1_96' title="bbox 2085 4193 3673 4269; baseline -0.003 -17"><span class='ocrx_word' id='word_1_755' title='bbox 2085 4216 2201 4252; x_wconf 88' lang='grc' dir='ltr'><strong>πων</strong></span> <span class='ocrx_word' id='word_1_756' title='bbox 2224 4198 2377 4269; x_wconf 75' lang='grc' dir='ltr'>ἔφην’</span> <span class='ocrx_word' id='word_1_757' title='bbox 2414 4195 2556 4266; x_wconf 83' lang='grc' dir='ltr'>Ἐγὼ</span> <span class='ocrx_word' id='word_1_758' title='bbox 2578 4197 2673 4250; x_wconf 77' lang='grc' dir='ltr'><strong>καὶ</strong></span> <span class='ocrx_word' id='word_1_759' title='bbox 2702 4194 2765 4248; x_wconf 80' lang='grc' dir='ltr'><strong>τὸ</strong></span> <span class='ocrx_word' id='word_1_760' title='bbox 2795 4195 2927 4266; x_wconf 83' lang='grc' dir='ltr'>ἐμὸν</span> <span class='ocrx_word' id='word_1_761' title='bbox 2951 4193 3116 4264; x_wconf 84' lang='grc' dir='ltr'>φῦλον</span> <span class='ocrx_word' id='word_1_762' title='bbox 3144 4195 3208 4248; x_wconf 83' lang='grc' dir='ltr'><strong>ἐκ</strong></span> <span class='ocrx_word' id='word_1_763' title='bbox 3234 4194 3513 4266; x_wconf 86' lang='grc' dir='ltr'>προγόνων</span> <span class='ocrx_word' id='word_1_764' title='bbox 3537 4195 3673 4248; x_wconf 77' lang='grc' dir='ltr'>Θεὸν</span> 
     </span>
    </p>
   </div>
   <div class='ocr_carea' id='block_1_95' title="bbox 2086 4285 3671 4361">
    <p class='ocr_par' dir='ltr' id='par_1_95' title="bbox 2086 4285 3671 4361">
     <span class='ocr_line' id='line_1_97' title="bbox 2086 4285 3671 4361; baseline -0.003 -19"><span class='ocrx_word' id='word_1_765' title='bbox 2086 4289 2262 4360; x_wconf 78' lang='grc' dir='ltr'>σέϐειν</span> <span class='ocrx_word' id='word_1_766' title='bbox 2284 4288 2639 4361; x_wconf 78' lang='grc' dir='ltr'>παρειληφὼς</span> <span class='ocrx_word' id='word_1_767' title='bbox 2670 4288 2763 4340; x_wconf 79' lang='grc' dir='ltr'>καὶ</span> <span class='ocrx_word' id='word_1_768' title='bbox 2789 4285 3158 4358; x_wconf 85' lang='grc' dir='ltr'>παράγγελμα</span> <span class='ocrx_word' id='word_1_769' title='bbox 3183 4285 3323 4355; x_wconf 80' lang='grc' dir='ltr'>ἔχων</span> <span class='ocrx_word' id='word_1_770' title='bbox 3345 4285 3559 4354; x_wconf 87' lang='grc' dir='ltr'>γενέσει</span> <span class='ocrx_word' id='word_1_771' title='bbox 3594 4288 3671 4358; x_wconf 83' lang='grc' dir='ltr'>μὴ</span> 
     </span>
    </p>
   </div>
   <div class='ocr_carea' id='block_1_96' title="bbox 2013 4378 3670 4464">
    <p class='ocr_par' dir='ltr' id='par_1_96' title="bbox 2013 4378 3670 4464">
     <span class='ocr_line' id='line_1_98' title="bbox 2013 4378 3670 4464; baseline -0.007 -27"><span class='ocrx_word' id='word_1_772' title='bbox 2013 4403 2056 4456; x_wconf 78' lang='grc' dir='ltr'><strong>ι)</strong></span> <span class='ocrx_word' id='word_1_773' title='bbox 2087 4381 2462 4455; x_wconf 83' lang='grc' dir='ltr'>προσανέχειν,</span> <span class='ocrx_word' id='word_1_774' title='bbox 2497 4380 2640 4450; x_wconf 86' lang='grc' dir='ltr'>λέγω</span> <span class='ocrx_word' id='word_1_775' title='bbox 2665 4380 2729 4450; x_wconf 80' lang='grc' dir='ltr'>δὴ</span> <span class='ocrx_word' id='word_1_776' title='bbox 2751 4378 2831 4464; x_wconf 76' lang='grc' dir='ltr'>τῷ</span> <span class='ocrx_word' id='word_1_777' title='bbox 2852 4380 2952 4450; x_wconf 82' lang='grc' dir='ltr'>τῆς</span> <span class='ocrx_word' id='word_1_778' title='bbox 2976 4378 3334 4450; x_wconf 86' lang='grc' dir='ltr'>ἀστρολογίας</span> <span class='ocrx_word' id='word_1_779' title='bbox 3359 4379 3670 4451; x_wconf 77' lang='grc' dir='ltr'>μαθήματι,</span> 
     </span>
    </p>
   </div>
   <div class='ocr_carea' id='block_1_97' title="bbox 2082 4470 3671 4547">
    <p class='ocr_par' dir='ltr' id='par_1_97' title="bbox 2082 4470 3671 4547">
     <span class='ocr_line' id='line_1_99' title="bbox 2082 4470 3671 4547; baseline -0.002 -19"><span class='ocrx_word' id='word_1_780' title='bbox 2082 4475 2171 4547; x_wconf 77' lang='grc' dir='ltr'>διὰ</span> <span class='ocrx_word' id='word_1_781' title='bbox 2192 4473 2350 4528; x_wconf 83' lang='grc' dir='ltr'>τοῦτο</span> <span class='ocrx_word' id='word_1_782' title='bbox 2389 4475 2450 4526; x_wconf 86' lang='grc' dir='ltr'>οὺ</span> <span class='ocrx_word' id='word_1_783' title='bbox 2497 4472 2818 4542; x_wconf 86' lang='grc' dir='ltr'>προσέσχον.</span> <span class='ocrx_word' id='word_1_784' title='bbox 2846 4470 3008 4547; x_wconf 73' lang='grc' dir='ltr'>Ὅθεν</span> <span class='ocrx_word' id='word_1_785' title='bbox 3043 4470 3399 4541; x_wconf 86' lang='grc' dir='ltr'>ἀστρολογίας</span> <span class='ocrx_word' id='word_1_786' title='bbox 3427 4471 3525 4541; x_wconf 86' lang='grc' dir='ltr'><strong>μὲν</strong></span> <span class='ocrx_word' id='word_1_787' title='bbox 3567 4474 3671 4526; x_wconf 85' lang='grc' dir='ltr'>οὐκ</span> 
     </span>
    </p>
   </div>
   <div class='ocr_carea' id='block_1_98' title="bbox 2084 4543 3670 4640">
    <p class='ocr_par' dir='ltr' id='par_1_98' title="bbox 2084 4543 3670 4640">
     <span class='ocr_line' id='line_1_100' title="bbox 2084 4543 3670 4640; baseline -0.002 -23"><span class='ocrx_word' id='word_1_788' title='bbox 2084 4544 2222 4637; x_wconf 53' lang='lat' dir='ltr'><strong>tua&quot;</strong></span> <span class='ocrx_word' id='word_1_789' title='bbox 2241 4566 2530 4636; x_wconf 78' lang='grc' dir='ltr'>ἔμπειρος,</span> <span class='ocrx_word' id='word_1_790' title='bbox 2577 4556 2652 4616; x_wconf 79' lang='grc' dir='ltr'><strong>ὧν</strong></span> <span class='ocrx_word' id='word_1_791' title='bbox 2688 4563 2744 4633; x_wconf 80' lang='grc' dir='ltr'><strong>δέ</strong></span> <span class='ocrx_word' id='word_1_792' title='bbox 2771 4543 2939 4633; x_wconf 52' lang='grc' dir='ltr'>είμιῖ</span> <span class='ocrx_word' id='word_1_793' title='bbox 2971 4563 3345 4640; x_wconf 77' lang='grc' dir='ltr'>ὑφηγήσομαι.</span> <span class='ocrx_word' id='word_1_794' title='bbox 3380 4561 3601 4632; x_wconf 81' lang='grc' dir='ltr'>Ἐπειδὴ</span> <span class='ocrx_word' id='word_1_795' title='bbox 3622 4563 3670 4595; x_wconf 66' lang='grc'><strong>³⁸</strong></span> 
     </span>
    </p>
   </div>
   <div class='ocr_carea' id='block_1_99' title="bbox 2084 4653 3670 4726">
    <p class='ocr_par' dir='ltr' id='par_1_99' title="bbox 2084 4653 3670 4726">
     <span class='ocr_line' id='line_1_101' title="bbox 2084 4653 3670 4726; baseline -0.003 -16"><span class='ocrx_word' id='word_1_796' title='bbox 2084 4658 2296 4726; x_wconf 83' lang='grc' dir='ltr'>γένεσιν</span> <span class='ocrx_word' id='word_1_797' title='bbox 2321 4657 2417 4712; x_wconf 84' lang='grc' dir='ltr'>ἀπ’</span> <span class='ocrx_word' id='word_1_798' title='bbox 2451 4655 2620 4725; x_wconf 81' lang='grc' dir='ltr'>αὐτῆς</span> <span class='ocrx_word' id='word_1_799' title='bbox 2658 4655 2757 4726; x_wconf 84' lang='grc' dir='ltr'><strong>τῆς</strong></span> <span class='ocrx_word' id='word_1_800' title='bbox 2801 4653 2941 4706; x_wconf 85' lang='grc' dir='ltr'>κατὰ</span> <span class='ocrx_word' id='word_1_801' title='bbox 2983 4653 3084 4724; x_wconf 82' lang='grc' dir='ltr'><strong>τὴν</strong></span> <span class='ocrx_word' id='word_1_802' title='bbox 3109 4654 3321 4721; x_wconf 87' lang='grc' dir='ltr'>γένεσιν</span> <span class='ocrx_word' id='word_1_803' title='bbox 3355 4654 3670 4723; x_wconf 80' lang='grc' dir='ltr'>ἐπιστήμης</span> 
     </span>
    </p>
   </div>
   <div class='ocr_carea' id='block_1_100' title="bbox 2084 4743 3669 4814">
    <p class='ocr_par' dir='ltr' id='par_1_100' title="bbox 2084 4743 3669 4814">
     <span class='ocr_line' id='line_1_102' title="bbox 2084 4743 3669 4814; baseline -0.002 -13"><span class='ocrx_word' id='word_1_804' title='bbox 2084 4747 2472 4810; x_wconf 78' lang='grc' dir='ltr'>ἀνασκευάζειν</span> <span class='ocrx_word' id='word_1_805' title='bbox 2513 4747 2576 4798; x_wconf 73' lang='grc' dir='ltr'><strong>οὐ</strong></span> <span class='ocrx_word' id='word_1_806' title='bbox 2618 4744 2661 4776; x_wconf 82' lang='grc'><em>³⁸</em></span> <span class='ocrx_word' id='word_1_807' title='bbox 2710 4743 2975 4814; x_wconf 83' lang='grc' dir='ltr'>δύναμαι,</span> <span class='ocrx_word' id='word_1_808' title='bbox 3020 4743 3184 4813; x_wconf 79' lang='lat'><strong>300</strong></span> <span class='ocrx_word' id='word_1_809' title='bbox 3217 4743 3478 4814; x_wconf 82' lang='grc' dir='ltr'>βούλομαι</span> <span class='ocrx_word' id='word_1_810' title='bbox 3520 4743 3669 4813; x_wconf 84' lang='grc' dir='ltr'>ἄλλῳ</span> 
     </span>
    </p>
   </div>
   <div class='ocr_carea' id='block_1_101' title="bbox 2082 4835 3668 4910">
    <p class='ocr_par' dir='ltr' id='par_1_101' title="bbox 2082 4835 3668 4910">
     <span class='ocr_line' id='line_1_103' title="bbox 2082 4835 3668 4910; baseline -0.003 -18"><span class='ocrx_word' id='word_1_811' title='bbox 2082 4839 2268 4910; x_wconf 85' lang='grc' dir='ltr'>τρόπῳ</span> <span class='ocrx_word' id='word_1_812' title='bbox 2315 4836 2616 4901; x_wconf 82' lang='grc' dir='ltr'>ἀποδεῖξαι,</span> <span class='ocrx_word' id='word_1_813' title='bbox 2660 4837 2743 4888; x_wconf 83' lang='grc' dir='ltr'><strong>ὅτι</strong></span> <span class='ocrx_word' id='word_1_814' title='bbox 2783 4835 2926 4888; x_wconf 83' lang='grc' dir='ltr'>κατὰ</span> <span class='ocrx_word' id='word_1_815' title='bbox 2965 4835 3226 4908; x_wconf 89' lang='grc' dir='ltr'>Πρόνοιαν</span> <span class='ocrx_word' id='word_1_816' title='bbox 3270 4835 3552 4887; x_wconf 87' lang='grc' dir='ltr'>διοικεῖται</span> <span class='ocrx_word' id='word_1_817' title='bbox 3595 4835 3668 4888; x_wconf 86' lang='grc' dir='ltr'><strong>τά</strong></span> 
     </span>
    </p>
   </div>
   <div class='ocr_carea' id='block_1_102' title="bbox 2087 4926 3664 5002">
    <p class='ocr_par' dir='ltr' id='par_1_102' title="bbox 2087 4926 3664 5002">
     <span class='ocr_line' id='line_1_104' title="bbox 2087 4926 3664 5002; baseline -0.004 -18"><span class='ocrx_word' id='word_1_818' title='bbox 2087 4931 2418 5002; x_wconf 83' lang='grc' dir='ltr'>πράγματα,</span> <span class='ocrx_word' id='word_1_819' title='bbox 2451 4929 2542 4981; x_wconf 75' lang='grc' dir='ltr'><strong>καὶ</strong></span> <span class='ocrx_word' id='word_1_820' title='bbox 2573 4927 2802 4990; x_wconf 70' lang='grc' dir='ltr'>ἕκαστος</span> <span class='ocrx_word' id='word_1_821' title='bbox 2825 4966 2840 4990; x_wconf 94' lang='grc'><strong>,</strong></span> <span class='ocrx_word' id='word_1_822' title='bbox 2888 4927 3026 4998; x_wconf 84' lang='grc' dir='ltr'>πρὸς</span> <span class='ocrx_word' id='word_1_823' title='bbox 3049 4926 3086 4980; x_wconf 79' lang='grc' dir='ltr'>ἃ</span> <span class='ocrx_word' id='word_1_824' title='bbox 3117 4927 3346 4998; x_wconf 89' lang='grc' dir='ltr'>πράττει</span> <span class='ocrx_word' id='word_1_825' title='bbox 3368 4928 3586 4999; x_wconf 77' lang='grc' dir='ltr'>,τιμῆς</span> <span class='ocrx_word' id='word_1_826' title='bbox 3629 4929 3664 4998; x_wconf 81' lang='grc' dir='ltr'><strong>ἢ</strong></span> 
     </span>
    </p>
   </div>
   <div class='ocr_carea' id='block_1_103' title="bbox 2089 5014 3665 5085">
    <p class='ocr_par' dir='ltr' id='par_1_103' title="bbox 2089 5014 3665 5085">
     <span class='ocr_line' id='line_1_105' title="bbox 2089 5014 3665 5085; baseline -0.002 -9"><span class='ocrx_word' id='word_1_827' title='bbox 2089 5021 2362 5083; x_wconf 80' lang='grc' dir='ltr'>κολάσεως</span> <span class='ocrx_word' id='word_1_828' title='bbox 2395 5018 2662 5085; x_wconf 77' lang='grc' dir='ltr'>τεύξεταιο</span> <span class='ocrx_word' id='word_1_829' title='bbox 2691 5019 2800 5072; x_wconf 78' lang='grc' dir='ltr'>εἴτε</span> <span class='ocrx_word' id='word_1_830' title='bbox 2835 5019 2892 5072; x_wconf 82' lang='grc' dir='ltr'>δὲ</span> <span class='ocrx_word' id='word_1_831' title='bbox 2927 5019 2972 5051; x_wconf 79' lang='grc'><strong>³⁸</strong></span> <span class='ocrx_word' id='word_1_832' title='bbox 3005 5017 3102 5074; x_wconf 87' lang='grc' dir='ltr'><strong>νῦν</strong></span> <span class='ocrx_word' id='word_1_833' title='bbox 3135 5019 3246 5072; x_wconf 73' lang='grc' dir='ltr'>εἴτε</span> <span class='ocrx_word' id='word_1_834' title='bbox 3278 5014 3463 5084; x_wconf 83' lang='grc' dir='ltr'>αὖθις,</span> <span class='ocrx_word' id='word_1_835' title='bbox 3503 5019 3665 5073; x_wconf 79' lang='grc' dir='ltr'>οὐθέν</span> 
     </span>
    </p>
   </div>
   <div class='ocr_carea' id='block_1_104' title="bbox 1711 5198 2390 5257">
    <p class='ocr_par' dir='ltr' id='par_1_104' title="bbox 1711 5198 2390 5257">
     <span class='ocr_line' id='line_1_106' title="bbox 1711 5198 2390 5257; baseline 0.006 -9"><span class='ocrx_word' id='word_1_836' title='bbox 1711 5201 1946 5257; x_wconf 60' lang='lat' dir='ltr'><strong>VARI/li</strong></span> <span class='ocrx_word' id='word_1_837' title='bbox 1988 5200 2278 5255; x_wconf 82' lang='lat' dir='ltr'><strong>LECTION</strong></span> <span class='ocrx_word' id='word_1_838' title='bbox 2287 5198 2390 5253; x_wconf 87' lang='lat' dir='ltr'><strong>ES.</strong></span> 
     </span>
    </p>
   </div>
   <div class='ocr_carea' id='block_1_105' title="bbox 494 5306 2793 5379">
    <p class='ocr_par' dir='ltr' id='par_1_105' title="bbox 494 5306 2793 5379">
     <span class='ocr_line' id='line_1_107' title="bbox 494 5306 2793 5379; baseline -0.001 -16"><span class='ocrx_word' id='word_1_839' title='bbox 494 5306 688 5364; x_wconf 65' lang='grc' dir='ltr'>ἐἶδον</span> <span class='ocrx_word' id='word_1_840' title='bbox 724 5310 762 5363; x_wconf 87' lang='lat' dir='ltr'><strong>S</strong></span> <span class='ocrx_word' id='word_1_841' title='bbox 820 5309 864 5366; x_wconf 90' lang='grc' dir='ltr'>Ο</span> <span class='ocrx_word' id='word_1_842' title='bbox 895 5353 910 5379; x_wconf 90' lang='grc'><strong>,</strong></span> <span class='ocrx_word' id='word_1_843' title='bbox 961 5312 1068 5366; x_wconf 78' lang='grc' dir='ltr'>ἴδον</span> <span class='ocrx_word' id='word_1_844' title='bbox 1111 5313 1176 5368; x_wconf 88' lang='lat' dir='ltr'><strong>C.</strong></span> <span class='ocrx_word' id='word_1_845' title='bbox 1250 5314 1295 5345; x_wconf 78' lang='grc'><em>³³</em></span> <span class='ocrx_word' id='word_1_846' title='bbox 1325 5311 1403 5366; x_wconf 89' lang='lat' dir='ltr'><strong>lta</strong></span> <span class='ocrx_word' id='word_1_847' title='bbox 1453 5310 1497 5366; x_wconf 89' lang='lat'><strong>0</strong></span> <span class='ocrx_word' id='word_1_848' title='bbox 1551 5321 1604 5366; x_wconf 88' lang='lat' dir='ltr'><strong>et</strong></span> <span class='ocrx_word' id='word_1_849' title='bbox 1643 5326 1709 5366; x_wconf 82' lang='lat' dir='ltr'><strong>ex</strong></span> <span class='ocrx_word' id='word_1_850' title='bbox 1767 5313 1999 5373; x_wconf 78' lang='lat' dir='ltr'><strong>conject.</strong></span> <span class='ocrx_word' id='word_1_851' title='bbox 2029 5312 2070 5366; x_wconf 85' lang='lat' dir='ltr'><strong><em>C</em></strong></span> <span class='ocrx_word' id='word_1_852' title='bbox 2101 5351 2118 5375; x_wconf 92' lang='lat'><strong>,</strong></span> <span class='ocrx_word' id='word_1_853' title='bbox 2152 5312 2204 5365; x_wconf 91' lang='lat' dir='ltr'><strong>in</strong></span> <span class='ocrx_word' id='word_1_854' title='bbox 2237 5310 2347 5379; x_wconf 89' lang='lat' dir='ltr'><strong>cuj.</strong></span> <span class='ocrx_word' id='word_1_855' title='bbox 2387 5318 2534 5364; x_wconf 81' lang='lat' dir='ltr'><strong>textu</strong></span> <span class='ocrx_word' id='word_1_856' title='bbox 2563 5306 2793 5379; x_wconf 83' lang='grc' dir='ltr'>ἀξιοῦσι.</span> 
     </span>
    </p>
   </div>
   <div class='ocr_carea' id='block_1_106' title="bbox 437 5381 3517 5456">
    <p class='ocr_par' dir='ltr' id='par_1_106' title="bbox 437 5381 3517 5456">
     <span class='ocr_line' id='line_1_108' title="bbox 437 5381 3517 5456; baseline -0.002 -22"><span class='ocrx_word' id='word_1_857' title='bbox 437 5381 472 5456; x_wconf 63' lang='grc' dir='ltr'>ζ.</span> <span class='ocrx_word' id='word_1_858' title='bbox 576 5381 626 5456; x_wconf 80' lang='lat'><strong>_&quot;</strong></span> <span class='ocrx_word' id='word_1_859' title='bbox 657 5381 806 5456; x_wconf 43' lang='grc' dir='ltr'>μεὶς)</span> <span class='ocrx_word' id='word_1_860' title='bbox 854 5383 1034 5456; x_wconf 28' lang='grc' dir='ltr'>οᾈξ,</span> <span class='ocrx_word' id='word_1_861' title='bbox 1087 5385 1393 5456; x_wconf 71' lang='grc' dir='ltr'>ἀπιστήσῃς</span> <span class='ocrx_word' id='word_1_862' title='bbox 1424 5383 1486 5436; x_wconf 89' lang='lat' dir='ltr'><strong>C.</strong></span> <span class='ocrx_word' id='word_1_863' title='bbox 1527 5382 1872 5456; x_wconf 69' lang='lat' dir='ltr'><strong>_&quot;&#39;_7ré1tov05</strong></span> <span class='ocrx_word' id='word_1_864' title='bbox 1935 5382 2034 5456; x_wconf 29' lang='lat'><strong>0.”</strong></span> <span class='ocrx_word' id='word_1_865' title='bbox 2076 5383 2130 5456; x_wconf 73' lang='lat'><strong>’°_</strong></span> <span class='ocrx_word' id='word_1_866' title='bbox 2152 5381 2308 5456; x_wconf 81' lang='grc' dir='ltr'>τοῦτο</span> <span class='ocrx_word' id='word_1_867' title='bbox 2339 5381 2402 5456; x_wconf 86' lang='lat' dir='ltr'><strong>C_.</strong></span> <span class='ocrx_word' id='word_1_868' title='bbox 2514 5381 2557 5408; x_wconf 82' lang='grc'><strong>²⁹</strong></span> <span class='ocrx_word' id='word_1_869' title='bbox 2601 5381 2720 5449; x_wconf 79' lang='grc' dir='ltr'>ἕχον</span> <span class='ocrx_word' id='word_1_870' title='bbox 2753 5381 2814 5456; x_wconf 60' lang='lat' dir='ltr'><strong>C:</strong></span> <span class='ocrx_word' id='word_1_871' title='bbox 2928 5381 2973 5407; x_wconf 81' lang='grc' dir='ltr'><strong>³ο</strong></span> <span class='ocrx_word' id='word_1_872' title='bbox 3009 5381 3116 5446; x_wconf 88' lang='grc' dir='ltr'><strong>γάρ</strong></span> <span class='ocrx_word' id='word_1_873' title='bbox 3151 5381 3517 5456; x_wconf 33' lang='grc' dir='ltr'>’ριφιοι-ηηεη</span> 
     </span>
    </p>
   </div>
   <div class='ocr_carea' id='block_1_107' title="bbox 411 5442 3655 5518">
    <p class='ocr_par' dir='ltr' id='par_1_107' title="bbox 411 5442 3655 5518">
     <span class='ocr_line' id='line_1_109' title="bbox 411 5442 3655 5518; baseline -0.002 -15"><span class='ocrx_word' id='word_1_874' title='bbox 411 5452 492 5503; x_wconf 77' lang='lat'><strong>(2|.</strong></span> <span class='ocrx_word' id='word_1_875' title='bbox 525 5450 614 5504; x_wconf 93' lang='lat' dir='ltr'><strong>ed.</strong></span> <span class='ocrx_word' id='word_1_876' title='bbox 652 5452 789 5506; x_wconf 76' lang='grc'><strong>1658</strong></span> <span class='ocrx_word' id='word_1_877' title='bbox 814 5462 867 5506; x_wconf 84' lang='lat' dir='ltr'><strong>et</strong></span> <span class='ocrx_word' id='word_1_878' title='bbox 894 5442 1051 5506; x_wconf 60' lang='lat' dir='ltr'><strong>1724i.</strong></span> <span class='ocrx_word' id='word_1_879' title='bbox 1131 5455 1173 5485; x_wconf 83' lang='grc'><strong>³¹</strong></span> <span class='ocrx_word' id='word_1_880' title='bbox 1227 5442 1302 5508; x_wconf 73' lang='lat' dir='ltr'><strong>Ita</strong></span> <span class='ocrx_word' id='word_1_881' title='bbox 1335 5442 1389 5508; x_wconf 72' lang='grc' dir='ltr'><strong>’ὅ</strong></span> <span class='ocrx_word' id='word_1_882' title='bbox 1435 5469 1486 5507; x_wconf 90' lang='lat' dir='ltr'><strong>c.</strong></span> <span class='ocrx_word' id='word_1_883' title='bbox 1517 5449 1658 5516; x_wconf 68' lang='lat' dir='ltr'><strong>Epit.</strong></span> <span class='ocrx_word' id='word_1_884' title='bbox 1689 5461 1743 5504; x_wconf 92' lang='lat' dir='ltr'><strong>et</strong></span> <span class='ocrx_word' id='word_1_885' title='bbox 1779 5469 1951 5518; x_wconf 79' lang='lat' dir='ltr'><strong>marg.</strong></span> <span class='ocrx_word' id='word_1_886' title='bbox 1976 5453 2070 5513; x_wconf 84' lang='lat' dir='ltr'><strong>Ci,</strong></span> <span class='ocrx_word' id='word_1_887' title='bbox 2113 5451 2329 5504; x_wconf 86' lang='grc' dir='ltr'>δυνατὸν</span> <span class='ocrx_word' id='word_1_888' title='bbox 2379 5451 2431 5502; x_wconf 94' lang='lat' dir='ltr'><strong>in</strong></span> <span class='ocrx_word' id='word_1_889' title='bbox 2465 5442 2814 5518; x_wconf 41' lang='lat' dir='ltr'><strong>textufquod</strong></span> <span class='ocrx_word' id='word_1_890' title='bbox 2846 5442 3122 5518; x_wconf 13' lang='lat' dir='ltr'><strong>utisagn&#39;am</strong></span> <span class='ocrx_word' id='word_1_891' title='bbox 3151 5442 3273 5518; x_wconf 82' lang='lat' dir='ltr'><strong>lect.</strong></span> <span class='ocrx_word' id='word_1_892' title='bbox 3299 5443 3546 5518; x_wconf 74' lang='lat' dir='ltr'><strong>repetivit</strong></span> <span class='ocrx_word' id='word_1_893' title='bbox 3570 5442 3655 5518; x_wconf 84' lang='lat' dir='ltr'><strong>S_,</strong></span> 
     </span>
    </p>
   </div>
   <div class='ocr_carea' id='block_1_108' title="bbox 410 5516 2950 5592">
    <p class='ocr_par' dir='ltr' id='par_1_108' title="bbox 410 5516 2950 5592">
     <span class='ocr_line' id='line_1_110' title="bbox 410 5516 2950 5592; baseline -0 -22"><span class='ocrx_word' id='word_1_894' title='bbox 410 5521 704 5592; x_wconf 68' lang='lat' dir='ltr'><strong>dummodo</strong></span> <span class='ocrx_word' id='word_1_895' title='bbox 766 5519 826 5577; x_wconf 78' lang='grc' dir='ltr'><strong>οῦ</strong></span> <span class='ocrx_word' id='word_1_896' title='bbox 879 5522 1124 5587; x_wconf 85' lang='grc' dir='ltr'>θέλοντος</span> <span class='ocrx_word' id='word_1_897' title='bbox 1177 5525 1384 5578; x_wconf 78' lang='lat' dir='ltr'><strong>referas</strong></span> <span class='ocrx_word' id='word_1_898' title='bbox 1415 5523 1482 5576; x_wconf 88' lang='lat' dir='ltr'><strong>ad</strong></span> <span class='ocrx_word' id='word_1_899' title='bbox 1523 5522 1643 5592; x_wconf 77' lang='grc' dir='ltr'>ἐμέ.</span> <span class='ocrx_word' id='word_1_900' title='bbox 1695 5523 1763 5592; x_wconf 18' lang='lat' dir='ltr'><strong>ﬂ&quot;</strong></span> <span class='ocrx_word' id='word_1_901' title='bbox 1790 5539 1843 5573; x_wconf 91' lang='grc' dir='ltr'><strong>τι</strong></span> <span class='ocrx_word' id='word_1_902' title='bbox 2058 5519 2234 5590; x_wconf 82' lang='lat' dir='ltr'><strong>Epit.,</strong></span> <span class='ocrx_word' id='word_1_903' title='bbox 2284 5521 2434 5592; x_wconf 70' lang='lat' dir='ltr'><strong>deest</strong></span> <span class='ocrx_word' id='word_1_904' title='bbox 2465 5516 2856 5592; x_wconf 23' lang='lat' dir='ltr'><strong>iiihtextu__Ci._</strong></span> <span class='ocrx_word' id='word_1_905' title='bbox 2908 5517 2950 5547; x_wconf 83' lang='grc'><strong>³³</strong></span> 
     </span>
    </p>
   </div>
   <div class='ocr_carea' id='block_1_109' title="bbox 408 5376 472 5435">
    <p class='ocr_par' dir='ltr' id='par_1_109' title="bbox 408 5376 472 5435">
     <span class='ocr_line' id='line_1_111' title="bbox 408 5376 472 5435; baseline -0.016 0"><span class='ocrx_word' id='word_1_906' title='bbox 408 5376 472 5435; x_wconf 81' lang='lat' dir='ltr'><strong>C.</strong></span> 
     </span>
    </p>
   </div>
   <div class='ocr_carea' id='block_1_110' title="bbox 2076 5380 2402 5435">
    <p class='ocr_par' dir='ltr' id='par_1_110' title="bbox 2076 5380 2402 5435">
     <span class='ocr_line' id='line_1_112' title="bbox 2076 5380 2402 5435; baseline 0.006 -2"><span class='ocrx_word' id='word_1_907' title='bbox 2076 5383 2120 5412; x_wconf 75' lang='grc'><strong>’⁸</strong></span> <span class='ocrx_word' id='word_1_908' title='bbox 2152 5380 2308 5433; x_wconf 90' lang='grc' dir='ltr'>τοῦτο</span> <span class='ocrx_word' id='word_1_909' title='bbox 2339 5380 2402 5435; x_wconf 87' lang='lat' dir='ltr'><strong>C.</strong></span> 
     </span>
    </p>
   </div>
   <div class='ocr_carea' id='block_1_111' title="bbox 2870 5303 3661 5359">
    <p class='ocr_par' dir='ltr' id='par_1_111' title="bbox 2870 5303 3661 5359">
     <span class='ocr_line' id='line_1_113' title="bbox 2870 5303 3661 5359; baseline 0 -1"><span class='ocrx_word' id='word_1_910' title='bbox 2870 5305 2916 5338; x_wconf 76' lang='lat'><strong>&quot;’</strong></span> <span class='ocrx_word' id='word_1_911' title='bbox 2961 5305 3157 5359; x_wconf 86' lang='grc' dir='ltr'>πολλοῦ</span> <span class='ocrx_word' id='word_1_912' title='bbox 3185 5303 3248 5359; x_wconf 90' lang='lat' dir='ltr'><strong>C.</strong></span> <span class='ocrx_word' id='word_1_913' title='bbox 3326 5305 3371 5336; x_wconf 75' lang='grc'>⁸⁸</span> <span class='ocrx_word' id='word_1_914' title='bbox 3404 5303 3661 5358; x_wconf 84' lang='grc' dir='ltr'>δύνανται</span> 
     </span>
    </p>
   </div>
   <div class='ocr_carea' id='block_1_112' title="bbox 2514 5375 3656 5449">
    <p class='ocr_par' dir='ltr' id='par_1_112' title="bbox 2514 5375 3656 5449">
     <span class='ocr_line' id='line_1_114' title="bbox 2514 5375 3656 5449; baseline 0 -19"><span class='ocrx_word' id='word_1_915' title='bbox 2514 5379 2557 5408; x_wconf 83' lang='grc'><strong>²⁹</strong></span> <span class='ocrx_word' id='word_1_916' title='bbox 2601 5380 2720 5449; x_wconf 79' lang='grc' dir='ltr'>ἕχον</span> <span class='ocrx_word' id='word_1_917' title='bbox 2753 5378 2814 5449; x_wconf 68' lang='lat' dir='ltr'><strong>C.</strong></span> <span class='ocrx_word' id='word_1_918' title='bbox 2928 5377 2973 5407; x_wconf 81' lang='grc' dir='ltr'><strong>³ο</strong></span> <span class='ocrx_word' id='word_1_919' title='bbox 3009 5377 3116 5446; x_wconf 87' lang='grc' dir='ltr'><strong>γάρ</strong></span> <span class='ocrx_word' id='word_1_920' title='bbox 3151 5375 3482 5449; x_wconf 72' lang='lat' dir='ltr'><strong>_pr:etermis_.</strong></span> <span class='ocrx_word' id='word_1_921' title='bbox 3506 5375 3554 5449; x_wconf 64' lang='grc' dir='ltr'><strong>⁸ὃ</strong></span> <span class='ocrx_word' id='word_1_922' title='bbox 3573 5391 3656 5449; x_wconf 81' lang='lat'><strong>_(:.</strong></span> 
     </span>
    </p>
   </div>
   <div class='ocr_carea' id='block_1_113' title="bbox 2981 5513 3653 5594">
    <p class='ocr_par' dir='ltr' id='par_1_113' title="bbox 2981 5513 3653 5594">
     <span class='ocr_line' id='line_1_115' title="bbox 2981 5513 3653 5594; baseline 0.001 -26"><span class='ocrx_word' id='word_1_923' title='bbox 2981 5513 3021 5594; x_wconf 53' lang='lat' dir='ltr'><strong>ﬁ</strong></span> <span class='ocrx_word' id='word_1_924' title='bbox 3061 5526 3129 5594; x_wconf 46' lang='lat' dir='ltr'><strong>et‘</strong></span> <span class='ocrx_word' id='word_1_925' title='bbox 3141 5516 3200 5567; x_wconf 88' lang='grc' dir='ltr'><strong>τὸ</strong></span> <span class='ocrx_word' id='word_1_926' title='bbox 3233 5513 3496 5594; x_wconf 72' lang='grc' dir='ltr'>ἀγένητον</span> <span class='ocrx_word' id='word_1_927' title='bbox 3510 5592 3517 5594; x_wconf 21' lang='grc' dir='ltr'><strong><em>Δ</em></strong></span> <span class='ocrx_word' id='word_1_928' title='bbox 3531 5514 3653 5569; x_wconf 86' lang='lat' dir='ltr'><strong>cod.</strong></span> 
     </span>
    </p>
   </div>
   <div class='ocr_carea' id='block_1_114' title="bbox 417 5585 3652 5662">
    <p class='ocr_par' dir='ltr' id='par_1_114' title="bbox 417 5585 3652 5662">
     <span class='ocr_line' id='line_1_116' title="bbox 417 5585 3652 5662; baseline -0.003 -16"><span class='ocrx_word' id='word_1_929' title='bbox 417 5588 544 5656; x_wconf 69' lang='lat' dir='ltr'><strong>Reg.</strong></span> <span class='ocrx_word' id='word_1_930' title='bbox 584 5589 707 5662; x_wconf 61' lang='lat'><strong>804,</strong></span> <span class='ocrx_word' id='word_1_931' title='bbox 737 5593 1006 5647; x_wconf 88' lang='lat' dir='ltr'><strong>desuntin</strong></span> <span class='ocrx_word' id='word_1_932' title='bbox 1041 5585 1273 5662; x_wconf 79' lang='lat' dir='ltr'><strong>utroque</strong></span> <span class='ocrx_word' id='word_1_933' title='bbox 1309 5585 1612 5647; x_wconf 68' lang='lat' dir='ltr'><strong>Hom.coil.</strong></span> <span class='ocrx_word' id='word_1_934' title='bbox 1690 5591 1733 5662; x_wconf 43' lang='lat' dir='ltr'><strong>fi</strong></span> <span class='ocrx_word' id='word_1_935' title='bbox 1781 5591 1967 5662; x_wconf 81' lang='grc' dir='ltr'>ἐπειδὴ</span> <span class='ocrx_word' id='word_1_936' title='bbox 2005 5585 2117 5662; x_wconf 80' lang='grc' dir='ltr'><strong>γάρ</strong></span> <span class='ocrx_word' id='word_1_937' title='bbox 2169 5592 2291 5662; x_wconf 88' lang='lat' dir='ltr'><strong>cod.</strong></span> <span class='ocrx_word' id='word_1_938' title='bbox 2346 5589 2477 5662; x_wconf 77' lang='lat' dir='ltr'><strong>Reg.</strong></span> <span class='ocrx_word' id='word_1_939' title='bbox 2515 5589 2639 5662; x_wconf 53' lang='grc'><strong>804.</strong></span> <span class='ocrx_word' id='word_1_940' title='bbox 2686 5588 2759 5662; x_wconf 33' lang='grc' dir='ltr'><strong>ῌ³⁸</strong></span> <span class='ocrx_word' id='word_1_941' title='bbox 2806 5586 2866 5662; x_wconf 82' lang='grc' dir='ltr'><strong>οὐ</strong></span> <span class='ocrx_word' id='word_1_942' title='bbox 2920 5585 3043 5662; x_wconf 79' lang='lat' dir='ltr'><strong>add.</strong></span> <span class='ocrx_word' id='word_1_943' title='bbox 3094 5585 3135 5636; x_wconf 90' lang='grc' dir='ltr'><strong>Ι)</strong></span> <span class='ocrx_word' id='word_1_944' title='bbox 3184 5601 3259 5662; x_wconf 77' lang='lat' dir='ltr'><strong>ex</strong></span> <span class='ocrx_word' id='word_1_945' title='bbox 3309 5585 3544 5662; x_wconf 83' lang='lat' dir='ltr'><strong>conject.</strong></span> <span class='ocrx_word' id='word_1_946' title='bbox 3601 5600 3652 5662; x_wconf 67' lang='grc' dir='ltr'><strong>ς.</strong></span> 
     </span>
    </p>
   </div>
   <div class='ocr_carea' id='block_1_115' title="bbox 414 5654 3654 5732">
    <p class='ocr_par' dir='ltr' id='par_1_115' title="bbox 414 5654 3654 5732">
     <span class='ocr_line' id='line_1_117' title="bbox 414 5654 3654 5732; baseline -0.001 -26"><span class='ocrx_word' id='word_1_947' title='bbox 414 5654 706 5732; x_wconf 58' lang='lat' dir='ltr'><strong>nonnullis</strong></span> <span class='ocrx_word' id='word_1_948' title='bbox 727 5662 1001 5730; x_wconf 81' lang='lat' dir='ltr'><strong>Epilomes</strong></span> <span class='ocrx_word' id='word_1_949' title='bbox 1040 5654 1340 5717; x_wconf 62' lang='lat' dir='ltr'><strong>codicibus.</strong></span> <span class='ocrx_word' id='word_1_950' title='bbox 1360 5662 1534 5732; x_wconf 80' lang='lat' dir='ltr'><strong>Verba</strong></span> <span class='ocrx_word' id='word_1_951' title='bbox 1564 5661 1752 5732; x_wconf 83' lang='grc' dir='ltr'>ἐπειδὴ</span> <span class='ocrx_word' id='word_1_952' title='bbox 1792 5654 2122 5732; x_wconf 68' lang='grc' dir='ltr'>γένεσὶν’ἀπ’</span> <span class='ocrx_word' id='word_1_953' title='bbox 2149 5661 2316 5732; x_wconf 64' lang='grc' dir='ltr'>αύτῆς</span> <span class='ocrx_word' id='word_1_954' title='bbox 2343 5654 2450 5731; x_wconf 70' lang='grc' dir='ltr'><strong>τῆς</strong></span> <span class='ocrx_word' id='word_1_955' title='bbox 2479 5657 2619 5712; x_wconf 86' lang='grc' dir='ltr'><strong>κατά</strong></span> <span class='ocrx_word' id='word_1_956' title='bbox 2651 5657 2752 5728; x_wconf 81' lang='grc' dir='ltr'><strong>τῆν</strong></span> <span class='ocrx_word' id='word_1_957' title='bbox 2772 5655 2983 5725; x_wconf 87' lang='grc' dir='ltr'>γένεσιν</span> <span class='ocrx_word' id='word_1_958' title='bbox 3010 5656 3318 5726; x_wconf 75' lang='grc' dir='ltr'>ἐπιστήμης</span> <span class='ocrx_word' id='word_1_959' title='bbox 3349 5654 3654 5725; x_wconf 61' lang='grc' dir='ltr'>ἀνασκευάτ</span> 
     </span>
    </p>
   </div>
   <div class='ocr_carea' id='block_1_116' title="bbox 414 5725 1503 5803">
    <p class='ocr_par' dir='ltr' id='par_1_116' title="bbox 414 5725 1503 5803">
     <span class='ocr_line' id='line_1_118' title="bbox 414 5725 1503 5803; baseline 0.006 -25"><span class='ocrx_word' id='word_1_960' title='bbox 414 5725 525 5790; x_wconf 71' lang='grc' dir='ltr'>ζειν</span> <span class='ocrx_word' id='word_1_961' title='bbox 561 5729 619 5781; x_wconf 81' lang='grc' dir='ltr'><strong>οὐ</strong></span> <span class='ocrx_word' id='word_1_962' title='bbox 653 5725 881 5803; x_wconf 72' lang='grc' dir='ltr'>δύναμαι</span> <span class='ocrx_word' id='word_1_963' title='bbox 932 5733 1310 5788; x_wconf 79' lang='lat' dir='ltr'><strong>desiderantur</strong></span> <span class='ocrx_word' id='word_1_964' title='bbox 1341 5734 1391 5786; x_wconf 92' lang='lat' dir='ltr'><strong>in</strong></span> <span class='ocrx_word' id='word_1_965' title='bbox 1441 5731 1503 5786; x_wconf 91' lang='grc' dir='ltr'>Ο.</span> 
     </span>
    </p>
   </div>
   <div class='ocr_carea' id='block_1_117' title="bbox 1582 5730 2253 5802">
    <p class='ocr_par' dir='ltr' id='par_1_117' title="bbox 1582 5730 2253 5802">
     <span class='ocr_line' id='line_1_119' title="bbox 1582 5730 2253 5802; baseline 0 -19"><span class='ocrx_word' id='word_1_966' title='bbox 1582 5733 1624 5762; x_wconf 65' lang='grc'><strong>³⁸</strong></span> <span class='ocrx_word' id='word_1_967' title='bbox 1650 5731 1704 5784; x_wconf 85' lang='grc' dir='ltr'><strong>δέ</strong></span> <span class='ocrx_word' id='word_1_968' title='bbox 1740 5730 2055 5802; x_wconf 86' lang='lat' dir='ltr'><strong>transcripsi</strong></span> <span class='ocrx_word' id='word_1_969' title='bbox 2101 5747 2164 5787; x_wconf 86' lang='lat' dir='ltr'><strong>cx</strong></span> <span class='ocrx_word' id='word_1_970' title='bbox 2191 5730 2253 5785; x_wconf 92' lang='grc' dir='ltr'>Ο.</span> 
     </span>
    </p>
   </div>
  </div>
