3860 6210
144 234 275 293 549
1324 245 1861 302 CLEMENTINA.——
1890 247 2171 303 HOMILIA
2196 248 2333 305 XIV.
3336 251 3445 307 550

150 366 266 442 μοι
314 348 595 423 διαφέρει,
642 353 781 428 πλὴν
822 354 905 409 ὅτι
941 356 1161 422 πάντως
1203 359 1501 413 ἀπολαύσει
1545 361 1742 414 έκαστο

1881 361 2143 418 interest:
2200 365 2303 419 nisi
2349 367 2495 435 quod
2532 366 2758 422 omnino
2793 370 3175 442 unusquisque
3206 368 3444 426 fructum

142 434 240 493 ὧν
283 442 553 515 ἔπραξεν.
594 446 658 498 Ἠ
698 447 753 500 δὲ
787 448 1059 516 ἀπόδειξις
1104 452 1197 504 τοῦ
1235 454 1308 524 μὴ
1355 450 1493 511 εἶναι
1534 457 1742 523 γένεσιν

1873 469 2064 507 eorum
2089 471 2210 524 qua:
2238 458 2467 525 gesserit
2498 457 2781 526 percipiet.
2808 457 3216 515 Demonstratio
3241 471 3443 527 autem,

146 533 327 585 ἐστιν
358 533 519 606 αῦτη.
550 537 672 590 Τῶν
703 539 1067 611 παρεστώτων
1092 543 1146 595 εῖ
1181 562 1265 611 τις
1297 545 1592 618 ὀφθαλμῶν
1615 549 1737 600 ἐστέ

1870 561 1980 599 non
2015 562 2136 600 esse
2191 548 2415 617 genesin
2439 588 2455 613 ,
2493 549 2609 615 htec
2640 558 2742 603 est.
2779 549 2858 614 Ex
2899 552 3208 606 astantibus
3242 553 3288 607 si
3319 554 3445 623 quis

153 641 345 695 ρηται
372 666 387 690 ,
427 627 460 697 ἢ
508 628 706 694 κυλλὴν
759 631 875 701 ἔχει
909 634 951 665 ³⁷
984 635 1083 706 τὴν
1128 639 1283 706 χεῖρα
1308 677 1322 701 ,
1384 637 1416 707 ἢ
1460 639 1630 709 χωλὸν
1675 640 1742 693 τδι

1871 638 2047 692 oculis
2072 638 2143 692 sit
2172 638 2422 705 orbatus,
2451 648 2545 693 aut
2581 641 2830 712 mutilam
2866 642 3060 695 habeat
3087 658 3333 707 manum,
3361 642 3444 695 vel

148 717 310 770 πόδα
344 759 361 783 ,
391 720 423 791 ἢ
461 720 648 793 ἕτερον
687 741 741 779 τι
774 726 899 797 περὶ
932 726 1088 798 σῶμα
1110 769 1124 793 ,
1158 730 1186 781 ὂ
1236 731 1582 802 ὑποστροφὴν
1631 733 1742 804 πρὸ

1868 729 2060 798 pedem
2096 730 2376 794 claudum,
2406 731 2490 784 vel
2517 730 2570 784 in
2602 747 2832 802 corpore
2855 732 3059 802 aliquid
3096 733 3264 804 aliud,
3295 735 3442 802 quod

149 806 320 859 ἴασιν
356 809 521 863 πάλιν
560 813 660 866 οὐκ
700 814 833 884 ἔχει,
878 818 970 870 καὶ
1006 819 1205 883 παντὸς
1237 822 1477 893 ίατρικοῦ
1514 823 1559 853 ³⁸
1591 825 1742 893 ἐπαγ-

1867 824 1922 871 et
1956 818 2133 872 redire
2171 819 2237 871 ad
2276 818 2643 888 integritatem
2699 835 2807 873 non
2846 820 3038 882 valeat,
3077 828 3130 893 et
3175 822 3246 895 sit
3274 836 3442 888 supra

145 897 453 967 γέλματος
504 904 661 966 ἐκτός
706 906 895 972 ἐστιν,
935 909 993 962 ὃν
1038 911 1159 963 οὐδὲ
1214 913 1530 983 ἀστρολόγοι
1585 917 1741 970 ίᾶσθα

1867 924 2084 963 omnem
2120 910 2387 979 magicam
2422 920 2595 964 artem
2634 928 2646 964 :
2688 922 2847 980 quem
2881 926 3057 980 neque
3087 911 3349 980 astrologi
3383 926 3442 963 se

146 988 629 1057 ἐπαγγέλλονται,
658 995 739 1047 ὅτι
767 997 840 1067 μὴ
866 998 974 1051 ἀπὸ
1004 1000 1097 1052 τοῦ
1129 1003 1336 1074 μακροῦ
1372 1004 1567 1070 αἰῶνος
1589 1008 1742 1061 τοιοῦε

1864 1002 2230 1071 profiteantur
2285 1012 2598 1068 sanaturus,
2635 1004 2895 1072 quoniam
2928 1004 2996 1058 ab
3042 1005 3189 1058 omni
3235 1005 3439 1072 sa'culo

144 1078 251 1131 τόν
290 1098 358 1132 τι
390 1082 645 1151 γέγονεν’
673 1086 783 1155 ἐγὼ
805 1088 860 1144 δὲ
888 1089 1021 1144 Θεοῦ
1046 1092 1257 1164 δεηθεὶς
1288 1096 1386 1167 τὴν
1416 1099 1558 1151 ίασιν
1586 1101 1742 1171 παρά-

1864 1091 2000 1145 nihil
2037 1092 2140 1146 tale
2188 1093 2457 1164 contigit:
2493 1109 2592 1162 ego
2614 1109 2743 1147 vero
2795 1092 2967 1148 Deum
3006 1103 3259 1164 precatus
3289 1096 3438 1149 sani-

149 1186 281 1237 σχω
308 1172 380 1235 ³³,
415 1174 577 1227 ὁπότε
614 1177 678 1229 ὲκ
711 1180 976 1246 γενέσεως
1018 1186 1356 1257 κατόρθωσιν
1396 1189 1457 1243 τὸ
1481 1191 1691 1245 τοιοῦτο
1716 1194 1742 1225 ⁸

1865 1190 2029 1236 tatem
2062 1183 2349 1252 prtehucro
2378 1224 2391 1246 ,
2422 1184 2864 1252 quandoquidem
2896 1185 2949 1239 id
2984 1186 3296 1239 nullatenus
3332 1200 3434 1254 po-

143 1259 433 1315 οὐδέποτε
476 1264 658 1320 λαϐεῖν
706 1269 962 1344 ἠδυνήθηο
1005 1275 1199 1330 τούτου
1243 1278 1415 1343 οὕτως
1470 1284 1742 1354 γενομένοι

1864 1274 1967 1327 tuit
1994 1290 2088 1343 per
2117 1276 2339 1343 genesin
2366 1275 2565 1345 corrigi
2593 1292 2606 1328 :
2632 1276 2735 1329 hoc
2765 1276 2837 1329 ita
2867 1276 3029 1341 facto,
3054 1292 3236 1330 nonne
3252 1287 3437 1331 errant

145 1352 259 1422 οὐχ
287 1356 706 1427 ἁμαρτάνουσιν
730 1362 780 1413 οἱ
804 1362 895 1417 τὸν
924 1364 1100 1420 πάντα
1126 1368 1187 1441 δη
1197 1352 1611 1443 μιουργήσαντα-
1627 1376 1742 1429 Θεὸι

1861 1368 1954 1435 qui
1989 1367 2040 1420 in
2072 1376 2395 1421 cunctorum
2422 1370 2671 1438 Opiﬁeem
2703 1367 2870 1421 Deum
2897 1369 3179 1422 maledicta
3204 1378 3256 1422 et
3286 1369 3434 1423 blas-

150 1444 790 1519 βλασφημοῦντες;Καὶ
840 1458 868 1510 ὁ
911 1459 1086 1530 γέρων
1119 1462 1472 1534 ἀπεκρίνατο·
1508 1466 1742 1538 Βλασφη-

1860 1457 2108 1525 phemias
2149 1458 2493 1527 conjiciunt?
2528 1458 2827 1528 Respondit
2860 1474 3019 1514 senex
3049 1478 3061 1513 :
3111 1458 3346 1525 Scilicet,
3379 1460 3433 1513 id

153 1541 289 1607 μεῖν
314 1540 427 1611 γάρ
451 1543 567 1596 ἐστι
586 1545 648 1597 τὸ
667 1546 846 1616 λέγειν
868 1549 1079 1617 γενέσει
1106 1552 1422 1609 ὑποκεῖσθαι
1445 1555 1512 1609 τά
1540 1557 1718 1612 πάντα
1740 1579 1742 1611 :

1859 1555 1943 1603 est
1974 1550 2264 1605 maledicta
2293 1550 2562 1615 conferre,
2586 1550 2769 1606 dicere
2797 1553 3059 1621 genitura:
3091 1553 3285 1622 subjici
3313 1553 3434 1615 uni-

148 1628 326 1696 κάγὼ
351 1632 769 1707 ἀπεκρινάμηνο
808 1640 916 1692 Kal
950 1640 1112 1693 πάνυ.
1142 1643 1206 1695 Ei
1229 1644 1336 1715 γάρ
1370 1647 1538 1699 πᾶσαι
1565 1649 1620 1700 αἱ
1645 1648 1742 1701 τῶι

1859 1641 2059 1695 versa?
2094 1641 2292 1711 Excepi
2319 1658 2420 1713 ego
2452 1662 2463 1695 :
2488 1640 2725 1698 Omnino
2751 1655 2852 1699 est.
2873 1642 3009 1698 Nam
3042 1645 3086 1699 si
3116 1660 3305 1705 omnes
3332 1645 3434 1709 ho-

149 1720 475 1791 ἀνθρώπων
520 1726 786 1799 ἁμαρτίαι
832 1731 925 1783 καὶ
958 1732 1201 1788 άσέϐειαι
1236 1736 1328 1789 καὶ
1376 1738 1655 1808 ἀσέλγειαι
1698 1740 1742 1804 ἐξ

1862 1734 2072 1788 minum
2127 1750 2342 1791 errores
2399 1745 2453 1790 et
2503 1737 2811 1807 impietates
2864 1746 2917 1792 et
2967 1738 3315 1807 impudicitiae
3364 1752 3431 1792 ex

149 1813 417 1887 ἀστέρων
467 1817 736 1886 γίνονται,
770 1822 819 1874 οἱ
860 1822 916 1875 δὲ
959 1825 1186 1896 ἀστέρες
1225 1828 1398 1882 ταῦτα
1443 1834 1617 1885 ποιεῖν
1648 1834 1742 1887 ὑπὲ

1854 1826 2027 1882 stellis
2057 1827 2332 1894 oriuntur,
2368 1829 2537 1884 stella:
2574 1840 2754 1886 autem
2789 1832 2855 1891 ad
2886 1846 2946 1885 ea
2985 1828 3232 1884 facienda
3264 1846 3294 1884 a
3319 1828 3431 1883 Deo

148 1904 301 1956 Θεοῦ
352 1906 658 1980 ὲτάγησαν,
688 1911 775 1964 ἵνα
811 1912 1026 1967 πάντων
1057 1916 1306 1985 χαλεπῶν
1347 1920 1753 1985 ἀποτελεστικοί

148 1996 455 2071 γένωνται,
477 2002 535 2053 αἱ
562 2003 779 2058 πάντων
803 2006 1069 2078 ἁμαρτίαι
1090 2010 1170 2072 εἷς
1193 2010 1353 2065 αὖτδν
1372 2012 1748 2087 ἀναφέρονται,

148 2087 252 2140 τὸν
280 2090 385 2162 τὴν
410 2094 624 2160 γένεσιν
660 2095 819 2150 θέντα
842 2099 900 2151 ἐν
930 2101 1044 2162 τοῖς
1074 2101 1316 2172 ἄστροις,

228 2180 329 2235 Vl.
369 2183 483 2236 Kal
509 2186 537 2237 ὁ
560 2185 739 2257 γέρων
772 2188 1132 2260 ἁπεκρίνατο·
1170 2191 1408 2263 Ἀληθῶς
1434 2195 1686 2265 μεγάλως
1706 2197 1749 2229 ⁵⁸

150 2274 324 2346 ἔφης,
351 2278 489 2333 ἀλλά
514 2282 665 2354 πάσῃ
694 2299 786 2334 σου
812 2283 968 2352 301
998 2287 1063 2357 τῇ
1088 2286 1456 2360 άπαραϐλὴτῳ
1481 2290 1750 2357 ἀποδείξει

150 2372 185 2439 ἡ
231 2371 350 2441 ἐμὴ
386 2373 668 2442 ἐμποδίζει
722 2376 1047 2446 συνείδησις.
1085 2378 1226 2446 Ἐγὼ
1275 2380 1383 2453 γάρ
1426 2382 1752 2454 ἀστρολόγος

149 2461 230 2514 ὣν
259 2464 359 2516 καὶ.
390 2462 608 2534 Ῥώμην
630 2464 844 2536 πρῶτον
869 2468 1112 2538 οἰκήσας,
1140 2465 1258 2539 εἶτα
1276 2472 1320 2501 δ’
1349 2472 1623 2541 φιλιωθείς
1644 2492 1750 2529 τινι

154 2558 302 2629 πρὸς
323 2557 515 2627 γένους
535 2559 650 2613 ὄντι
670 2561 971 2634 Καίσαρος,
1001 2564 1163 2622 αὑτοῦ
1192 2583 1251 2619 τε
1280 2568 1373 2621 καὶ
1398 2569 1493 2640 τῆς
1522 2572 1751 2642 συμϐίου

154 2652 258 2721 τὴν
293 2651 510 2720 γένεσιν
552 2652 797 2723 ἀκριϐῶς
821 2653 867 2695 ν
916 2657 1270 2730 ἠπιστάμην,
1312 2660 1408 2727 καὶ
1460 2662 1751 2738 ἱστορήσας

154 2745 479 2817 ἀκολούθως
520 2745 622 2810 τὰς
670 2746 899 2823 πράξεις
942 2748 1396 2816 ἀποτελεσθείσας
1450 2754 1630 2809 αὐτῶν
1680 2760 1747 2830 τῇ

156 2837 379 2905 γενέσει
409 2837 556 2909 ἔργῳ
576 2840 641 2902 ⁸⁸,
673 2838 757 2892 σοὶ
795 2839 939 2911 λόγῳ
963 2841 1245 2896 πείθεσθαι
1279 2844 1340 2896 οὐ
1366 2844 1619 2917 δύναμαι.
1642 2844 1750 2903 Ἦν

156 2926 269 2998 γὰρ
294 2928 395 2996 τῆς
420 2928 687 2994 γενέσεως
708 2929 877 2999 αὐτῆς
898 2929 960 2982 τὸ
981 2930 1232 3002 διάθεμα,
1255 2933 1442 2988 ποιοῦν
1467 2938 1747 3007 μοιχάδας,

161 3018 312 3087 ίδίων
344 3018 545 3071 δούλων
584 3018 828 3089 ὲρώσας,
865 3020 958 3093 καί
994 3021 1085 3073 ἐπὶ
1123 3020 1282 3094 ξένης
1325 3026 1384 3077 ὲν
1427 3026 1584 3081 ὕδασι
1619 3028 1746 3100 θνη-

1852 1918 2166 1973 constituta:
2217 1928 2368 1983 sunt,
2407 1937 2517 1989 quo
2567 1932 2893 1977 cunctorum
2946 1921 3275 1993 ﬂagitiorum
3319 1921 3432 1981 sint

1851 2008 2170 2075 effectrices,
2205 2011 2450 2065 omnium
2479 2022 2701 2080 peccata
2726 2012 2793 2067 ad
2821 2027 2945 2067 eum
2977 2012 3307 2079 referuntur,
3332 2011 3426 2082 qui

1851 2100 1908 2156 in
1941 2100 2108 2161 astris
2142 2104 2388 2169 posuerit
2417 2102 2663 2171 genesin.

1922 2192 2013 2247 Vl.
2057 2192 2122 2246 Et
2152 2208 2319 2248 senex
2358 2194 2642 2263 respondit
2670 2211 2684 2247 :
2719 2192 3027 2247 Admodum
3055 2209 3181 2248 vere
3211 2194 3427 2248 locutus

1851 2295 1947 2346 es;
2002 2281 2095 2336 sed
2131 2282 2278 2335 omni
2309 2295 2418 2336 tuae
2476 2283 2891 2352 incomparabili
2942 2285 3251 2354 probationi
3304 2300 3426 2340 mea

1852 2371 2033 2426 obstat
2064 2372 2424 2427 conscientia.
2452 2371 2565 2443 Ego
2594 2374 2740 2428 enim
2760 2414 2774 2439 ,
2809 2374 2901 2443 qui
2938 2373 3247 2443 astrologus
3276 2389 3422 2440 sum,

1851 2473 1904 2518 et
1938 2462 2125 2517 Romae
2152 2464 2389 2534 primum
2443 2465 2683 2518 habitari
2707 2506 2722 2532 ,
2753 2465 2965 2519 amicus
3016 2474 3204 2534 postea
3248 2464 3426 2519 factus

1851 2558 2136 2626 cujusdam
2176 2558 2269 2628 qui
2303 2566 2423 2612 erat
2460 2574 2526 2612 ex
2563 2572 2760 2628 genere
2819 2556 3052 2612 Ctesaris
3076 2596 3090 2620 ,
3124 2557 3227 2611 viri
3278 2557 3425 2612 illius

1853 2649 2153 2719 uxorisque
2201 2648 2319 2717 ejus
2348 2648 2655 2719 genituram
2704 2656 2960 2701 accurate
2993 2657 3178 2700 notam
3212 2646 3421 2709 habui;

1850 2754 2088 2809 cumque
2125 2739 2352 2792 viderim
2393 2754 2500 2803 res,
2532 2747 2695 2807 prout
2725 2737 2933 2793 ferebat
2962 2752 3150 2791 eorum
3185 2737 3420 2806 genesis,

1851 2844 2040 2885 revera
2075 2832 2345 2897 evenisse,
2379 2846 2631 2884 sermone
2665 2846 2695 2885 a
2743 2840 2798 2884 te
2839 2845 3053 2898 nequeo
3081 2828 3420 2899 persuaderi.

1851 2921 2094 2976 Habebat
2128 2921 2275 2975 enim
2330 2922 2528 2976 mulier
2561 2922 2723 2975 talem
2758 2921 3226 2976 constellationem
3252 2962 3266 2987 ,
3302 2937 3425 2991 qua

1849 3016 2129 3071 adulteras
2160 3015 2313 3081 facit,
2344 3025 2399 3070 et
2432 3032 2623 3072 servos
2658 3017 2910 3087 prOprios
2940 3032 3143 3077 amare,
3173 3017 3227 3070 in
3269 3033 3424 3086 pere-

160 3084 422 3174 σκούσας.
444 3112 508 3164 Ὀ
531 3078 631 3164 καί
651 3078 824 3175 οὕτως
842 3086 897 3145 ⁵⁸,
913 3078 1153 3182 γέγονενῖ
1182 3078 1506 3188 Ἐ’ρασθεῖσα
1515 3078 1741 3191 rapti—:36

1849 3106 2159 3176 grinationc
2191 3115 2245 3162 et
2276 3078 2329 3162 in
2363 3108 2522 3177 aquis
2555 3078 2776 3178 defungi
2806 3127 2819 3162 :
2854 3108 2999 3177 quod
3033 3117 3086 3162 et
3118 3109 3190 3163 ita
3220 3078 3421 3164 factum

161 3204 297 3257 ἰδίου
328 3202 539 3268 δούλου,
574 3205 668 3257 καὶ
696 3204 1035 3277 μὴ.φέρουσα
1056 3207 1146 3260 τὸν
1169 3208 1353 3278 ψόγον,
1378 3210 1623 3281 φυγοῦσα
1649 3214 1745 3271 σὺν

159 3300 340 3370 αὐτῷ,
376 3301 438 3355 ὲν
469 3300 743 3371 ἀλλοδαπῇ
790 3302 1080 3373 ὁρμήσασα
1105 3307 1198 3367 καὶ
1233 3306 1417 3379 κοίτης
1448 3308 1596 3381 αὑτῷ
1628 3328 1743 3365 κοι-

160 3394 470 3463 νωνήσασα,
499 3391 641 3446 κατά
667 3393 939 3449 θάλασσαν
958 3395 1004 3426 ⁸⁸
1033 3396 1319 3470 διεφθάρη.

236 3484 350 3543 YII.
386 3483 557 3553 Κάγὼ
601 3485 1005 3557 ἀπεκρινάμην
1053 3489 1162 3543 Kal
1202 3490 1321 3554 πῶς
1358 3490 1466 3562 ἀρα
1485 3491 1530 3524 ⁸⁷
1578 3493 1741 3562 γινώ-

164 3595 314 3640 σκεις
345 3577 424 3629 ὅτι
458 3578 493 3647 ἡ
526 3575 771 3646 φυγοῦσα
809 3577 866 3629 ὲν
898 3576 1168 3649 ἀλλοδαπῇ
1204 3581 1471 3653 γενομένη
1502 3582 1591 3635 τὸν
1622 3582 1743 3636 δοῦ-

163 3666 252 3719 λον
277 3665 505 3736 ἔγημεν,
540 3667 633 3719 καὶ
665 3667 891 3737 γήμασα
933 3666 977 3713 ’ξε
1020 3667 1410 3740 ὲτελεύτησενς
1447 3672 1557 3726 Καὶ
1587 3674 1615 3726 ὁ
1644 3673 1739 3741 γέ-

168 3775 292 3830 ρων·
332 3756 611 3825 Ἀσφαλῶς
638 3753 755 3811 οἶδα
785 3758 1012 3829 τάληθῆ,
1046 3759 1143 3830 οὐχ
1184 3760 1266 3813 ὁτι
1308 3760 1531 3833 ἔγημεν,
1578 3764 1737 3819 ὁπότε

164 3852 271 3905 οὐδ’
292 3852 375 3905 δτι
407 3851 514 3923 ἦρα
546 3851 861 3919 ἐγίνωσκον,
894 3850 1030 3904 ἀλλά
1058 3851 1195 3922 μετά
1241 3853 1340 3925 τὴν
1374 3854 1544 3926 αὐτῆς
1574 3856 1741 3910 ἀπαλ-

163 3944 332 4014 λαγὴν
366 3943 519 3996 Ital"
540 3941 768 4011 ἀδελφὸς
795 3944 824 3996 ὁ
856 3942 951 3996 τοῦ
985 3943 1175 4015 ἀνδρὸς
1206 3944 1375 4016 αὐτῆς
1394 3947 1516 4017 ἐμοὶ
1547 3947 1738 4019 διηγή-

167 4055 293 4091 σατο
324 4038 499 4091 πάντα
542 4038 611 4091 τὰ
656 4036 798 4091 κατά
841 4037 932 4090 τὸν
987 4039 1157 4110 αὐτῆς
1204 4039 1413 4112 ἔρωτα,
1461 4043 1556 4097 καὶ
1575 4044 1620 4077 ⁵ο
1662 4046 1740 4109 ὡς

167 4134 360 4205 σεμνὸς
389 4131 485 4197 ὣν,
522 4132 616 4185 ἅτε
648 4131 713 4203 δὴ
747 4131 891 4184 ml"
918 4130 1164 4200 ἀδελφὸς,
1188 4132 1288 4185 οὐκ
1319 4132 1584 4207 ἐϐουλήθη
1616 4138 1739 4206 μιᾶ-

165 4243 250 4279 ναι
279 4225 379 4295 τὴν
418 4223 628 4294 κοίτην,
652 4222 746 4274 καὶ
776 4221 894 4285 πῶς
914 4221 1206 4292 βουλομένη
1226 4223 1317 4275 καὶ
1331 4224 1619 4297 αἰδουμένη
1636 4227 1736 4279 αὐ-

164 4317 250 4369 τδν
263 4318 354 4369 καὶ
368 4315 459 4369 τὸν
477 4314 641 4383 ψόγον
657 4315 689 4385 ἡ
707 4313 930 4367 τάλαινα
947 4313 1065 4384 (οὐκ
1076 4313 1190 4367 ἐστι
1202 4314 1309 4387 γὰρ
1330 4316 1497 4388 αὐτὴν
1516 4318 1581 4389 μέ
1590 4319 1734 4389 μψα-

1846 3208 1948 3253 est.
1976 3198 2169 3254 lncidit
2195 3215 2433 3269 namque
2468 3199 2522 3252 in
2558 3215 2800 3253 amorem
2827 3200 2970 3254 servi
2999 3201 3107 3265 sui,
3139 3209 3193 3254 et
3220 3218 3425 3271 oppro-

1846 3292 2026 3348 brium
2061 3308 2169 3347 non
2203 3292 2383 3349 ferens
2412 3290 2551 3363 fugit
2580 3307 2705 3347 cum
2760 3294 2908 3362 ipso;
2950 3306 3013 3346 ac
3043 3308 3266 3362 peregre
3294 3309 3422 3364 pro-

1846 3386 2011 3453 fecta,
2043 3387 2232 3457 illique
2262 3385 2575 3450 eommista,
2611 3385 2772 3454 periit
2806 3384 2858 3438 in
2898 3383 3056 3438 mari.

1916 3478 2024 3531 VII.
2078 3477 2141 3532 Et
2173 3493 2275 3548 ego
2306 3476 2560 3546 respondi
2601 3494 2613 3529 :
2667 3474 2818 3530 Unde
2872 3476 3038 3546 igitur
3086 3474 3215 3539 scis,
3270 3475 3417 3545 quod

1842 3571 1931 3624 illa
1968 3569 2205 3640 fugiens,
2246 3568 2300 3623 in
2336 3567 2517 3622 alieno
2553 3565 2672 3622 solo
2698 3567 2899 3636 posita,
2950 3581 3108 3621 servo
3150 3566 3414 3635 nupserit,

1840 3672 1894 3719 et
1918 3671 2039 3733 post
2070 3662 2290 3731 nuptias
2334 3659 2499 3714 fuerit
2533 3657 2827 3713 defuncta?
2866 3657 2929 3713 Et
2960 3674 3124 3713 senex
3162 3677 3176 3713 :
3209 3657 3419 3714 Certis-

1839 3757 1997 3822 sime,
2031 3755 2228 3824 inquit,
2254 3753 2391 3819 seio,
2415 3767 2603 3806 revera
2635 3767 2742 3805 non
2779 3750 2925 3821 quod
2959 3750 3209 3820 nupserit
3234 3765 3417 3817 servo,

1839 3846 2283 3918 quandoquidem
2342 3858 2520 3913 neque
2572 3844 2715 3913 quod
2744 3859 2869 3897 eum
2916 3850 3145 3908 amaret,
3183 3857 3419 3912 agnove—

1838 3956 1957 3997 ram
1996 3959 2009 3994 :
2044 3941 2137 3997 sed
2176 3948 2463 4010 postquam
2491 3939 2732 4008 profecta
2763 3945 2866 4001 est,
2913 3936 3075 3990 etiam
3119 3935 3286 3990 frater
3311 3933 3414 3990 Viri

1837 4032 1960 4101 ejus
1990 4030 2123 4085 mihi
2180 4028 2455 4083 enarravit
2502 4044 2721 4082 omnem
2774 4027 2920 4081 illius
2950 4042 3226 4093 amorem;
3270 4027 3416 4096 quod

1838 4123 1975 4193 ipse,
2016 4122 2110 4192 qui
2141 4121 2405 4175 honestus
2434 4128 2571 4183 erat,
2612 4128 2799 4188 utpote
2838 4116 3025 4181 frater,
3072 4117 3308 4171 noluerit
3333 4127 3417 4175 t0-

1838 4232 1959 4270 rum
1991 4215 2287 4277 maculare,
2324 4224 2378 4266 et
2421 4227 2531 4280 quo
2562 4203 2725 4264 modo
2757 4209 2964 4275 volens,
3002 4225 3065 4262 ac
3108 4210 3285 4278 ipsum
3329 4218 3416 4263 at-

1837 4323 1943 4378 que
1964 4305 2313 4375 cpprobrium
2346 4302 2515 4357 verita
2547 4303 2635 4355 illa
2666 4300 2851 4354 infelix
2901 4300 3099 4369 (neque
3128 4299 3272 4353 enim
3306 4299 3415 4354 int-

168 4407 305 4470 σθαι,
337 4407 417 4459 ὃτι
446 4408 510 4458 ἐκ
540 4405 805 4473 γενέσεως
830 4404 1001 4457 ταῦτα
1034 4409 1206 4458 ποιεῖν
1235 4408 1353 4459 τε⁵²
1388 4410 1481 4461 καὶ
1509 4410 1739 4481 πάσχειν

1849 4399 2144 4469 putandum
2195 4397 2243 4450 ei
2285 4404 2389 4459 est,
2432 4395 2559 4464 quia
2602 4409 2720 4447 eam
2753 4392 2967 4461 genesis
3002 4390 3180 4445 facere
3226 4390 3315 4444 illa
3361 4399 3415 4445 et

166 4498 494 4566 ἠναγκάζετο
509 4497 575 4565 ⁸³)
598 4496 802 4566 ὄνειρον
826 4495 932 4549 εἴτε
958 4496 1129 4568 ἀληθῆ
1150 4496 1257 4550 εἴτε
1272 4498 1441 4571 ψευδῆ
1468 4501 1743 4557 ἐπλάσατο

167 4590 261 4642 οὐκ
291 4589 398 4659 ἔχω
438 4588 636 4657 λέγειν.
680 4588 873 4657 Ἔλεγε
905 4588 1013 4659 γὰρ
1048 4589 1213 4660 αὐτὴν
1245 4590 1404 4660 302
1438 4593 1735 4664 εἰρηκέναι·

179 4679 260 4741 Ὠς
287 4679 441 4730 eam
458 4678 694 4750 ὁράματι
722 4678 947 4741 ἐπιστάς
979 4696 1062 4741 τις
1092 4679 1344 4734 ἐκέλευσέ
1380 4699 1469 4751 μοι
1503 4682 1618 4754 ἅμα
1646 4684 1738 4737 τέ-

170 4786 308 4832 κνοις
346 4768 577 4838 ἐξαυτῆς
608 4769 707 4839 τὴν
760 4768 1041 4838 Ῥωμαίων
1090 4769 1316 4839 ἐκϐῆναι
1360 4772 1533 4827 πόλιν.
1582 4774 1638 4827 Ὁ
1679 4774 1737 4827 δὲ

170 4859 299 4932 ἀνὴρ
330 4858 596 4923 σώζεσθαι
615 4859 784 4931 αὐτὴν
816 4861 911 4913 σὺν
943 4862 1056 4923 τοῖς
1089 4861 1225 4924 υἱοῖς
1259 4862 1502 4917 σπεύδων
1534 4864 1735 4918 αὐτίκα

172 4951 356 5013 αὐτοὺς
387 4950 970 5022 λιταιδευθησομένους¹⁵¹⁵
990 4953 1069 5015 είς
1082 4952 1183 5016 τὰς
1213 4953 1441 5024 Ἀθήνας
1461 4953 1735 5025 ἐξέπεμψε

174 5044 261 5097 σὺν
289 5045 353 5115 τῇ
390 5042 559 5115 μητρὶ
600 5042 691 5095 καὶ
736 5040 966 5107 δούλοις,
1002 5042 1185 5113 τρίτον
1215 5042 1271 5095 δὲ
1321 5043 1582 5116 νεώτερον
1623 5046 1736 5100 υἱὸν

1843 4491 2059 4561 perpeti
2104 4488 2387 4557 compulit)
2437 4485 2655 4540 tinxerit
2702 4484 3000 4546 somnium,
3046 4497 3306 4535 verumne
3343 4497 3413 4541 an

1842 4583 2063 4643 falsum.
2099 4596 2205 4633 non
2239 4579 2415 4633 habeo
2450 4577 2650 4631 dicere.
2694 4575 2889 4628 Aiebat
2923 4573 3189 4642 siquidem
3238 4572 3411 4641 ipsam

1841 4673 2047 4728 dixisse
2084 4689 2096 4725 :
2134 4670 2318 4723 Astitit
2349 4668 2479 4721 mihi
2513 4667 2733 4736 quidam
2765 4681 2860 4733 per
2888 4665 3088 4729 visum,
3119 4664 3211 4733 qui
3249 4665 3413 4733 jussit

1842 4778 1928 4817 me
1957 4778 2081 4817 cum
2106 4761 2288 4815 liberis
2312 4760 2430 4814 sine
2458 4772 2607 4812 mora
2638 4757 2771 4812 urbe
2808 4755 2979 4809 Roma
3009 4755 3213 4825 egredi.
3238 4755 3306 4809 At
3331 4755 3412 4808 vir

1840 4868 1939 4924 pro
1970 4853 2146 4907 salute
2171 4851 2291 4920 ejus
2321 4850 2670 4918 filiorumque
2700 4847 2967 4903 sollicitus
3000 4846 3286 4902 confestim
3316 4861 3411 4901 eos

1837 4945 2165 4999 erudiendos
2220 4942 2462 4996 Athenas
2515 4941 2667 4995 misit
2720 4955 2845 4994 cum
2887 4950 3058 4993 matre
3097 4948 3151 4993 et
3186 4937 3358 4997 servis
3393 4957 3407 4992 :

1837 5037 2046 5091 habens
2094 5034 2475 5089 vero'tertium
2525 5032 2717 5097 tilium,
2770 5030 2866 5100 qui
2907 5040 3025 5086 erat
3070 5030 3272 5097 iunior,
3305 5030 3409 5085 sibi

1489 5174 1725 5230 VARUE
1760 5172 2158 5229 LECTIONES.

239 5267 278 5305 ³⁷
300 5263 667 5341 ἕχει-ᾕθᾶᾱρ-ηι
688 5263 831 5335 Epit.
855 5272 908 5320 et
934 5261 1054 5341 cod.
1090 5263 1223 5334 Reg.
1261 5264 1403 5341 θθλὲζ
1420 5264 1564 5341 ln_0_
1591 5275 1705 5341 _est
1741 5264 2082 5341 :_ﬂ‘XU)_O.-‘h‘l
2116 5264 2215 5341 τὴν
2259 5265 2420 5341 χεῖρα
2444 5261 2636 5341 ξχοι.Λ
2664 5259 2707 5290 ³⁸
2749 5259 2892 5341 lsi-rat
2928 5257 3008 5341 Ο...
3067 5259 3113 5291 ³⁸
3142 5259 3406 5340 παρασχῶ

178 5336 213 5387 l‘.
239 5377 252 5401 ,
284 5327 503 5405 παρέξω
559 5327 745 5405 Epit,
781 5336 1119 5405 παρασχήσω
1167 5327 1313 5404 conj.
1372 5336 1429 5389 S.
1471 5336 1712 5390 Subinde
1764 5327 1925 5388 ὁπότε
1953 5335 1982 5387 ὁ
2008 5327 2072 5386 ἐκ
2114 5327 2183 5405 7οξ
2256 5327 2301 5366 δί’
2328 5327 2658 5405 τοιοῦτονΔΟ.

179 5424 222 5471 (ξ.
272 5402 374 5460 Ο.⁷
428 5406 478 5475 θ’
532 5402 652 5458 εἶτα
685 5405 809 5459 add.
864 5402 912 5458 ἐξ.
970 5402 1034 5458 Ο.
1102 5402 1343 5460 Subinde
1387 5406 1647 5475 φιλωθείς
1678 5406 1739 5459 C.

178 5476 337 5531 αὐτῶν
383 5473 481 5538 τὰς
534 5476 763 5547 πράξεις
795 5473 1419 5547 ἀποτελεσθεῖσαςᾼὲργῳ
1451 5477 1509 5531 C.
1586 5477 1635 5547 δέ
1663 5475 1804 5528 οὕτω
1837 5475 1901 5547 (ξ.

1119 5545 1163 5576 ⁸⁷
1195 5544 1316 5607 πῶς
1347 5544 1400 5615 ῃζ
1436 5549 1529 5599 καὶ
1562 5545 1678 5608 πῶς
1713 5546 1819 5615 ἄρα
1849 5544 1910 5597 Ι).

180 5548 550 5617 κοινωνήσασα,
581 5545 635 5599 κ.
676 5545 960 5617 θάλασσαν
983 5545 1041 5617 (ζ.

2765 5329 2808 5361 ’δι
2852 5329 3096 5399 μεγάλως
3129 5329 3403 5399 omiserint

1848 5406 1893 5437 “
1920 5404 2163 5475 ἀκριϐῶς
2195 5403 2373 5470 recepi
2424 5418 2490 5456 ex
2521 5399 2611 5475 _O:
2681 5396 3069 5475 ξδάκολούθως
3087 5399 3153 5475 τῇ
3195 5396 3403 5475 γενέσει

1976 5466 2021 5505 ⁸³
2045 5466 2428 5552 κοινωνήσασα
2474 5468 3005 5552 αὐτῷἎθαλάρσῃιι).
3042 5466 3402 5552 κοίτης-αὐτῶ

1987 5544 2031 5576 ⁸⁸
2068 5536 2451 5614 γημάσασαφΟ.
2498 5570 2501 5575 -
2528 5543 2572 5573 ⁸⁸
2595 5536 2623 5595 ὁ
2647 5540 2710 5594 C.
2862 5536 3069 5614 κᾶὶξεαί
3184 5536 3190 5538 Ἴ
3236 5536 3401 5614 "3“,

178 5604 219 5670 ό
245 5633 287 5670 c.
326 5604 465 5686 Epit.
490 5618 554 5687 ,Αὸ
586 5618 646 5671 t2.
675 5615 810 5675 Tum
847 5616 1024 5685 recepi
1057 5616 1156 5687 τήν
1184 5632 1249 5671 ex
1278 5604 1359 5685 0,.
1402 5617 1494 5687 qui
1527 5632 1631 5671 scr.
1659 5604 1875 5669 μιάναι.
1957 5616 2001 5648 ⁵³
2030 5604 2091 5668 τέ
2126 5604 2246 5669 add.
2275 5632 2323 5669 c.
2356 5613 2419 5668 Ο.
2496 5614 2540 5646 ⁵³
2568 5608 2926 5680 ἠναγκάζετο,
2962 5610 3024 5665 Ο.
3102 5607 3148 5639 ⁵⁸
3177 5604 3386 5673 παιδευσ-

180 5684 456 5760 θησομὲνας
483 5684 547 5740 Ο.
