3860 6210
501 275 597 329 351

1375 282 1430 336 S.
1473 282 1858 339 CLEMENTIS
1892 288 1908 341 Ι
1951 287 2113 342 ΠΟΜ.
2157 289 2353 344 ΡΟΝΤ.
2391 291 2616 345 OPERA
2656 293 2880 350 DUBIA.

3657 301 3781 354 552

501 410 626 450 enm
665 396 925 462 retinuit;
958 395 1002 451 is
1032 398 1200 464 enim,
1232 399 1324 467 qui
1365 416 1624 470 responsa
1659 404 1712 456 in
1751 407 1959 459 somnis
1985 407 2072 459 de-

2185 405 2322 475 ἔχων
2357 408 2480 478 ἔσχε
2518 411 2645 480 παρ’
2682 411 2858 481 ἐαυτῷ
2874 412 2937 475 ⁸⁵,
2975 413 3048 476 ὼς
3093 412 3155 483 δὴ
3188 413 3280 466 τοῦ
3319 415 3780 484 χπματίσαντος

501 489 673 553 derat,
710 503 834 541 cum
875 505 940 542 eo
977 507 1196 546 manere
1237 493 1387 546 illum
1429 496 1768 563 permiserat.
1805 498 2071 551 Czeterum

501 579 672 632 multo
723 580 908 649 elapso
944 581 1185 651 tempore
1221 585 1289 639 ab
1336 601 1399 640 ea
1437 588 1645 643 litteras
1683 606 1788 643 non
1828 593 2070 661 accepit;

497 683 735 737 cumque
772 685 915 739 saepe
946 673 1189 728 Athenas
1229 676 1490 741 misisset,
1527 691 1808 748 assumpto
1843 697 1946 747 me,
1978 683 2071 751 qui

495 760 545 813 ei
599 760 844 814 omnium
899 778 1074 815 essem
1119 765 1608 834 conjunctissimus
1657 785 1720 823 ac
1755 771 2071 840 fidissimus,

495 849 561 902 ad
592 865 712 904 eam
746 855 1094 920 quaerendam
1133 857 1409 924 profectus
1435 869 1538 914 est.
1575 860 1772 918 Multos
1821 867 2072 934 equidem

493 955 618 994 cum
667 942 784 1010 ipso
835 944 887 995 in
937 946 1374 1015 peregrinatione
1424 949 1638 1007 labores
1669 955 1920 1010 alacriter
1950 958 2071 1022 tuli,

493 1046 702 1086 memor
739 1035 884 1103 quod
932 1037 985 1088 in
1043 1039 1224 1105 prisca
1265 1055 1361 1094 sua
1414 1041 1672 1100 felicitate
1713 1063 1798 1100 me
1826 1050 2069 1102 omnium

492 1123 775 1178 habuisset
805 1128 1040 1195 socium,
1088 1146 1152 1185 ac
1203 1149 1368 1203 supra
1395 1150 1582 1189 omnes
1613 1139 1818 1193 amicos
1849 1141 2071 1195 dilexis-

490 1223 591 1268 set.
644 1214 832 1286 Itaque
882 1219 1054 1275 Roma
1113 1224 1397 1292 Solvimus,
1441 1227 1627 1296 sicque
1673 1229 1726 1281 in
1767 1230 1866 1284 has
1901 1230 2070 1302 Syria

490 1315 670 1372 partes
699 1308 1020 1366 devenimus
1056 1323 1108 1367 ct
1139 1317 1448 1384 appulimus
1490 1320 1556 1372 ad
1612 1318 1935 1375 Seleuciam.
1975 1324 2071 1377 At-

486 1413 592 1465 que
625 1397 698 1452 ita
728 1414 758 1452 e
791 1402 914 1453 navi
958 1405 1196 1470 egressis
1239 1407 1418 1472 nobis,
1452 1409 1539 1462 ille
1570 1426 1676 1464 non
1721 1413 1919 1469 multos
1952 1425 2072 1484 post

486 1489 601 1541 dies
635 1505 745 1558 pra:
769 1492 938 1546 animi
965 1494 1151 1549 dolore
1175 1497 1328 1560 obiit,
1355 1514 1455 1570 ego
1483 1511 1662 1555 autem
1692 1503 1797 1558 huc
1828 1508 2068 1573 veniens,

485 1579 688 1633 victum
720 1583 788 1636 ab
824 1598 890 1636 eo
931 1593 1172 1655 tempore
1201 1589 1268 1642 ad
1319 1589 1464 1644 hunc
1503 1607 1674 1662 usque
1716 1595 1859 1650 diem
1894 1597 2071 1651 mani-

488 1669 590 1723 bus
628 1685 746 1724 com
754 1688 818 1741 pa
828 1690 910 1728 ro.

555 1849 686 1905 V‘lll.
733 1851 826 1907 llis
862 1872 891 1908 a
931 1871 1058 1910 sene
1086 1856 1244 1911 dictis
1277 1859 1513 1914 intellexi
1547 1878 1612 1916 ex
1643 1866 1892 1923 oratione
1920 1873 2061 1939 ejus,

485 1956 693 2007 senem,
725 1959 884 2012 quem
918 1947 1121 2001 obiisse
1159 1949 1395 2017 dixerat,
1423 1953 1570 2009 illum
1605 1955 1780 2024 ipsum
1816 1975 1938 2015 esse
1968 1978 2064 2031 pa-

485 2044 620 2088 trem
666 2048 932 2092 vestrum.
985 2037 1142 2094 Nolui
1201 2058 1330 2111 ergo
1361 2044 1429 2108 de
1479 2049 1676 2103 vestris
1721 2051 1884 2106 rebus
1935 2070 2060 2108 cum

482 2143 547 2180 eo
574 2143 880 2182 sermonem
913 2131 1183 2197 conferre,
1223 2135 1398 2190 donec
1433 2141 1922 2196 communicasscm
1968 2161 2062 2199 vo-

483 2217 718 2304 biscum.
763 2216 876 2274 Nisi
908 2223 1052 2291 quod
1087 2224 1178 2278 ubi
1226 2225 1523 2295 hospitium
1560 2229 1680 2298 ejus
1721 2232 2058 2304 didicissem,

481 2300 772 2378 meui'nque
818 2311 1168 2380 iudicassem,
1210 2317 1526 2384 explorandi
1573 2337 1763 2384 causa,
1795 2323 1898 2378 hoc
1946 2333 2062 2377 tan-

481 2410 593 2455 tum
629 2413 978 2471 percontatus
1027 2424 1170 2474 sum,
1203 2411 1347 2479 quod
1391 2422 1533 2467 esset
1567 2415 1681 2468 seni
1717 2418 1948 2470 nomen?
1973 2419 2060 2470 ille

478 2497 684 2553 autem,
716 2487 975 2559 Faustus,
1004 2494 1208 2564 inquit;
1238 2497 1364 2552 item
1405 2501 1549 2569 quod
1584 2519 1782 2557 nomen
1825 2507 2058 2574 geminis

477 2579 649 2635 ﬁliis?
685 2581 773 2635 ille
821 2599 950 2637 vero
987 2589 1287 2656 respondit,
1327 2589 1623 2648 Faustinus
1661 2605 1715 2649 et
1752 2595 2058 2651 Faustini-a-

475 2683 616 2736 nus;
665 2680 718 2725 ct
758 2674 1035 2741 quodnam
1081 2679 1241 2732 tertio
1295 2681 1443 2734 lilio?
1494 2683 1562 2737 At
1594 2685 1682 2739 ille
1727 2687 1885 2752 dixit,
1936 2689 2058 2743 Cle—

477 2777 659 2828 mens;
699 2764 932 2834 deniqne
964 2784 1074 2836 quo
1098 2771 1333 2834 inomiiie
1378 2785 1667 2828 vocaretur
1710 2794 1898 2833 eorum
1942 2798 2027 2835 ma

477 2852 594 2906 :er?
616 2863 668 2908 et
700 2856 773 2908 ait
799 2897 813 2921 ,
847 2856 1107 2914 Mattidia.
1142 2859 1254 2930 Ego
1294 2863 1457 2933 igitur
1483 2881 1546 2919 ex
1577 2868 1924 2924 miseratione
1947 2873 2056 2926 cols

479 2943 814 3015 lacrymans,
845 2949 1071 3004 dimissa
1101 2953 1278 3019 turba,
1313 2959 1432 3008 veni
1471 2957 1536 3010 ad
1572 2974 1686 3022 vos,
1726 2968 1784 3013 ut
1808 2972 1928 3029 post
1949 2964 2052 3018 cibi

479 3033 828 3092 communem
878 3044 1282 3111 perceptionem
1332 3047 1448 3101 haec
1484 3051 1765 3105 vobiscum
1805 3069 2054 3109 commu-

477 3127 740 3181 niearem.
768 3127 940 3183 Porro
963 3142 1088 3186 ante
1113 3135 1290 3188 cibum
1325 3148 1602 3207 sumptum
1633 3143 1781 3195 nolui
1807 3161 2050 3214 narrare,

479 3232 546 3271 ne
580 3217 720 3274 forte
764 3221 892 3275 victi
925 3223 1114 3277 dolore
1145 3225 1398 3296 baptismi
1435 3231 1578 3284 diem
1615 3232 1666 3285 in
1709 3234 1856 3288 luctu
1889 3237 2053 3293 duce-

474 3310 626 3374 relis,
671 3313 891 3379 quando
933 3315 1097 3368 etiam
1134 3317 1310 3386 angeli
1352 3319 1652 3376 eﬂ‘eruntur
1681 3323 1886 3379 lmtitia.
1928 3327 2053 3384 Haec

472 3399 667 3456 Petrus
699 3419 822 3458 cum
861 3405 1087 3473 diceret,
1131 3423 1324 3464 onmes
1359 3427 1464 3466 una
1497 3430 1619 3468 cum
1662 3431 1832 3472 matre
1874 3421 2049 3493 laery-

475 3493 580 3546 mis
613 3509 712 3547 nos
741 3494 1068 3552 dedidimus.
1117 3497 1265 3564 Quos
1310 3501 1397 3556 ille
1440 3503 1802 3576 lacrymautes
1836 3511 2048 3578 videns,

475 3586 551 3638 ait
586 3603 599 3638 :
631 3577 788 3640 Nunc
823 3591 1200 3660 unusquisque
1235 3603 1497 3661 vestrum,
1549 3613 1646 3666 pro
1693 3600 1887 3656 timore
1916 3619 2045 3673 erga

474 3675 668 3743 Deum,
716 3677 927 3733 fortiter
977 3699 1099 3750 quae
1137 3697 1434 3740 memorata
1483 3698 1608 3743 sunt
1659 3690 1813 3746 ferat.
1860 3693 2049 3766 Neque

472 3767 616 3819 enim
646 3767 803 3821 hodie
831 3771 985 3826 vobis
1013 3772 1216 3828 interiit
1245 3786 1416 3844 pater,
1444 3782 1537 3833 sed
1573 3781 1685 3850 jam
1723 3785 1875 3852 olim,
1907 3787 2048 3843 sicut

476 3873 575 3912 vos
600 3859 909 3928 conjectura
943 3875 1085 3918 recte
1113 3864 1254 3928 facta
1277 3868 1514 3924 dixistis.

539 3949 628 4003 lx.
673 3950 779 4006 lsta
825 3953 983 4008 Petro
1029 3956 1283 4026 loquente
1325 3969 1498 4014 mater
1537 3961 1674 4018 ferre
1723 3981 1829 4021 non
1861 3970 2046 4026 valens

469 4040 727 4094 clamavit
753 4050 805 4096 et
831 4043 969 4097 dixit
1003 4063 1015 4101 :
1050 4044 1142 4099 l'lei
1179 4047 1334 4112 mihi,
1369 4064 1402 4102 ο
1435 4051 1548 4118 vir;
1583 4061 1636 4105 tu
1672 4070 1772 4110 nos
1813 4059 2044 4129 diligens

470 4129 609 4182 mori
642 4132 1010 4199 voluisti;nos
1050 4151 1179 4189 vero
1227 4138 1482 4200 vivimus.
1527 4150 1581 4195 et
1623 4143 1798 4198 lucem
1847 4151 2045 4217 aspici—

471 4236 617 4284 mus,
643 4230 696 4275 et
727 4223 904 4278 adhuc
933 4226 1180 4295 capimus
1203 4228 1404 4282 cibum.
1441 4228 1691 4288 Nondum
1727 4247 1909 4292 autem
1939 4241 2043 4294 hoc

469 4327 580 4364 uno
606 4311 809 4382 ejulatu
841 4315 1016 4382 linito,
1045 4333 1172 4372 ecce
1202 4334 1368 4374 senex
1410 4321 1734 4393 ingreditur,
1786 4338 1840 4382 et
1877 4332 2042 4387 simul

2178 498 2296 550 κατ’
2331 498 2461 568 ὄναρ
2510 504 2744 553 συνεῖναι
2783 503 2944 555 αὑτὸν
2977 503 3123 573 αὐτῴ
3158 505 3568 575 ἐπιτρέψαντος.
3619 508 3783 559 Πολ-

2175 588 2268 640 λοῦ
2302 588 2357 641 δὲ
2391 591 2584 662 χρόνου
2631 591 2924 655 διελθόντος
2969 595 3066 646 οὐκ
3099 594 3256 647 ἔλαϐε
3287 597 3594 667 γράμματα
3629 603 3780 670 παρ’

2174 679 2358 749 αὐτῆς.
2397 682 2570 745 Αὐτὸς
2601 682 2856 746 πολλάκις
2878 685 3096 754 πέμψας
3115 688 3193 748 εἰς
3227 687 3471 758 Ἀθήνας,
3508 689 3612 759 ἐμὲ
3649 709 3770 743 τεα-

2177 769 2422 839 ραλαϐὼν
2457 772 2532 834 ὡς
2582 773 2798 827 πάντων
2848 775 2995 846 αὐτῷ
3045 775 3408 848 γνησιιξεερον
3459 779 3614 843 ὄντα,
3669 782 3780 833 ἐπὶ

2172 859 2271 929 τὴν
2301 859 2522 932 ζήτησιν
2554 864 2779 933 αὑτῆς⁵⁶
2821 866 3108 936 ἐπορεύθη.
3135 868 3311 920 Πολλά
3348 869 3444 939 μὲν
3475 865 3572 923 οὖν
3605 873 3780 943 αὐτῷ

2173 953 2267 1003 καὶ
2297 952 2436 1005 κατὰ
2469 953 2568 1024 τὴν
2611 955 2918 1026 ἀποδημίαν
2954 958 3288 1028 συνέκαμνον
3322 959 3366 991 ⁸⁷
3415 961 3738 1032 προθύμως
3759 1004 3776 1025 ,

2176 1043 2520 1111 μεμνημένος
2541 1045 2620 1097 ὅτι
2636 1045 2737 1115 τῆς
2765 1046 2932 1098 πάλαι
2951 1047 3115 1100 αὑτοῦ
3132 1049 3473 1120 εὐδαιμονίας
3495 1054 3777 1105 κοινωνόν

2175 1149 2242 1201 με
2277 1134 2490 1188 πάντων
2524 1131 2688 1206 εἶχεν,
2723 1137 2861 1209 ὑπὲρ
2884 1138 3091 1202 πάντας
3108 1139 3270 1192 αὐτοῦ
3305 1159 3384 1214 με¹
3404 1143 3530 1206 τοὺς
3564 1143 3777 1212 φίλους

2171 1225 2398 1290 ἀγαπῶν
2415 1226 2479 1278 ⁵⁸.
2519 1228 2629 1280 Καὶ
2655 1228 2716 1297 δὴ
2745 1212 3163 1300 ἶπεπλεύσαμεν
3191 1233 3357 1300 αὐτῆς
3381 1212 3628 1304 Ῥώμης,
3661 1237 3777 1288 καὶ

2171 1312 2344 1377 οὕτως
2367 1317 2446 1378 εἰς
2466 1316 2534 1368 τὰ
2567 1317 2797 1371 ἐνταῦθα
2828 1319 2928 1388 τῆς
2957 1320 3154 1390 Συρίας
3187 1322 3479 1391 ἐγενόμεθα
3513 1326 3663 1395 μέρη
3691 1325 3774 1386 ⁸⁹,

2172 1403 2265 1454 καὶ
2297 1405 2378 1465 εἰς
2409 1405 2725 1460 Σελεύκειαν
2751 1409 3128 1480 παρεϐάλομεν
3146 1412 3212 1475 ⁶⁰,
3237 1411 3329 1464 καὶ¹
3359 1412 3529 1476 οὕτως
3553 1415 3779 1467 ἐκϐάν-

2169 1510 2276 1546 των
2310 1495 2464 1565 ἡμῶν
2494 1497 2588 1549 τοῦ
2625 1499 2808 1553 πλοίου
2848 1501 2961 1570 μετ’
2989 1503 3049 1555 οὐ
3076 1501 3272 1566 πολλὰς
3300 1503 3508 1574 ἡμέρας
3541 1506 3778 1570 ἐκεῖνος

2174 1586 2272 1656 μὲν
2289 1587 2330 1617 ⁸³
2360 1587 2581 1658 ἀθυμῶν
2616 1591 2980 1661 ἐτελεύτησεν.
3023 1592 3163 1660 Ἐγὼ
3195 1594 3250 1646 δὲ
3285 1595 3512 1648 ἐνταῦθα
3543 1597 3734 1649 ἐλθὼν
3754 1637 3773 1661 ,

2170 1675 2270 1739 τὰς
2298 1676 2386 1730 διά
2416 1678 2523 1732 τῶν
2555 1681 2752 1752 χειρῶν
2783 1682 2986 1754 τροφὰς
3005 1682 3190 1736 ἔκτοτε
3223 1685 3315 1736 καί
3342 1686 3420 1748 εἰς
3455 1685 3618 1755 δεῦρο
3655 1705 3776 1739 πο-

2095 1766 2138 1821 Β
2173 1765 2468 1837 ρίζομαιη.

2236 1878 2374 1936 νιιι.
2409 1883 2590 1936 Ταῦτα
2623 1884 2715 1938 τοῦ
2748 1885 2998 1956 γέροντος
3031 1887 3296 1950 εἰπόντος,
3326 1887 3536 1940 σύνοιδα
3552 1888 3620 1953 ⁸³,
3641 1891 3766 1953 ὅτι,

2162 1969 2220 2022 ὃν
2245 1970 2426 2040 ἔλεγεν
2459 1975 2686 2045 γέροντα
2707 1976 3032 2041 τεθνάναι⁶⁸,
3077 1971 3228 2040 οὗτος
3262 1979 3422 2041 αὐτὸς
3453 1974 3541 2048 ἦν,
3581 1979 3643 2043 ἐξ
3676 1974 3764 2033 ὧν

2162 2059 2366 2129 ἔλεγεν,
2394 2065 2422 2117 ό
2455 2067 2636 2137 πατὴρ
2656 2068 2683 2119 ό
2719 2067 2999 2140 ὑμέτερος.
3029 2068 3142 2121 Οὐκ
3175 2068 3468 2141 ἐϐουλήθην
3495 2066 3648 2130 οὗν⁶⁵
3689 2073 3764 2126 τὸ

2163 2153 2280 2206 καθ’
2312 2156 2454 2225 ὑμᾶς
2487 2157 2632 2228 αὑτῷ
2660 2158 3077 2222 συναντιϐαλεῖν,
3109 2161 3301 2230 μέχρις
3321 2161 3385 2214 ἂν
3409 2163 3534 2232 ὑμῖν
3571 2181 3757 2234 πωσ-

2161 2245 2461 2315 ανὰθωμαι.
2677 2249 2821 2327 Πλὴν
2847 2248 2913 2302 τὰ
2940 2251 3077 2304 κατά
3107 2252 3204 2323 τὴν
3245 2251 3417 2316 ξενίαν
3447 2253 3612 2306 αὐτοῦ
3647 2245 3760 2307 κά-

2159 2335 2416 2404 ταμαθὼν
2449 2338 2542 2390 καὶ
2563 2339 2661 2408 τὴν
2681 2339 2705 2390 ἐ
2714 2339 2890 2410 μὴν¹δὲ
2907 2341 2952 2371 ⁸⁸
2976 2341 3236 2412 μηνύσας,
3257 2342 3538 2414 ἀκριϐείας
3557 2344 3755 2408 ἕνεκα,

2158 2428 2315 2480 τοῦτο
2351 2429 2510 2499 μόνον
2550 2431 2862 2503 ἐπυθόμην,
2904 2433 2955 2485 τί
2987 2434 3155 2505 ὄνομα
3177 2434 3254 2505 τῷ
3298 2436 3544 2507 γέροντι;
3688 2438 3755 2490 δὲ

2161 2515 2285 2587 ἔφη,
2323 2518 2580 2583 Φαῦστος.
2609 2520 2672 2572 Τί
2704 2520 2759 2573 δὲ
2792 2524 2904 2584 τοῖς
2944 2521 3182 2592 διδύμοις
3213 2525 3381 2587 υίοῖς;
3428 2524 3484 2576 '0
3512 2523 3568 2575 δὲ
3602 2525 3716 2591 ἀπε
3739 2557 3755 2566 -

2159 2612 2398 2682 κρίνατο,
2421 2614 2712 2677 Φαυστῖνος
2745 2615 2838 2667 καὶ
2858 2616 3253 2679 Φαυστινιανός.
3289 2617 3350 2669 Τί
3377 2617 3432 2669 δὲ
3466 2617 3542 2687 τῷ
3568 2617 3750 2688 τρίτῳ

2159 2702 2292 2772 υἱῷς
2342 2703 2398 2756 '0
2439 2703 2495 2756 δὲ
2548 2699 2721 2769 εἶπεν,
2758 2706 3004 2777 Κλήμης.
3041 2706 3103 2758 Τί
3145 2706 3201 2758 δὲ
3234 2709 3298 2777 τῇ
3331 2707 3532 2760 τούτων
3570 2710 3749 2782 μητρὶ

2156 2793 2360 2864 δνομα;
2411 2795 2466 2848 Ὀ
2514 2794 2572 2848 δὲ
2621 2795 2756 2867 ἔφη,
2809 2796 3078 2851 Ματτιδία
3096 2796 3159 2848 ⁵⁷.
3209 2796 3342 2848 Ὑπὸ
3393 2799 3743 2867 συμπαθείας

2156 2882 2248 2938 οὖν
2269 2885 2380 2955 ἐγὼ
2409 2887 2708 2958 σύνδακρυς
2737 2887 3042 2958 γενόμενος,
3087 2888 3358 2952 ἀπολύσας
3389 2892 3513 2952 τοὺς
3544 2890 3746 2959 ὀχλους

2155 2973 2316 3048 ἦλθον
2345 2978 2480 3049 πρὸς
2513 2979 2541 3030 ὑ
2551 2979 2676 3048 μᾶς,
2701 2979 2784 3030 ἵνα
2823 2978 2959 3048 μετὰ
2985 2981 3082 3048 τὴν
3106 2980 3247 3033 ἀλῶν
3273 2981 3550 3034 κοινωνίαν
3564 2980 3745 3036 ταῦτα

2081 3100 2122 3158 C
2159 3069 2583 3139 προσανάθωμαι
2603 3069 2749 3138 ὑμῖν.
2789 3069 2901 3139 Πρὸ
2932 3069 2988 3122 δὲ
3020 3069 3113 3122 τοῦ
3147 3070 3289 3125 ἀλῶν
3316 3071 3635 3141 μεταλαϐεῖν
3668 3073 3746 3123 εί-

2158 3162 2278 3212 πεῖν
2317 3161 2440 3229 ὑμῖν
2473 3161 2572 3212 οὐκ
2615 3159 2931 3231 ἐϐουλήθην,
2973 3163 3044 3233 μή
3082 3180 3196 3225 πως
3233 3163 3336 3214 ὑπὸ
3368 3161 3543 3232 λύπης
3581 3179 3746 3232 νικη-

2157 3250 2337 3314 θέντες
2362 3253 2417 3303 ἐν
2447 3253 2511 3322 τῇ
2545 3251 2639 3304 τοῦ
2669 3251 3038 3323 βαπτίσματος
3070 3253 3249 3324 ἡμέρᾳ
3266 3253 3586 3316 πενθοῦντες
3619 3253 3746 3306 δια-

2154 3343 2430 3414 τελέσητε,
2473 3343 2634 3396 ὁπότε
2682 3344 2774 3396 καὶ
2814 3344 3032 3413 ἄγγελοι
3077 3345 3374 3416 χαίρουσιν.
3423 3345 3609 3397 Ταῦτα
3640 3345 3745 3397 τοῦ

2155 3436 2362 3506 Πέτρου
2383 3434 2648 3503 λέγοντος,
2671 3435 3003 3508 ἐδακρύομεν
3020 3437 3068 3491 οἱ
3090 3438 3288 3498 πάντες
3322 3436 3462 3507 μετά
3488 3437 3587 3507 τῆς
3625 3454 3742 3506 μη-

2155 3526 2301 3596 τρός.
2351 3526 2406 3579 Ὀ
2438 3525 2493 3578 δὲ
2523 3525 2854 3597 δακρύοντας
2889 3525 3010 3578 ἰδὼν
3043 3528 3188 3596 ἡμᾶς
3205 3527 3250 3557 ⁸⁸
3277 3526 3402 3597 ἔφη·
3441 3526 3554 3578 Ῑκῖὖν
3601 3526 3747 3578 ἕκα-

2155 3634 2282 3680 στος
2314 3616 2466 3687 ὑμῶν
2499 3616 2650 3687 φόϐῳ
2680 3617 2757 3687 τῷ
2788 3616 2923 3688 πρὸς
2952 3616 3043 3669 τὸν
3074 3617 3204 3670 Θεὸν
3231 3617 3490 3685 γενναίως
3522 3618 3749 3688 φερέτω

2151 3708 2220 3760 τὰ
2247 3707 2520 3778 λεχθέντα.
2557 3708 2630 3761 Οὐ
2660 3707 2767 3779 γὰρ
2793 3707 2857 3778 δὴ
2896 3708 3132 3779 σήμερον
3165 3707 3292 3778 ὑμῖν
3325 3707 3676 3778 ἐτελεύτησεν
3715 3714 3749 3762 ὁ

2154 3801 2352 3872 πατὴρ,
2401 3799 2537 3854 ἀλλὰ
2571 3801 2662 3854 καὶ
2693 3799 2924 3852 ἔκπαλαι
2937 3801 3001 3865 θ’,
3038 3799 3114 3863 ὡς
3149 3800 3304 3869 ὑμεῖς
3347 3798 3746 3870 στοχαζόμενοι

2153 3895 2437 3964 εἰρήκατε.

2221 3984 2312 4036 ΙΧ.
2349 3983 2392 4034 Τ
2395 3981 2530 4036 αὕτα
2567 3979 2660 4034 τοῦ
2693 3980 2900 4052 Πέτρου
2934 3979 3210 4042 εἰπόντος,
3242 3981 3275 4050 ἡ
3311 3979 3492 4050 μήτηρ
3522 3981 3597 4050 μὴ
3635 3979 3744 4048 φές-

2155 4091 2320 4147 ρουσα
2361 4072 2538 4144 βοῶσα
2570 4071 2696 4142 ἔφη·
2729 4071 2946 4141 Οῖμοιτο
2975 4070 3126 4141 ἄνερ,
3161 4072 3312 4140 ἡμᾶς
3343 4070 3572 4140 ἀγαπῶν
3615 4072 3744 4143 κρί⁴

2151 4183 2233 4218 σει
2271 4165 2368 4234 μὲν
2390 4164 2548 4226 αὐτὸς
2571 4162 2947 4231 ἐτελεύτησας,
2971 4163 3129 4233 ἡμεῖς
3148 4162 3203 4213 δέ
3221 4161 3421 4226 ζῶντες
3453 4161 3567 4231 φῶς
3588 4163 3739 4234 ὁρῶ-

2152 4273 2268 4326 μεν,
2326 4255 2418 4307 καὶ
2465 4254 2670 4324 τροφῆς
2706 4253 2888 4322 ἀρτι⁷¹
2926 4250 3428 4322 μεταλαμϐάνομεν.
3470 4254 3641 4306 Οὔπω
3672 4253 3739 4306 δὲ

2147 4347 2246 4415 τῆς
2281 4346 2408 4415 μιᾶς
2432 4342 2632 4411 ταύτης
2655 4339 2917 4408 ὀλολυγῆς
2951 4339 3326 4408 παυσαμένης,
3365 4337 3474 4390 ἰδοὺ
3509 4338 3604 4391 καὶ
3621 4339 3668 4370 ⁷⁸
3705 4342 3738 4392 ὁ

467 4415 630 4475 atque
669 4408 928 4464 clamoris
966 4427 1188 4466 causam
1224 4414 1492 4471 sciscitari
1525 4420 1702 4484 vellet,
1743 4425 2039 4492 respiciens
2070 4436 2072 4489 ἶ

2159 4408 2321 4506 γέρῶν
2348 4434 2540 4504 εἰσῄει,
2577 4408 2669 4486 καὶ
2695 4432 2810 4501 ἅμα
2842 4429 2918 4500 τῷ
2943 4428 3223 4499 βούλεσθαι
3248 4429 3408 4482 αὐτὸν
3436 4430 3534 4499 τῆς
3567 4447 3741 4500 κραυ-

469 4499 535 4552 ad
567 4515 792 4554 uxorem
827 4521 839 4556 :
881 4502 1000 4569 Hei,
1036 4506 1234 4575 inquit,
1281 4510 1540 4578 quidnam
1584 4513 1686 4567 hoc
1711 4517 1828 4569 est?
1863 4519 2034 4582 Quam

466 4591 655 4646 video?
687 4592 968 4650 Accedens
1009 4613 1139 4650 vero
1197 4608 1252 4655 et
1303 4601 1616 4671 diligentius
1656 4607 1926 4674 aspiciens
1972 4627 2037 4666 ac

464 4683 616 4738 visus
649 4687 968 4755 complexus
1011 4698 1114 4743 est.
1145 4690 1321 4746 Ambo
1364 4704 1544 4748 autem
1575 4712 1682 4764 prae
1709 4701 1905 4765 gaudio
1947 4718 2035 4757 re-

467 4776 690 4842 pentino
719 4777 1038 4834 defecerunt
1080 4783 1388 4838 exclamare
1443 4786 1566 4852 nisi,
1613 4797 1663 4842 et
1709 4790 1844 4845 alter
1881 4795 2036 4850 alteri

468 4866 616 4936 loqui
649 4871 930 4938 cupientes
958 4888 1147 4927 vocem
1177 4891 1285 4930 non
1323 4887 1617 4945 potuerunt
1643 4883 1911 4945 emittere,
1936 4901 2036 4941 nec

467 4961 747 5016 continere
793 4963 1119 5035 inexpletam
1163 4969 1426 5024 hetitiam.
1470 4969 1673 5026 Verum
1710 4989 1819 5029 non
1863 4979 2036 5032 multo

2144 4526 2247 4595 γῆς
2277 4523 2374 4594 τὴν
2409 4522 2585 4576 αἰτίαν
2618 4519 2980 4574 πυνθάνεσθαι
3023 4521 3102 4581 εἰς
3137 4520 3235 4590 τὴν
3270 4521 3501 4588 γυναῖκα
3528 4520 3735 4590 ἐμϐλέ-

2139 4616 2246 4685 ψας
2261 4615 2422 4685 305l
2442 4614 2562 4683 ἔφη·
2588 4613 2743 4684 Οἴμοι
2759 4611 2804 4643 ⁷⁸
2827 4611 2879 4664 τί
2906 4611 3046 4663 θέλει
3069 4609 3224 4663 τοῦτο
3247 4607 3382 4663 εἶναι
3401 4628 3415 4675 ;
3437 4611 3557 4664 τίνα
3576 4612 3731 4682 ὁρῶς

2141 4707 2451 4780 προσελθὼν
2487 4706 2544 4758 δὲ
2585 4706 2678 4758 καὶ
2720 4702 3104 4775 ἀκριϐέστερον
3151 4701 3337 4754 ἐνιδὼν
3376 4704 3470 4755 καὶ
3507 4702 3731 4773 ὁραθεὶς

2142 4797 2552 4868 περιεπλέκετο.
2588 4797 2650 4848 Οἱ
2687 4795 2743 4846 δὲ
2786 4794 2891 4846 ὑπὸ
2929 4795 3102 4864 χαρᾶς
3142 4791 3405 4860 αἰφνιδίου
3433 4790 3732 4859 διεφώνουν

2147 4891 2462 4962 ἀμφότεροι.
2507 4889 2616 4942 Καὶ
2645 4887 2832 4941 ’λαλεῖν
2858 4885 3105 4956 ἀλλήλοις
3145 4883 3472 4954 βουλόμενοι,
3513 4884 3730 4955 ἀφασίᾳ

2148 4981 2499 5052 συσχεθέντες
2533 4982 2596 5034 ἐκ
2617 4981 2663 5012 ⁷⁵
2688 4979 2788 5049 τῆς
2815 4977 3090 5048 ἀπλήστου
3125 4977 3298 5047 χαρᾶς
3337 4976 3436 5028 οὐκ
3473 4975 3730 5030 ἐδύναντο

1769 5112 2003 5169 VARle
2039 5114 2437 5176 LECTIONES.

544 5213 757 5310 ’δὲσέᾗν
773 5218 1083 5310 “ﬁghter
1109 5218 1344 5310 C.FT.um
1361 5223 1426 5310 δέ
1445 5240 1497 5294 p.
1516 5226 1585 5307 δή
1620 5227 1712 5310 (31ἑ
1735 5227 1979 5310 EtrratHS
2001 5231 2066 5310 de
2092 5231 2153 5310 C,
2179 5233 2359 5310 quiet
2372 5231 2498 5310 ipse
2693 5229 2738 5261 ⁵⁸
2767 5231 2937 5301 αὐτῆς
2971 5233 3243 5310 assumpsi
3272 5229 3435 5310 οἷο.
3515 5233 3569 5310 ’ζ
3596 5251 3723 5310 συν-

497 5301 672 5355 καμον
699 5286 759 5339 C.

837 5288 880 5317 ³⁸
898 5288 1124 5356 ἀγαπῶν
1157 5290 1321 5360 Ερὶι..
1351 5288 1651 5362 ἀγαπῶντα
1673 5298 1732 5364 C,
1761 5297 1825 5352 0.
1897 5301 1941 5332 ”
1974 5301 2112 5373 μέρη
2139 5288 2435 5371 έγένόμεθᾶ
2460 5301 2520 5361 C,
2552 5288 2870 5368 insequente
2894 5288 2983 5354 καί
3011 5288 3240 5383 ρῐηξεξο.
3273 5302 3370 5383 ﬂ“-
3386 5303 3727 5383 παραϐαλόν-

838 5361 985 5383 ...-ρ
1053 5360 1435 5383 μεμε...
1611 5368 1620 5383 .
1777 5367 1816 5383 Α
2481 5370 2493 5383 .
2575 5371 2585 5381 .
2675 5369 2755 5383 μ.
2897 5381 2903 5383 _

466 5373 559 5434 τες
593 5358 936 5453 xsuspicatnll;
954 5361 1011 5412 ὃ.
1053 5360 1096 5390 ⁶¹
1141 5358 1289 5453 θάύᾶ
1319 5358 1524 5453 ἐκεῖνος
1558 5368 1654 5453 μέν
1678 5358 1818 5453 ei‘t‘O
1849 5358 2122 5453 ,λιιιὸςύιῇ
2147 5358 2310 5453 omisi
2349 5370 2536 5453 ἑαυτὸν
2564 5358 2792 5453 agroset};
2818 5381 2943 5453 ante
2967 5372 3065 5435 τὰς
3087 5373 3211 5453 ῥιάο,
3273 5372 3318 5452 6f
3346 5372 3723 5453 ἐκτετελιέχρξ

466 5425 572 5502 τοῦ,
592 5425 748 5497 δεῦρο
775 5429 981 5502 πορίζω
999 5432 1309 5502 ντροφάςῌϐ.
1389 5436 1433 5467 ⁸³
1463 5425 1687 5490 σύνίδών
1717 5439 1780 5492 0.

469 5496 739 5570 igitétspo;
766 5496 949 5570 πατήρ
983 5496 1060 5553 (ἐξ
1119 5496 1163 5533 δ’
1190 5498 1281 5556 οὖν
1315 5520 1427 5558 om.
1451 5505 1516 5560 Ο.

468 5564 535 5645 ρ.
638 5564 796 5645 _"°lta
854 5564 1020 5645 Ερἱιζ
1055 5571 1229 5645 et
1270 5574 1458 5645 οἴμμοι
1511 5577 1571 5631 C.
1617 5577 1754 5633 Tum

474 5704 736 5762 ἐδύναντο.

1860 5437 1918 5472 ⁸⁸⁷
1945 5441 2196 5512 τεθνάναι
2229 5443 2474 5512 γέροντα
2491 5441 2557 5512 (ζ.
2586 5440 2832 5512 quuens
2863 5437 3015 5504 οὗτος
3037 5442 3300 5512 adscripsi
3333 5458 3382 5496 c.
3430 5442 3493 5496 0.

1592 5509 1638 5539 ⁸⁸
1668 5509 1723 5561 δέ
1770 5510 1978 5565 inserui
2029 5529 2076 5566 e.
2104 5511 2168 5566 0.

522 5604 535 5616 .
635 5579 692 5666 ἰν
721 5579 796 5622 Ita
854 5579 1028 5666 μςριιἓὶ
1055 5579 1229 5666 ατε)...
1270 5579 1458 5666 οξμμοι
1511 5579 1597 5666 ϐλ
1617 5579 1754 5666 Tum
1799 5581 2087 5666 pévna'btég
2137 5583 2368 5666 acccsﬂsit
2404 5599 2468 5636 ex
2499 5579 2563 5635 0.
2597 5651 2609 5666 υ
2639 5581 2694 5666 ’ξι
2724 5581 2847 5666 ἄρτι
2879 5579 3173 5666 add.“

468 5636 530 5724 :1
546 5637 650 5717 ⁹καί
691 5641 868 5712 recepi
884 5636 950 5695 cx
983 5638 1046 5696 0.
1124 5643 1169 5676 ⁷⁸
1199 5643 1276 5700 Ita
1308 5636 1448 5717 Epit.
1472 5657 1524 5703 ct
1553 5646 1598 5705 0
1629 5692 1642 5716 ,
1680 5636 1865 5722 οῖ’μάοι
1900 5652 1961 5708 C.
2039 5636 2084 5688 τί
2118 5636 2488 5723 σνυσνεθέντες,
2519 5651 2609 5706 καί
2636 5651 2698 5706 C.
2754 5636 2891 5707 Tum
2921 5650 3056 5708 i110.
3089 5636 3364 5721 ἐδύσαντο,
3391 5653 3458 5708 ad
3480 5636 3633 5708 οι*δῶ
3662 5666 3717 5724 p.

3586 5447 3671 5496 ein
3694 5447 3724 5496 ὁ

2261 5508 2310 5545 "5
2328 5511 2596 5596 Ματθιδία
2731 5581 2754 5596 ν
2791 5511 2836 5542 ⁸⁸
2869 5515 3016 5596 ήμᾷς
3060 5511 3180 5596 ίδςον
3214 5508 3274 5567 C.
3314 5582 3326 5593 '
3373 5513 3418 5544 °"
3446 5515 3510 5565 ἐγ
3557 5512 3723 5596 πάλας.

2791 5511 2836 5542 ⁸⁸
2869 5515 3016 5582 ἡμᾶς
3060 5511 3180 5582 ίδῲν
3214 5514 3274 5567 C.

2649 5581 2694 5652 ζί
2724 5581 2847 5652 ἄρτι
2879 5581 3082 5652 adduc.
3111 5581 3198 5652 Oi,
3235 5582 3328 5652 qni
3357 5597 3467 5636 om.
3510 5599 3626 5652 seq.
3663 5583 3722 5636 δέ
