3860 6210
462 312 572 369 555

1331 312 1385 365 S.
1428 308 1815 365 CLEMENTIS
1851 310 1866 363 I
1902 310 2069 365 ROM.
2108 310 2306 367 PONT.
2338 309 2565 365 OPERA
2600 308 2826 366 DUBIA.

3644 313 3763 365 536

465 430 790 487 thematicas
820 426 1139 498 disciplinas
1160 428 1376 497 penitus
1416 427 1564 491 novi,
1589 428 1849 483 dominus
1876 438 2056 482 autem

2173 426 2391 498 Ἐπειδὴ
2426 427 2488 479 τὸ
2518 427 2744 497 μάθημα
2776 426 3020 499 άκριϐῶς
3051 427 3369 497 ἐπίσταμαι,
3404 428 3433 480 6
3464 426 3525 480 δὲ
3564 427 3769 500 κύριος

464 535 516 579 et
542 532 696 594 pater
732 537 841 576 non
874 521 1026 585 item,
1055 522 1098 574 si
1131 522 1245 590 ipse
1276 520 1568 574 Annubion
1598 521 1834 585 adesset,
1868 537 2053 576 coram

465 630 616 689 patre
628 618 1053 687 disputationem
1068 616 1346 670 haberem.
1363 613 1437 669 lta
1454 614 1655 684 quippe
1671 630 1755 669 res
1771 616 1945 685 palam
1962 631 2055 669 ve-

404 734 409 741 ο
465 712 582 767 nire
608 712 953 781 posset,dum
984 710 1119 763 artis
1139 710 1345 778 peritus
1369 710 1632 762 adversus
1649 708 1893 776 ejusdem
1918 710 2053 763 artis

464 803 741 856 hominem
762 804 1117 871 qumstionem
1151 802 1396 870 agitaret.
1417 798 1718 867 Respondit
1735 809 1919 868 pater:
1948 797 2051 854 Ubi

462 910 593 965 ergo
614 896 791 963 potest
808 908 933 946 cum
958 891 1286 944 Annubione
1301 905 1629 958 congressus
1646 899 1700 943 et
1717 892 2048 961 colloquium

464 986 692 1040 haberi?
717 984 782 1038 Et
817 984 1010 1037 Petrus
1053 983 1129 1036 ait
1158 1001 1170 1036 :
1211 982 1515 1037 Antiochia:
1547 1001 1560 1037 :
1595 984 1666 1037 ibi
1710 983 1857 1037 enim
1888 983 2050 1037 audio

460 1094 582 1133 esse
612 1076 891 1131 Simonem
944 1074 1182 1144 Magum,
1216 1090 1377 1143 quem
1423 1074 1713 1127 Annubion
1745 1084 2048 1131 assectatus

463 1186 568 1223 non
597 1169 818 1223 deserit.
848 1167 1078 1233 Quando
1096 1181 1227 1234 ergo
1258 1165 1370 1219 illic
1400 1164 1689 1229 fuerimus,
1723 1167 1767 1219 si
1792 1182 1886 1220 eos
1910 1182 2048 1219 nan-

460 1261 756 1324 ciscamur,
790 1258 1113 1327 disceptatio
1154 1256 1269 1310 fieri
1302 1257 1519 1324 poterit.
1560 1254 1623 1308 Et
1665 1265 1955 1325 postquam
1980 1258 2047 1312 de

460 1354 650 1407 multis
688 1351 1078 1416 disseruimus,
1108 1352 1330 1419 prepter
1370 1350 1800 1420 recognitionem
1855 1351 1960 1405 laeti
1992 1360 2047 1405 et

458 1446 571 1500 Deo
599 1447 803 1516 gratias
849 1444 1096 1516 "agentes,
1131 1455 1290 1499 nocte
1334 1445 1751 1515 superveniente
1796 1444 1864 1500 ad
1898 1460 2046 1501 som-

456 1555 586 1617 num
614 1554 713 1594 nos
736 1539 1093 1593 contulimus.

1213 1712 1283 1741 ι..

1033 1824 1317 1892 HOMILIA
1357 1836 1474 1893 XV.

524 1951 565 2007 l;
606 1951 810 2005 Exurto
846 1960 1026 2006 autem
1070 1968 1247 2015 mane,
1280 1962 1436 2023 pater
1485 1967 1608 2007 cum
1639 1961 1813 2008 matre
1858 1961 2041 2007 nostra

454 2045 733 2115 tribusque
794 2044 917 2099 ﬁliis
975 2046 1248 2115 ingressus
1302 2048 1353 2101 in
1417 2046 1595 2101 locum
1649 2046 1736 2100 ubi
1762 2054 1879 2100 erat
1934 2046 2039 2101 Pe-

452 2143 591 2198 trus,
640 2148 762 2188 cum
816 2137 1123 2198 salutasset,
1185 2138 1358 2200 sedit,
1414 2137 1610 2191 deinde
1662 2151 1759 2191 nos
1799 2152 2037 2206 quoque,

452 2225 543 2279 illo
572 2226 812 2293 iubente.
846 2226 925 2282 Ac
973 2226 1169 2283 Petrus
1218 2238 1423 2298 patrem
1468 2228 1699 2283 intuitus
1748 2229 1860 2283 ait:
1902 2228 2037 2284 Per-

448 2318 611 2386 cupio
668 2327 720 2372 te
783 2318 926 2373 idem
985 2320 1190 2375 sentire
1238 2321 1383 2389 quod
1432 2336 1574 2375 uxor
1602 2336 1665 2374 ac
1696 2319 1874 2386 liberi,
1900 2330 1959 2375 ut
1985 2330 2039 2376 et

450 2412 539 2465 hic
574 2426 699 2466 cum
732 2412 813 2466 eis
859 2412 1143 2477 convivas,
1184 2421 1240 2467 et
1274 2412 1405 2477 illic,
1451 2422 1575 2481 post
1610 2413 1808 2467 anima:
1840 2428 1871 2467 a
1909 2428 2035 2467 cor-

448 2514 580 2571 pore
627 2502 1076 2570 disjunctiouem,
1108 2504 1287 2566 simul
1340 2519 1466 2558 cum
1518 2503 1721 2558 eisdem
1768 2505 1845 2559 sis
1884 2504 2035 2558 omni

447 2595 698 2649 molestia
740 2595 897 2649 liber.
928 2596 1011 2648 An
1040 2610 1150 2650 non
1184 2597 1328 2650 enim
1364 2607 1417 2650 te
1449 2606 1610 2666 atque
1644 2596 1766 2651 illos
1796 2597 2035 2651 maxime

448 2687 826 2751 contristaret,
858 2690 901 2741 si
933 2704 1039 2741 una
1075 2700 1180 2741 non
1211 2690 1406 2743 essetis
1436 2688 1544 2742 ?Et
1582 2697 1770 2758 pater:
1796 2687 2033 2742 Omnino

446 2793 600 2831 sane.
631 2776 769 2831 Tum
804 2777 999 2831 Petrus
1027 2795 1039 2831 :
1072 2776 1127 2832 Si
1157 2794 1288 2849 ergo
1331 2779 1422 2832 hic
1473 2778 1704 2833 invicem
1746 2787 2034 2846 separatos

444 2881 566 2919 esse
585 2866 835 2919 molestia
861 2866 1041 2932 allicit,
1058 2883 1258 2929 nonne,
1278 2869 1499 2937 quando
1532 2877 1898 2937 postmortem
1930 2869 2035 2922 erit

444 2955 674 3008 omnino
713 2968 935 3011 necesSc
960 2974 1055 3012 vos
1078 2973 1186 3011 non
1223 2974 1344 3013 esse
1375 2960 1558 3025 simul,
1588 2960 1759 3014 multo
1785 2960 1958 3030 magis
1983 2968 2033 3014 te

442 3045 810 3110 contristabit,
827 3055 876 3100 te
894 3047 1136 3116 quidem,
1151 3047 1243 3117 qui
1259 3050 1341 3102 vir
1366 3049 1583 3118 sapiens
1602 3066 1682 3116 es,
1702 3052 1913 3105 ratione
1928 3059 2034 3105 tua:

444 3137 722 3205 opinionis
743 3138 981 3209 disjungi
1006 3155 1035 3193 a
1065 3142 1192 3206 tuis,
1222 3141 1342 3196 illos
1365 3157 1495 3196 vero
1529 3144 1701 3197 multo
1728 3146 1901 3215 magis
1928 3147 2028 3201 do-

442 3229 573 3295 lere,
617 3231 763 3299 quod
795 3232 972 3285 sciant
1001 3243 1052 3287 te
1085 3234 1193 3287 alia
1242 3236 1567 3290 sentientem
1611 3246 1873 3291 zeternum
1900 3254 2030 3309 sup-

442 3321 665 3390 plicium
692 3325 763 3377 ob
789 3322 904 3376 verl
934 3323 1205 3394 dogmatis
1233 3325 1575 3392 negationem
1600 3326 1868 3381 manere?

511 3494 576 3549 η.
611 3494 677 3549 Ει
723 3505 877 3564 pater
907 3496 1084 3551 dixit:
1131 3499 1202 3551 At
1248 3514 1356 3552 non
1407 3499 1481 3553 ita
1521 3510 1623 3567 est,
1657 3516 1690 3557 ο
1740 3504 1936 3570 amice,
1969 3514 2029 3559 ut

442 3586 585 3655 apud
633 3585 840 3641 inferos
874 3589 1173 3656 puniantur
1204 3590 1421 3656 animm,
1453 3594 1713 3662 quoniam
1743 3596 1924 3649 anima
1953 3598 2029 3651 si-

440 3677 555 3731 mul
584 3686 747 3746 atque
778 3694 808 3731 a
838 3694 1071 3748 corpore
1100 3681 1437 3748 discesserit,
1476 3685 1531 3739 in
1556 3701 1735 3741 aerem
1773 3688 2026 3743 dissolvi-

438 3776 550 3822 tur.
577 3767 800 3838 Excepit
837 3768 1032 3826 Petrus
1068 3773 1316 3844 :ltaque,
1359 3792 1532 3846 usque
1559 3779 1688 3833 dum
1738 3781 1839 3834 hac
1877 3781 1944 3834 de
1970 3795 2029 3836 re

440 3861 540 3915 tibi
570 3862 1022 3931 persuadeamus,
1051 3869 1320 3936 responde
1360 3871 1513 3937 mihi,
1549 3887 1731 3926 nonne
1754 3874 1850 3927 tibi
1878 3873 2028 3927 vide-

438 3962 549 4019 tur,
577 3960 631 4009 te
655 3955 898 4025 quidem,
924 3958 1017 4028 qui
1065 3957 1278 4015 futuras
1308 3977 1502 4031 poenas
1535 3979 1645 4017 non
1687 3965 1887 4031 credis,
1925 3973 2024 4020 ne-

436 4062 714 4117 quaquam
740 4047 947 4115 dolere,
978 4051 1104 4107 illos
1146 4064 1297 4119 vero,
1331 4055 1423 4122 qui
1449 4055 1699 4121 credunt,
1739 4057 1805 4111 de
1832 4065 1886 4111 te
1930 4072 2025 4111 ne-

441 4142 679 4197 aessario
710 4141 873 4212 angi?
901 4142 1039 4198 Tum
1066 4155 1218 4215 pater
1247 4160 1260 4199 :
1302 4146 1466 4203 Recte
1507 4149 1667 4204 dicis.
1701 4147 1895 4205 Petrus
1926 4162 2025 4204 a'u-

2158 518 2251 571 xal
2282 520 2309 571 6
2358 519 2542 589 πατὴρ
2588 519 2684 588 οὐχ
2718 518 2916 582 οὕτως,
2975 518 3184 589 ἤθελον,
3226 520 3274 570 εί
3322 518 3485 582 αὐτὸς
3536 518 3759 571 ’Ᾱννου-

2157 605 2288 661 ϐίων
2338 610 2537 679 παρῆν,
2574 610 2666 663 ἐπὶ
2695 610 2789 663 τοῦ
2845 612 3049 683 πατρὸς
3103 614 3429 684 ποιήσασθαι
3472 616 3523 648 ⁸⁸
3569 616 3762 685 λόγον.

2156 702 2310 756 Οὕτω
2344 704 2451 774 γὰρ
2474 704 2539 757 ἂν
2560 706 2621 757 τὸ
2652 708 2879 777 πρᾶγμα
2913 708 2993 769 είς
3024 708 3257 778 φανερὸν
3286 708 3459 761 ἐλθεῖν
3488 708 3762 779 ἠδύνατο,

2153 796 2394 864 τεχνίτου
2429 797 2564 868 πρὸς
2591 799 2879 869 ὁμότεχνον
2910 800 3006 869 τὴν
3032 801 3252 871 ζήτησιν
3286 801 3605 871 ἐσχηκότος·
3638 803 3765 854 καὶ
3812 832 3825 837 “

2152 887 2180 937 6
2215 886 2396 957 πατὴρ
2428 888 2777 959 ἀπεκρίνατο·
2815 889 2923 942 Ποῦ
2957 886 3047 944 οὖν
3079 891 3301 945 δυνατόν
3334 894 3479 944 ἐστιν
3524 894 3757 945 Ἀννου-

2152 974 2303 1028 ϐίωνι
2341 981 2617 1047 συντυχεῖν
2640 996 2652 1043 ;
2678 980 2788 1032 Kal
2814 982 2842 1032 6
2871 980 3075 1052 Πέτρος
3102 982 3226 1051 ἔφη·
3276 982 3363 1034 Ἐν
3410 982 3751 1053 Ἀντιοχείᾳ·

2150 1068 2266 1120 ἐκεῖ
2293 1069 2401 1141 γὰρ
2430 1070 2684 1140 μανθάνω
2701 1070 2917 1141 Σίμωνα
2946 1073 3036 1125 τὸν
3056 1074 3243 1142 Μάγον
3276 1074 3399 1127 ὄντα
3421 1076 3489 1139 ’⁸,
3532 1068 3581 1143 ᾧ
3625 1076 3759 1128 Ἀν-

2149 1159 2375 1213 νουϐίων
2412 1162 2790 1233 παρεπόμενος
2822 1161 3123 1235 ἀχώριστός
3155 1168 3322 1220 ἐστιν.
3376 1166 3550 1220 Ἐπάν
3582 1167 3631 1198 ⁸⁸
3653 1164 3761 1219 οὖν

2149 1252 2264 1303 ἐκεῖ
2290 1250 2594 1322 γενώμεθα,
2620 1253 2711 1306 ἐάν
2737 1271 2796 1321 γε
2822 1255 3219 1325 καταλάϐωμεν
3253 1258 3471 1321 αὐτοὺς,
3508 1260 3544 1329 ἡ
3576 1256 3762 1330 ζήτη-

2150 1358 2233 1405 σις
2264 1343 2516 1411 γενέσθαι
2549 1344 2784 1397 δύναται.
2826 1347 2934 1398 Καὶ
2962 1345 3113 1416 ὁμῶς
3154 1346 3324 1400 πολλὰ
3364 1348 3761 1417 διαλεχθέντες

2149 1438 2240 1490 καὶ
2274 1439 2365 1491 ἐπὶ
2396 1438 2473 1510 τῷ
2504 1439 2905 1511 άναγνωρισμῷ
2938 1436 3197 1511 χαρέντες
3224 1439 3268 1471 "
3297 1443 3390 1493 καὶ
3422 1441 3544 1511 Θεῷ
3579 1443 3761 1510 εὐχα-

2148 1531 2522 1602 ριστήσαντες,
2572 1531 2813 1603 ἑσπέρας
2858 1531 3382 1604 ἐπικαταλαϐούσης,
3441 1534 3522 1596 εἰς
3568 1532 3757 1586 ὕπνον

2146 1618 2484 1693 ἐτράπημεν.

2732 1829 2991 1884 ὈΜΙΛιΑ
3030 1830 3129 1884 ΙΕ’.

2215 1942 2254 1996 1.
2299 1944 2534 2016 Ὀρθρου
2559 1944 2616 1999 δὲ
2644 1946 2934 2016 γενομένου
2966 1948 2993 1999 6
3022 1946 3205 2016 πατὴρ
3236 1944 3372 2015 μετὰ
3391 1946 3491 2017 τῆς
3524 1947 3751 2020 μητρὸς

2140 2036 2299 2106 ἡμῶν
2336 2037 2559 2090 καὶτῶν
2590 2036 2755 2107 τριῶν
2805 2036 2938 2089 υἱῶν
2978 2036 3250 2101 εἰσελθὼν,
3290 2037 3417 2090 ἔνθα
3449 2039 3478 2090 6
3524 2039 3750 2110 Πέτρος

2139 2124 2228 2200 ἦν,
2254 2128 2701 2200 προσαγορεύσας
2728 2128 3017 2199 ἐκαθέσθη,
3037 2129 3223 2181 ἔπειτα
3247 2129 3405 2200 307
3424 2130 3517 2182 καὶ
3544 2132 3742 2201 ἡμεῖς,

2140 2221 2307 2273 αὑτοῦ
2345 2222 2718 2285 κελεύσαντος.
2758 2220 2866 2275 Kal
2898 2223 2927 2273 6
2953 2223 3155 2293 Πέτρος
3185 2222 3262 2293 τῷ
3296 2223 3461 2293 πατρὶ
3486 2240 3745 2295 προσεμ-

2141 2314 2345 2384 ϐλέψας
2378 2314 2504 2385 ἔφη’
2557 2314 2781 2367 Σπεύδω
2821 2314 3098 2385 ὀμόφρονά
3133 2332 3191 2367 σε
3225 2315 3477 2383 γενέσθαι
3507 2317 3743 2383 γυναικὶ

2139 2408 2231 2460 καὶ
2264 2408 2494 2471 τέκνοις,
2529 2407 2677 2469 ὅπως
2709 2407 2890 2470 αὐτοῖς
2918 2408 3012 2460 καὶ
3042 2406 3274 2460 ἐνταῦθα
3305 2406 3611 2477 ὁμοδίαιτος
3641 2404 3736 2481 ᾗς,

2139 2500 2299 2551 κάκεῖ
2330 2498 2466 2569 μετά
2497 2498 2587 2551 τὸν
2620 2499 2729 2551 ἀπὸ
2754 2501 2848 2551 τοῦ
2895 2499 3144 2569 σώματος
3190 2500 3290 2569 τῆς
3332 2499 3511 2569 ψυχῆς
3554 2518 3736 2570 χωρι-

2139 2590 2273 2660 σμὸν
2300 2589 2474 2644 συνὼν
2506 2592 2710 2655 ἄλυπος
2738 2591 2837 2664 ἕσῃ
2870 2592 2933 2645 ³⁸.
2969 2592 3037 2644 Ἦ
3071 2591 3179 2662 γὰρ
3208 2593 3268 2644 οὐ
3296 2592 3365 2644 τά
3397 2592 3636 2662 μέγιστά
3671 2608 3735 2645 σε

2138 2681 2298 2736 λυπεῖ
2344 2684 2439 2735 και
2470 2683 2668 2746 αὐτοὺς
2714 2682 2774 2735 τὸ
2811 2686 2884 2755 μὴ
2940 2685 3187 2755 ἀλλήλοις
3245 2688 3513 2749 συνεῖναι;
3549 2686 3663 2761 Kal
3705 2690 3736 2739 6

2137 2778 2339 2847 πατήρ
2372 2777 2482 2829 Kal
2517 2778 2657 2831 πάνυ
2700 2796 2782 2847 γε.
2830 2778 2941 2857 Kal
2977 2780 3004 2831 6
3046 2779 3269 2848 Πέτρος
3319 2780 3382 2832 Εἰ
3425 2776 3518 2833 οὖν
3550 2783 3649 2833 καὶ
3684 2782 3733 2812 ⁹⁹

2136 2865 2368 2921 ἐνταῦθα
2400 2868 2461 2921 τὸ
2480 2870 2720 2942 ἀλλήλων
2748 2871 3075 2942 κεχωρίσθαι
3111 2871 3288 2933 λυπεῖ,
3328 2872 3464 2941 μετά
3498 2872 3732 2926 θάνατον

2136 2960 2356 3023 πάντως
2405 2961 2752 3032 ὀφειλόμενον
2800 2963 2927 3033 ὑμῖν
2981 2965 3098 3033 μετ’
3152 2962 3397 3035 ἀλλήλων
3434 2964 3509 3034 μὴ
3560 2958 3729 3028 εἶναι,

2136 3050 2287 3121 πόσῳ
2332 3068 2395 3119 γε
2447 3053 2643 3122 μᾶλλον
2692 3054 2923 3125 λυπήσει
2967 3055 3055 3118 ¹⁰⁰,
3091 3054 3149 3107 σέ
3202 3056 3300 3125 μὲν
3334 3055 3502 3126 ἄνδρα
3560 3056 3731 3124 σοφὸν

2055 3126 2097 3184 C
2131 3140 2261 3194 ὄντα
2290 3142 2368 3213 τῷ
2410 3144 2507 3215 τῆς
2559 3143 2784 3216 γνώμης
2819 3163 2912 3198 σου
2962 3145 3105 3217 λόγῳ
3140 3149 3155 3178 ¹
3189 3148 3297 3199 τῶν
3339 3146 3445 3199 σῶν
3492 3148 3734 3219 κεχωρί-

2132 3232 2277 3299 σθαι,
2308 3234 2504 3298 αὺτοὺς
2534 3236 2591 3289 δὲ
2636 3236 2769 3290 πολὺ
2808 3236 3006 3308 μᾶλλον
3053 3239 3340 3292 ὀδυνᾶσθαι
3376 3239 3453 3309 τῷ
3497 3240 3731 3307 εἰδέναι,

2129 3325 2212 3377 ὃτι
2246 3343 2305 3377 σε
2339 3325 2473 3379 ἄλλα
2508 3327 2806 3397 φρονοῦντα
2837 3328 3051 3395 αἰώνιος
3079 3330 3229 3401 μένει
3272 3332 3513 3394 κόλασις,
3552 3330 3731 3402 ῥητοῦ

2129 3418 2396 3488 δόγματος
2429 3420 2700 3487 ἀποφάσει
2727 3437 2742 3485 ;

2201 3510 2263 3564 ll.
2299 3511 2407 3563 Kal
2432 3512 2459 3563 6
2488 3511 2669 3583 πατὴρ
2705 3512 2828 3583 ἔφη·
2879 3512 3016 3565 Ἀλλ’
3062 3514 3161 3567 οὒκ
3202 3513 3368 3577 ἔστιν,
3402 3507 3447 3567 ὦ
3473 3514 3728 3583 φίλτατε,

2128 3600 2190 3653 τὸ
2220 3602 2278 3652 ἐν
2306 3600 2433 3671 ᾅδου
2482 3600 2659 3671 ψυχὰς
2707 3603 3050 3667 κολάζεσθαι,
3086 3606 3256 3675 αὐτῆς
3303 3606 3418 3675 ἅμα
3463 3606 3544 3675 τῷ
3579 3607 3729 3660 ἀπο-

2130 3694 2317 3764 στῆναι
2349 3694 2443 3747 τοῦ
2468 3694 2717 3766 σώματος
2738 3698 2818 3759 είς
2837 3697 2972 3768 ἀέρα
3003 3697 3289 3769 λυομένης.
3309 3699 3417 3751 Kal
3448 3699 3477 3750 6
3513 3699 3730 3770 Πέτρος

2127 3783 2252 3855 ἔφη·
2300 3786 2510 3858 Μέχρις
2541 3783 2633 3839 οὖν
2680 3788 2767 3841 ὅτε
2816 3788 2881 3841 ἂν
2915 3790 2934 3818 ²
2969 3790 3096 3859 περὶ
3135 3789 3326 3842 τούτου
3383 3788 3663 3859 πείσωμέν
3702 3792 3726 3822 ³

2130 3895 2208 3942 σε,
2243 3879 2534 3950 ἀπόκριναί
2567 3898 2676 3950 μοι,
2709 3882 2770 3934 οὐ
2806 3881 2953 3934 δοκεῖ
3004 3900 3106 3943 σοι,
3151 3881 3209 3934 σὲ
3247 3882 3346 3951 μὲν
3380 3881 3727 3935 ἀπιστοῦντα

2126 3968 2223 4039 τὴν
2256 3970 2474 4023 κόλασιν
2510 3972 2583 4043 μὴ
2613 3971 2916 4035 λυπεῖσθαι,
2951 3974 3191 4035 ἐκείνους
3223 3972 3279 4024 δὲ
3314 3974 3725 4042 πεπεισμένους

2126 4059 2370 4131 ἀνάγκην
2420 4060 2563 4130 ἔχειν
2615 4063 2743 4133 περὶ
2795 4063 2887 4115 σοῦ
2945 4065 3231 4128 ἀνιᾶσθαι;
3278 4064 3386 4116 Καὶ
3431 4066 3459 4117 6
3504 4067 3719 4136 πατὴρ·

2140 4151 2468 4215 Ἀκολούθως
2500 4153 2699 4222 λέγεις.
2736 4156 2844 4207 Kal
2873 4158 2899 4208 6
2932 4156 3155 4226 Πέτρος·
3208 4154 3309 4208 Διά
3338 4155 3389 4208 τί
3419 4155 3474 4208 δὲ
3514 4157 3724 4221 αὐτοὺς

439 4246 549 4291 tem
582 4254 596 4291 :
628 4235 695 4291 Et
724 4249 895 4306 quare
918 4240 1159 4294 maximo
1181 4241 1248 4296 de
1288 4250 1341 4296 te
1373 4258 1608 4297 mmrore
1638 4259 1744 4297 non
1769 4259 1863 4299 eos
1888 4244 2024 4298 libe—

2143 4243 2223 4295 n'nc
2255 4243 2583 4307 ἀπαλλάξεις
2628 4246 2890 4317 μεγίστης
2920 4249 3047 4318 περὶ
3091 4247 3185 4300 σοῦ
3228 4245 3427 4317 λύτέης,
3470 4250 3537 4319 τῇ
3573 4248 3721 4319 θρη-

436 4328 604 4391 rabis,
642 4332 893 4401 religioni
924 4335 1254 4397 assentiens,
1282 4350 1389 4387 non
1417 4334 1625 4403 pudore
1650 4334 1897 4403 inquam,
1925 4334 2021 4390 sed

2143 4336 2283 4406 ι’κείᾳ
2328 4336 2671 4407 συνθέμενος,
2704 4338 2765 4388 οὺ
2795 4338 3041 4408 δυσωπίᾳ
3067 4338 3235 4406 λέγω,
3273 4338 3387 4390 ἀλλ’
3435 4339 3723 4408 εὐγνωμο-

435 4421 713 4490 ξεᾳυίιοιο,
744 4423 811 4478 de
840 4424 906 4477 iis
929 4437 1051 4493 quae
1088 4424 1183 4478 tibi
1210 4440 1239 4477 a
1270 4440 1355 4478 me
1377 4425 1635 4479 dicuntur
1665 4426 1936 4480 audiendo
1966 4433 2019 4480 et
2055 4478 2060 4501 ι

2143 4428 2278 4501 τύνῃ,
2312 4428 2441 4499 περὶ
2468 4426 2575 4480 τῶν
2606 4427 2910 4497 λεγομένων
2942 4445 3021 4480 σοι
3060 4428 3150 4481 ὑπ’
3180 4426 3315 4498 ἐμοῦ
3351 4428 3585 4493 ἀκούων,
3618 4430 3721 4481 καὶ

430 4514 749 4584 iudicando,
784 4526 966 4570 utrum
992 4532 1055 4571 ea
1086 4517 1161 4571 ita
1191 4517 1445 4582 habeant,
1482 4532 1583 4571 nec
1608 4532 1694 4571 ne.
1726 4518 1802 4572 Ac
1824 4518 1869 4573 si
1898 4520 2021 4587 qni-
2054 4514 2060 4531 ⁴

2143 4522 2320 4591 ιρίνιυν
2355 4521 2403 4572 εἰ
2426 4518 2599 4572 ταῦτα
2626 4518 2797 4582 οὕτως
2821 4519 2953 4589 ἔχει,
2991 4520 3023 4589 ἢ
3057 4518 3154 4584 οῦ;
3192 4522 3285 4573 xal
3319 4521 3367 4571 εί
3407 4519 3504 4589 μὲν
3536 4518 3720 4584 οὕτως

432 4608 555 4661 dem
582 4607 655 4661 ita
682 4618 785 4673 est,
811 4614 872 4662 ut
901 4608 1158 4675 dicimus,
1194 4616 1248 4663 ct
1280 4609 1367 4663 hic
1393 4624 1501 4662 una
1528 4624 1654 4663 cum
1678 4609 2021 4666 charissimis

2149 4630 2230 4681 χει
2263 4614 2338 4675 ὡς
2369 4611 2618 4682 λέγομεν,
2662 4612 2756 4664 καὶ
2795 4606 2894 4665 ὧδε
2940 4611 3367 4675 συναπολαύσεις
3407 4611 3572 4681 308
3596 4616 3719 4677 τοῖς

432 4699 794 4755 delectaberis
824 4711 877 4755 et
905 4701 1017 4755 illic
1060 4717 1185 4755 cum
1213 4696 1419 4756 eisdem
1447 4702 1691 4771 requiem
1715 4715 2021 4770 conseque-

2143 4701 2414 4768 ριλτάτοις,
2441 4702 2600 4753 κάκεῖ
2626 4701 3033 4774 συναναπαύσῃ·
3068 4703 3115 4753 εί
3140 4701 3272 4754 δὲέν
3304 4704 3370 4771 τῇ
3400 4701 3507 4754 τῶν
3530 4700 3715 4768 λόγων

433 4790 531 4845 ris.
589 4789 745 4856 Quod
794 4792 839 4846 si
872 4793 927 4847 in
981 4808 1295 4849 sermonum
1353 4804 1570 4849 tuorum
1627 4794 2021 4863 disceptatione

2143 4795 2214 4843 tot)
2244 4789 2267 4822 ⁸
2297 4790 2484 4859 σκέψει
2526 4790 2707 4862 δείξῃς
2752 4790 2821 4842 τὰ
2866 4791 2957 4859 ὑφ’
2998 4791 3157 4862 ήμῶν
3209 4791 3475 4862 λεγόμενα
3537 4791 3715 4861 μῦθόν

433 4882 764 4946 ostenderis,
811 4899 932 4949 quze
977 4901 1007 4939 a
1057 4886 1216 4942 nobis
1263 4894 1618 4952 asseruntur,
1664 4884 1858 4938 falsam
1895 4899 2019 4941 esse

2143 4897 2239 4933 :wa
2269 4878 2434 4949 ψευδῆ
2469 4875 2627 4943 εἶναι,
2663 4880 2756 4932 καὶ
2788 4879 2959 4944 οὕτως
2992 4879 3172 4944 καλῶς
3206 4882 3470 4952 ποιήσεις,
3505 4880 3715 4945 αὐτοὺς

435 4972 697 5039 fabulam,
716 4976 883 5030 etiam
911 4977 992 5031 sic
1020 4978 1279 5047 przeclare
1305 4978 1497 5043 facies,
1525 4978 1644 5032 illos
1669 4976 1808 5031 idem
1835 4982 2015 5030 tecum

2143 4971 2502 5043 ιμογνώμονάς
2550 4990 2629 5025 σοι
2672 4972 2930 5043 εἰληφὼς,
2975 4973 3070 5025 καὶ
3122 4972 3213 5025 τοῦ
3260 4977 3443 5036 κεναῖς
3491 4972 3715 5025 ἐλπίσιν

436 5065 733 5120 sentientes
764 5068 1059 5136 accipiens,
1113 5068 1422 5138 etlicicsque
1456 5078 1517 5123 ut
1562 5067 1828 5122 desistant
1872 5083 2014 5122 vana

2151 5061 2493 5132 περείδεσθαι
2558 5062 2813 5128 παύσεις,
2865 5064 2959 5116 καὶ
3018 5062 3229 5134 ψευδῶν
3292 5063 3471 5133 φόϐων
3527 5062 3715 5116 ἀπαλ-

434 5170 530 5225 spe
566 5155 743 5219 inniti,
772 5165 825 5211 et
855 5157 1110 5214 liberabis
1140 5159 1292 5215 falsis
1320 5160 1643 5215 terroribus.
2118 5153 2316 5218 λάξειςο

506 5244 591 5300 lll.
619 5247 686 5302 Et
725 5256 879 5318 pater
910 5270 922 5305 :
951 5250 1120 5307 Multa
1174 5253 1309 5308 mihi
1345 5254 1549 5310 videris
1588 5254 1770 5308 dicere
1813 5252 2013 5307 rationi

2189 5246 2275 5303 Ill.
2312 5248 2421 5301 Kal
2451 5249 2480 5301 6
2508 5249 2711 5320 πατὴρ
2748 5248 2925 5302 Πολλὰ
2954 5244 3120 5319 φαίνῃ
3156 5266 3244 5320 μοι
3277 5247 3473 5318 εὔλογα
3502 5245 3703 5316 λέγων.

1746 5427 1982 5482 VARle
2024 5425 2428 5481 LECTIONES.

506 5563 552 5594 "
578 5559 654 5641 lla
679 5559 820 5641 O.‘c.
856 5560 1019 5641 Epit,
1044 5564 1388 5641 ἐποιησάμην
1513 5568 1687 5641 Supra
1726 5568 1924 5641 ἐθέλων
1952 5569 2061 5641 leg.
2089 5578 2273 5641 censet
2297 5567 2353 5641 S.
2430 5570 2475 5641 ξ’
2509 5566 2644 5641 εἶναι
2674 5586 2725 5640 p.
2760 5571 2849 5623 τὸν
2882 5572 3053 5641 μάγον
3078 5569 3205 5624 ὄντα
3233 5568 3297 5625 Ο.
3373 5571 3420 5606 ⁸⁸
3451 5570 3526 5633 ὡς
3546 5570 3613 5625 ἄν
3631 5572 3698 5628 C.

435 5632 674 5701 ⁹’.χαρᾶς
706 5632 1077 5701 πληρωθέντες
1101 5636 1164 5689 Ο.
1190 5632 1199 5636 ’
1244 5632 1292 5668 ἐί
1316 5632 1467 5707 μετὰ
1485 5640 1575 5692 τὸν
1596 5632 1883 5741 ’χωρισμὸν
1911 5632 2208 5709 τῆξὶβυχῆς
2240 5639 2347 5691 ἀπὸ
2378 5639 2471 5693 τοῦ
2507 5632 2756 5711 σώματος
2782 5632 3005 5694 συνὸντα
3043 5643 3247 5695 ἄλυπον
3281 5632 3596 5695 ἕσεσθαινϐ.
3636 5642 3699 5700 In

435 5702 551 5741 Fnil
612 5700 712 5741 4ἓέ
767 5702 937 5741 num)“;
967 5705 1023 5741 ἑυ
1058 5706 1357 5741 ﬂammma“...
1393 5709 1584 5741 a.;......
1712 5710 1732 5737 ςο
1770 5710 1860 5741 νηί
1894 5711 1995 5741 mm
2052 5725 2081 5741 η
2135 5710 2178 5741 n
2303 5710 2370 5741 too
2409 5710 2603 5741 "zu-..
2637 5713 2696 5741 ην.
2731 5712 2955 5741 ξηρά--.
2994 5713 3032 5741 ρ
3162 5714 3177 5741 ί
3216 5711 3287 5741 ιη.
3342 5710 3456 5741 is...»
3520 5719 3571 5741 ,ιι
3598 5711 3646 5741 n

428 5700 589 5784 Epit.
612 5700 945 5784 ηιμσυνῶν,
966 5705 1023 5755 ἐν
1056 5700 1641 5784 εὐφροσύνῃ-διάγῃςΪ
1685 5700 1732 5784 fl“
1770 5700 1860 5761 καί
1894 5700 2019 5784 add“.
2048 5700 2199 5784 'c.':0'.
2303 5710 2370 5784 ¹ξ³⁰
2409 5700 2697 5784 μᾶλλονξοὺ
2731 5700 2960 5784 λυπήσει
2994 5713 3053 5770 C.
3162 5714 3177 5744 ¹
3213 5711 3290 5767 lta
3335 5710 3474 5781 Ερίι.
3518 5719 3575 5769 et
3598 5711 3647 5771 0
3673 5747 3697 5784 ι

423 5766 575 5840 λόγω,
608 5785 700 5823 σου
733 5770 793 5825 Ο.
869 5774 890 5805 ³
916 5773 981 5828 ἄν
1018 5766 1224 5832 οιιι.’ὒ.
1302 5766 1432 5835 θ”Ιιιὶ
1604 5779 1863 5851 πείσομεν
1896 5778 2047 5847 (ὲ,οο
2127 5780 2273 5858 ξσου
2328 5766 2626 5852 interposui
2668 5798 2716 5837 c.
2758 5782 2819 5837 0.
2860 5766 2871 5784 ⁸
3006 5766 3023 5770 ⁷
3283 5766 3289 5767 ί
3381 5766 3392 5781 ”
3463 5766 3496 5791 λ
