3860 6210
406 257 512 312 539

1239 254 1295 309 S.
1333 250 1717 309 CLE'lIEN'IIS
1751 251 1772 304 1
1813 251 1976 307 ROM.
2017 250 2218 306 PONT.
2251 250 2479 306 OPERA
2519 249 2746 306 DCBIA.

3564 248 3662 297 ’πο

3572 267 3584 275 ,

3565 282 3595 297 ..Ι

3565 282 3595 300 ’.Ι

409 371 592 426 aiebat
644 384 795 434 esse,
847 378 900 424 et
942 369 990 424 ei
1043 369 1134 438 qui
1192 369 1470 422 maxillam
1520 377 1668 421 tuam
1728 369 1983 435 percutit,

2092 365 2355 437 ἐφαίνετο.
2409 367 2520 418 Kal
2554 364 2615 417 τὸ
2657 363 2774 424 πῶς
2818 361 2947 434 ἐρῶ.
2985 362 3202 416 Δίκαιον
3248 361 3486 432 ἔφασκεν
3533 357 3671 415 εἰναι

410 463 638 516 alteram
675 477 895 530 quoque
939 477 1248 531 opponere,
1299 470 1353 513 ct
1396 461 1443 513 ei
1482 460 1574 529 qui
1607 458 1786 512 aulert
1832 467 1983 511 tuum

408 555 658 624 pallium,
692 553 906 606 tradere
953 563 1005 605 et
1050 552 1310 616 maforte,
1361 561 1415 604 et
1457 566 1579 602 cum
1617 564 1722 612 eo,
1783 550 1874 618 qui
1918 549 1986 603 ad

410 663 580 701 unum
616 646 845 700 milliare
876 645 1064 715 adigit,
1098 659 1192 712 per
1219 643 1328 695 duo
1352 641 1646 712 proficisci,
1683 649 1847 711 atque
1881 641 1986 694 alia

409 740 612 793 similia
649 751 698 790 α.

482 829 571 883 Vl.
607 829 904 896 Respondit
934 826 1126 880 Petrus
1155 844 1167 879 :
1213 825 1376 894 Atqui
1403 825 1505 878 hoc
1525 822 1848 877 existimasli
1885 822 1990 876 ini-

409 939 604 990 quum,
633 921 776 990 quod
808 919 1183 988 mqtiissimum
1231 927 1334 972 est.
1378 917 1455 971 Ac
1481 918 1526 971 si
1569 917 1719 970 lubet
1745 917 1892 970 audi.
1923 915 1990 971 Et

412 1025 564 1084 pater
594 1014 732 1067 dixit
767 1031 780 1066 :
816 1011 1046 1066 Prorsus
1073 1012 1239 1064 lubet.
1271 1010 1409 1064 Tum
1441 1009 1635 1064 Petrus
1672 1027 1684 1063 :
1720 1009 1858 1063 Num
1893 1011 1990 1064 tibi

411 1104 646 1166 videtur,
677 1120 802 1158 cum
841 1103 952 1156 duo
997 1119 1150 1172 reges
1181 1102 1387 1157 inimici
1423 1111 1553 1157 sunt
1580 1111 1634 1156 et
1673 1103 1879 1156 divisas
1905 1119 1989 1156 re-

412 1199 602 1266 giones
631 1207 838 1260 tenent,
863 1197 907 1250 si
940 1197 1212 1266 quispiam
1245 1213 1312 1250 ex
1352 1197 1442 1260 iis,
1471 1197 1564 1266 qui
1601 1197 1832 1266 subjecti
1864 1206 1991 1250 sunt

410 1292 588 1355 alteri,
627 1292 679 1344 in
707 1292 932 1344 alterius
978 1291 1200 1357 regione
1246 1291 1703 1358 deprehemlatnr,
1757 1291 1991 1360 ideoque

413 1392 689 1436 mereatur
744 1393 998 1446 mortem,
1048 1391 1103 1435 et
1137 1382 1389 1450 colapho,
1435 1397 1544 1435 non
1583 1393 1765 1436 autem
1813 1383 1992 1452 capite

412 1477 657 1544 ριιιιίιιιε,
687 1490 902 1543 pmnam
933 1475 1295 1537 evadat,num
1327 1474 1541 1526 videtur
1571 1475 1864 1538 humanus,
1895 1473 1990 1542 qui

409 1569 624 1620 veniam
655 1567 845 1621 dedit?
884 1566 948 1620 Et
994 1578 1148 1635 pater
1197 1565 1272 1619 ait
1305 1583 1318 1618 :
1351 1565 1684 1619 Admodum.
1716 1565 1863 1618 Dixit
1889 1565 1992 1619 Pe-

412 1670 530 1712 trus
569 1675 582 1710 :
617 1658 758 1723 Quid
788 1675 938 1721 vero,
989 1660 1032 1712 si
1066 1659 1109 1712 is
1143 1659 1255 1728 ipse
1300 1659 1464 1712 etiam
1503 1659 1664 1713 alicui
1707 1659 1987 1728 proprium

2091 461 2186 513 καὶ
2217 460 2294 530 τῷ
2318 459 2573 512 τύπτοντι
2613 457 2779 510 αὑτοῦ
2813 457 2910 526 τὴν
2948 457 3168 524 σιαγόνα
3193 455 3558 528 παρατιθέναι
3583 456 3673 507 καὶ

2089 554 2187 625 τὴν
2218 553 2431 625 ἐτέραν,
2464 554 2558 604 καὶ
2587 551 2664 621 τῷ
2702 549 2910 621 αίροντι
2947 549 3112 602 αὐτοῦ
3150 549 3212 602 τὸ
3247 548 3461 618 ἱμάτιον
3505 564 3676 618 προσ-

2089 648 2285 700 διδόναι
2326 648 2419 699 καὶ¹
2451 643 2513 698 τὸ
2543 645 2806 714 μαφόριον
2840 644 2960 682 ¹⁸-²⁶
2979 682 2992 704 ,
3016 644 3373 713 ἀγγαρεύοντι
3404 641 3462 693 δὲ
3499 641 3674 710 μίλιον

2088 742 2146 793 ’ἐν
2175 733 2609 810 συναπέρχεσθαι
2631 737 2743 798 δύο,
2773 737 2866 788 καὶ
2890 736 2991 788 ὅσα
3023 734 3244 786 τοιαῦτα

2164 829 2249 884 Vl.
2273 831 2382 883 Kal
2413 833 2440 882 6
2463 830 2666 901 Πέτρος
2688 829 3020 898 ἀπεκρίνατο
3039 844 3052 856 ·
3101 827 3241 878 Ἀλλ’
3267 825 3522 896 ἐνόμισας
3560 821 3676 877 ἄδι-

2091 941 2185 976 κον
2219 925 2246 976 ὃ
2268 942 2319 976 τι
2348 923 2682 976 δικαιότατόν
2708 922 2874 973 ἐστιν.
2901 919 2968 972 Εἴ
2992 937 3073 972 σοι
3114 919 3264 987 φίλον
3305 919 3473 981 ἐστὶν,
3510 917 3680 970 ἀκου-

2094 1032 2200 1067 σον.
2239 1015 2349 1069 Ka‘t
2383 1017 2412 1067 6
2448 1015 2630 1084 πατὴρ
2672 1015 2715 1044 ⁸⁷
2751 1013 2854 1084 ἔφη
2879 1029 2890 1042 ⁸
2946 1013 3094 1065 Πάνυ
3149 1030 3235 1082 μοι
3271 1013 3439 1081 φίλον.
3490 1012 3605 1065 Kal
3651 1013 3679 1064 6

2093 1108 2330 1178 Πέτρος·
2363 1107 2438 1159 Οὐ
2479 1107 2624 1159 δοκεῖ
2671 1122 2773 1166 σοι,
2825 1103 2919 1158 δύο
2962 1103 3169 1174 ἐχθρῶν
3199 1103 3460 1174 βασιλέων
3506 1104 3679 1155 ὄντων

2093 1201 2185 1252 καὶ
2206 1199 2364 1272 διῃρη
2373 1199 2536 1269 μένας
2562 1198 2660 1260 τὰς
2681 1196 2861 1268 χώρας
2886 1197 3136 1266 ἐχόντων,
3161 1195 3214 1247 εί
3234 1213 3316 1259 τις
3346 1197 3408 1246 ὲκ
3443 1194 3554 1247 τῶν
3583 1195 3679 1247 τοῦ

2091 1289 2209 1353 ἑνὸς
2247 1291 2502 1360 ὑπηκόων
2535 1291 2592 1342 ἐν
2617 1293 2683 1359 τῇ
2718 1289 2812 1342 τοῦ
2842 1289 3030 1360 ἐτέρου
3062 1290 3216 1360 χώρα
3242 1290 3542 1360 φωραθείη,
3585 1292 3680 1341 καὶ

2091 1381 2178 1434 διὰ
2212 1382 2372 1434 τοῦτο
2417 1382 2644 1435 θάνατον
2673 1381 2905 1449 ὀφείλων
2930 1383 2995 1445 ⁸⁸,
3015 1381 3108 1433 ἐὰν
3139 1381 3441 1452 ραπίσματι
3475 1381 3572 1433 καὶ
3605 1381 3682 1450 μὴ

2093 1451 2307 1544 θανάτῳ
2330 1474 2428 1544 τῆς
2461 1473 2730 1544 τιμωρίας
2763 1473 3027 1543 ἀπολυθῇ,
3063 1451 3396 1542 ούίφαίνεται
3435 1472 3540 1543 μὴν
3569 1475 3615 1502 ²⁹
3655 1475 3684 1525 6

2093 1567 2369 1630 ἀπολύσας
2395 1566 2772 1636 φιλάνθρωπος
2810 1561 2982 1628 εἷναι;
3011 1563 3118 1617 Kal
3149 1567 3176 1618 6
3210 1564 3390 1636 πατὴρ
3415 1563 3538 1633 ἔφη·
3570 1564 3684 1615 Kal

2094 1660 2253 1713 πάνυ.
2305 1661 2416 1713 Kal
2445 1661 2473 1712 6
2515 1659 2720 1729 Πέτρος
2761 1657 2862 1728 ἔφη
2887 1673 2899 1686 ·
2947 1658 3010 1708 Τί
3051 1655 3131 1719 δέ,
3175 1659 3222 1708 εἰ
3262 1657 3354 1708 καὶ
3395 1655 3524 1708 ἴδιόν
3550 1656 3607 1707 τί
3636 1655 3682 1686 ³⁸

413 1751 494 1803 vel
527 1750 671 1802 aliud
709 1750 836 1818 quid
869 1749 1104 1815 auferat,
1143 1759 1196 1803 et
1223 1749 1274 1802 in
1302 1748 1446 1803 furto
1485 1750 1916 1818 comprehensus
1944 1749 1988 1802 si

2092 1769 2233 1814 τινος
2269 1751 2429 1813 αὐτὸς
2468 1743 2622 1813 οὗτος
2657 1749 2951 1819 ἀφέληται,
2991 1747 3022 1818 ἢ
3051 1748 3144 1800 καὶ
3169 1747 3441 1817 ἀλλότριον
3473 1747 3542 1809 ³¹,
3588 1747 3685 1798 καὶ

409 1841 637 1908 duplum
669 1840 779 1905 det,
809 1857 932 1893 cum
959 1841 1248 1910 quadrupli
1292 1842 1364 1896 sit
1391 1843 1628 1906 debitor,
1660 1843 1990 1912 insuperqtte

412 1933 630 1997 mortis,
657 1933 751 2000 qui
782 1947 975 2000 nempe
1005 1933 1056 1985 in
1102 1931 1402 1986 adversarii
1436 1933 1634 1988 finibus
1671 1943 1864 2002 captus
1895 1935 1987 1995 sit,

412 2040 593 2077 nonne
617 2025 711 2079 tibi
743 2024 976 2088 videtur,
997 2025 1296 2078 humanum
1330 2040 1452 2079 esse
1474 2041 1620 2090 eum,
1643 2027 1734 2094 qui
1763 2026 1989 2094 duplum

411 2118 620 2186 accepit
649 2125 703 2171 et
737 2127 965 2171 mortem
1000 2117 1078 2170 illi
1127 2116 1380 2171 remisit?
1423 2115 1488 2170 Et
1524 2127 1676 2186 pater
1718 2117 1796 2170 ait
1824 2134 1836 2170 :
1863 2115 1990 2171 Cla-

410 2227 533 2263 rum
559 2219 661 2264 est.
692 2209 768 2263 Ac
800 2209 990 2263 Petrus
1023 2228 1035 2264 :
1067 2209 1208 2276 Quid
1252 2225 1402 2274 vero,
1429 2225 1607 2263 nonne
1636 2217 1872 2277 oportet,
1905 2217 1985 2275 ut,

409 2303 504 2371 qui
538 2302 590 2354 in
628 2302 850 2356 alterius
883 2317 1050 2371 regno
1097 2310 1345 2354 versatur
1369 2342 1384 2365 ,
1429 2301 1590 2370 idque
1622 2301 1844 2370 pessimi
1885 2300 1987 2354 ho-

409 2395 529 2459 stis,
561 2395 728 2448 vitam
753 2394 1109 2448 conservandi
1143 2394 1310 2464 gratia
1349 2394 1606 2448 omnibus
1637 2394 1906 2458 adnletur,
1935 2401 1990 2448 et

409 2486 461 2538 vi
495 2484 839 2555 adigentibus
869 2485 1042 2555 magis
1081 2485 1259 2545 cedat,
1291 2500 1402 2537 non
1435 2486 1737 2539 salutantes
1766 2486 1985 2551 salutet,

411 2578 666 2631 inimicos
691 2578 793 2631 sibi
830 2577 1103 2640 conciliet,
1142 2591 1267 2630 cum
1311 2577 1670 2632 irascentibus
1713 2593 1819 2631 non
1849 2593 1986 2632 con-

410 2670 616 2734 tendat,
681 2684 779 2721 sua
833 2669 980 2721 omni
1053 2668 1310 2721 audacter
1388 2668 1590 2736 petenti
1641 2670 1879 2737 praebeat
1933 2678 1988 2724 et

411 2761 576 2815 faciat
625 2774 967 2828 anecunqne
1012 2769 1139 2812 sunt
1195 2759 1548 2826 hnjusmodi?
1597 2757 1735 2813 Tum
1784 2769 1984 2829 pater:

409 2855 621 2906 (Iuncta
651 2852 832 2921 potius
887 2851 1084 2905 merito
1121 2851 1434 2915 sustinebit,
1463 2853 1506 2906 si
1538 2852 1624 2907 his
1651 2855 1818 2907 vitam
1849 2869 1988 2923 prae-

409 2940 534 3000 fert.

481 3035 592 3090 VII.
647 3034 711 3089 Et
758 3033 954 3088 Petrus
985 3051 996 3085 :
1024 3031 1214 3088 Nonne
1245 3034 1412 3105 igitur
1448 3035 1519 3100 ii,
1581 3051 1722 3106 quos
1766 3037 1986 3094 dicebas

409 3127 547 3183 allici
573 3127 794 3197 injuria,
847 3127 950 3195 ipsi
1007 3134 1134 3180 sunt
1173 3126 1361 3181 finium
1411 3136 1878 3199 transgressores,
1927 3133 1985 3186 in

410 3226 675 3288 quantum
707 3225 993 3270 versantur
1017 3215 1070 3269 in
1113 3231 1278 3282 regno
1318 3217 1564 3280 alterius,
1595 3227 1648 3272 et
1685 3219 1738 3272 in
1773 3226 1985 3274 tantum

408 3307 819 3362 defraudatores
850 3317 996 3373 sunt,
1022 3309 1076 3362 in
1102 3319 1366 3378 quantum
1395 3310 1720 3380 possident?
1757 3311 1862 3366 Sed
1891 3313 1985 3383 qui

409 3403 662 3456 videntur
701 3402 879 3456 facere
921 3402 1203 3471 injuriam,
1241 3403 1537 3474 unicuique
1590 3421 1656 3460 ex
1708 3408 1987 3462 contraria

408 3503 563 3564 parte
607 3503 757 3547 tanta
808 3494 1224 3561 gratificantur,
1277 3504 1478 3565 quanta
1527 3497 1608 3552 eis
1664 3499 1988 3566 permittunt

412 3587 634 3640 habere.
660 3584 782 3640 Haze
806 3586 1009 3654 quippe
1035 3586 1100 3638 ad
1130 3601 1223 3639 eos
1275 3588 1568 3656 pertinent,
1617 3606 1709 3659 qur
1746 3607 1987 3659 praesen-

410 3679 483 3730 tia
507 3677 803 3741 elegerunt.
851 3673 916 3728 Et
962 3674 1097 3727 adeo
1130 3674 1352 3728 humani
1404 3686 1551 3741 sunt,
1585 3687 1642 3731 ut
1683 3678 1790 3732 illis
1817 3680 1983 3733 vitam

409 3766 636 3819 donent.
677 3765 850 3834 Atque
882 3765 1192 3833 exemplum
1251 3766 1324 3821 ita
1357 3768 1578 3836 quidem
1629 3770 1809 3824 habet.
1842 3772 1984 3825 Audi

405 3858 517 3926 jam
544 3857 715 3925 ipsam
742 3872 875 3908 rem.
907 3854 1164 3909 Veritatis
1191 3858 1454 3926 propheta
1480 3860 1777 3913 adveniens
1797 3861 1986 3916 docuit

411 3962 532 4008 nos,
561 3946 704 4016 quod
735 3947 980 3999 omnium
1012 3957 1224 4000 creator
1249 3964 1312 4001 ac
1342 3949 1484 4003 Deus
1510 3951 1725 4006 duobus
1754 3953 1987 4020 quibus-

407 4039 532 4093 dam
563 4040 672 4094 duo
705 4056 868 4108 regna
901 4039 1202 4101 distribuit,
1225 4041 1368 4096 bono
1397 4053 1454 4096 et
1483 4044 1646 4109 malo,
1672 4045 1809 4099 dans
1838 4049 1982 4102 malo

409 4130 626 4199 quidem
662 4144 888 4199 regnum
918 4129 1083 4198 hujus
1125 4131 1313 4184 mundi
1356 4148 1478 4185 cum
1525 4133 1657 4203 lege.
1696 4135 1768 4188 ita
1801 4147 1858 4190 ut
1888 4136 1985 4189 ha-

411 4222 532 4274 beat
562 4230 885 4290 potestatein
933 4220 1230 4288 injuriosos
1269 4223 1559 4290 puniendi,
1614 4225 1758 4278 bono
1799 4237 1980 4282 autem

409 4317 633 4386 largitus
650 4314 889 4367 futurum
911 4324 1225 4383 perpetutnn
1241 4314 1704 4370 smeulunnUnnm
1715 4335 1983 4391 quemque

409 4423 538 4460 vero
569 4407 854 4460 hominum
888 4407 1118 4459 liberum
1155 4405 1320 4472 feeit,
1349 4408 1552 4477 quique
1591 4411 1786 4465 habeat
1826 4425 1977 4482 pote-

408 4509 603 4552 statem
636 4514 694 4552 se
726 4497 1080 4551 tradendicui
1116 4499 1264 4563 velit,
1299 4508 1391 4551 aut
1417 4503 1668 4567 praesenti
1705 4505 1869 4570 malo,
1891 4519 1982 4562 aut

410 4590 593 4643 futuro
636 4590 801 4643 bono.
858 4589 936 4642 Ex
973 4589 1212 4659 quibus,
1270 4591 1362 4659 qui
1412 4595 1698 4658 praesentia
1752 4596 1980 4665 eligunt,

411 4689 730 4749 potestatem
786 4681 990 4734 habent
1049 4688 1108 4733 ut
1155 4681 1352 4735 divites
1394 4682 1522 4747 sint,
1576 4684 1629 4736 in
1672 4685 1882 4744 deliciis
1918 4706 1982 4744 ac

409 4771 780 4840 voluptatibus
804 4772 968 4825 vitam
997 4782 1180 4840 agant,
1213 4781 1268 4825 et
1291 4772 1488 4825 similia
1515 4776 1696 4829 omnia
1725 4794 1822 4847 pro
1849 4782 1980 4835 viri-

410 4863 512 4918 bus
552 4864 876 4932 percipiant.
927 4861 1060 4916 Nam
1096 4861 1408 4918 futurorum
1450 4866 1718 4921 bonorum
1767 4873 1974 4928 nullum

478 5011 502 5038 ει
535 4997 667 5051 Luc.
697 5012 773 5060 vr,
803 4995 902 5062 29;
939 4994 1127 5051 Matth.
1160 5013 1212 5062 v,
1237 4996 1326 5050 59.

2091 1845 2182 1896 ἐπὶ
2218 1842 2391 1913 τούτῳ
2421 1841 2746 1913 συλληφθεὶς
2795 1840 2889 1893 ἐὰν
2923 1839 3200 1892 διπλάσιον
3235 1839 3329 1909 δῷ,
3368 1838 3685 1909 τετραπλά-

2094 1953 2206 1988 σιον
2229 1935 2459 2003 ὀφείλων
2485 1936 2550 1997 ³¹,
2575 1935 2668 1986 καὶ
2699 1933 2760 1986 τὸ
2793 1933 2991 1996 θανεῖν,
3041 1933 3116 1995 ὼς
3162 1934 3220 1984 ἐν
3254 1931 3409 2001 311
3437 1934 3553 1993 τοῖς
3581 1930 3681 1983 τοῦ

2090 2028 2334 2082 ἐναντίου
2370 2027 2530 2090 ἁλοὺς
2577 2028 2743 2097 ὅροις,
2787 2027 2848 2079 οὐ
2887 2026 3032 2079 δοκεῖ
3079 2041 3160 2077 σοι
3195 2026 3275 2076 ὅτι
3319 2028 3346 2077 ό
3388 2021 3571 2076 λαϐὼν
3619 2023 3684 2075 τὸ

2089 2119 2367 2173 διπλάσιον
2403 2119 2497 2172 καὶ
2524 2119 2756 2172 θανάτου
2791 2119 2954 2172 αὑτὸν
2991 2117 3264 2178 ἀπολύσας
3297 2115 3684 2186 φιλάνθρωπος

2089 2212 2346 2283 τυγχάνει
2367 2229 2380 2277 ;
2406 2212 2514 2265 Καὶ
2533 2214 2560 2266 6
2588 2211 2769 2282 πατὴρ
2794 2211 2894 2282 ἔφη
2920 2229 2933 2240 ·
2958 2211 3229 2264 Φαίνεται.
3258 2210 3365 2263 Kal
3383 2210 3411 2259 6
3436 2209 3677 2278 Πέτρος·

2091 2307 2155 2359 Τί
2181 2306 2268 2371 δέ;
2318 2307 2378 2359 οὐ
2421 2306 2527 2377 χρὴ
2571 2303 2662 2358 τὸν
2698 2307 2756 2357 ἐν
2805 2304 2991 2375 ἐτέρου
3037 2301 3282 2373 βασιλείᾳ⁴
3314 2301 3442 2353 ὄντα
3478 2299 3543 2360 ⁸³,
3580 2298 3681 2352 καὶ

2089 2399 2262 2452 ταῦτα
2297 2397 2535 2470 πονηροῦ
2583 2413 2730 2460 τινος
2762 2395 2980 2466 ἐχθροῦ,
3018 2395 3111 2448 τοῦ
3159 2393 3256 2464 ζῇν
3281 2392 3438 2463 χάριν
3466 2391 3680 2453 πάντας

2090 2491 2426 2555 κολακεύειν,
2481 2493 2576 2545 καὶ
2625 2489 3024 2561 ἀγγαρεύουσιν
3056 2488 3147 2539 ἐπὶ
3182 2485 3360 2540 πλεῖον
3402 2483 3674 2547 ὑηίκειν,

2094 2584 2168 2654 μὴ
2199 2582 2707 2655 προσαγορεύοντας
2750 2581 3209 2652 προσαγορεύειν,
3256 2579 3482 2650 ἐχθροὺς
3519 2578 3674 2632 διαλ-

2089 2675 2338 2738 λάσσειν,
2392 2674 2768 2746 ὀργιζομένοις
2819 2673 2892 2744 μὴ
2946 2673 3298 2742 φιλονεικεῖν,
3352 2671 3419 2724 τὰ
3477 2670 3675 2723 ἐαυτοῦ

2089 2768 2260 2831 ἀδεῶς
2291 2767 2335 2798 ³⁸
2365 2767 2529 2820 παντὶ
2560 2766 2799 2820 αἰτοῦντι
2831 2767 3113 2836 παρέχειν,
3156 2766 3250 2818 καὶ
3282 2766 3381 2817 ὅσα
3412 2763 3672 2826 retain;

2090 2862 2200 2914 Καὶ
2234 2862 2262 2914 6
2307 2861 2520 2932 πατήρ·
2568 2861 2751 2913 Πάντα
2789 2859 2986 2930 μᾶλλον
3020 2857 3254 2927 εὐλόγως
3295 2857 3560 2927 ὑποσταίη
3601 2856 3670 2922 ³⁵,

2090 2953 2248 3024 εἴπερ
2270 2952 2474 3006 τούτων
2506 2952 2566 3005 τὸ
2599 2949 2697 3024 ζῇν
2736 2951 3035 3024 προκρίνει.

2167 3043 2272 3098 VII.
2297 3041 2406 3099 Kal
2431 3047 2458 3098 6
2481 3045 2686 3116 Πέτρος
2704 3060 2718 3074 ο
2747 3043 2954 3098 Οὐκοῦν
2974 3043 3017 3074 ³⁸
3033 3042 3125 3106 οὓς
3145 3042 3442 3096 ἀδικεῖσθαι
3464 3041 3670 3110 ἔλεγες,

2090 3135 2243 3190 αὐτοὶ
2273 3139 2602 3210 παρορισταὶ
2626 3138 3006 3208 τυγχάνουσιν,
3031 3126 3166 3190 καθὸ
3193 3137 3235 3168 ⁸⁷
3267 3137 3326 3189 ὲν
3349 3135 3534 3208 ἐτέρου
3565 3135 3676 3188 εἰσὶ

2091 3228 2358 3300 βασιλεία,
2384 3229 2478 3283 καὶ
2512 3229 2764 3283 τοσοῦτον
2795 3229 3112 3283 πλεονέκται
3136 3230 3292 3294 εἰσὶν,
3319 3229 3439 3281 ὅσον
3468 3244 3672 3298 κεκτη-

2093 3321 2244 3392 μένοι
2288 3322 2462 3386 είσίν;
2505 3323 2568 3375 Οἱ
2601 3321 2645 3374 δ’
2701 3322 2747 3353 ³⁸
2793 3322 2999 3374 ἀδικεῖν
3048 3321 3390 3392 νομιζόμενοι
3432 3319 3676 3373 τοσαῦτα

2089 3416 2304 3486 ἑκάστῳ
2349 3415 2427 3486 τῷ
2480 3414 2540 3480 ἐξ
2589 3415 2837 3478 ἐναντίας
2870 3414 2980 3468 ὄντι
3033 3414 3344 3486 χαρίζονται
3369 3412 3436 3478 ³⁸,
3467 3412 3568 3464 ὅσα
3606 3410 3675 3464 ἂν

2088 3509 2266 3571 αὐτοῖς
2309 3508 2451 3578 ἔχειν
2505 3508 2880 3578 συγχωρῶσιν.
2935 3505 3122 3560 Αὐτῶν
3176 3505 3280 3576 γάρ
3329 3506 3443 3557 ἐστι
3495 3502 3673 3556 ταῦτα

2087 3601 2194 3652 τῶν
2217 3601 2282 3652 τὰ
2309 3602 2552 3672 παρόντα
2602 3601 2886 3672 ἑλομένων.
2929 3600 3039 3653 Kal
3077 3601 3157 3664 είς
3195 3597 3443 3651 τοσοῦτον
3483 3597 3675 3664 φιλάν-

2087 3696 2294 3767 θρωποί
2339 3697 2496 3757 εἰσιν,
2545 3695 2621 3758 ὼς
2662 3692 2723 3746 τὸ
2752 3694 2850 3765 ζῇν
2892 3694 3073 3755 αὐτοῖς
3111 3692 3427 3760 συγχωρεῖν.
3466 3689 3578 3741 Kal
3608 3689 3674 3740 τὸ

2091 3787 2187 3857 μὲν
2230 3787 2580 3858 παράδειγμα
2622 3785 2795 3847 οὕτως
2836 3785 2982 3854 ἔχει.
3025 3787 3219 3837 ’Ἄκουε
3264 3784 3328 3854 δὴ
3362 3784 3406 3814 ⁸ο
3445 3783 3580 3836 αὐτὸ
3607 3783 3671 3836 τὸ

2087 3881 2337 3950 πρᾶγμα.
2387 3879 2442 3932 '0
2466 3880 2567 3949 τῆς
2592 3879 2848 3950 ἀληθείας
2888 3877 3076 3949 παρὼν
3102 3881 3384 3949 προφήτης
3416 3877 3458 3907 ⁸³
3491 3876 3669 3929 ἐδίδα-

2085 3970 2174 4036 ξεν
2208 3973 2374 4040 ἡμᾶς,
2406 3973 2489 4024 ὅτι
2521 3973 2549 4024 6
2579 3971 2689 4024 τῶν
2717 3971 2851 4023 ὅλων
2883 3971 3216 4042 δημιουργὸς
3247 3972 3339 4022 καὶ
3373 3969 3508 4032 Θεὸς
3544 3971 3668 4023 δυσί

2084 4079 2224 4115 τισιν
2255 4063 2516 4133 ἀπένειμε
2547 4063 2823 4133 βασιλείας
2855 4056 2968 4123 δύο,
2994 4063 3181 4134 ἀγαθῷ
3215 4080 3272 4116 τε
3301 4065 3393 4115 καὶ
3419 4063 3664 4133 πονηρῷ,

2083 4153 2206 4218 δούς
2241 4155 2318 4224 τῷ
2353 4155 2451 4226 μὲν
2483 4155 2637 4226 κακῷ
2661 4155 2754 4208 τοῦ
2786 4156 3056 4227 παρόντος
3093 4157 3299 4225 κόσμου
3329 4157 3465 4225 μετά
3496 4155 3666 4225 νόμου

2084 4248 2180 4316 τὴν
2215 4247 2509 4316 βασιλείαν,
2545 4247 2674 4332 ὦρτ’
2710 4249 2777 4301 ἂν
2819 4249 2962 4318 ἔχειν
2989 4249 3236 4314 ἐξουσίαν
3268 4250 3516 4313 κολάζειν
3537 4250 3669 4312 τοὺς

2086 4339 2405 4403 ἀδικοῦντας
2422 4357 2434 4370 ·
2470 4340 2546 4411 τῷ
2573 4341 2732 4410 312
2754 4343 2810 4394 δὲ
2835 4342 3021 4412 ἀγαθῷ
3037 4343 3129 4395 τὸν
3154 4343 3406 4412 ἐσόμενον
3434 4343 3602 4395 ἀΐδιον
3621 4342 3666 4374 ’⁵³

2013 4435 2056 4489 D
2086 4428 2273 4482 αἰῶνα.
2316 4429 2584 4484 ’Έκαστον
2616 4432 2672 4485 δὲ
2700 4431 2806 4483 τῶν
2840 4431 3140 4502 ἀνθρώπων
3171 4431 3449 4502 ἐλεύθερον
3476 4433 3667 4503 ἐποίη-

2088 4538 2180 4574 σεν
2209 4520 2350 4590 ἔχειν
2381 4522 2478 4592 τὴν
2512 4523 2755 4588 ἐξουσίαν
2776 4524 2964 4576 ἑαυτὸν
2998 4524 3290 4594 ἀπονέμειν
3318 4517 3360 4591 ᾧ
3393 4523 3664 4593 βούλεται,

2085 4610 2116 4679 ἦ
2158 4611 2236 4681 τῷ
2278 4612 2504 4682 παρόντι
2545 4613 2698 4684 κακῷ
2739 4611 2771 4684 ἢ
2811 4614 2889 4685 τῷ
2933 4614 3176 4684 μέλλοντι
3221 4614 3426 4686 ἀγαθῷ.
3484 4609 3584 4666 Ὦν
3615 4620 3666 4669 οἱ

2085 4699 2330 4773 ἑλόμενοι
2361 4703 2427 4755 τὰ
2451 4705 2694 4776 παρόντα
2727 4705 2977 4771 ἐξουσίαν
3005 4705 3186 4775 ἔχουσι
3219 4707 3489 4769 πλουτεῖν,
3533 4724 3668 4777 τρυ-

2085 4796 2210 4864 φᾷν,
2236 4796 2478 4864 ἥδεσθαι,
2520 4799 2613 4850 καὶ
2659 4800 2764 4851 πᾶν
2795 4799 2822 4851 ὃ
2866 4816 2917 4852 τι
2959 4800 3023 4851 ἂν
3060 4799 3340 4853 δύνωνται.
3387 4799 3506 4852 Τῶν
3556 4801 3667 4870 γὰρ

2081 4885 2352 4955 ἐσομένων
2385 4887 2602 4955 ἀγαθῶν
2638 4889 2788 4941 οὐδὲν
2830 4887 3062 4956 ἕξουσιν.
3104 4891 3167 4943 οι
3208 4889 3266 4942 δὲ
3296 4888 3365 4942 τά
3390 4890 3489 4960 τῆς
3533 4889 3663 4958 μελ-

1707 5133 1941 5190 νΑῐῖῐιλΕ
1975 5139 2382 5204 LECTIONES.

479 5270 604 5361 '33“
659 5269 801 5361 Yidl.‘
845 5269 1035 5361 SlﬂCECI‘
1097 5270 1350 5361 Tllesaukr.
1393 5287 1574 5361 .s."v.
1629 5269 1924 5361 Clredncrt,‘
1965 5276 2227 5361 Bleurtege
2268 5300 2320 5347 ι,
2381 5286 2504 5341 508.
2561 5286 2616 5340 S.
2677 5287 2813 5342 Tum
2875 5290 3101 5359 adjunxi
3165 5292 3223 5344 ἓν
3275 5292 3344 5349 e.i
3379 5291 3443 5348 0.
3521 5294 3564 5324 ’⁷
3603 5291 3659 5361 ὃς

410 5360 461 5412 p.
493 5343 521 5396 6
551 5343 730 5412 πατήρ
758 5341 822 5394 Ο.

410 5360 461 5412 ιι.
493 5359 521 5396 ο
551 5359 692 5411 πατη
758 5359 822 5394 υ.

407 5429 472 5466 ex
501 5411 546 5466 0
609 5422 659 5465 et
694 5359 834 5468 Epit.

899 5342 1039 5426 illa.
1059 5343 1283 5426 optime‘
1296 5342 1354 5426 S:
1383 5341 1595 5408 ὀφείλον
1625 5343 1861 5426 absurde
1883 5344 1948 5408 Ο,
1967 5347 2122 5426 βρίε,
2160 5341 2440 5410 barbarica
2469 5356 2698 5426 ὀφειλώς
2733 5341 2805 5390 ί²⁹

913 5412 954 5442 ιι
987 5412 1198 5492 ano.“
1333 5413 1628 5498 insequens
1656 5413 1747 5492 καί
1776 5415 1981 5498 inserui
2003 5412 2052 5469 (ἐ.
2079 5419 2142 5472 Ο.
2224 5423 2265 5453 ³³
2302 5412 2528 5494 ὀφείλων
2557 5428 2615 5488 5,
2641 5412 2695 5481 Ο,
2716 5471 2730 5492 ,
2760 5412 2990 5498 ὀφὲιλώς
3014 5430 3054 5482 C

2837 5362 2943 5434 μῄν
2979 5375 3090 5434 om.
3123 5360 3188 5416 Ο.
3218 5432 3227 5434 _
3267 5364 3310 5394 ³⁰
3341 5363 3393 5416 τί
3427 5360 3658 5434 ascripsi

3088 5473 3102 5496 ,
3137 5432 3230 5502 qui
3265 5443 3456 5487 notat:
3488 5432 3658 5491 Poena

409 5483 694 5577 quadrupli
729 5484 779 5577 in
813 5483 954 5577 ςυιτιρ
982 5485 1223 5577 sancli‘tur
1253 5483 1463 5577 legi‘bus
1495 5484 1761 5568 plurimis.
1839 5486 2030 5577 ³³Ωτους
2061 5491 2246 5577 ἐτέρου
2281 5483 2544 5577 galeam;
2575 5483 2731 5561 δζλταέ
2761 5483 2815 5566 μς
2851 5500 2940 5552 τδν
2971 5483 3070 5565 γὲν

410 5553 592 5624 ἑτέρου
627 5551 872 5624 βασιλεία
919 5552 1046 5604 ὄντα
1101 5554 1164 5606 Ο.
1277 5555 1318 5584 ³⁸
1353 5551 1620 5624 Ὲοιιιιεδο
1659 5554 1845 5624 ᾑδέως.
1881 5556 1938 5609 S.

2071 5561 2113 5644 '35
2149 5561 2220 5616 Ita
2259 5561 2302 5618 0
2386 5584 2434 5621 c.
2485 5568 2545 5636 S,
2593 5561 2847 5673 ὑποστέτὶ
2895 5571 2955 5623 (2.
2985 5561 3092 5624 ἀι·
3121 5573 3266 5626 Ιιοιιι.
3317 5591 3398 5638 ιιι,
3428 5561 3517 5637 51,
3551 5561 3656 5643 7|:

2071 5649 2146 5673 ινα
2180 5636 2227 5673 ri
2254 5637 2295 5673 λ’
2315 5637 2352 5673 ΙἺ
2413 5633 2548 5673 ίῗιηνυ
2572 5655 2583 5666 ο
2611 5641 2654 5673 ni
2688 5639 2724 5673 ἓ
2851 5640 2870 5672 9
2903 5638 2977 5673 11η
3009 5640 3051 5673 Π
3106 5658 3133 5673 ιι
3185 5643 3222 5673 ρ
3291 5645 3565 5673 .,..,,ιν.κ..-.
3592 5648 3631 5673 ι’

502 5608 513 5624 ,
627 5608 638 5622 ,
730 5627 736 5634 ἱ
796 5608 858 5636 ν,
1023 5625 1035 5639 η
1352 5625 1362 5639 ν
1664 5608 1690 5638 T.
1808 5608 1860 5642 ,ο
1929 5608 1934 5609 γ
2071 5630 2082 5644 '
2149 5608 2220 5616 --..
2265 5608 2298 5618 ν
2387 5608 2434 5621 ι.
2485 5608 2545 5636 υ,
2597 5608 2822 5622 μην...
2897 5608 2955 5623 υ.
3002 5608 3079 5624 ν..
3121 5608 3266 5626 μω...
3318 5608 3374 5627 η.
3428 5608 3489 5627 υ.
3560 5608 3609 5628 ..

410 5623 602 5724 filii;
695 5623 1076 5724 .iloiﬂﬂfi'.
1112 5624 1372 5724 ..113εὲθῇ
1427 5625 1514 5724 Ci:
1552 5623 1788 5724 at???"
1816 5643 1864 5680 0‘
1897 5644 1949 5698 β’
1977 5629 2113 5689 εἰσιν
2134 5651 2146 5664 ’
2180 5636 2227 5690 (ἱ
2254 5637 2374 5706 ἴδ’-0⁷
2413 5633 2548 5693 ὦσιν
2572 5655 2586 5705 ἶ
2611 5641 2658 5692 οἱ
2688 5639 2744 5693 S'
2826 5608 2870 5673 ς’
2903 5638 2980 5694 lla
3009 5640 3051 5696 Ο
3105 5658 3156 5697 θ’
3185 5643 3223 5698 S
3253 5683 3268 5711 ι
3291 5616 3570 5715 melior“
3591 5619 3654 5702 CI

481 5692 537 5745 δέ
558 5692 622 5748 Ο.
722 5693 761 5725 ⁴¹
794 5695 1076 5766 προφήτης
1112 5696 1298 5766 παρείη
1331 5695 1394 5750 C.
1471 5695 1514 5727 ἰ’
1552 5693 1678 5751 ῐδιον
1704 5694 1771 5753 Ο,
