3860 6210
486 265 589 326 363

1377 270 1433 324 S.
1474 264 1861 323 CLEMENTIS
1899 266 1916 321 l
1954 267 2117 323 ROM.
2164 266 2364 324 PONT.
2406 266 2632 325 ΟΡΕΠΑ
2670 271 2893 328 DUBIA.

3634 278 3741 335 364

487 389 754 444 llictiones
785 388 851 442 ad
881 397 1228 457 peccatorum
1260 390 1644 445 remissionem
1679 391 1811 459 pati.
1848 388 1914 442 Et
1956 389 2058 443 Pe-

2165 409 2306 461 ματα
2332 394 2423 446 καὶ
2454 394 2521 447 τά
2552 394 2695 465 πάθη
2712 395 2757 426 ⁸⁵⁸
2781 397 2861 458 ε’ἱς
2893 396 3088 465 ἄφεσιν
3114 398 3395 468 ἁμαρτιῶν
3429 399 3719 471 πάσχομεν

488 493 604 539 trus
634 499 647 535 :
678 482 841 537 Recte
877 485 949 537 ita
992 483 1173 538 habet.
1221 481 1331 539 Nos
1361 485 1506 538 enim
1529 523 1544 549 ,
1578 486 1673 554 qui
1710 484 1893 539 futura
1936 499 2056 537 ma-

486 577 727 643 luimus,
773 591 895 647 quze
941 576 1095 645 plura
1146 576 1527 645 possidemus,
1572 593 1667 632 seu
1697 586 1907 642 vestes,
1957 594 2052 633 seu

485 669 675 732 cibos,
730 682 824 723 seu
875 667 1158 736 potiones,
1207 682 1303 722 seu
1353 668 1459 721 alia
1488 669 1795 738 quaepiam,
1834 678 2054 737 peccata

484 760 855 831 possidemus,
887 761 1015 830 quia
1050 760 1187 813 nihil
1222 759 1485 814 debemus
1514 760 1737 825 habere,
1770 761 1847 814 uti
1892 761 2055 830 paulo

484 859 612 909 ante
667 867 920 907 sermone
992 852 1284 906 declaravi.
1346 850 1617 906 Omnibus
1673 854 2053 922 possessiones

483 959 707 1019 peccata
738 957 886 1003 sunt.
908 948 1109 1001 Earum
1133 947 1587 1017 qualitereunque
1612 948 1843 1015 privatio
1866 947 2052 1002 adem-

484 1044 597 1112 ptio
658 1051 742 1097 est
788 1040 1137 1094 delictorum.
1199 1035 1346 1092 Dixit
1391 1046 1545 1108 pater
1582 1054 1594 1089 :
1638 1037 1802 1093 Recte
1848 1038 2048 1105 habet,

484 1133 943 1205 quemadmodum
978 1131 1212 1186 divisisti
1238 1131 1378 1185 duos
1411 1130 1545 1185 lines
1570 1130 1805 1185 duorum
1837 1146 2047 1201 regum,

488 1239 545 1283 ut
574 1228 700 1297 quis
730 1226 875 1297 quod
915 1226 1033 1279 vult
1078 1223 1244 1293 eligat
1271 1240 1335 1277 ex
1374 1224 1441 1278 iis
1478 1239 1600 1292 qua:
1643 1224 1695 1277 in
1738 1223 2053 1277 alterutrius

482 1324 583 1377 sita
623 1328 751 1375 sunt
783 1328 1068 1388 potestate.
1114 1317 1255 1382 Quid
1312 1331 1474 1382 vero,
1525 1331 1593 1370 an
1642 1325 1697 1370 et
1737 1316 2054 1371 alllictiones

478 1415 625 1482 juste
666 1411 941 1482 patimur?
965 1409 1031 1465 Et
1055 1408 1288 1463 Petrus:
1321 1408 1655 1463 Justissime.
1698 1407 2056 1477 Quandoqui-

481 1509 604 1561 dem
632 1507 775 1561 enim
802 1520 994 1559 eorum
1026 1504 1119 1573 qui
1150 1504 1434 1557 salvantur
1462 1503 1727 1557 terminus
1758 1515 1841 1558 est
1862 1546 1876 1569 ,
1913 1505 2057 1559 sicut

482 1598 626 1663 dixi,
655 1606 714 1651 ut
748 1612 909 1650 nemo
939 1595 1143 1665 aliquid
1174 1596 1370 1649 habeat
1390 1637 1404 1659 ,
1442 1597 1627 1649 multis
1654 1606 1834 1652 autem
1870 1597 2055 1651 multae

483 1699 779 1761 suppetunt
832 1690 1250 1760 possessiones,
1311 1706 1433 1760 quae
1480 1691 1639 1745 aliter
1688 1699 1743 1745 et
1801 1700 2048 1759 peccata,

483 1784 607 1839 ideo
640 1799 736 1853 per
770 1782 1029 1836 eximiam
1060 1781 1154 1836 Dei
1189 1782 1586 1836 humanitatem
1619 1782 1941 1839 alllictiones
1968 1784 2054 1838 in-

482 1878 759 1939 ducuntur
798 1876 866 1930 iis
898 1875 995 1944 qui
1028 1891 1133 1929 non
1184 1890 1319 1944 pure
1356 1876 1579 1940 vivunt,
1616 1885 1673 1931 ut
1704 1886 1927 1946 propter
1954 1877 2054 1931 ali-

482 1978 744 2041 quantam
784 1984 911 2038 erga
981 1968 1149 2022 Deum
1204 1968 1523 2023 charitatem
1576 1984 1672 2038 per
1721 1969 2051 2040 temporaria

482 2061 747 2132 supplicia
775 2061 993 2115 aeternis
1023 2061 1197 2129 pinnis
1231 2060 1554 2114 liberentur.

552 2153 622 2209 Χ.
645 2152 784 2207 Tum
808 2163 995 2222 pater:
1025 2151 1165 2217 Quid
1196 2152 1340 2205 enim
1363 2192 1382 2216 ,
1408 2167 1592 2207 nonne
1626 2153 1827 2207 multos
1854 2152 2052 2223 impios

478 2248 729 2304 videmus
769 2245 1072 2316 pauperes?
1114 2245 1196 2298 An
1242 2254 1532 2314 propterea
1564 2252 1619 2298 et
1654 2245 1731 2297 illi
1774 2244 1915 2299 inter
1958 2260 2053 2299 eos

478 2341 576 2414 qui
606 2339 837 2395 salutem
868 2345 1275 2406 consequentur
1303 2336 1630 2392 numerandi
1660 2337 1827 2393 sunt?
1853 2336 1917 2391 Et
1952 2336 2051 2393 Pe-

477 2444 632 2491 trus:
662 2432 1018 2502 Nequaquam
1051 2430 1300 2486 omnino.
1332 2427 1451 2484 Non
1488 2430 1635 2484 enim
1663 2430 1946 2499 probanda
1968 2440 2051 2486 est

480 2526 696 2595 in0pia,
728 2524 797 2590 si,
827 2539 949 2594 quae
992 2538 1099 2576 non
1124 2530 1375 2590 oportet,
1408 2530 1646 2593 appetat.
1698 2520 1787 2576 Sic
1831 2537 2052 2592 quoque

478 2616 727 2671 nonnulli
762 2616 1044 2669 voluntate
1075 2613 1269 2668 divites
1300 2628 1467 2681 opum
1502 2623 1631 2668 sunt
1672 2629 1973 2683 pauperes,
2000 2623 2054 2668 et

478 2716 742 2778 tanquam
794 2705 1113 2761 facultatum
1166 2704 1351 2774 cupidi
1403 2704 1727 2773 puniuntur.
1792 2706 1898 2759 Sed
1950 2721 2053 2761 nec

478 2800 623 2870 quod
653 2798 850 2867 aliquis
900 2798 971 2852 sit
1023 2812 1248 2866 pauper,
1288 2798 1472 2852 statim
1500 2797 1685 2865 justus
1728 2807 1832 2852 est.
1866 2796 2053 2852 Potest

477 2891 677 2961 quippe
702 2905 907 2960 pauper
941 2904 1064 2943 esse
1095 2888 1346 2957 pecunia,
1382 2898 1438 2943 at
1465 2904 1585 2943 eam
1612 2903 1835 2957 cupere,
1870 2898 1967 2943 aut
1995 2888 2049 2943 id

2162 487 2270 539 Kal.
2312 489 2340 539 6
2388 487 2622 558 Πέτρος’
2661 487 2865 559 Ὀρθῶς
2896 488 3007 557 ἔχει
3041 489 3131 541 καὶ
3166 490 3353 554 οὕτως.
3395 492 3589 561 Ἡμεῖς
3631 494 3743 565 γὰρ

2160 578 2209 629 οί
2257 577 2499 648 ἑλόμενοι
2544 578 2708 651 314
2749 579 2816 632 τά
2859 581 3125 651 ἐσόμενα,
3162 581 3197 635 ἃ.
3225 584 3539 654 κεκτήμεθα
3590 585 3743 638 πλεί-

2159 686 2254 721 ονα
2293 668 2401 738 (46)
2422 710 2436 732 ,
2466 668 2576 721 εἴτε
2610 669 2891 741 ἐσθήματα
2912 671 2959 701 ⁸⁸
2982 672 3089 724 εἴτε
3126 670 3411 742 βρώματα,
3434 673 3545 725 είτε
3576 675 3740 729 ποτὰ.

2159 760 2268 812 εἴτε
2293 760 2427 813 ἄλλα
2458 760 2599 823 τινὰ,
2634 760 2908 833 ἁμαρτίας
2931 762 3269 833 κεκτήμεθα,
3292 764 3382 816 διὰ
3402 763 3464 816 τὸ
3495 764 3612 818 δεῖν
3645 782 3743 834 μη-

2158 850 2245 903 δὲν
2277 851 2450 922 ἐχειν,
2475 852 2552 915 ὼς
2581 852 2761 923 μικρῷ
2803 854 2989 927 τάχιον
3023 854 3217 907 διεῖλον
3254 856 3345 908 τὸν
3378 856 3564 923 λόγον.
3595 858 3742 910 nam

2158 944 2227 998 τὰ
2273 948 2526 1015 κτήματα
2562 928 2935 1017 ἁμαρτήματα
2952 945 3017 998 ⁸⁷.
3063 946 3126 998 Ἦ
3172 946 3373 1001 τούτων
3415 950 3570 1012 ὅπως
3606 951 3743 1003 ποτὲ

2162 1036 2413 1107 στέρησις
2445 1036 2727 1107 ἁμαρτιῶν
2774 1038 2922 1090 ἐστιν
2961 1037 3265 1107 ἀφαίρεσις.
3323 1040 3431 1093 Καὶ
3475 1042 3504 1093 6
3553 1042 3743 1113 πατὴρ

2158 1128 2260 1199 ἔφη
2284 1145 2297 1157 ·
2319 1127 2647 1191 Ἀκολούθως
2679 1127 2812 1197 ἔχει,
2839 1128 3019 1191 καθὼς
3045 1129 3137 1183 δύο
3168 1130 3357 1194 διεῖλες
3375 1132 3418 1163 ⁸⁸
3441 1133 3607 1203 ὄρους
3627 1134 3746 1185 τῶν

2157 1221 2248 1275 δύο
2292 1220 2555 1291 βασιλέων
2580 1263 2594 1285 ,
2618 1222 2687 1275 τὰ
2719 1222 2804 1291 ἐφ’
2831 1223 3044 1293 ἑκάστῳ
3074 1222 3182 1274 τῶν
3216 1223 3320 1276 ὑπὸ
3350 1225 3448 1293 τὴν
3483 1226 3742 1290 ἐξουσίαν

2158 1314 2335 1367 αὐτῶν
2380 1314 2549 1367 όντων
2592 1315 2865 1387 αἱρεῖσθαι
2919 1315 2948 1367 ὃ
2992 1315 3256 1386 βούλεται.
3308 1315 3370 1369 Τί
3411 1318 3469 1370 δὲ
3517 1322 3618 1373 καὶ
3670 1321 3745 1372 τά

2160 1408 2305 1477 πάθη
2322 1408 2366 1440 ⁸³
2397 1409 2444 1460 εί
2470 1408 2691 1472 δικαίως
2721 1412 2997 1479 πάσχομεν
3021 1426 3036 1473 ;
3078 1410 3171 1462 καὶ
3194 1412 3222 1463 6
3248 1411 3452 1481 Πέτρος
3471 1428 3484 1440 ·
3513 1414 3740 1467 Δικαιό-

2158 1520 2314 1575 τατα.
2367 1502 2519 1575 Ἐπεὶ
2550 1502 2657 1575 γάρ
2690 1505 2722 1575 ό
2759 1502 2878 1575 τῶν
2909 1501 3228 1575 σωζομένων
3257 1505 3380 1575 ὅρος
3425 1507 3614 1570 ἐστὶν,
3666 1507 3745 1569 ὡς

2162 1573 2295 1643 ἔφην
2315 1612 2329 1635 ,
2358 1573 2417 1624 τὸ
2438 1573 2481 1603 ⁶⁰
2524 1573 2711 1643 μηδενὶ
2759 1573 2924 1642 μηδὲν
2976 1573 3240 1644 ὑπάρχειν
3266 1573 3300 1641 ,’
3332 1575 3569 1645 ὑπάρχει
3589 1578 3633 1608 ⁸³
3682 1577 3743 1629 δὲ

2088 1646 2128 1699 Β
2159 1666 2328 1719 πολλὰ
2377 1666 2589 1729 πολλοῖς
2638 1668 2891 1737 κτήματα
2912 1706 2926 1730 ,
2977 1667 3071 1720 καὶ
3114 1666 3287 1730 ἄλλως
3320 1668 3700 1739 ἁμαρτήματα
3724 1710 3739 1729 ,

2156 1758 2345 1811 τούτου
2378 1758 2536 1830 χάριν
2576 1758 2632 1825 ἐξ
2661 1758 3099 1829 ὑπερϐαλλούσης
3137 1758 3272 1811 Θεοῦ
3322 1759 3745 1831 φιλανθρωπίας

2157 1852 2418 1919 ἐπάγεται
2445 1852 2511 1905 τὰ
2533 1852 2679 1921 πάθη
2705 1854 2817 1915 τοῖς
2845 1853 2917 1921 μὴ
2947 1850 3252 1922 εἰλικρινῶς
3272 1851 3737 1920 πολιτευομένοις,

2157 1947 2243 1998 ῖνα
2276 1944 2363 1999 διὰ
2393 1946 2451 1997 τὸ
2500 1945 2678 2008 ποσῶς
2696 1946 2739 1975 ⁸³
2767 1944 3008 2014 φιλόθεον
3048 1945 3399 2017 προσκαίροις
3436 1945 3737 2015 τιμωρίαις

2157 2039 2387 2093 αἰωνίων
2423 2038 2634 2092 σωθῶσι
2662 2036 2953 2091 κολάσεων.

2230 2131 2294 2185 Χ.
2327 2134 2435 2185 Καὶ
2468 2134 2495 2184 ό
2531 2133 2713 2203 πατήρ
2732 2149 2744 2161 ·
2779 2130 2842 2185 Τί
2866 2131 2919 2183 δὲ
2942 2130 2987 2162 ⁸³
3017 2131 3079 2183 οὐ
3114 2130 3337 2194 πολλοὺς
3360 2129 3577 2193 ὰσεδεῖς
3601 2130 3736 2201 ὁρῶ-

2160 2242 2257 2294 μεν
2286 2224 2554 2294 πένηταςς
2583 2218 2714 2276 Εἶτα
2736 2224 2779 2254 ⁸⁵⁵
2802 2222 2949 2309 παρὰ
2983 2222 3140 2275 τοῦτο
3173 2224 3264 2275 καὶ
3298 2217 3440 2276 οῦτοι
3474 2221 3585 2273 τῶν
3622 2238 3728 2273 σω-

2157 2315 2397 2385 ζομένων
2432 2315 2599 2378 είσίν;
2636 2315 2742 2367 Καὶ
2776 2316 2804 2367 ό
2852 2314 3084 2385 Πέτρος·
3114 2313 3188 2365 υὺ
3231 2314 3465 2375 πάντως.
3498 2313 3576 2365 Οὐ
3621 2311 3736 2383 γὰρ

2156 2409 2423 2479 ἁποδεκτὴ
2454 2410 2487 2478 ἡ
2514 2408 2670 2461 πενία
2706 2401 2779 2460 ὧν
2810 2408 2883 2478 μὴ
2918 2406 3191 2477 προσῆκεν
3216 2406 3533 2477 όρεγομένη.
3566 2406 3731 2481 Ὢετε

2155 2502 2299 2561 τινὲς
2317 2504 2383 2572 τῇ
2408 2502 2721 2572 προαιρέσει
2748 2498 3037 2553 πλουτοῦσι
3058 2498 3338 2569 πενόμενοι
3362 2498 3405 2529 ⁸⁵
3425 2502 3526 2569 χρή
3540 2516 3727 2568 μασιν,

2156 2596 2249 2648 καὶ
2280 2596 2355 2658 ὡς
2382 2594 2718 2647 πλεονεκτεῖν
2748 2592 3136 2663 ἐπιθυμοῦντες
3166 2591 3545 2663 τιμωροῦνται.
3564 2590 3735 2662 315

2169 2686 2305 2741 Ἀλλ’
2336 2687 2457 2739 οὐδὲ
2485 2690 2542 2739 ἐν
2575 2686 2653 2757 τῷ
2677 2687 2883 2755 πένητα
2920 2682 3059 2739 εἷναί
3098 2703 3219 2739 τινα
3264 2686 3478 2747 πάντως
3518 2683 3731 2745 δίκαιός

2156 2784 2321 2835 ἐστιν.
2356 2781 2582 2833 Δύναται
2606 2780 2714 2851 γὰρ
2747 2776 2959 2848 πτωχὸς
2995 2778 3093 2848 μὲν
3126 2781 3236 2841 τοῖς
3269 2780 3539 2849 χρήμασιν
3563 2772 3727 2841 εἶναι,

2156 2874 2440 2945 ἐπιθυμεῖν
2465 2874 2520 2927 δὲ
2554 2874 2586 2944 ἢ
2609 2875 2700 2926 καὶ
2727 2873 2986 2943 πράττειν
3011 2871 3039 2924 ὃ
3068 2871 3490 2941 προηγουμένως
3513 2870 3575 2922 οὐ
3598 2872 3724 2940 χρή.

479 2984 658 3038 facere
686 2982 831 3051 quod
860 2980 1131 3049 praecipue
1164 2996 1270 3033 non
1295 2980 1601 3048 oportebat.
1622 2978 1759 3033 Nam
1793 2981 1874 3034 vel
1906 2980 2048 3035 idola

2161 2971 2226 3023 Ἢ
2260 2969 2368 3041 γὰρ
2409 2967 2602 3022 εἴδωλα
2631 2965 2813 3029 σέϐει,
2857 2964 2890 3035 ἢ
2926 2963 3264 3034 βλασφημεῖν
3299 2963 3331 3033 ἢ
3368 2964 3653 3034 πορνεύων
3691 2963 3729 3033 ἥ

475 3073 642 3136 colit,
674 3072 759 3127 vel
804 3070 1173 3139 blasphemat,
1207 3070 1289 3123 vel
1329 3068 1663 3132 fornicatur,
1702 3071 1785 3124 vel
1834 3070 2049 3125 indill‘e-

478 3174 660 3219 renter
686 3162 838 3224 vivit,
869 3161 1141 3230 perjurus,
1178 3161 1410 3214 mendax
1434 3203 1448 3227 ,
1476 3172 1570 3215 aut
1597 3160 1848 3217 inlidelis.
1878 3161 2050 3216 Caete-

476 3270 597 3307 rum
630 3252 884 3322 Magister
909 3259 1094 3303 noster
1125 3250 1311 3303 ﬁdeles
1341 3266 1610 3319 pauperes
1638 3251 1827 3306 beatos
1855 3252 2049 3321 praedi-

478 3346 621 3399 cavit
651 3357 701 3409 ο,
740 3358 945 3411 eosque
997 3356 1107 3395 non
1156 3341 1304 3395 velut
1328 3342 1532 3411 aliquid
1577 3343 1869 3411 largientes
1900 3362 1912 3394 :
1949 3358 2047 3396 ne-

474 3454 581 3507 que
606 3437 749 3491 cnim
773 3435 1077 3498 habebant;
1108 3434 1201 3487 sed
1234 3434 1384 3503 quia,
1417 3448 1543 3487 cum
1570 3434 1703 3486 nihil
1732 3442 2043 3501 pecearent,

476 3532 547 3584 ob
589 3530 640 3583 id
682 3528 898 3591 solum,
927 3528 1071 3596 quod
1116 3527 1312 3596 inopiae
1346 3542 1476 3595 ergo
1501 3526 1903 3595 eleemosynam
1936 3542 2047 3579 non

478 3622 782 3687 faciebant,
823 3620 1175 3675 condemnari
1210 3635 1318 3673 non
1368 3627 1639 3688 poterant.
1674 3616 1812 3671 Tum
1843 3627 1999 3685 pater
2030 3637 2042 3671 :

482 3716 614 3769 Vere
640 3728 867 3781 prorsus
899 3711 1197 3766 secundum
1227 3710 1557 3779 propositam
1575 3710 1931 3778 quiestionem
1957 3724 2045 3763 res

477 3806 729 3859 videntur
758 3813 901 3857 recte
935 3802 1171 3856 habere:
1202 3817 1372 3870 quare
1418 3800 1582 3854 statui
1633 3808 1804 3852 totam
1855 3798 2045 3852 ordine

474 3895 663 3951 audire
688 3894 1011 3949 doctrinam.

545 3986 637 4040 XI.
697 3984 761 4037 Et
805 3982 999 4037 Petrus
1042 4000 1055 4035 :
1106 3982 1290 4051 itaque
1340 3980 1597 4048 deinceps
1649 3978 1887 4034 studenti
1945 3978 2041 4032 tibi

472 4080 685 4135 discere
710 4090 833 4145 quae
858 4075 924 4129 ad
957 4083 1199 4129 nostram
1226 4072 1544 4142 religionem
1578 4074 1849 4139 pertinent
1872 4071 2045 4125 debeo

473 4166 665 4221 ordine
690 4178 963 4233 exponere
990 4162 1299 4216 doctrinam
1320 4202 1333 4225 ,
1369 4161 1437 4214 ab
1468 4162 1587 4229 ipso
1616 4162 1881 4231 incipiens
1910 4160 2045 4225 Deo,

2154 3060 2459 3129 ἀδιαφόρως
2486 3058 2572 3129 ζῇ,
2601 3058 2633 3129 ἢ
2662 3058 2949 3129 ἐπιορκῶν,
2978 3056 3009 3127 ἦ
3041 3056 3449 3127 ψευδόμενος,ἢ
3483 3056 3730 3120 ἀπίστως

2156 3152 2319 3221 βιούς.
2348 3151 2493 3221 Πλὴν
2517 3152 2545 3201 6
2568 3149 2882 3212 διδάσκαλος
2902 3148 3057 3219 ἡμῶν
3089 3148 3314 3210 πιστοὺς
3335 3148 3568 3218 πένητας
3588 3148 3733 3218 ἐμα-

2154 3242 2378 3311 κάρισεν
2402 3214 2467 3313 δῖ,
2501 3241 2594 3292 καὶ
2614 3240 2806 3302 αὐτοὺς
2832 3239 2929 3308 οὐχ
2956 3239 3031 3302 ὡς
3061 3238 3471 3309 παρεσχηκότας
3496 3255 3570 3301 τι,
3605 3239 3730 3291 οὐδὲ

2152 3334 2260 3406 γὰρ
2296 3329 2459 3403 εἶχον,
2494 3333 2607 3385 ἀλλ’
2651 3332 2727 3395 ὡς
2774 3332 2937 3403 μηδὲν
2971 3331 3381 3401 ἁμαρτάνοντας
3402 3332 3466 3394 ⁸⁷,
3502 3334 3595 3383 καὶ
3633 3331 3737 3383 ἐπὶ

2157 3428 2301 3497 μόνῳ
2324 3426 2401 3496 τῷ
2433 3426 2530 3495 τὴν
2550 3423 2915 3495 ἐλεημοσύνην
2945 3424 3019 3493 μὴ
3046 3426 3239 3485 ποιεῖν,
3260 3423 3345 3476 διὰ
3365 3422 3425 3476 τὸ
3450 3424 3523 3494 μὴ
3553 3423 3726 3493 ἔχειν,

2152 3518 2609 3587 καταδικασθῆναι
2645 3518 2743 3569 οὐκ
2776 3516 2997 3585 ἔχοντας
3010 3516 3074 3569 ⁸⁸.
3104 3517 3214 3569 Καὶ
3246 3518 3275 3569 ό
3314 3518 3522 3587 πατήρ·
3567 3517 3729 3586 Ἀλη-

2153 3611 2259 3673 θῶς
2293 3611 2432 3664 πάνυ
2466 3608 2607 3663 κατὰ
2644 3610 2741 3679 τὴν
2792 3608 3047 3662 ὑπόθεσιν
3077 3608 3251 3679 ὀρθῶς
3287 3609 3430 3678 ἔχειν
3477 3608 3547 3661 τὰ
3580 3610 3729 3681 πρά-

2150 3720 2336 3773 γματα
2378 3704 2645 3770 φαίνεται,
2679 3702 2760 3774 διὸ
2798 3702 2892 3755 καὶ
2938 3702 3307 3772 προαιρέσεως
3354 3702 3621 3772 ἐγενόμην
3653 3708 3730 3775 τῇ

2149 3797 2297 3862 τάξει
2328 3798 2524 3861 παντὸς
2554 3796 2854 3850 ἐπακοῦσαι
2886 3796 2979 3849 τοῦ
3007 3796 3183 3864 λόγου.

2224 3980 2313 4034 Xl.
2356 3980 2465 4034 Καὶ
2507 3979 2535 4030 6
2579 3978 2813 4047 Πέτρος·
2852 3973 3058 4028 Οὐκοῦν
3090 3972 3183 4027 τοῦ
3224 3973 3410 4026 λοιποῦ
3443 3973 3733 4027 σπεύδοντί

2156 4089 2234 4124 σοι
2260 4072 2328 4125 τὰ
2354 4071 2495 4125 κατὰ
2516 4070 2616 4141 τὴν
2646 4067 2921 4139 ἡμετέραν
2954 4065 3248 4138 θρησκείαν
3284 4065 3492 4136 μαθεῖν,
3524 4066 3731 4134 ὀφείλω

2152 4169 2217 4235 τῇ
2252 4164 2402 4231 τάξει
2427 4165 2517 4216 τὸν
2541 4163 2697 4231 λόγον
2727 4162 2962 4214 ἐκθεῖναι
2988 4159 3081 4214 ἀπ’
3116 4159 3281 4212 αὑτοῦ
3308 4159 3605 4230 ἀρχόμενος
3630 4159 3731 4212 τοῦ

472 4266 525 4310 et
556 4252 848 4308 ostendens
886 4251 1063 4319 ipsum
1097 4250 1273 4303 solum
1300 4248 1406 4302 dici
1436 4247 1631 4302 debere
1666 4247 1835 4302 Deum
1860 4289 1874 4312 ,
1906 4247 2045 4300 alios

2161 4258 2308 4319 Θεοῦ,
2345 4258 2437 4309 καὶ
2464 4256 2677 4317 δεικνὺς
2708 4255 2792 4307 ὅτι
2841 4254 3003 4306 αὑτὸν
3038 4252 3197 4324 μόνον
3236 4250 3316 4305 δεῖ
3357 4251 3535 4320 λέγειν
3565 4250 3726 4315 Θεὸν,

541 4403 565 4429 α
610 4388 795 4444 Matth.
830 4403 882 4450 v,
912 4387 964 4440 ὅ.

1779 4520 2013 4573 VARUE
2056 4519 2459 4577 LECTIONES.

555 4622 598 4652 "
621 4619 918 4689 παθήματα
948 4616 1011 4671 Ο.

472 4708 525 4760 p.
545 4694 678 4744 πᾶσι
702 4681 1055 4760 τᾶ’κτήματα
1087 4681 1455 4757 ἁμαρτήματα
1484 4681 1548 4739 0.
1579 4681 1719 4738 Idem
1753 4681 1858 4739 scr.
1884 4684 2189 4760 όπώσποτε.
2227 4684 2272 4715 ⁵⁸

1090 4618 1134 4648 ⁵⁸
1163 4616 1363 4685 ἐσθῆτα
1393 4618 1453 4671 C.
1531 4617 1573 4646 ⁵⁸⁷
1608 4616 1669 4667 Εἰ
1698 4615 1805 4684 γὰρ
1838 4616 1894 4666 ἐν
1928 4616 2063 4667 πᾶσι
2087 4612 2155 4665 τὰ
2196 4616 2296 4684 κτή
2348 4633 2448 4667 ατα
2485 4614 2765 4685 προξενεῖν
2797 4610 2903 4667 οἶδε
2932 4618 3043 4678 τοῖς
3089 4616 3303 4685 ἔχουσιν
3346 4615 3726 4685 ἁμαρτήματα

1090 4688 1455 4737 ἁιιαοτήιιατα
1484 4681 1548 4737 0.
1579 4686 1719 4737 Idem
1753 4700 1858 4737 scr.
1884 4684 2189 4737 όπώσποτε.
2227 4684 2272 4715 ⁵⁸
2306 4633 2382 4737 ria
2410 4684 2454 4737 Ο
2530 4702 2579 4737 c.
2609 4686 2645 4737 ὃ
2675 4727 2689 4737 .
2719 4686 2919 4737 διείλας
2934 4685 2992 4737 C.
3025 4684 3275 4737 Occurrit
3300 4684 3473 4737 forma
3490 4685 3725 4737 εἱλάιιτιν

2354 4702 2382 4737 a
2410 4684 2454 4737 Ο
2494 4684 2579 4756 _c.
2609 4686 2645 4756 δ
2675 4727 2689 4746 ,
2719 4686 2919 4756 gnata;
2934 4685 2992 4738 (Σ.
3025 4684 3275 4740 Occurrit
3300 4684 3725 4756 [οι-ιηεεὶλᾴμην

475 4751 634 4825 ῑιοι).
681 4751 969 4827 ΡΙινυη.”ρ.
1000 4751 1148 4821 185),
1177 4751 1519 4827 ηοηῖιιιιωη,
1545 4765 1809 4827 quantum
1835 4756 2296 4827 sciam,‘ao_r_istus
2325 4767 2431 4827 act.
2457 4752 2601 4827 είλα.
2633 4754 2698 4827 S.
2722 4751 2858 4807 Tum
2878 4770 2949 4827 _p.
2978 4760 3049 4812 τά
3077 4771 3272 4809 sensus
3298 4756 3532 4825 postulat
3557 4751 3730 4823 εἶναι,

472 4822 582 4886 esse
608 4833 659 4884 in
684 4822 1212 4896 cujusvis'potestate.
1250 4827 1288 4877 υ
1343 4825 1381 4879 S
1435 4822 1696 4896 maluerit
1712 4825 1884 4896 όντος.
1912 4825 2003 4896 μυί).
2027 4822 2158 4896 Dedi
2193 4825 2369 4896 καῖτὰ
2386 4826 2543 4896 Arrio-ri

2579 4840 2627 4878 c.
2665 4825 2729 4887 O,
2763 4825 2903 4877 κατὰ
2934 4828 3098 4894 πᾶσιν
3127 4826 3312 4893 (lectio
3342 4832 3722 4894 monstruosa)

472 4904 558 4981 tu)”,
589 4892 1000 4981 navraﬁaaw§
1059 4916 1128 4979 eis
1149 4898 1482 4981 conjectura.
1540 4893 1765 4981 3°52!)
1796 4934 1808 4957 ,
1844 4893 1938 4981 to?
1967 4892 2158 4981 (3,6,0-n
2205 4893 2417 4981 “nlta70
2634 4935 2648 4957 ,
2685 4896 2908 4981 ὑπάρχῃ
3029 4893 3166 4975 Tum
3192 4896 3363 4981 'omisi
3394 4896 3456 4949 Ci
3490 4902 3562 4981 τά
3590 4892 3723 4981 ante

472 4971 645 5033 ἄλλως
671 4986 718 5023 c.
768 4968 832 5022 0.
931 4969 974 4998 "
1000 4968 1170 5029 τοτῶς
1198 4968 1257 5019 (λι
1325 4978 1375 5019 et
1406 4965 1460 5019 S.

1540 4964 1661 5036 θζδέ
1685 4964 1743 5036 Cl
1797 4975 1848 5017 et
1881 4961 1988 5036 0
2024 4964 2086 5032 δή
2257 4964 2299 4993 ⁸⁵
2330 4961 2446 5017 εἶτα
2480 4966 2602 5036 add.
2630 4981 2677 5018 c.
2712 4964 2774 5018 0.
2806 4961 2905 4996 ’π
2936 4966 2967 5035 ἡ
3012 4964 3104 5017 τοῦ
3138 4966 3370 5036 πένητος
3404 4962 3585 5036 πενία,
3624 4966 3722 5019 ἐὰν

472 5029 718 5140 ὀρέγεται
739 5038 1015 5110 (ὀρέγηται
1053 5037 1292 5091 var.lect.
1325 5051 1410 5105 ap.
1458 5036 1543 5099 C.)
1582 5029 1653 5084 ὧν
1685 5035 1745 5086 οὺ
1776 5035 1899 5103 χρή.
1935 5029 2313 5104 ὥστε’(ῶσπερ
2344 5036 2489 5105 conj.
2526 5033 2564 5088 S
2595 5038 2609 5101 )
2639 5036 2785 5097 τινὲς
2818 5038 2882 5105 τῇ
2919 5029 3237 5105 π’ροαίρεσει
3264 5029 3616 5088 ’πλουτοῦσιν
3651 5037 3714 5088 (Σ.

474 5112 494 5138 ε
546 5111 785 5140 nmium.
847 5109 990 5140 ρης...
1034 5122 1048 5140 ι
1112 5106 1214 5140 m7
1281 5105 1321 5140 ρ.
1417 5107 1456 5136 ιτ
1493 5105 1564 5140 Im
1601 5106 1637 5140 ς
1690 5105 1768 5140 2...
1814 5104 2407 5140 “asummmaumnu
2443 5107 2482 5140 ιγ
2531 5115 2577 5140 ..ι
2613 5104 2656 5140 n
2709 5108 2915 5140 η...
3002 5122 3093 5140 cm.
3170 5109 3264 5140 ..ηε
3320 5122 3345 5140 σι
3391 5102 3690 5140 gmina“...

540 5082 1015 5172 '(z'Fe'tiiiéEf'éé‘iiZ
1034 5082 1565 5161 ifsorf'STr'vwli'a
1586 5082 1645 5156 "s
1690 5082 1975 5174 arma;
1991 5082 2489 5172 'aaapea:.gz.;;"e
2528 5082 2581 5157 ξι
2595 5082 2656 5157 ¹Ο

472 5178 569 5252 τὴν
605 5181 681 5233 ἐλ.
713 5178 857 5243 S,0,
882 5179 979 5247 τῆς
1002 5180 1078 5230 ελ.
1114 5178 1175 5231 C.
1255 5177 1296 5207 ⁸⁸
1328 5176 1506 5245 ἔχουσι
1537 5176 1599 5229 0.

2709 5108 2801 5174 qui
2828 5102 2937 5158 oin.
2965 5102 2973 5105 ⁷
3002 5102 3115 5174 seq.
3170 5109 3265 5159 καί
3318 5122 3348 5159 a
3391 5102 3715 5160 Sadditum.

1765 5332 2127 5389 VARIORUM
2166 5330 2399 5385 ΝΟΤᾸΕ.

542 5451 653 5523 (46)
682 5443 749 5506 'A
783 5448 1109 5523 κεκτήμεθα
1137 5449 1403 5523 πλείονα,
1428 5457 1529 5523 etc.
1568 5448 1889 5523 Durﬁpscule
1913 5456 2041 5501 sunt

2146 5446 2433 5499 verborum
2470 5445 2698 5497 istorum
2738 5442 2790 5495 in
2832 5434 2949 5491 Vita
2978 5432 3096 5490 Nili
3118 5440 3366 5509 junioris.
3404 5454 3569 5508 quam
3597 5437 3713 5509 ιῖοο

470 5508 585 5577 haec
619 5508 882 5591 adversus
910 5508 1125 5591 divitias
1168 5520 1367 5591 dicta”:
1394 5508 1548 5591 unde
1592 5536 1621 5573 a
1668 5517 2036 5591 Metaphraste
2138 5532 2249 5591 Δῐῐιειε
2272 5514 2541 5591 edendam
2558 5513 2778 5591 curavit
2802 5510 3087 5591 blatthzeus
3128 5511 3488 5591 t._:ir)'opliilus
3510 5524 3561 5577 p.
3585 5508 3713 5591 llg,

470 5592 791 5647 molliuntur
838 5586 1073 5652 Epitome
1102 5604 1221 5658 cap.
1260 5589 1380 5643 127.
1427 5589 1585 5643 Certe
1623 5589 1763 5657 apud
1800 5586 2034 5657 Epipha-

2138 5586 2243 5639 lioc
2260 5595 2441 5653 pacto:
2460 5581 2939 5653 Μάθετε,άδελφο“ι,
2962 5580 3137 5653 τοῦτο,
3162 5582 3241 5653 ὅτι
3266 5583 3297 5650 ἡ
3323 5580 3429 5653 τῶν
3457 5580 3716 5653 πραγμά-

469 5661 623 5719 nium
656 5661 845 5715 haeresi
874 5649 962 5721 '50,
988 5675 1105 5727 cap.
1136 5649 1222 5724 1³7,
1255 5658 1491 5714 Ebionmi
1510 5649 1812 5729 gloriantur
1831 5649 1889 5713 se
1903 5649 2028 5712 esse
2137 5674 2242 5707 των
2262 5649 2614 5729 όπωσδήτὲοτε
2644 5653 2914 5723 στέρησις,
2945 5649 3356 5722 ἁμαρτημάτων
3380 5652 3525 5702 ἐστὶν
3552 5650 3716 5718 ’ἀφαί-

475 5745 539 5785 ac
559 5732 739 5787 vocari
760 5730 1019 5801 πτωχούς.
1051 5731 1232 5786 Inveni
1256 5740 1433 5787 autem
1455 5738 1776 5800 usurpatum
1814 5745 2024 5785 comma

2144 5744 2309 5793 ρεσις.
2347 5726 2479 5779 ϐυτ.
