  <div class='ocr_page' id='page_1' title='image "/cluster/home/n/w/nwhite01/storage/ocr_20150623/2/nnc1.0114695790/229.png"; bbox 0 0 3860 6210; ppageno 0'>
   <div class='ocr_carea' id='block_1_1' title="bbox 458 340 557 397">
    <p class='ocr_par' dir='ltr' id='par_1_1' title="bbox 458 340 557 397">
     <span class='ocr_line' id='line_1_1' title="bbox 458 340 557 397; baseline -0.02 0"><span class='ocrx_word' id='word_1_1' title='bbox 458 340 557 397; x_wconf 78' lang='lat'><strong>567</strong></span> 
     </span>
    </p>
   </div>
   <div class='ocr_carea' id='block_1_2' title="bbox 1301 334 2809 393">
    <p class='ocr_par' dir='ltr' id='par_1_2' title="bbox 1301 334 2809 393">
     <span class='ocr_line' id='line_1_2' title="bbox 1301 334 2809 393; baseline 0.003 -4"><span class='ocrx_word' id='word_1_2' title='bbox 1301 334 1358 389; x_wconf 88' lang='lat' dir='ltr'><strong>S.</strong></span> <span class='ocrx_word' id='word_1_3' title='bbox 1398 334 1781 390; x_wconf 81' lang='lat' dir='ltr'><strong>CLEMENTIS</strong></span> <span class='ocrx_word' id='word_1_4' title='bbox 1819 336 1836 388; x_wconf 94' lang='lat'><em>|</em></span> <span class='ocrx_word' id='word_1_5' title='bbox 1879 335 2043 391; x_wconf 77' lang='lat' dir='ltr'><strong>ROM.</strong></span> <span class='ocrx_word' id='word_1_6' title='bbox 2084 335 2279 390; x_wconf 80' lang='grc' dir='ltr'><strong>ΡΟΝΤ.</strong></span> <span class='ocrx_word' id='word_1_7' title='bbox 2323 336 2547 390; x_wconf 76' lang='lat' dir='ltr'><strong>OPEliA</strong></span> <span class='ocrx_word' id='word_1_8' title='bbox 2588 338 2809 393; x_wconf 72' lang='lat' dir='ltr'><strong>Dl’BlA.</strong></span> 
     </span>
    </p>
   </div>
   <div class='ocr_carea' id='block_1_3' title="bbox 3598 343 3700 397">
    <p class='ocr_par' dir='ltr' id='par_1_3' title="bbox 3598 343 3700 397">
     <span class='ocr_line' id='line_1_3' title="bbox 3598 343 3700 397; baseline 0.01 -1"><span class='ocrx_word' id='word_1_9' title='bbox 3598 343 3700 397; x_wconf 79' lang='lat'><strong>568</strong></span> 
     </span>
    </p>
   </div>
   <div class='ocr_carea' id='block_1_4' title="bbox 456 450 2036 529">
    <p class='ocr_par' dir='ltr' id='par_1_4' title="bbox 456 450 2025 529">
     <span class='ocr_line' id='line_1_4' title="bbox 456 450 2025 529; baseline -0.004 -16"><span class='ocrx_word' id='word_1_10' title='bbox 456 456 786 529; x_wconf 76' lang='lat' dir='ltr'><strong>postulares,</strong></span> <span class='ocrx_word' id='word_1_11' title='bbox 820 450 1036 519; x_wconf 86' lang='lat' dir='ltr'><strong>Simon,</strong></span> <span class='ocrx_word' id='word_1_12' title='bbox 1070 451 1115 506; x_wconf 86' lang='lat' dir='ltr'><strong>si</strong></span> <span class='ocrx_word' id='word_1_13' title='bbox 1151 461 1311 507; x_wconf 80' lang='lat' dir='ltr'><strong>antea</strong></span> <span class='ocrx_word' id='word_1_14' title='bbox 1342 451 1534 507; x_wconf 87' lang='lat' dir='ltr'><strong>Petrus</strong></span> <span class='ocrx_word' id='word_1_15' title='bbox 1558 459 1829 521; x_wconf 89' lang='lat' dir='ltr'><strong>negasset.</strong></span> <span class='ocrx_word' id='word_1_16' title='bbox 1869 450 2025 506; x_wconf 87' lang='lat' dir='ltr'><strong>Nunc</strong></span> 
     </span>
    </p>
   </div>
   <div class='ocr_carea' id='block_1_5' title="bbox 2123 450 3704 529">
    <p class='ocr_par' dir='ltr' id='par_1_5' title="bbox 2128 452 3704 528">
     <span class='ocr_line' id='line_1_5' title="bbox 2128 452 3704 528; baseline 0.004 -24"><span class='ocrx_word' id='word_1_17' title='bbox 2128 454 2256 523; x_wconf 87' lang='grc' dir='ltr'>παρ’</span> <span class='ocrx_word' id='word_1_18' title='bbox 2282 452 2414 522; x_wconf 90' lang='grc' dir='ltr'>ἐμοῦ</span> <span class='ocrx_word' id='word_1_19' title='bbox 2438 452 2692 523; x_wconf 79' lang='grc' dir='ltr'><strong>ἀπῄτεις,</strong></span> <span class='ocrx_word' id='word_1_20' title='bbox 2741 455 2941 525; x_wconf 87' lang='grc' dir='ltr'>Σίμων,</span> <span class='ocrx_word' id='word_1_21' title='bbox 2983 458 3031 509; x_wconf 79' lang='grc' dir='ltr'><strong>εἰ</strong></span> <span class='ocrx_word' id='word_1_22' title='bbox 3073 456 3337 528; x_wconf 87' lang='grc' dir='ltr'>πρότερον</span> <span class='ocrx_word' id='word_1_23' title='bbox 3360 458 3583 526; x_wconf 74' lang='grc' dir='ltr'>ἠρνεῖτο</span> <span class='ocrx_word' id='word_1_24' title='bbox 3617 457 3704 510; x_wconf 84' lang='grc' dir='ltr'><strong>ὀ⁶⁵</strong></span> 
     </span>
    </p>
   </div>
   <div class='ocr_carea' id='block_1_6' title="bbox 461 544 2028 614">
    <p class='ocr_par' dir='ltr' id='par_1_6' title="bbox 461 544 2028 614">
     <span class='ocr_line' id='line_1_6' title="bbox 461 544 2028 614; baseline -0.004 -11"><span class='ocrx_word' id='word_1_25' title='bbox 461 561 637 605; x_wconf 65' lang='lat' dir='ltr'><strong>autem</strong></span> <span class='ocrx_word' id='word_1_26' title='bbox 669 564 778 602; x_wconf 86' lang='lat' dir='ltr'><strong>non</strong></span> <span class='ocrx_word' id='word_1_27' title='bbox 808 546 1036 601; x_wconf 87' lang='lat' dir='ltr'><strong>verebor</strong></span> <span class='ocrx_word' id='word_1_28' title='bbox 1063 545 1243 600; x_wconf 84' lang='lat' dir='ltr'><strong>dicere</strong></span> <span class='ocrx_word' id='word_1_29' title='bbox 1272 562 1394 614; x_wconf 77' lang='lat' dir='ltr'><strong>qua:</strong></span> <span class='ocrx_word' id='word_1_30' title='bbox 1423 544 1649 599; x_wconf 88' lang='lat' dir='ltr'><strong>dicenda</strong></span> <span class='ocrx_word' id='word_1_31' title='bbox 1684 554 1831 599; x_wconf 92' lang='lat' dir='ltr'><strong>sunt.</strong></span> <span class='ocrx_word' id='word_1_32' title='bbox 1868 544 2028 597; x_wconf 79' lang='lat' dir='ltr'><strong>Arbi-</strong></span> 
     </span>
    </p>
   </div>
   <div class='ocr_carea' id='block_1_7' title="bbox 458 636 2027 704">
    <p class='ocr_par' dir='ltr' id='par_1_7' title="bbox 458 636 2027 704">
     <span class='ocr_line' id='line_1_7' title="bbox 458 636 2027 704; baseline -0.006 -6"><span class='ocrx_word' id='word_1_33' title='bbox 458 655 573 698; x_wconf 88' lang='lat' dir='ltr'><strong>tror</strong></span> <span class='ocrx_word' id='word_1_34' title='bbox 606 650 656 697; x_wconf 90' lang='lat' dir='ltr'><strong>te</strong></span> <span class='ocrx_word' id='word_1_35' title='bbox 681 642 758 695; x_wconf 88' lang='lat' dir='ltr'><strong>ira</strong></span> <span class='ocrx_word' id='word_1_36' title='bbox 784 640 1141 695; x_wconf 91' lang='lat' dir='ltr'><strong>constrictum</strong></span> <span class='ocrx_word' id='word_1_37' title='bbox 1169 654 1231 691; x_wconf 91' lang='lat' dir='ltr'><strong>ac</strong></span> <span class='ocrx_word' id='word_1_38' title='bbox 1262 638 1652 690; x_wconf 85' lang='lat' dir='ltr'><strong>inﬂammatqu</strong></span> <span class='ocrx_word' id='word_1_39' title='bbox 1683 636 1817 689; x_wconf 94' lang='lat' dir='ltr'><strong>velle</strong></span> <span class='ocrx_word' id='word_1_40' title='bbox 1840 636 2027 704; x_wconf 88' lang='lat' dir='ltr'><strong>dispu—</strong></span> 
     </span>
    </p>
   </div>
   <div class='ocr_carea' id='block_1_8' title="bbox 459 730 2028 801">
    <p class='ocr_par' dir='ltr' id='par_1_8' title="bbox 459 730 2028 801">
     <span class='ocr_line' id='line_1_8' title="bbox 459 730 2028 801; baseline -0.002 -13"><span class='ocrx_word' id='word_1_41' title='bbox 459 734 715 789; x_wconf 84' lang='lat' dir='ltr'><strong>tationem</strong></span> <span class='ocrx_word' id='word_1_42' title='bbox 752 736 1030 801; x_wconf 85' lang='lat' dir='ltr'><strong>suscipere</strong></span> <span class='ocrx_word' id='word_1_43' title='bbox 1067 750 1080 784; x_wconf 90' lang='lat'><strong>:</strong></span> <span class='ocrx_word' id='word_1_44' title='bbox 1120 746 1283 799; x_wconf 91' lang='lat' dir='ltr'><strong>porro</strong></span> <span class='ocrx_word' id='word_1_45' title='bbox 1317 746 1491 798; x_wconf 90' lang='lat' dir='ltr'><strong>neque</strong></span> <span class='ocrx_word' id='word_1_46' title='bbox 1532 730 1786 783; x_wconf 86' lang='lat' dir='ltr'><strong>convenit</strong></span> <span class='ocrx_word' id='word_1_47' title='bbox 1829 739 1880 784; x_wconf 91' lang='lat' dir='ltr'><strong>te</strong></span> <span class='ocrx_word' id='word_1_48' title='bbox 1927 732 2028 785; x_wconf 87' lang='lat' dir='ltr'><strong>hoc</strong></span> 
     </span>
    </p>
   </div>
   <div class='ocr_carea' id='block_1_9' title="bbox 455 823 2027 896">
    <p class='ocr_par' dir='ltr' id='par_1_9' title="bbox 455 823 2027 896">
     <span class='ocr_line' id='line_1_9' title="bbox 455 823 2027 896; baseline -0.004 -13"><span class='ocrx_word' id='word_1_49' title='bbox 455 826 670 891; x_wconf 81' lang='lat' dir='ltr'><strong>facere,</strong></span> <span class='ocrx_word' id='word_1_50' title='bbox 703 841 881 896; x_wconf 91' lang='lat' dir='ltr'><strong>neque</strong></span> <span class='ocrx_word' id='word_1_51' title='bbox 918 841 1017 879; x_wconf 92' lang='lat' dir='ltr'><strong>nos</strong></span> <span class='ocrx_word' id='word_1_52' title='bbox 1044 824 1136 878; x_wconf 89' lang='lat' dir='ltr'><strong>tali</strong></span> <span class='ocrx_word' id='word_1_53' title='bbox 1168 824 1408 893; x_wconf 63' lang='lat' dir='ltr'><strong>praebere</strong></span> <span class='ocrx_word' id='word_1_54' title='bbox 1437 838 1643 886; x_wconf 90' lang='lat' dir='ltr'><strong>aurem,</strong></span> <span class='ocrx_word' id='word_1_55' title='bbox 1681 823 1940 891; x_wconf 90' lang='lat' dir='ltr'><strong>quoniam</strong></span> <span class='ocrx_word' id='word_1_56' title='bbox 1973 823 2027 877; x_wconf 89' lang='lat' dir='ltr'><strong>id</strong></span> 
     </span>
    </p>
   </div>
   <div class='ocr_carea' id='block_1_10' title="bbox 455 917 2027 995">
    <p class='ocr_par' dir='ltr' id='par_1_10' title="bbox 455 917 2027 995">
     <span class='ocr_line' id='line_1_10' title="bbox 455 917 2027 995; baseline -0.005 -17"><span class='ocrx_word' id='word_1_57' title='bbox 455 938 693 995; x_wconf 83' lang='lat' dir='ltr'><strong>pugnam</strong></span> <span class='ocrx_word' id='word_1_58' title='bbox 713 922 892 976; x_wconf 91' lang='lat' dir='ltr'><strong>videre</strong></span> <span class='ocrx_word' id='word_1_59' title='bbox 912 930 1015 983; x_wconf 89' lang='lat' dir='ltr'><strong>est,</strong></span> <span class='ocrx_word' id='word_1_60' title='bbox 1035 928 1087 973; x_wconf 86' lang='lat' dir='ltr'><strong>et</strong></span> <span class='ocrx_word' id='word_1_61' title='bbox 1105 934 1213 973; x_wconf 92' lang='lat' dir='ltr'><strong>non</strong></span> <span class='ocrx_word' id='word_1_62' title='bbox 1239 919 1305 973; x_wconf 90' lang='lat' dir='ltr'><strong>ad</strong></span> <span class='ocrx_word' id='word_1_63' title='bbox 1325 919 1603 971; x_wconf 77' lang='lat' dir='ltr'><strong>veritatem</strong></span> <span class='ocrx_word' id='word_1_64' title='bbox 1623 917 1825 987; x_wconf 87' lang='lat' dir='ltr'><strong>juvari.</strong></span> <span class='ocrx_word' id='word_1_65' title='bbox 1852 917 2027 985; x_wconf 78' lang='lat' dir='ltr'><strong>Atque</strong></span> 
     </span>
    </p>
   </div>
   <div class='ocr_carea' id='block_1_11' title="bbox 457 1009 2027 1082">
    <p class='ocr_par' dir='ltr' id='par_1_11' title="bbox 457 1009 2027 1082">
     <span class='ocr_line' id='line_1_11' title="bbox 457 1009 2027 1082; baseline -0.005 -11"><span class='ocrx_word' id='word_1_66' title='bbox 457 1030 627 1082; x_wconf 85' lang='lat' dir='ltr'><strong>nunc,</strong></span> <span class='ocrx_word' id='word_1_67' title='bbox 654 1030 721 1069; x_wconf 82' lang='lat' dir='ltr'><strong>ex</strong></span> <span class='ocrx_word' id='word_1_68' title='bbox 743 1014 926 1068; x_wconf 53' lang='lat' dir='ltr'><strong>Gra’ca</strong></span> <span class='ocrx_word' id='word_1_69' title='bbox 950 1012 1256 1067; x_wconf 89' lang='lat' dir='ltr'><strong>eruditione</strong></span> <span class='ocrx_word' id='word_1_70' title='bbox 1282 1011 1481 1073; x_wconf 87' lang='lat' dir='ltr'><strong>sciens,</strong></span> <span class='ocrx_word' id='word_1_71' title='bbox 1512 1025 1622 1079; x_wconf 91' lang='lat' dir='ltr'><strong>quo</strong></span> <span class='ocrx_word' id='word_1_72' title='bbox 1653 1009 1814 1063; x_wconf 92' lang='lat' dir='ltr'><strong>modo</strong></span> <span class='ocrx_word' id='word_1_73' title='bbox 1841 1025 2027 1079; x_wconf 80' lang='lat' dir='ltr'><strong>gerere</strong></span> 
     </span>
    </p>
   </div>
   <div class='ocr_carea' id='block_1_12' title="bbox 456 1101 2023 1175">
    <p class='ocr_par' dir='ltr' id='par_1_12' title="bbox 456 1101 2023 1175">
     <span class='ocr_line' id='line_1_12' title="bbox 456 1101 2023 1175; baseline -0.007 -10"><span class='ocrx_word' id='word_1_74' title='bbox 456 1124 517 1165; x_wconf 86' lang='lat' dir='ltr'><strong>se</strong></span> <span class='ocrx_word' id='word_1_75' title='bbox 551 1108 787 1165; x_wconf 84' lang='lat' dir='ltr'><strong>debeant</strong></span> <span class='ocrx_word' id='word_1_76' title='bbox 812 1106 1199 1175; x_wconf 85' lang='lat' dir='ltr'><strong>disceptantes,</strong></span> <span class='ocrx_word' id='word_1_77' title='bbox 1229 1104 1610 1158; x_wconf 86' lang='lat' dir='ltr'><strong>commonebo.</strong></span> <span class='ocrx_word' id='word_1_78' title='bbox 1640 1101 1879 1171; x_wconf 81' lang='lat' dir='ltr'><strong>Uterque</strong></span> <span class='ocrx_word' id='word_1_79' title='bbox 1907 1117 2023 1155; x_wconf 88' lang='lat' dir='ltr'><strong>ves-</strong></span> 
     </span>
    </p>
   </div>
   <div class='ocr_carea' id='block_1_13' title="bbox 454 1194 2023 1273">
    <p class='ocr_par' dir='ltr' id='par_1_13' title="bbox 454 1194 2023 1273">
     <span class='ocr_line' id='line_1_13' title="bbox 454 1194 2023 1273; baseline -0.006 -15"><span class='ocrx_word' id='word_1_80' title='bbox 454 1214 599 1258; x_wconf 86' lang='lat' dir='ltr'><strong>trum</strong></span> <span class='ocrx_word' id='word_1_81' title='bbox 630 1203 825 1273; x_wconf 80' lang='lat' dir='ltr'><strong>dogma</strong></span> <span class='ocrx_word' id='word_1_82' title='bbox 855 1215 1014 1254; x_wconf 91' lang='lat' dir='ltr'><strong>suum</strong></span> <span class='ocrx_word' id='word_1_83' title='bbox 1048 1206 1301 1270; x_wconf 76' lang='lat' dir='ltr'><strong>exponat,</strong></span> <span class='ocrx_word' id='word_1_84' title='bbox 1334 1205 1385 1250; x_wconf 90' lang='lat' dir='ltr'><strong>et</strong></span> <span class='ocrx_word' id='word_1_85' title='bbox 1420 1196 1645 1250; x_wconf 85' lang='lat' dir='ltr'><strong>alternis</strong></span> <span class='ocrx_word' id='word_1_86' title='bbox 1676 1196 1839 1249; x_wconf 84' lang='lat' dir='ltr'><strong>verba</strong></span> <span class='ocrx_word' id='word_1_87' title='bbox 1871 1194 2023 1250; x_wconf 83' lang='lat' dir='ltr'><strong>ﬁant.</strong></span> 
     </span>
    </p>
   </div>
   <div class='ocr_carea' id='block_1_14' title="bbox 454 1286 2025 1361">
    <p class='ocr_par' dir='ltr' id='par_1_14' title="bbox 454 1286 2025 1361">
     <span class='ocr_line' id='line_1_14' title="bbox 454 1286 2025 1361; baseline -0.004 -16"><span class='ocrx_word' id='word_1_88' title='bbox 454 1294 613 1361; x_wconf 82' lang='lat' dir='ltr'><strong>Quod</strong></span> <span class='ocrx_word' id='word_1_89' title='bbox 644 1295 689 1348; x_wconf 88' lang='lat' dir='ltr'><strong>si</strong></span> <span class='ocrx_word' id='word_1_90' title='bbox 720 1292 871 1347; x_wconf 90' lang='lat' dir='ltr'><strong>solus</strong></span> <span class='ocrx_word' id='word_1_91' title='bbox 907 1291 1099 1345; x_wconf 85' lang='lat' dir='ltr'><strong>Petrus</strong></span> <span class='ocrx_word' id='word_1_92' title='bbox 1128 1290 1359 1359; x_wconf 81' lang='lat' dir='ltr'><strong>explicet</strong></span> <span class='ocrx_word' id='word_1_93' title='bbox 1390 1304 1543 1343; x_wconf 92' lang='lat' dir='ltr'><strong>suam</strong></span> <span class='ocrx_word' id='word_1_94' title='bbox 1577 1286 1926 1351; x_wconf 88' lang='lat' dir='ltr'><strong>sententiam,</strong></span> <span class='ocrx_word' id='word_1_95' title='bbox 1968 1296 2025 1339; x_wconf 92' lang='lat' dir='ltr'><strong>tu</strong></span> 
     </span>
    </p>
   </div>
   <div class='ocr_carea' id='block_1_15' title="bbox 460 1380 2027 1451">
    <p class='ocr_par' dir='ltr' id='par_1_15' title="bbox 460 1380 2027 1451">
     <span class='ocr_line' id='line_1_15' title="bbox 460 1380 2027 1451; baseline -0.006 -10"><span class='ocrx_word' id='word_1_96' title='bbox 460 1404 585 1443; x_wconf 80' lang='lat' dir='ltr'><strong>vero</strong></span> <span class='ocrx_word' id='word_1_97' title='bbox 629 1396 776 1441; x_wconf 91' lang='lat' dir='ltr'><strong>tuam</strong></span> <span class='ocrx_word' id='word_1_98' title='bbox 829 1386 1076 1449; x_wconf 85' lang='lat' dir='ltr'><strong>reticeas,</strong></span> <span class='ocrx_word' id='word_1_99' title='bbox 1126 1384 1241 1437; x_wconf 88' lang='lat' dir='ltr'><strong>lieri</strong></span> <span class='ocrx_word' id='word_1_100' title='bbox 1283 1392 1481 1451; x_wconf 85' lang='lat' dir='ltr'><strong>p0test,</strong></span> <span class='ocrx_word' id='word_1_101' title='bbox 1534 1390 1595 1435; x_wconf 90' lang='lat' dir='ltr'><strong>ut</strong></span> <span class='ocrx_word' id='word_1_102' title='bbox 1643 1380 1842 1448; x_wconf 78' lang='lat' dir='ltr'><strong>aliquis</strong></span> <span class='ocrx_word' id='word_1_103' title='bbox 1893 1395 1923 1433; x_wconf 93' lang='lat' dir='ltr'><strong>a</strong></span> <span class='ocrx_word' id='word_1_104' title='bbox 1976 1388 2027 1433; x_wconf 93' lang='lat' dir='ltr'><strong>tc</strong></span> 
     </span>
    </p>
   </div>
   <div class='ocr_carea' id='block_1_16' title="bbox 455 1472 2025 1550">
    <p class='ocr_par' dir='ltr' id='par_1_16' title="bbox 455 1472 2025 1550">
     <span class='ocr_line' id='line_1_16' title="bbox 455 1472 2025 1550; baseline -0.006 -16"><span class='ocrx_word' id='word_1_105' title='bbox 455 1480 700 1550; x_wconf 88' lang='lat' dir='ltr'><strong>prolatus</strong></span> <span class='ocrx_word' id='word_1_106' title='bbox 730 1493 911 1533; x_wconf 86' lang='lat' dir='ltr'><strong>sermo</strong></span> <span class='ocrx_word' id='word_1_107' title='bbox 941 1486 994 1531; x_wconf 93' lang='lat' dir='ltr'><strong>et</strong></span> <span class='ocrx_word' id='word_1_108' title='bbox 1026 1485 1169 1530; x_wconf 88' lang='lat' dir='ltr'><strong>tuam</strong></span> <span class='ocrx_word' id='word_1_109' title='bbox 1198 1483 1251 1529; x_wconf 85' lang='lat' dir='ltr'><strong>et</strong></span> <span class='ocrx_word' id='word_1_110' title='bbox 1275 1475 1419 1528; x_wconf 89' lang='lat' dir='ltr'><strong>illius</strong></span> <span class='ocrx_word' id='word_1_111' title='bbox 1448 1472 1760 1543; x_wconf 84' lang='lat' dir='ltr'><strong>opinionem</strong></span> <span class='ocrx_word' id='word_1_112' title='bbox 1793 1481 2025 1541; x_wconf 88' lang='lat' dir='ltr'><strong>premat,</strong></span> 
     </span>
    </p>
   </div>
   <div class='ocr_carea' id='block_1_17' title="bbox 453 1565 2027 1642">
    <p class='ocr_par' dir='ltr' id='par_1_17' title="bbox 453 1565 2027 1642">
     <span class='ocr_line' id='line_1_17' title="bbox 453 1565 2027 1642; baseline -0.005 -16"><span class='ocrx_word' id='word_1_113' title='bbox 453 1581 619 1642; x_wconf 89' lang='lat' dir='ltr'><strong>atque</strong></span> <span class='ocrx_word' id='word_1_114' title='bbox 655 1580 715 1625; x_wconf 89' lang='lat' dir='ltr'><strong>ut</strong></span> <span class='ocrx_word' id='word_1_115' title='bbox 744 1581 975 1639; x_wconf 90' lang='lat' dir='ltr'><strong>uterque</strong></span> <span class='ocrx_word' id='word_1_116' title='bbox 1006 1576 1267 1627; x_wconf 83' lang='lat' dir='ltr'><strong>vestrum.</strong></span> <span class='ocrx_word' id='word_1_117' title='bbox 1306 1567 1431 1620; x_wconf 89' lang='lat' dir='ltr'><strong>licet</strong></span> <span class='ocrx_word' id='word_1_118' title='bbox 1470 1580 1655 1619; x_wconf 83' lang='lat' dir='ltr'><strong>revera</strong></span> <span class='ocrx_word' id='word_1_119' title='bbox 1689 1565 1760 1619; x_wconf 91' lang='lat' dir='ltr'><strong>sit</strong></span> <span class='ocrx_word' id='word_1_120' title='bbox 1789 1565 1879 1619; x_wconf 90' lang='lat' dir='ltr'><strong>illo</strong></span> <span class='ocrx_word' id='word_1_121' title='bbox 1907 1579 2027 1618; x_wconf 86' lang='lat' dir='ltr'><strong>ser—</strong></span> 
     </span>
    </p>
   </div>
   <div class='ocr_carea' id='block_1_18' title="bbox 453 1657 2027 1727">
    <p class='ocr_par' dir='ltr' id='par_1_18' title="bbox 453 1657 2027 1727">
     <span class='ocr_line' id='line_1_18' title="bbox 453 1657 2027 1727; baseline -0.005 -8"><span class='ocrx_word' id='word_1_122' title='bbox 453 1679 619 1720; x_wconf 87' lang='lat' dir='ltr'><strong>mone</strong></span> <span class='ocrx_word' id='word_1_123' title='bbox 643 1664 839 1725; x_wconf 88' lang='lat' dir='ltr'><strong>victus,</strong></span> <span class='ocrx_word' id='word_1_124' title='bbox 875 1678 981 1717; x_wconf 85' lang='lat' dir='ltr'><strong>non</strong></span> <span class='ocrx_word' id='word_1_125' title='bbox 1015 1661 1263 1715; x_wconf 90' lang='lat' dir='ltr'><strong>videatur</strong></span> <span class='ocrx_word' id='word_1_126' title='bbox 1293 1669 1473 1713; x_wconf 88' lang='lat' dir='ltr'><strong>tamen</strong></span> <span class='ocrx_word' id='word_1_127' title='bbox 1508 1666 1814 1727; x_wconf 86' lang='lat' dir='ltr'><strong>superatus,</strong></span> <span class='ocrx_word' id='word_1_128' title='bbox 1847 1658 1939 1711; x_wconf 88' lang='lat' dir='ltr'><strong>sed</strong></span> <span class='ocrx_word' id='word_1_129' title='bbox 1982 1657 2027 1711; x_wconf 89' lang='lat' dir='ltr'><strong>is</strong></span> 
     </span>
    </p>
   </div>
   <div class='ocr_carea' id='block_1_19' title="bbox 2128 544 3704 619">
    <p class='ocr_par' dir='ltr' id='par_1_19' title="bbox 2128 544 3704 619">
     <span class='ocr_line' id='line_1_19' title="bbox 2128 544 3704 619; baseline 0.006 -24"><span class='ocrx_word' id='word_1_130' title='bbox 2128 544 2349 614; x_wconf 81' lang='grc' dir='ltr'><strong>Πέτρος.</strong></span> <span class='ocrx_word' id='word_1_131' title='bbox 2380 544 2492 596; x_wconf 84' lang='grc' dir='ltr'>Νῦν</span> <span class='ocrx_word' id='word_1_132' title='bbox 2516 546 2572 597; x_wconf 88' lang='grc' dir='ltr'><strong>δέ</strong></span> <span class='ocrx_word' id='word_1_133' title='bbox 2598 547 2695 599; x_wconf 81' lang='grc' dir='ltr'><strong>οὐκ</strong></span> <span class='ocrx_word' id='word_1_134' title='bbox 2722 547 3109 619; x_wconf 85' lang='grc' dir='ltr'>αίδεσθήσομαι</span> <span class='ocrx_word' id='word_1_135' title='bbox 3138 549 3316 618; x_wconf 89' lang='grc' dir='ltr'>λέγειν</span> <span class='ocrx_word' id='word_1_136' title='bbox 3338 548 3374 602; x_wconf 80' lang='lat' dir='ltr'><strong>a</strong></span> <span class='ocrx_word' id='word_1_137' title='bbox 3396 549 3478 601; x_wconf 86' lang='grc' dir='ltr'><strong>δεῖ</strong></span> <span class='ocrx_word' id='word_1_138' title='bbox 3503 548 3704 617; x_wconf 78' lang='grc' dir='ltr'>λέγειν.</span> 
     </span>
    </p>
   </div>
   <div class='ocr_carea' id='block_1_20' title="bbox 2127 632 3704 710">
    <p class='ocr_par' dir='ltr' id='par_1_20' title="bbox 2127 632 3704 710">
     <span class='ocr_line' id='line_1_20' title="bbox 2127 632 3704 710; baseline 0.005 -25"><span class='ocrx_word' id='word_1_139' title='bbox 2127 632 2291 705; x_wconf 78' lang='grc' dir='ltr'>Οἶμαί</span> <span class='ocrx_word' id='word_1_140' title='bbox 2344 653 2402 688; x_wconf 89' lang='grc' dir='ltr'><strong>σε</strong></span> <span class='ocrx_word' id='word_1_141' title='bbox 2444 636 2577 708; x_wconf 78' lang='grc' dir='ltr'>ὀργῇ</span> <span class='ocrx_word' id='word_1_142' title='bbox 2625 640 3006 709; x_wconf 79' lang='grc' dir='ltr'>πεπρησμένον</span> <span class='ocrx_word' id='word_1_143' title='bbox 3026 640 3073 672; x_wconf 79' lang='grc'><strong>⁸⁸</strong></span> <span class='ocrx_word' id='word_1_144' title='bbox 3118 639 3462 710; x_wconf 78' lang='grc' dir='ltr'>διαλεχθῆναι</span> <span class='ocrx_word' id='word_1_145' title='bbox 3504 640 3704 707; x_wconf 80' lang='grc' dir='ltr'><strong>θέλειν,</strong></span> 
     </span>
    </p>
   </div>
   <div class='ocr_carea' id='block_1_21' title="bbox 2126 729 3708 802">
    <p class='ocr_par' dir='ltr' id='par_1_21' title="bbox 2126 729 3708 802">
     <span class='ocr_line' id='line_1_21' title="bbox 2126 729 3708 802; baseline 0.003 -22"><span class='ocrx_word' id='word_1_146' title='bbox 2126 730 2262 801; x_wconf 80' lang='grc' dir='ltr'>ὅπερ</span> <span class='ocrx_word' id='word_1_147' title='bbox 2294 729 2556 782; x_wconf 84' lang='grc' dir='ltr'>ἀνοίκειόν</span> <span class='ocrx_word' id='word_1_148' title='bbox 2588 746 2669 782; x_wconf 90' lang='grc' dir='ltr'><strong>σοι</strong></span> <span class='ocrx_word' id='word_1_149' title='bbox 2700 731 2855 783; x_wconf 87' lang='grc' dir='ltr'>τοῦτο</span> <span class='ocrx_word' id='word_1_150' title='bbox 2872 736 2916 768; x_wconf 79' lang='grc'><strong>⁸⁷</strong></span> <span class='ocrx_word' id='word_1_151' title='bbox 2960 733 3150 794; x_wconf 83' lang='grc' dir='ltr'><strong>ποιεῖν,</strong></span> <span class='ocrx_word' id='word_1_152' title='bbox 3182 732 3276 784; x_wconf 74' lang='grc' dir='ltr'>καὶ</span> <span class='ocrx_word' id='word_1_153' title='bbox 3308 733 3437 802; x_wconf 81' lang='grc' dir='ltr'>ἡμῖν</span> <span class='ocrx_word' id='word_1_154' title='bbox 3464 730 3708 784; x_wconf 83' lang='grc' dir='ltr'>τοιοῦτον</span> 
     </span>
    </p>
   </div>
   <div class='ocr_carea' id='block_1_22' title="bbox 2128 820 3707 895">
    <p class='ocr_par' dir='ltr' id='par_1_22' title="bbox 2128 820 3707 895">
     <span class='ocr_line' id='line_1_22' title="bbox 2128 820 3707 895; baseline 0.003 -23"><span class='ocrx_word' id='word_1_155' title='bbox 2128 820 2435 885; x_wconf 83' lang='grc' dir='ltr'>ἐπακούειν,</span> <span class='ocrx_word' id='word_1_156' title='bbox 2466 823 2547 875; x_wconf 85' lang='grc' dir='ltr'>ὃτι</span> <span class='ocrx_word' id='word_1_157' title='bbox 2589 822 2768 893; x_wconf 79' lang='grc' dir='ltr'>μάχην</span> <span class='ocrx_word' id='word_1_158' title='bbox 2813 824 2957 876; x_wconf 81' lang='grc' dir='ltr'>ἐστὶν</span> <span class='ocrx_word' id='word_1_159' title='bbox 2982 824 3147 895; x_wconf 73' lang='lat'><strong>318</strong></span> <span class='ocrx_word' id='word_1_160' title='bbox 3171 824 3477 895; x_wconf 82' lang='grc' dir='ltr'>ἱστορῆσαι,</span> <span class='ocrx_word' id='word_1_161' title='bbox 3514 824 3614 876; x_wconf 69' lang='grc' dir='ltr'><strong>καὶ</strong></span> <span class='ocrx_word' id='word_1_162' title='bbox 3645 825 3707 877; x_wconf 66' lang='grc' dir='ltr'>οὗ</span> 
     </span>
    </p>
   </div>
   <div class='ocr_carea' id='block_1_23' title="bbox 2128 913 3712 987">
    <p class='ocr_par' dir='ltr' id='par_1_23' title="bbox 2128 913 3712 987">
     <span class='ocr_line' id='line_1_23' title="bbox 2128 913 3712 987; baseline 0.002 -22"><span class='ocrx_word' id='word_1_163' title='bbox 2128 914 2263 983; x_wconf 86' lang='grc' dir='ltr'>πρὸς</span> <span class='ocrx_word' id='word_1_164' title='bbox 2314 914 2567 985; x_wconf 87' lang='grc' dir='ltr'>ἀλήθειαν</span> <span class='ocrx_word' id='word_1_165' title='bbox 2616 916 2961 983; x_wconf 78' lang='grc' dir='ltr'>ὠφελεῖσθαι.</span> <span class='ocrx_word' id='word_1_166' title='bbox 3014 917 3123 969; x_wconf 98' lang='lat' dir='ltr'><strong>Kal</strong></span> <span class='ocrx_word' id='word_1_167' title='bbox 3173 916 3267 969; x_wconf 85' lang='grc' dir='ltr'><strong>νῦν</strong></span> <span class='ocrx_word' id='word_1_168' title='bbox 3312 913 3712 987; x_wconf 80' lang='grc' dir='ltr'>ἐξἙλληνικῆς</span> 
     </span>
    </p>
   </div>
   <div class='ocr_carea' id='block_1_24' title="bbox 2128 1005 3710 1079">
    <p class='ocr_par' dir='ltr' id='par_1_24' title="bbox 2128 1005 3710 1079">
     <span class='ocr_line' id='line_1_24' title="bbox 2128 1005 3710 1079; baseline 0.002 -23"><span class='ocrx_word' id='word_1_169' title='bbox 2128 1005 2373 1069; x_wconf 78' lang='grc' dir='ltr'>παιδείας</span> <span class='ocrx_word' id='word_1_170' title='bbox 2392 1046 2405 1067; x_wconf 97' lang='grc'><strong>,</strong></span> <span class='ocrx_word' id='word_1_171' title='bbox 2435 1006 2511 1070; x_wconf 83' lang='grc' dir='ltr'>ὡς</span> <span class='ocrx_word' id='word_1_172' title='bbox 2540 1007 2644 1078; x_wconf 84' lang='grc' dir='ltr'><strong>χρὴ</strong></span> <span class='ocrx_word' id='word_1_173' title='bbox 2674 1009 2799 1070; x_wconf 79' lang='grc' dir='ltr'>τοὺς</span> <span class='ocrx_word' id='word_1_174' title='bbox 2828 1007 3124 1079; x_wconf 79' lang='grc' dir='ltr'>ζητοῦντας</span> <span class='ocrx_word' id='word_1_175' title='bbox 3157 1011 3350 1071; x_wconf 83' lang='grc' dir='ltr'>ποιεῖν,</span> <span class='ocrx_word' id='word_1_176' title='bbox 3384 1006 3540 1069; x_wconf 82' lang='grc' dir='ltr'>εἰδὼς</span> <span class='ocrx_word' id='word_1_177' title='bbox 3572 1009 3710 1059; x_wconf 81' lang='grc' dir='ltr'>ὑπο-</span> 
     </span>
    </p>
   </div>
   <div class='ocr_carea' id='block_1_25' title="bbox 2131 1097 3710 1170">
    <p class='ocr_par' dir='ltr' id='par_1_25' title="bbox 2131 1097 3710 1170">
     <span class='ocr_line' id='line_1_25' title="bbox 2131 1097 3710 1170; baseline 0.001 -21"><span class='ocrx_word' id='word_1_178' title='bbox 2131 1097 2336 1167; x_wconf 81' lang='grc' dir='ltr'><strong>μνήσω.</strong></span> <span class='ocrx_word' id='word_1_179' title='bbox 2387 1098 2674 1169; x_wconf 77' lang='grc' dir='ltr'>Ἐκάτερος</span> <span class='ocrx_word' id='word_1_180' title='bbox 2708 1098 2859 1170; x_wconf 85' lang='grc' dir='ltr'>ὑμῶν</span> <span class='ocrx_word' id='word_1_181' title='bbox 2898 1101 2958 1152; x_wconf 89' lang='grc' dir='ltr'><strong>τὸ</strong></span> <span class='ocrx_word' id='word_1_182' title='bbox 2990 1099 3179 1152; x_wconf 84' lang='grc' dir='ltr'>ἐαυτοῦ</span> <span class='ocrx_word' id='word_1_183' title='bbox 3214 1100 3387 1169; x_wconf 84' lang='grc' dir='ltr'>δόγμα</span> <span class='ocrx_word' id='word_1_184' title='bbox 3421 1099 3669 1151; x_wconf 83' lang='grc' dir='ltr'>ἐκθέσθω</span> <span class='ocrx_word' id='word_1_185' title='bbox 3693 1137 3710 1162; x_wconf 88' lang='grc'><strong>,</strong></span> 
     </span>
    </p>
   </div>
   <div class='ocr_carea' id='block_1_26' title="bbox 2128 1189 3714 1261">
    <p class='ocr_par' dir='ltr' id='par_1_26' title="bbox 2128 1189 3714 1261">
     <span class='ocr_line' id='line_1_26' title="bbox 2128 1189 3714 1261; baseline 0.001 -21"><span class='ocrx_word' id='word_1_186' title='bbox 2128 1189 2221 1241; x_wconf 74' lang='grc' dir='ltr'><strong>καὶ</strong></span> <span class='ocrx_word' id='word_1_187' title='bbox 2251 1191 2330 1252; x_wconf 86' lang='grc' dir='ltr'><strong>είς</strong></span> <span class='ocrx_word' id='word_1_188' title='bbox 2350 1189 2533 1261; x_wconf 75' lang='grc' dir='ltr'>ἕτερον</span> <span class='ocrx_word' id='word_1_189' title='bbox 2557 1192 2605 1242; x_wconf 82' lang='lat' dir='ltr'><strong>oi</strong></span> <span class='ocrx_word' id='word_1_190' title='bbox 2636 1190 2781 1259; x_wconf 82' lang='grc' dir='ltr'>λόγοι</span> <span class='ocrx_word' id='word_1_191' title='bbox 2804 1192 3141 1260; x_wconf 80' lang='grc' dir='ltr'>γενέσθωσαν</span> <span class='ocrx_word' id='word_1_192' title='bbox 3161 1200 3226 1245; x_wconf 76' lang='grc'><strong>³⁸,</strong></span> <span class='ocrx_word' id='word_1_193' title='bbox 3268 1192 3393 1244; x_wconf 75' lang='grc' dir='ltr'><strong>Ἐὰν</strong></span> <span class='ocrx_word' id='word_1_194' title='bbox 3417 1190 3474 1243; x_wconf 84' lang='grc' dir='ltr'>δὲ</span> <span class='ocrx_word' id='word_1_195' title='bbox 3500 1190 3714 1261; x_wconf 82' lang='grc' dir='ltr'><strong>Πέτρος</strong></span> 
     </span>
    </p>
   </div>
   <div class='ocr_carea' id='block_1_27' title="bbox 2130 1281 3713 1355">
    <p class='ocr_par' dir='ltr' id='par_1_27' title="bbox 2130 1281 3713 1355">
     <span class='ocr_line' id='line_1_27' title="bbox 2130 1281 3713 1355; baseline 0.001 -22"><span class='ocrx_word' id='word_1_196' title='bbox 2130 1281 2288 1351; x_wconf 82' lang='grc' dir='ltr'>μόνος</span> <span class='ocrx_word' id='word_1_197' title='bbox 2321 1282 2543 1353; x_wconf 82' lang='grc' dir='ltr'>ἐκθῆται</span> <span class='ocrx_word' id='word_1_198' title='bbox 2576 1283 2636 1335; x_wconf 87' lang='grc' dir='ltr'><strong>τὸ</strong></span> <span class='ocrx_word' id='word_1_199' title='bbox 2660 1282 2852 1335; x_wconf 87' lang='grc' dir='ltr'>ἐαυτοῦ</span> <span class='ocrx_word' id='word_1_200' title='bbox 2887 1284 3137 1355; x_wconf 84' lang='grc' dir='ltr'>φρόνημα</span> <span class='ocrx_word' id='word_1_201' title='bbox 3157 1323 3171 1347; x_wconf 91' lang='grc'><strong>,</strong></span> <span class='ocrx_word' id='word_1_202' title='bbox 3219 1286 3283 1337; x_wconf 84' lang='grc' dir='ltr'><strong>σὺ</strong></span> <span class='ocrx_word' id='word_1_203' title='bbox 3314 1283 3371 1335; x_wconf 85' lang='grc' dir='ltr'>δὲ</span> <span class='ocrx_word' id='word_1_204' title='bbox 3400 1284 3463 1336; x_wconf 85' lang='grc' dir='ltr'><strong>τὸ</strong></span> <span class='ocrx_word' id='word_1_205' title='bbox 3497 1283 3591 1336; x_wconf 90' lang='grc' dir='ltr'><strong>σὸν</strong></span> <span class='ocrx_word' id='word_1_206' title='bbox 3627 1300 3713 1335; x_wconf 81' lang='grc' dir='ltr'>σι-</span> 
     </span>
    </p>
   </div>
   <div class='ocr_carea' id='block_1_28' title="bbox 2127 1373 3717 1448">
    <p class='ocr_par' dir='ltr' id='par_1_28' title="bbox 2127 1373 3717 1448">
     <span class='ocr_line' id='line_1_28' title="bbox 2127 1373 3717 1448; baseline 0.002 -24"><span class='ocrx_word' id='word_1_207' title='bbox 2127 1374 2299 1443; x_wconf 78' lang='grc' dir='ltr'>ωπᾷς,</span> <span class='ocrx_word' id='word_1_208' title='bbox 2326 1373 2593 1443; x_wconf 88' lang='grc' dir='ltr'>ἐνδέχεταί</span> <span class='ocrx_word' id='word_1_209' title='bbox 2613 1392 2733 1427; x_wconf 89' lang='grc' dir='ltr'>τινα</span> <span class='ocrx_word' id='word_1_210' title='bbox 2760 1375 2914 1443; x_wconf 90' lang='grc' dir='ltr'>λόγον</span> <span class='ocrx_word' id='word_1_211' title='bbox 2944 1376 3045 1428; x_wconf 74' lang='grc' dir='ltr'>ὑπὸ</span> <span class='ocrx_word' id='word_1_212' title='bbox 3062 1376 3154 1429; x_wconf 83' lang='grc' dir='ltr'><strong>σοῦ</strong></span> <span class='ocrx_word' id='word_1_213' title='bbox 3179 1376 3407 1448; x_wconf 78' lang='grc' dir='ltr'>ρηθέντα</span> <span class='ocrx_word' id='word_1_214' title='bbox 3437 1374 3647 1428; x_wconf 76' lang='grc' dir='ltr'>θλίϐειν</span> <span class='ocrx_word' id='word_1_215' title='bbox 3662 1374 3717 1406; x_wconf 83' lang='grc'><strong>⁸⁹</strong></span> 
     </span>
    </p>
   </div>
   <div class='ocr_carea' id='block_1_29' title="bbox 2125 1464 3717 1538">
    <p class='ocr_par' dir='ltr' id='par_1_29' title="bbox 2125 1464 3717 1538">
     <span class='ocr_line' id='line_1_29' title="bbox 2125 1464 3717 1538; baseline 0.002 -22"><span class='ocrx_word' id='word_1_216' title='bbox 2125 1464 2186 1516; x_wconf 91' lang='grc' dir='ltr'><strong>τὸ</strong></span> <span class='ocrx_word' id='word_1_217' title='bbox 2212 1464 2375 1518; x_wconf 81' lang='grc' dir='ltr'>αὐτοῦ</span> <span class='ocrx_word' id='word_1_218' title='bbox 2392 1465 2437 1496; x_wconf 71' lang='grc'><strong>⁸⁸</strong></span> <span class='ocrx_word' id='word_1_219' title='bbox 2458 1468 2550 1519; x_wconf 73' lang='grc' dir='ltr'><strong>καὶ</strong></span> <span class='ocrx_word' id='word_1_220' title='bbox 2573 1467 2632 1519; x_wconf 88' lang='grc' dir='ltr'><strong>τὸ</strong></span> <span class='ocrx_word' id='word_1_221' title='bbox 2659 1467 2747 1519; x_wconf 87' lang='grc' dir='ltr'><strong>σὸν</strong></span> <span class='ocrx_word' id='word_1_222' title='bbox 2772 1468 3045 1538; x_wconf 79' lang='grc' dir='ltr'>φρόνημα,</span> <span class='ocrx_word' id='word_1_223' title='bbox 3076 1469 3167 1521; x_wconf 79' lang='grc' dir='ltr'>καὶ</span> <span class='ocrx_word' id='word_1_224' title='bbox 3191 1467 3717 1538; x_wconf 69' lang='grc' dir='ltr'>ἀμφοτέρουςΊύμᾶς</span> 
     </span>
    </p>
   </div>
   <div class='ocr_carea' id='block_1_30' title="bbox 2128 1555 3716 1631">
    <p class='ocr_par' dir='ltr' id='par_1_30' title="bbox 2128 1555 3716 1631">
     <span class='ocr_line' id='line_1_30' title="bbox 2128 1555 3716 1631; baseline 0.002 -22"><span class='ocrx_word' id='word_1_225' title='bbox 2128 1555 2235 1609; x_wconf 79' lang='grc' dir='ltr'><strong>ὑπὸ</strong></span> <span class='ocrx_word' id='word_1_226' title='bbox 2257 1556 2349 1609; x_wconf 85' lang='grc' dir='ltr'><strong>τοῦ</strong></span> <span class='ocrx_word' id='word_1_227' title='bbox 2376 1557 2534 1626; x_wconf 90' lang='grc' dir='ltr'>λόγου</span> <span class='ocrx_word' id='word_1_228' title='bbox 2563 1559 2889 1628; x_wconf 76' lang='grc' dir='ltr'>ἡττηθέντας</span> <span class='ocrx_word' id='word_1_229' title='bbox 2922 1560 2995 1631; x_wconf 84' lang='grc' dir='ltr'>μὴ</span> <span class='ocrx_word' id='word_1_230' title='bbox 3033 1560 3311 1629; x_wconf 82' lang='grc' dir='ltr'>φαίνεσθαι</span> <span class='ocrx_word' id='word_1_231' title='bbox 3345 1560 3716 1630; x_wconf 76' lang='grc' dir='ltr'>ἡττημένους,</span> 
     </span>
    </p>
   </div>
   <div class='ocr_carea' id='block_1_31' title="bbox 2128 1649 3717 1724">
    <p class='ocr_par' dir='ltr' id='par_1_31' title="bbox 2128 1649 3717 1724">
     <span class='ocr_line' id='line_1_31' title="bbox 2128 1649 3717 1724; baseline 0.002 -23"><span class='ocrx_word' id='word_1_232' title='bbox 2128 1649 2262 1701; x_wconf 87' lang='grc' dir='ltr'><strong>ἀλλά</strong></span> <span class='ocrx_word' id='word_1_233' title='bbox 2287 1650 2378 1703; x_wconf 89' lang='grc' dir='ltr'><strong>τὸν</strong></span> <span class='ocrx_word' id='word_1_234' title='bbox 2402 1651 2524 1703; x_wconf 87' lang='grc' dir='ltr'><strong>ἐκθέ</strong></span> <span class='ocrx_word' id='word_1_235' title='bbox 2534 1668 2688 1721; x_wconf 86' lang='grc' dir='ltr'>μενον</span> <span class='ocrx_word' id='word_1_236' title='bbox 2712 1652 2773 1703; x_wconf 84' lang='grc' dir='ltr'><strong>τὸ</strong></span> <span class='ocrx_word' id='word_1_237' title='bbox 2801 1652 3075 1722; x_wconf 86' lang='grc' dir='ltr'>φρόνημα,</span> <span class='ocrx_word' id='word_1_238' title='bbox 3111 1654 3202 1705; x_wconf 86' lang='grc' dir='ltr'><strong>τὸν</strong></span> <span class='ocrx_word' id='word_1_239' title='bbox 3226 1653 3282 1705; x_wconf 86' lang='grc' dir='ltr'>δὲ</span> <span class='ocrx_word' id='word_1_240' title='bbox 3312 1653 3385 1724; x_wconf 83' lang='grc' dir='ltr'>μὴ</span> <span class='ocrx_word' id='word_1_241' title='bbox 3411 1653 3717 1723; x_wconf 79' lang='grc' dir='ltr'>ἐκθέμενον</span> 
     </span>
    </p>
   </div>
   <div class='ocr_carea' id='block_1_32' title="bbox 454 1740 2036 1826">
    <p class='ocr_par' dir='ltr' id='par_1_32' title="bbox 454 1749 2023 1826">
     <span class='ocr_line' id='line_1_32' title="bbox 454 1749 2023 1826; baseline -0.008 -13"><span class='ocrx_word' id='word_1_242' title='bbox 454 1757 627 1823; x_wconf 84' lang='lat' dir='ltr'><strong>solus,</strong></span> <span class='ocrx_word' id='word_1_243' title='bbox 665 1756 757 1826; x_wconf 91' lang='lat' dir='ltr'><strong>qui</strong></span> <span class='ocrx_word' id='word_1_244' title='bbox 790 1770 942 1810; x_wconf 87' lang='lat' dir='ltr'><strong>suam</strong></span> <span class='ocrx_word' id='word_1_245' title='bbox 972 1754 1284 1824; x_wconf 90' lang='lat' dir='ltr'><strong>opinionem</strong></span> <span class='ocrx_word' id='word_1_246' title='bbox 1318 1751 1591 1821; x_wconf 82' lang='lat' dir='ltr'><strong>exposuit,</strong></span> <span class='ocrx_word' id='word_1_247' title='bbox 1632 1751 1722 1804; x_wconf 87' lang='lat' dir='ltr'><strong>ille</strong></span> <span class='ocrx_word' id='word_1_248' title='bbox 1753 1765 1905 1815; x_wconf 90' lang='lat' dir='ltr'><strong>vero,</strong></span> <span class='ocrx_word' id='word_1_249' title='bbox 1933 1749 2023 1817; x_wconf 88' lang='lat' dir='ltr'><strong>qui</strong></span> 
     </span>
    </p>
   </div>
   <div class='ocr_carea' id='block_1_33' title="bbox 2123 1740 3719 1826">
    <p class='ocr_par' dir='ltr' id='par_1_33' title="bbox 2127 1740 3719 1815">
     <span class='ocr_line' id='line_1_33' title="bbox 2127 1740 3719 1815; baseline 0.003 -22"><span class='ocrx_word' id='word_1_250' title='bbox 2127 1740 2327 1811; x_wconf 84' lang='grc' dir='ltr'>ὁμοίως</span> <span class='ocrx_word' id='word_1_251' title='bbox 2371 1743 2733 1813; x_wconf 70' lang='grc' dir='ltr'><strong>ἡττημένονἰ</strong></span> <span class='ocrx_word' id='word_1_252' title='bbox 2777 1745 2849 1815; x_wconf 80' lang='grc' dir='ltr'>μὴ</span> <span class='ocrx_word' id='word_1_253' title='bbox 2903 1743 3165 1814; x_wconf 83' lang='grc' dir='ltr'>πρόδηλον</span> <span class='ocrx_word' id='word_1_254' title='bbox 3213 1740 3373 1809; x_wconf 75' lang='grc' dir='ltr'>εἶναι,</span> <span class='ocrx_word' id='word_1_255' title='bbox 3425 1744 3563 1798; x_wconf 78' lang='grc' dir='ltr'>ἀλλὰ</span> <span class='ocrx_word' id='word_1_256' title='bbox 3616 1745 3719 1797; x_wconf 79' lang='grc' dir='ltr'>καὶ</span> 
     </span>
    </p>
   </div>
   <div class='ocr_carea' id='block_1_34' title="bbox 454 1823 2036 1917">
    <p class='ocr_par' dir='ltr' id='par_1_34' title="bbox 454 1844 2020 1917">
     <span class='ocr_line' id='line_1_34' title="bbox 454 1844 2020 1917; baseline -0.004 -16"><span class='ocrx_word' id='word_1_257' title='bbox 454 1863 563 1902; x_wconf 88' lang='lat' dir='ltr'><strong>non</strong></span> <span class='ocrx_word' id='word_1_258' title='bbox 594 1847 878 1917; x_wconf 81' lang='lat' dir='ltr'><strong>exposuit,</strong></span> <span class='ocrx_word' id='word_1_259' title='bbox 910 1861 1017 1899; x_wconf 88' lang='lat' dir='ltr'><strong>non</strong></span> <span class='ocrx_word' id='word_1_260' title='bbox 1045 1845 1294 1900; x_wconf 83' lang='lat' dir='ltr'><strong>videatur</strong></span> <span class='ocrx_word' id='word_1_261' title='bbox 1322 1844 1523 1914; x_wconf 86' lang='lat' dir='ltr'><strong>pariter</strong></span> <span class='ocrx_word' id='word_1_262' title='bbox 1554 1858 1676 1897; x_wconf 90' lang='lat' dir='ltr'><strong>esse</strong></span> <span class='ocrx_word' id='word_1_263' title='bbox 1711 1851 2020 1911; x_wconf 87' lang='lat' dir='ltr'><strong>superatus,</strong></span> 
     </span>
    </p>
   </div>
   <div class='ocr_carea' id='block_1_35' title="bbox 2123 1823 3714 1917">
    <p class='ocr_par' dir='ltr' id='par_1_35' title="bbox 2130 1834 3714 1908">
     <span class='ocr_line' id='line_1_35' title="bbox 2130 1834 3714 1908; baseline 0.003 -23"><span class='ocrx_word' id='word_1_264' title='bbox 2130 1834 2469 1902; x_wconf 85' lang='grc' dir='ltr'>νενικηκέναι</span> <span class='ocrx_word' id='word_1_265' title='bbox 2517 1834 2848 1904; x_wconf 76' lang='grc' dir='ltr'>νομίζεσθαι.</span> <span class='ocrx_word' id='word_1_266' title='bbox 2898 1836 3005 1887; x_wconf 87' lang='lat' dir='ltr'><strong>Kal</strong></span> <span class='ocrx_word' id='word_1_267' title='bbox 3043 1838 3071 1889; x_wconf 90' lang='lat'><strong>6</strong></span> <span class='ocrx_word' id='word_1_268' title='bbox 3116 1836 3293 1906; x_wconf 83' lang='grc' dir='ltr'>Σίμων</span> <span class='ocrx_word' id='word_1_269' title='bbox 3336 1837 3714 1908; x_wconf 83' lang='grc' dir='ltr'>ἀπεκρίνατο-</span> 
     </span>
    </p>
   </div>
   <div class='ocr_carea' id='block_1_36' title="bbox 455 1934 2024 2010">
    <p class='ocr_par' dir='ltr' id='par_1_36' title="bbox 455 1934 2024 2010">
     <span class='ocr_line' id='line_1_36' title="bbox 455 1934 2024 2010; baseline -0.004 -15"><span class='ocrx_word' id='word_1_270' title='bbox 455 1943 625 1996; x_wconf 88' lang='lat' dir='ltr'><strong>immo</strong></span> <span class='ocrx_word' id='word_1_271' title='bbox 653 1954 941 2010; x_wconf 89' lang='lat' dir='ltr'><strong>superasse</strong></span> <span class='ocrx_word' id='word_1_272' title='bbox 964 1938 1322 1993; x_wconf 80' lang='lat' dir='ltr'><strong>existimetur.</strong></span> <span class='ocrx_word' id='word_1_273' title='bbox 1384 1936 1446 1990; x_wconf 84' lang='lat' dir='ltr'><strong>Et</strong></span> <span class='ocrx_word' id='word_1_274' title='bbox 1486 1935 1672 1991; x_wconf 92' lang='lat' dir='ltr'><strong>Simon</strong></span> <span class='ocrx_word' id='word_1_275' title='bbox 1706 1934 2024 2005; x_wconf 89' lang='lat' dir='ltr'><strong>respondit:</strong></span> 
     </span>
    </p>
   </div>
   <div class='ocr_carea' id='block_1_37' title="bbox 454 2028 2026 2104">
    <p class='ocr_par' dir='ltr' id='par_1_37' title="bbox 454 2028 2026 2104">
     <span class='ocr_line' id='line_1_37' title="bbox 454 2028 2026 2104; baseline -0.007 -14"><span class='ocrx_word' id='word_1_276' title='bbox 454 2032 674 2090; x_wconf 85' lang='lat' dir='ltr'><strong>Faciam</strong></span> <span class='ocrx_word' id='word_1_277' title='bbox 701 2028 1158 2104; x_wconf 86' lang='lat' dir='ltr'><strong>quemadmodum</strong></span> <span class='ocrx_word' id='word_1_278' title='bbox 1192 2031 1329 2085; x_wconf 89' lang='lat' dir='ltr'><strong>dicis</strong></span> <span class='ocrx_word' id='word_1_279' title='bbox 1359 2048 1372 2083; x_wconf 91' lang='lat'><strong>:</strong></span> <span class='ocrx_word' id='word_1_280' title='bbox 1402 2045 1589 2084; x_wconf 86' lang='lat' dir='ltr'><strong>verum</strong></span> <span class='ocrx_word' id='word_1_281' title='bbox 1638 2029 1794 2083; x_wconf 80' lang='lat' dir='ltr'><strong>valde</strong></span> <span class='ocrx_word' id='word_1_282' title='bbox 1838 2028 2026 2091; x_wconf 87' lang='lat' dir='ltr'><strong>timeo,</strong></span> 
     </span>
    </p>
   </div>
   <div class='ocr_carea' id='block_1_38' title="bbox 454 2120 2027 2195">
    <p class='ocr_par' dir='ltr' id='par_1_38' title="bbox 454 2120 2027 2195">
     <span class='ocr_line' id='line_1_38' title="bbox 454 2120 2027 2195; baseline -0.005 -14"><span class='ocrx_word' id='word_1_283' title='bbox 454 2142 524 2181; x_wconf 91' lang='lat' dir='ltr'><strong>ne</strong></span> <span class='ocrx_word' id='word_1_284' title='bbox 548 2125 663 2194; x_wconf 88' lang='lat' dir='ltr'><strong>jam</strong></span> <span class='ocrx_word' id='word_1_285' title='bbox 693 2125 867 2195; x_wconf 89' lang='lat' dir='ltr'><strong>ipsius</strong></span> <span class='ocrx_word' id='word_1_286' title='bbox 895 2124 1075 2179; x_wconf 81' lang='lat' dir='ltr'><strong>verbis</strong></span> <span class='ocrx_word' id='word_1_287' title='bbox 1112 2132 1412 2193; x_wconf 88' lang='lat' dir='ltr'><strong>occupatus</strong></span> <span class='ocrx_word' id='word_1_288' title='bbox 1445 2137 1551 2176; x_wconf 93' lang='lat' dir='ltr'><strong>non</strong></span> <span class='ocrx_word' id='word_1_289' title='bbox 1583 2122 1659 2176; x_wconf 85' lang='lat' dir='ltr'><strong>sis</strong></span> <span class='ocrx_word' id='word_1_290' title='bbox 1700 2121 1868 2191; x_wconf 81' lang='lat' dir='ltr'><strong>judex</strong></span> <span class='ocrx_word' id='word_1_291' title='bbox 1911 2120 2027 2174; x_wconf 90' lang='lat' dir='ltr'><strong>veri</strong></span> 
     </span>
    </p>
   </div>
   <div class='ocr_carea' id='block_1_39' title="bbox 452 2218 754 2273">
    <p class='ocr_par' dir='ltr' id='par_1_39' title="bbox 452 2218 754 2273">
     <span class='ocr_line' id='line_1_39' title="bbox 452 2218 754 2273; baseline -0.007 0"><span class='ocrx_word' id='word_1_292' title='bbox 452 2218 754 2273; x_wconf 79' lang='lat' dir='ltr'><strong>studiosus.</strong></span> 
     </span>
    </p>
   </div>
   <div class='ocr_carea' id='block_1_40' title="bbox 523 2326 2027 2401">
    <p class='ocr_par' dir='ltr' id='par_1_40' title="bbox 523 2326 2027 2401">
     <span class='ocr_line' id='line_1_40' title="bbox 523 2326 2027 2401; baseline -0.002 -17"><span class='ocrx_word' id='word_1_293' title='bbox 523 2329 614 2386; x_wconf 84' lang='lat' dir='ltr'><strong>IV.</strong></span> <span class='ocrx_word' id='word_1_294' title='bbox 656 2330 723 2386; x_wconf 90' lang='lat' dir='ltr'><strong>Et</strong></span> <span class='ocrx_word' id='word_1_295' title='bbox 749 2329 909 2386; x_wconf 88' lang='lat' dir='ltr'><strong>Pater</strong></span> <span class='ocrx_word' id='word_1_296' title='bbox 936 2330 1217 2401; x_wconf 85' lang='lat' dir='ltr'><strong>respondit</strong></span> <span class='ocrx_word' id='word_1_297' title='bbox 1251 2349 1263 2384; x_wconf 94' lang='lat'><strong>:</strong></span> <span class='ocrx_word' id='word_1_298' title='bbox 1312 2326 1390 2383; x_wconf 86' lang='lat' dir='ltr'><strong>Ne</strong></span> <span class='ocrx_word' id='word_1_299' title='bbox 1416 2344 1503 2383; x_wconf 90' lang='lat' dir='ltr'><strong>me</strong></span> <span class='ocrx_word' id='word_1_300' title='bbox 1531 2342 1696 2398; x_wconf 85' lang='lat' dir='ltr'><strong>cogas</strong></span> <span class='ocrx_word' id='word_1_301' title='bbox 1727 2334 1933 2381; x_wconf 90' lang='lat' dir='ltr'><strong>temere</strong></span> <span class='ocrx_word' id='word_1_302' title='bbox 1961 2341 2027 2381; x_wconf 92' lang='lat' dir='ltr'><strong>ac</strong></span> 
     </span>
    </p>
   </div>
   <div class='ocr_carea' id='block_1_41' title="bbox 452 2418 2024 2491">
    <p class='ocr_par' dir='ltr' id='par_1_41' title="bbox 452 2418 2024 2491">
     <span class='ocr_line' id='line_1_41' title="bbox 452 2418 2024 2491; baseline -0.003 -12"><span class='ocrx_word' id='word_1_303' title='bbox 452 2425 653 2480; x_wconf 87' lang='lat' dir='ltr'><strong>indicta</strong></span> <span class='ocrx_word' id='word_1_304' title='bbox 682 2440 849 2480; x_wconf 90' lang='lat' dir='ltr'><strong>causa</strong></span> <span class='ocrx_word' id='word_1_305' title='bbox 875 2423 969 2477; x_wconf 91' lang='lat' dir='ltr'><strong>tibi</strong></span> <span class='ocrx_word' id='word_1_306' title='bbox 994 2423 1272 2487; x_wconf 89' lang='lat' dir='ltr'><strong>assentiri,</strong></span> <span class='ocrx_word' id='word_1_307' title='bbox 1300 2431 1357 2475; x_wconf 90' lang='lat' dir='ltr'><strong>ut</strong></span> <span class='ocrx_word' id='word_1_308' title='bbox 1376 2421 1541 2491; x_wconf 78' lang='lat' dir='ltr'><strong>judex</strong></span> <span class='ocrx_word' id='word_1_309' title='bbox 1564 2420 1751 2474; x_wconf 87' lang='lat' dir='ltr'><strong>videar</strong></span> <span class='ocrx_word' id='word_1_310' title='bbox 1772 2418 2024 2474; x_wconf 79' lang='lat' dir='ltr'><strong>veritatis</strong></span> 
     </span>
    </p>
   </div>
   <div class='ocr_carea' id='block_1_42' title="bbox 451 2512 2021 2584">
    <p class='ocr_par' dir='ltr' id='par_1_42' title="bbox 451 2512 2021 2584">
     <span class='ocr_line' id='line_1_42' title="bbox 451 2512 2021 2584; baseline -0.006 -12"><span class='ocrx_word' id='word_1_311' title='bbox 451 2533 663 2573; x_wconf 87' lang='lat' dir='ltr'><strong>amans.</strong></span> <span class='ocrx_word' id='word_1_312' title='bbox 703 2516 859 2583; x_wconf 89' lang='lat' dir='ltr'><strong>Quod</strong></span> <span class='ocrx_word' id='word_1_313' title='bbox 892 2517 939 2572; x_wconf 91' lang='lat' dir='ltr'><strong>si</strong></span> <span class='ocrx_word' id='word_1_314' title='bbox 969 2532 1093 2570; x_wconf 86' lang='lat' dir='ltr'><strong>vera</strong></span> <span class='ocrx_word' id='word_1_315' title='bbox 1124 2517 1311 2570; x_wconf 90' lang='lat' dir='ltr'><strong>audire</strong></span> <span class='ocrx_word' id='word_1_316' title='bbox 1344 2514 1519 2584; x_wconf 89' lang='lat' dir='ltr'><strong>cupis,</strong></span> <span class='ocrx_word' id='word_1_317' title='bbox 1556 2522 1648 2568; x_wconf 89' lang='lat' dir='ltr'><strong>tua</strong></span> <span class='ocrx_word' id='word_1_318' title='bbox 1686 2512 1864 2582; x_wconf 88' lang='lat' dir='ltr'><strong>potius</strong></span> <span class='ocrx_word' id='word_1_319' title='bbox 1894 2528 2021 2568; x_wconf 90' lang='lat' dir='ltr'><strong>seu-</strong></span> 
     </span>
    </p>
   </div>
   <div class='ocr_carea' id='block_1_43' title="bbox 452 2604 2024 2681">
    <p class='ocr_par' dir='ltr' id='par_1_43' title="bbox 452 2604 2024 2681">
     <span class='ocr_line' id='line_1_43' title="bbox 452 2604 2024 2681; baseline -0.003 -15"><span class='ocrx_word' id='word_1_320' title='bbox 452 2612 620 2666; x_wconf 92' lang='lat' dir='ltr'><strong>tentia</strong></span> <span class='ocrx_word' id='word_1_321' title='bbox 648 2619 1062 2681; x_wconf 61' lang='lat' dir='ltr'><strong>praeoccupatus</strong></span> <span class='ocrx_word' id='word_1_322' title='bbox 1090 2624 1232 2664; x_wconf 92' lang='lat' dir='ltr'><strong>sum.</strong></span> <span class='ocrx_word' id='word_1_323' title='bbox 1258 2609 1337 2663; x_wconf 88' lang='lat' dir='ltr'><strong>Ac</strong></span> <span class='ocrx_word' id='word_1_324' title='bbox 1374 2608 1559 2664; x_wconf 83' lang='lat' dir='ltr'><strong>Simon</strong></span> <span class='ocrx_word' id='word_1_325' title='bbox 1604 2625 1618 2661; x_wconf 92' lang='lat'><strong>:</strong></span> <span class='ocrx_word' id='word_1_326' title='bbox 1650 2604 1936 2673; x_wconf 84' lang='lat' dir='ltr'><strong>Quomodo</strong></span> <span class='ocrx_word' id='word_1_327' title='bbox 1965 2621 2024 2661; x_wconf 85' lang='lat' dir='ltr'><strong>es</strong></span> 
     </span>
    </p>
   </div>
   <div class='ocr_carea' id='block_1_44' title="bbox 451 2699 2019 2773">
    <p class='ocr_par' dir='ltr' id='par_1_44' title="bbox 451 2699 2019 2773">
     <span class='ocr_line' id='line_1_44' title="bbox 451 2699 2019 2773; baseline -0.005 -15"><span class='ocrx_word' id='word_1_328' title='bbox 451 2712 894 2773; x_wconf 65' lang='lat' dir='ltr'><strong>praeoccupatus,</strong></span> <span class='ocrx_word' id='word_1_329' title='bbox 924 2702 1016 2772; x_wconf 91' lang='lat' dir='ltr'><strong>qui</strong></span> <span class='ocrx_word' id='word_1_330' title='bbox 1049 2702 1228 2756; x_wconf 90' lang='lat' dir='ltr'><strong>nescis</strong></span> <span class='ocrx_word' id='word_1_331' title='bbox 1259 2700 1387 2769; x_wconf 90' lang='lat' dir='ltr'><strong>quid</strong></span> <span class='ocrx_word' id='word_1_332' title='bbox 1420 2699 1689 2755; x_wconf 85' lang='lat' dir='ltr'><strong>sentiam?</strong></span> <span class='ocrx_word' id='word_1_333' title='bbox 1729 2699 1798 2752; x_wconf 91' lang='lat' dir='ltr'><strong>At</strong></span> <span class='ocrx_word' id='word_1_334' title='bbox 1825 2707 1978 2767; x_wconf 75' lang='lat' dir='ltr'><strong>pater</strong></span> <span class='ocrx_word' id='word_1_335' title='bbox 2007 2715 2019 2751; x_wconf 88' lang='lat'><strong>:</strong></span> 
     </span>
    </p>
   </div>
   <div class='ocr_carea' id='block_1_45' title="bbox 449 2790 2019 2865">
    <p class='ocr_par' dir='ltr' id='par_1_45' title="bbox 449 2790 2019 2865">
     <span class='ocr_line' id='line_1_45' title="bbox 449 2790 2019 2865; baseline -0.003 -15"><span class='ocrx_word' id='word_1_336' title='bbox 449 2794 630 2851; x_wconf 81' lang='lat' dir='ltr'><strong>Facile</strong></span> <span class='ocrx_word' id='word_1_337' title='bbox 654 2806 741 2851; x_wconf 90' lang='lat' dir='ltr'><strong>est</strong></span> <span class='ocrx_word' id='word_1_338' title='bbox 768 2795 896 2850; x_wconf 90' lang='lat' dir='ltr'><strong>illud</strong></span> <span class='ocrx_word' id='word_1_339' title='bbox 922 2808 1253 2865; x_wconf 78' lang='lat' dir='ltr'><strong>cognosrere</strong></span> <span class='ocrx_word' id='word_1_340' title='bbox 1279 2812 1291 2847; x_wconf 91' lang='lat'><strong>:</strong></span> <span class='ocrx_word' id='word_1_341' title='bbox 1318 2802 1371 2847; x_wconf 91' lang='lat' dir='ltr'><strong>et</strong></span> <span class='ocrx_word' id='word_1_342' title='bbox 1398 2807 1636 2863; x_wconf 86' lang='lat' dir='ltr'><strong>quonam</strong></span> <span class='ocrx_word' id='word_1_343' title='bbox 1665 2799 1845 2861; x_wconf 89' lang='lat' dir='ltr'><strong>pacto,</strong></span> <span class='ocrx_word' id='word_1_344' title='bbox 1870 2790 2019 2845; x_wconf 92' lang='lat' dir='ltr'><strong>audi.</strong></span> 
     </span>
    </p>
   </div>
   <div class='ocr_carea' id='block_1_46' title="bbox 446 2882 2021 2953">
    <p class='ocr_par' dir='ltr' id='par_1_46' title="bbox 446 2882 2021 2953">
     <span class='ocr_line' id='line_1_46' title="bbox 446 2882 2021 2953; baseline -0.004 -11"><span class='ocrx_word' id='word_1_345' title='bbox 446 2885 733 2943; x_wconf 79' lang='lat' dir='ltr'><strong>Pollicitus</strong></span> <span class='ocrx_word' id='word_1_346' title='bbox 762 2902 821 2940; x_wconf 83' lang='lat' dir='ltr'><strong>cs</strong></span> <span class='ocrx_word' id='word_1_347' title='bbox 843 2928 857 2953; x_wconf 92' lang='lat'><strong>,</strong></span> <span class='ocrx_word' id='word_1_348' title='bbox 892 2902 919 2939; x_wconf 90' lang='lat' dir='ltr'><strong>a</strong></span> <span class='ocrx_word' id='word_1_349' title='bbox 949 2896 1001 2941; x_wconf 93' lang='lat' dir='ltr'><strong>te</strong></span> <span class='ocrx_word' id='word_1_350' title='bbox 1038 2886 1156 2940; x_wconf 79' lang='lat' dir='ltr'><strong>falsi</strong></span> <span class='ocrx_word' id='word_1_351' title='bbox 1194 2884 1502 2939; x_wconf 81' lang='lat' dir='ltr'><strong>convictum</strong></span> <span class='ocrx_word' id='word_1_352' title='bbox 1534 2884 1600 2937; x_wconf 90' lang='lat' dir='ltr'><strong>iri</strong></span> <span class='ocrx_word' id='word_1_353' title='bbox 1642 2882 1895 2949; x_wconf 91' lang='lat' dir='ltr'><strong>Petrum,</strong></span> <span class='ocrx_word' id='word_1_354' title='bbox 1928 2882 2021 2953; x_wconf 89' lang='lat' dir='ltr'><strong>qui</strong></span> 
     </span>
    </p>
   </div>
   <div class='ocr_carea' id='block_1_47' title="bbox 2130 1926 3717 2001">
    <p class='ocr_par' dir='ltr' id='par_1_47' title="bbox 2130 1926 3717 2001">
     <span class='ocr_line' id='line_1_47' title="bbox 2130 1926 3717 2001; baseline 0.001 -23"><span class='ocrx_word' id='word_1_355' title='bbox 2130 1926 2348 1995; x_wconf 83' lang='grc' dir='ltr'>Ποιήσω</span> <span class='ocrx_word' id='word_1_356' title='bbox 2374 1927 2449 1990; x_wconf 87' lang='grc' dir='ltr'>ὡς</span> <span class='ocrx_word' id='word_1_357' title='bbox 2473 1926 2683 1996; x_wconf 87' lang='grc' dir='ltr'>λέγεις,</span> <span class='ocrx_word' id='word_1_358' title='bbox 2715 1927 2910 1997; x_wconf 87' lang='grc' dir='ltr'>ἀθυμῶ</span> <span class='ocrx_word' id='word_1_359' title='bbox 2946 1928 3001 1980; x_wconf 84' lang='grc' dir='ltr'><strong>δὲ</strong></span> <span class='ocrx_word' id='word_1_360' title='bbox 3038 1930 3235 1999; x_wconf 84' lang='grc' dir='ltr'>μήπως</span> <span class='ocrx_word' id='word_1_361' title='bbox 3265 1929 3363 2001; x_wconf 75' lang='grc' dir='ltr'>ἤδη</span> <span class='ocrx_word' id='word_1_362' title='bbox 3400 1928 3717 2000; x_wconf 87' lang='grc' dir='ltr'>προειλημ-</span> 
     </span>
    </p>
   </div>
   <div class='ocr_carea' id='block_1_48' title="bbox 2132 2019 3640 2094">
    <p class='ocr_par' dir='ltr' id='par_1_48' title="bbox 2132 2019 3640 2094">
     <span class='ocr_line' id='line_1_48' title="bbox 2132 2019 3640 2094; baseline 0.003 -23"><span class='ocrx_word' id='word_1_363' title='bbox 2132 2019 2290 2089; x_wconf 79' lang='grc' dir='ltr'>μένος</span> <span class='ocrx_word' id='word_1_364' title='bbox 2321 2020 2484 2072; x_wconf 74' lang='grc' dir='ltr'>αὐτοῦ</span> <span class='ocrx_word' id='word_1_365' title='bbox 2516 2023 2628 2084; x_wconf 88' lang='grc' dir='ltr'>τοῖς</span> <span class='ocrx_word' id='word_1_366' title='bbox 2658 2020 2834 2089; x_wconf 86' lang='grc' dir='ltr'>λόγοις</span> <span class='ocrx_word' id='word_1_367' title='bbox 2865 2021 2926 2073; x_wconf 81' lang='grc' dir='ltr'><strong>ού</strong></span> <span class='ocrx_word' id='word_1_368' title='bbox 2961 2021 3259 2093; x_wconf 76' lang='grc' dir='ltr'>φιλαλήθης</span> <span class='ocrx_word' id='word_1_369' title='bbox 3289 2021 3388 2093; x_wconf 68' lang='grc' dir='ltr'><strong>ἔσῃ</strong></span> <span class='ocrx_word' id='word_1_370' title='bbox 3415 2024 3640 2094; x_wconf 88' lang='grc' dir='ltr'>κριτής.</span> 
     </span>
    </p>
   </div>
   <div class='ocr_carea' id='block_1_49' title="bbox 2197 2329 3715 2407">
    <p class='ocr_par' dir='ltr' id='par_1_49' title="bbox 2197 2329 3715 2407">
     <span class='ocr_line' id='line_1_49' title="bbox 2197 2329 3715 2407; baseline 0.003 -24"><span class='ocrx_word' id='word_1_371' title='bbox 2197 2329 2286 2384; x_wconf 82' lang='lat' dir='ltr'><strong>1V.</strong></span> <span class='ocrx_word' id='word_1_372' title='bbox 2326 2332 2434 2385; x_wconf 83' lang='lat' dir='ltr'><strong>Kal</strong></span> <span class='ocrx_word' id='word_1_373' title='bbox 2464 2334 2492 2385; x_wconf 97' lang='lat'><strong>6</strong></span> <span class='ocrx_word' id='word_1_374' title='bbox 2523 2333 2705 2404; x_wconf 80' lang='grc' dir='ltr'>πατὴρ</span> <span class='ocrx_word' id='word_1_375' title='bbox 2738 2332 3093 2405; x_wconf 76' lang='grc' dir='ltr'>ἀπεκρίνατοο</span> <span class='ocrx_word' id='word_1_376' title='bbox 3121 2334 3210 2405; x_wconf 82' lang='grc' dir='ltr'><strong>Μή</strong></span> <span class='ocrx_word' id='word_1_377' title='bbox 3238 2351 3304 2405; x_wconf 86' lang='grc' dir='ltr'><strong>με</strong></span> <span class='ocrx_word' id='word_1_378' title='bbox 3331 2333 3519 2404; x_wconf 74' lang='grc' dir='ltr'>βιάζου</span> <span class='ocrx_word' id='word_1_379' title='bbox 3547 2333 3715 2407; x_wconf 79' lang='grc' dir='ltr'>ἀκρί-</span> 
     </span>
    </p>
   </div>
   <div class='ocr_carea' id='block_1_50' title="bbox 2126 2424 3711 2499">
    <p class='ocr_par' dir='ltr' id='par_1_50' title="bbox 2126 2424 3711 2499">
     <span class='ocr_line' id='line_1_50' title="bbox 2126 2424 3711 2499; baseline 0.002 -24"><span class='ocrx_word' id='word_1_380' title='bbox 2126 2440 2233 2487; x_wconf 85' lang='grc' dir='ltr'><strong>τως</strong></span> <span class='ocrx_word' id='word_1_381' title='bbox 2268 2425 2550 2478; x_wconf 79' lang='grc' dir='ltr'>συνθέσθαι</span> <span class='ocrx_word' id='word_1_382' title='bbox 2578 2442 2680 2487; x_wconf 85' lang='grc' dir='ltr'>σοι,</span> <span class='ocrx_word' id='word_1_383' title='bbox 2715 2426 2800 2478; x_wconf 80' lang='grc' dir='ltr'>ἵνα</span> <span class='ocrx_word' id='word_1_384' title='bbox 2832 2425 2967 2491; x_wconf 80' lang='grc' dir='ltr'>δόξω</span> <span class='ocrx_word' id='word_1_385' title='bbox 2994 2426 3290 2497; x_wconf 70' lang='grc' dir='ltr'>φιλαλήθης</span> <span class='ocrx_word' id='word_1_386' title='bbox 3316 2424 3450 2480; x_wconf 77' lang='grc' dir='ltr'>εἶναι</span> <span class='ocrx_word' id='word_1_387' title='bbox 3485 2428 3711 2499; x_wconf 77' lang='grc' dir='ltr'>κριτὴς,</span> 
     </span>
    </p>
   </div>
   <div class='ocr_carea' id='block_1_51' title="bbox 2125 2517 3712 2592">
    <p class='ocr_par' dir='ltr' id='par_1_51' title="bbox 2125 2517 3712 2592">
     <span class='ocr_line' id='line_1_51' title="bbox 2125 2517 3712 2592; baseline 0.002 -23"><span class='ocrx_word' id='word_1_388' title='bbox 2125 2519 2173 2570; x_wconf 88' lang='grc' dir='ltr'><strong>εί</strong></span> <span class='ocrx_word' id='word_1_389' title='bbox 2216 2517 2271 2569; x_wconf 87' lang='grc' dir='ltr'>δὲ</span> <span class='ocrx_word' id='word_1_390' title='bbox 2317 2518 2522 2589; x_wconf 86' lang='grc' dir='ltr'>τάληθῆ</span> <span class='ocrx_word' id='word_1_391' title='bbox 2567 2518 2794 2571; x_wconf 88' lang='grc' dir='ltr'>ἀκοῦσαι</span> <span class='ocrx_word' id='word_1_392' title='bbox 2847 2518 3005 2592; x_wconf 76' lang='grc' dir='ltr'>θέλῃς</span> <span class='ocrx_word' id='word_1_393' title='bbox 3040 2520 3107 2581; x_wconf 74' lang='grc'><strong>’⁸,</strong></span> <span class='ocrx_word' id='word_1_394' title='bbox 3153 2519 3231 2590; x_wconf 83' lang='grc' dir='ltr'>τῷ</span> <span class='ocrx_word' id='word_1_395' title='bbox 3273 2518 3349 2589; x_wconf 81' lang='grc' dir='ltr'>σῷ</span> <span class='ocrx_word' id='word_1_396' title='bbox 3393 2521 3712 2589; x_wconf 75' lang='grc' dir='ltr'>φρονήματι</span> 
     </span>
    </p>
   </div>
   <div class='ocr_carea' id='block_1_52' title="bbox 2128 2608 3711 2681">
    <p class='ocr_par' dir='ltr' id='par_1_52' title="bbox 2128 2608 3711 2681">
     <span class='ocr_line' id='line_1_52' title="bbox 2128 2608 3711 2681; baseline 0.001 -19"><span class='ocrx_word' id='word_1_397' title='bbox 2128 2608 2326 2679; x_wconf 76' lang='grc' dir='ltr'>μᾶλλον</span> <span class='ocrx_word' id='word_1_398' title='bbox 2354 2610 2747 2681; x_wconf 87' lang='grc' dir='ltr'>προείλημμαι.</span> <span class='ocrx_word' id='word_1_399' title='bbox 2793 2611 2903 2664; x_wconf 88' lang='lat' dir='ltr'><strong>Kal</strong></span> <span class='ocrx_word' id='word_1_400' title='bbox 2958 2614 2985 2664; x_wconf 93' lang='lat'><strong>6</strong></span> <span class='ocrx_word' id='word_1_401' title='bbox 3028 2611 3238 2680; x_wconf 79' lang='grc' dir='ltr'>Σίμων’</span> <span class='ocrx_word' id='word_1_402' title='bbox 3282 2611 3406 2674; x_wconf 82' lang='grc' dir='ltr'><strong>Πῶς</strong></span> <span class='ocrx_word' id='word_1_403' title='bbox 3449 2611 3711 2681; x_wconf 78' lang='grc' dir='ltr'>προείλη-</span> 
     </span>
    </p>
   </div>
   <div class='ocr_carea' id='block_1_53' title="bbox 2122 2700 3710 2775">
    <p class='ocr_par' dir='ltr' id='par_1_53' title="bbox 2122 2700 3710 2775">
     <span class='ocr_line' id='line_1_53' title="bbox 2122 2700 3710 2775; baseline 0.003 -23"><span class='ocrx_word' id='word_1_404' title='bbox 2122 2700 2218 2769; x_wconf 82' lang='grc' dir='ltr'><strong>ψαι</strong></span> <span class='ocrx_word' id='word_1_405' title='bbox 2244 2740 2257 2763; x_wconf 92' lang='grc'><strong>,</strong></span> <span class='ocrx_word' id='word_1_406' title='bbox 2299 2702 2398 2754; x_wconf 78' lang='grc' dir='ltr'><strong>οὐκ</strong></span> <span class='ocrx_word' id='word_1_407' title='bbox 2438 2702 2590 2765; x_wconf 81' lang='grc' dir='ltr'>εἰδὼς</span> <span class='ocrx_word' id='word_1_408' title='bbox 2628 2702 2656 2755; x_wconf 87' lang='grc' dir='ltr'><strong>ὂ</strong></span> <span class='ocrx_word' id='word_1_409' title='bbox 2699 2703 2911 2774; x_wconf 85' lang='grc' dir='ltr'>φρονῶ;</span> <span class='ocrx_word' id='word_1_410' title='bbox 2948 2704 3056 2755; x_wconf 89' lang='lat' dir='ltr'><strong>Kal</strong></span> <span class='ocrx_word' id='word_1_411' title='bbox 3094 2705 3122 2756; x_wconf 89' lang='lat'><strong>6</strong></span> <span class='ocrx_word' id='word_1_412' title='bbox 3150 2705 3349 2775; x_wconf 77' lang='grc' dir='ltr'>πατήρο</span> <span class='ocrx_word' id='word_1_413' title='bbox 3387 2702 3562 2755; x_wconf 85' lang='grc' dir='ltr'>Τοῦτο</span> 
     </span>
    </p>
   </div>
   <div class='ocr_carea' id='block_1_54' title="bbox 2122 2793 3711 2864">
    <p class='ocr_par' dir='ltr' id='par_1_54' title="bbox 2122 2793 3711 2864">
     <span class='ocr_line' id='line_1_54' title="bbox 2122 2793 3711 2864; baseline 0.002 -18"><span class='ocrx_word' id='word_1_414' title='bbox 2122 2793 2230 2847; x_wconf 88' lang='grc' dir='ltr'>διόν</span> <span class='ocrx_word' id='word_1_415' title='bbox 2265 2793 2415 2847; x_wconf 65' lang='grc' dir='ltr'>ἐστιν</span> <span class='ocrx_word' id='word_1_416' title='bbox 2448 2796 2641 2848; x_wconf 80' lang='grc' dir='ltr'>εἰδέναι</span> <span class='ocrx_word' id='word_1_417' title='bbox 2668 2835 2683 2859; x_wconf 92' lang='grc'><strong>,</strong></span> <span class='ocrx_word' id='word_1_418' title='bbox 2731 2797 2824 2848; x_wconf 76' lang='grc' dir='ltr'><strong>καὶ</strong></span> <span class='ocrx_word' id='word_1_419' title='bbox 2870 2795 2987 2859; x_wconf 79' lang='grc' dir='ltr'><strong>πῶς</strong></span> <span class='ocrx_word' id='word_1_420' title='bbox 3012 2836 3027 2859; x_wconf 94' lang='grc'><strong>,</strong></span> <span class='ocrx_word' id='word_1_421' title='bbox 3076 2797 3323 2850; x_wconf 80' lang='grc' dir='ltr'>ἄκουσον.</span> <span class='ocrx_word' id='word_1_422' title='bbox 3367 2795 3643 2864; x_wconf 80' lang='grc' dir='ltr'>Ἐλέγξειν</span> <span class='ocrx_word' id='word_1_423' title='bbox 3663 2797 3711 2828; x_wconf 81' lang='grc'><strong><em>’⁸</em></strong></span> 
     </span>
    </p>
   </div>
   <div class='ocr_carea' id='block_1_55' title="bbox 2124 2885 3707 2958">
    <p class='ocr_par' dir='ltr' id='par_1_55' title="bbox 2124 2885 3707 2958">
     <span class='ocr_line' id='line_1_55' title="bbox 2124 2885 3707 2958; baseline 0.002 -20"><span class='ocrx_word' id='word_1_424' title='bbox 2124 2886 2357 2956; x_wconf 70' lang='grc' dir='ltr'>ὑπέσχου</span> <span class='ocrx_word' id='word_1_425' title='bbox 2411 2888 2613 2958; x_wconf 87' lang='grc' dir='ltr'>Πέτρον</span> <span class='ocrx_word' id='word_1_426' title='bbox 2659 2889 2753 2940; x_wconf 73' lang='grc' dir='ltr'><strong>ἕνα</strong></span> <span class='ocrx_word' id='word_1_427' title='bbox 2800 2888 2930 2941; x_wconf 84' lang='grc' dir='ltr'>Θεὸν</span> <span class='ocrx_word' id='word_1_428' title='bbox 2969 2888 3194 2957; x_wconf 84' lang='grc' dir='ltr'>λέγοντα</span> <span class='ocrx_word' id='word_1_429' title='bbox 3238 2885 3406 2954; x_wconf 74' lang='grc' dir='ltr'>εἶναι,</span> <span class='ocrx_word' id='word_1_430' title='bbox 3440 2890 3525 2941; x_wconf 83' lang='grc' dir='ltr'>ὅτι</span> <span class='ocrx_word' id='word_1_431' title='bbox 3568 2889 3707 2958; x_wconf 84' lang='grc' dir='ltr'>ψεύ-</span> 
     </span>
    </p>
   </div>
   <div class='ocr_carea' id='block_1_56' title="bbox 447 2975 2036 3052">
    <p class='ocr_par' dir='ltr' id='par_1_56' title="bbox 447 2975 2023 3046">
     <span class='ocr_line' id='line_1_56' title="bbox 447 2975 2023 3046; baseline -0.004 -10"><span class='ocrx_word' id='word_1_432' title='bbox 447 2995 623 3036; x_wconf 77' lang='lat' dir='ltr'><strong>Unum</strong></span> <span class='ocrx_word' id='word_1_433' title='bbox 670 2994 793 3035; x_wconf 89' lang='lat' dir='ltr'><strong>esse</strong></span> <span class='ocrx_word' id='word_1_434' title='bbox 824 2978 995 3034; x_wconf 89' lang='lat' dir='ltr'><strong>Deum</strong></span> <span class='ocrx_word' id='word_1_435' title='bbox 1034 2988 1264 3033; x_wconf 87' lang='lat' dir='ltr'><strong>asserat.</strong></span> <span class='ocrx_word' id='word_1_436' title='bbox 1315 2976 1582 3031; x_wconf 69' lang='lat' dir='ltr'><strong>Cancrum</strong></span> <span class='ocrx_word' id='word_1_437' title='bbox 1626 2976 1718 3046; x_wconf 92' lang='lat' dir='ltr'><strong>qui</strong></span> <span class='ocrx_word' id='word_1_438' title='bbox 1757 2975 2023 3045; x_wconf 88' lang='lat' dir='ltr'><strong>promittit</strong></span> 
     </span>
    </p>
   </div>
   <div class='ocr_carea' id='block_1_57' title="bbox 2123 2975 3706 3052">
    <p class='ocr_par' dir='ltr' id='par_1_57' title="bbox 2123 2976 3706 3052">
     <span class='ocr_line' id='line_1_57' title="bbox 2123 2976 3706 3052; baseline 0.004 -24"><span class='ocrx_word' id='word_1_439' title='bbox 2123 2976 2304 3042; x_wconf 81' lang='grc' dir='ltr'>δεται,</span> <span class='ocrx_word' id='word_1_440' title='bbox 2350 2981 2377 3031; x_wconf 90' lang='lat'><strong>6</strong></span> <span class='ocrx_word' id='word_1_441' title='bbox 2416 2978 2472 3032; x_wconf 79' lang='grc' dir='ltr'>δὲ</span> <span class='ocrx_word' id='word_1_442' title='bbox 2516 2980 2605 3032; x_wconf 89' lang='grc' dir='ltr'><strong>τὸν</strong></span> <span class='ocrx_word' id='word_1_443' title='bbox 2622 2980 2667 3011; x_wconf 69' lang='grc'><strong>9⁸</strong></span> <span class='ocrx_word' id='word_1_444' title='bbox 2712 2980 2805 3033; x_wconf 80' lang='grc' dir='ltr'><strong>ἕνα</strong></span> <span class='ocrx_word' id='word_1_445' title='bbox 2850 2980 3077 3047; x_wconf 87' lang='grc' dir='ltr'>λέγοντα</span> <span class='ocrx_word' id='word_1_446' title='bbox 3121 2980 3429 3052; x_wconf 87' lang='grc' dir='ltr'>ψεύσματος</span> <span class='ocrx_word' id='word_1_447' title='bbox 3482 2980 3706 3049; x_wconf 76' lang='grc' dir='ltr'>ἐλέγξαι</span> 
     </span>
    </p>
   </div>
   <div class='ocr_carea' id='block_1_58' title="bbox 449 3067 2036 3145">
    <p class='ocr_par' dir='ltr' id='par_1_58' title="bbox 449 3067 2020 3141">
     <span class='ocr_line' id='line_1_58' title="bbox 449 3067 2020 3141; baseline -0.003 -14"><span class='ocrx_word' id='word_1_448' title='bbox 449 3088 509 3127; x_wconf 91' lang='lat' dir='ltr'><strong>se</strong></span> <span class='ocrx_word' id='word_1_449' title='bbox 542 3071 663 3126; x_wconf 80' lang='lat' dir='ltr'><strong>falsi</strong></span> <span class='ocrx_word' id='word_1_450' title='bbox 696 3071 1116 3141; x_wconf 89' lang='lat' dir='ltr'><strong>redarguturum</strong></span> <span class='ocrx_word' id='word_1_451' title='bbox 1144 3077 1471 3124; x_wconf 88' lang='lat' dir='ltr'><strong>assertorem</strong></span> <span class='ocrx_word' id='word_1_452' title='bbox 1504 3069 1663 3123; x_wconf 91' lang='lat' dir='ltr'><strong>unius</strong></span> <span class='ocrx_word' id='word_1_453' title='bbox 1688 3067 1806 3135; x_wconf 88' lang='lat' dir='ltr'><strong>Dei,</strong></span> <span class='ocrx_word' id='word_1_454' title='bbox 1837 3068 1884 3123; x_wconf 90' lang='lat' dir='ltr'><strong>is</strong></span> <span class='ocrx_word' id='word_1_455' title='bbox 1912 3082 2020 3122; x_wconf 90' lang='lat' dir='ltr'><strong>non</strong></span> 
     </span>
    </p>
   </div>
   <div class='ocr_carea' id='block_1_59' title="bbox 2123 3067 3709 3145">
    <p class='ocr_par' dir='ltr' id='par_1_59' title="bbox 2123 3069 3709 3145">
     <span class='ocr_line' id='line_1_59' title="bbox 2123 3069 3709 3145; baseline 0.004 -25"><span class='ocrx_word' id='word_1_456' title='bbox 2123 3069 2603 3141; x_wconf 83' lang='grc' dir='ltr'>ἐπαγγελλόμενος,</span> <span class='ocrx_word' id='word_1_457' title='bbox 2656 3073 2873 3134; x_wconf 84' lang='grc' dir='ltr'>πάντως</span> <span class='ocrx_word' id='word_1_458' title='bbox 2923 3070 3140 3143; x_wconf 78' lang='grc' dir='ltr'>εὔδηλον</span> <span class='ocrx_word' id='word_1_459' title='bbox 3192 3073 3267 3136; x_wconf 79' lang='grc' dir='ltr'>ὡς</span> <span class='ocrx_word' id='word_1_460' title='bbox 3311 3074 3516 3137; x_wconf 82' lang='grc' dir='ltr'>ἐκεῖνος</span> <span class='ocrx_word' id='word_1_461' title='bbox 3572 3074 3709 3145; x_wconf 82' lang='grc' dir='ltr'>ἀλη-</span> 
     </span>
    </p>
   </div>
   <div class='ocr_carea' id='block_1_60' title="bbox 446 3158 2036 3239">
    <p class='ocr_par' dir='ltr' id='par_1_60' title="bbox 446 3158 2016 3231">
     <span class='ocr_line' id='line_1_60' title="bbox 446 3158 2016 3231; baseline -0.003 -13"><span class='ocrx_word' id='word_1_462' title='bbox 446 3164 591 3218; x_wconf 76' lang='lat' dir='ltr'><strong>idem</strong></span> <span class='ocrx_word' id='word_1_463' title='bbox 624 3162 854 3218; x_wconf 84' lang='lat' dir='ltr'><strong>allirmat</strong></span> <span class='ocrx_word' id='word_1_464' title='bbox 882 3178 947 3217; x_wconf 92' lang='lat' dir='ltr'><strong>ac</strong></span> <span class='ocrx_word' id='word_1_465' title='bbox 971 3163 1058 3217; x_wconf 87' lang='lat' dir='ltr'><strong>ille</strong></span> <span class='ocrx_word' id='word_1_466' title='bbox 1089 3161 1494 3217; x_wconf 73' lang='lat' dir='ltr'><strong>evidentissima</strong></span> <span class='ocrx_word' id='word_1_467' title='bbox 1520 3176 1648 3216; x_wconf 83' lang='lat' dir='ltr'><strong>vera</strong></span> <span class='ocrx_word' id='word_1_468' title='bbox 1680 3160 1931 3231; x_wconf 90' lang='lat' dir='ltr'><strong>loquens.</strong></span> <span class='ocrx_word' id='word_1_469' title='bbox 1962 3158 2016 3214; x_wconf 92' lang='lat' dir='ltr'><strong>Si</strong></span> 
     </span>
    </p>
   </div>
   <div class='ocr_carea' id='block_1_61' title="bbox 2123 3158 3707 3239">
    <p class='ocr_par' dir='ltr' id='par_1_61' title="bbox 2126 3160 3707 3237">
     <span class='ocr_line' id='line_1_61' title="bbox 2126 3160 3707 3237; baseline 0.003 -25"><span class='ocrx_word' id='word_1_470' title='bbox 2126 3160 2316 3225; x_wconf 86' lang='grc' dir='ltr'>θεύων,</span> <span class='ocrx_word' id='word_1_471' title='bbox 2347 3164 2407 3215; x_wconf 81' lang='grc' dir='ltr'><strong>οὐ</strong></span> <span class='ocrx_word' id='word_1_472' title='bbox 2436 3164 2495 3216; x_wconf 89' lang='grc' dir='ltr'><strong>τὸ</strong></span> <span class='ocrx_word' id='word_1_473' title='bbox 2522 3164 2651 3217; x_wconf 76' lang='grc' dir='ltr'>αὐτὸ</span> <span class='ocrx_word' id='word_1_474' title='bbox 2666 3166 2712 3196; x_wconf 74' lang='grc'>³⁵</span> <span class='ocrx_word' id='word_1_475' title='bbox 2735 3165 2898 3233; x_wconf 91' lang='grc' dir='ltr'>λέγει.</span> <span class='ocrx_word' id='word_1_476' title='bbox 2927 3165 2989 3217; x_wconf 76' lang='lat' dir='ltr'><strong>Et</strong></span> <span class='ocrx_word' id='word_1_477' title='bbox 3013 3164 3119 3235; x_wconf 80' lang='grc' dir='ltr'><strong>γὰρ</strong></span> <span class='ocrx_word' id='word_1_478' title='bbox 3140 3164 3217 3236; x_wconf 80' lang='grc' dir='ltr'>τῷ</span> <span class='ocrx_word' id='word_1_479' title='bbox 3246 3165 3707 3237; x_wconf 79' lang='grc' dir='ltr'>καταψευδομένῳ</span> 
     </span>
    </p>
   </div>
   <div class='ocr_carea' id='block_1_62' title="bbox 446 3253 2015 3323">
    <p class='ocr_par' dir='ltr' id='par_1_62' title="bbox 446 3253 2015 3323">
     <span class='ocr_line' id='line_1_62' title="bbox 446 3253 2015 3323; baseline -0.002 -14"><span class='ocrx_word' id='word_1_480' title='bbox 446 3256 593 3309; x_wconf 86' lang='lat' dir='ltr'><strong>enim</strong></span> <span class='ocrx_word' id='word_1_481' title='bbox 627 3255 768 3310; x_wconf 84' lang='lat' dir='ltr'><strong>idem</strong></span> <span class='ocrx_word' id='word_1_482' title='bbox 798 3256 1001 3309; x_wconf 87' lang='lat' dir='ltr'><strong>diceret</strong></span> <span class='ocrx_word' id='word_1_483' title='bbox 1032 3271 1154 3310; x_wconf 88' lang='lat' dir='ltr'><strong>cum</strong></span> <span class='ocrx_word' id='word_1_484' title='bbox 1193 3270 1291 3319; x_wconf 90' lang='lat' dir='ltr'><strong>eo,</strong></span> <span class='ocrx_word' id='word_1_485' title='bbox 1324 3254 1417 3323; x_wconf 91' lang='lat' dir='ltr'><strong>qui</strong></span> <span class='ocrx_word' id='word_1_486' title='bbox 1448 3253 1707 3307; x_wconf 89' lang='lat' dir='ltr'><strong>ementita</strong></span> <span class='ocrx_word' id='word_1_487' title='bbox 1752 3254 2015 3322; x_wconf 87' lang='lat' dir='ltr'><strong>loquitur,</strong></span> 
     </span>
    </p>
   </div>
   <div class='ocr_carea' id='block_1_63' title="bbox 444 3344 2019 3417">
    <p class='ocr_par' dir='ltr' id='par_1_63' title="bbox 444 3344 2019 3417">
     <span class='ocr_line' id='line_1_63' title="bbox 444 3344 2019 3417; baseline -0.001 -16"><span class='ocrx_word' id='word_1_488' title='bbox 444 3347 563 3417; x_wconf 83' lang='lat' dir='ltr'><strong>ipse</strong></span> <span class='ocrx_word' id='word_1_489' title='bbox 588 3362 806 3417; x_wconf 87' lang='lat' dir='ltr'><strong>quoque</strong></span> <span class='ocrx_word' id='word_1_490' title='bbox 828 3356 972 3401; x_wconf 88' lang='lat' dir='ltr'><strong>esset</strong></span> <span class='ocrx_word' id='word_1_491' title='bbox 1001 3346 1236 3401; x_wconf 75' lang='lat' dir='ltr'><strong>mendax</strong></span> <span class='ocrx_word' id='word_1_492' title='bbox 1265 3364 1277 3398; x_wconf 89' lang='lat'><strong>:</strong></span> <span class='ocrx_word' id='word_1_493' title='bbox 1302 3345 1348 3400; x_wconf 86' lang='lat' dir='ltr'><strong>si</strong></span> <span class='ocrx_word' id='word_1_494' title='bbox 1379 3361 1509 3399; x_wconf 88' lang='lat' dir='ltr'><strong>vero</strong></span> <span class='ocrx_word' id='word_1_495' title='bbox 1536 3344 1811 3399; x_wconf 90' lang='lat' dir='ltr'><strong>contraria</strong></span> <span class='ocrx_word' id='word_1_496' title='bbox 1837 3344 2019 3400; x_wconf 85' lang='lat' dir='ltr'><strong>dicere</strong></span> 
     </span>
    </p>
   </div>
   <div class='ocr_carea' id='block_1_64' title="bbox 444 3436 2019 3508">
    <p class='ocr_par' dir='ltr' id='par_1_64' title="bbox 444 3436 2019 3508">
     <span class='ocr_line' id='line_1_64' title="bbox 444 3436 2019 3508; baseline -0.001 -13"><span class='ocrx_word' id='word_1_497' title='bbox 444 3455 505 3495; x_wconf 91' lang='lat' dir='ltr'><strong>se</strong></span> <span class='ocrx_word' id='word_1_498' title='bbox 532 3441 789 3507; x_wconf 89' lang='lat' dir='ltr'><strong>ostendit,</strong></span> <span class='ocrx_word' id='word_1_499' title='bbox 822 3451 951 3495; x_wconf 88' lang='lat' dir='ltr'><strong>tunc</strong></span> <span class='ocrx_word' id='word_1_500' title='bbox 996 3456 1155 3495; x_wconf 91' lang='lat' dir='ltr'><strong>verus</strong></span> <span class='ocrx_word' id='word_1_501' title='bbox 1199 3449 1301 3493; x_wconf 90' lang='lat' dir='ltr'><strong>est.</strong></span> <span class='ocrx_word' id='word_1_502' title='bbox 1346 3436 1463 3493; x_wconf 86' lang='lat' dir='ltr'><strong>Non</strong></span> <span class='ocrx_word' id='word_1_503' title='bbox 1499 3438 1605 3491; x_wconf 89' lang='lat' dir='ltr'><strong>alia</strong></span> <span class='ocrx_word' id='word_1_504' title='bbox 1642 3453 1772 3508; x_wconf 90' lang='lat' dir='ltr'><strong>ergo</strong></span> <span class='ocrx_word' id='word_1_505' title='bbox 1804 3438 2019 3496; x_wconf 90' lang='lat' dir='ltr'><strong>ratione</strong></span> 
     </span>
    </p>
   </div>
   <div class='ocr_carea' id='block_1_65' title="bbox 443 3529 2015 3602">
    <p class='ocr_par' dir='ltr' id='par_1_65' title="bbox 443 3529 2015 3602">
     <span class='ocr_line' id='line_1_65' title="bbox 443 3529 2015 3602; baseline -0.002 -16"><span class='ocrx_word' id='word_1_506' title='bbox 443 3532 854 3602; x_wconf 60' lang='lat' dir='ltr'><strong>pradicatorem</strong></span> <span class='ocrx_word' id='word_1_507' title='bbox 882 3532 1044 3586; x_wconf 91' lang='lat' dir='ltr'><strong>unius</strong></span> <span class='ocrx_word' id='word_1_508' title='bbox 1070 3530 1163 3585; x_wconf 89' lang='lat' dir='ltr'><strong>Dei</strong></span> <span class='ocrx_word' id='word_1_509' title='bbox 1186 3547 1307 3585; x_wconf 90' lang='lat' dir='ltr'><strong>esse</strong></span> <span class='ocrx_word' id='word_1_510' title='bbox 1331 3530 1647 3585; x_wconf 85' lang='lat' dir='ltr'><strong>mendacem</strong></span> <span class='ocrx_word' id='word_1_511' title='bbox 1670 3529 2015 3600; x_wconf 83' lang='lat' dir='ltr'><strong>pronuntias,</strong></span> 
     </span>
    </p>
   </div>
   <div class='ocr_carea' id='block_1_66' title="bbox 442 3621 2018 3696">
    <p class='ocr_par' dir='ltr' id='par_1_66' title="bbox 442 3621 2018 3696">
     <span class='ocr_line' id='line_1_66' title="bbox 442 3621 2018 3696; baseline -0.001 -17"><span class='ocrx_word' id='word_1_512' title='bbox 442 3626 549 3681; x_wconf 87' lang='lat' dir='ltr'><strong>nisi</strong></span> <span class='ocrx_word' id='word_1_513' title='bbox 593 3626 724 3696; x_wconf 88' lang='lat' dir='ltr'><strong>quia</strong></span> <span class='ocrx_word' id='word_1_514' title='bbox 771 3626 972 3681; x_wconf 68' lang='lat' dir='ltr'><strong>multos</strong></span> <span class='ocrx_word' id='word_1_515' title='bbox 1016 3627 1148 3679; x_wconf 91' lang='lat' dir='ltr'><strong>deos</strong></span> <span class='ocrx_word' id='word_1_516' title='bbox 1199 3638 1321 3678; x_wconf 91' lang='lat' dir='ltr'><strong>esse</strong></span> <span class='ocrx_word' id='word_1_517' title='bbox 1360 3638 1571 3678; x_wconf 88' lang='lat' dir='ltr'><strong>censes.</strong></span> <span class='ocrx_word' id='word_1_518' title='bbox 1614 3621 1780 3692; x_wconf 79' lang='lat' dir='ltr'><strong>Atqui</strong></span> <span class='ocrx_word' id='word_1_519' title='bbox 1816 3622 2018 3677; x_wconf 90' lang='lat' dir='ltr'><strong>multos</strong></span> 
     </span>
    </p>
   </div>
   <div class='ocr_carea' id='block_1_67' title="bbox 442 3715 2014 3789">
    <p class='ocr_par' dir='ltr' id='par_1_67' title="bbox 442 3715 2014 3789">
     <span class='ocr_line' id='line_1_67' title="bbox 442 3715 2014 3789; baseline -0.004 -15"><span class='ocrx_word' id='word_1_520' title='bbox 442 3720 574 3775; x_wconf 88' lang='lat' dir='ltr'><strong>deos</strong></span> <span class='ocrx_word' id='word_1_521' title='bbox 603 3735 725 3779; x_wconf 87' lang='lat' dir='ltr'><strong>esse</strong></span> <span class='ocrx_word' id='word_1_522' title='bbox 755 3735 856 3789; x_wconf 85' lang='lat' dir='ltr'><strong>ego</strong></span> <span class='ocrx_word' id='word_1_523' title='bbox 888 3734 1107 3789; x_wconf 87' lang='lat' dir='ltr'><strong>quoque</strong></span> <span class='ocrx_word' id='word_1_524' title='bbox 1150 3719 1257 3773; x_wconf 92' lang='lat' dir='ltr'><strong>aio.</strong></span> <span class='ocrx_word' id='word_1_525' title='bbox 1305 3716 1451 3771; x_wconf 86' lang='lat' dir='ltr'><strong>Idem</strong></span> <span class='ocrx_word' id='word_1_526' title='bbox 1498 3717 1684 3788; x_wconf 87' lang='lat' dir='ltr'><strong>igitur,</strong></span> <span class='ocrx_word' id='word_1_527' title='bbox 1740 3715 1887 3785; x_wconf 90' lang='lat' dir='ltr'><strong>quod</strong></span> <span class='ocrx_word' id='word_1_528' title='bbox 1921 3725 1975 3769; x_wconf 91' lang='lat' dir='ltr'><strong>tu</strong></span> <span class='ocrx_word' id='word_1_529' title='bbox 1997 3753 2014 3781; x_wconf 92' lang='lat'><strong>,</strong></span> 
     </span>
    </p>
   </div>
   <div class='ocr_carea' id='block_1_68' title="bbox 442 3809 2013 3881">
    <p class='ocr_par' dir='ltr' id='par_1_68' title="bbox 442 3809 2013 3881">
     <span class='ocr_line' id='line_1_68' title="bbox 442 3809 2013 3881; baseline -0.004 -14"><span class='ocrx_word' id='word_1_530' title='bbox 442 3822 568 3867; x_wconf 86' lang='lat' dir='ltr'><strong>ante</strong></span> <span class='ocrx_word' id='word_1_531' title='bbox 594 3813 1044 3881; x_wconf 81' lang='lat' dir='ltr'><strong>disceptationem</strong></span> <span class='ocrx_word' id='word_1_532' title='bbox 1074 3813 1199 3866; x_wconf 92' lang='lat' dir='ltr'><strong>dico</strong></span> <span class='ocrx_word' id='word_1_533' title='bbox 1219 3852 1233 3876; x_wconf 90' lang='lat'><strong>,</strong></span> <span class='ocrx_word' id='word_1_534' title='bbox 1264 3820 1318 3865; x_wconf 93' lang='lat' dir='ltr'><strong>et</strong></span> <span class='ocrx_word' id='word_1_535' title='bbox 1347 3826 1446 3879; x_wconf 91' lang='lat' dir='ltr'><strong>pro</strong></span> <span class='ocrx_word' id='word_1_536' title='bbox 1477 3818 1526 3864; x_wconf 87' lang='lat' dir='ltr'><strong>te</strong></span> <span class='ocrx_word' id='word_1_537' title='bbox 1560 3809 1739 3878; x_wconf 91' lang='lat' dir='ltr'><strong>potius</strong></span> <span class='ocrx_word' id='word_1_538' title='bbox 1769 3822 1889 3862; x_wconf 86' lang='lat' dir='ltr'><strong>sum</strong></span> <span class='ocrx_word' id='word_1_539' title='bbox 1918 3821 2013 3861; x_wconf 90' lang='lat' dir='ltr'><strong>oc-</strong></span> 
     </span>
    </p>
   </div>
   <div class='ocr_carea' id='block_1_69' title="bbox 441 3902 2015 3974">
    <p class='ocr_par' dir='ltr' id='par_1_69' title="bbox 441 3902 2015 3974">
     <span class='ocr_line' id='line_1_69' title="bbox 441 3902 2015 3974; baseline 0 -17"><span class='ocrx_word' id='word_1_540' title='bbox 441 3912 696 3974; x_wconf 88' lang='lat' dir='ltr'><strong>cupatus.</strong></span> <span class='ocrx_word' id='word_1_541' title='bbox 728 3902 908 3971; x_wconf 83' lang='lat' dir='ltr'><strong>Quare</strong></span> <span class='ocrx_word' id='word_1_542' title='bbox 948 3921 1050 3959; x_wconf 90' lang='lat' dir='ltr'><strong>nou</strong></span> <span class='ocrx_word' id='word_1_543' title='bbox 1084 3904 1249 3958; x_wconf 82' lang='lat' dir='ltr'><strong>debes</strong></span> <span class='ocrx_word' id='word_1_544' title='bbox 1282 3904 1349 3957; x_wconf 92' lang='lat' dir='ltr'><strong>de</strong></span> <span class='ocrx_word' id='word_1_545' title='bbox 1377 3919 1463 3958; x_wconf 90' lang='lat' dir='ltr'><strong>tne</strong></span> <span class='ocrx_word' id='word_1_546' title='bbox 1492 3918 1614 3959; x_wconf 84' lang='lat' dir='ltr'><strong>esse</strong></span> <span class='ocrx_word' id='word_1_547' title='bbox 1645 3904 1877 3969; x_wconf 77' lang='lat' dir='ltr'><strong>anxius,</strong></span> <span class='ocrx_word' id='word_1_548' title='bbox 1921 3902 2015 3958; x_wconf 89' lang='lat' dir='ltr'><strong>sed</strong></span> 
     </span>
    </p>
   </div>
   <div class='ocr_carea' id='block_1_70' title="bbox 440 3993 2015 4066">
    <p class='ocr_par' dir='ltr' id='par_1_70' title="bbox 440 3993 2015 4066">
     <span class='ocr_line' id='line_1_70' title="bbox 440 3993 2015 4066; baseline -0.001 -17"><span class='ocrx_word' id='word_1_549' title='bbox 440 3993 673 4060; x_wconf 85' lang='lat' dir='ltr'><strong>Petrus,</strong></span> <span class='ocrx_word' id='word_1_550' title='bbox 721 3997 852 4066; x_wconf 89' lang='lat' dir='ltr'><strong>quia</strong></span> <span class='ocrx_word' id='word_1_551' title='bbox 903 3996 1079 4050; x_wconf 80' lang='lat' dir='ltr'><strong>adhuc</strong></span> <span class='ocrx_word' id='word_1_552' title='bbox 1106 4005 1298 4051; x_wconf 85' lang='lat' dir='ltr'><strong>contra</strong></span> <span class='ocrx_word' id='word_1_553' title='bbox 1332 4008 1495 4065; x_wconf 90' lang='lat' dir='ltr'><strong>atque</strong></span> <span class='ocrx_word' id='word_1_554' title='bbox 1521 3996 1610 4051; x_wconf 90' lang='lat' dir='ltr'><strong>ille</strong></span> <span class='ocrx_word' id='word_1_555' title='bbox 1645 3996 1844 4051; x_wconf 89' lang='lat' dir='ltr'><strong>sentio.</strong></span> <span class='ocrx_word' id='word_1_556' title='bbox 1877 3994 2015 4049; x_wconf 79' lang='lat' dir='ltr'><strong>Pro-</strong></span> 
     </span>
    </p>
   </div>
   <div class='ocr_carea' id='block_1_71' title="bbox 441 4088 2015 4159">
    <p class='ocr_par' dir='ltr' id='par_1_71' title="bbox 441 4088 2015 4159">
     <span class='ocr_line' id='line_1_71' title="bbox 441 4088 2015 4159; baseline 0 -18"><span class='ocrx_word' id='word_1_557' title='bbox 441 4097 624 4158; x_wconf 90' lang='lat' dir='ltr'><strong>pterea</strong></span> <span class='ocrx_word' id='word_1_558' title='bbox 655 4097 777 4159; x_wconf 89' lang='lat' dir='ltr'><strong>post</strong></span> <span class='ocrx_word' id='word_1_559' title='bbox 804 4088 1227 4159; x_wconf 82' lang='lat' dir='ltr'><strong>disputationem</strong></span> <span class='ocrx_word' id='word_1_560' title='bbox 1252 4096 1494 4141; x_wconf 91' lang='lat' dir='ltr'><strong>vestram</strong></span> <span class='ocrx_word' id='word_1_561' title='bbox 1523 4102 1703 4158; x_wconf 89' lang='lat' dir='ltr'><strong>spero,</strong></span> <span class='ocrx_word' id='word_1_562' title='bbox 1722 4089 1866 4158; x_wconf 87' lang='lat' dir='ltr'><strong>quod</strong></span> <span class='ocrx_word' id='word_1_563' title='bbox 1899 4088 2015 4142; x_wconf 86' lang='lat' dir='ltr'><strong>veri</strong></span> 
     </span>
    </p>
   </div>
   <div class='ocr_carea' id='block_1_72' title="bbox 438 4179 2014 4250">
    <p class='ocr_par' dir='ltr' id='par_1_72' title="bbox 438 4179 2014 4250">
     <span class='ocr_line' id='line_1_72' title="bbox 438 4179 2014 4250; baseline -0.001 -15"><span class='ocrx_word' id='word_1_564' title='bbox 438 4182 718 4236; x_wconf 82' lang='lat' dir='ltr'><strong>studiosus</strong></span> <span class='ocrx_word' id='word_1_565' title='bbox 741 4179 910 4249; x_wconf 81' lang='lat' dir='ltr'><strong>judex</strong></span> <span class='ocrx_word' id='word_1_566' title='bbox 931 4223 944 4246; x_wconf 93' lang='lat'><strong>,</strong></span> <span class='ocrx_word' id='word_1_567' title='bbox 977 4181 1222 4250; x_wconf 90' lang='lat' dir='ltr'><strong>deposita</strong></span> <span class='ocrx_word' id='word_1_568' title='bbox 1255 4180 1667 4250; x_wconf 90' lang='lat' dir='ltr'><strong>anticipatione,</strong></span> <span class='ocrx_word' id='word_1_569' title='bbox 1701 4179 2014 4249; x_wconf 68' lang='lat' dir='ltr'><strong>prtevalenti</strong></span> 
     </span>
    </p>
   </div>
   <div class='ocr_carea' id='block_1_73' title="bbox 436 4271 2013 4341">
    <p class='ocr_par' dir='ltr' id='par_1_73' title="bbox 436 4271 2013 4341">
     <span class='ocr_line' id='line_1_73' title="bbox 436 4271 2013 4341; baseline -0.001 -15"><span class='ocrx_word' id='word_1_570' title='bbox 436 4288 813 4328; x_wconf 87' lang='lat' dir='ltr'><strong>consensurus</strong></span> <span class='ocrx_word' id='word_1_571' title='bbox 842 4272 945 4327; x_wconf 87' lang='lat' dir='ltr'><strong>sim</strong></span> <span class='ocrx_word' id='word_1_572' title='bbox 978 4273 1230 4327; x_wconf 90' lang='lat' dir='ltr'><strong>orationi.</strong></span> <span class='ocrx_word' id='word_1_573' title='bbox 1283 4271 1410 4327; x_wconf 68' lang='lat' dir='ltr'><strong>llaec</strong></span> <span class='ocrx_word' id='word_1_574' title='bbox 1433 4288 1557 4327; x_wconf 91' lang='lat' dir='ltr'><strong>cum</strong></span> <span class='ocrx_word' id='word_1_575' title='bbox 1584 4282 1735 4341; x_wconf 86' lang='lat' dir='ltr'><strong>pater</strong></span> <span class='ocrx_word' id='word_1_576' title='bbox 1761 4271 2013 4338; x_wconf 81' lang='lat' dir='ltr'><strong>dixisset,</strong></span> 
     </span>
    </p>
   </div>
   <div class='ocr_carea' id='block_1_74' title="bbox 436 4363 2013 4434">
    <p class='ocr_par' dir='ltr' id='par_1_74' title="bbox 436 4363 2013 4434">
     <span class='ocr_line' id='line_1_74' title="bbox 436 4363 2013 4434; baseline -0.001 -16"><span class='ocrx_word' id='word_1_577' title='bbox 436 4364 642 4420; x_wconf 79' lang='lat' dir='ltr'><strong>sensim</strong></span> <span class='ocrx_word' id='word_1_578' title='bbox 672 4366 879 4419; x_wconf 90' lang='lat' dir='ltr'><strong>clamor</strong></span> <span class='ocrx_word' id='word_1_579' title='bbox 904 4365 1127 4434; x_wconf 92' lang='lat' dir='ltr'><strong>quidam</strong></span> <span class='ocrx_word' id='word_1_580' title='bbox 1156 4364 1488 4419; x_wconf 88' lang='lat' dir='ltr'><strong>laudationis</strong></span> <span class='ocrx_word' id='word_1_581' title='bbox 1512 4379 1543 4418; x_wconf 90' lang='lat' dir='ltr'><strong>a</strong></span> <span class='ocrx_word' id='word_1_582' title='bbox 1569 4363 1767 4433; x_wconf 90' lang='lat' dir='ltr'><strong>populo</strong></span> <span class='ocrx_word' id='word_1_583' title='bbox 1789 4372 2013 4419; x_wconf 76' lang='lat' dir='ltr'><strong>exortus</strong></span> 
     </span>
    </p>
   </div>
   <div class='ocr_carea' id='block_1_75' title="bbox 434 4455 1566 4525">
    <p class='ocr_par' dir='ltr' id='par_1_75' title="bbox 434 4455 1566 4525">
     <span class='ocr_line' id='line_1_75' title="bbox 434 4455 1566 4525; baseline -0.002 -16"><span class='ocrx_word' id='word_1_584' title='bbox 434 4465 538 4521; x_wconf 87' lang='lat' dir='ltr'><strong>est,</strong></span> <span class='ocrx_word' id='word_1_585' title='bbox 576 4456 837 4524; x_wconf 87' lang='lat' dir='ltr'><strong>quoniam</strong></span> <span class='ocrx_word' id='word_1_586' title='bbox 871 4456 943 4511; x_wconf 89' lang='lat' dir='ltr'><strong>ita</strong></span> <span class='ocrx_word' id='word_1_587' title='bbox 978 4466 1127 4525; x_wconf 90' lang='lat' dir='ltr'><strong>pater</strong></span> <span class='ocrx_word' id='word_1_588' title='bbox 1158 4466 1300 4511; x_wconf 91' lang='lat' dir='ltr'><strong>esset</strong></span> <span class='ocrx_word' id='word_1_589' title='bbox 1328 4455 1566 4510; x_wconf 81' lang='lat' dir='ltr'><strong>locutus.</strong></span> 
     </span>
    </p>
   </div>
   <div class='ocr_carea' id='block_1_76' title="bbox 2122 3253 3710 3326">
    <p class='ocr_par' dir='ltr' id='par_1_76' title="bbox 2122 3253 3710 3326">
     <span class='ocr_line' id='line_1_76' title="bbox 2122 3253 3710 3326; baseline 0.004 -22"><span class='ocrx_word' id='word_1_590' title='bbox 2122 3253 2183 3305; x_wconf 89' lang='grc' dir='ltr'><strong>τὸ</strong></span> <span class='ocrx_word' id='word_1_591' title='bbox 2214 3255 2344 3306; x_wconf 79' lang='grc' dir='ltr'>αὐτὸ</span> <span class='ocrx_word' id='word_1_592' title='bbox 2374 3255 2539 3325; x_wconf 78' lang='lat'><strong>319</strong></span> <span class='ocrx_word' id='word_1_593' title='bbox 2571 3256 2755 3324; x_wconf 88' lang='grc' dir='ltr'>λέγει,</span> <span class='ocrx_word' id='word_1_594' title='bbox 2809 3258 2901 3309; x_wconf 79' lang='grc' dir='ltr'><strong>καὶ</strong></span> <span class='ocrx_word' id='word_1_595' title='bbox 2936 3257 3097 3319; x_wconf 76' lang='grc' dir='ltr'>αὐτὸς</span> <span class='ocrx_word' id='word_1_596' title='bbox 3132 3256 3418 3326; x_wconf 75' lang='grc' dir='ltr'>ψεύδεται,</span> <span class='ocrx_word' id='word_1_597' title='bbox 3460 3258 3596 3311; x_wconf 86' lang='grc' dir='ltr'>εἰδὲ</span> <span class='ocrx_word' id='word_1_598' title='bbox 3636 3258 3710 3311; x_wconf 72' lang='grc' dir='ltr'>τὰ</span> 
     </span>
    </p>
   </div>
   <div class='ocr_carea' id='block_1_77' title="bbox 2122 3344 3707 3421">
    <p class='ocr_par' dir='ltr' id='par_1_77' title="bbox 2122 3344 3707 3421">
     <span class='ocr_line' id='line_1_77' title="bbox 2122 3344 3707 3421; baseline 0.006 -25"><span class='ocrx_word' id='word_1_599' title='bbox 2122 3344 2337 3399; x_wconf 79' lang='grc' dir='ltr'>ἐναντία</span> <span class='ocrx_word' id='word_1_600' title='bbox 2393 3345 2562 3414; x_wconf 84' lang='grc' dir='ltr'>λέγων</span> <span class='ocrx_word' id='word_1_601' title='bbox 2613 3348 3028 3413; x_wconf 76' lang='grc' dir='ltr'>ἀποδείκνυσιν,</span> <span class='ocrx_word' id='word_1_602' title='bbox 3080 3350 3199 3402; x_wconf 84' lang='grc' dir='ltr'>τότε</span> <span class='ocrx_word' id='word_1_603' title='bbox 3254 3350 3529 3421; x_wconf 84' lang='grc' dir='ltr'>ἀληθεύει.</span> <span class='ocrx_word' id='word_1_604' title='bbox 3589 3353 3707 3405; x_wconf 67' lang='grc' dir='ltr'>Οὐκ</span> 
     </span>
    </p>
   </div>
   <div class='ocr_carea' id='block_1_78' title="bbox 2120 3433 3701 3513">
    <p class='ocr_par' dir='ltr' id='par_1_78' title="bbox 2120 3433 3701 3513">
     <span class='ocr_line' id='line_1_78' title="bbox 2120 3433 3701 3513; baseline 0.004 -24"><span class='ocrx_word' id='word_1_605' title='bbox 2120 3435 2292 3501; x_wconf 75' lang='grc' dir='ltr'>ἄλλως</span> <span class='ocrx_word' id='word_1_606' title='bbox 2314 3433 2408 3491; x_wconf 74' lang='grc' dir='ltr'><strong>οὖν</strong></span> <span class='ocrx_word' id='word_1_607' title='bbox 2436 3440 2525 3491; x_wconf 87' lang='grc' dir='ltr'><strong>τὸν</strong></span> <span class='ocrx_word' id='word_1_608' title='bbox 2552 3439 2648 3493; x_wconf 71' lang='lat' dir='ltr'><strong>Eva</strong></span> <span class='ocrx_word' id='word_1_609' title='bbox 2674 3440 2805 3493; x_wconf 88' lang='grc' dir='ltr'>Θεὸν</span> <span class='ocrx_word' id='word_1_610' title='bbox 2826 3437 2962 3493; x_wconf 70' lang='grc' dir='ltr'>εἶναι</span> <span class='ocrx_word' id='word_1_611' title='bbox 2985 3440 3207 3509; x_wconf 86' lang='grc' dir='ltr'>λέγοντα</span> <span class='ocrx_word' id='word_1_612' title='bbox 3228 3441 3467 3513; x_wconf 83' lang='grc' dir='ltr'>ψεύστην</span> <span class='ocrx_word' id='word_1_613' title='bbox 3494 3442 3701 3511; x_wconf 88' lang='grc' dir='ltr'>λέγεις,</span> 
     </span>
    </p>
   </div>
   <div class='ocr_carea' id='block_1_79' title="bbox 2120 3529 3707 3607">
    <p class='ocr_par' dir='ltr' id='par_1_79' title="bbox 2120 3529 3707 3607">
     <span class='ocr_line' id='line_1_79' title="bbox 2120 3529 3707 3607; baseline 0.004 -27"><span class='ocrx_word' id='word_1_614' title='bbox 2120 3530 2168 3581; x_wconf 83' lang='grc' dir='ltr'>εἰ</span> <span class='ocrx_word' id='word_1_615' title='bbox 2200 3530 2271 3600; x_wconf 84' lang='grc' dir='ltr'>μή</span> <span class='ocrx_word' id='word_1_616' title='bbox 2306 3547 2358 3583; x_wconf 89' lang='grc' dir='ltr'><strong>τι</strong></span> <span class='ocrx_word' id='word_1_617' title='bbox 2385 3529 2450 3584; x_wconf 80' lang='grc' dir='ltr'><strong>ἂν</strong></span> <span class='ocrx_word' id='word_1_618' title='bbox 2495 3532 2576 3584; x_wconf 79' lang='grc' dir='ltr'>ὃτι</span> <span class='ocrx_word' id='word_1_619' title='bbox 2623 3532 2850 3595; x_wconf 78' lang='grc' dir='ltr'>πολλοὺς</span> <span class='ocrx_word' id='word_1_620' title='bbox 2894 3532 3185 3607; x_wconf 67' lang='grc' dir='ltr'><strong>δοξάζῃςη</strong></span> <span class='ocrx_word' id='word_1_621' title='bbox 3216 3534 3388 3597; x_wconf 86' lang='grc' dir='ltr'>θεούς.</span> <span class='ocrx_word' id='word_1_622' title='bbox 3430 3534 3603 3597; x_wconf 81' lang='grc' dir='ltr'>Θεοὺς</span> <span class='ocrx_word' id='word_1_623' title='bbox 3645 3536 3707 3587; x_wconf 89' lang='grc' dir='ltr'><strong>δέ</strong></span> 
     </span>
    </p>
   </div>
   <div class='ocr_carea' id='block_1_80' title="bbox 2122 3620 3707 3701">
    <p class='ocr_par' dir='ltr' id='par_1_80' title="bbox 2122 3620 3707 3701">
     <span class='ocr_line' id='line_1_80' title="bbox 2122 3620 3707 3701; baseline 0.007 -28"><span class='ocrx_word' id='word_1_624' title='bbox 2122 3621 2345 3686; x_wconf 76' lang='grc' dir='ltr'>πολλοὺς</span> <span class='ocrx_word' id='word_1_625' title='bbox 2374 3620 2513 3677; x_wconf 83' lang='grc' dir='ltr'>εἶναι</span> <span class='ocrx_word' id='word_1_626' title='bbox 2540 3624 2695 3691; x_wconf 89' lang='grc' dir='ltr'>κάγὼ</span> <span class='ocrx_word' id='word_1_627' title='bbox 2715 3628 2758 3660; x_wconf 70' lang='grc'><strong>⁸⁷</strong></span> <span class='ocrx_word' id='word_1_628' title='bbox 2789 3625 2950 3695; x_wconf 85' lang='grc' dir='ltr'>λέγω.</span> <span class='ocrx_word' id='word_1_629' title='bbox 2986 3627 3058 3679; x_wconf 91' lang='grc' dir='ltr'>Τὸ</span> <span class='ocrx_word' id='word_1_630' title='bbox 3082 3627 3213 3681; x_wconf 81' lang='grc' dir='ltr'>αὐτὸ</span> <span class='ocrx_word' id='word_1_631' title='bbox 3238 3624 3331 3681; x_wconf 80' lang='grc' dir='ltr'><strong>οὖν</strong></span> <span class='ocrx_word' id='word_1_632' title='bbox 3356 3645 3436 3681; x_wconf 91' lang='grc' dir='ltr'><strong>σοι</strong></span> <span class='ocrx_word' id='word_1_633' title='bbox 3465 3629 3574 3700; x_wconf 83' lang='grc' dir='ltr'><strong>πρὸ</strong></span> <span class='ocrx_word' id='word_1_634' title='bbox 3598 3630 3707 3701; x_wconf 77' lang='grc' dir='ltr'>τῆς</span> 
     </span>
    </p>
   </div>
   <div class='ocr_carea' id='block_1_81' title="bbox 2120 3714 3705 3791">
    <p class='ocr_par' dir='ltr' id='par_1_81' title="bbox 2120 3714 3705 3791">
     <span class='ocr_line' id='line_1_81' title="bbox 2120 3714 3705 3791; baseline 0.006 -23"><span class='ocrx_word' id='word_1_635' title='bbox 2120 3714 2397 3787; x_wconf 79' lang='grc' dir='ltr'>ζητήσεως</span> <span class='ocrx_word' id='word_1_636' title='bbox 2420 3717 2613 3786; x_wconf 90' lang='grc' dir='ltr'>λέγων,</span> <span class='ocrx_word' id='word_1_637' title='bbox 2649 3719 2732 3771; x_wconf 75' lang='grc' dir='ltr'>σοὶ</span> <span class='ocrx_word' id='word_1_638' title='bbox 2757 3718 2956 3789; x_wconf 82' lang='grc' dir='ltr'>μᾶλλον</span> <span class='ocrx_word' id='word_1_639' title='bbox 2988 3720 3379 3791; x_wconf 87' lang='grc' dir='ltr'>προείλημμαι.</span> <span class='ocrx_word' id='word_1_640' title='bbox 3412 3723 3523 3775; x_wconf 82' lang='grc' dir='ltr'>Καὶ</span> <span class='ocrx_word' id='word_1_641' title='bbox 3556 3722 3705 3777; x_wconf 82' lang='grc' dir='ltr'><strong>κατά</strong></span> 
     </span>
    </p>
   </div>
   <div class='ocr_carea' id='block_1_82' title="bbox 2117 3808 3704 3885">
    <p class='ocr_par' dir='ltr' id='par_1_82' title="bbox 2117 3808 3704 3885">
     <span class='ocr_line' id='line_1_82' title="bbox 2117 3808 3704 3885; baseline 0.006 -25"><span class='ocrx_word' id='word_1_642' title='bbox 2117 3808 2274 3861; x_wconf 77' lang='grc' dir='ltr'>τοῦτο</span> <span class='ocrx_word' id='word_1_643' title='bbox 2307 3810 2543 3881; x_wconf 83' lang='grc' dir='ltr'>ἀγωνιᾷν</span> <span class='ocrx_word' id='word_1_644' title='bbox 2578 3812 2704 3881; x_wconf 80' lang='grc' dir='ltr'>περὶ</span> <span class='ocrx_word' id='word_1_645' title='bbox 2738 3811 2870 3882; x_wconf 87' lang='grc' dir='ltr'>ἐμοῦ</span> <span class='ocrx_word' id='word_1_646' title='bbox 2899 3812 2998 3865; x_wconf 85' lang='grc' dir='ltr'><strong>οὐκ</strong></span> <span class='ocrx_word' id='word_1_647' title='bbox 3023 3813 3275 3880; x_wconf 75' lang='grc' dir='ltr'>ὀφείλεις,</span> <span class='ocrx_word' id='word_1_648' title='bbox 3301 3814 3434 3867; x_wconf 88' lang='grc' dir='ltr'><strong>ἀλλά</strong></span> <span class='ocrx_word' id='word_1_649' title='bbox 3468 3814 3704 3885; x_wconf 83' lang='grc' dir='ltr'>Πέτρος,</span> 
     </span>
    </p>
   </div>
   <div class='ocr_carea' id='block_1_83' title="bbox 2117 3902 3707 3979">
    <p class='ocr_par' dir='ltr' id='par_1_83' title="bbox 2117 3902 3707 3979">
     <span class='ocr_line' id='line_1_83' title="bbox 2117 3902 3707 3979; baseline 0.004 -25"><span class='ocrx_word' id='word_1_650' title='bbox 2117 3902 2199 3954; x_wconf 83' lang='grc' dir='ltr'>ὅτι</span> <span class='ocrx_word' id='word_1_651' title='bbox 2231 3903 2413 3975; x_wconf 82' lang='grc' dir='ltr'>ἀκμὴν</span> <span class='ocrx_word' id='word_1_652' title='bbox 2458 3904 2607 3974; x_wconf 82' lang='grc' dir='ltr'>αύτῷ</span> <span class='ocrx_word' id='word_1_653' title='bbox 2655 3904 2724 3958; x_wconf 81' lang='grc' dir='ltr'>τὰ</span> <span class='ocrx_word' id='word_1_654' title='bbox 2768 3905 2986 3957; x_wconf 88' lang='grc' dir='ltr'>ἐναντία</span> <span class='ocrx_word' id='word_1_655' title='bbox 3019 3906 3220 3977; x_wconf 85' lang='grc' dir='ltr'>φρονῶ.</span> <span class='ocrx_word' id='word_1_656' title='bbox 3253 3908 3522 3979; x_wconf 74' lang='grc' dir='ltr'>Ὢσπερη</span> <span class='ocrx_word' id='word_1_657' title='bbox 3560 3909 3707 3978; x_wconf 86' lang='grc' dir='ltr'><strong>μετά</strong></span> 
     </span>
    </p>
   </div>
   <div class='ocr_carea' id='block_1_84' title="bbox 2115 3995 3702 4074">
    <p class='ocr_par' dir='ltr' id='par_1_84' title="bbox 2115 3995 3702 4074">
     <span class='ocr_line' id='line_1_84' title="bbox 2115 3995 3702 4074; baseline 0.007 -29"><span class='ocrx_word' id='word_1_658' title='bbox 2115 3995 2214 4065; x_wconf 80' lang='grc' dir='ltr'><strong>τὴν</strong></span> <span class='ocrx_word' id='word_1_659' title='bbox 2249 3996 2519 4067; x_wconf 83' lang='grc' dir='ltr'>ὑμετέραν</span> <span class='ocrx_word' id='word_1_660' title='bbox 2550 3996 2773 4068; x_wconf 78' lang='grc' dir='ltr'>ζήτησιν</span> <span class='ocrx_word' id='word_1_661' title='bbox 2805 3998 3007 4062; x_wconf 74' lang='grc' dir='ltr'>ἐλπίζω</span> <span class='ocrx_word' id='word_1_662' title='bbox 3041 4000 3338 4071; x_wconf 83' lang='grc' dir='ltr'>φιλαλήθης</span> <span class='ocrx_word' id='word_1_663' title='bbox 3369 4001 3443 4054; x_wconf 84' lang='grc' dir='ltr'>ὣν</span> <span class='ocrx_word' id='word_1_664' title='bbox 3478 4004 3702 4074; x_wconf 80' lang='grc' dir='ltr'>κριτὴς,</span> 
     </span>
    </p>
   </div>
   <div class='ocr_carea' id='block_1_85' title="bbox 2116 4087 3703 4164">
    <p class='ocr_par' dir='ltr' id='par_1_85' title="bbox 2116 4087 3703 4164">
     <span class='ocr_line' id='line_1_85' title="bbox 2116 4087 3703 4164; baseline 0.008 -26"><span class='ocrx_word' id='word_1_665' title='bbox 2116 4087 2382 4159; x_wconf 83' lang='grc' dir='ltr'>πρόληψιν</span> <span class='ocrx_word' id='word_1_666' title='bbox 2423 4089 2845 4161; x_wconf 80' lang='grc' dir='ltr'>ἀποδυσάμενος,</span> <span class='ocrx_word' id='word_1_667' title='bbox 2881 4092 2958 4163; x_wconf 82' lang='grc' dir='ltr'><strong>τῷ</strong></span> <span class='ocrx_word' id='word_1_668' title='bbox 2990 4093 3370 4164; x_wconf 86' lang='grc' dir='ltr'>ἐπικρατοῦντι</span> <span class='ocrx_word' id='word_1_669' title='bbox 3406 4095 3703 4150; x_wconf 85' lang='grc' dir='ltr'>συνθέσθαι</span> 
     </span>
    </p>
   </div>
   <div class='ocr_carea' id='block_1_86' title="bbox 2116 4176 3701 4256">
    <p class='ocr_par' dir='ltr' id='par_1_86' title="bbox 2116 4176 3701 4256">
     <span class='ocr_line' id='line_1_86' title="bbox 2116 4176 3701 4256; baseline 0.006 -28"><span class='ocrx_word' id='word_1_670' title='bbox 2116 4176 2277 4248; x_wconf 83' lang='grc' dir='ltr'>λόγῳ.</span> <span class='ocrx_word' id='word_1_671' title='bbox 2309 4179 2494 4234; x_wconf 87' lang='grc' dir='ltr'>Ταῦτα</span> <span class='ocrx_word' id='word_1_672' title='bbox 2543 4180 2635 4232; x_wconf 86' lang='grc' dir='ltr'><strong>τοῦ</strong></span> <span class='ocrx_word' id='word_1_673' title='bbox 2686 4182 2889 4252; x_wconf 86' lang='grc' dir='ltr'>πατρὸς</span> <span class='ocrx_word' id='word_1_674' title='bbox 2940 4183 3183 4245; x_wconf 80' lang='grc' dir='ltr'>εἰπόντος</span> <span class='ocrx_word' id='word_1_675' title='bbox 3234 4184 3414 4255; x_wconf 71' lang='grc' dir='ltr'>ἠρέμα</span> <span class='ocrx_word' id='word_1_676' title='bbox 3464 4185 3560 4256; x_wconf 80' lang='grc' dir='ltr'><strong>βοή</strong></span> <span class='ocrx_word' id='word_1_677' title='bbox 3612 4203 3701 4253; x_wconf 85' lang='grc' dir='ltr'><strong>τις</strong></span> 
     </span>
    </p>
   </div>
   <div class='ocr_carea' id='block_1_87' title="bbox 2115 4270 3698 4349">
    <p class='ocr_par' dir='ltr' id='par_1_87' title="bbox 2115 4270 3698 4349">
     <span class='ocr_line' id='line_1_87' title="bbox 2115 4270 3698 4349; baseline 0.008 -29"><span class='ocrx_word' id='word_1_678' title='bbox 2115 4270 2334 4349; x_wconf 60' lang='grc' dir='ltr'>ἐπαίνου</span> <span class='ocrx_word' id='word_1_679' title='bbox 2369 4271 2432 4323; x_wconf 82' lang='grc' dir='ltr'><strong>ἐκ</strong></span> <span class='ocrx_word' id='word_1_680' title='bbox 2465 4270 2575 4323; x_wconf 85' lang='grc' dir='ltr'><strong>τῶν</strong></span> <span class='ocrx_word' id='word_1_681' title='bbox 2603 4271 2772 4341; x_wconf 74' lang='grc' dir='ltr'>ὄχλων</span> <span class='ocrx_word' id='word_1_682' title='bbox 2797 4274 3011 4343; x_wconf 86' lang='grc' dir='ltr'>ἐγένετο</span> <span class='ocrx_word' id='word_1_683' title='bbox 3040 4276 3131 4328; x_wconf 78' lang='grc' dir='ltr'><strong>ἐπὶ</strong></span> <span class='ocrx_word' id='word_1_684' title='bbox 3162 4275 3238 4347; x_wconf 82' lang='grc' dir='ltr'><strong>τῷ</strong></span> <span class='ocrx_word' id='word_1_685' title='bbox 3265 4275 3435 4341; x_wconf 77' lang='grc' dir='ltr'>οὔτως</span> <span class='ocrx_word' id='word_1_686' title='bbox 3460 4278 3551 4332; x_wconf 85' lang='grc' dir='ltr'><strong>τὸν</strong></span> <span class='ocrx_word' id='word_1_687' title='bbox 3585 4298 3698 4333; x_wconf 86' lang='grc' dir='ltr'>πα-</span> 
     </span>
    </p>
   </div>
   <div class='ocr_carea' id='block_1_88' title="bbox 2112 4359 2631 4433">
    <p class='ocr_par' dir='ltr' id='par_1_88' title="bbox 2112 4359 2631 4433">
     <span class='ocr_line' id='line_1_88' title="bbox 2112 4359 2631 4433; baseline 0.008 -20"><span class='ocrx_word' id='word_1_688' title='bbox 2112 4359 2247 4433; x_wconf 85' lang='grc' dir='ltr'>τέρα</span> <span class='ocrx_word' id='word_1_689' title='bbox 2268 4362 2631 4433; x_wconf 84' lang='grc' dir='ltr'>διαλεχθῆναι.</span> 
     </span>
    </p>
   </div>
   <div class='ocr_carea' id='block_1_89' title="bbox 508 4537 2036 4621">
    <p class='ocr_par' dir='ltr' id='par_1_89' title="bbox 508 4544 2009 4616">
     <span class='ocr_line' id='line_1_89' title="bbox 508 4544 2009 4616; baseline 0.001 -17"><span class='ocrx_word' id='word_1_690' title='bbox 508 4545 573 4599; x_wconf 78' lang='grc' dir='ltr'><strong>ν.</strong></span> <span class='ocrx_word' id='word_1_691' title='bbox 616 4545 789 4601; x_wconf 87' lang='grc' dir='ltr'>Ροιϊο</span> <span class='ocrx_word' id='word_1_692' title='bbox 822 4544 1013 4602; x_wconf 83' lang='lat' dir='ltr'><strong>Petrus</strong></span> <span class='ocrx_word' id='word_1_693' title='bbox 1044 4547 1181 4601; x_wconf 74' lang='lat' dir='ltr'><strong>dixit</strong></span> <span class='ocrx_word' id='word_1_694' title='bbox 1212 4566 1225 4601; x_wconf 91' lang='lat'><strong>:</strong></span> <span class='ocrx_word' id='word_1_695' title='bbox 1265 4546 1377 4616; x_wconf 86' lang='lat' dir='ltr'><strong>Ego</strong></span> <span class='ocrx_word' id='word_1_696' title='bbox 1397 4588 1411 4608; x_wconf 87' lang='lat'><strong>,</strong></span> <span class='ocrx_word' id='word_1_697' title='bbox 1452 4546 1595 4602; x_wconf 87' lang='lat' dir='ltr'><strong>sicut</strong></span> <span class='ocrx_word' id='word_1_698' title='bbox 1626 4546 2009 4601; x_wconf 72' lang='lat' dir='ltr'><strong>controversia:</strong></span> 
     </span>
    </p>
   </div>
   <div class='ocr_carea' id='block_1_90' title="bbox 2123 4537 3697 4621">
    <p class='ocr_par' dir='ltr' id='par_1_90' title="bbox 2185 4538 3697 4621">
     <span class='ocr_line' id='line_1_90' title="bbox 2185 4538 3697 4621; baseline 0.009 -29"><span class='ocrx_word' id='word_1_699' title='bbox 2185 4538 2249 4593; x_wconf 86' lang='lat' dir='ltr'><strong>V.</strong></span> <span class='ocrx_word' id='word_1_700' title='bbox 2292 4541 2400 4594; x_wconf 86' lang='lat' dir='ltr'><strong>Kal</strong></span> <span class='ocrx_word' id='word_1_701' title='bbox 2426 4544 2575 4613; x_wconf 85' lang='grc' dir='ltr'>όμῶς</span> <span class='ocrx_word' id='word_1_702' title='bbox 2593 4546 2620 4596; x_wconf 89' lang='grc' dir='ltr'><strong>ό</strong></span> <span class='ocrx_word' id='word_1_703' title='bbox 2639 4544 2843 4615; x_wconf 89' lang='grc' dir='ltr'>Πέτρος</span> <span class='ocrx_word' id='word_1_704' title='bbox 2863 4545 2965 4618; x_wconf 79' lang='grc' dir='ltr'>ἔφη</span> <span class='ocrx_word' id='word_1_705' title='bbox 2985 4563 2998 4575; x_wconf 87' lang='grc'><strong>·</strong></span> <span class='ocrx_word' id='word_1_706' title='bbox 3043 4547 3201 4616; x_wconf 85' lang='grc' dir='ltr'>Ἐγὼ,</span> <span class='ocrx_word' id='word_1_707' title='bbox 3232 4549 3307 4612; x_wconf 85' lang='grc' dir='ltr'>ὡς</span> <span class='ocrx_word' id='word_1_708' title='bbox 3333 4551 3361 4603; x_wconf 92' lang='lat'><strong>6</strong></span> <span class='ocrx_word' id='word_1_709' title='bbox 3384 4551 3492 4603; x_wconf 84' lang='grc' dir='ltr'><strong>τῶν</strong></span> <span class='ocrx_word' id='word_1_710' title='bbox 3516 4551 3697 4621; x_wconf 85' lang='grc' dir='ltr'>λόγων</span> 
     </span>
    </p>
   </div>
   <div class='ocr_carea' id='block_1_91' title="bbox 435 4638 2009 4710">
    <p class='ocr_par' dir='ltr' id='par_1_91' title="bbox 435 4638 2009 4710">
     <span class='ocr_line' id='line_1_91' title="bbox 435 4638 2009 4710; baseline 0 -16"><span class='ocrx_word' id='word_1_711' title='bbox 435 4638 644 4695; x_wconf 86' lang='lat' dir='ltr'><strong>arbiter</strong></span> <span class='ocrx_word' id='word_1_712' title='bbox 673 4640 1047 4709; x_wconf 77' lang='lat' dir='ltr'><strong>pronuntiavit</strong></span> <span class='ocrx_word' id='word_1_713' title='bbox 1068 4681 1081 4701; x_wconf 82' lang='lat'><strong><em>.</em></strong></span> <span class='ocrx_word' id='word_1_714' title='bbox 1131 4654 1293 4710; x_wconf 88' lang='lat' dir='ltr'><strong>agere</strong></span> <span class='ocrx_word' id='word_1_715' title='bbox 1333 4655 1455 4694; x_wconf 91' lang='lat' dir='ltr'><strong>sum</strong></span> <span class='ocrx_word' id='word_1_716' title='bbox 1487 4650 1709 4709; x_wconf 88' lang='lat' dir='ltr'><strong>paratus</strong></span> <span class='ocrx_word' id='word_1_717' title='bbox 1743 4657 1757 4694; x_wconf 88' lang='lat'><strong>:</strong></span> <span class='ocrx_word' id='word_1_718' title='bbox 1785 4639 2009 4710; x_wconf 81' lang='lat' dir='ltr'><strong>jamque</strong></span> 
     </span>
    </p>
   </div>
   <div class='ocr_carea' id='block_1_92' title="bbox 434 4730 2003 4799">
    <p class='ocr_par' dir='ltr' id='par_1_92' title="bbox 434 4730 2003 4799">
     <span class='ocr_line' id='line_1_92' title="bbox 434 4730 2003 4799; baseline 0.001 -15"><span class='ocrx_word' id='word_1_719' title='bbox 434 4731 644 4799; x_wconf 85' lang='lat' dir='ltr'><strong>absque</strong></span> <span class='ocrx_word' id='word_1_720' title='bbox 677 4731 784 4785; x_wconf 88' lang='lat' dir='ltr'><strong>ulla</strong></span> <span class='ocrx_word' id='word_1_721' title='bbox 835 4747 988 4786; x_wconf 89' lang='lat' dir='ltr'><strong>mora</strong></span> <span class='ocrx_word' id='word_1_722' title='bbox 1042 4748 1217 4785; x_wconf 90' lang='lat' dir='ltr'><strong>meam</strong></span> <span class='ocrx_word' id='word_1_723' title='bbox 1266 4732 1333 4785; x_wconf 92' lang='lat' dir='ltr'><strong>de</strong></span> <span class='ocrx_word' id='word_1_724' title='bbox 1381 4730 1492 4785; x_wconf 90' lang='lat' dir='ltr'><strong>Dco</strong></span> <span class='ocrx_word' id='word_1_725' title='bbox 1535 4732 1857 4787; x_wconf 87' lang='lat' dir='ltr'><strong>sententiam</strong></span> <span class='ocrx_word' id='word_1_726' title='bbox 1908 4748 2003 4787; x_wconf 81' lang='lat' dir='ltr'><strong>ex-</strong></span> 
     </span>
    </p>
   </div>
   <div class='ocr_carea' id='block_1_93' title="bbox 433 4816 2004 4890">
    <p class='ocr_par' dir='ltr' id='par_1_93' title="bbox 433 4816 2004 4890">
     <span class='ocr_line' id='line_1_93' title="bbox 433 4816 2004 4890; baseline 0.004 -21"><span class='ocrx_word' id='word_1_727' title='bbox 433 4817 664 4885; x_wconf 87' lang='lat' dir='ltr'><strong>plicabo.</strong></span> <span class='ocrx_word' id='word_1_728' title='bbox 702 4816 880 4873; x_wconf 87' lang='lat' dir='ltr'><strong>Unum</strong></span> <span class='ocrx_word' id='word_1_729' title='bbox 906 4834 1007 4890; x_wconf 88' lang='lat' dir='ltr'><strong>ego</strong></span> <span class='ocrx_word' id='word_1_730' title='bbox 1045 4836 1165 4874; x_wconf 89' lang='lat' dir='ltr'><strong>esse</strong></span> <span class='ocrx_word' id='word_1_731' title='bbox 1204 4819 1369 4874; x_wconf 89' lang='lat' dir='ltr'><strong>Deum</strong></span> <span class='ocrx_word' id='word_1_732' title='bbox 1398 4836 1583 4875; x_wconf 87' lang='lat' dir='ltr'><strong>assero</strong></span> <span class='ocrx_word' id='word_1_733' title='bbox 1608 4862 1622 4886; x_wconf 97' lang='lat'><strong>,</strong></span> <span class='ocrx_word' id='word_1_734' title='bbox 1671 4821 2004 4875; x_wconf 86' lang='lat' dir='ltr'><strong>conditorem</strong></span> 
     </span>
    </p>
   </div>
   <div class='ocr_carea' id='block_1_94' title="bbox 433 4909 2002 4981">
    <p class='ocr_par' dir='ltr' id='par_1_94' title="bbox 433 4909 2002 4981">
     <span class='ocr_line' id='line_1_94' title="bbox 433 4909 2002 4981; baseline 0.003 -19"><span class='ocrx_word' id='word_1_735' title='bbox 433 4909 556 4963; x_wconf 69' lang='grc' dir='ltr'><strong>(ξωιί</strong></span> <span class='ocrx_word' id='word_1_736' title='bbox 582 4918 635 4964; x_wconf 91' lang='lat' dir='ltr'><strong>et</strong></span> <span class='ocrx_word' id='word_1_737' title='bbox 659 4918 815 4963; x_wconf 68' lang='lat' dir='ltr'><strong>terra:</strong></span> <span class='ocrx_word' id='word_1_738' title='bbox 838 4911 1193 4981; x_wconf 88' lang='lat' dir='ltr'><strong>omniumque</strong></span> <span class='ocrx_word' id='word_1_739' title='bbox 1214 4912 1282 4967; x_wconf 90' lang='lat' dir='ltr'><strong>iis</strong></span> <span class='ocrx_word' id='word_1_740' title='bbox 1305 4921 1705 4965; x_wconf 88' lang='lat' dir='ltr'><strong>contetttorttm.</strong></span> <span class='ocrx_word' id='word_1_741' title='bbox 1734 4913 1811 4965; x_wconf 85' lang='lat' dir='ltr'><strong>Ae</strong></span> <span class='ocrx_word' id='word_1_742' title='bbox 1837 4913 2002 4967; x_wconf 90' lang='lat' dir='ltr'><strong>alium</strong></span> 
     </span>
    </p>
   </div>
   <div class='ocr_carea' id='block_1_95' title="bbox 435 4996 1999 5067">
    <p class='ocr_par' dir='ltr' id='par_1_95' title="bbox 435 4996 1999 5067">
     <span class='ocr_line' id='line_1_95' title="bbox 435 4996 1999 5067; baseline 0.006 -20"><span class='ocrx_word' id='word_1_743' title='bbox 435 5011 611 5064; x_wconf 88' lang='lat' dir='ltr'><strong>neque</strong></span> <span class='ocrx_word' id='word_1_744' title='bbox 642 4996 857 5064; x_wconf 90' lang='lat' dir='ltr'><strong>dicere,</strong></span> <span class='ocrx_word' id='word_1_745' title='bbox 907 5015 1084 5067; x_wconf 87' lang='lat' dir='ltr'><strong>neque</strong></span> <span class='ocrx_word' id='word_1_746' title='bbox 1117 5002 1380 5055; x_wconf 82' lang='lat' dir='ltr'><strong>extimarc</strong></span> <span class='ocrx_word' id='word_1_747' title='bbox 1414 5002 1556 5056; x_wconf 85' lang='lat' dir='ltr'><strong>licet.</strong></span> <span class='ocrx_word' id='word_1_748' title='bbox 1590 5001 1726 5055; x_wconf 88' lang='lat' dir='ltr'><strong>Tum</strong></span> <span class='ocrx_word' id='word_1_749' title='bbox 1773 5002 1999 5057; x_wconf 88' lang='lat' dir='ltr'><strong>Simon:</strong></span> 
     </span>
    </p>
   </div>
   <div class='ocr_carea' id='block_1_96' title="bbox 431 5086 1999 5164">
    <p class='ocr_par' dir='ltr' id='par_1_96' title="bbox 431 5086 1999 5164">
     <span class='ocr_line' id='line_1_96' title="bbox 431 5086 1999 5164; baseline 0.006 -23"><span class='ocrx_word' id='word_1_750' title='bbox 431 5086 547 5159; x_wconf 83' lang='lat' dir='ltr'><strong>Ego</strong></span> <span class='ocrx_word' id='word_1_751' title='bbox 576 5098 756 5142; x_wconf 90' lang='lat' dir='ltr'><strong>autem</strong></span> <span class='ocrx_word' id='word_1_752' title='bbox 788 5092 895 5156; x_wconf 88' lang='lat' dir='ltr'><strong>aio,</strong></span> <span class='ocrx_word' id='word_1_753' title='bbox 926 5106 954 5145; x_wconf 92' lang='lat' dir='ltr'><strong>a</strong></span> <span class='ocrx_word' id='word_1_754' title='bbox 984 5090 1280 5161; x_wconf 83' lang='lat' dir='ltr'><strong>Scripturis</strong></span> <span class='ocrx_word' id='word_1_755' title='bbox 1312 5110 1433 5164; x_wconf 80' lang='lat' dir='ltr'><strong>qua:</strong></span> <span class='ocrx_word' id='word_1_756' title='bbox 1459 5094 1600 5162; x_wconf 91' lang='lat' dir='ltr'><strong>apud</strong></span> <span class='ocrx_word' id='word_1_757' title='bbox 1634 5094 1850 5150; x_wconf 70' lang='lat' dir='ltr'><strong>Judteos</strong></span> <span class='ocrx_word' id='word_1_758' title='bbox 1881 5112 1999 5151; x_wconf 83' lang='lat' dir='ltr'><strong>cre-</strong></span> 
     </span>
    </p>
   </div>
   <div class='ocr_carea' id='block_1_97' title="bbox 431 5182 2003 5250">
    <p class='ocr_par' dir='ltr' id='par_1_97' title="bbox 431 5182 2003 5250">
     <span class='ocr_line' id='line_1_97' title="bbox 431 5182 2003 5250; baseline 0.006 -16"><span class='ocrx_word' id='word_1_759' title='bbox 431 5182 656 5246; x_wconf 89' lang='lat' dir='ltr'><strong>duntur,</strong></span> <span class='ocrx_word' id='word_1_760' title='bbox 705 5183 813 5237; x_wconf 79' lang='lat' dir='ltr'><strong>dici</strong></span> <span class='ocrx_word' id='word_1_761' title='bbox 850 5185 1051 5240; x_wconf 88' lang='lat' dir='ltr'><strong>multos</strong></span> <span class='ocrx_word' id='word_1_762' title='bbox 1097 5187 1265 5250; x_wconf 88' lang='lat' dir='ltr'><strong>deos,</strong></span> <span class='ocrx_word' id='word_1_763' title='bbox 1318 5203 1419 5241; x_wconf 90' lang='lat' dir='ltr'><strong>nec</strong></span> <span class='ocrx_word' id='word_1_764' title='bbox 1464 5189 1531 5242; x_wconf 89' lang='lat' dir='ltr'><strong>de</strong></span> <span class='ocrx_word' id='word_1_765' title='bbox 1572 5203 1638 5241; x_wconf 90' lang='lat' dir='ltr'><strong>eo</strong></span> <span class='ocrx_word' id='word_1_766' title='bbox 1681 5203 2003 5244; x_wconf 88' lang='lat' dir='ltr'><strong>succensere</strong></span> 
     </span>
    </p>
   </div>
   <div class='ocr_carea' id='block_1_98' title="bbox 2115 4631 3695 4715">
    <p class='ocr_par' dir='ltr' id='par_1_98' title="bbox 2115 4631 3695 4715">
     <span class='ocr_line' id='line_1_98' title="bbox 2115 4631 3695 4715; baseline 0.01 -32"><span class='ocrx_word' id='word_1_767' title='bbox 2115 4631 2341 4703; x_wconf 85' lang='grc' dir='ltr'>μεσίτης</span> <span class='ocrx_word' id='word_1_768' title='bbox 2378 4635 2617 4705; x_wconf 73' lang='grc' dir='ltr'>εἴρηκεν,</span> <span class='ocrx_word' id='word_1_769' title='bbox 2665 4640 2837 4690; x_wconf 84' lang='grc' dir='ltr'>ποιεῖν</span> <span class='ocrx_word' id='word_1_770' title='bbox 2869 4640 3082 4710; x_wconf 73' lang='grc' dir='ltr'>ἕτοιμός</span> <span class='ocrx_word' id='word_1_771' title='bbox 3127 4644 3262 4711; x_wconf 81' lang='grc' dir='ltr'>εἰμι,</span> <span class='ocrx_word' id='word_1_772' title='bbox 3298 4644 3391 4696; x_wconf 70' lang='grc' dir='ltr'><strong>καὶ</strong></span> <span class='ocrx_word' id='word_1_773' title='bbox 3422 4644 3520 4715; x_wconf 76' lang='grc' dir='ltr'>ἢδη</span> <span class='ocrx_word' id='word_1_774' title='bbox 3556 4648 3695 4699; x_wconf 83' lang='grc' dir='ltr'>ποτὲ</span> 
     </span>
    </p>
   </div>
   <div class='ocr_carea' id='block_1_99' title="bbox 2111 4724 3694 4807">
    <p class='ocr_par' dir='ltr' id='par_1_99' title="bbox 2111 4724 3694 4807">
     <span class='ocr_line' id='line_1_99' title="bbox 2111 4724 3694 4807; baseline 0.011 -33"><span class='ocrx_word' id='word_1_775' title='bbox 2111 4724 2219 4795; x_wconf 89' lang='grc' dir='ltr'><strong>πρὸ</strong></span> <span class='ocrx_word' id='word_1_776' title='bbox 2249 4725 2424 4795; x_wconf 70' lang='grc' dir='ltr'>πάσης,</span> <span class='ocrx_word' id='word_1_777' title='bbox 2460 4727 2725 4798; x_wconf 79' lang='grc' dir='ltr'>ἀναϐολῆς</span> <span class='ocrx_word' id='word_1_778' title='bbox 2758 4731 2818 4782; x_wconf 90' lang='grc' dir='ltr'><strong>τὸ</strong></span> <span class='ocrx_word' id='word_1_779' title='bbox 2864 4731 2994 4800; x_wconf 89' lang='grc' dir='ltr'>ἐμὸν</span> <span class='ocrx_word' id='word_1_780' title='bbox 3042 4734 3168 4804; x_wconf 71' lang='grc' dir='ltr'>περὶ</span> <span class='ocrx_word' id='word_1_781' title='bbox 3205 4734 3338 4788; x_wconf 86' lang='grc' dir='ltr'>Θεοῦ</span> <span class='ocrx_word' id='word_1_782' title='bbox 3384 4736 3694 4807; x_wconf 74' lang='grc' dir='ltr'>ἐκθήσομαι</span> 
     </span>
    </p>
   </div>
   <div class='ocr_carea' id='block_1_100' title="bbox 2110 4817 3693 4900">
    <p class='ocr_par' dir='ltr' id='par_1_100' title="bbox 2110 4817 3693 4900">
     <span class='ocr_line' id='line_1_100' title="bbox 2110 4817 3693 4900; baseline 0.01 -33"><span class='ocrx_word' id='word_1_783' title='bbox 2110 4817 2381 4888; x_wconf 85' lang='grc' dir='ltr'>φρόνημα.</span> <span class='ocrx_word' id='word_1_784' title='bbox 2408 4818 2577 4887; x_wconf 86' lang='grc' dir='ltr'><strong>Κάγὼ</strong></span> <span class='ocrx_word' id='word_1_785' title='bbox 2607 4821 2700 4873; x_wconf 69' lang='grc' dir='ltr'><strong>ἕνα</strong></span> <span class='ocrx_word' id='word_1_786' title='bbox 2728 4822 2857 4874; x_wconf 84' lang='grc' dir='ltr'>Θεὸν</span> <span class='ocrx_word' id='word_1_787' title='bbox 2884 4820 3018 4877; x_wconf 78' lang='grc' dir='ltr'>εἶναι</span> <span class='ocrx_word' id='word_1_788' title='bbox 3046 4823 3206 4893; x_wconf 87' lang='grc' dir='ltr'>λέγω,</span> <span class='ocrx_word' id='word_1_789' title='bbox 3231 4827 3320 4880; x_wconf 89' lang='grc' dir='ltr'><strong>τὸν</strong></span> <span class='ocrx_word' id='word_1_790' title='bbox 3350 4830 3693 4900; x_wconf 83' lang='grc' dir='ltr'>πεποιηκότα</span> 
     </span>
    </p>
   </div>
   <div class='ocr_carea' id='block_1_101' title="bbox 2107 4908 3689 4984">
    <p class='ocr_par' dir='ltr' id='par_1_101' title="bbox 2107 4908 3689 4984">
     <span class='ocr_line' id='line_1_101' title="bbox 2107 4908 3689 4984; baseline 0.011 -24"><span class='ocrx_word' id='word_1_791' title='bbox 2107 4908 2197 4961; x_wconf 89' lang='grc' dir='ltr'><strong>τὸν</strong></span> <span class='ocrx_word' id='word_1_792' title='bbox 2232 4910 2454 4981; x_wconf 83' lang='grc' dir='ltr'>ούρανὸν</span> <span class='ocrx_word' id='word_1_793' title='bbox 2496 4913 2588 4965; x_wconf 74' lang='grc' dir='ltr'><strong>καὶ</strong></span> <span class='ocrx_word' id='word_1_794' title='bbox 2636 4912 2732 4984; x_wconf 81' lang='grc' dir='ltr'><strong>τὴν</strong></span> <span class='ocrx_word' id='word_1_795' title='bbox 2777 4914 2879 4984; x_wconf 83' lang='grc' dir='ltr'>γῆν</span> <span class='ocrx_word' id='word_1_796' title='bbox 2926 4918 3019 4969; x_wconf 77' lang='grc' dir='ltr'>καὶ</span> <span class='ocrx_word' id='word_1_797' title='bbox 3061 4917 3131 4971; x_wconf 82' lang='grc' dir='ltr'>τὰ</span> <span class='ocrx_word' id='word_1_798' title='bbox 3161 4921 3218 4972; x_wconf 90' lang='grc' dir='ltr'><strong>ἐν</strong></span> <span class='ocrx_word' id='word_1_799' title='bbox 3256 4922 3439 4984; x_wconf 80' lang='grc' dir='ltr'>αὐτοῖς</span> <span class='ocrx_word' id='word_1_800' title='bbox 3484 4923 3689 4978; x_wconf 84' lang='grc' dir='ltr'>πάντα.</span> 
     </span>
    </p>
   </div>
   <div class='ocr_carea' id='block_1_102' title="bbox 2112 5002 3691 5081">
    <p class='ocr_par' dir='ltr' id='par_1_102' title="bbox 2112 5002 3691 5081">
     <span class='ocr_line' id='line_1_102' title="bbox 2112 5002 3691 5081; baseline 0.011 -28"><span class='ocrx_word' id='word_1_801' title='bbox 2112 5002 2300 5056; x_wconf 80' lang='grc' dir='ltr'>Ἀλλον</span> <span class='ocrx_word' id='word_1_802' title='bbox 2328 5021 2386 5056; x_wconf 87' lang='grc' dir='ltr'><strong>τε</strong></span> <span class='ocrx_word' id='word_1_803' title='bbox 2424 5004 2545 5057; x_wconf 73' lang='grc' dir='ltr'>οὗτε</span> <span class='ocrx_word' id='word_1_804' title='bbox 2586 5005 2784 5075; x_wconf 89' lang='grc' dir='ltr'>λέγειν,</span> <span class='ocrx_word' id='word_1_805' title='bbox 2824 5008 2947 5061; x_wconf 74' lang='grc' dir='ltr'>οὔτε</span> <span class='ocrx_word' id='word_1_806' title='bbox 2976 5011 3213 5081; x_wconf 71' lang='grc' dir='ltr'>νομίζειν</span> <span class='ocrx_word' id='word_1_807' title='bbox 3246 5012 3470 5080; x_wconf 80' lang='grc' dir='ltr'>ἔξεστιν.</span> <span class='ocrx_word' id='word_1_808' title='bbox 3504 5016 3617 5069; x_wconf 86' lang='lat' dir='ltr'><strong>Kal</strong></span> <span class='ocrx_word' id='word_1_809' title='bbox 3661 5020 3691 5072; x_wconf 88' lang='lat'><strong>6</strong></span> 
     </span>
    </p>
   </div>
   <div class='ocr_carea' id='block_1_103' title="bbox 2111 5094 3688 5178">
    <p class='ocr_par' dir='ltr' id='par_1_103' title="bbox 2111 5094 3688 5178">
     <span class='ocr_line' id='line_1_103' title="bbox 2111 5094 3688 5178; baseline 0.03 -52"><span class='ocrx_word' id='word_1_810' title='bbox 2111 5094 2315 5166; x_wconf 75' lang='grc' dir='ltr'><strong>Σίμωνα</strong></span> <span class='ocrx_word' id='word_1_811' title='bbox 2368 5096 2505 5164; x_wconf 81' lang='grc' dir='ltr'><strong>Ἐγὼ</strong></span> <span class='ocrx_word' id='word_1_812' title='bbox 2537 5097 2593 5150; x_wconf 81' lang='grc' dir='ltr'><strong>δέ</strong></span> <span class='ocrx_word' id='word_1_813' title='bbox 2614 5102 2659 5136; x_wconf 76' lang='grc' dir='ltr'>η</span> <span class='ocrx_word' id='word_1_814' title='bbox 2698 5116 2836 5169; x_wconf 76' lang='grc' dir='ltr'>φημι</span> <span class='ocrx_word' id='word_1_815' title='bbox 2870 5100 2967 5161; x_wconf 73' lang='grc' dir='ltr'>τὰς</span> <span class='ocrx_word' id='word_1_816' title='bbox 3000 5106 3434 5176; x_wconf 83' lang='grc' dir='ltr'>πεπιστευμένας</span> <span class='ocrx_word' id='word_1_817' title='bbox 3459 5107 3688 5178; x_wconf 77' lang='grc' dir='ltr'>Γραφάς</span> 
     </span>
    </p>
   </div>
   <div class='ocr_carea' id='block_1_104' title="bbox 2108 5189 3684 5272">
    <p class='ocr_par' dir='ltr' id='par_1_104' title="bbox 2108 5189 3684 5272">
     <span class='ocr_line' id='line_1_104' title="bbox 2108 5189 3684 5272; baseline 0.011 -32"><span class='ocrx_word' id='word_1_818' title='bbox 2108 5189 2259 5260; x_wconf 77' lang='grc' dir='ltr'>παρὰ</span> <span class='ocrx_word' id='word_1_819' title='bbox 2303 5190 2567 5253; x_wconf 85' lang='grc' dir='ltr'>Ἰουδαίοις</span> <span class='ocrx_word' id='word_1_820' title='bbox 2596 5190 2819 5256; x_wconf 84' lang='grc' dir='ltr'>πολλοὺς</span> <span class='ocrx_word' id='word_1_821' title='bbox 2848 5193 3025 5263; x_wconf 79' lang='grc' dir='ltr'>λέγειν</span> <span class='ocrx_word' id='word_1_822' title='bbox 3064 5195 3237 5263; x_wconf 82' lang='grc' dir='ltr'>θεοὺς,</span> <span class='ocrx_word' id='word_1_823' title='bbox 3274 5200 3364 5253; x_wconf 79' lang='grc' dir='ltr'>καὶ</span> <span class='ocrx_word' id='word_1_824' title='bbox 3398 5200 3473 5271; x_wconf 83' lang='grc' dir='ltr'>μὴ</span> <span class='ocrx_word' id='word_1_825' title='bbox 3516 5202 3684 5272; x_wconf 84' lang='grc' dir='ltr'>χαλι-</span> 
     </span>
    </p>
   </div>
   <div class='ocr_carea' id='block_1_105' title="bbox 1734 5326 2406 5381">
    <p class='ocr_par' dir='ltr' id='par_1_105' title="bbox 1734 5326 2406 5381">
     <span class='ocr_line' id='line_1_105' title="bbox 1734 5326 2406 5381; baseline -0.001 -1"><span class='ocrx_word' id='word_1_826' title='bbox 1734 5326 1965 5381; x_wconf 73' lang='grc' dir='ltr'><strong>νΑΒΙᾸΞ</strong></span> <span class='ocrx_word' id='word_1_827' title='bbox 2007 5326 2406 5380; x_wconf 81' lang='lat' dir='ltr'><strong>LECTIONES.</strong></span> 
     </span>
    </p>
   </div>
   <div class='ocr_carea' id='block_1_106' title="bbox 494 5416 3679 5492">
    <p class='ocr_par' dir='ltr' id='par_1_106' title="bbox 494 5416 3679 5492">
     <span class='ocr_line' id='line_1_106' title="bbox 494 5416 3679 5492; baseline 0.002 -19"><span class='ocrx_word' id='word_1_828' title='bbox 494 5421 577 5473; x_wconf 76' lang='grc'><strong>⁸⁸6</strong></span> <span class='ocrx_word' id='word_1_829' title='bbox 600 5435 710 5474; x_wconf 92' lang='lat' dir='ltr'><strong>om.</strong></span> <span class='ocrx_word' id='word_1_830' title='bbox 751 5420 814 5476; x_wconf 91' lang='grc' dir='ltr'>Ο.</span> <span class='ocrx_word' id='word_1_831' title='bbox 845 5419 891 5492; x_wconf 65' lang='lat' dir='ltr'><strong>f‘</strong></span> <span class='ocrx_word' id='word_1_832' title='bbox 921 5417 993 5492; x_wconf 74' lang='lat' dir='ltr'><strong>Ita</strong></span> <span class='ocrx_word' id='word_1_833' title='bbox 1020 5416 1065 5471; x_wconf 93' lang='grc' dir='ltr'><strong>Ο</strong></span> <span class='ocrx_word' id='word_1_834' title='bbox 1114 5428 1167 5471; x_wconf 87' lang='lat' dir='ltr'><strong>et</strong></span> <span class='ocrx_word' id='word_1_835' title='bbox 1192 5436 1256 5474; x_wconf 81' lang='lat' dir='ltr'><strong>ex</strong></span> <span class='ocrx_word' id='word_1_836' title='bbox 1295 5420 1584 5492; x_wconf 85' lang='lat' dir='ltr'><strong>conject.C</strong></span> <span class='ocrx_word' id='word_1_837' title='bbox 1616 5463 1629 5484; x_wconf 94' lang='lat'><strong>,</strong></span> <span class='ocrx_word' id='word_1_838' title='bbox 1660 5424 1751 5490; x_wconf 88' lang='lat' dir='ltr'><strong>qui</strong></span> <span class='ocrx_word' id='word_1_839' title='bbox 1783 5420 2159 5492; x_wconf 60' lang='grc' dir='ltr'>πεπρημένον</span> <span class='ocrx_word' id='word_1_840' title='bbox 2182 5420 2235 5472; x_wconf 91' lang='lat' dir='ltr'><strong>in</strong></span> <span class='ocrx_word' id='word_1_841' title='bbox 2266 5418 2619 5492; x_wconf 63' lang='lat' dir='ltr'><strong>te_xtu,6pﬁ;;</strong></span> <span class='ocrx_word' id='word_1_842' title='bbox 2644 5420 3023 5492; x_wconf 84' lang='grc' dir='ltr'>πεπλησμένον</span> <span class='ocrx_word' id='word_1_843' title='bbox 3046 5419 3189 5491; x_wconf 80' lang='lat' dir='ltr'><strong>Epit.</strong></span> <span class='ocrx_word' id='word_1_844' title='bbox 3210 5424 3303 5477; x_wconf 79' lang='grc'><strong>151</strong></span> <span class='ocrx_word' id='word_1_845' title='bbox 3338 5424 3679 5492; x_wconf 87' lang='lat' dir='ltr'><strong>approbante</strong></span> 
     </span>
    </p>
   </div>
   <div class='ocr_carea' id='block_1_107' title="bbox 430 5487 3678 5565">
    <p class='ocr_par' dir='ltr' id='par_1_107' title="bbox 430 5487 3678 5565">
     <span class='ocr_line' id='line_1_107' title="bbox 430 5487 3678 5565; baseline 0.002 -23"><span class='ocrx_word' id='word_1_846' title='bbox 430 5490 503 5565; x_wconf 84' lang='lat' dir='ltr'><strong>D._</strong></span> <span class='ocrx_word' id='word_1_847' title='bbox 556 5492 598 5565; x_wconf 54' lang='grc' dir='ltr'>δῖ</span> <span class='ocrx_word' id='word_1_848' title='bbox 628 5492 716 5565; x_wconf 63' lang='grc' dir='ltr'><strong>Δσοί</strong></span> <span class='ocrx_word' id='word_1_849' title='bbox 745 5510 807 5565; x_wconf 89' lang='grc' dir='ltr'><strong>τε</strong></span> <span class='ocrx_word' id='word_1_850' title='bbox 835 5487 908 5565; x_wconf 40' lang='grc' dir='ltr'><strong>Ο..</strong></span> <span class='ocrx_word' id='word_1_851' title='bbox 934 5487 1075 5565; x_wconf 66' lang='lat' dir='ltr'><strong>[dent</strong></span> <span class='ocrx_word' id='word_1_852' title='bbox 1107 5492 1305 5565; x_wconf 65' lang='lat' dir='ltr'><strong>c._cod_</strong></span> <span class='ocrx_word' id='word_1_853' title='bbox 1344 5487 1472 5559; x_wconf 81' lang='lat' dir='ltr'><strong>Reg.</strong></span> <span class='ocrx_word' id='word_1_854' title='bbox 1504 5493 1608 5545; x_wconf 64' lang='lat'><strong>804</strong></span> <span class='ocrx_word' id='word_1_855' title='bbox 1628 5487 1977 5565; x_wconf 34' lang='grc' dir='ltr'>τοιούτων-⁷1).</span> <span class='ocrx_word' id='word_1_856' title='bbox 1999 5487 2447 5565; x_wconf 42' lang='lat' dir='ltr'><strong>&#39;10t05:_0v.hTunt</strong></span> <span class='ocrx_word' id='word_1_857' title='bbox 2466 5487 2760 5565; x_wconf 72' lang='grc' dir='ltr'>ὑπακούειν</span> <span class='ocrx_word' id='word_1_858' title='bbox 2914 5492 2965 5565; x_wconf 8' lang='grc'><strong>⁸⁸7</strong></span> <span class='ocrx_word' id='word_1_859' title='bbox 2985 5487 3202 5561; x_wconf 63' lang='grc' dir='ltr'>κα“ι’ύφ’</span> <span class='ocrx_word' id='word_1_860' title='bbox 3235 5487 3678 5565; x_wconf 60' lang='grc' dir='ltr'>ἐτέριξίκρίνοντι</span> 
     </span>
    </p>
   </div>
   <div class='ocr_carea' id='block_1_108' title="bbox 427 5555 1065 5630">
    <p class='ocr_par' dir='ltr' id='par_1_108' title="bbox 427 5555 1065 5630">
     <span class='ocr_line' id='line_1_108' title="bbox 427 5555 1065 5630; baseline -0.005 -18"><span class='ocrx_word' id='word_1_861' title='bbox 427 5562 553 5625; x_wconf 81' lang='grc' dir='ltr'>τοὺς</span> <span class='ocrx_word' id='word_1_862' title='bbox 582 5561 769 5630; x_wconf 86' lang='grc' dir='ltr'>λόγους</span> <span class='ocrx_word' id='word_1_863' title='bbox 794 5559 983 5630; x_wconf 30' lang='grc' dir='ltr'>δοτέον.</span> <span class='ocrx_word' id='word_1_864' title='bbox 1002 5555 1065 5611; x_wconf 94' lang='grc' dir='ltr'>Ο.</span> 
     </span>
    </p>
   </div>
   <div class='ocr_carea' id='block_1_109' title="bbox 1158 5558 2319 5629">
    <p class='ocr_par' dir='ltr' id='par_1_109' title="bbox 1158 5558 2319 5629">
     <span class='ocr_line' id='line_1_109' title="bbox 1158 5558 2319 5629; baseline -0.003 -14"><span class='ocrx_word' id='word_1_865' title='bbox 1158 5561 1203 5591; x_wconf 82' lang='grc'><strong>⁸⁹</strong></span> <span class='ocrx_word' id='word_1_866' title='bbox 1252 5558 1441 5615; x_wconf 85' lang='lat' dir='ltr'><strong>Clertci</strong></span> <span class='ocrx_word' id='word_1_867' title='bbox 1483 5564 1734 5617; x_wconf 89' lang='lat' dir='ltr'><strong>mendum</strong></span> <span class='ocrx_word' id='word_1_868' title='bbox 1765 5558 1994 5615; x_wconf 77' lang='grc' dir='ltr'>θλίϐλειν</span> <span class='ocrx_word' id='word_1_869' title='bbox 2020 5561 2232 5629; x_wconf 87' lang='lat' dir='ltr'><strong>repetiit</strong></span> <span class='ocrx_word' id='word_1_870' title='bbox 2264 5558 2319 5629; x_wconf 73' lang='lat' dir='ltr'><strong>S.</strong></span> 
     </span>
    </p>
   </div>
   <div class='ocr_carea' id='block_1_110' title="bbox 2406 5560 3634 5634">
    <p class='ocr_par' dir='ltr' id='par_1_110' title="bbox 2406 5560 3634 5634">
     <span class='ocr_line' id='line_1_110' title="bbox 2406 5560 3634 5634; baseline 0.004 -23"><span class='ocrx_word' id='word_1_871' title='bbox 2406 5560 2450 5589; x_wconf 83' lang='grc'><strong>⁹⁰</strong></span> <span class='ocrx_word' id='word_1_872' title='bbox 2486 5560 2777 5634; x_wconf 20' lang='grc' dir='ltr'>ἐαυτοῦῂϐ.</span> <span class='ocrx_word' id='word_1_873' title='bbox 2856 5561 2898 5591; x_wconf 82' lang='grc'><strong>⁹¹</strong></span> <span class='ocrx_word' id='word_1_874' title='bbox 2947 5560 3246 5634; x_wconf 85' lang='grc' dir='ltr'>ἡττομένον</span> <span class='ocrx_word' id='word_1_875' title='bbox 3280 5560 3343 5619; x_wconf 60' lang='grc' dir='ltr'>Ο.</span> <span class='ocrx_word' id='word_1_876' title='bbox 3377 5560 3387 5564; x_wconf 55' lang='grc'>⁷</span> <span class='ocrx_word' id='word_1_877' title='bbox 3421 5560 3536 5616; x_wconf 59' lang='lat' dir='ltr'><strong>&quot;si</strong></span> <span class='ocrx_word' id='word_1_878' title='bbox 3562 5566 3634 5633; x_wconf 87' lang='grc' dir='ltr'><strong>γά</strong></span> 
     </span>
    </p>
   </div>
   <div class='ocr_carea' id='block_1_111' title="bbox 428 5626 3640 5705">
    <p class='ocr_par' dir='ltr' id='par_1_111' title="bbox 428 5626 3640 5705">
     <span class='ocr_line' id='line_1_111' title="bbox 428 5626 3640 5705; baseline 0.002 -25"><span class='ocrx_word' id='word_1_879' title='bbox 428 5626 848 5705; x_wconf 69' lang='grc' dir='ltr'>τάληθῆβούλει</span> <span class='ocrx_word' id='word_1_880' title='bbox 886 5626 1075 5705; x_wconf 38' lang='lat' dir='ltr'><strong>{Lagei};</strong></span> <span class='ocrx_word' id='word_1_881' title='bbox 1113 5630 1183 5705; x_wconf 64' lang='grc' dir='ltr'>Ο.</span> <span class='ocrx_word' id='word_1_882' title='bbox 1256 5633 1301 5705; x_wconf 50' lang='grc' dir='ltr'>έ³</span> <span class='ocrx_word' id='word_1_883' title='bbox 1326 5631 1567 5705; x_wconf 85' lang='grc' dir='ltr'>ἐλέγχειν</span> <span class='ocrx_word' id='word_1_884' title='bbox 1729 5632 1775 5663; x_wconf 70' lang='grc'><strong>’⁸</strong></span> <span class='ocrx_word' id='word_1_885' title='bbox 1803 5631 1900 5705; x_wconf 79' lang='grc' dir='ltr'><strong>τόν</strong></span> <span class='ocrx_word' id='word_1_886' title='bbox 1944 5626 2251 5705; x_wconf 56' lang='grc' dir='ltr'>ξμηιιῇξίρ.</span> <span class='ocrx_word' id='word_1_887' title='bbox 2279 5628 2367 5705; x_wconf 80' lang='lat'><strong>0__,</strong></span> <span class='ocrx_word' id='word_1_888' title='bbox 2402 5630 2635 5705; x_wconf 68' lang='lat' dir='ltr'><strong>guigm.</strong></span> <span class='ocrx_word' id='word_1_889' title='bbox 2675 5626 3021 5705; x_wconf 70' lang='grc' dir='ltr'>ψεύσματος.</span> <span class='ocrx_word' id='word_1_890' title='bbox 3056 5626 3241 5705; x_wconf 34' lang='lat' dir='ltr'><strong>Amida;</strong></span> <span class='ocrx_word' id='word_1_891' title='bbox 3285 5626 3585 5705; x_wconf 69' lang='grc' dir='ltr'>ἀληθεύων,</span> <span class='ocrx_word' id='word_1_892' title='bbox 3610 5653 3640 5688; x_wconf 87' lang='grc' dir='ltr'><strong>τ</strong></span> 
     </span>
    </p>
   </div>
   <div class='ocr_carea' id='block_1_112' title="bbox 430 5697 3669 5825">
    <p class='ocr_par' dir='ltr' id='par_1_112' title="bbox 430 5697 3669 5825">
     <span class='ocr_line' id='line_1_112' title="bbox 430 5697 3669 5825; baseline 0.002 -74"><span class='ocrx_word' id='word_1_893' title='bbox 430 5697 634 5770; x_wconf 70' lang='grc' dir='ltr'>αὐτόρξ</span> <span class='ocrx_word' id='word_1_894' title='bbox 665 5697 1127 5777; x_wconf 73' lang='grc' dir='ltr'>πάντωςεῦδηλον</span> <span class='ocrx_word' id='word_1_895' title='bbox 1157 5704 1232 5766; x_wconf 88' lang='grc' dir='ltr'>ὼς</span> <span class='ocrx_word' id='word_1_896' title='bbox 1262 5697 1791 5772; x_wconf 73' lang='grc' dir='ltr'>ἐκεῖνος’ἀληθεύων,</span> <span class='ocrx_word' id='word_1_897' title='bbox 1827 5703 1887 5754; x_wconf 80' lang='grc' dir='ltr'><strong>οὐ</strong></span> <span class='ocrx_word' id='word_1_898' title='bbox 1924 5703 1985 5755; x_wconf 81' lang='grc' dir='ltr'><strong>τὸ</strong></span> <span class='ocrx_word' id='word_1_899' title='bbox 2012 5697 2145 5753; x_wconf 79' lang='grc' dir='ltr'>αὐτό</span> <span class='ocrx_word' id='word_1_900' title='bbox 2173 5700 2233 5751; x_wconf 72' lang='grc'><strong>(1.</strong></span> <span class='ocrx_word' id='word_1_901' title='bbox 2311 5699 2356 5729; x_wconf 83' lang='grc'><strong>⁹⁶</strong></span> <span class='ocrx_word' id='word_1_902' title='bbox 2394 5697 2635 5766; x_wconf 77' lang='grc' dir='ltr'>δοξάζεις</span> <span class='ocrx_word' id='word_1_903' title='bbox 2666 5697 2726 5753; x_wconf 81' lang='lat' dir='ltr'><strong>C.</strong></span> <span class='ocrx_word' id='word_1_904' title='bbox 2804 5697 2847 5732; x_wconf 58' lang='grc' dir='ltr'><strong>π</strong></span> <span class='ocrx_word' id='word_1_905' title='bbox 2880 5700 3025 5825; x_wconf 52' lang='lat' dir='ltr'><strong>sint!</strong></span> <span class='ocrx_word' id='word_1_906' title='bbox 3044 5701 3107 5759; x_wconf 92' lang='grc' dir='ltr'>Ο.</span> <span class='ocrx_word' id='word_1_907' title='bbox 3132 5697 3446 5761; x_wconf 79' lang='lat' dir='ltr'><strong>Lectiouéut</strong></span> <span class='ocrx_word' id='word_1_908' title='bbox 3469 5697 3669 5775; x_wconf 81' lang='grc' dir='ltr'>λέγων,</span> 
     </span>
     <span class='ocr_line' id='line_1_113' title="bbox 432 5770 2943 5825; baseline 0.001 -5"><span class='ocrx_word' id='word_1_909' title='bbox 432 5774 514 5823; x_wconf 80' lang='grc' dir='ltr'><strong>σοί</strong></span> <span class='ocrx_word' id='word_1_910' title='bbox 541 5773 781 5825; x_wconf 83' lang='lat' dir='ltr'><strong>eiusdem</strong></span> <span class='ocrx_word' id='word_1_911' title='bbox 812 5774 932 5825; x_wconf 88' lang='lat' dir='ltr'><strong>cod.</strong></span> <span class='ocrx_word' id='word_1_912' title='bbox 967 5783 1078 5825; x_wconf 88' lang='lat' dir='ltr'><strong>Jatn</strong></span> <span class='ocrx_word' id='word_1_913' title='bbox 1109 5774 1241 5825; x_wconf 84' lang='lat' dir='ltr'><strong>vidit</strong></span> <span class='ocrx_word' id='word_1_914' title='bbox 1271 5774 1312 5825; x_wconf 69' lang='lat' dir='ltr'><strong>tl</strong></span> <span class='ocrx_word' id='word_1_915' title='bbox 1342 5814 1355 5825; x_wconf 91' lang='lat'><strong>.</strong></span> <span class='ocrx_word' id='word_1_916' title='bbox 1383 5774 1436 5825; x_wconf 83' lang='lat' dir='ltr'><strong>in</strong></span> <span class='ocrx_word' id='word_1_917' title='bbox 1464 5773 1572 5825; x_wconf 90' lang='lat' dir='ltr'><strong>cui.</strong></span> <span class='ocrx_word' id='word_1_918' title='bbox 1608 5782 1753 5825; x_wconf 73' lang='lat' dir='ltr'><strong>textu</strong></span> <span class='ocrx_word' id='word_1_919' title='bbox 1786 5773 1927 5825; x_wconf 87' lang='grc' dir='ltr'>λέγω</span> <span class='ocrx_word' id='word_1_920' title='bbox 1954 5772 2054 5823; x_wconf 82' lang='grc' dir='ltr'>σοί.</span> <span class='ocrx_word' id='word_1_921' title='bbox 2158 5771 2203 5801; x_wconf 73' lang='grc'>’³</span> <span class='ocrx_word' id='word_1_922' title='bbox 2237 5770 2373 5825; x_wconf 81' lang='grc' dir='ltr'>ὅπερ</span> <span class='ocrx_word' id='word_1_923' title='bbox 2402 5772 2461 5824; x_wconf 72' lang='lat' dir='ltr'><strong>t2.</strong></span> <span class='ocrx_word' id='word_1_924' title='bbox 2570 5770 2613 5803; x_wconf 69' lang='grc' dir='ltr'><strong>’θ</strong></span> <span class='ocrx_word' id='word_1_925' title='bbox 2648 5770 2703 5822; x_wconf 82' lang='grc' dir='ltr'><strong>δέ</strong></span> <span class='ocrx_word' id='word_1_926' title='bbox 2738 5787 2847 5825; x_wconf 81' lang='lat' dir='ltr'><strong>om.</strong></span> <span class='ocrx_word' id='word_1_927' title='bbox 2930 5812 2943 5823; x_wconf 94' lang='lat'><strong>.</strong></span> 
     </span>
    </p>
   </div>
   <div class='ocr_carea' id='block_1_113' title="bbox 432 5772 2054 5842">
    <p class='ocr_par' dir='ltr' id='par_1_113' title="bbox 432 5772 2054 5842">
     <span class='ocr_line' id='line_1_114' title="bbox 432 5772 2054 5842; baseline 0.002 -22"><span class='ocrx_word' id='word_1_928' title='bbox 432 5774 514 5823; x_wconf 81' lang='grc' dir='ltr'><strong>σοί</strong></span> <span class='ocrx_word' id='word_1_929' title='bbox 541 5773 781 5842; x_wconf 80' lang='lat' dir='ltr'><strong>ejusdem</strong></span> <span class='ocrx_word' id='word_1_930' title='bbox 812 5774 932 5829; x_wconf 87' lang='lat' dir='ltr'><strong>cod.</strong></span> <span class='ocrx_word' id='word_1_931' title='bbox 966 5772 1078 5838; x_wconf 87' lang='lat' dir='ltr'><strong>jam</strong></span> <span class='ocrx_word' id='word_1_932' title='bbox 1109 5774 1241 5829; x_wconf 88' lang='lat' dir='ltr'><strong>vidit</strong></span> <span class='ocrx_word' id='word_1_933' title='bbox 1271 5774 1312 5828; x_wconf 68' lang='lat' dir='ltr'><strong>tl</strong></span> <span class='ocrx_word' id='word_1_934' title='bbox 1342 5814 1355 5841; x_wconf 93' lang='lat'><strong>,</strong></span> <span class='ocrx_word' id='word_1_935' title='bbox 1383 5774 1436 5827; x_wconf 89' lang='lat' dir='ltr'><strong>itt</strong></span> <span class='ocrx_word' id='word_1_936' title='bbox 1464 5773 1572 5842; x_wconf 85' lang='lat' dir='ltr'><strong>cuj.</strong></span> <span class='ocrx_word' id='word_1_937' title='bbox 1608 5782 1753 5827; x_wconf 77' lang='lat' dir='ltr'><strong>textu</strong></span> <span class='ocrx_word' id='word_1_938' title='bbox 1786 5773 1927 5840; x_wconf 83' lang='grc' dir='ltr'>λέγω</span> <span class='ocrx_word' id='word_1_939' title='bbox 1954 5772 2054 5823; x_wconf 80' lang='grc' dir='ltr'>σοί.</span> 
     </span>
    </p>
   </div>
   <div class='ocr_carea' id='block_1_114' title="bbox 2158 5770 2847 5841">
    <p class='ocr_par' dir='ltr' id='par_1_114' title="bbox 2158 5770 2847 5841">
     <span class='ocr_line' id='line_1_115' title="bbox 2158 5770 2847 5841; baseline 0.003 -20"><span class='ocrx_word' id='word_1_940' title='bbox 2158 5771 2203 5801; x_wconf 70' lang='grc'>’³</span> <span class='ocrx_word' id='word_1_941' title='bbox 2237 5770 2373 5841; x_wconf 81' lang='grc' dir='ltr'>ὅπερ</span> <span class='ocrx_word' id='word_1_942' title='bbox 2402 5772 2461 5824; x_wconf 68' lang='lat' dir='ltr'><strong>t1.</strong></span> <span class='ocrx_word' id='word_1_943' title='bbox 2570 5770 2613 5803; x_wconf 69' lang='lat'><strong>&#39;9</strong></span> <span class='ocrx_word' id='word_1_944' title='bbox 2648 5770 2703 5822; x_wconf 85' lang='grc' dir='ltr'><em>δέ</em></span> <span class='ocrx_word' id='word_1_945' title='bbox 2738 5787 2847 5826; x_wconf 80' lang='lat' dir='ltr'><strong>om.</strong></span> 
     </span>
    </p>
   </div>
  </div>
