3860 6210
180 296 280 354 369

1288 296 1819 354 CLEMENTIM._
1846 260 2134 356 nonius
2162 301 2298 356 xw.

3294 316 3395 369 570

180 415 377 468 παίνειν
419 414 509 467 ἐπὶ
540 413 711 485 τούτῳ
740 412 831 466 τὸν
862 411 1014 475 Θεὸν,
1050 410 1126 482 τῷ
1154 410 1315 465 αὑτὸν
1341 411 1429 464 διὰ
1458 411 1567 465 τῶν
1595 413 1717 483 Γρα-

1837 412 2027 479 Deum,
2046 416 2302 483 quoniam
2328 416 2444 487 ipse
2466 433 2561 488 per
2577 418 2888 489 Scripturas
2911 437 3039 479 suas
3059 424 3243 494 plures
3265 429 3395 485 deos

178 505 284 574 φῶν
308 506 467 559 αὑτοῦ
498 504 723 569 πολλοὺς
756 505 909 568 θεοὺς
931 504 998 536 ¹⁰⁰
1032 504 1329 575 εἰρηκέναι.

242 595 322 650 Vl.
360 597 563 650 Αὐτίκα
585 596 714 665 γοῦν
738 598 795 649 ὲν
820 598 884 667 τῇ
911 594 1103 667 πρώτῃ
1126 597 1275 666 φωνῇ
1305 593 1397 647 τοῦ
1418 594 1582 665 νόμου
1609 594 1732 663 φαί-

174 705 310 739 νεται
339 689 426 740 καὶ
450 688 627 758 ἑαυτῷ
650 687 813 756 320
839 687 1032 749 αὐτοὺς
1057 682 1302 757 ὁμοίους¹
1329 686 1519 753 λέγων.
1546 684 1731 751 Οὕτως

172 778 271 849 γὰρ
289 778 612 851 γέγραπται,
647 780 723 843 ὡς
752 780 837 831 ὅτι
863 778 942 849 τῷ
963 777 1164 851 πρώτῳ
1189 776 1480 848 ἀνθρώπῳ,
1513 778 1729 849 ἐντολὴν

171 870 332 940 ἔχοντι
360 870 511 941 παρὰ
536 870 630 924 τοῦ
663 869 818 933 Θεοῦ,
860 870 969 923 ἀπὸ
999 868 1199 932 παντὸς
1239 868 1395 932 ξύλου
1429 867 1523 921 τοῦ
1564 871 1621 922 ὲν
1650 870 1729 941 τῷ

170 962 463 1033 παραδείσῳ
496 967 707 1031 φαγεῖν,
723 962 896 1016 ἀπὸδὲ
908 962 1000 1015 τοῦ
1023 960 1177 1026 ξύλου
1198 959 1295 1013 τοῦ
1317 959 1603 1029 γινώσκειν
1624 979 1727 1014 κα-

168 1051 249 1106 λὸν
279 1054 370 1106 καὶ
397 1053 633 1126 πονηρὸν
667 1055 740 1125 μὴ
774 1057 988 1123 φαγεῖν,
1017 1057 1045 1108 6
1075 1054 1201 1123 ὄφις
1229 1053 1318 1108 διὰ
1347 1053 1447 1124 τῆς
1472 1052 1728 1122 γυναικὸς

166 1143 251 1197 ἐπὶ
282 1146 568 1216 ὑποσχέσει
595 1145 690 1199 τοῦ
720 1144 973 1214 γενέσθαι
998 1146 1196 1209 αὐτοὺς
1227 1145 1381 1209 θεοὺς
1410 1148 1600 1215 φαγεῖν
1631 1148 1727 1199 αὐ-

164 1236 279 1299 τοὺς
309 1236 520 1301 πείσας,
556 1238 853 1308 ἀναϐλέψαι
882 1236 1165 1308 ἐποίησενο
1214 1237 1309 1291 καὶ
1349 1233 1449 1290 εἷθ’
1495 1236 1669 1301 οὕτως
1697 1239 1726 1291 6

162 1328 284 1391 Θεὸς
305 1329 666 1399 ἁναόλέψασιν
694 1331 849 1384 αὐτοί
856 1348 883 1394 ς
908 1329 1009 1400 ἔφη
1027 1347 1039 1359 ·
1077 1329 1232 1385 Ἰδοὺ
1255 1330 1504 1399 γέγονεν
1534 1330 1722 1399 Ἀδὰμ,

160 1418 235 1485 ὡς
259 1420 340 1486 εἷς
369 1420 438 1485 ἐξ
452 1421 475 1453 ²
503 1420 692 1491 ἡμῶν.
736 1421 793 1475 Ὁ
829 1422 926 1492 μὲν
948 1418 1040 1475 οὗν
1076 1421 1197 1490 δφις
1230 1421 1398 1475 εἰπών
1416 1438 1430 1451 ο
1468 1424 1725 1476 Ἔσεσθε

161 1512 234 1576 ὡς
258 1512 392 1576 θεοὶ,
435 1513 511 1577 ὡς
556 1514 723 1567 ὄντων
766 1512 905 1566 θεῶν
949 1512 1183 1585 εἰρηκὼς
1230 1514 1510 1583 φαίνεταιο
1553 1512 1722 1583 ταύτῃ

164 1604 347 1674 μᾶλλον
390 1598 466 1677 ᾖ⁸
507 1605 600 1657 καὶ
641 1604 772 1668 Θεὸς
824 1606 1274 1677 ὲπεμαρτύρησεν
1318 1605 1518 1660 εἰπών·
1569 1606 1722 1661 Ἰδοὺ

160 1695 387 1764 γέγονεν
444 1696 620 1761 Ἀδὰμ
664 1696 745 1762 ὡς
786 1696 873 1761 εἷς
905 1696 1011 1761 ea
1058 1695 1245 1765 ἡμῶν.
1295 1696 1480 1760 Οὕτως
1525 1700 1553 1751 6
1595 1698 1723 1761 τοὺς

160 1785 370 1852 πολλοὺς
397 1789 565 1841 εἰπὼν
597 1789 721 1858 ὄφις
746 1786 886 1842 εἶναι
915 1789 1071 1853 θεοὺς
1102 1789 1201 1842 οὐκ
1234 1790 1515 1858 ἐψεύσατο.
1554 1789 1722 1843 Πάλιν

157 1879 207 1932 δὲ
247 1880 304 1932 τὸ
349 1881 658 1952 γεγράφθαι
682 1883 701 1913 ⁵
723 1900 736 1912 ·
786 1881 970 1947 Θεοὺς
1016 1883 1088 1935 οὐ
1134 1880 1568 1949 κακολογήσεις
1623 1882 1721 1935 καὶ

156 1970 435 2039 ἄρχοντας
460 1973 569 2026 τοῦ
599 1974 751 2027 λαοῦ
784 1989 900 2027 σου
929 1974 1000 2027 οὐ
1032 1971 1229 2038 κακῶς
1270 1972 1451 2040 ἐρεῖς,
1495 1972 1720 2037 πολλοὺς

157 2063 394 2132 σημαίνει
424 2063 603 2127 θεοὺς,
632 2062 726 2127 οὓς
759 2065 878 2118 οὐδὲ
906 2064 1318 2134 κακολογεῖσθαι
1350 2062 1510 2118 θέλει.
1561 2064 1721 2117 Ἀλλὰ

155 2155 239 2207 καὶ
262 2153 440 2227 ἄλλοθί
462 2172 567 2207 που
594 2155 934 2225 γέγραπται·
984 2159 1054 2211 El
1085 2158 1383 2227 ἐτόλμησε
1426 2157 1569 2224 Θεὸς
1594 2158 1718 2211 ἕτε-

149 2262 244 2312 ρος
266 2226 597 2312 εἰσελθεῖν,
618 2242 715 2299 ἇὰιὶ
748 2247 956 2303 λαϐεῖν
986 2248 1177 2314 ἑαυτῷ
1217 2226 1392 2314 ἔθνος
1428 2249 1496 2302 ἐκ
1523 2251 1718 2319 μέσου

152 2337 368 2403 ἔθνους,
409 2338 490 2404 ὡς
532 2338 648 2407 ἐγὼ
690 2340 905 2407 Κύριος
952 2343 983 2393 ό
1019 2342 1181 2406 Θεός.
1228 2340 1360 2412 Τῷ⁶
1401 2344 1573 2395 εἰπεῖν
1598 2381 1613 2408 ,
1665 2345 1718 2397 ει

151 2428 432 2498 ἐτόλμησε
468 2430 617 2496 Θεὸς
645 2430 862 2499 ἔτερος,
914 2432 990 2495 ὡς
1029 2432 1198 2486 ὄντων
1243 2433 1443 2504 ἐτέρων
1474 2436 1712 2506 εἴρηκεν.

154 2520 249 2574 Καὶ
294 2522 555 2575 ἄλλοτε⁷·
599 2522 729 2577 Θεοὶ
782 2524 838 2577 οἳ
874 2524 981 2577 τὸν
1025 2526 1285 2593 οὐρανὸν
1328 2526 1425 2579 καὶ
1457 2526 1571 2593 τὴν
1600 2526 1717 2596 γῆν

152 2613 248 2664 οὐκ
278 2613 597 2682 ἐποίησαν,
631 2615 1097 2670 ἁπολέσθωσαν·
1135 2617 1211 2680 ὡς
1242 2617 1314 2687 μὴ
1347 2617 1454 2670 τῶν
1484 2635 1714 2691 πεποιη-

152 2704 306 2758 κότων
329 2707 661 2760 ἀπόλλυσθαι
689 2706 985 2778 μελλόντων
1005 2708 1045 2761 ⁸.
1090 2709 1199 2762 Καὶ
1230 2709 1362 2783 ἄλλῃ
1401 2727 1515 2777 πουί
1542 2710 1709 2779 λέγει⁸

155 2797 355 2866 Ἔπεχε
372 2799 629 2866 σεαυτῷ,
646 2799 731 2868 μὴ
752 2798 1059 2867 πορευθεὶς
1076 2788 1414 2868 λατρεύσῇς
1434 2801 1586 2868 θεοῖς
1600 2802 1717 2855 ἐτέ-

148 2904 272 2954 ροις,
290 2891 375 2956 οἷς
390 2893 502 2945 οὐκ
519 2891 773 2961 ᾔδεισαν
788 2894 842 2945 οἱ
857 2890 1107 2960 πατέρες
1120 2907 1257 2956 σου,
1278 2893 1351 2956 ὠς
1370 2894 1536 2946 ὄντων
1551 2894 1708 2962 321

151 2978 271 3034 θεῶν
298 2982 520 3054 ἑτέρων,
551 2978 633 3047 οἷς
665 2984 759 3039 καὶ
808 2984 883 3056 μὴ
922 2983 1294 3048 ὲξακολουθείν
1321 2987 1517 3050 αὐτοὺς
1542 2985 1709 3055 λέγει.

152 3072 245 3125 Καὶ
268 3075 453 3129 πάλιντ
494 3077 786 3147 Ὀνόματα
810 3076 958 3133 θεῶν
980 3078 1197 3146 ἐτέρων
1219 3080 1329 3132 οὐκ
1351 3078 1712 3145 ἀναϐήσεται

150 3164 236 3218 ἐπὶ
261 3166 373 3221 τῶν
397 3167 652 3237 χειλέων
682 3184 817 3224 σου.
854 3171 964 3223 Καὶ
1010 3168 1245 3223 ἐνταῦθα
1285 3170 1509 3233 πολλοὺς
1558 3169 1713 3235 θεοὺς

150 3256 297 3326 λέγει,
319 3253 390 3313 ὧν
412 3261 483 3315 τὰ
506 3261 747 3332 ὀνόματα
772 3262 1125 3333 ὀνομάζεσθαι
1146 3263 1207 3315 οὐ
1232 3262 1393 3315 θέλει.
1421 3264 1531 3316 Καὶ
1550 3263 1713 3317 πάλιν

151 3351 467 3429 γέγραπται·
513 3356 732 3423 Κύριος
766 3359 801 3410 ὀ
846 3357 990 3422 Θεός
1021 3372 1157 3420 σου,
1200 3356 1376 3421 οὗτος
1416 3356 1559 3421 Θεὸς
1596 3355 1714 3409 τῶν

152 3443 299 3499 θεῶν.
326 3448 435 3500 Καὶ
473 3448 668 3501 πάλινο
704 3449 798 3514 Τίς
826 3448 1026 3518 ὅμοιός
1052 3462 1172 3515 σοι,
1201 3448 1397 3515 Κύριε,
1429 3447 1499 3501 ἐν
1525 3448 1713 3514 θεοῖς;

152 3534 246 3589 Kal
265 3536 450 3591 πάλιν*
480 3538 626 3605 Θεὸς
647 3538 796 3594 θεῶν
819 3540 1051 3608 Κύριος.
1101 3540 1212 3592 Καὶ
1244 3539 1404 3593 πάλιν
1423 3556 1436 3571 ·
1475 3538 1537 3593 '0
1572 3540 1713 3606 Θεὸς

151 3624 281 3695 ἔστη
302 3628 368 3681 ἐν
383 3629 711 3700 συναγωγῇ
732 3630 900 3695 θεῶν,
929 3631 999 3685 ἑν
1016 3630 1183 3700 μέσῳ
1212 3631 1280 3684 δὲ
1305 3631 1477 3697 θεοὺς
1501 3632 1714 3701 διακρί-

152 3718 279 3775 rct'.
305 3722 463 3799 'Qpev
485 3724 587 3776 θαυ
597 3723 753 3795 μάξω
775 3724 889 3787 πῶς
913 3723 1182 3777 τοσούτων
1207 3724 1398 3792 φωνῶν
1422 3726 1714 3796 ἐγγράφως

156 3816 524 3886 μαρτυρουσῶν
546 3816 774 3881 πολλοὺς
792 3813 928 3870 εἶναι
956 3816 1129 3880 θεοὺς,
1155 3818 1218 3870 σὺ
1250 3817 1636 3871 διαϐεὸαίωσαι
1659 3822 1711 3855 ο·

157 3904 219 3974 μὴ
242 3905 341 3959 δεῖν
375 3908 515 3979 μήτε
540 3907 719 3976 λέγειν
749 3909 885 3979 μήτε
909 3903 1046 3961 εἶναι
1068 3907 1325 3979 νομίζειν.
1350 3909 1550 3962 Λοιπὸν
1578 3909 1714 3980 πρὸς

153 3994 213 4048 τὰ
227 3999 399 4067 σαφῶς
419 4000 653 4072 ρηθέντα
666 4000 778 4053 εἴτι
803 4000 843 4032 ¹⁶
861 4000 1003 4071 ἔχεις
1018 4003 1212 4064 εἰπεῖν,
1231 4002 1322 4053 ἐπὶ
1341 4002 1554 4055 πάντων
1564 4001 1708 4070 λέγε.

212 4087 315 4145 VII.
372 4094 483 4146 Καὶ
540 4095 571 4147 6
626 4093 830 4164 Πέτρος
877 4095 1016 4165 ἔφη’
1078 4092 1490 4166 Συντομώτερον
1551 4094 1712 4149 ἄκουε

156 4178 274 4248 πρὸς
314 4182 348 4235 ἃ.
395 4183 645 4255 εἴρηκας.
701 4184 873 4247 Αὐτὸς
903 4186 931 4236 6
962 4185 1124 4255 νόμος
1155 4186 1184 4237 6
1232 4185 1491 4249 πολλάκις
1544 4186 1714 4239 εἰπὼν

154 4267 309 4335 θεοὺς,
339 4274 498 4339 αὐτὸς
525 4276 606 4346 τῷ
646 4275 882 4346 Ἰουδαίῳ
908 4275 1048 4347 ὄχλῳ
1076 4276 1225 4344 λέγει
1245 4293 1257 4305 ·
1303 4276 1456 4331 Ἰδοὺ
1490 4279 1713 4345 Κυρίου

158 4361 247 4415 τοῦ
277 4366 414 4419 Θεοῦ
448 4382 566 4420 σου
599 4370 631 4420 ό
659 4367 911 4434 οὐρανὸς
943 4367 1047 4421 τοῦ
1075 4368 1354 4436 οὐρανοῦ,
1393 4367 1491 4421 καὶ
1522 4366 1717 4421 πάντα

1829 506 2147 575 prolocutus
2178 518 2279 563 est.

1901 595 1989 650 Vl.
2023 597 2216 652 Statim
2235 615 2366 670 ergo
2384 601 2438 654 in
2462 603 2639 670 prima
2661 604 2796 674 legis
2813 619 2940 661 voce
2962 607 3084 663 illos
3106 608 3312 666 similes
3334 628 3398 667 ac

1830 701 1888 741 se
1932 690 2226 756 praedicare
2272 690 2632 761 dignoscitur.
2680 694 2757 749 Ita
2791 698 2933 751 enim
2976 701 3238 770 scriptum
3289 716 3393 766 est,

1827 780 1995 849 quod,
2023 797 2145 835 cum
2164 785 2340 852 primo
2368 785 2572 840 homini
2598 798 2919 857 praeceptum
2942 790 3173 848 fuisseta
3190 792 3318 861 Deo,
3339 805 3398 849 ut

1827 870 1894 924 de
1920 873 2132 927 cunctis
2162 874 2451 930 arboribus
2475 878 2714 945 paradisi
2737 881 3064 949 comederet,
3083 898 3189 939 non
3212 899 3395 940 come-

1826 963 1975 1018 deret
1992 974 2168 1019 tamen
2185 967 2251 1021 de
2272 969 2463 1023 arbore
2480 974 2841 1040 cognoscendi
2867 975 3069 1029 bonum
3089 986 3144 1030 et
3166 978 3391 1046 malum,

1826 1070 2049 1124 serpens
2071 1072 2165 1126 per
2186 1059 2488 1122 mulierem,
2509 1064 2873 1130 promittendo
2894 1066 3002 1122 illis
3026 1069 3391 1136 divinitatem,

1825 1148 2107 1202 comedere
2129 1163 2421 1218 persuasus
2444 1150 2570 1206 fecit
2594 1154 2853 1223 aspicere,
2887 1158 3074 1229 sicque
3099 1170 3389 1230 postquam

1825 1248 2178 1306 aspexerunt,
2213 1239 2356 1296 Deus
2384 1241 2505 1296 istis
2535 1243 2671 1297 dixit
2703 1268 2717 1303 :
2746 1246 2880 1304 Ecce
2904 1250 3076 1304 Adam
3106 1252 3281 1321 factus
3310 1262 3389 1307 est

1823 1332 1978 1398 quasi
2024 1348 2159 1387 unus
2219 1351 2285 1387 ex
2338 1340 2485 1392 nobis
2521 1343 2566 1388 ⁸.
2619 1340 2803 1408 Itaque
2852 1358 3076 1413 serpens
3104 1386 3121 1412 ,
3166 1348 3389 1415 quando

1823 1422 1998 1476 dixit:
2030 1422 2199 1478 Erilis
2228 1428 2367 1481 sicut.
2422 1432 2498 1484 dii
2528 1433 2577 1500 δ,
2613 1434 2769 1503 quasi
2800 1436 2871 1487 dii
2904 1437 3199 1501 exsistant,
3233 1444 3385 1494 locu-

1825 1520 1913 1568 tus
1958 1514 2199 1585 apparet,
2235 1535 2302 1574 eo
2347 1524 2520 1593 magis
2559 1526 2704 1594 quod
2739 1525 2879 1581 Deus
2920 1542 3080 1582 suum
3122 1529 3391 1585 addiderit

1824 1605 2223 1671 testimonium,
2274 1610 2341 1667 iis
2396 1615 2580 1671 verbis
2625 1633 2639 1668 :
2698 1615 2829 1671 Ecce
2877 1618 3047 1672 Adam
3089 1620 3265 1689 [actus
3309 1632 3386 1675 est

1822 1696 1974 1763 quasi
2002 1713 2138 1751 unus
2166 1715 2231 1753 ex
2259 1702 2426 1758 nobis.
2464 1702 2542 1759 Ita
2576 1707 2667 1775 qui
2699 1708 2905 1763 multos
2931 1724 3052 1765 esse
3078 1712 3208 1765 deos
3237 1726 3387 1767 asse-

1753 1776 1795 1831 B
1823 1786 1935 1840 ruit
1961 1803 2217 1857 serpens,
2254 1794 2515 1849 mentitus
2543 1811 2650 1851 non
2678 1808 2781 1853 est.
2818 1797 3088 1854 Praeterea
3132 1816 3227 1870 per
3255 1803 3386 1855 illud

1820 1877 1965 1946 quod
2000 1880 2261 1950 scriptum
2290 1892 2406 1938 est:
2437 1884 2557 1939 Diis
2580 1902 2682 1940 non
2708 1888 2971 1956 detrahes,
2992 1899 3041 1944 et
3060 1893 3400 1962 principibus.

1817 1972 1997 2040 populi
2029 1975 2106 2026 tui
2131 1992 2235 2029 non
2261 1977 2539 2032 maledicas
2571 1990 2619 2043 ο,
2669 1980 2853 2049 plures
2909 1981 3041 2039 deos
3093 1984 3383 2055 signiﬁcat,

1817 2064 2016 2132 quibus
2035 2081 2135 2121 nec
2160 2069 2408 2124 maledici
2438 2071 2570 2124 vult.
2608 2069 2712 2125 Sed
2731 2081 2784 2126 et
2815 2074 2943 2128 alibi
2980 2075 3240 2145 scriptum
3267 2088 3349 2137 est
3368 2097 3387 2132 ι

1818 2153 1879 2208 Si
1926 2172 2087 2211 ausus
2140 2168 2218 2214 est
2261 2158 2402 2215 Deus
2456 2162 2593 2216 alius
2641 2165 2867 2232 ingredi,
2911 2176 2961 2219 et
3012 2169 3245 2236 accipere
3283 2169 3387 2222 sibi

1817 2256 2015 2318 gentem
2064 2250 2128 2304 de
2170 2252 2342 2304 media
2373 2265 2520 2323 gente
2541 2296 2556 2320 ,
2586 2256 2724 2308 sicut
2750 2271 2841 2326 ego
2880 2256 3139 2313 Dominus
3172 2260 3309 2315 Deus
3330 2260 3379 2316 ἀ.

1816 2339 1953 2394 Illud
1986 2359 1997 2393 :
2034 2339 2093 2394 Si
2122 2358 2283 2395 ausus
2324 2352 2401 2396 est
2434 2343 2574 2397 Deus
2613 2345 2751 2399 alius
2776 2386 2792 2410 ,
2824 2356 3080 2417 tanquam
3115 2350 3225 2405 sint
3254 2351 3382 2413 alii,

1815 2430 1970 2485 dixit.
2007 2430 2071 2485 Et
2106 2433 2241 2488 alias
2275 2452 2287 2487 :
2326 2434 2435 2500 Dii,
2469 2437 2558 2506 qui
2595 2438 2779 2491 malum
2806 2448 2855 2492 et
2887 2450 3082 2494 terram
3113 2459 3215 2496 non
3245 2444 3382 2512 fece-

1815 2532 1959 2589 runt,
2002 2536 2212 2593 pereant
2238 2536 2260 2564 ε
2285 2540 2303 2577 :
2330 2527 2475 2581 velut
2520 2542 2627 2581 non
2652 2530 2875 2598 perituri
2903 2530 3012 2586 sint
3035 2533 3108 2586 illi
3133 2533 3222 2601 qui
3244 2533 3378 2588 fece-

1816 2623 1966 2669 runt.
2003 2615 2068 2669 Et
2094 2616 2201 2669 alio
2232 2618 2351 2671 loco
2383 2619 2459 2672 ait
2492 2637 2505 2671 :
2540 2620 2767 2674 Attende
2797 2622 2929 2685 tibi,
2963 2639 3025 2676 ne
3053 2625 3243 2679 vadens
3275 2641 3387 2679 ser-

1814 2707 1926 2760 vias
1955 2708 2060 2760 diis
2087 2707 2210 2761 aliis
2232 2750 2246 2774 ,
2277 2726 2405 2779 quos
2440 2711 2809 2780 ignoraverunt
2850 2724 3024 2783 patres
3058 2716 3174 2769 tuif
3208 2732 3228 2768 .°
3258 2727 3382 2771 tan-

1815 2815 1979 2868 quam
2004 2800 2097 2854 alii
2118 2801 2191 2854 dii
2217 2803 2345 2869 sint,
2369 2818 2509 2873 quos
2533 2806 2689 2873 sequi
2713 2819 2819 2859 non
2846 2807 3097 2875 debeant,
3122 2809 3383 2878 loquitur.

1813 2888 1881 2942 Et
1909 2891 2103 2945 iterum
2136 2911 2149 2946 :
2178 2892 2413 2946 Nomina
2451 2893 2665 2948 deorum
2698 2895 2925 2951 aliorum
2968 2915 3069 2953 non
3107 2903 3391 2955 ascendens

1812 2981 1870 3034 in
1934 2981 2080 3035 labia
2126 2993 2219 3037 tua
2273 2985 2319 3040 ε.
2364 2983 2463 3039 llic
2518 3000 2735 3055 quoque
2784 2989 2985 3043 multos
3032 2990 3163 3046 deos
3217 2992 3381 3058 dicit,

1813 3090 2048 3145 quorum
2079 3092 2187 3131 non
2218 3079 2333 3133 vult
2362 3079 2593 3150 proferri
2621 3081 2865 3135 nomina.
2891 3081 3234 3153 Rursumque
3256 3086 3387 3139 seri-

1814 3175 1965 3235 ptum
1993 3174 2077 3219 est
2112 3185 2123 3220 :
2157 3165 2416 3222 Dominus
2451 3168 2588 3222 Deus
2627 3177 2746 3222 tuus
2797 3169 2905 3237 ipse
2954 3178 3032 3222 est
3078 3168 3219 3224 Deus
3260 3169 3382 3223 deo-

1813 3272 1931 3309 rum
1959 3255 2009 3310 δ.
2045 3256 2110 3311 Ει
2150 3260 2371 3314 adhuc:
2417 3259 2548 3326 Quis
2607 3260 2798 3315 similis
2844 3259 2969 3324 tibi,
3018 3259 3270 3324 Domine,
3325 3262 3391 3316 iu

1812 3349 1916 3403 diis
1953 3352 2021 3404 i?
2070 3351 2149 3407 Ac
2191 3368 2422 3408 rursus:
2459 3352 2596 3407 Deus
2641 3353 2858 3406 deorum
2898 3351 3154 3407 Dominus
3176 3351 3225 3406 κ.
3280 3352 3384 3411 Ιιε-

1812 3458 2046 3513 rumque
2075 3462 2088 3497 :
2128 3443 2267 3497 Deus
2295 3445 2441 3498 stetit
2471 3444 2527 3498 in
2554 3460 2818 3514 synagoga
2844 3444 3083 3506 deorum,
3131 3445 3187 3497 in
3212 3446 3394 3500 medio

1813 3546 1989 3587 autem
2017 3534 2138 3588 deos
2170 3535 2427 3605 dijudicat
2462 3533 2505 3590 ι.
2542 3534 2696 3591 Unde
2734 3536 2900 3590 miror
2925 3576 2940 3601 ,
2988 3552 3094 3606 qua
3143 3538 3376 3601 ratione,

1813 3635 1895 3681 tot
1923 3627 2299 3697 Scriptuarum
2329 3628 2558 3683 vocibus
2595 3629 2797 3683 multos
2824 3643 2946 3683 esse
2972 3630 3101 3683 deos
3130 3629 3382 3684 testanti-

1813 3718 1915 3772 bus
1936 3759 1951 3783 ,
1995 3727 2050 3772 tu
2082 3718 2436 3775 allirmaveris
2467 3734 2575 3773 non
2607 3729 2855 3790 oportere
2894 3736 2994 3775 nec
3033 3722 3248 3787 dicere,
3282 3736 3382 3776 nec

1812 3826 1933 3866 esse
1965 3811 2298 3867 existimare.
2339 3810 2414 3867 De
2437 3812 2665 3881 reliquo,
2700 3813 2743 3866 si
2778 3815 2908 3882 quid
2944 3815 3206 3869 adversu;
3235 3813 3382 3869 clare

1813 3900 1953 3955 dicta
1984 3901 2153 3955 habes
2181 3900 2364 3967 effari,
2397 3917 2580 3956 coram
2611 3903 2864 3961 omnibus
2892 3904 3166 3974 eloquere.

1885 4082 1995 4136 Vll.
2040 4082 2342 4153 Respondit
2370 4081 2564 4137 Petrus
2594 4101 2607 4136 :
2640 4081 2881 4137 Breviter
2907 4082 3033 4137 audi
3063 4083 3131 4137 ad
3164 4097 3227 4138 ea
3255 4098 3379 4152 qua:

1814 4179 2063 4250 obiecisti
2094 4198 2107 4233 :
2139 4179 2336 4233 Eadem
2392 4177 2501 4242 lex,
2556 4192 2676 4246 quae
2734 4192 2875 4246 saepe
2913 4177 3046 4232 deos
3096 4177 3376 4243 nominat,

1816 4274 1931 4342 ipsa
1979 4272 2204 4327 Judaico
2256 4272 2456 4341 populo
2484 4270 2595 4324 ait:
2645 4267 2756 4334 En,
2803 4268 3018 4322 Domini
3049 4267 3147 4322 Dei
3197 4267 3275 4321 tui
3301 4276 3379 4321 est

1816 4363 1999 4415 cmlum
2025 4360 2168 4427 caeli,
2199 4370 2248 4414 et
2270 4362 2448 4413 omnia
2473 4376 2591 4429 qua:
2616 4360 2673 4412 in
2722 4359 2795 4413 eis
2817 4366 2937 4411 sunt
2961 4369 3021 4423 ιιι,
3061 4359 3197 4413 dans
3226 4371 3387 4412 com-

156 4449 259 4505 ὅσα
285 4442 553 4510 ἐστιν’ἐν
581 4458 803 4524 αὐτοῖς,
839 4459 1278 4529 συμπεριλαϐὼν,
1308 4461 1389 4513 ὅτι
1420 4462 1468 4513 εἰ
1494 4462 1588 4514 καὶ
1610 4462 1714 4515 εἰσὶ

1821 4453 2178 4523 prehendere,
2210 4452 2353 4521 quod
2387 4452 2511 4506 licet
2531 4452 2604 4506 dii
2630 4450 2916 4517 exsistant,
2947 4449 3050 4504 sub
3070 4463 3136 4504 eo
3161 4457 3308 4511 sunt,
3325 4447 3379 4503 id

159 4540 278 4608 θεοὶ,
306 4546 393 4598 ὑπ’
421 4547 584 4601 αὐτόν
613 4550 777 4611 εἰσιν,
805 4549 1078 4602 τουτέστιν
1105 4551 1209 4603 ὑπὸ
1232 4550 1322 4603 τὸν
1343 4551 1451 4603 τῶν
1468 4552 1532 4582 ¹⁰⁶
1580 4552 1710 4604 Ἰου-

157 4629 302 4686 δαίων
335 4637 480 4690 Θεόν.
538 4638 645 4690 Καὶ
680 4639 837 4693 πάλιν
859 4656 871 4669 ·
911 4641 1039 4693 Ὅτι
1073 4642 1287 4710 Κύριος
1318 4644 1350 4693 ό
1386 4642 1529 4707 Θεός
1572 4657 1708 4707 σου,

219 4755 242 4783 ι
277 4746 405 4802 Gen.
438 4764 522 4810 ιιι,
551 4749 640 4803 22.

220 4813 245 4852 δ
281 4818 409 4872 Gen.
439 4835 523 4883 Ill,
553 4821 606 4873 5.

222 4894 242 4921 ί
283 4886 449 4943 Exod.
483 4906 628 4950 xxtt,
659 4889 745 4945 28.

220 4952 242 4991 ἀ
283 4955 434 5013 Deut.
467 4977 547 5023 tv,
586 4961 676 5015 '54.
718 4970 722 4974 ‘

225 5034 246 5062 ο
280 5024 384 5082 Jer.
415 5045 467 5092 χ,
496 5030 583 5085 ll.

230 5093 244 5130 ί
284 5095 436 5152 Dent.
470 5116 591 5161 XIII,
624 5101 673 5154 6.

1814 4556 1919 4612 est,
1949 4546 2051 4601 sub
2082 4544 2191 4599 Deo
2217 4543 2550 4599 Judaeorum.
2583 4542 2649 4597 Et
2672 4544 2869 4597 iterum
2898 4560 2912 4596 :
2950 4541 3090 4606 Quia
3125 4539 3381 4593 Dominus

1816 4638 1956 4692 Deus
1985 4650 2105 4691 tuus
2133 4638 2243 4707 ipse
2274 4647 2349 4691 est
2389 4635 2529 4690 Deus
2551 4637 2609 4689 in
2642 4634 2769 4689 coelo
2795 4650 3003 4689 sursum
3040 4641 3090 4687 et
3133 4634 3190 4686 in
3238 4640 3378 4686 terra

1882 4752 1908 4789 8
1945 4747 2060 4801 Jos.
2086 4763 2244 4811 χχιιι,
2278 4747 2331 4811 7,
2362 4747 2503 4816 apud
2534 4744 2696 4801 LXX.

1884 4820 1912 4857 ιι
1955 4818 2109 4870 Deut.
2139 4834 2190 4880 χ,
2234 4817 2321 4871 l7.

1888 4885 1903 4921 ί
1951 4886 2095 4941 Psal.
2118 4903 2294 4941 Lxxxv
2313 4927 2328 4950 ,
2361 4886 2414 4939 8.

1889 4953 1909 4988 ¹ί
1954 4956 2099 5010 Psal.
2132 4973 2278 5022 χιιι,
2309 4958 2359 5008 1.

1893 5027 1909 5066 ι
1952 5026 2093 5079 Psnl.
2123 5042 2306 5090 Lxxxt,
2344 5027 2393 5079 1.

1888 5110 1925 5136 m
1954 5097 2110 5150 Deut.
2135 5113 2187 5162 χ,
2216 5096 2301 5151 M.

1432 5251 1668 5308 VARI/{3
1708 5248 2103 5305 LECTIONES.

327 5383 432 5458 Pro
458 5387 584 5440 vbb.
605 5457 610 5458 ν
632 5387 728 5441 καὶ
758 5387 831 5458 μὴ
865 5388 1207 5458 χαλεπαίνειν
1228 5389 1546 5453 -πολλοὺς
1598 5388 1754 5452 θεούς
1806 5387 1999 5441 lacuna
2054 5394 2139 5441 est
2178 5385 2257 5458 ἱιιΔ
2284 5383 2348 5458 0.
2402 5383 2479 5458 E_x
2510 5383 2550 5437 C
2588 5382 2821 5458 reposui
2870 5381 2978 5434 τῶν
2994 5391 3125 5458 ante
3152 5383 3376 5458 γραφιξν

166 5462 194 5499 a
221 5453 275 5505 ι;ι
322 5465 370 5509 ει
402 5456 440 5509 S
507 5453 795 5512 omissum.

173 5518 477 5609 LtE‘add’idi
500 5542 550 5581 ε.
575 5526 639 5609 o_.
711 5522 887 5609 3359,
929 5528 993 5593 ι),
1021 5530 1155 5609 ἦε
1194 5530 1257 5609 ηδ
1300 5530 1357 5596 ἐξ
1392 5518 1564 5609 adjeci
1595 5544 1642 5583 c.
1675 5529 1739 5609 ο.
1780 5528 1801 5560 ι
1831 5518 1992 5609 πάλιν
2013 5526 2114 5609 cog
2137 5524 2218 5595 (τὸ
2250 5518 2685 5609 ειλξγεγρςιερθςει
2709 5522 2768 5577 C.

1479 5600 1676 5653 desunt
1712 5600 1762 5651 in
1804 5606 2032 5664 utroque
2072 5588 2232 5647 “om.
2261 5588 2431 5664 icoilI,
2464 5588 2598 5664 add.
2630 5593 2672 5647 0
2728 5608 2798 5664 ex
2840 5608 2954 5664 seq.
2992 5607 3042 5645 c.
3091 5589 3145 5664 8_.
3201 5588 3375 5664 “me:

169 5585 559 5666 οὐχ’ὲποίησαν,
604 5585 1006 5652 ἀπολέσθωσαν·
1043 5585 1120 5663 ὧς
1152 5598 1281 5662 τῶν,
1322 5585 1442 5722 (ire

173 5664 451 5722 ποιηκὰτες.
476 5666 857 5721 ἀπολέσθωσαν
892 5684 944 5722 ι).
972 5686 1103 5721 πεπ.
1137 5670 1234 5722 ἀπ.
1273 5686 1336 5722 με
1371 5669 1442 5721 “ὁτ

173 5664 451 5739 aequorea,
476 5666 857 5739 ἀπολέσθωσαν
892 5684 944 5737 p.
972 5686 1103 5721 πεπ.
1137 5670 1234 5722 ἀπ.
1271 5664 1384 5739 μελ]

910 5460 926 5490 ³
959 5458 1030 5512 Ita
1064 5458 1108 5514 Θ
1158 5468 1212 5513 ει
1238 5475 1302 5514 ex
1333 5450 1564 5528 conject.
1603 5458 1641 5512 S
1671 5499 1685 5519 .
1736 5450 1801 5512 Din
1830 5458 1988 5522 cujus
2015 5463 2163 5528 testu
2192 5453 2547 5528 _Ci__6p.olwg._
2588 5450 2748 5528 ’ζίιιηΔ
2781 5452 3005 5528 apposui
3030 5469 3083 5528 Αγ

3088 5451 3157 5519 ἀρ
3212 5466 3276 5502 ex
3308 5450 3371 5504 0.

2874 5523 2893 5552 °
2929 5521 2990 5575 τό
3022 5521 3082 5574 C.
3178 5520 3198 5551 τ
3238 5519 3372 5574 νω..

1403 5669 1568 5721 ὀντων
1595 5667 1659 5722 0.
1737 5668 1758 5699 ⁹
1789 5658 2054 5737 διακρινεῖ
2079 5667 2146 5719 Ο.
2178 5666 2221 5697 θ’
2252 5661 2652 5716 διαδεὸαιοῦσαι
2716 5661 2775 5717 Ο,
2824 5663 2870 5694 ¹⁰λ
2901 5658 2955 5714 εἴ
2977 5660 3141 5715 textui
3168 5658 3376 5713 reddidi

171 5744 216 5781 (ἰο
243 5735 323 5800 0;
355 5738 775 5806 praetermissum
799 5735 917 5794 erat
945 5754 973 5794 a
1002 5741 1060 5795 Cl
1114 5750 1164 5795 ct
1189 5741 1247 5794 S.
1273 5735 1283 5739 ⁷
1327 5741 1390 5772 ίο·
1416 5738 1523 5792 τῶν
1560 5739 1683 5793 add.
1718 5754 1766 5793 ε.
1799 5735 1861 5792 0.
