3860 6210
428 328 523 383 τιτι

427 446 705 515 deorsum,
755 456 805 501 et
849 464 947 501 non
972 456 1047 501 est
1088 447 1218 502 alius
1259 456 1448 517 prater
1494 460 1693 501 eumn.

427 538 711 610 Scriptura
761 540 895 595 dicit
936 539 1246 594 Iudaeorum
1278 538 1518 609 populo:
1564 537 1821 592 Dominus
1850 537 1989 593 Deus

427 640 549 687 tuus
590 632 700 702 ipse
738 643 814 686 est
864 631 1001 686 Deus
1032 632 1249 686 deorum
1280 632 1345 699 ι’,
1376 632 1450 685 ita
1503 640 1597 699 ut,
1636 631 1887 701 quamvis
1915 630 1990 685 dii

425 725 685 791 existant,
718 725 821 780 sub
850 723 1162 779 Iudaeorum
1198 723 1309 778 Deo
1335 725 1463 778 sint.
1498 723 1564 777 Et
1586 724 1703 778 aliis
1733 724 1911 777 verbis
1926 723 1992 777 de

423 830 490 869 eo
517 815 593 869 ait
630 813 911 884 Scriptura
940 834 952 867 :
980 814 1119 868 Deus
1143 830 1363 884 magnus
1389 824 1437 868 et
1469 830 1635 880 verus,
1662 816 1751 883 qui
1776 830 1877 866 non
1905 829 1994 866 ac-

426 907 555 973 cipit
577 922 881 975 personam,
911 922 1071 975 neque
1097 915 1264 959 sumet
1295 921 1511 959 munera
1531 945 1545 970 ,
1581 906 1711 974 facit
1725 904 1992 973 judicium

423 996 626 1066 pupillo
672 1008 720 1051 et
771 998 939 1052 vidua:
985 1009 1029 1049 ο.
1090 997 1370 1067 Scriptura
1446 998 1611 1051 Deum
1682 994 1993 1050 Iudaeorum

425 1090 795 1159 nuncupando
846 1104 1101 1159 magnum
1138 1098 1193 1143 et
1230 1103 1415 1143 verum
1448 1097 1501 1142 et
1537 1087 1819 1141 facientem
1849 1086 1995 1155 judi-

422 1174 569 1228 cium
597 1215 611 1241 ,
650 1176 786 1231 alios
822 1177 1051 1245 pusillos
1102 1192 1202 1231 nec
1254 1191 1414 1231 veros
1460 1175 1757 1231 denotavit.
1809 1174 1911 1229 Sed
1942 1184 1997 1229 et

423 1266 595 1322 altero
643 1269 879 1337 quodam
916 1270 969 1322 in
1018 1270 1138 1322 loco
1189 1266 1471 1337 Scriptura
1503 1266 1675 1321 dicit:
1725 1266 1849 1319 Vivo
1880 1282 1992 1336 ego,

421 1360 552 1411 dicit
598 1358 859 1413 Dominus
888 1401 901 1422 ,
953 1376 1055 1412 non
1099 1369 1175 1413 est
1201 1358 1340 1412 alius
1370 1357 1510 1411 Deus
1535 1366 1726 1426 prwter
1752 1372 1849 1410 me.
1884 1354 1995 1425 Ego

420 1453 623 1518 primus
647 1491 663 1513 ,
690 1466 782 1520 ego
812 1452 1148 1514 novissimus,
1177 1459 1368 1518 prarter
1418 1464 1496 1501 me
1549 1463 1650 1501 non
1674 1456 1749 1501 est
1776 1447 1913 1501 Deus
1942 1446 1993 1501 ά.

422 1544 500 1595 Ac
527 1558 743 1596 rursum
777 1562 789 1594 :
825 1542 1106 1595 Dominum
1150 1542 1317 1595 Deum
1376 1552 1523 1593 tuum
1562 1540 1803 1604 timebis,
1835 1549 1883 1592 et
1915 1540 1996 1592 ilfi

422 1635 523 1688 soli
566 1638 754 1688 seruies
792 1648 834 1687 υ.
882 1634 949 1688 Et
1010 1635 1229 1688 adhuc:
1268 1634 1406 1685 Audi
1456 1632 1628 1685 Israel
1669 1671 1685 1696 ,
1738 1631 1995 1684 Dominus

1282 332 1338 388 S.
1382 327 1766 387 CLEMENTIS
1804 330 1821 385 1
1865 330 2027 386 ROM.
2070 329 2271 385 PONT.
2308 329 2533 385 OPERA
2570 330 2788 387 DUBIA.

1753 446 1819 501 Et
1874 447 1999 501 alibi
2029 452 2074 508 A
2103 445 2276 512 οὗτος
2310 446 2453 512 Θεὸς
2478 446 2547 498 ἐν
2572 446 2651 511 τῷ
2676 444 2907 513 οὐρανῷ
2945 444 3066 499 ἄνω
3088 485 3104 511 ,
3130 444 3225 498 καὶ
3259 444 3327 498 ὲν
3355 441 3430 511 τῇ
3455 442 3536 512 τῇ
3565 447 3689 497 κό-

3562 327 3682 383 572

2090 552 2194 601 τω,
2230 536 2326 589 καὶ
2379 539 2490 590 οὐκ
2531 537 2700 591 ἐστιν
2743 536 2932 602 ἄλλος
2960 536 3126 605 πλὴν
3156 536 3360 591 αὐτοῦ.
3395 537 3505 591 Kal
3535 535 3689 609 ἄλλῃ

2091 644 2191 680 που
2242 627 2388 697 λέγει
2447 630 2479 699 ἡ
2538 628 2727 699 Γραφὴ
2766 627 2844 697 τῷ
2874 620 3139 681 Ἰουδαίων
3183 628 3351 699 ὔχλῳ·
3388 629 3610 695 Κύριος
3646 630 3687 681 ό

2095 717 2234 784 Θεός
2267 737 2415 784 σου,
2447 719 2622 785 οὗτος
2657 720 2799 785 Θεὸς
2832 719 2951 773 τῶν
3000 720 3181 785 θεῶν,
3224 720 3473 791 ὦσπερ¹¹
3508 720 3592 772 ὅτι
3627 721 3685 771 εἰ

2093 809 2187 862 καί
2218 810 2321 862 εισι
2345 809 2457 862 θεοὶ
2479 852 2493 875 ,
2524 810 2629 863 ὑπὸ
2651 811 2743 863 τὸν
2790 811 3055 865 Ἰουδαίων
3079 811 3208 864 Θεόν
3229 814 3381 864 εἰσιν.
3405 813 3514 864 Kal
3535 810 3685 883 ἄλλῃ

2093 915 2195 949 που
2238 900 2365 971 περὶ
2412 900 2574 953 αὑτοῦ
2609 900 2818 973 λέγειή
2862 901 3086 973 Γραφή·
3133 902 3195 955 '0
3241 903 3381 969 Θεὸς
3430 902 3687 971 όμέγας

2094 991 2193 1043 καὶ
2234 991 2520 1058 ἀληθινὸς
2544 1033 2559 1056 ,
2595 993 2662 1059 ὃς
2693 995 2764 1047 οὐ
2815 994 3103 1062 λαμϐάνει
3134 997 3221 1060 εἱς
3242 996 3284 1025 ³⁸
3321 995 3682 1063 πρόσωπον,

2096 1082 2238 1135 οὐδὲ
2255 1082 2341 1152 μὴ
2368 1084 2522 1151 λάϐῃ
2548 1083 2759 1153 δῶρον,
2793 1083 2979 1138 ποιῶν
3007 1087 3208 1154 κρίσιν
3235 1086 3395 1156 322
3429 1084 3685 1154 ὀρφανῷ

2096 1174 2195 1227 καὶ
2222 1174 2393 1243 χήρᾳ.
2426 1177 2612 1244 Μέγαν
2644 1177 2699 1229 δὲ
2728 1178 2819 1229 καὶ
2850 1176 3096 1247 ἀληθινὸν
3124 1178 3216 1231 καὶ
3243 1177 3417 1249 κρίσιν
3453 1176 3687 1230 ποιοῦν-

2094 1280 2162 1316 τα
2193 1264 2283 1317 τὸν
2316 1265 2423 1317 τῶν
2448 1266 2490 1297 ¹³
2537 1265 2797 1319 Ἰουδαίων
2824 1267 2856 1337 ή
2887 1265 3076 1337 Γραφὴ
3104 1267 3329 1319 εἰποῦσα
3356 1266 3511 1334 Θεὸν,
3542 1266 3684 1327 τοὺς

2096 1355 2283 1419 ἄλλους
2319 1359 2546 1428 μικροὺς
2585 1358 2677 1410 καὶ
2707 1359 2808 1411 οὐκ
2848 1358 3130 1430 ἀληθινοὺς
3174 1360 3462 1428 ἐσήμανεν.
3512 1356 3684 1410 Ἀλλὰ

2096 1446 2192 1498 καὶ
2220 1446 2475 1522 unum
2500 1446 2645 1516 λέγει
2680 1450 2710 1517 ἡ
2742 1448 2928 1519 Γραφή
2949 1465 2960 1473 ·
2986 1445 3077 1500 Ζῶ
3096 1447 3229 1516 ἐγὼ,
3250 1446 3411 1516 λέγει
3428 1447 3682 1516 Κύριος,

2097 1540 2209 1591 οὐκ
2245 1520 2555 1603 ἐσέῗθεὸς
2582 1538 2783 1605 ἕτερος
2820 1536 2985 1604 πλὴν
3008 1538 3171 1606 ἐμοῦ,
3220 1538 3366 1607 Ἐγὼ
3404 1537 3641 1605 πρῶτος
3662 1577 3680 1602 ,

2096 1627 2212 1696 ἐγὼ
2246 1629 2397 1697 μετὰ
2427 1629 2641 1692 ταῦτα,
2676 1628 2843 1705 xyw
2872 1628 3017 1697 ἐμοῦ
3045 1629 3189 1695 Θεὸς
3214 1632 3325 1683 οὐκ
3348 1631 3535 1682 ἐστίν.
3561 1630 3685 1682 Καὶ

424 1727 563 1781 Deus
619 1738 787 1781 vester
851 1716 1101 1781 Dominus
1177 1743 1311 1779 unus
1363 1735 1439 1779 est
1492 1724 1534 1778 τ.
1586 1723 1783 1794 Sicque
1830 1724 1997 1778 multa

2100 1718 2290 1772 πάλιν·
2319 1720 2538 1787 Κύριον
2551 1719 2657 1772 τὸν
2691 1720 2838 1773 Θεόν
2868 1734 2984 1771 σου
3015 1718 3346 1788 φοϐηθήσῃ,
3382 1718 3479 1772 καὶ
3510 1719 3683 1784 αὐτῷ

422 1817 735 1873 testimonia
763 1833 884 1872 cum
910 1818 1220 1886 juramento
1246 1818 1589 1887 consignant,
1625 1815 1794 1870 Deum
1820 1830 1989 1870 unum

2096 1809 2256 1877 μόνῳ
2278 1810 2643 1876 λατρεύσεις.
2671 1809 2780 1861 Kal
2809 1805 2967 1861 πάλιν
2987 1824 3000 1836 ·
3032 1810 3248 1863 ’Ἄκουε
3281 1808 3683 1876 Ἰσραὴλ,Κὼ

420 1923 541 1962 esse
568 1949 582 1972 ,
617 1919 670 1961 et
703 1919 896 1977 praeter
922 1908 1070 1962 illum
1102 1925 1209 1963 non
1233 1924 1354 1963 esse
1392 1908 1582 1963 Deum.
1617 1906 1772 1961 Unde
1796 1907 1986 1968 miror,

417 2014 526 2067 qua
551 2002 909 2065 ratione,cum
933 2012 1012 2056 tot
1036 2002 1153 2056 loca
1176 2011 1439 2057 testentur
1467 2017 1634 2057 unum
1652 2015 1771 2056 esse
1798 1998 1989 2063 Deum,

420 2100 475 2144 tu
529 2093 734 2147 multos
767 2109 889 2148 esse
917 2092 1173 2149 aﬂirmes.

2088 1912 2220 1966 ,ριος
2234 1903 2267 1953 ὀ
2287 1899 2429 1965 Θεὸς
2444 1899 2610 1969 ὑμῶν
2631 1900 2674 1931 ¹⁵
2691 1902 2906 1969 Κύριος
2923 1902 3008 1967 εἷς
3025 1902 3215 1955 ἐστίν.
3232 1901 3341 1954 Kal
3362 1899 3512 1970 ὁμῶς
3544 1898 3682 1952 πολ-

2095 1991 2184 2043 lal
2217 1993 2389 2059 φωναὶ
2418 1991 2536 2061 μεθ’
2564 1991 2727 2061 ὅρκου
2762 1993 3264 2064 ὲπισςρραγίζουσιν,
3301 1992 3381 2045 ὅτι
3407 1986 3487 2055 εἷς
3519 1991 3680 2043 ἐστὶν

2093 2088 2122 2137 6
2184 2086 2344 2151 Θεὸς,
2400 2086 2493 2139 καὶ
2550 2086 2685 2159 πλὴν
2739 2086 2904 2138 αὐτοῦ
2966 2087 3065 2139 οὐκ
3120 2085 3235 2138 ἔστι
3291 2085 3441 2148 Θεός.
3505 2084 3680 2163 Ὅρεν

418 2183 710 2253 θαυμάζω,
745 2184 861 2247 πῶς
904 2185 1171 2239 τοσούτων
1218 2184 1603 2257 μαρτυρουσῶν
1651 2182 1842 2254 φωνῶν
1889 2183 1984 2235 ἕνα
2015 2176 2150 2233 εἶναι
2180 2179 2331 2241 Θεὸν,
2364 2180 2427 2231 σὺ
2461 2177 2685 2240 πολλοὺς
2716 2172 2851 2230 εἶναι
2881 2176 3074 2245 λέγεις.

490 2275 626 2330 Vlll.
670 2275 736 2331 Et
779 2275 968 2331 Simon
1002 2297 1013 2331 :
1047 2277 1321 2348 Pn‘ncipio
1375 2293 1439 2332 ea
1487 2276 1624 2332 mihi
1674 2287 1851 2331 tecum
1892 2276 1989 2330 fuit

421 2367 666 2421 conditio
693 2407 708 2431 ,
746 2377 809 2421 ut
840 2382 905 2422 ex
942 2367 1240 2438 Scripturis
1267 2368 1648 2423 convincerem
1681 2377 1733 2423 te
1760 2366 1987 2421 menda-

417 2459 509 2523 cii,
534 2459 800 2513 dicentem
828 2474 1172 2529 nequaquam
1194 2460 1394 2514 multos
1415 2460 1599 2514 vocari
1622 2459 1816 2514 debere
1834 2459 1985 2513 deos.

414 2551 685 2617 Quocirca
730 2552 917 2606 multis
957 2552 1365 2622 Scripturarum
1394 2552 1619 2607 vocibus
1642 2551 1853 2606 ostendi
1876 2591 1889 2612 ,
1922 2551 1989 2604 ab

418 2644 551 2713 ipsis
601 2643 900 2713 Scripturis
956 2644 1156 2700 divinis
1204 2646 1389 2715 plures
1444 2643 1784 2715 pronuntiari
1833 2643 1985 2696 deos.

421 2733 561 2788 Tum
589 2734 786 2789 Petrus
818 2756 829 2789 :
871 2734 1005 2805 Ipsae
1024 2777 1039 2803 ,
1069 2752 1190 2806 qua:
1214 2737 1416 2791 multos
1452 2736 1584 2792 deos
1612 2734 1985 2806 pronuntiant,

420 2826 738 2895 Scriptum,
770 2830 970 2881 easdem
998 2829 1300 2882 adhortata:
1338 2844 1439 2883 nos
1474 2837 1603 2883 sunt
1648 2828 1733 2883 his
1761 2827 1983 2883 verbis:

422 2917 657 2972 Nomina
700 2919 917 2973 deorum
965 2921 1199 2974 aliorum
1248 2938 1353 2976 non
1406 2922 1683 2975 ascendant
1733 2921 1787 2973 in
1844 2919 1988 2972 labia

422 3022 514 3064 tua
558 3010 607 3066 ³.
664 3010 753 3067 Sic
779 3022 972 3081 praeter
999 3014 1074 3079 id,
1100 3014 1245 3083 quod
1274 3015 1533 3084 scriptum
1563 3026 1668 3078 est,
1703 3026 1809 3065 non
1836 3011 1986 3065 locu-

412 3111 511 3154 tus
547 3116 667 3155 sum
690 3143 704 3166 ,
736 3100 947 3157 Simon.
980 3102 1047 3157 Et
1073 3103 1261 3159 Simon
1289 3123 1302 3158 :
1330 3104 1470 3159 Audi
1496 3104 1557 3158 ad
1596 3104 1699 3158 hoc
1720 3111 1774 3158 et
1796 3111 1850 3157 tu
1880 3101 1985 3157 Pe—
2013 3136 2056 3194 ο

419 3203 521 3244 tre.
552 3189 783 3246 Peccare
834 3192 965 3246 mihi
1007 3194 1208 3249 videris
1233 3236 1249 3261 ,
1284 3196 1377 3264 qui
1411 3195 1516 3250 diis
1550 3194 1826 3260 detrahis,
1858 3208 1985 3248 cum

422 3279 703 3351 Scriptura
759 3284 903 3337 dicat
931 3303 966 3338 :.
996 3285 1158 3355 (Diis)
1198 3303 1301 3339 non
1338 3286 1578 3339 detrahes
1600 3326 1614 3350 ,
1664 3284 1987 3354 principibus

418 3375 601 3443 populi
630 3378 708 3429 tui
738 3393 837 3429 non
884 3377 1163 3431 maledices
1188 3380 1241 3427 ιι.
1288 3378 1365 3433 Ac
1396 3377 1588 3433 Petrus
1620 3377 1769 3432 :Non
1802 3391 1986 3447 pecco,

419 3461 635 3529 Simon,
671 3476 1068 3535 consequenter
1097 3467 1394 3536 Scripturis
1421 3468 1774 3537 perditionem
1800 3481 1987 3520 eorum

420 3566 735 3626 pramotaus
767 3576 777 3609 :
816 3557 886 3610 ita
932 3558 1078 3609 enim
1116 3560 1376 3627 scriptum
1411 3568 1493 3612 est
1525 3575 1537 3610 :
1578 3557 1661 3610 Dii
1690 3558 1779 3626 qui
1805 3556 1991 3609 caelum

418 3656 468 3699 et
494 3659 689 3701 terram
742 3664 842 3700 non
890 3649 1155 3716 fecerunt,
1201 3658 1415 3717 pereant
1465 3650 1521 3709 ί,
1577 3659 1739 3716 atque
1783 3649 1862 3701 sic
1902 3648 1991 3701 ille

421 3738 638 3793 locutus
666 3748 779 3801 est,
830 3755 935 3794 non
976 3740 1133 3808 quasi
1175 3740 1395 3809 quidam
1436 3740 1508 3793 dii
1546 3739 1768 3793 fecerint
1796 3754 1892 3801 ea,
1939 3746 1993 3792 et

423 3849 531 3887 non
564 3843 804 3902 pereant,
826 3833 1285 3902 quemadmodum
1320 3834 1705 3901 interpretatus
1729 3846 1809 3886 es.
1838 3830 1991 3886 Unus

421 3925 567 3980 enim
591 3926 899 3980 declaratur
943 3925 1170 3980 Creator
1217 3943 1283 3980 eo
1330 3928 1472 3996 quod
1526 3926 1680 3981 initio
1725 3926 1987 3995 scriptum

418 4024 548 4069 est:
582 4012 649 4067 In
695 4015 957 4084 principio
986 4016 1181 4069 creavit
1220 4014 1357 4068 Deus
1388 4015 1573 4069 coelum
1617 4024 1666 4068 et
1722 4025 1917 4069 terram
1939 4013 1988 4069 ⁸.

421 4101 533 4158 Nec
560 4105 697 4159 dixit
734 4123 746 4157 ε
784 4104 889 4158 Dii.
918 4104 985 4157 Et
1015 4105 1141 4159 alibi
1175 4106 1249 4158 ait
1282 4124 1293 4158 ε
1326 4104 1393 4157 Et
1419 4122 1575 4175 opera
1606 4122 1855 4159 manuum
1878 4107 1991 4175 ejus

421 4198 704 4251 annuntiat
732 4197 1123 4264 ﬁrmamentum
1165 4196 1207 4250 ι.
1251 4197 1427 4265 Atque
1459 4198 1511 4249 in
1540 4198 1645 4251 alio
1689 4198 1811 4253 loco
1859 4199 1995 4253 scri-

422 4300 574 4357 ptum
607 4296 691 4342 est
719 4306 731 4340 :
763 4288 894 4341 Coeli
925 4288 1030 4355 ipsi
1055 4287 1326 4355 peribunt,
1364 4297 1421 4339 tu
1467 4296 1639 4341 autem
1666 4290 1992 4353 permanebis

422 4377 478 4426 in
496 4382 750 4428 wternum
780 4385 840 4427 ω.

2167 2269 2302 2323 Vlll.
2328 2271 2437 2322 Kal
2460 2270 2489 2322 6
2512 2268 2692 2339 Σίμων
2712 2286 2723 2297 ·
2764 2269 2821 2321 Ὁ
2841 2268 2998 2337 λόγος
3016 2268 3113 2339 τὴν
3136 2267 3309 2338 ἀρχὴν
3329 2262 3396 2337 ἦν
3422 2285 3511 2338 μοι
3533 2267 3683 2338 πρὸς

2096 2364 2175 2425 σὲ,
2194 2362 2301 2416 ἀπὸ
2324 2360 2551 2432 Γραφῶν
2588 2358 2799 2429 ἐλέγξαι
2825 2377 2904 2426 σε,
2928 2361 3007 2413 ὅτι
3038 2359 3207 2432 ψεύδῃ
3225 2359 3401 2427 λέγων
3432 2360 3506 2431 μὴ
3537 2360 3677 2412 πολε-

2094 2456 2218 2517 λοὺς
2238 2454 2278 2484 ¹⁸
2297 2454 2405 2507 δεῖν
2427 2450 2753 2521 φθέγγεσθαι
2773 2450 2946 2514 θεούς.
2963 2450 3122 2526 Ὅρεν
3148 2449 3346 2513 πολλὰς
3360 2451 3679 2521 ἐγγράφους

2094 2543 2269 2608 ἔδειξα
2294 2543 2495 2613 φωνὰς,
2517 2544 2598 2596 ὅτι
2629 2543 2787 2595 αὐταὶ
2806 2543 2861 2594 αἱ
2878 2542 3015 2595 θεῖαι
3036 2541 3248 2613 Γραφαὶ
3266 2541 3492 2604 πολλοὺς
3513 2542 3679 2612 φθέγ-

2093 2657 2278 2709 γονται
2295 2638 2469 2702 θεούς.
2495 2638 2604 2692 Kal
2623 2641 2650 2692 6
2669 2638 2900 2709 Πέτρος·
2920 2637 3091 2690 Αὑταὶ
3106 2637 3161 2688 αἱ
3180 2635 3408 2698 πολλοὺς
3432 2635 3673 2704 φθεγγό-

2096 2747 2254 2800 μεναι
2274 2728 2430 2791 θεοὺς
2451 2728 2685 2799 Γραφαὶ,
2715 2727 2877 2781 αὑταὶ
2899 2725 3210 2797 παρῄνεσαν
3230 2727 3360 2796 ἡμῖν
3380 2722 3634 2778 εἰποῦσαι
3653 2740 3669 2755 ⁶

2105 2819 2394 2890 Ὀνόματα
2417 2818 2567 2873 θεῶν
2587 2818 2925 2887 ἑτέρωςούκ
2938 2816 3298 2883 ἀναϐήσεται
3311 2814 3547 2869 ἐπὶτῶν
3560 2830 3675 2883 χει-

2092 2911 2249 2967 λέων
2280 2926 2414 2966 σου.
2446 2909 2633 2972 Οὕτως
2661 2910 2721 2963 οὐ
2750 2910 2900 2981 παρὰ
2927 2910 2988 2962 τὸ
3016 2908 3399 2981 γεγραμμένον
3428 2908 3587 2979 ἔφην,
3622 2902 3671 2961 ὦ

2091 3004 2287 3074 Σίμων.
2314 3004 2421 3055 Kal
2440 3005 2468 3055 6
2482 3002 2662 3072 Σίμων
2681 3019 2694 3032 ο
2714 2980 2976 3055 Ἀἶουσον
2990 2980 3129 3071 πρδςν
3143 3000 3275 3054 αὐτὸ
3292 3001 3384 3054 καὶ
3407 3002 3492 3064 σὺ,
3510 2995 3555 3053 ὧ
3574 2999 3675 3053 Πέ-

2089 3110 2205 3165 τρε.
2224 3093 2362 3162 Ἀμα
2371 3091 2580 3162 ρτάνειν
2601 3108 2688 3162 μοι
2703 3091 2897 3155 δοκεῖς,
2917 3092 2997 3144 ὅτι
3016 3090 3193 3144 αὐτῶν
3209 3092 3551 3161 καταλέγεις,
3570 3092 3673 3163 τῆς

2089 3183 2313 3255 Γραφῆς
2343 3181 2606 3253 λεγούσης
2626 3198 2638 3211 ·
2673 3182 2734 3235 οὐ
2766 3180 3173 3253 κακολογήσεις,
3208 3180 3303 3234 καὶ
3332 3181 3601 3251 ἄρχοντα,ς
3624 3180 3670 3211 ιε

2090 3272 2187 3326 τοῦ
2230 3272 2357 3325 λαοῦ
2395 3288 2485 3324 σου
2530 3272 2591 3323 οὐ
2640 3270 2825 3333 κακῶς
2868 3271 3032 3340 ὲρείς.
3082 3269 3192 3321 Kal
3223 3270 3252 3321 6
3283 3270 3520 3339 Πέτρος·
3559 3269 3672 3338 Οὐχ

2091 3366 2405 3437 ἁμαρτάνω,
2441 3365 2638 3435 Σίμων,
2669 3362 2972 3425 ἀκολούθως
2999 3365 3116 3424 ταῖς
3142 3362 3382 3431 Γραφαῖς
3404 3361 3503 3431 τὴν
3523 3358 3676 3413 ἀπώ-

2090 3457 2237 3512 λειαν
2268 3456 2444 3509 αὐτῶν
2478 3455 2865 3526 προσημαίνων
2890 3471 2903 3483 ’
2938 3453 3098 3524 323
3145 3452 3287 3505 οὕτω
3322 3452 3430 3522 γὰρ
3473 3451 3675 3521 γέγρα-

2091 3563 2252 3600 πται·
2287 3546 2435 3610 Geel,
2466 3546 2523 3599 οἳ
2548 3546 2654 3599 τὸν
2672 3545 2932 3613 οὐρανὸν
2948 3545 3047 3598 καὶ
3073 3539 3186 3607 τὴν
3211 3543 3329 3613 γῆν
3347 3546 3458 3596 οὐκ
3474 3543 3677 3610 ἐποίη-

2093 3618 2213 3693 σῖιν
2235 3679 2249 3703 ,
2276 3639 2739 3694 ἀπολέσθωσαν·
2774 3638 2867 3689 καὶ
2890 3636 3048 3689 τοῦτο
3078 3634 3247 3689 εἰπὼν
3282 3636 3379 3706 οὐχ
3410 3636 3487 3698 ὡς
3514 3635 3673 3688 ὲνῐων

2095 3732 2491 3802 πεποιηκότων,
2514 3729 2607 3783 καὶ
2630 3728 2702 3799 μὴ
2728 3726 2926 3780 ἀπολλυ
2936 3727 3131 3797 μένων,
3150 3725 3224 3788 ὼς
3239 3726 3586 3796 ήρμήνευσας
3605 3725 3671 3779 ¹⁷.

2093 3824 2356 3896 Δηλοῦται
2404 3822 2512 3893 γὰρ
2544 3816 2625 3884 εἷς
2654 3823 2682 3876 6
2714 3817 3028 3889 πεποιηκὼς
3056 3817 3133 3887 τῷ
3181 3817 3434 3887 ἀπαρχῆς
3473 3817 3676 3888 γεγρά-

2094 3917 2224 3986 φθαι
2241 3934 2254 3946 ·
2303 3917 2404 3969 Ἐν
2425 3912 2581 3982 ἀρχῇ
2602 3913 2888 3977 ἐποίησεν
2914 3914 2948 3964 ό
2978 3909 3121 3975 Θεὸς
3146 3909 3252 3962 τὸν
3286 3907 3545 3976 οὐρανὸν
3576 3909 3676 3962 καὶ

2094 4009 2207 4076 τὴν
2239 4007 2372 4077 γῆν.
2419 4006 2529 4059 Kal
2579 4005 2678 4057 οὐκ
2734 3999 2911 4056 εἶπεν
2963 4006 3026 4055 Οἱ
3069 4004 3210 4057 θεοί.
3261 4002 3370 4055 Kal
3400 4001 3535 4075 ἄλλῃ
3568 4017 3672 4055 που

2092 4100 2276 4167 λέγει’
2328 4098 2583 4164 Ποίησιν
2632 4095 2699 4148 δὲ
2747 4093 2959 4163 χειρῶν
2990 4093 3175 4147 αὑτοῦ
3225 4092 3579 4162 ἀναγγέλλει
3605 4092 3672 4144 τὸ

2094 4191 2411 4260 στερέωμα.
2446 4190 2555 4243 Kal
2586 4190 2641 4240 ὲν
2674 4188 3010 4259 ὲτέριετόπῳ
3032 4186 3074 4217 ιε
3105 4186 3439 4256 γέγραπταιο
3478 4186 3543 4237 Οἱ
3570 4185 3674 4237 οὐ·

2089 4282 2267 4352 ρανοὶ
2286 4264 2470 4335 ἀὐτοὶ
2498 4280 2865 4334 ἀπολοῦνται
2886 4318 2900 4340 ,
2925 4277 3007 4332 σὺ
3031 4276 3099 4330 δὲ
3126 4274 3423 4346 διαμενεῑς
3454 4278 3542 4340 εἰς
3568 4273 3675 4329 τὸν

2096 4378 2300 4433 αἰῶνα.

497 4487 587 4542 lli.
627 4487 775 4542 Dixit
807 4487 997 4542 Simon
1031 4506 1044 4543 :
1077 4488 1157 4542 Ad
1191 4489 1294 4541 hoc
1324 4489 1469 4557 quod
1506 4504 1606 4560 ego
1644 4490 1846 4544 multos
1875 4506 1995 4546 esse

2171 4489 2261 4545 IX.
2302 4491 2413 4543 Kal
2445 4490 2474 4541 6
2505 4489 2686 4557 Σίμων
2720 4486 2846 4558 ἔφη’
2874 4485 3019 4558 Πρὸς
3050 4486 3113 4540 τὸ
3148 4486 3247 4557 ἐμὲ
3263 4483 3429 4549 δεῖξαι
3449 4483 3674 4547 πολλοὺς

426 4579 560 4631 deos
577 4577 793 4632 ostendi
820 4594 884 4631 ex
913 4576 1232 4648 Scripturis,
1252 4593 1485 4647 quarum
1517 4578 1677 4632 verba
1705 4578 1995 4635 manifesta

428 4669 651 4724 exhibui
680 4711 695 4734 ,
728 4679 787 4725 tu
822 4671 1009 4725 itidem
1042 4672 1123 4724 vel
1155 4671 1311 4740 plura
1361 4671 1674 4725 testimonia
1702 4688 1766 4726 ex
1799 4673 1991 4728 iisdem

434 4760 733 4830 Scripturis
750 4762 1001 4824 attulisti,
1030 4761 1267 4831 probans
1287 4777 1454 4817 unum
1483 4777 1603 4817 esse
1628 4762 1816 4829 Deum,
1840 4780 1995 4818 eum-

428 4868 538 4919 que
586 4850 918 4906 Iudaeorum.
966 4850 1030 4905 Et
1077 4850 1143 4905 ad
1181 4851 1231 4904 id
1260 4854 1403 4922 quod
1437 4853 1589 4908 dixi:
1633 4852 1752 4907 Non
1795 4864 1995 4924 oportet

512 4975 537 5002 α
580 4962 737 5017 Deut.
773 4979 846 5029 ιν,
884 4964 974 5016 39.

509 5032 536 5070 b
582 5032 739 5086 Deut.
769 5050 825 5096 Χ,
853 5033 939 5087 l8.

507 5113 527 5139 ρ
573 5101 731 5169 ιι›ι(ι.,
777 5104 862 5157 l7.

504 5171 529 5209 (ι
572 5172 724 5227 Deut.
758 5190 839 5239 ιν,
873 5173 961 5226 59.

515 5256 537 5279 υ
582 5241 736 5297 Deut.
766 5260 841 5310 v1,
872 5244 957 5297 15.

514 5313 529 5349 τ
575 5312 734 5377 lbid.,
764 5315 818 5367 4.

2101 4579 2241 4636 εἶναι
2275 4581 2430 4643 θεοὺς
2456 4579 2562 4632 ἀπὸ
2588 4572 2695 4630 τῶν
2717 4577 2967 4648 Γραφῶν,
2993 4576 3176 4646 φωνὰς
3195 4578 3384 4645 σαφεῖς
3402 4575 3673 4647 παρέστη-

2106 4692 2192 4735 σα,
2230 4673 2293 4725 σὺ
2332 4673 2389 4725 δὲ
2414 4670 2683 4733 τοσαύτας
2705 4668 2796 4739 “il
2829 4669 2923 4723 καὶ
2956 4668 3206 4730 πλείονας
3238 4665 3419 4735 φωνὰς
3440 4666 3547 4718 ἀπὸ
3567 4666 3673 4719 τῶν

2105 4765 2282 4818 αὐτῶν
2316 4762 2545 4835 Γραφῶν
2572 4762 2831 4834 ὲνήνοχας
2849 4801 2863 4825 ,
2889 4760 3144 4814 δεικνύων
3165 4760 3247 4813 ὅτι
3278 4752 3358 4821 εἷς
3388 4758 3503 4811 ἐστὶ
3522 4757 3668 4821 Θεὸς,

2108 4859 2200 4911 καὶ
2226 4852 2377 4918 οὗτος
2415 4854 2700 4908 Ἰουδαίων.
2738 4853 2847 4905 Kal
2878 4852 3013 4924 πρὸς
3043 4851 3106 4905 τὸ
3136 4852 3308 4905 εἰπεῖν
3342 4866 3433 4920 με’
3481 4851 3562 4902 Οὐ
3585 4848 3677 4903 δεῖ

2175 4971 2199 5009 ε
2238 4968 2353 5022 .los.
2391 4983 2548 5033 χχιιι,
2577 4966 2629 5030 7,
2658 4966 2800 5036 apud
2830 4963 2993 5021 LXX.

2175 5040 2201 5077 ιι
2244 5038 2413 5092 Exod.
2443 5038 2548 5100 22,
2578 5037 2666 5090 28.

2184 5107 2355 5162 iJer.
2392 5125 2454 5171 χ,
2484 5108 2570 5160 11.

2184 5178 2210 5216 ιι
2252 5178 2386 5231 Gen.
2406 5195 2460 5240 ιι,
2494 5180 2543 5230 1.

2192 5248 2209 5285 1
2250 5246 2392 5301 Psal.
2416 5263 2570 5310 ινιιι,
2606 5242 2661 5302 2.

2184 5330 2222 5355 m
2265 5317 2406 5372 Psal.
2437 5333 2487 5371 cr
2519 5357 2533 5381 ,
2566 5318 2636 5370 9.6

1747 5469 1974 5528 VARIAi
2012 5470 2414 5526 LECTIONES.

518 5586 557 5616 ¹¹
587 5585 659 5638 ὥς
688 5583 748 5638 0.

520 5602 557 5616 ”
587 5602 659 5646 ως
688 5602 748 5638 U.
833 5602 871 5614 ”
916 5602 995 5646 εις
1029 5602 1137 5637 om.
1184 5602 1246 5638 U.
1333 5602 1374 5615 "
1412 5603 1518 5638 των
1564 5602 1680 5639 acct

446 5656 492 5685 ²⁶
538 5656 768 5724 ἄρχοντα
798 5652 842 5708 0
872 5695 886 5717 ,
911 5670 975 5709 ex
1004 5669 1113 5721 quo
1158 5655 1520 5724 accessitseq.
1568 5673 1680 5707 σου.

448 5727 495 5755 ’⁸
519 5725 707 5780 Tcxtui
736 5725 942 5780 reddidi
976 5725 1123 5796 τόπῳ
1145 5741 1173 5780 a
1193 5726 1251 5782 Cl
1298 5733 1348 5780 et
1376 5725 1416 5780 S
1469 5726 1750 5781 omissum.

832 5585 871 5614 "
916 5585 995 5646 εἰς
1029 5598 1137 5637 οιιι.
1184 5582 1246 5638 0.
1332 5584 1374 5615 ’³
1412 5584 1518 5638 τῶν
1564 5585 1797 5640 accessit
1833 5602 1895 5637 ex
1942 5583 2004 5637 0.

1763 5656 1801 5686 ‘7
1841 5650 2272 5727 ἑρμήνευσαςᾨ.
2310 5651 2547 5727 Turn-:1?)
2578 5650 2637 5727 0_
2673 5669 2719 5705 c.
2751 5654 2789 5704 S
2819 5693 2832 5713 ,
2860 5654 3011 5727 160.
3048 5650 3287 5711 Subinde
3310 5657 3405 5709 ἀπ’
3436 5656 3573 5727 ἀρχῇ
3604 5653 3662 5710 Ο.

1835 5723 1880 5755 19’
1918 5723 2157 5795 γραφῶν.
2205 5724 2265 5787 ἃς
2298 5726 2480 5793 ποεῖς
2503 5723 2834 5792 παρέστησα,
2865 5724 3051 5787 σῦἲὲὰς
3074 5726 3242 5789 αὑτάς
3275 5728 3335 5782 (Σο

2085 5585 2127 5615 ¹⁸
2161 5582 2424 5654 ήμῶν-(Ι.
2513 5582 2564 5654 ξ’
2590 5582 2814 5654 [πολλούς
2843 5580 2887 5636 0
2937 5598 3003 5638 ex
3036 5586 3267 5654 conject.
3319 5585 3359 5638 Ι)
3389 5628 3404 5649 ,
3452 5584 3587 5639 αὐτὰ
3605 5584 3664 5654 C.
