3860 6210
154 253 269 309 373
1110 342 1115 349 Ι
1256 266 1712 327 CLEMENTINA.
1740 305 1805 317 —-
1825 276 2106 333 HOMILIA
2148 280 2285 335 XVI.
3309 293 3417 348 374

155 370 519 439 κακολογεῖν
548 367 750 441 θεοὺς,
803 377 1079 448 ἐπήγαγες
1135 379 1271 450 πρὸς
1317 382 1377 434 τὸ
1423 383 1589 448 δεῖξαι
1615 386 1679 447 ,ε

1886 390 1946 442 iis
1980 392 2285 447 malediwre
2312 433 2326 457 ,
2375 395 2745 464 subjunxisti,
2793 409 2846 453 ut
2899 400 3202 462 deelarares
3242 424 3410 465 unum

164 460 250 522 εἰς
303 461 453 517 ἐστὶν
506 467 535 517 ὁ
596 471 951 543 πεποιηκὼς,
1027 468 1110 520 ὅτι
1145 468 1208 520 οἱ
1235 470 1321 538 μὴ
1352 474 1688 540 πεποιηκότι

1886 498 1963 535 sse
1985 492 2308 547 creatorem,
2328 485 2473 553 quod
2500 487 2704 556 quinon
2729 503 2993 557 crearunt,
3016 496 3184 562 perire
3200 497 3410 557 habent.

150 548 493 605 ἀπολέσθαι
520 551 787 619 ἔχουσιν.
828 555 970 624 Πρὸς
1001 556 1056 609 δὲ
1092 556 1152 609 τὸ
1197 561 1370 612 εἰπεῖν
1407 579 1475 631 με
1500 600 1514 623 ,
1546 562 1627 614 ὅτι
1661 564 1674 615 ί

1892 588 2091 639 umque
2121 574 2373 639 dixerim,
2413 579 2774 635 nominandos
2809 597 2930 638 esse
2955 582 3119 651 deos,
3151 591 3411 657 quoniam

153 639 314 703 θεοὺς
337 641 515 708 λέγειν
548 642 680 695 καθὸ
702 644 746 674 ὀ
780 647 873 698 καὶ
916 648 971 699 αἰ
1006 647 1221 719 Γραφαί
1253 651 1448 714 αὐτοὺς
1472 651 1677 720 λέγουσι

1890 702 1895 713 .
1927 660 2223 731 Scripturae
2253 680 2348 719 eos
2378 667 2697 732 nominant,
2739 672 2903 724 etiam
2936 674 3001 727 ad
3034 674 3149 731 haec
3187 678 3414 733 demon-

153 730 251 782 καὶ
288 731 429 801 πρὸς
450 732 669 801 ἱτούτοις
684 735 728 766 ’ί
752 732 984 801 ἔδειξας,
1003 738 1083 791 ὅτι
1110 740 1184 811 μὴ
1210 741 1291 794 δεῖ
1311 742 1486 795 αὐτῶν
1505 744 1677 814 όνόμα·

1896 755 2022 809 rasti
2051 796 2066 819 ,
2109 771 2214 809 non
2273 768 2526 823 oportere
2576 773 2767 813 eorum
2817 765 3035 817 nomina
3069 765 3313 834 proferre
3349 786 3415 825 eo

155 822 517 891 φθέγγεσθαι,
547 824 624 895 τῷ
654 827 752 897 τὴν
785 828 954 900 αὐτὴν
976 830 1195 901 Γραφὴν
1213 833 1386 885 εἰπεῖν
1406 834 1471 896 ”,
1499 833 1679 905 ὀνόμαι

1891 846 1986 898 uod
2009 846 2197 901 eadem
2228 822 2508 915 Scriptura
2541 849 2715 915 dicat,
2751 854 2971 907 nomina
3001 855 3231 911 deorum
3276 858 3415 915 alio-

158 912 300 966 θεῶν
329 915 533 987 ἐτέρων
576 917 650 987 μὴ
696 918 1044 988 φθέγγεσθαι.
1085 923 1235 975 Ἐπεὶ
1278 919 1371 977 οὖν
1412 924 1575 978 αὑταὶ
1596 925 1639 956 ’⁸

1888 949 1962 986 ιη]
2011 950 2115 988 non
2161 951 2282 991 esse
2327 941 2750 1006 pronuntianda.
2802 942 3255 1016 Quandoquidem
3283 965 3412 1021 ergo

156 1001 376 1073 Γραφαὶ
408 1004 636 1069 πολλοὺς
656 1005 902 1075 λέγουσιν
926 1005 1062 1063 εἶναι
1098 1011 1269 1076 θεοὺς,
1304 1016 1397 1067 καὶ
1429 1014 1614 1068 ἄλλοτε
1645 1016 1680 1068 ἐκ

1881 1025 2041 1079 aedem
2076 1001 2369 1098 Scriptura;
2399 1032 2601 1087 multos
2630 1033 2819 1088 dicunt
2840 1051 2961 1092 esse
2989 1001 3141 1103 deos,
3174 1050 3229 1095 et
3259 1001 3405 1105 eligi.

161 1094 322 1162 μόνον
358 1091 531 1159 εῖναι,
564 1097 658 1149 καὶ
690 1099 779 1151 ὁτὲ
816 1101 913 1170 μὲν
965 1103 1039 1173 μὴ
1083 1103 1527 1173 κακολογεῖσθαι,
1555 1108 1643 1160 ὁτὲ
1681 1132 1685 1153 ε

1887 1132 2010 1170 num
2041 1118 2215 1172 solum
2247 1135 2390 1187 esse,
2417 1130 2472 1175 et
2502 1122 2817 1191 aliquando,
2853 1126 2919 1182 iis
2949 1143 3057 1182 non
3083 1131 3411 1186 maledicen-

156 1185 576 1254 κακολογεῖσθαι
598 1229 613 1253 ,
640 1189 803 1262 324
831 1193 967 1263 πρὸς
996 1192 1154 1247 τοῦτο
1184 1196 1237 1247 τί
1269 1197 1351 1250 δεῖ
1380 1197 1672 1267 λογίσασθα

1887 1224 1990 1274 um,
2052 1209 2345 1277 aliquando
2377 1213 2805 1271 maledicendum
2829 1259 2845 1281 .
2876 1234 2939 1273 ex
2976 1220 3080 1275 hoc
3121 1222 3249 1291 quid
3282 1238 3411 1277 eon-

156 1274 190 1346 ῆ
225 1276 309 1328 ὅτι
340 1277 502 1330 αὑταὶ
529 1281 678 1350 ἡμᾶς
709 1282 764 1334 αἱ
793 1282 1007 1353 Γραφαὶ
1042 1284 1350 1353 πλανῶσιν;

1883 1300 2056 1352 ludere
2087 1274 2369 1369 debemus,
2389 1305 2492 1359 nisi
2518 1307 2661 1374 quod
2681 1308 2809 1376 ipsa:
2830 1324 2931 1364 nos
2955 1310 3232 1381 decipiunt
3257 1312 3407 1369 Scri-

1840 1398 2012 1457 pturaa
2034 1390 2056 1441 ἲ

222 1472 291 1530 Χ.
337 1478 485 1531 Καὶό
506 1480 711 1551 Πέτρος
726 1481 849 1554 ἔφη·
865 1485 940 1537 Οὐ
962 1486 1254 1555 πλανῶσιν,
1273 1490 1386 1543 ἀλλ’
1400 1491 1733 1562 ἐλέγχουσιν,

1908 1479 1977 1534 Χ.
2019 1480 2212 1539 Petrus
2235 1487 2514 1554 respondit
2544 1507 2556 1541 :
2588 1486 2705 1543 Non
2748 1488 3063 1561 decipiunt,
3096 1496 3188 1549 sed
3216 1496 3408 1550 redar-

152 1566 339 1628 καὶείς
356 1570 586 1639 φανερὸν
606 1572 738 1639 ἄγου
747 1590 797 1625 σι
812 1576 909 1646 τὴν
930 1577 987 1630 ἐν
1008 1579 1222 1649 ἑκάστῳ
1243 1582 1383 1634 κατὰ
1400 1582 1494 1635 τοῦ
1508 1584 1641 1636 Θεοῦ
1660 1585 1676 1636 ἐ

1886 1582 2030 1638 Junt,
2062 1589 2125 1630 ac
2156 1574 2210 1628 in
2239 1577 2512 1645 publicum
2537 1580 2817 1648 proferunt
2855 1587 3051 1640 malam
3088 1602 3213 1658 erga
3239 1589 3408 1645 Deum

152 1655 494 1727 δομυχοῦσαν
511 1662 557 1692 ’⁸
572 1662 719 1716 ὥσπε
726 1683 757 1736 ρ
775 1666 949 1733 ὄφεως
965 1671 1140 1740 κακὴν
1158 1673 1498 1743 προαίρεσιν.
1517 1676 1676 1728 Πολλε

1884 1656 2193 1731 oluntatem,
2239 1668 2292 1722 in
2351 1684 2681 1741 unoquoque
2742 1674 2915 1730 instar
2972 1682 3239 1749 serpentis
3288 1684 3408 1738 lati-

155 1745 260 1816 γὰρ
289 1750 385 1801 καὶ
411 1750 692 1823 διαφόροις
722 1754 912 1820 τύποις
940 1760 1169 1813 ἐοικυῖαι
1202 1762 1534 1832 πρόκεινται.
1569 1764 1679 1816 "Ex:

1882 1763 2059 1809 intem.
2116 1755 2301 1813 Multis
2345 1761 2489 1814 enim
2540 1778 2606 1817 ac
2651 1766 2817 1820 variis
2875 1769 3013 1839 typis
3061 1745 3273 1828 similes
3318 1776 3406 1844 ja—

154 1854 276 1902 στος
306 1834 401 1893 οὖν
429 1843 583 1914 κηρῷ
615 1846 852 1900 ἐοικυῖαν
886 1849 984 1919 τὴν
1014 1850 1177 1904 αὑτοῦ
1216 1853 1530 1924 προαίρεσιν
1575 1854 1678 1925 ἔχω

1883 1856 1978 1901 ant.
2023 1846 2412 1921 Unusquisque
2451 1870 2582 1925 ergo
2623 1872 2763 1913 cerae
2811 1863 3149 1918 consimilem
3200 1866 3407 1925 habens

151 1930 624 2004 περιϐλεψάμενος
654 1939 823 2001 αὐτὰς
856 1941 949 1993 καὶ
979 1942 1155 1995 πάντα
1204 1943 1378 2015 εὑρὼν
1421 1945 1479 1997 ἐν
1508 1946 1675 1999 αὐταῦ

1882 1938 2166 1995 ›1ιιιιιδιθηι
2192 1959 2369 2010 suam,
2432 1946 2560 2001 dum
2593 1946 2904 2019 Scripturas
2930 1956 3242 2022 perlustrat,
3272 1976 3406 2014 cun-

148 2025 329 2078 όποῖον
357 2025 486 2079 Θεὸν
512 2023 652 2082 εἶναι
677 2029 894 2098 θέλει²⁵,
926 2034 1052 2104 τὴν,
1086 2035 1163 2098 ὡς
1193 2034 1329 2107 ἐφην
1349 2078 1364 2102 ,
1410 2036 1568 2108 κηρῴ
1624 2038 1672 2089 ἐι

1877 2036 2029 2097 taque
2055 2028 2109 2083 in
2138 2031 2245 2086 illis
2275 2034 2500 2101 invenit,
2520 2037 2733 2105 qualem
2758 2037 2925 2093 Deum
2953 2059 3075 2098 esse
3090 2047 3221 2111 vult,
3240 2050 3401 2104 talem

146 2118 307 2168 κυῖαν
343 2119 662 2191 προαίρεσιν
692 2122 961 2177 ἐπιϐαλὼν
1007 2126 1400 2197 ἁπομάσσεται.
1450 2128 1602 2181 Ἐπεὶ
1642 2146 1669 2181 o

1877 2117 2087 2186 rprimit
2118 2120 2360 2176 immissa
2392 2124 2698 2190 voluntate,
2736 2144 2886 2198 quae,
2919 2142 2979 2186 ut
3006 2134 3154 2203 dixi,
3182 2139 3401 2194 assimi-

142 2207 173 2259 ὃ
192 2224 243 2259 τι
265 2207 311 2237 ’⁸
347 2208 414 2261 ἂν
440 2209 695 2282 βούληταί
727 2230 811 2276 τις
842 2215 970 2286 περὶ
998 2215 1135 2269 Θεοῦ
1166 2221 1415 2288 φρονεῖν,
1452 2219 1509 2271 ἐν
1542 2218 1666 2272 αὐτο

1880 2218 1978 2263 itur
1999 2226 2156 2267 certe.
2182 2211 2322 2279 Quia
2357 2230 2488 2287 ergo
2526 2218 2790 2290 quidquid
2814 2223 2928 2278 vult
2961 2224 3159 2296 aliquis
3188 2230 3255 2284 de
3292 2228 3404 2285 Deo

142 2297 414 2369 εὑρίσκει,
468 2302 655 2356 τούτου
687 2305 845 2376 χάριν
877 2309 905 2359 ὁ
950 2308 1047 2377 μὲν
1095 2308 1303 2362 πολλῶν
1337 2309 1473 2363 θεῶν
1528 2312 1666 2375 ἰδέας

1877 2305 2054 2366 :ntire,
2101 2304 2155 2357 in
2202 2304 2496 2376 Scripturis
2540 2310 2803 2378 offendit,
2834 2331 2897 2370 ea
2952 2319 3121 2387 gratia
3158 2320 3249 2375 ille
3280 2324 3401 2392 qui-

141 2389 530 2459 ἀπομάσσεται
558 2394 654 2447 ἀπ’
688 2397 867 2451 αὐτῶν
886 2440 900 2463 ,
936 2399 1029 2451 καὶ
1057 2401 1216 2470 ἡμεῖς
1247 2401 1345 2472 τὴν
1373 2400 1466 2455 τοῦ
1500 2402 1665 2467 ὄντως

1879 2407 1953 2445 em
1990 2394 2287 2449 multorum
2326 2398 2549 2453 deorum
2581 2401 2843 2471 imagines
2887 2421 2954 2460 ex
2988 2408 3055 2462 iis
3080 2389 3314 2481 elﬁngit,
3346 2422 3403 2467 at

142 2479 553 2553 ἁπεμαξάμεθα
601 2486 742 2540 ἰδέαν
764 2488 831 2552 ’⁸,
860 2488 925 2540 ἐκ
966 2489 1064 2559 τῆς
1096 2491 1369 2562 ἡμετέρας
1400 2494 1612 2564 μορφῆς
1640 2512 1666 2547 τ

1877 2500 1932 2539 os
1962 2483 2055 2540 Dei
2094 2487 2204 2540 veri
2235 2490 2468 2557 speciem
2501 2495 2892 2564 expressimus,
2922 2514 2986 2553 ex
3010 2511 3193 2557 nostra
3227 2502 3401 2560 forma

141 2570 323 2643 ἀληθῆ
358 2573 672 2643 ἐπιγνόντες
703 2578 896 2631 τύπον.
939 2580 1096 2633 Ἀλλὰ
1129 2583 1223 2635 καὶ
1250 2584 1282 2652 ἡ
1334 2581 1544 2636 ἔνδοθεν
1575 2586 1665 2654 mu

1877 2590 2017 2629 arum
2054 2589 2414 2648 agnoscentes
2460 2586 2760 2654 exemplar.
2811 2587 2913 2644 Sed
2944 2601 2998 2646 et
3032 2594 3190 2649 nobis
3238 2596 3401 2652 insita

140 2665 287 2737 ψυχὴ
322 2667 421 2738 τὴν
455 2669 621 2722 αὐτοῦ
662 2670 845 2724 εἰκόνα
893 2672 1029 2742 πρὸς
1070 2672 1363 2726 ἀθανασίαν
1410 2674 1664 2744 ἡμφίεστι

1872 2666 2010 2720 nima
2041 2668 2188 2725 illius
2216 2670 2452 2743 imagine
2480 2675 2547 2730 ad
2590 2677 3051 2737 immortalitatem
3078 2684 3266 2741 induta
3295 2699 3396 2744 est.

139 2755 364 2828 Ταύτης
394 2758 487 2812 τὸν
519 2761 816 2833 γεννήτορα
851 2761 944 2815 ἐὰν
977 2764 1259 2818 καταλίπω
1281 2804 1295 2827 ,
1323 2766 1509 2837 δικαίᾳ
1552 2767 1663 2838 κρίς

1883 2759 1962 2826 ius
1988 2771 2267 2830 parentem
2299 2766 2345 2819 si
2375 2766 2655 2838 relinquo,
2676 2769 2829 2841 justo
2859 2774 3059 2843 iudicio
3092 2791 3156 2832 ea
3184 2794 3407 2851 quoque

139 2847 236 2900 καὶ
272 2849 417 2921 αὐτή
459 2866 526 2921 με
553 2850 868 2905 καταλιπεῖν
895 2852 1037 2923 ἔχει,
1074 2854 1222 2925 αὐτῷ
1241 2856 1318 2927 τῷ
1344 2856 1388 2891 ³ο
1421 2856 1663 2929 τολμήμα

1872 2868 1916 2907 ιθ
1946 2853 2258 2924 relinquet,
2284 2857 2404 2927 ipso
2438 2858 2679 2918 facinore
2710 2864 2957 2923 indicans
2986 2847 3249 2937 injustum
3270 2913 3286 2939 ,
3311 2847 3396 2938 et,

139 2940 463 3012 γνωρίσασα
494 2943 698 3009 ἄδικον,
728 2945 821 2997 καὶ
847 2945 924 3009 ὡς
947 2946 1054 2999 ἀπὸ
1080 2946 1287 3001 δικαίου
1314 2949 1537 3013 δικαίως
1564 2967 1663 3002 κατ

1876 2953 2030 3014 tquae
2053 2947 2236 3001 veniat
2261 2962 2292 3001 a
2317 2948 2491 3018 justo,
2512 2949 2659 3019 juste
2689 2969 2776 3009 me
2803 2954 3038 3023 deseret,
3067 2960 3255 3029 sicque
3281 2962 3400 3017 ani-

138 3030 313 3101 λείψει
351 3050 446 3104 με·
484 3037 578 3089 καὶ
610 3034 783 3100 οὕτως
820 3038 919 3107 τὴν
950 3037 1126 3111 ψυχὴν
1165 3041 1303 3111 μετὰ
1336 3042 1583 3110 κόλασιν,
1627 3061 1662 3096 τ¹

1874 3052 1972 3089 nam
2006 3046 2129 3105 post
2152 3038 2489 3107 punitionem
2518 3044 2765 3111 perdam,
2791 3046 3077 3103 deﬁciente
3100 3052 3305 3107 auxilio
3330 3054 3398 3107 ab

139 3124 234 3177 ἀπ’
256 3117 432 3195 αὐτῆς
457 3125 863 3196 ἀπολειφθεὶς³¹
884 3127 1156 3200 βοηθείας,
1183 3133 1549 3205 φθαρήσομαι.
1580 3136 1643 3188 Εἰ

1873 3143 1888 3180 ι
1930 3137 2069 3182 orto.
2116 3126 2173 3182 Si
2218 3138 2397 3185 autem
2431 3142 2515 3187 est
2547 3134 2688 3191 alius
2733 3134 2877 3192 Deus
2902 3177 2919 3204 ,
2962 3140 3197 3213 primum
3234 3143 3397 3197 aliam

136 3213 284 3267 ἐστιν
307 3215 515 3287 ἕτερος,
533 3217 744 3288 πρῶτον
768 3218 1039 3274 ἐνδυσάτω
1062 3223 1252 3294 ἑτέραν
1275 3224 1416 3278 ἰδέαν
1442 3225 1509 3291 ³³,
1533 3227 1660 3297 ἐτέρ

1872 3222 2060 3274 )eciem
2093 3221 2311 3284 induat,
2356 3223 2519 3278 aliam
2548 3225 2992 3300 formam,utper
3014 3236 3261 3303 corporis
3293 3252 3396 3290 no-

140 3308 389 3379 μορφὴν,
415 3308 502 3361 ἵνα
533 3309 619 3362 διὰ
644 3311 743 3381 τῆς
765 3312 859 3364 τοῦ
886 3311 1139 3384 σώματος
1170 3316 1363 3387 καινῆς
1396 3318 1610 3388 μορφῆς
1632 3336 1662 3370 τ

1866 3328 1942 3365 am
1965 3314 2193 3383 liguram
2212 3329 2410 3370 novum
2430 3332 2719 3388 agnoscam
2737 3320 3042 3380 Deum.Sed
3057 3334 3111 3379 et
3130 3325 3175 3381 si
3201 3329 3390 3398 ﬁguris

136 3397 325 3450 καινὸν
360 3398 566 3465 ἐπιγνῶ
590 3400 741 3454 Θεόν.
770 3402 834 3454 Εἰ
858 3402 915 3454 δὲ
948 3404 1041 3456 καὶ
1066 3405 1166 3475 τὴν
1192 3407 1405 3477 μορφὴν
1430 3407 1660 3481 ἀλλάξῃ²

1872 3420 2049 3474 gnram
2065 3415 2258 3473 mutet,
2275 3410 2519 3479 nunquid
2544 3418 2598 3465 et
2621 3412 2817 3467 animae
2838 3416 3225 3471 substantiam?
3239 3417 3396 3485 Quod

138 3489 219 3558 μή
259 3505 313 3539 τι
341 3487 503 3559 325
539 3493 633 3544 καὶ
671 3493 770 3563 τῆς
799 3493 975 3565 ψυχῆς
1002 3496 1102 3567 τὴν
1134 3498 1321 3552 οὐσίαν
1346 3516 1361 3564 ;
1388 3501 1451 3553 Εἰ
1478 3500 1535 3553 δὲ
1561 3503 1654 3555 καὶ

1892 3509 2011 3549 eam
2039 3512 2259 3567 quoque
2283 3501 2594 3567 mutaverit,
2619 3517 2726 3556 non
2752 3506 2987 3575 amplius
3014 3522 3114 3577 ego
3142 3512 3396 3581 sum,qui

134 3578 345 3653 ἀλλάξῃ
361 3623 373 3645 ,
404 3582 503 3635 οὐκ
528 3582 606 3635 ἐτι
632 3582 743 3652 ἐγώ
765 3586 901 3656 εἰμι,
928 3586 1085 3651 ἄλλος
1109 3590 1399 3660 γενόμενος
1421 3594 1513 3646 καὶ
1539 3612 1658 3666 μορε

1877 3585 1960 3640 ius
1982 3584 2158 3642 factus
2180 3586 2258 3641 fui
2279 3596 2392 3642 tum
2418 3589 2733 3659 ﬁgura,tum
2759 3594 3239 3653 substantia.Alios
3268 3578 3396 3668 ergo

135 3672 235 3725 καὶ
258 3673 439 3742 οὐσίᾳ.
470 3673 693 3737 Ἀλλους
716 3670 808 3727 οὖν
836 3675 1135 3740 πλαττέτω,
1160 3681 1207 3731 εἰ
1235 3679 1392 3744 ἄλλος
1415 3683 1582 3737 ἐστίν.
1608 3686 1659 3737 Οι

1873 3690 1984 3744 'eet,
2004 3678 2047 3733 si
2062 3679 2203 3735 alius
2215 3690 2317 3735 est.
2332 3678 2505 3736 Porro
2518 3698 2625 3737 non
2638 3693 2738 3738 est.
2754 3684 2811 3738 Si
2826 3686 2968 3740 enim
2985 3699 3397 3751 esset,creasset

132 3761 255 3815 ἔστι
278 3763 357 3815 δέ.
387 3765 451 3816 Εἰ
473 3763 529 3816 δέ
554 3760 642 3835 ἦν,
677 3764 908 3819 ἔπλασεν
933 3767 1016 3820 ἄν.
1059 3769 1213 3822 Ἐπεὶ
1232 3766 1325 3824 οὖν
1347 3773 1446 3825 οὐκ
1468 3774 1656 3828 ἔπλασε

1870 3770 2028 3839 tique.
2055 3769 2192 3825 Cum
2223 3785 2353 3841 ergo
2383 3787 2491 3826 non
2523 3777 2823 3840 creaverit,
2861 3786 3120 3849 tanquam
3153 3784 3247 3852 qui
3284 3799 3394 3838 non

131 3851 215 3915 ὡς
244 3853 346 3905 οὐκ
366 3851 441 3905 ὢν
474 3854 565 3907 τὸν
598 3855 727 3909 ὄντα
750 3855 827 3926 τῷ
863 3857 974 3910 ὄντι
1006 3860 1367 3915 καταλιπέτω.
1405 3865 1591 3929 Οὐδεὶς
1613 3884 1655 3935 γ‹

1874 3859 2022 3927 :istit,
2048 3876 2236 3915 revera
2258 3862 2584 3917 existentem
2620 3867 2873 3923 existenti
2897 3851 3185 3941 relinquat.
3202 3874 3398 3931 Nullus

136 3943 307 4007 ἐστιν,
348 3944 387 4037 ﬂ
438 3946 575 4018 μόνῃ
626 3946 818 4020 γνώμῃ
855 3951 1115 4019 Σίμωνος.
1158 3954 1298 4023 Ἐγὼ
1324 3956 1479 4010 ἄλλον
1499 3958 1660 4013 Θεὸν·

1868 3952 2018 4021 uippe
2058 3962 2163 4019 est,
2200 3954 2306 4009 nisi
2349 3956 2463 4009 sola
2497 3954 2740 4013 Simonis
2773 3962 3051 4030 Opinione.
3079 3964 3194 4037 Ego
3226 3968 3392 4023 alium

135 4016 707 4125 ﬁapaﬁé'iopat,st}i]v
851 4016 1113 4097 κτίσαντὰ
1139 4062 1205 4115 με
1228 4016 1411 4116 μόνον.

1915 4016 1969 4021 --
2151 4016 2158 4019 ν
2810 4016 2826 4030 ,
2940 4016 2948 4018 ἡ
3012 4016 3186 4037 ηερ-
3227 4016 3390 4023 _--_-..

1866 4058 1987 4097 eum
2009 4060 2115 4098 non
2135 4046 2558 4117 recipio,praater
2574 4066 2698 4104 eum
2720 4053 2896 4108 solum
2912 4057 3005 4125 qui
3023 4073 3109 4112 me
3124 4061 3390 4117 condidit.

203 4148 299 4202 XI.
327 4151 437 4205 Kal.
460 4152 489 4203 ὁ
513 4152 721 4223 Σίμων’
761 4155 913 4234 Ἐπεὶ
936 4159 1265 4231 πυκνότερόν
1293 4177 1351 4213 σε
1374 4162 1485 4232 ὁρῶ
1510 4162 1601 4217 τὸν
1626 4163 1716 4217 λό-

1887 4157 1976 4212 XI.
1994 4157 2131 4213 Tum
2162 4159 2383 4217 Simon:
2410 4163 2547 4230 Quia
2566 4167 2721 4222 video
2749 4177 2798 4222 te
2822 4168 3157 4239 frequentius
3185 4190 3394 4233 sermo-

132 4258 230 4310 τον
256 4242 579 4313 ποιούμενον
604 4246 746 4318 ὑπὲρ
771 4229 1203 4315 τούμπλάσαντός
1252 4270 1311 4305 σε
1361 4229 1521 4319 Θεοῦ,
1576 4255 1656 4326 μά⁴

1868 4263 1940 4301 3m
1974 4247 2153 4303 facere
2184 4251 2252 4306 de
2284 4251 2395 4308 Deo
2418 4255 2511 4324 qui
2545 4265 2593 4310 te
2614 4258 2842 4322 creavit,
2860 4259 3010 4313 disce
3034 4276 3064 4314 a
3093 4277 3180 4316 me
3200 4279 3392 4332 quem-

128 4332 266 4403 παρ’
296 4334 456 4405 ἐμοῦ,
487 4336 605 4400 πῶς
629 4340 720 4391 καὶ
747 4342 826 4404 εἰς
849 4342 1011 4394 αὑτὸν
1039 4344 1273 4407 ἀσεϐεῖς.
1302 4348 1365 4398 Οἱ
1411 4346 1652 4400 πλάσαντ

1866 4340 2118 4397 imodum
2145 4344 2199 4396 in
2229 4343 2406 4413 ipsum
2437 4346 2599 4399 etiam
2632 4348 2832 4417 impius
2859 4349 2956 4405 sis.
2992 4350 3230 4421 Apparet
3253 4355 3390 4411 duos

128 4424 223 4479 δύο
249 4428 554 4497 φαίνονται,
583 4431 659 4493 ὡς
682 4434 715 4502 ή
744 4433 933 4504 Γραφὴ
962 4433 1137 4501 λέγει’
1164 4436 1276 4489 Καὶ
1294 4437 1463 4490 εἶπεν
1491 4441 1523 4491 ό
1549 4440 1652 4491 Θεό

1865 4449 1940 4488 ise
1976 4444 2275 4501 creatures,
2307 4437 2448 4492 sicut
2485 4439 2562 4493 ait
2589 4437 2909 4508 Scriptura:
2945 4442 3011 4496 Et
3044 4445 3180 4499 dixit
3204 4446 3345 4501 Deus
3368 4464 3389 4505 :

132 4517 483 4588 Ποιήσωμεν
526 4519 837 4589 ἄνθρωπον
881 4524 1007 4576 κατ’
1037 4527 1239 4579 εἰκόνα
1280 4528 1571 4597 ἡμετέραν
1616 4547 1656 4582 κε

1865 4524 2110 4580 'aciamus
2133 4528 2393 4583 hominem
2416 4529 2485 4582 ad
2507 4542 2745 4585 nostram
2796 4535 3080 4602 imaginem
3108 4545 3158 4591 et
3194 4538 3389 4592 simiii~

131 4611 257 4663 καθ’
288 4612 575 4679 ὁμοίωσιν
606 4613 670 4664 ³⁸.
722 4614 793 4664 Τὸ
817 4614 1161 4684 ποιήσωμεν
1196 4617 1288 4671 δύο
1340 4620 1627 4690 σημαίνει,

1860 4618 2050 4673 ιάὶηεηι
2085 4632 2133 4674 α.
2166 4619 2456 4676 Faciamus
2511 4623 2650 4677 duos
2701 4624 3001 4695 signiﬁcat,
3036 4636 3131 4682 aut
3180 4630 3384 4699 plures,

131 4702 404 4768 πλείονας,
428 4703 567 4793 πλῆν
587 4705 684 4776 οὐχ
708 4704 823 4759 ἕνα.

794 4723 823 4758 ἰ.
1814 4719 1959 4766 certe
1989 4728 2095 4767 non
2129 4730 2318 4769 unum.

193 4815 320 4869 XII.
346 4817 457 4869 Ka‘t
482 4818 511 4869 ὁ
537 4817 742 4889 Πέτρος
755 4820 1115 4890 ἀπεκρίνατο’
1147 4813 1245 4885 Εἷς
1266 4823 1411 4875 ἐστὶν
1437 4826 1465 4876 ὁ
1504 4826 1571 4894 τῇ
1605 4824 1704 4876 αὐ-

1882 4826 1996 4881 ΧΙΙ.
2036 4828 2102 4881 Ει
2122 4829 2317 4884 Petrus
2341 4832 2654 4901 respondit:
2687 4832 2841 4888 Unus
2862 4844 2964 4898 est,
2988 4836 3080 4903 qui
3105 4837 3385 4906 sapientiae

126 4905 219 4958 τοῦ
254 4905 417 4975 σοφίᾳ
435 4906 630 4961 εἰπών·
662 4908 1012 4978 Ποιήσωμεν
1058 4909 1387 4979 ἄνθρωπον.
1429 4913 1493 4966 Ἠ
1531 4912 1586 4965 δὲ
1617 4930 1650 4965 σι

1857 4935 1927 4974 tae
1948 4922 2085 4975 dixit
2107 4940 2117 4974 :
2146 4921 2434 4977 Faciamus
2456 4926 2740 4979 hominem.
2768 4925 2905 4980 Huic
2926 4944 3055 4983 vero
3083 4931 3381 4998 sapientiae,

193 5032 221 5060 ι
264 5018 404 5075 Gen.
437 5037 474 5084 ι,
511 5020 604 5075 26.

1438 5206 1671 5261 VARUE
1708 5207 2109 5265 LECTIONES.

205 5333 253 5364 ὀ
273 5333 536 5424 καθ’ὂιϐκ
555 5337 601 5367 ’¹
627 5338 797 5424 ,τοῦτο
812 5337 1047 5424 .0.'Turti‘i
1079 5341 1161 5394 δεῖ
1173 5341 1328 5424 conj:
1360 5341 1399 5424 ς
1430 5384 1445 5407 ,
1477 5346 1571 5412 qui
1583 5343 1651 5424 in
1674 5346 2048 5424 textu_§§iv_t3t
2071 5348 2134 5403 0.
2177 5350 2221 5379 ”
2251 5350 2425 5424 εἰπεῖν
2447 5365 2556 5424 om.
2595 5352 2659 5407 0.
2724 5352 2775 5424 ’³
2804 5354 2843 5407 C
2896 5357 3054 5409 vertit
3090 5356 3244 5419 quasi
3272 5356 3374 5424 legi

131 5403 445 5491 :olueritna'i
477 5406 736 5491 αὐξαίὲἱ
812 5410 858 5439 ’⁸
888 5407 964 5491 Ita
1095 5427 1143 5465 c.
1169 5403 1716 5491 Οἰ.,’ἐνδρμοξχοῦσαν
1746 5415 1956 5491 (Σίδίά.
1977 5416 2131 5491 Hom.
2178 5429 2254 5491 ξω,
2282 5420 2326 5491 767
2348 5430 2403 5474 et
2604 5403 2841 5491 “Mys;
2869 5403 3053 5479 cive?
3094 5403 3375 5486 ἕζΨῆιέἕὲ

130 5471 279 5563 ξαεθὲ
322 5545 336 5563 Ι
354 5476 441 5528 ’δὸ
462 5494 521 5528 τε
544 5476 609 5531 Ο.
647 5477 908 5563 Deinceps
931 5479 1182 5563 ’βούλεται
1360 5471 1699 5563 ’⁷,ἐίδέας10
1777 5486 1823 5517 ’⁸
1838 5485 1989 5550 ὄντος
2152 5488 2196 5563 ’³³
2555 5493 2598 5563 ὀ
2945 5471 3134 5550 (κυὸῇ

129 5537 367 5632 ἰειξθξίς
412 5549 739 5632 copieglavit
846 5537 886 5613 ’,
919 5537 1558 5632 ᾇπολειερρείοηςῄίᾁςιη.
1577 5537 1672 5632 ξίὴ
1691 5537 1887 5632 textu,
1910 5537 1986 5632 ut?
2162 5560 2206 5592 δ’
2946 5537 3143 5618 ἰένανέ
3169 5537 3374 5632 sua};

133 5559 182 5592 IS
250 5559 367 5608 υεις
412 5559 739 5616 οοηιθοωνιι
781 5559 823 5602 υ
872 5590 886 5613 ,
919 5559 1343 5622 ἀπολειφθείσης
1408 5559 1550 5607 idem
1619 5559 1672 5606 in
1700 5563 1869 5619 textu,
1914 5568 1971 5611 ut
2018 5559 2081 5611 0.
2162 5560 2206 5592 δ’
2243 5560 2419 5614 εἰδέαν
2448 5562 2507 5615 C.
2558 5559 2759 5617 Deinde
2799 5564 2921 5617 dedi
2949 5566 3033 5618 ἵνα
3073 5592 3143 5603 —
3169 5566 3374 5632 ἐπιγνῳ

132 5624 161 5661 e
189 5559 535 5705 Ἑξπιηξῦν
568 5619 642 5705 (λς
688 5621 1025 5705 rectumjam
1060 5621 1190 5705 vidit
1218 5621 1275 5705 ὃς
1354 5621 1399 5657 ³³
1433 5621 1649 5705 αλλάξει
1685 5621 1777 5705 0."
1825 5627 1867 5659 ³⁸
1908 5627 2103 5684 Decssc
2140 5631 2348 5686 videtur
2392 5632 2591 5705 ταύτην
2623 5643 2746 5704 post
2779 5634 2825 5685 εἰ
2858 5634 2913 5686 δὲ
2952 5635 3061 5688 καί.
3096 5631 3151 5687 S.
3188 5633 3385 5693 οὐκέτι⁴

135 5694 232 5735 scr.
271 5681 335 5738 0.
403 5681 460 5717 ⁷³⁵
509 5681 634 5741 κατ’
669 5687 849 5743 εἰκόνα
887 5681 977 5743 καὶ
1008 5689 1127 5745 καθ’
1150 5691 1407 5762 ὁμοίωσιν
1434 5681 1706 5766 ἡμετέραν
1739 5696 1798 5751 C.
