3860 6210
395 268 503 324 ὅτε)
1292 268 1348 324 S.
1392 269 1783 326 CLEMENTIS
1822 270 1842 324 Ι
1892 271 1951 326 Rt

2100 271 2299 355 PoNT.
2342 272 2571 327 omna
2610 260 2840 329 DUBIA.‘
3553 273 3679 331 σεο

398 394 643 449 tuorum,
675 384 949 450 vivorum,
989 385 1382 456 gignendorum
1408 425 1423 447 ,
1468 387 1543 440 dii
1580 398 1766 440 erunt.
1818 387 1951 453 Qum

2076 388 2249 457 τούτῳ
2277 387 2353 457 τῷ
2384 387 2525 457 λόγῳ
2551 386 2767 440 πάντων
2806 386 3107 459 ἀνθρώπων
3131 428 3145 453 ,
3196 388 3304 442 τῶν
3340 405 3399 441 τε
3442 390 3676 444 ἀποθα-

396 477 444 531 si
468 490 657 530 amore
681 480 1051 531 contentionis
1082 492 1208 545 erga
1232 493 1318 530 me
1362 478 1588 540 dixeris,
1633 494 1729 532 eas
1755 493 1951 547 quoqut

2082 479 2277 531 νόντων
2331 479 2423 531 καὶ
2484 476 2703 542 ζώντων
2760 480 2854 532 καὶ
2908 481 3287 552 γενησομένων
3317 480 3362 512 ⁸⁸
3386 482 3441 533 ai
3490 482 3677 551 ψυχαὶ

394 583 519 622 esse
544 567 677 622 deos
702 609 718 633 ,
773 568 905 637 quid
938 567 1173 636 hocjam
1206 570 1389 639 magni
1426 570 1530 624 erit
1568 570 1813 635 Christo,
1861 571 1969 626 dici

399 658 565 714 "eum
591 660 613 713 ‘?
642 659 696 713 Id
728 661 874 714 enim
909 659 1146 725 habebit,
1176 663 1322 728 quod
1351 677 1543 716 omnes
1571 662 1794 717 habent.

2083 569 2193 621 θεοὶ
2215 570 2259 599 ⁵⁸
2289 569 2665 638 τυγχάνουσιν.
2704 570 2765 621 Et
2790 569 2846 622 δὲ
2878 570 3337 641 προσφιλονεικιῖω
3375 589 3464 641 μοι
3487 573 3671 643 ἐρεῖς,

2080 663 2174 714 καὶ
2197 660 2365 723 αὑτὰς
2400 661 2555 723 θεοὺς
2600 656 2757 725 εἶναι,
2792 663 2883 714 καὶ
2897 663 2947 714 τί
2978 663 3141 715 τοῦτο
3191 664 3271 716 ἔτι
3306 664 3350 695 ⁸ο
3381 663 3525 734 μέγα
3565 669 3675 722 καὶ

394 753 633 829 Χριστῷ,
663 752 741 823 τῷ
768 752 1195 823 Θεῷλέγεσθαις
1251 754 1410 806 τοῦτο
1466 754 1573 824 γὰρ
1605 754 1737 823 ἔχει,
1789 754 1817 805 ὃ
1864 754 1957 805 καὶ
1986 752 2183 813 πάντες
2226 750 2457 819 ἔχουσιν.

466 844 627 899 XVII.
662 844 773 900 Nos
807 844 977 899 Deum
1003 847 1257 911 dicimus,
1282 848 1439 915 cujus
1469 849 1753 917 pr0prium
1781 849 1833 901 in
1859 849 1968 902 alio

391 953 514 991 esse
545 937 753 1005 nequit.
784 936 944 990 Velut
971 938 1115 992 enim
1145 940 1240 1008 qui
1288 940 1531 993 inﬁnitus
1573 949 1657 994 est
1702 942 1964 1011 undique,

392 1037 612 1097 propter
662 1028 764 1082 hoc
811 1029 1010 1082 dicitur
1040 1029 1339 1083 immensus
1359 1071 1373 1096 ,
1431 1039 1485 1083 et
1514 1032 1738 1086 omnino
1766 1043 1849 1086 est
1872 1050 1965 1087 ne-

392 1134 569 1185 cesse,
597 1134 721 1173 cum
750 1118 1077 1174 immensum
1124 1120 1246 1173 ideo
1270 1122 1475 1184 vocari,
1506 1122 1631 1191 quia
1658 1138 1764 1175 non
1790 1132 1965 1191 potest

388 1211 532 1265 alius
562 1219 619 1264 ut
646 1212 758 1280 ipse
781 1226 903 1265 esse
932 1212 1200 1275 inﬁnitus,
1258 1212 1363 1282 (sin
1412 1225 1592 1267 autem
1630 1214 1829 1283 aliquis
1860 1215 1964 1270 hoc

395 1301 597 1356 tlixerit
620 1302 900 1370 possibile,
934 1312 1112 1366 errat;
1150 1318 1249 1358 nec
1286 1304 1430 1358 enim
1473 1306 1581 1359 duo
1612 1306 1850 1376 undique
1876 1308 1961 1360 in-

389 1398 541 1453 finita
570 1398 734 1452 simul
758 1398 1023 1452 exsistere
1074 1408 1324 1467 possunt,
1379 1400 1765 1454 terminaretur
1819 1402 1964 1455 enim

386 1490 619 1543 alterum
646 1490 716 1543 ah
742 1489 957 1557 altero),
990 1489 1173 1559 itaque
1205 1502 1400 1545 natura
1456 1502 1830 1561 comparatum
1859 1502 1964 1561 est,

386 1593 555 1631 unum
581 1592 703 1632 esse
754 1576 1080 1646 Ingenitum.
1131 1578 1286 1644 Quod
1322 1582 1366 1634 si
1414 1581 1465 1634 in
1523 1582 1692 1652 ﬁgura
1748 1591 1853 1646 est,
1886 1584 1966 1638 sic

383 1685 606 1738 quoque
656 1685 825 1723 unum
855 1679 939 1725 est
972 1670 1417 1741 incomparabile.
1466 1674 1646 1740 Quare
1670 1687 1723 1731 et
1752 1678 1966 1731 Altissi-

2364 843 2527 898 XVIL
2581 846 2771 916 ’Πμεῖς
2796 846 2928 899 Θεὸν
2974 845 3234 917 λέγομεν,
3261 841 3322 901 οὗ
3354 849 3502 901 ἐστιν
3527 848 3670 903 ωων

2076 936 2137 989 τὸ
2188 937 2229 965 ⁶¹
2276 936 2418 1006 ἄλλῳ
2472 941 2755 1008 προσεῖναι
2805 938 2878 1009 μὴ
2930 938 3245 1009 δυνάμενον.
3287 940 3501 1011 Ὥσπερ
3545 941 3669 1014 γὰρ

2076 1026 2298 1097 ἄπειρος
2323 1026 2398 1080 ὢν
2424 1030 2759 1100 πανταχόθεν
2791 1030 2877 1084 διὰ
2899 1031 3057 1083 τοῦτο
3080 1031 3297 1099 λέγεται
3324 1032 3665 1102 ἀπέραντος,

2076 1119 2169 1170 xal
2210 1120 2424 1187 ἀνάγκη
2476 1123 2643 1183 πᾶσα,
2698 1123 2883 1193 ἑτέρου
2928 1124 3002 1193 μὴ
3052 1123 3348 1193 δυναμένου
3390 1124 3666 1187 ὡσαύτως

2073 1210 2301 1282 ἀπείρου
2328 1206 2487 1275 εἶναι,
2519 1214 2591 1283 μὴ
2639 1209 2776 1267 εἶναι
2827 1215 2958 1267 ἴδιον
2984 1214 3045 1266 τὸ
3094 1215 3371 1268 καλεῖσθαι
3408 1216 3661 1286 ἀπέραν-

2072 1320 2162 1355 τον
2187 1305 2252 1369 ⁸³,
2298 1306 2367 1373 (εἰ
2393 1304 2449 1357 δέ
2474 1323 2559 1368 τις
2602 1306 2749 1374 λέγει
2800 1306 3019 1359 δυνατὸν
3064 1302 3201 1359 εἶναι
3246 1306 3531 1375 ψεύδεταν
3560 1307 3666 1359 δύο

2072 1396 2180 1467 γὰρ
2208 1396 2543 1467 πανταχόθεν
2587 1399 2793 1470 ἄπειρα
2842 1399 3207 1471 συνυπάρχειν
3252 1400 3313 1451 ού
3358 1399 3658 1452 δύνανται’

2071 1488 2389 1559 περαιοῦται
2436 1488 2545 1559 γὰρ
2596 1490 2656 1542 τὸ
2684 1491 2868 1561 ἕτερον
2892 1490 2998 1543 ὑπὸ
3026 1490 3120 1542 τοῦ
3148 1489 3377 1560 ἐτέρου),
3406 1489 3581 1552 οῦτως
3611 1489 3661 1520 ⁸³

2070 1579 2232 1648 φύσις
2258 1582 2424 1643 ἐστὶν,
2453 1581 2512 1633 ἒν
2534 1578 2672 1635 εἶναι
2696 1582 2754 1635 τὸ
2792 1581 3126 1652 Ἀγέννητον.
3156 1583 3216 1634 El
3242 1581 3297 1633 δὲ
3324 1584 3381 1634 ὲν
3406 1581 3659 1652 σχήματί

2069 1674 2236 1735 ἐστιν,
2266 1675 2360 1726 καὶ
2385 1673 2559 1737 οὓτως
2583 1676 2641 1727 ἓν
2669 1677 2783 1727 ἐστι
2815 1674 2876 1727 τὸ
2901 1675 2945 1705 ⁵⁵
2966 1672 3313 1745 ἀσύγκριτον.
3362 1673 3656 1755 Διάἑοῦτο

382 1778 503 1817 ιιιυε
534 1772 781 1827 vocatur,
813 1763 965 1833 quia,
992 1764 1237 1819 omnium
1271 1781 1584 1837 supremus,
1616 1778 1810 1824 cuncta
1836 1770 1939 1825 sibi

2062 1770 2153 1819 καὶ
2186 1768 2448 1837 ’Ύψιστος
2484 1768 2719 1836 λέγεται,
2764 1769 2847 1820 ὃτι
2892 1768 3107 1820 πάντων
3143 1766 3411 1853 ἀνώξερος
3454 1764 3532 1818 ὣν
3576 1765 3655 1818 τὰ

382 1855 624 1924 subjecta
662 1856 844 1911 habet.

458 1947 639 2002 XVIII.
678 1948 743 2002 Et
792 1949 1023 2005 Simon:
1080 1950 1219 2005 Num
1253 1968 1446 2007 nomen
1495 1954 1640 2007 illius
1690 1954 1960 2013 ineffabile

380 2049 485 2105 est,
524 2039 683 2106 Deus,
714 2042 859 2111 quod
895 2058 1087 2099 omnes
1113 2045 1423 2114 appellant;
1453 2047 1712 2115 quoniam
1745 2048 1880 2101 adeo
1905 2057 1960 2102 et

376 2132 445 2186 de
487 2133 705 2187 nomine
727 2135 1038 2199 contendis,
1070 2152 1138 2189 ne
1174 2138 1264 2190 alii
1298 2136 1489 2192 detur?
1528 2138 1826 2208 Respondit
1857 2139 1958 2195 Pe-

379 2230 535 2277 trus:
573 2222 718 2284 Seio,
752 2224 853 2278 hoc
886 2239 992 2278 non
1029 2241 1150 2280 esse
1185 2227 1259 2281 illi
1306 2244 1504 2282 nomen
1537 2229 1829 2296 incﬁ‘abile,
1862 2231 1957 2285 sed

380 2331 580 2369 nomen
612 2317 757 2385 quod
786 2334 853 2372 ex
895 2328 1168 2373 convento
1218 2320 1502 2375 hominum
1561 2322 1781 2387 dicitur,
1810 2323 1955 2391 quod

378 2408 424 2461 si
456 2409 613 2463 alteri
666 2411 902 2475 dederis,
956 2413 1121 2468 etiam
1176 2414 1309 2467 illud
1361 2414 1508 2483 quod
1570 2430 1679 2469 non
1732 2416 1957 2471 effertur

375 2502 555 2569 possis
577 2503 733 2558 alteri
773 2504 1036 2567 tribucre,
1069 2515 1123 2560 et
1175 2506 1225 2560 id
1268 2507 1487 2576 quidem
1522 2509 1735 2563 ratione
1759 2511 1953 2564 volun-

374 2595 523 2648 tatis.
555 2593 788 2663 Nomen,
836 2599 982 2667 quod
1036 2599 1258 2661 dicitur,
1318 2598 1527 2654 indicto
1579 2604 1950 2671 przegreditur.

376 2684 491 2740 Iluc
516 2688 678 2742 modo
705 2691 1038 2744 contumelia
1062 2700 1114 2745 et
1137 2691 1190 2744 in
1220 2691 1350 2745 illud
1379 2692 1525 2760 quod
1560 2694 1801 2749 nondum
1829 2712 1960 2765 pro-

376 2776 550 2830 latum
580 2788 663 2833 est
692 2779 995 2845 redundat,
1028 2782 1489 2850 quemadmodum
1524 2784 1698 2838 honor
1749 2788 1951 2857 cogniti

376 2868 428 2921 in
463 2870 642 2924 adhuc
669 2871 1006 2941 incognitum
1038 2872 1291 2927 refertur.

445 2956 587 3012 XIX.
621 2958 687 3014 Et
715 2960 903 3015 Simon
928 2962 1063 3016 dixit
1094 2982 1107 3018 :
1136 2963 1286 3018 Scire
1317 2967 1498 3033 velim,
1525 2966 1703 3034 Pctre,
1727 2986 1794 3024 an
1820 2986 1950 3025 vere

372 3048 566 3104 credas
597 3050 832 3106 hominis
870 3051 1104 3106 formam
1153 3056 1219 3107 ad
1276 3055 1509 3111 formam
1546 3058 1637 3113 Dei
1682 3077 1805 3115 esse
1843 3062 1949 3116 elli-

2065 1860 2239 1912 πάντα
2267 1859 2414 1929 αύτῷ
2441 1860 2774 1930 ὑποκείμενα
2803 1859 2935 1928 ἔχει.

2132 1950 2315 2005 XVIII.
2357 1952 2467 2003 Kal
2492 1954 2519 2004 6
2559 1953 2768 2021 Σίμων·
2799 1951 2891 2022 Μὴ
2941 1950 3049 2021 γὰρ
3099 1949 3257 2002 τοῦτό
3304 1950 3450 2001 ἐστιν
3476 1948 3653 2001 αὑτοῦ

2060 2043 2369 2115 ἀπόρρητον
2393 2044 2598 2114 ὄνομα,
2627 2044 2690 2096 τὸ
2720 2044 2883 2108 Θεὸς,
2936 2043 3074 2114 ὅπερ
3123 2042 3325 2105 πάντες
3367 2040 3649 2109 λέγουσιν,

2059 2134 2138 2185 ὅτι
2164 2134 2414 2188 τοσοῦτον
2465 2135 2556 2188 καὶ
2602 2136 2731 2207 περὶ
2762 2135 3023 2207 ὀνόματος
3072 2133 3399 2205 διισχυρίξῃ,
3428 2135 3515 2187 ἵνα
3566 2136 3649 2207 μὴ

2057 2226 2199 2296 ἄλλῳ
2225 2226 2382 2297 δοθῇ;
2412 2228 2519 2279 Kal
2540 2228 2568 2278 6
2595 2228 2799 2299 Πέτρος
2832 2227 2935 2298 ἔφη
2953 2246 2964 2258 ·
3009 2228 3336 2298 Ἐπίσταμαι
3376 2228 3458 2280 ὃτι
3480 2227 3650 2280 τοῦτο

2055 2320 2154 2371 οὐκ
2180 2318 2325 2371 ἔστιν
2350 2318 2497 2389 αὐτῷ
2522 2319 2582 2371 τὸ
2608 2320 2653 2350 ⁵⁸
2681 2320 2989 2392 ἀπόρρητον
3017 2321 3183 2391 ὄνομα
3223 2320 3383 2389 (50'),
3412 2318 3551 2372 ἀλλά
3578 2320 3647 2372 τὸ

2059 2413 2198 2466 κατὰ
2241 2415 2509 2484 συνθήκην
2533 2412 2834 2485 ἀνθρώπων
2862 2413 3149 2483 λεγόμενον
3169 2452 3182 2474 ,
3217 2412 3355 2483 ὅπερ
3376 2413 3426 2464 εί
3460 2412 3643 2483 ἑτέρῳ

2054 2506 2263 2568 δώσεις,
2296 2508 2387 2559 καὶ
2413 2507 2473 2558 τὸ
2522 2507 2595 2576 μὴ
2642 2506 2933 2576 λεγόμενον
2958 2506 3129 2575 ἑτέρῳ
3166 2504 3493 2587 προσάψεις,
3544 2505 3644 2557 καὶ

2056 2598 2100 2628 ⁸⁸
2124 2598 2199 2668 τῷ
2226 2600 2322 2669 τῆς
2346 2598 2719 2669 προαιρέσεως
2752 2597 2913 2668 λόγῳ.
2944 2598 3015 2649 Τὸ
3043 2596 3331 2666 λεγόμενον
3349 2596 3519 2665 ὄνομα
3539 2596 3637 2648 τοῦ

2056 2690 2129 2759 μὴ
2154 2690 2443 2758 λεγομένου
2468 2689 2692 2759 πρόοδός
2719 2691 2888 2743 ἐστιν.
2942 2688 3127 2757 Τούτῳ
3154 2686 3233 2756 τῷ
3257 2686 3447 2757 λόγῳὴ
3475 2686 3639 2757 ὕϐρις

2052 2783 2145 2833 καὶ
2196 2783 2275 2845 εἰς
2299 2782 2358 2833 τὸ
2409 2784 2573 2852 μήπω
2604 2780 2768 2852 ῥηθὲν
2794 2780 3088 2848 λογίζεται,
3108 2774 3151 2846 ᾧ
3178 2778 3318 2849 λόγῳ
3345 2781 3378 2849 ἡ
3408 2778 3547 2848 πρὸς
3575 2777 3638 2830 τὸ

2051 2874 2387 2943 ἐγνωσμένον
2410 2875 2542 2943 τιμὴ
2558 2875 2637 2936 είς
2654 2874 2715 2926 τὸ
2742 2874 2907 2943 μήπω
2928 2871 3265 2942 ἐγνωσμένον
3278 2870 3632 2940 ἀναφέρεται.

2123 2963 2261 3015 XIX.
2292 2965 2399 3015 Kal
2430 2966 2457 3015 6
2489 2964 2670 3033 Σίμων
2709 2962 2842 3033 ἔφη·
2892 2962 3121 3016 Ἤθελον
3162 2962 3387 3023 εἰδέναι,
3433 2961 3632 3032 Πέτρε,

2053 3056 2101 3109 εί
2132 3054 2345 3125 ἀληθῶς
2375 3056 2671 3119 πιστεύεις,
2930 3056 3013 3108 ὅτι
3047 3058 3079 3126 ἡ
3108 3054 3394 3127 ἀνθρώπου
3446 3058 3633 3126 μορφὴ

375 3146 543 3192 ctam.
570 3137 635 3194 Et
662 3138 895 3197 Petrus:
931 3143 1091 3209 Vere,
1125 3160 1158 3201 ο
1180 3146 1394 3214 Simon,
1437 3150 1510 3204 ita
1547 3151 1745 3207 habere
1787 3154 1946 3223 plane

2062 3147 2187 3218 πρὸς
2234 3148 2333 3217 τὴν
2367 3148 2572 3200 ἐκείνου
2634 3149 2844 3218 μορφὴν
2872 3147 3287 3201 διατετύπωται.
3325 3148 3431 3199 Kal
3465 3149 3493 3198 6
3528 3147 3637 3200 Πέ-

371 3232 506 3285 mihi
534 3244 637 3288 est.
672 3236 750 3289 Ae
785 3234 973 3289 Simon
1010 3256 1022 3289 :
1060 3237 1351 3304 Quomodo
1376 3252 1553 3311 potest
1575 3261 1725 3299 mors
1748 3262 1946 3316 corpus

369 3324 602 3389 solvere,
636 3327 877 3381 maximo
932 3328 1113 3399 sigillo
1164 3334 1604 3390 conformatum?
1648 3337 1783 3391 Tum
1847 3338 1948 3393 Pe-

368 3426 525 3473 trus:
562 3417 655 3473 Dei
682 3419 817 3488 justi
851 3431 934 3476 est
964 3422 1160 3478 forma.
1187 3424 1324 3479 Cum
1350 3443 1483 3497 ergo
1508 3431 1732 3497 coeperit
1756 3430 1943 3499 inique

367 3524 548 3577 agere,
593 3511 755 3566 insita
808 3515 1018 3582 species
1050 3515 1206 3585 fugit,
1241 3519 1430 3587 sicque
1456 3536 1659 3590 corpus
1686 3522 1938 3576 dissolvi-

366 3608 478 3660 tur,
511 3609 569 3653 ut
602 3599 779 3656 forma
818 3620 927 3658 non
963 3610 1201 3677 amplius
1225 3621 1504 3679 appareat,
1550 3628 1618 3665 ne
1658 3614 1790 3680 justi
1848 3613 1942 3668 Dei

368 3685 544 3742 forma
577 3690 647 3744 ab
692 3692 898 3761 injusto
930 3712 1160 3766 corpore
1215 3700 1502 3755 habeatur.
1545 3703 1709 3771 Atqui
1742 3704 1943 3759 solutio

366 3796 474 3834 non
508 3782 567 3835 ﬁt
593 3782 736 3837 circa
773 3786 1036 3855 sigillum,
1084 3792 1178 3845 sed
1211 3794 1357 3848 circa
1387 3795 1681 3864 sigillatum
1715 3812 1938 3866 corpus.

366 3867 540 3926 l'orro
572 3873 779 3942 absque
811 3892 898 3940 eo,
926 3879 1019 3945 qui
1052 3880 1319 3951 signavit,
1372 3885 1647 3954 signatum
1699 3902 1805 3941 non
1835 3889 1944 3942 sol—

363 3960 529 4015 \‘itur.
566 3960 658 4018 Sic
684 3964 819 4019 citra
867 3966 1135 4036 judicium
1183 3988 1359 4042 neque
1391 3977 1530 4029 mori
1560 3977 1703 4031 licet.
1736 3978 1801 4033 Et
1857 3978 1943 4033 Si-

368 4068 492 4107 mon
526 4072 539 4107 :
570 4054 703 4121 Quae
731 4072 861 4128 ergo
888 4058 991 4117 fuit
1017 4065 1337 4131 necessitas,
1358 4066 1452 4122 Dei
1475 4069 1703 4124 formam
1735 4074 1941 4126 homini

361 4154 559 4198 eterra
590 4147 824 4202 excitato
867 4152 1122 4208 tradere?
1170 4158 1249 4211 Ae
1298 4156 1537 4213 Petrus:
1582 4160 1807 4215 Factum
1859 4172 1943 4218 est

363 4246 584 4305 propter
611 4238 1008 4297 humanitatem
1035 4244 1128 4298 Dei
1155 4249 1437 4305 creatoris.
1483 4249 1938 4321 Quandoquidem

362 4328 574 4382 ratione
605 4330 927 4388 substantia:
981 4346 1177 4395 cuneta
1234 4341 1616 4405 praastantiora
1677 4353 1804 4396 sunt
1832 4343 1937 4397 hu-

361 4435 521 4475 mana
560 4438 745 4488 carne,
773 4426 942 4480 aether
968 4428 1191 4496 inquam
1213 4470 1227 4495 ,
1262 4434 1363 4495 sol,
1404 4432 1553 4497 luna,
1584 4434 1784 4500 sidera,
1820 4450 1934 4501 aer,

359 4525 519 4579 aqua,
552 4514 715 4583 ignis.
748 4533 859 4571 uno
891 4520 1054 4573 verbo
1084 4531 1277 4576 caetera
1319 4526 1525 4590 omnia,
1577 4542 1699 4594 quae
1724 4528 1792 4580 ad
1831 4529 1934 4581 mi-

359 4603 640 4659 nisterium
690 4607 926 4664 hominis
956 4611 1130 4676 facta,
1164 4614 1291 4669 licet
1342 4616 1650 4671 substantia
1696 4619 1929 4687 potiora,

359 4700 540 4749 tamen
564 4696 812 4753 lubenter
843 4702 1115 4758 sustinent
1148 4705 1197 4759 ei
1228 4707 1323 4775 qui
1347 4708 1653 4763 substantia
1695 4711 1935 4767 deterior

2049 3258 2201 3312 τρος·
2237 3241 2495 3312 Ἀληθῶς,
2539 3236 2583 3293 ὦ
2606 3242 2805 3311 Σίμων,
2836 3240 3011 3304 οὕτως
3043 3241 3185 3311 ἔχειν
3211 3240 3634 3312 πεπληροφόρη-

2052 3351 2167 3403 μαι.
2226 3334 2335 3385 Kal
2391 3334 2419 3385 6
2472 3333 2676 3403 Σίμων’
2740 3333 2863 3396 Πῶς
2912 3333 3141 3395 θάνατος
3171 3332 3233 3385 τὸ
3290 3333 3449 3403 σῶμα
3481 3332 3632 3386 λύειν

2046 3424 2291 3487 δύναται,
2356 3425 2612 3495 σφραγῖδι
2650 3425 2879 3495 μεγίστῃ
2925 3425 3424 3495 διατετυπωμένον;
3464 3428 3575 3480 Kal
3602 3429 3631 3479 6

2048 3516 2252 3587 Πέτρος
2273 3534 2285 3546 ⁸
2336 3517 2469 3569 Θεοῦ
2504 3517 2713 3569 δικαίου
2750 3517 2867 3569 ἐστὶ
2898 3520 3101 3589 μορφή.
3165 3518 3332 3571 Ἐπάν
3392 3515 3488 3571 οῦν
3514 3519 3632 3572 ἀδι-

2048 3612 2161 3661 κεῖν
2186 3608 2435 3680 ἄρξηται,
2461 3612 2493 3680 ἡ
2523 3611 2579 3662 ἐν
2600 3609 2748 3679 αὐτῷ
2785 3609 2895 3662 ἰδέα
2923 3610 2965 3641 ⁸⁷
2998 3611 3218 3679 φεύγει,
3247 3611 3341 3663 καὶ
3397 3610 3543 3664 οὕτω
3566 3610 3632 3665 τὸ

2048 3702 2203 3770 σῶμα
2228 3702 2430 3767 λύεται,
2486 3702 2571 3754 ἵνα
2601 3704 2633 3772 ἡ
2671 3701 2851 3772 μορφὴ
2877 3702 3087 3773 ἀφανὴς
3108 3703 3349 3773 γένηται,
3374 3704 3522 3766 ὅπως
3549 3704 3626 3775 μὴ

2044 3793 2251 3846 δικαίου
2283 3795 2495 3866 μορφὴν
2520 3794 2654 3846 Θεοῦ
2681 3794 2726 3824 ⁸⁸
2762 3794 2945 3847 ἄδικον
2980 3794 3077 3866 ἔχῃ
3109 3796 3285 3865 σῶμα.
3349 3796 3412 3847 Ἦ
3442 3794 3625 3865 μέντοι

2044 3888 2196 3951 λύσις
2227 3889 2288 3941 οὐ
2329 3890 2454 3958 περὶ
2480 3888 2578 3958 τὴν
2616 3888 2883 3958 σφραγῖδα
2923 3887 3151 3955 γίνεται,
3194 3886 3329 3939 ἀλλά
3375 3888 3505 3958 περὶ
3564 3887 3626 3941 τὸ

2047 3978 2379 4048 σφραγισθὲν
2426 3978 2601 4047 σῶμα.
2664 3978 2824 4055 "Also
2869 3976 2924 4028 δὲ
2966 3976 3061 4028 τοῦ
3115 3976 3513 4047 σφραγίσαντος
3564 3976 3627 4029 τὸ

2047 4070 2378 4140 σφραγισΟὲν
2405 4070 2465 4121 οὐ
2493 4069 2694 4121 λύεται.
2731 4069 2918 4130 Οῦτως
2963 4069 3091 4149 ἄνευ
3143 4068 3373 4139 κρίσεως
3410 4069 3529 4121 οὐδὲ
3561 4070 3625 4123 τὸ

2043 4160 2334 4213 ἀποθανεῖν
2384 4162 2609 4225 ἔξεστιν.
2654 4163 2760 4214 Kal
2806 4163 2834 4213 6
2870 4161 3079 4230 Σίμων·
3117 4160 3211 4223 Τίς
3268 4157 3362 4213 οὖν
3406 4162 3622 4234 ἀνάγκη

2040 4249 2130 4324 ἦν,
2188 4256 2287 4325 τὴν
2335 4255 2575 4307 τοιούτου
2637 4256 2851 4325 μορφὴν
2900 4255 2977 4325 τῷ
3028 4254 3136 4307 ἀπὸ
3184 4255 3285 4325 γῆς
3341 4256 3622 4325 ἐγερθέντι

2040 4344 2221 4398 δοῦναι
2268 4346 2576 4418 ἀνθρώπῳ;
2631 4348 2741 4400 Kal
2792 4350 2819 4398 6
2859 4348 3091 4417 Πέτρος·
3144 4346 3241 4398 Διὰ
3289 4347 3387 4416 τὴν
3435 4346 3528 4399 τοῦ
3576 4348 3621 4379 ⁸⁸

1993 4490 2011 4532 ι
2043 4440 2401 4511 πεποιηκότος
2433 4439 2566 4492 Θεοῦ
2602 4439 3008 4510 φιλανθρωπίαν
3068 4438 3309 4506 γέγονεν’
3357 4438 3479 4490 ἐπεὶ
3512 4438 3621 4510 γάρ

2038 4531 2116 4601 τῷ
2141 4535 2258 4584 κατ’
2300 4532 2486 4585 οὐσίαν
2526 4532 2667 4600 λόγῳ
2696 4533 2872 4585 πάντα
2920 4531 3200 4601 κρείττονα
3242 4530 3496 4599 τυγχάνει
3519 4530 3621 4601 τῆς

2041 4592 2327 4694 ἀνθρώπου
2358 4625 2578 4696 σαρκὸς,
2599 4592 2749 4692 λέγω
2772 4624 2834 4695 δὴ
2866 4624 2911 4655 το
3081 4622 3293 4693 αἰθέρα,
3444 4592 3617 4692 ἥλιον,

2041 4716 2139 4785 τὴν
2175 4715 2424 4787 σελήνην,
2460 4718 2583 4779 τοὺς
2608 4716 2862 4787 ἀστέρας,
2910 4716 3001 4769 τὸν
3022 4715 3179 4787 ἀέρα,
3227 4716 3289 4768 τὸ
3336 4715 3503 4787 ὕδωρ,
3556 4716 3619 4769 τὸ

1663 4824 1896 4879 ΥΑΠΙᾹΞ
1940 4827 2338 4883 LECTIONES.

357 4970 399 5001 ,ί
429 4902 985 5001 ’ξλγξζξίῖλθξὶσομξξνφχ
1009 4909 1068 4963 C-
1093 4981 1105 4997 ,
1152 4911 1196 5001 ξ’
1221 4912 1331 5001 θῇοἱ
1355 4912 1561 5001 athuc.
1598 4913 1661 4969 Ο.
1697 4916 1833 5001 Tum
1873 4936 1962 5001 μοι
1993 4921 2066 5001 AS,
2194 4938 2352 5001 ,‘pou
2387 4920 2493 5001 (3.“
2515 4920 2582 5001 ⁸οή
2598 4920 2824 5001 ἔτιοιη.
2868 4921 2937 4982 Ο,
2974 4924 3035 4977 τό
3074 4941 3128 5001 p.
3160 4926 3237 4996 τῷ
3274 4927 3375 4997 legi
3398 4928 3521 5001 _vult
3556 4927 3614 4983 S.

449 4972 509 5024 τὸ
544 4972 669 5027 ἴδιον
690 4972 782 5069 Ε..
808 4972 819 4977 ’
842 4978 1018 5069 “illi;
1047 4981 1208 5069 αύξδς
1238 4984 1450 5069 ἀπείρῳ
1470 4981 1633 5069 εἶναι,
1688 4972 1775 5039 τὸ⁷
1800 4972 2079 5069 καλεῖσθαι
2132 4972 2431 5069 ἀπέραντος
2456 4972 3354 5069 (ἶ.’βαιῇἰριιιειριιιἈοοιιῖρριιιΓθιιῗ
3384 4999 3617 5069 ἀπείρου

358 5047 577 5125 ((ῖιιξηρεζ
607 5047 815 5125 p.144,
856 5050 992 5125 ξϐὓ)
1036 5066 1064 5103 a
1105 5047 1451 5122 Schweglero
1506 5047 1825 5125 vilipensaln
1879 5061 2170 5114 conﬁrmat
2211 5047 2333 5114 cod.
2380 5047 2442 5114 Ο.

2524 5063 2567 5093 ⁸³
2615 5063 2789 5125 οὕτως
2834 5063 2893 5122 S,
2936 5063 2980 5118 Ο
3010 5106 3025 5129 ,
3084 5066 3253 5128 ὅντως
3310 5068 3369 5121 C.
3449 5069 3494 5097 “
3521 5063 3616 5122 καί

679 5115 732 5206 ’ξ
757 5118 818 5169 τὸ
832 5118 894 5206 ‘9
942 5111 1416 5206 ct'exnc«)ltjet'l_(i
1448 5126 1547 5206 ,_in
1575 5111 1682 5206 cbj.
1721 5111 2178 5206 ῑρςιιιςτεέηὸζτιν.
2218 5111 2461 5206 *δέ-*Πέάί
2497 5111 2814 5206 apes—adsit;
2836 5111 2972 5206 *καί
3078 5111 3491 5206 Ὴτξροσάψας

356 5182 655 5261 προσάψειις
692 5184 763 5261 D_._
832 5189 875 5219 "
910 5190 1055 5241 είδέα
1088 5191 1129 5245 C
1160 5234 1172 5255 ,
1207 5182 1297 5261 qui
1331 5182 1522 5249 deinde
1546 5182 1735 5259 οὕτως.

1848 5200 1892 5231 ⁸⁸
1950 5202 2086 5274 Θεοῦ
2125 5204 2338 5274 μορφήν
2374 5202 2447 5274 (3,Δ
2503 5200 2695 5274 erm
2724 5203 2811 5255 διὰ
2855 5205 2951 5274 τὴν
2984 5206 3077 5257 τοῦ
3141 5208 3192 5260 in

3318 5221 3618 5262 οςυιιιϊυιιι

358 5250 472 5349 Ilaec
503 5255 801 5349 verha‘alia
835 5273 996 5349 manu
1020 5250 1301 5349 gspuncla
1325 5284 1370 5349 ’τ’
1400 5266 1557 5349 τοξτο
1600 5250 1817 5349 διάίτῂν
1837 5271 2090 5349 [τοιούτου
2380 5271 2458 5343 τῷ
2491 5272 2599 5324 ἀπὸ
2632 5274 2734 5343 γῆς
2782 5250 3058 5345 ἐγερθέντι
3091 5276 3274 5331 δοῦναι
3321 5276 3612 5349 ἀνθρώπῳ.

356 5317 496 5374 Tum
544 5327 809 5392 repetitur
837 5330 930 5382 καὶ
960 5331 988 5381 6
1019 5317 1245 5405 Πέτρος.
1279 5317 1300 5318 η
1325 5337 1371 5367 ⁷ο
1427 5317 1493 5393 δή
1526 5317 1563 5390 S
1594 5317 1700 5397 ,Ἡδὲ

1668 5444 1755 5497 VA
1767 5446 1923 5502 RIOlI
1936 5449 2030 5503 ΠΜ
2072 5452 2276 5508 ΝΟΤᾸΕ
2288 5494 2299 5507 .

430 5523 563 5595 (50⁸)
606 5528 969 5605 Ἀπόῥρητον
1010 5535 1213 5605 ὄνομα.
1250 5534 1365 5589 Hoc
1386 5545 1470 5590 est
1504 5554 1699 5589 nomen
1748 5538 1907 5593 Trtra

358 5606 716 5674 grammatrni.
753 5602 965 5666 lelwva,
1018 5602 1162 5674 quod
1225 5607 1429 5661 Grmcis
1484 5606 1735 5661 l’atribus
1767 5612 1930 5664 etiam

357 5661 557 5746 dicitur
587 5666 840 5746 ἄρρητον,
860 5661 1157 5745 ἄφραστον,
1188 5677 1243 5729 S.
1268 5676 1429 5746 Greg.
1449 5677 1578 5731 ΝΜ.
1612 5695 1739 5730 vero
1763 5681 1931 5732 multo

358 5730 587 5797 leiirius,
622 5730 743 5793 οὒτε
773 5748 843 5812 νῷ
880 5730 1241 5812 καταληπτὸν,
1286 5730 1405 5800 οῦτξ
1453 5748 1593 5817 λόγῳ
1636 5749 1814 5815 ῥητόν.
1859 5750 1933 5806 De

2041 5544 2353 5623 hujnsmodi
2519 5549 2737 5623 nomine
2760 5549 3339 5623 diﬁ‘usedisseruimus
3362 5554 3413 5606 in
3447 5570 3611 5623 opere

2038 5626 2228 5696 nostro
2266 5618 2335 5669 De
2361 5620 2679 5696 fhnrmonie
2708 5631 2853 5696 cntra
2875 5620 3093 5689 l‘l'fgliae
3118 5634 3164 5677 et
3190 5623 3242 5677 la
3279 5618 3611 5696 Synagoyue,

2040 5694 2075 5740 t.
2110 5685 2171 5749 II,
2206 5704 2326 5757 pug.
2360 5690 2461 5743 513
2496 5698 2547 5744 et
2573 5707 2724 5760 seqq.
2762 5690 2958 5745 Dmcu.
