3860 6210
124 234 133 241 ”
165 235 264 291 38!
1262 238 1723 295 CLEMENTINA.
1751 239 2117 296 —HOMILIA
2158 240 2291 297 XVI.
3314 244 3420 301 382

169 354 301 428 πῦρ,
332 356 414 410 ἐνὶ
439 356 592 429 λόγῳ
620 359 709 412 καὶ
732 356 801 411 τά
822 356 983 411 λοιπά
1017 357 1211 421 πάντα,
1240 355 1277 410 ἃ
1300 374 1419 411 τινα
1449 358 1527 419 εἰς
1545 357 1735 427 iampe-

1855 363 1939 410 est
1967 357 2193 423 servire,
2237 365 2458 427 propter
2514 357 2766 415 Numinis
2820 359 3074 417 formam.
3108 362 3242 419 Nam
3280 365 3422 420 sicut

170 448 288 500 σὶαν
315 448 617 520 ἀνθρώπου
643 450 905 521 γενόμενα
937 450 1029 502 καὶ
1083 453 1200 502 κατ’
1232 448 1417 502 οὐσίαν
1465 448 1735 519 κρείττονα

1854 449 1948 518 qui
1972 449 2172 504 luteam
2198 449 2539 519 imperatoris
2569 459 2805 506 statuam
2836 453 3126 521 honorant,
3153 456 3420 512 honorem

166 538 293 592 ὅντα
316 539 495 610 ἡδέως
518 541 785 611 ὑπομένει
826 540 1092 594 δουλεύειν
1135 539 1212 612 τῷ
1253 542 1372 593 κατ’
1418 539 1603 592 οὐσίαν
1639 539 1735 609 χεί-

1856 541 2087 595 relatum
2120 541 2323 595 habent
2353 540 2405 595 in
2440 542 2845 611 imperatorem,
2888 546 3047 615 cujus
3078 547 3251 601 lutum
3282 547 3423 619 ﬁgu-

168 649 303 701 ρονι,
350 632 441 685 διά
488 634 596 704 τὴν
622 633 715 686 τοῦ
752 628 1069 707 Κρείττονος
1121 634 1351 705 μορφήν.
1401 632 1490 696 Ὠς
1543 631 1651 703 γάρ
1698 633 1735 684 oi

1855 652 1974 691 ram
2004 644 2376 706 reprazsentat,
2405 638 2484 691 sic
2518 637 2771 693 universa
2814 649 3063 695 creatura
3100 642 3306 696 homini
3351 642 3421 698 de

166 723 383 794 πήλινον
409 725 457 757 ⁷⁸
487 725 790 797 ἀνδριάντα
841 726 1105 795 βασιλέως
1146 725 1414 795 τιμῶντες
1462 726 1560 796 τὴν
1584 727 1735 799 τιμὴι

1859 739 2001 785 terra
2028 738 2147 784 orto
2180 739 2295 785 taeta
2324 730 2567 793 inservit,
2593 731 2657 783 ad
2690 729 2783 784 Dei
2810 732 3073 787 honorem
3094 735 3413 804 respiciens.

166 814 586 887 ἀναφερομένην
615 817 829 886 ἔχουσιν
854 818 933 879 εἰς
956 818 1183 883 ἐκεῖνον,
1206 812 1378 888 οὗπερ
1401 817 1430 868 6
1455 818 1625 888 πηλὸς
1648 820 1746 890 τὴν
1782 824 1992 894 μορφὴν
2015 823 2271 893 τυγχάνει
2302 822 2439 892 ἔχων
2462 865 2477 889 ,
2525 822 2667 876 οὕτω
2722 826 2767 856 ⁷⁸
2812 825 2906 877 καὶ
2954 826 2986 895 ἠ
3042 827 3187 879 πᾶσα
3241 825 3418 891 κτίσις

164 905 237 976 τῷ
293 906 402 957 ἀπὸ
451 907 562 977 γῆς
596 908 871 979 γενομένῳ
915 906 1187 979 ἀνθρώπῳ
1227 908 1490 980 χαίρουσα
1521 910 1778 980 δουλεύει,
1815 916 1897 979 εἰς
1921 916 2021 986 τὴν
2046 916 2254 970 ἐκείνου
2283 915 2542 987 ἀφορῶσα
2569 918 2752 987 τιμήν.

230 1000 386 1070 331
431 1000 559 1055 ΧΧ.
608 1001 705 1055 Ἰδὲ
762 1002 828 1069 ⁷³,
870 1002 969 1072 οἴῳ
1012 1001 1151 1072 Θεῷ,
1178 1002 1379 1073 Σίμων,
1436 1005 1735 1075 ἀχαριστεῖη

1919 1008 2038 1064 ΧΧ.
2089 1010 2243 1075 Vide,
2277 1010 2489 1076 Simon,
2529 1011 2675 1079 quali
2715 1009 2825 1063 Deo
2884 1018 2945 1063 ut
2991 1009 3164 1064 simus
3215 1009 3417 1081 ingrati

160 1096 307 1162 ἡμᾶς
349 1097 542 1147 πεῖσαι
581 1094 785 1159 θέλεις·
833 1096 927 1148 καὶ
951 1094 1207 1165 βαστάζει
1248 1112 1307 1147 σε
1340 1097 1373 1166 ἡ
1402 1097 1492 1167 γῆ,
1524 1096 1652 1162 ἴσως
1690 1098 1735 1151 δὲ

1848 1102 2180 1170 persuadere
2213 1103 2369 1171 cupis
2397 1120 2411 1156 :
2437 1111 2491 1157 et
2513 1112 2653 1156 terra
2684 1110 2863 1172 portat
2889 1108 2961 1165 te,
2988 1101 3241 1156 fortassis
3273 1102 3416 1155 scire

170 1188 289 1240 ἰδεῖν
314 1187 362 1218 ⁷⁸
388 1187 720 1260 βουλομένη,
769 1189 852 1251 τίς
879 1206 961 1241 σοι
984 1188 1053 1241 τά
1099 1189 1258 1260 ὃμοια
1302 1194 1519 1260 φρονεῖν
1542 1190 1735 1263 τολμή-

1850 1194 2059 1260 volens,
2087 1195 2211 1263 quis
2266 1194 2465 1248 similia
2496 1209 2561 1249 ac
2608 1202 2664 1247 tu
2719 1193 2919 1248 sentire
2952 1193 3166 1247 audeat.
3198 1192 3415 1247 Primus

168 1295 244 1331 σοι
269 1278 334 1330 ⁷⁸.
364 1278 601 1350 Πρῶτος
644 1280 752 1351 γὰρ
781 1279 941 1343 αὐτὸς
983 1279 1301 1351 ἐτόλμησας,
1327 1281 1355 1334 ὃ
1383 1282 1566 1352 μηδεὶς
1598 1283 1735 1336 ἐτόλ-

1851 1286 1995 1341 enim
2034 1301 2203 1339 ausus
2231 1301 2311 1349 es,
2345 1285 2489 1355 quod
2544 1285 2728 1339 nullus
2778 1285 2830 1337 in
2865 1285 3108 1338 animum
3158 1284 3410 1338 induxit:

170 1388 351 1443 μησεν³
405 1371 631 1444 πρῶτος
684 1371 968 1441 ἐφθέγξω,
1024 1371 1059 1426 ἀ
1114 1372 1346 1444 πρώτως
1409 1375 1735 1446 ἠκούσαμεν.

1850 1377 2061 1445 primus
2111 1376 2326 1431 locutus
2380 1392 2439 1430 es
2486 1391 2570 1442 ea,
2624 1390 2744 1444 quae
2795 1374 3031 1444 primum
3081 1376 3407 1429 audivimus.

163 1463 372 1533 Πρῶτοι
422 1464 520 1516 καὶ
559 1464 712 1535 μόνοι
739 1466 900 1535 ἡμεῖς
941 1465 1032 1516 ἐπὶ¹
1054 1466 1120 1535 τῇ
1161 1465 1207 1496 ⁷⁸
1253 1465 1476 1536 τοιαύτῃ
1502 1483 1594 1518 σου
1617 1468 1735 1520 ἀσε·

1848 1467 2017 1523 Primi
2053 1485 2115 1523 ac
2145 1470 2245 1523 soli
2300 1484 2399 1523 nos
2444 1485 2607 1537 super
2661 1477 2809 1522 tanta
2858 1477 2948 1523 tua
2990 1469 3266 1537 impietate
3308 1470 3411 1522 im-

162 1554 276 1627 θείᾳ
302 1556 401 1626 τὴν
426 1557 663 1627 ἄπειρον
707 1556 799 1609 τοῦ
848 1556 981 1609 Θεοῦ
1025 1557 1402 1628 μακροθυμίαν
1454 1560 1735 1630 ἱστορήσα-

1846 1577 2091 1616 mensam
2117 1544 2211 1616 Dei
2238 1562 2554 1631 patientiam
2610 1562 2984 1631 cognovimus,
3032 1576 3134 1616 nec
3182 1560 3411 1615 alterius

166 1664 281 1715 μεν,
300 1649 393 1700 καὶ
425 1649 532 1701 οὐκ
562 1649 725 1731 ἄλλου
741 1648 902 1711 τινος,
931 1649 963 1720 ἢ
988 1649 1080 1701 τοῦ
1101 1650 1383 1712 κτίσαντος
1402 1650 1492 1703 τὸν
1517 1651 1735 1721 κόσμον,

1845 1654 2172 1723 cujuspiam,
2223 1669 2386 1723 quam
2438 1654 2584 1707 illius
2628 1656 2723 1722 qui
2768 1654 3029 1707 mundum
3080 1654 3317 1714 creavit,
3354 1654 3409 1706 iu

166 1714 240 1800 εἰς
264 1738 320 1790 ὃν
382 1738 607 1792 ἀσεϐεῖν
626 1714 981 1811 ἶτόλμησας.
1042 1741 1152 1793 Καὶ
1205 1741 1457 1812 χάσματα
1508 1714 1741 1813 γῆς-οὑκ

166 1832 427 1903 ἐγενήθη,
488 1833 588 1885 καὶ
647 1832 759 1903 πῦρ
819 1834 914 1884 ἀπ’
958 1833 1187 1904 ούρανοῦ
1237 1836 1299 1886 οὐ
1348 1834 1738 1905 κατεπέμφθη,

167 1926 255 1977 καὶ
279 1926 356 1989 εἰς
380 1925 722 1997 ἐμπρησμὸν
766 1924 974 1993 ἀνδρῶν
998 1927 1099 1977 οὐκ
1131 1925 1442 1997 ἐπεξῆλθεν,
1470 1928 1561 1980 καὶ
1588 1926 1741 1989 ὑετὸς

164 2017 258 2068 οὐκ
283 2016 559 2087 ἐπεσχέθη
609 2018 689 2079 ⁷⁷,
726 2016 820 2069 καὶ
872 2015 1057 2087 θηρῶν
1105 2016 1306 2087 πλῆθος
1361 2018 1470 2071 ἀπὸ
1520 2017 1739 2088 δρυμῶν

167 2107 257 2160 οὒκ
287 2107 572 2179 ἐπέμφθη,
608 2109 703 2161 καὶ
736 2110 821 2159 ἐπ’
859 2108 1057 2171 αὐτοὺς
1109 2110 1258 2179 ἡμᾶς
1317 2110 1407 2163 διά
1437 2112 1532 2164 ἕνα
1559 2112 1739 2182 ἀμαρ-

166 2200 383 2253 τάνοντα
433 2197 512 2262 ὼς
567 2201 663 2253 ἐπὶ¹
711 2199 957 2270 μοιχείας
1003 2202 1400 2272 πνευματικῆς,
1443 2204 1542 2275 τῆς
1601 2203 1740 2257 κατά

168 2292 335 2365 σάρκα
360 2294 612 2365 χείρονος
650 2293 697 2324 ⁷⁸
722 2293 1093 2365 ὑπαρχούσης,
1117 2297 1150 2366 ἡ
1177 2295 1312 2349 Θεοῦ
1339 2297 1476 2367 ὀργὴ
1502 2296 1739 2368 ὀλέθριος

164 2385 254 2437 οὐκ
283 2385 509 2457 ῆρξατο.
557 2385 634 2437 Ού
679 2385 787 2456 γάρ
818 2386 965 2438 ἐστιν
1011 2386 1039 2438 6
1073 2387 1121 2421 ⁷⁸
1152 2386 1273 2439 τότε
1326 2387 1625 2453 ἐπεξελθὼν
1670 2387 1740 2440 τά

170 2477 533 2548 ἁμαρτήματα
578 2478 806 2549 ούρανοῦ
833 2478 928 2531 καὶ
956 2479 1057 2549 γῆς
1084 2478 1311 2550 κτίστης
1351 2480 1513 2546 Θεός;
1583 2480 1738 2534 Ἐπεὶ

167 2570 256 2620 καὶ
314 2569 408 2622 νῦν
441 2568 514 2622 τά
569 2570 803 2640 μέγιστα
854 2569 1339 2641 βλασφημούμενος
1389 2571 1458 2624 τά
1509 2572 1737 2642 μέγιστα

172 2659 515 2732 ἐπεξήρχετο.
561 2662 721 2715 Ἀλλά
764 2661 1070 2715 τούναντίον
1099 2662 1461 2734 μακροθυμεῖ,
1509 2665 1590 2726 εἰς
1643 2681 1739 2735 με-

170 2752 373 2805 τάνοιαν
419 2754 600 2819 καλεῖ,
652 2753 1006 2806 συντελοῦντα
1066 2752 1193 2823 βέλη
1246 2754 1383 2823 πρὸς
1431 2754 1736 2808 συντέλειαν

172 2842 267 2895 τῶν
302 2846 516 2900 ἀσεὸῶν
560 2848 620 2899 ἐν
650 2848 763 2909 τοῖς
795 2845 1089 2917 θησαυροῖς
1136 2846 1472 2916 ἀποκείμενα
1516 2846 1672 2916 έχων,
1701 2847 1737 2901 ἆ

168 2952 281 2988 τινα
308 2938 582 3009 ἐπαφήσει
636 2939 712 3001 ὡς
755 2938 870 3004 ζῶα
933 2938 1179 3012 ἔμψυχα,
1235 2939 1364 2992 ὅταν
1413 2938 1459 2970 ⁸⁰
1500 2940 1735 2992 ἀνταπο-

1842 1759 2003 1813 quem
2037 1743 2344 1798 sustinuisti
2372 1758 2493 1798 esse
2519 1744 2739 1812 impius.
2762 1743 2827 1797 Et
2849 1753 3008 1799 terrae
3035 1743 3213 1799 hiatus
3236 1741 3411 1797 factus

1841 1853 1950 1890 non
1983 1848 2087 1899 est,
2120 1847 2283 1905 atque
2309 1835 2448 1906 ignis
2472 1850 2501 1889 e
2530 1836 2670 1889 coelo
2703 1850 2810 1889 non
2843 1851 2928 1890 εει
2955 1835 3192 1890 emissus
3222 1849 3323 1888 nec
3350 1836 3409 1887 in

1841 1929 2123 1983 hominum
2171 1928 2651 1998 conﬂagrationem
2708 1928 2860 1993 exiit,
2891 1936 2945 1981 et
2967 1927 3141 1982 imber
3168 1942 3276 1981 non
3326 1934 3409 1980 est

1841 2035 2162 2089 suspensus,
2189 2034 2252 2074 ac
2283 2020 2575 2073 multitudo
2604 2018 2840 2073 ferarum
2864 2035 2972 2073 non
2999 2028 3083 2074 est
3115 2034 3145 2073 e
3180 2018 3408 2074 saltibus

1841 2114 2109 2178 immissa,
2149 2121 2312 2182 atque
2343 2113 2397 2166 in
2429 2128 2529 2167 nos
2576 2114 2722 2181 ipsos
2769 2121 2994 2181 prepter
3016 2128 3183 2165 unum
3215 2126 3408 2180 pecca—

1842 2214 2033 2269 torem,
2087 2206 2157 2259 ob
2190 2205 2471 2274 spirituale
2504 2205 2852 2269 adulterium,
2890 2204 3035 2273 quod
3070 2204 3274 2257 carnali
3315 2218 3410 2273 pe-

1835 2294 1925 2364 jus
1954 2302 2058 2359 est,
2098 2310 2207 2347 non
2244 2310 2509 2349 conversa
2562 2304 2647 2348 est
2701 2294 3008 2362 perniciosa
3041 2292 3133 2348 Dei
3178 2295 3276 2347 ira.
3324 2294 3408 2346 An

1838 2387 1982 2440 enim
2023 2400 2130 2440 non
2163 2394 2265 2449 est,
2299 2385 2392 2453 qui
2438 2394 2568 2438 tunc
2627 2383 2939 2437 vindicabat
2986 2392 3227 2453 peccata,
3283 2384 3407 2437 cmli

1839 2492 1902 2531 ac
1926 2485 2085 2531 terra:
2110 2476 2362 2530 conditor
2385 2476 2574 2530 Deus?
2624 2476 2866 2543 alioquin
2904 2484 2957 2529 et
2984 2490 3128 2529 nunc
3154 2475 3409 2530 maximis

1838 2570 2109 2639 appetitus
2139 2569 2403 2623 conviciis
2450 2568 2687 2622 maxime
2719 2568 3092 2622 ulcisceretur.
3142 2566 3246 2620 Sed
3275 2582 3408 2621 con-

1838 2672 1941 2728 tra,
1966 2662 2175 2730 patiens
2196 2670 2297 2723 est,
2324 2660 2389 2712 ad
2422 2660 2795 2729 paenitentiam
2824 2667 3002 2725 vocat,
3029 2659 3123 2728 qui
3147 2673 3409 2713 consum-

1837 2753 2043 2808 mantia
2076 2753 2180 2806 tela
2213 2752 2279 2805 ad
2312 2752 2601 2821 impiorum
2630 2750 3136 2806 exterminationem
3160 2750 3323 2803 habet
3351 2749 3406 2802 in

1837 2847 2113 2901 thesauris
2140 2845 2395 2915 reposita,
2414 2861 2556 2915 quat,
2579 2852 2834 2914 tanquam
2860 2843 3098 2896 viventia
3124 2841 3405 2908 animalia,

1838 2950 1967 2995 tunc
1999 2938 2269 3000 demittet,
2333 2953 2457 2991 cum
2505 2935 2821 3005 praesederit
2872 2935 2938 2988 ad
2993 2933 3405 2987 retribuendum

172 3025 334 3082 δοῦναι
376 3031 556 3101 κρίσιν
585 3033 698 3094 τοῖς
727 3043 751 3071 α
786 3029 948 3083 αὑτοῦ
984 3029 1345 3101 προκαθεσθῇ.
1382 3028 1474 3101 Δμιὺ
1498 3026 1735 3099 φοϐηθῶ-

1841 3033 2089 3087 lmstibus
2122 3033 2237 3086 suis
2260 3031 2547 3100 judicium.
2582 3030 2847 3095 Quocirca
2886 3027 3405 3095 timeamusjustum

179 3135 263 3186 μεν
286 3099 674 3185 Θεὸν-δίκαιον,
707 3117 767 3177 οῦ
812 3123 911 3193 τὴν
973 3099 1184 3194 μορφὴν
1228 3099 1363 3194 προς
1409 3099 1575 3194 τιμὴν
1606 3122 1668 3175 τὸ
1690 3123 1734 3154 ⁸⁸

174 3208 440 3279 ἀνθρώπου
472 3214 734 3283 βαστάζει
764 3214 941 3285 σῶμα.

237 3301 386 3375 332
431 3305 579 3362 XXI.
632 3308 818 3361 Ταῦτα
845 3306 938 3359 τοῦ
976 3307 1185 3378 Πέτρου
1223 3307 1467 3370 εἰπόντος
1494 3309 1522 3360 6
1554 3308 1735 3378 Σίμων

174 3391 517 3467 ἀπεκρίνατο·
596 3399 815 3472 Ἐπειδὴ
866 3400 976 3471 ὁρῶ
1034 3417 1093 3453 σε
1130 3398 1309 3468 σοφῶς
1356 3399 1734 3470 αἰνισσόμενον

180 3486 250 3539 6::
276 3488 340 3542 τὰ
364 3492 728 3563 γεγραμμένα
756 3490 899 3545 κατὰ
944 3490 1038 3544 τοῦ
1062 3490 1404 3562 Δημιουργοῦ
1432 3492 1490 3542 ἐν
1542 3493 1661 3551 ταῖς
1688 3491 1734 3522 ⁸³

185 3578 363 3646 βίϐλοις
391 3585 488 3637 οὐκ
535 3583 710 3655 ἀληθῆ
758 3584 1034 3653 τυγχάνει,
1080 3582 1270 3654 αῦριον
1317 3582 1425 3634 ἀπὸ
1478 3580 1587 3633 τῶν
1639 3582 1733 3635 τοῦ

182 3670 479 3729 διδασκάλου
533 3693 631 3729 σου
679 3675 852 3744 λόγων
876 3673 1035 3739 δείξω
1073 3674 1167 3727 τὸν
1205 3674 1253 3706 ⁸³
1304 3672 1632 3746 δημιουργὸν
1659 3674 1732 3744 μὴ

182 3763 428 3820 ἀνώτατον
464 3769 694 3838 λέγοντα
718 3762 857 3821 εἶναι
879 3765 928 3798 ⁸⁸
971 3766 1121 3819 Θεόν.
1149 3766 1259 3818 Καὶ
1286 3766 1315 3817 6
1337 3766 1520 3834 Σίμων
1566 3764 1736 3817 ταῦτα

187 3857 331 3913 εἰπὼν
359 3861 597 3933 ἐξῆλθεν.
647 3861 705 3913 Ὁ
731 3859 788 3913 δὲ
813 3858 1017 3930 Πέτρος
1042 3860 1157 3921 τοῖς
1181 3855 1525 3927 παρεστῶσιν
1558 3854 1735 3925 ὄχλοις

186 3948 301 4021 ἔφη·
347 3952 404 4006 '0
430 3956 613 4026 Σίμων
645 3951 747 4005 κᾶν
773 3950 938 4021 μηδὲν
984 3950 1170 4020 ἕτερον
1204 3947 1331 4019 περὶ
1360 3945 1495 3999 Θεοῦ
1534 3946 1733 4016 βλάψαι

184 4042 311 4111 ἡμᾶς
339 4045 559 4117 δυνηθῇ,
590 4044 704 4098 ἀλλ’
737 4040 831 4096 οῦν
857 4059 923 4111 γε
956 4041 1003 4073 ⁸⁸
1035 4040 1313 4111 ἐμποδίζει
1342 4040 1471 4110 ὑμῖν
1515 4038 1734 4092 ἀκούειν

183 4134 294 4198 τοὺς
320 4138 410 4208 τὴν
433 4138 611 4210 ψυχὴν
634 4135 964 4207 δυναμένους
997 4132 1280 4204 καθαίρειν
1310 4130 1523 4200 λόγους.
1549 4130 1735 4183 Ταῦτα

186 4224 266 4277 τοῦ
288 4228 483 4301 Πέτρου
548 4229 793 4289 εἰπόντος
843 4226 890 4258 ⁸⁸
940 4225 1107 4287 πολὺς
1143 4222 1469 4293 ψιθυρισμὸς
1519 4221 1734 4290 ἐγένετο

188 4314 279 4368 τῶν
327 4320 489 4390 ὄχλων
545 4319 808 4387 λεγόντων
829 4335 843 4348 ·
895 4318 990 4380 Τίς
1044 4316 1099 4368 δὲ
1163 4315 1376 4385 ἀνάγκη
1420 4316 1515 4385 ἐᾷν
1565 4314 1728 4367 αὐτὸν

1839 3122 2033 3190 Deum,
2072 3123 2228 3192 cujus
2259 3121 2489 3176 formam
2524 3121 2578 3174 in
2610 3121 2874 3174 honorem
2917 3116 3158 3171 hominis
3203 3130 3408 3184 corpus

1835 3214 1990 3285 gerit.

1908 3306 2052 3360 XXI.
2106 3306 2237 3372 Quae
2292 3313 2585 3376 postquam
2631 3303 2827 3358 Petrus
2876 3302 3053 3365 dixit,
3122 3299 3406 3369 respondit

1838 3398 2028 3453 Simon
2062 3416 2076 3452 :
2121 3398 2569 3467 Quandoquidem
2594 3396 2752 3448 video
2780 3404 2833 3447 te
2858 3393 3050 3448 callide
3072 3391 3403 3461 significare,

1835 3504 1898 3543 ea
1923 3505 2043 3558 quae
2073 3488 2127 3541 in
2170 3488 2328 3542 libris
2361 3488 2623 3541 adversus
2638 3487 2952 3542 Creatorem
2999 3483 3201 3551 scripta
3252 3488 3403 3546 sunt,

1836 3596 1946 3634 non
1971 3594 2092 3634 esse
2116 3594 2264 3643 vera,
2312 3578 2554 3631 crastino
2589 3576 2677 3629 die
2723 3589 2787 3627 ex
2822 3572 3066 3643 Magistri
3096 3574 3173 3625 tui
3218 3571 3404 3627 verbis

1835 3672 2140 3737 ostendam,
2159 3670 2226 3724 ab
2243 3684 2309 3725 eo
2331 3669 2460 3735 dici,
2484 3676 2787 3723 creatorem
2815 3680 2923 3719 non
2942 3680 3064 3719 esse
3087 3678 3403 3733 supremum

1836 3765 2028 3819 Deum.
2053 3762 2120 3818 Et
2143 3762 2334 3818 Simon
2368 3763 2455 3817 his
2487 3762 2648 3816 dictis
2691 3761 2849 3815 abiit.
2882 3759 2951 3813 At
2978 3758 3175 3814 Petrus
3205 3759 3405 3814 astanti

1834 3855 1976 3926 plebi
2002 3854 2078 3907 ait
2103 3873 2116 3909 :
2144 3852 2355 3919 Simon,
2386 3851 2637 3921 quamvis
2661 3852 2714 3904 in
2742 3851 2892 3905 nullo
2916 3850 3025 3904 alio
3059 3850 3204 3904 circa
3231 3848 3404 3904 Deum

1836 3961 1937 4001 nos
1979 3946 2156 4015 possit
2204 3945 2435 4010 lzedere,
2511 3953 2566 3998 at
2611 3951 2759 3998 certe
2807 3943 2962 3997 vobis
3017 3942 3406 4011 impedimento

1834 4043 1936 4098 est,
1967 4049 2036 4088 ne
2084 4033 2319 4087 audiatis
2366 4047 2649 4087 sermones
2672 4031 2765 4100 qui
2818 4032 3003 4086 valent
3027 4046 3259 4100 purgare
3285 4030 3407 4084 ani-

1834 4142 2001 4180 mam.
2030 4124 2155 4180 Haec
2179 4124 2340 4179 Petro
2389 4122 2698 4194 proferente
2726 4125 2917 4193 ingens
2944 4132 3168 4177 exortus
3198 4131 3282 4176 est
3307 4138 3405 4176 su-

1836 4233 2027 4273 surrus
2052 4216 2443 4281 multitudinis,
2471 4216 2700 4269 dicentis
2729 4234 2740 4267 :
2769 4215 2901 4280 Quae
2925 4228 3052 4269 vero
3080 4213 3404 4278 necessitas,

1836 4308 2047 4363 sinendi
2081 4323 2205 4361 eum
2236 4307 2344 4361 huc
2386 4306 2777 4376 ingredientem
2826 4304 3189 4373 blasphemias
3212 4310 3405 4357 contra

188 4373 392 4464 ἐνταῦθά
422 4373 659 4466 εἰσιόντα
685 4409 783 4473 τὰς
815 4373 1080 4462 κατὰ-τοῦ
1106 4406 1238 4460 Θεοῦ
1273 4373 1620 4479 βλασφημίας
1645 4407 1732 4459 λέ-

1839 4402 2005 4456 Deum
2033 4400 2221 4470 loqui?
2246 4398 2313 4453 Et
2334 4373 2527 4453 Petrus
2581 4397 2810 4453 audiens
2840 4398 3015 4451 dixit:
3045 4394 3265 4449 Utinam
3291 4410 3404 4449 non

190 4502 494 4563 γειν;Καὶὸ
539 4503 747 4573 Πέτρος
801 4501 1043 4561 ἀκούσας
1112 4497 1253 4570 ἔφη·
1303 4499 1516 4551 Γένθιτθ
1572 4498 1733 4570 μέχρι

190 4588 399 4659 Σίμωνος
427 4595 655 4667 ἀρκετὸν
692 4593 945 4662 γενέσθαι
988 4592 1082 4644 τὸν
1130 4590 1271 4645 κατά
1310 4590 1403 4643 τοῦ
1429 4589 1563 4643 Θεοῦ
1597 4589 1733 4661 πρὸς

196 4686 463 4755 πειρασμὸν
495 4685 797 4757 ἀνθρώπων
826 4684 1002 4752 λόγον.
1045 4683 1303 4736 Ἔσονται
1336 4682 1381 4713 ⁸⁷
1413 4681 1541 4752 γὰρ,
1579 4681 1654 4744 ὡς
1702 4682 1733 4734 6

194 4770 367 4844 Κύριος
420 4774 591 4843 εἶπεν,
642 4775 1099 4847 ψευδαπόστολοι,
1156 4774 1367 4843 ψευδεῖς
1430 4773 1725 4845 προφῆται,

197 4863 421 4937 αἱρέσεις,
466 4868 750 4941 φιλαρχίαι
772 4886 784 4898 ·
842 4868 1092 4931 αἵτινες,
1131 4867 1207 4929 ὡς
1233 4864 1584 4936 στοχάζομαι,
1619 4864 1728 4917 ἀπὸ

1834 4494 1977 4548 ultra
2006 4491 2284 4546 Simonem
2304 4490 2718 4559 protenderetur
2738 4488 2985 4543 doctrina
3004 4496 3192 4542 contra
3207 4486 3402 4549 Deum,

1834 4586 1900 4640 ad
1929 4585 2211 4640 hominum
2243 4582 2597 4637 tentationcm
2645 4580 2812 4634 illata.
2841 4579 3016 4634 Erunt
3041 4578 3208 4638 enim,
3259 4578 3404 4633 sicut

1832 4678 2150 4751 prolocutus
2173 4684 2257 4731 est
2280 4674 2570 4739 Dominus,
2614 4671 3081 4743 pseudoapostoli,
3106 4670 3229 4726 falsi
3271 4684 3402 4740 pro-

1833 4771 2028 4839 phetae,
2051 4769 2305 4833 hareses,
2334 4766 2705 4820 affectationes
2729 4764 3067 4831 dominandi,
3095 4778 3237 4833 quae,
3263 4763 3405 4817 sicut

1835 4860 2108 4929 conjicio,
2158 4874 2190 4913 a
2238 4858 2460 4913 Simone
2509 4856 2677 4911 Deum
2728 4856 3136 4926 hlasphemante
3181 4871 3403 4911 sumen-

1463 4976 1697 5031 VARUE
1729 4971 2129 5032 LECTIONES.

256 5068 292 5102 ⁷¹
325 5072 471 5128 πάλιν
496 5075 562 5130 0.
638 5076 684 5106 "
728 5073 899 5135 οὕτως
928 5071 989 5127 C.
1066 5072 1113 5103 ⁷³
1149 5070 1225 5126 lla
1258 5068 1303 5124 0
1340 5085 1389 5125 (ξ.
1434 5067 1473 5123 S
1519 5110 1535 5135 ,
1576 5065 1682 5123 εἶδε
1732 5069 1794 5124 C.
1872 5068 1920 5099 7"
1961 5066 2088 5118 ἰδεῖν
2148 5063 2229 5119 S.
2303 5062 2348 5117 0
2402 5063 2657 5135 sidat-1C.
2734 5063 2781 5135 "_
2807 5061 3067 5134 τολμήσει
3217 5058 3399 5135 Mali_m

199 5136 444 5214 τολμήσαι.
476 5145 614 5200 Tum
645 5145 819 5214 adjeci
844 5143 1007 5214 αὐτός
1039 5140 1181 5214 c._0.

207 5210 496 5283 iulglipl'Ohante
532 5214 576 5270 0
606 5257 621 5281 ,
651 5210 793 5268 κατὰ
824 5213 1001 5283 σάρκα
1031 5210 1293 5283 χείρων-(ἒ
1347 5210 1399 5262 in
1432 5218 1604 5283 textu,
1654 5210 1738 5279 χεί

207 5277 335 5354 "ulla
371 5282 410 5336 0
458 5295 514 5339 et
545 5277 615 5339 ex'
645 5286 875 5354 conject.
893 5277 1005 5354 fug,
1031 5277 1138 5354 "in:
1159 5281 1269 5354 cuj.
1310 5288 1461 5332 textu
1481 5277 1661 5354 _6vra_.

206 5345 309 5426 νόθα
327 5354 451 5426 κατά
476 5356 661 5426 νόμου.
747 5345 815 5426 ’⁸)
842 5352 904 5405 τό

1252 5142 1299 5234 :3
1334 5142 1400 5220 τῇ
1432 5139 1698 5234 adscripsi
1725 5155 1795 5234 ex
1826 5138 1890 5193 0.
1917 5209 1927 5219 .
1968 5137 2011 5167 '”
2042 5136 2280 5234 ἐπεχέυη

1780 5226 1897 5268 ovo;
1916 5223 1969 5260 in
1998 5221 2170 5273 marg.

1780 5290 1783 5310 ι
1819 5277 1913 5331 τοῦ
1942 5278 2003 5327 (ἶ.
2080 5276 2126 5305 ⁸*
2168 5299 2170 5307 ι

2444 5134 2490 5165 ⁷⁸
2527 5135 2626 5204 τῇς
2657 5132 2798 5186 κατά
2834 5128 3009 5203 σάρκα
3039 5131 3282 5204 χείρονος
3330 5128 3396 5183 D.

2235 5200 2280 5235 7°
2318 5206 2346 5256 6
2396 5219 2505 5256 om.
2542 5200 2612 5273 Ο,
2648 5200 3036 5273 interpungens
3081 5200 3400 5273 postec‘ftv.

2080 5268 2147 5305 δι’
2168 5291 2299 5326 ποτε
2342 5276 2398 5325 ἐν
2427 5289 2481 5341 p.
2508 5275 2564 5325 ἐν
2596 5268 2716 5336 ταῖς
2749 5268 2807 5327 ΟΖ
2839 5268 2929 5324 ΑιῘ
2949 5268 3101 5324 oram
3131 5270 3253 5325 cod.
3282 5268 3397 5341 Ott.

1103 5351 1149 5383 ⁸⁵
1185 5337 1593 5417 λέγοπαγεῖναι
1642 5350 1781 5404 idem
1818 5349 1962 5417 quod
2010 5344 2207 5417 λέγειν.
2238 5337 2727 5417 Αιίοιιυ“ίιιο[ἰιιμὶιι
2769 5341 3089 5398 mutandum
3146 5348 3291 5394 esset
3340 5337 3395 5390 in

210 5422 330 5474 lt‘xtu
357 5423 411 5479 S.
471 5426 515 5458 ⁸³
541 5413 608 5494 γε
640 5441 750 5481 om.
774 5422 840 5478 0.
918 5424 963 5455 ⁸⁸
990 5421 1235 5484 εἰπόντος
1259 5413 1378 5474 ὸω.
1412 5416 1479 5473 0.
1555 5420 1600 5450 ⁸⁷
1637 5420 1750 5473 Cl'r.
1778 5413 2023 5473 crediter
2047 5414 2219 5467 Beilr.
2262 5436 2303 5478 ι,
2327 5414 2454 5477 291,
2485 5414 2588 5467 518
2622 5413 2681 5467 5.

1466 5512 1829 5568 VARIORUM
1871 5510 2101 5567 NOTAE.

263 5612 285 5638 ³
318 5602 601 5679 Legendum
630 5611 744 5674 τοῖς
766 5608 979 5681 ἐχθροῖς
1008 5607 1204 5673 αὐτοῦ,
1237 5608 1281 5663 si
1311 5606 1547 5663 vcrsioni
1580 5605 1784 5660 Latinae
1815 5606 1965 5658 lizles.
2002 5602 2155 5655 lion.
2200 5599 2437 5655 Parnm.
