3860 6210
425 261 537 317 383
1315 254 1372 310 S.
1411 255 1797 311 CLEMENTIS
1839 255 1856 309 Ι
1897 255 1987 312 [ῖο

2103 256 2300 311 PONT.
2341 257 2568 312 OPERA
2605 259 2690 316 DU
2700 259 2829 314 BIA.
3565 266 3684 320 584

426 388 512 432 tes
533 375 844 439 exordium,
872 375 936 430 ad
965 373 1154 429 eadem
1180 388 1303 428 cum
1350 373 1574 428 Simone
1616 382 1806 431 contra
1831 374 1987 428 Deum

2103 373 2197 425 τοῦ
2250 373 2342 426 τὸν
2387 372 2516 426 Θεὸν
2563 373 3003 443 βλασφημοῦντος
3064 373 3301 444 Σίμωνος
3342 376 3439 446 τὴν
3493 378 3684 449 ἀρχὴν

426 469 755 540 proferenda
778 467 1239 538 cooperabuntur.
1271 466 1448 535 Atque
1474 466 1589 520 haec
1637 469 1987 535 pronuntians

2103 462 2362 515 λαϐοῦσαι
2407 463 2516 532 (51)
2545 465 2624 525 είς
2643 463 2704 515 τὸ
2729 464 2774 494 ⁸⁸
2801 463 2868 514 τὰ
2899 462 3037 514 αὐτὰ
3062 463 3138 532 τῷ
3183 463 3381 534 Σίμωνι
3407 467 3548 520 κατὰ
3577 467 3682 520 τοῦ

424 579 550 616 cum
579 559 857 631 lacrymis,
891 575 1057 613 manu
1085 558 1373 613 advocavit
1422 559 1846 624 multitudinem,
1877 574 1987 627 qua

2099 553 2233 606 Θεοῦ
2254 553 2429 622 λέγειν
2450 555 2887 624 συνεργήσουσιν.
2907 555 3195 607 Καὶταῦτα
3207 556 3370 608 εἰπὼν
3393 558 3530 626 μετὰ
3583 556 3684 612 δα-

425 667 550 704 cum
583 651 928 714 accessisset,
957 665 1152 702 manus
1182 649 1464 718 imposuit,
1491 659 1543 703 et
1587 659 1840 719 precatus
1891 659 1987 715 est,

2097 647 2370 715 κρύων,τῇ
2393 646 2533 714 χειρὶ
2565 646 2949 716 προσεκαλεῖτο
2971 648 3092 709 τοὺς
3113 646 3317 717 ὄχλους,
3347 642 3426 708 οἷς
3449 649 3688 719 προσελ-

423 744 616 814 sicque
663 743 890 807 dimisit,
941 757 1175 796 monens
1207 744 1499 797 convenire
1556 742 1846 797 maturius.
1889 740 1987 796 Ista

2099 733 2357 798 θοῦσιτάς
2373 740 2559 806 χεῖρας
2570 736 2830 800 ἐπιτιθεὶς
2843 739 2885 768 ⁸⁹
2909 737 3000 789 καὶ
3023 738 3308 808 εὐχόμενος
3325 739 3580 804 ἀπέλυεν,
3599 740 3688 792 λέ-

427 833 688 904 inquiens
715 849 779 888 ac
807 832 1095 902 suspirans
1119 834 1400 904 ingressus
1429 842 1534 898 est,
1569 849 1669 888 nec
1694 833 1820 888 cibo
1845 848 1997 889 sum-

426 935 519 996 pto
545 926 640 979 ivit
659 925 924 980 cubitum.

950 1107 1238 1164 llOMlLlA
1295 1109 1437 1163 XVII

496 1198 537 1252 1.
576 1197 834 1270 Sequenti
861 1219 990 1273 ergo
1022 1205 1108 1256 die
1153 1201 1366 1268 Petrus,
1400 1219 1525 1258 cum
1565 1203 1788 1256 Simone
1814 1201 1992 1258 disce-

419 1300 708 1360 ptaturns,
765 1295 1036 1347 maturius
1078 1303 1430 1362 experrectus
1472 1293 1668 1346 oravit.
1714 1293 1995 1362 Simulque

432 1398 495 1435 ac
525 1398 740 1452 precem
764 1383 1263 1446 linivit,Zacclneus
1289 1383 1570 1454 ingressus
1608 1395 1691 1439 est
1717 1401 1780 1438 ac
1807 1386 1943 1440 dixit
1978 1403 1990 1438 :

421 1471 614 1526 Simon
648 1482 803 1528 extra
839 1476 1018 1542 sedet,
1055 1491 1178 1530 cum
1228 1476 1554 1545 quibusdam
1604 1477 1740 1543 suis,
1777 1477 1995 1532 circiter

420 1563 667 1633 triginta,
703 1566 998 1621 disserens.
1045 1566 1110 1620 Et
1142 1565 1336 1622 Petrus
1370 1567 1444 1620 ait
1490 1586 1503 1621 :
1555 1567 1774 1621 Sinatur
1821 1568 1990 1638 loqui,

421 1653 602 1710 donec
650 1657 942 1711 multitudo
998 1659 1328 1722 conveniat,
1373 1668 1612 1728 tuncque
1667 1658 1993 1727 incipiamus

417 1746 805 1815 quaestionem,
843 1757 903 1803 ut
935 1750 1035 1810 sic,
1081 1749 1284 1804 auditis
1315 1765 1437 1819 quae
1483 1751 1553 1803 ab
1585 1764 1652 1804 eo
1697 1751 1840 1804 dicta
1871 1749 1992 1806 fue-

425 1835 558 1902 rint,
589 1836 655 1890 ad
690 1853 750 1892 ea
781 1849 1026 1908 aptantes
1052 1855 1172 1905 nos,
1198 1841 1400 1910 egressi
1427 1840 1788 1910 disputemus.
1818 1843 1996 1911 Atque

415 1943 488 1980 eo
522 1929 681 1981 modo
711 1929 910 1984 iactum
936 1940 1038 1985 est.
1072 1928 1339 2000 Egressus
1365 1932 1529 2002 igitur
1553 1948 1652 1986 nec
1678 1933 1850 1987 multo
1875 1943 1996 2002 post

415 2027 675 2071 reversus
693 2015 982 2073 Zatcliazus
1027 2017 1189 2074 Petro
1237 2020 1421 2074 retulit
1447 2037 1728 2077 sermones
1756 2022 1994 2078 Simonis

414 2117 611 2163 contra
649 2109 848 2178 ipsum.

487 2298 550 2353 ll.
585 2299 727 2353 Dixit
757 2307 937 2354 autem
972 2299 1249 2353 :Aceusat
1278 2309 1347 2367 te,
1366 2300 1544 2365 Petre,
1579 2303 1734 2370 quasi
1773 2300 1992 2356 malitiae

417 2395 752 2460 ministrum,
795 2403 848 2449 et
894 2394 1071 2461 magia
1116 2393 1343 2446 multum
1385 2395 1675 2460 valentem,
1714 2410 1777 2448 ac
1813 2394 1992 2448 liomi-

417 2503 546 2540 num
596 2486 807 2539 animas
848 2485 1087 2538 deterius
1142 2484 1446 2539 idololatria
1494 2484 1876 2539 lascinantem.
1925 2485 1992 2539 Et

411 2577 633 2647 quidem
684 2575 831 2644 quod
877 2590 1068 2643 magus
1106 2575 1216 2640 sis,
1251 2576 1350 2629 hoc
1380 2577 1531 2629 visus
1565 2586 1647 2630 est
1681 2576 1872 2631 alierre
1900 2592 1990 2630 ar-

414 2675 757 2738 gumentum,
803 2666 1033 2719 dicendo
1069 2681 1082 2716 :
1119 2665 1384 2719 Conscius
1427 2667 1558 2720 milii
1605 2683 1757 2732 sum,
1794 2683 1880 2722 me
1920 2684 1988 2722 ne

413 2758 580 2811 unius
603 2756 819 2824 quidem
874 2755 1020 2809 verbi
1075 2755 1347 2808 recordari
1399 2770 1464 2808 ex
1516 2756 1583 2809 iis
1614 2772 1735 2826 quae
1766 2772 1888 2810 cum
1923 2773 1987 2810 eu

415 2847 796 2915 disputaturus
848 2846 987 2915 apud
1048 2860 1134 2899 me
1177 2846 1454 2914 perpendi.
1512 2845 1715 2916 Nempe
1767 2849 1986 2917 quando

411 2932 530 3002 ipse
556 2937 796 3002 disserit,
829 2947 881 2990 et
907 2951 1007 3005 ego
1035 2946 1267 2990 mentem
1297 2937 1528 3006 applico,
1570 2947 1628 2992 ut
1652 2953 1902 2993 revocem
1931 2940 1983 2993 in

413 3027 757 3092 memoriam,
801 3043 1048 3096 quamam
1094 3027 1198 3082 sint
1239 3044 1360 3097 qua:
1393 3029 1622 3099 cogitavi
1649 3030 1983 3085 descendens
2011 3055 2056 3114 ρ

413 3118 480 3171 ad
506 3119 839 3188 colloquium
867 3134 990 3172 cum
1017 3134 1104 3185 eo,
1145 3134 1244 3174 nec
1285 3118 1582 3188 quidquam
1623 3135 1835 3184 eorum,
1864 3136 1986 3190 quae

411 3209 547 3264 dicit
581 3210 764 3264 audio.
808 3209 1038 3277 Quando
1081 3226 1210 3281 ergo
1244 3211 1381 3266 nihil
1414 3211 1680 3282 ejusmodi
1717 3228 1838 3266 cum
1875 3213 1987 3266 ullo

411 3302 520 3356 alio
569 3302 765 3372 patior,
802 3319 965 3373 quam
999 3321 1124 3360 cum
1157 3305 1249 3358 illo
1294 3305 1446 3370 solo,
1491 3320 1601 3374 qua
1634 3305 1846 3360 ratione
1879 3321 1986 3360 non

409 3407 532 3446 sum
566 3392 636 3446 ab
667 3408 734 3446 co
775 3393 1126 3449 incantatus?
1158 3391 1293 3448 illud
1331 3409 1492 3458 vero,
1528 3392 1674 3463 quod
1697 3435 1711 3457 ,
1741 3410 1862 3464 quae
1889 3395 1988 3448 do-

405 3493 495 3538 cet
537 3483 723 3554 pejora
775 3486 886 3540 sint
940 3485 1282 3552 idololatria,
1317 3487 1524 3541 clarum
1591 3487 1696 3541 erit
1750 3496 1984 3542 mentem

410 3573 657 3638 habenti,
690 3584 984 3646 postquam
1023 3577 1355 3632 indicavero.
1387 3575 1542 3632 Nulla
1573 3577 1717 3632 enim
1746 3579 1850 3632 alia
1883 3581 1988 3634 uti-

407 3665 533 3721 litas
571 3675 682 3731 est,
717 3684 880 3736 quam
932 3677 990 3723 ut
1037 3670 1218 3722 anima
1267 3670 1572 3736 omnigenis
1623 3670 1783 3726 idolis
1818 3672 1985 3727 libera

407 3759 683 3813 reddatur.
718 3759 852 3814 Nam
900 3763 1136 3831 speciem
1185 3762 1480 3832 imaginata
1526 3764 1721 3818 timore
1763 3765 1980 3834 ligatur,

403 3859 460 3903 et
483 3851 709 3905 credens
749 3868 808 3907 se
840 3853 1045 3922 aliquid
1091 3852 1234 3921 pati,
1279 3855 1563 3923 elanguet,
1595 3864 1649 3908 et
1691 3855 1980 3918 alienatur,

404 3959 502 3998 seu
536 3959 567 3997 a
602 3943 847 3998 daemone
881 3945 1102 4008 insanit,
1155 3962 1218 4000 ac
1249 3947 1584 4002 damioniaco
1627 3946 1813 4002 furore
1856 3961 1981 4000 cor-

403 4043 555 4104 repta
591 4035 774 4088 multis
807 4037 986 4090 sobria
1016 4038 1250 4090 videtur.

477 4125 562 4180 lil.
604 4125 658 4179 ld
695 4127 850 4180 vobis
873 4125 1063 4181 Petrus
1095 4136 1335 4196 pra'stat,
1374 4127 1680 4198 pollicendo
1708 4127 1980 4196 sapientes

403 4215 607 4271 facere.
646 4216 914 4270 Praetextu
963 4217 1234 4284 siquidem
1282 4219 1444 4272 unius
1483 4217 1574 4271 Dei
1619 4218 1829 4271 videtur
1852 4217 1974 4285 qui-

400 4309 526 4363 dem
574 4310 804 4362 libi-rare,
852 4325 946 4362 vos
992 4309 1178 4362 multis
1227 4310 1405 4362 anima
1457 4309 1769 4363 caren‘ibus
1796 4308 1974 4373 idolis,

2095 841 2208 894 γων
2407 827 2774 898 όρθριαίτερον
2802 829 3167 900 συνέρχεσθαι.
3187 830 3369 884 Ταῦτα
3391 831 3559 884 εἰπὼν
3583 832 3687 884 καὶ.

2107 919 2375 983 στενάζων
2398 919 2649 972 εἰσελθὼν
2683 918 2806 972 οὔτε
2826 921 3031 990 τροφῆς
3058 920 3366 991 μεταλαϐὼν
3399 921 3678 976 ὕπνωσεν.

2687 1101 2942 1156 ὈΜΙΛΙΛ
2979 1105 3066 1157 IZ'.

2165 1209 2205 1265 1.
2243 1207 2353 1281 Τῆς
2390 1213 2486 1282 μὲν
2521 1209 2614 1265 οὖν
2660 1213 2825 1285 ᾶλλης
2850 1214 3063 1286 ἡμέρας
3099 1217 3128 1267 ό
3160 1217 3363 1288 Πέτρος
3408 1220 3544 1291 πρὸς
3576 1221 3683 1274 zz.

2097 1320 2252 1372 μωνα
2308 1303 2491 1374 ζητεῖν
2559 1303 2768 1374 μέλλων
2817 1305 3183 1378 ὀρθριαίτερον
3235 1309 3281 1340 ⁹⁹
3328 1310 3683 1376 ἐξυπνισθεὶς

2093 1393 2317 1463 ηῠξατο,
2354 1397 2448 1448 καὶ
2497 1397 2612 1466 άμα
2653 1395 2731 1467 τῷ
2772 1397 3084 1452 παύσασθαι
3123 1401 3151 1452 ό
3188 1402 3452 1471 Ζακχαῖος
3492 1403 3683 1476 είσῄει

2094 1478 2300 1548 λέγων·
2331 1481 2510 1551 Σίμων
2543 1481 2648 1546 ἐξω
2684 1483 2989 1550 καθέζεται,
3026 1487 3163 1557 μετὰ
3201 1489 3343 1542 ίδίων
3387 1492 3549 1545 αὑτοῦ
3583 1511 3668 1546 τι-

2095 1587 2202 1624 νων
2231 1571 2306 1634 ὡς
2337 1572 2631 1643 τριάκοντα
2675 1573 3072 1646 διαλεγόμενος.
3095 1579 3204 1631 Καὶ
3245 1581 3273 1632 ό
3304 1581 3504 1652 Πέτρος
3527 1583 3672 1654 ἔφη’

2109 1661 2315 1715 Ἐάσθω
2347 1663 2390 1693 "
2416 1662 2615 1727 λαλεῖν,
2647 1665 2839 1737 μέχρις
2877 1667 2964 1720 ὅτε
2992 1669 3037 1698 "
3061 1668 3263 1738 πλῆθος
3292 1671 3534 1742 γένηται,
3571 1677 3679 1728 καὶ

2095 1750 2216 1803 τότε
2249 1749 2431 1822 ζητεῖν
2458 1752 2769 1824 ἀρξώμεθα,
2806 1756 2893 1809 ἵνα
2924 1755 3096 1822 οὕτως
3121 1759 3278 1830 ἡμεῖς
3300 1760 3368 1814 τὰ
3394 1763 3483 1815 ὑπ’
3500 1765 3675 1817 αὑτοῦ

2096 1842 2365 1912 λεγόμενα
2391 1845 2742 1909 ἀκούσαντες,
2777 1847 2912 1917 πρὸς
2937 1849 3077 1902 αὐτὰ
3103 1851 3490 1922 ἁρμοσάμενοι,
3516 1855 3676 1920 ἐξελ-

2097 1932 2280 1996 θόντες
2319 1933 2702 2005 διαλεχθῶμεν.
2739 1937 2849 1990 Καὶ
2885 1938 2947 2009 δὴ
2982 1939 3152 2005 οὕτως
3195 1943 3424 2011 ἐγένετο.
3468 1946 3676 2011 Ἐκϐὰς

2093 2020 2186 2077 οὖν
2219 2025 2311 2077 καὶ
2341 2027 2456 2096 μετ’
2477 2028 2535 2079 ού
2563 2027 2695 2080 πολὺ
2730 2028 2888 2082 πάλιν
2915 2031 3165 2084 εἰσελθὼν
3187 2036 3215 2086 ό
3245 2037 3508 2105 Ζακχαῖος
3535 2040 3672 2091 άντ-

2094 2115 2286 2169 έδαλλε
2316 2117 2394 2188 τῷ
2437 2118 2627 2189 Πέτρῳ
2649 2120 2777 2183 τοὺς
2810 2120 2914 2173 ὑπὸ
2936 2121 3176 2192 Σίμωνος
3201 2124 3341 2177 κατὰ
3372 2126 3579 2198 Πέτρου
3618 2128 3671 2158 ’³

2095 2208 2362 2278 ῥηθέντας
2385 2209 2596 2278 λόγους.

2161 2299 2224 2354 ΙΙ.
2264 2301 2454 2370 Ἔλεγε
2485 2301 2541 2354 δέ
2560 2319 2573 2332 ·
2610 2302 2858 2356 Αἱτιᾶταί
2886 2321 2966 2368 σε,
2991 2305 3184 2377 Πέτρε,
3212 2307 3286 2371 ὡς
3318 2307 3511 2372 κακίας
3535 2309 3670 2363 ὄντα

2093 2393 2398 2464 ὑπηρέτην,
2435 2394 2528 2447 καὶ
2571 2395 2772 2466 μαγεία
2806 2395 2938 2449 πολὺ
2965 2396 3287 2468 δυνάμενον,
3328 2401 3421 2453 καὶ
3448 2401 3670 2454 είδωλο⁶

2090 2485 2342 2556 λατρείας
2367 2487 2409 2517 ⁸³
2437 2489 2616 2557 χεῖρον
2654 2485 2753 2549 τὰς
2786 2486 2892 2540 τῶν
2925 2487 3226 2560 ἀνθρώπων
3270 2493 3667 2560 φαντασιοῦντα

2088 2576 2280 2647 ψυχάς.
2320 2579 2414 2640 El;
2452 2570 2655 2646 τὸ“μέν
2693 2575 2786 2631 οὖν
2813 2579 2981 2648 μάγον
3008 2575 3143 2633 εἷναί
3182 2598 3240 2633 σε
3267 2583 3468 2654 ταύτην
3492 2583 3668 2638 ἐδόκει

2090 2669 2274 2740 φέρειν
2323 2669 2614 2734 ἀπόδειξιν,
2659 2671 2858 2739 λέγων·
2909 2671 3128 2725 Σύνοιδα
3172 2674 3414 2745 ἐμαυτῷ,
3462 2677 3543 2729 ὅτι
3590 2671 3669 2730 ὧν

2089 2758 2461 2828 κατ’ἐμαυτὸν
2498 2760 2819 2830 σκέπτομαι,
2860 2760 3030 2813 ἐλθὼν
3066 2761 3310 2830 συζητεῖν
3344 2764 3511 2834 αὐτῷ,
3543 2765 3668 2817 οὐδὲ

2087 2851 2182 2903 ἕνα
2216 2851 2536 2922 μνημονεύω
2568 2851 2740 2920 λόγον.
2782 2853 2954 2905 Αὑτοῦ
2994 2853 3102 2925 γὰρ
3126 2853 3524 2926 διαλεγομένου,
3559 2859 3668 2910 κά-

2090 2941 2191 3012 μοῦ
2243 2942 2332 2994 τὸν
2377 2943 2499 2996 νοῦν
2533 2944 2884 3013 ἀσχολοῦντος
2923 2947 3001 3009 είς
3042 2946 3102 2999 τὸ
3147 2947 3504 3019 ἀναπολῆσαι,
3542 2950 3668 3004 τίνα

2087 3034 2232 3086 ἐστὶν
2264 3032 2300 3086 ἃ
2331 3033 2659 3108 ἐλογισάμην
2891 3035 3057 3090 ἐλθὼν
3100 3036 3276 3106 λέγειν
3309 3039 3444 3110 πρὸς
3477 3041 3665 3103 αὑτὸν,

2089 3124 2195 3176 οὐδ’
2216 3124 2394 3178 ὁτιοῦν
2425 3118 2500 3178 ὧν
2533 3125 2678 3194 λέγει
2715 3127 2968 3180 ἐπακούω
2989 3128 3055 3179 ’⁸.
3088 3129 3245 3202 Ἐπεὶ
3270 3126 3362 3183 οὖν
3397 3133 3483 3184 ἐπ’
3503 3131 3666 3202 ἄλλου

2087 3215 2230 3280 τινὸς
2254 3217 2461 3270 τοιοῦτό
2493 3235 2544 3270 τι
2583 3219 2644 3270 οὐ
2689 3219 2880 3289 πάσχω
2899 3259 2914 3283 ,
2943 3221 2976 3292 ἢ
3002 3221 3088 3273 ἐπ’
3107 3220 3270 3274 αὑτοῦ
3318 3223 3500 3293 μόνου,
3543 3198 3666 3287 τῖὦς

2087 3302 2207 3376 ούχὶ
2246 3305 2618 3377 μαγευόμενος
2659 3307 2751 3360 ὑπ’
2771 3307 2934 3361 αὑτοῦ
2983 3309 3270 3378 τυγχάνω;
3330 3308 3402 3362 Τὸ
3445 3309 3501 3362 δέ
3553 3311 3664 3373 ὅτι,

2085 3397 2122 3450 ἃ
2148 3398 2194 3430 ⁵⁸
2220 3397 2286 3450 ἂν
2316 3397 2564 3470 διδάσκῃ,
2609 3399 3048 3472 είδωλολατρείας
3097 3401 3315 3472 χείρονά
3362 3402 3512 3454 ἐστιν
3532 3442 3546 3465 ,
3582 3401 3666 3472 τῷ

2087 3503 2150 3555 γε
2178 3485 2303 3540 νοῦν
2329 3487 2526 3558 ἔχοντι,
2556 3488 2691 3559 ἐμοῦ
2720 3489 3056 3560 μηνύσαντος
3096 3475 3261 3558 σαφῖς
3293 3489 3462 3543 ἔσται.
3492 3490 3666 3543 Οὐθὲν

2085 3577 2195 3649 γὰρ
2218 3578 2405 3653 ἕτερον
2429 3579 2773 3652 ὠφεληθῆναί
2811 3582 2959 3634 ἐστιν
2986 3581 3053 3646 ⁸⁷,
3087 3580 3119 3652 ἢ
3161 3581 3222 3633 τὸ
3255 3581 3353 3652 τὴν
3375 3581 3552 3653 ψυχὴν
3579 3584 3664 3634 εί-

2083 3641 2644 3726 δώλωνῗιταντοδαπιῦν
2669 3641 2960 3744 ἐλευθέραν
2981 3641 3250 3741 γενέσθαι.
3276 3641 3662 3744 (Ιίανταξομένη

2085 3760 2193 3832 γάρ
2225 3757 2361 3824 εἶδος
2392 3761 2668 3833 δεσμεῖται
2704 3763 2871 3834 φόϐῳ,
2898 3766 2990 3816 καὶ
3016 3763 3252 3834 φροντίδι
3277 3761 3370 3815 τοῦ
3395 3763 3584 3816 παθεῖν
3607 3781 3665 3815 τι

2088 3853 2431 3922 μαραίνεται,
2467 3855 2560 3906 κα)⁵
2596 3855 2948 3926 άλλοιουμένη
2981 3855 3213 3926 δαιμονᾷ
3252 3855 3316 3920 ³⁸,
3355 3856 3446 3908 καὶ
3473 3853 3666 3926 δαιμο-

2084 3943 2231 3998 νῶσα
2254 3947 2366 4008 τοῖς
2399 3943 2614 4008 πολλοῖς
2647 3949 2940 4018 σωφρονεῖν
2965 3946 3126 3999 δοκεῖ.

2154 4119 2238 4174 ΙΙΙ.
2271 4119 2441 4174 Τοῦτο
2470 4121 2597 4191 ὑμῖν
2625 4121 2828 4193 Πέτρος
2860 4123 3149 4193 ὑποσχέσει
3179 4121 3270 4176 τοῦ
3302 4119 3659 4190 σωφρονίζειν

2082 4211 2328 4282 παρέχει.
2374 4213 2651 4284 Προφάσει
2696 4213 2803 4284 γὰρ
2857 4214 2976 4278 ἐνὸς
3025 4213 3160 4266 Θεοῦ
3203 4215 3347 4267 δοκεῖ
3379 4216 3476 4284 μὲν
3508 4215 3656 4284 ὑμᾶς

2082 4303 2290 4356 πολλῶν
2335 4303 2554 4373 ἀψύχων
2597 4305 2961 4358 ἀπαλλάσσειν
3011 4304 3263 4364 είδὼλων,
3318 4305 3352 4357 ἃ
3404 4305 3464 4357 οὑ
3509 4306 3654 4357 πάνυ

399 4417 523 4470 qua!
570 4417 677 4454 non
737 4401 965 4454 multum
1022 4411 1219 4454 nocent
1278 4402 1600 4464 cultoribus,
1648 4400 1796 4469 quod
1844 4401 1975 4470 ipsis

2097 4397 2205 4457 τοὺς
2230 4395 2484 4457 σέϐοντας
2511 4396 2705 4460 ἀδικεῖ,
2733 4397 2808 4467 τῷ
2833 4398 3014 4460 αὑτοῖς
3042 4397 3336 4466 ὀφθαλμοῖς
3359 4396 3404 4427 ⁹⁹
3423 4398 3654 4467 ὁρᾶσθαι

402 4493 578 4545 oculis
602 4499 901 4545 cernuntur
932 4506 1051 4543 esse
1093 4490 1324 4558 lapidea,
1359 4491 1439 4543 vel
1468 4506 1638 4549 :enva,
1673 4490 1753 4543 vel
1780 4506 1965 4556 aurea,

2097 4484 2250 4537 .iOtva
2284 4486 2409 4539 ὄντα
2443 4485 2474 4556 ἣ
2517 4487 2786 4558 χάλκεαῆ
2832 4487 3035 4558 χρύσεα
3081 4487 3205 4557 ¹⁰⁰ἣ
3251 4487 3345 4538 καὶ
3386 4487 3445 4550 ἐξ
3485 4487 3654 4557 ἄλλης

403 4583 485 4634 vel
525 4597 588 4636 ex
626 4583 730 4635 alia
762 4580 995 4650 quadam
1047 4581 1288 4633 inanima
1337 4581 1585 4634 materia.
1628 4580 1810 4647 Quare
1842 4598 1964 4635 cum

2097 4576 2219 4639 τινὸς
2267 4575 2472 4647 ἀψύχου
2508 4576 2656 4648 ὕλης.
2695 4577 2784 4660 Διὸ
2827 4579 2904 4649 τῷ
2952 4579 2968 4608 ¹
3004 4579 3218 4639 εἰδέναι,
3243 4579 3323 4630 ὅτι
3366 4579 3424 4630 τὸ
3457 4578 3653 4648 βλεπό-

398 4675 583 4727 anima
613 4675 770 4739 sciat,
822 4672 872 4724 id
907 4672 1048 4740 quod
1099 4673 1363 4736 cernitur,
1399 4673 1534 4725 nihil
1572 4689 1722 4740 esse,
1756 4689 1862 4728 non
1891 4675 1968 4730 si-

2097 4685 2232 4721 ιενον
2265 4669 2414 4720 οὐδέν
2441 4670 2606 4731 ἐστιν,
2645 4670 2742 4739 οὐχ
2781 4671 2982 4741 ὁμοίως
3019 4670 3096 4740 τῷ
3130 4671 3306 4742 ὁρατῷ
3350 4670 3452 4723 ὑπὸ
3480 4669 3650 4738 φόϐου

400 4766 512 4817 mili
553 4767 713 4818 modo
745 4780 841 4834 per
870 4765 1198 4833 aspectabile
1223 4779 1252 4818 a
1289 4765 1482 4820 timore
1507 4774 1685 4834 potest
1713 4767 1970 4837 imagina-

2097 4758 2496 4827 ραντασιοῦσθαι
2530 4759 2749 4813 δύναται
2776 4761 2810 4830 ἡ
2835 4759 2997 4833 ψυχή.
3027 4759 3222 4830 Πλάνῳ
3244 4759 3300 4812 δέ
3330 4759 3650 4829 διδασκαλία

1709 4879 1942 4934 VARUS
1983 4872 2381 4933 LECTIONES.

473 4950 518 4979 ⁸⁸
547 4950 604 5001 τό
636 4951 756 5002 ald.
798 4949 855 5012 S,
889 4949 1150 5016 probante
1177 4947 1240 5002 0.
1317 4949 1362 4979 ⁸⁵⁵
1398 4949 1470 5002 lta
1500 4947 1538 5002 S
1571 4991 1584 5012 ,
1615 4950 1869 5002 ἐπιτιοών
1898 4952 1956 5004 (.1.
1993 4949 2222 5008 Ambigo
2273 4947 2352 5016 de
2390 4942 2742 5016 Ottoboniani
2796 4945 3065 5016 scriptura
3110 4947 3392 5016 truncata.
3435 4944 3647 5016 Deinde

394 5020 840 5091 Ερθριαίτερονὸ.
865 5012 922 5091 Ο
953 5019 1310 5091 ,Δόρθρίτερον
1342 5019 1404 5072 C.
1434 5021 1811 5091 Απροσέρχεσθε
1839 5037 1898 5091 p.
1941 5016 2288 5091 συνέρχεσθαι
2463 5016 2507 5046 ⁹⁰
2550 5013 2624 5091 ita
2669 5013 2712 5067 0
2753 5030 2809 5091 _c.
2847 5015 2884 5068 S
2910 5012 2928 5080 ξ
2952 5014 3282 5091 Αόρθρίτερον
3304 5017 3363 5068 C.
3449 5017 3504 5091 j‘
3537 5014 3646 5091 ΡΨ

397 5037 840 5091 [ρυοιαιτερονδ.
877 5037 922 5073 υ
953 5059 965 5081 ,
1000 5037 1310 5090 ορυριτερον
1342 5037 1404 5072 ιλ.
1445 5037 1811 5090 προσέρχεσυε
1871 5042 1898 5072 ι.
1941 5037 2288 5088 συνερχεσυαι
2320 5037 2383 5066 υ.
2465 5037 2507 5046 --
2550 5037 2624 5094 ita
2669 5037 2712 5067 υ
2761 5037 2809 5068 ιτ.
2847 5037 2884 5068 δ
2914 5057 2928 5080 ,
2964 5037 3277 5086 ορυριτερον
3304 5037 3363 5068 ι..
3465 5037 3504 5046 -·
3537 5037 3645 5096 rrp

397 5071 577 5143 ἐάσθω
621 5089 810 5142 lacuna
863 5090 913 5140 in
967 5087 1030 5142 0.
1112 5092 1156 5120 ⁹²
1186 5091 1213 5141 ὃ
1252 5107 1345 5141 του
1378 5089 1500 5155 (sic)
1533 5108 1583 5158 ιι.
1624 5091 1711 5142 ὅτε
1744 5089 1807 5142 0.
1835 5037 1972 5143 'f'nm
2014 5106 2064 5158 p.
2098 5089 2307 5166 ,οὕτως
2338 5085 2529 5166 lacuna
2553 5101 2612 5166 ιιι
2663 5085 2875 5138 eodem.
2943 5086 2996 5166 f3
3031 5087 3168 5166 κατά
3211 5085 3487 5165 Πέτρουοῐ)
3520 5125 3533 5148 ,
3565 5102 3645 5154 τῳ

400 5160 597 5229 Πέτρῳ
643 5160 717 5218 (ἶ,
765 5160 828 5210 0.
874 5158 1045 5212 Deleri
1075 5159 1187 5214 Iure
1220 5161 1343 5212 vlib.
1385 5152 1506 5212 ivult
1533 5152 1604 5229 ΙΙ.
1675 5161 1721 5190 ’⁸
1759 5152 2177 5229 εἰδωλολατρίας
2213 5154 2319 5229 0.-
2356 5156 2409 5229 "_
2441 5155 2514 5229 ita
2648 5163 2800 5229 et‘egt
2835 5154 3066 5229 conject.
3098 5155 3153 5229 AC
3184 5194 3198 5218 ,
3233 5155 3283 5229 in
3309 5152 3451 5229 _‘cuj.
3486 5152 3642 5229 textu

401 5171 589 5229 Πέτρῳ
643 5171 717 5218 (λ,
765 5171 828 5210 υ.
874 5171 1045 5212 Deleri
1076 5171 1187 5214 mre
1220 5171 1343 5212 vnn.
1392 5171 1506 5212 vult
1536 5171 1596 5212 (λ.
1675 5171 1721 5190 "
1759 5171 2177 5228 ειοωιολατριας
2213 5171 2276 5207 υ.
2358 5171 2399 5185 ὐ
2442 5171 2514 5207 ua
2549 5171 2592 5207 U
2648 5171 2702 5206 et
2737 5171 2800 5207 ex
2835 5171 3066 5222 conject.
3113 5171 3153 5206 ι.
3184 5194 3198 5218 ,
3233 5171 3283 5207 ιιι
3345 5171 3451 5274 cui.
3491 5171 3640 5235 texui

395 5228 703 5282 ἐπακούων.
781 5230 826 5260 ’⁸
864 5229 897 5280 ἆ
927 5229 1142 5305 conj._C
1175 5267 1187 5292 ,
1223 5230 1552 5305 approbante
1576 5228 1619 5282 0
1652 5247 1664 5292 ;
1701 5231 1851 5305 deest
1882 5231 1931 5280 in
1963 5228 2268 5305 cqil._|‘i(iiii_.
2290 5223 2607 5305 Parisiensi.
2649 5223 3061 5305 εἰδωλολῂατρίας
3090 5222 3155 5305 0:
3204 5226 3272 5305 ﬂ"
3293 5225 3412 5305 ὤιξε
3444 5225 3640 5305 neque}:

393 5301 540 5371 ἐστιν
565 5302 628 5371 S.
699 5299 744 5371 '_"
782 5300 876 5352 καὶ
899 5298 1187 5371 φρονοῦσαι
1218 5292 1472 5371 εύπαθεῖν
1498 5317 1550 5351 τι
1589 5292 1911 5371 μαραίνεται
1948 5298 2041 5352 καὶ
2062 5294 2365 5349 ἀλλοιοῦται
2387 5294 2422 5365 ἢ
2451 5294 2680 5364 δαιμονᾷ
2709 5295 2766 5348 υ.
2834 5294 2877 5327 ’³
2906 5292 3166 5365 όξρθαλμῶ
3200 5292 3264 5348 0.
3347 5295 3414 5326 ¹⁰⁰
3440 5292 3645 5364 χαλκέα

401 5369 434 5440 ἡ
465 5369 669 5440 χρυσέα
699 5367 764 5423 0.
848 5371 864 5401 ί
891 5357 970 5440 σέῴ
1007 5367 1069 5426 s.
1105 5370 1148 5422 υ
1179 5410 1192 5435 ,
1223 5370 1282 5421 τό
1307 5371 1367 5423 c.

1689 5455 2057 5514 VARIORUM
2096 5451 2328 5508 NOTAE.

464 5552 576 5623 (Si)
615 5553 746 5607 Ἀπὸ
781 5555 1044 5624 Σίμωνος
1083 5552 1195 5621 τὴν
1243 5554 1800 5626 ἁρχὴνίλαϐρῦσαι.
1854 5553 1968 5607 lloc
2070 5549 2256 5626 derat,
2291 5549 2446 5626 quasi
2500 5547 3090 5626 inituroconjecturam
3143 5551 3352 5626 fecerit.
3399 5548 3528 5626 Vide
3563 5551 3638 5607 sis

395 5637 500 5676 una
527 5617 656 5677 νδρρ
694 5617 919 5679 [audam
969 5617 1656 5692 (.(Iplps'iasiiéfscriptores
1681 5664 1694 5683 .
1740 5625 1876 5677 adeo
1908 5635 1966 5678 nt
2070 5617 2331 5692 irennetnn
2363 5619 2480 5692 ιιι).
2516 5636 2554 5682 ι,
2590 5636 2640 5673 c.
2669 5619 2760 5692 εδ,
2789 5619 2852 5692 f2;
2896 5620 2988 5674 lib.
3023 5637 3105 5688 ιιι,
3139 5622 3364 5692 ΡτωῙαι.
3391 5631 3442 5677 ct
3468 5621 3640 5678 Euse-

400 5704 720 5758 pt-rsimatus
752 5697 850 5751 iste
877 5696 1069 5751 Petrus
1103 5697 1167 5750 de
1209 5715 1302 5762 eo,
1331 5686 1488 5766 quod
1509 5697 1618 5765 jam
1652 5693 1850 5749 factum
1884 5696 1962 5749 vi-
2069 5689 2216 5742 bium
2253 5686 2318 5740 ll.
2450 5689 2524 5743 lib
2575 5706 2632 5755 ιι,
2665 5690 2748 5742 l5.
2787 5690 2966 5745 Unus.
