3860 6210
432 330 534 386 387

1326 322 1379 375 S.
1420 314 1810 374 CLEMENTIS
1843 316 1861 368 l
1905 310 2070 367 R051.
2110 307 2308 361 PUNT.
2348 306 2574 361 OPERA
2614 306 2838 362 DL'BIA.

3574 302 3681 359 388

435 441 692 496 mendum
723 453 845 493 esse
887 435 1087 491 dixerit
1129 442 1190 486 ut
1235 432 1441 501 justum
1490 429 1679 491 Deum,
1731 425 1796 479 ad
1838 439 1998 493 quem

2106 416 2263 486 ὑμῖν,
2297 415 2510 469 τοῦτον
2544 415 2857 484 φοϐήθητε.
2894 417 3016 470 Ὀτι
3046 418 3102 473 δὲ
3150 419 3319 482 ὅντως
3351 418 3543 473 τοῦτον
3584 437 3685 489 φα-

433 541 492 587 et
527 531 727 601 injuria
755 529 975 583 allectos
1016 528 1091 580 ait
1135 525 1391 584 clamare,
1424 519 1732 590 parabolam
1786 518 1851 571 ad
1882 532 2003 570 eam

435 639 553 680 rem
588 620 873 691 proferens
899 615 1402 686 interpretationem
1432 609 1730 678 subjungit,
1774 608 1959 661 dicens
1989 624 2001 658 :

438 714 499 771 Si
532 731 653 783 ergo
693 713 859 781 judea:
906 709 1205 779 iniquitatis
1249 706 1329 758 ita
1371 703 1514 771 fecit,
1540 701 1677 771 quod
1716 699 2005 768 swpissime

437 817 734 878 rogaretur,
761 813 957 873 quanto
986 801 1154 869 magis
1189 797 1352 850 Pater
1382 797 1538 865 faciet
1576 794 1859 846 vindictam
1890 789 2003 842 cla-

436 898 697 950 mantium
742 895 811 949 ad
856 911 909 947 se
951 893 1036 945 die
1078 908 1140 944 ac
1179 890 1367 943 nocte?
1412 890 1514 952 An,
1543 888 1669 956 quia
1700 886 1903 954 patiens
1926 892 2002 936 est

434 1004 559 1057 erga
599 988 739 1050 illos,
770 985 972 1054 putatis
1007 983 1145 1052 quod
1195 997 1296 1033 non
1334 980 1531 1047 faciet?
1568 976 1836 1045 Profecto,
1886 975 2003 1026 dico

438 1080 605 1143 vobis,
660 1079 839 1147 faciet,
883 1086 930 1129 et
967 1077 1070 1127 cito
1098 1087 1145 1126 ιι.
1177 1074 1447 1127 Caeterum
1486 1070 1580 1141 qui
1637 1069 2001 1122 vindicantem

433 1181 487 1225 et
520 1176 954 1224 remunerantem
1002 1167 1133 1220 dicit
1175 1164 1342 1217 Deum
1366 1205 1380 1229 ,
1405 1164 1612 1232 justum
1653 1176 1776 1214 eum
1810 1166 2003 1212 natura

433 1262 750 1325 conﬁrmat,
778 1270 832 1314 et
869 1275 974 1313 non
1012 1259 1237 1313 bonum.
1269 1257 1532 1311 Praeterea
1575 1252 1866 1308 conﬁtetur
1895 1249 2003 1301 Do-

434 1354 583 1409 mino
614 1352 737 1409 cmli
783 1360 836 1406 et
880 1359 1035 1404 terrae
1063 1350 1111 1402 ιι.
1141 1348 1297 1413 Quod
1348 1348 1393 1401 si
1433 1344 1697 1399 Dominus
1747 1351 1830 1397 est
1880 1339 2003 1394 coeli

433 1454 487 1499 et
520 1454 697 1509 terrae,
725 1442 1032 1497 admittitur
1058 1454 1180 1493 esse
1210 1438 1503 1502 Conditor;
1538 1435 1629 1504 qui
1658 1444 1837 1487 autem
1862 1432 2004 1487 Con-

432 1537 576 1592 ditor
614 1544 718 1601 est,
760 1534 945 1603 justus
991 1542 1093 1585 est.
1148 1529 1456 1598 Aliquando
1510 1529 1711 1582 bonum
1751 1525 2001 1587 dicendo,

433 1626 729 1697 aliquando
774 1625 1006 1693 justum,
1064 1638 1241 1691 neque
1289 1623 1369 1675 sic
1417 1628 1705 1673 consonat.
1756 1614 2000 1669 Tertium

434 1732 565 1770 vero
596 1716 727 1785 quid
757 1715 976 1784 sapiens
1009 1714 1152 1767 illius
1183 1712 1482 1781 discipulus
1526 1710 1639 1763 heri
1678 1707 1999 1771 allirmabat,

2104 506 2333 577 ϐηθῆναι
2364 505 2545 573 ἔλεγεν
2578 505 2653 567 ὡς
2677 505 2878 558 δίκαιον
2903 506 3055 571 Θεὸν,
3083 507 3216 579 πρὸς
3256 505 3314 560 ὅν
3342 507 3435 560 καὶ
3460 506 3681 560 ἀδικου-

2108 598 2301 667 μένους
2336 595 2462 666 βοᾷν
2485 595 2653 663 λέγει,
2681 596 2992 666 παραϐολὴν
3025 601 3105 661 εἰς
3147 597 3302 652 τοῦτο
3334 598 3503 652 εἰπὼν
3538 600 3683 653 επα-

2103 706 2189 756 γει
2212 688 2310 758 τὴν
2334 686 2629 759 ἑρμηνείαν
2654 687 2846 757 λέγων·
2874 693 2944 743 El
2972 690 3084 743 οὖν
3114 693 3147 744 ό
3179 690 3383 759 κριτὴς
3409 690 3520 757 τῆς
3548 689 3685 743 ἀδι-

2106 782 2237 846 κίας
2282 781 2571 847 ἐποίησεν
2611 782 2815 847 οὕτως,
2868 781 2964 835 διὰ
3008 782 3073 835 τὸ
3104 782 3392 837 ἑκάστοτε
3420 782 3686 850 ἀξιωθῆ-

2103 889 2222 934 ναι,
2258 874 2428 935 πόσῳ
2451 872 2692 940 μᾶλλον
2724 876 2756 925 d
2784 872 2986 941 Πατὴρ
3016 873 3253 940 ποιήσει
3286 872 3400 942 τὴν
3440 874 3687 941 ἐκδίκη-

2104 980 2207 1015 σιν
2232 962 2349 1015 τῶν
2369 963 2654 1027 ,βοώντων
2679 964 2826 1031 πρὸς
2848 964 3035 1017 αὐτὸν
3059 965 3280 1032 ἡμέρας
3309 964 3404 1017 καὶ
3426 965 3689 1030 νυκτός;

2107 1041 2145 1109 ἦ
2204 1057 2249 1085 ¹⁸
2264 1055 2359 1108 διὰ
2382 1055 2446 1107 τὸ
2471 1056 2873 1124 μακροθυμεῖν
2899 1056 3084 1110 αὑτὸν
3107 1058 3199 1109 ἐπ’
3221 1058 3422 1123 αὐτοῖς
3449 1057 3690 1111 δοκεῖτε

2104 1142 2195 1199 ὅτι
2225 1147 2296 1199 οὐ
2345 1146 2613 1211 aanimi;
2661 1146 2772 1200 Ναὶ
2804 1148 2868 1209 ¹⁹,
2896 1147 3050 1216 λέγω
3094 1148 3254 1217 ὑμῖν,
3286 1149 3545 1215 ποιήσει,
3579 1148 3689 1202 καὶ

2103 1236 2172 1288 ἐν
2207 1235 2390 1303 τάχει.
2450 1237 2506 1287 Ὁ
2539 1236 2593 1288 δέ
2636 1235 2952 1290 ἐκδικοῦντα
2981 1236 3140 1307 337
3182 1239 3274 1291 καὶ
3300 1239 3687 1308 ⁹ἀμειϐόμενον

2105 1324 2277 1396 λέγων
2306 1327 2437 1380 Θεὸν
2478 1327 2683 1381 δίκαιον
2726 1328 2885 1381 αὑτὸν
2923 1332 2989 1400 τῇ
3024 1329 3179 1397 φύσει
3224 1331 3555 1400 συνίστησιν,
3585 1330 3689 1383 καὶ

2104 1419 2204 1472 οὐκ
2241 1419 2461 1487 ἀγαθόν.
2498 1421 2618 1472 Ἐτι
2658 1420 2714 1473 δέ
2749 1421 2839 1473 καὶ
2876 1421 2920 1451 ¹⁰
2958 1421 3354 1491 ὲξομολογεῖται
3385 1421 3462 1491 τῷ
3486 1421 3689 1491 Κυρίῳ

2103 1510 2330 1581 ούρανοῦ
2376 1512 2470 1563 καὶ
2497 1510 2620 1581 γῆς.
2667 1512 2728 1563 Εἰ
2777 1512 2833 1564 δὲ
2881 1511 3085 1582 Κύριός
3127 1514 3271 1566 ἐστιν
3318 1511 3546 1583 οὐρανοῦ
3586 1513 3690 1564 καὶ

2104 1604 2226 1674 γῆς,
2273 1603 2611 1674 ὁμολογεῖται
2654 1603 3000 1675 δημιουργὸς,
3044 1604 3369 1675 δημιουργὸς
3398 1605 3453 1656 δὲ
3486 1604 3563 1656 ὢν
3599 1606 3689 1658 δί-

2104 1696 2258 1758 καιός
2290 1697 2451 1748 ἐστιν,
2482 1695 2616 1747 Ποτέ
2643 1695 2738 1765 μὲν
2761 1696 2960 1763 ἀγαθὸν
2983 1695 3177 1763 λέγων,
3204 1696 3332 1748 ποτὲ
3364 1696 3418 1747 δὲ
3445 1696 3686 1761 δίκαιον,

434 1809 807 1878 operationem
853 1806 1063 1860 visione
1118 1804 1382 1874 potiorem
1429 1817 1582 1865 esse,
1618 1800 1861 1869 ignarus,
1896 1797 2003 1852 evi‘

2104 1788 2206 1839 οὐδ’
2228 1786 2398 1851 οὕτως
2445 1790 2738 1857 συμφωνεῖ.
2779 1786 2969 1857 Τρίτον
3007 1786 3062 1839 δὲ
3107 1789 3135 1840 ὁ
3179 1787 3340 1856 σοφὸς
3377 1784 3539 1839 αύτοῦ
3573 1804 3690 1857 μα-

432 1900 672 1955 deutiam
720 1912 879 1967 posse
919 1912 1041 1951 esse
1091 1898 1407 1959 humanam,
1455 1901 1664 1947 certum
1715 1905 1841 1943 vero
1884 1903 2004 1942 esse

433 1991 575 2061 apud
611 2005 822 2055 omnes,
847 1989 1110 2043 visionem
1135 1987 1202 2041 ad
1235 1986 1575 2040 Divinitatem
1602 1982 1891 2052 pertinere.

505 2256 595 2314 Vl.
650 2256 776 2312 Haec
804 2264 967 2325 atque
1013 2254 1098 2308 his
1138 2253 1291 2323 paria
1318 2293 1334 2318 ,
1369 2246 1526 2305 Petre
1550 2289 1566 2314 ,
1614 2246 1803 2301 Simon
1847 2254 1999 2301 extra

431 2361 585 2407 stans
612 2351 741 2406 dum
773 2346 1113 2402 multitudini
1143 2344 1436 2409 edisserit,
1471 2342 1658 2408 plures
1687 2340 1820 2394 mihi
1854 2339 2001 2393 vide-

431 2454 520 2498 tur
546 2442 901 2498 conturbare.
935 2437 1213 2504 Quocirca
1238 2437 1325 2490 exi
1354 2436 1562 2501 statim,
1592 2444 1646 2488 et
1674 2433 1723 2486 vi
1752 2432 2001 2487 veritatis

429 2532 599 2589 falsos
625 2531 746 2602 ejus
782 2531 1023 2586 dissolve
1070 2542 1375 2585 sermones.
1413 2525 1627 2592 Quibus
1667 2540 1698 2579 a
1738 2524 2001 2579 Zacchaw

428 2625 593 2680 dictis
620 2665 636 2690 ,
677 2622 875 2677 Petrus
911 2636 1012 2690 pro
1060 2635 1213 2673 more
1260 2625 1515 2688 precatus
1571 2630 1827 2685 egressus
1875 2625 1997 2678 est,

431 2729 672 2783 cumque
705 2716 758 2767 in
796 2713 987 2767 eodem
1021 2712 1174 2775 loco,
1209 2710 1262 2763 in
1292 2724 1403 2778 quo
1430 2707 1701 2777 superiori
1729 2707 1833 2771 die,
1866 2722 2001 2760 con-

430 2806 698 2869 stitisset,
740 2819 805 2858 ac
848 2818 916 2857 ex
956 2801 1240 2871 religionis
1290 2799 1689 2855 consuetudine
1739 2798 1997 2867 populum

431 2900 749 2961 salutasset,
784 2896 860 2949 ita
890 2895 1055 2963 cmpit
1083 2893 1237 2961 loqui
1271 2908 1284 2945 :
1321 2890 1587 2945 Dominus
1626 2898 1815 2943 noster
1839 2887 2000 2942 Jesus

428 2990 722 3055 Christus,
773 2994 957 3057 utpote
992 3000 1155 3040 verus
1200 2982 1471 3053 Pmpheta
1517 2981 1997 3059 (quemadmodum

431 3082 488 3137 in
519 3091 761 3151 tempore
792 3094 854 3133 ea
882 3092 1103 3147 quoque
1130 3076 1197 3131 de
1228 3092 1286 3130 re
1325 3074 1821 3129 demonstrationes
1868 3072 1998 3125 aﬁ‘e-

2103 1878 2269 1949 θητὴς
2303 1879 2456 1948 ἐχθὲς
2486 1879 2527 1908 "
2556 1878 2933 1950 διισχυρίζετο,
2958 1878 3243 1949 ἐνάργειαν
3270 1880 3537 1942 ὀπτασίας
3560 1880 3691 1933 ἱκα-

2100 1970 2339 2053 νωτέραν
2371 1966 2529 2032 εἶναι,
2581 1970 2680 2023 οὐκ
2713 1969 2868 2032 εἰδὼς
2909 1972 2991 2023 ὃτι
3036 1971 3073 2041 ή
3103 1971 3357 2041 ἐνάργεια
3387 1972 3430 2001 ⁹¹
3464 1971 3689 2043 ἀνθρω-

2101 2062 2227 2115 πεία
2260 2058 2394 2115 εἶναι
2428 2060 2667 2125 δύναται,
2698 2063 2730 2132 ἡ
2757 2062 2812 2114 δὲ
2835 2061 3069 2116 όπτασία
3105 2060 3354 2133 θεότητος
3380 2057 3517 2115 εἶναι
3548 2064 3691 2134 ὀμο-

2100 2154 2352 2221 λογεῖται.

2174 2242 2261 2297 Vl.
2294 2241 2477 2297 Ταῦτα
2510 2244 2604 2298 καὶ
2635 2243 2705 2297 τὰ
2729 2243 2939 2307 τούτοις
2969 2245 3160 2314 ὅμοια,
3190 2243 3362 2315 Πέτρε
3382 2284 3397 2309 ,
3428 2245 3459 2296 ό
3492 2245 3685 2315 Σίμων

2098 2335 2210 2396 τοῖς
2239 2332 2415 2403 ὄχλοις
2459 2333 2562 2399 ἐξω
2596 2332 2769 2396 ἑστὼς
2802 2334 2895 2386 καὶ¹
2929 2333 2974 2363 ’³
3010 2332 3425 2403 διαλεγόμενος,
3472 2333 3685 2404 ταράσ-

2102 2439 2213 2477 σειν
2259 2440 2349 2495 μοι
2397 2424 2543 2477 δοκεῖ
2585 2426 2711 2488 τοὺς
2759 2424 3027 2487 πλείονας.
3075 2423 3165 2493 Διὸ
3214 2424 3446 2495 ἐξαυτῆς
3492 2424 3636 2492 ἔξιθι
3664 2463 3683 2489 ,

2101 2516 2355 2586 ἀληθείας
2380 2517 2605 2586 δυνάμει
2629 2517 2756 2579 τοὺς
2783 2516 2947 2570 αὐτοῦ
2973 2500 3187 2585 ψευδεῖς
3214 2517 3422 2571 ἐκλύων
3458 2518 3678 2585 λόγους.

2100 2609 2286 2663 Ταῦτα
2305 2608 2398 2661 τοῦ
2424 2608 2693 2678 Ζακχαίου
2718 2610 2961 2674 εἰπόντος
2984 2613 3012 2663 ό
3034 2610 3237 2681 Πέτρος
3260 2609 3504 2679 συνήθως
3525 2610 3685 2674 εὐξά-

2104 2718 2263 2771 μενος
2299 2699 2474 2770 ἐξῄει,
2518 2702 2611 2755 καὶ
2644 2702 2723 2763 εἰς
2759 2701 2851 2754 τὸν
2883 2701 2989 2772 πρὸ
3025 2702 3153 2771 μιᾶς
3178 2701 3341 2754 τόπον
3376 2701 3506 2764 στάς
3529 2741 3543 2765 ,
3581 2701 3683 2756 καὶ

2099 2791 2177 2862 τῷ
2210 2792 2309 2863 τῆς
2342 2792 2649 2855 θεοσεϐείας
2678 2792 2788 2845 ἔθει
2821 2792 3266 2864 προσαγορεύσας
3303 2793 3431 2855 τοὺς
3460 2793 3681 2862 ὄχλους,

2098 2882 2191 2934 τοῦ
2233 2883 2410 2950 λέγειν
2456 2883 2656 2954 ἧρξατο
2702 2884 2893 2946 οὕτως⁹
2945 2884 3172 2955 Ἀληθὴς
3200 2883 3276 2937 ὢν
3318 2886 3607 2955 προφήτης
3654 2888 3683 2938 ό

2100 2970 2302 3041 Κύριος
2330 2969 2484 3039 ἡμῶν
2522 2967 2728 3056 Ἰησοῦς
2753 2969 2985 3040 Χριστὸς
3010 2971 3073 3035 ⁸⁸⁵,
3117 2972 3192 3034 ὼς
3225 2971 3317 3023 ἐπὶ
3356 2971 3549 3043 καιροῦ
3587 2973 3684 3025 καὶ¹

2101 3062 2229 3132 περὶ
2254 3062 2441 3114 τούτόυ
2472 3062 2870 3133 πληροφορήσω
2892 3103 2906 3127 ,
2937 3062 3063 3134 περί
3087 3064 3194 3116 τῶν
3215 3068 3283 3135 τῇ
3311 3064 3538 3135 ἀληθείᾳ
3562 3063 3683 3115 δια-

430 3176 597 3244 ram),
628 3174 770 3228 circa
811 3186 895 3235 ea,
921 3186 1044 3239 quae
1077 3169 1141 3222 ad
1180 3168 1462 3220 veritatem
1497 3173 1777 3234 spectant,
1808 3164 1997 3217 breves

2104 3153 2373 3224 φερόντων
2403 3154 2681 3223 συντόμως
2712 3153 2811 3216 τὰς
2836 3154 3137 3222 ἀποφάσεις
3164 3157 3399 3207 ἐποιεῖτο
3417 3195 3431 3218 ,
3468 3154 3556 3207 διὰ
3585 3156 3684 3208 δύο

430 3265 562 3321 fecit
589 3264 910 3327 sententias,
941 3268 1161 3331 propter
1187 3259 1303 3313 haec
1334 3258 1464 3318 duo,
1489 3255 1748 3324 primum,
1775 3253 1903 3322 quia
1932 3252 1999 3305 ad

427 3355 549 3426 pios
580 3354 929 3423 loquebatur.
957 3352 1191 3406 scientes
1215 3348 1283 3401 ab
1306 3362 1371 3399 eo
1397 3361 1493 3414 per
1519 3344 1842 3397 sententiam
1874 3356 2000 3409 pro-

428 3450 538 3505 lata
590 3448 829 3503 credere.
886 3443 1069 3514 Neque
1105 3443 1250 3496 enim
1306 3454 1446 3493 nova
1495 3446 1655 3491 erant
1700 3436 1767 3489 ad
1809 3449 1997 3488 eorum

427 3540 878 3597 consuetudinem
905 3579 920 3602 ,
956 3552 1078 3607 qua:
1106 3535 1452 3589 dicebantur.
1492 3529 1745 3584 Secundo
1776 3538 1955 3582 autem
1982 3570 1997 3593 ,

430 3636 560 3706 quia
594 3634 802 3687 habens
829 3630 1158 3700 praeﬁnitum
1188 3622 1596 3696 praadicationis
1627 3628 1840 3689 tempus
1869 3633 1999 3689 pro-

429 3726 742 3781 batiunihus
759 3741 865 3779 non
892 3722 1167 3783 utebatur,
1196 3734 1261 3771 ne
1292 3718 1347 3771 in
1377 3729 1659 3770 sermones
1683 3727 1845 3767 omne
1868 3710 1998 3765 illud

429 3826 645 3885 tempus
678 3814 1018 3877 insumeret,
1068 3811 1257 3880 sicque
1288 3808 1337 3862 ei
1382 3806 1740 3874 contingeret,
1784 3812 1844 3857 ut
1871 3803 1998 3857 dum

430 3917 794 3977 occuparetur
826 3905 879 3958 in
907 3899 1451 3971 interpretationibus
1474 3910 1774 3966 paucorum
1804 3894 1999 3947 verbo-

428 4014 575 4062 rum,
605 4014 727 4068 qua:
752 4013 875 4052 eum
909 3996 1094 4048 labore
1126 3992 1293 4046 animi
1328 3999 1554 4060 possent
1583 3986 1840 4057 intelligi,
1869 3985 2001 4038 doc-

429 4092 629 4145 trinam
658 4087 904 4143 veritatis
928 4101 1034 4139 nou
1065 4083 1294 4137 multum
1325 4087 1693 4151 promoveret.
1724 4075 1910 4145 Itaque
1931 4074 1998 4129 de

429 4183 631 4253 quibus
660 4181 877 4236 volebat
908 4177 1330 4247 pronuntiabat,
1364 4184 1424 4226 ut
1449 4170 1650 4241 populo
1678 4168 1877 4223 valenti
1909 4167 1996 4220 in-

430 4275 695 4344 telligere,
732 4288 797 4326 ex
838 4271 1039 4339 quibus
1071 4283 1171 4321 nos
1198 4266 1364 4320 etiam
1404 4278 1595 4317 sumus
1616 4304 1631 4327 ,
1659 4261 1751 4331 qui
1778 4257 1997 4328 quando

430 4365 506 4436 (id
535 4366 679 4435 quod
711 4378 839 4418 raro
880 4361 1097 4429 accidit)
1141 4359 1209 4412 ab
1232 4371 1299 4410 eo
1328 4355 1471 4410 dicta
1516 4369 1623 4407 non
1664 4349 1999 4422 percipieba-

2100 3246 2272 3298 ταῦτα
2298 3244 2362 3309 ’⁸,
2394 3246 2475 3298 ὅτι
2502 3247 2637 3317 πρὸς
2663 3246 2935 3310 θεοσεόεῖς
2967 3248 3200 3299 ἐποιεῖτο
3224 3247 3316 3299 τὸν
3340 3247 3519 3315 λόγον,
3542 3248 3686 3301 εἶδός

2098 3354 2197 3400 τας
2237 3336 2305 3390 τὰ
2348 3336 2618 3407 ἀποφάσει
2664 3337 2756 3389 ὑπ’
2799 3336 2963 3390 αὐτοῦ
3002 3337 3349 3407 ἐκφερόμενα
3375 3339 3678 3391 πιστεύειν·

2100 3430 2220 3483 οὐδὲ
2245 3429 2351 3501 γάρ
2374 3426 2440 3500 ἦν
2474 3429 2599 3494 ξένα
2637 3430 2735 3500 τῆς
2761 3431 2939 3483 αὐτῶν
2974 3430 3261 3501 συνηθείας
3286 3432 3354 3484 τά
3385 3432 3679 3502 λεγόμενα.

2099 3522 2358 3593 Δεύτερον
2401 3522 2457 3574 δὲ
2497 3523 2578 3574 ὅτι
2626 3521 2967 3593 προθεσμίαν
3020 3522 3157 3591 ἔχων
3188 3521 3421 3593 κηρύξαι
3464 3523 3542 3594 τῷ
3580 3526 3685 3595 τῆς

2101 3612 2426 3676 ἀποδείξεως
2445 3613 2544 3664 οὐκ
2560 3611 2758 3682 ἐχρῆτο
2775 3611 2936 3681 λόγῳ,
2952 3611 3115 3682 338
3131 3612 3217 3665 ἵνα
3231 3613 3305 3681 μὴ
3322 3614 3403 3675 εἰς
3423 3612 3619 3679 λόγους
3635 3614 3683 3645 ιι

2099 3703 2188 3757 τὸν
2222 3704 2398 3757 πάντα
2423 3703 2524 3773 τῆς
2568 3703 2909 3774 προθεσμίας
2941 3703 3165 3774 δαπανῷ
3212 3706 3257 3736 π
3306 3705 3497 3775 χρόνον
3521 3744 3536 3766 ,
3584 3708 3684 3762 καὶ

2099 3793 2270 3857 οὕτως
2295 3793 2443 3863 αὑτῷ
2470 3794 2825 3864 συμϐήσεταῐ,
2858 3794 2938 3856 είς
2960 3794 3152 3863 ὀλίγων
3205 3794 3375 3864 λόγων
3402 3796 3685 3861 ἐπιλύσεις

2099 3885 2501 3956 ἀσχολουμένῳ,
2529 3884 2636 3938 τῶν
2661 3885 2765 3938 ὑπὸ
2788 3885 2950 3939 πόνου
2974 3886 3152 3957 ψυχῆς
3173 3888 3410 3941 νοεῖσθαι
3441 3890 3683 3961 δυναμέ-

2098 3997 2225 4042 νων,
2253 3980 2379 4040 τοὺς
2408 3977 2635 4047 ἀληθείᾳ
2661 3977 3018 4048 διαφέροντας
3055 3978 3129 4049 μὴ
3155 3980 3246 4032 ἐπὶ
3284 3980 3466 4033 πλεῖον
3490 3982 3682 4050 εἰσφέ-

2104 4089 2214 4143 ρειν
2247 4072 2292 4101 "
2325 4071 2533 4139 λόγους.
2574 4072 2789 4141 Ἐπειδὴ
2821 4070 2948 4142 περὶ
2984 4065 3061 4125 ὧν
3085 4072 3273 4142 ἢθελεν
3310 4074 3679 4140 ἀπεφαίνετο,

2098 4164 2172 4228 ὡς
2205 4163 2319 4233 λαῷ
2341 4167 2479 4216 νοεῖν
2503 4162 2803 4233 δυναμένῳ,
2845 4162 2937 4231 ἀφ’
2976 4156 3051 4215 ὧν
3084 4165 3251 4232 ἐσμεν
3292 4163 3386 4216 καὶ
3419 4166 3602 4233 ἡμεῖς,
3630 4166 3681 4216 οἳ

2099 4257 2257 4310 ὁπότε
2292 4254 2431 4308 κατά
2461 4255 2521 4307 τὸ
2569 4255 2791 4308 σπάνιον
2834 4256 2934 4307 οὐκ
2975 4255 3274 4325 ἐνοήσαμέν
3299 4272 3352 4306 τι
3375 4254 3421 4285 ’⁵
3450 4257 3558 4308 τῶν
3584 4257 3680 4309 ὑπ’

2100 4348 2262 4403 αὑτοῦ
2294 4347 2583 4419 ῥηθέντων,
2615 4346 2721 4417 ἰδίᾳ
2747 4346 3178 4416 ἐπυνθανόμεθα,
3209 4346 3284 4417 μὴ
3319 4348 3451 4417 ἡμῖν
3484 4361 3538 4399 τι
3566 4347 3683 4399 τῶν

428 4474 578 4524 nius,
614 4471 860 4513 seorsum
898 4452 1351 4515 sciscitabantur,
1387 4463 1454 4501 ne
1489 4446 1621 4516 quid
1655 4459 1844 4500 eorum
1877 4457 1999 4513 quae

2104 4442 2191 4493 ὑπ’
2214 4440 2376 4494 αὐτοῦ
2404 4439 2673 4511 ῥηθέντων
2705 4439 2928 4509 ἀνόητον
2958 4439 3001 4469 ³⁰

426 4550 644 4605 dicebat
674 4548 834 4603 nobis
863 4554 1007 4601 esset
1044 4545 1362 4599 obscurum.

502 4638 613 4694 Vll.
650 4638 843 4694 Sciens
874 4652 1003 4706 ergo
1023 4676 1038 4703 ,
1072 4650 1171 4688 nos
1198 4641 1393 4686 cuncta
1419 4628 1487 4683 ab
1515 4643 1582 4683 eo
1612 4627 1820 4697 prolata
1861 4641 1995 4695 cog-7

432 4747 679 4795 noscere,
707 4746 770 4785 ac
789 4745 950 4800 posse
976 4724 1470 4782 demonstrationes
1492 4710 1753 4791 praebere,
1778 4719 1998 4789 quando

433 4823 583 4878 misit
607 4838 708 4877 nos
731 4822 798 4877 ad
828 4820 1110 4890 imperitas
1143 4824 1352 4887 gentes,
1378 4822 1439 4867 ut
1464 4829 1560 4869 eos
1591 4812 1996 4881 baptizaremus

435 4915 490 4969 in
522 4913 899 4969 remissionem
936 4918 1286 4981 peccatorum
1319 4917 1369 4973 ε,
1406 4905 1683 4975 ριίιιεερὶι,
1738 4912 1796 4956 ιιι
1848 4903 1999 4971 prius

504 5119 531 5148 ι
566 5107 697 5165 Luc.
733 5125 886 5172 xvm,
917 5108 968 5161 6.
1040 5107 1067 5145 ι)
1094 5105 1281 5161 Matth.
1311 5122 1384 5170 xl,
1409 5104 1500 5158 ‘35.

2164 4624 2271 4680 VII.
2305 4624 2472 4689 Εἰδὼς
2503 4620 2595 4679 οὖν
2619 4626 2765 4696 ἡμᾶς
2790 4625 2966 4678 πάντα
2996 4623 3205 4685 εἰδότας
3229 4621 3271 4654 ³⁸
3299 4622 3368 4675 τὰ
3393 4623 3486 4675 ὑπ’
3508 4620 3681 4674 αὐτοῦ

2106 4717 2336 4789 ῥηθέντα
2370 4717 2463 4769 καὶ
2505 4714 2604 4777 τάς
2636 4714 2938 4779 ἀποδείξεις
2963 4715 3265 4783 παρασχεῖν
3306 4710 3644 4780 δυναμένους
3664 4751 3679 4773 ,

2103 4811 2182 4872 εἰς
2199 4806 2267 4861 τὰ
2281 4806 2468 4877 ἀμαθῆ
2489 4804 2614 4875 ἔθνη
2635 4804 2973 4858 ἀποστέλλων
2994 4806 3025 4873 ἡ
3036 4805 3161 4873 μᾶς,
3182 4801 3461 4872 βαπτίζειν
3478 4802 3682 4865 αὐτοὺς

2106 4903 2185 4964 εἰς
2210 4901 2400 4970 ἄφεσιν
2426 4897 2706 4969 ἁμαρτιῶν
2726 4938 2740 4963 ,
2786 4896 3093 4949 ἐνετείλατο
3136 4896 3267 4965 ἡμῖν
3299 4894 3565 4963 πρότερον
3594 4894 3682 4946 δι-

1580 5114 1602 5139 ο
1636 5100 1823 5155 Matth.
1856 5118 2058 5168 nvm,
2090 5103 2175 5156 l9.

1736 5321 1971 5377 VARUE
2008 5316 2403 5375 LECTIONES.

505 5466 552 5507 ⁸⁸
581 5466 630 5518 εἰ
689 5463 755 5517 Ο.
835 5462 874 5495 ¹⁹
919 5460 993 5514 Ita
1027 5458 1071 5513 0
1139 5467 1192 5513 et
1231 5475 1296 5513 ex
1351 5458 1582 5527 conject.
1641 5458 1682 5509 (ἶ
1721 5498 1734 5522 ,

435 5538 478 5570 ’ί
521 5536 647 5606 χθές
686 5532 749 5587 Ο.
786 5531 923 5587 Tum
941 5532 1242 5606 ﬁngere»
1279 5532 1423 5606 conj.
1586 5528 1671 5606 ἐνέ

436 5600 628 5661 melius
668 5605 898 5658 abesset.
937 5602 993 5655 S.
1059 5600 1118 5631 7”
1142 5600 1371 5669 Χριστός
1415 5601 1539 5654 add.
1582 5615 1631 5653 c.
1657 5600 1720 5651 0.

1788 5457 1841 5509 in
1901 5457 2009 5519 cui.
2052 5464 2199 5509 textu
2263 5452 2376 5505 καί.
2445 5448 2661 5503 Excidit
2714 5462 2799 5515 ap.
2846 5445 2936 5519 Cl_
2967 5452 3034 5519 et

1750 5544 1864 5579 ειαν
1886 5529 1953 5580 C.
1975 5525 2037 5579 Ο.

1712 5545 1864 5595 γειαν
1886 5545 1953 5593 υ,
1975 5545 2037 5579 υ.
2155 5545 2196 5554 ⁵·
2229 5545 2487 5592 εναργεια
2517 5545 2581 5572 cx
2619 5545 2847 5585 υυιυιχι.
2881 5545 2938 5567 un
2971 5556 2983 5578 ,
3022 5545 3226 5585 ινιριςι

1712 5637 1720 5649 .
1817 5597 1861 5629 ⁸⁸
1896 5596 2025 5648 Post
2074 5594 2242 5647 ταῦτα
2269 5594 2471 5647 excidit
2518 5589 2752 5641 fortasse
2788 5583 3013 5655 πρῶτον
3043 5584 3226 5653 news.

3232 5442 3279 5473 '°
3332 5442 3426 5495 καί
3454 5458 3569 5495 om.
3600 5442 3673 5495 Ο.

2154 5526 2197 5554 ²¹
2229 5524 2487 5592 ἐνάργεια
2517 5534 2581 5572 ex
2619 5511 2847 5585 conject.
2881 5516 2938 5567 Cl
2971 5556 2983 5578 ,
3022 5515 3268 5585 ἐνέργεια
3285 5511 3425 5572 (1,0.
3509 5511 3553 5540 ’³
3576 5512 3670 5565 καὶ

2154 5594 2242 5647 ὅτα
2269 5594 2471 5647 excidit
2518 5589 2752 5641 fortasse
2788 5583 3000 5648 πρῶτον
3043 5584 3226 5648 news.
3343 5583 3386 5611 ’⁸
3416 5581 3570 5648 λόγον
3602 5581 3669 5636 Ο.

436 5679 479 5709 ³⁷
508 5675 721 5744 δαπανᾷ
752 5672 816 5727 0.
882 5672 937 5744 ν²⁶
966 5651 1243 5744 ἐκφέρειν
1270 5651 1520 5744 proponit
1562 5651 1635 5744 S._
1701 5669 1743 5698 "
1772 5684 1825 5744 τι
1851 5668 2045 5744 deesse
2089 5667 2224 5744 vidit
2337 5662 2482 5744 :jaIn
2531 5658 2771 5744 accessit.
2798 5651 2862 5708 ex
2892 5652 2956 5744 ρ(
2987 5651 3279 5744 Ριξξιειιςμή
3306 5668 3356 5705 c.
3401 5651 3667 5744 (gredner.

434 5746 601 5800 Boitr.
634 5722 839 5812 “1297;
866 5743 951 5798 ἵνα
975 5722 1201 5812 uterque
1414 5722 1587 5806 ξιιμ,
1610 5722 1699 5792 ἵνα
1734 5738 1804 5808 μή
1829 5735 1974 5805 c0‘nj.
2008 5736 2066 5790 (1.
2147 5736 2189 5767 ⁸ο
2232 5733 2309 5804 μὴ
2336 5722 2561 5802 ἀνόητον
2594 5746 2645 5799 p.
2680 5722 2968 5796 ἀνόητονο.
3052 5724 3094 5755 ³³
3128 5722 3337 5784 εἰδότας
3372 5722 3555 5776 πάντα
3599 5722 3663 5773 C.
