3860 6210
197 317 295 376 589

1234 302 1695 361 CLEMENTINA.
1738 337 1803 346 ν·-
1844 303 2131 359 IIOMILIA
2171 297 2331 357 XVIE.

3341 300 3447 359 ειη)

196 434 343 499 δάξαι
384 431 594 494 αὐτούς’
647 431 739 500 ἀφ’
779 422 852 482 ὧν
890 427 1119 481 ἐντολῶν
1159 426 1298 496 αῦτη
1338 427 1382 457 ³³
1425 425 1614 495 πρώτη
1664 425 1756 477 καὶ

1862 423 2188 476 doceremus
2217 421 2340 475 illos
2368 435 2381 472 :
2419 433 2485 474 ex
2523 418 2726 490 quibus
2760 419 3034 475 mandatis
3066 422 3169 475 hoc
3202 420 3443 489 primum

202 525 394 601 μεγάλη
417 525 689 593 τυγχάνει,
723 524 785 575 τὸ
816 522 1120 593 φοϐηθῆναι
1153 520 1356 592 Κύριον
1378 519 1469 571 τὸν
1506 518 1637 570 Θεὸν
1665 517 1759 570 καὶ

200 617 340 689 αὐτῷ
391 616 530 687 μόνῳ
572 614 875 685 λατρεύειν.
922 613 1056 666 Θεὸν
1105 612 1163 665 δὲ
1218 611 1499 680 φοϐεῖσθαι
1553 612 1759 663 ἐκεῖνον

198 707 358 771 εἶπεν,
384 703 442 762 οὗ
462 710 511 760 οἱ
540 707 757 775 ἄγγελοι
787 706 835 738 ³⁸
852 706 961 759 τῶν
986 709 1042 759 ὲν
1070 707 1200 775 ἡμῖν
1228 704 1526 774 ἐλαχίστων
1553 702 1759 754 πιστῶν

198 804 249 854 ἐν
279 801 351 872 τῷ
374 799 585 872 οὐρανῷ
608 800 872 870 ἑστήκασι
900 796 1230 869 θεωροῦντες
1252 795 1314 847 τὸ
1346 795 1640 865 πρόσωπον
1664 792 1757 845 τοῦ

197 892 395 963 Πατρὸς
419 889 723 953 διαπαντός.
754 889 986 959 Μορφὴν
1009 887 1117 958 γὰρ
1138 886 1250 956 ἔχει
1278 886 1408 955 (52),
1432 885 1517 937 διὰ
1544 884 1758 954 πρῶτον

196 984 283 1039 καὶ
308 984 458 1054 μόνον
486 982 681 1045 κάλλος
706 984 800 1035 καὶ
841 981 1018 1034 πάντα
1044 977 1177 1050 μέλη
1199 1019 1213 1041 ,
1243 979 1303 1030 οὐ
1337 977 1426 1030 διὰ
1452 978 1664 1049 χρῆσινο
1696 977 1757 1029 ού

197 1076 294 1147 γὰρ
321 1074 405 1128 διὰ
408 1074 583 1151 ,τοῦτο
615 1072 926 1143 ὀφθαλμοὺς
968 1071 1101 1140 ἔχει,
1140 1071 1225 1122 ἵνα
1252 1069 1459 1122 ἐκεῖθεν
1484 1068 1656 1141 βλέπῃ
1692 1069 1753 1099 ³⁸³

198 1166 513 1238 πανταχόθεν
544 1166 653 1237 γὰρ
684 1166 806 1236 ὁρᾷ,
828 1165 921 1217 τοῦ
957 1166 1013 1216 ἐν
1040 1166 1171 1234 ἡμῖν
1198 1162 1485 1233 βλεπτικοίἷ
1514 1162 1757 1232 πνεύμα-

196 1277 277 1323 τος
306 1258 707 1329 ἁπαραὸλήτως
729 1256 1109 1329 λαμπρότερος
1147 1254 1221 1307 ὣν
1259 1254 1320 1307 τὸ
1354 1254 1511 1324 σῶμα
1554 1254 1619 1316 ³⁵,
1666 1253 1759 1306 καὶ

196 1352 379 1415 παντὸς
592 1328 992 1422 στιλπνότεξος,
1021 1349 1097 1411 ὼς
1119 1348 1255 1419 πρὸς
1281 1347 1566 1417 σύγκρισιν
1592 1345 1757 1398 αὐτοῦ

194 1443 248 1496 τι
276 1410 560 1513 ἡλιοιῖεἶῶξ
588 1410 904 1510 λογιέἕθῆναὶ
935 1440 1143 1503 σκότος.
1167 1410 1323 1492 "axx
1349 1440 1469 1492 οὐδὲ
1490 1438 1577 1492 διὰ
1598 1438 1759 1534 {0510

189 1524 294 1584 ὦτα
319 1530 445 1599 ἔχει,
475 1530 564 1583 ἵνα
590 1529 764 1603 ἀκούῃ
787 1570 800 1594 ,
829 1530 1163 1600 πανταχόθεν
1210 1529 1319 1601 γὰρ
1364 1530 1571 1592 ἀκούει,
1610 1524 1721 1582 ιῖοεῖ
1741 1572 1755 1593 ,

193 1624 318 1675 κινεί
345 1622 408 1684 ³⁸,
456 1623 701 1694 ἐνεργεῖ,
746 1624 891 1674 ποιεῖ
915 1662 927 1674 .
966 1622 1076 1691 Τὴν
1117 1622 1175 1673 δὲ
1220 1622 1511 1691 καλλίστην
1548 1622 1758 1693 μορφὴν

191 1714 292 1783 ἔχει
318 1713 380 1765 δι’
412 1713 719 1784 ἄνθρωπον,
759 1714 845 1769 ἵνα
875 1715 923 1765 οἱ
945 1713 1176 1784 καθαροὶ
1207 1716 1273 1785 τῇ
1303 1714 1500 1783 καρδίᾳ
1529 1714 1570 1745 ³⁷
1596 1715 1756 1767 αὐτὸν

195 1777 309 1859 ἰόεῖν
330 1777 649 1874 δυνηθίθσιν,
680 1805 766 1859 ἵνα
795 1804 1005 1875 χαρῶσι
1038 1777 1107 1857 δέ
1134 1804 1168 1857 ἆ
1200 1777 1319 1858 cui:
1345 1777 1393 1835 "’-
1414 1777 1589 1858 ταῦτα
1619 1804 1751 1857 ὑπέ-
1789 1777 1828 1833 Β

193 1909 386 1961 μειναν.
413 1893 456 1944 Τ
458 1894 491 1963 ᾔ
516 1892 625 1963 γὰρ
649 1892 812 1947 αὐτοῦ
838 1896 1019 1964 μορφῇ
1044 1892 1121 1956 ὡς
1143 1896 1199 1946 ὲν
1234 1894 1463 1967 μεγίστῃ
1500 1895 1753 1966 σφραγῖδι

128 1992 129 1995 ‘
190 1983 271 2035 τὸν
300 1982 584 2054 ἄνθρωπον
618 1984 1007 2049 διετυπώσατο,
1036 1986 1184 2047 ὅπως
1211 1986 1465 2038 ἁπάντων
1498 1988 1638 2059 ἄρχῃ
1664 1989 1755 2039 καὶ

191 2072 424 2145 κυριεύῃ,
459 2072 556 2125 καὶ
598 2072 774 2125 πάντα
800 2072 946 2143 αὐτῷ
982 2072 1227 2145 δουλεύῃ.
1258 2073 1348 2144 Διὸ
1386 2072 1577 2144 κρίνας
1615 2069 1755 2125 εἶναι

189 2159 244 2213 τὸ
283 2162 386 2214 πᾶν
416 2162 582 2215 αὐτὸν
602 2201 617 2223 ,
654 2162 748 2215 καὶ
779 2161 877 2232 τὴν
908 2160 1072 2214 αὐτοῦ
1100 2162 1284 2215 εἰκόνα
1310 2162 1401 2214 τὸν
1441 2163 1752 2234 ἄνθρωπον,

189 2252 339 2316 αὐτὸς
374 2252 624 2324 ἀόρατος,
666 2253 783 2324 ἡδὲ
824 2253 987 2305 αὐτοῦ
1026 2252 1191 2306 εἰκὼν
1237 2253 1264 2304 ὁ
1296 2253 1581 2325 ἄνθρωπος
1624 2254 1756 2325 όρα-

184 2342 269 2406 τὸς
293 2344 354 2407 ³⁸,
388 2345 417 2396 ὁ
443 2344 606 2397 αὑτὸν
642 2345 817 2397 σέϐειν
849 2345 1017 2398 θέλων
1047 2346 1146 2415 τὴν
1192 2346 1393 2416 όρατὴν
1427 2346 1592 2399 αὑτοῦ
1623 2349 1759 2416 τιμᾷ

184 2431 373 2497 εικόνα,
398 2433 537 2504 ὅπερ
576 2434 723 2486 ἐστὶν
748 2433 1049 2506 ἄνθρωπος.
1080 2435 1148 2487 "0
1181 2451 1234 2487 τι
1265 2434 1331 2489 ἂν
1363 2432 1456 2489 οῦν
1486 2453 1570 2499 τις
1602 2437 1757 2507 ποιή-

185 2537 247 2593 σῃ
273 2522 317 2555 ⁸⁸
344 2523 649 2595 ἀνθρώπῳ,
686 2524 794 2578 εἴτε
831 2525 1033 2593 ἀγαθὸν
1079 2526 1187 2579 εἴτε
1222 2527 1409 2590 κακὸν,
1442 2529 1521 2591 εἰς
1552 2530 1756 2583 ἐκεῖνον

182 2615 521 2687 ἀναφέρεται.
574 2618 667 2695 Διξ
706 2620 801 2672 καλ⁹
840 2621 872 2689 ἡ
920 2618 979 2683 ἐξ
1022 2618 1184 2672 αὑτοῦ
1230 2618 1410 2682 κρίσις
1454 2621 1588 2673 πᾶσι
1634 2623 1755 2675 κατ’

181 2708 325 2773 ἀξίαν
349 2710 701 2780 ἀπονέμουσα
745 2711 958 2784 ἑκάστῳ
991 2710 1375 2782 προελεύσεται
1409 2712 1476 2764 ⁵¹.
1508 2712 1551 2763 Τ
1554 2710 1618 2782 ὴν
1648 2712 1756 2783 γὰρ

181 2800 331 2854 αὐτοῦ
360 2801 577 2873 μορφὴν
610 2802 836 2857 ὲκδικεί.

258 2882 379 2939 VIII.
416 2885 579 2939 Ἀλλὰ
604 2888 649 2919 δ’
677 2889 792 2958 ἐρεῖ
814 2905 919 2951 τιςο
949 2889 1012 2941 El
1042 2890 1260 2961 μορφὴν
1293 2889 1428 2960 ἕχει,
1453 2889 1547 2943 καὶ
1574 2890 1759 2961 σχῆμα

187 2971 289 3043 ἔχει
322 2978 413 3029 καὶ
445 2979 502 3029 ἐν
524 2976 679 3047 τόπῳ
705 2978 870 3031 ἐστίν·
898 2980 957 3031 ὲν
983 2980 1133 3051 τόπῳ
1158 2981 1213 3034 δὲ
1238 2980 1313 3034 ὣν
1346 2982 1441 3035 καὶ
1468 2983 1559 3035 ὑπ’
1593 2983 1757 3036 αὐτοῦ

187 3064 556 3134 περιεχόμενος
610 3066 686 3129 ὡς
733 3068 933 3137 ἥττων,
985 3070 1103 3133 πῶς
1151 3071 1292 3157 ὑπὲρ
1338 3072 1517 3125 πάντα
1555 3064 1615 3103 ⁴³’
1642 3074 1758 3126 ἐστὶ

190 3152 378 3222 μέγας
408 3156 531 3219 Πῶς
565 3156 623 3209 δὲ
658 3158 750 3211 καὶ
792 3160 1042 3230 πανταχῆ
1086 3152 1227 3214 εἶναί
1260 3162 1500 3225 δύναται,
1538 3163 1595 3216 ἐν
1624 3165 1757 3233 σχή-

190 3261 307 3313 ματι
350 3244 463 3311 (iw;
519 3248 666 3318 Πρὸς
703 3249 796 3302 τὸν
840 3249 1016 3304 ταῦτα
1065 3250 1292 3320 λέγοντα
1347 3254 1561 3325 πρῶτον
1612 3254 1750 3307 ἔστικ

187 3335 362 3388 εἰπεῖν·
412 3338 657 3391 Τοιαῦτα
701 3340 831 3411 περὶ
883 3341 1047 3395 αὐτοῦ
1094 3344 1151 3396 αἱ
1192 3345 1407 3415 Γραφαὶ
1446 3344 1492 3375 ⁸⁵
1546 3350 1756 3417 φρονεῖν

188 3428 417 3482 πείθουσι
449 3432 547 3484 καὶ
580 3432 876 3484 πιστεύεινο
905 3434 1065 3503 ἡμεῖς
1090 3434 1148 3487 δὲ
1174 3434 1394 3505 ἀληθεῖς
1418 3436 1759 3507 γινώσκομεν

188 3515 276 3580 τὰς
303 3519 463 3592 3m
491 3522 796 3591 ἀποφάσεις
821 3522 866 3554 ⁸⁸
897 3525 1348 3595 μαρτυρουμένας
1380 3526 1485 3578 ὑπὸ
1515 3526 1608 3579 τοῦ
1643 3530 1755 3581 Κυ-

194 3607 295 3676 ρίου
336 3611 493 3681 ήμῶν
550 3613 728 3707 Ἰησοῦ
768 3615 1039 3685 Χριστοῦ,
1086 3610 1147 3670 οὗ
1187 3617 1326 3670 κατὰ
1371 3617 1620 3672 κέλευσιν
1657 3619 1757 3682 τὰς

253 3762 277 3790 ι
301 3750 487 3808 Matth.
523 3770 693 3823 xvm,
726 3755 813 3811 10.
891 3756 924 3795 δ
947 3754 1141 3812 Matth.
1179 3774 1232 3823 v,
1293 3757 1345 3811 8.

1859 523 1913 568 et
1940 528 2198 583 magnum
2225 520 2331 578 est,
2356 511 2551 566 timere
2579 510 2871 566 Dominum
2899 511 3095 577 Deum,
3118 521 3174 566 et
3196 513 3301 583 ipsi
3340 513 3443 567 soli

1860 605 2085 659 servire.
2120 603 2275 657 Illum
2318 618 2449 657 vero
2477 602 2647 657 Deum
2677 603 2868 657 timere
2892 602 3098 672 jussit,
3131 604 3290 672 cujus
3341 619 3446 663 an-

1861 695 1964 762 geli
1992 734 2006 757 ,
2042 694 2134 763 qui
2181 704 2308 748 sunt
2346 694 2699 748 minimorum
2731 694 2874 763 apud
2913 710 3014 749 nos
3046 694 3288 748 fidelium
3312 734 3327 757 ,
3385 694 3441 745 in

1860 785 2000 838 CtBIO
2022 792 2189 845 stant,
2214 798 2427 852 semper
2452 783 2887 850 contemplantes
2942 780 3136 837 faciem
3185 782 3364 840 Patris
3388 793 3436 833 ι.

1861 877 2112 931 Formam
2160 878 2306 931 enim
2360 876 2564 940 habet,
2614 886 2835 945 propter
2886 881 3119 945 primam
3164 889 3219 932 et
3262 879 3437 933 solam

1859 970 2362 1041 pulchritudinem;
2395 968 2559 1021 habet
2584 968 2776 1021 omnia
2811 969 3052 1025 membra
3078 1010 3093 1035 ,
3134 984 3241 1025 non
3275 988 3441 1040 prop-

1862 1074 1944 1116 ter
1977 1076 2134 1116 usum
2172 1080 2183 1114 :
2226 1075 2333 1113 non
2368 1060 2513 1113 enim
2565 1059 2685 1112 ideo
2726 1059 2892 1112 habet
2936 1061 3167 1123 oculos,
3208 1072 3267 1115 ut
3313 1063 3439 1116 inde

1860 1154 2059 1216 vid-nat,
2093 1152 2220 1221 quia
2248 1151 2423 1205 cernit
2456 1150 2721 1219 undique,
2750 1164 2982 1219 corpore
3021 1152 3437 1222 incomparabi-

1861 1246 1987 1298 liter
2024 1244 2259 1299 lucidior
2299 1252 2490 1296 nostro
2523 1241 2720 1294 visuali
2760 1243 2998 1310 spiritu,
3027 1251 3084 1297 et
3128 1246 3276 1299 omni
3315 1246 3439 1301 lucc

1862 1334 2215 1404 Splendidior,
2265 1334 2402 1387 adeo
2451 1340 2511 1385 ιιι
2560 1333 2609 1385 ei
2659 1341 3039 1400 comparatum
3076 1335 3208 1390 solis
3255 1337 3435 1391 lumen

1860 1445 1958 1498 pro
1992 1426 2231 1480 tenebris
2262 1433 2563 1495 reputetur.
2600 1422 2707 1475 Sed
2754 1437 2855 1476 nec
2886 1423 3008 1479 ideo
3042 1425 3205 1479 habet
3234 1442 3396 1481 aures
3418 1465 3436 1491 ,

1860 1530 1919 1574 ut
1951 1519 2157 1582 audiat,
2191 1518 2316 1587 quia
2349 1517 2499 1571 omni
2521 1531 2587 1568 ex
2621 1526 2775 1583 parte
2804 1516 2976 1580 audit,
3008 1515 3282 1587 intelligit,
3316 1534 3438 1570 mo-

1858 1623 1966 1677 vet,
2009 1620 2289 1680 operatur,
2326 1609 2477 1663 facit.
2507 1607 2940 1663 Pulcherrimam
2970 1617 3152 1661 autem
3200 1608 3433 1662 formam

1860 1705 2022 1759 habet
2054 1714 2273 1775 propter
2321 1706 2636 1770 hominem,
2691 1717 2802 1774 quo
2853 1704 3042 1758 mundi
3085 1703 3251 1757 corde
3283 1703 3436 1756 illum

1858 1797 2041 1851 videre
2067 1798 2285 1868 possint
2313 1798 2364 1863 δ,
2401 1809 2461 1850 ιιι
2498 1813 2597 1865 pro
2628 1796 2695 1850 iis
2723 1810 2845 1863 quae
2895 1796 3040 1864 passi
3089 1803 3217 1849 sunt
3246 1794 3435 1848 laeten-

1857 1894 1965 1938 tur.
1989 1884 2125 1939 Nam
2160 1886 2227 1939 ad
2269 1901 2423 1940 suam
2472 1885 2705 1940 formam
2743 1886 2889 1940 velut
2927 1886 2993 1939 ad
3027 1885 3328 1939 maximum
3358 1885 3435 1939 si-

1857 1980 2041 2047 gillum
2069 1979 2344 2033 hominem
2377 1979 2611 2039 effinxit.
2647 1988 2707 2032 ut
2734 1979 2995 2032 omnibus
3034 1979 3323 2046 imperaret
3369 1993 3436 2031 ac

1856 2071 2252 2135 dominaretur,
2280 2079 2333 2124 et
2359 2080 2557 2124 cuncta
2586 2070 2635 2123 ei
2664 2070 2958 2125 servirent.
2987 2069 3169 2135 Quare
3197 2069 3436 2122 arbitra-

1858 2168 1947 2213 tus
1970 2176 2029 2214 se
2058 2176 2180 2215 esse
2210 2161 2417 2222 omnia,
2445 2160 2641 2229 suique
2674 2162 2966 2231 imaginem
2992 2178 3115 2218 esse
3145 2164 3426 2218 hominem

1859 2246 1972 2313 (ille
2006 2247 2153 2299 enim
2188 2246 2624 2315 iuaspectabilis,
2655 2248 2837 2318 imago
2871 2260 3054 2303 autem
3089 2250 3237 2305 illius
3268 2251 3441 2304 homo

1857 2336 2109 2403 visibilis)
2138 2354 2151 2389 :
2186 2337 2279 2405 qui
2317 2352 2441 2389 eum
2477 2337 2592 2390 vult
2624 2338 2807 2391 colere
2829 2378 2845 2404 ,
2890 2340 3169 2409 aspcetabi
3194 2355 3280 2394 em
3313 2342 3437 2410 ejus

1860 2426 2095 2480 honorat
2124 2426 2417 2497 imaginem
2445 2467 2461 2493 ,
2492 2427 2596 2483 hoc
2619 2439 2724 2495 est,
2759 2430 3060 2485 hominem.
3092 2430 3250 2498 Quod
3282 2433 3437 2503 quis-

1860 2533 1966 2586 que
1996 2533 2129 2588 ergo
2165 2517 2373 2573 homini
2401 2517 2617 2585 fecerit,
2650 2520 2766 2574 sive
2799 2521 3028 2584 bonum,
3064 2523 3181 2578 sive
3206 2523 3435 2590 malum,

1861 2610 1917 2663 in
1972 2610 2143 2663 Deum
2192 2610 2450 2664 refertur.
2495 2609 2838 2681 Quapropter
2884 2622 2939 2666 ct
2977 2614 3248 2684 judicium
3278 2617 3431 2686 ejus,

1860 2704 2073 2759 cunctis
2107 2718 2205 2773 pro
2249 2704 2445 2759 merito
2491 2705 2835 2769 retribucns,
2889 2706 2957 2760 ad
2989 2723 3439 2780 unumquemque

1860 2796 2157 2864 perveniet.
2191 2794 2327 2850 Nam
2356 2798 2440 2852 sui
2475 2797 2709 2851 formam
2740 2798 3045 2853 ulciscitur.

1935 2884 2068 2941 Vlll.
2104 2885 2209 2941 Sed
2240 2889 2384 2943 dicet
2414 2888 2615 2958 aliquis
2651 2906 2663 2941 :
2700 2887 2758 2942 Si
2803 2889 3034 2944 formam
3068 2892 3235 2947 habet
3274 2903 3331 2949 et
3376 2897 3440 2949 li~

1860 2995 2051 3049 guram
2089 2981 2249 3035 habet
2277 2990 2331 3035 et
2374 2982 2428 3035 in
2472 2982 2595 3035 loco
2626 2991 2737 3048 est;
2771 2982 2827 3036 in
2874 2983 2997 3038 loco
3033 2997 3218 3039 autem
3256 2987 3438 3041 exsis-

1863 3082 1980 3127 tens
2001 3113 2015 3136 ,
2046 3081 2101 3126 et
2135 3073 2204 3126 ab
2244 3072 2364 3141 ipso
2395 3082 2688 3128 contentus
2714 3074 2862 3127 velut
2893 3074 3091 3142 minor,
3116 3093 3228 3146 quo
3272 3081 3442 3134 modo

1866 3178 2030 3232 super
2052 3164 2235 3217 omnia
2266 3178 2498 3233 magnus
2527 3154 2653 3217 est?
2683 3163 2800 3229 Qua
2837 3180 2967 3219 vero
2997 3168 3210 3223 ratione
3238 3170 3441 3240 ubique

1862 3270 1987 3310 esse
2016 3266 2231 3325 potest,
2258 3249 2351 3325 qui
2384 3265 2467 3310 est
2495 3255 2549 3308 in
2583 3255 2801 3325 ﬁgura?
2832 3256 2910 3311 Ad
2944 3259 3045 3313 ista
3090 3260 3441 3324 obiicientem

1864 3348 2042 3416 primo
2069 3348 2387 3418 responderi
2422 3348 2581 3403 debet
2617 3368 2629 3403 :
2662 3347 2787 3403 Haec
2815 3348 2882 3403 de
2907 3364 2974 3403 eo
2999 3352 3203 3406 sentire
3225 3368 3289 3408 ac
3319 3369 3440 3414 cre-

1862 3439 1993 3492 dere
2037 3438 2332 3509 Scriptura:
2381 3440 2636 3495 suadent.
2684 3439 2793 3495 Nos
2842 3450 3025 3495 autem
3056 3458 3217 3499 veras
3250 3460 3442 3499 earum

1864 3530 2165 3585 sententias
2189 3532 2597 3602 COgnOSt'imtlS,
2622 3532 2825 3601 quibus
2854 3534 3232 3588 testimonium
3259 3537 3443 3604 perhi-

1866 3622 1984 3689 bpit
2016 3621 2285 3678 Dominus
2321 3634 2506 3677 noster
2540 3617 2699 3679 Iesus
2720 3623 3000 3690 Christus,
3038 3634 3257 3696 propter
3281 3630 3443 3699 cujus

1486 3893 1717 3949 VARIIE
1758 3893 2158 3949 LECTIONES.

256 4003 294 4036 ³¹
322 4005 483 4091 ltaﬂO.
512 4009 657 4091 e._CI
688 4049 701 4073 ,
735 4008 872 4091 αὐτή
1001 4005 1054 4091 1'
1083 4009 1380 4091 αγγελοιρί
1410 4010 1502 4091 (λη
1536 4009 1897 4091 δξηβλέπειρ.
1931 4011 1985 4091 1'
2019 4009 2190 4091 ὄνομα
2211 4023 2311 4091 pro
2341 4008 2572 4091 φῦμα-ς)
2601 4051 2615 4075 ,
2647 4012 2740 4091 sed
2767 4011 2819 4065 in
2858 4028 3031 4083 marg.
3061 4030 3147 4091 pr.
3174 4034 3323 4091 man.
3348 4037 3440 4091 γρ.

194 4075 346 4145 ὕμμα.
380 4078 430 4151 μ³⁶
451 4082 596 4133 κινεί
623 4081 776 4134 deest
805 4075 871 4133 in'
892 4078 962 4151 0.
999 4080 1043 4111 ³⁷
1064 4075 1180 4149 τὴν
1200 4080 1427 4151 καρδίαν
1461 4078 1524 4134 0.
1569 4075 1615 4111 ³⁸
1648 4081 1737 4133 διὰ
1772 4081 1895 4133 τινα
1927 4079 1990 4134 0.
2070 4075 2336 4151 “opu-:65
2360 4075 2541 4151 addidi
2592 4080 2716 4151 9.0
2745 4100 2756 4135 :
2783 4098 2907 4151 qum
2944 4075 3257 4143 emendatio
3284 4075 3445 4147 Da'v'i-

195 4152 251 4201 sii
276 4149 497 4217 conject.
524 4153 700 4224 ὁρατή
729 4165 783 4217 p.
818 4152 847 4202 ὁ
875 4149 1165 4222 ἄνθρωπος
1199 4149 1531 4219 superlluam
1566 4152 1764 4205 reddit.

195 4218 298 4274 haec
333 4221 506 4274 vertit.
543 4236 704 4274 unaSt
739 4221 838 4274 leai
872 4222 1100 4274 voluerit
1126 4220 1567 4274 ποοσελεύσεται.
1593 4219 1709 4271 S.“
1745 4222 1764 4273 '.

212 4236 298 4275 nec
333 4235 506 4285 vertit,

543 4219 714 4293 quasi
739 4221 838 4293 legi
872 4219 1567 4293 voluqitjrposekedcsrat.
1593 4219 1709 4293 Su“
1742 4220 1889 4293 Ἀλλ’
1923 4221 1963 4275 C
1996 4262 2009 4287 ,
2044 4219 2137 4293 qui
2159 4220 2360 4293 deinde
2384 4220 2510 4293 exh.
2546 4219 2664 4293 ἔχῃ.

3053 4156 3098 4187 ⁴⁵¹
3122 4160 3445 4214 νϐοιριθιήιιε

1864 4152 1910 4182 ⁸ο
1949 4148 2259 4221 ποιήσειίρ.
2296 4148 2540 4221 Subinde
2561 4148 2853 4221 ἄνθρωπον
2886 4151 2948 4206 Ο.

2744 4222 2788 4252 ⁸³³
2816 4223 3022 4296 πάντας
3048 4225 3113 4279 Ο.
3146 4226 3193 4259 ⁸⁸
3215 4230 3269 4280 αἱ
3307 4245 3446 4296 γρα-

196 4294 344 4410 qalet
371 4294 460 4347 καί
495 4290 536 4345 S
564 4288 805 4345 addidit
824 4300 969 4345 auct.
1003 4289 1064 4344 C.
1101 4288 1229 4346 Post
1255 4291 1532 4343 πιστεύειν
1568 4294 1619 4343 in
1644 4289 1688 4345 Ο
1740 4292 1937 4346 lacuna
1972 4288 2240 4359 sequitur,
2276 4288 2363 4342 cui
2405 4291 2475 4342 al.
2505 4288 2654 4343 man.
2681 4288 3029 4375 inseripsitot
3065 4298 3191 4367 περὶ
3229 4288 3443 4367 σίμονα.

240 4377 420 4410 aeuum
449 4372 634 4410 tamen
677 4361 781 4410 hoc
831 4362 1201 4410 additamento
1231 4378 1340 4410 non
1379 4362 1655 4410 exnletur.
1732 4362 1777 4394 ⁸⁸
1820 4362 2126 4410 ἀποφάσεις
2149 4375 2216 4410 ex
2242 4360 2490 4410 maraine
2512 4358 2868 4410 Ottoboniam
2929 4365 2983 4410 in
3019 4375 3149 4410 tan-
3188 4370 3366 4410 nimii-

240 4377 421 4416 acuum
449 4372 634 4417 tamen
677 4361 781 4415 hoc
831 4362 1201 4417 additamento
1230 4378 1340 4416 non
1379 4362 1655 4435 expletur.
1732 4362 1777 4394 ⁸⁸
1820 4358 2126 4430 ἀποφάσεις
2149 4375 2216 4414 ex
2242 4360 2490 4429 margine
2512 4358 2871 4419 Ottoboniani
2929 4365 2985 4419 in
3019 4358 3153 4420 text:
3188 4358 3367 4437 positi.

1492 4497 1857 4555 VARIORUM
1891 4496 2123 4551 NOTAE.

261 4614 364 4686 (52)
394 4614 652 4691 Μορφὴν
679 4616 789 4685 γὰρ
812 4618 958 4691 ἕχει,
991 4625 1095 4673 etc.
1140 4615 1240 4691 Iiie
1266 4616 1405 4691 fuse,
1440 4629 1494 4673 et
1519 4617 1653 4691 alibi
1671 4618 1751 4671 ιο-
1783 4623 1827 4678 D
1856 4618 2155 4672 cutiendum
2194 4626 2291 4679 est,
2352 4617 2440 4670 ubi
2471 4618 2895 4691 consistatillud
2933 4637 2953 4673 :
2991 4620 3077 4691 Ad
3122 4620 3438 4691 imaginem,

202 4698 372 4741 corum
402 4688 565 4742 istius
588 4689 883 4757 apocryphi
915 4687 1128 4742 favetur
1152 4689 1749 4757 Anthropomorphita-

203 4771 310 4810 rum
332 4758 500 4837 errori
530 4773 545 4809 :
576 4772 738 4838 quem
763 4756 1205 4839 antiquissimum
1232 4756 1471 4813 ostendit
1491 4756 1755 4828 Origenes

205 4830 312 4879 cinn
340 4842 391 4880 tn
421 4827 526 4880 ﬁne
581 4827 708 4882 libri
756 4843 913 4893 prum
938 4830 992 4881 in
1040 4827 1336 4893 Eptstolam
1370 4829 1440 4881 ad
1472 4828 1754 4892 Romanos,

205 4846 312 4879 cum
340 4846 391 4880 III
421 4846 526 4880 nne
585 4846 708 4882 IIDI'I
756 4846 913 4893 prum
938 4846 992 4881 ιη
1040 4846 1336 4897 Lptswtam
1370 4846 1439 4881 aa
1472 4846 1754 4892 ιιονηαηοδ,

205 4906 304 4967 t_um
324 4899 462 4965 apud
485 4895 877 4951 Theodoritum
921 4901 1217 4967 quaestione
1249 4899 1340 4961 20,
1393 4901 1443 4951 in
1491 4898 1753 4952 Genesim.

207 4963 402 5038 Etvero
440 4977 629 5022 notatu
680 4963 1037 5036 dignissimus
1093 4977 1177 5024 est
1224 4969 1497 5038 posterior
1553 4969 1752 5038 locus:

208 5036 386 5108 quippe
419 5052 486 5091 ex
523 5052 633 5108 quo
666 5039 846 5107 colligi
882 5039 1044 5092 datur
1089 5036 1284 5093 librum
1317 5039 1588 5093 Melitonis
1631 5037 1758 5091 Sar-

210 5105 374 5180 qensis
403 5105 890 5180 Περὶίὲνσωμάτου
941 5109 1076 5180 Θεοῦ
1124 5122 1482 5180 memoratum
1523 5108 1761 5180 Eusebio

212 5173 343 5230 Hist.
361 5173 500 5250 ‘ecclI
537 5173 747 5250 lib._tv',
786 5193 908 5247 cap.
949 5179 1040 5250 $6,
1074 5188 1129 5233 et
1157 5179 1489 5250 Hieronymo
1517 5179 1761 5250 Catalogi

210 5258 318 5314 cap.
356 5246 444 5311 24,
484 5264 590 5302 non
629 5246 800 5303 fuisse
846 5246 913 5302 de
949 5248 1060 5303 Deo
1091 5246 1396 5310 incantato,
1423 5251 1516 5304 sed
1546 5251 1611 5302 de
1652 5247 1762 5301 Deo

213 5330 469 5391 corporeo.
519 5319 608 5372 Ait
663 5316 963 5391 Origenes:
1003 5320 1440 5391 Προδιαληπτέον
1468 5319 1760 5391 πρότερον,

213 5384 303 5436 ποῦ
328 5387 633 5442 συνίσταται
656 5388 716 5440 τὸ
737 5384 860 5441 κᾶτ’
888 5384 1170 5452 εὶκόνὰ,ὲν
1197 5384 1428 5472 σώματι,
1450 5389 1482 5460 ἢ
1511 5384 1567 5441 ἓν
1593 5384 1759 5509 dux?

217 5453 420 5509 Ἵδωιιεν
458 5454 515 5509 δὲ
559 5459 818 5509 πρότερον
857 5449 939 5509 οἷς
980 5460 1215 5509 γοῶνται
1246 5476 1295 5509 οι
1334 5462 1395 5509 τὸ
1431 5459 1644 5509 πρῶτον
1681 5458 1709 5509 λ
1740 5486 1759 5496 -

217 5453 420 5524 Ἵδωμεν
458 5454 515 5530 QE
559 5459 818 5530 πρότερον
857 5449 939 5521 οἷς
980 5449 1215 5530 χρῶνται
1246 5449 1295 5511 οἷ
1334 5462 1395 5512 τὸ
1418 5449 1644 5530 ’πρῶτόν
1671 5449 1767 5509 ’λὲ-

216 5522 409 5601 γογτὲςς
457 5522 532 5582 ὧν
574 5522 690 5582 ἐστι
720 5522 819 5601 καὶ
847 5522 1112 5601 Μλελίτων,
1160 5522 1567 5601 συγγράμματα
1592 5544 1764 5601 κατα-

218 5591 462 5671 teth
493 5602 619 5671 περὶ
651 5599 745 5671 τοῦ
776 5591 1286 5670 ἐνσώματονέἷναί’
1305 5591 1396 5653 τὸν
1424 5591 1576 5671 Θεόν.

218 5661 315 5735 γὰρ
337 5664 465 5722 Θεοῦ
490 5661 863 5752 ονομαζόμενα
892 5661 1255 5743 εὗρίσκοντες,
1303 5682 1411 5726 etc.
1458 5670 1617 5724 Prius
1647 5661 1763 5724 dis-3

1858 4690 1913 4743 in
1956 4704 2191 4759 carpare,
2233 4704 2302 4739 an
2351 4693 2406 4739 in
2436 4690 2651 4759 anima.
2704 4690 2773 4742 Et
2807 4692 2861 4742 in
2914 4690 3102 4759 primis
3147 4690 3440 4759 videamus,

1859 4758 2046 4829 quibus
2099 4766 2320 4829 utantur
2353 4758 2443 4826 qui
2477 4761 2625 4827 prius
2658 4758 2963 4813 asserunt:
3016 4777 3044 4813 ε
3082 4777 3305 4829 quorum
3353 4758 3445 4815 nu-

1859 4826 2001 4881 θηενο
2033 4837 2109 4879 est
2145 4826 2349 4900 Melite,
2379 4826 2696 4899 qui’scripta
2730 4829 2943 4900 reliquit
2965 4830 3029 4882 de
3058 4826 3117 4883 eo
3139 4832 3277 4900 quod
3304 4831 3442 4886 Deus

1860 4914 2137 4965 corporeus
2167 4898 2257 4970 sit.
2295 4897 2530 4970 Membra
2571 4897 2710 4953 enim
2742 4897 2849 4951 Dei
2866 4900 3131 4970 appellata
3150 4897 3276 4955 'cum
3300 4918 3445 4970 repe-

1862 4970 2029 5031 riunt,
2063 4976 2169 5021 etc.
2206 4967 2523 5023 Gennadius
2550 4984 2670 5031 cap.
2708 4970 2742 5022 4
2798 4967 2920 5023 libri
2948 4969 3037 5022 'De
3069 4967 3443 5026 ecclesiasticis

1861 5038 2195 5107 dogmatibus
2234 5049 2258 5112 ⁸ε
2313 5037 2467 5112 Nili”
2508 5041 2560 5093 in
2610 5037 2874 5112 Trinitate
2928 5040 3217 5112 credamus
3259 5058 3444 5112 corpo-

1867 5124 2033 5181 reum,
2060 5108 2273 5181 uthvult
2304 5107 2486 5161 Melita
2514 5118 2563 5181 et
2616 5109 2975 5181 Tertullianus
3020 5125 3038 5161 :
3084 5111 3220 5163 nihil
3259 5107 3448 5181 corpo-

1866 5178 2054 5231 raliter
2078 5178 2378 5247 elﬁgiatum,
2411 5188 2466 5230 ut
2498 5180 3019 5247 Anthropomorplms
3043 5190 3093 5233 et
3124 5178 3401 5235 Audianus
3442 5198 3447 5201 ‘

1870 5248 2005 5317 nihil
2036 5248 2137 5301 sibi
2164 5247 2443 5317 invisibile,
2474 5259 2531 5301 ut
2559 5248 2839 5317 Origenes;
2866 5250 2997 5302 nihil
3034 5252 3289 5303 creaturis
3323 5253 3451 5305 visi—

1869 5316 1991 5380 bile,
2045 5328 2101 5370 ut
2152 5316 2501 5370 Fortunatus.
2557 5316 2867 5373 Pos’teriora
2913 5320 3100 5382 verba,
3148 5321 3249 5373 etsi
3294 5330 3450 5374 extra

1868 5402 2006 5453 rem,
2046 5388 2166 5441 ideo
2205 5387 2479 5455 prioribus
2534 5389 2810 5457 subjunxi,
2866 5397 2924 5441 ut
2970 5404 3248 5442 monerem
3285 5405 3449 5443 voces

1873 5475 1905 5511 a
1927 5458 2184 5511 creaturis
2218 5472 2341 5525 quae
2382 5465 2502 5523 post
2534 5458 2636 5510 sibi
2687 5458 2949 5510 invisibile
2987 5467 3272 5527 ponuntur
3300 5459 3354 5512 in
3386 5460 3452 5510 li-

1868 5528 1981 5583 bris
2017 5528 2197 5589 editis,
2225 5541 2346 5580 esse
2372 5527 2577 5597 variam
2606 5528 2891 5582 lectionem
2921 5530 2987 5582 ad
3019 5528 3276 5581 creaturis
3304 5528 3451 5597 quod

1876 5599 2155 5667 sequitur:
2184 5596 2353 5667 Certe
2390 5596 2588 5650 absunt
2636 5612 2665 5650 a
2718 5612 2853 5651 mss.
2902 5599 3065 5652 etiam
3107 5612 3250 5659 meo,
3287 5606 3343 5667 et
3382 5598 3452 5650 ab

1875 5664 2089 5725 Alcuini
2116 5664 2471 5735 Confessione,
2496 5682 2829 5738 sensumque
2852 5667 3240 5725 interturbant.
3277 5666 3413 5724 Cor.
