3860 6210
166 331 281 388 333

1239 328 1694 386 CLEMENTINA.
1750 361 1817 370 —
1857 327 2140 385 IIOMILIA
2189 328 2348 383 XVII.

3324 326 3430 385 59$

168 451 269 507 τοῦ
303 450 561 516 ζωοποιὸν
601 452 695 505 xui.
733 450 996 522 φρόνιμον
1023 450 1184 521 342
1213 451 1528 503 ἐκτείνουσα
1573 448 1756 519 φύσιν.

1866 448 2043 501 vidam
2081 447 2414 516 protendens
2451 444 2691 499 divinam
2738 455 3011 501 naturam.
3041 443 3156 500 Hoc
3178 445 3342 516 igitur
3363 461 3430 501 ex

168 545 349 600 τοῦτο
376 542 468 599 οὖν
498 544 643 612 τὸ“ἐξ
676 544 841 598 αὑτοῦ
872 543 1206 613 πανταχόθεν
1227 544 1451 614 ἄπειρον
1473 544 1518 574 ⁸⁹
1543 542 1758 613 ἀνάγκη

169 637 318 695 εἶναι
367 638 619 711 καρδίαν,
667 638 789 709 ἔχον
830 638 923 691 τὸν
959 638 1127 701 ὅντως
1159 637 1302 715 ὑπὲρ
1335 636 1512 689 πάντα
1537 638 1593 687 ἐν
1629 636 1759 705 σχή-

171 750 329 803 ματι,
354 731 433 793 ὃς,
464 731 598 784 ὅπου
636 729 756 784 πότ’
783 728 848 783 ἂν
879 725 937 801 ᾗ,
971 728 1048 793 ὡς
1077 730 1135 781 ὲν
1165 728 1375 799 ἀπείρῳ
1404 727 1565 798 μέσος
1589 727 1755 789 ἐστὶν,

163 818 264 871 τοῦ
304 817 505 881 παντὸς
551 818 815 889 ὑπάρχων
847 818 992 889 ὅρος.
1045 818 1162 870 Ἀπ’
1194 818 1359 871 αὑτοῦ
1392 814 1484 871 οὖν
1516 818 1756 889 ἀρχόμε-

163 927 259 963 ναι
302 910 358 963 αί
410 910 663 973 ἐκτάσεις
680 911 725 942 ⁸⁸
753 910 811 979 ἐξ
853 910 1172 979 ἀπεράντων
1215 910 1396 980 έχουσι
1436 910 1535 982 τὴν
1572 910 1754 980 φύσιν.

168 991 270 1049 Ὧν
313 997 343 1048 6
392 996 491 1067 μὲν
524 998 619 1050 ἀπ’
648 997 813 1051 αὐτοῦ
851 997 1034 1051 λαϐὼν
1064 1000 1163 1068 τὴν
1196 999 1370 1075 ἀρχὴν
1402 999 1685 1055 διικνεῖται
1710 1001 1756 1034 ⁸⁸

165 1091 252 1152 εἰς
290 1089 426 1159 ὕψος
456 1089 587 1155 ἀνω,
616 1092 646 1143 6
674 1090 731 1143 δὲ
762 1092 842 1154 είς
866 1090 1028 1162 βάθος
1065 1092 1238 1154 κάτω,
1274 1094 1302 1146 6
1340 1092 1397 1145 δέ
1430 1095 1523 1148 ἐπὶ
1553 1093 1755 1160 δεξιὰν,

166 1183 200 1234 ό
227 1182 286 1235 δέ
312 1183 405 1236 ἐπὶ
435 1182 616 1246 λαιὰν,
646 1184 674 1237 ό
704 1183 762 1236 δέ
785 1183 1111 1255 ἔμπροσθεν,
1141 1187 1169 1239 6
1194 1184 1249 1238 δέ
1281 1185 1522 1250 ὄπισθεν,
1557 1188 1636 1251 είς
1663 1185 1758 1249 οὒς

169 1272 340 1336 αὐτὸς
366 1272 692 1333 ἀποϐλέπων
718 1273 795 1336 ὡς
829 1274 911 1335 εἰς
948 1274 1180 1345 ἀριθμὸν
1212 1275 1545 1346 πανταχόθεν
1577 1272 1691 1329 ἴσον
1713 1276 1757 1307 ⁸⁸

161 1366 446 1437 χρονικοῖς
476 1365 535 1432 ἒξ
566 1365 897 1438 διαστήμασι
927 1367 1169 1419 συντελεῖ
1187 1367 1233 1398 ⁸³
1264 1366 1355 1421 τὸν
1395 1367 1619 1439 κόσμον,
1656 1370 1757 1422 αὐ-

160 1457 261 1520 τὸς
293 1457 599 1521 ἀνάπαυσις
628 1457 705 1512 ὢν
744 1459 840 1512 καὶ
877 1459 967 1512 τὸν
1012 1459 1267 1531 ἐσόμενον
1317 1459 1544 1532 ἄπειρον
1587 1459 1759 1515 αίῶνα

160 1546 356 1603 εἰκόνα
378 1549 537 1620 ἔχων,
567 1548 711 1620 ἀρχὴ
740 1547 816 1601 ὣν
848 1549 943 1602 καὶ
962 1547 1211 1620 τελευτή.
1237 1550 1334 1613 Εἰς
1359 1550 1523 1604 αὐτὸν
1554 1551 1662 1623 γὰρ
1688 1552 1759 1611 τὰ

160 1640 225 1707 ἓξ
276 1641 486 1711 ἄπειρα
535 1640 782 1711 τελευτᾷ,
826 1639 922 1694 καὶ
962 1640 1057 1693 ἀπ’
1091 1639 1255 1693 αὑτοῦ
1290 1641 1390 1712 τὴν
1422 1642 1502 1704 είς
1532 1643 1758 1716 ἄπειρον

159 1733 395 1787 ἔκτασιν
418 1733 463 1763 ⁸⁵
491 1731 780 1803 λαμϐάνει.

1860 538 1953 591 illo
1985 538 2232 606 undique
2258 535 2531 590 infinitum
2559 536 2872 589 necessario
2896 543 2979 589 est
3004 550 3119 599 cor,
3159 534 3433 605 habetque

1859 628 1913 681 in
1960 628 2130 697 ﬁgura
2185 644 2308 682 eum
2362 626 2455 696 qui
2497 642 2625 681 vere
2662 634 2857 681 cuncta
2903 636 3156 694 superat,
3191 624 3283 694 qui
3312 624 3435 679 uhi-

1857 735 2077 789 cunque
2103 719 2288 783 fuerit,
2324 719 2473 773 velut
2508 719 2562 773 in
2598 718 2811 773 infinito
2837 719 3052 773 medius
3074 726 3178 779 est,
3214 718 3436 771 univer-

1862 812 2018 881 sique
2042 810 2334 866 terminus.
2362 809 2444 864 Ab
2466 826 2530 864 eo
2552 810 2716 879 igitur
2740 809 3065 879 incipientes
3089 809 3435 863 extensiones

1859 918 1924 955 ex
1960 902 2245 955 immensis
2287 901 2490 955 habent
2534 910 2809 955 naturam.
2847 898 3093 965 Quorum
3140 899 3277 953 alter
3312 900 3439 969 qni-

1858 992 2007 1055 dem,
2035 991 2102 1044 ab
2135 1005 2202 1045 eo
2225 991 2439 1044 initium
2478 989 2777 1060 accipiens,
2809 997 3059 1059 penetrat
3096 988 3151 1042 in
3192 988 3437 1042 altitudi—

1859 1098 1982 1137 nem
2014 1098 2203 1152 supra,
2232 1083 2367 1136 alter
2398 1097 2529 1135 vero
2555 1082 2608 1135 in
2646 1080 3076 1151 profunditatem
3108 1077 3271 1140 infra,
3300 1079 3438 1132 alter

1859 1176 1927 1230 ad
1971 1176 2219 1229 dextram
2241 1217 2255 1240 ,
2303 1174 2442 1227 alter
2482 1173 2549 1226 ad
2608 1173 2885 1227 sinistram
2907 1213 2922 1237 ,
2950 1171 3093 1224 alius
3118 1178 3262 1236 ante,
3296 1171 3437 1227 alius

1857 1277 2026 1333 retro,
2058 1268 2110 1321 in
2147 1283 2287 1337 quos
2315 1266 2431 1335 ipse
2456 1265 2755 1336 respiciens
2779 1274 3037 1335 tanquam
3066 1262 3120 1316 in
3146 1278 3437 1319 numerum

1858 1360 2102 1430 undique
2151 1362 2415 1430 azqualem
2467 1376 2560 1415 sex
2610 1360 2879 1430 temporis
2927 1359 3119 1429 spatiis
3170 1358 3437 1412 mundum

1858 1454 2094 1525 perﬁcit,
2123 1470 2247 1509 cum
2280 1455 2399 1524 ipse
2431 1454 2502 1509 sit
2530 1454 2770 1524 requies,
2799 1452 3161 1525 futurumque
3204 1456 3439 1509 immen-

1858 1562 1979 1601 sum
2010 1546 2268 1601 saeculum
2297 1547 2495 1601 habeat
2527 1547 2819 1617 imaginem
2839 1589 2855 1612 ,
2878 1547 3319 1619 principiumque
3367 1546 3438 1601 sit

1858 1653 1923 1692 ac
1954 1638 2099 1692 finis.
2134 1637 2191 1691 In
2232 1653 2356 1693 eum
2397 1638 2667 1707 siquidem
2706 1652 2799 1693 sex
2834 1639 3045 1693 infinita
3079 1640 3357 1703 desinunt,
3384 1646 3440 1692 et

1858 1732 1928 1785 ab
1955 1745 2020 1783 eo
2043 1729 2309 1783 infinitam
2333 1729 2555 1797 capiunt
2580 1729 2976 1785 extensionem.

237 1827 310 1879 Χ.
355 1824 527 1878 Τοῦτό
559 1799 709 1878 ἐστιν
756 1823 1049 1895 ἑϐδομάδος
1084 1826 1399 1896 μυστήριον.
1446 1823 1620 1889 Αὐτὸς
1650 1826 1760 1899 γάρ

1928 1821 1999 1875 Χ.
2029 1820 2144 1875 Hoc
2174 1831 2258 1876 est
2284 1822 2639 1875 hebdomadis
2662 1824 3007 1892 mysterium.
3034 1822 3156 1894 ipse
3180 1823 3328 1878 enim
3356 1832 3441 1878 est

162 1919 322 1971 ἐστιν
350 1920 383 1989 ἡ
411 1917 519 1971 τῶν
547 1917 685 1971 ὅλων
717 1916 1043 1981 ἀνάπαυσις,
1072 1917 1131 1981 ὃς
1152 1917 1197 1947 ⁸⁸
1222 1920 1336 1981 τοῖς
1368 1918 1425 1970 ἐν
1452 1918 1637 1990 μικρῷ
1673 1936 1762 1990 μι-

165 2009 472 2080 μουμένοις
500 2007 665 2062 αὐτοῦ
709 2007 775 2061 τὸ
810 2007 956 2079 μέγα
980 2008 1141 2062 αὑτὸν
1172 2008 1455 2081 χαρίζεται
1500 2010 1582 2073 είς
1629 2009 1762 2063 ἀνά-

162 2119 393 2157 παυσιν.
424 2100 596 2165 Αὐτός
623 2103 740 2155 ἐστι
767 2100 946 2171 μόνος,
974 2101 1047 2172 πὴ
1081 2101 1177 2171 μὲν
1201 2100 1570 2171 καταληπτδς,
1603 2102 1677 2173 πὴ
1705 2101 1762 2155 δέ

162 2195 595 2265 ἀκατάληπτος,
646 2192 723 2265 πὴ
772 2193 828 2246 δέ
880 2191 1187 2263 ἀπέραντος
1210 2193 1274 2257 ⁸⁸,
1315 2193 1415 2256 τὰς
1455 2193 1553 2246 ἀπ’
1596 2192 1761 2247 αὐτοῦ

164 2284 436 2349 ἐκτάσεις
461 2284 599 2354 ἔχων
632 2285 712 2347 είς
738 2283 983 2355 ἄπειρον.
1011 2281 1197 2344 Οὕτως
1217 2282 1261 2313 ⁸⁷
1287 2281 1395 2353 γάρ
1419 2281 1763 2352 καταληπτός

163 2378 290 2428 ἐστι
346 2376 439 2428 καὶ
472 2374 855 2442 ἀκατάληπτος
879 2413 893 2438 ,
942 2372 1109 2441 ἐγγὺς
1140 2372 1233 2425 καὶ
1279 2370 1523 2443 μακρὰν,
1556 2366 1657 2424 ὦδε
1686 2370 1762 2424 ὢν

164 2467 374 2529 κάκεῖ,
430 2465 506 2528 ὡς
553 2464 713 2537 343
774 2464 933 2535 μόνος
987 2463 1270 2535 ὑπάρχων.
1306 2464 1417 2516 Καὶ
1462 2462 1552 2515 διὰ
1572 2463 1618 2494 ⁸⁸
1666 2461 1761 2515 τοῦ

167 2557 513 2629 πανταχόθεν
558 2558 788 2628 ἀπείρου
834 2555 955 2629 νοξς
995 2554 1093 2625 τὴν
1142 2555 1430 2626 μετουσίαν
1473 2554 1645 2625 ἔχων,
1696 2557 1762 2626 ἣν

166 2622 395 2703 πάντων
438 2622 803 2702 ἀναπνέουσαι
838 2622 1221 2716 αίψυχάὶξτὺ
1253 2644 1350 2717 ζῇν
1384 2622 1623 2716 ἔχουσιν·
1661 2622 1763 2699 κάν

163 2739 591 2813 χωρισθῶσιτοῦ
619 2738 888 2811 σώματος,
914 2738 1012 2792 καὶ
1033 2738 1077 2770 ⁶⁹
1100 2738 1190 2791 τὸν
1214 2739 1294 2801 είς
1317 2738 1476 2792 αὐτὸν
1501 2738 1764 2811 εὑρεθῶσι

170 2832 345 2885 πόθον
391 2830 632 2901 ἔχουσαι,
660 2831 739 2894 είς
762 2830 851 2883 τὸν
878 2829 1043 2883 αὐτοῦ
1073 2828 1273 2883 κόλπον
1308 2829 1586 2901 φέρονται,
1623 2830 1699 2894 ὡς
1715 2829 1764 2863 ⁷⁸

140 2925 238 2994 ,ἐν
258 2923 491 2994 χειμῶνι
526 2922 674 2994 ὧρας
705 2922 753 2975 οἱ
786 2922 950 2993 ἀτμοὶ
990 2920 1097 2974 τῶν
1135 2920 1277 2992 ὀρῶν
1309 2921 1415 2975 ὑπὸ
1446 2922 1490 2952 ⁷¹
1516 2921 1626 2975 τῶν
1668 2920 1763 2975 τοῦ

169 2992 334 3085 ἡλίου
357 2992 608 3066 ’ἀκτίνων
643 2992 922 3083 ἑλκόμενοι
962 3011 1219 3084 φέρονται
1258 3011 1395 3082 πρὸς
1427 3011 1587 3065 αὖτδν
1630 3010 1764 3067 ἀθά·

168 3107 509 3161 νατοι.’οἶαν
535 3102 627 3159 οὖν
654 3106 885 3177 στοργὴν
914 3105 1195 3159 συλλαϐεῖν
1218 3105 1511 3176 δυνάμεθα,
1541 3105 1635 3158 ἐὰν
1666 3107 1763 3177 τὴν

170 3197 682 3270 εὐμορφίαν-αὐτοῦ
725 3197 803 3269 τῷ
837 3196 914 3276 νς)
949 3196 1440 3268 κατοπτεύσωμενέ
1474 3197 1683 3261 ’Ἄλλως
1705 3196 1763 3251 δὲ

170 3289 485 3359 ἀμήχανον.
533 3286 812 3340 Ἀδύνατον
845 3287 955 3359 γὰρ
988 3286 1182 3351 κάλλος
1206 3288 1332 3356 ἄνευ
1364 3288 1577 3360 μορφῆς
1601 3284 1760 3351 εἶναι,

169 3380 275 3433 καὶ
318 3380 454 3451 πρὸς
494 3379 587 3434 τὸν
627 3379 793 3433 αὐτοῦ
836 3379 1017 3450 ἔρωτα
1059 3379 1393 3433 ἐπισπᾶσθαι
1426 3397 1581 3445 τινα,
1610 3379 1763 3452 ﬁatut

170 3473 355 3526 δοκεῖν
381 3471 512 3526 Θεὸν
537 3473 669 3544 όρᾷν
701 3468 838 3537 εἶδος
861 3473 961 3525 οὐκ
988 3472 1199 3543 ἔχοντα.

252 3566 348 3617 XI.
390 3563 552 3628 Τινὲς
580 3565 639 3618 δέ
670 3564 772 3634 τῆς
797 3563 1055 3635 ἀληθείας
1080 3562 1349 3637 ἀλλότριοι
1380 3564 1552 3629 ὄντες,
1581 3565 1674 3619 καὶ
1694 3568 1763 3638 τῇ

176 3656 351 3728 κακίᾳ
388 3655 833 3727 συμμαχοῦντες,
878 3656 1148 3726 προφάσει
1179 3656 1484 3724 δοξολογίας
1516 3657 1767 3729 ἀσχημά-

173 3771 363 3808 τιστον
396 3753 558 3806 αὐτὸν
596 3752 867 3820 λέγουσιν,
898 3752 987 3804 ἵνα
1034 3750 1279 3824 ἄμορφος
1324 3753 1419 3806 καὶ
1463 3754 1700 3817 ἀνείδεος
1718 3755 1765 3785 ⁷⁸

175 3845 257 3897 ὣν
289 3843 479 3915 μηδενὶ
511 3843 705 3915 ὁρατὸς
755 3838 812 3915 ᾗ,
839 3842 990 3903 ὅπως
1023 3841 1097 3913 μὴ
1126 3842 1491 3913 περιπόθητος
1516 3842 1761 3913 γένηται.

174 3934 330 3998 Νοῦς
371 3933 480 4004 γὰρ
521 3929 660 3995 εἶδος
702 3933 802 4002 οὐχ
852 3931 994 4003 ὁρῶν
1027 3931 1163 3985 Θεοῦ
1207 3931 1362 3995 κενός
1400 3934 1547 3985 ἐστιν
1578 3932 1761 3985 αὑτοῦ.

176 4023 311 4087 Πῶς
338 4023 397 4078 δὲ
417 4023 465 4054 ⁷³
489 4023 583 4077 καὶ
605 4020 825 4093 εὔχεταί
852 4038 958 4087 τις,
992 4021 1091 4075 οὐκ
1114 4021 1253 4093 ἔχων
1282 4021 1419 4094 πρὸς
1439 4022 1560 4076 τίνα
1596 4040 1765 4076 κατα-

182 4113 354 4185 φύγῃ,
394 4113 475 4176 είς
502 4112 623 4165 τίνα
667 4111 854 4183 ἐρείσῃ
874 4112 951 4176 “;
986 4111 1306 4165 ἀντιτυπίαν
1345 4110 1452 4184 γὰρ
1490 4111 1590 4165 οὐκ
1627 4112 1765 4183 ἔχων

1858 1922 2184 1970 cunctorum
2217 1914 2457 1983 requies,
2505 1913 2600 1983 qui
2644 1923 2698 1969 et
2746 1915 3093 1970 imitantibus
3137 1916 3191 1970 in
3240 1916 3441 1985 exiguo

1861 2022 2120 2077 magnum
2155 2005 2275 2075 ejus
2308 2020 2447 2075 opus
2476 2021 2536 2061 se
2567 2006 2622 2059 in
2657 2007 2959 2076 requietem
2996 2008 3181 2061 donat.
3210 2006 3332 2077 Ipse
3356 2015 3442 2061 est

1861 2098 2044 2164 solus,
2080 2098 2246 2153 modo
2280 2098 2503 2167 quidem
2555 2099 3108 2168 comprehensibilis,
3142 2099 3307 2153 modo
3350 2100 3438 2153 in-

1861 2191 2400 2260 comprehensibilis,
2428 2192 2595 2245 modo
2629 2190 2747 2246 sine
2774 2191 3061 2255 limitibus,
3090 2194 3440 2248 extensiones

1862 2297 1994 2338 suas
2022 2283 2231 2337 habens
2265 2282 2319 2336 in
2355 2282 2652 2337 inlinitum.
2678 2280 2794 2337 Hoc
2815 2283 2961 2338 enim
2988 2285 3153 2337 modo
3181 2293 3263 2338 est
3288 2299 3441 2338 eom-

1863 2373 2252 2443 prehensibilis
2275 2383 2328 2427 et
2351 2374 2944 2444 incomprehensibilis,
2972 2390 3143 2444 prope
3175 2383 3228 2429 et
3259 2375 3440 2443 longe,

1864 2467 1954 2521 hic
1980 2474 2145 2535 atque
2173 2466 2284 2520 illic
2318 2466 2581 2531 existens,
2608 2477 2670 2521 ut
2700 2467 2790 2537 qui
2820 2468 2971 2522 solus
3006 2468 3096 2521 sit.
3136 2467 3201 2521 Et
3234 2483 3331 2537 per
3363 2468 3443 2522 in-

1864 2557 2031 2613 ﬁnita:
2085 2559 2447 2627 undecunque
2505 2558 2705 2612 mentis
2757 2558 3270 2628 participationem,
3331 2576 3441 2630 qua

1865 2657 2187 2704 cunt-torum
2229 2649 2397 2703 animi
2446 2650 2751 2718 respirant,
2787 2649 2971 2704 vivere
3008 2651 3244 2717 habent;
3293 2660 3347 2706 et
3391 2651 3439 2707 si

1866 2749 2191 2811 separentur
2224 2755 2255 2794 a
2298 2755 2547 2808 corpore,
2578 2750 2742 2810 atque
2770 2742 2823 2794 in
2856 2739 3025 2795 Deum
3065 2756 3309 2797 amorem
3342 2743 3443 2798 ha~

1866 2832 1995 2886 bere
2045 2832 2418 2896 inveniantur,
2466 2831 2521 2884 in
2555 2832 2702 2886 illius
2736 2830 2994 2887 feruntur
3029 2834 3210 2888 sinum
3232 2875 3249 2901 ,
3298 2835 3442 2889 sicut

1866 2922 2099 2976 hiberno
2127 2930 2371 2991 tempore
2401 2936 2631 2989 vapores
2659 2923 2927 2976 montium
2954 2964 2969 2988 ,
3014 2940 3044 2978 a
3092 2925 3224 2979 solis
3272 2926 3443 2980 radiis

1866 3015 2050 3079 tracti,
2090 3016 2159 3069 ad
2188 3029 2312 3069 cum
2349 3013 2601 3069 feruntur
2636 3017 2904 3084 perpetui.
2951 3016 3125 3083 Quam
3153 3033 3283 3088 ergo
3309 3019 3443 3072 chao

1791 3139 1833 3196 ο
1866 3110 2079 3165 ritatem
2127 3109 2416 3178 concipere
2461 3125 2795 3179 possumus,
2848 3110 2891 3163 si
2939 3112 3259 3180 praeclaram
3293 3112 3442 3166 illius

1867 3200 2097 3256 formam
2125 3211 2306 3257 mente
2334 3202 2645 3255 intuemur!
2680 3202 2849 3256 Aliter
2881 3212 3061 3257 autem
3089 3202 3203 3256 fieri
3228 3204 3438 3273 nequit.

1864 3292 2209 3363 lmpossibile
2228 3295 2373 3348 enim
2403 3304 2505 3356 est,
2534 3302 2594 3346 ut
2619 3294 2692 3348 sit
2711 3294 3061 3363 pulchritudo
3094 3295 3215 3349 sine
3241 3293 3441 3354 forma.

1865 3394 2035 3455 utque
2062 3386 2298 3454 aliquem
2338 3386 2403 3438 ad
2431 3386 2516 3439 sui
2540 3384 2887 3441 dilectionem
2918 3386 3219 3456 pertrahat,
3243 3394 3341 3457 aut
3384 3397 3445 3442 ut

1866 3480 1992 3551 quis
2025 3489 2203 3551 speret
2242 3478 2409 3535 Deum
2438 3480 2623 3535 videre
2649 3488 2923 3535 carentem
2960 3479 3157 3536 forma.

1936 3571 2032 3626 XI.
2072 3569 2307 3638 Quidam
2330 3587 2459 3625 vero
2479 3571 2641 3625 alieni
2669 3587 2699 3625 a
2725 3572 2954 3626 veritate
2978 3581 3034 3626 et
3056 3571 3277 3627 malitiae
3302 3573 3443 3632 socii

1864 3674 2128 3736 praetextu
2157 3664 2489 3719 laudationis
2526 3663 2696 3717 Deum
2733 3663 2920 3733 ﬁgura
2950 3674 3226 3734 expertem
3264 3663 3439 3728 aiunt,

1866 3769 1927 3815 ut
1958 3759 2135 3814 forma
2172 3766 2227 3814 et
2262 3758 2444 3827 specie
2477 3772 2702 3823 carens,
2731 3757 2937 3811 nemini
2973 3757 3320 3827 aspectabilis
3346 3757 3440 3821 sit,

1866 3868 1936 3907 ne
1956 3860 2247 3922 exeptatus
2284 3850 2399 3904 fiat.
2426 3848 2581 3903 Mens
2601 3851 2805 3919 quippe
2830 3864 2937 3903 non
2963 3850 3160 3905 intuita
3188 3848 3283 3904 Dei
3316 3865 3443 3919 spe-

1867 3941 2006 3995 ciem
2034 3955 2204 3994 vacua
2227 3938 2321 3993 illo
2348 3947 2450 3993 est.
2481 3936 2549 3992 Et
2571 3953 2679 4008 qua
2707 3938 2920 3992 ratione
2944 3947 3197 4007 precetur
3221 3938 3440 4008 aliquis,

1868 4046 1975 4085 non
2007 4029 2215 4083 habens
2247 4030 2314 4083 ad
2341 4044 2504 4098 quem
2530 4027 2833 4099 confugiat,
2867 4028 2922 4082 in
2955 4043 3117 4099 quem
3145 4029 3443 4083 innitatur?

1865 4120 2004 4176 Nam
2038 4121 2290 4174 renixum
2326 4136 2433 4174 non
2474 4119 2717 4185 habens,
2746 4120 2800 4173 in
2838 4119 2989 4173 inani
3035 4119 3287 4174 funditus
3318 4136 3443 4175 coro

176 4208 263 4270 είς
285 4204 442 4259 κενὸν
465 4203 880 4276 ἐκϐαθρεύεται.
908 4203 1044 4266 Ναὶ,
1073 4203 1256 4273 φησὶν,
1282 4203 1343 4256 06
1375 4204 1481 4275 χρὴ
1509 4204 1641 4257 Θεὸν
1673 4221 1760 4274 φο-

1869 4213 1999 4268 ruit.
2042 4209 2155 4277 Nae,
2201 4210 2420 4279 inquit,
2459 4226 2570 4264 non
2600 4218 2815 4279 oportet
2848 4208 3018 4265 Deum
3060 4209 3289 4278 timere,
3345 4212 3439 4266 sed

177 4296 418 4359 ϐεῖσθαι,
445 4295 581 4348 ἀλλά
604 4295 843 4365 ἀγαπᾷν.
872 4296 1017 4366 Φημὶ
1043 4292 1218 4363 κάγώ.
1258 4294 1416 4347 Ἀλλά
1440 4294 1598 4347 τοῦτο
1627 4313 1760 4367 παρ-

1868 4318 2077 4357 amare.
2119 4301 2337 4356 Fateor.
2368 4298 2571 4356 Verum
2605 4301 2655 4355 id
2691 4299 2973 4371 praestabit
3009 4300 3443 4369 uniuscujusque

179 4389 294 4455 ἐξει
337 4387 575 4459 ἑκάστης
620 4388 869 4450 εὐποιίας
920 4385 1315 4457 εὐσυνειδησία.
1365 4387 1430 4440 Ἠ
1461 4387 1519 4440 δέ
1553 4387 1760 4440 εὐποιία

1871 4394 1999 4450 boni
2032 4395 2217 4463 operis
2248 4394 2394 4448 bona
2419 4392 2780 4448 conscientia.
2807 4391 2877 4445 At
2912 4391 3055 4445 bene
3080 4391 3297 4462 operari
3324 4392 3439 4446 orl-

180 4480 349 4554 344
380 4482 445 4533 ἐκ
466 4478 560 4532 τοῦ
584 4479 866 4548 φοϐεῖσθαι
888 4478 1116 4546 γίνεται.
1153 4478 1291 4531 Ἀλλ’
1314 4479 1344 4531 6
1367 4478 1551 4547 φόϐος,
1576 4480 1760 4549 φησὶν,

1870 4496 1961 4540 tur
1991 4501 2057 4540 ex
2090 4486 2308 4540 timore.
2354 4484 2483 4547 Sed,
2530 4484 2626 4547 ait,
2672 4486 2839 4537 timor
2882 4484 3128 4553 percellit
3173 4482 3436 4537 animam.

182 4574 483 4645 ἐκπλήσσει
502 4572 600 4643 τὴν
620 4571 816 4643 ψυχήν.
859 4570 995 4623 Ἀλλ’
1015 4568 1124 4639 ἐγώ
1144 4588 1285 4641 φημι
1305 4571 1386 4623 ὅτι
1408 4571 1507 4623 οὐκ
1525 4570 1700 4642 ἐκπλή
1709 4587 1760 4622 σ-

1870 4576 2073 4631 Contra
2107 4590 2231 4646 ego,
2257 4574 2374 4630 Non
2416 4575 2681 4645 percellit,
2710 4576 2955 4645 inquam,
2983 4584 3039 4628 at
3071 4574 3441 4645 expergefacit

183 4684 289 4731 σει,
324 4666 438 4720 ἀλλ’
472 4663 746 4732 ἐξυπνίζει
777 4665 873 4717 καὶ
901 4662 1237 4735 ἐπιστρέφει.
1276 4663 1437 4726 Ἴσως
1479 4662 1537 4715 δέ
1584 4661 1760 4734 ὀρθῶς

1872 4681 1938 4721 ac
1970 4664 2259 4720 convertit.
2302 4663 2465 4719 Forte
2490 4679 2621 4719 vero
2656 4673 2803 4720 recte
2830 4664 3107 4720 diceretur
3137 4680 3245 4719 non
3274 4680 3440 4734 opor-

1467 4795 1696 4849 VARUE
1736 4795 2136 4850 LECTIONES.

249 4932 301 4969 ⁸⁸
336 4931 512 5007 Aliam
542 4932 707 5007 hujus
737 4933 843 4988 loci
874 4932 1373 5007 interpretationem
1432 4935 1717 5007 proposuit
1744 4932 2015 5007 Neander,
2047 4934 2262 5007 Gnostt
2305 4944 2462 5007 syth,
2493 4951 2546 5002 p.
2575 4934 2700 5007 596.
2743 4934 3083 5007 lutet-pungit
3126 4939 3273 4993 enim
3327 4956 3436 4996 non

180 5011 310 5073 post
338 4998 689 5081 gapaiavmed
707 5014 836 5081 post
860 4998 1109 5081 εἶναιιξιῃ
1132 5003 1358 5074 ἄπειρον
1385 4998 1667 5081 pfaadieati‘
1695 5006 1873 5059 locum
1910 5006 2169 5081 obtineat.
2230 5004 2287 5061 ﬁ.
2334 4998 2399 5081 'ln
2445 4998 2596 5081 οιξᾴζ
2626 4998 3438 5081 Οιιοὺοηίἱίηοῇηιονριιηείιιιι·

257 5082 311 5125 st
341 5074 567 5145 ἀπειρον
597 5083 650 5127 et
678 5074 919 5147 καρδίαν.
997 5074 1043 5105 σθ
1071 5073 1146 5128 Ita
1184 5073 1371 5143 margo
1403 5073 1482 5127 Ci.
1505 5073 1793 5137 ἐκστάσεις
1812 5082 2042 5200 ιιιρινὸυο
2097 5076 2250 5131 Ilom.
2297 5077 2417 5130 cod.
2496 5076 2537 5108 ⁶¹
2574 5074 2645 5129 ῖσ.
2693 5077 2971 5131 διῖκνεῖται
3009 5076 3053 5132 0
3122 5073 3194 5132 in'
3237 5073 3433 5153 n15rg.,

257 5144 462 5195 ἱκνυται
518 5144 570 5196 in
635 5152 822 5200 textu.
882 5152 942 5198 ut
982 5142 1043 5197 C.
1144 5144 1192 5180 θ’
1232 5142 1346 5195 ἴσον
1395 5142 1455 5197 C.
1533 5144 1579 5175 "
1620 5144 1886 5197 συνετέλει
1987 5185 2001 5198 .
2081 5146 2219 5199 “Ita
2261 5144 2306 5199 0
2360 5155 2413 5200 et
2454 5145 2510 5200 in
2556 5161 2727 5200 mare.
2765 5147 2805 5200 C
2835 5188 2850 5200 .
2887 5146 3141 5200 ἔκστασιν
3173 5149 3225 5200 in
3260 5160 3431 5200 textu.

214 5142 486 5195 είκνυται’
518 5144 570 5196 in
635 5142 822 5210 textu,
882 5152 942 5198 ut
982 5142 1043 5197 Ο.
1144 5144 1192 5180 θ’
1232 5142 1346 5195 ίσον
1395 5142 1455 5197 C.
1533 5144 1579 5175 "
1620 5144 1886 5197 συνετέλει
1937 5142 2001 5200 0.
2081 5146 2219 5199 “Ita
2261 5144 2306 5199 0
2360 5155 2413 5200 et
2454 5145 2510 5200 in
2556 5161 2727 5212 marg.
2765 5147 2805 5202 C
2835 5188 2850 5212 ,
2887 5146 3141 5212 ἔκστασιν
3172 5149 3225 5203 in
3260 5142 3431 5209 textu.

182 5215 247 5289 "_
270 5214 347 5289 ως
371 5214 433 5289 C.
466 5212 669 5289 Deinde
696 5215 757 5267 τό
795 5229 843 5268 c.
878 5213 951 5275 0,
977 5213 1157 5282 utlegi
1188 5214 1304 5289 vAult
1346 5212 1849 5289 ﬁcandertcuqst.
1888 5225 2139 5289 syst.,_p_.
2167 5215 2299 5281 597;
2323 5233 2375 5268 τι
2414 5215 2476 5289 C_.
2553 5215 2623 5289 _°f
2658 5212 2795 5289 Ἶρι).
2815 5288 2821 5289 ί
2842 5217 2918 5289 πὴ
2943 5218 3000 5270 δὲ
3030 5219 3432 5289 ἀκατάληπτος,

184 5283 265 5353 πὴ
300 5283 683 5358 διε-ἀπέραντος
713 5292 1063 5358 accesserunt
1096 5278 1163 5358 ex
1200 5282 1264 5338 0.
1318 5284 1387 5358 A"
1411 5278 1563 5358 οὗτος
1599 5278 1660 5339 C.
1719 5285 1802 5358 _'°
1828 5278 1942 5339 διά’
1957 5278 2142 5358 addidi
2169 5278 2674 5358 ‘auctore‘Davisio.
2708 5278 2922 5341 Retinet
2943 5290 3215 5358 vulgatam
3241 5278 3436 5345 lectio;

184 5351 314 5429 nem
338 5351 606 5429 Neander,
626 5354 697 5429 nl.
716 5369 807 5429 c.,
838 5369 890 5422 p.
935 5354 1062 5429 39?,
1094 5354 1331 5429 dtim_ad
1373 5354 1470 5425 τὴν
1510 5354 1797 5429 μετουσίαν
1816 5356 2028 5429 supplet
2043 5355 2217 5429 διδούς
2345 5355 2551 5410 Deinde
2575 5357 2764 5429 scripsi
2800 5351 3087 5428 μετουσίαν
3123 5360 3260 5429 ἔχων
3284 5361 3353 5429 ἥν
3377 5376 3433 5414 c.

184 5368 314 5406 nem
338 5361 606 5419 Neandcr,
661 5361 697 5406 1.
730 5369 807 5416 c.,
838 5369 890 5422 p.
935 5361 1062 5416 397,
1094 5361 1221 5407 dum
1266 5361 1331 5408 ad
1373 5361 1470 5425 τὴν
1510 5361 1797 5424 μετουσίαν
1816 5361 2028 5424 supplet
2043 5361 2217 5419 διδούς
2254 5361 2312 5409 S.
2348 5361 2551 5410 Deinde
2575 5361 2764 5425 scripsi
2800 5361 3087 5428 μετουσίαν
3123 5361 3260 5429 ἔχων
3284 5361 3353 5482 τιν
3377 5376 3433 5414 c.

183 5421 233 5476 0
263 5462 279 5485 ,
302 5415 746 5497 μετουσίαν,ἧνβ
774 5464 789 5486 ,
825 5425 1131 5497 μετουσίαν,
1224 5424 1280 5497 _S.
1313 5434 1536 5497 auctore
1568 5424 1608 5476 D
1638 5467 1655 5497 ,_
1683 5425 1776 5493 qui
1806 5426 1967 5497 etiam
1999 5427 2205 5497 mavult
2229 5425 2444 5497 πάντως
2472 5426 2788 5497 ρηπάντων,
2824 5429 3263 5497 interpunctione
3316 5440 3436 5483 acta

187 5504 449 5569 nonpost
471 5494 528 5546 αἱ
553 5494 739 5569 ψυχαί,
764 5492 857 5548 sed
896 5504 1019 5569 post
1041 5492 1817 5569 dvaivéouawfdtveméouaat
1845 5493 1978 5569 _C,_0
2004 5493 2045 5569 )_.
2123 5496 2169 5527 °’
2210 5497 2305 5549 καὶ
2333 5497 2382 5548 εί
2405 5492 2488 5549 0f
2510 5495 2557 5569 ’ξ
2578 5494 2622 5549 0
2685 5497 2739 5569 i_n
2763 5513 2933 5569 marg.
2969 5492 3074 5551 ’καί
3117 5514 3242 5565 cum
3276 5500 3435 5569 signo

185 5563 258 5639 ad
306 5562 485 5639 locum
537 5562 666 5639 ante
710 5564 787 5627 ὡς
836 5562 1136 5639 referente._
1164 5563 1276 5633 Ego
1321 5562 1734 5639 maluerim
1762 5565 1877 5618 καί.
1913 5564 1952 5619 S
2006 5562 2126 5639 leg.
2173 5576 2361 5621 censet
2389 5566 2655 5639 χειμῶνος
2686 5566 2825 5639 ὥρᾳ.
2867 5562 2910 5639 μ’
2932 5569 2975 5601 τί
3008 5569 3116 5621 ἀπό
3152 5562 3225 5623 Cl
3286 5562 3354 5623 ef
3373 5567 3433 5622 S.

191 5582 258 5617 au
307 5582 485 5617 locum
537 5582 662 5618 ante
710 5582 787 5627 ως
836 5582 1122 5617 relel'enle.
1164 5582 1276 5633 ιιεο
1321 5582 1603 5618 maluerim
1658 5582 1734 5628 ως
1762 5582 1877 5618 και.
1913 5582 1952 5619 δ
2023 5582 2126 5689 leg.
2173 5582 2361 5621 censet
2389 5582 2655 5636 χειμωνος
2686 5582 2825 5639 ωρᾳ.
3008 5582 3116 5621 απο
3152 5582 3214 5623 ω
3286 5582 3339 5623 et
3373 5582 3433 5622 δ.

191 5632 609 5713 Distinctiqnem
642 5634 781 5688 forte
813 5634 1232 5713 praeponendam
1258 5648 1378 5689 esse
1424 5634 1848 5713 νοοῖ-ἀθάνατοι
1887 5645 2042 5713 putat
2140 5676 2157 5713 ,_
2186 5647 2248 5690 ut
2283 5652 2377 5713 per
2412 5637 2743 5713 hyperbaton
2794 5637 3065 5713 referatur
3102 5640 3169 5693 ad
3200 5639 3433 5713 animas,

192 5705 271 5784 vel
312 5706 583 5784 virgulam
622 5708 924 5784 ponendam
960 5713 1099 5784 post
1110 5703 1409 5784 ἑλκόμενοι.
1437 5703 1476 5757 S
1526 5704 1672 5784 illam
1696 5703 1947 5760 vocem‘a
1976 5703 2796 5784 librario‘quodamascriptam
2827 5724 2958 5784 esse
2977 5709 3252 5784 opinatur.
3285 5707 3343 5762 In
3364 5708 3410 5784 ρ

187 5775 257 5829 ad
301 5790 452 5829 oram
484 5776 611 5829 νόθα
650 5776 777 5845 περὶ
814 5773 1026 5844 μορφῆς
1062 5773 1197 5828 Θεοῦ
1218 5773 1332 5839 ,ού
1372 5776 1655 5844 sequentia
1684 5785 1960 5845 Spectans.
2037 5777 2083 5808 ⁷³
2114 5773 2317 5840 ἀνίδέος
2338 5775 2402 5831 0.
2480 5778 2527 5809 ⁷³
2561 5773 2675 5840 πῶς
2702 5777 2757 5829 δέ
2788 5793 2897 5832 om.
2922 5777 2985 5832 Ο.
3016 5773 3028 5778 ’
3062 5779 3108 5810 ⁷⁸
3140 5778 3338 5845 ἐρείσει
3368 5778 3431 5834 Ο.

449 5870 722 5929 Parnm“
758 5868 877 5929 Gn.
910 5867 991 5931 ιι.
3123 5870 3194 5928 13
