3860 6210
454 295 558 355 393

1301 302 1356 355 S.
1398 299 1783 355 (ILEMENTIS
1827 298 1846 351 Ι
1883 298 2048 353 ΒΟΜ.
2092 297 2289 352 PUNT.
2331 298 2555 352 OPERA
2597 296 2819 352 DUBIA.

3594 295 3706 350 396

453 422 565 468 tere
599 412 766 467 Deum
804 414 999 477 vereri,
1028 414 1131 469 nlsi
1166 429 1266 468 nos
1290 414 1542 469 homines
1570 414 1742 473 multa
1776 413 1882 467 alia
1918 428 2025 465 nte-

2128 410 2341 477 ἐλέγετο
2366 413 2440 482 μὴ
2473 412 2581 464 δεῖν
2608 411 2737 464 Θεὸν
2762 410 3063 478 φοϐεῖσθαι,
3096 411 3140 462 εἰ
3170 410 3243 481 μὴ
3274 408 3441 463 πολλά
3463 409 3627 481 ἔτερα
3651 410 3702 461 οἱ

452 517 731 562 tueremus
766 526 777 559 :
813 508 935 561 dico
973 514 1153 561 autem
1189 507 1451 561 similium
1495 506 1747 572 insidias,
1792 507 1858 560 ad
1910 507 2025 560 haac

453 600 621 666 feras,
666 607 976 668 serpentes,
1013 598 1271 663 morbos,
1320 598 1695 663 calamitates,
1747 598 2022 653 daemones

453 691 667 759 aliaque
690 689 920 743 intinita.
954 688 1058 754 Qui
1086 704 1217 758 ergo
1260 703 1288 741 a
1329 689 1487 743 nobis
1530 691 1787 758 postulat,
1816 697 1877 743 ut
1910 702 2027 742 non

452 783 741 837 timeamus
776 782 970 847 Deum,
998 792 1096 835 nos
1122 783 1187 836 iis
1222 782 1437 846 liberet,
1469 796 1581 850 quo
1609 798 1783 851 neque
1814 798 1877 836 ea
1904 797 2022 836 me-

455 883 696 930 tuamus.
727 873 880 940 Quod
907 875 951 928 si
983 888 1089 927 non
1126 880 1320 942 potest,
1343 875 1473 942 quid
1516 874 1760 943 impedit,
1788 890 1901 945 quo
1925 876 2023 929 mi-

454 980 556 1019 nus
582 981 680 1034 per
704 980 870 1018 unum
901 979 1027 1034 erga
1058 964 1324 1033 justitiam
1362 966 1617 1019 timorem
1649 967 1796 1021 mille
1829 968 2023 1037 eripia-

451 1075 577 1114 mur
605 1059 930 1122 terroribus,
964 1067 1018 1113 et
1058 1074 1157 1128 per
1197 1060 1417 1114 brevem
1459 1076 1585 1131 erga
1641 1060 1809 1115 Deum
1861 1063 2020 1119 ﬁdem

452 1146 765 1201 innumeras
787 1156 841 1199 et
860 1156 1076 1201 nostras
1098 1156 1153 1201 et
1178 1148 1409 1202 aliorum
1442 1151 1821 1218 perpessiones
1846 1162 2021 1209 trans—

451 1236 727 1299 feramus,
755 1236 1090 1307 insuperque
1125 1239 1463 1308 accipiamus
1502 1242 1770 1297 bonorum
1814 1260 2022 1300 merce-

450 1326 603 1392 dem,
636 1334 801 1394 atque
835 1336 1055 1396 propter
1085 1328 1337 1383 timorem
1382 1340 1580 1385 cuncta
1628 1331 2021 1401 conspicientis

450 1413 568 1480 Dei,
596 1416 733 1469 nihil
776 1416 905 1470 mali
934 1426 1175 1488 agentes,
1210 1419 1373 1474 etiam
1409 1420 1462 1474 in
1499 1421 1601 1476 hac
1625 1422 1736 1477 vita
1758 1422 2020 1493 degamus

447 1526 571 1564 cum
602 1509 772 1579 pace?

515 1602 634 1658 XII.
679 1601 771 1658 Sic
799 1613 950 1674 grata
990 1605 1043 1659 in
1075 1621 1265 1660 verum
1300 1606 1589 1663 Dominum
1622 1611 1857 1667 servitus
1888 1612 2019 1666 reli—

445 1710 588 1766 quos
631 1696 917 1753 omnes._in
962 1698 1211 1753 libertate
1258 1702 1561 1756 constituit.
1595 1701 1652 1756 Si
1685 1718 1815 1774 ergo
1845 1714 2021 1774 potest

445 1787 569 1855 quis
612 1786 817 1855 absque
863 1786 1060 1840 timore
1094 1786 1183 1841 Dei
1231 1802 1338 1841 non
1387 1804 1648 1857 peccare,
1687 1805 1755 1844 ne
1804 1792 2013 1845 timeat.

445 1876 598 1932 Licet
618 1878 764 1933 enim
787 1879 1055 1934 charitate
1082 1896 1205 1948 erga
1233 1896 1383 1946 eum,
1410 1881 1555 1950 quod
1582 1882 1683 1950 ipsi
1709 1882 2015 1951 displiceat,

447 1984 556 2023 non
589 1969 790 2025 facere.
824 1970 1057 2037 Etenim,
1092 1981 1153 2026 ut
1183 1973 1460 2038 timeatur,
1497 1974 1763 2044 scriptum
1800 1983 1911 2042 est,
1940 1984 2015 2042 et,

442 2069 503 2114 ut
533 2059 811 2129 diligatur,
844 2072 1175 2131 praeceptum
1212 2072 1323 2127 est,
1357 2078 1467 2131 quo
1507 2063 1887 2133 unusquisque
1916 2080 2015 2133 pro

442 2152 705 2221 temperie
753 2167 852 2207 sua
891 2153 1234 2209 convenienti
1268 2162 1451 2207 utatur
1493 2155 1758 2210 remedio.
1808 2155 2017 2210 Timete

440 2259 574 2314 ergo
615 2245 789 2305 illum,
827 2246 957 2315 quia
992 2254 1074 2299 est
1102 2246 1303 2315 justus.
1333 2245 1460 2302 Sive
1492 2247 1657 2316 igitur
1686 2248 1867 2315 veriti,
1901 2248 2017 2303 sive

440 2336 752 2407 diligentes,
782 2354 848 2392 ne
878 2340 1133 2407 peccetis.
1168 2336 1389 2392 Utinam
1435 2348 1616 2395 autem
1669 2341 1869 2397 timens
1915 2342 2017 2395 ali-

438 2426 565 2495 quis
602 2427 807 2483 illicitis
847 2429 1241 2497 cupiditatibus
1289 2429 1624 2497 dominetur,
1677 2432 1856 2486 aliena
1903 2447 2013 2486 non

438 2516 745 2582 desideret,
796 2518 1193 2573 humanitatem
1233 2529 1524 2586 exerceat,
1565 2532 1877 2590 temperans
1910 2521 2010 2586 sit,

435 2609 583 2675 juste
624 2616 768 2677 agat.
815 2607 986 2663 Video
1030 2610 1176 2664 enim
1220 2610 1513 2666 nonnullos
1554 2612 1608 2665 in
1658 2614 1853 2666 timore
1893 2613 2014 2682 ejus

441 2695 793 2766 imperfectos
848 2698 1081 2767 plurima
1146 2714 1395 2768 peccare.
1462 2698 1647 2770 Itaque
1705 2713 2014 2759 metuamus

441 2785 639 2852 Deum,
673 2802 772 2841 nec
798 2796 1007 2842 tantum
1034 2789 1159 2857 quia
1181 2788 1365 2857 justus
1394 2798 1495 2843 est.
1526 2788 1662 2843 Nam
1694 2790 1894 2860 injuria
1932 2791 2014 2845 af-

441 2878 712 2933 fectorum
743 2878 1004 2935 misertus
1032 2879 1289 2947 injuriam
1328 2878 1627 2937 inferentes
1652 2882 1829 2949 punit.
1860 2883 2015 2937 Sicut

440 2971 607 3042 igitur
636 2986 778 3040 aqua
810 2971 1108 3042 exstinguit
1134 2971 1333 3040 ignem,
1359 2972 1431 3026 ita
1472 2982 1526 3026 et
1557 2973 1722 3027 timor
1744 2975 2015 3044 cupidita-

2126 501 2399 573 ἄνθρωποι
2437 502 2794 573 ἐφοϐούμεθα.
2828 503 2969 571 λέγω
3000 504 3055 555 δὲ
3076 504 3121 532 ⁷⁸
3152 502 3251 565 τὰς
3276 505 3339 555 ἐκ
3360 503 3466 555 τῶν
3497 502 3705 571 ὁμοίων

2124 594 2436 657 ὲπιϐουλάς,
2474 595 2553 647 ἐτι
2579 612 2637 647 τε
2671 594 2853 666 θηρία,
2890 595 3111 664 ἐρπετά,
3148 594 3353 657 νόσους,
3379 595 3545 665 πάθη,
3580 594 3701 647 δαί-

2130 699 2293 753 μονας
2326 684 2419 737 καὶ
2450 684 2582 737 ἄλλα
2610 684 2796 755 μυρία.
2836 685 2892 736 Ὀ
2924 681 3015 737 οὖν
3048 686 3193 756 ἡμᾶς
3222 684 3387 750 ἀξιῶν
3417 688 3490 756 μὴ
3517 684 3702 753 φοϐεῖ-

2126 772 2249 827 σθαι
2275 774 2425 836 Θεὸν,
2448 775 2651 828 τούτων
2672 778 2819 845 ἡμᾶς
2843 776 3111 847 ῥυσάσθω,
3135 778 3224 829 ἵνα
3249 777 3378 846 μηδὲ
3407 776 3577 830 ταῦτα
3602 794 3703 844 φο-

2124 864 2365 935 ϐώμεθα.
2397 866 2458 917 Εἰ
2485 866 2541 917 δὲ
2565 866 2625 918 οὐ
2646 866 2886 928 δύναται,
2910 866 2961 919 τί
2988 868 3115 936 ἡμῖν
3143 866 3401 934 φθονεῖ⁷⁶,
3428 867 3507 919 ἐνὶ
3526 866 3701 937 φόϐῳ,

2122 956 2201 1027 τῷ
2222 956 2357 1027 πρὸς
2375 957 2434 1010 τὸ
2456 956 2681 1019 δίκαιον,
2707 958 2911 1029 μυρίων
2927 957 3305 1027 ἀπαλλαγῆναι
3330 957 3528 1026 φόϐων,
3544 957 3697 1010 xa‘t”

2125 1046 2357 1119 βραχείᾳ
2379 1052 2445 1119 τῇ
2476 1048 2611 1119 πρὸς
2655 1050 2815 1102 αὑτὸν
2852 1049 3029 1102 πίστει
3061 1049 3227 1119 μυρία
3269 1048 3413 1119 πάθη
3450 1051 3543 1101 καὶ
3572 1050 3701 1102 ἐαυ-

2121 1140 2231 1193 τῶν
2259 1141 2351 1193 καὶ
2378 1140 2549 1194 ἄλλων
2599 1140 2943 1211 μετατιθέναι
2984 1141 3204 1194 δυνατὸν
3243 1139 3529 1209 γενέσθαι,
3560 1140 3703 1212 μετά

2120 1232 2213 1285 τοῦ
2260 1234 2354 1286 καὶ
2399 1233 2632 1304 ἀμοιϐὴν
2684 1233 2901 1301 ἀγαθῶν
2957 1233 3378 1305 προσδέχεσθαι,
3424 1234 3515 1287 καὶ
3548 1233 3701 1304 αἰτίᾳ⁵

2123 1323 2286 1391 φόϐου
2310 1324 2403 1377 τοῦ
2427 1324 2604 1377 πάντα
2626 1324 2858 1395 ὁρῶντος
2883 1323 3017 1376 Θεοῦ
3047 1325 3210 1396 μηδὲν
3236 1324 3420 1388 κακῶς
3442 1325 3490 1356 ⁷⁸
3525 1324 3703 1395 πράσ-

2124 1432 2315 1479 σοντας
2348 1418 2441 1469 καὶ
2466 1418 2522 1470 ἐν
2554 1416 2631 1486 τῷ
2664 1417 2890 1487 παρόντι
2915 1418 2972 1468 ἐν
2998 1417 3187 1488 εἰρήνῃ
3218 1416 3497 1470 διατελεῖν.

2192 1596 2309 1648 ΧΠ.
2352 1594 2538 1658 Οὕτως
2560 1598 2593 1666 ἡ
2626 1595 2763 1666 πρὸς
2792 1596 2883 1648 τὸν
2909 1595 3076 1658 ὅντως
3103 1595 3375 1666 Δεσπότην
3400 1595 3703 1667 εὐγνώμων

2120 1685 2334 1739 δουλεία
2371 1686 2496 1748 τοὺς
2536 1685 2822 1749 λοιποὺς⁷⁹
2852 1687 3059 1751 πάντας
3104 1688 3417 1759 ἐλευθέρους
3458 1687 3697 1758 τίθησιν.

2052 1761 2089 1813 Β
2120 1778 2181 1828 El
2214 1778 2314 1846 μὲν
2344 1773 2439 1830 οὖν
2467 1794 2575 1830 τινι
2611 1777 2831 1831 δυνατόν
2859 1781 2993 1843 ἐστι,
3018 1779 3146 1855 ἄνευ
3175 1780 3269 1832 τοῦ
3298 1780 3578 1848 φοϐεῖσθαι
3604 1781 3699 1833 τὸν

2119 1869 2253 1921 Θεὸν
2290 1869 2363 1940 μὴ
2409 1870 2742 1941 ἁμαρτάνειν
2767 1910 2781 1931 ,
2835 1871 2907 1941 μὴ
2953 1871 3224 1940 φοϐείσθω
3246 1872 3313 1924 ⁸ο.
3344 1871 3560 1938 Ἔξεστι
3586 1872 3701 1943 γὰρ

2118 1961 2305 2031 ἀγάπῃ
2326 1964 2390 2032 τῇ
2420 1962 2557 2032 πρὸς
2579 1962 2739 2015 αὐτὸν
2766 1964 2794 2015 ὃ
2816 1964 2963 2034 αὐτῷ
2992 1965 3064 2035 μὴ
3088 1964 3217 2035 δοκῇ
3239 1964 3279 1995 ⁸¹
3310 1964 3382 2035 μὴ
3411 1964 3697 2035 πράττειν.

2118 2053 2227 2104 Καὶ
2253 2052 2360 2124 γὰρ
2402 2052 2704 2123 φοϐηθῆναι
2735 2055 3064 2133 γέγρασπται,
3099 2054 3193 2108 καὶ
3226 2055 3446 2125 ἀγαπᾷν
3474 2057 3697 2127 παρήγ-

2117 2142 2326 2211 γελται·
2362 2144 2447 2197 ἵνα
2495 2144 2630 2214 πρὸς
2672 2146 2770 2214 τὴν
2805 2145 2969 2198 αὑτοῦ
3007 2145 3239 2207 ἕκαστος
3271 2147 3465 2216 κρᾶσιν
3500 2146 3700 2214 ἐπιτη-

2115 2233 2241 2304 δείῳ
2282 2236 2551 2307 χρήσηται
2600 2238 2890 2307 φαρμάκῳ.
2930 2236 3183 2289 Φοϐεῖσθε
3210 2231 3302 2289 οὖν
3334 2236 3493 2289 αὑτὸν
3513 2235 3580 2297 ⁸⁸,
3614 2236 3699 2287 ὅτι

2115 2322 2321 2386 δίκαιός
2355 2325 2522 2377 ἐστιν.
2574 2325 2695 2377 Εἴτε
2922 2321 3014 2378 οὖν
3041 2326 3384 2395 φοϐούμενοι,
3409 2325 3518 2378 εἴτε
3559 2326 3699 2393 ἀγα-ο

2116 2414 2346 2479 πῶντες,
2377 2415 2450 2486 μὴ
2484 2416 2847 2487 ἁμαρτάνετε.
2879 2417 3094 2470 Γένοιτο
3116 2417 3172 2470 δὲ
3213 2417 3543 2487 φοϐούμενόν
3570 2434 3701 2470 τινα

2116 2504 2316 2575 ἡδονῶν
2338 2506 2551 2576 ἀνόμων
2572 2511 2791 2578 κρατεῖν
2812 2508 3069 2562 δύνασθαι
3086 2550 3100 2573 ,
3136 2508 3387 2579 ἀλλότρια
3405 2510 3479 2579 μὴ
3502 2509 3699 2563 ἐπιθυ-

2117 2599 2257 2666 μεῖν,
2293 2597 2699 2668 φιλανθρωπίαν
2747 2601 2955 2661 ἀσκεῖν,
3001 2605 3315 2672 σωφρονεῖν,
3369 2602 3694 2672 δικαιοπρα-

2114 2690 2248 2755 γεῖν.
2300 2688 2439 2759 Ὁρῶ
2471 2689 2579 2759 γάρ
2605 2707 2755 2752 τινας
2781 2690 2993 2754 ἀτελεῖς
3017 2691 3095 2761 τῷ
3130 2693 3264 2765 πρὸς
3289 2693 3451 2746 αὑτὸν
3478 2692 3630 2763 φόϐῳ
3649 2694 3698 2724 ⁸³

2116 2777 2343 2833 πλεῖστα
2383 2782 2813 2852 ἁμαρτάνοντας.
2838 2782 3168 2853 Φοϐηθῶμεν
3194 2780 3285 2837 οὖν
3309 2784 3397 2836 τὸν
3421 2783 3577 2847 Θεὸν,
3619 2785 3697 2855 μῆ

2114 2867 2276 2938 μόνον
2320 2870 2403 2921 ὃτι
2441 2870 2649 2933 δίκαιός
2683 2872 2849 2924 ἐστιν.
2899 2871 3094 2924 Ἑλεῶν
3133 2872 3241 2945 γάρ
3270 2876 3397 2938 τοὺς
3430 2874 3697 2945 ἠδικημέ-

2115 2973 2239 3021 νους
2281 2964 2516 3031 τιμωρεῖ
2556 2961 2682 3024 τοὺς
2729 2961 3075 3031 ἠδικηκότας.
3135 2964 3219 3026 Ὡς
3263 2960 3355 3017 οὖν
3405 2963 3548 3035 ὕδωρ
3581 2963 3695 3034 πῦρ

440 3071 548 3116 tem
574 3062 845 3115 malorum
868 3061 1081 3115 evertit.
1109 3058 1210 3126 Qui
1238 3060 1452 3115 timoris
1474 3063 1803 3117 vacuitatem
1830 3066 2011 3131 docet,

2118 3050 2418 3117 σϐέννυσιν,
2454 3050 2626 3115 οὕτως
2669 3052 2764 3104 καὶ⁷
2798 3052 2958 3121 φόϐος
2991 3055 3089 3125 τὴν
3134 3055 3243 3108 τῶν
3286 3056 3471 3109 κακῶν
3500 3058 3694 3109 ἐπιθυ-

439 3168 617 3223 neque
663 3153 779 3221 ipse
822 3152 1009 3213 timet;
1053 3152 1146 3220 qui
1184 3165 1317 3217 vero
1347 3166 1456 3207 non
1497 3152 1686 3218 timet,
1719 3170 1895 3225 neque
1917 3154 2013 3225 ⁸ξιι.

2119 3146 2248 3216 μίαν
2274 3147 2507 3216 ἀναιρεῖ.
2551 3146 2607 3197 Ὀ
2634 3145 2862 3214 ἀφοϐίαν
2902 3146 3167 3201 διδάσκων
3193 3149 3300 3201 οὐδ’
3325 3150 3485 3212 αὐτὸς
3512 3151 3697 3220 φοϐεῖ-

436 3244 641 3299 dieium
682 3243 799 3297 fore
833 3242 1046 3307 credit,
1096 3242 1425 3312 cupiditates
1454 3252 1638 3314 auget,
1672 3261 1865 3317 magus
1903 3256 2009 3315 est,

436 3336 577 3390 alios
602 3335 657 3390 in
685 3333 777 3399 iis,
806 3348 928 3403 quae
956 3332 1071 3403 ipse
1094 3332 1244 3397 facit,
1270 3334 1616 3392 criminatur.

507 3508 642 3565 Xlll.
682 3508 777 3566 llis
801 3509 1022 3572 auditis,
1052 3508 1241 3564 Simon
1285 3510 1689 3583 interrumpens
1733 3513 1850 3568 ait:
1881 3512 2009 3569 Seio

435 3603 504 3657 ad
529 3588 690 3672 quem
722 3602 823 3656 ista
852 3602 1003 3657 dicas
1034 3618 1046 3656 :
1082 3602 1176 3656 sed
1203 3618 1269 3657 ne
1298 3618 1397 3671 ego
1429 3604 1616 3659 eadem
1647 3604 1714 3658 ad
1741 3614 1792 3659 te
1821 3606 2009 3659 redar-

433 3695 708 3767 guendum
740 3695 968 3763 loquens
997 3702 1209 3763 tempus
1239 3694 1546 3763 impendam
1584 3696 1636 3749 in
1662 3711 1784 3765 qua:
1816 3697 2005 3762 nolim,

434 3788 503 3843 ad
535 3786 693 3842 nobis
722 3786 942 3841 deﬁnita
968 3786 1255 3854 responde.
1285 3785 1561 3842 Gloriatus
1594 3802 1677 3853 es,
1701 3803 1767 3842 ac
1796 3788 2005 3855 dixisti,

434 3887 488 3935 te
513 3878 727 3933 abunde
750 3876 1049 3947 intelligere
1073 3876 1313 3945 Magistri
1341 3878 1418 3932 tui
1449 3894 1556 3944 res,
1584 3879 1843 3949 quoniam
1867 3895 2008 3950 prte-

432 3986 563 4026 sens
607 3970 792 4024 vidisti
837 3984 903 4023 ac
945 3968 1169 4023 audiisti
1208 3984 1332 4023 eum
1366 3970 1661 4033 evidenter,
1705 3985 1804 4026 nec
1845 3986 2006 4041 posse

431 4061 742 4131 quempiam
773 4060 938 4114 alium
965 4057 1143 4114 simile
1174 4061 1303 4130 quid
1335 4077 1431 4130 per
1463 4072 1738 4131 spectrum
1784 4072 1879 4117 aut
1922 4065 2004 4116 vi-

431 4154 641 4209 sionem
672 4153 1056 4220 habere.Quod
1079 4170 1212 4209 vero
1242 4155 1346 4208 hoc
1378 4153 1577 4210 falsum
1601 4154 1670 4209 sit
1692 4154 2000 4210 ostendam.

430 4245 537 4312 Qui
588 4246 735 4301 clare
784 4245 936 4298 audit
966 4245 1229 4314 aliquem,
1270 4261 1377 4299 non
1408 4246 1557 4299 omni
1592 4260 1660 4299 ex
1692 4254 1846 4314 parte
1873 4262 2001 4316 per-

429 4339 693 4393 suadetur
714 4337 781 4391 de
815 4336 996 4391 dictis.
1028 4336 1201 4391 Habet
1229 4336 1375 4390 enim
1406 4351 1563 4391 mens
1589 4337 1710 4405 ejus
1737 4337 1997 4408 cogitare,

2114 3254 2227 3301 ται,
2252 3239 2279 3290 6
2303 3237 2359 3290 δὲ
2383 3237 2455 3308 μὴ
2482 3236 2811 3307 φοϐούμενος
2834 3236 2954 3289 οὐδὲ
2981 3237 3161 3309 κρίσιν
3180 3238 3394 3292 ἔσεσθαι
3425 3242 3693 3304 πιστεύει,

2112 3327 2211 3391 τὰς
2236 3327 2531 3397 ἐπιθυμίας
2563 3326 2737 3393 αὖξει,
2773 3326 2999 3397 μαγεύει
3022 3366 3038 3391 ,
3075 3327 3263 3392 ἄλλους
3288 3331 3370 3399 ἐφ’
3403 3327 3484 3395 οἷς
3530 3333 3694 3394 αὐτὸς

2112 3419 2348 3491 πράσσει
2376 3418 2671 3472 διαϐάλλει.

2184 3508 2324 3563 ΧΙΙΙ.
2368 3508 2552 3561 Ταῦτα
2590 3510 2618 3561 6
2656 3510 2835 3579 Σίμων
2863 3510 3073 3563 ἀκούων
3101 3511 3364 3581 ἐπικύψας
3393 3512 3494 3584 ἔφη
3520 3531 3532 3544 ·
3559 3509 3695 3568 Οἶδα

2111 3599 2247 3669 πρὸς
2292 3600 2413 3653 τίνα
2457 3600 2629 3653 ταῦτα
2671 3601 2870 3669 λέγεις,
2901 3601 3015 3654 ἀλλ’
3047 3603 3134 3657 ἵνα
3166 3604 3239 3674 μὴ
3267 3604 3425 3667 αὐτὸς
3450 3605 3520 3657 τά
3550 3607 3694 3660 αὺτά

2108 3698 2279 3766 λέγων
2322 3698 2457 3769 πρὸς
2495 3697 2555 3749 τὸ
2583 3697 2823 3767 ἐλέγχειν
2860 3714 2917 3750 σε
2948 3698 3166 3750 δαπανῶ
3203 3700 3294 3751 τὸν
3332 3701 3519 3769 χρόνον
3548 3702 3629 3764 εἰς
3658 3702 3696 3754 ἃ.

2111 3790 2185 3860 μὴ
2207 3788 2362 3853 θέλω,
2388 3788 2524 3859 πρὸς
2548 3788 2616 3841 τά
2635 3788 2916 3860 ὁρισθέντα
2943 3791 3072 3858 ἡμῖν
3092 3789 3379 3859 ἀπόκριναι
3402 3791 3468 3843 ⁸⁸.
3488 3792 3695 3863 Ἐπηγ-

2105 3880 2289 3948 γείλω,
2325 3880 2525 3949 ἱκανῶς
2562 3879 2872 3949 νενοηκέναι
2917 3896 2975 3931 σε
3013 3879 3081 3931 τὰ
3107 3878 3200 3931 τοῦ
3231 3881 3558 3935 Διδασκάλου
3594 3900 3694 3937 σου

2105 3936 2296 4041 λέγων,
2332 3936 2779 4042 διίτὸνπαρόνιτα
2807 3971 3061 4042 ἐναργείᾳ
3079 3972 3125 4001 ⁸⁵
3159 3974 3289 4042 ὁρᾷν
3333 3973 3429 4026 καὶ
3468 3936 3694 4029 ἀκούειν

2104 4064 2289 4128 αὑτοῦ,
2320 4066 2413 4117 καὶ
2460 4064 2635 4135 ἑτέρῳ
2682 4063 2787 4115 τινὶ
2828 4063 2902 4133 μὴ
2955 4062 3171 4115 δυνατὸν
3221 4058 3355 4114 εἶναι
3388 4064 3628 4134 ὁράματι
3656 4065 3693 4136 ἢ

2102 4156 2336 4228 ὀπτασίᾳ
2379 4155 2522 4225 ἐχειν
2562 4154 2622 4207 τὸ
2660 4155 2991 4225 ὅμοιον.”()τι
3022 4154 3079 4207 δὲ
3111 4155 3267 4206 τοῦτο
3294 4154 3490 4223 ψεῦδός
3517 4158 3692 4221 ἐστιν,

2100 4249 2277 4313 δείξω.
2298 4250 2352 4301 '0
2384 4247 2630 4319 ἐναργῶς
2657 4246 2869 4299 ἀκούων
2907 4247 3049 4309 τινὸς
3076 4248 3135 4299 ού
3156 4247 3297 4299 πάνυ
3326 4248 3693 4320 πληροφορεί-

2101 4356 2190 4391 ται
2225 4338 2317 4390 ἐπὶ
2342 4341 2455 4401 τοῖς
2484 4338 2978 4407 λεγομένοις.Ἒχει
3009 4337 3115 4409 γὰρ
3145 4340 3173 4391 6
3198 4337 3320 4401 νοῦς
3350 4338 3515 4390 αὑτοῦ
3543 4340 3695 4408 λογίσ-

432 4446 560 4483 num
605 4430 695 4484 ille
725 4428 1042 4493 mentiatur,
1090 4438 1273 4498 utpote
1308 4429 1494 4492 homo,
1524 4429 1825 4483 secundum
1851 4432 1997 4499 quod

2118 4431 2318 4495 τασθαι,
2345 4430 2418 4501 μὴ
2460 4430 2567 4501 ἄρα
2606 4429 2879 4499 ψεύδεται,
2911 4430 3191 4500 ἄνθρωπος
3219 4429 3294 4483 ὣν
3328 4431 3388 4483 τὸ
3428 4434 3696 4503 φαινόμε-

429 4529 672 4591 apparet.
705 4518 774 4574 At
799 4519 960 4585 visio,
991 4519 1156 4573 simul
1178 4535 1241 4574 ac
1266 4520 1512 4590 contigit,
1538 4520 1697 4581 tidem
1724 4519 1854 4575 facit
1879 4536 1998 4576 cer-

430 4612 599 4676 nenti,
632 4612 779 4681 quod
808 4609 1074 4667 Divinitas
1103 4611 1194 4666 sit.
1222 4612 1304 4666 Ad
1333 4613 1437 4668 hoc
1465 4612 1598 4667 mihi
1630 4613 1867 4682 primum
1911 4628 1999 4668 re-

429 4704 655 4774 spende.

499 4792 642 4848 XIV.
684 4793 752 4847 Et
781 4792 976 4850 Petrus
1005 4794 1080 4847 ait
1111 4811 1124 4848 :
1154 4792 1317 4848 Aliud
1348 4796 1682 4864 proposuisti
1711 4797 1913 4864 dicere,
1943 4807 1997 4855 et

427 4885 576 4941 aliud
603 4885 818 4942 locutus
847 4902 927 4941 es.
960 4885 1301 4955 Proposuisti
1329 4887 1500 4955 enim,
1523 4888 1669 4958 quod
1702 4890 1874 4959 possit
1897 4891 1999 4945 ali-

425 4979 550 5049 quis
583 4979 812 5034 audiens
842 4979 964 5048 plus
991 4977 1291 5050 intelligere
1319 4988 1375 5035 et
1404 4981 1458 5034 in
1489 4996 1670 5035 rerum
1700 4982 1860 5037 [idem
1899 4998 1995 5037 ve-

2102 4540 2210 4575 νον.
2230 4522 2292 4574 Ἠ
2324 4520 2380 4573 δὲ
2406 4522 2639 4574 ὀπτασία
2671 4520 2787 4591 ἃμα
2810 4521 2887 4592 τῷ
2921 4520 3134 4590 ὀφθέντι
3154 4524 3199 4554 ⁸⁸
3236 4523 3411 4581 πίστιν
3452 4527 3692 4596 παρέχει

2100 4614 2178 4683 τῷ
2202 4613 2420 4684 ὁρῶντι,
2453 4614 2534 4666 ὅτι
2556 4613 2767 4685 θειότης
2797 4612 2962 4665 ἐστίν.
2989 4613 3132 4685 Πρὸς
3158 4614 3314 4668 τοῦτό
3343 4633 3433 4687 μοι
3463 4616 3691 4688 πρῶτον

2100 4706 2408 4777 ἀπόκριναι.

2168 4798 2333 4870 346
2372 4794 2519 4851 XIV.
2551 4798 2660 4849 Kal
2681 4798 2709 4849 6
2738 4796 2943 4869 Πέτρος
2970 4797 3072 4868 ἔφη
3089 4798 3132 4829 ⁸⁷
3154 4816 3167 4827 ο
3192 4799 3285 4861 Εἰς
3308 4798 3436 4853 ἄλλο
3466 4802 3690 4872 προτεί-

2101 4910 2197 4957 νας
2224 4893 2416 4953 είπεῖν,
2450 4890 2529 4951 εἰς
2573 4888 2762 4959 ἕτερον
2801 4889 3095 4959 ἀπεκρίνου
3113 4889 3180 4942 ⁸⁸.
3222 4890 3544 4961 Προέτεινας
3572 4892 3689 4963 γὰρ

2099 4986 2175 5048 ὡς
2209 4984 2405 5056 μᾶλλον
2446 4980 2700 5034 δύνασθαί
2743 4981 2922 5034 uva”
2955 4981 3137 5034 πλεῖον
3180 4984 3317 5034 νοεῖν
3349 4980 3467 5052 [καὶ
3498 4982 3689 5035 πίστιν

1694 5093 1930 5150 VARUE
1970 5074 2371 5153 LECTIONEOS.

492 5186 541 5217 ⁷⁸
578 5185 652 5256 δή
677 5185 734 5239 S.
760 5183 899 5238 Tum
929 5184 986 5236 δέ
1010 5200 1063 5253 p.
1090 5201 1149 5256 τε
1179 5186 1239 5239 C.
1318 5187 1364 5219 ⁷⁸
1394 5183 1471 5239 De
1512 5185 1617 5239 hoc
1650 5187 1908 5256 loquendi
1938 5203 2027 5241 mo

2137 5189 2176 5242 Ι)
2231 5190 2443 5245 confert.
2470 5192 2618 5244 hom.
2653 5207 2807 5256 xvnt,
2847 5192 2932 5245 12.
2959 5190 3095 5245 Tum
3137 5192 3184 5244 εξ
3209 5191 3255 5243 δ’
3289 5188 3352 5244 Ο.
3379 5188 3419 5243 S
3465 5193 3682 5246 mavult

424 5256 576 5341 ett-pe;~
596 5254 708 5341 τόν,
734 5264 954 5341 ρςορξοιξ
991 5254 1171 5341 αρτὸν,
1220 5257 1366 5341 quod
1391 5256 1672 5341 sequitur;
1717 5257 1774 5341 "’7
1801 5255 1902 5335 καί
1923 5257 2030 5325 adjt

2118 5260 2326 5341 ;i_c.‘0.
2353 5262 2450 5341 -.τῇ
2481 5262 2648 5341 κακόν
2683 5262 2742 5316 C.
2797 5254 2866 5300 7".
2886 5265 3003 5341 τοῖς
3024 5262 3231 5341 λοιποῖς
3268 5260 3422 5341 ροιιῙ.
3457 5261 3500 5314 C
3530 5263 3686 5341 ,ἑῆς

422 5323 618 5417 λοιπῆς
647 5323 751 5417 (ἓοζ
779 5323 1041 5417 δὲυλῖίας)
1070 5323 1487 5417 lc‘o'mnli‘endatID
1516 5365 1531 5389 ,
1582 5324 1675 5378 τοῦ
1717 5324 1903 5378 λοιποῦ
1937 5323 2030 5394 pro

2118 5331 2189 5411 nit
2217 5332 2295 5417 8.¹
2352 5331 2505 5417 “ulta
2533 5331 2594 5417 Ο..
2626 5348 2882 5417 curuatis.
2946 5323 3055 5417 (ii,
3089 5333 3145 5417 in
3189 5329 3302 5417 cttj.
3350 5323 3499 5417 textu
3528 5323 3682 5417 λειίζ

725 5393 1030 5471 φοϐεῖσθαιί
1070 5394 1114 5425 ⁸⁸
1138 5393 1192 5471 l_n
1219 5394 1262 5449 0
1316 5395 1445 5471 αυτό
1472 5410 1578 5471 ree.
1610 5411 1755 5471 tuan.
1787 5393 2030 5471 correctu

2128 5401 2179 5453 in
2211 5403 2353 5469 vulg.
2388 5400 2532 5455 [dem
2566 5403 2731 5455 δοκεῖ.
2806 5393 2859 5433 ’δ’
2893 5401 3175 5471 φοϐεῖσθαι
3210 5393 3303 5454 οὖν
3335 5399 3500 5454 αὑτὸν
3525 5393 3682 5471 ἐστιν

424 5397 584 5464 1672)
614 5397 687 5519 μὲ
725 5397 1030 5476 φοϐεῖσθαι.⁸
1070 5397 1114 5425 ⁸⁸
1138 5397 1192 5474 Ιιι
1219 5397 1262 5449 0
1316 5397 1445 5447 αὑτό
1472 5410 1578 5449 ree.
1610 5411 1755 5449 man.
1787 5405 2030 5450 correctu

564 5466 609 5540 f”
692 5481 787 5540 sus
829 5473 1179 5540 requtrttjoo
1217 5496 1285 5540 -Ῐ
1313 5464 1478 5540 φόϐου
1644 5466 1690 5497 ⁸⁸
1718 5466 2011 5540 ἀπόκριναι

2128 5401 2179 5453 in
2211 5403 2353 5469 vulg.

2118 5473 2220 5540 onj.
2289 5473 2329 5527 ι]
2359 5512 2372 5536 ,

513 5577 529 5621 ,
562 5537 811 5621 ἐνεργείᾳ
837 5534 905 5621 (Ξ,
930 5533 1041 5621 Ο.Μ
1072 5536 1117 5621 ξδ
1154 5535 1382 5621 ἀφθῆναι
1507 5535 1758 5606 θεότητος
1785 5551 1837 5605 p.
1870 5533 2030 5616 ’θειότι

2118 5533 2463 5621 commendat
2502 5533 2701 5621 'Cl‘r.
2735 5543 2880 5621 hom.
2916 5533 3034 5595 XVII-
3048 5582 3061 5621 ,
3095 5542 3148 5596 5.

2426 5471 2826 5543 ἀποκρίνασθαι
2878 5469 3107 5540 uterque
3134 5472 3289 5543 Hom.
3323 5471 3447 5543 cod.
3525 5470 3573 5502 ⁸⁸
3598 5469 3681 5543 Ita

3246 5542 3291 5572 ⁸⁷
3324 5540 3429 5609 ἔφη
3458 5555 3573 5595 om.
3608 5538 3677 5595 Ο.

421 5606 474 5681 ξε.
505 5603 797 5681 ἀπεκρίνω
822 5677 831 5681 _
856 5603 918 5660 0.
996 5605 1041 5637 ⁸³
1075 5605 1130 5659 ln
1160 5604 1204 5659 Ο
1257 5603 1377 5659 τινα
1406 5605 1513 5681 διά,
1537 5603 1675 5681 quas
1700 5603 1861 5681 voces
1882 5608 2030 5681 excip

2118 5613 2278 5666 unius
2296 5628 2487 5667 versus
2510 5613 2703 5666 lacuna
2729 5628 2745 5679 ;
2773 5613 2883 5681 jatn
2912 5613 3155 5681 sequitur
3185 5629 3199 5665 :
3230 5603 3675 5681 παρ’όᾶττασίας,

422 5674 567 5757 Ideni
589 5674 709 5732 cod.
742 5677 905 5732 unius
940 5692 1090 5733 voms
1112 5693 1345 5734 vacuum
1374 5678 1578 5749 praebet
1611 5676 1755 5731 inter
1794 5674 2030 5748 ὲναργείι

2126 5691 2179 5737 et
2204 5682 2499 5756 ἐπιϐαλών.
2526 5674 2845 5757 βιωπιᾳὶιο
2877 5674 3132 5736 lacunam
3173 5674 3540 5752 eonjectando
3567 5695 3677 5735 ex-

425 5762 456 5812 υ
463 5744 561 5799 levi
571 5787 583 5799 .
