3860 6210
248 311 355 367 397

1317 308 1773 365 CLEMENTINA.
1816 344 1885 353 ——-
1922 310 2205 366 IIOMILIA
2247 310 2405 367 XVII.

3395 312 3497 366 593

248 418 645 499 λαμϐάνεσθαι]
690 429 818 498 παρ’
842 425 1103 489 ὀπτασίας
1142 425 1426 490 ἀκούοντα,
1458 426 1491 497 ἢ
1532 426 1639 495 γάρ
1683 424 1828 496 παρά

1935 428 2050 481 nire
2078 443 2171 496 per
2193 424 2480 491 visionem,
2513 440 2675 495 quam
2706 442 2803 495 per
2832 426 3181 491 evidentiam,
3207 442 3499 497 aggressus

246 516 351 587 τῆς
378 517 667 587 ἐναργείας
692 515 1026 588 [ἀκούοντα],
1050 515 1322 569 ἐπιϐαλὼν
1350 517 1407 569 δὲ
1428 516 1642 579 ἔπειθες
1664 518 1829 587 ἡμᾶς,

247 608 334 661 ὅτι
358 608 761 679 ἀσφαλέστερός
800 610 949 661 ἐστιν
990 608 1019 659 ὁ
1064 607 1154 661 ὑπ’
1184 608 1451 671 ὀπτασίας
1496 608 1710 661 ἀκούων
1737 607 1831 661 τοῦ

248 700 383 771 παρ’
411 701 580 770 αὐτῆς
600 701 645 731 ⁹⁰
684 699 971 771 ἐναργείας
1009 699 1315 764 ἀκούοντος.
1356 700 1537 770 Πέρας
1578 700 1707 768 γοῦν
1745 698 1833 752 διά

246 790 409 857 τοῦτο
437 790 571 862 ἐμοῦ
604 791 931 877 ἱκανώτερον
950 791 1183 861 ἔφασκες
1205 792 1401 844 εἰδέναι
1421 792 1492 844 τά
1510 791 1604 843 τοῦ
1633 790 1829 871 Ἰησοῦ,

244 880 325 945 ὡς
352 882 457 934 ὑπὸ
484 882 748 944 ὀπτασίας
769 881 933 935 αὐτοῦ
953 880 1203 952 ἀκηκοὼς
1232 882 1323 934 τὸν
1349 881 1523 949 λόγον.
1546 880 1693 965 Πλὴν
1724 879 1832 948 ἐγὼ

244 975 332 1038 είς
354 975 414 1027 τὸ
442 975 697 1045 ἅττ-αρχῆς
726 975 995 1045 προταθὲν
1026 975 1427 1046 ἀποκριναίμην
1448 974 1514 1026 ⁹¹.
1532 974 1589 1026 ὐ
1618 973 1831 1044 προφή-

240 1084 367 1139 της,
397 1066 480 1119 ὃτι
512 1067 797 1137 προφήτης
818 1068 985 1128 ἐστὶν,
1017 1067 1439 1138 πληροφορήσας
1468 1065 1682 1137 πρῶτον
1705 1066 1832 1137 περὶ

239 1159 355 1212 τῶν
382 1159 626 1231 ἐναργῶς
649 1159 739 1213 ὑπ’
764 1158 927 1211 αὐτοῦ
954 1159 1280 1230 λεγομένων,
1303 1157 1560 1227 ἀσφαλῶς
1584 1159 1833 1211 πιστεύε-

240 1271 357 1315 ται,
390 1254 482 1306 καὶ
501 1254 545 1284 ⁸³
569 1251 772 1322 ἀληθὴς
788 1251 864 1305 ὢν
896 1252 1381 1323 προεπιγνωσθεὶς,
1411 1253 1523 1315 καὶ,
1546 1252 1621 1315 ὼς
1648 1254 1675 1304 6
1707 1268 1832 1321 μαν-

242 1344 422 1398 θάνων
453 1344 616 1407 θέλει,
650 1343 959 1409 ἐξετασθεὶς
989 1344 1083 1396 καὶ
1109 1344 1421 1415 ἀνακριθεῖς
1454 1342 1827 1414 ἀποκρίνεται.

250 1437 312 1490 '0
340 1438 398 1490 δέ
425 1436 662 1509 ὀπτασίᾳ
690 1435 959 1489 πιστεύων
988 1435 1021 1506 ἢ
1051 1436 1285 1507 ὁράματι
1315 1436 1407 1488 καὶ
1436 1435 1691 1505 ἐνυπνίῳ,
1709 1436 1829 1487 ἐπι-

240 1529 457 1601 σφαλής
501 1530 666 1582 ἐστιν.
701 1529 907 1596 Ἀγνοεῖ
942 1528 1049 1598 γάρ
1082 1527 1190 1580 τίνι
1233 1527 1495 1580 πιστεύει.
1529 1528 1829 1598 Ἐνδέχεται

237 1618 353 1690 γάρ
381 1618 545 1671 αὐτὸν
581 1617 613 1689 ἢ
644 1616 869 1687 δαίμονα
899 1616 1065 1670 κακὸν
1097 1611 1257 1680 εἶναι,
1287 1615 1319 1687 ἢ
1361 1614 1578 1687 πνεῦμα
1605 1615 1825 1680 πλάνον,

237 1711 299 1761 ἐν
348 1709 425 1779 τῷ
466 1708 643 1777 λέγειν
686 1708 1113 1779 ὑποκρινόμενον
1150 1703 1290 1760 εἶναι
1318 1704 1346 1759 ὃ
1379 1708 1451 1778 μή
1482 1708 1650 1759 ἐστιν.
1684 1709 1747 1760 El
1781 1709 1826 1761 δ’

236 1801 350 1871 ἄρα
374 1770 423 1832 ’λ
440 1817 524 1862 τις
540 1770 1217 1872 βουληθείηπυνθάνεσθαι
1245 1799 1306 1853 τὸ
1326 1770 1409 1862 τίς
1431 1770 1495 1852 ἀν
1572 1800 1599 1852 6
1618 1800 1821 1867 φανεὶς,
1858 1770 1900 1824 Β

235 1892 464 1944 δύναται
499 1892 677 1960 λέγειν
709 1891 888 1963 ἐαυτῷ
923 1891 952 1943 ὃ
986 1890 1251 1962 βούλεται.
1286 1893 1394 1945 Kal
1421 1889 1592 1955 οὕτως
1620 1894 1696 1956 ὡς
1730 1910 1826 1946 πο-

237 1984 406 2056 νηρὺς
450 1984 754 2055 ἀστράψας,
803 1983 991 2055 μείνας
1034 1982 1158 2035 ὅσον
1206 1980 1368 2046 θέλει,
1412 1982 1821 2045 ἀποσϐέννυται,

240 2075 319 2146 μὴ
354 2074 693 2146 παραμείνας
724 2074 803 2144 τῷ
844 2072 1229 2143 πυνθανομένῳ
1266 2074 1346 2135 είς
1375 2074 1657 2145 ἀνάκρισιν
1703 2074 1825 2127 ὅσον

238 2167 527 2238 ἠθέλησεν.
553 2166 652 2220 Διά
681 2166 737 2219 δὲ
768 2166 1033 2220 ἐνυπνίων
1060 2164 1203 2236 ὁρῶν
1233 2182 1316 2228 τις
1346 2165 1393 2197 ⁸⁵
1414 2165 1535 2218 ούδέ
1565 2165 1825 2219 πυνθάνε-

240 2260 367 2312 σθαι
412 2260 635 2313 δύναται
679 2260 807 2331 περὶ
833 2252 908 2312 ὧν
941 2257 1211 2329 βούλεται.
1244 2258 1319 2311 Ού
1361 2256 1470 2329 γὰρ
1505 2257 1641 2321 ἰδίας
1674 2256 1824 2322 ἐξου-

239 2354 364 2415 σίας
406 2354 553 2405 ἐστὶν
595 2353 623 2403 6
663 2351 918 2420 λογισμὸς
961 2350 1056 2402 τοῦ
1098 2348 1665 2421 κοιμωμένου.”Ενθεν
1695 2348 1824 2417 γοῦν

238 2443 417 2496 πολλά
436 2443 596 2514 347
620 2444 778 2513 ἡμεῖς
808 2442 955 2513 ῦπαρ
986 2440 1380 2512 ἐπιθυμοῦντες
1410 2438 1455 2472 9⁸
1489 2439 1675 2510 μαθεῖν
1706 2441 1824 2491 κατ’

234 2535 377 2606 δναρ
397 2534 525 2605 περὶ
552 2532 752 2603 ἐτέρων
772 2531 1172 2603 πυνθανόμεθα,
1201 2531 1232 2602 ἢ
1265 2532 1355 2583 καὶ
1392 2530 1465 2601 μὴ
1496 2530 1828 2600 πυνθανόμε-

238 2644 324 2679 νοι
357 2627 485 2698 περὶ
512 2625 620 2678 τῶν
654 2625 727 2696 μὴ
753 2624 1115 2696 διαφερόντων
1151 2626 1283 2694 ἡμῖν
1309 2624 1600 2694 ἀκούομεν,
1625 2625 1717 2677 καὶ
1744 2624 1823 2676 δι-

239 2704 592 2783 υπνισθέντες
638 2718 973 2791 ἀθυμοῦμεν,
1005 2720 1085 2772 ὅτι
1115 2719 1245 2788 περὶ
1286 2710 1361 2775 ὧν
1387 2717 1825 2789 ἐπεθυμοῦμεν⁹⁶

241 2807 463 2881 μαθεῖν,
493 2808 616 2862 οὔτε
641 2807 973 2881 ἠκούσαμεν,
1006 2808 1128 2863 οὕτε
1158 2808 1497 2880 ἐξητάσαμεν
1511 2807 1579 2862 ⁸⁷.

312 2900 435 2956 XV.
476 2902 583 2956 Kal
626 2902 654 2954 6
700 2900 880 2973 Σίμων
908 2902 1010 2973 ἔφη
1034 2915 1048 2933 ⁶
1081 2903 1145 2955 Εἰ
1185 2903 1290 2973 φῂς
1327 2903 1427 2965 τὰς
1459 2900 1719 2965 ὀπτασίας
1751 2902 1825 2975 μὴ

239 2991 466 3056 πάντως
484 2992 788 3064 ἀληθεύειν,
820 2993 935 3045 ἀλλ’
963 2989 1055 3046 οὖν
1082 3010 1145 3061 γε
1167 2993 1235 3046 τά
1261 2992 1513 3065 ὁράματα
1533 2992 1626 3048 καὶ
1646 2992 1715 3046 τὰ
1738 2994 1825 3045 ἐν-

1934 528 2113 572 autem
2140 518 2413 573 suadebas
2439 519 2691 572 tutiorem
2741 532 2863 573 esse
2908 533 3055 582 eum,
3085 518 3179 586 qui
3208 518 3261 572 in
3290 518 3501 573 visione

1934 610 2107 675 audit,
2142 610 2255 675 illo,
2280 610 2373 679 qui
2404 609 2556 663 audit
2582 625 2676 678 per
2717 609 3067 663 evidentiam.
3103 608 3345 678 Denique
3376 609 3500 663 ideo

1936 708 1984 754 te
2011 700 2369 770 potentiorem
2411 700 2633 754 dicebas
2664 715 2750 753 res
2778 697 2905 754 Jesu
2933 714 3287 768 cognoscere,
3332 714 3498 768 quam

1932 809 2054 861 ego,
2086 803 2145 847 ut
2190 794 2284 862 qui
2336 793 2509 862 ipsius
2557 792 2722 846 verba
2769 807 2864 860 per
2906 791 3169 845 visionem
3201 790 3494 846 audiisses.

1937 882 2135 938 Verum
2180 899 2284 955 ego
2327 884 2392 937 ad
2442 883 2519 948 id,
2545 883 2693 952 quod
2742 883 2995 951 primitus
3023 882 3361 950 propositum
3392 888 3498 949 est,

1934 974 2296 1043 respondebo.
2330 972 2621 1042 PrOpheta,
2677 973 2803 1042 quia
2856 973 3119 1042 propheta
3169 980 3271 1039 est,
3322 974 3501 1042 primo

1933 1065 2312 1118 certitudinem
2336 1064 2473 1117 dans
2502 1064 2569 1116 de
2614 1063 2703 1127 iis,
2731 1079 2851 1131 qua:
2881 1063 3026 1117 clare
3056 1062 3209 1127 dicit,
3238 1070 3355 1116 tuto
3380 1078 3494 1116 cre-

1932 1156 2099 1219 ditur,
2129 1155 2490 1224 praecognitus
2522 1168 2685 1208 verus
2714 1170 2857 1219 esse,
2901 1170 2987 1219 ac,
3036 1155 3496 1223 quemadmodum

1932 1246 2264 1315 quidocetur
2292 1247 2461 1315 cupit,
2484 1247 2780 1314 inquisitus
2804 1256 2857 1299 et
2884 1246 3250 1315 interrogatus
3278 1262 3501 1315 respon-

1932 1337 2041 1391 det.
2062 1336 2166 1403 Qui
2198 1353 2322 1391 vero
2348 1337 2543 1391 visioni
2571 1337 2741 1391 credit
2769 1348 2863 1389 aut
2886 1346 3097 1405 spectro
3120 1347 3174 1391 et
3201 1337 3496 1401 insomnio,

1931 1428 2172 1483 incertus
2221 1438 2326 1482 est.
2357 1427 2574 1498 Ignorat
2603 1429 2747 1481 enim
2783 1428 2871 1482 cui
2900 1430 3103 1484 credat.
3150 1426 3285 1483 Nam
3320 1439 3501 1498 potest

1931 1534 2053 1574 esse
2083 1528 2179 1573 aut
2214 1519 2390 1575 malus
2421 1519 2654 1583 daemon,
2688 1526 2783 1572 aut
2814 1519 3039 1586 spiritus
3073 1518 3259 1585 fallax,
3304 1522 3398 1590 qui
3442 1521 3498 1575 in

1930 1612 2114 1666 verbis
2142 1611 2363 1665 simulat
2392 1626 2514 1664 esse
2538 1610 2681 1679 quod
2731 1626 2840 1663 non
2883 1620 2987 1664 est.
3034 1609 3128 1663 Sin
3162 1622 3341 1665 autem
3373 1612 3499 1682 quis

1929 1705 2058 1759 velit
2083 1702 2693 1773 percontari,quisnam
2740 1702 2811 1757 sit
2857 1702 2950 1771 qui
3002 1703 3276 1771 apparuit,
3318 1702 3501 1773 potest

1929 1795 2053 1860 sibi,
2082 1794 2346 1864 quidquid
2377 1794 2491 1846 vult
2520 1793 2720 1846 dicere.
2772 1790 2974 1861 Sicque
3014 1800 3273 1860 tanquam
3298 1793 3497 1857 malus,

1930 1887 2023 1942 ubi
2055 1886 2383 1951 coruscavit,
2422 1885 2730 1953 mansitque
2775 1892 3040 1952 quantum
3069 1883 3262 1948 voluit,
3288 1885 3500 1938 exstin-

1929 1979 2132 2050 guitur,
2166 1993 2265 2032 nec
2296 1986 2581 2046 permanet
2596 1992 2719 2031 cum
2759 1977 3073 2031 sciscitante
3097 1976 3166 2030 ad
3198 1976 3501 2047 interroga-

1928 2072 2158 2135 tionem,
2195 2079 2459 2139 quantum
2490 2069 2576 2122 hic
2616 2069 2750 2122 vult.
2798 2067 2899 2121 Per
2942 2069 3211 2122 insomnia
3246 2083 3376 2123 vero
3404 2068 3503 2139 qui

1928 2168 2094 2230 videt,
2124 2180 2302 2234 neque
2344 2164 2689 2234 percunctari
2740 2171 2937 2232 potest,
2971 2164 3036 2216 de
3078 2164 3282 2232 quibus
3326 2163 3496 2217 lubet.

1927 2259 2112 2329 Neque
2157 2262 2301 2314 enim
2350 2259 2403 2310 in
2455 2257 2672 2325 propria
2709 2264 2975 2325 potestate
3002 2256 3106 2309 sita
3131 2263 3215 2309 est
3244 2256 3502 2324 cogitatio

1927 2351 2270 2407 dormientis.
2295 2347 2426 2403 Inde
2458 2349 2622 2419 igitur
2643 2348 2916 2417 vigilando
2945 2362 3043 2402 nos
3065 2347 3309 2402 discendi
3332 2347 3499 2414 avidi,

1929 2443 2097 2497 multa
2129 2443 2181 2495 in
2221 2440 2431 2495 somnis
2456 2442 2523 2495 de
2549 2440 2672 2494 aliis
2699 2442 3019 2509 quaerimus,
3052 2440 3133 2493 vel
3170 2454 3280 2493 non
3313 2440 3501 2509 requi-

1927 2544 2109 2587 rentes
2140 2533 2395 2587 audimus
2429 2548 2517 2587 res
2540 2532 2607 2586 ad
2639 2547 2740 2586 nos
2769 2548 3112 2603 nequaquam
3146 2532 3498 2601 pertinentes,

1927 2637 1981 2680 et
2008 2642 2038 2681 e
2064 2641 2259 2681 somno
2293 2626 2512 2681 excitati
2556 2624 2826 2690 dolemus,
2858 2640 2958 2681 nos
3005 2626 3072 2681 de
3104 2625 3172 2681 iis
3209 2641 3332 2696 quat
3360 2625 3503 2681 scire

1928 2719 2225 2775 avebamus
2248 2734 2427 2789 neque
2450 2717 2691 2773 audiisse
2713 2734 2889 2788 neque
2914 2718 3251 2789 explorasse.

1998 2894 2113 2950 XV.
2149 2896 2227 2951 Ac
2264 2893 2453 2949 Simon
2486 2913 2499 2949 :
2533 2892 2590 2949 Si
2633 2893 2783 2950 dicas
2829 2894 3068 2950 visiones
3116 2910 3225 2949 non
3277 2893 3503 2950 omnino

1926 3004 2054 3043 vera
2082 2986 2399 3057 praedicare,
2429 2996 2666 3041 attamen
2708 2987 2825 3041 visa
2875 2995 2929 3041 et
2975 2986 3268 3053 insomnia,
3318 3002 3441 3057 qua:
3470 3003 3501 3041 ξι

242 3087 414 3142 ύπνια
442 3086 761 3158 θεόπεμπτα
788 3086 914 3141 ὄντα
939 3086 1000 3139 οὐ
1028 3085 1301 3157 ψεύδεται,
1324 3086 1453 3159 περὶ
1471 3079 1546 3140 ὧν
1564 3085 1630 3140 ἂν
1655 3087 1827 3139 εἰπεῖν

1933 3079 2043 3134 Deo
2070 3080 2381 3145 mittuntur,
2414 3077 2551 3133 falsa
2598 3094 2708 3132 non
2753 3090 2881 3134 sunt
2926 3080 2981 3133 in
3018 3081 3182 3135 rebus
3213 3096 3350 3150 quas
3387 3081 3504 3134 vult

240 3178 397 3252 θέλῃ.
416 3178 525 3231 Kal
548 3178 576 3231 6
602 3176 807 3249 Πέτρος
832 3176 935 3248 ἔφη
959 3194 972 3207 ·
1001 3176 1205 3248 Ὀρθῶς
1234 3176 1388 3248 ἔφης,
1407 3177 1488 3230 ὅτι
1511 3174 1829 3247 θεόπεμπτα

245 3270 379 3323 ὄντα
407 3265 469 3320 ού
499 3266 770 3337 ψεύδεται.
794 3267 1017 3339 ’Ἄδηλον
1045 3268 1101 3320 δὲ
1139 3268 1189 3320 εί
1216 3265 1245 3319 ὀ
1279 3266 1398 3320 ἰδὼν
1423 3267 1470 3300 ⁸⁸
1489 3266 1830 3338 θεόπεμπτον

245 3360 490 3432 ἑώρακεν
531 3360 760 3432 ὄνειρον.
790 3361 900 3413 Kal
943 3362 972 3413 6
1016 3359 1232 3431 Σίμων·
1276 3358 1402 3413 Ἐἀν
1509 3362 1537 3413 6
1572 3359 1831 3433 ἑωρακὼς

241 3452 469 3515 δίκαιος,
500 3450 699 3521 ἀληθὲς
724 3448 985 3523 ἑώρακεν.
1008 3452 1115 3504 Kal
1140 3452 1168 3504 6
1192 3450 1414 3523 Πέτρος⁶
1447 3450 1652 3523 Ὀρθῶς
1673 3451 1827 3521 ἔφης.

243 3544 404 3606 Τίς⁹⁹
439 3543 496 3595 δὲ
521 3542 743 3606 δίκαιος,
775 3543 823 3594 εί
862 3543 1135 3612 ὁράματος
1164 3540 1339 3614 χρῄζῃ
1359 3540 1446 3606 ³⁸⁸,
1483 3541 1570 3595 ῖνα
1622 3541 1765 3614 μάθῃ
1796 3540 1832 3596 ἃ

241 3633 328 3688 δεῖ
350 3634 561 3706 μαθεῖν,
586 3635 680 3687 καὶ
706 3636 832 3704 ποιῇ
854 3633 889 3686 6.
906 3634 986 3685 δεῖ
1009 3637 1178 3685 ποιεῖν
1199 3651 1213 3698 ;
1245 3634 1354 3687 Kal
1374 3635 1402 3687 6
1424 3633 1605 3704 Σίμων
1623 3650 1636 3664 °
1661 3632 1832 3687 Τοῦτό

246 3745 341 3799 μοι
370 3727 477 3791 δὸς,
510 3727 593 3779 ὅτι
624 3726 783 3796 μόνος
824 3728 853 3779 ὁ
899 3725 1104 3789 δίκαιος
1133 3727 1314 3797 ὅραμα
1347 3725 1544 3796 ἀληθὲς
1574 3724 1699 3778 ἰδεῖν
1739 3724 1831 3779 δύ-

242 3836 425 3884 ναται,
456 3819 550 3872 καὶ
596 3816 962 3889 ἀποκρίνομαί
1009 3834 1097 3870 σοι
1136 3818 1215 3881 εἰς
1250 3816 1400 3870 αὑτό.
1422 3816 1575 3888 Ἐμοὶ
1606 3815 1715 3887 γὰρ
1742 3814 1833 3867 κέ-

242 3928 454 3983 κριται,
488 3911 569 3963 ὅτι
597 3910 797 3981 ἀσεϐὴς
827 3908 997 3981 ἀληθῆ
1028 3909 1234 3980 ὄνειρον
1265 3909 1363 3979 οὐχ
1390 3910 1511 3981 ὁρᾷ.
1534 3910 1641 3961 Kal
1668 3910 1696 3961 6
1725 3908 1831 3960 Πέ-

241 4014 401 4070 τροςο
438 3997 607 4051 Τοῦτο
645 3997 839 4067 ψεῦδός
886 3999 1051 4062 ἐστιν,
1076 3998 1170 4051 καὶ
1198 4000 1327 4069 περὶ
1353 3997 1541 4051 τούτου
1570 3998 1833 4071 ἀγράφως

242 4090 341 4142 καὶ
368 4089 659 4161 ἐγγράφως
684 4088 959 4155 ἀποδεῖξαι
988 4088 1239 4160 δύναμαι,
1259 4088 1513 4142 πεῖσαιδέ
1538 4090 1638 4143 οὐκ
1664 4092 1835 4158 ἐπαγ-

242 4181 527 4251 γέλλομαι.
546 4183 603 4235 '0
633 4181 741 4253 γὰρ
766 4182 902 4253 πρὸς
929 4182 1106 4253 ἔρωτα
1138 4182 1418 4254 μοχθηρᾶς
1438 4182 1631 4246 νεύσας
1650 4199 1831 4252 γυναι-

244 4273 343 4336 κὸς
361 4275 444 4336 είς
485 4273 675 4345 ἐτέρας
717 4272 858 4327 κατά
896 4273 1078 4327 πάντα
1118 4273 1291 4344 καλῆς
1334 4274 1501 4345 πρὸς¹
1532 4273 1831 4343 συμϐίωσιν

242 4366 478 4436 νόμιμον
510 4365 601 4418 τὸν
628 4364 825 4418 ἐαυτοῦ
867 4366 928 4419 οὐ
978 4364 1294 4435 μετατίθησι
1332 4365 1476 4419 νοῦν.
1498 4366 1697 4419 Ἐνίοτε
1741 4367 1833 4420 καὶ

1932 3171 2196 3241 proloqui.
2232 3170 2426 3224 Petrus
2458 3170 2533 3223 ait
2554 3188 2584 3223 -:’
2609 3168 2771 3224 Recte
2801 3170 3009 3236 dixisti,
3046 3171 3190 3240 quod
3223 3187 3333 3225 non
3365 3170 3500 3225 falsa

1930 3265 2211 3335 proferant
2264 3279 2386 3334 qua:
2419 3279 2451 3317 a
2497 3262 2606 3317 Deo
2646 3262 2955 3315 mittuntur.
2992 3260 3195 3317 Verum
3233 3263 3501 3319 incertum

1931 3366 2034 3423 est,
2064 3373 2132 3410 an
2164 3356 2255 3425 qui
2287 3356 2418 3410 vidit
2446 3355 2720 3410 somnium
2743 3370 2775 3408 a
2805 3353 2915 3408 Deo
2939 3355 3168 3409 missum
3201 3370 3505 3424 conspexe~

1930 3452 2020 3505 rit.
2052 3449 2189 3503 Tum
2220 3448 2407 3504 Simon
2438 3466 2451 3502 :
2490 3447 2544 3503 Si
2572 3450 2756 3519 justus
2779 3448 2850 3501 sit
2882 3448 2971 3501 ille
2998 3448 3089 3517 qui
3117 3448 3274 3514 vidit,
3311 3463 3503 3501 verum

1932 3542 2162 3597 intuitus
2180 3551 2282 3596 est.
2321 3541 2386 3595 Et
2418 3541 2607 3596 Petrus
2637 3540 2854 3595 :Probe
2884 3540 3100 3595 locutus
3127 3538 3346 3606 es.Quis
3372 3556 3504 3596 vero

1926 3637 2130 3707 justus,
2186 3636 2232 3690 si
2274 3636 2396 3689 viso
2445 3634 2685 3704 indigeat
2728 3634 2794 3688 ad
2826 3633 3085 3688 discenda
3134 3649 3257 3703 quae
3290 3633 3505 3689 discere

1932 3735 2164 3798 oportet,
2181 3736 2236 3781 et
2260 3724 2507 3781 facienda
2534 3741 2657 3795 quae
2678 3724 2793 3779 ﬁeri
2820 3724 3244 3794 debent?Atque
3275 3723 3501 3781 Simon:

1933 3818 2049 3874 Hoc
2081 3820 2215 3874 mihi
2246 3819 2503 3883 concede,
2534 3818 2678 3887 quod
2712 3818 2863 3871 solus
2885 3798 3067 3885 justus
3099 3833 3289 3872 verum
3323 3819 3503 3873 visum

1931 3910 2106 3979 possit
2158 3924 2404 3973 cernere,
2453 3915 2507 3962 et
2549 3908 2615 3961 ad
2659 3907 2803 3961 illud
2844 3908 2940 3960 tibi
2991 3908 3316 3977 respondeo.
3370 3909 3504 3965 MLhi

1931 4003 2075 4057 enim
2107 4002 2442 4070 exploratum
2466 4009 2568 4065 est,
2596 4015 2780 4053 verum
2812 3999 3087 4053 somnium
3109 4001 3177 4053 ab
3206 4001 3372 4069 impio
3391 4016 3503 4056 non

1930 4094 2125 4149 videri.
2158 4091 2296 4146 Tum
2343 4092 2537 4147 Petrus
2565 4111 2576 4145 :
2609 4090 2723 4145 Hoc
2755 4089 2953 4145 falsum
3000 4100 3105 4145 est.
3134 4093 3313 4161 Atque
3343 4108 3407 4147 ea
3438 4094 3506 4147 de

1933 4200 1992 4241 re
2016 4187 2137 4244 sine
2164 4184 2461 4254 Scripturis
2489 4192 2544 4237 et
2584 4199 2679 4253 per
2711 4183 3023 4252 Scripturas
3055 4198 3279 4252 possum
3311 4184 3506 4247 aﬂ‘erie

1932 4277 2477 4341 demonstrationem,
2509 4276 2838 4344 persuadere
2866 4283 3046 4328 autem
3078 4290 3186 4328 non
3219 4275 3502 4344 polliceor.

1932 4366 2068 4421 Nam
2115 4367 2209 4435 qui
2251 4365 2305 4419 in
2346 4380 2589 4419 amorem
2620 4380 2798 4433 pravae
2827 4364 3071 4419 mulieris
3096 4366 3414 4434 propendet,
3448 4368 3504 4421 in

244 4458 461 4520 ἑαυτοῖς
512 4457 809 4520 συνειδότες
864 4457 963 4529 τὴν
1021 4458 1340 4529 κρείττονα,
1404 4457 1828 4530 προειλημμένοι

1933 4458 2158 4514 alterius
2181 4456 2422 4525 undique
2445 4455 2715 4525 praeclara:
2738 4455 3083 4509 dilectionem
3112 4456 3180 4509 ad
3199 4455 3503 4525 legitimum

244 4547 414 4619 358
450 4547 703 4616 ἀγαπῶσι
722 4546 820 4619 τὴν
848 4547 1079 4619 χείρονα.
1116 4547 1367 4602 Τοιοῦτόν
1404 4566 1457 4601 τι
1487 4549 1579 4601 καὶ
1622 4550 1685 4601 σὺ
1717 4550 1823 4603 πά-

245 4655 392 4707 σχων
421 4639 650 4706 ἀγνοεῖς.
684 4639 793 4691 Kal
811 4641 839 4691 6
858 4639 1040 4709 Σίμων
1070 4640 1203 4711 ἔφη·
1236 4640 1610 4712 Παρελόμενος
1633 4638 1822 4706 ταῦτα,

242 4730 326 4791 είς
357 4729 394 4783 ἀ
426 4728 733 4799 ἐπηγγείλω
765 4729 909 4799 λέγε.
930 4730 1083 4801 Ἐμοὶ
1110 4732 1217 4802 γὰρ
1239 4731 1494 4785 ἀδύνατον
1518 4727 1653 4784 εἶναι
1680 4733 1829 4785 δοκεῖ

243 4821 465 4885 ἀσεϐεῖς
484 4821 805 4894 ἀνθρώπους
821 4822 925 4876 ὑπὸ
944 4822 1079 4877 Θεοῦ
1158 4823 1356 4895 δήποτε
1371 4822 1826 4895 ὁνειροπολεῖσθαι

242 4913 455 4984 τρόπῳ.

320 5090 462 5146 XVI.
504 5090 616 5143 Kal
651 5093 679 5144 6
710 5090 914 5161 Πέτρος
962 5090 1086 5162 ἔφη·
1133 5092 1430 5164 Μέμνημαι
1462 5091 1721 5163 ἐμαυτοῦ,
1755 5092 1831 5156 ὡς

244 5182 665 5258 ἐπηγγειλάμην
708 5182 897 5248 δεῖξαι,
952 5184 1043 5237 καὶ
1087 5184 1348 5255 ἀγράφως
1393 5186 1486 5238 καὶ
1540 5184 1831 5257 ἐγγράφως

1931 4548 2241 4604 convictum
2271 4561 2377 4600 non
2404 4544 2662 4599 transfert
2688 4547 2954 4600 animum.
2985 4546 3051 4601 Et
3071 4547 3385 4617 aliquando,
3408 4551 3504 4618 qni

1932 4648 2058 4694 sunt
2088 4637 2191 4693 sibi
2222 4637 2427 4691 conscii
2458 4637 2854 4706 praestantioris
2880 4636 3113 4705 feminae,
3134 4640 3383 4709 occupati
3407 4642 3504 4694 de-

1934 4731 2187 4785 teriorem
2223 4728 2474 4798 diligunt.
2504 4726 2635 4782 Tale
2666 4728 2794 4796 quid
2847 4738 2905 4782 tu
2952 4745 3172 4798 quoque
3216 4732 3418 4800 pateris
3441 4748 3506 4787 ac

1935 4822 2176 4893 ignoras.
2208 4820 2356 4873 Dixit
2388 4818 2578 4873 Simon
2615 4837 2627 4872 :
2663 4818 2760 4873 llis
2807 4820 3061 4887 sublatis,
3111 4822 3333 4891 loquere
3384 4840 3507 4893 quae

1934 4913 2256 4985 promisisti.
2275 4911 2406 4964 Mihi
2439 4926 2674 4980 namque
2703 4911 2913 4965 videtur
2936 4912 3293 4982 impossibile,
3320 4924 3379 4969 ut
3404 4916 3507 4971 ini-

1933 5006 2007 5076 pii
2041 5004 2290 5058 homines
2319 5018 2349 5058 a
2382 5002 2491 5057 Deo
2520 5003 2734 5057 somnia
2768 5004 2880 5057 ullo
2912 5007 3076 5059 modo
3102 5015 3348 5060 cernant.

1918 5093 1950 5130 ’⁷³
2002 5094 2151 5149 XVI.
2187 5095 2252 5147 Et
2282 5093 2473 5149 Petrus
2506 5111 2519 5147 :
2553 5093 2677 5158 Mei,
2716 5094 2911 5164 inquit,
2944 5112 3063 5151 sum
3097 5114 3328 5163 memor,
3359 5098 3507 5170 quod

1934 5185 2285 5257 promiserim
2312 5182 2619 5251 ostendere,
2651 5192 2704 5239 et
2742 5199 2807 5238 ea
2841 5184 2909 5241 de
2938 5203 2995 5242 re
3023 5188 3231 5258 absque
3261 5188 3502 5259 Scriptu-

1532 5346 1767 5403 VARLE
1807 5345 2213 5402 LECTIONES.

312 5465 359 5539 ff
395 5463 525 5539 me”
575 5462 741 5539 alieni}
779 5463 886 5539 τῆς
927 5462 992 5519 0.
1070 5467 1538 5539 Α’ξάποκρίᾼνομαι
1567 5468 1631 5523 0.

249 5536 380 5606 add.
410 5550 459 5589 c.
481 5532 548 5587 Ο.
611 5534 673 5606 ξδ
704 5532 937 5606 ὁρῶντες
961 5552 1023 5606 _p.
1060 5536 1202 5606 ὁρῶν
1239 5532 1334 5601 τις
1356 5536 1421 5592 Ο.

247 5603 323 5662 0.
343 5613 404 5658 ut
431 5620 577 5673 con).
604 5603 643 5657 S
672 5645 687 5671 ,
716 5600 1168 5677 ἔπιθυμρῦμενὈ.

249 5677 296 5709 ⁸⁵
338 5674 445 5728 Pro
475 5673 558 5736 τίς
588 5673 633 5729 0
687 5678 885 5736 praebet
924 5678 1168 5731 lacunam

1282 5608 1856 5709 ῖέοέζητιησαμξννιςὸιῄ.
1887 5608 2327 5709 δεξιὶθῐηοηιιυε,
2583 5608 2638 5695 p.
2671 5611 2793 5709 IEH,
2826 5608 2967 5709 569.h
2994 5608 3050 5661 S.

686 5678 897 5757 praebet
924 5678 1215 5757 laciniam._
1276 5679 1342 5709 ’°°
1378 5677 1659 5757 χρῄζει
1693 5680 1829 5757 'I_‘u_r_n
1866 5683 1992 5757 ποιῇ
2017 5680 2334 5757 exconject.
2374 5680 2432 5757 Ci
2466 5677 2638 5757 ποιεῖν
2664 5681 3083 5757 uterquehom.
3118 5677 3238 5757 ρῳ.

1738 5470 1783 5501 θ’
1810 5469 1903 5523 καί
1954 5468 2159 5523 inserui
2190 5484 2241 5524 c.
2272 5467 2336 5522 0.
2445 5467 2547 5540 ⁹³ἢ
2596 5467 2764 5540 ἀραί)
2796 5510 2820 5547 ι
2852 5469 2902 5521 εἰ
2954 5468 3062 5539 ἄρα
3104 5464 3167 5520 D.
3224 5459 3257 5587 ξ)
3323 5472 3448 5542 ante
3475 5463 3507 5517 6

1738 5538 2176 5587 ,ρεπιθυαοῦντεε
2206 5554 2258 5587 n.
2285 5539 2431 5587 ῦπαρ
2460 5539 2853 5587 ἐπιθυμοῦντες
2881 5538 2943 5587 C.
3038 5539 3082 5569 “
3126 5539 3222 5587 ἐπε
3260 5550 3505 5587 uacuum

1521 5540 1566 5571 "
1593 5542 1642 5592 οἱ
1666 5538 2176 5611 παρεπιθυμοῦντες
2206 5554 2258 5608 p.
2285 5539 2431 5608 ῦπαρ
2460 5538 2853 5609 ἐπιθυμοῦντες
2881 5538 2943 5593 C.
2996 5538 3001 5539 ⁷
3038 5539 3082 5569 ³⁸
3126 5538 3505 5603 ἐπεθυμοῦμεν

1521 5627 1685 5657 παιιεν
1711 5612 1856 5657 enni-
1887 5611 2327 5657 Schliemannus-
2366 5608 2557 5657 Clem.-
2583 5626 2636 5657 n.
2671 5611 2792 5657 IQI-
2826 5608 2948 5657 569.
2994 5608 3050 5657 S.
3163 5608 3208 5637 ’⁸
3234 5603 3385 5657 εἰδών
3434 5602 3479 5657 Ο

3345 5675 3359 5702 ¹
3383 5672 3503 5729 Νυη

250 5746 448 5817 legitur
487 5746 624 5817 πρός
654 5747 709 5800 in
741 5745 995 5803 Turriani
1023 5748 1254 5817 epistola
1292 5745 1635 5819 proliiiiinari
1668 5753 1735 5807 ad
1766 5745 2016 5820 Hosiuni,
2050 5753 2139 5806 ubi
2176 5752 2355 5806 locum
2381 5752 2531 5806 citat.
2559 5752 2619 5807 (ὲ.
2645 5745 2821 5823 ,Βεεει
2857 5752 3021 5805 etiam
3056 5751 3111 5803 in
3158 5745 3340 5805 Ottob.
