3860 6210
382 260 486 317 399

1221 263 1278 317 S.
1315 260 1697 317 CLEMENTIS
1732 261 1751 315 1
1791 261 1958 317 ROM.
1997 262 2195 318 PONT.
2233 261 2459 317 OPERA
2514 264 2741 320 DUBIA.

3538 269 3647 323 ιαῖ

385 377 461 432 ris
485 390 549 430 ac
578 390 674 447 per
704 376 1019 448 Scripturas
1048 376 1568 435 demonstrationem
1589 379 1868 437 exhibere.
1894 376 1959 431 Et

2062 380 2189 450 περὶ
2218 379 2408 434 τούτου
2438 381 2536 452 τὴν
2568 382 2838 449 ἀπόδειξιν
2869 384 3147 455 παρέχειν.
3183 382 3293 437 Καὶ
3334 382 3426 437 νῦν
3456 384 3650 454 λέγον-

384 486 531 525 nunc
569 469 879 540 loquentem
923 469 1072 525 audi.
1098 468 1362 525 Novimus
1387 470 1589 525 multos
1620 470 1707 538 (si
1738 470 1957 539 quidem

384 575 543 633 atquo
569 562 753 615 animo
783 561 1008 631 accipis,
1039 561 1282 631 alioquin
1331 570 1575 616 astantes
1617 561 1832 631 judices
1862 562 1959 617 lia-

384 654 508 721 beo)
534 652 804 707 idolorum
831 653 1070 707 cultores
1099 662 1151 707 et
1181 652 1460 707 adulteros
1483 668 1546 707 ac
1576 653 1803 707 omnino
1826 669 1956 723 pec-

383 753 597 799 catores
631 743 980 813 conspexisse
1007 743 1125 798 visa
1174 754 1336 813 atque
1362 758 1490 798 vera
1533 743 1767 809 somnia,
1814 759 1954 799 non-

383 835 566 889 nullos
597 848 731 888 vero
759 834 1067 887 daemonum
1102 834 1362 888 visiones.
1396 832 1515 888 Non
1551 834 1698 889 enim
1747 836 1871 889 dico
1928 852 1955 891 ά

381 925 695 979 mortalium
729 924 902 979 oculis
948 924 1117 979 videri
1150 940 1309 994 posse
1354 926 1728 994 ineorpoream
1778 924 1955 982 Patris

381 1028 477 1073 aut
503 1018 624 1073 Filii
648 1018 907 1087 speciem,
939 1018 1066 1087 quia
1096 1018 1338 1073 maximo
1384 1019 1589 1073 lumine
1620 1019 1949 1089 reSplendet.

381 1110 535 1165 Unde
561 1110 629 1163 ab
661 1109 879 1164 homine
902 1109 955 1163 in
988 1125 1206 1163 carnem
1234 1126 1499 1165 converso
1522 1126 1626 1165 non
1655 1113 1824 1174 cerni,
1846 1128 1952 1166 non

376 1210 460 1256 est
489 1200 781 1256 invidentis
816 1198 930 1260 Dei.
968 1201 1061 1254 sed
1094 1201 1424 1256 miserantis.
1453 1199 1585 1255 Na'n
1611 1203 1703 1272 qui
1737 1204 1951 1268 viderit,

376 1294 560 1348 vivere
612 1308 719 1347 non
772 1302 968 1362 potest.
1011 1291 1262 1347 Luminis
1315 1293 1517 1363 quippe
1568 1296 1951 1364 exsuperantia

376 1384 650 1440 cernentis
677 1384 931 1438 dissolvit
962 1399 1207 1449 carnem,
1226 1392 1588 1454 praaterquam
1619 1388 1665 1439 si
1693 1385 1781 1438 Dei
1810 1386 1950 1439 inet.

377 1476 526 1532 fabili
558 1478 758 1531 virtute
782 1491 913 1530 caro
943 1484 1185 1528 vertatur
1210 1474 1262 1528 in
1292 1473 1518 1530 luminis
1548 1485 1950 1546 naturam,quo

374 1568 551 1638 possit
578 1566 760 1621 lumen
785 1567 988 1628 videre,
1020 1574 1115 1619 aut
1146 1564 1367 1620 luminis
1398 1565 1705 1620 substantia
1738 1566 1791 1619 in
1823 1583 1948 1621 car-

375 1675 500 1713 nem
535 1666 793 1724 mutetur,
820 1669 879 1710 ut
906 1656 1078 1729 possit
1098 1655 1265 1710 videri
1295 1672 1325 1709 a
1351 1672 1535 1712 carne.
1569 1655 1701 1710 Nam
1732 1657 1944 1713 Patrem

2058 487 2150 533 τος
2166 471 2352 525 ἄκουε.
2372 473 2555 542 Ἷσμεν
2586 472 2835 537 πολλοὺς,
2863 474 2939 545 (εί
2960 491 3022 544 γε
3048 474 3408 545 εὐγνωμονεῖς
3431 476 3553 529 ἐπεί
3582 494 3649 545 γε

2060 561 2187 626 τοὺς
2217 564 2578 634 παρεστῶτας
2607 564 2798 635 κριτὰς
2825 564 2987 637 ἔχω),
3022 564 3217 620 εἴδωλα
3256 565 3507 629 σέϐοντας
3547 567 3651 621 καὶ

2060 652 2413 724 μοιχεύοντας
2445 655 2538 707 xui.
2575 653 2715 707 κατά
2744 654 2921 707 πάντα
2947 654 3358 725 ἁμαρτάνοντας
3388 655 3647 727 ὁράματα

2056 745 2149 798 xui.
2172 745 2387 817 ἀληθεῖς
2416 745 2655 817 ὀνείρους
2675 745 2935 817 ὁρῶντας,
2958 745 3132 808 ἐνίους
3162 745 3217 797 δὲ
3251 747 3344 799 xui.
3371 746 3651 817 δαιμόνων

2055 836 2338 900 ὀπτασίας.
2373 837 2483 908 Τὴν
2516 838 2661 909 γὰρ¹
2690 838 2929 907 άσαρκον
2964 836 3074 907 (54)
3109 836 3249 889 ἰδέαν
3281 839 3342 890 οὐ
3376 837 3518 907 λέγω
3550 838 3649 891 δύ-

2056 928 2245 982 νασθαι
2272 929 2534 1002 Πατρὸςῆ
2560 929 2688 982 Υἱοῦ
2714 930 2858 992 ἰδεῖν,
2881 928 2969 982 διὰ
2987 930 3048 982 τὸ
3070 929 3311 1000 μεγίστῳ
3340 930 3478 997 φωτὶ
3510 947 3647 983 κατ-

2054 1019 2384 1088 αυγάζεσθαι
2432 1023 2562 1084 τοὺς
2610 1020 2817 1091 θνητῶν
2864 1018 3191 1091 ὀφθαλμούς.
3242 1020 3403 1093 Ὄεξν
3445 1020 3507 1072 τὺ
3563 1020 3646 1091 μὴ

2052 1111 2311 1183 ὁραθῆναι
2359 1111 2438 1183 τῷ
2486 1114 2565 1174 είς
2618 1112 2796 1183 σάρκα
2847 1110 3206 1181 τετραμμένῳ
3252 1110 3520 1181 ἀνθρώπῳ
3575 1112 3641 1163 οὐ

2055 1201 2376 1271 φθονοῦντός
2418 1204 2533 1255 ἐστι
2570 1200 2727 1265 Θεοῦ,
2754 1201 2868 1254 ἀλλ’
2896 1200 3170 1264 ἐλεοῦντος
3188 1201 3227 1253 ³.
3260 1202 3316 1253 Ὀ
3357 1201 3464 1271 γάρ
3513 1199 3646 1253 ἰδὼν

2054 1294 2153 1367 ζῇν
2185 1294 2247 1348 οῦ
2284 1294 2522 1347 δύναται.
2541 1294 2605 1346 Ἠ
2639 1292 2748 1365 γὰρ
2775 1292 3047 1364 ὑπερϐολὴ
3078 1291 3172 1345 τοῦ
3206 1292 3382 1361 φωτὸς
3413 1291 3511 1362 τὴν
3536 1289 3640 1343 τοῦ

2050 1387 2283 1459 ὁρῶντος
2314 1387 2493 1440 ἐκλύει
2528 1386 2724 1456 σάρκα,
2756 1384 2912 1459 6x165
2956 1386 3007 1437 εί
3051 1384 3124 1456 μὴ
3170 1383 3305 1437 Θεοῦ
3338 1385 3642 1455 ἀπορρήτῳ

2051 1453 2277 1547 δυνάμει
2303 1479 2335 1547 ή
2369 1476 2503 1549 σὰρξ
2534 1453 2615 1539 είς
2644 1475 2805 1544 φύσιν
2825 1453 3007 1546 τραπῇ
3030 1453 3225 1544 ιρωτὸς,
3247 1476 3333 1529 ἵνα
3363 1453 3642 1544 φῶςίδεῖν

2048 1568 2271 1639 δυνηθῇ,
2304 1566 2336 1638 ῆ
2366 1569 2398 1638 ἡ
2428 1566 2522 1619 τοῦ
2558 1566 2733 1636 φωτὸς
2768 1566 2926 1620 οὐσία
2974 1566 3054 1628 είς
3103 1565 3280 1637 σάρκα
3309 1568 3509 1637 τραπῇ,
3543 1565 3641 1617 ἵνα

2050 1660 2155 1714 ὑπὸ
2195 1658 2394 1730 σαρκὸς
2420 1658 2678 1730 ὁραθῆναι
2706 1658 2926 1729 δυνηθῇ.
2958 1657 3033 1710 Τὸ
3063 1656 3169 1728 γὰρ
3200 1658 3485 1728 ἀτρέπτως
3518 1656 3640 1708 Πα-

376 1750 573 1804 intueri
614 1750 819 1818 absque
847 1747 1222 1813 conversione,
1255 1747 1323 1801 ad
1359 1747 1537 1803 solum
1570 1746 1767 1803 Filium
1815 1764 1943 1818 per-

2046 1753 2180 1825 τέρα
2208 1724 2332 1805 ἰδεῖν
2360 1724 2490 1804 Υίοῦ
2523 1724 2683 1822 μόνου
2722 1724 3190 1803 ἐστίνίᾏικιιίιυνι
3212 1724 3385 1817 δὲόύγ
3406 1747 3636 1817 ὁμοίως.

374 1844 531 1899 tinet.
570 1842 651 1897 Ad
691 1841 873 1911 justos
903 1850 1081 1895 autem
1122 1855 1230 1894 non
1267 1840 1433 1895 simili
1463 1841 1646 1896 modo.
1679 1840 1734 1895 In
1764 1857 1944 1897 resur-

373 1936 614 1992 rectione
635 1934 780 1988 enim
814 1941 1176 1998 mortuorum,
1214 1931 1433 2001 quando
1469 1932 1795 2001 corporibus
1825 1948 1945 1986 mu-

372 2030 469 2083 tati
500 2029 553 2082 in
583 2028 765 2082 lumen
796 2035 958 2080 erunt
986 2024 1192 2095 angelis
1234 2024 1494 2094 aequales,
1522 2034 1653 2080 tunc
1691 2033 1946 2094 poterunt

371 2135 615 2175 cernere.
652 2117 892 2187 Denique
922 2125 976 2170 et
999 2115 1044 2171 si
1080 2116 1395 2185 angelorum
1426 2116 1646 2186 aliquis.
1672 2124 1731 2170 ut
1762 2116 1945 2171 videa-

371 2220 462 2267 tur
502 2209 570 2264 ab
618 2207 856 2270 homine,
891 2207 1091 2262 missus
1124 2206 1307 2271 fuerit,
1342 2215 1586 2260 mutatur
1615 2205 1666 2259 in
1697 2220 1940 2273 carnem,

2060 1845 2149 1898 Ἐν
2181 1842 2290 1915 γὰρ
2318 1845 2386 1914 τῇ
2415 1841 2707 1895 ἀναστάσει
2734 1840 2842 1893 τῶν
2878 1838 3107 1911 νεκρῶν,
3142 1839 3267 1891 ὅταν
3286 1838 3307 1869 ⁸
3332 1838 3638 1910 τραπέντες

2049 1938 2130 1999 είς
2152 1934 2267 2005 φῶς
2289 1932 2357 1987 τὰ
2388 1931 2614 2003 σώματα
2637 1930 2911 1999 ἰσάγγελοι
2931 1931 3213 1999 γένωνται,
3233 1928 3356 1981 τότε
3389 1927 3514 1979 ίδείν
3539 1927 3636 1979 δυ-

2046 2029 2319 2099 νήσονται.
2379 2024 2559 2095 Πέρας
2605 2021 2736 2091 γοῦν
2781 2022 2881 2075 κᾶν
2928 2020 3175 2089 ἀγγέλων
3230 2017 3635 2090 τις-ἀνθρώπῳ

2043 2117 2273 2189 ὀφθῆναι
2303 2132 2370 2167 πε
2379 2114 2547 2186 μιρθῇ,
2571 2113 2830 2185 τρέπεται
2858 2113 2937 2175 είς
2960 2112 3157 2183 σάρκα,
3181 2110 3267 2163 ἵνα
3289 2109 3393 2163 ὑπὸ
3424 2110 3634 2180 σαρκὸς

2043 2206 2447 2279 ὀφθῆναι
2464 2206 2966 2277 δυνηθῇ.”Λσαρκον
2987 2203 3095 2274 γάρ
3112 2202 3359 2272 δύναμιν,
3382 2201 3442 2253 οὐ
3467 2201 3637 2271 μόνον

370 2313 430 2358 ut
463 2317 561 2373 per
584 2316 802 2357 carnem
841 2298 987 2352 cerni
1033 2298 1225 2368 possit.
1259 2296 1642 2368 lncorpoream
1669 2297 1941 2368 siquidem

2044 2298 2195 2363 Υίοῦ,
2224 2297 2339 2350 ἀλλ’
2360 2298 2381 2328 ⁸
2412 2295 2520 2349 οὐδ’
2554 2293 2785 2363 ἀγγέλου
2819 2294 2945 2347 ίδεῖν
2972 2310 3054 2355 τις
3082 2291 3324 2344 δύναται.
3350 2292 3413 2343 Et
3448 2290 3505 2343 δέ
3539 2290 3632 2361 ἴδῃ

370 2395 626 2449 virtutem
675 2407 781 2445 non
826 2390 1002 2445 solum
1031 2388 1176 2455 Filii,
1205 2389 1299 2445 sed
1328 2405 1426 2445 nec
1451 2388 1627 2461 angeli
1657 2404 1818 2444 nemo
1843 2405 1941 2460 po-

2043 2406 2124 2454 τις
2151 2388 2437 2452 ὀπτασίαν,
2469 2384 2640 2440 κακοῦ
2671 2385 2920 2457 δαίμονος
2946 2382 3149 2454 ταύτην
3181 2377 3320 2435 εἷναι
3349 2381 3537 2435 νοείτω

368 2496 473 2541 test
502 2500 744 2541 cernere.
783 2483 875 2537 Sin
908 2498 1040 2537 vero
1068 2483 1364 2537 nonnullus
1410 2483 1678 2537 visionem
1708 2497 1939 2554 conspe-

368 2579 528 2641 xerit,
559 2577 687 2631 mali
722 2574 987 2630 daatnonis
1011 2588 1131 2627 eam
1162 2588 1284 2628 esse
1313 2572 1598 2642 intelligat.

436 2668 599 2724 XVII.
640 2668 907 2723 Caeterum
957 2672 1012 2718 et
1061 2665 1128 2719 ab
1164 2664 1348 2735 impiis
1404 2666 1520 2720 visa
1571 2675 1625 2720 et
1661 2666 1935 2721 insomnia

2111 2671 2273 2726 XVII.
2316 2671 2461 2747 Πλὴν
2493 2671 2573 2723 ὃτι
2606 2669 2699 2723 xui.
2732 2670 2947 2732 ἀσεϐεῖς
2977 2668 3228 2739 ὁράματα
3266 2668 3361 2720 καὶ
3393 2665 3629 2719 ἐνύπνια

366 2771 499 2812 vera
535 2756 803 2826 conspici,
842 2753 1189 2809 manifestum
1213 2762 1318 2821 est,
1347 2764 1509 2825 atque
1535 2772 1600 2810 ex
1643 2755 1938 2826 Scripturis

2043 2764 2210 2836 ἀληθῆ
2241 2764 2551 2834 βλέπουσιν,
2582 2761 2737 2834 δῆλόν
2764 2764 2932 2823 ἐστιν,
2966 2759 3059 2812 xui.
3090 2758 3379 2828 ἐγγράφως
3403 2757 3625 2810 ἀποδεί-

367 2863 593 2919 possum
656 2848 1060 2901 demonstrare.
1097 2844 1341 2914 Denique
1389 2846 1442 2899 in
1496 2846 1612 2917 lege
1669 2847 1932 2916 scriptum

2043 2856 2129 2921 ξαι
2151 2856 2404 2926 δύναμαι.
2434 2855 2617 2925 Πέρας
2649 2852 2779 2922 γοῦν
2817 2854 2874 2905 ἐν
2909 2852 2987 2923 τῷ
3011 2850 3161 2921 νόμῳ
3186 2850 3519 2933 γέγραπται,
3544 2850 3627 2912 ὡς

362 2948 468 3005 est,
497 2936 961 3008 quemadmodum
989 2935 1191 3004 impius
1215 2935 1625 3001 Abimelechus,
1653 2951 1775 2990 cum
1801 2935 1935 3005 justi

2043 2950 2066 3001 6
2100 2946 2416 3018 ’Δϐιμέλεχ,
2460 2944 2662 3016 ἀσεϐὴς
2704 2942 2815 3007 ὣν,
2863 2942 2962 3015 τὴν
2990 2941 3083 2994 τοῦ
3125 2940 3329 2994 δικαίου
3368 2939 3627 3010 ’Ἀϐραὰμ

362 3028 661 3085 Abrahami
694 3043 926 3083 uxorem
954 3027 1150 3081 vitiare
1184 3036 1441 3096 cuperet,
1483 3042 1513 3081 a
1560 3025 1671 3080 Deo
1704 3027 1938 3080 audierit

2043 3042 2271 3108 γυναῖκα
2303 3038 2395 3090 ἐπὶ
2425 3036 2681 3107 κοινωνίᾳ
2724 3037 2913 3106 μιᾶναι
2958 3032 3211 3104 θελήσας,
3239 3032 3439 3102 ἢκουσε
3469 3031 3625 3102 παρὰ

366 3122 420 3176 in
456 3135 674 3187 somno,
718 3120 865 3175 sicut
899 3119 977 3175 ait
1024 3118 1340 3189 Scriptura,
1373 3134 1441 3173 ne
1476 3119 1621 3173 illam
1653 3128 1935 3189 tangeret,

364 3211 511 3282 quod
543 3210 885 3265 cohabitaret
929 3225 1055 3265 cum
1088 3209 1229 3263 viro.
1267 3208 1371 3263 Sed
1410 3216 1464 3263 et
1510 3208 1744 3276 Pharao,
1772 3206 1937 3263 li'omo

363 3303 600 3374 impius,
660 3302 932 3359 somnium
992 3301 1127 3356 vidit
1182 3301 1249 3356 de
1298 3298 1556 3356 frumenti
1604 3300 1936 3356 abundantia

361 3406 417 3450 et
462 3395 787 3459 sterilitate,
843 3392 933 3448 cui
964 3408 1088 3448 cum
1121 3391 1322 3461 Joseph
1364 3393 1697 3463 explicaret.
1743 3409 1772 3446 a
1827 3392 1937 3448 Deo

363 3489 603 3544 asseruit
630 3488 847 3543 venisse
874 3483 1698 3542 somnium.Nabuchudonosor
1729 3494 1933 3553 autem,

363 3583 638 3638 idolorum
674 3582 875 3645 cultor,
900 3581 1107 3652 quique
1126 3580 1297 3650 jussit
1331 3589 1390 3633 ut
1413 3577 1506 3633 Dei
1542 3579 1783 3633 cultores
1808 3578 1935 3631 mit-

360 3684 605 3731 terentur
639 3674 692 3728 in
730 3673 940 3742 ignem,
974 3672 1251 3727 somniant
1301 3669 1471 3734 vidit,
1500 3670 1647 3740 quod
1688 3669 1930 3723 omnium

361 3767 689 3823 steculorum
723 3764 1117 3835 longitudinem
1142 3762 1623 3833 complectebatur.
1647 3760 1757 3817 Nec
1788 3762 1934 3817 dicat

361 3862 562 3933 aliquis
592 3881 605 3917 :
642 3860 714 3915 At
745 3860 933 3915 nullus
970 3859 1172 3929 impius
1204 3862 1382 3913 visum
1411 3874 1507 3927 per
1538 3858 1776 3928 vigiliam
1814 3874 1921 3912 cer-

358 3957 460 4011 nit.
498 3954 720 4010 Falsum
756 3961 858 4008 est.
896 3954 1015 4023 Ipse
1042 3962 1189 4007 certe
1232 3949 1747 4005 Nabuchodonosor
1770 3991 1785 4016 ,
1835 3949 1930 4020 qui

353 4046 599 4118 iusserat
630 4054 742 4102 tres
776 4046 922 4100 viros
951 4045 1003 4099 in
1042 4045 1222 4115 ignem
1252 4043 1392 4098 mitti
1423 4084 1438 4109 ,
1469 4058 1598 4097 cum
1626 4042 1681 4096 in
1712 4042 1931 4097 fornace

355 4146 618 4209 quartum
666 4137 1011 4200 intueretur,
1058 4135 1178 4189 ait:
1230 4132 1499 4200 Quartum
1535 4132 1730 4200 video,
1782 4133 1930 4188 velut

356 4230 563 4286 Filium
596 4227 713 4283 Dei.
748 4226 815 4282 Et
840 4236 1017 4281 tamen
1046 4226 1140 4295 qui
1174 4225 1415 4279 visiones
1450 4232 1504 4279 et
1536 4225 1847 4294 spectacula
1874 4235 1929 4281 et

352 4322 625 4378 insomnia
650 4328 1054 4390 conspexerunt
1078 4332 1227 4382 vera,
1258 4316 1411 4386 impii
1461 4325 1637 4370 erant.
1688 4315 1781 4373 Sic
1816 4334 1924 4373 non

2039 3128 2132 3181 τοῦ
2159 3127 2292 3180 Θεοῦ
2326 3126 2446 3180 καθ’
2483 3124 2669 3189 ὕπνον,
2694 3125 2769 3187 ὡς
2802 3125 2834 3195 ἡ
2868 3123 3057 3195 Γραφὴ
3087 3121 3253 3189 λέγει,
3292 3121 3366 3192 μὴ
3402 3121 3575 3189 θιγεῖν
3599 3121 3622 3152 ⁷

2038 3220 2226 3291 αὐτῆς,
2260 3220 2346 3272 ὅτι
2373 3218 2524 3289 ἀνδρὶ
2551 3214 2896 3287 συνῳκηκυῖά
2919 3215 3087 3267 ἐστιν.
3128 3212 3286 3266 Ἀλλά
3318 3212 3413 3265 xui.
3452 3215 3482 3266 6
3514 3214 3626 3265 Φα-

2042 3312 2174 3386 ραὼ,
2210 3311 2411 3381 ἀσεϐὴς
2435 3310 2595 3380 ἀνὴρ,
2626 3308 2869 3378 ἑώρακεν
2899 3306 3108 3376 ὄνειρον
3155 3303 3281 3374 περί
3324 3322 3385 3356 τε
3428 3302 3625 3375 πυρῶν

2037 3404 2297 3475 εὐφορίας
2337 3402 2432 3455 xui.
2470 3399 2701 3471 ἀφορίας
2724 3438 2738 3460 ,
2766 3392 2810 3466 ᾧ
2834 3398 2863 3449 6
2884 3396 2905 3429 ⁸
2957 3395 3152 3467 Ἰωσὴφ
3186 3394 3425 3448 ἐπιλύων
3466 3393 3625 3465 παρά

2036 3496 2170 3551 Θεοῦ
2198 3495 2300 3565 ἔφη
2326 3494 2416 3545 τὸν
2442 3492 2649 3562 ὄνειρον
2673 3486 3021 3559 γεγενῆσθαι.
3046 3486 3515 3557 Ναϐουχοδονόσορ
3535 3486 3622 3550 δὲ,

2034 3597 2063 3649 6
2095 3590 2287 3646 εἴδωλα
2338 3587 2548 3649 σέϐων,
2594 3585 2690 3638 καὶ
2738 3585 2863 3646 τοὺς
2908 3582 3042 3635 Θεὸν
3076 3580 3331 3645 σέϐοντας
3380 3582 3459 3643 είς
3504 3579 3622 3653 πῦρ

2033 3683 2297 3744 κελεύσας
2331 3680 2612 3751 βληθῆναι,
2639 3678 2845 3748 δνειρον
2877 3676 2997 3729 ὅλου
3038 3676 3247 3746 μήκους
3273 3673 3470 3736 αίῶνος
3489 3674 3617 3745 ὁρᾷ.

2033 3777 2143 3829 Καὶ
2172 3774 2244 3846 μὴ
2275 3773 2479 3842 λεγέτω
2514 3788 2619 3834 τις·
2659 3769 2798 3821 Ἀλλ’
2824 3768 3004 3841 ὅραμα
3037 3765 3353 3838 ἐγρηγορὼς
3376 3765 3397 3795 ⁹
3440 3765 3620 3830 οὐδεὶς

2032 3866 2244 3922 ἀσεϐῶν
2271 3865 2484 3936 θεωρεῖ.
2519 3860 2727 3924 Ψεῦδὸς
2762 3861 2928 3912 ἐστιν.
2962 3858 3133 3921 Αὐτὸς
3164 3857 3295 3926 γοῦν
3326 3860 3353 3910 6
3396 3856 3622 3911 Nu60u-

2031 3958 2313 4029 χοδονόσορ
2350 3957 2500 4027 τρεῖς
2534 3952 2732 4024 ἄνδρας
2768 3950 3033 4013 κελεύσας
3078 3948 3336 4020 βληθῆναι
3363 3948 3444 4012 είς
3476 3947 3615 4021 πῦρ,

2031 4046 2218 4101 ἐνιδὼν
2245 4048 2310 4117 τῇ
2340 4045 2555 4116 καμίνῳ
2586 4044 2845 4114 τέταρτον
2863 4043 2905 4073 ¹⁹
2928 4040 3053 4113 ἔφη’
3089 4040 3193 4093 Τὸν
3219 4039 3479 4111 τέταρτον
3499 4041 3617 4112 ὁρῶ

2029 4139 2105 4202 ὡς
2121 4138 2249 4191 Υίδν
2274 4136 2429 4190 Θεοῦ.
2452 4136 2561 4189 Καὶ
2585 4136 2733 4206 ὅμως
2755 4132 3016 4195 ὀπτασίας
3035 4148 3094 4183 τε
3120 4131 3213 4185 καὶ
3239 4131 3493 4201 ὁράματα
3518 4133 3618 4185 καὶ

2029 4230 2256 4284 ἐνύπνια
2302 4228 2536 4301 ὁρῶντες
2582 4226 2793 4298 ἀληθῆ,
2835 4224 3055 4286 ἀσεϐεῖς
3099 4218 3260 4293 ἦσαν.
3309 4221 3500 4285 Οὕτως
3547 4223 3614 4274 οὔ

2028 4321 2246 4383 πάντως
2278 4320 2343 4373 ἐκ
2384 4317 2479 4372 τοῦ
2518 4318 2650 4390 ὁρᾷν
2680 4333 2803 4369 τινα
2841 4314 3096 4387 ὁράματα
3127 4313 3223 4365 xui.
3254 4311 3485 4366 ἐνύπνια
3516 4315 3615 4366 xui.

351 4414 537 4470 statim
568 4428 637 4469 ex
671 4426 763 4479 eo,
795 4409 939 4484 quod
979 4409 1106 4479 quis
1153 4418 1343 4464 cernat
1388 4407 1504 4462 visa
1536 4416 1590 4462 et
1633 4409 1925 4476 insomnia,
1960 4410 1962 4464 ξ

2043 4410 2298 4473 ὀπτασίας
2320 4409 2545 4471 πάντως
2578 4406 2806 4477 εὐσεϐής
2837 4408 3006 4459 ἐστιν.
3033 4403 3123 4475 Τῷ
3144 4402 3251 4474 γὰρ
3274 4402 3488 4456 εὐσεϐεῖ
3507 4406 3613 4474 ἐμ-

350 4506 581 4561 omnino
615 4503 738 4574 pius
771 4510 874 4558 est.
904 4498 1042 4555 Nam
1084 4499 1172 4569 pio
1198 4499 1254 4553 in
1282 4507 1462 4553 mente
1486 4499 1672 4554 innata
1707 4509 1761 4555 et
1791 4516 1926 4571 pura

350 4606 523 4652 scatet
546 4596 773 4660 veritas,
799 4608 908 4648 non
936 4607 1057 4663 quae
1081 4605 1178 4661 per
1210 4604 1463 4645 somnum
1498 4589 1801 4657 atl‘ectatur,
1832 4592 1926 4647 sed

348 4702 473 4758 qua:
499 4703 596 4758 per
623 4684 1040 4756 intelligentiam
1070 4680 1231 4736 bouis
1255 4679 1593 4735 conceditur.

2031 4504 2184 4575 φύτῳ
2222 4503 2315 4556 καὶ
2346 4500 2571 4572 καθαρῷ
2602 4497 2891 4562 ἀναϐλύζει
2926 4494 3006 4566 τῷ
3048 4494 3126 4565 νῷ
3167 4492 3230 4547 τὸ
3260 4492 3480 4565 ἀληθὲς,
3507 4495 3614 4548 οὐκ

2027 4592 2219 4664 ὀνείρῳ
2254 4589 2763 4660 σπουδαζόμενονη,
2797 4585 2934 4640 ἀλλά
2969 4584 3183 4638 συνέσει
3216 4583 3442 4653 ἀγαθοῖς
3466 4584 3611 4637 διδό-

2032 4699 2210 4752 μενον.

1628 4831 1863 4886 VABUE
1904 4833 2304 4889 LECTIONES.

418 4954 447 5025 ξ
476 4952 585 5025 γάρ
604 4950 935 5025 transcripsi
964 4946 1120 5025 ονε-ς).
1152 4946 1291 5003 Tum
1321 4947 1496 5025 εἰδέαν
1518 4948 1606 5025 _C.
1684 4950 1705 4981 ³
1743 4949 1941 5015 ἐῶντος
1960 4950 2043 5025 -Ο,
2082 5024 2089 5025 7
2122 4952 2154 5025 ξ
2181 4950 2258 5025 Ita
2306 4948 2345 5003 S
2377 4950 2647 5025 ,__§_txu_tot
2675 4947 2745 5007 C,
2862 4944 2928 5025 lu
2978 4941 3023 4996 0
3051 5013 3062 5025 _
3095 4950 3221 4995 nota
3260 4937 3611 5025 marginalis,

347 5012 515 5126 ξρεῦγε
556 5012 685 5075 νόθα
712 5012 977 5088 ταῦτα,πὰ
1014 5019 1148 5074 Vbi).
1188 5019 1566 5097 antecedentia
1608 5033 1882 5089 spectans.
1922 5012 1978 5052 "
2018 5023 2094 5074 ὅτ’
2125 5021 2189 5075 ἄν
2210 5021 2271 5075 C.
2349 5020 2497 5072 σὰλλ’
2526 5020 2650 5073 add.
2677 5034 2726 5072 c.
2768 5020 2829 5070 0.
2862 5016 2936 5069 Ex
2962 5013 3153 5070 eodem
3188 5014 3419 5065 accessit
3452 5012 3605 5063 ἰδεῖν.

387 5095 464 5126 In.
502 5091 540 5126 α
610 5094 698 5126 ηιιῖ
721 5092 925 5126 nm.qu
960 5088 1199 5126 thmfnp
1235 5088 1434 5126 Lrannr
1475 5088 1692 5126 Ιῖηνόηιιι
1745 5092 1851 5126 oon
1909 5090 2081 5126 nivem
2106 5091 2145 5126 ll
2187 5090 2230 5126 n
2328 5090 2639 5126 ὕειἰρηςηηῖηρ
2659 5088 2796 5126 “in
2826 5087 2854 5126 Α
2892 5103 2923 5126 n
2977 5081 3235 5126 εὐωοοίαε
3258 5080 3349 5126 καὶ
3372 5081 3605 5126 (insania:

387 5080 476 5148 Ita.
502 5091 540 5148 S
571 5134 586 5160 ,
610 5094 700 5162 qui
721 5080 931 5162 confert
960 5088 1199 5162 Schaefer
1235 5088 1454 5159 Gregor.
1475 5080 1714 5162 Corinth.
1745 5092 1871 5156 990,
1909 5090 2081 5159 θίγειν
2106 5090 2250 5149 (1,0.
2328 5090 2639 5162 δεύφημίας
2659 5088 2796 5141 καὶὸ
2826 5087 2854 5139 ὁ
2888 5103 2943 5162 p.
2977 5081 3235 5162 eﬁtpo‘pfgg
3258 5080 3349 5133 καὶ
3372 5081 3609 5162 ἀφρρίας

343 5156 390 5253 εἷς
410 5166 439 5218 ὁ
459 5166 519 5218 0.
572 5151 937 5253 '9:éy£n7096‘v
956 5162 1018 5214 0.
1081 5160 1125 5192 ¹⁰
1155 5160 1236 5212 Ita
1267 5161 1308 5211 0
1339 5151 1412 5213 ἐι
1438 5174 1615 5231 marg.
1638 5160 1699 5215 Ci
1732 5200 1747 5226 ,
1771 5151 1869 5231 qui
1906 5151 1987 5216 in'
2016 5171 2164 5216 textu
2202 5162 2328 5216 exh.
2380 5151 2803 5230 τεταρτώτατον.
2884 5151 2924 5190 ίι
2953 5151 3386 5222 σπουδαζόμενον
3430 5151 3494 5203 0⁷
3547 5166 3605 5204 c.

345 5234 390 5285 Ι)
419 5273 435 5298 ,
466 5230 879 5303 σπουδαζόμενα
898 5230 970 5287 C.

1648 5362 2018 5421 VARlORUM
2045 5361 2275 5417 ΝΟΤᾸΕ.

413 5490 526 5562 (54)
581 5490 898 5562 Ἅσαρκον.
949 5486 1085 5562 Nota
1130 5485 1387 5562 ἄσαρκον3
1437 5496 1546 5562 non
1599 5478 1909 5562 ἀσῴματον,

342 5551 561 5681 propter
596 5560 649 5615 id
682 5551 830 5641 quod
858 5551 1424 5636 scribebamu's'paulo
1453 5560 1598 5615 ante,
1644 5551 1713 5604 ad
1743 5559 1911 5631 caput

400 5630 596 5681 liuius
647 5629 920 5681 honntne:
968 5628 1077 5681 Deo
1125 5642 1271 5681 enim
1302 5624 1610 5679 tribuerunt
1658 5621 1901 5675 nonnulli

400 5621 596 5699 ,l'iujus
647 5621 920 5697 homilize;
968 5628 1077 5683 Deo
1125 5621 1279 5681 enini
1302 5624 1610 5679 tribuerunt
1658 5621 1901 5675 nonnulli

2018 5492 2220 5546 corpus
2233 5486 2434 5602 éenue,
2462 5474 2609 5532 velut
2637 5474 2839 5543 lumen,
2873 5491 2984 5533 non
3015 5485 3198 5533 autem
3228 5490 3431 5547 corpus
3458 5492 3590 5533 car-

2018 5562 2202 5602 neum.
2278 5561 2368 5602 or.

2018 5562 2202 5604 neum.
2233 5561 2368 5602 νοτ.
