3860 6210
243 310 338 364 ῐθί

1296 304 1752 361 (ΣῙΕΜΕΝΤΙΝᾹ.
1793 335 1859 346 -
1892 302 2174 359 llOMlLlA
2210 302 2369 358 XVII.

3379 297 3482 353 ιυιι

308 426 473 498 350
509 424 697 480 XVIII.
732 425 919 490 θ’ύτως
963 426 1071 497 γὰρ
1112 425 1281 497 κάμοὶ
1322 425 1431 479 ἀπὸ
1472 425 1566 477 τοῦ
1606 422 1817 493 Πατρδς

1989 420 2175 475 XVIII.
2220 420 2313 475 Sic
2356 420 2501 474 enim
2553 429 2606 475 et
2641 419 2773 474 mihi
2818 435 2847 473 a
2896 418 3056 474 Patre
3100 417 3370 473 revelatus
3402 426 3485 470 est

233 518 601 591 ἀπεκαλύφθη
629 520 659 572 ὀ
688 519 834 582 Υἱός.
878 519 968 591 Διὸ
989 514 1106 572 οἶδα
1146 518 1232 582 τίς
1272 518 1502 588 δύναμις
1539 512 1814 569 ἀποκαλύ-

232 608 415 678 ψεως,
459 584 553 677 acp'
577 584 769 662 ἐαυτοῦ
812 584 1017 680 μαθῖἱιν.
1048 609 1198 678 ’Ἅμα
1231 608 1339 679 γάρ
1371 584 1451 678 τῷ
1483 607 1574 660 τὸν
1614 605 1818 677 Κύριον

234 696 413 747 εἰπεῖν
426 695 489 759 ’³,
516 696 653 749 Τίνα
669 692 855 749 αὐτὸν
870 695 1180 765 λέγουσιν;
1193 698 1285 749 καὶ
1300 695 1490 758 ἄλλους
1513 696 1638 751 ἀλλο
1660 713 1713 747 τι
1733 694 1819 747 λέ-

234 803 437 853 γοντας
462 787 624 840 αὐτὸν
643 787 940 855 ἀκηκοότος
963 786 1117 858 ἐμοῦ,
1142 789 1235 842 ἐπὶ
1252 788 1351 858 τῆς
1376 788 1605 859 καρδίας
1627 786 1813 858 ἀνέϐη·

231 878 340 930 ούκ
376 876 495 932 οἶδα
524 874 619 933 οῦν
668 878 785 941 πῶς
809 874 959 932 εἷπον
979 897 992 910 ’
1028 879 1111 934 Σὺ
1137 881 1193 933 εἴ
1218 883 1251 935 ό
1291 880 1423 945 Υίὸς
1469 879 1575 933 τοῦ
1608 877 1821 943 ζῶντος

236 969 413 1023 Θεοῦ.
460 968 563 1021 Τὸν
614 969 672 1022 δὲ
726 970 1110 1043 μακαρίσαντά
1152 988 1219 1041 με
1266 972 1503 1043 μηνῦσαί
1554 989 1681 1044 μοι,
1730 971 1822 1024 τὸν

236 1058 669 1129 ἀποκαλύψαντα
696 1062 914 1132 Πατέρα
941 1057 1111 1126 εἶναι,
1148 1063 1250 1134 ἐμὲ
1298 1064 1355 1117 δὲ
1383 1064 1571 1118 ἔκτοτε
1606 1065 1819 1137 μαθεῖν,

238 1152 325 1205 ὅτι
344 1151 406 1205 τὸ
429 1152 756 1217 ἀδιδάκτως,
784 1154 911 1223 ἄνευ
944 1154 1208 1218 ὀπτασίας
1239 1157 1332 1209 καὶ
1366 1156 1589 1228 ὀνείρων
1634 1158 1823 1228 μαθεῖν

236 1244 585 1314 ἀποκάλυψις
624 1246 788 1298 ἐστιν.
827 1246 937 1299 Καὶ
979 1245 1193 1318 ἀληθῶς
1221 1247 1394 1310 οὕτως
1425 1248 1561 1319 ἔχει.
1603 1250 1689 1302 Ἐν
1715 1248 1824 1322 γάρ

239 1339 308 1407 τῇ
336 1339 394 1390 ὲν
417 1340 553 1408 ἡμῖν
593 1340 659 1391 ἐκ
688 1338 824 1391 Θεοῦ
850 1340 1065 1413 τεθείσῃ
1103 1342 1493 1413 σπερματικίῖκ
1516 1342 1758 1416 [καρδίᾳ]
1781 1345 1824 1376 ¹³

241 1430 394 1482 πᾶσα
420 1428 628 1482 ἔνεστιν
660 1430 693 1500 ὴ
728 1430 974 1502 ἀλήθεια,
1015 1430 1150 1483 Θεοῦ
1177 1431 1233 1484 δέ
1265 1434 1407 1505 χειρὶ
1444 1433 1703 1486 σκέπεται
1732 1435 1828 1487 καὶ

240 1518 711 1582 ἀποκαλύπτεται,
732 1520 825 1572 τοῦ
852 1520 1199 1591 ἐνεργοῦντος
1220 1521 1265 1553 ιδ
1291 1521 1351 1573 τὸ
1379 1521 1499 1575 κατ’
1528 1522 1682 1588 ἀξίαν
1699 1522 1828 1576 ἐκά-

241 1628 376 1664 στου
403 1612 621 1676 εἱδότος.
652 1612 725 1664 To
744 1611 800 1665 δέ
827 1610 1028 1678 ἔξωθεν
1048 1611 1115 1664 δι’
1141 1610 1420 1665 ὀπτασιῶν
1447 1614 1541 1665 καὶ
1564 1611 1826 1667 ἐνυπνίων

238 1702 547 1774 δηλωθῆναι
565 1720 640 1765 τι,
662 1703 744 1755 ὅτι
764 1702 864 1756 οὐκ
883 1703 1029 1755 ἐστιν
1049 1702 1462 1773 ἀποκαλύψεως,
1480 1702 1614 1756 ἀλλά
1634 1703 1823 1776 ὀργῆς,

1920 512 2110 567 Filius.
2138 512 2320 579 Quare
2354 514 2503 579 novi,
2530 530 2653 584 qua:
2685 513 2759 568 sit
2801 511 3147 567 revelationis
3181 510 3287 574 vis,
3333 525 3361 563 a
3399 523 3487 562 me

1919 602 2039 672 ipso
2071 603 2317 657 edoctus.
2346 601 2480 656 Nam
2515 602 2678 658 simul
2712 618 2777 656 ac
2803 602 3069 656 Dominus
3110 596 3485 668 interrogavit,

1917 709 2079 763 quem
2113 710 2237 748 eum
2266 694 2541 761 dicerent,
2588 703 2641 748 et
2686 708 2787 764 ego
2815 694 2955 748 alios
2993 692 3142 748 aliud
3193 690 3323 760 quid
3366 702 3489 744 esse

1920 800 2044 839 eum
2081 784 2473 855 respondentes
2501 785 2723 851 audivi,
2766 784 2822 838 in
2864 800 2960 839 eor
2988 798 3167 839 meum
3204 779 3493 845 ascendit,

1922 893 2021 932 nec
2055 892 2185 931 vero
2219 878 2368 942 scio,
2396 894 2505 948 qua
2547 876 2758 932 ratione
2790 877 3022 932 dixerim
3051 895 3069 931 :
3118 875 3198 930 Tu
3226 890 3281 929 es
3312 870 3489 925 Filius

1922 968 2020 1023 Dei
2060 970 2160 1024 rivi
2186 982 2237 1022 ι.
2268 968 2361 1024 llle
2397 979 2575 1025 autem
2620 969 2840 1023 beatum
2876 984 2963 1024 me
2995 966 3298 1038 praedicans
3343 961 3494 1016 indi-

1921 1062 2065 1115 cavit
2121 1062 2285 1130 mihi,
2330 1079 2455 1119 eum
2481 1102 2497 1129 ,
2539 1064 2633 1134 qui
2680 1062 3047 1121 revelaverat,
3081 1057 3298 1112 Patrem
3331 1068 3490 1119 esse,

1925 1166 2089 1225 atque
2120 1171 2187 1210 ex
2231 1171 2298 1211 eo
2334 1166 2580 1226 tempore
2636 1154 2846 1221 didici,
2893 1152 3282 1208 revelationem
3331 1158 3496 1210 esse,

1924 1249 2145 1318 quando
2186 1250 2395 1320 absque
2448 1257 2779 1319 prmeeptore
2820 1254 2874 1301 et
2920 1245 3130 1300 visione
3156 1258 3223 1297 ac
3260 1236 3493 1297 somniis

1924 1343 2226 1397 erudimur.
2260 1344 2343 1398 Ac
2374 1358 2501 1397 vere
2548 1342 2624 1395 ita
2674 1340 2855 1394 habet.
2903 1336 3184 1407 Siquidem
3216 1334 3271 1387 in
3304 1331 3493 1395 corde,

1924 1434 2074 1504 quod
2114 1435 2166 1487 in
2198 1434 2355 1489 nobis
2387 1433 2574 1505 posuit
2596 1432 2761 1496 Deus,
2786 1429 3039 1483 universa
3066 1428 3238 1481 instar
3270 1421 3495 1480 seminis

1925 1525 2069 1581 inest
2102 1528 2301 1583 veritas
2328 1567 2343 1591 ,
2401 1526 2599 1597 tegitur
2648 1539 2779 1579 vero
2806 1538 2875 1577 ac
2900 1520 3171 1577 revelatur
3203 1531 3368 1572 manu
3401 1512 3494 1567 Dei

1923 1620 2203 1689 operantis
2254 1636 2321 1675 ac
2390 1620 2730 1691 singulorum
2784 1617 3037 1671 meritum
3090 1607 3499 1682 cognoscentis.

1926 1709 2283 1767 Extrinsecus
2305 1720 2489 1766 autem
2518 1725 2614 1780 per
2646 1708 2886 1764 visiones
2916 1715 2969 1761 et
2995 1703 3268 1761 insomnia
3292 1700 3499 1771 aliquid

239 1795 516 1864 φαίνεται.
533 1794 712 1866 Πέρας
736 1794 866 1864 γοῦν
890 1794 1198 1869 γέγραπται
1228 1798 1285 1849 ἐν
1307 1794 1386 1867 τῷ
1413 1796 1560 1867 νόμῳ
1579 1797 1660 1849 ὅτι
1680 1798 1829 1869 ὀργι-

1934 1804 2196 1858 declarari
2222 1845 2236 1868 ,
2271 1812 2495 1873 apparet
2528 1817 2634 1855 non
2669 1816 2790 1857 esse
2822 1796 3203 1860 revelationis,
3234 1795 3326 1850 sed
3380 1793 3494 1847 irae.

242 1887 396 1950 σθεὶς
423 1887 452 1939 ὁ
481 1887 613 1950 Θεὸς
647 1886 855 1959 Ἀαρὼν
882 1888 976 1940 καὶ
999 1887 1233 1959 Μαριὰμ
1256 1886 1358 1959 ἔφη
1376 1905 1391 1917 '
1427 1887 1567 1942 Ἐὰν
1594 1887 1831 1956 ἀναστῇ

241 1975 560 2045 προφήτης
597 1976 667 2042 ἐξ
707 1976 901 2046 ὑμῶν,
930 1978 1003 2030 δι’
1047 1977 1354 2049 ὁραμάτων
1393 1978 1491 2033 καὶ
1533 1979 1833 2034 ἐνυπνίων

238 2068 410 2135 αὐτῷ
451 2070 931 2141 γνωρισθήσομαι
955 2109 971 2134 ,
1014 2072 1128 2139 οὐχ
1169 2070 1357 2137 οὕτως
1391 2071 1459 2125 δὲ
1491 2072 1573 2139 ὡς
1604 2071 1833 2141 Μωῦσῇ

242 2159 331 2225 τῷ
381 2158 699 2229 θεράποντι
738 2178 887 2229 μου,
933 2159 1024 2214 ὅτι
1072 2160 1143 2215 ἐν
1199 2160 1346 2215 εῖδει
1400 2160 1501 2215 καὶ
1564 2163 1637 2216 οὐ
1687 2160 1761 2215 δι’
1789 2162 1833 2194 ¹¹

240 2250 554 2305 ἐνυπνίων
578 2250 832 2317 λαλήσω
877 2251 1027 2319 πρὸς
1054 2251 1263 2316 αὐτὸν,
1295 2253 1375 2319 ὡς
1402 2253 1548 2320 εἴτις
1573 2254 1835 2320 λαλήσει

247 2340 408 2409 πρὸς
436 2342 544 2396 τὸν
579 2342 795 2397 ἑαυτοῦ
828 2346 1029 2413 φίλον.
1059 2344 1223 2416 Ὁρᾷς
1264 2344 1381 2407 πῶς
1415 2344 1486 2399 τὰ
1527 2345 1629 2416 τῆς
1665 2346 1835 2417 ὀργῆς

245 2432 327 2485 δι’
354 2434 645 2504 ὁραμάτων
688 2433 784 2486 καὶ
818 2434 1111 2499 ἐνυπνίων,
1139 2435 1207 2488 τά
1235 2434 1291 2489 δὲ
1327 2435 1483 2505 351
1514 2436 1652 2506 πρὸς
1683 2437 1835 2507 φίλον

247 2525 431 2595 στόμα
446 2524 589 2577 κατά
623 2525 818 2595 στόμα,
859 2527 916 2579 ἐν
967 2524 1119 2589 εῖδει,
1148 2526 1241 2579 καὶ
1278 2526 1339 2579 οὐ
1381 2527 1449 2581 δι’
1497 2528 1835 2599 αἰνιγμάτων

245 2617 349 2670 καὶ
378 2616 671 2687 ὁραμάτων
699 2617 795 2670 καὶ
821 2616 1086 2670 ἐνυπνίων
1109 2616 1176 2679 ³⁸,
1203 2617 1279 2680 ὡς
1317 2618 1452 2688 πρὸς
1479 2619 1690 2689 ἐχθρόν.

324 2706 471 2761 XIX.
510 2709 572 2761 Εἰ
591 2708 632 2738 ι’
665 2707 763 2778 μὲν
785 2704 878 2763 οῦν
904 2709 997 2762 καλ⁸
1031 2710 1115 2762 σοὶ
1141 2710 1169 2761 ὀ
1198 2709 1405 2795 Ἰησοῦς
1433 2710 1590 2780 ἡμῶν
1614 2710 1681 2763 δι’
1703 2710 1834 2782 ὁρά-

252 2818 431 2872 ματος
458 2800 641 2871 ὀφθεὶς
665 2799 910 2872 ἐγνώσθη
943 2802 1036 2855 καὶ
1055 2801 1349 2873 ὡμίλησεν,
1374 2803 1448 2866 ὡς
1476 2803 1835 2874 ἀντικειμένῳ

248 2891 630 2963 ὀργιζόμενος,
681 2892 763 2960 διδ
803 2892 872 2944 δι’
908 2892 1200 2963 ὁραμάτων
1236 2893 1331 2946 καὶ
1369 2892 1695 2964 ἐνυπνίωνῆ
1741 2894 1836 2947 καὶ

246 2984 326 3037 δι’
361 2982 757 3052 ἀποκαλύψεων
788 2982 984 3049 ἔξωθεν
1010 2984 1182 3037 ούσῶν
1201 2983 1482 3054 ἐλάλησεν.
1509 2983 1576 3036 Ei'
1590 2984 1638 3018 ³⁸
1668 3002 1750 3047 τις
1778 2984 1835 3038 δὲ

248 3075 326 3129 δι’
352 3074 619 3128 ὀπτασίαν
667 3073 802 3146 πρὸς
835 3074 1183 3128 διδασκαλίαν
1217 3074 1538 3144 ωφισθῆναι
1575 3074 1831 3141 δύναται;

251 3168 371 3221 Καὶ
399 3169 448 3220 εί
484 3167 582 3238 μὲν
610 3168 775 3238 ἐρεῖς·
807 3166 1042 3220 Δυνατόν
1089 3168 1267 3230 ἐστιν,
1300 3166 1389 3219 διὰ
1416 3166 1468 3219 τί
1508 3167 1613 3238 ὅλῳ
1650 3169 1832 3220 ἐνιαυ-

252 3260 339 3330 τῷ
368 3261 409 3292 ¹⁹
436 3258 547 3331 (55)
576 3258 904 3331 ἐγρηγορόσι
943 3259 1272 3331 παραμένων
1308 3258 1582 3329 ὡμίλησεν
1624 3261 1654 3311 ὀ
1681 3260 1834 3313 Διδά-

256 3360 491 3426 σκαλος;
530 3360 645 3423 πῶς
673 3360 729 3413 δέ
760 3377 841 3413 σοι
878 3360 973 3413 καὶ
1004 3359 1364 3431 πιστεύσομεν
1406 3359 1568 3423 αὐτὸ,
1605 3360 1709 3413 κᾶν
1757 3360 1837 3412 ὅτι

254 3452 417 3523 ὤφθη
452 3468 562 3516 σοις
598 3450 721 3514 Πῶς
748 3450 806 3504 δέ
843 3467 925 3503 σοι
970 3451 1063 3503 καὶ
1102 3448 1279 3521 ὤφθη,
1309 3450 1470 3503 ὁπότε
1492 3451 1537 3482 ὀ
1577 3450 1741 3503 αὑτοῦ
1770 3449 1839 3504 τά

255 3542 480 3596 ἐναντία
527 3545 596 3613 τῇ
636 3541 955 3613 διδασκαλίᾳ
999 3544 1253 3613 φρονείς;
1295 3540 1358 3593 El
1397 3540 1454 3593 δέ
1497 3541 1589 3593 ὑπ’
1631 3540 1838 3594 ἐκείνου

260 3637 397 3706 μιᾶς
417 3634 563 3705 ὥρας
584 3634 770 3703 ὀφθεὶς
800 3636 893 3689 καὶ
924 3633 1282 3706 μαθητευθεὶς
1310 3634 1606 3698 ἀπόστολος
1629 3634 1838 3703 ἐγένου,

258 3724 363 3788 τάς
408 3724 614 3777 ἐκείνου
660 3725 841 3793 φωνάς
887 3726 1149 3797 κήρυσσε,
1173 3724 1243 3779 τά
1286 3725 1496 3778 ἐκείνου
1534 3727 1838 3799 ἐρμήνευε,

257 3816 392 3879 τοὺς
422 3814 627 3869 ἐκείνου
652 3816 979 3879 ἀποστόλους
1000 3815 1170 3885 φίλει,
1196 3815 1319 3885 ἐμοὶ
1345 3815 1423 3886 τῷ
1466 3815 1842 3887 συγγενομένῳ

260 3906 417 3978 αύτῷ
440 3908 514 3979 μὴ
546 3907 739 3979 μάχου.
773 3906 917 3978 Πρὸς
955 3908 1063 3979 γάρ
1095 3908 1319 3980 στερεὰν
1361 3909 1565 3980 πέτραν
1593 3909 1721 3962 ὄντα
1752 3925 1839 3979 με,

196 4012 199 4015 ’
263 4001 517 4071 θεμέλιον
550 4000 895 4072 Ἐκκλησίας,
936 4000 1177 4064 ἐναντίος
1208 4000 1545 4073 ἀνθέστηκάς
1572 4001 1743 4073 per".
1778 4002 1842 4054 El

268 4093 345 4163 μὴ
382 4090 752 4162 ἀντικείμενος
783 4088 870 4164 ᾖς,
892 4092 991 4144 οὐκ
1018 4091 1081 4145 ἄν
1112 4109 1177 4161 με
1208 4090 1504 4145 διαϐάλλων
1535 4091 1594 4144 τὺ
1620 4090 1687 4144 δι’
1710 4089 1841 4161 ἐμοῦ

262 4183 531 4251 κήρυγμα
559 4179 846 4250 ἐλοιδόρεις
867 4180 934 4238 ’³.
965 4180 1072 4243 ἴνα,
1095 4179 1123 4232 ὃ
1152 4177 1302 4249 παρὰ
1332 4178 1426 4232 τοῦ
1453 4180 1658 4251 Κυρίου
1684 4180 1845 4243 αὐτὸς

265 4271 462 4343 παρὼν
494 4272 727 4343 ἀκήκοα,
756 4273 928 4341 λέγων
956 4272 1030 4343 μὴ
1067 4271 1430 4343 πιστεύωμαι,
1459 4272 1613 4344 δῆλον
1652 4273 1733 4327 ὅτι
1769 4274 1845 4338 ὡς

266 4362 407 4433 ἐμοῦ
451 4361 928 4430 καταγνωσθέντος
966 4362 1061 4415 καὶ
1094 4361 1226 4432 ἐμοῦ
1246 4362 1292 4393 ’³
1322 4362 1749 4433 εὐδοκιμοῦντος.
1774 4366 1845 4418 Ἢ

1936 1891 2176 1963 Denique
2209 1894 2262 1945 in
2298 1893 2412 1960 lege
2442 1891 2702 1960 scriptum
2734 1897 2837 1953 est,
2870 1887 3035 1941 Deum
3066 1887 3263 1940 iratum
3294 1882 3498 1937 Aaroni

1931 1994 1986 2040 et
2018 1985 2199 2040 Mariae
2232 1985 2477 2040 dixisse:
2518 1983 2575 2039 Si
2618 1982 2907 2037 surrexerit
2938 1986 3191 2051 propheta
3219 1993 3283 2033 ea:
3326 1976 3499 2042 vobis,

1931 2093 2023 2146 per
2050 2078 2272 2131 visiones
2308 2092 2371 2129 ac
2398 2075 2661 2129 insomnia
2686 2075 2734 2128 ei
2756 2072 3039 2143 apparebo,
3064 2088 3169 2125 non
3198 2079 3373 2123 autem
3398 2069 3499 2133 sic,

1932 2167 2373 2239 quemadmodum
2400 2166 2574 2236 Moysi
2615 2164 2817 2219 famulo
2850 2179 2983 2228 meo,
3010 2161 3259 2232 quoniam
3282 2160 3341 2212 in
3381 2173 3499 2227 spe—

1931 2261 2033 2327 cie,
2058 2276 2158 2313 non
2187 2270 2364 2312 autem
2402 2274 2492 2327 per
2524 2256 2788 2310 insomnia
2814 2255 3003 2325 loquar
3050 2253 3119 2307 ad
3160 2252 3295 2306 hunc
3318 2292 3331 2317 ,
3362 2252 3497 2304 velut

1934 2353 1981 2407 si
2025 2352 2141 2421 quis
2182 2350 2430 2421 loquatur
2473 2348 2542 2402 ad
2585 2349 2811 2401 amicum
2862 2362 3017 2399 suum
3064 2345 3114 2401 ι).
3140 2344 3336 2399 Cernis
3386 2357 3498 2412 quo

1934 2445 2119 2507 modo,
2153 2458 2273 2513 qua:
2304 2456 2367 2495 ex
2404 2442 2506 2507 ira,
2540 2456 2635 2510 per
2678 2444 2796 2493 visa
2830 2438 2940 2493 sint
2966 2445 3020 2491 et
3049 2434 3344 2498 insomnia,
3375 2448 3497 2503 qua:

1935 2551 2064 2590 vero
2090 2534 2156 2589 ad
2203 2533 2460 2593 amicum,
2492 2546 2556 2585 os
2587 2530 2653 2583 ad
2687 2544 2773 2593 os,
2810 2529 2863 2582 in
2901 2528 3115 2597 specie,
3151 2534 3206 2580 et
3254 2541 3361 2579 non
3408 2539 3506 2593 per

1935 2625 2225 2695 :enigmata
2254 2623 2369 2676 visa
2402 2630 2455 2675 et
2486 2619 2782 2684 insomnia,
2819 2618 2961 2671 sicut
2993 2616 3060 2670 ad
3086 2614 3391 2669 inimicum.

2004 2713 2145 2768 XIX.
2187 2713 2375 2783 Itaque
2427 2712 2471 2766 si
2511 2710 2610 2765 tibi
2643 2712 2807 2763 etiam
2855 2706 3014 2763 Jesus
3055 2719 3240 2761 noster
3284 2706 3336 2759 in
3386 2704 3505 2759 viso

1935 2815 2263 2876 conspectus
2288 2805 2539 2874 apparuit
2566 2820 2629 2858 ac
2658 2804 2871 2857 locutus
2895 2810 2997 2865 est,
3028 2810 3284 2870 tanquam
3315 2798 3506 2853 adver-

1936 2899 2083 2953 sario
2117 2900 2309 2963 iratus,
2346 2897 2466 2950 ideo
2501 2911 2597 2965 per
2626 2896 2740 2949 visa
2768 2902 2823 2948 et
2858 2894 3149 2958 insomnia,
3176 2893 3256 2946 vel
3287 2906 3508 2961 quoque

1936 3005 2031 3058 per
2085 2988 2421 3043 extrinsecas
2482 2987 2841 3041 revelationes
2886 2986 3167 3041 disseruit.
3236 2985 3318 3038 An
3378 2998 3507 3037 veio

1938 3090 2117 3149 potest
2149 3081 2350 3150 aliquis
2383 3096 2478 3151 per
2510 3079 2777 3133 visionem
2820 3078 3027 3133 institui
3057 3080 3123 3131 ad
3156 3074 3511 3132 doctrinam?

1939 3172 2093 3238 Quod
2126 3172 2171 3227 si
2233 3172 2383 3225 dicas
2407 3186 2589 3239 posse,
2639 3186 2809 3239 quare
2838 3185 2935 3240 per
2976 3185 3179 3223 annum
3236 3169 3507 3237 integrum

1939 3281 2061 3321 eum
2096 3264 2444 3333 vigilantibus
2490 3278 2814 3331 permanens
2865 3262 3167 3317 collocutus
3207 3270 3289 3314 est
3325 3258 3508 3314 Domi-

1939 3359 2087 3413 nus?
2126 3355 2190 3409 Et
2215 3371 2323 3425 quo
2355 3362 2516 3423 pacto
2548 3354 2645 3407 tibi
2677 3353 2778 3408 hoc
2809 3353 2986 3422 ipsum
3016 3352 3325 3417 credamus,
3360 3352 3509 3421 quod

1942 3451 2037 3504 tibi
2099 3447 2450 3519 apparuerit?
2502 3446 2568 3501 Et
2618 3461 2729 3516 quo
2784 3446 2944 3500 modo
3010 3445 3106 3500 tibi
3153 3445 3505 3514 apparuerit,

1940 3560 2064 3598 cum
2109 3542 2381 3597 contraria
2450 3540 2595 3594 illius
2626 3539 2888 3593 doctrina:
2934 3537 3175 3593 sentias?
3220 3536 3314 3591 Sin
3357 3553 3507 3601 vero,

1940 3635 2121 3688 abillo
2146 3649 2241 3702 per
2269 3648 2429 3686 unam
2456 3631 2646 3685 horam
2671 3631 2924 3685 visitatus
2946 3645 3010 3684 ac
3037 3631 3260 3684 edoctus
3283 3669 3297 3693 ,
3333 3627 3509 3683 factus

1940 3744 2000 3782 es
2043 3725 2366 3795 apostolus,
2424 3739 2587 3778 voces
2638 3723 2785 3777 illius
2850 3722 3080 3792 praediea
3112 3760 3127 3785 ,
3180 3721 3327 3776 illius
3373 3722 3508 3776 scita

1943 3822 2329 3887 interpretare,
2368 3818 2514 3872 illius
2547 3817 2823 3886 apostolos
2867 3830 3021 3879 ama,
3056 3815 3187 3869 mihi
3245 3816 3339 3885 qui
3382 3828 3507 3869 cum

1942 3929 2008 3967 eo
2042 3921 2291 3967 versatus
2330 3926 2450 3965 smn
2486 3925 2551 3963 ne
2603 3908 2800 3963 bellum
2850 3908 3079 3962 indicas.
3133 3904 3269 3960 Nam
3317 3916 3508 3961 contra

1944 4018 2064 4068 me,
2119 4002 2330 4056 ﬁrmam
2371 4010 2575 4070 petram
2635 4008 2687 4054 et
2742 3998 2997 4053 Ecclesiae
3055 3998 3508 4064 fundamentum,

1944 4095 2291 4153 adversarius
2345 4092 2589 4149 restinsti
2666 4103 2711 4147 ο.
2765 4091 2881 4147 Nisi
2937 4107 3088 4149 esses
3138 4093 3508 4160 adversarius,

1944 4186 2190 4259 profecto
2210 4186 2276 4241 de
2292 4201 2377 4240 me
2400 4185 2711 4249 detrahens,
2730 4184 3168 4253 przedicationem
3192 4201 3367 4240 meam
3386 4201 3512 4255 pro-

1945 4279 2059 4335 bris
2104 4291 2213 4332 non
2240 4276 2605 4341 insectareris,
2640 4285 2719 4341 ut,
2752 4275 2844 4344 qui
2879 4276 3000 4330 dico
3024 4291 3144 4344 qua:
3177 4276 3290 4346 ipse
3321 4286 3508 4335 astans

1947 4387 1978 4425 a
2002 4370 2237 4425 Domino
2266 4368 2471 4435 audivi,
2506 4383 2616 4421 non
2656 4367 2881 4433 credar,
2908 4369 3067 4438 quasi
3116 4369 3324 4425 scilicet
3371 4385 3509 4425 con-

265 4457 318 4508 εἰ
349 4456 796 4527 κατεγνωσμένον
818 4473 885 4527 με
907 4454 1105 4524 λέγεις,
1122 4454 1257 4509 Θεοῦ
1283 4456 1378 4509 τοῦ
1399 4456 1831 4528 ἀποκαλύψαντός

1948 4463 2351 4520 demnationem
2380 4475 2613 4527 merear,
2628 4461 2879 4531 quamvis
2901 4460 3111 4515 laudari
3134 4461 3381 4517 debeam.
3401 4463 3511 4516 Aut

344 4578 374 4607 ι
413 4565 603 4621 Matth.
639 4582 751 4628 xvi.
778 4567 864 4623 16.

345 4636 374 4677 δ
415 4634 579 4691 Νιιιιι.
609 4651 708 4704 ιιι,
732 4638 799 4703 6;
824 4633 1001 4692 Exod.
1035 4651 1229 4705 xum,
1258 4636 1345 4692 ll.

2017 4589 2041 4618 ο
2081 4577 2269 4635 Matth.
2304 4591 2416 4641 xvr,
2452 4574 2539 4631 18.

1545 4749 1777 4805 VARUE
1814 4748 2214 4806 LECTIONES.

346 4844 395 4916 ξ’
418 4844 534 4916 ἐστί
564 4844 626 4897 Ο.
704 4844 749 4876 ¹⁸
776 4842 909 4899 Post
949 4843 1165 4916 τεθείσῃ

1221 4844 1657 4918 Schliemannus,
1684 4846 1851 4902 Clem.
1872 4889 1888 4915 ,
1928 4864 1984 4918 p.
2018 4847 2143 4910 190,
2176 4846 2304 4909 569,
2331 4846 2505 4918 _addit
2523 4845 2773 4918 3mg“;
2834 4842 3152 4918 conjectura
3207 4848 3504 4903 secundum

274 4914 683 4986 Schweglerum
713 4930 903 4986 parum
932 4903 1235 4983 probabili,
1258 4903 1659 4981 elegantissima
1689 4903 1907 4985 quidem
1929 4903 1997 4976 ἐκ
2033 4903 2153 4972 mea
2196 4903 2472 4985 Opinione.
2522 4903 2692 4969 Etia'm
2723 4903 2956 4983 parvula
2990 4914 3181 4971 lacuna
3203 4954 3218 4978 ,
3254 4932 3418 4986 quam
3452 4919 3506 4973 in

273 5002 383 5039 ms.
414 4984 595 5038 Ottob.
649 4983 817 5038 habes
849 4992 970 5057 post
1004 4986 1386 5057 σπερματικῶς
1419 4987 1607 5040 deesse
1650 4983 1869 5057 ral‘iquid
1926 4987 2058 5041 satis
2098 4983 2309 5055 probat.

2385 4986 2692 5041 "‘Cotelerii
2745 4986 3116 5056 interpretatio
3163 5001 3271 5056 n_on
3331 4997 3509 5056 potest

272 5064 537 5126 constare
562 5069 685 5107 enm
717 5064 863 5107 textu
908 5053 1129 5119 Graeco,
1150 5053 1265 5112 nisi
1292 5064 1413 5124 post
1448 5053 1797 5125 ἐνεργοῦντος
1830 5057 2061 5111 addatur
2090 5053 2351 5126 particula
2381 5057 2493 5110 καί.
2519 5058 2588 5126 At
2624 5055 2774 5126 nihil»
2795 5055 3137 5126 mutandum.
3182 5054 3262 5110 Tu
3316 5053 3462 5113 verte
3490 5077 3504 5113 :

276 5123 385 5191 Qui
415 5133 665 5196 operatur
693 5134 919 5196 tantum,
940 5136 1195 5196 quantum
1216 5123 1441 5196 meretur
1470 5123 1819 5196 unusquisque
1845 5128 2034 5180 sciens.
2054 5123 2141 5196 S._
2190 5128 2232 5159 ¹⁵
2252 5127 2339 5179 διά
2360 5127 2421 5180 C.
2502 5125 2700 5196 “_Vbb.
2725 5124 2862 5177 τὰδὲ
2884 5124 3019 5196 πρὸς
3035 5153 3101 5163 --
3116 5126 3209 5178 καὶ
3244 5128 3508 5182 ἐνυπνίων

276 5195 661 5251 desiderantur
693 5194 744 5247 in
777 5196 838 5247 Ο.

279 5408 458 5529 italo.
518 5402 656 5458 “Ita
685 5405 727 5457 Ο
779 5419 827 5459 c.
858 5402 897 5457 S
925 5442 940 5467 ,
979 5403 1249 5475 ἐλοιδόρῃς
1284 5403 1347 5457 C.
1423 5405 1468 5437 ’³
1486 5404 1612 5475 Leg.
1656 5425 1695 5477 μ

306 5478 431 5531 dem
458 5472 903 5531 κατεγνωσμένον
931 5481 987 5528 et
1012 5482 1169 5529 antea
1204 5475 1673 5531 καταγνωσθέντος

919 5191 963 5264 ἦν
981 5194 1029 5246 εί
1070 5193 1129 5248 8,
1161 5197 1202 5247 0
1232 5233 1245 5255 τ
1280 5191 1375 5257 ἥρ
1406 5235 1420 5257 ,
1455 5196 1521 5249 de
1543 5191 1655 5264 quo
1682 5191 1887 5251 fallitur
1916 5196 1975 5250 S.

277 5266 428 5319 Idem
457 5265 567 5334 legi
598 5264 712 5334 v_u_lt
740 5262 1004 5325 ὀπτασίας
1031 5280 1086 5331 p.
1114 5264 1389 5334 ὀπτασίαν.
1416 5264 1473 5319 S.
1557 5262 1597 5302 ‘9
1614 5265 1726 5321 Cir.
1756 5265 2021 5333 Neander,
2060 5262 2247 5320 Kirck.
2283 5266 2493 5331 Ceae/1.,
2523 5282 2562 5330 i,
2585 5265 2638 5329 2,
2665 5264 2800 5330 ϋὶείς
2838 5262 3021 5331 Hilgen

278 5334 413 5389 Litt.
443 5332 590 5403 Ζιρη
626 5332 720 5387 Nr.
752 5334 841 5398 80,
871 5348 921 5401 p.
963 5334 1096 5395 659;
1132 5334 1294 5399 Baur,
1320 5333 1531 5389 Kanon.
1569 5352 1858 5460 evang.,
1896 5332 2090 5391 565⁷8.
2123 5339 2167 5370 ²⁰
2202 5336 2476 5406 ὤφθησαν·
2515 5335 2644 5387 πότε
2685 5337 2746 5387 Ο.

280 5423 374 5478 μοι
395 5408 458 5458 Ο.
518 5406 656 5458 “Ita
685 5405 727 5457 Ο
779 5419 827 5478 c_.
858 5402 897 5457 S
925 5442 940 5467 ,
979 5403 1249 5475 ἐλοιδόρῃς
1284 5403 1347 5457 C.
1423 5405 1468 5437 ³³
1486 5404 1612 5478 [λος.
1656 5408 1749 5478 μή.
1800 5406 2032 5478 ~otelerii
2062 5408 2239 5462 versio
2257 5417 2412 5478 stare
2444 5422 2551 5460 non
2582 5414 2746 5478 potest

1882 5406 2032 5461 elerii
2062 5408 2239 5462 versio
2262 5400 2412 5461 stare
2444 5422 2551 5460 non
2582 5414 2788 5474 potest.
2825 5400 2882 5457 S.
2919 5402 3161 5474 sequens
3199 5406 3247 5458 εί
3286 5400 3400 5461 om.
3444 5400 3505 5463 υ.

2056 5193 2148 5267 “ii
2184 5198 2373 5251 scribit
2414 5194 2834 5250 Sehliemannus
2873 5192 3037 5248 Clem.
3062 5233 3078 5259 ,
3196 5197 3299 5250 I92
3324 5237 3336 5257 .
3379 5199 3505 5254 569.

2060 5266 2247 5320 Kirck.
2283 5266 2493 5331 Ceae/1.,
2523 5282 2562 5330 i,
2585 5265 2638 5329 2,
2665 5264 2800 5330 625;
2838 5262 3094 5331 Hilgenfel
3140 5304 3154 5328 ,
3201 5265 3350 5321 Hall.
3376 5269 3451 5321 all
3490 5308 3506 5325 .

2056 5338 2090 5390 Β.
2123 5339 2167 5370 ²⁰
2202 5336 2476 5402 ὤφθησαν·
2515 5335 2644 5387 πότε
2685 5337 2746 5387 Ο.
2824 5334 3134 5402 ξίέναντίως
3176 5286 3510 5402 ἀνεθέτηκὲς

2824 5335 2866 5409 ξι
2880 5334 3134 5409 ἐναντίως
3176 5336 3440 5409 ἀνεθέτηκ

458 5472 903 5544 κατεγνωσμένον
931 5481 987 5528 et
1012 5472 1169 5529 antea
1191 5472 1673 5542 καταγνωσθέντος
1703 5472 1751 5531 (Ξ.
1793 5474 1831 5531 S
1859 5516 1874 5543 ,
1907 5476 2359 5548 καταγνωσμένον
2374 5485 2427 5531 et
2453 5472 2915 5544 κατεγνωσθέντος
2938 5472 2998 5528 C.

1580 5588 1945 5652 VARIORUM
1972 5592 2201 5649 NOTAE.

356 5677 474 5745 (55)
516 5678 675 5749 Ὄλφ
702 5678 969 5745 ἐνιαυτῷ.
1009 5680 1177 5747 Quasi
1210 5679 1458 5738 Christus
1500 5700 1666 5739 unum
1698 5686 1841 5739 dun-

283 5757 439 5803 taxat
458 5763 664 5803 annum
697 5750 1088 5819 praedicaverit,
1113 5762 1165 5808 et
1202 5769 1326 5809 cum
1368 5756 1625 5824 apostolis
1651 5758 1838 5811 eonvi-

1952 5688 2128 5750 xerit,
2168 5688 2319 5757 juxta
2344 5686 2661 5741 sententiam
2705 5684 2885 5738 minus
2913 5682 3417 5757 veram_mnltorum
3442 5702 3510 5743 ex

1947 5754 2206 5829 antiquis,
2232 5759 2604 5814 haereticorum
2632 5757 2829 5825 pariter
2852 5754 3337 5811 etCathoIicorum.
3372 5757 3506 5812 Cor.
