3860 6210
396 334 500 389 405
1213 336 1268 392 S.
1308 335 1744 395 CLEMENTISI
1786 337 1950 392 ΗΘΜ.

2080 335 2188 390 ΝΤ.
2231 334 2459 390 OPERA
2497 335 2722 393 DUBIA.
3554 330 3651 384 mi

394 447 440 500 si
479 462 564 502 me
599 447 945 514 reum“dicis,
981 450 1150 506 Deum
1180 451 1273 520 qui
1309 451 1441 506 mihi
1490 451 1770 505 Christum
1804 464 1962 504 reve—

2075 463 2161 516 μοι
2191 447 2281 498 τὸν
2306 447 2541 518 Χριστὸν
2572 449 2914 518 κατηγορεῖς,
2943 447 3036 500 καὶ
3064 445 3156 498 τοῦ
3186 446 3277 498 ἐπὶ
3310 431 3656 512 ἀποκαλύψει

394 537 527 592 lavit
556 554 807 605 accusas,
833 550 887 596 et
921 543 973 597 in
1005 557 1130 597 eum
1170 543 1263 612 qui
1299 558 1386 596 me
1435 554 1656 613 prepter
1681 543 1966 596 revelatio-

2076 539 2482 610 μακαρίσαντός
2512 537 2672 608 352
2705 555 2771 609 με
2818 539 3146 609 καταφέρεις
3163 538 3227 590 ’⁸.
3287 537 3426 589 Ἀλλ’
3470 539 3592 590 ἐπεί
3611 539 3657 569 ⁸³

396 646 521 684 nem
568 631 786 686 beatum
815 634 1128 704 praedicavit
1174 634 1472 690 involucris.
1507 635 1611 688 Sed
1648 635 1694 688 si
1744 637 1966 706 quidem

2075 646 2179 701 περ
2233 629 2448 700 ἀληθῶς
2503 633 2568 700 τῇ
2620 629 2846 700 ἀληθείᾳ
2885 631 3212 700 συνεργῆσαι
3254 629 3466 694 θέλεις,
3517 628 3657 701 μάθε

394 734 524 774 vere
550 722 708 790 cupis
757 723 1137 779 adminiculari
1171 726 1429 793 veritati,
1469 728 1704 794 primum
1743 741 1773 779 a
1809 727 1966 782 nobis

2075 718 2287 789 πρῶτον
2319 721 2448 792 παρ’
2476 723 2507 792 ἡ
2518 721 2653 791 μῶν,
2686 721 2720 775 ἀ
2761 723 2921 792 ἡμεῖς
2951 721 3080 794 παρ’
3107 722 3315 774 ἐκείνου
3353 721 3674 793 ἐμάθομεν,

394 810 566 877 disce,
601 827 722 881 quae
753 829 854 867 nos
882 814 950 868 ab
984 829 1052 869 eo
1083 816 1398 884 didicimus,
1425 825 1479 870 et
1514 815 1692 874 l‘actus
1725 817 1966 871 veritatis

2075 814 2166 865 καὶ
2199 814 2447 886 μαθητὴς
2477 814 2735 886 ἀληθείας
2761 813 2999 882 γεγονὼς
3027 815 3184 883 γενοῦ
3213 817 3344 887 ἡμῖν
3373 817 3656 886 συνεργός.

394 903 698 973 discipulus
725 903 822 960 ﬁas
857 914 1043 960 noster
1073 908 1313 978 adjutor.

464 994 584 1048 XX.
628 994 724 1051 His
775 997 976 1052 auditis
1004 997 1192 1052 Simon
1238 1000 1415 1054 dixit:
1467 999 1624 1055 Absit
1659 1009 1717 1055 ut
1747 1015 1850 1070 ego
1883 1001 1967 1057 vel

394 1086 540 1143 illius
573 1088 655 1142 vel
687 1098 815 1144 tuus
848 1090 952 1143 sitn
987 1090 1311 1161 discipulus.
1342 1089 1528 1162 Neque
1562 1093 1706 1147 enim
1747 1093 1964 1162 ignoro,

389 1195 514 1250 qua:
557 1195 892 1250 cognoscere
927 1191 1142 1253 oportet
1173 1203 1188 1237 :
1227 1199 1291 1238 ea
1328 1199 1459 1239 vero
1497 1193 1755 1254 tanquam
1801 1185 1968 1239 disci-

393 1281 551 1327 turus
599 1274 1029 1344 interrogabam,
1081 1283 1139 1328 ut
1199 1288 1549 1343 agnoscerem
1581 1314 1595 1338 ,
1654 1291 1723 1329 an
1775 1289 1966 1345 posses

393 1363 684 1418 ostendere
728 1365 996 1420 visionem
1045 1365 1318 1419 evidentia
1348 1381 1470 1420 esse
1524 1365 1962 1420 inelIicaciorem.

391 1454 462 1508 At
493 1463 552 1508 tu
591 1455 1051 1524 quemadmodqu
1081 1455 1304 1508 voluisti
1347 1452 1564 1510 locutus
1596 1470 1656 1510 es
1678 1496 1692 1520 ,
1727 1470 1829 1507 nec
1874 1454 1968 1507 de-

394 1543 737 1596 monstrasti.
771 1541 836 1600 Et
862 1558 1029 1609 nunc,
1060 1543 1287 1598 veniens
1318 1559 1441 1599 cras
1463 1545 1529 1597 ad
1558 1559 1866 1598 sermonem
1901 1543 1967 1597 de

397 1630 529 1700 Deo,
562 1649 724 1702 quem
750 1634 1066 1690 Creatorem
1100 1634 1368 1701 atiirmas,
1399 1635 1645 1704 probabo
1677 1635 1828 1688 illum
1857 1650 1964 1687 non

389 1739 514 1780 esse
562 1740 880 1795 supremum
929 1742 994 1782 ac
1044 1728 1246 1781 bonum
1277 1769 1293 1794 ,
1345 1737 1499 1782 tuum
1543 1741 1762 1797 quoque
1804 1724 1968 1798 Magi-

2138 988 2258 1043 XX.
2303 988 2488 1042 Ταῦτα
2521 993 2549 1043 6
2600 990 2780 1060 Σίμων
2805 978 3046 1052 ἀκούσας
3071 988 3196 1062 ἔφη·
3237 989 3424 1059 Ἀπείη
3469 1006 3561 1060 μοι
3594 988 3660 1041 τὸ

2068 1081 2177 1134 είτε
2198 1081 2242 1113 ’⁸
2267 1082 2496 1146 ἐκείνου,
2529 1082 2638 1135 είτε
2670 1099 2763 1135 σου
2792 1083 3044 1151 γενέσθαι
3073 1082 3339 1153 μαθητήν.
3382 1079 3516 1134 Οὐδὲ
3545 1081 3659 1153 γὰρ

2069 1175 2248 1245 ἀγνοῶ
2274 1175 2308 1229 ἀ
2336 1176 2416 1228 δεῖ
2443 1174 2751 1244 γινώσκειν’
2784 1175 2818 1229 ἃ
2851 1174 2906 1227 δὲ
2927 1175 3003 1238 ώς
3035 1174 3316 1245 μανθάνων
3348 1175 3654 1246 ἐπυθόμην,

2068 1269 2155 1320 ἵνα
2187 1268 2280 1321 ἴδω
2301 1269 2343 1299 ’⁷
2389 1270 2435 1320 εί
2460 1268 2683 1322 δύνασαι
2723 1269 2989 1332 ὀπτασίας
3021 1268 3305 1340 ἐνέργειαν
3333 1266 3658 1339 ἐναργεστέ-

2073 1374 2170 1423 ραν
2191 1357 2236 1388 ’⁸
2268 1356 2458 1423 δεῖξαι.
2484 1358 2554 1409 Σὺ
2585 1357 2640 1410 δέ
2672 1357 2748 1421 ὼς
2770 1357 3058 1428 ἠθέλησας,
3090 1353 3268 1420 εἶπας,
3295 1357 3395 1409 οὐκ
3421 1355 3655 1420 ἔδειξας.

2069 1450 2177 1501 Kal
2211 1448 2305 1502 νῦν
2340 1447 2526 1521 αῦριόν
2558 1466 2640 1502 σοι
2672 1451 2751 1513 είς
2776 1449 2865 1502 τὸν
2905 1451 3033 1519 περὶ
3056 1448 3213 1512 Θεοῦ,
3239 1442 3299 1502 οὗ
3339 1445 3659 1518 διισχυρίζῃ

2067 1537 2401 1609 δημιουργοῦ
2427 1579 2440 1601 ,
2489 1537 2656 1591 ἐλθὼν
2705 1540 2799 1592 καὶ
2832 1539 3134 1609 διαλεχθεὶς
3176 1537 3334 1603 δείξω
3371 1538 3445 1607 μὴ
3490 1535 3660 1589 αῦτδν

2068 1623 2206 1681 εἶναι
2233 1629 2504 1682 ἀνώτατον
2529 1631 2622 1683 καὶ
2643 1631 2688 1662 ’³
2717 1630 2940 1700 ἀγαθὸν,
2963 1631 3055 1683 καὶ
3076 1630 3165 1683 τὸν
3195 1630 3285 1682 σὺν
3307 1629 3362 1681 δέ
3383 1628 3658 1681 Διδάσκα-

2068 1717 2159 1770 λον
2210 1718 2279 1771 τὰ
2330 1719 2471 1772 αὐτά
2519 1736 2609 1790 μοι
2669 1720 2983 1791 εἰρηκέναι,
3029 1720 3087 1771 σέ
3116 1720 3173 1772 δὲ
3223 1719 3297 1790 μὴ
3337 1717 3658 1788 νενοηκέναι

391 1827 567 1872 strum
595 1818 786 1873 eadem
815 1835 1026 1873 mecum
1057 1818 1282 1886 dixisse,
1307 1829 1358 1874 te
1383 1830 1565 1874 autem
1593 1835 1822 1890 arguam
1854 1834 1962 1873 non

2075 1810 2290 1879 ἐλέγξω.
2311 1811 2418 1863 Kal
2443 1810 2614 1864 ταῦτα
2646 1811 2815 1864 είπὼν
2842 1812 3010 1882 ἐξῄει,
3052 1813 3132 1876 είς
3177 1811 3212 1866 ἃ
3256 1811 3568 1882 προέτεινεν
3592 1810 3657 1862 οῦ

391 1909 744 1964 intellexisse.
786 1911 964 1980 Atque
1018 1923 1140 1981 post
1180 1913 1294 1966 haec
1337 1912 1483 1966 dicta
1540 1913 1714 1976 exiit,
1775 1912 1966 1967 nolens

393 2001 588 2056 audire
624 2001 693 2056 ad
730 2018 792 2058 ea
828 2017 951 2074 qua:
985 2013 1366 2074 proposuerat.

921 2187 1209 2244 HOMILIA
1249 2187 1435 2244 XVIII.

461 2279 500 2332 Ι.
544 2277 700 2333 illane
745 2289 958 2346 autem,
1012 2297 1136 2336 cum
1186 2280 1380 2334 Petrus
1430 2280 1495 2334 ad
1540 2279 1964 2350 disputationem

390 2373 767 2442 processisset,
794 2372 982 2429 Simon
1008 2374 1309 2442 anticipans
1333 2373 1468 2428 dixit
1493 2391 1506 2427 :
1537 2372 1659 2426 Heri
1683 2373 1968 2427 discedens

389 2461 616 2531 promisi
655 2462 775 2528 tibi,
813 2480 899 2519 me
941 2464 1101 2518 hodie
1133 2466 1435 2518 rediturum
1465 2506 1478 2526 ,
1510 2465 1965 2534 disceptaturum,

389 2568 455 2607 ac
483 2562 857 2620 ostensurum,
892 2555 1035 2624 quod
1073 2556 1260 2610 mundi
1307 2555 1490 2625 opifex
1525 2571 1632 2608 non
1669 2556 1742 2609 sit
1777 2571 1969 2625 supre-

390 2660 514 2700 mus
548 2643 713 2712 Deus,
738 2646 832 2700 sed
865 2646 953 2699 hic
984 2646 1124 2700 alius
1155 2647 1247 2710 sit,
1283 2655 1470 2716 utpote
1505 2648 1655 2700 solus
1690 2647 1886 2715 bonus,
1913 2655 1969 2701 et

390 2738 498 2791 huc
547 2752 723 2807 usque
774 2737 1112 2807 incognitus.
1166 2736 1365 2792 Statim
1432 2754 1604 2808 ergo,
1653 2740 1966 2794 Creatorem

389 2828 642 2882 eumdem
667 2837 721 2882 et
747 2829 1110 2899 Iegislatorem
1139 2845 1259 2884 esse
1279 2831 1438 2894 dicis.
1466 2847 1566 2886 nec
1593 2832 1693 2884 ne?
1723 2829 1779 2884 Si
1805 2831 1968 2901 igitur

391 2919 669 2990 legislator
700 2930 801 2984 est,
829 2919 1012 2988 justus
1053 2929 1158 2989 est,
1187 2923 1232 2977 si
1269 2922 1478 2992 justus,
1503 2937 1612 2976 non
1660 2931 1745 2976 est
1769 2922 1966 2988 bonus,

389 3012 569 3066 bonus
605 3013 651 3066 si
680 3029 788 3067 non
821 3023 924 3080 est,
954 3015 1120 3068 alium
1157 3015 1470 3084 praedicavit
1507 3015 1666 3073 Iesus
1692 3015 1963 3070 dicendo:

394 3102 477 3157 Ne
501 3121 580 3157 me
605 3104 754 3160 dicas
781 3105 994 3160 bonum.
1021 3105 1161 3160 Nam
1189 3106 1352 3160 bonus
1377 3125 1510 3161 unus
1534 3117 1631 3172 est,
1660 3109 1844 3174 Pater,
1876 3108 1965 3177 qui

2070 1901 2300 1972 θελήσας
2329 1899 2579 1954 ἀκοῦσαι.

2826 2106 2900 2123 -ι
3215 2108 3267 2131 ια

2665 2177 2922 2232 '0MIAIA
2960 2180 3065 2232 IH'.

2141 2269 2180 2323 I.
2225 2269 2464 2342 Ὀρθρου
2493 2269 2570 2333 δέ,
2604 2269 2962 2341 προελθόντος
2985 2271 3078 2324 τοῦ
3107 2271 3312 2342 Πέτρου
3343 2271 3424 2333 είς
3445 2270 3506 2324 τὸ
3532 2269 3652 2324 δια-

2070 2363 2346 2435 λεχθῆναι,
2369 2365 2400 2417 6
2428 2364 2608 2434 Σίμων
2637 2364 2921 2436 προλαϐὼν
2942 2365 3064 2436 ἔφη·
3104 2363 3291 2433 Ἐχθὲς
3310 2363 3358 2394 ⁸⁸
3376 2363 3655 2417 ἀπαλλασ-

2072 2455 2296 2525 σόμενος
2336 2458 2416 2518 είς
2447 2456 2545 2526 τὴν
2579 2457 2816 2526 σήμερον
2855 2457 3174 2526 ὑπεσχόμην
3215 2473 3296 2508 σοι
3341 2455 3654 2508 ἐπανελθὼν

2070 2547 2164 2599 καὶ
2207 2544 2517 2619 συζητήσας
2558 2545 2730 2612 δεῖξαι
2754 2585 2770 2610 ,
2811 2548 2893 2600 ὅτι
2933 2548 3034 2600 οὐκ
3067 2547 3211 2600 ἐστιν
3243 2547 3272 2599 6
3318 2546 3410 2598 τὸν
3450 2546 3653 2616 κόσμον

2069 2641 2478 2714 δημιουργήσας
2692 2639 2966 2706 ἀνώτατος
2985 2643 3024 2673 ³¹
3051 2641 3202 2706 Θεὸς,
3227 2641 3342 2695 ἀλλ’
3364 2642 3571 2711 ἕτερος,
3597 2642 3656 2705 ὃς

2069 2733 2165 2786 καὶ
2194 2731 2350 2802 μόνος
2375 2729 2578 2799 ἀγαθὸς
2608 2728 2684 2784 ὢν
2709 2731 2804 2785 καὶ
2841 2732 3004 2802 μέχρι
3045 2730 3139 2784 τοῦ
3181 2731 3339 2802 δεῦρο
3378 2731 3658 2799 ἄγνωστός

2071 2830 2238 2881 ἐστιν.
2271 2827 2481 2881 Αὐτίκα
2512 2825 2644 2894 γοῦν
2673 2825 2767 2882 τὸν
2792 2825 3132 2896 Δημιουργόν
3161 2827 3322 2879 αὐτὸν
3355 2828 3449 2880 καὶ
3491 2844 3655 2898 νομο-

2071 2921 2230 2994 θέτην
2253 2921 2356 2991 φῂς
2377 2915 2536 2982 εἶναι,
2559 2919 2592 2990 ἢ
2623 2917 2684 2971 οῦ
2710 2919 2754 2950 ⁸³
2778 2935 2792 2984 ;
2817 2919 2878 2972 El
2912 2919 3010 2989 μὲν
3041 2915 3132 2972 οὖν
3159 2919 3452 2992 νομοθέτης
3480 2921 3656 2982 ἐστὶν,

2069 3012 2275 3076 δίκαιος
2305 3011 2584 3081 τυγχάνει,
2611 3010 2820 3074 δίκαιος
2843 3010 2900 3063 δέ
2930 3009 3004 3063 ὢν
3029 3010 3232 3079 ἀγαθὸς
3265 3013 3364 3064 οὐκ
3394 3013 3560 3065 ἐστιν.
3591 3013 3656 3065 Et

2069 3105 2124 3158 δὲ
2143 3105 2242 3158 οὐκ
2260 3103 2426 3168 ἐστιν,
2447 3103 2632 3175 ἕτερον
2655 3105 2953 3172 ἐκήρυσσεν
2971 3103 2999 3156 6
3025 3103 3228 3198 Ἰησοῦς
3245 3103 3322 3173 τῷ
3340 3104 3537 3173 λέγειν’
3557 3105 3652 3172 Μή

390 3196 446 3248 ἕ».
495 3197 638 3250 caelis
679 3197 882 3251 habita.
915 3210 964 3254 ⁸.
1012 3197 1184 3252 Porro
1240 3215 1347 3253 non
1392 3210 1474 3254 est
1519 3216 1852 3264 consonum,
1909 3208 1966 3254 ut

2075 3213 2141 3266 με
2170 3197 2309 3266 λέγε
2331 3171 2574 3264 ἀγαθόκ.
2601 3197 2662 3249 '0
2815 3195 3034 3264 ἀγαθὸς
3061 3171 3146 3261 ἔῖς
3169 3171 3362 3259 ἐστίν,
3451 3171 3657 3264 Πατὴρ

394 3287 670 3358 legislator
685 3288 870 3358 justus
903 3288 973 3344 sit
1005 3305 1068 3344 ac
1103 3291 1300 3346 bonus.
1330 3290 1418 3344 Ait
1448 3291 1640 3345 Petrus
1670 3313 1681 3345 :
1725 3291 1967 3345 Primum

391 3377 481 3431 dic
514 3378 695 3442 nobis,
728 3378 780 3431 in
819 3380 1015 3448 quibus
1053 3381 1364 3436 actionibus
1407 3382 1612 3436 bonum
1647 3391 1802 3451 putes
1847 3398 1970 3436 esse

391 3468 621 3530 bonum,
649 3481 702 3524 et
729 3471 1010 3540 inquibus
1038 3473 1250 3542 justum
1273 3490 1395 3528 esse
1420 3474 1655 3542 juStum,
1685 3483 1744 3527 ut
1779 3475 1858 3528 sic
1901 3475 1972 3528 ad

391 3575 620 3627 scopum
650 3575 812 3615 verba
863 3562 1227 3618 destinemus.
1279 3562 1343 3617 Et
1387 3562 1622 3620 Simon:
1683 3563 1763 3619 Tu
1818 3565 1970 3635 prius

389 3648 577 3721 eﬂ‘are,
603 3650 732 3720 quid
761 3651 1046 3710 arbitreris
1077 3654 1301 3721 bonum,
1330 3656 1461 3724 quid
1487 3655 1724 3724 justum.

463 3833 526 3887 II.
562 3832 700 3888 Tum
727 3833 921 3889 Petrus
953 3853 966 3890 :
992 3834 1070 3889 Ne
1099 3837 1500 3892 contentiosius
1524 3839 1812 3908 disputans
1837 3849 1972 3894 tem-

390 3942 524 3996 pora
554 3927 849 3993 iusumam,
890 3930 1020 3982 dum
1057 3929 1202 3999 juste
1233 3931 1448 3998 pestulo
1480 3942 1537 3986 ut
1571 3933 1706 3986 meis
1742 3948 1968 4002 respon-

389 4021 523 4073 deas
549 4021 1042 4088 propositionibus,
1085 4023 1548 4092 quemadmodum
1580 4025 1678 4078 tibi
1731 4025 1964 4088 videtur,

393 4109 510 4176 ipse
537 4110 603 4163 ad
643 4110 975 4180 interrogata
1022 4114 1406 4182 responsiones
1443 4114 1687 4168 aﬂ‘eram.
1737 4114 1848 4184 Ego
1881 4116 1968 4169 aio

393 4201 598 4255 bonum
651 4217 774 4256 esse
823 4218 971 4267 eum,
1019 4207 1111 4271 qui
1157 4204 1386 4274 largitor
1427 4214 1530 4270 est,
1565 4205 1707 4259 sicut
1744 4205 1900 4259 video
1935 4222 1965 4260 a

393 4295 652 4348 Creatore
704 4294 840 4360 ﬁeri,
865 4296 961 4364 qui
1013 4296 1216 4364 praebet
1269 4297 1438 4350 solem
1487 4297 1647 4351 bonis
1691 4305 1746 4351 et
1783 4297 1962 4362 malis,

392 4393 556 4455 atque
595 4386 823 4440 imbrem
855 4387 1020 4456 justis
1047 4403 1112 4441 ac
1155 4388 1357 4457 iniquis
1388 4387 1436 4442 ι’.
1457 4388 1521 4442 Ει
1573 4389 1762 4442 Simon
1787 4388 1920 4443 dixit
1950 4409 1962 4444 :

2070 3288 2138 3343 ἐν·
2155 3289 2278 3353 τοῖς
2299 3287 2592 3355 οὐρανοῖς.
2615 3287 2688 3340 Οὐ
2713 3290 2992 3357 συμφωνεῖ
3011 3287 3065 3339 δέ
3085 3287 3161 3357 τῷ
3182 3288 3446 3361 νομοθέτῃ
3462 3289 3657 3359 δικαίῳ

2068 3382 2183 3434 ὄντι
2227 3381 2321 3434 καὶ
2369 3378 2579 3449 ἀγαθῷ.
2613 3379 2722 3432 Kal
2770 3379 2798 3431 6
2827 3379 3032 3450 Πέτρος
3081 3378 3208 3450 ἔφη*
3256 3379 3480 3450 Πρῶτον
3521 3383 3657 3451 ἡμῖν

2069 3473 2226 3536 εἰπὲ,
2271 3473 2362 3526 ἐπὶ
2398 3472 2582 3536 ποίαις
2625 3471 2856 3542 πράξεσι
2900 3471 3047 3524 δοκεῖ
3088 3489 3170 3524 σοι
3197 3474 3225 3524 6
3253 3471 3456 3540 ἀγαθὸς
3489 3468 3652 3536 εἶναι,

2070 3563 2162 3614 ἐπὶ
2188 3561 2366 3624 ποίαις
2385 3563 2443 3615 δέ
2475 3563 2568 3615 καὶ
2595 3564 2622 3615 6
2646 3561 2852 3624 δίκαιος
2875 3561 2944 3626 ³³,
2975 3563 3062 3614 ἵνα
3083 3561 3254 3626 οὕτως
3281 3561 3422 3615 κατὰ
3448 3564 3653 3616 σκοποῦ

2068 3655 2194 3715 τοὺς
2235 3652 2425 3719 λόγους
2470 3653 2794 3722 πέμπωμεν.
2852 3653 2962 3705 Kal
2995 3655 3022 3705 6
3060 3652 3270 3722 Σίμων’
3317 3653 3388 3706 Σὺ
3436 3653 3656 3724 πρῶτον

2069 3745 2212 3809 είπέ,
2242 3744 2296 3796 τί
2331 3762 2412 3797 σοι
2445 3744 2674 3796 δοκεῖτὸ
2699 3743 2923 3811 ἀγαθὸν,
2953 3744 2985 3814 ἢ
3014 3745 3108 3797 καὶ
3132 3745 3195 3796 τδ
3221 3745 3447 3797 δίκαιον.

2142 3835 2204 3889 ll.
2234 3837 2342 3889 Kal
2373 3838 2400 3888 6
2443 3835 2648 3906 Πέτρος
2667 3853 2682 3866 ·
2722 3837 2839 3888 Ἵνα
2870 3835 2942 3906 μὴ
2965 3835 3380 3908 ἐριστικώτερον
3408 3836 3655 3905 διαλεγόο

2073 3947 2232 3999 μενος
2256 3928 2480 3982 δαπανῶ
2517 3931 2643 3991 τοὺς
2691 3929 2933 3999 χρόνους,
2979 3929 3226 3982 ἀπαιτῶν
3272 3930 3498 3992 δικαίως
3542 3930 3661 3982 τῶν

2069 4021 2216 4090 ἐμῶν
2264 4019 2577 4092 προτάσεών
2614 4021 2657 4051 ⁸⁸
2687 4039 2743 4072 σε
2783 4019 2877 4084 τὰς
2917 4022 3236 4092 ἀποκρίσεις
3268 4024 3554 4088 ποιεῖσθαι,
3579 4024 3657 4088 ὣς

2071 4129 2151 4164 σοι
2177 4112 2322 4165 δοκεῖ
2348 4114 2508 4176 αὐτὸς
2540 4106 2613 4165 ὧν
2658 4113 2936 4183 ἐπυθόμην
2969 4116 3264 4185 ποιήσομαι
3303 4115 3402 4178 τὰς
3422 4118 3661 4188 ἀποκρί-

2071 4223 2203 4269 σεις.
2243 4206 2383 4274 Ἐγώ
2411 4225 2549 4277 φημι
2573 4207 2774 4274 ἀγαθὸν
2799 4203 2935 4259 εἷναι
2963 4206 3052 4260 τὸν
3077 4210 3406 4280 παρεκτικδν
3423 4209 3657 4281 [ἐκεῖνον

2068 4299 2125 4351 ἐν
2157 4297 2459 4369 τοιούτοις],
2504 4298 2550 4329 ³⁵
2593 4294 2702 4350 οἷον
2729 4299 2804 4362 ὡς
2843 4299 3002 4350 αὑτὸν
3038 4300 3148 4370 ὀρῶ
3196 4299 3449 4353 ποιοῦντα
3483 4302 3526 4332 ³⁸
3559 4302 3658 4356 τὸν

2055 4390 2413 4461 Δημιουργδν,
2451 4390 2755 4462 παρέχοντα
2776 4390 2867 4443 τὸν
2909 4371 3058 4460 ἦλίον
3091 4392 3316 4460 ἀγαθοῖς
3331 4393 3396 4423 ³⁸·
3431 4393 3527 4446 καὶ
3560 4394 3658 4446 τὸν

394 4477 507 4532 Hoc
531 4478 937 4549 iniquissimum
984 4491 1090 4545 est,
1137 4482 1324 4535 eadem
1355 4480 1520 4550 justis
1541 4490 1705 4553 atque
1744 4482 1965 4551 injustis

2075 4481 2225 4535 ὑετὸν
2258 4482 2489 4544 δικαίοις
2527 4482 2621 4535 καὶ
2660 4482 2883 4545 ἀδίκοις.
2926 4483 3036 4536 Kal
3058 4485 3086 4536 6
3108 4483 3289 4554 Σίμων
3320 4483 3451 4554 ἔφη·
3482 4485 3656 4539 Τοῦτο

395 4569 655 4638 prmberc.
684 4572 758 4626 Ac
793 4571 986 4625 Petrus
1017 4590 1028 4624 :
1057 4570 1138 4624 Tu
1173 4588 1304 4641 ergo
1342 4572 1597 4641 deinceps
1632 4572 1791 4627 nobis
1819 4574 1963 4628 edis-

397 4675 550 4724 sere,
606 4677 717 4731 quo
753 4661 918 4715 modo
961 4678 1126 4732 agens
1179 4663 1354 4717 bonus
1399 4672 1561 4717 esset.
1611 4664 1798 4717 Simon
1843 4663 1964 4718 :Te

395 4761 610 4820 oportet
638 4753 836 4806 dicere.
860 4751 1050 4808 Petrus
1077 4770 1089 4804 :
1119 4752 1230 4823 Ego
1256 4755 1454 4808 dicam.
1480 4754 1536 4808 Si
1563 4772 1757 4825 nempe
1776 4759 1963 4813 eadem

396 4848 644 4914 praebens
667 4846 827 4899 bouis
851 4861 916 4899 ac
949 4846 1113 4914 justis
1158 4855 1214 4899 et
1256 4856 1516 4915 praeterea
1561 4848 1718 4903 malis
1763 4866 1826 4904 ac
1857 4851 1964 4906 ini-

397 4938 544 5008 quis,
572 4937 872 4991 secundum
913 4945 964 4989 te
997 4952 1096 4990 nec
1117 4938 1301 5006 justus
1333 4947 1436 5002 est,
1468 4946 1524 4991 tu
1553 4954 1699 5005 eum,
1736 4941 1779 4996 si
1808 4943 1968 4998 bonis

469 5064 496 5091 ιι
535 5049 724 5104 Matth.
752 5066 867 5116 xix,
900 5049 981 5103 l7.
1061 5050 1088 5088 ι)
1117 5048 1305 5104 Matth.
1343 5067 1394 5114 ν,
1432 5051 1520 5106 45.

2070 4573 2419 4638 ἀδικώτατον,
2441 4575 2520 4628 ὅτι
2555 4573 2624 4626 τὰ
2649 4575 2788 4628 αὺτά
2814 4575 3042 4639 δικαίοις
3057 4577 3150 4629 καὶ
3170 4576 3377 4640 ἀδίκοις
3399 4577 3652 4648 παρέχει.

2071 4667 2182 4718 Kal
2211 4665 2240 4716 6
2265 4667 2486 4737 Πέτρος·
2505 4667 2576 4721 Σὺ
2600 4663 2690 4720 οὖν
2708 4670 2838 4738 ἡμῖν
2857 4668 2950 4720 τοῦ
2971 4668 3158 4722 λοιποῦ
3181 4669 3324 4738 λέγε,
3344 4670 3462 4733 πῶς
3479 4671 3655 4723 ποιῶν

2069 4758 2271 4826 ἀγαθὸς
2317 4758 2384 4812 ἂν
2416 4753 2503 4828 ἦν.
2538 4759 2647 4812 Kal
2686 4762 2714 4812 6
2751 4761 2964 4831 Σίμων’
3003 4761 3070 4812 Σὲ
3115 4760 3196 4813 δεῖ
3233 4760 3430 4829 λέγειν.
3470 4763 3582 4814 Kal
3623 4765 3653 4815 6

2073 4851 2276 4921 Πέτρος
2296 4869 2309 4881 ·
2536 4849 2677 4918 Ἐγὼ
2698 4851 2852 4916 λέξω.
2891 4853 2948 4905 '0
2969 4853 3011 4883 ³⁷
3034 4853 3132 4922 μὲν
3152 4853 3218 4906 τὰ
3234 4853 3372 4906 αῦτά
3393 4855 3653 4925 παρέχων

2073 4941 2298 5009 ἀγαθοῖς
2343 4942 2436 4994 xal
2482 4941 2728 5007 δικαίοις,
2763 4942 2843 4995 ἔτι
2888 4943 2934 4974 ³⁸
2970 4960 3029 4996 τε
3069 4947 3260 5007 κακοῖς
3285 4945 3376 4997 καὶ
3409 4944 3650 5010 ἀδίκοις,

1685 5146 1918 5202 VARle
1959 5149 2354 5205 LECTIONES.

469 5239 516 5269 “
540 5235 1077 5318 ἔρξῃ-καταφρονεῖςΣ
1114 5235 1597 5318 Quod_Cote_leriu_s
1630 5241 1710 5318 in
1727 5243 1976 5318 versigne
2005 5244 2151 5318 dedit
2181 5244 2290 5318 ,_id
2323 5259 2353 5318 e
2383 5243 2582 5318 Graecis
2623 5245 2801 5318 verbis
2835 5261 2942 5299 non
2993 5245 3240 5318 eﬂieitur.
3275 5247 3332 5300 S.
3365 5247 3654 5318 καταφέρῃ

397 5308 461 5361 0.
540 5308 585 5339 "
603 5307 782 5388 illalim
816 5309 872 5388 ei:
895 5307 952 5359 S.
1032 5309 1198 5377 ²⁸μοι,
1237 5309 1343 5388 εἴτ-ε
1393 5308 1455 5361 C.
1534 5310 1720 5388 ’ἐίδῶ
1757 5311 1996 5388 C._Tu|n
2028 5315 2321 5388 6nraolav_
2339 5315 2616 5388 ἐνεργείας
2659 5318 2713 5388 0~
2769 5316 2822 5368 in
2877 5317 3149 5388 textuJa.
3185 5319 3448 5380 ὀπτασίας
3493 5307 3650 5388 ἐνέρῖ

397 5395 552 5457 γειαν
578 5378 830 5457 Ἦηιιμιῃὶ.
861 5379 1113 5457 _in_tnarg.
1136 5380 1334 5457 ,_quod_
1356 5390 1606 5446 praestat;
1651 5383 1912 5457 ὀπτασίαν
1968 5384 2247 5457 ἐνεργείας
2282 5383 2322 5436 C
2352 5423 2366 5446 ,
2397 5378 2666 5457 Δὀπτασίαν
2699 5385 2981 5457 ἐναργείας
3025 5386 3106 5440 Cl.
3142 5388 3230 5457 ﬂ”
3251 5378 3654 5457 ἀνεργεστέρξιν

399 5449 551 5524 conj.
583 5447 753 5524 Cotel.
781 5447 1013 5524 Debebat
1047 5449 1787 5524 seribereAavauepyaa-cépav.
1842 5452 1954 5524 Ego
1986 5447 2168 5521 malint
2212 5453 2474 5518 ὀπτασίας
2502 5447 2806 5524 ἐνάργειαν’
2838 5447 2894 5508 S.
2941 5447 3074 5509 Dein
3113 5449 3264 5519 εἶπες
3302 5447 3362 5524 ι).’
3387 5447 3561 5517 εἶπας
3585 5457 3649 5509 C.

398 5520 444 5553 ³ο
461 5517 551 5571 καί
588 5519 790 5571 inserui
820 5536 868 5572 ε.
912 5523 970 5569 0.
999 5586 1003 5587 ν
1051 5518 1095 5548 ³⁰
1119 5517 1244 5587 χθές
1274 5519 1334 5570 Ο.

398 5588 483 5641 bis
514 5589 636 5641 exh.
668 5588 890 5650 δίκαιος.

1414 5521 1454 5596 ν
1479 5521 1738 5596 ἀνωτάτω
1769 5526 1829 5574 Ο.
1865 5523 2110 5596 Sequens
2157 5530 2245 5596 καί
2307 5525 2358 5577 in
2414 5521 2610 5596 eodem
2639 5521 2808 5579 deest.
2891 5525 2934 5558 ³²
2949 5525 3010 5577 οῦ
3043 5525 3105 5579 S.
3138 5531 3179 5579 0
3209 5568 3223 5592 ,
3255 5521 3353 5596 οὖχ
3384 5525 3446 5580 C.
3520 5526 3628 5577 ³³0

971 5586 1015 5618 ³⁸
1039 5586 1210 5659 προ...
1238 5589 1359 5666 (sic)
1387 5593 1427 5640 tl
1450 5600 1541 5666 _;_at
1569 5592 1690 5666 ead.
1722 5609 1866 5646 man.
1899 5586 2147 5666 lacunam
2177 5594 2228 5666 in
2256 5609 2430 5666 marg.
2458 5595 2527 5647 ita
2559 5595 2775 5662 explere
2805 5597 3030 5666 tentavit
3049 5618 3063 5651 ;
3083 5586 3230 5662 ἴσως
3254 5586 3649 5666 προσιεμένων,

399 5661 544 5738 quod
576 5675 722 5711 man.
755 5658 1024 5738 recentior
1057 5658 1288 5738 correxit
1319 5659 1594 5738 inpelli/36v
1617 5661 1676 5712 δὲ
1698 5663 2113 5738 ς-προτάσεῳν,
2194 5658 2394 5738 ἰνδιῄ
2413 5658 2643 5738 [ἐκεῖνον
2664 5667 2720 5738 ἐν
2749 5664 3060 5738 τοιούτοις],
3105 5658 3333 5738 ascripsi
3386 5658 3458 5738 ex
3509 5658 3652 5718 coné

397 5727 603 5806 iectttra
631 5744 920 5806 prof-aeuo
943 5731 1118 5806 Ottob.
1201 5729 1242 5761 ³⁸
1261 5727 1441 5782 ποιοῦν
1470 5731 1536 5784 τά
1563 5736 1620 5782 0.
1702 5733 1767 5762 3‘"
1793 5727 2151 5804 Ιξεδάγαθοῖς
2176 5735 2266 5787 καὶ
2291 5728 2564 5805 πονηροῖς,
2592 5737 2660 5788 ita
2681 5736 2804 5805 legit
2829 5727 3094 5806 interpres
3114 5727 3266 5792 bene:
3285 5737 3380 5791 Eo.
3403 5737 3646 5790 Ρλτιεη..

404 5795 448 5826 ⁸⁷
477 5799 527 5852 -εἰ
556 5798 618 5850 (.1.
696 5799 804 5849 ’λεί
831 5801 869 5852 S
919 5817 965 5852 (ξ.
993 5799 1071 5852 Cl.
