3860 6210
225 259 333 315 105

1293 256 1753 314 CLEMENTINA.
1808 288 1872 296 -ο
1912 254 2197 310 IIOMILIA
2237 253 2414 311 XVIII.

3380 257 3477 311 £05

225 372 366 427 κατά
418 372 480 428 σὲ
506 371 630 428 οὐδὲ
674 370 878 435 δίκαιός
928 342 1097 437 ἐστιν,
1142 369 1235 422 καὶ
1281 371 1329 421 εἰ
1367 368 1590 438 ἀγαθοῖς
1630 364 1812 435 ἀγαθὰ

1917 364 2062 422 bona
2096 365 2375 432 tribueret,
2405 366 2669 436 malisque
2692 369 2855 434 mala,
2887 369 3094 439 justum
3122 369 3315 431 merito
3343 386 3482 442 prae-

225 465 509 534 παρεῖχεν,
547 465 737 525 κακοῖς
762 478 822 514 τε
850 461 1014 524 κακά,
1045 460 1249 514 δίκαιον
1282 459 1348 514 ἂν
1383 459 1543 513 αὑτὸν
1580 457 1815 525 εὐλόγως

222 553 427 622 ἔλεγες.
470 553 613 623 Ποία
652 550 745 607 οὖν
780 553 859 606 ἔτι
904 551 1100 624 πράξει
1134 551 1412 623 χρώμενος
1444 550 1511 604 ἂν
1533 544 1624 621 ἦν,
1654 549 1702 601 εἰ
1740 547 1813 618 μὴ

224 645 397 718 ταύτῃ
421 646 629 717 χρῆται
651 644 774 715 ὁδῷ,
793 646 983 706 κακοῖς
1010 643 1106 713 μὲν
1129 641 1379 713 παρέχων
1394 640 1463 694 τά
1484 640 1811 713 πρόσκαιρα,

226 736 319 791 ἐὰν
350 738 461 810 ἄρα
511 736 973 806 μεταϐάλλωνται,
1000 734 1225 803 ἀγαθοῖς
1259 733 1317 787 δὲ
1356 730 1570 794 αἰώνια,
1614 730 1709 783 ὲάν
1750 746 1814 798 γε

224 824 604 894 ὲμμείνωσιν;
651 825 762 880 Καὶ
795 823 969 886 οὕτως
1004 824 1083 894 τῷ
1123 823 1167 855 ⁸⁹
1212 822 1312 893 μὲν
1349 823 1482 874 πᾶσι
1530 820 1811 891 παρέχειν,

222 914 509 986 διαφόροις
542 915 605 969 δὲ
663 915 983 987 χαρίζεσθαι
1035 916 1098 968 τὸ
1139 914 1345 968 δίκαιον
1389 912 1557 966 αὐτοῦ
1612 911 1814 979 ἀγαθόν

221 1008 389 1071 ἐστιν,
414 1008 513 1061 καὶ
552 1007 902 1079 μακροθυμω
923 1007 1097 1079 ταύτῃ
1130 1004 1347 1077 μᾶλλον,
1384 1007 1433 1058 εἰ
1473 1003 1814 1075 ἁμαρτωλοῖς

226 1097 323 1168 μὲν
348 1098 674 1168 μετανοοῦσι
713 1099 991 1169 χαρίζεται
1039 1097 1108 1150 τὰ
1152 1098 1542 1169 ἁμαρτήματα,
1576 1092 1636 1149 εὖ
1668 1095 1812 1167 πρά-

224 1193 343 1258 ξασι
368 1190 423 1244 δὲ
450 1192 553 1243 καὶ
596 1190 740 1264 ζωὴν
777 1190 993 1244 αἰώνιον
1028 1191 1354 1261 ὑπογράφει.
1396 1188 1622 1260 Κρίνων
1650 1187 1707 1241 δὲ
1734 1177 1813 1250 εἷς

222 1284 390 1349 τέλος,
433 1286 535 1337 καὶ
578 1285 641 1337 τὸ
680 1283 799 1336 κατ’
832 1284 987 1351 ἀξίαν
1031 1283 1319 1353 ἀπονέμων
1353 1280 1567 1351 ἑκάστῳ
1608 1278 1813 1342 δίκαιός

225 1377 382 1430 ἐστιν.
419 1376 485 1428 Εἰ
513 1375 616 1446 μὲν
646 1372 739 1428 οὖν
766 1374 942 1428 ταῦτα
973 1374 1148 1445 ὀρθῶς
1188 1371 1360 1434 οὕτως
1383 1371 1519 1441 ἔχει,
1548 1368 1813 1441 ὁμολόγη-

224 1481 313 1517 σον
332 1482 347 1498 ο
376 1467 427 1518 εἰ
448 1465 507 1518 δὲ
530 1466 595 1518 οὐ
619 1466 765 1518 δοκεῖ
791 1483 869 1518 σοι
900 1463 1076 1537 ὀρθῶς
1115 1463 1276 1533 ἔχειν,
1310 1460 1577 1529 διέλεγξον
1604 1461 1668 1515 ⁸⁵⁸.

292 1556 376 1611 Ill.
401 1557 518 1610 Καὶ
547 1560 577 1611 6
598 1559 779 1628 Σίμων
803 1557 904 1628 ἔφη
926 1575 940 1588 ο
970 1555 1148 1622 Ἃπαξ
1174 1555 1307 1626 ἔφην
1327 1572 1340 1585 ⁸
1366 1556 1473 1618 πᾶς
1494 1554 1809 1625 νομοθέτης,

224 1651 301 1713 εἰς
322 1650 383 1703 τὸ
409 1650 626 1704 δίκαιον
657 1649 896 1721 ἀφορῶν,
924 1649 1133 1711 δίκαιός
1160 1650 1328 1701 ἐστιν.
1370 1648 1480 1706 Καὶ
1516 1649 1544 1700 6
1573 1647 1775 1716 Πέτρος
1794 1662 1806 1673 ·

1913 456 2150 513 dicares.
2179 457 2335 523 Quali
2364 474 2495 529 ergo
2521 459 2699 514 adhuc
2721 461 2935 515 actione
2959 462 3216 517 utendum
3239 463 3287 517 ei
3314 472 3481 530 esset,

1914 546 1962 602 si
1997 562 2106 602 non
2135 556 2380 603 uteretur
2403 549 2506 604 hac
2531 552 2640 616 via,
2677 552 2835 606 malis
2864 552 3084 623 quidem
3111 554 3247 609 dans
3273 565 3484 623 tempo-

1915 640 2075 705 ralia,
2102 642 2148 695 si
2175 640 2316 697 forte
2342 652 2749 710 convertantur,
2788 644 2946 700 bonis
2971 661 3101 699 vero
3128 646 3479 715 sempiterna,

1914 734 2079 790 modo
2123 743 2490 804 perseverent.
2529 734 2728 805 Sicque
2759 737 3037 807 largiendo
3074 738 3313 803 cunctis,
3343 752 3482 808 pra:-

1914 824 2274 880 stantioribus
2308 837 2491 881 autem
2527 828 2758 896 gratiam
2791 827 3063 895 faciendo,
3093 828 3309 898 justitia
3362 828 3482 897 ejus

1913 916 2057 972 bona
2087 931 2189 984 cSt,
2216 926 2269 972 et
2291 932 2358 972 eo
2385 918 2560 990 magis
2600 920 2966 990 magnanima,
3014 922 3060 974 si
3104 918 3483 990 peccatoribus

1913 1009 2134 1076 quidem
2186 1004 2561 1079 paenitentiam
2610 1011 2896 1081 agentibus
2938 1020 3157 1081 peccata
3188 1012 3480 1073 condonat,

1912 1102 2054 1157 bene
2087 1102 2439 1170 operantibus
2478 1112 2659 1156 autem
2705 1102 2868 1156 etiam
2911 1101 3074 1156 vitam
3106 1111 3360 1155 aeternam
3389 1102 3484 1156 de-

1912 1190 2050 1246 ﬁnit.
2079 1189 2340 1247 Judicans
2368 1208 2498 1247 vero
2527 1192 2581 1246 in
2616 1193 2745 1260 ﬁne,
2790 1202 2847 1247 et
2889 1208 2988 1263 pro
3033 1194 3226 1247 merito
3253 1192 3483 1262 singulis

1913 1285 2241 1351 retribuens,
2289 1285 2474 1355 justus
2517 1287 2723 1342 existit.
2773 1291 2857 1341 An
2884 1287 3070 1357 itaque
3094 1286 3210 1341 haec
3254 1296 3398 1341 recte
3424 1302 3482 1342 se

1911 1391 1977 1430 eo
1999 1377 2160 1430 modo
2183 1377 2439 1444 habeant,
2470 1378 2759 1448 proﬁtere;
2795 1378 2877 1433 sin
2920 1378 3102 1434 minus
3133 1378 3227 1432 tibi
3259 1378 3331 1433 ita
3360 1392 3484 1434 esse

1910 1466 2146 1531 videtur,
2172 1466 2370 1521 refuta.

1983 1557 2072 1613 ΙΙΙ.
2109 1556 2410 1628 ReSpondit
2436 1558 2627 1616 Simon
2663 1579 2678 1615 :
2712 1560 2892 1616 Semel
2915 1561 3071 1615 dixi:
3105 1562 3287 1618 omnis
3320 1562 3485 1634 legis-

1911 1648 2074 1714 lator,
2094 1651 2159 1704 ad
2182 1650 2455 1720 justitiam
2484 1653 2807 1721 respiciens,
2836 1654 3018 1724 justus
3038 1664 3140 1711 est.
3167 1655 3232 1710 Et
3254 1655 3481 1711 Petrus:

225 1741 287 1793 Ei
306 1742 514 1816 ἀγαθοῦ
538 1743 659 1795 ἐστὶ
680 1718 945 1813 ⁷θεῖναι
973 1741 1155 1810 νόμον,
1186 1738 1394 1791 δικαίου
1421 1737 1477 1790 δὲ
1511 1736 1572 1790 τὸ
1602 1736 1809 1799 θέσθαι,

1917 1740 1974 1794 Si
2007 1741 2130 1795 boni
2156 1753 2260 1807 est,
2297 1738 2405 1797 non
2430 1743 2576 1799 ferre
2605 1744 2801 1815 legem,
2830 1745 2965 1815 justi
3011 1762 3163 1812 vero,
3195 1746 3359 1814 ferre,
3411 1748 3485 1803 ita

224 1835 318 1888 καὶ
365 1833 545 1897 οὕτως
595 1835 623 1887 6
647 1832 988 1905 Δημιουργὸς
1042 1830 1245 1899 ἀγαθός
1294 1830 1409 1884 ἐστι
1456 1830 1549 1882 καὶ
1585 1828 1808 1891 δίκαιος⁸

225 1928 423 1998 ἀγαθὸς
455 1928 557 1999 μὲν
584 1968 599 1993 ,
639 1928 720 1981 ὃτι
750 1926 856 1980 ἀπὸ
896 1926 1003 1978 τῶν
1032 1925 1236 1996 χρόνων
1258 1922 1431 1993 Ἀδάμ
1462 1921 1620 1992 μέχρι
1645 1922 1812 1973 Μωῡ-

228 2024 361 2086 σέως
383 2022 427 2053 ⁸¹
472 2020 772 2093 ἐγγράφως
801 2019 861 2073 οὗ
902 2018 1151 2087 φαίνεται
1186 2014 1445 2077 τεθεικὼς
1484 2014 1574 2067 τὸν
1613 2012 1809 2083 νόμον⁹

226 2112 330 2165 ἀπὸ
368 2111 427 2165 δὲ
456 2111 745 2173 Μωῦσέως
776 2110 856 2172 εἰς
887 2108 1014 2171 τοὺς
1038 2106 1198 2177 δεῦρο
1228 2105 1472 2177 χρόνους,
1499 2104 1575 2167 ὡς
1612 2103 1813 2192 γέγρα-

225 2218 375 2267 πται,
406 2201 507 2255 καὶΙ
530 2199 743 2262 δίκαιός
765 2200 932 2251 ἐστιν.
964 2196 1074 2249 Καὶ
1100 2196 1129 2248 ὁ
1162 2196 1373 2266 Σίμων·
1422 2193 1553 2247 Ἀπὸ
1580 2192 1689 2247 τῶν
1718 2192 1811 2245 τοῦ

222 2293 547 2347 διδασκάλου
586 2308 680 2345 σου
713 2290 904 2362 φωνῶν
932 2290 1103 2355 δεῖξον
1126 2290 1192 2353 δ’,
1224 2285 1417 2340 ὅτιτοῦ
1448 2285 1609 2338 αὐτοῦ
1644 2286 1809 2349 ἐστὶν,

225 2385 423 2452 ἀγαθὸν
453 2381 601 2437 εἶναι
624 2384 717 2437 καὶ
745 2383 949 2436 δίκαιον
975 2381 1039 2433 ⁵³.
1089 2379 1244 2449 Ἐμοὶ
1270 2378 1377 2449 γὰρ
1406 2377 1665 2431 ἀδύνατον
1688 2377 1814 2445 φαί-

225 2492 393 2539 νεται,
447 2476 543 2529 τὸν
592 2474 884 2546 νομοθέτην
936 2471 1138 2541 ἀγαθὸν
1188 2470 1317 2523 ὄντα
1367 2469 1458 2523 τὸν
1514 2468 1673 2522 αὐτὸν
1721 2469 1814 2521 καὶ

222 2570 426 2624 δίκαιον
451 2570 499 2601 ⁸⁸
530 2565 882 2640 θεξεεῖναι.
927 2567 1038 2621 Καὶ
1067 2568 1095 2619 6
1125 2566 1360 2636 Πέτρος·
1391 2564 1511 2615 Ὅτι
1534 2563 1594 2614 τὸ
1612 2561 1813 2630 ἀγαθὸν

228 2663 353 2716 αὐτὸ
377 2664 471 2715 καὶ
499 2662 710 2715 δίκαιόν
733 2662 901 2724 ἐστιν,
934 2659 1252 2713 ἐπάκουσον.
1288 2656 1458 2719 Αὐτὸς
1489 2657 1516 2709 6
1548 2654 1813 2707 Διδάσκα-

229 2753 315 2816 λος
337 2755 496 2824 ήμῶν
534 2753 618 2824 τῷ
654 2752 859 2806 εἰπόντι
907 2751 1212 2822 Φαρισαίῳ·
1266 2749 1324 2801 Τί
1369 2745 1629 2812 ποιήσας
1662 2744 1814 2813 ζωὴν

226 2844 464 2900 αἰώνιον
491 2844 936 2915 κληρονομήσω
953 2861 972 2908 ;
1000 2843 1217 2915 πρῶτον
1258 2842 1359 2912 ἔφη
1381 2858 1394 2871 ·
1446 2839 1541 2906 Μή
1566 2856 1642 2909 με
1673 2838 1813 2905 λέγε

231 2940 478 3007 ἀγαθόν·
522 2941 559 2994 ὁ
606 2939 717 3008 γὰρ
756 2938 976 3007 ἀγαθὸς
1008 2936 1093 3001 εἰς
1124 2935 1316 2997 ἐστὶν,
1368 2937 1400 2987 ὁ
1436 2932 1637 2999 Πατὴρ
1680 2934 1713 2984 ό
1744 2931 1814 2982 ἐν

1914 1835 2075 1889 etiam
2125 1834 2353 1891 Creator
2385 1836 2563 1891 bonus
2593 1846 2677 1893 est
2697 1837 2982 1907 acjustus.
3025 1837 3210 1894 Bon-us
3239 1840 3484 1909 quidem,

1910 1925 2171 1995 quoniam
2224 1941 2257 1981 a
2297 1927 2635 1996 temporibus
2690 1927 2885 1987 Adami
2943 1945 3117 2000 usque
3164 1930 3231 1984 ad
3276 1929 3483 1990 Mosem

1914 2017 2177 2087 scriptam
2208 2017 2382 2087 legem
2420 2018 2611 2073 tulisse
2654 2034 2764 2073 non
2798 2020 3067 2086 cernitur,
3099 2020 3288 2091 justus
3331 2037 3484 2088 vero,

1912 2107 2174 2178 quoniam
2201 2124 2233 2163 a
2259 2107 2411 2163 Mose
2437 2123 2611 2179 usque
2637 2108 2704 2163 ad
2734 2109 2877 2165 hanc
2921 2119 3134 2165 aatatem
3158 2111 3303 2175 tulit,
3344 2112 3489 2168 sicut

1914 2199 2119 2270 scripta
2142 2208 2246 2256 est.
2280 2199 2419 2254 Tum
2461 2198 2649 2255 Simon
2686 2219 2699 2254 :
2734 2200 2813 2255 Ex
2848 2202 2921 2254 tui
2954 2186 3301 2272 praeceptoris
3335 2205 3486 2258 voci-

1914 2291 2017 2346 bus
2051 2293 2295 2359 ostende,
2320 2292 2563 2362 ejusdem
2603 2308 2745 2359 esse,
2780 2294 2983 2347 bonum
3008 2308 3128 2347 esse
3160 2310 3225 2349 ac
3245 2295 3480 2365 justum.

1915 2379 2045 2435 Mihi
2072 2382 2271 2453 quippe
2298 2384 2508 2438 videtur
2542 2384 2902 2454 impossibile,
2948 2394 3007 2438 ut
3034 2384 3331 2455 legislator,
3392 2388 3485 2457 qui

1916 2472 2092 2528 bonus
2118 2473 2210 2539 sit,
2258 2473 2400 2527 idem
2447 2474 2630 2543 justus
2680 2474 2901 2527 existat.
2947 2473 3014 2528 Et
3059 2472 3294 2529 Petrus:
3330 2473 3485 2541 Quod

1916 2565 2118 2619 bonum
2169 2564 2348 2634 ipsum
2400 2580 2617 2635 quoque
2665 2565 2875 2635 justum
2925 2565 3032 2631 sit,
3085 2566 3210 2619 audi
3248 2564 3489 2621 :Doctor

1914 2664 2101 2710 noster
2155 2657 2423 2725 quaerenti
2473 2655 2747 2712 Pharisaao
2799 2673 2812 2708 :
2874 2655 3015 2722 Quid
3071 2657 3271 2727 faciens
3322 2658 3488 2711 vitam

1913 2758 2166 2803 retentam
2203 2749 2562 2819 possideboa?
2614 2750 2849 2819 primum
2897 2750 3175 2818 respondit
3221 2768 3236 2804 :
3274 2747 3354 2803 Ne
3405 2766 3487 2803 me

1914 2841 2060 2893 dicas
2092 2840 2306 2896 bonum.
2339 2832 2483 2894 Nam
2515 2841 2680 2894 bonus
2712 2857 2847 2894 unus
2877 2849 2975 2905 est,
3006 2839 3172 2893 Pater
3196 2841 3287 2911 qui
3320 2851 3395 2895 est
3428 2840 3485 2893 in

1914 2932 2092 2997 caelis;
2119 2940 2175 2987 et
2201 2932 2382 2988 statim
2416 2932 2598 2987 intulit
2629 2932 2743 2987 hac
2766 2932 2933 2987 verba
2961 2949 2976 2986 :
3009 2930 3070 2986 Si
3098 2942 3275 2986 autem
3307 2931 3485 2987 volue-

231 3029 349 3095 τοῖς
375 3030 658 3097 οὐρανοῖς
678 3046 692 3059 ο
724 3029 883 3091 εὐθὺς
912 3027 959 3059 ⁸⁵
987 3027 1192 3091 ἐπάξας
1213 3026 1361 3094 λέγει
1384 3041 1398 3055 ⁸
1426 3026 1497 3078 El
1536 3023 1605 3075 δὲ
1637 3021 1812 3089 θελή-

1917 3020 1990 3074 ris
2020 3020 2079 3074 in
2122 3020 2288 3075 vitam
2321 3020 2556 3093 ingredi,
2602 3037 2748 3076 sena
2796 3021 3049 3075 mandata
3075 3021 3125 3076 ιι.
3155 3021 3251 3076 lllo
3298 3032 3478 3077 autem

235 3135 357 3186 σεις
412 3123 502 3187 εις
560 3120 606 3152 ⁸⁸
664 3118 779 3188 τὴν
822 3119 974 3188 ζωὴν
1016 3117 1333 3181 εἰσελθεῖν,
1386 3115 1655 3185 τήρησον
1708 3115 1813 3183 τὰς

236 3210 497 3278 ἐντολάς.
549 3211 659 3266 Τοῦ
707 3213 764 3265 δὲ
803 3212 1077 3274 εἰπόντος’
1133 3212 1350 3277 Ποίας;
1388 3211 1482 3263 ἐπὶ
1510 3209 1608 3272 τὰς
1632 3209 1674 3241 ⁸⁷
1711 3206 1806 3262 τοῦ

240 3304 393 3373 νόμου
436 3304 821 3377 παρέπεμψεν.
865 3305 980 3357 Οὐκ
1024 3303 1088 3358 ἂν
1128 3304 1185 3357 δὲ
1231 3292 1417 3375 ’έτερόν
1458 3319 1579 3355 τινα
1613 3298 1812 3369 ἀγαθὸν

242 3397 508 3466 σημαίνων
547 3397 641 3450 ἐπὶ
675 3396 773 3460 τάς
804 3395 899 3449 τοῦ
921 3396 967 3428 δ⁸
990 3396 1200 3449 δικαίου
1229 3395 1543 3465 ἀνέπεμπεν
1568 3393 1807 3456 ἐντολάς.

247 3486 355 3539 Ὅτι
384 3486 439 3539 δὲ
469 3488 532 3541 τὸ
565 3487 770 3540 δίκαιον
808 3486 933 3539 ἄλλο
970 3488 1137 3550 ἐστὶν,
1164 3487 1258 3539 καὶ
1289 3486 1350 3537 τὸ
1377 3484 1578 3552 ἀγαθὸν
1607 3483 1810 3554 ἕτερον,

244 3581 332 3633 καὶ
350 3581 507 3644 αὐτὸς
527 3579 799 3650 ὁμολογῶ,
822 3579 934 3633 ἀλλ’
968 3580 1050 3631 ὅτι
1080 3577 1175 3631 τοῦ
1204 3577 1367 3631 αὑτοῦ
1386 3577 1502 3629 ἐστὶ
1522 3575 1583 3628 τὸ
1614 3574 1813 3643 ἀγαθὸν

248 3667 372 3723 εἶναι
398 3672 721 3739 καιδικαιον
749 3672 818 3736 δ’,
844 3672 1070 3740 ἀγνοεῖς.
1120 3668 1343 3739 Ἀγαθὸς
1373 3669 1480 3739 γάρ
1512 3669 1625 3720 ἐστι
1652 3683 1814 3738 μετα-

247 3767 411 3820 νοοῦσι
463 3769 566 3840 μὲν
610 3767 657 3798 ⁵⁸
711 3766 807 3820 νῦν
860 3762 1227 3836 μακροθυμῶν
1284 3763 1376 3814 καὶ
1426 3760 1813 3830 ὑποδεχόμενος

252 3858 448 3924 αὐτοὺς,
496 3859 705 3921 δίκαιος
749 3858 805 3910 δέ
852 3858 1019 3920 ἐστιν,
1060 3856 1186 3908 ὃταν
1238 3854 1283 3885 ⁸⁸
1334 3852 1532 3925 κρίνων
1586 3850 1655 3904 τὰ
1692 3852 1810 3904 κατ’

242 3948 391 4015 ἀξίαν
420 3951 637 4021 ἑκάστῳ
664 3949 934 4019 ἀπονέμῃ.

314 4039 397 4096 1V.
423 4044 531 4097 Καὶ
559 4045 589 4097 ὁ
629 4042 813 4112 Σίμων
858 4040 995 4111 ἔφη·
1040 4038 1165 4101 Πῶς
1206 4033 1298 4091 οὖν
1331 4035 1673 4106 ἐγνωσμένου
1717 4032 1811 4086 τοῦ

249 4132 587 4202 Δημιουργοῦ,
614 4130 709 4184 τοῦ
747 4131 840 4184 καὶ
873 4130 966 4182 τὸν
1004 4128 1174 4199 Ἀδάμ
1218 4128 1537 4189 πλάσαντος,
1578 4126 1673 4178 καὶ
1704 4126 1814 4186 τοῖς

255 4221 381 4273 κατά
420 4223 580 4293 νόμον
622 4221 851 4284 δικαίοις
895 4219 1259 4289 ἐγνωσμένου,
1306 4218 1529 4289 προσέτι
1574 4217 1631 4270 δὲ
1669 4217 1714 4247 ⁸³
1738 4215 1814 4267 δι-

258 4311 414 4376 καίοις
436 4315 529 4367 καὶ
570 4313 776 4376 ἀδίκοις
816 4313 910 4365 καὶ
933 4311 1039 4383 ὅλῳ
1073 4310 1152 4381 τῷ
1188 4311 1396 4381 κόσμῳ,
1432 4312 1459 4362 6
1487 4308 1815 4370 Διδάσκαλός

1913 3114 2093 3169 aiente
2123 3132 2136 3169 :
2172 3113 2345 3182 Qum?
2369 3116 2437 3169 ad
2463 3114 2595 3185 legis
2624 3115 2880 3170 mandata
2906 3114 3134 3171 remisit.
3182 3112 3298 3167 Non
3340 3122 3487 3167 certe

1914 3208 2081 3263 alium
2102 3208 2394 3278 quemdam
2424 3208 2624 3262 bonum
2657 3208 2974 3280 signiﬁcans
3023 3210 3089 3264 ad
3137 3208 3272 3279 justi
3315 3207 3486 3262 remi-

1913 3301 2077 3356 sisset
2097 3314 2223 3354 eum
2271 3307 2561 3368 praecepta.
2616 3297 2778 3352 Aliud
2820 3314 2949 3353 vero
2995 3315 3114 3355 esse
3155 3301 3400 3369 justum,
3430 3308 3485 3354 et

1914 3391 2060 3447 aliud
2108 3391 2312 3445 bonum
2340 3430 2357 3457 ,
2388 3390 2575 3458 ,etiam
2621 3390 2736 3460 ipse
2773 3391 3053 3445 confiteor.
3121 3390 3222 3445 Sed
3263 3393 3483 3461 ignoras

1914 3483 1982 3537 ad
2003 3482 2253 3537 eumdem
2276 3481 2567 3551 pertinere,
2599 3481 2803 3536 bonum
2831 3496 2952 3536 esse
2975 3498 3038 3536 ac
3055 3482 3283 3552 justum.
3305 3481 3485 3536 Bonus

1914 3574 2062 3628 enim
2091 3583 2196 3640 est,
2230 3573 2360 3628 dum
2399 3574 2788 3642 paenitentibus
2830 3589 2974 3628 nunc
3016 3575 3358 3644 :equanimus
3402 3584 3487 3629 est

1914 3681 2214 3735 eorumque
2264 3674 2564 3734 susceptor,
2609 3664 2791 3733 justus
2842 3676 3025 3719 autem
3078 3674 3181 3728 est,
3232 3665 3481 3736 quando-

1914 3756 2132 3826 quidem
2154 3754 2411 3826 judicans
2435 3771 2532 3826 pro
2560 3756 2755 3812 merito
2786 3756 3020 3828 singulis
3050 3758 3335 3812 retribuet.

1983 4026 2073 4082 ιν.
2108 4025 2175 4080 Et
2201 4024 2391 4080 Simon
2420 4041 2433 4076 :
2469 4022 2593 4091 Quo
2620 4023 2784 4077 modo
2830 4036 2983 4092 ergo,
3010 4021 3211 4091 inquit,
3232 4036 3357 4076 cum
3388 4036 3484 4077 co-

1915 4127 2209 4190 gnoscatur
2234 4117 2480 4179 Creator,
2520 4115 2613 4183 qui
2659 4126 2712 4168 et
2734 4112 3004 4167 Adamum
3043 4112 3319 4178 formavit,
3369 4122 3424 4167 et
3453 4128 3485 4166 a

1909 4210 2074 4280 justis
2102 4210 2205 4264 sub
2252 4209 2369 4278 lege
2408 4205 2716 4260 viventibus
2769 4205 2988 4273 agnitus
3014 4212 3117 4270 est,
3153 4205 3295 4259 sicut
3319 4204 3482 4258 etiam

1915 4318 1945 4355 a
1974 4301 2142 4371 justis
2162 4308 2218 4353 et
2247 4314 2276 4353 a
2305 4307 2420 4352 toto
2471 4296 2697 4361 mundo,
2741 4294 2998 4365 Magister
3046 4304 3192 4360 tuus,
3225 4295 3327 4364 qui.
3365 4303 3487 4362 post

259 4419 342 4455 σου
386 4405 518 4475 μετά
555 4406 762 4468 πάντας
807 4380 1047 4469 ἐκείνους
1088 4380 1361 4474 ἐληλυθὼς
1386 4404 1556 4472 λέγει’
1606 4401 1812 4467 Οὐδεὶς

1917 4406 2013 4448 eos
2043 4404 2235 4445 omnes
2264 4387 2429 4452 venit,
2460 4386 2534 4439 ait
2562 4399 2577 4437 :
2606 4382 2771 4437 Nemo
2803 4384 2943 4437 novit
2986 4382 3222 4441 Patrem.
3253 4383 3359 4435 nisi
3389 4380 3487 4435 Fi-

260 4494 392 4563 ἕγνω
432 4498 536 4552 τὸν
583 4496 814 4565 Πατέρα
870 4499 923 4550 εὶ
955 4495 1039 4566 μὴ
1082 4499 1114 4549 ό
1168 4496 1333 4561 Υἱὸς,
1373 4495 1454 4561 ὡς
1512 4492 1656 4547 οὐδὲ
1710 4493 1814 4547 τὸν

268 4585 389 4639 Υἱόν
412 4606 498 4656 τις
525 4588 708 4655 οἶδεν,
729 4590 781 4641 εὶ
802 4586 889 4657 μὴ
924 4590 957 4641 ό
996 4586 1217 4653 Πατὴρ,
1247 4585 1345 4639 καὶ
1375 4586 1464 4650 οἷς
1491 4584 1567 4638 ἂν
1587 4585 1817 4651 ,βούλη-

263 4693 343 4731 ται
375 4684 405 4733 ὁ
451 4682 582 4747 Υἱὸς
624 4679 1047 4747 ἀποκαλύψαι;
1076 4678 1261 4731 Ταῦτα
1293 4677 1351 4729 δὲ
1383 4678 1485 4729 οὐκ
1514 4676 1580 4730 ἂν
1609 4675 1813 4744 ἔλεγεν,

264 4771 306 4821 εἰ
324 4771 389 4843 μὴ
406 4772 619 4844 Πατέρα
631 4770 748 4825 τινὰ
764 4772 821 4823 ὲν
837 4770 1167 4841 ἀπορρήτοις
1183 4768 1311 4822 ὅντα
1338 4766 1653 4837 ἀνήγγειλεν
1672 4766 1813 4823 ⁸³-⁸⁸.

265 4860 315 4913 ὃν
341 4865 424 4918 καὶ
448 4864 666 4935 ὕψιστον
688 4865 717 4917 6
740 4862 901 4934 νόμος
922 4862 1090 4929 λέγει,
1130 4860 1224 4930 ἀφ’
1242 4855 1304 4913 οὗ
1332 4859 1452 4914 οὔτε
1482 4859 1658 4930 ἀγαθὴ
1686 4858 1806 4911 οὗτε

327 4987 351 5015 ι
379 4975 503 5032 Luc.
538 4993 694 5044 xvm,
727 4975 815 5030 l8.

331 5045 354 5084 δ
379 5045 555 5103 Matth.
595 5064 709 5116 xxx,
741 5049 827 5101 l7.

1918 4485 2060 4547 lius,
2099 4483 2234 4535 sicut
2276 4496 2367 4533 nec
2416 4477 2618 4531 Filium
2668 4477 2785 4546 quis
2825 4476 2995 4541 novit,
3029 4476 3131 4528 nisi
3184 4473 3382 4536 Pater,
3435 4483 3485 4525 et

1916 4576 2103 4647 quibus
2158 4573 2379 4627 voluerit
2437 4569 2612 4623 Filius
2658 4567 2885 4621 revelare
2931 4579 2977 4620 ο.
3026 4554 3131 4619 lSta
3171 4574 3349 4618 autem
3374 4578 3484 4617 non

1918 4667 2175 4732 dixisset,
2206 4666 2250 4719 si
2286 4679 2393 4718 non
2444 4661 2824 4715 annuntiasset
2868 4657 3154 4728 quemdam
3188 4655 3401 4709 Patrem
3428 4656 3482 4709 in

1919 4757 2136 4813 arcanis
2160 4756 2514 4818 existentem,
2544 4766 2706 4822 quem
2736 4758 2791 4805 et
2821 4748 3148 4803 altissimum
3187 4747 3273 4801 lex
3302 4748 3483 4816 appel-

1914 4857 2010 4919 lat,
2042 4869 2072 4906 a
2097 4865 2208 4921 quo
2232 4864 2407 4918 neque
2434 4848 2573 4902 bona
2616 4859 2791 4914 neque
2826 4843 2968 4897 mala
3003 4841 3185 4897 audita
3217 4848 3301 4896 est
3324 4855 3428 4894 vox
3452 4838 3479 4878 εί

1986 4978 2009 5007 ο
2037 4965 2232 5020 Matth.
2263 4977 2339 5022 χι,
2379 4960 2469 5013 27.

1984 5038 2012 5076 d
2043 5032 2248 5093 Thren.
2275 5047 2357 5093 Ill,
2385 5030 2473 5084 58.

1513 5138 1741 5192 VARUE
1778 5130 2179 5191 LECTIONES.

331 5237 441 5311 "36
456 5244 514 5293 0-
589 5241 635 5273 ‘°
665 5240 783 5311 ἔχη,
812 5239 1046 5311 ῥμολόγη

331 5258 368 5268 ”
386 5258 514 5293 του.
589 5258 635 5273 ”¹
665 5258 783 5341 εχη,
812 5258 1143 5310 ομοΑογησον
1170 5258 1230 5290 ιλ.
1272 5258 1398 5290 νυυ.
1432 5258 1481 5289 ει
1507 5258 1563 5288 ΟΞ
1588 5258 1651 5288 Ου
1671 5258 1813 5288 οοκει
1847 5258 1927 5286 σοι
1949 5258 2120 5301 υρυωε
2151 5258 2585 5351 “E'V‘VW’WVB‘”
2631 5258 2776 5273 ““NV'
2795 5258 2893 5282 'l""
2931 5258 2994 5265 ν-
3028 5258 3083 5265 ⁷⁷
3221 5258 3348 5264 ““““⁷
3366 5258 3417 5262 ’⁷

271 5304 325 5377 ο.
357 5308 437 5364 Sic
460 5311 667 5365 deinde.
770 5310 959 5375 ²δείξω
987 5310 1048 5361 Ο.
1124 5308 1171 5338 ⁴³
1205 5309 1283 5360 lta
1310 5306 1373 5360 Cl
1410 5346 1426 5370 ,
1471 5304 1658 5377 ἀγαθῷ
1684 5301 1820 5377 εἶναι
1850 5303 1941 5356 καὶ
1965 5299 2157 5377 δικαίῳ
2210 5295 2341 5377 .30.
2418 5289 2813 5377 ‘tfgiﬁiﬁo‘ttgv
2848 5283 2939 5377 ξιξί
3053 5280 3381 5377 ξῇξεξξξαερν

1851 5350 2370 5447 ⁷ρῖἐιτῆρηίςὸνιῇάοιη.
2410 5361 2492 5447 ηδτ
2510 5358 2794 5447 ἐλπξμτόιςιυ
2825 5365 2915 5447 Δοι
2932 5368 3027 5447 “ex
3049 5350 3475 5447 eoiijeet‘.:0ulj.|i

273 5371 459 5450 “Adde
477 5380 517 5433 δ’
551 5390 672 5450 post
695 5379 855 5443 εὐθύς
1017 5378 1166 5450 Ι’ἐεὶς-
1188 5377 1313 5450 add.
1346 5393 1396 5430 c.
1423 5377 1483 5429 0.

276 5446 412 5530 auius
435 5444 860 5530 ἰείξῐίιρπιστάς..
878 5449 1015 5530 Tum
1044 5448 1114 5530 id“.
1143 5446 1384 5530 ἔπεμψεν
1413 5461 1466 5530 ι)ἶ
1499 5444 1885 5530 παρέπεμψεν..

274 5511 406 5590 ενι).
472 5522 516 5552 ⁸ο
536 5521 631 5590 μέν
657 5511 862 5576 inserui
894 5536 944 5574 e.
978 5519 1037 5571 0.
1068 5515 1204 5590 Tum
1239 5511 1631 5590 ἀποδείξομενος
1660 5511 1730 5569 (3.⁷
1774 5511 1821 5550 “⁸

276 5585 546 5645 excidisset
564 5608 650 5660 ap.
682 5591 742 5646 Cl
791 5600 845 5645 et
879 5590 933 5645 S.
968 5589 1081 5630 ⁸³-⁸’⁶
1108 5585 1435 5657 ἀνήγγελλεν
1459 5588 1520 5641 (ὲ.

1054 5254 1143 5291 σον
1170 5238 1230 5290 C.
1262 5235 1398 5290 Vbb.
1432 5237 1481 5289 εἰ
1507 5235 1563 5288 δὲ
1588 5236 1651 5288 οὐ
1671 5235 1816 5288 δοκεῖ
1847 5251 1927 5286 σοι
1949 5229 2123 5301 ὀρθῶς
2151 5220 2587 5351 έέεινςδιέλεγξον
2630 5215 2893 5282 descripsi
2928 5228 2994 5265 ex
3023 5212 3083 5265 Ο.
3160 5212 3200 5243 ⁶¹
3221 5212 3352 5264 Μωῦ
3364 5210 3479 5271 σέος

1124 5308 1171 5338 ⁸³
1206 5309 1280 5351 Im
1310 5306 1370 5351 (II
1411 5346 1423 5351 -
1471 5304 1658 5351 ἀγαθῶ
1684 5301 1820 5351 εῖναι
1850 5303 1941 5351 καὶ
1965 5299 2157 5351 δικαίω
2246 5326 2259 5351 ,
2280 5295 2341 5346 0.
2418 5291 2576 5342 “xui
2611 5289 2813 5341 δίκαιον
2848 5283 2939 5336 καί
2976 5298 3026 5351 p.
3060 5283 3151 5334 καὶ
3177 5280 3381 5351 δίκαιον
3414 5284 3475 5351 0.

2246 5326 2259 5351 ,
2280 5295 2341 5346 0.
2418 5280 2576 5342 δίκα).
2611 5280 2827 5341 δίκαιον
2848 5283 2939 5336 καί
2976 5298 3026 5351 p.
3060 5283 3151 5334 καὶ
3177 5280 3381 5351 δίκαιον
3414 5284 3475 5351 0.

1956 5418 2112 5492 λέὲὅε
2135 5434 2308 5502 adjeci
2330 5449 2377 5486 c.
2406 5434 2485 5502 o._
2528 5430 2572 5461 ιθ
2590 5430 2664 5481 Ita
2692 5418 3479 5502 (11.ῥιγαοῷςῑναέ-κςιιδικαίῳ

1829 5491 1937 5565 τ’
1969 5491 2037 5563 ἄν
2065 5508 2125 5562 C.
2158 5491 2296 5559 Tum
2324 5500 2583 5569 ἀπονέμει
2613 5502 2674 5550 0.
2751 5495 2868 5547 1⁵*δέ
2889 5494 3053 5549 textui
3082 5491 3284 5545 reddidi
3349 5504 3475 5541 cum
