3860 6210
210 302 307 355 609

1243 297 1703 354 CLEMENTINA.
1734 324 1805 335 --
1846 297 2125 353 IIOMILIA
2165 297 2347 353 XVIII.

3335 301 3439 356 410

271 419 353 474 VI.
394 421 500 473 Kal
530 419 558 469 6
589 418 791 488 Πέτρος
818 417 920 487 ἔφη
943 435 955 447 ·
986 418 1046 470 Εἰ
1078 416 1235 469 τοῦτο
1260 417 1432 480 οὕτως
1458 416 1569 487 ἔχει
1603 417 1667 477 ⁶¹,
1693 414 1756 467 τὰ

1941 413 2025 469 Vl.
2069 416 2131 470 Et
2154 415 2350 472 Petrus
2379 418 2456 471 ait
2485 435 2497 471 :
2533 416 2588 471 Si
2620 418 2723 472 hoc
2760 416 2831 470 ita
2866 415 3050 481 habet,
3081 414 3317 470 maxime
3342 418 3414 470 im

204 515 422 586 μέγιστα
451 510 687 574 ἀσεϐεῖς.
720 512 782 563 Εἰ
816 510 925 581 γὰρ
956 509 1086 562 Υίοῦ
1115 511 1249 575 ἐστὶ,
1282 509 1376 562 τοῦ
1403 509 1628 580 οὐρανὸν
1670 509 1763 561 καὶ

200 606 296 674 γῖιν
320 604 793 673 διακοσμήσαντος,
826 601 888 655 τὸ
918 595 962 668 ᾧ
996 600 1242 670 βούλεται
1273 600 1675 653 ἀποκαλύπτειν
1718 598 1763 629 ⁸³

199 704 282 749 ρον
313 698 365 749 ὲν
406 695 736 767 ἀπορρήτοις
782 692 948 747 αὐτοῦ
997 692 1236 763 Πατέρα,
1286 692 1349 744 σὺ
1404 691 1653 762 μέγιστα,
1688 690 1764 754 ὡς

203 786 569 859 ἕφην,ἀσε6εἰς
596 784 992 839 ἀποκαλύπτων
1014 783 1095 848 οἷς
1126 786 1335 847 ἐκεῖνος
1364 784 1465 836 ούκ
1496 782 1766 836 ἀπεκάλυ-

198 880 306 948 ψεν.
339 881 444 933 Kal
468 880 497 931 6
521 877 729 948 Σίμων·
770 876 931 929 Ἀλλά
970 875 1130 939 αὐτός
1166 892 1231 945 με
1276 875 1522 945 βούλεται
1556 875 1764 927 ἀποκα-

198 969 420 1021 λύπτειν.
441 967 811 1038 Καὶὸῐῐέτρος
835 982 849 997 ο
874 966 948 1019 Οὐ
969 967 1109 1027 νοεῖς
1140 964 1175 1018 ἃ
1190 964 1354 1033 λέγω,
1378 964 1579 1034 Σίμων.
1616 962 1761 1045 Πλῂν

198 1063 347 1133 358
371 1060 608 1124 ἀκούσας
635 1059 809 1122 σύνες.
845 1056 935 1128 Τῷ
960 1058 1006 1089 ⁸⁸
1031 1060 1232 1111 εἰπεῖν·
1281 1058 1381 1122 Οἷς
1419 1056 1496 1110 ἂν
1530 1056 1761 1123 βούλη-

198 1170 279 1207 ται
300 1154 342 1184 ⁸⁸
378 1157 409 1211 ό
454 1152 587 1217 Υἱὸς
616 1151 1011 1218 ἀποκαλύψει,
1036 1150 1098 1202 οὐ
1146 1146 1465 1218 διδασκαλία
1498 1145 1622 1199 τινὰ
1660 1163 1765 1198 τοι-

196 1245 337 1299 οῦτον
371 1244 560 1315 μαθεῖν
584 1243 751 1311 λέγει,
808 1240 942 1295 ἀλλά
982 1239 1321 1309 ἀποκαλύψει
1376 1238 1553 1309 μόνον.
1602 1238 1762 1289 Ἀπο-

196 1334 406 1403 κάλυψίς
466 1336 585 1387 ἐστι
640 1332 703 1385 τὸ
759 1333 816 1386 ὲν
884 1333 1087 1394 πάσαις
1149 1330 1401 1402 καρδίαις
1463 1328 1764 1400 ἀνθρώπων

194 1428 502 1498 ἀπορῤήτως
570 1425 822 1495 κείμενον
882 1421 1296 1492 κεκαλυμμένον
1322 1461 1336 1485 ,
1388 1420 1517 1508 ἄνευ
1580 1419 1764 1488 φωνῆς

192 1520 249 1586 τῇ
283 1516 441 1570 αὑτοῦ
478 1516 641 1587 βουλῇ
670 1515 714 1547 ⁸⁸
754 1513 1289 1583 ἀποκαλυπτόμενον.
1336 1514 1446 1566 Kal
1478 1510 1652 1575 οὕτως
1676 1511 1763 1580 γί-

192 1627 325 1663 νεται
350 1608 573 1677 γνῶναι,
600 1610 661 1661 οὐ
687 1607 1022 1677 διδαχθέντα,
1048 1605 1183 1659 ἀλλά
1230 1604 1477 1658 συνέντα.
1505 1604 1595 1675 Τῷ
1632 1604 1762 1675 μέν-

190 1718 264 1753 τοι
306 1699 533 1753 συνιέντι
578 1700 621 1731 ⁸⁷
666 1699 765 1752 οὐκ
812 1697 1037 1761 ἔξεστιν,
1071 1696 1216 1767 ἄλλῳ
1259 1696 1417 1750 τοῦτο
1460 1695 1761 1762 ἀποδεῖξαι,

1865 508 1989 575 pius
2017 524 2097 563 es.
2132 506 2266 563 Nam
2300 510 2345 565 si
2375 508 2441 563 ad
2478 507 2711 575 Filium,
2741 507 2863 562 mali
2919 517 2973 561 et
3027 516 3184 562 terra:
3232 509 3438 563 conslia

1866 610 2124 663 tutorem,
2163 608 2371 669 spectat
2422 599 2685 665 revelare,
2720 599 2806 653 cu!
2844 599 2980 660 vult,
3014 598 3187 668 ipsius
3217 595 3434 653 Patrem

1866 692 1919 745 in
1954 692 2287 745 absconditis
2336 693 2598 759 positum,
2630 704 2710 757 tu,
2748 692 2890 746 sicut
2932 692 3066 757 dixi,
3112 693 3348 746 maxime
3377 709 3436 746 es

1866 784 2087 851 impius,
2119 784 2210 851 qui
2246 785 2452 837 revelas
2483 784 2681 852 quibus
2711 783 2799 837 ille
2848 798 3193 852 ne1uaquam
3226 784 3436 837 revela-

1865 875 1960 928 vit.
1996 875 2074 929 Ac
2124 875 2309 927 Simon
2351 892 2364 928 :
2409 874 2513 928 Sed
2555 875 2643 927 ille
2686 874 2802 926 vult
2845 882 2905 927 ut
2953 876 3206 927 revelem.
3258 875 3436 943 Atque

1864 964 2057 1019 Petrus
2096 983 2109 1019 :
2149 964 2267 1018 Non
2315 965 2588 1035 intelligis,
2646 967 2855 1034 Simon,
2908 984 3031 1039 quae
3071 968 3179 1021 aio.
3238 964 3433 1018 Verum

1865 1058 2015 1121 audi,
2044 1066 2099 1112 et
2125 1059 2381 1130 intelligo.
2412 1060 2643 1126 Quando
2681 1061 2810 1116 dicit
2837 1079 2850 1114 :
2886 1060 3085 1125 Quibus
3120 1060 3229 1113 vult
3261 1058 3435 1113 Filius

1866 1149 2133 1215 reuelabit,
2165 1165 2230 1204 eo
2266 1152 2560 1221 Signiﬁcat,
2590 1153 2739 1206 illum
2775 1152 3047 1205 hominem
3083 1167 3190 1205 non
3225 1152 3435 1205 discere

1865 1255 1961 1308 per
1989 1241 2316 1306 doctrinam,
2364 1243 2458 1296 sed
2510 1259 2607 1312 per
2658 1244 2831 1297 solam
2884 1244 3286 1297 revelationem.
3340 1241 3435 1295 Est

1866 1338 2044 1383 autem
2078 1331 2371 1397 revelatio,
2404 1348 2551 1398 cum,
2584 1333 2726 1403 quod
2764 1334 2814 1386 in
2847 1332 3101 1387 omnibus
3150 1331 3433 1385 hominum

1865 1423 2124 1477 cordibus
2154 1438 2352 1477 arcane
2378 1424 2611 1477 velatum
2647 1426 2881 1494 positum
2931 1433 3036 1490 est,
3068 1424 3273 1493 absque
3299 1438 3432 1477 voce

1864 1532 1963 1587 per
1998 1517 2141 1571 illius
2174 1517 2504 1571 voluntatem
2537 1520 2824 1572 revelatur.
2861 1517 3058 1587 Sicque
3103 1532 3432 1586 cognoscere

1867 1602 2064 1657 accidit
2094 1620 2201 1658 non
2234 1605 2490 1659 discendo
2536 1606 2628 1660 sed
2678 1606 3044 1676 intelligendo.
3078 1606 3242 1675 Atqui
3272 1605 3434 1658 intel-

1867 1696 2053 1765 ligenti
2097 1711 2206 1749 non
2238 1697 2384 1761 licet,
2414 1697 2567 1752 alteri
2616 1699 2719 1753 hoc
2753 1699 3058 1764 ostendere,
3092 1697 3435 1767 quandoqui-

190 1791 299 1845 ἐπεὶ
326 1793 443 1864 μηδ’
478 1791 644 1854 αὐτὸς
683 1759 953 1860 ὲδιδάίθη,
980 1759 1103 1841 ούτε
1140 1759 1487 1857 ἀποκαλύψαι
1515 1759 1756 1849 δύναται,

1867 1789 1987 1842 dem
2017 1804 2117 1843 nec
2146 1790 2259 1858 ipse
2288 1792 2514 1845 edoctus
2543 1799 2648 1857 est,
2690 1807 2875 1845 verum
2916 1791 3077 1846 etiam
3112 1806 3217 1844 non
3259 1797 3434 1858 potest

190 1883 300 1935 ἐπεὶ
328 1883 399 1953 μὴ
435 1882 602 1945 αὐτὸς
636 1884 784 1933 ἐστιν
816 1882 844 1932 6
879 1880 1026 1943 Υἱὸς,
1052 1880 1209 1943 ἐκτὸς
1241 1880 1288 1932 εί
1336 1880 1408 1951 μὴ
1450 1880 1642 1933 ἑαυτὸν
1669 1880 1757 1933 λέ-

188 1992 266 2044 γει
289 1974 419 2030 εῖναι
439 1976 532 2030 τὸν
568 1975 713 2030 Υίόν.
748 1976 820 2029 Σὺ
844 1975 900 2028 δὲ
931 1975 1031 2027 οὐκ
1056 1970 1107 2027 εἷ
1128 1976 1157 2027 6
1181 1972 1352 2037 ἑστὼς
1384 1973 1531 2038 Υἱός.
1560 1975 1623 2027 El
1650 1974 1759 2047 γὰρ

189 2068 306 2132 Υἱὸς
333 2065 419 2140 ἦς,
449 2070 671 2131 πάντως
694 2067 759 2121 ἂν
803 2066 937 2138 ᾕδης
963 2067 1008 2099 ⁸⁸
1045 2065 1148 2136 τῆς
1186 2064 1443 2137 τοιαύτης
1482 2067 1758 2121 ἀποκαλύ-

187 2158 321 2228 ψεως
343 2160 469 2223 τοὺς
494 2158 698 2222 ἀξίους.
727 2159 799 2211 Σὺ
829 2158 886 2211 δὲ
917 2156 1018 2211 οὐκ
1048 2153 1215 2220 οἶδας.
1242 2157 1305 2210 El
1336 2157 1445 2229 γὰρ
1470 2158 1755 2227 ἠπίστασο,

186 2253 248 2306 τὰ
274 2252 379 2305 τῶν
411 2250 789 2321 ἐπισταμένων
821 2248 886 2303 ἂν
912 2249 1116 2313 ἐποίεις
1140 2249 1202 2304 ".

252 2343 355 2398 VII.
408 2345 522 2397 Kal
569 2345 597 2396 6
650 2342 830 2412 Σίμων
878 2339 982 2410 ἔφη
1014 2357 1030 2372 ο
1077 2339 1389 2410 ’ομολογῶ,
1437 2341 1499 2395 οὐ
1551 2342 1757 2414 συνῆκα

188 2434 294 2495 πῶς
316 2432 492 2500 λέγεις
512 2470 527 2494 ,
545 2430 620 2484 τὰ
647 2428 764 2482 τῶν
778 2427 1191 2497 ἐπισταμένων
1221 2429 1297 2481 ἂν
1322 2428 1544 2495 ἐποίεις
1557 2431 1604 2462 ⁷⁸
1649 2432 1759 2485 Καὶ

186 2529 211 2579 6
226 2527 439 2597 Πέτροςο
468 2525 531 2577 ΕΞ
552 2523 614 2576 οὐ
648 2522 886 2593 συνῆκας
904 2561 918 2585 ,
953 2520 1073 2574 οὐδὲ
1096 2521 1187 2573 τὸν
1211 2521 1442 2574 ἑκάστου
1466 2522 1592 2576 νοῦν
1624 2523 1759 2577 εἰδέ-

186 2637 264 2672 ναι
284 2617 430 2693 δύνῃ,
457 2619 557 2672 καὶ
584 2619 633 2670 εί
666 2618 877 2684 ἀγνοεῖς
902 2616 968 2679 ⁷¹,
999 2614 1119 2667 οὐδὲ
1143 2615 1271 2677 τοὺς
1298 2613 1481 2679 ἀξίους
1500 2615 1603 2685 τῆς
1624 2618 1759 2670 ἀπο-

186 2710 453 2779 καλύψεως
486 2709 799 2773 ἐπίστασαι,
841 2708 942 2759 οὐκ
987 2702 1037 2759 εἷ
1068 2706 1224 2768 Υίός’
1262 2709 1290 2758 6
1332 2705 1388 2758 δὲ
1433 2706 1559 2770 Υἱὸς
1595 2704 1751 2762 οἷδεψ

186 2802 274 2879 διὸ,
308 2798 384 2865 οἷς
418 2798 691 2872 βούλεται,
719 2800 795 2863 ὼς
817 2798 988 2864 ἀξίοις
1013 2793 1185 2861 οὖσιν,
1227 2797 1622 2852 ἀποκαλύπτει.
1647 2800 1756 2854 Καὶ

186 2892 398 2961 ὁΣίμων
424 2892 531 2962 ἔφη
554 2909 567 2922 ·
598 2892 689 2963 Μὴ
729 2889 944 2953 ἁπατῶ,
972 2886 1088 2942 οἶδα
1121 2889 1246 2951 τοὺς
1279 2888 1480 2955 ἀξίους,
1509 2890 1603 2942 καὶ
1630 2890 1757 2954 Υἱὸς

187 2984 274 3035 οὐκ
303 2983 442 3053 είμί.
468 2981 643 3035 Τοῦτο
675 2980 874 3051 μέντοι,
900 2980 952 3032 τί
991 2980 1121 3041 ποτ’,
1152 2978 1317 3041 ἔστιν,
1344 2979 1434 3044 οἷς
1468 2980 1755 3043 βούλεται

1862 1881 2124 1946 revelare,
2157 1883 2282 1951 quia
2316 1883 2431 1951 ipse
2467 1898 2573 1936 non
2603 1893 2685 1937 est
2716 1884 2906 1949 Filius,
2939 1883 3041 1937 nisi
3091 1882 3137 1936 si
3187 1897 3247 1936 se
3290 1881 3435 1935 dicat

1857 1988 1978 2028 esse
2024 1972 2240 2027 Filium.
2277 1971 2356 2027 Tu
2399 1985 2578 2029 autent
2620 1990 2727 2027 non
2773 1991 2833 2029 es
2879 1985 3030 2029 stans
3066 1972 3254 2026 Filius.
3295 1969 3431 2024 Nam

1857 2068 1903 2123 si
1930 2066 2102 2123 Filius
2123 2084 2292 2134 esses,
2319 2070 2543 2123 omnino
2573 2084 2932 2138 cognosceres
2979 2069 3083 2122 hac
3118 2068 3313 2136 dignos
3343 2082 3433 2121 re-

1856 2160 2144 2215 velatione.
2171 2158 2253 2213 'I‘u
2286 2176 2415 2214 vero
2451 2161 2692 2230 ignoras.
2730 2160 2786 2214 Si
2822 2162 2967 2216 enim
3008 2160 3179 2215 scires
3228 2157 3433 2213 faceres

1856 2267 1978 2325 quae
2021 2250 2228 2306 faciunt
2275 2253 2368 2322 qui
2395 2252 2595 2307 sciunt.

1928 2342 2040 2401 VII.
2084 2344 2228 2399 Dixit
2279 2344 2468 2399 Simon
2521 2363 2537 2400 :
2595 2344 2813 2406 Fateor,
2861 2360 2971 2399 non
3020 2344 3264 2413 intelligo
3320 2359 3432 2413 quo

1859 2437 2022 2490 modo
2038 2436 2207 2501 dicas,
2223 2438 2420 2505 faceres
2445 2452 2560 2506 qua
2584 2437 2785 2506 faciunt
2805 2438 2893 2506 qui
2916 2439 3108 2490 sciunt.
3124 2434 3188 2488 Et
3206 2436 3393 2489 Petrus
3414 2455 3426 2490 :

1859 2526 1915 2581 Si
1947 2544 2054 2581 non
2085 2529 2416 2593 intellexisti,
2445 2528 2608 2583 etiam
2640 2544 2749 2582 non
2798 2536 2950 2597 potes
3000 2526 3432 2596 uniuscujusque

1856 2620 1998 2675 scire
2031 2629 2262 2674 mentem
2294 2638 2308 2673 ι
2344 2620 2462 2675 etsi
2487 2620 2729 2689 ignoras,
2754 2620 2918 2674 etiam
2949 2634 3055 2673 non
3082 2618 3430 2673 revelationis

1855 2716 2050 2786 dignos
2073 2716 2392 2786 cognoscis;
2419 2730 2485 2769 ac
2506 2715 2549 2769 si
2575 2730 2684 2768 non
2710 2712 2987 2781 cognocis,
3013 2728 3120 2765 non
3145 2726 3205 2765 es
3234 2710 3425 2762 Filius.

1856 2805 2028 2861 Filius
2050 2816 2228 2861 autem
2256 2806 2443 2859 novit:
2474 2820 2642 2874 quare
2666 2803 2865 2874 quibus
2892 2803 3028 2864 vult,
3049 2811 3305 2871 tanquam
3333 2802 3427 2869 qui

1856 2898 2003 2967 digni
2037 2898 2167 2963 sint,
2208 2899 2432 2953 revelat.
2467 2895 2533 2950 Et
2583 2894 2772 2950 Simon
2802 2895 2977 2949 dixit:
3008 2895 3081 2947 Ne
3115 2893 3426 2961 decipiaris,

1858 2991 1982 3045 novi
2018 2991 2233 3061 dignos,
2259 3005 2359 3043 nec
2402 2987 2572 3043 Filius
2604 3004 2749 3042 sum.
2789 2986 2960 3041 Porro
3003 2986 3131 3056 quid
3182 2986 3285 3039 hoc
3334 2987 3428 3053 sit,

187 3073 603 3135 ἀποκαλύπτει,
638 3073 698 3125 οὐ
737 3072 944 3142 συνῆκα
976 3070 1052 3133 ὡς
1092 3069 1270 3137 λέγεις
1293 3086 1305 3101 ’
1341 3070 1403 3123 τὸ
1435 3070 1491 3123 δὲ
1523 3071 1596 3142 μὴ
1632 3089 1754 3125 συν-

1861 3080 2045 3153 quibus
2098 3080 2207 3134 vult
2259 3078 2471 3141 revelat,
2522 3095 2631 3132 non
2680 3078 2918 3133 intellexi
2969 3078 3426 3147 quemadmodum

191 3168 313 3221 ιέναι
358 3168 454 3239 οὐχ
499 3169 580 3231 ὡς
626 3168 699 3238 μὴ
742 3165 897 3230 εἰδὼς
941 3162 1116 3230 εἷπον,
1150 3165 1264 3219 ἀλλ’
1304 3166 1381 3230 ὡς
1406 3166 1561 3230 είδὼς
1590 3167 1756 3238 359

188 3259 258 3310 ὃτι
303 3260 351 3312 oi
411 3258 763 3331 παρεστῶτες
798 3258 860 3311 οὐ
924 3258 1190 3328 συνῆκαν,
1253 3258 1342 3310 ἵνα
1396 3257 1528 3310 αὐτὸ
1592 3259 1757 3328 σαφέ-

190 3367 359 3420 στερον
430 3353 598 3421 εἴπῃς
626 3391 642 3413 ,
718 3351 866 3413 ὅπως
925 3351 1189 3420 νοήσωσιν
1267 3342 1342 3401 ὧν
1404 3349 1588 3423 ἕνεκεν
1661 3350 1755 3403 καὶ

189 3438 277 3508 τὴν
302 3436 522 3508 ζήτησιν
560 3438 876 3509 ποιούμεθα.
926 3439 1035 3491 Kal
1085 3440 1114 3491 6
1164 3438 1406 3509 Πέτρος’
1464 3438 1604 3508 Ἐγὼ
1662 3456 1756 3493 σα-

190 3528 428 3601 φέστερον
454 3530 591 3584 αὐτὸ
619 3533 791 3583 εἰπεῖν
834 3531 895 3583 ού
927 3530 1181 3601 δύναμαι,
1219 3532 1283 3584 σὺ
1323 3532 1487 3595 αὐτὸς
1514 3532 1590 3595 ὡς
1633 3535 1756 3602 νοή-

190 3636 276 3684 σας
302 3623 501 3693 φράσον
556 3623 663 3676 Kal
688 3625 717 3675 6
740 3621 919 3691 Σίμων
939 3638 952 3651 ·
1003 3620 1142 3689 Ἐγὼ
1173 3620 1242 3674 τὰ
1268 3620 1337 3674 σά
1370 3622 1469 3675 οὐκ
1510 3621 1753 3691 ἀνάγκην

190 3712 282 3784 ἔχω
309 3714 501 3783 λέγειν.
533 3715 643 3781 Kal
685 3714 714 3766 6
767 3713 1003 3783 Πέτροςσ
1050 3712 1218 3783 Φαίνῃ
1270 3728 1402 3782 μοι,
1437 3711 1640 3780 Σίμων,
1679 3711 1753 3783 μὴ

191 3807 373 3869 συνιεὶς
410 3806 565 3869 αὐτὸ,
608 3806 702 3858 καὶ
749 3805 1028 3874 ὁμολογεῖν
1069 3805 1142 3875 μὴ
1193 3803 1392 3868 θέλων,
1437 3804 1525 3857 ἵνα
1575 3804 1647 3875 μὴ
1693 3805 1751 3856 ἐν

189 3897 360 3969 ἀγνοίᾳ
388 3897 664 3969 φωραθεὶς
694 3897 739 3927 ⁷¹
773 3895 1033 3966 ἐλεγχθῇς
1059 3896 1131 3966 μὴ
1154 3892 1227 3947 ὢν
1255 3895 1318 3947 σὺ
1344 3897 1373 3948 6
1409 3892 1579 3959 ἑστὼς
1603 3894 1748 3958 Υἱός.

189 3988 342 4041 Τοῦτο
370 3990 477 4061 γὰρ
508 3990 751 4059 αἰνίσσῃ,
798 3986 899 4041 κᾶν
935 3985 1118 4055 σαφῶς
1159 3986 1290 4040 αὐτὸ
1320 3988 1494 4041 εἰπεῖν
1549 3987 1621 4057 μὴ
1665 3986 1752 4041 θέ-

188 4076 308 4150 λῃς·
340 4078 477 4173 ῶξπε
522 4078 635 4148 ἐγὼ
671 4080 769 4149 μὲν
806 4077 906 4141 τὰς
940 4078 1040 4141 σὰς
1080 4078 1273 4149 βουλὰς
1315 4079 1373 4145 ἐξ
1414 4072 1488 4133 ὧν
1535 4078 1750 4151 αἱνίσσῃ

190 4168 481 4241 ἐπίσταμῖαι,
517 4171 796 4241 προφήτου
828 4168 1060 4240 ἀληθοῦς
1104 4169 1349 4240 μαθητὴς
1392 4169 1487 4232 ὢν,
1515 4171 1576 4224 οὐ
1618 4188 1751 4241 προ-

191 4258 365 4329 φήτης.
392 4260 460 4312 Σὺ
492 4260 549 4312 δὲ
573 4261 669 4313 καὶ
696 4260 763 4312 τὰ
788 4260 973 4329 σαφῶς
997 4259 1265 4330 λεγόμενα
1294 4260 1368 4331 μὴ
1396 4259 1592 4314 συνιὼν
1618 4261 1747 4315 Υἱὺν

192 4348 360 4403 ἑαυτὸν
383 4353 559 4403 εἰπεῖν
580 4348 773 4413 θέλεις,
800 4349 1065 4403 ἁνθιστῶν
1088 4349 1136 4381 ⁷³
1164 4352 1314 4419 ἡμῖν.
1344 4350 1453 4403 Kal
1478 4350 1505 4403 6
1531 4349 1712 4420 Σίμων
1729 4365 1745 4381 ο

1858 3174 2052 3228 dicas:
2096 3188 2204 3226 non
2249 3171 2548 3241 intelligere
2590 3180 2770 3224 autem
2817 3170 2951 3232 dixi,
3000 3185 3106 3223 non
3166 3178 3427 3237 tanquam

1858 3265 1973 3334 ipse
2002 3265 2273 3331 nesciens,
2303 3266 2397 3319 sed
2427 3264 2575 3317 velut
2617 3263 2797 3317 sciens
2837 3261 2983 3331 quod
3029 3269 3269 3315 astantes
3318 3276 3425 3313 non

1857 3353 2243 3421 intellexerint,
2293 3362 2352 3407 ut
2401 3352 2535 3407 illud
2584 3352 2789 3406 clarius
2841 3350 3065 3415 etferas,
3096 3365 3206 3419 quo
3252 3350 3426 3418 percio

1857 3445 2027 3513 piant,
2061 3444 2263 3512 quibus
2289 3441 2355 3495 de
2384 3440 2565 3496 causis
2596 3456 2695 3495 nos
2737 3437 3167 3494 controversiam
3221 3437 3425 3489 hahea-

1856 3550 1997 3588 mus.
2025 3532 2087 3587 Et
2111 3531 2304 3587 Petrus
2331 3550 2344 3587 :
2376 3530 2488 3600 Ego
2523 3531 2724 3584 clarius
2751 3530 2853 3583 hoc
2885 3542 3097 3597 nequeo
3116 3527 3315 3590 dicere,
3340 3535 3421 3590 tu,

1856 3633 1914 3678 ut
1938 3624 2177 3694 quiillud
2204 3623 2531 3693 perceperis,
2549 3621 2731 3675 eﬂ‘are.
2758 3622 2823 3675 Et
2847 3618 3034 3673 Simon
3062 3617 3309 3689 :Egotua
3338 3618 3423 3671 di-

1853 3734 1977 3773 cere
2008 3732 2229 3772 necesse
2273 3732 2382 3771 non
2414 3714 2607 3769 habeo.
2640 3713 2834 3769 Petrus
2860 3731 2874 3767 :
2911 3710 3122 3767 Videris
3148 3711 3304 3776 mihi,
3335 3710 3422 3764 Si-

1854 3825 2006 3874 mon,
2038 3809 2171 3863 illud
2199 3824 2306 3862 non
2336 3807 2651 3874 intelligere,
2685 3821 2785 3859 nec
2816 3804 2949 3858 velle
2975 3804 3239 3868 conﬁteri,
3268 3818 3334 3856 ne
3364 3802 3417 3855 in

1853 3901 2156 3974 ignorantia
2200 3897 2626 3968 deprehendaris
2680 3907 2734 3951 et
2802 3896 3051 3965 arguaris
3107 3895 3251 3964 quod
3308 3908 3417 3947 non

1851 4004 2004 4052 stans
2051 3994 2127 4049 sis
2170 3990 2359 4046 Filius.
2392 3988 2447 4043 Id
2497 3992 2641 4043 enim
2686 3989 2918 4043 obscure
2966 3987 3261 4057 signiﬁcas,
3291 4002 3417 4040 cum

1850 4098 2030 4143 tamen
2078 4094 2263 4155 aperte
2302 4085 2482 4138 dicere
2520 4082 2660 4136 nolis
2689 4100 2703 4134 :
2734 4081 2876 4135 sicut
2918 4096 3019 4151 ego
3061 4081 3279 4149 quidem
3323 4088 3417 4132 tua

1850 4176 2080 4233 consilia
2117 4191 2183 4227 ex
2215 4174 2283 4227 iis
2308 4189 2429 4242 qua:
2461 4172 2647 4227 innuis
2672 4186 2966 4241 cognosco,
2999 4171 3091 4238 qui
3141 4186 3261 4224 sum
3302 4168 3416 4221 veri

1848 4268 2125 4339 prophetae
2150 4265 2477 4334 discipulus,
2508 4279 2614 4317 non
2660 4262 2941 4331 propheta.
2975 4260 3055 4315 'I'u
3107 4276 3237 4315 vero
3271 4260 3415 4314 clare

1848 4362 1991 4418 dicta
2022 4376 2130 4414 non
2161 4359 2467 4429 intelligens
2497 4366 2549 4410 te
2580 4354 2777 4408 Filium
2808 4354 2988 4409 dicere
3015 4354 3118 4418 vis,
3153 4352 3415 4407 resistens

202 4438 328 4510 Ἀρῶ
366 4458 455 4495 σου
484 4444 668 4495 πᾶσαν
699 4442 968 4513 πρόφασιν
994 4461 1006 4471 ·
1046 4440 1322 4511 ὁμολογῶ,
1360 4440 1491 4495 αὐτὸ
1520 4441 1581 4493 οὐ
1615 4458 1740 4495 συν-

1861 4455 2027 4509 iubis.
2055 4452 2122 4506 Et
2148 4452 2334 4505 Simon
2364 4468 2377 4505 :
2404 4447 2613 4501 Tollam
2639 4462 2854 4501 omnem
2883 4456 3032 4500 tuum
3059 4453 3371 4515 praetextum
3397 4461 3411 4497 :

192 4526 291 4595 ἧκα
311 4571 323 4593 ,
352 4532 402 4585 τί
443 4532 561 4586 ποτ’
589 4531 755 4594 ἐστιν,
781 4530 879 4585 καὶ
910 4531 999 4596 οἷς
1023 4529 1102 4586 ἂν
1124 4531 1423 4598 ,βούληται
1445 4531 1493 4562 ⁷⁸
1525 4534 1558 4584 ό
1610 4532 1742 4599 Υἱὸς

1861 4544 2041 4608 :‘atcor,
2090 4543 2193 4597 hoc
2218 4555 2325 4595 non
2370 4538 2605 4593 intellexi
2641 4535 2903 4606 quidnam
2938 4544 3115 4597 esset,
3138 4543 3188 4588 et
3222 4533 3410 4603 quibus

193 4619 595 4678 ἀποκαλύπτει.
629 4623 768 4692 Λέγε
789 4622 969 4675 τοίνυν
991 4622 1122 4675 αὐτὸ
1148 4622 1490 4694 σαφέστερον.

258 4731 374 4787 VIII.
414 4738 522 4789 Καὶ
572 4736 602 4788 6
635 4733 875 4805 Πέτρος·
932 4732 1146 4804 Ἐπειδὴ
1195 4732 1298 4786 κᾶν
1338 4734 1573 4804 σχήματι
1608 4732 1739 4785 αὐτὸ

194 4821 523 4898 ὡμολόγησας
566 4826 641 4897 μὴ
688 4824 943 4887 συνιέναι,
985 4823 1121 4895 πρὸς
1169 4823 1198 4876 6
1232 4823 1571 4893 πυνθάνομαί
1618 4840 1735 4887 σου,

1844 4639 1954 4693 vult
1982 4635 2156 4689 Filius
2192 4633 2401 4687 revelat.
2436 4630 2531 4685 Dic
2560 4644 2689 4701 ergo
2720 4629 2846 4682 illud
2875 4628 3197 4681 evidentius.

1918 4727 2051 4781 VIII.
2098 4725 2238 4779 Tum
2285 4723 2479 4777 Petrus
2522 4739 2536 4774 :
2583 4719 3058 4789 Quandoquidem,
3108 4717 3211 4772 etsi
3264 4715 3407 4779 ﬁcte,

1844 4821 1948 4876 hoc
1976 4819 2157 4873 fassus
2191 4831 2253 4871 es
2282 4828 2389 4868 non
2418 4812 2737 4881 intelligere,
2768 4811 2835 4864 ad
2870 4809 2922 4863 id
2969 4808 3114 4878 quod
3162 4816 3212 4862 te
3243 4808 3407 4861 inter-

1438 4937 1673 4993 VARIAE
1712 4930 2114 4991 LECTIONES.

286 5030 433 5102 "Em
458 5031 521 5102 C.
594 5030 985 5102 "Explanavit
1020 5033 1167 5086 hunc
1205 5032 1393 5102 locum,
1423 5042 1614 5102 contra
1652 5030 2102 5102 Schlietnannutn
2125 5022 2390 5102 pauidus,
2425 5020 2621 5102 Anual.
2654 5014 2836 5102 great:
2860 5011 3401 5102 T‘I‘Ibilig_.f.l§:llg_p.

196 5096 304 5172 55!.
322 5080 433 5172 8}"
452 5080 589 5172 ’ῖὲῷ
619 5080 985 5163 δῗτῖἶῖᾟῗ
1022 5080 1183 5155 Ῑῑτι
1207 5080 1412 5172 ὂκῖέἷε
1428 5080 2375 5172 Ϊβξῦίῐεῖαἶά-Ῐῗίδτῆς-ῖβουλῆςηο
2405 5129 2424 5172 ι
2450 5084 2873 5172 τφῖςῖβουλαῖὶ
2897 5080 3402 5172 δμαέδοὶῗνιθῇὶξξὲ

197 5170 233 5243 ς
460 5150 652 5243 70:7};
666 5150 1010 5243 ﬁaéEof'Au
1035 5150 1184 5243 νθξίί
1214 5150 1358 5234 οἶδας
1376 5150 1539 5224 incitat
1656 5150 1856 5243 ἧιίί
1888 5150 2228 5243 mutandum.
2258 5150 2374 5241 (llr:
2405 5150 3105 5243 Ll'ib.Ligeri/nﬁlpzﬁﬁh
3128 5150 3400 5243 ”

198 5230 534 5326 §v°.:.,€*=2§n<
561 5241 603 5326 (ἒ
633 5282 648 5305 ν
675 5229 910 5326 ’ἀθώοις
932 5242 1073 5326 emi-
1108 5241 1184 5326 ”;
1231 5229 1467 5326 TW}.
1493 5258 1542 5293 ε·
1560 5240 1613 5326 ..S
1641 5240 1834 5326 οὲῑτρίτλ

196 5317 239 5380 Ρ.
272 5307 385 5361 δδθ.
411 5299 547 5364 τως,
580 5299 683 5380 άγν

195 5369 385 5445 lacuna,
411 5382 529 5435 ead.
554 5369 700 5435 man.
732 5369 790 5436 III
814 5369 993 5452 marg.
1014 5369 1140 5445 ἴσως
1163 5369 1367 5451 ἕτερος.
1444 5380 1491 5411 ⁷³
1507 5379 1779 5442 ἁνθεστώς
1821 5369 1881 5432 C.

1841 5220 1867 5301 ς
1895 5238 1936 5290 C
1967 5276 1981 5299 ,
2001 5230 2398 5305 ποιήσῃςοοιῇ.
2707 5220 2968 5305 ἱίείόνὶΑεᾴ
2997 5221 3153 5286 Lob.,
3178 5220 3401 5305 Phry"...

1096 5290 1167 5363 νο⁷
1197 5329 1221 5374 ς
1245 5290 1430 5365 (λζ’-τἓ
1452 5290 1605 5362 Ila-(3
1718 5290 1770 5359 Iv),
1792 5290 1917 5369 ,Mw
1956 5290 2090 5375 αθῆς
2114 5290 2317 5355 ΕΠ)νο
2353 5290 2521 5359 ἑστώς
2554 5297 2747 5365 legitur
2772 5294 2825 5346 in
2859 5295 2899 5345 Ο
2946 5294 3003 5344 ὲτ
3023 5306 3146 5343 cum
3179 5290 3400 5358 parvula

732 5382 785 5411 :..
814 5352 965 5411 ...Ϊηη
1014 5314 1348 5411 “1-3.”..-
1444 5380 1491 5411 τι
1508 5379 1779 5411 ἢμην-,ςι-
1821 5326 1870 5411 lc?
1925 5323 2060 5411 Prud.
2110 5372 2226 5411 ἥηω
2267 5372 2331 5411 ﬂ-
2410 5366 2727 5411 τ’*ϐούληται
2769 5362 2831 5411 S.
2865 5364 2905 5411 Ο
2947 5402 2962 5411 .
2999 5359 3327 5411 ϐούλεταιε.

1974 5359 2226 5443 υιίῖἀρω
2267 5372 2333 5423 Ο.
2410 5359 2727 5437 τ’βούλῆται
2769 5362 2831 5425 S,
2865 5364 2905 5416 Ο
2947 5402 2962 5423 ,
2998 5359 3243 5432 βούλεται
3264 5359 3327 5411 C.

1465 5496 1825 5553 VARIORUM
1872 5491 2098 5549 ΝΟΤᾸΞ.

196 5585 307 5665 _ant
329 5592 526 5665 Simon
576 5594 764 5663 Magus
812 5592 978 5646 Deum
1011 5600 1349 5665 creatorem
1377 5605 1496 5643 esse
1538 5588 1721 5665 lilium
1831 5581 2182 5665 Turrianowin
2218 5573 2692 5647 Explanafiouibus
2725 5572 2793 5626 ad
2821 5565 3230 5626 Constitutiones
3258 5581 3401 5632 apu-

194 5656 356 5734 ignoti
370 5664 452 5717 dei
481 5665 584 5731 sui,
616 5655 821 5734 patrem
849 5679 976 5716 vero
1003 5660 1351 5734 Jesullhristi
1380 5658 1571 5734 nostri.
1614 5656 1725 5734 Iloc
1832 5655 2063 5709 sto/itas.
2093 5655 2229 5705 Cor.

194 5731 381 5800 monui,
410 5736 534 5806 quia
562 5727 714 5792 aliter
740 5743 1018 5805 acceptum
1045 5749 1074 5785 a
1102 5732 1217 5786 viro
1245 5730 1404 5785 docto
1434 5727 1724 5782 Francisco
