3860 6210
410 317 506 375 ιιι

1258 318 1315 373 S.
1355 317 1797 373 CLEMENTISI
1837 317 2001 371 ROM.
2045 315 2243 370 ΡΟΝΤ.
2282 315 2510 370 OPERA
2546 314 2771 373 DCBIA.

3548 315 3652 372 ΗΞ

407 446 559 501 rogo,
584 430 716 484 mihi
769 430 1053 501 responde,
1086 446 1150 484 ac
1188 431 1385 486 disces.
1411 430 1510 485 Dic
1542 431 1675 486 mihi
1716 450 1727 483 :
1766 431 1846 484 ais
1893 429 1981 483 Fi-

2083 428 2371 499 ἀπόκριναί
2408 447 2515 498 μοι,
2544 428 2637 481 καὶ
2666 428 2907 499 μαθήσῃ,
2934 428 3070 497 Λέγε
3101 444 3207 499 μοι’
3256 429 3360 501 φῂς
3397 428 3482 482 τὸν
3523 431 3656 485 Υἰὸν

409 522 564 587 lium,
619 522 932 592 quicunque
971 523 1060 587 sit,
1111 522 1322 591 justum
1370 537 1514 587 esse,
1549 522 1634 576 vel
1673 524 1814 575 non?
1843 520 1979 576 Res-

409 614 598 681 pondit
628 613 817 668 Simon
856 633 868 669 :
903 612 1299 668 Justissimum.
1334 612 1402 668 Et
1447 613 1642 670 Petrus
1670 633 1685 670 :
1712 614 1849 668 Cum
1881 630 1981 669 au-

409 715 514 758 tem
541 705 728 774 justus
759 706 850 771 sit,
878 720 977 759 cur
1000 720 1106 757 non
1134 706 1388 759 omnibus
1411 705 1633 773 revelat,
1664 707 1755 760 sed
1779 707 1980 777 quibus

406 795 559 848 vult?
600 795 676 849 Ac
720 794 950 848 Simon:
997 794 1264 860 Quoniam
1315 797 1410 865 qui
1448 797 1630 862 justus
1670 807 1773 863 est,
1813 799 1979 868 justis

406 886 648 939 revelare
678 886 810 938 vult.
856 885 1049 939 Petrus
1076 901 1093 939 :
1124 884 1310 940 Nonne
1342 887 1505 956 igitur
1553 903 1773 942 necesse
1801 898 1885 943 est
1912 890 1980 944 ab

405 994 472 1031 eo
502 983 758 1048 cognosci
788 988 1022 1033 mentem
1054 981 1418 1050 singulorum,
1452 993 1510 1035 ut
1539 983 1738 1036 revelet
1768 983 1980 1051 dignis?

406 1066 596 1121 Simon
630 1083 645 1122 :
678 1066 916 1123 Omnino
943 1072 1312 1124 necessarium
1344 1080 1426 1126 est
1474 1072 1546 1126 ita
1586 1073 1803 1127 habere.
1837 1072 1975 1127 Tum

402 1157 635 1213 Petrus:
665 1159 852 1229 Itaque
903 1161 991 1215 ille
1040 1164 1192 1217 solus
1222 1162 1417 1216 merito
1450 1164 1692 1218 revelare
1722 1164 1977 1219 definitus

400 1264 505 1317 est,
535 1252 626 1320 qui
655 1254 807 1306 solus
839 1254 1273 1324 uniuscujusque
1301 1266 1536 1309 mentem
1570 1257 1740 1321 novit,
1777 1265 1831 1311 et
1866 1271 1975 1310 non

403 1352 483 1407 tu,
517 1343 608 1411 qui
641 1360 708 1398 ne
753 1360 816 1399 ea
862 1345 1079 1414 quidem
1128 1361 1249 1416 quae
1280 1362 1310 1401 a
1354 1348 1510 1403 nobis
1539 1343 1797 1402 dicuntur
1822 1357 1975 1418 potes

401 1433 721 1504 intelligere.

469 1525 563 1583 IX.
606 1527 661 1583 Id
693 1527 911 1584 Petrum
942 1530 1210 1585 dicerztem
1243 1534 1475 1603 populus
1507 1534 1761 1591 laudibus
1788 1551 1976 1605 prose-

400 1628 561 1673 cutus
613 1630 715 1675 est.
755 1621 823 1675 At
875 1622 1086 1687 Simon,
1127 1624 1180 1677 in
1224 1626 1376 1693 lapsu
1421 1626 1813 1694 deprehensus,
1865 1644 1974 1697 pra:

401 1713 609 1780 pudore
640 1713 879 1778 erubuit,
907 1723 1069 1783 atque
1099 1714 1291 1771 fricata
1322 1716 1497 1772 fronte
1532 1719 1669 1772 dixit
1698 1738 1710 1773 :
1738 1719 1855 1773 Jam
1886 1736 1971 1773 me

401 1818 621 1870 magum
677 1802 828 1855 aiunt
882 1818 911 1857 a
955 1803 1115 1859 Petro
1154 1820 1261 1860 non
1297 1815 1505 1861 tantum
1539 1808 1766 1874 victum,
1797 1809 1889 1862 sed
1919 1820 1972 1864 et

399 1894 704 1947 rationibus
734 1910 1008 1963 pressum.
1037 1894 1153 1950 Non
1192 1909 1373 1952 autem
1423 1900 1549 1953 licet
1579 1899 1703 1968 quis
1750 1901 1972 1955 ratioci-

398 1986 716 2041 nationibus
763 1998 1079 2057 prcmatur,
1123 1989 1381 2058 abreptus
1429 1992 1711 2045 veritatem
1761 1993 1813 2045 in
1854 1994 1972 2062 ipso

400 2077 598 2131 vietam
652 2078 835 2133 habet.
886 2078 1069 2148 Neque
1119 2082 1263 2133 enim
1311 2080 1597 2136 inlirmitas
1634 2083 1973 2138 defendentis

401 2171 603 2225 veritas
634 2179 717 2225 est
747 2174 1073 2239 superantis.
1108 2172 1357 2228 Attamen
1388 2175 1475 2228 aio
1510 2175 1627 2240 tibi,
1656 2191 1742 2230 me
1782 2191 1972 2232 omnes

402 2269 646 2315 astantes
670 2262 1003 2331 judicavisse
1042 2264 1255 2333 dignos,
1290 2266 1383 2334 qui
1416 2266 1468 2318 in
1502 2267 1716 2320 areanis
1757 2266 1969 2321 Patrem

396 2363 807 2421 cognoscerent.
844 2352 1023 2419 Quare
1052 2371 1174 2409 cum
1208 2358 1379 2425 palam
1414 2357 1545 2426 ipsis
1571 2359 1772 2421 revelo,
1801 2370 1853 2413 tu
1879 2376 1972 2428 per

396 2444 655 2499 invidiam
686 2446 816 2499 mibi
869 2446 988 2499 illos
1023 2446 1285 2501 beneficio
1328 2447 1539 2503 allicere
1568 2451 1803 2519 cupienti
1846 2466 1971 2506 suc-

395 2552 608 2590 ωηερε.

464 2627 535 2683 Χ.
563 2627 707 2682 Dixit
737 2627 931 2684 Petrus
965 2646 980 2684 :
1013 2628 1303 2696 Quoniam,
1338 2640 1399 2685 ut
1445 2633 1693 2701 praesenti
1725 2635 1973 2688 multitu-

396 2720 510 2775 dini
539 2729 757 2790 gratum
796 2722 1024 2789 faceres,
1060 2724 1130 2776 ita
1172 2724 1388 2779 locutus
1414 2740 1494 2790 es,
1525 2742 1625 2795 ego
1653 2726 1828 2780 dicam
1859 2744 1967 2780 non

398 2820 569 2881 grate,
605 2811 694 2867 sed
723 2828 869 2866 vere.
915 2811 1011 2867 Dic
1061 2814 1219 2880 mihi,
1264 2830 1375 2884 quo
1405 2817 1567 2870 modo
1609 2818 1803 2889 dignos
1848 2836 1971 2877 esse

397 2904 685 2972 cognoscis
735 2911 976 2958 astantes
1012 2905 1333 2972 universos,
1381 2910 1822 2978 quandoquidem
1874 2914 1967 2967 tibi

398 2994 658 3047 iudicanti
690 3009 757 3047 ne
789 3008 929 3048 unus
958 2995 1175 3062 quidem
1209 2998 1435 3065 praabuit
1460 3004 1790 3056 assensum?
1831 3003 1965 3058 Nam

2080 520 2286 573 δίκαιον
2318 519 2476 583 εἶναι,
2509 521 2656 583 ὅστις
2694 522 2811 572 ποτ’
2847 520 3009 585 ἐστιν,
3052 521 3085 591 ἢ
3120 520 3216 586 οὓς
3258 522 3366 575 Καὶ
3400 523 3430 574 6
3466 522 3654 592 Σίμων

2080 614 2214 683 ἔφη·
2248 609 2614 665 Δικαιότατον.
2648 613 2757 665 Καὶ
2780 615 2809 665 6
2840 612 3067 683 Πέτρος·
3108 613 3325 675 Δίκαιος
3366 612 3423 665 δὲ
3452 612 3525 665 ῶν
3562 612 3655 666 διὰ

2078 704 2132 757 τί
2167 705 2241 774 μὴ
2268 706 2432 757 πᾶσιν
2477 703 2868 767 ἀποκαλύπτει,
2905 704 3017 756 ἀλλ’
3056 700 3136 766 οἷς
3162 703 3441 774 βούλεται;
3476 704 3587 758 Καὶ
3621 707 3652 757 6

2081 796 2291 866 Σίμων·
2330 796 2449 849 ’Ότι
2501 795 2705 859 δίκαιος
2752 795 2827 848 ὢν
2877 798 2987 858 τοῖς
3027 795 3196 861 ἀξίοις
3247 795 3652 850 ἀποκαλύπτειν

2081 888 2346 957 βούλεται.
2403 888 2512 940 Καὶ
2540 889 2568 939 6
2603 888 2840 958 Πέτρος’
2894 885 3099 940 Οὐκοῦν
3122 888 3167 918 ⁷⁵
3216 887 3430 956 ἀνάγκη
3486 887 3652 940 αὑτὸν

2079 980 2274 1032 εἰδέναι
2320 980 2412 1032 τὸν
2460 980 2688 1032 ἑκάστου
2726 978 2850 1031 νοῦν
2872 1017 2888 1041 ,
2938 978 3025 1030 ἵνα
3050 978 3219 1043 ἀξίοις
3250 978 3646 1049 ἀποκαλύτπῃ;

2078 1072 2246 1124 Καὶὸ
2288 1071 2497 1141 Σίμων’
2557 1070 2793 1140 Ἀνάγκη
2828 1071 2974 1123 πᾶσα
2990 1070 3035 1101 ⁷⁸
3076 1069 3246 1133 οὕτως
3282 1070 3442 1140 ἔχειν.
3485 1071 3655 1141 360

2078 1164 2232 1216 Καὶό
2259 1163 2461 1232 Πέτρος
2481 1178 2494 1192 ο
2524 1160 2729 1215 Οὐκοῦν
2753 1161 2913 1224 αὐτὸς
2946 1161 3103 1231 μόνος
3128 1161 3359 1230 εὐλόγως
3380 1162 3423 1193 ⁷⁷
3448 1162 3651 1214 ἀποκαο

2077 1257 2295 1309 λύπτειν
2323 1256 2549 1327 ὡρίσθη,
2584 1255 2741 1326 μόνος
2762 1255 2852 1308 τὸν
2880 1255 3109 1309 ἑκάστου
3127 1255 3251 1308 νοῦν
3276 1253 3447 1318 εἰδὼς,
3469 1256 3566 1307 καὶ
3586 1256 3650 1307 οὺ

2078 1353 2142 1405 σὺ
2167 1353 2195 1405 6
2220 1352 2354 1425 μηδὲ
2376 1350 2445 1404 τὰ
2477 1351 2564 1421 ὑφ’
2587 1350 2743 1421 ήμῶν
2768 1350 3034 1421 λεγόμενα
3064 1350 3355 1422 δυνάμενος
3389 1350 3650 1404 συνιέναι.

2146 1529 2234 1583 IX.
2272 1529 2444 1582 Τοῦτο
2497 1529 2592 1584 τοῦ
2644 1530 2854 1601 Πέτρου
2900 1527 3164 1591 εἰπόντος,
3213 1529 3320 1581 ἀπὸ
3386 1528 3482 1597 μὲν
3536 1526 3653 1581 τῶν

2074 1622 2244 1692 ὄχλων
2273 1620 2495 1709 ἔπαινος
2527 1622 2761 1690 ἐγένετο.
2802 1622 2858 1673 '0
2884 1619 2939 1671 δὲ
2978 1620 3159 1690 Σίμων
3202 1621 3522 1691 κατάφωρος
3555 1636 3653 1687 γε·

2074 1713 2263 1783 γονὼς,
2294 1713 2557 1777 αἰδεσθεὶς
2582 1713 2899 1786 ἠρυθρίασε,
2928 1715 3021 1768 καὶ
3068 1714 3129 1766 τὸ
3165 1712 3414 1782 μέτωπον
3452 1712 3655 1783 τρίψας

2004 1775 2045 1827 Β
2074 1775 2175 1879 έφη
2197 1775 2398 1857 ·->’Λλλ⁹
2428 1775 2737 1876 ἐμὲ-μάγον.
2761 1775 3008 1874 λέγοιισιν
3035 1805 3139 1858 ὑπὸ
3165 1775 3382 1874 ’Πέτρου
3414 1775 3656 1872 νικώμε-

2070 1918 2159 1954 νον
2182 1900 2248 1962 ⁷³,
2277 1898 2411 1951 ἀλλά
2433 1900 2526 1952 καὶ
2561 1897 3019 1968 συλλογιζόμενον.
3046 1897 3157 1949 Ούκ
3183 1900 3339 1960 εἴτις
3372 1897 3427 1948 δὲ
3458 1896 3652 1948 συλλυ-

2070 1992 2304 2063 γισθείη,
2342 1990 2738 2063 συναρπασθεὶς
2778 1990 2877 2061 τὴν
2915 1992 2971 2041 έν
3021 1988 3169 2058 αύτῴ
3208 1987 3459 2058 ἀλήθειαν
3506 2003 3654 2039 νενι-

2072 2082 2314 2153 κημένην
2339 2082 2469 2153 ἔχει.
2513 2082 2588 2135 Οὐ
2631 2079 2740 2151 γάρ
2781 2082 2813 2150 ή
2860 2079 3111 2133 ἀσθένεια
3164 2079 3257 2132 τοῦ
3312 2076 3655 2139 ἐκδικοῦντος

2071 2174 2297 2245 ἀλήθειά
2341 2176 2458 2226 ἐστι
2489 2173 2581 2226 τοῦ
2626 2172 2926 2242 νικωμένου
2952 2171 3017 2225 ⁷⁸.
3062 2173 3208 2261 Πλὴν
3240 2170 3380 2242 φημί
3429 2170 3653 2261 σοι,ῗὸτι

2070 2266 2180 2335 ἐγὼ
2210 2268 2337 2328 τοὺς
2368 2264 2726 2336 παρεστῶτας
2759 2263 2967 2324 πάντας
3012 2262 3193 2327 ἀξίους
3226 2264 3414 2333 ἔκρινα
3446 2260 3656 2329 γνῶναι

2070 2358 2160 2411 τὸν
2196 2361 2253 2412 ὲν
2278 2359 2607 2431 ἀπορρήτοις
2653 2357 2890 2429 Πατέρα.
2928 2357 3018 2440 Διὸ
3055 2354 3289 2425 δημοσίᾳ.
3322 2369 3425 2423 μου
3467 2352 3650 2414 αὐτοῖς

2069 2451 2559 2515 άποκαλύπτοντος,
2584 2453 2648 2505 σὺ
2675 2450 2835 2513 αὐτὸς
2860 2450 2903 2482 ⁸⁸
2926 2449 3013 2502 διὰ
3040 2449 3227 2519 φθόνον
3249 2446 3370 2518 ἐμοὶ
3392 2443 3471 2514 τῷ
3500 2445 3656 2513 εύερ-

2072 2545 2250 2610 γετείν
2281 2542 2478 2604 αὐτοὺς
2504 2540 2710 2594 θέλοντι
2742 2540 3105 2610 χαλεπαίνεις.

2144 2631 2211 2686 Χ.
2254 2634 2360 2685 Καὶ
2390 2634 2419 2686 6
2468 2633 2672 2703 Πέτρος
2718 2632 2820 2703 ἔφη
2847 2650 2859 2662 ·
2900 2631 3113 2701 Ἐπειδὴ
3158 2629 3497 2701 ἀρεσκόντως
3533 2629 3652 2689 τοῖς

2071 2723 2337 2795 παροῦσιν
2368 2723 2543 2793 όχλοις
2578 2724 2752 2787 οὕτως
2794 2724 2949 2794 ἔφης,
2986 2720 3094 2790 ἐγὼ
3119 2721 3229 2792 ἐρῶ
3260 2723 3358 2773 ούκ
3390 2719 3653 2790 ἀρεσκόν-

2071 2831 2198 2877 τως,
2224 2813 2335 2866 άλλ’
2363 2814 2407 2845 ⁸⁸
2440 2814 2676 2885 ἀληθῶς.
2699 2814 2837 2881 Λέγε
2864 2831 2971 2883 μοι,
3002 2812 3118 2875 πῶς
3149 2812 3330 2877 ἀξίους
3362 2810 3653 2862 ἐπίστασαι

2069 2905 2197 2967 τοὺς
2221 2905 2575 2974 παρεστῶτας
2602 2906 2829 2968 πάντας,
2852 2906 2984 2957 ὅπου
3015 2921 3094 2956 σοι
3117 2902 3421 2971 ὲκφαίνοντι
3442 2900 3547 2952 οὐδ’
3569 2896 3652 2963 εἷς

2073 2995 2357 3061 συνέθετο;
2414 2996 2475 3048 τὸ
2525 2998 2634 3069 γάρ
2688 2999 2809 3068 ἐμοὶ
2858 2994 3182 3067 ποιήσασθαι
3225 2992 3366 3046 κατά
3419 2990 3511 3043 σοῦ
3556 2992 3651 3045 τὸν

396 3084 542 3152 quod
578 3100 662 3139 me
692 3095 882 3140 contra
912 3093 961 3141 te
990 3086 1351 3155 laudaverint,
1384 3106 1488 3144 non
1516 3101 1597 3146 est
1626 3097 1970 3150 consentien-

2077 3087 2289 3159 Eirgtvov
2316 3088 2415 3140 οὐκ
2459 3088 2573 3141 ἔστι
2618 3088 3101 3158 συγκαταθεμένων
3145 3085 3255 3148 σοὶ,
3283 3084 3397 3137 ἀλλ’
3426 3084 3473 3114 υ
3502 3084 3650 3153 ἐμοὶ,

2080 3173 2106 3197 Ὗ

396 3178 532 3230 tium
566 3177 684 3245 tibi,
725 3178 817 3233 sed
866 3180 1023 3246 mihi,
1063 3182 1148 3235 cui
1181 3190 1234 3235 et
1270 3182 1481 3237 laudem
1533 3194 1788 3254 tanquam
1835 3188 1968 3243 bene

397 3268 578 3324 locuto
609 3271 937 3327 tribuerunt.
970 3271 1166 3328 Verum
1193 3274 1318 3343 quia
1352 3274 1516 3341 Deus,
1550 3286 1735 3346 utpote
1763 3280 1965 3349 justus,

397 3362 740 3432 singulorum
791 3375 1028 3419 mentem
1074 3366 1359 3435 dijudicat,
1393 3369 1537 3436 quod
1571 3379 1625 3423 tu
1663 3370 1846 3424 dixisti
1874 3388 1968 3425 ve-

395 3470 517 3507 rum
546 3471 686 3522 esse,
724 3456 777 3511 id
809 3457 987 3511 noluit
1019 3473 1114 3527 per
1146 3459 1421 3514 sinistram
1454 3461 1659 3517 dextris
1688 3462 1827 3529 dari,
1860 3479 1966 3532 qua

395 3547 629 3613 ratione,
658 3548 750 3617 qui
784 3549 987 3617 aliquid
1020 3565 1049 3603 a
1085 3550 1204 3605 fure
1230 3552 1446 3620 accipit,
1480 3562 1533 3606 et
1562 3553 1675 3622 ipse
1708 3570 1833 3609 reus
1862 3567 1963 3610 est.

395 3635 581 3711 Itaque
607 3653 726 3690 eam
756 3639 826 3693 ob
850 3654 1073 3694 causam
1108 3643 1251 3710 quod
1278 3659 1306 3696 a
1338 3652 1389 3698 te
1418 3643 1762 3712 alie-rebatur,
1794 3649 1968 3703 noluit

394 3744 489 3783 eos
527 3731 794 3799 accipere,
829 3733 920 3785 sed
968 3748 1063 3801 per
1105 3733 1325 3799 Filium,
1367 3737 1459 3806 qui
1515 3738 1578 3791 ad
1617 3740 1964 3795 revelandum

394 3822 728 3891 praestitutus
758 3834 859 3877 est.
894 3822 992 3878 Cui
1026 3827 1171 3879 enim
1203 3828 1456 3882 convenit
1497 3828 1710 3884 Patrem
1757 3835 1965 3887 revela-

396 3930 476 3979 re,
506 3922 865 3984 praetcrquam
901 3917 1001 3969 soli
1035 3915 1196 3983 Filio,
1243 3919 1371 3987 quia
1420 3920 1467 3975 is
1513 3920 1603 3973 tali
1642 3922 1968 3978 revelatione

393 4004 619 4073 dignum
647 4008 958 4077 cognoscit?
987 4006 1078 4061 Sic
1108 4025 1215 4062 non
1247 4019 1330 4064 est
1374 4011 1477 4066 hoc
1507 4013 1704 4067 docere
1745 4023 1839 4067 aut
1863 4014 1966 4067 do-

394 4096 532 4159 ceri,
566 4096 660 4150 sed
696 4096 954 4152 ineffabili
981 4114 1143 4152 manu
1176 4100 1225 4153 ei
1257 4101 1509 4167 revelari,
1536 4103 1631 4172 qui
1670 4102 1801 4157 illud
1825 4103 1969 4158 scire

392 4186 589 4255 dignus
618 4188 710 4243 sit.

463 4277 553 4333 XI.
588 4278 655 4334 Et
689 4279 918 4335 Simon:
970 4280 1221 4347 Multum,
1255 4280 1466 4351 inquit,
1498 4285 1756 4340 conducit
1790 4286 1856 4340 ad
1884 4286 1966 4340 vi.

391 4371 618 4424 ctoriam
644 4371 713 4435 ei,
752 4372 844 4441 qui
897 4372 1092 4425 bellum
1147 4373 1305 4442 gerit,
1362 4376 1597 4444 propriis
1646 4377 1724 4430 uti
1771 4378 1961 4432 armis.

2071 3178 2116 3247 ᾧ
2156 3181 2249 3233 καὶ
2298 3181 2389 3234 τὸν
2432 3180 2650 3257 ἔπαινον
2697 3182 2773 3244 ὡς
2819 3180 2993 3253 ὀρθῶς
3036 3178 3277 3249 εἰρηκότι
3323 3178 3649 3245 ἀπένειμαν.

2085 3274 2221 3327 Ἀλλ’
2262 3275 2448 3346 ἐπειδὴ
2494 3277 2523 3327 6
2559 3275 2691 3337 Θεὸς
2727 3274 2930 3336 δίκαιος
2969 3271 3043 3325 ὢν
3085 3270 3337 3342 βραϐεύει
3388 3268 3481 3321 τὸν
3515 3267 3651 3321 ὲκὰ-

2072 3383 2198 3419 στου
2230 3366 2374 3429 νοῦν,
2403 3367 2432 3418 6
2477 3367 2583 3435 φῂς
2624 3365 2822 3435 ἀληθὲς
2854 3361 3011 3425 εἶναι,
3051 3364 3206 3434 361
3242 3363 3342 3414 οὐκ
3378 3360 3444 3413 ἂν
3488 3359 3650 3411 ὲϐου·

2069 3457 2206 3527 λήθη
2234 3457 2321 3510 διὰ
2345 3458 2446 3527 τῆς
2487 3457 2781 3528 ἀριστερᾶς
2811 3457 2921 3516 τοῖς
2952 3452 3142 3518 δεξιοῖς
3161 3450 3319 3504 τοῦτο
3341 3448 3582 3518 δοθῆναι,
3604 3437 3653 3514 ᾧ

2069 3548 2209 3619 λόγῳ
2228 3550 2255 3601 6
2289 3546 2441 3618 παρά
2465 3546 2695 3599 κλέπτου
2722 3562 2775 3597 τι
2814 3544 2990 3596 λαϐὼν
3033 3545 3124 3595 καὶ
3162 3541 3321 3604 αὐτὸς
3350 3539 3652 3601 ὑπεύθυνός

2068 3642 2229 3692 ἐστιν.
2273 3640 2435 3717 ’Ὢεζτε
2458 3636 2647 3688 τούτου
2675 3636 2857 3717 ἕνεκεν
2891 3634 2951 3685 τὸ
2983 3634 3086 3686 ὑπὸ
3113 3632 3204 3685 σοῦ
3233 3631 3527 3703 φερόμενον
3547 3633 3653 3685 ούκ

2069 3730 2329 3800 ἠθέλησεν
2360 3703 2567 3791 αὐτοὺς
2602 3703 2804 3787 λαὸεῑνῖ,
2838 3722 2974 3775 ἀλλά
3011 3720 3099 3773 διά
3121 3719 3214 3773 τοῦ
3242 3722 3321 3782 είς
3343 3719 3404 3771 τὸ
3440 3720 3653 3773 ἀποκα-

2068 3823 2291 3875 λύπτειν
2315 3820 2361 3851 ⁸⁸
2392 3817 2698 3889 ὡρισμένου
2742 3814 2893 3868 Υίοῦ.
2941 3814 3060 3865 Τίνι
3101 3812 3209 3883 γάρ
3246 3810 3462 3879 εὔλογόν
3503 3813 3654 3866 ἐστιν

2067 3911 2475 3968 ἀποκαλύπτειν
2503 3910 2597 3962 τὸν
2622 3908 2858 3979 Πατέρα,
2894 3904 3072 3987 ira},
3108 3904 3272 3975 μόνῳ,
3295 3902 3382 3955 διά
3419 3902 3481 3955 τὸ
3510 3903 3653 3956 εἰδέ-

2066 4021 2155 4058 ναι
2198 4004 2294 4073 τῆς
2342 3999 2599 4070 τοιαύτης
2642 3996 3033 4064 ἀποκαλύψεως
3086 3993 3177 4045 τὸν
3243 3992 3419 4057 ἄξιον;
3463 3992 3654 4057 Οὕτως

2066 4098 2168 4151 οὐκ
2202 4096 2315 4148 ἔστι
2348 4092 2508 4146 τοῦτο
2537 4091 2742 4154 διδάξαι
2774 4089 2807 4159 ἢ
2851 4087 3183 4158 διδαχθῆναι,
3243 4086 3353 4138 ἀλλ’
3388 4085 3656 4156 ἀφράστῳ

2064 4191 2213 4260 χειρὶ
2262 4183 2709 4253 ἀποκαλυφθῆναι
2742 4180 2820 4250 τῷ
2863 4180 3020 4232 τοῦτο
3049 4179 3244 4231 εἰδέναι
3269 4176 3421 4247 ἀξίῳ.

2142 4281 2231 4334 XI.
2262 4280 2371 4332 Καὶ
2395 4280 2423 4331 6
2448 4276 2630 4346 Σίμων
2659 4274 2790 4342 ἔφη·
2819 4271 2960 4323 Πολὺ
2995 4269 3361 4341 συμϐάλλεται
3404 4267 3541 4339 πρὸς
3570 4268 3654 4320 νί-

2069 4390 2172 4443 κην
2193 4370 2273 4442 τῷ
2297 4365 2620 4438 πολεμοῦντι
2643 4365 2703 4417 τὸ
2733 4363 2880 4425 ἰδίοις
2898 4361 3202 4433 χρήσασθαι
3224 4359 3426 4423 ὅπλοις.
3461 4361 3526 4411 Ὃ
3540 4359 3654 4443 γάρ

390 4462 549 4529 Quod
575 4464 719 4517 enim
755 4464 879 4532 quis
905 4473 1072 4529 amat,
1111 4466 1274 4518 etiam
1304 4466 1515 4520 sincere
1545 4477 1724 4535 potest
1774 4468 1964 4523 defen-

2077 4430 2216 4534 φιλεῖ
2245 4430 2351 4525 ἰτις,
2374 4430 2470 4513 καὶ
2514 4456 2751 4527 γνησίως
2790 4454 3023 4506 ἐκδικεῖν
3047 4451 3286 4514 δύναται,
3331 4430 3653 4520 γνησίωςδὲ

390 4557 556 4608 dere:
585 4556 797 4609 sincere
820 4565 1001 4610 autem
1030 4557 1316 4610 defensum
1366 4574 1472 4611 non
1520 4559 1796 4628 vulgarem
1854 4560 1963 4614 vim

391 4648 576 4702 bal-et.
610 4648 737 4701 Ideo
790 4646 1061 4716 deinceps’
1092 4649 1238 4717 quod
1272 4665 1397 4703 vere
1444 4651 1621 4704 sentio
1671 4666 1959 4720 exponam.

387 4741 492 4794 Aio
522 4742 813 4809 quamdam
862 4745 914 4796 in
974 4742 1190 4796 arcanis
1234 4742 1486 4795 virtutem
1536 4757 1697 4809 esse,
1750 4745 1965 4798 cunctis

391 4834 657 4904 ignotam,
686 4835 785 4903 ipsi
814 4851 1035 4906 quoque
1089 4836 1276 4889 mundi
1323 4836 1526 4904 opilici,
1582 4836 1723 4891 sicut
1766 4846 1819 4891 et
1854 4838 1968 4907 ipse

387 4927 547 4982 Jesus
569 4928 727 4995 dixit,
749 4930 998 4983 nesciens
1022 4930 1151 4998 quid
1172 4930 1503 4998 loqueretur.
1520 4927 1795 4983 Interdum
1820 4932 1964 4984 enim

389 5036 455 5074 ex
487 5019 837 5088 multiloquio
884 5019 1082 5088 aliqms
1139 5034 1364 5088 scopum
1426 5020 1673 5075 veritatis
1722 5020 1959 5091 attingit,

391 5109 651 5178 ignorans
684 5106 817 5176 quid
849 5108 1016 5161 dicat.
1039 5107 1285 5178 Intelligo
1316 5119 1496 5163 autem
1516 5118 1571 5163 et
1593 5111 1659 5163 de
1682 5110 1960 5179 illo,quod

389 5198 797 5270 pronuntiavit:
833 5200 1003 5253 Nemo
1039 5201 1180 5253 novit
1209 5200 1447 5256 Patrem.
1498 5200 1565 5255 Et
1614 5200 1844 5255 Petrus:
1885 5201 1963 5255 Ne

2070 4553 2454 4623 έκδικούμενον
2498 4549 2558 4601 ού
2601 4548 2701 4618 τήν
2753 4543 3019 4614 τυχοῦσαν
3057 4542 3208 4611 ἰσχὺν
3232 4539 3363 4609 ἔχει.
3410 4537 3502 4625 Διὸ
3553 4538 3652 4591 τοῦ

2071 4645 2257 4699 λοιποῦ
2282 4646 2416 4713 ὅπερ
2441 4642 2608 4703 ὅντως
2632 4637 2812 4710 φρονῶ
2836 4635 3155 4705 ἐκθήσομαι.
3184 4631 3328 4702 Φημί
3353 4647 3473 4683 τινα
3497 4629 3655 4684 δύνα-

2078 4758 2167 4809 μιν
2194 4740 2249 4789 ὲν
2276 4735 2604 4806 ἀπορρήτοις
2629 4727 2765 4783 εἶναι
2788 4728 3063 4796 ἄγνωστον
3096 4727 3249 4789 πᾶσι,
3278 4725 3371 4777 καὶ
3398 4721 3546 4791 αύτῷ
3573 4722 3653 4793 τῷ

2074 4826 2411 4903 δημιουργῷ,
2447 4826 2523 4887 ὡς
2550 4825 2643 4878 καὶ
2665 4823 2825 4885 αὐτὸς
2846 4823 2875 4873 6
2904 4816 3111 4902 Ἰησοῦς
3144 4817 3383 4888 εἴρηκεν,
3409 4815 3509 4866 οὐκ
3533 4815 3659 4867 ἐπι-

2077 4923 2340 4992 στάμενος
2365 4919 2393 4970 ὃ
2423 4915 2739 4985 ἐφθέγξατο.
2787 4913 2881 4965 Ἐκ
2906 4906 3231 4969 πολυλαλιᾶς
3264 4907 3312 4938 ⁸⁵
3342 4904 3450 4977 γάρ
3478 4904 3657 4957 ἐνίοτε

2073 5013 2319 5081 εὐστοχεῖ
2338 5026 2422 5071 τις
2448 5006 2580 5077 πρὸς
2605 5004 2665 5057 τὸ
2699 5002 2913 5073 ἀληθὲς,
2943 5001 3044 5053 οὐκ
3068 4997 3223 5062 εἰδὼς
3244 4997 3271 5050 ὃ
3296 4996 3464 5064 λέγει.
3493 4996 3655 5063 Λέγω

2071 5107 2127 5159 δὲ
2151 5106 2246 5158 καὶ
2265 5103 2392 5172 περὶ
2415 5099 2628 5162 τούτου,
2650 5090 2709 5150 οῦ
2734 5096 2954 5165 εἴρηκεν
2969 5110 2981 5122 ·
3009 5091 3218 5159 Οὐδεὶς
3236 5090 3386 5157 ἔγνω
3409 5088 3513 5141 τόν
3532 5090 3657 5140 11a-

2071 5197 2229 5265 τέρα.
2269 5196 2379 5248 Καὶ
2421 5194 2449 5246 6
2496 5192 2725 5260 Πέτρος·
2754 5188 2825 5241 Σὺ
2852 5186 2921 5239 τὰ
2944 5182 3156 5237 ἐκείνου
3201 5180 3397 5234 εἰδέναι
3451 5178 3657 5249 μηκέτι

1656 5339 1887 5394 νΑΒιίΕ
1927 5335 2328 5393 LECTIONES.

455 5446 502 5479 τδ
519 5440 618 5493 οὐκ
641 5434 733 5492 οὖν
752 5438 813 5492 C.
892 5436 939 5473 ⁷⁸
953 5437 1081 5491 Post
1108 5438 1253 5489 πᾶσα
1284 5438 1333 5491 Ῑη
1359 5441 1399 5490 0
1445 5444 1763 5505 repetuntur
1800 5436 1923 5488 vbb.
1953 5433 2112 5486 αὑτὸν
2138 5431 2344 5505 είδέναιΔ
2364 5427 2455 5505 τὸν
2483 5415 3469 5505 ιέκάστουηνποῦν-ἵνα,,ξιξ-(λεδξιιιιῐιέξῑει-Μ

381 5504 562 5579 λόγως
583 5513 735 5564 deest
764 5510 816 5562 in
843 5509 902 5561 Ο.
966 5509 1012 5542 ⁷⁸
1029 5507 1325 5576 νικώμενος
1351 5510 1409 5559 0.
1446 5504 1647 5559 Deinde
1674 5507 1774 5557 οὐκ
1804 5506 1856 5557 εί
1880 5522 1963 5566 τις

389 5581 531 5633 t-mti.
588 5579 628 5633 C
661 5621 675 5633 .
724 5579 908 5633 αὐτοῖς
939 5578 1012 5631 id.
1058 5580 1110 5630 in
1158 5588 1305 5631 textu
1338 5589 1394 5630 ut
1425 5582 1486 5629 Ο.
1533 5576 1734 5630 Deinde
1791 5575 1963 5633 γαλεπ

389 5597 531 5644 ron].
588 5597 628 5633 La
661 5621 675 5643 ,

1992 5507 2033 5555 0
2091 5518 2141 5556 c.
2173 5502 2211 5551 υ
2241 5540 2254 5563 ,
2293 5500 2414 5567 οὐχὶ
2443 5499 2526 5558 τίς
2553 5495 2617 5548 C.

724 5579 908 5640 αὐτοῖς
939 5578 1012 5631 id.
1058 5580 1110 5630 in
1158 5573 1305 5631 textu
1338 5589 1394 5630 ut
1425 5582 1486 5629 Ο.
1533 5576 1734 5630 Deinde
1791 5573 2139 5645 χαλεπαίνεις

2695 5489 2909 5542 "Fort.
2959 5479 3251 5553 νικηφόρου
3291 5480 3366 5553 S._
3424 5479 3469 5509 ⁸⁸
3486 5480 3655 5553 αὐτός

2280 5548 2444 5623 υἷ’ὸχ
2476 5548 2712 5633 conject.
2762 5558 2803 5612 C
2835 5599 2850 5623 ,
2892 5556 2981 5625 cuj
3054 5548 3235 5607 tExtus
3284 5548 3650 5633 χαλεπαίνειν.

392 5621 628 5702 sinsi};
643 5621 1110 5701 ὁ,“ἠῗᾶἷ.)ξᾶ’0’.“
1160 5621 1326 5703 bibi-0
1760 5621 2346 5700 ⁷ἀποκειλύττ·εειν
2380 5640 2429 5692 in
2465 5641 2503 5689 0
2558 5621 2793 5703 spatium
2836 5634 3058 5697 apparet
3088 5634 3344 5679 vacuum.
3380 5621 3458 5674 Ita
3485 5621 3649 5688 pauit

390 5728 528 5787 post.
610 5721 653 5751 ⁸³
672 5719 988 5788 πολυλογίας
1018 5724 1075 5771 0.
