3860 6210
173 301 281 355 417

1186 294 1647 351 CLEMENTI‘NA.
1691 325 1759 337 —-
1796 295 2079 353 HOMILIA
2116 298 2300 355 XVIII.

3346 310 3451 367 418

245 408 386 465 XVI.
422 411 535 465 Καὶ
587 412 664 483 μὴ
715 410 873 478 λέγει
918 407 1217 478 Ἡσέϐησεν
1269 411 1349 472 εἰς
1396 410 1521 471 τοὺς
1572 409 1763 476 σοφοὺς

1944 412 2081 467 XVI.
2112 411 2298 485 Neque
2351 416 2581 485 nbjicias
2615 435 2628 472 :
2670 416 2874 490 Impius
2917 420 3127 477 exstitit
3168 424 3315 479 circa
3361 443 3457 480 sa~

168 501 390 573 κρύψας
433 500 577 554 αὐτὰ
615 501 710 554 ἀπ’
757 498 954 552 αὐτῶν.
982 499 1091 570 Μὴι
1120 498 1327 567 γένοιτο
1356 499 1515 552 τοῦτο
1561 499 1766 554 ὑπολα-

168 592 305 646 ϐεῖν.
336 593 411 645 Οὐ
438 592 550 664 γὰρ
580 591 871 664 ἠσέϐησεν.
891 590 1003 644 ἀλλ’
1028 580 1216 661 ἐπᾶδὴ
1241 591 1588 661 ἀπέκρυπτον
1606 591 1649 622 ¹⁰
1668 590 1767 661 τὴν

170 683 373 751 γνῶσιν
415 685 515 755 τῆς
544 683 843 753 βασιλείας,
877 683 971 736 καὶ
1007 681 1130 735 οὔτε
1165 684 1317 735 αὐτοὶ
1342 682 1611 754 εἰσῆλθον,
1644 680 1767 734 οὔτε

168 777 282 837 τοῖς
317 773 667 845 βουλομένοις
705 773 965 826 εἰσελθεῖν
1009 772 1307 845 παρέσχον,
1353 772 1544 826 τούτου
1582 772 1766 855 ἕνὲκεν

170 867 311 920 κατά
337 867 399 919 τὸ
430 867 662 930 δίκαιον,
698 866 774 929 ὡς
811 864 1134 937 ἀπέκρυψαν
1171 865 1324 918 αὐτοὶ
1354 864 1455 928 τάς
1484 864 1636 928 ὀδοὺς
1659 863 1768 918 ἀπὸ

168 956 279 1009 τῶν
328 957 615 1021 θελόντων,
666 956 809 1009 οὕτω
852 957 944 1009 καὶ
996 956 1092 1009 ἀπ’
1142 955 1321 1009 αὐτῶν
1367 956 1653 1027 ἀπεκρύϐη
1698 956 1769 1009 τά

166 1047 480 1119 ἀπόρρητα,
515 1048 622 1111 ἵνα,
648 1048 723 1110 ὡς
748 1046 1028 1116 ἐποίησαν,
1062 1047 1260 1117 ὁμοίως
1287 1048 1381 1100 καὶ
1403 1048 1585 1110 αὐτοῖς
1609 1048 1769 1118 γένη-

167 1157 281 1203 ται,
342 1141 436 1192 καὶ
484 1132 528 1207 ᾧ
577 1139 761 1211 μέτρῳ
806 1139 1137 1210 ἐμέτρησαν,
1192 1140 1433 1211 μετρηθῇ
1482 1141 1665 1204 αὐτοῖς
1708 1140 1770 1193 τὸ

167 1226 290 1285 ἴσον
319 1232 384 1285 ³⁸.
419 1232 510 1302 Τῷ
538 1231 648 1303 γὰρ
689 1230 825 1301 ἀξίῳ
856 1229 950 1282 τοῦ
984 1230 1206 1298 γνῶναι,
1243 1232 1407 1303 366
1437 1232 1464 1284 ὃ
1504 1234 1546 1269 ⁸⁸
1583 1232 1657 1303 μὴ
1691 1228 1770 1285 οἴ-

168 1322 286 1384 δεν,
330 1322 639 1391 ὀφείλεται,
700 1321 794 1375 τοῦ
829 1321 888 1374 δὲ
938 1321 1012 1391 μὴ
1056 1320 1240 1387 ἀξίου,
1287 1321 1389 1375 κάν
1429 1322 1561 1394 δοκῇ
1600 1322 1765 1393 ἔχειν,

169 1415 506 1483 ἀφαιρεῖται,
550 1412 655 1466 κᾶν
690 1415 747 1465 ἐν
772 1416 883 1476 τοῖς
927 1412 1107 1478 ἄλλοις
1220 1414 1401 1483 σοφὸς,
1442 1414 1536 1467 καὶ
1567 1415 1771 1468 δίδοται

168 1508 282 1567 τοῖς
323 1504 519 1569 ἀξίοις,
569 1503 672 1558 κᾶν
712 1506 769 1558 ἐν
813 1508 925 1569 τοῖς
963 1505 1175 1577 χρόνοις
1212 1506 1312 1576 τῆς
1337 1505 1632 1578 μαθητείας
1667 1500 1771 1560 ὦσι

170 1598 381 1667 νήπιοι.
1658 1636 1711 1663 η..

240 1685 407 1740 XVII.
463 1687 527 1739 El
562 1687 621 1740 δέ
673 1705 758 1751 τις
796 1688 943 1761 ἐρεῖο
1001 1687 1169 1742 Οὐδὲν
1203 1682 1272 1759 ἦν
1306 1688 1622 1759 ἀπόκρυφον
1656 1691 1771 1752 τοῖς

1871 505 2099 573 pientes,
2126 508 2409 565 occultans
2452 526 2513 564 ea
2553 511 2622 565 ab
2652 512 2778 566 illis.
2828 513 2986 567 Absit
3020 516 3291 583 suspicari
3322 519 3454 573 hac.

1867 596 1987 651 NOII
2015 600 2157 653 enim
2189 601 2389 671 impius
2423 604 2630 657 exstitit
2663 622 2677 657 :
2703 603 2797 658 sed
2827 614 3116 674 postquam
3149 609 3455 664 absconde-

1870 702 1997 744 runt
2021 693 2385 762 cognitionem
2413 696 2583 764 regni,
2615 704 2668 749 ct
2697 712 2877 766 neque
2901 697 3004 765 ipsi
3037 699 3271 768 ingressi
3304 713 3456 766 sunt,

1869 799 2047 853 neque
2100 787 2407 841 volentibus
2450 789 2654 853 intrare
2727 804 3119 845 concesserunt
3157 805 3183 832 ιι
3226 808 3347 851 e-Im
3390 796 3459 850 ob

1866 890 2089 931 causam
2125 877 2293 946 jnste,
2321 881 2780 948 quemadmodum
2840 882 2942 951 ipsi
2990 884 3105 938 vias
3154 885 3459 941 absmnde—

1867 978 1995 1022 runt
2035 984 2066 1023 a
2108 970 2441 1037 volentibus,
2492 971 2563 1026 ita
2591 974 2742 1027 etab
2787 974 2920 1043 ipsis
2954 976 3274 1031 abscondita
3328 989 3458 1034 sunt

1868 1074 2091 1126 arcana,
2114 1070 2194 1124 ut,
2222 1062 2680 1130 quemadmodum
2720 1064 2986 1131 fecerunt,
3019 1067 3271 1122 similiter
3308 1079 3361 1123 et
3387 1070 3457 1122 il-

1868 1150 1935 1205 lis
1966 1149 2137 1216 Iieret,
2162 1160 2234 1215 et,
2257 1167 2364 1221 qua
2410 1168 2663 1208 mensura
2723 1157 2901 1211 mensi
2948 1167 3096 1225 sunt,
3147 1161 3340 1229 aequali
3393 1161 3459 1216 iis

1869 1250 2283 1299 mensuraretur
2315 1243 2342 1282 ι)
2362 1282 2379 1298 .
2402 1242 2537 1297 Nam
2568 1246 2731 1316 digno
2759 1250 3121 1317 cognoscendi
3155 1251 3380 1306 debetur
3404 1252 3457 1306 id

1869 1331 2013 1398 quod
2054 1330 2267 1385 nescit:
2299 1331 2368 1386 ab
2396 1333 2620 1404 indigno
2660 1342 2864 1401 autem,
2902 1336 3028 1391 licet
3078 1337 3321 1392 videatur
3356 1340 3457 1391 ha-

1868 1421 2018 1487 bere,
2053 1422 2297 1477 aufertur
2346 1426 2684 1494 ¢,quamvis
2745 1426 2799 1480 in
2849 1428 2972 1481 aliis
3017 1430 3089 1483 sit
3133 1430 3373 1499 sapiens,
3402 1440 3459 1483 et

1868 1514 2047 1584 dignis
2072 1513 2255 1581 datur,
2306 1517 2522 1572 tametsi
2564 1526 2809 1597 tempore
2851 1535 2961 1590 quo
2987 1520 3207 1575 discunt
3244 1524 3456 1591 parvuli

1870 1607 2000 1661 sint.

1939 1694 2102 1751 XVII.
2135 1696 2289 1763 Quod
2334 1698 2380 1754 si
2409 1699 2608 1770 aliquis
2645 1702 2791 1757 dicat
2817 1721 2830 1756 :
2854 1702 2999 1758 Nihil
3042 1715 3159 1760 erat
3198 1706 3457 1761 lsraelitis

170 1777 307 1839 υἱοῖς
341 1776 582 1848 Ἰσραὴλ,
608 1775 699 1830 διὰ
722 1776 783 1829 τὸ
809 1778 1117 1850 γεγράφθαι
1144 1777 1283 1849 (60)’
1316 1774 1506 1831 Οὐδέν
1526 1793 1600 1831 σε
1630 1778 1763 1832 ἕλα-

1869 1790 2164 1856 occultum,
2194 1792 2321 1860 quia
2340 1793 2601 1862 scriptum
2629 1806 2714 1848 est
2742 1813 2756 1848 :
2790 1794 2940 1850 Nihil
2964 1809 3014 1850 te
3044 1799 3226 1863 latuit,
3252 1800 3453 1865 Israel;

172 1869 302 1926 θεν,
348 1868 615 1937 Ἰσραὴλ,
641 1868 727 1938 μὴ
760 1870 870 1939 γὰρ
902 1870 1097 1938 εἴπῃςν
1140 1867 1365 1932 Ἰακὼϐ,
1402 1870 1705 1937 ἀπεκρύϐη
1733 1870 1771 1937 ὴ

170 1958 315 2024 ὁδὸς
337 1959 440 2015 ἀπ’
468 1959 647 2027 ἐμοῦ·
693 1960 929 2014 συνιέναι
961 1960 1165 2029 ὀφείλει
1216 1976 1301 2022 τις
1345 1960 1428 2012 ὅτι
1473 1958 1544 2011 τὰ
1590 1958 1775 2029 διαφέ-

173 2067 341 2121 ροντα
365 2054 432 2121 τῇ
465 2050 708 2121 βασιλείᾳ
747 2050 1137 2123 ἀπεκέκρυπτο
1165 2050 1260 2104 ἀπ’
1292 2049 1493 2113 αὐτῶν,
1527 2050 1561 2120 ἡ
1586 2049 1641 2102 δὲ
1661 2051 1773 2103 εἰσ-

171 2141 418 2213 φέρουσα
440 2144 519 2205 εἰς
537 2143 636 2212 τὴν
669 2141 940 2211 βασιλείαν
960 2142 1153 2207 ¹³όδὸς,
1178 2142 1213 2212 ἦ
1245 2159 1329 2205 τις
1363 2141 1481 2194 ἐστὶ
1505 2141 1768 2207 πολιτεία,

168 2232 272 2284 οὐκ
297 2231 706 2304 ἀπεκέκρυπτο.
734 2230 1016 2306 Διάλιοῦτο
1046 2231 1156 2303 γάρ
1187 2232 1281 2285 καὶ
1311 2230 1485 2300 λέγει·
1519 2230 1617 2299 Μὴ
1658 2231 1772 2301 γὰρ

168 2323 354 2390 εἴπῃς
403 2322 494 2375 ὅτι
540 2323 844 2391 ἀπεκρύϐη
885 2322 987 2376 ἀπ’
1017 2321 1162 2392 ἐμοῦ
1193 2322 1232 2390 ἡ
1261 2320 1416 2387 ὁδός.
1467 2320 1615 2384 Ὁδὸς
1647 2320 1704 2374 δὲ
1737 2322 1771 2393 ή

170 2414 419 2466 πολιτεία
468 2415 650 2478 ἐστὶν,
694 2413 772 2484 τῷ
820 2413 914 2467 καὶ
956 2412 1046 2466 τὸν
1074 2410 1312 2483 Μωῦσῆν
1354 2412 1563 2481 λέγειν·
1615 2411 1771 2466 Ἰδοὺ

167 2504 407 2558 τέθεικα
433 2505 548 2572 πρὸ
580 2504 902 2574 προσώπου
952 2521 1070 2558 σου
1118 2503 1234 2571 τὴν
1274 2502 1418 2557 ὁδὸν
1449 2502 1560 2572 τῆς
1597 2501 1768 2572 ζωῆς,

167 2602 269 2656 καὶ
302 2600 419 2670 τὴν
450 2601 597 2654 ὁδὸν
628 2600 733 2653 τοῦ
767 2598 1044 2653 θανάτου.
1080 2598 1191 2651 Καὶ
1221 2600 1248 2651 ὁ
1282 2597 1606 2661 Διδάσκαλος
1635 2616 1771 2670 συμ-

167 2691 368 2762 φώνως
405 2687 560 2745 εἶπεν
581 2708 595 2721 ·
630 2689 953 2745 Εὶσέλθετε
993 2687 1090 2741 διὰ
1138 2687 1248 2756 τῆς
1280 2687 1503 2755 στενῆς
1537 2688 1635 2741 καὶ
1674 2705 1768 2742 τε-

168 2782 505 2854 θλιμμένης
556 2782 738 2847 ὀδοῦ,
792 2780 866 2834 δι’
918 2780 993 2847 ἧς
1040 2780 1467 2832 εἰσελεύσεσθε
1515 2781 1600 2844 εὶς
1654 2778 1770 2845 τὴν

166 2875 343 2942 ζωήν.
391 2876 503 2929 Καὶ
562 2872 821 2949 ἀλλαχρ
851 2889 988 2936 που,
1044 2870 1419 2942 ἐρωτήσαντός
1472 2887 1643 2933 τινος
1709 2868 1770 2924 Τί

166 2964 436 3031 ποιήσας
479 2960 631 3030 ζωὴν
661 2961 901 3015 αἰώνιον
932 2958 1366 3029 κληρονομήσω
1411 2959 1487 3024 ";
1539 2958 1637 3023 τὰς
1670 2957 1767 3011 τοῦ

165 3059 338 3130 νόμου
373 3056 595 3119 ἐντολὰς
626 3054 919 3118 ὑπέδειξεν.

1874 1896 1976 1934 tum
2030 1882 2169 1935 enim
2208 1883 2381 1947 dicas,
2428 1882 2617 1951 Jacob,
2653 1887 2959 1941 abscondita
3002 1899 3081 1943 est
3112 1894 3197 1945 via
3226 1909 3257 1945 a
3287 1909 3367 1945 me
3399 1891 3452 1959 ἀ,

1871 1972 2172 2041 intelligere
2192 1973 2353 2028 debet
2381 1976 2508 2043 quis
2535 1992 2658 2045 quae
2682 1977 2749 2031 ad
2775 1993 3001 2047 regnum
3027 1984 3295 2049 pertinent
3325 1983 3455 2037 alis-

1870 2063 2089 2117 condita
2121 2063 2294 2121 fuisse
2326 2065 2550 2132 abillis,
2587 2080 2642 2122 ut
2684 2069 2827 2123 viam
2858 2087 2981 2141 quae
3020 2074 3230 2128 inducit
3268 2075 3321 2128 in
3363 2092 3447 2130 re-

1870 2169 2058 2222 gnum,
2087 2170 2209 2223 qua:
2249 2164 2335 2210 est
2378 2158 2519 2211 ratio
2557 2159 2693 2213 bene
2728 2161 2967 2228 vivendi,
3000 2178 3106 2216 non
3131 2164 3299 2219 fuisse
3329 2168 3456 2221 abs—

1869 2244 2165 2298 conditam.
2207 2244 2333 2300 Ideo
2379 2248 2579 2301 etenim
2631 2250 2746 2303 ait:
2785 2248 2909 2303 Non
2945 2253 3084 2305 enim
3132 2253 3300 2320 diras,
3332 2258 3456 2310 abs-

1869 2336 2081 2389 condita
2107 2347 2184 2390 est
2214 2354 2246 2391 a
2278 2355 2357 2393 me
2380 2341 2486 2393 via.
2520 2338 2616 2394 Via
2645 2349 2826 2395 autem
2859 2342 2999 2396 bona
3024 2344 3145 2398 vitae
3180 2347 3318 2400 ratio
3347 2357 3454 2413 est,

1870 2440 1929 2480 III
1956 2428 2119 2482 etiam
2142 2446 2206 2484 ex
2236 2431 2320 2485 his
2344 2431 2548 2503 Moysis
2575 2434 2756 2488 verbis
2784 2436 3057 2505 colligitur
3088 2455 3101 2491 :
3137 2436 3271 2491 Ecce
3298 2442 3452 2507 posui

1869 2531 1989 2595 ante
2012 2521 2203 2590 faciem
2244 2534 2392 2577 tuam
2453 2527 2588 2579 viam
2636 2528 2758 2582 vita:
2800 2538 2848 2581 et
2888 2531 3029 2582 viam
3058 2534 3237 2586 mortis
3275 2545 3299 2572 ο
3332 2572 3345 2587 .
3390 2535 3455 2588 lit

1868 2612 2122 2683 Magister
2147 2617 2403 2671 concordi
2437 2633 2568 2673 voce
2595 2619 2732 2673 dixit
2764 2638 2777 2673 :
2811 2622 3020 2676 Intrate
3043 2640 3136 2693 per
3167 2612 3481 2695 angustam.

1868 2717 1919 2759 et
1965 2716 2169 2760 arctam
2210 2710 2369 2775 viam,
2398 2727 2490 2780 per
2531 2727 2687 2780 quam
2724 2713 2967 2767 invitam
3007 2718 3369 2785 ingredientini
3405 2720 3448 2770 ί.

1870 2796 1935 2852 Et
1960 2799 2110 2863 alibi,
2158 2798 2529 2871 interrogante
2569 2804 2847 2873 quodam:
2880 2807 3023 2870 Quid
3061 2809 3259 2876 faciens
3290 2815 3475 2864 vitam--

1867 2901 2119 2946 attentam
2142 2892 2416 2962 possidebo
2445 2896 2514 2948 3?
2540 2895 2672 2966 legis
2700 2898 2953 2952 mandata
2985 2903 3242 2955 ostendit.

237 3147 426 3202 XVIII.
470 3148 563 3201 Ἐκ
586 3147 642 3199 δὲ
673 3145 766 3200 τοῦ
801 3148 973 3199 εἰπεῖν
1002 3144 1095 3199 τὸν
1123 3143 1348 3196 Ἡσαΐαν
1376 3143 1439 3195 ὲκ
1472 3141 1763 3214 προσώπου

1936 3136 2121 3193 XVIII.
2166 3135 2243 3191 Ex
2286 3152 2352 3192 eo
2391 3146 2572 3192 autem
2600 3140 2743 3209 quod
2774 3138 2942 3196 Isaias
2987 3142 3038 3195 in
3077 3158 3307 3212 persona
3359 3142 3452 3198 Dt-i

163 3239 268 3293 τοῦ
296 3238 434 3292 Θεοῦ
453 3256 466 3269 ·
500 3238 746 3306 Ἰσραὴλ
777 3235 845 3313 δέ
865 3252 943 3306 με
973 3236 1085 3289 οὐκ
1113 3235 1286 3304 ἔγνω,
1322 3232 1422 3286 καὶ
1456 3236 1488 3287 ὀ
1515 3234 1663 3299 λαός
1689 3251 1768 3303 με

164 3335 239 3386 οὺ
272 3329 570 3398 συνῆκεν,
615 3330 677 3382 οὐ
723 3327 874 3409 παρὰ
917 3326 1077 3379 τοῦτο
1117 3325 1213 3379 καὶ
1259 3325 1287 3376 ό
1343 3324 1569 3388 Ἡσαΐας
1610 3324 1768 3407 ἄλλον

163 3421 320 3494 παεά
361 3421 453 3474 τὸν
498 3418 838 3490 ἐγνωσμένον
870 3415 1208 3488 Δημιουργὸν
1239 3415 1281 3446 ¹⁸
1314 3416 1563 3486 ᾐνίσσετο
1612 3415 1763 3482 Θεὸν,

162 3512 303 3567 ἀλλά
344 3512 435 3564 τὸν
484 3510 827 3580 ἐγνωσμένον
876 3507 1151 3576 ἄγνωστον
1186 3506 1371 3575 ἔλεγεν
1416 3505 1588 3577 ἑτέρῳ
1625 3506 1764 3558 αἰνί-

162 3620 359 3673 γματι,
395 3603 470 3665 ὡς
494 3603 593 3673 τὴν
624 3600 886 3663 διάθεσιν,
918 3599 1017 3670 τὴν
1055 3597 1269 3651 δικαίαν
1299 3596 1393 3649 τοῦ
1420 3596 1762 3667 ἐγνωσμένου

160 3695 325 3757 Θεοῦ,
351 3696 379 3747 ὁ
403 3694 531 3757 λαὸς
562 3691 772 3760 ἀγνοῶν
806 3690 1139 3761 ἡμάρτανεν,
1175 3688 1270 3741 καὶ
1296 3687 1400 3741 ὑπὸ
1430 3686 1525 3741 τοῦ
1552 3688 1761 3756 ἀγαθοῦ

162 3787 303 3841 Θεοῦ
340 3786 500 3858 367
534 3781 886 3855 κριθήσεσθαι
925 3781 1023 3850 οὐχ
1048 3777 1446 3849 ὑπελάμϐανεν.
1478 3776 1576 3831 Διά
1594 3776 1764 3857 ξοῦτο

166 3880 310 3953 μετά
341 3879 402 3932 τὸ
446 3880 649 3931 εἰπεῖν’
696 3872 945 3941 Ἰσραὴλ
986 3870 1053 3925 δέ
1096 3888 1174 3941 με
1218 3873 1328 3923 οὐκ
1368 3872 1542 3940 ἔγνω,
1598 3868 1695 3921 καὶ
1729 3871 1763 3922 ό

159 3975 312 4040 λαός
337 3988 414 4042 με
446 3972 516 4024 οὐ
548 3965 841 4035 συνῆκεν,
872 3962 1165 4032 ἐπαγαγὼν
1193 3962 1372 4031 λέγει·
1412 3960 1557 4015 Οὐαὶ
1589 3961 1762 4026 ἔθνος

160 4059 552 4131 ἁμαρτωλὸν,
603 4055 754 4121 λαὸς
786 4055 829 4086 ¹⁶
863 4053 1099 4121 πλήρης
1143 4051 1457 4121 ἁμαρτιῶν.
1518 4051 1596 4121 Τῇ
1652 4048 1761 4121 γὰρ

162 4154 303 4224 τερος
331 4152 392 4204 τὸ
420 4150 625 4203 δίκαιον
655 4145 819 4199 αὐτοῦ
867 4143 1109 4215 ἀγνωσία
1136 4144 1199 4208 ’⁷,
1240 4142 1315 4205 ὡς
1347 4140 1503 4211 ἔφην,
1541 4142 1616 4213 μὴ
1660 4158 1758 4209 φο-

162 4243 422 4314 ϐούμενοι
455 4241 682 4310 πλήρεις
714 4238 961 4304 ἐγένοντο
994 4232 1298 4304 ἁμαρτιῶν,
1339 4231 1497 4301 μόνον
1534 4229 1756 4304 ἀγαθὸν,

162 4336 240 4399 ὡς
297 4332 374 4405 μὴ
421 4329 847 4401 ἐπεξερχόμενον
899 4324 1078 4379 αὐτῶν
1131 4323 1230 4387 τὰς
1275 4321 1569 4393 ἁμαρτίας,
1618 4317 1757 4373 εἶναι

164 4424 549 4495 ὑπειληφότες.

1866 3229 1996 3285 dicit
2034 3248 2047 3284 :
2090 3228 2263 3283 Israel
2296 3239 2471 3282 autem
2533 3247 2611 3284 me
2663 3248 2764 3285 non
2816 3234 3088 3302 cognovit,
3126 3246 3175 3288 et
3228 3238 3452 3305 populus

1867 3342 1948 3378 me
1979 3340 2081 3377 non
2136 3323 2393 3377 intellexit
2425 3324 2489 3389 h;
2523 3341 2629 3379 non
2676 3324 2797 3379 ideo
2827 3325 2993 3381 Isaias
3033 3328 3220 3394 alium,
3258 3340 3450 3397 praeter

1866 3416 2143 3487 cognitum
2182 3415 2522 3481 Creatorem,
2552 3416 2883 3486 signiﬁcavit
2917 3417 3106 3485 Deum,
3134 3420 3225 3473 sed
3263 3422 3452 3489 cogni-

1865 3518 1979 3564 tum
2013 3508 2258 3577 ignotum
2308 3507 2568 3562 dixitalia
2622 3508 2835 3562 occulta
2872 3510 3291 3577 signilicatione,
3321 3512 3451 3580 quia

1864 3600 2117 3669 populus,
2137 3599 2345 3669 justam
2368 3600 2569 3670 cogniti
2599 3598 2692 3653 Dei
2719 3600 3131 3669 dispositionem
3165 3602 3451 3672 ignorans,

1863 3701 2203 3762 peccaverat,
2237 3708 2335 3747 nec
2368 3708 2426 3748 se
2462 3708 2491 3746 a
2520 3694 2664 3747 bono
2696 3691 3186 3762 Deo’judicandum
3220 3712 3450 3751 censue-

1863 3794 1966 3839 rat.
2007 3784 2298 3855 Propterea
2344 3793 2630 3854 postquam
2685 3785 2866 3839 dixit:
2908 3784 3087 3840 Israel
3137 3796 3314 3839 autem
3366 3803 3448 3840 me

1863 3894 1964 3930 non
1987 3879 2247 3947 cognovit,
2270 3886 2319 3931 et
2340 3878 2560 3945 populus
2591 3894 2669 3931 me
2692 3895 2795 3931 non
2820 3878 3099 3945 intellexit,
3126 3881 3407 3951 subjungit
3430 3900 3449 3936 :

1874 3968 1962 4024 Va:
1995 3969 2136 4040 genti
2162 3971 2465 4038 peccatrici,
2512 3972 2706 4040 populo
2751 3970 2903 4041 pleno
2955 3976 3183 4041 peccatis
3220 3972 3275 4025 i.’
3310 3970 3448 4028 Nam

1860 4063 1931 4116 ob
1958 4060 2316 4131 ignorantiam
2339 4060 2566 4129 justitiac
2610 4061 2827 4127 divinae,
2861 4071 2918 4116 ut
2954 4062 3189 4127 aiebam,
3226 4080 3334 4117 non
3379 4064 3449 4117 Ii-

1861 4163 2090 4219 mentes,
2122 4152 2267 4222 pleni
2308 4151 2432 4206 facti
2474 4162 2602 4207 sunt
2634 4154 2890 4221 peccatis,
2929 4155 3130 4209 bonum
3160 4156 3445 4220 duntaxat,

1862 4255 1921 4300 ut
1947 4254 2167 4315 peccata
2187 4260 2377 4301 eorum
2403 4259 2511 4299 non
2540 4244 2968 4313 vindicaturum,
2997 4244 3167 4300 Deum
3196 4248 3445 4301 arbitrati

1858 4355 2002 4394 esse.

234 4489 392 4570 XIX:
409 4516 521 4571 Καί
550 4531 699 4578 τινες
735 4511 833 4584 μὲν
869 4507 1042 4572 οὕτως
1073 4507 1405 4581 ἡμάρτανον,
1441 4506 1508 4558 ὲκ
1542 4505 1644 4577 τῆς
1672 4503 1762 4558 διὰ

1932 4492 2074 4547 XIX.
2104 4491 2172 4546 Et
2204 4489 2449 4546 nonnulli
2479 4489 2698 4560 quidem
2730 4490 2802 4544 ita
2834 4500 3193 4560 peccaverunt
3223 4505 3289 4544 ex
3322 4490 3443 4558 cpi-

161 4606 222 4659 τὸ
265 4605 473 4675 ἀγαθὸν
524 4603 748 4677 ἀκρίτου
795 4598 1135 4672 ὑπολήψεως.
1174 4598 1390 4669 ’Ἐτεροι
1431 4594 1492 4648 δὲ
1538 4594 1604 4647 ἐκ
1648 4592 1758 4646 τῶν

231 4733 259 4761 ι
296 4720 433 4775 Luc.
464 4735 543 4784 XI,
571 4717 660 4775 52.

232 4791 264 4832 1³
292 4790 487 4845 Matth.
516 4806 613 4852 VII,
638 4790 695 4843 2.

236 4873 261 4900 ο
294 4861 430 4917 Luc.
457 4876 577 4919 VIII.
608 4859 695 4914 l8.

232 4926 265 4970 ιι
288 4931 395 4986 lsa.
420 4946 511 4995 XL,
538 4929 628 4983 27.

235 5012 262 5042 ι
296 5000 457 5057 Deut.
487 5016 620 5064 xxx,
654 4999 745 5055 15.

1862 4587 2047 4651 nionc,
2094 4598 2202 4637 non
2248 4582 2364 4637 l'ore
2396 4582 2688 4651 judicium,
2722 4590 2942 4651 propter
2981 4579 3075 4635 Dei
3117 4581 3436 4635 bonitatem.

1926 4705 1954 4745 τ
1987 4705 2178 4761 Matth.
2202 4720 2299 4768 vn,
2330 4704 2418 4767 l5,
2449 4703 2532 4757 l4.

1931 4777 1957 4816 8
1984 4775 2118 4831 Luc.
2147 4790 2303 4841 XVIII,
2335 4775 2434 4842 18;
2467 4775 2652 4829 Matth.
2684 4787 2801 4836 xu,
2823 4771 2910 4829 16.

1926 4847 1954 4887 ιι
1985 4846 2086 4901 lsa.
2112 4862 2151 4913 I,
2182 4847 2236 4900 5.

1932 4918 1950 4957 i
1978 4917 2139 4981 lbid.,
2168 4916 2219 4970 4.

1446 5083 1682 5138 VARI/1‘3
1719 5073 2120 5137 LECTIONES.

236 5208 283 5241 ³⁸
311 5204 629 5277 ἀπέκρυϐον
666 5204 729 5277 C.
807 5204 849 5236 “
887 5200 966 5277 τῷ
1003 5198 1103 5277 ῐσςρ
1287 5195 1651 5277 news!“
1674 5194 1842 5277 ,u6~0
1871 5232 1887 5255 ,
1915 5188 2010 5243 τοῦ
2046 5189 2270 5277 γνῶν-αι,
2298 5186 2672 5277 τός’,ξᾷειυίοᾶ
2716 5185 2777 5277 ιθ.
2798 5185 3053 5277 ῃηΗιιονξι
3235 5186 3431 5277 LIII-si?

160 5279 257 5351 τὴν
575 5253 1032 5359 είσφέρουσανά.)
1058 5255 1441 5359 ίδΙκλη

160 5347 243 5404 est
282 5347 340 5403 in
369 5348 414 5401 Ο
468 5362 592 5401 cum
620 5347 848 5400 accentu
886 5360 916 5412 g

922 5339 1058 5394 ravi.
1102 5342 1163 5393 ln
1214 5332 1337 5392 an.
1364 5332 1449 5391 bis
1489 5336 1750 5390 scribitur
1791 5332 1919 5404 γάρ,
1946 5333 2199 5386 ultimum
2258 5336 2611 5400 expunctum.

1449 5256 1529 5323 σει
1560 5270 1621 5318 0.
1676 5256 1745 5296 ’³⁵
1761 5256 2093 5332 δημιουργόν
2138 5275 2247 5315 non
2287 5267 2466 5314 exstat
2497 5259 2549 5311 in
2591 5259 2652 5310 Ο.
2713 5257 2777 5332 ’ξ’
2794 5256 2901 5332 Pro
2926 5273 3060 5312 voce
3087 5256 3213 5332 λαός
3233 5258 3430 5332 lacuna

2710 5329 2754 5363 "
2772 5330 2840 5399 τῇ
2870 5328 3203 5397 ἀγνονωσίας
3224 5327 3345 5399 (sic)
3373 5343 3431 5397 υ.

162 5403 408 5489 ἀγνωσία
436 5418 500 5471 0.
527 5414 664 5471 Tum
696 5415 839 5470 idem
871 5403 1161 5483 ᾧοϐούμεν,
1189 5415 1455 5479 sequente
1497 5405 1690 5461 lacuna
1730 5419 1830 5475 pro
1860 5403 2054 5458 litteris
2076 5418 2146 5455 οι.

1499 5523 1869 5583 νΑῐιιοιιυΜ
1903 5521 2134 5579 NOTAE.

227 5633 346 5714 (βυ)
391 5631 496 5687 Διὰ
516 5631 582 5714 ζύ
608 5630 946 5714 γεγράφθαιε
980 5628 1119 5714 Nota
1174 5627 1229 5681 in
1256 5625 1571 5714 apocrypha
1625 5622 1801 5694 Opere
1838 5621 2213 5693 indiligentem
2242 5663 2257 5689 ,
2303 5636 2398 5678 seu
2464 5620 2649 5692 potius
2707 5616 3051 5675 temerariam
3101 5615 3428 5685 plerumque

162 5696 474 5760 divinorum
505 5696 846 5774 eloqui'oru'm
874 5701 1272 5773 allegationem.
1295 5696 1436 5757 Cor.
