3860 6210
424 310 553 372 ίὸιθ

1250 309 1305 363 S.
1347 302 1781 362 (ςιΕλιΕΜηιδι
1822 301 1985 355 ΠΟΜ.
2030 300 2227 354 ΡΟΝΤ.
2268 299 2493 354 Οῐηζῐὶλ
2536 299 2761 355 ΒίῘΒΙᾹ.

3609 298 3729 353 ΩΟ

443 429 549 484 Alii
576 443 703 481 vero
725 434 934 482 contra.
955 422 1089 477 Nam
1115 421 1521 491 Scripturarum
1542 420 1805 473 adversus
1852 418 2018 471 Deum

2132 414 2395 469 ὲναντίων.
2433 416 2542 478 Τάς
2582 416 2688 485 γὰρ
2716 414 2855 468 κατά
2888 417 2982 470 τοῦ
3014 418 3148 472 Θεοῦ
3190 418 3296 471 τῶν
3326 416 3561 487 Γραφῶν
3603 436 3735 486 φωο

442 536 607 576 voces
631 521 847 590 iniquas
870 529 921 573 et
960 518 1126 572 falsas
1149 517 1250 570 rati
1285 530 1441 567 veras
1464 527 1606 576 esse,
1637 526 1830 564 veram
1853 510 2023 579 ipsius

444 611 783 665 divinitatem
834 625 899 663 ac
949 610 1203 661 virtutem
1259 605 1589 659 nescierunt.
1659 601 2023 670 Quapropter,

443 703 603 773 quasi
634 704 747 772 ipsc
787 702 1015 769 ignoret,
1043 708 1097 752 et
1143 697 1383 752 caedibus
1431 696 1682 765 gaudeat,
1712 701 1767 748 ct
1818 692 2025 746 sacrifi-

445 798 655 853 ciorum
684 797 842 849 donis
879 809 1075 863 pravos
1095 792 1354 855 dimittat,
1390 797 1649 857 pra‘terea
1697 795 1751 839 et
1792 785 2028 853 decipiat

444 900 498 942 et
520 887 833 950 mentiatur,
860 894 1165 952 cunctaque
1193 881 1377 950 iniqua
1402 879 1584 943 faciat,
1614 879 1738 946 ipsi,
1772 889 1827 930 nt.
1857 877 2023 930 Deum

444 981 661 1041 imitati,
685 979 956 1048 peccando
985 978 1069 1045 pie
1093 991 1251 1045 agere
1282 973 1650 1029 crediderunt.
1705 970 1887 1036 Quare
1925 971 2025 1023 im-

443 1071 731 1125 inutabilcs
772 1070 837 1123 ad
878 1069 1073 1122 melius
1117 1067 1464 1127 exstiterunt,
1511 1072 1565 1115 ct
1607 1062 1868 1115 admoniti
1918 1076 2023 1113 non

441 1162 689 1216 conversi
733 1167 881 1213 sunt.
936 1155 1079 1210 Nihil
1132 1156 1278 1209 enim
1322 1153 1674 1216 verebantur,
1726 1152 1884 1221 quasi
1935 1165 2027 1219 per

441 1248 557 1303 haec
584 1246 888 1317 OperaDeo
916 1252 1102 1299 essent
1130 1244 1359 1299 similes.

510 1426 631 1480 XX.
656 1426 926 1481 Caeterum
954 1424 1018 1477 ad
1044 1438 1159 1487 eos,
1186 1420 1279 1490 qui
1306 1420 1471 1473 Deum
1503 1418 1662 1472 talem
1685 1425 1894 1487 putant,
1916 1431 2031 1470 me-

443 1520 552 1573 rito
581 1519 705 1588 quis
729 1526 940 1572 asserat
964 1516 1167 1570 dictum
1196 1514 1365 1567 fuisse
1390 1530 1403 1567 :
1433 1512 1598 1565 Nemo
1624 1510 1764 1564 novit
1790 1511 2026 1574 Patrem,

444 1613 549 1666 nisi
571 1610 768 1673 Filius,
797 1611 935 1664 sicut
960 1625 1050 1661 nec
1094 1606 1297 1659 Filium
1319 1606 1433 1675 quis
1462 1605 1624 1667 norit,
1661 1603 1762 1655 nisi
1792 1602 1955 1655 Pater
1978 1614 2025 1655 ει.

446 1703 513 1757 Et
537 1704 681 1773 jure.
727 1702 860 1756 Nam
902 1701 949 1756 si
989 1701 1391 1770 cognovissent,
1430 1712 1709 1766 nunquam
1754 1696 1906 1751 libris
1948 1712 2031 1749 re-

2123 508 2239 573 νάς,
2270 509 2485 573 ἀδίκους
2530 508 2695 573 οὖσας
2732 512 2825 563 καὶ
2865 512 3098 581 ψευδεῖς,
3132 511 3349 583 ἀληθεῖς
3384 511 3732 581 ὑπολαμϐά-

2123 616 2323 663 νοντες,
2365 601 2466 671 τὴν
2512 600 2679 664 ὅντως
2710 600 2874 654 αὑτοῦ
2906 602 3157 673 θειότητα
3205 604 3296 655 καὶ
3334 602 3564 671 δύναμιν
3617 603 3733 654 οὐκ

2125 690 2357 761 ᾔδεισαν.
2416 691 2613 769 Διρπερ
2671 691 2747 755 ὼς
2800 693 3116 761 ἀγνοοῦντος
3168 692 3331 746 αὐτοῦ
3378 695 3475 746 καὶ
3528 694 3733 761 φόνοις

2125 781 2399 851 χαίροντος
2426 781 2518 833 καὶ
2548 780 2745 833 θυσιῶν
2763 781 2954 853 δώροις
2985 782 3109 845 τοὺς
3144 785 3411 854 πονηροὺς
3433 784 3726 852 ἀφιέντος,

2127 872 2205 923 ἔτι
2258 871 2314 924 δὲ
2360 872 2453 924 καὶ
2506 870 2817 934 ἀπατῶντος
2858 872 2951 924 καὶ
2996 873 3321 943 ψευδομένου
3385 874 3477 926 καὶ
3532 874 3727 926 πάντα

2127 965 2284 1019 ἄδικα
2327 964 2623 1027 ποιοῦντος,
2648 966 2798 1017 αὐτοὶ
2828 965 2901 1027 ὡς
2937 966 3095 1035 ὃμοια
3129 967 3264 1019 Θεοῦ
3291 968 3332 998 ¹⁸
3359 969 3722 1039 ποιήσαντες,

2126 1055 2545 1127 ἁμαρτάνοντες,
2597 1054 2929 1127 ἰσχυρίζοπο
2962 1057 3221 1111 εὐσεϐεῖν.
3261 1057 3352 1133 Abte
3379 1059 3422 1089 "
3444 1061 3539 1111 καὶ
3571 1060 3723 1128 ἀμε-

2126 1147 2337 1199 τάθετοι
2369 1148 2447 1209 εἰς
2475 1147 2536 1199 τὸ
2567 1151 2811 1217 κρεῖττον
2833 1143 2992 1217 ἦσαν,
3034 1149 3126 1200 καὶ
3158 1148 3565 1218 νουθετούμενοι
3613 1148 3723 1200 οὐκ

2128 1238 2538 1310 ἐπεστρέφοντο.
2584 1240 2658 1290 υύ
2706 1237 2813 1309 γὰρ
2859 1238 3168 1306 ἐφοϐοῦντο,
3213 1239 3289 1303 ὡς
3329 1239 3407 1309 τῷ
3455 1238 3578 1308 Θεῷ
3628 1239 3722 1291 διὰ

2127 1330 2237 1382 τῶν
2259 1332 2515 1384 τοιούτων
2542 1330 2793 1401 πράξεων
2824 1330 3246 1401 ἐξομοιούμενοι.

2198 1421 2315 1476 XX.
2370 1423 2513 1494 Πρὸς
2555 1423 2612 1475 δὲ
2670 1425 2796 1485 τοὺς
2836 1422 3071 1475 τοιοῦτον
3114 1423 3272 1475 αὑτὸν
3306 1424 3351 1455 ¹⁰
3388 1422 3722 1494 νομίζοντας

2129 1511 2267 1569 εἶναι
2322 1515 2555 1583 εὐλόγως
2620 1515 2685 1569 ἄν
2738 1533 2824 1578 τις
2874 1516 3019 1583 λέγοι
3067 1515 3109 1546 ²¹
3159 1516 3437 1587 εἰρῆσθαι·
3500 1515 3723 1580 Οὐδεὶς

2129 1608 2280 1677 ἔγνω
2312 1607 2416 1659 τὸν
2440 1606 2689 1673 Πατέρα,
2713 1608 2763 1658 εἰ
2791 1606 2876 1675 μὴ
2904 1610 2936 1661 ὀ
2975 1606 3123 1672 Υἱὸς,
3155 1607 3235 1672 ὠς
3260 1604 3405 1661 οὐδὲ
3429 1607 3539 1659 τὸν
3576 1609 3724 1660 Υίόν

2130 1716 2218 1763 τις
2240 1698 2419 1761 οἶδεν,
2452 1702 2503 1751 εἰ
2528 1697 2613 1767 μὴ
2641 1701 2673 1751 ὀ
2697 1697 2913 1765 Πατήρ.
2946 1697 3057 1751 Καὶ
3081 1698 3321 1761 εἰκότως.
3353 1699 3417 1750 Εἰ
3439 1698 3550 1767 γὰρ
3582 1698 3722 1767 igni-

444 1811 573 1849 vera
635 1794 703 1848 ad
765 1793 1117 1848 tentationem
1170 1790 1388 1858 scriptis
1444 1797 1631 1842 contra
1674 1787 1865 1841 Deum.
1911 1802 2029 1840 cre-

2132 1808 2340 1853 σταντο,
2368 1791 2466 1842 οὐκ
2500 1791 2564 1843 ἂν
2597 1793 2715 1852 ταῖς
2742 1790 2906 1851 ὅντως
2940 1789 3075 1860 πρὸς
3106 1789 3404 1859 πειρασμὸν
3437 1787 3585 1842 κατὰ
3616 1786 3719 1840 τοῦ

444 1888 635 1941 dentes
670 1893 1005 1955 peccassent.
1040 1882 1146 1937 Sed
1186 1893 1239 1936 et
1284 1883 1391 1935 alio
1432 1879 1667 1949 quodam
1702 1880 1754 1931 in
1788 1879 1907 1931 loco
1932 1878 2025 1942 ait,

445 1980 635 2033 volens
670 1977 911 2046 apertius
934 1976 1013 2029 eis
1043 1975 1328 2029 ostendere
1360 1987 1582 2025 causam
1617 1988 1714 2025 cur
1740 1978 1985 2024 errarent
2012 1985 2024 2020 :

448 2068 574 2124 Ideo
603 2068 815 2133 erratis,
861 2069 1141 2120 nescientes
1193 2082 1312 2118 vera
1351 2063 1775 2133 Scripturarum,
1816 2072 2028 2131 propter

444 2162 584 2230 quod
614 2161 869 2228 ignoratis
917 2170 965 2212 et
999 2160 1243 2211 virtutem
1282 2157 1377 2210 Dei
1412 2158 1459 2210 ι’.
1492 2156 1758 2221 Quocirca
1810 2164 2023 2223 oporzct

448 2262 508 2305 ut
529 2253 903 2316 omnishomo,
926 2253 1017 2320 qui
1043 2250 1226 2303 salvus
1250 2264 1371 2303 esse
1393 2249 1685 2312 desiderat,
1710 2246 1801 2299 ﬁat
1824 2258 2031 2315 (quem-

446 2346 739 2399 admodum
770 2344 907 2397 dixit
938 2342 1211 2411 Magister)
1235 2342 1401 2411 judex
1434 2341 1697 2394 librorum
1747 2340 1812 2392 ad
1850 2348 2027 2392 tenta-

448 2437 651 2491 tionem
688 2436 1038 2505 scriptorum.
1074 2433 1147 2488 Ita
1189 2435 1334 2488 enim
1389 2434 1604 2487 locutus
1656 2440 1740 2486 est
1782 2450 1796 2485 :
1847 2430 2027 2483 Estote

446 2532 617 2601 probi,
666 2531 955 2598 trapezita.
1003 2526 1152 2597 Opus
1196 2538 1376 2580 autem
1431 2535 1515 2579 est
1560 2525 1857 2595 trapezitis,
1899 2525 2027 2593 quia

447 2624 635 2693 probis
660 2622 964 2677 adulterina
995 2621 1250 2691 permista
1272 2627 1420 2674 sunt.

516 2799 662 2855 XXI.
691 2799 783 2852 llis
815 2814 844 2852 a
874 2797 1037 2851 Petro
1060 2795 1245 2861 dictis,
1281 2794 1466 2849 Simon
1493 2810 1551 2850 se
1572 2794 1882 2865 perculsum
1914 2809 2027 2848 ser-

449 2909 611 2951 mone
661 2893 727 2945 de
777 2890 1076 2954 Scripturis
1124 2890 1422 2954 simulans,
1462 2897 1718 2958 tanquam
1764 2889 2028 2943 attonitus

448 2985 623 3039 dixit:
678 2984 837 3038 Absit
880 3000 909 3037 a
951 2999 1036 3037 me
1076 2991 1130 3038 et
1169 2983 1238 3036 ab
1265 2982 1454 3036 amicis
1496 2983 1650 3047 meis,
1683 2986 1805 3035 tuos
1838 2983 2029 3037 audire

450 3090 752 3129 sermones.
785 3072 1112 3143 thuandiu
1138 3070 1356 3141 quidem
1399 3071 1705 3126 nesciebam
1746 3080 1797 3126 te
1820 3072 1921 3126 ista
1960 3073 2026 3127 de

453 3166 600 3237 εει-ῆι.
614 3166 748 3221 turis
776 3166 997 3229 sentire,
1032 3164 1364 3220 sustinebam
1397 3172 1451 3218 et
1475 3164 1846 3234 colloquebar,
1880 3182 2026 3219 nunc

451 3269 633 3313 autem
656 3257 912 3313 abscedo.
942 3254 1266 3326 Oportuerat
1288 3271 1419 3311 sane
1444 3256 1708 3325 principio
1729 3273 1815 3311 me
1841 3272 2024 3311 reces-

457 3352 614 3412 sisse,
667 3349 926 3419 quoniam
989 3346 1171 3402 audivi
1224 3354 1279 3400 te
1327 3347 1640 3401 dicentem:
1682 3347 1793 3417 Ego
1836 3356 2026 3402 contra

452 3441 641 3497 mundi
666 3441 1014 3495 Conditorem
1045 3440 1178 3495 nihil
1205 3438 1427 3493 cuilibet
1456 3439 1694 3508 loquenti
1722 3439 1906 3503 credo,
1929 3454 2029 3494 nec

451 3534 678 3603 angelis,
716 3548 813 3588 nec
854 3531 1151 3601 prophetis,
1194 3546 1300 3585 non
1336 3527 1653 3598 Scripturis,
1700 3547 1804 3585 non
1847 3546 2029 3585 sacer—

450 3624 693 3687 dotibus,
730 3640 835 3677 non
878 3621 1214 3687 doctoribus,
1264 3637 1372 3676 non
1416 3621 1512 3675 ulli
1558 3621 1733 3683 alteri.
1778 3622 2027 3690 quamvis

452 3717 607 3785 signa
640 3716 768 3786 quis
798 3714 922 3769 edat
961 3723 1013 3769 et
1054 3714 1335 3783 prodigia,
1382 3715 1633 3783 quamvis
1678 3714 1731 3768 in
1781 3730 1903 3768 aere
1945 3714 2028 3767 in-

452 3807 680 3876 signiter
708 3805 929 3875 fulgeat,
955 3806 1037 3859 vel
1063 3821 1156 3874 per
1188 3806 1301 3860 visa
1351 3814 1444 3860 aut
1479 3821 1574 3875 per
1620 3806 1889 3860 insomnia
1936 3822 2025 3860 re-

450 3899 610 3951 velet.
641 3896 775 3961 Quis
804 3911 933 3966 ergo
968 3905 1017 3950 te
1043 3905 1219 3964 potest
1252 3912 1282 3950 a
1324 3896 1594 3951 sententia
1624 3896 1909 3960 deducere,
1931 3912 2027 3951 seu

452 3988 589 4041 bene
623 4002 718 4041 seu
747 3987 908 4052 male,
930 3996 987 4040 ut
1009 3987 1154 4039 aliud
1173 3986 1305 4055 quid
1331 3986 1536 4040 sentias
1560 3994 1753 4055 pt'azter
1770 4001 1893 4055 qua:
1912 3986 2027 4041 visa

454 4087 579 4133 sunt
614 4079 731 4143 tibi,
764 4078 857 4149 qui
889 4078 1027 4133 adeo
1060 4079 1220 4133 enixe
1254 4093 1319 4133 ac
1364 4080 1587 4132 immote
1626 4078 1680 4131 in
1711 4088 1805 4132 tuo
1822 4078 2027 4148 judicio

452 4186 759 4241 permancs.

520 4282 685 4336 XXII.
733 4281 798 4335 Et
837 4280 1031 4336 Petrus
1061 4281 1126 4335 ad
1159 4281 1437 4336 Simonem
1462 4281 1579 4336 haec
1610 4281 1927 4352 loquentem
1962 4297 2026 4338 ac

456 4393 807 4447 egressurum
840 4378 954 4431 ait:
985 4376 1180 4431 Adhuc
1211 4378 1334 4432 audi
1362 4393 1392 4431 a
1424 4392 1510 4431 me
1531 4377 1656 4443 hoc,
1686 4386 1741 4431 et
1762 4377 1896 4431 vade
1917 4392 2027 4446 quo

2127 1881 2262 1936 Θεοῦ
2290 1881 2611 1952 γραφείσαις
2646 1879 2847 1949 βίϐλοις
2881 1880 3223 1942 πιστεύοντες
3454 1881 3717 1950 ἡμάρτα-

2126 1990 2233 2027 νον.
2280 1973 2439 2025 Ἀλλά
2471 1972 2564 2025 καὶ
2590 1971 2929 2049 ἀλλαχῇ-που
2970 1970 3134 2039 λέγει,
3178 1970 3341 2023 θέλων
3375 1972 3719 2041 σαφέστερον

2127 2066 2306 2128 αὐτοῖς
2338 2065 2435 2135 τὴν
2470 2063 2644 2117 αἰτίαν
2682 2064 2778 2133 τῆς
2827 2062 3032 2133 πλάνης
3064 2062 3238 2115 αὐτῶν
3272 2061 3570 2128 ὑποδεῖξαι·
3608 2063 3718 2115 Διὰ

2125 2158 2301 2225 τοῦτο
2345 2155 2655 2210 πλανᾶσθε
2707 2158 2773 2218 ³³,
2804 2154 2889 2225 μὴ
2953 2154 3174 2221 εἰδότες
3222 2154 3294 2208 τὰ
3342 2152 3541 2221 ἀληθῆ
3593 2150 3719 2206 τῶν

2126 2224 2401 2319 Γρὲιφῶν,
2432 2249 2502 2302 οὗ
2530 2251 2729 2319 εἵνεκα
2757 2250 3023 2319 ἀγνοεῖτε
3054 2248 3150 2302 καί
3182 2247 3295 2315 τὴν
3316 2248 3575 2315 δύναμιν
3606 2245 3715 2297 τοῦ

2129 2314 2295 2394 Θεοῦ.
2330 2340 2421 2415 Διὸ
2455 2340 2535 2392 δεῖ
2575 2314 2749 2393 πάντα
2781 2314 3060 2411 ἀνθρωπον
3096 2340 3332 2410 σωθῆναι
3365 2314 3586 2391 θέλοντα
3619 2354 3717 2404 γε-

2124 2432 2328 2497 νέσθαι,
2354 2433 2429 2495 ὼς
2454 2433 2482 2486 ό
2507 2432 2832 2496 Διδάσκαλος
2864 2428 3036 2497 εἶπεν,
3072 2434 3261 2504 κριτὴν
3287 2432 3392 2483 τῶν
3414 2430 3554 2503 πρὸς
3588 2447 3715 2481 πει-

2128 2526 2334 2599 ρασμὸν
2363 2526 2673 2595 γραφεισῶν
2701 2526 2917 2596 βίϐλων.
2960 2526 3145 2588 Οὕτως
3184 2524 3291 2596 γὰρ
3319 2520 3471 2577 εἶπεν
3490 2541 3502 2553 ·
3534 2525 3714 2576 Γίνε-

2125 2620 2237 2672 σθε
2264 2613 2591 2684 τραπεζῖται
2634 2616 2879 2685 δόκιμοι.
2914 2614 3261 2688 Τραπεζιτῶν
3304 2615 3359 2668 δὲ
3396 2616 3575 2686 χρεία,
3623 2615 3712 2669 ὅτι

2125 2709 2237 2770 τοῖς
2266 2706 2507 2777 δοκίμοις
2538 2706 2632 2759 καὶ
2660 2704 2727 2757 τὰ
2762 2705 2993 2777 κίϐδηλα
3024 2706 3456 2777 ἀναμεμιγμένα.

2198 2798 2337 2853 XXI.
2372 2798 2551 2850 Ταῦτα
2587 2798 2681 2851 τοῦ
2708 2798 2913 2869 Πέτρου
2948 2797 3207 2862 εἰπόντος,
3228 2798 3257 2849 ὁ
3276 2797 3457 2868 Σίμων
3479 2798 3579 2851 ἐπὶ
3600 2800 3715 2860 τοῖς

2130 2890 2339 2965 ῥηθεῖσι
2370 2892 2497 2962 περὶ
2514 2889 2621 2942 τῶν
2648 2889 2878 2962 Γραφῶν
2906 2889 3408 2960 προσποιησάμενος
3431 2888 3715 2958 ἐκπεπλῆ-

2128 2982 2271 3053 χθαι,
2308 2982 2383 3045 ὡς
2416 2980 2667 3052 πτοηθείς
2708 2980 2752 3010 ⁸³
2787 2980 2922 3049 ἔφη·
2971 2978 3154 3051 Ἀπείη
3200 2996 3287 3049 μοι
3330 2979 3422 3032 καὶ
3453 2983 3573 3043 τοῖς
3611 2981 3713 3049 ἐμὲ

2131 3073 2393 3143 φιλοῦσιν,
2428 3072 2535 3124 τῶν
2576 3071 2682 3124 σῶν
2726 3070 3013 3124 ἐπακούειν
3046 3070 3234 3139 λόγων.
3268 3072 3375 3141 Καὶ
3423 3072 3587 3143 μέχρι
3616 3074 3714 3142 μὲν

2125 3167 2214 3219 ὅτε
2240 3166 2337 3219 ούκ
2370 3164 2513 3236 ᾔδειν
2546 3181 2603 3216 σε
2636 3164 2807 3216 ταῦτα
2838 3164 2965 3234 περὶ
2990 3162 3095 3216 τῶν
3123 3163 3351 3233 Γραφῶν
3384 3163 3712 3234 φρονοῦντα,

2125 3256 2419 3327 ἠνειχόμην
2447 3255 2539 3308 καὶ
2571 3254 2907 3325 διελεγόμην,
2942 3252 3036 3306 νῦν
3058 3254 3103 3285 ’⁸
3123 3254 3179 3307 δὲ
3204 3253 3523 3324 ἀφίσταμαι.
3562 3256 3711 3308 Ἔδει

2130 3345 2310 3415 μέντοι
2351 3345 2449 3415 τὴν
2501 3345 2672 3415 ἀρχὴν
2715 3342 3065 3415 ὑποχωρῆσαί
3110 3360 3196 3415 με,
3239 3344 3320 3396 ὅτι
3358 3344 3572 3414 ηκουσά
3617 3363 3709 3399 σου

2126 3436 2371 3505 λέγοντος
2390 3453 2403 3466 ·
2443 3435 2581 3503 Ἐγὼ
2605 3434 2742 3487 κατά
2764 3434 2856 3487 τοῦ
2886 3436 3166 3499 κτίσαντος
3199 3434 3287 3488 τὸν
3329 3437 3532 3508 κόσμον
3557 3439 3710 3492 οὐδὲν

2125 3527 2298 3579 οὐδενὶ
2329 3527 2565 3580 πιστεύω
2590 3526 2821 3595 λέγοντι,
2857 3524 2979 3578 οῦτε
3024 3527 3289 3595 ἀγγέλοις,
3330 3528 3452 3580 οὗτε
3494 3532 3709 3600 προφή-

2125 3635 2264 3682 ταις,
2296 3619 2356 3670 ού
2386 3619 2645 3690 Γραφαῖς,
2676 3618 2771 3686 οὑχ
2816 3618 3069 3687 ἱερεῦσιν,
3104 3621 3163 3673 ού
3201 3620 3561 3685 διδασκάλοις,
3608 3626 3708 3676 οὐκ

2128 3710 2270 3781 ἄλλῳ
2314 3712 2508 3775 ούδενί,
2543 3713 2646 3765 κᾶν
2694 3714 2897 3783 σημεῖά
2934 3730 3019 3775 τις
3063 3714 3155 3766 καὶ
3192 3715 3390 3786 τέρατα
3423 3720 3575 3787 ποιῇ,
3607 3718 3709 3771 κᾶν

2127 3803 2185 3855 ὲν
2232 3802 2351 3873 ἀέρι
2394 3805 2666 3872 ἐπιφανῶς
2707 3805 3013 3878 ἀστράπτῃ,
3060 3806 3090 3875 ἢ
3142 3805 3208 3858 δι’
3245 3808 3536 3877 ὁραμάτων
3580 3810 3706 3881 ἣδι⁹

2128 3893 2391 3947 ἐνυπνίων
2422 3894 2797 3967 ἀποκαλύπτῃ.
2848 3896 2943 3958 Τίς
2976 3892 3068 3949 οῦν
3105 3912 3163 3948 σε
3201 3901 3522 3967 μεταπεῖσαι
3552 3900 3707 3954 δύνα-

2128 4003 2217 4037 ται
2246 3984 2311 4049 ’⁸,
2346 3985 2454 4038 εἴτε
2490 3986 2667 4049 καλῶς
2717 3986 2825 4039 εἴτε
2870 3987 3054 4051 κακῶς
3089 3988 3154 4051 ⁸⁵,
3183 3988 3365 4065 ἕτερόν
3398 4008 3449 4043 τι
3490 3998 3704 4063 φρονεῖν

2131 4076 2281 4157 παρά
2308 4076 2376 4129 τά
2400 4077 2627 4143 δόξαντά
2660 4096 2761 4140 σοι,
2802 4080 3035 4151 ἰσχυρῶς
3056 4080 3196 4134 οὕτω
3226 4084 3268 4112 ’⁷
3305 4082 3397 4135 καὶ
3433 4084 3705 4157 ἀκινήτως

2130 4143 2447 4235 τῖῖσεαυτοῦ
2482 4165 2676 4234 γνώσει
2707 4167 3106 4241 ὲνδιαμένοντα.

2199 4277 2363 4348 369
2399 4277 2564 4333 XXII.
2606 4280 2715 4332 Καὶ
2740 4281 2767 4332 ὁ
2795 4281 2999 4353 Πέτρος
3026 4282 3196 4336 ταῦτα
3228 4284 3431 4339 εἰπόντι
3484 4286 3564 4357 τῷ
3613 4288 3700 4341 Σί-

2132 4390 2291 4444 μωνι,
2316 4372 2585 4426 ἐκϐαίνειν
2616 4373 2882 4445 μέλλοντι,
2915 4374 3016 4446 ἔφη
3039 4390 3051 4404 ·
3082 4377 3201 4428 Ἔτι
3226 4376 3381 4429 τοῦτὸ
3410 4395 3510 4448 μου
3538 4380 3701 4433 ἀνου-

455 4471 631 4539 cupis.
676 4469 901 4526 Simone
946 4485 1078 4525 vero
1132 4484 1398 4525 converso
1442 4484 1510 4524 ac
1558 4478 1893 4536 remanente,
1921 4468 1995 4523 Pe

2133 4482 2244 4528 σον,
2272 4465 2366 4518 καὶ
2417 4465 2649 4537 πορεύου
2684 4466 2819 4518 ὃπου
2844 4466 3035 4529 θέλεις.
3079 4467 3185 4520 Τοῦ
3226 4468 3284 4520 δὲ
3317 4468 3561 4539 Σίμωνος
3584 4471 3701 4525 ἐπι-

454 4571 575 4617 trus
614 4560 818 4628 :Novi,
846 4562 1042 4632 inquit,
1067 4576 1178 4631 quo
1222 4562 1385 4615 modo
1438 4569 1568 4616 tunc
1618 4560 1847 4616 audiens
1901 4576 2018 4630 per-

454 4656 643 4709 culsus
686 4655 786 4720 sis,
836 4655 966 4724 quia
1025 4654 1187 4709 dixi:
1231 4652 1557 4721 Quicunque
1606 4660 1796 4707 contra
1853 4651 2022 4706 Deum

457 4745 643 4798 mundi
672 4754 972 4799 creatorem
998 4744 1283 4814 quodlibet
1312 4744 1528 4798 locutus
1562 4741 1745 4808 fuerit,
1770 4758 1876 4797 non
1905 4759 2027 4798 cre-

456 4832 549 4887 do.
596 4831 753 4887 Nunc
798 4834 925 4889 audi
973 4834 1198 4902 insuper
1249 4833 1428 4901 majus
1459 4830 1785 4901 aliquid:Si
1837 4848 2025 4888 revera

457 4924 551 4992 qui
608 4925 873 4978 mundum
920 4925 1126 4979 ereavit
1182 4923 1327 4979 Deus
1382 4939 1447 4979 eo
1498 4924 1684 4978 animo
1719 4932 1884 4989 esset,
1915 4940 2026 4995 quo

464 5013 763 5084 Scriptura:
791 5014 1072 5083 denotant,
1100 5014 1231 5085 quin
1255 5016 1413 5076 adeo.
1448 5014 1495 5071 si
1527 5014 2027 5085 incomparabiliter

527 5156 555 5186 ι
586 5144 775 5201 Matth.
819 5164 898 5216 xl,
926 5148 1018 5203 27.
1092 5148 1121 5189 δ
1145 5146 1311 5204 Marc.
1347 5165 1446 5217 xu,
1472 5148 1560 5204 24.

2127 4556 2457 4627 πραφέντος
2507 4557 2599 4609 καὶ
2646 4558 3043 4628 ὲπιμείναντος,
3084 4558 3111 4609 ὁ
3150 4560 3355 4630 Πέτρος
3406 4560 3540 4632 ἔφη·
3574 4560 3700 4616 Οἶδα

2126 4648 2246 4712 πῶς
2277 4649 2397 4701 τότε
2430 4649 2642 4702 ἀκούων
2693 4650 3065 4722 κατεπλάγης,
3114 4652 3257 4704 ὄτι²⁸
3298 4649 3479 4706 εἷπονο
3518 4655 3701 4719 Ὅστις

2126 4742 2242 4792 ποτ’
2276 4739 2342 4793 ἂν
2429 4740 2569 4793 κατὰ
2591 4741 2685 4793 τοῦ
2708 4741 2798 4793 τὸν
2826 4743 3029 4813 κόσμον
3063 4744 3345 4808 κτίσαντος
3368 4745 3503 4797 θεοῦ
3530 4745 3699 4815 λέγων

2125 4832 2325 4898 ὁτιοῦν,
2361 4834 2422 4886 ού
2458 4834 2717 4888 πιστεύω.
2754 4836 2826 4887 Τὸ
2848 4837 2893 4867 ³⁸
2920 4836 2977 4888 δὲ
3028 4837 3120 4888 ἐπὶ
3162 4837 3349 4890 τούτου
3390 4839 3575 4909 μεῖζον
3608 4840 3699 4893 νῦν

2127 4927 2376 4981 ἄκουσον.
2417 4926 2542 4979 Ἐἀν
2567 4927 2646 4998 τῷ
2664 4928 2777 4980 ὄντι
2809 4928 2837 4979 ὁ
2866 4928 2957 4981 τὸν
2992 4929 3195 4999 κόσμον
3222 4929 3411 4992 κτίσας
3442 4930 3576 4994 Θεὸς
3604 4933 3699 5003 τὴν

2132 5018 2355 5091 γνώμην
2399 5020 2639 5085 τοιοῦτος
2661 5021 2706 5053 ³⁰
2733 5020 2808 5074 ὢν
2852 5021 3116 5093 τυγχάνῃ,
3151 5023 3329 5076 ὁποῖον
3380 5024 3436 5076 αἰ
3484 5025 3697 5096 Γραφαὶ

1715 5259 1949 5315 VARL‘E
1989 5258 2386 5315 LECTIONES.

529 5371 571 5444 ξε
588 5367 705 5440 Θεῷ
739 5370 840 5436 ιριζί
871 5371 986 5425 vult
1011 5370 1075 5424 D.
1156 5374 1197 5405 "
1236 5373 1303 5427 δι’
1333 5374 1361 5426 ὅ
1389 5371 1448 5428 C.
1477 5372 1616 5427 Tum
1644 5374 1967 5443 ἀμετάθετοι
1996 5377 2038 5428 0
2109 5385 2163 5429 et
2192 5391 2257 5429 ex
2286 5373 2517 5442 conject.
2546 5371 2630 5444 β,
2665 5372 2996 5444 ἀμετάθετον
3046 5374 3187 5430 idem
3231 5378 3285 5431 in
3325 5386 3497 5432 textu.
3571 5379 3673 5434 ³⁸0

456 5441 581 5492 exh.
619 5457 685 5509 με
708 5450 1036 5510 expunctum
1071 5452 1191 5510 post
1212 5444 1393 5497 αὐτόν.

441 5579 502 5635 ."
522 5579 681 5642 καλὸς
704 5581 810 5633 εἴτε
842 5582 1009 5645 κακός
1025 5579 1084 5636 Ο.

458 5715 803 5775 ωυὺοηίιιηί
863 5722 1006 5793 conj.
1046 5715 1208 5781 etiam
1246 5727 1301 5780 S.

1496 5444 1573 5476 Ii‘l

458 5444 581 5519 exh.
619 5457 685 5509 με
708 5450 1036 5510 expunctum
1065 5444 1393 5564 postabrév.
1496 5444 1704 5511 ²¹λέγοι
1733 5447 1774 5497 Ο
1841 5461 1893 5499 c.
1940 5444 1979 5497 S
2009 5486 2022 5509 ,
2066 5446 2238 5513 λέγων
2276 5446 2335 5499 C.
2442 5446 2486 5475 ’³
2509 5444 2806 5495 πλανᾶσθαι
2840 5450 2877 5496 U

458 5511 556 5586 ill;
590 5526 671 5586 tu,
869 5512 914 5542 ”
932 5528 1057 5586 πθιη
1097 5512 1176 5575 εἰς
1204 5516 1299 5586 9._
1342 5514 1481 5586 ¹³⁸τᾶιῄ
1513 5513 1607 5586 νῦν
1632 5530 1683 5586 p.
1717 5513 1811 5567 νῦν
1841 5518 1902 5567 0.
1981 5518 2024 5547 ³⁸
2046 5532 2304 5586 μεταπεις
2327 5518 2463 5583 (seq.
2512 5513 2877 5586 lacuua)ra-cat

706 5584 821 5665 sire
842 5584 1084 5665 xaxdgnt).
1173 5584 1228 5663 ,π
1244 5584 1429 5665 οὔτ-ως.
1444 5584 1507 5639 C.
1530 5584 1792 5665 “Subinde
1818 5586 1913 5665 καὶ
1943 5584 2082 5665 (ῥοιῇ.
2114 5587 2330 5665 lacuna)
2359 5603 2446 5665 ται
2471 5584 2535 5665 τῇ
2577 5598 2623 5651 p,
2642 5585 2777 5665 Πκαὶ.
2799 5586 3161 5665 ἀκινητωςᾲτῇ
3276 5658 3306 5665 η
3334 5590 3476 5665 “fit:
3576 5630 3593 5653 ,
3615 5590 3691 5645 ὅτι

460 5647 560 5739 ᾗς)
586 5718 598 5739 1
621 5660 674 5704 et
697 5651 759 5731 in
788 5652 1062 5732 'Iextunc,
1092 5653 1186 5735 qui
1223 5656 1368 5739 conj.
1395 5657 1484 5739 in
1523 5654 1606 5733 ἄν.
1644 5654 1884 5739 Subinde
1927 5647 2077 5739 εἶπεν
2205 5647 2346 5709 [dem
2368 5655 2464 5739 “av
2558 5647 2605 5706 ὁ.
2631 5652 2679 5739 IS
2710 5692 2722 5714 ,
2752 5653 2816 5739 ay
2850 5651 2897 5707 εἷ
2927 5647 2985 5711 C.

1393 5727 1437 5757 ³⁰
1454 5724 1691 5778 τοιοῦτον
1714 5729 1755 5779 Ο
1785 5766 1798 5791 ,
1829 5727 2069 5798 τυγχάνῃ
2103 5728 2244 5782 idem
2284 5742 2333 5781 c.
2368 5724 2405 5779 S
2434 5766 2446 5791 ,
2479 5723 2730 5793 τυγχάνει
2757 5725 2819 5779 C.

2442 5446 2486 5475 ³³
2509 5441 2806 5495 πλανᾶσθαι
2840 5450 2901 5496 υ.
2940 5444 3078 5498 Tum
3120 5448 3325 5500 εἵνεκεν
3355 5446 3396 5503 C
3451 5449 3599 5502 hom.
3632 5467 3690 5511 ll.

2924 5531 2975 5583 p.
3034 5522 3354 5584 μεταπεῖσαι
3386 5518 3603 5572 δύναται
3630 5521 3688 5573 0.

3070 5660 3112 5691 ’⁸
3126 5658 3220 5711 τοῦ
3268 5658 3330 5713 (ἶ.
3386 5658 3688 5715 Lectiouem
