3860 6210
139 280 249 337 625

1230 277 1686 336 CLEMENTINA.
1726 312 1795 323 —~
1834 275 2118 334 HOMILIA
2156 276 2297 333 XIX.

3281 267 3384 324 £26

138 401 288 463 σθαι,
345 399 419 471 μὴ
443 399 487 431 ’τ
520 400 676 470 μόνον
710 402 837 472 περὶ
880 392 954 455 ὧν
1004 399 1281 471 ποιοῦμεν,
1326 399 1438 453 ἀλλ’
1463 398 1583 467 οὐχ).
1631 398 1724 449 καὶ

1838 396 2009 450 dimus
2047 396 2313 467 judicium
2358 392 2494 459 fore,
2542 408 2721 447 nonne
2754 392 3018 447 duntaxat
3060 389 3125 443 de
3159 388 3225 445 iis
3269 404 3393 460 qua!

140 496 271 564 περὶ
294 486 371 546 ὧν
404 492 749 556 πιστεύοντες
777 492 1063 563 λαλοῦμεν,
1100 492 1193 545 καὶ
1218 492 1490 559 διάητοῦτο
1520 492 1720 562 τολμη-

139 585 362 657 ρότερον
395 586 523 657 περὶ
544 585 677 638 Θεοῦ
698 584 1093 656 διαλεγόμεθα;
1139 585 1197 637 '0
1218 584 1276 637 δὲ
1306 585 1509 655 Σίμων,
1543 584 1721 646 συνεὶς

138 675 221 727 δτι
263 676 402 746 πρὸς
444 676 543 746 τὴν
586 676 841 729 ἀπόνοιαν
870 674 1032 729 αὑτοῦ
1068 676 1307 748 εἴρηκεν,
1338 675 1462 745 ἔφη’
1504 673 1633 743 Ἐμὲ
1659 671 1723 725 ἔα

139 764 503 829 κινδυνεύειν,
550 766 612 819 σὺ
640 766 718 829 δὲ,
761 766 827 836 ῆν
875 767 980 836 φῂς
1033 764 1396 836 βλασφημίαν,
1453 763 1722 835 πρόφασιν

140 849 277 920 πρὸς
305 850 653 922 ὑποχώρησιν
689 853 762 924 μὴ
803 852 1063 923 λάμϐανε.
1099 851 1309 905 Συννοῶ
1353 852 1462 923 γάρ
1503 869 1561 904 σε
1598 850 1721 921 βου-

139 940 366 1011 λόμενον
392 941 834 1005 ὑποστέλλεσθαι,
862 945 1008 1008 ὅπως
1031 945 1120 998 τὸν
1146 945 1237 997 ἐπὶ
1259 944 1367 999 τῶν
1389 944 1561 1014 όχλων
1582 942 1726 1011 ἔλεγ-

140 1045 232 1097 χον
260 1028 527 1103 ἐκφύγῃς,
556 1030 645 1084 ὁτὲ
675 1032 771 1101 μὲν
795 1030 869 1097 ὼς
895 1031 1081 1096 δεδιὼς
1108 1034 1447 1104 βλασφημίας
1473 1034 1720 1096 ἀκοῦσαι,

139 1120 303 1173 ὁτὲδὲ
336 1123 461 1175 ἐπεὶ
505 1123 579 1195 μὴ
608 1124 915 1203 γέγραπται
955 1126 1070 1189 πῶς
1116 1127 1209 1179 καὶ
1235 1126 1281 1157 ⁸⁸
1312 1124 1415 1178 ὑπὸ
1450 1125 1592 1188 τίνος
1632 1125 1726 1178 καὶ

138 1212 225 1265 διὰ
256 1213 313 1266 τί
338 1215 560 1283 γέγονεν
584 1219 612 1270 6
641 1198 893 1288 πονηρὸς,
920 1218 1000 1271 ὅτι
1028 1220 1101 1290 μὴ
1128 1219 1232 1289 χρὴ
1260 1218 1440 1299 πλεῖον
1470 1217 1569 1288 τῆς
1593 1218 1728 1289 Γρα-

142 1305 249 1375 φῆς
271 1306 481 1377 τολμᾷν
523 1307 721 1376 λέγειν’
750 1307 829 1391 δέ)
862 1310 956 1362 καὶ
996 1310 1072 1372 ὡς
1112 1309 1339 1385 εύλαϐὴς
1366 1294 1541 1362 *τοῦτο
1569 1309 1725 1380 μόνον

143 1395 402 1464 βεϐαιοῖς,
428 1398 508 1451 ὅτι
536 1398 700 1455 ἔστιν.
728 1400 913 1454 Ταῦτα
939 1400 995 1453 δὲ
1023 1398 1409 1471 μηχανώμενος
1433 1398 1657 1452 σεαυτὸν
1681 1399 1726 1431 ⁵⁸

140 1486 379 1559 ἁπατᾷς,
432 1488 532 1542 οὐκ
576 1490 732 1553 εἰδὼς
777 1491 878 1555 ὅτι,
908 1492 957 1544 εί
1002 1490 1316 1562 βλασφημία
1349 1490 1466 1543 ἐστὶ
1518 1490 1645 1561 περὶ
1681 1489 1726 1521 ⁸⁸

142 1579 387 1652 πονηροῦ
422 1581 705 1653 ἀκριϐοῦν,
746 1584 780 1654 ἡ
813 1583 959 1636 αίτία
999 1584 1127 1652 περ)⁸
1166 1584 1263 1654 ἐμὲ
1288 1583 1379 1636 τὸν
1426 1584 1728 1654 κατήγορον

140 1672 427 1741 τυγχάνει,
443 1672 607 1745 374
629 1675 689 1727 ού
718 1674 845 1745 περὶ
868 1675 926 1727 σὲ
954 1674 1045 1728 τὸν
1072 1674 1471 1747 συνηγοροῦντα
1489 1674 1565 1745 τῷ
1585 1673 1724 1744 Θεῷ.

1823 505 2134 559 operamur,
2160 505 2267 543 non
2296 504 2427 543 vero
2450 489 2517 542 de
2542 489 2606 543 iis
2629 502 2749 558 qua:
2777 486 3062 541 credentes
3092 482 3390 552 loquimur,

1824 599 1889 637 ac
1920 583 2042 638 ideo
2091 583 2355 637 audacius
2383 584 2450 637 de
2491 583 2600 638 Deo
2630 579 2996 637 disserimus?
3050 578 3120 633 At
3174 577 3389 642 Simon,

1824 675 2260 730 animadvertens
2321 674 2539 729 Petrum
2598 676 2859 728 adversus
2908 673 3186 727 vesaniam
3232 686 3388 726 suam

1824 767 2046 834 dixisse,
2078 768 2153 822 ait
2182 785 2194 821 :
2231 766 2314 821 Με
2342 768 2458 821 sine
2500 766 2813 836 periclitari,
2848 776 2902 819 tu
2933 778 3083 828 vero,
3113 778 3276 833 quam
3310 763 3392 818 ais

1824 861 2240 930 blasphemiam,
2268 867 2586 929 praetextum
2620 858 2684 911 ad
2717 873 2995 911 secessum
3029 871 3097 910 ne
3134 855 3370 925 accipias

1825 953 2068 1024 Intelligo
2098 954 2266 1017 enim,
2310 954 2392 1007 vis
2429 952 2750 1007 subtrahere
2793 958 2866 1010 te,
2903 964 3014 1018 quo
3049 949 3275 1019 eﬂ‘ugias
3305 963 3394 1002 re-

1824 1045 2241 1114 prehensionem
2286 1058 2467 1097 coram
2508 1044 2726 1113 populo,
2768 1042 3036 1096 interdum
3078 1057 3227 1106 vero,
3264 1042 3392 1111 quia

1825 1152 1934 1190 non
1961 1136 2224 1204 scriptum
2248 1143 2354 1199 est,
2385 1150 2495 1203 quo
2530 1134 2689 1187 modo
2716 1144 2769 1187 et
2804 1149 2832 1187 a
2860 1150 2970 1203 quo
3011 1142 3063 1187 et
3103 1147 3271 1201 quare
3306 1132 3394 1187 fa-

1826 1237 1946 1281 ctus
1969 1225 2040 1280 sit
2062 1223 2259 1288 malus,
2287 1224 2543 1293 quoniam
2571 1238 2675 1276 non
2698 1233 2909 1293 Oportet
2936 1224 3132 1278 audere
3160 1226 3279 1293 plus
3306 1225 3394 1278 di-

1826 1334 1969 1383 cere,
2006 1332 2173 1388 quam
2224 1315 2519 1385 Scripturae
2550 1333 2563 1368 :
2600 1313 2859 1384 quocirca
2912 1314 3055 1367 velut
3107 1314 3396 1382 religiosus

1826 1410 2088 1465 duntaxat
2109 1407 2308 1463 asseris
2333 1422 2458 1461 eum
2481 1406 2764 1460 exsistere.
2787 1404 2955 1459 Porro
2980 1405 3093 1458 haec
3122 1420 3402 1459 commen-

1828 1512 1917 1559 tus
1948 1502 2178 1571 teipsum
2212 1499 2439 1568 decipis,
2484 1486 2737 1553 nesciens.
2772 1497 2941 1567 quod,
2972 1497 3016 1551 si
3057 1497 3394 1565 blasphemia

1827 1602 1931 1657 εει,
1957 1593 2024 1647 de
2065 1592 2209 1646 malo
2246 1591 2536 1661 diligenter
2589 1587 2883 1660 inquirere,
2930 1590 3089 1659 culpa
3133 1590 3275 1643 circa
3308 1604 3396 1642 me

1830 1691 2206 1738 accusatorem
2244 1690 2348 1748 est,
2375 1697 2483 1736 non
2511 1680 2655 1735 circa
2698 1689 2750 1735 te.
2791 1678 3129 1734 defensorem
3172 1678 3285 1733 Dei.
3319 1679 3400 1733 Ac

141 1762 255 1815 Καὶ
286 1764 337 1815 εί
383 1763 629 1835 ἄγραφόν
674 1766 788 1820 ὲστι
818 1766 880 1819 τὸ
921 1766 1268 1837 ζητούμενον,
1312 1767 1405 1819 καὶ
1434 1766 1522 1819 διὰ
1544 1765 1729 1844 -τοῦτο

1838 1773 1875 1829 si
1906 1776 2168 1844 scriptum
2197 1790 2303 1828 non
2335 1781 2438 1839 est,
2482 1772 2627 1842 quod
2659 1772 2943 1841 quaeritur,
2977 1770 3206 1841 ideoque
3242 1786 3399 1825 recu-

141 1848 329 1921 ζητεῖν
353 1854 415 1906 οὐ
446 1854 490 1884 ⁶¹
520 1854 712 1918 θέλεις,
743 1856 847 1908 εἰσί
881 1873 1024 1919 τινες
1062 1857 1171 1911 ὁδοὶ
1208 1857 1406 1945 ἱκαναὶ,
1435 1840 1726 1927 δυνάμεναι

1838 1884 1922 1923 sas
1962 1883 2224 1937 quaerere,
2275 1876 2403 1922 sunt
2433 1867 2678 1936 quaadam
2718 1865 2926 1920 idonea:
2952 1866 3076 1932 viae,
3118 1880 3239 1935 qua:
3266 1880 3398 1935 pos-

138 1944 242 2013 οὐχ
271 1940 437 2015 ἦττον
464 1945 692 2017 Γραφῶν
711 1947 876 2012 δεῖξαι
907 1947 977 2001 τά
1000 1940 1321 2018 ζητούμενα.
1362 1948 1567 2001 Αὐτίκα
1599 1946 1729 2015 γοῦν

1838 1968 1957 2013 sunt
1990 1974 2096 2013 non
2127 1960 2331 2025 minus,
2369 1972 2533 2027 quam
2564 1955 2882 2026 Scripturaa,
2915 1956 3141 2026 qnaasita
3172 1956 3401 2010 demon-

136 2034 243 2087 οὐκ
276 2034 493 2107 ἀνάγκη
529 2036 619 2089 τὸν
646 2038 688 2068 ⁸¹
716 2037 968 2108 πονηρὸν,
995 2038 1053 2091 ὃν
1078 2038 1174 2092 xal.
1212 2039 1275 2093 σὺ
1310 2037 1415 2109 φῂς
1444 2037 1726 2108 ὑπάρχειν,

1838 2060 2024 2106 strare.
2078 2050 2272 2104 Statim
2320 2065 2472 2117 ergo,
2533 2063 2715 2103 nonne
2756 2063 2977 2103 necesse
3000 2051 3122 2116 εεει,
3172 2048 3397 2115 malum,

136 2125 175 2196 ἢ
210 2127 446 2198 γενητὸν
468 2125 602 2181 εἶναι
632 2128 667 2199 ἣ
694 2129 990 2200 ἀγένητον;

1838 2156 1991 2210 quem
2028 2151 2083 2198 et
2136 2154 2196 2199 tu
2244 2142 2433 2198 fateris
2461 2141 2747 2208 exsistere,
2781 2150 2874 2196 aut
2917 2141 3118 2197 factum
3145 2155 3268 2197 esse
3307 2150 3403 2196 aut

1834 2232 2092 2287 infectum
2112 2233 2135 2287 ἳ

1904 2323 1993 2379 ιγ.
2018 2324 2082 2381 Ει
2110 2324 2302 2382 Petrus
2324 2326 2603 2396 respondit
2632 2344 2646 2382 :
2671 2323 2901 2382 Necesse
2929 2334 3030 2380 est.
3061 2324 3139 2384 Ac
3170 2323 3357 2380 Simon
3382 2341 3398 2379 :

1833 2415 2001 2488 Igitur
2039 2417 2086 2473 si
2127 2416 2305 2472 factus
2360 2424 2466 2483 est,
2513 2417 2581 2471 ab
2627 2420 2744 2487 ipso
2790 2425 3110 2471 cunctorum
3157 2424 3403 2469 creatore

1837 2502 2012 2565 factus
2039 2519 2121 2565 est
2150 2509 2277 2576 Deo,
2309 2510 2391 2564 vel
2422 2519 2680 2579 tanquam
2707 2510 2909 2564 animal
2941 2509 3174 2580 genitus,
3202 2508 3284 2562 vcl
3317 2522 3406 2563 εε-

213 2328 309 2383 ιν.
350 2331 462 2384 Καὶ
509 2332 537 2385 6
585 2330 790 2402 Πέτρος
832 2330 959 2402 ἔφη’
1010 2330 1247 2402 Ἀνάγκη
1316 2333 1427 2386 Καὶ
1460 2334 1487 2387 6
1527 2333 1727 2405 Σίμων’

140 2422 361 2477 Οὐκοῦν
398 2423 445 2475 εί
472 2424 695 2493 γενητός
720 2425 885 2488 ἐστιν,
914 2424 1007 2479 ὑπ’
1037 2425 1201 2479 αὑτοῦ
1225 2424 1319 2479 τοῦ
1343 2426 1413 2480 τὰ
1435 2428 1610 2481 πάντα
1636 2445 1735 2482 πε-

141 2516 442 2586 ποιηκότος
488 2514 677 2584 γέγονε
715 2516 871 2581 Θεοῦ,
906 2516 938 2587 ἢ
973 2516 1047 2581 ὡς
1078 2516 1215 2581 ζῶον
1243 2519 1538 2590 γεννηθεὶς,
1570 2518 1604 2590 ἢ
1639 2520 1732 2572 οὖ-

142 2607 363 2670 σιωδῶς
418 2606 764 2677 προϐληθεὶς,
812 2608 904 2660 καὶ
949 2607 1053 2674 ἔξω
1098 2611 1166 2679 τῇ
1220 2610 1413 2681 κράσει
1459 2609 1735 2681 συμϐεϐη-

142 2698 262 2762 κώς
284 2698 398 2770 (69.)
440 2698 627 2771 Είγάρ
643 2698 798 2762 ἐκτὸς
812 2694 879 2772 ἦν
910 2699 1072 2754 αὑτοῦ
1100 2701 1134 2771 ἡ
1160 2701 1259 2772 ὕλη
1276 2700 1514 2772 ἔμψυχος
1536 2697 1669 2755 οὖσα
1700 2699 1734 2773 ἣ

142 2785 380 2857 ἄψυχος,
416 2787 536 2853 ὅθεν
567 2787 807 2856 γέγονεν,
845 2787 877 2860 ἢ
906 2788 972 2859 διέ
1000 2788 1161 2842 αὐτοῦ
1201 2790 1298 2843 τοῦ
1333 2790 1377 2821 ⁸³
1401 2788 1613 2861 Θεοῦ,ἢ
1644 2791 1736 2859 ἀφ’

142 2878 369 2941 ἑαυτοῦ,
406 2878 439 2949 ἢ
475 2878 567 2931 καὶ
596 2877 654 2944 ἐξ
690 2879 787 2931 οὐκ
816 2878 984 2933 ὄντων
1014 2880 1375 2953 συμϐέϐηκεν,
1402 2881 1433 2953 ἢ
1467 2883 1574 2935 τῶν
1604 2882 1738 2954 πρός

144 2986 198 3024 τι
228 2972 402 3033 ἐστὶν,
440 2970 475 3041 ἦ
519 2971 627 3024 αἰεὶ
670 2966 756 3043 ἦν.
788 2972 974 3043 Πάοης
1015 2969 1107 3026 οὖν
1148 2973 1289 3038 ὁδοῦ,
1323 2973 1400 3037 ὡς
1448 2971 1619 3046 οἶμαι,
1649 2978 1731 3031 ὲν.

143 3060 326 3115 ταῦθα
356 3060 693 3135 διῃρημένης
740 3063 877 3134 πρὸς
916 3062 1014 3135 τὴν
1048 3062 1261 3136 εὕρεσιν
1296 3066 1481 3131 αὐτοῦ,
1523 3067 1735 3137 ἀνάγκη

149 3156 255 3227 μιᾷ
298 3155 409 3207 τινὶ¹
463 3155 639 3207 αὐτῶν
689 3154 733 3186 ⁸⁸
773 3155 1042 3210 ὁδεύουσιν
1101 3156 1323 3229 εὑρετὸν
1369 3157 1531 3212 αὐτὸν
1574 3155 1730 3214 εἶναι.

156 3244 437 3317 Ἕκάστην
452 3240 545 3298 οὖν
560 3245 772 3299 ὁδεῦσαι
788 3246 867 3299 δεῖ
877 3245 1138 3318 ζητοῦντα
1153 3246 1382 3316 γένεσιν,
1401 3249 1495 3301 καὶ
1509 3250 1735 3320 εὑρόντα

146 3339 241 3393 τὸν
266 3338 438 3391 αἴτιον
464 3338 570 3391 ὑπὸ
589 3338 790 3409 μέμψιν
816 3339 977 3393 αὐτὸν
1008 3335 1145 3392 εἶναι
1173 3343 1332 3395 νοεῖν.
1350 3335 1427 3393 Ἦ
1456 3340 1597 3413 γάρ;
1620 3342 1737 3406 πῶς

151 3447 237 3484 σοι
264 3431 309 3461 ’⁸
339 3431 491 3483 δοκεῖ
508 3446 523 3496 ;

231 3605 293 3662 ν.
326 3607 438 3661 Καὶ
464 3607 493 3662 6
527 3606 754 3680 Πέτρος·
801 3608 955 3680 Ἐμοὶ¹
994 3608 1160 3675 δοκεῖ,
1191 3608 1286 3663 ὲάν
1330 3608 1436 3663 ὑπὸ
1467 3610 1561 3664 τοῦ
1602 3610 1737 3665 Θεοῦ

153 3702 299 3771 φανῇ
333 3697 594 3767 γεγονὼς,
642 3701 806 3771 μήπω
831 3700 940 3753 δεῖν
972 3701 1063 3754 τὸν
1104 3700 1331 3773 ποιητὴν
1359 3702 1405 3733 ⁸⁸
1441 3704 1740 3774 ποιήσαντα

156 3792 263 3847 ὑπὸ
315 3789 522 3863 μέμψιν
552 3785 710 3855 εἶναι,
755 3793 948 3861 μήπως
979 3792 1038 3844 τὸ
1084 3794 1351 3865 χρήσιμον
1397 3793 1560 3847 αὐτοῦ
1606 3795 1741 3849 πάν-

153 3901 265 3937 των
297 3883 725 3953 ἀναγκαιότατον
748 3885 789 3915 ⁸⁷
819 3884 1089 3955 εὑρεθείη’
1120 3886 1168 3937 εί
1190 3885 1245 3937 δὲ
1276 3885 1370 3939 καὶ
1399 3885 1473 3956 μὴ
1501 3883 1742 3955 γεγονὼς

158 3975 511 4047 ἀποδειχθείη
541 3977 608 4042 ⁸⁸,
640 3977 802 4047 375
831 3979 906 4042 ὡς
931 3976 1018 4032 ἀεὶ
1036 3978 1131 4043 ὢν,
1160 3980 1267 4033 οὐδ’
1299 3982 1355 4034 ὲν
1378 3980 1553 4051 τούτῳ
1597 3974 1626 4033 6
1648 3981 1743 4051 δη-

164 4067 424 4141 μιουργὸς
476 4068 744 4139 μεμπτὸς,
778 4067 811 4140 ἢ
865 4068 939 4141 μὴ
978 4070 1087 4123 τῶν
1120 4072 1256 4125 ὅλων
1303 4073 1449 4125 ἐστὶν
1489 4074 1517 4126 6
1558 4072 1741 4145 κρερίτ-

160 4176 268 4214 των
297 4158 367 4222 ",
400 4159 449 4212 εί
481 4160 577 4213 καὶ
597 4158 815 4231 ἀνάρχῳ
838 4162 978 4233 ἀρχῇ
1003 4162 1152 4227 τέλος
1173 4163 1436 4217 ἐπιθεῖναι
1461 4162 1550 4217 διὰ
1578 4163 1639 4217 τὸ
1668 4165 1741 4237 μὴ

164 4250 383 4316 φύσεως
405 4250 452 4281 ’⁸
484 4248 629 4320 ἔχειν
658 4251 718 4303 οὐ
742 4250 1042 4322 δεδύνηται,
1070 4250 1103 4323 ἦ
1124 4252 1345 4316 δυνατὸς
1367 4252 1442 4305 ὢν
1468 4253 1569 4306 οὐκ
1592 4254 1745 4306 ἀναι-

168 4343 249 4409 ρεῖ
271 4340 457 4406 αὑτὸν,
507 4342 689 4396 ἄδικον
729 4343 919 4415 κρίνας
962 4344 1135 4416 ἀρχὴν
1186 4346 1259 4418 μὴ
1303 4344 1545 4416 εἰληφότι
1594 4344 1743 4408 τέλος

1836 2605 2072 2657 cundum
2097 2603 2458 2657 substantiam
2496 2603 2758 2672 prolatus,
2787 2601 2871 2655 vel
2902 2611 3052 2656 extra
3082 2617 3178 2670 per
3198 2611 3402 2671 tempe-

1838 2695 2104 2748 rationem
2128 2694 2372 2748 elfectus.
2412 2692 2544 2747 Nam
2571 2693 2616 2748 si
2654 2703 2806 2749 extra
2839 2691 3006 2747 Deum
3030 2703 3147 2749 erat
3178 2694 3405 2748 materia

1838 2784 2075 2837 animata
2102 2783 2471 2851 autinanima,
2492 2786 2632 2839 unde
2657 2784 2831 2840 factus
2861 2792 2962 2851 est,
2986 2785 3069 2840 vel
3095 2801 3191 2855 per
3224 2786 3405 2855 ipsum

1839 2874 2033 2941 Deum,
2064 2876 2149 2930 vel
2180 2891 2210 2930 a
2256 2877 2458 2946 seipse,
2493 2877 2576 2932 vel
2604 2892 2669 2932 ex
2699 2893 2808 2931 non
2858 2878 3202 2932 exstantibus
3230 2880 3407 2933 conti-

1839 2968 1932 3036 git,
1967 2968 2047 3022 vel
2072 2976 2156 3023 est
2180 2969 2246 3023 de
2280 2984 2508 3024 numero
2538 2970 2908 3036 rclativornm,
2938 2973 3018 3026 vel
3049 2988 3260 3043 semper
3282 2973 3403 3029 fuit.

1838 3058 1997 3113 Omni
2035 3076 2162 3131 ergo
2190 3063 2301 3124 via,
2347 3072 2406 3116 ut
2438 3073 2587 3132 puto,
2614 3063 2701 3118 hic
2736 3063 2909 3117 divisa
2944 3065 3011 3118 ad
3044 3064 3188 3119 illius
3216 3066 3408 3120 inven-

1838 3151 2060 3217 tionem,
2087 3154 2394 3207 necessario
2425 3169 2517 3222 per
2545 3170 2707 3207 unam
2748 3155 3037 3223 quamdam
3063 3168 3250 3210 earum
3278 3171 3409 3225 pro-

1836 3241 2203 3312 gredientibus
2266 3244 2459 3298 obvius
2504 3245 2626 3299 erit.
2686 3244 2940 3317 Singulas
2988 3246 3151 3317 igitur
3191 3254 3411 3317 oportet

1836 3347 2175 3401 percurrere,
2227 3335 2519 3404 quaarendo
2561 3344 2763 3401 ortum,
2814 3344 2869 3390 et
2915 3346 3135 3391 auctore
3183 3338 3405 3393 invento

1837 3422 2009 3493 culpae
2040 3424 2339 3479 obnoxium
2384 3440 2506 3481 esse
2533 3441 2658 3481 eum
2700 3426 3019 3497 intelligere.
3044 3425 3273 3482 Nonne?
3298 3444 3409 3500 quo

1836 3515 2001 3567 modo
2032 3514 2127 3569 tibi
2166 3516 2412 3570 videtur?

1910 3601 1974 3659 V.
2003 3603 2070 3660 Et
2119 3604 2313 3661 Petrus
2349 3624 2362 3661 :
2402 3604 2533 3661 Mihi
2584 3606 2814 3674 videtur,
2862 3609 3028 3679 quod,
3073 3608 3199 3665 licet
3233 3625 3264 3665 a
3294 3605 3406 3666 Deo

1839 3694 2015 3753 factus
2042 3708 2319 3767 appareat,
2349 3715 2453 3754 non
2480 3709 2660 3754 tamen
2694 3698 2816 3755 ideo
2842 3702 3144 3771 culpandus
3172 3703 3242 3759 sit
3272 3720 3410 3759 con-

1838 3786 2006 3855 ditor,
2035 3806 2158 3843 nam
2191 3790 2328 3846 forte
2357 3791 2561 3846 utilitas
2599 3793 2745 3847 illius
2772 3794 3009 3849 maxime
3049 3795 3295 3851 omnium
3323 3811 3411 3852 re-

1841 3879 2044 3950 peritur
2086 3882 2398 3936 necessaria
2428 3924 2440 3936 .
2494 3882 2578 3938 sin
2622 3898 2752 3939 vero
2794 3884 3026 3941 inlectus
3068 3889 3407 3957 ostendatur,

1841 3972 1987 4026 velut
2025 3988 2237 4042 semper
2283 3975 2574 4043 exsistens,
2614 3991 2790 4046 neque
2827 3978 2879 4031 in
2919 3978 3025 4033 hoc
3067 3988 3283 4034 creator
3319 3996 3412 4035 ac-

1842 4069 2118 4120 cusandus
2149 4065 2231 4120 vel
2260 4081 2366 4120 non
2402 4066 2644 4120 omnium
2671 4077 2754 4122 est
2778 4068 3035 4138 optimus,
3064 4069 3108 4123 si
3153 4072 3409 4139 potestati

1842 4156 2165 4227 principium
2190 4173 2298 4212 non
2323 4158 2542 4213 habenti
2566 4158 2725 4213 linem
2749 4158 3027 4229 imponere
3049 4162 3256 4232 nequit,
3280 4164 3411 4233 quia

1842 4264 1962 4303 eam
2002 4264 2109 4303 non
2140 4251 2303 4304 habet
2341 4258 2589 4304 naturam
2623 4269 2636 4305 :
2671 4260 2784 4318 aut,
2830 4253 2877 4308 si
2911 4261 3111 4322 potest,
3150 4269 3259 4309 non
3283 4270 3408 4310 eum

1844 4342 2081 4411 perimit,
2109 4343 2364 4412 quoniam
2396 4343 2642 4413 iniquum
2666 4343 2895 4413 iudicat,
2924 4343 3137 4399 initium
3171 4360 3279 4399 non
3306 4345 3409 4400 ha-

166 4433 449 4496 ὲπιθεῖναι,
486 4434 578 4487 καὶ
622 4432 775 4505 κακῷ
818 4434 1083 4504 πεφυκότι
1107 4435 1512 4503 ἰ’συγγνῶναι,
1544 4434 1632 4489 διὰ
1680 4434 1732 4488 τὲ

1847 4434 1990 4488 benti
2015 4433 2176 4488 linem
2208 4434 2506 4501 imponere,
2532 4434 2657 4489 item
2681 4435 2731 4489 ei
2758 4433 2852 4503 qui
2889 4444 3081 4489 natura
3112 4435 3289 4491 malus
3327 4446 3412 4491 est

168 4524 290 4579 ἄλλο
314 4544 371 4579 τι
399 4525 649 4594 γενέσθαι
676 4526 751 4598 μὴ
771 4525 1046 4589 δύνασθαι,
1078 4527 1172 4579 καὶ
1204 4528 1252 4579 εί
1281 4525 1373 4579 τοῦ
1403 4526 1654 4596 γενέσθαι
1679 4526 1739 4578 τὸ

171 4615 450 4689 ἐπιθυμεῖν
480 4616 591 4687 ἔχοι
622 4617 669 4651 ⁷³
718 4617 782 4671 El
806 4616 862 4670 δὲ
885 4616 1083 4685 ἀγαθὸν
1116 4617 1335 4689 ποιῆσαι
1368 4616 1534 4671 θέλων
1561 4618 1634 4688 μὴ
1663 4616 1753 4671 δύ-

1847 4540 1954 4579 non
1978 4539 2219 4593 parcere,
2246 4525 2392 4594 quod
2416 4526 2560 4578 aliud
2584 4539 2705 4579 esse
2730 4541 2835 4579 non
2866 4525 3057 4595 possit,
3094 4542 3407 4595 quanquam

1858 4630 1978 4670 esse
2003 4617 2202 4684 cupiat.
2234 4614 2290 4669 Si
2322 4631 2449 4672 vero
2484 4616 2688 4671 bonum
2717 4631 2841 4670 eum
2878 4616 3061 4672 volens
3092 4614 3270 4671 facere
3300 4631 3407 4671 non

1436 4748 1666 4803 VABIJE
1707 4748 2105 4804 LECTIONES.

239 4843 284 4921 ’ἶ
310 4844 346 4912 ἦ
374 4841 436 4895 C.
462 4839 625 4921 _Tuln
667 4841 794 4921 ούχί
830 4849 955 4921 post
977 4839 1099 4921 ἀλλ’
1137 4840 1261 4921 add.
1296 4840 1355 4921 DA.
1427 4842 1594 4921 “tua!
1621 4842 1779 4921 deest.
1802 4843 1854 4895 in
1890 4842 2071 4921 0.m'9
2094 4841 2291 4921 ἑαυτόν
2583 4842 2738 4921 ὃτιεί
2768 4842 2809 4897 C
2866 4859 2931 4898 ex
2958 4844 3213 4921 conject.,
3244 4846 3326 4900 δτι
3374 4850 3409 4921 ἡ

176 4910 533 4985 ἰῃὼὶιιίειιιι,
566 4912 647 4964 ὅτι
684 4910 804 4985 ειςή
833 4910 893 4965 0.
976 4910 1157 4985 σοπερί
1182 4926 1292 4985 om.
1319 4911 1383 4985 ΟΣ
1459 4912 1579 4985 “fab
1608 4913 1808 4985 excidit
1842 4927 1927 4985 ap.
1956 4911 2018 4968 Cl
2061 4921 2125 4985 _et
2156 4911 2218 4985 S._
2237 4912 2371 4985 91:6
2397 4915 2457 4965 0.
2488 4911 2798 4985 :I‘umidem
2828 4910 3101 4985 γεννητόν,
3137 4924 3192 4969 ει
3222 4910 3409 4985 postea

177 4980 1152 5053 ἀγέννητον-γεννητόςὲ-γεννηθεἐς.

1231 4980 1276 5055 “_
1291 4981 1639 5055 roniadjunxi
1665 4984 1826 5055 c_._o.
1866 4978 2009 5055 Inm
2061 4981 2456 5055 [cuplﬁé6qxsy
2477 4980 2538 5055 (ἓ.
2616 4978 2918 5055 ⁸’δάνόιγκην
2955 4978 3053 5055 μιᾷ
3090 5002 3194 5038 τινι
3222 4978 3410 5041 ἀὐτῶν

178 5053 230 5127 _0.
306 5057 456 5127 σεο-οι
489 5050 693 5127 excidit
711 5067 776 5105 ex
810 5050 1041 5120 utraque
1070 5050 1279 5127 _Clerici
1317 5052 1447 5127 edit.
1478 5060 1531 5105 et
1555 5050 1697 5127 apud
1728 5050 1782 5105 S.
1830 5051 1908 5127 _“
1944 5050 2181 5127 ποιητήν
2211 5050 2533 5127 transcripsi
2566 5067 2634 5107 ex
2682 5054 2743 5105 Ο.
2797 5050 3081 5127 inceden]
3130 5056 3244 5127 μέμ
3281 5072 3408 5112 cum

182 5120 365 5195 lacuna
389 5122 554 5195 trium
598 5118 1259 5195 liuerarum_p.}ép¢¢y._
1291 5120 1363 5195 __"
1376 5118 1805 5195 ἀναγκαιότερον
1823 5119 1884 5175 C.
1963 5122 2009 5155 ⁸⁸
2040 5118 2278 5195 δειχθείη
2305 5118 2467 5195 gum—
2494 5121 2690 5195 lacuna
2743 5118 3240 5195 triumlitterarum
3272 5143 3412 5195 prae-

180 5194 394 5262 cedente
421 5206 476 5261 ι).
504 5189 849 5262 ἀποδειχθείη
884 5189 946 5244 0.

1031 5207 1121 5264 um
1153 5189 1262 5264 αἰεί
1282 5190 1344 5245 C.
1372 5189 1726 5264 Deiiide_én§€
1749 5192 1789 5245 0
1841 5199 1894 5244 et
1914 5206 1979 5245 ex
2028 5189 2336 5264 coniugi}
2367 5232 2381 5255 ,
2413 5192 2467 5264 in
2509 5192 2621 5261 cuj.
2660 5202 2806 5264 textu
2829 5194 2934 5264 gul
2967 5208 3018 5264 p2
3050 5193 3084 5263 ἢ
3127 5196 3223 5264 μή,
3261 5189 3408 5264 quod

181 5212 394 5245 uecente
421 5212 476 5261 po
504 5212 849 5262 αποοειχυειη
884 5212 946 5244 υ.
991 5212 1121 5244 tum
1153 5212 1257 5242 αιει
1282 5212 1344 5245 υ.
1372 5212 1575 5245 1161111113
1603 5212 1724 5247 επει
1749 5212 1789 5245 υ
1841 5212 1894 5244 ει
1914 5212 1979 5245 ex
2028 5212 2264 5260 CUIIJBCI.
2295 5212 2336 5244 υ
2367 5232 2381 5255 ,
2413 5212 2467 5245 111
2509 5212 2621 5261 Cll].
2660 5212 2806 5247 [CXIII
2842 5212 2934 5248 επι
2967 5212 3018 5262 Ρ.
3050 5212 3084 5263 η
3169 5212 3223 5264 η,
3261 5212 3407 5264 quo“

181 5260 319 5315 dedit
344 5260 403 5315 s_
433 5262 480 5293 σο
515 5260 592 5315 Ita
618 5260 664 5315 0
711 5276 763 5314 c.
791 5276 961 5331 marg.
988 5262 1045 5314 (.‘i
1066 5302 1081 5325 ,
1126 5262 1219 5329 qui
1250 5260 1304 5346 in
1343 5268 1488 5315 textu
1517 5261 1641 5315 exh.
1681 5258 1709 5312 6
1731 5263 1994 5333 κρεῖττον.
2031 5260 2271 5315 Subinde
2292 5259 2323 5341 il
2342 5261 2434 5343 καί
2460 5277 2511 5331 p.
2542 5263 2592 5348 εί
2621 5263 2713 5315 καί
2738 5261 2802 5318 Ο.
2827 5261 2963 5317 Tum
3001 5212 3311 5389 [ἑπιὲθεὶναι
3344 5266 3407 5321 C.

181 5329 223 5359 ⁷⁵
256 5332 417 5389 φύσιν
446 5331 507 5386 C.
540 5331 682 5385 Idem
705 5329 1036 5389 δεδύῐνητιαι
1066 5340 1122 5385 ει
1142 5333 1357 5389 ἀναιραι
1394 5328 1626 5389 αὐῘτόνῙ,
1653 5333 1794 5389 (ιιιοά
1830 5329 1867 5383 8
1923 5341 2067 5386 recte
2110 5342 2347 5385 correxnt
2390 5348 2445 5385 ιιι
2468 5331 2701 5389 ἀναιρεῖ.
2747 5350 2802 5387 κ.
2828 5351 2881 5387 τ.
2905 5333 2956 5387 λ.
3034 5333 3094 5389 ln
3224 5337 3407 5389 ἀνεοει

181 5329 233 5404 ⁷⁵-
256 5332 417 5404 φύσιν
433 5331 682 5404 ἀλιιιειιι
705 5328 1036 5404 δεδύ[νηξτ1αι
1066 5328 1357 5404 ειᾼᾶναίραι
1394 5328 1626 5404 αὐ[τόν],
1653 5328 1794 5404 quod
1923 5328 2347 5404 recte‘cqrrexjt
2378 5328 2701 5404 ιη’ἀναιρεϊ,
2747 5350 2802 5387 κ.
2828 5351 2881 5387 τ.
2905 5333 2956 5387 λ.
3001 5328 3094 5389 Ἰιι

3224 5337 3413 5408 ἀνερεῖ

182 5398 355 5455 αὐτόν.
432 5401 478 5433 ’³
509 5400 630 5457 Cot.
653 5401 770 5456 haec
799 5398 1142 5472 vertit'quasi
1172 5398 1295 5472 post
1324 5398 1733 5471 πεφυκότιέιῐιιὶ
1764 5402 1997 5455 voluerit
2027 5401 2121 5472 μή.
2154 5400 2211 5453 S.
2298 5402 2345 5433 ⁷³
2373 5400 2487 5473 ἔχει
2510 5398 2575 5456 Ο.

244 5612 369 5736 ἓξὲξ
383 5606 985 5736 ῗεῖξῗῖἲέωῗᾶἲὶὲί

186 5684 371 5765 codicis
398 5682 549 5754 Regii
579 5682 687 5765 ore
731 5682 799 5736 ad
828 5682 963 5736 nunc
1005 5682 1162 5753 ﬁnem
1182 5683 1387 5765 _lacerar
1413 5693 1534 5737 sunt
1570 5700 1741 5765 usque

189 5754 244 5805 ad
265 5752 606 5826 scripturam.
636 5752 819 5807 Pauca
844 5769 982 5823 ergo,
1010 5770 1126 5823 qua:
1158 5754 1397 5821 deerant,
1428 5752 1663 5824 suppleri
1689 5761 1740 5808 et

488 5846 765 5907 Ριτιιοι.
819 5846 937 5906 Gn.
994 5845 1075 5907 ll:

1055 5612 1109 5667 ui
1141 5613 1364 5669 adnotat
1388 5630 1403 5669 :
1436 5611 1739 5682 Superiores

1450 5517 1817 5575 VARIORUM
1852 5516 2081 5573 ΝΟΤᾹΞ.

1845 5615 1994 5667 uncis
2023 5614 2231 5669 inclusi.
2261 5614 2497 5669 Prwsens
2525 5623 2701 5668 autem
2727 5614 2871 5668 locus
2899 5614 3062 5668 videri
3107 5620 3263 5680 queat
3289 5625 3406 5662 mu-

1847 5685 1992 5755 tilus,
2022 5686 2422 5755 sigon/eratut;
2442 5701 2560 5737 cum
2602 5685 2766 5739 simili
2805 5686 2862 5739 in
2902 5700 3019 5755 cap.
3052 5684 3105 5738 9.
3144 5681 3407 5749 Deinceps

1845 5745 2025 5810 addidi
2052 5752 2183 5810 οὖσα
2205 5745 2265 5811 ’0.
2295 5755 2359 5812 0.
2386 5745 2647 5807 DRESSEL.

3023 5830 3094 5888 1's
