3860 6210
469 266 576 322 ιετ

1330 264 1386 320 S.
1427 263 1817 322 CLEMENTIS
1853 264 1873 321 Ι
1927 267 2089 325 ΒΟΜ.
2132 267 2330 326 ΡΟΝΤ.
2370 270 2599 327 OPERA
2637 270 2863 330 DUBIA.

3614 269 3727 326 429

471 376 725 447 potuerit,
753 375 831 431 sic
858 388 1077 444 quoque
1105 372 1279 428 bonus
1303 381 1407 440 est,
1431 374 1561 442 quia
1587 374 1703 427 vult
1732 388 1831 427 nec
1859 381 2033 443 potest

2141 392 2301 440 ναιτο,
2340 378 2433 429 καὶ
2465 376 2635 440 οὓτως
2668 377 2869 445 ἀγαθός
2893 378 3059 446 ἐστιν,
3092 379 3174 434 ὅτι
3207 379 3346 434 θέλει
3380 380 3502 453 μὲν,
3538 382 3602 436 οὐ
3635 381 3729 435 δύ-

472 479 688 535 tamen;
720 476 774 523 et
814 469 867 522 in
898 483 1008 537 quo
1043 474 1311 536 potestate
1345 473 1514 531 caret,
1546 465 1790 519 omnium
1821 474 1906 521 est
1941 481 2041 537 po-

472 558 833 623 tentissimus,
880 554 1140 627 quoniam
1184 556 1338 610 alteri
1389 571 1554 626 posse
1600 572 1709 611 non
1760 558 2038 627 competit.

472 650 631 717 Quod
658 649 703 705 si
734 649 873 704 alius
898 647 1023 718 quis
1064 646 1357 717 potentiam
1404 647 1583 712 habet,
1614 657 1667 702 et
1707 663 1815 701 non
1850 663 2038 702 emen-

472 744 583 807 dat,
610 740 663 795 in
688 755 754 795 eo
787 739 932 810 quod
958 738 1194 808 potentia
1224 738 1483 808 prmditus
1518 753 1628 792 non
1656 739 1900 810 corrigit,
1924 755 2041 794 ma-

472 834 559 889 lus
587 847 708 888 esse
756 830 1093 899 intelligitur,
1131 844 1241 883 non
1279 842 1536 884 coercens
1565 843 1713 896 eum,
1746 829 1902 899 quasi
1922 829 2041 899 ejus

471 923 727 993 operibus
760 922 1079 976 delectetur.
1113 919 1209 974 Sin
1248 930 1430 975 autem
1461 936 1560 975 nec
1584 920 1673 975 ille
1698 929 1894 991 potest,
1920 936 2039 976 me—

470 1017 573 1070 lior
596 1022 699 1080 est,
731 1013 846 1084 qui,
874 1029 999 1068 cum
1029 1027 1092 1067 ea
1131 1021 1400 1081 potestate
1429 1012 1723 1067 destitutus
1740 1012 1831 1078 sit,
1859 1021 2040 1068 tamen

468 1122 567 1176 pro
592 1107 802 1161 viribus
830 1120 932 1160 nos
962 1102 1241 1159 beneﬁciis
1277 1103 1497 1157 allicere
1524 1118 1632 1158 non
1657 1103 1896 1175 negligit.

543 1196 629 1251 Vl.
658 1195 722 1251 Et
745 1195 935 1250 Simon
971 1213 985 1249 :
1013 1193 1245 1260 Quando
1280 1193 1347 1248 de
1376 1193 1605 1264 singulis
1629 1208 1751 1263 qua:
1778 1193 2039 1264 proposui

462 1290 682 1343 locutus
718 1286 926 1354 fueris,
968 1287 1066 1341 tibi
1110 1285 1335 1340 malitiae
1378 1295 1657 1340 auctorem
1708 1285 2036 1351 declarabo;

467 1393 582 1436 tum
613 1390 668 1435 et
691 1380 759 1434 ad
786 1395 908 1450 quae
926 1377 1113 1433 dixisti
1145 1376 1486 1447 respondebo
1516 1377 1631 1443 tibi,
1660 1393 1933 1449 quemque
1959 1379 2042 1433 ais

469 1474 637 1529 Deum
683 1472 1043 1541 inculpatum,
1076 1467 1251 1538 culpa:
1298 1466 1583 1537 subjacere
1627 1469 1932 1524 ostendam.
1962 1469 2041 1524 Ac

466 1564 662 1621 Petrus
698 1580 715 1619 :
765 1562 1037 1629 Quoniam
1073 1576 1140 1616 ex
1193 1559 1283 1626 iis,
1326 1574 1448 1629 qua:
1482 1560 1551 1614 ab
1599 1560 1755 1614 initio
1775 1561 2039 1631 loqueris,

464 1656 845 1713 animadverto
874 1662 927 1708 te
956 1652 1092 1707 nihil
1121 1651 1269 1707 aliud
1304 1651 1510 1716 conari,
1545 1666 1708 1721 quam
1735 1651 1811 1705 uti
1848 1650 2040 1719 Deum,

2139 482 2294 519 ναται
2330 466 2407 519 δέ·
2443 468 2534 520 καὶ
2567 469 2623 518 ἐν
2653 460 2698 535 ᾧ
2737 468 2986 523 ἀδυνατεῖ
3017 472 3234 526 πάντων
3268 473 3384 526 ἐστὶ
3422 472 3733 527 δυνατώτα-

2137 575 2246 622 τος,
2296 559 2376 611 ὅτι
2412 558 2486 629 μὴ
2537 560 2708 631 ἑτέρῳ
2751 561 2814 614 τὸ
2857 562 3078 617 δυνατὸν
3128 566 3530 621 καταλείπεται.
3567 567 3635 619 Et
3664 566 3731 621 δά

2139 650 2253 703 ἐστί
2295 667 2381 712 τις
2428 649 2613 720 ἕτερος
2652 652 2893 719 δυνατὸς,
2940 656 3033 708 καὶ
3077 655 3150 727 μὴ
3177 658 3456 729 κατορθῶν
3488 660 3559 722 ⁷³,
3587 662 3650 713 ἐν
3680 652 3732 729 ᾧ

2137 741 2357 806 δυνατὸς
2382 740 2457 795 ὣν
2480 742 2554 813 μὴ
2594 743 2863 815 κατορθοῖ,
2892 746 3125 817 πονηρὸς
3147 745 3221 801 ὢν
3245 748 3617 821 ὡμολόγηται,
3648 751 3731 822 μὴ

2138 832 2540 903 παύωνμύτὸν,
2575 832 2649 895 ὡς
2680 837 2791 897 τοῖς
2818 835 2907 888 ὑπ’
2931 835 3093 889 αὑτοῦ
3119 838 3415 909 γινομένοις
3439 839 3726 910 ἡδόμενος.

2139 925 2203 978 El
2249 926 2305 979 δὲ
2343 926 2453 980 οὐδ’
2506 926 2665 989 αὐτὸς
2712 926 2952 992 δύναται,
2999 929 3259 1001 κρείττων
3294 932 3339 963 ⁷⁵
3378 933 3407 985 6
3452 933 3593 1003 πρὸς
3647 931 3734 1005 τῷ

2138 1018 2418 1071 ἀδυνατεῖν
2459 1017 2599 1073 κατά
2641 1019 2703 1073 τὸ
2744 1020 2967 1074 δυνατὸν
3010 1021 3314 1095 εὐεργετεῖν
3362 1025 3511 1095 ἡμᾶς
3535 1023 3586 1055 ⁷⁸
3622 1024 3735 1078 οὐκ

2138 1109 2331 1164 ὀκνῶν.

2212 1197 2296 1252 Vl.
2325 1199 2434 1251 Kal
2478 1201 2506 1254 6
2544 1198 2745 1271 Σίμων·
2787 1201 2953 1256 Ὅταν
2977 1202 3024 1233 ⁷⁸
3050 1203 3128 1267 είς
3172 1203 3399 1258 ἕκαστον
3446 1198 3523 1258 ὧν
3558 1204 3737 1276 προέ-

2136 1307 2289 1343 τεινα
2339 1290 2640 1363 διαλεχθῇς,
2678 1293 2759 1347 σοὶ
2810 1294 2907 1364 τῆς
2960 1294 3158 1358 κακίας
3185 1295 3276 1348 τὸν
3322 1296 3491 1350 αἴτιον
3538 1297 3731 1364 δείξω.

2139 1383 2272 1435 Τότε
2305 1388 2350 1420 7"
2374 1400 2455 1435 σοι
2490 1384 2581 1436 καὶ
2607 1384 2741 1456 πρὸς
2766 1384 2802 1438 ἀ
2834 1386 3061 1456 εἴρηκας
3085 1388 3505 1459 ἀποκρινοῦμαι,
3541 1391 3642 1441 καὶ
3670 1390 3735 1442 δν

2140 1475 2245 1546 φῂς
2277 1473 2409 1527 Θεὸν
2432 1474 2737 1546 ἄμεμπτον,
2762 1477 2868 1531 ὑπὸ
2894 1478 3099 1549 μέμψιν
3125 1475 3262 1532 εἶναι
3285 1481 3576 1548 ἀποδείξω.
3613 1483 3736 1535 Καὶ

2138 1567 2168 1619 ό
2200 1566 2422 1637 Πέτρος
2466 1567 2684 1638 Ἐπειδὴ
2724 1568 2819 1638 ἀφ’
2861 1560 2937 1623 ὧν
2969 1568 3063 1622 ἀπ’
3106 1570 3279 1641 ἀρχῆς
3324 1571 3537 1644 φθέγγῃ
3593 1589 3733 1626 συν-

2140 1657 2245 1751 νοῶ
2273 1675 2351 1751 σεξ
2372 1658 2538 1751 μηδεν
2572 1659 2757 1737 ἕτερον
2789 1660 3172 1726 σπουδάζοντα,
3196 1662 3231 1751 ᾖ
3258 1662 3334 1726 ὡς
3363 1663 3565 1726 κακίας
3588 1667 3733 1735 ἡγε-

466 1759 729 1819 tanquam
799 1746 1019 1802 malitia:
1097 1745 1439 1817 principem,
1509 1745 1682 1815 culpa:
1745 1743 2044 1814 subjicias,

2149 1748 2285 1819 μόνα
2306 1748 2397 1803 τὸν
2420 1750 2552 1803 Θεὸν
2575 1750 2893 1805 ὑποϐάλλειν
2920 1752 3143 1823 μέμψει,
3171 1740 3491 1825 προῄρημαι
3516 1757 3734 1820 πάσαις

468 1842 633 1899 statui
660 1856 755 1911 per
772 1854 965 1895 omnes
978 1853 1117 1909 quas
1130 1837 1369 1893 volueris
1388 1837 1504 1892 vias
1523 1846 1572 1891 te
1589 1836 1903 1891 comitando
1927 1850 2039 1890 ma-

469 1931 939 1998 nilestarc,Deum
968 1938 1120 1985 extra
1154 1944 1373 1985 omnem
1394 1930 1607 1999 culpam
1635 1924 2040 1985 esse.DixitSi-

468 2041 597 2079 mon
624 2043 638 2080 :
680 2022 787 2079 Ista
818 2020 1054 2093 profers,
1083 2020 1229 2076 velut
1274 2035 1469 2076 amans
1502 2018 1670 2075 Deum
1702 2034 1862 2090 quem
1894 2016 2039 2072 arbir-

467 2116 652 2183 traris,
680 2115 774 2170 sed
803 2129 965 2169 verax
998 2129 1107 2168 non
1138 2127 1217 2167 es.
1246 2109 1313 2165 Et
1356 2109 1549 2167 Petrus
1583 2129 1596 2165 :
1630 2108 1711 2164 Tu
1739 2123 1869 2165 vero
1908 2120 2035 2177 pro-

467 2208 600 2275 fers,
652 2208 797 2263 sicut
844 2206 1057 2273 malus,
1105 2204 1233 2260 odio
1283 2219 1621 2275 prosequens
1661 2200 1831 2256 Deum
1874 2213 2037 2270 quem

466 2303 709 2375 ignoras,
750 2302 1098 2373 blasphemas
1122 2300 1400 2354 dimittens
1432 2312 1614 2352 voces.
1650 2294 1881 2349 Simon:
1928 2290 2040 2346 Me-

466 2409 588 2449 mor
614 2402 755 2459 esto,
779 2392 928 2462 quod
958 2406 1045 2446 me
1086 2388 1308 2444 malitiae
1339 2387 1565 2458 principi
1609 2381 2035 2454 comparaveris.

465 2485 702 2541 Petrus:
748 2483 967 2549 Fateor,
1009 2481 1178 2537 falsus
1222 2494 1369 2543 sum,
1414 2492 1740 2548 comparans
1772 2484 1824 2530 te
1871 2475 2037 2529 malo.

465 2578 705 2633 Coactus
726 2576 871 2631 enim
916 2573 1022 2641 lui,
1064 2572 1323 2643 quoniam
1368 2585 1476 2625 non
1514 2568 1695 2623 inveni
1720 2566 1816 2622 tibi
1856 2579 2031 2635 aequa-

470 2672 596 2737 lem,
627 2678 724 2725 aut
746 2669 984 2739 pejorem
1016 2682 1181 2736 quam
1206 2674 1284 2719 tu.
1316 2663 1446 2717 Eam
1468 2662 1539 2717 ob
1565 2676 1788 2716 causam
1816 2667 1871 2713 te
1893 2658 2039 2713 malo

466 2757 780 2827 comparavi
808 2776 824 2812 :
858 2771 982 2810 nam
1017 2755 1181 2810 etiam
1212 2753 1431 2807 malitia:
1461 2751 1705 2821 principe
1743 2749 1916 2804 multo
1948 2764 2043 2818 pe-

463 2850 555 2920 jor
576 2865 657 2904 es.
682 2846 817 2902 Nam
844 2848 1046 2901 malum
1071 2860 1231 2899 nemo
1253 2842 1539 2898 ostendere
1563 2850 1738 2911 potest
1764 2839 1872 2895 Deo
1895 2839 2043 2893 oblo-

467 2940 596 3011 qui;
625 2948 678 2995 te
703 2953 833 2994 vero
861 2936 1195 2993 conﬁdenter
1230 2934 1517 2990 detrahere
1538 2932 1740 2997 cuncti,
1772 2940 2041 3000 quotquot

469 3033 754 3099 adsumus,
785 3031 1056 3085 videmus.
1096 3030 1170 3083 Ac
1214 3026 1447 3082 Simon:
1480 3024 1581 3091 Qui
1617 3023 1894 3078 veritatem
1940 3040 2039 3077 an-

467 3126 657 3194 quirit,
701 3124 837 3179 nulli
889 3123 1001 3178 ullo
1054 3121 1218 3176 modo
1267 3119 1427 3175 debet
1483 3117 1777 3189 gratiﬁcari
1831 3116 2035 3187 aliquid

468 3227 664 3290 praeter
688 3217 739 3272 id
773 3216 919 3287 quod
946 3224 1048 3270 est.
1083 3212 1299 3279 Alioqui
1341 3226 1441 3267 cur
1464 3219 1518 3265 et
1546 3210 1811 3280 principio
1845 3209 2039 3279 anqui-

468 3312 573 3365 rit?
602 3308 742 3375 Quid
777 3322 928 3371 vero,
957 3318 1139 3359 nonne
1177 3316 1279 3373 ego
1302 3314 1520 3371 quoque
1553 3313 1797 3368 possum,
1831 3297 2038 3351 omisso

468 3416 654 3456 rerum
670 3397 915 3471 diligenti
933 3396 1203 3461 examine,
1229 3394 1283 3448 in
1303 3393 1492 3447 laudes
1510 3389 1625 3456 Dei,
1644 3406 1805 3461 quem
1823 3390 2033 3460 ignoro,

467 3506 631 3547 omne
662 3506 841 3545 meum
872 3498 1086 3559 tempus
1114 3484 1468 3556 impendere?

539 3583 652 3640 νυ.
682 3583 821 3638 Tum
860 3582 1089 3637 Petrus:
1125 3576 1243 3631 Non
1294 3577 1431 3631 adeo
1474 3575 1666 3631 beatus
1696 3588 1777 3639 es,
1816 3579 1878 3626 ut
1911 3584 2036 3625 eum

468 3677 723 3734 laudibus
750 3690 815 3730 ac
836 3674 1054 3746 hymnis
1079 3670 1296 3735 eﬂ‘eras,
1330 3668 1425 3724 sed
1454 3683 1555 3722 nec
1589 3667 1693 3721 hoc
1721 3666 1924 3719 bonum
1957 3659 2038 3714 l‘a-

465 3786 591 3827 cere
615 3779 786 3840 potes.
810 3766 946 3821 Nam
968 3781 1032 3821 eo
1058 3765 1253 3834 plenus
1273 3776 1445 3817 esses.
1474 3758 1566 3814 Sic
1587 3758 1754 3822 enim,
1777 3754 1870 3826 qui
1893 3767 2040 3807 men-

467 3864 561 3918 tiri
589 3861 779 3926 nescit,
803 3869 990 3914 noster
1016 3858 1208 3912 doctor
1230 3854 1540 3925 praedicavit
1564 3870 1578 3906 :
1604 3850 1689 3904 Ea:
1709 3846 2039 3903 abundantia

468 3953 643 4008 cordis
688 3968 746 4005 os
788 3950 1032 4020 loquitur.
1068 3958 1120 4002 ι.
1181 3946 1332 4001 Unde
1376 3953 1434 3999 tu
1462 3984 1480 4011 ,
1543 3941 1829 3996 abundans
1895 3938 2036 3992 mala

466 4042 747 4097 voluntate
760 4047 978 4109 propter
996 4032 1639 4107 ignorantiam,detrahis
1653 4032 1720 4086 de
1748 4029 1865 4085 solo
1894 4028 2037 4083 bono

468 4132 602 4200 Deo,
630 4131 861 4186 necdum
896 4144 994 4199 pro
1021 4126 1213 4182 merito
1242 4139 1431 4180 eorum
1470 4139 1593 4193 quae
1618 4120 1860 4177 ell'utiisti
1887 4129 2038 4190 pate-

469 4225 567 4281 ris.
614 4222 671 4278 Si
708 4221 977 4292 judicium
1020 4217 1138 4272 fore
1180 4232 1290 4272 non
1341 4215 1541 4280 credis,
1574 4213 1714 4267 forte
1756 4219 1812 4266 et
1860 4224 2038 4280 neque

467 4314 637 4369 Deum
660 4320 820 4383 putas
839 4308 1122 4365 exsistere.
1144 4304 1315 4370 Unde,
1342 4311 1547 4359 tantam
1567 4300 1687 4370 ejus
1712 4315 1821 4354 non
1846 4312 2037 4367 capes-

2138 1834 2228 1903 αἷς
2437 1840 2615 1912 βούλει
2645 1842 2692 1883 ’⁸
2715 1843 2852 1906 ὁδοῖς
2883 1844 3177 1898 συνοδεύων
3195 1844 3364 1912 δεῖξαι
3393 1847 3485 1900 τὸν
3508 1849 3558 1884 τ’
3591 1849 3733 1902 Θεὸν

2138 1931 2319 2003 πάσης
2391 1931 2652 2003 μέμψεως
2704 1932 2859 1996 ἐκτὸς
2900 1934 3045 1987 ὄντα.
3096 1935 3205 1987 Kal
3262 1937 3290 1988 6
3346 1937 3533 2008 Σίμων
3593 1939 3725 2010 ἔφη’

2138 2022 2321 2078 Ταῦτα
2351 2022 2426 2086 ῶς
2450 2022 2679 2092 ἀγαπῶν
2705 2023 2835 2077 Θεὸν
2860 2025 2919 2077 δν
2948 2026 3235 2097 νενόμικας
3257 2028 3450 2096 λέγεις,
3480 2030 3598 2083 ἀλλ’
3623 2032 3728 2085 οῦκ

2137 2112 2439 2184 ἀληθεύεις.
2462 2113 2571 2166 Kal
2595 2116 2623 2167 6
2651 2113 2877 2185 Πέτρος·
2901 2114 2971 2168 Σὺ
2999 2115 3055 2168 δὲ
3081 2115 3157 2177 ὼς
3182 2118 3351 2180 κακὸς
3368 2118 3543 2188 μισῶν
3564 2119 3723 2184 θεὸν,

2137 2204 2197 2258 6v
2224 2204 2516 2276 ἠγνόησας,
2552 2205 2901 2277 βλασφήμους
2934 2208 3101 2279 ἀφίης
3128 2208 3173 2240 ⁸⁸
3202 2209 3401 2278 φωνάς.
3440 2210 3551 2263 Kal
3586 2213 3615 2264 6
3638 2212 3725 2264 Σί-

2142 2314 2276 2367 μων’
2312 2298 2630 2369 Μνημόνευε
2653 2299 2735 2351 ὅτι
2768 2315 2834 2369 με
2862 2300 3059 2363 κακίας
3092 2301 3316 2373 ἡγεμόνι
3352 2304 3719 2374 παρείκασας.

2138 2388 2249 2441 Kal
2271 2390 2301 2441 6
2333 2388 2558 2460 Πέτρος·
2602 2388 2899 2459 Ὀμολογῶ,
2941 2390 3255 2463 ἐψευσάμην
3287 2395 3630 2463 παρεικάσας
3658 2412 3720 2447 σε

2137 2478 2217 2549 τῷ
2247 2479 2486 2551 πονηρῷ,
2535 2479 2883 2551 ἠναγκάσθην
2918 2480 3026 2552 γὰρ
3067 2482 3160 2535 ἐπὶ
3192 2482 3271 2553 τῷ
3300 2484 3373 2557 μὴ
3414 2485 3597 2557 εὑρεῖν
3629 2486 3722 2538 τόν

2141 2587 2225 2626 σοι
2253 2570 2297 2603 ⁸¹
2329 2570 2441 2623 ῐσον
2465 2570 2499 2642 ἢ
2526 2571 2621 2624 καὶ
2664 2570 2903 2661 χείρονα.
2949 2571 3148 2625 Τούτου
3188 2573 3349 2661 ἕνεκα
3384 2575 3463 2646 τῷ
3497 2578 3721 2650 πονηρῷ

2142 2679 2200 2717 σε
2228 2661 2555 2734 παρείκασα.
2582 2662 2655 2715 Σὺ
2696 2646 2809 2733 γάἶ
2826 2660 2872 2693 ⁸⁸
2903 2663 2997 2717 καὶ
3029 2663 3126 2717 τοῦ
3163 2646 3273 2735 τῆξ
3293 2668 3491 2731 κακίας
3516 2646 3722 2741 ἡγεμό-

2140 2772 2228 2817 νος
2260 2753 2439 2825 πολλῷ
2477 2754 2833 2846 πονηρέτερος
2870 2754 3172 2825 τυγχάνεις.
3205 2757 3308 2811 Τὸν
3344 2759 3454 2830 γὰρ
3484 2761 3721 2833 πονηρὸν

2138 2845 2312 2910 οὐδεὶς
2343 2846 2669 2899 κατειπόντα
2693 2846 2826 2900 Θεοῦ
2867 2845 3038 2913 δεῖξαι
3066 2846 3307 2913 δύναται,
3344 2850 3403 2903 σὲ
3425 2850 3485 2925 δέ
3518 2853 3724 2925 τολμη-

2142 2935 2252 3008 ρῶς
2298 2936 2664 3005 καταλέγοντα
2712 2937 2762 2989 oi
2813 2936 3013 3000 πάντες
3072 2940 3335 3010 παρόντες
3376 2922 3719 3013 ἱστοροῦμεν.

2142 3032 2250 3083 Kal
2299 3032 2328 3083 6
2376 3030 2578 3101 Σίμων·
2626 3030 2683 3083 '0
2731 3029 2985 3102 ἀλήθειαν
3029 3030 3077 3064 ⁸⁸
3129 3030 3305 3103 ζητῶν
3349 3033 3505 3087 οὐδὲν
3542 3036 3724 3103 οὐδενὶ

2138 3121 2338 3191 ὀφείλει
2386 3120 2538 3200 παρὰ
2586 3120 2647 3173 τὸ
2684 3120 2745 3173 δν
2796 3100 3131 3191 χαρίζεσθαι,
3185 3100 3344 3178 -Ἐπεὶ
3388 3124 3444 3177 τί
3492 3127 3589 3179 καὶ
3618 3100 3725 3199 τὴν

2137 3213 2310 3285 ἀρχὴν
2336 3212 2514 3285 ζητεῖ;
2543 3212 2607 3265 Τί
2629 3211 2685 3264 δὲ
2721 3212 2814 3265 καὶ
2839 3210 2949 3281 ἐγὼ
2973 3213 3033 3265 ού
3064 3213 3315 3285 δύναμαι,
3344 3219 3539 3287 παρεὶς
3563 3220 3729 3289 ἀκριη

2136 3303 2265 3357 δοῦν
2305 3302 2374 3356 τά
2416 3303 2736 3375 πράγματα,
2781 3303 2863 3366 είς
2902 3302 3173 3374 ἐγκώμιον
3199 3300 3260 3360 οῦ
3300 3307 3388 3379 μὴ.
3420 3308 3725 3380 ἐπίσταμαι

2136 3394 2270 3448 Θεοῦ
2301 3394 2393 3447 τὸν
2418 3394 2594 3447 πάντα
2621 3409 2723 3464 μου
2747 3392 2992 3466 δαπανᾷν
3016 3394 3241 3467 χρόνον;

2208 3566 2320 3621 ιιι.
2353 3565 2463 3619 Kal
2492 3567 2521 3618 6
2554 3565 2774 3637 Πέτρος·
2810 3565 2947 3619 Οὔτε
2994 3566 3245 3622 τοσοῦτον
3269 3568 3317 3601 ⁸⁸
3346 3564 3401 3623 εἴ
3447 3574 3729 3645 μακάριος

2137 3659 2298 3714 αὐτὸν
2324 3659 2531 3728 ὑμνεῖν,
2565 3655 2688 3710 οῦτε
2721 3657 2827 3729 μὴν
2859 3658 2919 3711 τὸ
2957 3659 3158 3727 ἀγαθὸν
3189 3659 3347 3714 τοῦτο
3374 3664 3605 3734 ποιῆσαι
3633 3667 3729 3719 δύ-

2136 3768 2314 3805 νασαι.
2354 3748 2527 3802 Αὐτοῦ
2567 3747 2676 3819 γὰρ
2714 3748 2929 3820 πλήρης
2958 3749 3025 3802 ἂν
3053 3746 3138 3821 ἧς.
3173 3751 3327 3805 Οὕτω
3352 3753 3462 3823 γάρ
3485 3757 3514 3809 ό
3550 3758 3727 3827 ἀψευ..

2135 3842 2230 3914 δὴς
2260 3840 2413 3912 ἡμῶν
2438 3835 2559 3892 εἷπε
2584 3839 2916 3902 διδάσκαλος
2959 3840 3059 3894 Ἐκ
3075 3845 3552 3913 περισσεύματος
3578 3865 3729 3917 gap-

2135 3934 2267 4001 δίας
2325 3933 2521 4001 στόμα
2564 3931 2759 3986 λαλεῖ.
2830 3931 2992 4015 "095v
3049 3934 3113 3986 σὺ
3158 3934 3205 3966 ⁸⁵
3257 3938 3729 4010 περισσευόμενος

2136 4025 2448 4097 προαιρέσει
2474 4025 2640 4094 κακῇ,
2654 4022 2876 4091 ἀγνοίας
2894 4024 3064 4094 αἰτίᾳ,
3084 4026 3404 4096 καταλέγεις
3423 4028 3597 4102 377
3625 4033 3727 4086 τοῦ

2139 4120 2301 4191 μόνου
2354 4116 2557 4188 ἀγαθοῦ
2608 4115 2765 4179 Θεοῦ,
2826 4116 2922 4169 καὶ
2990 4120 3154 4189 μήπω
3178 4120 3226 4152 ⁸⁸
3254 4121 3374 4174 κατ’
3409 4122 3573 4188 ἀξίαν
3617 4127 3731 4181 πά-

2138 4227 2280 4282 σχων
2303 4204 2377 4265 ὧν
2408 4211 2708 4281 ἐτόλμησας
2744 4208 2939 4276 λέγειν.
2974 4209 3037 4262 Εἰ
3072 4212 3251 4283 κρίσιν
3288 4212 3392 4267 οἴει
3412 4215 3459 4247 ⁸⁷
3491 4217 3571 4288 μὴ
3598 4218 3729 4273 ἔσε-

2138 4305 2279 4368 σθαι,
2302 4304 2442 4375 τάχα
2470 4304 2527 4358 δὲ
2556 4304 2692 4375 μηδὲ
2726 4304 2773 4336 ⁸⁸
2795 4300 2935 4357 εἶναι
2964 4302 3095 4358 Θεὸν
3131 4305 3385 4377 νομίζεις.
3425 4309 3596 4381 Ὅθεν
3624 4314 3729 4386 τῆς

467 4422 595 4463 sens
625 4403 963 4476 patientiam,
1004 4408 1056 4453 te
1102 4396 1278 4467 magis
1314 4410 1380 4451 ac
1420 4393 1596 4465 magis
1627 4392 1696 4447 ad
1724 4391 2031 4449 vecordiam

2141 4396 2401 4469 τοσαύτης
2431 4397 2595 4451 αὐτοῦ
2631 4397 3007 4469 μακροθυμίας
3041 4398 3140 4452 οὐκ
3184 4392 3729 4476 ἀντιλαμϐανόμενος

464 4497 734 4555 extendis.
763 4494 829 4550 Et
859 4491 1049 4548 Simon
1078 4508 1092 4545 :
1128 4487 1206 4543 Ne
1234 4502 1420 4558 speres
1442 4485 1589 4556 quod
1618 4499 1706 4539 me
1733 4484 1929 4539 timore
1947 4482 2034 4537 di-

466 4598 716 4645 moturus
757 4587 856 4651 sis,
889 4599 957 4639 ne
984 4598 1015 4638 a
1062 4590 1114 4636 te
1145 4593 1389 4650 quaeram
1428 4575 1805 4646 exemplorum
1836 4573 2040 4629 verita-

468 4690 600 4739 tem.
631 4679 745 4749 Ego
768 4678 917 4734 enim
947 4675 1082 4730 adeo
1110 4671 1354 4729 veritatis
1382 4684 1507 4727 sum
1528 4676 1809 4740 appetens,
1837 4675 1898 4723 ut
1918 4666 2037 4737 ejus

535 4827 564 4858 ι
593 4813 784 4869 Matth.
818 4826 918 4879 xu,
955 4808 1044 4864 54.

2139 4489 2231 4541 ἐπὶ
2263 4488 2441 4542 πλεῖον
2469 4488 2604 4561 πρὸς
2635 4491 2890 4546 ἀπόνοιαν
2931 4482 3092 4548 αὐτόν
3120 4493 3391 4557 ὲκτείνεις.
3435 4495 3550 4549 Kal
3571 4501 3603 4551 6
3636 4500 3729 4552 Σί-

2141 4598 2276 4653 μων·
2306 4582 2397 4653 Μὴ
2424 4580 2605 4645 ἔλπιζε
2640 4582 2786 4654 φόόῳ
2813 4584 3152 4657 δυσωπήσειν
3189 4602 3277 4657 με,
3309 4586 3383 4657 μὴ
3416 4586 3610 4658 ζητεῖν
3639 4608 3727 4644 σοι

2135 4671 2246 4726 τῶν
2268 4672 2717 4745 παραδειγμάτων
2754 4674 2824 4729 τά
2860 4674 3054 4747 ἀληθῆ.
3112 4675 3254 4746 Ἐγὼ
3298 4675 3406 4749 γὰρ
3456 4678 3727 4735 τοσοῦτον

1758 4984 1992 5042 VARUE
2030 4981 2428 5039 LECTIONES.

537 5127 585 5159 "
613 5126 691 5181 ιω
731 5124 777 5180 0
824 5142 874 5182 c.
910 5124 1294 5198 C,xaropeoﬁv
1327 5134 1556 5193 utraque
1593 5123 1787 5179 Clerici
1828 5123 2015 5177 editio.
2066 5121 2226 5176 Errat
2248 5119 2290 5176 S
2341 5118 2408 5173 de
2438 5117 2499 5172 C.

537 5206 669 5246 rtus.
711 5195 848 5246 Tum
877 5193 940 5246 τό
966 5214 1018 5246 n.
1045 5196 1123 5246 τῶ
1151 5196 1212 5246 C.
1287 5197 1334 5229 "
1364 5197 1511 5246 ἡμᾶς
1537 5194 1841 5246 εὑεογετείν
1873 5193 1933 5246 C.
2010 5193 2056 5225 "
2083 5192 2158 5246 ὅτ’
2194 5191 2263 5246 ἄν
2294 5190 2355 5245 C.
2386 5187 2528 5241 Idem

2235 5208 2263 5243 ν
2294 5203 2355 5243 υ.
2386 5203 2477 5241 me

468 5206 669 5252 textus.
711 5195 753 5248 Τ
760 5212 848 5267 um
877 5193 940 5249 τό
966 5193 1212 5267 haec
1287 5197 1334 5229 "
1364 5194 1841 5267 ﬂpdgebepyeteiv
1873 5193 1933 5249 C.

1094 5250 1106 5268 ο

2599 5117 2647 5189 1⁵
2670 5116 2938 5189 ,κρείττων
2961 5114 3006 5170 Ο
3057 5125 3112 5172 et
3133 5132 3327 5189 margo
3354 5116 3402 5189 CA
3426 5159 3442 5183 ,
3467 5120 3724 5189 κρείττω

2582 5135 3006 5267 genere"
3020 5135 3729 5267 ρελίτςξιεξιῖξξιιλξῖοεξξῖ,

470 5275 617 5321 textu
640 5305 656 5330 ,
700 5275 761 5320 ut
792 5263 856 5320 0.
932 5254 979 5299 “"-
1023 5254 1106 5319 lta'
1137 5264 1181 5320 Ο
1226 5275 1280 5321 et
1304 5254 1646 5333 ex'conject.'
1670 5254 1711 5318 ἰ)
1741 5305 1756 5330 ,
1794 5263 1848 5317 in
1878 5263 1989 5333 cuj.
2019 5271 2166 5333 textu
2191 5260 2341 5313 πότε.
2415 5258 2464 5333 _’°
2493 5255 2669 5333 βουλεί
2698 5254 2909 5333 φθοῖς,
3028 5273 3081 5326 p.
3108 5254 3253 5333 vulg.
3282 5254 3722 5333 [armi—solm

472 5324 673 5418 mni-
720 5336 771 5418 ’ζ
806 5336 897 5389 τόν
933 5336 1155 5418 adimi
1178 5351 1227 5418 ς·
1263 5334 1354 5418 οι.
1404 5335 1455 5418 “.
1495 5324 1654 5418 ἀφεῖς
1681 5324 2075 5418 caricis“)
2105 5324 3135 5418 ίςῖοετξ,ε⁴ὶ¹1⁵9ξ³ζι;ἐἒῗείεὲ·ἓεείηὲθβε
3164 5324 3390 5398 ήῩεμάνι
3441 5325 3488 5382 ο
3541 5340 3618 5412 ει.
3650 5347 3722 5386 ει

466 5403 773 5489 ἁριιῇόοῑλο
810 5446 839 5486 ,θ
861 5406 953 5475 qui
988 5403 1042 5459 in
1084 5414 1231 5489 textu
1270 5405 1397 5489 ex‘h.
1430 5403 1690 5489 Ἦῆρρνᾳ,
1731 5403 1808 5489 1’01

466 5473 645 5529 video.
683 5473 994 5529 Proximum
1035 5479 1126 5528 καί
1166 5491 1276 5529 om.
1308 5473 1374 5529 Ο.

1903 5397 2170 5459 θοίίοὴοηι
2220 5397 2573 5454 Ottoboniani
2604 5411 2685 5447 σοι

595 5492 645 5556 9.
683 5463 994 5556 Proximum
1035 5479 1126 5556 καί
1166 5491 1290 5556 omn
1308 5473 1374 5529 0.
1444 5463 1505 5556 fi.
1525 5463 1671 5546 [ἐπεὶ
1694 5471 1827 5556 γῖάρ
1851 5471 2137 5556 praebia?
2160 5470 2234 5556 Ὀ.
2312 5466 2635 5556 ³⁸ἀληθξῖίαχ
2664 5463 2788 5556 (εξο)
2815 5464 2878 5517 0.
2922 5463 2929 5465 ⁷
2949 5464 3007 5556 ξδ
3026 5463 3197 5556 μοι
3218 5463 3279 5550 'c._
3307 5463 3360 5521 S'
3397 5463 3717 5556 ξξὶνξιιαιικη

465 5545 716 5616 τοσοῦτος
746 5546 803 5616 in
833 5554 1003 5616 textu.
1040 5544 1097 5616 lu
1123 5545 1367 5616 margine
1401 5532 1686 5616 utriusque
1705 5532 2073 5616 edim-Clerici
2104 5532 2119 5595 Ξ
2157 5532 2481 5616 ᾕμτοσοῦτοξ
2514 5532 2682 5616 Unde
2711 5535 2898 5615 lapsus
2919 5532 3355 5616 “Sebgegleri.”
3397 5537 3447 5569 ⁸⁸
3472 5536 3591 5616 Pro

467 5607 739 5694 lacunajn
860 5613 925 5694 _l'n
954 5615 1142 5670 eodem
1174 5607 1266 5685 pr:
1279 5630 1435 5694 _man_.
1465 5607 1757 5694 scripserat
1780 5612 2128 5694 προαιρεσινἒ
2191 5608 2372 5694 “'“P‘ro
2408 5607 2481 5694 μῄ

2737 5395 2856 5468 (σόν
2879 5395 2942 5465 C)
2963 5464 2978 5468 _
2998 5395 3056 5468 S_.
3082 5395 3724 5468 'quoque_proposuisse

3397 5536 3717 5594 “Prol-6

2489 5622 2573 5683 τεω
2603 5600 2794 5683 lacuna
2830 5603 2884 5683 in
2915 5600 2980 5657 0.
3042 5605 3102 5683 _"
3119 5600 3173 5683 ﬁ
3214 5605 3448 5681 [κρί]σιν
3494 5608 3596 5683 οἴῃ
3626 5609 3672 5665 ιζ
3696 5648 3719 5677 ,

467 5679 503 5753 ἦ
532 5701 585 5737 κ.
622 5684 712 5758 οἵῃ
754 5683 811 5739 S.
860 5683 1096 5758 Uterque
1132 5671 1254 5757 post
1276 5685 1494 5740 ἔσεσθαι
1525 5671 1679 5754 ponit
1724 5671 2006 5753 punctum.
2083 5680 2129 5712 ⁸⁸
2172 5678 2328 5751 μηδ[ὲ
2347 5671 2540 5748 κσίίῙΟ
2567 5715 2583 5739 .
2624 5672 2759 5745 μηδὲ
2783 5671 2847 5727 σύ
2874 5675 3084 5731 mavult
3117 5671 3176 5732 S'.
