3860 6210
163 305 272 362 429

1243 289 1702 352 CLEMENTINA.
1719 319 1786 330 —
1825 289 2110 346 HOMILIA
2151 291 2291 346 XIX.

3321 289 3426 345 630

160 421 423 494 ἀληθείας
448 419 729 491 ὀρέγομαι,
751 418 826 482 ὡς
859 417 1028 488 αὐτῆς
1051 415 1213 469 ἕνεκα
1247 414 1320 484 μὴ
1349 409 1575 481 ὀκνῆσαί
1605 424 1670 479 με
1697 408 1742 443 ⁸⁸

1865 422 2010 462 :ausa
2052 423 2159 461 non
2210 408 2390 476 pigeat
2424 421 2514 462 me
2563 408 2726 464 etiam
2770 406 3075 478 periculum
3121 405 3419 475 suscipere.

170 517 258 569 cal
281 515 344 567 τὸ
369 513 699 568 κινδυνεύειν
724 512 1096 582 ἀναδέχεσθαι.
1125 508 1272 590 Πλῂν
1301 506 1436 577 πρὸς
1466 504 1536 557 τὰ
1561 504 1743 573 ἀπαρ-

166 608 266 678 ζῆς
293 624 376 660 σοι
403 607 496 660 ὑπ’
538 605 673 678 ἐμοῦ
699 605 1056 678 προταθέντα,
1087 585 1214 671 είγέ
1242 601 1415 653 είπεῖν
1447 596 1611 667 ἔχεις,
1642 594 1747 665 ήδη

162 697 309 764 λέγε.

234 787 368 844 VIII.
412 789 524 842 Καὶ
552 787 580 840 6
608 787 814 860 Πέτρος
835 803 850 817 ο
895 783 1113 856 Ἐπειδὴ
1145 781 1350 853 τολμᾷν
1388 779 1536 851 ἡμᾶς
1575 775 1747 844 ἀναγ-

159 879 373 945 κάζεις,
401 881 501 944 ’τὰς
529 880 624 934 τοῦ
657 881 792 934 Θεοῦ
819 881 1014 950 τέχνας
1037 877 1279 951 ἀκριϐῶς
1311 875 1640 948 έφευρόντας
1662 873 1750 926 λέ-

157 991 299 1043 γειν,
336 976 432 1029 καὶ
450 975 621 1029 ταῦτα
646 976 740 1029 ἀνθ
750 974 962 1047 ρώπους
983 975 1109 1037 τοὺς
1146 973 1278 1045 μηδὲ
1297 972 1404 1026 τῶν
1427 971 1627 1042 ὁμοίων
1650 969 1750 1034 τὰς

156 1067 362 1137 τέχνας
398 1068 705 1141 ἀκριϐὦσαι
753 1069 1104 1140 δυναμένους,
1151 1068 1239 1121 διὰ
1268 1065 1397 1136 γοῦν
1433 1068 1560 1128 τοὺς
1604 1081 1750 1136 παρ-

157 1161 426 1226 εστῶτας,
467 1162 588 1216 ἀντὶ
621 1163 721 1234 τῆς
761 1162 1154 1232 εὐσεϐεστάτης
1186 1161 1363 1230 σιγῆς,
1401 1160 1529 1232 περὶ
1553 1153 1628 1212 ὧν
1663 1157 1751 1210 θέ-

157 1253 275 1318 λεις
294 1255 740 1327 διαλεχθήσομαι.
760 1257 1110 1328 Συνομολογῶ
1137 1273 1215 1308 σοι
1247 1251 1385 1308 εἷναί
1412 1271 1532 1307 τινα
1556 1251 1753 1316 κακίας

158 1348 411 1419 ἡγεμόνα
432 1390 446 1412 ,
479 1344 540 1403 οὗ
557 1350 603 1381 ³⁸
634 1350 734 1422 τὴν
773 1349 985 1418 γένεσιν
1018 1348 1113 1421 ﬂ“
1148 1348 1339 1418 Γραφὴ
1365 1345 1489 1400 οὔτε
1512 1344 1710 1417 ἀληθὲς
1731 1383 1748 1409 ,

155 1438 282 1492 οὔτε
319 1441 517 1510 ψευδὲς
559 1443 733 1496 είπεῖν
779 1442 1090 1513 ἐτόλμησεν.
1128 1442 1275 1514 Πλὴν
1321 1441 1754 1513 συνδιαπορήσω-

159 1527 588 1604 μέν’πολλαχῶς
619 1535 680 1588 τὸ
725 1533 842 1597 πῶς
882 1534 1102 1602 γέγονεν
1124 1571 1140 1598 ,
1165 1519 1336 1605 ἐἴπερ
1369 1533 1622 1603 γέγονεν,
1659 1534 1752 1585 καὶ

154 1626 268 1680 τῶν
292 1627 599 1682 δοκούντων
629 1628 689 1681 τὺ
711 1628 1082 1700 εὐφημότερον
1109 1626 1378 1698 ἑλώμεθα,
1407 1627 1530 1681 ἐπεὶ
1553 1628 1616 1680 ὲκ
1643 1626 1751 1680 τῶν

157 1717 396 1771 εἰκότων
421 1718 759 1790 λαμϐάνεται
801 1718 961 1773 τοῦτο
995 1718 1250 1790 βεϐαίως,
1280 1719 1369 1772 6”
1399 1719 1497 1789 μὲν
1524 1719 1604 1772 ὅτι
1634 1717 1753 1789 Θεῷ
1787 1748 1828 1802 Β

156 1811 220 1864 τὸ
249 1811 630 1885 εὐφημότερον
652 1814 852 1885 πρέπει
881 1812 1083 1876 δοῦναι,
1112 1813 1286 1886 ταύτῃ
1321 1813 1540 1884 μᾶλλον,
1570 1812 1756 1867 πασῶν

160 1903 438 1958 ὑπονοιῶν
471 1905 880 1976 καθαρθεισῶν,
917 1905 1013 1958 καὶ
1043 1904 1211 1975 ἄλλης
1241 1904 1435 1979 ἱκανῆς
1467 1903 1563 1957 καὶ
1603 1903 1758 1957 ἀκιν-

157 1996 465 2069 δυνοτέρας
504 1999 919 2070 παρακειμένης
950 1999 1205 2070 ὑποψίας.
1239 1999 1386 2082 Πλὴν
1411 1998 1512 2069 ήδη
1538 2014 1618 2050 σοι
1651 1997 1759 2069 πρὸ

164 2089 267 2158 τῆς
294 2089 469 2160 378
502 2089 784 2162 ζητήσεως
811 2091 1202 2162 ὑπισχνοῦμαι,
1231 2091 1312 2144 ὅτι
1346 2093 1495 2146 πᾶσα
1517 2092 1636 2155 ὁδὸς
1661 2092 1760 2164 ζη-

165 2181 386 2250 τήσεως
436 2180 723 2253 ἄμεμπτον
770 2182 933 2237 αὐτὸν
987 2182 1147 2255 μόνον
1194 2184 1413 2238 δύναται
1459 2182 1630 2248 δεῖξαι
1666 2184 1760 2238 τὸν

164 2271 324 2325 Θεὸν.

245 2361 339 2415 ΙΧ·
405 2362 573 2452 Πλὴν,
625 2364 702 2429 ὡς
750 2364 920 2436 ἔφης,
967 2365 997 2418 6
1038 2366 1272 2437 πονηρὸς
1315 2366 1429 2435 εἴγε
1469 2367 1694 2437 γενητός
1713 2366 1760 2399 ⁹³

165 2455 322 2507 ἐστιν
343 2495 358 2518 ,
391 2454 424 2525 ἢ
460 2445 535 2520 ὦς
562 2455 701 2520 ζῶον
725 2458 1132 2528 γεγέννηται⁹⁸,
1159 2458 1191 2529 ἢ
1220 2458 1494 2522 οὑσιωδῶς
1538 2459 1630 2512 ὑπ’
1660 2459 1761 2512 αὑ-

165 2545 265 2597 τοῦ
305 2545 696 2618 προϐέϐληται,
725 2548 885 2619 ἢέξω
911 2549 1210 2621 κέκραται,
1246 2549 1279 2620 ἢ
1308 2552 1372 2621 τῇ
1402 2549 1595 2622 κράσει
1626 2567 1763 2621 συμ-

166 2635 414 2707 ϐέϐηκεν
460 2636 624 2689 αὐτοῦ
671 2639 704 2708 ἡ
740 2637 1092 2710 προαίρεσις,
1135 2637 1170 2709 ἢ
1203 2637 1330 2716 ἄνξυ
1376 2639 1625 2711 κράσεως
1668 2639 1763 2693 καὶ

167 2728 311 2782 Θεοῦ
350 2729 548 2800 βουλῆς
573 2730 771 2800 συνέϐη
805 2731 1057 2800 γενέσθαι
1105 2731 1164 2797 ἐξ
1197 2731 1296 2784 οὐκ
1326 2731 1495 2784 ὄντων
1518 2771 1532 2795 ,
1577 2731 1610 2802 ἢ
1657 2731 1764 2784 ὑπὸ

169 2819 312 2872 Θεοῦ
349 2821 414 2872 ὲκ
438 2820 531 2873 τοῦ
569 2821 790 2892 μηδαμῆ
806 2823 853 2856 ⁸⁵
881 2820 1149 2892 μηδαμῶς
1173 2821 1414 2890 γέγονεν,
1458 2821 1492 2892 ἢ
1517 2822 1672 2898 ἐκτὸς
1696 2817 1762 2893 ἦν

171 2916 314 2969 Θεοῦ
353 2918 386 2988 ή
421 2917 520 2987 ὕλη
556 2919 762 2988 ἄψυχος
790 2914 925 2973 οὖσα
957 2919 991 2990 ἢ
1023 2919 1266 2990 ἔμψυχος
1287 2919 1412 2994 ὅθεν
1443 2921 1687 2990 γέγονεν,
1727 2920 1762 2994 ἢ

172 3008 373 3062 ἑαυτὸν
404 3010 849 3082 δημιουργήσας,
889 3010 922 3082 ἦ
967 3011 1072 3066 ὑπὸ
1110 3010 1245 3064 Θεοῦ
1286 3011 1526 3082 γεγονὼς
1548 3054 1563 3079 ,
1594 3013 1626 3085 ἢ
1657 3015 1764 3070 τῶν

175 3101 318 3172 πρός
361 3101 414 3153 τί
448 3102 615 3166 ἐστιν,
645 3103 676 3173 ἢ
705 3103 814 3156 αίεὶ
845 3099 946 3175 ἦν,
977 3106 1150 3159 εἰπεῖν
1187 3105 1296 3177 γὰρ
1324 3108 1487 3162 αὑτὸν
1521 3109 1596 3180 μή
1619 3084 1764 3165 εἶναι
1787 3084 1837 3147 c

169 3195 237 3247 οὐ
266 3193 572 3264 δυνάμεθα,
598 3195 1120 3269 συνωμολογήσαμεν
1142 3199 1250 3271 γὰρ
1278 3200 1438 3254 αὐτὸν
1474 3201 1762 3273 ὑπάρχειν.

170 3285 287 3339 Καὶ
319 3287 350 3337 6
381 3285 598 3356 Σίμων·
631 3287 827 3350 Καλῶς
849 3289 1026 3351 πάσας
1051 3289 1216 3344 αὐτοῦ
1236 3291 1335 3355 τὰς
1367 3292 1523 3356 ὁδοὺς
1549 3293 1764 3359 διεῖλες,

173 3375 237 3426 τὸ
271 3375 575 3444 κεφάλαιον
609 3377 794 3430 αὐτοῦ.
831 3379 1031 3434 Λοιπὸν
1067 3381 1201 3452 ὲμὸν
1236 3382 1472 3453 ἐστιτήν
1501 3383 1767 3455 διαίρεσιν

174 3468 558 3537 ἀνακρίναντα
590 3468 761 3535 δεῖξαί
804 3487 886 3523 σοι
924 3471 1018 3524 τὸν
1063 3470 1388 3546 δημιουργὸν
1422 3474 1528 3527 ὑπὸ
1559 3476 1767 3547 μέμψιν

174 3561 330 3614 ὄντα.
363 3560 469 3612 Σοῦ
488 3561 546 3614 δὲ
573 3560 732 3632 ἔργον
760 3562 1041 3631 ἀποδεῖξαι.
1066 3565 1249 3629 αὑτὸν,
1272 3566 1347 3629 ὡς
1374 3566 1679 3638 ὑπέσχησαι
1696 3569 1764 3635 ³⁸,

176 3651 370 3721 πάσης
404 3651 666 3722 μέμψεως
690 3653 846 3725 ἐκδὺς
876 3653 1006 3708 ὄντα
1060 3655 1336 3725 Θαυμάζω
1362 3657 1418 3710 δὲ
1447 3658 1496 3710 εἰ
1528 3658 1731 3733 δυνήσῃ
1749 3700 1762 3715 .

181 3739 412 3808 Πρῶτον
445 3740 546 3812 μὲν
579 3740 687 3812 γὰρ
709 3743 738 3794 6
774 3743 1010 3816 πονηρὸς
1025 3745 1091 3809 ³⁷,
1119 3746 1168 3798 εί
1194 3747 1300 3800 ἀπὸ
1337 3746 1431 3800 τοῦ
1463 3748 1598 3802 Θεοῦ
1629 3749 1767 3813 ζῶον

177 3832 510 3903 γεγέννηται
536 3832 613 3898 ’⁸,
639 3833 947 3898 ἀκολούθως
983 3836 1082 3906 τῆς
1113 3837 1284 3907 αὐτῆς
1308 3836 1403 3892 τοῦ
1436 3840 1767 3910 προϐάλλον-

177 3941 274 3986 τος
303 3924 507 3988 κακίας
545 3925 818 3995 τυγχάνει.
860 3927 970 3980 Καὶ
1003 3927 1032 3979 6
1069 3928 1273 3999 Πέτρος
1289 3930 1333 3961 ⁹⁹
1359 3945 1372 3960 °
1418 3932 1492 3984 Οὐ
1529 3933 1764 3997 πάντως.

191 4015 450 4086 ὀρῶμεν
469 4015 578 4088 γὰρ
598 4016 828 4080 πολλοὺς
853 4016 960 4070 τῶν
993 4016 1294 4088 ἀνθρώπων
1321 4019 1557 4088 ἀγαθοὺς
1587 4022 1763 4088 ὄντας,

181 4108 280 4161 καὶ
323 4108 610 4171 κακοὺςίθο
650 4109 1044 4179 γεννήσαντας,
1087 4107 1277 4173 ἄλλους
1318 4110 1376 4163 δὲ
1427 4112 1769 4182 ὑπάρχοντας

183 4201 402 4261 κακοὺς
456 4199 495 4262 ί,
561 4200 656 4252 καὶ
730 4201 967 4268 ἀγαθοὺς
1031 4200 1366 4271 ἐσχηκότας,
1430 4203 1649 4274 ἐτέρους
1687 4204 1766 4257 ,δὲ

183 4293 397 4354 κακοὺς
424 4289 604 4352 ὄντας,
640 4291 733 4343 καὶ
765 4290 1003 4359 ἀγαθοὺς
1031 4291 1451 4363 προϐάλλοντας,
1487 4293 1681 4359 ἄλλους
1710 4296 1768 4349 δὲ

184 4383 428 4452 ἀγαθοὺς
441 4383 904 4453 ὑπάρχοντας,καὶ
919 4382 1082 4452 379
1095 4382 1299 4447 κακούς
1311 4400 1371 4437 τε
1392 4384 1485 4436 καὶ
1499 4385 1734 4454 ἀγαθοὺς
1748 4389 1768 4418 ⁸

183 4474 590 4536 τεκνώσαντας.
628 4473 836 4527 Αὐτίκα
879 4474 1008 4542 γοῦν
1042 4475 1069 4525 6
1102 4474 1319 4546 πρῶτος
1348 4475 1772 4548 δημιουργηθεὶς

186 4568 479 4637 ἄνθρωπος
502 4567 759 4636 ἐγέννησε
792 4567 882 4620 τὸν
908 4567 1089 4622 ἄδικον
1124 4569 1262 4622 Κάῖν
1301 4569 1395 4622 καὶ
1430 4569 1522 4623 τὸν
1563 4570 1771 4624 δίκαιον

1848 495 2018 553 Porro
2047 499 2114 553 ad
2143 515 2227 564 ea,
2258 514 2381 568 quae
2430 500 2686 568 primitus
2729 517 2758 555 a
2795 515 2882 555 me
2922 499 3021 554 tibi
3069 505 3198 554 sunt
3223 510 3424 567 propo-

1849 589 1976 657 sita,
2000 590 2268 660 siquidem
2301 591 2470 648 babes
2495 592 2696 659 dicere,
2722 593 2837 664 jam
2860 591 3044 648 dicito.

1923 767 2055 823 VIII.
2093 767 2162 824 Et
2195 767 2433 825 Petrus:
2465 768 2738 836 Quoniam
2772 783 2877 825 nos
2912 768 3087 841 cogis,
3124 777 3183 823 ut
3219 767 3424 824 audea-

1850 877 1975 917 mus
2011 861 2227 918 divinas
2261 873 2408 918 artes
2434 863 2721 933 diligenter
2751 863 3090 932 inquirentes
3121 878 3416 929 exponere,

1851 953 2014 1025 idque
2058 970 2160 1011 nos
2194 955 2483 1022 homines,
2517 956 2609 1026 qui
2643 971 2742 1012 nec
2785 957 3045 1011 similium
3093 966 3241 1012 artes
3268 957 3422 1012 vale-

1853 1061 1977 1100 mus
2024 1055 2218 1101 exacte
2274 1062 2634 1116 cognoscere,
2679 1049 2974 1102 astantium
3022 1057 3167 1103 certe
3212 1064 3419 1116 causa,

1852 1153 1952 1210 pro
1975 1139 2214 1192 maxime
2243 1140 2332 1208 pio
2357 1140 2599 1204 silentio,
2629 1140 2696 1194 de
2725 1142 2926 1209 quibus
2946 1141 3102 1210 cupis
3122 1141 3415 1196 disseram.

1853 1229 2050 1284 Fateor
2108 1240 2287 1284 tecum
2334 1232 2622 1300 quemdam
2656 1246 2776 1286 esse
2807 1232 3028 1287 malitiae
3074 1233 3378 1302 principem
3403 1274 3422 1299 ,

1853 1323 2012 1392 cujus
2037 1331 2217 1377 ortum
2245 1322 2526 1393 Scriptura
2552 1339 2727 1395 neque
2756 1341 2901 1390 vere,
2926 1341 3101 1395 neque
3128 1326 3267 1380 falso
3290 1342 3426 1382 ausa

1853 1422 1938 1468 est
1969 1413 2234 1468 indicare.
2271 1413 2540 1468 Caeterum
2574 1430 2681 1469 una
2717 1415 2907 1470 multis
2944 1430 3257 1485 quaramus
3306 1432 3428 1471 mo-

1854 1506 1973 1572 dis,
2001 1520 2112 1575 quo
2157 1514 2320 1574 pacto
2350 1505 2527 1561 factus
2556 1506 2663 1573 sit,
2692 1506 2739 1561 si
2768 1506 2946 1562 factus
2976 1515 3088 1572 est,
3136 1516 3190 1562 et
3234 1523 3427 1562 eorum

1855 1614 1976 1668 quae
2007 1597 2356 1660 videbuntur,
2397 1596 2542 1667 quod
2567 1597 2854 1652 honestius
2880 1597 2985 1651 erit
3004 1612 3069 1652 ac
3094 1597 3426 1667 religiosius,

1857 1690 2162 1761 eligamus:
2196 1689 2643 1760 quandoquidem
2671 1690 2795 1758 jure
2840 1689 2946 1745 hoc
2972 1689 3220 1759 [ﬁrmiter
3258 1691 3431 1745 sumi-

1861 1791 1969 1849 tur,
1991 1782 2042 1836 id
2070 1783 2291 1852 quidem
2315 1782 2508 1837 decere
2527 1779 2638 1835 Deo
2661 1781 2902 1836 tribuere
2927 1781 3072 1852 quod
3101 1782 3430 1837 laudabilius

1857 1884 1962 1941 est,
1995 1890 2059 1930 eo
2090 1875 2296 1946 magis,
2326 1888 2452 1929 cum
2484 1873 2699 1928 cunctis
2744 1873 3152 1943 suspicionibus
3184 1875 3430 1945 purgatis

1859 1968 1966 2022 ali‘a
2021 1967 2216 2022 idonea
2263 1965 2553 2035 minusque
2601 1965 2907 2035 periculosa
2954 1965 3010 2019 in
3059 1975 3314 2034 promptu
3359 1965 3434 2020 sit

1858 2059 2066 2130 opinio.
2087 2057 2409 2128 Verumjam
2422 2057 2519 2112 tibi
2534 2066 2660 2112 ante
2673 2057 3116 2127 disceptationem
3143 2056 3426 2126 proﬁteor,

1858 2152 2005 2222 quod
2056 2166 2253 2208 omnes
2298 2150 2733 2222 investigationis
2763 2151 2866 2206 viae
2912 2150 3254 2220 inculpatum
3301 2165 3429 2205 eum

1860 2244 2038 2299 solum
2068 2250 2300 2314 possunt
2327 2242 2614 2297 ostendere
2637 2239 2829 2297 Deum.

1931 2395 2024 2450 IX.
2063 2394 2273 2467 Itaque,
2310 2404 2372 2451 ut
2403 2394 2623 2463 dixisti,
2655 2397 2834 2453 malus
2887 2397 2969 2454 sic
2999 2396 3175 2455 factus
3202 2407 3307 2467 est,
3335 2410 3435 2458 aut

1861 2497 1923 2543 ut
1951 2489 2154 2543 animal
2203 2491 2419 2561 genitus
2451 2500 2570 2557 est,
2603 2498 2699 2544 aut
2739 2490 3035 2545 secundum
3068 2491 3432 2547 substantiam

1863 2581 1934 2635 ab
1961 2581 2084 2650 ipso
2111 2590 2194 2636 est
2222 2584 2492 2652 prolatus.
2519 2591 2615 2637 aut
2635 2593 2790 2636 extra
2824 2591 3157 2652 temperatus
3188 2581 3313 2652 fuit,
3337 2594 3436 2640 aut

1861 2688 1960 2743 per
2011 2666 2459 2743 temperationem
2508 2675 2738 2746 contigit
2782 2675 2954 2744 ipsius
2998 2675 3288 2740 voluntas,
3339 2687 3436 2732 aut

1864 2766 1984 2820 sine
2013 2767 2402 2835 temperatione
2422 2776 2475 2822 et
2503 2765 2599 2820 Dei
2619 2766 2852 2822 consilio
2873 2767 3072 2822 accidit
3094 2767 3208 2821 ﬁeri
3233 2783 3297 2822 ex
3323 2784 3435 2826 nou

1862 2858 2229 2926 exstantibus,
2277 2869 2366 2913 aut
2399 2875 2429 2913 a
2475 2858 2588 2912 Deo
2620 2859 2772 2912 nullo
2805 2860 3022 2928 penitus
3063 2859 3227 2914 modo
3255 2859 3435 2916 factus

1863 2959 1966 3017 est,
1998 2958 2092 3005 aut
2125 2957 2279 3005 extra
2314 2949 2483 3003 Deum
2514 2957 2631 3003 erat
2653 2948 2882 3003 materia
2913 2949 3162 3004 inanima
3197 2951 3282 3004 vel
3309 2949 3438 3004 ani-

1868 3050 2038 3107 mata,
2067 3041 2212 3096 unde
2235 3049 2419 3095 ortum
2458 3041 2640 3105 habet,
2676 3047 2772 3094 aut
2794 3041 3035 3110 seipsnm
3077 3043 3304 3108 creavit,
3339 3052 3438 3098 aut

1869 3148 1901 3188 a
1934 3132 2043 3187 Deo
2070 3130 2246 3188 factus
2275 3143 2359 3187 est
2381 3172 2395 3197 ,
2446 3143 2541 3187 aut
2568 3133 2636 3187 de
2677 3133 3032 3190 relativorum
3067 3143 3152 3190 est
3180 3150 3435 3201 numero,

1870 3232 1966 3279 aut
2015 3239 2230 3294 semper
2261 3223 2397 3292 fuit;
2432 3241 2556 3279 nam
2610 3241 2732 3280 eum
2764 3240 2873 3279 non
2916 3240 3069 3290 esse,
3113 3225 3296 3281 dicere
3325 3243 3437 3283 non

1869 3332 2164 3386 possumus
2187 3358 2203 3384 ,
2231 3317 2360 3388 quia
2409 3318 2463 3372 in
2495 3332 2561 3373 co
2588 3318 2735 3388 quod
2775 3319 3007 3373 exsistat
3033 3320 3434 3376 consensimus.

1869 3408 1936 3464 Et
1995 3406 2185 3463 Simon
2222 3426 2236 3463 :
2271 3407 2418 3464 Bene
2470 3417 2697 3463 cunctas
2748 3409 2869 3478 ejus
2921 3408 3042 3464 vias
3091 3409 3326 3465 divisisti
3383 3421 3440 3466 et

1869 3517 2141 3557 summam
2175 3501 2316 3571 ejus.
2346 3500 2610 3571 Superest
2633 3509 2691 3555 ut
2713 3515 2815 3570 ego
2845 3501 3172 3556 divisionem
3204 3516 3439 3572 perpen-

1867 3593 2002 3648 dens
2040 3592 2323 3648 ostendam
2355 3591 2452 3645 tibi
2478 3591 2792 3646 Creatorem
2824 3591 2997 3662 culpaa
3026 3589 3239 3645 amnem
3291 3607 3432 3648 esse.

1869 3683 2047 3738 Tuum
2086 3699 2217 3738 vero
2248 3691 2334 3738 est
2377 3682 2791 3746 demonstrare,
2837 3683 2980 3737 sicut
3021 3679 3304 3751 professus
3351 3698 3435 3746 es.

1867 3791 1993 3832 eum
2023 3775 2170 3830 omni
2201 3775 2361 3844 culpa
2405 3789 2616 3828 carere.
2668 3773 2837 3828 Miror
2882 3782 3064 3827 autem
3113 3774 3160 3828 si
3206 3775 3433 3844 poteris.

1867 3867 2112 3922 Primum
2138 3867 2388 3937 equidem
2421 3865 2682 3931 malus,si
2713 3879 2744 3918 a
2777 3863 2886 3918 Deo
2907 3876 2966 3920 ut
2989 3864 3191 3920 animal
3220 3867 3438 3936 genitus

1868 3970 1972 4024 est,
2001 3967 2404 4028 consequenter
2433 3957 2678 4027 ejusdem
2725 3956 2944 4011 malitia:
2970 3965 3056 4011 est
3098 3972 3224 4012 cum
3256 3959 3440 4026 prola-

1868 4062 2008 4109 tore.
2058 4051 2125 4105 Et
2153 4048 2536 4106 Petrus:Non
2584 4049 2918 4103 necessario.
2965 4047 3255 4104 Cernimus
3290 4049 3438 4103 enim

1869 4145 2073 4200 multos
2102 4143 2378 4204 homines,
2406 4142 2525 4210 qui,
2581 4140 2682 4194 etsi
2714 4139 2862 4205 boui,
2915 4140 3090 4194 malos
3119 4149 3300 4193 tamen
3342 4154 3439 4208 ge-

1870 4245 2135 4301 nuerunt,
2164 4235 2300 4289 alios
2328 4247 2480 4299 vero,
2503 4232 2598 4302 qui
2625 4232 2753 4285 mali
2782 4241 2929 4296 sunt,
2965 4241 3021 4286 et
3043 4231 3216 4286 bonos
3243 4246 3439 4286 susce-

1870 4337 2100 4400 perunt,
2156 4328 2295 4383 alios
2347 4334 2550 4390 autem,
2606 4325 2700 4394 qui
2750 4325 2879 4378 mali
2943 4324 3118 4380 bonos
3167 4323 3330 4379 simul
3373 4338 3441 4378 ac

1804 4423 1845 4478 D
1875 4423 2048 4476 malos
2071 4419 2399 4490 producunt,
2414 4419 2552 4473 alios
2579 4418 2831 4488 denique,
2879 4416 2976 4486 qui
3011 4431 3136 4471 cum
3163 4415 3436 4477 bonisint.

1874 4525 1929 4572 et
1953 4515 2126 4569 malos
2152 4522 2205 4568 et
2235 4513 2408 4568 bonos
2429 4519 2809 4581 procrearunt.
2828 4509 3021 4565 Statim
3052 4509 3440 4580 ergorprimum

1873 4613 2091 4661 creatus
2131 4603 2296 4658 homo
2333 4603 2518 4673 genuit
2562 4602 2809 4671 iniquum
2859 4600 3090 4655 Cainum
3139 4609 3192 4654 et
3229 4599 3440 4669 justum

191 4657 382 4712 Ἀϐελ.
429 4659 575 4727 Πρὸς
604 4657 779 4712 ταῦτα
825 4660 853 4711 6
893 4659 1073 4729 Σίμων
1116 4659 1250 4730 ἔφη·
1293 4661 1558 4733 Ἀνοήτως
1600 4665 1760 4726 ποιεῖς

1873 4657 2120 4751 Agaga.
2151 4657 2232 4749 Ad
2264 4657 2380 4750 ιιεέο
2407 4694 2545 4750 dixit
2569 4657 2800 4748 Simon:
2836 4692 3041 4747 Stolide
3089 4657 3260 4758 παῖδ’,
3307 4691 3442 4746 dum

189 4753 322 4822 περὶ
346 4750 483 4803 Θεοῦ
526 4751 907 4822 διαλεγόμενος
935 4754 1030 4805 καί⁵
1051 4753 1069 4783 ³
1105 4755 1467 4826 ἀνθρωπίνοις
1490 4756 1774 4828 χρώμενος

1873 4787 1941 4841 de
1969 4786 2078 4840 Deo
2107 4785 2386 4840 disserens
2418 4783 2581 4839 etiam
2628 4784 2865 4838 humana
2912 4782 3140 4838 adhibes
3171 4782 3440 4854 exempla,

191 4841 648 4913 παραδείγμασιν.
675 4843 785 4898 Καὶ
804 4846 832 4897 6
852 4845 1057 4916 Πέτρος
1074 4862 1087 4875 ⁸
1110 4846 1182 4900 Σὺ
1209 4842 1302 4900 οὖν
1331 4849 1461 4918 ἡμῖν
1496 4849 1620 4917 λέγε
1645 4853 1760 4923 περ]

1879 4879 1945 4934 Ει
1971 4877 2205 4934 Petrus:
2236 4876 2319 4933 Tu
2352 4877 2517 4948 igitur
2547 4877 2708 4932 nobis
2743 4876 2810 4930 de
2837 4876 2947 4930 Deo
2972 4877 3215 4945 loquere,
3249 4841 3444 4929 hui-ua:-

189 4933 352 4998 Θεοῦ,
375 4933 736 5006 ἀνθρωπίνοις
762 4935 836 5006 μὴ
853 4934 1134 5007 χρώμενος
1158 4938 1610 5009 παραδείγμασιν,
1634 4943 1773 5012 μετά

188 5025 288 5076 τοῦ
325 5025 507 5096 μέντοι
541 5025 794 5099 νοηθῆναι
824 5026 1080 5081 δύνασθαι
1125 5027 1195 5083 τὰ
1241 5028 1536 5100 λεγόμενα·
1561 5031 1674 5084 ἀλλ’
1709 5033 1770 5086 οὐ

190 5117 422 5189 δυνήσῃ.

1879 4969 1966 5024 nis
2005 4984 2107 5023 nec
2155 4977 2308 5024 utere
2351 4971 2637 5039 exemplis,
2689 4969 2763 5023 ita
2802 4978 2981 5022 tamen
3031 4975 3092 5022 ut
3137 4982 3260 5037 quae
3305 4967 3444 5022 dicis

1880 5061 2091 5133 possint
2116 5061 2374 5131 intelligi;
2409 5061 2502 5116 sed
2531 5075 2877 5132 nequaquam
2911 5059 3138 5128 poteris.

1486 5230 1720 5288 VARI/ﬁ
1758 5230 2158 5288 LECTIONES.

271 5320 318 5351 θ’
351 5336 420 5395 με
456 5319 674 5395 emno.
753 5322 802 5356 ⁸⁸
846 5316 1086 5395 [οἴη-ὓ.-
1145 5319 1191 5354 ἰ

1222 5322 1573 5396 hinseruic.
1609 5322 1683 5396 _O.
1758 5324 1804 5356 ⁹¹
1835 5325 1896 5376 τό
1933 5321 1996 5376 Ο.
2031 5322 2169 5377 Tum
2227 5317 2614 5396 εῦφημῴτερον
2661 5325 2845 5378 δοῦναι
2895 5325 3096 5396 πρέπει
3149 5326 3210 5381 C.

193 5389 487 5466 γενητὸςβ
518 5431 532 5454 ,
564 5389 597 5461 ἢ
624 5389 1018 5466 γεγενητὸςὉ.
1043 5389 1181 5466 Tum
1227 5389 1371 5466 idem
1409 5395 1573 5466 ζωήν,
1607 5394 1660 5466 in
1699 5410 1866 5464 marg.
1919 5409 2066 5466 man.
2111 5409 2237 5466 nec._
2267 5389 2394 5466 ista;
2435 5389 2592 5466 ζῷὸν,

2696 5329 2845 5378 οῦναι
2895 5329 3096 5396 πρέπει
3149 5329 3210 5381 C.
3317 5329 3364 5359 "
3394 5329 3444 5381 εί

2696 5396 2742 5425 οδ
2775 5396 2848 5448 Ita
2906 5394 2950 5450 Ο
2997 5407 3048 5449 et
3098 5413 3162 5450 ex
3207 5397 3442 5464 conject.

193 5461 239 5519 C
267 5461 598 5537 ,γεγένηται
623 5461 713 5516 ἰὰ(
743 5465 794 5537 in
813 5461 822 5464 ’
844 5473 1014 5527 textu,
1038 5461 1288 5537 γενέηται
1316 5465 1392 5519 Cl.
1432 5461 1592 5537 Errat
1620 5463 1660 5517 S
1730 5466 1797 5537 de
1823 5461 2075 5520 'lectione
2117 5463 2326 5537 codicis
2336 5463 2619 5537 _Cotelerii.
2697 5466 2742 5495 ⁸⁵
2773 5465 2929 5528 Θεοῦ,
2965 5465 3045 5537 [ἢ]
3077 5461 3327 5536 μηδαμοῦ
3357 5467 3396 5520 C
3427 5505 3442 5528 ,

193 5536 293 5620 qui
341 5539 526 5620 postea
541 5533 871 5620 “legendum
903 5549 1033 5620 esse
1082 5534 1305 5620 putabat
1344 5537 1408 5615 ὲκ
1438 5534 1577 5620 νλή,
1601 5550 1727 5620 qut-ri
1761 5535 1830 5620 ir’i‘
1850 5549 2012 5589 mser.
2073 5544 2198 5615 post
2241 5533 2362 5620 θεοξ
2403 5543 2685 5616 appareret
2726 5537 2752 5586 ὲ
2787 5550 2913 5588 cum
2959 5533 3112 5620 ini—tio
3140 5533 3361 5620 litt—eras.
3388 5553 3440 5620 art:

195 5600 244 5636 "
269 5600 509 5670 ὑπέσχου
539 5601 602 5657 Ο.
642 5600 724 5636 ’⁸⁷
747 5603 861 5656 Pro
895 5605 1045 5674 ήρός,
1077 5607 1124 5656 εί
1163 5605 1356 5658 lacuna
1393 5600 1452 5659 in
1471 5600 1554 5660 Ο.“
1608 5605 1655 5636 ⁹⁸
1686 5605 1759 5658 Ita
1787 5602 1840 5672 Ο,
1877 5613 2012 5658 etex
2047 5600 2279 5672 conject.
2320 5603 2360 5656 C
2389 5643 2403 5665 ,

196 5673 432 5704 Ill-3M-
461 5675 500 5704 Ρ
603 5674 670 5704 ιοο
701 5673 951 5704 ΓυηυΊιηζρ
973 5676 1012 5704 ι’
1113 5676 1129 5704 ί
1160 5673 1408 5704 [υηῚυλὲιι
1437 5675 1776 5704 .ὐ-4Αυ-..-.-ρ
1805 5674 1843 5704 Γ
1966 5675 1988 5704 I
2030 5671 2150 5704 ῠηρι
2185 5672 2403 5704 λιν-αλιι,

603 5674 670 5705 ¹⁰⁶
701 5673 951 5744 [κακῙούς
973 5676 1034 5728 C.
1113 5676 1129 5704 ¹
1160 5673 1408 5745 [κα]κοὺς
1437 5675 1776 5744 ὑπάρχοντας
1805 5674 1864 5728 C.

585 5745 604 5776 ³
645 5744 736 5798 καί
767 5745 971 5799 inserui
1003 5761 1050 5801 c.
1097 5743 1159 5800 Ο.
1194 5744 1339 5800 ldum
1377 5760 1482 5800 scr.
1520 5744 1942 5818 παραδίγμασιν.

193 5673 437 5756 μέτῖρος
452 5675 520 5756 ‘C.
585 5674 670 5756 _‘°'
701 5673 1034 5756 [gaxjodgu

195 5754 277 5801 ita
303 5754 486 5800 vertit.

2444 5605 2497 5656 in
2533 5605 2691 5673 cujus
2722 5613 2872 5658 textu
2933 5605 3240 5675 γεγένηται.
3317 5606 3361 5634 θ’
3393 5605 3443 5674 ['6

1966 5675 1988 5706 θ
2028 5671 2164 5730 Post
2183 5672 2420 5742 ἀγαθούς
2448 5675 2488 5730 C
2547 5671 2671 5731 addi
2727 5676 2840 5730 vult
2885 5671 2952 5728 τε
2993 5671 3086 5734 καὶ
3119 5671 3359 5742 κακούς,
3393 5671 3447 5730 ct
