3860 6210
446 278 542 336 431

1320 278 1374 331 S.
1417 273 1848 333 CLEMENTISI
1888 275 2054 333 BOM.
2098 273 2296 329 PONT.
2326 273 2553 329 OPERA
2594 272 2820 330 BUBIA.

3592 278 3700 333 £33

519 399 588 457 Χ.
628 396 747 453 Jam
789 414 941 469 ergo,
974 400 1104 470 quid
1137 398 1408 469 principio
1440 397 1668 452 dixisti?
1717 395 1775 449 Si
1801 412 1867 450 ex
1904 394 2011 448 Deo

2186 389 2251 443 Χ.
2291 390 2497 442 Λύτίκα
2528 388 2658 457 γοῦν
2686 388 2738 441 τί
2770 366 2868 459 τὴν
2901 389 3076 463 ἀρχὴν
3112 390 3296 460 ἔλεγες
3320 408 3336 457 ;
3364 392 3427 445 El
3468 392 3535 445 ὲκ
3561 390 3699 445 Θεοῦ

446 493 626 548 malus
654 493 869 563 genitus
896 502 1002 557 est,
1031 494 1273 561 ejusdem
1313 508 1437 545 cum
1468 506 1533 543 eo
1573 491 1843 545 exsistens
1879 489 2014 543 sub.

446 586 681 652 stantia,
706 586 870 641 etiam
896 585 1039 640 Deus
1070 586 1247 639 malus
1268 592 1372 639 est.
1400 584 1655 652 Cumque
1677 584 2011 639 ostenderim

444 692 543 746 per
579 676 709 731 illud
735 676 883 746 quod
913 676 1029 746 ipse
1058 676 1326 730 tradidisti
1379 676 1688 744 exemplum
1715 716 1728 735 .
1759 691 1826 728 ex
1855 676 2012 731 bonis

445 768 619 823 malos
647 766 780 823 oriri
810 775 977 836 atque
1007 782 1075 821 ex
1118 766 1276 821 malis
1327 767 1520 829 bonos,
1558 780 1665 820 non
1700 766 2010 833 admisisti,

444 864 745 916 humanum
766 860 1081 929 prolocutus
1102 860 1409 929 exemplum
1436 875 1577 914 esse.
1607 857 1764 914 Unde
1793 868 1848 914 et
1867 874 2013 914 nunc

443 969 620 1025 neque
637 967 739 1024 ego
765 951 935 1006 Deum
954 951 1193 1020 genitum
1220 966 1344 1007 esse
1374 951 1602 1021 recipio,
1632 952 1758 1022 quia
1788 953 2012 1023 gignere

443 1047 729 1101 hominum
757 1054 869 1111 est,
901 1061 1010 1100 non
1047 1044 1164 1100 Dei.
1206 1044 1309 1100 Sed
1338 1062 1439 1100 nec
1467 1044 1646 1101 bonus
1679 1046 1764 1100 vel
1809 1047 2008 1114 malus,

435 1138 618 1209 justus
654 1137 740 1192 vel
774 1137 1010 1207 injustns
1053 1152 1174 1193 esse
1218 1146 1393 1207 potest
1423 1135 1565 1192 Deus
1586 1177 1602 1203 ,
1633 1152 1811 1207 neque
1839 1138 2006 1193 etiam

438 1230 699 1300 prudens,
730 1238 825 1283 aut
848 1228 1053 1283 animal
1072 1269 1088 1295 ,
1126 1237 1221 1283 aut
1248 1244 1589 1299 quaecunque
1618 1229 1725 1284 alia
1778 1239 2008 1299 possunt

437 1322 618 1377 inesse
646 1321 979 1386 hominibus,
1031 1336 1157 1375 nam
1208 1321 1313 1375 ista
1351 1321 1631 1375 hominum
1668 1330 1815 1375 sunt.
1856 1320 1922 1375 Et
1959 1322 2005 1378 si

436 1429 546 1469 non
578 1421 791 1483 oportet
822 1412 963 1467 inter
992 1412 1345 1481 quaerendum
1375 1412 1443 1466 de
1486 1411 1616 1476 Deo,
1649 1413 1780 1467 dare
1808 1412 1856 1467 ei
1885 1429 2007 1483 qua!

435 1505 755 1560 hominibus
804 1504 994 1557 insunt
1055 1502 1227 1569 bona,
1278 1503 1414 1557 nihil
1479 1512 1651 1558 restat
1700 1503 2006 1573 intelligere

436 1605 531 1650 aut
581 1595 754 1665 loqui,
788 1595 893 1650 nisi
945 1591 1121 1649 solum
1174 1595 1464 1662 quaerenda
1522 1596 1695 1665 ipsius
1728 1598 2002 1662 voluntas.

434 1701 598 1755 quam
630 1686 746 1755 ipse
775 1685 935 1741 nobis
962 1685 1213 1755 permisit
1241 1685 1613 1753 considerare,
1663 1698 1753 1753 ut,
1777 1687 2001 1757 quando

2114 482 2143 533 ό
2187 480 2420 551 πονηρὸς
2453 480 2771 549 γεγέννηται
2789 480 2830 544 ⁸,
2863 480 2961 551 τῆς
2991 481 3162 552 αὐτῆς
3190 482 3339 553 αὐτῷ
3368 482 3445 536 ὢν
3484 482 3698 549 οὐσίας,

2114 571 2208 624 καὶ
2233 571 2466 642 πονηρός
2487 573 2650 624 ἐστιν.
2689 571 2851 642 Ἐμοῦ
2885 572 2941 627 δὲ
2968 572 3245 637 δείξαντος
3267 575 3325 641 ἐξ
3355 570 3528 648 οὗπερ
3546 576 3570 608 ⁵
3595 576 3696 631 auo

2111 665 2204 727 τὸς
2232 663 2440 726 ἔδωκας
2467 663 2930 735 παραδείγματος,
2967 666 3047 718 ὅτι
3079 664 3137 731 ἐξ
3170 665 3390 734 ἀγαθῶν
3420 668 3585 720 κακοὶ
3605 667 3698 736 γί-

2112 772 2292 809 νονται
2324 755 2419 807 καὶ
2438 756 2501 808 ὲκ
2530 754 2718 809 κακῶν
2748 754 2961 824 ἀγαθοὶ,
2990 756 3051 808 οὐ
3081 756 3382 827 παρεδέξω,
3411 756 3696 828 ἀνθρώπου

2114 862 2204 898 νον
2233 846 2410 916 φήσας
2442 840 2579 897 εἶναι
2629 844 2691 897 τὸ
2722 846 3089 916 παράδειγμα.
3121 846 3279 916 Ὅθεν
3316 846 3411 899 καὶ
3447 845 3543 900 νῦν
3582 844 3695 914 ἐγὼ

2109 936 2231 989 οὐδὲ
2258 915 2318 989 τὸ
2342 936 2698 1007 γεγεννῆσθαι
2721 937 2741 968 ⁸
2770 915 2900 991 Θεὸν
2927 915 3321 1009 παραδέχδμαι,
3372 938 3454 991 ὅτι
3479 936 3542 989 τὸ
3570 954 3695 1005 τεν·

2108 1031 2204 1101 νᾷν
2240 1027 2539 1100 ἀνθρώπων
2564 1030 2710 1083 ἐστὶν
2734 1070 2747 1093 ,
2792 1030 2853 1083 οὑ
2881 1029 3037 1083 Θεοῦ.
3072 1029 3209 1083 Ἀλλ’
3256 1028 3379 1083 οὔτε
3410 1028 3613 1097 ἀγαθὸς
3655 1029 3687 1081 i‘

2108 1119 2299 1184 κακὸς,
2334 1119 2366 1191 ἢ
2395 1119 2601 1184 δίκαιος
2628 1119 2660 1191 ἢ
2692 1119 2873 1183 ἄδικος
2899 1116 3035 1173 εἶναι
3059 1120 3277 1174 δύναται
3298 1122 3328 1173 ό
3356 1120 3490 1184 Θεὸς
3508 1162 3524 1187 ,
3563 1119 3693 1173 οὗτε

2113 1209 2259 1281 μὴντ
2292 1209 2555 1279 φρόνιμος
2593 1209 2625 1280 ἢ
2656 1208 2792 1275 ζῶον
2822 1209 2854 1281 ἦ
2884 1210 2984 1263 ὅσα
3009 1209 3143 1264 ἄλλα
3175 1210 3482 1281 ἀνθρώποις
3512 1227 3688 1283 προσ-

2105 1303 2243 1354 εῖναι
2286 1300 2540 1355 δύναταιο
2588 1300 2889 1372 ἀνθρώπων
2927 1300 3038 1374 γὰρ
3081 1301 3151 1355 τὰ
3192 1299 3435 1355 τοιαῦτα.
3477 1302 3589 1355 Kal
3636 1301 3688 1353 εἰ

2108 1391 2182 1463 μὴ
2212 1390 2318 1463 χρὴ
2349 1391 2645 1462 ζητοῦντας
2671 1396 2798 1464 περὶ
2822 1390 2957 1446 Θεοῦ
2989 1392 3186 1447 διδόναι
3209 1391 3449 1463 αὐτῷ·τά
3476 1392 3690 1464 ἀνθρώ-

2105 1499 2225 1546 ποις
2258 1483 2525 1556 προσόντα
2554 1482 2713 1547 καλά,
2763 1483 2914 1561 ορδὲν
2960 1484 3075 1538 εστι
3116 1484 3211 1537 τοῦ
3254 1483 3444 1537 λοιποῦ
3481 1486 3625 1537 νοεῖν
3652 1485 3690 1554 ἦ

2102 1574 2279 1643 λέγειν
2301 1615 2316 1641 ,
2354 1575 2581 1659 gruem
2612 1576 2769 1646 μόνον
2812 1576 2992 1646 ζητεῖν
3015 1615 3030 1641 ,
3077 1575 3139 1628 τὸ
3176 1576 3275 1647 τῆς
3314 1575 3689 1648 προαιρέσεως

2102 1667 2268 1739 380
2299 1666 2489 1731 αὐτοῦ,
2512 1669 2579 1740 ἢν
2604 1668 2767 1733 αὐτὸς
2797 1667 3169 1740 συνεχώρησεν
3193 1670 3324 1740 ἡμῖν
3350 1671 3513 1731 νοεῖν,
3535 1670 3691 1733 ὅπως

430 1777 825 1848 jndicabimur,
858 1777 1255 1833 inexcusabiles
1273 1779 1447 1834 simus
1477 1779 1532 1833 in
1558 1779 1626 1836 iis
1647 1796 1769 1851 quae
1796 1796 2001 1852 cogno-

2103 1757 2409 1828 κρινόμενοι
2440 1756 2833 1829 ἀναπολόγητοι
2860 1748 3010 1826 ὦμεν
3046 1756 3177 1827 περὶ
3211 1750 3287 1809 ὧν
3320 1755 3540 1825 γνόντες
3582 1755 3688 1807 οὐκ

433 1878 649 1925 scentes
679 1886 788 1924 non
814 1870 1174 1925 servavimus.

501 1958 595 2014 XI.
638 1959 705 2015 Et
754 1960 943 2015 Simon
970 1960 1199 2015 audiens
1229 1960 1409 2015 dixit:
1435 1958 1552 2016 Non
1582 1963 1933 2031 extorquebis
1970 1978 2001 2018 a

432 2066 540 2117 me,
574 2059 653 2117 ut,
684 2050 751 2105 de
788 2051 1093 2105 substantia
1120 2051 1241 2121 ejus
1287 2051 1475 2117 silens,
1523 2052 1591 2108 de
1615 2052 1731 2107 sola
1758 2053 1877 2130 ejus
1918 2054 2003 2108 in-

430 2144 648 2207 quiram
681 2143 983 2197 voluntate.
1012 2142 1182 2197 Datur
1207 2142 1354 2198 enim
1380 2153 1434 2199 et
1459 2143 1527 2198 de
1568 2144 1715 2200 illius
1744 2146 2001 2201 substan-

432 2236 505 2288 tia
538 2235 839 2306 intelligere
872 2250 935 2290 ac
963 2235 1135 2305 loqui,
1156 2250 1223 2290 ex
1250 2235 1431 2303 bonis,
1462 2236 1707 2306 inquam,
1738 2254 1860 2307 quae.
1899 2238 2001 2293 ho-

429 2327 671 2382 rninibus
704 2327 909 2380 insunt.
960 2324 1205 2397 Exempli
1254 2326 1453 2397 gratia,
1490 2328 1699 2382 homini
1747 2330 1887 2385 inest
1917 2329 1998 2383 vi-

428 2434 558 2473 vere
588 2434 652 2474 ac
684 2419 857 2485 mori;
886 2419 978 2473 sed
1006 2418 1116 2474 Deo
1142 2435 1252 2475 non
1296 2420 1457 2487 mori,
1504 2429 1558 2475 at
1596 2422 1795 2487 vivere,
1831 2432 1884 2477 et
1918 2423 2001 2477 vi-

427 2525 554 2565 vere
583 2512 634 2564 in
679 2519 1020 2580 perpetuum.
1070 2511 1265 2567 Adhuc
1306 2513 1529 2569 insitum
1555 2522 1637 2567 est
1666 2516 1996 2580 hominibus,

428 2604 604 2658 bonos
632 2617 754 2657 esse
783 2610 838 2657 et
876 2602 1089 2657 malos:
1134 2602 1280 2669 Deo,
1331 2620 1451 2659 esse
1500 2607 1999 2677 incomparabiliter

427 2694 656 2749 bonum.
720 2692 787 2748 Et
835 2710 903 2749 ne
956 2695 1187 2749 multum
1272 2712 1577 2753 sermonem
1635 2701 1994 2770 protraham:

425 2800 641 2852 eorum,
672 2802 795 2856 qua:
822 2786 1023 2842 habent
1053 2787 1324 2856 homines,
1355 2793 1728 2862 prastantiora
1760 2794 1814 2848 in
1844 2805 2000 2849 teter-

428 2894 558 2933 num
596 2878 840 2950 possidet
880 2877 1045 2933 Deus.
1082 2879 1173 2934 Ait
1211 2879 1406 2937 Petrus
1435 2901 1449 2935 :
1477 2883 1572 2938 Dic
1596 2885 1750 2949 mihi,
1783 2884 1995 2954 Simon,

425 2972 579 3026 adest
612 2971 947 3033 hominibus,
972 2971 1191 3042 gignere
1224 2974 1398 3028 malos
1428 2983 1481 3029 et
1504 2975 1697 3042 bonos,
1720 2992 1787 3031 ac
1816 2975 1998 3032 facere

426 3063 571 3117 mala
619 3070 677 3118 ει
715 3063 896 3117 bona?
944 3061 1134 3118 Simon
1182 3067 1723 3136 respondit:Adest.
1771 3068 1994 3140 Excepit

426 3154 664 3210 Petrus:
698 3155 971 3222 Quoniam
1022 3156 1095 3210 ita
1137 3156 1438 3221 allirmasti,
1470 3173 1682 3225 eorum,
1729 3176 1852 3231 qua:
1900 3161 1996 3216 ha-

425 3248 555 3304 bent
582 3248 856 3311 homines,
888 3248 1272 3318 praestantiora
1302 3260 1517 3319 oportet
1564 3250 1673 3306 Deo
1702 3253 1944 3308 tribuere
1977 3268 1993 3306 :

424 3362 549 3401 cum
581 3345 652 3401 ab
680 3345 996 3401 hominibus
1042 3344 1333 3415 gignantur
1384 3347 1510 3402 mali
1542 3356 1596 3401 et
1641 3348 1798 3412 boni,
1850 3347 1995 3404 Deus

426 3437 574 3493 solos
604 3435 783 3491 bonos
828 3444 1008 3504 potest
1041 3435 1260 3504 gignere
1288 3455 1302 3490 :
1339 3446 1622 3506 praterea,
1658 3452 1782 3493 cum
1816 3438 1996 3494 homi-

429 3542 523 3582 nes
553 3526 757 3582 faciant
787 3526 929 3580 mala
960 3535 1013 3581 et
1054 3527 1216 3594 bona,
1246 3528 1361 3598 ipse
1402 3529 1580 3585 solum
1612 3530 1755 3586 bona
1809 3530 1994 3589 facere

425 3622 829 3676 oblectamento
852 3620 1032 3675 habet.
1061 3619 1238 3691 Atque
1268 3622 1341 3676 ita
1368 3623 1433 3677 de
1460 3622 1590 3688 Deo,
1621 3641 1689 3679 an
1723 3643 1854 3692 non,
1873 3643 1995 3697 quae

426 3713 710 3766 hominum
739 3720 868 3767 sunt
898 3711 1078 3766 dicere
1105 3722 1197 3767 aut
1228 3722 1407 3770 tacere
1430 3726 1533 3781 εει,
1552 3717 1634 3771 vel
1664 3733 1729 3772 ex
1764 3718 1852 3782 iis,
1872 3734 1995 3788 qua:

426 3803 680 3858 homines
710 3802 975 3867 obtinent,
1008 3802 1187 3869 bonis,
1224 3820 1440 3874 aequum
1468 3818 1549 3861 est
1580 3808 1627 3861 ei
1663 3807 1846 3877 largiri
1889 3822 1991 3878 po-

425 3896 606 3953 tiora?
653 3893 855 3965 Sicque
908 3896 1152 3950 omnium
1189 3897 1457 3952 bonorum
1487 3900 1639 3953 solus
1666 3910 1749 3954 est
1774 3908 1988 3955 auctor.

495 4010 614 4066 XII.
675 4009 742 4064 Et
788 4009 1016 4065 Simon:
1050 4012 1219 4081 Igitur
1264 4013 1309 4067 si
1346 4012 1493 4068 Deus
1536 4015 1777 4069 solorum
1819 4017 1994 4071 bono-

424 4122 547 4160 rum
578 4114 769 4159 auctor
801 4112 904 4169 est,
950 4104 1082 4173 quid
1122 4104 1317 4160 deinde
1362 4107 1662 4177 intelligere
1702 4110 1991 4178 debemus,

426 4196 533 4252 nisi
574 4196 723 4266 quod
751 4196 955 4250 malum
1001 4195 1105 4249 alia
1139 4195 1386 4265 quaedam
1422 4201 1672 4268 genuerit
1718 4209 1988 4270 potestas,

423 4297 520 4344 aut
549 4289 688 4343 forte
710 4287 1009 4357 ingenitum
1036 4288 1128 4342 sit.
1154 4286 1220 4342 Et
1255 4288 1450 4344 Petrus
1477 4309 1490 4344 :
1521 4289 1711 4361 Neque
1744 4292 1851 4347 alia
1882 4294 1994 4349 vir-

422 4392 514 4437 tus
562 4379 751 4450 genuit
795 4378 1025 4443 malum,
1073 4393 1250 4448 neque
1288 4381 1496 4435 malitia
1556 4382 1799 4453 ingenita
1863 4394 1989 4453 est,

423 4447 886 4541 quemadmodum
933 4467 997 4523 ad
1050 4447 1213 4524 linem
1262 4471 1568 4525 ostendam.
1617 4447 1781 4529 Nunc
1838 4447 1985 4531 enim
2022 4447 2065 4502 θ

423 4563 763 4637 propositum
815 4568 900 4616 est
944 4559 1081 4615 mihi
1132 4558 1533 4629 demonstrare,
1574 4573 1633 4617 ut
1673 4565 1831 4621 initio
1864 4582 1991 4636 pro-

424 4655 571 4718 misi,
603 4652 771 4709 Dcnm
802 4653 953 4707 omni
980 4653 1141 4707 modo
1171 4667 1293 4707 esse
1314 4653 1717 4724 inculpabilem.
1751 4658 1991 4714 Conces-

426 4746 598 4802 simus
618 4762 766 4818 ergo,
798 4744 969 4801 Deum
1022 4760 1090 4799 cx
1129 4744 1218 4811 iis,
1245 4760 1368 4814 quia
1413 4747 1603 4802 insunt
1638 4748 1987 4816 hominibus,

425 4839 801 4908 praestantiora
835 4839 972 4894 citra
1008 4840 1470 4909 comparationem
1498 4840 1717 4897 habere.
1763 4842 1841 4897 Ex
1882 4860 1995 4914 quo

426 4930 505 4995 ﬁt,
538 4937 598 4983 ut
639 4929 937 4999 productor
961 4929 1036 4985 sit
1068 4939 1304 4999 quatuor
1334 4930 1785 5001 substantiarum,
1809 4936 1991 5005 calidi,

2103 1846 2469 1919 ὲφυλάξαμεν.

2173 1936 2264 1992 XI.
2295 1938 2404 1991 Kal
2426 1939 2455 1990 ὁ
2483 1937 2664 2008 Σίμων
2693 1937 2932 2001 ἀκούσας
2960 1937 3065 2008 ἔφη
3084 1955 3097 1968 ⁸
3121 1937 3195 1991 Οὐ
3221 1937 3567 2009 δυσωπήσεις
3593 1955 3687 2010 με,

2104 2027 2383 2099 περὶδτῆς
2412 2026 2597 2090 οὐσίας
2630 2026 2792 2079 αὑτοῦ
2822 2028 3190 2098 σιωπήσαντα,
3220 2027 3347 2098 περὶ
3375 2027 3477 2097 τῆς
3499 2044 3689 2098 προαι-

2107 2116 2309 2189 ρέσεως
2332 2118 2495 2171 αὑτοῦ
2524 2117 2705 2188 ζητεῖν
2736 2119 2918 2189 μόνης.
2946 2120 3103 2171 Ἔστι
3146 2119 3256 2190 γὰρ
3286 2122 3415 2190 περὶ
3442 2120 3546 2190 τῆς
3586 2120 3685 2173 οὐ-

2105 2208 2225 2273 σίας
2250 2208 2414 2262 αὑτοῦ
2433 2210 2529 2263 καὶ
2554 2214 2694 2264 νοεῖν
2718 2211 2812 2263 καὶ
2840 2211 3038 2279 λέγειν,
3062 2211 3207 2278 λέγω
3236 2210 3299 2281 δὴ
3320 2210 3429 2264 ἀπὸ
3457 2212 3571 2265 τῶν
3592 2214 3689 2266 ἀν-

2103 2298 2340 2371 θρώποις
2359 2299 2380 2329 ⁵
2398 2300 2705 2371 προσόντων
2728 2300 2927 2353 καλῶν.
2945 2295 3069 2354 Οἷον
3092 2300 3379 2373 πρόσεστιν
3406 2301 3687 2371 ἀνθρώπῳ

2099 2389 2161 2442 τὸ
2189 2390 2287 2462 ζῇν
2319 2393 2413 2444 καὶ
2442 2392 2502 2444 τὸ
2528 2391 2801 2456 τεθνάναι,
2824 2392 2959 2446 ἀλλὰ
2979 2392 3056 2463 τῷ
3077 2393 3196 2463 Θεῷ
3223 2393 3284 2444 οὐ
3311 2393 3373 2445 τὸ
3404 2393 3689 2456 τεθνάναι,

2102 2482 2239 2538 ἀλλά
2266 2484 2327 2538 τὸ
2357 2484 2477 2557 ζῇν,
2509 2488 2603 2540 καὶ
2628 2487 2687 2539 τὸ
2712 2487 2810 2558 ζῇν
2835 2488 3082 2551 αίὶυνίως.
3106 2489 3223 2541 Ἔτι
3251 2488 3357 2559 μὴν
3388 2488 3688 2558 πρόσεστιν

2100 2575 2408 2648 ἀνθρώποις
2430 2578 2491 2631 τὸ
2524 2582 2715 2642 κακοῖς
2742 2576 2879 2633 εἶναι
2907 2581 3001 2632 καὶ
3030 2579 3368 2649 ἀγαθοῖς,τῷ
3390 2579 3449 2631 δὲ
3478 2580 3604 2649 Θεῷ
3622 2579 3689 2632 τὸ

2099 2668 2506 2740 ἀσυγκρίτως¹⁰
2529 2669 2720 2740 ἀγαθῷ
2754 2666 2907 2723 εἶναι.
2950 2671 3059 2723 Καὶ
3089 2670 3176 2722 ἵνα
3230 2671 3302 2740 μὴ
3344 2669 3439 2722 ἐπὶ
3468 2671 3507 2702 ³⁸
3543 2670 3685 2724 πολὺ

2104 2759 2328 2829 μηκύνω
2374 2759 2463 2811 τὸν
2521 2761 2709 2829 λόγον,
2756 2760 2867 2814 τῶν
2911 2762 3221 2832 προσόντων
3262 2760 3574 2833 ἀνθρώποις
3615 2763 3691 2817 τὰ

2100 2849 2381 2920 κρείττονα
2420 2850 2652 2914 αίωνίως
2683 2851 2943 2921 πρόσεστι
2970 2851 3049 2922 τῷ
3083 2850 3219 2921 Θεῷ.
3268 2853 3378 2906 Kal.
3411 2856 3440 2907 ὁ
3470 2854 3687 2925 Πέτρος

2098 2940 2201 3012 ἔφη
2222 2958 2235 2971 ·
2268 2942 2406 3010 Λέγε
2441 2960 2553 3013 μοι,
2577 2943 2779 3014 Σίμων,
2813 2942 3107 3014 πρόσεστιν
3129 2942 3439 3015 ἀνθρώποις
3481 2947 3689 3016 γεννᾷν

2098 3034 2303 3097 κακοὺς
2331 3035 2425 3087 καὶ
2449 3034 2706 3103 ἀγαθοὺς,
2735 3036 2829 3089 καὶ
2850 3038 3024 3089 ποιεῖν
3052 3035 3198 3089 κακὰ
3222 3037 3314 3089 καὶ
3340 3036 3543 3105 ἀγαθάς
3572 3040 3687 3093 Καὶ

2022 3106 2069 3170 C
2096 3127 2125 3179 ό
2158 3126 2339 3197 Σίμων
2374 3125 2510 3198 εφηο
2543 3128 2862 3198 Πρόσεστιν.
2892 3128 3003 3181 Καὶ
3034 3128 3064 3180 δ
3096 3128 3300 3200 Πέτρος
3341 3128 3487 3199 ἔφη·
3525 3130 3686 3183 Ἐπεὶ

2095 3216 2267 3281 οὕτως
2294 3215 2429 3287 ἔφης
2450 3217 2513 3283 ⁸⁸,
2556 3218 2666 3270 τῶν
2705 3217 3011 3291 ἀνθρώποις
3043 3220 3351 3290 προσόντων
3381 3220 3452 3274 τὰ
3493 3222 3685 3293 κρείτ-

2092 3323 2221 3360 τονα
2242 3306 2533 3378 ἀπονέμειν
2560 3307 2642 3361 δεῖ
2662 3307 2739 3379 τῷ
2781 3308 2928 3380 Θεῷ·
2960 3308 3263 3381 ἀνθρώπων
3298 3312 3621 3380 γεννώντων
3638 3314 3687 3346 ⁸³

2093 3398 2295 3462 κακοὺς
2326 3400 2420 3455 καὶ
2444 3400 2700 3468 ἀγαθοὺς,
2732 3403 2761 3454 ό
2782 3401 2915 3466 Θεὸς
2934 3403 3171 3472 ἀγαθοὺς
3197 3404 3390 3474 μόνους
3414 3405 3687 3475 γεννῆσαι

2092 3488 2335 3553 δύναται,
2359 3490 2439 3543 ἐτι
2462 3508 2524 3544 τε
2552 3491 2661 3545 τῶν
2688 3491 2990 3563 ἀνθρώπων
3031 3495 3323 3548 ποιούντων
3346 3496 3388 3527 ⁸⁸
3410 3497 3562 3549 κακὰ
3587 3497 3687 3550 καὶ

2091 3581 2290 3649 ἀγαθὰ,
2313 3582 2472 3646 αὐτὸς
2500 3584 2660 3654 μόνον
2685 3583 2752 3637 τὰ
2782 3584 2961 3652 ἀγαθά
2987 3586 3151 3639 ποιῶν
3182 3587 3462 3658 τέρπεται.
3486 3587 3685 3652 Οὕτως

2092 3674 2222 3746 περὶ
2252 3673 2410 3740 Θεοῦ,
2451 3674 2485 3744 ἢ
2532 3674 2594 3727 οὐ
2632 3676 2696 3747 δὴ
2736 3674 2806 3729 τὰ
2849 3675 3157 3749 ἀνθρώποις
3194 3678 3464 3750 προσόντα
3497 3680 3685 3748 λέγειν

2093 3764 2186 3818 καὶ
2208 3765 2420 3836 σιωπᾷν
2440 3764 2604 3830 ἔστιν,
2619 3766 2652 3837 ἢ
2670 3765 2777 3819 τῶν
2798 3766 3103 3839 ἀνθρώποις
3119 3770 3425 3841 προσόντων
3445 3771 3689 3825 καλῶν¹⁶

2094 3856 2314 3927 εὔλογόν
2361 3858 2509 3911 ἐστιν
2551 3858 2846 3930 ἀπονέμειν
2888 3861 3035 3932 αὐτῷ
3071 3862 3141 3915 τὰ
3180 3864 3504 3935 κρείττονα;
3569 3865 3688 3920 Kal.

2091 3949 2264 4013 οὕτως
2292 3949 2509 4003 πάντων
2540 3950 2717 4004 καλῶν
2749 3952 2907 4022 μόνος
2930 3954 3075 4007 ἐστὶν
3109 3954 3295 4018 αἴτιος.

2164 4040 2322 4111 381
2349 4040 2469 4095 XII.
2498 4043 2605 4095 Kal
2631 4043 2659 4095 ό
2682 4044 2863 4116 Σίμων
2883 4062 2899 4076 ο
2930 4046 3136 4100 Οὐκοῦν
3155 4089 3170 4113 ,
3201 4049 3249 4100 εἰ
3283 4048 3310 4100 ὁ
3337 4046 3472 4112 Θεὸς
3498 4050 3686 4120 μόνων

2093 4129 2201 4184 τῶν
2234 4131 2413 4184 καλῶν
2463 4132 2634 4196 αἴτιός
2656 4134 2823 4197 ἐστιν,
2854 4134 2949 4188 τοῦ
2984 4134 3174 4189 λοιποῦ
3229 4136 3283 4213 τί
3343 4136 3462 4190 ἔστι
3510 4144 3685 4203 νοεῖν,

2092 4222 2134 4299 ᾗ
2158 4223 2239 4275 ὅτι
2293 4221 2384 4274 τὸν
2416 4222 2459 4253 ¹⁶
2491 4223 2725 4295 πονηρὸν
2781 4226 2944 4296 ἑτέρα
2982 4244 3065 4290 τις
3110 4228 3395 4299 ἐγέννησεν
3443 4231 3617 4303 ἀρχὴ,
3645 4232 3682 4305 ἦ

2094 4312 2181 4381 ἀρ’
2208 4311 2497 4382 ἀγέννητόν
2529 4311 2570 4343 ⁸⁷
2599 4313 2764 4366 ἐστιν.
2800 4314 2910 4367 Kal
2939 4317 2968 4368 ό
3013 4316 3221 4385 Πέτρος
3242 4333 3257 4347 ·
3320 4316 3461 4370 Οὔτε
3510 4321 3682 4393 ἑτέρα

2092 4417 2179 4463 τις
2208 4400 2440 4472 δύναμις
2481 4401 2737 4474 ἐγέννησε
2774 4405 2865 4459 τὸν
2902 4408 3160 4478 πονηρὸν,
3201 4407 3323 4462 οὔτε
3373 4411 3683 4482 ἀγέννητόν

2093 4493 2239 4544 ἐστιν
2271 4491 2334 4544 τὸ
2380 4493 2569 4558 κακὸν,
2602 4494 2678 4558 ὡς
2704 4496 2795 4548 ἐπὶ
2837 4495 2980 4549 τέλει
3018 4498 3195 4563 δείξω.
3231 4500 3345 4552 Νῦν
3374 4501 3485 4571 γὰρ
3541 4504 3685 4557 ἀπο-

2092 4578 2261 4647 δεῖξαί
2288 4598 2377 4651 μοι
2407 4582 2713 4653 πρόκειται,
2754 4585 2831 4647 ὡς
2865 4586 2958 4638 ἀπ’
2986 4587 3162 4658 ἀρχῆς
3191 4591 3507 4662 ὑπεσχόμην
3528 4632 3545 4657 ,
3592 4595 3679 4647 ὅτι

2093 4671 2236 4725 κατά
2253 4671 2431 4727 πάντα
2459 4675 2501 4705 ⁸⁸
2521 4675 2721 4745 τρόπον
2753 4676 2781 4727 ὁ
2808 4675 2940 4739 Θεὸς
2970 4677 3260 4748 ἀμεμπτός
3291 4683 3461 4737 ἐστιν.
3497 4685 3684 4738 Δεδώ-

2094 4780 2268 4833 καμεν
2299 4759 2392 4818 οὖν
2432 4765 2514 4819 ὃτι
2560 4767 2739 4831 ὁΘεὸς
2774 4768 2882 4821 τῶν
2913 4770 3222 4841 ἀνθρώποις
3255 4775 3572 4845 προσόντων
3605 4779 3682 4831 τὰ

2095 4853 2379 4925 κρείττονα
2402 4855 2747 4926 ἀσυγκρίτως
2770 4857 2903 4928 ἔχει.
2952 4859 3044 4935 Διὸ
3076 4862 3169 4914 καὶ
3201 4862 3476 4934 ἐνδέχεται
3510 4867 3686 4920 αὐτὸν

2099 4945 2369 5016 προῆολέα
2403 4947 2657 5015 γενέσθαι
2705 4948 2814 5003 τῶν
2866 4951 3150 5022 τεσσάρων
3179 4953 3412 5018 οὐσιῶν,
3464 4955 3685 5029 θερμοῦ

1700 5113 1932 5170 VARI/IS
1972 5114 2368 5176 LECTIONES.

498 5212 521 5301 ξ
546 5212 620 5268 Ita
639 5212 685 5268 Ο
706 5284 717 5301 ο
735 5224 865 5270 etex
890 5217 1122 5301 conject.
1153 5222 1193 5277 (Ξ
1220 5264 1251 5301 ,A
1268 5224 1375 5301 c_uj.
1410 5236 1589 5283 textus
1609 5230 1923 5301 γεγένηται.

426 5284 829 5367 γεγεννηκέναι,
867 5295 962 5367 aut
995 5284 1169 5367 etiam
1192 5284 1355 5367 _8_56v:
1398 5284 1716 5354 mutandum
1766 5284 1819 5355 in
1854 5284 2064 5367 αῦτόν(

1644 5370 1705 5457 γῇ
1728 5370 2029 5457 ἀνρρώπειιν
2058 5374 2157 5457 (λη
2191 5378 2325 5433 1°na
2357 5380 2396 5433 ε
2423 5369 2878 5457 ξ’·τὸξάσυγκρίτῳ
2911 5383 2956 5437 0
2985 5424 2999 5446 ,
3025 5385 3104 5455 τῷ
3128 5369 3457 5457 νάάυῇῥιτῲ
3618 5369 3687 5443 ἐξ

427 5352 700 5474 ἵρόνημος
732 5372 838 5410 scr.
1014 5358 1037 5390 ⁸
1076 5361 1202 5432 περί
1229 5362 1270 5415 Ι)
1321 5363 1365 5419 0
1392 5368 1519 5438 ,πρό

468 5425 737 5474 συγκοίτω
767 5441 909 5474 com-
947 5427 1107 5474 Idem-
1188 5433 1229 5463 ιι
1267 5435 1408 5474 σὺ·ίῖ
1510 5438 1519 5468 ι

2026 5236 2152 5318 ¹¹ὲ[ξ
2170 5233 2364 5318 οἵηπερ
2400 5239 2460 5293 (ἶ.
2492 5239 2652 5318 IIem
2707 5242 3210 5318 παραδείγματο[ς].
3290 5242 3312 5279 ⁸
3358 5246 3682 5318 Legendum

2071 5322 2148 5379 se.
2176 5308 2268 5379 τὸν
2301 5308 2436 5379 πονη

2445 5311 2586 5384 ρόν).
2613 5310 2670 5365 S.
2751 5310 3030 5384 τρέψω.
3076 5310 3267 5371 Falsus
3296 5328 3379 5371 est
3413 5310 3464 5372 ε
3505 5321 3578 5375 de
3616 5324 3681 5374 (Σ.

468 5425 1107 5529 ρῖγκρίτὲλᾶρεῦἮ,
1137 5433 1428 5529 “:1”sz
1510 5438 1655 5523 mﬁ;
1683 5455 1735 5509 p.
1759 5425 1932 5529 οὕτως
1949 5443 2092 5529 ἔφης
2216 5464 2265 5503 e.
2304 5425 2501 5529 [inme-via
2532 5425 2942 5529 Iacuri‘a.rldem_
2967 5425 3683 5529 émhsww§"‘qupﬁn3éi

431 5492 474 5575 1'
492 5491 569 5575 ,ιη
598 5491 663 5575 .0.
688 5491 812 5575 γξνν
836 5491 958 5550 οίηη
989 5514 1103 5575 seg-
1136 5491 1407 5575 lacuna'p.
1433 5491 1778 5575 γεννώνῖιτώνξ
1802 5491 1810 5492 ί
1838 5491 1912 5543 τι

833 5512 958 5587 cum
989 5514 1103 5587 seq.
1131 5512 1331 5587 lacuna
1357 5521 1407 5587 ρ.
1433 5512 1761 5587 γεννώντων.
1868 5512 1912 5543 ⁸⁸
1949 5512 2376 5587 [ποιούν]των’(].
2408 5518 2551 5573 Idem

637 5560 1191 5657 sconject.)
1226 5560 1534 5657 ἀνθρώπῖοις
1574 5560 1882 5657 προσόντων

2588 5521 2761 5601 μόνος·
2781 5521 3036 5601 ἢμόνον
3210 5527 3280 5601 μ¹⁸
3308 5521 3487 5599 πίερἸ,
3520 5531 3554 5601 ἢ
3591 5521 3683 5592 οῦ,

2630 5590 2793 5670 ἢήοὗ
2824 5590 2896 5670 δή.
2925 5593 3002 5670 ’τὰ
3037 5590 3367 5670 ,ἀνθρώποις
3402 5590 3687 5670 προσόντα

430 5628 605 5697 λέγειν
637 5628 729 5687 καὶ
758 5637 965 5707 σιωπᾷν
1002 5628 1144 5693 ἐστιν
1163 5628 1187 5709 ,’
1225 5642 1257 5714 ἢ
1290 5628 1399 5697 τῖὒν
2451 5628 2661 5713 753$
2684 5628 2771 5718 Su:
2798 5628 3385 5737 ε’ὁζῖάῖἒάΠῖῗέἷἛξέ
3404 5628 3688 5724 πέἵπῗυζξῖ

433 5698 497 5757 θ’
525 5702 810 5775 ἀγέννητὸς
836 5708 1036 5762 lnuvult
1065 5707 1103 5763 S
1202 5711 1245 5746 ¹⁸
1274 5714 1449 5769 πάντα
1492 5664 1695 5775 atrdidit
1730 5720 1768 5773 S
1829 5738 1895 5775 ex
1931 5725 2162 5775 coniect.
2214 5728 2298 5775 (1i.
3413 5685 3450 5738 τ
3548 5688 3580 5742 η

433 5693 810 5775 υ,’ἀγέννητός
836 5693 1036 5762 mavult
1065 5707 1103 5763 S
1164 5693 1177 5709 ’
1202 5693 1521 5790 ¹⁸’πάντα“;ιί

1560 5719 1695 5775 didit
1730 5720 1768 5773 S
1821 5719 1895 5776 ex
1931 5725 2162 5795 conject.
2214 5728 2298 5781 Ci.
