3860 6210
433 335 540 393 435
1268 338 1325 393 S.
1364 334 1755 393 CLEMENTIS
1793 334 1812 388 1
1851 333 2014 389 ROM.
2057 329 2254 388 PONT.
2297 330 2523 386 OPERA
2552 328 2778 386 DUBIA.
3555 323 3671 378 ιδο

433 454 681 522 inimica;
699 454 842 526 quod
871 450 1012 512 enim
1026 473 1241 531 semper
1257 461 1490 526 exsistit,
1508 461 1989 529 etiamperpessio-

2091 442 2285 510 éa‘rtv"
2317 437 2381 508 ’τὸ
2424 455 2530 526 γὰρ
2564 452 2708 507 del”
2743 453 2801 505 ὃν
2831 451 2924 505 καὶ
2968 448 3176 512 ἀπαθές
3229 449 3407 510 ἐστιν,
3448 447 3675 511 ἀπαθὲς

433 546 520 601 nis
547 561 739 615 expers
760 556 864 614 est,
915 562 1107 618 expers
1143 560 1320 606 autem
1355 551 1723 622 perpessionis
1772 550 1988 602 beatum

2097 549 2152 600 δὲ
2201 547 2258 600 ὃν
2285 546 2550 618 μακάριόν
2581 547 2747 605 ἐστιν,
2784 542 3051 613 μακάριον
3076 541 3130 593 δὲ
3155 537 3214 592 ὃν
3260 539 3456 610 ἔχθρας
3483 537 3675 590 δεκτι-

431 640 536 698 est,
565 633 780 688 beatum
806 651 936 690 vero
961 639 1656 694 exsistensinimicitiarum
1675 654 1844 706 capax
1870 652 1989 690 esse

2091 641 2183 693 κὸν
2220 637 2469 707 γενέσθαι
2500 637 2560 688 οὐ
2588 634 2830 695 δύναται,
2859 633 3010 702 ἀϊδίῳ
3053 631 3230 683 κτίσει
3257 630 3301 661 ⁸⁸
3331 629 3672 700 στερηθῆνανί

431 725 642 794 nequit,
662 740 784 779 cum
804 737 1024 797 propter
1042 739 1302 784 aaternam
1318 731 1650 785 creationem
1677 744 1786 783 non
1806 743 1991 782 verea-

434 822 523 868 tur
548 831 821 885 quoquam
849 819 1072 886 privari.
1128 818 1247 886 Quo
1272 821 1432 874 modo
1461 829 1638 874 autem
1673 834 1779 872 non
1811 818 1992 888 potius

437 904 617 973 diligit
653 916 952 961 creatorem
1007 911 1265 976 materia,
1302 926 1424 964 cum
1455 909 1668 964 fructus
1695 924 1992 979 procreans

434 1010 713 1067 appareat,
742 1008 801 1053 ut
851 1002 1164 1057 nutriantur
1215 1003 1398 1058 omnia
1443 1004 1510 1057 ab
1559 1004 1677 1072 ipso
1714 1001 1931 1056 condita
1969 999 1993 1052 ?

431 1088 621 1144 Nonne
648 1093 831 1160 potius
862 1108 985 1147 eum
1033 1103 1093 1148 ut
1131 1094 1233 1148 sibi
1279 1096 1614 1164 superiorem
1653 1094 1826 1159 timet,
1859 1107 1996 1163 quo-

432 1182 593 1235 modo
647 1192 700 1236 et
755 1191 910 1237 terra:
967 1186 1204 1239 motibus
1264 1195 1503 1240 tremens
1549 1185 1875 1249 confitetur,
1940 1192 1994 1238 et

432 1273 760 1342 perturbatis
814 1276 972 1331 undis
1046 1275 1272 1331 Domino
1327 1278 1600 1348 naviganti
1661 1290 1687 1318 ει
1749 1278 1994 1347 marique

432 1366 780 1419 serenitatem
829 1366 1114 1436 imperanti
1169 1367 1310 1422 haud
1366 1376 1688 1423 cunctanter
1736 1368 1994 1422 obediens

433 1454 705 1523 acquievit
735 1455 804 1510 b?
853 1455 1044 1511 Nonne
1072 1458 1236 1512 etiam
1277 1459 1555 1516 daemones
1605 1460 1768 1515 simul
1820 1459 1992 1515 territi

434 1556 496 1600 ac
533 1545 898 1599 venerabundi
946 1547 1148 1616 egressi
1193 1558 1350 1614 sunt,
1392 1550 1482 1604 alii
1523 1565 1651 1604 vero
1685 1565 1896 1616 eorum,
1934 1559 1994 1604 ut

435 1637 488 1690 in
520 1651 714 1706 porcos
742 1637 944 1692 intrare
966 1638 1069 1692 sibi
1096 1638 1302 1706 liceret,
1329 1641 1478 1710 prius
1502 1642 1790 1711 petendum
1838 1648 1993 1711 put’a-

432 1729 583 1794 bant,
623 1729 820 1800 quippe
853 1730 946 1800 qui
979 1731 1184 1799 absque
1207 1732 1352 1786 illius
1385 1749 1655 1789 consensu
1693 1749 1760 1789 ne
1782 1734 1835 1788 in
1867 1749 1992 1789 sues

430 1820 646 1890 quidem
681 1821 1009 1891 ingrediendi
1042 1822 1301 1877 haberent
1323 1833 1636 1894 potestatem
1668 1828 1737 1880 οἳ

500 1908 616 1965 XV.
655 1910 719 1966 Et
771 1910 996 1966 Simon:
1032 1911 1174 1978 Quid
1228 1930 1381 1983 vero,
1441 1917 1486 1970 si
1531 1917 1713 1970 anima
1768 1917 1986 1986 quidem

430 2003 636 2071 privata
663 2002 898 2058 indolem
946 2004 1141 2058 habeat
1169 2006 1312 2060 mala
1338 2021 1402 2061 ac
1438 2008 1582 2062 bona
1628 2009 1936 2078 ingigncndi
1967 2008 1991 2061 ΐ

433 2093 728 2164 Respondit
758 2095 987 2150 Petrus:
1026 2095 1137 2152 Hac
1187 2099 1400 2152 ratione
1457 2115 1634 2170 neque
1691 2101 1831 2154 bona
1878 2108 1982 2167 est,

432 2203 606 2257 neque
653 2189 826 2254 mala,
865 2189 992 2256 quia
1030 2190 1226 2243 anima:
1258 2205 1321 2244 ac
1379 2205 1576 2246 sensus
1623 2207 1820 2261 expers
1878 2192 1990 2260 agit

431 2279 547 2333 sine
574 2280 825 2334 consilio.
881 2280 1059 2347 Quare
1088 2290 1141 2335 et
1177 2283 1280 2335 hoc
1311 2281 1537 2353 intelligi
1594 2293 1792 2352 potest,
1851 2300 1990 2352 quo—

430 2372 593 2425 modo
648 2373 846 2428 anima:
907 2390 1103 2444 expers
1160 2383 1409 2444 procreet
1480 2375 1660 2429 anima
1727 2385 1987 2444 tanquam

429 2463 673 2532 praedita,
710 2473 764 2519 et
794 2466 1044 2534 quamvis
1087 2481 1252 2520 sensu
1299 2481 1492 2520 carens
1528 2481 1755 2535 corpora
1814 2467 1986 2520 artill-

431 2555 576 2610 ciosa
615 2571 739 2609 cum
776 2556 1096 2610 animalium
1133 2568 1246 2610 tum
1308 2557 1613 2626 plantarum
1645 2557 1856 2625 operari
1907 2557 1989 2610 vi-

431 2647 640 2701 deatur.
690 2646 828 2700 Tum
859 2646 1046 2700 Simon
1080 2646 1260 2712 :Quid
1309 2663 1462 2713 vero,
1495 2647 1540 2703 si
1575 2647 1718 2702 Deus
1747 2648 1986 2701 animam

429 2737 478 2790 ei
508 2737 779 2802 indiderit,
810 2753 989 2792 nonne
1020 2754 1144 2793 reus
1186 2739 1244 2793 lit
1294 2739 1411 2809 ipse
1435 2739 1674 2804 illorum,
1726 2755 1846 2809 qua:
1883 2740 1987 2794 sibi

431 2828 602 2896 gignit
628 2829 894 2882 malorum
922 2829 946 2881 ?
981 2829 1043 2884 Et
1078 2831 1271 2886 Petrus
1307 2848 1322 2886 :
1353 2830 1410 2885 Si
1439 2830 1581 2886 Deus
1611 2847 1730 2886 eam
1772 2832 1985 2886 anima-

430 2919 508 2970 vit
543 2919 844 2972 secundum
887 2936 1042 2974 suam
1079 2922 1436 2988 voluntatem,
1465 2923 1587 2992 ejus
1611 2923 1836 2993 spiritus
1865 2939 1984 2978 eam

431 3018 705 3078 operatur,
736 3026 909 3080 neque
936 3011 1046 3065 Deo
1075 3013 1294 3067 inimica
1319 3015 1464 3068 ultro
1493 3015 1760 3070 exsistere
1789 3025 1985 3085 potest,

432 3115 609 3170 neque
657 3116 810 3170 aequa
851 3102 1055 3170 pollere
1123 3105 1406 3172 potentia;
1454 3115 1548 3160 aut
1605 3106 1721 3160 ﬁeri
1775 3107 1982 3176 nequit,

2087 743 2230 790 τινος
2276 726 2349 797 μὴ
2399 724 2776 794 πεφοϐημένη.
2828 722 2951 785 Πῶς
2989 722 3044 774 δὲ
3075 723 3210 792 οὐχὶξ
3243 721 3439 792 μᾶλλον
3467 721 3674 788 ἀγαπᾷ

2087 819 2178 871 τὸν
2204 817 2531 889 δημιουργὸν
2561 818 2594 886 ἡ
2626 815 2745 885 ὕλη,
2773 815 2930 867 ὁπότε
2978 813 3086 884 (64)
3120 814 3364 883 φαίνεται
3414 812 3669 882 καρποὺς

2089 906 2362 976 ὲκφύουσα
2399 905 2476 967 εἰς
2508 902 2709 974 τροφὴν
2737 901 2949 953 πάντων
2976 900 3083 952 τῶν
3116 900 3206 951 ὑπ’
3237 897 3399 951 αὐτοῦ
3431 913 3670 964 γεγενη-

2096 998 2269 1070 μένων
2300 1013 2314 1061 ;
2358 994 2484 1058 Πῶς
2511 994 2554 1046 δ’
2577 994 2674 1062 οὺχ
2700 992 2774 1054 ὡς
2801 991 3082 1063 κρείττονα
3111 990 3433 1059 πεφόϐηται,
3461 988 3538 1050 ὡς
3567 987 3670 1039 καὶ

2089 1090 2179 1143 διὰ
2209 1089 2317 1141 τῶν
2357 1087 2595 1157 σεισμῶν
2628 1084 2903 1155 τρέμουσα
2924 1083 3191 1152 ὁμολογεῖ,
3215 1081 3309 1134 καὶ
3331 1081 3406 1143 ὡς
3441 1079 3661 1149 μεγάλα

2089 1178 2470 1250 κυματουμένη
2485 1175 2561 1246 τῷ
2584 1173 2896 1244 Διδασκάλῳ
2917 1173 3127 1226 πλέοντι
3147 1173 3241 1224 καλ⁵
3273 1172 3510 1242 γαλήνην
3542 1172 3669 1222 ἑπι-

2087 1269 2308 1332 τάξαντι
2332 1269 2561 1337 τάχιστα
2582 1263 2860 1319 πεισθεῖσα
2907 1263 3219 1334 ἡσύχασενς
3275 1263 3339 1315 Τί
3370 1261 3427 1313 δὲ
3475 1262 3572 1314 καὶ
3609 1262 3666 1312 οἱ

2089 1361 2340 1430 δαίμονες
2385 1359 2446 1411 οὑ
2500 1355 2637 1428 μετὰ
2672 1355 2764 1408 τοῦ
2807 1354 3084 1424 φοϐεῖσθαι
3119 1355 3208 1406 καὶ
3255 1353 3524 1424 προτιμᾷν
3570 1351 3665 1414 ἐξ·

2091 1450 2322 1511 έϐαινον,
2338 1449 2484 1501 ἄλλοι
2507 1447 2563 1500 δὲ
2593 1449 2673 1509 εἰς
2702 1446 2915 1516 χοίρους
2936 1443 3369 1514 είσελθείνδεᾷ
3394 1443 3664 1512 πρότερον

2090 1539 2534 1611 παρακαλοῦντες
2595 1540 2800 1610 ἠξίουν,
2857 1540 2933 1602 ὼς
2973 1537 3104 1610 μηδὲ
3159 1536 3253 1589 τοῦ
3314 1537 3393 1599 είς
3443 1534 3665 1604 χοίρους

2090 1635 2347 1688 εἰσελθεῖν
2391 1635 2520 1726 ἄνευ
2571 1633 2671 1705 τῆς
2733 1631 2897 1686 αὐτοῦ
2959 1631 3351 1701 συγχωρήσεως
3408 1627 3664 1693 ἐξουσίαν

2091 1726 2305 1796 ἔχοντες
2325 1743 2341 1793 ;

2160 1920 2276 1975 XV.
2307 1921 2418 1974 Kal
2448 1922 2476 1973 6
2506 1919 2686 1990 Σίμων
2705 1936 2718 1949 ·
2750 1920 2815 1972 Τί
2837 1918 2893 1971 δὲ
2922 1919 2970 1969 εί
2997 1916 3200 1986 ἄψυχος
3214 1910 3348 1968 οὖσα
3367 1913 3527 1985 φύσιν
3545 1913 3661 1983 ἔχει

2089 2012 2320 2083 ἐμφύειν
2354 2011 2421 2064 τὰ
2443 2011 2587 2064 κακὰ
2613 2012 2705 2063 καὶ
2733 2009 2804 2062 τὰ
2832 2009 3011 2078 ἁγαθά
3034 2025 3048 2071 ;
3083 2008 3191 2060 Kal
3212 2009 3240 2059 6
3271 2007 3474 2076 Πέτρος
3494 2023 3506 2034 ·
3540 2007 3660 2056 Κα-

2087 2104 2154 2156 τὰ
2195 2104 2286 2155 τὸν
2310 2103 2466 2170 λόγον
2489 2102 2678 2155 τοῦτον
2705 2101 2827 2153 οὔτε
2856 2099 3030 2170 ἀγαθή
3094 2100 3263 2160 ἐστιν,
3318 2097 3439 2149 οὔτε
3485 2096 3658 2166 κακὴ,

2087 2195 2168 2246 ὅτι
2201 2195 2273 2264 μὴ
2312 2194 2622 2264 προαιρέσει
2651 2193 2874 2263 πράττει
2903 2190 3107 2260 ἄψυχος
3127 2186 3258 2242 οὖσα
3279 2189 3372 2241 καὶ
3399 2187 3662 2256 ἀναίσθη-

2087 2302 2196 2347 τος.
2242 2286 2328 2337 Διὸ
2356 2287 2446 2337 καὶ
2475 2284 2704 2336 ἐνταῦθα
2729 2283 2909 2335 διῖδεϊν
2935 2283 3101 2345 ἐστιν,
3132 2280 3248 2343 πῶς
3288 2279 3492 2348 ἄψυχος
3520 2273 3661 2330 οὖσα

2089 2355 2387 2446 ἔμψυχος⁵⁸
2416 2375 2723 2447 προϐάλλει,
2755 2376 2848 2428 καὶ
2900 2373 3221 2444 ἀναίσθητος
3249 2367 3384 2423 οὖσα
3433 2367 3664 2437 τεχνικὰ

2092 2471 2365 2538 σχήματα,
2387 2469 2454 2520 τά
2487 2485 2546 2520 τε
2583 2465 2736 2531 ζώων
2763 2466 2855 2518 καὶ
2884 2463 3063 2534 φυτῶν
3091 2461 3498 2533 δημιουργοῦσα
3529 2459 3662 2527 φαί-

2089 2577 2258 2612 νεται.
2321 2560 2430 2611 Kal
2461 2559 2487 2610 6
2543 2559 2724 2627 Σίμων
2747 2574 2759 2586 ·
2792 2557 2857 2608 Τί
2888 2555 2944 2607 δὲ
2969 2558 3016 2608 εί
3047 2557 3075 2608 6
3105 2555 3237 2617 Θεὸς
3259 2554 3420 2616 αὐτὸς
3463 2551 3661 2621 map-.5-

2088 2668 2260 2721 χωσεν
2292 2651 2480 2720 αὐτὴν,
2525 2651 2625 2702 οὐκ
2653 2649 2814 2712 αὐτὸς
2838 2647 3009 2709 αἴτιός
3044 2647 3191 2699 ἐστιν
3210 2639 3284 2698 ὧν
3312 2645 3448 2714 αὐτὴ
3480 2645 3662 2695 τίκτει

2087 2741 2272 2795 κακῶν
2299 2759 2312 2805 ;
2346 2741 2454 2794 Kal
2475 2743 2501 2793 6
2534 2741 2736 2810 Πέτρος
2760 2757 2772 2770 ·
2803 2740 2866 2792 El
2902 2741 2931 2792 6
2970 2738 3103 2801 Θεὸς
3141 2737 3309 2807 αὐτὴν
3351 2735 3662 2804 ὲνεψύχωσε

2089 2832 2229 2886 κατὰ
2256 2833 2355 2902 τὴν
2389 2830 2552 2884 αὑτοῦ
2590 2831 2861 2901 βούλησιν,
2906 2829 2967 2882 τὸ
3018 2827 3182 2882 αὐτοῦ
3231 2827 3448 2896 πνεῦμα
3490 2826 3663 2896 αὐτὴν

2087 2921 2397 2993 ιργάζεται,
2426 2922 2521 2974 καὶ
2541 2921 2722 2973 οὐκέτι
2749 2920 2828 2990 τῷ
2863 2919 2982 2989 Θεῷ
3025 2917 3217 2988 ἐχθρόν
3243 2919 3296 2969 τί
3316 2919 3462 2968 ἐστιν
3491 2917 3521 2985 ἢ
3554 2918 3663 2967 ἰσο-

2083 3012 2349 3083 δύναμον·
2403 3012 2435 3082 ἢ
2469 3013 2746 3074 ἀδύνατον,
2781 3013 2863 3064 ὃτι
2895 3012 3004 3065 πᾶν
3022 3009 3084 3062 τὸ
3123 3009 3407 3078 γινόμενον
3442 3007 3533 3059 ὑπ’
3562 3008 3663 3059 αὐ-

2085 3109 2199 3170 τοῦ,
2226 3107 2300 3170 ὡς
2329 3107 2496 3168 θέλει,
2517 3107 2744 3174 γίνεται.
2781 3104 2918 3156 Ἀλλ’
2944 3104 3085 3173 ὲρεῖς
3109 3118 3123 3132 ο
3156 3100 3325 3162 Αὐτὸς
3340 3099 3438 3168 τῆς
3459 3099 3662 3159 κακίας

431 3200 492 3245 ut
513 3191 877 3261 quodcunque
903 3208 996 3262 per
1021 3209 1144 3246 eum
1178 3195 1290 3261 liat,
1315 3197 1614 3250 secundum
1647 3197 1768 3266 ejus
1796 3197 1985 3267 gigna—

2090 3199 2277 3263 αῐτιος,
2305 3199 2462 3270 εἴπερ
2489 3198 2650 3260 αὐτὸς
2694 3197 2760 3250 δι’
2818 3195 2989 3265 αὐτῆς
3038 3193 3324 3264 ἐργάζεται
3377 3190 3449 3242 τὰ
3490 3190 3660 3242 κακά.

431 3300 521 3344 tur
549 3291 905 3345 voluntatem.
960 3289 1241 3346 Atdices:
1281 3295 1402 3362 Ipse
1451 3302 1535 3348 est
1587 3301 1780 3347 auctor
1836 3294 1987 3359 mali,

430 3382 582 3451 siper
605 3397 723 3436 eam
739 3393 990 3453 operetur
1022 3385 1185 3439 mala.
1211 3386 1504 3455 Astqualia
1532 3385 1788 3455 intelligis
1807 3387 1944 3439 mala
1967 3387 1992 3441 ?

431 3468 663 3541 Reptilia
679 3489 882 3527 veneno
901 3473 1119 3535 infecta,
1135 3484 1186 3529 et
1203 3475 1414 3544 plantas
1431 3475 1780 3541 letiferas,vel
1794 3478 1990 3532 daemo-

435 3579 556 3625 nes,
587 3565 671 3618 vel
695 3565 855 3618 etiam
881 3565 1008 3631 alia,
1037 3581 1158 3634 quae
1187 3566 1498 3621 hominibus
1526 3584 1720 3623 nocere
1743 3569 1992 3638 queant?

431 3657 562 3723 Quae
583 3660 800 3728 quidem
831 3660 1095 3731 ejusmodi
1123 3659 1262 3712 mala
1291 3676 1397 3714 non
1417 3668 1618 3725 essent,
1635 3661 1680 3714 si
1699 3660 1863 3714 homo
1880 3675 1988 3714 non

431 3750 784 3819 peccavisset,
805 3755 947 3806 unde
967 3767 1111 3805 mors
1141 3753 1472 3820 supervenit.
1503 3752 1637 3806 Nam
1675 3768 1798 3806 cum
1825 3753 1990 3807 homo

430 3844 638 3911 peccati
689 3860 879 3913 expers
910 3845 1224 3911 exsistebat,
1257 3861 1523 3899 venenum
1577 3845 1846 3913 reptilium
1880 3860 1987 3898 non

430 3937 771 4006 operabatur,
801 3952 974 4006 neque
1011 3937 1326 3993 nocivarum
1359 3937 1666 4008 plantarum
1697 3938 1862 4000 vires,
1894 3952 1989 3990 ne-

429 4046 540 4100 que
569 4031 844 4085 daemones
868 4031 1098 4100 injurias
1142 4029 1471 4096 inferebant,
1499 4045 1678 4099 neque
1697 4028 1843 4083 aliud
1875 4044 1990 4081 ma-

413 4115 524 4170 lam
574 4131 765 4175 natura
815 4123 863 4176 ei
911 4125 1130 4178 insitum
1171 4132 1315 4190 erat;
1361 4132 1734 4178 verumtamen
1768 4125 1991 4180 immor-

413 4212 658 4278 talitatis,
695 4224 751 4270 ut
791 4218 923 4284 dixi,
957 4218 1025 4272 ob
1066 4228 1344 4287 peccatum
1382 4219 1593 4288 jactura
1628 4216 1790 4283 facta,
1827 4227 1988 4288 aptus

429 4299 496 4350 ad
533 4301 781 4367 quamvis
816 4300 1177 4354 calamitatem
1215 4299 1579 4369 recipiendam
1609 4299 1854 4353 redditus
1884 4309 1986 4353 est.

431 4390 489 4445 Si
531 4400 711 4445 autem
758 4391 905 4445 dices
935 4409 950 4445 :
1014 4390 1125 4444 Cur
1155 4391 1317 4460 igitur
1349 4392 1584 4445 humana
1614 4400 1806 4445 natura
1835 4391 1989 4443 initio

429 4483 621 4537 mortis
647 4498 816 4553 capax
848 4491 933 4537 est
971 4482 1220 4536 reddita?
1253 4482 1348 4536 tibi
1391 4483 1694 4550 respondeo
1725 4497 1737 4533 :
1770 4480 1988 4549 Propter

2090 3291 2225 3345 Ποῖα
2253 3291 2358 3361 ἄρα
2396 3293 2536 3360 ὲρεϊς
2563 3287 2632 3341 τὰ
2654 3287 2800 3340 κακά
2827 3302 2842 3350 ;
2889 3283 3123 3355 Ἐρπετὰ
3173 3282 3351 3335 ίοϐόλα
3378 3280 3424 3311 ⁸⁸
3451 3281 3546 3332 καὶ
3569 3278 3660 3348 βο-

2087 3379 2254 3442 τάνας
2276 3378 2623 3448 θανασίμους,
2653 3377 2685 3446 ἢ
2718 3375 2994 3444 δαίμονας,
3024 3373 3058 3445 ἢ
3092 3373 3186 3425 καὶ
3225 3372 3359 3425 ἄλλα
3384 3369 3510 3423 τινὰ
3549 3368 3662 3421 τῶν

2089 3469 2392 3540 ἀνθρώποις
2430 3469 2606 3538 ὀχλεῖν
2631 3467 2940 3537 δυναμένων
2966 3481 2981 3530 ;
3016 3465 3192 3534 Ἂπερ
3216 3462 3287 3515 τὰ
3313 3461 3432 3533 [νῦν
3461 3461 3657 3531 χα]λε-

2091 3561 2349 3615 πὰδδοὺκ
2383 3560 2449 3614 ἂν
2487 3557 2575 3631 ἦν,
2611 3561 2660 3612 εί
2697 3559 2770 3630 μὴ
2823 3557 3131 3628 ὴμαρτήκει
3182 3557 3210 3607 6
3245 3553 3552 3623 ἄνθρωπος,
3598 3546 3660 3604 οὗ

2089 3652 2288 3724 εἵνεκεν
2311 3650 2536 3712 θάνατος
2559 3646 2940 3718 παρεισῆλθεν
2971 3645 3350 3715 άναμαρτήτου
3371 3646 3416 3676 ⁸⁸
3437 3642 3545 3712 γὰρ
3569 3643 3660 3694 δν-

2086 3757 2178 3804 τος
2199 3740 2293 3793 τοῦ
2321 3739 2604 3810 ἀνθρώπου
2635 3739 2733 3808 οὐχ
2785 3736 3029 3806 ἑρπετῶν
3061 3736 3090 3786 6
3130 3734 3205 3803 ἰὸς
3253 3730 3556 3802 είργάζετο,
3596 3731 3659 3782 οὐ

2087 3832 2196 3885 τῶν
2227 3833 2410 3885 κακῶν
2455 3830 2692 3900 βοτανῶν
2719 3831 2773 3882 αί
2803 3829 3095 3898 ἐνέργειαι,
3132 3827 3192 3877 οὐ
3211 3825 3476 3894 δαιμόνων
3496 3823 3659 3893 ὀχλή-

2091 3942 2204 3986 σεις
2259 3923 2513 3991 ἐγίνοντο,
2568 3921 2685 3973 οὐδὲ
2712 3919 2873 3990 385
2901 3919 3026 3972 ἄλλο
3049 3936 3100 3970 τι
3127 3916 3296 3978 πάθος
3320 3914 3468 3984 αὑτῷ
3490 3931 3661 3984 προσ-

2089 4018 2224 4067 εῖναι
2249 4012 2408 4081 φύσιν
2440 4012 2612 4081 εἶχενο
2634 4011 2699 4064 δι’
2730 4010 3001 4080 ἁμαρτίαν
3029 4007 3084 4060 δὲ
3111 4006 3360 4060 ἐκπεσὼν
3385 4005 3478 4058 τοῦ
3521 4004 3655 4057 ἀθά-

2087 4121 2243 4167 νατος
2263 4100 2420 4166 εἶναι,
2445 4103 2519 4166 ὡς
2545 4103 2702 4172 ἔφην,
2730 4102 2926 4163 παντὸς
2949 4099 3150 4161 πάθους
3179 4099 3367 4166 γέγονε
3387 4097 3656 4158 δεκτικός.

2088 4196 2152 4248 Εἰ
2175 4195 2231 4246 δὲ
2259 4197 2404 4265 ἐρεῖς
2428 4211 2440 4223 ·
2476 4193 2572 4245 Διά
2605 4193 2654 4244 τί
2682 4188 2774 4244 οὖν
2797 4193 2916 4244 κατ’
2942 4190 3114 4261 ἀρχὰς
3142 4190 3354 4257 ἐγένετο
3385 4190 3416 4257 ἡ
3445 4187 3658 4257 ἀνθρω-

2089 4286 2216 4338 πεία
2263 4286 2422 4354 φύσις
2446 4284 2674 4337 θανάτου
2701 4283 2958 4352 δεκτική;
2998 4282 3145 4352 Φημί
3176 4299 3258 4333 σοι
3288 4298 3300 4310 ·
3359 4280 3457 4332 Διὰ
3480 4281 3542 4332 τὸ
3566 4281 3660 4334 ab.

2087 4375 2378 4440 τεξούσιον.
2409 4376 2470 4428 Et
2510 4374 2739 4445 γὰρςοὺκ
2787 4369 2928 4444 ἦμεν
2981 4372 3211 4426 θανάτου
3260 4371 3518 4432 δεκτικοὶ,
3563 4372 3657 4424 ἐπὶ

2092 4466 2420 4537 αὐτεξουσίῳ
2468 4467 2820 4536 ἁμαρτήματι
2872 4463 3228 4534 τιμωρεῖσθαι
3277 4462 3352 4525 ὼς
3398 4462 3656 4515 ἀθάνατοι

429 4528 620 4537 -..ν.-.-
650 4528 816 4553 μγ--
851 4528 933 4537 ν--
971 4528 1214 4536 --__.-_.
1255 4528 1348 4536 -.ω
1392 4528 1691 4550 "we---"
1725 4528 1737 4533 -
1771 4528 1977 4549 --Ὕω

429 4574 660 4629 liberum
703 4575 876 4644 ipsius
924 4573 1232 4627 arbitrium.
1289 4572 1347 4626 Si
1379 4573 1521 4626 enim
1582 4588 1689 4627 non
1739 4587 1984 4627 essemus

2091 4561 2191 4612 οὐκ
2225 4528 2544 4629 ἐδυνάμεθῴ
2582 4528 2703 4610 Kal.
2723 4556 2894 4619 οὕτως
2919 4528 3006 4609 διὰ
3020 4528 3088 4608 ’τὸ
3124 4554 3330 4618 ἀπαθὲς
3365 4554 3546 4607 πλεῖόν
3579 4571 3654 4617 τι,

429 4666 591 4722 morti
620 4665 871 4732 obnoxii,
895 4666 965 4720 ob
1013 4673 1373 4734 spontaneum
1420 4673 1702 4736 peccatum
1748 4681 1848 4721 nos
1879 4665 1982 4719 im-

502 4813 529 4840 ι
560 4798 750 4854 Matth.
774 4841 788 4865 ,
817 4815 985 4862 xxvn,
1017 4799 1250 4865 52;vm,
1281 4801 1372 4854 25.

499 4889 528 4928 ι’
558 4888 747 4943 Matth.
786 4904 903 4956 vm,
926 4888 1025 4956 26;
1055 4887 1187 4944 Luc.
1222 4906 1341 4954 vm,
1374 4891 1470 4948 ει.

2093 4652 2193 4705 κᾶν
2223 4655 2288 4722 τῇ
2319 4650 2634 4722 προαιρέσει
2675 4648 2816 4721 ἦμεν
2869 4649 3104 4713 κακοὶδδ,
3136 4650 3170 4718 ἠ
3203 4648 3296 4700 καὶ
3339 4647 3654 4716 δικαιοσύνη

2166 4799 2188 4826 ο
2223 4786 2410 4841 Matth.
2439 4803 2536 4840 vm
2581 4786 2669 4840 51.

1683 4984 1910 5039 νΑΒΙΑΞ
1941 4983 2335 5038 LECTlONES.

496 5075 541 5106 ⁸ο
563 5075 766 5147 utsic.
788 5141 814 5147 _
843 5076 883 5108 “
917 5076 1069 5147 ἀϊδίῳ
1099 5075 1288 5147 κτήσει
1330 5078 1473 5144 conj.
1509 5079 1549 5133 C
1578 5118 1593 5142 ,

1681 5080 1940 5159 ἀϊδιότητι
1964 5079 2242 5159 proposuit
2332 5119 2345 5142 ,
2369 5078 2751 5159 διὀἀῖδιρτιητα
2779 5079 2985 5159 mavult
3019 5077 3076 5132 So
3155 5079 3198 5109 δ’
3241 5077 3381 5159 Post
3415 5077 3653 5159 ξμψυχος

425 5141 474 5219 0_
530 5145 726 5219 repetit
757 5141 889 5219 οὖσα
910 5141 1263 5219 expunctum.
1305 5147 1383 5219 _“
1413 5141 1458 5203 Ο
1516 5160 1783 5203 commate
1806 5141 2092 5219 distinguit
2118 5160 2238 5219 post
2267 5144 2550 5219 ἑρπετάει
2579 5141 2774 5201 ἰοϐὀλα.
2853 5148 2900 5179 ⁵⁵
2938 5148 3216 5219 Lacunam
3264 5141 3470 5203 codicis
3501 5141 3650 5204 'ex'ciL

425 5214 794 5292 piuntlittera:
817 5214 1142 5292 λεπόνξβίο).
1219 5214 1265 5248 ⁸⁵
1298 5216 1409 5292 Pro
1435 5220 1812 5292 dycpaprﬁrou
1849 5214 2041 5275 lacuna
2096 5214 2148 5292 in
2177 5220 2266 5292 07,
2299 5214 2400 5292 sed
2431 5218 2674 5292 adorant
2724 5233 2871 5292 man.
2916 5234 3024 5272 rec.
3073 5218 3200 5280 ἴσως
3249 5220 3650 5292 ὰναμαρτήτου.

422 5287 470 5316 ⁸⁸
506 5285 584 5342 Ita
611 5302 756 5342 man.
791 5291 912 5342 rec.‘
933 5287 1001 5341 ad
1032 5299 1183 5340 oram
1213 5287 1434 5354 codicis,
1463 5291 1515 5344 in
1543 5285 1663 5360 'cuj.
1695 5285 1843 5344 textu
1879 5291 2064 5345 κακόν.
2107 5290 2347 5345 Subinde
2372 5289 2404 5360 ἢ
2431 5289 2519 5342 καί
2551 5305 2604 5359 p.
2640 5288 2790 5359 ήκαί
2823 5289 2985 5343 idem.

1717 5427 2074 5486 VARIORUM
2104 5428 2332 5483 ΝΟΤᾹΞ.

497 5517 610 5590 (64)
640 5516 933 5587 Hucusque
956 5533 1062 5573 ms.
1095 5517 1370 5590 Cotelerii.
1397 5520 1465 5573 At
1496 5519 1601 5574 tria
1625 5520 1735 5589 jam
1763 5530 1982 5590 peracta

424 5598 549 5642 sunt
581 5588 770 5656 lustra,
795 5604 859 5641 ex
892 5604 1000 5656 quo
1027 5590 1080 5642 in
1101 5591 1222 5642 cod.
1262 5588 1635 5644 Ottoboniano’
1659 5588 1836 5645 inveni
1861 5593 1986 5644 reli-

425 5673 590 5729 quam
619 5653 1064 5729 Clementinorum
1097 5670 1302 5728 partem
1329 5659 1478 5729 (inde
1507 5676 1536 5713 a
1561 5662 1686 5714 vbb.
1709 5663 1853 5715 hom.
1874 5677 1985 5727 xix,

428 5727 516 5789 ιι,
569 5727 812 5798 φαίνεται
855 5727 1113 5800 καρποὺς
1149 5727 1421 5803 ἐκφύουσα
1467 5732 1546 5794 είς
1602 5731 1803 5805 τροφὴν
1843 5732 1978 5786 πάν-

2087 5538 2196 5573 των
2243 5535 2418 5589 usque
2477 5520 2542 5574 ad
2588 5517 2741 5574 hom.
2786 5519 2970 5582 “.23
3014 5520 3278 5590 ὁρμήσειν
3325 5519 3650 5590 ’Δντιόχειαν

2091 5592 2377 5659 ἔσπευσεν)
2417 5591 2677 5644 hactenus
2721 5591 3094 5658 incognitam,
3141 5605 3306 5658 quam
3355 5607 3500 5644 nunc
3544 5594 3650 5660 pri-

2095 5677 2245 5740 mum
2269 5661 2534 5740 evulgavi.
2553 5660 2824 5740 .Laeuuas
2844 5675 2965 5740 quae
2995 5670 3313 5740 occurrunt,
3339 5661 3648 5732 conjectan-

2090 5730 2159 5786 do
2211 5729 2414 5801 explevi
2443 5731 2704 5803 uocisque
2755 5730 2971 5786 inclusi.
3010 5729 3266 5787 llnssssn.
