3860 6210
227 244 333 301 437

1302 253 1763 315 CLEMENTINA.
1779 289 1849 303 —-
1885 258 2169 317 HOMILIA
2204 258 2346 316 XIX.

3402 267 3503 341 tas

227 360 531 434 ἐξησθένει,
558 368 669 422 τῶν
689 369 867 435 κακὰς
910 371 1147 444 ἑχόντων
1163 377 1514 449 προαιρέσεις
1546 379 1814 445 ἀπαθείας

1922 384 2177 439 mortales
2212 382 2397 454 puniri
2448 400 2557 438 non
2597 399 2910 455 possemus.
2975 382 3044 439 Et
3071 382 3178 437 hoc
3224 384 3411 451 modo,
3454 383 3502 439 si

228 458 382 530 αἰτίᾳ
410 461 790 534 τιμωρηθῆναι
815 464 891 537 μὴ
926 464 1259 538 δυναμένων.

1933 491 1999 530 ex
2057 477 2289 532 consilio
2349 477 2475 532 mali
2502 493 2792 544 essemus,
2842 478 3009 532 etiam
3057 477 3273 547 justitia
3319 476 3389 531 ob
3419 476 3504 530 in-

227 549 534 607 dolentiam
589 554 765 626 magis
825 557 1290 629 imminueretur,
1342 576 1469 618 cum
1520 561 1616 633 qui
1668 563 1810 618 mala
1850 564 2074 623 foveant
2136 568 2370 625 consilia
2433 570 2803 626 immunitatis
2833 585 3001 625 causa
3029 568 3208 641 plenis
3228 567 3503 624 aﬂicinon

227 653 482 714 possent.

296 732 443 788 XVI.
486 736 644 791 Kal6
666 738 849 810 Σίμων
877 739 1015 813 πρὸς
1045 741 1218 797 ταῦτα
1247 742 1351 816 ἔφη
1372 759 1387 775 ο
1415 745 1553 817 Περὶ
1583 745 1825 817 πονηροῦ

224 841 278 881 τι
310 826 394 881 ἔτι
426 828 537 900 ἔχω
566 830 755 903 ἕτερον
782 831 981 901 λέγειν.
1002 834 1073 887 Ἤ
1117 835 1199 889 ὅτι
1236 836 1295 903 ἐξ
1325 836 1426 890 οὐκ
1453 836 1622 891 ὄντων
1662 836 1824 891 αὐτὸν

225 919 487 990 ἐποίησεν
512 922 544 975 6
573 923 725 988 Θεὸς,
749 926 845 979 καὶ
878 926 1019 980 κατὰ
1045 927 1204 980 τοῦτο
1233 928 1401 991 κακὸς
1421 929 1450 981 6
1476 930 1730 1002 ποιήσας,
1763 929 1823 994 ὃς

223 1008 287 1063 τὸ
320 1010 399 1081 μὴ
427 1010 488 1065 ὃν
511 1012 766 1085 ἐποίησεν
802 1011 959 1081 εἶναι,
991 1016 1086 1070 καὶ
1112 1017 1286 1072 ταῦτα
1327 1017 1623 1090 δυνάμενος
1659 1019 1821 1074 αὑτὸν

224 1103 437 1171 ἀγαθὸν
464 1105 693 1175 ποιῆσαι
723 1108 802 1179 τῷ
824 1109 919 1162 τὸν
946 1109 1226 1180 γινόμενον
1257 1111 1422 1184 μηδὲν
1453 1110 1591 1183 πρὸς
1622 1112 1821 1177 κακίας

224 1195 552 1266 προαίρεσιν
588 1196 722 1252 ίδίαν
751 1199 1049 1271 κεκτῆσθαι
1077 1199 1259 1271 φύσιν.
1282 1201 1392 1254 Kal
1422 1203 1450 1255 6
1479 1203 1711 1273 Πέτροςο
1745 1201 1821 1256 Τὸ

222 1286 286 1353 ἐξ
316 1288 420 1341 οὐκ
442 1288 609 1343 ὄντων
639 1290 801 1345 αὐτὸν
822 1291 1044 1362 ποιῆσαι
1064 1294 1385 1366 προαίρεσιν
1405 1293 1615 1364 ἔχοντα,
1634 1294 1819 1365 ὅμοιόν

224 1379 378 1431 ἐστιν
400 1370 448 1447 ᾧ
470 1381 881 1452 προειρήκαμεν
909 1380 1073 1454 λόγῳ,
1112 1383 1196 1436 ὅτι
1222 1384 1361 1455 πρὸς
1390 1383 1452 1437 τὸ
1485 1382 1694 1457 χαίρειν
1721 1384 1821 1439 αὑ-

221 1470 319 1523 τὸν
342 1473 537 1535 κακοῖς
561 1470 661 1543 τὴν
686 1474 885 1546 κρᾶσιν
912 1476 1148 1546 ποιήσας
1181 1475 1341 1539 αὐτὸς
1367 1475 1539 1539 αἴτιος
1573 1474 1818 1545 φαίνεται

1997 738 2138 795 XVI.
2177 742 2259 797 Ad
2288 742 2405 799 haec
2434 741 2623 798 Simon
2656 761 2671 797 :
2705 742 2781 799 De
2808 743 2952 797 malo
2986 741 3133 798 aliud
3162 740 3293 812 quid
3320 740 3501 797 dicere

1931 832 2123 887 habeo.
2153 831 2420 889 Nimirum
2456 833 2503 890 si
2532 833 2677 890 Deus
2719 849 2846 888 eum
2891 848 2959 889 ex
3002 833 3176 888 nihilo
3212 831 3360 898 fecit,
3399 832 3503 887 hac

1926 936 2147 992 quoque
2176 923 2392 978 ratione
2417 932 2633 979 creator
2670 932 2757 979 est
2785 924 2981 988 malus,
3021 931 3205 992 utpote
3245 921 3340 993 qui
3388 937 3500 976 non

1927 1016 2252 1071 existentem
2288 1016 2557 1087 ejusmodi
2591 1015 2805 1083 fecerit,
2840 1015 3093 1086 quamvis
3135 1015 3343 1082 liceret,
3371 1029 3498 1070 eum

1928 1106 2108 1163 facere
2137 1107 2366 1175 bonum,
2396 1108 2445 1163 si
2478 1108 2722 1179 genitum
2769 1107 2843 1162 ita
2886 1114 3146 1173 creasset,
3180 1115 3239 1161 ut
3281 1103 3499 1176 propria

1926 1210 2122 1254 natura
2167 1200 2591 1270 propensitatem
2646 1199 2712 1254 ad
2761 1199 2964 1254 malum
3017 1214 3125 1253 non
3174 1197 3496 1269 possideret.

1925 1289 2063 1345 Tum
2111 1290 2305 1347 Petrus
2334 1310 2348 1345 :
2376 1290 2534 1358 Quod
2584 1290 2776 1347 fecerit
2814 1307 2882 1347 ex
2932 1290 3102 1345 nihilo
3132 1287 3500 1359 propensitate

1923 1382 2209 1454 praeditum
2257 1399 2368 1439 non
2399 1383 2579 1439 diﬂert
2604 1385 2673 1438 ab
2703 1384 2830 1448 illo,
2859 1382 3005 1454 quod
3036 1396 3201 1452 supra
3234 1381 3497 1446 diximus,

1925 1491 2049 1531 eum
2078 1477 2207 1547 quia
2238 1478 2395 1533 malis
2422 1476 2680 1548 gauderet
2724 1475 2981 1531 mistione
3024 1473 3327 1545 composita
3368 1488 3500 1526 cau-

220 1560 323 1613 τοῦ
351 1561 667 1633 γενομένου,
688 1565 832 1628 Μιᾶς
851 1560 944 1619 οὖν
972 1563 1139 1635 οὔσης
1164 1566 1264 1637 τῆς
1287 1566 1610 1638 ἀμφοτέρων
1636 1564 1814 1619 ἐπιλύ-

1924 1582 2042 1623 sam
2072 1583 2192 1623 esse
2222 1568 2394 1622 videri
2437 1583 2653 1630 eorum.
2704 1583 2826 1638 qua:
2854 1566 3199 1637 proveniunt.
3237 1564 3373 1619 Cum
3402 1580 3498 1619 ea-

224 1668 389 1715 σεως,
430 1652 495 1706 τὸ
516 1653 635 1731 Δδιὰ
675 1656 750 1714 τί,
770 1655 983 1727 χαίρειν
1030 1656 1193 1711 αὐτὸν
1248 1658 1336 1709 ἐπ’
1371 1657 1591 1731 ὀλέθρου
1635 1656 1821 1712 κακῶν

212 1745 487 1818 ἐποίησεν
515 1724 742 1819 ὓστερον
770 1724 1025 1821 ξροῧμεν.
1059 1750 1170 1803 Kal
1188 1751 1216 1804 6
1236 1750 1417 1821 Σίμων
1435 1767 1449 1780 ο
1474 1724 1538 1804 lii
1565 1750 1823 1817 αὐτεξου-

220 1839 378 1902 σίους
412 1839 637 1910 ἐποίησε
672 1842 769 1895 καὶ
794 1843 924 1906 τοὺς
960 1842 1246 1911 ἀγγέλους,
1271 1844 1299 1896 6
1328 1842 1386 1895 δὲ
1419 1842 1653 1915 πονηρὸς
1680 1841 1820 1896 ἀπέ-

217 1948 325 2003 στη
353 1931 451 1985 τοῦ
479 1932 684 1998 δίκαιος
698 1929 971 1999 εἷναι,κα“ι
996 1934 1084 1989 διὰ
1102 1936 1153 1987 τί
1168 1936 1310 2005 ἀρχῇ
1330 1934 1620 2007 τετίμηται
1636 1951 1650 1999 ;
1669 1935 1823 1988 Ὀτι-

218 2026 426 2097 μήσας,
441 2019 581 2080 δι’οὖ
596 2024 638 2057 ⁸⁷
652 2026 968 2100 τετίμηκεν,
1001 2026 1077 2090 ὡς
1096 2029 1286 2090 κακοῖς
1313 2025 1519 2098 χαίρων
1547 2026 1815 2096 φαίνεται.

213 2117 333 2171 Kal
352 2118 385 2169 6
407 2118 613 2190 Πέτρος
631 2119 727 2172 Ἐἰ
750 2119 1061 2172 ἀποστάντα
1084 2118 1245 2172 αὐτὸν
1271 2120 1300 2172 6
1325 2118 1458 2183 Θεὸς
1488 2119 1677 2191 ἄρχειν
1705 2119 1816 2172 τῶν

210 2208 423 2279 ὁμοίων
452 2211 753 2283 κατέστησε
785 2211 951 2283 386
972 2211 1144 2282 νόμῳ,
1171 2210 1269 2282 τὴν
1298 2211 1568 2282 τιμωρίαν
1594 2210 1818 2280 ἐπάγειν

210 2304 333 2363 τοῖς
364 2301 739 2372 ἁμαρτάνουσι
778 2301 1042 2367 κελεύσας
1077 2301 1246 2372 αὐτῷ,
1275 2302 1377 2356 οὐκ
1420 2302 1603 2367 ἄδικός
1644 2304 1812 2358 ἐστιν.

209 2390 282 2445 El
307 2391 370 2444 δὲ
401 2392 485 2445 ὅτι
515 2393 609 2445 καὶ
636 2391 949 2446 ἀποστάντα
975 2393 1291 2464 τετίμηκεν,
1321 2391 1384 2445 τὸ
1411 2393 1721 2463 χρήσιμονό
1738 2410 1818 2445 τι·-

214 2485 407 2555 μήσας
438 2484 709 2556 προεῖδεν,
744 2484 825 2538 ὅτι
858 2485 953 2538 καὶ
990 2486 1023 2556 ή
1061 2483 1197 2556 τιμὴ
1231 2484 1586 2557 πρόσκαιρος,
1610 2485 1706 2538 καὶ
1733 2485 1815 2537 ὅτι

208 2577 430 2631 δίκαιον
456 2576 584 2640 τοὺς
604 2578 810 2640 κακοὺς
832 2577 937 2630 ὑπὸ
956 2574 1129 2629 κακοῦ
1159 2576 1420 2649 ἄρχεσθαι
1454 2578 1549 2631 καὶ
1564 2575 1817 2649 ἁμαρτά-

206 2685 412 2734 νοντας
440 2669 534 2721 ὑπ’
557 2668 723 2722 αὐτοῦ
756 2667 1140 2739 τιμωρεῖσθαι.

284 2861 459 2916 XVII.
500 2862 611 2918 Kal
624 2863 653 2916 6
672 2861 855 2933 Σίμων
873 2878 887 2893 ο
908 2862 1054 2935 Μήτι
1076 2862 1164 2917 ἀεὶ
1177 2862 1254 2916 ὢν
1270 2864 1366 2916 καὶ
1386 2861 1559 2927 οὕτως
1574 2863 1814 2935 ἀναιρεί-

1922 1659 2048 1714 dem
2088 1660 2160 1715 sit
2202 1661 2489 1731 utriusque
2529 1660 2753 1725 solutio,
2802 1659 3032 1730 posthac
3079 1657 3498 1728 explicabimus,

1922 1766 2023 1806 cur
2048 1751 2122 1806 ita
2153 1752 2470 1809 ordinatum
2495 1752 2587 1815 sit,
2612 1761 2673 1806 ut
2695 1752 2967 1806 malorum
2999 1751 3237 1821 pernicie
3266 1752 3501 1823 gaudere

1921 1843 2193 1898 videatur.
2224 1842 2291 1898 Et
2324 1842 2513 1899 Simon
2539 1862 2552 1898 :
2579 1842 2637 1898 Si
2668 1853 2721 1899 et
2748 1844 2973 1915 angelos
3002 1845 3189 1899 liberte
3216 1844 3501 1913 potestatis

1919 1930 2067 1998 fecit,
2105 1934 2283 1989 malus
2341 1942 2522 1988 autem
2551 1933 2736 2003 justus
2781 1948 2901 1988 esse
2938 1933 3169 1999 destitit,
3195 1948 3295 1988 cur
3324 1931 3499 2001 impe-

1918 2027 2003 2081 rio
2018 2026 2422 2081 honorabatur?
2446 2024 2716 2080 Nimirum
2738 2024 2785 2078 is
2805 2025 2899 2095 qui
2921 2022 3236 2088 honoravit,
3251 2024 3322 2079 ob
3334 2039 3496 2094 quem

1920 2119 2228 2187 honoravit,
2287 2120 2448 2175 malis
2493 2120 2734 2191 gaudere
2768 2118 3004 2175 videtur.
3067 2117 3206 2172 Tum
3258 2118 3495 2174 Petrus:

1920 2212 1977 2267 Si
2020 2220 2146 2284 post
2196 2212 2555 2269 defectionem
2611 2212 2795 2279 Deus,
2872 2220 2933 2267 ut
2991 2212 3262 2267 similibus
3307 2227 3501 2283 regna-

1916 2313 2023 2372 ret,
2054 2306 2170 2377 lege
2200 2307 2487 2362 constituit
2514 2305 2564 2360 ei
2593 2304 2938 2376 praecipiens,
2974 2314 3033 2360 ut
3075 2320 3266 2376 poenas
3304 2320 3498 2375 pecca-

1914 2397 2129 2452 toribus
2176 2395 2465 2468 inﬂigeret,
2494 2413 2603 2452 non
2662 2397 2785 2453 ideo
2833 2397 3073 2467 injustus
3132 2406 3237 2453 est.
3265 2395 3422 2463 Quod
3448 2397 3497 2453 si

1913 2488 2079 2543 etiam
2112 2496 2235 2558 post
2257 2487 2614 2543 defectionem
2663 2504 2787 2543 eum
2838 2488 3153 2555 honoravit,
3188 2488 3321 2543 utile
3368 2488 3498 2543 inde

1916 2589 2311 2651 proventurum
2344 2580 2615 2649 praevidit,
2649 2581 2744 2652 qui
2780 2582 3107 2650 honoravit;
3145 2598 3270 2637 nam
3314 2590 3368 2637 et
3398 2583 3498 2637 ho-

1916 2688 2017 2726 nor
2047 2672 2363 2743 temporalis
2390 2682 2494 2739 est,
2520 2681 2574 2728 et
2602 2673 2815 2744 justum
2844 2674 3016 2731 malos
3040 2690 3072 2730 a
3098 2674 3244 2730 malo
3270 2675 3384 2746 regi
3412 2684 3497 2730 at-

1914 2778 2022 2834 que
2052 2773 2369 2832 peccatores
2393 2764 2464 2818 ab
2490 2779 2556 2819 eo
2583 2766 2787 2835 puniri.

1987 2854 2152 2909 XVII.
2195 2854 2334 2909 Tum
2370 2853 2559 2909 Simon
2590 2874 2605 2911 :
2642 2855 2699 2911 Si
2730 2856 3098 2928 sempiternus
3130 2874 3239 2916 non
3258 2859 3490 2926 l'uit,an.

204 2973 304 3010 ται
318 2954 391 3009 τὰ
404 2955 505 3026 τῆς
522 2955 839 3028 μοναρχίας,
856 2955 1229 3028 συναρχούσης
1242 2956 1336 3010 καὶ
1350 2954 1544 3027 ἑτέρας
1556 2956 1657 3027 τῆς
1671 2956 1814 3011 κατά

1922 2960 2025 3000 non
2055 2960 2122 3001 eo
2149 2945 2271 3017 ipso
2312 2953 2367 3000 et
2412 2946 2746 3002 monarchia:
2791 2956 2848 3002 et
2891 2948 3117 3018 reliquae
3172 2964 3238 3004 ex
3267 2952 3495 3005 materia

204 3047 316 3117 τὴν
331 3044 469 3115 ὕλην
482 3044 764 3116 δυνάμεως
780 3061 795 3109 ;
815 3045 924 3099 Kal
934 3047 963 3097 6
974 3046 1182 3118 Πέτρος
1197 3061 1210 3076 ³
1229 3046 1292 3099 El
1309 3044 1556 3118 διάφοροί
1573 3048 1680 3099 είσι
1693 3048 1813 3110 ταῖς

206 3136 452 3200 οὐσίαις,
464 3136 713 3208 διάφοροί
724 3154 750 3190 ε
759 3138 831 3190 ίσι
843 3138 938 3191 καὶ
948 3140 1067 3201 ταῖς
1078 3136 1393 3208 δυνάμεσιν,
1406 3138 1539 3192 καὶὸ
1550 3137 1814 3210 κρείττων

209 3232 378 3303 ἄρχει
391 3229 492 3283 τοῦ
505 3230 816 3301 ήττονος.Εί
831 3230 889 3284 δὲ
903 3231 1003 3302 τῆς
1013 3230 1184 3300 αὐτῆς
1199 3230 1337 3285 εἰσὶν
1351 3231 1561 3295 οὐσίας,
1570 3231 1693 3284 τότε
1712 3232 1815 3285 ίσο-

207 3325 351 3379 δύνα
357 3341 447 3395 μοι
462 3324 732 3395 τυγχάνον
739 3340 844 3388 σιν,
857 3325 953 3378 καὶ
964 3324 1165 3395 ὁμοίως
1179 3324 1417 3396 ἀγαθοὶῆ
1431 3324 1609 3381 κακοί.
1619 3325 1743 3378 Ὅτι
1754 3324 1813 3377 δὲ

210 3416 320 3470 οὐκ
338 3417 477 3469 εἰσὶν
498 3412 828 3486 ίσοδύναμοι,
842 3416 904 3468 οὐ
915 3417 1020 3487 τῆς
1037 3416 1209 3487 αὐτῆς
1222 3415 1410 3479 οὐσίας
1424 3414 1471 3447 ⁸⁸
1494 3415 1776 3484 φαίνονται
1796 3431 1812 3446 ⁸

214 3506 328 3559 ὑπὸ
353 3506 463 3578 γάρ
481 3504 577 3559 τοῦ
602 3504 946 3577 Δημιουργοῦ
972 3508 1005 3577 ή
1035 3504 1135 3577 ὕλη
1169 3506 1252 3569 εἰς
1277 3498 1390 3559 οἷον
1415 3504 1649 3577 ἠθέλησε
1683 3505 1812 3558 κόσ-

214 3616 324 3670 μον
355 3597 558 3669 ἠνέχθη
589 3598 795 3668 σχῆμα.
827 3598 937 3649 Kal
973 3597 1104 3668 μήτι
1127 3613 1195 3666 γε
1224 3596 1371 3651 ἔστιν
1400 3598 1596 3660 εἰπεῖν,
1619 3597 1701 3649 ὃτι
1724 3595 1813 3650 ἀεὶ

1913 3038 2285 3109 provenientis
2301 3038 2559 3108 potentia:
2572 3039 2912 3094 consortium
2927 3040 3165 3095 deletur?
3184 3039 3251 3094 Et
3266 3039 3459 3096 Petrus
3474 3058 3495 3096 ε

1915 3128 1973 3183 Si
2006 3130 2333 3185 substantiis
2350 3129 2629 3196 dill‘erunt,
2647 3130 2904 3185 diﬂ‘erunt
2925 3132 3090 3186 etiam
3114 3130 3497 3196 facultatibus,

1913 3229 1969 3277 et
1993 3221 2269 3292 potentior
2296 3222 2530 3292 imperat
2568 3221 2838 3277 inferiori.
2871 3221 2971 3277 Sin
3012 3231 3195 3277 autem
3243 3223 3495 3293 ejusdem

1913 3312 2024 3367 sint
2045 3312 2387 3379 substantiae,
2414 3314 2601 3367 eadem
2628 3312 2868 3382 potentia
2893 3313 3102 3382 praediti
3114 3312 3409 3377 exsistunt,
3439 3322 3495 3367 et

1912 3403 2133 3474 quidem
2182 3404 2349 3460 simili
2394 3405 2556 3460 modo
2606 3404 2692 3460 vel
2738 3404 2867 3458 boni
2912 3413 3041 3461 sunt
3076 3405 3159 3458 vel
3201 3404 3351 3459 mali.
3386 3402 3493 3459 Sed

1912 3510 2038 3550 cum
2080 3495 2198 3573 pari
2248 3496 2489 3565 potentia
2534 3510 2642 3549 non
2690 3504 2934 3563 utantur,
2976 3495 3223 3564 ejusdem
3272 3512 3493 3567 quoque

1912 3586 2237 3641 substantia:
2279 3602 2391 3641 non
2440 3601 2563 3643 esse
2606 3586 2904 3654 videntur;
2959 3588 3218 3644 materies
3263 3589 3410 3643 enim
3459 3604 3493 3643 a

211 3687 285 3764 ἧν
312 3690 493 3755 οὐσία,
523 3684 660 3744 οὖσα
679 3689 782 3760 ὕλη
798 3689 842 3721 δ’
864 3690 940 3753 ὡς
967 3687 1105 3742 Θεοῦ
1145 3691 1391 3760 ταμεῖον.
1416 3687 1491 3743 Οὐ
1522 3688 1632 3760 γὰρ
1665 3688 1813 3743 ἔστιν

1922 3681 2159 3735 Ireatore
2208 3679 2457 3750 impensa
2506 3677 2629 3745 fuit,
2660 3678 2715 3733 in
2763 3679 2981 3749 qualem
3022 3679 3209 3734 mundi
3257 3677 3489 3734 formam

210 3787 415 3849 εἰπεῖν,
449 3783 597 3837 ὂτι⁸⁰
628 3775 697 3854 ἦν
727 3779 1021 3853 [ταμεῖον],
1058 3780 1148 3834 ὅτε
1180 3781 1447 3852 ἀκτήμων
1480 3775 1549 3852 ἦν
1587 3783 1616 3835 6
1655 3780 1809 3844 Θεὸς,

211 3876 357 3931 ἀλλά
379 3877 467 3930 ἀεὶ
492 3869 562 3947 ἦν
594 3875 754 3947 μόνος
801 3875 985 3946 ἀρχων
1026 3872 1218 3944 αὐτῆς.
1259 3872 1351 3943 Διὸ
1378 3872 1475 3927 καὶ
1512 3871 1682 3935 ἀΐδιος
1711 3872 1809 3943 μό-

214 3965 356 4041 [νος]
375 3966 443 4029 ⁸¹,
470 3966 567 4019 καὶ
586 3966 680 4018 ἐπὶ
696 3964 873 4037 ταύτῃ
896 3968 965 4037 τῇ
1006 3964 1261 4019 ὑποθέσει
1288 3961 1470 4025 καλῶς
1498 3961 1565 4015 ἂν
1601 3960 1812 4031 λέγοιτο

211 4061 370 4121 ὄντος
393 4059 490 4112 καὶ
508 4056 605 4111 τοῦ
634 4057 893 4128 ἄρχοντος
924 4057 1017 4110 καὶ
1041 4055 1136 4110 τοῦ
1167 4052 1412 4127 [ἀϊδίου.]
1439 4054 1549 4106 Kal
1572 4054 1601 4105 6
1628 4053 1810 4125 Σίμων

214 4153 323 4224 ἔφη
346 4169 361 4183 ο
392 4152 459 4205 Τί
484 4145 580 4205 οὖν
606 4149 795 4204 ἑαυτὸν
820 4149 1075 4221 ἐποίησεν
1114 4149 1143 4201 6
1182 4146 1455 4218 πονηρός;
1493 4146 1605 4200 Kal
1635 4144 1809 4209 οὕτως

1911 3771 2003 3827 ille
2032 3770 2224 3825 voluit.
2245 3768 2433 3840 Neque
2456 3770 2715 3827 contendi
2744 3779 2943 3842 potest,
2971 3786 3187 3841 semper
3214 3772 3493 3828 exstitisse

1911 3862 2298 3928 substantiam,
2339 3861 2541 3932 quippe
2583 3877 2727 3933 quae,
2762 3871 2824 3918 ut
2869 3864 3146 3928 materies,
3192 3862 3358 3919 luerit
3393 3863 3490 3919 Dei

1910 3955 2047 4010 cella
2090 3954 2336 4024 penaria.
2385 3952 2507 4008 Non
2546 3955 2691 4009 enim
2738 3954 2867 4010 lieet
2901 3955 3105 4022 dicere,
3146 3971 3265 4010 eam
3318 3955 3492 4012 fuisse

1910 4047 2103 4102 cellam
2131 4046 2434 4116 penariam,
2474 4061 2599 4101 cum
2649 4045 2810 4116 inops
2851 4057 2998 4102 esset
3041 4045 3220 4113 Deus;
3265 4057 3318 4102 at
3360 4063 3490 4102 vero

1910 4154 2129 4209 semper
2179 4138 2227 4194 is
2272 4138 2484 4193 exstitit
2528 4138 2681 4193 solus
2727 4138 2875 4194 illius
2904 4138 3182 4195 dominus.
3210 4138 3386 4205 Quam
3418 4141 3491 4195 ob

211 4242 420 4311 ἀγαθὸς
445 4242 476 4294 6
502 4240 655 4304 Θεὸς,
696 4240 799 4304 ὅτι,
829 4237 1176 4303 είδὼς,αὒτὸν
1211 4237 1307 4289 ἐπὶ
1334 4233 1491 4304 κακῷ
1527 4233 1802 4304 ἐσόμενον,

1922 4246 2026 4285 rem
2074 4238 2130 4284 et
2176 4238 2417 4285 aeternus
2462 4229 2632 4294 solus,
2667 4229 2899 4299 ideoque
2952 4229 3091 4284 bene
3125 4245 3189 4284 ea
3216 4232 3491 4285 diceretur

210 4334 498 4405 γινόμενον
528 4332 690 4387 αὐτὸν
716 4332 816 4384 οὐκ
831 4330 1057 4395 ἀνεῖλεν,
1079 4330 1167 4382 ὅτε
1195 4328 1271 4391 ὡς
1297 4326 1491 4399 ἀτελὴς
1510 4324 1803 4398 ἀναιρεθῆ-

1910 4338 2033 4379 esse
2056 4338 2185 4379 vere
2205 4322 2522 4378 exsistentis
2533 4331 2587 4377 et
2607 4322 2991 4393 dominialque
3003 4321 3489 4393 sempiterni.Tum

210 4445 305 4484 ναι
328 4428 554 4493 δυνατὸς
568 4425 668 4501 ἦνξ
689 4429 753 4482 El
773 4428 884 4501 γὰρ
905 4426 1162 4496 ἐξαίφνης
1186 4422 1394 4495 συμόέὸ
1404 4440 1499 4494 ηκε
1522 4421 1616 4475 καί
1632 4419 1807 4476 ταῦτα

1922 4416 2105 4471 Simon
2139 4433 2155 4471 :
2189 4414 2352 4482 Quid,
2394 4416 2592 4486 inquit,
2642 4415 2690 4471 si
2736 4415 3028 4485 semetipse
3071 4415 3339 4471 creaverit
3369 4432 3489 4471 ma-

209 4521 442 4587 τέλειος,
517 4522 612 4575 καὶ
638 4520 727 4574 διὰ
746 4519 927 4597 εαῢτα
975 4518 1181 4581 τέλειος
1204 4515 1367 4587 387
1394 4515 1488 4568 καὶ
1513 4513 1603 4567 διὰ
1612 4511 1805 4598 satira

1922 4507 2037 4563 lus?
2063 4507 2145 4562 An
2170 4507 2315 4564 Deus
2344 4516 2399 4562 et
2422 4508 2527 4563 hoc
2555 4507 2720 4562 modo
2746 4507 2925 4562 bonus
2954 4515 3153 4575 est,ut,
3166 4506 3267 4563 etsi
3297 4508 3487 4579 cogni-

213 4614 595 4687 προσπολεμεϊ
619 4613 699 4685 τῷ
730 4608 1071 4685 δημιουργῷ,
1096 4609 1173 4674 ὡς
1200 4607 1458 4678 ἐξαίφνης
1488 4604 1806 4676 ίσοδύναμος

1922 4610 2029 4657 tum
2060 4600 2315 4668 habebat,
2341 4610 2686 4656 versaturum
2733 4615 2860 4655 eum
2892 4599 2947 4654 in
2978 4601 3144 4667 malo,
3178 4614 3287 4654 non
3332 4601 3485 4655 dele-

211 4704 373 4776 αὖτῷ
396 4704 656 4775 γεγονώς.

1922 4692 2075 4759 verit,
2105 4692 2198 4763 qui
2228 4708 2336 4747 non
2370 4690 2655 4747 absolutus
2688 4690 2961 4763 exstingui
2992 4691 3242 4761 poterat?
3271 4688 3490 4745 Etenim

213 4800 261 4855 si
289 4800 476 4855 subito
506 4798 669 4855 simul
699 4812 824 4854 cum
848 4812 915 4851 co
941 4794 1119 4850 factus
1148 4792 1336 4860 fuerit,
1362 4800 1418 4848 et
1457 4791 1513 4847 id
1535 4788 1755 4862 quidem
1796 4785 1983 4843 ﬁnitus
2036 4798 2212 4855 eoque
2242 4783 2538 4856 perfectus,
2585 4782 2657 4839 ob
2695 4783 2871 4853 ipsam
2921 4798 3148 4840 causam
3192 4784 3485 4842 bellaretur

214 4901 410 4949 contra
449 4899 776 4956 creatorem,
806 4889 896 4945 cui
924 4885 1189 4942 nimirum
1217 4885 1286 4941 ab
1325 4883 1482 4939 initio
1508 4899 1610 4955 par
1639 4889 1803 4938 natus
1838 4888 1957 4937 erat
1984 4878 2248 4950 potentia.

289 5023 481 5079 XVIII.
519 5025 633 5080 Kal
668 5026 699 5079 6
740 5026 977 5098 Πέτρος·
1015 5025 1275 5080 Ἀδύνατα
1301 5025 1478 5094 λέγεις
1500 5041 1515 5055 ο
1560 5024 1656 5078 καὶ
1694 5022 1804 5094 γὰρ

214 5121 337 5172 κατ’
352 5118 534 5187 ὀλίγον
548 5118 829 5189 γινόμενον
846 5118 1007 5172 αὐτὸν
1024 5118 1099 5182 ὡς
1118 5116 1310 5189 ἐχθρὸν
1327 5117 1417 5170 ὑπ’
1432 5115 1599 5170 αὐτοῦ
1622 5132 1804 5189 προαι-

218 5210 368 5282 ρέσει
388 5209 597 5263 ἀνελεῖν
619 5209 866 5280 ἠδύνατο.
889 5210 998 5264 Kal
1021 5206 1412 5281 προγινώσκων
1434 5208 1678 5277 γίνεσθαι
1706 5208 1804 5263 αὑ-

213 5297 309 5352 Ισὸν
334 5298 398 5352 οὐ
432 5296 618 5364 καλὸν,
646 5298 710 5352 οὐ
725 5299 771 5331 ⁵²
803 5296 1118 5370 συνεχώρει,
1148 5300 1197 5352 εἰ
1226 5297 1301 5369 μὴ
1332 5299 1469 5370 πρὸς
1494 5298 1643 5370 αὑτῷ
1666 5301 1772 5371 χρή
1790 5329 1803 5338 -

1980 5020 2169 5077 XVIII.
2212 5017 2439 5089 Excepit
2463 5016 2657 5076 Petrus
2687 5039 2701 5075 :
2736 5020 2908 5088 Dicis,
2935 5038 3057 5093 qual
3078 5024 3194 5079 ﬁeri
3224 5041 3485 5096 nonpos-

1909 5122 2073 5183 sunt;
2103 5130 2278 5185 neque
2308 5114 2456 5170 enim
2482 5128 2607 5171 eum
2638 5114 2805 5183 paulo
2835 5122 2963 5170 ante
2988 5115 3233 5186 genitum
3276 5128 3337 5173 ut
3372 5120 3482 5174 ini-

1910 5207 2117 5261 micum
2147 5220 2179 5261 e
2205 5205 2438 5261 consilio
2470 5206 2587 5276 ipse
2615 5203 2964 5275 exstinguere
3008 5207 3204 5275 potuit.
3248 5211 3328 5263 Ac
3356 5223 3483 5264 cum

1910 5297 2251 5368 praevideret,
2282 5313 2407 5353 eum
2436 5312 2545 5354 non
2576 5297 2779 5354 bonum
2826 5294 3096 5365 futurum,
3128 5314 3234 5355 non
3264 5298 3368 5357 sibi
3394 5316 3485 5358 as-

1500 5483 1635 5540 VAR
1647 5486 1734 5541 UE
1770 5483 2176 5541 LECTIONES.

291 5597 333 5629 "
377 5596 506 5681 ἰδίῃς.
555 5599 787 5681 fortasse
802 5603 869 5658 δι’
902 5604 979 5681 6v,
1056 5601 1100 5634 "
1136 5600 1272 5657 νιιι).
1308 5603 1369 5681 ρὺ
1392 5601 1695 5681 τῆς-αὑτῆς
1724 5599 1912 5681 οὐσίαις
1946 5604 2132 5681 addidi
2158 5605 2225 5659 de
2246 5604 2582 5681 conjectura.
2678 5606 2721 5643 ‘9
2747 5600 2881 5662 οὖσα
2915 5605 3013 5678 οὐχ
3046 5606 3144 5677 ὕλη
3177 5602 3243 5661 Ο.
3318 5606 3363 5638 ⁸⁸
3397 5607 3479 5661 ὅτι

218 5680 331 5724 non
364 5680 447 5726 est
468 5672 521 5727 in
545 5673 667 5729 cod.
748 5674 789 5707 "
817 5691 887 5745 μο
910 5674 1051 5745 (sine
1076 5674 1325 5743 accentu)
1352 5672 1467 5743 seq.
1502 5673 1694 5729 lacuna
1725 5672 1788 5731 Ο.
1865 5676 1910 5709 ⁸³
1950 5675 2012 5730 οὐ
2047 5673 2273 5746 adjunxi
2303 5672 2366 5731 ei
2398 5676 2732 5747 conjectura.
