3860 6210
365 263 469 321 459
1207 268 1265 323 S.
1308 265 1696 325 CLEMENTIS
1730 268 1747 323 I
1778 264 1889 322 R01

2121 264 2183 322 Τ.
2222 266 2449 323 OPERA
2478 264 2703 326 DUBIA.
3508 264 3641 319 ιω

366 384 649 448 sociasset,
674 384 780 441 nisi
805 384 1170 457 cognonsset,
1193 387 1266 441 ita
1292 403 1416 441 enm
1440 388 1543 443 sibi
1575 388 1689 441 lteri
1717 389 1890 441 utilem

2117 403 2189 439 ιον
2226 387 2507 457 γινόμενον
2539 389 2824 459 ἠπίστατο.
2853 379 2962 441 Καὶ
2987 386 3186 451 τέλειος
3226 385 3495 457 ἑξαίφνης
3520 384 3641 454 αφ’

365 474 552 545 Neque
583 478 763 532 subito
786 494 880 548 per
901 480 1250 548 semetipsum
1280 481 1552 549 perlectus
1580 481 1809 535 evadere
1833 496 1889 549 pc

2116 477 2220 529 ιτοῦ
2248 478 2496 546 γενέσθαι
2520 480 2618 549 οὐχ
2642 473 2753 541 οἷός
2777 495 2835 532 τε
2867 475 2955 550 ἦν.
2984 478 3203 532 Ἑαυτὸν
3233 478 3395 550 γὰριό
3434 479 3640 549 μήπω

368 568 491 622 tuit.
517 566 651 622 Nam
693 569 741 625 is
781 570 875 639 qui
904 571 1143 625 nondum
1176 582 1311 637 erat,
1340 571 1577 626 formare
1605 587 1665 627 se
1686 573 1800 641 ipse
1818 588 1889 625 no

2129 568 2381 622 πλάττειν
2402 571 2501 624 οὐκ
2524 569 2762 635 ἐδύνατο,
2794 571 2888 624 καὶ
2912 570 3116 633 τέλειος
3148 567 3271 623 οὕτε
3303 568 3361 636 ἐξ
3384 569 3491 622 οὐκ
3524 569 3638 621 δν-

366 660 567 728 potuit,
593 675 768 729 neque
798 660 1070 730 perfectus
1105 662 1413 716 facultatem
1446 662 1611 716 habet
1643 677 1710 716 ex
1753 662 1886 715 nihil

2115 678 2135 711 ν
2159 659 2481 727 γενέσθαι-τι
2518 660 2703 713 οὐσίαν
2726 660 2866 729 ἔχειν
2887 660 2931 691 ⁵³
2960 660 3201 722 δύναται,
3227 660 3319 712 καὶ
3346 657 3639 727 γεννητὸν

367 751 608 817 oriundi,
632 766 807 821 neque
832 767 955 806 eum
988 761 1166 807 ortum
1194 769 1348 823 aequa
1377 755 1613 823 potentia
1644 754 1891 824 praeditm

2104 751 2339 822 ‘apxowa
2358 751 2434 822 τῷ
2464 752 2549 805 ἀεὶ
2576 751 2909 823 ἰσοδυναμεῖν
2929 752 3029 805 οὐκ
3047 752 3221 823 ὀρθῶς
3244 750 3311 804 ἂν
3332 751 3479 803 εἴποι
3500 768 3628 813 τις.

366 849 515 895 recte
558 843 755 912 aliquis
802 844 1023 900 dixerit.
1074 844 1370 914 Respondit
1417 844 1603 901 Simon
1639 865 1653 901 :
1687 849 1768 899 An
1818 861 1889 899 no

2157 842 2185 893 ὁ
2207 842 2385 912 Σίμων
2404 858 2418 872 ο
2443 842 2589 913 Μήτι
2616 837 2708 894 οὖν
2730 840 2839 895 τῶν
2867 841 3003 913 πρός
3018 842 3069 894 τί
3090 843 3237 893 ὲστιν
3256 856 3271 906 ;
3293 840 3402 893 Καὶ
3426 839 3638 901 οὕτως
3668 854 3674 858 ‘

366 931 505 987 forte
532 934 747 988 illorum
784 946 888 1001 est,
916 952 1038 1006 quae
1085 938 1150 991 ad
1194 937 1355 991 ﬁnem
1401 938 1635 1007 aliquem
1667 938 1890 993 creaban

2113 933 2261 1004 rqpbv
2292 932 2392 986 οὐκ
2408 934 2453 965 ⁵⁸
2479 933 2591 985 ἐστι
2618 933 2790 987 κακὸν
2825 933 2981 1004 μένον
3008 932 3083 995 ὡς
3113 931 3257 1003 ὕδωρ
3283 932 3433 1002 πυρὶ,
3469 932 3637 999 ἁγα-

365 1027 495 1081 tur?
519 1026 633 1083 Hoc
659 1029 823 1083 modo
853 1030 1149 1099 malignum
1192 1046 1298 1085 non
1329 1039 1412 1085 est
1437 1032 1638 1085 malum
1670 1048 1889 1101 perenni

2111 1023 2196 1076 ρδὲ
2219 1026 2285 1094 τῇ
2313 1024 2585 1094 εὐκαίρως
2604 1022 2810 1096 διψώσῃ
2833 1026 2901 1094 γῇ
2928 1041 2941 1054 ·
2964 1022 3152 1094 ὥσπερ
3177 1039 3240 1091 γε
3271 1022 3364 1076 καὶ
3390 1022 3635 1093 σίδηρος

366 1127 426 1171 ιιι
454 1132 593 1187 aqua
622 1119 838 1187 quidem
866 1118 999 1187 igni,
1020 1120 1157 1173 bona
1178 1130 1355 1175 autem
1382 1137 1481 1176 suo
1504 1130 1744 1191 tempore
1773 1131 1890 1176 terr:

2106 1132 2110 1142 '
2137 1114 2233 1185 μὲν
2269 1114 2539 1185 γεωργίαν
2574 1114 2759 1177 καλὸς,
2789 1116 2867 1177 εἰς
2894 1113 2953 1166 δὲ
2982 1113 3175 1182 φόνους
3199 1113 3366 1176 κακός
3387 1130 3401 1143 ·
3438 1113 3544 1166 καὶ
3583 1114 3630 1182 ἡ

366 1209 599 1273 sitienti;
634 1211 911 1279 quomodo
934 1220 989 1265 et
1019 1211 1223 1267 ferrum
1250 1214 1453 1267 bonum
1486 1214 1541 1266 in
1572 1214 1890 1284 agricultura

2109 1204 2289 1275 ιθυμία
2314 1205 2368 1258 δὲ
2398 1208 2479 1268 εἰς
2508 1205 2605 1276 μὲν
2635 1206 2847 1275 γάμους
2868 1205 2928 1257 οὐ
2958 1206 3125 1277 κακὴ,
3159 1208 3238 1268 εἰς
3260 1206 3319 1259 δὲ
3358 1206 3633 1276 μοιχείαν

364 1296 567 1350 malum
601 1307 782 1353 autem
815 1299 879 1354 ad
908 1316 1092 1354 necem
1144 1302 1556 1371 perpetrandam
1593 1322 1605 1355 :
1636 1305 1799 1358 etiam
1831 1305 1888 1359 de

2110 1297 2269 1365 λεπή⁹
2294 1295 2371 1360 ὡς
2406 1298 2499 1350 καὶ
2529 1296 2590 1349 τὸ
2610 1296 2862 1366 φονεῦσαι
2903 1297 3091 1360 κακὸν,
3129 1296 3266 1350 ἀλλὰ
3299 1296 3378 1367 τῷ
3412 1296 3634 1365 φονεύ-

365 1388 625 1443 siderium
657 1390 723 1444 ad
755 1391 1103 1447 matrimonia
1143 1392 1377 1447 ineunda
1412 1393 1553 1447 haud
1581 1409 1829 1462 pravum,
1861 1410 1889 1449 a

2104 1404 2185 1440 ντι
2207 1385 2345 1459 πρὸς
2368 1387 2397 1445 ὃ
2424 1386 2766 1457 βεὸούλευται
2795 1386 2976 1450 καλὸν,
3003 1388 3096 1440 καὶ
3124 1389 3158 1458 ἡ
3191 1386 3469 1453 πλεονεξία
3506 1405 3628 1439 κα-

366 1479 696 1535 adulterium
752 1491 933 1536 autem
985 1483 1246 1550 noxium;
1291 1493 1349 1539 ut
1390 1493 1444 1540 et
1483 1485 1727 1540 occidere
1755 1484 1890 1539 nefas

2106 1496 2144 1543 ν,
2162 1478 2296 1531 ἀλλὰ
2318 1476 2396 1547 τῷ
2416 1477 2820 1531 πλεονεκτοῦντι
2844 1477 2939 1548 ἡδύ
2958 1496 2972 1510 ο
2998 1478 3093 1531 καὶ
3113 1478 3211 1531 ὅσα
3229 1477 3455 1531 τοιαῦτα
3473 1495 3630 1546 τυγ-

365 1572 617 1639 quamvis
646 1573 932 1642 pulchrum
964 1590 1028 1629 ex
1054 1574 1350 1630 occidentis
1376 1576 1636 1643 consilio;
1667 1584 1720 1630 et
1749 1578 1889 1631 avari

2108 1586 2182 1622 νει
2209 1568 2399 1623 τοῦτον
2423 1568 2664 1641 περιέχει
2688 1569 2779 1622 τὸν
2800 1570 3019 1640 τρόπον.
3051 1569 3236 1639 Τούτῳ
3260 1570 3317 1622 δὲ
3348 1570 3426 1641 τῷ
3462 1570 3632 1640 λόγῳ

366 1663 439 1717 tia
471 1664 695 1730 malum,
739 1666 991 1734 quamvis
1032 1666 1190 1722 dulce
1237 1682 1424 1733 avaro,
1468 1676 1541 1734 et,
1590 1684 1890 1738 qumcunqu

2104 1676 2154 1712 rs
2193 1659 2255 1712 τὸ
2297 1660 2465 1714 κακδν
2500 1658 2669 1713 κακόν
2714 1659 2882 1722 ἐστιν,
2909 1660 3031 1713 οὔτε
3067 1659 3131 1712 τὸ
3167 1659 3367 1728 ἀγαθὸν
3404 1658 3628 1727 ἀγαθὸν

367 1763 496 1809 sunt
531 1731 868 1825 bujusmodi,
901 1758 1090 1813 eodem
1124 1773 1183 1814 se
1215 1759 1377 1813 modo
1412 1731 1630 1815 habent.
1681 1761 1785 1815 Sed
1831 1731 1891 1814 lia

2102 1751 2286 1823 γχάνει
2310 1768 2324 1781 ·
2354 1751 2614 1823 ἑκάτερον
2644 1751 2751 1823 γὰρ
2793 1751 2855 1803 τὸ
2891 1751 3076 1822 ἕτερον
3116 1750 3425 1823 ἐργάζεται.
3456 1751 3626 1820 Μήτι

366 1846 579 1901 ratione
628 1863 806 1917 neque
862 1850 1063 1904 malum
1110 1860 1195 1907 est
1239 1851 1464 1917 malum,
1504 1868 1679 1922 neque
1729 1853 1890 1908 bonut

2115 1845 2160 1875 ³⁵
2205 1842 2267 1897 τὸ
2309 1841 2499 1896 δοκοῦν
2544 1842 2731 1906 κακῶς
2771 1841 3013 1912 γίνεσθαι
3060 1842 3338 1913 εὐφραίνει
3386 1842 3483 1913 μὲν
3522 1842 3628 1895 τὸν

365 1938 633 2006 contingit
662 1954 784 1992 esse
819 1938 1046 2001 bonum,
1081 1955 1203 1995 cum
1236 1941 1463 1995 alterum
1497 1952 1750 2010 operetur
1795 1943 1889 1996 altc

2106 1933 2305 1998 ιοῦντα,
2346 1934 2563 1999 κολάζει
2612 1934 2670 1987 δὲ
2714 1933 2806 1988 τὸν
2849 1934 3153 2005 πάσχοντα;
3198 1937 3306 1989 Καὶ
3345 1938 3393 1989 εἰ
3428 1936 3628 1990 ἄδικον

365 2043 510 2081 rum.
544 2026 647 2095 Qui
672 2039 849 2084 autem
877 2030 951 2093 id,
982 2031 1129 2101 quod
1162 2032 1304 2088 male
1334 2032 1449 2087 lieri
1477 2034 1708 2099 videtur,
1742 2042 1889 2088 auctc

2103 2037 2177 2088 κεῖ
2215 2035 2278 2088 τὸ
2320 2034 2510 2088 ἑαυτὸν
2553 2036 2914 2106 ἀγαπήσαντα
2956 2032 3262 2104 εὐφραίνειν
3287 2031 3364 2092 ὡς
3387 2028 3627 2083 δυνατόν

364 2135 479 2174 rem
512 2120 766 2186 delectat,
799 2123 847 2176 ei
881 2138 1006 2177 vero
1034 2123 1252 2180 dolores
1276 2133 1443 2193 creat,
1473 2125 1565 2196 qui
1597 2125 1839 2195 patitur?
1868 2125 1888 2177 l

2096 2144 2176 2181 τιν
2200 2166 2215 2190 ,
2243 2128 2337 2181 καὶ
2361 2127 2447 2181 διὰ
2466 2127 2629 2201 χοῦτο
2653 2127 2865 2197 χαλεπὰ
2893 2126 3059 2196 388
3086 2124 3368 2178 πείσεσθαι
3404 2121 3509 2175 ὑπὸ
3532 2121 3620 2173 δι-

364 2208 411 2263 si
435 2210 558 2278 quis
584 2211 654 2265 ob
683 2212 911 2266 nimium
942 2213 1024 2268 sui
1054 2228 1295 2267 amorem
1327 2222 1590 2282 quantum
1620 2212 1734 2266 ﬁeri
1760 2220 1888 2281 pote:

2098 2218 2191 2271 .tou
2231 2218 2482 2273 δικαστοῦ
2522 2219 2651 2290 περὶ
2691 2217 2787 2272 τοῦ
2828 2218 3019 2272 ἑαυτὸν
3042 2213 3622 2287 ,ἡγαπτδκέναῃτίνιδσ

364 2317 484 2357 εεεε
530 2302 811 2357 oblectans
867 2304 1005 2359 male
1041 2303 1219 2359 facere
1263 2313 1517 2375 putatur,
1563 2303 1649 2357 cui
1688 2320 1797 2356 non
1845 2319 1888 2356 τι

1148 2321 1219 2358 :re
1263 2313 1517 2375 putatur,
1563 2303 1649 2357 cui
1688 2320 1797 2356 non
1845 2319 1933 2358 res
2031 2306 2133 2360 οὐκ
2166 2307 2347 2361 άδικον
2386 2306 2672 2378 φαίνεταις

362 2410 484 2449 esse
507 2395 722 2450 videtur
748 2396 1029 2464 injusta,si
1061 2396 1132 2450 ob
1161 2396 1311 2450 illum
1342 2411 1583 2453 amorem
1609 2394 1931 2464 perjnstum

360 2487 599 2557 judicem
632 2488 853 2555 gravius
883 2488 1154 2557 patiatur?

434 2577 576 2633 XIX.
617 2578 682 2634 Et
700 2578 895 2634 Petrus
923 2598 936 2633 :
966 2579 1070 2649 Ipsi
1104 2580 1332 2634 viriliter
1350 2595 1450 2634 nos
1476 2580 1745 2649 castigare
1770 2578 1934 2633 debe-

2100 2585 2245 2641 XIX.
2285 2586 2395 2640 Καὶ
2416 2587 2445 2639 ὀ
2470 2584 2674 2657 Πέτρος
2694 2601 2709 2616 ⁸
2744 2582 2966 2639 Ἑαυτὸν
2996 2582 3101 2655 χρὴ
3121 2579 3371 2646 κολάζειν
3395 2579 3517 2632 τότε
3543 2581 3618 2649 τῇ

364 2682 510 2733 mus,
540 2669 762 2737 quando
792 2670 958 2725 libido
997 2671 1064 2724 ad
1098 2670 1323 2725 alterius
1370 2687 1565 2725 noxam
1600 2672 1713 2724 vult
1741 2672 1885 2739 impe

2100 2679 2346 2752 κρατεὶᾳ,
2385 2680 2511 2731 ὅταν
2542 2680 2575 2748 ἡ
2610 2676 2870 2746 ἐπιθυμία
2907 2676 3044 2746 πρὸς
3073 2673 3260 2743 ἑτέρου
3292 2670 3496 2741 βλάὸην
3524 2671 3624 2739 ὁρ-

365 2759 496 2823 lere,
528 2759 762 2814 scientes
787 2761 985 2828 quippe
1011 2761 1213 2815 malum
1237 2761 1418 2815 delere
1447 2776 1607 2830 posse
1632 2761 1889 2830 improbo:

2099 2773 2205 2841 jaat
2236 2768 2385 2843 θέλῃ,
2411 2767 2585 2822 εἰδότα
2626 2768 2768 2819 ὃτι⁸⁷
2802 2768 2831 2819 ὁ
2857 2764 3086 2835 πονηρὸς
3116 2763 3244 2825 τοὺς
3280 2762 3377 2832 μὲν
3412 2761 3623 2823 κακοὺς

366 2859 425 2906 ut
452 2850 541 2919 qui
568 2850 635 2904 ab
658 2850 812 2904 initio
837 2866 1025 2904 eorum
1057 2852 1328 2920 acceperit
1370 2860 1713 2921 potestatem.
1748 2851 1890 2920 Nequ

2102 2862 2241 2916 ελεῖν
2275 2860 2518 2923 δύναται,
2546 2858 2641 2911 ἀπ’
2665 2858 2839 2928 ἀρχῆς
2884 2856 2983 2927 τὴν
3022 2855 3143 2909 κατ’
3166 2854 3343 2907 αὐτῶν
3378 2851 3622 2924 εἰληφὼς

365 2942 471 2996 hoc
495 2941 698 2995 malum
734 2941 801 2996 iis
838 2943 932 3011 qui
968 2943 1111 2996 mala
1140 2953 1553 3011 perpetrarunt;
1601 2951 1688 2997 ast
1717 2959 1889 3011 ptenal

2116 2950 2298 3004 μυσίαν.
2328 2951 2437 3004 Καὶ
2463 2948 2615 3001 οὕπω
2639 2947 2797 3001 τοῦτο
2819 2946 2986 2999 κακὸν
3009 2948 3121 3008 τοῖς
3147 2943 3293 2997 κακά
3316 2942 3640 3013 πράξασιν,

365 3035 579 3090 animas
602 3050 791 3090 eorum
817 3044 941 3104 post
970 3036 1395 3106 peremptionem
1412 3044 1816 3105 exspectantem
1836 3053 1886 3105 ρι

2094 3042 2175 3095 ιλὰ
2201 3042 2264 3094 τὸ
2298 3041 2435 3112 μετὰ
2469 3041 2569 3111 τὴν
2604 3039 2879 3109 ἀναίρεσιν
2916 3036 3015 3099 τὰς
3037 3034 3213 3105 ψυχὰς
3240 3034 3421 3088 αὐτῶν
3452 3035 3618 3086 κολα-

367 3131 510 3185 male
562 3130 960 3200 praedispositis
1008 3131 1157 3186 omni
1209 3148 1334 3187 cum
1371 3132 1495 3202 jure
1542 3133 1741 3202 aliquis
1787 3133 1891 3188 dic:

2100 3133 2263 3203 μένας
2286 3132 2579 3203 διαμένειν,
2606 3130 2765 3184 τοῦτο
2785 3128 2951 3192 ὅντως
2974 3124 3116 3181 εἶναι
3137 3126 3375 3196 χαλεπὸν
3393 3126 3618 3189 δικαίως

365 3222 584 3280 duram.
612 3222 814 3291 Quare,
842 3234 901 3279 ut
928 3225 1063 3291 dixi,
1090 3225 1323 3280 evitetur
1343 3234 1555 3295 oportet
1580 3227 1683 3279 alia
1711 3227 1889 3295 injusti

2090 3224 2138 3277 ὅν
2164 3223 2349 3287 κακῶς
2378 3221 2850 3295 προδιωρισμένων
2881 3219 3055 3291 ὀρθῶς
3090 3220 3234 3289 ἔχειν
3270 3219 3416 3272 εἴποι
3441 3236 3526 3281 τις
3545 3218 3614 3270 ⁵⁸.

368 3315 439 3368 tia
492 3330 588 3384 pro
641 3316 791 3371 brevi
841 3317 1138 3387 voluptate,
1181 3332 1249 3372 ne
1305 3318 1376 3371 ob
1425 3333 1650 3387 parvam
1690 3318 1892 3372 lartitial

2090 3311 2336 3396 Βεῖνεκεν
2360 3312 2742 3385 παραιτεῖσθαι
2777 3310 2903 3382 χρὴ,
2935 3311 3010 3374 ὡς
3036 3309 3191 3380 ἔφην,
3224 3308 3484 3381 βραχείας
3513 3309 3614 3378 χά-

365 3414 563 3460 aeterna
608 3406 793 3461 luatur
840 3423 1021 3476 poma.
1063 3406 1199 3461 Tum
1247 3406 1433 3461 Simon
1464 3426 1475 3460 :
1503 3408 1583 3461 An
1638 3407 1775 3463 forte
1820 3425 1889 3464 no

2093 3427 2122 3462 ν
2156 3409 2347 3478 ἡδονῆς
2370 3407 2526 3461 ἄλλον
2545 3407 2728 3462 ἄδικον
2757 3403 2894 3476 πρὸς
2914 3404 2974 3458 τὸ
2999 3402 3072 3473 μὴ
3101 3404 3260 3457 αὐτόν
3285 3420 3405 3456 τινα
3428 3401 3617 3472 ὀλίγης

365 3498 601 3557 exsistit,
621 3498 762 3567 quod
796 3506 987 3551 natura
1016 3497 1215 3550 malum
1245 3508 1327 3551 est
1350 3505 1443 3550 aut
1468 3496 1799 3560 bonum,sed
1817 3512 1889 3548 ιιι(

2086 3501 2193 3572 Ξριν
2220 3500 2409 3570 ἡδονῆς
2428 3498 2580 3569 ἀϊδίῳ
2601 3496 2913 3568 περιϐαλεῖν
2941 3495 3177 3548 κολάσει.
3204 3495 3314 3549 Καὶ
3337 3496 3367 3547 ὁ
3395 3496 3577 3565 Σίμων
3597 3513 3610 3525 ·

365 3591 436 3644 do
461 3590 639 3645 diﬂert
667 3600 721 3644 et
751 3590 945 3644 more?
976 3589 1052 3644 Ita
1080 3591 1219 3658 apud
1245 3589 1439 3644 Persas
1466 3605 1586 3644 mos
1618 3601 1704 3644 est
1737 3590 1889 3643 matri

2093 3594 2179 3662 ήτι
2205 3587 2296 3644 οὖν
2324 3591 2424 3643 οὐκ
2452 3589 2567 3642 ἔστι
2602 3591 2671 3659 τῇ
2714 3587 2877 3656 φύσει
2903 3587 3135 3658 πονηρὸν
3161 3586 3193 3656 ἢ
3225 3586 3449 3654 ἀγαθὸν,
3478 3586 3614 3641 ἀλλὰ

369 3681 612 3735 monium
638 3681 857 3735 ineundi
889 3696 1012 3735 cum
1042 3681 1333 3746 matribus,
1360 3681 1665 3745 sororibus,
1696 3682 1893 3735 ﬁliabus

2086 3688 2182 3756 ὶμῳ
2202 3685 2444 3755 διαφέρει
2464 3684 2557 3737 καί
2578 3682 2687 3736 ἔθει
2712 3699 2725 3746 ;
2759 3679 2960 3752 [Οὕτω]
2976 3682 3023 3713 ⁵⁸
3048 3680 3199 3752 παρὰ
3216 3680 3455 3752 Πέρσαις
3480 3681 3610 3733 ἴδιον

366 3773 504 3827 alias
553 3784 732 3826 autem
772 3773 970 3825 ducere
1020 3773 1377 3826 saevissimum
1430 3773 1748 3841 appellatur.
1782 3771 1890 3826 Und

2087 3798 2094 3828 ι
2138 3779 2333 3845 γαμεῖν
2384 3774 2640 3845 μητέρας,
2677 3772 2927 3841 ἀδελφὰς,
2966 3770 3301 3842 θυγατέρας,
3343 3771 3510 3834 ἄλλας
3553 3772 3611 3824 δὲ

366 3863 638 3917 malorum
687 3878 795 3916 non
828 3860 1177 3915 deﬁnitorum
1214 3862 1307 3915 Dei
1343 3862 1609 3930 judicium
1658 3877 1765 3916 non
1814 3878 1890 3917 ess

2089 3884 2222 3936 σπερ
2264 3862 2663 3935 χαλεπώτ[ατον
2704 3861 3244 3941 ὰιγορεύεταιβοξν
3287 3864 3397 3916 τῶν
3427 3863 3613 3916 κακῶν

366 3960 547 4021 potest
573 3966 672 4021 pro
693 3952 971 4007 omnibus.
997 3952 1063 4005 Et
1080 3952 1275 4008 Petrus
1299 3954 1436 4007 dixit
1460 3972 1473 4007 :
1496 3952 1608 4008 Hoc
1636 3953 1890 4009 subsistet

2086 3956 2464 4029 ὴὼρισμένων
2497 3958 2630 4009 πᾶσι
2670 3956 2769 4027 τὴν
2810 3958 2873 4010 ὲκ
2902 3956 3039 4009 Θεοῦ
3084 3957 3265 4026 κρίσιν
3306 3957 3610 4027 προσδοκᾷν

367 4044 558 4113 nequit
587 4062 601 4097 :
632 4059 757 4099 nam
792 4044 1047 4097 omnibus
1076 4043 1447 4098 exsecrandus
1495 4044 1709 4098 videtur
1755 4045 1891 4099 coitu

2087 4051 2137 4101 ix
2170 4047 2337 4100 ἐστιν.
2369 4046 2478 4098 Καὶ
2507 4047 2535 4099 ὁ
2564 4046 2765 4117 Πέτρος
2799 4046 2902 4117 ἔφη
2924 4063 2936 4076 ·
2974 4047 3049 4100 Οὐ
3076 4046 3296 4099 δύναται
3321 4046 3478 4098 τοῦτο
3518 4064 3611 4098 συ-

365 4151 490 4190 ευιη
524 4136 808 4200 matribus,
836 4136 880 4189 si
904 4136 1068 4189 etiam
1096 4134 1295 4200 Persae,
1314 4136 1407 4205 qui
1437 4136 1781 4205 partiuncula
1808 4152 1889 4191 ειη

2084 4141 2231 4211 ιῆναι
2248 4156 2260 4169 ·
2285 4140 2417 4192 πᾶσι
2440 4138 2549 4209 γὰρ
2575 4137 2840 4206 φαίνεται,
2864 4139 2944 4190 ὅτι
2968 4137 3029 4190 τὸ
3061 4138 3296 4208 μητράσι
3322 4138 3608 4208 μίγνυσθαι

367 4226 581 4296 generis
608 4227 1215 4295 bumani,iniquitatem
1245 4226 1397 4281 exosi
1424 4241 1612 4281 eorum
1634 4226 1805 4281 moris
1827 4242 1891 4279 no

2083 4230 2303 4302 υσαρὸν,
2332 4229 2435 4283 κᾶν
2457 4229 2681 4301 Πέρσαι,
2709 4229 2890 4301 μόριον
2919 4228 3252 4301 ὑπάρχοντες
3271 4229 3363 4283 τοῦ
3388 4230 3605 4293 παντὸς,

366 4318 603 4386 capiant.
624 4315 702 4371 lla
719 4325 772 4371 et
789 4315 1031 4371 Britanni
1054 4317 1230 4384 palam
1250 4332 1435 4370 coram
1462 4316 1716 4370 omnibus
1736 4330 1890 4369 coeul

2084 4321 2142 4374 ιτὺ
2192 4321 2364 4375 κακοῦ
2413 4320 2565 4383 ἔθους
2613 4320 2712 4389 τῆς
2762 4322 3010 4391 μυσαρᾶς
3048 4321 3228 4375 αὐτῶν
3264 4321 3512 4392 πράξεως
3544 4322 3608 4375 τὸ

367 4407 485 4461 sine
516 4407 753 4477 pudore;
782 4407 871 4460 alii
902 4408 1141 4461 humana
1155 4423 1317 4461 carne
1332 4415 1624 4461 vescuntur
1640 4405 1891 4461 sinefasti

2133 4430 2230 4483 μον
2271 4412 2345 4484 μὴ
2369 4411 2865 4481 ἀντιλαμϐάνωνται
2880 4413 2943 4465 ⁸⁸.
2964 4413 3047 4476 Ὡς
3071 4414 3164 4465 καὶ
3197 4413 3486 4483 Βρεττανοὶ
3510 4413 3607 4482 έμ-

368 4497 489 4564 dio;
518 4498 608 4552 alii
645 4512 708 4552 ea
747 4512 869 4566 qua)
910 4512 1072 4553 canes
1106 4505 1161 4552 et
1199 4497 1303 4552 alia
1334 4497 1565 4552 nefanda
1598 4508 1892 4567 perpetranl

2074 4504 2220 4568 πανῶς
2248 4505 2339 4557 ἐπὶ
2374 4504 2590 4557 πάντων
2629 4502 2989 4567 κοινωνοῦσιν,
3022 4505 3116 4556 καὶ
3154 4506 3252 4557 οὐκ
3295 4502 3598 4559 αἰδοῦνται·

368 4588 484 4645 Hoc
518 4590 679 4645 modo
712 4606 820 4644 non
844 4589 1197 4659 iudicandum
1240 4598 1321 4643 est
1348 4590 1413 4643 de
1440 4603 1605 4643 sensu
1631 4590 1892 4645 secundm

2080 4599 2133 4651 αἰ
2170 4597 2316 4653 ἄλλοι
2357 4595 2564 4667 σάρκας
2610 4594 2908 4666 ἀνθρώπων
2941 4596 3231 4665 ἐσθίουσιν,
3264 4597 3356 4649 καὶ
3402 4596 3463 4648 οὺ
3507 4615 3604 4666 μυ-

368 4692 617 4738 naturam
636 4698 910 4753 perverso.
934 4682 1068 4735 Nam
1092 4692 1147 4736 et
1174 4681 1347 4736 occidi
1376 4680 1577 4734 malum
1601 4689 1705 4744 est,
1723 4682 1892 4735 etiam:

2079 4687 2321 4739 άττονται
2342 4701 2355 4714 ’
2400 4683 2565 4753 389
2595 4684 2687 4735 καὶ
2731 4683 2903 4752 ἕτεροι
2934 4682 3002 4734 τὰ
3032 4682 3207 4734 κυνῶν
3234 4682 3327 4735 καὶ
3350 4681 3483 4736 ἄλλα
3504 4683 3600 4753 ἄῤ-

369 4791 477 4830 non
512 4791 704 4831 omnes
735 4777 808 4831 ita
832 4776 1047 4839 dicant,
1076 4788 1199 4828 cum
1239 4789 1400 4827 nemo
1432 4774 1546 4842 ipse
1586 4772 1687 4826 sibi
1719 4772 1893 4827 dolore

2078 4795 2175 4849 ητα
2204 4776 2537 4847 πράσσουσιν
2554 4777 2618 4829 ⁵³.
2641 4773 2827 4837 Οῦτως
2852 4775 2912 4827 οὐ
2938 4773 3043 4843 χρὴ
3063 4774 3309 4843 αἰσθήσει
3333 4774 3439 4827 ὑπὸ
3455 4774 3602 4840 ἔθους

369 4882 561 4936 parere
588 4869 735 4931 velit,
770 4883 870 4922 nec
900 4882 1059 4935 pcena
1095 4865 1165 4919 ob
1192 4864 1394 4918 furtum
1428 4865 1530 4918 sibi
1561 4864 1762 4918 inﬂicta
1794 4864 1893 4919 ullc

2073 4869 2127 4922 οῦ
2173 4868 2312 4922 κατὰ
2356 4867 2516 4937 φύσιν
2560 4866 2893 4938 έκτραπείσῃ
2937 4864 3036 4928 τὰς
3078 4865 3288 4936 κρίσεις
3321 4867 3597 4921 ποιεῖσθαι.

370 4960 683 5013 delectetur.
722 4958 779 5011 Si
815 4958 940 5028 quis
975 4973 1104 5026 ergo
1130 4958 1437 5010 nullatenus
1461 4958 1709 5011 concedit
1741 4973 1894 5027 pccca

2076 4962 2146 5014 Lai.
2187 4960 2294 5031 γὰρ
2321 4960 2381 5012 τὸ
2407 4958 2723 5029 φονευθῆναι
2761 4958 2933 5023 κακόν
2968 4959 3132 5020 ἐστιν,
3164 4958 3266 5010 κᾶν
3298 4957 3371 5027 μὴ
3409 4957 3600 5021 πάντες

372 5059 485 5103 tum
513 5051 798 5114 exsistere,
826 5050 1137 5103 necessario
1164 5058 1219 5103 et
1238 5050 1453 5103 tertium
1483 5048 1747 5116 judicium
1772 5049 1843 5102 ob
1867 5065 1894 5102 e

2072 5054 2285 5121 έγωσιν,
2313 5054 2395 5107 ὅτι
2427 5052 2611 5124 μηδεὶς
2636 5050 2959 5103 αὐτοπαθείν
2989 5048 3152 5113 θέλει,
3186 5051 3277 5103 καὶ
3317 5050 3484 5121 κλοπῇ
3509 5052 3596 5104 οὐ-

372 5149 516 5196 rccte
555 5141 976 5209 exspectandum
1007 5150 1110 5197 est.
1140 5138 1273 5207 Quae
1306 5157 1429 5197 cum
1461 5140 1655 5195 Petrus
1685 5141 1896 5195 dixisse:

2074 5145 2145 5208 at;
2178 5145 2269 5197 ἐπὶ
2293 5147 2360 5215 τῇ
2390 5141 2583 5197 ἑαυτοῦ
2621 5141 2837 5195 κολάσει
2863 5142 3069 5212 ἥδεται.
3105 5142 3224 5196 Κᾶν
3251 5138 3343 5196 οὖν
3373 5142 3489 5205 ἑνὸς
3514 5144 3598 5197 οὐ·

1637 5283 1871 5339 VARUE
1900 5283 2297 5339 LECTIONES.

448 5391 494 5465 ξ³
530 5391 644 5462 ἔχει
772 5462 783 5465 Α
814 5392 862 5424 ⁵⁸
898 5393 997 5447 οὑκ
1027 5394 1247 5463 adjunxi
1270 5412 1333 5449 ex
1366 5398 1697 5463 conjectura.
1775 5397 1820 5427 ⁸⁵
1863 5397 1934 5451 Ita
1969 5399 2071 5465 leg.
2093 5407 2247 5451 notat
2272 5396 2315 5449 0
2372 5398 2425 5449 in
2454 5395 2719 5465 margine,
2746 5395 2900 5465 μήτοι
2922 5412 2984 5462 γε
3009 5396 3060 5449 in
3091 5407 3261 5453 textu.
3344 5401 3507 5457 ⁵⁶τινί
3533 5404 3588 5460 Ο.

375 5461 418 5542 ξ’
447 5462 527 5514 ὅτι
558 5461 786 5531 ascripsi
808 5478 872 5517 ex
900 5461 1235 5542 conjectura.
1266 5461 1547 5542 ’δεδικαίιυς
1573 5466 1663 5519 τὸν
1697 5468 1884 5542 κακῶς
1917 5461 2381 5542 προδιρρισμένον
2412 5467 2550 5542 (sic)_
2570 5461 2913 5542 ὀρθῷςέχειν
2935 5461 3187 5542 εἰπόντος
3218 5473 3279 5523 0.
3344 5472 3390 5503 ⁵³
3431 5472 3590 5542 Supra

375 5530 644 5616 lacunam,
675 5530 838 5616 quam
870 5530 1079 5615 expleri
1121 5551 1236 5616 ver.
1286 5536 1471 5616 [ουτω]
1506 5538 1719 5616 8Ῐ811ί1η”
1745 5530 2033 5616 apparent.
2074 5530 2324 5616 Fortasse
2370 5530 2649 5616 legendni'n
2687 5534 2767 5608 [ﬁ]
2799 5530 2973 5616 nonne
3018 5547 3071 5589 et
3119 5530 3333 5616 signum
3373 5530 3589 5599 interroe

374 5601 640 5738 :aPndLm'
676 5602 780 5726 “[33
816 5601 1206 5669 enuntiatinan
1246 5601 1583 5678 ponendum:
1658 5608 1701 5641 ⁶⁰
1741 5601 2221 5680 ἀντιλαμϐάνονται
2271 5610 2329 5662 Ο,
2411 5601 2450 5639 θ’
2488 5606 2578 5661 καὶ
2610 5601 2781 5676 ἕτεροι
2840 5605 3015 5659 κυνῶν
3064 5601 3350 5665 καίνάλλοι
3393 5612 3592 5685 ἄρρητα

400 5704 414 5720 .
456 5687 522 5723 aa
557 5688 704 5724 ουσιν
773 5711 786 5726 .

400 5687 616 5726 ερασσου
625 5689 704 5724 σιν
729 5687 786 5726 υ.
