3860 6210
162 252 258 307 441

1233 261 1673 323 CLEMENTINA
1723 299 1793 311 —
1830 270 2113 329 HOMILIA
2151 273 2292 330 XlX.

3327 280 3433 337 ΗΞ

162 370 361 442 δήποτε
392 374 828 450 ὁμολογουμένου
856 377 993 437 εἶναι
1018 384 1410 458 ἁμαρτήματα,
1433 390 1491 455 ἐξ
1513 391 1744 463 ἀνάγκης

1860 396 2142 464 respondit
2169 398 2360 452 Simon
2391 416 2403 453 ι
2440 395 2537 453 Dic
2560 397 2718 465 mihi,
2750 413 2819 456 an
2851 396 2918 452 de
2944 396 3092 451 malo
3125 395 3197 453 ita
3223 397 3320 452 libi
3353 399 3437 453 vi-

164 467 255 519 καὶ
282 466 477 541 τρίτην
516 470 696 543 κρίσιν
724 473 861 543 πρὸς
900 475 969 529 τὰ
1012 477 1381 549 ἁμαρτήματα
1423 481 1599 550 ὀρθῶς
1634 481 1750 537 ἔστι

1855 485 2080 542 deatur?

166 559 495 656 προσδοκᾷν.
527 563 715 619 Ταῦτα
741 565 836 619 τοῦ
870 567 1075 639 Πέτρου
1097 570 1363 635 εἰπόντος,
1388 572 1417 625 6
1443 572 1623 645 Σίμων
1652 574 2016 644 ἀπεκρίνατο·
2053 581 2238 647 Οὕτως
2260 600 2342 637 σοι
2394 582 2541 636 δοκεῖ
2599 582 2671 636 τὰ
2728 581 2870 637 κατὰ
2892 600 2984 639 τον
3011 584 3247 656 πονηρὸν
3264 580 3433 653 εἷναι;

168 652 300 704 Εἰπέ
326 671 438 724 μοι.

235 741 352 797 XX.
385 744 500 798 Kal
526 748 556 800 6
588 746 825 820 Πέτρος·
859 749 1204 823 Μεμνήμεθα
1224 752 1319 807 τοῦ
1352 753 1557 825 Κυρίου
1595 755 1752 826 ἡμῶν

169 834 258 888 καὶ
296 836 672 903 Διδασκάλου,
722 840 799 903 ὡς
846 840 1223 912 ἐντελλόμενος
1268 838 1421 897 εἶπεν
1470 846 1634 916 ἡμῖν·
1674 847 1755 899 Ta

171 928 439 998 μυστήρια
464 928 593 1000 ἐμοὶ
626 933 719 985 καὶ
744 935 854 997 τοῖς
878 936 1011 999 υἱοῖς
1030 936 1124 990 τοῦ
1155 938 1305 991 οἴκου
1334 953 1435 1008 μου
1460 937 1750 1007 φυλάξατε.

168 1017 253 1091 Διρ
283 1018 379 1072 καὶ
412 1022 533 1084 τοῖς
565 1021 733 1076 αὑτοῦ
770 1025 1041 1096 μαθηταῖς
1086 1030 1206 1081 κατ’
1245 1028 1380 1082 ίδίαν
1428 1029 1623 1082 ἐπέλυε
1655 1031 1755 1102 τῆς

167 1107 269 1160 τῶν
301 1110 555 1181 οὐρανῶν
603 1113 877 1183 βασιλείας
909 1116 978 1170 τά
1012 1120 1283 1190 μυστήρια
1308 1119 1372 1172 ⁶².
1408 1120 1499 1173 Σοὶ
1540 1119 1618 1185 δὲ,
1654 1137 1753 1173 πο-

168 1200 414 1295 λεμοῦντι
461 1205 615 1275 ἡμᾶς
647 1208 739 1261 καὶ
774 1208 937 1278 μηδὲν
979 1209 1165 1289 ἓξερον
1194 1210 1571 1265 διασκοποῦντι
1606 1212 1651 1295 ᾗ
1683 1211 1751 1265 τὰ

168 1293 406 1366 ἡμέτερα
440 1298 557 1350 εἴτε
596 1298 769 1370 ἀληθῆ
814 1301 965 1364 ὄντα,
995 1303 1105 1355 εἴτε
1138 1301 1329 1374 ψευδῆ,
1364 1302 1433 1356 τὰ
1463 1293 1752 1376 ἀπόρρητα

168 1382 357 1453 λέγειν,
384 1386 609 1442 ἀσεϐεῖν
640 1391 805 1446 ἐστίν.
847 1392 982 1445 Ἀλλ’
1017 1394 1105 1447 ἵνα
1138 1394 1212 1465 μὴ
1245 1393 1436 1459 δόξωσί
1473 1413 1615 1459 τινες
1641 1396 1750 1449 τῶν

169 1478 552 1548 παρεστώτων,
579 1482 664 1535 ὅτι
709 1482 955 1537 ἀδυνατῶ
987 1485 1124 1557 πρὸς
1146 1486 1215 1539 τὰ
1249 1486 1352 1540 ὑπὸ
1386 1487 1480 1539 σοῦ
1516 1487 1749 1559 ρηθέντα

169 1569 566 1642 ἀποκρίνασθαι
602 1572 953 1646 (προφάσεως
984 1576 1449 1648 διαμηχανῶμαι),
1482 1578 1592 1650 ἐρῶ
1624 1578 1751 1650 πρό-

167 1681 315 1736 τέρον
346 1666 759 1739 πυνθανόμενός
793 1686 907 1736 σου,
933 1671 981 1723 εί
1016 1670 1078 1723 τὸ
1118 1669 1207 1741 μὴ
1240 1671 1450 1740 ἀλγεῖν
1480 1667 1565 1743 ἦν,
1601 1672 1653 1725 τί
1685 1673 1750 1727 ἀν

168 1754 303 1807 ἐστιν
326 1754 408 1824 ἦν
430 1760 464 1810 ὁ
494 1760 779 1826 πονηρός.
809 1760 917 1812 Kal
942 1762 969 1813 6
995 1760 1175 1832 Σίμων
1202 1761 1305 1833 ἔφη
1323 1778 1337 1792 ·
1367 1761 1549 1816 Οὐδέν.
1582 1763 1691 1816 Καὶ
1722 1766 1751 1816 6

168 1847 397 1918 Πέτρος·
434 1843 591 1918 τΑρά
632 1867 695 1920 γε
728 1852 788 1904 τὸ
819 1851 1053 1923 πονηρὸν
1094 1853 1157 1905 τὸ
1200 1854 1383 1923 ἀλγεῖν
1428 1856 1542 1908 ἐστι
1570 1855 1750 1908 καὶτὸ

167 1937 373 2007 θανεῖν;
421 1943 539 1996 Kal
584 1944 613 1996 6
658 1944 874 2014 Σίμων·
912 1945 1184 2001 Φαίνεται.
1220 1948 1330 2002 Kal
1362 1950 1390 2001 6
1434 1948 1639 2024 Πέτρος
1663 1950 1707 1981 ⁸³
1730 1967 1743 1980 ·

169 2032 274 2086 Οὑκ
317 2033 430 2104 ἄρα
458 2034 701 2106 ὑπάρχει
753 2036 814 2089 τὸ
861 2037 1095 2109 πονηρὸν
1142 2039 1264 2105 ἀεὶ,
1316 2039 1429 2093 ἀλλ’
1479 2039 1599 2093 οὐδὲ
1650 2037 1751 2111 μὴν

169 2123 397 2195 ὑπάρξαι
455 2124 717 2181 δύναται·
771 2128 839 2180 τὸ
888 2128 999 2200 γὰρ
1038 2129 1272 2200 ἀλγῆσαι
1314 2131 1408 2184 καὶ
1434 2130 1613 2185 θανεῖν
1638 2130 1748 2184 τῶν

170 2217 569 2287 συμϐαινόντων
594 2220 641 2253 ⁸⁸
676 2221 844 2282 ἐστὶν,
877 2214 952 2276 ὧν
985 2221 1271 2293 οὑθέτερόν
1306 2222 1424 2275 ἐστι
1468 2222 1748 2295 παρούσης

168 2308 318 2380 390
336 2310 674 2376 εὐσθενείας.
794 2312 838 2344 ⁸⁸
853 2312 960 2384 γάρ
984 2314 1131 2367 ἐστιν
1156 2313 1337 2383 ἀλγεῖν
1346 2313 1457 2402 ητὸ
1478 2316 1749 2386 ἀναρμοσ-

168 2404 295 2467 τεῖν;
322 2403 384 2469 Τί
417 2402 474 2457 δὲ
508 2403 741 2467 θάνατος
766 2403 808 2484 ᾗ
826 2404 1103 2477 χωρισμὸς
1126 2404 1302 2476 ψυχῆς
1326 2405 1434 2460 ἀπὸ
1461 2404 1743 2476 σώματος;

168 2491 280 2546 061‘
293 2490 383 2547 οὖν
400 2494 671 2566 ἁρμονίας
682 2495 848 2567 οὔσης
862 2497 921 2550 τὸ
941 2496 1124 2565 ἀλγεῖν
1145 2497 1289 2551 ἔστιν
1308 2514 1321 2527 ·
1348 2496 1409 2551 τὸ
1429 2497 1537 2569 γὰρ
1563 2498 1744 2551 θανεῖν

170 2588 278 2641 οὐδὲ
310 2588 447 2652 ὅλως
484 2590 598 2643 τῶν
650 2589 946 2663 ὑπαρκτῶν
978 2591 1147 2653 ἐστὶν,
1194 2592 1277 2644 ὅτι
1312 2591 1539 2654 θάνατος
1594 2590 1745 2667 οὐδέν

170 2680 323 2747 ἐστιν,
358 2682 435 2746 ὼς
468 2681 631 2753 ἔφην,
661 2682 702 2767 ᾗ
728 2682 1005 2754 χωρισμὸς
1036 2682 1213 2755 ψυχῆς
1244 2682 1352 2736 ἀπὸ
1386 2682 1655 2754 σώματος,
1682 2675 1745 2737 οὑ

175 2775 487 2845 συμϐάντος,
511 2775 578 2830 τὸ
608 2775 706 2847 μὲν
734 2775 893 2846 σῶμα
920 2774 1078 2844 φύσει
1104 2774 1430 2846 ἀναίσθητον
1454 2774 1513 2828 ὃν
1536 2774 1741 2843 λύεται,

173 2866 275 2937 ήδέ
305 2868 449 2939 ψυχὴ
479 2867 716 2940 αἰσθητὴ
752 2862 889 2921 οὖσα
914 2866 1064 2932 ζῶσα
1104 2868 1358 2938 ὑπάρχει.
1390 2866 1550 2921 Ὅθεν
1575 2869 1746 2939 ἁρμο-

176 2960 280 3023 νίας
303 2960 467 3032 οὑσης
490 2962 596 3015 οὐκ
621 2960 805 3028 ἀλγεῖν
832 2959 1000 3024 ἔστιν,
1022 2960 1122 3012 οὑκ
1145 2946 1596 3021 ἀποθανεῖνῗάλῖ
1621 2957 1743 3012 οὑδὲ

176 3055 271 3137 μῂν
297 3054 517 3124 βοτάναι
551 3055 865 3125 θανάσιμοι,
891 3055 990 3125 οὑχ
1016 3055 1221 3126 ἐρπετά
1250 3052 1448 3119 ἰοϐόλα,
1473 3052 1592 3105 οὑδὲ
1617 3050 1744 3107 ἀλλο
1770 3065 1812 3121 C

175 3163 220 3198 τι
248 3148 499 3214 τοιοῦτον,
529 3143 595 3202 οὗ
634 3146 696 3200 16
734 3146 887 3210 τέλος
936 3146 1183 3209 θάνατος.
1235 3144 1396 3233 Ὅθεν
1446 3143 1746 3207 ἀθανασίας

175 3241 560 3313 ἐπικρατούσης
609 3240 847 3309 εὐλόγως
894 3239 1074 3293 πάντα
1114 3238 1376 3307 γεγονότα
1421 3238 1741 3307 φανήσεται.

180 3332 338 3404 Ὅπερ
381 3336 473 3388 καὶ
518 3333 697 3397 οὕτως
747 3330 919 3398 ἔσται,
964 3331 1165 3385 ὁπόταν
1220 3327 1564 3397 δικαιοσύνης
1595 3328 1746 3400 αἰτία

177 3425 202 3476 6
233 3426 504 3497 ἄνθρωπος
550 3425 819 3487 ἀθάνατος
848 3423 1071 3494 γένηται
1115 3421 1215 3492 τῆς
1256 3419 1351 3473 τοῦ
1384 3418 1621 3505 Χριστοῦ
1664 3421 1744 3472 εί-

183 3512 433 3585 ρηνιὶκῆς]
468 3512 874 3585 ἐπικρατούσης
923 3510 1228 3581 βασιλείας·
1261 3510 1349 3563 ὅτε
1384 3508 1549 3563 αὑτοῦ
1585 3511 1678 3563 καὶ
1709 3510 1742 3581 ὴ

182 3606 353 3672 κρᾶσις
381 3604 648 3676 εὔκρατός
673 3605 841 3664 ἐστιν,
870 3603 955 3655 ἵνα
994 3601 1068 3673 μὴ
1112 3599 1294 3666 ὀξείας
1326 3598 1485 3671 [φύῃ]
1528 3600 1704 3670 ὁρμάς
1724 3617 1740 3629 ·

183 3692 251 3749 ἐτι
280 3714 334 3750 τε
374 3697 470 3751 καὶ
506 3695 711 3766 γνῶσις
749 3697 1067 3759 ἄπταιστος,
1111 3693 1200 3746 ἵνα
1234 3693 1306 3763 μή
1333 3709 1386 3744 τι
1416 3690 1524 3745 τῶν
1557 3690 1743 3744 κακῶν

183 3784 247 3848 t'o;
269 3786 458 3855 ἀγαθὸν
490 3785 898 3861 πίικροποιοῦν]
924 3786 969 3819 ⁸⁸
999 3802 1060 3839 τε
1093 3783 1292 3854 ἀλγοῦν
1320 3783 1493 3851 ἔσται,
1530 3784 1618 3837 ἵνα
1666 3783 1741 3855 μὴ

183 3876 351 3951 θνητὸς

244 3970 373 4028 XXI.
403 3976 511 4029 Kal
546 3976 577 4029 6
608 3975 792 4044 Σίμων
830 3972 934 4045 ἐφη
954 3989 970 4003 ·
999 3970 1185 4026 Ταῦτα
1220 3970 1320 4042 μὲν
1360 3968 1537 4041 ὀρθῶς
1568 3967 1737 4041 ἔφης·

185 4062 305 4143 πλὴν
329 4066 383 4118 ὲν
410 4067 486 4138 τῷ
508 4067 606 4121 νῦν
656 4065 846 4137 κόσμῳ
874 4064 935 4118 06
975 4063 1123 4118 δοκεῖ
1170 4080 1252 4116 σοι
1298 4061 1499 4124 παντὸς
1532 4059 1742 4125 πάθους

184 4154 402 4221 δεκτικὸς
427 4156 563 4213 εἶναι
598 4162 627 4212 6
665 4158 977 4230 ἄνθρι·›πος;
1014 4156 1173 4225 Λέγω
1202 4156 1258 4208 δὲ
1296 4155 1609 4226 ἐπιθυμίας,
1645 4154 1740 4225 ὀρ-

186 4248 294 4317 γῆς,
335 4251 503 4323 λύπης
527 4254 625 4307 καὶ
667 4251 775 4305 τῶν
822 4250 1100 4304 τοιούτων.
1134 4250 1295 4303 Kal6
1339 4248 1579 4320 Πέτρος·
1629 4249 1741 4301 Kal

187 4340 337 4396 ταῦτα
377 4345 480 4398 τῶν
531 4344 939 4416 συμϐαινόντων
985 4342 1155 4408 ἐστὶν,
1192 4342 1254 4393 οὑ
1287 4340 1397 4393 τῶν
1429 4342 1515 4393 ἀεὶ
1547 4339 1735 4404 ὄντων,

1917 730 2039 788 XX.
2072 732 2211 790 Tum
2262 735 2455 793 Petrus
2491 756 2503 793 :
2540 737 2935 803 Rccordamnr,
2981 738 3271 794 Dominum
3327 756 3430 794 no-

1852 835 2025 881 strum
2075 838 2129 882 et
2187 824 2509 900 Magistrum
2554 832 2714 887 nobis
2757 833 3126 903 praecepisse:
3173 832 3427 905 Mysteria

1851 918 1985 974 mihi
2017 927 2071 975 et
2106 921 2233 976 ﬁliis
2261 922 2457 977 domus
2492 938 2624 977 mea:
2653 924 2941 979 custodite.
2975 924 3157 991 Quare
3184 939 3236 980 et
3264 926 3429 980 disci—

1852 1012 1995 1080 pulis
2028 1012 2141 1067 suis
2185 1028 2430 1068 seorsum
2487 1015 2634 1085 regni
2667 1015 2908 1071 caelestis
2955 1016 3212 1087 mysteria
3257 1016 3429 1087 expli-

1851 1104 2012 1159 cabat
2058 1116 2105 1158 α.
2150 1104 2217 1158 At
2280 1105 2505 1174 impium
2572 1118 2746 1174 esset,
2810 1108 2857 1162 si
2911 1109 3277 1165 revelaremus
3330 1110 3429 1164 tibi

1854 1195 2169 1260 ineﬁahilia,
2212 1197 2523 1253 adversanti
2568 1199 2727 1253 nobis
2769 1208 2822 1254 et
2877 1201 3013 1255 nihil
3064 1201 3209 1255 aliud
3250 1202 3426 1272 dispi-

1851 1287 2014 1342 cienti
2046 1304 2211 1358 quam
2245 1289 2383 1343 dicta
2426 1300 2612 1345 nostra
2641 1290 2755 1345 sive
2786 1306 2910 1345 vera
2942 1292 3057 1346 sive
3094 1290 3249 1346 falsa.
3277 1292 3429 1346 Atta-

1851 1394 1974 1433 men
2023 1396 2091 1434 ne
2134 1380 2610 1437 circumstantium
2665 1382 2834 1452 aliqui
2883 1384 3143 1446 credant,
3186 1401 3273 1438 me
3317 1400 3431 1439 non

1849 1486 2011 1541 posse
2058 1474 2390 1543 respondere
2427 1490 2457 1528 a
2489 1483 2539 1528 te
2568 1475 2793 1545 prolatis
2833 1475 3212 1545 (similitudine
3257 1477 3425 1545 utor).

1849 1564 2209 1632 respondebo,
2252 1566 2471 1634 quando
2498 1582 2563 1620 ex
2597 1576 2647 1620 te
2678 1566 2960 1630 audivero,
2998 1568 3127 1637 quid
3162 1568 3431 1638 signiﬁcet

1851 1664 1968 1708 erat
2014 1657 2207 1722 "talus,
2241 1658 2285 1711 si
2339 1674 2442 1711 non
2486 1658 2665 1712 dolere
2711 1668 2850 1715 erat.
2884 1659 2952 1715 Et
2996 1662 3187 1716 Simon
3233 1661 3373 1715 dixit
3410 1679 3425 1716 :

1782 1724 1823 1777 Β
1853 1739 2016 1796 Nihil.
2044 1741 2180 1797 Tum
2204 1743 2398 1799 Petrus
2423 1764 2435 1800 :
2464 1744 2603 1800 Num
2629 1747 2813 1804 dolere
2834 1757 2887 1803 et
2918 1749 3055 1803 mori
3082 1751 3285 1804 malum
3313 1751 3429 1805 est?

1851 1829 2149 1902 Respondit
2194 1833 2384 1889 Simon
2425 1854 2437 1889 :
2480 1834 2557 1891 Ita
2612 1852 2735 1891 esse
2784 1838 3017 1892 videtur.
3073 1837 3138 1892 Et
3181 1837 3425 1895 Petrus:

1845 1921 1964 1979 Non
1998 1926 2163 1997 igitur
2194 1927 2397 1981 malum
2429 1944 2643 1998 semper
2669 1930 2900 1992 exstitit.
2929 1931 3021 1985 sed
3051 1948 3120 1985 ne
3148 1935 3428 1989 exstitisse

1847 2016 2065 2085 quidem
2116 2025 2323 2087 potest;
2372 2034 2498 2073 nam
2545 2020 2730 2075 dolere
2772 2031 2825 2079 et
2874 2023 3013 2077 mori
3060 2023 3426 2079 accidentium

1848 2118 1997 2174 sunt,
2025 2126 2260 2180 quorum
2299 2124 2553 2168 neutrum
2600 2117 2852 2184 prmsenti
2886 2117 3048 2171 saluti
3080 2126 3164 2173 est
3193 2120 3429 2187 conjun-

1845 2210 2015 2257 ctum.
2061 2202 2203 2271 Quid
2242 2207 2389 2260 enim
2433 2216 2516 2261 est
2543 2208 2727 2262 dolere
2770 2209 2872 2264 nisi
2924 2226 3031 2264 non
3082 2210 3425 2280 congruere?

1845 2294 1985 2361 Quid
2026 2306 2205 2351 autem
2251 2313 2435 2365 mors,
2494 2299 2599 2355 nisi
2653 2303 2926 2370 separatio
2982 2302 3178 2357 animae
3227 2318 3260 2357 a
3311 2318 3429 2358 cor-

1846 2385 2206 2459 pore?Neque
2229 2389 2409 2459 igitur,
2428 2390 2473 2446 si
2499 2391 2783 2446 harmonia
2798 2395 3034 2456 exsistit,
3055 2392 3423 2461 dolorintrat;

1846 2495 1971 2533 nam
2005 2480 2142 2534 mori
2178 2496 2245 2535 ne
2273 2482 2497 2537 omnino
2526 2484 2744 2554 quidem
2761 2485 3143 2541 exsistcntium
3175 2487 3425 2557 cst,quia

1846 2587 1997 2627 mors
2023 2573 2158 2629 nihil
2187 2575 2333 2629 aliud
2357 2585 2460 2641 est,
2490 2586 2547 2631 ut
2573 2577 2706 2643 dixi,
2733 2594 2899 2647 quam
2927 2579 3199 2648 separatio
3228 2580 3427 2634 anima:

1845 2682 1873 2720 a
1902 2681 2154 2737 corpore,
2196 2685 2320 2737 qua:
2361 2685 2485 2724 eum
2524 2671 2726 2737 evenit,
2760 2687 2961 2741 corpus
3003 2673 3222 2742 quidem
3256 2688 3421 2727 sensu

1844 2775 2040 2831 expers
2069 2760 2405 2822 dissolvitur,
2453 2763 2635 2818 anima
2684 2771 2867 2817 autem
2904 2779 3066 2819 sensu
3111 2763 3303 2818 aﬁ‘ecta
3340 2764 3425 2817 vi-

1844 2865 1971 2904 vere
2006 2852 2200 2921 pcrgit.
2248 2850 2428 2917 Quare
2456 2869 2635 2922 neque
2666 2852 2823 2908 dolor
2854 2853 3010 2908 adest
3039 2870 3215 2923 neque
3253 2869 3424 2919 mors,

1845 2943 1937 2997 ubi
1971 2943 2259 2997 harmonia
2307 2944 2523 3008 existit,
2567 2945 2661 2999 sed
2703 2960 2769 2998 ne
2806 2946 3003 3015 plantae
3032 2945 3249 3014 quidem
3299 2945 3425 3000 leti-

1845 3033 1974 3090 fera:
2021 3044 2180 3098 sunt.
2222 3052 2399 3107 neque
2449 3038 2665 3107 reptilia
2709 3047 3010 3102 venenata,
3061 3053 3237 3108 neque
3276 3037 3424 3091 aliud

1848 3129 2044 3184 horum
2090 3129 2423 3200 quidquam,
2472 3145 2710 3198 quorum
2763 3130 2889 3185 ﬁnis
2932 3139 3017 3184 cst
3055 3146 3223 3185 mors.
3269 3128 3427 3186 Unde

1847 3221 2037 3275 omnia
2070 3230 2219 3276 recte
2238 3233 2418 3276 creata
2451 3220 2704 3275 videntur
2735 3221 3059 3289 praevalente
3096 3221 3426 3275 immortali-

1845 3319 1973 3364 tate.
2001 3308 2065 3364 Et
2092 3311 2192 3365 hoc
2217 3310 2290 3363 ita
2316 3310 2546 3376 eveniet,
2571 3310 2792 3379 quando
2815 3310 3042 3379 justitize
3064 3311 3235 3380 gratia
3260 3311 3427 3364 homo

1846 3402 2171 3457 immortalis
2213 3402 2301 3468 ﬁt,
2346 3418 2514 3472 regno
2557 3400 2760 3456 Christi
2808 3402 3034 3471 paciﬁco
3078 3403 3423 3471 praevalente,

1845 3497 2286 3566 quandoquidem
2333 3504 2823 3564 temperamentum
2871 3495 2990 3563 cjus
3023 3495 3150 3548 mite
3194 3504 3306 3557 est,
3354 3512 3424 3549 ne

1844 3602 1999 3640 acres
2030 3595 2279 3655 procreet
2310 3586 2660 3655 cupiditates,
2708 3585 2931 3653 insuper
2958 3586 3121 3638 etiam
3155 3586 3421 3654 sapientia

1843 3694 1950 3731 non
1981 3692 2232 3740 erronea,
2267 3686 2330 3730 ut
2358 3677 2492 3731 nihil
2524 3676 2792 3731 malorum
2825 3687 3084 3745 tanquam
3119 3677 3322 3730 bonum
3353 3676 3421 3730 ad

1843 3767 2162 3822 servitutem
2209 3767 2292 3821 vel
2334 3768 2580 3823 dolorem
2624 3765 2797 3832 ferat,
2844 3766 2918 3821 ita
2962 3776 3023 3821 nt
3067 3766 3157 3822 ille
3205 3782 3312 3821 non
3351 3766 3425 3823 sit

1843 3861 2115 3915 mortalis.

1914 3973 2055 4029 XXI.
2095 3973 2401 4044 Respondit
2449 3974 2684 4030 Simon:
2724 3972 2852 4029 Haec
2881 3973 3100 4044 quidem
3148 3981 3297 4029 recte
3337 3972 3423 4028 di-

1843 4067 1992 4122 xisti.
2018 4066 2087 4121 At
2120 4068 2285 4122 homo
2328 4068 2381 4122 in
2422 4067 2527 4121 hoc
2576 4067 2784 4135 mundo
2825 4082 3008 4121 nonne
3042 4066 3139 4121 tibi
3178 4067 3423 4137 cujusvis

1842 4160 1971 4213 mali
2004 4176 2176 4229 capax
2222 4175 2347 4215 esse
2394 4160 2641 4213 videtur?
2684 4158 2819 4214 Dico
2865 4168 3049 4213 autem
3082 4158 3419 4228 cupiditatis,

1842 4252 2169 4317 iracundiae,
2208 4253 2388 4307 luctus
2421 4262 2475 4307 et
2515 4252 2921 4322 hujuscemodi.
2967 4251 3033 4306 Et
3068 4251 3264 4307 Petrus
3296 4270 3311 4305 :
3354 4250 3422 4306 Et

1842 4344 1959 4400 haec
2004 4345 2223 4414 quidem
2262 4352 2392 4399 sunt
2424 4343 2786 4398 accidentium
2811 4383 2826 4407 ,
2878 4359 2988 4397 non
3048 4352 3417 4408 aeternorum;

189 4432 438 4503 χρησίμως
462 4436 517 4489 δὲ
542 4439 612 4507 τῇ
656 4435 801 4506 ψυχῇ
837 4434 1200 4504 συμϐαίνοντα
1233 4431 1327 4485 νῦν
1360 4431 1734 4503 εὑρεθήσεται.

1849 4445 2217 4492 verumtamen
2262 4434 2461 4490 anima:
2513 4434 2718 4488 utiliter
2766 4433 3059 4504 conjuncta
3112 4432 3226 4503 jam
3265 4432 3418 4486 inve-

192 4523 307 4577 Ἥτε
334 4526 435 4598 γὰρ
476 4527 740 4598 ἐπιθυμία
767 4528 830 4580 ἐκ
855 4526 949 4580 τοῦ
984 4525 1163 4579 πάντα
1201 4524 1380 4587 καλῶς
1403 4524 1465 4595 δη
1476 4525 1737 4595 μιουργή-

193 4633 355 4683 σαντος
390 4622 702 4693 συμϐαίνειν
727 4621 805 4691 τῷ
831 4621 954 4691 ζώῳ
997 4619 1308 4691 γεγένηται,
1338 4619 1424 4672 ἵνα
1448 4619 1539 4672 ὑπ’
1566 4618 1737 4688 αὑτῆς

194 4709 425 4783 ἀγάμενον
468 4716 605 4787 πρὸς
651 4715 936 4768 κοινωνίαν
977 4714 1077 4785 τὴν
1117 4711 1513 4784 ἀνθρωπότητα
1538 4711 1582 4743 ⁸⁷
1608 4710 1738 4782 πλη-

196 4797 333 4874 θύνῃ,
376 4806 462 4874 ἀφ’
506 4800 575 4876 ἧς
622 4804 823 4874 πλῆθος
870 4802 1102 4873 ἐκλογῆς
1146 4801 1476 4871 κρειττόνων
1523 4801 1735 4870 γίνεται

196 4890 326 4962 391
354 4896 482 4968 πρὸς
527 4896 742 4951 αἰώνιον
764 4896 909 4967 ζωὴν
950 4892 1254 4965 ἐπιτήδειον
1291 4893 1357 4946 ⁵⁸.
1421 4893 1568 4978 IIle
1606 4893 1733 4967 ἄνευ

197 4984 454 5057 ἐπιθυμίας
476 4990 574 5061 τὴν
601 4989 738 5060 πρὸς
762 4990 996 5055 γυναῖκα
1022 4986 1302 5040 κοινωνίαν
1326 4986 1499 5050 οὐδεὶς
1520 4987 1586 5040 ἂν
1608 4987 1736 5040 ἀνε-

200 5073 388 5142 δέξατο·
422 5080 510 5134 νῦν
558 5082 615 5137 δὲ
660 5081 929 5151 προφάσει
964 5079 1158 5150 ἡδονῆς
1190 5077 1266 5139 ὡς
1303 5077 1482 5151 ἐαυτῷ
1512 5076 1736 5150 χαριζό-

203 5174 379 5236 μενοςὸ
417 5174 698 5246 ἄνθρωπος
730 5172 791 5227 τὸ
835 5172 1046 5225 ἐκείνου
1082 5169 1331 5243 βούλημα
1377 5173 1539 5225 ποιεῖ.
1590 5170 1737 5263 Πλῦὴν

260 5317 284 5347 ι
315 5305 466 5366 Marc.
491 5328 564 5379 IV,
592 5311 682 5366 '54.

1841 4530 2084 4582 nientur.
2126 4524 2338 4580 Etenim
2370 4525 2642 4596 cupiditas
2674 4525 2742 4579 ab
2774 4525 2888 4591 illo,
2926 4526 3023 4594 qui
3053 4524 3237 4579 omnia
3282 4523 3422 4579 bene

1839 4620 2065 4686 creavit,
2090 4618 2282 4688 opiﬁce
2312 4617 2533 4671 animali
2559 4616 2710 4671 unita
2737 4626 2843 4683 est,
2871 4632 2978 4685 qua
3003 4617 3069 4671 ad
3104 4616 3418 4670 mistionem

1840 4712 2133 4781 impulsum
2160 4709 2485 4778 multiplicet
2514 4709 2813 4762 humanum
2840 4723 3033 4777 genus,
3060 4707 3220 4777 cujus
3243 4708 3418 4763 electa

1842 4806 2127 4859 meliorum
2198 4802 2490 4857 multitudo
2542 4801 2735 4855 idonea
2817 4801 3060 4855 redditur
3117 4802 3185 4855 ad
3248 4802 3417 4856 vitam

1842 4907 2122 4951 mtcrnatn.
2141 4894 2407 4949 Praeterea
2438 4893 2557 4948 sine
2586 4891 2881 4961 cupiditate
2907 4891 3115 4946 coitum
3146 4908 3269 4946 cum
3304 4909 3420 4946 mu-

1848 4988 1980 5041 liere
1993 5002 2154 5042 nemo
2169 4986 2400 5053 faceret;
2432 4984 2545 5055 jam
2570 5000 2700 5039 vero
2724 4983 3016 5052 voluptatis
3042 4984 3225 5053 specie
3255 4984 3421 5039 homo
3496 5016 3499 5019 ‹

1845 5079 1947 5135 sihi
1977 5080 2092 5147 ipse
2116 5078 2431 5148 gratiﬁcans
2465 5076 2613 5131 illius
2630 5074 2762 5129 facit
2783 5073 3348 5144 voluntatem.ltaque
3371 5073 3417 5128 si

1842 5174 1968 5244 quis
2015 5171 2313 5242 cupiditate
2363 5168 2432 5224 ad
2485 5168 2787 5240 legitimum
2838 5166 3008 5221 utitur
3046 5166 3416 5231 connubium,

1430 5400 1665 5458 VARIIE
1704 5399 2106 5457 LECTIONES.

264 5493 422 5550 "Cir.
462 5500 606 5555 hom.
627 5502 836 5566 xvu,6.
886 5502 931 5533 ⁸³
967 5498 1101 5554 th.
1140 5499 1236 5554 καὶ
1268 5500 1295 5552 6
1327 5496 1535 5599 Πέτρος
1566 5497 1944 5553 desiderantur
1991 5496 2043 5550 in
2099 5496 2160 5547 0.
2239 5493 2285 5527 “
2318 5491 2693 5575 συμϐενόντων
2725 5493 2767 5546 0
2796 5533 2810 5555 ,
2841 5494 2933 5563 qui
2969 5491 3162 5547 deinde
3187 5489 3240 5544 in
3263 5497 3413 5544 textu

264 5562 449 5599 ne...:--
503 5572 553 5599 :..
580 5574 823 5599 .........:....
859 5589 927 5599 ,η
986 5570 1297 5599 -.υ.-ο-..-ι...
1409 5568 1430 5598 s
1493 5567 1553 5599 ..Α
1587 5569 1628 5599 n
1747 5568 1792 5599 ss
1827 5566 2029 5599 ςυνῖηρς
2071 5562 2475 5599 ρῘινΛΛπΛιΛιιυ]
2509 5565 2578 5599 ιιι.
2603 5564 2905 5599 αιωΙηηςσιηι
2939 5580 3063 5599 nuru
3120 5577 3212 5599 mn
3283 5575 3413 5599 nar-

204 5558 469 5643 ᾀσθενείας,
503 5572 554 5626 in
580 5558 824 5642 margine
859 5589 947 5643 γρ.
984 5570 1313 5643 εὑσθενείας.
1409 5558 1455 5599 ⁸⁸
1493 5558 1554 5619 τό

1747 5568 1792 5599 ⁸⁸
1827 5566 2029 5636 Scripsi
2071 5562 2486 5636 πῘικροποιοῦν]
2509 5565 2578 5636 oh
2602 5562 2905 5636 analogiam
2939 5580 3063 5636 cum
3118 5577 3235 5636 seq:

3283 5575 3414 5628 par-

206 5619 554 5717 {mimo
1121 5619 1351 5696 'iﬁéiilis
1380 5619 1765 5708 respondisset.
1798 5619 1977 5705 ἀλγῶν
2098 5619 2297 5705 ἀλγοῦν
2329 5636 2387 5689 Ο.
2459 5619 2515 5668 ³⁸⁷
2546 5619 2970 5706 ἀνθρωτέότηταν
3002 5634 3063 5687 0.
3140 5619 3414 5700 σθ’ἐτξίτήτ

206 5697 321 5768 δειός
344 5697 398 5764 οξ
