3860 6210
375 282 476 338 445

1208 291 1264 348 S.
1318 292 1704 351 CLEMENTIS
1738 294 1758 350 Ι
1800 296 1963 351 BOM.
2017 297 2215 353 PONT.
2254 297 2480 354 OPERA
2519 299 2743 357 DUBIA.

3518 302 3633 356 444

377 401 543 472 impie
571 418 679 457 non
715 405 848 474 agit,
879 407 971 462 sed
1005 407 1056 461 in
1088 409 1416 464 adulterium
1448 427 1812 482 prorumpens
1844 414 1946 467 im-

2054 416 2150 469 ἐάν
2181 433 2265 479 τις
2287 421 2352 488 τῇ
2378 418 2640 490 ἐπιθυμίᾳ
2666 420 2861 491 χρῆται
2885 421 3020 492 πρὸς
3043 422 3270 493 νόμιμον
3293 421 3488 494 γάμον,
3518 428 3630 478 οὐκ

377 495 632 562 pietatem
681 498 1004 561 committit,
1060 499 1289 568 ideoque
1323 502 1699 571 castigabitur,
1751 512 1811 558 ut
1851 505 1943 574 qui

377 585 519 638 male
546 601 680 640 usus
709 591 780 640 sit
821 603 909 652 eo,
939 589 1085 658 quod
1119 590 1254 644 bene
1284 590 1448 645 fuerit
1475 593 1810 650 ordinatum.
1861 594 1947 648 Si-

378 675 491 728 mili
520 676 682 730 modo
713 677 876 731 etiam
905 678 1204 734 iracundia:
1250 696 1513 736 concessa
1546 699 1575 736 a
1609 682 1719 738 Deo
1754 697 1835 738 est
1867 686 1948 740 vis

379 779 478 819 nos
522 768 895 836 aggrediendi,
944 779 1098 824 utea
1129 772 1429 826 excitemur
1474 774 1540 827 ad
1597 784 1944 843 peccatorum

381 856 660 912 ultionem.
706 857 1094 915 Verumtamen
1143 862 1434 918 immodice
1484 866 1583 936 qui
1643 881 1708 920 ea
1752 868 1945 935 utitur,

380 947 581 1016 injuste
609 950 741 1020 agit,
787 961 930 1006 recte
959 967 1021 1006 ea
1055 965 1215 1008 utens
1257 954 1468 1023 justum
1501 958 1726 1027 peragit.
1757 958 1825 1012 At
1863 959 1948 1012 Iu-

376 1040 488 1093 etui
520 1055 740 1110 quoque
778 1042 1010 1111 subjecti
1043 1058 1256 1108 sumus,
1286 1061 1398 1115 quo
1429 1048 1635 1105 doloris
1663 1067 1785 1106 esse
1822 1067 1948 1121 pos-

376 1130 552 1185 simus
604 1134 899 1204 participes
948 1135 1132 1190 obitus
1183 1138 1943 1208 propiuquorum,mulieris,

375 1223 457 1278 vel
488 1222 803 1291 liberorum,
839 1227 923 1282 vel
954 1227 1209 1293 fratrum,
1231 1231 1311 1284 vel
1335 1234 1664 1300 genitorutn,
1689 1235 1776 1291 vel
1807 1237 1948 1291 ami—

373 1329 561 1368 corum
593 1316 914 1373 aliorumve.
961 1318 1472 1378 Commiserationis
1503 1325 1649 1378 enim
1693 1338 1947 1396 expertes

377 1406 617 1462 hominis
646 1419 897 1465 naturam
925 1414 1291 1468 exuissemus.
1319 1412 1494 1469 Simul
1523 1417 1732 1486 reliqua
1760 1420 1945 1474 omnia

376 1510 500 1568 apta
534 1517 657 1556 esse
691 1504 1052 1573 reperientur,
1077 1507 1124 1561 si
1154 1507 1571 1564 considerentur
1601 1511 1764 1565 modo
1794 1527 1824 1567 a
1862 1529 1948 1568 me

377 1589 637 1646 indicato.

448 1681 614 1736 XXII.
650 1683 788 1738 Tum
823 1684 1011 1740 Simon
1039 1705 1053 1741 :
1081 1686 1192 1742 Cur
1232 1698 1416 1744 autem
1445 1698 1500 1746 et
1534 1692 1782 1747 homines
1812 1708 1948 1762 pra:-

377 1785 590 1830 mature
631 1779 968 1845 moriuntur,
1004 1789 1059 1835 et
1089 1781 1266 1836 morbi
1298 1783 1557 1852 periodici
1590 1761 1834 1848 veniunt,
1866 1785 1950 1838 in-
1983 1761 2021 1814 Β

375 1883 541 1937 super
584 1879 637 1924 et
667 1871 966 1935 daamones,
1012 1873 1238 1928 insaniae
1281 1883 1336 1929 et
1382 1875 1722 1931 calamitates
1759 1877 1948 1931 multi-

377 1957 579 2014 formes
604 1976 799 2031 magna
828 1962 1396 2032 castigandifacultate
1411 1965 1648 2034 praedita:
1681 1965 1950 2021 exsistere

376 2050 641 2120 pergunt?
686 2049 912 2122 Excepit
964 2051 1202 2110 Petrus:
1233 2055 1372 2121 Quia
1421 2057 1677 2112 homines
1723 2060 1949 2112 omnino

376 2140 585 2196 libidini
630 2159 744 2198 sua:
790 2145 1131 2216 indulgentes
1180 2147 1591 2204 inconsiderate
1631 2163 1864 2216 coeunt,
1897 2159 1951 2206 et

375 2233 448 2286 ita
496 2235 797 2290 seminibus
850 2237 1030 2291 alieno
1071 2249 1316 2309 tempore
1363 2241 1575 2310 sparsis
1627 2257 1693 2298 ex
1740 2253 1951 2298 naturae

374 2325 556 2381 indole
597 2326 1022 2384 innumerabilia
1070 2341 1428 2400 procreantur
1463 2335 1629 2389 mala.
1674 2334 1950 2390 Debebant

375 2419 557 2487 potius
602 2429 875 2490 reputare,
911 2422 991 2475 uti
1029 2431 1242 2492 tempus
1268 2422 1552 2480 deﬁnitum
1587 2427 1658 2482 sit
1689 2427 1756 2481 ad
1795 2429 1948 2496 plan-

373 2511 594 2564 tandum
635 2519 689 2565 et
727 2513 1105 2566 seminandum
1135 2524 1321 2582 aptum
1353 2555 1367 2579 ,
1413 2515 1486 2570 ita
1524 2526 1578 2572 et
1621 2521 1948 2576 constitutos

377 2602 544 2656 fuisse
580 2601 696 2656 dies
737 2602 804 2656 ad
841 2603 1042 2658 coitum
1092 2604 1340 2660 idoneos.
1385 2605 1524 2662 IIinc
1565 2618 1714 2663 certe
1746 2610 1947 2679 aliquis

374 2690 580 2763 Moysis
609 2693 826 2748 traditis
856 2697 1064 2763 peritus
1110 2697 1371 2765 populum
1404 2698 1474 2752 ob
1503 2709 1727 2768 peccata
1777 2717 1943 2756 accu-

375 2801 536 2852 sans,
579 2787 986 2841 noviluniorum
1033 2789 1334 2844 secundum
1377 2789 1561 2845 lunam
1594 2801 1650 2846 et
1691 2793 1948 2849 sabbato-

375 2892 497 2930 rum
540 2877 682 2932 ﬁlios
713 2879 1038 2947 appellabat.
1081 2881 1151 2934 At
1197 2895 1326 2935 vero
1363 2883 1416 2934 in
1461 2884 1730 2954 principio
1760 2887 1947 2942 mundi

377 2969 626 3024 homines
669 2979 724 3024 et
801 2971 1026 3042 longaavi
1097 2984 1255 3027 erant
1309 2975 1596 3044 morbique
1652 2976 1946 3034 immunes.

2047 507 2252 571 ἀσεϐεῖ,
2301 510 2436 578 πρὸς
2471 511 2711 580 μοιχείαν
2742 511 2798 563 δὲ
2821 511 3007 583 ὁρμῶν
3031 513 3074 544 ⁶⁹
3106 513 3373 576 δυσσεϐεῖ,
3401 516 3494 568 καὶ
3534 515 3632 569 διὰ

2046 596 2204 649 τοῦτο
2227 603 2567 670 τιμωρεῖται,
2599 601 2680 652 ὃτι
2723 601 2800 670 τῷ
2821 602 2866 631 ⁷⁸
2903 601 3081 664 καλῶς
3113 603 3320 656 τεθέντι
3348 607 3632 676 ἐχρήσατο

2047 689 2250 752 κακῶς.
2271 691 2389 742 Ἔτι
2405 709 2463 743 τε
2482 691 2680 762 ὁμοίως
2695 694 2725 763 ἡ
2743 693 2878 764 ὀργὴ
2894 694 2950 745 ὲν
2969 696 3095 764 ἡμῖν
3116 694 3440 758 ἐξάπτεσθαι
3457 696 3626 766 φύσιν

2047 777 2190 846 ἔχειν
2220 779 2402 849 εἴληφε
2430 780 2578 850 παρά
2603 780 2756 845 θεοῦ,
2785 782 2868 833 ἵνα
2901 781 3036 853 πρὸς
3058 782 3267 852 ἀμυναν
3297 783 3626 853 ἁμαρτημά-

2046 884 2154 920 των
2178 869 2267 922 ὑπ’
2295 871 2466 940 αὐτῆς
2488 871 2788 942 έλκὼμεθα.
2817 873 2960 946 Πλὴν
2985 873 3204 944 ἀμέτρῳ
3228 875 3364 945 αὐτῇ
3389 892 3472 937 τις
3490 892 3630 945 χρη-

2052 960 2283 1030 σάμενος
2331 961 2529 1028 ἀδικεῖ,
2575 965 2692 1016 κατ’
2725 962 2880 1028 ἀξίαν
2911 964 2968 1017 δὲ
3004 963 3280 1034 χρώμενος
3319 964 3381 1016 τὸ
3413 964 3627 1017 δίκαιον

2048 1051 2274 1105 ὲκτελεῖ.
2318 1052 2474 1105 Ἀλλά
2500 1053 2594 1106 καὶ
2618 1053 2791 1125 λύπης
2816 1055 2978 1125 ἐσμὲν
3001 1055 3255 1123 δεκτικὰ,
3288 1058 3373 1109 ἵνα
3399 1057 3459 1109 τὸ
3488 1074 3628 1128 συμ-

2051 1143 2352 1213 παθητικὸν
2378 1144 2588 1214 ἔχωμεν
2612 1145 2702 1198 ὲπί
2725 1161 2783 1197 τε
2811 1145 3023 1216 θανάτῳ
3045 1146 3277 1213 οἰκείων,
3303 1146 3561 1214 γυναικὸς
3588 1146 3624 1217 ἦ

2048 1233 2251 1287 τέκνων
2278 1233 2310 1303 ἢ
2340 1234 2580 1303 ἀδελφῶν
2604 1234 2635 1305 ἢ
2674 1234 2875 1302 γονέων
2911 1235 2942 1306 ἣ
2971 1236 3138 1304 φίλων
3163 1236 3195 1307 ἢ
3229 1236 3401 1290 ἀλλων
3432 1237 3622 1288 τινῶν.

2061 1325 2340 1396 Ἐπείπερ,
2368 1328 2416 1378 εἰ
2449 1326 2510 1380 τὸ
2533 1327 2871 1397 συμπάσχειν
2917 1328 3017 1381 οὐκ
3063 1329 3298 1398 εἴχομεν,
3326 1328 3629 1398 ἀπάνθρω-

2049 1433 2141 1470 ποι
2189 1417 2256 1470 av
2284 1413 2436 1489 εἶμεν
2459 1418 2526 1472 ⁷¹.
2564 1418 2741 1488 Ὀμῶς
2775 1420 2870 1472 καὶ
2911 1418 2978 1471 τά
3025 1418 3158 1472 ἀλλα
3202 1419 3378 1472 πάντα
3403 1419 3630 1482 οἰκείως

2047 1511 2399 1581 εὑρεθήσεται
2442 1511 2652 1583 ἔχοντα,
2703 1511 2798 1565 ὲάν
2848 1527 2911 1579 γε
2957 1511 3025 1564 δι’
3071 1511 3100 1565 ὃ
3146 1511 3330 1581 ἔλεγον
3353 1513 3398 1543 ’³
3446 1510 3629 1583 4m]-

2049 1603 2231 1674 νοηθῇ.

2123 1715 2286 1771 XXII.
2321 1718 2430 1771 Kal
2453 1719 2482 1772 6
2507 1718 2718 1790 Σίμων·
2747 1720 2844 1773 Διά
2873 1719 2926 1772 τί
2958 1718 3014 1772 δὲ
3039 1719 3132 1772 καὶ
3165 1719 3332 1788 ἄωροι
3366 1716 3632 1769 τελευτῶ-

2054 1825 2157 1874 σιν,
2184 1809 2278 1862 καὶ⁵
2314 1809 2614 1880 περιοδικαὶ
2655 1810 2796 1864 νόσοι
2834 1810 3092 1878 γίνονται,
3132 1811 3211 1862 ἔτι
3250 1810 3354 1880 μὴν
3389 1810 3483 1861 καὶ
3515 1808 3632 1861 δαί·

2053 1917 2213 1970 μονες
2251 1901 2344 1954 καὶ
2372 1900 2557 1971 μανίαι
2600 1903 2691 1955 καὶ
2731 1903 2876 1973 πάθη
2905 1901 3215 1956 παντοδαπὰ
3247 1900 3494 1964 κολάζειν
3535 1917 3630 1971 με-

2049 1991 2229 2058 γάλως
2249 1990 2520 2061 δυνάμενα
2544 1992 2807 2063 ὑπάρχει;
2834 1992 2943 2045 Kal
2973 1994 3000 2045 6
3033 1991 3238 2062 Πέτρος
3257 2008 3270 2020 ·
3311 1991 3432 2043 ’Ὁτι
3460 1991 3509 2042 οἱ
3539 1991 3630 2045 ἀν-

2051 2081 2256 2153 θρωποι
2292 2081 2362 2135 τά
2402 2082 2576 2137 πάντα
2600 2084 2778 2136 αὐτῶν
2806 2086 2871 2153 τῇ
2913 2083 3073 2154 ἡδονῇ
3108 2081 3456 2152 χαριζόμενοι
3487 2082 3630 2134 ἀπα-

2051 2172 2371 2243 ρατηρήτως
2396 2173 2736 2226 κοινωνοῦσιν
2764 2174 2856 2228 καὶ
2888 2173 3057 2237 οῦτως
3083 2175 3114 2243 η
3152 2172 3260 2225 τῶν
3291 2174 3629 2244 σπερμάτων

2050 2262 2318 2333 καταϐολὴ
2347 2264 2588 2335 ἀκαίρως
2614 2265 2916 2317 ὲπιδοθεῖσα
2951 2264 3194 2333 φυσικῶς
3227 2263 3293 2316 τὰ
3329 2263 3498 2334 μυρία
3531 2265 3630 2315 ἐκ·

2049 2353 2174 2423 φύει
2198 2355 2363 2408 κακά.
2402 2355 2598 2427 Ἐχρῆν
2621 2356 2677 2408 δὲ
2701 2357 2896 2418 αὐτοὺς
2926 2355 3262 2424 λογίζεσθαι,
3291 2355 3396 2416 ὃτι,
3423 2354 3499 2417 ὡς
3524 2355 3626 2407 τοῦ

2050 2444 2310 2513 φυτεῦσαι
2357 2445 2452 2499 καὶ
2499 2451 2715 2517 σπεῖραι
2761 2447 2950 2518 καιρὸς
3014 2448 3311 2519 ἐπιτήδειος
3360 2447 3626 2518 ὥρισται,

2051 2535 2194 2590 οὕτω
2219 2539 2312 2591 καὶ
2332 2539 2424 2592 τοῦ
2451 2541 2774 2610 κοινωνῆσαι
2801 2541 3185 2611 ὲπιτηρήσιμοι
3224 2541 3425 2612 ἡμέραι
3464 2559 3629 2611 προσ-

2051 2628 2368 2699 ῳκείωνται.
2420 2629 2581 2700 392
2623 2631 2814 2683 Ἔνθεν
2859 2631 2988 2699 γοῦν
3015 2649 3098 2694 τις
3126 2632 3190 2683 ἐκ
3215 2631 3317 2699 τῆς
3344 2633 3627 2694 Μωῦσέως

2049 2724 2396 2794 παραδόσεως
2454 2725 2816 2796 μεμαθηκὼς,
2863 2725 3183 2798 αἰτιώμενος
3225 2727 3316 2780 τὸν
3361 2727 3488 2779 λαὸν
3529 2727 3630 2779 ἐπὶ

2050 2815 2342 2887 ἁμαρτίας,
2370 2817 2519 2880 υίοὺς
2532 2818 2829 2888 νεομηνιῶν
2847 2817 2954 2871 τῶν
2976 2818 3114 2871 κατά
3131 2819 3356 2889 σελήνην
3384 2819 3478 2870 καὶ
3502 2819 3627 2870 σαϐ-

2050 2905 2228 2959 ϐάτων
2265 2906 2545 2960 ἀπεκάλει.
2605 2905 2766 2960 Ἀλλά
2796 2906 2890 2960 καὶ
2930 2909 3049 2961 κατ’
3077 2907 3250 2979 ἀρχάς
3280 2907 3374 2959 τοῦ
3413 2907 3625 2976 κόσμου

2049 2998 2098 3050 οῖ
2124 2997 2398 3069 ἄνθρωποι
2426 2998 2702 3062 πολυετεῖς
2732 3015 2791 3050 τε
2817 2994 2954 3069 ἦσαν
2981 2997 3075 3052 καὶ
3111 2999 3311 3052 ἄνοσοι.
3351 2997 3540 3050 Ὁπότε
3569 2998 3628 3050 δὲ

376 3060 480 3114 Sed
513 3077 612 3115 usu
649 3062 980 3131 negligenter
1009 3064 1291 3128 derelicto,
1321 3065 1418 3118 Illii
1445 3065 1666 3120 illorum
1697 3067 1939 3122 vicissim

2051 3060 2414 3162 ἀμελήσαντες
2439 3091 2538 3162 τὴν
2563 3060 2938 3163 παρατήρησιν
2966 3091 3247 3153 ἀπέλιπον,
3271 3091 3454 3142 ἔκτοτε
3481 3091 3628 3144 κατά

375 3154 446 3206 ob
474 3154 856 3224 ignorantiam,
893 3163 951 3208 ut
982 3170 1089 3209 non
1138 3155 1312 3221 licuit,
1344 3157 1643 3214 miscentes
1671 3175 1750 3225 se,
1783 3160 1945 3214 innu-

377 3247 731 3302 merabifibus
755 3247 1162 3303 calamitatibus
1187 3249 1392 3305 liberos
1425 3267 1556 3306 suos
1595 3253 1947 3308 reddiderunt

376 3341 665 3395 obnoxios.
698 3340 880 3409 Quare
922 3351 978 3396 et
1008 3344 1268 3414 magister
1317 3356 1503 3401 noster
1539 3347 1607 3402 de
1641 3348 1754 3412 illo,
1790 3350 1883 3418 qui
1914 3366 1946 3405 a

376 3434 654 3488 nativitate
680 3449 858 3489 caecus
881 3446 1000 3490 erat
1029 3447 1084 3491 et
1127 3452 1222 3506 per
1259 3453 1384 3492 eum
1415 3440 1571 3506 vidit,
1607 3441 1946 3510 interrogan-

375 3527 543 3592 tibus,
587 3537 770 3582 utrum
808 3528 896 3582 hic
947 3530 1253 3598 peccaverit
1284 3546 1352 3585 an
1396 3534 1671 3602 genitores
1714 3535 1854 3604 ejus,
1889 3545 1947 3591 ut

374 3634 553 3673 caecus
584 3630 922 3685 nasceretur,
971 3622 1252 3690 respondit
1280 3641 1293 3676 :
1325 3621 1512 3693 Neque
1543 3625 1632 3678 hic
1668 3625 1721 3678 in
1761 3627 1944 3696 aliquo

375 3710 638 3780 peccavit,
667 3727 843 3780 neque
870 3711 988 3780 ejus
1021 3713 1316 3782 genitores,
1348 3715 1440 3769 sed
1484 3725 1542 3769 ut
1573 3716 1626 3769 in
1663 3731 1729 3772 eo
1772 3718 1945 3770 mani-

375 3800 667 3857 I'cstarctur
715 3802 810 3858 Dei
859 3813 1132 3872 potestas,
1178 3821 1302 3874 quae
1346 3806 1668 3875 ignorantia?
1726 3818 1942 3878 peccata

375 3904 533 3949 sanat
577 3906 626 3947 ι.
672 3896 750 3949 Ac
782 3893 1028 3964 profecto
1073 3895 1395 3965 ignorantiae
1448 3914 1612 3954 causa
1674 3899 1943 3968 ejusmodi

378 3999 466 4037 res
481 3984 754 4046 eveniunt,
779 3986 925 4053 quod
978 3985 1236 4040 videlicet
1268 3989 1546 4057 ignoretur
1572 3990 1791 4059 quando
1821 4004 1948 4044 con-

372 4075 497 4144 juge
535 4076 608 4128 uti
654 4085 920 4145 oporteat,
959 4085 1013 4130 et
1052 4092 1121 4130 an
1155 4077 1322 4132 libera
1355 4079 1426 4133 sit
1454 4095 1483 4132 a
1516 4088 1793 4133 menstrua
1824 4081 1944 4149 pol-

377 4167 602 4222 lutione.
629 4166 749 4222 Jam
779 4183 909 4222 vero
937 4168 1299 4235 calamitates,
1339 4185 1572 4238 quarum
1602 4179 1761 4224 antea
1794 4186 1946 4224 men-

376 4261 576 4313 tionem
602 4258 798 4321 fecisti.
824 4275 890 4314 ex
915 4259 1222 4329 ignorantia
1245 4261 1589 4329 proveniunt,
1619 4277 1724 4315 non
1748 4277 1778 4316 e
1803 4262 1944 4316 malo

375 4360 615 4421 peracto.
644 4351 897 4406 Concede
929 4351 1153 4421 insuper
1181 4368 1289 4405 non
1323 4361 1635 4422 peccantem
1664 4363 1720 4408 et
1759 4355 1942 4425 accipe

2047 3181 2292 3254 διαδοχὴν
2321 3182 2427 3236 υἱοὶ
2450 3182 2669 3250 ἀγνοίας
2692 3181 2838 3253 αἰτία
2860 3181 2983 3254 [ὡς]
3007 3182 3080 3252 μὴ
3107 3181 3214 3234 δεῖν
3240 3181 3628 3243 κοινωνοῦντες

2047 3274 2153 3327 ὑπὸ
2188 3274 2354 3345 μυρία
2380 3274 2523 3345 πάθη
2554 3274 2621 3326 τά
2645 3273 2852 3327 ἑαυτῶν
2885 3273 3093 3326 τιθέασι
3123 3273 3304 3325 τέκνα.
3336 3272 3498 3340 Ὅθεν
3527 3272 3626 3324 καὶ

2047 3363 2420 3437 [Διδάσκ]αλος
2465 3363 2621 3434 ἡμῶν
2649 3363 2894 3434 περὶτοῦ
2922 3364 2986 3415 ὲκ
3025 3363 3249 3432 γενετῆς
3296 3362 3474 3432 πηροῦ
3526 3361 3624 3413 καὶ

2047 3455 2443 3524 ἀναϐλέψαντος
2491 3454 2621 3526 παρ’
2665 3454 2828 3508 αὐτοῦ
2883 3453 3173 3525 ὲξετά[ζων
3221 3451 3621 3524 ὲρωτὴσασιν],

2046 3550 2094 3601 εί
2117 3549 2164 3579 ⁷³
2204 3544 2355 3611 οὗτος
2393 3547 2640 3619 ἥμαρτεν
2685 3544 2718 3617 ἢ
2759 3546 2808 3597 oi.
2844 3548 3019 3612 γονεῖς
3058 3543 3243 3609 αὑτοῦ,
3290 3544 3375 3595 ἵνα
3421 3542 3624 3609 τυφλὸς

2046 3639 2308 3711 γεννηθῇ,
2352 3639 2712 3709 ἀπεκρίνατο·
2750 3635 2872 3689 οὔτε
2905 3631 3056 3700 οὗτός
3099 3654 3152 3688 τι
3186 3636 3453 3704 ἥμαρτεν,
3495 3632 3623 3684 οὔτε

2046 3734 2096 3786 οἱ
2123 3735 2297 3801 γονεῖς
2310 3730 2493 3794 αὑτοῦ,
2513 3729 2624 3783 ἀλλ’
2647 3731 2732 3782 ἵνα
2757 3729 2821 3781 δι’
2847 3727 3009 3782 αὐτοῦ
3033 3726 3315 3798 φανερωθῇ
3341 3727 3374 3794 ἡ
3391 3725 3625 3793 δύναμις

2045 3825 2139 3878 τοῦ
2168 3825 2303 3879 Θεοῦ
2331 3824 2432 3895 τῆς
2477 3823 2693 3893 ἀγνοίας
2733 3822 2933 3893 ἰωμένη
2962 3821 3031 3873 τά
3078 3821 3464 3891 ἁμαρτήματα.
3510 3819 3625 3871 Kal

2046 3917 2259 3987 ἀληθῶς
2288 3915 2506 3984 ἀγνοίας
2543 3915 2693 3985 αἰτία
2724 3914 2791 3966 τὰ
2831 3912 3052 3966 τοιαῦτα
3090 3913 3318 3980 γίνεται,
3372 3911 3492 3980 ἦτοι
3540 3909 3624 3980 τῷ

2050 4011 2123 4082 μὴ
2155 4010 2350 4063 εἰδέναι
2380 4008 2508 4062 πότε
2536 4008 2616 4061 δεῖ
2645 4008 2918 4060 κοινωνεῖν
2945 4008 3012 4076 τῇ
3050 4007 3285 4074 γαμετῇ,
3323 4004 3372 4054 εί
3402 4001 3622 4072 καθαρά

2046 4105 2105 4170 ὲξ
2135 4105 2367 4176 ἀφέδρου
2417 4103 2691 4174 τυγχάνει.
2743 4101 2886 4172 Πλὴν
2915 4099 2951 4154 ἀ
2981 4100 3315 4171 προείρηκας
3359 4100 3505 4171 πάθη
3557 4100 3622 4166 ἐξ

2046 4197 2265 4266 ἀγνοίας
2311 4196 2481 4258 ἐστὶν,
2517 4195 2578 4248 οὐ
2614 4181 2796 4264 μέντοῖ
2843 4194 2906 4244 ὲκ
2948 4191 3183 4262 πονηροῦ
3229 4193 3616 4261 εἰργασμένου.

2048 4290 2281 4360 Προσέτι
2314 4288 2370 4340 δὲ
2398 4287 2483 4352 δὸς
2512 4286 2603 4339 τὸν
2636 4286 2709 4357 μὴ
2737 4284 3114 4356 ἁμαρτάνοντα
3151 4284 3241 4335 καὶ
3266 4282 3395 4335 λάϐε
3424 4284 3515 4336 τὸν
3541 4285 3618 4356 μὴ

2049 4383 2345 4452 πάσχοντα,
2377 4382 2469 4434 καὶ
2500 4377 2634 4449 πρὸς
2663 4376 2723 4430 τὸ
2758 4377 2832 4448 μὴ
2858 4376 3085 4447 πάσχειν
3107 4377 3200 4429 καὶ
3230 4375 3420 4437 ἄλλους
3455 4375 3620 4429 αὑτὸν

377 4460 484 4498 non
514 4445 826 4514 patientem,
854 4451 1016 4512 atque
1042 4445 1206 4496 etiam
1237 4443 1374 4499 alios
1401 4446 1639 4514 patiendi
1669 4447 1941 4504 immunes

2051 4472 2378 4543 θεραπεῦσαι
2437 4468 2767 4538 δυναμένους
2820 4468 3072 4538 εὑρήσεις
3107 4467 3175 4518 ⁷⁵.
3222 4466 3429 4519 Αὐτίκα
3486 4465 3621 4533 γοῦν

374 4535 442 4588 ad
511 4531 563 4584 ei
625 4537 971 4590 serviendum
1001 4543 1159 4604 aptos
1187 4535 1453 4590 invenies.
1495 4536 1740 4608 Exempli
1770 4541 1942 4609 gratia

373 4626 584 4697 Moyses
618 4637 837 4696 propter
870 4628 1126 4697 pietatem
1170 4628 1340 4683 totius
1375 4631 1501 4683 vitae
1549 4639 1762 4700 tempus
1806 4647 1940 4687 con-

373 4716 671 4770 summavit
701 4716 831 4769 mali
857 4731 1073 4785 expers,
1098 4726 1152 4770 et
1182 4714 1471 4787 Egyptios
1495 4717 1566 4772 ob
1593 4727 1816 4788 peccata
1846 4736 1942 4791 pa-

372 4806 568 4860 tientes
595 4807 846 4874 precibus
877 4809 1108 4861 sanavit.

440 4894 627 4951 XXIII.
674 4897 812 4952 Tum
856 4898 1044 4954 Simon
1078 4917 1092 4954 :
1136 4898 1258 4955 Ilaec
1299 4901 1518 4970 quidem
1571 4902 1643 4956 ita
1683 4918 1804 4959 sese
1842 4906 1941 4961 ha-

373 4987 556 5041 beant.
574 4989 677 5042 Sed
701 4989 1042 5060 inaequalitas
1074 4992 1216 5046 inter
1249 4993 1498 5048 homines
1527 5009 1708 5050 nonne
1734 4997 1830 5050 tibi
1862 4999 1941 5053 vi-

372 5078 530 5131 detur
545 5076 1087 5147 iujustissimaMlter
1102 5081 1247 5135 enim
1273 5082 1718 5149 mcudicat,alter
1736 5086 1944 5141 divitiis

372 5169 649 5235 abundat,
709 5170 846 5225 alter
895 5182 1158 5242 aegrotat,
1221 5174 1356 5228 alter
1415 5175 1584 5230 nimia
1634 5178 1943 5232 valetudine

373 5258 594 5323 fruitur,
617 5269 671 5314 ct
689 5276 812 5331 qua:
831 5259 1143 5330 hujusmodi
1170 5265 1586 5321 innumerabilia
1611 5267 1665 5322 iu
1700 5267 1938 5322 humana

445 5403 472 5432 ι
510 5389 669 5448 Joan.
694 5409 770 5461 ix,
798 5394 854 5460 ‘2,
887 5395 942 5450 '5.

2050 4565 2288 4634 Μωῦσῆς
2315 4563 2402 4616 διὰ
2431 4561 2708 4615 εὐσέϐειαν
2745 4559 2961 4630 ἀπαθὴς
3005 4558 3095 4612 τὸν
3134 4558 3310 4611 πάντα
3337 4558 3438 4628 τῆς
3468 4557 3620 4629 ζωῆς

2044 4657 2307 4710 διετέλεσε
2338 4655 2548 4727 χρόνον,
2577 4654 2670 4706 καὶ
2716 4653 2841 4714 τοὺς
2887 4649 3217 4719 Αἰγυπτίους
3241 4649 3308 4702 δι’
3342 4649 3620 4721 ἁμαρτίας

2047 4749 2354 4819 πάσχοντας
2381 4747 2565 4816 εὐχαῖς
2595 4746 2729 4798 ideo.

2111 4902 2298 4957 XXIII.
2326 4903 2434 4955 Kal
2454 4903 2483 4954 6
2511 4900 2571 4952 Σί
2579 4917 2711 4970 μων·
2734 4901 2913 4953 Ἔστω
2941 4899 3039 4970 μὲν
3060 4900 3229 4953 ταῦτα
3251 4898 3425 4962 οὕτως
3447 4898 3614 4969 ἔχειν.

2039 4996 2113 5050 Οὐ
2148 4995 2292 5047 δοκεῖ
2339 5010 2418 5045 σοι
2463 4992 2767 5060 ἀδικωτάτη
2795 4993 2826 5061 ὴ
2860 4993 2917 5043 ὲν
2941 4989 3246 5061 ἀνθρώποις
3293 4989 3615 5060 ἀνωμαλίας

2046 5091 2142 5152 Ὃς
2187 5089 2284 5160 μὲν
2330 5087 2437 5158 γάρ
2473 5086 2714 5146 πένεται,
2765 5084 2824 5146 ὃς
2852 5083 2908 5136 δὲ
2948 5083 3190 5148 πλουτεῖ,
3217 5082 3378 5152 393
3405 5083 3499 5135 καὶ
3555 5080 3618 5146 ὃς

2047 5181 2146 5246 μὲν
2173 5181 2339 5239 νοσεῖ,
2393 5179 2486 5231 καὶ
2536 5176 2616 5248 [ὃς
2646 5175 2725 5247 δὲ]
2777 5175 3030 5243 ὑγιαίνει,
3063 5175 3157 5227 καὶ
3205 5175 3354 5244 ὁμῶς
3387 5173 3617 5227 τοιαῦτά

2041 5290 2163 5327 τινα
2213 5272 2381 5344 μυρία
2412 5271 2469 5324 ὲν
2501 5269 2578 5341 τῷ
2620 5267 2943 5341 ἀνθρωπίνῳ
2989 5267 3108 5339 βίῳ.
3155 5267 3264 5320 Kal
3312 5268 3341 5321 6
3368 5265 3611 5338 Πέτροςο

1643 5517 1879 5572 VARle
1909 5513 2306 5572 LECTIONES.

445 5601 488 5680 ξ*
518 5601 671 5683 ὁρμῶ
703 5606 762 5683 9A.
837 5604 884 5636 το
909 5605 970 5683 το
1001 5606 1062 5683 0_.
1137 5606 1180 5638 ⁷³
1221 5607 1288 5683 {iv
1311 5604 1364 5661 εἴ
1394 5611 1794 5683 (subnotatum)
1825 5607 1975 5683 εἶμεν
2009 5614 2069 5666 Ο.

376 5669 497 5724 dein
545 5669 824 5746 ἐγεννήθη.
920 5676 967 5708 ⁷⁸
997 5675 1161 5749 εῦρης
1211 5678 1253 5733 0
1281 5717 1296 5744 ,
1343 5669 1436 5750 qui
1463 5680 1588 5738 dein
1620 5681 1706 5736 διό
1732 5669 1788 5753 ι).
1821 5669 1924 5735 διά.

2176 5611 2222 5646 τ’
2257 5609 2413 5678 λέγον
2447 5606 2570 5680 (sic)
2596 5604 2660 5663 Ο.
2734 5607 2781 5642 ⁷³
2821 5625 2879 5663 εν
2907 5607 3111 5680 absque
3140 5608 3335 5681 spiritu
3377 5605 3424 5667 ο
3453 5647 3468 5675 ,
3515 5610 3609 5681 qui
