3860 6210
187 270 317 336 με·

1251 276 1712 335 CLEMENTINA.
1735 306 1806 318 -
1828 274 2111 333 HOMILIA
2151 276 2292 334 XIX.
2319 336 2322 342 ,

3370 282 3477 340 Ηΰ

187 398 269 452 ού
324 396 602 468 συνορᾷ-ς,
628 391 673 449 ὦ
707 394 906 470 Σίμων,
939 399 1020 453 ὅτι
1057 398 1221 453 πάλιν
1270 400 1426 479 ἐκδὺς
1468 398 1562 453 τοῦ
1598 413 1751 452 σκοπι

1866 428 1875 454 ι
1905 396 2014 452 vita
2057 399 2407 469 reperiuntur
2435 397 2563 453 alia.
2595 395 2661 453 Et
2689 395 2886 453 Petrus
2913 414 2925 452 :
2956 393 3147 453 Nonne
3186 396 3357 463 vides,
3391 400 3474 454 Si-

186 488 318 552 τοὺς
377 488 591 557 λόγους
662 490 941 559 πέμπεις;
990 491 1127 563 Περὶ
1195 490 1432 563 πονηροῦ
1483 490 1592 562 γάρ
1641 482 1815 559 ήμῶν

186 580 635 653 διαλεγομένων,
669 582 733 637 σὺ
783 585 1058 657 ἐκτροπὴν
1105 584 1338 655 ποιήσας
1383 583 1513 655 περὶ
1551 582 1663 636 τῶν
1706 580 1795 633 δο-

188 675 437 729 κούντων
474 676 859 748 ἀτοπημάτων
880 677 973 732 τὸν
1007 677 1165 746 λόγον
1193 676 1488 748 είσηγήσω.
1523 674 1672 749 Πλὴν
1701 674 1797 727 καὶ

186 770 268 832 εις
311 766 453 820 αὐτὸ
500 767 645 840 ἐρῶ.
683 768 739 822 Ὀ
768 768 971 840 κόσμος
996 768 1223 841 ὄργανόν
1248 770 1370 822 ἐστι
1407 765 1671 837 τεχνικῶς
1698 780 1792 833 γε-

185 859 346 927 γονὺς
366 861 440 924 ⁷⁸,
479 860 577 913 ἵνα
610 860 689 931 τῷ
737 862 981 933 ἐσομένῳ
1031 862 1220 935 ἄρρενι
1251 858 1485 922 αἱωνίως
1524 859 1557 928 ἡ
1605 857 1793 928 θήλεια

184 951 344 1023 τίκτῃ
375 951 638 1015 δικαίους
670 952 921 1016 αἰωνίους
947 951 1118 1016 υἱούς.
1166 952 1281 1005 Οὐκ
1324 948 1576 1003 ἐδύναντο
1615 947 1670 1000 δὲ
1699 948 1791 1000 εὑ-

187 1042 417 1107 σεόεῖς⁷⁶
436 1043 689 1098 ἐνταῦθα
714 1044 1155 1116 ἀποτελεσθῆναι,
1183 1046 1230 1097 εί
1256 1043 1329 1114 μὴ
1354 1037 1494 1113 ἦσαν
1519 1041 1569 1093 oi
1597 1038 1792 1103 ἐνδεεῖς

183 1131 263 1199 οἷς
305 1136 803 1208 ἐπικουρήσουσιν.
847 1135 1078 1207 Ὁμοίως
1118 1153 1178 1189 τε
1226 1135 1321 1189 καὶ
1355 1133 1442 1186 διά
1466 1131 1646 1211 ’,τοῦτο
1684 1131 1790 1184 είσὶ

183 1227 276 1279 καὶ
299 1227 624 1291 νοσοῦντες,
651 1221 726 1282 ὧν
753 1228 1160 1299 προνοήσουσιν.
1185 1226 1296 1279 Καὶ
1322 1224 1393 1278 τά
1435 1222 1561 1294 ἑξῆς
1599 1221 1789 1275 τοῦτον

183 1319 439 1391 περιέχει
469 1320 573 1373 τὸν
615 1320 795 1389 λόγον.
829 1320 934 1373 Καὶ
963 1322 990 1373 6
1011 1318 1219 1389 Σίμων’
1271 1316 1477 1371 Οὐκοῦν
1521 1316 1787 1387 ἠτύχηται

176 1412 293 1474 τοῖς
322 1411 648 1477 ταπεινοῖς;
681 1410 824 1482 Πρὸς
852 1411 961 1482 γὰρ
986 1410 1046 1464 τὸ
1080 1408 1507 1479 ἀποτελεσθῆναι
1547 1407 1788 1472 δικαίους

182 1500 336 1553 αὐτοὶ
382 1500 818 1571 κακουχοῦνται.
869 1501 979 1556 Καὶ
1022 1504 1050 1556 6
1082 1501 1317 1575 Πέτροςο
1345 1501 1411 1554 Ei
1450 1497 1519 1572 ἧν
1569 1499 1787 1564 αἰώνιος

182 1590 521 1656 ταπείνωσις
577 1593 792 1657 αὐτῶν,
839 1593 1037 1665 ἀτυχία
1086 1593 1154 1647 ἂν
1201 1589 1271 1665 ῆν
1324 1593 1574 1665 μεγίστη.
1626 1590 1786 1646 Ἀλλά

183 1686 316 1757 πρὸς
337 1686 421 1793 τῶ
448 1687 741 1793 κλήρῳττά
765 1688 1153 1762 ταπεινώματα
1174 1692 1268 1745 καὶ
1294 1690 1562 1761 ὑψώματα
1584 1688 1783 1760 ἀνθρώ·
1812 1738 1856 1793 Β

184 1794 304 1841 ποις
338 1779 564 1847 γίνεται
585 1822 601 1835 .
641 1776 712 1853 ’ᾫ
748 1781 792 1835 δ’
818 1782 883 1836 ἂν
910 1784 985 1855 μὴ
1032 1784 1243 1858 ἀρέσκῃ
1267 1786 1297 1839 6
1321 1783 1543 1855 κλῆρος,
1574 1782 1779 1836 ἔνεστιν

182 1870 465 1943 ἐκκλήτως
508 1874 862 1946 χρησάμενον
910 1876 1004 1929 καὶ
1045 1876 1293 1947 νομίμως
1331 1875 1777 1945 διαδικασάμενον

182 1961 268 2015 τὸν
291 1963 384 2016 ὑπ’
415 1964 594 2018 αὑτοῦ
624 1965 927 2031 ὑπαλλάξαι
957 1966 1091 2038 βίον.
1125 1969 1236 2021 Καὶ
1260 1970 1288 2022 6
1317 1968 1533 2039 Σίμων·
1569 1967 1665 2031 Τίς
1688 1960 1777 2021 οὗ·

181 2069 269 2116 τος
294 2055 323 2107 6
366 2055 602 2127 κλῆρος,
635 2058 732 2111 καὶ
778 2058 1071 2130 έκκλητος;
1111 2060 1222 2112 Καὶ
1265 2062 1294 2113 6
1336 2059 1572 2131 Πέτρος·
1604 2057 1776 2112 Τοῦτο

184 2144 365 2236 ἐτέρου
407 2147 577 2216 λόγου
627 2150 886 2222 ἐξήγησίς
921 2153 1087 2205 ἐστιν.
1128 2151 1277 2236 Πλῂν
1310 2151 1406 2205 ἐάν
1453 2151 1771 2222 ἐπιτρέψῃς,

180 2233 339 2299 δεῖξαί
369 2254 455 2291 σοι
486 2238 791 2311 δυνάμεθα,
830 2241 948 2304 πῶς
976 2233 1362 2314 ἀναγεννηθεὶς
1398 2243 1493 2296 καὶ
1532 2244 1633 2314 τὴν
1676 2242 1772 2311 γέ-

183 2343 320 2381 νεσιν
350 2329 677 2399 ὑπαλλάξας
717 2335 812 2387 καὶ
838 2333 1086 2405 νομίμως
1122 2333 1325 2406 βιώσας
1350 2334 1571 2388 αίωνίου
1605 2334 1768 2408 τεύξῃ

184 2420 478 2492 σωτηρίας.

242 2618 431 2680 XXIV.
475 2626 594 2682 Καὶ
629 2628 659 2682 6
702 2628 885 2698 Σίμων
931 2628 1105 2684 ταῦτα
1157 2628 1398 2695 ἀκούσας
1440 2629 1577 2700 ἔφη’
1617 2630 1765 2701 Μήτι

183 2713 418 2786 νομίσῃς,
471 2715 553 2781 ὡς
603 2717 791 2789 ἐπειδὴ
848 2719 929 2781 είς
976 2718 1207 2772 ἕκαστον
1256 2718 1554 2787 κεφάλαιον
1586 2716 1764 2787 ζητῶν

184 2801 284 2877 [σε]
303 2808 663 2881 συνετιθέμην
685 2810 760 2873 ὡς
776 2810 1284 2883 πληροφορούμενος
1307 2809 1392 2879 ἐφ’
1407 2808 1764 2882 θθιέτερον

190 2894 472 2968 ἔρχόμενον
567 2902 909 2972 κεφάλαιον;
959 2903 1074 2957 ἀλλ’
1149 2902 1372 2972 ἀγνοίας
1452 2917 1533 2954 σοι
1600 2899 1663 2953 τὸ
1714 2900 1759 2932 ⁷⁷

185 2989 452 3046 πείθεσθαι
501 2997 789 3067 παρεῖχον,
826 2996 912 3049 ἵνα
949 2998 1038 3050 ἐπ’
1071 2994 1200 3051 ἀλλο
1244 2994 1404 3069 ἔλθῃς
1444 2990 1756 3063 κεφάλαιον,

1900 506 2060 555 mon,
2108 500 2162 545 te
2205 492 2401 546 iterum
2437 499 2590 545 extra
2634 490 2977 560 propositum
3025 504 3309 547 sermones
3350 492 3475 545 mit-

1898 583 2045 638 tere?
2090 581 2260 639 Nobis
2304 583 2451 637 enim
2487 582 2555 639 de
2599 582 2746 637 malo
2792 581 3255 652 colloquentibus,
3289 581 3472 653 digre-

1894 673 2052 729 diens
2080 673 2530 744 disceptationem
2560 673 2628 729 de
2659 673 2726 729 iis
2754 682 2810 728 tu
2851 673 3174 740 introducis,
3216 689 3338 743 qua:
3365 674 3468 728 sibi

1896 764 2274 819 contradicere
2304 765 2575 820 videntur.
2602 763 2971 820 Nihilominus
2987 765 3082 819 tibi
3105 765 3447 835 respondebo

1899 854 2135 912 Mundus
2166 868 2250 912 est
2278 874 2418 927 opus
2448 859 2743 914 artificiose
2781 858 3008 925 factum,
3034 867 3096 913 ut
3136 858 3380 914 masculo
3412 860 3466 913 in

1891 960 2155 1005 aeternum
2177 950 2364 1006 futuro
2380 950 2580 1006 femina
2599 968 2663 1023 pa
2672 953 2959 1024 riatjustos
2972 969 3036 1007 ac
3051 962 3285 1008 aeternos
3302 953 3464 1008 filios.

1890 1042 1962 1096 At
1988 1043 2064 1112 pii
2092 1042 2181 1097 hic
2203 1042 2269 1097 ad
2291 1042 2681 1112 perfectionem
2721 1045 2907 1099 venire
2938 1058 3044 1099 non
3082 1048 3332 1114 possent,
3357 1043 3464 1098 nisi

1889 1148 2156 1203 pauperes
2179 1134 2541 1202 exsisterent,
2566 1135 2768 1205 quibus
2801 1136 3068 1191 auxilium
3115 1135 3341 1190 ferrent.
3377 1133 3466 1189 Si-

1888 1224 2003 1278 mili
2036 1226 2197 1280 modo
2218 1235 2273 1280 et
2296 1235 2621 1296 aegrotantes
2643 1228 2864 1294 adsunt,
2888 1228 3089 1297 quibus
3119 1228 3459 1297 provideant.

1887 1315 1956 1372 Et
1999 1331 2067 1372 eo
2099 1326 2349 1388 spectant
2380 1318 2611 1389 reliqua.
2659 1316 2799 1372 Tum
2835 1317 3024 1373 Simon
3066 1337 3080 1373 :
3119 1317 3262 1385 Quid
3307 1334 3461 1391 ergo,

1885 1425 2155 1480 pauperes
2188 1424 2372 1465 nonne
2401 1409 2648 1466 infelices
2688 1412 2852 1466 sunt?
2878 1409 3018 1467 Male
3061 1412 3322 1466 nimirum
3364 1428 3463 1482 pa-

1887 1504 2118 1567 tiuntur,
2153 1511 2210 1557 ut
2237 1502 2373 1572 justi
2413 1504 2481 1558 ad
2534 1502 2924 1573 perfectionem
2970 1503 3211 1559 veniant.
3249 1502 3318 1560 Et
3358 1503 3461 1560 Pe-

1883 1603 2002 1651 trus
2041 1612 2055 1648 :
2092 1591 2150 1648 Si
2193 1609 2384 1649 eorum
2441 1595 2726 1651 humilitas
2766 1603 2914 1651 esset
2953 1606 3176 1660 aeterna,
3224 1596 3461 1651 infortu-

1884 1686 2034 1741 nium
2066 1697 2213 1742 esset
2242 1686 2561 1742 maximum.
2594 1686 2701 1742 Sed
2729 1687 3135 1742 humiliationes
3171 1695 3226 1742 et
3251 1688 3460 1743 exalta-

1884 1779 2060 1833 tiones
2114 1776 2427 1833 hominibus
2473 1786 2622 1833 sorte
2671 1779 3067 1834 attribuuntur.
3117 1778 3220 1834 Cui
3269 1790 3453 1835 autem

1879 1885 2003 1925 sors
2040 1884 2147 1923 non
2181 1871 2375 1939 placet,
2410 1870 2489 1924 illi
2529 1870 2656 1925 licet
2684 1870 2875 1936 vitam,
2918 1886 3026 1941 qua
3057 1871 3227 1928 electa
3261 1872 3454 1935 utitur,

1876 1969 2023 2016 recte
2048 1960 2401 2031 dijudicatam
2429 1977 2526 2032 per
2547 1962 2901 2033 semetipsum
2927 1974 3288 2021 commutare.
3312 1963 3452 2018 Tum

1877 2053 2105 2109 Simon:
2136 2053 2397 2121 Quaenam
2422 2063 2507 2110 est
2536 2055 2627 2110 illa
2656 2071 2798 2121 sors,
2824 2065 2879 2111 et
2901 2071 2965 2111 ea
2992 2056 3213 2127 quidem
3245 2058 3457 2113 electa?

1873 2145 1943 2200 Et
1991 2145 2227 2203 Petrus:
2269 2146 2385 2202 Hoc
2435 2148 2578 2202 alius
2621 2148 3025 2218 disquisitionis
3067 2160 3452 2220 argumentum

1870 2249 1974 2296 est.
2002 2237 2428 2306 Verumtamen,
2475 2241 2520 2296 si
2558 2255 2669 2295 non
2716 2243 2980 2309 vetueris,
3028 2241 3125 2297 tibi
3160 2243 3451 2299 ostendere

1869 2347 2185 2402 possumus,
2208 2332 2487 2402 quomodo
2509 2334 2859 2402 generatione
2885 2344 3221 2390 commutata
3248 2335 3447 2390 iterum

1869 2432 2032 2480 natus
2073 2434 2130 2480 tu
2173 2432 2322 2481 recte
2367 2425 2602 2480 vivendo
2631 2434 2892 2481 aeternam
2926 2426 3162 2481 salutem
3215 2426 3445 2497 adipisci

1869 2516 2070 2572 valeas.

1936 2606 2130 2664 XXIV.
2170 2607 2380 2676 Quibus
2409 2609 2611 2664 auditis
2641 2606 2830 2663 Simon
2857 2609 3139 2680 respondit
3164 2628 3181 2665 :
3207 2610 3289 2665 An
3326 2627 3437 2666 non

1867 2698 2149 2773 intelligis,
2194 2702 2472 2772 quomodo
2512 2702 2854 2772 capitulatim
2908 2702 3225 2773 disquirens
3251 2705 3348 2758 tibi
3373 2706 3443 2759 ad

1864 2795 2176 2863 proximum
2234 2794 2605 2865 progredienti
2662 2804 2830 2865 caput
2880 2796 3257 2851 consenserim
3283 2798 3443 2868 quasi

1864 2885 2212 2943 satisfactusi
2280 2887 2385 2942 Sed
2435 2888 2559 2943 dedi
2609 2888 2960 2943 occasionem
3014 2886 3301 2943 inscitiam
3347 2889 3441 2945 tibi

1864 2979 2249 3049 persuadendi,
2280 2989 2342 3035 ut
2380 2981 2447 3035 ad
2474 2980 2621 3036 aliud
2650 2980 2949 3051 capitulum
2975 2995 3302 3051 progressus
3330 2990 3442 3037 tota

187 3081 321 3149 ὅπως
371 3087 556 3160 πάσης
602 3089 825 3158 ἀγνοίας
865 3107 957 3143 σου
1016 3087 1203 3161 μαθὼν
1250 3089 1324 3159 μὴ
1370 3084 1751 3157 στοχαζόμενος

1866 3070 2177 3143 ignorantia
2220 3083 2315 3129 tua
2369 3073 2586 3143 cognita
2643 3088 2753 3127 non
2805 3072 3125 3143 coniectans
3155 3084 3206 3127 te
3236 3073 3441 3143 dijudi-

187 3178 569 3245 καταγινώσκω
606 3197 719 3235 σου.
793 3180 951 3234 Ἀλλά
1002 3179 1626 3253 πεπληροφορημέ[νων]
1665 3181 1760 3235 νῦν

188 3264 279 3338 ῆδη
302 3268 350 3307 ’⁸
392 3270 562 3340 τριῶν
617 3271 841 3343 ἡμερῶν
891 3288 980 3342 μοι
1031 3269 1402 3342 συγχώρησον,
1451 3272 1546 3325 καὶ
1591 3270 1759 3325 ἐλθὼν

188 3352 328 3420 δείξω
361 3377 418 3412 σε
448 3361 620 3433 μηδὲν
667 3360 863 3415 είδότα.
907 3360 1093 3414 Ταῦτα
1113 3360 1210 3414 τοῦ
1244 3361 1485 3433 Σίμωνος
1510 3362 1757 3426 είπὸντος

189 3447 274 3500 καὶ
309 3449 502 3514 ἐξιέναι
561 3452 847 3523 μέλλοντος
882 3453 912 3506 6
955 3450 1088 3523 ἐμδς
1131 3451 1235 3522 ἔφη
1279 3454 1492 3525 πατήρ·
1540 3453 1757 3525 Βραχέα

194 3555 302 3607 μου,
332 3543 531 3614 Σίμων,
592 3546 924 3612 ἐπακούσας,
973 3545 1049 3611 ὥς
1096 3563 1177 3600 σοι
1232 3548 1385 3616 φίλον
1433 3549 1598 3613 ἐστὶν,
1653 3567 1753 3603 πο-

195 3632 351 3699 ρεύου.
393 3637 715 3709 Μέμνημαι,
754 3637 829 3702 ὡς
863 3638 964 3709 τὴν
1001 3639 1175 3711 ἀρχὴν
1202 3640 1308 3710 πρὸ
1330 3640 1430 3711 τῆς
1454 3639 1749 3713 ζητήσεως,

192 3718 258 3783 ὡς
299 3725 458 3795 μήπω
502 3728 699 3799 πεῖράν
747 3747 848 3799 μου
876 3727 1074 3794 λαϐὼν,
1102 3731 1405 3802 προλήψεις
1454 3749 1556 3803 μου
1590 3732 1753 3785 κατέ-

192 3825 352 3883 φερες.
406 3817 516 3872 Καὶ
539 3818 635 3872 νῦν
656 3819 713 3873 δὲ
752 3819 1064 3891 ἐπαλλήλως
1087 3820 1325 3885 ἀκούσας
1348 3822 1448 3893 τῆς
1473 3821 1752 3893 ζητήσεως

194 3903 274 3955 καὶ
294 3906 484 3981 Πέτρον
508 3912 557 3945 ⁷⁸
583 3913 641 3964 ὲν
678 3913 921 3984 ὑπεροχῇ
978 3913 1142 3981 γνοὺς
1188 3914 1283 3967 καὶ
1325 3913 1474 3985 αὐτῷ
1507 3913 1569 3967 τὸ
1617 3914 1752 3985 ἀλη-

194 3994 348 4051 θεύειν
380 4002 470 4057 νῦν
513 4005 658 4070 δοὺς,
699 4006 752 4059 τί
800 4024 883 4060 σοι
930 4006 1189 4078 φαίνομαι
1222 4007 1399 4081 ὀρθῶς
1431 4008 1637 4081 κρίνειν
1668 4011 1748 4063 εί-

194 4085 355 4164 δὼς,ὴ
388 4093 444 4147 οὔ
472 4113 487 4164 ;
522 4097 589 4150 Ei
636 4097 735 4168 μὲν
777 4097 886 4167 γάρ
929 4098 1106 4170 ὀρθῶς
1161 4098 1423 4170 κρίναντά
1457 4116 1523 4171 με
1559 4100 1744 4171 φαίης,

198 4177 261 4250 μὴ
305 4182 478 4258 συνθῇ,
539 4188 629 4242 ἵνα
688 4190 762 4261 μὴ
817 4190 981 4263 φαίνῃ
1019 4191 1066 4224 ⁸⁸
1117 4190 1576 4263 προειλημμένος,
1601 4195 1629 4245 6
1653 4196 1746 4247 καὶ

201 4274 316 4340 μετὰ
353 4279 631 4350 ὁμολογίαν
675 4282 850 4351 ἥττων
875 4282 921 4314 ⁸¹
974 4283 1261 4338 συνθέσθαι
1314 4284 1388 4355 μὴ
1437 4283 1627 4337 θέλων.
1680 4285 1743 4339 El

196 4362 234 4415 δ’
258 4367 351 4438 ἀρα
470 4373 646 4445 ὀρθῶς
668 4373 761 4427 τὸν
786 4375 994 4446 Πέτρον
1022 4376 1078 4428 ἐν
1125 4375 1365 4446 ὑπεροχῇ
1421 4376 1521 4445 τῆς
1577 4374 1741 4447 ζητή-
1772 4417 1815 4471 D

201 4470 313 4523 σεως
359 4464 747 4538 ἀπεφαινόμην,
778 4468 842 4521 σὺ
873 4469 1021 4539 ἡμᾶς
1056 4471 1265 4532 πεῖσον,
1292 4468 1412 4532 πῶς
1436 4469 1536 4523 οὐκ
1560 4470 1737 4541 ὀρθῶς

198 4543 465 4623 ἐκρίναμεν,
490 4557 523 4630 ἢ
548 4557 643 4610 τοῦ
665 4556 847 4629 ζητεῖν
879 4558 1029 4629 αὐτῷ
1054 4559 1147 4613 ἐπὶ
1175 4560 1392 4614 πάντων
1421 4561 1495 4633 μὴ
1520 4563 1734 4636 παύσῃ,

202 4638 299 4728 ἐπεὶ
322 4645 454 4705 ἔσται
482 4670 566 4707 σοι
598 4652 858 4707 ἑκάστοτε
896 4654 1196 4726 ἡττωμένῳ
1221 4655 1317 4708 καὶ
1342 4656 1730 4728 συντιθεμένῳ.

201 4726 326 4783 “nat
340 4736 393 4789 τὸ
412 4741 669 4795 αἰδεῖσθαι
694 4741 836 4812 ἔχεις
865 4742 974 4795 ἀπὸ
1024 4744 1240 4798 πάντων
1291 4745 1400 4798 τῶν
1448 4726 1734 4817 ἀκροατῶν

202 4817 297 4875 ἀντὶ
323 4831 565 4904 μεγίστης
588 4834 859 4906 τιμωρίας
888 4836 1419 4907 καταγινωσκομένῳ
1448 4838 1544 4890 καὶ
1569 4839 1735 4910 ἀσχη-

203 4916 407 5001 μρνοῦντι
436 4924 540 4978 ὑπὸ
568 4925 923 4997 συνειδήσεως
946 4926 993 4957 ⁸³
1019 4926 1117 4997 τὴν
1160 4927 1384 4981 σεαυτοῦ
1417 4928 1601 4998 ἀλγεῖν
1628 4932 1733 5001 ψυ-

201 5000 307 5093 λίιν
335 5008 388 5061 τὸ
412 5013 516 5087 γάρ
553 5016 867 5087 νενικῆσθαι
912 5017 1059 5088 ἔργῳ
1091 5018 1327 5090 εἴδομεν,
1354 5020 1444 5073 τὸν
1471 5020 1527 5075 δὲ
1561 5000 1734 5093 ἐπαγ-

203 5090 469 5171 γελλόμενὸν
510 5124 603 5161 σου
631 5107 785 5177 λόγον
809 5109 1141 5179 ἠκούσαμεν.
1173 5110 1354 5181 Πέρας
1379 5111 1510 5180 γοῦν
1534 5114 1633 5167 οὐκ
1657 5090 1733 5168 οῖ-

205 5197 297 5278 μαι,
341 5193 393 5246 σὲ
421 5198 509 5253 ἐπὶ
531 5199 629 5271 τὴν
656 5198 883 5273 ζήτησιν
923 5200 1085 5271 395
1112 5202 1283 5256 ἐλθεῖν
1301 5243 1315 5267 ,
1349 5202 1426 5267 ὡς
1452 5205 1691 5278 ὑπέσχου
1708 5246 1723 5271 ,

202 5268 308 5362 ᾄλλά
335 5284 449 5354 πρὸς
474 5289 553 5361 τῷ
781 5268 870 5362 ,μὴ
897 5268 1173 5345 αίτιᾶσθαι
1194 5293 1242 5324 ⁸³
1289 5293 1449 5360 ἐξιὼν
1496 5268 1724 5350 ἐπανελέ

201 5357 289 5417 θεῖν
314 5357 594 5451 hanc,"
617 5380 682 5435 εδ.

1862 3179 2004 3219 cem.
2036 3163 2142 3219 Sed
2166 3174 2279 3221 tres
2308 3182 2433 3221 cum
2475 3166 2588 3237 jam
2630 3167 2991 3237 praeterierint
3033 3167 3172 3232 dies,
3221 3183 3438 3221 mecum

1859 3255 2068 3312 dissere
2089 3265 2143 3312 et
2168 3258 2538 3313 continuando
2561 3272 2665 3328 ego
2693 3258 2976 3312 ostendam
3027 3267 3080 3312 te
3108 3258 3245 3312 nihil
3274 3258 3435 3314 scire.

1859 3345 1986 3403 Haec
2020 3364 2144 3404 cum
2170 3348 2360 3404 Simon
2402 3349 2618 3405 locutus
2642 3358 2789 3404 esset
2815 3357 2869 3403 et
2894 3348 3046 3402 exire
3069 3348 3248 3414 vellet,
3279 3359 3438 3418 pater

1857 3455 2015 3497 meus
2066 3441 2246 3497 dixit:
2290 3440 2579 3497 Paululum
2642 3457 2730 3496 me
2790 3442 3064 3506 ausculta,
3129 3442 3339 3507 Simon,
3378 3450 3437 3497 et

1854 3540 2068 3602 postea,
2113 3532 2159 3588 si
2198 3533 2368 3600 lubet,
2396 3532 2757 3602 proﬁciscere.
2804 3532 3026 3586 Memini
3058 3540 3111 3586 te
3137 3532 3293 3586 initio
3318 3533 3445 3589 (ἥς-ι,

1854 3624 2181 3694 putationis,
2233 3624 2391 3694 quasi
2462 3639 2549 3679 me
2590 3639 2700 3679 non
2746 3622 3096 3694 cegnoveris,
3141 3625 3436 3680 divinatio-

1854 3731 1952 3772 nes
2011 3732 2161 3770 mcas
2208 3715 2623 3785 contempsisse.
2695 3714 2801 3771 Sed
2867 3716 2981 3787 jam
3027 3731 3153 3771 cum
3207 3716 3435 3772 alterius

1850 3812 2022 3883 partis
2077 3811 2517 3882 disquisitionem
2573 3810 2899 3878 audiverim,
2928 3821 3144 3869 rectene
3187 3812 3284 3867 tibi
3314 3822 3431 3867 sta-

1851 3916 2005 3961 tuere
2033 3905 2224 3960 videor
2256 3920 2325 3960 an
2355 3920 2487 3969 non,
2537 3905 2585 3960 si
2611 3904 2832 3961 Petrum
2866 3907 3274 3976 tesuperiorem
3308 3921 3430 3961 cre-

1848 3996 2105 4062 diderim,
2146 4010 2383 4065 eumque
2408 4010 2599 4050 verum
2650 3996 2835 4052 dicere
2872 3997 3138 4051 confitear
3166 3998 3189 4051 ?
3219 3995 3275 4051 Si
3301 3997 3427 4066 qui-

1847 4087 1970 4143 dem
2015 4094 2161 4141 recte
2206 4101 2293 4141 me
2339 4101 2563 4143 censere
2603 4086 2769 4155 dicis,
2818 4089 2929 4143 noli
2977 4089 3204 4159 pacisci,
3250 4105 3317 4143 ne
3340 4090 3428 4142 vi-

1848 4177 2035 4234 dearis
2082 4178 2335 4249 quamvis
2381 4190 2795 4249 praeoccupatus
2840 4180 2924 4235 vel
2975 4196 3043 4236 ex
3073 4197 3342 4236 consensu
3374 4189 3443 4234 et-

1845 4269 2023 4325 victus
2068 4269 2213 4325 nolle
2268 4269 2586 4325 concedere.
2645 4269 2743 4325 Sin
2782 4270 3002 4326 Petrum
3061 4272 3115 4325 in
3169 4272 3426 4341 disputa-

1846 4364 1996 4419 tione
2034 4362 2369 4433 superiorem
2409 4377 2533 4417 esse
2572 4378 2682 4417 non
2709 4373 2856 4420 recte
2901 4364 3276 4430 ostendebam,
3305 4380 3427 4433 per-

1843 4455 2013 4511 suade
2043 4455 2224 4522 nobis,
2277 4455 2554 4526 quomodo
2585 4472 2692 4511 non
2725 4465 2869 4512 recte
2896 4457 3299 4521 censuerimus,
3330 4464 3427 4511 aut

1844 4548 1957 4603 noli
1993 4563 2213 4604 cessare
2250 4564 2281 4603 a
2320 4549 2708 4619 disquisitione
2752 4563 2937 4603 coram
2984 4548 3263 4612 omnibus,
3290 4564 3419 4602 cum

1841 4640 1941 4696 tibi
1999 4641 2326 4697 alterutrum
2381 4642 2583 4713 eligere
2631 4640 2817 4695 licebit
2849 4648 2986 4699 .aut
3028 4641 3277 4710 superari
3326 4648 3424 4694 aut

1839 4748 2191 4804 componere.
2241 4732 2345 4789 Sed
2376 4742 2436 4789 tu
2479 4732 2714 4788 fortasse
2756 4731 2961 4801 pudere
3006 4744 3194 4785 coram
3239 4730 3423 4784 omni-

1839 4829 1945 4884 bus
1993 4828 2339 4884 auditoribus
2393 4827 2690 4882 maximam
2740 4833 2903 4896 putas
2959 4836 3177 4894 poenam
3206 4822 3278 4886 ei,
3322 4824 3418 4894 qui

1836 4921 2171 4993 dijudicatus
2195 4931 2298 4988 est,
2329 4921 2456 4994 quia
2496 4928 2675 4989 partes
2713 4917 2855 4973 male
2880 4918 3070 4984 egerit;
3098 4924 3153 4970 et
3181 4931 3249 4970 ex
3280 4927 3421 4970 con-

1839 5013 2071 5071 scientia
2098 5013 2343 5068 dolorem
2395 5010 2668 5081 patiatur;
2698 5025 2823 5065 nam
2868 5011 3073 5064 victum
3100 5016 3153 5062 te
3179 5022 3305 5063 esse
3358 5023 3425 5062 re

1838 5110 1957 5178 ipsa
1988 5108 2217 5174 scimus,
2251 5121 2379 5161 cum
2407 5104 2711 5159 orationem
2743 5118 2775 5158 a
2817 5113 2867 5158 te
2896 5105 3163 5173 prolatam
3190 5100 3416 5156 audive-

1838 5200 2033 5255 rimus.
2082 5196 2347 5253 Prazterea
2406 5213 2627 5268 quoque
2691 5212 2802 5251 non
2854 5196 3019 5251 credo
3070 5204 3123 5251 te
3195 5195 3413 5250 venisse

1835 5291 1904 5347 ad
1929 5290 2381 5362 disputationem,
2405 5288 2864 5361 quemadmodum
2894 5289 3228 5359 promiseras
3246 5329 3262 5354 ,
3288 5286 3406 5352 sed,

1836 5401 1906 5441 ne
1945 5383 2220 5455 arguaris,
2249 5383 2554 5438 rediturum
2591 5394 2644 5438 te
2671 5382 2860 5439 exiens
2883 5380 3203 5453 promisisti.

1322 5492 1331 5501 ’
1416 5501 1647 5558 VARle
1687 5502 2093 5560 LECTIONES.

256 5569 301 5652 ’ξ
321 5586 529 5647 γεγονὼς
555 5586 617 5641 Ο.
658 5587 803 5645 "ita
836 5592 1001 5646 scrib.
1025 5602 1216 5647 monet
1247 5596 1603 5652 amanuensis
1637 5597 1844 5652 codicis
1874 5596 1919 5651 Ο

1338 5682 1388 5734 p.
1647 5668 1749 5777 ζναέ
1768 5666 1843 5738 μὴ
1877 5666 2045 5777 φαίεέῃ
2081 5659 2204 5725 dedi
2226 5682 2292 5723 ex
2332 5666 2650 5738 conjectura
2676 5668 2768 5741 ,δὲ
2804 5673 2868 5726 σὺ
2901 5668 3069 5777 («alvu
3099 5668 3160 5721 0.
3238 5665 3279 5697 ⁸⁸
3305 5659 3403 5738 ἦτ-

384 5628 647 5730 θξᾼπνέτρος
754 5701 769 5724 ,
789 5663 881 5730 qui
911 5628 1221 5718 dein-(lie,

1964 5596 2318 5666 inmargine,
2348 5594 2566 5658 ἀσεϐεῖς
2600 5595 2651 5650 in
2673 5607 2841 5653 textu.
2884 5599 2929 5630 ⁷⁷
2966 5595 3061 5651 τοῦ
3097 5600 3158 5650 0.
3234 5593 3281 5666 ’Ψ
3307 5591 3403 5666 ξῦν

203 5714 277 5760 ταν
300 5713 350 5772 θ.
410 5722 449 5758 ⁸³
481 5713 878 5805 συῦειδηάσεῶᾀς
897 5713 1103 5788 δίῃ-ᾖν
1122 5713 1389 5791 άὲἔεῖξθᾶί
1568 5736 1615 5769 ⁸⁸
1649 5713 2050 5811 ὄτξέὲχῆτταῖ
