3860 6210
411 332 511 386 M7

1272 322 1329 380 S.
1372 318 1765 379 CLEMENTIS
1798 321 1818 376 l
1858 316 2023 373 ROM.
2066 313 2265 370 PONT.
2309 308 2536 366 OPERA
2576 304 2800 362 DUBIA.

3565 291 3677 347 M8

483 442 651 498 XXV.
697 441 775 497 Ac
838 441 1049 507 Simon,
1108 457 1231 497 cum
1279 443 1395 497 haec
1444 441 1706 507 audisset,
1747 456 1857 511 pra:
1904 439 1984 493 ira

2164 428 2330 485 XXV.
2385 428 2443 483 ὐ
2472 426 2529 481 δὲ
2554 425 2733 496 Σίμων
2764 404 2933 474 ταῦτα
2953 413 3190 475 ἀκούσας
3221 408 3324 463 ὖπδ

408 536 668 592 dentibus
730 536 968 591 stridens
1018 538 1180 591 tacite
1222 536 1378 591 abiit.
1422 533 1619 589 Petrus
1651 541 1835 588 autem
1860 546 1985 585 cum

409 645 519 683 non
564 644 798 699 paucum
853 629 1115 697 temporis
1153 627 1259 681 diei
1303 634 1635 696 superesset,
1680 624 1897 695 aegrotis
1921 623 1987 677 ad

409 722 717 775 sanandum
776 722 1028 775 manibus
1094 720 1389 790 impositis,
1449 719 1853 774 multitudinem
1902 719 1987 774 die

409 815 583 882 misit,
622 830 857 884 cumque
894 813 1257 868 familiaribus
1289 813 1512 867 domum
1546 812 1827 883 ingressus
1851 826 1986 865 con-

409 907 567 961 sedit.
618 906 757 961 Tum
791 908 1051 962 comitum
1094 922 1261 972 unus,
1292 906 1377 959 cui
1416 902 1710 973 SOphonize
1740 919 1938 958 nomen
1969 921 1984 958 :

408 997 754 1064 Benedictus,
784 1000 981 1068 inquit,
1015 998 1085 1052 sit
1123 995 1285 1059 Dens,
1333 994 1428 1064 qui
1482 1004 1554 1056 te,
1586 992 1769 1057 Petre,
1801 994 1985 1064 elegit,

407 1100 468 1145 ut
498 1091 653 1162 probi
692 1092 977 1160 sapientia:
1015 1089 1363 1159 acquiescere
1409 1096 1653 1157 possent.
1698 1086 1833 1141 Nam
1862 1103 1987 1143 vere

408 1182 697 1252 magniﬁce
724 1193 777 1235 et
804 1198 929 1236 cum
962 1181 1223 1251 patientia
1253 1188 1447 1233 contra
1488 1177 1767 1234 Simonem
1793 1179 1987 1248 dispu-

405 1273 555 1327 tasti.
594 1272 748 1327 Nunc
782 1289 813 1326 a
849 1282 900 1326 te
939 1272 1217 1341 petimus,
1245 1280 1304 1324 nt
1326 1279 1380 1325 et
1408 1270 1568 1325 nobis
1592 1271 1659 1325 de
1687 1271 1845 1324 malis
1874 1271 1981 1325 col-

407 1365 672 1434 quuaris,
711 1375 992 1433 sperantes
1038 1363 1413 1433 genuiniorem
1447 1370 1499 1416 te
1527 1362 1683 1416 nobis
1713 1362 1983 1416 facturum

406 1470 739 1519 sermonem,
792 1470 899 1507 non
941 1464 1121 1509 autem
1149 1470 1261 1524 1am
1301 1458 1401 1509 bac
1431 1454 1582 1518 hora,
1624 1453 1717 1509 sed
1769 1469 1913 1518 cras,
1938 1454 1984 1508 si

404 1550 504 1603 tibi
536 1551 712 1619 placet
743 1566 757 1603 :
791 1548 991 1603 etenim
1044 1546 1378 1617 parcendum
1410 1547 1503 1600 tibi
1540 1556 1624 1601 est
1652 1546 1723 1600 ob
1748 1545 1982 1610 labores,

403 1662 545 1716 quos
576 1645 629 1698 in
655 1642 1040 1712 disquisitione
1087 1641 1378 1711 pertulisti.
1414 1640 1719 1710 Respondit
1745 1638 1980 1693 Petrus:

406 1736 560 1790 Scire
608 1750 708 1791 vos
756 1734 902 1798 volo,
947 1733 1087 1786 inter
1128 1732 1276 1801 ipsos
1305 1731 1520 1785 labores
1584 1746 1710 1785 eum
1761 1729 1983 1797 acquie-

403 1842 577 1889 scere,
622 1826 714 1895 qui
754 1825 1004 1880 lubenter
1028 1823 1261 1888 laborat,
1307 1838 1458 1884 cum,
1491 1820 1584 1890 qui
1618 1819 1821 1874 invitus
1850 1835 1982 1888 ope-

405 1921 574 1979 retur,
609 1913 661 1966 in
706 1913 820 1982 ipsa
869 1912 1051 1982 quiete
1101 1910 1183 1965 vel
1229 1912 1467 1964 maxime
1517 1910 1748 1964 laboret.
1798 1908 1983 1978 Itaque

404 2005 698 2059 maximam
728 2004 862 2058 mihi
895 2005 1288 2058 rccreationem
1321 2002 1596 2072 praebetis,
1627 2001 1674 2057 si
1700 2016 1786 2055 me
1815 2001 1883 2055 de
1914 2000 1982 2055 iis

402 2096 641 2166 colloqui
689 2095 893 2160 facitis,
951 2112 1073 2166 qua:
1102 2097 1237 2151 mihi
1270 2096 1325 2149 in
1356 2094 1567 2149 deliciis
1620 2102 1766 2149 sunt.
1798 2091 1877 2147 Ita
1915 2093 1983 2149 de

400 2186 634 2241 oonsilio
680 2186 799 2257 ejus
856 2187 1121 2242 satisfacti
1165 2197 1217 2242 et
1269 2185 1581 2241 lassitudini
1638 2185 1981 2254 indulgentes

403 2280 717 2349 rogavimus
748 2290 807 2334 ut
848 2281 902 2334 in
956 2289 1171 2342 noctem
1201 2280 1465 2347 differret,
1513 2278 1978 2349 quemadmodum

402 2386 522 2425 mos
564 2371 773 2427 cierat
821 2387 945 2426 cum
1020 2372 1384 2428 familiaribus
1453 2370 1824 2441 colloquendi.
1901 2370 1979 2425 Ac

400 2470 587 2532 postea
608 2461 730 2518 cibo
764 2473 983 2533 sumpto
1008 2464 1075 2517 ad
1104 2479 1357 2519 somnum
1389 2463 1638 2519 conversi
1669 2476 1881 2517 sumus.

968 2781 1257 2838 llOMllJA
1293 2780 1415 2836 XX.

469 2895 511 2950 l.
554 2894 659 2951 Ubi
693 2905 856 2951 noctu
887 2897 1149 2962 surrexit,
1204 2896 1362 2951 nobis
1404 2893 1803 2965 expergefactis
1834 2909 1971 2950 con-

395 2988 537 3043 sedit
585 2989 885 3043 secundum
923 3003 1131 3043 morem
1176 2997 1230 3043 et
1274 2988 1452 3042 dixit:
1485 2986 1821 3057 lnterrogate
1861 3002 1969 3047 me.

394 3082 465 3134 de
495 3080 697 3149 quibus
723 3080 891 3135 lubet.
930 3078 1067 3134 Tum
1106 3078 1419 3149 Sophonias
1459 3079 1671 3149 primus
1692 3078 1744 3133 ei
1788 3078 1970 3133 dicere

2087 526 2303 586 ὀδόντας
2359 518 2580 592 βρύξας,
2642 513 2860 569 σιωπῶν
2930 504 3217 592 ἐπορεύθη.
3270 502 3328 592 ’ρ
3457 498 3681 568 Πέτρος

2089 615 2169 668 ἔτι
2202 585 2481 681 ὥρας’όύκ
2528 605 2713 673 ὀλίγης
2758 599 2923 668 οῦσης
2950 594 3041 647 τὸν
3084 590 3249 645 πολὺν
3299 585 3454 681 όχλον
3484 598 3683 654 χειρο-

2089 677 2322 775 θετήσας
2354 698 2492 769 πρὸς
2519 697 2661 749 ῑασιν
2704 692 2799 746 καὶ
2844 686 3139 749 ἀπολύσας,
3197 678 3359 777 μετὰΔ
3378 677 3486 777 τῶν
3535 690 3678 777 συν-

2087 772 2399 869 ηθεστέρων
2426 788 2609 845 εἰσιὼν
2636 787 2773 841 οἴκοι
2836 778 3125 848 ὲκαθέσθη.
3441 785 3523 831 τις
3553 772 3677 869 τῶν

2086 856 2394 943 ἀκολούθων
2444 879 2719 953 Σοφωνίας
2741 878 2787 909 ⁸⁵
2819 876 2987 944 ὄνομα
3032 870 3133 940 ἔφη
3153 884 3167 897 ·
3205 863 3527 933 Εύλόγηται,
3556 856 3677 911 Πέ-

2085 998 2200 1052 τρε,
2227 983 2255 1035 6
2287 978 2441 1042 Θεὸς,
2470 978 2499 1029 6
2532 968 2889 1041 έκλεξὰμενός
2940 983 2999 1018 σε
3047 962 3143 1016 καί¹
3191 957 3383 1052 σοφίας
3414 954 3674 1052 ἀναπαύ-

2089 1047 2226 1138 σεως
2261 1073 2358 1145 μὲν
2394 1072 2580 1156 ἓνεὶιεν
2612 1066 2718 1119 τῶν
2764 1057 3146 1131 εὐγνωμόνωνο
3181 1049 3396 1156 ἀληθῶς
3420 1047 3529 1156 γαρ
3565 1061 3676 1116 με-

2085 1138 2275 1237 γάλως.
2320 1164 2412 1218 καὶ
2457 1138 2794 1227 ἆνεξικάκως
2849 1147 3211 1239 διειλέχθηςὴθίι
3238 1138 3673 1239 πρδςμξίμνωνα-

2086 1229 2196 1309 Kal
2218 1258 2349 1327 ἡμῖν
2376 1254 2432 1307 δὲ
2461 1250 2591 1322 περί
2625 1243 2875 1317 πονηρῶν
2921 1235 3260 1309 διαλεχθῆναί
3297 1250 3355 1330 σε
3382 1229 3673 1330 ἀξιοῦμεν,

2086 1320 2393 1411 ἐλπίζοντες
2424 1320 2786 1415 γνησιώτερόν
2817 1352 2875 1388 σε
2904 1335 3033 1405 ἡμῖν
3061 1329 3151 1382 τὸν
3198 1325 3323 1395 περὶ
3570 1320 3675 1415 ὲκ-

2086 1406 2247 1511 φάνανι
2272 1406 2449 1506 λόγον,
2504 1406 2599 1487 καὶ
2643 1406 2815 1483 ταῦτα
2863 1424 2961 1477 οὐκ
2992 1420 3159 1490 αὐτῆς
3190 1416 3381 1511 ὥρας,.
3410 1410 3524 1465 ἀλλ’
3562 1406 3673 1511 a351-

2089 1499 2222 1604 ριον,
2255 1529 2309 1583 εἴ
2339 1499 2418 1582 σοι
2437 1499 2594 1596 φίλον
2629 1520 2774 1575 ἐστίν
2794 1536 2806 1549 ·
2846 1505 3426 1604 συγγινώσκομεν
3462 1519 3541 1555 σοι

2082 1592 2217 1686 τοὺς.
2242 1622 2307 1673 ὲκ
2336 1618 2436 1689 τῆς
2458 1592 2740 1685 ζητήσεως
2764 1607 3061 1679 καμάτους,
3108 1601 3217 1654 Kal.
3248 1600 3276 1652 6
3298 1596 3544 1689 Πέτροςῖ
3572 1592 3674 1689 Εἰ-

2083 1682 2230 1768 δέναι
2261 1682 2404 1783 ὑμᾶς
2437 1682 2595 1771 θέλω,
2630 1705 2758 1759 ὃτιό
2800 1698 2938 1772 μετὰ
2962 1693 3153 1767 ἡδονῆς
3179 1682 3671 1783 ποιῶν-τούπ’.μύ-

2013 1795 2056 1850 B
2082 1807 2192 1861 τῶν
2223 1774 2331 1858 τῶν
2356 1801 2617 1873 καμάτων
2654 1792 3006 1852 ἀναπαύεται,
3033 1788 3106 1859 μὴ
3138 1782 3308 1837 ποιῶν
3415 1774 3673 1873 apam-

2082 1916 2173 1953 ται
2214 1898 2309 1951 ὑπ’
2349 1868 2517 1963 αὐτῆς
2547 1890 2649 1961 τῆς
2685 1882 3044 1942 ἀναπαύσεως
3076 1876 3273 1946 κάμνει
3305 1868 3666 1963 τὰ-μέγιστα..

2084 1992 2247 2059 Ὥστε
2283 2004 2371 2059 μοι
2401 1954 2709 2053 τὰπμεγόλα
2737 1976 2835 2046 τῆς
2872 1966 3230 2059 ἀναπαύσεως
3273 1957 3563 2059 χαρίζε-σθε
3595 1954 3670 2008 τὰ

2081 2051 2205 2154 ιμέι
2238 2051 2366 2150 φίλα
2412 2051 2751 2143 διαλέγεσθαι
2800 2062 3098 2122 ποιοῦντες.
3128 2052 3395 2154 navem
3420 2052 3486 2119 τῇ

2082 2147 2292 2245 αιρέσει
2370 2165 2535 2222 αὐτοῦ
2611 2154 3031 2231 ὲξαρκεσθέντες
3076 2148 3174 2203 καὶ
3205 2147 3336 2245 aet;
3393 2147 3668 2245 καματοις

2084 2232 2407 2335 συγγνόντες
2436 2262 2513 2323 εἰς
2539 2257 2636 2329 τὴν
2683 2253 2852 2307 νύκτα
2876 2248 2944 2313 ⁸⁷,
2970 2245 3047 2309 ὡς
3091 2241 3237 2312 αὐτῷ
3410 2232 3479 2306 ἦν
3522 2233 3668 2335 προς

2079 2325 2212 2422 τούς
2238 2325 2687 2425 γνησι[ωτέρούς]
2726 2340 2999 2412 λέγεσθαι,
3046 2335 3143 2407 τὴν
3192 2330 3482 2425 ὑπέρθεσιν
3508 2325 3667 2425 γενέ-

2081 2418 2204 2501 σθαι
2249 2418 2609 2513 ἦξιιίίσαμέν.
2658 2418 2769 2491 Kal.
2800 2432 2864 2505 δὴ
2932 2427 3077 2483 ἁλῶν
3141 2421 3531 2497 μεταλαϐόντες
3581 2418 3667 2481 εἰς

1994 2570 1997 2573 λ
2081 2538 2249 2593 ὕπνον
2283 2530 2668 2606 [ὲτράῙπημεν.

2566 2757 2733 2832 396
2780 2751 3041 2809 'OMIAIA
3075 2750 3160 2803 κν.

2146 2880 2187 2935 l.
2228 2878 2462 2948 Νύκτωρ
2494 2874 2551 2928 δὲ
2579 2867 2866 2930 διαναστὰς
2898 2864 2995 2919 καὶ
3024 2861 3307 2922 διυπνίσας
3329 2856 3497 2929 ἡμᾶς,
3519 2852 3665 2948 καθ-

2073 2972 2253 3035 εσθεὶς
2310 2940 2554 3041 συνήθως
2612 2965 2749 3035 ἔφη’
2803 2956 3145 3013 Πυνθάνεσθέ
3214 2971 3337 3025 μου,
3396 2949 3526 3021 περί
3581 2940 3662 3000 ῶν

2076 3064 2347 3138 βούλεσθε.
2395 3061 2505 3115 Kal.
2528 3061 2557 3113 6
2586 3054 2862 3127 Σοφωνίας
2926 3048 3078 3121 αύτῷ
3158 3046 3375 3120 πρῶτος
3401 3042 3659 3138 ,ἧρξατοο

394 3134 621 3240 increpit
651 3169 918 3240 :Explica
964 3170 1121 3225 nobis
1163 3134 1376 3226 discere
1429 3134 1803 3240 cupientibus,
1838 3169 1969 3240 quid

2080 3134 2200 3221 Πῶς
2228 3156 2394 3217 ὅντως
2422 3155 2451 3207 6
2475 3149 2605 3222 περί
2645 3144 2884 3217 πονηροῦ
2922 3144 3078 3212 λόγος
3123 3140 3258 3211 ἔχει,
3296 3134 3662 3240 ἐπιθρμοῦσιν

394 3279 586 3332 reapse
612 3265 679 3320 de
708 3266 849 3319 malo
896 3263 968 3318 sit
1009 3263 1376 3318 sentiendum.
1424 3258 1494 3316 Et
1520 3261 1714 3317 Petrus
1755 3281 1770 3318 :
1815 3261 1960 3328 Jam,

395 3358 591 3427 inquit,
623 3359 677 3413 in
705 3357 1076 3428 disputatione
1121 3372 1247 3413 cum
1292 3355 1519 3411 Simone
1565 3356 1751 3411 habita
1780 3356 1833 3411 id
1867 3356 1967 3411 de-

393 3451 719 3516 monstravi,
761 3451 887 3505 licet
937 3450 1104 3504 variis
1138 3449 1193 3502 in
1222 3449 1481 3518 capitulis
1511 3464 1622 3503 non
1680 3447 1969 3517 perspicue

397 3543 780 3610 apparuerint,
829 3557 954 3612 quae
996 3541 1064 3595 de
1109 3555 1176 3595 eo
1218 3539 1495 3606 disserui;
1545 3539 1719 3593 multa
1768 3538 1969 3607 quippe

388 3637 628 3706 capitula
678 3638 879 3706 quibus
921 3636 1003 3690 vis
1061 3637 1252 3691 deesse
1279 3636 1496 3689 videtur
1524 3648 1682 3703 aequo
1730 3633 1966 3699 veritati,

390 3726 554 3778 etiam
602 3724 938 3779 multitudini
991 3726 1241 3783 notitiam
1289 3725 1530 3794 aliquam
1563 3724 1674 3779 veri
1705 3725 1969 3793 suppedi-

388 3824 509 3869 tant
536 3833 551 3869 :
583 3815 657 3870 ita
682 3826 740 3870 ut
770 3816 814 3870 si
848 3832 992 3869 nunc
1020 3815 1177 3869 vobis
1213 3815 1416 3881 dicam,
1460 3831 1582 3885 quae
1613 3824 1727 3870 tum
1757 3813 1967 3870 Simoni

388 3907 506 3961 dixi
539 3922 635 3976 per
665 3908 833 3962 multa
870 3907 1131 3976 capitula,
1175 3907 1341 3961 nolite
1370 3908 1611 3972 credere,
1646 3921 1743 3961 vos
1769 3906 1964 3961 eodem

388 3998 555 4053 modo
570 3998 824 4053 honorari
840 4016 903 4054 ac
921 3999 1092 4053 illum.
1116 3998 1179 4053 Et
1196 3998 1535 4068 SOphonias:
1563 3996 1747 4060 Recte,
1768 3995 1965 4065 inquit,

385 4091 527 4146 dicis
551 4108 566 4157 ;
617 4107 741 4146 nam
769 4092 813 4145 si
841 4107 984 4146 nunc
1006 4092 1164 4146 nobis
1201 4106 1266 4145 ex
1302 4091 1487 4145 multis
1515 4101 1645 4144 tunc
1673 4087 1960 4158 perhibitis

385 4181 643 4251 capitulis
672 4182 887 4245 delinis,
933 4181 1078 4251 quod
1105 4196 1291 4235 verum
1326 4181 1395 4235 sit
1414 4180 1615 4234 clarius
1640 4176 1915 4233 ostendes.

458 4273 523 4330 ll.
556 4272 694 4328 Tum
746 4272 984 4328 Petrus:
1016 4272 1135 4327 Jam
1181 4272 1384 4338 audite,
1432 4272 1629 4342 inquit,
1682 4274 1967 4327 veritatem

383 4366 453 4421 de
482 4374 628 4420 recta
678 4364 805 4419 mali
854 4363 1161 4417 harmonia.
1208 4362 1352 4421 Dens
1377 4362 1594 4418 duobus
1626 4363 1809 4434 regnis
1834 4364 1968 4418 deti-

383 4458 516 4512 uitis
545 4458 656 4511 duo
682 4473 899 4527 qunque
926 4472 1039 4510 :eva
1084 4455 1389 4519 constituit,
1446 4454 1592 4509 malo
1639 4467 1962 4525 praasentem

385 4548 651 4603 mundum
696 4549 1009 4611 assignans,
1051 4546 1181 4616 quia
1220 4546 1398 4600 brevis
1431 4546 1694 4615 temporis
1722 4546 1961 4616 spatium

2080 4524 2265 4595 κρίνας
2292 4524 2369 4595 τῷ
2400 4521 2621 4593 πονηρῷ
2650 4520 2705 4573 δε

381 4648 668 4706 permanet
700 4639 1061 4707 celeriterque
1113 4637 1330 4701 transit,
1385 4637 1529 4691 bono
1567 4647 1747 4691 autem
1780 4654 1838 4693 se
1862 4639 1963 4693 da-

382 4740 569 4786 turum
594 4732 846 4801 promisit
879 4732 1141 4785 mundum
1168 4730 1437 4796 futurum,
1460 4730 1717 4799 grandem
1748 4732 1963 4801 quippe

382 4831 549 4893 atque
579 4831 865 4876 aeternum.
906 4822 983 4876 Ac
1032 4822 1310 4875 hominem
1364 4820 1571 4875 creavit
1604 4821 1780 4875 libero
1811 4822 1961 4875 arbi-

381 4916 491 4969 trio
531 4914 842 4984 praeditum,
876 4924 934 4970 ut
982 4914 1241 4969 facultate
1287 4913 1512 4983 polleret
1565 4911 1865 4966 inclinandi
1891 4913 1957 4966 ad

385 5010 617 5079 agenda,
655 5026 776 5080 quae
804 5010 853 5064 ei
880 5010 1173 5078 placerent.
1224 5005 1290 5059 Et
1330 5020 1531 5074 corpus
1561 5004 1683 5074 ejus
1713 5005 1959 5073 triparti-

385 5109 501 5153 tum
529 5107 634 5163 est,
687 5113 812 5152 cum
863 5098 1128 5167 originem
1178 5095 1343 5149 ducat
1390 5108 1459 5146 ex
1513 5091 1749 5146 femineo
1784 5109 1797 5158 ;
1832 5096 1972 5145 nam'

383 5191 635 5245 aﬂ'ectum
677 5199 759 5244 est
808 5188 1144 5259 cupiditate,
1185 5184 1265 5240 ira
1291 5227 1306 5250 ,
1358 5186 1505 5239 luctu
1550 5190 1606 5239 et
1634 5198 1756 5253 quae
1802 5184 1867 5237 ad
1895 5197 1957 5237 ea

383 5285 676 5354 pertinent.
709 5279 885 5336 Simili
920 5281 1082 5333 modo
1112 5278 1339 5348 spiritus
1365 5292 1490 5331 cum
1532 5291 1640 5330 non
1675 5277 1837 5329 trium
1864 5292 1958 5345 ge-

384 5393 574 5430 nerum
602 5374 693 5440 sit,
748 5372 844 5428 sed
896 5371 1112 5441 triplex,
1146 5377 1299 5423 ortus
1324 5385 1389 5423 ex
1434 5366 1681 5422 masculo
1700 5375 1754 5421 et
1781 5382 1952 5436 capax

380 5477 463 5523 est
489 5464 869 5526 ratiocinandi.
910 5460 1299 5532 cognoscendi,
1342 5460 1614 5514 metuendi
1646 5468 1699 5513 et
1734 5473 1951 5521 eorum,

2074 3251 2205 3321 ἡμῖν
2255 3246 2442 3318 μαθεῖν
2494 3243 2795 3313 ὑφήγησαι.
2846 3236 2955 3291 Kal
2990 3238 3019 3288 6
3055 3232 3291 3303 Πέτρος·
3336 3227 3476 3321 ξῌδη
3534 3224 3660 3321 μὲεί,

2073 3314 2200 3410 ἔφη,
2229 3314 2325 3391 καὶ
2351 3334 2437 3388 διὰ
2461 3333 2560 3404 τῆς
2594 3328 2731 3402 πρὸς
2753 3328 2972 3400 Σίμωνα
2997 3323 3283 3389 διαλέξεως
3302 3318 3560 3410 ὲξέφηνα,
3578 3314 3660 3386 τῷ

2070 3433 2127 3486 δὲ
2157 3432 2254 3486 σὺν
2292 3428 2501 3500 ἑτέροις
2529 3419 2840 3492 κεφαλαίοις
2896 3418 2964 3472 τὰ
3004 3416 3131 3488 περί
3159 3412 3323 3468 αὑτοῦ
3375 3409 3660 3481 εἰρηκέναι

2070 3526 2132 3579 ού
2160 3524 2301 3578 πάνυ
2324 3520 2512 3591 σαφῶς
2542 3514 2847 3587 ἐφωτίσθη·
2879 3508 3049 3564 πολλὰ
3085 3508 3194 3579 γὰρ
3236 3504 3508 3573 κεφάλαια
3542 3503 3659 3554 ἰσο-

2070 3619 2329 3688 δυναμεῖν
2351 3615 2608 3669 δοκοῦντα
2640 3613 2719 3685 τῷ
2748 3610 2937 3681 ἀληθεῖ
2966 3605 3130 3661 αὑτοῦ
3164 3602 3256 3657 τοῦ
3288 3598 3521 3671 ἀληθοῦς
3541 3598 3659 3659 τοῖς

2073 3710 2281 3765 πλείοσι
2320 3708 2550 3780 παρέχει
2590 3706 2713 3760 τινὰ
2762 3703 2990 3774 γνῶσινο
3037 3699 3200 3780 ὥστε,
3252 3694 3347 3748 ἐὰν
3384 3691 3481 3746 νῦν
3527 3691 3658 3780 ὑμῖν

2073 3801 2232 3863 εἴπω,
2264 3798 2300 3853 ἃ
2330 3774 2627 3868 τότε-μετὰ
2679 3793 2888 3848 πολλῶν
2928 3774 3169 3862 εἰρήκῖιν
3225 3781 3538 3852 κεφαλαίων
3575 3779 3660 3850 τῷ

2072 3892 2299 3963 Σίμωνι,
2335 3889 2408 3961 μὴ
2437 3887 2654 3959 οἰηθῆτε
2697 3885 2787 3959 ῐσῃ
2829 3882 2984 3953 αὐτῷ
3005 3882 3138 3951 τιμῇ
3161 3873 3509 3947 τετιμῆσθαι.
3545 3872 3662 3926 Ka‘t

2070 3984 2099 4035 6
2130 3981 2408 4051 Σοφωνίας
2430 3997 2444 4010 ·
2495 3977 2721 4050 Ὀρθῶς,
2768 3976 2895 4045 ἔφη,
2952 3972 3162 4041 λέγεις·
3186 3970 3235 4023 εἰ
3256 3968 3351 4023 νῦν
3387 3965 3498 4036 γὰρ
3523 3966 3663 4035 ἡμῖν

2070 4075 2136 4127 ὲκ
2185 4072 2397 4127 πολλῶν
2440 4070 2550 4124 τῶν
2587 4070 2711 4122 τότε
2769 4064 3071 4137 εἰρημένων
3111 4058 3420 4129 κεφαλαίων
3460 4054 3663 4126 ἀφορί-

2071 4160 2204 4224 ζεις,
2243 4157 2377 4212 αὐτὸ
2401 4157 2462 4210 τὸ
2495 4156 2692 4227 ἀληθὲς
2725 4156 2971 4225 ποιήσεις
2994 4147 3390 4221 φανερώτερον.

2143 4248 2208 4304 ll.
2252 4249 2363 4301 Kal.
2390 4251 2418 4302 6
2444 4249 2651 4318 Πέτρος
2670 4264 2683 4277 ·
2724 4245 3037 4307 Ἀκούσατε,
3088 4242 3216 4313 ἔφη,
3242 4234 3532 4307 τοιγαροῦν
3556 4236 3661 4307 τῆς

2071 4339 2199 4412 περί
2241 4338 2337 4393 τοῦ
2379 4337 2616 4411 πονηροῦ
2675 4336 2937 4409 ἁρμονίας
2981 4332 3077 4405 τὴν
3119 4330 3397 4402 ἀλήθειαν.
3434 4326 3492 4381 Ὀ
3521 4326 3659 4390 Θεὸς

2071 4432 2165 4487 δύο
2215 4433 2491 4503 βασιλείας
2531 4431 2721 4503 ὁρίσας
2757 4427 2970 4482 καὶδύο
3006 4424 3210 4487 αἰῶνας
3265 4421 3656 4490 συνεστήσατο,

2707 4517 2893 4573 δὸσθαι
2927 4516 3019 4569 τὸν
3049 4514 3294 4585 παρόντα
3328 4510 3532 4581 κόσμον
3567 4507 3659 4561 διὰ

2072 4615 2132 4668 τὸ
2155 4615 2348 4688 μικρόν
2370 4632 2432 4667 τε
2459 4613 2619 4667 αὐτὸν
2646 4609 2780 4665 εἶναι
2820 4609 2914 4663 καὶ
2944 4603 3317 4678 παρέρχεσθαι
3355 4600 3544 4667 όξέως,
3574 4599 3658 4670 τῷ

2070 4704 2127 4756 δὲ
2153 4703 2342 4775 ἀγαθῷ
2381 4702 2576 4756 σώσειν
2605 4701 2872 4770 ὑπέσχετο
2905 4697 2997 4750 τὸν
3040 4694 3301 4766 μέλλοντα
3336 4692 3527 4754 αἰῶνα,
3555 4690 3655 4742 ἆτε

2072 4797 2137 4869 δὴ
2167 4798 2339 4869 μέγαν
2364 4797 2493 4850 ὅντα
2526 4796 2620 4849 καὶ
2653 4790 2842 4847 ἀΐδιον.
2875 4790 2978 4843 Τὸν
3006 4784 3099 4843 οῦν
3138 4787 3424 4856 ἄνθρωπον
3459 4783 3659 4850 αὐτεξ-

2070 4888 2251 4942 ούσιον
2290 4888 2574 4959 ἐποίησεν,
2613 4882 3023 4955 ἐπιτηδειότητα
3047 4878 3240 4950 ἔχοντα
3285 4875 3460 4930 νεύειν
3514 4874 3669 4947 πρὸς,

2066 4981 2133 5045 ἃς
2177 4980 2424 5052 βούλεται
2464 4977 2709 5048 πράξεις.
2734 4976 2843 5028 Kal.
2884 4974 2945 5027 τὸ
2989 4972 3088 5043 μὲν
3128 4970 3288 5041 σῶμα
3314 4966 3480 5021 αὐτοῦ
3533 4968 3652 5019 ἐστι

2067 5072 2355 5144 τριμερὲς,
2404 5072 2466 5124 ὲκ
2504 5068 2721 5141 θηλείας
2760 5066 2881 5138 ἔχον
2906 5064 3005 5135 τὴν
3030 5064 3258 5133 γένεσιν.
3298 5060 3458 5133 397
3492 5060 3651 5129 Ἔχει

2068 5166 2178 5235 γὰρ
2226 5163 2539 5233 ἐπιθυμίαν,
2587 5160 2778 5232 ὀργὴν,
2821 5158 2999 5228 λύπην
3026 5157 3119 5210 καὶ
3144 5154 3215 5210 τὰ
3257 5154 3468 5216 τούτοις
3518 5152 3652 5206 ἐπό-

2072 5269 2229 5324 μεονα.
2253 5252 2326 5306 Τὸ
2351 5252 2409 5305 δὲ
2438 5250 2653 5320 πνεῦμα
2683 5249 2776 5302 καὶ
2799 5246 2930 5301 αὐτὸ
2968 5247 3031 5300 οὐ
3070 5244 3379 5319 τριτογενὲς
3399 5244 3479 5309 ὃν,
3509 5243 3651 5298 ἀλλὰ

2068 5343 2350 5416 τριμερὲς,
2380 5344 2446 5395 ἐκ
2471 5342 2564 5395 τοῦ
2612 5342 2838 5412 ἄρρενος
2879 5339 2993 5409 ἔχει
3035 5337 3133 5409 τὴν
3173 5338 3406 5407 γένεσιν,
3442 5336 3539 5389 καὶ
3560 5336 3650 5390 δε‹

2062 5434 2250 5488 κτικόν
2278 5436 2390 5487 ἐστι
2424 5431 2705 5503 λογισμοῦ,
2735 5430 3007 5499 γνώσεως,
3048 5428 3215 5498 φόόου
3251 5430 3346 5483 καὶ
3383 5428 3492 5483 τῶν
3519 5427 3647 5484 τού-

1640 5615 1873 5671 ΥΑΒΙίΕ
1913 5614 2313 5671 LECTIONES.

428 5736 471 5768 ⁸⁵
520 5741 788 5809 Σοφονίας
820 5741 860 5795 Ο
889 5781 902 5807 ,
940 5749 996 5797 ut
1027 5741 1191 5796 etiam
1220 5736 1358 5796 infra
1386 5744 1720 5795 constanter.

1824 5733 1870 5765 ⁸⁸
1908 5731 2073 5789 Νι)ιυί
2108 5731 2345 5787 scribere
2375 5728 2671 5798 διελέχοης.

2754 5728 2796 5759 ⁸⁷
2834 5725 3030 5779 νύκταν
3066 5728 3129 5779 υ.
