3860 6210
200 301 304 357 439

1237 293 1695 351 CLEMENTINA.
1734 324 1802 335 —
1833 292 2117 349 HOMILIA
2156 292 2273 347 XX.

3343 299 3447 356 650

205 423 313 471 τοις
344 405 643 475 ἑπομένων.
686 406 951 479 Ἐκατέρα
988 405 1045 459 δὲ
1090 402 1199 457 τῶν
1244 403 1476 475 τριάδων
1510 403 1637 472 μίαν
1659 402 1769 472 ἔχει

1876 418 1999 469 quae
2033 402 2139 456 huc
2165 402 2456 471 pertinent.
2494 402 2722 477 Utrique
2757 418 2938 464 autem
2982 411 3219 467 triadum
3249 414 3439 470 eadem

202 494 296 565 τὴν
334 493 506 566 ῥίζαν,
547 493 622 557 ὡς
660 491 799 549 εἶναι
848 496 939 548 τὸν
980 494 1264 566 ἄνθρωπον
1317 493 1382 547 ὲκ
1434 492 1769 563 φυραμάτων

203 586 311 646 δύο.
339 586 558 656 θηλείας
606 603 667 640 τε
711 588 807 641 καὶ
844 588 1089 659 ἄρρενος.
1130 586 1222 665 A‘tb
1268 584 1331 657 δὴ
1376 586 1472 638 καὶ
1504 585 1597 638 δύο
1625 584 1773 656 αὐτῷ

201 676 306 729 ὁδοὶ
337 676 729 749 προετέθησαν,
764 676 930 748 νόμου
964 694 1025 731 τε
1050 678 1144 730 καὶ
1168 676 1428 747 ἀνομίας’
1461 675 1553 728 δύο
1577 693 1638 729 τε
1674 674 1771 746 βα-

202 766 383 843 σιλεῖαι
411 766 747 839 ώρίσθησαν,
785 769 819 838 ἡ
853 767 955 839 μὲν
1000 766 1240 838 οὐρανῶν
1293 764 1621 835 λεγομένων,
1649 766 1683 836 ἡ
1713 763 1771 817 δὲ

196 858 300 912 τῶν
325 859 414 912 ἐπὶ
442 860 547 932 γῆς
588 859 684 915 νῦν
730 859 1141 931 βασιλεύοντων.
1184 858 1342 913 Ἀλλὰ
1370 860 1463 913 καὶ
1498 858 1591 911 δύο
1619 859 1774 929 βασι-ο

199 950 303 1014 λείς
325 952 653 1023 ἐτάχθησαν,
678 946 753 1007 ὧν
784 956 812 1006 6
839 953 937 1025 μὲν
960 952 1054 1006 τοῦ
1083 953 1348 1026 παρόντος
1375 952 1468 1006 καὶ
1504 952 1772 1023 προσκαί-

200 1061 288 1114 ρου
316 1042 523 1114 κόσμου
578 1044 729 1116 νόμῳ
778 1043 1082 1115 βασιλεύειν
1125 1046 1531 1117 χειροτονεῖται,
1573 1043 1634 1108 ὃς
1677 1044 1770 1098 καὶ

198 1133 279 1187 ἐπ’
325 1134 530 1205 ὀλέθρῳ
566 1135 820 1208 πονηρῶν
871 1136 1081 1207 χαίρειν
1122 1135 1364 1208 ὲκράθηο
1395 1138 1425 1190 6
1450 1135 1508 1188 δὲ
1558 1136 1766 1205 ἕτερος,

197 1227 286 1280 καὶ
307 1226 467 1289 αὐτὸς
515 1225 770 1297 βασιλεὺς
810 1227 1070 1299 ὑπάρχων
1114 1226 1210 1280 τοῦ
1249 1227 1508 1299 ἐσομένου
1552 1227 1766 1293 αἰῶνος,

199 1318 406 1391 στέργει
460 1320 645 1373 πᾶσαν
702 1318 1005 1392 ἀνθρώπων
1040 1318 1222 1388 φύσιν,
1268 1320 1326 1372 ὲν
1380 1320 1493 1382 τοῖς
1534 1318 1769 1390 παροῦσι

196 1408 287 1482 τὴν
328 1410 642 1481 παρρησίαν
690 1408 833 1481 ἔχειν
876 1410 939 1463 οὐ
978 1409 1294 1481 δυνάμενος,
1354 1407 1517 1482 [ἀλλ’]
1560 1408 1636 1474 ῶς
1686 1410 1772 1473 τίς

196 1498 305 1552 ποτ’
325 1499 442 1552 ἐστὶ
481 1496 767 1552 λανθάνειν
795 1496 1129 1570 πειρώμενος
1148 1496 1219 1552 τὰ
1242 1496 1586 1569 συμφέροντα
1629 1513 1771 1568 συμ-

197 1588 451 1644 ϐουλεύει.

260 1701 347 1757 ΙΙΙ.
386 1703 510 1757 Τῶν
535 1702 597 1757 δὲ
626 1702 721 1758 δύο
744 1703 950 1758 τούτων
999 1704 1051 1777 [6
1089 1704 1298 1778 ἔτερος]
1339 1705 1431 1759 τὸν
1461 1706 1647 1778 ἓτερον
1675 1706 1770 1759 ὲκ-

1871 492 2023 545 radix
2060 499 2164 555 est,
2205 492 2279 546 ita
2313 501 2370 546 ιιι
2396 493 2560 548 homo
2589 498 2803 553 duabus
2838 501 3333 568 commistionibus,
3360 503 3444 557 fc-

1874 583 2039 637 minei
2073 598 2199 637 cum
2250 586 2518 651 masculo,
2573 591 2913 659 compositus
2967 591 3059 647 sit.
3101 592 3446 663 Quapropter

1871 673 2034 728 etiam
2052 673 2173 728 dua!
2199 674 2318 740 viai,
2355 678 2633 747 aaquitatis
2666 695 2730 735 ac
2771 682 3095 752 iniquitatis,
3128 687 3441 754 proposita,

1871 766 1981 820 duo
2010 781 2230 837 quoque
2262 783 2428 837 regna
2458 771 2681 827 deﬁnita
2716 783 2863 840 sunt,
2900 777 3133 832 alterum
3176 778 3442 833 caelorum

1872 856 2225 926 appellatum,
2265 859 2497 915 alterum
2548 877 2761 931 eorum,
2793 867 2886 935 qui
2916 884 3065 923 nunc
3104 869 3157 924 in
3182 877 3328 926 terra
3355 888 3445 927 re-

1872 957 2061 1015 gnant.
2086 948 2165 1005 Ac
2193 950 2450 1007 similiter
2480 953 2593 1010 duo
2638 972 2793 1026 reges
2819 961 3106 1016 constituti
3136 973 3285 1030 sunt,
3307 980 3446 1033 quo-

1838 1088 1839 1091 η
1872 1054 1992 1092 rum
2020 1040 2157 1095 alter
2187 1044 2440 1111 praesenti
2470 1060 2536 1101 ac
2579 1054 2930 1117 temporaneo
2976 1054 3183 1107 mundo
3219 1070 3447 1121 regnare

1869 1142 1924 1186 et
1952 1134 2193 1202 pernicie
2252 1138 2522 1193 malorum
2573 1142 2813 1210 gaudere
2858 1144 2977 1215 lcge
3033 1151 3447 1216 tenetur;alter

1871 1236 2077 1291 autem,
2119 1242 2213 1280 rex
2245 1235 2300 1281 et
2344 1228 2483 1298 ipse,
2524 1229 2691 1285 futuri
2714 1233 2933 1302 quidem
2968 1236 3091 1299 aevi,
3126 1237 3443 1306 universam

1870 1315 2045 1383 diligit
2072 1327 2321 1372 naturam
2366 1320 2658 1376 humanam
2700 1341 2714 1377 :
2750 1325 2843 1394 qui
2897 1326 3205 1383 libertatem
3247 1331 3444 1400 agendi

1870 1409 1970 1461 etsi
1998 1409 2049 1461 in
2076 1412 2325 1479 praesenti
2364 1428 2473 1467 non
2515 1414 2697 1481 habet,
2747 1418 3109 1477 nihilominus
3129 1422 3197 1478 de
3220 1425 3444 1480 utilibus

1871 1501 2167 1559 suadendis
2192 1504 2422 1559 latenter
2462 1507 2736 1564 sollicitus
2766 1520 2871 1567 est.

1943 1701 2030 1757 lll.
2072 1701 2275 1759 Horum
2327 1705 2585 1773 duorum,
2621 1707 2730 1764 Deo
2760 1711 3066 1779 ordinante,
3107 1716 3244 1771 alter
3282 1718 3438 1777 alteri

195 1795 452 1863 ϐιάζεται,
487 1796 626 1851 Θεοῦ
653 1797 1026 1861 κελεύσαντος.
1058 1797 1329 1860 Ἕκαστος
1350 1796 1407 1849 δὲ
1432 1797 1539 1850 τῶν
1563 1796 1659 1850 ὰνθ
1669 1795 1769 1868 ρώ-

1872 1795 1979 1849 vim
2011 1795 2193 1851 infert.
2227 1797 2469 1867 Quisque
2491 1810 2668 1853 autem
2706 1803 2985 1859 hominum
3012 1806 3323 1864 facultatem
3349 1812 3447 1863 lia-

194 1908 304 1945 πων
328 1890 581 1957 ἐξουσίαν
607 1890 739 1961 ἔχει,
765 1889 1008 1962 [ὲκείν]ῳ
1032 1889 1232 1953 αὐτῶν,
1268 1883 1313 1958 ᾧ
1340 1889 1609 1960 βούλεται,
1642 1889 1766 1943 πεί-

194 1980 373 2034 θεσθαι
407 1981 549 2052 πρὸς
588 1979 650 2034 τὸ
689 1980 956 2052 πράσσειν
988 1979 1167 2048 ἀγαθά
1208 1979 1242 2050 ἢ
1276 1974 1444 2033 κακά.
1476 1976 1628 2051 Πλὴν
1673 1978 1769 2033 ἐὰν

193 2072 258 2125 τὰ
279 2072 461 2141 ἀγαθά
483 2089 573 2135 τις
604 2070 874 2143 πράσσειν
898 2071 1106 2140 ἕληται,
1138 2069 1230 2123 τοῦ
1274 2052 1768 2140 ἐσομένουῖὶγαθοῦ

197 2162 453 2234 βασιλέως
492 2162 704 2232 γίνεται
751 2160 968 2231 κτῆμαο
1002 2162 1052 2213 εί
1089 2160 1146 2213 δὲ
1189 2158 1368 2229 φαῦλα
1403 2157 1629 2230 πράξειέ
1663 2176 1768 2225 τις,

193 2256 280 2309 τοῦ
315 2255 585 2327 παρόντος
610 2255 657 2287 ⁸⁸
691 2255 898 2324 γίνεται
926 2251 1163 2324 πονηροῦ
1198 2251 1543 2323 ὑπηρέτημα.
1577 2253 1674 2314 Ὃς
1700 2249 1768 2304 δι’

194 2346 458 2418 ἁμαρτίας
490 2346 675 2417 κρίσει
704 2344 889 2416 δικαίᾳ
920 2344 1020 2415 τὴν
1057 2345 1176 2398 κατ’
1201 2343 1365 2396 αὐτοῦ
1408 2342 1587 2397 λαϐὼν
1620 2342 1771 2409 ἐξου-

197 2440 310 2492 σίαν
358 2439 453 2493 καὶ
486 2438 598 2510 πρὸ
642 2437 736 2491 τοῦ
787 2436 1071 2509 μέλλοντος
1113 2436 1309 2500 αἰῶνος
1354 2434 1585 2507 θελήσας
1630 2436 1768 2507 αὐτῇ

194 2532 423 2603 χρῆσθαι
438 2533 485 2563 ¹¹⁹
498 2532 559 2586 ἐν
583 2531 661 2603 τῷ
682 2530 776 2584 νῦν
801 2530 900 2601 βίῳ
920 2529 1166 2593 κολάζων
1187 2528 1394 2600 ἥδεται,
1411 2529 1505 2581 καὶ
1516 2527 1682 2598 398
1695 2528 1772 2591 ὡς

199 2625 298 2696 ἰδίᾳ
323 2622 689 2696 χαριζόμενος
740 2622 1006 2694 ἐπιθυμίᾳ
1050 2622 1151 2694 τὴν
1180 2621 1273 2674 τοῦ
1318 2619 1454 2674 Θεοῦ
1517 2619 1772 2691 βούλησιν

196 2716 413 2769 ὲκτελεϊ.
457 2718 515 2769 '0
549 2716 607 2769 δὲ
633 2716 818 2787 ἕτερος
843 2716 935 2768 ἐπὶ
970 2713 1193 2768 δικαίων
1232 2712 1453 2785 ἐξουσίᾳ
1489 2712 1700 2784 χαίρειν
1724 2713 1770 2745 ⁹⁰

196 2808 635 2881 δημιουργηθεὶς,
680 2808 888 2861 δίκαιον
919 2806 1093 2876 εὑρὼν
1123 2804 1373 2876 μεγάλως
1398 2804 1768 2876 εὐφραίνεται,

199 2900 377 2965 σώζων
409 2902 576 2955 αὐτὸν
605 2900 760 2970 ἀϊδίῳ
798 2899 933 2971 ζωῇ,
958 2898 1053 2953 καὶ
1087 2897 1247 2961 αὐτὸς
1276 2897 1334 2950 δὲ
1368 2898 1444 2961 ὼς
1467 2896 1646 2968 ἐαυτῷ
1674 2915 1772 2967 χα-

203 2992 475 3066 ριζόμενος
499 2994 604 3066 τὴν
638 2993 779 3065 ὑπὲρ
803 2994 1009 3046 τούτων
1034 2992 1114 3055 είς
1147 2990 1279 3045 Θεὸν
1305 2990 1565 3062 ἀναφέρει
1590 2990 1770 3061 χάριν.

202 3087 411 3153 Ἔξεστι
434 3086 494 3140 δὲ
520 3087 686 3140 παντὶ
711 3086 879 3156 ἀδίκῳ
914 3082 1339 3156 μεταμεληθέντι
1368 3080 1655 3146 σώζεσθαι,
1681 3080 1773 3135 καὶ

1871 1888 1981 1953 bet,
2012 1904 2204 1942 eorum
2251 1889 2337 1943 cui
2384 1891 2498 1943 vult
2526 1892 2814 1947 obediendi
2845 1896 2911 1949 ad
2948 1897 3089 1952 bona
3118 1900 3444 1969 perﬁcienda

1844 1994 1965 2037 aut
1998 1984 2161 2038 n‘tala.
2195 1984 2275 2039 Ac
2320 1985 2364 2039 si
2412 1987 2535 2054 quis
2564 1986 2704 2041 bona
2738 1987 2917 2043 facere
2960 1992 3061 2045 sibi
3109 1994 3279 2064 eligit,
3317 2011 3446 2065 pro-

1870 2077 2073 2145 prietas
2110 2077 2354 2130 redditur
2391 2076 2560 2131 futuri
2602 2078 2730 2131 boni
2766 2082 2943 2150 regis;
2974 2084 3056 2138 sin
3091 2086 3216 2153 quis
3256 2086 3445 2157 iniqua

1838 2177 2161 2238 perpetret,
2199 2170 2485 2238 praesentis
2536 2169 2663 2223 mali
2714 2170 2772 2224 lit
2811 2173 3046 2242 adjutor.
3084 2174 3187 2243 Qui
3224 2178 3442 2247 quidem

1871 2277 1995 2315 cum
2044 2271 2265 2331 propter
2298 2271 2517 2331 peccata
2561 2262 2714 2332 justo
2758 2263 2967 2333 judicio
3008 2282 3133 2322 eum
3181 2270 3443 2338 puniendi

1870 2353 2142 2422 acceperit
2172 2351 2483 2407 facultatem
2533 2361 2588 2406 et
2629 2363 2753 2408 ante
2778 2371 2951 2410 aevum
2981 2367 3243 2413 aeternum
3269 2375 3332 2414 ea
3367 2362 3443 2415 uti

1834 2468 1839 2469 ν
1870 2444 2074 2514 cupiat,
2128 2445 2181 2498 in
2224 2446 2325 2499 hac
2368 2447 2473 2499 vita
2505 2447 2823 2516 castigando
2850 2448 3049 2518 gaudet
3080 2459 3133 2503 et
3154 2453 3309 2520 quasi
3341 2468 3445 2507 suo

1873 2535 2048 2605 ipsius
2077 2536 2350 2592 desiderio
2377 2539 2693 2608 gratiﬁcans
2725 2538 2815 2593 Dei
2851 2539 3182 2594 voluntatem
3213 2542 3441 2610 perficit.

1873 2627 2024 2681 Alter
2082 2643 2213 2683 vero
2260 2630 2544 2695 conditus,
2599 2640 2658 2686 ut
2704 2630 2978 2701 justorum
3027 2632 3255 2701 imperio
3309 2650 3444 2704 gau-

1840 2718 2040 2781 deat,
2092 2719 2234 2773 bono
2284 2721 2520 2789 quodam
2566 2723 2788 2779 invento
2834 2738 3159 2793 magnopere
3209 2724 3445 2791 la-tatur,

1873 2823 2109 2879 cumque
2140 2811 2265 2866 vitae
2298 2823 2519 2867 aeterm»
2549 2816 2743 2881 salvat,
2773 2825 2827 2869 et
2853 2815 2969 2885 ipse
3000 2830 3129 2869 vero
3152 2817 3307 2885 quasi
3339 2818 3450 2872 sibi

1874 2901 2167 2973 indulgens
2181 2920 2425 2960 amorem
2441 2922 2569 2978 erga
2594 2924 2690 2963 eos
2713 2908 2767 2962 in
2783 2906 2952 2963 Deum
2977 2907 3164 2962 refert.
3189 2910 3446 2965 Attamen

1874 2995 2056 3063 quivis
2091 2996 2333 3065 injustus
2362 3000 2603 3054 converti
2636 3009 2817 3069 potest
2838 3010 3005 3069 atque
3034 3001 3253 3069 salvari,
3283 3002 3447 3072 quili-

1877 3088 1968 3143 bet
1999 3091 2084 3144 vir
2108 3091 2295 3160 justus
2344 3102 2564 3162 peccata
2606 3096 2899 3149 commissa
2950 3110 3111 3164 paena
3153 3094 3323 3149 luere.
3377 3093 3445 3149 ιιι

200 3180 355 3233 παντὶ
382 3178 584 3251 δικαίῳ
624 3178 777 3248 ἀνδρὶ
816 3177 908 3231 ἐπὶ
944 3176 1261 3238 τελευταίας
1293 3174 1572 3246 ἁμαρτίας
1614 3174 1769 3244 δίκην

1873 3182 2092 3251 quidem
2124 3182 2234 3237 duo
2266 3183 2434 3238 duces
2458 3185 2672 3239 veloces
2702 3184 2793 3240 Dei
2821 3200 3018 3240 manus
3049 3193 3179 3240 sunt
3203 3186 3268 3241 ad
3297 3185 3444 3239 anti-

199 3268 428 3339 ὐπέχειν.
683 3270 732 3321 oi
758 3267 851 3320 δύο
879 3267 1146 3338 ἡγεμόνες
1170 3260 1315 3320 οὗτοι
1347 3266 1559 3334 ταχεῖαι
1590 3263 1770 3335 χεῖρές

200 3357 298 3410 εἰσι
329 3357 465 3411 Θεοῦ
499 3356 908 3430 προλαμϐάνειν
938 3353 1327 3426 ὲπιθυμοῦσαι,
1363 3351 1425 3407 τὸ
1467 3351 1634 3407 αὐτοῦ
1678 3351 1771 3405 θέ-

199 3448 338 3520 λημα
369 3449 659 3504 ἐπιτελεῖν.
691 3451 807 3504 Ὀτι
847 3449 906 3503 δὲ
950 3448 1098 3503 τοῦθ’
1146 3446 1323 3511 οὕτως
1366 3446 1502 3517 ἔχει,
1556 3446 1771 3518 εἴρηται

202 3541 288 3594 καὶ
332 3541 410 3613 τῷ
456 3541 612 3613 νόμῳ
656 3542 721 3594 ὲκ
758 3539 1053 3614 προσώπου
1094 3538 1189 3593 τοῦ
1212 3538 1382 3591 Θεοῦ·
1433 3537 1579 3607 Ἐγὼ
1625 3537 1772 3591 dato-

204 3634 377 3687 κτενῶ
408 3633 509 3688 καὶ
544 3633 654 3702 ζῆν
694 3632 953 3699 ποιήσω’
986 3630 1249 3695 πατάξω,
1296 3630 1457 3699 κάγὼ
1509 3629 1768 3700 ἰάσομαι.

215 3723 443 3795 Ἀληθῶς
467 3727 582 3798 γὰρ
604 3724 912 3779 ἀποκτείνει
934 3724 977 3756 ⁹¹
1004 3724 1098 3777 καὶ
1125 3723 1396 3790 ζωογονεῐ.
1438 3720 1771 3775 Ἀποκτείνει

209 3816 299 3886 μὲν
326 3816 415 3870 διὰ
438 3818 542 3887 τῆς
572 3816 869 3888 ἀριστερᾶς
886 3856 901 3880 ,
928 3813 1073 3868 τοῦτ’
1098 3814 1213 3867 ἔστι
1238 3813 1326 3867 διὰ
1348 3813 1442 3867 τοῦ
1468 3814 1561 3866 ἐπὶ
1585 3812 1770 3866 κακώ-

208 3925 283 3961 σει
303 3909 406 3962 τῶν
433 3909 648 3963 ἀσεϐῶν
670 3908 878 3981 χαίρειν
912 3906 1207 3979 κραθέντος
1234 3906 1493 3979 πονηροῦ.
1524 3905 1690 3970 Σώζει
1712 3907 1771 3960 δὲ

206 4001 292 4053 καὶ
314 4002 591 4074 εὐεργετεῖ
612 4000 700 4054 διὰ
722 4000 824 4071 τῆς
859 3999 1059 4065 δεξιᾶς,
1092 3997 1235 4052 τοῦτ’
1277 3998 1393 4051 ἐστι
1437 3996 1526 4051 διὰ
1561 3997 1656 4051 τοῦ
1683 3998 1770 4051 ἐπ’

207 4092 482 4163 εὐεργεσίᾳ
507 4093 606 4146 καὶ
644 4091 886 4163 σωτηρίᾳ
933 4090 1156 4143 δικαίων
1193 4089 1407 4161 χαίρειν
1439 4088 1774 4160 δημιουργη-

208 4184 376 4250 θέντος
398 4188 444 4218 ⁹¹
485 4183 711 4255 ἀγαθοῦ.
760 4185 883 4238 Εἰσὶ
913 4184 971 4237 δὲ
1006 4179 1149 4238 οὗτοι
1179 4182 1278 4245 τὰς
1324 4183 1513 4246 οὐσίας
1561 4183 1773 4254 ἔχοντες

206 4276 299 4328 οὐκ
319 4275 514 4342 ἔξωθεν
537 4274 633 4329 τοῦ
660 4274 794 4328 Θεοῦ
813 4291 827 4305 °
856 4274 979 4327 οὐδὲ
1000 4273 1109 4345 γὰρ
1133 4273 1278 4327 ἔστιν
1305 4273 1467 4344 ἑτέρα
1490 4290 1574 4336 τις
1607 4274 1769 4344 ἀρχή.

208 4368 276 4420 Οὐ
304 4369 404 4442 μὴν
429 4369 539 4422 ἀπὸ
557 4368 653 4421 τοῦ
677 4367 810 4421 Θεοῦ
834 4367 910 4430 ὡς
936 4366 1050 4430 ζῶα
1076 4365 1507 4437 προεϐλήθησαν,
1530 4365 1773 4435 ὁμόδοξοι

210 4458 307 4530 γὰρ
366 4460 513 4532 αὐτῷ
570 4455 743 4531 ἦσαν’
798 4456 922 4511 οὔτε
997 4457 1399 4529 συμϐεϐηκόσιν
1453 4457 1772 4527 αὐτομάτως

213 4550 349 4622 παρὰ
375 4550 473 4623 τὴν
508 4550 674 4605 αὐτοῦ
710 4550 905 4622 βουλὴν
929 4548 1231 4619 γεγονότες.
1271 4548 1424 4602 Ἐπεὶ
1454 4548 1516 4601 τὸ
1550 4549 1648 4619 τῆς
1680 4548 1771 4600 δυ-

211 4640 409 4711 νάμεως
453 4642 621 4697 αὐτοῦ
671 4642 921 4713 μέγιστον
963 4640 1199 4712 ἀνῄρητο
1220 4640 1304 4694 άν.
1351 4640 1511 4694 Ἀλλὰ
1535 4639 1643 4693 ἀπὸ
1674 4637 1769 4691 τοῦ

212 4735 331 4789 Θεοῦ
366 4737 462 4808 μὲν
505 4736 906 4809 προϐέϐληνται
945 4733 1017 4787 τὰ
1059 4733 1341 4806 πρώτιστα
1382 4735 1621 4803 στοιχεῖα
1643 4731 1769 4783 τέσ-

215 4841 341 4897 σαρα
368 4829 429 4881 τό
465 4846 527 4882 τε
574 4828 777 4900 θερμὸν
804 4828 898 4882 καὶ
926 4826 1154 4898 ψυχρὸν,
1186 4826 1350 4898 ὑγρόν
1373 4843 1433 4878 τε
1457 4827 1551 4878 καὶ
1584 4824 1766 4895 ξηρόν.

216 4915 359 5003 Ὅθεν
394 4920 458 4993 δὴ
494 4920 592 4974 καὶ
625 4920 808 4990 πατὴρ
850 4918 1106 4989 τυγχάνει
1145 4917 1325 4988 πάσης
1368 4917 1556 4979 οὐσίας
1602 4915 1771 4985 οὐσης

213 5006 417 5081 γνώμης
457 5012 561 5083 τῆς
605 5010 748 5063 κατὰ
790 5009 889 5081 τὴν
933 5011 1159 5081 κρᾶσιν·
1196 5007 1300 5074 ἔξω
1336 5007 1445 5079 γὰρ
1483 5006 1765 5078 κραθεῖσιν

215 5100 379 5164 αὐτοῖς
409 5102 484 5166 ώς
533 5102 722 5155 τέκνον
772 5102 805 5172 ἡ
867 5101 1188 5171 προαίρεσις
1232 5096 1518 5168 ἐγεννήθη.
1580 5096 1637 5149 ’0
1670 5089 1766 5148 οὖν

216 5208 336 5265 mw;
345 5194 429 5264 ρδς
453 5194 591 5266 πρὸς
610 5193 689 5265 τῷ
707 5192 931 5262 “399
946 5190 1041 5244 τοῦ
1068 5190 1361 5252 ἐνεστῶτος
1384 5187 1593 5258 κόσμου
1618 5186 1765 5240 τέλει

214 5283 549 5359 ὑπουργήσας
591 5284 894 5355 ἀμέμπτως
922 5280 1001 5353 τῷ
1036 5278 1179 5351 Θεῷ,
1207 5278 1301 5333 ἆτε
1327 5276 1395 5348 δὴ
1417 5276 1479 5329 οὐ
1517 5275 1645 5347 μιᾶς
1667 5274 1765 5327 οὐ-

298 5454 325 5483 ι
374 5442 527 5498 Deut.
558 5458 732 5508 xxxii,
770 5439 861 5495 59.

1872 3275 2165 3344 cipandum
2199 3286 2484 3346 promptze,
2512 3286 2571 3331 ut
2604 3276 2725 3344 eius
2765 3277 3098 3332 voluntatem
3138 3292 3447 3347 exsequan-

1872 3374 1980 3420 tur.
2017 3364 2173 3433 Quod
2205 3368 2279 3421 ila
2316 3384 2374 3422 se
2404 3368 2628 3433 habere,
2672 3369 2875 3422 dictum
2911 3378 2995 3424 est
3020 3369 3184 3424 etiam
3226 3368 3280 3422 in
3327 3369 3448 3438 lege

1871 3473 1938 3511 ex
1983 3457 2157 3527 ipsius
2188 3457 2282 3512 Dei
2313 3474 2588 3528 persona:
2618 3458 2731 3530 Ego
2776 3460 3013 3513 occidam
3058 3468 3107 3513 et
3141 3476 3235 3529 ego
3276 3460 3447 3513 vivere

1872 3551 2109 3620 faciam;
2139 3551 2434 3620 percutiam
2457 3560 2506 3604 et
2542 3566 2634 3621 ego
2687 3550 2885 3604 sanabo
2914 3562 2962 3603 ι.
2997 3547 3131 3603 Nam
3183 3565 3310 3604 vere
3346 3565 3444 3605 oc-

1872 3643 2006 3698 cidit
2030 3652 2087 3697 et
2112 3642 2373 3698 viviticat.
2408 3641 2620 3698 Occidit
2643 3652 2824 3696 autem
2861 3642 3106 3707 sinistra,
3144 3643 3197 3697 id
3240 3652 3325 3698 est
3349 3659 3447 3712 per

1871 3736 2102 3802 malum,
2132 3735 2227 3805 qui
2252 3734 2421 3789 laetari
2456 3742 2671 3789 tenetur
2705 3734 2995 3803 impiorum
3030 3735 3220 3789 exitio.
3251 3732 3442 3789 Vivili-

1872 3835 1962 3881 cat
1990 3836 2170 3881 autem
2203 3835 2255 3881 et
2293 3824 2564 3880 benefacit
2606 3825 2816 3890 dextra,
2852 3824 2905 3879 id
2936 3835 3020 3878 est
3065 3841 3162 3894 per
3212 3826 3443 3891 bonum,

1871 3920 1965 3989 qui
1997 3920 2067 3973 ita
2099 3928 2316 3973 creatus
2343 3926 2459 3983 est,
2488 3924 2549 3971 ut
2572 3916 2925 3971 beneficentia
2956 3924 3010 3969 et
3043 3918 3216 3971 salute
3256 3917 3441 3986 justo-

1872 4027 1994 4065 rum
2027 4010 2277 4081 gaudeat.
2332 4010 2403 4064 At
2450 4010 2505 4063 hi
2540 4008 2798 4063 facultate
2833 4008 3096 4078 pollentes
3143 4022 3249 4061 non
3288 4016 3444 4062 extra

1873 4101 2042 4158 Deum
2072 4102 2374 4169 exsistunt;
2411 4101 2550 4156 alius
2579 4102 2724 4156 enim
2752 4109 2903 4154 extra
2931 4115 3056 4154 eum
3104 4099 3445 4170 principatus

1873 4202 1958 4249 est
1986 4193 2189 4248 nullus.
2242 4190 2430 4262 Neque
2471 4201 2654 4245 autem
2686 4206 2750 4244 ex
2787 4188 2898 4244 Deo
2931 4197 2989 4243 ut
3022 4188 3275 4242 animalia
3311 4203 3440 4257 pro-

1868 4286 1997 4356 jecti
2037 4293 2199 4351 sunt,
2248 4300 2371 4340 cum
2418 4299 2574 4354 atqua
2605 4283 2873 4353 pollerent
2911 4288 3180 4351 potestate
3213 4294 3278 4333 ac
3310 4280 3438 4334 ille;

1875 4393 2051 4448 neque
2079 4376 2409 4432 exstiterunt
2440 4390 2538 4443 per
2580 4374 2902 4441 semetipsos
2930 4380 3118 4425 contra
3167 4370 3310 4423 illius
3341 4384 3443 4421 vo-

1876 4469 2134 4523 luntatem
2168 4467 2356 4539 geniti,
2392 4481 2516 4520 cum
2544 4466 2618 4519 ita
2643 4478 2918 4517 summum
2951 4461 3236 4530 imperium
3267 4460 3313 4513 ei
3345 4460 3444 4514 tol-

1874 4561 2095 4615 leretur.
2137 4558 2241 4613 Sed
2291 4573 2356 4612 ex
2396 4555 2508 4611 Deo
2535 4555 2755 4625 quidem
2794 4553 3033 4622 projecta
3084 4559 3212 4605 sunt
3255 4550 3439 4619 priora

1871 4660 2107 4721 quatuor
2133 4649 2425 4712 elementa,
2463 4647 2698 4700 calidum
2731 4653 2785 4699 et
2833 4641 3111 4712 frigidum,
3156 4640 3439 4693 humidum

1870 4752 1925 4799 ct
1950 4743 2177 4798 siccum.
2213 4739 2395 4807 Quare
2418 4739 2581 4793 etiam
2612 4745 2765 4806 pater
2794 4743 2877 4788 est
2902 4732 3148 4801 cujusvis
3178 4729 3440 4787 materne.

1873 4844 1933 4889 ut
1965 4848 2086 4901 qua:
2110 4831 2339 4886 mistura
2354 4828 2591 4884 evenerit
2614 4826 2915 4882 secundum
2939 4825 3057 4893 ejus
3078 4821 3443 4885 sententiam;

1846 4924 2180 4981 'commistis
2209 4921 2357 4975 enim
2387 4920 2521 4990 ipsis
2577 4916 2867 4973 consilium
2920 4924 3074 4969 extra
3115 4912 3443 4967 nascebatur

1870 5026 1931 5071 ut
1986 5015 2148 5070 fetus.
2200 5012 2374 5066 Malus
2431 5011 2596 5081 igitur
2644 5009 2699 5063 in
2759 5007 2865 5062 ﬁne
2916 5006 3197 5076 praesentis
3251 5004 3442 5058 mundi

1870 5107 2076 5176 integre
2107 5119 2291 5160 coram
2321 5101 2433 5157 Deo
2461 5102 2676 5167 vivens,
2711 5114 2835 5153 cum
2870 5098 2981 5168 jam
3028 5112 3135 5151 non
3172 5096 3443 5166 pertineat

1856 5198 1935 5252 ad
1963 5197 2133 5253 solam
2162 5194 2468 5265 iniquitatis
2489 5191 2876 5256 substantiam,
2897 5189 3238 5243 instauratus
3262 5193 3441 5256 potest

1853 5289 2046 5344 'bonus
2093 5286 2231 5342 fieri.
2279 5282 2493 5339 Etenim
2534 5282 2647 5353 jam
2694 5294 2804 5334 non
2838 5278 3072 5349 amplius
3111 5275 3251 5331 male
3283 5274 3435 5344 agit,

1454 5519 1691 5580 VARUE
1728 5512 2133 5573 LECTIONES.

208 5667 216 5683 ί
351 5645 668 5743 πρρόνεχτρς
689 5643 753 5696 0.
791 5642 838 5672 ⁸⁸
872 5640 1007 5743 Vatia
1045 5641 1183 5743 αὐξῇ
1212 5636 1448 5743 χρῆίθῗιὶι
1479 5635 1607 5692 add.
1631 5649 1699 5691 ex
1728 5630 2061 5702 conjectura.

218 5706 449 5770 subinch
520 5717 563 5747 ⁹²
596 5712 1062 5785 δημιουργηθέντα
1090 5706 1180 5765 Ο.”
1213 5706 1273 5743 ’9³
1303 5706 1367 5760 τό
1395 5712 1459 5764 0.

2170 5626 2217 5659 ⁸ο
2255 5624 2415 5696 χάριν
2447 5623 2509 5675 0.
2583 5618 2627 5651 "
2686 5610 3142 5682 dmrévvu_scr.
3181 5604 3246 5661 0.
3272 5604 3357 5659 lia
3382 5610 3437 5659 et
