3860 6210
449 277 548 334 ιδι

1291 278 1349 334 8.
1389 277 1780 336 CLEMENTIS
1816 277 1836 332 l
1873 277 2038 333 ROM.
2079 275 2278 332 ΡΟΝΤ.
2317 276 2543 333 OPERA
2582 277 2808 336 DUBIA.

3589 283 3704 338 ιεε

449 411 762 467 quanquam
802 395 979 454 malus
1012 405 1096 452 est
1120 437 1135 461 .
1171 411 1298 452 cum
1347 397 1464 467 lege
1497 397 1810 454 facultatem
1859 413 2014 453 acce-

2119 394 2239 458 σίας
2259 395 2334 447 ῶν
2359 396 2460 466 τῆς
2483 396 2621 466 πρὸς
2643 397 2840 451 κακίαν
2869 395 3057 467 μόνης,
3085 395 3537 468 μετασυγκριθεὶς
3563 399 3702 461 ἀγα

451 488 591 556 perit
625 487 764 540 male
794 487 1010 557 agendi.

520 758 613 813 iV.
653 758 786 826 Qua:
807 775 931 813 cum
965 758 1158 814 Petrus
1183 759 1395 815 locutus
1423 769 1590 826 esset,
1619 757 1892 822 Michzeas,
1919 758 2015 829 qui

447 858 503 902 et
551 849 666 918 ipse
708 865 773 902 ex
821 850 1082 903 comitum
1128 865 1360 904 numero
1407 860 1565 916 erat,
1616 848 2015 918 interrogavit:

451 939 606 996 Unde
643 942 806 1010 igitur
833 941 914 1006 lit,
951 950 1009 996 ut
1037 941 1287 997 homines
1327 942 1684 1012 delinquant?
1717 940 2019 1011 Respondit

450 1031 643 1087 Petrus
680 1049 695 1085 :
761 1031 901 1098 Quia
942 1032 1194 1102 ignorant
1227 1049 1286 1088 se
1318 1049 1418 1103 pro
1443 1034 1538 1098 iis,
1571 1048 1693 1102 qua:
1726 1032 1865 1086 male
1893 1045 2020 1100 ege-

447 1125 576 1188 rint,
603 1123 655 1176 in
677 1124 885 1194 judicio
912 1124 1128 1194 penitus
1171 1125 1398 1180 daturos
1421 1141 1544 1180 esse
1567 1139 1804 1194 penam.
1837 1121 2014 1189 Unde,

445 1217 905 1283 quemadmodum
947 1217 1083 1271 alias
1117 1217 1229 1272 dixi
1253 1259 1268 1284 ,
1305 1219 1467 1272 etiam
1518 1219 1722 1287 prolem
1755 1218 2017 1271 habentes

446 1308 732 1378 cupiditati
767 1309 1070 1377 indulgent,
1108 1318 1166 1364 ut
1197 1311 1378 1364 evenit
1403 1310 1456 1363 in
1492 1311 1768 1365 occisione
1801 1318 2017 1363 tenero-

448 1415 568 1453 rum
609 1398 900 1453 infantium
931 1399 1014 1454 vel
1041 1401 1093 1453 in
1123 1401 1234 1454 alio
1259 1400 1560 1470 decipiente
1591 1409 1832 1469 peccato.
1857 1399 2013 1465 Nam,

445 1501 506 1545 ut
531 1491 692 1544 modo
722 1491 983 1557 iudicavi,
1018 1509 1078 1546 se
1101 1489 1405 1560 iudicatum
1439 1491 1502 1544 iri
1533 1493 1858 1557 nescientes,
1885 1491 2015 1560 quia

446 1582 584 1636 nihil
608 1590 714 1648 est,
749 1584 894 1652 quod
921 1583 1071 1652 ipsos
1093 1592 1318 1648 terreat,
1353 1592 1643 1652 properant
1683 1582 1752 1636 ad
1801 1583 2011 1637 libidini

445 1684 650 1729 temere
679 1684 842 1745 atque
867 1675 1054 1731 illicite
1077 1675 1543 1731 satisfaciendum.
1581 1676 1702 1730 Ideo
1735 1691 1841 1730 non
1871 1674 2013 1730 Deus

445 1766 686 1836 iniustus
718 1778 820 1833 est,
849 1769 1050 1838 quippe
1073 1769 1168 1838 qui
1201 1769 1549 1838 cupiditatem
1586 1768 1651 1822 ad
1685 1769 1848 1822 vitam
1885 1784 2011 1838 pro-

444 1860 747 1928 pagandam
778 1861 914 1914 bene
938 1860 1306 1925 ordinaverit;
1343 1869 1398 1914 at
1437 1860 1539 1928 ipsi
1578 1861 2008 1927 sceleratissimi,

442 1949 645 2017 quippe
673 1949 768 2019 qui
803 1950 959 2004 abusi
988 1952 1099 2005 sint
1122 1966 1208 2014 eo,
1238 1951 1382 2021 quod
1407 1951 1458 2005 in
1482 1951 1779 2019 cupiditate
1807 1952 2008 2008 bonum

439 2050 545 2094 est.
577 2040 652 2094 Ita
683 2043 894 2096 censeri
929 2043 1088 2097 debet
1131 2043 1294 2097 etiam
1341 2041 1407 2096 de
1442 2043 1557 2107 ira;
1589 2058 1697 2112 qna
1725 2043 1818 2111 qui
1866 2052 2010 2099 recte

440 2133 632 2199 utitur,
684 2143 744 2188 ut
783 2134 991 2195 licitum
1026 2143 1134 2198 est,
1170 2150 1277 2188 non
1327 2135 1491 2203 impie
1538 2136 1670 2203 agit,
1714 2134 1808 2190 sed
1865 2136 2008 2192 ultra

440 2225 664 2280 modum
695 2226 1050 2296 progrediens
1070 2226 1279 2295 judicio
1305 2225 1573 2281 obnoxius
1606 2235 1812 2296 peccat.

516 2314 575 2372 V.
613 2315 922 2386 lterumque
963 2315 1271 2386 Sophonias
1311 2317 1564 2386 excepit:
1597 2315 2009 2387 Longanimitas

436 2417 553 2472 tua,
577 2408 797 2464 domine
832 2409 903 2462 mi
942 2407 1119 2472 Petre,
1145 2408 1302 2463 nobis
1335 2407 1578 2462 animum
1600 2409 1772 2474 addit,
1797 2410 1868 2465 ob
1893 2425 2009 2464 ma—

433 2498 612 2567 jorem
663 2499 970 2554 ﬁrmitatem
1000 2500 1067 2555 de
1099 2501 1222 2555 aliis
1269 2502 1454 2556 multis
1504 2513 1556 2557 te
1607 2501 2002 2572 interrogandi.

439 2589 623 2656 Quare
653 2592 880 2644 omnino
907 2608 1030 2647 cum
1061 2592 1259 2646 ﬁducia
1295 2602 1346 2646 te
1371 2593 1738 2662 exploramus.
1785 2592 2004 2646 Memini

435 2681 638 2750 quippe
701 2680 979 2737 Simonem
1036 2683 1150 2736 heri
1205 2691 1384 2737 tecum
1433 2683 1800 2753 disputantem
1847 2700 2002 2740 asse—

435 2773 638 2837 ruisse,
677 2773 903 2837 malum,
933 2773 977 2827 si
1008 2789 1037 2826 a
1074 2773 1182 2828 Deo
1210 2775 1426 2843 genitus
1473 2775 1546 2830 sit
1566 2815 1580 2838 ,
1610 2787 2005 2844 consequenter

433 2878 558 2918 esse
631 2864 831 2919 debere
903 2864 1147 2934 ejusdem
1213 2867 1465 2920 essentia!
1530 2882 1596 2922 ac
1664 2870 1998 2936 genitorem,

435 2954 667 3022 ideoque
693 2954 894 3008 bonum
915 2994 930 3019 ,
962 2969 1137 3024 neque
1177 2956 1399 3008 malum.
1433 2956 1512 3011 Ac
1542 2967 1597 3010 tu
1644 2959 1998 3027 respondisti,

2123 487 2216 550 θος
2250 486 2500 555 γενέσθαι
2533 486 2774 542 δύναται.
2803 488 2935 541 Οὐδὲ
2965 488 3074 559 γάρ
3099 487 3193 541 νῦν
3234 489 3401 542 κακόν
3432 506 3485 542 τι
3523 494 3694 546 ποιεῖ.

2122 579 2213 632 καί
2249 597 2331 632 τοι
2367 581 2536 644 κακὸς
2577 580 2674 644 ῶν,
2708 581 2953 652 νομίμως
2983 585 3271 652 κακουχεῖν
3312 580 3547 652 εἰληφὼς
3594 582 3701 653 τὴν

2121 672 2389 738 ἐξουσίαν.

2192 761 2281 817 IV.
2325 762 2510 816 Ταῦτα
2560 763 2653 817 τοῦ
2707 762 2915 833 Πέτρου
2959 761 3238 826 εἰπόντος,
3287 761 3559 832 Μιχαίας,
3601 760 3700 812 καὶ

2119 853 2283 916 αὐτὸς
2312 854 2421 906 τῶν
2455 852 2761 907 ἀκολούθων
2795 871 2880 917 τις
2927 853 3036 916 ὢν,
3081 852 3343 906 ἐπύθετο·
3386 851 3555 904 Πόθεν
3597 847 3697 904 οὖν

2117 949 2229 1008 τοῖς
2255 945 2559 1016 ἀνθρώποις
2583 945 2644 998 τὸ
2667 946 3031 1015 άμαρτάνειν;
3072 945 3180 998 Καὶ
3228 947 3257 998 6
3302 945 3505 1015 Πέτρος
3544 944 3694 1012 ἔφη’

2132 1037 2226 1090 Ἐκ
2249 1037 2341 1090 τοῦ
2374 1039 2608 1106 ἀγνοεῖν,
2642 1038 2722 1090 ὅτι
2753 1037 2879 1108 περὶ
2903 1029 2976 1088 ῶν
3003 1037 3304 1108 πράσσουσι
3333 1036 3538 1099 κακῶς,
3568 1034 3695 1106 κρί-

2121 1130 2282 1202 [σεως
2323 1129 2641 1200 γε]νομένης
2664 1129 2877 1192 πάντως
2909 1128 3232 1199 κολασθῆναι
3260 1128 3488 1198 ἔχουσιν.
3523 1129 3696 1202 Ὅθεν

2118 1201 2212 1274 καὶ
2238 1221 2335 1292 τὴν
2367 1221 2683 1292 ἐπιθυμίαν,
2711 1221 2786 1284 ὼς
2820 1220 3006 1275 ἀλλοτε
3030 1216 3253 1291 εἷ[πον],
3279 1219 3527 1290 διαδοχὴν

2118 1312 2349 1382 ἔχοντες,
2375 1311 2577 1382 ταύτην
2620 1309 3071 1381 πληροφοροῦσιν,
3105 1309 3180 1372 ὠς
3205 1311 3390 1378 ἔτυχεν
3412 1308 3690 1380 ἡμ[έρων]

2119 1405 2323 1458 παίδων
2372 1402 2633 1474 φθορᾷ,ἢ
2680 1403 2814 1474 άλλη
2847 1401 2950 1455 τινὶ
3000 1400 3369 1473 κολακευούσῃ
3416 1400 3688 1470 ἁμαρτίᾳ.

2121 1499 2214 1570 Τῷ
2239 1499 2346 1570 γὰρ
2372 1501 2602 1568 ἀγνοεῖν,
2627 1498 2707 1550 ὅτι
2734 1496 3026 1567 κρίνονται,
3061 1495 3135 1557 ὼς
3161 1494 3367 1563 φθάσας
3399 1489 3569 1554 εἶπον,
3598 1491 3691 1543 διὰ

2117 1595 2176 1646 τὸ
2209 1591 2407 1660 ἄφοϐον
2449 1591 2547 1661 τὴν
2591 1587 2880 1658 ἐπιθυμίαν
2907 1588 2966 1638 οὐ
2991 1586 3233 1657 νομίμως
3268 1582 3505 1654 πληροῦν
3532 1583 3690 1635 ἐπεί-

2116 1701 2319 1752 γονται.
2354 1683 2513 1756 "agre
2541 1679 2638 1750 οὐχ
2667 1680 2695 1730 6
2730 1679 2860 1741 Θεὸς
2905 1676 3092 1740 κακὸς,
3134 1677 3162 1727 6
3205 1673 3382 1736 καλῶς
3429 1673 3540 1738 θεὶς
3584 1674 3688 1744 τὴν

2113 1777 2438 1847 ἐπιθυμίαν,
2486 1776 2574 1828 ἵνα
2619 1772 2836 1842 διαδοχὴ
2883 1769 2997 1839 βίου
3059 1767 3315 1837 γένηται,
3364 1765 3476 1818 ἀλλ’
3527 1767 3690 1820 αὐτοὶ

2111 1863 2484 1925 ἀσεϐέστατοι,
2523 1862 2571 1914 οί
2603 1860 2681 1930 τῷ
2710 1859 2859 1928 καλῷ
2892 1858 2990 1928 τῆς
3023 1856 3316 1926 ἐπιθυμίας
3347 1856 3689 1926 χρησάμενοι

2111 1953 2317 2016 κακῶς.
2346 1952 2502 2005 Οὕτω
2529 1951 2590 2021 δὴ
2625 1951 2719 2003 καὶ
2751 1950 2842 2001 ἐπὶ
2864 1948 2962 2019 τῆς
2995 1947 3165 2018 ὀργῆς
3191 1946 3306 1998 ἔστι
3341 1946 3684 2014 λογίσασθαι,

2108 2047 2190 2100 ὅτι
2221 2045 2444 2107 δικαίως
2479 2043 2575 2114 μὲν
2626 2043 2762 2112 αὐτῇ
2811 2057 2895 2102 τις
2926 2040 3268 2110 χρησάμενος
3289 2076 3304 2101 ,
3337 2037 3413 2099 ῶς
3448 2037 3682 2102 ἔξεστιν,

2108 2139 2342 2201 εὐσεϐεῖ,
2372 2136 2520 2216 παρὰ
2548 2135 2604 2188 δὲ
2630 2135 2691 2188 τὸ
2723 2134 2917 2204 μέτρον
2945 2129 3176 2199 ἐξελθὼν
3219 2131 3312 2184 καὶ
3354 2129 3532 2199 ἐαυτῷ
3578 2129 3684 2200 τὴν

2108 2230 2289 2302 κρίσιν
2316 2225 2494 2281 λαϐὼν
2527 2225 2730 2279 ἀσεϐεῖ.

2184 2319 2248 2374 V.
2289 2318 2396 2372 Καὶ
2447 2321 2475 2371 6
2520 2316 2794 2385 Σοφωνίας
2839 2314 2998 2368 πάλιν
3045 2313 3181 2383 ἔφη’
3229 2312 3291 2365 Ἦ
3329 2310 3682 2382 μακροθυμία

2109 2430 2222 2475 σου,
2257 2410 2412 2482 κύριέ
2456 2427 2554 2481 μου
2600 2409 2794 2479 Πέτρε,
2850 2406 3159 2478 παρρησίαν
3203 2406 3332 2475 ἡμῖν
3367 2403 3678 2474 χαρίζεται,

2105 2503 2390 2573 ἀκριϐείας
2430 2500 2588 2570 χάριν
2621 2499 2762 2552 κατά
2805 2497 2973 2550 πολλά
3009 2495 3367 2548 πυνθάνεσθαί
3416 2513 3531 2547 σου.
3585 2495 3680 2560 Διὸ

2106 2594 2436 2666 θαρροῦντες
2483 2591 2645 2644 παντὶ
2690 2590 2873 2661 τρόπῳ
2915 2588 3012 2659 τὴν
3060 2587 3301 2652 ἐξέτασιν
3350 2585 3671 2656 ποιούμεθα.

2103 2686 2402 2756 Μέμνημαι
2428 2683 2626 2746 τοίνυν,
2662 2681 2737 2744 ὡς
2759 2679 2886 2751 χθές
2919 2679 3098 2749 Σίμων
3124 2679 3258 2749 πρὸς
3292 2678 3350 2730 σὲ
3383 2679 3480 2748 τὴν
3517 2676 3679 2748 ζήτη-

2105 2796 2188 2831 σιν
2221 2778 2356 2846 ἔχων
2383 2775 2507 2845 ἔφη,
2542 2776 2621 2827 ὅτι
2655 2775 2684 2825 6
2715 2773 2966 2843 πονηρὸς,
2995 2773 3042 2823 εί
3068 2771 3174 2824 ἀπὸ
3197 2770 3289 2823 τοῦ
3321 2768 3455 2822 Θεοῦ
3481 2771 3678 2836 γεγέν-

2102 2886 2258 2939 νηται
2280 2871 2344 2931 ⁸⁵,
2381 2866 2684 2929 ἀκολούθως
2711 2865 2810 2934 τῆς
2839 2865 3008 2933 αὐτῆς
3030 2863 3106 2934 τῷ
3133 2861 3450 2934 προϐαλόντι
3477 2863 3678 2932 τυγχά-

2101 2979 2181 3014 νει
2204 2960 2417 3024 ούσίας,
2451 2959 2614 3030 ωο
2639 2957 2733 3011 καὶ
2758 2955 2956 3026 ἀγαθὸς
2979 2957 3190 3024 ϐφειλεν
3217 2951 3352 3007 εἶναι
3370 2994 3385 3016 ,
3425 2954 3520 3006 καὶ
3553 2955 3675 3024 ούχὶ

435 3059 778 3113 nequaquam
797 3045 998 3098 remita
1025 3059 1144 3098 sese
1157 3044 1376 3109 habere,
1396 3061 1520 3099 cum
1555 3047 1708 3100 multi
1738 3063 1802 3100 ex
1839 3048 1997 3104 bonis
2025 3080 2030 3113 ‹

2114 3052 2288 3116 κακός.
2334 3052 2404 3105 Σὺ
2451 3051 2508 3104 δὲ
2555 3050 2851 3120 ἀπεκρίνω,
2901 3048 2975 3120 μὴ
3027 3049 3242 3110 πάντως
3287 3046 3459 3109 οὕτως
3502 3046 3670 3116 ἒχειν,

431 3137 784 3206 gignerentur
819 3135 968 3198 mali,
1014 3136 1176 3190 sicuti
1206 3152 1274 3190 ex
1300 3137 1472 3191 Adam
1500 3137 1609 3191 duo
1638 3139 1996 3205 exstitissent,

431 3230 568 3284 alter
599 3230 793 3294 bonus,
819 3229 957 3283 alter
991 3231 1186 3285 malus.
1213 3228 1422 3283 Simoni
1449 3238 1628 3284 autem
1653 3233 1920 3300 arguenti,
1949 3242 1998 3287 te

428 3322 692 3391 exemplis
725 3322 803 3376 uti
855 3322 1154 3385 humanis.
1205 3322 1566 3391 respondisti,
1617 3337 1793 3392 neque
1839 3323 1994 3390 illud,

430 3413 600 3468 Deum
633 3413 873 3484 gignere,
905 3429 972 3468 eo
1008 3413 1171 3467 modo
1195 3428 1317 3468 esse
1345 3413 1762 3479 admittendum,
1796 3416 1995 3486 quippe

427 3507 574 3574 quod
605 3505 912 3574 exemplum
943 3514 996 3559 et
1021 3506 1196 3574 ipsum
1229 3504 1301 3559 sit
1323 3505 1643 3559 humanum.
1675 3504 1784 3574 Ego
1815 3516 1993 3561 autem

429 3597 738 3667 Sophonias
781 3595 947 3650 Deum
977 3597 1198 3667 gignere
1236 3596 1490 3660 admitto,
1524 3597 1726 3651 malum
1775 3599 1997 3668 gignere

425 3705 554 3743 eum
599 3703 706 3742 non
733 3687 996 3750 concedo,
1027 3687 1243 3743 etiamsi
1281 3689 1420 3743 inter
1469 3689 1717 3745 homines
1756 3690 1884 3745 boni
1916 3691 1997 3762 gi-

426 3789 594 3850 gnant
637 3779 831 3833 malos.
865 3777 973 3832 Nec
1003 3787 1183 3834 tamen
1236 3780 1401 3834 credo
1424 3821 1440 3847 ,
1476 3797 1562 3836 me
1607 3783 1844 3837 absurde
1887 3784 1992 3837 alia

2099 3145 2287 3198 καθότι
2314 3144 2498 3197 πολλοὶ
2528 3142 2586 3208 ἐξ
2618 3141 2835 3211 ἀγαθῶν
2862 3141 3020 3194 κακοὶ
3044 3139 3354 3208 γεννῶνται,
3389 3137 3577 3208 ῶσπερ
3607 3139 3674 3190 ἐκ

2098 3236 2192 3290 τοῦ
2234 3237 2400 3307 Ἀδάμ
2425 3234 2596 3288 ὁποῖοί
2635 3251 2777 3294 τινες
2812 3232 2962 3296 ὅντες
2992 3231 3085 3283 δύο
3126 3229 3514 3300 ἐγεννήθησαν,
3542 3221 3616 3282 ὧν
3641 3231 3672 3282 6

2103 3327 2200 3399 μὲν
2221 3322 2289 3398 ἦν
2313 3324 2502 3387 κακὸς,
2527 3325 2555 3376 6
2587 3323 2631 3376 δ’
2658 3322 2872 3390 ἀγαθός.
2923 3321 3028 3374 Τοῦ
3062 3321 3117 3373 δέ
3153 3321 3393 3390 Σίμωνος
3419 3321 3671 3372 αἰτιασα-

2101 3419 2285 3489 μένου,
2318 3418 2398 3470 ὅτι
2423 3415 2778 3486 ἀνθρωπίνοις
2806 3415 3019 3484 ἐχρήσω
3045 3411 3500 3482 παραδείγμασιν,
3529 3413 3668 3464 ἀπε-

2097 3507 2286 3579 κρίνω,
2320 3507 2401 3559 ὅτι
2464 3504 2638 3575 τούτῳ
2669 3504 2745 3574 τῷ
2779 3503 2919 3573 λόγῳ
2965 3502 3082 3555 οὐδὲ
3126 3501 3186 3553 τὸ
3233 3501 3490 3572 γεννῆσαι
3536 3502 3670 3556 Θεὸν

2097 3595 2501 3670 παρώέξασθαι
2527 3597 2638 3648 δεῖ·
2675 3593 3009 3666 ἀνθρώπινον
3035 3593 3142 3664 γὰρ
3171 3593 3262 3646 καὶ
3292 3593 3449 3645 τοῦτο
3473 3593 3535 3645 1:6
3562 3611 3669 3646 πα-

2098 3691 2382 3762 ράδειγμα.
2431 3687 2572 3756 Ἐγὼ
2603 3687 2659 3741 δὲ
2687 3687 2965 3755 Σοφωνίας
3001 3685 3062 3738 τὸ
3098 3685 3196 3756 μὲν
3230 3686 3490 3754 γεννῆσαι
3534 3685 3669 3738 Θεὸν

2095 3779 2504 3851 παραδέχομαι,
2538 3775 2599 3829 τὸ
2640 3777 2695 3828 δὲ
2728 3775 2895 3828 κακὸν
2943 3775 3198 3845 γεννῆσαι
3241 3774 3301 3827 ού
3346 3775 3663 3845 προσίεμαι,

423 3885 641 3936 eorum,
683 3885 805 3940 quae
841 3870 1128 3924 hominum
1176 3870 1306 3935 sint,
1359 3870 1470 3926 Deo
1515 3874 1839 3939 attribuere,
1885 3875 1991 3928 alia

2114 3876 2198 3928 ιᾶν
2217 3875 2325 3928 τῶν
2356 3871 2658 3944 ἀνθρώπων
2703 3873 2751 3924 oi
2783 3869 2976 3938 ἀγαθοὶ
3021 3868 3223 3931 κακοὺς
3261 3868 3513 3937 γεννῶσι.
3555 3869 3668 3920 Kal.

425 3975 557 4025 non,
587 3976 713 4016 eum
755 3961 1013 4027 alterum,
1054 3961 1296 4032 gignere,
1343 3963 1733 4029 concesserim,
1775 3979 1881 4018 non
1917 3965 1992 4019 ita

2114 3971 2170 4040 ιή
2194 3987 2276 4024 τοι
2301 3967 2528 4038 νομίσας
2557 3982 2623 4036 με
2646 3964 2854 4032 ἀλόγως
2889 3962 2996 4016 τῶν
3033 3960 3338 4032 ἀνθρώποις
3373 3959 3664 4030 διαφερόν-

423 4052 676 4116 alterum,
707 4051 907 4120 dispari
946 4051 1108 4105 modo
1142 4051 1379 4120 gignere.
1421 4049 1555 4103 Nam
1583 4051 1831 4107 homines
1861 4053 1994 4107 libe-

2114 4077 2200 4113 των
2226 4059 2341 4111 ἔνια
2371 4057 2468 4127 μὲν
2511 4056 2589 4126 τῷ
2630 4053 2749 4125 Θεῷ
2786 4052 3110 4113 ἀποδιδόναι,
3138 4050 3255 4103 ἔνια
3282 4049 3339 4102 δὲ
3365 4047 3447 4111 οὓ,
3474 4047 3664 4119 ἐπειδὴ

424 4158 514 4196 ros
545 4151 604 4196 ut
637 4159 733 4211 par
761 4151 845 4195 est
869 4141 1166 4196 dissimiles
1198 4143 1438 4212 ipsorum
1467 4143 1717 4197 consiliis
1756 4143 1896 4198 hanc
1922 4144 1992 4198 ob

2114 4149 2152 4202 :6
2177 4149 2275 4220 μὲν
2301 4147 2559 4216 γεννῆσαι
2583 4145 2794 4214 δίδωμι,
2823 4144 2884 4196 τὸ
2908 4142 2963 4194 δὲ
2990 4142 3240 4211 ἀνόμοιον
3276 4138 3442 4193 αὐτοῦ
3466 4139 3664 4208 γεννῆ-

421 4247 647 4286 causam
681 4241 990 4301 procreant.
1033 4231 1171 4285 Cum
1215 4241 1452 4302 quatuor
1485 4233 1734 4301 partibus
1765 4249 1989 4303 compo-

2114 4259 2182 4295 παι
2231 4240 2332 4292 οὐκ
2372 4237 2689 4308 ἀποδίδωμι.
2724 4237 2785 4289 Οἱ
2824 4236 2921 4305 μὲν
2953 4233 3062 4304 γάρ
3095 4233 3369 4304 ἀνθρωποι
3415 4230 3556 4284 κατά
3599 4229 3663 4283 τὸ

422 4333 642 4387 nantur,
681 4324 979 4378 secundum
1015 4323 1162 4377 varia
1188 4323 1314 4378 anni
1342 4333 1588 4394 tempora
1624 4326 1771 4379 varie
1798 4342 1988 4379 eorum

2114 4330 2234 4392 13:6;
2260 4328 2546 4398 ἀνομοίους
2576 4329 2694 4388 ταῖς
2724 4323 2928 4377 ἑαυτῶν
2952 4322 3193 4393 γνώμαις
3216 4320 3476 4391 γεννῶσιν
3510 4321 3662 4383 υἱοὺς

419 4428 647 4482 corpora
682 4423 988 4480 vertuntur,
1009 4413 1078 4467 ita
1112 4423 1172 4467 ut
1196 4414 1248 4466 in
1276 4430 1504 4483 corpore
1533 4415 1771 4469 humano
1795 4433 1988 4470 secun-
2021 4402 2030 4458 Ῑ

2114 4422 2178 4475 ῐιά
2208 4421 2458 4491 τοιαύτην
2498 4417 2690 4472 αἰτίαν.
2737 4417 2830 4468 Ἐκ
2859 4417 3138 4485 τεσσάρων
3175 4413 3282 4484 γὰρ
3329 4411 3661 4474 συνεστῶτες

419 4507 1110 4578 dumquodvistempusid,
1135 4506 1277 4576 quod
1294 4507 1420 4560 anni
1437 4508 1669 4576 tempori
1705 4509 1986 4577 pr0prium

2114 4513 2274 4585 ιερῶν
2325 4511 2465 4565 κατά
2507 4509 2604 4572 τὰς
2653 4509 2939 4580 διαφόρους
2981 4505 3187 4577 τροπὰς
3223 4505 3492 4575 διαφόρως
3534 4505 3658 4575 τρέ-

420 4593 516 4658 sit,
577 4604 789 4649 crescat
835 4604 930 4648 aut
961 4597 1241 4650 decrescat
1270 4607 1661 4667 congruentem
1695 4598 1984 4653 misturam

2114 4622 2282 4659 τονται
2314 4602 2381 4655 τὰ
2417 4601 2664 4672 σώματα,
2693 4599 2768 4662 ὡς
2806 4599 2898 4652 καὶ
2919 4599 2964 4630 ⁸⁵
2988 4600 3043 4650 ἐν
3079 4595 3398 4666 ἀνθρωπείῳ
3444 4593 3655 4666 σώματι

417 4689 623 4742 delens.
651 4686 785 4742 Nam
813 4689 1020 4742 semina
1060 4697 1494 4756 temperatorum
1528 4705 1633 4744 non
1666 4705 1882 4760 semper
1907 4692 1980 4746 ita

2114 4693 2212 4746 ιαθ’
2240 4693 2466 4744 ἕκαστον
2493 4689 2681 4759 καιρὸν
2707 4687 2766 4740 τὸ
2789 4688 2886 4758 τῆς
2909 4688 3116 4759 τροπῆς
3139 4685 3268 4738 ἴδιον
3292 4683 3655 4754 αὐξανόμενον

416 4781 850 4849 per-manentium
900 4780 1035 4835 alias
1079 4781 1234 4834 aliter
1273 4781 1561 4835 commista
1603 4791 1983 4852 segregantur,

2114 4784 2122 4855 ᾗ
2162 4781 2546 4850 ἐλαττούμενον
2571 4779 2669 4850 τὴν
2700 4777 3009 4848 σύμμετρον
3056 4777 3251 4848 κρᾶσιν
3289 4773 3488 4827 ἀθετεῖ.
3533 4774 3654 4827 Τῶν

417 4887 589 4941 eaque
605 4872 901 4926 secundum
929 4873 1187 4942 temporis
1210 4872 1517 4926 mistionem
1548 4881 1602 4926 et
1637 4875 1865 4928 consilia
1899 4891 1986 4929 se-

2114 4875 2193 4946 ’ἀρ
2232 4871 2629 4941 συγκραμάτων
2650 4868 2695 4900 ’⁸
2726 4869 2824 4939 οὑχ
2861 4867 3120 4930 ὡσαύτως
3161 4866 3247 4918 ἀεὶ
3292 4867 3654 4934 διαμενόντων

415 4972 657 5032 qunutur
680 4964 793 5017 sive
808 4965 946 5018 bona
961 4965 1075 5019 sive
1090 4963 1335 5019 mala.At
1361 4965 1466 5018 tale
1493 4964 1621 5033 quid
1639 4965 1705 5019 de
1738 4965 1844 5020 Deo
1871 4982 1978 5019 non

2119 4969 2152 5020 ἀ
2196 4966 2484 5037 σπέρματα
2528 4962 2714 5015 ἀλλοτε
2757 4961 2919 5032 ἀλλην
2963 4960 3154 5030 ἔχοντα
3179 4963 3376 5032 κρᾶσιν
3419 4959 3652 5030 ἀποκρί-

414 5064 499 5108 est
546 5055 915 5110 statuendum.
951 5055 1084 5112 Nam
1121 5073 1245 5111 cum
1296 5057 1651 5111 immutabilis
1698 5057 1771 5112 sit
1813 5067 1977 5127 atque

2115 5077 2297 5121 ονται,
2344 5054 2422 5122 οἷς
2477 5056 2612 5128 πρὸς
2660 5055 2759 5126 τὴν
2809 5052 2902 5105 τοῦ
2962 5052 3154 5123 καιροῦ
3205 5055 3402 5122 κρᾶσιν
3452 5051 3548 5104 κα)⁵
3592 5052 3652 5102 αί

413 5153 682 5210 aeternus,
711 5148 932 5216 quando
960 5165 1146 5203 creare
1177 5149 1313 5215 vult,
1355 5159 1698 5218 procreatum
1729 5151 1976 5220 ejusdem

2114 5151 2297 5220 ’νῶμαι
2324 5151 2542 5202 ἕπονται
2569 5148 2678 5200 εἴτε
2704 5143 2928 5212 ἀγαθαὶ,
2952 5144 3064 5196 εἴτε
3094 5143 3288 5198 κακαί.
3332 5143 3534 5196 Ἐπὶ.δέ
3555 5141 3651 5194 τοῦ

415 5237 559 5290 modi
590 5252 655 5291 ac
693 5248 992 5294 creatorem
1029 5256 1150 5296 esse
1192 5250 1423 5310 oportet,
1449 5243 1591 5312 quod
1623 5243 1687 5296 ad
1717 5243 1976 5298 substan-

2114 5244 2216 5298 leoi'i
2251 5244 2352 5296 οὐκ
2383 5242 2497 5295 ἐστι
2520 5256 2573 5292 τι
2603 5237 2837 5292 τοιοῦτον
2869 5235 3214 5304 λογίσασθαι·
3247 5235 3516 5304 ἄτρεπτον
3541 5232 3648 5302 γάρ

416 5328 543 5381 tiam
578 5329 782 5384 scilicet
809 5340 861 5386 et
895 5344 1152 5387 mentem.
1199 5331 1306 5386 Sed
1335 5333 1380 5388 si
1417 5333 1541 5403 quis
1585 5350 1714 5389 eum
1748 5347 1971 5406 quoque

2115 5338 2171 5392 αὶ
2192 5337 2279 5391 ἀεὶ
2304 5336 2398 5403 ὢν,
2423 5332 2665 5409 ὁπ[όταν]
2677 5334 2720 5366 ⁹¹
2751 5329 3071 5404 προϐάλλειν
3097 5329 3403 5401 βουληθείη,
3434 5328 3647 5395 ἀνάγκη

1669 5508 1903 5564 ἾΑΒΙᾸΞ
1942 5508 2340 5565 LECTIONES.

482 5625 526 5658 ⁹⁶
549 5627 837 5701 γεγένηται
867 5632 927 5684 0.
1001 5630 1048 5665 ”
1083 5629 1174 5683 καὶ
1204 5627 1282 5701 ὡς
1336 5624 1496 5701 ρηὼς
1541 5624 1641 5701 Δκαί
1812 5626 1859 5701 θξ
1900 5623 1976 5701 ita
2025 5625 2110 5701 τιό.Δ
2133 5641 2286 5682 oram
2326 5626 2471 5690 cod.,
2519 5621 2918 5693 συγγραμάτων
2967 5619 3022 5674 in
3061 5625 3232 5675 textu.
3308 5617 3354 5652 ⁹⁷
3390 5616 3476 5671 ὄπ’
3512 5616 3640 5689 (sic)

415 5712 528 5768 seq.
549 5696 745 5756 lacuna
766 5701 831 5758 0.
867 5701 1119 5758 Fortasse
1160 5697 1505 5756 scribendum
1537 5698 1642 5767 ὅπη
1675 5697 1742 5752 ἀν
1775 5696 1857 5754 vel
1902 5697 2050 5760 ὅπως
2081 5697 2166 5750 ἀν.
