3860 6210
227 294 325 353 ιΓῦ

1247 293 1711 354 οιΕΜΕΝπΝΑ.
1749 323 1804 338 ι-
1858 291 2135 351 IlOMILIA
2179 293 2299 351 ιι.

3371 294 3470 350 854

225 418 368 472 πᾶσα
411 415 477 474 τὸ
520 416 951 490 προϐαλλόμενον
991 416 1144 489 αὐτῷ
1185 416 1450 479 ὡσαύτως
1494 410 1686 487 [εἶναι]
1726 413 1788 466 τὰ

1902 414 2220 468 mutabilem
2251 413 2434 467 dicere
2463 412 2611 480 velit,
2648 413 2796 470 haud
2839 430 2974 471 sane
3022 415 3289 489 intelligo,
3331 430 3470 485 quo-

220 511 389 564 πάντα
409 508 489 580 τῷ
509 509 881 579 γεγεννηκότι,
907 512 1010 581 τήν
1032 526 1093 563 τε
1128 507 1288 581 ωι
1314 508 1504 560 οὐσίαν
1528 506 1673 575 λέγω
1698 506 1788 559 καὶ

1897 505 2063 559 modo
2091 519 2218 559 eum
2248 502 2611 559 immortalem
2646 504 2918 562 allirmare
2946 516 3129 577 queat.

214 602 313 672 τὴν
332 600 577 672 γνώμην.
600 601 746 673 suae
766 600 1033 673 θελήσῖειὲ
1057 618 1143 665 τις
1165 600 1259 653 καὶ
1280 599 1442 654 αὑτὸν
1458 597 1689 671 τρεπτὸν
1708 596 1793 651 λέ-

216 710 349 764 γειν,
364 693 464 747 οὐκ
484 689 624 758 οἶδα,
650 694 768 758 πῶς
782 694 877 747 καὶ
897 693 1160 748 ἀθάνατον
1181 693 1356 746 εἰπεῖν
1370 690 1591 745 δύναται
1611 688 1789 743 αὐτόν.

284 806 369 862 VI.
409 806 596 861 Ταῦτα
625 808 654 861 ὁ
682 807 888 877 Πέτρος
917 804 1157 869 ἀκούσας
1183 804 1278 859 καὶ
1320 804 1494 877 βραχὺ
1541 802 1632 855 ἐπὶ
1672 818 1796 854 συν-

221 901 358 964 θοίας
383 900 675 973 γενόμενος
703 899 809 971 ἔφη
827 916 841 929 ο
860 899 973 952 Οὐκ
1002 898 1156 970 οἶμαι
1177 937 1192 961 ,
1221 896 1345 950 τινὰ
1374 894 1633 950 δύνασθαι
1663 895 1793 965 περὶ

214 992 449 1065 πονηροῦ
475 992 856 1065 διαλεγόμενον
887 992 961 1064 μὴ
984 989 1147 1044 αὑτοῦ
1169 989 1262 1044 τοῦ
1289 987 1529 1060 πονηροῦ
1550 987 1613 1040 τὸ
1634 985 1792 1059 θέλη-

218 1102 289 1155 μα
309 1088 501 1139 ποιεῖν.
521 1084 681 1163 'UO‘ev
703 1081 861 1136 τοῦτο
884 1082 1013 1136 αὐτὸ
1036 1081 1213 1145 εἰδὼς,
1231 1080 1331 1133 οὐκ
1360 1075 1475 1132 οἶδα
1496 1076 1550 1131 τί
1575 1075 1789 1148 πράξω,

215 1179 433 1251 πότερον
464 1179 728 1248 σιωπήσω
754 1175 786 1247 ἢ
811 1175 1044 1246 λαλήσω.
1076 1175 1141 1227 Ei
1173 1172 1271 1245 μὲν
1307 1172 1666 1243 σιωπήσαιμι,
1696 1169 1791 1239 γέ-

212 1268 350 1323 λωτα
379 1269 519 1341 πρὸς
546 1270 673 1332 τοὺς
701 1267 931 1331 πολλοὺς
959 1266 1254 1337 όφλήσαιμι
1285 1263 1351 1318 ἂν
1374 1305 1390 1329 ,
1422 1263 1503 1317 ὅτι
1533 1261 1790 1333 ἀλήθειαν

213 1359 678 1431 ἐπαγγελλόμενος
728 1358 1025 1431 κηρύσσειν
1070 1356 1164 1409 τὸν
1210 1353 1340 1426 περὶ
1388 1353 1589 1417 κακίας
1634 1352 1789 1421 λόγον

212 1451 386 1521 ἀγνοῶ
404 1468 419 1482 ’
443 1452 493 1504 εί
516 1451 576 1504 δὲ
599 1452 806 1522 εἴποιμι
825 1490 841 1515 ,
872 1448 1142 1521 φοϐοῦμαι
1168 1488 1183 1512 ,
1212 1448 1287 1520 μὴ
1314 1448 1421 1518 ἄρα
1446 1447 1548 1499 οὐκ
1576 1444 1786 1516 ἀρέσκῃ

212 1543 326 1615 Θεῷ
352 1542 634 1614 ζητεῖσθαι
655 1542 716 1596 τὸ
743 1541 933 1609 κακὸν,
951 1541 1088 1595 ἀλλὰ
1113 1540 1174 1594 τὸ
1202 1538 1405 1608 ἀγαθὸν
1437 1538 1615 1609 μόνον.
1640 1535 1787 1621 Πλὴν

213 1636 303 1689 καὶ
319 1636 447 1707 ὑμῖν
477 1636 563 1699 εἰς
586 1634 677 1688 τὸν
698 1634 965 1703 Σοφωνίου
994 1633 1152 1702 λόγον
1174 1630 1273 1695 τὰς
1305 1630 1445 1702 ὲμάς
1490 1626 1788 1700 ὑπολήψεις

212 1727 419 1797 ποιήσω
474 1726 883 1799 φανερωτέρας.
944 1724 1271 1796 Συντίθεμαι
1325 1719 1480 1791 κάγὼ
1513 1760 1537 1795 ,ί
1589 1720 1671 1774 ὅτι
1723 1720 1785 1773 οὺ

1966 777 2055 835 Ἥ.
2095 778 2306 846 Quibus
2334 781 2535 837 auditis
2564 798 2690 839 cum
2719 782 2913 840 Petrus
2941 785 3223 855 paululum
3255 788 3469 857 cogita-

1894 869 2111 927 bundus
2143 873 2408 941 sedisset,
2442 877 2721 947 respondit
2751 896 2764 932 :
2800 876 2917 933 Non
2948 878 3116 935 credo
3156 894 3318 950 posse
3371 880 3473 934 all-

1891 978 2053 1033 quem
2080 965 2147 1019 de
2176 965 2323 1020 malo
2353 966 2543 1038 loqui,
2577 967 2682 1023 nisi
2715 968 2882 1025 faciat
2910 972 3077 1026 simul
3108 973 3238 1027 mali
3270 973 3471 1027 volun-

1890 1062 2083 1109 tatem.
2115 1053 2307 1122 Quare
2328 1098 2344 1122 ,
2376 1073 2501 1112 cum
2536 1059 2639 1114 hoc
2669 1060 2846 1130 ipsum
2877 1063 3081 1130 sciam,
3109 1064 3317 1128 dubito,
3335 1065 3466 1134 quid

1891 1145 2087 1200 faciam
2108 1187 2123 1212 ,
2158 1155 2344 1203 utrum
2377 1149 2567 1204 sileam
2599 1167 2667 1206 an
2704 1152 2916 1223 loquar.
2951 1154 3007 1208 Si
3036 1155 3183 1213 enim
3216 1163 3462 1220 taceam,

1889 1237 2063 1291 risum
2097 1237 2241 1307 apud
2269 1240 2474 1295 multos
2504 1257 2750 1297 moveam
2770 1284 2786 1311 ,
2820 1256 2879 1299 ut
2906 1246 2999 1315 qui
3021 1285 3037 1310 ,
3064 1247 3345 1301 veritatem
3378 1262 3465 1303 me

1886 1331 2287 1402 explicaturum
2316 1334 2603 1405 professus
2622 1375 2637 1399 ,
2666 1336 2734 1391 de
2764 1338 2970 1392 malitia
2998 1338 3148 1408 loqui
3175 1338 3414 1393 nesciam
3444 1357 3461 1406 ;

1887 1423 1971 1477 sin
2013 1424 2227 1495 loquar,
2266 1425 2435 1480 timeo
2472 1441 2539 1481 ne
2574 1427 2688 1481 Deo
2722 1428 3013 1497 displiceat
3043 1429 3361 1498 disquisitio
3394 1431 3464 1484 de

1888 1514 2035 1569 malo
2073 1516 2362 1583 instituta,
2401 1518 2604 1587 quippe
2642 1518 2731 1573 cui
2770 1534 2881 1574 non
2919 1520 3025 1574 nisi
3060 1520 3370 1590 disquisitio
3397 1522 3467 1575 de

1887 1604 2032 1660 bono
2086 1606 2317 1677 placeat.
2378 1608 2633 1663 Attamen
2680 1625 2806 1680 quae
2849 1610 2918 1665 ad
2972 1610 3268 1681 Sophoniaa
3296 1614 3469 1667 inter-

1886 1700 2222 1769 rogationem
2268 1703 2562 1771 respondi,
2620 1702 2786 1757 etiam
2831 1702 3037 1759 clarius
3082 1704 3240 1760 vobis
3291 1704 3467 1775 expli-

212 1791 384 1874 πάντα
410 1791 818 1891 τρὶ-ἀνθρὼπων
843 1817 1153 1872 ἀποδιδόναι
1176 1791 1261 1871 δεῖ
1287 1814 1366 1887 τῷ
1393 1794 1537 1885 Θεῷέ
1579 1812 1788 1866 Αὐτίκα

1891 1792 2049 1845 cabo.
2105 1791 2217 1862 Ego
2254 1808 2476 1863 quoque
2517 1794 2763 1849 concedo
2786 1835 2803 1861 ,
2842 1809 2952 1849 non
2982 1797 3168 1850 omnia
3203 1811 3325 1866 qua:
3363 1798 3463 1851 ho-

212 1911 337 1981 γοῦν
363 1914 413 1966 οἱ
443 1913 729 1986 ἄνθρωποι
758 1911 859 1965 οὐκ
886 1912 1099 1983 ἔχοντες
1128 1909 1197 1963 τὰ
1226 1908 1454 1981 σώματα
1484 1905 1695 1978 τρεπτὰ
1722 1907 1784 1959 οὐ

212 2003 500 2071 τρέπονται
525 2042 541 2068 ,
573 2001 712 2056 ἀλλά
737 2002 916 2075 χρόνῳ
942 2001 1047 2055 ὑπὸ
1073 2000 1181 2053 τῶν
1204 1997 1423 2071 τροπῶν
1444 1995 1787 2051 ἀλλοιοῦσθαι

213 2093 366 2166 φύσιν
395 2096 638 2167 ἔχουσιν.
684 2094 744 2149 ὀ
775 2095 831 2147 δὲ
860 2094 992 2157 Θεὸς
1015 2093 1114 2163 οὐχ
1149 2091 1323 2156 οὕτως
1345 2107 1360 2121 ·
1392 2089 1498 2144 ὑπὸ
1536 2089 1646 2160 γὰρ
1688 2086 1785 2141 τοῦ

211 2189 445 2259 ἐμφύτου
471 2188 784 2260 πνεύματος
809 2185 973 2241 αὐτοῦ
1004 2186 1301 2259 ἀπορρήτῳ
1322 2183 1544 2255 δυνάμει
1565 2226 1579 2249 ,
1603 2183 1785 2235 όποϊον

211 2277 555 2352 ἀν’βούληται
576 2322 593 2347 ,
613 2279 823 2349 γίνεται
840 2277 901 2331 τὸ
924 2277 1101 2348 σῶμα.
1126 2277 1236 2331 Καὶ
1254 2273 1425 2347 ταύτῃ
1449 2272 1647 2346 μᾶλλον
1671 2271 1788 2327 ἐστι

209 2371 495 2427 πιστεῦσαι
516 2415 533 2439 ,
632 2370 728 2425 καὶ
759 2370 789 2422 ὁ
818 2370 926 2441 ἀὴρ
960 2370 1089 2440 παρ’
1121 2367 1287 2421 αὑτοῦ
1333 2365 1590 2436 τοιαύτην
1633 2363 1787 2436 εἰλη-

212 2464 320 2533 φὼς
354 2466 519 2535 φύσιν
555 2463 662 2517 ὑπὸ
686 2460 782 2515 τοῦ
825 2461 988 2515 αὑτὸν
1031 2461 1311 2533 διήκοντος
1357 2458 1651 2529 ἀσωμάτου
1691 2455 1784 2529 νοῦ

211 2557 287 2619 είς
305 2555 495 2628 δρόσον
522 2556 756 2628 τραπεὶς
783 2554 876 2609 καὶ
897 2551 1192 2624 παχυνθεὶς
1212 2552 1422 2620 γίνεται
1454 2549 1618 2621 ὕδωρ,
1641 2547 1787 2620 ὕδωρ

216 2646 269 2699 δὲ
314 2647 489 2715 παγὲν
534 2646 674 2700 λίθοι
718 2646 815 2700 καὶ
843 2646 955 2717 γῆ,
999 2644 1095 2698 καὶ
1139 2643 1278 2697 λίθοι
1318 2642 1377 2697 δὲ
1420 2640 1787 2714 συρρήξαντες

214 2738 318 2811 πῦρ
345 2737 696 2803 ὲξάπτουσιν.
732 2736 989 2791 Τοιοῦτον
1012 2738 1156 2789 κατὰ
1189 2732 1489 2806 μεταϐολὴν
1526 2733 1620 2785 καὶ
1658 2748 1786 2803 τρο-

216 2830 316 2903 πὴν
356 2831 385 2883 ὁ
432 2830 544 2903 ἀὴρ
593 2829 736 2902 ὕδωρ
780 2829 848 2883 τά
890 2828 1086 2902 πρῶτα
1114 2825 1353 2897 γεγονὼς
1378 2826 1457 2888 είς
1485 2821 1598 2895 πῦρ
1629 2819 1784 2894 ἔληξε

214 2921 297 2975 διὰ
320 2921 426 2974 τῶν
452 2920 675 2995 τροπῶν
699 2963 714 2988 ,
742 2922 837 2975 καὶ
864 2920 924 2974 τὸ
952 2918 1119 2991 ὑγρὸν
1149 2919 1230 2981 είς
1268 2916 1368 2988 τὴν
1406 2913 1654 2968 ἐναντίαν
1685 2913 1790 2983 φύ-

218 3026 295 3061 σιν
342 3010 681 3082 μετετράπη.
730 3009 795 3062 Τί
832 3007 929 3073 δὲ;
978 3006 1101 3077 οὐχὶ
1146 3005 1241 3060 καὶ
1285 3005 1385 3076 τὴν
1428 3001 1709 3065 Μωῦσέως
1737 3000 1785 3034 ’⁸

220 3098 403 3169 ῥάϐδον
454 3100 484 3151 ὁ
532 3097 670 3161 Θεὸς
712 3095 938 3170 ἔτρεψεν
990 3100 1071 3160 είς
1120 3094 1292 3159 ζῶον,
1349 3094 1584 3165 ποιήσας
1638 3092 1782 3159 ὅφιν,

1888 1883 2091 1938 mim-m
2144 1885 2289 1952 sint,
2341 1885 2457 1940 Deo
2496 1901 2619 1942 esse
2666 1887 3031 1942 attribuenda.
3078 1886 3199 1943 Jam
3244 1890 3470 1959 quidem

1886 1974 2139 2031 homines
2164 2016 2179 2041 ,
2217 1977 2421 2048 quibus
2460 1993 2692 2050 corpora
2733 1979 3101 2035 immutabil-ia
3138 1991 3310 2049 sunt,
3354 1996 3463 2037 non

1884 2079 2196 2138 mutantur,
2235 2072 2330 2129 sed
2372 2072 2610 2127 indolem
2654 2073 2857 2129 habent
2892 2089 3018 2129 cum
3055 2075 3185 2129 anni
3223 2074 3466 2145 tempore

1885 2165 2158 2220 variandi.
2194 2165 2266 2221 At
2298 2180 2407 2221 non
2448 2165 2525 2220 ita
2564 2167 2742 2234 Deus;
2788 2182 2915 2221 nam
2960 2167 3111 2224 illius
3162 2168 3357 2237 spiritu
3411 2169 3462 2224 ei

1885 2258 2077 2312 innato
2104 2271 2307 2313 arcana
2337 2258 2392 2312 vi
2422 2272 2629 2328 corpus
2660 2257 2750 2324 fit,
2777 2257 2943 2328 quale
2980 2257 3098 2329 ipse
3132 2261 3272 2314 vult.
3300 2258 3458 2326 Quod

1884 2363 1952 2404 eo
1980 2350 2158 2421 magis
2186 2350 2519 2406 credendum
2546 2390 2562 2417 ,
2592 2365 2717 2405 cum
2747 2365 2840 2404 aer
2865 2365 2963 2420 per
2986 2365 3111 2405 eum
3134 2391 3150 2415 ,
3178 2351 3230 2405 id
3258 2360 3342 2406 est
3368 2367 3465 2421 per

1886 2443 2263 2512 incorpoream
2295 2451 2534 2497 mentem
2566 2444 2621 2496 in
2654 2457 2780 2498 eum
2817 2442 3071 2497 diffusam
3096 2485 3113 2511 ,
3147 2441 3462 2498 facultatem

1886 2536 2191 2605 acceperit,
2217 2544 2280 2590 ut
2309 2535 2363 2589 in
2395 2536 2661 2606 liquorem
2697 2550 2889 2591 versus
2920 2544 2977 2590 et
3003 2544 3292 2590 concretus
3318 2551 3461 2606 aqua

1887 2628 2018 2693 fiat,
2064 2642 2209 2699 aqua
2252 2637 2434 2683 autem
2479 2636 2734 2682 concreta
2783 2636 3025 2682 mutetur
3066 2626 3121 2681 in
3166 2627 3372 2697 lapides
3408 2638 3465 2684 et

1889 2730 2086 2777 terram
2109 2764 2124 2787 ,
2159 2727 2215 2775 et
2241 2720 2451 2790 lapides
2480 2718 2731 2774 confricti
2763 2719 2942 2789 ignem
2974 2720 3299 2775 accendant.
3346 2719 3462 2777 Hoc

1890 2812 2054 2866 modo
2101 2826 2197 2865 aer
2243 2820 2366 2882 post
2412 2810 2824 2865 translationem
2872 2818 2928 2864 et
2974 2811 3459 2866 commutationem

1888 2903 2126 2971 primum
2156 2901 2379 2972 quidem
2405 2917 2546 2971 aqua
2580 2900 2761 2956 factus
2791 2915 2888 2970 per
2914 2900 3306 2956 conversiones
3337 2916 3459 2956 ces-

1888 2992 2047 3049 sabat
2074 2993 2130 3048 in
2160 2992 2338 3064 ignem
2360 3033 2377 3059 ,
2405 3001 2461 3047 et
2490 2992 2774 3046 humidum
2820 2991 2873 3045 in
2918 2991 3250 3046 contrariam
3298 3002 3465 3047 natu-

1889 3101 2006 3139 ram
2063 3081 2393 3140 mutabatur.
2457 3082 2600 3151 Quid
2644 3084 2820 3138 vero?
2872 3081 3064 3137 Nonne
3106 3082 3251 3138 Deus
3291 3083 3459 3138 etiam

215 3148 271 3244 ἱᾴ
296 3148 863 3264 τέοὲλιᾷμέτθέξτρεῷέέ
874 3148 953 3253 ei;
979 3148 1147 3262 562'
1169 3148 1391 3259 ρἀδον;
1414 3148 1588 3240 ulla?
1615 3148 1784 3254 αὐτῆς

1891 3173 2093 3245 Moysis
2147 3174 2354 3245 virgam
2404 3148 2711 3228 in'animal
2763 3173 2966 3235 vertit,
3021 3185 3327 3241 serpentem
3372 3171 3459 3227 fa-

217 3281 268 3335 δὲ
291 3284 385 3355 τῆς
409 3284 717 3355 τραπείσης
746 3282 941 3355 ῥάϐδου
970 3281 1030 3333 τὸ
1060 3279 1253 3332 Νείλου
1282 3277 1425 3348 ὕδωρ
1455 3274 1679 3348 ἔτρεψεν
1706 3274 1787 3337 είς

221 3370 347 3445 αἷμα
365 3418 379 3443 ,
404 3376 433 3429 ὃ
458 3376 557 3430 καὶ
586 3373 747 3429 πάλιν
778 3371 1139 3445 μετέστρεψεν
1168 3371 1247 3433 είς
1280 3367 1424 3439 ὕδωρ
1449 3383 1464 3432 ;
1505 3364 1666 3420 Ἀλλά
1691 3363 1788 3417 καὶ

219 3465 301 3519 τὸν
327 3467 612 3539 ἄνθρωπον
631 3508 646 3533 ,
675 3463 806 3536 χοῦν
833 3463 963 3516 ὄντα
982 3505 995 3527 ,
1018 3462 1371 3532 ὲμφυσήματι
1413 3457 1584 3528 πνοῆς
1630 3453 1787 3527 μετέ-

223 3559 434 3630 στρεψεν
456 3560 536 3623 είς
563 3557 741 3629 σάρκα
759 3598 775 3623 ,
833 3555 928 3609 καὶ
953 3552 1114 3607 πάλιν
1146 3549 1508 3623 μετέστρεψεν
1530 3549 1611 3611 είς
1633 3545 1783 3619 χοῦν.

222 3652 346 3721 Οὐχὶ
370 3651 425 3705 δὲ
452 3648 699 3720 Μωῦσῆς
726 3646 888 3710 αὐτὸς
918 3643 1053 3717 σὰρξ
1077 3643 1153 3697 ὣν
1182 3644 1261 3706 είς
1290 3642 1544 3713 μέγιστον
1573 3640 1787 3712 ἐτράπη

224 3742 331 3812 φῶς
348 3784 363 3808 ,
391 3742 466 3806 ὡς
499 3741 577 3812 μὴ
610 3737 904 3810 δυνηθῆναι
931 3735 1058 3798 τοὺς
1086 3734 1239 3795 υἱοὺς
1296 3730 1512 3804 Ἰσραὴλ
1540 3730 1787 3784 ἀντιϐλέ-

222 3826 313 3896 ψαι
330 3826 475 3899 αὐτῷ
499 3844 514 3893 ;
544 3824 736 3895 Πολλῷ
762 3818 855 3878 οὖν
886 3823 1082 3894 μᾶλλον
1107 3823 1137 3875 ὁ
1167 3820 1301 3887 Θεὸς
1326 3819 1519 3876 ἑαυτὸν
1541 3820 1785 3893 τρέπειν,

224 3920 297 3983 είς
321 3919 349 3973 ὃ
374 3919 626 3992 βούλεται
652 3956 666 3982 ,
691 3914 1061 3980 δυνατώτατός
1089 3915 1258 3969 ἐστιν.

292 4124 398 4180 ΠΙ.
450 4123 592 4178 Ἀλλ’
626 4121 762 4186 ἴσως
786 4137 872 4183 τις
903 4118 1058 4192 ὑμῶν
1088 4118 1345 4191 ἐνόησεν,
1378 4119 1460 4173 ὅτι
1494 4116 1650 4182 ἄλλος
1690 4113 1789 4189 μὲν

230 4214 311 4269 ὁπ’
341 4215 495 4270 ἄλλου
524 4213 781 4285 γενέσθαι
812 4230 866 4265 τι
898 4210 1119 4265 δύναται
1143 4251 1158 4277 ,
1188 4209 1348 4273 αὐτὸς
1368 4209 1426 4263 δέ
1456 4226 1543 4272 τις
1573 4208 1786 4274 ἑαυτὸν,

231 4308 302 4370 εὶς
326 4306 353 4360 ὃ
379 4306 658 4377 βούλεται,
710 4303 1073 4376 μετατρέπειν
1107 4300 1167 4354 οὐ
1197 4298 1417 4353 δύναται
1441 4341 1455 4362 ,
1488 4299 1583 4353 καὶ
1612 4299 1695 4351 ὅτι
1720 4297 1790 4359 ,τὸ

231 4398 509 4469 τρέπεσθαι
541 4396 639 4451 τοῦ
666 4394 946 4468 γηρῶντὸς
973 4395 1093 4445 ἐστι
1134 4390 1230 4445 κα)⁸
1258 4389 1546 4444 ἀποθανεῖν
1577 4385 1791 4460 [φύσιν]

1886 3266 2075 3331 ciens,
2120 3280 2282 3335 quem
2329 3265 2527 3319 iterum
2572 3263 2627 3318 in
2672 3264 2893 3333 virgam,
2924 3264 3204 3318 mutavit?
3232 3262 3299 3318 Et
3341 3264 3458 3334 ipsa

1886 3353 1978 3407 illa
2006 3354 2154 3425 virga
2177 3369 2381 3424 aquam
2408 3351 2514 3408 Nili
2538 3354 2807 3408 convertit
2832 3353 2887 3406 in
2915 3353 3235 3422 sanguinem
3258 3393 3273 3416 ,
3296 3368 3457 3423 quem

1886 3446 2066 3501 redire
2091 3446 2219 3501 fecit
2244 3447 2298 3500 in
2324 3461 2547 3515 aquam.
2586 3444 2693 3499 Sed
2740 3445 3019 3499 hominem
3062 3459 3316 3514 quoque,
3363 3445 3459 3515 qui

1886 3538 2051 3593 limus
2080 3544 2229 3605 erat,
2262 3538 2461 3607 spiritu
2495 3536 2685 3591 inllato
2734 3536 2786 3591 in
2834 3551 3056 3591 carnem
3086 3556 3176 3599 γει·
3201 3541 3261 3596 it.
3282 3551 3451 3603 quam

1888 3631 2086 3685 iterum
2128 3630 2362 3685 mutavit
2402 3629 2455 3683 in
2501 3629 2714 3683 limum.
2770 3626 2877 3683 Sed
2920 3640 3108 3681 nonne
3130 3633 3186 3680 et
3211 3624 3458 3696 Moyses,

1886 3726 1980 3795 qui
2014 3739 2145 3779 caro
2168 3732 2317 3788 erat,
2343 3723 2396 3776 in
2425 3722 2727 3776 maximum
2757 3726 3101 3790 permutatos
3130 3725 3213 3772 est
3241 3717 3419 3787 ignem
3440 3757 3457 3781 ,

1888 3814 1964 3870 ita
1988 3823 2051 3870 ut
2086 3812 2182 3868 lilii
2204 3811 2422 3868 Israelis
2447 3828 2572 3867 eum
2597 3812 2844 3880 aspicere
2864 3824 2972 3863 non
3004 3817 3225 3878 possent
3247 3810 3270 3861 ‘.'
3290 3804 3459 3862 Multo

1887 3906 2063 3977 magis
2091 3905 2259 3977 igitur
2286 3903 2429 3977 Deus
2460 3904 2813 3971 semetipsum
2847 3913 3059 3955 mutare
3089 3898 3145 3954 in
3175 3899 3460 3971 quodcun-

1887 4018 1993 4076 que
2020 4002 2070 4058 ei
2099 4002 2278 4073 placet
2307 3998 2723 4071 potentissimus
2752 4003 2859 4052 est.

1959 4113 2073 4171 VII.
2109 4114 2180 4170 At
2202 4112 2453 4168 fortassis
2475 4117 2715 4164 vestrum
2740 4107 2941 4177 aliquis
2960 4106 3267 4174 existimat,
3290 4105 3457 4160 alium

1888 4208 2110 4279 quidem
2141 4206 2258 4261 ﬁeri
2288 4202 2493 4273 aliquid
2526 4212 2689 4272 posse
2712 4215 2807 4271 per
2835 4199 3036 4264 alium,
3070 4198 3162 4253 sed
3195 4198 3371 4268 ipsum
3402 4199 3457 4252 in

1889 4296 2172 4368 quodlibet
2206 4309 2266 4349 se
2297 4300 2617 4348 convertere
2650 4306 2757 4345 non
2793 4288 3002 4351 valere,
3037 4302 3268 4358 esseque
3294 4288 3457 4340 etiam

1889 4385 2217 4445 commutari
2252 4384 2588 4441 senescentis
2621 4392 2676 4437 et
2713 4380 2875 4435 morti
2913 4378 3183 4446 obnoxii,
3220 4377 3274 4432 id
3313 4379 3458 4447 quod

235 4466 430 4561 ﬁmo;
453 4534 469 4557 ,
498 4490 636 4545 ἀλλά
663 4466 792 4560 περὶ
817 4486 1102 4540 ἀθανάτων
1130 4482 1289 4537 τοῦτο
1310 4482 1371 4536 οὐ
1394 4480 1499 4553 χρὴ
1528 4478 1787 4551 νομίζειν.

1897 4494 2003 4533 non
2041 4475 2375 4533 censendum
2414 4474 2487 4528 sit
2521 4474 2588 4527 de
2624 4469 3047 4525 immortalibus.
3088 4466 3277 4522 Nonne
3312 4469 3457 4523 enim

234 4578 304 4637 Ἦ
346 4584 451 4657 γάρ
492 4584 595 4639 οὐκ
643 4581 862 4651 ἄγγελοι
905 4579 1129 4650 ἀγήρως
1162 4578 1207 4613 ’⁸
1242 4572 1647 4648 [ὑπάρχοντες]
1695 4571 1791 4626 καὶ

239 4677 496 4748 πυρώδους
551 4675 740 4738 οὐσίας
796 4673 877 4735 εἰς
929 4670 1109 4744 σάρκα
1176 4669 1585 4740 μετετράπησαν
1615 4705 1633 4733 ,
1695 4662 1790 4716 καὶ

237 4768 282 4819 ol
305 4768 446 4840 παρά
472 4767 551 4839 τῷ
592 4763 842 4836 Ἀϐραὰμ
870 4760 1250 4834 [ξενι]σθέντες
1268 4798 1284 4823 ,
1312 4752 1387 4812 ὧν
1416 4758 1510 4809 καὶ
1534 4756 1663 4819 τοὺς
1694 4752 1791 4806 πό-

238 4858 322 4922 δας
342 4859 413 4924 ὡς
434 4857 733 4931 δμοουσίων
752 4853 1053 4927 ἀνθρώπων
1074 4853 1170 4908 ἀνθ
1179 4869 1348 4923 ρωποι
1368 4849 1556 4920 ἕνιψαν
1580 4864 1595 4914 ;
1627 4846 1789 4900 Ἀλλά

240 4951 420 5022 καὶτῷ
455 4950 648 5021 Ἰακὼϐ
674 4949 945 5023 ἀνθρώπῳ
980 4948 1093 5001 am
1131 4944 1357 5014 ἄγγελος
1388 4942 1680 4995 ἐπάλαισεν
1709 4940 1791 5002 είς

241 5043 404 5115 σάρκα
433 5046 662 5117 τραπεὶς
684 5086 698 5111 ,
735 5044 823 5097 ἵνα
865 5040 1014 5111 αὑτῷ
1056 5034 1524 5109 συγχρωτισθῆναι
1561 5031 1788 5102 δυνηθῇ.

242 5134 340 5188 Καὶ
363 5135 506 5207 όμῶς
535 5136 800 5199 παλαίσας
828 5135 923 5188 ἐπὶ
949 5133 1049 5205 τὴν
1082 5131 1218 5185 ίδίαν
1248 5126 1412 5181 αὑτοῦ
1460 5128 1621 5196 φύσιν
1663 5124 1791 5195 βου-

241 5223 406 5296 ληθεὶς
424 5226 653 5299 ἐτράπη.
671 5227 808 5298 Ἤδη
828 5228 906 5290 είς
928 5222 1040 5296 πῦρ
1068 5218 1531 5294 μεταϐαλλόμενος
1558 5215 1651 5269 τοῦ
1688 5216 1791 5269 Ἰα-

245 5315 346 5370 κὼϐ
374 5318 439 5349 ⁸⁸⁸
466 5317 526 5372 τὸ
550 5317 723 5372 πλατὺ
752 5316 940 5389 νεῦρον
966 5316 1069 5368 οὐκ
1099 5312 1301 5366 ἔκαυσε
1337 5310 1466 5381 μὲν,
1504 5305 1695 5378 ἔφλεξε
1728 5305 1787 5359 δὲ

244 5409 329 5463 καὶ
362 5409 525 5481 χωλὸν
562 5410 833 5481 εποίησεν.
893 5408 950 5462 '0
986 5406 1044 5459 δὲ
1074 5404 1260 5476 ἕτερόν
1290 5420 1345 5456 τι
1376 5398 1654 5471 γενέσθαι,
1684 5398 1713 5451 ὃ
1734 5413 1787 5450 τι

1892 4570 2068 4640 angeli
2125 4582 2348 4638 quoque
2390 4579 2658 4634 perennes
2706 4571 2870 4631 atque
2921 4562 3092 4627 igneae
3143 4559 3461 4615 substantiae

1890 4677 2021 4719 caro
2072 4660 2197 4715 facti
2253 4658 2322 4713 ab
2375 4655 2692 4710 Abrahamo
2747 4651 2986 4721 hospitio
3030 4650 3239 4721 excepti
3298 4660 3458 4717 sunt,

1891 4768 2125 4825 quorum
2166 4750 2250 4805 vel
2289 4749 2453 4820 pedes
2490 4754 2550 4801 ut
2586 4743 2834 4815 ejusdem
2873 4742 3158 4797 hominum
3209 4742 3461 4796 essentia:

1891 4844 2143 4899 homines
2194 4837 2499 4897 lavabaut?
2550 4834 2657 4890 Sed
2701 4833 2865 4888 etiam
2910 4848 3033 4887 cum
3080 4830 3315 4896 Iacobo,
3365 4831 3459 4901 qui

1890 4937 2058 4989 homo
2104 4940 2259 4996 erat,
2310 4928 2540 5000 angelus
2590 4922 2922 4985 luctabatur,
2962 4920 3017 4973 in
3053 4934 3271 4974 carnem
3310 4932 3462 4972 com-

1891 5004 2171 5089 mutatus,
2213 5032 2272 5076 ut
2317 5027 2501 5089 posset
2536 5030 2663 5071 cum
2710 5028 2775 5069 eo
2804 5009 3143 5067 conversari.
3197 5007 3463 5065 Similiter

1890 5124 2179 5187 postquam
2222 5113 2458 5165 luctatus
2530 5118 2687 5172 erat,
2740 5118 2808 5158 ex
2849 5102 3131 5155 voluntate
3182 5114 3280 5154 sua
3328 5114 3460 5169 pro-

1891 5209 2065 5281 priam
2121 5206 2314 5262 iterum
2348 5201 2527 5257 induit
2557 5207 2831 5253 naturam.
2861 5192 2981 5247 Jam
3020 5207 3149 5246 vero
3182 5191 3237 5246 in
3278 5190 3457 5281 ignem

1891 5280 2314 5353 transformatus
2340 5291 2532 5348 Jacobi
2564 5300 2794 5343 nervum
2829 5282 3054 5337 femoris
3091 5296 3201 5335 non
3235 5280 3456 5351 quidem

1889 5385 2227 5451 combussit,
2260 5384 2354 5441 sed
2384 5375 2746 5437 inﬂammavit
2775 5372 3142 5444 claudumque
3172 5369 3316 5428 fecit.
3357 5371 3458 5427 At-

1459 5590 1698 5649 VARIzE
1736 5585 2141 5646 LECTIONES.

315 5738 357 5769 ”
386 5690 631 5803 Μωῦσέος
656 5740 718 5793 ο.
782 5734 839 5805 ,⁸³
873 5734 1091 5797 Codicis
1122 5733 1448 5804 scripturam
1488 5726 1711 5800 ἀγήρως
1759 5734 1972 5784 mutare
2020 5718 2188 5777 nolui.
2261 5716 2329 5751 "°
2368 5711 2535 5769 ίακών
2566 5714 2629 5767 υ.
