3860 6210
372 210 480 277 £55
1239 210 1295 265 S.
1336 208 1723 265 CLEMENTIS
1762 210 1779 263 l
1821 207 1983 264 ROM.
2026 208 2223 264 PONT.
2266 210 2498 266 OPERA
2534 210 2772 267 DUBIA.
3535 206 3671 265 655

374 337 558 382 tamen
612 324 700 391 is,
752 324 850 395 qui
900 339 966 380 ex
1020 323 1307 379 voluntate
1357 324 1506 379 aliud
1557 324 1673 379 ﬁeri
1727 324 1951 393 nequit,

2070 324 2234 391 ὶέλει,
2274 328 2348 397 μὴ
2376 325 2699 397 δυνάμενος,
2732 326 2808 389 ὡς
2838 325 3194 397 ὑποκείμενος
3235 327 3302 396 τῇ
3335 324 3505 379 αὑτοῦ
3534 324 3668 396 φύ-

376 425 562 485 utpote
614 415 871 497 subditus
920 414 1095 485 ipsius
1130 426 1376 479 naturae,
1404 415 1659 469 mortalis
1701 425 1827 483 est;
1858 416 1952 470 sed

2070 433 2140 470 ret
2163 458 2179 484 ,
2209 416 2403 489 θνητός
2435 419 2585 472 ἐστιν
2610 433 2625 447 ⁶
2655 417 2952 488 δυνάμενος
2997 418 3057 470 δέ
3086 436 3170 482 τις
3206 416 3462 485 γενέσθαι
3486 458 3502 482 ,
3550 418 3667 470 ὅτε

373 510 468 580 qui
487 525 601 564 suae
621 509 795 580 ipsius
821 517 1034 563 naturae
1060 508 1336 579 imperans
1366 508 1510 578 potis
1540 518 1623 562 est
1650 507 1766 561 lieri
1794 508 1955 577 quid-

2070 509 2198 563 λέλει
2221 549 2238 574 ,
2268 511 2297 564 ὃ
2326 511 2468 565 θέλει
2489 552 2505 578 ,
2535 511 2613 576 ὡς
2642 512 2812 581 αὑτῆς
2855 512 2957 583 τῆς
2982 511 3211 580 ξφύσεως
3251 510 3609 563 δεσποτεὺων
3639 552 3665 576 ,

375 598 509 668 quid
569 609 623 654 et
678 600 1125 670 quandocunqne
1174 600 1321 663 vult,
1378 599 1451 652 ita
1492 606 1548 652 ut
1597 614 1773 654 novus
1832 614 1955 652 eve-

378 692 514 757 niat,
531 699 617 747 est
640 690 1179 758 immortalis.Qnare
1204 691 1377 745 multo
1393 692 1570 761 magis
1595 689 1689 745 Dei
1712 699 1955 759 potestas

378 783 678 839 essentiam
711 783 958 852 corporis
990 782 1214 852 quando
1250 793 1303 836 et
1340 782 1395 835 in
1434 782 1800 852 quodcunque
1842 782 1958 836 vult

375 874 681 938 convertit,
709 883 763 929 et
790 875 986 930 similis
1014 875 1370 941 substantiae,
1401 889 1510 929 non
1538 883 1719 929 autem
1748 890 1918 945 aequae
1939 914 1955 939 ,

375 968 802 1026 commutatione
836 977 1055 1038 peracta
1103 977 1373 1038 procreat.
1425 966 1502 1021 Ita
1547 976 1761 1022 creator
1800 976 1857 1022 et
1901 967 1954 1020 in

375 1062 539 1115 aliam
567 1062 861 1115 essentiam
894 1069 1227 1116 commutata
1268 1060 1323 1114 in
1353 1075 1414 1116 se
1441 1069 1714 1115 revertere
1741 1067 1917 1129 potest
1941 1104 1954 1125 ,

375 1169 502 1209 cum
530 1170 600 1209 ex
629 1154 775 1209 illius
804 1155 1107 1210 mutatione
1138 1155 1282 1208 lilius
1308 1153 1624 1223 progenitus
1650 1154 1769 1209 sine
1800 1168 1956 1207 crea-

375 1248 512 1304 toris
555 1249 837 1303 voluntate
888 1248 1035 1304 aliud
1087 1249 1219 1320 quid
1264 1248 1381 1303 lieri
1436 1262 1549 1301 non
1598 1246 1810 1317 possit,
1852 1246 1959 1301 nisi

374 1337 472 1394 ille
500 1347 732 1393 annuat.

448 1452 585 1509 Vlll.
626 1452 751 1509 Haec
777 1469 904 1509 cum
932 1452 1127 1509 Petrus
1151 1453 1383 1508 dixisset
1403 1492 1419 1515 ,
1450 1450 1706 1507 Micltaeas
1724 1494 1740 1519 ,
1763 1460 1818 1507 et
1844 1453 1959 1522 ipse

372 1562 442 1602 ex
477 1547 743 1604 comitum
778 1562 1008 1602 numero
1037 1562 1180 1602 unus
1208 1564 1222 1601 :
1254 1546 1426 1600 Velim
1450 1588 1464 1611 ,
1488 1546 1707 1616 inquit,
1736 1562 1765 1599 a
1795 1555 1849 1599 te
1878 1544 1960 1599 di-

2054 605 2136 667 είς
2161 604 2223 657 τὸ
2267 603 2481 667 νεάζειν
2525 604 2903 676 ὑποστρέφων,
2953 604 3220 668 ἀθάνατός
3261 606 3426 658 ἔστιν.
3475 603 3667 683 ὐρεν

2055 693 2192 747 πολὺ
2224 694 2420 765 μᾶλλον
2440 696 2474 766 ὴ
2501 695 2596 749 τοῦ
2621 695 2756 748 Θεοῦ
2782 696 3041 767 δύναμις,
3068 697 3156 749 ὅτε
3189 696 3330 749 θέλει
3353 695 3517 767 403
3540 692 3665 748 τοῦ

2058 784 2308 856 σώματος
2334 785 2433 857 τὴν
2460 787 2649 840 οὑσίαν
2680 788 2759 850 είς
2786 787 2813 839 ὃ
2842 785 2984 840 θέλει
3018 788 3349 858 μετατρέπει
3378 788 3473 840 καὶ
3505 787 3663 857 ὁμο-

2056 877 2240 929 οὑσιον
2274 877 2349 947 μὴ
2380 878 2631 950 παρούσῃ
2658 880 2831 949 τροπῇ
2867 877 3160 950 προϐάλλει
3181 921 3195 944 ,
3232 878 3554 948 ῖσοδὺναμον
3583 877 3662 930 δὲ

2056 965 2138 1019 οῦ.
2170 968 2291 1022 Ὅτι
2316 971 2343 1021 6
2373 969 2473 1040 μὲν
2500 970 2819 1042 προϐάλλων
2843 970 2937 1024 καὶ
2967 972 3050 1034 είς
3079 970 3269 1042 ἑτέραν
3294 970 3483 1023 οὑσίαν
3509 986 3665 1041 τρα-

2058 1058 2227 1113 πέντα
2255 1060 2419 1113 πάλιν
2446 1062 2530 1130 ἐφ’
2560 1061 2752 1115 ἑαυτὸν
2793 1062 3015 1135 τρέπειν
3043 1063 3262 1116 δύναται
3289 1064 3328 1128 ³,
3358 1064 3388 1115 6
3414 1063 3470 1115 δὲ
3505 1080 3663 1134 προ-

2058 1150 2275 1221 ϐληθεὶς
2293 1153 2392 1222 τῆς
2417 1152 2474 1219 ἐξ
2498 1154 2707 1205 ἐκείνου
2736 1156 2942 1226 τροπῆς
2963 1171 3023 1207 τε
3042 1154 3139 1207 καὶ
3162 1155 3349 1208 τέκνον
3374 1155 3661 1225 ὑπάρχων

2057 1246 2185 1319 ἄνευ
2227 1244 2323 1298 τοῦ
2368 1244 2761 1317 προϐάλλοντος
2808 1245 3004 1319 βουλῆς
3040 1246 3168 1301 ἄλλο
3210 1264 3264 1300 τι
3292 1247 3549 1317 γενέσθαι
3577 1248 3657 1301 οὐ

2057 1312 2279 1389 δὺναται
2302 1378 2317 1403 ,
2350 1339 2398 1390 ει
2416 1312 2506 1409 ⁷μὴ
2529 1338 2739 1401 ἐκεῖνος
2766 1312 2928 1390 θέλει.

2130 1448 2265 1504 Vlll.
2306 1449 2490 1504 Ταῦτα
2517 1450 2611 1504 τοῦ
2642 1450 2850 1522 Πέτρου
2881 1450 3147 1515 εἰπόντος,
3188 1450 3429 1522 Μιχαίας
3454 1451 3502 1519 ⁵,
3545 1450 3654 1505 καὶ

2064 1538 2226 1603 αὐτὸς
2254 1534 2335 1603 εἷς
2356 1538 2465 1593 τῶν
2508 1539 2788 1610 ἑπομένων
2826 1538 3079 1609 ἑταίρων,
3127 1536 3479 1607 Ἐϐουλόμην,
3514 1535 3655 1607 ἔφη,

367 1654 569 1703 scere.
602 1654 735 1695 num
767 1639 933 1694 etiam
971 1640 1150 1695 bonus
1179 1640 1371 1695 eodem
1404 1640 1570 1693 modo
1603 1638 1821 1709 genitus
1852 1638 1956 1703 sit,

2070 1633 2160 1688 καὶ
2185 1632 2347 1696 αὑτὸς
2373 1631 2561 1703 μαθεῖν
2587 1633 2739 1704 παρά
2770 1630 2885 1696 σοῦ,
2914 1631 2961 1683 εί
3003 1629 3193 1701 ὥσπερ
3226 1630 3254 1681 6
3286 1629 3525 1700 πονηρὸς
3555 1629 3659 1697 γέ-

377 1746 493 1801 qtto
521 1732 741 1786 malus:
773 1730 822 1785 si
849 1730 996 1787 enim
1028 1746 1188 1801 a:qno
1220 1731 1383 1785 modo
1414 1730 1541 1784 facti
1576 1729 1814 1795 fuerint,
1848 1729 1961 1783 fra-

380 1831 493 1877 tres
532 1821 670 1876 mihi
714 1836 838 1877 esse
885 1821 1159 1877 videntur.
1210 1820 1513 1891 Respondit
1554 1818 1790 1874 Petrus:
1838 1817 1959 1873 Non

379 1914 550 1984 geniti
580 1913 805 1969 fuerunt
833 1912 1002 1967 simili
1034 1914 1231 1979 modo,
1262 1912 1309 1968 si
1342 1927 1429 1967 me
1456 1912 1527 1966 ab
1558 1911 1718 1965 initio
1752 1910 1960 1966 dixisse

381 2004 691 2059 recordaris
710 2042 726 2068 ,
762 2003 889 2057 mali
920 2003 1335 2073 quadruplicem
1368 2003 1731 2058 substantiam
1760 2015 1958 2070 corpo-

380 2096 460 2151 ris
499 2095 801 2150 secundum
842 2110 1044 2165 genera
1082 2094 1315 2148 divisam
1354 2108 1385 2147 a
1423 2092 1533 2147 Deo
1574 2100 1914 2161 procreatam
1940 2130 1956 2153 ,

372 2186 478 2241 .sed
514 2198 670 2241 extra
708 2202 828 2241 eam
867 2184 1171 2242 secundum
1208 2185 1475 2240 creatoris
1511 2184 1853 2239 voluntatem
1892 2183 1960 2237 ad

359 2278 699 2334 -mistionem
737 2277 1035 2333 consilium
1071 2276 1232 2329 malis
1262 2274 1509 2344 gaudens
1534 2289 1661 2329 esse
1693 2282 1962 2343 tempera-

380 2384 519 2429 tum.
543 2373 621 2429 Ac
651 2373 725 2428 ita
756 2372 1109 2428 statuendum
1140 2368 1507 2425 substantiam
1541 2368 1959 2439 quadruplicem

380 2484 449 2523 ex
482 2466 595 2522 Deo
624 2467 894 2537 prolatam
934 2465 1056 2535 ejus
1092 2464 1315 2535 quidem
1355 2479 1480 2519 esse
1515 2472 1832 2519 creaturam
1854 2502 1869 2529 ,
1909 2474 1963 2519 et

382 2562 558 2630 ipsam
591 2559 1004 2628 sempiternam.
1030 2555 1142 2610 Cur
1172 2566 1354 2610 autem
1380 2565 1537 2610 extra
1560 2557 1858 2611 essentiam
1890 2557 1964 2611 ab

382 2666 450 2707 eo
480 2658 836 2721 temperatam
867 2646 1231 2719 congrediens
1263 2648 1606 2717 propositum
1639 2648 1802 2703 malis
1831 2662 1962 2718 gau-

382 2742 521 2797 dens
567 2750 756 2811 postea
805 2738 1179 2810 gignebatur?
1230 2738 1296 2794 Et
1349 2740 1454 2795 hac
1489 2741 1709 2811 quidem
1752 2741 1964 2795 ratione

385 2848 565 2903 neque
593 2848 624 2886 a
655 2831 766 2887 Deo
790 2874 805 2898 ,
838 2846 1019 2901 neque
1048 2831 1119 2886 ab
1146 2831 1255 2886 alio
1281 2832 1517 2901 quodam
1548 2842 1792 2888 creatum
1818 2874 1833 2894 .
1868 2832 1965 2889 sed

387 2942 456 2980 ne
484 2943 552 2981 ex
580 2941 648 2981 eo
674 2925 895 2995 quidem
928 2924 1200 2993 prolatum
1221 2966 1236 2989 ,
1270 2940 1448 2995 neque
1480 2938 1674 2995 sponte
1705 2941 1964 2997 progres‘

2064 1744 2241 1797 γονεν,
2287 1725 2430 1779 οὓτω
2461 1724 2751 1797 γεγένηται
2797 1724 2891 1777 καὶ
2927 1725 2956 1777 6
2998 1721 3223 1792 ἁγαθός.
3257 1723 3319 1774 Et
3354 1721 3415 1776 δὲ
3441 1722 3656 1793 ὁμοίως

2065 1822 2383 1891 γεγόνασιν,
2412 1819 2631 1889 ἀδελφοὶ
2664 1814 2803 1872 εἷναί
2850 1835 2938 1890 μοι
2985 1818 3150 1871 δοκεῖ.
3197 1818 3307 1871 Καὶ
3336 1818 3365 1869 6
3415 1817 3649 1889 Πέτρος·

2065 1904 2179 1984 Οὐχ
2220 1912 2423 1984 ὁμοίως
2458 1912 2776 1981 γεγόνασιν,
2825 1910 2983 1982 εἴπερ
3014 1910 3286 1983 μέμνησαι
3315 1902 3390 1964 ὧν
3417 1911 3474 1965 ὲν
3503 1912 3653 1982 ἀρχῇ

2066 2002 2246 2071 εἷπον,
2286 2007 2368 2060 ὅτι
2404 2002 2499 2060 τοῦ
2539 2004 2777 2077 πονηροῦ
2815 2006 2848 2075 ἡ
2888 2004 3218 2076 τετραγενὴς
3257 2002 3350 2057 τοῦ
3393 2002 3656 2073 σώματος

2065 2098 2221 2151 οὐσία
2274 2097 2779 2168 πεφυλοκρινημένη
2832 2094 2938 2148 ὑπὸ
2984 2094 3080 2149 τοῦ
3129 2096 3264 2150 Θεοῦ
3304 2096 3655 2169 προεϐλήθη,

2061 2185 2166 2250 ἔξω
2190 2187 2247 2239 δὲ
2275 2189 2435 2258 αὑτῆς
2469 2187 2609 2240 κατὰ
2629 2188 2725 2258 την
2749 2186 2841 2240 τοῦ
2867 2186 3226 2259 προϐαλόντος
3248 2185 3444 2256 βουλὴν
3472 2186 3648 2254 ἐκρά-

2063 2280 2130 2352 θη
2164 2281 2185 2312 ⁸
2236 2281 2372 2351 πρὸς
2417 2280 2517 2351 τὴν
2560 2282 2754 2350 κρᾶσιν
2784 2280 2818 2350 ἡ
2864 2282 3055 2342 κακοῖς
3086 2279 3351 2351 χαίρουσα
3379 2277 3646 2349 προαίρε-

2065 2393 2170 2439 σις.
2220 2374 2307 2437 Ὧς
2341 2377 2506 2439 νοεῖν,
2539 2374 2620 2425 ὅτι
2650 2372 2784 2425 Θεοῦ
2818 2372 2913 2444 μὲν
2939 2371 3129 2426 τέκνον
3158 2374 3191 2443 ἡ
3222 2371 3556 2443 τετραγενὴς
3586 2370 3650 2435 ἐξ

2063 2465 2228 2519 αὑτοῦ
2256 2464 2624 2535 προϐληθεῖσα
2649 2463 2809 2516 οὐσία
2832 2505 2847 2529 ,
2873 2463 2907 2533 ἢ
2939 2463 3031 2515 καὶ
3055 2463 3191 2533 αὑτὴ
3215 2462 3373 2516 οὑσία
3394 2462 3499 2515 ἀεί.
3544 2461 3648 2515 Διά

2062 2557 2115 2610 τί
2143 2557 2165 2589 ⁸
2192 2556 2249 2610 δὲ
2278 2556 2383 2621 ἔξω
2408 2556 2499 2609 ὑπ’
2524 2554 2689 2608 αὑτοῦ
2720 2553 3017 2627 κραθείσης
3040 2554 3227 2618 οὐσίας
3272 2556 3306 2625 ἡ
3360 2553 3645 2625 συμϐεϐη-

2063 2651 2193 2704 κυῖα
2223 2651 2412 2712 κακοῖς
2444 2647 2709 2719 χαίρουσα
2744 2647 3064 2718 προαίρεσις
3082 2645 3357 2716 ἐπεγίνετο
3385 2663 3400 2712 ;
3431 2646 3525 2700 καὶ
3548 2646 3647 2699 οῦ-

2063 2757 2171 2804 τως
2197 2738 2320 2794 οὑτε
2353 2740 2459 2793 ὑπὸ
2486 2739 2582 2793 τοῦ
2609 2738 2745 2792 Θεοῦ
2772 2738 3121 2809 γεγέννηται,
3171 2738 3294 2792 οὔτε
3326 2741 3413 2809 ὑφ’
3453 2740 3650 2811 ἑτέρου

2063 2832 2236 2895 τινὸς,
2266 2831 2380 2884 ἀλλ’
2409 2831 2537 2884 οὗτε
2569 2831 2590 2863 ⁸
2618 2831 2709 2883 ὑπ’
2750 2828 2913 2882 αὑτοῦ
2946 2830 3346 2902 προϐέϐληται,
3383 2831 3507 2884 οὑτε
3546 2834 3649 2885 αὑ-

2065 2924 2317 2995 τομάτως
2361 2923 2755 2995 προελήλυθεν,
2783 2923 2907 2976 οὑτε
2933 2924 3021 2976 ἀεὶ
3065 2920 3161 2996 ἦν,
3205 2926 3283 2988 ὡς
3327 2926 3361 2996 ἡ
3405 2926 3517 2997 πρὸ
3544 2927 3650 2996 τῆς

385 3034 512 3074 sum
553 3026 669 3083 est,
719 3033 899 3087 neque
941 3033 1159 3087 semper
1199 3016 1306 3072 fuit
1330 3056 1347 3082 ,
1387 3028 1445 3072 ut
1484 3026 1611 3073 ante
1648 3019 1958 3074 mistionetn

2070 3016 2422 3088 συγκράσεως
2447 3016 2625 3083 οὐσία,
2654 3016 2790 3069 ἀλλὰ
2818 3014 2959 3069 κατὰ
2977 3016 3075 3087 τὴν
3102 3016 3196 3070 τοῦ
3225 3016 3361 3070 Θεοῦ
3391 3016 3653 3089 βούλησιν

387 3109 667 3171 essentia,
715 3108 809 3163 sed
856 3109 1084 3163 mistura
1134 3109 1436 3164 secundum
1486 3109 1580 3164 Dei
1624 3110 1961 3164 voluntatem

385 3207 546 3253 extra
573 3198 803 3253 exstitit.
836 3197 969 3264 Quae
997 3199 1219 3268 quidem
1259 3198 1333 3254 ita
1376 3214 1496 3255 sese
1535 3200 1773 3257 habeant
1801 3215 1966 3271 opor-

387 3303 502 3347 tere
523 3334 539 3359 ,
572 3307 716 3361 saepe
745 3292 1160 3346 allirmavimus.
1194 3290 1303 3347 Sed
1332 3293 1477 3349 bono
1509 3310 1575 3350 ex
1607 3295 1819 3364 optima
1868 3294 1964 3350 Dei

386 3386 817 3440 commutatione
847 3391 1007 3449 nato,
1035 3398 1138 3438 nec
1163 3392 1318 3438 extra
1362 3386 1652 3441 exsistenti
1678 3385 1963 3451 mistione,

387 3476 563 3529 tilium
594 3491 718 3530 esse
745 3475 1015 3546 contingit
1044 3477 1126 3543 ei,
1158 3476 1253 3548 qui
1299 3486 1403 3532 est.
1452 3476 1654 3533 Verum
1688 3478 1805 3533 hinc
1837 3493 1962 3532 cum

389 3566 597 3636 scripta
644 3582 756 3620 non
798 3568 947 3633 sint,
989 3570 1083 3623 sed
1126 3569 1342 3624 nonnisi
1390 3569 1721 3638 conjecturis
1764 3570 1967 3624 contir-

390 3669 563 3726 mata,
596 3661 741 3716 haud
768 3662 929 3731 plane
957 3678 1022 3717 ea
1054 3662 1126 3717 ita
1156 3676 1218 3717 se
1246 3663 1447 3717 habere
1472 3678 1504 3716 a
1532 3663 1691 3718 nobis
1716 3677 1967 3731 compro-

392 3754 571 3808 betur.
606 3752 740 3807 Nam
774 3755 910 3809 alias
936 3770 1090 3811 mens
1114 3770 1341 3825 ea,qute
1363 3755 1477 3824 jam
1508 3754 1733 3810 omnino
1755 3770 1966 3824 prazoc-

389 3848 642 3918 cupavit,
675 3848 995 3918 perquirere
1023 3857 1289 3904 cessaret.
1341 3854 1519 3918 Atque
1560 3858 1821 3919 praeterea
1849 3864 1968 3905 me-

391 3941 563 4005 mini,
600 3941 913 4010 Itujusmodi
942 3957 1029 3998 res
1060 3958 1170 3997 non
1203 3945 1493 4010 omnibus,
1525 3946 1619 4001 sed
1648 3947 1779 4001 solis
1805 3961 1969 4017 expe—

392 4035 588 4089 rientia
621 4035 1029 4103 probatissimis
1062 4037 1196 4092 mihi
1229 4052 1354 4093 esse
1386 4039 1727 4094 revelandas.
1777 4037 1968 4110 Neque

392 4126 513 4181 sine
561 4127 877 4185 ditIicnltate
930 4129 996 4183 de
1046 4130 1116 4185 iis
1163 4140 1357 4184 mutuo
1401 4130 1607 4200 aliquid
1651 4131 1964 4199 aﬂlrmetis,

393 4233 572 4286 neque
598 4219 849 4273 audeatis
878 4222 1238 4288 pronuntiare
1268 4236 1393 4275 cum
1425 4222 1750 4277 certitudine
1778 4221 1969 4277 ineﬂ‘a-

394 4306 590 4363 Lilium
619 4309 985 4378 cognitionem
1009 4349 1024 4375 ,
1058 4310 1155 4365 sed
1185 4310 1237 4364 in
1266 4310 1488 4366 silentio
1529 4319 1739 4366 tantum
1784 4327 1964 4367 rema-

2066 3107 2248 3179 ἔξωτῇ
2272 3106 2643 3180 κράσειωά,
2657 3107 3021 3180 συμϐέϐηκεν.
3037 3109 3147 3163 Καὶ
3168 3109 3251 3162 ὅτι
3273 3110 3488 3179 ἀνάγκη
3498 3109 3655 3162 τοῦθ’

2065 3200 2241 3264 οὑτως
2292 3200 2471 3271 ἔχειν,
2526 3199 2787 3263 πολλάκις
2846 3201 3168 3272 εἰρήκαμεν.
3241 3200 3300 3253 ὐ
3337 3200 3395 3253 δὲ
3442 3200 3656 3269 ἀγαθὸς

2066 3294 2132 3347 ὲκ
2179 3294 2279 3365 τῆς
2319 3292 2415 3345 τοῦ
2461 3289 2598 3345 Θεοῦ
2650 3291 2943 3363 καλλίστης
2992 3292 3202 3363 τροπῆς
3229 3292 3513 3363 γεννηθεὶς
3552 3294 3655 3346 καὶ

2065 3385 2167 3438 οὑκ
2196 3384 2300 3448 ἔξω
2320 3383 2515 3455 κράσει
2542 3381 2905 3453 συμϐεϐηκὼς
2925 3382 3006 3453 τῷ
3028 3384 3140 3436 δντι
3169 3382 3286 3446 υἱός
3308 3385 3476 3438 ἐστιν.
3499 3383 3658 3455 Πλὴν

2066 3476 2188 3529 ἐπεὶ
2228 3474 2402 3529 ταῦτα
2440 3475 2664 3544 ἄγραφα
2691 3475 2947 3544 τυγχάνει
2977 3475 3072 3527 καὶ
3101 3478 3431 3544 στοχασμοῖς
3482 3462 3657 3529 acern-

2070 3570 2319 3641 στωμένα
2338 3609 2352 3633 ,
2381 3568 2455 3641 μὴ
2484 3568 2699 3631 πάντως
2721 3566 2902 3639 ή[μίν]
2926 3567 3099 3631 οὑτως
3122 3568 3266 3638 ἔχειν
3287 3568 3653 3639 βεϐαιούσθω.

2069 3662 2133 3714 Εἰ
2162 3662 2219 3715 δὲ
2252 3662 2325 3732 μή
2356 3678 2422 3729 γε
2442 3702 2455 3727 ,
2485 3662 2513 3714 6
2536 3659 2660 3723 νοῦς
2688 3660 2994 3723 ὼςπάντως
3020 3659 3364 3732 προειληφὼς
3392 3659 3493 3732 [τὸ
3517 3660 3659 3733 άλη-

2071 3752 2188 3825 θῙὲς
2236 3753 2331 3806 τοῦ
2384 3753 2569 3824 ζητεῖν
2611 3754 2866 3807 παύεται.
2914 3753 3158 3808 Κάκεῖνά
3205 3769 3293 3825 μοι
3341 3756 3656 3825 μνημονεὺ-

2068 3862 2188 3897 εται
2213 3843 2256 3911 ⁸,
2286 3844 2367 3897 ὅτι
2403 3844 2472 3897 τὰ
2497 3845 2721 3899 τοιαῦτά
2746 3843 2840 3916 [με
2866 3842 3056 3915 «amb
3081 3844 3142 3896 οὑ
3167 3843 3247 3896 δεῖ
3273 3843 3451 3913 λέγειν
3467 3887 3482 3911 ,
3514 3844 3657 3898 ἀλλὰ

2067 3936 2181 3998 τοῖς
2212 3933 2350 4005 μετά
2378 3936 2571 4005 πεῖραν
2597 3935 3005 4006 δοκιμωτάτοις.
3033 3934 3107 3988 Οὑ
3138 3935 3195 3987 δὲ
3224 3934 3361 4007 πρὸς
3388 3935 3659 4007 ἀλλήλους

2073 4026 2270 4099 ῥᾳδίως
2314 4026 2689 4098 ἰσχυρίζεσθαι
2738 4026 2821 4079 δεῖ
2860 4025 2931 4079 τὰ
2968 4025 3231 4093 τοιαῦτα,
3280 4026 3399 4079 οὑδὲ
3442 4026 3656 4098 τολμᾷν

2069 4118 2313 4186 ὀφείλετε
2342 4118 2521 4186 λέγειν
2561 4118 2637 4182 ὼς
2666 4116 3019 4189 ἀκριϐοῦντες
3044 4119 3143 4190 τὴν
3169 4117 3279 4170 τῶν
3319 4118 3656 4190 ἀπορρήτων

2070 4208 2320 4281 εὕρεσιν,
2363 4208 2498 4262 ἀλλὰ
2540 4210 2858 4272 σιωπῶντας
2899 4210 3005 4281 χρὴ
3052 4209 3404 4281 ἐνθυμεῖσθαι
3455 4210 3653 4281 μόνον·

2071 4304 2129 4355 ὲν
2159 4301 2269 4373 γὰρ
2296 4301 2375 4372 τῷ
2394 4301 2573 4369 λέγειν
2602 4302 2732 4364 ἴσως
2769 4301 2868 4371 οὐχ
2899 4302 2975 4364 ὠς
2995 4302 3134 4372 ἔχων
3160 4301 3183 4333 '
3213 4304 3243 4355 6
3277 4299 3657 4373 φθεγξάμενος

395 4408 518 4454 nete
565 4401 959 4471 cogitabundi;
1004 4418 1129 4456 nam
1191 4402 1331 4456 inter
1402 4402 1736 4472 loquendum
1784 4402 1963 4458 forsan

2073 4362 2452 4466 ἁμαρτήσεται
2467 4362 2490 4457 Ι,
2525 4394 2619 4446 καὶ
2645 4362 2801 4464 δίκην
2836 4362 3153 4462 ’ὑφέξεῖὼς
3194 4362 3506 4459 τολμήσας,

396 4489 444 4546 is
466 4532 482 4556 ,
513 4492 605 4562 qui
639 4493 903 4562 loquitur,
937 4501 1124 4561 peccat
1154 4494 1392 4556 inscitia,
1424 4508 1753 4564 pmnamque
1780 4496 1968 4562 dabit,

395 4600 545 4649 cum,
574 4585 791 4639 etiamsi
827 4586 895 4640 ad
927 4586 1309 4655 semetipsum,
1342 4585 1779 4655 pronuntiavet-it
1804 4588 1973 4641 silen-

396 4672 474 4727 tio
502 4674 829 4729 veneranda.

469 4786 559 4842 IX.
598 4788 733 4853 Quae
759 4804 882 4843 cum
918 4787 1113 4843 Petrus
1153 4787 1418 4853 dixisset,
1452 4788 1695 4845 Lazarus
1718 4832 1733 4857 ,
1777 4790 1874 4861 qui
1918 4801 1973 4844 et

398 4878 515 4949 ipse
542 4889 662 4935 erat
690 4897 834 4936 unus
864 4897 927 4936 ex
974 4881 1318 4937 comitibus:
1366 4880 1463 4936 Dic
1507 4883 1702 4947 nobis,
1752 4884 1971 4955 inquit,

398 4972 677 5041 quomodo
718 4973 833 5027 haec
881 4976 1271 5030 consentiant:
1313 4976 1409 5046 qui
1452 4977 1650 5030 rationi
1680 4986 1973 5032 consenta-

400 5076 562 5116 neum
604 5078 727 5117 esse
772 5073 992 5132 potest,
1039 5066 1243 5119 malum
1288 5065 1468 5134 ipsum
1510 5079 1539 5118 a
1585 5063 1692 5118 Deo
1718 5064 1868 5133 justo
1902 5065 1970 5120 ad

402 5151 600 5223 impios
659 5154 1014 5210 vindicandos
1043 5158 1402 5211 constitutum
1450 5165 1636 5227 postea
1681 5157 1823 5212 inter
1866 5174 1966 5212 an-

2073 4485 2211 4556 πρὸς
2240 4483 2430 4539 ἑαυτὸν
2455 4524 2470 4552 ,
2495 4481 2827 4553 φθέγξασθαι
2848 4483 2918 4536 τὰ
2944 4486 3070 4555 σιγῇ
3094 4498 3456 4555 τετιμημένα.

2145 4790 2213 4845 IX
2224 4787 2430 4846 ,Ταῦτα
2441 4788 2533 4843 τοῦ
2547 4788 2754 4861 Πέτρου
2768 4788 3032 4853 εἰπόντος,
3048 4790 3396 4861 Λάζαρόςτις
3409 4790 3517 4844 τῶν
3528 4791 3659 4845 ἀκο-

2072 4880 2277 4935 λούθων
2298 4880 2393 4935 καὶ
2413 4878 2577 4941 αὑτὸς
2589 4878 2691 4949 ἔφη
2714 4896 2726 4908 ·
2744 4878 2855 4949 Τὴν
2870 4877 3187 4947 συμφωνίαν
3210 4879 3342 4948 ἡμῖν
3364 4878 3504 4930 εἰπέ·
3530 4878 3659 4942 πῶς

2073 4970 2536 5038 δυνατὸν,εὑλογον
2552 4964 2803 5036 εἵναι,τὸν
2815 4968 2918 5022 ὑπὸ
2927 4967 3062 5021 Θεοῦ
3078 4968 3291 5022 δικαίου
3307 4968 3655 5022 καταστάντα

2075 5060 2314 5135 πονηρὸν
2329 5062 2468 5145 dicre
2488 5060 2597 5115 τῶν
2619 5059 3001 5132 ἀσεϐησάντων
3023 5056 3162 5113 εἶναι
3182 5061 3443 5132 τιμωρὸν,
3459 5060 3655 5115 τοῦτον

2077 5154 2236 5209 αὑτὸν
2287 5153 2511 5225 ὕστερον
2562 5151 2705 5222 μετὰ
2754 5152 2864 5206 τῶν
2904 5150 3069 5207 αὑτοῦ
3103 5152 3353 5222 ἀγγέλων
3388 5154 3487 5207 σὺν
3536 5157 3657 5219 τοῖς

1670 5394 1903 5453 VARUS
1942 5392 2325 5450 LECTIONES

477 5529 494 5562 ι
641 5531 679 5612 ὁ.
703 5529 805 5612 μὲν
832 5530 1154 5612 Ῑερρδάλλων
1185 5534 1281 5588 κοά⁵
1330 5535 1409 5598 εις
1442 5532 1631 5612 ἑτέραν
1661 5533 2038 5612 πάλινρὺσίαν
2071 5532 2156 5612 ἐφ’
2190 5526 2378 5612 εαυτξν
2412 5527 2686 5599 τραπέντα
2704 5525 2939 5612 ,δύναται
3111 5528 3132 5557 ²
3166 5526 3280 5612 ριν.
3311 5544 3482 5612 supra
3510 5531 3648 5612 οτι,

400 5589 555 5678 "and
589 5589 760 5678 dubie
786 5589 1204 5678 Dalit'td_nomenA
1236 5589 1607 5678 reponendum
1633 5614 1720 5678 est
1740 5604 1938 5678 ex_illis
1978 5589 2293 5678 qnte'ltabes
2330 5589 2479 5658 boni.
2516 5614 2577 5665 tt,
2611 5598 2745 5677 c._|.
2794 5597 2847 5678 _'
2874 5596 3139 5676 κραθείς-ῃ
3168 5599 3231 5654 0.
3309 5598 3333 5633 ⁸
3358 5589 3446 5666 si;
3479 5617 3534 5674 p.
3561 5602 3653 5660 διὰ

402 5665 454 5718 τί
482 5669 543 5721 0.
619 5668 641 5703 ⁸
671 5666 796 5724 οὐδέ
810 5690 889 5745 pr.
923 5672 1047 5729 οὑτε
1070 5676 1130 5729 0.
1187 5675 1210 5708 ⁸
1228 5665 1591 5748 μνημονεύετε
1616 5677 1676 5729 Ο.
1751 5680 1775 5715 ⁷
1807 5673 1930 5745 ἔχον
1961 5665 2026 5728 θ’.
