3860 6210
154 277 263 333 457

1259 269 1718 328 CLEMENTINA.
1758 300 1828 311 —
1864 262 2139 323 HOMI’LIA
2176 266 2288 321 XX.

3306 268 3410 324 458

154 390 507 463 ἁμαρτωλοῖς
528 391 612 455 είς
638 390 703 444 τδ
735 385 927 455 σκότος
952 391 1015 443 τὸ
1043 388 1350 461 κατώτερον
1379 386 1693 459 πέμπεσθαι
1718 401 1733 450 ;

1846 384 1987 454 gelos
2017 398 2150 440 suos
2191 399 2316 438 cum
2358 383 2746 454 peccatoribus
2795 386 2852 440 in
2896 384 3114 443 infimas
3157 387 3413 445 tenebras

155 484 253 538 καὶ
292 482 404 554 γάρ
448 482 542 537 καὶ
582 481 741 535 τοῦτο
788 481 1076 553 μέμνημαι
1118 478 1400 551 είρηκάτος
1445 475 1609 532 αὐτοῦ
1641 474 1737 528 τοῦ

142 574 498 628 Διδασκάλου.
520 573 632 628 Καὶ
654 573 684 626 0
706 573 916 645 Πέτρος
933 590 946 602 ⁸
986 572 1142 642 κάγὼ
1160 610 1175 637 ,
1195 571 1297 643 ἐφη
1318 612 1333 638 ,
1354 568 1603 642 ὁμολογῶ
1620 606 1636 631 ,
1657 568 1741 622 ὅτι

152 670 183 721 0
211 668 450 739 πονηρὸς
479 665 717 738 πονηρὸν
744 665 897 720 οὐδὲν
927 667 1071 719 ποιεῖ
1100 664 1239 719 κατά
1266 663 1453 730 τοῦτο,
1484 663 1623 717 καθὸ
1646 663 1741 717 τὸν

150 760 379 813 δοθέντα
404 759 553 829 αὺτῷ
580 759 745 829 νόμον
767 757 992 811 ἐκτελεῖ.
1018 757 1128 811 Καί
1151 774 1232 810 τοι
1262 756 1576 828 προαίρεσιν
1602 754 1743 825 ἔχων

151 852 334 923 κακὴν
357 890 372 913 ,
399 852 549 921 ὅμως
580 848 729 920 φόϐῳ
754 849 834 919 τῷ
873 848 1011 920 πρὸς
1046 848 1139 901 τὸν
1173 847 1309 901 Θεὸν
1347 847 1503 901 οὐδὲν
1539 846 1741 910 ἀδίκως

104 1004 110 1011 ,
152 944 398 1014 πράσσει
416 960 429 973 '
459 942 762 996 διαϐάλλων
787 941 843 994 δέ
865 940 1219 1005 διδασκάλους
1242 939 1503 1011 ἀληθείας
1545 939 1625 1002 είς
1654 939 1741 991 ἐν-

152 1036 325 1105 έδραν
352 1034 459 1088 τῶν
486 1033 727 1104 ἀκρίτων
754 1033 847 1085 καὶ
880 1031 1123 1095 διάϐολος
1150 1032 1179 1084 0
1204 1032 1366 1096 αὐτὸς
1393 1029 1734 1103 ὀνομάζεται.

152 1127 227 1180 Τὸ
267 1127 327 1180 δὲ
368 1126 464 1179 τὸν
504 1125 707 1196 ἀψευδῆ
753 1124 1071 1179 διδάσκαλον
1110 1123 1272 1197 405
1315 1124 1475 1196 ἡμῶν
1523 1125 1697 1178 εἰπεῖν
1722 1166 1737 1190 ,

151 1218 321 1272 αὐτόν
361 1236 422 1270 τε
459 1218 552 1271 καὶ
588 1218 716 1281 τοὺς
754 1217 1021 1285 ἀγγέλους
1053 1215 1218 1269 αὑτοῦ
1251 1218 1348 1272 σὺν
1380 1218 1494 1280 τοῖς
1531 1217 1742 1287 ἀπατη-

150 1310 327 1362 θεῖσιν
358 1308 712 1381 ἁμαρτωλοῖς
738 1309 818 1370 είς
852 1308 914 1361 τὸ
944 1308 1133 1371 σκότος
1151 1307 1212 1360 τὸ
1234 1307 1544 1379 κατώτερον
1572 1307 1737 1361 ἀπελ-

146 1400 263 1454 θεῖν
286 1443 300 1467 ,
324 1401 563 1454 τοιοῦτόν
585 1419 708 1454 τινα
736 1400 849 1471 ἔχει
872 1400 1049 1469 λόγον.
1083 1397 1141 1453 ὐ
1166 1401 1402 1471 πονηρὸς
1426 1401 1602 1471 σκότῳ
1621 1401 1740 1471 χαί-

149 1508 270 1562 ρειν
299 1491 444 1544 κατά
484 1490 583 1562 τὴν
615 1493 812 1561 κρᾶσιν
839 1490 860 1522 ⁸
886 1495 1125 1559 γεγονὼς
1148 1528 1162 1552 ,
1202 1488 1338 1559 μετά
1371 1488 1481 1542 τῶν
1515 1487 1741 1559 ὁμοδού-

143 1580 257 1633 λων
282 1580 533 1649 ἀγγέλων
572 1582 652 1643 είς
691 1580 751 1632 τὸ
788 1578 883 1631 τοῦ
913 1578 1199 1650 Ταρτάρου
1239 1577 1429 1651 σκότος
1465 1576 1738 1631 κατελθὼν

147 1672 383 1741 ἥδεται·
421 1672 575 1740 φίλον
608 1672 717 1742 γάρ
761 1670 898 1742 πυρὶ
932 1670 993 1723 τὸ
1037 1670 1245 1732 σκότος.
1283 1670 1352 1722 Al
1396 1668 1452 1721 δέ
1495 1668 1602 1722 τῶν
1645 1669 1711 1722 ἀν

147 1735 397 1835 θρώπων
429 1735 599 1835 iiuva
620 1735 807 1833 ⁷φωτὸς
839 1735 1082 1833 καθαροῦ
1116 1761 1373 1829 σταγόνες
1410 1756 1565 1814 οὖσαι
1587 1798 1602 1823 ,
1635 1761 1740 1815 ὑπὸ
1771 1735 1812 1789 Β

145 1858 456 1928 ἀλλοφύλου
484 1858 655 1930 πυρὸς
685 1858 874 1920 οὐσίας
908 1855 1304 1926 συμπινόμεναι
1333 1855 1428 1909 καὶ
1457 1855 1617 1925 φύσιν
1644 1853 1738 1909 τοῦ

140 1950 444 2003 ἀποθανεῖν
464 1951 564 2003 οὒκ
591 1950 810 2021 ἔχουσαι
827 1992 841 2015 ,
865 1950 986 2003 κατ’
1007 1948 1163 2015 ἀξίαν
1183 1946 1517 2012 κολάζονται.
1542 1949 1605 2002 Ei
1634 1948 1692 2001 δὲ
1711 1952 1741 2003 0

140 2041 248 2111 τῆς
271 2040 473 2104 κακίας
492 2043 593 2111 ήγε
604 2039 741 2112 μὼν,
762 2039 856 2093 ἄνθ
865 2057 1046 2111 ρωπος
1073 2039 1240 2105 ὣν,οὑ
1270 2039 1547 2110 πέμπεται
1576 2041 1657 2104 είς
1679 2040 1741 2093 τὸ

144 2131 349 2194 σκότος
379 2131 456 2194 ὡς
485 2132 557 2201 μὴ
578 2132 755 2201 τούτῳ
778 2131 983 2202 χαίρων
1008 2172 1023 2196 ,
1051 2132 1174 2185 τότε
1202 2130 1262 2184 οὐ
1289 2130 1509 2185 δύναται
1534 2133 1611 2203 νὴ
1638 2150 1739 2187 κα-

141 2227 270 2288 κοῖς
319 2225 485 2279 αὑτοῦ
532 2226 798 2298 χαίρουσα
844 2228 1042 2297 κρᾶσις
1102 2225 1607 2297 μετασυγκριθῆναι
1660 2227 1741 2290 είς

141 2316 361 2385 ἀγαθοῦ
395 2318 743 2390 προαίρεσιν.
773 2319 885 2374 Καὶ
914 2319 1086 2373 οὕτως
1122 2319 1325 2388 ἀγαθὸς
1358 2321 1598 2374 συνεῖναι
1629 2337 1744 2391 κρι-

142 2409 377 2482 Θήσεται
405 2413 576 2486 ταύτῃ
607 2416 827 2486 μᾶλλον,
861 2418 962 2481 ότι,
991 2420 1183 2482 κακοῖς
1223 2417 1519 2489 χαίρουσαν
1548 2417 1740 2488 λελογ-

140 2502 263 2573 χὼς
305 2507 540 2575 κρᾶσιν,
588 2508 742 2579 αἰτίᾳ
782 2508 876 2562 τοῦ
913 2509 1049 2582 πρὸς
1079 2510 1169 2564 τὸν
1199 2509 1331 2563 Θεὸν
1376 2509 1544 2579 φόϐου
1584 2510 1739 2589 οὐδὲν

140 2594 308 2677 παρὰ
338 2597 399 2650 τὸ
425 2598 615 2653 δοκοῦν
644 2600 723 2671 τῷ
751 2600 845 2655 τοῦ
874 2602 1008 2655 Θεοῦ
1039 2603 1189 2673 νόμῳ
1233 2602 1579 2675 διεπράξατο.
1627 2583 1739 2657 Kal.

145 2689 289 2759 μήτι
325 2707 387 2759 γε
426 2693 487 2745 τὸ
522 2695 622 2765 τὴν
650 2695 743 2748 τοῦ
772 2695 1073 2767 ἀρχιερέως
1116 2694 1325 2767 Ἀαρὼν
1360 2694 1554 2766 ῥάϐδον
1584 2696 1738 2765 γενέ-

143 2788 276 2841 σθαι
304 2784 430 2854 ὅφιν
461 2789 557 2841 καὶ
589 2787 751 2841 πάλιν
779 2787 1180 2858 άντιτραπῆναι
1210 2788 1291 2851 είς
1315 2786 1509 2859 ῥάϐδον
1532 2826 1548 2851 ,
1579 2787 1737 2843 τοῦτο

1852 474 2096 538 mittis“.l
2148 472 2397 544 Namque
2426 482 2480 530 et
2509 475 2613 530 hoc
2666 475 2846 545 ipsum
2898 475 3218 547 Magistrum
3263 491 3416 534 asse-

1850 567 2028 621 ruisse
2056 565 2300 622 memini.
2335 563 2473 621 Tum
2499 564 2697 622 Petrus
2727 585 2741 622 :
2779 566 2842 621 Et
2872 581 3002 637 ego,
3034 566 3242 637 inquit,
3272 566 3418 621 θωτ-

1849 673 1941 713 mo
1970 658 2173 713 malum
2220 657 2359 713 nihil
2429 659 2560 713 mali
2606 657 2789 715 facere
2826 699 2841 724 ,
2886 668 3161 729 quatenus
3202 659 3419 729 perﬁcit

1842 766 1966 822 qua;
1995 752 2044 806 ei
2066 749 2226 821 jussa
2258 759 2405 807 sunt.
2449 750 2710 818 Quamvis
2739 752 2807 807 ad
2842 753 2987 806 mala
3032 752 3291 819 inclinet,
3331 751 3417 806 ni-

1848 844 2150 899 hilominus
2193 843 2393 898 timore
2443 843 2539 899 Dei
2584 843 2722 898 nihil
2767 843 2897 898 mali
2939 842 3112 911 facit;
3152 843 3247 899 sed
3287 843 3418 913 quia

1841 937 2136 1008 magistros
2163 936 2412 992 veritatis
2442 937 2509 991 ad
2539 937 2794 992 incautos
2819 936 3176 1006 decipiendos
3209 938 3417 992 calum-

1841 1033 2048 1099 niatur,
2097 1040 2153 1087 et
2196 1031 2313 1101 ipse
2364 1030 2665 1102 appellatur
2708 1031 2982 1087 diabolus.
3034 1032 3188 1099 Quod
3235 1041 3417 1088 autem

1840 1138 2007 1179 verax
2047 1132 2235 1179 noster
2277 1122 2533 1194 Magister
2576 1124 2750 1188 dixit,
2795 1124 2947 1179 illum
2988 1134 3151 1196 atque
3193 1127 3418 1196 angelos

1842 1230 1973 1271 suos
2003 1231 2127 1272 cum
2157 1215 2394 1271 seductis
2425 1218 2805 1285 peccatoribus
2833 1218 2888 1271 in
2920 1217 3134 1273 inﬁmas
3162 1219 3418 1274 tenebras

1840 1309 1993 1364 abire
2017 1349 2033 1375 ,
2064 1308 2139 1363 ita
2172 1308 2588 1379 intelligendum
2621 1318 2726 1365 est.
2758 1309 2934 1368 Malus
2964 1312 3263 1367 secundum
3307 1312 3416 1366 mi-

1841 1400 2075 1456 stionem
2130 1399 2206 1454 ita
2260 1401 2515 1465 creatus,
2567 1411 2628 1454 ut
2677 1401 2918 1457 tenebris
2969 1403 3234 1473 gaudeat,
3288 1414 3415 1458 cum

1841 1492 2047 1563 angelis
2074 1492 2354 1548 conservis
2381 1491 2435 1547 in
2467 1490 2755 1547 Tartarum
2787 1494 3130 1550 descendens
3155 1496 3415 1564 lmtatur;

1840 1600 1967 1638 nam
2001 1583 2110 1655 igni
2142 1593 2308 1655 gratae
2337 1593 2466 1640 sunt
2486 1584 2743 1641 tenebrae.
2763 1584 2869 1641 Sed
2894 1587 3174 1642 hominum
3197 1589 3416 1655 animae,

1842 1690 1964 1745 quae
1988 1675 2112 1745 puri
2140 1674 2365 1730 luminis
2393 1674 2551 1729 stillat
2575 1683 2737 1741 sunt,
2762 1674 2904 1746 ignis
2930 1675 3153 1745 quidem
3180 1677 3420 1732 essentia

1848 1768 1994 1823 alius
2040 1767 2257 1839 generis
2302 1767 2617 1838 absorpta,
2664 1768 2940 1823 immunes
2982 1776 3167 1825 tamen
3209 1778 3420 1826 natura:

1845 1862 2156 1926 moriundi,
2200 1862 2502 1917 secundum
2545 1861 2692 1931 quod
2732 1870 3053 1917 meruerunt
3090 1864 3415 1932 puniuntur.

1847 1952 1905 2009 Si
1939 1961 2120 2008 autem
2151 1950 2373 2006 malitiae
2401 1950 2604 2016 dux,ut
2635 1949 2823 2017 homo,
2842 1964 2955 2005 non
3005 1951 3317 2006 mitteretur
3359 1950 3418 2006 in

1845 2046 2098 2103 tenebras
2118 2084 2133 2110 ,
2163 2059 2227 2100 ac
2255 2043 2301 2099 si
2330 2044 2412 2099 eis
2438 2058 2545 2098 non
2575 2043 2856 2114 gauderet,
2888 2043 3075 2099 mistio
3103 2043 3225 2114 ejus
3254 2044 3418 2102 malis

1847 2138 2091 2210 gaudens
2115 2138 2171 2192 in
2195 2137 2328 2193 boni
2358 2137 2651 2193 consilium
2683 2136 2927 2192 converti
2960 2151 3069 2191 non
3103 2146 3313 2207 posset.
3348 2136 3418 2193 Et

1837 2233 1912 2287 ita
1942 2231 2122 2287 bonus
2153 2231 2229 2285 ibi
2264 2231 2533 2285 interesse
2560 2242 2628 2309 eo
2658 2229 2839 2299 magis
2878 2227 3242 2299 iudicabitur,
3289 2245 3418 2286 cum

1836 2323 2152 2380 mistionem
2192 2323 2357 2378 malis
2387 2322 2714 2393 gaudentem
2758 2330 2955 2377 nactus
2997 2330 3219 2392 propter
3252 2322 3417 2377 timo—

1837 2432 1953 2471 rem
2009 2415 2104 2471 Dei
2162 2414 2299 2469 nihil
2347 2422 2541 2470 contra
2587 2414 2707 2483 ejus
2760 2413 2934 2482 legem
2977 2413 3286 2483 perfecerit.
3336 2414 3419 2469 Ac

1837 2525 2020 2565 nonne
2042 2508 2475 2565 commutatione
2498 2507 2666 2578 virgae
2692 2507 2895 2561 summi
2926 2507 3224 2563 sacerdotis
3244 2508 3420 2563 Aaro-

1838 2603 1923 2658 nis
1956 2601 2013 2656 in
2043 2607 2351 2670 serpentem
2382 2607 2437 2654 et
2462 2600 2778 2655 reversione
2802 2600 2922 2670 ejus
2949 2601 3004 2655 in
3031 2601 3239 2671 virgam
3271 2595 3421 2657 Scri-

1845 2703 2007 2766 ptura
2036 2693 2269 2764 mystice
2295 2691 2739 2763 praasigniticavit
2769 2700 3020 2759 spectare
3049 2708 3171 2749 eam
3212 2694 3283 2751 ad
3329 2693 3419 2749 fu-

1839 2798 2023 2845 turam
2046 2786 2176 2841 mali
2202 2783 2576 2840 conversiOnis
2603 2785 3038 2841 commistionem
3060 2786 3086 2840 ‘l

141 2882 233 2944 εἰς
263 2881 368 2951 τὴν
430 2879 527 2933 τοῦ
582 2880 823 2951 πονηροῦ
856 2880 1087 2953 ὕστερον
1154 2881 1529 2951 γενησομένην
1568 2885 1670 2956 τῆς
1706 2883 1917 2955 τροπῆς
1964 2878 2407 2953 μετασύγκρασιν
2451 2877 2495 2909 ⁸⁸
2540 2878 2932 2950 μυστηριωδῶς
2995 2881 3031 2952 ή
3062 2880 3256 2956 Γραφῇ
3292 2885 3417 2939 ἐσο-

144 2971 326 3043 μένην
360 2971 735 3043 προεδήλωσεν
765 2989 782 3039 ;

219 3084 288 3138 Χ.
326 3087 483 3140 Μετά
506 3086 565 3139 δὲ
594 3086 689 3167 τὸν
712 3086 963 3160 Λάζαρον
1000 3087 1197 3159 Ἰωσὴφ
1221 3127 1236 3153 ,
1264 3088 1324 3153 ὃς
1348 3091 1442 3144 καὶ
1464 3091 1628 3156 αὐτὸς
1668 3092 1752 3160 εἷς

140 3176 257 3231 τῶν
290 3178 622 3245 ἀκολούθων,
675 3179 807 3251 ἔφη·
848 3180 1056 3252 Ὀρθῶς
1087 3181 1267 3236 πάντα
1294 3181 1592 3257 είρ[ηκας].
1628 3187 1749 3241 Κά-

1761 2992 1808 3053 C

1921 3075 1990 3132 X.
2031 3075 2164 3133 Post
2196 3076 2463 3132 Lazarum
2486 3075 2709 3148 Joseph,
2735 3087 2792 3134 et
2812 3079 2932 3150 ipse
2959 3096 3104 3138 unus
3130 3086 3416 3157 comitum,

1842 3168 2032 3228 dixit:
2062 3167 2234 3224 Recte
2268 3169 2497 3225 omnino
2543 3169 2762 3225 locutus
2806 3186 2887 3228 es.
2925 3171 2993 3228 Et
3032 3175 3165 3230 mihi
3209 3176 3420 3236 discere

148 3270 246 3341 μοὶ
279 3268 443 3323 τοῦτο
470 3268 776 3340 βουλομένῳ
815 3270 1007 3339 μαθεῖν
1040 3270 1325 3342 παράσχου
1346 3289 1358 3302 ·
1394 3273 1483 3327 διά
1512 3275 1566 3328 τί
1614 3278 1739 3331 πᾶσΙ

1846 3259 2089 3332 cupienti
2114 3260 2221 3316 hoc
2246 3260 2459 3331 explica
2486 3276 2503 3314 :
2529 3275 2626 3314 cur
2650 3261 2869 3316 eosdem
2909 3266 3168 3322 omnibus
3203 3285 3417 3328 sermo-

141 3362 261 3415 τῶν
300 3360 484 3415 αὐτῶν
512 3361 686 3429 λόγων
714 3360 1060 3432 [μεταδίδως]
1085 3378 1099 3426 ;
1127 3363 1176 3415 οἱ
1224 3363 1322 3433 μὲν
1356 3364 1662 3435 πείθονται,
1697 3370 1739 3422 ol

1849 3364 1949 3407 nes
1973 3352 2305 3423 impertiris,
2336 3365 2460 3407 cum
2493 3352 2615 3407 aliis
2638 3353 2856 3423 quidem
2880 3359 3293 3430 persuadeatur,
3320 3365 3417 3421 alii

141 3453 209 3506 δὲ
238 3452 579 3505 ἀπειθοῦσιν.
616 3452 726 3505 Καὶ
749 3454 778 3504 0
808 3453 1036 3524 Πέτρος,
1085 3455 1160 3507 Οὐ
1189 3455 1298 3526 γάρ
1326 3456 1463 3510 εἰσιν
1491 3497 1506 3523 ,
1541 3458 1667 3531 ἔφη,
1697 3462 1739 3513 oi

1848 3446 2029 3501 autem
2057 3460 2167 3500 non
2194 3446 2453 3501 credant?
2475 3445 2542 3499 Et
2568 3444 2760 3501 Petrus
2784 3466 2797 3500 :
2832 3446 3123 3506 Sermones
3148 3493 3163 3519 ,
3202 3454 3415 3524 inquit,

142 3545 301 3613 λόγοι
336 3544 572 3615 ἐπῳδαὶ,
602 3544 689 3596 ἵνα
724 3544 939 3609 πάντως
966 3545 1131 3618 406
1161 3546 1399 3612 ἀκούσας
1419 3565 1504 3614 τις
1527 3553 1739 3606 πιστεύ-

1848 3535 1994 3592 haud
2031 3552 2165 3593 sane
2206 3537 2613 3593 incantamenta
2659 3546 2818 3605 sunt,
2852 3541 3052 3611 quibus
3076 3584 3091 3610 ,
3121 3545 3217 3614 qui
3240 3550 3414 3618 audit,

146 3651 250 3709 σῃ.
290 3636 383 3706 Τῷ
427 3634 483 3687 δέ
515 3652 668 3699 τινας
702 3635 799 3706 μὲν
837 3636 1153 3704 πείθεσθαι,
1202 3638 1355 3703 τινάς
1382 3641 1573 3713 δὲμὴ,
1622 3661 1739 3699 συν-

1846 3627 2074 3683 omnino
2095 3627 2285 3683 credat
2307 3643 2531 3683 necesse
2555 3637 2661 3683 est.
2692 3628 2850 3696 Quod
2877 3632 3001 3688 aliis
3031 3638 3416 3708 persuadetur,

143 3728 293 3790 ετῶς
352 3727 630 3781 δείκνυται
670 3726 732 3780 τὺ
781 3726 1142 3793 αὐτεξούσιον.
1201 3724 1387 3785 Ταῦτα
1438 3734 1660 3788 εἰπόντα
1692 3738 1739 3791 οί

1847 3716 1969 3775 aliis
2000 3733 2145 3785 non,
2180 3718 2527 3775 manifestam
2574 3721 2767 3790 probat
2815 3725 3026 3781 arbitrii
3083 3727 3413 3790 libertatem.

142 3819 356 3881 πάντες
381 3818 776 3889 εὐλογήσαμεν.

1846 3810 1970 3868 Haec
1996 3811 2216 3866 elocuto
2245 3826 2346 3868 nos
2373 3826 2567 3868 omnes
2594 3814 2992 3873 benediximus.

221 3910 314 3966 XI.
358 3910 469 3963 Kal.
498 3910 564 3982 δὴ
603 3911 883 3981 μέλλουσιν
908 3913 1040 3983 ἡμῖν
1066 3913 1346 3969 ἑστιᾶσθαι
1374 3917 1739 3992 ύπεισέδραμέ

1910 3899 2003 3957 XI.
2033 3901 2100 3958 Et
2125 3919 2253 3959 cum
2294 3920 2398 3959 nos
2424 3906 2491 3960 ad
2524 3906 2793 3961 edendum
2825 3924 3255 3979 praepararemus
3275 3956 3290 3980 ,
3326 3916 3415 3968 in-

140 4022 232 4068 τις
261 4003 440 4072 λέγων
458 4020 471 4032 ·
523 4003 769 4055 Ἀππίων
796 4003 823 4054 0
848 4002 1228 4076 πλειστονίκης
1261 4007 1358 4060 σὺν
1403 4009 1739 4067 ’Δννουϐίωνι

1846 4010 2063 4065 gressus
2081 4002 2165 4050 est
2178 3996 2400 4066 quidam
2422 3997 2681 4054 nuntians
2700 4017 2713 4052 :
2733 4000 2943 4069 Appion
2959 4003 3274 4071 plistonices
3288 4022 3411 4061 cum

141 4093 285 4169 ἧκεν
340 4097 545 4169 ἀρτίως
586 4096 695 4149 ἀπὸ
752 4096 1099 4166 Ἀντιοχείας,
1136 4100 1230 4152 καὶ
1279 4099 1544 4166 ξενίζεται
1590 4105 1739 4176 παρὰ

1846 4087 2162 4142 Annubione
2190 4102 2364 4157 nuper
2405 4086 2695 4141 Antiochia
2722 4086 2891 4149 venit,
2930 4091 3238 4157 hospesque
3262 4100 3417 4142 rece-

143 4191 379 4260 Σίμωνι.
420 4188 477 4241 ’0
499 4187 555 4240 δὲ
580 4188 762 4260 πατὴρ
790 4188 1027 4251 ἀκούσας
1052 4190 1147 4243 καὶ
1172 4193 1361 4262 χαρεὶς
1382 4191 1483 4264 ἔφη
1519 4196 1737 4267 Πέτρῳ’

144 4280 219 4333 Εἴ
246 4297 341 4351 μοι
388 4280 724 4349 ἐπιτρέπεις,
773 4280 1074 4350 πορεύομαι
1106 4284 1564 4355 προσαγορεύσων
1611 4286 1740 4340 Ἀπι

146 4375 334 4427 πίωνα
365 4373 461 4425 καὶ
516 4372 872 4427 Ἀννουϐίωνα
915 4374 979 4427 ὲκ
1029 4374 1254 4445 πρώτης
1304 4375 1521 4446 ἡλικίας
1553 4378 1739 4447 φίλους

151 4484 241 4537 μοι
274 4466 697 4536 γεγενημένους.
755 4467 927 4536 Τυχὸν
972 4466 1082 4539 γὰρ
1142 4466 1500 4523 Ἀννουϐίωνα
1544 4469 1739 4537 πείσω,

147 4559 435 4629 Κλήμεντι
467 4556 811 4628 διαλεχθῆναι
843 4559 971 4628 περὶ
1004 4557 1290 4627 γενέσεως.
1307 4556 1418 4613 Καὶ
1449 4562 1477 4614 0
1502 4559 1738 4631 Πέτρος,

162 4651 478 4723 Ἐπιτρέπω
498 4693 511 4717 ,
541 4650 643 4721 ἔφη
661 4692 675 4717 ,
703 4651 797 4703 καὶ
823 4651 1027 4703 ἐπαινῶ
1053 4650 1123 4703 τά
1156 4651 1325 4721 φίλων
1344 4669 1403 4705 τε
1431 4652 1743 4725 πληροῦντα

152 4742 319 4813 μέρη.
353 4740 503 4811 Πλὴν
537 4740 705 4793 ἐννόει
736 4757 845 4811 μοι,
874 4740 950 4803 ὡς
972 4739 1114 4793 κατά
1149 4741 1406 4812 πρόνοιαν
1432 4742 1567 4794 Θεοῦ
1602 4759 1741 4794 παν-

148 4834 377 4904 ταχόθεν
414 4833 693 4904 συντρέχει
742 4832 811 4886 τά
851 4833 986 4904 πρὸς
1006 4835 1106 4904 τὴν
1132 4834 1232 4904 σὴν
1268 4834 1637 4907 πληροφορίαν
1664 4835 1745 4887 ol-

147 4926 306 4979 κείαν
331 4924 698 4978 ἀποτελοῦντα
723 4926 822 4996 τὴν
849 4925 1133 4996 ἁρμονίαν.
1164 4923 1340 4977 Τοῦτο
1373 4925 1431 4977 δὲ
1472 4922 1627 4979 εἷπον
1656 4925 1745 4979 διὰ

145 5020 247 5089 τὴν
282 5016 666 5080 Ἀννουϐίωνος
691 5017 978 5089 χρησίμως
1000 5033 1082 5068 σοι
1102 5014 1399 5086 γενομένην
1423 5016 1720 5086 ἐπιδημίαν
1736 5054 1750 5067 .

148 5110 261 5161 Καὶ
283 5111 313 5161 0
339 5108 552 5178 πατήρ·
592 5106 830 5177 Ἀληθῶς
863 5106 1070 5178 συνορῶ
1089 5104 1247 5158 τοῦτο
1278 5104 1415 5175 ἕχον.
1440 5105 1550 5159 Καὶ
1573 5106 1743 5159 ταῦτα

149 5198 323 5253 εἰπὼν
366 5198 638 5271 ἐπορεύθη
682 5197 818 5269 πρὸς
845 5197 1068 5268 Σίμωνα
1094 5197 1157 5251 ¹¹.

220 5290 336 5345 ΧΠ.
392 5292 582 5362 Ἡμεῖς
596 5290 651 5343 δὲ
666 5289 715 5343 οἰ
739 5289 985 5352 συνόντες
1006 5289 1083 5361 τῷ
1110 5289 1300 5359 Πέτρῳ
1314 5288 1380 5341 δι’
1402 5289 1528 5359 ὅλης
1547 5288 1735 5351 νυκτὸς

222 5421 249 5449 ει
284 5407 485 5462 Matth.
519 5423 644 5472 xxv,
669 5407 758 5460 41.

1836 4187 1963 4251 plus
1986 4187 2070 4234 eSt
2091 4194 2122 4233 a
2150 4178 2389 4234 Simone.
2420 4176 2630 4244 Quibus
2670 4178 2870 4232 auditis
2903 4184 3056 4246 pater
3077 4177 3298 4246 gavisus
3323 4174 3419 4231 Pe-

1837 4282 1923 4327 tro
1943 4271 2111 4326 dixit:
2139 4269 2196 4325 Si
2219 4271 2352 4325 mihi
2376 4271 2665 4341 permittis.
2687 4271 2777 4325 ibo
2799 4271 3090 4325 salutatum
3114 4269 3416 4339 Appionem

1838 4363 2308 4427 etAnnubionem,
2322 4363 2523 4433 quippe
2536 4364 2677 4433 quia
2696 4364 2868 4433 prima
2883 4372 3041 4419 aetate
3061 4362 3263 4418 fuerint
3276 4362 3414 4417 mihi

1840 4456 2023 4511 amici.
2050 4454 2307 4511 Fertasse
2341 4456 2505 4511 etiam
2546 4455 2859 4510 Annubioni
2883 4455 3241 4524 persuadebo,
3266 4465 3326 4509 ut
3346 4455 3416 4511 de

1840 4549 2028 4620 genesi
2050 4564 2175 4605 cum
2199 4548 2475 4605 Clemente
2495 4549 2749 4619 disputet.
2784 4547 2849 4602 Et
2876 4547 3105 4603 Petrus:
3129 4546 3414 4615 Permitto,

1840 4642 2048 4711 inQuit,
2092 4649 2148 4696 et
2184 4641 2367 4707 laudo,
2410 4642 2571 4697 amici
2615 4641 2790 4697 ofﬁcio
2816 4651 2868 4696 te
2899 4642 3035 4696 velle
3077 4641 3412 4699 satisfacere.

1844 4733 2229 4795 Verumtamen
2253 4745 2467 4807 reputa,
2489 4737 2767 4808 quomodo
2786 4752 2850 4792 ex
2870 4736 2963 4790 Dei
2988 4737 3326 4807 providentia
3350 4738 3418 4793 ad

1847 4831 2063 4900 plenam
2096 4830 2505 4899 persuasionem
2529 4838 2675 4883 tuam
2696 4830 3010 4887 harmonice
3029 4835 3412 4903 perﬁciendam

1847 4922 2031 4978 omnia
2062 4923 2304 4992 undique
2339 4930 2688 4977 concurrant.
2726 4921 2839 4978 Hoc
2868 4932 3049 4979 autem
3090 4926 3248 4994 dico,
3281 4932 3411 5000 quia

1852 5014 2203 5069 Annubionis
2234 5014 2498 5069 adventus
2530 5013 2624 5067 tibi
2652 5016 2890 5084 expedit.
2942 5014 3008 5071 Et
3050 5028 3204 5087 pater
3231 5039 3243 5075 :
3277 5020 3411 5077 Rem

1846 5108 1920 5162 ita
1957 5122 2078 5164 sese
2100 5108 2301 5163 habere
2323 5116 2378 5162 et
2402 5123 2503 5178 ego
2534 5106 2775 5177 profecto
2790 5107 2964 5165 video.
2984 5108 3194 5177 Quibus
3227 5113 3410 5183 dictis,

1847 5201 1913 5255 ad
1944 5198 2224 5255 Simonem
2250 5197 2528 5269 profectus
2551 5212 2654 5256 cst.

1919 5293 2033 5347 ΧΠ.
2072 5293 2182 5349 Nos
2205 5303 2409 5359 autem,
2438 5295 2532 5363 qui
2563 5309 2687 5349 cum
2708 5291 2867 5351 Petro
2884 5309 3125 5362 eramus,
3152 5298 3412 5355 continuo

1424 5520 1658 5575 VARI/{‘3
1698 5518 2099 5575 LECTIONES.

217 5617 241 5647 ⁸
270 5616 572 5686 χαίρουσαν
604 5614 930 5686 τῂνγκρᾶσιν
963 5628 1024 5686 p._
1053 5614 1264 5685 χαίρειν
1298 5614 1437 5669 κατά
1482 5615 1581 5686 τὴν
1635 5615 1828 5686 κρᾶσιν
1848 5613 1911 5665 Ὀ.

145 5680 464 5741 δύναταιὈ.
535 5684 576 5715 ¹⁰
605 5680 788 5737 Malim
826 5680 1267 5753 μετασύγκρίσιν.
1349 5687 1387 5717 ¹¹
1429 5686 1510 5738 Ad
1539 5680 1887 5737 )inubionem.
1917 5680 2039 5737 Ruf.

440 5779 715 5841 Pariioc.
771 5777 891 5838 Gn.
940 5778 1014 5837 ll.

2023 5613 2043 5685 _°
2075 5612 2297 5685 χαίρων.
2354 5612 2435 5685 T0
2463 5614 2547 5685 δὲ.
2607 5613 2825 5669 δύναται
2858 5630 2911 5685 p.
2947 5614 3171 5685 χαίρων,
3196 5617 3317 5668 τότε
3349 5614 3411 5668 3.5

2119 5700 2297 5753 ecogn.
2326 5698 2381 5748 ι,
2422 5684 2510 5739 52.

2122 5814 2125 5819 ι
3102 5778 3177 5837 15
