3860 6210
435 267 541 323 459
1323 263 1378 318 S.
1418 262 1807 320 CLEMENTIS
1846 262 1868 317 I
1904 262 1995 319 ΒΟ

2110 262 2309 319 ΡΟΝΤ.
2346 262 2575 319 OPERA
2609 262 2837 321 DUBIA.
3584 270 3695 326 ιω

436 382 825 453 interrogando
853 382 923 437 ob
951 381 1284 451 voluptatem
1330 391 1495 451 atque
1546 381 1867 436 suavitatem
1911 380 1995 435 di-

2114 381 2426 453 ἐπαλλήλως
2442 382 2829 454 πυνθανόμενοι
2846 386 2951 439 ὑπὸ
2963 403 3022 438 τε
3050 385 3244 457 ἡδονῆς
3270 388 3363 440 καὶ
3382 391 3561 459 χαρᾶς
3580 391 3697 444 τῶν

433 488 647 531 ctorum
674 484 849 529 totam
869 485 1083 529 noctem
1107 476 1297 545 vigiles
1327 476 1753 545 permansimus.
1780 474 1995 529 Etcum

2106 474 2410 545 λεγομένων
2453 476 2712 546 νήφοντες
2758 477 3242 548 ἐνυκτερεύσαμεν.
3291 478 3429 549 ’Ἤδη
3463 479 3524 531 δέ
3571 498 3697 544 πως

429 570 541 637 jam
586 575 998 631 aurorcsceret,
1035 567 1226 624 Petrus
1269 584 1356 622 me
1401 583 1464 623 ac
1514 568 1712 621 fratres
1739 582 1890 621 meos
1920 567 1995 621 in-

2106 567 2300 629 νυκτὸς
2325 568 2800 640 ὑπαυγαζομένης,
2822 570 3027 641 Πέτρος
3053 570 3327 640 ἐμϐλέψας
3345 571 3468 641 ἐμοί
3497 587 3561 624 τε
3594 574 3699 625 καὶ

434 671 613 726 tuens,
648 659 821 714 dixit:
852 657 1081 719 Haasito,
1110 659 1240 725 quid
1280 660 1420 729 patri
1460 668 1643 714 vestro
1686 658 1863 712 visum
1911 658 2001 713 sit.

438 751 551 806 Iloc
602 750 767 806 Petro
826 750 1028 805 dicenti
1079 759 1231 819 pater
1298 751 1632 815 intervenit,
1696 750 2006 819 reperitque

435 858 557 895 eum
592 842 751 897 nobis
780 840 848 895 de
870 855 929 895 se
958 841 1289 911 loquentem.
1323 840 1495 909 Quem
1528 857 1651 896 cum
1682 849 2002 897 maerentem

439 934 665 998 videret,
698 943 819 1003 post
839 933 1223 988 salutationem
1248 934 1313 988 ad
1346 949 1404 989 se
1427 935 1606 1004 ipsum
1634 933 2001 988 excusandum

432 1025 705 1095 exposuit,
747 1039 911 1093 quam
965 1025 1036 1078 ob
1080 1039 1305 1079 causam
1344 1022 1480 1079 foris
1530 1024 1845 1079 dormisset.
1895 1021 2004 1077 Nos

429 1133 559 1172 vero
589 1132 713 1172 eum
752 1116 1028 1171 intuentes
1052 1117 1393 1186 expavimus,
1430 1116 1635 1169 vultum
1668 1115 1887 1184 quidem
1919 1113 2006 1168 Si-

429 1209 608 1263 monis
636 1208 902 1273 videntes,
919 1221 1107 1262 vocem
1124 1220 1303 1262 autem
1320 1206 1503 1261 Fausti
1527 1207 1695 1276 patris
1723 1206 2004 1261 nostriau-

426 1301 654 1355 dientes.
694 1299 894 1353 Etcum
929 1314 1047 1355 eum
1076 1298 1384 1369 fugeremus
1402 1308 1564 1369 atque
1592 1299 2004 1353 exhorrescere-

430 1408 575 1457 mus,
608 1392 893 1462 obstupuit
930 1403 1106 1462 pater,
1132 1390 1280 1462 quod
1310 1399 1420 1446 tam
1445 1398 1756 1445 austere‘ac
1786 1389 2003 1443 inimice

427 1500 553 1538 cum
600 1500 667 1539 eo
715 1499 1021 1555 ageremus.
1082 1481 1245 1537 Solus
1291 1490 1474 1537 autem
1525 1481 1716 1537 Petrus
1768 1479 1999 1535 formam

426 1574 549 1644 ejus
578 1573 1046 1629 naturalem'vidit
1068 1572 1339 1641 nobisque
1360 1570 1500 1625 dixit
1525 1586 1543 1625 :
1576 1570 1686 1625 Cur
1713 1584 2003 1624 exsecran-

427 1673 509 1719 tes
539 1663 784 1735 refugitis
828 1679 857 1717 a
888 1670 1041 1733 patre
1085 1662 1305 1716 vestro?
1331 1659 1433 1715 Cui
1466 1674 1567 1715 nos
1601 1675 1710 1714 una
1738 1675 1861 1714 cum
1888 1674 2002 1712 ma-

2103 658 2215 719 τοῖς
2237 658 2484 726 ἀδελφοῖς
2506 676 2628 729 μου,
2654 658 2755 730 ἐφη
2771 676 2784 689 ’
2807 660 3081 731 Διατοορῶ,
3099 661 3153 713 τί
3172 660 3319 725 ἔδοξε
3334 660 3411 731 τῷ
3435 662 3698 734 ὑμετέρῳ

2108 747 2291 818 πατρί.
2320 750 2431 802 Καὶ
2458 749 2707 817 λέγοντος
2735 748 2892 803 τοῦτο
2916 744 3051 821 ἧκεν
3073 753 3101 804 6
3128 751 3312 822 πατὴρ
3336 752 3525 805 αὐτόθι
3548 791 3565 816 ,
3596 752 3698 806 τὸν

2106 839 2311 910 Πέτρον
2331 840 2461 909 ἡμῖν
2480 858 2549 893 πε
2558 840 2610 912 pl.
2624 841 2788 894 αὐτοῦ
2811 841 3187 912 διαλεγόμενον
3212 843 3535 896 καταλαϐών
3550 861 3563 873 ·
3593 845 3698 898 καὶ

2105 931 2417 1003 ἀθυμοῦντα
2453 932 2574 986 ίδὼν
2602 934 3045 1004 προσαγορεύσας
3071 934 3446 1006 ἀπελογήσατο
3465 975 3480 999 ,
3505 935 3577 987 δι’
3623 937 3698 1005 ἣν

2105 1025 2281 1077 αἰτίαν
2313 1024 2416 1090 ἔξω
2449 1024 2789 1097 κεκοίμηται.
2840 1027 3028 1096 Ἡμεῖς
3056 1026 3112 1079 δὲ
3143 1027 3507 1097 ἐμϐλέποντες
3536 1028 3697 1099 αὐτῷ

2105 1116 2511 1187 ἐξεστήκειμεν,
2530 1116 2590 1168 τὸ
2610 1112 2747 1180 εἶδος
2766 1118 3009 1188 Σίμωνος
3025 1117 3278 1187 ὁρῶντες,
3301 1119 3483 1190 φωνῆς
3500 1120 3559 1173 δὲ
3592 1120 3696 1173 τοῦ

2111 1210 2315 1281 πατρὸς
2337 1210 2492 1280 ἡμῶν
2518 1210 2805 1274 ἀκούοντες
2822 1210 3084 1264 Φαύστου.
3119 1212 3227 1265 Καὶ
3247 1212 3407 1284 407
3438 1212 3502 1283 δὴ
3553 1229 3694 1281 φευο

2104 1300 2305 1368 γόντων
2331 1302 2363 1370 ἡ
2372 1300 2485 1370 μῶν
2524 1300 2684 1353 αὑτὸν
2704 1302 2745 1331 ¹¹
2765 1302 2859 1354 καὶ
2893 1302 3228 1370 στυγούντων
3263 1302 3644 1373 ἐξεπέπληκτο
3662 1306 3697 1357 ὁ

2104 1392 2287 1463 πατὴρ
2303 1394 2396 1446 ἐπὶ
2409 1392 2485 1462 τῷ
2500 1392 2673 1456 οὕτως
2686 1393 2909 1463 ἀπηνῶς
2925 1395 3019 1448 καὶ
3035 1394 3246 1465 ἐχθρῶς
3263 1395 3408 1466 αὐτῷ
3424 1395 3691 1466 χρῆσθαι.

2104 1484 2282 1547 Μόνος
2302 1484 2358 1537 δέ
2379 1486 2585 1557 Πέτρος
2618 1486 2719 1558 τὴν
2748 1486 2888 1540 κατά
2911 1487 3071 1556 φύσιν
3091 1486 3255 1541 αὐτοῦ
3290 1487 3433 1558 ὁρῶν
3468 1489 3698 1559 μορφὴν

2104 1574 2239 1644 πρὸς
2266 1576 2415 1645 ἡμᾶς
2440 1573 2565 1647 ἔφη’
2587 1575 2742 1638 Τίνος
2760 1576 2920 1629 ἕνεκα
2938 1576 3348 1648 βδελυσσόμενοι
3365 1577 3690 1631 ἀπωθεῖσθε

2103 1665 2193 1719 τὸν
2214 1666 2477 1738 ὑμέτερον
2496 1667 2734 1738 πατέρας
2765 1648 2953 1738 Ἰἶῖμεῖς
2978 1669 3035 1722 δὲ
3065 1670 3158 1722 καὶ
3179 1672 3212 1741 ή
3240 1672 3418 1742 μήτηρ
3435 1670 3652 1740 ἔφαμεν
3672 1686 3690 1701 ’

428 1764 509 1811 tre
553 1722 937 1825 respondimus
964 1773 977 1807 :
1009 1753 1199 1809 Simon
1244 1753 1345 1808 iste
1384 1751 1545 1808 nobis
1591 1767 1712 1807 esse
1764 1751 1995 1817 videtur,

2104 1722 2285 1827 Σίμων
2309 1722 2439 1829 ἡμῖν
2462 1753 2617 1823 οὗτος
2636 1722 2883 1828 φαίνεται
2914 1722 3097 1833 φωνὴν
3125 1722 3262 1832 ἔχων
3287 1722 3690 1833 τοῦιὴμετέρου

428 1862 617 1902 vocem
645 1847 850 1901 habens
877 1845 1048 1913 patris
1072 1844 1266 1900 nostri.
1295 1842 1583 1899 EtPetrus
1613 1842 1751 1897 dixit
1784 1860 1796 1895 :
1836 1841 2002 1897 Vobis

424 1939 643 2010 quidem
676 1953 781 1993 vox
804 1938 925 2008 ejus
951 1937 1243 2007 praestigiis
1276 1951 1386 1991 non
1414 1944 1622 1990 mutata
1654 1936 1768 1989 sola
1800 1951 2002 2007 cogno-

424 2031 623 2098 scitur;
642 2044 829 2085 verum
851 2030 1027 2087 oculis
1056 2028 1195 2085 meis
1217 2043 1327 2083 non
1353 2027 1637 2084 fascinatis
1663 2030 1847 2083 vultus
1864 2044 2002 2098 quo-

422 2139 552 2195 que,
581 2122 763 2194 qualis
804 2131 910 2189 est,
962 2130 1187 2192 apparet
1209 2136 1365 2189 ,non
1396 2121 1660 2183 Simonis,
1687 2119 1781 2175 sed
1812 2118 1998 2175 Fausti

423 2216 596 2286 patris
621 2214 810 2271 vestri.
845 2214 986 2269 Tum
1012 2215 1126 2284 jam
1153 2222 1362 2284 patrem
1390 2213 1802 2285 reapexiteique
1826 2212 1994 2268 dixit:

422 2306 651 2378 Propria
681 2306 854 2362 facies
887 2306 996 2361 illis
1026 2306 1083 2360 in
1133 2316 1185 2361 te
1214 2320 1325 2360 non
1360 2312 1605 2376 apparet,
1632 2306 1728 2361 sed
1757 2304 1998 2361 Simonis

422 2398 821 2469 protervissimi
854 2398 1127 2469 uobisque
1154 2397 1545 2452 inimicissimi.

490 2510 630 2566 XIII.
666 2510 792 2567 Haac
818 2510 979 2566 Petro
1004 2509 1261 2581 loquente
1298 2509 1521 2565 advenit
1559 2509 1782 2579 quidam
1814 2508 1993 2575 exiis,

420 2602 514 2673 qui
538 2602 882 2657 Antiochiam
908 2601 1175 2672 prtemissi
1198 2600 1436 2667 fuerant,
1465 2601 1623 2670 eique
1643 2600 1816 2656 dixit:
1843 2599 1995 2655 Scire

420 2703 476 2749 te
504 2694 629 2749 volo
653 2733 668 2759 ,
701 2694 777 2748 mi
808 2692 1051 2759 domine,
1086 2692 1366 2748 Simonem
1393 2733 1408 2760 ,
1436 2692 1742 2747 Antiochia:
1778 2692 1995 2762 publice

422 2784 593 2839 multa
618 2783 865 2854 prodigia
905 2784 1151 2838 edentem
1180 2823 1195 2849 ,
1246 2798 1466 2854 magum
1523 2792 1576 2838 te
1620 2784 1894 2853 appellare
1929 2799 1993 2839 ac

422 2874 911 2945 praestigiatorem,
950 2873 1279 2943 incolasque
1335 2873 1404 2929 ad
1454 2883 1668 2931 tantum
1720 2877 1993 2934 excitasse

421 2965 644 3031 odium,
679 2974 737 3019 ut
784 2965 964 3035 quivis
1019 2965 1289 3022 desiderio
1327 2968 1546 3023 anhelet
1595 2970 1683 3023 vel
1731 2971 1990 3025 carnibus

2102 1848 2324 1918 πατρός.
2376 1849 2486 1903 Καὶ
2516 1851 2545 1903 6
2576 1850 2781 1922 Πέτρος
2810 1850 2942 1922 ἐφη·
2989 1852 3146 1922 Ὑμῖν
3184 1853 3280 1922 μὲν
3308 1854 3341 1923 ή
3371 1852 3690 1922 ἀμάγευτος

2102 1934 2265 1990 αὑτοῦ
2291 1939 2442 2011 φωνὴ
2483 1940 2616 2012 μόνη
2643 1938 2916 2012 γνώριμός
2945 1943 3112 2005 ἐστιν,
3148 1941 3281 2011 ἐμοῦ
3308 1941 3365 1994 δέ
3393 1945 3507 2005 τοῖς
3530 1942 3686 2011 ἀμα-

2101 2030 2314 2100 γεύτοις
2338 2031 2635 2102 ὀφθαλμοῖς
2660 2034 2753 2087 καὶ
2778 2033 2840 2087 τδ
2854 2029 2992 2097 εἶδος
3019 2033 3183 2087 αὐτοῦ
3204 2034 3280 2097 ὡς
3300 2033 3443 2087 ἔστιν
3460 2036 3684 2104 ὁρατὸν,

2099 2124 2179 2177 ὅτι
2207 2124 2279 2195 μή
2307 2125 2423 2177 ἐστι
2455 2124 2669 2195 Σίμων,
2696 2124 2833 2179 ἀλλὰ
2862 2123 3103 2187 Φαῦστος
3125 2128 3154 2179 6
3184 2125 3449 2196 ὑμέτερος
3468 2125 3680 2195 πατήρ.

2100 2216 2234 2270 Τότε
2283 2216 2348 2288 δὴ
2398 2216 2814 2288 προσεμϐλέψας
2853 2218 2948 2271 καὶ
2983 2216 3063 2286 τῷ
3094 2218 3262 2288 πατρὶ
3294 2217 3427 2288 ἔφη’
3462 2216 3684 2288 [Ἰδι]όν

2099 2324 2193 2361 σου
2227 2303 2366 2372 εἶδος
2406 2308 2590 2373 αὐτοῖς
2619 2309 2681 2362 οὐ
2710 2307 2982 2378 φαίνεται,
3011 2308 3147 2362 ἀλλά
3171 2308 3412 2380 Σίμωνος
3435 2307 3530 2363 τοῦ
3559 2310 3683 2362 ἀσε-

2097 2399 2360 2455 ϐεστάτου
2388 2400 2484 2453 καὶ
2509 2402 2638 2472 ἡμῖν
2663 2397 2980 2471 [ἐχθίστου].

2166 2512 2305 2567 XIII.
2347 2511 2533 2566 Ταῦτα
2559 2511 2654 2594 τοῦ
2690 2512 2894 2584 Πέτρου
2921 2512 3300 2583 διαλεγομένου
3330 2510 3573 2581 ἐπεισῄει
3592 2527 3679 2575 τις

2094 2605 2202 2659 τῶν
2233 2604 2474 2677 προόδων
2496 2604 2604 2658 ἀπὸ
2636 2603 2736 2675 τῆς
2778 2604 3108 2674 Ἀντιοχείας
3139 2598 3555 2674 [ὑποστραφεὶς]
3596 2600 3681 2653 λέο

2094 2711 2207 2765 των
2239 2688 2458 2766 Πέτρῳ·
2492 2695 2705 2749 Εἰδέναι
2745 2712 2805 2748 σε
2843 2695 3015 2759 θέλω,
3044 2695 3200 2767 κύριέ
3231 2711 3354 2765 μου,
3387 2695 3467 2746 δτι
3490 2693 3679 2763 Σίμων

2093 2789 2152 2842 ἐν
2170 2792 2238 2860 τῇ
2272 2788 2568 2858 Ἀντιοχείᾳ
2587 2788 2823 2859 δημοσίᾳ
2845 2787 3017 2840 πολλά
3034 2787 3292 2858 τεράστια
3309 2786 3475 2840 ποιῶν
3502 2786 3681 2857 μάγον

2094 2895 2155 2931 σε
2175 2878 2217 2910 ⁸³
2233 2878 2510 2948 ὀνομάζων
2527 2877 2619 2930 καὶ
2640 2876 2810 2949 γόητα
2829 2876 3074 2948 καὶπρὸς
3092 2874 3344 2929 τοσοῦτον
3370 2876 3569 2939 αὐτοὺς
3597 2878 3682 2947 μῖ-

2095 2987 2185 3033 σος
2198 2971 2627 3044 παρεσκεύασεν,
2640 2970 2715 3033 ὡς
2725 2969 3004 3040 γλίχεσθαι
3021 2970 3199 3024 πάντα
3213 2968 3311 3023 ἄνθ
3321 2984 3497 3039 ρωπον
3510 2967 3621 3023 τῶν
3633 2968 3681 3001 ¹⁵

421 3059 531 3114 tuis
552 3056 827 3113 vescendi.
861 3055 1203 3128 Quapropter
1247 3074 1348 3113 nos
1375 3099 1391 3126 ,
1420 3061 1685 3129 praemissi
1722 3078 1847 3117 cum
1878 3062 1989 3118 fra-

2099 3062 2210 3116 ἐκεῖ
2253 3063 2702 3135 ἐπιδημησάντων
2765 3061 2982 3133 σαρκῶν
3027 3060 3205 3115 αὐτῶν
3266 3058 3682 3127 ἀπογεύσασθαι

422 3149 598 3204 tribus
624 3148 829 3203 nostris
860 3147 1070 3203 Simoni
1092 3164 1123 3205 a
1150 3157 1201 3204 te
1233 3149 1526 3219 adjunctis,
1567 3167 1690 3206 cum
1710 3153 1988 3209 civitatem

2099 3171 2206 3209 σου.
2227 3154 2387 3232 Ὅθεν
2405 3157 2437 3225 ή
2449 3156 2566 3225 μεῖς
2578 3154 2627 3206 οἱ
2642 3151 2857 3222 πρόοδοι
2879 3150 3018 3223 μετὰ
3031 3151 3141 3205 τῶν
3160 3150 3266 3205 ὑπὸ
3288 3149 3382 3203 σοῦ
3398 3149 3475 3220 τῷ
3501 3150 3563 3201 Σί
3572 3166 3684 3220 μω-

418 3241 769 3296 vehementer
791 3250 981 3295 contra
998 3250 1049 3295 te
1071 3250 1400 3297 commotam
1422 3242 1753 3312 videremus,
1778 3246 1990 3301 occulte

2099 3264 2141 3300 νι
2169 3245 2621 3316 ὑποϐεϐλημένων
2638 3244 2880 3313 ἀδελφῶν
2898 3243 3074 3315 ἡμῶν,
3096 3243 3230 3296 πολὺ
3255 3240 3395 3295 κατά
3424 3241 3515 3294 σοῦ
3546 3240 3682 3312 βρύ-

419 3333 813 3398 convenimus,
852 3331 983 3402 quid
1010 3332 1124 3388 fieri
1151 3342 1430 3403 oporteret
1463 3336 1895 3392 considerantes.
1923 3338 1989 3394 Et

2099 3354 2288 3409 [ουσαν
2312 3337 2411 3408 τὴν
2436 3337 2588 3390 πόλιν
2616 3333 2951 3408 ἑωρακότες,
2981 3334 3165 3406 κρύφα
3184 3335 3266 3398 είς
3287 3335 3347 3386 τὺ
3371 3334 3504 3387 αὐτὸ
3528 3334 3684 3401 γενό-

2091 3448 2242 3505 μενοι
2281 3427 2589 3499 σκοποῦμεν
2612 3429 2676 3492 ¹⁵,
2703 3428 2758 3482 τί
2790 3428 2896 3499 χρὴ
2930 3428 3125 3480 ποιεῖν.
3155 3426 3267 3478 Καὶ
3287 3425 3353 3497 δὴ
3380 3427 3439 3478 ἐν
3465 3425 3682 3496 ἀπορίᾳ

2087 3522 2245 3595 ήμῶν
2272 3522 2439 3577 ὄντων
2466 3521 2775 3591 ἐπεδήμησε
2800 3519 3098 3591 Κορνήλιος
3119 3518 3530 3587 ἑκατόνταρχος,
3568 3518 3682 3571 ὑπὸ

2086 3612 2654 3686 Καίσαροςεπεμφθεὶς
2671 3612 2807 3684 πρὸς
2832 3612 2923 3665 τὸν
2938 3612 3035 3681 τῆς
3058 3609 3327 3681 ἐπαρχίας
3344 3609 3478 3680 ήγού
3486 3626 3678 3679 μενον,

2085 3706 2145 3760 ὃν
2173 3707 2231 3760 ἐν
2278 3706 2586 3777 Καισαρείᾳ
2616 3703 2957 3776 δαιμονῶντα
2981 3702 3147 3774 408
3171 3702 3357 3755 ίάσατο
3385 3703 3414 3753 6
3442 3701 3678 3772 Κύριος.

2087 3792 2251 3859 Οὗτος
2284 3796 2689 3868 μεταπεμφθεὶς
2727 3797 2815 3864 ὑφ’
2864 3793 3021 3865 ἡμῶν
3066 3794 3250 3863 κρύφα
3274 3794 3372 3847 καὶ
3401 3794 3502 3863 τῆς
3540 3795 3684 3848 ἀθυ-

2090 3887 2216 3958 μίας
2240 3887 2339 3959 τήν
2359 3887 2538 3940 αἰτίαν
2561 3886 2689 3957 παρ’
2715 3883 2872 3955 ἡμῶν
2898 3883 3085 3955 μαθὼν
3128 3884 3222 3937 καὶ
3262 3883 3473 3954 βοηθεῖν
3504 3882 3680 3948 ἀξιω-

2085 3978 2198 4043 θεὶς
2224 3978 2609 4051 προθυμότατα
2645 3977 2910 4046 ὑπέσχετο
2954 3976 3196 4047 φοϐήσας
3226 3976 3553 4044 φυγαδεύειν
3580 3977 3681 4031 αύ-

2082 4071 2203 4135 τὸν,
2238 4070 2333 4124 ἐάν
2374 4086 2437 4138 γε
2479 4066 2645 4123 αὐτοῦ
2685 4068 2763 4139 τῷ
2803 4068 3160 4137 ἐγχειρήματι
3210 4067 3673 4139 ὑπουργήσωμεν.

2095 4162 2158 4214 Ἥ
2167 4161 2281 4233 μῶν
2295 4161 2352 4214 δέ
2373 4158 2603 4230 ἑτοίμως
2634 4157 2810 4211 πάντα
2850 4157 3095 4226 ποιήσειν
3119 4155 3511 4226 ὑποσχομένων
3533 4156 3635 4228 ἔφη
3655 4175 3674 4189 ο

418 3442 543 3482 cum
568 3427 763 3482 incerti
789 3426 1183 3494 haesitaremus,
1216 3427 1502 3484 Cornelius
1532 3430 1797 3497 centurio,
1822 3447 1986 3500 quem

417 3519 679 3574 Caesareae
707 3517 969 3574 Dominus
1003 3534 1032 3572 a
1061 3518 1305 3576 daemone
1339 3522 1623 3589 liberavit,
1655 3524 1723 3578 ab
1755 3524 1989 3595 impera-

418 3620 537 3665 tore
583 3609 650 3665 ad
705 3610 996 3679 provincia:
1047 3611 1359 3680 prafectum
1410 3614 1614 3669 missus
1650 3617 1983 3685 supervenit.

418 3704 523 3770 Qui
553 3719 582 3758 a
606 3704 769 3758 nobis
815 3703 953 3758 clam
995 3706 1295 3762 accersitus
1331 3722 1395 3761 ac
1420 3708 1486 3763 de
1516 3724 1685 3763 causa
1712 3711 1988 3765 maestitiae

419 3802 622 3848 nostrae
650 3793 847 3848 certior
873 3793 1053 3849 factus
1095 3803 1150 3849 et
1197 3804 1258 3849 ut
1306 3796 1519 3868 iuvaret
1549 3807 1772 3868 rogatus
1802 3814 1987 3869 prom-

418 3885 667 3955 ptissime
720 3886 971 3955 promisit
1015 3900 1074 3941 se
1129 3902 1253 3940 eum
1305 3886 1654 3958 fugaturum,
1690 3889 1733 3943 si
1765 3890 1982 3959 quidem

417 3986 657 4045 emptum
700 3976 804 4046 ipsi
845 3976 1239 4047 adjutaremus.
1286 3978 1536 4049 Cumque
1580 3982 1805 4050 polliciti
1836 3998 1986 4038 esse-

417 4082 542 4122 mus
577 4067 767 4122 sedulo
805 4081 905 4122 nos
934 4068 1117 4121 omnia
1159 4066 1399 4123 facturos
1427 4087 1441 4123 :
1480 4068 1592 4138 Ego
1616 4112 1631 4137 ,
1662 4072 1859 4141 inquit,
1886 4088 1985 4142 per

416 4157 618 4212 multos
646 4170 799 4211 meos
828 4156 1036 4210 amicos
1061 4155 1328 4224 evulgabo
1384 4171 1471 4212 me
1520 4157 1733 4212 venisse
1759 4158 1826 4211 ad
1856 4173 1982 4212 cum

418 4247 786 4318 capiendum,
839 4260 963 4299 cum
1027 4244 1209 4299 Caesar
1276 4245 1465 4301 multis
1519 4247 1693 4318 magis
1754 4248 1984 4305 sublatis

2099 4252 2260 4324 Ἐμοῦ
2289 4251 2379 4304 διὰ
2420 4248 2630 4303 πολλῶν
2668 4248 2836 4317 φίλων
2875 4247 3059 4320 κρύφα
3093 4248 3174 4310 είς
3209 4246 3471 4317 σύλληψιν
3502 4247 3677 4300 αὑτοῦ

414 4340 482 4395 de
537 4354 604 4394 eo
659 4339 861 4394 certior
918 4336 1095 4392 factus
1149 4352 1235 4392 me
1284 4338 1352 4393 ad
1394 4340 1449 4393 id
1494 4340 1773 4406 misisset,
1818 4350 1880 4395 ut
1925 4350 1980 4396 et

2099 4342 2394 4415 εληλυθέναι
2420 4336 2879 4410 περισκοποῦντος
2918 4337 3013 4389 καὶ
3041 4338 3223 4407 ζητεῖν
3249 4335 3409 4389 αὑτὸν
3440 4336 3681 4405 φάσκονο

412 4432 591 4501 ipsum
630 4429 819 4484 eodem
879 4430 1075 4493 modo,
1129 4444 1240 4499 quo
1305 4428 1458 4498 prius
1512 4430 1979 4501 praestigiatores,

2099 4451 2195 4498 cog,
2212 4432 2395 4485 καθότι
2411 4432 2627 4499 Καῖσαρ
2644 4428 2869 4491 πολλοὺς
2887 4428 3096 4497 μάγους
3111 4426 3313 4480 ἀνελὼν
3328 4429 3424 4481 καὶ
3448 4427 3516 4480 τὰ
3546 4434 3675 4483 κατ’

412 4522 649 4593 puniret.
676 4520 743 4574 Et
763 4520 858 4591 qui
887 4534 955 4575 ex
984 4521 1185 4575 vestris
1210 4535 1335 4575 cum
1368 4535 1432 4575 eo
1469 4532 1792 4586 versantur,
1821 4523 1982 4593 quasi

2099 4523 2244 4576 ιὺτὸν
2271 4520 2456 4593 μαθὼν
2498 4520 2598 4590 ἐμὲ
2645 4519 2739 4571 ἐπὶ
2775 4517 2873 4587 τὴν
2914 4516 3081 4570 αὑτοῦ
3119 4516 3345 4587 ζήτησιν
3380 4516 3671 4589 ἔπεμψεν,

413 4616 623 4672 occulte
648 4615 1000 4683 undicunque
1044 4612 1353 4676 audierint,
1385 4612 1619 4668 referant
1668 4614 1750 4681 ei,
1796 4630 1883 4669 me
1906 4616 1979 4670 ad

2099 4616 2229 4676 ὅπως
2241 4612 2336 4666 καὶ
2353 4610 2512 4663 αὐτὸν
2525 4609 2600 4672 ὡς
2621 4608 2715 4662 καὶ
2737 4608 2865 4670 τοῦς
2882 4606 2987 4677 πρὸ
3004 4605 3172 4659 αὐτοῦ
3197 4608 3404 4677 μάγους
3435 4609 3671 4680 κολάσῃ.

412 4707 736 4777 capiendum
766 4720 893 4760 eum
926 4717 1050 4758 esse
1077 4703 1362 4757 emissum.
1397 4702 1608 4769 Quibus
1636 4705 1839 4761 auditis
1870 4703 1984 4760 for-

2099 4707 2192 4759 Kai.
2219 4705 2267 4757 οἱ
2298 4701 2549 4773 ὑμέτεροι
2578 4701 2628 4752 οἱ
2658 4697 2904 4761 συνόντες
2927 4696 3072 4767 αὐτῷ
3103 4697 3178 4760 ὡς
3195 4697 3260 4769 δή
3289 4698 3473 4769 κρύφα
3499 4701 3673 4755 ποθὲν

411 4808 558 4853 tasse
584 4810 786 4866 pavore
834 4802 1118 4865 correptus
1166 4793 1427 4864 aufugiat.
1474 4793 1612 4848 Cum
1660 4796 1807 4851 aliud
1850 4796 1983 4865 quid

2099 4793 2382 4868 ὶκηκοότες
2397 4788 2980 4863 προσαναφερέτωσαν,
2995 4788 3071 4851 ὡς
3087 4786 3221 4858 ἐμοῦ
3242 4788 3406 4873 ἕνεκα
3428 4788 3524 4842 τοῦ
3547 4791 3671 4844 συλ.

412 4888 592 4943 facere
618 4887 984 4958 cogitaremus
1011 4925 1027 4951 ,
1073 4886 1236 4941 simul
1264 4887 1337 4940 ita
1365 4886 1562 4941 evenit.
1607 4886 1817 4943 Etenim
1847 4904 1971 4944 cum

2099 4888 2255 4943 .a6ei’v
2267 4883 2426 4938 αὐτὸν
2440 4879 2867 4951 ἀπεσταλμένου.
2887 4880 2996 4932 Καὶ
3007 4880 3166 4950 τυχὸν
3182 4874 3354 4933 ταῦτα
3369 4880 3410 4911 ¹⁶
3421 4882 3557 4934 ἀκού
3564 4900 3670 4947 σας

412 4992 466 5035 et
494 4995 561 5035 ex
586 4978 775 5034 multis
816 4978 1008 5033 alienis
1050 4977 1190 5033 clam
1240 4977 1618 5033 nuntiantibus
1643 5020 1658 5045 ,
1716 4990 1971 5051 tanquam

2099 4978 2332 5049 ροϐηθεὶς
2375 4973 2649 5043 φεύξεται.
2694 4971 2845 5025 Ἐπεὶ
2873 4970 3053 5024 τοίνυν
3068 4970 3251 5042 ἕτερόν
3269 4986 3320 5022 τι
3340 4974 3511 5023 ποιεῖν
3541 4971 3670 5025 ἐπε*

412 5072 606 5140 ingens
634 5067 958 5123 beneﬁcium
989 5068 1092 5138 ipsi
1117 5065 1456 5131 conferrent,
1484 5076 1539 5122 et
1560 5068 1781 5137 insuper
1803 5085 1866 5124 ex
1898 5070 1978 5125 fa-

2099 5071 2370 5140 νοήσαμεν,
2404 5063 2555 5135 ὁμῶς
2582 5062 2753 5126 οὓτως
2788 5062 3023 5130 ἐγένετο.
3067 5062 3203 5115 ’Υπὸ
3223 5078 3282 5113 τε
3308 5060 3417 5132 γὰρ
3444 5061 3670 5118 πολλῶν

414 5159 717 5214 miliaribus
745 5167 1056 5213 nostrorum
1105 5157 1375 5213 simulatis
1420 5157 1551 5213 illud
1603 5158 1901 5215 audivisset
1920 5170 1976 5217 et

2099 5159 2183 5212 τῶν
2210 5157 2314 5222 ἐξω
2338 5158 2417 5219 είς
2446 5155 2515 5208 τὰ
2552 5154 2762 5225 μεγάλα
2797 5153 2946 5224 αὐτῷ
2972 5152 3342 5224 χαριζομένων
3370 5151 3545 5224 λάθρα
3573 5154 3667 5206 λε-

414 5250 557 5303 hanc
585 5262 706 5304 esse
734 5262 960 5302 suorum
995 5250 1322 5303 sententiam
1366 5256 1601 5319 putaret,
1639 5250 1742 5305 sibi
1775 5266 1974 5307 caven-

2099 5253 2301 5321 πόντων,
2344 5247 2501 5302 ἔτιδὲ
2528 5247 2622 5299 καὶ
2664 5244 2773 5300 τῶν
2819 5244 2964 5299 ἔνδον
3010 5244 3330 5317 ύποϐλητῶν
3371 5247 3667 5317 ἡμετέρων

412 5340 542 5395 dum
565 5354 686 5395 esse
715 5339 987 5410 cognovit.
1021 5339 1310 5397 Antiochia
1335 5340 1500 5412 igitur
1530 5339 1820 5412 aufugiens
1848 5358 1972 5399 cum

2099 5342 2335 5415 ὶκηκοὼς
2376 5340 2471 5395 καὶ
2513 5339 2590 5402 ὡς
2638 5338 2769 5403 παρ’
2799 5336 2944 5390 ἰδίων
2982 5335 3208 5408 γνώμην
3248 5337 3485 5410 εἰληφὼς
3523 5340 3666 5394 ὑπο-

1670 5476 1903 5534 VARI/IS
1942 5476 2347 5535 LECTIONES.

482 5612 524 5691 ξ·
554 5611 632 5665 lta
657 5612 908 5691 seripsic.
949 5612 1269 5691 Κοίλῃ-55,
1297 5616 1472 5671 αὐτῶν
1505 5620 1565 5691 ρ.
1621 5616 1792 5691 μήτε,
1815 5619 1875 5671 Ο.
1984 5621 2026 5652 ιδ
2059 5620 2156 5691 τήν
2186 5620 2246 5675 0.
2326 5618 2369 5650 ¹⁶
2405 5615 2605 5672 σκοποῦ
2634 5616 2727 5672 καί
2760 5617 2822 5684 0,
2856 5617 2913 5672 in
2934 5630 3043 5688 quo
3071 5616 3303 5674 subinde
3333 5624 3661 5686 repetuntur

413 5680 539 5736 vbb.
597 5682 729 5735 πολὺ
769 5680 914 5736 κατὰ
953 5683 1044 5738 σοῦ
1079 5685 1395 5757 βρύχουσαν.
1505 5687 1548 5719 ¹θ
1574 5686 1735 5741 αὐτόν
1765 5689 1826 5742 Ο.
