3860 6210
196 269 299 326 Ml

1188 288 1191 291 '
1290 264 1749 326 CLEMENTINA.
1785 299 1852 311 η-
1886 265 2170 323 HOMILIA
2209 262 2323 323 XX.

3342 271 3448 328 463

198 383 518 439 πάλλεσθαι
544 384 706 454 ἐγνω.
745 377 1014 456 ’Δποδράς
1038 376 1134 437 οὖν
1154 381 1256 454 τῆς
1295 380 1619 452 ’Δντιοχείας
1642 379 1781 452 μετά

1890 380 2234 437 Athenodoro
2262 382 2371 435 huc
2412 379 2595 447 venit,
2639 389 2701 436 ut
2737 380 3067 439 audivimus.
3116 381 3304 457 Itaque
3349 387 3452 445 tibi

209 474 580 547 Ἀθηνοδώρου
602 474 790 528 ἐνθάδε
809 470 1084 546 ἐλήλύθεν,
1100 473 1175 537 ὡς
1192 472 1526 544 ἀκηκόαμεν.
1544 469 1634 549 Διὸ
1653 487 1715 523 συ
1723 486 1781 540 μ-

196 569 529 639 ϐουλεύομέν
554 585 637 621 σοι
678 569 842 639 μήπω
872 566 1128 639 ἐπιϐῆναι
1163 565 1263 635 τῆς
1301 564 1506 627 πόλεως
1540 562 1777 633 ἐκείνης,

201 662 402 732 μέχρις
428 659 495 712 ἂν
523 658 756 729 εἴδωμεν
774 697 789 722 ,
821 660 869 712 εί
891 658 990 729 τῆς
1004 655 1145 711 κατά
1180 654 1273 709 σοῦ
1300 653 1550 725 διαϐολῆς
1571 654 1780 708 ἐκείνου

196 755 433 817 ἀπόντος
462 752 731 824 ὑπολῆσαι
756 750 1091 823 δυνήσονται.

272 843 416 899 XIV.
456 843 646 898 Ταῦτα
696 842 792 896 τοῦ
846 842 1073 913 προόδου
1126 839 1590 910 ἀπαγγείλαντος,
1618 841 1648 893 6
1679 840 1784 894 Πέ-

193 956 329 1010 τρος
348 938 430 1010 τῷ
456 937 626 1008 πατρὶ
651 936 1068 1008 προσεμϐλέψας
1088 935 1191 1007 ἔφη
1210 952 1223 965 ·
1269 933 1527 998 Ἀκούεις,
1552 933 1782 997 Φαῦστε,

197 1029 309 1083 ὑπὸ
334 1030 579 1100 Σίμωνος
594 1028 695 1081 τοῦ
706 1026 895 1097 Μάγου
917 1028 951 1097 ή
980 1025 1399 1097 μεταμόρφωσίς
1428 1041 1520 1077 σου
1539 1023 1782 1092 γέγονεν,

196 1123 278 1186 ὡς
326 1122 429 1193 ήδη
467 1121 731 1190 φαίνεται.
783 1118 1062 1189 Καίσαρος
1098 1116 1207 1189 γάρ
1241 1117 1468 1189 νομίσας
1510 1116 1603 1169 ἐπὶ
1630 1114 1786 1186 κακῷ

198 1211 371 1285 ιω
389 1212 553 1267 αὑτὸν
579 1212 764 1284 ζητεῖν
783 1253 798 1278 ,
829 1208 1087 1281 φοϐηθεὶς
1121 1208 1288 1277 ἔφυγε
1332 1208 1432 1279 τήν
1481 1203 1672 1260 ἐαυτοῦ
1703 1221 1785 1258 σοι

198 1304 447 1377 περιθεὶς
498 1303 714 1375 μορφήν
735 1342 751 1368 ,
794 1302 943 1365 ὅπως
984 1298 1342 1362 ἀποθανόντος
1383 1316 1476 1352 σου
1519 1300 1632 1361 τοῖς
1676 1298 1788 1360 σοῖς

197 1398 416 1462 τέκνοις
462 1398 497 1469 ἡ
542 1396 688 1465 λύπη
735 1396 981 1467 γένηται.
1038 1391 1223 1446 Ταῦτα
1261 1394 1290 1446 6
1330 1392 1513 1463 πατὴρ
1552 1390 1785 1455 ἀκούων,

197 1488 407 1542 κλαίων
438 1487 533 1541 καὶ
567 1486 885 1557 ὀδυρόμενος
933 1484 1036 1555 ἐφη
1059 1500 1074 1514 ο
1117 1482 1320 1555 Ὀρθῶς
1349 1482 1652 1552 ἐστοχάσω,
1679 1482 1786 1535 Πέ-

196 1599 318 1653 τρε.
360 1578 680 1633 Ἀννουϐίων
699 1579 740 1609 ¹⁷
766 1576 899 1650 [γὰρ
928 1574 1148 1647 οἰκεῖός]
1180 1574 1279 1646 μού
1303 1590 1370 1645 με
1400 1574 1568 1643 φιλῶν
1593 1590 1791 1645 μυστη,

201 1672 416 1746 ριωδῶς
436 1672 538 1744 τὴν
569 1669 862 1741 ἐπιϐουλήν
898 1668 1176 1740 ἐξέφηνεν.
1210 1667 1319 1720 Kal
1344 1666 1445 1720 οὐκ
1466 1663 1789 1737 ἐπίστευ[σα
1812 1678 1813 1681 ‘

198 1767 229 1819 6
254 1762 648 1835 ταλαίπωρος],
678 1761 863 1832 ἐπειδὴ
887 1760 982 1814 τοῦ
1011 1759 1201 1813 παθεῖν
1220 1758 1368 1830 ἢμην
1397 1757 1564 1823 άξιος.

273 1854 395 1911 κν.
421 1854 606 1908 Ταῦτα
628 1853 723 1907 τοῦ
745 1852 950 1925 πατρὸς
974 1851 1218 1914 εἰπόντος
1242 1851 1359 1921 μετ’
1384 1851 1446 1904 ού
1469 1850 1604 1903 πολὺ
1634 1848 1779 1921 [Ἂν-

195 1947 434 2003 νουϐίων
471 1942 629 2018 ἦλθε]
675 1946 811 2018 πρὸς
849 1945 997 2016 ἡμᾶς
1038 1944 1138 2015 τήν
1170 1942 1410 2014 Σίμωνος
1440 1943 1571 2014 ήμῖν
1602 1941 1779 2014 δηλῶν

199 2040 407 2112 φυγὴν,
434 2040 529 2092 καὶ
558 2039 635 2101 ῶς
661 2039 831 2109 αὐτῆς
851 2036 1044 2100 νυκτὸς
1067 2036 1162 2089 ἐπὶ
1197 2035 1466 2089 ἰουδαίαν
1498 2034 1775 2107 ὥρμησεν.

198 2126 346 2204 Εὗρε
378 2130 436 2184 δὲ
464 2130 557 2183 τὸν
580 2129 790 2200 πατέρα
808 2128 963 2200 ήμῶν
991 2127 1324 2198 κοπτόμενον
1342 2127 1437 2181 καὶ
1461 2126 1600 2199 μετὰ
1622 2125 1780 2197 ὀδυρ-

202 2223 325 2296 μῶν
355 2221 601 2292 λέγονται
653 2222 832 2293 Οίμοι,
883 2220 1028 2291 οἴμοι
1076 2222 1106 2274 6
1148 2219 1344 2285 τάλας,
1399 2218 1571 2291 μάγον
1618 2216 1781 2272 αὐτὸν

199 2315 421 2371 ἀκούων
451 2315 735 2386 ἠπίστουν.
780 2314 845 2367 '0
876 2312 1222 2383 ταλαίπωρος
1248 2309 1385 2383 πρὸς
1417 2310 1543 2382 μίαν
1568 2310 1781 2381 ἡμέραν

201 2408 562 2479 ἐπιγνωσθεὶς
586 2425 651 2461 συ
659 2406 800 2479 μϐίῳ
822 2406 916 2460 καὶ
934 2406 1144 2469 τέκνοις
1166 2404 1377 2474 ταχέως
1402 2403 1496 2456 ἐπὶ
1519 2402 1619 2474 τὴν
1645 2419 1781 2474 προ·-

198 2501 371 2572 τέραν
418 2500 517 2571 τῆς
562 2498 782 2568 ἀγνοίας
821 2493 984 2569 ἦλθον
1027 2496 1328 2567 συμφοράν.
1371 2494 1482 2548 Kal
1522 2495 1557 2566 ή
1600 2494 1782 2566 μήτηρ

200 2590 503 2662 ὀδυρομένη
550 2588 652 2652 τὰς
694 2587 887 2659 τρίχας
934 2586 1265 2642 κατέτιλλεν.
1311 2586 1511 2658 Ἡμεῖς
1550 2585 1609 2639 δέ
1654 2585 1783 2657 περὶ

199 2684 305 2753 τῆς
335 2680 430 2735 τοῦ
464 2680 671 2753 πατρὸς
691 2680 1027 2744 ἀλλοιώσεως
1049 2679 1441 2753 ἀδημονοῦντες
1471 2679 1780 2751 ἐστένομεν,

202 2775 234 2828 δ
260 2791 320 2827 τι
353 2773 483 2826 τεοτέ
512 2769 581 2844 ἦν
615 2774 898 2845 συννοῆσαι
930 2774 1004 2844 μὴ
1027 2772 1332 2844 δυνάμενοι.
1376 2770 1701 2826 ’Δννουϐίων
1725 2770 1784 2824 δὲ

204 2863 379 2917 ταῦτα
407 2862 622 2917 ἀκούων
653 2863 749 2915 καὶ
777 2860 920 2932 ὀρῶν
950 2861 1157 2932 ἀχανὴς
1188 2860 1339 2932 ἔστη.
1386 2859 1453 2913 Ὃ
1483 2859 1542 2913 δὲ
1577 2858 1785 2930 Πέτρος

203 2955 342 3026 ἡμῖν
373 2956 488 3018 τοῖς
517 2953 727 3017 τέκνοις
754 2953 848 3007 ἐπὶ
880 2951 1095 3007 πάντων
1126 2952 1254 3025 ἔφη’
1290 2950 1628 3006 Πιστεύσατέ
1671 2966 1781 3021 μοι,

202 3041 362 3109 οὗτός
402 3046 521 3098 ἐστι
559 3043 802 3108 Φαῦστος
832 3046 861 3098 6
892 3043 1074 3116 πατὴρ
1117 3042 1293 3115 ὑμῶν.
1334 3042 1425 3113 Διὸ
1465 3042 1533 3113 δὴ
1577 3040 1785 3095 κελεύω

204 3140 358 3210 ὑμῖν,
392 3137 469 3201 ὡς
500 3138 670 3209 πατρὶ
702 3110 1281 3207 προσέχεινίῘΙαρέξει
1312 3110 1421 3205 γὰρ
1452 3110 1628 3195 όόεὸς
1652 3129 1789 3203 πρό-
1812 3110 1855 3169 C

205 3232 376 3304 φασίν
398 3248 543 3296 τινα,
564 3224 715 3302 δι’ἦς
740 3230 839 3300 τὴν
868 3229 1109 3300 Σίμωνος
1136 3226 1543 3297 ἀποδυσάμενος
1574 3223 1789 3296 μορφὴν

204 3327 309 3398 τὴν
346 3324 442 3379 τοῦ
475 3323 683 3395 πατρὸς
715 3322 868 3394 ὑμῶν
912 3320 1192 3393 προδήλως
1228 3317 1493 3384 ἀναδείξει
1540 3315 1700 3370 πάλιν
1722 3315 1785 3369 ¹⁸.

206 3416 396 3472 Ταῦτα
409 3417 542 3487 ήμῖν
560 3412 731 3469 είπὼν
750 3414 845 3467 καὶ
865 3412 942 3484 τῷ
965 3413 1133 3484 πατρὶ
1146 3410 1493 3483 προσϐλέψας
1505 3408 1627 3480 ἔφη·
1648 3405 1789 3476 Ἑγώ

208 3526 297 3564 σοι
329 3507 626 3580 ἐπέτρεψα,
660 3503 1100 3577 προσαγορεῦσαι
1134 3502 1417 3556 ’Δππίωνα
1445 3500 1538 3555 καὶ
1579 3500 1790 3553 Ἀννου-

209 3603 403 3665 ϐίωνα,
439 3599 627 3670 ἐπειδὴ
658 3600 725 3652 ἐκ
756 3597 961 3651 παίδων
989 3612 1072 3649 σοι
1104 3593 1293 3665 φίλους
1319 3587 1459 3646 εἶναι
1483 3591 1786 3663 ὁμολογεῖς,

207 3693 334 3764 οὐχὶ
364 3692 570 3761 Σίμωνι
601 3688 681 3760 τῷ
695 3687 870 3760 Μάγῳ
902 3686 1226 3757 συνομιλεῖν.

278 3781 448 3855 ᾇιο
473 3778 615 3833 XVI.
636 3779 747 3831 Kal
762 3778 1004 3849 ὁπατήρ,
1038 3777 1345 3846 Ἥμαρτον,
1366 3772 1491 3844 ἔφη,
1521 3770 1786 3842 ὁμολογῶ.

208 3876 322 3929 Καὶ
355 3871 695 3927 ’Δννουϐίωψ
717 3869 826 3922 Kal
842 3868 1004 3931 αὐτὸς
1022 3865 1153 3936 ἐγὼ,
1176 3865 1300 3937 ἐφη,
1324 3864 1422 3917 σὺν
1436 3862 1584 3933 αύτῷ
1598 3861 1788 3933 δέομαί

209 3985 340 4029 σου,
386 3962 693 4033 συγγνῶναι
724 3960 941 4032 γέροντι
972 3960 1182 4028 εὐγενεῖ
1217 3956 1309 4010 καὶ
1342 3954 1528 4025 ἀγαθῷ
1569 3955 1786 4024 ἠπατη-

212 4058 383 4130 μένῳ.
434 4056 688 4125 Παίγνιον
734 4053 844 4124 γὰρ
892 4052 1112 4121 γέγονεν
1140 4052 1169 4103 6
1198 4049 1465 4119 δυστυχὴς
1506 4046 1601 4100 τοῦ
1634 4062 1790 4116 περι-

209 4152 433 4221 ϐοήτου.
466 4148 614 4235 Πλὴν
645 4147 723 4209 ὡς
752 4145 941 4214 γέγονε
966 4144 1009 4175 ¹⁹
1041 4142 1252 4235 φράσω.
1384 4138 1585 4235 ἀγαθδς
1612 4137 1789 4235 γέρων

206 4237 346 4312 ἦλθε
394 4229 850 4311 προσαγορεύσων
897 4236 1061 4307 ἡμᾶς.
1111 4233 1502 4303 Ἐτυγχάνομεν
1533 4231 1591 4285 δὲ
1618 4229 1789 4299 αὐτῆς

210 4334 367 4406 ῶρας
382 4332 526 4385 κατά
554 4331 750 4384 ταυτὸν
795 4330 844 4382 οί
875 4329 992 4382 ἐκεῖ
1013 4326 1274 4398 παρόντες
1294 4323 1581 4385 ἀκούοντες
1609 4322 1787 4393 Σίμω-

213 4445 337 4491 νος,
378 4426 441 4489 ὂς
479 4422 896 4495 ἀποδιδράσκειν
936 4420 1095 4493 ήθελε
1136 4419 1272 4489 αὐτῇ
1312 4417 1466 4470 νυκτὶ
1505 4411 1783 4486 ἀκηκοὼς,

215 4517 575 4589 ἐπιδημήσειν
609 4514 770 4567 ποθέν
800 4529 952 4576 τινας
982 4509 1216 4564 ἐνταῦθα
1246 4511 1312 4580 τῇ
1343 4506 1629 4576 Λαοδικείᾳ
1647 4504 1692 4535 ²⁰
1723 4505 1788 4557 ἐκ

215 4608 538 4683 προσταγῆς
588 4606 870 4677 βασιλικῆς
917 4603 1213 4675 ζητοῦντας
1261 4600 1440 4654 αὐτόν.
1475 4598 1701 4667 Φαύστῳ
1731 4595 1789 4648 δέ

214 4703 439 4755 εἰσιόντι
474 4699 567 4752 τὸν
606 4698 736 4751 ῐδιον
786 4695 955 4766 θυμὸν
1000 4693 1299 4765 ἐπέστρεφε
1319 4692 1361 4722 ¹¹
1396 4698 1571 4760 φήσας
1618 4686 1790 4749 οὕτως

216 4796 355 4867 πρὸς
390 4794 558 4864 ἡμᾶς’
593 4790 738 4844 ἀλῶν
770 4789 931 4843 αὑτὸν
964 4786 1186 4840 ἐλθόντα
1220 4784 1618 4856 συμμετασχεῖν
1661 4781 1790 4851 ύμῖν

215 4887 501 4957 ποιήσατεο
539 4881 650 4951 ἐγὼ
676 4881 732 4934 δὲ
766 4879 933 4951 μύρον
963 4896 1016 4931 τι
1063 4876 1329 4939 σκευάσω,
1375 4875 1462 4927 ἵνα
1500 4873 1791 4941 δειπνήσας

216 4979 315 5032 καὶ
359 4973 644 5031 ἀναλαϐών
688 4991 742 5027 τι
793 4973 921 5026 ἴδιον
966 4970 1158 5042 χρίσας
1204 4967 1489 5039 πρόσωπον
1526 4966 1623 5035 τὴν
1654 4962 1792 5034 ἐμὴν

218 5075 387 5127 πᾶσιν
422 5071 565 5140 ἐχειν
596 5067 722 5139 δόξῃ
740 5068 784 5099 ¹¹
821 5066 1055 5138 μορφήν.
1098 5064 1285 5133 Ὑμεῖς
1307 5062 1365 5115 δέ
1398 5060 1627 5131 βοτάνης
1650 5057 1793 5120 τινὸς

218 5166 356 5235 ῦλης
388 5159 907 5234 προεναλειψάμενοι
939 5158 1030 5210 ὑπ’
1063 5154 1197 5227 ἐμοῦ
1241 5155 1342 5207 οὐκ
1378 5149 1791 5222 ἀπατηθήσεσθε

219 5256 328 5310 ὑπὸ
374 5254 475 5325 τῆς
515 5253 676 5323 τένης
706 5250 775 5283 ”'
813 5248 976 5303 αὐτοῦ
1016 5248 1247 5319 μορφῆς,
1286 5244 1424 5325 πλὴν
1463 5246 1575 5307 τοῖς
1611 5241 1792 5303 ἄλλοις

217 5351 389 5405 πᾶσιν
412 5316 710 5407 όῗΦαῦστος
739 5342 878 5409 δόξει
909 5316 1045 5394 εἶναι
1078 5316 1279 5410 Σίμων.
1344 5316 1359 5345 ’

1881 472 2175 528 suademus
2195 513 2212 539 ,
2261 488 2330 528 ne
2358 472 2425 528 ad
2452 473 2712 543 oppidum
2761 474 2893 531 illud
2949 477 3212 533 ascendas
3237 516 3252 541 ,
3277 477 3454 534 donec

1881 565 2212 631 viderimus,
2244 580 2376 621 num
2401 566 2493 621 illo
2515 581 2737 636 egresso
2758 569 2991 638 populus
3013 569 3300 626 calumnia:
3325 586 3453 627 con-

1883 665 1965 713 tra
1993 666 2048 714 te
2070 658 2438 715 disseminata:
2468 660 2716 717 oblivisci
2745 663 2938 732 possit.

1951 835 2091 892 XlV.
2120 838 2250 905 Quae
2273 854 2398 895 cum
2430 841 2498 907 is,
2528 842 2622 913 qui
2652 844 2952 914 praecessit,
2984 846 3314 914 nuntiasset,
3340 846 3450 904 Pe-

1884 938 2002 984 trus
2046 930 2099 984 in
2152 939 2360 1001 patrem
2404 942 2654 989 nostrum
2693 936 2990 1006 respiciens
3030 938 3211 995 dixit:
3250 941 3447 1008 Audis,

1883 1017 2107 1086 Fauste,
2136 1024 2600 1093 metamorphosiu
2632 1033 2778 1079 tuam
2804 1040 2899 1095 per
2925 1025 3202 1083 Simonem
3232 1032 3449 1100 Magum

1885 1113 2085 1168 factam
2112 1128 2253 1181 esse,
2293 1123 2354 1169 ut
2403 1131 2489 1169 am
2517 1126 2762 1187 apparet.
2794 1117 2931 1174 Nam
2961 1136 3086 1176 cum
3112 1131 3345 1192 putaret,
3379 1124 3450 1179 ad

1884 1219 2102 1272 pmnam
2132 1221 2192 1261 se
2222 1220 2252 1260 a
2277 1206 2493 1263 (lassare
2527 1209 2722 1278 quani,
2758 1213 2979 1268 territus
3018 1211 3159 1285 fugit
3194 1230 3260 1270 ac
3286 1231 3450 1271 suum

1887 1298 1984 1352 tibi
2023 1298 2233 1353 vultum
2275 1299 2506 1366 afﬁnxit,
2536 1312 2596 1357 ut
2628 1313 2681 1359 te
2722 1313 2897 1360 morte
2929 1307 3145 1363 sublato
3179 1308 3306 1364 ﬁliis
3342 1310 3452 1365 tuis

1888 1391 2109 1447 tristitia
2144 1401 2449 1463 pareretur.
2500 1396 2581 1450 Ac
2629 1404 2800 1466 pater,
2850 1396 2967 1452 haec
2994 1398 3243 1465 audiens,
3271 1398 3452 1469 lacry-

1888 1500 2046 1541 mans
2073 1493 2126 1540 et
2152 1485 2365 1556 ejulans
2390 1486 2712 1543 exclamavit
2736 1506 2751 1544 :
2777 1488 2938 1544 Recte
2966 1490 3241 1558 divinasti,
3258 1490 3446 1548 Petre!

1889 1576 2102 1632 Etenim
2131 1576 2423 1633 Annubion
2452 1580 2663 1635 amicus
2696 1595 2784 1635 me
2806 1580 3037 1651 diligens
3063 1581 3166 1636 sub
3191 1584 3451 1653 mysterio

1889 1670 2123 1740 quodam
2142 1670 2369 1727 insidias
2384 1671 2676 1727 collocatas
2691 1671 2822 1727 mihi
2840 1670 3326 1730 indicavit.Verum
3346 1692 3450 1749 ego

1806 1768 1851 1826 Β
1878 1757 2065 1816 infelix
2082 1777 2190 1817 non
2203 1762 2512 1829 credebam,
2532 1780 2656 1819 nam
2688 1765 2885 1835 dignus
2911 1782 3061 1823 eram
3084 1766 3178 1836 qui
3210 1779 3448 1836 paterer.

1949 1850 2070 1907 XV.
2103 1851 2197 1908 His
2234 1868 2266 1908 a
2307 1864 2462 1923 patre
2504 1854 2687 1922 dictis,
2721 1856 2865 1912 haud
2901 1857 3074 1913 multo
3108 1867 3231 1928 post
3256 1858 3450 1914 Annu—

1881 1945 2011 2000 bion
2065 1945 2132 2001 ad
2178 1960 2281 2001 nos
2330 1946 2499 2012 venit,
2543 1947 2820 2005 Simonem
2861 1948 3066 2020 fugisse
3097 1951 3357 2006 nuntians
3397 1960 3453 2008 et

1880 2037 1972 2093 illa
1998 2044 2157 2093 nocte
2177 2032 2418 2093 Judaaam
2445 2039 2688 2109 petiisse.
2716 2038 2795 2096 Ac
2819 2055 2943 2095 cum
2966 2050 3175 2111 patrem
3201 2051 3451 2099 nostrum

1881 2131 2153 2187 inveniret
2178 2131 2434 2187 aﬁlictum
2464 2141 2518 2188 et
2536 2148 2662 2189 eum
2688 2134 2944 2206 lacrymis
2968 2136 3234 2192 dicentem
3258 2155 3273 2192 :
3297 2134 3341 2192 Ο
3360 2152 3451 2193 me

1882 2221 2143 2276 miserum
2165 2262 2181 2288 ,
2215 2222 2309 2293 qui
2341 2238 2561 2293 magum
2587 2238 2709 2279 esse
2737 2223 2890 2278 illum
2926 2224 3154 2280 audiens
3184 2239 3293 2280 non
3325 2240 3449 2281 cre-

1881 2310 2143 2367 diderim!
2178 2312 2282 2369 Per
2315 2329 2483 2369 unam
2524 2312 2668 2369 diem
2701 2316 2771 2369 ab
2815 2329 2987 2370 uxore
3026 2323 3081 2370 et
3122 2316 3251 2371 ﬁliis
3291 2332 3453 2372 reco-

1884 2401 2066 2471 gnitus
2095 2402 2163 2459 ad
2189 2403 2427 2473 priorem
2453 2402 2658 2459 erroris
2686 2403 2964 2459 miseriam
2999 2402 3249 2461 celeriter
3276 2404 3453 2462 infor-

1884 2499 2108 2548 tunatus
2133 2508 2386 2549 reversus
2417 2508 2561 2549 sum.
2591 2491 2764 2549 Mater
2788 2510 2918 2549 vero
2940 2494 3200 2568 plangens
3224 2493 3451 2568 capillos

1883 2579 2104 2640 evulsit.
2150 2583 2370 2657 Nosque
2411 2586 2478 2641 de
2519 2586 2688 2656 patris
2730 2586 3129 2657 permutatione
3170 2599 3449 2660 stupentes

1885 2676 2271 2748 ingemuimus,
2307 2692 2409 2733 nec
2445 2678 2577 2749 quid
2616 2678 2696 2733 rei
2736 2688 2883 2735 esset
2929 2680 3229 2753 intelligere
3270 2682 3449 2752 potui-

1885 2780 2030 2825 mus.
2073 2767 2365 2824 Annubion
2411 2778 2594 2824 autem
2637 2770 2745 2825 hoc
2785 2770 2974 2827 videns
3017 2774 3196 2828 stabat
3234 2773 3454 2829 silentio

1886 2858 2116 2915 deﬁxus.
2166 2856 2306 2915 Tum
2352 2859 2548 2917 Petrus
2591 2861 2749 2918 nobis
2797 2862 2925 2917 ﬁliis
2966 2877 3151 2919 coram
3197 2866 3453 2923 omnibus

1886 2950 2057 3006 dixit:
2088 2951 2219 3007 Mihi
2255 2952 2481 3020 credite,
2513 2953 2666 3009 hicce
2693 2964 2776 3009 est
2804 2953 3041 3011 Faustus
3069 2963 3223 3026 pater
3252 2967 3451 3016 vester.

1887 3040 2177 3113 Propterea
2207 3058 2305 3098 vos
2335 3043 2559 3110 hortor,
2607 3054 2667 3099 ut
2708 3044 2955 3111 habeatis
2996 3060 3121 3100 eum
3175 3048 3453 3116 quomodo

1886 3144 2115 3205 patrem.
2151 3134 2295 3191 Deus
2336 3135 2479 3191 enim
2512 3124 2773 3207 praebebit
2804 3136 3148 3193 occasionem
3177 3139 3452 3209 aliquam,

1887 3240 1994 3294 qua
2026 3223 2264 3281 Simonis
2292 3225 2443 3279 vultu
2474 3234 2638 3279 exuto
2666 3226 2836 3294 patris
2867 3227 3029 3283 vestri
3058 3227 3334 3283 evidenter
3366 3244 3455 3285 re-

1888 3331 2150 3387 cuperare
2184 3317 2358 3386 possit
2394 3314 2643 3386 efﬁgiem.
2684 3314 2895 3382 Quibus
2926 3318 2993 3371 ad
3026 3332 3128 3373 nos
3161 3318 3322 3373 dictis
3351 3335 3454 3389 pa-

1887 3417 2024 3462 trem
2064 3409 2315 3463 intuens:
2350 3407 2461 3479 Ego
2493 3409 2609 3473 tibi,
2644 3408 2839 3478 inquit,
2873 3410 3117 3479 permisi,
3158 3418 3218 3465 ut
3246 3410 3451 3481 Appio-

1886 3513 2011 3552 nem
2040 3508 2095 3552 et
2119 3497 2499 3551 Annubionem
2528 3497 2825 3551 salutatum
2858 3499 2965 3554 ires
2993 3499 3121 3569 quia
3145 3514 3241 3555 eos
3262 3514 3293 3554 a
3322 3516 3453 3569 pue-

1887 3591 1966 3644 ris
1994 3589 2092 3643 tibi
2122 3588 2328 3643 amicos
2356 3602 2478 3644 esse
2505 3589 2811 3656 asserebas,
2842 3605 2950 3645 non
2976 3596 3034 3646 ut
3061 3589 3271 3646 Simoni
3297 3591 3454 3664 Mago

1886 3681 2310 3738 conversareris.

1957 3769 2094 3824 XVI.
2130 3769 2195 3825 Et
2220 3781 2403 3839 pater:
2436 3770 2682 3836 Peccavi,
2711 3771 2909 3841 inquit,
2942 3770 3133 3829 fateor.
3164 3772 3243 3829 Ac
3264 3774 3456 3830 Annu~

1887 3860 2049 3916 hion:
2084 3858 2193 3930 Ego
2222 3875 2471 3929 quoque,
2503 3860 2715 3930 inquit,
2771 3862 2934 3916 simul
2965 3876 3091 3916 cum
3131 3878 3198 3917 eo
3233 3872 3282 3919 te
3319 3880 3453 3934 rogo

1887 3960 1948 4005 ut
1981 3949 2095 4005 seni
2122 3964 2383 4020 generoso
2408 3956 2462 4003 et
2488 3949 2634 4003 bono
2657 3950 2883 4020 decepto
2907 3952 3178 4021 ignoscas.
3206 3951 3453 4025 Namque

1888 4040 2071 4095 infelix
2102 4040 2394 4095 ludibrium
2424 4038 2600 4095 factus
2619 4050 2702 4096 est
2724 4041 2996 4096 decantati
3021 4044 3167 4099 illius
3192 4046 3449 4100 hominis.

1890 4132 1995 4189 Sed
2037 4133 2150 4202 jam
2188 4131 2422 4187 narrabo
2463 4132 2737 4202 quomodo
2785 4134 3064 4191 acciderit.
3124 4136 3308 4194 Bonus
3363 4140 3454 4197 hic

1888 4240 2054 4280 senex
2092 4225 2239 4278 venit
2281 4224 2349 4279 ad
2395 4239 2495 4279 nos
2542 4225 2881 4281 salutandos.
2914 4227 3152 4298 Contigit
3177 4238 3357 4284 autem
3392 4239 3453 4287 ut

1888 4318 1978 4373 illa
2002 4318 2137 4371 hora
2162 4332 2285 4371 cum
2321 4316 2543 4373 Simone
2572 4334 2841 4384 essemus,
2865 4319 2959 4389 qui
2985 4319 3104 4389 ipsa
3134 4330 3293 4375 nocte
3324 4320 3450 4392 fuga

1888 4426 1948 4467 se
1973 4410 2185 4465 salvare
2209 4409 2451 4476 volebat,
2497 4425 2623 4465 cum
2660 4410 2932 4478 audisset,
2965 4411 3155 4466 adesse
3184 4412 3449 4480 quosdam

1890 4502 1946 4555 in
1981 4501 2085 4555 hac
2119 4499 2401 4556 Laodiceae
2440 4500 2685 4567 civitate,
2716 4500 2901 4571 quiex
2930 4502 3273 4570 imperatoris
3312 4517 3451 4571 pra:-

1889 4600 2047 4662 cepto
2075 4608 2199 4647 eum
2229 4600 2554 4662 quaererent.
2597 4590 2663 4644 Et
2706 4599 2993 4661 postquam
3036 4608 3252 4647 omnem
3290 4608 3451 4647 suum

1890 4685 2132 4740 furorem
2180 4694 2370 4739 contra
2418 4683 2677 4739 Faustum
2723 4684 3030 4755 ingressum
3080 4694 3449 4748 converterat,

1889 4777 1965 4831 ita
1995 4776 2063 4831 ad
2103 4791 2203 4831 nos
2237 4776 2451 4832 locutus
2482 4784 2599 4831 est:
2630 4774 2786 4830 Illum
2808 4816 2822 4842 ,
2847 4777 2941 4845 qui
2973 4776 3221 4842 advenit,
3253 4793 3455 4831 mensae

1891 4877 2199 4923 consortem
2230 4867 2513 4923 vobiscum
2546 4866 2793 4932 faciatis,
2826 4882 2926 4938 ego
2954 4882 3084 4922 vero
3112 4877 3453 4938 unguentum

1892 4961 2164 5031 quoddam
2195 4974 2543 5028 componam,
2573 4974 2684 5029 quo
2718 4974 2875 5014 suam
2906 4959 3078 5029 ipsius
3107 4958 3298 5015 faciem
3333 4970 3456 5031 post

1892 5067 2105 5107 caenam
2138 5058 2433 5120 perunctus
2467 5051 2721 5105 omnibus
2752 5065 2934 5105 meum
2974 5051 3183 5106 vultum
3212 5053 3452 5108 circum—

1892 5142 2032 5198 ferre
2045 5140 2423 5197 videatur.Vos
2436 5152 2615 5196 autem
2632 5142 2813 5197 herba:
2827 5142 3112 5212 cujusdam
3130 5158 3295 5198 succo
3316 5160 3347 5198 a
3368 5162 3453 5199 me

1890 5236 2042 5304 prius
2054 5233 2301 5304 peruncti
2325 5248 2433 5287 non
2460 5233 2720 5288 fallemini
2741 5233 2807 5288 de
2823 5242 3160 5290 commutato
3174 5235 3317 5289 illius
3335 5237 3453 5289 vul-

1892 5338 1972 5395 tu;
1991 5338 2045 5384 at
2060 5329 2271 5384 caeteris
2288 5327 2543 5382 omnibus
2562 5326 2799 5383 Faustus
2813 5342 2936 5383 esse
2954 5328 3223 5384 videbitur
3239 5329 3445 5385 Simon.

1487 5470 1720 5533 VARIIE
1757 5468 2164 5525 LEC'I'IONES.

276 5603 323 5635 ⁸⁷
349 5599 638 5653 Ἀννοϐἰων
666 5595 790 5668 (sic)
819 5594 883 5652 Ο.
961 5596 1004 5628 ¹⁸
1033 5593 1199 5668 πάλΕέ
1219 5597 1279 5668 υς
1358 5590 1403 5668 Ῐ⁹

220 5673 352 5727 Ruf.
383 5688 439 5733 Χ,
476 5670 565 5725 58.
643 5669 688 5700 ²²
719 5668 857 5735 δόξει
890 5670 951 5721 0.

221 5729 598 5814 grammatica:
624 5737 761 5795 forte
783 5729 887 5795 erit
921 5735 1253 5793 consultum.
1282 5730 1379 5786 En.
1413 5729 1583 5785 Pun.

1582 5606 1611 5661 ν
1643 5591 1703 5643 Ο.
1770 5586 1826 5661 _"
1844 5586 2097 5661 Λαοδικίᾳ
2263 5586 2623 5661 ²¹ἐπέστρεφε
2656 5585 2837 5661 addidi
2873 5600 2938 5640 ex
2968 5586 3300 5654 conjectura.
3336 5580 3445 5661 (ξίν.

1045 5668 1111 5697 ’⁸⁸
1144 5663 1237 5718 Sic
1260 5656 1542 5717 barbariae
1576 5659 1635 5713 in
1674 5659 1984 5729 archetypo.
2042 5656 2098 5711 Si
2153 5657 2308 5727 ξένης
2338 5656 2552 5729 legeris,
2588 5672 2694 5711 una
2720 5656 2897 5712 littera
2940 5664 3163 5719 mutata,
3188 5656 3368 5707 sensui
3396 5661 3450 5705 ct
