3860 6210
446 366 474 399 ὓ
1239 366 1295 379 ν.
1332 366 1668 377 ν......,------
1691 366 1701 368 -
1754 366 1767 367 κ

446 455 605 515 XVII.
640 452 772 521 Quze
798 462 921 506 cum
968 446 1061 500 ille
1097 440 1463 514 praedixisset:
1498 430 1815 499 Quodnam,
1850 425 1935 477 in-
1966 464 1971 477 .

2109 415 2269 469 xvu.
2316 413 2553 467 Έκείνου
2581 408 2639 462 δε
2660 406 2833 461 ταῦτα
2859 366 3214 475 προλέγοντος
3241 398 3405 470 εφηνο
3431 398 3499 450 Τί
3519 396 3627 451 νῦν

2159 510 2172 521 ο
2294 507 2320 518 ~
2514 501 2659 521 ,,I__-_
2709 495 2951 521 --._--_...".'-
3000 492 3109 521 ι...
3160 490 3378 521 υλλλλι·
3435 488 3539 521 Πλεῖ
3591 489 3627 521 Ᾱ

375 566 572 623 quam,
603 515 700 601 tibi
734 544 947 597 lucrum
986 537 1167 591 veniet
1210 546 1274 586 ex
1314 522 1693 597 hujuscemodi
1731 515 1909 572 machi

378 608 629 699 natione?
657 638 733 692 Ac
756 636 941 689 Simon
970 625 1248 698 respondit
1272 643 1283 677 :
1314 620 1557 674 Primum
1584 613 1823 685 quidem,
1846 608 1940 662 illo

378 744 569 805 capto,
601 731 692 801 qui
725 743 811 781 me
845 731 1121 794 quaerunt,
1165 712 1579 780 investigatione
1620 712 1807 761 contra
1851 714 1942 754 me

379 794 511 881 inita
544 794 823 879 desistent.
867 816 925 870 Si
955 828 1085 868 vero
1113 810 1276 865 etiam
1311 819 1477 860 manu
1507 800 1657 869 regia
1696 794 1944 852 sublatus

383 919 565 980 fuerit,
596 920 923 984 magnopere
956 904 1214 976 lugebunt
1246 899 1341 955 ﬁlii
1374 897 1513 966 ejus,
1553 892 1646 963 qui
1675 904 1763 944 me
1791 887 1947 941 dere-

385 1013 514 1067 licto
534 1009 600 1063 ad
624 982 843 1059 Petrum
869 1014 989 1056 sese
1015 996 1383 1055 contulerunt,
1408 990 1564 1059 eique
1586 982 1941 1039 collaborant.

384 1103 502 1157 Jam
524 1101 667 1155 enim
686 1096 804 1162 tibi,
842 1092 1018 1158 Petre,
1046 1103 1234 1145 verum
1251 1078 1738 1143 confiteor,timore
1765 1070 1948 1126 Simo-

386 1197 473 1252 nis
496 1208 582 1247 me
595 1184 1067 1257 esseimpeditum,
1084 1180 1378 1251 quominus
1406 1172 1608 1226 Fausto
1641 1170 1753 1221 haec
1775 1162 1948 1233 signi-

388 1287 627 1341 ficarem.
657 1280 857 1334 Verum
887 1276 1165 1331 enimvero
1194 1282 1260 1323 ne
1286 1275 1499 1335 tempus
1520 1262 1735 1332 quidem
1761 1256 1949 1311 Simon

388 1380 546 1434 nobis
568 1374 715 1431 dedit
743 1370 1003 1427 secretius
1033 1360 1412 1433 colloquendi;
1440 1358 1576 1411 alias
1607 1365 1831 1423 pravum
1867 1346 1951 1402 Si-

389 1470 571 1526 monis
636 1463 926 1521 consilium
982 1460 1028 1514 ei
1085 1453 1481 1526 patefecissem.
1529 1446 1733 1500 Interea
1777 1441 1954 1495 media

390 1573 550 1621 nocte
596 1572 895 1626 exsurgens
942 1552 1129 1607 Simon
1172 1544 1413 1601 Iudaeam
1463 1541 1588 1610 fuga
1634 1536 1790 1607 petiit
1829 1548 1955 1587 cum

391 1658 682 1716 comitibus
726 1653 971 1722 Appione
1007 1655 1061 1701 et
1098 1640 1469 1699 Athenodoro.
1502 1635 1655 1689 Tunc
1684 1644 1785 1702 ego
1813 1629 1959 1683 vale-

394 1749 597 1804 tudinis
634 1740 978 1799 incommoda
1024 1736 1187 1797 tinxi,
1222 1740 1283 1785 ut
1319 1728 1464 1785 domi
1505 1736 1792 1780 remanens
1835 1726 1958 1789 post
1988 1764 2029 1818 Β

395 1839 614 1894 illorum
659 1832 1046 1905 profectionem
1084 1824 1333 1881 celeriter
1368 1834 1491 1875 eum
1522 1818 1588 1872 ad
1613 1828 1743 1871 suos
1766 1810 1955 1866 remit-

397 1944 590 1994 terem,
618 1928 661 1984 si
688 1927 829 1980 forte
861 1923 1003 1992 apud
1034 1934 1131 1974 vos
1163 1917 1346 1986 aliquo
1374 1912 1535 1967 modo
1562 1913 1748 1979 posset
1775 1903 1957 1958 occul-

398 2025 527 2089 tari,
558 2037 624 2075 ne
650 2035 679 2073 a
708 2015 947 2071 SimOnis
971 2006 1450 2079 investigatoribus
1480 2008 1673 2070 captus
1698 1997 1816 2067 ejus
1838 1995 1961 2048 loco

400 2087 547 2186 regio
570 2113 695 2167 odio
724 2108 943 2181 periret.
974 2103 1162 2171 Itaque
1192 2106 1351 2153 nocte
1383 2097 1706 2163 intempesta
1738 2102 1862 2143 eum
1894 2087 1961 2141 ad

399 2221 498 2260 vos
532 2203 679 2266 misi,
708 2179 1080 2263 sollicitusque
1104 2200 1267 2245 noctu
1297 2186 1539 2259 perveni,
1572 2191 1631 2238 ut
1658 2195 1782 2237 eum
1806 2179 1957 2233 vide—

402 2313 515 2351 rem
549 2310 612 2349 ac
637 2292 875 2347 velocius
903 2285 1160 2349 redirem,
1182 2282 1501 2352 priusquam
1530 2273 1963 2346 supervenirent,

401 2390 494 2459 qui
533 2386 813 2441 Simonem
844 2378 1089 2436 comitati
1123 2384 1269 2431 sunt.
1300 2372 1369 2427 Et
1399 2383 1696 2427 conversus
1727 2366 1795 2421 ad
1827 2377 1963 2419 nos:

406 2458 516 2552 Ego
566 2476 855 2533 Annubion
877 2515 892 2541 ,
942 2472 1152 2541 inquit,
1190 2465 1360 2537 patris
1391 2461 1558 2518 vestri
1586 2474 1775 2515 verum
1810 2458 1970 2512 video

405 2551 635 2638 vultum,
659 2569 856 2640 quippe
871 2564 963 2635 qui
981 2580 1009 2617 a
1030 2563 1256 2617 Simone
1285 2565 1581 2629 perunctus
1607 2552 1827 2617 fuerim,
1855 2551 1970 2605 sic-

405 2667 485 2722 uti
513 2671 668 2719 antea
698 2656 970 2722 enarravi,
998 2663 1059 2710 ut
1110 2666 1236 2708 vera
1261 2650 1447 2705 Fausti
1479 2647 1646 2702 facies
1676 2644 1812 2698 meis
1839 2656 1972 2697 ocu-

407 2759 475 2813 lis
506 2758 811 2825 appareret.
846 2749 1001 2804 Unde
1028 2756 1220 2815 stupeo
1250 2751 1411 2813 atque
1448 2739 1696 2795 admiror
1733 2733 1973 2790 Simonis

410 2848 667 2917 magiam,
717 2841 863 2912 quod
906 2854 1002 2894 vos
1046 2839 1461 2892 circumstantes
1492 2840 1699 2900 patrem
1730 2836 1973 2882 vestrum

410 2954 520 2993 non
551 2932 863 3007 agnoscitis.
896 2929 1177 2983 Flentibus
1205 2934 1385 2980 autem
1414 2931 1567 2993 patre
1591 2927 1644 2975 et
1671 2924 1844 2973 matre
1872 2930 1975 2971 no-

413 3025 748 3097 bisqueipsis
768 3023 833 3077 de
848 3018 1122 3075 communi
1141 3015 1472 3077 calamitate,
1498 3009 1975 3068 commiseratione

413 3124 719 3174 commotus
742 3111 903 3167 flebat
928 3118 982 3165 et
1010 3107 1299 3162 Annubion
1316 3144 1328 3156 .

489 3360 673 3417 XVIII.
701 3357 841 3413 Tum
884 3352 1077 3410 Petrus
1116 3351 1257 3422 patri
1282 3352 1493 3405 vultum
1519 3362 1578 3405 se
1600 3346 1978 3402 restituturum

417 3457 579 3514 nobis
621 3450 875 3524 promisit
920 3448 987 3503 ad
1017 3462 1140 3502 eum
1172 3446 1395 3500 dicens:
1428 3440 1696 3496 Audivisti
1720 3479 1735 3503 ,
1763 3437 1980 3499 Fauste,

418 3564 540 3621 qua:
580 3546 647 3602 ad
694 3559 799 3599 nos
843 3547 1110 3612 spectant.
1150 3536 1207 3593 Si
1249 3537 1374 3592 ﬁcta
1422 3536 1475 3589 in
1510 3547 1565 3589 te
1592 3532 1775 3587 vultus
1803 3530 1984 3599 imago

419 3642 571 3698 utilis
594 3638 753 3693 nobis
776 3635 872 3690 fiat
890 3643 945 3690 et
973 3643 1028 3687 tu
1058 3646 1159 3687 nos
1183 3628 1460 3700 adjuveris
1484 3627 1550 3682 ad
1574 3641 1659 3693 ea,
1683 3638 1805 3695 quae
1832 3637 1986 3677 man-

421 3734 586 3797 dabo,
624 3740 751 3785 tunc
771 3726 1044 3797 propriam
1081 3723 1176 3777 tibi
1204 3721 1485 3777 restituam
1512 3716 1724 3783 faciem,
1758 3714 1804 3769 si
1832 3713 1986 3783 prius

423 3824 617 3880 feceris
660 3836 782 3891 quae
829 3818 926 3873 tibi
965 3816 1205 3887 iussero.
1254 3811 1331 3868 Ac
1388 3810 1529 3882 patri
1555 3807 1792 3864 dicenti:
1824 3805 1987 3873 Quae-

424 3930 637 3985 cunque
664 3926 919 3985 possum,
955 3908 1205 3963 lubenter
1236 3904 1543 3975 perficiam,
1579 3902 1625 3956 si
1657 3900 1822 3954 modo
1854 3898 1989 3953 meis

424 4009 653 4079 efﬁgiem
685 4020 859 4061 meam
883 4002 1102 4067 reddas,
1134 3996 1330 4055 Petrus
1357 3993 1669 4065 respondit:
1697 3991 1815 4061 Ipse
1843 3990 1993 4045 auri-

425 4104 530 4158 bus
559 4100 668 4155 tuis
693 4096 889 4153 audisti
916 4110 981 4149 ex
1013 4095 1103 4160 iis,
1131 4092 1225 4163 qui
1255 4107 1285 4146 a
1308 4104 1394 4145 me
1416 4088 1685 4159 praemissi
1706 4082 1992 4139 Antiochia

429 4193 739 4254 redierunt,
775 4185 1050 4258 quomodo
1083 4183 1271 4238 Simon
1312 4181 1424 4236 illic
1455 4186 1702 4233 versatus
1745 4176 1993 4231 multitu-

430 4284 610 4341 dinem
641 4282 991 4335 vehementer
1020 4283 1209 4331 contra
1239 4288 1325 4327 me
1362 4270 1651 4335 excitarit,
1690 4283 1909 4338 magum
1940 4276 1995 4323 et

430 4377 575 4434 caede
616 4376 917 4444 pollutum.
964 4372 1307 4437 deceptorem
1348 4374 1403 4421 et
1429 4364 1874 4435 przestigiatorem
1909 4379 1995 4419 me

2043 527 2124 563 σοι
2157 510 2219 561 ὲκ
2259 507 2359 577 τῆς
2406 501 2659 571 τοιαύτης
2708 495 2951 569 μηχανῆς
3000 492 3115 546 ὲστι
3160 490 3381 561 κέρδος;
3434 488 3545 541 Καὶ
3590 489 3632 539 ὁ

2040 600 2222 669 Σίμων
2254 576 2378 666 ἔφη’
2410 592 2633 663 Πρῶτον
2668 588 2767 660 μὲν
2819 583 3170 645 συλλαϐόντες
3211 580 3371 633 αὑτὸν
3417 579 3470 631 οἱ
3513 576 3628 647 ἐμὲ

2044 688 2333 761 ζητοῦντες
2364 685 2662 738 παύσονται
2691 672 2789 751 τῆς
2831 679 2950 731 κατ’
2985 674 3118 745 ἐμοῦ
3149 673 3446 745 ζητήσεως.
3472 672 3540 724 Εἰ
3560 670 3630 723 δὲ

2042 783 2137 836 κα)⁸
2170 780 2273 834 ὑπὸ
2304 776 2587 849 βασιλικῆς
2618 772 2797 843 χειρὸς
2825 767 3159 839 ἀναιρεθείη,
3195 764 3443 835 μέγιστον
3485 761 3595 814 πὲν

2044 879 2135 942 θος
2164 876 2375 941 ἕξουσιν
2426 874 2478 926 οἱ
2510 870 2699 923 τούτου
2730 865 2937 928 παῖδες,
2972 864 3023 915 οἵ
3059 876 3203 923 τινες
3252 858 3350 929 ἐμὲ
3397 856 3631 910 καταλι-

2049 970 2261 1032 πόντες,
2298 959 2724 1037 προωυγόυῆες
2754 957 2834 1027 τῷ
2864 952 3077 1025 Πέτρῳ]
3107 949 3476 1022 συνεργοῦσιν.
3509 949 3634 1001 Νῦν

2044 1060 2153 1131 γάρ
2172 1076 2272 1121 σοι,
2292 1052 2335 1111 ὧ
2352 1056 2546 1126 Πέτρε,
2562 1048 2808 1123 ὁμολογῶ
2819 1046 2886 1100 τὰ
2901 1045 3093 1116 ἀληθῆ,
3105 1044 3187 1096 δτι
3210 1040 3401 1111 ὲφοδού
3410 1058 3520 1112 μην
3535 1039 3637 1092 τὸν

2048 1129 2291 1220 [Σίμωνα
2310 1186 2324 1209 ,
2354 1144 2432 1214 τῷ
2486 1136 2643 1213 511
2700 1137 2952 1207 Φαύ]στῳ
2981 1134 3137 1186 τοῦτο
3167 1132 3386 1204 μηνύειν
3406 1132 3473 1182 ’³.
3512 1129 3635 1183 ἀλλ’

2048 1239 2169 1291 οὐδὲ
2196 1237 2384 1308 καιρὸν
2414 1236 2546 1304 ἡμῖν
2574 1235 2603 1285 ό
2650 1231 2829 1300 Σίμων
2872 1226 3041 1278 ἐδίδου
3088 1225 3223 1293 πρὸς
3262 1223 3323 1274 τὸ
3371 1221 3635 1284 ἰδιάζεινο

2053 1327 2125 1399 [εί
2158 1327 2257 1399 μὴ]
2280 1328 2325 1358 ’δ
2358 1324 2507 1393 αὐτῷ
2538 1324 2635 1392 τὴν
2669 1322 2732 1371 ὲκ
2758 1317 2851 1371 τοῦ
2882 1316 3121 1385 Σίμωνος
3155 1314 3327 1382 κακὴν
3355 1311 3422 1364 ἂν
3456 1311 3641 1380 ἔφηνα

2056 1420 2266 1491 βουλήν.
2291 1418 2437 1491 Πλὴν
2460 1418 2516 1467 ὲν
2542 1414 2679 1484 μέσῃ
2700 1428 2766 1478 γε
2788 1408 2943 1460 νυκτὶ
2964 1404 3198 1467 άναστάς
3217 1406 3245 1458 ὁ
3264 1403 3447 1473 Σίμων
3464 1403 3569 1473 τὴν
3589 1402 3642 1433 ⁸⁵

2056 1488 2147 1564 επὶ
2183 1488 2436 1563 ’Ϊουδαῖαν
2464 1507 2696 1559 ἐποιεῖτο
2723 1499 2920 1569 φυγὴν,
2958 1496 3410 1568 προπεμπόμενος
3441 1494 3549 1546 ὑπό
3576 1511 3643 1545 τε

2069 1603 2373 1664 Ἀππίωνος
2404 1601 2496 1652 καὶ
2540 1592 2925 1666 Ἀθηνοδώρου.
2963 1589 3094 1641 Τότε
3139 1586 3249 1655 ἐγὼ
3291 1586 3646 1656 δυσαρέστως

2060 1696 2203 1767 ἔχειν
2232 1694 2294 1747 τὸ
2325 1691 2481 1762 σῶμα
2511 1686 2916 1759 ὑπεκρινάμην,
2958 1688 3105 1743 ὅπως
3156 1678 3340 1751 μείνας
3393 1676 3532 1747 μετά
3579 1676 3647 1727 τὸ

2058 1787 2297 1847 ἐκείνους
2326 1781 2653 1852 πορευθῆναι
2688 1776 2848 1838 εὐθὺς
2880 1775 3039 1829 αὐτὸν
3069 1772 3160 1824 ἐπὶ
3182 1762 3452 1821 τὰὲαυτοῠ
3468 1763 3644 1814 ἐπαν-

2070 1869 2241 1925 ελθεῖν
2304 1874 2539 1943 ποιήσω,
2574 1870 2626 1922 εἴ
2657 1885 2759 1920 που
2791 1866 3005 1919 δύναιτο
3054 1862 3180 1932 παρ’
3224 1861 3350 1929 ύμῖν
3397 1852 3646 1926 κρυπτό-

2064 1984 2221 2041 μενος
2251 1963 2534 2018 λανθάνειν
2578 1962 2772 2031 μήπως
2804 1959 2909 2010 ύπὺ
2936 1956 3042 2008 τῶν
3071 1955 3308 2025 Σίμωνος
3334 1947 3652 2017 ζητούντων

2061 2037 2138 2121 ῶς
2188 2058 2368 2128 Σίμων
2410 2054 2631 2124 ληφθεὶς
2674 2051 2779 2103 ὑπὸ
2831 2047 3116 2119 βασιλικῆς
3164 2042 3332 2114 ὀργῆς
3369 2037 3648 2106 ἀποθάνῃ.

2079 2150 2310 2220 Ἀωρίας
2333 2141 2424 2200 οὖν
2452 2144 2611 2198 αὐτὸν
2636 2139 2988 2206 ἐξαπέστειλα
3012 2138 3149 2208 πρὸς
3176 2134 3337 2205 ὑμᾶς,
3366 2132 3462 2185 καὶ
3485 2128 3654 2198 κηδό-

2070 2218 2226 2312 μενος
2258 2236 2423 2293 αὐτοῦ
2457 2237 2637 2308 νύχιος
2666 2231 2827 2305 ἦλθον
2858 2229 3119 2301 ὀψόμενός
3149 2243 3207 2278 τε
3234 2223 3393 2277 αὑτὸν
3420 2222 3515 2274 καὶ
3544 2218 3648 2271 τά-

2070 2350 2183 2403 χιον
2212 2330 2660 2399 ἀπελευσόμενος,
2688 2325 2816 2403 πρὶν
2838 2322 2963 2384 τοὺς
2989 2318 3307 2390 πέμψαντας
3330 2314 3445 2385 [τὸν
3466 2312 3654 2381 Σίμω-

2192 2396 2503 2475 ὲπανελθεῖν
2523 2419 2589 2471 ’⁸.
2622 2418 2730 2469 Καὶ
2754 2396 3120 2485 ’.προσϐλέψας
3164 2410 3293 2478 ἡμῖν
3338 2405 3462 2477 ἔφη·
3503 2400 3653 2470 Ἐγὼ

2082 2514 2397 2571 Ἂννουϐίων
2423 2512 2521 2581 τὴν
2552 2509 2644 2562 τοῦ
2677 2506 2883 2577 πατρὸς
2912 2503 3066 2575 ὑμῶν
3092 2501 3265 2571 ἀληθῆ
3294 2496 3506 2570 μορφὴν
3535 2493 3654 2564 όςῶ

2072 2606 2486 2676 ὲναλειψάμενος
2516 2602 2607 2654 ὑπ’
2640 2596 2805 2652 αὑτοῦ
2847 2595 2941 2648 τοῦ
2989 2593 3256 2664 Σίμωνος,
3297 2589 3376 2650 ὡς
3426 2584 3647 2657 προεθι-

2073 2674 2365 2773 ηγησάμην
2383 2696 2449 2758 ³⁷,
2481 2695 2568 2747 ἵνα
2596 2693 2710 2754 τοῖς
2737 2690 2889 2760 ὲμοῖς
2908 2685 3205 2755 ὀφθαλμοῖς
3231 2684 3265 2752 ὴ
3289 2678 3488 2751 ἀληθὴς
3506 2674 3660 2728 Φαύ-

2235 2767 2488 2858 ιραίνηται
2535 2784 2734 2855 μορφή.
2783 2774 3260 2847 Ἐκπεπληγμένος
3304 2767 3398 2823 οὖν
3448 2770 3663 2842 σφόδρα

2076 2882 2337 2953 θαυμάζω
2498 2876 2737 2945 Σίμωνος
2774 2869 3023 2942 μαγείαν,
3051 2869 3133 2919 ὅτι
3156 2863 3383 2925 ἑστῶτες
3403 2860 3492 2913 τὸν
3519 2857 3661 2927 ὑμέ-

2076 2950 2231 3045 τερον
2260 2972 2322 3024 ού
2355 2967 2650 3039 γνωρίζετε
2670 2964 2715 2994 ’⁸
2750 2961 2983 3032 πατέρα.
3027 2956 3336 3011 κλαιόντων
3367 2953 3425 3004 δὲ
3454 2950 3554 3002 τοῦ
3594 2965 3661 3002 τε

2080 3044 2283 3134 πατρὸς
2312 3060 2405 3114 καὶ
2433 3058 2529 3129 τῆς
2562 3054 2764 3129 μητρὸς
2797 3054 2891 3106 καὶ
2922 3050 3078 3123 ἡμῶν
3107 3047 3284 3102 αὐτῶν
3317 3044 3410 3097 ἐπὶ
3439 3044 3505 3112 τῇ
3542 3056 3665 3094 κοι-

2001 3109 2054 3175 c
2616 3109 2888 3216 συ.μῷρᾴ
2937 3109 3297 3211 συμπαθήσας
3329 3135 3426 3189 καὶ
3450 3109 3505 3187 δή
3534 3132 3665 3184 Ἀν-

2082 3245 2304 3300 νουϐίων
2338 3243 2637 3313 ἐδάκρυσεν
2652 3281 2662 3292 .

2153 3333 2336 3390 XVIII.
2356 3334 2488 3385 Τότε
2508 3332 2642 3385 καὶὸ
2661 3330 2865 3399 Πέτρος
2878 3327 2976 3395 τῆς
2994 3323 3087 3377 τοῦ
3104 3321 3308 3392 πατρὸς
3326 3318 3538 3390 μορφῆς
3559 3315 3666 3387 τὴν

2082 3426 2522 3483 ἀποκατάστασιν
2578 3419 2741 3492 διε
2784 3420 2916 3488 ἡμῖν
2947 3414 3308 3485 ἐπηγγείλατο
3329 3409 3493 3463 εἰπὼν
3520 3407 3669 3477 πρὸς

2084 3519 2272 3574 αὐτόν·
2314 3516 2610 3576 Ἤκουσας,
2661 3505 2706 3563 ὧ
2750 3509 2981 3569 Φαῦστε,
3028 3505 3098 3558 τὰ
3138 3504 3259 3557 καθ’
3287 3502 3454 3573 ἡμᾶς.
3490 3499 3668 3551 Ὅταν

2084 3606 2176 3665 οὖν
2205 3609 2338 3680 ἡμῖν
2364 3606 2631 3677 χρήσιμος
2657 3603 2690 3673 ἡ
2718 3598 3075 3670 περικειμένη
3122 3612 3202 3648 σοι
3246 3593 3445 3653 πλάνος
3477 3588 3669 3660 μορφὴ

2085 3703 2309 3773 γένηται
2328 3699 2422 3752 καὶ
2445 3696 2797 3765 ὑπουργήσῃς
2816 3693 2967 3762 ἡμῖν,
2991 3688 3125 3760 πρὸς
3146 3687 3181 3740 ἃ
3203 3685 3516 3753 κελεύομεν,
3542 3681 3673 3733 τότε

2088 3792 2241 3863 κάγώ
2269 3808 2350 3844 σοι
2370 3790 2467 3861 τὴν
2489 3787 2745 3859 ἀληθινήν
2769 3800 2861 3836 σου
2886 3780 3097 3854 μορφὴν
3118 3778 3379 3832 ἀποδώσω
3402 3774 3674 3847 πρότερον

2090 3888 2373 3956 ποιήσαντι
2406 3882 2475 3934 τὰ
2505 3880 2632 3949 παρ’
2660 3876 2794 3948 ἐμοῦ
2822 3882 2903 3927 σοι
2924 3874 3209 3943 λεγόμενα.
3241 3870 3347 3923 Τοῦ
3374 3869 3431 3920 δὲ
3456 3868 3675 3938 πατρὸς

2090 3978 2358 4039 εἰπόντος·
2398 3972 2512 4025 Πᾶν
2554 3972 2583 4023 ὃ
2611 3985 2663 4022 τι
2704 3968 2769 4022 ἄν
2811 3985 2896 4037 μοι
2935 3964 3154 4018 δυνατὸν
3258 3959 3678 4032 προθυμότατον

2093 4071 2321 4139 ποιήσω,
2359 4067 2515 4138 μόνον
2543 4064 2641 4134 τὴν
2672 4062 2808 4133 ἐμὴν
2829 4061 2942 4122 τοῖς
2969 4059 3121 4128 ἐμοῖς
3140 4054 3342 4117 »ἀπόδος
3370 4053 3607 4124 μορφήν·
3640 4052 3678 4105 ὀ

2094 4163 2296 4234 Πέτρος
2325 4157 2678 4227 ἀπεκρίνατο·
2710 4152 2869 4214 αὐτὸς
2911 4149 3061 4212 ἰδίοις
3098 4147 3233 4199 ὠσὶν
3271 4145 3513 4214 ἀκήκοας
3558 4141 3679 4195 τῶν

2096 4233 2334 4327 προόδων
2368 4266 2469 4321 μου
2497 4246 2604 4300 ἀπὸ
2641 4242 2965 4313 Ἀντιοχείας
2994 4238 3327 4309 ἐληλυθότων
3358 4234 3452 4287 καὶ
3485 4233 3679 4285 εἰπόν-

2095 4325 2223 4410 τῶν,
2254 4344 2330 4407 ὡς
2352 4343 2467 4395 ἐκεῖ
2494 4334 2729 4408 γεγονὼς
2761 4337 2789 4388 ὁ
2824 4333 3004 4403 Σίμων
3043 4327 3277 4400 ίσχυρῶς
3313 4326 3440 4388 τοὺς
3476 4325 3679 4395 ὄχλους

431 4418 575 4434 νυυυν
621 4418 917 4444 γν··““··--ι
967 4418 1305 4437 --ννιν------
1358 4418 1399 4421 νν
1433 4418 1449 4435 Ι
1524 4418 1563 4419 η
1616 4418 1646 4433 υ

431 4481 779 4536 nuncupans,
813 4466 888 4518 ita
916 4470 979 4516 ut
1007 4461 1353 4515 vehementer
1380 4456 1605 4526 cupiant
1637 4454 1751 4509 illic
1806 4469 1967 4509 omne

2100 4440 2217 4492 κατ’
2248 4434 2380 4506 ἐμοῦ
2408 4430 2712 4502 παρώξυνε,
2740 4426 2915 4497 μάγον
2935 4424 3030 4476 καὶ
3056 4420 3356 4493 μιαιφόνον,
3381 4418 3583 4471 πλάνον
3611 4433 3679 4470 τε

2172 4532 2182 4536 -
2272 4529 2283 4536 ·
2430 4527 2441 4536 -
2598 4523 2616 4536 κ
2639 4523 2663 4534 ’-
2728 4522 2740 4536 ι
2794 4520 2806 4536 \
2878 4515 3085 4536 ,κά’--.-
3136 4515 3171 4536 -1,
3192 4532 3208 4536 -
3233 4513 3287 4536 --ιι
3305 4510 3506 4536 ι---..Δ...
3536 4509 3661 4536 ,ιη

429 4562 516 4615 vel
556 4559 814 4615 carnibus
853 4554 990 4609 meis
1031 4551 1199 4606 vesci.
1236 4548 1347 4603 Fac
1375 4562 1506 4616 ergo
1535 4562 1655 4615 quae
1682 4546 1778 4600 tibi
1809 4546 2002 4615 prmci-

2101 4532 2195 4585 κα¹ι
2223 4529 2393 4600 γόητα
2419 4523 2703 4579 ἀποκαλῶν
2726 4520 2815 4572 ὲπὶ
2836 4515 3107 4577 τοσοῦτον,
3132 4515 3208 4577 ὡς
3232 4510 3511 4581 γλίχεσθαι
3535 4509 3679 4563 πάνι

432 4654 608 4723 piam,
650 4659 734 4713 et,
772 4648 1048 4703 Clemente
1086 4642 1225 4711 apud
1273 4656 1359 4694 me
1404 4639 1632 4702 relicto,
1675 4652 1799 4693 cum
1832 4653 1968 4692 uxor

2100 4641 2199 4686 τας
2226 4622 2349 4682 τοὺς
2376 4619 2491 4670 ἐκεῖ
2516 4614 2622 4667 τῶν
2648 4611 2795 4682 ἐμῶν
2817 4604 3221 4675 ἀπογεύσασθαι
3244 4601 3482 4673 σαρκῶν.
3506 4600 3681 4670 Ποιή-

2296 4706 2321 4723 τ
2434 4706 2446 4723 ι
2530 4702 2629 4723 ’μγ
2663 4702 2800 4723 καλ-η.
2863 4694 3175 4723 --.αρν-Δ...
3207 4695 3494 4723 1114......”—
3538 4692 3678 4723 ..-η’

433 4755 525 4800 tua
546 4753 599 4798 et
621 4741 885 4796 Faustino
912 4753 975 4793 ac
1004 4734 1363 4790 Faustiniano
1386 4774 1401 4799 ,
1435 4732 1561 4786 filiis
1592 4731 1701 4786 tuis
1722 4771 1736 4795 ,
1762 4730 1869 4785 duc
1897 4746 1999 4786 nos

436 4834 804 4890 Antiochiam.
853 4830 1025 4883 Erunt
1060 4836 1241 4881 autem
1287 4834 1465 4879 tecum
1515 4832 1570 4878 et
1615 4822 1707 4877 alii
1741 4822 1998 4891 quidam,

437 4941 575 4996 quos
604 4924 669 4979 ad
694 4920 1060 4993 adjuvandum
1093 4932 1275 4973 meum
1307 4914 1596 4970 consilium
1630 4913 1856 4969 idoneos
1883 4928 2003 4969 cre-

439 5017 645 5073 didero.

508 5168 655 5226 XIX.
678 5167 907 5234 Quando
932 5165 1097 5237 igitur
1120 5164 1283 5220 simul
1308 5178 1434 5217 cum
1464 5161 1530 5216 iis
1557 5159 1860 5214 Antiochiae
1882 5175 2004 5215 ver-

444 5266 585 5321 saris
615 5272 669 5319 et
692 5262 879 5316 Simon
899 5259 1120 5327 quidem
1152 5272 1275 5311 esse
1304 5254 1527 5319 videris,
1560 5252 1736 5321 palam
1770 5251 2004 5321 praedica

447 5354 816 5429 pmnitentiam
869 5362 1039 5420 tuam,
1068 5359 1231 5421 atque
1278 5348 1400 5404 dic:
1453 5345 1566 5414 Ego
1611 5343 1801 5399 Simon
1851 5344 2004 5399 vobis

2106 4730 2220 4775 σεις
2264 4706 2385 4767 οὖν,
2419 4706 2493 4769 ὡς
2528 4702 2636 4772 ἐγὼ
2663 4702 2834 4768 λέγω,
2863 4694 3175 4751 καταλιπὼν
3207 4695 3498 4764 Κλήμεντα
3538 4692 3678 4760 παρ’

2060 4803 2225 4872 ,ἐμοὶ
2256 4799 2347 4851 καὶ
2374 4791 2696 4867 προαγαγὼν
2726 4790 2869 4859 ἡμᾶς
2908 4788 2987 4849 εἰς
3026 4783 3355 4853 Ἀντιόχειαν
3394 4779 3530 4851 μετά
3574 4779 3679 4849 τῆς

2108 4888 2335 4959 συμϐίου
2371 4902 2484 4946 σου,
2524 4882 2604 4933 ἔτι
2627 4880 2683 4932 δὲ
2709 4875 3000 4931 Φαυστίνω
3030 4873 3127 4925 καὶ
3153 4866 3538 4924 Φαυστινιανοῦ
3564 4869 3679 4920 τῶν

2106 4981 2237 5033 υἱῶν
2263 4995 2374 5031 σου.
2402 4974 2716 5026 Συνέσονται
2744 4970 2803 5022 δέ
2832 4982 2915 5020 σοι
2944 4968 3037 5019 καὶ
3066 4964 3215 5017 ἄλλοι
3242 4963 3405 5026 τινὲς,
3439 4959 3531 5023 οὒς
3564 4959 3680 5029 ἐγὼ

2104 5071 2276 5141 κρίνω
2302 5065 2555 5127 δυνατοὺς
2582 5061 2919 5132 ὑπουργῆσαι
2948 5056 3025 5127 τῷ
3060 5054 3177 5126 ἐμῷ
3214 5053 3495 5122 θελήματι.

2176 5161 2319 5217 XIX.
2353 5156 2505 5213 Μετὰ
2540 5154 2741 5208 τούτων
2775 5155 2831 5205 ὲν
2862 5155 2929 5222 τῇ
2976 5148 3273 5218 Ἀντιοχείᾳ
3314 5143 3677 5218 [γενόμενος],

2106 5257 2163 5307 ἐν
2198 5256 2306 5322 ὅσῳ
2327 5250 2402 5312 ὡς
2425 5247 2603 5317 Σίμων
2635 5243 2818 5315 φαίνῃ,
2855 5240 3087 5312 δημοσίᾳ
3118 5236 3349 5309 κήρυξον
3379 5234 3478 5305 τὴν
3512 5250 3679 5286 σεαυ-

2106 5344 2199 5399 τοῦ
2250 5338 2630 5413 μετα[μέλειαν
2671 5332 2895 5404 εἰπών’]
2950 5330 3089 5399 Ἐγὼ
3135 5330 3317 5400 Σίμων
3344 5325 3517 5379 ταῦτα
3548 5325 3684 5391 ὑμῖν

1716 5497 1949 5554 VARUS
1981 5492 2384 5553 LECTIONES.

526 5625 572 5659 ιιι
598 5626 680 5679 δτι
722 5622 1026 5693 ἐφοδούμην
1052 5621 1192 5693 ,τότε
1216 5662 1230 5687 ,
1256 5618 1344 5693 τῷ
1400 5617 1628 5693 Φαύστῳ
1657 5614 1815 5693 τοῦτο
1850 5613 2072 5693 μηνύειν
2107 5608 2237 5693 Ruf,
2316 5602 2838 5693 st'flodicis.laculla
2882 5595 3203 5693 zdesin‘jtwin
3235 5594 3338 5648 litt.
3373 5588 3675 5693 iubv.‘Tu;n

453 5697 626 5795 ξφάνη
655 5710 706 5762 p.
741 5664 806 5747 ἔν
842 5664 1015 5795 tegi-vet
1047 5664 1392 5746 ideln.,Ali.us
1419 5664 1811 5795 cortgeertaverit
1836 5664 2035 5755 91%;»;
2054 5664 2326 5734 συνόντων
2356 5674 2413 5746 ἡ]
2423 5672 2538 5744 μῶν
2570 5665 2718 5741 αὐτῷ
2749 5669 2848 5739 τὴν
2881 5668 2946 5719 ἐκ
2975 5664 3070 5718 τοῦ
3106 5664 3349 5735 Σίμωνος
3402 5664 3533 5714 κακῨ

486 5783 520 5795 ,η
564 5782 621 5795 ...κ
646 5764 834 5795 amna“
956 5763 977 5794 ι
1006 5762 1096 5795 ...Αυ
1117 5763 1157 5795 n
1252 5761 1297 5791 ιο
1317 5758 1505 5795 ιρι-ηυρλ
1546 5756 1622 5795 ιτιυ
1650 5759 1691 5795 n
1779 5748 1913 5795 ιτιῒιν
1937 5753 2379 5795 πηηδνηγῆσαιιεν
2411 5760 2461 5795 ι).
2496 5743 2571 5795 ὡς
2600 5736 3081 5795 ποοεδιηγησάμτπν
3115 5737 3156 5787 Ο
3254 5733 3301 5765 ³⁸
3332 5729 3533 5795 γνωρίζ

956 5729 1207 5816 Γτὲζῖἴῗ
1239 5729 2461 5824 ’δ’ἔπέαζέἆξόἷδΐόῗῖτ
2496 5743 2571 5805 ὡς
2600 5729 3081 5811 πρὸεὸιήγησάμτπν
3115 5737 3156 5787 Ο
3173 5729 3185 5735 ⁷
3254 5733 3301 5765 ³⁸
3332 5729 3583 5800 γνωρίζω
3614 5732 3675 5781 0.

455 5764 623 5832 ἐφάνη
645 5764 853 5835 βουλήν.

3173 5680 3349 5735 μωνος
3375 5658 3387 5662 ’
3402 5661 3578 5735 κακῂν
3612 5658 3682 5712 ἂν
