3860 6210
248 328 354 382 ωε

1340 324 1803 383 CLEMENTINA.
1844 351 1915 366 --
1950 320 2236 376 IIOMILIA
2262 318 2373 374 XX.

3390 314 3496 369 466

246 446 509 512 κηρύσσω
532 439 808 510 ὁμολογῶν
823 439 891 505 ⁸⁸,
922 438 1119 505 ἀδίκως
1150 438 1618 511 καταψεύ[σασθαι
1639 438 1709 493 τὰ
1732 437 1825 491 τοῦ

1938 433 2194 489 annuntio
2232 444 2394 503 atque
2427 430 2602 487 fateor
2643 447 2729 487 me
2775 432 2959 502 inique
2997 430 3065 486 de
3098 429 3260 485 Petro
3295 428 3493 482 menti—

245 533 489 603 Πέτρων
517 532 579 585 οὐ
606 532 739 604 γάρ]
762 532 877 585 ἐστι
900 532 1118 597 πλάνος,
1148 533 1210 585 οὐ
1248 531 1547 603 μιαιφόνος,
1582 531 1645 583 οὐ
1674 530 1828 601 γόης,

241 624 367 677 οὐδὲ
402 625 503 678 ὅσα
537 624 662 677 ποτέ
697 622 876 693 φαῦλα
913 625 1042 695 περὶ
1072 623 1234 677 αὐτοῦ
1263 624 1437 693 λέγων
1470 622 1696 693 ἔφθανον
1727 623 1831 676 ὑπὸ

244 714 419 785 θυμοῦ
460 714 836 785 ἐλαυνόμενος.
884 715 1084 786 Δέομαι
1130 714 1281 786 ὑμῶν
1312 714 1473 777 αὐτὸς
1505 713 1646 783 ἐγὼ,
1678 715 1707 767 ὁ
1737 712 1831 765 τοῦ

242 806 387 877 πρὸς
428 806 572 876 ὑμᾶς
622 805 813 876 μίσους
854 807 1023 869 αἴτιος
1054 805 1203 876 αὐτῴ
1235 804 1507 874 γεγονὼς,
1553 803 1831 858 παύσασθε

243 894 536 966 μισοῦντες
549 895 709 948 αὐτόν
725 913 737 925 ·
761 895 855 963 τοῦ
878 895 986 967 γὰρ
1007 896 1112 949 ὑπὸ
1127 896 1261 949 Θεοῦ
1294 896 1431 968 πρὸς
1453 896 1724 966 σωτηρίαν
1751 894 1833 947 κό-

243 1004 391 1059 σμου
413 988 825 1060 ἀπεσταλμένον
844 989 1076 1060 ἀληθοῦς
1097 990 1373 1062 προφήτου
1629 989 1833 1061 ἀληθής

240 1080 397 1133 ἐστιν
413 1080 726 1145 ἀπόστολος.
745 1081 834 1153 Διὸ
848 1081 943 1135 καὶ
956 1082 1117 1145 αὐτὸς
1135 1099 1198 1134 συ
1206 1080 1505 1152 μόουλεύω,
1523 1081 1672 1151 αὺτῷ
1688 1082 1833 1153 ὑμᾶς

240 1171 530 1235 πείθεσθαι
556 1172 686 1244 περὶ
710 1150 1095 1244 κηρύσσω,
1118 1150 1241 1226 ἐπεὶ
1266 1173 1416 1225 πᾶσα
1442 1171 1595 1245 ὑμῶν
1680 1150 1834 1233 πόλις

240 1263 416 1335 ἄρδην
449 1264 748 1318 ἀπολεῖται.
779 1264 857 1317 Δι’
887 1265 952 1336 ἣν
979 1264 1035 1317 δὲ
1061 1265 1239 1318 αἰτίαν
1270 1264 1396 1335 ὑμῖν
1420 1263 1593 1318 ταῦτα
1625 1263 1831 1335 ὡμολό-

242 1372 417 1427 γησα,
450 1356 653 1419 εἰδέναι
678 1336 1005 1428 ὑμᾶς’θὲλω.
1037 1357 1253 1429 Ταύτης
1277 1359 1376 1428 τῆς
1400 1357 1591 1421 νυκτὸς
1617 1356 1834 1431 ἄγγελοί

244 1465 318 1518 με
346 1447 443 1502 τοῦ
473 1448 633 1513 Θεοῦ,
653 1449 745 1503 τὸν
772 1449 964 1520 ἀσεϐῆ,
996 1449 1072 1513 ὡς
1100 1448 1291 1521 ἐχθρὸν
1320 1449 1448 1503 ὄντα
1476 1448 1559 1519 τῷ
1578 1449 1676 1519 τῆς
1703 1448 1834 1519 ἁλη-

241 1537 398 1602 θείας
436 1540 672 1611 κήρυκι,
708 1538 897 1605 δεινῶς
942 1540 1294 1610 ἐμαστίγουν.
1343 1537 1655 1610 Παρακαλῶ
1706 1532 1831 1602 οῦν,

239 1630 372 1700 μηδ’
405 1629 471 1683 ἂν
498 1632 662 1695 αὐτὸς
692 1631 803 1700 ἐγὼ
830 1631 1019 1685 ἄλλοτε
1048 1629 1291 1684 ἐπελθὼν
1318 1630 1458 1685 κατὰ
1487 1630 1695 1703 Πέτρου
1725 1632 1837 1683 ἐπι-

238 1722 447 1793 χειρῶν
490 1723 665 1792 λέγω,
718 1723 792 1795 μὴ
834 1722 1170 1794 ἀποδέξησθέ
1228 1740 1317 1793 με.
1377 1720 1835 1792 Ἐξομολογοῦμαι

238 1819 355 1892 γὰρ
373 1821 501 1891 ὑμῖν
516 1837 530 1851 ·
601 1816 709 1890 ἐγὼ
734 1820 908 1891 μάγος
926 1861 943 1887 ,
966 1819 1075 1890 ἐγὼ
1098 1819 1297 1883 πλάνος
1316 1860 1337 1885 ,
1358 1818 1467 1888 ἐγὼ
1491 1819 1644 1889 γόης.
1681 1818 1836 1884 Ἔξε-

239 1931 335 1967 στι
360 1912 470 1985 γὰρ
500 1914 655 1978 ἴσως,
688 1915 948 1985 μετανοίᾳ
974 1911 1247 1971 ἀπολῦσαι
1270 1911 1340 1971 τὰ
1367 1910 1837 1983 προπεπραγμένα

239 2021 337 2074 μοι
364 2005 584 2077 ἀμαρτή
593 2023 758 2076 ματα.

311 2096 436 2153 XX.
465 2098 651 2154 Ταῦτα
692 2098 786 2153 τοῦ
834 2098 1041 2169 Πέτρου
1083 2096 1494 2168 ὁποτιθεμένου,
1525 2091 1681 2161 υῐδα,
1729 2094 1833 2166 ἔφη

234 2190 268 2241 ὁ
295 2192 503 2262 πατὴρ,
531 2191 633 2245 ὅτι
669 2190 863 2262 βούλει.
909 2190 1002 2275 Διὸ
1030 2189 1104 2260 μὴ
1144 2188 1339 2260 κάμνε.
1388 2189 1541 2260 Ἐμοὶ
1580 2187 1689 2257 γὰρ
1720 2174 1834 2257 οὐχ’

233 2278 406 2353 ἦττον
438 2283 661 2355 μελήσει
707 2284 885 2337 ἐκεῖσε
912 2282 1119 2347 ἐλθόντι
1138 2280 1502 2353 διαλεχθῆναι,
1528 2280 1564 2333 ἃ
1585 2278 1691 2351 χρὴ
1709 2280 1837 2349 περὶ

238 2373 341 2427 σοῦ
373 2374 734 2444 διαλέγεσθαι.
769 2376 879 2429 Καὶ
899 2376 931 2427 ό
955 2374 1163 2446 Πέτρος
1189 2373 1351 2435 πάλιν
1380 2371 1691 2429 ὑπετίθετοο
1708 2372 1835 2427 ὅταν

233 2461 339 2519 οὖν
379 2467 583 2539 νοήσῃς
626 2466 727 2537 τὴν
765 2465 920 2521 πόλιν
966 2466 1415 2538 μεταϐαλομένην
1459 2464 1554 2521 τοῦ
1610 2465 1832 2537 μίσους,

234 2554 617 2625 ἐπιθυμοῦσαν
646 2555 703 2609 δὲ
744 2555 869 2609 ἰδεῖν
898 2557 1065 2628 ἡμᾶς,
1097 2554 1319 2627 πέμψας
1348 2555 1587 2627 δήλωσόν
1607 2572 1721 2626 μοι,
1741 2555 1835 2610 καὶ

235 2646 432 2711 αὐτόοι
457 2647 985 2720 ἐπικαταληψόμεθά
1014 2665 1095 2703 σε.
1120 2648 1417 2720 Γενόμενος
1445 2647 1499 2702 δὲ
1526 2649 1642 2703 ἐκεῖ
1665 2646 1835 2718 αύθή-

239 2756 414 2809 μερον
455 2739 557 2810 τὴν
588 2738 880 2810 ἀλλοτρίαν
922 2756 1016 2793 σου
1048 2739 1261 2811 μορφὴν
1298 2739 1576 2802 ἀπελάσας
1602 2738 1698 2809 τὴν
1738 2738 1835 2807 σὴν

234 2834 356 2898 τοῖς
408 2832 527 2892 σοῖς
562 2830 657 2887 καὶ
690 2832 823 2885 πᾶσι
867 2834 980 2895 τοῖς
1028 2830 1207 2894 ἄλλοις
1252 2830 1506 2893 ἀπλανῶς
1552 2827 1833 2899 φαίνεσθαι

238 2923 474 2992 ποιήσω.
507 2921 693 2976 Ταῦτα
711 2921 879 2975 εἰπὼν
908 2924 1147 2977 συνεῖναι
1166 2921 1314 2993 αὑτῷ
1340 2921 1466 2985 τοὺς
1492 2922 1663 2987 υἱοὺς,
1685 2920 1837 2977 ἀδελ-

238 3014 379 3081 φοὺς
406 3011 464 3065 δὲ
490 3013 656 3083 ἐμοὺς
678 3013 899 3083 ἐποίησε
930 3013 1025 3069 καὶ
1056 3012 1354 3069 Ματτιδίαν
1375 3012 1426 3047 ’θ’
1447 3053 1463 3078 ,
1493 3013 1592 3085 τὴν
1625 3012 1833 3085 μητέρα

1932 533 2046 579 tum
2070 540 2223 590 esse;
2250 540 2358 579 non
2388 524 2533 581 enim
2562 524 2651 578 ille
2683 533 2766 580 est
2792 524 3072 593 deceptor,
3100 528 3197 577 aut
3219 519 3362 577 caede
3383 519 3499 589 pol-

1931 619 2079 674 lutus
2098 660 2113 685 ,
2147 630 2241 673 aut
2271 617 2667 689 praestigiator,
2697 623 2792 671 aut
2817 631 2939 687 quae
2969 614 3075 669 alia
3107 620 3304 668 cuncta
3332 610 3399 666 de
3430 624 3497 665 eo

1933 713 2075 765 mala
2101 711 2303 781 protuli
2330 709 2516 765 furore
2541 708 2825 765 incitatus.
2855 707 3097 764 Obsecro
3118 721 3217 777 ego
3239 720 3337 760 vos
3359 704 3496 774 ipse,

1933 803 2026 873 qui
2050 802 2157 857 odii
2182 802 2351 857 vestri
2384 810 2575 857 contra
2604 816 2728 857 eum
2766 800 2967 855 noxius
3017 814 3137 853 sum
3184 806 3410 861 auctor,
3442 802 3503 849 ut

1934 893 1987 949 id
2010 893 2333 964 deponatis;
2363 910 2489 948 nam
2518 894 2607 951 ille
2638 900 2722 950 est
2742 892 2859 949 veri
2884 892 2952 945 ad
2982 891 3211 947 salutem
3251 887 3439 950 mundi
3472 904 3502 941 a

1936 985 2047 1043 Deo
2073 986 2229 1045 missi
2256 986 2533 1057 prophetae
2560 1000 2724 1042 verus
2751 983 3053 1056 apostolus.
3086 980 3428 1052 Quapropter
3452 990 3507 1035 et

1933 1076 2049 1147 ipse
2069 1078 2271 1132 suadeo
2302 1087 2360 1133 ut
2388 1077 2437 1133 ei
2465 1077 2699 1134 credatis
2761 1076 2818 1133 in
2864 1076 2935 1132 iis
2966 1074 3035 1130 de
3060 1073 3259 1146 quibus
3283 1072 3503 1143 loquor,

1935 1183 2003 1222 ne
2034 1166 2174 1224 forte
2211 1168 2469 1239 oppidum
2498 1176 2737 1226 vestrum
2770 1165 3018 1221 funditus
3046 1173 3252 1234 pereat.
3284 1160 3506 1216 Verum-

1933 1258 2215 1318 enimvero
2257 1259 2398 1315 scire
2438 1274 2536 1315 vos
2578 1259 2740 1326 volo,
2789 1271 2890 1313 cur
2932 1258 3048 1310 haec
3096 1253 3377 1309 conﬁtear.
3412 1248 3507 1305 Dei

1934 1354 2112 1425 angeli
2136 1370 2224 1411 me
2248 1354 2501 1425 impium,
2528 1353 2675 1424 quod
2702 1352 2961 1409 inimicus
2991 1364 3171 1407 essem
3196 1346 3389 1408 nuntio
3418 1360 3507 1399 vc-

1935 1445 2146 1511 ritatis,
2195 1445 2297 1501 hac
2329 1452 2489 1501 nocte
2520 1445 2868 1500 vehementer
2906 1441 3266 1513 ﬂagellaruut.
3307 1435 3507 1490 Hor-tor

1934 1550 2063 1606 ergo
2091 1552 2159 1593 ne
2206 1536 2340 1596 mihi
2363 1535 2619 1603 credatis,
2644 1534 2859 1595 etiamsi
2882 1533 3019 1588 alias
3038 1530 3265 1585 veniens
3285 1526 3507 1583 Petrum

1934 1629 2261 1689 calumnier.
2298 1629 2574 1686 Confiteor
2611 1628 2757 1687 enim
2794 1626 2983 1691 vobis:
3014 1623 3344 1694 egometipse
3386 1634 3508 1674 sum

1935 1736 2151 1792 magus,
2180 1737 2282 1795 ego
2308 1721 2586 1792 deceptor,
2617 1735 2718 1793 ego
2759 1717 3149 1789 praestigiator,
3193 1712 3286 1777 Sic
3322 1710 3510 1767 forsan

1937 1813 2065 1873 licet
2108 1822 2332 1886 peccata
2372 1812 2527 1883 prius
2552 1827 2584 1866 a
2606 1826 2695 1866 me
2738 1809 3034 1873 commissa
3066 1804 3383 1879 pcenitentia
3416 1803 3511 1859 dc-

1936 1905 2069 1964 lere.

2006 2083 2127 2145 XX.
2161 2083 2294 2152 Quae
2341 2098 2468 2139 cum
2504 2080 2701 2137 Petrus
2741 2079 2885 2151 patri
2944 2078 3261 2134 mandasset
3298 2097 3310 2132 :
3343 2076 3512 2131 lntel-

1934 2176 2066 2250 ligo,
2093 2176 2290 2247 inquit,
2313 2173 2443 2245 quid
2467 2174 2621 2229 velis.
2649 2171 2831 2241 Quare
2852 2187 2920 2228 ne
2948 2171 3092 2227 ultra
3118 2172 3349 2226 labores.
3376 2168 3514 2225 Nam

1935 2283 2084 2325 cura:
2116 2267 2254 2327 mihi
2285 2267 2417 2334 erit,
2438 2281 2578 2336 ,cum
2611 2266 2722 2321 illic
2754 2279 2986 2333 venero,
3020 2273 3080 2318 ut
3115 2263 3182 2318 dc
3215 2272 3267 2318 te
3292 2263 3509 2333 loquar,

1935 2375 2059 2432 quae
2091 2359 2419 2421 annuutiare
2444 2374 2532 2416 me
2568 2367 2801 2429 oportet.
2834 2356 3039 2412 D‘einde
3064 2354 3259 2411 Petrus
3287 2354 3513 2409 manda-

1938 2454 2007 2509 tis
2033 2452 2322 2525 subjunxit
2352 2471 2364 2506 :
2400 2450 2632 2519 Quando
2658 2459 2840 2505 autem
2868 2450 3061 2505 urbem
3092 2448 3219 2503 odio
3247 2447 3514 2502 desistere

1934 2545 2087 2603 vides
2115 2560 2180 2601 ac
2205 2544 2475 2602 desiderio
2504 2558 2603 2599 nos
2637 2542 2871 2599 videndi
2896 2542 3041 2611 capi,
3083 2541 3339 2595 nuntium
3376 2540 3513 2593 mihi

1938 2638 2110 2705 mitte,
2139 2646 2194 2693 et
2221 2637 2410 2695 statim
2443 2636 2512 2692 ad
2540 2644 2593 2695 te
2631 2635 3068 2706 properabimus.
3096 2632 3165 2686 Et
3184 2648 3310 2687 cum
3332 2647 3398 2686 eo
3423 2647 3513 2685 ve-

1936 2745 2091 2796 nero,
2120 2730 2356 2787 alienam
2379 2727 2615 2787 formam
2640 2742 2672 2783 a
2697 2736 2750 2783 te
2778 2724 3002 2797 fugabo,
3040 2733 3301 2795 tuamque
3331 2723 3439 2778 tuis
3461 2732 3516 2777 et

1936 2822 2063 2881 aliis
2096 2821 2353 2881 omnibus
2385 2820 2531 2877 clare
2554 2833 2820 2891 apparere
2860 2816 3080 2874 faciam.
3120 2816 3330 2885 Quibus
3354 2816 3514 2870 dictis

1934 2912 2077 2969 ﬁlios
2102 2912 2243 2982 ejus,
2276 2926 2430 2967 meos
2460 2910 2689 2978 fratres,
2713 2922 2769 2966 et
2810 2909 3111 2965 Mattidiam
3140 2918 3371 2964 matrem
3413 2922 3512 2961 no-

1935 3013 2105 3060 stram
2142 3012 2199 3059 et
2228 3003 2498 3060 sodaliqu
2531 3003 2803 3074 quosdam
2833 3019 2939 3058 una
2980 3018 3105 3059 cum
3139 3017 3206 3057 eo
3239 3000 3509 3073 proﬁcisci

237 3104 425 3174 ἡμῶν,
472 3105 567 3158 καὶ
614 3103 725 3158 τῶν
766 3102 1153 3174 γνησιωτέρων
1203 3102 1354 3166 τινὰς
1404 3102 1834 3174 συναπέρχεσθαι

1938 3096 2118 3167 jussit.
2152 3095 2259 3153 Sed
2286 3105 2460 3152 mater
2486 3098 2655 3152 invita
2692 3114 2819 3152 cum
2848 3113 2916 3153 eo
2941 3097 3091 3151 abire
3116 3097 3399 3153 videbatur
3426 3094 3510 3148 di-

236 3196 551 3249 ἐκὲλευσεν.
598 3196 661 3249 Ἡ
699 3196 756 3248 δὲ
802 3197 985 3266 μήτηρ
1015 3196 1370 3253 συναπελθεῖν
1403 3196 1554 3267 αὐτῷ
1590 3196 1837 3269 ὀκνηρῶς

239 3285 352 3341 εἶδε
379 3286 673 3355 λέγουσα²¹
698 3305 711 3318 ·
744 3288 958 3357 Μοιχάς
990 3288 1101 3359 γὰρ
1139 3285 1278 3347 εἶναι
1318 3288 1462 3343 δοκῶ
1490 3292 1557 3359 τῇ
1596 3289 1837 3360 Σίμωνος

244 3378 485 3431 συνοῦσα
514 3381 721 3450 μορφῇ.
754 3380 817 3432 Εἰ
847 3380 889 3432 δ’
922 3380 1029 3452 ἄρα
1050 3380 1481 3452 συναπέρχεσθαι
1503 3381 1651 3452 αὐτῷ
1673 3382 1838 3449 ἀναγ-

252 3468 624 3541 κασθήσομαι,
650 3472 909 3527 ἀδύνατον
933 3475 1029 3529 ἐπὶ
1050 3472 1148 3543 τῆς
1170 3473 1338 3544 αὐτῆς
1362 3473 1532 3544 τύχης
1557 3473 1745 3543 κλίνης
1767 3475 1834 3505 ³¹·

254 3563 878 3635 συγκατακλιθήσεσθαι.
912 3565 1024 3620 Οὐκ
1051 3559 1167 3618 οἴδα
1192 3563 1270 3629 δὲ,
1296 3566 1345 3617 εί
1370 3564 1463 3620 καὶ
1486 3564 1837 3621 συναπελθεὶᾯ

252 3653 407 3718 αὐτῷ
428 3655 816 3728 πεισθήσομαι.
836 3656 1129 3711 Ὀκνοῦσαν
1142 3656 1199 3711 δὲ
1219 3654 1388 3726 αὐτὴν
1406 3655 1660 3711 ἀπελθεῖν
1673 3655 1836 3729 ἀνιῇ

240 3744 273 3795 ὁ
302 3744 620 3798 ’Δννουϐίων
635 3746 964 3816 προέτρεῲεν
978 3747 1145 3817 αὐτὴν
1162 3746 1329 3801 είπών
1350 3746 1627 3818 ’Πείσθητι
1641 3748 1761 3817 ἐμοί
1776 3764 1836 3801 τε

242 3835 342 3888 καὶ
357 3836 551 3907 Πέτρῳ
570 3838 662 3890 καὶ
681 3837 817 3908 αὐτῇ
834 3838 890 3890 δὲ
909 3841 975 3910 τῇ
1002 3842 1172 3909 φωνῇ,
1204 3839 1286 3891 ὅτι
1313 3837 1599 3915 [Φαῦστός]
1613 3841 1777 3903 ἐστιν,
1808 3841 1836 3893 ό

243 3927 343 3991 σὸς
369 3928 618 4000 σύμϐιος,
648 3929 707 3983 ὃν
751 3930 851 3983 οὐκ
879 3929 1099 4007 ἕλαετόν
1136 3948 1233 3985 σου
1265 3931 1481 4000 ἀγαπῶ.
1521 3932 1632 3986 Καὶ
1676 3932 1837 3996 αὐτὸς

240 4022 400 4092 αὐτῷ
425 4020 950 4093 συμ[πορεύσομαι].
983 4020 1170 4075 Ταῦτα
1204 4020 1302 4074 τοῦ
1358 4021 1735 4086 Ἀννουϐίωνος
1767 4023 1838 4075 εί-

242 4114 462 4179 πόντος,
491 4115 527 4184 ἡ
568 4115 747 4185 μήτηρ
778 4114 1049 4167 συνελθεῖν
1083 4116 1364 4184 ὑπέσχετο.

318 4204 465 4260 XXI.
510 4206 568 4257 Ὀ
613 4206 669 4258 δὲ
706 4206 909 4277 Πέτρος
951 4205 1133 4279 [ἔφη]·
1177 4208 1501 4263 Δικαιότατα
1532 4207 1717 4272 όΘεὸς
1767 4209 1836 4261 τὰ

244 4298 554 4369 πράγματα
584 4297 740 4367 ἡμῶν
775 4300 1065 4369 οἰκονομεῖ.
1114 4299 1348 4370 Ἔχομεν
1395 4300 1504 4372 γὰρ
1533 4300 1651 4371 μεθ’
1678 4302 1710 4371 ἠ
1720 4301 1836 4371 μῶν

258 4387 643 4460 Ἀννουείων[α
703 4388 1070 4460 ἀστρολ]όγον.
1140 4384 1305 4453 Οῦτος
1356 4390 1465 4462 γὰρ
1519 4393 1652 4462 ήμῖν
1724 4392 1835 4444 ἐπι-

1936 3206 2066 3247 ecus
2093 3188 2383 3249 :Prol‘ecto
2406 3189 2656 3245 adultera
2682 3190 2816 3245 mihi
2845 3205 2969 3246 esse
3003 3189 3238 3256 viderer,
3268 3190 3314 3245 si
3336 3188 3509 3243 vultui

1938 3282 2181 3343 Simonis
2207 3297 2386 3338 essem
2422 3282 2739 3353 conjuncta.
2776 3284 2962 3352 Itaque
2994 3282 3040 3336 si
3080 3296 3268 3351 cogor,
3300 3289 3361 3336 ut
3385 3296 3511 3335 cum

1937 3389 2003 3431 co
2030 3375 2248 3440 abeam,
2277 3374 2397 3429 ﬁeri
2427 3382 2606 3431 tamen
2632 3390 2744 3430 non
2771 3376 2991 3444 poterit,
3020 3383 3079 3429 ut
3104 3374 3158 3428 in
3188 3372 3378 3430 eodem
3404 3374 3514 3428 lec-

1937 3468 2053 3524 tulo
2077 3466 2313 3540 jaceam.
2340 3465 2538 3523 Nescio
2572 3475 2779 3533 tamen,
2816 3482 2883 3520 an
2908 3466 2994 3521 vel
3022 3464 3339 3536 persuaderi
3375 3464 3510 3519 mihi

1935 3561 2126 3632 possit,
2155 3567 2215 3614 ut
2236 3559 2398 3615 simul
2422 3574 2546 3617 cum
2578 3572 2642 3613 eo
2672 3557 3012 3629 proﬁciscar.
3049 3556 3186 3611 Tum
3213 3556 3512 3612 Annubion

1934 3662 2132 3722 praeter
2151 3653 2487 3709 voluntatem
2504 3652 2795 3706 abeuntem
2820 3652 2896 3706 ita
2920 3650 3167 3707 hortatus
3185 3658 3269 3706 est
3297 3669 3310 3705 :
3336 3650 3513 3705 Crede

1936 3743 2073 3799 mihi
2104 3751 2160 3798 et
2188 3741 2349 3798 Petro
2381 3750 2436 3797 et
2468 3742 2593 3797 voci
2623 3742 2751 3812 ipsi,
2781 3758 2903 3798 esse
2929 3758 3055 3796 eum
3082 3740 3345 3797 Faustum
3380 3754 3513 3798 con-

1931 3817 2117 3904 jugem
2150 3842 2324 3899 tuum,
2357 3847 2519 3902 quem
2551 3846 2653 3901 ego
2698 3846 2805 3885 non
2847 3831 3030 3884 minus
3058 3829 3225 3900 diligo
3253 3844 3419 3899 quam
3454 3836 3510 3881 tu

1936 3923 2075 3995 ipsa.
2109 3920 2221 3994 Ego
2246 3931 2300 3977 et
2327 3922 2441 3991 ipse
2472 3936 2597 3976 cum
2627 3935 2695 3976 eo
2728 3920 3064 3989 proﬁciscar.
3090 3918 3223 3985 Quae
3251 3933 3377 3974 cum
3402 3917 3513 3970 An-

1937 4015 2144 4070 nubiou
2166 4014 2420 4081 dixisset,
2465 4022 2641 4070 mater
2664 4028 2723 4069 se
2755 4027 2865 4068 una
2892 4027 3017 4067 cum
3051 4012 3277 4082 reliquis
3316 4019 3510 4067 ventu-

1936 4124 2056 4164 ram
2084 4107 2353 4176 promisit.

2004 4197 2147 4255 XXI.
2163 4202 2231 4253 At
2244 4198 2434 4254 Petrus
2461 4216 2472 4252 :
2500 4195 2643 4254 Deus
2670 4196 2835 4252 rebus
2861 4195 3066 4251 nostris
3082 4196 3287 4265 optime
3302 4210 3506 4251 consu-

1935 4291 2016 4359 lit;
2035 4291 2294 4346 habemus
2309 4289 2453 4345 enim
2468 4289 2751 4344 nobiscum
2764 4287 3141 4344 Annubionem
3154 4288 3426 4357 astrologu
3434 4304 3507 4342 ni.

1937 4381 2036 4438 llic
2049 4398 2175 4439 cum
2205 4381 2366 4436 nobis
2379 4381 2445 4436 de
2457 4381 2639 4449 genesi
2658 4379 2937 4435 utamicus
2954 4379 3251 4451 disputabit
3273 4378 3509 4433 familia-

242 4481 529 4552 δημήσασι
588 4451 657 4552 τῇ
725 4451 1021 4552 Ἀντιοὲείᾳ
1080 4482 1211 4552 περὶ
1255 4451 1666 4551 γενέσεωςητοῦ
1723 4483 1834 4537 λοι-

1938 4476 2077 4542 rius,
2108 4475 2329 4546 quando
2362 4473 2670 4528 Antiochia:
2716 4472 2943 4527 erimus.
2978 4471 3194 4528 Etcum
3225 4482 3377 4541 pater
3407 4473 3511 4526 sub

242 4572 352 4626 ποῦ
404 4573 480 4637 ὡς
521 4573 673 4642 φίλος
722 4572 1089 4643 γνησιώτερον
1138 4573 1571 4645 διαλεχθήσεται.
1625 4576 1733 4630 Καὶ
1771 4574 1834 4647 δὴ

1938 4576 2154 4623 noctem
2207 4581 2333 4622 eum
2389 4566 2474 4632 iis,
2523 4580 2661 4635 quos
2706 4563 2901 4622 Petrus
2939 4565 3307 4630 ordinaverat,
3345 4565 3507 4620 simul

240 4663 342 4716 τοῦ
386 4664 593 4733 πατρὸς
624 4663 727 4715 ὑπὸ
768 4662 935 4716 νύκτα
966 4661 1082 4733 μεθ’
1110 4657 1184 4715 ὧν
1214 4663 1464 4715 ἐκέλευσε
1508 4664 1711 4734 Πέτρος
1739 4665 1834 4718 σὺν

1938 4676 2062 4716 cum
2087 4660 2414 4713 Annubione
2442 4658 2773 4729 perrexisset
2801 4659 2867 4714 ad
2892 4658 3123 4714 vicinam
3141 4657 3506 4725 Antiochiam,

240 4752 323 4823 τῷ
369 4751 711 4805 Ἀννουϐίωνι
737 4753 1078 4822 ὁρμήσαντος
1110 4752 1201 4804 ἐπὶ
1233 4752 1333 4823 τὴν
1360 4750 1588 4822 πλησίον
1627 4753 1833 4805 Ἀντιό-

1938 4766 2097 4805 mane
2146 4749 2427 4820 sequentis
2456 4749 2587 4815 diei,
2621 4760 2915 4819 antequam
2960 4749 3156 4805 Petrus
3198 4749 3267 4803 ad
3314 4750 3506 4819 dispu-

242 4861 429 4914 χειαν,
450 4842 650 4913 ὄρθρου
678 4843 780 4913 τῆς
811 4843 977 4913 ἄλλης
1010 4843 1224 4913 ἡμέρας
1252 4844 1379 4925 πρὶν
1416 4843 1697 4914 προελθεῖν
1729 4845 1835 4897 Πέ-

241 4954 375 5008 τρον
408 4935 501 4987 ἐπί
527 4934 604 5005 τῷ
647 4934 1010 5004 διαλέγεσθαι,
1055 4914 1364 5006 ἐπανῆλθον
1403 4938 1483 5001 εἰς
1514 4937 1613 5008 τὴν
1642 4935 1834 4989 Λαοδί-

243 5045 402 5081 κειαν
426 5026 519 5079 τὸν
548 5026 769 5096 Σίμωνα
803 5026 1225 5098 προπέμψαντες
1271 5028 1512 5081 Ἀππίων
1538 5028 1634 5081 καὶ
1677 5026 1835 5098 Ἀθη-

244 5120 482 5189 νόδωρος
508 5118 896 5189 ἐπιζητοῦντες
922 5119 1013 5173 τὸν
1040 5120 1269 5191 πατέρα.
1318 5120 1377 5174 '0
1403 5120 1462 5173 δέ
1495 5119 1680 5192 μαθὼν
1709 5120 1833 5174 ἐκέ-

243 5212 438 5265 λευσεν
470 5211 667 5274 αὐτοὺς
704 5210 1066 5281 εἰσέρχεσθαι.
1106 5212 1419 5265 Είσὸἀντων
1444 5212 1502 5264 δὲ
1538 5212 1634 5265 καὶ
1669 5211 1831 5266 καθε-

246 5304 488 5357 σθέντων
532 5302 648 5366 καί,
679 5302 791 5355 Ποῦ
821 5301 1096 5368 Φαῦστος;
1140 5302 1400 5356 εἰπόντων
1442 5343 1458 5368 ,
1497 5302 1831 5373 ἀπεκρίνατο

1938 5314 2060 5353 nam
2091 5314 2158 5353 ex
2193 5313 2418 5368 vespero
2449 5298 2562 5364 illo,
2596 5312 2706 5368 quo
2734 5296 2801 5351 ad
2835 5311 2929 5352 vos
2954 5297 3071 5364 ivit,
3107 5300 3239 5352 nulli
3273 5316 3498 5355 suorum

244 5398 489 5465 Πέτρος·
536 5395 651 5447 Οὐκ
679 5394 865 5464 ἴσμεν·
901 5394 1071 5465 αὐτῆς
1109 5394 1217 5467 γὰρ
1251 5395 1487 5465 ἑσπέρας
1524 5394 1659 5465 πρὸς
1685 5394 1829 5464 ὑμᾶς

1938 5406 2127 5446 rursus
2166 5389 2435 5461 apparuit.
2479 5387 2606 5444 Heri
2633 5396 2813 5444 autem
2846 5404 3008 5444 mane
3052 5398 3107 5444 et
3137 5389 3325 5446 Simon
3372 5407 3496 5446 eum

246 5487 421 5543 ἐλθὼν
440 5487 624 5540 οὐκέτι
642 5489 756 5551 τοῖς
777 5486 998 5550 οἰκείοις
1024 5487 1199 5557 ἐφάνη
1216 5504 1228 5517 ο
1267 5486 1394 5557 χθὲς
1419 5486 1476 5538 δὲ
1510 5485 1707 5557 ὄρθρου
1733 5486 1827 5539 καὶ

1938 5482 2229 5553 quaerebat,
2242 5496 2476 5551 cumque
2494 5481 2630 5536 nihil
2646 5482 3122 5552 responderemus,
3144 5484 3330 5539 nescio
3369 5484 3498 5552 quid

1551 5596 1786 5653 VARIIE
1825 5598 2227 5657 LECTIONES.

296 5703 366 5825 ἆυ
398 5695 794 5837 ὁμοξογίἵὲνηέιᾷ
868 5694 913 5726 ³ο
938 5692 1240 5749 Ματθιδίαν
1275 5694 1335 5745 Ο.
1416 5692 1455 5724 ³¹
1491 5692 1723 5761 λέγουσα
1767 5695 2011 5764 supplevi
2055 5710 2119 5749 ex
2165 5693 2496 5763 conjectura.
2527 5690 2689 5765 [Lege
2722 5690 2832 5767 εἶχε
2860 5713 2956 5767 pro
2980 5692 3132 5769 εἶδε]
3208 5700 3273 5733 ³¹⁶
3304 5717 3371 5757 an
3402 5705 3502 5777 leg.

296 5794 313 5826 δ
351 5789 417 5837 ης
445 5787 515 5822 κα
573 5785 605 5819 κ
662 5785 689 5816 ν
778 5808 788 5818 .

248 5785 417 5842 τυλης
445 5785 538 5822 και
573 5785 757 5837 κλινης
778 5785 788 5818 ι

1936 4841 2161 4896 tandum
2185 4855 2441 4911 egressus
2463 4849 2629 4906 esset,
2656 4838 2977 4895 Laodiceam
3000 4849 3267 4894 venerunt
3291 4839 3503 4910 Appion

1931 4940 1986 4988 et
2012 4931 2419 4997 Athenodorus,
2449 4930 2687 4985 Simonis
2716 4930 2965 4996 comites,
3014 4938 3223 5000 patrem
3257 4946 3506 5001 quaeren-

1931 5031 2032 5079 tes.
2065 5022 2185 5089 Qua
2227 5039 2289 5078 re
2333 5022 2569 5093 cognita,
2608 5021 2837 5078 introire
2867 5036 2963 5077 eos
3004 5021 3195 5091 jussit.
3227 5020 3331 5088 Qui
3378 5037 3500 5077 cum

1930 5116 2162 5186 ingressi
2190 5122 2374 5169 essent
2401 5122 2563 5183 atque
2600 5112 2993 5178 consedissent,
3026 5129 3090 5168 ac
3118 5115 3210 5168 ubi
3266 5113 3501 5169 Faustus

1930 5215 2075 5263 esset
2119 5207 2484 5276 quaesiissent,
2541 5204 2736 5261 Petrus
2794 5204 3072 5274 respondit
3118 5223 3132 5263 :
3169 5204 3494 5270 Nescimus;
