3834 6220
432 355 528 412 46Ἶ

1235 353 1293 408 s.
1321 351 1704 407 CLEMENTIS
1732 350 1751 404 I
1782 351 1946 405 non.
1985 350 2180 404 rom.
2223 348 2451 404 orem
2481 331 2697 410 DUBIA'

3557 347 3662 404 468

428 473 480 528 ei
513 472 566 526 in
598 483 833 526 mentem
865 471 1096 533 venerit,
1123 471 1385 523 Faustum
1417 483 1475 523 se
1495 483 1616 524 esse
1645 469 1987 524 contestanti.

2093 465 2272 535 Σίμων
2294 464 2454 516 αὐτὸν
2482 463 2758 534 ἐζήτησεν,
2786 465 2879 517 καὶ
2903 456 3024 519 ἐπεὶ
3052 461 3217 534 μηδὲν
3244 461 3662 534 ἀπεκρινάμεθα

429 565 585 632 Quod
623 580 747 620 eum
778 577 940 619 nemo
981 563 1242 626 crederet,
1286 562 1420 615 ﬂens
1445 571 1500 615 et
1529 562 1718 617 dolens
1742 562 1987 618 minaba-

428 668 541 724 tur,
569 657 879 715 occisurum
913 654 1265 724 semetipsum
1293 662 1345 708 et
1377 668 1566 708 versus
1593 668 1744 708 mare
1795 669 1986 726 prope-

427 750 588 804 ravit.

495 922 656 978 XXII.
692 922 822 989 Quae
863 938 986 977 cum
1031 921 1242 998 Appion
1287 923 1515 993 ejusque
1543 925 1768 979 comites
1798 925 1984 978 audis-

427 1026 570 1080 sent,
603 1015 809 1069 ululatu
855 1015 1001 1068 edito
1045 1015 1370 1085 plangebant
1401 1017 1642 1072 dicentes
1671 1035 1682 1070 :
1715 1017 1827 1070 Cur
1860 1033 1984 1072 eum

423 1121 532 1160 non
583 1107 911 1176 excepistis?
958 1106 1022 1160 Et
1057 1122 1178 1160 cum
1219 1106 1604 1163 Athenodorus
1644 1107 1775 1162 mihi
1806 1108 1986 1163 dicere

422 1199 582 1253 vellet
613 1219 624 1252 :
664 1199 768 1254 Iste
797 1199 1030 1254 Faustus
1063 1208 1364 1270 erat,pater
1397 1210 1523 1255 tuus
1555 1243 1569 1268 ,
1602 1201 1811 1271 Appion
1843 1218 1984 1272 prte-

421 1290 647 1346 veniens
675 1310 688 1344 :
721 1289 1127 1360 Comperimus,
1156 1292 1354 1361 inquit,
1385 1308 1414 1346 a
1443 1293 1702 1362 quodam,
1730 1294 1985 1348 incidisse

419 1392 546 1436 eum
571 1377 622 1431 in
653 1377 928 1434 Simonem
957 1382 1358 1447 exhortantem,
1387 1391 1447 1435 ut
1483 1381 1642 1436 Petro
1671 1383 1857 1438 relicto
1887 1399 1982 1439 co-

419 1484 536 1523 mes
574 1471 676 1524 sibi
724 1473 895 1535 tieret,
928 1472 1086 1542 eique
1115 1473 1452 1542 promisisse,
1481 1474 1763 1529 veritatem
1809 1491 1866 1530 se
1899 1490 1984 1530 re-

419 1561 751 1626 velaturum,
786 1563 901 1634 ipso
931 1563 1134 1619 Fausto
1164 1580 1286 1618 eum
1319 1567 1660 1633 obsecrante,
1690 1567 1829 1622 ﬁlios
1853 1581 1983 1622 suos

419 1668 482 1708 se
506 1655 734 1723 posthac
759 1671 1038 1726 nunquam
1066 1658 1202 1713 velle
1227 1658 1429 1726 videre,
1460 1661 1660 1732 quippe
1688 1662 1782 1732 qui
1811 1660 1981 1716 Judaei

417 1745 548 1800 facti
573 1755 776 1801 essent.
821 1746 954 1812 Qua:
981 1765 1105 1803 cum
1151 1751 1522 1818 audissemus,
1548 1767 1671 1806 eum
1702 1754 1980 1823 quaerendi

417 1853 585 1894 causa
618 1840 726 1893 huc
756 1841 1025 1897 venimus.
1079 1843 1182 1897 Sed
1232 1844 1360 1913 quia
1405 1845 1493 1898 hic
1540 1860 1646 1900 non
1693 1847 1980 1915 reperitur,

416 1942 606 1982 verum
633 1929 838 1985 dixisse
861 1931 1095 1998 videtur,
1128 1934 1224 2003 qui
1256 1935 1461 2001 retulit,
1489 1951 1611 2004 quae
1639 1936 1794 1989 vobis
1826 1937 1982 2006 prius

413 2019 839 2078 enuntiavimus.
873 2021 985 2094 Ego
1019 2033 1199 2078 autem
1252 2025 1522 2093 Clemens,
1569 2037 1854 2096 perspecto
1878 2025 1981 2082 Pe-

416 2111 486 2164 tri
513 2113 762 2180 consilio,
798 2116 1099 2171 seminandi
1132 2117 1184 2170 in
1217 2117 1339 2174 illos
1371 2119 1760 2188 suspicionem,
1794 2134 1979 2186 senem

417 2204 559 2272 apud
595 2206 743 2278 ipsos
771 2207 872 2262 sibi
909 2223 1029 2263 esse
1061 2210 1436 2278 quaerendum,
1476 2219 1536 2264 ut
1565 2211 1758 2266 timore
1793 2213 1981 2282 repleti

415 2294 684 2364 fugerent,
732 2297 798 2352 ad
829 2297 1194 2366 adjuvandum
1227 2299 1346 2370 ejus
1394 2301 1683 2357 consilium
1728 2304 1981 2358 concurri

411 2387 644 2456 Appioni
664 2389 850 2444 dicens
877 2408 890 2444 :
909 2389 1070 2459 Audi,
1092 2392 1302 2462 Appion
1328 2393 1649 2448 charissime
1675 2413 1686 2447 :
1706 2393 1838 2460 Nos,
1859 2412 1981 2465 quae

415 2478 557 2534 bona
592 2496 714 2536 esse
743 2483 1038 2549 credimus,
1070 2483 1233 2538 etiam
1264 2486 1404 2554 patri
1433 2487 1647 2544 tradere
1675 2488 1976 2542 studemus.

411 2571 544 2637 Quae
574 2575 618 2626 si
651 2575 897 2644 accipere
927 2575 1081 2641 nolit,
1111 2578 1203 2631 sed
1235 2578 1415 2650 potius
1443 2594 1543 2634 nos
1576 2595 1872 2635 exsecrans
1895 2581 1979 2633 fu-

410 2662 508 2732 git,
554 2662 748 2718 durius
779 2664 983 2734 aliquid
1012 2664 1236 2734 eloquar
1288 2683 1300 2719 :
1339 2666 1501 2720 etiam
1533 2682 1633 2722 nos
1675 2668 1740 2722 de
1774 2682 1841 2723 eo
1869 2685 1977 2723 non

411 2769 692 2809 curamus.
725 2755 857 2824 Qum
887 2771 1012 2809 cum
1057 2757 1451 2822 enuntiassem,
1484 2758 1642 2828 quasi
1684 2760 1977 2815 crudelita-

411 2853 519 2898 tem
552 2861 729 2900 meam
753 2861 893 2915 zegre
919 2845 1156 2902 ferentes
1186 2849 1438 2903 abierunt
1462 2858 1516 2904 et
1545 2849 1784 2906 Simonis
1814 2853 1978 2917 vesti-

409 2938 498 3009 gia
518 2981 534 3005 ,
565 2948 625 2994 ut
649 2941 892 2995 crastino
931 2941 1017 2996 die
1056 2936 1426 3015 comperimus
1447 2983 1462 3009 ,
1495 2959 1663 3017 quam
1692 2946 1978 3002 celerrime

409 3031 759 3102 insequentes
789 3031 1031 3088 Judzeam
1067 3035 1360 3106 petierunt.

483 3207 671 3265 XXIII.
699 3207 907 3265 Interea
935 3225 1058 3267 cum
1083 3212 1267 3268 decem
1294 3215 1684 3284 praeteriisscnt
1719 3215 1856 3287 dies,
1879 3233 1978 3274 ven

409 3301 492 3356 nit
514 3303 736 3382 quidam
761 3303 1049 3360 Antiochia
1073 3321 1102 3360 a
1130 3316 1282 3376 patre
1306 3308 1510 3364 missus
1533 3310 1816 3378 nuntians,
1836 3325 1978 3381 quo-

409 3395 573 3450 modo
597 3396 774 3465 palam
814 3395 1090 3452 Simonem
1123 3414 1247 3454 cum
1293 3399 1467 3471 ipsius
1511 3403 1664 3458 vultu
1713 3417 1978 3459 accusans

407 3485 740 3558 Petrumque
779 3488 1034 3545 laudibus
1073 3491 1338 3546 extollens
1376 3494 1474 3547 toti
1508 3493 1976 3549 Antiochenorum

407 3579 614 3637 civitati
645 3581 976 3635 desiderium
1009 3580 1257 3650 injecerit
1289 3583 1443 3638 illum
1479 3584 1718 3639 videndi.
1765 3584 1843 3640 Ex
1869 3601 1978 3656 quo

404 3685 597 3725 omnes
624 3686 820 3740 cupere
849 3671 1008 3737 dixit,
1043 3689 1168 3728 eum
1208 3688 1392 3728 secum
1419 3674 1640 3730 habere.
1674 3674 1976 3734 Nonnullos

404 3769 586 3822 autem
613 3761 682 3815 ob
713 3762 938 3816 nimium
969 3779 1096 3833 erga
1125 3762 1345 3818 Petrum
1379 3780 1617 3820 amorem
1671 3767 1726 3820 in
1765 3777 1975 3837 patrem

406 3851 690 3906 saevientes
741 3852 946 3908 Fausto
996 3865 1056 3909 ut
1103 3855 1311 3910 Simoni
1351 3856 1488 3911 adeo
1527 3873 1723 3916 manus
1754 3858 1976 3928 injicere

403 3942 561 3996 velle.
621 3941 913 4013 Propterea
963 3960 1087 3999 eum
1139 3947 1441 4012 timentem,
1474 3962 1542 4002 ne
1579 3949 1970 4018 perimeretur,

403 4034 588 4088 statim
614 4036 851 4102 misisse,
882 4037 975 4106 qui
1007 4037 1226 4093 Petrum
1260 4048 1493 4110 rogaret,
1523 4048 1582 4094 ut
1611 4041 1677 4094 ad
1711 4055 1836 4095 eum
1891 4041 1975 4096 fe-

403 4128 653 4193 stinaret,
700 4128 745 4182 si
780 4130 959 4184 vivum
1012 4132 1173 4185 vellet
1217 4140 1271 4186 et
1315 4133 1485 4187 amori
1503 4132 1736 4188 civitatis
1782 4151 1972 4204 super-

401 4217 703 4273 abundanti
753 4231 1056 4290 opportune
1113 4233 1414 4292 appareret.
1475 4224 1685 4290 Quibus
1739 4226 1970 4295 cognitis

399 4311 594 4369 Petrus
636 4315 702 4370 ad
735 4316 1144 4371 deliberandum
1174 4319 1229 4371 in
1275 4319 1535 4375 concione
1570 4318 1968 4373 multitudinem

399 4409 596 4478 coegit,
619 4419 692 4474 et,
711 4410 964 4479 episcopo
985 4425 1048 4464 ex
1069 4411 1358 4465 comitibus
1384 4411 1653 4477 ordinato,
1679 4420 1966 4481 postquam

2089 557 2226 628 πρὸς
2257 556 2440 620 αὑτὸν,
2459 556 2558 608 οὐκ
2588 551 2724 616 οἶδα,
2749 556 2801 607 τί
2830 555 3005 620 ἔδοξεν
3027 556 3068 587 ³³
3082 555 3230 626 αύτῷ
3258 556 3501 610 Φαῦστον
3528 559 3660 610 ἐαυ-

2085 648 2176 700 τὸν
2203 647 2426 700 εἰπόντι.
2458 647 2549 717 Μὴ
2580 647 2886 710 πιστευθεὶς
2925 647 3172 719 δακρύων
3205 649 3296 701 καὶ
3326 651 3666 719 κοπτόμενος

2087 740 2428 793 ἀποκτείνειν
2463 741 2654 792 ἑαυτὸν
2683 740 2982 809 ἀπειλήσας
3011 741 3086 803 ὡς
3120 743 3212 794 ἐπὶ
3237 741 3510 795 Θάλασσαν
3549 742 3665 814 ὦρ-

2088 850 2276 904 μησεν.

2157 923 2321 977 ΧΧΙΙ.
2375 923 2558 978 Ταῦτα
2599 923 2880 987 ἀκούοντες
2911 924 2940 975 ὃ
2969 941 3027 978 τε
3063 923 3303 976 Ἀππίων
3341 923 3433 976 καὶ
3467 924 3517 974 οἱ
3559 923 3665 975 σὺν

2085 1017 2234 1087 αὐτῷ
2257 1016 2670 1081 ἐπολολύξαντες
2693 1017 2951 1086 ἐκόψαντο
2965 1015 3211 1083 λέγοντες
3231 1033 3242 1045 ·
3268 1014 3365 1068 Διά
3390 1017 3440 1067 τί
3461 1017 3523 1068 οὺ
3552 1033 3666 1066 πα-

2088 1108 2369 1180 ρεδέξασθε
2411 1109 2602 1174 αὑτόν;
2631 1112 2740 1162 Καὶ
2785 1109 2898 1179 ἅμα
2940 1108 3017 1178 τῷ
3050 1108 3330 1178 βούλεσθαι
3371 1109 3461 1162 τὸν
3502 1109 3665 1178 Ἀθη-

2085 1199 2316 1270 νόδωρον
2364 1201 2536 1253 εἰπεῖν
2592 1217 2712 1270 μοι’
2763 1201 3002 1262 Φαῦστος
3042 1196 3129 1270 ἦν,
3175 1202 3203 1252 ὁ
3239 1202 3419 1272 πατὴρ
3465 1218 3582 1263 σου,
3633 1202 3664 1251 ὁ

2099 1289 2343 1342 ’Δππίων
2387 1288 2547 1362 415
2590 1288 2908 1358 ὑποφθάσας
2955 1290 3113 1342 αὑτὸν
3159 1285 3340 1342 εἶπεν·
3380 1289 3663 1360 ἐμάθομεν

2087 1381 2239 1451 παρά
2274 1400 2436 1446 τινος,
2469 1383 2550 1434 ὅτι
2582 1381 2754 1452 εὑρὼν
2781 1383 2939 1435 αὐτὸν
2961 1384 2988 1434 ὁ
3017 1383 3196 1452 Σίμων
3235 1381 3512 1452 ἐξώρμησε
3546 1383 3665 1452 [ἵνα

2086 1475 2176 1528 τὸν
2204 1473 2406 1546 Πέτρον
2428 1474 2738 1527 καταλιπὼν
2760 1475 2907 1544 αὐτῷ
2933 1475 3351 1546 συνοδοιπορήσῃ
3373 1474 3662 1543 ὑπισχνου-

2087 1567 2231 1638 μένῳ
2261 1565 2683 1638 ἀποκαλύπτειν]
2713 1566 2780 1619 τά
2799 1566 2991 1636 ἀληθῆ,
3020 1566 3181 1619 αὑτοῦ
3206 1567 3445 1620 Φαύστου
3475 1585 3662 1637 παρα-

2084 1654 2411 1716 καλέσαντος
2462 1655 2641 1720 αὐτὸν,
2679 1655 2761 1707 ὃτι
2809 1655 2881 1725 μὴ
2925 1655 3112 1725 ἤθελεν
3157 1658 3285 1726 ὀρᾷν
3318 1658 3445 1719 τοὺς
3487 1658 3659 1710 αὑτοῦ

2085 1747 2235 1808 υἱοὺς
2303 1746 2587 1809 Ἰουδαίους
2639 1747 3053 1818 γεγενημένους.
3122 1748 3310 1817 Ἡμεῖς
3365 1748 3421 1800 δὲ
3479 1749 3659 1802 ταῦτα

2012 1815 2054 1868 Β
2083 1836 2413 1899 ἀκούσαντες
2441 1836 2629 1889 τούτου
2672 1837 2854 1918 ἔτεκεν
2885 1837 3118 1908 ἤλθομεν
3151 1838 3436 1908 ζητοῦντες
3466 1839 3651 1891 αὐτόν.

2095 1927 2308 1998 Ἐπειδὴ
2351 1927 2405 1980 δὲ
2436 1928 2667 1982 ἐνταῦθα
2691 1929 2790 1982 οὐκ
2827 1929 2961 1992 ἐστι,
2993 1930 3238 1998 φαίνεται
3279 1930 3583 1999 ἀληθεύσας
3626 1932 3656 1980 ό

2081 2015 2249 2068 εἰπὼν
2284 2018 2434 2086 ἡμῖν,
2469 2016 2544 2078 ὡς
2573 2013 2664 2070 οὖν
2710 2018 2839 2088 παρ’
2873 2017 3034 2069 αὑτοῦ
3064 2018 3393 2081 ἀκούσαντες
3423 2021 3619 2089 εἰρήκα
3639 2049 3654 2058 -

2085 2125 2182 2178 μεν
2210 2109 2356 2178 ὑμῖν·
2403 2107 2542 2176 Ἐγὼ
2577 2109 2631 2161 δὲ
2672 2108 2920 2179 Κλήμης,
2955 2111 3248 2180 συννοήσας
3278 2111 3372 2180 τὴν
3407 2111 3499 2162 τοῦ

2080 2219 2209 2272 τρου
2237 2202 2571 2273 προαίρεσιν,
2589 2202 2670 2254 ὃτι
2696 2201 2947 2262 ὑπόνοιαν
2979 2203 3161 2265 αὐτοῖς
3179 2204 3461 2273 ἐνσπεῖραι
3483 2203 3646 2266 θέλει,

2081 2293 2156 2355 ὼς
2192 2293 2283 2346 τὸν
2316 2293 2546 2364 γέροντα
2575 2293 2754 2364 ζητεῖν
2790 2293 2993 2365 μέλλων
3029 2296 3158 2365 παρ’
3199 2295 3401 2357 αὐτοῖς,
3437 2297 3524 2348 ἵνα
3553 2313 3651 2364 φο-

2081 2383 2337 2454 ϐηθέντες
2363 2385 2626 2453 φύγωσιν,
2657 2386 2986 2456 συνέδραμον
3015 2385 3178 2438 αὐτοῦ
3221 2386 3297 2456 τῷ
3327 2386 3648 2458 βουλήματι,

2079 2477 2173 2530 καὶ
2221 2476 2357 2547 πρὸς
2407 2476 2497 2528 τὸν
2536 2476 2839 2541 Ἀππίωνα,
2893 2480 3183 2542 Ἄκουσον,
3216 2478 3381 2547 ἔφην,
3432 2479 3649 2547 φίλτατέ

2082 2587 2172 2640 μοι
2211 2569 2480 2622 Ἀππίωψ
2513 2571 2670 2640 ἡμεῖς
2695 2570 2761 2622 τά
2787 2569 3106 2640 νομισθέντα
3130 2572 3258 2641 ἡμῖν
3280 2570 3421 2622 καλά
3443 2572 3518 2633 ὡς
3547 2589 3650 2623 πα-

2077 2664 2166 2733 τρὶ
2191 2661 2371 2714 δοῦναι
2399 2661 2760 2730 ἐσπεύσαμεν.
2789 2663 2850 2715 El
2879 2662 2934 2714 δέ
2967 2662 3127 2725 αὐτὸς
3147 2663 3246 2715 ούκ
3273 2662 3540 2732 ἐϐουλήθη
3565 2664 3651 2717 λα-

2079 2753 2213 2818 ϐεῖν,
2259 2753 2394 2806 ἀλλὰ
2439 2754 2745 2808 τούναντίον
2799 2755 3184 2825 βδελυξάμενος
3223 2757 3369 2826 ἡμᾶς
3414 2756 3646 2824 ἔφυγεν,

2077 2843 2409 2915 τραχύτερόν
2439 2861 2492 2896 τι
2535 2843 2671 2915 ἐρῶ·
2717 2845 2838 2897 ούδέ
2873 2847 3031 2916 ἡμεῖς
3073 2845 3235 2898 αὐτοῦ
3269 2846 3644 2916 φροντίζομεν.

2091 2934 2256 3005 Ἐμοῦ
2283 2934 2454 2988 ταῦτα
2474 2935 2714 2998 εἰπόντος
2735 2936 2810 2999 ὡς
2841 2936 2927 2988 ἐπ’
2957 2935 3198 3006 ὠμότητι
3223 2936 3648 3006 δυσχεράναντες

2075 3027 2340 3098 ἀπῄεσαν,
2374 3028 2469 3081 καὶ
2505 3027 2579 3090 ὡς
2623 3027 2895 3098 ἐμάθομεν
2919 3028 3018 3097 τῆς
3045 3027 3206 3098 ἄλλης
3241 3028 3455 3098 ἡμέρας
3476 3029 3520 3059 ³³

2003 3157 2049 3226 c
2079 3117 2330 3190 τάχιστα]
2343 3121 2461 3172 κατ’
2481 3120 2598 3190 ἴχνη
2617 3120 2855 3190 Σίμωνος
2871 3120 2962 3171 ἐπὶ
2974 3120 3069 3189 τὴν
3093 3119 3642 3226 Ἰουδαίανῶρμησαν,

2152 3209 2929 3283 ΧΜΕ,Πλὴνήμερῶν.δέκα
2944 3211 3268 3266 διελθουσῶν
3297 3207 3422 3283 [ἧκέ
3448 3211 3556 3284 τις]
3582 3215 3645 3265 ἐκ

2077 3303 2176 3373 τῆς
2221 3295 2544 3373 Ἀντιοχείας
2587 3303 2736 3374 παρά
2773 3302 2866 3355 τοῦ
2902 3305 3104 3374 πατρὸς
3148 3304 3392 3372 ἀγγελῶν
3415 3304 3458 3336 ³³
3491 3306 3642 3374 ἡμῖν,

2078 3393 2195 3458 πῶς
2225 3396 2254 3447 ό
2284 3394 2464 3466 πατὴρ
2505 3393 2782 3466 δημο[σίᾳ]
2817 3395 2977 3448 αὑτοῦ
3029 3395 3241 3466 μορφῆς
3281 3396 3640 3465 κατηγορῶν,

2078 3485 2278 3557 Πέτρον
2304 3485 2538 3554 εὐλογῶν
2569 3486 2668 3557 τὴν
2695 3487 2872 3540 πᾶσαν
2907 3487 3218 3556 Ἀντιοχέων
3251 3487 3402 3540 πόλιν
3435 3489 3514 3550 είς
3545 3489 3642 3540 πό-

2077 3576 2168 3630 θον
2195 3578 2507 3648 μετέθηκεν.
2543 3581 2650 3632 Καὶ
2689 3580 2751 3632 ἐκ
2775 3579 2960 3632 τούτου
2989 3579 3195 3641 πάντας
3223 3579 3507 3649 ἐπιθυμεῖν
3549 3580 3645 3631 αύο

2075 3667 2165 3721 τὸν
2203 3669 2328 3721 ἰδεῖν
2359 3669 2693 3740 ἀπήγγελλεν
2715 3670 2787 3708 "'-
2821 3671 2994 3733 ἐνίους
3023 3670 3080 3722 δὲ
3105 3672 3199 3723 καὶ
3220 3669 3644 3740 χαλεπαίνοντας

2075 3760 2221 3830 αύτῷ
2246 3760 2320 3823 ὡς
2360 3761 2560 3832 Σίμωνι
2600 3760 2686 3814 διὰ
2721 3762 2819 3833 τὴν
2853 3760 2987 3832 πρὸς
3029 3761 3230 3831 Πέτρον
3273 3761 3643 3831 ὑπερϐάλλου-

2077 3868 2176 3905 σαν
2200 3851 2364 3922 416
2407 3851 2636 3923 στοργὴν
2678 3853 2771 3906 καὶ
2811 3856 2996 3923 χεῖρας
3031 3851 3201 3904 θέλειν
3245 3852 3520 3905 ἐπιϐαλεῖν
3564 3852 3643 3922 τῷ

2073 3944 2298 4015 Φαύστῳ
2340 3945 2416 4007 ὼς
2448 3943 2667 4016 Σίμωνι.
2708 3946 2796 4014 Ay:
2828 3949 3022 4016 μήπως
3058 3943 3313 4014 ἀναιρεθῇ
3340 3943 3640 4007 δεδοικότα,

2072 4035 2299 4106 ἐξαυτῆς
2343 4035 2518 4088 ἐλθεῖν
2563 4037 2850 4106 πέμψαντα
2893 4036 3076 4102 ἀξιοῦν
3109 4035 3198 4087 τὸν
3230 4036 3454 4106 Πέτρον,
3490 4037 3639 4101 ὅπως

2072 4126 2232 4188 αὑτὸν
2266 4126 2439 4191 ζῶντα
2479 4127 2871 4198 ἐπικαταλάὸῃ,
2907 4127 2997 4179 καὶ
3035 4129 3098 4196 τῇ
3128 4126 3274 4178 πόλει
3314 4123 3638 4196 ἁκμαζούσῃ

2072 4219 2219 4290 πόθῳ
2246 4219 2323 4289 τῷ
2364 4219 2498 4290 πρὸς
2536 4221 2696 4272 αὑτὸν
2741 4219 3008 4290 εὐκαίρως
3047 4221 3299 4289 ἐπιφανῇ.
3341 4218 3545 4288 Πέτρος
3579 4220 3636 4272 δέ

2069 4311 2241 4365 ταῦτα
2273 4312 2509 4374 ἀκούσας
2533 4313 2668 4382 πρὸς
2705 4311 2767 4364 τὸ
2797 4311 3171 4380 ἐκκλησιάζειν
3199 4310 3480 4373 πλείστους
3517 4328 3640 4362 συν-

2070 4404 2287 4473 αγαγὼν
2312 4406 2404 4457 καὶ
2431 4404 2723 4456 ἐπίσκοπον
2739 4403 2919 4455 ἐκτῶν
2944 4402 3246 4455 ἀκολούθων
3270 4403 3635 4471 καταστήσας,

399 4508 497 4562 per
516 4503 626 4551 tres
643 4495 758 4550 dies
781 4496 1448 4568 Laodiceae,baptizaverat
1475 4508 1637 4570 atque
1654 4512 1959 4567 sanaverat,
1995 4497 1996 4501 “

2084 4496 2332 4558 ἰαπτίσας
2357 4497 2450 4549 καὶ
2496 4495 2782 4565 ἰασάμενος
2807 4495 3027 4564 ἡμερῶν
3055 4493 3332 4562 ἐπιμείνας
3368 4491 3537 4562 τριῶν
3570 4493 3634 4562 τῇ

399 4585 467 4640 ad
494 4586 728 4642 vicinam
758 4586 1101 4644 Antiochiam
1128 4605 1349 4664 pergere
1374 4593 1700 4660 properavit.

2068 4587 2357 4659 Λαοδικείᾳ
2400 4587 2491 4640 ἐπὶ
2524 4587 2620 4658 τὴν
2666 4585 2890 4656 πλησίον
2929 4585 3190 4655 ὁρμήσειν
3215 4583 3259 4615 ³⁸
3309 4583 3635 4652 Ἀντιόχειαν

2067 4679 2346 4732 ἔσπευσεν.

1649 4834 1881 4890 vanu:
1922 4819 2322 4890 LECTIONES.

475 4947 519 4978 ³³
552 4945 709 5019 δόξαν
741 4949 782 5019 Ο
812 4987 826 5011 ,
861 4950 954 5019 qui
985 4950 1179 5007 deinde
1219 4953 1390 5006 εἰπών

1421 4957 1748 5027 ρηεῖπόντιε
1808 4956 1853 4990 ³³
1896 4956 2054 5027 ἡμῶν
2097 4959 2155 5009 Ο.

2267 4955 2313 4986 ³⁸
2345 4955 2587 5026 ἀγγέλων
2613 4957 2672 5028 Ο.
2753 4957 2798 4989 ³⁵
2823 4955 3224 5028 ἀπήγγελλορ⁴
3290 4954 3346 5028 ,³⁸
3372 4950 3627 5028 Fortasse

407 5015 990 5108 legendumfppfioat.
1027 5019 1156 5076 Post
1188 5015 1451 5108 ἔσπευσεν
1485 5025 1536 5078 in
1564 5026 1684 5106 cod.
1716 5025 1762 5080 Ο
1798 5015 2021 5108 puncto
2047 5015 2404 5108 distinguitur
2431 5015 2837 5108 'apponittirque
2893 5015 3059 5108 ἅμῆξ
3123 5022 3625 5108 Qno‘intelligitur,

407 5101 798 5168 αιιιεξηυεῃεθιιι
839 5104 975 5158 opus
1003 5108 1159 5168 suum
1211 5095 1488 5163 putavisse
1512 5096 1731 5158 omnino
1761 5095 2092 5162 absolutum,
2125 5095 2375 5168 quamvis
2401 5107 2558 5154 vetus
2588 5095 2768 5153 Ruﬁni
2800 5095 3440 5166 versio’Recognitionum
3463 5109 3622 5151 enare

400 5156 571 5215 rando
602 5156 828 5213 ulterius
851 5156 1244 5232 progrediatur.
