3834 6220
424 301 515 356 m
1221 304 1278 363 s.
1316 307 1706 366 CLEMEN'I‘IS
1750 309 1771 365 ι
1810 310 1975 367 non.
2020 309 2220 369 PONT.
2262 313 2489 369 OPERA
2527 302 2756 373 suam;

3590 321 3698 373 47?.

422 414 611 470 animo
644 415 1008 488 percepissem
1040 419 1450 489 cogitationem,
1483 437 1605 491 quae
1637 422 1822 478 nescio
1852 424 1985 477 unde

2097 422 2213 482 οῖδα
2234 427 2396 483 πόθεν
2414 430 2791 485 ἐπεισελθόντα
2818 448 2931 503 μοι,
2950 433 3043 487 καὶ
3067 450 3131 487 πε
3139 433 3194 505 ρὶ
3213 432 3442 489 θανάτου
3468 436 3701 498 πυκνὰς

423 502 481 560 iu
530 522 620 563 me
646 507 971 579 irrepserat,
998 510 1329 582 crebrasque
1361 512 1493 567 mihi
1524 513 1591 569 de
1629 522 1803 571 morte
1841 529 1963 575 com
1985 545 1998 557 ο

424 597 787 654 mentationes
810 600 1075 669 pariebat,
1098 616 1224 661 cum
1251 600 1531 660 laboribus
1552 612 1607 660 et
1634 605 2000 664 anxietatibus

423 689 695 745 vivebam.
741 689 1076 763 Reputabam
1131 695 1277 753 enim
1342 712 1512 765 num,
1571 714 1695 757 cum
1747 710 1999 761 mortuus

424 781 605 849 fuero,
641 799 749 839 non
787 802 902 851 ero,
952 787 1244 858 nullusque
1292 789 1397 843 erit
1447 806 1690 861 unquam
1741 792 1835 864 qui
1889 793 1999 847 mei

424 873 754 929 mentionem
788 874 971 941 faciat,
1010 889 1254 947 tempore
1305 879 1565 935 nimirum
1622 891 1817 937 cuncta
1856 883 1997 937 obli-

423 965 572 1021 vioni
603 967 888 1023 tradente?
916 968 1055 1025 Cum
1079 982 1258 1027 autem
1288 986 1397 1029 non
1429 971 1607 1040 fuero,
1631 989 1697 1028 an
1723 974 1993 1045 quodam-

422 1057 589 1115 modo
615 1056 833 1123 futurus
863 1075 1010 1129 sum,
1038 1077 1135 1119 eos
1168 1064 1261 1134 qui
1303 1080 1411 1125 non
1456 1074 1586 1127 sunt
1614 1082 1989 1136 cognoscens;

420 1168 525 1208 nec
554 1168 917 1222 cognoscens,
950 1169 1049 1210 nec
1083 1155 1333 1226 cognitus
1358 1175 1371 1223 ;
1406 1156 1611 1227 quique
1634 1174 1740 1212 non
1771 1156 1985 1225 fuerim,

2101 519 2422 589 ποιούμενον
2464 522 2816 595 ὑπομνήσεις,
2848 525 3029 587 πόνοις
3071 524 3133 577 τὸ
3180 526 3363 579 λοιπὸν
3400 527 3498 580 καὶ
3555 527 3699 581 ἀθυ-

2103 610 2255 682 μίαις
2287 612 2540 687 συνέζων.
2565 609 2711 686 Ἀρα
2738 615 2866 687 γὰρ,
2910 613 3252 689 ἐλογιζόμην,
3275 618 3358 671 ὄτι
3377 618 3568 672 θανὼν
3595 618 3699 671 οὒκ

2100 703 2242 771 είμί,
2276 703 2369 760 καὶ
2390 703 2566 769 οὐδεὶς
2598 704 2749 769 ἐσται
2779 722 2876 776 μου
2903 708 3031 760 ποτὲ
3079 710 3296 780 μνήμην
3331 710 3695 782 ποιούμενος,

2098 791 2191 845 τοῦ
2230 794 2421 865 χρόνου
2455 796 2631 849 πάντα
2657 799 2723 868 τῇ
2758 796 2894 871 λήθῃ
2930 799 3341 870 παραδιδόντος;
3366 797 3477 873 ἆρα
3513 802 3585 855 δὲ
3620 804 3694 872 μὴ

2097 882 2193 948 ὢν,
2225 885 2343 949 πῶς
2367 884 2773 957 ἐσομαι¹·⁶τοὺς
2798 891 2898 943 οὐκ
2925 891 3345 956 ὅνταςείδὼς,ού
3367 894 3691 962 γινώσκων,

2092 976 2151 1030 ού
2175 978 2593 1049 γινωσκόμενος,
2619 980 2679 1034 ού
2699 980 2954 1051 γεγονὼς,
2984 983 3045 1037 οὐ
3067 984 3346 1054 γινόμενος
3373 1004 3388 1052 ;
3414 986 3528 1041 Καὶ
3578 982 3694 1057 ἆρά

2089 1085 2217 1121 ποτε
2242 1070 2261 1099 ⁷
2286 1069 2506 1138 γέγονεν
2533 1074 2561 1125 ὁ
2588 1073 2808 1144 κόσμος,
2841 1076 2934 1128 καὶ
2957 1075 3063 1147 πρὸ
3085 1076 3178 1129 τοῦ
3203 1078 3456 1146 γενέσθαι
3488 1079 3544 1131 τί
3576 1080 3693 1149 ἄρα

2089 1160 2185 1212 καὶ
2219 1154 2287 1231 ἦν
2313 1177 2327 1226 ;
2357 1162 2563 1235 Eme?
2585 1159 2651 1235 ἦν
2687 1165 2793 1228 ἀεὶ,
2821 1166 2916 1218 καὶ
2953 1166 3125 1220 ἔσται’
3150 1169 3199 1220 εί
3238 1168 3295 1221 δὲ
3318 1169 3513 1237 γέγονε
3536 1208 3555 1233 ,
3596 1171 3692 1221 καὶ

418 1260 531 1299 non
577 1244 721 1299 sim?
767 1244 833 1299 Et
875 1246 1243 1317 aliquandone
1279 1246 1455 1303 factus
1510 1248 1581 1303 sit
1610 1250 1881 1316 mundus;
1938 1262 1985 1309 et

2090 1249 2382 1322 λυθήσεται
2400 1254 2637 1320 πάντως·
2657 1257 2748 1309 καὶ
2773 1258 2909 1329 μετὰ
2931 1256 3082 1315 λύσιν
3106 1254 3213 1330 ἆρα
3225 1260 3278 1313 τί
3299 1260 3452 1315 ἔσται
3479 1261 3686 1325 «nam;

418 1345 546 1393 ante
580 1354 743 1409 quam
791 1339 962 1405 fieret,
1007 1339 1271 1410 quidnam
1318 1342 1474 1395 erat?
1518 1338 1654 1396 Nam
1696 1341 1740 1396 si
1774 1357 1985 1411 semper

2090 1340 2116 1394 ὃ
2137 1342 2232 1397 νῦν
2260 1344 2516 1400 ἀδύνατόν
2545 1364 2635 1418 μοι
2656 1348 2863 1418 νοῆσαι.

418 1429 559 1496 fuit,
606 1448 821 1503 semper
872 1434 1037 1489 etiam
1107 1434 1259 1489 erit:
1306 1434 1390 1490 sin
1436 1452 1565 1491 vero
1595 1445 1778 1493 ortum
1822 1436 2028 1501 habet,
2069 1437 2295 1495 omnino
2352 1440 2515 1497 etiam
2562 1442 2926 1499 dissolvetur:
2971 1454 3025 1501 et
3074 1446 3211 1516 ipost
3255 1445 3685 1503 dissolutionem

416 1525 681 1598 quidnam
711 1528 817 1583 erit
852 1527 1088 1583 iterum?
1128 1530 1275 1599 quod
1324 1546 1469 1589 nunc
1519 1531 1857 1601 impossibile
1885 1530 2017 1587 mihi
2058 1539 2143 1587 est
2169 1542 2352 1591 mente
2381 1535 2686 1608 concipere.

488 1640 552 1697 ll.
588 1640 714 1698 Haac
758 1651 920 1711 atque
968 1642 1056 1697 his
1101 1642 1323 1710 similia,
1356 1644 1540 1698 nescio
1581 1645 1745 1710 unde,
1777 1644 1985 1699 indesi-

2161 1646 2226 1702 ΙΙ.
2264 1649 2449 1704 Ταῦτά
2468 1667 2527 1703 τε
2552 1652 2647 1706 καὶ
2684 1653 2752 1707 τά
2776 1654 2984 1718 τούτοις
3008 1654 3189 1727 ὃμοια,
3222 1655 3321 1709 οὐκ
3341 1651 3461 1709 οἴδα
3488 1655 3685 1720 πόθεν,

414 1743 612 1789 nenter
652 1733 837 1789 animo
866 1734 1153 1802 volutans,
1196 1744 1458 1805 perpetuo
1501 1751 1717 1805 semper
1753 1750 1991 1791 maerore

416 1822 721 1890 alliciebar,
751 1823 806 1878 in
842 1832 1056 1880 tantum
1088 1834 1146 1881 ut
1194 1825 1450 1896 pallerem
1501 1841 1567 1881 ac
1600 1828 1939 1883 tabescerent
1975 1846 1987 1882 :

413 1924 469 1973 et
491 1915 639 1986 quod
664 1914 1055 1986 gravissimum
1078 1927 1217 1982 erat,
1249 1918 1295 1973 si
1328 1917 1552 1989 quando
1584 1918 1781 1983 harum
1803 1934 1990 1975 rerum

416 2005 844 2063 sollicitudinem
880 2006 1119 2077 abjicere
1153 2016 1410 2079 tanquam
1444 2024 1644 2062 vanam
1668 2010 1989 2081 cogitarem,

412 2101 796 2158 vehementius
825 2100 1000 2157 multo
1043 2116 1130 2157 me
1160 2102 1441 2172 premebat
1484 2100 1710 2169 aiectus
1737 2122 1750 2157 :
1780 2113 1836 2159 et
1868 2119 1991 2160 eam

412 2209 530 2251 rem
566 2193 795 2248 moleste
835 2191 1077 2247 ferebam
1100 2232 1113 2258 ,
1154 2193 1407 2248 nesciens
1440 2178 1587 2264 quod
1626 2195 1990 2253 contubernii:

411 2285 519 2342 lem
545 2285 799 2341 haberem
831 2285 1149 2354 praeclaram
1176 2284 1586 2355 cogitationem,
1607 2303 1729 2357 quae
1760 2286 1991 2341 immor-

413 2382 642 2437 talitatis
674 2380 810 2436 mihi
860 2394 1026 2436 causa
1078 2378 1327 2447 exstitit,
1372 2387 1432 2435 ut
1477 2390 1667 2450 postea
1704 2396 1771 2436 ex
1805 2397 1989 2437 rerum

408 2475 559 2532 exitu
590 2474 832 2544 agnovi,
872 2481 927 2529 et
968 2471 1082 2529 Deo
1114 2483 1439 2529 cunctorum
1489 2471 1734 2533 eﬂ'ectori
1786 2473 1990 2545 gratias

408 2570 519 2641 egi.
552 2568 692 2625 Cum
716 2568 865 2626 enim
905 2568 974 2624 ab
1017 2568 1175 2624 initio
1206 2584 1294 2623 me
1330 2567 1422 2622 illa
1448 2567 1706 2638 cogitatio
1731 2576 1988 2635 vexaret,

408 2659 482 2716 ad
526 2674 713 2716 rerum
760 2658 1177 2729 inquisitionem
1222 2658 1410 2713 venire
1459 2668 1685 2713 coactus
1730 2672 1897 2712 sum:
1934 2667 1991 2713 et

408 2768 551 2824 quos
574 2752 846 2824 principio
868 2766 964 2821 per
990 2750 1356 2822 ignorantiam
1389 2750 1577 2806 beatos
1600 2750 1985 2821 pradicahanl,

407 2854 598 2917 postea
631 2844 802 2900 veluti
825 2843 1057 2901 miseros
1090 2858 1197 2898 non
1224 2843 1434 2899 cessavi
1461 2842 1666 2912 lugere.

480 2935 570 2993 Ιῐῐ.
610 2935 780 3006 igitur
821 2951 948 2991 cum
996 2951 1028 2989 a
1072 2950 1243 3005 puero
1273 2934 1327 2988 in
1381 2934 1697 3005 hujusmodi
1737 2949 1986 2991 versarer

2091 1740 2385 1808 ἀπαύστως
2416 1744 2900 1817 διενθυμούμενος,
2942 1748 3219 1802 ἄπαυστον
3258 1744 3402 1818 εἶχον
3458 1750 3545 1802 ἀεὶ
3579 1751 3685 1819 τὴν

2090 1829 2297 1903 λύπην,
2325 1834 2419 1889 καὶ
2470 1836 2723 1890 τοσοῦτον
2743 1879 2758 1904 ,
2784 1837 2861 1901 ὡς
2917 1837 3232 1909 ὼχριακότα
3276 1856 3343 1909 με
3374 1838 3683 1910 τήκεσθαιο

2091 1926 2185 1980 καὶ
2220 1925 2281 1979 τὺ
2321 1926 2656 1994 δεινότατον,
2686 1928 2869 1983 εἴποτε
2912 1931 3005 1985 καὶ
3053 1929 3379 1985 ἀπώσασθαι
3402 1932 3507 2001 τὴν
3549 1933 3687 2002 περὶ

2089 2017 2296 2072 τούτων
2323 2020 2611 2090 φροντίδα,
2640 2021 2716 2084 ὡς
2751 2022 3012 2091 ματαίαν,
3040 2022 3400 2093 ἐλογισάμην,
3440 2023 3685 2093 ἀκμαιό-

2088 2109 2245 2181 τερόν
2272 2127 2363 2181 μοι
2394 2110 2591 2182 μᾶλλον
2622 2111 2683 2165 τὸ
2705 2112 2875 2176 πάθος
2895 2113 3121 2183 ἐγίνετο·
3161 2115 3255 2168 καὶ
3296 2113 3545 2184 ἠχθόμην
3580 2114 3688 2165 ἐπὶ

2089 2202 2285 2273 τούτῳ,
2319 2204 2421 2257 οὐκ
2453 2204 2606 2267 εἰδὼς
2626 2203 2871 2259 σύνοικον
2906 2206 3077 2277 καλὴν
3106 2205 3242 2276 ἔχων
3272 2205 3506 2269 ἔννοιαν,
3538 2205 3681 2259 ἀθα-

2089 2294 2281 2359 νασίας
2303 2294 2483 2350 αἰτίαν
2517 2312 2608 2366 μοι
2633 2296 2960 2368 γενομένην,
2998 2296 3075 2360 ὡς
3102 2296 3326 2369 ὕστερον
3353 2296 3528 2365 ἔγνων
3568 2296 3681 2349 ἀπὸ

2088 2388 2183 2442 τοῦ
2204 2388 2411 2452 τέλους,
2443 2388 2537 2443 καὶ
2556 2388 2675 2460 θεῷ
2702 2388 2781 2461 τῷ
2800 2389 3017 2443 πάντων
3048 2388 3423 2461 ηὐχαρίστησα
3450 2391 3675 2460 ποιητῇ.

2101 2479 2239 2534 Ὑπὸ
2264 2480 2372 2553 γάρ
2392 2480 2492 2552 τῆς
2520 2481 2801 2552 καταρχάς
2826 2499 2892 2552 με
2920 2478 3213 2551 πιεζούσης
3242 2480 3471 2545 ἐννοίας,
3501 2481 3678 2550 ἠναγ-

2090 2569 2299 2642 κάσθην
2328 2572 2408 2634 είς
2444 2569 2544 2640 τὴν
2576 2569 2685 2623 τῶν
2714 2572 3054 2643 πραγμάτων
3095 2570 3269 2623 ἐλθεῖν
3293 2569 3547 2642 ζήτησιν·
3583 2572 3678 2624 καὶ

2086 2662 2181 2726 οὒς
2226 2662 2325 2734 τὴν
2366 2664 2543 2734 ἀρχὴν
2580 2664 2648 2716 δι’
2675 2664 2897 2731 ἄγνοιαν
2937 2661 3261 2734 μακαρίζειν
3307 2662 3675 2725 ἐκινδύνευον,

2088 2750 2316 2823 ὕστερον
2353 2751 2660 2817 ταλανίςειν
2688 2753 2789 2806 οὐκ
2824 2753 3171 2825 ἐπαυσάμην.

2157 2929 2245 2985 Ill.
2297 2930 2394 2985 Ἐκ
2422 2931 2611 2997 παιδὸς
2632 2927 2724 2988 οῦν
2767 2934 2824 2989 ἐν
2850 2933 3113 2996 τοιούτοις
3150 2932 3225 2987 ὣν
3254 2932 3569 3004 λογισμοῖς,
3596 2936 3677 2996 εἰς

407 2996 979 3092 considerationibus,
1008 2996 1091 3081 ad.
1132 2996 1581 3094 philosophorum
1625 3022 1985 3079 adventabam

2090 3018 2187 3083 τὰς
2224 3020 2335 3074 τῶν
2366 3022 2671 3093 φιλοσόφων
2711 3025 2940 3093 ἐφοίτων
2974 3025 3284 3097 διατριϐὰς,
3498 2996 3563 3079 τι
3585 3026 3676 3096 βέ-

406 3120 648 3187 scholas,
677 3128 737 3175 ut
775 3118 899 3173 inde
937 3115 1143 3187 aliquid
1164 3116 1296 3171 certi
1324 3114 1632 3170 discerem:
1667 3115 1763 3171 sed
1799 3124 1854 3171 et
1883 3116 1983 3183 sic,

406 3211 548 3268 nihil
575 3211 723 3267 aliud
754 3210 825 3265 ab
854 3209 935 3265 eis
964 3208 1208 3265 studiose
1241 3208 1348 3264 coli
1382 3208 1656 3275 videbam,
1687 3223 1851 3279 quam
1882 3208 1985 3263 do-

406 3312 654 3378 gmatum
686 3302 1087 3358 destructiones
1117 3312 1171 3355 et
1212 3300 1614 3356 adstructiones
1636 3339 1652 3364 ,
1682 3300 1989 3355 contentio-

406 3409 615 3467 nesque
634 3435 650 3461 ,
679 3405 735 3450 et
763 3394 1207 3466 syllogismorum
1252 3391 1484 3447 artificia
1506 3432 1521 3458 ,
1561 3392 1803 3461 itemque
1833 3405 1987 3447 sum-

405 3489 655 3559 ptionum
685 3486 1117 3556 excogitationes
1148 3502 1161 3539 :
1189 3492 1244 3539 et
1268 3483 1562 3555 aliquando
1601 3483 1821 3553 quidem
1849 3498 1987 3553 prae-

402 3582 641 3646 valebat,
674 3580 826 3635 verbi
853 3580 1060 3651 gratia,
1098 3579 1245 3648 quod
1280 3577 1463 3631 anima
1501 3575 1828 3632 immortalis
1872 3576 1983 3643 sit;

405 3672 707 3745 aliquando
738 3685 889 3738 vero,
921 3668 1070 3741 quod
1097 3668 1363 3724 mortalis.
1404 3666 1469 3723 Et
1498 3668 1720 3739 quidem
1758 3668 1985 3738 quando

404 3781 469 3822 ea
494 3766 703 3837 opinio,
729 3780 851 3835 qua:
880 3764 1124 3819 animum
1154 3762 1283 3818 facit
1312 3761 1698 3827 immortalem,
1732 3760 1983 3831 superior

403 3868 544 3925 erat,
578 3859 883 3930 gaudebam
912 3875 927 3913 :
959 3856 1179 3927 quando
1209 3864 1391 3910 autem
1431 3869 1516 3921 ea,
1539 3870 1664 3924 qua:
1693 3855 1983 3909 mortalem

402 3961 611 4013 censet,
626 3963 859 4005 mcerore
872 3946 1141 4003 alliciebar
1159 3964 1172 4003 :
1195 3959 1527 4014 rursumque
1544 3943 1719 4013 magis
1733 3944 1983 3999 animum

401 4040 809 4110 despondebam
829 4078 845 4105 ,
878 4038 1026 4108 quod
1051 4053 1154 4093 nec
1188 4037 1478 4107 utriusque
1514 4036 1684 4106 partis
1708 4036 1981 4107 quispiam

401 4140 640 4189 mentem
672 4145 848 4185 meam
878 4138 1090 4199 poterat
1118 4128 1487 4184 conﬁrmare:
1526 4136 1742 4183 tantum
1775 4127 1980 4183 intelli-

400 4222 595 4295 geham
614 4220 913 4278 sententias
960 4219 1480 4283 controversiarum,
1500 4234 1598 4289 pro
1621 4219 1835 4276 viribus
1855 4234 1983 4291 pro-

399 4323 770 4385 pugnatorum
800 4352 816 4378 ,
853 4310 940 4366 vel
988 4309 1192 4376 falsas,
1219 4310 1303 4365 vel
1345 4324 1503 4365 veras
1541 4308 1777 4378 judicari
1802 4349 1821 4377 ,
1869 4325 1978 4366 non

402 4420 532 4461 vero
562 4413 727 4475 prout
755 4404 887 4475 ipsa:
934 4416 995 4458 se
1044 4402 1247 4457 habent
1275 4401 1327 4455 in
1356 4400 1554 4471 scipsis
1582 4417 1794 4468 revera,
1822 4416 1975 4457 com-
2010 4373 2055 4428 Β

400 4496 713 4570 prehendi:
764 4503 984 4567 propter
1042 4492 1189 4565 quod
1242 4492 1366 4564 plus
1418 4491 1599 4548 adhuc
1650 4493 1705 4547 in
1756 4503 1977 4565 negotio

398 4590 702 4647 mstuabam
732 4588 1107 4652 dubitatione,
1148 4601 1213 4642 ac
1237 4601 1306 4642 ex
1352 4585 1547 4642 anima:
1582 4585 1856 4656 profundo
1886 4603 1979 4659 ge-

2090 3110 2241 3166 6atov
2264 3113 2474 3168 ἐκεῖθεν
2510 3114 2717 3185 μαθεῖν.
2756 3114 2913 3169 Ἀλλά
2950 3116 3043 3169 καὶ
3087 3115 3257 3179 οὓτως
3296 3117 3448 3170 οὐδὲν
3487 3118 3676 3204 ἔξεον

2090 3203 2221 3274 παρ’
2252 3204 2436 3269 αὐτοῖς
2475 3207 2536 3259 τὸ
2573 3207 3005 3279 σπουδαζόμενον
3026 3210 3048 3242 ⁸
3074 3208 3288 3280 ἐώρων,
3323 3210 3356 3280 ἢ
3385 3203 3677 3280 δογμάτων

2087 3297 2396 3361 ἀναπευὰς
2424 3299 2517 3352 καὶ
2554 3300 2919 3363 κατασκευάς,
2953 3300 3135 3371 ἐριδάς
3158 3301 3178 3333 ⁹
3207 3318 3267 3354 τε
3298 3303 3394 3354 καὶ
3425 3302 3677 3370 συλλογι-

2088 3388 2242 3461 σμῶν
2287 3390 2503 3461 τέχνας,
2544 3392 2639 3446 καὶ
2681 3392 2745 3464 δὴ
2786 3392 2881 3445 καὶ
2915 3392 3216 3464 λημμάτων
3262 3392 3534 3457 ἐπινοίας·
3580 3394 3676 3446 καί

2087 3498 2219 3536 ποτε
2249 3484 2345 3553 μὲν
2370 3484 2687 3555 ἐπεκράτει,
2722 3486 2854 3556 φέρε
2880 3484 3077 3554 λέγειν,
3105 3485 3481 3549 ὄτιάθάνατος
3503 3488 3539 3557 ἡ
3568 3487 3674 3554 ψυ-

2086 3575 2177 3646 χή·
2205 3576 2335 3628 ποτέ
2368 3575 2445 3640 δὲ,
2473 3577 2557 3629 ὅτι
2576 3578 2765 3649 θνητή.
2792 3579 2900 3631 Καὶ
2930 3578 3011 3631 ὅτι
3055 3578 3153 3647 μὲν
3178 3577 3333 3645 λόγος
3355 3578 3677 3648 ἐπικρατῶν

2085 3662 2175 3738 ἦν,
2206 3667 2289 3720 ὅτι
2320 3667 2587 3732 ἀθάνατος
2613 3671 2646 3739 ἡ
2677 3668 2852 3739 ψυχὴ,
2886 3669 3131 3740 ἔχαιρον*
3167 3669 3256 3721 ὅτε
3285 3669 3342 3721 δὲ
3366 3670 3451 3722 ὅτι
3480 3668 3675 3740 θνητὴ,

2085 3757 2363 3829 ἠνιώμην·
2402 3758 2561 3812 πλέον
2590 3758 2646 3811 δὲ
2688 3759 2847 3813 πάλιν
2876 3759 3143 3829 ἠθύμουν,
3186 3759 3267 3811 ὅτι
3315 3759 3426 3812 οὐδ’
3479 3759 3678 3812 ὁπποτέ-

2090 3868 2196 3921 ρων
2224 3852 2267 3882 ¹⁰
2312 3868 2398 3913 τις
2426 3850 2517 3903 τὸν
2561 3850 2693 3921 ἐμὸν
2744 3850 3039 3921 βεϐαιῶσαι
3070 3851 3193 3904 νοῦν
3240 3851 3491 3921 ἠδύνατο.
3526 3850 3674 3923 Πλὴν

2084 3943 2327 3998 ἐνενόουν
2356 3943 2440 3998 ὅτι
2461 3944 2517 3997 αἱ
2542 3944 2691 4011 δόξαι
2714 3943 2821 3999 τῶν
2847 3943 3174 4007 ὑποθέσεων,
3198 3942 3348 4015 παρὰ
3367 3944 3495 4006 τοὺς
3523 3944 3673 3997 ἐκδι-

2084 4037 2333 4104 κοῦντας,
2364 4036 2397 4107 ἢ
2421 4036 2653 4108 ψευδεῖς,
2685 4037 2719 4108 ἦ
2746 4036 2967 4108 ἀληθεῖς
2995 4024 3410 4106 ἀποφαίνονται,
3451 4037 3551 4091 καὶ
3573 4037 3673 4109 οὐχ

2084 4128 2161 4192 ὼς
2186 4128 2399 4200 ἔχουσιν
2419 4129 2577 4182 αὑταὶ
2596 4129 2681 4197 ἐφ’
2709 4128 3197 4200 ἐαυτῶνάληθείας
3222 4128 3674 4199 καταλαμϐάνον-

2082 4236 2194 4273 ται’
2220 4220 2350 4291 παρ’
2376 4213 2420 4287 ᾧ
2443 4221 2483 4253 ¹¹
2517 4220 2610 4273 καὶ
2633 4218 2713 4272 ἐτι
2743 4218 2940 4290 μᾶλλον
2962 4220 3020 4272 ἐν
3049 4223 3159 4282 τοῖς
3182 4219 3502 4292 πράγμασιν
3535 4219 3673 4287 ἰλιγ-

2083 4311 2241 4380 γιῶν,
2276 4312 2370 4365 καὶ
2399 4310 2507 4365 ἀπὸ
2529 4310 2623 4364 τοῦ
2653 4311 2754 4381 τῆς
2783 4310 2962 4381 ψυχῆς
2986 4310 3181 4380 βάθους
3217 4310 3525 4375 ἐστέναζον·
3550 4312 3672 4364 οὔτε

2083 4403 2192 4475 γὰρ
2212 4399 2321 4467 οἷός
2342 4420 2401 4456 τε
2428 4398 2496 4474 ἦν
2519 4401 2999 4472 ἀποϐαλέσθαιτὴν
3026 4400 3372 4473 περὶτούτων
3393 4403 3673 4472 φροντίδα,

2085 4496 2328 4565 καίτοιγε
2371 4494 2573 4565 σφόδρα
2621 4493 2965 4564 βουλόμενος,
2992 4493 3068 4555 ὡς
3115 4492 3217 4563 ἤδη
3257 4492 3471 4561 φθάσας
3502 4492 3672 4562 sm.

2088 4606 2217 4661 ρισα
2234 4628 2249 4655 ,
2277 4587 2399 4641 οὕτε
2437 4586 2651 4658 βέϐαιόν
2675 4603 2729 4638 τι
2754 4584 3079 4639 καταλαϐεῖν
3104 4582 3405 4655 ἠδυνάμην.

398 4687 617 4751 mebam
651 4704 664 4741 :
698 4699 874 4755 neque
896 4683 1045 4739 enim
1082 4682 1150 4739 de
1182 4682 1496 4755 hujusmodi
1533 4698 1723 4739 curam
1752 4685 1979 4757 rejicere
2014 4696 2287 4758 poteram,
2340 4686 2469 4742 licet
2523 4683 2681 4739 valde
2706 4698 2961 4753 cuperem
2982 4724 2998 4749 ,
3060 4691 3121 4735 ut
3158 4681 3271 4751 jam
3316 4696 3483 4751 supra
3527 4682 3670 4737 indi-

400 4782 558 4849 cavi;
604 4795 781 4851 neque
808 4780 1027 4835 ﬁrmum
1058 4779 1192 4850 quid
1221 4780 1472 4835 valebam
1508 4781 1765 4837 retinere.

462 4875 554 4931 ιν.
594 4875 796 4932 lterum
826 4890 956 4947 ergo
985 4875 1257 4946 angustiis
1300 4875 1661 4932 haasitationis
1708 4890 1933 4946 pressus
1957 4916 1974 4941 ,

398 4967 648 5024 dicebam
680 4966 825 5037 apud
846 4981 969 5021 me:
1004 4965 1146 5033 Quid
1171 4966 1411 5023 inaniter
1444 4966 1657 5033 laboro,
1699 4982 1825 5023 cum
1857 4984 1975 5025 ma-

398 5057 599 5115 nifesta
626 5058 700 5113 sit
724 5058 848 5114 res?
870 5056 1048 5124 Quod,
1092 5056 1141 5112 si
1182 5057 1400 5128 quidem
1439 5067 1566 5127 post
1604 5067 1837 5113 mortem
1864 5074 1975 5113 non

397 5163 535 5213 ero;
571 5163 739 5215 nunc,
771 5148 990 5219 quando
1038 5164 1184 5215 sum,
1218 5149 1534 5205 contristari
1563 5164 1674 5203 non
1720 5161 1971 5219 oportet:

396 5239 659 5308 quocirca
682 5238 965 5295 tristitiam
990 5242 1057 5295 ad
1090 5239 1223 5295 illud
1253 5250 1467 5311 tempus
1497 5241 1811 5309 reservabo,
1840 5257 1975 5312 quo,

398 5350 524 5389 cum
550 5331 772 5388 futurus
800 5346 910 5387 non
946 5331 1049 5387 sim
1074 5372 1090 5399 ,
1131 5348 1241 5387 non
1274 5332 1680 5389 contristabor:
1712 5333 1760 5388 si
1787 5343 1971 5389 autem

397 5425 539 5483 forte
576 5440 692 5493 ero,
719 5439 820 5481 cur
858 5425 993 5480 mihi
1032 5440 1179 5481 nunc
1218 5427 1489 5497 superflue
1530 5427 1675 5484 inest
1706 5427 1971 5483 tristitia?

2150 4866 2241 4923 IV.
2282 4866 2450 4920 Πάλιν
2498 4865 2629 4935 γοῦν
2677 4862 3048 4934 ἀπορούμενος
3090 4862 3273 4931 ἐλεγον
3314 4862 3568 4935 ἐμαυτῷ-
3603 4864 3667 4916 Τί

2085 4958 2463 5034 ματαιοωνῶ,
2511 4957 2717 5026 σαφοῦς
2745 4956 2897 5019 ὄντος
2927 4955 3024 5008 τοῦ
3066 4944 3391 5028 πράγματος
3417 4972 3433 5020 ;
3469 4957 3593 5010 Ὅτι
3622 4958 3667 5009 εἰ

2083 5055 2182 5126 μὲν
2218 5051 2394 5106 θανὼν
2431 5051 2530 5104 οὐκ
2558 5050 2692 5119 εἰμὶ,
2718 5049 2811 5101 νῦν
2840 5049 2969 5101 ὄντα
3009 5065 3076 5118 με
3103 5047 3388 5101 λυπεῖσθαι
3410 5048 3473 5100 οὐ
3496 5065 3665 5118 προσ-

2078 5148 2224 5219 ήκει.
2249 5144 2339 5225 Δνιδ
2363 5143 2586 5216 τηρήσω
2614 5140 2675 5193 τὸ
2698 5139 2984 5193 λυπεῖσθαι
3002 5139 3324 5211 τηνικαῦτα,
3347 5140 3433 5191 ὅτε
3462 5139 3565 5191 οὐκ
3591 5138 3664 5191 ὢν

2079 5241 2142 5293 οὐ
2172 5236 2576 5308 λυπηθήσομαι·
2610 5234 2659 5285 εί
2683 5232 2738 5285 δὲ
2763 5231 2871 5302 ἄρα
2892 5232 3027 5302 εἰμὶ,
3058 5231 3112 5284 τί
3139 5232 3234 5285 νῦν
3273 5249 3362 5303 μοι
3389 5233 3455 5285 ἐκ
3477 5248 3664 5302 περισ-

2082 5330 2178 5387 σοῦ
2216 5330 2478 5402 πρόσεστι
2502 5326 2565 5380 τὸ
2601 5324 2888 5379 λυπεῖσθαι
2914 5341 2928 5390 ;
2952 5323 3063 5378 Kai.
3089 5324 3291 5387 εὐθέως
3330 5322 3469 5395 μετά
3508 5322 3663 5377 τοῦτο

2075 5425 2265 5499 ἕτερος
2291 5421 2539 5493 ἐπειοῄει
2570 5436 2661 5491 μοι
2681 5417 2959 5491 λογισμός.
2995 5416 3223 5487 Ἔλεγον
3252 5418 3381 5490 γάρ,
3410 5419 3487 5491 μή
3520 5418 3574 5472 τί
3602 5435 3661 5487 γε

1666 5566 1903 5623 VARUS
1940 5565 2346 5625 LECTIONES.

424 5680 489 5716 ’⁸⁸
516 5685 674 5761 υςθδι
696 5689 751 5744 in
780 5702 891 5744 uno
922 5704 1019 5745 ms.
1101 5691 1120 5723 ⁷
1156 5687 1225 5743 al.
1268 5689 1373 5761 ἄρα
1407 5705 1557 5744 ποτε.
1638 5690 1658 5721 ⁸
1697 5688 1765 5744 al.
1802 5688 1911 5743 τῶν
1946 5688 2413 5759 σπουδαζομένων.
2496 5687 2514 5719 ³
2552 5686 2619 5742 al.
2657 5683 2822 5756 ἕρεις.
2903 5681 2947 5714 ¹⁶
2990 5679 3065 5738 al.
3098 5678 3397 5750 ὁποτέρεις.

403 5755 606 5828 παρ’ὄ.

3513 5678 3551 5712 ’⁸
3589 5677 3655 5733 al.
