  <div class='ocr_page' id='page_1' title='image "/cluster/home/n/w/nwhite01/storage/ocr_20150623/2/nnc1.0114695790/282.png"; bbox 0 0 3834 6220; ppageno 0'>
   <div class='ocr_carea' id='block_1_1' title="bbox 173 344 296 402">
    <p class='ocr_par' dir='ltr' id='par_1_1' title="bbox 173 344 296 402">
     <span class='ocr_line' id='line_1_1' title="bbox 173 344 296 402; baseline 0.008 -2"><span class='ocrx_word' id='word_1_1' title='bbox 173 344 296 402; x_wconf 66' lang='grc' dir='ltr'><strong>ιτε</strong></span> 
     </span>
    </p>
   </div>
   <div class='ocr_carea' id='block_1_2' title="bbox 926 348 2591 413">
    <p class='ocr_par' dir='ltr' id='par_1_2' title="bbox 926 348 2591 413">
     <span class='ocr_line' id='line_1_2' title="bbox 926 348 2591 413; baseline 0.004 -7"><span class='ocrx_word' id='word_1_2' title='bbox 926 348 1382 407; x_wconf 80' lang='lat' dir='ltr'><strong>CLEMENTINA.</strong></span> <span class='ocrx_word' id='word_1_3' title='bbox 1422 383 1493 393; x_wconf 84' lang='lat'><strong>-—</strong></span> <span class='ocrx_word' id='word_1_4' title='bbox 1528 351 1825 407; x_wconf 84' lang='grc' dir='ltr'><strong>ΕΡιΤΟΜΕ</strong></span> <span class='ocrx_word' id='word_1_5' title='bbox 1859 352 1947 407; x_wconf 80' lang='lat' dir='ltr'><strong>DE</strong></span> <span class='ocrx_word' id='word_1_6' title='bbox 1977 353 2222 410; x_wconf 80' lang='lat' dir='ltr'><strong>GESTIS</strong></span> <span class='ocrx_word' id='word_1_7' title='bbox 2269 354 2328 411; x_wconf 91' lang='lat' dir='ltr'><strong>S.</strong></span> <span class='ocrx_word' id='word_1_8' title='bbox 2366 353 2591 413; x_wconf 81' lang='lat' dir='ltr'><strong>PETRI.</strong></span> 
     </span>
    </p>
   </div>
   <div class='ocr_carea' id='block_1_3' title="bbox 3335 372 3441 428">
    <p class='ocr_par' dir='ltr' id='par_1_3' title="bbox 3335 372 3441 428">
     <span class='ocr_line' id='line_1_3' title="bbox 3335 372 3441 428; baseline 0.038 -4"><span class='ocrx_word' id='word_1_9' title='bbox 3335 372 3441 428; x_wconf 69' lang='grc'><strong>474</strong></span> 
     </span>
    </p>
   </div>
   <div class='ocr_carea' id='block_1_4' title="bbox 168 464 1736 558">
    <p class='ocr_par' dir='ltr' id='par_1_4' title="bbox 168 464 1733 558">
     <span class='ocr_line' id='line_1_4' title="bbox 168 464 1733 558; baseline 0.004 -39"><span class='ocrx_word' id='word_1_10' title='bbox 168 465 294 534; x_wconf 69' lang='grc' dir='ltr'><strong>ἄρα</strong></span> <span class='ocrx_word' id='word_1_11' title='bbox 325 464 422 520; x_wconf 81' lang='grc' dir='ltr'>τοῦ</span> <span class='ocrx_word' id='word_1_12' title='bbox 445 465 542 522; x_wconf 79' lang='grc' dir='ltr'><strong>νῦν</strong></span> <span class='ocrx_word' id='word_1_13' title='bbox 577 485 646 539; x_wconf 82' lang='grc' dir='ltr'><strong>με</strong></span> <span class='ocrx_word' id='word_1_14' title='bbox 677 465 972 535; x_wconf 82' lang='grc' dir='ltr'>λυποῦντος</span> <span class='ocrx_word' id='word_1_15' title='bbox 993 473 1225 558; x_wconf 77' lang='grc' dir='ltr'><strong>χείρονα⁸</strong></span> <span class='ocrx_word' id='word_1_16' title='bbox 1241 475 1356 528; x_wconf 78' lang='grc' dir='ltr'>ἐκεῖ</span> <span class='ocrx_word' id='word_1_17' title='bbox 1385 474 1663 545; x_wconf 85' lang='grc' dir='ltr'>πείσομαι,</span> <span class='ocrx_word' id='word_1_18' title='bbox 1695 493 1733 545; x_wconf 90' lang='grc' dir='ltr'><strong>μ</strong></span> 
     </span>
    </p>
   </div>
   <div class='ocr_carea' id='block_1_5' title="bbox 1852 464 3436 558">
    <p class='ocr_par' dir='ltr' id='par_1_5' title="bbox 1875 473 3436 553">
     <span class='ocr_line' id='line_1_5' title="bbox 1875 473 3436 553; baseline 0.012 -26"><span class='ocrx_word' id='word_1_19' title='bbox 1875 473 2179 547; x_wconf 89' lang='lat' dir='ltr'><strong>Statimque</strong></span> <span class='ocrx_word' id='word_1_20' title='bbox 2204 487 2389 546; x_wconf 88' lang='lat' dir='ltr'><strong>postea</strong></span> <span class='ocrx_word' id='word_1_21' title='bbox 2422 480 2527 534; x_wconf 89' lang='lat' dir='ltr'><strong>alia</strong></span> <span class='ocrx_word' id='word_1_22' title='bbox 2560 495 2647 534; x_wconf 92' lang='lat' dir='ltr'><strong>me</strong></span> <span class='ocrx_word' id='word_1_23' title='bbox 2678 481 2843 536; x_wconf 88' lang='lat' dir='ltr'><strong>subiit</strong></span> <span class='ocrx_word' id='word_1_24' title='bbox 2873 483 3150 553; x_wconf 86' lang='lat' dir='ltr'><strong>cogitatio.</strong></span> <span class='ocrx_word' id='word_1_25' title='bbox 3184 485 3436 546; x_wconf 85' lang='lat' dir='ltr'><strong>Dicebam</strong></span> 
     </span>
    </p>
   </div>
   <div class='ocr_carea' id='block_1_6' title="bbox 170 556 1762 637">
    <p class='ocr_par' dir='ltr' id='par_1_6' title="bbox 170 556 1762 637">
     <span class='ocr_line' id='line_1_6' title="bbox 170 556 1762 637; baseline 0.006 -27"><span class='ocrx_word' id='word_1_26' title='bbox 170 556 471 629; x_wconf 80' lang='grc' dir='ltr'>βεϐιωκὼς</span> <span class='ocrx_word' id='word_1_27' title='bbox 504 559 762 625; x_wconf 76' lang='grc' dir='ltr'>εὐσεϐῶς,</span> <span class='ocrx_word' id='word_1_28' title='bbox 807 565 901 617; x_wconf 77' lang='grc' dir='ltr'><strong>καὶ</strong></span> <span class='ocrx_word' id='word_1_29' title='bbox 952 556 1400 637; x_wconf 86' lang='grc' dir='ltr'>παραδοθήσομαι</span> <span class='ocrx_word' id='word_1_30' title='bbox 1437 568 1556 622; x_wconf 83' lang='grc' dir='ltr'>κατ’</span> <span class='ocrx_word' id='word_1_31' title='bbox 1607 568 1762 621; x_wconf 75' lang='grc' dir='ltr'>ἐνίων</span> 
     </span>
    </p>
   </div>
   <div class='ocr_carea' id='block_1_7' title="bbox 167 649 1763 730">
    <p class='ocr_par' dir='ltr' id='par_1_7' title="bbox 167 649 1763 730">
     <span class='ocr_line' id='line_1_7' title="bbox 167 649 1763 730; baseline 0.006 -29"><span class='ocrx_word' id='word_1_32' title='bbox 167 649 496 719; x_wconf 78' lang='grc' dir='ltr'>φιλοσόφων</span> <span class='ocrx_word' id='word_1_33' title='bbox 525 650 734 720; x_wconf 83' lang='grc' dir='ltr'>λόγους,</span> <span class='ocrx_word' id='word_1_34' title='bbox 763 654 1220 725; x_wconf 85' lang='grc' dir='ltr'>Πυριφλεγέθοντι</span> <span class='ocrx_word' id='word_1_35' title='bbox 1251 659 1345 711; x_wconf 69' lang='grc' dir='ltr'><strong>κα)⁸</strong></span> <span class='ocrx_word' id='word_1_36' title='bbox 1372 659 1660 730; x_wconf 82' lang='grc' dir='ltr'><strong>Ταρτάρῳ,</strong></span> <span class='ocrx_word' id='word_1_37' title='bbox 1687 658 1763 722; x_wconf 86' lang='grc' dir='ltr'>ὡς</span> 
     </span>
    </p>
   </div>
   <div class='ocr_carea' id='block_1_8' title="bbox 165 739 1762 818">
    <p class='ocr_par' dir='ltr' id='par_1_8' title="bbox 165 739 1762 818">
     <span class='ocr_line' id='line_1_8' title="bbox 165 739 1762 818; baseline 0.006 -27"><span class='ocrx_word' id='word_1_38' title='bbox 165 739 441 808; x_wconf 81' lang='grc' dir='ltr'>Σίσυφος,</span> <span class='ocrx_word' id='word_1_39' title='bbox 468 740 500 812; x_wconf 81' lang='grc' dir='ltr'>ἢ</span> <span class='ocrx_word' id='word_1_40' title='bbox 534 742 747 806; x_wconf 75' lang='grc' dir='ltr'>Τιτυὸς,</span> <span class='ocrx_word' id='word_1_41' title='bbox 772 745 806 815; x_wconf 83' lang='grc' dir='ltr'>ἦ</span> <span class='ocrx_word' id='word_1_42' title='bbox 841 745 1027 810; x_wconf 82' lang='grc' dir='ltr'><strong>Ἰξίων,</strong></span> <span class='ocrx_word' id='word_1_43' title='bbox 1057 746 1090 817; x_wconf 78' lang='grc' dir='ltr'><strong>ἢ</strong></span> <span class='ocrx_word' id='word_1_44' title='bbox 1127 746 1420 811; x_wconf 81' lang='grc' dir='ltr'><strong>Τάνταλος,</strong></span> <span class='ocrx_word' id='word_1_45' title='bbox 1448 749 1543 802; x_wconf 73' lang='grc' dir='ltr'>καὶ</span> <span class='ocrx_word' id='word_1_46' title='bbox 1570 748 1762 818; x_wconf 78' lang='grc' dir='ltr'>ἔσομαι</span> 
     </span>
    </p>
   </div>
   <div class='ocr_carea' id='block_1_9' title="bbox 163 831 1760 908">
    <p class='ocr_par' dir='ltr' id='par_1_9' title="bbox 163 831 1760 908">
     <span class='ocr_line' id='line_1_9' title="bbox 163 831 1760 908; baseline -0.005 -20"><span class='ocrx_word' id='word_1_47' title='bbox 163 831 233 884; x_wconf 81' lang='grc' dir='ltr'>ὲν</span> <span class='ocrx_word' id='word_1_48' title='bbox 280 831 415 902; x_wconf 71' lang='grc' dir='ltr'>ᾅδου</span> <span class='ocrx_word' id='word_1_49' title='bbox 464 833 554 887; x_wconf 79' lang='grc' dir='ltr'>τὸν</span> <span class='ocrx_word' id='word_1_50' title='bbox 595 835 766 890; x_wconf 82' lang='grc' dir='ltr'><strong>αἰῶνα</strong></span> <span class='ocrx_word' id='word_1_51' title='bbox 800 837 1193 908; x_wconf 54' lang='grc' dir='ltr'>κολαζόμενος</span> <span class='ocrx_word' id='word_1_52' title='bbox 1229 840 1399 894; x_wconf 79' lang='grc' dir='ltr'>Πάλιν</span> <span class='ocrx_word' id='word_1_53' title='bbox 1435 841 1493 893; x_wconf 83' lang='grc' dir='ltr'>δὲ</span> <span class='ocrx_word' id='word_1_54' title='bbox 1526 839 1760 894; x_wconf 78' lang='grc' dir='ltr'><strong>ἀνθυπέ-</strong></span> 
     </span>
    </p>
   </div>
   <div class='ocr_carea' id='block_1_10' title="bbox 160 925 1758 1004">
    <p class='ocr_par' dir='ltr' id='par_1_10' title="bbox 160 925 1758 1004">
     <span class='ocr_line' id='line_1_10' title="bbox 160 925 1758 1004; baseline 0.006 -28"><span class='ocrx_word' id='word_1_55' title='bbox 160 941 346 995; x_wconf 81' lang='grc' dir='ltr'>φερον</span> <span class='ocrx_word' id='word_1_56' title='bbox 377 925 570 996; x_wconf 87' lang='grc' dir='ltr'>λέγων,</span> <span class='ocrx_word' id='word_1_57' title='bbox 593 927 670 990; x_wconf 85' lang='grc' dir='ltr'>ὡς</span> <span class='ocrx_word' id='word_1_58' title='bbox 695 927 886 1000; x_wconf 84' lang='grc' dir='ltr'><strong>ἀδήλου</strong></span> <span class='ocrx_word' id='word_1_59' title='bbox 929 931 1077 994; x_wconf 73' lang='grc' dir='ltr'>δντος</span> <span class='ocrx_word' id='word_1_60' title='bbox 1104 932 1197 986; x_wconf 81' lang='grc' dir='ltr'>τοῦ</span> <span class='ocrx_word' id='word_1_61' title='bbox 1230 934 1574 1004; x_wconf 85' lang='grc' dir='ltr'>πράγματος,</span> <span class='ocrx_word' id='word_1_62' title='bbox 1603 935 1758 987; x_wconf 87' lang='grc' dir='ltr'>ἀκιν-</span> 
     </span>
    </p>
   </div>
   <div class='ocr_carea' id='block_1_11' title="bbox 154 1017 1760 1097">
    <p class='ocr_par' dir='ltr' id='par_1_11' title="bbox 154 1017 1760 1097">
     <span class='ocr_line' id='line_1_11' title="bbox 154 1017 1760 1097; baseline 0.006 -27"><span class='ocrx_word' id='word_1_63' title='bbox 154 1017 460 1090; x_wconf 84' lang='grc' dir='ltr'>δυνότερόν</span> <span class='ocrx_word' id='word_1_64' title='bbox 483 1021 600 1073; x_wconf 79' lang='grc' dir='ltr'>ἐστι</span> <span class='ocrx_word' id='word_1_65' title='bbox 644 1021 841 1092; x_wconf 78' lang='grc' dir='ltr'>μᾶλλον</span> <span class='ocrx_word' id='word_1_66' title='bbox 879 1023 1118 1086; x_wconf 79' lang='grc' dir='ltr'>εὐσεϐῶς</span> <span class='ocrx_word' id='word_1_67' title='bbox 1161 1024 1350 1094; x_wconf 81' lang='grc' dir='ltr'><strong>βιῶναι</strong></span> <span class='ocrx_word' id='word_1_68' title='bbox 1379 1044 1466 1097; x_wconf 89' lang='grc' dir='ltr'><strong>με,</strong></span> <span class='ocrx_word' id='word_1_69' title='bbox 1510 1027 1603 1080; x_wconf 68' lang='grc' dir='ltr'><strong>κα)⁸</strong></span> <span class='ocrx_word' id='word_1_70' title='bbox 1650 1025 1760 1080; x_wconf 83' lang='grc' dir='ltr'><strong>τῶν</strong></span> 
     </span>
    </p>
   </div>
   <div class='ocr_carea' id='block_1_12' title="bbox 155 1110 1760 1190">
    <p class='ocr_par' dir='ltr' id='par_1_12' title="bbox 155 1110 1760 1190">
     <span class='ocr_line' id='line_1_12' title="bbox 155 1110 1760 1190; baseline 0.005 -27"><span class='ocrx_word' id='word_1_71' title='bbox 155 1110 266 1164; x_wconf 75' lang='grc' dir='ltr'><strong>τοῦ</strong></span> <span class='ocrx_word' id='word_1_72' title='bbox 304 1110 561 1182; x_wconf 86' lang='grc' dir='ltr'>σώματος</span> <span class='ocrx_word' id='word_1_73' title='bbox 584 1116 805 1184; x_wconf 84' lang='grc' dir='ltr'><strong>κρατεῖν</strong></span> <span class='ocrx_word' id='word_1_74' title='bbox 830 1115 1050 1185; x_wconf 84' lang='grc' dir='ltr'><strong>ἡδονῶν,</strong></span> <span class='ocrx_word' id='word_1_75' title='bbox 1084 1119 1130 1170; x_wconf 79' lang='grc' dir='ltr'><strong>εί</strong></span> <span class='ocrx_word' id='word_1_76' title='bbox 1157 1118 1252 1170; x_wconf 78' lang='grc' dir='ltr'><strong>καὶ</strong></span> <span class='ocrx_word' id='word_1_77' title='bbox 1293 1118 1366 1189; x_wconf 87' lang='grc' dir='ltr'>μὴ</span> <span class='ocrx_word' id='word_1_78' title='bbox 1386 1119 1649 1190; x_wconf 79' lang='grc' dir='ltr'>ἀκριϐῶς,</span> <span class='ocrx_word' id='word_1_79' title='bbox 1677 1119 1760 1171; x_wconf 80' lang='grc' dir='ltr'><strong>ὅτι</strong></span> 
     </span>
    </p>
   </div>
   <div class='ocr_carea' id='block_1_13' title="bbox 153 1202 1755 1280">
    <p class='ocr_par' dir='ltr' id='par_1_13' title="bbox 153 1202 1755 1280">
     <span class='ocr_line' id='line_1_13' title="bbox 153 1202 1755 1280; baseline 0.005 -26"><span class='ocrx_word' id='word_1_80' title='bbox 153 1202 309 1254; x_wconf 66' lang='grc' dir='ltr'>’ποτέ</span> <span class='ocrx_word' id='word_1_81' title='bbox 336 1203 458 1256; x_wconf 73' lang='grc' dir='ltr'>ἐστι</span> <span class='ocrx_word' id='word_1_82' title='bbox 472 1202 675 1257; x_wconf 83' lang='grc' dir='ltr'>δίκαιον</span> <span class='ocrx_word' id='word_1_83' title='bbox 703 1206 796 1258; x_wconf 80' lang='grc' dir='ltr'><strong>καὶ</strong></span> <span class='ocrx_word' id='word_1_84' title='bbox 815 1205 1047 1277; x_wconf 78' lang='grc' dir='ltr'><strong>ἀρέσκον</strong></span> <span class='ocrx_word' id='word_1_85' title='bbox 1072 1208 1212 1278; x_wconf 71' lang='grc' dir='ltr'>θεῷ,</span> <span class='ocrx_word' id='word_1_86' title='bbox 1239 1207 1755 1280; x_wconf 81' lang='grc' dir='ltr'>πεπληροφόρημαι,</span> 
     </span>
    </p>
   </div>
   <div class='ocr_carea' id='block_1_14' title="bbox 155 1290 1210 1370">
    <p class='ocr_par' dir='ltr' id='par_1_14' title="bbox 155 1290 1210 1370">
     <span class='ocr_line' id='line_1_14' title="bbox 155 1290 1210 1370; baseline 0.007 -26"><span class='ocrx_word' id='word_1_87' title='bbox 155 1290 296 1346; x_wconf 69' lang='grc' dir='ltr'>οὔτε</span> <span class='ocrx_word' id='word_1_88' title='bbox 323 1295 432 1365; x_wconf 82' lang='grc' dir='ltr'><strong>εἰή</strong></span> <span class='ocrx_word' id='word_1_89' title='bbox 465 1294 610 1365; x_wconf 72' lang='grc' dir='ltr'>ψυχὴ</span> <span class='ocrx_word' id='word_1_90' title='bbox 642 1295 928 1362; x_wconf 84' lang='grc' dir='ltr'>ἀθάνατος,</span> <span class='ocrx_word' id='word_1_91' title='bbox 959 1297 994 1368; x_wconf 82' lang='grc' dir='ltr'><strong>ἢ</strong></span> <span class='ocrx_word' id='word_1_92' title='bbox 1018 1297 1210 1370; x_wconf 87' lang='grc' dir='ltr'>θνητή.</span> 
     </span>
    </p>
   </div>
   <div class='ocr_carea' id='block_1_15' title="bbox 239 1575 1752 1656">
    <p class='ocr_par' dir='ltr' id='par_1_15' title="bbox 239 1575 1752 1656">
     <span class='ocr_line' id='line_1_15' title="bbox 239 1575 1752 1656; baseline 0.004 -24"><span class='ocrx_word' id='word_1_93' title='bbox 239 1577 307 1633; x_wconf 75' lang='grc' dir='ltr'>ν.</span> <span class='ocrx_word' id='word_1_94' title='bbox 341 1579 559 1635; x_wconf 87' lang='grc' dir='ltr'>Τούτων</span> <span class='ocrx_word' id='word_1_95' title='bbox 591 1575 685 1635; x_wconf 84' lang='grc' dir='ltr'>οὗν</span> <span class='ocrx_word' id='word_1_96' title='bbox 719 1581 827 1636; x_wconf 86' lang='grc' dir='ltr'><strong>τῶν</strong></span> <span class='ocrx_word' id='word_1_97' title='bbox 854 1583 1130 1654; x_wconf 84' lang='grc' dir='ltr'><strong>λογισμῶν</strong></span> <span class='ocrx_word' id='word_1_98' title='bbox 1159 1584 1498 1655; x_wconf 77' lang='grc' dir='ltr'>στρεφόντων</span> <span class='ocrx_word' id='word_1_99' title='bbox 1529 1601 1628 1655; x_wconf 86' lang='grc' dir='ltr'><strong>μου</strong></span> <span class='ocrx_word' id='word_1_100' title='bbox 1653 1585 1752 1656; x_wconf 78' lang='grc' dir='ltr'><strong>τὴν</strong></span> 
     </span>
    </p>
   </div>
   <div class='ocr_carea' id='block_1_16' title="bbox 150 1670 1754 1748">
    <p class='ocr_par' dir='ltr' id='par_1_16' title="bbox 150 1670 1754 1748">
     <span class='ocr_line' id='line_1_16' title="bbox 150 1670 1754 1748; baseline 0.005 -24"><span class='ocrx_word' id='word_1_101' title='bbox 150 1670 368 1744; x_wconf 79' lang='grc' dir='ltr'>ψυχὴν,</span> <span class='ocrx_word' id='word_1_102' title='bbox 403 1675 484 1737; x_wconf 86' lang='grc' dir='ltr'><strong>είς</strong></span> <span class='ocrx_word' id='word_1_103' title='bbox 507 1675 780 1744; x_wconf 74' lang='grc' dir='ltr'>Αἴγυπτον</span> <span class='ocrx_word' id='word_1_104' title='bbox 801 1676 1162 1748; x_wconf 80' lang='grc' dir='ltr'>πορεύσομαι,</span> <span class='ocrx_word' id='word_1_105' title='bbox 1189 1676 1362 1743; x_wconf 76' lang='grc' dir='ltr'>εἷπον,</span> <span class='ocrx_word' id='word_1_106' title='bbox 1391 1679 1485 1731; x_wconf 72' lang='grc' dir='ltr'>καὶ</span> <span class='ocrx_word' id='word_1_107' title='bbox 1509 1681 1624 1743; x_wconf 86' lang='grc' dir='ltr'>τοῖς</span> <span class='ocrx_word' id='word_1_108' title='bbox 1645 1679 1754 1732; x_wconf 83' lang='grc' dir='ltr'><strong>τῶν</strong></span> 
     </span>
    </p>
   </div>
   <div class='ocr_carea' id='block_1_17' title="bbox 152 1762 1755 1840">
    <p class='ocr_par' dir='ltr' id='par_1_17' title="bbox 152 1762 1755 1840">
     <span class='ocr_line' id='line_1_17' title="bbox 152 1762 1755 1840; baseline 0.004 -23"><span class='ocrx_word' id='word_1_109' title='bbox 152 1762 381 1817; x_wconf 67' lang='grc' dir='ltr'>ἀδύτων</span> <span class='ocrx_word' id='word_1_110' title='bbox 406 1765 749 1835; x_wconf 78' lang='grc' dir='ltr'>ἱεροφάνταις</span> <span class='ocrx_word' id='word_1_111' title='bbox 779 1769 874 1821; x_wconf 69' lang='grc' dir='ltr'><strong>καὶ</strong></span> <span class='ocrx_word' id='word_1_112' title='bbox 900 1771 1203 1840; x_wconf 79' lang='grc' dir='ltr'>προφήταις</span> <span class='ocrx_word' id='word_1_113' title='bbox 1225 1769 1642 1840; x_wconf 83' lang='grc' dir='ltr'>φιλιωθήσομαι,</span> <span class='ocrx_word' id='word_1_114' title='bbox 1662 1771 1755 1824; x_wconf 76' lang='grc' dir='ltr'><strong>καὶ</strong></span> 
     </span>
    </p>
   </div>
   <div class='ocr_carea' id='block_1_18' title="bbox 155 1858 1752 1934">
    <p class='ocr_par' dir='ltr' id='par_1_18' title="bbox 155 1858 1752 1934">
     <span class='ocr_line' id='line_1_18' title="bbox 155 1858 1752 1934; baseline 0.004 -25"><span class='ocrx_word' id='word_1_115' title='bbox 155 1858 348 1929; x_wconf 82' lang='grc' dir='ltr'>μάγον</span> <span class='ocrx_word' id='word_1_116' title='bbox 379 1858 619 1930; x_wconf 82' lang='grc' dir='ltr'>ζητήσας</span> <span class='ocrx_word' id='word_1_117' title='bbox 653 1862 746 1915; x_wconf 66' lang='lat' dir='ltr'><strong>atat</strong></span> <span class='ocrx_word' id='word_1_118' title='bbox 769 1862 974 1934; x_wconf 79' lang='grc' dir='ltr'>εὑρὼν,</span> <span class='ocrx_word' id='word_1_119' title='bbox 1012 1865 1258 1934; x_wconf 85' lang='grc' dir='ltr'>χρήμασι</span> <span class='ocrx_word' id='word_1_120' title='bbox 1301 1863 1474 1917; x_wconf 87' lang='grc' dir='ltr'>πείσω</span> <span class='ocrx_word' id='word_1_121' title='bbox 1519 1863 1752 1925; x_wconf 84' lang='grc' dir='ltr'>πολλοῖς,</span> 
     </span>
    </p>
   </div>
   <div class='ocr_carea' id='block_1_19' title="bbox 150 1947 1753 2025">
    <p class='ocr_par' dir='ltr' id='par_1_19' title="bbox 150 1947 1753 2025">
     <span class='ocr_line' id='line_1_19' title="bbox 150 1947 1753 2025; baseline 0.003 -24"><span class='ocrx_word' id='word_1_122' title='bbox 150 1947 348 2020; x_wconf 73' lang='grc' dir='ltr'>ψυχῆς</span> <span class='ocrx_word' id='word_1_123' title='bbox 401 1950 734 2022; x_wconf 80' lang='grc' dir='ltr'>άναπομπὴν</span> <span class='ocrx_word' id='word_1_124' title='bbox 789 1952 888 2023; x_wconf 82' lang='grc' dir='ltr'>τὴν</span> <span class='ocrx_word' id='word_1_125' title='bbox 931 1951 1231 2025; x_wconf 77' lang='grc' dir='ltr'>λεγομένην</span> <span class='ocrx_word' id='word_1_126' title='bbox 1285 1953 1678 2024; x_wconf 85' lang='grc' dir='ltr'>νεκρομαντίαν</span> <span class='ocrx_word' id='word_1_127' title='bbox 1712 1954 1753 1984; x_wconf 84' lang='grc'>¹¹</span> 
     </span>
    </p>
   </div>
   <div class='ocr_carea' id='block_1_20' title="bbox 151 2040 1755 2118">
    <p class='ocr_par' dir='ltr' id='par_1_20' title="bbox 151 2040 1755 2118">
     <span class='ocr_line' id='line_1_20' title="bbox 151 2040 1755 2118; baseline 0.002 -25"><span class='ocrx_word' id='word_1_128' title='bbox 151 2040 533 2112; x_wconf 76' lang='grc' dir='ltr'>ἐργάσασθαι,</span> <span class='ocrx_word' id='word_1_129' title='bbox 576 2045 710 2116; x_wconf 73' lang='grc' dir='ltr'>ἐμοῦ</span> <span class='ocrx_word' id='word_1_130' title='bbox 744 2045 902 2117; x_wconf 82' lang='grc' dir='ltr'>δῆθεν</span> <span class='ocrx_word' id='word_1_131' title='bbox 934 2047 1010 2109; x_wconf 85' lang='grc' dir='ltr'>ὡς</span> <span class='ocrx_word' id='word_1_132' title='bbox 1055 2047 1185 2118; x_wconf 61' lang='grc' dir='ltr'><strong>περὶ¹</strong></span> <span class='ocrx_word' id='word_1_133' title='bbox 1234 2047 1560 2118; x_wconf 87' lang='grc' dir='ltr'>πράγματός</span> <span class='ocrx_word' id='word_1_134' title='bbox 1607 2061 1755 2107; x_wconf 88' lang='grc' dir='ltr'>τινος</span> 
     </span>
    </p>
   </div>
   <div class='ocr_carea' id='block_1_21' title="bbox 151 2133 1753 2208">
    <p class='ocr_par' dir='ltr' id='par_1_21' title="bbox 151 2133 1753 2208">
     <span class='ocr_line' id='line_1_21' title="bbox 151 2133 1753 2208; baseline 0 -21"><span class='ocrx_word' id='word_1_135' title='bbox 151 2135 537 2188; x_wconf 84' lang='grc' dir='ltr'>πυνθάνεσθαι</span> <span class='ocrx_word' id='word_1_136' title='bbox 562 2135 906 2206; x_wconf 76' lang='grc' dir='ltr'>βουλομένουο</span> <span class='ocrx_word' id='word_1_137' title='bbox 933 2139 968 2208; x_wconf 82' lang='grc' dir='ltr'>ἡ</span> <span class='ocrx_word' id='word_1_138' title='bbox 995 2136 1052 2188; x_wconf 81' lang='grc' dir='ltr'><strong>δὲ</strong></span> <span class='ocrx_word' id='word_1_139' title='bbox 1079 2136 1476 2200; x_wconf 83' lang='grc' dir='ltr'>πεῦσις..έσται,</span> <span class='ocrx_word' id='word_1_140' title='bbox 1503 2135 1632 2206; x_wconf 81' lang='grc' dir='ltr'>περὶ</span> <span class='ocrx_word' id='word_1_141' title='bbox 1659 2133 1753 2187; x_wconf 77' lang='grc' dir='ltr'>τοῦ</span> 
     </span>
    </p>
   </div>
   <div class='ocr_carea' id='block_1_22' title="bbox 157 2227 1754 2300">
    <p class='ocr_par' dir='ltr' id='par_1_22' title="bbox 157 2227 1754 2300">
     <span class='ocr_line' id='line_1_22' title="bbox 157 2227 1754 2300; baseline 0.001 -19"><span class='ocrx_word' id='word_1_142' title='bbox 157 2227 365 2298; x_wconf 83' lang='grc' dir='ltr'>μαθεῖν</span> <span class='ocrx_word' id='word_1_143' title='bbox 392 2228 503 2300; x_wconf 83' lang='grc' dir='ltr'>ἄρα</span> <span class='ocrx_word' id='word_1_144' title='bbox 528 2230 577 2282; x_wconf 81' lang='grc' dir='ltr'>εἰ</span> <span class='ocrx_word' id='word_1_145' title='bbox 603 2228 869 2292; x_wconf 82' lang='grc' dir='ltr'>ἀθάνατος</span> <span class='ocrx_word' id='word_1_146' title='bbox 890 2231 922 2298; x_wconf 84' lang='grc' dir='ltr'>ἡ</span> <span class='ocrx_word' id='word_1_147' title='bbox 945 2228 1110 2300; x_wconf 81' lang='grc' dir='ltr'>ψυχή.</span> <span class='ocrx_word' id='word_1_148' title='bbox 1141 2228 1310 2281; x_wconf 80' lang='grc' dir='ltr'>Τοῦτο</span> <span class='ocrx_word' id='word_1_149' title='bbox 1332 2228 1388 2281; x_wconf 84' lang='grc' dir='ltr'><strong>δὲ</strong></span> <span class='ocrx_word' id='word_1_150' title='bbox 1416 2228 1632 2292; x_wconf 80' lang='grc' dir='ltr'>πάντως</span> <span class='ocrx_word' id='word_1_151' title='bbox 1654 2230 1754 2282; x_wconf 84' lang='grc' dir='ltr'>οὐκ</span> 
     </span>
    </p>
   </div>
   <div class='ocr_carea' id='block_1_23' title="bbox 152 2319 1752 2393">
    <p class='ocr_par' dir='ltr' id='par_1_23' title="bbox 152 2319 1752 2393">
     <span class='ocr_line' id='line_1_23' title="bbox 152 2319 1752 2393; baseline 0.001 -20"><span class='ocrx_word' id='word_1_152' title='bbox 152 2321 224 2374; x_wconf 74' lang='grc' dir='ltr'>ὲκ</span> <span class='ocrx_word' id='word_1_153' title='bbox 250 2319 355 2374; x_wconf 83' lang='grc' dir='ltr'><strong>τοῦ</strong></span> <span class='ocrx_word' id='word_1_154' title='bbox 383 2321 782 2393; x_wconf 87' lang='grc' dir='ltr'>ἀποκρίνασθαι</span> <span class='ocrx_word' id='word_1_155' title='bbox 803 2322 885 2374; x_wconf 80' lang='grc' dir='ltr'>ὅτι</span> <span class='ocrx_word' id='word_1_156' title='bbox 903 2321 947 2354; x_wconf 79' lang='grc'><strong>¹³</strong></span> <span class='ocrx_word' id='word_1_157' title='bbox 974 2319 1240 2383; x_wconf 82' lang='grc' dir='ltr'>ἀθάνατός</span> <span class='ocrx_word' id='word_1_158' title='bbox 1263 2322 1429 2383; x_wconf 77' lang='grc' dir='ltr'>ἐστιν,</span> <span class='ocrx_word' id='word_1_159' title='bbox 1459 2319 1572 2375; x_wconf 75' lang='grc' dir='ltr'>ἔστι</span> <span class='ocrx_word' id='word_1_160' title='bbox 1593 2320 1636 2352; x_wconf 63' lang='grc' dir='ltr'>ιδ</span> <span class='ocrx_word' id='word_1_161' title='bbox 1662 2337 1752 2390; x_wconf 86' lang='grc' dir='ltr'><strong>μοι</strong></span> 
     </span>
    </p>
   </div>
   <div class='ocr_carea' id='block_1_24' title="bbox 152 2409 1750 2482">
    <p class='ocr_par' dir='ltr' id='par_1_24' title="bbox 152 2409 1750 2482">
     <span class='ocr_line' id='line_1_24' title="bbox 152 2409 1750 2482; baseline 0.001 -19"><span class='ocrx_word' id='word_1_162' title='bbox 152 2409 392 2480; x_wconf 85' lang='grc' dir='ltr'>γνῶναι,</span> <span class='ocrx_word' id='word_1_163' title='bbox 419 2409 534 2464; x_wconf 79' lang='grc' dir='ltr'>ἀλλ’</span> <span class='ocrx_word' id='word_1_164' title='bbox 566 2411 674 2464; x_wconf 79' lang='grc' dir='ltr'><strong>ἀπὸ</strong></span> <span class='ocrx_word' id='word_1_165' title='bbox 697 2410 792 2464; x_wconf 82' lang='grc' dir='ltr'>τοῦ</span> <span class='ocrx_word' id='word_1_166' title='bbox 828 2411 1059 2482; x_wconf 77' lang='grc' dir='ltr'>ὀφθῆναι</span> <span class='ocrx_word' id='word_1_167' title='bbox 1097 2411 1254 2481; x_wconf 84' lang='grc' dir='ltr'>μόνον</span> <span class='ocrx_word' id='word_1_168' title='bbox 1283 2411 1364 2463; x_wconf 81' lang='grc' dir='ltr'>ὅτι</span> <span class='ocrx_word' id='word_1_169' title='bbox 1411 2412 1576 2464; x_wconf 71' lang='grc' dir='ltr'>ἐστίν.</span> <span class='ocrx_word' id='word_1_170' title='bbox 1607 2411 1750 2465; x_wconf 82' lang='grc' dir='ltr'><strong>Ἰδὼν</strong></span> 
     </span>
    </p>
   </div>
   <div class='ocr_carea' id='block_1_25' title="bbox 152 2501 1748 2574">
    <p class='ocr_par' dir='ltr' id='par_1_25' title="bbox 152 2501 1748 2574">
     <span class='ocr_line' id='line_1_25' title="bbox 152 2501 1748 2574; baseline 0 -18"><span class='ocrx_word' id='word_1_171' title='bbox 152 2502 272 2574; x_wconf 80' lang='grc' dir='ltr'>γὰρ</span> <span class='ocrx_word' id='word_1_172' title='bbox 295 2502 468 2574; x_wconf 82' lang='grc' dir='ltr'>αὐτὴν</span> <span class='ocrx_word' id='word_1_173' title='bbox 491 2503 672 2566; x_wconf 83' lang='grc' dir='ltr'>αὐτοῖς</span> <span class='ocrx_word' id='word_1_174' title='bbox 697 2503 941 2573; x_wconf 76' lang='grc' dir='ltr'>ὃμμασιν</span> <span class='ocrx_word' id='word_1_175' title='bbox 958 2541 972 2566; x_wconf 92' lang='grc'>,</span> <span class='ocrx_word' id='word_1_176' title='bbox 1003 2502 1194 2572; x_wconf 86' lang='grc' dir='ltr'>ἱκανὴν</span> <span class='ocrx_word' id='word_1_177' title='bbox 1219 2502 1326 2568; x_wconf 67' lang='grc' dir='ltr'><strong>ἔξω</strong></span> <span class='ocrx_word' id='word_1_178' title='bbox 1354 2501 1748 2574; x_wconf 82' lang='grc' dir='ltr'>πληροφορίαν,</span> 
     </span>
    </p>
   </div>
   <div class='ocr_carea' id='block_1_26' title="bbox 153 2587 1748 2682">
    <p class='ocr_par' dir='ltr' id='par_1_26' title="bbox 153 2587 1748 2682">
     <span class='ocr_line' id='line_1_26' title="bbox 153 2587 1748 2682; baseline -0.001 -33"><span class='ocrx_word' id='word_1_179' title='bbox 153 2596 258 2649; x_wconf 75' lang='grc' dir='ltr'>καὶ</span> <span class='ocrx_word' id='word_1_180' title='bbox 313 2594 505 2648; x_wconf 82' lang='grc' dir='ltr'>οὐκέτι</span> <span class='ocrx_word' id='word_1_181' title='bbox 564 2595 860 2682; x_wconf 64' lang='grc' dir='ltr'>πιστότερα</span> <span class='ocrx_word' id='word_1_182' title='bbox 917 2593 1214 2664; x_wconf 83' lang='grc' dir='ltr'>ὀφθαλμῶν</span> <span class='ocrx_word' id='word_1_183' title='bbox 1266 2587 1381 2647; x_wconf 81' lang='grc' dir='ltr'>ὦτα</span> <span class='ocrx_word' id='word_1_184' title='bbox 1429 2595 1748 2664; x_wconf 86' lang='grc' dir='ltr'>ποιήσομαι.</span> 
     </span>
    </p>
   </div>
   <div class='ocr_carea' id='block_1_27' title="bbox 157 2685 1750 2756">
    <p class='ocr_par' dir='ltr' id='par_1_27' title="bbox 157 2685 1750 2756">
     <span class='ocr_line' id='line_1_27' title="bbox 157 2685 1750 2756; baseline -0.001 -16"><span class='ocrx_word' id='word_1_185' title='bbox 157 2686 359 2756; x_wconf 85' lang='grc' dir='ltr'>Ὅμως</span> <span class='ocrx_word' id='word_1_186' title='bbox 397 2686 671 2756; x_wconf 79' lang='grc' dir='ltr'>φιλοσόφῳ</span> <span class='ocrx_word' id='word_1_187' title='bbox 697 2687 805 2739; x_wconf 67' lang='grc' dir='ltr'>τινὶ</span> <span class='ocrx_word' id='word_1_188' title='bbox 833 2685 941 2739; x_wconf 89' lang='grc' dir='ltr'><strong>τῶν</strong></span> <span class='ocrx_word' id='word_1_189' title='bbox 975 2685 1238 2756; x_wconf 87' lang='grc' dir='ltr'>συνήθων,</span> <span class='ocrx_word' id='word_1_190' title='bbox 1262 2687 1356 2739; x_wconf 78' lang='grc' dir='ltr'>καὶ</span> <span class='ocrx_word' id='word_1_191' title='bbox 1381 2685 1581 2756; x_wconf 89' lang='grc' dir='ltr'>ταύτην</span> <span class='ocrx_word' id='word_1_192' title='bbox 1605 2689 1750 2738; x_wconf 77' lang='grc' dir='ltr'>ἐκοι-</span> 
     </span>
    </p>
   </div>
   <div class='ocr_carea' id='block_1_28' title="bbox 155 2770 1751 2847">
    <p class='ocr_par' dir='ltr' id='par_1_28' title="bbox 155 2770 1751 2847">
     <span class='ocr_line' id='line_1_28' title="bbox 155 2770 1751 2847; baseline 0.002 -21"><span class='ocrx_word' id='word_1_193' title='bbox 155 2770 373 2842; x_wconf 85' lang='grc' dir='ltr'>νούμην</span> <span class='ocrx_word' id='word_1_194' title='bbox 397 2771 495 2843; x_wconf 80' lang='grc' dir='ltr'><strong>τὴν</strong></span> <span class='ocrx_word' id='word_1_195' title='bbox 533 2772 786 2845; x_wconf 82' lang='grc' dir='ltr'><strong>γνώμην,</strong></span> <span class='ocrx_word' id='word_1_196' title='bbox 831 2776 860 2826; x_wconf 85' lang='grc' dir='ltr'><strong>ὁ</strong></span> <span class='ocrx_word' id='word_1_197' title='bbox 882 2774 940 2827; x_wconf 86' lang='grc' dir='ltr'>δὲ</span> <span class='ocrx_word' id='word_1_198' title='bbox 985 2774 1334 2828; x_wconf 80' lang='grc' dir='ltr'>συνεϐούλευέ</span> <span class='ocrx_word' id='word_1_199' title='bbox 1368 2791 1457 2845; x_wconf 87' lang='grc' dir='ltr'><strong>μοι</strong></span> <span class='ocrx_word' id='word_1_200' title='bbox 1493 2776 1566 2847; x_wconf 81' lang='grc' dir='ltr'><strong>μή</strong></span> <span class='ocrx_word' id='word_1_201' title='bbox 1602 2775 1751 2829; x_wconf 89' lang='grc' dir='ltr'>λυσι-</span> 
     </span>
    </p>
   </div>
   <div class='ocr_carea' id='block_1_29' title="bbox 155 2859 1747 2944">
    <p class='ocr_par' dir='ltr' id='par_1_29' title="bbox 155 2859 1747 2944">
     <span class='ocr_line' id='line_1_29' title="bbox 155 2859 1747 2944; baseline 0.003 -28"><span class='ocrx_word' id='word_1_202' title='bbox 155 2863 315 2927; x_wconf 81' lang='grc' dir='ltr'>τελὲς</span> <span class='ocrx_word' id='word_1_203' title='bbox 352 2859 493 2917; x_wconf 80' lang='grc' dir='ltr'>εἶναι</span> <span class='ocrx_word' id='word_1_204' title='bbox 532 2864 690 2918; x_wconf 78' lang='grc' dir='ltr'>τοῦτο</span> <span class='ocrx_word' id='word_1_205' title='bbox 724 2866 993 2936; x_wconf 81' lang='grc' dir='ltr'>τολμῆσαι</span> <span class='ocrx_word' id='word_1_206' title='bbox 1034 2866 1178 2919; x_wconf 87' lang='grc' dir='ltr'>δυοῖν</span> <span class='ocrx_word' id='word_1_207' title='bbox 1207 2866 1390 2944; x_wconf 63' lang='grc' dir='ltr'>ἕνεκα.</span> <span class='ocrx_word' id='word_1_208' title='bbox 1413 2866 1496 2930; x_wconf 42' lang='grc' dir='ltr'><strong>,Εἴ</strong></span> <span class='ocrx_word' id='word_1_209' title='bbox 1527 2884 1586 2920; x_wconf 91' lang='grc' dir='ltr'><strong>τε</strong></span> <span class='ocrx_word' id='word_1_210' title='bbox 1617 2867 1747 2940; x_wconf 87' lang='grc' dir='ltr'>γὰρ,</span> 
     </span>
    </p>
   </div>
   <div class='ocr_carea' id='block_1_30' title="bbox 161 2945 1750 3031">
    <p class='ocr_par' dir='ltr' id='par_1_30' title="bbox 161 2945 1750 3031">
     <span class='ocr_line' id='line_1_30' title="bbox 161 2945 1750 3031; baseline 0.004 -23"><span class='ocrx_word' id='word_1_211' title='bbox 161 2955 291 3024; x_wconf 68' lang='grc' dir='ltr'><strong>ἔφη,</strong></span> <span class='ocrx_word' id='word_1_212' title='bbox 325 2956 544 3018; x_wconf 81' lang='grc' dir='ltr'>πάντως</span> <span class='ocrx_word' id='word_1_213' title='bbox 570 2957 668 3026; x_wconf 86' lang='grc' dir='ltr'><strong>οὐχ</strong></span> <span class='ocrx_word' id='word_1_214' title='bbox 700 2957 1072 3012; x_wconf 83' lang='grc' dir='ltr'>ὑπακούσεται</span> <span class='ocrx_word' id='word_1_215' title='bbox 1101 2961 1134 3029; x_wconf 87' lang='grc' dir='ltr'><strong>ή</strong></span> <span class='ocrx_word' id='word_1_216' title='bbox 1160 2959 1304 3030; x_wconf 81' lang='grc' dir='ltr'><strong>ψυχὴ</strong></span> <span class='ocrx_word' id='word_1_217' title='bbox 1325 2945 1412 3031; x_wconf 53' lang='grc' dir='ltr'>’τῷ</span> <span class='ocrx_word' id='word_1_218' title='bbox 1441 2959 1620 3030; x_wconf 83' lang='grc' dir='ltr'>μάγῳ,</span> <span class='ocrx_word' id='word_1_219' title='bbox 1655 2962 1750 3014; x_wconf 73' lang='grc' dir='ltr'><strong>καὶ</strong></span> 
     </span>
    </p>
   </div>
   <div class='ocr_carea' id='block_1_31' title="bbox 161 3045 1747 3118">
    <p class='ocr_par' dir='ltr' id='par_1_31' title="bbox 161 3045 1747 3118">
     <span class='ocr_line' id='line_1_31' title="bbox 161 3045 1747 3118; baseline 0.002 -18"><span class='ocrx_word' id='word_1_220' title='bbox 161 3047 228 3100; x_wconf 78' lang='grc' dir='ltr'><strong>σὺ</strong></span> <span class='ocrx_word' id='word_1_221' title='bbox 253 3048 373 3108; x_wconf 85' lang='grc' dir='ltr'>τοῖς</span> <span class='ocrx_word' id='word_1_222' title='bbox 410 3045 581 3100; x_wconf 83' lang='grc' dir='ltr'>ταῦτα</span> <span class='ocrx_word' id='word_1_223' title='bbox 604 3050 778 3100; x_wconf 80' lang='grc' dir='ltr'>ποιεῖν</span> <span class='ocrx_word' id='word_1_224' title='bbox 815 3047 1219 3118; x_wconf 84' lang='grc' dir='ltr'>ἀπαγορεύουσι</span> <span class='ocrx_word' id='word_1_225' title='bbox 1263 3048 1447 3118; x_wconf 90' lang='grc' dir='ltr'>νόμοις</span> <span class='ocrx_word' id='word_1_226' title='bbox 1479 3050 1555 3113; x_wconf 84' lang='grc' dir='ltr'>ὡς</span> <span class='ocrx_word' id='word_1_227' title='bbox 1597 3049 1747 3103; x_wconf 68' lang='grc' dir='ltr'>ἀντιι</span> 
     </span>
    </p>
   </div>
   <div class='ocr_carea' id='block_1_32' title="bbox 1866 567 3440 645">
    <p class='ocr_par' dir='ltr' id='par_1_32' title="bbox 1866 567 3440 645">
     <span class='ocr_line' id='line_1_32' title="bbox 1866 567 3440 645; baseline 0.01 -25"><span class='ocrx_word' id='word_1_228' title='bbox 1866 567 2098 637; x_wconf 89' lang='lat' dir='ltr'><strong>quippe:</strong></span> <span class='ocrx_word' id='word_1_229' title='bbox 2132 585 2200 623; x_wconf 92' lang='lat' dir='ltr'><strong>ne</strong></span> <span class='ocrx_word' id='word_1_230' title='bbox 2235 569 2376 624; x_wconf 88' lang='lat' dir='ltr'><strong>forte</strong></span> <span class='ocrx_word' id='word_1_231' title='bbox 2411 571 2485 625; x_wconf 89' lang='lat' dir='ltr'><strong>ibi</strong></span> <span class='ocrx_word' id='word_1_232' title='bbox 2522 573 2708 642; x_wconf 84' lang='lat' dir='ltr'><strong>pejora</strong></span> <span class='ocrx_word' id='word_1_233' title='bbox 2746 589 2812 627; x_wconf 92' lang='lat' dir='ltr'><strong>eo</strong></span> <span class='ocrx_word' id='word_1_234' title='bbox 2846 575 2993 645; x_wconf 86' lang='lat' dir='ltr'><strong>quod</strong></span> <span class='ocrx_word' id='word_1_235' title='bbox 3025 593 3171 632; x_wconf 90' lang='lat' dir='ltr'><strong>nunc</strong></span> <span class='ocrx_word' id='word_1_236' title='bbox 3194 594 3282 634; x_wconf 91' lang='lat' dir='ltr'><strong>me</strong></span> <span class='ocrx_word' id='word_1_237' title='bbox 3314 597 3440 636; x_wconf 88' lang='lat' dir='ltr'><strong>cru-</strong></span> 
     </span>
    </p>
   </div>
   <div class='ocr_carea' id='block_1_33' title="bbox 1864 658 3442 742">
    <p class='ocr_par' dir='ltr' id='par_1_33' title="bbox 1864 658 3442 742">
     <span class='ocr_line' id='line_1_33' title="bbox 1864 658 3442 742; baseline 0.011 -32"><span class='ocrx_word' id='word_1_238' title='bbox 1864 658 1972 713; x_wconf 89' lang='lat' dir='ltr'><strong>ciat</strong></span> <span class='ocrx_word' id='word_1_239' title='bbox 2003 661 2202 730; x_wconf 88' lang='lat' dir='ltr'><strong>patiar,</strong></span> <span class='ocrx_word' id='word_1_240' title='bbox 2239 662 2283 716; x_wconf 89' lang='lat' dir='ltr'><strong>si</strong></span> <span class='ocrx_word' id='word_1_241' title='bbox 2329 679 2436 717; x_wconf 91' lang='lat' dir='ltr'><strong>non</strong></span> <span class='ocrx_word' id='word_1_242' title='bbox 2482 664 2669 717; x_wconf 80' lang='lat' dir='ltr'><strong>vixero</strong></span> <span class='ocrx_word' id='word_1_243' title='bbox 2699 666 2815 734; x_wconf 89' lang='lat' dir='ltr'><strong>pie;</strong></span> <span class='ocrx_word' id='word_1_244' title='bbox 2853 681 2919 721; x_wconf 89' lang='lat' dir='ltr'><strong>ac</strong></span> <span class='ocrx_word' id='word_1_245' title='bbox 2965 670 3268 724; x_wconf 80' lang='lat' dir='ltr'><strong>secundum</strong></span> <span class='ocrx_word' id='word_1_246' title='bbox 3301 689 3442 742; x_wconf 87' lang='lat' dir='ltr'><strong>quo-</strong></span> 
     </span>
    </p>
   </div>
   <div class='ocr_carea' id='block_1_34' title="bbox 1863 753 3440 832">
    <p class='ocr_par' dir='ltr' id='par_1_34' title="bbox 1863 753 3440 832">
     <span class='ocr_line' id='line_1_34' title="bbox 1863 753 3440 832; baseline 0.009 -29"><span class='ocrx_word' id='word_1_247' title='bbox 1863 753 2113 806; x_wconf 85' lang='lat' dir='ltr'><strong>rumdam</strong></span> <span class='ocrx_word' id='word_1_248' title='bbox 2146 754 2595 823; x_wconf 88' lang='lat' dir='ltr'><strong>philosophorum</strong></span> <span class='ocrx_word' id='word_1_249' title='bbox 2622 759 2918 813; x_wconf 89' lang='lat' dir='ltr'><strong>sententias</strong></span> <span class='ocrx_word' id='word_1_250' title='bbox 2949 760 3136 814; x_wconf 87' lang='lat' dir='ltr'><strong>tradar</strong></span> <span class='ocrx_word' id='word_1_251' title='bbox 3161 761 3440 832; x_wconf 81' lang='lat' dir='ltr'><strong>Pyriphle-</strong></span> 
     </span>
    </p>
   </div>
   <div class='ocr_carea' id='block_1_35' title="bbox 1863 843 3436 923">
    <p class='ocr_par' dir='ltr' id='par_1_35' title="bbox 1863 843 3436 923">
     <span class='ocr_line' id='line_1_35' title="bbox 1863 843 3436 923; baseline 0.009 -28"><span class='ocrx_word' id='word_1_252' title='bbox 1863 843 2106 912; x_wconf 86' lang='lat' dir='ltr'><strong>gethouti</strong></span> <span class='ocrx_word' id='word_1_253' title='bbox 2152 854 2206 898; x_wconf 89' lang='lat' dir='ltr'><strong>et</strong></span> <span class='ocrx_word' id='word_1_254' title='bbox 2231 845 2484 909; x_wconf 88' lang='lat' dir='ltr'><strong>Tartaro,</strong></span> <span class='ocrx_word' id='word_1_255' title='bbox 2518 849 2980 915; x_wconf 86' lang='lat' dir='ltr'><strong>quemadmodum</strong></span> <span class='ocrx_word' id='word_1_256' title='bbox 3035 850 3323 923; x_wconf 81' lang='lat' dir='ltr'><strong>Sisyphus.</strong></span> <span class='ocrx_word' id='word_1_257' title='bbox 3355 857 3436 910; x_wconf 89' lang='lat' dir='ltr'><strong>vel</strong></span> 
     </span>
    </p>
   </div>
   <div class='ocr_carea' id='block_1_36' title="bbox 1863 931 3437 1014">
    <p class='ocr_par' dir='ltr' id='par_1_36' title="bbox 1863 931 3437 1014">
     <span class='ocr_line' id='line_1_36' title="bbox 1863 931 3437 1014; baseline 0.011 -30"><span class='ocrx_word' id='word_1_258' title='bbox 1863 931 2090 1004; x_wconf 90' lang='lat' dir='ltr'><strong>Tityus,</strong></span> <span class='ocrx_word' id='word_1_259' title='bbox 2134 937 2218 989; x_wconf 90' lang='lat' dir='ltr'><strong>vel</strong></span> <span class='ocrx_word' id='word_1_260' title='bbox 2249 937 2430 1001; x_wconf 80' lang='lat' dir='ltr'><strong>Ixion,</strong></span> <span class='ocrx_word' id='word_1_261' title='bbox 2463 940 2548 990; x_wconf 81' lang='lat' dir='ltr'><strong>vel</strong></span> <span class='ocrx_word' id='word_1_262' title='bbox 2588 938 2848 995; x_wconf 79' lang='lat' dir='ltr'><strong>Tantalus</strong></span> <span class='ocrx_word' id='word_1_263' title='bbox 2870 982 2883 1006; x_wconf 97' lang='lat'><strong>,</strong></span> <span class='ocrx_word' id='word_1_264' title='bbox 2917 953 3081 1014; x_wconf 87' lang='lat' dir='ltr'><strong>atque</strong></span> <span class='ocrx_word' id='word_1_265' title='bbox 3117 946 3171 998; x_wconf 89' lang='lat' dir='ltr'><strong>in</strong></span> <span class='ocrx_word' id='word_1_266' title='bbox 3222 945 3437 1001; x_wconf 88' lang='lat' dir='ltr'><strong>inferno</strong></span> 
     </span>
    </p>
   </div>
   <div class='ocr_carea' id='block_1_37' title="bbox 1861 1029 3437 1104">
    <p class='ocr_par' dir='ltr' id='par_1_37' title="bbox 1861 1029 3437 1104">
     <span class='ocr_line' id='line_1_37' title="bbox 1861 1029 3437 1104; baseline 0.009 -25"><span class='ocrx_word' id='word_1_267' title='bbox 1861 1034 2124 1080; x_wconf 64' lang='lat' dir='ltr'><strong>aeternum</strong></span> <span class='ocrx_word' id='word_1_268' title='bbox 2176 1030 2408 1096; x_wconf 89' lang='lat' dir='ltr'><strong>puniar?</strong></span> <span class='ocrx_word' id='word_1_269' title='bbox 2448 1029 2663 1086; x_wconf 79' lang='lat' dir='ltr'><strong>Rursus</strong></span> <span class='ocrx_word' id='word_1_270' title='bbox 2715 1043 2894 1086; x_wconf 87' lang='lat' dir='ltr'><strong>autem</strong></span> <span class='ocrx_word' id='word_1_271' title='bbox 2935 1037 3308 1104; x_wconf 86' lang='lat' dir='ltr'><strong>excipiebam,</strong></span> <span class='ocrx_word' id='word_1_272' title='bbox 3354 1039 3437 1093; x_wconf 84' lang='lat' dir='ltr'><strong>di-</strong></span> 
     </span>
    </p>
   </div>
   <div class='ocr_carea' id='block_1_38' title="bbox 1860 1119 3436 1200">
    <p class='ocr_par' dir='ltr' id='par_1_38' title="bbox 1860 1119 3436 1200">
     <span class='ocr_line' id='line_1_38' title="bbox 1860 1119 3436 1200; baseline 0.009 -28"><span class='ocrx_word' id='word_1_273' title='bbox 1860 1133 1990 1174; x_wconf 89' lang='lat' dir='ltr'><strong>cens</strong></span> <span class='ocrx_word' id='word_1_274' title='bbox 2013 1136 2026 1172; x_wconf 88' lang='lat'><strong>:</strong></span> <span class='ocrx_word' id='word_1_275' title='bbox 2058 1119 2112 1174; x_wconf 91' lang='lat' dir='ltr'><strong>in</strong></span> <span class='ocrx_word' id='word_1_276' title='bbox 2137 1135 2196 1174; x_wconf 90' lang='lat' dir='ltr'><strong>re</strong></span> <span class='ocrx_word' id='word_1_277' title='bbox 2221 1137 2342 1190; x_wconf 84' lang='lat' dir='ltr'><strong>quae</strong></span> <span class='ocrx_word' id='word_1_278' title='bbox 2369 1123 2574 1177; x_wconf 85' lang='lat' dir='ltr'><strong>incerta</strong></span> <span class='ocrx_word' id='word_1_279' title='bbox 2599 1134 2701 1190; x_wconf 90' lang='lat' dir='ltr'><strong>est,</strong></span> <span class='ocrx_word' id='word_1_280' title='bbox 2730 1126 2902 1180; x_wconf 90' lang='lat' dir='ltr'><strong>tutius</strong></span> <span class='ocrx_word' id='word_1_281' title='bbox 2934 1129 3104 1181; x_wconf 90' lang='lat' dir='ltr'><strong>multo</strong></span> <span class='ocrx_word' id='word_1_282' title='bbox 3127 1139 3208 1184; x_wconf 88' lang='lat' dir='ltr'><strong>est</strong></span> <span class='ocrx_word' id='word_1_283' title='bbox 3233 1147 3320 1185; x_wconf 90' lang='lat' dir='ltr'><strong>me</strong></span> <span class='ocrx_word' id='word_1_284' title='bbox 3348 1132 3436 1200; x_wconf 91' lang='lat' dir='ltr'><strong>pie</strong></span> 
     </span>
    </p>
   </div>
   <div class='ocr_carea' id='block_1_39' title="bbox 1860 1210 3434 1292">
    <p class='ocr_par' dir='ltr' id='par_1_39' title="bbox 1860 1210 3434 1292">
     <span class='ocr_line' id='line_1_39' title="bbox 1860 1210 3434 1292; baseline 0.01 -29"><span class='ocrx_word' id='word_1_285' title='bbox 1860 1210 2082 1277; x_wconf 85' lang='lat' dir='ltr'><strong>vivere,</strong></span> <span class='ocrx_word' id='word_1_286' title='bbox 2125 1220 2179 1267; x_wconf 92' lang='lat' dir='ltr'><strong>et</strong></span> <span class='ocrx_word' id='word_1_287' title='bbox 2227 1214 2530 1282; x_wconf 83' lang='lat' dir='ltr'><strong>voluptates</strong></span> <span class='ocrx_word' id='word_1_288' title='bbox 2576 1219 2821 1285; x_wconf 90' lang='lat' dir='ltr'><strong>corporis</strong></span> <span class='ocrx_word' id='word_1_289' title='bbox 2873 1219 3114 1284; x_wconf 89' lang='lat' dir='ltr'><strong>vincere,</strong></span> <span class='ocrx_word' id='word_1_290' title='bbox 3179 1225 3434 1292; x_wconf 87' lang='lat' dir='ltr'><strong>quamvis</strong></span> 
     </span>
    </p>
   </div>
   <div class='ocr_carea' id='block_1_40' title="bbox 1862 1301 3430 1382">
    <p class='ocr_par' dir='ltr' id='par_1_40' title="bbox 1862 1301 3430 1382">
     <span class='ocr_line' id='line_1_40' title="bbox 1862 1301 3430 1382; baseline 0.008 -27"><span class='ocrx_word' id='word_1_291' title='bbox 1862 1301 2106 1356; x_wconf 82' lang='lat' dir='ltr'><strong>absolute</strong></span> <span class='ocrx_word' id='word_1_292' title='bbox 2158 1312 2212 1358; x_wconf 89' lang='lat' dir='ltr'><strong>et</strong></span> <span class='ocrx_word' id='word_1_293' title='bbox 2260 1313 2408 1358; x_wconf 88' lang='lat' dir='ltr'><strong>certo</strong></span> <span class='ocrx_word' id='word_1_294' title='bbox 2444 1306 2712 1376; x_wconf 84' lang='lat' dir='ltr'><strong>pleneque</strong></span> <span class='ocrx_word' id='word_1_295' title='bbox 2769 1324 2877 1362; x_wconf 87' lang='lat' dir='ltr'><strong>non</strong></span> <span class='ocrx_word' id='word_1_296' title='bbox 2932 1311 3101 1364; x_wconf 78' lang='lat' dir='ltr'><strong>sciam</strong></span> <span class='ocrx_word' id='word_1_297' title='bbox 3168 1315 3430 1382; x_wconf 83' lang='lat' dir='ltr'><strong>quidnam</strong></span> 
     </span>
    </p>
   </div>
   <div class='ocr_carea' id='block_1_41' title="bbox 1858 1392 3432 1465">
    <p class='ocr_par' dir='ltr' id='par_1_41' title="bbox 1858 1392 3432 1465">
     <span class='ocr_line' id='line_1_41' title="bbox 1858 1392 3432 1465; baseline 0.01 -19"><span class='ocrx_word' id='word_1_298' title='bbox 1858 1392 2064 1463; x_wconf 86' lang='lat' dir='ltr'><strong>justum</strong></span> <span class='ocrx_word' id='word_1_299' title='bbox 2099 1395 2170 1450; x_wconf 87' lang='lat' dir='ltr'><strong>sit</strong></span> <span class='ocrx_word' id='word_1_300' title='bbox 2199 1411 2263 1450; x_wconf 87' lang='lat' dir='ltr'><strong>ac</strong></span> <span class='ocrx_word' id='word_1_301' title='bbox 2293 1395 2405 1450; x_wconf 88' lang='lat' dir='ltr'><strong>Deo</strong></span> <span class='ocrx_word' id='word_1_302' title='bbox 2432 1406 2646 1465; x_wconf 83' lang='lat' dir='ltr'><strong>gratum</strong></span> <span class='ocrx_word' id='word_1_303' title='bbox 2669 1438 2685 1464; x_wconf 93' lang='lat'><strong>,</strong></span> <span class='ocrx_word' id='word_1_304' title='bbox 2728 1416 2828 1454; x_wconf 90' lang='lat' dir='ltr'><strong>nec</strong></span> <span class='ocrx_word' id='word_1_305' title='bbox 2871 1409 3055 1456; x_wconf 89' lang='lat' dir='ltr'><strong>utrum</strong></span> <span class='ocrx_word' id='word_1_306' title='bbox 3106 1403 3432 1462; x_wconf 82' lang='lat' dir='ltr'><strong>immortalis</strong></span> 
     </span>
    </p>
   </div>
   <div class='ocr_carea' id='block_1_42' title="bbox 1859 1487 2557 1554">
    <p class='ocr_par' dir='ltr' id='par_1_42' title="bbox 1859 1487 2557 1554">
     <span class='ocr_line' id='line_1_42' title="bbox 1859 1487 2557 1554; baseline 0.003 -12"><span class='ocrx_word' id='word_1_307' title='bbox 1859 1487 1931 1542; x_wconf 87' lang='lat' dir='ltr'><strong>sit</strong></span> <span class='ocrx_word' id='word_1_308' title='bbox 1960 1488 2163 1554; x_wconf 84' lang='lat' dir='ltr'><strong>anima,</strong></span> <span class='ocrx_word' id='word_1_309' title='bbox 2193 1504 2262 1542; x_wconf 91' lang='lat' dir='ltr'><strong>an</strong></span> <span class='ocrx_word' id='word_1_310' title='bbox 2291 1491 2557 1544; x_wconf 86' lang='lat' dir='ltr'><strong>mortalis.</strong></span> 
     </span>
    </p>
   </div>
   <div class='ocr_carea' id='block_1_43' title="bbox 1929 1576 3432 1652">
    <p class='ocr_par' dir='ltr' id='par_1_43' title="bbox 1929 1576 3432 1652">
     <span class='ocr_line' id='line_1_43' title="bbox 1929 1576 3432 1652; baseline 0.009 -22"><span class='ocrx_word' id='word_1_311' title='bbox 1929 1576 1996 1633; x_wconf 83' lang='lat' dir='ltr'><strong>V.</strong></span> <span class='ocrx_word' id='word_1_312' title='bbox 2039 1577 2132 1634; x_wconf 85' lang='lat' dir='ltr'><strong>His</strong></span> <span class='ocrx_word' id='word_1_313' title='bbox 2161 1579 2343 1649; x_wconf 85' lang='lat' dir='ltr'><strong>itaque</strong></span> <span class='ocrx_word' id='word_1_314' title='bbox 2371 1582 2796 1652; x_wconf 81' lang='lat' dir='ltr'><strong>cogitationibus</strong></span> <span class='ocrx_word' id='word_1_315' title='bbox 2827 1586 3070 1640; x_wconf 88' lang='lat' dir='ltr'><strong>animum</strong></span> <span class='ocrx_word' id='word_1_316' title='bbox 3103 1603 3282 1642; x_wconf 89' lang='lat' dir='ltr'><strong>meum</strong></span> <span class='ocrx_word' id='word_1_317' title='bbox 3311 1605 3432 1643; x_wconf 85' lang='lat' dir='ltr'><strong>ver-</strong></span> 
     </span>
    </p>
   </div>
   <div class='ocr_carea' id='block_1_44' title="bbox 1859 1670 3429 1751">
    <p class='ocr_par' dir='ltr' id='par_1_44' title="bbox 1859 1670 3429 1751">
     <span class='ocr_line' id='line_1_44' title="bbox 1859 1670 3429 1751; baseline 0.006 -27"><span class='ocrx_word' id='word_1_318' title='bbox 1859 1671 2138 1726; x_wconf 88' lang='lat' dir='ltr'><strong>santibus:</strong></span> <span class='ocrx_word' id='word_1_319' title='bbox 2176 1670 2234 1724; x_wconf 87' lang='lat' dir='ltr'><strong>In</strong></span> <span class='ocrx_word' id='word_1_320' title='bbox 2267 1671 2553 1743; x_wconf 62' lang='lat' dir='ltr'><strong>Egyptum</strong></span> <span class='ocrx_word' id='word_1_321' title='bbox 2587 1677 2922 1743; x_wconf 81' lang='lat' dir='ltr'><strong>proﬁciscar,</strong></span> <span class='ocrx_word' id='word_1_322' title='bbox 2956 1678 3068 1732; x_wconf 73' lang='lat' dir='ltr'><strong>dixi</strong></span> <span class='ocrx_word' id='word_1_323' title='bbox 3093 1719 3107 1742; x_wconf 89' lang='lat'><strong>,</strong></span> <span class='ocrx_word' id='word_1_324' title='bbox 3137 1691 3190 1734; x_wconf 91' lang='lat' dir='ltr'><strong>et</strong></span> <span class='ocrx_word' id='word_1_325' title='bbox 3233 1680 3429 1751; x_wconf 79' lang='lat' dir='ltr'><strong>adyto-</strong></span> 
     </span>
    </p>
   </div>
   <div class='ocr_carea' id='block_1_45' title="bbox 1859 1763 3427 1839">
    <p class='ocr_par' dir='ltr' id='par_1_45' title="bbox 1859 1763 3427 1839">
     <span class='ocr_line' id='line_1_45' title="bbox 1859 1763 3427 1839; baseline 0.006 -24"><span class='ocrx_word' id='word_1_326' title='bbox 1859 1778 1980 1816; x_wconf 92' lang='lat' dir='ltr'><strong>rum</strong></span> <span class='ocrx_word' id='word_1_327' title='bbox 2029 1763 2438 1834; x_wconf 89' lang='lat' dir='ltr'><strong>hierophantis,</strong></span> <span class='ocrx_word' id='word_1_328' title='bbox 2498 1784 2563 1823; x_wconf 90' lang='lat' dir='ltr'><strong>ac</strong></span> <span class='ocrx_word' id='word_1_329' title='bbox 2596 1771 2876 1839; x_wconf 89' lang='lat' dir='ltr'><strong>prophetis</strong></span> <span class='ocrx_word' id='word_1_330' title='bbox 2923 1773 3136 1826; x_wconf 74' lang='lat' dir='ltr'><strong>amicus</strong></span> <span class='ocrx_word' id='word_1_331' title='bbox 3183 1771 3427 1838; x_wconf 69' lang='lat' dir='ltr'><strong>efficiar,</strong></span> 
     </span>
    </p>
   </div>
   <div class='ocr_carea' id='block_1_46' title="bbox 1857 1857 3430 1932">
    <p class='ocr_par' dir='ltr' id='par_1_46' title="bbox 1857 1857 3430 1932">
     <span class='ocr_line' id='line_1_46' title="bbox 1857 1857 3430 1932; baseline 0.008 -27"><span class='ocrx_word' id='word_1_332' title='bbox 1857 1868 2125 1924; x_wconf 84' lang='lat' dir='ltr'><strong>magoque</strong></span> <span class='ocrx_word' id='word_1_333' title='bbox 2145 1857 2374 1925; x_wconf 70' lang='lat' dir='ltr'><strong>quaasito</strong></span> <span class='ocrx_word' id='word_1_334' title='bbox 2404 1874 2466 1913; x_wconf 91' lang='lat' dir='ltr'><strong>ac</strong></span> <span class='ocrx_word' id='word_1_335' title='bbox 2494 1860 2746 1926; x_wconf 87' lang='lat' dir='ltr'><strong>invento,</strong></span> <span class='ocrx_word' id='word_1_336' title='bbox 2778 1862 2946 1916; x_wconf 88' lang='lat' dir='ltr'><strong>multa</strong></span> <span class='ocrx_word' id='word_1_337' title='bbox 2971 1864 3201 1931; x_wconf 89' lang='lat' dir='ltr'><strong>pecunia</strong></span> <span class='ocrx_word' id='word_1_338' title='bbox 3228 1864 3277 1917; x_wconf 93' lang='lat' dir='ltr'><strong>ei</strong></span> <span class='ocrx_word' id='word_1_339' title='bbox 3307 1879 3430 1932; x_wconf 87' lang='lat' dir='ltr'><strong>per-</strong></span> 
     </span>
    </p>
   </div>
   <div class='ocr_carea' id='block_1_47' title="bbox 1857 1947 3429 2024">
    <p class='ocr_par' dir='ltr' id='par_1_47' title="bbox 1857 1947 3429 2024">
     <span class='ocr_line' id='line_1_47' title="bbox 1857 1947 3429 2024; baseline 0.007 -26"><span class='ocrx_word' id='word_1_340' title='bbox 1857 1947 2116 2011; x_wconf 84' lang='lat' dir='ltr'><strong>suadebo,</strong></span> <span class='ocrx_word' id='word_1_341' title='bbox 2147 1957 2208 2002; x_wconf 90' lang='lat' dir='ltr'><strong>ut</strong></span> <span class='ocrx_word' id='word_1_342' title='bbox 2236 1949 2432 2004; x_wconf 69' lang='lat' dir='ltr'><strong>anima:</strong></span> <span class='ocrx_word' id='word_1_343' title='bbox 2461 1953 2862 2018; x_wconf 85' lang='lat' dir='ltr'><strong>evocationem,</strong></span> <span class='ocrx_word' id='word_1_344' title='bbox 2906 1970 3071 2024; x_wconf 87' lang='lat' dir='ltr'><strong>quam</strong></span> <span class='ocrx_word' id='word_1_345' title='bbox 3106 1971 3429 2010; x_wconf 84' lang='lat' dir='ltr'><strong>necroman-</strong></span> 
     </span>
    </p>
   </div>
   <div class='ocr_carea' id='block_1_48' title="bbox 1856 2035 3429 2115">
    <p class='ocr_par' dir='ltr' id='par_1_48' title="bbox 1856 2035 3429 2115">
     <span class='ocr_line' id='line_1_48' title="bbox 1856 2035 3429 2115; baseline 0.006 -27"><span class='ocrx_word' id='word_1_346' title='bbox 1856 2035 1986 2090; x_wconf 90' lang='lat' dir='ltr'><strong>tiam</strong></span> <span class='ocrx_word' id='word_1_347' title='bbox 2014 2047 2245 2105; x_wconf 89' lang='lat' dir='ltr'><strong>vocant,</strong></span> <span class='ocrx_word' id='word_1_348' title='bbox 2278 2038 2473 2106; x_wconf 82' lang='lat' dir='ltr'><strong>faciat,</strong></span> <span class='ocrx_word' id='word_1_349' title='bbox 2503 2050 2763 2112; x_wconf 86' lang='lat' dir='ltr'><strong>tanquam</strong></span> <span class='ocrx_word' id='word_1_350' title='bbox 2816 2043 3070 2098; x_wconf 81' lang='lat' dir='ltr'><strong>videlicet</strong></span> <span class='ocrx_word' id='word_1_351' title='bbox 3101 2045 3168 2098; x_wconf 92' lang='lat' dir='ltr'><strong>de</strong></span> <span class='ocrx_word' id='word_1_352' title='bbox 3208 2045 3429 2115; x_wconf 87' lang='lat' dir='ltr'><strong>negotio</strong></span> 
     </span>
    </p>
   </div>
   <div class='ocr_carea' id='block_1_49' title="bbox 1855 2117 3429 2205">
    <p class='ocr_par' dir='ltr' id='par_1_49' title="bbox 1855 2117 3429 2205">
     <span class='ocr_line' id='line_1_49' title="bbox 1855 2117 3429 2205; baseline 0.006 -24"><span class='ocrx_word' id='word_1_353' title='bbox 1855 2128 2040 2198; x_wconf 88' lang='lat' dir='ltr'><strong>aliquo</strong></span> <span class='ocrx_word' id='word_1_354' title='bbox 2068 2132 2374 2198; x_wconf 89' lang='lat' dir='ltr'><strong>percontari</strong></span> <span class='ocrx_word' id='word_1_355' title='bbox 2404 2134 2563 2188; x_wconf 81' lang='lat' dir='ltr'><strong>velim</strong></span> <span class='ocrx_word' id='word_1_356' title='bbox 2595 2117 2620 2188; x_wconf 58' lang='grc' dir='ltr'>ι’</span> <span class='ocrx_word' id='word_1_357' title='bbox 2644 2149 2808 2204; x_wconf 90' lang='lat' dir='ltr'><strong>porro</strong></span> <span class='ocrx_word' id='word_1_358' title='bbox 2837 2135 2946 2189; x_wconf 86' lang='lat' dir='ltr'><strong>erit</strong></span> <span class='ocrx_word' id='word_1_359' title='bbox 2975 2136 3336 2205; x_wconf 83' lang='lat' dir='ltr'><strong>percontatio,</strong></span> <span class='ocrx_word' id='word_1_360' title='bbox 3370 2145 3429 2191; x_wconf 88' lang='lat' dir='ltr'><strong>ut</strong></span> 
     </span>
    </p>
   </div>
   <div class='ocr_carea' id='block_1_50' title="bbox 1855 2219 3430 2297">
    <p class='ocr_par' dir='ltr' id='par_1_50' title="bbox 1855 2219 3430 2297">
     <span class='ocr_line' id='line_1_50' title="bbox 1855 2219 3430 2297; baseline 0.005 -23"><span class='ocrx_word' id='word_1_361' title='bbox 1855 2219 2063 2274; x_wconf 87' lang='lat' dir='ltr'><strong>discam</strong></span> <span class='ocrx_word' id='word_1_362' title='bbox 2097 2229 2277 2276; x_wconf 91' lang='lat' dir='ltr'><strong>utrum</strong></span> <span class='ocrx_word' id='word_1_363' title='bbox 2305 2225 2485 2278; x_wconf 90' lang='lat' dir='ltr'><strong>anima</strong></span> <span class='ocrx_word' id='word_1_364' title='bbox 2514 2226 2585 2280; x_wconf 87' lang='lat' dir='ltr'><strong>sit</strong></span> <span class='ocrx_word' id='word_1_365' title='bbox 2615 2226 2958 2282; x_wconf 87' lang='lat' dir='ltr'><strong>immortalis.</strong></span> <span class='ocrx_word' id='word_1_366' title='bbox 2983 2226 3038 2282; x_wconf 91' lang='lat' dir='ltr'><strong>ld</strong></span> <span class='ocrx_word' id='word_1_367' title='bbox 3064 2236 3242 2281; x_wconf 89' lang='lat' dir='ltr'><strong>autem</strong></span> <span class='ocrx_word' id='word_1_368' title='bbox 3272 2244 3430 2297; x_wconf 87' lang='lat' dir='ltr'><strong>pror-</strong></span> 
     </span>
    </p>
   </div>
   <div class='ocr_carea' id='block_1_51' title="bbox 1855 2317 3428 2385">
    <p class='ocr_par' dir='ltr' id='par_1_51' title="bbox 1855 2317 3428 2385">
     <span class='ocr_line' id='line_1_51' title="bbox 1855 2317 3428 2385; baseline 0.004 -20"><span class='ocrx_word' id='word_1_369' title='bbox 1855 2325 1951 2365; x_wconf 91' lang='lat' dir='ltr'><strong>sus</strong></span> <span class='ocrx_word' id='word_1_370' title='bbox 1976 2325 2326 2381; x_wconf 82' lang='lat' dir='ltr'><strong>cognoscam,</strong></span> <span class='ocrx_word' id='word_1_371' title='bbox 2353 2330 2458 2368; x_wconf 90' lang='lat' dir='ltr'><strong>non</strong></span> <span class='ocrx_word' id='word_1_372' title='bbox 2489 2330 2554 2369; x_wconf 85' lang='lat' dir='ltr'><strong>ex</strong></span> <span class='ocrx_word' id='word_1_373' title='bbox 2585 2331 2650 2370; x_wconf 90' lang='lat' dir='ltr'><strong>eo</strong></span> <span class='ocrx_word' id='word_1_374' title='bbox 2674 2317 2819 2384; x_wconf 94' lang='lat' dir='ltr'><strong>quod</strong></span> <span class='ocrx_word' id='word_1_375' title='bbox 2849 2317 3197 2385; x_wconf 86' lang='lat' dir='ltr'><strong>respondebit</strong></span> <span class='ocrx_word' id='word_1_376' title='bbox 3221 2333 3279 2371; x_wconf 91' lang='lat' dir='ltr'><strong>se</strong></span> <span class='ocrx_word' id='word_1_377' title='bbox 3306 2333 3428 2372; x_wconf 89' lang='lat' dir='ltr'><strong>esse</strong></span> 
     </span>
    </p>
   </div>
   <div class='ocr_carea' id='block_1_52' title="bbox 1854 2401 3427 2477">
    <p class='ocr_par' dir='ltr' id='par_1_52' title="bbox 1854 2401 3427 2477">
     <span class='ocr_line' id='line_1_52' title="bbox 1854 2401 3427 2477; baseline 0.004 -23"><span class='ocrx_word' id='word_1_378' title='bbox 1854 2401 2238 2471; x_wconf 86' lang='lat' dir='ltr'><strong>immortalem,</strong></span> <span class='ocrx_word' id='word_1_379' title='bbox 2256 2405 2348 2459; x_wconf 87' lang='lat' dir='ltr'><strong>sed</strong></span> <span class='ocrx_word' id='word_1_380' title='bbox 2372 2421 2436 2460; x_wconf 82' lang='lat' dir='ltr'><strong>ex</strong></span> <span class='ocrx_word' id='word_1_381' title='bbox 2461 2422 2528 2460; x_wconf 92' lang='lat' dir='ltr'><strong>eo</strong></span> <span class='ocrx_word' id='word_1_382' title='bbox 2557 2407 2822 2461; x_wconf 77' lang='lat' dir='ltr'><strong>duntaxat</strong></span> <span class='ocrx_word' id='word_1_383' title='bbox 2849 2409 2995 2477; x_wconf 83' lang='lat' dir='ltr'><strong>quod</strong></span> <span class='ocrx_word' id='word_1_384' title='bbox 3021 2408 3167 2460; x_wconf 87' lang='lat' dir='ltr'><strong>illam</strong></span> <span class='ocrx_word' id='word_1_385' title='bbox 3194 2407 3427 2462; x_wconf 77' lang='lat' dir='ltr'><strong>existere</strong></span> 
     </span>
    </p>
   </div>
   <div class='ocr_carea' id='block_1_53' title="bbox 1853 2493 3430 2562">
    <p class='ocr_par' dir='ltr' id='par_1_53' title="bbox 1853 2493 3430 2562">
     <span class='ocr_line' id='line_1_53' title="bbox 1853 2493 3430 2562; baseline 0.004 -17"><span class='ocrx_word' id='word_1_386' title='bbox 1853 2493 2090 2550; x_wconf 89' lang='lat' dir='ltr'><strong>videbo:</strong></span> <span class='ocrx_word' id='word_1_387' title='bbox 2125 2511 2250 2549; x_wconf 89' lang='lat' dir='ltr'><strong>nam</strong></span> <span class='ocrx_word' id='word_1_388' title='bbox 2287 2497 2462 2551; x_wconf 89' lang='lat' dir='ltr'><strong>oculis</strong></span> <span class='ocrx_word' id='word_1_389' title='bbox 2509 2498 2647 2552; x_wconf 89' lang='lat' dir='ltr'><strong>meis</strong></span> <span class='ocrx_word' id='word_1_390' title='bbox 2683 2513 2916 2554; x_wconf 83' lang='lat' dir='ltr'><strong>cernens</strong></span> <span class='ocrx_word' id='word_1_391' title='bbox 2955 2514 3076 2552; x_wconf 89' lang='lat' dir='ltr'><strong>eam</strong></span> <span class='ocrx_word' id='word_1_392' title='bbox 3098 2539 3112 2562; x_wconf 93' lang='lat'><strong>,</strong></span> <span class='ocrx_word' id='word_1_393' title='bbox 3147 2497 3282 2552; x_wconf 91' lang='lat' dir='ltr'><strong>satis</strong></span> <span class='ocrx_word' id='word_1_394' title='bbox 3309 2513 3430 2552; x_wconf 83' lang='lat' dir='ltr'><strong>ma-</strong></span> 
     </span>
    </p>
   </div>
   <div class='ocr_carea' id='block_1_54' title="bbox 1854 2587 3425 2660">
    <p class='ocr_par' dir='ltr' id='par_1_54' title="bbox 1854 2587 3425 2660">
     <span class='ocr_line' id='line_1_54' title="bbox 1854 2587 3425 2660; baseline 0.004 -22"><span class='ocrx_word' id='word_1_395' title='bbox 1854 2601 2015 2656; x_wconf 67' lang='lat' dir='ltr'><strong>gnam</strong></span> <span class='ocrx_word' id='word_1_396' title='bbox 2069 2587 2280 2642; x_wconf 85' lang='lat' dir='ltr'><strong>habebo</strong></span> <span class='ocrx_word' id='word_1_397' title='bbox 2331 2589 2712 2644; x_wconf 88' lang='lat' dir='ltr'><strong>certitudinem</strong></span> <span class='ocrx_word' id='word_1_398' title='bbox 2744 2631 2759 2655; x_wconf 91' lang='lat'><strong>,</strong></span> <span class='ocrx_word' id='word_1_399' title='bbox 2798 2606 2899 2644; x_wconf 89' lang='lat' dir='ltr'><strong>nec</strong></span> <span class='ocrx_word' id='word_1_400' title='bbox 2939 2591 3050 2660; x_wconf 88' lang='lat' dir='ltr'><strong>jam</strong></span> <span class='ocrx_word' id='word_1_401' title='bbox 3087 2590 3209 2659; x_wconf 88' lang='lat' dir='ltr'><strong>plus</strong></span> <span class='ocrx_word' id='word_1_402' title='bbox 3263 2589 3425 2650; x_wconf 78' lang='lat' dir='ltr'><strong>fidam</strong></span> 
     </span>
    </p>
   </div>
   <div class='ocr_carea' id='block_1_55' title="bbox 1853 2677 3428 2749">
    <p class='ocr_par' dir='ltr' id='par_1_55' title="bbox 1853 2677 3428 2749">
     <span class='ocr_line' id='line_1_55' title="bbox 1853 2677 3428 2749; baseline 0.002 -18"><span class='ocrx_word' id='word_1_403' title='bbox 1853 2677 2100 2741; x_wconf 86' lang='lat' dir='ltr'><strong>auribus,</strong></span> <span class='ocrx_word' id='word_1_404' title='bbox 2125 2693 2291 2747; x_wconf 90' lang='lat' dir='ltr'><strong>quam</strong></span> <span class='ocrx_word' id='word_1_405' title='bbox 2316 2680 2512 2734; x_wconf 91' lang='lat' dir='ltr'><strong>oculis.</strong></span> <span class='ocrx_word' id='word_1_406' title='bbox 2533 2678 2923 2734; x_wconf 84' lang='lat' dir='ltr'><strong>Verumtamen</strong></span> <span class='ocrx_word' id='word_1_407' title='bbox 2951 2696 3076 2734; x_wconf 90' lang='lat' dir='ltr'><strong>eum</strong></span> <span class='ocrx_word' id='word_1_408' title='bbox 3101 2679 3428 2749; x_wconf 89' lang='lat' dir='ltr'><strong>philosopho</strong></span> 
     </span>
    </p>
   </div>
   <div class='ocr_carea' id='block_1_56' title="bbox 1852 2768 3427 2841">
    <p class='ocr_par' dir='ltr' id='par_1_56' title="bbox 1852 2768 3427 2841">
     <span class='ocr_line' id='line_1_56' title="bbox 1852 2768 3427 2841; baseline 0 -17"><span class='ocrx_word' id='word_1_409' title='bbox 1852 2769 2089 2838; x_wconf 90' lang='lat' dir='ltr'><strong>quodam</strong></span> <span class='ocrx_word' id='word_1_410' title='bbox 2131 2783 2197 2823; x_wconf 82' lang='lat' dir='ltr'><strong>ex</strong></span> <span class='ocrx_word' id='word_1_411' title='bbox 2232 2768 2595 2826; x_wconf 83' lang='lat' dir='ltr'><strong>familiaribus</strong></span> <span class='ocrx_word' id='word_1_412' title='bbox 2649 2772 2788 2826; x_wconf 91' lang='lat' dir='ltr'><strong>meis</strong></span> <span class='ocrx_word' id='word_1_413' title='bbox 2823 2773 2926 2826; x_wconf 90' lang='lat' dir='ltr'><strong>hoc</strong></span> <span class='ocrx_word' id='word_1_414' title='bbox 2969 2786 3192 2841; x_wconf 87' lang='lat' dir='ltr'><strong>quoque</strong></span> <span class='ocrx_word' id='word_1_415' title='bbox 3242 2771 3427 2827; x_wconf 88' lang='lat' dir='ltr'><strong>consi-</strong></span> 
     </span>
    </p>
   </div>
   <div class='ocr_carea' id='block_1_57' title="bbox 1852 2861 3427 2932">
    <p class='ocr_par' dir='ltr' id='par_1_57' title="bbox 1852 2861 3427 2932">
     <span class='ocr_line' id='line_1_57' title="bbox 1852 2861 3427 2932; baseline 0.001 -17"><span class='ocrx_word' id='word_1_416' title='bbox 1852 2861 1987 2916; x_wconf 92' lang='lat' dir='ltr'><strong>lium</strong></span> <span class='ocrx_word' id='word_1_417' title='bbox 2018 2861 2420 2916; x_wconf 83' lang='lat' dir='ltr'><strong>commuuicavi</strong></span> <span class='ocrx_word' id='word_1_418' title='bbox 2449 2881 2461 2914; x_wconf 94' lang='lat'>:</span> <span class='ocrx_word' id='word_1_419' title='bbox 2500 2863 2546 2916; x_wconf 91' lang='lat' dir='ltr'><strong>is</strong></span> <span class='ocrx_word' id='word_1_420' title='bbox 2581 2878 2712 2918; x_wconf 88' lang='lat' dir='ltr'><strong>vero</strong></span> <span class='ocrx_word' id='word_1_421' title='bbox 2746 2864 2959 2917; x_wconf 90' lang='lat' dir='ltr'><strong>monuit</strong></span> <span class='ocrx_word' id='word_1_422' title='bbox 2984 2879 3090 2928; x_wconf 89' lang='lat' dir='ltr'><strong>me,</strong></span> <span class='ocrx_word' id='word_1_423' title='bbox 3126 2878 3234 2916; x_wconf 89' lang='lat' dir='ltr'><strong>non</strong></span> <span class='ocrx_word' id='word_1_424' title='bbox 3261 2878 3427 2932; x_wconf 83' lang='lat' dir='ltr'><strong>expe-</strong></span> 
     </span>
    </p>
   </div>
   <div class='ocr_carea' id='block_1_58' title="bbox 1850 2954 3424 3024">
    <p class='ocr_par' dir='ltr' id='par_1_58' title="bbox 1850 2954 3424 3024">
     <span class='ocr_line' id='line_1_58' title="bbox 1850 2954 3424 3024; baseline 0.003 -16"><span class='ocrx_word' id='word_1_425' title='bbox 1850 2955 1969 3009; x_wconf 87' lang='lat' dir='ltr'><strong>dire</strong></span> <span class='ocrx_word' id='word_1_426' title='bbox 1999 2963 2059 3008; x_wconf 89' lang='lat' dir='ltr'><strong>ut</strong></span> <span class='ocrx_word' id='word_1_427' title='bbox 2089 2954 2142 3009; x_wconf 93' lang='lat' dir='ltr'><strong>id</strong></span> <span class='ocrx_word' id='word_1_428' title='bbox 2171 2955 2451 3022; x_wconf 81' lang='lat' dir='ltr'><strong>auderem,</strong></span> <span class='ocrx_word' id='word_1_429' title='bbox 2501 2957 2640 3011; x_wconf 87' lang='lat' dir='ltr'><strong>duas</strong></span> <span class='ocrx_word' id='word_1_430' title='bbox 2677 2957 2746 3012; x_wconf 90' lang='lat' dir='ltr'><strong>ob</strong></span> <span class='ocrx_word' id='word_1_431' title='bbox 2779 2973 2996 3013; x_wconf 88' lang='lat' dir='ltr'><strong>causas.</strong></span> <span class='ocrx_word' id='word_1_432' title='bbox 3033 2957 3088 3011; x_wconf 85' lang='lat' dir='ltr'><strong>Si</strong></span> <span class='ocrx_word' id='word_1_433' title='bbox 3123 2958 3290 3024; x_wconf 88' lang='lat' dir='ltr'><strong>enim,</strong></span> <span class='ocrx_word' id='word_1_434' title='bbox 3339 2960 3424 3012; x_wconf 78' lang='lat' dir='ltr'><strong>in-</strong></span> 
     </span>
    </p>
   </div>
   <div class='ocr_carea' id='block_1_59' title="bbox 1849 3048 3423 3122">
    <p class='ocr_par' dir='ltr' id='par_1_59' title="bbox 1849 3048 3423 3122">
     <span class='ocr_line' id='line_1_59' title="bbox 1849 3048 3423 3122; baseline 0.003 -21"><span class='ocrx_word' id='word_1_435' title='bbox 1849 3048 1990 3117; x_wconf 84' lang='lat' dir='ltr'><strong>quit,</strong></span> <span class='ocrx_word' id='word_1_436' title='bbox 2021 3049 2182 3119; x_wconf 80' lang='lat' dir='ltr'><strong>plane</strong></span> <span class='ocrx_word' id='word_1_437' title='bbox 2227 3065 2387 3120; x_wconf 89' lang='lat' dir='ltr'><strong>mago</strong></span> <span class='ocrx_word' id='word_1_438' title='bbox 2417 3066 2527 3106; x_wconf 92' lang='lat' dir='ltr'><strong>non</strong></span> <span class='ocrx_word' id='word_1_439' title='bbox 2559 3051 2827 3106; x_wconf 84' lang='lat' dir='ltr'><strong>obedierit</strong></span> <span class='ocrx_word' id='word_1_440' title='bbox 2859 3053 3062 3118; x_wconf 88' lang='lat' dir='ltr'><strong>anima,</strong></span> <span class='ocrx_word' id='word_1_441' title='bbox 3094 3062 3150 3107; x_wconf 92' lang='lat' dir='ltr'><strong>tu</strong></span> <span class='ocrx_word' id='word_1_442' title='bbox 3179 3068 3423 3122; x_wconf 89' lang='lat' dir='ltr'><strong>quoque,</strong></span> 
     </span>
    </p>
   </div>
   <div class='ocr_carea' id='block_1_60' title="bbox 159 3137 1736 3221">
    <p class='ocr_par' dir='ltr' id='par_1_60' title="bbox 159 3137 1736 3211">
     <span class='ocr_line' id='line_1_60' title="bbox 159 3137 1736 3211; baseline 0.004 -23"><span class='ocrx_word' id='word_1_443' title='bbox 159 3137 400 3208; x_wconf 79' lang='grc' dir='ltr'>πράξας,</span> <span class='ocrx_word' id='word_1_444' title='bbox 424 3139 849 3211; x_wconf 86' lang='grc' dir='ltr'>δυσσυνειδήτως</span> <span class='ocrx_word' id='word_1_445' title='bbox 882 3139 1116 3210; x_wconf 76' lang='grc' dir='ltr'>βιώσειςο</span> <span class='ocrx_word' id='word_1_446' title='bbox 1143 3140 1269 3194; x_wconf 79' lang='grc' dir='ltr'>εἰδὲ</span> <span class='ocrx_word' id='word_1_447' title='bbox 1300 3142 1393 3195; x_wconf 75' lang='grc' dir='ltr'>καὶ</span> <span class='ocrx_word' id='word_1_448' title='bbox 1431 3142 1736 3196; x_wconf 81' lang='grc' dir='ltr'>είσακούσε-</span> 
     </span>
    </p>
   </div>
   <div class='ocr_carea' id='block_1_61' title="bbox 1852 3137 3425 3221">
    <p class='ocr_par' dir='ltr' id='par_1_61' title="bbox 1852 3139 3425 3211">
     <span class='ocr_line' id='line_1_61' title="bbox 1852 3139 3425 3211; baseline 0.003 -19"><span class='ocrx_word' id='word_1_449' title='bbox 1852 3147 2059 3207; x_wconf 90' lang='lat' dir='ltr'><strong>utpote</strong></span> <span class='ocrx_word' id='word_1_450' title='bbox 2082 3140 2177 3208; x_wconf 82' lang='lat' dir='ltr'><strong>qui</strong></span> <span class='ocrx_word' id='word_1_451' title='bbox 2200 3139 2413 3209; x_wconf 79' lang='lat' dir='ltr'><strong>legibus</strong></span> <span class='ocrx_word' id='word_1_452' title='bbox 2438 3141 2556 3196; x_wconf 59' lang='lat' dir='ltr'><strong>haec</strong></span> <span class='ocrx_word' id='word_1_453' title='bbox 2579 3157 2738 3211; x_wconf 84' lang='lat' dir='ltr'><strong>agere</strong></span> <span class='ocrx_word' id='word_1_454' title='bbox 2764 3143 3075 3197; x_wconf 86' lang='lat' dir='ltr'><strong>vetantibus</strong></span> <span class='ocrx_word' id='word_1_455' title='bbox 3103 3143 3425 3197; x_wconf 88' lang='lat' dir='ltr'><strong>adversatus</strong></span> 
     </span>
    </p>
   </div>
   <div class='ocr_carea' id='block_1_62' title="bbox 156 3227 1748 3301">
    <p class='ocr_par' dir='ltr' id='par_1_62' title="bbox 156 3227 1748 3301">
     <span class='ocr_line' id='line_1_62' title="bbox 156 3227 1748 3301; baseline 0.004 -22"><span class='ocrx_word' id='word_1_456' title='bbox 156 3242 270 3290; x_wconf 85' lang='grc' dir='ltr'>ται,</span> <span class='ocrx_word' id='word_1_457' title='bbox 308 3227 453 3296; x_wconf 81' lang='grc' dir='ltr'>μετὰ</span> <span class='ocrx_word' id='word_1_458' title='bbox 488 3227 584 3282; x_wconf 81' lang='grc' dir='ltr'><strong>τοῦ</strong></span> <span class='ocrx_word' id='word_1_459' title='bbox 623 3228 1048 3299; x_wconf 86' lang='grc' dir='ltr'>δυσσυνειδήτως</span> <span class='ocrx_word' id='word_1_460' title='bbox 1073 3246 1133 3281; x_wconf 87' lang='grc' dir='ltr'><strong>σε</strong></span> <span class='ocrx_word' id='word_1_461' title='bbox 1170 3229 1337 3299; x_wconf 83' lang='grc' dir='ltr'>βιοῦν,</span> <span class='ocrx_word' id='word_1_462' title='bbox 1370 3227 1522 3301; x_wconf 80' lang='grc' dir='ltr'>οἶμαι</span> <span class='ocrx_word' id='word_1_463' title='bbox 1559 3233 1748 3285; x_wconf 78' lang='grc' dir='ltr'>καὶτὰ</span> 
     </span>
    </p>
   </div>
   <div class='ocr_carea' id='block_1_63' title="bbox 154 3318 1748 3400">
    <p class='ocr_par' dir='ltr' id='par_1_63' title="bbox 154 3318 1748 3400">
     <span class='ocr_line' id='line_1_63' title="bbox 154 3318 1748 3400; baseline 0.003 -27"><span class='ocrx_word' id='word_1_464' title='bbox 154 3318 259 3388; x_wconf 78' lang='grc' dir='ltr'>τῆς</span> <span class='ocrx_word' id='word_1_465' title='bbox 286 3319 574 3383; x_wconf 72' lang='grc' dir='ltr'>εὐσεϐείας</span> <span class='ocrx_word' id='word_1_466' title='bbox 626 3321 821 3392; x_wconf 86' lang='grc' dir='ltr'>μηκέτι</span> <span class='ocrx_word' id='word_1_467' title='bbox 865 3338 948 3374; x_wconf 88' lang='grc' dir='ltr'><strong>σοι</strong></span> <span class='ocrx_word' id='word_1_468' title='bbox 990 3326 1313 3394; x_wconf 80' lang='grc' dir='ltr'>προχωρεῖν,</span> <span class='ocrx_word' id='word_1_469' title='bbox 1356 3320 1416 3377; x_wconf 79' lang='grc' dir='ltr'>οὗ</span> <span class='ocrx_word' id='word_1_470' title='bbox 1450 3324 1632 3400; x_wconf 65' lang='grc' dir='ltr'>ἕνεκεν</span> <span class='ocrx_word' id='word_1_471' title='bbox 1678 3324 1748 3378; x_wconf 84' lang='grc' dir='ltr'>τὰ</span> 
     </span>
    </p>
   </div>
   <div class='ocr_carea' id='block_1_64' title="bbox 154 3409 1746 3483">
    <p class='ocr_par' dir='ltr' id='par_1_64' title="bbox 154 3409 1746 3483">
     <span class='ocr_line' id='line_1_64' title="bbox 154 3409 1746 3483; baseline 0.003 -21"><span class='ocrx_word' id='word_1_472' title='bbox 154 3409 388 3463; x_wconf 77' lang='grc' dir='ltr'>τοιαῦτα</span> <span class='ocrx_word' id='word_1_473' title='bbox 417 3410 665 3482; x_wconf 78' lang='grc' dir='ltr'>ἐτόλμας.</span> <span class='ocrx_word' id='word_1_474' title='bbox 704 3411 1038 3482; x_wconf 85' lang='grc' dir='ltr'>Ἑχθραίνειν</span> <span class='ocrx_word' id='word_1_475' title='bbox 1079 3411 1188 3483; x_wconf 87' lang='grc' dir='ltr'>γὰρ</span> <span class='ocrx_word' id='word_1_476' title='bbox 1230 3414 1290 3466; x_wconf 84' lang='grc' dir='ltr'><strong>τὸ</strong></span> <span class='ocrx_word' id='word_1_477' title='bbox 1328 3413 1466 3467; x_wconf 88' lang='grc' dir='ltr'>θεῖον</span> <span class='ocrx_word' id='word_1_478' title='bbox 1499 3414 1746 3482; x_wconf 86' lang='grc' dir='ltr'>λέγουσιν</span> 
     </span>
    </p>
   </div>
   <div class='ocr_carea' id='block_1_65' title="bbox 155 3502 1748 3576">
    <p class='ocr_par' dir='ltr' id='par_1_65' title="bbox 155 3502 1748 3576">
     <span class='ocr_line' id='line_1_65' title="bbox 155 3502 1748 3576; baseline 0.004 -22"><span class='ocrx_word' id='word_1_479' title='bbox 155 3502 251 3556; x_wconf 70' lang='grc' dir='ltr'><strong>ἐπὶ</strong></span> <span class='ocrx_word' id='word_1_480' title='bbox 272 3505 390 3566; x_wconf 88' lang='grc' dir='ltr'>τοῖς</span> <span class='ocrx_word' id='word_1_481' title='bbox 413 3503 700 3557; x_wconf 88' lang='grc' dir='ltr'>σκύλλουσι</span> <span class='ocrx_word' id='word_1_482' title='bbox 729 3503 828 3567; x_wconf 81' lang='grc' dir='ltr'><strong>τὰς</strong></span> <span class='ocrx_word' id='word_1_483' title='bbox 851 3504 1029 3574; x_wconf 81' lang='grc' dir='ltr'>ψυχὰς</span> <span class='ocrx_word' id='word_1_484' title='bbox 1077 3504 1212 3575; x_wconf 84' lang='grc' dir='ltr'>μετὰ</span> <span class='ocrx_word' id='word_1_485' title='bbox 1239 3505 1338 3576; x_wconf 84' lang='grc' dir='ltr'>τὴν</span> <span class='ocrx_word' id='word_1_486' title='bbox 1367 3507 1477 3559; x_wconf 81' lang='grc' dir='ltr'>ἀπὸ</span> <span class='ocrx_word' id='word_1_487' title='bbox 1510 3506 1604 3559; x_wconf 78' lang='grc' dir='ltr'>τοῦ</span> <span class='ocrx_word' id='word_1_488' title='bbox 1643 3505 1748 3560; x_wconf 85' lang='grc' dir='ltr'><strong>σώ-</strong></span> 
     </span>
    </p>
   </div>
   <div class='ocr_carea' id='block_1_66' title="bbox 158 3593 1743 3664">
    <p class='ocr_par' dir='ltr' id='par_1_66' title="bbox 158 3593 1743 3664">
     <span class='ocr_line' id='line_1_66' title="bbox 158 3593 1743 3664; baseline 0.004 -21"><span class='ocrx_word' id='word_1_489' title='bbox 158 3610 333 3664; x_wconf 83' lang='grc' dir='ltr'>ματος</span> <span class='ocrx_word' id='word_1_490' title='bbox 365 3593 589 3647; x_wconf 76' lang='grc' dir='ltr'>ἐκείνων</span> <span class='ocrx_word' id='word_1_491' title='bbox 633 3593 899 3648; x_wconf 90' lang='grc' dir='ltr'>διάλυσιν.</span> <span class='ocrx_word' id='word_1_492' title='bbox 954 3593 1094 3664; x_wconf 87' lang='grc' dir='ltr'>Ἐγὼ</span> <span class='ocrx_word' id='word_1_493' title='bbox 1142 3595 1200 3648; x_wconf 87' lang='grc' dir='ltr'>δὲ</span> <span class='ocrx_word' id='word_1_494' title='bbox 1252 3596 1424 3649; x_wconf 82' lang='grc' dir='ltr'>ταῦτα</span> <span class='ocrx_word' id='word_1_495' title='bbox 1470 3595 1743 3660; x_wconf 82' lang='grc' dir='ltr'>ἀκούσας,</span> 
     </span>
    </p>
   </div>
   <div class='ocr_carea' id='block_1_67' title="bbox 153 3684 1746 3758">
    <p class='ocr_par' dir='ltr' id='par_1_67' title="bbox 153 3684 1746 3758">
     <span class='ocr_line' id='line_1_67' title="bbox 153 3684 1746 3758; baseline 0.003 -22"><span class='ocrx_word' id='word_1_496' title='bbox 153 3684 516 3756; x_wconf 79' lang='grc' dir='ltr'>ὀκνηρότερος</span> <span class='ocrx_word' id='word_1_497' title='bbox 557 3685 654 3756; x_wconf 74' lang='grc' dir='ltr'>μὲν</span> <span class='ocrx_word' id='word_1_498' title='bbox 696 3685 789 3739; x_wconf 75' lang='grc' dir='ltr'>ἐπὶ</span> <span class='ocrx_word' id='word_1_499' title='bbox 827 3685 888 3739; x_wconf 80' lang='grc' dir='ltr'><strong>τὸ</strong></span> <span class='ocrx_word' id='word_1_500' title='bbox 939 3687 1244 3758; x_wconf 77' lang='grc' dir='ltr'>ἐγχείρημα</span> <span class='ocrx_word' id='word_1_501' title='bbox 1282 3686 1572 3758; x_wconf 79' lang='grc' dir='ltr'>ἐγενόμην·</span> <span class='ocrx_word' id='word_1_502' title='bbox 1609 3686 1746 3740; x_wconf 83' lang='grc' dir='ltr'>ἀλλὰ</span> 
     </span>
    </p>
   </div>
   <div class='ocr_carea' id='block_1_68' title="bbox 154 3773 1743 3847">
    <p class='ocr_par' dir='ltr' id='par_1_68' title="bbox 154 3773 1743 3847">
     <span class='ocr_line' id='line_1_68' title="bbox 154 3773 1743 3847; baseline 0.003 -22"><span class='ocrx_word' id='word_1_503' title='bbox 154 3774 254 3844; x_wconf 85' lang='grc' dir='ltr'>τῆς</span> <span class='ocrx_word' id='word_1_504' title='bbox 283 3773 563 3844; x_wconf 80' lang='grc' dir='ltr'>προτέρας</span> <span class='ocrx_word' id='word_1_505' title='bbox 596 3775 806 3840; x_wconf 76' lang='grc' dir='ltr'>ἐννοίας</span> <span class='ocrx_word' id='word_1_506' title='bbox 831 3775 1047 3845; x_wconf 79' lang='grc' dir='ltr'>ἐκείνης</span> <span class='ocrx_word' id='word_1_507' title='bbox 1067 3776 1416 3831; x_wconf 87' lang='grc' dir='ltr'>παντάπασιν</span> <span class='ocrx_word' id='word_1_508' title='bbox 1441 3775 1743 3847; x_wconf 84' lang='grc' dir='ltr'>ἀποστῆναι</span> 
     </span>
    </p>
   </div>
   <div class='ocr_carea' id='block_1_69' title="bbox 155 3866 590 3936">
    <p class='ocr_par' dir='ltr' id='par_1_69' title="bbox 155 3866 590 3936">
     <span class='ocr_line' id='line_1_69' title="bbox 155 3866 590 3936; baseline 0.005 -20"><span class='ocrx_word' id='word_1_509' title='bbox 155 3867 260 3921; x_wconf 76' lang='grc' dir='ltr'><strong>οὐκ</strong></span> <span class='ocrx_word' id='word_1_510' title='bbox 285 3866 590 3936; x_wconf 73' lang='grc' dir='ltr'>ἠδυνάμην.</span> 
     </span>
    </p>
   </div>
   <div class='ocr_carea' id='block_1_70' title="bbox 225 4064 1743 4139">
    <p class='ocr_par' dir='ltr' id='par_1_70' title="bbox 225 4064 1743 4139">
     <span class='ocr_line' id='line_1_70' title="bbox 225 4064 1743 4139; baseline 0.001 -21"><span class='ocrx_word' id='word_1_511' title='bbox 225 4064 319 4118; x_wconf 77' lang='lat' dir='ltr'><strong>Vl.</strong></span> <span class='ocrx_word' id='word_1_512' title='bbox 353 4065 464 4117; x_wconf 76' lang='grc' dir='ltr'><strong>Καὶ</strong></span> <span class='ocrx_word' id='word_1_513' title='bbox 485 4064 571 4118; x_wconf 78' lang='grc' dir='ltr'><strong>ἵνα</strong></span> <span class='ocrx_word' id='word_1_514' title='bbox 608 4067 680 4136; x_wconf 86' lang='grc' dir='ltr'><strong>μή</strong></span> <span class='ocrx_word' id='word_1_515' title='bbox 701 4083 781 4118; x_wconf 91' lang='grc' dir='ltr'><strong>σοι</strong></span> <span class='ocrx_word' id='word_1_516' title='bbox 807 4064 877 4119; x_wconf 85' lang='grc' dir='ltr'>τὰ</span> <span class='ocrx_word' id='word_1_517' title='bbox 895 4065 1115 4120; x_wconf 84' lang='grc' dir='ltr'>τοιαῦτα</span> <span class='ocrx_word' id='word_1_518' title='bbox 1148 4067 1355 4139; x_wconf 83' lang='grc' dir='ltr'>μακρὸν</span> <span class='ocrx_word' id='word_1_519' title='bbox 1373 4067 1743 4120; x_wconf 83' lang='grc' dir='ltr'>ἀποτείνωλό-</span> 
     </span>
    </p>
   </div>
   <div class='ocr_carea' id='block_1_71' title="bbox 153 4158 1742 4232">
    <p class='ocr_par' dir='ltr' id='par_1_71' title="bbox 153 4158 1742 4232">
     <span class='ocr_line' id='line_1_71' title="bbox 153 4158 1742 4232; baseline -0.001 -18"><span class='ocrx_word' id='word_1_520' title='bbox 153 4176 282 4231; x_wconf 81' lang='grc' dir='ltr'>γον,</span> <span class='ocrx_word' id='word_1_521' title='bbox 329 4160 388 4214; x_wconf 69' lang='grc' dir='ltr'>ἐν</span> <span class='ocrx_word' id='word_1_522' title='bbox 433 4158 714 4222; x_wconf 79' lang='grc' dir='ltr'>τοσούτοις</span> <span class='ocrx_word' id='word_1_523' title='bbox 750 4159 1030 4230; x_wconf 86' lang='grc' dir='ltr'>λογισμοῖς</span> <span class='ocrx_word' id='word_1_524' title='bbox 1077 4161 1171 4214; x_wconf 77' lang='grc' dir='ltr'><strong>καὶ</strong></span> <span class='ocrx_word' id='word_1_525' title='bbox 1218 4161 1539 4232; x_wconf 87' lang='grc' dir='ltr'>πράγμασιν</span> <span class='ocrx_word' id='word_1_526' title='bbox 1589 4159 1742 4223; x_wconf 73' lang='grc' dir='ltr'>ὄντος</span> 
     </span>
    </p>
   </div>
   <div class='ocr_carea' id='block_1_72' title="bbox 161 4253 1740 4328">
    <p class='ocr_par' dir='ltr' id='par_1_72' title="bbox 161 4253 1740 4328">
     <span class='ocr_line' id='line_1_72' title="bbox 161 4253 1740 4328; baseline -0.002 -19"><span class='ocrx_word' id='word_1_527' title='bbox 161 4273 284 4327; x_wconf 84' lang='grc' dir='ltr'>μου,</span> <span class='ocrx_word' id='word_1_528' title='bbox 328 4255 484 4328; x_wconf 73' lang='grc' dir='ltr'>φήμη</span> <span class='ocrx_word' id='word_1_529' title='bbox 506 4270 590 4316; x_wconf 91' lang='grc' dir='ltr'><strong>τις</strong></span> <span class='ocrx_word' id='word_1_530' title='bbox 635 4253 840 4324; x_wconf 74' lang='grc' dir='ltr'>ἡρέμα,</span> <span class='ocrx_word' id='word_1_531' title='bbox 883 4253 1133 4325; x_wconf 71' lang='grc' dir='ltr'>Τιϐερίου</span> <span class='ocrx_word' id='word_1_532' title='bbox 1173 4254 1451 4325; x_wconf 84' lang='grc' dir='ltr'>Καίσαρος</span> <span class='ocrx_word' id='word_1_533' title='bbox 1490 4253 1558 4306; x_wconf 80' lang='grc' dir='ltr'>τὰ</span> <span class='ocrx_word' id='word_1_534' title='bbox 1607 4253 1740 4306; x_wconf 91' lang='grc' dir='ltr'>Ῥω-</span> 
     </span>
    </p>
   </div>
   <div class='ocr_carea' id='block_1_73' title="bbox 161 4344 1736 4419">
    <p class='ocr_par' dir='ltr' id='par_1_73' title="bbox 161 4344 1736 4419">
     <span class='ocr_line' id='line_1_73' title="bbox 161 4344 1736 4419; baseline -0.004 -18"><span class='ocrx_word' id='word_1_535' title='bbox 161 4347 334 4419; x_wconf 78' lang='grc' dir='ltr'>μαϊκὰ</span> <span class='ocrx_word' id='word_1_536' title='bbox 387 4347 666 4410; x_wconf 79' lang='grc' dir='ltr'>διέποντος</span> <span class='ocrx_word' id='word_1_537' title='bbox 715 4345 1001 4415; x_wconf 83' lang='grc' dir='ltr'>σκῆπτρα,</span> <span class='ocrx_word' id='word_1_538' title='bbox 1047 4344 1204 4416; x_wconf 72' lang='grc' dir='ltr'>ἔαρος</span> <span class='ocrx_word' id='word_1_539' title='bbox 1248 4344 1350 4415; x_wconf 81' lang='grc' dir='ltr'><strong>ήδη</strong></span> <span class='ocrx_word' id='word_1_540' title='bbox 1412 4344 1736 4415; x_wconf 85' lang='grc' dir='ltr'>ἀρχομένου,</span> 
     </span>
    </p>
   </div>
   <div class='ocr_carea' id='block_1_74' title="bbox 157 4436 1734 4512">
    <p class='ocr_par' dir='ltr' id='par_1_74' title="bbox 157 4436 1734 4512">
     <span class='ocr_line' id='line_1_74' title="bbox 157 4436 1734 4512; baseline -0.001 -19"><span class='ocrx_word' id='word_1_541' title='bbox 157 4440 386 4512; x_wconf 76' lang='grc' dir='ltr'>ηὔξανεν</span> <span class='ocrx_word' id='word_1_542' title='bbox 407 4440 601 4493; x_wconf 85' lang='grc' dir='ltr'>ὁπόσαι</span> <span class='ocrx_word' id='word_1_543' title='bbox 631 4440 854 4511; x_wconf 79' lang='grc' dir='ltr'>ἡμέραι,</span> <span class='ocrx_word' id='word_1_544' title='bbox 880 4437 974 4491; x_wconf 74' lang='grc' dir='ltr'><strong>καὶ</strong></span> <span class='ocrx_word' id='word_1_545' title='bbox 1006 4437 1081 4499; x_wconf 84' lang='grc' dir='ltr'>ὡς</span> <span class='ocrx_word' id='word_1_546' title='bbox 1127 4437 1341 4507; x_wconf 85' lang='grc' dir='ltr'>άληθῶς</span> <span class='ocrx_word' id='word_1_547' title='bbox 1379 4436 1554 4507; x_wconf 83' lang='grc' dir='ltr'>ἀγαθὴ</span> <span class='ocrx_word' id='word_1_548' title='bbox 1601 4436 1734 4492; x_wconf 80' lang='grc' dir='ltr'>Θεοῦ</span> 
     </span>
    </p>
   </div>
   <div class='ocr_carea' id='block_1_75' title="bbox 158 4503 1813 4600">
    <p class='ocr_par' dir='ltr' id='par_1_75' title="bbox 158 4503 1813 4600">
     <span class='ocr_line' id='line_1_75' title="bbox 158 4503 1813 4600; baseline -0.005 -14"><span class='ocrx_word' id='word_1_549' title='bbox 158 4503 385 4600; x_wconf 66' lang='grc' dir='ltr'>άγγελος</span> <span class='ocrx_word' id='word_1_550' title='bbox 414 4529 553 4600; x_wconf 78' lang='grc' dir='ltr'>διῄει</span> <span class='ocrx_word' id='word_1_551' title='bbox 573 4503 922 4600; x_wconf 38' lang='grc' dir='ltr'>τὸν-κόσμον,</span> <span class='ocrx_word' id='word_1_552' title='bbox 949 4529 1011 4582; x_wconf 81' lang='grc' dir='ltr'><strong>τὸ</strong></span> <span class='ocrx_word' id='word_1_553' title='bbox 1036 4527 1129 4581; x_wconf 76' lang='grc' dir='ltr'>τοῦ</span> <span class='ocrx_word' id='word_1_554' title='bbox 1161 4503 1298 4580; x_wconf 78' lang='grc' dir='ltr'>Θεοῦ</span> <span class='ocrx_word' id='word_1_555' title='bbox 1330 4503 1456 4597; x_wconf 68' lang='grc' dir='ltr'>σιγῇ</span> <span class='ocrx_word' id='word_1_556' title='bbox 1488 4503 1733 4596; x_wconf 80' lang='grc' dir='ltr'>βούλημα</span> <span class='ocrx_word' id='word_1_557' title='bbox 1768 4503 1813 4558; x_wconf 80' lang='lat' dir='ltr'><strong>D</strong></span> 
     </span>
    </p>
   </div>
   <div class='ocr_carea' id='block_1_76' title="bbox 163 4617 1736 4689">
    <p class='ocr_par' dir='ltr' id='par_1_76' title="bbox 163 4617 1736 4689">
     <span class='ocr_line' id='line_1_76' title="bbox 163 4617 1736 4689; baseline -0.002 -15"><span class='ocrx_word' id='word_1_558' title='bbox 163 4622 369 4689; x_wconf 82' lang='grc' dir='ltr'>στέγειν</span> <span class='ocrx_word' id='word_1_559' title='bbox 393 4621 455 4672; x_wconf 85' lang='grc' dir='ltr'>ού</span> <span class='ocrx_word' id='word_1_560' title='bbox 481 4619 774 4689; x_wconf 86' lang='grc' dir='ltr'>δυναμένη·</span> <span class='ocrx_word' id='word_1_561' title='bbox 822 4618 1019 4688; x_wconf 81' lang='grc' dir='ltr'>μᾶλλον</span> <span class='ocrx_word' id='word_1_562' title='bbox 1047 4619 1102 4671; x_wconf 84' lang='grc' dir='ltr'>δὲ</span> <span class='ocrx_word' id='word_1_563' title='bbox 1137 4618 1232 4670; x_wconf 69' lang='grc' dir='ltr'><strong>καὶ</strong></span> <span class='ocrx_word' id='word_1_564' title='bbox 1263 4617 1464 4672; x_wconf 88' lang='grc' dir='ltr'>πλείων</span> <span class='ocrx_word' id='word_1_565' title='bbox 1496 4617 1736 4689; x_wconf 76' lang='grc' dir='ltr'>ἑκάστης</span> 
     </span>
    </p>
   </div>
   <div class='ocr_carea' id='block_1_77' title="bbox 159 4705 1735 4782">
    <p class='ocr_par' dir='ltr' id='par_1_77' title="bbox 159 4705 1735 4782">
     <span class='ocr_line' id='line_1_77' title="bbox 159 4705 1735 4782; baseline 0 -20"><span class='ocrx_word' id='word_1_566' title='bbox 159 4711 368 4782; x_wconf 78' lang='grc' dir='ltr'>ἡμέρας</span> <span class='ocrx_word' id='word_1_567' title='bbox 409 4710 503 4762; x_wconf 75' lang='grc' dir='ltr'><strong>καὶ</strong></span> <span class='ocrx_word' id='word_1_568' title='bbox 541 4710 740 4779; x_wconf 81' lang='grc' dir='ltr'>μείζων</span> <span class='ocrx_word' id='word_1_569' title='bbox 784 4709 1023 4778; x_wconf 77' lang='grc' dir='ltr'>ἐγίνετο,</span> <span class='ocrx_word' id='word_1_570' title='bbox 1069 4709 1303 4776; x_wconf 85' lang='grc' dir='ltr'>λέγουσα</span> <span class='ocrx_word' id='word_1_571' title='bbox 1355 4705 1432 4772; x_wconf 82' lang='grc' dir='ltr'>ὥς</span> <span class='ocrx_word' id='word_1_572' title='bbox 1469 4710 1554 4772; x_wconf 87' lang='grc' dir='ltr'><strong>τίς</strong></span> <span class='ocrx_word' id='word_1_573' title='bbox 1603 4727 1735 4762; x_wconf 88' lang='grc' dir='ltr'>ποτε</span> 
     </span>
    </p>
   </div>
   <div class='ocr_carea' id='block_1_78' title="bbox 161 4797 1733 4872">
    <p class='ocr_par' dir='ltr' id='par_1_78' title="bbox 161 4797 1733 4872">
     <span class='ocr_line' id='line_1_78' title="bbox 161 4797 1733 4872; baseline -0.001 -18"><span class='ocrx_word' id='word_1_574' title='bbox 161 4803 216 4855; x_wconf 76' lang='grc' dir='ltr'>ἐν</span> <span class='ocrx_word' id='word_1_575' title='bbox 258 4800 487 4872; x_wconf 82' lang='grc' dir='ltr'>Ἰουδαίᾳ</span> <span class='ocrx_word' id='word_1_576' title='bbox 534 4800 592 4867; x_wconf 80' lang='grc' dir='ltr'>ἐξ</span> <span class='ocrx_word' id='word_1_577' title='bbox 641 4800 862 4871; x_wconf 77' lang='grc' dir='ltr'>ἐαρινῆς</span> <span class='ocrx_word' id='word_1_578' title='bbox 911 4801 1117 4872; x_wconf 80' lang='grc' dir='ltr'>τροπῆς</span> <span class='ocrx_word' id='word_1_579' title='bbox 1166 4797 1344 4853; x_wconf 81' lang='grc' dir='ltr'>λαϐὼν</span> <span class='ocrx_word' id='word_1_580' title='bbox 1383 4799 1483 4870; x_wconf 79' lang='grc' dir='ltr'><strong>τὴν</strong></span> <span class='ocrx_word' id='word_1_581' title='bbox 1536 4801 1733 4871; x_wconf 83' lang='grc' dir='ltr'>ἀρχὴν,</span> 
     </span>
    </p>
   </div>
   <div class='ocr_carea' id='block_1_79' title="bbox 173 4891 1731 4962">
    <p class='ocr_par' dir='ltr' id='par_1_79' title="bbox 173 4891 1731 4962">
     <span class='ocr_line' id='line_1_79' title="bbox 173 4891 1731 4962; baseline 0 -16"><span class='ocrx_word' id='word_1_582' title='bbox 173 4893 425 4946; x_wconf 77' lang='grc' dir='ltr'>Ἰουδαίαν</span> <span class='ocrx_word' id='word_1_583' title='bbox 460 4893 504 4923; x_wconf 85' lang='grc'><strong>¹⁵</strong></span> <span class='ocrx_word' id='word_1_584' title='bbox 533 4893 632 4962; x_wconf 79' lang='grc' dir='ltr'>τὴν</span> <span class='ocrx_word' id='word_1_585' title='bbox 661 4891 755 4944; x_wconf 78' lang='grc' dir='ltr'><strong>τοῦ</strong></span> <span class='ocrx_word' id='word_1_586' title='bbox 779 4892 948 4944; x_wconf 81' lang='grc' dir='ltr'>ἀϊδίου</span> <span class='ocrx_word' id='word_1_587' title='bbox 973 4891 1108 4944; x_wconf 82' lang='grc' dir='ltr'><strong>Θεοῦ</strong></span> <span class='ocrx_word' id='word_1_588' title='bbox 1141 4891 1548 4960; x_wconf 80' lang='grc' dir='ltr'>εὐαγγελίζεται</span> <span class='ocrx_word' id='word_1_589' title='bbox 1575 4892 1731 4962; x_wconf 82' lang='grc' dir='ltr'>βασι-</span> 
     </span>
    </p>
   </div>
   <div class='ocr_carea' id='block_1_80' title="bbox 159 4979 1730 5055">
    <p class='ocr_par' dir='ltr' id='par_1_80' title="bbox 159 4979 1730 5055">
     <span class='ocr_line' id='line_1_80' title="bbox 159 4979 1730 5055; baseline -0.001 -17"><span class='ocrx_word' id='word_1_590' title='bbox 159 4985 319 5046; x_wconf 85' lang='grc' dir='ltr'>λείαν,</span> <span class='ocrx_word' id='word_1_591' title='bbox 351 4979 422 5055; x_wconf 78' lang='grc' dir='ltr'>ἧς</span> <span class='ocrx_word' id='word_1_592' title='bbox 443 4983 734 5036; x_wconf 82' lang='grc' dir='ltr'>ἀπολαύειν</span> <span class='ocrx_word' id='word_1_593' title='bbox 764 4982 943 5053; x_wconf 87' lang='grc' dir='ltr'>μέλλει</span> <span class='ocrx_word' id='word_1_594' title='bbox 975 4982 1039 5046; x_wconf 68' lang='grc' dir='ltr'><strong>ιθ,</strong></span> <span class='ocrx_word' id='word_1_595' title='bbox 1074 4983 1168 5035; x_wconf 78' lang='grc' dir='ltr'>ἐάν</span> <span class='ocrx_word' id='word_1_596' title='bbox 1191 4999 1278 5045; x_wconf 91' lang='grc' dir='ltr'><strong>τις</strong></span> <span class='ocrx_word' id='word_1_597' title='bbox 1317 4982 1467 5053; x_wconf 78' lang='grc' dir='ltr'>αὐτῷ</span> <span class='ocrx_word' id='word_1_598' title='bbox 1495 4983 1730 5054; x_wconf 82' lang='grc' dir='ltr'>ἀρίστην</span> 
     </span>
    </p>
   </div>
   <div class='ocr_carea' id='block_1_81' title="bbox 159 5073 1730 5146">
    <p class='ocr_par' dir='ltr' id='par_1_81' title="bbox 159 5073 1730 5146">
     <span class='ocr_line' id='line_1_81' title="bbox 159 5073 1730 5146; baseline -0.001 -16"><span class='ocrx_word' id='word_1_599' title='bbox 159 5077 240 5131; x_wconf 76' lang='grc' dir='ltr'>διὰ</span> <span class='ocrx_word' id='word_1_600' title='bbox 269 5077 484 5130; x_wconf 86' lang='grc' dir='ltr'>πάντων</span> <span class='ocrx_word' id='word_1_601' title='bbox 505 5073 836 5146; x_wconf 75' lang='grc' dir='ltr'>ἐπιδείξηται</span> <span class='ocrx_word' id='word_1_602' title='bbox 865 5074 1156 5127; x_wconf 81' lang='grc' dir='ltr'>πολιτείαν·</span> <span class='ocrx_word' id='word_1_603' title='bbox 1184 5073 1278 5128; x_wconf 80' lang='grc' dir='ltr'><strong>τοῦ</strong></span> <span class='ocrx_word' id='word_1_604' title='bbox 1302 5073 1358 5126; x_wconf 83' lang='grc' dir='ltr'>δὲ</span> <span class='ocrx_word' id='word_1_605' title='bbox 1377 5073 1730 5128; x_wconf 83' lang='grc' dir='ltr'>πιστεύεσθαι</span> 
     </span>
    </p>
   </div>
   <div class='ocr_carea' id='block_1_82' title="bbox 161 5163 1730 5238">
    <p class='ocr_par' dir='ltr' id='par_1_82' title="bbox 161 5163 1730 5238">
     <span class='ocr_line' id='line_1_82' title="bbox 161 5163 1730 5238; baseline -0.002 -17"><span class='ocrx_word' id='word_1_606' title='bbox 161 5169 313 5222; x_wconf 79' lang='grc' dir='ltr'>αὑτὸν</span> <span class='ocrx_word' id='word_1_607' title='bbox 365 5167 558 5238; x_wconf 85' lang='grc' dir='ltr'>χάριν,</span> <span class='ocrx_word' id='word_1_608' title='bbox 608 5167 692 5219; x_wconf 85' lang='grc' dir='ltr'>ὅτι</span> <span class='ocrx_word' id='word_1_609' title='bbox 742 5165 992 5237; x_wconf 88' lang='grc' dir='ltr'>θεότητος</span> <span class='ocrx_word' id='word_1_610' title='bbox 1043 5165 1228 5236; x_wconf 88' lang='grc' dir='ltr'>γέμων</span> <span class='ocrx_word' id='word_1_611' title='bbox 1268 5164 1442 5218; x_wconf 82' lang='grc' dir='ltr'>ταῦτα</span> <span class='ocrx_word' id='word_1_612' title='bbox 1464 5163 1730 5228; x_wconf 82' lang='grc' dir='ltr'>διδάσκει,</span> 
     </span>
    </p>
   </div>
   <div class='ocr_carea' id='block_1_83' title="bbox 161 5256 1723 5329">
    <p class='ocr_par' dir='ltr' id='par_1_83' title="bbox 161 5256 1723 5329">
     <span class='ocr_line' id='line_1_83' title="bbox 161 5256 1723 5329; baseline -0.002 -16"><span class='ocrx_word' id='word_1_613' title='bbox 161 5258 323 5313; x_wconf 81' lang='grc' dir='ltr'>πολλὰ</span> <span class='ocrx_word' id='word_1_614' title='bbox 365 5258 668 5329; x_wconf 87' lang='grc' dir='ltr'>θαυμάσια,</span> <span class='ocrx_word' id='word_1_615' title='bbox 698 5257 899 5328; x_wconf 85' lang='grc' dir='ltr'>τέρατά</span> <span class='ocrx_word' id='word_1_616' title='bbox 937 5274 998 5310; x_wconf 89' lang='grc' dir='ltr'><strong>τε</strong></span> <span class='ocrx_word' id='word_1_617' title='bbox 1037 5258 1132 5310; x_wconf 75' lang='grc' dir='ltr'>καὶ</span> <span class='ocrx_word' id='word_1_618' title='bbox 1175 5259 1377 5328; x_wconf 85' lang='grc' dir='ltr'>σημεῖα</span> <span class='ocrx_word' id='word_1_619' title='bbox 1407 5256 1723 5328; x_wconf 74' lang='grc' dir='ltr'>ἐργάζεται,</span> 
     </span>
    </p>
   </div>
   <div class='ocr_carea' id='block_1_84' title="bbox 163 5349 1725 5425">
    <p class='ocr_par' dir='ltr' id='par_1_84' title="bbox 163 5349 1725 5425">
     <span class='ocr_line' id='line_1_84' title="bbox 163 5349 1725 5425; baseline -0.003 -20"><span class='ocrx_word' id='word_1_620' title='bbox 163 5354 354 5425; x_wconf 81' lang='grc' dir='ltr'>ῥήματι</span> <span class='ocrx_word' id='word_1_621' title='bbox 382 5351 543 5423; x_wconf 68' lang='grc' dir='ltr'>μόνῳ,</span> <span class='ocrx_word' id='word_1_622' title='bbox 566 5351 783 5421; x_wconf 77' lang='grc' dir='ltr'>κωφοὺς</span> <span class='ocrx_word' id='word_1_623' title='bbox 819 5351 1035 5404; x_wconf 82' lang='grc' dir='ltr'>ἀκούειν</span> <span class='ocrx_word' id='word_1_624' title='bbox 1079 5350 1250 5404; x_wconf 91' lang='grc' dir='ltr'>ποιῶν</span> <span class='ocrx_word' id='word_1_625' title='bbox 1270 5389 1284 5412; x_wconf 91' lang='grc'><strong>,</strong></span> <span class='ocrx_word' id='word_1_626' title='bbox 1311 5349 1544 5418; x_wconf 84' lang='grc' dir='ltr'>τυφλοὺς</span> <span class='ocrx_word' id='word_1_627' title='bbox 1589 5350 1725 5402; x_wconf 87' lang='grc' dir='ltr'>ἀνα-</span> 
     </span>
    </p>
   </div>
   <div class='ocr_carea' id='block_1_85' title="bbox 160 5441 1727 5516">
    <p class='ocr_par' dir='ltr' id='par_1_85' title="bbox 160 5441 1727 5516">
     <span class='ocr_line' id='line_1_85' title="bbox 160 5441 1727 5516; baseline -0.004 -17"><span class='ocrx_word' id='word_1_628' title='bbox 160 5443 389 5510; x_wconf 75' lang='grc' dir='ltr'>ϐλέπειν,</span> <span class='ocrx_word' id='word_1_629' title='bbox 423 5443 628 5516; x_wconf 83' lang='grc' dir='ltr'>χωλοὺς</span> <span class='ocrx_word' id='word_1_630' title='bbox 669 5447 1010 5515; x_wconf 83' lang='grc' dir='ltr'>περιπατεῖν,</span> <span class='ocrx_word' id='word_1_631' title='bbox 1051 5443 1146 5498; x_wconf 72' lang='grc' dir='ltr'>καὶ</span> <span class='ocrx_word' id='word_1_632' title='bbox 1188 5443 1367 5497; x_wconf 82' lang='grc' dir='ltr'>πᾶσαν</span> <span class='ocrx_word' id='word_1_633' title='bbox 1398 5441 1551 5496; x_wconf 91' lang='grc' dir='ltr'>νόσον</span> <span class='ocrx_word' id='word_1_634' title='bbox 1585 5441 1727 5495; x_wconf 86' lang='grc' dir='ltr'>άπε-</span> 
     </span>
    </p>
   </div>
   <div class='ocr_carea' id='block_1_86' title="bbox 1851 3227 3422 3301">
    <p class='ocr_par' dir='ltr' id='par_1_86' title="bbox 1851 3227 3422 3301">
     <span class='ocr_line' id='line_1_86' title="bbox 1851 3227 3422 3301; baseline 0.003 -19"><span class='ocrx_word' id='word_1_635' title='bbox 1851 3227 2055 3296; x_wconf 90' lang='lat' dir='ltr'><strong>fueris,</strong></span> <span class='ocrx_word' id='word_1_636' title='bbox 2088 3231 2229 3284; x_wconf 89' lang='lat' dir='ltr'><strong>male</strong></span> <span class='ocrx_word' id='word_1_637' title='bbox 2274 3230 2370 3284; x_wconf 86' lang='lat' dir='ltr'><strong>tibi</strong></span> <span class='ocrx_word' id='word_1_638' title='bbox 2421 3232 2678 3287; x_wconf 91' lang='lat' dir='ltr'><strong>conscius</strong></span> <span class='ocrx_word' id='word_1_639' title='bbox 2728 3232 2911 3297; x_wconf 89' lang='lat' dir='ltr'><strong>vives;</strong></span> <span class='ocrx_word' id='word_1_640' title='bbox 2965 3233 3048 3285; x_wconf 91' lang='lat' dir='ltr'><strong>sin</strong></span> <span class='ocrx_word' id='word_1_641' title='bbox 3094 3240 3272 3285; x_wconf 90' lang='lat' dir='ltr'><strong>autem</strong></span> <span class='ocrx_word' id='word_1_642' title='bbox 3323 3248 3422 3301; x_wconf 91' lang='lat' dir='ltr'><strong>pa-</strong></span> 
     </span>
    </p>
   </div>
   <div class='ocr_carea' id='block_1_87' title="bbox 1849 3320 3422 3390">
    <p class='ocr_par' dir='ltr' id='par_1_87' title="bbox 1849 3320 3422 3390">
     <span class='ocr_line' id='line_1_87' title="bbox 1849 3320 3422 3390; baseline 0.002 -17"><span class='ocrx_word' id='word_1_643' title='bbox 1849 3321 2042 3386; x_wconf 84' lang='lat' dir='ltr'><strong>ruerit,</strong></span> <span class='ocrx_word' id='word_1_644' title='bbox 2069 3329 2430 3390; x_wconf 74' lang='lat' dir='ltr'><strong>praeterquam</strong></span> <span class='ocrx_word' id='word_1_645' title='bbox 2458 3321 2604 3389; x_wconf 84' lang='lat' dir='ltr'><strong>quod</strong></span> <span class='ocrx_word' id='word_1_646' title='bbox 2642 3320 2793 3375; x_wconf 90' lang='lat' dir='ltr'><strong>vives</strong></span> <span class='ocrx_word' id='word_1_647' title='bbox 2823 3321 2962 3375; x_wconf 89' lang='lat' dir='ltr'><strong>male</strong></span> <span class='ocrx_word' id='word_1_648' title='bbox 2989 3321 3085 3374; x_wconf 89' lang='lat' dir='ltr'><strong>tibi</strong></span> <span class='ocrx_word' id='word_1_649' title='bbox 3143 3321 3422 3388; x_wconf 87' lang='lat' dir='ltr'><strong>conscius,</strong></span> 
     </span>
    </p>
   </div>
   <div class='ocr_carea' id='block_1_88' title="bbox 1848 3411 3423 3481">
    <p class='ocr_par' dir='ltr' id='par_1_88' title="bbox 1848 3411 3423 3481">
     <span class='ocr_line' id='line_1_88' title="bbox 1848 3411 3423 3481; baseline -0.001 -15"><span class='ocrx_word' id='word_1_650' title='bbox 1848 3411 2015 3466; x_wconf 84' lang='lat' dir='ltr'><strong>etiam</strong></span> <span class='ocrx_word' id='word_1_651' title='bbox 2062 3427 2186 3481; x_wconf 72' lang='lat' dir='ltr'><strong>quae</strong></span> <span class='ocrx_word' id='word_1_652' title='bbox 2229 3411 2296 3466; x_wconf 89' lang='lat' dir='ltr'><strong>ad</strong></span> <span class='ocrx_word' id='word_1_653' title='bbox 2339 3412 2487 3481; x_wconf 91' lang='lat' dir='ltr'><strong>pium</strong></span> <span class='ocrx_word' id='word_1_654' title='bbox 2523 3411 2727 3466; x_wconf 91' lang='lat' dir='ltr'><strong>cultum</strong></span> <span class='ocrx_word' id='word_1_655' title='bbox 2778 3414 3052 3481; x_wconf 88' lang='lat' dir='ltr'><strong>pertinent</strong></span> <span class='ocrx_word' id='word_1_656' title='bbox 3109 3411 3302 3481; x_wconf 91' lang='lat' dir='ltr'><strong>(cujus</strong></span> <span class='ocrx_word' id='word_1_657' title='bbox 3343 3413 3423 3466; x_wconf 89' lang='lat' dir='ltr'><strong>rei</strong></span> 
     </span>
    </p>
   </div>
   <div class='ocr_carea' id='block_1_89' title="bbox 1848 3504 3423 3575">
    <p class='ocr_par' dir='ltr' id='par_1_89' title="bbox 1848 3504 3423 3575">
     <span class='ocr_line' id='line_1_89' title="bbox 1848 3504 3423 3575; baseline 0 -16"><span class='ocrx_word' id='word_1_658' title='bbox 1848 3505 2021 3575; x_wconf 85' lang='lat' dir='ltr'><strong>gratia</strong></span> <span class='ocrx_word' id='word_1_659' title='bbox 2069 3505 2202 3560; x_wconf 85' lang='lat' dir='ltr'><strong>talia</strong></span> <span class='ocrx_word' id='word_1_660' title='bbox 2254 3520 2544 3574; x_wconf 81' lang='lat' dir='ltr'><strong>aggressus</strong></span> <span class='ocrx_word' id='word_1_661' title='bbox 2577 3504 2804 3575; x_wconf 87' lang='lat' dir='ltr'><strong>fueris),</strong></span> <span class='ocrx_word' id='word_1_662' title='bbox 2837 3522 2946 3560; x_wconf 90' lang='lat' dir='ltr'><strong>non</strong></span> <span class='ocrx_word' id='word_1_663' title='bbox 2972 3505 3086 3575; x_wconf 89' lang='lat' dir='ltr'><strong>jam</strong></span> <span class='ocrx_word' id='word_1_664' title='bbox 3134 3505 3231 3559; x_wconf 89' lang='lat' dir='ltr'><strong>tibi</strong></span> <span class='ocrx_word' id='word_1_665' title='bbox 3285 3506 3423 3560; x_wconf 90' lang='lat' dir='ltr'><strong>bene</strong></span> 
     </span>
    </p>
   </div>
   <div class='ocr_carea' id='block_1_90' title="bbox 1849 3593 3418 3652">
    <p class='ocr_par' dir='ltr' id='par_1_90' title="bbox 1849 3593 3418 3652">
     <span class='ocr_line' id='line_1_90' title="bbox 1849 3593 3418 3652; baseline -0.002 0"><span class='ocrx_word' id='word_1_666' title='bbox 1849 3611 2076 3652; x_wconf 88' lang='lat' dir='ltr'><strong>cessura</strong></span> <span class='ocrx_word' id='word_1_667' title='bbox 2107 3595 2380 3651; x_wconf 85' lang='lat' dir='ltr'><strong>existimo.</strong></span> <span class='ocrx_word' id='word_1_668' title='bbox 2419 3593 2760 3650; x_wconf 83' lang='lat' dir='ltr'><strong>Divinitatem</strong></span> <span class='ocrx_word' id='word_1_669' title='bbox 2795 3599 2938 3650; x_wconf 90' lang='lat' dir='ltr'><strong>enim</strong></span> <span class='ocrx_word' id='word_1_670' title='bbox 2981 3597 3134 3650; x_wconf 77' lang='lat' dir='ltr'><strong>aiunt</strong></span> <span class='ocrx_word' id='word_1_671' title='bbox 3165 3595 3418 3650; x_wconf 86' lang='lat' dir='ltr'><strong>infestam</strong></span> 
     </span>
    </p>
   </div>
   <div class='ocr_carea' id='block_1_91' title="bbox 1847 3689 3423 3765">
    <p class='ocr_par' dir='ltr' id='par_1_91' title="bbox 1847 3689 3423 3765">
     <span class='ocr_line' id='line_1_91' title="bbox 1847 3689 3423 3765; baseline 0.001 -21"><span class='ocrx_word' id='word_1_672' title='bbox 1847 3704 1969 3744; x_wconf 90' lang='lat' dir='ltr'><strong>esse</strong></span> <span class='ocrx_word' id='word_1_673' title='bbox 2002 3690 2091 3754; x_wconf 90' lang='lat' dir='ltr'><strong>iis,</strong></span> <span class='ocrx_word' id='word_1_674' title='bbox 2123 3689 2217 3758; x_wconf 91' lang='lat' dir='ltr'><strong>qui</strong></span> <span class='ocrx_word' id='word_1_675' title='bbox 2251 3689 2500 3754; x_wconf 87' lang='lat' dir='ltr'><strong>animas,</strong></span> <span class='ocrx_word' id='word_1_676' title='bbox 2544 3701 2832 3758; x_wconf 72' lang='lat' dir='ltr'><strong>postquam</strong></span> <span class='ocrx_word' id='word_1_677' title='bbox 2875 3706 2905 3765; x_wconf 82' lang='lat' dir='ltr'><strong>a</strong></span> <span class='ocrx_word' id='word_1_678' title='bbox 2938 3689 3264 3758; x_wconf 87' lang='lat' dir='ltr'><strong>corporibus</strong></span> <span class='ocrx_word' id='word_1_679' title='bbox 3305 3693 3423 3745; x_wconf 87' lang='lat' dir='ltr'><strong>suis</strong></span> 
     </span>
    </p>
   </div>
   <div class='ocr_carea' id='block_1_92' title="bbox 1845 3778 3419 3853">
    <p class='ocr_par' dir='ltr' id='par_1_92' title="bbox 1845 3778 3419 3853">
     <span class='ocr_line' id='line_1_92' title="bbox 1845 3778 3419 3853; baseline 0.002 -17"><span class='ocrx_word' id='word_1_680' title='bbox 1845 3778 2129 3837; x_wconf 67' lang='lat' dir='ltr'><strong>dissolutae</strong></span> <span class='ocrx_word' id='word_1_681' title='bbox 2157 3789 2306 3847; x_wconf 88' lang='lat' dir='ltr'><strong>sunt,</strong></span> <span class='ocrx_word' id='word_1_682' title='bbox 2327 3789 2544 3835; x_wconf 82' lang='lat' dir='ltr'><strong>vexant.</strong></span> <span class='ocrx_word' id='word_1_683' title='bbox 2567 3779 2678 3850; x_wconf 83' lang='lat' dir='ltr'><strong>Ego</strong></span> <span class='ocrx_word' id='word_1_684' title='bbox 2699 3797 2822 3834; x_wconf 89' lang='lat' dir='ltr'><strong>vero</strong></span> <span class='ocrx_word' id='word_1_685' title='bbox 2853 3783 2934 3836; x_wconf 89' lang='lat' dir='ltr'><strong>bis</strong></span> <span class='ocrx_word' id='word_1_686' title='bbox 2962 3782 3184 3846; x_wconf 90' lang='lat' dir='ltr'><strong>auditis,</strong></span> <span class='ocrx_word' id='word_1_687' title='bbox 3204 3783 3419 3853; x_wconf 78' lang='lat' dir='ltr'><strong>segnior</strong></span> 
     </span>
    </p>
   </div>
   <div class='ocr_carea' id='block_1_93' title="bbox 1846 3875 3422 3952">
    <p class='ocr_par' dir='ltr' id='par_1_93' title="bbox 1846 3875 3422 3952">
     <span class='ocr_line' id='line_1_93' title="bbox 1846 3875 3422 3952; baseline 0.006 -25"><span class='ocrx_word' id='word_1_688' title='bbox 1846 3875 2066 3946; x_wconf 91' lang='lat' dir='ltr'><strong>quidem</strong></span> <span class='ocrx_word' id='word_1_689' title='bbox 2098 3875 2164 3929; x_wconf 91' lang='lat' dir='ltr'><strong>ad</strong></span> <span class='ocrx_word' id='word_1_690' title='bbox 2198 3875 2539 3945; x_wconf 87' lang='lat' dir='ltr'><strong>propositum</strong></span> <span class='ocrx_word' id='word_1_691' title='bbox 2581 3876 2760 3932; x_wconf 82' lang='lat' dir='ltr'><strong>factus</strong></span> <span class='ocrx_word' id='word_1_692' title='bbox 2804 3894 2952 3941; x_wconf 88' lang='lat' dir='ltr'><strong>sum,</strong></span> <span class='ocrx_word' id='word_1_693' title='bbox 2995 3879 3087 3933; x_wconf 90' lang='lat' dir='ltr'><strong>sed</strong></span> <span class='ocrx_word' id='word_1_694' title='bbox 3127 3879 3214 3932; x_wconf 88' lang='lat' dir='ltr'><strong>illa</strong></span> <span class='ocrx_word' id='word_1_695' title='bbox 3253 3893 3422 3952; x_wconf 80' lang='lat' dir='ltr'><strong>snpe—</strong></span> 
     </span>
    </p>
   </div>
   <div class='ocr_carea' id='block_1_94' title="bbox 1845 3968 3365 4039">
    <p class='ocr_par' dir='ltr' id='par_1_94' title="bbox 1845 3968 3365 4039">
     <span class='ocr_line' id='line_1_94' title="bbox 1845 3968 3365 4039; baseline 0.005 -18"><span class='ocrx_word' id='word_1_696' title='bbox 1845 3968 1992 4022; x_wconf 90' lang='lat' dir='ltr'><strong>riore</strong></span> <span class='ocrx_word' id='word_1_697' title='bbox 2020 3968 2353 4038; x_wconf 86' lang='lat' dir='ltr'><strong>cogitatione</strong></span> <span class='ocrx_word' id='word_1_698' title='bbox 2401 3969 2626 4023; x_wconf 86' lang='lat' dir='ltr'><strong>omnino</strong></span> <span class='ocrx_word' id='word_1_699' title='bbox 2655 3985 2762 4023; x_wconf 89' lang='lat' dir='ltr'><strong>non</strong></span> <span class='ocrx_word' id='word_1_700' title='bbox 2793 3983 3038 4039; x_wconf 87' lang='lat' dir='ltr'><strong>poteram</strong></span> <span class='ocrx_word' id='word_1_701' title='bbox 3077 3971 3365 4029; x_wconf 87' lang='lat' dir='ltr'><strong>absistere.</strong></span> 
     </span>
    </p>
   </div>
   <div class='ocr_carea' id='block_1_95' title="bbox 1914 4058 3417 4132">
    <p class='ocr_par' dir='ltr' id='par_1_95' title="bbox 1914 4058 3417 4132">
     <span class='ocr_line' id='line_1_95' title="bbox 1914 4058 3417 4132; baseline 0.004 -19"><span class='ocrx_word' id='word_1_702' title='bbox 1914 4058 2005 4114; x_wconf 86' lang='lat' dir='ltr'><strong>Vl.</strong></span> <span class='ocrx_word' id='word_1_703' title='bbox 2044 4059 2123 4115; x_wconf 85' lang='lat' dir='ltr'><strong>Ac</strong></span> <span class='ocrx_word' id='word_1_704' title='bbox 2148 4075 2214 4114; x_wconf 88' lang='lat' dir='ltr'><strong>ne</strong></span> <span class='ocrx_word' id='word_1_705' title='bbox 2245 4061 2314 4116; x_wconf 91' lang='lat' dir='ltr'><strong>de</strong></span> <span class='ocrx_word' id='word_1_706' title='bbox 2343 4061 2429 4116; x_wconf 90' lang='lat' dir='ltr'><strong>his</strong></span> <span class='ocrx_word' id='word_1_707' title='bbox 2460 4061 2559 4114; x_wconf 91' lang='lat' dir='ltr'><strong>tibi</strong></span> <span class='ocrx_word' id='word_1_708' title='bbox 2588 4061 2808 4131; x_wconf 85' lang='lat' dir='ltr'><strong>longum</strong></span> <span class='ocrx_word' id='word_1_709' title='bbox 2842 4076 3150 4118; x_wconf 86' lang='lat' dir='ltr'><strong>sermonem</strong></span> <span class='ocrx_word' id='word_1_710' title='bbox 3183 4064 3376 4121; x_wconf 88' lang='lat' dir='ltr'><strong>faciam</strong></span> <span class='ocrx_word' id='word_1_711' title='bbox 3400 4108 3417 4132; x_wconf 94' lang='lat'><strong>,</strong></span> 
     </span>
    </p>
   </div>
   <div class='ocr_carea' id='block_1_96' title="bbox 1843 4151 3416 4226">
    <p class='ocr_par' dir='ltr' id='par_1_96' title="bbox 1843 4151 3416 4226">
     <span class='ocr_line' id='line_1_96' title="bbox 1843 4151 3416 4226; baseline 0.004 -22"><span class='ocrx_word' id='word_1_712' title='bbox 1843 4165 1967 4205; x_wconf 91' lang='lat' dir='ltr'><strong>cum</strong></span> <span class='ocrx_word' id='word_1_713' title='bbox 1998 4151 2052 4204; x_wconf 89' lang='lat' dir='ltr'><strong>in</strong></span> <span class='ocrx_word' id='word_1_714' title='bbox 2085 4152 2285 4207; x_wconf 89' lang='lat' dir='ltr'><strong>talibus</strong></span> <span class='ocrx_word' id='word_1_715' title='bbox 2327 4152 2864 4210; x_wconf 76' lang='lat' dir='ltr'><strong>consideratiouibus</strong></span> <span class='ocrx_word' id='word_1_716' title='bbox 2918 4171 2982 4210; x_wconf 93' lang='lat' dir='ltr'><strong>ac</strong></span> <span class='ocrx_word' id='word_1_717' title='bbox 3014 4157 3248 4226; x_wconf 86' lang='lat' dir='ltr'><strong>negotiis</strong></span> <span class='ocrx_word' id='word_1_718' title='bbox 3292 4172 3416 4210; x_wconf 85' lang='lat' dir='ltr'><strong>ver—</strong></span> 
     </span>
    </p>
   </div>
   <div class='ocr_carea' id='block_1_97' title="bbox 1843 4242 3416 4316">
    <p class='ocr_par' dir='ltr' id='par_1_97' title="bbox 1843 4242 3416 4316">
     <span class='ocr_line' id='line_1_97' title="bbox 1843 4242 3416 4316; baseline 0.001 -17"><span class='ocrx_word' id='word_1_719' title='bbox 1843 4258 2024 4310; x_wconf 90' lang='lat' dir='ltr'><strong>sarer,</strong></span> <span class='ocrx_word' id='word_1_720' title='bbox 2062 4243 2282 4298; x_wconf 89' lang='lat' dir='ltr'><strong>Tiberio</strong></span> <span class='ocrx_word' id='word_1_721' title='bbox 2324 4242 2540 4298; x_wconf 80' lang='lat' dir='ltr'><strong>Caesare</strong></span> <span class='ocrx_word' id='word_1_722' title='bbox 2575 4242 2820 4300; x_wconf 83' lang='lat' dir='ltr'><strong>Romana</strong></span> <span class='ocrx_word' id='word_1_723' title='bbox 2863 4256 3072 4316; x_wconf 89' lang='lat' dir='ltr'><strong>sceptra</strong></span> <span class='ocrx_word' id='word_1_724' title='bbox 3128 4256 3416 4315; x_wconf 88' lang='lat' dir='ltr'><strong>tractante,</strong></span> 
     </span>
    </p>
   </div>
   <div class='ocr_carea' id='block_1_98' title="bbox 1842 4333 3420 4407">
    <p class='ocr_par' dir='ltr' id='par_1_98' title="bbox 1842 4333 3420 4407">
     <span class='ocr_line' id='line_1_98' title="bbox 1842 4333 3420 4407; baseline -0.002 -15"><span class='ocrx_word' id='word_1_725' title='bbox 1842 4346 1966 4405; x_wconf 88' lang='lat' dir='ltr'><strong>post</strong></span> <span class='ocrx_word' id='word_1_726' title='bbox 2027 4335 2242 4390; x_wconf 88' lang='lat' dir='ltr'><strong>initium</strong></span> <span class='ocrx_word' id='word_1_727' title='bbox 2297 4335 2464 4403; x_wconf 88' lang='lat' dir='ltr'><strong>veris,</strong></span> <span class='ocrx_word' id='word_1_728' title='bbox 2509 4333 2656 4392; x_wconf 91' lang='lat' dir='ltr'><strong>fama</strong></span> <span class='ocrx_word' id='word_1_729' title='bbox 2700 4339 2946 4407; x_wconf 69' lang='lat' dir='ltr'><strong>quazdam</strong></span> <span class='ocrx_word' id='word_1_730' title='bbox 2991 4338 3191 4392; x_wconf 90' lang='lat' dir='ltr'><strong>sensim</strong></span> <span class='ocrx_word' id='word_1_731' title='bbox 3225 4339 3420 4392; x_wconf 81' lang='lat' dir='ltr'><strong>diebus</strong></span> 
     </span>
    </p>
   </div>
   <div class='ocr_carea' id='block_1_99' title="bbox 1843 4426 3417 4497">
    <p class='ocr_par' dir='ltr' id='par_1_99' title="bbox 1843 4426 3417 4497">
     <span class='ocr_line' id='line_1_99' title="bbox 1843 4426 3417 4497; baseline 0.001 -14"><span class='ocrx_word' id='word_1_732' title='bbox 1843 4429 2073 4497; x_wconf 90' lang='lat' dir='ltr'><strong>singulis</strong></span> <span class='ocrx_word' id='word_1_733' title='bbox 2115 4426 2444 4496; x_wconf 84' lang='lat' dir='ltr'><strong>percrebuit,</strong></span> <span class='ocrx_word' id='word_1_734' title='bbox 2476 4438 2530 4483; x_wconf 89' lang='lat' dir='ltr'><strong>et</strong></span> <span class='ocrx_word' id='word_1_735' title='bbox 2579 4444 2764 4483; x_wconf 82' lang='lat' dir='ltr'><strong>revera</strong></span> <span class='ocrx_word' id='word_1_736' title='bbox 2819 4431 2994 4483; x_wconf 87' lang='lat' dir='ltr'><strong>bonus</strong></span> <span class='ocrx_word' id='word_1_737' title='bbox 3043 4429 3137 4482; x_wconf 83' lang='lat' dir='ltr'><strong>Dei</strong></span> <span class='ocrx_word' id='word_1_738' title='bbox 3192 4431 3417 4484; x_wconf 85' lang='lat' dir='ltr'><strong>mmtius</strong></span> 
     </span>
    </p>
   </div>
   <div class='ocr_carea' id='block_1_100' title="bbox 1843 4517 3417 4589">
    <p class='ocr_par' dir='ltr' id='par_1_100' title="bbox 1843 4517 3417 4589">
     <span class='ocr_line' id='line_1_100' title="bbox 1843 4517 3417 4589; baseline 0.003 -18"><span class='ocrx_word' id='word_1_739' title='bbox 1843 4517 2105 4573; x_wconf 83' lang='lat' dir='ltr'><strong>mundum</strong></span> <span class='ocrx_word' id='word_1_740' title='bbox 2143 4520 2402 4589; x_wconf 81' lang='lat' dir='ltr'><strong>pervasit,</strong></span> <span class='ocrx_word' id='word_1_741' title='bbox 2443 4519 2534 4574; x_wconf 88' lang='lat' dir='ltr'><strong>Dei</strong></span> <span class='ocrx_word' id='word_1_742' title='bbox 2578 4521 2916 4574; x_wconf 85' lang='lat' dir='ltr'><strong>voluntatem</strong></span> <span class='ocrx_word' id='word_1_743' title='bbox 2969 4519 3190 4575; x_wconf 86' lang='lat' dir='ltr'><strong>silentio</strong></span> <span class='ocrx_word' id='word_1_744' title='bbox 3237 4529 3417 4589; x_wconf 79' lang='lat' dir='ltr'><strong>tegere</strong></span> 
     </span>
    </p>
   </div>
   <div class='ocr_carea' id='block_1_101' title="bbox 1842 4611 3417 4680">
    <p class='ocr_par' dir='ltr' id='par_1_101' title="bbox 1842 4611 3417 4680">
     <span class='ocr_line' id='line_1_101' title="bbox 1842 4611 3417 4680; baseline 0.001 -17"><span class='ocrx_word' id='word_1_745' title='bbox 1842 4626 1949 4664; x_wconf 88' lang='lat' dir='ltr'><strong>non</strong></span> <span class='ocrx_word' id='word_1_746' title='bbox 1998 4611 2186 4665; x_wconf 80' lang='lat' dir='ltr'><strong>valens</strong></span> <span class='ocrx_word' id='word_1_747' title='bbox 2219 4612 2350 4664; x_wconf 87' lang='lat' dir='ltr'><strong>:sed</strong></span> <span class='ocrx_word' id='word_1_748' title='bbox 2401 4619 2456 4664; x_wconf 87' lang='lat' dir='ltr'><strong>et</strong></span> <span class='ocrx_word' id='word_1_749' title='bbox 2508 4626 2600 4678; x_wconf 88' lang='lat' dir='ltr'><strong>per</strong></span> <span class='ocrx_word' id='word_1_750' title='bbox 2649 4611 2892 4679; x_wconf 81' lang='lat' dir='ltr'><strong>singulos</strong></span> <span class='ocrx_word' id='word_1_751' title='bbox 2926 4611 3042 4665; x_wconf 87' lang='lat' dir='ltr'><strong>dies</strong></span> <span class='ocrx_word' id='word_1_752' title='bbox 3089 4611 3320 4680; x_wconf 89' lang='lat' dir='ltr'><strong>amplior</strong></span> <span class='ocrx_word' id='word_1_753' title='bbox 3362 4621 3417 4668; x_wconf 85' lang='lat' dir='ltr'><strong>ct</strong></span> 
     </span>
    </p>
   </div>
   <div class='ocr_carea' id='block_1_102' title="bbox 1841 4702 3417 4772">
    <p class='ocr_par' dir='ltr' id='par_1_102' title="bbox 1841 4702 3417 4772">
     <span class='ocr_line' id='line_1_102' title="bbox 1841 4702 3417 4772; baseline 0.001 -17"><span class='ocrx_word' id='word_1_754' title='bbox 1841 4702 2019 4772; x_wconf 87' lang='lat' dir='ltr'><strong>major</strong></span> <span class='ocrx_word' id='word_1_755' title='bbox 2042 4703 2224 4768; x_wconf 85' lang='lat' dir='ltr'><strong>ﬁebat,</strong></span> <span class='ocrx_word' id='word_1_756' title='bbox 2258 4703 2338 4757; x_wconf 90' lang='lat' dir='ltr'><strong>sic</strong></span> <span class='ocrx_word' id='word_1_757' title='bbox 2364 4702 2605 4758; x_wconf 84' lang='lat' dir='ltr'><strong>referens</strong></span> <span class='ocrx_word' id='word_1_758' title='bbox 2634 4721 2648 4757; x_wconf 86' lang='lat'><strong>:</strong></span> <span class='ocrx_word' id='word_1_759' title='bbox 2673 4702 2902 4768; x_wconf 86' lang='lat' dir='ltr'><strong>Quidam</strong></span> <span class='ocrx_word' id='word_1_760' title='bbox 2937 4704 2990 4756; x_wconf 92' lang='lat' dir='ltr'><strong>in</strong></span> <span class='ocrx_word' id='word_1_761' title='bbox 3019 4702 3227 4767; x_wconf 69' lang='lat' dir='ltr'><strong>Judaea,</strong></span> <span class='ocrx_word' id='word_1_762' title='bbox 3260 4705 3417 4758; x_wconf 89' lang='lat' dir='ltr'><strong>initio</strong></span> 
     </span>
    </p>
   </div>
   <div class='ocr_carea' id='block_1_103' title="bbox 1841 4795 3415 4866">
    <p class='ocr_par' dir='ltr' id='par_1_103' title="bbox 1841 4795 3415 4866">
     <span class='ocr_line' id='line_1_103' title="bbox 1841 4795 3415 4866; baseline 0.001 -16"><span class='ocrx_word' id='word_1_763' title='bbox 1841 4805 2059 4864; x_wconf 86' lang='lat' dir='ltr'><strong>sumpto</strong></span> <span class='ocrx_word' id='word_1_764' title='bbox 2091 4810 2123 4849; x_wconf 86' lang='lat' dir='ltr'><strong>a</strong></span> <span class='ocrx_word' id='word_1_765' title='bbox 2152 4810 2324 4849; x_wconf 89' lang='lat' dir='ltr'><strong>verno</strong></span> <span class='ocrx_word' id='word_1_766' title='bbox 2351 4804 2616 4865; x_wconf 89' lang='lat' dir='ltr'><strong>tempore,</strong></span> <span class='ocrx_word' id='word_1_767' title='bbox 2661 4795 2848 4849; x_wconf 70' lang='lat' dir='ltr'><strong>aeterni</strong></span> <span class='ocrx_word' id='word_1_768' title='bbox 2893 4795 2988 4849; x_wconf 88' lang='lat' dir='ltr'><strong>Dei</strong></span> <span class='ocrx_word' id='word_1_769' title='bbox 3032 4811 3256 4866; x_wconf 88' lang='lat' dir='ltr'><strong>regnum</strong></span> <span class='ocrx_word' id='word_1_770' title='bbox 3282 4797 3415 4851; x_wconf 87' lang='lat' dir='ltr'><strong>inibi</strong></span> 
     </span>
    </p>
   </div>
   <div class='ocr_carea' id='block_1_104' title="bbox 1839 4888 3417 4960">
    <p class='ocr_par' dir='ltr' id='par_1_104' title="bbox 1839 4888 3417 4960">
     <span class='ocr_line' id='line_1_104' title="bbox 1839 4888 3417 4960; baseline 0.001 -18"><span class='ocrx_word' id='word_1_771' title='bbox 1839 4888 2118 4958; x_wconf 69' lang='lat' dir='ltr'><strong>praedicat,</strong></span> <span class='ocrx_word' id='word_1_772' title='bbox 2171 4889 2317 4958; x_wconf 88' lang='lat' dir='ltr'><strong>quod</strong></span> <span class='ocrx_word' id='word_1_773' title='bbox 2362 4899 2718 4958; x_wconf 87' lang='lat' dir='ltr'><strong>percepturus</strong></span> <span class='ocrx_word' id='word_1_774' title='bbox 2750 4890 2842 4955; x_wconf 89' lang='lat' dir='ltr'><strong>sit,</strong></span> <span class='ocrx_word' id='word_1_775' title='bbox 2885 4889 2978 4958; x_wconf 82' lang='lat' dir='ltr'><strong>qui</strong></span> <span class='ocrx_word' id='word_1_776' title='bbox 3018 4891 3277 4959; x_wconf 86' lang='lat' dir='ltr'><strong>optimam</strong></span> <span class='ocrx_word' id='word_1_777' title='bbox 3320 4905 3417 4960; x_wconf 87' lang='lat' dir='ltr'><strong>per</strong></span> 
     </span>
    </p>
   </div>
   <div class='ocr_carea' id='block_1_105' title="bbox 1837 4980 3412 5049">
    <p class='ocr_par' dir='ltr' id='par_1_105' title="bbox 1837 4980 3412 5049">
     <span class='ocr_line' id='line_1_105' title="bbox 1837 4980 3412 5049; baseline -0.001 -14"><span class='ocrx_word' id='word_1_778' title='bbox 1837 4981 2020 5035; x_wconf 90' lang='lat' dir='ltr'><strong>omnia</strong></span> <span class='ocrx_word' id='word_1_779' title='bbox 2065 4981 2231 5034; x_wconf 89' lang='lat' dir='ltr'><strong>vitam</strong></span> <span class='ocrx_word' id='word_1_780' title='bbox 2282 4981 2384 5049; x_wconf 89' lang='lat' dir='ltr'><strong>ipsi</strong></span> <span class='ocrx_word' id='word_1_781' title='bbox 2429 4980 2705 5034; x_wconf 77' lang='lat' dir='ltr'><strong>exhibebit</strong></span> <span class='ocrx_word' id='word_1_782' title='bbox 2737 4997 2750 5033; x_wconf 91' lang='lat'><strong>:</strong></span> <span class='ocrx_word' id='word_1_783' title='bbox 2778 4989 2839 5035; x_wconf 90' lang='lat' dir='ltr'><strong>ut</strong></span> <span class='ocrx_word' id='word_1_784' title='bbox 2888 4989 3069 5035; x_wconf 90' lang='lat' dir='ltr'><strong>autem</strong></span> <span class='ocrx_word' id='word_1_785' title='bbox 3127 4981 3412 5046; x_wconf 87' lang='lat' dir='ltr'><strong>credatur,</strong></span> 
     </span>
    </p>
   </div>
   <div class='ocr_carea' id='block_1_106' title="bbox 1837 5072 3417 5146">
    <p class='ocr_par' dir='ltr' id='par_1_106' title="bbox 1837 5072 3417 5146">
     <span class='ocr_line' id='line_1_106' title="bbox 1837 5072 3417 5146; baseline -0.001 -20"><span class='ocrx_word' id='word_1_786' title='bbox 1837 5086 1962 5126; x_wconf 88' lang='lat' dir='ltr'><strong>eum</strong></span> <span class='ocrx_word' id='word_1_787' title='bbox 1987 5072 2290 5127; x_wconf 89' lang='lat' dir='ltr'><strong>divinitatis</strong></span> <span class='ocrx_word' id='word_1_788' title='bbox 2315 5072 2536 5140; x_wconf 89' lang='lat' dir='ltr'><strong>plenum</strong></span> <span class='ocrx_word' id='word_1_789' title='bbox 2561 5072 2758 5127; x_wconf 89' lang='lat' dir='ltr'><strong>docere</strong></span> <span class='ocrx_word' id='word_1_790' title='bbox 2800 5073 2978 5146; x_wconf 77' lang='lat' dir='ltr'><strong>ista,”</strong></span> <span class='ocrx_word' id='word_1_791' title='bbox 3047 5074 3219 5127; x_wconf 90' lang='lat' dir='ltr'><strong>multa</strong></span> <span class='ocrx_word' id='word_1_792' title='bbox 3250 5073 3417 5127; x_wconf 87' lang='lat' dir='ltr'><strong>mira-</strong></span> 
     </span>
    </p>
   </div>
   <div class='ocr_carea' id='block_1_107' title="bbox 1837 5160 3416 5230">
    <p class='ocr_par' dir='ltr' id='par_1_107' title="bbox 1837 5160 3416 5230">
     <span class='ocr_line' id='line_1_107' title="bbox 1837 5160 3416 5230; baseline 0 -15"><span class='ocrx_word' id='word_1_793' title='bbox 1837 5161 1988 5226; x_wconf 90' lang='lat' dir='ltr'><strong>bilia,</strong></span> <span class='ocrx_word' id='word_1_794' title='bbox 2015 5160 2262 5230; x_wconf 84' lang='lat' dir='ltr'><strong>prodigia</strong></span> <span class='ocrx_word' id='word_1_795' title='bbox 2304 5168 2359 5214; x_wconf 93' lang='lat' dir='ltr'><strong>et</strong></span> <span class='ocrx_word' id='word_1_796' title='bbox 2381 5161 2536 5230; x_wconf 82' lang='lat' dir='ltr'><strong>signa</strong></span> <span class='ocrx_word' id='word_1_797' title='bbox 2575 5161 2708 5225; x_wconf 88' lang='lat' dir='ltr'><strong>edit,</strong></span> <span class='ocrx_word' id='word_1_798' title='bbox 2741 5161 2862 5215; x_wconf 89' lang='lat' dir='ltr'><strong>solo</strong></span> <span class='ocrx_word' id='word_1_799' title='bbox 2888 5162 3054 5217; x_wconf 87' lang='lat' dir='ltr'><strong>verbo</strong></span> <span class='ocrx_word' id='word_1_800' title='bbox 3083 5162 3289 5217; x_wconf 88' lang='lat' dir='ltr'><strong>faciens</strong></span> <span class='ocrx_word' id='word_1_801' title='bbox 3318 5178 3416 5215; x_wconf 87' lang='lat' dir='ltr'><strong>au-</strong></span> 
     </span>
    </p>
   </div>
   <div class='ocr_carea' id='block_1_108' title="bbox 1835 5252 3416 5319">
    <p class='ocr_par' dir='ltr' id='par_1_108' title="bbox 1835 5252 3416 5319">
     <span class='ocr_line' id='line_1_108' title="bbox 1835 5252 3416 5319; baseline 0.003 -11"><span class='ocrx_word' id='word_1_802' title='bbox 1835 5254 1952 5308; x_wconf 89' lang='lat' dir='ltr'><strong>dire</strong></span> <span class='ocrx_word' id='word_1_803' title='bbox 1997 5253 2214 5318; x_wconf 89' lang='lat' dir='ltr'><strong>surdos,</strong></span> <span class='ocrx_word' id='word_1_804' title='bbox 2265 5267 2436 5307; x_wconf 66' lang='lat' dir='ltr'><strong>caecos</strong></span> <span class='ocrx_word' id='word_1_805' title='bbox 2477 5252 2682 5319; x_wconf 85' lang='lat' dir='ltr'><strong>videre,</strong></span> <span class='ocrx_word' id='word_1_806' title='bbox 2726 5255 2952 5310; x_wconf 89' lang='lat' dir='ltr'><strong>claudos</strong></span> <span class='ocrx_word' id='word_1_807' title='bbox 2993 5257 3310 5319; x_wconf 88' lang='lat' dir='ltr'><strong>ambulare;</strong></span> <span class='ocrx_word' id='word_1_808' title='bbox 3361 5269 3416 5313; x_wconf 87' lang='lat' dir='ltr'><strong>et</strong></span> 
     </span>
    </p>
   </div>
   <div class='ocr_carea' id='block_1_109' title="bbox 1835 5344 3408 5416">
    <p class='ocr_par' dir='ltr' id='par_1_109' title="bbox 1835 5344 3408 5416">
     <span class='ocr_line' id='line_1_109' title="bbox 1835 5344 3408 5416; baseline 0.001 -16"><span class='ocrx_word' id='word_1_809' title='bbox 1835 5361 2054 5401; x_wconf 85' lang='lat' dir='ltr'><strong>omnem</strong></span> <span class='ocrx_word' id='word_1_810' title='bbox 2102 5345 2354 5398; x_wconf 89' lang='lat' dir='ltr'><strong>morbum</strong></span> <span class='ocrx_word' id='word_1_811' title='bbox 2408 5344 2660 5413; x_wconf 87' lang='lat' dir='ltr'><strong>depellit,</strong></span> <span class='ocrx_word' id='word_1_812' title='bbox 2711 5359 3044 5416; x_wconf 89' lang='lat' dir='ltr'><strong>omnemque</strong></span> <span class='ocrx_word' id='word_1_813' title='bbox 3109 5347 3408 5402; x_wconf 67' lang='lat' dir='ltr'><strong>daamonem</strong></span> 
     </span>
    </p>
   </div>
   <div class='ocr_carea' id='block_1_110' title="bbox 1834 5434 3412 5507">
    <p class='ocr_par' dir='ltr' id='par_1_110' title="bbox 1834 5434 3412 5507">
     <span class='ocr_line' id='line_1_110' title="bbox 1834 5434 3412 5507; baseline 0.003 -17"><span class='ocrx_word' id='word_1_814' title='bbox 1834 5436 1986 5507; x_wconf 86' lang='lat' dir='ltr'><strong>fugat</strong></span> <span class='ocrx_word' id='word_1_815' title='bbox 2016 5453 2029 5488; x_wconf 94' lang='lat'>:</span> <span class='ocrx_word' id='word_1_816' title='bbox 2062 5434 2365 5504; x_wconf 88' lang='lat' dir='ltr'><strong>quinetiam</strong></span> <span class='ocrx_word' id='word_1_817' title='bbox 2397 5434 2599 5505; x_wconf 88' lang='lat' dir='ltr'><strong>leprosi</strong></span> <span class='ocrx_word' id='word_1_818' title='bbox 2639 5435 2857 5491; x_wconf 90' lang='lat' dir='ltr'><strong>eminus</strong></span> <span class='ocrx_word' id='word_1_819' title='bbox 2892 5444 3102 5492; x_wconf 90' lang='lat' dir='ltr'><strong>tantum</strong></span> <span class='ocrx_word' id='word_1_820' title='bbox 3140 5438 3412 5495; x_wconf 85' lang='lat' dir='ltr'><strong>intuentes</strong></span> 
     </span>
    </p>
   </div>
   <div class='ocr_carea' id='block_1_111' title="bbox 1409 5550 2076 5613">
    <p class='ocr_par' dir='ltr' id='par_1_111' title="bbox 1409 5550 2076 5613">
     <span class='ocr_line' id='line_1_111' title="bbox 1409 5550 2076 5613; baseline -0.016 0"><span class='ocrx_word' id='word_1_821' title='bbox 1409 5557 1643 5613; x_wconf 70' lang='lat' dir='ltr'><strong>VARUE</strong></span> <span class='ocrx_word' id='word_1_822' title='bbox 1672 5550 2076 5610; x_wconf 86' lang='lat' dir='ltr'><strong>LECTIONES.</strong></span> 
     </span>
    </p>
   </div>
   <div class='ocr_carea' id='block_1_112' title="bbox 228 5676 1814 5751">
    <p class='ocr_par' dir='ltr' id='par_1_112' title="bbox 228 5676 1814 5751">
     <span class='ocr_line' id='line_1_112' title="bbox 228 5676 1814 5751; baseline -0.002 -17"><span class='ocrx_word' id='word_1_823' title='bbox 228 5680 274 5714; x_wconf 85' lang='lat'>&quot;</span> <span class='ocrx_word' id='word_1_824' title='bbox 299 5680 376 5751; x_wconf 74' lang='lat' dir='ltr'><strong>al.</strong></span> <span class='ocrx_word' id='word_1_825' title='bbox 418 5681 823 5751; x_wconf 82' lang='grc' dir='ltr'>νεκυομαντίαν.</span> <span class='ocrx_word' id='word_1_826' title='bbox 902 5689 948 5726; x_wconf 76' lang='grc' dir='ltr'><strong><em>η</em></strong></span> <span class='ocrx_word' id='word_1_827' title='bbox 980 5681 1046 5736; x_wconf 91' lang='lat' dir='ltr'><strong>al.</strong></span> <span class='ocrx_word' id='word_1_828' title='bbox 1085 5680 1251 5750; x_wconf 76' lang='grc' dir='ltr'>αὐτὴν</span> <span class='ocrx_word' id='word_1_829' title='bbox 1274 5680 1373 5734; x_wconf 84' lang='grc' dir='ltr'>ὅτι.</span> <span class='ocrx_word' id='word_1_830' title='bbox 1455 5681 1501 5716; x_wconf 69' lang='grc' dir='ltr'>ιδ</span> <span class='ocrx_word' id='word_1_831' title='bbox 1534 5679 1605 5733; x_wconf 87' lang='lat' dir='ltr'><strong>al.</strong></span> <span class='ocrx_word' id='word_1_832' title='bbox 1642 5676 1814 5732; x_wconf 78' lang='grc' dir='ltr'>ἔσται.</span> 
     </span>
    </p>
   </div>
   <div class='ocr_carea' id='block_1_113' title="bbox 161 5750 406 5820">
    <p class='ocr_par' dir='ltr' id='par_1_113' title="bbox 161 5750 406 5820">
     <span class='ocr_line' id='line_1_113' title="bbox 161 5750 406 5820; baseline 0.004 -14"><span class='ocrx_word' id='word_1_833' title='bbox 161 5767 209 5820; x_wconf 76' lang='lat' dir='ltr'><strong>v,</strong></span> <span class='ocrx_word' id='word_1_834' title='bbox 239 5766 286 5806; x_wconf 90' lang='lat' dir='ltr'><strong>c.</strong></span> <span class='ocrx_word' id='word_1_835' title='bbox 321 5750 406 5807; x_wconf 78' lang='grc'><strong>10.</strong></span> 
     </span>
    </p>
   </div>
   <div class='ocr_carea' id='block_1_114' title="bbox 1913 5660 3409 5736">
    <p class='ocr_par' dir='ltr' id='par_1_114' title="bbox 1913 5660 3409 5736">
     <span class='ocr_line' id='line_1_114' title="bbox 1913 5660 3409 5736; baseline -0.005 -9"><span class='ocrx_word' id='word_1_836' title='bbox 1913 5673 1954 5707; x_wconf 70' lang='grc'>³⁸</span> <span class='ocrx_word' id='word_1_837' title='bbox 1990 5671 2062 5727; x_wconf 90' lang='lat' dir='ltr'><strong>al.</strong></span> <span class='ocrx_word' id='word_1_838' title='bbox 2110 5666 2402 5731; x_wconf 81' lang='grc' dir='ltr'>Ἰουδαίοις.</span> <span class='ocrx_word' id='word_1_839' title='bbox 2487 5668 2530 5701; x_wconf 73' lang='grc'><strong>⁸⁸</strong></span> <span class='ocrx_word' id='word_1_840' title='bbox 2557 5667 2626 5721; x_wconf 88' lang='lat' dir='ltr'><strong>al.</strong></span> <span class='ocrx_word' id='word_1_841' title='bbox 2664 5667 2840 5736; x_wconf 84' lang='grc' dir='ltr'>λέγει.</span> <span class='ocrx_word' id='word_1_842' title='bbox 2924 5668 2966 5701; x_wconf 78' lang='grc'>³⁷</span> <span class='ocrx_word' id='word_1_843' title='bbox 3010 5667 3046 5722; x_wconf 93' lang='lat' dir='ltr'><strong>l.</strong></span> <span class='ocrx_word' id='word_1_844' title='bbox 3107 5660 3324 5730; x_wconf 80' lang='lat' dir='ltr'><strong>Recogn.</strong></span> <span class='ocrx_word' id='word_1_845' title='bbox 3363 5666 3409 5725; x_wconf 66' lang='grc' dir='ltr'><strong>Ι.</strong></span> 
     </span>
    </p>
   </div>
  </div>
