3834 6220
448 335 555 390 475

1241 336 1297 391 S.
1339 336 1729 393 CLEMENTIS
1768 340 1787 394 I
1827 337 1991 393 ROM.
2034 337 2236 394 PONT.
2277 337 2503 394 UPERA
2540 336 2757 394 DUBIA.

3608 338 3705 392 «I76

446 470 595 518 eum,
638 453 815 509 sanati
845 454 1068 523 abeunt,
1103 459 1305 513 mortui
1342 459 1508 513 oblati
1546 463 1902 527 suscitantur,
1935 463 2021 516 ni-

2123 462 2307 516 λαύνει
2329 502 2343 526 ,
2380 464 2470 516 καὶ
2495 463 2671 516 πάντα
2706 462 2933 532 δαίμονα
2972 460 3277 530 φυγαδεύει·
3305 460 3443 514 ἀλλά
3475 464 3579 514 καὶ⁷
3625 462 3705 514 λε-

447 546 636 615 hilque
680 556 763 601 est
813 546 960 617 quod
1007 548 1186 603 facere
1231 559 1484 619 nequeat.
1526 553 1702 622 Atque
1748 568 1857 623 quo
1900 554 2021 621 plus

448 639 707 707 temporis
740 641 1065 708 praeteribat,
1093 656 1159 695 eo
1202 642 1376 710 major
1402 658 1466 696 ac
1503 644 1712 698 ﬁrmior
1738 661 1834 714 per
1866 662 2016 698 com-

446 729 631 798 plures
666 730 814 784 illinc
856 730 1210 785 advenientes
1265 733 1552 799 existebat,
1602 751 1712 788 non
1763 736 2017 805 amplius,

447 820 695 889 inquam,
742 820 923 888 fama,
972 823 1065 876 sed
1118 824 1234 892 ipsa
1268 827 1343 878 rei
1390 828 1610 882 veritas.
1650 825 1769 882 Jam
1804 844 1931 882 vero
1968 837 2022 882 ct

446 922 622 967 cauus
652 929 748 982 per
776 915 893 968 loca
926 916 1148 981 fiebant,
1185 928 1243 971 ut
1270 920 1673 973 consultaretur
1695 936 1759 975 ac
1790 920 2022 990 dispice~

446 1012 620 1070 retur,
666 1006 919 1073 quisnam
964 1019 1111 1063 esset
1162 1008 1230 1074 is,
1264 1010 1358 1079 qui
1404 1012 1766 1079 apparuisset,
1796 1019 1849 1065 et
1888 1010 2019 1079 quid

444 1096 607 1150 vellet
638 1096 839 1152 dicere.

521 1378 628 1433 VII.
658 1380 796 1436 Cum
837 1392 1014 1438 autem
1052 1400 1230 1439 annus
1274 1385 1341 1440 ad
1379 1395 1703 1441 autumnum
1757 1382 1864 1453 jam
1894 1402 2017 1441 ver-

442 1482 614 1539 geret,
663 1474 829 1527 homo
860 1474 1083 1543 quidam
1138 1486 1287 1531 stans
1335 1478 1389 1530 in
1439 1478 1558 1532 loco
1605 1478 2013 1545 public0:Viri,

442 1563 643 1631 inquit,
678 1564 932 1629 Romani,
966 1568 1186 1622 audite:
1219 1567 1309 1623 Dei
1339 1568 1509 1623 Filius
1541 1570 1595 1623 in
1624 1568 1808 1625 Juda’a
1831 1570 2013 1636 adest,

440 1656 656 1710 cunctis
699 1658 1008 1714 volentibus
1060 1660 1386 1727 promittens
1435 1662 1600 1715 vitam
1648 1670 1907 1716 aeternam
1968 1663 2016 1718 si

2126 556 2253 625 προὶ
2283 558 2345 608 ὲκ
2364 542 2725 626 διαστήματος
2758 556 2912 625 μόνον
2950 554 3239 626 ἐνορῶντες
3272 554 3442 624 αὐτῷ,
3481 552 3708 624 ἰώμενοι

2120 647 2577 711 ἀπαλλάσσονται,
2620 649 2802 719 νεκροὶ
2835 649 3263 719 προσφερόμενοι
3298 647 3707 716 ὲξεγείρονται,

2123 738 2218 789 καὶ
2247 737 2400 789 οὐδέν
2433 739 2578 789 ἐστιν
2612 737 2639 789 ὃ
2673 738 2746 808 μὴ
2777 738 2997 801 δυνατὸς
3044 737 3129 808 εἴη
3182 738 3373 789 ποιεῖν.
3421 737 3543 789 Καὶ
3600 737 3712 805 ὅσῳ

2120 843 2184 894 γε
2228 827 2424 896 μᾶλλον
2464 830 2492 881 ό
2523 827 2713 898 χρόνος
2755 828 3080 898 προέκοπτε,
3117 828 3251 880 πολὺ
3294 826 3500 898 μείζων
3544 827 3592 857 ¹⁸
3622 826 3712 879 διὰ

2123 917 2383 970 πλειόνων
2433 919 2540 972 τῶν
2587 919 2991 990 ἐπιδημούντων
3042 921 3135 973 καὶ
3184 918 3507 989 βεϐαιοτέρα
3542 917 3708 971 καθί-

2122 1026 2303 1073 στατο,
2354 1011 2453 1063 οὐκ
2486 1010 2564 1064 ἔτι
2609 1014 2761 1082 φήμη
2793 1012 2953 1080 λέγω,
2991 1011 3101 1065 ἀλλ’
3135 1011 3269 1080 αὐτὴ
3295 1009 3390 1063 τοῦ
3426 1010 3709 1079 πράγμα-

2118 1118 2210 1165 τος
2247 1104 2279 1172 ή
2316 1102 2562 1173 ἀλήθεια.
2600 1104 2736 1175 Ἤδη
2779 1104 2887 1175 γάρ
2918 1121 3046 1156 ποτε
3074 1104 3165 1156 καὶ
3196 1104 3524 1172 συστήματα
3558 1100 3712 1153 κατὰ

2118 1195 2315 1257 τόπους
2359 1196 2589 1263 ἐγίνετο,
2626 1196 2821 1267 βουλῆς
2865 1197 2959 1249 καὶ
3010 1196 3252 1263 σκέψεως
3291 1195 3478 1269 ἕνεκα,
3519 1193 3587 1246 τὸ
3623 1195 3710 1256 τίς

2118 1286 2186 1340 ἂν
2209 1290 2237 1341 ὁ
2267 1290 2454 1356 φανεὶς
2485 1289 2592 1360 εἰη,
2623 1291 2718 1343 καὶ
2743 1291 2793 1342 τί
2819 1289 3064 1359 βούλεται
3100 1288 3296 1356 λέγειν.

2192 1375 2299 1431 VII.
2320 1381 2475 1449 Ἀρτι
2499 1378 2555 1432 δὲ
2579 1378 2672 1431 τοῦ
2704 1378 2853 1443 ἔτους
2882 1380 3016 1451 πρὸς
3034 1380 3094 1433 τὸ
3129 1379 3527 1450 φθινοπωρινὺν
3559 1379 3708 1432 ἀπο⁶

2118 1472 2405 1537 κλίνοντος,
2424 1474 2561 1545 ἀνήρ
2581 1492 2665 1537 τις
2683 1474 2745 1545 δη
2756 1474 2914 1545 μοσίᾳ
2939 1473 3086 1537 στάς,
3116 1473 3358 1545 Ἄνδρες,
3388 1473 3521 1541 ἔφη,
3561 1474 3709 1525 Ῥω-

2120 1568 2289 1634 μαῖοι,
2320 1565 2607 1618 ἀκούσατε·
2643 1568 2670 1618 ό
2693 1564 2787 1617 τοῦ
2824 1563 2957 1617 Θεοῦ
3010 1564 3134 1626 Υἱὸς
3167 1564 3224 1615 ὲν
3252 1562 3543 1633 Ἰουδαίᾳ¹⁹
3594 1563 3707 1615 τεά-

2118 1672 2328 1725 ρεστιν,
2361 1654 2824 1727 ἐπαγγελλόμενος
2854 1656 2989 1708 πᾶσι
3018 1657 3129 1717 τοῖς
3165 1652 3515 1723 βουλομένοις
3550 1654 3709 1724 ζωὴν

442 1746 670 1801 fecerint
700 1764 820 1817 qua:
848 1744 998 1815 jubet
1042 1749 1087 1804 is
1130 1750 1223 1819 qui
1271 1752 1419 1805 misit
1462 1752 1635 1805 illum.
1673 1752 2015 1821 QuaprOpter

2117 1744 2350 1809 αἰώνιον,
2386 1746 2479 1799 ἐὰν
2508 1745 2576 1799 τά
2596 1745 2739 1799 κατὰ
2758 1744 2979 1818 γνώμην
3012 1744 3105 1797 τοῦ
3132 1744 3442 1814 πέμψαντος
3463 1745 3643 1797 αὑτὸν
3660 1745 3706 1775 ’⁸

440 1840 824 1894 convertimini
850 1856 879 1894 a
902 1840 1263 1895 deterioribus
1291 1843 1357 1896 ad
1403 1844 1650 1909 meliora,
1682 1860 1711 1900 a
1736 1854 2014 1914 tempora-

2119 1836 2382 1908 πράξωσι.
2410 1837 2500 1907 qui
2532 1812 3059 1908 uacaGdllsolievdno
3077 1835 3186 1888 τῶν
3207 1812 3475 1905 χειρόνων
3505 1835 3606 1886 ἐπὶ
3637 1834 3711 1886 τὰ

438 1930 540 1986 riis
569 1931 635 1984 ad
668 1939 905 1999 interna;
939 1941 993 1986 et
1034 1933 1313 2002 agnoscite
1358 1933 1550 2000 Deum,
1596 1939 1689 2004 qui
1738 1936 1791 1989 in
1843 1936 2016 1992 tribus

437 2018 698 2076 Personis
726 2037 870 2077 unus
899 2032 1001 2088 est,
1046 2023 1204 2091 cujus
1239 2027 1502 2078 mundum
1548 2025 1751 2093 injuste
1778 2027 2015 2083 incolitis

436 2124 562 2168 ante
585 2115 765 2184 justos
786 2115 904 2185 ejus
934 2116 1146 2170 oculos.
1180 2117 1379 2171 Verum
1428 2118 1473 2171 si
1510 2120 1931 2183 convertamini,
1962 2128 2017 2174 et

436 2209 739 2263 secundum
784 2209 1118 2265 voluntatem
1168 2208 1314 2262 illius
1367 2209 1597 2273 vivatis,
1642 2210 1698 2265 in
1739 2211 1885 2265 aliud
1914 2227 2017 2266 sce-

434 2301 621 2356 culum
654 2300 878 2367 sublati,
909 2303 1208 2371 aeternique
1252 2301 1450 2367 ell‘ecti,
1497 2301 1863 2357 ineﬂ‘abilibus
1894 2303 2014 2372 ejus

435 2388 593 2443 bonis
622 2388 978 2456 perfruemini
1018 2408 1031 2443 :
1064 2390 1148 2444 sin
1181 2406 1308 2445 vero
1332 2406 1537 2446 morem
1571 2406 1679 2447 non
1703 2393 2010 2462 gesseritis,

433 2488 719 2548 postquam
771 2495 839 2533 ex
892 2480 994 2534 hac
1041 2482 1148 2535 vita
1180 2482 1508 2550 migrabitis,
1559 2483 1611 2537 in
1653 2484 1832 2539 locum
1872 2484 2013 2555 ignis

434 2570 826 2639 conjiciemini,
851 2572 945 2626 ubi
979 2582 1240 2627 aeternum
1274 2574 1472 2642 puniti,
1500 2574 1705 2631 frustra
1736 2576 2010 2631 ducemini

434 2666 750 2734 pmnitentia
801 2681 815 2718 :
860 2682 984 2720 nam
1028 2667 1360 2735 pmnitentize
1406 2678 1622 2737 tempus
1670 2669 1723 2723 in
1759 2668 2010 2737 praesenti

433 2758 871 2827 uniuscujusque
914 2760 1023 2812 vita
1053 2760 1326 2814 consistit.
1365 2758 1489 2814 Haec
1534 2762 1700 2830 igitur
1726 2762 1814 2816 ille
1852 2763 2006 2821 dixit.

433 2849 547 2919 Ego
572 2865 702 2903 vero
733 2865 857 2903 cum
888 2851 1192 2915 audissem,
1224 2867 1365 2920 aegre
1402 2852 1642 2906 ferebam
1676 2854 1821 2922 quod
1849 2870 2011 2909 nemo

430 2956 497 2996 ex
544 2950 690 2995 tanta
723 2942 1090 3007 multitudine,
1144 2943 1331 2996 audita
1380 2952 1490 2996 tam
1548 2959 1744 3013 magna
1793 2944 2009 2999 nuntia-

431 3035 603 3100 tione,
638 3035 863 3089 dixisset
904 3053 916 3088 :
958 3033 1012 3088 In
1053 3034 1295 3091 Judaaam
1336 3036 1672 3104 proﬁciscar,
1703 3046 1762 3091 ut
1797 3038 2005 3091 videant

2118 1931 2421 2001 κρείττονα,
2454 1930 2561 1982 ἀπὸ
2602 1928 2710 1982 τῶν
2753 1929 3103 1999 προσκαίρων
3133 1929 3226 1979 ἐπὶ
3250 1926 3319 1978 τά
3353 1924 3579 1987 αἰώνια,
3609 1928 3710 1978 καὶ

2116 2020 2289 2089 γνῶτε
2323 2021 2408 2074 τὸν
2430 2023 2488 2073 ὲν
2515 2020 2693 2092 τρισὶν
2736 2018 3121 2073 ’Υποστάσεσιν
3147 2018 3241 2070 ἕνα
3259 2016 3394 2069 Θεὸν
3414 2018 3487 2078 ’³,
3521 2011 3587 2069 οὗ
3610 2018 3707 2069 τὸν

2117 2114 2320 2183 κόσμον
2347 2112 2545 2175 ἀδίκως
2570 2114 2767 2165 οἰκεῖτε
2799 2109 3103 2183 ἔμπροσθεν
3130 2111 3238 2163 τῶν
3270 2109 3437 2165 αὐτοῦ
3464 2110 3707 2163 δικαίων

2116 2204 2424 2275 ὀφθαλμῶν.
2464 2203 2601 2257 Ἀλλ’
2632 2203 2727 2257 ὲάν
2768 2202 3171 2274 μεταϐάλλησθε
3195 2203 3263 2264 ’⁸,
3288 2203 3384 2256 καὶ⁵
3420 2201 3571 2255 κατά
3600 2202 3707 2272 τὴν

2116 2295 2280 2350 αὑτοῦ
2339 2294 2569 2367 βιώσητε
2625 2295 2894 2367 βούλησιν,
2940 2297 3019 2359 είς
3064 2295 3247 2366 ἕτερον
3287 2294 3609 2365 ἐνεχθέντες
3658 2293 3705 2326 ³⁸

2114 2390 2307 2453 αίῶνα,
2335 2389 2430 2443 καὶ
2464 2389 2620 2442 ἀΐδιοι
2668 2388 2961 2459 γινόμενοι,
3006 2387 3113 2439 τῶν
3158 2388 3489 2458 ἀπορρήτων
3529 2384 3702 2439 αὐτοῦ

2114 2481 2333 2549 ἀγαθῶν
2379 2480 2733 2535 ἀπολαύσετε·
2785 2478 2879 2531 ὲάν
2921 2478 2976 2531 δὲ
3021 2476 3376 2547 ἀπειθήσητε,
3411 2477 3559 2547 μετά
3602 2476 3702 2546 τὴν

2113 2572 2320 2625 ἐνθένδε
2348 2572 2667 2634 ἀποὸίωσιν,
2698 2573 2777 2635 εἰς
2804 2571 2895 2624 τὸν
2943 2570 3105 2623 τόπον
3145 2568 3239 2622 τοῦ
3282 2569 3453 2639 πυρὸς
3487 2569 3702 2639 ἐμϐλη-

2114 2662 2365 2733 θήσεσθε,
2395 2664 2528 2716 ὅπου
2557 2663 2740 2725 ἀῖδίως
2768 2661 3136 2731 κολαζόμενοι,
3168 2661 3400 2730 ἀνόνητα
3445 2678 3699 2731 μεταμ-

2112 2756 2430 2827 ληθήσεσθε.
2475 2757 2531 2809 '0
2563 2755 2671 2826 γάρ
2700 2755 2800 2826 τῆς
2821 2756 3104 2825 μετανοίας
3132 2754 3339 2824 καιρὸς,
3367 2756 3402 2824 ἡ
3435 2753 3536 2807 νῦν
3569 2753 3702 2807 ὲκάο

2114 2868 2237 2904 στου
2290 2850 2400 2920 ζωὴ
2450 2849 2727 2919 τυγχάνει.
2778 2846 2963 2899 Ταῦτα
2995 2847 3091 2916 μὲν
3119 2842 3211 2899 οὖν
3240 2847 3447 2907 ἐκεῖνος
3483 2844 3695 2912 ἔλεγεν.

2125 2940 2264 3011 Ἐγὼ
2298 2941 2355 2995 δὲ
2402 2940 2612 2995 ἀκούων
2654 2939 2920 3010 ἠχθόμην,
2968 2940 3050 2991 ὅτι
3096 2938 3277 3009 μηδεὶς
3325 2940 3389 2991 ὲκ
3428 2939 3695 2992 τοσούτου

2110 3032 2347 3103 πλήθους
2371 3030 2697 3103 τηλικαύτην
2717 3030 2973 3098 ἀγγελίαν
2990 3029 3244 3092 ἀκούσας,
3276 3030 3368 3091 Εἰς
3402 3028 3691 3093 Ἰουδαίαν,

432 3141 501 3179 an
536 3126 637 3181 iste
677 3142 802 3180 vera
837 3126 1124 3195 loquatur,
1161 3127 1289 3181 dum
1326 3128 1435 3193 ait,
1468 3126 1560 3181 Dei
1610 3127 1809 3181 Filium
1846 3130 2008 3184 adve-

2117 3118 2254 3186 εἶπε,
2283 3121 2637 3193 πορεύσομαι,
2679 3121 2766 3173 ἵνα
2797 3120 2908 3183 ἴδω,
2940 3123 2987 3173 εί
3026 3112 3179 3183 οὗτος
3207 3118 3457 3189 ἀληθεύει
3488 3119 3692 3187 λέγων,

432 3220 583 3274 uisse
627 3220 680 3273 in
729 3217 992 3285 Iudaeam,
1044 3228 1264 3288 propter
1292 3219 1681 3288 sempiternam
1713 3234 1775 3274 ac
1809 3220 2007 3275 bonam

430 3326 605 3381 spem,
639 3312 731 3380 qui
768 3310 946 3366 Patris
991 3328 1017 3363 a
1050 3327 1161 3381 quo
1203 3312 1406 3365 missus
1434 3320 1519 3366 est
1550 3312 1885 3366 voluntatem
1913 3328 2011 3366 an-

431 3403 647 3457 nunliet
681 3421 694 3456 :
722 3402 1166 3473 quandoquidem
1192 3414 1247 3457 et
1278 3403 1329 3457 id
1353 3402 1499 3472 quod
1530 3403 1686 3458 aiunt
1712 3419 1839 3459 eum
1871 3420 2009 3468 pra:-

430 3494 635 3561 dicare,
666 3511 774 3548 non
800 3505 881 3548 est
899 3496 1153 3564 exiguum
1190 3495 1593 3564 :quorumdam
1624 3499 1768 3550 enim
1797 3498 2010 3551 animas

429 3584 682 3648 allii-mat,
730 3594 787 3639 ut
833 3593 959 3653 pote
1008 3585 1366 3649 immortales,
1414 3585 1816 3641 immortalibus
1840 3587 2005 3641 etiam

431 3690 499 3729 ac
530 3675 747 3728 mternis
781 3674 939 3728 bonis
990 3674 1289 3741 fruituras;
1338 3677 1699 3745 quorumdam
1755 3692 1904 3743 vero,
1951 3678 2006 3731 in

432 3767 614 3837 ignem
660 3766 1048 3821 inexstinctum
1096 3767 1410 3837 projectas,
1472 3777 1732 3832 aeternum
1779 3770 2008 3839 punien-

428 3855 549 3910 das.

505 3945 637 4000 VIII.
666 3946 803 4001 Cum
855 3948 928 4002 ita
959 3963 1087 4019 erga
1123 3958 1353 4005 emteros
1395 3949 1620 4003 affectus
1647 3964 1824 4004 essem
1844 3990 1857 4013 ,
1890 3951 2007 4006 hare

430 4055 649 4110 quoque
676 4042 742 4094 ad
775 4042 1043 4110 meipsum
1067 4042 1312 4097 dicebam
1345 4058 1358 4094 :
1393 4042 1574 4108 Quare
1599 4058 1727 4096 vero
1754 4044 1890 4098 alios
1930 4045 2007 4097 in-

428 4146 586 4195 cuso,
617 4133 710 4201 qui
756 4132 810 4186 in
841 4133 1031 4187 eodem
1074 4148 1197 4187 cum
1249 4133 1355 4188 illis
1401 4135 1630 4189 crimine
1664 4135 2006 4204 negligentiae

426 4226 657 4279 versor?
679 4240 797 4290 nec,
823 4225 1104 4294 dispositis
1128 4226 1281 4295 prius
1303 4227 1465 4281 rebus
1495 4227 1651 4289 meis,
1685 4227 1737 4279 in
1761 4226 2002 4282 Judieam

427 4316 591 4379 vado,
643 4317 797 4370 testis
829 4332 1021 4371 eorum
1074 4320 1321 4373 omnium
1372 4320 1591 4373 futurus
1640 4319 1787 4388 ipse?
1817 4319 2004 4390 Itaque

428 4408 558 4462 dum
589 4409 693 4462 hoc
716 4409 1006 4463 consilium
1035 4410 1321 4480 agitarem,
1351 4411 1581 4465 multum
1617 4411 1830 4464 interim
1863 4421 2001 4465 tem-

2115 3214 2190 3276 ῶς
2218 3214 2326 3285 ἄρα
2355 3213 2482 3276 Υἱὸς
2507 3212 2603 3265 τοῦ
2633 3211 2766 3264 Θεοῦ
2797 3212 3007 3283 ὲπιδεδή
3019 3228 3157 3282 μηκε
3185 3214 3251 3281 τῇ
3294 3211 3525 3281 Ἰουδαίᾳ
3556 3212 3698 3264 αἰω-

2112 3306 2230 3369 νίας
2258 3322 2317 3357 τε
2344 3306 2437 3357 καὶ
2463 3304 2672 3375 ἀγαθῆς
2714 3304 2871 3375 χάριν
2899 3303 3130 3368 ἐλπίδος,
3170 3302 3266 3373 τὴν
3293 3301 3387 3354 τοῦ
3432 3302 3697 3372 πέμψαν-

2110 3415 2199 3461 τος
2242 3398 2452 3469 Πατρδς
2494 3396 2745 3467 βούλησιν
2787 3396 3187 3464 καταγγέλλων·
3230 3396 3352 3447 ἐπεὶ
3397 3396 3493 3447 καὶ
3550 3396 3698 3467 ὅπερ

2111 3489 2357 3557 λέγουσιν
2384 3490 2543 3543 αὑτὸν
2588 3489 2901 3560 κηρύσσειν,
2933 3489 3033 3540 οὐκ
3077 3486 3189 3540 ἔστι
3221 3486 3433 3558 μικρόν·
3479 3480 3559 3539 ὧν
3592 3487 3700 3555 μὲν

2109 3580 2219 3651 γάρ
2243 3580 2340 3644 τὰς
2382 3562 2559 3651 ψυχὰς
2586 3580 3008 3642 διαδεὸαιοῦται,
3040 3580 3288 3642 αἰωνίους
3325 3578 3489 3641 οὕσας
3508 3618 3524 3641 ,
3556 3581 3699 3631 αἰω-

2111 3676 2239 3728 νίων
2281 3672 2681 3728 ἀπολαύσεσθαι
2721 3674 2815 3726 καὶ
2846 3672 2954 3724 τῶν
2996 3671 3234 3740 ἀγαθῶνο
3265 3665 3339 3723 ὧν
3367 3671 3424 3725 δὲ
3456 3672 3516 3724 ὲν
3550 3674 3701 3746 πυρὶ

2107 3768 2355 3838 ἀσϐέστῳ
2384 3767 2650 3839 ῥιφείσας,
2673 3768 2753 3829 εἰς
2779 3764 2950 3819 αἰῶνα
2976 3764 3023 3795 ⁸⁸
3050 3762 3477 3834 κολασθήσεσθαι
3508 3764 3580 3818 ³⁸.

2182 3946 2313 4001 VIII.
2336 3947 2491 4001 Οὕτω
2522 3946 2651 4017 περὶ
2665 3944 2771 3998 τῶν
2791 3943 2992 3997 λοιπῶν
3013 3943 3172 4013 ἔχων,
3196 3938 3421 3994 τοιαῦτα
3440 3940 3537 3992 καὶ
3549 3940 3701 4012 πρὸς

2107 4039 2341 4111 ἐμαυτὸν
2372 4038 2573 4106 ἔλεγον·
2608 4038 2672 4091 Τί
2702 4038 2764 4108 δή
2817 4054 2946 4089 ποτε
2989 4036 3273 4106 μέμφομαι
3311 4033 3437 4097 τοὺς
3464 4032 3697 4097 ἄλλους,

2107 4131 2163 4182 ὲν
2195 4128 2293 4198 ἷοζῳ
2330 4129 2427 4199 τῆς
2457 4128 2716 4197 ἀμελείας
2752 4125 2827 4179 ὢν
2868 4127 3096 4189 ἐκείνοις
3125 4124 3461 4195 ἐγκλήματι,
3498 4124 3598 4177 καὶ
3624 4126 3696 4184 οὐ

2107 4221 2367 4292 πρότερον
2414 4220 2506 4272 τὸν
2550 4219 2678 4288 ἐμὸν
2712 4218 2915 4281 διαθεὶς
2943 4217 3075 4288 βίον,
3108 4220 3187 4279 εἰς
3243 4215 3501 4269 Ἰουδαίαν
3550 4218 3692 4283 ἀφι-

2105 4311 2364 4382 κνοῦμαι,
2398 4311 2607 4382 μάρτυς
2659 4311 2765 4365 τῶν
2809 4312 3063 4365 τοιούτων
3095 4308 3254 4372 αὐτὸς
3286 4308 3693 4378 γενησόμενος;

2105 4402 2280 4467 οὕτως
2311 4400 2402 4457 οὖν
2435 4403 2867 4473 βουλευσαμένῳ,
2900 4404 3067 4466 πολὺς
3092 4403 3119 4452 ὁ
3156 4398 3357 4471 μεταξὺ
3382 4398 3698 4468 διετρίϐετο

422 4502 575 4570 poris
618 4501 913 4567 terebatur,
964 4503 1199 4570 negotiis
1249 4503 1411 4572 hujus
1457 4504 1643 4558 saaculi
1702 4520 1788 4558 me
1835 4505 1900 4559 ad
1941 4520 1998 4559 se

2117 4498 2314 4569 χρόνος,
2354 4497 2460 4549 τῶν
2512 4495 2775 4566 βιωτικῶν
2821 4512 2887 4564 με
2946 4492 3291 4566 πραγμάτων
3332 4490 3469 4560 πρὸς
3515 4491 3697 4545 ἑαυτὰ

424 4592 1011 4676 pertraheiitibus,.tiec
1038 4594 1249 4647 valente
1273 4610 1359 4649 me
1386 4595 1452 4648 ab
1491 4595 1558 4649 iis
1587 4596 1852 4665 expediri.
1891 4595 1996 4650 Sed

431 4683 670 4746 tandem,
696 4699 820 4737 cum
847 4685 1013 4737 vitam
1043 4684 1506 4748 considerassem,
1538 4702 1700 4754 quam
1729 4687 1998 4743 instabilis

426 4774 498 4828 sit
536 4788 603 4827 ac
640 4775 957 4843 inaequalis,
1004 4790 1240 4844 cumque
1283 4775 1406 4829 dein
1459 4790 1620 4829 omne
1664 4779 1993 4845 praeteritum

424 4874 639 4935 tempus
666 4867 719 4919 in
753 4868 1073 4922 memoriam
1103 4884 1465 4935 revocassem,
1490 4872 1634 4938 quod
1670 4872 1832 4924 modo
1866 4873 1998 4927 sub-

428 4958 739 5013 blandiente
772 4960 905 5014 mihi
948 4975 1162 5029 semper
1192 4976 1308 5030 spe,
1346 4961 1629 5029 hucusque
1664 4963 1996 5030 permansis-

427 5071 565 5122 sem,
607 5057 863 5126 quodque
895 5058 973 5112 sic
1003 5072 1193 5112 omnes
1224 5057 1472 5111 homines
1511 5060 1758 5125 occupati
1793 5060 1995 5113 moria-

424 5162 582 5215 mur;
614 5156 809 5202 euncta
839 5164 956 5202 mea
977 5155 1140 5217 prout
1164 5157 1319 5201 erant
1349 5147 1685 5217 relinquens,
1708 5149 1995 5204 confestim

2107 4586 2517 4661 περισπώντων,
2550 4588 2643 4639 καὶ
2670 4583 3006 4637 δυσεκλύτων
3042 4600 3131 4654 μοι
3165 4580 3482 4651 γινομένων.
3517 4577 3697 4640 Τέλος

2104 4681 2234 4750 γοῦν
2260 4682 2551 4751 συννοήσας
2580 4680 2672 4731 τὸν
2706 4677 2819 4747 βίον
2841 4677 2989 4738 ὅπως
3025 4675 3253 4737 ἄστατός
3282 4674 3396 4725 ἐστι
3424 4670 3515 4723 καὶ
3543 4668 3699 4721 ἀνώ-

2108 4773 2294 4845 μαλος,
2324 4768 2441 4824 εἶτα
2490 4771 2582 4822 καὶ
2622 4770 2711 4823 τὸν
2740 4767 2940 4840 προτοῦ
2980 4768 3168 4839 χρόνον
3200 4765 3410 4818 ἅπαντα
3450 4762 3694 4831 διαμνη-

2112 4869 2399 4940 μονεύσας,
2422 4867 2568 4927 ὅπως
2596 4861 2994 4931 ύποσαινούσης
3021 4877 3088 4929 με
3119 4860 3205 4911 ἀεὶ
3234 4857 3334 4925 τῆς
3362 4855 3576 4918 ἐλπίδος
3600 4858 3692 4919 εἰς

2104 4960 2264 5032 δεῦρο
2291 4958 2616 5029 παρέμεινα,
2650 4955 2743 5009 καὶ
2777 4956 2857 5007 ὅτι
2877 4952 3049 5015 οὕτως
3074 4950 3455 5021 ἀσχολούμενοι
3479 4948 3697 5012 πάντες

2106 5051 2380 5120 ἄνθρωποι
2414 5049 2735 5118 θνῄσκομεν,
2764 5045 2832 5097 τά
2861 5044 3037 5096 πάντα
3061 5059 3163 5113 μου
3192 5042 3267 5104 ὡς
3292 5041 3475 5109 ἔτυχεν
3497 5039 3695 5105 ἀφεὶς,

2103 5147 2184 5208 εἰς
2237 5142 2436 5197 Πόντον
2482 5142 2555 5211 (5)
2586 5139 2747 5202 εὐθὺς
2788 5137 3052 5208 ὥρμησα,
3096 5134 3192 5187 καὶ
3226 5134 3304 5194 εἰς
3345 5131 3433 5183 τὸν
3484 5130 3694 5199 λιμένα

1687 5266 1922 5320 VARUE
1964 5261 2362 5319 LECTIONES.

498 5406 541 5435 “‘
575 5404 644 5457 aI.
677 5403 875 5473 μεῖζον.
958 5404 999 5435 ¹⁹
1033 5403 1103 5456 al.
1134 5402 1450 5476 ἤθεσι-,νῦνᾲ
1506 5400 1632 5476 Ἶρι.
1667 5401 1831 5476 inser.
1866 5406 2086 5476 πατρός.
2156 5407 2198 5437 ἰ
2220 5405 2323 5457 Τὸν
2356 5403 2616 5476 ἐν-τρισὶν
2648 5394 3152 5476 ’Υξποστάσεσινὲνα
3174 5393 3325 5476 Θεόν;
3371 5388 3689 5476 ‘Pialnter—

428 5461 1001 5545 putarimfseu'parum
1039 5474 1364 5529 necessaria.
1400 5470 1659 5526 Similiter
1688 5461 1991 5526 alibi.tlor.'
2048 5461 2192 5529 'Hai.
2233 5461 2624 5545 μεταϐάλησθε.
2699 5469 2825 5521 "al.
2861 5465 3199 5535 ἀναχθέντες.
3279 5461 3406 5514 “al.
3451 5462 3684 5522 αἰῶνας.

1753 5611 2062 5668 VARIORU
2073 5611 2121 5665 Μ
2159 5608 2387 5664 ΝΟΤΑΕ.

497 5708 572 5775 (⁸5)
635 5708 794 5765 Forte
847 5708 1078 5780 Πόρτον,
1128 5706 1387 5771 Portum;
1424 5724 1648 5778 nempe,
1690 5705 2021 5762 Romanum.
2066 5703 2194 5761 Vide
2233 5702 2549 5773 Martyrium
2590 5695 2809 5769 lgnatii,
2850 5709 2904 5748 n.
2946 5708 3032 5760 vt,
3075 5701 3127 5747 et
3163 5688 3326 5754 infra,
3358 5706 3413 5743 η.
3444 5705 3662 5744 Lxxviu

426 5545 471 5574 ’⁵
505 5546 571 5597 al.
600 5543 943 5608 κολάζεσθαι.

428 5774 593 5833 (Itan.
