3834 6220
152 337 263 393 ιη
310 336 313 337 ⁷

974 335 1428 394 CLEMENTINA.
1465 368 1535 377 —
1572 335 1868 392 EPITOME
1903 336 1989 393 DE
2011 337 2252 395 GESTIS
2287 337 2344 393 S.
2376 336 2602 394 PETRI.

3297 340 3399 395 478

146 460 333 514 ἐλθών
358 477 418 513 τε
447 460 542 514 ml
561 460 835 533 ἀναχθεὶς,
867 456 1080 531 ἀνέμων
1107 461 1459 525 ἀντιπνοίαις,
1497 461 1615 515 ἀντὶ
1634 458 1727 513 τοῦ

1831 461 1897 515 ad
1927 476 2077 516 mare
2120 460 2440 532 properavi;
2488 469 2542 515 et
2586 460 2642 514 in
2672 458 2903 515 Pontum
2939 474 3193 527 vemens,
3238 471 3399 531 atque

147 550 238 611 είς
290 548 546 604 Ἰουδαίαν
572 552 830 624 κατᾶραι,
856 551 1197 624 προσώκειλα
1222 553 1291 623 τῇ
1339 550 1728 622 Ἀλεξανδρείᾳ.

162 637 326 692 Ἐκεῖ
362 640 420 695 δὲ
466 642 794 711 συνεφοίτων
846 646 959 705 τοῖς
1006 643 1313 713 φιλοσόφοις
1335 682 1350 707 ,
1408 642 1732 713 πνευμάτων

147 731 428 803 ἐπηρείας
451 732 550 803 ήδη
583 750 673 803 μοι
706 732 801 786 τὸν
838 732 1005 787 πλοῦν
1034 733 1357 805 ἐπεχούσης,
1381 734 1475 787 ml
1508 732 1577 785 τὰ
1606 734 1734 804 περὶ

142 822 259 892 τῆς
293 824 501 894 φήμης,
527 823 593 895 ἢν
618 826 644 877 ὁ
678 824 865 892 φανεὶς
885 825 943 878 ἐν
976 823 1159 896 Ῥώμῃ
1184 824 1473 895 διήγγειλε,
1498 824 1593 878 ml
1611 823 1733 877 τίνα

142 931 213 981 γε
242 912 693 983 ἃκαταγγέλλοι,
735 914 921 985 σαφῶς
952 916 1160 970 ἕκαστα
1191 916 1507 984 καταλέγειν
1528 914 1726 986 ἠξίουν.

143 1006 215 1057 Ol
247 1004 330 1068 δέ,
370 1006 612 1059 Φανέντα
657 1006 775 1077 μὲν,
821 1003 995 1071 εἷπον,
1039 1008 1099 1060 ἐν
1147 1005 1331 1079 Ῥώμῃ
1377 1007 1575 1060 τοιόνδε
1613 1006 1732 1061 τινὰ

141 1096 295 1159 ὅλως
330 1097 430 1148 οὐκ
466 1095 641 1167 ῐσμεν·
676 1097 804 1168 περὶ
826 1097 881 1150 δὲ
910 1096 1004 1151 τοῦ
1048 1098 1107 1150 ἐν
1154 1098 1383 1169 Ἰουδαίᾳ
1414 1096 1729 1167 γενομένου,

143 1187 249 1238 καὶ
277 1185 410 1239 Υίοῦ
439 1186 574 1239 Θεοῦ
616 1187 719 1240 ὑπὸ
756 1188 857 1258 τῆς
884 1188 1072 1259 φήμης
1109 1188 1533 1259 κηρυττομένου,
1581 1184 1730 1256 παρὰ

141 1276 367 1331 πολλῶν
414 1278 523 1331 τῶν
576 1279 781 1333 ἐκεῖθεν
824 1279 1156 1350 ἐληλυθότων
1175 1318 1191 1344 ,
1242 1279 1575 1349 ἠκούσαμεν,
1632 1277 1729 1331 ml

142 1369 288 1439 περὶ
320 1368 537 1423 πάντων
557 1363 632 1424 ὧν
662 1370 836 1424 ἐποίει
870 1369 966 1425 καὶ
998 1369 1139 1442 ψιλῷ
1165 1370 1242 1443 τῷ
1283 1370 1485 1442 ῥήματι
1514 1368 1727 1439 θαυμα-

143 1458 290 1512 σίων
322 1460 619 1531 ἐμάθομεν.

215 1638 315 1696 IX.
333 1640 499 1712 Ἐμοῦ
518 1641 575 1696 δὲ
600 1644 860 1707 είπόντος·
877 1642 1176 1715 ἐϐουλόμην
1189 1622 1295 1697 τινὶ.
1313 1643 1420 1697 τῶν
1434 1642 1480 1676 ’⁸
1492 1641 1729 1714 ἑωρακό-

140 1750 259 1786 των
293 1733 455 1787 αὑτὸν
479 1734 858 1803 συγγενέσθαι,
888 1735 982 1789 ml
1002 1736 1103 1788 ὅσα
1122 1734 1274 1789 ποθῶ
1297 1733 1485 1805 μαθεῖν
1496 1732 1727 1788 ἀκοῦσαι

1832 552 2164 619 subvectus,
2211 552 2388 607 ventis
2435 551 2880 615 adversantibus,
2939 568 3040 622 pro
3092 550 3279 607 Judzea
3330 568 3397 608 au

1832 658 1997 713 quam
2046 641 2245 699 deferri
2292 643 2606 712 cupiebam,
2645 643 3028 699 Alexandriam
3082 646 3282 715 appuli.
3322 645 3395 701 lbi

1832 744 2014 789 autem
2088 735 2154 789 ad
2230 734 2584 804 philosophos
2660 736 2986 791 ventilabam
3071 738 3396 808 (ventorum

1831 824 2029 894 quippe
2059 824 2143 877 vis
2165 823 2339 878 adhuc
2359 823 2755 892 navigationem
2783 823 3101 893 inhibebat),
3128 823 3398 893 petebam-

1831 930 1938 986 que
1973 923 2033 970 ut
2086 914 2300 984 singula
2350 916 2496 969 clare
2543 923 2863 969 enarrarent
2912 916 2980 969 de
3034 931 3100 970 eo
3153 931 3393 981 rumore,

1832 1024 1991 1079 quem
2023 1008 2071 1064 is
2101 1009 2193 1078 qui
2223 1006 2410 1063 Romae
2443 1017 2766 1077 conspectus
2788 1006 2963 1062 fuerat
2994 1009 3391 1073 annuntiasset,

1831 1114 1897 1154 ac
1926 1114 2172 1169 quamam
2215 1100 2304 1153 ille
2341 1099 2691 1168 divulgassct.
2726 1098 2796 1152 At
2829 1100 2904 1152 illi
2950 1100 3346 1168 responderunt
3377 1116 3392 1152 :

1832 1190 1980 1247 Talis
2008 1190 2276 1261 quispiam
2309 1206 2376 1244 an
2402 1189 2588 1244 Romae
2625 1189 2776 1243 visus
2810 1187 2991 1253 fuerit,
3022 1189 3182 1258 plane
3212 1189 3393 1243 nesci-

1830 1298 1988 1349 mus;
2024 1283 2090 1337 de
2133 1297 2199 1336 eo
2245 1290 2426 1335 autem
2463 1280 2556 1350 qui
2596 1281 2649 1334 in
2691 1278 2874 1335 Judaea
2919 1280 3099 1350 degit,
3144 1292 3196 1334 et
3224 1279 3395 1333 Filius

1828 1372 1924 1428 Dei
1953 1387 2075 1427 esse
2096 1388 2126 1425 a
2152 1370 2296 1425 fama
2328 1370 2674 1440 praedicatur,
2708 1370 3015 1425 audivimus
3041 1384 3071 1422 a
3094 1370 3278 1424 multis
3301 1370 3393 1438 qui

1829 1462 1978 1518 illinc
2007 1468 2293 1527 venerunt,
2328 1468 2380 1514 et
2421 1460 2785 1515 intelleximus
2820 1461 2887 1514 de
2915 1460 3255 1515 mirabilibus
3279 1475 3399 1515 om-

1827 1553 1991 1607 nibus
2017 1567 2138 1622 quae
2167 1552 2285 1607 solo
2306 1552 2469 1605 etiam
2494 1551 2659 1605 verbo
2689 1541 2886 1604 edidit.'

1899 1639 1989 1695 1X.
2016 1640 2081 1694 Et
2108 1655 2232 1696 cum
2264 1640 2500 1694 dicerem
2523 1653 2718 1708 cupere
2748 1653 2834 1692 me
2865 1638 2919 1691 in
2944 1637 3277 1707 colloquium
3306 1654 3399 1693 ve-

1829 1733 1947 1788 nire
1975 1748 2099 1787 cum
2130 1732 2315 1802 aliquo
2347 1746 2539 1786 eorum
2584 1731 2679 1800 qui
2720 1730 2869 1783 illum
2915 1729 3200 1797 vidissent,
3236 1739 3399 1799 atque

140 1824 283 1895 περὶ
311 1824 496 1891 αὐτοῦ,
532 1825 891 1889 ὑπολαϐόντες
918 1826 1133 1891 ἐκεῖνοι,
1170 1826 1327 1879 Ἔστι
1358 1844 1443 1890 τις
1478 1826 1728 1885 ἐνταῦθα.

1831 1825 1899 1879 de
1926 1839 1991 1879 eo
2022 1824 2211 1879 audire
2231 1837 2568 1893 quaecunque
2595 1822 2735 1877 scire
2757 1836 3040 1889 cuperem;
3068 1822 3399 1890 excipientes

140 1914 339 1984 φασὶν,
370 1916 433 1969 ού
469 1917 626 1987 μόνον
653 1918 945 1989 ἱστορήσας
966 1916 1150 1980 αὐτὸν,
1182 1916 1316 1970 ἀλλά
1339 1918 1433 1970 ml
1459 1919 1559 1989 τῆς
1591 1919 1732 1971 ἐκεί-

138 2006 238 2061 θεν
272 2009 381 2079 γῆς
410 2008 692 2080 ὑπάρχων,
727 2008 869 2081 ἀνὴρ
889 2008 1072 2079 τίμιος
1093 2008 1316 2079 ὀνόματι
1336 2008 1641 2079 Βαρνάϐας,
1672 2009 1732 2073 ὃς

136 2097 242 2151 ενα
270 2100 368 2152 καὶ
395 2098 508 2152 τῶν
550 2098 715 2153 αὐτοῦ
750 2098 1005 2170 μαθητῶν
1036 2099 1226 2153 ἐαυτὸν
1253 2094 1393 2153 εἶναι
1430 2098 1599 2169 λέγει,
1636 2099 1731 2153 ml

138 2190 386 2245 ἐνταῦθά
431 2208 535 2244 που
583 2192 961 2263 καθεζόμενος,
992 2190 1063 2245 τὰ
1090 2193 1219 2261 παρ’
1242 2191 1447 2245 ἐκείνου
1489 2192 1730 2263 ὑπεσχη-

140 2281 289 2353 μένα
326 2283 439 2345 τοῖς
482 2281 593 2335 τῶν
628 2282 886 2337 τοιούτων
935 2283 1138 2350 ἀξίοις,
1169 2283 1400 2354 ἑτοίμως
1441 2282 1517 2353 τῷ
1548 2282 1731 2352 βουλο-

141 2372 299 2446 μένῳ
326 2372 567 2437 διέξεισι.
594 2374 703 2426 Καὶ
727 2373 866 2444 δῆτα
890 2373 984 2427 τὸν
1011 2373 1174 2427 τόπον
1202 2373 1523 2427 καταλαϐὼν
1552 2376 1633 2438 εἰς
1669 2375 1728 2428 δν

136 2465 168 2517 ὁ
194 2463 342 2535 ἀνὴρ
380 2461 559 2517 εἰώθει
591 2462 938 2529 καθέζεσθαι,
977 2465 1072 2518 ml
1104 2463 1269 2536 μέρος
1312 2464 1405 2517 καὶ
1433 2463 1594 2527 αὐτὸς
1632 2463 1729 2517 τοῦ

139 2555 576 2625 περιεστηκότος
616 2555 855 2627 πλήθους
888 2556 1200 2627 γενόμενος,
1244 2557 1408 2629 ἔστην
1442 2559 1727 2613 ἐπακούων

137 2646 253 2700 τῶν
288 2645 617 2717 λεγομένων,
646 2648 742 2700 καὶ
777 2648 1058 2703 συνενόουν
1092 2648 1302 2721 τάληθῆ
1326 2650 1387 2703 ού
1416 2650 1725 2722 διαλεκτικῇ

140 2737 255 2790 τινὶ
292 2736 457 2808 τέχνῃ
487 2737 806 2793 διδάσκοντα
833 2738 1043 2804 τοῦτον,
1074 2740 1188 2794 ἀλλ’
1219 2741 1728 2813 ἀπαρασκευάστως

137 2828 289 2883 οὕτω
309 2830 408 2883 καὶ
428 2829 615 2894 ἁπλῶς
640 2830 1020 2906 ἐπιτιθέμενον,Δ
1034 2832 1070 2886 ἀ
1088 2850 1148 2885 τε
1171 2833 1372 2904 ἤκουσε
1398 2835 1491 2887 ml
1513 2833 1727 2906 ἑώρακε

138 2920 233 2974 τὸν
260 2918 359 2973 τοῦ
389 2920 524 2974 Θεοῦ
555 2922 790 2991 φανέντα
819 2922 947 2975 Υίὸν
972 2902 1330 2995 πεποιηκέναι
1358 2942 1419 2978 τε
1448 2926 1543 2979 καὶ
1576 2902 1728 2998 είρη-

139 3013 320 3069 κέναι.
352 3013 591 3078 Πολλοὺς
616 3014 674 3069 δὲ
718 3015 1000 3087 μάρτυρας
1027 3015 1137 3070 τῶν
1173 3017 1263 3069 ὑπ’
1293 3014 1457 3069 αὑτοῦ
1495 3016 1726 3088 λεγομέ-

140 3122 252 3159 νων
265 3105 601 3200 θαυμασίων
626 3124 685 3159 τε
713 3108 806 3162 ml
832 3107 1023 3176 λόγων,
1043 3106 1104 3173 ἐξ
1121 3106 1287 3161 αὐτοῦ
1317 3107 1412 3162 τοῦ
1443 3110 1727 3182 παρεστῶ-
1753 3145 1796 3200 c

136 3213 233 3262 τος
260 3198 423 3268 ὄχλου
453 3200 765 3270 παρείχετο.

206 3288 282 3342 Χ.
328 3289 480 3343 Ἐπεὶ
500 3290 556 3343 δὲ
586 3290 723 3362 πρὸς
748 3289 817 3344 τὰ
836 3292 966 3363 παρ’
988 3288 1153 3344 αὐτοῦ
1188 3290 1551 3363 ἀπανούργως
1576 3291 1729 3361 λεγό-

143 3398 284 3455 μενα
314 3381 490 3453 ἡδέως
530 3382 581 3435 οἱ
609 3382 754 3452 ὄχλοι
781 3382 1073 3447 διέκειντο,
1108 3383 1159 3436 οί
1205 3384 1271 3437 ἐκ
1316 3383 1566 3448 παιδείας
1636 3402 1730 3439 κο-

141 3473 348 3544 σμικῆς
391 3472 703 3544 ὁρμώμενοι
758 3473 1069 3543 φιλόσοφοι,
1115 3473 1394 3545 χλευάζειν
1420 3475 1582 3529 αὐτὸν
1635 3477 1731 3530 ml

140 3565 307 3637 γελᾷν
350 3565 689 3637 ἐπειρῶντο,
720 3564 1064 3630 σκώπτοντες
1102 3566 1328 3639 ἀμέτρῳ
1373 3566 1584 3639 θράσει,
1636 3569 1730 3623 ml

141 3656 509 3729 διασύροντες,
539 3659 634 3711 ml
662 3651 750 3711 οἷα
798 3658 1052 3729 μεγάλοις
1098 3658 1283 3722 ὅπλοις
1328 3662 1442 3723 τοῖς
1487 3659 1730 3729 συλλογι-

145 3751 305 3819 σμοῖς
334 3752 457 3802 κατ’
477 3748 643 3803 αὐτοῦ
671 3751 959 3822 χρώμενοι.
979 3750 1036 3805 '0
1056 3750 1112 3804 δὲ
1138 3749 1524 3822 ἀπωθούμενος
1550 3752 1729 3806 αὐτῶν

142 3839 234 3894 τὸν
277 3840 467 3913 λῆρον,
505 3842 567 3895 ού
606 3842 925 3914 συνέτρεχεν
965 3842 1144 3897 αὐτῶν
1174 3844 1241 3914 τῇ
1272 3842 1563 3914 πανούργῳ
1598 3843 1730 3896 πεύ-

146 3947 249 3995 σει,
280 3932 417 3985 ἀλλά
438 3934 533 3985 καὶ
559 3934 979 4005 ἀκατάπληκτος
1007 3934 1083 3986 ὢν
1102 3933 1280 4003 λέγειν
1310 3935 1410 3988 οὐκ
1439 3934 1725 4003 ἀφίστατο.

145 4023 255 4076 Καί
300 4024 439 4077 ποτέ
481 4042 566 4088 τις
604 4025 905 4090 διαπαίζων
950 4026 1108 4097 δῆθεν
1160 4026 1324 4081 αὑτὸν
1376 4025 1724 4079 ἐπυνθάνετο·

145 4117 242 4170 Διά
270 4118 347 4180 τί,
376 4111 422 4170 ὦ
448 4117 538 4170 νέε
557 4117 865 4181 διδάσκαλε,
894 4116 1095 4187 κώνωψ
1128 4117 1366 4185 ἐγένετο,
1400 4118 1494 4169 καὶ¹
1524 4116 1723 4189 βραχύ-

142 4224 306 4273 τατος
331 4208 431 4273 ὢν,
482 4208 543 4273 ἐξ
572 4209 737 4273 πόδας
768 4209 904 4279 ἔχων
951 4211 1045 4263 ml
1089 4208 1267 4281 πτερὰ
1313 4207 1500 4280 φέρειο
1532 4208 1729 4278 ἐλέφας

142 4300 198 4354 δὲ
243 4301 306 4354 τὸ
352 4301 607 4371 μέγιστον
638 4302 774 4367 ζῶον
811 4302 1045 4373 ἄπτερος
1075 4301 1178 4365 ὢν,
1218 4301 1492 4372 τέσσαρας
1536 4299 1729 4371 μόνους

144 4393 255 4463 ἔχει
284 4392 486 4457 πόδας;
520 4394 578 4446 '0
605 4393 662 4446 δέ
682 4393 779 4464 τὴν
797 4393 1144 4447 διδασκαλίαν
1172 4393 1311 4464 πρὸς
1334 4392 1432 4463 τὴν
1460 4391 1726 4463 ἐρώτησιν

1831 1916 1908 1971 illi
1940 1917 2197 1971 dixerunt
2225 1930 2238 1967 :
2273 1913 2369 1969 Est
2399 1914 2489 1969 hic
2517 1914 2760 1983 quidam,
2796 1912 2891 1984 qui
2921 1928 3031 1966 non
3060 1913 3236 1967 solum
3264 1913 3400 1967 vidit

1829 2023 1978 2075 eum,
2010 2007 2103 2063 sed
2137 2015 2193 2061 et
2232 2021 2299 2060 ex
2345 2020 2411 2060 ea
2447 2005 2669 2073 regione
2714 2004 2984 2058 oriundus
3004 2012 3109 2069 est,
3139 2004 3397 2069 eximius,

1830 2100 2053 2154 nomine
2091 2097 2393 2164 Barnabas,
2436 2097 2530 2167 qui
2576 2111 2636 2151 se
2679 2096 2843 2150 etiam
2873 2096 2947 2150 ait
2980 2112 3150 2150 unum
3178 2112 3303 2151 esse
3331 2113 3399 2151 ex

1829 2191 2112 2261 discipulis
2142 2190 2324 2256 illius;
2371 2197 2427 2243 et
2464 2188 2553 2243 hic
2582 2186 2783 2241 alicubi
2808 2182 3028 2252 sedens,
3056 2204 3178 2257 qua:
3206 2189 3275 2243 ab
3304 2189 3400 2243 illo

1826 2285 2100 2357 promissa
2133 2292 2281 2350 sunt,
2312 2282 2504 2337 talium
2551 2280 2755 2350 dignis,
2803 2279 2853 2333 ei
2901 2280 2994 2349 qui
3040 2279 3169 2333 velit
3213 2289 3401 2334 narrat

1829 2379 1991 2434 ultro.
2022 2377 2088 2432 Et
2114 2373 2430 2447 quidemad
2457 2374 2637 2427 locum
2663 2371 2720 2425 in
2740 2370 2851 2440 q’uo
2875 2371 2957 2425 vir
2986 2371 3179 2426 sedere
3201 2370 3399 2427 solitus

1828 2476 1947 2524 erat
1985 2468 2133 2534 veni,
2169 2476 2332 2536 atque
2351 2466 2467 2535 ipse
2495 2476 2713 2533 quoque
2736 2476 2865 2531 pars
2894 2460 2969 2516 fui
2993 2460 3398 2516 circumstantis

1827 2556 2214 2623 multitudinis,
2241 2555 2474 2625 stetique
2496 2555 2724 2612 audiens
2771 2570 2893 2626 quae
2929 2552 3143 2607 dicebat
3173 2568 3186 2603 :
3222 2567 3287 2606 ac
3313 2552 3401 2605 in-

1829 2649 2010 2705 tellexi
2039 2663 2166 2703 vera
2209 2662 2335 2702 eum
2385 2661 2493 2701 non
2540 2646 2825 2702 dialectica
2869 2645 2980 2700 ulla
3013 2653 3129 2697 arte
3177 2642 3397 2708 docere,

1828 2739 1924 2796 sed
1953 2738 2089 2793 adeo
2117 2738 2233 2793 sine
2263 2736 2726 2807 praemeditatione
2766 2753 2831 2792 ac
2871 2734 3193 2805 simpliciter
3232 2748 3401 2802 expo-

1827 2852 1959 2893 nere
1985 2851 2110 2906 qua:
2132 2835 2377 2889 audierat
2401 2842 2454 2889 et
2487 2835 2697 2889 viderat
2727 2833 2822 2888 Dei
2853 2833 3075 2896 Filium,
3109 2831 3202 2900 qui
3234 2846 3401 2900 appa-

1826 2929 1959 2995 ruit,
1988 2926 2187 2982 fecisse
2215 2941 2279 2981 ac
2311 2925 2536 2981 dixisse.
2568 2924 2769 2981 Multos
2798 2933 2978 2980 autem
3009 2932 3177 2979 testes
3214 2923 3402 2977 verbo-

1826 3036 1950 3076 rum
1981 3034 2045 3075 ac
2075 3018 2411 3074 mirabilium
2444 3034 2567 3089 qua:
2613 3019 2682 3072 ab
2716 3019 2837 3088 ipso
2865 3016 3305 3089 proferebantur,
3332 3030 3400 3069 ex

1828 3103 1947 3184 ipsa
1976 3111 2267 3167 assistente
2295 3111 2450 3182 plebe
2474 3109 2830 3181 producebat.

1897 3286 1969 3344 X.
2000 3285 2201 3343 Verum
2231 3288 2360 3358 quia
2384 3286 2452 3342 ad
2492 3302 2557 3343 ea
2589 3302 2711 3357 quae
2742 3286 2810 3341 ab
2851 3285 2970 3357 ipso
2997 3285 3225 3342 candide
3253 3285 3401 3340 dice-

1829 3379 2051 3445 bantur,
2089 3379 2321 3435 libenter
2358 3378 2591 3449 populus
2621 3378 3029 3448 acquiescebat;
3061 3377 3397 3446 philosophi,

1830 3480 2018 3542 utpote
2046 3471 2140 3541 qui
2163 3487 2231 3527 ex
2265 3471 2492 3542 hujusce
2523 3470 2712 3525 mundi
2743 3469 3029 3539 disciplina
3060 3468 3397 3538 prodierant,

1830 3563 2099 3619 ludificari
2129 3577 2254 3617 eum
2277 3577 2340 3616 ac
2366 3561 2545 3616 ridere
2570 3560 2943 3627 ordiebantur,
2980 3559 3270 3613 immodica
3300 3574 3401 3612 au-

1828 3654 1984 3709 dacia
2030 3654 2345 3709 cavillantes
2385 3660 2546 3722 atque
2588 3652 2805 3722 probris
2832 3652 3188 3717 incessentes,
3220 3658 3276 3704 et
3303 3649 3402 3703 ad-

1828 3759 2018 3800 versus
2036 3760 2160 3799 eum
2186 3752 2398 3799 utentes
2427 3743 2757 3815 syllogismis
2788 3752 3051 3813 tanquam
3094 3743 3265 3797 armis
3300 3756 3402 3811 po-

1830 3836 2093 3892 tentibus.
2126 3835 2197 3890 At
2226 3836 2316 3891 ille
2355 3835 2587 3905 ineptias
2622 3850 2814 3889 eorum
2860 3835 3145 3905 repellens,
3180 3842 3401 3890 versute

1829 3930 2072 4000 ipsorum
2098 3928 2511 3998 interrogationi
2552 3942 2663 3981 non
2704 3928 3046 3993 occurrebat,
3072 3943 3262 3981 verum
3297 3927 3401 3988 im-

1828 4024 2150 4097 perterritus
2180 4037 2292 4076 non
2325 4019 2609 4075 desinebat
2637 4019 2813 4088 loqui.
2848 4017 2912 4073 Et
2951 4019 3248 4088 aliquando
3275 4018 3402 4088 qui-

1826 4117 1952 4172 dam
1987 4114 2333 4187 jocabundus
2372 4111 2600 4183 rogabat
2627 4126 2752 4165 eum
2788 4127 2801 4162 :
2835 4109 3034 4175 Quare,
3068 4125 3101 4163 o
3131 4125 3269 4165 nove
3297 4110 3399 4164 do-

1827 4218 1966 4274 ctor,
1992 4208 2067 4261 ita
2118 4206 2296 4261 factus
2345 4212 2428 4259 est
2456 4203 2634 4267 culex,
2673 4201 3015 4257 utminimus
3047 4200 3314 4263 existens,
3345 4209 3400 4253 et

1827 4314 1923 4355 sex
1951 4298 2115 4369 pedes
2157 4296 2387 4362 habens,
2427 4295 2758 4364 insuperque
2792 4293 2909 4346 alas
2949 4299 3136 4361 gerat;
3176 4291 3398 4359 elephas

1824 4407 1978 4457 vero,
2006 4389 2304 4444 maximum
2335 4386 2560 4452 animal,
2589 4401 2714 4441 cum
2759 4392 2943 4439 careat
2987 4383 3088 4438 alis
3113 4422 3127 4448 ,
3162 4390 3399 4452 quatuor

148 4487 343 4557 μικρὸν
373 4486 633 4556 ἐπισχὼν,
655 4486 908 4557 οὐδεμιᾶς
937 4487 1118 4557 μέντοι
1136 4486 1215 4556 τῷ
1232 4487 1569 4557 ἐρωτήσαντι
1596 4484 1728 4556 πρὸς

1835 4492 2045 4539 tantum
2081 4482 2245 4554 pedes
2269 4481 2499 4536 habeat?
2530 4477 2624 4533 Ille
2655 4486 2836 4533 autem
2861 4477 3110 4531 doctrina
3134 4475 3202 4529 ad
3232 4474 3399 4529 inter-

142 4577 315 4630 ταῦτα
365 4578 629 4648 μεταδοὺς
675 4578 1048 4648 ἀποκρίσεως,
1096 4577 1188 4630 τὸν
1236 4578 1331 4630 ἀπ’
1358 4576 1535 4648 ἀρχῆς
1581 4575 1730 4645 αὐτῷ

146 4669 506 4741 προκείμενον
554 4666 711 4733 αὖθις
753 4669 1092 4740 ἀνελάμϐανε
1137 4668 1311 4736 λόγον·
1359 4666 1532 4737 τούτῳ
1588 4667 1731 4738 μόνῳ

146 4761 417 4833 προοιμίῳ
462 4760 585 4815 καθ’
624 4761 861 4832 ἑκάστην
889 4760 1129 4832 ἐγκοπὴν
1174 4758 1483 4831 χρώμενος·
1542 4758 1732 4829 Ἡμεῖς

144 4853 237 4906 τοῦ
265 4852 585 4924 πέμψαντος
603 4855 752 4925 ἡμᾶς
780 4855 907 4917 τοὺς
937 4853 1128 4921 λόγους
1157 4853 1252 4905 xal
1268 4850 1363 4914 τὰς
1395 4848 1731 4920 θαυμασίους

147 4946 376 5018 πράξεις
427 4948 603 4999 εἰπεῖν
632 4948 663 4998 ὑ
671 4948 761 5016 μίν
794 4945 953 5017 μόνον
985 4944 1181 5015 ἔχομεν
1210 4942 1457 5013 ἐντολὴν,
1489 4942 1584 4995 ml
1611 4942 1731 4994 ἀντὶ

144 5039 244 5109 τῆς
275 5037 505 5107 λογικῆς
544 5036 871 5101 ἀποδείξεως
919 5036 1203 5108 μάρτυρας
1243 5032 1556 5105 παρέχομεν
1601 5032 1730 5103 ὑμῖν

143 5132 251 5185 τῶν
281 5129 521 5184 ἐνταῦθα
567 5128 932 5201 παρεστώτων
962 5127 1207 5191 πολλούς’
1244 5126 1429 5179 λοιπὸν
1468 5125 1570 5194 τῆς
1598 5125 1732 5195 ὑμε-

146 5223 307 5294 τέρας
352 5222 501 5276 ἐστὶν
529 5207 817 5289 Ἓξουσίας,
869 5221 1110 5275 ὑπείκειν
1148 5219 1183 5291 ἢ
1231 5218 1496 5273 ἀπειθεῖν.
1526 5218 1633 5272 Τοῦ
1671 5221 1729 5274 δὲ

148 5315 323 5383 λέγειν
353 5314 484 5385 ὑμῖν
511 5313 574 5366 τὸ
603 5315 902 5385 συμφέρον,
931 5315 994 5367 οὐ
1021 5313 1338 5384 παύσομαι,
1358 5313 1449 5365 ’ὃτι
1478 5313 1603 5383 ἐμοὶ
1632 5314 1729 5384 μὲν

147 5407 320 5478 ζημία
348 5407 410 5461 τὺ
443 5409 682 5479 σιωπᾷν,
716 5408 843 5478 ὑμῖν
876 5406 932 5460 δὲ
966 5406 1027 5459 τὸ
1068 5404 1311 5460 ἀπειθεῖν
1342 5404 1535 5476 βλάϐη.
1576 5407 1727 5459 Ἐδυ-

147 5499 325 5571 νάμην
361 5500 459 5571 μὲν
479 5496 574 5555 οὖν
603 5501 699 5554 ml
725 5499 948 5553 είκαίων
979 5498 1132 5570 ὑμῶν
1161 5497 1567 5569 προϐλημάτων
1596 5498 1729 5552 ἀπο-

146 5591 330 5659 δοῦναι
374 5594 475 5659 τὰς
517 5593 841 5659 ἀποδείξεις,
870 5593 985 5662 εἴγε
1021 5591 1332 5663 φιλαλήθως
1371 5589 1557 5663 ἐώρων
1585 5591 1729 5661 ὑμᾶς

150 5688 275 5758 περὶ
321 5687 525 5741 τούτων
570 5686 1033 5758 πυνθανομένουςο
1083 5685 1341 5748 κώνωπος
1383 5685 1439 5737 δὲ
1478 5685 1571 5737 καὶ
1615 5684 1728 5736 ἐλέ-

150 5796 347 5853 φαντος
391 5782 492 5855 τὴν
537 5781 717 5838 αἰτίαν
760 5778 860 5856 τῆς
909 5778 1165 5853 διαφόρου
1205 5776 1592 5855 δημιουργίας,
1632 5774 1725 5833 νῦν

1830 4579 2169 4648 rogationem
2202 4574 2478 4645 paulisper
2520 4570 2781 4635 cohibita,
2810 4568 2961 4622 nullo
2992 4578 3173 4621 tamen
3206 4566 3273 4621 de
3309 4565 3398 4620 his

1828 4671 1955 4725 dato
1984 4681 2253 4738 responso
2298 4666 2366 4737 ad
2412 4679 2538 4719 eum
2570 4662 2663 4733 qui
2707 4662 3160 4729 interrogaverat,
3189 4672 3400 4713 sermo-

1829 4776 1952 4817 nem
1983 4774 2146 4831 quem
2190 4758 2260 4812 ab
2302 4756 2457 4811 initio
2506 4756 2611 4811 sibi
2655 4761 3017 4825 praposuerat
3064 4751 3395 4820 resumpsit;

1828 4852 1934 4907 hoc
1978 4851 2096 4907 solo
2140 4858 2301 4905 utens
2333 4847 2605 4919 prooemio
2630 4846 2687 4899 in
2712 4857 3044 4913 unaquaque
3087 4840 3400 4910 interpella-

1827 4946 1977 4999 tione
2006 4942 2210 4997 :Nobis
2236 4941 2621 4997 demandatum
2653 4936 2995 4992 solummodo
3026 4942 3129 5000 est,
3158 4943 3219 4987 ut
3245 4933 3399 4988 vobis

1830 5050 2108 5092 sermones
2150 5049 2214 5088 ac
2259 5030 2531 5086 mirabilia
2581 5027 2724 5082 facta
2774 5026 2925 5080 illius
2969 5025 3066 5093 qui
3105 5023 3255 5079 misit
3297 5038 3400 5077 nos

1827 5142 2181 5192 enarremus;
2214 5140 2279 5179 ac
2324 5136 2422 5193 pro
2450 5118 2919 5176 demonstratione
2958 5116 3242 5171 dialectica
3268 5155 3282 5181 ,
3321 5123 3401 5168 te-

1827 5228 1937 5274 stes
1956 5217 2113 5271 vobis
2137 5214 2489 5285 producimus
2524 5224 2714 5265 eorum
2746 5208 2838 5278 qui
2872 5206 2962 5262 hic
3000 5207 3219 5268 adstant
3254 5205 3399 5258 mul-

1826 5318 1911 5363 tos
1953 5326 1966 5361 :
1996 5316 2250 5361 caeterum
2282 5304 2337 5358 in
2368 5311 2545 5357 vestra
2585 5308 2853 5371 potestate
2878 5307 2982 5363 est,
3022 5296 3275 5366 obsequi,
3310 5293 3398 5349 vel

1828 5400 1993 5455 ﬁdem
2019 5414 2128 5452 non
2158 5397 2377 5453 habere.
2406 5392 2520 5463 Ego
2546 5400 2693 5446 certe
2721 5405 2830 5444 non
2860 5388 3088 5443 cessabo
3114 5389 3270 5441 vobis
3298 5401 3399 5439 ex-

1831 5504 2034 5555 ponere
2082 5486 2230 5558 quod
2286 5485 2419 5539 utile
2465 5491 2548 5538 est
2601 5498 2616 5535 :
2666 5480 2925 5549 quoniam
2983 5477 3117 5532 mihi
3177 5475 3398 5546 quidem

1828 5587 2089 5640 damnum
2141 5587 2261 5645 est,
2293 5586 2509 5641 tacere;
2558 5572 2713 5627 vobis
2751 5585 2880 5625 vere
2924 5584 3089 5633 noxa,
3124 5582 3232 5621 non
3279 5580 3399 5618 cre-

1828 5682 1974 5735 dere.
2004 5674 2269 5745 Equidem
2320 5683 2537 5741 possem
2589 5664 2815 5721 reddere
2862 5663 3101 5718 rationes
3158 5658 3398 5715 futilium

1830 5779 2133 5827 vestrarum
2192 5760 2591 5836 quazstionum,
2633 5756 2680 5812 si
2726 5756 2963 5812 viderem
3016 5769 3114 5811 vos
3158 5753 3223 5809 de
3277 5751 3396 5811 istis
