3834 6220
446 269 548 326 879
1215 271 1273 330 S.
1311 271 1700 328 CLEMENTIS
1741 269 1760 324 Ι
1799 270 1962 324 ROM.
1995 269 2194 324 PONT.
2234 269 2460 322 OPERA
2499 269 2724 328 DUBlA.
3610 270 3711 328 48η

443 391 692 446 veritatis
721 391 901 461 studio
921 393 1231 464 percontari
1270 410 1284 450 :
1319 407 1507 448 verum
1534 407 1757 448 causam
1782 391 2006 446 diversa:

2132 391 2239 459 ιμῖν
2277 388 2375 442 οὐκ
2413 386 2664 459 εὔκαιρον
2700 390 2870 445 εἰπεῖν
2905 390 3015 454 τοῖς
3045 389 3094 424 ³⁸
3119 391 3228 447 τῶν
3252 393 3403 446 ὅλων.
3423 391 3712 458 ἀγνοοῦσι

445 483 740 537 creationis
773 485 964 539 culicis
1001 494 1056 539 et
1099 485 1390 554 elephanti,
1423 499 1568 539 nunc
1599 484 1754 540 vobis
1798 484 2008 552 aperire
2112 480 2262 534 Θεόν.

449 571 888 642 intempestivum
938 584 1119 642 esset,
1165 576 1259 645 qui
1308 574 1476 630 Deum
1531 576 1775 632 omnium
1827 591 2007 640 rerum

451 665 736 738 ignoratis.

521 756 609 811 XI.
671 756 794 812 [hec
849 775 912 815 eo
958 760 1204 827 dicente,
1252 761 1332 815 illi
1378 761 1656 816 communi
1713 775 2009 825 consensu,

449 847 681 901 multum
714 865 777 903 ac
805 852 1132 919 petulantem
1168 854 1336 908 risum
1368 855 1690 918 emiserunt,
1722 853 1790 906 ad
1827 862 2012 920 stupo-

452 955 564 992 rem
613 956 676 995 ac
719 943 935 996 consilii
984 945 1223 1014 inopiam
1273 946 1508 1001 nitentes
1556 962 1682 1002 eum
1736 946 2008 1015 redigere,

452 1027 616 1081 veluti
653 1029 943 1084 barbarum
975 1020 1261 1099 quemdam
1305 1046 1366 1086 ac
1408 1032 1682 1086 insanum.
1729 1030 1859 1097 Quae
1887 1045 2008 1092 cum

450 1132 550 1186 ego
581 1118 842 1183 intuerer,
873 1120 1055 1174 animo
1096 1121 1234 1189 cmpi
1275 1121 1622 1184 inealescere,
1659 1135 1723 1176 ac
1763 1121 1878 1173 zelo
1919 1135 2014 1173 ne-

451 1206 566 1260 scio
592 1223 698 1276 qua
741 1209 954 1262 ratione
990 1217 1292 1277 correptus,
1341 1219 1520 1263 tacere
1566 1223 1674 1262 non
1708 1207 1879 1278 potui,
1919 1207 2012 1260 scd

449 1313 574 1354 cum
603 1299 796 1353 ﬁducia
825 1300 937 1353 dixi
973 1316 985 1351 :
1021 1298 1151 1352 Jure
1183 1297 1344 1364 Deus,
1398 1315 1431 1353 o
1462 1298 1734 1365 homines,
1766 1299 2016 1351 volunta-

451 1401 558 1444 tem
587 1406 740 1444 suam
770 1391 1368 1459 incomprebensibilem
1399 1391 1556 1446 vobis
1579 1389 1726 1455 fecit,
1763 1389 2016 1460 indignos

451 1496 550 1534 vos
588 1483 901 1550 prmsciens,
930 1483 1072 1536 sicut
1111 1483 1580 1552 inprmsentiarum
1614 1483 1706 1539 dat
1739 1483 1894 1552 plene
1934 1483 2017 1542 in—

2186 742 2273 800 ΧΙ.
2309 741 2494 808 Ταῦτα
2525 743 2689 798 αὐτοῦ
2723 743 2998 812 λέγοντος,
3033 743 3097 798 ἐκ
3131 746 3458 815 συμφωνίας
3492 746 3707 799 ἐκεῖνοι

2112 835 2277 889 πολὺν
2322 836 2414 889 καὶ
2452 836 2683 890 ἄτακτον
2721 837 2949 905 ἠφίεσαν
2985 836 3225 904 γέλωτα,
3256 839 3336 900 είς
3367 837 3706 907 ἀμηχανίαν

2111 927 2272 980 αὑτὸν
2336 928 2620 998 ἐμϐάλλειν
2684 928 3039 1000 πειρώμενοι,
3101 928 3345 1000 καθάπερ
3404 929 3707 1003 βάρϐαρόν

2112 1036 2234 1072 τινα
2268 1019 2360 1071 καὶ
2395 1018 2735 1090 μαινόμενον.
2793 1017 2931 1086 Ἐγὼ
2961 1018 3020 1071 δὲ
3049 1017 3216 1076 ταῦτα
3257 1019 3422 1090 ὁρῶν,
3469 1019 3707 1090 διαθερ-

2116 1119 2376 1194 μαίνομαι
2405 1117 2502 1188 τὴν
2537 1117 2744 1188 ψυχὴν,
2786 1117 2880 1172 καὶ
2908 1117 3051 1196 ζήλῳ
3090 1118 3190 1171 οὐκ
3227 1114 3323 1172 οἷδ’
3357 1120 3520 1182 ὅπως
3555 1119 3706 1191 ληφ-

2115 1209 2245 1272 θεὶς,
2299 1211 2455 1282 σιγᾷν
2500 1209 2597 1279 οὐχ
2647 1209 2933 1279 ὑπέμενον,
2981 1209 3117 1264 ἀλλὰ
3166 1209 3300 1282 μετὰ
3341 1213 3706 1282 παρρησίας,

2114 1301 2369 1369 εὐλόγως,
2414 1295 2586 1364 εἷπον,
2629 1301 2656 1354 ό
2684 1300 2815 1364 Θεὸς
2856 1301 3005 1372 ὑμῖν,
3034 1294 3079 1355 ὦ
3106 1296 3270 1363 οὗτοι,
3295 1302 3709 1374 ἀκατάληπτον

2114 1392 2212 1462 τὴν
2249 1391 2411 1444 αὐτοῦ
2443 1390 2692 1462 βούλησιν
2736 1391 2905 1454 ἔθετο,
2947 1391 3204 1462 ἀναξίους,
3240 1394 3386 1463 ὑμᾶς
3424 1395 3706 1465 προϊδὼν.

2116 1480 2175 1546 ἐξ
2205 1473 2279 1535 ὧν
2317 1480 2411 1533 νῦν
2442 1480 2569 1542 τοὺς
2609 1481 2851 1552 κριτικὸν
2901 1481 3025 1534 νοῦν
3065 1480 3282 1551 ἔχοντας
3322 1483 3708 1554 πληροφορὼν

453 1571 695 1641 telligere
739 1573 805 1628 iis
846 1573 939 1643 qui
988 1574 1184 1629 mentis
1221 1575 1426 1645 judicio
1469 1582 1715 1629 utuntur.
1763 1574 2018 1640 Quando-

2132 1570 2380 1640 ραίνεται.
2426 1569 2575 1624 Ἐπεὶ
2597 1571 2704 1642 γὰρ
2729 1569 2822 1623 νῦν
2849 1570 2946 1640 τῆς
2977 1570 3140 1628 αὐτοῦ
3173 1571 3487 1643 βουλήσεως
3515 1575 3706 1643 κήρυ-

451 1662 670 1730 quidem
707 1663 852 1716 enim
893 1679 1041 1718 nunc
1085 1664 1206 1733 ejus
1236 1665 1528 1722 voluntatis
1558 1681 1834 1735 praaconcs
1862 1665 2016 1722 missi

2132 1679 2211 1725 ιες
2256 1660 2731 1732 ὲξαπεστάλησαν,
2782 1663 2844 1715 οὐ
2897 1662 3062 1735 τέχνῃ
3113 1663 3222 1718 τινὶ
3280 1664 3375 1716 καὶ
3429 1665 3710 1734 ῥητορεία

451 1761 608 1816 sunt,
649 1753 742 1822 qui
792 1769 899 1807 non
942 1765 1056 1810 arte
1089 1756 1268 1826 aliqua
1309 1767 1363 1812 et
1405 1758 1695 1812 verborum
1742 1757 2018 1812 rhetorico

2132 1753 2306 1821 ⁵ὤτων,
2338 1751 2452 1805 ἀλλ’
2477 1731 2662 1816 ἁπλῶς
2706 1751 2848 1808 οὕτω
2890 1731 2990 1807 καί
3013 1731 3565 1824 άοτανουργεύτωςλτ
3583 1731 3707 1825 ⁷τὴν

451 1852 674 1910 ornatu,
703 1844 795 1898 sed
829 1846 1148 1914 simpliciter
1176 1856 1388 1902 tantum
1417 1856 1470 1904 et
1499 1848 1703 1919 absque
1724 1847 2018 1904 calliditate

2132 1843 2280 1897 κὺτοῦ
2303 1842 2552 1914 βούλησιν
2577 1842 2966 1914 παριστῶντες,
2989 1843 3063 1907 ὡς
3086 1843 3260 1900 πάντα
3287 1844 3582 1900 ὁντιναοῦν
3611 1845 3706 1897 τὸν

451 1942 742 1996 consilium
781 1943 899 2012 ejus
942 1956 1365 2013 repraesentant,
1406 1947 1542 2002 adeo
1573 1955 1631 2000 ut
1672 1946 1897 2016 quilibet
1923 1945 2014 2018 qui

2132 1933 2422 1987 ὶκούσαντα
2462 1936 2600 1990 νοεῖν
2643 1933 2711 1990 τὰ
2745 1934 3046 2006 λεγόμενα,
3093 1935 3326 2006 πάρεστε
3387 1935 3492 1989 νῦν
3541 1937 3704 2006 ὑμεῖς

451 2031 714 2094 audierit,
765 2032 1031 2103 intelligat
1070 2049 1190 2102 qua).
1228 2034 1516 2103 dicuntur;
1555 2036 1760 2092 adestis
1802 2052 1919 2102 vos,
1959 2043 2018 2090 ut

2132 2024 2254 2094 πρὸς
2281 2024 2358 2094 τῷ
2390 2025 2463 2096 μὴ
2491 2028 2630 2079 νοεῖν
2661 2025 2721 2079 τὸ
2744 2025 2871 2095 ὑμῖν
2908 2026 3204 2097 συμφέρον,
3230 2027 3321 2082 ἐπὶ
3348 2028 3418 2097 τῇ
3446 2027 3705 2097 ὑμετέρᾳ

451 2136 560 2175 non
595 2121 908 2192 intelligatis
952 2124 1096 2193 quod
1145 2125 1301 2181 vobis
1351 2126 1590 2196 expedit,
1619 2136 1784 2196 utque
1817 2127 2016 2182 damno

2132 2113 2293 2187 Ξλάϐῃ
2327 2115 2487 2185 γελᾷν
2521 2115 2619 2186 τὴν
2652 2115 2744 2170 ἐπὶ
2778 2117 2843 2184 τῇ
2874 2115 3116 2185 ὑμετέρᾳ
3146 2114 3412 2187 καταδίκῃ
3442 2117 3702 2168 πολιτευ-

449 2224 636 2270 vestro
674 2214 899 2270 rideatis
945 2219 1252 2286 veritatem,
1295 2235 1418 2288 qua:
1469 2221 1611 2276 inter
1653 2220 1918 2276 barbaros
1950 2219 2015 2285 ad

2132 2204 2358 2275 ταμένην
2389 2205 2444 2258 ὲν
2476 2204 2770 2276 βαρϐάροις
2802 2205 3080 2276 ἀλήθειαν,
3111 2207 3179 2275 ἣν
3215 2208 3310 2260 καὶ
3339 2208 3472 2278 ὑμῖν
3508 2208 3699 2277 ἐπιδη-

450 2318 691 2362 vestram
741 2308 1246 2364 condemnationem
1299 2321 1570 2376 versatur,
1622 2326 1894 2380 quamque
1949 2309 2017 2363 ad

2132 2297 2369 2367 μήσασαν
2435 2295 2641 2362 ξενίσαι
2693 2300 2758 2354 οὐ
2805 2297 3082 2368 βούλεσθε,
3136 2298 3224 2353 διὰ
3268 2299 3367 2362 τὰς
3404 2299 3698 2367 ἀσελγείας

449 2413 550 2452 vos
575 2399 948 2455 advenientem
991 2416 1097 2456 non
1127 2401 1291 2456 vultis
1325 2401 1565 2472 hospitio
1592 2402 1852 2474 recipere,
1886 2415 2016 2471 pro-

2132 2388 2293 2460 Βμῶν,
2354 2391 2448 2444 καὶ
2495 2390 2557 2443 τὸ
2613 2389 2756 2444 λιτὸν
2807 2391 2917 2448 τῶν
2966 2391 3140 2460 λόγων
3197 2391 3404 2460 αὐτῆς,
3471 2393 3568 2445 ἶνα
3626 2393 3696 2462 μὴ

451 2495 572 2556 pter
603 2487 853 2542 libidines
880 2497 1112 2554 vestras,
1144 2497 1198 2545 et
1227 2491 1520 2546 verborum
1559 2491 1705 2547 illius
1736 2491 2014 2555 vilitatem,

2132 2478 2428 2549 ὲλεγχθῆτε,
2466 2480 2550 2532 ὅτι
2579 2481 2698 2551 εἰκῆ
2728 2480 2994 2550 φιλόλογοί
3029 2483 3173 2543 ἐστε,
3209 2481 3302 2534 καὶ
3329 2482 3434 2534 οὐκ
3472 2483 3699 2552 ἀληθεῖς

451 2594 520 2632 ne
546 2579 870 2648 arguamini,
923 2579 1232 2636 inconsulto
1275 2581 1533 2654 philologi
1563 2597 1702 2648 esse,
1743 2593 2016 2638 amatores

2132 2569 2414 2639 ριλόσοφοι.
2465 2571 2640 2642 Μέχρι
2669 2573 2764 2642 μὲν
2787 2567 2880 2624 οὖν
2907 2589 3037 2626 ποτε
3069 2571 3248 2626 λαλεῖν
3283 2572 3619 2642 μανθάνετε,
3651 2575 3698 2626 οἱ

450 2683 790 2734 sermonum,
843 2685 948 2723 non
991 2678 1168 2724 autem
1211 2672 1325 2728 veri
1366 2672 1695 2742 philosophi,
1741 2674 2016 2744 sapientia:

2132 2663 2177 2717 τὸ
2214 2663 2392 2726 καλῶς
2435 2662 2612 2715 λαλεῖν
2649 2664 2749 2716 οὐκ
2793 2663 3005 2734 ἔχοντες
3052 2663 3164 2733 (4);
3203 2665 3382 2718 Πολλὰ
3423 2667 3542 2738 γὰρ
3571 2671 3698 2738 παρ’

454 2757 708 2812 studiosi.
763 2756 1059 2828 Quousque
1112 2775 1242 2830 ergo
1285 2761 1494 2816 discitis
1538 2762 1706 2833 loqui,
1747 2764 1842 2833 qui
1879 2764 2016 2820 bene

2132 2755 2269 2825 Βμῶν
2308 2755 2547 2824 ῥήματα.
2585 2754 2701 2818 ἑνὸς
2738 2753 2836 2807 οὐκ
2874 2753 2998 2820 ἄξια
3035 2753 3211 2822 λόγου.
3246 2756 3311 2808 Τί
3344 2757 3404 2809 δὲ
3447 2759 3562 2829 ἄρα
3610 2761 3699 2813 καὶ

453 2848 603 2918 loqui
654 2849 918 2903 nescitis?
964 2849 1129 2904 Multa
1177 2851 1322 2906 enim
1363 2853 1525 2906 verba
1571 2870 1692 2922 qum
1736 2853 2011 2924 profertis,

2132 2846 2232 2916 ipsi
2258 2845 2384 2915 ὑμῖν
2415 2844 2459 2876 "
2471 2839 2531 2892 τό
2561 2845 2853 2918 Ελληνικὸν
2884 2845 3086 2918 πλῆθος
3125 2849 3223 2919 μία
3247 2847 3392 2920 ψυχή
3439 2866 3579 2902 ποτε
3613 2867 3699 2919 γε-

454 2940 617 2994 unius
671 2941 819 2994 verbi
888 2941 1065 3010 pretio
1132 2958 1238 2995 non
1293 2950 1422 2997 sunt
1467 2945 1802 3000 aestimanda.
1875 2946 2013 3014 Quid

2132 2937 2359 3008 ιόμενον,
2393 2939 2549 3010 εἴπερ
2576 2937 2728 2991 ἔσται
2769 2939 2950 3010 κρίσις
2986 2941 3062 3004 ὡς
3089 2937 3242 3003 οὗτός
3270 2959 3440 3011 (mat;
3483 2942 3590 2996 Διὰ
3625 2944 3694 3004 τί,

453 3037 634 3084 autem
679 3039 731 3082 et
767 3029 910 3083 dicet
938 3030 1120 3085 Graaca
1153 3040 1336 3086 vestra
1389 3033 1702 3099 multitudo,
1743 3038 2016 3094 unanimis

2132 3020 2164 3082 Β
2195 3028 2315 3092 Θεὲ,
2356 3028 2453 3100 τὴν
2498 3028 2596 3100 σὴν
2647 3030 2901 3101 βούλησιν
2947 3032 3046 3084 οὐκ
3089 3033 3360 3105 ὲκήρυξας
3405 3035 3582 3104 ἡμῖνς
3628 3037 3698 3090 Οὐ

453 3123 747 3192 aliquando
794 3121 966 3186 facta,
1011 3123 1054 3177 si
1088 3123 1353 3192 judicium
1406 3123 1651 3179 futurum
1683 3137 1795 3193 est,
1828 3137 1888 3182 ut
1915 3129 2018 3184 iste

454 3216 573 3270 ait?
610 3215 809 3282 Quare,
839 3215 1000 3281 Deus,
1033 3217 1365 3270 voluntatem
1393 3225 1539 3272 tuam
1575 3235 1682 3280 non
1713 3222 2018 3291 praadicasti

457 3309 657 3364 nobis?
703 3307 1025 3362 Nullatenus
1055 3308 1349 3362 audiemini
1377 3325 1389 3360 :
1421 3310 1504 3363 vel
1537 3308 1675 3366 forte
1707 3321 1759 3366 et
1782 3313 2018 3384 aliquam

455 3401 873 3472 responsionem
928 3399 1297 3469 reportabitis,
1349 3400 1700 3470 hujusmodi:
1749 3401 1862 3472 Ego
1893 3421 2018 3464 cum

454 3514 647 3555 omnes
711 3496 923 3550 futuras
977 3495 1326 3560 voluntates,
1398 3504 1522 3552 ante
1578 3499 2020 3554 constitutionem

455 3592 647 3649 mundi
683 3604 1069 3660 cognoscerem
1089 3629 1102 3655 ,
1136 3589 1431 3658 unicuique
1458 3605 1556 3660 pro
1585 3592 1781 3646 merito
1812 3607 1913 3648 suo
1941 3592 2021 3646 la-

457 3691 635 3738 tenter
667 3681 897 3751 praevius
929 3680 1144 3735 occurri
1180 3696 1192 3730 :
1231 3679 1377 3749 quod
1421 3690 1604 3737 autem
1645 3681 1700 3738 id
1739 3681 1915 3750 ipsum
1951 3684 2024 3736 ita

457 3789 520 3830 se
549 3773 764 3835 habeat,
795 3771 980 3826 volens
1010 3771 1076 3826 iis
1106 3771 1200 3839 qui
1238 3771 1305 3828 ad
1342 3787 1428 3826 me
1457 3771 1840 3840 confugerunt,
1872 3773 2026 3843 plene

459 3861 831 3926 manifestare,
859 3876 956 3914 cur
991 3859 1060 3913 ab
1097 3859 1274 3924 initio,
1313 3875 1343 3913 a
1369 3861 1562 3928 primis
1589 3861 2027 3931 generationibus

458 3957 797 4011 voluntatem
843 3967 1016 4005 meam
1061 3953 1241 4020 palam
1293 3967 1401 4006 non
1444 3953 1664 4007 siverint
1710 3953 2025 4022 praedicari;

458 4062 608 4102 nunc
655 4046 802 4099 circa
857 4044 1016 4097 ﬁnem
1069 4043 1282 4107 saeculi,
1342 4059 1618 4113 prmcones
1664 4045 1767 4098 mei
1818 4045 2029 4100 consilii

2122 3121 2338 3184 πάντως
2363 3120 2691 3184 ἀκούσεσθε,
2725 3123 2880 3193 εἴπερ
2907 3122 3050 3186 τινὸς
3078 3122 3185 3195 ἆρα
3222 3124 3317 3178 καὶ
3349 3125 3701 3197 ἀποκρίσεως

2122 3208 2624 3280 καταξιωθήσεσθε,
2664 3211 2770 3274 ὡς,
2812 3209 2922 3278 ἐγὼ
2957 3211 3135 3274 πάσας
3164 3211 3263 3274 τὰς
3296 3213 3570 3282 ἐσομένας
3601 3215 3704 3284 πρὸ

2123 3300 2425 3371 καταϐολῆς
2467 3300 2678 3372 κόσμου.
2717 3303 3063 3373 προαιρέσεις
3107 3302 3280 3367 εἰδὼς,
3314 3304 3538 3375 ἑκάστῳ
3571 3307 3704 3377 πρὸς

2122 3389 2184 3442 τὸ
2213 3389 2375 3444 αὑτοῦ
2405 3388 2552 3454 ἄξιον
2581 3389 2952 3454 λανθανόντως
2983 3393 3374 3463 προαπήντησα
3398 3410 3412 3422 ·
3449 3393 3616 3447 τοῦτο
3646 3396 3702 3448 δὲ

2127 3481 2258 3534 αὐτὸ
2285 3481 2368 3534 ὅτι
2397 3479 2566 3544 οὕτως
2595 3480 2726 3551 ἔχει,
2756 3481 3032 3553 βουληθεὶς
3059 3483 3185 3544 τοὺς
3213 3486 3706 3552 προσ-πεφευγότας

2131 3596 2217 3650 μοι
2246 3578 2692 3650 πληροφορῆσαι,
2726 3577 2811 3634 διὰ
2842 3579 2893 3632 τί
2930 3579 3184 3650 ἁπαρχῆς
3206 3580 3268 3634 ὲκ
3298 3581 3586 3652 προτέρων
3614 3557 3706 3650 ξε-

2125 3670 2260 3726 νεῶν
2278 3670 2376 3743 τὴν
2403 3670 2541 3742 ἐμὴν
2572 3670 2822 3742 βούλησιν
2844 3671 3078 3743 δημοσίᾳ
3104 3673 3204 3726 οὐκ
3232 3673 3388 3726 εἴασα
3414 3674 3705 3745 κηρυχθῆ-

2127 3788 2237 3836 ναι,
2281 3772 2375 3826 νῦν
2420 3772 2557 3843 πρὸς
2597 3772 2674 3844 τῷ
2719 3773 2865 3832 τέλει
2914 3771 3008 3825 τοῦ
3055 3772 3169 3842 βίου
3200 3774 3244 3804 ²⁹
3271 3775 3523 3844 κήρυκας
3566 3776 3709 3845 ἐμῆς

2129 3863 2328 3935 βουλῆς
2360 3863 2651 3918 ἀπέστειλα
2671 3903 2686 3928 ,
2710 3864 2759 3918 οῖ
2787 3864 2880 3916 καὶ
2906 3862 3171 3933 γελῶνται
3189 3903 3204 3927 ,
3235 3865 3329 3917 καὶ
3355 3863 3710 3935 ὑϐριζόμενοι

2129 3953 2475 4026 χλευάζονται
2506 3955 2611 4008 ὑπὸ
2643 3954 2750 4010 τῶν
2787 3954 2948 4026 μηδὲν
2977 3955 3296 4024 ὠφελεῖσθαι
3340 3955 3709 4026 βουλομένων,

2131 4047 2223 4100 καὶ
2253 4046 2649 4117 ἐπιτεταμένως
2680 4045 2776 4116 τὴν
2810 4045 2946 4117 ἐμὴν
2975 4047 3154 4116 φιλίαν
3179 4050 3706 4118 παραιτησαμένων.

459 4137 620 4204 misi;
661 4137 737 4190 illi
768 4151 898 4189 vero
944 4146 997 4188 et
1037 4135 1353 4197 irridentur,
1385 4147 1438 4187 et
1474 4133 1818 4188 contumeliis
1857 4134 2019 4189 allecti

2132 4136 2202 4192 τΩ
2227 4139 2467 4211 μεγάλης
2489 4139 2718 4202 ἀδικίας,
2743 4140 2824 4192 ὅτι
2848 4139 3008 4210 μέχρι
3032 4138 3223 4208 φθόνου
3242 4141 3284 4171 ³⁰
3304 4141 3710 4198 κινδυνεύουσιν

460 4230 793 4287 deluduntur
823 4232 890 4285 ab
924 4229 990 4283 iis
1027 4231 1120 4297 qui
1165 4240 1508 4296 nequaquam
1542 4225 1730 4278 volunt
1763 4224 2028 4294 adjuvari,

440 4311 746 4394 meamque
770 4321 1065 4376 amicitiam
1085 4319 1432 4372 vehementer
1452 4316 1827 4385 repudiarunt.
1850 4316 1893 4370 Ο
1919 4333 2036 4371 ma-

2132 4232 2183 4284 οί
2205 4229 2297 4283 τοῦ
2321 4230 2453 4284 Θεοῦ
2476 4232 2732 4308 κήρυκες,
2760 4231 2853 4284 καί
2872 4230 3044 4285 ταῦτα
3068 4231 3172 4284 ὑπὸ
3198 4231 3305 4284 τῶν
3322 4234 3402 4295 εἰς
3429 4236 3713 4306 σωτηρίαν

2137 4319 2299 4374 καλου
2309 4322 2480 4392 μένων
2516 4320 2744 4392 ἀνδρῶν.

462 4438 625 4493 gnam
666 4419 956 4490 injuriam!
997 4415 1214 4471 invidia:
1291 4414 1456 4469 etiam
1518 4412 1821 4482 periculum
1868 4414 2104 4470 subeunt
2139 4418 2520 4487 praedicatores
2553 4417 2670 4485 Dei,
2719 4417 2883 4488 idque
2927 4433 3020 4488 per
3059 4432 3156 4474 eos
3196 4416 3476 4484 homines,
3512 4420 3607 4488 qui
3637 4423 3712 4476 ad

461 4520 696 4577 salutem
731 4525 1014 4570 vocantur.

534 4637 650 4693 XII.
683 4637 816 4704 Quae
838 4650 963 4691 cum
990 4635 1252 4697 dicerem,
1284 4630 1500 4700 aliaque
1531 4629 1616 4684 his
1645 4636 2019 4684 consentanea

2211 4626 2326 4682 XII.
2360 4625 2546 4680 Ταῦτά
2576 4644 2675 4696 μου
2699 4627 2948 4696 λὲγοντος
2969 4627 3062 4680 καὶ
3085 4625 3153 4678 τὰ
3179 4625 3399 4688 τούτοις
3417 4618 3714 4688 ἀκόλουθα,

461 4733 698 4787 multum
742 4732 795 4784 in
840 4729 997 4799 plebe
1037 4737 1217 4781 ortum
1258 4735 1342 4780 est
1377 4739 1623 4778 murmur
1665 4739 1677 4774 :
1725 4731 1888 4792 atque
1941 4722 2034 4776 alii

2143 4720 2308 4782 πολὺς
2349 4719 2458 4772 τῶν
2498 4719 2673 4789 ὄχλων
2723 4719 2945 4786 ἐγένετο
2986 4718 3212 4790 θρύλλος
3233 4736 3247 4748 ι
3280 4719 3374 4770 καὶ
3411 4718 3460 4769 οἱ
3505 4717 3602 4787 μὲν
3633 4718 3718 4781 ὡς

467 4825 690 4895 quidem
721 4822 1024 4876 Barnabam
1058 4819 1402 4881 miserantes,
1451 4815 1587 4868 mihi
1619 4812 1906 4879 favebant;
1941 4813 2019 4868 ali‘

2137 4815 2227 4868 τὸν
2261 4813 2542 4884 Βαρνάϐαν
2573 4811 2845 4876 ἐλεοῦντες
2891 4812 3126 4882 συνῆράν
3171 4828 3288 4882 μοι·
3323 4812 3374 4863 οἱ
3412 4810 3467 4864 δὲ
3514 4810 3718 4880 ἠλίθιοι

468 4930 615 4978 vero,
656 4914 750 4983 qui
790 4919 948 4966 erant
983 4908 1198 4973 stolidi,
1226 4908 1460 4977 graviter
1508 4905 1565 4958 iu
1601 4918 1689 4958 me
1736 4903 2036 4958 stridebant

465 5009 743 5065 dentibus.
794 5005 966 5062 Porro
994 5018 1118 5059 cum
1142 5003 1257 5073 jam
1283 5013 1510 5071 vespera
1539 4997 1869 5063 advenisset,
1900 4997 2034 5051 Bar—

2143 4902 2315 4964 δντες,
2339 4900 2524 4963 δεινῶς
2562 4903 2680 4953 κατ’
2713 4901 2844 4971 ἐμοῦ
2879 4900 3104 4971 ἔϐρυχον
3133 4902 3261 4962 τοὺς
3283 4900 3514 4961 ὀδόντας.
3561 4902 3720 4954 Ἐπεὶ

2143 4994 2199 5047 δὲ
2228 4993 2329 5065 ήδη
2361 4995 2454 5047 καὶ
2473 4996 2508 5064 ἡ
2537 4993 2744 5063 ἑσπέρα
2771 4991 3055 5056 κατέλαϐε,
3082 4993 3181 5062 τῆς
3214 4991 3393 5062 χειρὸς
3423 4989 3600 5050 λαϐὼν
3620 4993 3719 5045 τὸν

1734 5140 1966 5197 VARle
2005 5138 2412 5195 LECTIONES.

547 5271 597 5305 “
628 5271 702 5325 al.
736 5267 859 5323 add.
884 5267 996 5320 τόν.
1069 5269 1114 5300 ³⁷
1154 5266 1226 5321 al.
1267 5264 1663 5334 dnavotipywc.
1720 5262 1766 5293 ³⁸
1806 5261 1840 5314 ι.
1877 5259 2028 5334 ὑμῷν
2055 5276 2119 5314 ex
2150 5275 2282 5334 mss.
2341 5259 2394 5334 ff
2429 5257 2600 5334 Vertit
2635 5257 2954 5334 Cotejerins,
2988 5254 3177 5334 “quasi
3219 5253 3441 5334 perinde
3484 5262 3626 5308 esset
3649 5268 3716 5305 ac

465 5341 564 5397 τοῦ
597 5341 811 5404 αἰῶνος,
845 5337 1118 5394 sententia
1139 5325 1593 5407 postulante,'sed
1623 5332 1740 5418 sine
1764 5325 2037 5400 exemplo,
2073 5329 2217 5399 quod
2263 5328 2482 5398 quidem
2512 5329 2698 5385 sciam.
2741 5329 2907 5384 CLEB.
2986 5327 3032 5359 ³⁸
3072 5326 3144 5380 al.
3181 5325 3364 5395 φόνου.

1746 5475 2118 5532 VARIORUM
2159 5475 2385 5532 NOTAE.

545 5575 622 5645 (4)
656 5578 721 5648 Qt
769 5577 835 5631 τὸ
883 5575 1079 5644 καλῶς
1118 5576 1330 5633 λαλεῖν
1371 5576 1482 5633 οὐκ
1523 5575 1786 5644 ἔχοντες.
1823 5572 1984 5630 Verte
2018 5592 2029 5627 :
2065 5575 2167 5641 Qui
2197 5575 2319 5632 bene
2356 5577 2497 5648 loqui
2531 5592 2631 5632 non
2663 5583 2913 5643 potest“;
2961 5572 3088 5644 quia
3139 5572 3267 5630 boui
3338 5570 3473 5627 nihil
3515 5570 3711 5627 didice-

475 5658 616 5701 rant.
646 5646 812 5702 Cum.
