3834 6220
185 234 293 290 481

922 226 1375 289 CLEMENTINA.
1413 260 1489 277 —
1516 230 1815 287 EPI'I‘OME
1850 230 1938 285 DE
1970 220 2211 285 GESTIS
2245 224 2303 285 S.
2344 228 2565 288 PETRI.

3336 233 3441 289 182

183 353 507 426 Βαρνάϐαν,
542 353 635 407 καὶ
667 351 741 425 μὴ
766 348 1095 423 βουλόμενον
1121 352 1211 423 βίᾳ
1239 353 1319 415 είς
1347 350 1445 423 τὴν
1476 350 1614 422 ἐμὴν
1638 345 1748 422 ἦγοι

1873 348 2028 403 nabae
2061 363 2228 403 manu
2252 351 2616 420 apprehensa,
2646 368 2774 409 eum
2803 354 2931 409 licet
2961 354 3257 418 nolentem,
3288 355 3341 410 vi
3371 353 3441 409 ad

179 448 395 511 οἰκίαν,
426 444 552 499 ἔνθα
588 444 683 498 καὶ
729 444 907 516 μένειν
954 444 1113 498 αὑτὸν
1157 442 1408 514 ἐποίησα,
1466 443 1553 495 ἵνα
1583 443 1655 514 μή
1684 459 1769 504 τις

180 540 342 611 αὐτῷ
373 541 560 610 χεῖρας
599 536 863 611 ἐπιϐάλλῃ
904 536 967 591 “.
1024 536 1134 589 Kal.
1181 535 1393 607 ἡμέρας
1437 534 1622 603 ὀλίγας
1672 536 1769 588 σὺν

178 636 317 704 ἐμοὶ
350 629 666 701 διατρίψας,
702 630 793 683 ml.
828 629 920 682 τοῦ
966 628 1219 699 ἀληθινοῦ
1252 626 1409 697 λόγου
1460 625 1665 699 βραχέα
1701 643 1767 696 με

179 726 473 795 κατήχησε
500 716 578 755 “"-
620 721 865 776 σπεύδειν
901 720 946 753 ³³
982 720 1093 793 γὰρ
1138 720 1318 789 ἔλεγεν
1374 720 1453 783 είς
1510 718 1767 771 Ἰουδαίαν

176 814 487 884 ἀφικέσθαι
530 813 629 884 τῆς
684 811 875 882 ἐορτῇς
925 808 1104 880 χάριν,
1155 808 1229 871 ὡς
1285 807 1380 861 καὶ
1427 802 1521 859 τοῦ
1578 804 1765 858 λοιποῦ

178 910 430 960 συνεῖναι
458 909 571 968 τοῖς
596 898 763 959 αὑτοῦ
786 902 1096 974 ὁμοεθνέσιν
1123 901 1340 953 ἐθέλων.

255 1007 398 1061 XIII.
450 1005 615 1076 Ἐμοῦ
654 1003 709 1055 δὲ
739 1003 857 1056 λίαν
889 1002 986 1072 τῆς
1023 999 1230 1053 ἐκείνου
1274 996 1519 1069 γλώττης
1555 1016 1765 1070 κρεμα-

178 1099 376 1168 μένου,
417 1098 511 1149 καὶ
559 1092 803 1164 σφοδρῶς
845 1090 1189 1162 ἐγκειμένου,
1238 1091 1331 1143 καὶ
1362 1091 1462 1142 οὐκ
1501 1089 1761 1152 ἀνιέντος,

172 1191 322 1244 ἀλλὰ
364 1192 465 1263 τὴν
508 1191 701 1260 λοιπὴν
748 1184 1102 1248 ἀπαιτοῦντος
1136 1184 1502 1248 διδασκαλίαν,
1546 1185 1640 1239 καὶ
1677 1184 1763 1236 λέ-

170 1301 406 1352 γοντοςο
455 1283 520 1334 σὺ
568 1282 727 1351 μόνον
766 1278 858 1342 οὓς
904 1278 1142 1349 ἡκούσας
1189 1276 1282 1329 τοῦ
1332 1277 1588 1346 φανέντος
1628 1277 1761 1330 Θεοῦ

170 1376 401 1429 ἐκτῐθου
441 1393 527 1446 μοι
560 1374 779 1441 λόγους,
826 1371 981 1440 κάγὼ
1014 1370 1091 1441 τῷ
1130 1369 1247 1440 ἐμῷ
1276 1368 1417 1439 λόγῳ
1458 1371 1759 1440 κοσμήσας,

169 1468 271 1521 τοῦ
300 1468 437 1521 Θεοῦ
464 1466 684 1538 κηρύξω
714 1464 810 1536 τὴν
847 1462 1117 1534 βούλησιν.
1141 1458 1253 1515 Εἴθ’
1278 1461 1449 1523 οὕτως
1488 1463 1579 1515 καὶ
1613 1462 1762 1525 ἐντὸς

1870 453 2044 493 meam
2086 441 2309 496 domum
2357 444 2512 512 duxi,
2546 446 2639 501 ubi
2682 455 2737 501 et
2780 445 2881 502 feci
2923 461 3162 513 manere,
3208 463 3277 502 ne
3316 450 3443 519 quis

1867 531 1917 585 ei
1948 542 2143 588 manns
2182 534 2448 605 injiceret.
2499 536 2821 609 Paucosquc
2850 540 2968 595 dies
2996 555 3210 594 mecum
3255 555 3438 594 mora-

1869 624 2247 685 tus,nonnnlla
2279 639 2416 681 ver'e
2447 628 2721 697 religionis
2751 629 3058 684 rudimenta
3086 645 3175 684 me
3217 630 3433 687 docuit:

1867 712 2045 767 aiebat
2092 715 2235 768 enim
2285 716 2432 785 quod
2474 728 2793 788 properaret
2845 720 3029 775 venire
3076 720 3145 773 ad
3193 719 3460 775 Judaaam

1868 814 2085 874 propter
2117 805 2337 871 festum,
2368 819 2429 862 ut
2459 811 2555 879 qui
2587 810 2745 865 vellet
2771 811 2827 865 in
2857 822 3134 882 posterum
3166 829 3289 868 cum
3319 816 3435 870 suis

1869 896 2220 965 popularibus
2250 899 2467 969 degere.

1938 988 2073 1045 XIII.
2116 992 2230 1063 Ego
2268 1010 2400 1048 vero
2442 1011 2567 1049 cum
2598 998 2755 1053 valde
2786 999 2856 1053 ab
2888 1000 3036 1054 illius
3079 1001 3263 1071 lingua
3303 1017 3436 1071 pcn-

1864 1084 2068 1151 derem,
2120 1102 2183 1139 ac
2210 1088 2556 1143 vehementer
2606 1090 2890 1159 instarem,
2935 1108 3037 1148 nec
3090 1093 3436 1161 desisterem,

1865 1176 1960 1229 sed
2006 1178 2272 1247 reliquam
2308 1180 2611 1235 doctrinam
2656 1186 3016 1252 postularem,
3055 1201 3119 1240 ac
3158 1186 3434 1241 dicerem:

1865 1265 1945 1319 Tu
1972 1276 2183 1322 tantum
2218 1267 2353 1323 mihi
2379 1286 2589 1341 expone
2614 1273 2709 1328 Dei
2740 1275 2833 1344 qui
2867 1277 3137 1345 apparuit,
3167 1292 3306 1346 quos
3340 1293 3438 1330 au-

1863 1357 2023 1425 disti,
2068 1375 2386 1429 sermones;
2422 1372 2475 1416 et
2520 1379 2621 1434 ego
2655 1368 2903 1421 oratione
2934 1383 3050 1421 mea
3082 1383 3176 1421 eos
3207 1383 3431 1432 ornans,

1862 1453 2197 1507 voluntatem
2251 1453 2345 1509 Dei
2402 1458 2751 1525 praedicabo,
2804 1459 2990 1529 sicque
3038 1468 3225 1529 postea
3291 1461 3431 1514 intra

170 1561 379 1628 ὀλίγων
419 1559 643 1631 ἡμερῶν
690 1556 1070 1610 συνεκπλεύσω
1121 1570 1221 1606 σοι.
1285 1554 1419 1607 Δίαν
1456 1553 1564 1623 γὰρ
1610 1552 1748 1607 ποθιῖ

1865 1558 2065 1610 paucos
2095 1545 2212 1601 dies
2240 1549 2506 1618 navigabo
2531 1558 2707 1605 tecum
2737 1567 2749 1602 :
2778 1552 3070 1606 admodum
3099 1552 3242 1607 enim
3272 1553 3433 1621 cupio

170 1650 335 1724 παρὰ
360 1650 454 1703 τὸν
485 1650 583 1721 τῆς
628 1646 884 1709 Ἰουδαίας
905 1642 1154 1713 γενέσθαι
1192 1642 1372 1695 τόπον.
1406 1641 1559 1711 Τάχα
1583 1641 1639 1693 δὲ
1666 1641 1748 1693 ml

1865 1637 1928 1689 ad
1952 1634 2151 1692 Iudaeae
2178 1640 2454 1709 regionem
2487 1644 2671 1698 venire
2697 1662 2709 1697 :
2740 1658 2803 1697 ac
2836 1643 2974 1698 forte
3003 1645 3285 1699 vobiscum
3319 1653 3433 1700 toto

171 1716 491 1812 συνοικήσω
538 1716 664 1810 ύμῖν
684 1737 777 1790 τὸν
828 1736 1008 1789 πάντα
1055 1750 1157 1804 μου
1210 1732 1307 1802 τῆς
1351 1732 1495 1801 ζωῆς
1548 1728 1748 1802 χρόῦον.

1866 1728 1984 1782 vita:
2016 1744 2149 1784 meae
2177 1742 2428 1801 ,tempore
2462 1735 2749 1799 habitabo;
2798 1736 2886 1789 ille
2915 1736 2999 1791 his
3037 1737 3259 1802 auditis,
3294 1737 3436 1791 illico

167 1833 351 1897 Ᾱύεδς
374 1832 581 1885 τούτων
616 1830 877 1893 ἀκούσας,
914 1826 1073 1889 εὐθὺς
1102 1823 1455 1895 ἀπεκρίνατο’
1477 1823 1549 1875 Σὺ
1582 1823 1631 1875 εί
1664 1821 1760 1893 μὲν

171 1925 467 1995 ἱστορῆσαι
500 1922 567 1977 τὰ
596 1921 841 1994 ἡμέτερα
886 1918 979 1971 καὶ
1013 1916 1198 1987 μαθεῖν
1230 1914 1290 1967 τὸ
1329 1913 1606 1983 συμφέρον
1638 1912 1758 1964 ἐθέ-

167 2016 310 2081 λεις,
339 2014 573 2084 ἐξαυτῆς
605 2031 715 2085 μοι,
755 2011 907 2082 φησι,
944 2007 1306 2079 σύμπλευσον·
1336 2005 1383 2057 εἰ
1421 2004 1480 2057 δὲ
1513 2003 1585 2075 μὴ
1629 2003 1756 2073 βού-

166 2107 280 2169 lat,
311 2100 448 2159 ἀλλά
478 2106 546 2158 τὰ
582 2106 780 2174 σημεῖα
806 2102 903 2172 τῆς
924 2099 1190 2170 οἰκήσεώς
1215 2115 1336 2168 μου,
1368 2098 1460 2150 καὶ
1480 2091 1553 2149 ὧν
1585 2094 1757 2157 θέλεις

172 2197 289 2268 ἐγὼ
327 2216 411 2249 σοι
454 2198 687 2267 σήμερον
720 2192 964 2265 γνωριῶ,
1001 2192 1086 2245 ἵνα
1118 2191 1205 2243 ὅτε
1236 2190 1330 2243 καὶ
1363 2187 1539 2259 βούλει
1578 2204 1756 2258 παρα-

171 2289 467 2359 γενόμενος
496 2285 662 2359 εὕρῃς
695 2285 841 2355 ἡμᾶς
864 2301 878 2313 ’
904 2281 1013 2351 ἐγὼ
1035 2281 1144 2353 γὰρ
1168 2281 1353 2347 αὔριον
1375 2281 1467 2333 ἐπὶ
1488 2278 1557 2331 τὰ
1586 2280 1754 2349 ἐμαυ-

171 2382 268 2436 τοῦ
302 2378 657 2451 πορεύσομαι.
691 2378 800 2429 Καὶ
832 2374 894 2445 δὴ
930 2372 1280 2442 ἀδυσώπητον
1316 2369 1488 2433 οὓτως
1517 2369 1638 2423 ἰδὼν
1664 2369 1755 2423 τὸν

174 2470 485 2542 Βαρνάὸαν,
527 2467 780 2538 συνῆλθον
842 2464 993 2535 αὐτῷ
1042 2463 1203 2535 μέχρι
1246 2463 1338 2515 καὶ
1375 2459 1469 2513 τοῦ
1509 2459 1752 2530 λιμένος·

174 2562 275 2617 καὶ
311 2560 499 2634 μαθὼν
532 2561 661 2631 παρ’
680 2555 843 2611 αὐτοῦ
871 2557 1013 2626 ἀπερ
1055 2553 1203 2623 ἔλεγε
1236 2555 1436 2622 σημεῖα
1464 2551 1572 2604 τῶν
1604 2550 1755 2622 οίκή-

178 2670 337 2715 σεων,
387 2649 528 2720 φημὶ
574 2646 711 2718 πρὸς
741 2644 900 2699 αὐτόν
925 2661 937 2673 ·
980 2643 1067 2706 Ὠς
1105 2642 1153 2694 εί
1199 2642 1272 2711 μὴ
1307 2639 1494 2713 αῦριον
1532 2639 1755 2710 ἔμελλον

174 2741 479 2812 ἀπαιτῆσαί
510 2756 563 2793 τι
602 2738 709 2791 τῶν
736 2735 1096 2806 ὀφειλομένων
1141 2750 1259 2804 μοι,
1294 2732 1523 2804 ἐξαυτῆς
1568 2730 1634 2784 ἂν
1660 2729 1755 2784 ml.

176 2833 470 2891 συνέπλεόν
516 2847 631 2884 σοι’
674 2829 811 2919 πλὴν
859 2826 993 2881 ἀλλά
1024 2826 1213 2919 τάχιόν
1252 2842 1311 2879 σε
1348 2822 1751 2919 καταλήψομαι.

172 2927 361 2982 Ταῦτα
386 2921 574 2985 εἰπὼν,
603 2921 697 2975 καὶ
718 2908 1277 2991 παραθέμενοξαύτὺν
1303 2917 1418 2978 τοῖς
1444 2914 1537 2967 τοῦ
1566 2913 1752 2967 πλοίου

167 3020 515 3096 ἡγουμένοις,
537 3016 873 3088 ὑπέστρεφον
905 3012 1041 3085 μετά
1067 3011 1262 3083 λύπης,
1290 3008 1633 3081 μεμνημένος
1654 3006 1750 3062 τοῦ

166 3113 335 3171 καλοῦ
373 3113 467 3166 καὶ
502 3107 763 3181 συνήθους
791 3106 967 3176 φίλου.

238 3207 387 3264 XIV.
435 3205 679 3277 Ἡμέρας
727 3202 784 3254 δὲ
818 3197 1130 3270 διατρίψας,
1179 3196 1273 3249 καὶ
1314 3195 1375 3248 τὸ
1415 3191 1576 3265 χρέος
1620 3192 1688 3247 δι’
1719 3191 1749 3247 δ

166 3302 263 3356 καὶ
300 3294 604 3367 ἐπεσχέθην
643 3294 742 3363 οὐχ
775 3290 894 3344 ὅλον
932 3287 1117 3342 λαϐεῖν
1156 3284 1437 3357 δυνηθεὶς,
1469 3283 1748 3355 ἀμελήσας

164 3392 262 3445 τοῦ
298 3382 755 3460 περιλειπομένου
799 3380 888 3435 διὰ
916 3379 978 3432 τὸ
1012 3379 1148 3448 ταχὺ
1187 3375 1277 3431 τὸν
1307 3375 1476 3447 ἀνδρα
1513 3372 1747 3428 καταλα-

164 3482 305 3544 ϐεῖν,
361 3480 438 3541 ὡς
492 3473 748 3546 ἐμποδίου
802 3489 891 3543 μοι
945 3468 1266 3539 γενομένου,
1314 3468 1408 3520 καὶ
1455 3465 1617 3530 αὐτὸς
1667 3467 1747 3529 είς

177 3570 438 3627 Ἰουδαίαν
468 3565 806 3629 ἀπέπλευσα,
842 3563 936 3616 ml.
961 3561 1048 3615 διὰ
1072 3558 1463 3613 πεντεκαίδεκα
1497 3555 1741 3630 ἡμερῶν,

162 3666 232 3735 τῇ
270 3660 590 3731 Στράτωνος
645 3653 893 3725 ἐπιδημῶ
934 3649 1259 3722 Καισαρείᾳ.
1326 3647 1642 3711 Ἐπιὸάντος
1688 3647 1746 3699 δέ

168 3770 270 3825 μου
306 3750 406 3820 τῆς
432 3745 559 3818 γῆς,
591 3746 686 3800 καὶ
712 3743 887 3808 ξενίαν
922 3737 1322 3811 ἐπιζητοῦντος,
1356 3736 1609 3808 μανθάνω
1637 3736 1744 3789 Πέ-

164 3862 295 3918 τρον
325 3844 448 3898 τινὰ
474 3842 785 3913 λεγόμενον,
814 3838 907 3891 τοῦ
932 3840 988 3890 ἐν
1028 3834 1255 3905 Ἰουδαίᾳ
1282 3833 1537 3902 φανέντος
1572 3831 1743 3915 Ἰησοῦ

164 3934 406 4009 Χριστοῦ
448 3933 580 3987 Υἱοῦ
624 3930 719 3985 τοῦ
752 3930 885 3983 Θεοῦ
914 3928 1008 3982 τοῦ
1054 3929 1254 4000 σημεῖα
1282 3925 1377 3980 καὶ
1414 3924 1617 3996 τέρατα
1652 3942 1746 3976 ςτε-

166 4026 478 4097 ποιηκότος,
510 4024 600 4076 τὸν
628 4019 996 4092 δοκιμώτατον
1030 4019 1296 4090 μαθητὴν,
1327 4016 1514 4088 αὔριον
1541 4015 1743 4085 Σίμωνι

162 4119 241 4188 τῷ
273 4116 383 4172 ἀπὸ
409 4115 615 4168 Γιτθῶν
646 4113 691 4146 ³³
718 4115 982 4184 Σαμαρεῖ,
1021 4111 1232 4182 μέλλειν
1283 4108 1417 4161 ίέναι
1458 4106 1594 4178 πρὸς
1630 4106 1745 4159 δια-

163 4210 355 4275 λέξεις.
399 4206 541 4277 Ἐγὼ
567 4206 625 4259 δὲ
655 4204 828 4259 ταῦτα
870 4204 1127 4266 ἀκούσας,
1171 4199 1395 4271 ἐδεήθην
1422 4200 1525 4269 τὴν
1553 4197 1740 4251 τούτου

168 4320 259 4373 μοι
289 4298 592 4372 μηνυθῆναι
627 4298 811 4368 μονήν.
851 4293 1139 4365 Καὶλόμῶς
1164 4292 1386 4363 ἔμαθον,
1411 4291 1504 4344 καὶ
1531 4289 1611 4360 τῷ
1640 4306 1743 4341 πυ-

1866 1824 2173 1890 respondit,
2216 1839 2278 1878 ac
2307 1826 2482 1879 dixit:
2511 1826 2613 1890 Tu,
2650 1829 2696 1882 si
2735 1830 2950 1899 quidem
2994 1830 3179 1883 videre
3221 1838 3432 1896 nostra,

1858 1920 1913 1965 et
1942 1914 2087 1982 quod
2122 1917 2341 1984 expedit
2380 1918 2535 1987 cupis
2567 1919 2807 1985 discere;
2840 1935 3052 1974 mecum
3101 1921 3287 1975 statim
3335 1935 3434 1974 na-

1860 2004 2042 2073 vigato
2070 2022 2082 2056 :
2111 2005 2194 2059 sin
2228 2023 2357 2061 vero
2388 2024 2495 2062 non
2530 2010 2611 2064 vis
2643 2012 2919 2081 navigare,
2948 2027 3048 2082 ego
3073 2012 3233 2066 hodie
3277 2014 3433 2084 signa

1861 2097 2124 2151 domicilii
2156 2098 2284 2165 mei,
2312 2108 2610 2169 eorumque
2642 2117 2781 2171 quos
2821 2104 3114 2157 convenire
3150 2103 3431 2159 desideras

1858 2187 2144 2257 indicabo;
2185 2201 2242 2244 ut
2266 2193 2486 2261 quando
2518 2193 2755 2249 volueris
2782 2196 2986 2261 venire,
3020 2212 3123 2249 nos
3159 2196 3426 2251 invenias:

1854 2295 1960 2351 ego
2002 2298 2239 2353 namque
2284 2302 2406 2340 cras
2448 2287 2515 2340 ad
2563 2303 2681 2340 mea
2724 2304 2811 2343 me
2848 2289 3146 2344 conferam.
3200 2291 3263 2344 Et
3302 2308 3430 2346 vero

1858 2384 2087 2426 cernens
2118 2371 2422 2429 Barnaham
2460 2376 2598 2431 adeo
2640 2392 2761 2432 esse
2806 2379 3220 2446 inexorabilem,
3257 2383 3429 2435 comi-

1856 2471 2003 2518 tatus
2040 2478 2160 2518 sum
2204 2480 2329 2520 eum
2372 2482 2547 2537 usque
2576 2470 2642 2523 ad
2676 2478 2891 2539 portum
2915 2512 2930 2536 ,
2977 2473 3325 2542 acceptisque
3360 2475 3429 2530 ab

1850 2569 1922 2609 eo
1951 2555 2123 2625 signis
2154 2572 2279 2626 qua:
2303 2557 2516 2612 dixerat
2563 2560 2987 2625 domiciliorum,
3017 2563 3103 2616 aio
3140 2563 3207 2617 ad
3239 2564 3423 2619 illum:

1854 2644 1971 2702 Nisi
2013 2662 2136 2702 cras
2224 2650 2574 2717 repetendum
2621 2652 2755 2723 mihi
2801 2662 2946 2707 esset
2985 2654 3187 2722 aliquid
3236 2670 3426 2709 eorum

1855 2755 1981 2809 qua:
2028 2740 2170 2794 mihi
2219 2741 2508 2808 debentur,
2560 2742 2803 2812 proiecto
2837 2744 3063 2813 jamjam
3106 2754 3284 2799 tecum
3331 2762 3429 2799 na-

1852 2829 2142 2899 vigarem;
2204 2838 2443 2887 attamen
2501 2834 2610 2888 cito
2661 2843 2711 2888 te
2757 2850 3040 2903 assequar.
3097 2834 3192 2890 His
3243 2838 3425 2903 dictis,

1850 2922 2353 2993 commendatoque
2415 2938 2480 2979 eo
2538 2926 2692 2980 navis
2754 2927 3107 2995 ductoribus,
3175 2943 3426 2985 reversus

1856 3026 1975 3065 sum
2041 3027 2167 3068 cum
2226 3015 2486 3083 tristitia,
2568 3030 2779 3070 memor
2829 3017 2955 3072 boni
3014 3032 3079 3072 ac
3133 3019 3426 3075 concordis

1853 3116 2039 3158 amlCIo

1924 3191 2062 3249 XIV.
2103 3196 2327 3266 Aliquot
2362 3204 2542 3250 autem
2568 3197 2703 3265 dies
2745 3208 2993 3255 moratus
3017 3242 3031 3266 ,
3063 3210 3116 3255 et
3147 3201 3415 3275 debitum,

1848 3294 2072 3357 propter
2096 3288 2243 3357 quod
2278 3296 2522 3342 retentus
2555 3286 2786 3355 fueram,
2822 3306 2929 3343 non
2961 3300 3136 3345 totum
3172 3293 3421 3363 accipere

1847 3380 2070 3446 valens;
2109 3388 2169 3433 ut
2199 3379 2447 3434 celeriter
2481 3380 2756 3434 hominem
2792 3382 3133 3451 attingerem,
3168 3385 3420 3454 neglecto

1848 3473 1994 3542 quod
2022 3480 2325 3543 supererat,
2356 3474 2486 3542 quia
2516 3472 2649 3526 mihi
2676 3482 2820 3527 esset
2848 3473 3271 3543 impedimento;
3303 3477 3422 3545 ipse

1848 3579 2068 3634 quoque
2098 3563 2152 3616 in
2179 3562 2422 3617 Judazam
2452 3563 2758 3632 enavigavi,
2789 3572 2844 3618 et
2873 3565 3281 3633 quintodecimo
3329 3565 3420 3622 die

1838 3655 2151 3709 Caesaream
2187 3652 2459 3709 Stratonis
2496 3655 2748 3709 advenio.
2784 3654 3032 3726 Cumque
3060 3666 3262 3712 terram
3295 3659 3420 3713 teti-

1847 3746 2070 3815 gissem,
2110 3753 2165 3798 et
2198 3744 2493 3813 hospitium
2523 3760 2822 3814 quaererem
2845 3787 2859 3810 ,
2934 3747 3097 3801 audio
3128 3748 3418 3817 quemdam

1846 3836 2065 3890 nomine
2108 3834 2365 3901 Petrum,
2417 3835 2545 3891 Jesu
2601 3837 2804 3891 Christi
2858 3837 2951 3892 Dei
2997 3837 3158 3902 Filii,
3205 3840 3299 3909 qui
3362 3840 3419 3893 in

1845 3927 2030 3982 Judaza
2069 3938 2397 3997 apparuerat
2422 3938 2475 3982 et
2503 3929 2655 3998 signa
2683 3939 2845 3998 atque
2877 3932 3122 4000 prodigia
3151 3933 3415 3999 ediderat,

1845 4020 2288 4089 probatissimum
2339 4021 2691 4091 discipulum,
2743 4024 2983 4078 crastino
3028 4025 3117 4078 die
3163 4040 3287 4079 cum
3326 4026 3415 4079 Si-

1840 4120 2006 4165 mone
2034 4125 2099 4165 ex
2129 4110 2329 4167 Gitthis
2364 4112 2710 4168 Samaritano
2751 4126 3039 4169 venturum
3073 4117 3138 4170 ad
3168 4118 3415 4186 disputa-

1846 4206 2075 4259 tionem.
2106 4203 2237 4271 Quaz
2259 4220 2359 4276 ego
2388 4204 2614 4261 audiens
2638 4208 2819 4276 rogavi
2846 4207 3073 4261 indicari
3108 4210 3239 4262 mihi
3268 4209 3413 4264 illius

1840 4298 2209 4352 mansionem.
2242 4297 2309 4351 Et
2338 4298 2521 4352 statim
2553 4314 2615 4353 ac
2642 4299 2830 4364 didici,
2864 4306 3060 4368 praesto
3105 4298 3182 4353 fui
3219 4302 3283 4355 ad
3329 4300 3413 4355 fo-

164 4394 295 4447 λῶνι
337 4392 594 4461 ἐπέστην.
631 4388 965 4458 Θεασάμενόι
1003 4385 1061 4438 δὲ
1101 4388 1150 4438 οἱ
1178 4387 1235 4437 ἐν
1271 4383 1351 4453 τῷ
1398 4383 1550 4453 οἴκῳ,
1592 4381 1742 4434 ἀντι-

1855 4404 1956 4443 res.
2019 4387 2205 4443 lntuiti
2257 4398 2440 4445 autem
2482 4392 2577 4461 qui
2623 4392 2676 4445 in
2721 4391 2889 4445 domo
2945 4400 3120 4458 erant,
3171 4393 3315 4447 inter
3353 4410 3414 4450 se

167 4485 450 4548 ϐάλλοντες
476 4479 637 4553 ἦσαν,
659 4480 743 4545 τίς
760 4498 819 4533 τε
847 4479 991 4551 είμὶ,
1015 4479 1109 4531 καὶ
1138 4477 1297 4530 πόθεν
1325 4477 1462 4546 ἦκω.
1488 4475 1596 4527 Καὶ
1630 4473 1736 4526 ἰδοὺ

166 4576 451 4649 Βαρνάϐας
482 4574 682 4637 ἐκϐὰς,
732 4573 849 4643 ἅμα
884 4571 962 4642 τῷ
994 4571 1039 4602 ³⁸
1072 4570 1198 4622 ἰδεῖν
1239 4567 1580 4639 περιεπλάκη
1625 4583 1735 4636 μοι,

168 4669 300 4723 πολὺ
337 4668 543 4739 χαίρων
583 4667 678 4720 ml.
714 4665 980 4736 δακρύων.
1026 4661 1135 4715 Καὶ
1169 4660 1464 4731 λαϐόμενός
1495 4674 1595 4729 μου
1638 4659 1737 4728 τῆς

169 4760 366 4833 χειρὸς,
399 4760 617 4831 εἰσῆγεν
645 4758 724 4818 είς
750 4756 850 4827 τὴν
886 4754 1081 4807 οἰκίαν.
1126 4749 1259 4806 Εἶτα
1295 4752 1391 4804 καὶ
1417 4751 1507 4804 τὸν
1533 4750 1735 4821 Πέτρον

169 4850 505 4913 ὑποδεικνὺς,
539 4845 691 4912 οὗτός
731 4849 897 4912 ἐστιν,
927 4845 1097 4913 ἔλεγε,
1130 4844 1351 4915 Πέτρος,
1388 4841 1447 4895 ὃν
1486 4842 1737 4911 μέγιστον

170 4942 258 4995 ἐπὶ
297 4943 364 5011 τῇ
406 4939 502 4992 τοῦ
542 4938 675 4992 Θεοῦ
718 4939 877 5009 σοφίᾳ
920 4934 1332 5006 ἐπηγγελλόμην
1379 4950 1485 4994 σοι,
1516 4932 1735 5002 Κλήμη,

169 5025 211 5101 ᾧ
231 5033 407 5085 πάντα
430 5047 491 5084 τε
512 5030 608 5084 καὶ
634 5031 703 5083 τά
726 5029 867 5083 κατὰ
902 5029 960 5081 σὲ
996 5026 1137 5080 καλὰ
1168 5026 1261 5077 ml.
1292 5024 1391 5093 τὴν
1421 5021 1735 5093 προαίρεσιν

171 5125 257 5178 ἀεὶ
280 5123 602 5195 διηγούμην,
631 5122 707 5185 ὡς
726 5119 968 5175 ἐντεῦθεν
997 5116 1273 5189 γλίχεσθαι
1302 5114 1396 5168 καὶ
1421 5112 1581 5166 αὑτὸν
1611 5111 1738 5163 ίδεῖν

174 5234 251 5283 σε,
275 5215 370 5270 καὶ
397 5214 495 5285 τὴν
524 5213 620 5285 σήν
647 5211 925 5265 ἐπιποθείν
958 5208 1262 5279 συντυχίαν.
1293 5205 1453 5273 Μέγα
1470 5198 1563 5256 οὖν
1589 5199 1739 5270 αὐτῷ

171 5306 337 5379 δῶρόν
389 5323 448 5359 σε
494 5305 582 5358 διὰ
627 5304 736 5357 τῶν
799 5300 947 5373 ἐμῶν
1008 5297 1304 5372 προσφέρω
1356 5294 1573 5366 χειρῶν.
1627 5294 1738 5345 Καὶ

170 5400 325 5453 τοῦτο
352 5398 541 5463 εἰπὼν,
572 5394 958 5469 προσαγαγὼν,
988 5392 1092 5463 ἔφη
1118 5408 1132 5422 ’
1160 5386 1313 5452 οὗτός
1344 5389 1458 5440 ἐστι
1481 5384 1732 5455 Κλήμης,

172 5495 362 5565 Πέτρε.

1844 4478 2198 4535 conferebant
2249 4480 2501 4548 quisnam
2534 4496 2733 4545 essem,
2762 4495 2825 4534 ac
2849 4482 2990 4535 unde
3018 4482 3407 4549 proﬁciscerer.

1846 4569 1913 4625 Et
1947 4587 2073 4627 ecce
2104 4570 2384 4626 Barnabas
2430 4586 2705 4641 egressus,
2762 4573 2945 4625 statim
2987 4581 3047 4625 ut
3075 4573 3209 4626 vidit
3259 4588 3411 4627 com-

1841 4664 2033 4733 plexus
2062 4664 2426 4730 est,'multum
2459 4663 2699 4734 gaudens
2737 4679 2800 4717 ac
2846 4664 3178 4733 lacrymans;
3218 4678 3411 4732 appre-

1843 4756 2123 4825 hensaque
2148 4771 2311 4809 manu
2343 4771 2485 4819 mea,
2512 4757 2566 4809 in
2596 4756 2815 4810 domum
2859 4754 3178 4808 introduxit.
3208 4753 3410 4809 Deinde

1843 4848 2066 4903 Petrum
2115 4848 2450 4904 ostendens:
2486 4846 2584 4901 Hic
2612 4855 2719 4910 est,
2754 4849 2952 4916 inquit,
2984 4845 3198 4909 Petrus,
3247 4862 3407 4915 quem

1840 4940 2142 4991 maximum
2185 4939 2240 4991 in
2293 4937 2387 4992 Dei
2442 4938 2705 5007 sapientia
2754 4938 2852 4991 tibi
2909 4937 3324 5001 denuntiabam,
3374 4952 3409 4988 ο

1839 5031 2122 5093 Clemens,
2169 5030 2366 5099 cuique
2414 5044 2600 5084 omnia
2641 5045 2763 5099 quae
2813 5030 2866 5082 in
2917 5038 2969 5084 te
3015 5036 3146 5083 sunt
3180 5028 3322 5082 bona
3355 5036 3439 5082 et~

1842 5121 2181 5190 propositum
2228 5128 2381 5175 tuum
2429 5136 2641 5190 semper
2669 5122 2983 5187 narrabam,
3010 5129 3071 5175 ut
3097 5135 3161 5174 ex
3193 5134 3260 5174 eo
3292 5119 3407 5189 ipse

1838 5214 2001 5268 etiam
2056 5213 2239 5281 cupiat
2283 5212 2466 5266 videre
2517 5223 2599 5279 te,
2654 5221 2913 5281 tuamque
2960 5212 3404 5281 congressionem

1838 5313 2073 5373 expetat.
2107 5303 2359 5374 Magnum
2398 5304 2562 5374 igitur
2599 5304 2647 5359 ei
2679 5319 2881 5357 munus
2916 5311 2967 5357 te
2993 5302 3246 5356 manibus
3270 5302 3406 5355 meis

1837 5394 2026 5449 oﬂ'ero.
2054 5392 2210 5459 Quod
2242 5408 2367 5448 cum
2392 5391 2645 5460 dixisset,
2674 5392 2872 5447 obtulit
2899 5408 3004 5448 me.
3032 5400 3086 5447 et
3111 5391 3273 5445 dixit:
3306 5390 3404 5448 llic

1835 5496 1920 5545 est
1939 5486 2212 5552 Clemens,
2244 5482 2422 5541 Petre.

1428 5591 1662 5651 VARIIE
1698 5590 2097 5647 LECTIONES.

237 5706 275 5736 ³³
315 5705 386 5759 aI.
428 5702 664 5768 ἐπιϐάλῃ
758 5702 801 5733 ³²
842 5699 911 5754 al.
953 5665 1287 5762 κατηχήσας.
1385 5690 1430 5721 ³³
1462 5688 1619 5741 Deest
1652 5686 1704 5739 in
1736 5686 1806 5739 al.
1885 5687 1930 5718 ³⁵
1969 5688 2039 5741 al.
2077 5686 2313 5756 Γητθῶν.
2392 5687 2437 5719 ³⁸
2477 5687 2545 5742 al.
2580 5684 2693 5740 τοῦ.
