3834 6220
474 253 582 310 485
1266 251 1322 308 S.
1363 249 1751 306 CLEMENTIS
1789 250 1808 305 I
1848 250 2011 307 ROM.
2053 249 2254 307 PONT.
2295 250 2523 307 OPERA
2562 251 2770 311 DUBIA
3632 255 3734 311 εει

560 370 657 426 XV
718 369 1022 434 AtPetrus,
1072 378 1359 441 postquam
1408 385 1605 426 nomen
1652 372 1881 437 audivit,
1925 388 2017 428 me

2210 371 2323 425 XV.
2375 374 2431 427 Ὀ
2460 373 2517 426 δὲ
2549 375 2710 443 ήνίκα
2742 373 2836 428 τοῦ
2870 375 3133 447 ὀνόματος
3157 375 3409 447 ήκουσεν,
3446 375 3537 437 είς
3591 375 3737 444 μνή-

472 463 651 517 moria
699 472 944 532 repetens
995 463 1254 516 Barnabas
1310 462 1673 529 narrationes,
1723 462 2017 519 confestim

2140 481 2245 535 μην
2268 462 2434 516 ἐλθὼν
2458 464 2567 517 τῶν
2600 465 2852 536 Βαρνάϐα
2878 467 3250 537 διηγημάτων,
3281 464 3516 536 έξήλατό
3550 481 3625 516 τε
3660 465 3738 526 ὡς

472 572 540 610 eo
572 556 757 609 habitu
806 570 917 623 quo
947 564 1085 614 erat,
1136 554 1399 623 prosiliit,
1452 569 1647 624 meque
1690 554 1926 626 benigne
1971 570 2017 609 at

2133 552 2275 625 εἶχεν
2303 554 2481 618 εὐθὺς,
2521 556 2614 608 καὶ
2663 557 2946 626 προσηνῶς
2986 575 3051 627 με
3081 558 3174 610 καὶ
3200 556 3441 626 γνησίως
3477 572 3735 623 καταφι-

472 663 730 716 germane
759 648 1130 710 exosculatus,
1163 656 1327 716 atque
1341 646 1584 701 assidere
1607 645 1814 703 faciens
1838 667 1850 701 :
1870 647 2017 703 Rectt

2133 644 2319 715 λήσας,
2350 646 2443 699 καὶ
2472 646 3001 717 παρακαθισάμενος·
3037 648 3233 711 Καλῶς
3261 632 3557 716 ἐποίησας,
3598 644 3733 714 ἔφη,

472 737 671 803 fecisti,
717 738 914 807 inquit,
949 737 1043 808 qui
1091 738 1337 792 veritatis
1379 752 1685 807 praeconem
1728 739 2033 795 Barnabam

470 831 710 900 hospitio
736 831 1017 900 exceperis
1056 829 1112 884 in
1143 831 1253 885 veri
1282 829 1375 885 Dei
1405 830 1704 899 honorem;
1739 833 2032 889 admodum

469 924 684 979 excelso
724 932 777 977 te
820 924 1033 993 gessisti
1082 924 1287 989 animo,
1328 924 1422 994 qui
1456 923 1831 994 imperitorum
1877 925 2030 980 furo-

468 1032 582 1070 rem
617 1030 724 1069 non
756 1014 925 1070 fueris
948 1014 1176 1071 veritus.
1215 1015 1423 1071 Revera
1464 1016 1607 1070 enim
1642 1014 1833 1071 beatus
1858 1032 1918 1071 es
1949 1027 2029 1083 tu,

467 1107 610 1177 quod
642 1106 885 1160 veritatis
928 1107 1165 1176 legatum
1209 1107 1277 1160 ita
1326 1106 1475 1160 omni
1511 1122 1636 1161 cum
1668 1106 1875 1161 honore
1904 1123 2029 1163 sus-

464 1198 677 1267 ceperis
730 1194 995 1267 hospitem
1026 1214 1038 1249 :
1068 1213 1167 1267 pro
1209 1198 1410 1268 quibus
1450 1196 1638 1265 factis,
1664 1198 1780 1268 ipsa
1813 1215 2030 1270 quoque

464 1293 665 1345 veritas
717 1300 769 1345 te
809 1292 903 1360 qui
946 1293 1147 1360 hospes
1187 1304 1267 1355 es,
1312 1305 1424 1345 sua:
1467 1289 1617 1345 urbis
1659 1291 1832 1345 civem
1879 1290 2028 1345 desi-

462 1384 669 1453 gnabit,
699 1392 938 1453 tuncque
967 1398 1294 1453 magnopere
1324 1383 1628 1450 laetaberis;
1656 1385 1783 1454 quia
1808 1400 2028 1454 parvam

464 1476 693 1545 gratiam
734 1490 880 1528 nunc
925 1473 1245 1539 fmneratus,
1285 1474 1597 1543 bonamque
1634 1474 1895 1530 doctrina:
1931 1490 2027 1530 vo-

462 1568 755 1631 luntatem,
804 1567 914 1622 eris
967 1567 1139 1621 haeres
1196 1567 1608 1621 commodorum
1676 1576 2025 1634 aeternorum,

463 1660 845 1728 bonorumque
893 1673 1015 1728 qua:
1070 1657 1272 1713 auferri
1318 1673 1427 1712 non
1458 1668 1710 1728 possunt.
1754 1658 1868 1715 Nec
1896 1676 2025 1717 vero

460 1751 703 1805 laborem
731 1750 929 1805 subeas
958 1748 1225 1804 referendi
1257 1750 1393 1803 mihi
1423 1766 1606 1806 mores
1636 1761 1759 1807 tuos
1787 1770 1799 1805 :
1840 1753 2022 1807 omnia
2053 1726 2096 1781 Β

459 1844 605 1896 enim
644 1858 766 1912 quae
817 1842 883 1895 ad
929 1851 980 1896 te
1025 1842 1337 1911 pertinent,
1382 1850 1594 1897 amator
1641 1842 1744 1898 iste
1786 1844 2027 1900 veritatis

460 1935 737 1990 Barnabas
771 1934 1049 2000 indicavit,
1082 1932 1193 1987 fere
1231 1933 1476 2004 quotidie
1518 1933 1716 1989 bonam
1753 1934 1831 1989 tui
1875 1951 2026 1990 men-

460 2029 661 2081 tionem
706 2024 930 2080 faciens.
980 2024 1046 2079 Et
1083 2035 1143 2079 ut
1182 2025 1307 2091 tibi,
1354 2035 1612 2095 tanquam
1657 2026 1788 2081 vero
1828 2026 2025 2094 amico,

460 2117 698 2171 breviter
754 2132 869 2171 rem
920 2117 1195 2186 aperiam;
1247 2118 1353 2172 nisi
1398 2118 1496 2173 tibi
1541 2117 1746 2188 aliquid
1800 2118 2027 2188 impedi-

458 2218 645 2263 mento
678 2215 781 2274 est,
818 2208 921 2262 iter
955 2208 1243 2263 nobiscum
1272 2207 1432 2275 habe,
1474 2223 1539 2264 ac
1564 2208 1781 2279 percipe
1820 2225 2027 2265 sermo-

457 2316 578 2354 nem
608 2300 871 2366 veritatis,
896 2314 1056 2369 quem
1082 2314 1177 2369 per
1201 2299 1443 2370 singulas
1472 2300 1719 2357 civitates
1742 2300 2025 2357 habiturus

456 2408 602 2459 sum,
633 2390 865 2446 Romam
892 2405 1066 2462 usque
1093 2391 1288 2461 ipsam.

524 2483 667 2539 XVI.
707 2485 819 2556 Ego
862 2502 991 2541 vero
1033 2487 1097 2542 ad
1138 2487 1288 2540 illum
1321 2504 1335 2540 :
1371 2485 1603 2543 Paratus
1645 2486 1863 2557 quidem
1900 2502 2020 2543 sum

453 2577 725 2647 proficisci
760 2589 961 2644 tecum,
995 2580 1215 2648 inquam
1243 2596 1257 2633 :
1283 2579 1386 2633 hoc
1432 2594 1668 2650 namque
1704 2580 1889 2635 nescio
1912 2594 2023 2649 quo

455 2671 617 2724 modo
657 2670 914 2725 constitui
966 2671 1119 2725 laetus
1155 2686 1385 2725 :verum
1435 2672 1595 2741 cupio
1631 2672 1784 2740 prius
1822 2672 2022 2726 certior

452 2762 520 2815 de
542 2759 767 2814 veritate
791 2760 935 2827 fieri;
963 2769 1023 2815 ut
1045 2761 1240 2825 sciam,
1270 2771 1454 2816 utrum
1482 2762 1664 2815 anima
1695 2762 2019 2819 immortalis

453 2851 545 2915 sit,
578 2866 645 2904 an
680 2851 967 2916 mortalis;
1002 2859 1056 2904 et
1092 2851 1139 2905 si
1178 2860 1260 2905 est
1289 2851 1649 2920 sempiterna,
1690 2867 1820 2905 num
1850 2852 1920 2907 ob
1954 2868 2019 2907 ea

449 2958 575 3009 qua:
602 2942 688 2997 hic
722 2941 907 3011 gessit,
944 2941 1178 3010 judicari
1209 2941 1437 3007 debeat;
1481 2941 1631 3007 item,
1660 2942 1917 3011 quidnam
1945 2942 2018 2997 sit

448 3030 655 3097 justum
706 3046 771 3084 ac
814 3029 924 3085 Deo
970 3041 1224 3100 gratum;
1285 3042 1580 3101 praeterea,
1641 3030 1889 3087 factusne
1942 3034 2080 3119 sitc

453 3122 709 3189 mundus,
741 3130 795 3177 et
833 3138 1003 3191 quare
1046 3121 1251 3190 factus;
1286 3131 1341 3178 et
1386 3139 1455 3177 an
1499 3124 1571 3179 sit
1607 3124 2009 3188 dissolvendus,

455 3229 657 3291 necne,_
677 3229 743 3266 an
778 3214 968 3268 melior
1007 3211 1243 3278 futurus,
1284 3228 1351 3266 an
1389 3229 1489 3269 nec
1524 3214 1739 3270 futurus
1766 3215 2013 3283 omnino,

451 3319 536 3371 ac,
580 3320 648 3358 ne
691 3304 902 3374 singula
945 3319 1268 3375 prosequar,
1310 3304 1426 3359 base
1476 3314 1638 3376 atque
1685 3306 1771 3361 his
1815 3306 2014 3362 similia

451 3397 640 3450 vellem
684 3396 912 3450 discere.
966 3396 1059 3450 llle
1104 3404 1316 3462 autem,
1360 3396 1545 3452 divino
1584 3397 1774 3468 spiritu
1811 3414 2013 3470 cogno-

448 3504 607 3544 scens
641 3488 772 3558 quid
809 3488 909 3544 sibi
934 3488 1131 3543 vellent
1166 3505 1228 3543 ea
1262 3490 1447 3557 verba,
1488 3490 1659 3544 citum
1690 3505 2013 3560 responsum

453 3580 624 3643 dedit,
659 3589 717 3632 ut
744 3590 797 3633 et
827 3581 935 3633 cito
968 3596 1053 3633 me
1082 3579 1149 3634 ad
1178 3581 1458 3635 veritatem
1492 3590 1791 3637 revocaret.
1839 3581 2015 3651 Atque

449 3688 569 3741 ego,
602 3670 795 3741 inquit,
829 3671 1064 3727 breviter
1094 3670 1213 3735 tibi,
1249 3687 1282 3725 ο
1306 3673 1578 3742 Clemens,
1614 3687 1797 3730 rerum
1836 3672 2015 3729 scien-

452 3764 582 3818 tiam
610 3762 875 3817 exbibebo
900 3780 913 3816 :
939 3770 991 3817 et
1010 3762 1121 3833 jam
1147 3777 1289 3817 nunc
1318 3763 1465 3819 audi.

520 3938 683 3994 XVII.
719 3938 810 3993 Dei
842 3936 1096 3993 voluntas
1133 3938 1333 3993 multas
1381 3939 1453 3994 ob
1500 3941 1738 3996 rationes
1772 3940 2006 3996 homini-

449 4032 553 4085 bus
600 4032 813 4086 occulta
858 4029 978 4085 fuit.
1022 4029 1207 4083 Primo
1246 4030 1463 4101 quidem
1494 4031 1641 4100 quod
1682 4031 1759 4085 illi
1795 4032 2008 4087 detine-

448 4131 637 4175 rentur
664 4137 827 4190 prava
858 4120 1222 4186 institutione,
1253 4120 1503 4174 convictu
1534 4121 1753 4187 vitioso,
1780 4137 2012 4177 consue-

446 4214 637 4270 tudine
691 4213 1038 4283 perniciosa,
1100 4212 1259 4267 malis
1308 4212 1635 4282 colloquiis,
1691 4227 1802 4267 non
1863 4223 2009 4268 recta

448 4307 769 4375 opinionum
805 4303 1195 4374 anticipatione
1215 4343 1230 4367 ,
1278 4313 1440 4374 atque
1469 4313 1754 4373 eapropter
1785 4319 2005 4372 errore;

447 4400 572 4453 dein
605 4407 915 4467 contemptu
937 4437 952 4463 ,
983 4394 1383 4460 incredulitate,
1413 4394 1794 4461 fornicatione,
1824 4397 2007 4450 avari~
2038 4391 2083 4445 D

448 4494 554 4557 tia,
600 4489 750 4544 inani
795 4488 991 4558 gloria,
1017 4487 1252 4557 aliisque
1296 4487 1609 4553 similibus;
1636 4503 1757 4557 quae
1795 4503 1916 4541 cum
1953 4488 2009 4542 in

447 4583 731 4647 mundum,
773 4590 1033 4650 tanquam
1079 4579 1347 4649 plurimus
1382 4577 1565 4632 fumus
1594 4579 1650 4632 in
1700 4594 1865 4633 unam
1913 4578 2011 4634 do-

448 4691 619 4740 mum,
662 4672 1017 4739 intraverint,
1051 4673 1306 4740 intusque
1338 4669 1695 4724 habitantium
1723 4670 2007 4724 hominum

444 4765 622 4819 visum
654 4763 975 4818 olfuscarint
998 4804 1013 4826 ,
1061 4778 1154 4816 eos
1186 4778 1293 4816 non
1329 4762 1515 4815 sinunt
1544 4761 1803 4829 aspicere,
1834 4777 2010 4831 neque

446 4855 635 4909 mundi
666 4863 966 4909 creatorem
1000 4852 1168 4908 Deum
1205 4854 1502 4922 intelligere
1530 4867 1595 4904 ex
1632 4853 1699 4908 iis
1723 4854 1775 4906 in
1806 4854 2005 4922 quibus

447 4947 562 5017 ipse
583 4963 640 5002 se
665 4946 858 5016 pinxit,
884 4961 985 5000 nec
1013 4960 1339 5015 cognoscere
1369 4944 1513 5014 quod
1542 4947 1590 5000 ei
1626 4946 1822 5015 placet.
1853 4945 2006 5012 Quo-

448 5039 595 5091 circa
648 5045 861 5105 oportet
917 5036 1163 5091 veritatis
1219 5036 1494 5101 studiosi,
1546 5036 1878 5092 intrinsecus
1936 5054 2000 5093 ex

447 5128 643 5182 anima:
684 5124 978 5195 profundo,
1009 5125 1077 5179 ad
1109 5125 1372 5178 auxilium
1402 5141 1531 5179 vera
1568 5126 1783 5182 ratione
1809 5138 2005 5183 vocent

450 5217 617 5274 Deum
648 5217 824 5274 solum
847 5257 863 5283 ,
892 5216 1180 5271 Dominum
1223 5224 1407 5270 autem
1451 5225 1696 5272 nostrum
1724 5226 1776 5272 et
1805 5216 2001 5273 Salva-

2130 736 2222 788 τδν
2247 736 2347 804 τῆς
2374 736 2629 806 ἀληθείας
2653 738 2867 809 κήρυκα
2890 739 3101 805 ξενίσας
3120 737 3406 810 Βαρνάϐαν
3430 739 3520 801 εἰς
3548 738 3735 808 τιμὴν

2130 826 2224 880 τοῦ
2252 826 2404 891 ὄντος
2425 828 2469 860 ³⁸
2492 828 2647 893 Θεοῦ,
2672 830 2767 883 καὶ
2795 830 2913 884 λίαν
2950 830 3385 902 μεγαλοφρόνως,
3428 830 3540 882 οὐκ
3572 830 3733 881 αἰδε-

2133 917 2279 981 σθεὶς
2322 918 2412 971 τὸν
2447 918 2490 950 ³⁷
2523 918 2632 973 τῶν
2672 920 3010 974 ἀπαιδεύτων
3055 921 3245 992 θυμόν.
3276 920 3584 989 Μακάριος
3617 919 3735 989 γὰρ

2130 1008 2206 1072 ὡς
2232 1008 2447 1080 ἀληθῶς
2484 1011 2573 1073 σὺ,
2611 1011 2703 1063 τὸν
2745 1011 2846 1081 τῆς
2874 1011 3130 1081 ἀληθείας
3177 1011 3530 1083 πρεσϐευτὴν
3578 1009 3735 1063 οὕτω

2130 1086 2343 1165 ξενίσας
2377 1099 2527 1172 πάσῃ
2562 1103 2727 1171 τιμῇ·
2770 1101 2883 1154 ἀνθ’
2907 1096 2983 1155 ὧν
3013 1103 3152 1173 αὑτὴ
3192 1103 3288 1155 καί
3319 1119 3377 1154 σε
3416 1104 3453 1173 ή
3483 1101 3733 1172 ἀλήθεια

2129 1188 2277 1255 ξένον
2317 1190 2466 1254 ὄντα,
2498 1191 2599 1261 τῆς
2635 1191 2772 1254 ιδίας
2813 1192 3019 1255 πόλεως
3066 1193 3396 1261 καταστήσει
3442 1192 3726 1262 πολίτην·

2128 1281 2222 1333 καὶ
2258 1282 2380 1335 τότε
2398 1284 2613 1355 χαρήσῃ
2670 1284 2938 1353 μεγάλως,
2973 1285 3055 1337 ὅτι
3104 1284 3361 1354 βραχεῖαν
3408 1283 3513 1337 νῦν
3551 1284 3729 1355 χάριν

2126 1373 2373 1437 δανείσας
2394 1376 2486 1428 καὶ
2507 1375 2715 1446 ἀγαθὴν
2741 1376 2912 1444 λόγων
2946 1377 3282 1447 προαίρεσιν,
3308 1374 3498 1428 καλῶν
3521 1376 3725 1429 ἀϊδίων

2126 1465 2221 1518 καὶ
2262 1466 2639 1537 ἀναφαιρέτων
2675 1466 2894 1535 ἀγαθῶν
2929 1467 3026 1540 έσῃ
3068 1467 3417 1537 κληρονόμος.
3470 1466 3592 1521 Καὶ
3644 1468 3722 1537 μή

2125 1555 2299 1626 κάμνε
2337 1556 2667 1610 ἀντιϐάλλων
2711 1574 2803 1627 μοι
2838 1557 2900 1610 τὸ
2949 1558 3039 1610 σὺν
3076 1553 3242 1628 ἦθος·
3276 1558 3457 1611 πάντα
3484 1556 3603 1628 γὰρ
3649 1558 3723 1610 τά

2125 1648 2265 1701 κατὰ
2296 1647 2355 1701 σὲ
2394 1650 2424 1701 ό
2452 1647 2747 1719 φιλαλήθης
2788 1642 2941 1711 οὗτος
2970 1650 3108 1720 ἀνὴρ
3149 1650 3178 1701 ὁ
3200 1648 3489 1719 Βαρνάϐας
3528 1649 3721 1719 ἀπήγ-

2124 1738 2290 1807 γειλε,
2332 1739 2453 1792 καθ’
2498 1740 2709 1811 ἡμέραν
2740 1741 2923 1810 σχεδὸν
2954 1742 3051 1812 τὴν
3096 1740 3305 1811 ἀγαθήν
3350 1757 3444 1793 σου
3477 1740 3718 1810 μνήμην

2126 1830 2460 1902 ποιούμενος.
2491 1831 2601 1884 Καὶ
2644 1832 2729 1886 ἵνα
2774 1850 2875 1897 σοι,
2910 1833 2986 1896 ὼς
3015 1833 3221 1904 γνησίῳ
3265 1832 3427 1903 φίλῳ,
3475 1830 3715 1901 δηλώσω

2124 1923 2245 1977 κατ’
2291 1923 2553 1993 ἐπιτομὴν
2582 1922 2643 1975 τὸ
2684 1924 3061 1995 προκείμενον,
3102 1925 3153 1975 εἰ
3201 1924 3274 1995 μή
3312 1923 3395 1977 σοί
3426 1940 3485 1976 τι
3525 1923 3711 1993 ἐμπο-

2123 2014 2290 2079 δίζει,
2350 2012 2660 2067 συνόδευσον
2710 2015 2860 2085 ήμῖν,
2912 2013 3334 2085 μεταλαμϐάνων
3384 2014 3481 2067 τὸν
3521 2014 3569 2047 ³⁸
3607 2013 3712 2084 τῆς

2124 2102 2375 2175 ἀληθείας
2416 2102 2589 2171 λόγον,
2637 2101 2697 2155 ὃν
2727 2103 2771 2134 ⁸⁸
2812 2103 2951 2158 κατά
2998 2104 3151 2159 πόλιν
3189 2102 3464 2157 ποιεῖσθαι
3520 2102 3709 2175 μέλλω

2127 2196 2287 2268 μέχρι
2337 2193 2554 2266 Ῥώμης
2590 2194 2773 2268 αὑτῆςο

2192 2486 2331 2541 Χνι.
2384 2486 2523 2557 Ἐγὼ
2558 2488 2617 2542 δὲ
2655 2488 2793 2560 πρὸς
2828 2488 3012 2555 αὐτόν,
3060 2490 3150 2544 Σοὶ
3188 2489 3288 2562 μὲν
3325 2490 3568 2561 ἑτοίμως
3596 2489 3704 2559 ἔχω

2123 2578 2445 2644 συνοδεύειν,
2488 2575 2641 2633 εἷπον
2661 2596 2674 2609 ·
2716 2579 2875 2633 τοῦτο
2898 2580 3006 2653 γὰρ
3035 2580 3133 2635 οὐκ
3169 2578 3265 2634 οἷδ’
3290 2582 3442 2645 ὅπως
3491 2582 3702 2655 χαίρων

2122 2666 2470 2741 προῄρημαι·
2530 2668 2669 2745 τῲήν
2703 2670 2832 2740 περὶ
2879 2669 3137 2741 ἀληθείας
3181 2669 3445 2740 βούλομαι
3476 2671 3701 2740 πρῶτον

2122 2758 2629 2831 πληροφορηθῆναι,
2686 2759 2773 2812 ἴνα
2818 2760 2930 2828 γνῶ
2954 2800 2968 2824 ,
3018 2761 3067 2813 εί
3122 2762 3155 2830 ή
3199 2760 3345 2831 ψυχὴ
3401 2759 3702 2825 ἀθάνατος,

2124 2848 2369 2920 ἢθνητή·
2422 2850 2515 2903 καὶ
2538 2851 2587 2901 εί
2625 2850 2795 2914 ἀΐδιος
2841 2847 2997 2915 οὖσα,
3042 2852 3170 2921 περὶ
3211 2845 3286 2904 ὧν
3331 2850 3577 2922 ἔπραξεν
3616 2852 3702 2905 ὲν-

2115 2935 2310 3000 ταῦθα,
2340 2937 2451 3008 ἔχει
2473 2938 2747 3009 κριθῆναι·
2781 2939 2872 2992 καὶ
2894 2940 2945 2993 τί
2974 2941 3102 2993 ποτέ
3131 2942 3244 2994 ἐστι
3266 2940 3472 2994 δίκαιον
3506 2941 3543 3012 ἢ
3572 2941 3700 3012 ἀρέ-

2116 3044 2243 3083 σκον
2284 3028 2421 3099 Θεῷ,
2465 3031 2559 3083 καὶ
2582 3031 2837 3100 είγέγονε
2875 3032 3096 3103 κόσμος,
3123 3034 3217 3085 καὶ
3254 3031 3343 3086 διὰ
3382 3033 3437 3084 τί
3478 3032 3697 3101 γέγονε,

2115 3118 2210 3173 καὶ
2244 3120 2293 3171 εί
2319 3119 2642 3191 λυθήσεται·
2674 3123 2766 3175 καί¹
2787 3122 2835 3174 εί
2863 3123 2923 3175 οὐ
2944 3122 3256 3193 λυθήσεται,
3287 3124 3382 3176 καὶ
3423 3123 3470 3154 ⁸⁸
3506 3124 3697 3195 κρείτ-

2112 3228 2221 3265 των
2266 3210 2437 3274 έσται,
2473 3212 2506 3281 ἢ
2538 3212 2657 3265 οὐδὲ
2688 3210 2875 3266 ἔσται’
2918 3214 3013 3267 καὶ
3052 3214 3141 3267 ἵνα
3190 3215 3264 3285 μὴ
3296 3213 3355 3266 τὸ
3394 3216 3523 3267 κατ’
3554 3212 3697 3276 εἶδος

2113 3302 2286 3373 λέγω,
2332 3304 2505 3358 ταῦτά
2553 3318 2613 3357 τε
2674 3306 2769 3359 καὶ
2819 3304 2888 3359 τά
2932 3305 3141 3370 τούτοις
3195 3307 3439 3377 ἑπόμενα
3500 3308 3697 3378 μαθεῖν

2115 3394 2320 3466 ἤθελον.
2376 3396 2432 3448 Ὀ
2476 3395 2570 3460 δὲ,
2612 3396 2656 3427 ⁵¹
2689 3396 2741 3448 τί
2783 3396 2941 3450 ταυτὶ
2974 3396 3218 3467 βούλεται
3246 3396 3315 3449 τὰ
3363 3398 3588 3468 ῥήματα
3616 3396 3696 3468 τῷ

2116 3486 2244 3558 θείῳ
2271 3486 2537 3557 πνεύματι
2558 3489 2738 3555 γνοὺς,
2761 3491 2980 3558 ταχεῖαν
2999 3489 3096 3559 τὴν
3115 3488 3404 3558 ἀπόκρισιν
3432 3492 3693 3555 ἐποιεῖτο,

2115 3577 2201 3631 ἵνα
2258 3579 2352 3631 καὶ
2392 3577 2528 3648 ταχύ
2583 3596 2649 3648 με
2699 3579 2834 3648 πρὸς
2873 3580 2971 3649 τὴν
3025 3578 3277 3651 ἀλήθειαν
3336 3581 3692 3652 ὲπαναγάγη-

2112 3683 2201 3719 ται
2230 3667 2294 3721 δ’.
2334 3668 2461 3731 Καί,
2511 3669 2795 3739 Συντόμως
2838 3668 2947 3738 ἐγώ
2992 3687 3099 3733 σοι,
3143 3670 3344 3740 ἔλεγεν,
3385 3666 3432 3724 ὦ
3464 3672 3693 3744 Κλήμη,

2113 3760 2208 3833 τὴν
2246 3760 2363 3817 τῶν
2388 3761 2555 3817 ὄντων
2605 3763 2803 3833 γνῶσιν
2832 3762 3154 3836 παρέξομαιο
3200 3765 3295 3819 καὶ
3337 3764 3410 3819 τά
3447 3763 3551 3819 νῦν
3602 3766 3693 3835 ἐξ·

2111 3853 2281 3922 αυτῆς
2304 3853 2487 3908 ἀκουε.

2182 3962 2345 4017 XVII.
2383 3965 2445 4016 Ἡ
2472 3964 2564 4017 τοῦ
2594 3964 2731 4018 Θεοῦ
2752 3965 2915 4037 βουλὴ
2945 3966 3087 4021 κατὰ
3113 3967 3341 4030 πολλοὺς
3359 3967 3604 4037 τρόπους
3633 3969 3693 4019 ὲν

2110 4054 2287 4124 ἀδήλῳ
2310 4053 2497 4122 γέγονε
2522 4057 2633 4117 τοῖς
2655 4054 2981 4126 ἀνθρώποις.
3006 4057 3204 4128 Πρῶτα
3228 4057 3326 4128 μὲν
3348 4056 3437 4109 διά
3456 4056 3520 4109 τὸ
3549 4074 3691 4128 κρα-

2110 4144 2336 4214 τηθῆναι
2374 4146 2571 4209 αὐτοὺς
2599 4148 2873 4217 εἰσαγωγῇ
2911 4151 3051 4219 κακῇ
3076 4187 3091 4212 ,
3122 4147 3415 4218 συντροφίᾳ
3446 4150 3690 4218 πονηρᾷ,

2113 4237 2369 4308 συνηθείᾳ
2394 4237 2562 4309 δεινῇ,
2595 4238 2782 4309 ὁμιλία
2813 4242 2957 4310 κακῇ
2994 4239 3061 4303 ⁸³,
3090 4238 3353 4310 προλήψει
3376 4239 3480 4291 οὐκ
3506 4239 3645 4310 ὀρθῇ
3670 4278 3687 4303 ,

2112 4326 2205 4378 καὶ
2228 4326 2513 4412 διζταῦτα
2539 4328 2715 4399 πλάνῃ
2734 4345 2746 4357 ·
2800 4328 2989 4382 ἔπειτα
3015 4328 3236 4399 ἀφοϐία,
3272 4329 3525 4398 ἀπιστίᾳ,
3553 4346 3689 4399 πορ-

2109 4418 2245 4489 νείᾳ,
2285 4420 2635 4491 φιλαργυρίᾳ,
2680 4420 2975 4491 κενοδοξία,
3004 4420 3099 4474 καὶ⁵
3136 4420 3313 4483 ἀλλοις
3335 4420 3626 4484 τοιούτοις,
3650 4420 3687 4473 ἃ.

2107 4509 2172 4579 δὴ
2212 4509 2460 4581 καθάπερ
2501 4511 2708 4564 καπνοῦ
2745 4511 2946 4582 πλῆθος
2985 4513 3068 4574 εἰς
3111 4512 3209 4565 ἕνα
3250 4507 3396 4565 οἷκον
3428 4514 3683 4566 ἐπεισελ-

2110 4597 2269 4651 θόντα
2294 4598 2384 4650 τὸν
2414 4599 2636 4669 κόσμον,
2660 4600 2753 4652 καὶ
2785 4599 2890 4651 τῶν
2916 4598 3125 4652 ἔνδοθεν
3150 4600 3440 4653 οἰκούντων
3469 4601 3683 4671 ἀνδρῶν

2108 4684 2507 4739 ἐπιθολὼσαντα
2557 4687 2656 4750 τὰς
2702 4687 2940 4757 ὁράσεις,
2990 4688 3281 4757 ἀναϐλέψαι
3331 4688 3531 4751 αὐτοὺς
3580 4690 3684 4744 οὑκ

2109 4777 2193 4847 ἐᾷ,
2222 4778 2316 4831 καὶ
2340 4782 2406 4849 τῇ
2437 4778 2708 4852 διαγραφῇ
2730 4781 2818 4833 τὸν
2844 4781 3319 4852 δημιουργήσαντα
3344 4783 3681 4854 κατανοῆσαι

2109 4868 2260 4934 Θεὸν,
2304 4871 2396 4923 καὶ
2430 4872 2491 4924 τὸ
2530 4860 2709 4943 τούτῳ
2733 4873 2920 4927 δοκοῦν
2964 4875 3246 4944 γνωρίσαι.
3292 4874 3384 4959 eis
3410 4876 3518 4946 χρὴ
3549 4877 3680 4940 τοὺς

2109 4960 2417 5033 φιλαλήθεις
2460 4962 2659 5017 ἔσωθεν
2700 4966 2764 5018 ὲκ
2805 4965 3001 5035 βάθους
3042 4967 3221 5037 ψυχῆς
3269 4968 3678 5023 ἐκκαλέσασθαι

2107 5050 2242 5120 πρὸς
2282 5053 2596 5123 ἐπικουρίαν
2645 5055 2832 5126 ἀληθεῖ
2875 5056 3120 5127 λογισμῷ
3168 5058 3258 5111 τὸν
3308 5058 3467 5127 μόνον
3520 5059 3677 5126 Θεὸν,

2107 5140 2307 5212 Κύριον
2349 5143 2406 5197 δὲ
2434 5146 2586 5215 ήμῶν
2616 5147 2708 5199 καὶ
2751 5148 2976 5219 Σωτῆρα
3032 5148 3247 5221 Ἰησοῦν
3284 5150 3544 5221 Χριστὸν,
3582 5153 3676 5206 καὶ

2108 5232 2236 5300 παρ’
2279 5231 2441 5285 αὑτοῦ
2483 5233 2683 5302 γνῶσιν
2710 5218 2919 5303 λαϐεῖν,
2956 5238 3045 5291 ἵνα
3088 5218 3174 5301 τις
3214 5218 3362 5302 Em;
3393 5238 3470 5293 ὢν
3512 5242 3573 5328 ἐν
3597 5242 3674 5313 τῷ

1703 5350 1935 5406 VARle
1975 5355 2368 5420 LECTIONES.

518 5489 562 5578 δξ
602 5488 739 5571 ιςεθ
768 5488 861 5578 τῇ
891 5488 1057 5578 6313s
1079 5484 1507 5578 9505431.“.‘9145.
1529 5504 1703 5578 νευεῖα
1727 5486 1989 5578 Ρειιξιεδξ,
2018 5500 2078 5578 ll}
2097 5494 2279 5578 “infra,
2307 5516 2458 5554 num.
2488 5518 2637 5556 χιιι.
2672 5501 2833 5558 (Ζιειι.
2911 5507 2953 5540 ⁸⁷
2994 5507 3060 5561 al.
3092 5508 3256 5563 inser.
3289 5510 3351 5561 οὺ
3388 5509 3663 5578 φοϐηθείς.

3600 5574 3625 5594 τ

446 5566 488 5597 ⁸³
512 5559 579 5613 al.
613 5559 739 5611 τῶν.

445 5631 489 5664 δ’
524 5629 594 5683 al.
634 5629 995 5702 ἐπαγάγηται,
1071 5627 1115 5660 ⁸³
1149 5631 1209 5683 οὐ
1245 5628 1406 5700 καλῇ.

815 5555 1436 5649 ξξαίίλόγρξνμῷνλᾷδσ
1461 5559 1530 5612 al.
1573 5560 1665 5611 κκι
1696 5559 1762 5610 εί.
1842 5561 1884 5600 ιι
1921 5561 1991 5615 al.
2032 5565 2061 5616 ό
2092 5562 2147 5618 δὲ
2178 5555 2381 5640 Πέτρος
2405 5555 2540 5642 πρὸς
2567 5555 3656 5649 ίτάῡὲἶάἐτεκριρἇέοτξςέτέελωτςν’ὦς-ες
