3834 6220
172 262 288 318 485

915 254 1367 313 CLEMENTINA.
1411 286 1480 296 —
1517 253 1815 309 EPITOME
1854 255 1941 309 DE
1977 254 2222 311 GESTIS
2261 255 2319 311 S.
2359 253 2577 311 PETRI.

3322 254 3430 312 486

170 386 315 455 οἴκῳ
362 383 444 454 τῷ
484 378 853 451 πεπλησμένῳ
899 378 1108 433 καπνοῦ
1132 419 1148 444 ,
1189 378 1269 450 τῷ
1319 378 1510 450 κόσμῳ
1546 378 1721 449 τούτῳ
1740 417 1759 443 ,

1868 386 2034 433 torem
2061 377 2248 434 Jesutn
2281 378 2587 444 Christum,
2611 385 2666 432 et
2687 375 2758 432 ab
2780 390 2847 431 eo
2878 375 3244 446 cognitionem
3281 391 3429 431 acet-

172 478 353 547 φημὶ,
407 474 648 547 προσιὼν
698 472 906 539 ἀνοῖξαι
950 471 1151 542 δυνηθῇ
1198 470 1392 542 θύραν,
1439 472 1517 533 ὼς
1552 470 1613 523 τὸ
1660 470 1757 541 μὲν

172 569 338 631 ἐκτὸς
379 567 474 619 τοῦ
521 565 677 637 ἡλίου
726 563 845 633 φῶς
884 563 1226 634 εἰσκριθῆναι
1267 562 1346 633 τῷ
1389 564 1544 633 οἴκῳ,
1576 563 1667 615 τὸν
1700 562 1758 615 δὲ

173 658 330 719 ἐντὸς
357 656 451 709 τοῦ
480 656 652 726 πυρὸς
681 654 813 708 ὄντα
842 653 1173 725 ἐκϐληθῆναι
1200 653 1403 707 καπνόν
1423 671 1435 684 ·
1467 655 1615 717 ὅπως
1640 655 1757 707 δια-

173 748 481 817 ϐλέψαντες
525 748 575 799 oi
631 747 905 818 ἄνθρωποι
962 745 1323 798 πιστεύσωσιν
1369 746 1450 807 είς
1490 744 1585 797 ἕνα
1626 744 1758 797 Θεὸν

174 840 402 910 Πατέρα
429 840 863 909 παντοκράτορα,
902 838 996 891 καὶ
1034 838 1113 900 είς
1142 837 1234 889 τὸν
1285 835 1546 906 μονογενῆ
1594 834 1758 888 αὑτοῦ

175 932 305 983 Υἰὸν
331 932 426 984 τὸν
458 930 565 1003 πρὸ
599 930 707 983 τῶν
735 931 945 984 αἰώνων
973 929 1032 993 ἐξ
1058 927 1221 983 αὐτοῦ
1247 928 1540 997 ἀφράστως
1568 943 1761 997 γεννη-

174 1022 361 1085 θέντα,
390 1025 484 1077 καὶ
512 1024 592 1086 είς
618 1024 680 1075 τὸ
709 1021 935 1091 Πνεῦμα
960 1020 1022 1073 τὸ
1046 1021 1198 1088 ἅγιον
1218 1019 1280 1072 τὸ
1307 1019 1364 1085 ἐξ
1387 1018 1553 1072 αὐτοῦ
1584 1020 1759 1091 ἀρῤή-

171 1131 283 1177 τως
314 1115 771 1186 ἐκπορευόμενον,
811 1113 909 1166 ἕνα
935 1112 1068 1165 Θεὸν
1107 1112 1461 1184 γνωρίζοντες
1489 1114 1546 1165 ὲν
1584 1114 1761 1182 τρισὶν

186 1207 607 1271 Ὺποστάσεσιν,
637 1208 890 1279 ἄναρχον,
908 1205 1281 1278 ἀτελεύτητον,
1309 1205 1545 1269 αίώνιον,
1570 1206 1758 1270 ἀΐδιον,

175 1298 457 1362 ἄκτιστον,
485 1299 775 1369 ἄτρεπτον,
799 1296 1175 1362 ἀναλλοίωτον,
1199 1296 1425 1361 ἁπλοῦν,
1450 1297 1760 1362 ἀσύνθετον,

174 1388 491 1458 ἀσώματον,
548 1389 813 1460 ἀόρατον,
861 1388 1066 1458 ἀναφῆ,
1106 1388 1537 1460 ἀπερίγραπτον,
1572 1390 1763 1460 ἀπερί-

174 1480 388 1551 ληπτον
424 1481 493 1543 ⁸⁸,
522 1480 749 1551 ἄπειρον
770 1520 785 1545 ,
829 1480 1199 1551 ἀκατανόητον
1221 1520 1235 1546 ,
1277 1480 1501 1549 ἀγαθὸν,
1535 1481 1759 1546 δίκαιον,

175 1572 611 1644 παντοδύναμον,
642 1574 857 1628 πάντων
887 1573 1203 1643 κτισμάτων
1228 1574 1580 1646 δημιουργὸν,
1597 1580 1610 1595 ⁹
1629 1592 1763 1628 παν-

173 1667 509 1737 τοκράτορα,
556 1667 964 1737 παντεπόπτην,
1004 1668 1575 1740 πάντωννπρονοητὴν,
1607 1668 1760 1735 ἐξου-

1860 473 2047 542 piant;
2084 480 2143 527 ut
2170 472 2368 542 aliquis
2396 473 2546 526 intus
2575 470 2790 540 positus
2816 471 2869 524 in
2896 469 3063 524 domo
3085 468 3222 523 fumi
3244 470 3427 539 plena,

1859 564 1916 619 in
1950 564 2053 619 hoc
2075 604 2090 626 ,
2141 564 2389 633 inquam,
2420 562 2627 616 mundo
2649 602 2663 624 ,
2716 562 2981 616 accedens
3011 561 3182 630 possit
3213 560 3430 629 aperire

1860 653 2038 720 fores;
2075 670 2185 724 quo
2229 654 2414 708 lumen
2464 653 2617 719 solis,
2648 652 2795 722 quod
2823 663 2976 707 extra
3024 662 3128 717 est,
3156 652 3433 705 intromit-

1860 756 2005 800 tatur
2040 746 2093 799 in
2142 744 2401 810 domum;
2445 744 2587 815 ignis
2634 759 2761 799 vero
2792 743 2997 808 fumus,
3029 744 3123 812 qui
3156 742 3299 797 intro
3325 752 3427 807 est,

1858 836 2109 905 ejiciatur
2148 836 2238 902 “;
2273 845 2333 889 ut
2374 836 2644 898 homines,
2684 850 2807 889 cum
2856 835 3262 905 pcrspexerint,
3311 850 3431 889 cre-

1861 927 1991 982 dant
2027 929 2080 982 in
2115 944 2285 981 unum
2337 927 2505 981 Deum
2541 925 2760 981 Patrem
2799 927 3254 997 omnipotentem,
3281 935 3334 981 et
3374 926 3430 980 in

1863 1021 2201 1090 unigenitum
2231 1019 2349 1089 ejus
2382 1019 2580 1073 Filium
2622 1034 2687 1073 ex
2717 1034 2781 1073 eo
2811 1026 2936 1072 ante
2987 1018 3186 1074 saecula
3212 1018 3432 1072 inenar-

1862 1112 2019 1167 rabili
2072 1112 2235 1166 modo
2272 1112 2539 1181 genitum,
2570 1119 2625 1165 et
2669 1110 2723 1164 in
2766 1108 3033 1180 Spiritum
3063 1117 3316 1164 sanctum
3362 1123 3427 1162 ex

1864 1206 2055 1261 eodem
2089 1205 2349 1260 incﬂabili
2382 1206 2593 1260 ratione
2623 1209 3003 1275 procedentem
3030 1222 3044 1269 ;
3070 1206 3231 1273 atque
3260 1218 3430 1257 unum

1865 1296 2036 1352 Deum
2092 1306 2428 1368 cognoscant
2489 1298 2541 1351 in
2600 1298 2778 1352 tribus
2824 1296 3109 1361 Personis,
3164 1294 3432 1365 principio

1862 1398 2160 1455 carentem,
2189 1389 2313 1443 linis
2341 1398 2639 1459 expertem,
2664 1400 2949 1451 aeternum,
2975 1397 3315 1458 perpetuum,
3347 1387 3432 1440 in-

1862 1490 2127 1547 creatum,
2177 1480 2596 1546 immutabilem,
2630 1481 2920 1535 variationi
2958 1496 3066 1535 non
3106 1480 3429 1545 obnoxium,

1863 1575 2191 1645 simplicem,
2235 1588 2343 1627 non
2388 1575 2776 1643 compositum,
2810 1574 3215 1643 incorporeum,
3246 1572 3432 1627 invisi-

1870 1667 2055 1731 bilem,
2089 1664 2407 1730 intactilem,
2431 1664 2986 1734 incircumscriptum,
3016 1665 3435 1733 incomprehen-

175 1758 430 1830 σιαστὴν,
466 1760 559 1812 καὶ¹
600 1759 825 1830 κριτήν·
868 1757 1173 1822 καὶ,οῦτως
1206 1737 1657 1831 ἀναγεννηθέντες
1692 1760 1758 1813 δι’

1868 1759 2100 1822 sibilem,
2147 1756 2449 1826 intinitumf,
2481 1770 2590 1810 non
2618 1757 2886 1811 valentem
2915 1757 3170 1827 perspici,
3203 1757 3435 1821 bonum,

173 1846 373 1911 ὕδατός
398 1865 460 1901 τε
490 1850 584 1902 καὶ¹
620 1848 949 1920 πνεύματος,
981 1849 1411 1921 συγκληρονόμοι
1442 1853 1754 1907 καταστῶσι

173 1938 284 1993 τῶν
312 1940 456 2011 πρὸς
484 1940 790 2012 ἀφθαρσίαν
816 1940 1291 2012 ἀναγεννηθέντων
1328 1943 1459 1996 υίῶν
1480 1943 1575 1996 τοῦ
1604 1944 1757 2000 Θεοῦ.

1864 1853 2110 1923 justum,
2156 1859 2435 1921 potentem
2487 1849 2706 1915 omnia,
2753 1858 3134 1904 creaturarum
3184 1849 3433 1902 omnium

1870 1944 2153 2014 opiﬁcem,
2187 1941 2641 2011 omnipotentem,
2693 1940 3055 2010 inspectorem
3088 1950 3434 2007 cunctorum,

173 2031 519 2100 provisorem
567 2033 836 2097 omnium,
886 2032 1313 2102 dominatorem,
1359 2051 1425 2092 ac
1465 2036 1749 2108 judieem;
1807 2047 1973 2108 atque
2012 2036 2087 2090 ita
2137 2050 2280 2107 aqua
2333 2043 2387 2089 et
2436 2033 2631 2104 spiritu
2675 2034 2851 2088 renati
2896 2033 3208 2088 colueredes
3234 2034 3440 2088 consti-

174 2138 405 2183 tuantur
457 2127 695 2183 ﬁliorum
747 2128 843 2184 Dei
901 2140 1217 2185 renatorum
1263 2133 1330 2187 ad
1379 2133 1846 2205 incorruptionem
1878 2134 1946 2188 ⁸⁸.

245 2242 446 2299 XVIII.
494 2245 588 2298 Διὸ
621 2247 726 2319 πρὸ
775 2247 975 2311 παντὸς
1008 2246 1318 2319 ζητήματος
1361 2250 1455 2304 καὶ
1492 2251 1673 2315 αὐτὸς,
1720 2244 1766 2304 ὣ

176 2337 415 2407 Κλήμη,
458 2324 689 2407 ἐτοΤμως
724 2338 799 2400 ὼς
838 2338 952 2401 υίὸς
1001 2341 1169 2410 πατρὶ
1212 2340 1496 2411 πρόσελθε,
1542 2343 1631 2396 ἵνα
1672 2344 1765 2397 κα)⁵

176 2429 285 2482 τῶν
326 2428 622 2500 ὁρωμένων
651 2430 745 2482 καὶ
769 2430 875 2481 τῶν
903 2429 1152 2502 ἀοράτων
1174 2432 1419 2501 ἀψευδῶς
1438 2433 1537 2505 τὴν
1564 2435 1765 2503 γνῶσιν

179 2522 311 2584 Θεὸς
341 2520 601 2594 παράσχῃ
640 2539 741 2574 σοι.
789 2523 852 2574 Εί
899 2522 955 2575 δέ
999 2523 1093 2577 καὶ
1147 2523 1284 2594 μετά
1309 2524 1372 2577 τὸ
1413 2524 1676 2597 κληθῆναι
1704 2528 1767 2580 οὐ

181 2614 378 2677 θέλεις,
410 2611 444 2683 ἢ
475 2611 774 2683 βραδύνεις,
798 2614 983 2685 δικαίᾳ
1004 2614 1138 2667 Θεοῦ
1169 2616 1346 2686 κρίσει
1384 2616 1695 2691 ἀπόκληρος
1723 2621 1767 2653 ⁸⁷

175 2705 298 2777 ἔσῃ,
321 2704 403 2775 τῷ
430 2706 504 2776 μὴ
530 2704 754 2777 θελῆσαι
786 2706 859 2777 μὴ
889 2706 1153 2777 θεληθείς.
1188 2708 1299 2762 Καὶ
1330 2711 1403 2781 μή
1429 2726 1511 2762 τοι
1538 2712 1767 2785 νομίσῃς

175 2797 259 2849 ὅτι
288 2794 397 2849 κᾶν
436 2797 653 2849 πάντων
689 2797 797 2849 τῶν
838 2798 969 2849 ποτὲ
996 2799 1301 2870 γενομένων
1336 2802 1573 2855 εὐσεϐῶν
1612 2805 1768 2857 εὐσε-

175 2888 444 2952 ΐέστατος
473 2890 607 2963 γένῃ
636 2889 703 2954 ⁸⁸,
748 2890 821 2962 μὴ
858 2890 1084 2959 φθάσεις
1123 2892 1169 2923 δ’
1207 2891 1263 2945 δέ
1290 2892 1639 2965 τελειωθῆναι
1679 2896 1768 2950 διὰ

178 2981 581 3053 βαπτίσματος,
626 2982 838 3045 ἐλπίδος
888 2983 1097 3052 ἀγαθῆς
1136 2988 1317 3054 τυχεῖν
1361 2986 1568 3059 δυνήσῃ
1612 2986 1765 3040 ποτέ.

1937 2247 2122 2304 XVIII.
2167 2248 2509 2318 Quapropter
2553 2254 2676 2301 ante
2724 2261 2941 2301 omnem
2984 2248 3337 2317 quaestionem
3377 2256 3436 2303 tu

1867 2356 2110 2411 quoque,
2155 2355 2189 2395 ο
2234 2339 2509 2403 Clemens,
2558 2347 2810 2408 prompte
2849 2347 3109 2407 tanquam
3170 2339 3317 2394 ﬁlius
3365 2338 3436 2395 ad

1866 2445 2075 2503 patrem
2109 2432 2324 2497 accede,
2356 2442 2415 2486 ut
2442 2442 2497 2485 et
2520 2430 2819 2486 visibilium
2846 2442 2900 2484 et
2924 2430 3284 2486 invisibilium
3340 2449 3435 2487 co—

1870 2526 2173 2595 gnitionem
2201 2540 2330 2578 vere
2352 2524 2447 2577 tibi
2472 2524 2711 2593 praebeat
2735 2522 2897 2577 Deus.
2913 2521 3064 2589 Quod
3082 2525 3126 2578 si
3149 2534 3435 2595 postquam

1868 2626 2096 2673 vocatus
2117 2632 2198 2682 es,
2222 2631 2330 2670 non
2356 2616 2459 2683 vis,
2487 2627 2583 2670 aut
2603 2617 2907 2683 cunctaris;
2928 2616 3080 2687 justo
3106 2617 3199 2671 Dei
3222 2618 3438 2688 judicio

1868 2709 2115 2762 exheres
2154 2707 2297 2771 eris;
2326 2712 2380 2760 et
2421 2706 2549 2775 quia
2580 2707 2829 2772 noluisti,
2862 2707 3010 2762 nolet
3042 2716 3092 2761 te
3122 2707 3287 2763 Deus.
3333 2706 3440 2764 Ne-

1869 2814 1977 2870 que
2002 2812 2133 2852 vero
2163 2796 2466 2860 existimes,
2496 2794 2643 2864 quod
2666 2794 2769 2849 etsi
2803 2795 3047 2848 omnium
3078 2795 3170 2864 qui
3196 2811 3435 2864 unquam

1870 2888 2093 2943 luerunt
2116 2888 2214 2957 pii,
2238 2884 2521 2956 piissimus
2546 2885 2644 2951 sis,
2676 2884 2931 2954 baptismi
2964 2894 3145 2939 autem
3173 2901 3435 2940 consumo

1871 2981 2165 3035 mationem
2191 2993 2300 3032 non
2336 2976 2506 3030 fueris
2529 2986 2849 3041 assecutus,
2888 2977 3087 3031 bonam
3128 2992 3279 3046 spem
3317 2977 3438 3031 adio

176 3074 371 3146 Ταύτῃ
394 3073 503 3146 γὰρ
535 3073 753 3128 πλείονα
791 3074 987 3145 μᾶλλον
1024 3075 1243 3144 ὑφέξεις
1276 3076 1375 3148 τὴν
1407 3077 1648 3142 κόλασιν,
1684 3077 1763 3130 ὅτι

1873 3061 2007 3134 pisci
2052 3062 2345 3133 aliquando
2384 3064 2610 3134 poteris.
2651 3061 2731 3119 Eo
2776 3063 2923 3119 enim
2975 3064 3212 3135 majores
3259 3078 3452 3134 poenas

176 3141 370 3228 καλοῖς
397 3141 578 3238 ἐργοις
603 3167 702 3219 οὐκ
748 3141 963 3239 ἐγρήσω
998 3141 1176 3231 καλῶς
1208 3169 1275 3221 ⁸⁵.
1306 3141 1440 3223 esse
1469 3168 1577 3241 γὰρ
1603 3169 1763 3226 καλὸν

1872 3163 2049 3232 dabis,
2074 3164 2220 3236 quod
2249 3165 2410 3221 bonis
2444 3165 2699 3235 operibus
2721 3180 2828 3219 non
2854 3165 2991 3220 bene
3013 3180 3146 3221 usus
3168 3165 3263 3219 sis.
3289 3162 3449 3227 Nam,

175 3262 239 3316 τὸ
268 3259 458 3323 καλὸν,
503 3262 531 3313 ὃ
567 3279 729 3330 φασιν
771 3262 868 3332 (5),
916 3263 1042 3315 ὅταν
1084 3261 1372 3334 μὴκαλῶς
1416 3262 1652 3334 γίνηται.
1693 3264 1764 3316 Σὺ

176 3350 237 3403 δὲ
275 3353 325 3404 εί
356 3351 417 3403 οὐ
450 3350 625 3414 θέλεις
649 3352 725 3414 ὡς
764 3352 843 3422 τῷ
882 3353 1000 3424 Θεῷ
1030 3352 1221 3407 δοκοῦν
1255 3352 1642 3423 βαπτισθῆναι,
1688 3354 1767 3425 τῷ

180 3444 261 3515 σῷ
307 3445 507 3514 μᾶλλον
552 3445 841 3517 ὑπηρετῶν
868 3446 1166 3517 θελήματι,
1213 3446 1515 3518 ἐχθραίνεις
1550 3449 1768 3512 πάντως

179 3538 248 3608 τῇ
280 3536 493 3589 ἐκείνου
532 3536 715 3609 βουλῇ.
762 3537 905 3589 Ἀλλ’
938 3538 1067 3601 ἴσως
1094 3540 1257 3609 ἐρεῖς·
1293 3539 1403 3592 Καὶ
1438 3540 1492 3592 τί
1529 3539 1768 3611 συμϐάλ-

180 3627 336 3680 λεται
384 3628 524 3699 πρὸς
569 3628 851 3683 εὐσέϐειαν
899 3629 959 3682 τὸ
1017 3628 1381 3701 βαπτισθῆναί
1441 3648 1508 3702 με
1569 3630 1764 3697 ῦδατι;

182 3718 411 3790 Πρῶτον
444 3720 548 3790 μὲν
575 3721 656 3773 ὅτι
684 3721 745 3773 τὸ
764 3721 919 3787 δόξαν
950 3721 1069 3791 Θεῷ
1097 3722 1373 3794 πράττεις,
1400 3724 1659 3797 Δεύτερον
1688 3727 1764 3792 δὲ,

178 3808 264 3861 ὅτι
298 3808 370 3861 δι’
404 3808 599 3873 ὓδατος
637 3812 729 3864 καὶ
764 3813 1078 3882 πνεύματος
1127 3814 1488 3884 ἀναγεννᾶσαι
1536 3817 1609 3889 (6)
1650 3819 1769 3891 Θεῷ

183 3900 280 3952 καὶ
318 3900 418 3970 τὴν
448 3900 506 3966 ἐξ
537 3902 833 3972 ἐπιθυμίας
865 3904 1085 3974 πρώτην
1116 3922 1197 3958 σοι
1222 3908 1519 3977 γενομένην
1564 3914 1767 3963 καταλ-

182 3987 410 4051 λάσσεις
435 3988 689 4061 γέννησιν
707 4007 720 4019 ·
755 3991 849 4043 καὶ
872 3991 1015 4045 οὓτω
1039 3994 1311 4065 σωτηρίας
1336 4000 1517 4065 τυχεῖν
1531 3996 1731 4072 δυνήσῃ
1750 4040 1765 4062 ,

182 4078 365 4141 ἄλλως
401 4078 458 4131 δὲ
498 4079 605 4149 ἄρα
634 4080 908 4134 ἀδύνατον.
957 4082 1113 4136 Οὕτω
1156 4084 1266 4156 γὰρ
1304 4087 1332 4137 ὁ
1377 4088 1469 4140 ἐπὶ
1519 4105 1767 4160 σωτηρνᾳ

183 4171 281 4224 καὶ
308 4171 590 4244 ἀφθαρσίᾳ
613 4172 708 4226 τοῦ
754 4174 945 4242 γένους
975 4174 1131 4246 ἡμῶν
1169 4178 1594 4250 ἐνανθρωπήσας
1637 4183 1770 4246 Θεὸς

184 4263 364 4331 Λόγος
398 4259 550 4318 εἶπεν
577 4266 739 4336 ἡμῖν’
780 4266 967 4335 Ἀμὴν
990 4267 1146 4336 λέγω
1171 4269 1339 4337 ὑμῖν,
1369 4270 1479 4324 ἐὰν
1503 4271 1590 4341 μὴ
1622 4274 1768 4327 ἀνα-

183 4353 520 4423 γεννηθῆτε
547 4356 848 4422 δι’ὕδατος
872 4357 969 4411 καὶ
992 4360 1346 4428 πνεύματος,
1365 4364 1434 4415 οὐ
1455 4364 1541 4432 μὴ
1571 4364 1769 4418 εἰσέλ-

1878 3276 1939 3323 ut
1964 3265 2139 3329 aiunt,
2170 3264 2371 3319 bonum
2406 3280 2511 3320 non
2542 3265 2744 3318 bonum
2790 3276 2890 3327 est,
2924 3266 3142 3333 quando
3175 3281 3279 3318 non
3315 3264 3453 3319 bene

1864 3367 2065 3439 agitur.
2117 3363 2201 3419 Tu
2246 3379 2374 3418 vero
2424 3379 2507 3428 sn,
2557 3362 3020 3433 quemadmodum
3071 3362 3180 3417 Deo
3234 3365 3433 3433 placet,

1867 3459 2008 3513 nolis
2034 3456 2321 3526 baptizari,
2348 3471 2411 3509 ac
2437 3465 2540 3508 tuae
2569 3455 2751 3524 potius
2783 3454 3051 3507 voluntati
3078 3454 3435 3525 obsequeris;

1866 3548 2112 3621 profecto
2140 3548 2286 3601 illius
2324 3546 2557 3601 consilio
2596 3560 2886 3615 repugnas.
2924 3544 3027 3599 Sed
3056 3544 3197 3599 forte
3240 3546 3432 3603 dices:

1869 3639 1935 3694 Et
1975 3639 2106 3710 quid
2149 3637 2217 3691 ad
2261 3636 2515 3706 pietatem
2550 3634 2828 3699 conferet,
2877 3634 2920 3688 si
2967 3649 3107 3703 aqua
3156 3634 3439 3704 baptizer?

1869 3731 2053 3786 Primo
2083 3729 2328 3800 quidem,
2364 3727 2491 3797 quia
2526 3725 2576 3779 id
2605 3732 2755 3795 quod
2779 3724 2890 3779 Deo
2918 3725 3121 3795 placuit
3149 3724 3304 3780 facis.
3340 3725 3439 3782 Sc-

1869 3823 2051 3879 cuudo
2078 3836 2243 3887 vero,
2276 3820 2404 3890 quia
2441 3834 2535 3888 per
2569 3834 2767 3888 aquam
2804 3829 2856 3872 et
2890 3819 3141 3887 spiritum
3182 3834 3438 3874 renasce-

1870 3916 1947 3971 ris
1974 3916 2115 3980 Deo,
2144 3924 2307 3983 atque
2347 3911 2583 3980 primam
2632 3910 2969 3963 nativitatem
3004 3925 3169 3979 quam
3198 3924 3265 3964 ex
3301 3925 3440 3964 con-

1872 4005 2213 4077 cupiscentia
2276 4002 2492 4058 traxisti
2548 4011 2826 4072 permutas
2888 4020 2901 4055 :
2960 4003 3148 4071 sicque
3207 4002 3438 4056 salutent

1870 4098 2137 4167 consequi
2195 4095 2430 4166 poteris;
2481 4093 2640 4146 aliter
2700 4103 2879 4146 autem
2936 4092 3051 4145 fieri
3105 4093 3311 4162 nequit.
3360 4093 3436 4147 Ita

1869 4191 2036 4252 enim,
2065 4189 2159 4259 qui
2190 4195 2408 4256 propter
2434 4186 2665 4239 salutem
2692 4192 2745 4237 et
2772 4183 3239 4237 immortalitatem
3270 4200 3437 4253 gene-

1871 4282 1947 4335 ris
1976 4278 2150 4334 nostri
2185 4278 2503 4331 incarnatus
2532 4284 2613 4330 est
2651 4273 2794 4328 Deus
2826 4272 3038 4340 Sermo,
3071 4275 3207 4329 dixit
3235 4275 3393 4331 nobis
3419 4292 3433 4328 :

1870 4377 2056 4437 Amen,
2082 4372 2200 4424 dico
2223 4369 2401 4432 vobis;
2429 4369 2532 4420 ntsi
2557 4368 2726 4420 renati
2752 4366 2962 4434 [ueritis
2985 4384 3124 4435 aqua
3148 4376 3197 4421 et
3219 4368 3435 4437 spiritu,

186 4451 332 4512 θητε
353 4451 440 4513 εὶς
459 4448 575 4517 τὴν
587 4450 915 4514 ,ϐασιλείαν
935 4451 1052 4504 τῶν
1075 4454 1363 4520 οὐρανῶν.
1387 4456 1478 4533 (ῃ)
1506 4455 1763 4527 πρόσελθε

1871 4481 1974 4520 non
2004 4463 2293 4518 introibitis
2326 4461 2381 4513 in
2416 4475 2631 4531 regnum
2675 4474 2923 4510 caecorum
2955 4458 3024 4509 σε.
3066 4457 3333 4524 Quocirca
3365 4459 3434 4513 ad

184 4537 269 4608 τῷ
312 4538 679 4611 βαπτίσματι·
724 4541 885 4595 τοῦτο
926 4542 1036 4613 γὰρ
1088 4544 1246 4615 μόνον
1291 4547 1389 4618 τὴν
1436 4550 1530 4602 τοῦ
1599 4551 1771 4622 πυρὸς

1878 4556 2209 4626 baptismum
2254 4550 2452 4607 accede
2484 4569 2496 4604 :
2526 4548 2791 4619 siquidem
2831 4549 2921 4603 hic
2964 4548 3114 4605 solus
3143 4550 3251 4603 vim
3294 4554 3436 4620 ignis

1463 4692 1695 4748 VARUE
1736 4694 2140 4751 LECTIONES.

254 4771 302 4804 δι
343 4763 569 4834 Recogn.
619 4790 656 4833 ι,
686 4773 771 4827 69.
843 4773 887 4804 ⁸³
921 4775 990 4827 al.
1015 4777 1412 4865 ἀκατάληπτον.
1446 4784 1517 4836 al.
1545 4786 1740 4857 άπερίλ
1783 4804 1931 4853 πτον,
1963 4785 2173 4840 ἀκατάλ
2215 4799 2365 4837 πτον.

254 4857 326 4888 8n-
358 4845 395 4888 1-
430 4859 502 4888 γι-
566 4859 613 4888 ρ-
653 4843 706 4888 8-
736 4853 838 4888 etc-
916 4845 1339 4888 ιτᾶπηνλν-ηιηιτη
1466 4855 1575 4888 sent
1614 4804 2143 4888 ._..'....2.t...m..,1.m
2175 4804 2361 4888 gemm-

508 4859 613 4943 Imc.
653 4856 838 4925 ts,_etc.
916 4856 1361 4922 δ’ἀποκληρώσῃ.
1466 4856 1994 4928 ⁸⁸31.εύσε6έστερος
2014 4857 2165 4926 γένη,
2185 4856 2511 4912 ἀϐάπτιστος
2538 4856 2594 4901 δὲ
2625 4856 2710 4922 ῃς,
2756 4856 2968 4909 ἐλπίδος
2999 4856 3201 4970 τυὲςὶῗῐν.
3279 4856 3325 4889 δν
3360 4856 3433 4903 al.

588 4913 659 4965 al.
701 4929 799 4998 οτι,
815 4912 957 4965 καλὰ
988 4916 1125 4986 ἔργα
1169 4920 1268 4973 οὐκ
1316 4923 1576 4994 ἐποίησας
1614 4927 1814 4991 καλῶς.
1852 4927 2006 4998 Καλὴ
2056 4916 2165 4996 γάρ
2208 4923 2439 4984 εὐποιία,
2473 4919 2619 4973 ὁπότ’
2656 4918 2722 4972 ἂν
2753 4918 2781 4969 ὁ
2812 4917 2942 4979 Θεὸς
2990 4918 3081 4969 ἐκε.
3118 4934 3241 4969 ευσε
3290 4919 3437 4987 γίνε-

198 4839 326 4895 Rec.
358 4845 395 4894 1.
430 4859 503 4903 \‘I,
566 4859 613 4895 c.
653 4843 706 4903 8,
736 4853 838 4896 etc.
916 4839 1361 4922 υάποκληρῶσῃ.

198 4913 428 4963 cedant.
508 4914 553 4943 ⁸⁰
588 4913 659 4963 al.
701 4913 782 4963 ὅτι
815 4912 957 4963 καλὰ
988 4916 1125 4963 ἔργα
1169 4920 1267 4963 οὐκ
1316 4924 1361 4963 ita

190 4928 428 4984 φυασῃς.
508 4928 553 4943 σν
588 4928 659 4965 at.
701 4929 782 4964 οτι
815 4930 821 4964 ε

190 4999 304 5035 ται.
389 4983 432 5013 ⁵³
457 4980 617 5035 Joan.
654 4998 735 5046 ιιι,
768 4983 821 5037 5.

2477 4780 2522 4813 ιθ
2559 4769 2812 4831 Clement.
2844 4776 2994 4830 hom.
3023 4793 3083 4839 ιι,
3133 4792 3183 4831 c.
3210 4777 3300 4838 24,
3330 4789 3435 4833 etc.

2152 4896 2165 4917 ,
2185 4847 2511 4912 ἀϐάπτιστος
2538 4850 2594 4901 δὲ
2625 4847 2710 4922 ᾖς,
2756 4847 2968 4909 ἐλπίδος
2999 4848 3201 4970 regem.
3279 4849 3325 4889 ιθ
3360 4851 3433 4903 al.

2152 4943 2165 4970 λ
2208 4923 2439 4970 εὐποιία.
2473 4919 2619 4970 ὁπότ’
2656 4918 2722 4970 ἂν
2753 4918 2781 4969 ὁ
2812 4917 2942 4970 Θεὸς
2990 4918 3081 4969 ἐκε.
3118 4934 3241 4969 ευσε
3290 4919 3433 4970 γίνε-

1480 5079 1838 5138 VARIORUM
1863 5080 2094 5135 NOTAE.

268 5171 429 5238 (5)"0
452 5186 659 5239 φασιν.
690 5170 982 5243 Deuteron.
1004 5189 1093 5227 xv1
1122 5215 1136 5238 ,
1158 5171 1229 5227 20
1257 5190 1269 5227 :
1294 5171 1447 5227 Iuste
1476 5175 1615 5243 quod
1637 5175 1743 5243 jus-

193 5253 313 5313 tum
341 5249 419 5294 est
445 5242 1061 5313 persequeris..Sapient.
1091 5258 1169 5307 VI,
1200 5243 1261 5298 H
1294 5262 1305 5296 :
1336 5245 1398 5296 Οί
1432 5242 1765 5311 φυλάξαντες

191 5310 362 5384 ῥσίως
399 5311 468 5384 τὰ
495 5312 638 5384 -ὃσια
679 5310 1082 5384 όσιωθήσονται.
1128 5314 1208 5367 Ad
1257 5310 1480 5367 verbum
1533 5314 1586 5367 in
1644 5313 1765 5367 Vita

192 5381 362 5465 ξεν-ξω
382 5382 617 5465 iunioris
652 5390 799 5465 tome
822 5381 890 5465 ιι.
935 5384 1179 5465 ῥυοίαῆί
1211 5383 1599 5465 βοηψείίεἰῳιὶ
1637 5400 1762 5465 pag.

191 5451 329 5525 9§5,
357 5451 419 5503 τὸ
442 5451 551 5521 γάρ
587 5452 769 5525 καλὸν,
796 5459 856 5504 ου
892 5453 1089 5525 καλὸν,
1113 5454 1294 5522 φασὶν,
1330 5453 1455 5505 ὃταν
1484 5454 1558 5525 μὴ
1586 5451 1767 5525 καλῶς

193 5520 423 5592 γίνοιτο,
450 5529 504 5592 et
524 5520 675 5592 apud.
698 5521 1019 5592 Gregorium
1045 5520 1638 5592 Naaianzenum,'orat.
1670 5524 1761 5588 55,

285 5590 415 5665 δβι,
443 5590 505 5643 τὸ
547 5585 727 5665 καλόν⁸
751 5585 1187 5665 οὑ”καλὸν,ᾲὸταν
1224 5594 1297 5665 μὴ
1324 5585 1504 5665 καλῶς
1523 5585 1755 5663 γίνηταιζ

198 5660 443 5731 Parique
486 5662 649 5717 modo
692 5659 936 5719 Zonaras
976 5663 1042 5718 ad
1073 5659 1353 5719 Canoném
1384 5659 1756 5735 Gangrenactn

1872 5176 1961 5239 M,
1989 5183 2043 5228 et
2085 5173 2374 5229 Balsamon
2405 5175 2457 5228 in
2490 5173 2787 5242 Responsis
2811 5173 2877 5226 ad
2925 5171 3093 5226 Marci
3135 5173 3431 5241 interroga-

1870 5246 2047 5299 tiones
2068 5260 2189 5313 cap.
2224 5244 2280 5309 6,
2314 5259 2522 5299 necnon
2542 5243 2806 5313 Origenes
2835 5243 2887 5295 in
2920 5243 3121 5313 Catena
3149 5242 3307 5295 Lucae
3330 5257 3432 5296 ms.

1870 5314 1936 5367 ad
1956 5330 2074 5381 cap.
2118 5312 2155 5373 ιζ
2194 5331 2334 5369 vers.
2362 5316 2393 5367 6
2412 5315 2533 5375 ,ubi
2553 5312 2731 5367 tanien
2755 5312 2809 5365 in
2831 5313 2975 5366 edita
3003 5328 3031 5365 a
3051 5312 3311 5365 Corderio
3340 5328 3435 5363 no-

1872 5399 1995 5437 men
2026 5382 2299 5438 Simeonis
2324 5384 2633 5453 apponitur,
2666 5383 2851 5436 nescio
2886 5398 2955 5437 an
2996 5385 3066 5436 ob
3090 5382 3164 5452 Σή
3190 5384 3331 5453 quod
3365 5383 3431 5434 ad

1872 5454 2170 5577 Eiarginem
2198 5454 2403 5509 codicis
2435 5453 2584 5523 ltegii
2617 5460 2863 5522 apparet,
2887 5464 3077 5522 estque
3103 5452 3429 5522 σημείωσαι.

1916 5540 2006 5575 (ιτ.

1916 5540 2006 5575 (ιΤ.

1867 5663 1906 5717 C
1939 5593 2015 5655 (6)
2080 5591 2526 5663 Ἀναγεννᾶσαι.
2563 5590 2699 5661 Lege
2729 5591 2995 5662 ἀγαγέννᾳ
3030 5593 3083 5647 in
3114 5590 3431 5646 lndicativo.

1914 5679 2033 5717 LER.

1914 5679 2033 5717 LER.
