3834 6220
349 197 449 252 487
1153 196 1210 251 8.
1246 195 1637 251 CLEMENTIS
1675 193 1695 248 Ι
1730 193 1863 251 ROM

2137 237 2147 251 .
2186 196 2415 252 OPERA
2445 196 2540 254 ‘DU
2549 194 2678 251 BIA.
3527 197 3651 254 488

353 326 533 388 potest
578 318 946 389 exstinguere.
991 316 1178 388 Neque
1208 318 1403 385 differ;
1448 319 1712 389 quoniam
1741 319 1867 373 dilat

2136 320 2206 390 γὴν
2257 319 2447 373 σόέσαι
2480 318 2704 373 δύναται
2726 357 2740 372 .
2793 317 2905 371 Καὶ
2952 316 3025 389 μὴ
3067 314 3401 372 ἀναϐάλλου·
3438 317 3540 372 ὅτι
3602 320 3650 391 ἡ

355 413 493 465 solet
530 412 724 467 alI'erre
758 414 1087 482 periculum,
1137 422 1428 483 prapterea
1466 413 1613 483 quod
1661 415 1869 468 inccrtu

2140 410 2265 481 ϐολὴ
2291 410 2530 464 κίνδυνον
2562 405 2671 463 οἶδε
2699 409 2906 479 φέρειν,
2933 408 3021 462 διὰ
3043 407 3106 461 τὺ
3128 408 3317 479 ἄδηλον
3348 405 3504 464 εἶναι
3537 410 3654 465 τοῦ

354 507 425 561 sit
449 506 812 574 praestitutum
843 507 1008 560 morti
1041 514 1242 559 nostra}
1274 515 1510 574 tempus.

1274 515 1510 574 tempus.
2032 502 2262 555 Θανάτου
2290 503 2387 573 τὴν
2428 500 2780 572 προθεσμίαν.

422 599 565 652 XIX.
584 600 628 631 ⁵¹
652 598 943 669 Postquam
976 600 1089 652 haec
1113 598 1359 662 dixisset,
1378 597 1663 667 Equidem,
1682 597 1929 667 inquam,

2127 592 2244 644 (IX.
2282 590 2469 644 Ταῦτα
2525 589 2732 642 ἐκείνου
2785 589 3053 651 εἰπόντος,
3097 586 3236 655 Ἐγὼ
3279 586 3399 657 μὲν,
3451 588 3641 657 ἔφην,

351 692 518 746 modo
555 693 760 762 gratias
790 706 892 761 ago
923 690 1029 743 Deo
1067 689 1239 753 Patri,
1271 698 1325 743 et
1369 690 1653 759 unigenito
1687 689 1808 756 ejus
1839 687 1865 740 Β

2161 683 2465 754 εὐχαριστῶ
2492 683 2571 752 τῷ
2595 681 2713 751 Θεῷ
2748 683 2840 734 xui
2868 682 3042 751 Ilurpi
3060 720 3075 744 ,
3110 681 3205 734 xui.
3230 680 3307 750 τῷ
3340 682 3656 750 μονογενεϊ

352 784 446 851 lio,
476 795 529 839 et
562 796 754 838 sancto
779 783 1023 851 ejusdem
1055 781 1307 849 Spiritui,
1340 781 1467 850 quia
1501 792 1562 835 ut
1592 788 1779 834 certus
1812 778 1866 833 ﬁt

2142 775 2194 828 οὗ
2226 775 2359 845 Υίῷ,
2390 775 2485 828 xui.
2513 775 2591 845 τῷ
2621 774 2901 845 Πνεύματι
2941 773 3105 828 αὑτοῦ
3130 773 3208 844 τῷ
3236 774 3398 845 ἁγίῳ,
3433 775 3536 827 ὅτι
3561 774 3656 836 ὡς

350 876 524 937 volui,
560 877 630 929 ita
663 883 716 928 et
750 873 885 926 mihi
917 873 1126 926 tribuit.
1157 872 1426 925 Caeterum
1456 872 1523 925 de
1556 886 1642 924 me
1670 870 1862 923 deinec

2130 869 2334 938 υλόμην
2380 867 2894 939 πληῳφορηθῆναι,
2930 866 3072 919 οὕτω
3101 883 3192 937 μοι
3229 868 3321 919 xui.
3351 866 3644 936 παρέσχε.

352 983 580 1022 securus
612 974 750 1021 esto.
797 965 1089 1034 Nunquam
1119 964 1263 1019 enim
1294 962 1559 1015 dubitabo
1589 962 1655 1015 de
1686 961 1797 1015 ullo
1831 977 1866 1015 ei

2134 978 2181 1031 γν
2210 962 2338 1032 περὶ
2367 960 2501 1031 ἐμοῦ
2544 961 2605 1013 τὸ
2644 960 2827 1013 λοιπὸν
2858 961 3117 1031 ἄφροντις
3146 959 3256 1012 ἔσο.
3306 958 3446 1013 Ούδέ
3496 975 3648 1010 ποτε

350 1077 472 1114 rum
516 1077 638 1131 qum
685 1076 713 1113 a
765 1071 815 1114 te
853 1059 1067 1129 prolata
1112 1066 1261 1111 sunt.
1318 1054 1487 1125 Igitur
1514 1095 1530 1119 ,
1583 1054 1812 1109 Domine
1856 1072 1864 1108 ι

2130 1070 2143 1103 >
2176 1053 2415 1105 ὲνδυάσω
2458 1053 2503 1084 ⁸³
2534 1052 2670 1124 πρός
2710 1069 2762 1103 τι
2808 1052 2915 1104 τῶν
2956 1050 3061 1104 ύπὺ
3110 1050 3205 1104 σοῦ
3257 1050 3644 1120 λαληθέντων·

350 1148 528 1215 Petre,
582 1165 649 1203 ne
680 1150 865 1203 animo
897 1149 1063 1201 anxio
1108 1147 1209 1210 sis,
1238 1155 1499 1215 tanquam
1536 1161 1641 1199 non
1676 1144 1864 1199 sentiet

2136 1162 2196 1205 τε,
2231 1144 2387 1213 κύριέ
2436 1161 2536 1215 μου
2580 1144 2777 1215 Πέτρε,
2826 1144 2899 1215 μὴ
2943 1142 3162 1213 ἀθύμει,
3194 1144 3268 1206 ὡς
3308 1142 3650 1213 ἀναισθήτῳ

355 1240 560 1294 homini
610 1242 849 1294 maxima
886 1240 1026 1293 bona
1059 1237 1375 1291 donaveris.
1426 1235 1553 1289 Seio
1582 1236 1783 1304 quippe
1828 1236 1869 1288 hi

2135 1254 2273 1290 νιστα
2310 1236 2650 1307 δωρούμενος
2688 1235 2887 1303 ἀγαθά.
2935 1232 3064 1288 Οἶδα
3089 1235 3197 1306 γὰρ
3250 1236 3331 1287 ὅτι
3378 1235 3649 1288 τοιοῦτον

354 1332 459 1384 tale
483 1339 536 1385 et
566 1330 703 1384 adeo
739 1346 997 1401 maguum
1031 1346 1173 1394 esse,
1199 1337 1257 1382 ut
1290 1328 1518 1396 quilibet
1547 1328 1675 1379 illud
1704 1337 1759 1381 et
1784 1327 1866 1380 cel

2134 1348 2149 1381 ι
2193 1329 2287 1382 xui.
2331 1328 2473 1381 οὕτω
2526 1329 2779 1399 μέγιστον
2805 1366 2820 1391 ,
2872 1321 2985 1379 οἷον
3035 1326 3100 1379 ἄν
3141 1344 3225 1389 τις
3267 1326 3360 1379 xui
3406 1326 3644 1395 ταχέως

354 1425 483 1476 riter
509 1425 639 1477 velit
684 1422 952 1491 accipere.
987 1420 1176 1475 Sentio
1213 1420 1358 1474 enim
1389 1419 1522 1473 mihi
1552 1420 1810 1473 velociter
1835 1419 1867 1473 d

2131 1426 2218 1476 ἱεῖν
2259 1423 2519 1493 βούλοιτο.
2573 1424 2911 1492 Αίσθάνομαι
2954 1420 3063 1493 γὰρ
3117 1420 3212 1474 τοῦ
3245 1420 3496 1483 δοθέντος
3542 1437 3645 1490 μοι

353 1522 467 1567 tum
501 1514 799 1567 charisma.
830 1511 955 1566 Ilaec
987 1522 1277 1581 postquam
1308 1512 1526 1565 locutus
1561 1526 1706 1575 sum,
1734 1510 1864 1564 Petr

2145 1517 2342 1586 τάχους
2364 1514 2716 1585 χαρίσματος.
2740 1513 2925 1567 Ταῦτά
2950 1530 3049 1584 μου
3077 1513 3338 1575 εἰπόντος,
3363 1514 3392 1565 6
3416 1512 3647 1582 Πέτρος

351 1605 490 1658 dixit
525 1620 537 1655 :
569 1604 812 1658 Gratiam
846 1604 1021 1657 habeo
1052 1602 1164 1657 Deo
1186 1643 1200 1667 ,
1247 1613 1301 1657 et
1341 1618 1440 1672 pro
1480 1603 1657 1657 salute
1706 1611 1834 1667 tua,

2131 1625 2175 1676 ι’
2212 1608 2386 1678 Χάριν
2416 1606 2662 1677 ὁμολογῶ
2689 1604 2766 1675 τῷ
2798 1605 2940 1674 Θεῷ,
2970 1605 3066 1657 καὶ
3093 1606 3221 1676 περὶ
3256 1605 3352 1674 τῆς
3390 1604 3491 1674 σῆς
3527 1620 3645 1657 σω-

355 1710 453 1765 pro
481 1696 773 1749 commodo
804 1710 943 1749 meo.
974 1692 1161 1763 Itaque
1192 1710 1291 1764 per
1317 1695 1483 1748 trium
1511 1695 1784 1749 mensium
1813 1694 1866 1748 di

2133 1669 2246 1763 iiuq,
2271 1669 2365 1751 xui.
2387 1669 2515 1769 περὶ
2536 1669 2635 1767 της
2657 1669 2797 1768 sui];
2825 1669 3196 1760 ἀπολαύσεως.
3399 1669 3647 1767 νηστευ-

355 1784 559 1854 jejuna,
609 1795 662 1838 et
711 1785 1046 1854 baptismum
1097 1785 1349 1854 accipies.
1401 1782 1581 1853 Incipe
1626 1784 1869 1853 ergoad

2184 1790 2345 1862 τριῶν
2420 1790 2607 1861 μηνῶν
2655 1790 2899 1860 ἡμέρας,
2949 1789 3043 1842 xui.
3089 1788 3380 1858 λαμϐάνεις
3424 1786 3486 1838 τὸ
3540 1785 3644 1856 βά-

354 1880 618 1933 crastina.
664 1876 779 1931 Erit
812 1887 991 1933 autem
1024 1879 1159 1932 mihi
1197 1894 1321 1933 cras
1358 1893 1484 1932 cum
1519 1876 1745 1932 Simone
1776 1878 1860 1933 Ma

2125 1900 2267 1953 ισμα.
2305 1881 2500 1953 Ἀρξαι
2552 1882 2732 1935 τοίνυν
2764 1881 2871 1934 ἀπὸ
2900 1881 2998 1950 τῆς
3022 1879 3239 1951 αὔριον.
3262 1880 3417 1932 Ἐστι
3446 1878 3506 1931 δέ
3543 1894 3639 1947 μοι

355 1971 673 2041 disputatio.
725 1969 911 2039 Neque
940 1971 1205 2039 ambigas,
1246 1970 1380 2023 mihi
1417 1970 1609 2024 adesse
1652 1971 1705 2023 in
1742 1970 1869 2023 adre

2123 1976 2291 2048 ιύριον
2328 1976 2465 2046 πρὸς
2503 1976 2723 2045 Σίμωνα
2759 1973 2849 2027 τὸν
2898 1975 3069 2044 μάγον
3098 1973 3351 2040 διάλεξις.
3394 1973 3510 2026 Kui.
3557 1974 3637 2044 μὴ

356 2064 593 2117 sautium
628 2064 1039 2118 controversiis.
1079 2062 1174 2118 Ilis
1195 2062 1374 2128 dictis,
1414 2062 1530 2130 ipse
1558 2062 1721 2116 etiam
1749 2062 1870 2116 cibu

2124 2070 2277 2142 ιάσῃς
2341 2068 2597 2138 παρεῖναί
2657 2083 2745 2137 μοι
2794 2068 2850 2119 ὲν
2896 2069 3021 2131 ταῖς
3072 2067 3181 2119 τῶν
3231 2066 3638 2137 ἀντικειμένων

358 2155 612 2223 sumpsit,
643 2170 841 2224 meque
880 2154 1047 2223 jussit
1076 2154 1328 2224 privatim
1374 2168 1611 2208 sumere.
1642 2151 1872 2207 Benedic

2122 2162 2324 2232 εήσεσι.
2354 2159 2540 2213 Ταῦτα
2583 2156 2775 2220 εἰπὼν,
2817 2158 2911 2211 xui.
2944 2158 3152 2228 τροφῆς
3186 2157 3346 2220 αὐτὸς
3387 2156 3636 2227 μεταλα-

358 2259 540 2301 autcm
592 2248 735 2313 cibo,
786 2249 1036 2317 actisque
1085 2246 1295 2316 gratiis,
1348 2244 1661 2310 subjunxit,
1702 2245 1872 2299 dicem

2122 2271 2169 2316 ν,
2206 2252 2311 2323 ἰδία
2340 2251 2489 2322 κάμὲ
2535 2249 2853 2321 μεταλαϐεῖν
2880 2250 3181 2302 ἐκέλευσεν.
3229 2249 3545 2320 Εὑλογήσας
3574 2249 3636 2302 δὲ

360 2339 459 2394 Det
488 2340 582 2393 tibi
612 2339 773 2400 Deus,
804 2350 864 2393 ut
895 2339 948 2392 in
982 2338 1240 2392 omnibus
1274 2338 1407 2391 mihi
1440 2337 1636 2392 similis
1660 2334 1874 2391 cfﬁciari

2119 2345 2142 2396 :i.
2170 2343 2271 2413 τῆς
2300 2344 2505 2414 τροφῆς
2540 2343 2632 2395 xui.
2671 2343 3089 2412 εὐχαριστήσας,
3129 2342 3374 2411 ἐπήγαγε
3410 2340 3592 2408 λέγων
3616 2358 3633 2371 ·

359 2442 527 2501 utque
574 2432 920 2500 baptizatus,
971 2432 1217 2500 ejusdem
1260 2445 1475 2484 mecum
1528 2430 1802 2499 particeps
1838 2430 1869 2483 ti

2121 2452 2161 2505 ιη
2193 2452 2273 2487 σοι
2315 2436 2343 2487 6
2388 2434 2521 2497 Θεὸς
2553 2433 2694 2487 κατὰ
2734 2434 2909 2487 πάντα
2940 2432 3330 2503 ὲξομοιωθῆναί
3378 2451 3491 2503 μοι,
3536 2434 3635 2487 καὶ

360 2538 581 2577 mensae.
618 2522 809 2592 quue
833 2522 1204 2592 pronuntiato,
1228 2524 1509 2591 quiescere
1533 2537 1617 2575 me
1642 2522 1869 2592 praecepi

2116 2524 2391 2579 πτισθέντι
2434 2525 2480 2556 ⁸⁸
2506 2525 2606 2595 τῆς
2634 2523 2804 2593 αὐτῆς
2844 2540 2932 2594 μοι
2964 2523 3287 2592 κοινωνῆσαι
3324 2524 3627 2594 τραπέζης.

358 2615 467 2685 jam
502 2616 647 2670 enim
685 2625 739 2669 et
768 2624 984 2684 tempus
1012 2614 1078 2667 ad
1114 2629 1370 2669 somnum
1401 2614 1652 2668 vocabat.

2120 2634 2228 2681 τως
2270 2615 2462 2679 εἰπὼν,
2495 2615 2789 2687 ἡσυχάζειν
2838 2632 2929 2685 μοι
2960 2614 3325 2686 προσέταξεν·
3368 2615 3471 2686 ἤδη
3513 2615 3633 2687 γάρ

2041 2727 2144 2763 που
2175 2709 2269 2763 xui.
2293 2710 2321 2761 6
2347 2708 2539 2780 καιρὸς
2572 2709 2707 2779 πρὸς
2738 2707 2903 2761 ὕπνον
2938 2708 3139 2760 ἐκάλει.

432 2792 555 2847 XX.
603 2794 648 2825 ⁸⁵
693 2792 952 2861 Sequenti
1005 2808 1135 2862 ergo
1181 2792 1300 2857 die,
1344 2807 1444 2862 ego
1494 2790 1765 2854 Clemens,
1813 2808 1937 2847 cum

2119 2804 2228 2855 XX.
2276 2803 2354 2874 Τῇ
2409 2802 2506 2873 μὲν
2543 2797 2634 2854 οὖν
2683 2800 2915 2871 ἐπιούσῃ
2956 2798 3066 2869 ἐγὼ
3108 2800 3355 2871 Κλήμης,
3399 2799 3484 2854 ἔτι
3527 2801 3633 2871 τῆς

363 2886 543 2939 adhuc
573 2899 681 2938 nox
711 2893 876 2949 esset,
926 2900 956 2938 e
994 2899 1192 2939 somno
1227 2886 1515 2947 excitatus,
1557 2885 1651 2937 ubi
1694 2886 1875 2940 intelle

2118 2895 2236 2957 κτδς
2263 2894 2515 2965 ἐχούσης,
2555 2891 2891 2954 διῦπνισθεὶς
2909 2932 2923 2955 ,
2958 2893 3051 2945 xui
3079 2890 3263 2962 μαθὼν
3292 2891 3382 2944 τὸν
3421 2891 3632 2962 Πέτρον

362 2976 586 3031 Petrum
619 2977 868 3045 vigilare,
898 2985 950 3031 ct
980 2992 1106 3030 cum
1142 2976 1209 3031 iis
1238 2978 1331 3046 qui
1373 2992 1480 3030 uua
1508 2986 1668 3031 erant
1694 2977 1761 3031 de
1787 2977 1874 3030 cul

2118 2986 2404 3059 ρηγορότα,
2451 2985 2545 3039 xui.
2586 2986 2700 3046 τοῖς
2748 2983 2965 3036 συνοῦσι
3002 2984 3131 3055 περὶ
3176 2982 3483 3046 θεοσεὸείας
3511 2984 3632 3035 δια-

366 3070 459 3125 Dei
510 3070 780 3124 disserere
834 3069 1010 3138 (erant
1086 3078 1265 3122 autem
1346 3084 1573 3123 numero
1621 3070 1880 3125 sexdecirr

2116 3080 2364 3150 γόμενον,
2408 3078 2457 3130 οἳ
2500 3072 2639 3146 ἦσαν
2688 3075 2981 3128 ἑκκαίδεκα
3005 3074 3096 3127 τὸν
3132 3073 3384 3144 ἀριθμὸν,
3410 3067 3487 3129 ὧν
3533 3076 3630 3130 καὶ

363 3177 598 3231 quorum
647 3164 762 3215 hare
804 3170 932 3213 sunt
982 3162 1250 3214 nomina:
1300 3156 1617 3225 Zacclueus,
1668 3162 1763 3231 qui
1808 3161 1877 3215 oIi

2112 3214 2113 3221 η
2146 3170 2384 3241 ὀνόματά
2424 3170 2528 3221 είσι
2557 3166 2766 3230 ταῦτα,
2810 3168 3076 3236 Ζακχαῖος
3119 3167 3147 3218 ὃ
3189 3184 3325 3220 ποτε
3367 3165 3626 3237 τελώνης,

363 3253 815 3323 publicanus,_et
868 3250 1178 3320 Sophonias
1229 3250 1398 3305 l'ratcr
1448 3251 1603 3320 ejus;
1641 3251 1877 3323 Josephu

2116 3260 2435 3329 ὶΣοφωνίας
2463 3260 2509 3290 ⁸⁸
2536 3261 2563 3311 6
2593 3258 2816 3327 ἀδελφὸς
2844 3256 3031 3321 αὑτοῦ,
3068 3256 3323 3327 Ἰώσηφός
3361 3274 3420 3310 τε
3467 3258 3563 3311 καὶ
3601 3259 3630 3312 6

366 3343 621 3411 illiusque
671 3342 872 3396 sodalis
920 3340 1213 3407 Michaeas;
1295 3350 1555 3411 praetcrea
1605 3341 1847 3398 Thomas

2115 3351 2232 3405 irou
2278 3351 2572 3421 σύντροφος
2613 3349 2876 3420 Μιχαίας,
2923 3348 3145 3419 προσέτι
3196 3349 3253 3401 δὲ
3294 3348 3497 3419 Θωμᾶς
3529 3349 3629 3402 xui.

368 3434 643 3488 Eliezerus
675 3439 911 3503 gemini;
946 3432 1122 3488 Encas
1160 3448 1453 3501 sacerdos;
1480 3432 1723 3490 Lazarus
1756 3451 1881 3490 sace

2116 3444 2355 3516 λιέζερος
2403 3445 2454 3497 οἱ
2500 3441 2746 3512 δίδυμοι,
2794 3440 2888 3494 xui.
2959 3440 3147 3504 Ἑνέας
3193 3442 3221 3494 6
3273 3441 3485 3511 ἱερεὺς,
3531 3440 3630 3494 xui.

368 3528 489 3593 dos,
519 3543 678 3596 quem
712 3542 743 3580 a
786 3526 1018 3581 mortuis
1059 3527 1318 3582 excitavit
1353 3527 1785 3597 quatriduanum
1832 3525 1882 3580 Di

2112 3538 2292 3611 ἱζαρος
2310 3540 2338 3591 6
2364 3538 2561 3608 ἱερεὺς,
2594 3536 2653 3589 ὃν
2674 3535 2969 3606 ἀνέστησεν
3002 3537 3068 3588 ὲκ
3088 3532 3293 3604 νεκρῶν
3319 3537 3626 3605 τετραήμε-

367 3619 552 3673 minus
597 3629 782 3674 noster
824 3619 983 3674 Jesus
1030 3618 1321 3685 Christus;
1374 3617 1629 3686 Elisaeus,
1659 3618 1881 3691 Bcnjam

2111 3650 2138 3686 ν
2162 3635 2189 3686 6
2215 3633 2419 3704 Κύριος
2442 3630 2598 3701 ἡμῶν
2632 3624 2839 3701 Ἰησοῦς
2864 3629 3117 3699 Χριστὸς,
3159 3627 3251 3680 xui.
3300 3627 3624 3691 Ἐλισσαῖος,

369 3712 514 3766 lilius
562 3710 809 3780 Saphrze,
847 3711 1033 3765 itidem
1069 3709 1302 3766 Rubilus
1333 3719 1389 3766 et
1430 3709 1732 3765 Zacharias
1765 3712 1883 3766 arci

2115 3724 2309 3795 muin
2359 3725 2387 3776 6
2438 3722 2532 3775 τοῦ
2586 3721 2793 3791 Σαφρᾶ,
2840 3719 3043 3789 ὁμοίως
3090 3736 3157 3789 γε
3210 3719 3486 3782 Ῥεύῦιλος
3533 3720 3629 3771 xui

368 3801 516 3867 tecti,
544 3801 782 3855 Auanias
817 3801 1115 3872 ctAggaeas
1148 3801 1439 3869 Ammcni;
1473 3818 1689 3857 necnon
1724 3801 1881 3858 Nicet

2114 3817 2320 3888 ιχαρίας
2346 3816 2396 3869 οἱ
2424 3815 2715 3884 οἰκοδόμοι,
2754 3812 3001 3875 Ἀνανίας
3026 3813 3069 3843 ⁵⁷
3102 3829 3161 3864 τε
3184 3813 3277 3865 xui.
3311 3811 3628 3879 Ἀγγαίας⁸⁸

369 3903 425 3948 et
466 3894 662 3963 Aquila
701 3894 870 3961 socii)
912 3911 926 3947 :
980 3909 1080 3963 ego
1124 3910 1345 3963 quoque
1399 3895 1681 3963 ingressus
1718 3910 1864 3964 sum,
1895 3905 1949 3951 et
2047 3910 2096 3961 οι
2124 3908 2367 3980 ἀμμηνοί
2400 3904 2465 3939 δι·
2507 3906 2588 3959 έτι
2624 3923 2683 3959 τε
2722 3906 2966 3977 Νικήτης
2992 3904 3086 3957 καὶ
3134 3904 3361 3967 Ἀκύλας
3404 3905 3453 3956 οἱ
3482 3905 3628 3957 aut-

370 3994 663 4055 postquam
695 3986 1041 4049 salutassem,
1068 3984 1294 4055 jubentc
1328 4000 1393 4039 eo
1416 3985 1662 4041 consedi.

2118 4019 2151 4054 ι’
2208 3998 2456 4069 εἰσῆλθον
2495 3997 2650 4066 κάγώ
2672 4014 2685 4027 ·
2718 3998 2811 4051 xui.
2838 3995 3278 4068 προσαγορεύσας
3305 3993 3626 4065 ὲκαθέσθην,

2049 4093 2259 4146 ἐκείνου
2290 4090 2659 4153 κελεύσαντος.

449 4182 595 4237 XXI.
632 4183 725 4237 Ille
748 4191 931 4237 autem
975 4182 1284 4238 institutum
1317 4197 1623 4237 sermonem
1655 4184 1950 4239 interrum-

2121 4184 2261 4237 ΧΧῐ.
2301 4183 2357 4235 '0
2382 4183 2439 4235 δὲ
2466 4182 2556 4235 τὸν
2586 4180 2942 4253 προκείμενον
2973 4179 3211 4248 ἐκκόψας
3236 4180 3281 4210 ⁶⁰
3307 4178 3484 4247 λόγον,
3517 4179 3624 4232 ὧσ-

371 4286 608 4347 pens,ct
635 4275 792 4345 quasi
827 4290 885 4329 se
930 4290 1191 4343 purgans,
1234 4274 1503 4327 rationem
1554 4276 1789 4330 reddidit
1850 4292 1879 4331 c

2112 4294 2156 4346 ;ρ
2199 4273 2651 4344 ἀπολογούμενος,
2698 4271 3064 4344 ὲπληροφόρει
3109 4270 3253 4334 τίνος
3296 4272 3480 4349 ἕνεκεν
3527 4275 3626 4327 οὐκ

374 4387 482 4425 non
507 4370 962 4439 cxpergel‘ecisset
991 4382 1097 4432 me,
1120 4382 1231 4435 quo
1254 4366 1541 4421 verborum
1569 4368 1740 4438 ipsius
1766 4384 1886 4425 esse

2109 4366 2320 4436 ptinvncé
2372 4383 2460 4437 με,
2516 4366 2663 4427 ὅπως
2710 4363 2985 4435 ἀκροατὴς
3019 4363 3128 4415 τῶν
3176 4362 3340 4415 αὑτοῦ
3381 4362 3623 4433 γένωμαι

373 4462 588 4516 auditor
623 4477 636 4512 :
669 4460 828 4529 cujus
858 4459 937 4513 rei
968 4473 1216 4524 causam,
1249 4458 1609 4528 navigationis
1636 4461 1884 4515 molestia

2110 4478 2254 4529 ηγων·
2287 4461 2381 4513 xui.
2409 4458 2598 4511 τούτου
2637 4457 2814 4510 αἰτίαν
2840 4456 2931 4509 τὸν
2968 4458 3034 4509 ὲκ
3074 4455 3168 4508 τοῦ
3215 4454 3347 4509 πλοῦ
3388 4455 3624 4526 σκυλμὸν

374 4553 687 4622 assignabat
716 4568 728 4603 :
759 4552 906 4604 illam
935 4550 1081 4603 enim
1110 4550 1379 4618 concoqui
1403 4550 1612 4617 volens,
1641 4568 1726 4607 me
1755 4554 1888 4621 quic.

2106 4556 2311 4605 εοιεῖτο’
2350 4553 2556 4603 ἐκεῖνον
2598 4548 2707 4620 γὰρ
2752 4547 3028 4618 πεφθῆναι
3068 4546 3235 4601 θέλων
3274 4548 3339 4611 δι,
3384 4548 3451 4619 μὲ
3492 4551 3620 4618 ἡσυ-

375 4661 497 4699 eere
545 4645 812 4713 permisit.
872 4642 1154 4712 Siquidem
1202 4643 1422 4713 quando
1471 4644 1676 4710 anima,
1730 4646 1889 4715 inqui

2104 4645 2238 4707 ῑιζειν
2285 4644 2515 4714 ἀφῆκεν.
2571 4642 2750 4694 Ὀπότ’
2789 4639 2853 4693 ἂν
2901 4640 3011 4710 γὰρ
3049 4639 3126 4710 ('7)
3170 4640 3417 4711 ἡψυχὴ,
3462 4642 3618 4710 φησὶ,

376 4739 521 4791 circa
558 4737 609 4791 id
642 4738 787 4806 quod
827 4735 1044 4804 corpori
1091 4735 1245 4789 deest
1278 4743 1600 4804 occupatur,
1647 4737 1729 4791 ve!
1764 4738 1890 4807 alin

2108 4739 2182 4809 ερὶ
2219 4736 2279 4789 τὸ
2308 4736 2491 4789 λεῖπον
2520 4734 2814 4804 ἀσχολῆται
2844 4732 2920 4803 τῷ
2953 4731 3183 4803 σώματι,
3212 4732 3320 4784 εἴτε
3357 4731 3463 4785 τινί
3488 4751 3622 4803 συμ-

378 4830 684 4883 calamitate
706 4830 991 4897 premitur,
1018 4845 1125 4883 nou
1155 4828 1324 4882 multa
1351 4843 1474 4882 cum
1502 4828 1779 4898 diligentia
1805 4833 1892 4885 soli

2105 4830 2197 4900 ορᾷ
2241 4827 2554 4897 συνέχεται,
2601 4827 2660 4878 ού
2706 4824 2843 4895 μετὰ
2889 4823 3089 4894 πολλῆς
3135 4823 3291 4877 εἴωθε
3340 4825 3619 4896 προσέχειν

378 4921 656 4976 attendere
704 4921 771 4976 iis
813 4939 935 4991 quae
974 4922 1251 4977 dicuntur.
1299 4919 1367 4974 Et
1418 4929 1637 4990 propter
1683 4922 1787 4976 hoc
1818 4941 1889 4978 no

2103 4920 2339 4993 κριϐείις
2383 4922 2495 4983 τοῖς
2544 4918 2876 4989 λεγομένοις.
2904 4915 3109 4969 Τούτου
3146 4917 3203 4970 δὲ
3258 4916 3443 4994 ἒιξκεν
3502 4920 3617 4973 οὐδὲ

1647 5058 1883 5114 νΛῐίΙιλΕ
1924 5059 2325 5117 LECTIONES.

452 5197 497 5228 ⁸η
537 5185 793 5247 Clement.
826 5195 973 5248 hom.
1017 5210 1053 5259 I,
1091 5210 1139 5249 c.
1168 5194 1258 5255 2|,
1290 5203 1393 5248 etc.
1445 5190 1660 5260 Recogn.
1692 5193 1729 5245 I.
1774 5209 1810 5256 ι,
1838 5209 1883 5245 c.
1920 5193 2007 5255 IS,
2032 5203 2135 5245 etc.
2214 5193 2257 5222 ⁸³
2291 5192 2360 5243 al.
2402 5190 2675 5242 ὲνδοιάσω.
2756 5186 2803 5219 ⁸⁸
2837 5188 2906 5241 aI.
2956 5186 3343 5260 pun‘irrtuiiévru.
3375 5186 3466 5260 ff
3493 5184 3612 5242 Cie-

392 5272 549 5316 uacui.
585 5266 771 5319 homil.
799 5281 858 5325 ιι,
887 5281 934 5319 c.
964 5271 1011 5327 l,
1040 5252 1141 5319 etc.
1183 5252 1299 5317 Rere.
1334 5266 1368 5317 I.
1403 5281 1463 5327 ιι,
1497 5283 1545 5315 e.
1577 5252 1633 5325 ‘I,
1659 5272 1761 5315 etc.
1800 5252 1807 5256 ’
1844 5264 1890 5295 ⁵⁵
1926 5252 2201 5331 Σοῴονίας.
2299 5263 2340 5293 ³⁷
2384 5261 2518 5330 Lege
2550 5260 2781 5322 Αἰνείας,
2820 5268 2877 5331 ιιι
2904 5252 2975 5331 ad
3006 5252 3331 5331 Clementiua
3359 5256 3607 5331 diximus.

382 5337 545 5390 (Luam
624 5335 669 5367 ⁵⁸
691 5336 760 5388 al.
805 5336 1069 5404 Ἀγγαῖος.
1148 5336 1191 5373 ⁵9
1214 5345 1283 5388 al.
1324 5334 1581 5405 ίαμμηνοί
1604 5342 1656 5387 et
1683 5334 1879 5403 ἁμηνοί
1906 5342 1957 5385 et
1990 5327 2256 5403 ἰαμμινοί,
2336 5332 2381 5362 ⁶⁰
2415 5327 2484 5384 al.
2518 5331 2772 5399 ὲγκάᾲας.
2838 5330 2878 5360 ⁶¹
2909 5330 2978 5382 al.
3012 5327 3285 5397 πεφθῆναί
3317 5345 3406 5399 μοι
3428 5327 3606 5382 θέλων.

1639 5446 2005 5504 VARIORUM
2044 5448 2278 5503 NOTAE.

391 5618 415 5671 1
456 5548 532 5672 (070)
565 5548 817 5674 'gndmr
843 5547 972 5618 γάρ.
1008 5546 1329 5618 Excerptam
1378 5544 1702 5603 sententiam
1746 5544 1904 5607 hanc,
1946 5549 2006 5596 ut
2044 5542 2359 5615 Κλήμεντος
2393 5542 2546 5597 πάπα
2583 5539 2829 5609 Ῥώμης,
2860 5538 3036 5609 legere
3087 5548 3168 5593 est
3204 5538 3256 5591 in
3316 5549 3419 5595 ms.
3454 5534 3607 5607 Regio

425 5619 455 5672 5
535 5658 548 5671 .
606 5620 745 5673 ‘Leu.

425 5619 548 5672 500.
581 5620 745 5673 CLeu.
