3834 6220
157 370 272 429 489

834 374 1289 432 CLEMENTINA.
1323 406 1391 415 —
1420 372 1716 429 EPITOME
1753 374 1840 429 DE
1876 375 2119 433 GESTIS
2158 377 2216 432 S.
2255 376 2480 432 PETRI.

3287 376 3393 435 490

160 492 432 566 βούλομαι
469 494 809 564 διαλέγεσθαι
844 500 957 560 τοῖς
997 498 1029 567 ἢ
1066 498 1211 571 λύπῃ
1247 498 1665 569 κατεχομένοις,
1694 498 1729 569 ἦ

1836 500 2182 555 sermocinari
2215 515 2339 554 cum
2370 499 2436 553 iis
2462 499 2555 568 qui
2586 507 2679 552 aut
2706 496 3025 567 :cgritudinc
3056 496 3391 563 detinentur,

158 584 423 657 ἀμέτρως
444 584 848 655 ὀργιζομένοις,
893 587 927 657 ἦ
970 587 1032 640 τὸ
1067 587 1227 658 σῶμα
1272 588 1654 659 πεπονηκόσιν,
1693 589 1728 661 ἢ

161 676 451 745 βιωτικαῖς
480 678 776 749 φροντίσιν,
806 678 841 750 ἢ
885 679 1058 752 ἑτέρῳ
1097 679 1259 735 πάθει
1285 681 1391 735 τινὶ
1434 680 1732 753 διενοχλου-

161 765 371 835 μένοις.

234 880 404 933 XXII.
436 882 547 935 Kal.
579 882 651 953 μὴ
673 882 878 963 λεγέτω
909 903 1011 949 τις,
1042 886 1123 939 ὅτι
1155 886 1215 939 οὐ
1243 887 1347 958 χρὴ
1385 889 1732 960 παραμυθίας

156 971 260 1023 καὶ
291 971 572 1036 νουθεσίας
592 973 782 1042 λόγους
806 974 1099 1047 προσάγειν
1122 982 1233 1042 τοῖς
1261 979 1462 1049 φαῦλόν
1482 999 1533 1034 τι
1560 981 1732 1051 πράτ-

153 1079 334 1117 τουσι.
360 1064 507 1135 Φημὶ
532 1064 661 1136 γὰρ,
707 1066 785 1129 ὡς
817 1068 866 1118 εί
901 1067 999 1138 μὲν
1034 1068 1185 1121 ἀνύει
1226 1088 1331 1133 τις,
1373 1071 1692 1143 πῳφερέτω
1714 1088 1727 1101 ·

154 1154 209 1205 εἰ
234 1153 293 1205 δὲ
322 1153 416 1225 μὴ,
451 1153 529 1225 τῷ
556 1156 734 1227 καιρῷ
760 1156 895 1220 τέως
916 1162 1331 1229 παραχωρείτω.
1365 1161 1578 1229 Καιρὸς
1600 1162 1729 1235 γὰρ,

152 1244 239 1308 ὡς
270 1246 576 1317 Σολομῶντι
604 1248 768 1311 δοκεῖ,
795 1249 974 1302 παντὶ
1004 1250 1314 1320 πράγματι.
1343 1252 1433 1329 Διὸ
1470 1252 1573 1324 χρὴ
1606 1254 1732 1317 τοὺς

150 1336 262 1407 τὴν
313 1336 492 1409 ψυχὴν
533 1339 836 1410 ρωννύντας
883 1341 1095 1410 λόγους,
1145 1343 1253 1414 πρὸ
1290 1343 1392 1414 τῆς
1436 1344 1731 1409 κακώσεως

149 1429 274 1490 τοῖς
288 1426 596 1499 ἀνθρώποις
618 1430 841 1500 ἐπάγειν
859 1447 873 1462 ο
890 1432 975 1485 ἵνα
1006 1433 1202 1487 εἴποτέ
1223 1452 1274 1487 τι
1297 1435 1555 1505 ⁸²⁵φαῦλον
1574 1435 1731 1490 ἐπέλ-

148 1519 265 1585 θοι,
291 1520 734 1593 προωπλισμένος
758 1526 787 1577 ό
804 1524 948 1588 νοῦς,
962 1525 1104 1597 ὀρθῷ
1121 1526 1200 1596 τῷ
1221 1526 1464 1599 λογισμῷ
1479 1528 1729 1599 δυνηθείη

146 1610 217 1664 τὸ
254 1612 541 1682 ὲπενεχθὲν
569 1614 883 1685 ὑποστῆναι.
918 1617 1099 1697 Ὅρεν,
1134 1611 1178 1670 ὼ
1211 1618 1331 1687 φίλε
1355 1619 1575 1691 Κλήμη,
1615 1622 1729 1690 είγε

145 1704 225 1758 τὰ
268 1704 349 1775 τῷ
392 1706 510 1777 Θεῷ
562 1707 888 1778 διαφέροντα
936 1710 1136 1778 γνῶναι
1183 1710 1389 1775 θέλεις,
1443 1712 1595 1783 παρὰ
1634 1712 1728 1766 τοῦ

147 1795 368 1867 Κυρίου
393 1799 487 1852 καὶ
517 1798 653 1851 Θεοῦ
681 1798 775 1853 καὶ
820 1801 1067 1871 Σωτῆρος
1099 1802 1255 1874 ἡμῶν
1292 1802 1728 1878 ’ῐησοεὶΧριστοῦ

144 1887 254 1941 τοῦ
295 1888 639 1955 διδάσκοντος
679 1892 725 1924 ⁸⁸
758 1891 1042 1965 ἄνθρωπον
1088 1893 1308 1963 γνῶσιν,
1344 1894 1495 1969 παρὰ
1534 1894 1724 1949 τούτου

151 1981 327 2054 μόνου
378 1982 576 2055 μαθεῖν
615 1983 778 2057 ἔχεις,
806 1986 886 2041 ὅτι
930 1987 1087 2059 μόνος
1122 1981 1261 2041 οἶδεν
1298 1987 1572 2059 ἀλήθειαν.
1606 1985 1728 2039 Τῶν

146 2073 267 2146 γὰρ
290 2074 467 2129 ἄλλων
492 2076 643 2140 είτις
662 2077 945 2132 ἐπίσταταί
971 2097 1045 2142 τι,
1070 2078 1220 2150 παρὰ
1243 2076 1431 2132 τούτου
1465 2078 1511 2110 ⁸⁸
1544 2075 1725 2149 μόνου,

148 2166 183 2237 ἢ
220 2168 335 2222 τῶν
366 2167 554 2222 τούτου
584 2169 839 2241 μαθητῶν
877 2170 1057 2225 λαϐὼν
1083 2171 1213 2242 ἔχει.

224 2341 421 2397 XXIII.
450 2344 605 2397 Ἔστι
637 2360 696 2396 τε
729 2342 892 2415 αὐτοῦ
918 2344 980 2398 τὸ
1004 2346 1267 2417 βούλημα,
1297 2346 1380 2400 ὅτι
1406 2342 1487 2410 εἷς
1520 2346 1651 2411 Θεὸς
1672 2350 1731 2403 ὲν

148 2435 340 2504 τρισὶν
380 2435 759 2498 ὐποστάσεσιν,
786 2430 846 2490 οὗ
872 2436 901 2487 ὁ
927 2436 1129 2506 κόσμος
1163 2437 1321 2508 ἔργον
1343 2438 1372 2489 ό
1406 2439 1534 2501 πᾶς,
1565 2438 1623 2501 ὃς
1654 2439 1731 2492 δί-

149 2541 316 2589 καιος
343 2525 441 2589 ὼν,
462 2527 680 2591 πάντως
698 2528 911 2599 ἑκάστῳ
936 2529 1073 2600 πρὸς
1098 2529 1197 2592 τὰς
1217 2529 1443 2601 πράξεις
1464 2530 1732 2586 ἀποδώσει

150 2616 314 2670 ποτέ.
355 2617 589 2691 Ἀνάγκη
618 2620 726 2692 γὰρ
750 2622 917 2683 πᾶσα,
944 2620 1099 2689 φύσει
1127 2620 1331 2675 δίκαιον
1350 2616 1487 2675 εἶναι
1508 2621 1731 2691 λέγοντα

151 2708 253 2761 τὸν
283 2707 438 2772 Θεὸν,
476 2710 691 2774 καὶτὰς
722 2711 1020 2782 ἀνθρώπων
1057 2712 1235 2782 ψυχὰς
1257 2712 1557 2776 ἀθανάτους
1591 2710 1731 2768 εἶναι

151 2799 460 2854 πιστεύειν.
514 2802 666 2855 Ἐπεὶ
705 2799 816 2856 ποῦ
854 2803 914 2855 τὸ
951 2803 1155 2856 δίκαιον
1186 2802 1388 2869 animi;
1422 2805 1556 2858 ὅπου
1591 2806 1733 2870 τινὲς

152 2892 403 2955 εὐσεϐῶς
450 2892 840 2963 βιοτεύσαντες,
884 2895 979 2947 καὶ
1027 2896 1491 2964 κακουχηθέντες,
1543 2897 1733 2967 βιαίως

153 2984 535 3056 ἀνῃρέθησανο
567 2986 696 3040 ἔνιοι
716 2987 771 3040 δὲ
790 2987 1007 3052 ἀσεϐεῖς
1026 2988 1175 3069 παρὰ
1201 2990 1333 3043 πολὺ
1357 2992 1730 3063 γεγενημένοι,

156 3075 223 3130 ὲν
252 3076 571 3150 πολυτελείᾳ
601 3076 715 3148 βίου
751 3080 1144 3150 τρυφήσαντες,
1176 3081 1266 3134 τὸν
1305 3082 1480 3135 κοινὸν
1521 3081 1731 3154 ἀνθρὼ-

1831 599 1928 645 aut
1964 592 2318 647 immoderate
2348 590 2471 645 irati
2499 599 2648 654 sunt,
2687 598 2782 644 aut
2824 606 3054 660 corpore
3085 600 3389 659 azgrotant;

1830 688 1924 735 aut
1948 682 2299 736 saecularibus
2322 683 2494 748 curis,
2525 680 2608 737 vel
2638 680 2746 735 alio
2774 681 3031 751 quopiam
3068 679 3265 735 all'ectu
3292 681 3394 736 ob-

1828 774 2138 827 turbantur.

1897 882 2124 943 XXII.“
2142 882 2328 955 Neque
2359 884 2503 939 dicat
2538 883 2758 955 aliquis,
2783 897 2891 937 non
2908 892 3163 953 oportere
3192 898 3394 939 conso-

1830 974 2048 1029 lationis
2090 983 2144 1029 et
2189 975 2579 1031 admonitionis
2632 975 2796 1028 verba
2841 975 2910 1028 iis
2952 974 3266 1041 admovere,
3299 973 3397 1044 qui

1829 1065 1959 1120 mali
2010 1066 2211 1136 aliquid
2264 1067 2462 1121 habent
2509 1081 2574 1121 ac
2620 1074 2836 1136 gerunt.
2887 1065 2986 1119 Aio
3027 1064 3198 1131 enim,
3250 1064 3396 1135 quod

1829 1157 1874 1213 si
1893 1159 2108 1225 quidem
2132 1162 2328 1231 aliquis
2356 1158 2591 1226 prolicit,
2620 1158 2910 1222 adhibeat;
2959 1157 3043 1211 sin
3068 1158 3271 1221 minus,
3308 1156 3396 1209 in-

1831 1249 1988 1301 terim
2033 1248 2263 1317 tempori
2301 1248 2475 1303 cedat.
2526 1246 2749 1316 Tempus
2797 1247 2942 1300 enim
2981 1255 3081 1313 est,
3134 1254 3194 1299 ut
3236 1244 3395 1299 Salo-

1828 1339 1979 1394 moni
2010 1338 2244 1403 videtur,
2280 1341 2424 1393 omni
2448 1339 2523 1393 rei
2561 1340 2627 1392 ⁸³.
2666 1338 2845 1404 Quare
2870 1346 3083 1407 oportet
3114 1352 3397 1392 sermones

1827 1428 1919 1496 qui
1956 1429 2197 1483 animam
2245 1430 2592 1494 confirmant,
2638 1428 2954 1484 hominibus
2984 1437 3110 1483 ante
3154 1428 3397 1484 vexatio-

1826 1536 1948 1575 nem
1980 1521 2218 1589 inferre;
2249 1530 2309 1576 ut
2335 1524 2381 1577 si
2413 1523 2544 1593 quid
2569 1522 2708 1578 forte
2733 1523 2886 1592 pravi
2921 1522 3199 1585 acciderit,
3240 1538 3397 1577 mens

1828 1613 1982 1681 prius
2015 1622 2245 1675 armata.
2282 1624 2428 1669 recta
2464 1614 2676 1669 ratione
2704 1615 2879 1684 possit
2923 1614 2976 1668 id
3004 1614 3149 1685 quod
3182 1614 3394 1669 illatum

1827 1709 1933 1767 est,
1966 1700 2227 1770 perferre.
2264 1698 2439 1769 Unde,
2479 1702 2654 1757 amice
2681 1703 2955 1769 Clemens,
2998 1708 3044 1758 si
3077 1703 3233 1773 cupis
3274 1718 3397 1772 qua:

1832 1791 1900 1846 ad
1934 1791 2104 1847 Deum
2138 1794 2413 1863 pertinent
2458 1809 2791 1862 cognoscere
2815 1834 2831 1860 ,
2883 1812 2911 1849 a
2944 1794 3177 1849 Domino
3201 1803 3254 1849 et
3287 1794 3397 1849 Deo

1828 1894 1883 1940 et
1932 1882 2213 1941 Salvatore
2262 1896 2456 1941 nostro
2487 1884 2615 1941 Jesu
2663 1887 2907 1952 Christo,
2951 1889 3047 1958 qui
3094 1887 3397 1942 humanum

1828 1992 2001 2049 genus
2042 1977 2201 2033 docet
2240 1978 2556 2045 scientiam;
2608 1980 2678 2034 ab
2710 1995 2776 2035 eo
2808 1981 2926 2035 solo
2958 1981 3171 2036 discere
3198 1991 3353 2051 potes
3380 1999 3394 2048 ;

1827 2070 1959 2141 quia
1998 2070 2151 2126 solus
2181 2070 2335 2125 novit
2370 2070 2679 2126 veritatem.
2721 2071 2966 2128 Aliorum
3002 2073 3150 2127 enim
3195 2074 3241 2127 si
3272 2076 3399 2143 quis

1828 2160 2035 2232 aliquid
2062 2161 2380 2233 cognoscit,
2416 2162 2485 2217 ab
2510 2176 2576 2218 eo
2612 2178 2742 2231 uno,
2779 2172 2873 2219 aut
2902 2163 2970 2219 ab
3004 2164 3125 2235 ejus
3152 2163 3398 2236 discipu-

1828 2252 1897 2307 lis
1926 2252 2187 2308 traditum
2223 2252 2450 2322 accepit.

1898 2344 2088 2400 XXIII.
2123 2345 2166 2376 ⁸⁷
2194 2344 2291 2400 Est
2312 2353 2492 2400 autem
2517 2345 2637 2416 ejus
2684 2348 2953 2403 sententia
2982 2366 2995 2403 :
3027 2348 3195 2405 Deum
3226 2366 3397 2407 unum

1829 2451 1955 2492 esse
1978 2437 2030 2491 in
2080 2437 2258 2492 tribus
2302 2438 2577 2508 personis,
2601 2438 2761 2507 cujus
2807 2446 2954 2495 totus
2991 2443 3228 2497 mundus
3257 2459 3397 2514 opus

1830 2534 1934 2594 est,
1965 2527 2169 2598 quique
2208 2528 2391 2597 justus
2413 2529 2708 2595 exsistens,
2745 2530 3039 2601 aliquando
3081 2543 3226 2589 certe
3272 2536 3396 2588 uni-

1831 2619 2031 2689 cuique
2082 2634 2183 2689 pro
2232 2619 2541 2675 actionibus
2591 2620 2875 2676 retribuet.
2928 2620 3162 2679 Necesse
3197 2626 3399 2696 quippe

1831 2711 2057 2766 omnino
2083 2720 2196 2775 est,
2241 2722 2303 2765 ut
2333 2711 2425 2781 qui
2465 2712 2663 2765 asserit
2703 2711 2873 2767 Deum
2925 2723 3120 2769 natura
3154 2730 3275 2771 esse
3310 2716 3391 2786 ju-

1833 2811 2005 2865 stum,
2026 2800 2188 2855 etiam
2215 2801 2400 2855 credat
2430 2800 2767 2855 immortales
2797 2816 2918 2855 esse
2947 2802 3230 2856 hominum
3276 2804 3397 2857 ani-

1831 2910 1974 2951 mas.
2006 2892 2274 2959 Quoniam
2316 2893 2407 2946 ubi
2449 2893 2553 2947 erit
2592 2892 2809 2963 justitia
2848 2892 3007 2963 ejus?
3050 2895 3270 2963 quando
3296 2896 3398 2948 ali-

1833 2986 1950 3057 qui,
1995 3000 2119 3039 cum
2172 2984 2261 3054 pie
2299 2983 2584 3049 vixissent,
2635 2993 2816 3039 tamen
2868 2983 3009 3039 male
3059 2985 3253 3051 habiti,
3307 3002 3400 3055 per

1834 3078 1946 3132 vim
1968 3091 1999 3133 e
2026 3076 2205 3131 medio
2237 3075 2434 3129 sublati
2467 3083 2596 3130 sunt
2626 3091 2640 3129 :
2678 3075 2899 3146 quidam
2930 3091 3080 3141 vero,
3112 3085 3397 3145 postquam

156 3184 283 3220 πων
321 3167 675 3238 ἐτελεύτησαν
703 3168 944 3223 θάνατον.
1000 3170 1151 3225 Ἐπεὶ
1177 3169 1269 3225 οὖν
1304 3172 1473 3243 χωρὶς
1514 3172 1730 3244 ἀπάσης

1836 3167 1989 3223 valde
2013 3166 2162 3237 impii
2185 3167 2542 3231 exstitissent,
2575 3175 2737 3235 atque
2766 3166 2892 3219 vitae
2926 3166 3076 3219 luxui
3100 3181 3163 3219 ac
3190 3166 3401 3220 deliciis

153 3258 513 3327 ἀντιλογίαςό
527 3259 658 3324 Θεὸς
678 3260 878 3329 ἀγαθὸς
903 3261 997 3325 ὼν,
1019 3262 1223 3327 δίκαιός
1240 3264 1406 3328 ἐστιν,
1430 3264 1530 3317 οὐκ
1555 3264 1729 3325 ἄλλως

154 3348 220 3403 δὲ
258 3350 468 3412 δίκαιος
501 3348 638 3404 εἶναι
677 3352 1067 3425 γνωσθήσεται,
1112 3354 1207 3407 ἐὰν
1234 3355 1306 3425 μὴ
1334 3357 1368 3426 ἡ
1414 3354 1559 3427 ψυχὴ
1594 3354 1729 3425 μετά

155 3441 256 3494 τὸν
294 3442 569 3511 χωρισμὸν
601 3441 695 3494 τοῦ
733 3442 980 3513 σώματος
1020 3445 1281 3507 ἀθάνατος
1309 3442 1364 3517 ᾗ,
1398 3445 1483 3498 ῐνα
1508 3446 1643 3517 μετά
1670 3445 1730 3498 τὸ

158 3533 457 3588 ἀπολαϐεῖν
483 3533 544 3587 τὸ
574 3535 703 3588 ίδιον
734 3535 890 3606 σῶμα
919 3538 976 3589 ὲν
996 3539 1062 3609 τῇ
1094 3539 1404 3600 ἀναστάσει,
1434 3539 1463 3591 ὁ
1503 3537 1601 3610 μὲν
1628 3557 1729 3593 κα-

158 3627 281 3689 κὸς,
311 3626 387 3689 ὡς
415 3626 647 3680 ἐνταῦθα
674 3627 743 3680 τὰ
776 3628 955 3697 ἀγαθὰ
989 3629 1297 3692 ἀπολαϐὼν,
1350 3632 1466 3684 ἐκεῖ
1499 3631 1627 3703 περὶ
1656 3626 1730 3685 ὧν

157 3710 381 3781 ἥμαρτε
415 3710 678 3782 κολασθῇ’
721 3712 749 3763 ὁ
781 3712 837 3764 δὲ
878 3713 1096 3781 ἀγαθὸς,
1139 3714 1370 3769 ἐνταῦθα
1400 3716 1527 3787 περὶ
1553 3710 1627 3769 ὧν
1665 3719 1729 3788 ἦ-

165 3817 346 3872 μαρτε
384 3802 683 3865 κολασθεὶς,
707 3804 823 3857 ἐκεῖ
840 3804 916 3866 ὡς
936 3805 994 3856 ὲν
1020 3805 1238 3869 κόλποις
1272 3806 1513 3869 δικαίων,
1545 3808 1735 3879 κληρο-

159 3893 333 3964 νόμος
368 3893 476 3946 τῶν
512 3894 731 3961 ἀγαθῶν
760 3898 1031 3966 καταστῇ’
1061 3897 1184 3950 ἐπεὶ
1216 3898 1394 3951 τοίνυν
1425 3900 1455 3951 ό
1484 3899 1616 3963 Θεὸς
1656 3900 1733 3952 δί-

156 4004 344 4050 καιος,
374 3986 637 4058 πρόδηλον
668 3990 800 4057 ἡμῖν
841 3988 1008 4050 ἐστιν,
1037 3989 1118 4042 ὅτι
1153 3991 1247 4044 καὶ
1279 3992 1460 4063 κρίσις
1502 3993 1729 4062 γίνεται,

156 4079 261 4133 καὶ
288 4078 348 4131 αί
370 4076 538 4148 ψυχαὶ
566 4078 819 4131 ἀθάνατοι
849 4079 1223 4149 τυγχάνουσιν.
1255 4082 1318 4135 El
1335 4081 1392 4135 δέ
1416 4099 1520 4146 τις,
1550 4082 1626 4146 ὡς
1654 4082 1732 4153 τῷ

158 4172 416 4242 Σαμαρεί
444 4171 589 4225 δοκεῖ
625 4173 848 4243 Σίμωνι,
887 4172 981 4225 καὶ
1020 4172 1118 4243 οὐχ
1158 4173 1234 4236 ὡς
1273 4175 1302 4226 ό
1342 4175 1441 4245 τῆς
1478 4174 1734 4245 ἀληθείας

161 4263 415 4334 βούλεται
430 4263 605 4333 λόγος,
632 4264 693 4317 τὸ
713 4264 919 4317 δίκαιον
948 4260 1085 4317 εἶναι
1117 4264 1190 4336 μὴ
1219 4264 1359 4319 θέλοι
1389 4266 1571 4319 δοῦναι
1591 4267 1730 4337 Θεῷ,

157 4355 273 4411 τίνι
295 4356 377 4409 ἔτι
404 4355 562 4409 τοῦτό
589 4373 673 4419 τις
696 4355 879 4417 δοῦναι
898 4354 1154 4421 δύναται;

237 4641 430 4698 XXlV.
456 4641 640 4696 Ταῦτα
686 4641 922 4704 ἀκούσας
956 4640 1068 4710 ἐγὼ
1106 4640 1356 4712 Κλήμης,
1386 4642 1479 4695 καὶ
1515 4641 1596 4705 τίς
1630 4642 1735 4713 ἄρα

162 4734 447 4807 τυγχάνει,
482 4735 638 4804 ἔφην,
677 4728 828 4796 οὗτος
856 4732 914 4785 ὃν
943 4732 1157 4800 λέγουσι
1205 4733 1423 4802 Σίμωνα
1463 4734 1734 4804 Σαμαρεί-

163 4846 287 4901 την,
318 4826 506 4897 μαθεῖν
534 4823 739 4896 ἤθελον.
780 4823 838 4875 '0
874 4823 931 4875 δὲ
954 4822 1184 4894 Πέτρος·
1227 4824 1289 4875 El
1316 4822 1487 4885 θέλεις
1526 4822 1734 4891 μαθεῖν,

165 4920 297 4992 ἔφη,
327 4918 554 4990 πάρεστί
576 4932 658 4969 σοι
679 4913 773 4967 τοῦ
802 4913 1005 4983 γνῶναι
1033 4914 1161 4983 παρ’
1181 4906 1255 4965 ὧν
1286 4912 1441 4980 κάγὼ
1470 4914 1643 4966 πάντα
1672 4913 1739 4966 τὰ

166 5014 291 5067 κατ’
314 5010 475 5063 αὑτὸν
502 5007 798 5078 ἐπυθόμην.
820 5006 929 5059 Καὶ
947 5005 1436 5076 μεταπεμψάμενος
1457 5004 1740 5058 ἐκέλευσεν

179 5100 415 5155 Ἀκύλαν
448 5116 506 5151 τε
536 5098 630 5150 καὶ
651 5097 893 5165 Νικήτην
926 5096 1100 5147 πάντα
1127 5112 1213 5165 μοι
1238 5093 1480 5164 ἀκριϐῶς
1501 5093 1569 5146 τά
1598 5092 1741 5146 κατὰ

163 5196 258 5247 τὸν
303 5192 525 5261 Σίμωνα
553 5186 934 5257 διηγήσασθαι.
967 5187 1030 5237 Οἱ
1059 5185 1116 5237 δὲ
1160 5184 1249 5236 τὸν
1292 5184 1422 5237 Θεὸν
1464 5184 1741 5255 μαρτυρά-

169 5302 326 5356 μενοι
354 5282 517 5353 μηδὲν
545 5277 902 5350 παρεκκλῖναι
932 5276 1029 5346 τῆς
1058 5274 1332 5344 ἀληθείας,
1360 5273 1502 5327 οὕτω
1525 5273 1595 5327 τὰ
1620 5274 1742 5326 κατ’

165 5375 335 5432 αὐτὸν
356 5374 667 5441 ὲξετίθεντο.
698 5371 805 5425 Καὶ
835 5368 1045 5440 πρῶτος
1088 5366 1315 5430 Ἀκύλας
1340 5367 1541 5439 ἦρξατο
1566 5368 1741 5437 λέγειν

165 5470 375 5532 οὕτως’
412 5469 696 5525 Ἄκουσον,
720 5458 764 5516 ὼ
789 5463 1006 5531 φίλτατε
1040 5460 1257 5530 ἀδελφὲ,
1282 5462 1431 5523 ὅπως
1460 5462 1552 5514 καὶ
1582 5460 1742 5524 αὐτὸς

1834 3258 2237 3321 indulsissent,
2300 3258 2578 3311 communi
2638 3265 2822 3311 tamen
2885 3256 3167 3310 hominum
3225 3266 3400 3311 morte

1833 3348 2108 3404 obierunt.
2161 3346 2613 3416 Quandoquidem
2655 3346 2820 3416 igitur
2855 3345 3062 3415 absque
3105 3345 3214 3399 ulla
3260 3360 3400 3400 con-

1834 3438 2157 3493 tradictione
2182 3438 2346 3504 Deus,
2372 3437 2551 3492 bonus
2583 3452 2705 3492 cum
2747 3437 2838 3501 sit,
2865 3436 3051 3507 justus
3077 3436 3240 3489 etiam
3271 3444 3355 3491 est
3381 3454 3397 3501 ;

1831 3545 1932 3585 nec
1957 3529 2175 3583 aliunde
2197 3529 2379 3599 justus
2396 3544 2516 3583 esse
2538 3538 2919 3599 cognoscetur,
2938 3528 3043 3583 nisi
3067 3528 3248 3583 anima
3276 3538 3399 3598 post

1834 3622 2227 3692 separationem
2254 3636 2284 3675 a
2312 3635 2562 3690 corpore,
2596 3621 2667 3675 sit
2698 3621 3056 3687 immortalis;
3090 3630 3151 3676 ut
3179 3622 3401 3691 quando

1834 3713 1889 3767 in
1932 3712 2332 3768 resurrectione
2381 3727 2541 3767 suum
2567 3727 2767 3781 corpus
2807 3713 3179 3782 recuperarit,
3223 3714 3402 3768 malus

1833 3808 2074 3878 quidem,
2114 3816 2373 3876 tanquam
2422 3806 2516 3876 qui
2555 3806 2645 3859 hic
2688 3805 2831 3860 bona
2862 3810 3145 3876 receperit,
3187 3809 3259 3863 ibi
3302 3824 3402 3879 pro

1834 3899 1901 3955 iis
1945 3914 2066 3968 qua:
2095 3898 2321 3967 deliquit
2350 3899 2654 3968 puniatur;
2696 3898 2876 3957 bonus
2930 3908 3134 3965 autem,
3181 3900 3269 3954 hic
3302 3916 3401 3970 pro

1834 3990 2046 4047 delictis
2063 3990 2379 4060 castigatus,
2413 3989 2521 4043 illic
2543 3989 2701 4057 quasi
2739 3990 2790 4042 in
2824 3990 2947 4044 sinu
2968 3991 3259 4059 justorum.
3291 3992 3402 4045 hae-

1835 4098 1924 4137 res
1971 4082 2241 4136 honorum
2294 4082 2703 4135 constituatur:
2747 4083 3187 4152 quandoquidem
3237 4084 3401 4153 igitur

1839 4173 1980 4227 Deus
2004 4173 2186 4242 justus
2215 4180 2319 4237 est,
2364 4182 2579 4226 constat
2617 4173 2759 4226 inter
2792 4190 2913 4239 nos,
2952 4172 3218 4242 judicium
3259 4191 3399 4229 ouo-

1834 4279 1941 4334 que
1967 4264 2104 4329 fore,
2135 4274 2188 4318 et
2224 4264 2438 4317 animas
2463 4277 2585 4318 esse
2609 4263 2968 4320 immortales.
3001 4263 3061 4319 Si
3084 4266 3208 4334 quis
3232 4282 3359 4321 vero
3383 4306 3397 4329 ,

1836 4357 2291 4427 quemadmodum
2320 4355 2667 4410 Samaritano
2712 4355 2926 4410 Simoni
2975 4357 3172 4426 placet,
3200 4366 3256 4412 et
3290 4373 3397 4412 non

1836 4460 1898 4503 ut
1939 4449 2186 4503 veritatis
2236 4447 2485 4501 doctrina
2531 4447 2670 4511 vult,
2718 4446 2830 4501 Deo
2889 4448 3189 4503 concedere
3242 4449 3399 4516 nolit,

1769 4562 1811 4616 ι)
1836 4538 2041 4609 justum
2064 4551 2184 4592 esse
2203 4578 2218 4603 ,
2250 4537 2338 4591 cui
2366 4537 2479 4605 jam
2508 4537 2708 4607 aliquis
2735 4536 2788 4591 id
2822 4537 3060 4592 tribuere
3088 4539 3300 4607 potest?

1910 4646 2099 4702 XXIV.
2152 4646 2250 4702 llis
2302 4647 2527 4710 auditis,
2583 4663 2683 4719 ego
2733 4649 3009 4711 Clemens,
3050 4648 3118 4703 Et
3147 4651 3399 4721 quisnam

1838 4747 1944 4804 est,
1977 4738 2114 4802 dixi,
2162 4738 2263 4793 iste
2306 4746 2471 4808 quem
2506 4738 2695 4803 aiunt,
2750 4738 2939 4793 Simon
2988 4739 3401 4807 Samaritanus,

1841 4833 1983 4887 scire
2033 4832 2250 4886 vellem.
2304 4830 2619 4901 Respondit
2652 4840 2833 4886 autem
2877 4831 3113 4888 Petrus:
3149 4834 3206 4889 Si
3248 4836 3403 4904 cupis

1841 4921 2070 4985 discere,
2094 4921 2221 4975 licet
2246 4921 2342 4975 tibi
2370 4922 2438 4975 ab
2468 4921 2535 4975 iis
2561 4936 2912 4991 cognoscere,
2939 4939 2968 4976 a
3002 4924 3201 4993 quibus
3218 4933 3272 4977 et
3302 4939 3402 4993 ego

1843 5019 2039 5067 cuncta
2068 5011 2214 5066 illius
2240 5012 2502 5066 intellexi.
2541 5011 2869 5082 Vocatisque
2912 5011 3110 5083 Aquila
3156 5025 3211 5071 et
3240 5015 3404 5072 Nice-

1844 5111 1921 5168 ta,
1962 5102 2216 5172 praecepit
2257 5103 2356 5167 eis,
2390 5112 2448 5157 ut
2485 5104 2619 5158 mihi
2661 5105 2842 5158 omnia
2867 5106 2933 5159 ad
2974 5105 3251 5163 Simonem
3287 5126 3406 5179 per-

1843 5192 2071 5248 tinentia
2107 5193 2393 5263 diligenter
2432 5204 2771 5250 enarrarent.
2812 5197 2882 5249 At
2914 5197 3012 5265 illi,
3061 5196 3229 5255 Deum
3264 5210 3403 5254 atte—

1842 5285 1967 5339 stati
2006 5300 2066 5339 se
2109 5285 2419 5339 nullatenus
2453 5300 2483 5339 a
2527 5286 2751 5341 veritate
2791 5289 3195 5353 deelinaturos,
3258 5292 3403 5345 hunc

1843 5374 1899 5428 in
1928 5374 2149 5429 modum
2184 5389 2269 5429 res
2295 5374 2413 5443 ejus
2453 5386 2841 5444 exposuerunt.
2891 5376 2971 5432 Ac
3017 5378 3166 5447 prior
3209 5378 3404 5448 Aquila

1847 5466 2012 5536 ccepit
2051 5465 2124 5519 ita
2154 5464 2336 5521 dicere
2366 5484 2379 5519 :
2421 5464 2594 5529 Audi,
2630 5465 2953 5522 cbarissime
2989 5466 3175 5536 frater,
3228 5478 3287 5522 ut
3346 5478 3403 5522 tu

1440 5625 1673 5681 VARLE
1711 5626 2108 5682 LECTIONES.

234 5745 282 5778 ⁸³
326 5742 578 5800 Clement.
609 5743 756 5797 hom.
788 5761 846 5805 ιι,
880 5761 926 5798 c.
957 5744 1043 5809 ~12,
1067 5752 1173 5803 etc.
1251 5743 1470 5799 "Ecdc
1528 5759 1609 5809 ιιι,
1644 5744 1693 5798 1.
1773 5745 1906 5799 “al.
1942 5762 2081 5799 τινα.
2160 5744 2379 5801 "Deest
2404 5747 2456 5799 in
2494 5748 2564 5801 al.

182 5836 338 5892 cogn.
359 5854 374 5879 ,
410 5817 445 5867 I.
467 5828 646 5881 vtlt,c.
678 5814 729 5866 6.

416 5911 690 5972 ΡΑτιιοι..
735 5911 850 5971 Gn.
906 5911 983 5973 ll.

2647 5755 2691 5785 η
2731 5748 2889 5802 Deest
2914 5749 2965 5802 in
2999 5748 3068 5801 al.
3176 5754 3219 5785 οτ
3248 5749 3279 5801 Ι.
3309 5746 3401 5799 lie-

3088 5916 3161 5976 16
