3834 6220
1353 364 1409 422 S.
1444 362 1831 421 CLEMENTIS
1871 364 1889 419 I
1929 360 2048 419 ROB

2156 360 2343 417 ΡΟΧΤ.
2383 361 2611 416 OPERA
2646 362 2888 419 DUBIA.‘
3647 365 3754 422 492

504 369 601 426 ιιιι

502 505 722 563 quoque
751 501 1005 549 accurate
1033 506 1334 564 cognoscas
1354 491 1545 545 omnia
1588 490 1691 544 viri
1742 490 1925 554 illius;
1958 503 2048 542 cu-

2160 487 2401 559 άκριόῶς
2429 487 2605 541 πάντα
2626 488 2694 540 τὰ
2714 489 2855 542 κατά
2873 488 2964 542 τὸν
2993 488 3161 561 ἄνδρα
3187 489 3353 560 εἰδῇς,
3381 489 3524 552 τίνος
3543 505 3615 542 τι
3648 486 3749 551 ὣν,

500 586 719 655 jusnam
749 586 838 651 sit,
876 594 931 640 et
967 586 1112 656 quis,
1142 594 1197 640 et
1232 583 1411 650 unde;
1449 592 1502 637 et
1530 597 1779 651 quzenam
1811 582 1920 636 sint
1946 597 2048 651 qua

2168 581 2263 633 καὶ
2293 580 2398 643 τίς,
2432 580 2525 633 καὶ
2567 580 2752 644 πόθεν,
2800 581 2893 634 καὶ
2923 581 3047 633 τίνα
3079 580 3228 634 ἐστὶν
3256 580 3293 634 ἀ
3339 580 3599 651 πράττει,
3657 580 3753 632 καὶ

503 674 650 739 facit,
680 684 735 729 ct
762 692 871 745 quo
901 677 1087 741 modo,
1119 681 1391 746 quamque
1422 675 1492 728 ob
1515 688 1759 727 causam.

571 767 742 822 XXV.
770 767 816 801 °'
840 767 1027 822 Simon
1059 768 1221 839 igitur
1242 776 1396 836 patre
1427 766 1644 836 quidem
1669 765 1921 828 Antonio,
1952 779 2067 817 ma-

502 871 584 915 tre
610 874 737 915 vero
759 857 992 914 Rachele
1018 866 1171 914 ortus
1192 866 1305 923 est;
1333 858 1553 911 natione
1581 854 1980 917 Samaritanus,
1999 869 2065 908 ex

502 952 725 1016 Gitthis,
757 952 879 1006 vico
905 951 998 1021 qui
1030 966 1139 1005 non
1173 950 1355 1004 minus
1384 964 1546 1019 quam
1581 964 1673 1003 sex
1725 947 1965 1003 schmnis
1996 947 2065 1001 ab

501 1039 634 1093 urbe
670 1035 1140 1092 Samaritanorum
1168 1036 1353 1092 distat.
1402 1037 1497 1091 llic
1530 1037 1868 1092 Alexandriae
1899 1035 2065 1108 Egy-

500 1128 576 1197 pti
623 1136 1015 1190 commoratus,
1050 1142 1114 1183 ac
1143 1126 1195 1180 in
1239 1126 1426 1182 Graeca
1468 1127 1715 1181 doctrina
1767 1127 2060 1196 plurimum

497 1221 848 1287 exercitatus,
883 1229 934 1275 et
959 1230 1077 1275 arte
1106 1220 1315 1289 magica
1347 1220 1578 1289 pollens,
1624 1228 1789 1287 atque
1818 1220 2059 1273 insolen-

499 1310 570 1364 tia
602 1311 798 1374 elatus,
832 1327 890 1366 se
912 1311 1027 1365 vult
1065 1310 1365 1365 existimari
1391 1325 1511 1364 esse
1564 1310 1817 1364 virtutem
1872 1326 2061 1379 supre-

498 1418 685 1470 mam,
738 1405 858 1474 ipso
907 1417 1127 1472 quoque
1187 1402 1526 1471 superiorem
1586 1400 1696 1455 Deo
1734 1402 1829 1472 qui
1884 1411 2058 1455 totum

494 1494 681 1550 orbem
723 1495 1001 1565 produxit.
1032 1492 1307 1548 Interdum
1340 1508 1470 1547 vero
1500 1508 1558 1547 se
1588 1492 1866 1547 Christum
1892 1492 2061 1561 signi-

494 1586 701 1651 ﬁcans,
747 1586 991 1641 Stantem
1036 1582 1289 1656 appella’t.
1343 1584 1588 1654 Eamque
1642 1586 2057 1655 appellationem

493 1678 796 1749 usurpavit,
844 1679 1002 1748 quasi
1039 1678 1134 1747 qui
1178 1694 1392 1749 semper
1433 1678 1769 1734 constiturus
1820 1678 1912 1743 sit,
1960 1694 2058 1733 nec

492 1768 689 1830 habeat
724 1767 1090 1837 corruptionis
1122 1782 1343 1822 causam
1373 1784 1479 1838 qua
1512 1782 1740 1837 corpore
1781 1769 2052 1823 concidat.

489 1856 599 1914 Nec
626 1871 754 1911 vero
784 1856 951 1912 Deum
985 1858 1171 1913 mundi
1196 1860 1557 1925 conditorem,
1587 1875 1900 1928 supremum
1933 1875 2056 1915 esse

489 1950 559 2005 ait
593 1967 605 2002 :
639 1965 738 2005 nec
770 1959 1014 2005 mortuos
1060 1952 1356 2021 aliquando
1406 1952 1705 2007 excitatum
1753 1952 1819 2004 iri
1854 1952 2048 2007 credit.

491 2040 918 2111 Hierosolymam
971 2050 1151 2111 negat,
1184 2050 1422 2095 montem
1462 2038 1798 2095 Garizimum
1849 2040 2055 2093 substi-

488 2134 612 2186 tuEt.
649 2130 754 2185 Pro
788 2146 914 2186 vere
942 2130 1162 2187 Christo
1194 2131 1304 2187 Deo
1334 2140 1548 2196 nostro,
1582 2131 1821 2199 seipsum
1856 2130 2052 2200 pracdi—

486 2236 592 2295 cal.
628 2223 843 2293 Legem,
879 2225 1093 2294 propria
1126 2224 1553 2294 praesumptione
1594 2224 1749 2277 aliter
1786 2224 2053 2293 interpreo

486 2326 663 2381 tatur;
688 2322 739 2368 et
757 2315 1025 2385 judicium
1058 2314 1175 2370 fore
1196 2314 1418 2385 quidem
1440 2306 1592 2380 dicit,
1617 2329 1804 2369 verum
1830 2327 1937 2367 non
1958 2328 2054 2367 ex-

486 2416 719 2479 spectat.

554 2498 745 2555 ﬁXVI.
772 2498 844 2555 Ut
885 2508 1068 2555 autem
1116 2498 1231 2567 ipse
1277 2496 1557 2567 religionis
1603 2496 1917 2563 opinionem
1963 2493 2051 2549 in-

480 2591 725 2657 vaderet,
785 2589 988 2646 factum
1038 2598 1123 2644 est
1175 2590 1270 2643 ita.
1305 2587 1544 2643 Joannes
1575 2589 1795 2658 quidam
1844 2587 2054 2642 exstitit

483 2680 577 2749 qui
625 2680 855 2746 singulis
900 2679 1092 2733 diebus
1139 2678 1477 2748 baptizaret:
1512 2688 1564 2731 et
1594 2678 2049 2747 quemadmodum

486 2772 716 2824 Domino
767 2770 989 2823 fuerunt
1044 2769 1335 2823 duodecim
1398 2768 1697 2837 discipuli,
1756 2768 2049 2822 duodecim

484 2862 752 2915 mensium
803 2861 935 2915 solis
988 2869 1236 2930 gerentes
1270 2875 1588 2924 numerum;
1636 2859 1716 2913 sic
1751 2860 1799 2913 ei
1832 2873 2050 2928 quoque

485 2951 705 3004 fuerunt
754 2952 972 3020 triginta
1020 2949 1121 3003 viri
1165 2950 1473 3018 principes,
1524 2960 1862 3005 menstruam
1908 2952 2050 3005 luna:

483 3044 746 3097 rationem
803 3042 1134 3111 implentes;
1185 3041 1327 3095 inter
1366 3057 1507 3111 quos
1536 3050 1589 3096 et
1638 3059 1747 3097 una
1800 3044 2047 3112 quaedam

2167 673 2335 734 ὅπως,
2368 672 2462 724 καὶ
2489 670 2579 723 διά
2597 672 2670 723 τί.

2235 762 2400 816 XXV.
2418 763 2596 833 Σίμων
2611 759 2702 816 οὗν
2716 764 2759 797 ⁸³
2790 762 2990 834 πατρὸς
3013 762 3111 833 μέν
3132 762 3277 815 ἐστιν
3301 760 3617 821 Ἀντωνίου,
3644 778 3751 830 μη-

2164 854 2289 926 τρὸς
2308 854 2364 907 δὲ
2403 854 2621 926 Ῥαχὴλν
2651 854 2935 925 Σαμαρεὺς
2948 853 3009 906 τὸ
3028 852 3180 921 γένος
3204 854 3272 916 ’⁸,
3305 851 3411 905 ἀπὸ
3447 850 3668 904 mea,»
3698 851 3746 884 τι

2164 948 2265 1017 τῆς
2329 944 2541 1017 κώμης,
2594 945 2654 999 οὐ
2714 945 2927 1017 μεῖον,ιῆ
2959 943 3197 1015 σχοίνους
3222 943 3279 1010 ἒξ
3307 943 3403 1013 τῆς
3430 942 3745 1013 Σαμαρέων

2164 1035 2369 1099 πόλεως
2417 1034 2743 1107 ἀπεχούσης.
2769 1030 2933 1097 Οὗτος
2983 1035 3040 1086 ὲν
3102 1032 3472 1104 Ἀλεξανδρείᾳ
3500 1035 3569 1103 τῇ
3601 1032 3746 1102 πρὸς

2163 1127 2432 1195 Αἴγυπτον
2474 1126 2729 1196 γεγονὼς,
2774 1125 3057 1197 Ἑλληνικῇ
3086 1143 3144 1177 τε
3176 1125 3392 1195 παιδείᾳ
3420 1124 3567 1177 πάνυ
3612 1124 3745 1176 ὲαυο

2162 1218 2250 1271 τὸν
2276 1219 2599 1290 ὲξασκήσας,
2638 1220 2732 1272 καὶ
2762 1222 2826 1290 τῇ
2862 1218 3020 1289 μάγῳ
3063 1218 3225 1289 τέχνῃ
3262 1216 3428 1270 πολλὰ
3454 1217 3741 1286 δυνηθεὶς,

2162 1312 2254 1363 καὶ
2281 1313 2359 1373 είς
2375 1311 2630 1364 ἀπόνοιαν
2661 1310 2939 1382 ἐπαρθεὶς,
2973 1308 3442 1379 θέλεινομίζεσθαί
3475 1325 3561 1370 τις
3593 1303 3741 1359 εἶναι

2160 1400 2383 1471 δύναμις
2426 1402 2683 1455 ἀνωτάτω
2713 1402 2793 1463 ⁷⁸,
2843 1401 2936 1453 καὶ
2983 1399 3145 1453 αὑτοῦ
3180 1401 3268 1452 τὸν
3300 1398 3502 1469 κόσμον
3550 1397 3742 1450 πάντα

2161 1496 2569 1567 παραγαγόντος
2615 1494 2767 1547 Θεοῦ.
2823 1494 3018 1547 Ἑνίοτε
3047 1493 3103 1546 δὲ
3135 1492 3231 1544 καὶ
3259 1490 3492 1571 Χρειτὸν
3534 1489 3740 1542 ἑαυτὸν

2160 1589 2525 1659 αἰνιττόμενος
2558 1586 2605 1619 ’³
2636 1587 3028 1659 προσαγορεύει
3065 1586 3161 1656 (8).
3194 1585 3302 1638 Καὶ
3328 1582 3501 1654 ταύτῃ
3550 1582 3619 1653 δὴ
3665 1586 3735 1653 τῇ

2161 1679 2497 1750 προσηγορίᾳ
2513 1679 2793 1749 κέχρηται,
2816 1678 2887 1741 ὡς
2909 1677 2971 1748 δὴ
3000 1674 3393 1745 συστησάμενος
3420 1690 3481 1725 τε
3503 1674 3616 1734 ἀεὶ,
3642 1676 3738 1725 καὶ

2159 1770 2364 1841 φθορᾶς
2392 1770 2591 1832 αἰτίαν,
2630 1769 2768 1822 ὥστε
2790 1771 2849 1822 τὸ
2878 1768 3034 1839 σῶμα
3071 1770 3277 1829 πεσεῖν,
3299 1766 3398 1818 οὑκ
3424 1765 3586 1834 ἔχων.
3618 1765 3736 1817 Καὶ

2158 1862 2277 1915 οὔτε
2309 1863 2438 1915 Θεὸν
2472 1863 2560 1916 τὸν
2588 1842 2845 1916 κτίσαντα
2883 1862 2971 1914 τὸν
3012 1862 3235 1931 κόσμον,
3267 1858 3540 1913 ἀνώτατον
3578 1859 3733 1925 λέγει

2157 1952 2322 2008 εἶναι·
2360 1954 2481 2008 οὔτε
2510 1956 2735 2026 νεκροὺς
2767 1954 3061 2025 ὲγηγέρθαι
3087 1954 3134 1986 ⁷⁸
3164 1952 3408 2006 πιστεύει
3433 1952 3588 2004 ποτέ.
3618 1952 3732 2022 Τὴν

2167 2045 2515 2117 Ἰερουσαλὴμ
2545 2046 2804 2117 ἀρνεῖται,
2836 2045 2895 2097 τὸ
2934 2043 3179 2115 Γαριζεὶν
3209 2044 3331 2115 ὅρος
3360 2043 3728 2113 ἀντεισφέρει.

2168 2137 2310 2189 Ἀντὶ
2329 2136 2422 2189 τοῦ
2449 2137 2617 2200 ὅντως
2645 2137 2878 2207 Χριστοῦ
2904 2136 2997 2189 τοῦ
3020 2135 3153 2189 Θεοῦ
3173 2134 3349 2206 ἡμῶν,
3380 2136 3572 2187 ἑαυτὸν
3595 2135 3730 2187 ἀνα-

2154 2228 2385 2300 γορεύει.
2419 2228 2500 2281 Τὰ
2541 2228 2597 2281 δὲ
2628 2204 2934 2298 τούίνόμου
2978 2228 3105 2289 ἴδια,
3155 2204 3452 2297 προσλήψει
3484 2227 3531 2257 ⁷⁸
3563 2225 3729 2295 ἀλλη-

2152 2323 2323 2391 γορεῖ,
2356 2321 2451 2373 καὶ
2484 2319 2662 2391 κρίσιν
2708 2320 2922 2373 ἔσεσθαι
2973 2320 3071 2389 μὲν
3117 2319 3283 2387 λέγει,
3333 2318 3396 2370 οὑ
3445 2318 3728 2388 προσδοκᾷ

2153 2411 2231 2464 δέ.

2222 2500 2409 2555 XXVI.
2446 2501 2519 2553 Τὸ
2542 2501 2597 2553 δὲ
2623 2500 2992 2571 παρεισελθεῖν
3023 2499 3181 2553 αὑτὸν
3206 2500 3303 2569 τῆς
3336 2500 3382 2531 ⁷⁸
3412 2498 3724 2562 θεοσεϐείας

2152 2584 2326 2654 λόγον,
2367 2587 2583 2654 γέγονεν
2610 2587 2798 2651 οὓτως.
2850 2587 3101 2657 Ἰωάννης
3142 2604 3226 2649 τις
3276 2588 3495 2654 ἐγένετο
3523 2590 3721 2659 ἡμερο-

2152 2676 2479 2747 6απτιστής·
2514 2680 2607 2731 καὶ
2642 2678 2831 2750 ὥσπερ
2867 2678 2944 2749 τῷ
2989 2678 3175 2749 Κυρίῳ
3205 2680 3459 2746 γεγόνασι
3511 2679 3721 2732 δώδεκα

2154 2768 2388 2840 μαθηταὶ
2402 2770 2491 2821 τὸν
2512 2769 2603 2821 τοῦ
2626 2770 2776 2839 ἡλίου
2799 2769 3173 2841 δωδεκάμηνον
3190 2770 3449 2840 φέροντες
3463 2768 3719 2839 ἀριθμὸν,

2150 2860 2289 2913 οὕτω
2318 2862 2409 2914 καὶ
2437 2861 2584 2930 αὐτῷ
2614 2861 2829 2932 ἕξαρχοι
2860 2861 3145 2929 γεγόνασιν
3175 2861 3368 2931 ἄνδρες
3400 2861 3717 2930 τριάκοντα,

2148 2949 2239 3001 τὸν
2262 2953 2509 3019 μηνιαίον
2532 2951 2626 3020 τῆς
2651 2950 2878 3020 σελήνης
2891 2951 3045 3019 λόγον
3071 2950 3537 3021 ἀποπληροῦντες,
3567 2953 3626 3003 ἐν
3641 2946 3718 3012 οἷς

2151 3042 2240 3093 καὶ
2264 3041 2359 3111 μία
2386 3059 2469 3104 τις
2495 3038 2560 3112 ἦν
2584 3044 2718 3113 γυνὴ
2736 3044 3040 3113 καλουμένη
3073 3043 3277 3113 Ἑλένη,
3297 3044 3381 3095 ἵνα
3405 3043 3542 3114 μηδὲ
3562 3042 3717 3095 τοῦτο

480 3147 601 3191 erat
623 3136 840 3199 mulier,
862 3144 1049 3191 vocata
1086 3133 1287 3197 Helena
1312 3153 1325 3199 ;
1360 3146 1419 3189 ιιι
1447 3151 1514 3190 ne
1550 3136 1653 3191 hoc
1683 3139 1901 3207 quidem
1924 3141 2048 3195 abs-

2156 3133 2568 3205 ἀνοικονόμητον
2715 3136 2921 3205 Ἤμισυ
2954 3134 3061 3205 γὰρ
3090 3135 3277 3205 ἀνδρὸς
3316 3131 3448 3187 οὖσα
3490 3137 3525 3203 ή
3558 3135 3713 3206 γυνὴ.

480 3245 586 3300 que
611 3228 1077 3300 praemeditatione
1116 3234 1279 3281 esset.
1307 3226 1444 3281 Cum
1486 3229 1631 3281 enim
1664 3230 1860 3284 mulier
1886 3231 2049 3284 dimi-

480 3325 628 3378 dium
661 3324 731 3378 sit
755 3323 879 3386 viri,
906 3320 1281 3392 imperfectum
1315 3320 1592 3374 tricenarii
1628 3323 1913 3377 constituit
1946 3340 2049 3377 uu-

480 3426 732 3475 merum;
792 3409 936 3465 sicut
985 3418 1038 3464 et
1085 3408 1141 3462 in
1199 3408 1351 3472 luna,
1412 3408 1571 3476 cujus
1641 3410 1889 3464 incessus
1939 3426 2045 3465 non

478 3503 780 3573 perfectum
825 3502 1025 3556 mensis
1076 3517 1301 3557 cursum
1354 3501 1592 3557 coniicit.
1632 3500 1803 3555 Porro
1850 3503 2043 3558 horum

476 3598 724 3667 triginta,
763 3594 961 3650 Joanni
1005 3595 1215 3665 primus
1254 3610 1319 3651 ac
1364 3594 1787 3666 probatissimus
1814 3607 1930 3651 erat
1959 3596 2047 3650 Si-

477 3707 627 3744 IIIUII.

548 3776 759 3833 XXVII.
789 3779 835 3810 ⁷⁷
862 3777 990 3833 Post
1020 3789 1252 3832 mortem
1290 3788 1469 3833 autem
1515 3777 1773 3844 Joannis,
1820 3782 2039 3847 Simon,

474 3880 751 3939 assumpta
785 3868 1008 3935 Helena,
1043 3869 1284 3935 oberrat,
1330 3870 1537 3938 plebem
1578 3872 1932 3935 conturbatis,
1963 3872 2042 3924 di-

474 3978 712 4032 censque
736 3976 853 4015 eam
887 3960 1145 4015 Helenam
1178 3959 1245 4013 de
1283 3961 1554 4030 supremis
1584 3963 1738 4015 ccelis
1780 3962 1834 4014 in
1869 3972 2041 4015 terras

472 4055 706 4107 delatam
732 4069 852 4107 esse
880 4072 892 4107 :
920 4053 1079 4121 cujus
1119 4053 1315 4117 gratia,
1363 4053 1560 4122 inquit,
1597 4052 1767 4107 Grmci
1811 4062 1864 4107 et
1915 4054 2041 4106 bar-

475 4146 589 4198 bari
616 4144 815 4198 bellum
846 4153 1150 4213 gesserunt,
1186 4145 1463 4214 imaginati
1496 4145 1729 4212 speciem
1760 4146 2033 4200 veritatis:

470 4244 522 4289 et
553 4236 719 4288 edens
750 4235 918 4287 multa
944 4235 1253 4303 prodigiosa
1287 4234 1547 4288 miracula
1573 4252 1586 4299 ;
1622 4234 1693 4287 ita
1728 4243 1785 4288 ut
1808 4236 1912 4289 nisi
1944 4250 2039 4289 co-

470 4326 853 4395 gnovissemus
906 4340 1031 4379 eum
1080 4326 1170 4379 illa
1218 4341 1314 4395 per
1368 4327 1599 4395 magiam
1653 4326 1885 4392 edicere,
1931 4326 2035 4396 ipsi

470 4430 688 4485 quoque
722 4413 1020 4469 fuissemus
1046 4416 1279 4485 decepti.
1305 4413 1461 4469 Nunc
1487 4429 1667 4470 autem
1694 4418 1914 4486 quando
1943 4433 2036 4472 ve—

2150 3223 2314 3293 ἀτελῆ
2341 3224 2431 3276 τὸν
2460 3225 2557 3293 τῆς
2580 3225 2960 3296 τριακοντάδος
2993 3224 3203 3295 τίθησιν
3228 3226 3458 3297 ἀριθμόν
3476 3242 3489 3254 ·
3530 3224 3717 3295 ὥσπερ

2148 3315 2253 3385 ἄρα
2291 3316 2383 3369 καὶ¹
2411 3318 2511 3387 τῆς
2540 3318 2788 3387 σελήνης,
2832 3314 2897 3386 ἦς
2925 3320 2956 3387 η
2986 3316 3177 3389 πορεία
3219 3316 3311 3369 τοῦ
3349 3317 3518 3387 μηνὸς
3540 3317 3600 3369 οὐ
3630 3316 3716 3370 τά·

2146 3404 2285 3458 λειον
2318 3410 2547 3459 ποιεῖται
2579 3407 2667 3459 τὸν
2697 3407 2912 3479 δρόμον.
2945 3408 3157 3461 Τούτων
3194 3408 3251 3461 δὲ
3273 3408 3379 3461 τῶν
3400 3408 3711 3479 τριάκοντα,

2146 3497 2223 3567 τῷ
2264 3498 2481 3569 Ἰωάννῃ
2508 3498 2721 3569 πρῶτος
2752 3500 2841 3552 καὶ
2863 3497 3230 3571 δοκιμώτατος
3258 3496 3325 3571 ἧν
3342 3501 3369 3553 ὁ
3403 3501 3606 3571 Σίμων.

2224 3776 2436 3831 XXVII.
2503 3779 2655 3832 Μετὰ
2698 3780 2753 3833 δὲ
2810 3781 2908 3851 τὴν
2954 3782 3205 3855 τελευτὴν
3272 3785 3559 3848 Ἰωάννου,
3616 3788 3713 3859 τὴν

2156 3867 2367 3937 Ἑλένην
2382 3871 2409 3920 ὁ
2426 3870 2605 3939 Σίμων
2625 3871 2971 3941 παραλαϐὼν,
2994 3874 3356 3945 περιέρχεται,
3378 3878 3506 3938 τοὺς
3524 3877 3713 3946 ἤχλους

2140 3958 2474 4023 ἁναστατών,
2528 3962 2697 4032 αὑτήν
2740 3979 2798 4015 τε
2841 3964 2939 4034 τὴν
2979 3964 3192 4035 Ἑλένην
3244 3966 3416 4034 λέγων
3456 3969 3567 4021 ἀπὸ
3604 3971 3711 4020 τίν

2139 4050 2395 4103 ἀνωτάτω
2422 4052 2663 4122 οὐρανῶν
2695 4055 3076 4125 κατενεχθῆναι
3103 4056 3179 4125 τῷ
3215 4058 3430 4127 κόσμῳ·
3459 4054 3529 4129 ἧς
3551 4060 3713 4111 ἕνεκα

2141 4140 2397 4211 Ἕλληνές
2417 4160 2498 4206 τε,
2537 4146 2688 4213 φησὶ,
2717 4146 2809 4197 καὶ
2848 4145 3111 4217 βάρϐαροι
3134 4149 3486 4217 ἐμαχέσαντο,
3531 4146 3709 4203 εἰκόνα

2138 4233 2528 4299 φαντασθέντες
2555 4234 2837 4303 ἀληθείας’
2868 4238 2961 4289 καὶ
2991 4237 3156 4290 πολλά
3189 4238 3466 4309 τερατώδη
3500 4240 3711 4311 θαυμά··

2138 4337 2228 4373 σια
2249 4323 2437 4385 ποιῶν,
2469 4324 2543 4385 ὡς
2570 4326 2617 4376 εί
2647 4324 2720 4393 μὴ
2756 4323 2973 4394 ᾔδειμεν
2996 4327 3076 4379 ὅτι
3111 4328 3309 4398 μαγείᾳ
3338 4330 3511 4382 ταῦτα
3545 4333 3705 4391 ποιεῖ,

2137 4416 2496 4485 ἡπατήθημεν
2524 4416 2588 4469 ἂν
2624 4419 2715 4469 καὶ
2756 4420 2929 4471 αὐτοί.
2962 4420 3071 4471 Νῦν
3103 4420 3159 4472 δὲ
3195 4422 3281 4473 ὅτε
3323 4421 3639 4493 πολυμανὴς
3662 4423 3707 4455 ⁷³

469 4524 638 4563 sanus
670 4508 758 4562 ille
789 4508 959 4563 voluit
995 4508 1159 4562 etiam
1198 4508 1479 4577 imponere
1530 4510 1846 4565 hominibus
1900 4512 2032 4566 reli-

2156 4511 2346 4578 ιπατᾷν
2382 4510 2538 4579 ἤθελε
2575 4512 2667 4562 καὶ
2704 4512 2829 4574 τοὺς
2851 4513 2907 4563 ἐν
2938 4512 3235 4583 θεοσεϐείᾳ,
3266 4489 3705 4584 ἀπέστημεν-ἀπ’

468 4601 655 4669 g‘iosis,
683 4600 752 4652 ab
779 4614 845 4653 eo
868 4600 1216 4653 secessimus.
1246 4598 1457 4652 Etenim
1489 4601 1632 4655 caade
1654 4617 1711 4654 se
1748 4602 2033 4671 inquinare

468 4701 740 4761 cmpcrat;
773 4691 915 4745 sicut
942 4692 1097 4745 nobis
1120 4692 1300 4745 adhuc
1323 4691 1515 4746 amicis
1545 4692 1691 4746 velut
1713 4695 1922 4749 amicus
1947 4710 2036 4764 pa-

469 4779 689 4844 tefecit;
722 4779 867 4848 quod
889 4795 1013 4834 cum
1047 4780 1201 4849 pueri
1239 4780 1477 4834 animam
1510 4796 1540 4833 a
1569 4797 1671 4835 suo
1694 4798 1918 4852 corpore
1949 4799 2033 4838 se-

467 4878 739 4941 parasset,
763 4868 1001 4925 infandis
1025 4871 1352 4940 quibusdam
1380 4871 1771 4939 adjuramentis
1795 4874 2031 4929 futuram

468 4959 793 5031 adiutricem
824 4960 892 5015 ad
919 4975 1108 5015 eorum
1136 4976 1257 5031 qua:
1284 4960 1398 5031 ipse
1421 4962 1581 5016 vellet
1601 4965 2034 5031 repraesentatio-

2136 4600 2318 4652 αὐτοῦ.
2342 4601 2447 4653 Καὶ
2470 4601 2576 4672 γὰρ
2601 4606 2897 4672 μιαιφονεῖν
2916 4601 3136 4673 ἡρξατο,
3158 4604 3233 4667 ὡς
3252 4605 3411 4667 αὐτὸς
3441 4605 3520 4658 ἔτι
3534 4607 3703 4674 φίλοις

2137 4694 2285 4748 οὖσιν
2316 4697 2445 4766 ἡμῖν
2470 4693 2555 4751 οἷα
2590 4698 2739 4765 φίλος
2759 4698 3036 4767 ἐξέφανεν,
3062 4702 3143 4753 ὅτι
3170 4701 3377 4753 παιδίου
3403 4703 3581 4774 ψυχὴν
3610 4704 3699 4756 τοῦ

2140 4783 2269 4835 ίδίου
2303 4784 2819 4856 σώματοςχωρίσας,
2847 4787 3180 4858 ἀπορρήτοις
3211 4789 3391 4858 ὅρκοις
3415 4790 3548 4849 τισὶ,
3580 4808 3699 4842 συν-

2138 4878 2297 4946 εργὸν
2335 4879 2469 4948 πρὸς
2491 4880 2588 4949 τὴν
2621 4879 2727 4931 τῶν
2753 4878 2899 4949 αύτῷ
2930 4880 3227 4934 δοκούντων
3257 4884 3581 4950 φαντασίαν,
3610 4885 3697 4936 τὸν

2138 4967 2303 5020 παῖδα
2314 4968 2615 5040 διαγράψας
2626 4970 3406 5045 ὲπ“ιείκόνος,ἐντινιὲνδοτέρῳ
3418 4974 3694 5045 οἵκ‹;›,καθ’

1729 5104 1961 5156 νΑιιιίΕ
2002 5105 2403 5164 LECTIONES.

506 5193 552 5225 “’
577 5191 828 5247 Clement.
859 5190 1029 5243 lmmr
1053 5208 1111 5251 ιι,
1141 5206 1241 5256 cap
1301 5188 1385 5260 18,
1414 5188 1503 5253 2|,
1530 5198 1656 5260 etc,
1734 5190 1777 5221 ⁶⁹
1804 5189 1954 5260 Σίμω

435 5263 605 5327 ἔθνος.
705 5262 749 5295 ⁷⁸
779 5263 848 5315 al.
880 5261 1101 5333 Γητθῶν
1132 5270 1185 5333 et
1207 5257 1445 5329 Γητθών.
1486 5332 1493 5333 7
1540 5261 1584 5333 ⁷1
1612 5259 1682 5333 31.
1714 5257 1987 5333 άνωτάτη.

434 5335 483 5367 ⁷⁸
511 5335 583 5390 al.
612 5334 719 5405 ἰδία
742 5333 956 5405 προλήψ

434 5405 481 5437 ⁷⁸
512 5406 584 5461 al.
616 5399 750 5459 πολὺ
785 5399 975 5477 μανεὶς
1003 5413 1055 5459 et
1078 5399 1426 5472 πολυμανείς.

1958 5208 1983 5240 ν
2015 5184 2127 5242 οὖν.
2156 5189 2225 5242 al.
2256 5189 2435 5256 Σίμων
2463 5180 2634 5256 οὗτος,
2662 5193 2721 5238 ut
2752 5184 3062 5256 Clementi".
3096 5202 3155 5245 ιι,
3187 5184 3278 5237 2‘2.
3309 5183 3448 5256 Cor.

2086 5260 2133 5290 ⁷³
2166 5260 2236 5313 al.
2275 5254 2526 5311 Clement.
2564 5254 2731 5311 inser.
2764 5254 2994 5308 ἑστῶτα.

960 5351 1006 5385 ει
1040 5344 1095 5387 ut
1122 5325 1376 5402 Clement.
1451 5332 1497 5363 ⁷⁸
1529 5332 1600 5386 al.
1629 5331 1708 5394 είς
1732 5332 1824 5384 τὸν
1854 5325 1973 5402 τῆςζ
2047 5330 2091 5363 ⁷⁷
2120 5328 2375 5383 Clement.
2412 5330 2557 5381 hom.
2597 5341 2658 5391 ιι,
2696 5341 2745 5381 c.
2779 5326 2869 5379 25.
2910 5325 3174 5396 Recognit.
3212 5326 3245 5378 Ι.
3282 5342 3342 5389 ιι,
3368 5342 3417 5380 c.
3458 5325 3543 5387 12,
3592 5338 3693 5383 etc.

3544 5185 3593 5217 το

3099 5202 3155 5245 ιι,
3187 5186 3278 5237 2‘2.
3309 5186 3448 5239 Cor.
3544 5186 3593 5217 ὀ
3628 5186 3695 5242 al.

3099 5258 3143 5285 τί
3169 5256 3236 5307 al.
3280 5255 3692 5325 ἐγερθήσεσθαι.

1736 5507 2096 5564 VARIORUM
2127 5508 2357 5564 ΝΟΤᾹΞ.

556 5634 629 5700 (8)
658 5634 911 5701 Χριστὸν
932 5633 1145 5686 ἑαυτὸν
1165 5634 1564 5700 αἰνιττόμενος
1590 5636 2030 5698 προσαγορεύει.

2141 5644 2435 5703 postulant.
2480 5635 2560 5703 An
2594 5645 2781 5685 vocem
2816 5630 3223 5703 non‘intellexit
3258 5632 3651 5703 metaplu-astea
3675 5644 3699 5692 τ

485 5704 679 5757 Mirum
701 5700 768 5756 fin
802 5704 949 5755 nullo
973 5704 1267 5772 exemplari
1310 5712 1433 5755 ante
1460 5700 1855 5772 προσαγορεύει
1908 5702 2033 5769 poni
2142 5700 2272 5757 Vide
2298 5720 2395 5757 uos
2427 5703 2492 5757 ad
2525 5702 2791 5771 Recognit.
2822 5702 2857 5756 Ι.
2884 5717 3053 5755 Lxxu.
3085 5700 3221 5757 Cor.

485 5774 714 5835 ἑστῶτα,
744 5774 886 5842 quod
919 5782 972 5827 et
1019 5770 1344 5830 Clemenlina
1385 5770 1603 5827 habent.
1650 5770 1715 5824 et,
1752 5772 2031 5828 sequentia
