3834 6220
151 340 265 401 493

952 340 1419 396 CLEMENTINA.
1458 368 1529 379 -
1566 328 1865 393 ΕΡΙΤΟΜΕ
1904 329 1991 390 DE
2027 332 2271 392 GESTIS
2306 332 2363 388 S.
2402 330 2627 388 PETRI.

3298 333 3402 389 891.

147 469 212 522 δν
228 467 393 531 αὐτὸς
412 457 590 529 ὑπνοῖ,
616 452 1201 534 ἀνατεθειμένηνῐχει.
1229 456 1341 534 A_tb,
1363 455 1622 511 ἀσέϐειαν
1639 455 1729 509 αύ-

1841 468 2000 519 nem;
2023 467 2194 523 puero
2215 452 2268 506 in
2298 450 2537 521 imagine
2565 449 2861 514 dclineato,
2895 461 3271 507 consecratam
3306 454 3403 509 ha-

148 555 249 612 τοΰ
277 556 663 626 καταγνόντες,
690 532 1013 624 ἀπέστῆμεν
1026 551 1125 605 ἀπ’
1157 532 1343 604 αὑτῗυ.

218 814 316 874 XX
328 816 464 872 VIII.
501 815 686 871 Ταῦτα
705 813 802 870 τοῦ
836 814 1035 868 Ἀκύλα
1063 813 1326 877 εἰπόντος,
1348 812 1378 865 ό
1394 810 1620 882 ἀδελφὸς
1643 811 1735 866 air-

143 912 242 967 τοῦ
290 912 563 982 Νικήτης
620 910 960 977 Ἀναγκαῖον,
1002 906 1197 976 ἀδελφέ
1226 905 1345 977 Κλή
1355 923 1452 977 μη,
1492 904 1619 975 ἔφη,
1662 903 1732 957 τά

148 1000 592 1075 παραλειφθέντα
629 999 708 1072 τῷ
747 999 946 1071 Ἀκύλᾳ
988 999 1088 1070 ἐμέ
1131 998 1463 1069 ὑπομνῆσαι.
1507 997 1731 1069 Πρῶτον

148 1096 251 1165 μὲν
275 1096 393 1166 γάρ
409 1095 440 1147 ὁ
467 1092 598 1157 Θεὸς
627 1092 855 1164 μάρτυς,
882 1092 958 1155 ὡς
979 1091 1129 1145 οὐδὲν
1150 1090 1312 1145 αὑτοῦ
1332 1092 1494 1162 ἡμεῖς
1523 1106 1733 1161 συνειρ-

143 1185 442 1256 γασάμεθα
464 1183 676 1247 ἀσεϐὲς,
709 1182 822 1236 ἀλλ’
849 1182 931 1235 ὅτι
955 1179 1120 1235 αὑτοῦ
1151 1180 1490 1253 πράσσοντος
1512 1178 1732 1250 ἱστορή-

145 1296 347 1350 σαμεν.
387 1278 498 1333 Kal
540 1276 734 1349 μέχρις
774 1277 863 1330 ὅτε
895 1274 1108 1345 ἀϐλαϐῆ
1153 1274 1320 1327 ποιῶν
1351 1266 1728 1336 ἐπεδείκνυτο,

141 1365 526 1441 ἐτερπὸμεθα·
553 1370 642 1422 ὅτε
667 1367 726 1422 δὲ
756 1366 825 1421 τὰ
843 1361 1045 1438 μαγείᾳ
1076 1362 1183 1420 τινὶ
1213 1358 1490 1437 γινόμενα,
1519 1358 1730 1435 θεότητι

141 1464 326 1515 ποιεῖν
360 1461 500 1533 πρὸς
523 1460 743 1531 ἀπάτην
779 1457 1047 1514 θεοσεϐῶν
1080 1458 1287 1527 ἔλεγεν,
1323 1456 1425 1511 οὑκ
1456 1457 1537 1509 ἔτι
1565 1455 1729 1510 αὑτοῦ

140 1551 531 1623 ἠνεσχόμεθα,
590 1535 769 1605 καίτοι
815 1543 989 1603 πολλὰ
1041 1546 1171 1619 ἡμῖν
1224 1545 1725 1618 ἐπαγγελλομένου·

139 1641 365 1713 πρῶτον
392 1641 492 1712 μὲν
535 1641 663 1697 ναὸν
706 1636 801 1694 xal
838 1637 1165 1712 ἀνδριάντας
1196 1638 1353 1710 ἡμῶν
1380 1653 1727 1692 κατασκευα-

140 1732 367 1803 σθῆναι,
400 1732 495 1787 καὶ
525 1732 680 1795 θεοὺς
700 1731 1022 1803 νομισθῆναι
1055 1730 1124 1797 ⁸⁸,
1152 1731 1247 1785 καὶ
1271 1730 1376 1785 ὑπὸ
1398 1728 1662 1801 βασιλέων
1683 1729 1727 1761 ⁸¹

136 1798 494 1894 δοξασθῆναι,
522 1824 616 1877 καὶ
647 1798 931 1894 δημοσίων
960 1821 1136 1895 τιμῶν
1174 1798 1601 1893 καταξιωθῆναι,
1636 1815 1732 1876 xal
1762 1798 1803 1854 Β

137 1916 426 1987 χρήμασιν
451 1911 854 1999 ἀπεριορίστοις
880 1912 1204 1983 πλουτῆσαι.

213 2106 414 2162 XXIX.
444 2106 629 2161 Ταῦτά
662 2124 722 2160 τε
750 2105 844 2161 καὶ
872 2105 943 2159 τὰ
965 2105 1173 2169 τούτοις
1200 2106 1421 2177 μείζονα
1452 2106 1737 2177 νομιζόμε-

138 2217 229 2263 να,
268 2200 407 2270 ἡμῖν
450 2198 739 2269 ὑπέσχετο,
780 2198 941 2269 μόνον
980 2198 1068 2252 ἵνα
1104 2178 1354 2261 συνόντᾶ
1378 2198 1527 2269 αὑτῷ
1549 2194 1612 2252 τὸ
1634 2198 1734 2270 τῆς

138 2292 516 2363 ἐγχειρήσεως
563 2289 733 2345 κακὸν
782 2290 1093 2361 σιωπῶμεν,
1144 2291 1295 2355 ὅπως
1337 2290 1487 2362 αὑτῷ
1520 2290 1590 2344 τά
1632 2284 1734 2361 τῆς

138 2382 367 2451 ἀπάτης
413 2380 718 2453 προκόπτῃ.
764 2376 875 2433 Kal
919 2380 1067 2449 ὅμως
1102 2380 1163 2432 οὑ
1197 2379 1557 2451 συνεθέμεθα⁸
1598 2379 1733 2433 ἀλλὰ

139 2472 240 2526 καὶ
273 2470 442 2524 αὑτὸν
465 2470 567 2539 τῆς
590 2468 846 2539 τοιαύτης
869 2468 1127 2532 ἀπονοίας
1152 2468 1463 2523 παύσασθαι
1488 2468 1734 2522 συνεϐου-

135 2563 441 2633 λεύσαμεν,
475 2562 723 2631 λέγοντες
743 2559 893 2632 αὑτῷ
911 2576 925 2591 ⁸
964 2560 1179 2615 Παῦσαι
1204 2560 1304 2630 τῆς
1327 2560 1583 2631 τοιαύτης
1606 2557 1729 2614 τόλ-

142 2668 255 2727 μης
272 2671 287 2685 ο
315 2652 453 2718 Θεὸς
468 2649 608 2707 εἶναι
626 2653 689 2706 οὑ
704 2651 948 2707 δύνασαιο
976 2651 1242 2724 φοϐήθητι
1267 2650 1359 2707 τὸν
1382 2651 1553 2715 ὅντως
1572 2650 1728 2704 Θεόν*

138 2747 316 2818 γνῶθι
350 2747 433 2800 ὅτι
456 2746 745 2818 ἀνθρωπος
767 2741 838 2811 εἴ,
859 2746 954 2799 καὶ
966 2746 1046 2799 ὅτι
1071 2758 1165 2799 σου
1193 2741 1389 2816 μικρός
1416 2746 1566 2797 ἐστιν
1585 2746 1613 2798 ό
1629 2744 1732 2814 τῆς

139 2838 292 2911 ζωῆς
317 2837 531 2909 χρόνος.
552 2836 670 2891 Κᾶν
691 2836 833 2908 μέγα
854 2834 1181 2909 πλουτήσῃς,
1197 2835 1234 2906 ἢ
1259 2835 1354 2889 καὶ
1387 2833 1728 2908 βασιλεύσῃς,

136 2930 221 3000 τῷ
251 2928 441 3001 μικρῷ
468 2946 562 2983 σου
593 2928 768 3000 χρόνῳ
797 2929 900 2999 τῆς
931 2927 1075 2998 ζωῆς
1100 2926 1256 2996 ὀλίγα
1291 2927 1550 2996 τυγχάνει
1596 2924 1732 2996 πρὸς

139 3022 482 3077 ἀπόλαυσιν·
517 3022 614 3075 xa‘t
644 3019 857 3083 ἀσεϐῶς
881 3020 1123 3092 ζήσαντα
1149 3019 1344 3072 αίωνία
1385 3019 1607 3083 κόλασις
1634 3036 1731 3071 πε-

142 3110 379 3183 ριμένει.
416 3109 509 3183 Διὸ
544 3109 827 3180 φοϐεῖσθαι
867 3110 913 3142 ⁸³
954 3107 1046 3164 τὸν
1085 3108 1216 3163 Θεὸν
1252 3109 1726 3181 συμϐουλεύομεν,

140 3176 234 3272 ὑςί⁹
254 3196 317 3255 οὗ
344 3176 601 3273 κριθῆναι
616 3199 729 3271 ἔχει
749 3202 784 3271 ἡ
808 3198 1040 3253 ἑκάστου
1060 3199 1209 3271 ψυχὴ
1242 3176 1369 3269 περὶ
1395 3192 1470 3253 ὧν
1495 3176 1729 3271 ἔπραξεν

141 3292 405 3347 ἐνταῦθα.

212 3383 386 3437 XXX.
444 3384 502 3437 '0
539 3384 597 3438 δὲ
627 3383 801 3437 ταῦτα
829 3383 1091 3447 ἀκούσας,
1133 3383 1409 3452 ἐγέλασεν.
1454 3381 1641 3454 Ἦμῶν
1672 3384 1730 3438 δέ

140 3476 411 3530 εἰπόντων
431 3492 445 3506 ο
469 3476 534 3527 Τί
561 3475 670 3528 τῶν
696 3475 743 3507 ⁸³
763 3474 832 3529 τά
860 3491 944 3527 σοι
970 3475 1319 3546 συμφέροντα
1346 3472 1733 3545 συμϐουλευόνι

140 3585 254 3621 των
278 3566 621 3637 καταγελᾷς;
678 3567 884 3630 ἐκεῖνος
901 3577 917 3598 ⁶
958 3565 1107 3618 Γελῶ
1134 3565 1308 3638 ὑμῶν,
1337 3565 1461 3636 ἔφη,
1494 3565 1593 3637 τὴν
1620 3584 1732 3637 μω-

146 3660 249 3731 ράν
277 3658 567 3728 ὑπόληψιν,
597 3658 679 3711 ὅτι
717 3658 1004 3711 πιστεύετε
1037 3657 1302 3712 ἀθάνατον
1330 3653 1471 3711 εἶναι
1513 3658 1610 3730 τὴν
1636 3658 1729 3711 τοῦ

140 3749 441 3821 ἀνθρώπου
483 3749 681 3821 ψυχήν.
728 3749 901 3818 Κάγὼ
943 3750 1108 3819 ἔφην’
1154 3750 1229 3803 Οὑ
1275 3748 1645 3821 θαυμάζομεν,
1686 3744 1731 3803 ὦ

142 3841 349 3911 Σίμων,
416 3842 465 3894 εί
507 3841 724 3911 ἀπατᾷν
763 3840 910 3911 ἡμᾶς
950 3834 1268 3911 ἐπιχειρεῖς,
1300 3840 1413 3893 ἀλλ’
1436 3838 1731 3911 ἐκπληττό-

144 3932 291 4002 μεθα
318 3931 483 3986 “civ:
502 3928 647 4002 λόγῳ
667 3932 763 3985 καὶ
779 3928 1005 3984 σεαυτὸν
1031 3931 1266 4001 ἀπατᾷς.
1296 3924 1434 3999 Λέγε
1452 3925 1544 3983 οὖν
1574 3932 1726 4001 ἡμῖν,

140 4016 189 4076 ὧ
216 4022 432 4094 Σίμων,
460 4024 509 4075 εί
543 4024 638 4077 καὶ
666 4022 776 4075 τῶν
816 4022 989 4077 ἄλλων
1029 4020 1206 4084 οὐδεὶς
1247 4022 1730 4094 πεπληροφόρηται

143 4113 419 4168 ἀθάνατον
450 4109 588 4168 εἶναι
611 4112 711 4185 τὴν
734 4112 930 4185 ψυχὴν,
968 4112 1081 4165 ἀλλ’
1104 4107 1198 4165 οὖν
1221 4128 1284 4180 γε
1318 4114 1383 4166 σὺ
1411 4113 1507 4166 καὶ
1533 4114 1726 4184 ήμεῖς;

145 4208 215 4261 σὺ
253 4206 375 4276 μὲν,
402 4205 476 4268 ὡς
501 4204 843 4276 ἀνθρωπείου
879 4204 1128 4275 σώματος
1159 4204 1399 4276 χωρίσας
1423 4205 1614 4277 αὑτὴν,
1637 4206 1730 4259 καὶ

144 4294 561 4368 προσομιλήσας
584 4296 679 4350 καὶ
702 4295 965 4362 ἐπιτάξας
987 4313 1000 4327 ο
1033 4297 1191 4367 ἡμεῖς
1215 4296 1293 4359 δὲ,
1320 4296 1395 4360 ὡς
1412 4297 1728 4368 συμπαρόν-

144 4403 260 4450 τες,
296 4386 391 4440 καὶ
412 4386 510 4457 τήν
538 4386 805 4457 ἐπιταγὴν
828 4386 1181 4451 ἀκούσαντες,
1204 4388 1299 4440 καὶ
1324 4386 1383 4440 τὸ
1404 4387 1656 4441 κελευθὲν
1681 4388 1729 4422 ⁸⁸

1834 545 1984 599 heret
2003 544 2295 614 imaginem
2314 543 2370 597 in
2390 540 2629 613 quadam
2650 540 2896 597 interimi
2919 541 3055 609 aede,
3072 543 3124 597 in
3148 559 3256 614 qua
3286 544 3405 615 ipse

1832 644 2049 705 caperet
2079 649 2360 691 somnum.
2389 631 2757 703 Quapropter,
2786 633 3045 688 damnata
3070 632 3191 704 ejus
3212 632 3405 704 impie-

1834 735 1959 789 tate,
1992 724 2357 780 abseessimus
2384 724 2453 779 ab
2471 737 2558 778 eo.

1904 814 2142 871 XXVIII.
2173 816 2218 849 "
2246 814 2373 871 Haec
2411 831 2537 871 cum
2576 814 2777 885 Aquila
2804 814 3054 880 dixisset,
3081 813 3251 871 frater
3282 815 3403 886 ejus

1831 907 2051 964 Nicetas
2074 926 2090 963 :
2114 905 2347 964 Necesse
2372 915 2475 970 est,
2503 905 2669 960 frater
2683 904 2958 973 Clemens,
2983 906 3182 977 inquit,
3218 922 3281 963 ea
3315 921 3405 962 me

1832 1014 2287 1067 commemorare,
2316 1014 2437 1070 quae
2469 998 2540 1053 ab
2590 998 2786 1069 Aquila
2830 1000 3197 1069 praetermissa
3248 1008 3398 1055 sunt.

1832 1090 2075 1146 Primum
2105 1090 2355 1160 equidem
2385 1088 2528 1146 Deus
2556 1088 2710 1145 testis
2726 1097 2830 1155 est,
2855 1104 2957 1145 nos
2984 1090 3036 1143 in
3060 1089 3212 1145 nullo
3238 1102 3404 1161 opere

1833 1183 2003 1254 impio
2032 1182 2308 1253 adjuvisse
2332 1196 2493 1247 eum;
2519 1180 2614 1237 sed
2645 1180 2737 1235 illo
2763 1178 3015 1246 faciente,
3040 1188 3251 1235 tantum
3280 1194 3406 1250 spe-

1832 1284 2028 1331 ctasse.
2056 1273 2122 1329 Et
2142 1274 2385 1345 quandiu
2412 1288 2579 1343 opera
2602 1273 2825 1330 innoxia
2856 1274 3070 1341 edebat,
3095 1273 3405 1329 delectaba—

1832 1384 1956 1423 mur
1982 1385 1996 1422 :
2028 1367 2249 1438 quando
2279 1375 2462 1421 autem
2507 1381 2629 1436 quae
2667 1381 2765 1437 per
2792 1368 3023 1437 magiam
3056 1366 3277 1431 ﬁebant,
3306 1380 3403 1435 per

1832 1457 2172 1513 divinitatem
2204 1472 2264 1513 se
2286 1455 2486 1524 facere,
2512 1458 2579 1513 ad
2597 1458 2717 1528 pios
2748 1458 3000 1514 homines
3029 1457 3400 1527 decipiendos,

1830 1549 1988 1615 dixit,
2010 1565 2120 1605 non
2136 1550 2372 1618 amplius
2394 1565 2519 1604 eum
2548 1549 2696 1619 passi
2729 1564 2943 1616 sumus,
2959 1550 3212 1620 quamvis
3233 1550 3403 1607 multa

1833 1641 1990 1698 nobis
2029 1641 2406 1712 promitteret;
2460 1642 2700 1711 primum
2732 1641 2979 1712 quidem,
3012 1639 3131 1695 fore
3175 1648 3237 1696 ut
3258 1648 3400 1695 tem-

1832 1733 1980 1803 plum
2022 1743 2078 1789 et
2107 1742 2300 1790 statua:
2325 1735 2487 1791 nobis
2524 1741 2959 1798 exstruerentur,
3004 1731 3190 1803 diique
3215 1732 3407 1790 existi-

1835 1817 2153 1895 maremur;
2204 1828 2332 1882 item
2365 1843 2397 1882 a
2434 1826 2657 1898 regibus
2708 1827 3185 1897 magnilicareruur
3239 1836 3406 1895 atque

1832 1921 2165 1976 donaremur
2202 1920 2438 1989 publicis
2466 1920 2796 1986 honoribus;
2830 1935 2928 1977 nec
2973 1937 3082 1976 non
3115 1920 3324 1976 inﬁnita
3351 1918 3403 1973 vi

1833 2013 2077 2082 pecuniae
2105 2013 2520 2069 ditesceremus.

1902 2102 2095 2159 XXIX.
2137 2101 2286 2171 Haec,
2310 2113 2367 2160 et
2391 2104 2498 2159 alia
2543 2120 2667 2175 quae
2693 2114 2956 2175 putantur
2982 2104 3211 2177 majora,
3243 2107 3405 2165 nobis

1832 2196 2214 2266 pollicebatur,
2232 2198 2397 2253 modo
2422 2207 2483 2253 ut
2508 2213 2634 2254 cum
2657 2213 2724 2253 eo
2750 2200 3018 2264 viventes,
3040 2214 3266 2269 pravum
3284 2202 3405 2272 ejus

1834 2288 2096 2343 molimen
2128 2299 2459 2352 taceremus,
2490 2304 2600 2358 quo
2620 2288 2775 2344 fraus
2810 2291 2858 2343 ei
2887 2292 3224 2348 succederet.
3250 2292 3406 2349 Attae

1834 2396 1958 2435 men
1989 2381 2200 2436 assensi
2236 2397 2342 2435 non
2382 2397 2577 2437 sumus
2604 2400 2617 2436 :
2651 2382 2904 2452 quinimo
2930 2383 3221 2438 consilium
3253 2384 3408 2441 dedi-

1834 2488 1978 2537 mus,
2005 2480 2065 2527 ut
2099 2473 2169 2527 ab
2210 2472 2312 2527 ista
2348 2472 2604 2528 vecordia
2652 2473 2975 2540 desisteret;
3017 2475 3261 2534 dicentes
3288 2478 3338 2533 ei
3384 2490 3399 2531 ι

1832 2563 2002 2621 Cessa
2027 2563 2097 2619 ab
2124 2563 2444 2633 hujusmodi
2464 2563 2660 2618 audaci
2688 2562 2954 2621 facinore.
2976 2560 3121 2622 Deus
3149 2581 3270 2624 esse
3291 2583 3402 2624 non

1831 2662 1990 2725 potes
2025 2676 2040 2712 :
2081 2656 2215 2711 time
2246 2671 2370 2710 eum
2398 2654 2491 2724 q‘ni
2522 2669 2652 2711 vere
2700 2653 2845 2711 Deus
2881 2665 2998 2724 est;
3031 2673 3303 2729 cognosce
3355 2669 3407 2716 te

1830 2760 1955 2802 esse
2003 2745 2316 2814 hominem,
2362 2746 2633 2814 breveque
2670 2760 2795 2803 esse
2833 2755 3049 2818 tempus
3099 2749 3221 2804 vitae
3274 2759 3403 2805 tum.

1832 2836 2161 2907 Quanquam
2200 2838 2494 2893 admodum
2522 2838 2793 2909 locuples,
2817 2838 2901 2893 vel
2943 2840 3112 2895 etiam
3154 2856 3250 2897 rex
3279 2856 3409 2897 eva-
3513 2883 3517 2887 ν

1834 2930 1975 2985 seris
2004 2971 2019 2995 ,
2053 2930 2251 2999 exiguo
2300 2928 2426 2983 vita:
2456 2939 2563 2983 tua:
2591 2928 2770 2998 spatio
2810 2944 2979 2997 pauca
3031 2940 3160 2988 sunt
3205 2932 3405 3002 quibus

1836 3019 2079 3074 frueris:
2122 3027 2177 3076 et
2225 3019 2496 3075 viventem
2524 3019 2711 3090 impie,
2743 3029 2945 3077 attenta
2990 3037 3154 3092 pcena
3200 3033 3406 3082 manet.

1836 3116 2017 3181 Quare
2039 3120 2291 3168 auctores
2317 3127 2533 3180 sumus,
2575 3112 2744 3167 Deum
2775 3114 3039 3179 verearis,
3072 3132 3103 3171 a
3130 3132 3241 3187 quo
3258 3117 3407 3189 judio

1835 3206 1944 3261 cari
1994 3205 2153 3260 debet
2195 3203 2633 3274 uniuscujusque
2662 3206 2868 3272 anima,
2899 3219 3000 3275 pro
3031 3206 3097 3263 iis
3147 3224 3273 3278 quae
3316 3211 3408 3265 hic

1833 3298 2019 3370 gessit.

1902 3386 2071 3441 XXX.
2105 3385 2230 3441 Haec
2275 3385 2365 3441 ille
2414 3385 2666 3447 audiens,
2724 3385 2865 3440 risit.
2915 3383 3163 3455 Cumque
3198 3386 3409 3444 dicere.

1832 3495 1955 3535 mus
1979 3496 1991 3531 :
2026 3477 2138 3533 Cur
2166 3493 2260 3533 eos
2288 3477 2506 3540 irrides,
2532 3477 2627 3546 qui
2665 3477 2761 3531 tibi
2782 3477 2937 3532 utilia
2965 3477 3237 3532 suadent?
3260 3477 3356 3533 Ille
3384 3497 3399 3533 :

1834 3572 2028 3636 Rideo,
2075 3571 2283 3641 inquit,
2333 3570 2558 3625 stultam
2587 3569 2901 3639 opinionem
2950 3578 3212 3633 vestram,
3258 3569 3406 3640 quod

1831 3665 2056 3721 creditis
2089 3663 2451 3718 immortalem
2481 3677 2604 3717 esse
2633 3662 2874 3716 hominis
2901 3662 3164 3716 animam.
3194 3661 3260 3716 Et
3306 3678 3408 3736 ego

1832 3757 2090 3828 respondi
2124 3773 2139 3810 :
2173 3754 2291 3809 Non
2342 3758 2629 3818 miramur,
2660 3769 2693 3809 ο
2725 3754 2937 3821 Simon,
2984 3755 3029 3810 si
3068 3753 3255 3811 fallere
3296 3770 3400 3815 nos

1832 3852 2070 3912 conaris,
2117 3856 2209 3903 sed
2242 3848 2705 3915 obstupescimus,
2758 3862 2866 3916 qua
2902 3847 3116 3901 ratione
3142 3848 3312 3903 etiam
3346 3857 3402 3904 te

1834 3943 1949 4011 ipse
1974 3939 2237 4009 decipias.
2268 3936 2446 3992 Eﬂ'are
2469 3938 2635 4008 igitur
2658 3937 2839 4004 nobis,
2876 3934 3097 4001 Simon;
3132 3937 3254 3993 licet
3277 3938 3407 3993 alio-

1833 4049 1952 4087 rum
1992 4046 2155 4087 nemo
2190 4041 2532 4101 compertum
2572 4032 2821 4097 haberet,
2860 4032 3102 4087 animam
3144 4047 3266 4088 esse
3301 4033 3406 4086 im-

1834 4123 2152 4189 mortalem;
2206 4132 2265 4177 tu
2304 4133 2488 4176 tamen
2516 4131 2570 4176 et
2594 4135 2696 4176 nos
2721 4122 2988 4177 habemus
3018 4137 3031 4172 :
3065 4131 3123 4176 tu
3153 4121 3401 4191 quidem.
3436 4166 3449 4181 .

1834 4223 1894 4267 ut
1921 4214 2014 4282 qui
2040 4228 2161 4267 eam
2186 4228 2217 4267 a
2254 4227 2487 4283 corpore
2519 4215 2762 4267 humano
2788 4212 3078 4277 diremisti,
3117 4211 3212 4282 qui
3241 4211 3405 4266 collo-

1832 4313 1995 4360 cutus
2024 4320 2105 4369 es,
2131 4304 2226 4374 qui
2258 4304 2573 4373 imperasti:
2596 4318 2699 4361 nos
2721 4318 2875 4369 vero,
2895 4312 2956 4358 ut
2982 4303 3077 4373 qui
3104 4302 3403 4369 adfuimus,

1831 4408 1886 4453 et
1933 4396 2225 4467 imperium
2260 4396 2593 4460 audivimus,
2624 4403 2681 4450 et
2713 4396 2860 4465 quod
2904 4395 3120 4466 jnssmn
3149 4404 3233 4450 est
3258 4394 3403 4450 vidi-

147 4476 398 4549 ἐναργῶς
420 4478 819 4549 ἱστορήσαντες.
838 4478 949 4531 Kal
972 4479 1001 4530 ὁ
1027 4477 1227 4548 Σίμων’
1261 4476 1399 4546 Ἐγὼ
1425 4477 1523 4549 μὲν
1546 4473 1662 4531 οἶδα
1687 4494 1729 4537 τι

1844 4506 1966 4546 mus
2008 4489 2172 4545 clare.
2204 4488 2283 4541 Ad
2310 4488 2425 4543 haec
2468 4486 2657 4542 Simon
2694 4506 2706 4542 :
2739 4486 2852 4558 Ego
2882 4486 3103 4557 quidem
3130 4487 3246 4543 scio
3272 4487 3403 4556 quid

146 4563 337 4636 λέγετε
358 4583 371 4596 ’
403 4567 561 4637 ὑμεῖς
583 4567 642 4619 δὲ
669 4567 767 4620 οὑκ
799 4566 976 4620 οΓδατε
1004 4566 1297 4642 περήίνος
1323 4566 1369 4597 ⁸⁸
1394 4566 1725 4636 διαλέγεσθε.

149 4660 261 4712 Kal
295 4656 406 4726 ἐγὼ
444 4658 689 4729 Νικήτης
714 4656 847 4730 ἔφην
870 4674 883 4687 ο
932 4652 1082 4710 Ἐπεὶ
1102 4653 1267 4721 οἶδας,
1301 4656 1424 4725 λέγε
1443 4674 1456 4687 ·
1485 4658 1534 4710 εί
1572 4659 1629 4711 δὲ
1654 4660 1729 4732 μὴ

148 4746 320 4815 οἶδας,
352 4749 429 4822 μὴ
453 4749 598 4803 δόκει
623 4750 768 4820 ἡμᾶς
793 4748 870 4821 τῷ
892 4746 1071 4817 λέγειν
1098 4743 1158 4801 σὲ
1205 4748 1303 4819 μὲν
1329 4744 1549 4813 εἰδέναι,
1583 4746 1731 4820 ἡμᾶς

148 4843 211 4897 δὲ
232 4844 332 4915 μὴ,
348 4842 660 4897 ἀπατᾶσθαι
681 4836 956 4896 δύνασθαι.
976 4842 1049 4895 Οὑ
1060 4841 1169 4912 γάρ
1189 4842 1352 4912 ἐσμεν
1371 4840 1512 4894 οὑτω
1527 4842 1728 4912 νήπιοι,

150 4934 240 4988 ῐνα
264 4934 571 5007 πανοῦργον
596 4934 889 5009 ἐνσπείρῃς
912 4936 1044 5005 ἡμῖν
1067 4932 1324 5003 ὑποψίαν,
1353 4932 1448 4987 καὶ
1471 4933 1549 5005 τῷ
1572 4930 1617 4966 ⁸⁷
1644 4952 1732 4989 νο-

155 5026 334 5096 μίζειν
373 5027 434 5080 σέ
467 5043 521 5080 τι
545 5026 653 5080 τῶν
694 5026 1019 5099 ἀπορρήτων
1059 5020 1275 5091 εἰδέναι,
1300 5026 1346 5058 ⁸⁸
1388 5024 1731 5098 ὑποχειρίους

149 5114 327 5192 λάϐῃς
346 5117 411 5172 ⁸⁸.

218 5247 419 5304 XXXI.
447 5250 557 5302 Kal
586 5251 616 5303 ὁ
645 5246 826 5320 Σίμων
859 5248 991 5319 ἔφη’
1025 5249 1147 5301 Ὅτι
1177 5246 1275 5319 μὲν
1296 5246 1534 5319 ἐχώρισα
1554 5246 1732 5320 ψυχὴν

151 5340 492 5414 ἀνθρωπείου
526 5339 799 5413 σώματος,
847 5332 965 5395 οἶδα
1017 5336 1162 5412 ὑμᾶς
1180 5332 1415 5403 εἰδότας
1446 5340 1531 5393 ὅτι
1554 5339 1611 5393 δὲ
1634 5340 1732 5410 οὑχ

1838 4581 2069 4646 dicatis;
2093 4596 2191 4636 vos
2214 4586 2395 4635 autem
2420 4580 2643 4636 nescitis
2671 4595 2780 4650 qua
2809 4581 2875 4634 de
2900 4592 2959 4634 re
2984 4579 3304 4650 loquamini.
3326 4579 3404 4633 Ac

1835 4688 1938 4744 ego
1975 4673 2187 4727 Nicetas
2233 4671 2388 4728 dixi:
2430 4671 2890 4741 Quandoquidem
2939 4670 3070 4738 scis,
3114 4671 3398 4726 edissere:

1836 4763 1981 4834 quod
2008 4764 2053 4819 si
2085 4765 2322 4827 nescias,
2344 4779 2410 4818 ne
2432 4763 2715 4819 existimes
2738 4762 2913 4833 decipi
2942 4777 3044 4818 nos
3071 4776 3254 4832 posse,
3272 4762 3402 4816 dum

1836 4856 1939 4921 ais,
1971 4863 2025 4910 te
2049 4857 2274 4926 quidem
2318 4855 2482 4920 scire,
2513 4870 2615 4911 nos
2638 4867 2819 4910 autem
2858 4869 3224 4925 nequaquam.
3251 4852 3402 4908 Adeo

1834 4946 1984 5001 enim
2010 4947 2195 5002 stolidi
2225 4962 2332 5003 non
2371 4962 2564 5003 sumus
2587 4988 2602 5010 ,
2631 4954 2693 5001 ut
2722 4946 2884 5002 nobis
2936 4942 3146 5000 vafram
3189 4945 3402 4999 inseras

1835 5041 2244 5110 suspicionem;
2282 5041 2605 5111 redigasque
2639 5056 2740 5096 nos
2770 5040 2824 5095 in
2871 5048 3020 5094 tuam
3055 5046 3399 5109 potestatem,

1836 5134 2213 5190 existimantes
2233 5135 2437 5205 aliquid
2460 5134 2815 5190 ineﬂ‘abilium
2845 5132 3104 5203 cognosci
3134 5147 3166 5187 a
3198 5143 3270 5187 te.

1910 5245 2103 5301 XXXI.
2142 5245 2441 5318 Respondit
2490 5246 2713 5302 Simon:
2745 5246 2899 5313 Quod
2944 5244 3161 5316 quidem
3192 5242 3401 5312 disjun-

1840 5341 2010 5393 xerim
2042 5340 2278 5394 animam
2313 5342 2382 5396 ab
2406 5341 2645 5395 humano
2669 5353 2918 5409 corpore,
2944 5336 3071 5395 novi
3096 5353 3189 5394 vos
3222 5334 3397 5392 scire:

1430 5451 1666 5509 VARIIE
1706 5450 2105 5508 LECTIONES.

213 5550 284 5631 ’ᾗ
308 5550 565 5631 σιεηιεηι.
597 5551 836 5631 ho_m._tt,
860 5565 908 5606 c.
936 5550 1030 5615 27,
1054 5558 1157 5631 etc.
1234 5549 1392 5631 3:31..
1408 5549 1575 5631 inseri.
1589 5547 1702 5631 ’καὶ
1725 5546 1834 5631 ὑπὸ
1856 5548 2026 5618 ὄχλων
2058 5549 2515 5631 προσπυνῃθῆναι.
2555 5548 2639 5631 ﬂ“
2666 5548 2746 5631 al._
2770 5547 3051 5631 βασιλέως.
3087 5547 3399 5631 [pulo-post
3442 5604 3451 5607 _

156 5621 381 5691 μείζονα
413 5626 571 5677 abest
598 5636 626 5675 a
647 5622 862 5676 duobus
888 5636 1025 5691 mss.
1054 5621 1187 5677 Cor.
1262 5620 1309 5691 ξ’
1344 5620 1414 5675 al.

1497 5618 1737 5673 οϐεῖσθαί
1760 5636 1841 5671 σοι
1874 5630 1926 5673 et
1957 5637 2032 5673 σε.

2113 5621 2158 5651 ⁸³
2191 5621 2259 5675 al.
2300 5618 2479 5691 ήμῶν,
2520 5618 2606 5691 4⁸⁵
2635 5620 2704 5691 al.
2731 5618 3173 5691 ἐκπεπλήγμεθα.
3254 5618 3298 5691 ξ’
3322 5618 3393 5671 al.

153 5688 467 5746 ᾆιελευσθέν.
545 5692 592 5725 ⁸⁸
625 5692 692 5746 al.
735 5692 914 5745 τίνων.
994 5688 1039 5725 ⁸⁷
1073 5692 1143 5747 al.
1197 5689 1312 5745 τοῦ.
1349 5692 1421 5747 al.
1462 5688 1527 5743 ἐκ
1559 5688 1672 5743 τοῦ.
1710 5688 1842 5746 ϐοτ.
1922 5692 1967 5722 ⁸⁸
1988 5692 2057 5745 al.
2090 5688 2457 5760 praeponfxal
2485 5688 2656 5752 οὕτως
2691 5688 2972 5761 ἐπιθυμία
3003 5688 3395 5759 κολαζομένους

151 5764 321 5833 ἡμᾶς.
400 5763 449 5797 ⁸⁹
477 5762 547 5818 al.
575 5762 753 5816 λαϐὼν
786 5762 915 5837 ἔχῃς
