3834 6220
473 354 578 411 tas

1319 351 1377 406 S.
1414 348 1860 407 CLEMENTIS‘I
1894 348 2059 406 ROM.
2099 348 2300 405 PONT.
2338 348 2569 407 OPERA
2597 348 2826 408 DUBIA.

3621 352 3722 403 ιεδ

471 480 617 550 quod
662 493 792 536 vero
840 494 949 535 non
973 477 1156 533 anima
1194 475 1439 533 defuncti
1484 476 1778 545 ministret,
1825 475 1919 533 sed
1943 473 2044 529 ali-

2148 472 2304 544 ήτοῦ
2352 470 2647 535 τεθνεῶτος
2685 470 2830 542 ψυχὴ
2895 470 3177 538 ὑπουργεῖ,
3212 468 3346 523 ἀλλὰ
3386 468 3615 539 δαίμων
3645 485 3726 534 τις

470 572 596 642 quis
624 572 859 640 daemon,
913 571 1008 643 qui
1048 588 1107 629 se
1159 572 1398 627 animam
1438 586 1559 626 esse
1614 570 1858 634 simulat,
1913 568 2039 623 novi

470 679 569 718 vos
600 664 873 733 ignorare.
908 663 973 719 Et
1006 680 1107 737 ego
1133 664 1351 720 Nicetas
1390 662 1576 732 excepi
1602 681 1615 716 :
1651 660 1709 716 In
1740 661 1847 715 vita
1868 661 2039 716 multa

472 756 813 813 incredibilia
840 757 1151 813 audivimus
1177 776 1189 812 :
1218 759 1321 813 hoc
1348 765 1527 811 tamen
1568 767 1820 810 sermone
1850 768 2039 807 amen—-

470 848 662 902 tiorem
688 861 788 901 nos
815 862 1055 917 unquam
1081 847 1366 901 audituros
1396 860 1503 900 non
1528 845 1884 915 speravimus.
1903 841 2036 898 Nam

470 939 515 993 si
551 938 763 993 daemon
798 938 949 1009 fingit
996 954 1055 995 se
1098 938 1333 994 animam
1379 938 1581 993 mortui
1623 952 1767 1004 esse,
1816 936 2038 1007 quinam

469 1038 588 1084 erat
608 1030 806 1084 animae
836 1045 993 1096 usus,
1025 1037 1137 1084 uta
1163 1044 1398 1101 corpore
1442 1028 1822 1099 separaretur?
1848 1026 2041 1084 Nonne

469 1120 573 1189 ipsi
612 1130 908 1190 praesentes
958 1122 1271 1178 audivimus
1321 1130 1393 1188 te,
1434 1137 1556 1177 cum
1591 1121 1829 1175 animam
1857 1137 1888 1177 e
1914 1136 2038 1177 cor-

469 1225 598 1279 pore
628 1210 933 1280 adjurando
971 1211 1266 1267 evocares?
1298 1211 1365 1267 Et
1389 1226 1495 1282 qua
1523 1211 1762 1276 ratione,
1802 1228 1915 1267 uno
1938 1212 2036 1268 ad-

461 1302 667 1372 jurato,
697 1302 836 1360 alter
871 1317 978 1357 non
1025 1303 1335 1373 adjuratus,
1387 1312 1643 1373 tanquam
1669 1303 1877 1359 veritus
1910 1303 2040 1358 obe-

464 1392 579 1446 dit?
607 1390 799 1447 Nonne
847 1394 1013 1448 etiam
1068 1403 1125 1449 tu
1158 1394 1455 1465 aliquando
1507 1408 1536 1447 a
1586 1394 1743 1450 nobis
1793 1404 2039 1464 rogatus,

465 1499 633 1554 quam
663 1484 734 1540 ob
760 1501 981 1540 causam
1038 1486 1312 1543 interdum
1348 1495 1629 1542 cessarent
1676 1486 2037 1552 assessiones,

465 1577 793 1648 respondisti
829 1600 839 1634 :
870 1576 1008 1647 Quia
1057 1578 1262 1644 anima,
1306 1579 1574 1649 completo
1622 1594 1787 1649 super
1838 1588 2037 1633 terram

465 1677 710 1741 tempore
767 1669 915 1741 quod
964 1670 1019 1725 in
1057 1684 1285 1741 corpore
1339 1680 1626 1741 peractura
1666 1678 1822 1733 erat,
1855 1670 1921 1725 ad
1955 1670 2041 1725 in-

467 1759 614 1817 feros
644 1760 834 1817 vadit:
890 1777 955 1817 ac
1005 1762 1361 1832 subjunxisti,
1398 1763 1614 1819 animas
1666 1778 1881 1830 eorum,
1943 1763 2037 1834 qui

466 1854 685 1924 propria
742 1863 918 1910 morte
958 1856 1235 1920 obierunt,
1287 1856 1549 1926 quoniam
1586 1854 1640 1909 in
1675 1854 1865 1911 inferis
1911 1855 2039 1910 hinc

467 1946 779 2002 secedentes
818 1948 1223 2010 custodiuntur,
1280 1963 1388 2002 non
1449 1947 1608 2003 facile
1660 1948 1897 2018 permitti
1948 1962 2039 2003 ve-

469 2038 618 2092 nire?

539 2129 755 2185 XXXII.
806 2130 932 2187 Haec
968 2129 1187 2187 Nicetas
1255 2147 1382 2188 cum
1428 2132 1786 2203 protulisset,
1843 2133 2039 2203 Aquila

468 2222 667 2277 iterum
698 2221 877 2277 dixit:
921 2222 1189 2293 Cuperem
1239 2238 1269 2277 a
1300 2233 1348 2279 te
1376 2223 1429 2278 id
1459 2239 1628 2278 unum
1672 2223 1901 2289 discere,
1955 2225 2043 2279 Si-

468 2327 629 2379 mon;
656 2312 772 2369 sive
798 2312 981 2368 anima
1008 2314 1098 2380 sit,
1131 2312 1248 2369 sive
1296 2314 1530 2381 daemon,
1556 2314 1608 2369 id
1637 2314 1784 2383 quod
1831 2314 2044 2384 adjura-

465 2412 589 2468 tur;
616 2403 903 2473 cujusnam
933 2403 1151 2457 tandem
1177 2410 1346 2470 metu,
1371 2404 1742 2474 adjurationes
1778 2419 1885 2458 non
1909 2420 2041 2458 con-

466 2494 698 2548 temnit?
726 2491 793 2547 Et
822 2491 1013 2548 Simon
1044 2510 1058 2547 :
1119 2490 1340 2560 Poenas,
1401 2494 1600 2563 inquit,
1642 2493 2039 2563 persoluturam

466 2600 527 2642 se
558 2584 813 2655 intelligit
841 2584 1109 2649 anima,si
1141 2600 1249 2641 non
1274 2586 1629 2656 obtemperet.
1657 2586 1847 2655 Aquila
1876 2602 2035 2642 vero:

466 2676 655 2749 Itaque
701 2679 746 2733 si
797 2678 981 2733 anima
1026 2677 1277 2749 adjurata
1318 2679 1491 2745 venit,
1566 2679 1729 2733 etiam
1772 2679 2037 2749 judicium

465 2771 577 2825 fiet.
615 2768 670 2823 Si
697 2785 829 2840 ergo
877 2770 1073 2827 animae
1126 2777 1255 2825 sunt
1306 2770 1665 2837 immortales,
1716 2771 1942 2825 omnino
1989 2782 2043 2826 et

460 2859 728 2929 judicium
777 2859 903 2914 erit.
956 2858 1324 2925 Quamobrem
1372 2861 1417 2915 si
1438 2875 1535 2915 eos
1594 2876 1810 2930 quoque
1859 2862 1953 2931 qui
1985 2862 2037 2916 in

465 2950 668 3005 malam
691 2951 958 3006 actionem
996 2960 1125 3006 sunt
1151 2952 1408 3021 adjurati,
1439 2960 1664 3020 tumque
1683 2966 1789 3006 non
1827 2952 2039 3007 obtem-

466 3051 769 3113 perarunt,.
793 3042 1239 3098 condemnandos
1289 3042 1412 3110 ais;
1469 3058 1578 3113 quo
1625 3044 1791 3098 modo
1840 3052 1894 3097 tu
1931 3058 2037 3097 non

466 3133 718 3200 timuisti,
769 3147 864 3189 eos
920 3147 1115 3203 cogere
1140 3172 1155 3198 ,
1209 3148 1335 3188 cum
1373 3133 1468 3203 qui
1503 3142 1790 3203 coguntur,
1820 3144 2039 3204 propter
2070 3186 2107 3235 (,

466 3223 866 3281 contumaciam
918 3224 1259 3294 puniantur?
1303 3221 1440 3277 Nam
1498 3233 1551 3279 te
1596 3226 1710 3293 jam
1766 3240 1873 3279 non
1921 3240 2041 3280 esse

468 3319 785 3374 mu‘ctatum
819 3331 917 3386 pro
950 3316 1018 3371 iis
1051 3332 1173 3386 qua!
1196 3315 1513 3387 designasti,
1555 3318 1752 3371 mirum
1786 3332 1891 3370 non
1916 3326 1997 3371 est
2024 3334 2038 3371 :

465 3424 589 3463 cum
610 3407 876 3477 judicium
904 3406 1146 3461 nondum
1171 3406 1262 3473 sit,
1289 3416 1348 3461 ut
1378 3414 1434 3461 tu
1465 3407 1683 3474 quidem
1716 3423 1905 3477 pmnas
1946 3408 2042 3462 des

463 3517 655 3555 eorum
682 3500 751 3554 ad
779 3514 901 3569 quae
929 3498 1153 3568 coegisti
1178 3516 1192 3563 ;
1223 3499 1370 3569 quod
1423 3508 1605 3563 autem
1636 3512 1887 3555 coactum
1934 3508 2038 3564 est,

466 3595 679 3649 veniam
709 3597 965 3667 accipiat,
1003 3597 1132 3666 quia
1170 3598 1314 3651 malo
1344 3596 1571 3653 facinori
1604 3598 2039 3667 adjuramentum

465 3687 786 3756 praetulerit.
858 3688 1049 3743 Simon
1121 3697 1330 3756 autem,
1363 3688 1451 3744 his
1504 3689 1738 3754 auditis,
1792 3690 1871 3744 ira
1926 3705 2045 3759 pcr-

466 3779 646 3843 citus,
694 3788 966 3848 mortem,
1016 3779 1127 3836 nisi
1201 3789 1545 3847 taceremus,
1592 3780 1749 3836 nobis
1802 3780 2042 3837 minatus

466 3878 569 3924 OSI.

538 3956 782 4014 XXXIII.
832 3957 1132 4030 Postquam
1163 3960 1359 4029 Aquila
1420 3962 1536 4016 haec
1575 3960 1733 4026 dixit,
1793 3975 1894 4030 ego
1922 3959 2043 4014 Cle-

470 4068 627 4106 mens
674 4050 1028 4122 interrogavi,
1089 4068 1342 4123 quaanam
1391 4064 1575 4109 essent
1614 4053 1874 4108 miracula
1920 4068 2043 4123 qua:

469 4144 688 4198 faceret.
716 4142 793 4197 Illi
843 4159 972 4199 vero
1021 4145 1536 4214 responderuntz"
1583 4144 1737 4200 Facit
1762 4154 1823 4200 ut
1851 4154 2043 4201 statua:

469 4233 769 4295 ambulent,
795 4234 850 4288 in
879 4234 1002 4305 igne
1032 4236 1284 4291 volutans
1302 4250 1380 4300 se,
1406 4250 1512 4289 non
1546 4237 1741 4302 uritur,
1771 4237 2039 4291 interdum

470 4325 634 4389 volat,
658 4340 725 4380 ex
751 4325 1023 4396 lapidibus
1052 4342 1221 4395 panes
1266 4326 1415 4389 facit,
1479 4343 1703 4397 serpens
1748 4329 1838 4396 Iit,
1872 4330 1923 4383 in
1952 4345 2042 4385 ca-

468 4429 620 4482 pram
647 4414 1095 4477 transformatur,
1128 4414 1266 4469 duas
1296 4414 1467 4470 facies
1490 4417 1817 4483 ostendit,in
1848 4433 2040 4473 aurum

2070 1820 2111 1874 Β

2141 563 2563 635 ὑποκρινόμενος
2588 563 2635 595 ⁸⁸
2658 557 2797 616 εἶναι
2822 561 2967 633 ψυχὴ
3014 563 3077 629 ⁶¹,
3133 556 3249 614 οἴδα
3278 562 3422 631 ὑμᾶς
3456 562 3727 628 ἀγνοοῦν-

2139 672 2263 719 τας·
2326 655 2436 708 Καὶ
2477 652 2591 723 ἐγὼ
2631 655 2877 723 Νικήτης
2922 653 3093 723 ἔφην·
3156 652 3333 705 Πολλά
3376 654 3438 705 ὲν
3481 652 3571 723 τῷ
3628 653 3727 724 βίῳ

2140 744 2453 817 ἠκούσαμεν
2471 746 2675 800 ἄπιστα
2694 762 2707 774 ·
2733 744 2825 798 τοῦ
2843 744 2899 797 δὲ
2914 744 3150 797 τοιούτου
3175 743 3332 812 λόγου
3362 745 3729 823 ἀνοητότερον

2139 837 2201 890 ού
2228 837 2703 910 προσεδοκήσαμεν
2743 836 2974 891 ἀκοῦσαί
3021 853 3171 890 ποτε.
3217 837 3279 890 EI
3333 836 3446 908 γὰρ
3500 836 3725 907 δαίμων

2141 931 2553 1003 ύποκρίνεταιὴ
2587 930 2683 985 τοῦ
2732 929 3026 993 τεθνεῶτος
3069 924 3211 981 εἶναι
3261 927 3430 999 ψυχὴ,
3478 929 3575 990 τες
3618 930 3730 998 ἄρα

2139 1024 2239 1094 τῆς
2293 1022 2470 1095 ψυχῆς
2504 1022 2683 1094 χρεία,
2732 1022 2826 1075 τοῦ
2884 1020 3221 1092 χωρισθῆναι
3284 1019 3377 1072 τοῦ
3433 1018 3728 1089 σώματος-ς

2141 1117 2255 1170 Ούκ
2279 1117 2432 1170 αὐτοὶ
2469 1116 2527 1169 δὲ
2567 1115 2833 1187 παρόντες
2871 1114 3183 1185 ἠκούσαμέν
3222 1130 3336 1175 σου,
3363 1113 3459 1166 τοῦ
3486 1115 3733 1183 σκήνους

2140 1208 2236 1279 τὴν
2264 1207 2443 1279 ψυχὴν
2487 1207 2889 1279 ὲξορκίζοντοςς
2931 1206 3051 1270 πῶς
3081 1198 3158 1259 δὲ’
3184 1206 3276 1258 καὶ⁸
3320 1204 3479 1259 ἄλλου
3503 1203 3735 1275 όρκιζο-

2145 1300 2328 1370 μένου,
2365 1300 2551 1371 ἕτερος
2592 1299 2666 1372 μὴ
2697 1300 2742 1330 ’⁸
2794 1299 3087 1369 όρκισθεὶς,
3138 1298 3214 1361 ὡς
3262 1297 3543 1367 φοϐηθεὶς,
3580 1299 3732 1350 ὑπα-

2141 1393 2327 1459 κούει;
2388 1394 2503 1446 Οὐκ
2550 1384 2657 1463 ἆρα
2701 1392 2757 1445 δὲ
2800 1392 2893 1445 καὶ¹
2940 1390 3102 1453 αὐτὸς
3152 1389 3540 1460 ὲξεταζόμενός
3593 1406 3741 1441 ποτ»

2140 1485 2278 1556 πρὸς
2326 1483 2515 1556 ἡμῶν,
2572 1484 2749 1555 τίνος,
2778 1484 2937 1554 χάριν
2986 1483 3157 1536 ἐνίοτε
3213 1483 3306 1536 καὶ
3349 1484 3625 1536 παύονται
3672 1485 3733 1534 αἱ

2141 1576 2503 1647 προσεδρεῖαι,
2536 1575 2780 1646 εἴρηκας,
2816 1576 2896 1627 ὅτι
2924 1574 3069 1646 ψυχὴ
3098 1572 3430 1646 πληρώσασα
3458 1574 3555 1626 τὸν
3582 1574 3734 1644 ὑπὲρ

2141 1670 2243 1740 γῆς
2293 1668 2483 1739 χρόνον
2536 1667 2593 1721 δν
2642 1667 2864 1739 ἔμελλεν
2924 1669 2981 1720 ὲν
3028 1666 3242 1737 σώματι
3296 1665 3607 1729 διατελεῖν,
3647 1669 3735 1729 εἰς

2141 1761 2274 1832 ᾅδην
2318 1759 2645 1831 πορεύεται·
2678 1760 3021 1831 προσετίθεις
3046 1759 3104 1812 δὲ
3128 1759 3321 1828 λέγων,
3352 1760 3432 1811 ὅτι
3459 1760 3576 1811 τῶν
3610 1760 3734 1829 ἰδίῳ

2142 1852 2355 1921 θανάτῳ
2386 1851 2825 1921 τελευτησάντων
2854 1853 2909 1905 αί
2937 1851 3131 1921 ψυχαὶ,
3178 1851 3366 1921 ἐπειδὴ
3415 1852 3559 1922 πρὸς
3591 1852 3732 1921 ᾷδην

2141 1944 2325 1997 αὐτόθι
2386 1944 2702 2016 χωρήσασαι
2748 1942 3126 2015 φρουροῦνται,
3178 1943 3425 2006 εὐκόπως
3451 1944 3501 1974 ⁸³
3546 1942 3733 1997 ἐλθεῖν

2141 2036 2388 2105 ἀφίενται
2408 2053 2422 2101 ;

2213 2126 2427 2181 XXXII.
2476 2125 2663 2181 Ταῦτα
2710 2126 2805 2180 τοῦ
2845 2128 3085 2199 Νικήτου
3150 2128 3417 2190 εἰπόντος,
3486 2127 3733 2190 Ἀκύλας

2143 2220 2303 2283 αὐτὸς
2335 2219 2495 2274 πάλιν
2542 2219 2680 2291 ἔφη·
2712 2217 3037 2291 Ἐὁουλόμην
3077 2219 3228 2291 παρὰ
3271 2220 3364 2272 σοῦ
3414 2220 3579 2272 τοῦτο
3633 2220 3734 2290 μό-

2144 2329 2232 2364 νον
2276 2312 2485 2382 μαθεῖν,
2536 2310 2739 2382 Σίμων,
2777 2311 2885 2364 εἴτε
2918 2312 3084 2383 ψυχὴ,
3124 2312 3233 2364 εἴτε
3268 2311 3479 2383 δαίμων
3511 2312 3633 2363 ἐστὶ
3666 2310 3731 2362 τὸ

2141 2407 2512 2477 ὁρκιςόμενον,
2540 2404 2591 2457 τί
2626 2404 2683 2457 δὲ
2710 2404 2806 2457 καὶ
2828 2403 3158 2474 φοϐούμενον
3194 2403 3255 2455 ού
3283 2404 3728 2473 παραπέμπεται

2142 2501 2267 2561 τοὺς
2296 2500 2531 2570 ὅρκους;
2585 2497 2695 2550 Καὶ
2731 2497 2759 2548 δ
2788 2496 3004 2566 Σίμων·
3048 2494 3303 2557 Κόλασιν,
3332 2494 3490 2564 φησὶ,
3537 2511 3725 2563 παρα-

2144 2591 2387 2645 κούσασα
2446 2584 2555 2642 οἶδε
2636 2588 2851 2660 μέλλειν
2904 2587 3118 2641 παθεῖν.
3184 2587 3296 2641 Καὶ
3355 2589 3385 2639 ό
3453 2588 3722 2649 Ἀκύλας·

2145 2681 2351 2735 Οὐκοῦν
2380 2682 2433 2734 εί
2467 2680 2514 2713 ⁸⁵
2566 2679 2893 2751 ὁρκιζομένη
2935 2679 3078 2750 ψυχὴ
3110 2678 3349 2750 ἔρχεται,
3398 2679 3497 2731 καὶ
3542 2678 3728 2748 κρίσις

2142 2774 2249 2845 ἄρα
2307 2773 2535 2841 γίνεται.
2580 2773 2643 2825 Εἰ
2701 2768 2793 2826 οὖν
2828 2773 2883 2825 αἱ
2939 2771 3108 2841 ψυχαὶ
3151 2771 3440 2832 ἀθάνατοι,
3503 2771 3728 2832 πάντως

2144 2866 2258 2917 ἐστὶ
2291 2864 2386 2918 καὶ
2417 2864 2619 2935 κρίσις.
2652 2864 2813 2941 Ὠετε
2842 2864 2889 2915 εί
2910 2865 3003 2916 καὶ
3040 2863 3169 2925 τοὺς
3202 2864 3295 2915 ἐπὶ
3339 2864 3485 2930 κακῇ
3526 2860 3729 2931 πράξει

2142 2954 2516 3026 ὁρκισθέντας,
2553 2949 2673 3009 εἶτα
2700 2956 2795 3008 καὶ
2824 2955 3274 3026 παρακούσαντας
3317 2953 3728 3023 καταδικασθῆ-

2144 3064 2232 3100 ναι
2280 3047 2422 3117 φῂς,
2473 3046 2591 3109 πῶς
2656 3046 2717 3099 οὐ
2787 3046 3091 3117 πεφόὸησαι
3167 3045 3230 3097 σὺ
3298 3045 3525 3107 τούτους
3587 3062 3725 3097 κατ-

2144 3137 2604 3206 αναγκάζειν,τῶν
2627 3136 3083 3209 ὶναγκαζομένων
3111 3138 3202 3190 ἐπὶ
3221 3138 3473 3207 παρακοῇ
3507 3136 3729 3199 κολαζο-

2148 3230 2355 3300 μένων;
2404 3230 2465 3283 τὸ
2487 3229 2596 3300 γὰρ
2627 3230 2727 3300 ήδη
2763 3246 2821 3282 σε
2865 3229 2937 3301 μὴ
2992 3228 3180 3282 παθεῖν
3211 3230 3294 3297 ἐφ’
3346 3223 3429 3290 οἷς
3466 3229 3724 3297 ἕδρασατ,

2142 3322 2202 3373 οὺ
2235 3320 2444 3392 θαῦμα⁸
2477 3322 2600 3373 ἐπεὶ
2632 3324 2795 3393 μήπω
2826 3322 3008 3393 κρίσις
3058 3321 3224 3383 ἐστὶν,
3276 3320 3363 3372 ἴνα
3394 3322 3457 3373 σὺ
3518 3320 3619 3389 μὲν
3646 3318 3725 3370 δί-

2144 3430 2244 3482 κην
2268 3413 2373 3483 δῷς
2402 3413 2531 3484 περὶ
2580 3406 2653 3465 ὧν
2708 3413 3043 3484 ἠνάγκασας,
3074 3412 3135 3465 τὸ
3161 3411 3217 3464 δὲ
3242 3412 3594 3480 ἀναγκασθὲν
3619 3410 3727 3465 ὑπὸ

2145 3504 2470 3576 συγγνώμην
2493 3505 2740 3575 γένηται,
2765 3505 2841 3568 ὡς
2866 3506 2965 3575 τῆς
2986 3505 3160 3574 κακῆς
3186 3503 3438 3573 πράξεως
3452 3502 3546 3553 τὸν
3562 3502 3725 3570 ὁρκον

2143 3597 2508 3668 προτιμῆσαν.
2551 3598 2609 3649 'U
2653 3596 2710 3650 δὲ
2746 3595 2953 3649 τούτων
2979 3597 3218 3659 ἀκούσας
3246 3596 3518 3668 ὠργίσθη,
3551 3596 3723 3649 θάνα-

2142 3690 2318 3753 τον,εί
2350 3690 2425 3761 μὴ
2454 3689 2771 3760 σιωπῶμεν,
2797 3690 2927 3760 ἡμῖν
2957 3689 3278 3761 ἀπειλήσας.

2212 3955 2452 4011 XXXIII.
2482 3957 2666 4010 Ταῦτα
2690 3956 2784 4010 τοῦ
2825 3958 3025 4012 ’Δκύλα
3056 3959 3321 4023 εἰπόντος,
3355 3960 3466 4029 ἐγὼ
3488 3961 3730 4031 Κλήμης

2143 4052 2447 4122 ἐπυθόμην·
2501 4050 2554 4103 τί
2595 4050 2639 4104 δ’
2670 4052 2779 4122 ἄρα
2831 4052 2978 4104 ἐστὶν
3025 4051 3060 4104 ἃ
3121 4055 3265 4105 ποιεῖ
3312 4052 3615 4122 θαυμάσια.
3664 4056 3729 4106 Ol

2140 4143 2225 4196 δέ·
2271 4142 2635 4214 Ἀνδριάντας,
2687 4138 2861 4206 εἷπον,
2893 4147 3040 4196 ποιεί
3075 4148 3428 4216 περιπατεῖν·
3489 4148 3587 4199 καὶ
3629 4165 3730 4199 κυ-

2140 4236 2385 4307 λιόμενος
2430 4234 2523 4287 ἐπὶ
2556 4234 2667 4307 πῦρ
2707 4235 2768 4287 ού
2790 4235 3031 4289 καίεται·
3060 4236 3228 4289 ἐνίοτε
3258 4237 3313 4290 δὲ
3344 4239 3439 4291 καὶ
3468 4240 3726 4303 πέταται,

2144 4329 2234 4382 καὶ
2258 4330 2321 4381 ὲκ
2366 4326 2528 4380 λίθων
2572 4328 2771 4399 ἄρτους
2801 4332 2979 4395 ποιεῖ,
3019 4330 3141 4399 ὄφις
3197 4331 3429 4399 γίνεται,
3482 4334 3567 4396 εἰς
3596 4329 3728 4402 αἶγα

2146 4420 2622 4493 μεταμορφούται,
2681 4420 3026 4492 διπρόσωπος
3088 4424 3327 4491 γίνεται,
3370 4427 3453 4488 είς
3519 4429 3727 4497 χρυσὸν

468 4509 824 4574 convertitur,
870 4519 1059 4578 portas
1088 4509 1339 4564 occlusas
1393 4509 1588 4579 aperit,
1619 4507 1823 4564 ferrum
1855 4510 2037 4577 solvit,

2148 4512 2565 4583 μεταϐάλλεται·
2601 4510 2769 4583 θύρας
2813 4512 3207 4583 κεκλεισμένας
3247 4515 3474 4583 ἀνοίγει,
3506 4518 3725 4589 σίδηρον

469 4599 522 4652 in
560 4600 824 4655 conviviis
852 4601 1145 4655 simulacra
1180 4599 1486 4655 formarum
1515 4600 1863 4671 omnigenum
1886 4604 2041 4657 exhi-

469 4691 579 4757 bet,
614 4687 743 4747 I'acit
771 4702 832 4747 ut
856 4694 910 4747 in
962 4694 1128 4748 domo
1152 4709 1281 4749 vasa
1310 4705 1504 4764 sponte
1530 4694 1658 4750 ferri
1683 4696 1747 4750 ad
1794 4697 2042 4752 ministe—

470 4784 614 4838 rium
644 4784 951 4851 videantur,
990 4802 1090 4840 nec
1118 4797 1413 4841 cernantur
1437 4789 1531 4857 qui
1561 4786 1759 4842 ferunt.
1791 4786 1895 4845 Ista
1927 4805 2042 4844 me-

471 4885 748 4931 morantes
794 4878 1044 4941 audiens,
1102 4878 1385 4934 mirabar:
1457 4880 1795 4935 testabantur
1860 4892 2038 4937 autem

471 4964 575 5034 ipsi
606 4965 731 5020 talia
760 4982 818 5023 se
840 4968 1063 5024 vidisse.

544 5136 783 5195 XXXIV.
818 5140 863 5173 ⁸⁸
913 5141 1010 5199 His
1058 5144 1132 5199 ita
1176 5148 1466 5213 enarratis,
1519 5150 1666 5203 venit
1722 5149 2038 5219 Zacchzens,

471 5235 527 5280 ut
556 5228 659 5284 ista
710 5228 869 5284 Petro
894 5233 1252 5303 signiﬁcavit:
1286 5236 1404 5293 Jam
1428 5254 1595 5304 nunc,
1623 5238 1800 5305 Petre,
1829 5250 2042 5313 tempus

472 5330 577 5388 est,
605 5330 665 5377 ut
691 5338 853 5381 exeas
877 5332 943 5381 ad
982 5328 1360 5385 disserendum
1392 5348 1518 5387 cum
1552 5332 1619 5388 iis
1645 5334 1737 5403 qui
1772 5349 2041 5391 convene-

474 5422 622 5468 runt.
646 5414 811 5471 Multa
837 5418 984 5473 enim
1031 5421 1190 5478 turba
1223 5422 1276 5477 in
1307 5424 1448 5479 atrio
1492 5435 1817 5495 congregata
1846 5434 1899 5479 te
1945 5443 2040 5498 op-

2142 4603 2279 4669 λύει,
2331 4605 2388 4655 ὲν
2432 4602 2669 4665 δείπνοις
2711 4603 2903 4656 εἴδωλα
2962 4606 3317 4660 παντοδαπῶν
3370 4607 3527 4661 ἰδεῶν
3579 4626 3724 4680 παρ-

2145 4696 2321 4766 ίστησι
2340 4712 2353 4725 ·
2389 4695 2457 4747 τὰ
2487 4696 2543 4747 ὲν
2573 4698 2639 4765 τῇ
2673 4694 2817 4767 οίκίᾳ
2843 4696 3007 4768 σκεύη
3042 4698 3117 4762 ὼς
3141 4698 3422 4769 αὐτόματα
3445 4702 3726 4773 φερόμενα

2144 4789 2279 4861 πρὸς
2310 4788 2611 4859 ὑπηρεσίαν
2666 4787 2895 4858 ὁρᾶσθαι
2943 4792 3105 4855 ποιεῖ,
3167 4789 3276 4844 τῶν
3327 4791 3606 4861 φερόντων
3663 4795 3723 4845 ού

2147 4883 2508 4954 βλεπομένων.
2555 4880 2741 4934 Ταῦτα
2789 4879 3075 4948 λεγόντων,
3128 4882 3342 4935 ἀκούων
3392 4884 3438 4913 ³⁸
3477 4884 3723 4954 ἐθαύμα-

2144 4974 2261 5040 ζον·
2322 4973 2664 5045 ἐμαρτύρουν
2724 4972 2781 5026 δὲ
2814 4972 2881 5025 τὰ
2927 4972 3154 5027 τοιαῦτα
3214 4975 3368 5027 αὐτοὶ
3430 4976 3723 5049 ἱστορηκέ-

2143 5085 2230 5120 ναι
2257 5066 2325 5119 ⁸⁷.

2216 5155 2452 5210 XXXIV.
2496 5156 2712 5208 Τούτων
2759 5154 2902 5209 οὕτω
2959 5154 3256 5226 ῥηθέντων,
3297 5152 3400 5229 ἧκε
3453 5162 3723 5231 Ζακχαῖπ

2140 5248 2361 5301 τοιαῦτα
2382 5247 2460 5317 τῷ
2476 5247 2667 5318 Πέτρῳ
2696 5246 2999 5317 διασαφῶν·
3036 5249 3175 5320 Ἤδη
3220 5249 3427 5314 λοιπὸν,
3454 5247 3499 5304 ὦ
3521 5254 3719 5327 Πέτρε,

2145 5340 2334 5410 καιρὸς
2388 5339 2521 5411 πρὸς
2565 5339 2626 5391 τὸ
2652 5338 2890 5393 ἐκϐάντα
2918 5357 2974 5393 σε
3008 5339 3355 5411 διαλεχθῆναι
3381 5346 3495 5407 τοῖς
3534 5348 3723 5400 συνελ-

2147 5430 2315 5483 θοῦσι.
2349 5430 2523 5493 Πολὺς
2545 5429 2651 5502 γὰρ
2692 5431 2783 5483 ἐπὶ
2815 5432 2912 5503 τῆς
2956 5431 3123 5503 αὐλῆς
3151 5433 3563 5505 συναθροισθεὶς
3593 5439 3723 5492 ἀνα-

1750 5576 1987 5631 νΑιιιΑῑ
2042 5578 2445 5635 LECTIONES.

524 5679 573 5753 ’9
601 5682 671 5735 al.
703 5683 867 5739 inser.
894 5684 1017 5737 ἐπεὶ
1043 5702 1080 5753 μ

456 5752 501 5783 ’³
530 5752 597 5805 al.
630 5753 729 5804 οὐκ
759 5754 1013 5819 εὐκόλως.
1046 5752 1423 5809 (Σίειιιεηὶξούκ
1452 5752 1719 5819 εὐκόπως.

455 5821 583 5875 add.
619 5822 817 5877 αὐτῶν.
893 5827 935 5858 ’⁷
968 5825 1039 5879 al.
1068 5827 1230 5882 inser.
1258 5826 1547 5897 παρόντες.

1144 5685 1396 5755 ὑπάρχῃ;
1428 5685 1505 5738 vel
1531 5684 1654 5737 ἐπεὶ
1681 5686 1813 5756 μηδὲ
1845 5686 2028 5756 ὑπάρχ

1796 5756 1842 5787 ⁸⁸
1874 5759 1944 5810 al.
1973 5758 2026 5827 ἡ.

2034 5703 2054 5724 σ

2033 5705 2099 5739 ει.
2176 5705 2215 5717 ’⁸
2244 5705 2313 5739 al.
2365 5705 2527 5744 Inscr.
2572 5705 2752 5747 αυτος.
2788 5705 2870 5736 ΑΙ.
2905 5705 3030 5736 anu.
3079 5705 3239 5753 ενεργ

2103 5757 2148 5789 ’⁵
2176 5758 2209 5810 Ι.
2243 5772 2289 5811 s.
2321 5754 2543 5822 Recogn.
2580 5772 2639 5817 ιι,
2665 5754 2716 5809 9.
2746 5754 2957 5816 Anast.,
2984 5752 3240 5815 Cedren.,

1624 5828 1667 5858 ⁸⁸
1698 5826 1953 5883 Clement.
1992 5824 2139 5883 hom.
2176 5844 2256 5894 ιιι,
2285 5842 2404 5897 cap.
2432 5827 2521 5891 2⁸),
2546 5837 2649 5881 etc.
2680 5825 2902 5895 Recagn.
2934 5824 2969 5878 ι.
3000 5836 3061 5890 ιι,
3084 5838 3134 5880 c.
3169 5824 3256 5889 I9,
3282 5834 3386 5879 etc.

2174 5686 2215 5717 ⁹¹
2244 5685 2313 5739 aI.
2363 5685 2527 5744 inscr.
2572 5683 2752 5747 αὐτός.
2788 5683 2870 5736 Al.
2905 5681 3030 5736 add.
3079 5684 3437 5804 svspysV’
3468 5688 3541 5739 al.
3573 5687 3601 5739 ὁ
3632 5688 3724 5812 Ἣ.

2176 5758 2209 5810 l.
2243 5772 2289 5811 s.
2321 5754 2543 5822 Recogn.
2580 5772 2639 5817 ιι,
2665 5754 2716 5809 9.
2746 5754 2957 5816 Anast.,
2984 5752 3240 5825 Cedren.,
3320 5758 3498 5825 Iceplt.
3580 5757 3626 5788 "
3658 5778 3666 5786 -
