3834 6220
138 206 256 262 497

932 207 1394 263 CLEMENTINA.
1437 240 1506 251 -
1543 207 1844 263 EPITOME
1880 208 1969 265 DE
2006 208 2251 266 GESTIS
2286 209 2344 265 S.
2387 209 2609 265 PETRI.

3309 210 3410 266 193

144 326 311 396 μένει
354 342 413 382 σε
438 325 613 397 ὄχλος,
643 320 704 383 οὐ
745 330 806 382 έν
857 325 1007 400 μέσῳ
1045 329 1295 402 καθάπερ
1338 347 1424 394 τις
1464 329 1733 402 πολέμαρ-

1845 334 2086 403 peritur;
2119 333 2172 388 in
2201 347 2435 403 quorum
2489 331 2670 386 medio
2720 339 2976 399 tanquam
3031 329 3231 400 aliquis
3280 330 3408 386 belli

142 439 250 494 λος
281 425 328 457 ’⁸
367 425 460 478 ὑπ’
497 422 678 478 αὐτῶν
704 422 1168 497 δορυφορούμενος
1198 424 1397 496 ἕστηκε
1433 423 1632 494 Σίμων.
1681 423 1739 476 '0

137 515 201 568 δὲ
238 517 450 588 Πέτρος
491 515 747 580 ἀκούσας,
785 516 949 587 εὐχῆς
974 516 1133 588 χάριν
1162 515 1512 587 ὑποχωρῆσαί
1543 533 1631 586 μοι
1650 533 1741 568 κε-

138 605 354 671 λεύσας
394 608 460 640 ¹⁰⁰
501 609 666 680 μήπω
696 607 757 661 τὸ
805 611 1070 680 σωτήριον
1111 607 1392 679 βάπτισμα
1440 607 1734 679 δεξαμένῳ,

133 701 262 762 τοῖς
287 700 390 770 ήδη
418 698 665 763 τελείοις·
713 700 1087 764 Ἀναστάντες,
1133 699 1233 771 ἔφη
1260 739 1275 764 ,
1322 698 1624 770 εὐξώμεθα,
1652 699 1738 752 ἵνα

135 790 283 852 Θεὸς
315 794 430 854 τοῖς
459 791 831 856 ἀνεκλείπτοις
878 792 1043 846 αὐτοῦ
1088 794 1390 864 οἰκτιρμοῖς
1429 793 1735 864 συνεργήσῃ

136 899 239 952 μοι
264 883 512 954 ὁρμῶντι
543 884 679 954 πρὸς
703 884 975 956 σωτηρίαν
997 884 1106 938 τῶν
1135 885 1226 938 ὐπ’
1280 884 1444 937 αὐτοῦ
1493 883 1736 937 κτισθέν-

131 991 255 1026 των
291 974 621 1046 ἀνθρώπων.
669 976 780 1030 Kal
804 977 963 1031 τοῦτο
1011 976 1201 1041 εἰπὼν,
1249 977 1542 1047 εὐξάμενος
1588 975 1734 1046 ἐξῄει

133 1067 224 1129 εἰς
248 1065 346 1119 τὸν
373 1066 641 1139 ὕπαιθρον
665 1068 763 1139 τῆς
812 1069 982 1140 αὐλῆς
1023 1070 1188 1124 τόπον
1219 1070 1392 1141 μέγαν
1421 1069 1569 1134 ὄντα,
1607 1069 1736 1124 ἔνθα

136 1158 573 1229 συνεληλυθότες
598 1155 738 1230 ἦσαν
774 1161 978 1227 πολλοὶ,
1041 1163 1106 1215 ἵν’
1149 1161 1411 1216 ἀκουσταὶ
1472 1160 1734 1229 γένωνται

135 1249 258 1302 τῶν
285 1250 724 1322 λεχθησομένων.
783 1253 924 1316 Στάς
960 1248 1052 1307 οῦν
1095 1255 1190 1307 καὶ
1222 1253 1342 1307 ἰδὼν
1390 1252 1525 1324 μετά
1554 1253 1734 1324 πάσης

140 1343 386 1412 ἡσυχίας
433 1345 526 1395 τὸν
571 1343 748 1396 πάντα
774 1343 902 1398 λαὸν
945 1346 1026 1409 εἰς
1075 1345 1236 1400 αὐτὸν
1279 1345 1610 1410 ἀτενίζοντα,
1643 1345 1732 1398 Σί-

143 1453 307 1506 μωνα
336 1437 395 1489 δὲ
442 1437 534 1489 τὸν
560 1437 750 1506 Μάγον
799 1438 880 1499 εἰς
942 1437 1105 1491 μέσον
1147 1433 1357 1491 ἑστῶτα
1418 1436 1512 1490 τοῦ
1553 1437 1732 1506 λέγειν

136 1527 354 1598 ἤρξατο
399 1526 597 1592 οὕτως·

216 1641 444 1699 XXXV.
509 1644 715 1716 Εἰρήνη
777 1643 866 1715 εἴη
931 1645 1098 1698 πᾶσιν
1168 1644 1296 1714 ὑμῖν
1343 1646 1456 1707 τοῖς
1479 1645 1804 1745 .έτοίμωςΒ

140 1733 337 1804 έχουσι
368 1733 549 1799 δεξιὰς
575 1735 772 1789 διδόναι
798 1741 864 1807 τῇ
891 1736 984 1788 τοῦ
1020 1735 1154 1789 Θεοῦ
1199 1736 1446 1808 ἀληθείᾳ,
1474 1737 1544 1808 ἢν
1567 1738 1730 1792 αὐτοῦ

139 1825 399 1896 μεγάλην
423 1844 482 1879 τε
514 1827 611 1880 καὶ
651 1828 982 1898 ἀσύγκριτον
1025 1830 1082 1880 ὲν
1105 1827 1183 1898 τῷ
1209 1828 1302 1881 νῦν
1332 1828 1518 1899 κόσμῳ
1556 1829 1734 1900 ὑπάρ-

136 1933 356 1986 χουσαν
384 1917 617 1989 δωρεὰν,
644 1920 673 1973 ό
724 1919 1054 1982 ἀποστείλας
1088 1921 1237 1990 ἡμᾶς
1269 1919 1473 1991 Κύριος
1499 1919 1734 1994 ,Ἰησοῦς

136 2011 386 2082 Χριστὸς
417 2012 446 2064 ό
494 2012 624 2074 Υἱὸς
643 2010 738 2064 τοῦ
768 2010 973 2076 ζῶντος
1021 2011 1178 2078 Θεοῦ,
1229 1995 1588 2083 ταύτηῖήμίν
1617 2013 1733 2065 ἐνε-

135 2103 364 2155 τείλατο
388 2104 486 2174 τὴν
520 2104 917 2176 προσηγορίαν,
951 2104 1058 2176 πρὸ
1107 2103 1218 2157 τῶν
1248 2105 1348 2176 τῆς
1389 2104 1734 2169 διδασκαλίας

138 2194 324 2263 λόγων
360 2195 490 2265 ὑμῖν
541 2195 1004 2264 ἐπιφθέγγεσθαι*
1048 2196 1136 2248 ἵνα
1177 2196 1271 2250 ὲάν
1317 2213 1402 2259 τις
1527 2197 1584 2249 έν
1607 2197 1734 2268 ὑμῖν

139 2286 375 2357 εἰρήνης
410 2285 624 2350 τέκνον,
649 2286 737 2340 διὰ
762 2288 863 2357 τῆς
885 2287 1232 2350 διδασκαλίας
1274 2286 1430 2358 ἡμῶν
1452 2287 1731 2360 καταλάϐῃ

142 2377 313 2432 αὐτὸν
368 2379 400 2448 ή
430 2378 653 2450 εἰρήνη·
683 2379 732 2431 εἰ
761 2378 818 2431 δὲ
853 2378 1057 2450 ταύτην
1102 2379 1286 2432 λαϐεῖν
1336 2379 1489 2450 ὐμῶν
1543 2397 1624 2443 τις
1659 2379 1732 2452 μὴ

143 2469 316 2534 θέλοι,
345 2469 469 2521 τότε
499 2470 593 2523 καὶ
645 2471 807 2541 ἡμεῖς
843 2471 1301 2543 ἀποτιναξάμενοι
1339 2471 1430 2525 τὸν
1460 2473 1733 2544 κονιορτὸν

137 2563 257 2615 τῶν
305 2561 485 2614 ποδῶν
531 2562 688 2633 ἡμῶν
737 2564 818 2627 εἰς
874 2563 1189 2635 μαρτύριον,
1225 2565 1304 2627 εἰς
1329 2563 1530 2634 ἑτέρων
1560 2564 1734 2618 ἀπίω-

144 2671 253 2723 μεν
277 2653 296 2684 ³
318 2653 494 2717 οἰκίας
536 2654 632 2708 καὶ
673 2655 876 2718 πόλεις.
902 2657 1012 2709 Καὶ
1054 2656 1268 2727 ἀληθῶς
1317 2657 1443 2727 ὑμῖν
1467 2655 1728 2727 λέγομεν·

157 2745 542 2830 Ἀνεκτότερον
571 2745 725 2800 ἔσται
765 2749 836 2819 γῇ
888 2748 1140 2819 Σοδόμων
1193 2749 1287 2802 καί
1357 2748 1640 2820 Γομόρρας
1677 2750 1734 2801 ὲν

148 2836 342 2908 ἡμέρα
365 2837 619 2909 κρίσεως,
651 2838 684 2909 ἢ
739 2839 820 2909 τῷ
851 2839 949 2910 τῆς
991 2838 1274 2903 ἀπειθείας
1296 2839 1447 2910 τόπῳ
1472 2839 1734 2910 ἐνδιατρί-

142 2927 299 2980 ϐειν·
339 2928 556 3000 πρῶτον
605 2930 725 3001 μὲν,
769 2930 853 2983 ὅτι
892 2931 986 3000 ἀφ’
1016 2929 1223 2984 ἑαυτῶν
1261 2931 1360 3000 οὐχ
1400 2924 1500 2983 οἷοί
1540 2947 1601 2983 τε
1642 2947 1734 2999 γε-

1839 424 1952 480 dux
1977 426 2046 480 ab
2089 426 2157 480 iis
2213 434 2489 496 protectus
2519 439 2586 488 ac,
2617 422 2848 492 stipatus
2897 422 3144 478 constitit
3192 421 3405 479 Simon.

1839 517 1955 573 Iloc
1981 520 2168 572 audito
2202 516 2396 574 Petrus
2418 556 2433 582 ,
2482 533 2604 571 cum
2645 514 2909 570 orationis
2935 514 3105 584 gratia
3157 513 3412 570 secedere

1839 629 1926 667 me
1950 613 2228 683 jussisset,
2259 611 2353 682 qui
2385 611 2625 666 nondum
2653 620 2981 666 consecutus
3013 609 3223 664 fueram
3257 613 3406 666 salu-

1840 712 1956 759 tare
1993 705 2294 774 baptisma;
2349 704 2417 759 ad
2465 703 2577 773 jam
2636 702 2909 772 perfectos
2957 717 3020 756 ac
3077 702 3404 772 baptizatos,

1840 797 2158 867 Surgentes,
2196 796 2396 866 inquit,
2456 811 2709 860 oremus,
2747 803 2804 847 ut
2836 794 2979 849 Deus
3002 809 3101 863 pro
3135 796 3249 854 suis
3279 813 3408 866 per-

1837 891 2014 960 petuis
2041 889 2484 945 miserationibus
2509 890 2803 960 opituletur
2844 891 2979 945 mihi
3019 892 3308 961 prodeunti
3336 891 3408 946 ob

1837 984 2066 1039 salutem
2098 984 2381 1038 hominum
2434 984 2502 1038 ab
2536 984 2654 1054 ipso
2706 994 3035 1039 creatorem.
3079 983 3257 1056 thue
3303 986 3406 1041 hoc

1835 1074 1996 1142 dixit,
2048 1075 2297 1130 oratione
2335 1074 2498 1141 facta,
2526 1076 2659 1130 exiit
2686 1075 2739 1129 in
2788 1075 2911 1130 atrii
2957 1077 3137 1130 locum
3184 1077 3409 1132 subdia-

1835 1166 1938 1220 lem
1974 1175 2026 1220 et
2053 1182 2332 1236 magnum,
2363 1181 2470 1237 quo
2496 1168 2654 1221 multi
2701 1179 3090 1233 convenerant,
3128 1177 3188 1223 ut
3213 1168 3406 1222 ﬁerent

1835 1257 2113 1312 auditores
2141 1272 2329 1310 eorum
2377 1272 2498 1326 quae
2526 1257 2757 1312 dicenda
2784 1266 2986 1312 essent.
3026 1256 3189 1312 Stans
3249 1269 3401 1325 ergo,

1833 1363 2168 1417 cernensque
2195 1348 2506 1401 universum
2536 1349 2793 1418 populum
2839 1364 3053 1403 summo
3087 1363 3210 1402 cum
3241 1349 3406 1402 silen-

1832 1443 1909 1498 tio
1933 1442 2123 1496 oculos
2169 1441 2220 1494 in
2248 1441 2424 1510 ipsum
2452 1441 2745 1510 conjicere,
2789 1457 2852 1496 ac
2883 1439 3158 1497 Simonem
3189 1441 3402 1512 Magum

1833 1532 1887 1586 in
1919 1532 2096 1586 medio
2120 1541 2285 1598 stare,
2315 1533 2462 1587 hunc
2487 1533 2538 1585 in
2573 1531 2794 1587 modum
2822 1532 2972 1603 loqui
2994 1533 3188 1602 erepit:

1901 1641 2120 1698 XXXV.
2155 1645 2171 1676 ί
2222 1643 2333 1700 Pax
2362 1646 2433 1700 sit
2460 1646 2717 1701 omnibus
2741 1646 2913 1711 vobis,
2946 1646 3037 1716 qui
3071 1646 3243 1714 parati
3271 1647 3405 1703 estis

1833 1735 2088 1791 dexteras
2123 1737 2254 1791 dare
2287 1737 2500 1792 veritati
2524 1737 2652 1804 Dei;
2707 1753 2894 1808 quam,
2920 1754 3178 1808 magnum
3210 1755 3406 1807 nempe

1831 1844 1897 1884 ac
1931 1829 2357 1898 incomparabile
2379 1829 2496 1898 ejus
2534 1843 2734 1883 munus
2761 1830 2814 1884 in
2847 1831 2952 1884 hoc
3003 1831 3207 1885 mundo
3249 1839 3307 1885 ut
3348 1830 3404 1884 in

1833 1920 2215 1976 salutationem
2246 1921 2400 1975 vobis
2421 1930 2544 1975 ante
2592 1936 2870 1976 sermones
2921 1921 3187 1977 doctrinae
3227 1921 3406 1976 accla-

1833 2027 2047 2068 memus
2094 2014 2350 2083 praecepit
2401 2012 2560 2067 nobis
2617 2013 2710 2084 qui
2783 2014 2935 2069 misit
2995 2029 3094 2069 nos
3141 2013 3405 2069 Dominus

1831 2102 1993 2161 Jesus
2014 2104 2292 2171 Christus,
2321 2105 2493 2161 Filius
2517 2105 2614 2160 Dei
2637 2106 2746 2160 vivi
2771 2123 2785 2172 ;
2810 2122 2920 2175 quo
2956 2107 3002 2162 si
3033 2106 3232 2176 aliquis
3262 2107 3406 2160 inter

1832 2212 1930 2252 vos
1956 2199 2028 2252 sit
2073 2197 2217 2252 ﬁlius
2250 2197 2422 2266 pacis,
2477 2212 2573 2266 per
2636 2198 2941 2254 doctrinam
3003 2207 3247 2252 nostram
3297 2213 3404 2267 pax

1831 2302 1957 2342 eum
2003 2287 2427 2356 complectatur;
2476 2290 2522 2341 si
2578 2286 2704 2357 quis
2755 2297 2936 2343 autem
2989 2298 3232 2343 vestrum
3281 2304 3403 2343 eam

1832 2379 2080 2447 accipere
2106 2377 2260 2442 nolit,
2294 2385 2424 2431 tunc
2454 2385 2509 2430 et
2561 2393 2663 2434 nos
2690 2393 2923 2433 excusso
2955 2379 3154 2448 pedum
3183 2388 3405 2433 nostro-

1831 2485 1952 2524 rum
1982 2469 2204 2539 pulvere
2233 2469 2286 2522 in
2311 2469 2705 2536 testimonium,
2729 2471 2795 2524 ad
2837 2470 3068 2524 aliorum
3121 2469 3314 2525 domos
3340 2484 3404 2524 ac

1832 2561 2079 2616 civitates
2102 2560 2364 2614 abeamus
2391 2562 2431 2614 ².
2480 2559 2558 2614 Ac
2581 2574 2708 2614 vere
2740 2559 2976 2615 dicimus
3007 2559 3195 2615 vobis:
3252 2556 3408 2613 Tole-

1833 2653 2062 2707 rabilius
2085 2652 2189 2706 erit
2214 2651 2268 2706 in
2295 2651 2618 2722 diejudicii,
2655 2651 2825 2707 fuisse
2868 2651 2923 2706 in
2954 2659 3101 2706 terra
3135 2650 3406 2706 Sodomo-

1832 2761 1953 2799 rum
1979 2753 2033 2798 et
2061 2743 2403 2810 Gomorrhaa,
2456 2760 2619 2814 quam
2673 2744 2729 2798 in
2785 2744 2905 2799 loco
2959 2742 3402 2797 incredulitatis:

1832 2839 2011 2908 primo
2035 2838 2278 2908 quidem,
2317 2837 2446 2906 quia
2499 2852 2608 2891 non
2653 2836 2911 2906 potuistis
2951 2850 3018 2890 ex
3049 2834 3206 2889 vobis
3232 2848 3403 2904 agno-

1834 2945 1988 2984 scere
2025 2929 2347 2984 veritatem:
2382 2928 2646 2991 secundo,
2674 2928 2933 2996 quoniam
2965 2927 3033 2981 de
3055 2926 3256 2982 nostris
3279 2941 3403 2980 cum

142 3019 345 3087 γόνατε
395 3018 494 3091 τὴν
548 3020 803 3091 ἀλήθειαν
853 3022 1180 3090 ἐπιγνῶναιο
1219 3021 1494 3093 δεύτερον,
1557 3021 1638 3074 ὅτι
1665 3020 1733 3074 τὰ

1837 3020 2138 3083 audieritis,
2171 3036 2277 3074 non
2307 3019 2535 3074 venistis
2564 3034 2739 3088 usque
2767 3018 2833 3073 ad
2879 3033 2979 3073 nos
3007 3036 3021 3072 :
3052 3018 3234 3084 tertio,
3276 3019 3406 3088 quia

143 3111 446 3182 καθ’ήμᾶς
498 3112 853 3180 ἀκούσαντες,
901 3114 1002 3167 οὐκ
1051 3113 1244 3184 ἧλθετε
1289 3112 1482 3185 μέχρις
1537 3111 1726 3184 ἡμῶνο

145 3203 358 3274 τρίτον,
409 3203 493 3256 ὅτι
560 3204 655 3257 καὶ
708 3204 954 3258 ἐλθοῦσιν
1003 3207 1135 3277 ἡμῖν
1206 3206 1561 3278 ἠπειθήσατε.
1642 3207 1733 3278 Διρ

145 3295 459 3365 φειδόμενοι
491 3295 667 3365 ὐμῶν,
703 3299 907 3367 προῖκα
959 3297 1230 3368 εὐχόμεθα
1278 3277 1399 3368 τὴν
1424 3299 1643 3369 εἰρήνην
1666 3277 1730 3370 ﬂ:

149 3389 269 3457 μῶν
295 3387 469 3440 ὲλθεῖν
494 3388 581 3456 ἐφ’
625 3389 788 3459 ὑμᾶς.
846 3389 910 3442 Εἰ
937 3382 1029 3441 οῦν
1073 3388 1276 3458 ταύτην
1323 3389 1466 3460 ἔχειν
1499 3389 1728 3456 ἐθέλετε,

145 3478 231 3532 δεῖ
259 3480 404 3550 ὑμᾶς
427 3479 723 3551 προθύμως
745 3483 872 3545 τοὺς
893 3481 1021 3554 περὶ
1047 3480 1148 3552 τῆς
1176 3481 1454 3546 εὐσεϐείας
1480 3482 1732 3550 δέξασθαι

147 3571 365 3639 λόγους,
397 3573 488 3625 καὶ
521 3574 619 3644 τὴν
669 3573 790 3644 Θεῷ
835 3575 1176 3646 ἀρέσκουσαν
1219 3573 1495 3628 πολιτείαν
1535 3576 1730 3629 ἐπανε-

146 3663 377 3730 λέσθαι,
424 3665 489 3716 ἵν’
542 3665 782 3728 εὐσεϐῶς
849 3667 943 3720 καὶ
991 3666 1215 3730 δικαίως
1256 3665 1551 3738 ζήσαντες,
1623 3670 1731 3722 τῶν

147 3756 386 3810 αἰωνίων
409 3755 624 3824 ἀγαθῶν
649 3757 876 3827 γένησθε
907 3757 1248 3830 κληρονόμοι.

222 3846 468 3902 XXXVI.
528 3849 640 3902 Καὶ
691 3849 787 3902 τοῦ
843 3850 1049 3921 Πέτρου
1098 3850 1273 3905 ταῦτα
1330 3852 1593 3916 εἰπόντος,
1638 3853 1733 3906 καὶ

147 3941 284 4012 περί
311 3940 421 3993 τῶν
443 3939 618 4012 ἔργων
640 3941 734 3995 τοῦ
759 3942 893 3996 Θεοῦ
933 3942 1260 4010 διδάξαντος,
1284 3947 1377 3999 καὶ
1418 3945 1558 3999 πόσα
1584 3946 1733 4016 παρά

145 4031 247 4084 τοῦ
274 4031 408 4085 Θεοῦ
443 4032 522 4104 τῷ
552 4033 826 4106 ἀνθρώπῳ
850 4034 919 4089 τά
953 4035 1133 4103 ἀγαθά
1163 4036 1430 4108 ἐδωρήθη,
1460 4038 1556 4090 καλ⁸
1587 4055 1731 4108 παρ-

147 4125 466 4188 αινέσαντος
503 4126 673 4179 πολλά
717 4128 845 4198 περὶ
895 4129 1211 4200 μοναρχίας,
1245 4131 1273 4182 ό
1304 4130 1484 4201 Σίμων
1512 4130 1615 4195 ἔξω
1638 4130 1732 4184 τοῦ

147 4216 309 4286 ὄχλου
342 4216 438 4287 βοῇ
467 4217 672 4289 μεγάλῃ
696 4218 798 4290 ἔφη
821 4236 834 4250 ·
864 4221 930 4273 Τί
970 4220 1293 4290 ψευδόμενος
1325 4222 1537 4293 άπατᾷν
1561 4222 1734 4287 θέλεις

145 4309 245 4361 τὸν
266 4309 594 4379 παρεστῶτα
629 4329 711 4364 σοι
763 4311 974 4383 ἰδιώτην
1027 4313 1204 4384 ὄχλον,
1261 4314 1461 4368 πείθων
1513 4315 1727 4379 αὐτοὺς,

150 4400 310 4464 θεοὺς
345 4403 478 4472 μήτε
505 4401 810 4472 ὀνομάζειν,
852 4405 989 4475 μήτε
1018 4405 1197 4474 λέγειν
1244 4406 1364 4472 ἐξὸν
1418 4401 1590 4472 εἶναι;
1621 4409 1729 4462 τῶν

151 4491 309 4562 παρά
379 4493 654 4557 Ἰουδαίοις
707 4495 980 4566 δημοσίων
1029 4497 1226 4567 βίϐλων
1286 4497 1515 4562 πολλοὺς
1574 4499 1730 4563 θεοὺς

149 4584 456 4651 λεγουσῶν.
481 4586 591 4639 Kal.
619 4586 714 4640 νῦν
761 4587 818 4640 δὲ
849 4589 985 4659 μετά
1039 4591 1256 4644 πάντων
1300 4592 1394 4644 ἀπ’
1423 4591 1599 4644 αὐτῶν
1648 4609 1730 4646 σοι

151 4677 262 4729 τῶν
287 4677 506 4747 βιϐλίων
527 4679 654 4750 περί
687 4678 780 4733 τοῦ
817 4680 926 4734 δεῖν
957 4681 1110 4746 θεοὺς
1142 4683 1402 4753 νομίζειν,
1432 4682 1730 4755 συζητῆσαι

153 4770 451 4842 βούλομαι’
511 4773 775 4844 πρότερον
806 4773 933 4844 περὶ
953 4768 1038 4846 ὀὗ
1083 4775 1220 4846 ἔφης
1246 4774 1404 4838 Θεοῦ,
1447 4774 1624 4839 δείξας
1657 4775 1729 4846 μὴ

151 4863 316 4916 αὐτὸν
345 4863 446 4934 τὴν
475 4863 736 4918 ἀνωτάτω
759 4866 852 4918 καὶ
881 4865 1058 4919 πάντα
1106 4867 1409 4938 δυναμένην
1441 4867 1727 4939 Πρόνοιαν,

155 4954 278 5007 καθ’
306 4954 335 5006 ὃ
361 4955 744 5025 ἀπρόγνωστός
772 4958 939 5020 ἐστιν,
969 4957 1183 5029 ἀτελὴς,
1235 4958 1437 5030 ἐνδεὴς,
1471 4958 1564 5012 καὶ
1595 4958 1733 5022 ὅλως

153 5049 256 5101 οὐκ
281 5048 504 5117 ἀγαθός.
550 5049 764 5119 Ἀμέλει
795 5050 890 5103 καὶ¹
921 5049 1109 5102 τούτου
1139 5049 1438 5118 δειχθέντος
1488 5049 1597 5103 ἀπὸ
1623 5049 1731 5102 τῶν

154 5141 411 5212 Γραφῶν,
440 5139 515 5204 ὡς
544 5141 653 5210 ἐγὼ
681 5142 842 5211 λέγω,
866 5143 1049 5214 ἔτερος
1076 5143 1339 5213 ἀγράφως
1364 5141 1732 5213 περιλείπεται

154 5227 306 5288 εἶναι
335 5232 488 5297 Θεὸς,
519 5234 943 5306 προγνωστικδς,
971 5235 1192 5298 τέλειος,
1217 5234 1485 5306 ἀνενδεὴς,
1507 5234 1728 5303 ἀγαθὸς,

1832 3113 1996 3167 etiam
2029 3114 2190 3169 nobis
2213 3112 2280 3167 ad
2309 3128 2407 3168 vos
2456 3110 2712 3182 profectis
2746 3127 2854 3166 non
2878 3109 3405 3176 credidistis.Quare

1834 3203 2200 3275 gratiﬁcantes
2249 3203 2426 3269 vobis,
2474 3203 2618 3258 ultro
2675 3218 2920 3266 oramus,
2955 3210 3016 3256 ut
3059 3218 3163 3272 pax
3214 3211 3402 3258 nostra

1833 3297 2016 3352 veniat
2052 3310 2218 3366 super
2251 3310 2370 3350 vos.
2405 3294 2464 3350 Si
2491 3309 2623 3364 ergo
2644 3309 2763 3349 eam
2797 3295 2995 3349 habere
3025 3294 3208 3358 vultis,
3240 3309 3406 3362 opor-

1833 3398 1912 3445 tet
1942 3377 2042 3444 vos
2071 3388 2238 3445 alacri
2289 3387 2476 3444 animo
2531 3389 2808 3456 suscipere
2865 3386 3081 3440 habitos
3109 3385 3174 3440 de
3205 3386 3406 3456 pietate

1832 3498 2135 3548 sermones,
2183 3490 2346 3550 atque
2376 3480 2486 3534 Deo
2517 3479 2766 3548 placitam
2797 3477 3046 3548 amplecti
3079 3477 3276 3543 vitam;
3319 3487 3402 3541 ut,

1831 3575 1922 3645 pia
1964 3574 2220 3644 justeque
2277 3574 2386 3628 vita
2412 3582 2706 3634 transacta,
2760 3585 3085 3628 aeternorum
3136 3570 3412 3625 bonorum

1832 3665 2074 3720 baeredes
2103 3665 2242 3720 sitis.

1901 3844 2142 3900 XXXVI.
2174 3845 2194 3877 ⁵
2228 3844 2358 3912 Qum
2393 3862 2516 3900 cum
2547 3843 2746 3900 Petrus
2776 3843 3005 3900 dixisset
3031 3885 3046 3911 ,
3081 3858 3148 3899 ac
3177 3844 3244 3898 de
3270 3859 3404 3912 ope-

1834 3939 1988 3994 ribus
2013 3937 2106 3993 Dei
2145 3938 2444 4003 docuisset,
2469 3948 2782 4009 quantaque
2803 3937 2944 3993 bona
2987 3953 3018 3992 a
3049 3936 3160 3993 Deo
3191 3938 3404 3994 homini

1833 4032 1946 4086 sint
1969 4030 2201 4095 donata;
2239 4039 2403 4101 atque
2432 4031 2602 4085 multa
2632 4031 2936 4086 monuisset
2959 4029 3026 4084 de
3057 4031 3396 4091 monarchia,

1833 4122 1885 4177 id
1908 4131 1992 4178 est
2020 4123 2182 4178 unius
2206 4121 2300 4178 Dei
2344 4122 2648 4193 principatu
2675 4165 2690 4188 ,
2751 4120 2940 4176 Simon
2989 4132 3142 4175 extra
3187 4121 3398 4175 turbam

1832 4229 1965 4270 voce
1995 4229 2190 4285 magna
2241 4214 2393 4269 iniit:
2441 4213 2581 4280 Quid
2638 4220 2906 4270 astantem
2937 4213 3034 4268 tibi
3091 4213 3398 4282 imperitam

1835 4307 2237 4362 multitudinem
2292 4307 2374 4362 vis
2399 4306 2711 4361 mentiendo
2749 4305 3032 4375 decipere,
3091 4304 3220 4358 dum
3273 4320 3398 4373 per-

1835 4399 2032 4454 suades
2057 4397 2159 4464 eis,
2191 4398 2323 4453 deos
2373 4413 2473 4453 nec
2505 4398 2790 4452 nominare
2844 4397 3052 4451 licitum
3104 4411 3246 4462 esse,
3299 4411 3401 4450 nec

1834 4491 2056 4546 dicere?
2091 4505 2216 4545 cum
2257 4488 2458 4557 publici
2489 4487 2800 4542 Iudaeorum
2849 4487 2972 4541 libri
3018 4486 3223 4541 multos
3266 4486 3400 4540 deos

1835 4581 2187 4635 asseverent?
2222 4579 2286 4635 Et
2309 4594 2438 4634 vero
2461 4593 2609 4632 nunc
2659 4592 2842 4631 ceram
2901 4577 3178 4640 omnibus,
3213 4591 3280 4630 ex
3330 4577 3397 4632 iis

1832 4672 1988 4728 libris
2017 4680 2197 4726 tecum
2229 4672 2504 4741 disputare
2529 4670 2651 4724 volo
2686 4669 2752 4723 de
2779 4683 2867 4731 eo,
2907 4668 3052 4738 quod
3076 4668 3209 4724 deos
3251 4669 3394 4723 exsio

1833 4773 1976 4819 stere
2006 4763 2077 4818 sit
2097 4761 2515 4817 existimandum
2550 4780 2563 4816 :
2596 4771 2649 4815 et
2677 4761 2830 4830 prius
2856 4761 2922 4816 de
2971 4775 3036 4815 eo
3083 4759 3194 4815 Deo
3233 4776 3397 4830 quem

1836 4856 2143 4927 protulisti,
2164 4855 2392 4911 ostendo
2413 4871 2535 4908 eum
2569 4869 2680 4908 non
2709 4868 2829 4909 esse
2855 4867 3165 4922 supremam
3196 4868 3261 4908 ac
3283 4868 3402 4906 om-

1833 4950 2164 5019 nipotentem
2189 4946 2586 5001 Providentiam
2611 4963 2626 5011 ;
2658 4946 2786 5015 quia
2813 4943 3148 5015 improvidus
3179 4942 3396 4999 futuro-

1833 5057 1956 5096 rum
2001 5049 2099 5103 est,
2168 5038 2537 5108 imperfectus,
2591 5037 2862 5107 indigens,
2904 5052 2969 5091 ac
3017 5036 3242 5090 omnino
3285 5053 3393 5091 non

1832 5134 2029 5188 bonus.
2077 5131 2216 5197 Quo,
2251 5131 2530 5193 nimirum,
2564 5130 2937 5183 demonstrato
2980 5142 3045 5181 ex
3076 5125 3396 5196 Scriptnris,

1831 5223 2290 5296 quemadmodum
2310 5237 2410 5292 ego
2435 5236 2645 5287 assero,
2675 5229 2840 5275 restat
2874 5227 2932 5272 ut
2977 5220 3047 5273 sit
3093 5217 3232 5272 alius
3258 5217 3398 5272 Deus

1324 5457 1330 5466 ,
1427 5391 1658 5449 γΑιιιίι]
1699 5388 2096 5445 LECTIONES.

320 5530 365 5562 ”
411 5529 482 5583 al.
536 5529 906 5600 πολεμάρχης.
944 5529 1016 5582 al.
1057 5529 1212 5594 ταξία
1251 5545 1360 5598 χος.

320 5639 330 5651 .
388 5615 465 5652 v1.
527 5600 633 5652 I-I:
691 5597 824 5652 Luc.
879 5615 934 5652 x.
968 5600 1020 5652 5.
1121 5599 1142 5631 ³
1181 5546 1252 5652 af.
1293 5598 1360 5650 ἀπ

156 5599 330 5654 Marc.
388 5615 465 5663 γι,
527 5600 586 5654 Η
619 5618 633 5666 ;
673 5595 934 5665 Ἰιιιέεἶῃ
968 5600 1020 5655 5.
1121 5599 1142 5631 ³
1181 5595 1612 5667 θίᾞάπιώμενοι.

158 5670 390 5726 Cedren.

1471 5527 1539 5558 '°°
1590 5527 1660 5581 al.
1705 5528 1869 5583 inser.

1723 5601 1745 5634 ⁵
1785 5593 2040 5662 ϐίεηίρηιξ
2100 5601 2246 5654 hom.
2310 5615 2370 5652 ιιι
2416 5593 2509 5662 με.
2559 5594 2647 5658 '58,
2696 5603 2796 5650 etc.
2851 5595 2885 5647 I.
2934 5609 2977 5647 s.
3023 5596 3147 5652 Illac,
3191 5610 3250 5658 ιι,
3298 5593 3400 5651 57._

1924 5527 2136 5600 μικρόν.
2241 5530 2254 5559 ¹
2311 5522 2536 5594 Recogn.
2560 5525 2755 5600 hinc.
2781 5523 2870 5600 30,
2950 5526 2968 5554 '
2995 5521 3180 5600 hiat-th.
3215 5540 3267 5586 κ,
