3834 6220
438 230 545 289 £99

1284 233 1339 289 S.
1380 233 1765 293 CLEMENTIS
1800 237 1821 293 ι
1857 238 2021 298 ROM.
2062 239 2262 298 ΡΟΝΤ.
2301 241 2531 299 OPERA
2568 244 2792 303 DUBIA.

439 348 496 405 in
530 348 811 422 Scriptura
832 366 941 410 non
970 368 1457 427 commemoratur,
1498 362 1762 430 praescius
1794 360 2002 418 futuro-

2107 364 2325 418 πάντων
2380 365 2796 439 ἀπηλλαγμένος
2842 368 3062 423 κακῶνο
3113 370 3173 424 6v
3229 369 3287 429 δὲ
3330 369 3398 429 σὺ
3454 372 3579 443 φῂς
3605 370 3714 440 6r,-

438 458 585 512 rum,
610 445 904 515 perfectus,
940 465 1048 505 non
1094 449 1371 523 indigens,
1404 452 1602 517 bonus,
1644 454 1714 509 ab
1753 455 2002 512 omnibus

2111 459 2391 530 μιουργὺν,
2427 462 2541 524 τοῖς
2581 460 2841 525 ἐναντίοις
2866 460 3238 535 ἀντικείμενος
3261 462 3555 534 τυγχάνει.

438 537 599 592 malis
629 537 765 595 liber
793 559 807 595 :
840 541 929 597 ille
976 552 1156 597 autem
1181 559 1344 614 quem
1376 545 1635 615 loqueris,
1668 544 1858 601 mundi
1886 547 2008 618 opi-

438 625 549 692 fex,
580 632 873 687 contrariis
910 636 1194 705 oppositus
1222 645 1325 691 est.

508 720 772 777 XXXVII.
802 723 997 780 Statim
1020 743 1171 797 ergo,
1220 729 1315 799 qui
1346 729 1413 785 ad
1440 729 1561 801 ejus
1594 732 2003 788 similitudinem

434 809 613 870 factus
639 824 744 875 eet.
778 817 1039 884 Adamus,
1072 821 1236 876 etiam
1291 837 1469 879 caecus
1517 833 1754 892 creatur,
1784 834 2004 895 propter

433 904 579 972 quod
609 916 661 961 et
694 916 1068 980 transgressor
1091 914 1387 982 invenitur,
1427 930 1590 987 atque
1620 932 1651 972 a
1695 917 1807 973 Deo
1848 918 2005 989 ejici-

433 1004 542 1063 tur,
576 1009 859 1070 morteque
893 1004 1205 1061 mulctatur.
1244 1006 1421 1061 Simili
1448 1024 1667 1079 quoque
1691 1009 1875 1076 modo,
1904 1011 2000 1081 qui

432 1082 587 1140 limit
637 1086 810 1157 illum,
843 1094 1283 1164 quandoquidem
1320 1106 1514 1153 cuncta
1559 1113 1667 1153 non
1720 1099 1886 1165 videt,
1942 1101 1996 1155 in

430 1174 795 1236 Sodomorum
825 1184 1013 1252 exitio,
1057 1185 1258 1252 Venite,
1308 1189 1504 1259 inquit.
1532 1200 1583 1244 et
1627 1192 1996 1246 descendentes

428 1270 716 1338 rideamus,
745 1292 813 1328 an
860 1279 1145 1332 secundum
1176 1280 1460 1336 clamorem
1508 1284 1762 1353 ipsorum,
1810 1285 1901 1354 qui
1926 1284 1995 1338 ad

426 1376 508 1413 me
539 1364 696 1427 venit,
728 1367 1047 1435 perﬁciant;
1077 1370 1158 1423 sin
1190 1372 1383 1439 minus,
1414 1382 1471 1428 ut
1495 1375 1661 1428 sciam
1693 1374 1736 1441 ⁸,
1759 1383 1813 1429 et
1838 1378 1994 1444 igna-

426 1465 548 1505 rum
592 1457 929 1512 seostendit.
958 1458 1189 1525 Quando
1222 1472 1403 1517 autem
1444 1464 1578 1519 dicit
1622 1465 1690 1521 de
1740 1465 1991 1524 Adamn:

425 1543 724 1618 Ejiciamus
753 1566 893 1615 eum,
921 1568 983 1606 ne
1020 1552 1161 1621 forte
1205 1565 1421 1609 extensa
1448 1574 1607 1611 manu
1637 1575 1735 1612 sua
1766 1560 1993 1629 attingat

423 1638 623 1706 lignum
657 1640 796 1707 vitaz,
818 1654 867 1695 et
896 1644 1157 1709 comedat,
1194 1656 1245 1700 et
1272 1646 1400 1702 vivet
1440 1648 1496 1701 in
1538 1656 1793 1703 teter-um
1820 1648 1876 1712 ἰ
1907 1649 1993 1704 in-

424 1728 590 1785 vidct.
621 1728 868 1802 Cumque
890 1734 1154 1804 scriptum
1185 1746 1271 1793 est
1295 1755 1309 1791 :
1337 1736 1524 1791 Secum
1546 1740 1805 1807 reputavit
1828 1739 1990 1805 Deus,
2022 1726 2065 1783 Β

420 1822 561 1889 quod
583 1822 792 1891 fecisset
818 1825 1081 1880 hominem
1115 1826 1195 1895 '°;
1230 1838 1287 1884 et
1324 1830 1644 1899 poenitentia
1674 1831 1912 1896 ducitur,
1938 1842 1994 1888 et

422 1910 676 1980 ignorat:
706 1930 833 1969 nam
876 1915 1033 1984 illud,
1069 1934 1247 1974 secum
1296 1922 1579 1990 reputavit,
1626 1921 1993 1978 consideratio

418 2011 525 2070 est,
551 2019 659 2074 qua
685 2006 884 2078 aliquis
913 2009 985 2065 ob
1014 2024 1204 2066 eorum
1231 2026 1353 2082 qum
1381 2012 1529 2082 cupit
1564 2013 1988 2084 ignorationem,

418 2091 584 2147 ﬁnem
614 2094 904 2167 diligenter
928 2100 1216 2169 explorare
1245 2103 1392 2170 vult;
1435 2112 1531 2159 aut
1556 2112 1640 2160 est
1677 2105 1991 2175 paenitentis

421 2186 491 2245 de
517 2203 576 2243 re
613 2206 735 2259 quae
762 2202 960 2261 praeter
987 2196 1313 2251 sententiam
1357 2197 1606 2267 contigit.
1644 2197 1801 2265 Quod
1822 2199 1989 2254 etiam

418 2279 687 2350 scriptum
716 2292 802 2339 est
826 2302 840 2339 :
869 2282 1137 2342 Oderatus
1172 2297 1251 2343 est
1286 2288 1549 2344 Dominus
1571 2291 1786 2345 odorem
1814 2290 1992 2347 suavi-

418 2372 545 2426 tatis
574 2374 651 2441 ";
682 2374 974 2446 indigentis
999 2387 1082 2433 est
1101 2416 1118 2443 ,
1148 2387 1204 2435 et
1254 2379 1446 2438 nidore
1476 2382 1725 2439 carnium
1755 2382 1990 2439 delecta-

415 2472 533 2521 tum
557 2467 748 2535 fuisse,
766 2484 876 2525 non
902 2470 1053 2531 boni.
1078 2471 1313 2529 Tentare
1329 2482 1539 2540 autem,
1562 2475 1706 2532 sicut
1720 2476 1987 2548 scriptum

414 2566 504 2616 est
536 2579 550 2616 :
622 2559 864 2617 Tentavit
916 2561 1175 2619 Dominus
1200 2565 1563 2621 Abrahamum
1594 2568 1664 2636 “;
1720 2568 1850 2625 mali
1878 2576 1985 2635 est,

412 2665 480 2708 ac
506 2652 627 2722 ejus
649 2654 743 2725 qui
774 2654 985 2725 ignoret
1008 2657 1215 2713 exitum
1243 2659 1539 2727 patientiae.

484 2785 775 2841 XXXVIII.
804 2786 1003 2858 Sicque
1027 2789 1234 2856 Simon,
1269 2791 1455 2847 multis
1483 2792 1780 2863 Scriptura:
1801 2795 1984 2865 dictis,

416 2878 564 2934 male
590 2880 890 2950 assumptis
917 2882 1151 2951 probare
1178 2883 1455 2938 nitebatur
1484 2883 1654 2940 Deum
1678 2888 1900 2957 perinde
1920 2904 1985 2944 ac

414 2970 669 3026 homines
690 2970 840 3025 omni
861 2974 1203 3044 perpessioni
1225 2974 1523 3031 obnoxium
1554 2990 1695 3033 esse.
1721 2977 1861 3035 Tum
1882 2978 1984 3037 Pe-

2177 741 2439 799 XXXVII.
2476 743 2683 798 Αὐτίκα
2712 742 2843 814 γοῦν
2887 745 2917 799 6
2964 744 3088 801 καθ’
3113 746 3370 817 ὁμοίωσιν
3396 744 3581 801 αὑτοῦ
3604 764 3709 816 τε·

2104 834 2277 903 γονὼς
2321 836 2509 907 Ἂδάμ,
2540 836 2635 890 καὶ
2661 836 2859 906 τυφλὸς
2892 838 3133 904 κτίζεται
3155 839 3197 902 ⁸,
3237 840 3335 919 se:
3358 832 3403 908 ᾧ
3433 840 3539 893 καὶ
3585 857 3706 894 πα-

2103 926 2346 999 ραϐάτης
2381 927 2717 997 εὑρίσκεται,
2766 930 2862 983 καὶ
2894 928 2990 983 τοῦ
3046 930 3069 962 ⁸
3109 930 3245 984 Θεοῦ
3271 931 3293 963 '
3335 930 3703 994 ἐκϐάλλεται,

2100 1020 2193 1074 καὶ
2222 1019 2433 1091 θανάτῳ
2457 1024 2800 1095 τιμωρεῖται.
2866 1022 3095 1097 Ὁμοίως
3141 1040 3202 1076 τε
3245 1022 3340 1078 καὶ
3386 1024 3415 1077 6
3464 1022 3705 1087 πλάσας

2099 1112 2280 1175 αὑτὸν,
2305 1112 2426 1166 ἐπεὶ
2483 1114 2558 1185 μὴ
2588 1114 2657 1172 τὰ
2707 1115 2884 1170 πάντα
2910 1116 3032 1186 ὁρᾷ,
3058 1116 3149 1169 ἐπὶ
3184 1118 3253 1187 τῇ
3294 1116 3555 1187 Σοδόμων
3590 1134 3705 1169 κα-

2096 1208 2393 1276 ταστροφῇ·
2441 1206 2640 1270 Δεῦτε,
2669 1206 2835 1276 λέγει,
2886 1208 2985 1260 καὶ
3021 1208 3386 1276 καταϐάντες
3437 1208 3699 1277 ἴδωμεν,

2094 1298 2147 1349 ει
2197 1297 2347 1350 κατὰ
2400 1296 2515 1365 τὴν
2582 1298 2851 1367 κραυγὴν
2905 1298 3103 1353 αὐτῶν
3164 1298 3278 1368 τὴν
3341 1300 3704 1369 ἐρχομένην

2094 1385 2244 1453 πρὸς
2264 1385 2341 1455 μὲ
2371 1388 2838 1454 συντελοῦντα,
2868 1391 2921 1444 ει
2964 1388 3033 1443 δὲ
3074 1388 3185 1460 μὴ,
3228 1391 3330 1446 ἵνα
3381 1388 3545 1461 γνῶ·
3588 1394 3699 1447 καὶ

2095 1477 2393 1544 ἀγνοοῦντα
2427 1480 2618 1534 έαυτδν
2667 1480 2923 1534 δείκνυσι.
2975 1481 3067 1552 Τῷ
3094 1482 3150 1535 δὲ
3180 1484 3355 1537 εἰπεῖν
3403 1484 3539 1553 περὶ
3588 1482 3696 1536 τοῦ

2107 1568 2275 1639 Ἀδάμ
2296 1586 2308 1598 ·
2356 1570 2732 1642 Ἐκὸάλωμεν
2758 1572 2964 1636 αὐτὸν,
3002 1572 3088 1643 μή
3119 1590 3245 1640 πως
3270 1574 3546 1639 ἐκτείνας
3566 1573 3699 1641 τὴν

2094 1659 2264 1727 χεῖρα
2317 1662 2504 1715 αὐτοῦ
2566 1663 2793 1733 ἅψηται
2844 1663 2952 1719 τοῦ
2992 1664 3187 1729 ξύλου
3243 1663 3356 1733 τῆς
3397 1664 3556 1731 ζωῆς
3584 1666 3695 1719 καὶ

2092 1750 2273 1821 φάγῃ,
2310 1753 2408 1806 καὶ
2446 1753 2609 1820 ζήσει
2642 1755 2681 1786 ¹¹
2712 1756 2800 1822 εις
2857 1755 2966 1810 τὸν
3011 1755 3224 1821 αἰῶνα,
3254 1756 3441 1827 φθονεῖ
3465 1757 3535 1810 ¹¹.
3568 1758 3692 1811 Καὶ

2092 1842 2171 1913 τῷ
2225 1844 2575 1915 γεγράφθαι,
2654 1847 2768 1900 ὅτι·
2853 1848 3223 1919 Ένεθυμήθη
3291 1853 3328 1905 ὁ
3382 1850 3532 1918 Θεὸς
3592 1850 3689 1905 ὅτι

2092 1934 2342 2002 ἐποίησε
2370 1936 2477 1990 τὸν
2501 1938 2843 2005 ἄνθρωπονο
2896 1941 2993 1994 καὶ
3026 1944 3294 2012 μετανοεῖ,
3331 1942 3426 1995 καὶ
3453 1944 3683 2011 ἀγνοεϊο

2092 2025 2154 2080 τὸ
2184 2026 2292 2098 γὰρ
2341 2028 2698 2098 ἐνεθυμήθη,
2757 2031 2949 2102 σκέψις
2998 2032 3137 2097 ἐστὶ,
3222 2049 3309 2097 τις
3357 2033 3427 2087 δι’
3449 2035 3683 2103 ἄγνοιαν

2090 2109 2165 2173 ὧν
2199 2117 2465 2187 βούλεται,
2514 2119 2577 2173 τὸ
2614 2120 2772 2186 τέλος
2825 2123 3131 2194 ἀκριδῶσαι
3178 2125 3344 2192 θέλει,
3387 2126 3423 2196 ἦ
3462 2128 3559 2181 ἐπὶ
3600 2128 3685 2199 τῷ

2090 2209 2241 2280 παρά
2274 2210 2318 2243 ⁸³
2357 2210 2582 2282 γνώμην
2636 2213 2903 2269 ἀποϐάντι
2961 2217 3432 2289 μεταμελουμένου
3471 2220 3533 2275 ’⁵.
3565 2223 3684 2276 Καὶ

2088 2289 2477 2373 τὸγεγράφθαι
2533 2303 2618 2359 ὅτι
2662 2305 2738 2340 ⁸⁸·
2813 2305 3153 2377 Ὠσερρόνθη
3196 2311 3416 2378 Κύριος
3470 2312 3683 2381 ὀσμήν

2087 2394 2356 2461 εὐωδίας,
2403 2395 2617 2461 ἐνδεοῦς
2664 2398 2803 2464 ἐστι,
2832 2400 2927 2454 καὶ
2973 2401 3036 2454 τὸ
3080 2402 3173 2456 ἐπὶ
3213 2402 3406 2476 κνίσσῃ
3450 2405 3683 2475 σαρκῶν

2088 2486 2340 2558 ἡσθῆναι,
2398 2487 2497 2542 οὐκ
2559 2489 2786 2559 ἀγαθοῦ.
2840 2493 2917 2545 T6
2974 2491 3031 2546 δὲ
3091 2493 3396 2565 πειράζειν,
3456 2496 3535 2559 ὡς
3578 2496 3677 2566 γέ-

2086 2594 2331 2659 γραπται
2385 2579 2469 2633 ὅτι
2521 2581 2595 2612 ⁸⁷·
2652 2582 2949 2651 Ἐπείραζέ
2976 2586 3194 2653 Κύριος
3242 2586 3350 2640 τὸν
3389 2586 3675 2659 Ἀϐραὰμ,

2087 2648 2278 2735 καῖοῦ,
2301 2673 2395 2726 καὶ
2431 2673 2493 2727 τὸ
2520 2674 2673 2738 τέλος
2705 2648 3112 2747 τῆς-ὑπομονῇς
3136 2648 3476 2747 ἀγνοοῦντος.

2157 2782 2450 2839 xxxvm.
2503 2786 2681 2858 Ὀμῶς
2706 2789 2734 2842 6
2759 2788 2940 2859 Σίμων
2966 2788 3139 2844 πολλὰ
3178 2790 3278 2862 τῆς
3317 2791 3545 2862 Γραφῆς
3571 2809 3679 2846 κσ-

2086 2874 2197 2937 κῶς
2225 2875 2602 2947 ἑκλαμῦάνων,
2624 2878 2887 2934 δεικνύειν
2914 2879 3143 2934 ἔσπευδε
3164 2880 3329 2935 παντὶ
3372 2882 3539 2937 πάθει
3560 2886 3677 2948 τοῖς

2086 2966 2391 3038 ἀνθρώποις
2405 2968 2605 3039 ὁμοίως
2634 2970 2726 3023 τὸν
2766 2970 2900 3025 Θεὸν
2942 2972 3323 3044 ὑποκείμενον.
3362 2974 3477 3025 Kal.
3505 2976 3533 3027 6
3564 2974 3675 3026 Πέ-

413 3073 563 3116 trus:
593 3060 697 3126 An,
732 3059 933 3130 inquit,
966 3062 1060 3133 qui
1088 3064 1265 3122 malus
1288 3080 1351 3121 ac
1388 3066 1545 3136 plane
1566 3067 1846 3137 improbus
1873 3080 1979 3141 est,

2088 3072 2245 3128 τροςσ
2277 3058 2343 3112 El
2366 3059 2531 3131 μηδὲν
2566 3060 2611 3093 ¹⁹
2635 3061 2845 3133 ἀγαπᾷ,
2900 3064 3087 3134 φησὶν,
3118 3065 3147 3118 6
3188 3064 3359 3128 κακὸς
3391 3065 3491 3117 καὶ
3525 3066 3675 3121 πάνυ

411 3152 726 3208 nullatenus
747 3152 875 3207 velit
902 3168 962 3208 se
992 3153 1110 3223 ipse
1154 3170 1386 3228 arguere
1412 3157 1468 3212 in
1522 3158 1591 3213 iis
1624 3174 1745 3229 qua:
1768 3171 1976 3230 peccat,

414 3243 686 3313 responde
712 3242 866 3297 mihi.
906 3242 1095 3298 Simon
1134 3244 1449 3315 reSpondit:
1483 3245 1707 3303 Minime
1735 3249 1885 3303 velit.
1915 3249 1981 3307 Et

409 3332 787 3399 PetruszQuo
812 3334 977 3389 modo
1002 3334 1167 3406 igitur
1206 3336 1384 3391 malus
1423 3350 1488 3392 ac
1532 3337 1815 3409 improbus
1857 3356 1981 3396 esse

409 3433 589 3494 potest
633 3424 818 3491 Deus,
874 3439 999 3479 cum
1033 3425 1204 3495 ipsius
1255 3426 1536 3481 voluntate
1583 3427 1875 3497 opprobria
1922 3429 1979 3487 in

410 3518 561 3571 illum
594 3515 923 3584 conscripta,
947 3516 1162 3585 publice
1187 3516 1466 3586 proposita
1480 3516 1631 3573 sint?
1657 3517 1736 3574 Ac
1764 3517 1977 3577 Simon:

409 3609 553 3664 Fieri
578 3617 776 3678 potest,
809 3615 871 3662 ut
901 3607 1050 3663 illius
1079 3608 1431 3677 reprehensio
1483 3610 1618 3666 citra
1644 3611 1819 3681 ipsius
1854 3627 1978 3669 sen-

408 3700 633 3754 tentiam
678 3699 747 3753 ab
777 3699 883 3761 alia
914 3697 1141 3760 ;Virtute
1194 3701 1265 3755 sit
1307 3703 1530 3770 scripta.
1574 3701 1720 3759 Dixit
1746 3702 1975 3759 Petrus:

408 3789 653 3845 Primum
687 3804 817 3858 ergo
856 3790 959 3844 hoc
993 3805 1323 3859 quaeramus.
1359 3790 1416 3845 Si
1459 3807 1561 3847 suo
1594 3794 1814 3867 quidem
1847 3810 1979 3852 con-

408 3880 535 3937 silio
564 3896 622 3935 se
650 3881 1017 3951 reprehendit,
1053 3890 1114 3937 ut
1144 3889 1202 3936 tu
1233 3882 1387 3952 prius
1414 3884 1557 3939 ultro
1586 3885 1873 3943 confessus
1895 3903 1977 3953 es,

409 3973 695 4043 improbus
718 3987 827 4028 non
847 3984 964 4028 est:
996 3973 1080 4029 sin
1107 3989 1237 4029 vero
1264 3975 1368 4030 alia
1416 3975 1627 4036 Virtute
1650 4018 1665 4045 ,
1698 3979 1979 4049 inquiren-

405 4065 538 4121 dum
563 4057 761 4121 est'ac
804 4066 1063 4125 omnibus
1109 4065 1319 4123 viribus
1348 4069 1798 4136 examinandum,
1844 4087 1976 4127 num

405 4156 533 4228 quis
563 4171 689 4212 eum
716 4157 811 4227 qui
846 4156 999 4213 solus
1030 4158 1208 4215 bonus
1250 4159 1470 4228 existat,
1509 4161 1766 4217 omnibus
1818 4163 1976 4220 malis

404 4248 719 4319 subiecerit.

2086 3149 2378 3221 μοχθηρὸς,
2415 3151 2503 3221 ἐφ’
2529 3145 2612 3215 οἷς
2645 3153 2951 3225 ἁμαρτάνει
2979 3154 3167 3209 ἑαυτὸν
3211 3154 3458 3226 ἐλέγχειν
3479 3198 3495 3221 ,
3534 3156 3677 3210 ἀπό-

2082 3240 2263 3306 κριναί
2292 3258 2399 3311 μοι.
2428 3241 2539 3295 Kal.
2559 3243 2588 3295 6
2615 3242 2797 3313 Σίμων
2816 3260 2830 3277 '
2873 3245 2987 3300 Οὐκ
3027 3245 3238 3317 ἀγαπᾷ,
3270 3245 3380 3317 ἔφη
3402 3263 3418 3278 ·
3476 3246 3591 3300 Kal.
3642 3247 3675 3299 6

2084 3331 2319 3403 Πέτροςο
2349 3331 2474 3395 Πῶς
2498 3328 2591 3386 οῦν
2634 3332 2803 3396 κακὸς
2841 3334 2935 3387 καὶ
2977 3334 3246 3407 μοχθηρὸς
3273 3331 3413 3389 εἶναι
3440 3335 3672 3391 δύναται

2080 3423 2109 3475 6
2129 3422 2280 3487 Θεὸς,
2302 3422 2461 3494 εἴπερ
2489 3422 2658 3477 αὐτοῦ
2682 3423 2953 3495 θελήματι
2979 3424 3048 3483 τά
3095 3428 3216 3479 κατ’
3242 3425 3411 3481 αὐτοῦ
3449 3427 3603 3481 δεινά
3622 3428 3672 3460 ³⁸

2080 3510 2312 3582 δημοσίᾳ
2338 3511 2618 3582 γραφέντα
2645 3512 2910 3584 προετέθη
2932 3530 2947 3578 ;
2982 3515 3092 3567 Kal
3113 3516 3141 3568 6
3160 3514 3363 3585 Σίμων’
3417 3516 3671 3587 Ἐνδέχε-

2079 3616 2169 3653 ται
2194 3600 2269 3671 μὴ
2302 3599 2443 3654 κατά
2470 3602 2788 3673 προαίρεσιν
2824 3600 2989 3656 αὑτοῦ
3015 3604 3104 3672 ὑφ’
3149 3602 3342 3677 ἐτέρας
3364 3604 3673 3679 Δυνάμεως

2082 3686 2170 3740 τὸν
2195 3689 2315 3741 κατ’
2335 3686 2514 3741 αὐτῶν
2536 3690 2813 3761 γραφῆναι
2832 3688 3075 3760 ἔλεγχον.
3112 3692 3224 3745 Kal.
3241 3694 3269 3745 6
3287 3693 3499 3765 Πέτρος
3526 3695 3666 3767 ἔφη·

2080 3777 2303 3849 Πρῶτον
2322 3772 2414 3831 οὖν
2432 3777 2591 3833 τοῦτο
2610 3780 2952 3851 ζητήσωμεν.
2979 3783 3041 3835 Ei
3069 3783 3167 3853 μὲν
3208 3783 3314 3836 ὑπὸ
3338 3784 3440 3855 τῆς
3464 3786 3668 3840 ἑαυτοῦ

2079 3868 2273 3941 βουλῆς
2290 3870 2485 3923 ἑαυτοῦ
2516 3871 2759 3942 ἤλεγξεν,
2789 3873 2865 3936 ὼς
2899 3873 3109 3943 φθάσας
3133 3875 3196 3927 σὺ
3222 3876 3491 3947 πρότερον
3511 3879 3669 3950 ὠμοο

2077 3958 2333 4033 λόγησας,
2370 3960 2642 4032 μοχθηρὸς
2665 3962 2765 4014 οὐκ
2795 3962 2971 4017 ἐστιν·
3021 3964 3070 4017 εί
3097 3964 3153 4017 δὲ
3193 3966 3288 4019 καὶ
3331 3968 3423 4036 ὑφ’
3466 3969 3669 4042 ἑτέρας

2060 4047 2374 4120 Δυνάμεως,
2414 4048 2675 4123 ζητητέον
2703 4052 2799 4105 καὶ
2830 4054 2995 4108 παντὶ
3011 4054 3185 4110 σθένει
3208 4056 3547 4125 ἐξεταστέον,
3586 4063 3664 4133 μή

2075 4152 2159 4198 τις
2176 4136 2338 4190 αὐτὸν
2388 4137 2545 4207 μόνον
2580 4139 2785 4208 ἀγαθὸν
2821 4141 2971 4207 ὄντα,
3018 4144 3113 4199 ἐπὶ
3158 4146 3420 4212 πᾶσιτοῖς
3468 4154 3666 4217 κακοῖς

2077 4228 2314 4284 ὑπέλαϐε
2342 4231 2411 4284 ²¹.

474 4361 720 4417 XXXIX.
763 4361 830 4418 Et
860 4361 1083 4419 Simon:
1112 4363 1459 4421 Manifestum
1499 4377 1582 4422 est
1610 4375 1661 4423 te
1687 4368 1831 4428 nolle
1879 4384 1976 4425 au-

2149 4385 2391 4444 ΧΧΧΙΧ.
2424 4390 2535 4445 Καὶ
2571 4392 2600 4447 6
2647 4392 2861 4463 Σίμων’
2905 4394 3178 4466 Πρόδηλος
3222 4392 3275 4449 εἴ
3299 4398 3520 4467 φεύγων
3550 4400 3662 4455 ἀπὸ

405 4454 523 4511 dire
547 4470 615 4510 ex
649 4453 947 4525 Scripturis
971 4457 1453 4526 reprehensionem
1486 4458 1581 4513 Dei
1611 4460 1711 4516 tui.
1759 4460 1837 4518 Ac
1872 4461 1975 4517 Pe-

404 4554 551 4602 trus:
582 4548 707 4617 Ipse
728 4546 781 4601 id
804 4543 986 4602 facere
1014 4546 1147 4601 mihi
1177 4547 1411 4614 videris;
1444 4549 1539 4621 qui
1562 4548 1706 4605 enim
1724 4551 1971 4608 ordinem

403 4639 726 4709 quaestionis
780 4640 937 4704 vitat,
989 4656 1218 4701 examen
1264 4658 1452 4699 verum
1508 4642 1622 4699 ﬁeri
1674 4659 1785 4699 non
1836 4646 1970 4702 vult.

405 4726 560 4785 Unde
580 4746 680 4802 ego
708 4731 801 4807 qui
826 4732 1017 4793 ordine
1042 4744 1187 4798 utor,
1216 4742 1270 4789 et
1292 4734 1411 4789 volo
1448 4736 1688 4806 primum
1734 4738 1971 4817 scripto-

405 4834 520 4874 rem
566 4821 941 4890 considerari;
976 4823 1264 4880 manifeste
1312 4828 1476 4897 cupio
1503 4837 1651 4885 recta
1700 4831 1787 4888 via
1820 4830 1972 4886 ince-

406 4911 553 4971 dere,
586 4910 721 4971 Tum
752 4912 940 4969 Simon
965 4932 977 4968 :
1009 4914 1195 4972 Primo
1224 4916 1413 4984 fatere,
1440 4935 1509 4975 an
1538 4936 1663 4978 vera
1694 4924 1805 4977 sint
1850 4938 1973 4994 quae

407 5001 609 5071 scripta
633 5013 761 5057 sunt
787 5003 841 5058 in
866 5007 1053 5061 mundi
1085 5008 1367 5077 opificem;
1395 5026 1493 5066 nec
1515 5012 1586 5068 sit
1611 5014 1857 5070 omnium
1885 5032 1972 5073 su-

406 5106 650 5163 premus,
684 5110 807 5149 cum
857 5096 1015 5166 juxta
1046 5097 1360 5170 Scripturas
1394 5105 1543 5160 omni
1596 5108 1854 5177 nequitia:
1900 5110 1972 5165 sit

407 5185 721 5254 obnoxius;
755 5196 809 5242 et
834 5200 1020 5258 postea
1051 5193 1368 5260 scriptorem
1406 5214 1735 5256 quaeremus.
1777 5201 1970 5260 Petrus

2076 4478 2185 4533 τῶν
2199 4481 2430 4553 Γραφῶν
2450 4481 2684 4536 ἀκοῦσαι
2699 4483 2790 4537 τὸν
2827 4486 2968 4539 κατά
2985 4486 3079 4539 τοῦ
3105 4486 3241 4540 Θεοῦ
3274 4505 3368 4541 σου
3411 4490 3657 4561 ἔλεγχον.

2077 4570 2189 4625 Kal.
2216 4572 2245 4624 6
2277 4571 2509 4644 Πέτρος·
2538 4572 2710 4637 Αὐτός
2736 4590 2825 4645 μοι
2872 4575 3037 4649 φαίνῃ
3064 4576 3223 4631 τοῦτο
3246 4580 3417 4634 ποιῶν
3434 4599 3446 4611 ·
3489 4584 3521 4635 6
3549 4583 3659 4657 γὰρ

2073 4662 2227 4728 τάξιν
2252 4661 2533 4736 ζητήσεως
2562 4665 2800 4734 φεύγων,
2837 4666 3082 4731 ἐξέτασιν
3111 4670 3286 4743 ἀληθῆ
3316 4674 3573 4743 γενέσθαι
3592 4676 3658 4729 οὐ

2077 4753 2342 4825 βούλεται.
2386 4755 2548 4838 ᾭθεν
2585 4756 2696 4825 ἐγὼ
2728 4760 2795 4829 τῇ
2825 4758 2976 4825 τάξει
3004 4760 3307 4833 χρώμενος,
3340 4767 3434 4819 καὶ
3464 4767 3658 4838 βουλό-

2080 4863 2238 4917 μενος
2262 4828 2479 4915 πρῶτῶ
2491 4848 2581 4900 τὸν
2603 4828 2922 4918 συγγραφέα
2946 4828 3221 4922 νοηθῆναι,
3252 4828 3520 4929 πρόδηλύς
3538 4861 3657 4930 ειμι

2073 4932 2171 5004 τὴν
2193 4934 2405 4988 εὐθεῖαν
2430 4934 2633 4991 ὁδεύειν
2659 4937 2846 4992 θέλων.
2870 4941 3020 4993 Kal.6
3044 4942 3252 5013 Σίμων·
3290 4946 3656 5020 Ὀμολύγησον

2076 5026 2310 5096 πρῶτον,
2339 5026 2393 5078 εἴ
2411 5043 2474 5095 γε
2499 5026 2567 5080 τὰ
2606 5028 2747 5083 κατά
2782 5029 2877 5083 τοῦ
2919 5031 3249 5105 δημιουργοῦ
3287 5041 3657 5112 γεγραμμένα

2076 5116 2251 5189 ἀληθῆ
2269 5120 2404 5182 ἐστι,
2436 5119 2528 5173 καὶ
2544 5118 2643 5172 οὐκ
2664 5119 2810 5177 ἔστιν
2832 5122 2861 5174 6
2886 5122 2994 5176 τῶν
3021 5124 3158 5179 ὅλων
3189 5127 3479 5211 ἀνῴιτερος,
3509 5134 3654 5189 κατά

2073 5208 2171 5273 τὰς
2212 5211 2435 5283 Γῳφάς
2461 5211 2611 5284 πάσῃ
2632 5211 2986 5285 ὑποκείμενος
3018 5208 3323 5291 μοχθηρία,
3362 5221 3460 5275 καὶ
3486 5222 3651 5280 ὕστε-

1682 5321 1914 5378 VARUE
1951 5324 2354 5383 LECTIONES.

480 5419 517 5501 ι.
537 5420 607 5501 3.1.
682 5422 990 5501 ελάειίμκςιὶΔ
1020 5429 1218 5497 γνῶσιν
1260 5432 1463 5501 ἀγαθοῦ
1496 5441 1655 5501 τυχδν

407 5489 1146 5578 εᾼίινίηο,ραιζαάὶδο-Οξειικ
1195 5505 1216 5537 ⁷
1245 5489 1322 5578 al:
1360 5489 1711 5578 παραδείσου.

409 5556 569 5680 ea

1699 5437 1732 5561 ἦ
1773 5440 2606 5569 κῗκὲἒηῗένῗῆῗέἶῗωείῗέἓῗ

1877 5509 2011 5565 Gen.
2040 5509 2193 5577 ivrii,
2230 5509 2317 5569 21.

651 5564 811 5657 ‘jlal‘.’
828 5569 930 5657 ~acla‘t
962 5568 1162 5657 (ρεθοίνεῖ.
1242 5573 1285 5605 ¹³
1325 5574 1410 5657 al._
1442 5564 1709 5657 ausa.
1749 5580 1819 5657 al.
1861 5564 2019 5657 διατά.
2041 5564 2071 5566 ἡ
2099 5564 2879 5657 ίί-ΞιΙῙ-μεταιῖελομένδυῗ-ὐ
2906 5589 2974 5645 al.

579 5634 621 5669 ιν
660 5635 731 5687 al.
769 5636 895 5691 Kai.
975 5634 1018 5671 ιε
1052 5637 1185 5696 Gen.
1223 5634 1455 5712 xxu,1.‘
1504 5634 1563 5679 ἠ
1593 5648 1665 5703 al.
1708 5651 1803 5720 μή.
1883 5652 1927 5683 πο
1961 5634 2029 5709 al.
2073 5634 2252 5711 κακᾶἷ
2300 5634 2961 5725 ⁸ίῖᾜ¹ἇὲὶὲὰῖἐᾜιωωωῖ

2722 5445 3070 5527 uror-terret?
3116 5451 3260 5507 Θείου
3292 5456 3642 5527 παραδείσων

2396 5516 2417 5547 ⁹
2450 5515 2585 5590 Gen.
2623 5530 2708 5590 ιιι,
2741 5516 2877 5590 22η
2921 5520 2966 5590 Ψ
2998 5519 3136 5576 Gen.
3187 5539 3265 5590 vr,
3321 5515 3385 5582 6.’
3475 5528 3521 5561 ⁸⁸
3569 5515 3643 5586 ηιξ

3262 5595 3308 5630 ⁸⁸
3344 5596 3481 5653 Gen.
3508 5613 3640 5669 νω.
