3834 6220
1047 140 1504 200 CLEMENTINA.
1538 169 1607 182 —-
1645 140 1942 197 EPI'I‘OME
1977 140 2067 197 DE
2101 139 2347 199 GESTIS
2381 140 2438 197 S.
2478 139 2702 197 PETRI.

3381 135 3486 189 50?.

223 287 338 343 ρον
358 268 669 342 ζητήσομεν
702 270 750 302 ³⁸
781 269 875 325 τὸν
915 236 1320 342 συγγράψαντα.
1378 272 1488 325 Καὶ
1513 272 1542 323 6
1579 269 1779 341 Πέτρος

1919 274 2132 325 autem:
2163 266 2241 322 Ne
2273 267 2330 322 id
2350 267 2417 323 de
2455 283 2543 323 me
2573 265 2848 329 videatur,
2875 260 3202 334 respondeo.
3229 258 3342 330 Ego
3372 258 3483 322 aio,

222 364 368 417 Ἵνα
399 361 473 433 μὴ
519 361 653 429 δόξω
689 363 773 427 ’⁸,
801 362 1185 434 ἀποκρίνομαι.
1246 361 1384 431 Ἐγώ
1438 380 1578 433 φημι
1626 363 1709 416 ὅτι
1748 361 1817 415 τὰ

219 452 508 507 δοκοῦντά
536 470 618 506 σοι
653 452 829 509 ταῦτα
856 454 998 507 κατὰ
1022 452 1155 507 Θεοῦ
1173 454 1502 526 γεγράφθαι,
1520 453 1692 526 ἀληθῆ
1718 454 1816 525 μέν

220 547 395 600 ἐστιν
412 562 427 577 ο
460 543 595 599 ἀλλὰ
623 544 718 599 καὶ
742 544 937 609 οὕτως,
957 544 1110 600 οὔπω
1134 546 1226 600 τὸν
1246 546 1377 599 Θεὸν
1402 546 1640 601 δείκνυσι
1683 564 1815 617 μοχ-

221 635 435 707 θηρὸν.
453 638 562 691 Καὶ
597 637 625 690 ὁ
654 637 857 709 Σίμων’
898 637 1025 702 Πῶς
1057 633 1170 701 οῦν,
1200 637 1325 709 ἔφη,
1357 638 1515 693 τοῦτο
1552 641 1814 713 συστῆσαι

215 727 466 783 δύνασαι
489 745 511 795 ;

306 819 433 875 XL.
459 822 569 877 Καὶ
595 824 623 878 6
642 821 874 895 Πέτρος·
909 822 1014 876 Τὸν
1054 822 1223 895 Ἀδὰμ
1260 824 1460 895 τυφλὸν
1487 822 1667 893 λέγεις
1692 842 1814 895 γεν-

214 910 490 982 νηθῆναι,
523 913 657 983 ὅπερ
676 914 776 967 οὐκ
802 908 889 985 ἦν.
933 914 1008 967 Οὐ
1034 914 1144 986 γὰρ
1171 914 1237 969 ἂν
1279 916 1463 987 τυφλῷ
1502 916 1813 988 ἐντελλόμε-

214 1018 322 1064 νος
343 1001 588 1056 ἐδείκνυε
617 1002 817 1071 λέγων’
879 1003 1007 1058 Ἀπὸ
1036 1003 1105 1056 δὲ
1136 1004 1239 1060 τοῦ
1268 1004 1458 1069 ξύλου
1504 1006 1609 1061 τοῦ
1641 1007 1811 1076 γινώ-

214 1108 413 1146 σκειν
431 1094 620 1147 καλὸν
646 1094 745 1147 καὶ
773 1095 1057 1163 πονηρὸν,
1083 1096 1169 1165 μὴ
1196 1097 1514 1165 γεύσησθε.
1549 1099 1659 1152 Kal.
1677 1101 1705 1152 6
1725 1100 1812 1152 Σί-

216 1198 352 1253 μων
382 1183 719 1255 μεταϐαλώνο
757 1184 966 1255 Τυφλὸν
995 1184 1148 1253 ἔλεγε
1165 1198 1191 1225 α
1234 1186 1325 1240 τὸν
1349 1188 1473 1241 νοῦν
1501 1186 1810 1242 αὐτοῦ.Κώ¹

210 1275 247 1326 ὁ
271 1274 508 1346 Πέτρος
535 1274 659 1340 Πῶς
686 1277 780 1330 καὶ
809 1276 901 1329 τὸν
944 1275 1069 1330 νοῦν
1102 1277 1303 1345 τυφλὸς
1342 1278 1570 1349 ἠδύνατο
1593 1277 1753 1345 εἶναι,
1780 1284 1809 1334 6

207 1362 334 1433 πρὸ
362 1362 459 1417 τοῦ
486 1363 783 1433 γεύσασθαι
808 1363 903 1417 τοῦ
933 1364 1120 1435 φυτοῦ,
1151 1364 1545 1440 συμφώνωςτῷ
1564 1370 1807 1423 κτίσαντι

205 1453 393 1507 αὑτὸν
410 1456 583 1508 οἰκεῖα
610 1456 774 1510 πᾶσιν
800 1454 1007 1518 ἐπιθεὶς
1048 1457 1161 1519 τοῖς
1204 1456 1363 1522 ζώοις
1394 1458 1666 1531 ὀνόματα;
1698 1461 1807 1513 Καὶ

204 1544 242 1596 6
264 1543 487 1616 Σίμων’
516 1547 579 1600 Εἰ
611 1547 918 1618 πρόγνωσιν
950 1544 1095 1620 εἶχεν
1138 1549 1337 1621 Ἀδὰμ,
1367 1550 1522 1604 διὰτί
1554 1552 1616 1605 οὑ
1645 1553 1805 1624 προέ-

1916 359 2041 427 ista,
2094 375 2215 429 quae
2260 359 2356 414 tibi
2403 368 2695 413 censentur
2725 357 2988 412 adversus
3030 354 3197 409 Deum
3255 352 3478 421 scripta,

1914 467 2041 506 vera
2075 451 2294 521 quidem
2318 466 2476 518 esse;
2509 465 2698 504 verum
2732 450 2897 504 etiam
2926 447 3027 514 sic,
3047 462 3155 501 non
3195 445 3482 500 ostendere

1914 543 2083 598 Deum
2112 559 2234 599 esse
2272 543 2601 612 improbum.
2620 541 2725 608 Qui
2749 557 2900 611 ergo,
2931 538 3109 609 inquit
3140 535 3351 604 Simon,
3377 534 3481 588 hoc

1911 646 2069 707 potes
2098 636 2412 692 astruere?‘

1984 817 2097 873 XL.
2135 817 2180 850 "
2210 819 2280 872 At
2311 817 2543 873 Petrus:
2587 818 2857 873 Adamum
2881 816 3019 872 dicis
3042 829 3246 870 caecum
3276 811 3479 865 forma-

1913 922 2026 967 tum
2056 928 2210 980 esse;
2236 911 2380 981 quod
2407 922 2585 966 tamen
2611 912 2699 966 ille
2728 926 2832 966 non
2862 920 2996 966 erat.
3022 906 3140 963 Non
3163 906 3309 962 enim
3334 921 3478 961 caeco

1910 1003 2230 1075 praecipiens
2258 1004 2604 1067 ostendisset,
2632 1019 2696 1058 ac
2724 1004 2951 1059 dixisset
2974 1021 2987 1057 ε
3025 1001 3109 1055 De
3136 1001 3278 1069 ligno
3303 1007 3477 1053 autent

1909 1094 2143 1149 scientiae
2171 1094 2291 1147 boni
2314 1102 2364 1147 et
2394 1094 2524 1147 mali
2557 1110 2619 1147 ne
2645 1096 2861 1165 gustetis
2887 1094 2955 1147 ".
2990 1091 3050 1148 Et
3082 1090 3273 1147 Simon
3298 1091 3474 1144 inver-

1909 1196 2028 1241 tens
2061 1185 2371 1253 resliondit:
2423 1184 2637 1239 Caecam
2681 1186 2817 1240 dixit
2871 1195 3105 1241 mentem
3147 1183 3340 1253 ipsius.
3398 1181 3476 1233 Ac

1906 1274 2133 1331 Petrus:
2182 1274 2299 1342 Qua
2338 1276 2554 1331 ratione
2609 1285 2790 1331 mente
2844 1292 3022 1332 caecus
3073 1289 3192 1330 esse
3240 1279 3472 1342 poterat,

1906 1367 1999 1438 qui
2019 1378 2308 1437 antequam
2336 1376 2607 1437 gustasset
2629 1366 2891 1435 fructum,
2912 1367 3295 1423 convenienter
3319 1378 3474 1417 crea-

1906 1459 2012 1514 tori
2042 1460 2237 1529 ipsius,
2290 1459 2505 1529 prOpria
2537 1459 2792 1515 omnibus
2835 1459 3162 1513 animalibus
3216 1456 3475 1525 imposuit

1907 1552 2168 1606 nomina?
2200 1550 2387 1607 Simon
2416 1567 2578 1607 vero:
2607 1550 2664 1605 Si
2696 1551 2938 1605 Adamus
2964 1549 3350 1620 praenotionem
3378 1549 3475 1601 ha-

204 1651 337 1704 γνω
365 1636 462 1690 τὸν
490 1637 590 1701 τὴν
618 1641 850 1707 γυναῖκα
876 1640 1040 1695 αὑτοῦ
1067 1643 1420 1714 ἀπατήσαντα
1447 1643 1603 1712 δφινς
1641 1644 1779 1697 Καὶε

1905 1642 2043 1708 buit,
2075 1658 2246 1712 quare
2283 1657 2392 1695 non
2426 1643 2694 1711 praenovit
2723 1650 3029 1712 serpentem
3061 1644 3152 1712 qui
3178 1640 3297 1711 ejus
3332 1656 3471 1694 uxo-

202 1726 462 1798 Πέτρος·
513 1728 578 1782 Ei
604 1728 910 1801 πρόγνωσιν
962 1730 1036 1803 μή
1080 1726 1225 1802 εἶχεν
1284 1733 1488 1804 Ἀδὰμ,
1528 1733 1647 1796 πῶς
1688 1736 1800 1798 τοῖς

204 1818 359 1882 υἱοῖς
382 1818 547 1873 αὑτοῦ
574 1821 709 1892 πρὸς
733 1821 831 1887 τὰς
845 1823 1104 1895 ἐσομένας
1129 1824 1357 1897 πράξεις
1373 1826 1488 1897 ἅμα
1517 1826 1594 1898 τῷ
1608 1844 1799 1898 γεννη-

201 1908 405 1979 θῆναι,
432 1910 620 1965 καὶτὰ
645 1912 882 1984 ὀνόματα
929 1915 1266 1983 ὲπιτέθεικε;
1300 1917 1394 1971 τὸν
1449 1918 1545 1989 μὲν
1582 1919 1799 1990 πρῶτον

200 2001 458 2066 καλέσας
483 2004 642 2070 Κάῖν,
664 2004 693 2058 ὃ
716 2006 1079 2078 ἑρμηνεύεται
1108 2007 1305 2077 ζῆλος,
1332 2009 1391 2074 ὃς
1425 2011 1519 2064 καὶ
1549 2007 1797 2083 ζηλώσας

198 2096 399 2151 ἀνεῖλε
420 2098 515 2151 τὸν
556 2098 782 2169 ἀδελφὸν
827 2101 993 2156 αὑτοῦ
1040 2102 1131 2157 τὸν
1162 2102 1346 2169 Ἅϐελ,
1384 2104 1413 2157 6
1438 2105 1796 2177 ἑρμηνεύεται

199 2187 438 2256 πένθος
454 2207 470 2222 ο
506 2191 592 2245 ἐπ’
617 2192 767 2265 αῦτῷ
815 2192 925 2266 γὰρ
946 2193 1146 2267 πρώτῳ
1163 2196 1471 2266 φονευθέντι
1490 2198 1794 2271 ἐπένθησαν

198 2281 261 2334 oi
283 2284 488 2350 γονεῖς.
517 2285 580 2336 Ei
605 2284 661 2339 δὲ
696 2285 863 2358 Ἀδὰμ
886 2287 1045 2358 ἔργον
1069 2287 1203 2342 Θεοῦ
1238 2289 1532 2362 ὑπάρρχων
1549 2291 1794 2364 πρόγνω-

203 2386 299 2423 σιν
332 2365 471 2441 εῐχε,
494 2372 674 2446 πολλῷ
710 2376 908 2446 μᾶλλον
931 2378 959 2430 ὀ
982 2378 1391 2452 δημιουργήσας
1428 2380 1590 2437 αὑτὸν
1637 2382 1788 2449 Θεός.

200 2461 285 2516 Σὺ
308 2460 389 2526 δὲ,
412 2457 457 2517 ὦ
480 2463 681 2537 Σίμων,
709 2466 898 2532 κακῶς
924 2468 1059 2523 νοῶν
1089 2468 1191 2535 τὰς
1234 2470 1381 2535 θείας
1405 2471 1629 2545 Γραφὰς
1646 2513 1661 2539 ,
1701 2492 1789 2546 φι-

204 2552 449 2625 μὼθητι.

278 2724 417 2783 XLI.
450 2728 525 2783 Τὸ
638 2733 948 2805 γεγράφθαι
966 2753 981 2767 ο
1042 2736 1400 2810 Ἐνεθυμήθη
1424 2744 1459 2797 ό
1504 2745 1647 2812 Θεὸς
1667 2787 1682 2813 ,
1712 2745 1790 2810 ὡς

199 2816 457 2908 λογισμῷ
476 2825 822 2895 χρησαμένου
855 2826 942 2881 διὰ
971 2828 1070 2899 τὴν
1117 2829 1368 2899 ἄγνοιαν*
1394 2832 1474 2887 ἔτι
1518 2835 1624 2908 μὴν
1660 2837 1784 2892 καί·

214 2905 514 2978 Ἑπείραζε
541 2915 757 2982 Κύριος
807 2916 915 2971 τὸν
957 2918 1234 2990 Ἀϐραὰμ,
1268 2923 1354 2976 ἵνα
1395 2905 1529 2996 γνῷτ
1558 2905 1607 2980 ει
1650 2928 1784 2981 ὑπε-

199 3001 409 3074 νέγκῃ·
456 3006 551 3058 καὶ
592 3005 677 3058 τό·
724 3008 1100 3076 Κατασάντες
1135 3010 1351 3082 ἴδωμεν
1389 3016 1443 3069 εὶ
1484 3016 1634 3071 κατὰ
1667 3017 1784 3087 τὴν

198 3092 478 3161 κραυγὴν
524 3096 723 3151 αὐτῶν
779 3097 895 3167 τὴν
918 3099 1253 3171 ἐρχομένην
1277 3104 1426 3173 πρὸς
1474 3107 1555 3177 μὲ
1572 3124 1785 3164 συντε-

196 3184 482 3239 λοῦνται·
514 3189 568 3240 εὶ
598 3186 665 3241 δὲ
686 3187 907 3259 μὴ,ϊνα
920 3190 1040 3261 γ·νῶ
1056 3210 1068 3223 ·
1099 3195 1192 3247 καὶ
1217 3194 1304 3249 ἴνα
1326 3196 1400 3268 μή
1419 3199 1496 3262 εἰς
1522 3199 1657 3254 πολὺ
1680 3218 1785 3272 μη-

200 3276 353 3330 κύνω
376 3277 469 3331 τὸν
497 3277 653 3348 λόγον
672 3320 687 3344 ,
722 3282 863 3354 σαφῆ
886 3282 983 3354 τὴν
1004 3283 1240 3339 διάνοιαν
1280 3288 1372 3342 καὶ
1399 3288 1685 3358 διάγνωσιν
1723 3295 1780 3347 αἱ

202 3370 392 3443 ῥήσεις
414 3371 628 3443 ἔχουσιν
652 3369 829 3440 αὗται,
870 3375 943 3448 μὴ
970 3378 1470 3446 καταγινώσκουσαι
1518 3382 1614 3437 τοῦ
1642 3384 1777 3439 Θεοῦ

198 3460 442 3528 ἄγνοιαν,
482 3464 587 3517 κᾶν
605 3464 702 3537 τήν
731 3466 829 3538 σὴν
854 3467 1009 3521 τοῦτο
1033 3468 1299 3545 διαφεύγῃ
1325 3471 1557 3526 διάνοιαν
1582 3476 1624 3510 ²⁹
1644 3492 1657 3506 °
1698 3476 1778 3530 ὅτι

198 3553 256 3607 δὲ
276 3554 442 3619 ὅντως
465 3557 849 3627 προγινώσκει,
878 3560 1025 3630 λέγει
1044 3563 1121 3634 τῷ
1154 3564 1428 3636 Ἀϐραάμ·
1455 3566 1778 3622 Γινώσκων

197 3643 402 3715 γνώσῃ
434 3646 521 3700 ὅτι
548 3647 835 3717 πάροικον
861 3653 1032 3707 ἔσται
1064 3655 1128 3707 τὸ
1172 3657 1409 3727 σπέρμα
1449 3674 1564 3712 σου
1596 3659 1665 3713 ἐν
1696 3659 1776 3729 τῇ

196 3737 311 3789 οὐκ
343 3736 483 3805 ἰδίᾳ·
507 3739 605 3793 καὶ
630 3740 1048 3799 δουλώσουσιν
1075 3746 1243 3813 αὐτὸ,
1281 3748 1645 3817 κακώσουσι,
1676 3750 1775 3804 καὶ

195 3828 677 3885 ταπεινώσουσιν
718 3834 939 3903 αὐτοὺς
997 3838 1101 3906 ἐτη
1156 3841 1531 3907 τετρακόσια·
1592 3842 1657 3897 τὸ
1705 3842 1772 3896 δὲ

195 3920 371 3985 ἔθνος
384 3919 430 3986 ᾧ
451 3920 557 3976 ἐὰν
576 3923 952 3981 ὃουλεύσωσι
973 3928 1152 3997 κρινῶ
1167 3929 1281 4000 ἐγώ
1299 3948 1311 3961 σ
1330 3933 1481 4001 μετὰ
1495 3933 1562 3986 δὲ
1588 3935 1773 3990 ταῦτα

194 4011 619 4075 ἐξελεύσονται
641 4016 754 4071 ὦδε
766 4020 917 4089 μετὰ
940 4022 1289 4093 ἀποσκευῆς
1317 4025 1555 4095 πολλῆς
1572 4045 1585 4057 ·
1608 4025 1690 4082 σὺ
1704 4028 1773 4082 δὲ

194 4103 503 4175 ἀπελεύσῃ
533 4108 681 4176 πρὸς
708 4110 850 4177 τοὺς
883 4112 1141 4181 πατέρας
1179 4130 1295 4169 σου
1336 4117 1462 4185 μετ’
1505 4118 1767 4189 εἰρήνης,

192 4195 520 4264 τραφεὶς-ὲν
560 4198 712 4268 γήρᾳ
752 4202 948 4269 καλῷ·
998 4207 1243 4276 τετάρτῃ
1284 4207 1353 4261 δὲ
1394 4210 1573 4279 γενεᾷ
1616 4212 1765 4267 ἀπο-

1899 1749 2012 1788 rem
2043 1734 2293 1803 decepit?
2318 1733 2556 1788 Rursum
2584 1733 2778 1790 Petrus
2805 1752 2817 1786 :
2867 1734 2923 1788 Si
2949 1732 3337 1803 praenotionem
3362 1748 3472 1787 non

1898 1824 2092 1903 habuit
2121 1823 2388 1890 Adamus,
2423 1840 2534 1895 quo
2565 1826 2728 1880 modo
2759 1824 2887 1880 ﬁliis
2917 1822 3054 1889 suis,
3079 1824 3242 1878 simul
3269 1839 3332 1878 ac
3360 1824 3470 1878 nati

1897 1927 2059 1984 sunt,
2105 1918 2270 1972 etiam
2321 1918 2543 1972 nomina
2604 1917 2865 1987 imposuit
2914 1917 3215 1980 secundum
3259 1917 3473 1971 futuras

1896 2010 2180 2066 actiones?
2202 2009 2441 2080 primum
2464 2025 2687 2076 vocans,
2718 2008 2876 2075 Cain,
2907 2009 3053 2081 quod
3084 2010 3471 2078 interpretatur

1895 2100 2168 2156 aemulatio
2186 2117 2206 2167 ;
2235 2100 2329 2172 qui
2354 2100 2541 2167 etiam,
2563 2100 2913 2155 aemulatione
2961 2098 3160 2153 ductus
3191 2096 3469 2154 interiecit

1893 2192 2117 2249 fratrem
2159 2208 2317 2249 suum
2342 2192 2498 2261 Abel,
2527 2192 2670 2263 quod
2703 2192 3089 2262 interpretatur
3114 2191 3326 2256 luctus;
3370 2205 3468 2245 su-

1892 2301 1988 2357 per
2016 2300 2081 2341 co
2112 2285 2381 2355 siquidem
2418 2284 2599 2355 primo
2626 2283 2812 2338 occiso
2832 2324 2847 2351 ,
2892 2292 3146 2353 parentes
3184 2283 3465 2337 luxerunt.

1892 2376 2047 2445 Quod
2079 2377 2125 2431 si
2150 2376 2413 2443 Adamus,
2464 2376 2559 2447 qui
2610 2374 2703 2429 Dei
2735 2389 2874 2445 Opus
2931 2383 3069 2439 erat,
3125 2374 3465 2444 praenotione

1892 2465 2150 2537 praeditus
2178 2465 2315 2533 fuit;
2365 2466 2537 2520 multo
2562 2467 2737 2541 magis
2763 2465 2857 2535 qui
2881 2464 3124 2521 condidit
3144 2480 3269 2520 eum
3297 2465 3461 2521 Dens.

1891 2555 1973 2612 Tu
2007 2565 2211 2624 autem,
2246 2573 2280 2612 ο
2318 2555 2530 2620 Simon,
2556 2571 2680 2612 cum
2728 2556 2871 2611 male
2928 2556 3203 2628 intelligas
3249 2558 3464 2612 divinas

1894 2650 2227 2721 Scripturas,
2253 2651 2508 2705 obturato
2532 2664 2627 2704 ore
2654 2658 2791 2705 tace.

1960 2740 2098 2799 XLI.
2130 2741 2306 2796 Porro
2338 2739 2486 2811 quod
2527 2740 2794 2809 scriptum
2821 2748 2940 2794 est:
2971 2736 3161 2793 Secum
3202 2746 3462 2808 reputavit

1889 2832 2032 2888 Deus
2057 2833 2124 2900 “,
2155 2833 2316 2904 quasi
2351 2841 2539 2888 utatur
2568 2832 2990 2887 ratiocinatione
3036 2841 3258 2901 propter
3302 2831 3461 2900 igno-

1886 2923 2155 2989 rantiam;
2180 2932 2234 2977 et
2250 2922 2457 2977 adhuc:
2484 2920 2723 2975 Tentavit
2745 2919 2999 2974 Dominus
3020 2920 3379 2974 Abrahamum
3396 2922 3461 2988 ’⁷,

1888 3021 1948 3068 ut
1971 3024 2326 3084 cognosceret
2348 3029 2418 3067 an
2454 3014 2500 3071 is
2528 3014 2693 3069 ferret
2724 3012 3024 3082 patienter:
3074 3012 3207 3067 illud
3257 3011 3459 3066 etiam:

1888 3103 2271 3158 Deacendentea
2292 3103 2586 3171 videamus,
2616 3120 2685 3157 an
2707 3103 2997 3157 secundum
3019 3101 3301 3155 clamorem
3319 3102 3462 3171 ipso-

1884 3210 2043 3262 rum,
2093 3196 2183 3267 qui
2236 3197 2374 3250 venit
2427 3196 2495 3249 ad
2546 3212 2646 3263 me,
2702 3196 3008 3266 perficiant;
3041 3195 3124 3247 ain
3178 3195 3372 3261 minus,
3400 3203 3459 3247 ut

1880 3290 2051 3347 sciam
2078 3289 2159 3342 ’δε
2192 3303 2256 3344 ac
2283 3304 2351 3344 ne
2380 3304 2686 3344 sermonem
2713 3288 2929 3358 longius
2968 3287 3309 3357 protraham,
3340 3287 3455 3342 cla-

1881 3397 2004 3437 rum
2036 3395 2259 3436 sensum
2300 3395 2364 3436 ac
2385 3380 2718 3434 intellectum
2763 3378 2965 3433 habent
3009 3393 3074 3432 ea
3120 3379 3453 3445 testimonia,

1881 3488 1981 3529 nec
2004 3471 2173 3526 Deum
2209 3471 2276 3527 de
2308 3471 2612 3541 ignorantia
2640 3478 2905 3539 arguunt;
2939 3469 3066 3524 licet
3096 3469 3147 3524 id
3174 3478 3322 3524 tuam
3361 3469 3451 3524 fn-

1879 3567 1989 3638 giat
2029 3565 2461 3635 intelligentiam.
2513 3562 2670 3629 Quod
2720 3571 2903 3617 autem
2943 3577 3131 3617 revera
3178 3564 3452 3631 praesciat,

1877 3659 1997 3713 ideo
2022 3656 2151 3712 dicit
2168 3657 2515 3711 Abrahamo:
2544 3654 2770 3711 Sciendo
2788 3656 2943 3718 scies,
2967 3655 3105 3724 quod
3120 3657 3451 3726 peregrinum

1873 3751 1976 3806 erit
2004 3766 2175 3805 semen
2200 3758 2348 3802 tuum
2369 3751 2426 3801 in
2459 3759 2599 3802 terra
2631 3764 2735 3802 non
2769 3766 2903 3814 sua;
2944 3758 2994 3804 et
3042 3748 3097 3803 in
3154 3749 3451 3808 servitutem

1871 3842 2109 3912 redigent
2133 3840 2290 3907 illud,
2324 3850 2374 3895 et
2399 3840 2650 3909 aﬁligent,
2678 3849 2729 3893 et
2742 3840 3053 3912 .aepriment
3074 3857 3160 3895 eos
3188 3841 3449 3911 quadrin»

1874 3934 2041 4005 gentis
2070 3934 2255 3985 annis:
2307 3940 2510 4002 gentem
2557 3910 2851 3985 autent'liui
2878 3933 3123 3998 servient,
3182 3948 3273 4002 ego
3295 3932 3447 4001 judi-

1871 4023 2000 4079 cabo
2018 4040 2038 4078 :
2070 4032 2185 4093 post
2208 4023 2319 4077 ha’c
2338 4038 2458 4077 vero
2478 4021 2816 4094 exibuntbuc
2837 4039 2955 4076 cum
2976 4023 3142 4076 multo
3161 4034 3444 4094 apparatu:

1875 4125 1932 4169 tu
1963 4124 2138 4169 autem
2173 4113 2340 4167 abibis
2365 4114 2435 4166 ad
2468 4122 2644 4182 patres
2668 4113 2783 4191 (uos
2814 4131 2933 4167 cum
2949 4132 3096 4183 pace,
3129 4116 3362 4171 nutritus
3391 4118 3444 4171 iu

1873 4218 2135 4264 senectute
2161 4207 2328 4263 bona:
2353 4216 2551 4278 quarta
2588 4222 2704 4261 vero
2727 4201 3077 4278 'generatione
3124 4216 3445 4260 revertentur

193 4288 640 4356 στραφήσονται
676 4292 807 4349 ὦδε.
839 4296 1025 4351 Ταῦτα
1071 4298 1127 4352 δὲ
1180 4302 1395 4365 πάντως
1445 4303 1582 4374 μετὰ
1635 4305 1762 4357 πολ-

1896 4302 2054 4355 mc”.
2096 4299 2162 4354 Et
2189 4314 2322 4355 sane
2349 4300 2453 4354 ista
2497 4315 2620 4369 quae
2648 4307 2772 4369 post
2820 4298 3019 4353 multas
3066 4299 3442 4366 generationes

193 4378 289 4442 λὰς
311 4379 353 4410 ³¹
384 4380 493 4453 ἄρα
514 4384 883 4457 συμϐήσεσθαι
910 4389 1168 4460 μέλλοντα
1196 4395 1388 4462 γενεὰς
1409 4397 1474 4461 ³³,
1494 4400 1761 4469 προγινώ-

195 4474 412 4537 σκοντος
436 4476 553 4528 ἐστι
576 4478 670 4530 καὶ
696 4479 1006 4548 σαφέστατα
1031 4482 1250 4547 εἰδότος.

261 4564 417 4619 XLII.
460 4568 523 4621 'H
545 4570 643 4639 μὲν
674 4566 767 4625 οὖν
788 4574 915 4643 περὶ
934 4573 1136 4627 τούτων
1166 4575 1411 4647 ζήτησις,
1443 4579 1633 4642 καὶείς
1646 4581 1762 4651 τρί-

189 4674 287 4729 την
320 4661 664 4731 παρετείνετο
694 4664 792 4736 τὴν
830 4666 1064 4739 ἡμέραν,
1118 4669 1533 4742 ὲπιφωσκοῦσης
1579 4672 1635 4725 δὲ
1662 4673 1761 4743 τῆς

1868 4402 2130 4451 eventura
2158 4399 2334 4460 erant,
2357 4392 2647 4447 ostendunt
2692 4390 2837 4460 quod
2868 4397 3191 4460 przenoscat,
3224 4398 3278 4444 et
3322 4405 3440 4446 ma~

1869 4485 2226 4541 nifestissinie
2250 4500 2313 4538 ac
2342 4483 2645 4539 certissime
2674 4482 2829 4538 sciat.

1938 4574 2099 4630 XLII.
2127 4575 2172 4606 ³³
2208 4576 2396 4644 Itaque
2418 4574 2485 4629 de
2516 4574 2636 4629 istis
2677 4574 2842 4628 rebus
2880 4571 3163 4642 inquisitio
3216 4572 3284 4626 2d
3329 4580 3437 4627 ter-

1866 4668 2002 4723 tium
2034 4684 2254 4739 quoque
2276 4669 2418 4723 diem
2452 4668 2714 4738 producta
2741 4674 2843 4721 est.
2871 4665 3076 4733 Quarto
3099 4674 3278 4721 autem
3312 4666 3435 4719 illu-

188 4752 472 4823 τετάρτης,
505 4755 682 4823 φυγὰς
705 4760 733 4810 6
757 4759 937 4829 Σίμων
976 4763 1057 4824 εἰς
1094 4761 1269 4833 Τύρον
1313 4760 1503 4832 ᾤχετο.
1558 4764 1669 4818 Kal.
1696 4766 1757 4818 οὐ

1896 4772 2107 4817 escente
2132 4804 2147 4827 ,
2181 4760 2371 4815 Simon
2423 4760 2477 4814 in
2523 4759 2726 4831 Tyrum
2757 4759 2885 4832 fuga
2936 4776 2994 4816 sc
3033 4759 3293 4829 abripuit.
3321 4756 3434 4813 Nec

188 4844 327 4915 μετὰ
352 4845 554 4910 πολλὰς
584 4848 798 4920 ἡμέρας
848 4850 1105 4919 ἀφίκοντό
1148 4870 1291 4916 τινες
1332 4853 1540 4907 ἐκεῖθεν
1587 4856 1760 4923 ἐπαγ-

1896 4854 2047 4907 iultis
2081 4862 2205 4922 post
2232 4852 2425 4907 diebus
2450 4850 2673 4921 quidam
2722 4850 2872 4907 illinc
2898 4860 3185 4917 venerunt,
3238 4851 3314 4905 ita
3340 4867 3431 4905 re-

188 4936 461 5004 γέλλοντες
493 4938 539 4970 ³⁸
567 4938 646 5011 τῷ
686 4942 895 5013 Πέτρῳ,
922 4943 1001 4996 ὅτι
1042 4943 1220 5015 Σίμων
1246 4946 1457 5016 μεγάλα
1479 4946 1756 5019 θαυμάσια

1899 4946 2172 5000 untiantes
2209 4943 2403 4999 Petro:
2441 4942 2653 5009 Simon,
2682 4958 2906 5011 magnas
2945 4942 3247 5013 prwstigias
3302 4941 3429 5018 Τ)Τί

190 5027 244 5083 ἱν
264 5028 421 5100 Τύρῳ
449 5030 639 5096 ποιῶν,
663 5032 890 5097 πολλοὺς
922 5035 1029 5089 τῶν
1057 5037 1173 5089 ἐκεῖ
1200 5037 1522 5109 κατέπληξε,
1568 5039 1661 5092 καὶ
1695 5037 1756 5093 σέ

1896 5036 2088 5104 dendo,
2121 5036 2321 5091 multos
2343 5035 2647 5091 incolarum
2677 5034 2943 5105 perculit;
2984 5044 3144 5104 teque
3176 5033 3426 5104 pluribus

262 5144 507 5202 aMallem
529 5146 710 5219 legere
731 5148 935 5220 ελεγον,
966 5150 1178 5221 Latine,
1206 5154 1342 5208 dixi.
1376 5152 1535 5211 Eutr.
1566 5155 1805 5211 ΡΑτιιοι..

1442 5268 1676 5323 VARI/Ii
1712 5268 2116 5326 LECTIONES.

250 5355 398 5439 'fnal.
418 5434 429 5439 Δ
460 5354 811 5439 ζητήσω-μεν.
922 5359 990 5439 '_'_
1005 5360 1243 5439 31.31dg.
1286 5363 1584 5439 ἀντιλέγειν
1606 5383 1737 5439 *σου
1775 5368 1843 5437 τῇ
1888 5364 2101 5439 ἀταξίᾳ,

179 5432 232 5501 ς..
262 5425 350 5501 ιε,
381 5425 615 5501 etc.
655 5425 790 5485 Gen.
828 5445 889 5494 ιι,
923 5429 1011 5485 17.
1090 5434 1137 5465 ³⁸
1176 5432 1310 5488 Gen.
1335 5450 1410 5497 vr,
1448 5425 1501 5488 δ’.
1580 5436 1626 5470 ’⁷
1666 5425 1979 5501 Gen."xxu,
2006 5425 2075 5492 '1'.

180 5493 227 5574 ξ’
264 5494 627 5574 Gen_.__xv,15.
739 5501 781 5532 ³¹
823 5493 893 5555 al.
940 5502 1033 5556 καὶ
1080 5502 1150 5556 τὰ
1203 5493 1443 5566 πολλαῖς.
1552 5504 1706 5565 "al.
1752 5493 1981 5574 γενεαῖςξ
2062 5509 2108 5541 ³³
2142 5496 2395 5564 σίεηιεηι.
2448 5493 2596 5563 hom.
2648 5524 2731 5572 In,
2791 5524 2840 5563 c.
2892 5509 2982 5573 58,
3040 5493 3143 5563 etc.

176 5565 617 5635 ἀπαγγέλλοντες.

2153 5367 2228 5469 μὴ
2276 5366 2443 5421 θέλων
2482 5366 2681 5437 ζητεῖν.
2760 5368 2813 5403 ’δν
2853 5364 3109 5451 Clement.
3152 5369 3294 5423 hom.
3331 5380 3419 5429 tu,

2178 5439 2198 5469 Β
2243 5438 2352 5469 Ωιι-ι
2435 5453 2571 5469 ‘In-l
2623 5439 2681 5469 ΩΙ
2797 5439 2841 5469 20
2882 5440 2927 5469 nl
3007 5437 3362 5469 n..mu.-tninu
3391 5466 3415 5469 _

2178 5437 2376 5493 8’Gen.
2435 5453 2596 5502 xvm,
2623 5439 2713 5491 21.
2797 5439 2841 5470 ²⁴
2880 5440 2949 5491 al.
3005 5437 3416 5507 ἁμὸλυωπίαν.-

2178 5498 2395 5564 Ἰεηιεηι.
2448 5509 2596 5563 hom.
2648 5524 2731 5565 In.
2791 5524 2840 5563 c.
2892 5509 2982 5565 58.
3040 5517 3143 5563 etc.
3254 5508 3300 5546 ³δ
3340 5506 3411 5565 αι.
