3834 6220
448 184 551 240 505

444 300 734 358 calumniis
757 307 1008 369 o.liosum
1050 315 1249 375 eﬂ'ecit.

444 388 667 459 Petrus,
700 396 1005 470 insequenti
1038 418 1217 477 nocte,
1250 388 1400 468 omni
1426 388 1629 487 popqu
1651 438 2007 497 congregato:

442 480 485 510 ³⁸
518 483 992 563 Quandoquidem,
1028 499 1226 570 inquit,
1269 520 1393 559 eum
1420 527 1519 579 ego
1552 528 1899 583 properarem
1940 521 2007 574 ad

440 583 647 643 gentes,
679 595 800 649 quae
828 588 1030 643 multos
1062 592 1196 649 deos
1246 610 1522 665 aSSerunt,
1561 613 1618 658 ut
1658 608 2005 675 praedicarem

437 680 502 717 ac
541 667 793 726 docerem
838 693 1009 733 unum
1032 697 1155 738 esse
1186 683 1354 741 Deum
1390 689 1441 743 in
1498 695 1672 750 tribus
1719 703 1964 767 personis
1989 745 2003 769 ,

435 768 737 817 creatorem
766 770 889 821 cmli
918 780 969 825 et
991 782 1167 844 terrm,
1188 782 1541 853 omniumque
1567 804 1687 856 quze
1708 790 1759 843 in
1794 791 1859 847 iis
1874 808 2005 848 con-

436 847 694 917 tinentur,
727 872 838 924 quo
871 861 1139 933 homines,
1172 869 1369 926 dilecto
1392 888 1478 939 eo,
1508 888 1729 944 possent
1772 880 2002 937 salutem

432 948 690 1017 consequi
715 968 728 1015 ;
755 957 1091 1019 praeveniens
1120 960 1391 1029 diabolus,
1418 966 1693 1024 Simonem
1718 976 2001 1042 praemisit,

432 1045 491 1089 ut
513 1042 873 1106 persuaderet
908 1047 1226 1108 hominibus
1257 1059 1493 1121 cunctis,
1542 1062 1719 1117 colere
1746 1066 1876 1120 deos
1907 1069 1998 1135 qui

430 1144 537 1182 non
569 1145 719 1198 sunt,
751 1145 917 1206 utque
950 1154 1265 1201 recusarent
1293 1150 1512 1205 credere
1542 1152 1593 1205 in
1622 1170 1789 1209 unum
1829 1155 1999 1213 Deum

426 1222 520 1289 qui
554 1225 805 1282 universa
832 1234 1098 1301 condidit,
1127 1244 1238 1291 tum
1269 1240 1526 1305 visibilia,
1547 1254 1659 1298 tum
1685 1246 1995 1317 invisibilia;

427 1312 633 1371 idcirco
661 1329 875 1387 oportet
906 1340 993 1377 me
1036 1326 1148 1381 cito
1202 1332 1418 1401 assequi
1451 1350 1598 1402 cum,
1647 1353 1715 1392 ne
1749 1340 1997 1396 doctrina

427 1402 691 1474 Simonis,
719 1412 1253 1486 diutiusimmorata,
1276 1438 1465 1479 omnes
1488 1428 1707 1496 penitus
1728 1430 1966 1486 invadat.

491 1517 673 1575 XLIII.
716 1522 894 1588 Quare
944 1543 1167 1584 necesse
1194 1542 1275 1587 est
1326 1534 1524 1605 aliquis
1551 1555 1649 1607 pro
1695 1557 1779 1595 me
1812 1542 1992 1599 locum

419 1623 601 1663 meum
626 1615 892 1683 suppleat.
920 1616 1098 1688 Atque
1120 1624 1303 1677 cuncti
1329 1624 1496 1681 Deum
1521 1628 1723 1685 intente
1746 1647 1990 1701 oremus,

1296 322 1430 389 Quze
1475 337 1759 400 postquam
1814 337 1986 391 audivi

2070 348 2089 401 ι
2118 346 2335 413 πολλαῖς
2358 351 2627 421 διαὸολαῖς
2656 360 2879 429 μισητὸν
2915 361 3156 434 ἐποίησε.
3186 364 3371 418 Ταῦτα
3394 365 3655 429 ἀκούσας
3678 368 3715 419 ὁ

2114 440 2337 511 Πέτρος,
2353 449 2418 516 τῇ
2439 448 2666 522 ἐπιούσῃ
2683 453 2835 505 νυκτὶ
2852 452 3026 507 πάντα
3046 455 3137 507 τὸν
3158 454 3281 509 λαὸν
3299 456 3461 511 συναθ
3469 457 3708 528 potam-3"

2122 529 2355 603 Ἐπειδὴ,
2402 538 2584 605 φησὶν,
2626 541 2900 610 ὁρμῶντός
2936 560 3036 613 μου
3063 545 3142 607 είς
3176 545 3247 598 τὰ
3283 546 3410 617 ἔθνη
3441 547 3517 601 τὰ
3558 548 3712 601 πολ-

2108 621 2233 686 λοὺς
2261 624 2417 688 θεοὺς
2449 626 2694 695 λέγοντα,
2720 632 2951 703 κηρύξαι
2972 637 3065 689 καὶ
3096 636 3302 703 διδάξαι
3334 639 3419 692 ὅτι
3454 636 3544 703 εἷς
3570 640 3709 693 ἐστι

2106 713 2237 778 Θεὸς
2266 718 2323 769 ἐν
2342 720 2518 789 τρισὶν
2542 722 2919 792 ὑποστάσεσιν,
2975 726 3034 791 ὃς
3067 729 3291 801 οὐρανὸν
3321 732 3503 785 ἔκτισε
3525 773 3545 797 ,
3590 734 3705 787 καὶ

2102 805 2201 877 τὴν
2225 808 2349 878 γῆν,
2374 811 2468 863 καὶ
2498 813 2565 865 τὰ
2608 814 2664 866 ἐν
2695 816 2874 881 αὐτοῖς
2900 819 3095 883 πάντα,
3122 822 3269 886 ὅπως
3292 824 3698 896 ἀγαπήσαντες

2104 899 2265 952 αὐτὸν
2296 902 2346 954 οἱ
2389 903 2660 975 ἀνθρωττοι
2698 908 2929 979 σωθῆναι
2976 910 3272 984 δυνηθῶσι·
3312 915 3618 986 προλαϐὼν
3662 918 3698 970 ὁ

2102 990 2362 1057 διάϐολος,
2407 995 2626 1067 Σίμωνα
2661 1002 3105 1071 προαπέστειλεν,
3152 1006 3238 1060 ἴνα
3277 1008 3440 1079 πείσῃ
3489 1009 3695 1062 πάντα

2101 1083 2383 1155 ἄνθρωπον
2411 1087 2691 1160 λατρεύειν
2714 1097 2826 1157 τοῖς
2856 1095 2929 1166 μὴ
2973 1093 3089 1150 οὖσι
3124 1098 3298 1164 θεοῖς,
3352 1101 3449 1153 καὶ
3499 1102 3695 1172 ἀργή·-

2102 1192 2295 1230 σωνται
2322 1182 2591 1236 πιστεύειν
2626 1187 2703 1248 εἰς
2734 1186 2827 1239 Eva
2852 1187 2982 1241 Θεὸν
3014 1189 3105 1243 τὸν
3139 1194 3438 1263 ποιήσαντα
3464 1195 3684 1255 πάντα,

2097 1268 2165 1319 τά
2196 1287 2252 1321 τε
2277 1271 2447 1341 όρατά
2469 1275 2559 1326 καὶ
2582 1274 2647 1327 τὰ
2667 1276 2898 1347 ἀόρατα’
2925 1281 3029 1351 χρή
3056 1297 3123 1351 με
3149 1282 3359 1351 ταχέως
3378 1282 3546 1335 αὑτὸν
3571 1300 3686 1336 κα-

2095 1360 2366 1427 ταλαϐεῖν,
2410 1366 2495 1419 ἵνα
2520 1367 2592 1438 μὴ
2621 1370 2653 1438 ἡ
2678 1368 2986 1424 διδασκαλία
3020 1372 3114 1425 τοῦ
3146 1374 3382 1445 Σίμωνος
3414 1376 3681 1447 ἐγχρονί-

2099 1468 2254 1513 σασα,
2286 1457 2561 1520 παντελῶς
2590 1460 2803 1513 πάντων
2842 1464 3203 1536 ἐπικρατήσῃ.

2167 1543 2349 1599 XLIII.
2386 1550 2476 1601 Δεῖ
2504 1546 2595 1603 οὖν
2624 1551 2739 1603 ἀντ’
2770 1553 2903 1623 ἐμοῦ
2924 1555 3044 1608 τινὰ
3093 1556 3185 1610 τὸν
3235 1558 3366 1627 ἐμὸν
3418 1558 3682 1629 ἀναπλη-

2097 1636 2266 1704 ρῶσαι
2285 1639 2467 1694 τόπον.
2488 1642 2597 1696 Kal
2622 1644 2820 1709 πάντες
2840 1647 2933 1700 τοῦ
2956 1647 3090 1700 Θεοῦ
3112 1650 3344 1713 ἐκτενῶς
3356 1650 3676 1721 δῆθῶμεν.

419 1709 477 1754 ιιι
513 1718 635 1755 cum
691 1707 784 1775 qui
838 1709 1039 1779 dignus
1080 1714 1172 1779 sit,
1220 1714 1365 1773 Deus
1407 1718 1672 1790 designet.
1707 1724 1750 1755 “
1779 1724 1986 1790 Quibus

2091 1727 2239 1793 ὅπως
2270 1731 2360 1783 τὸν
2380 1732 2508 1785 ὄντα
2536 1734 2683 1801 ἀξιον
2711 1738 2739 1789 ό
2758 1707 2889 1801 Θεὸς
2918 1739 3184 1811 ἀναδείξῃ.
3218 1707 3339 1795 Καὶ⁷
3370 1707 3552 1796 ταύτα
3587 1746 3674 1797 εἰ⁹

414 1790 577 1847 dictis
599 1837 614 1859 ,
643 1795 906 1866 imposuit
928 1817 1121 1859 manus
1148 1804 1428 1876 Zacchaao,
1461 1820 1516 1865 et
1550 1814 1626 1867 ait
1653 1832 1667 1868 :
1706 1814 1845 1871 Here
1876 1816 1985 1872 Do—

416 1882 585 1948 mine,
635 1884 796 1941 Pater
846 1888 1063 1946 Domini
1114 1892 1321 1967 Deique
1350 1914 1415 1955 ac
1453 1900 1753 1961 Salvatoris
1810 1910 1984 1964 nostri

409 1970 539 2027 Jesu
578 1975 808 2046 Christi;
844 1997 940 2051 per
981 1982 1246 2054 Spiritum
1308 1998 1461 2046 tuum
1488 2005 1734 2051 sanctum
1764 2014 1828 2053 ac
1853 2001 1984 2055 ado—

410 2063 657 2134 rabilem,
696 2081 751 2124 tu
782 2072 927 2129 hunc
958 2084 1128 2144 tuere,
1161 2083 1254 2151 qui
1285 2095 1473 2153 pastor
1524 2088 1599 2142 sit
1648 2093 1830 2162 populi
1878 2095 1979 2162 tui,

405 2172 569 2227 quem
611 2162 845 2234 elegisti.
888 2167 1013 2226 Haec
1045 2173 1136 2228 ubi
1160 2174 1409 2242 dixisset,
1435 2181 1500 2235 ad
1525 2185 1784 2251 populum
1818 2187 1976 2243 infit:

406 2252 732 2326 Quicunque
760 2262 1020 2332 baptizari
1052 2269 1236 2336 vultis,
1262 2288 1325 2325 ex
1350 2274 1592 2329 crastino
1619 2277 1706 2331 die
1729 2279 1979 2349 jejunare

407 2346 646 2417 incipite.
678 2350 807 2407 Post
832 2364 942 2412 tres
964 2367 1145 2413 autem
1165 2361 1300 2429 dies,
1320 2380 1445 2419 cum
1478 2346 1751 2436 baptizare
1778 2346 1977 2443 capis-

403 2448 518 2505 set,
559 2445 770 2499 vocavit
800 2462 884 2502 me
912 2447 1270 2520 Clementem,
1304 2454 1568 2522 Nicctam,
1600 2470 1654 2515 et
1674 2462 1926 2533 Aquilam
1954 2504 1971 2532 ,

400 2545 463 2584 ac
490 2530 661 2586 dixit:

438 2684 443 2687 ν
468 2619 657 2677 XLIV.
685 2624 888 2696 Tyrum
917 2630 1265 2699 profecturus
1286 2644 1410 2705 post
1433 2649 1636 2707 septem
1662 2643 1780 2699 dies
1801 2688 1815 2710 ,
1848 2646 1972 2700 νυΙο

400 2711 477 2764 uti
512 2728 609 2768 vos
656 2717 905 2773 celeriter
953 2736 1019 2776 eo
1070 2725 1441 2797 advenientes,
1474 2742 1529 2786 et
1581 2734 1724 2802 apud
1751 2734 1970 2790 Chana-

398 2819 569 2858 nazam
599 2806 920 2878 Berenicen,
966 2813 1139 2871 Justae
1162 2818 1328 2875 filiam
1353 2824 1491 2879 clam
1528 2826 1807 2897 hospitati,
1851 2846 1970 2885 om-

395 2893 488 2948 nia
518 2910 642 2965 quze
661 2898 727 2951 ad
756 2897 1033 2957 Simonem
1066 2909 1340 2975 pertinent
1368 2893 1722 2986 investigetis,
1753 2893 1817 2975 ac
1845 2921 1968 2975 dili-

394 2997 583 3057 genter
605 2990 734 3043 mihi
768 2995 1141 3061 perscribatis.
1171 3002 1518 3075 Quapropter
1565 3009 1791 3079 jamjam
1840 3028 1963 3067 eum

393 3091 527 3146 pace
560 3081 787 3150 pergite.
821 3082 987 3153 Igitur
1017 3088 1388 3161 relinquentes
1417 3113 1539 3152 eum
1578 3100 1963 3170 haptizantem,

393 3168 447 3222 in
481 3168 685 3239 Tyrum
710 3171 1004 3234 Phoenicia
1022 3181 1247 3249 profecti
1271 3201 1493 3243 sumus:
1522 3192 1566 3222 ³⁸
1582 3201 1632 3246 ct
1652 3168 1799 3262 apud
1830 3212 1965 3265 prte-

390 3258 591 3314 dictam
641 3262 1006 3323 Chananaeam
1063 3271 1323 3331 diversati
1354 3319 1369 3345 ,
1417 3258 1732 3352 acceptique
1779 3258 1846 3341 ab
1899 3305 1962 3343 ea

391 3349 672 3416 splendide
701 3369 766 3409 ac
817 3356 1138 3429 honorifice,
1168 3367 1351 3421 statim
1402 3370 1468 3425 de
1517 3349 1740 3431 Simone
1795 3378 1961 3435 locuti

389 3453 600 3508 sumus,
625 3443 711 3500 his
745 3448 952 3505 verbis:
992 3450 1180 3508 Simon
1234 3456 1333 3512 iste
1369 3458 1578 3531 Magus,
1617 3465 1670 3520 in
1714 3467 1960 3539 disputa-

389 3530 565 3597 tione,
614 3550 778 3605 quam
816 3554 939 3594 cum
970 3542 1195 3601 domino
1252 3558 1441 3605 nostro
1468 3530 1659 3610 iPetro
1698 3556 1960 3618 Caesarea:

387 3618 596 3689 habuit,
621 3639 931 3695 superatus,
958 3634 1142 3689 statim
1179 3652 1244 3692 eo
1274 3639 1462 3695 habitu
1503 3661 1612 3707 quo
1662 3659 1800 3718 erat,
1849 3652 1957 3708 huc

383 3724 442 3764 se
472 3712 735 3783 profugus
771 3722 1034 3785 contulit;
1064 3733 1226 3794 atque
1255 3727 1309 3782 in
1337 3744 1461 3784 eum
1514 3712 1797 3792 maledicta
1825 3754 1956 3794 con-

377 3799 575 3869 jiciens
624 3806 1019 3876 simplicior-um
1056 3816 1267 3872 animas
1299 3822 1529 3891 abripit:
1574 3842 1808 3899 cumque
1836 3831 1955 3902 ipse

382 3909 574 3964 magus
602 3899 691 3965 sit,
722 3901 872 3956 illum
907 3920 1125 3976 magum
1158 3911 1425 3980 appellat;
1451 3926 1503 3970 et
1532 3932 1655 3972 cum
1680 3922 1751 3976 sit
1778 3899 1951 3994 impo-

379 3991 1223 4064 stor,apustolumimpostorem
1275 4004 1608 4073 proclamat;
1657 3991 1871 4081 quique
1894 4016 1948 4070 in

377 4080 637 4135 omnibus
660 4083 907 4141 devictus
962 4086 1106 4153 fuit,
1165 4105 1334 4162 seque
1385 4095 1439 4150 in
1487 4096 1671 4169 fugam
1718 4080 1948 4173 turpiter

376 4172 631 4240 conjecit,
663 4176 865 4236 vicisse
884 4194 941 4232 se
967 4183 1273 4249 profitetur.

444 4262 608 4320 XLV.
641 4265 900 4323 Berenice
929 4281 1147 4337 autem,
1183 4277 1297 4345 ipsa
1346 4294 1564 4350 quoque
1598 4284 1672 4339 ita
1704 4301 1815 4341 rem
1846 4288 1944 4344 ha-

2090 1818 2226 1884 πὼν,
2258 1823 2489 1894 ἐπέθηκε
2510 1830 2693 1896 χεῖρας
2716 1828 2793 1899 τῷ
2814 1831 3083 1901 Ζακχαίῳ,
3111 1832 3203 1886 καί
3225 1851 3383 1903 φησι·
3412 1834 3673 1889 Δέσποτα

2087 1911 2257 1984 Κύριε
2276 1916 2304 1967 ό
2328 1915 2514 1988 Πατὴρ
2528 1917 2621 1969 τοῦ
2646 1919 2849 1990 Κυρίου
2872 1922 2966 1974 καὶ
2983 1922 3117 1976 Θεοῦ
3130 1925 3222 1977 καὶ
3238 1925 3485 1998 Σωτῆρος
3499 1928 3535 1997 ἡ
3543 1927 3671 1996 μῶν

2096 2005 2559 2085 ἸησούᾉΧρισ-τοῦ,
2579 2009 2665 2063 διὰ
2688 2010 2780 2063 τοῦ
2808 2013 3121 2084 Πνεύματός
3143 2032 3235 2068 σου
3261 2016 3354 2069 τοῦ
3381 2018 3544 2085 ἁγίου
3567 2033 3670 2072 κα.

2083 2079 2477 2167 προσῖιῖνητοῦ,
2512 2102 2574 2153 σὺ
2619 2102 2938 2170 διαφύλαξόν
2973 2106 3181 2172 τοῦτον,
3227 2109 3537 2179 ποιμαίνειν
3567 2110 3666 2164 τὸν

2080 2186 2205 2241 λαόν
2246 2206 2340 2242 σου
2366 2231 2380 2254 ,
2439 2191 2498 2244 δν
2532 2192 2778 2260 ἐξελέξω.
2809 2197 2920 2249 Kal.
2968 2198 3143 2251 ταῦτα
3172 2199 3361 2267 εἰπὼν,
3382 2203 3522 2273 πρὸς
3563 2204 3661 2259 τὸν

2080 2278 2205 2332 λαὸν
2228 2280 2327 2353 ἔφη
2350 2299 2362 2312 ·
2404 2283 2555 2336 Ὅσοι
2591 2284 2943 2356 βαπτισθῆναι
2972 2289 3172 2356 Θέλετε,
3197 2292 3303 2344 ἀπὸ
3337 2292 3437 2362 τῆς
3462 2294 3661 2367 αὔριον

2077 2370 2357 2441 νηστεύειν
2392 2372 2647 2442 ἄρξασθε.
2681 2377 2832 2429 Μετὰ
2856 2378 2911 2430 δέ
2940 2381 3088 2450 τρεῖς
3121 2381 3334 2453 ἡμέρας
3366 2381 3659 2451 βαπτίζειν

2076 2460 2396 2532 ἀρξάμενος,
2428 2466 2527 2535 ἐμὲ
2557 2467 2849 2538 Κλήμεντα
2884 2472 3136 2542 φωνήσας
3157 2475 3249 2526 καὶ
3273 2475 3519 2547 Νικήτην
3558 2477 3659 2529 καὶ

2089 2551 2335 2615 Ἀκύλαν,
2369 2554 2493 2625 ἔφη·

2142 2645 2325 2699 XLIV.
2363 2647 2620 2701 Μέλλοντί
2665 2667 2755 2719 μοι
2796 2651 2932 2722 πρὸς
2967 2654 3066 2725 τὴν
3097 2655 3270 2727 Τύρον
3315 2659 3497 2729 όρμᾷν
3526 2661 3653 2731 μεθ⁴

2072 2739 2283 2810 ἡμέρας
2308 2739 2466 2803 ἐπτὰ,
2500 2741 2753 2813 βούλομαι
2796 2744 2856 2797 τὸ
2883 2746 3043 2816 τάχος
3077 2749 3220 2818 ὑμᾶς
3263 2752 3379 2803 ἐκεῖ
3414 2752 3652 2825 γενομέ-

2070 2847 2213 2895 νους,
2244 2834 2338 2886 καὶ
2361 2833 2513 2904 παρά
2558 2837 2623 2905 τῇ
2648 2836 2993 2891 Χαναανίτιδι
3019 2841 3059 2871 ³⁷
3092 2841 3324 2916 Βερνίκῃ
3345 2882 3360 2905 ,
3405 2844 3651 2915 Ἰούστης

2070 2920 2299 2992 θυγατρὶ
2319 2922 2688 2988 λανθανόντως
2708 2926 3148 2996 ἐπιξενωθέντας,
3180 2931 3247 2985 τὰ
3270 2932 3409 2987 κατά
3432 2934 3525 2987 τὸν
3557 2935 3650 2987 Σί-

1993 3057 2034 3113 C
2072 3029 2225 3082 μωνα
2249 3014 2426 3068 πάντα
2447 3015 2980 3113 διερευνησαμένους,
3012 3022 3253 3094 ἀκριϐῶς
3282 3027 3491 3098 γράψαι
3527 3043 3643 3100 μοι.

2067 3102 2156 3186 Διὸ
2196 3104 2425 3177 ἐξαυτῆς
2462 3108 2760 3180 πορεύεσθε
2791 3111 2906 3180 μετ’
2935 3114 3176 3186 είρήνης.
3198 3118 3308 3171 Kal.
3351 3117 3415 3190 δὴ
3445 3120 3646 3188 βαπτί-

2065 3174 2225 3260 ζξντα
2272 3174 2661 3265 καταλιπόντες
2694 3174 2874 3270 αὐτὸν,
2905 3174 3000 3271 είς.
3027 3174 3200 3279 Ῠύρον
3249 3210 3349 3280 τῆς
3383 3174 3643 3284 timvch

2063 3288 2465 3361 ἐπορευόμεθα·
2505 3294 2599 3345 καὶ
2650 3296 2801 3367 παρά
2839 3300 2905 3369 τῇ
2950 3300 3325 3376 προειρημένῃ
3364 3304 3643 3359 Χαναανί-

2059 3381 2162 3434 τιδι
2220 3381 2263 3413 ³¹⁹
2299 3385 2676 3454 καταχθέντες,
2725 3391 2816 3443 καὶ
2856 3390 3109 3460 δαψιλοῦς
3137 3394 3183 3425 ⁸⁸
3212 3394 3342 3465 παρ’
3380 3398 3519 3467 αὐτῇ
3550 3397 3639 3463 ξε-

2060 3480 2179 3543 νίας
2212 3478 2255 3511 δί
2286 3481 2379 3533 καὶ
2406 3482 2687 3554 φιλοτίμου
2709 3486 2984 3557 τυχόντες,
3012 3490 3139 3561 περὶ
3154 3489 3249 3543 τοῦ
3271 3491 3516 3561 Σίμωνος
3537 3493 3639 3546 αὑ-

2057 3572 2183 3625 τίκα
2238 3572 2584 3644 διελεγόμεθα
2603 3593 2616 3606 ·
2647 3577 2827 3647 Σίμων
2854 3572 3007 3643 οὗτος
3046 3582 3075 3632 ὁ
3101 3580 3323 3649 Μάγος,
3363 3584 3635 3649 εἰπόντες,

2056 3665 2150 3717 ἐπὶ
2168 3666 2267 3737 τῆς
2298 3666 2357 3719 ἐν
2384 3668 2690 3741 Καισαρείᾳ
2727 3669 2862 3741 πρὸς
2882 3671 2972 3724 τὸν
3013 3671 3199 3743 κύριον
3234 3673 3391 3744 ὴμῶν
3425 3676 3636 3747 Πέτρον

2054 3753 2335 3828 ζητήσεως
2368 3760 2640 3829 ἡττηθεὶς,
2692 3763 2867 3830 φυγὰς
2899 3764 3132 3818 ἐνταῦθα
3160 3766 3236 3829 ὡς
3284 3762 3429 3836 εἶχεν
3470 3769 3637 3835 εὐθὺς

2051 3848 2277 3919 ἀπέδρα,
2313 3852 2406 3903 καὶ
2430 3851 2828 3924 λοιδορούμενος
2852 3857 3016 3928 αὐτῷ,
3054 3862 3387 3930 συναρπάζει
3403 3862 3505 3926 τὰς
3523 3863 3636 3919 τῶν

2050 3940 2430 4013 ἁπλουστέρων
2455 3944 2650 4015 ψυχάς·
2671 3948 2763 4001 καὶ
2783 3949 2956 4019 μάγος
2978 3951 3053 4004 ὣν
3077 3952 3259 4015 αὐτὸς,
3284 3954 3457 4023 μάγον
3486 3957 3633 4009 ἐκεῖ·

2049 4048 2135 4084 νον
2162 4034 2448 4087 ἀποκαλεῖ·
2477 4038 2569 4089 καὶ
2591 4037 2789 4102 πλάνος
2804 4039 2878 4092 ὣν
2896 4037 3051 4105 οὗτος
3071 4043 3162 4097 τὸν
3181 4044 3480 4098 ἀπόστολον
3498 4047 3634 4100 πλάο

2047 4138 2134 4174 νον
2151 4125 2517 4195 ἀποκηρύττει
2533 4129 2600 4159 ⁵³⁸
2622 4131 2715 4183 καὶ
2729 4130 2816 4183 διὰ
2828 4132 3041 4187 πάντων
3053 4135 3214 4199 αὐτὸς
3238 4137 3512 4207 ἡττηθεὶς,
3534 4139 3629 4192 καὶ

2046 4216 2187 4284 φυγῇ
2217 4216 2453 4286 αἰσχρῶς
2476 4220 2664 4275 ἐαυτὸν
2693 4223 3010 4294 ἐπιτρέψας,
3043 4226 3237 4295 φάσκει
3258 4229 3626 4301 νενικηκέναι.

2114 4304 2273 4359 XLV.
2326 4308 2387 4360 Ἦ
2409 4310 2637 4383 Βερνίκη
2685 4314 2783 4383 μὲν
2820 4311 2934 4379 οὖν,
2962 4316 3105 4370 οὕτω
3143 4319 3237 4371 καὶ⁵
3268 4318 3406 4390 αὑτὴ
3451 4319 3626 4373 ταῦτα

375 4353 503 4408 here
552 4364 748 4412 testata
808 4368 921 4427 est;
951 4371 1005 4417 et
1058 4366 1263 4437 reliqua
1300 4370 1406 4425 alia
1459 4388 1556 4441 per
1611 4390 1671 4430 se
1713 4378 1986 4462 addidit.]

376 4444 759 4482 l’llnnlncmnln
794 4452 937 4482 -..:...
1006 4456 1178 4482 :..,...:.
1247 4471 1524 4482 A--.___-V,
1587 4467 1598 4479 .
1677 4468 1691 4482 .
1894 4474 1906 4482 .

2116 4353 2272 4359 ___.-
2344 4353 2387 4360 -_
2410 4353 2637 4383 "In"...
2685 4353 2780 4383 με.
2821 4353 2934 4379 νυ,
2962 4353 3105 4370 ww
3146 4353 3237 4371 κν..
3268 4353 3406 4390 υιυυι
3452 4353 3624 4373 μιν...

2075 4416 2187 4467 χειν
2234 4396 2352 4452 εἷπε
2381 4402 2475 4454 καὶ
2514 4403 2677 4457 τᾶλλα
2717 4406 2771 4458 δὲ
2822 4409 2949 4479 παρ’
2976 4410 3174 4481 ἐαυτῆς
3217 4410 3285 4463 τὰ
3330 4411 3624 4482 λειπόμενα

374 4444 761 4504 I’hantasmata
793 4452 963 4519 enim,
1005 4456 1202 4526 inquit,
1245 4471 1534 4533 postquam
1585 4467 1633 4521 is
1676 4468 1784 4525 huc
1842 4474 1942 4527 ad-

372 4539 539 4606 venit,
562 4549 616 4595 et
640 4554 850 4612 spectra
875 4561 941 4601 ac
963 4548 1256 4608 simulacra
1280 4557 1523 4624 quotidie
1546 4558 1599 4612 in
1620 4563 1798 4618 medio
1823 4564 1942 4623 foro

372 4628 601 4697 faciens,
627 4642 796 4688 totam
828 4637 1193 4709 obstupefacit
1226 4644 1539 4703 civitatem:
1579 4650 1626 4683 “
1654 4669 1779 4709 nam
1828 4667 1941 4713 sta-

372 4729 477 4776 tua:
524 4724 742 4793 quidem
800 4740 1091 4785 moventur
1112 4737 1334 4803 quando
1382 4739 1497 4807 ipse
1527 4747 1851 4813 pertransit;
1885 4758 1940 4803 et

370 4830 502 4869 vero
532 4834 673 4888 saepe
712 4823 919 4877 umbra:
946 4826 993 4878 ei
1029 4841 1293 4898 praeeunt,
1318 4848 1457 4901 quas
1482 4846 1536 4890 et
1556 4837 1937 4900 defunctorum

370 4908 583 4964 animas
616 4913 879 4968 nominat.
914 4915 1114 4975 Multos
1144 4937 1309 4989 porro
1342 4925 1437 4994 qui
1470 4942 1593 4981 eum
1638 4933 1939 5004 praestigia-

372 5011 539 5055 torem
567 5003 850 5075 dicebant,
877 5025 1001 5065 cum
1026 5023 1213 5082 postea
1238 5017 1304 5071 ad
1329 5021 1636 5075 convivium
1667 5038 1935 5091 vocasset,

366 5101 421 5144 et
448 5093 638 5149 bowem
688 5108 1010 5169 mactasset,
1065 5106 1307 5178 ipsisque
1363 5111 1418 5165 in
1444 5127 1626 5167 escam
1654 5116 1888 5174 dedisset
1918 5138 1933 5187 ;

367 5183 535 5239 variis
568 5188 774 5243 morbis
798 5191 1098 5263 implicuit;
1145 5209 1308 5269 atque
1341 5202 1617 5259 diemones
1644 5207 1724 5262 eis
1754 5209 1936 5265 immi-

365 5274 466 5327 sit:
502 5276 556 5330 in
582 5294 818 5348 summa,
853 5286 1053 5342 multos
1089 5290 1394 5361 allligondo,
1432 5294 1568 5352 deus
1598 5313 1718 5355 esse
1746 5303 1934 5359 existi-

2048 4491 2375 4558 προσετίθει.
2416 4495 2775 4565 Φαντάσματα
2802 4498 2929 4569 γὰρ,
2964 4499 3089 4569 ἔφη,
3135 4502 3271 4572 μετά
3296 4498 3359 4554 τὸ
3378 4502 3506 4574 τῇδε
3526 4503 3625 4557 αὐ-

2044 4579 2135 4633 τὸν
2162 4582 2463 4653 ἐπιστῆναι,
2502 4585 2596 4637 καὶ
2627 4586 2919 4657 ἰνδάλματα
2953 4590 3074 4642 καθ’
3109 4591 3347 4663 ἑκάστην
3379 4595 3440 4647 ἐν
3480 4596 3622 4670 μέσῃ

2044 4672 2110 4743 τῇ
2146 4673 2319 4745 ἀγορᾷ
2343 4676 2529 4741 ποιῶν,
2560 4680 2736 4732 πᾶσαν
2762 4681 3050 4751 ἐκπλήττει
3083 4683 3181 4754 τὴν
3215 4684 3371 4739 πόλιν
3390 4703 3404 4715 ’
3430 4686 3509 4751 ὡς
3528 4690 3621 4743 ἀν-

2042 4762 2293 4837 δριάντας
2324 4766 2421 4837 μὲν
2443 4769 2605 4822 αὑτοῦ
2637 4770 2981 4842 διερχομένου
3024 4774 3309 4841 κινεῖσθαι,
3337 4777 3432 4830 καὶ
3460 4778 3619 4843 σκιὰς

2043 4857 2301 4922 πολλάκις
2327 4859 2374 4890 ⁸⁸
2406 4860 2569 4913 αὐτοῦ
2639 4864 3016 4935 προηγεῖσθαι,
3082 4865 3149 4928 ἃς
3214 4868 3309 4922 καὶ
3360 4868 3472 4922 τῶν
3524 4888 3616 4924 τε-

2041 4948 2313 5021 θνηκότων
2362 4952 2539 5022 ψυχάς
2581 4955 2741 5017 αὐτὸς
2781 4958 3053 5027 ὀνομάζει.
3087 4959 3322 5023 Πολλοὺς
3363 4961 3423 5014 δὲ
3453 4961 3614 5018 αὐτὸν

2040 5042 2132 5094 καὶ
2165 5042 2333 5111 γόητα
2361 5044 2633 5112 λέγοντας,
2657 5045 2881 5118 ὕστερον
2907 5050 2987 5111 εἰς
3013 5050 3247 5119 εὐωχίαν
3262 5050 3421 5123 δῆθεν
3449 5053 3613 5106 καλέ-

2040 5146 2156 5194 σας,
2183 5132 2310 5201 βοῦν
2339 5151 2397 5186 τε
2438 5134 2622 5200 θύσας,
2653 5138 2744 5190 καὶ
2771 5139 2965 5201 αὐτοὺς
3010 5140 3288 5207 ἑστιάσας,
3335 5142 3613 5215 διαφόροις

2037 5224 2325 5293 περιέϐαλε
2347 5225 2537 5289 νόσοις.
2565 5229 2674 5281 Kal
2701 5228 2959 5300 δαίμονας
2980 5232 3036 5284 δὲ
3063 5233 3246 5297 αὐτοῖς
3274 5236 3434 5306 ἐνῆκε
3454 5253 3467 5266 ’
3519 5237 3610 5291 κά

2034 5312 2169 5378 ὅλως
2201 5317 2429 5382 πολλοὺς
2456 5320 2728 5389 κακώσας,
2770 5322 2889 5385 θεὸς
2920 5318 3061 5378 εἶναι
3087 5327 3415 5397 νενόμισται.
3451 5328 3607 5423 ’(ὶθεν

1626 5418 1858 5475 νΑιιιΑε
1897 5424 2024 5481 LEC
2033 5426 2300 5489 'I‘IOVES.

432 5488 477 5566 ’ξ
516 5487 637 5545 Rec.
694 5494 725 5547 I.
790 5513 869 5563 ιιι,
929 5515 975 5554 c.
1004 5502 1099 5566 65,
1139 5513 1242 5561 etc.

362 5570 410 5653 vi.
449 5558 496 5621 I,
521 5572 674 5653 etc.“
705 5566 746 5597 ³⁸
786 5558 865 5653 al.
898 5558 1223 5653 Χανανίτιδι.
1282 5580 1458 5653 _‘_°_al.
1498 5580 1763 5653 δαψιλῶς.

372 5627 581 5696 irenus,
617 5632 969 5706 Nicephorus.
1021 5647 1066 5679 “
1106 5648 1173 5699 al.
1210 5649 1428 5714 πολλάς.

1346 5509 1391 5542 ³⁸
1425 5504 2027 5592 pleznent._l101n._tu.c.
2052 5522 2137 5585 72.
2172 5539 2272 5584 etc.
2349 5532 2393 5564 "
2433 5532 2502 5587 al.
2544 5535 2867 5592 Χανανίτιδι.

2972 5541 3017 5572 ³³
3064 5533 3316 5597 Clement.
3351 5544 3497 5597 hom.
3532 5562 3601 5611 tv,

1858 5589 1986 5647 “ll

2070 5611 2114 5656 st
2144 5599 2193 5654 in
2227 5601 2297 5655 al.
2387 5602 2431 5635 ι’
2460 5605 2529 5657 al.
2571 5606 2956 5679 ἀνακηρύττει.
3046 5612 3091 5651 ⁸³
3128 5612 3472 5679 Anastasius,
3506 5589 3602 5672 ευὶ
