3834 6220
122 197 238 255 505
954 194 1418 255 CLEMENTINA.
1456 225 1526 234 —
1559 192 1867 250 ΕΡΙΤΟΜΕ
1902 193 1992 249 DE
2029 193 2274 251 GESTIS
2302 195 2360 251 S.
2400 194 2627 253 PETRI.
3315 202 3422 261 506

119 314 226 371 οὐκ
247 317 450 387 οἴομαι
505 317 832 391 δυνήσεσθαί
869 337 1014 385 τινα,
1041 320 1295 374 τοσοῦτον
1335 318 1449 392 πῦρ
1506 317 1713 388 ἀναφθὲ

1849 327 2030 375 matus
2067 328 2171 375 est.
2212 320 2484 387 Quocirca
2516 337 2627 378 non
2655 331 2809 392 puto,
2835 334 3167 394 quemquam
3218 320 3423 378 valitu-

122 408 512 465 κατασϐέσαι.
568 411 661 489 ᾼιὸ
702 412 798 467 τοῦ
840 414 916 485 μὴ
957 412 1289 467 κινδυνεύειν
1336 413 1482 484 ὑμᾶς
1510 412 1554 444 ⁵⁸
1583 411 1712 482 χάρι

1847 424 1970 466 rum
1995 411 2337 483 exstinguere
2353 421 2564 467 tantum
2588 412 2764 484 ignem
2786 428 3099 470 accensum.
3123 411 3325 479 Quare,
3354 426 3420 468 ea

123 503 472 574 παρακαλῶ,
510 505 685 575 μηδὲν
727 506 1086 578 ὲγχειρήσητε
1111 505 1247 579 πρὸς
1289 505 1474 571 αὐτὸν,
1519 504 1651 587 πρὶν
1678 504 1713 558 ἂ

1844 503 2021 575 gratia
2048 512 2111 559 ut
2150 519 2251 558 vos
2279 504 2333 558 in
2372 503 2677 575 periculum
2704 521 2812 559 non
2842 505 3097 569 veniatis,
3136 505 3327 560 hortor
3350 517 3421 559 ne

121 597 152 649 ὁ
204 596 533 660 ἀπόστολος
588 597 794 670 Πέτρος
841 597 1128 671 ἀφίκηται,
1164 599 1225 663 ὃς
1254 600 1349 653 τοῦ
1391 596 1601 670 Κυρίου
1649 617 1715 654 κα

1843 592 2143 663 quidquam
2187 595 2452 650 adversus
2483 609 2609 649 eum
2650 595 2903 663 tentetis,
2940 605 3235 666 antequam
3281 608 3416 664 apo-

121 685 261 738 Θεοῦ
284 688 456 758 ἡμῶν
501 688 693 761 ἸησοῦΔ
706 690 943 762 Χριστοῦ
967 690 1333 763 δοκιμώτατος
1357 689 1618 764 ὑπάρχων
1640 710 1715 764 μα

1844 686 2020 741 stolus
2048 683 2243 742 Petrus
2263 687 2493 753 venerit,
2509 686 2625 757 qui,
2651 685 2866 742 Domini
2884 703 2949 743 ac
2974 686 3070 742 Dei
3095 685 3268 741 nostri
3290 685 3420 742 Jesu

124 778 319 850 θητὴς,
374 778 685 852 δυνήσεται
725 782 885 853 μόνος
932 781 1069 855 πρὸς
1110 782 1377 854 τοσαύτην
1424 782 1715 837 δυναστεία

1842 775 2047 833 Christi
2078 777 2499 847 prohatissimus
2527 777 2853 848 discipulus,
2882 778 3082 851 poterit
3105 778 3259 835 solus
3284 794 3439 834 con-

122 870 650 938 ἀνταγωνίσασθαι.

1841 878 1926 925 tra
1951 878 2157 924 tantam
2190 870 2489 939 potentiam
2517 869 2802 926 dimicare.

189 959 387 1016 XLVI.
416 962 622 1017 Ταῦτα
647 964 749 1036 τῆς
774 964 1041 1038 Βερνίκης
1075 965 1356 1038 εἰπούσης,
1379 968 1543 1040 ἡμεῖς
1570 966 1715 1021 ἐωθεε

1912 959 2097 1016 XLVI.
2138 962 2236 1017 uis
2283 976 2312 1016 a
2361 960 2621 1016 Berenice
2652 961 2834 1030 dictis,
2879 976 2982 1016 nos
3014 976 3176 1017 mane
3221 970 3419 1016 cuncta

123 1052 302 1105 πάντα
323 1051 399 1106 τά
424 1054 585 1107 κατά
608 1055 701 1108 τὸν
729 1056 948 1127 Σίμωνα
978 1056 1306 1128 γράψαντες,
1330 1059 1411 1122 είς
1438 1058 1715 1130 περίπατοε

1841 1051 1911 1107 de
1963 1050 2188 1107 Simone
2230 1067 2356 1107 cum
2401 1051 2838 1122 scripsissemus,
2876 1052 2946 1107 ad
2987 1052 3417 1106 ambulationem

126 1143 513 1215 ἐτραπόμεθα.
534 1147 653 1200 Καὶ
664 1146 728 1219 δὴ
741 1148 835 1201 καὶ⁵
849 1147 1093 1204 Ἀππίων
1108 1149 1322 1223 ὑπαντᾷ
1334 1153 1465 1223 ἡμῖν
1482 1152 1602 1224 μεθ’
1620 1152 1739 1206 ἐτέ-

126 1252 232 1306 ρων
244 1235 587 1304 τριάκοντα,
606 1238 851 1293 Ἀππίων
880 1235 1181 1306 ἐκεῖνος,οὗ
1207 1241 1442 1313 πρόσθεν
1469 1242 1742 1315 ἐμνήσθη-

129 1342 245 1395 μεν.
281 1327 401 1379 Καὶ
414 1326 547 1398 ἃμα
557 1327 641 1399 τῷ
656 1329 781 1383 ἰδεῖν
801 1348 890 1401 με,
906 1332 1351 1405 προσαγορεύσας
1368 1351 1429 1387 τε
1455 1335 1548 1388 καὶ
1573 1352 1739 1389 κατα-

127 1413 508 1485 σπασάμενος
541 1412 713 1482 Οὗτός
735 1420 852 1474 ἐστι
875 1423 1122 1495 Κλήμης,
1152 1421 1255 1494 ἔφη
1275 1425 1387 1487 τοῖς
1412 1425 1530 1494 μετ’
1549 1424 1734 1490 αὐτοῦ,

124 1505 249 1575 περὶ
262 1505 361 1559 τοῦ
394 1518 423 1547 ιι
458 1507 640 1564 πολὺν
670 1510 728 1564 ὲν
756 1512 1006 1584 εὐγενείᾳ
1029 1530 1090 1567 τε
1111 1513 1204 1567 καὶ
1228 1515 1737 1588 τρόπωνιλευθερίᾳ

124 1594 258 1666 πρὸς
283 1598 435 1669 ὑμᾶς
466 1599 777 1674 ἐποιούμην
804 1602 962 1673 λόγον
980 1621 994 1634 ·
1018 1605 1099 1659 ὅτι
1118 1604 1257 1678 ἀνὴρ
1283 1606 1440 1676 γένος
1452 1625 1511 1661 τε
1528 1608 1603 1662 ῶν
1625 1608 1734 1662 ἀπὸ

1841 1142 2213 1199 convertimus
2241 1141 2494 1214 gradum.
2524 1142 2591 1198 Et
2621 1143 2885 1199 continuo
2903 1141 3115 1214 Appion
3140 1158 3264 1198 cum
3293 1142 3418 1198 aliis

1838 1232 2062 1304 triginta
2088 1233 2335 1288 occurrit
2364 1220 2545 1298 nobis,
2575 1231 2791 1303 Appion
2827 1232 2896 1299 is,
2925 1232 3085 1303 cujus
3114 1242 3240 1287 ante
3263 1248 3418 1287 men-

1840 1325 2044 1381 tionem
2076 1324 2328 1380 fecimus.
2353 1324 2435 1380 Ac
2456 1324 2623 1379 simul
2657 1333 2820 1394 atque
2844 1339 2933 1379 me
2965 1324 3120 1391 vidit,
3166 1323 3417 1379 salutans

1839 1433 1905 1473 ac
1948 1416 2251 1485 osculatus,
2291 1416 2391 1473 Hie
2424 1424 2528 1484 est,
2559 1416 2637 1471 ait
2682 1414 2792 1471 illis
2840 1415 2936 1485 qui
2984 1431 3109 1471 cum
3142 1429 3210 1470 eo
3235 1423 3413 1480 erant,

1837 1508 2112 1574 Clemens,
2142 1507 2209 1563 de
2250 1522 2360 1577 quo
2392 1506 2629 1561 multum
2659 1506 2726 1561 ad
2753 1521 2850 1562 vos
2882 1520 3192 1561 sermonem
3223 1504 3413 1572 habui,

1838 1601 1906 1656 de
1939 1600 2087 1654 illius
2135 1599 2417 1653 nobilitate
2460 1612 2525 1652 ac
2571 1597 2819 1652 moribus
2867 1595 3222 1663 liberalibus;
3263 1593 3413 1665 quod

122 1686 407 1760 Καίσαρος
454 1673 745 1763 Τιϐερίου,
783 1696 876 1749 καὶ
912 1697 1094 1751 πᾶσαν
1127 1673 1442 1771 Ἑλληνικὴν
1483 1699 1715 1756 παιδείαη

1837 1690 1941 1758 vir,
1971 1706 2038 1745 ex
2055 1706 2253 1762 genere
2274 1688 2478 1743 Tiberii
2499 1688 2752 1752 Caesaris,
2769 1697 2823 1743 et
2839 1688 2895 1742 in
2925 1687 3075 1743 omni
3106 1686 3295 1743 Graeca
3323 1687 3412 1743 di-

126 1777 527 1851 ἐξησκημένος,
574 1783 683 1838 ὑπὸ
714 1784 990 1858 βαρϐάρου
1032 1788 1177 1853 τινὸς
1217 1788 1317 1861 τὴν
1356 1792 1731 1865 προσηγορίαν

125 1867 354 1941 Πέτρου,
384 1872 457 1926 τά
488 1875 841 1946 Χριστιανῶν
870 1880 1041 1932 ποιεῖν
1078 1880 1174 1933 καλ⁸
1211 1880 1391 1950 λέγειν
1429 1882 1725 1954 ὴπάτηται.

129 1960 282 2042 'OQEV
313 1964 480 2031 ἀξιῶ,
509 1970 957 2039 συναγωνίσασθέ
986 1991 1073 2044 μοι
1095 1971 1230 2045 πρὸς
1251 1974 1349 2047 τὴν
1368 1975 1556 2031 τούτου
1586 1976 1730 2049 διόρ-

128 2050 301 2106 θωσιν.
322 2056 444 2126 Ἐφ’
476 2058 642 2130 ὑμῶν
677 2060 783 2133 γάρ
810 2063 973 2116 αὐτοῦ
1006 2065 1367 2135 πυνθάνομαι,
1399 2068 1493 2120 καὶ
1520 2067 1728 2137 λεγέτω

133 2158 253 2211 μοι·
290 2143 485 2217 ἐπειδὴ
536 2146 681 2219 πρὸς
721 2149 782 2202 τὸ
824 2150 1068 2205 εὐσεϐεῖν
1111 2154 1301 2207 ἑαυτὸν
1331 2156 1757 2211 ἀποδεδωκέναι’

131 2232 350 2303 νομίζει,
388 2236 515 2301 πῶς
546 2238 670 2308 οὐχὶ
706 2241 799 2294 καὶ
835 2242 904 2295 τά
935 2243 1165 2314 μέγιστα
1195 2246 1399 2310 ἀσεϐεῖ,
1424 2246 1492 2301 τά
1518 2248 1725 2320 πάτρια

137 2326 225 2394 μὲν
261 2329 613 2397 καταλιπὼν,
641 2333 939 2400 ἀποκλίνας
980 2336 1035 2391 δὲ
1072 2338 1152 2401 εἰς
1191 2336 1290 2410 ἔθη
1334 2338 1585 2412 βάρϐαρα
1629 2342 1725 2395 καὶ

134 2418 407 2475 ἀλλόκοτα.

200 2587 402 2645 XLVII.
417 2590 602 2662 Κάγὼ
616 2592 753 2665 πρὸς
768 2595 949 2650 αὐτόν·
966 2596 1077 2669 Τὴν
1094 2598 1191 2669 μὲν
1206 2599 1455 2672 πρὸςὲμέ
1474 2619 1588 2668 σου,
1617 2624 1721 2678 φη-

143 2681 215 2751 μὶ,
244 2684 449 2758 ἀγαθὴν
479 2687 806 2759 προαίρεσιν
839 2689 1202 2762 ἀποδέχομαι·
1224 2691 1324 2764 τὴν
1358 2694 1415 2748 δὲ
1442 2696 1719 2765 ἀγνωσίαν

140 2777 472 2850 ἀποσείομαι.
493 2781 561 2835 Ἠ
579 2782 678 2852 μὲν
701 2780 809 2853 γάρ
825 2783 1141 2855 προαίρεσις
1154 2784 1352 2857 ἀγαθὴ,
1366 2787 1556 2862 ὅτιπερ
1568 2792 1623 2843 ἐν
1636 2786 1719 2857 οἷς

142 2866 297 2932 δοκεῖς
324 2870 534 2937 καλοῖς,
565 2874 626 2926 ὲν
656 2872 866 2937 τούτοις
890 2869 1029 2927 εἷναί
1058 2892 1125 2946 με
1153 2875 1326 2941 Θέλεις
1343 2894 1358 2909 ο
1378 2880 1411 2949 ἡ
1433 2878 1490 2933 δὲ
1514 2880 1718 2949 γνῶσις

143 2959 231 3011 οὐκ
275 2960 449 3032 ὀρθῶς
503 2962 728 3033 ἔχουσα,
765 2964 1036 3036 προφάσει
1069 2965 1178 3037 γάρ
1218 2967 1398 3037 φιλίας
1433 2969 1717 3037 λανθάνεις

1834 1779 2065 1849 sciplina
2105 1779 2457 1844 exercitatus,
2504 1792 2536 1833 a
2587 1777 2823 1832 barbaro
2859 1777 3096 1848 quodam
3124 1777 3218 1848 qui
3248 1791 3414 1833 voca-

1836 1876 1925 1924 tur
1953 1868 2170 1936 Petrus,
2198 1868 2392 1924 fraude
2415 1868 2730 1938 compulsus
2762 1878 2909 1924 esset
2954 1869 3024 1924 ad
3072 1869 3411 1940 peragendae

1832 1976 1899 2015 ac
1930 1960 2307 2031 praedicandos
2337 1959 2782 2015 Christianorum
2832 1962 2990 2016 ritus.
3028 1959 3209 2028 Quare
3253 1976 3411 2033 rogo,

1831 2053 2085 2124 adjuvate
2113 2068 2203 2109 me
2245 2054 2302 2108 in
2347 2053 2442 2109 illo
2486 2052 2834 2122 corrigendo.
2864 2052 3001 2107 Nam
3039 2068 3225 2109 coram
3256 2052 3412 2108 vobis

1829 2154 1953 2194 eum
1989 2140 2301 2212 interrogo;
2328 2157 2395 2197 ac
2423 2143 2751 2212 respondeat
2780 2142 2937 2208 mihi,
2963 2142 3409 2213 quandoquidem

1829 2230 2129 2285 arbitratur
2159 2232 2310 2301 quod
2339 2247 2399 2288 se
2440 2242 2499 2287 ut
2538 2233 2799 2303 pietatem
2837 2233 3064 2300 coleret,
3094 2233 3405 2302 dediderit,

1827 2337 1939 2392 quo
1968 2323 2131 2378 modo
2175 2338 2285 2378 non
2325 2332 2382 2379 et
2424 2324 2663 2380 maxime
2705 2324 2909 2395 impius
2948 2324 3043 2392 sit,
3070 2325 3164 2396 qui
3198 2326 3410 2397 patrios

1824 2413 2198 2487 dereliquerit,
2242 2416 2598 2471 declinaverit
2641 2431 2771 2471 vero
2814 2417 2882 2471 ad
2926 2416 3191 2474 barbaros
3240 2427 3408 2488 atque

1824 2505 2037 2560 alienos
2065 2514 2121 2561 et
2150 2515 2495 2563 monstrosos
2525 2523 2728 2563 mores.

1895 2595 2104 2652 XLVII.
2144 2597 2211 2653 Et
2238 2614 2340 2668 ego
2368 2601 2434 2654 ad
2466 2600 2618 2654 illum
2655 2598 2871 2655 :Tuam
2917 2600 3140 2671 quidem
3186 2600 3240 2655 in
3290 2617 3403 2666 me.

1822 2687 2070 2759 inquam,
2104 2690 2422 2760 praeclaram
2456 2692 2816 2759 voluntatem,
2864 2701 3145 2762 acceptam
3186 2693 3402 2760 habeo;

1822 2788 1879 2834 at
1910 2780 2310 2850 ignorationem
2339 2782 2593 2837 amolior.
2631 2780 2853 2838 Scilicet
2886 2785 3151 2853 praaclara
3178 2786 3402 2856 quidem

1819 2873 2075 2929 voluntas
2121 2883 2225 2941 est,
2258 2874 2389 2928 dum
2433 2874 2489 2928 in
2520 2874 2611 2941 iis,
2635 2890 2758 2945 qua?
2798 2875 2893 2929 tibi
2938 2876 3082 2931 bona
3125 2877 3401 2945 videntur,

1821 2978 1909 3017 me
1932 2963 2136 3018 versari
2167 2963 2323 3033 cupis
2350 2980 2364 3017 :
2397 2980 2587 3020 verum
2618 2966 2857 3036 cognitio
2890 2982 2999 3021 non
3044 2978 3190 3024 recte
3214 2969 3399 3041 habet;

144 3050 263 3121 πρὸς
310 3052 526 3126 ἀπάτην
571 3056 720 3126 ἡμᾶς
759 3056 1172 3128 ἐκκαλούμενος.
1218 3060 1328 3114 Καὶ
1377 3062 1405 3114 ὁ
1451 3061 1713 3118 Ἀππίων·

1823 3052 2040 3123 ignoras
2069 3055 2213 3108 enim
2252 3056 2394 3125 quod
2420 3066 2683 3126 praetextu
2720 3058 2998 3126 amicitia),
3028 3075 3129 3117 nos
3158 3061 3213 3117 in
3246 3062 3399 3120 frau-

147 3142 335 3199 Οὐκοῦν
364 3147 614 3215 ἀγνωσία
654 3165 735 3202 σοι
763 3149 909 3203 δοκεῖ
939 3149 1008 3203 τά
1030 3150 1254 3223 πάτρια,
1288 3152 1390 3224 ἔφη
1411 3153 1476 3219 ⁸⁸,
1516 3155 1718 3225 φυλάτ-

145 3247 307 3298 τοντα,
350 3238 421 3290 τά
460 3239 733 3311 Ἐλλήνων
774 3244 1027 3311 φρονεῖν;
1073 3241 1280 3311 Κάγώ·
1326 3244 1430 3299 Τὸν
1473 3246 1716 3303 εὐσεϐεῖν

149 3328 525 3398 προῃρημένον,
557 3331 962 3404 ἀπεκρινάμην,
994 3333 1056 3386 οὐ
1086 3334 1303 3399 πάντως
1328 3336 1620 3407 φυλάσσειν
1647 3340 1717 3395 τά

148 3414 329 3486 πάτρια
359 3418 439 3473 δεῖ
458 3437 470 3451 ⁸
514 3421 653 3476 ἀλλά
681 3422 974 3493 φυλάσσειν
1005 3424 1123 3495 μὲν,
1142 3426 1235 3479 ὲάν
1330 3427 1546 3501 εὐσεϐῆ,
1575 3429 1715 3483 ἀπο·-

154 3507 365 3564 σείεσθαι
400 3512 476 3579 δὲ,
516 3514 807 3586 μὴοοῦτως
849 3516 1057 3588 ἔχοντα.
1093 3520 1392 3591 Ἐνδέχεται
1446 3523 1555 3594 γάρ
1593 3542 1715 3578 τινα

151 3599 333 3689 tum;
352 3603 582 3671 ἀσεϐοῦς
594 3606 638 3640 δ’
670 3608 821 3671 ὄντα,
852 3609 947 3662 καὶ
985 3609 1307 3682 βουλόμενον
1340 3613 1604 3679 εὐσεϐεῖν,
1637 3616 1713 3689 μὴ

1815 3146 1937 3200 dem
1963 3161 2144 3201 voces.
2172 3145 2236 3202 Et
2261 3147 2473 3218 Appion
2507 3167 2520 3203 :
2548 3146 2690 3204 Num
2719 3166 2850 3221 ergo
2880 3150 3152 3222 ignoratio
3180 3153 3278 3209 tibi
3309 3154 3395 3211 vi-

1813 3237 1993 3304 detur,
2027 3238 2225 3309 inquit,
2258 3240 2465 3309 patrios
2509 3241 2649 3298 ritus
2687 3244 2982 3309 schando,
3015 3260 3140 3300 cum
3185 3245 3392 3305 Graecis

1814 3329 2147 3385 sentire?Ad
2177 3347 2300 3401 quae
2328 3347 2430 3404 ego
2461 3333 2721 3403 respondi
2755 3332 2892 3400 :Qui
2918 3335 3080 3391 vitam
3111 3337 3200 3407 pie
3230 3354 3394 3409 agere

1813 3424 2024 3490 statuit,
2055 3439 2163 3478 non
2194 3425 2528 3482 omnimodis
2557 3426 2718 3482 debet
2757 3428 2931 3497 patria
2981 3428 3231 3487 instituta
3272 3448 3395 3488 ser-

1811 3527 1976 3581 vare;
2012 3515 2105 3570 sed
2135 3530 2357 3570 servare
2377 3516 2686 3585 quidem,si
2716 3519 2803 3589 pia
2834 3520 3223 3591 sint,abjicere
3240 3539 3392 3594 vero,

1811 3605 1861 3662 si
1905 3606 1983 3661 ita
2031 3622 2090 3662 se
2140 3623 2248 3663 non
2284 3607 2542 3663 habeant.
2575 3607 2695 3665 Usu
2736 3611 2881 3665 enim
2925 3612 3114 3669 venire
3145 3614 3302 3683 solet,
3333 3626 3394 3673 ut

1812 3697 2012 3767 aliquis
2039 3705 2191 3767 patre
2219 3697 2389 3768 impio
2427 3705 2615 3767 natus,
2642 3709 2697 3756 et
2726 3701 2914 3759 volens
2942 3705 3125 3761 vivere
3146 3706 3254 3776 pie,
3285 3722 3391 3761 no-

1812 3789 1875 3843 lit
1900 3788 2070 3859 patris
2101 3804 2283 3845 mores
2321 3789 2546 3859 imitari,
2576 3807 2783 3862 eosque
2813 3794 2880 3849 ad
2910 3796 3200 3868 vestigium
3248 3814 3387 3855 con-

1810 3879 2032 3936 sectari.
2069 3878 2149 3933 Ad
2178 3879 2295 3935 haec
2324 3881 2540 3952 Appion
2568 3905 2582 3940 ;
2609 3881 2750 3950 Quid
2795 3886 2962 3956 ergo?
2991 3897 3200 3957 patrem
3232 3900 3385 3947 tuum

1811 3969 1893 4025 ais
1920 3985 2028 4025 non
2060 3970 2202 4026 bona
2233 3970 2344 4026 vita
2372 3972 2565 4030 fuisse.
2611 3973 2885 4047 Respondi
2916 3994 3016 4049 ego
3044 3998 3058 4034 :
3086 3980 3225 4037 Mala
3256 3985 3385 4053 qui-

1809 4061 1933 4117 dem
1962 4077 2089 4117 eum
2117 4062 2225 4117 vita
2266 4062 2439 4119 fuisse
2467 4081 2577 4120 non
2611 4067 2881 4135 dixerint;
2919 4070 3025 4125 nisi
3053 4072 3383 4143 quodrfalsis

1809 4167 1874 4207 ac
1906 4154 2088 4224 pravis
2121 4153 2433 4211 Graecorum
2476 4156 2678 4215 fabulis
2708 4159 2900 4216 habuit
2931 4162 3113 4218 tidem.
3146 4165 3211 4219 Et
3246 4165 3377 4222 ille:

1809 4241 2089 4311 Quantam,
2123 4244 2321 4315 inquit,
2346 4255 2476 4302 sunt
2501 4247 2621 4304 ista:
2658 4249 2893 4308 fabulae?
2928 4250 3042 4323 Ego
3071 4269 3201 4309 vero
3231 4256 3380 4312 exci-

1810 4337 1985 4408 piens,
2030 4338 2144 4393 dixi
2180 4357 2195 4393 :
2228 4337 2347 4394 Non
2398 4350 2546 4397 recta
2578 4343 2645 4399 de
2688 4343 2795 4399 Deo
2844 4346 3050 4417 opinio,
3097 4364 3284 4419 quam,
3328 4350 3375 4406 si

1799 4442 1958 4497 reque
1983 4429 2166 4484 animo
2194 4429 2323 4497 fers,
2348 4447 2472 4487 cum
2504 4434 2624 4489 aliis
2647 4435 2891 4492 discendi
2921 4438 3135 4508 cupidis
3159 4440 3371 4496 audies.

206 4505 402 4609 'XLVIII.
417 4520 503 4601 Δρ
514 4524 623 4595 πρὸ
634 4525 742 4578 τῶν
761 4526 1043 4597 διαλόγων,
1058 4531 1136 4594 εἱς
1156 4532 1277 4585 τινά
1290 4533 1511 4589 πλείονα
1524 4555 1599 4590 πα
1608 4555 1694 4609 ρε-

1870 4518 2105 4575 XLVIII.
2144 4520 2325 4588 Quare
2371 4532 2499 4581 ante
2544 4505 3008 4596 disse'rtationem,
3050 4532 3373 4590 secedamus

162 4592 349 4700 λδμεῄν
362 4592 579 4679 ἡσυχίαν
594 4615 851 4687 ύποχωρή
861 4592 1040 4689 σωμεν
1060 4592 1242 4677 τό-πον.
1267 4626 1377 4677 Καὶ
1395 4626 1457 4698 δὴ
1474 4592 1690 4700 προῖάνο

1823 4626 1850 4665 u
1894 4611 2130 4681 aliquem
2173 4614 2373 4680 locum,
2408 4618 2502 4686 qui
2538 4620 2800 4687 majorem
2831 4592 3067 4691 quietem
3106 4623 3364 4693 praebeat.

165 4689 373 4788 EiévOa
403 4704 652 4772 ναμάτων
677 4701 745 4778 ἦν
775 4707 1001 4779 ψυχρῶν
1045 4712 1260 4785 καθαρά
1294 4689 1560 4788 ρεύμάτά,
1596 4721 1690 4774 καὶ

1823 4699 1952 4756 Βιοο
1989 4704 2287 4773 progressi,
2320 4704 2412 4759 ubi
2458 4720 2596 4775 pura
2637 4717 2794 4762 erant
2822 4689 3120 4778 gelidorum
3144 4711 3365 4767 laticum

164 4768 641 4880 παντοίων
970 4800 1159 4872 τέρψις
1188 4768 1254 4866 λ’,

1823 4798 2014 4855 ,uenta,
2044 4801 2101 4846 et
2128 4792 2385 4848 viridium
2429 4793 2610 4849 omnis
2656 4796 2876 4865 generis
2917 4797 3179 4852 arborum
3210 4798 3364 4854 ohle-

325 4874 376 4971 δὲ
407 4882 598 4949 πάντες
628 4862 767 4959 ἦσαν
799 4862 1262 4962 δρῶντες-ἀτενῶς
1291 4899 1372 4963 εἰς
1404 4862 1686 4971 ὲμξξοΰτο,

1826 4882 1980 4948 tatio,
2011 4883 2382 4939 consedimus.
2414 4883 2662 4955 Cumque
2688 4901 2879 4942 omnes
2909 4903 2995 4942 me
3039 4888 3161 4945 lixis
3187 4890 3364 4947 oculis

166 4963 381 5052 mipr
407 4971 594 5040 αὐτοὺς
625 4976 865 5051 ἄρχομαι
899 4981 1080 5051 λόγου.
1437 4963 1450 4971 υ
1511 4963 1518 4967 γ

1823 4981 2154 5041 utuerentur,
2193 4973 2339 5031 hunc
2371 4976 2424 5029 in
2456 4978 2677 5032 modum
2711 4979 2913 5049 alloqui
2938 4995 3034 5036 eos
3064 4982 3227 5052 carpi.

224 5045 551 5156 'XLIXJIoXM
580 5045 681 5133 τις,
770 5045 984 5144 ἀνδρεςξ
1012 5075 1245 5150 διαφορὰ
1266 5080 1522 5151 τυγχάνει
1551 5083 1685 5156 ἀλη-

1862 5060 2051 5117 XLIX.
2096 5065 2142 5097 ⁵ο
2166 5064 2334 5122 Multa
2362 5076 2465 5135 est,
2495 5082 2528 5123 ο
2551 5069 2673 5136 viri,
2708 5045 3015 5127 differentia
3046 5045 3188 5129 inter
3211 5076 3357 5131 veri-

171 5131 363 5245 95544.15
380 5154 471 5245 »καὶ
494 5131 793 5231 συνηθείας.
1021 5131 1129 5240 γάρ

1823 5164 1957 5209 atem
2001 5164 2165 5225 atque
2210 5131 2682 5217 consuetudinem.
2712 5161 2793 5216 Ex
2817 5162 3020 5222 Graacis
3069 5166 3215 5221 enim
3259 5168 3353 5224 alii

299 5235 432 5308 θεοὺς
469 5254 666 5318 κακοὺς
705 5256 799 5309 καὶ
830 5235 1157 5326 πολυπαθεῖς
1190 5235 1479 5339 ἡγήσαντο,
1514 5270 1600 5323 ἵνα
1631 5273 1683 5324 οί

1823 5244 1993 5339 multos
2036 5245 2167 5302 deos
2216 5250 2389 5305 malos
2447 5252 2804 5323 pluribusque
2849 5256 3352 5325 perturbationibus

179 5315 224 5369 εά
387 5339 627 5407 πράττειν
642 5315 906 5414 θέλοντες,
919 5315 1156 5417 ἐκείνους

1826 5332 2054 5390 bnoxios
2082 5336 2446 5409 induxerunt;
2477 5352 2535 5398 ut
2559 5344 2653 5415 qui
2684 5344 2884 5401 similia
2920 5357 3135 5417 patrare
3157 5349 3347 5423 ve'int,

235 5419 258 5448 ⁸
277 5411 394 5491 ίιθίςθ
419 5434 532 5505 περὶ
548 5434 629 5489 οὗ.
660 5435 822 5495 Enrr.
848 5411 1097 5502 Ρλτιιοι..

152 3687 209 3741 τὰ
234 3691 318 3745 τοῦ
337 3698 539 3769 πατρὸς
556 3698 763 3753 ἐθέλειν
787 3701 1088 3772 μιμεῖσθαι,
1111 3704 1206 3756 καὶ
1226 3707 1348 3757 κατ’
1366 3704 1511 3776 ἴχνος
1532 3687 1714 3772 αὐτοῖς

152 3776 368 3869 ἕπεσθαι.
390 3786 497 3840 Καὶ
522 3789 553 3840 ὁ
584 3788 828 3843 Ἀππίων
850 3808 860 3821 ·
881 3788 946 3843 Τί
973 3787 1094 3857 οὖνς
1118 3792 1210 3847 τὸν
1240 3794 1332 3848 σὺν
1360 3797 1573 3869 πατέρα
1604 3799 1714 3869 φῂς

155 3867 238 3921 οὐκ
260 3872 451 3940 ἀγαθοῦ
474 3879 760 3947 γεγονέναι
790 3878 940 3949 βίου;
984 3882 1154 3951 Κάγὼ
1188 3883 1343 3956 ἔφην,
1373 3888 1456 3940 ὅτι
1477 3904 1490 3918 ο
1508 3867 1711 3943 ὝΚακοῦ

158 3958 239 4025 μὲν
261 3964 409 4019 αὐτὸν
436 3971 535 4023 οὐκ
564 3969 631 4023 ἃν
666 3970 900 4042 εἴποιμι,
928 3972 1069 4053 πλὴν
1105 3975 1187 4028 ὅτι
1219 3980 1332 4041 τοῖς
1360 3978 1581 4048 ψευδέσι
1618 3984 1712 4036 καὶ

158 4055 318 4140 κακοῖς
350 4056 450 4111 τῶν
484 4060 751 4131 Ἑλλήνων
777 4064 1028 4117 ἐπίστευε
1054 4066 1262 4137 μύθοις.
1298 4071 1408 4123 Καὶ
1443 4073 1520 4136 ὃς·
1554 4074 1711 4140 Τίνες

156 4138 196 4236 gi
218 4140 365 4236 ’μῦθοι
390 4142 568 4217 οὗτοις
596 4154 779 4225 φησίν.
810 4155 949 4224 Ἐγὼ
980 4156 1037 4211 δὲ
1062 4158 1367 4215 ὑπολαϐών⁹
1395 4164 1459 4216 Ἦ
1471 4167 1599 4236 περὶ
1618 4138 1711 4221 τὸν

158 4225 284 4331 θεδν,
316 4230 474 4331 εξπον,
513 4242 612 4296 οὐκ
649 4244 784 4316 ὀρθὴ
814 4246 1052 4318 δόκησις,
1080 4249 1147 4322 ἢν
1187 4251 1283 4306 ἐὰν
1327 4225 1706 4331 μακΡοΘῦμῇςν

164 4320 275 4383 μετά
295 4325 393 4380 τῶν
418 4330 589 4387 ἀλλων
620 4336 830 4412 ἀκούσῃ
855 4320 1164 4412 φιλομαθῶν
1178 4344 1244 4399 ⁸⁸.

231 5569 268 5604 κ,
300 5580 339 5604 η,
373 5585 390 5604 ί,
447 5590 470 5603 η
599 5601 638 5604 η
702 5602 712 5604 ᾼ
783 5602 812 5604 Η
1364 5520 1603 5577 ἾΑΒΙᾹΞ
1638 5523 2049 5586 LECTIONES.

186 5580 523 5711 1.:‘3'g’5f‘7’v-
596 5601 738 5658 “al-
766 5602 880 5676 ἕθη-
971 5610 1108 5666 "al-
1144 5613 1216 5686 μὴ
1252 5616 1457 5688 πατρὸς
1486 5580 2364 5696 εὐσεϐοῦςξηιῖέιῖίξριλομαθῶς.
2442 5622 2485 5654 ιθ
2522 5622 2591 5677 al.
2632 5623 2865 5694 τέρψεις.
2945 5626 2992 5657 ιο
3032 5626 3068 5680 ι.
3116 5621 3345 5694 Βεεθση,
