3834 6220
438 237 540 294 507

1285 242 1345 298 S.
1385 242 1774 299 CLEMENTIS
1813 243 1834 298 1
1873 244 2039 301 ROM.
2076 243 2274 300 PONT.
2313 243 2541 300 OPERA
2576 242 2798 301 DUBIA.

3584 245 3709 303 508

436 358 561 414 illus
587 358 807 415 malitia
828 370 1087 431 patronos
1116 362 1371 419 habeant.
1400 363 1505 418 Alii
1530 380 1661 419 vero
1690 364 1861 419 fatum
1898 380 1992 420 seu

2099 363 2640 435 συνηγόρους.Ἀλλοι
2689 363 2744 416 δὲ
2795 361 3133 435 εἱμαρμένην
3175 361 3540 434 είσηγήσαντο
3592 362 3711 433 τὴν

436 449 664 519 genesiu
692 457 747 504 et
774 450 953 506 natale
995 451 1347 518 invexerunt;
1391 468 1455 507 ac
1488 462 1681 523 praeter
1724 453 1877 519 illud,
1907 469 2002 509 ne-

435 555 544 610 que
586 540 694 611 pati
738 557 915 612 neque
942 540 1121 598 facere
1149 559 1479 613 quemquam
1523 560 1681 615 posse
1712 546 1896 614 aiunt;
1944 554 2003 602 ut

434 647 560 687 cum
590 635 1029 690 existimaverint
1078 636 1351 691 neminem
1382 648 1577 707 praeter
1595 639 1817 709 genesin
1841 639 2003 710 quid-

435 738 600 793 quam
650 726 733 780 vel
780 726 961 783 facere
1004 729 1085 783 vel
1121 730 1230 799 pati
1274 745 1455 801 posse,
1484 730 1643 786 facile
1672 731 1740 786 ad
1771 746 2003 802 peccan-

434 819 563 873 dum
592 820 874 888 accedant,
903 829 957 876 et
979 832 1102 891 post
1128 832 1408 892 peccatum
1449 839 1556 877 non
1582 824 1855 878 ducantur
1884 838 2001 894 pa:-

433 909 660 965 nitentia
698 911 859 981 impie
887 922 1185 983 gestorum.
1217 914 1322 969 Alii
1352 924 1533 970 autem
1564 924 1887 985 praesentem
1915 932 2002 970 re-

433 1016 554 1054 rum
585 1010 786 1057 statum
824 1004 1174 1073 providentia:
1201 1015 1475 1076 expertem
1511 1021 1634 1061 esse
1662 1004 1996 1073 decernunt;

438 1102 602 1163 atque
641 1110 741 1149 sua
769 1106 961 1166 sponte
988 1098 1397 1153 universitatem
1430 1098 1570 1156 hanc
1597 1098 1726 1154 ferri
1752 1108 1997 1166 censent,

433 1183 665 1241 Domino
698 1187 850 1241 nullo
879 1190 1201 1258 praesidente
1231 1206 1243 1243 :
1273 1189 1417 1257 quod
1460 1203 1592 1246 sane
1626 1189 1873 1244 omnium
1917 1199 2001 1246 est

430 1277 822 1346 durissimum;
866 1280 940 1336 ita
994 1281 1163 1336 Deum
1212 1282 1611 1353 blasphemare,
1644 1282 1797 1337 etab
1843 1282 1995 1336 omni

430 1370 699 1425 universae
726 1384 936 1427 naturae
963 1373 1231 1442 expellere
1259 1374 1624 1443 providentia,
1655 1382 1714 1428 ut
1748 1383 1802 1428 et
1836 1389 1994 1428 asse-

429 1471 586 1516 ratur
612 1464 883 1518 neminem
912 1480 1033 1520 esse
1054 1466 1147 1535 qui
1176 1465 1464 1535 praefectus
1495 1466 1587 1531 sit,
1610 1481 1674 1521 ac
1698 1464 1997 1535 provideat,

375 1553 382 1561 '
428 1560 485 1605 ct
525 1552 798 1609 universis
842 1569 942 1623 pro
977 1555 1171 1609 merito
1214 1555 1494 1609 attribuat.
1527 1553 1708 1619 Quare
1754 1554 1844 1624 qui
1894 1555 1999 1609 ista

428 1645 743 1715 opinantur,
809 1662 915 1701 non
970 1645 1127 1701 facile
1178 1648 1465 1702 honestam
1514 1646 1681 1701 vitam
1741 1646 1993 1701 ducunt:

427 1736 555 1805 quia
584 1737 899 1806 impendens
929 1740 1230 1805 periculum
1261 1755 1368 1794 non
1398 1739 1713 1809 praevident.

499 1825 562 1883 L.
603 1828 671 1882 At
701 1844 830 1885 vero
852 1831 1099 1885 doctrina
1124 1846 1333 1896 eorum,
1373 1845 1513 1900 quos
1552 1829 1815 1885 barbaros
1837 1844 2001 1885 voca—

428 1916 521 1981 tis,
553 1919 791 1974 maxime
820 1921 905 1989 pia
934 1930 1053 1987 est;
1082 1936 1204 1991 quae
1236 1936 1404 1975 unum
1436 1920 1628 1989 Deum,
1653 1930 1706 1976 et
1747 1921 1996 1991 Opifice'n

430 2010 596 2065 totius
643 2010 808 2081 hujus
854 2012 1042 2065 mundi
1094 2012 1418 2077 introducit;
1462 2020 1659 2067 natura
1701 2012 1903 2067 bonum
1934 2025 1999 2066 ac

422 2101 633 2173 justum
666 2120 679 2156 :
713 2103 917 2156 bonum
959 2103 1204 2172 quidem,
1235 2112 1296 2157 ut
1327 2104 1422 2173 qui
1464 2104 1855 2175 paenitentibus
1897 2103 1995 2159 de-

425 2193 552 2248 licta
599 2191 871 2248 condonet
902 2210 917 2247 :
944 2192 1151 2262 justum
1203 2202 1407 2261 autem,
1439 2203 1501 2249 ut
1545 2194 1640 2263 qui
1694 2192 1995 2261 unicuique

423 2298 534 2341 non
560 2284 863 2353 pmnitenti.
894 2300 993 2354 pro
1022 2284 1287 2341 factorum
1312 2285 1522 2341 meritis
1551 2285 1836 2341 retribuat.
1871 2282 1999 2339 Sin‘

424 2375 535 2447 ιιιιί
578 2389 837 2445 namque,
880 2376 1010 2431 dum
1041 2385 1358 2446 exspectant
1400 2374 1645 2430 futurum
1673 2390 1801 2446 erga
1846 2375 1996 2446 ipsos

423 2464 521 2521 Dei
546 2474 739 2522 cuncta
768 2466 1033 2522 intuentis
1064 2466 1354 2535 judicium,
1384 2464 1449 2520 ad
1481 2474 1779 2535 temperate
1808 2465 1996 2521 viven-

422 2556 552 2612 dum
594 2557 854 2627 majorem
882 2558 1146 2626 impetum
1182 2558 1408 2627 capiunt
1434 2577 1448 2612 :
1479 2567 1533 2612 et
1559 2559 1654 2628 qui
1685 2558 1853 2612 vitam
1878 2570 1995 2612 mo-

421 2645 667 2701 deratam
702 2645 964 2711 traduxit,
990 2654 1195 2701 aaterno
1224 2646 1494 2716 supplicio
1524 2647 1808 2702 liberatur.

382 2752 387 2759 ’
493 2751 578 2807 LI.
619 2754 666 2786 “
703 2753 892 2821 Porro,
929 2755 1058 2809 dum
1111 2754 1546 2827 uniuscujusque
1600 2772 1829 2821 eorum,
1894 2757 1990 2828 qui

422 2845 562 2914 apud
594 2861 693 2900 vos
727 2846 802 2900 dii
844 2848 1219 2913 nominantur,
1267 2849 1467 2917 impios
1511 2858 1666 2905 actus
1700 2851 1989 2920 redarguo,

420 2932 593 2998 Jovis,
618 2933 872 3005 Neptuni,
906 2934 1174 3003 Plutonis,
1204 2937 1492 3007 Apollinis,
1534 2938 1753 3007 Bacchi,
1784 2940 1993 2997 llcrcu-

420 3026 511 3092 lis,
542 3042 606 3082 ac
640 3028 977 3097 singulorum
1026 3027 1187 3101 (quos
1227 3044 1403 3100 neque
1435 3031 1535 3099 ipsi
1582 3032 1866 3101 ignoratis.
1900 3041 1987 3088 ut-
2016 3061 2059 3119 ρ

420 3128 547 3191 pote
576 3119 631 3173 in
668 3120 978 3175 Graecorum
1006 3122 1199 3178 litteris
1226 3122 1493 3190 instituti;
1527 3138 1667 3193 quas
1690 3124 1831 3180 vitas
1850 3123 1988 3181 edo-

421 3210 494 3265 cli
533 3212 691 3277 estis,
727 3220 788 3266 ut
830 3220 1089 3283 tanquam
1120 3214 1346 3269 deorum
1390 3216 1740 3271 aemulatores
1787 3216 1988 3272 similia

419 3302 714 3376 peragatis)
765 3313 820 3359 et
859 3306 927 3359 ab
953 3305 1072 3374 ipso
1109 3306 1368 3375 primum,
1403 3307 1449 3361 si
1482 3306 1715 3372 videtur,
1749 3308 1991 3364 maximo

420 3408 547 3464 rege
591 3392 722 3450 Jove
762 3394 967 3451 ordiar.
996 3396 1039 3428 "
1070 3397 1221 3451 Illius
1259 3398 1477 3467 quidem
1508 3406 1661 3467 pater
1694 3398 1988 3465 Saturnus,

419 3485 607 3542 liberis
629 3487 767 3551 suis,
791 3497 851 3542 ut
874 3488 1063 3555 fertur,
1090 3488 1388 3557 devoratis,
1406 3498 1461 3545 et
1480 3491 1830 3547 adamantina
1852 3491 1993 3548 falce

419 3576 689 3633 demessis
731 3579 870 3648 patri
908 3579 1235 3649 genitalibus
1256 3624 1270 3650 ,
1304 3582 1521 3651 pietatis
1555 3599 1681 3653 erga
1715 3591 1988 3654 parentes,

418 3677 476 3725 et
495 3671 697 3725 amoris
726 3670 782 3727 in
815 3670 1038 3737 liberos,
1065 3671 1133 3728 iis
1162 3674 1254 3743 qui
1279 3672 1507 3729 deorum
1532 3676 1789 3747 mysteria
1821 3691 1994 3730 remu-

420 3761 605 3815 lantur
634 3761 933 3830 specimina
975 3777 1039 3817 ac
1072 3764 1405 3834 exemplaria
1427 3765 1675 3835 praebuit.
1710 3763 1829 3835 Ipse
1862 3780 1993 3821 vero

420 3850 633 3921 Jupiter
664 3861 873 3922 patrem
911 3868 1071 3908 suum
1096 3854 1366 3919 vinctum,
1400 3855 1453 3910 in
1480 3854 1770 3909 Tartarum
1801 3854 1993 3924 praeci—

419 3944 632 4015 pitavit,
662 3953 716 3999 et
743 3945 879 4000 alios
902 3945 1034 4000 deos
1058 3945 1233 4015 punit.
1264 3946 1310 3978 ⁵⁸
1326 3944 1434 4001 Pro
1462 3945 1530 4001 iis
1553 3954 1735 4000 autem
1768 3946 1863 4015 qui
1891 3960 1991 4000 ne-

418 4034 637 4090 fandam
668 4044 885 4105 patrant
912 4036 1326 4103 obscenitatem,
1362 4036 1525 4092 Metin
1556 4053 1681 4093 cum
1716 4030 1993 4109 genuisset

418 4126 693 4195 absorpsit
718 4144 733 4181 :
764 4142 927 4196 porro
960 4125 1113 4182 Metis
1139 4135 1258 4181 erat
1297 4142 1515 4194 semen;
1550 4127 1812 4183 infantem
1843 4131 1988 4183 enim

418 4214 699 4271 absorberi
737 4216 1094 4285 impossibile.
1134 4214 1193 4271 In
1222 4216 1597 4272 defensionem
1637 4232 1769 4273 vero
1798 4233 1989 4273 eorum

418 4305 512 4375 qui
540 4311 836 4375 puerorum
869 4305 1151 4376 indulgent
1175 4306 1476 4374 amoribus,
1511 4307 1879 4379 Ganymedem
1903 4324 1993 4365 ra-

2103 456 2397 527 λεγομένην
2430 457 2659 525 γένεσιν,
2680 456 2771 507 καὶ⁵
2804 456 2931 526 παρ’
2948 455 3114 525 αὐτὴν
3145 454 3265 507 οὔτε
3300 454 3534 525 πάσχειν
3565 454 3708 507 τινὰ

2102 548 2322 602 δυνατὸν
2355 547 2492 601 είναί
2527 565 2707 616 φασιν,
2742 545 2864 600 οὔτε
2898 548 3102 598 ποιεῖν·
3131 547 3217 599 ῖνα
3248 545 3574 615 νομίσαντες
3606 546 3703 598 δτι

2103 638 2254 710 παρὰ
2284 637 2495 707 γένεσιν
2526 638 2701 701 οὐδεὶς
2732 637 2851 691 οὗτε
2885 637 3078 701 ποιεῖν,
3111 634 3233 689 οὔτε
3266 635 3489 705 πάσχειν
3544 634 3700 705 ἔχει,

2106 728 2303 801 ῥᾳδίως
2335 730 2428 784 ἐπὶ
2458 730 2519 784 τὸ
2550 729 2881 801 ἁμαρτάνειν
2915 728 3199 800 ἐρχωνται,
3223 730 3315 784 καὶ
3344 730 3705 800 ἁμαρτάνον-

2100 838 2213 885 τες,
2254 822 2327 895 μὴ
2364 822 2767 894 μεταμέλωνται
2799 823 2886 893 ἐφ’
2918 818 2998 887 οἷς
3031 821 3381 893 ἠσεϐήκασιν.
3403 820 3596 881 Ἄλλοι
3628 821 3701 874 δὲ

2101 914 2412 985 ἀπρονόητα
2442 915 2825 986 δογματίζουσι
2856 914 2924 969 τά
2956 915 3214 985 παρόντα,
3237 915 3335 968 καὶ
3358 913 3700 984 αὐτομάτως

2102 1004 2358 1076 φέρεσθαι
2390 1004 2449 1058 τὸ
2483 1007 2589 1058 πᾶν
2620 1005 2913 1075 είσάγουσι,
2941 1004 3165 1077 μηδενὸς
3196 1002 3561 1072 ἐφεστηκότος
3593 1004 3701 1053 Δε-

2103 1094 2301 1149 σπότου
2326 1114 2338 1126 ·
2375 1097 2402 1149 δ
2434 1096 2497 1168 δὴ
2519 1097 2561 1128 ⁸⁸
2597 1098 2689 1151 καὶ
2723 1097 2936 1150 πάντων
2969 1096 3082 1149 ἐστὶ
3114 1094 3512 1165 χαλεπώτατον,
3531 1092 3695 1145 οὕτω

2100 1185 2192 1239 τὸν
2223 1186 2351 1239 Θεὸν
2386 1186 2743 1259 βλασφημεῖν,
2779 1188 2872 1241 καὶ
2904 1187 3005 1257 τῆς
3034 1185 3128 1239 τοῦ
3163 1186 3358 1248 παντὸς
3390 1184 3692 1237 ἐκϐάλλειν

2102 1280 2374 1351 προνοίας,
2410 1279 2547 1351 ὥστε
2596 1280 2729 1351 μηδὲ
2776 1276 2911 1334 εἶναι
2942 1279 3120 1348 λέγειν
3150 1278 3240 1330 τὸν
3272 1276 3553 1346 ἐφεστῶτα
3587 1276 3691 1329 καὶ

2102 1350 2512 1440 προνοούμενον,
2546 1372 2640 1425 καὶ
2659 1350 2705 1403 ⁸⁸
2735 1371 2803 1426 τά
2834 1372 2954 1425 κατ’
2986 1373 3141 1439 ἀξίαν
3174 1371 3251 1442 τῷ
3283 1372 3440 1423 παντὶ
3471 1368 3689 1422 ἀπονέ-

2104 1476 2270 1530 μοντα
2290 1477 2302 1490 θ
2328 1459 2448 1533 ὅθεν
2482 1462 2542 1515 οὐ
2578 1462 2775 1535 ῥᾳδίως
2806 1464 2854 1516 οί
2886 1462 2956 1517 τὰ
2988 1462 3207 1516 τοιαῦτα
3230 1455 3550 1533 φρονοῦντες
3575 1476 3695 1511 σω-

2102 1548 2576 1619 φρονίζονται.Τὸν
2609 1552 2717 1625 γάρ
2750 1554 3111 1625 ἐπερχόμενον
3144 1551 3381 1606 κίνδυνον
3411 1552 3473 1604 οὐ
3506 1567 3691 1622 προο-

2105 1658 2319 1712 ρωνται.

2169 1818 2231 1874 L.
2262 1821 2317 1874 '0
2332 1820 2387 1875 δὲ
2408 1820 2536 1887 τῶν,
2560 1821 2635 1887 ὡς
2656 1823 2809 1894 ὑμεῖς
2835 1840 2988 1892 φατε,
3012 1820 3297 1895 βαρϐάρων
3317 1819 3492 1888 λόγος,
3512 1818 3688 1872 εὐσε-

2097 1910 2355 1976 ϐέστατός
2387 1914 2552 1979 ἐστιν,
2575 1913 2671 1966 ἕνα
2703 1913 2832 1967 Θεὸν
2864 1913 3192 1985 δημιουργὸν
3220 1911 3375 1965 τοῦδε
3404 1909 3500 1964 τοῦ
3537 1927 3684 1963 παν-

2095 2000 2187 2065 τὸς
2219 2001 2624 2075 είσηγούμενος,
2644 2005 2711 2074 τῇ
2747 2002 2904 2073 φύσει
2936 2004 3137 2071 ἀγαθὸν
3158 2003 3252 2055 καὶ
3270 2003 3509 2055 δίκαιον·
3536 2002 3687 2070 ἀγαι-

2097 2091 2188 2145 θὸν
2224 2092 2342 2163 μὲν,
2376 2092 2450 2156 ὡς
2497 2094 2950 2164 μεταμελομένοις
2984 2092 3364 2164 συγχωροῦντα
3393 2091 3463 2145 τά
3495 2092 3689 2162 ἀμαρ-

2093 2184 2309 2255 τήματα
2328 2202 2339 2215 ⁸
2363 2185 2569 2239 δίκαιον
2600 2184 2676 2252 δὲ,
2698 2184 2773 2247 ὡς
2805 2184 3014 2256 ἑκάστῳ
3039 2185 3112 2255 μὴ
3143 2181 3507 2255 μετανοοῦντι,
3548 2183 3680 2235 κατ’

2094 2274 2252 2340 ἀξίαν
2296 2276 2403 2329 τῶν
2448 2276 2867 2348 πεπραγμένων,
2902 2276 3233 2331 ἀποδιδόντα.
3254 2276 3522 2337 Ἕκαστος
3566 2272 3682 2343 γὰρ

2097 2366 2393 2438 προσδοκίᾳ⁵
2442 2367 2536 2421 τοῦ
2588 2366 2943 2439 κριθήσεσθαι
2995 2367 3099 2422 ὑπὸ
3148 2364 3240 2419 τοῦ
3292 2364 3680 2418 παντεπόπτου

2095 2457 2252 2524 Θεοῦ,
2289 2459 2427 2530 πρὸς
2468 2459 2529 2512 τὸ
2578 2461 2871 2530 σωφρονεῖν
2908 2457 3104 2531 μᾶλλον
3135 2458 3233 2529 τὴν
3262 2456 3440 2529 ὁρμὴν
3455 2456 3502 2488 ⁸³
3531 2456 3683 2525 λαμ-ε

2095 2550 2246 2603 ϐάνει
2279 2552 2374 2604 καὶ
2394 2550 2423 2603 ό
2446 2550 2735 2621 σωφρόνως
2761 2548 3055 2620 βεϐιωκὼς,
3075 2550 3175 2619 τῆς
3198 2548 3417 2602 αἰωνίου
3444 2546 3679 2618 λυτροῦ-

2094 2659 2185 2695 ται
2218 2641 2509 2705 κολάσεως.

2162 2752 2257 2810 ιι.
2282 2755 2413 2809 Ἐκά
2423 2772 2548 2809 στου
2573 2756 2630 2810 δὲ
2653 2755 2762 2809 τῶν
2779 2754 2907 2827 παρ’
2930 2755 2959 2807 ὑ
2967 2756 3059 2826 μίν
3078 2752 3380 2824 λεγομένων
3403 2751 3543 2806 θεῶν
3577 2752 3682 2815 τάς

2092 2846 2309 2909 ἀσεϐεῖς
2351 2845 2641 2916 διελέγχων
2691 2843 2936 2917 πράξεις,
2970 2842 3062 2897 τοῦ
3110 2843 3229 2907 Διός
3258 2860 3318 2895 τε
3353 2843 3447 2895 καὶ
3480 2843 3681 2895 Ποσει-

2092 2934 2338 2999 δῶνος⁵³,
2373 2934 2684 2999 Πλούτωνός
2732 2951 2793 2987 τε
2838 2935 2932 2987 καὶ
2971 2932 3322 2997 Ἀπόλλωνος,
3356 2931 3616 2984 Διονύσου
3633 2931 3681 2963 ⁸⁸

2093 3042 2152 3078 τι
2204 3026 2299 3080 καὶ
2341 3025 2691 3097 Ἡρακλέους,
2725 3025 2821 3080 καὶ
2865 3024 2972 3079 τῶν
3018 3024 3136 3079 καθ’
3171 3025 3266 3078 ἕνα
3314 3024 3541 3077 ἕκαστον
3584 3014 3681 3092 (ὧν

2091 3114 2211 3170 οὐδὲ
2230 3114 2381 3169 αὐτοὶ
2412 3114 2672 3182 ἀγνοεῖτε,
2698 3113 2761 3167 ἰκ
2793 3111 3038 3176 παιδείας
3081 3109 3398 3182 Ἑλληνικῆς
3416 3106 3682 3180 ὁρμώμεο

2090 3224 2190 3271 νοι,
2214 3205 2307 3269 οὓς
2340 3204 2690 3275 ἑπαιδιύθητε
2726 3203 2892 3275 βίους,
2911 3204 2997 3259 ἵνα
3018 3203 3093 3267 ὡς
3118 3201 3355 3272 ζηλωταὶ
3383 3198 3492 3253 τῶν
3514 3198 3679 3259 θεῶν,

2090 3298 2161 3353 τὰ
2190 3298 2351 3369 ὅμοια
2396 3295 2729 3368 πράττητε),
2763 3296 2857 3349 καὶ
2882 3295 2977 3351 ἀπ’
3011 3292 3174 3348 αὑτοῦ
3206 3310 3270 3362 γε
3306 3290 3597 3363 πρότερον,
3632 3292 3681 3342 εἰ

2089 3390 2256 3454 δοκεῖ,
2289 3387 2385 3443 τοῦ
2431 3387 2857 3459 βασιλικοηάτου
2904 3386 3025 3451 Διὸς
3072 3386 3325 3458 ἄρξομαι.
3360 3381 3468 3435 Τοῦ
3512 3383 3541 3433 ὁ
3578 3381 3681 3452 μὲν

2092 3479 2275 3550 πατὴρ
2306 3477 2513 3548 Κρόνος
2541 3475 2612 3529 τὰ
2646 3476 2753 3530 ίδια
2782 3475 2969 3541 τέκνα,
3002 3474 3077 3538 ὡς
3107 3474 3344 3542 λέγεται,
3368 3469 3676 3533 καταπιὼν,

2091 3574 2158 3644 τῇ
2192 3571 2250 3637 ἐξ
2282 3569 2587 3641 ἀδάμαντος
2619 3569 2772 3640 ἅρπῃ
2800 3566 2895 3621 τοῦ
2929 3566 3133 3639 πατρὸς
3151 3564 3221 3618 τά
3244 3564 3406 3635 μόρια
3430 3561 3675 3633 θερίσας,

2089 3662 2191 3733 τῆς
2223 3661 2359 3735 πρὸς
2390 3661 2568 3729 γονεῖς
2597 3657 2880 3725 εὐσεϐείας
2894 3659 2989 3715 καὶ
3006 3656 3107 3727 τῆς
3139 3655 3276 3727 πρὸς
3296 3654 3365 3707 τὰ
3396 3652 3567 3705 τέκνα
3592 3669 3678 3720 φι-

2091 3754 2234 3819 λίας,
2269 3754 2380 3817 τοῖς
2427 3751 2496 3806 τά
2546 3751 2782 3825 μυστικά
2812 3750 2921 3805 τῶν
2966 3749 3103 3804 θεῶν
3151 3747 3423 3820 ζηλοῦσιν,
3460 3746 3677 3810 εἰκόνας

2090 3843 2185 3897 καὶ
2225 3842 2429 3905 τύπους
2474 3840 2795 3913 παρέσχετο.
2819 3840 2995 3904 Αὐτὸς
3040 3839 3097 3893 δὲ
3142 3841 3171 3893 ό
3216 3839 3351 3903 Ζεὺς
3382 3837 3473 3889 τὸν
3506 3838 3673 3891 αὐτοῦ

2091 3933 2300 4005 πατέρα
2351 3932 2529 3996 δείσας
2575 3932 2643 3995 ³⁸,
2694 3928 3027 4003 κατόρῥαξεν
3079 3930 3160 3994 είς
3211 3928 3532 4001 τάρταρον,
3581 3928 3674 3981 καὶ

2088 4026 2215 4089 τοὺς
2236 4025 2280 4057 ⁸⁸
2312 4024 2501 4086 ἄλλους
2544 4021 2759 4086 κολάζει
2792 4020 2964 4085 θεούς.
3003 4020 3128 4083 Τοῖς
3172 4019 3230 4073 δὲ
3276 4020 3672 4091 ἀρῤητουργεῖν

2090 4114 2356 4178 ἐθέλουσι,
2377 4115 2477 4186 τὴν
2508 4113 2689 4184 Μῆτιν
2722 4112 2987 4181 γεννήσας
3018 4109 3296 4174 κατέπιεν,
3316 4104 3385 4180 ἦν
3416 4109 3473 4161 δὲ
3501 4111 3535 4178 η
3559 4109 3671 4178 Μῆ-

2088 4223 2173 4270 τις
2204 4208 2366 4279 γονή·
2407 4206 2601 4281 βρέφος
2632 4203 2741 4275 γὰρ
2772 4203 3078 4267 καταπιεῖν,
3115 4200 3583 4270 ἀδύνατον.’Υπὲρ
3614 4201 3669 4253 δὲ

2090 4297 2385 4367 ἀπολογίας
2444 4294 2835 4367 παιδεραστιῖΝ,
2883 4293 3205 4364 Γανυμήδην
3250 4292 3507 4363 ἁρπάζει.
3559 4293 3669 4347 Καὶ

417 4401 518 4471 pit.
550 4398 618 4453 Ει
637 4398 900 4454 adulteris
933 4401 986 4453 in
1016 4399 1286 4454 adulterio
1315 4414 1474 4470 opem
1507 4400 1707 4468 ferens,
1742 4401 1857 4471 ipse
1884 4416 1985 4456 sae-

2097 4389 2299 4457 μοιχοῖς
2351 4386 2492 4458 ὑπὲρ
2526 4383 2767 4456 μοιχείας
2800 4382 3028 4456 βοηθῶν,
3064 4382 3223 4446 αὐτὸς
3254 4381 3515 4446 πολλάκις
3551 4400 3666 4455 μοι·

417 4505 486 4561 pe
515 4491 765 4546 moechus
806 4490 1099 4545 invenitur.
1141 4489 1223 4543 Ad
1266 4505 1483 4546 sorores
1516 4491 1680 4546 etiam
1706 4492 1985 4548 ducendas

2097 4477 2176 4547 (ὸς
2244 4476 2570 4547 εὑρίσκεται.
2630 4475 3043 4547 ’Δδελφογαμιῖν
3070 4476 3191 4530 ⁸⁶δὲ
3256 4478 3662 4550 προτρέπεται,

419 4580 630 4646 invitat,
658 4581 775 4650 ipse
804 4579 1163 4649 congrediens
1187 4594 1310 4634 cum
1344 4582 1646 4648 sororibus,
1674 4580 1907 4650 Junone,
1934 4595 1988 4638 et

2097 4568 2336 4639 ὶδελφαῖς
2367 4568 2528 4633 αὐτὸς
2560 4567 2936 4633 συνεισελθὼν,
2954 4569 3121 4642 Ἤρᾳ,
3157 4569 3252 4624 καὶ
3282 4570 3551 4641 Δήμητρί,
3574 4571 3665 4623 καὶ

417 4673 634 4740 Cerere,
665 4680 720 4728 et
742 4670 951 4727 Venere
972 4672 1179 4727 caelesti
1212 4688 1376 4743 quam
1422 4674 1669 4728 nonnulli
1702 4674 1983 4730 Dodonam

417 4774 634 4820 vocant.
664 4764 737 4821 lis
776 4780 907 4820 vero
952 4766 1047 4837 qui
1091 4781 1215 4822 cum
1252 4766 1467 4820 ﬁliabus
1516 4766 1860 4821 commisceri
1888 4782 1984 4822 vo-

418 4856 573 4923 lunt,
610 4874 735 4913 cum
782 4856 1107 4928 Proserpina
1151 4872 1498 4929 congressus,
1526 4859 1831 4927 exemplum
1879 4860 1986 4916 im-

418 4950 649 5022 probum
694 4966 761 5005 ex
804 4949 1004 5006 fabulis
1031 4950 1279 5005 eﬂicitur.
1311 4948 1429 5005 Alia
1459 4965 1677 5021 quoque
1700 4951 1985 5007 innumera

420 5041 583 5111 impie
606 5041 809 5111 gessit;
834 5049 895 5095 ut
919 5043 987 5097 ab
1010 5042 1192 5111 impiis
1218 5042 1532 5097 hominibus
1574 5051 1795 5112 propter
1820 5058 1987 5097 exsu-

2097 4661 2381 4733 Ἀφροδίτῃ
2425 4663 2492 4732 τῇ
2537 4660 2782 4732 οὐρανίᾳ,
2815 4660 2881 4731 ἠν
2928 4678 3070 4724 τινες
3118 4658 3377 4733 Δωδώνην
3424 4660 3659 4729 λέγουσι.

2083 4752 2207 4815 Τοῖς
2238 4750 2295 4803 δὲ
2328 4749 2627 4821 θυγατράσι
2675 4749 2965 4822 μίγνυσθαι
2998 4749 3360 4821 βουλομένοις,
3395 4751 3665 4823 Περσεφόι

2086 4859 2154 4913 νη
2188 4839 2575 4911 συνεληλυθὼς,
2594 4840 2940 4912 παράδειγμα
2972 4842 3206 4913 πονηρὸν
3238 4843 3302 4895 ὲκ
3330 4842 3440 4894 τῶν
3476 4842 3662 4913 μύθων

2086 4930 2489 4999 γίνεται.”Λλλα
2521 4947 2579 4983 τε
2613 4929 2782 5002 μυρία
2815 4930 3104 5001 ἠσέϐηκεν,
3141 4931 3227 4985 ῐνα
3261 4933 3366 4985 ὑπὸ
3396 4931 3506 4985 τῶν
3536 4932 3660 4986 δυσ-

2088 5021 2279 5086 σεϐὦν,
2304 5020 2392 5076 διὰ
2439 5020 2539 5093 τὴν
2590 5020 3032 5092 ὑπερϐάλλουσαν
3074 5023 3362 5095 ἀκρασίαν,
3396 5024 3490 5077 καὶ
3538 5024 3658 5087 θεὸς

418 5140 697 5204 perantem
713 5131 1186 5202 intemperantiam
1208 5131 1516 5189 fabulosum
1532 5131 1725 5203 dogma
1748 5132 1816 5186 de
1838 5132 1985 5188 illius

2097 5122 2223 5179 εἶναι
2254 5127 2366 5190 τοῖς
2400 5123 2633 5188 ἰδιώταις
2660 5125 2689 5177 ό
2723 5123 2890 5195 μῦθος
2919 5124 3270 5198 δογματισθῇ.
3307 5126 3525 5181 Τούτων
3555 5127 3653 5199 οὐχ

1679 5272 1911 5330 νΑιιιΑε
1951 5268 2348 5328 LECTIONES.

3672 5346 3719 5411 ίῗ

562 5428 705 5507 "‘al.
734 5430 948 5507 6ﬁ_rrog.
1018 5434 1067 5467 "
1105 5434 1255 5507 deest
1276 5435 1329 5489 in
1356 5435 1426 5490 al.
1504 5436 1551 5469 ⁸³
1591 5436 1675 5507 al.
1706 5430 1977 5507 ἀφορμήν.
2076 5438 2124 5472 ⁵⁵
2164 5436 2347 5494 Rea].
2376 5449 2500 5507 ne.
2530 5435 2628 5507 17,
2660 5444 2791 5507 etes
2865 5434 2913 5468 ⁸⁸
2944 5434 3031 5507 ﬁll-
3070 5432 3400 5507 Πρςιδῶνοςι
3577 5431 3647 5507 εξ.

423 5498 733 5587 ἐξονυσίοιίἌ
758 5498 854 5587 ’ζινι
883 5498 1245 5587 (Σίιξιιιεζιιὶιιιιι
1260 5507 1405 5561 hom.
1440 5521 1493 5587 ν,
1533 5520 1581 5587 c.
1622 5498 1886 5587 lgz‘étc'f,
1910 5498 2075 5587 hom.
2123 5507 2176 5587 θ,
2225 5508 2376 5587 0.).
2418 5498 2492 5538 ’⁸⁸
2529 5498 2867 5587 Epiphanius
2944 5505 3076 5587 ἣξεις.
3105 5504 3197 5587 ξϐ,
3244 5520 3302 5558 ιι.
3335 5502 3473 5587 16Ἠ
3502 5501 3546 5533 ¹⁹
3572 5503 3645 5587 al.

424 5566 489 5637 δή
497 5583 612 5632 σας.

690 5572 1031 5647 Καί-τούς.
1058 5574 1200 5647 Lege
1220 5576 1467 5647 ὃπου-καὶ
1496 5577 1624 5647 τους
1656 5572 1986 5641 ἀλλους,ιιὺῖ
2021 5587 2070 5632 et
2098 5578 2233 5632 alios
2276 5577 2412 5631 Deus
2449 5572 2653 5647 punit}
2694 5590 2818 5629 nam
2856 5574 3190 5647 κατέρραξεν
3229 5588 3338 5628 non
3394 5572 3648 5629 convenit

426 5650 551 5699 cum
579 5639 811 5707 κολάζει.
855 5642 985 5699 Vide
1015 5645 1117 5702 hac
1138 5639 1209 5702 de
1236 5662 1294 5703 re
1317 5640 1534 5712 Hesiodi
1567 5639 1937 5717 Theogoniam.
1972 5649 2135 5705 (Ζιει.
2213 5649 2253 5681 ⁸³
2294 5648 2363 5703 al.
2405 5639 2827 5717 ἀδελφοκτονεῖν.
