3834 6220
149 216 260 274 509

941 218 1398 277 CLEMENTINA.
1440 251 1510 263 —
1546 219 1844 276 EPITOME
1880 218 1969 275 DE
2001 217 2247 276 GESTIS
2282 219 2343 276 S.
2383 216 2609 275 PETRI.

3336 218 3441 276 510

144 342 226 410 ὥς
249 341 462 416 ἔτυχεν
487 344 610 416 ἐγὼ
629 346 949 415 καταγνοὺς,
968 348 1046 419 τῷ
1078 347 1223 420 μόνῳ
1255 346 1447 419 ἀγαθῷ
1467 347 1584 419 Θεῷ
1609 364 1739 419 προς

1870 344 2153 400 divinitate
2176 344 2448 414 imperitis
2472 356 2797 415 persuasum
2817 339 3011 398 fuerit.
3036 342 3081 376 “
3097 339 3192 398 His
3207 357 3308 413 ego
3328 358 3438 397 non

146 435 387 504 ιφυγον,
432 435 809 500 ἀποδεδωκὼς
853 437 951 508 τὴν
987 439 1172 491 πίστιν
1204 437 1435 507 ἀσφαλεῖ
1464 439 1531 508 τῇ
1565 436 1765 508 κρίσει,

145 526 233 581 δτι
267 528 339 581 ὲκ
370 527 487 598 τῆς
521 528 621 583 τοῦ
654 528 788 583 Θεοῦ
821 530 1035 592 δικαίας
1058 530 1292 601 κρίσεως
1324 530 1417 582 καὶ
1447 528 1609 599 νόμος
1638 527 1768 598 ὥρι-

149 638 303 685 σται,
340 622 447 675 καὶ
479 622 520 693 ἡ
560 620 720 694 ψυχὴ
744 622 957 686 πάντως
987 622 1049 676 τὸ
1090 622 1208 677 κατ’
1239 622 1395 689 ἀξίαν
1428 613 1502 678 ὧν
1534 619 1769 689 ἔπραξεν

146 712 290 768 ὅπου
322 712 393 785 δή
432 730 583 768 ποτε
614 713 1008 785 ἀπολαμϐάνει.

218 883 337 940 ιιι.
368 886 580 942 Ταῦτά
604 905 708 959 μου
734 888 998 953 εἰπόντος,
1015 888 1044 942 6
1068 886 1312 942 ’Δππίων
1332 887 1379 920 ⁸³
1394 887 1665 961 ἐπήνεγκε
1688 888 1766 960 τῷ

150 978 297 1050 λόγῳ
323 995 339 1011 ·
379 979 453 1032 Τί
490 979 647 1051 γάρ;
679 980 801 1051 οὐχὶ
829 981 925 1035 καὶ
958 980 1219 1051 Ἕλληνες
1253 980 1348 1035 καὶ
1379 980 1644 1053 Ἑλλήνων
1677 981 1763 1034 νό-

152 1088 245 1142 μοι
291 1072 723 1143 ἀπαγορεύουσι
768 1071 838 1125 τά
881 1071 1123 1137 τοιαῦτα,
1159 1072 1253 1125 καὶ
1294 1073 1421 1136 τοὺς
1457 1074 1675 1143 μοιχούς
1703 1090 1765 1125 τε

153 1163 247 1215 καὶ
280 1162 472 1225 άλλως
506 1162 583 1217 τὰ
615 1162 829 1217 ἐναντία
863 1164 1199 1235 πράττοντας
1229 1163 1587 1236 τιμωρεῖσθαι
1609 1181 1766 1234 νομο-

153 1255 411 1322 θετοῦσι;
467 1255 638 1325 κάγὼ
682 1256 837 1326 ἔφην’
874 1256 1085 1311 Οὐκοῦν
1132 1256 1183 1310 οἱ
1225 1255 1493 1327 Ἑλλήνων
1537 1255 1648 1308 θεοὶ
1696 1254 1765 1308 τὰ

150 1346 375 1400 ἐναντία
426 1349 557 1411 τοῖς
602 1347 789 1418 νόμοις
838 1347 1287 1419 διαπραξάμενοι,
1322 1346 1543 1400 κόλασιν
1572 1347 1633 1399 οὐ
1664 1346 1762 1418 τὴν

150 1432 431 1502 τυχοῦσαν
481 1433 787 1504 ὀφείλουσι.
824 1435 950 1499 Πῶς
995 1435 1052 1489 δὲ
1113 1435 1464 1507 σωφρονίζειν
1527 1436 1762 1506 ἐμαυτὸν

151 1517 489 1593 δυνήσομαι,
528 1523 932 1595 ὑπολαμϐάνων
976 1526 1057 1579 ὅτι
1108 1526 1156 1578 οί
1211 1525 1323 1579 θεοὶ
1361 1525 1515 1579 αὐτοὶ
1548 1525 1763 1597 πρῶτοι

151 1611 269 1681 ἅμα
302 1614 375 1683 τῇ
414 1613 668 1685 μοιχείᾳ,
701 1615 769 1669 τὰ
800 1614 1013 1686 χαλεπά
1046 1615 1223 1670 πάντα
1256 1613 1630 1687 διεπράξαντο,
1666 1616 1760 1669 καὶ

1868 445 2071 492 temere
2106 436 2504 503 condemnatis,
2530 436 2596 491 ad
2627 434 2797 490 Deum
2827 435 2921 505 qui
2965 435 3118 490 solus
3157 435 3333 492 bonus
3357 445 3441 490 est

1867 527 2124 599 confugi;
2164 543 2291 584 cum
2318 527 2478 582 tidem
2513 534 2665 583 certo
2681 526 2893 595 judicio
2921 526 3260 591 habuissem,
3289 525 3439 595 quod

1865 634 1933 674 ex
1977 618 2069 674 Dei
2106 619 2257 689 justo
2297 619 2524 689 judicio,
2552 626 2607 673 et
2644 618 2732 673 lex
2760 616 2869 672 ﬁxa
2905 617 2977 671 sit
3017 632 3083 673 ac
3112 616 3358 683 definita,
3383 628 3440 672 et

1866 708 2047 765 anima
2090 711 2317 765 omnino
2344 725 2444 781 pro
2471 709 2740 781 dignitate
2766 724 2961 765 eorum
2993 724 3116 779 quae
3145 710 3313 780 gessit
3337 708 3439 764 ali-

1865 801 2085 872 quando
2110 813 2392 872 receptura
2419 802 2509 858 sit.

1936 892 2045 951 Lll.
2088 892 2213 950 Haec
2248 910 2372 951 cum
2409 895 2694 962 dixissem,
2727 894 2940 965 Appion
2984 893 3221 949 orationi
3253 891 3438 961 subje—

1865 984 1940 1040 cit
1968 1002 1981 1037 :
2013 983 2154 1051 Quid
2183 984 2367 1039 enim?
2392 999 2573 1039 nonne
2608 984 2784 1040 Graeci
2807 983 3437 1052 etiam,Graacorumque

1863 1076 2008 1146 leges
2040 1076 2141 1132 ista
2177 1076 2498 1146 prohibent;
2528 1084 2582 1130 et
2609 1077 2908 1143 adulteros,
2955 1091 3159 1146 eosque
3201 1074 3295 1144 qui
3326 1074 3434 1127 alia

1864 1169 2223 1238 repugnantia
2269 1168 2640 1235 committunt,
2671 1168 2853 1238 puniri
2894 1167 3191 1223 sanciunt?
3222 1165 3289 1220 Et
3330 1180 3433 1235 ego

1864 1259 2118 1329 respondi
2153 1259 2363 1330 :Igitur
2402 1258 2718 1313 Graecorum
2773 1258 2848 1313 dii
2896 1257 3173 1312 contraria
3222 1255 3432 1326 legibus

1862 1348 2143 1413 facientes,
2170 1362 2278 1402 non
2308 1347 2423 1401 leve
2444 1346 2768 1416 supplicium
2798 1354 3093 1400 merentur.
3113 1344 3236 1411 Quo
3266 1342 3431 1398 modo

1862 1449 2042 1495 autem
2070 1454 2158 1494 me
2181 1452 2432 1494 coercere
2455 1446 2664 1505 potero,
2689 1438 2819 1492 dum
2849 1436 3105 1490 existimo
3130 1436 3263 1491 deos
3280 1436 3432 1505 ipsos

1861 1531 2067 1602 primos
2095 1544 2204 1585 una
2232 1544 2356 1585 eum
2380 1528 2649 1583 adulterio
2672 1536 2869 1583 cuncta
2886 1526 3088 1597 flagitia
3112 1526 3426 1596 perfecisse,

1862 1638 1963 1678 nec
1990 1637 2180 1692 poenas
2206 1620 2442 1688 dedisse,
2465 1636 2604 1691 quas
2629 1620 2750 1674 ideo
2781 1618 2956 1690 magis
2984 1619 3114 1673 dare
3138 1618 3426 1684 debebant,

151 1701 305 1774 δίκην
346 1683 423 1757 οὗ
448 1683 746 1773 δεδώκασι,
778 1683 949 1779 ταύτῃ
988 1707 1187 1779 μᾶλλον
1216 1683 1520 1778 ὀφείλοντες
1550 1707 1739 1773 δοῦναι,

1857 1683 2006 1781 (μήο-
2032 1727 2142 1767 non
2178 1683 2437 1767 serviunt.
2466 1683 2748 1780 cupiditati
2780 1729 2794 1764 :
2824 1683 2972 1779 quod
3025 1709 3072 1765 si
3113 1708 3161 1763 ei
3204 1708 3427 1763 obnoxii

150 1792 225 1857 ὡς
258 1795 335 1867 μὴ
371 1794 731 1860 δουλεύοντες
762 1798 1065 1871 ἐπιθυμίᾳσ
1101 1800 1151 1852 εί
1198 1798 1254 1852 δὲ
1298 1798 1603 1864 ὑπέκειντο,
1637 1799 1754 1863 πῶς

149 1878 289 1956 ἦσαν
335 1886 497 1953 θεοί;
537 1889 651 1942 Καὶ
694 1890 723 1945 6
765 1889 1010 1945 Ἀππίων
1035 1891 1349 1945 ’Ἔστωσαν
1384 1892 1513 1962 ἡμῖν
1560 1893 1753 1946 σκοποὶ

158 1979 353 2047 μηκέτι
370 1979 419 2011 ⁸⁵
454 1979 595 2045 θεοὶ,
630 1981 765 2035 ἀλλά
785 1983 829 2015 ⁸⁵
861 1983 1129 2046 δικασταὶ,
1165 1983 1246 2046 είς
1287 1981 1382 2045 οὓς
1421 1982 1749 2054 ἀφορῶντες,

154 2067 591 2141 φοϐηθησόμεθα
640 2072 991 2145 ἁμαρτάνειν.
1026 2072 1198 2141 Κάγὼ
1244 2073 1399 2145 ἔφην’
1447 2074 1561 2127 Οὐκ
1606 2072 1751 2127 ἔστιν

158 2159 360 2232 ὅμοιον,
394 2155 444 2217 ὧ
476 2164 748 2217 Ἀππίων.
779 2165 835 2217 Ὁ
881 2163 978 2236 μὲν
1022 2163 1131 2236 γὰρ
1178 2165 1314 2237 πρὸς
1345 2163 1629 2237 ἄνθρωπον
1658 2165 1751 2219 τὸν

159 2254 357 2306 σκοπὸν
389 2254 564 2325 ἔχων,
602 2256 779 2311 ἐλπίδι
810 2258 906 2314 τοῦ
937 2259 1142 2325 λαϐεῖν,
1164 2260 1500 2333 ἁμαρτάνειν
1532 2260 1751 2326 πάντως

161 2347 518 2420 τολμήσειεν,’
556 2353 587 2405 6
620 2351 677 2405 δὲ
700 2352 831 2406 Θεὸν
865 2353 1248 2424 παντεπόπτην
1278 2357 1347 2427 τῇ
1380 2353 1570 2407 ἑαυτοῦ
1602 2354 1746 2426 ψυχῇ

161 2442 504 2514 ὁρισάμενος,
544 2443 703 2510 εἰδὼς
734 2447 897 2501 αὐτὸν
927 2446 1108 2502 λαθεῖν
1144 2448 1219 2521 μὴ
1251 2448 1529 2514 δύνασθαι,
1565 2452 1658 2504 καὶ
1687 2448 1750 2503 τὸ

164 2533 328 2604 λάθρα
359 2536 705 2607 ἁμαρτάνειν
737 2540 1153 2610 παραιτήσεται.

226 2623 356 2681 LIII.
378 2627 575 2681 Ταῦτα
594 2629 624 2681 6
658 2629 903 2684 Ἀππίων
923 2631 1177 2696 ἀκούσας.
1210 2632 1415 2704 ᾝδειν,
1434 2631 1558 2703 ἔφη,
1577 2632 1634 2699 ἐξ
1657 2633 1746 2689 ὅτε

168 2716 362 2787 ἤκουσα
391 2719 745 2791 Χριστιανοῖς
778 2739 839 2775 σε
873 2724 1322 2795 προσομιλοῦντα,
1355 2726 1679 2795 ἠλλοιῶσθαι
1701 2727 1746 2758 ⁶⁸

166 2808 255 2878 τὴν
284 2808 533 2883 γνώμην.
567 2812 768 2877 Καλῶς
811 2813 921 2886 γὰρ
966 2815 1179 2886 εἴρηταί
1219 2833 1359 2870 τινιο
1394 2817 1748 2886 Φθείρουσιν

170 2897 273 2970 ἢθη
299 2903 535 2973 χρηστὰ
564 2906 787 2974 ὁμιλίαι
816 2907 1013 2961 κακαί.
1035 2906 1206 2976 Κάγὼ
1222 2908 1359 2979 πρὸς
1391 2909 1569 2963 αὐτόν·
1600 2910 1743 2963 Οὐκ-

1852 1798 2094 1867 fuerunt,
2122 1814 2233 1868 quo
2250 1806 2413 1868 pacto
2440 1798 2515 1853 dii
2552 1799 2743 1852 erant?
2774 1798 2841 1853 Et
2879 1798 3092 1868 Appion
3124 1817 3138 1853 :
3170 1798 3293 1853 Sint
3325 1813 3428 1853 no-

1852 1887 1937 1943 bis
1960 1903 2058 1958 pro
2084 1903 2272 1958 scopo,
2305 1903 2413 1943 non
2438 1887 2534 1954 dii,
2581 1888 2674 1943 sed
2708 1888 2951 1958 judices;
2982 1891 3035 1943 in
3067 1905 3206 1959 quos
3247 1890 3424 1959 respi-

1851 1977 2064 2044 ciendo,
2097 1993 2324 2049 peccare
2351 1988 2677 2035 metuemus.
2702 1978 2773 2033 At
2794 1995 2895 2051 ego
2927 1982 3113 2051 excepi
3150 1998 3165 2036 :
3195 1979 3314 2035 Non
3341 1990 3427 2037 est

1850 2066 2048 2134 simile,
2094 2084 2129 2123 ο
2170 2070 2402 2140 Appion.
2429 2068 2531 2136 Qui
2560 2072 2708 2126 enim
2732 2072 2799 2125 ad
2836 2071 3112 2126 hominem
3140 2072 3384 2130 collimat
3402 2114 3421 2140 ,

1849 2174 1946 2230 spe
1988 2160 2212 2226 latendi,
2241 2161 2558 2231 delinquere
2600 2162 2825 2216 omnino
2869 2162 3090 2217 audebit
3122 2162 3257 2233 :qui
3293 2178 3423 2218 vero

1850 2247 2020 2305 Deum
2053 2252 2300 2306 omnium
2332 2252 2695 2324 inspector-em
2736 2262 2893 2309 meta
2934 2254 3056 2310 loco
3083 2254 3282 2309 animae
3308 2270 3425 2310 sua

1849 2343 2153 2413 proposuit,
2176 2357 2379 2413 gnarus
2408 2343 2554 2414 quod
2578 2358 2704 2400 eum
2729 2344 2894 2400 latere
2922 2360 3031 2399 non
3056 2343 3251 2414 possit,
3278 2343 3421 2399 clam

1848 2448 2072 2505 quoque
2098 2449 2328 2505 peccare
2352 2435 2748 2506 supersedebit.

1914 2629 2050 2687 LIII.
2104 2630 2238 2698 Qua:
2276 2646 2401 2687 cum
2438 2632 2682 2689 audisset
2709 2631 2945 2702 Appion,
2998 2629 3374 2686 lntellexeram
3400 2670 3418 2699 ,

1846 2718 2043 2791 inquit,
2064 2737 2134 2777 ex
2156 2736 2267 2792 quo
2292 2723 2474 2778 audivi
2505 2722 2603 2777 tibi
2631 2739 2756 2779 cum
2788 2721 3118 2778 Christianis
3145 2738 3266 2778 esse
3290 2738 3421 2777 con-

1847 2811 2233 2879 suetudinem,
2288 2813 2588 2868 mutavisse
2641 2822 2695 2867 te
2747 2813 3094 2868 sententiam.
3155 2812 3422 2869 Prteclare

1844 2903 1988 2958 enim
2027 2919 2058 2958 a
2086 2905 2323 2974 quodam
2365 2904 2572 2959 dictum
2597 2913 2682 2959 est
2712 2924 2726 2960 :
2761 2904 2935 2959 Mores
2968 2907 3127 2960 bonos
3158 2906 3421 2977 colloquia

170 2991 253 3044 οῦν
299 2995 695 3067 ἐπανορθοῦσιν
746 2996 852 3069 ἢθη
907 2998 982 3069 μὴ
1039 2998 1252 3071 χρηστὰ
1290 2999 1494 3071 ὁμιλίαι
1557 3000 1737 3055 καλαί.

1851 3004 2185 3064 corrumpunt
2223 2994 2369 3048 mala
2390 2997 2454 3049 ⁸³⁷.
2499 2994 2567 3049 Et
2599 3011 2701 3065 ego
2725 2996 2792 3050 ad
2824 2996 2977 3051 illum
3014 3014 3029 3051 :
3064 2994 3208 3067 Ergo
3236 3013 3420 3053 mores

172 3083 342 3139 Ταῦτά
375 3104 477 3158 μου
511 3088 777 3154 εἰπόντος,
799 3088 850 3141 οί
870 3089 1133 3162 παρόντες
1153 3090 1379 3163 φανεροὶ
1396 3086 1535 3162 ἦσαν
1555 3091 1703 3146 ὥσπε
1710 3111 1743 3166 ρ

173 3176 403 3246 ἡδόμενοι
435 3183 553 3244 τοῖς
589 3180 680 3234 ὑπ’
701 3179 835 3252 ἐμοῦ
868 3180 1207 3253 λεγομένοιςο
1229 3183 1350 3257 ὅθεν
1383 3186 1477 3238 καὶ
1499 3187 1564 3257 τῇ
1586 3186 1743 3240 ὑστε-

180 3266 292 3339 ραίᾳ.
336 3269 670 3336 ἀξιώσαντες
719 3273 1009 3341 ἀφικέσθαι
1059 3274 1239 3340 πάλιν,
1265 3256 1335 3327 ’τό
1378 3293 1442 3344 γε
1482 3256 1577 3330 νῦν
1621 3277 1743 3348 ἔχον

178 3356 472 3432 ὑπεχώρουν
496 3364 564 3416 θ’.
603 3365 681 3436 Τῇ
715 3365 771 3418 δὲ
819 3365 1077 3438 ἐπαύριον
1112 3367 1499 3439 προεληλυθότι
1531 3367 1609 3439 τῷ
1640 3369 1744 3423 Πέ-

176 3459 277 3517 τρῳ
306 3450 577 3521 άπήντουν
600 3453 647 3484 '°
681 3452 1046 3527 πλησιόχωροί
1075 3473 1134 3509 τε
1168 3456 1267 3509 οὐκ
1299 3456 1487 3527 ὀλίγοι,
1522 3458 1614 3512 καὶ
1645 3459 1743 3513 αύ-

180 3537 268 3619 ’ξῆς
295 3540 347 3593 δὲ
376 3542 477 3614 τῆς
507 3544 688 3616 Τύρου
724 3545 938 3599 πολλοί·
974 3547 1068 3600 καὶ
1101 3546 1412 3617 ἐπεφώνουν
1457 3549 1702 3619 λέγοντες
1722 3566 1738 3581 ·

188 3612 242 3681 ’0
260 3628 382 3696 θεὸς
404 3612 490 3688 διὰ
514 3612 611 3688 σοῦ
634 3637 781 3707 ἡμᾶς
813 3637 1112 3705 ὲλεείτω”,
1146 3612 1235 3693 διά
1260 3639 1354 3692 σοῦ
1370 3640 1415 3673 ’³
1442 3612 1740 3711 θεραπευέ-

182 3733 266 3773 τω.
297 3723 425 3789 Στάς
456 3722 550 3781 οῦν
583 3729 611 3781 ὁ
643 3728 847 3801 Πέτρος
879 3730 971 3784 ἐπὶ
1002 3730 1152 3783 λίθου
1184 3731 1331 3795 τινὸς
1365 3730 1569 3802 ὑψηλοῦ
1603 3731 1741 3805 πρὸς

181 3806 234 3861 τὸ
261 3811 504 3870 δύνασθαι
539 3820 673 3871 πᾶσι
706 3820 1022 3891 καταφανὴς
1054 3816 1213 3887 εἶναι,
1249 3821 1341 3874 καὶ
1372 3822 1741 3896 προσαγορεύ-

189 3914 273 3965 σας
300 3903 529 3963 θεοσεϐεῖ
560 3909 730 3982 νόμῳ,
764 3909 936 3975 οὕτως
968 3911 1193 3985 ἤρξατοο

248 4077 367 4137 LIV.
404 4084 519 4158 Θεῷ
564 4085 644 4157 τῷ
677 4088 960 4160 ποιήσαντι
988 4089 1082 4144 τὸν
1109 4090 1335 4163 οὐρανὸν
1374 4093 1471 4146 καὶ
1510 4093 1608 4165 τὴν
1636 4095 1740 4166 γῆν

190 4169 270 4223 καὶ
285 4174 373 4245 τὴν
399 4177 691 4247 θάλασσαν,
710 4182 770 4235 οὐ
800 4182 975 4235 λείπει
1006 4182 1279 4254 πρόφασις
1299 4183 1436 4256 πρὸς
1466 4186 1740 4258 σωτηρίαν

191 4261 282 4317 τῶν
308 4266 557 4332 σώζεσθαι
592 4270 928 4345 βουλομένων
951 4291 964 4304 ⁸
995 4273 1217 4338 δυνατὸς
1241 4274 1349 4346 γάρ
1382 4277 1495 4328 ἐστι
1527 4277 1738 4341 καὶτὰς

1842 3095 1953 3135 non
1980 3081 2157 3138 bonos
2179 3083 2449 3153 colloquia
2479 3084 2621 3138 bona
2645 3087 2948 3153 corrigunt.
2984 3085 3030 3118 “
3059 3085 3183 3141 Hac
3217 3102 3303 3142 me
3330 3088 3419 3143 dia

1842 3178 2029 3237 oente,
2075 3175 2169 3242 qui
2213 3172 2461 3237 aderant,
2495 3189 2606 3228 non
2636 3174 2871 3230 obscure
2913 3175 3241 3233 videbantur
3272 3178 3419 3234 dele-

1842 3265 1977 3320 ctari
2007 3266 2076 3321 iis
2100 3282 2224 3337 quae
2249 3283 2276 3321 a
2302 3282 2389 3321 me
2410 3266 2733 3322 dicebantur
2762 3286 2778 3321 :
2812 3268 2956 3323 unde
2982 3276 3037 3324 et
3076 3285 3201 3324 cum
3224 3286 3418 3343 rogas-

1841 3364 1981 3423 sent,
2009 3367 2069 3411 ut
2115 3358 2380 3426 postridie
2425 3359 2625 3412 iterum
2662 3359 3067 3425 conveniretur,
3094 3361 3417 3431 impraesen-

1840 3447 2040 3503 tiarum
2056 3448 2445 3505 discesserunt.
2459 3449 2687 3506 Postero
2705 3460 2884 3505 autem
2899 3451 3008 3519 die,
3019 3452 3181 3508 Petro
3195 3470 3417 3524 egresso

1840 3546 2228 3607 processerunt
2261 3538 2475 3593 obviam
2502 3555 2607 3594 non
2634 3542 2791 3609 pauci
2821 3540 3060 3609 ﬁnitimi,
3094 3559 3159 3598 ac
3180 3560 3247 3599 ex
3271 3544 3417 3617 Tyro

1839 3630 1959 3700 ipsa
2008 3631 2359 3702 complures;
2410 3640 2463 3686 et
2503 3633 2900 3701 acclamabant,
2950 3636 3190 3693 dicentes
3225 3656 3240 3693 :
3272 3637 3417 3696 Deus

1839 3736 1937 3791 per
1969 3729 2020 3776 te
2063 3722 2237 3777 nostri
2284 3722 2631 3789 misereatur,
2658 3739 2753 3794 per
2780 3732 2837 3780 te
2871 3741 2974 3781 nos
3006 3731 3197 3783 curetl
3254 3727 3418 3787 Stans

1839 3826 1969 3883 ergo
2009 3812 2203 3868 Petrus
2254 3813 2311 3867 in
2353 3816 2572 3871 excelso
2605 3816 2803 3885 lapide,
2851 3827 2910 3872 ut
2944 3821 3202 3878 omnibus
3230 3834 3417 3893 posset

1838 3919 1961 3960 esse
1982 3906 2312 3974 conspicuus
2331 3945 2347 3972 ,
2377 3914 2665 3977 postquam
2696 3908 2953 3979 religioso
2984 3927 3137 3968 more
3177 3915 3413 3971 salutas-

1838 4006 1940 4063 set,
1974 3997 2046 4051 ita
2073 4012 2303 4053 exorsus
2330 4008 2447 4054 est:

1909 4086 2042 4142 LIV.
2084 4087 2215 4153 Deo,
2251 4089 2521 4145 conditori
2554 4091 2708 4157 coeli,
2754 4101 2932 4160 teme,
2965 4109 3030 4149 ac
3064 4096 3263 4163 maris,
3288 4114 3403 4154 non

1838 4179 1992 4235 deest
2013 4180 2235 4235 occasio
2253 4181 2319 4235 ad
2345 4182 2575 4237 salutem
2596 4198 2788 4238 eorum
2814 4185 2907 4255 qui
2932 4188 3136 4242 servari
3155 4190 3403 4259 cupiunt:

1837 4279 2015 4340 potest
2052 4270 2199 4326 enim
2245 4281 2299 4327 et
2333 4277 2548 4328 animas
2576 4284 2794 4330 nostras
2819 4284 2874 4330 et
2913 4292 3141 4347 corpora
3166 4294 3408 4337 servare.

192 4352 343 4426 ψυχὰς
364 4363 509 4433 ἡμῶν
530 4367 627 4419 καὶ
649 4365 719 4420 τά
744 4364 971 4438 σώματα
1008 4365 1199 4420 σῶσαι.
1232 4367 1505 4421 Μανθάνω
1528 4364 1640 4434 οῦν,
1662 4368 1739 4433 ὡς

1851 4364 2019 4418 Audio
2044 4364 2253 4433 utique,
2292 4364 2573 4420 Simonem
2612 4365 2830 4437 Magum
2856 4368 2994 4424 bove
3027 4380 3263 4427 mactato
3286 4389 3415 4428 con-

199 4443 491 4524 βουθυτήσας
521 4456 706 4527 Σίμων
735 4455 987 4526 ὁΜάγος,
1034 4457 1305 4511 εἱστίασεν
1331 4458 1474 4529 ὑμᾶς
1496 4460 1554 4512 ὲν
1586 4459 1727 4534 μέσῃ

195 4540 250 4608 τῇ
265 4541 436 4617 ἀγορᾷ,
458 4550 550 4603 καὶ
581 4547 707 4620 οἴνῳ
746 4548 924 4619 πολλῷ
950 4549 1203 4619 κορέσας,
1235 4548 1498 4621 ὀλεθρίοις
1535 4549 1733 4603 πάθεσι

198 4629 276 4682 καὶ
297 4631 492 4706 δαίμοσι
526 4639 927 4711 παραδέδωκεν.
975 4638 1113 4693 Ἀλλ’
1140 4638 1328 4711 ὥσπερ
1364 4634 1457 4693 οὖν
1480 4639 1589 4692 τῶν
1619 4640 1735 4694 δαί-

201 4734 328 4787 μοσιν
348 4728 738 4802 ἀποδεδομένων
768 4730 1024 4802 θυμάτων
1058 4730 1455 4802 μεταλαϐόντες
1478 4770 1492 4795 ν
1524 4731 1603 4803 τῷ
1632 4731 1734 4803 τῆς

201 4816 365 4882 κακίας
399 4822 620 4896 ἡγεμόνι
669 4824 1104 4896 κατεδουλώθητε
1132 4843 1145 4858 ·
1188 4826 1363 4890 οὕτως
1416 4826 1483 4880 ἂν
1525 4825 1730 4879 τούτων

203 4908 491 4990 παυσάμενοι
540 4915 619 4986 τῷ
655 4916 773 4988 Θεῷ
816 4916 905 4970 διά
953 4917 1048 4970 τοῦ
1096 4918 1302 4990 Κυρίου
1344 4918 1502 4989 ἡμῶν
1551 4917 1726 4990 Ἰησοῦ

202 4989 400 5064 Χριστοῦ
425 5006 776 5078 προσέλθητε,
806 5003 864 5062 εὖ
896 5006 1008 5061 ῐστε
1033 5050 1047 5074 ,
1076 5009 1159 5062 ὅτι
1188 4989 1293 5063 σὺν
1328 5012 1395 5080 τῇ
1422 5008 1519 5062 τοῦ
1552 4989 1731 5079 σώῖα-

205 5096 278 5170 τος
304 5087 441 5159 ἰάσει,
464 5096 680 5161 καὶτὰς
716 5098 893 5170 ψυχὰς
926 5100 1273 5169 ὑγιαινούσας
1318 5100 1488 5167 ἕξετε,
1523 5099 1593 5154 τὰ
1613 5099 1734 5169 Θεῷ

207 5169 459 5263 θρέσκοντα
500 5189 883 5261 μετερχόμενοι
931 5192 1085 5245 Ἔστι
1115 5191 1172 5245 δὲ
1212 5191 1283 5245 τά
1326 5193 1627 5263 ἀρέσκοντα
1655 5190 1734 5262 τῷ

209 5261 322 5337 θεῷ»
339 5272 392 5326 τὸ
415 5278 553 5353 αὐτῷ
574 5297 634 5334 τε
658 5282 1095 5355 προσεύχεσθαι,
1122 5284 1216 5338 καὶ
1238 5261 1521 5356 τραπέζης
1538 5261 1732 5356 δαιμοζ

1834 4455 2038 4510 vivium
2066 4456 2223 4511 vobis
2254 4456 2308 4509 in
2333 4457 2515 4511 medio
2553 4456 2674 4512 foro
2699 4458 2948 4523 dedisse,
2979 4475 3043 4514 ac
3073 4460 3202 4515 vino
3232 4465 3405 4519 multo

1833 4547 2075 4616 expletos
2110 4546 2436 4617 perniciosis
2491 4547 2698 4603 morbis
2735 4563 2800 4603 ac
2854 4549 3193 4606 daemonibus
3234 4553 3406 4607 tradi—

1831 4635 1997 4692 disse.
2042 4637 2112 4692 At
2140 4645 2289 4693 certe
2338 4637 2482 4692 sicut
2523 4639 2793 4707 perceptis
2822 4640 3107 4696 sacriﬁciis
3147 4657 3269 4711 qua:
3296 4643 3410 4697 dsco

1834 4730 2096 4785 monibus
2123 4730 2306 4784 oblata
2333 4730 2572 4796 fuerant,
2593 4730 2815 4784 malitia:
2848 4730 2973 4786 duci
2994 4731 3202 4787 servire
3227 4733 3407 4789 coacti

1832 4821 1996 4876 estis:
2017 4820 2089 4874 ita
2108 4821 2176 4883 si,
2196 4821 2263 4875 iis
2293 4820 2515 4885 relictis,
2545 4820 2613 4875 ad
2640 4819 2831 4887 Deum,
2856 4836 2954 4891 per
2983 4821 3271 4878 Dominum
3295 4840 3398 4879 no-

1834 4921 2008 4968 strum
2036 4910 2222 4966 Iesum
2249 4910 2562 4976 Christum,
2610 4912 2980 4977 acccsseritis,
3016 4912 3259 4983 profecto
3290 4916 3401 4970 sci-

1837 5012 1946 5059 tote
1965 5045 1981 5070 ,
2012 5018 2111 5058 vos
2138 5017 2262 5058 cum
2306 5003 2555 5072 corporis
2583 5002 2838 5069 sanitate,
2867 5004 3031 5058 etiam
3069 5005 3284 5060 animas
3314 5020 3406 5060 sa-

1833 5111 1934 5151 nas
1994 5095 2278 5151 habituros
2330 5110 2483 5162 esse;
2564 5093 2675 5149 Deo
2744 5097 2946 5167 placita
3013 5101 3402 5155 consectando.

1833 5191 2103 5246 Caeterum
2132 5189 2242 5245 Deo
2261 5190 2462 5260 placita
2486 5199 2648 5257 sunt;
2673 5204 2798 5244 eum
2838 5191 3071 5261 precari,
3101 5191 3402 5248 daemonio-

1835 5298 1958 5337 rum
1989 5298 2179 5339 mensa
2208 5281 2510 5349 abstinere,
2541 5280 2864 5352 sanguinem
2893 5298 3002 5338 non
3018 5283 3286 5355 attingere
3304 5298 3402 5339 seu

1422 5378 1658 5437 VARUE
1697 5377 2097 5435 LECTIONES.

326 5479 365 5514 "
397 5484 638 5547 Clamant.
669 5494 818 5547 hom.
866 5507 941 5557 ιν,
976 5508 1026 5548 c.
1049 5493 1141 5558 ‘22,
1163 5504 1267 5550 etc.

219 5606 438 5692 ἀπήντων.
480 5606 551 5666 ντί
940 5606 1341 5693 Ἳ²ἰῆῗ’ἱηεοι’ῗ

214 5540 254 5579 η
326 5487 365 5514 "
397 5487 638 5547 Clamant.
669 5494 818 5547 hom.
866 5507 941 5557 ιν,
976 5508 1026 5548 c.
1049 5493 1141 5558 ‘22,
1163 5504 1267 5550 etc.
1375 5494 1421 5527 ⁸³
1458 5496 1529 5550 al.
1579 5497 1793 5552 Ἀπίων.
1877 5487 1931 5528 ⁸⁸
1960 5497 2030 5551 al.

281 5544 533 5599 Menandru-
587 5566 600 5599 l
656 5562 881 5599 ισῐαηιι
942 5579 1008 5599 νυ
1074 5564 1143 5599 xx
1232 5565 1276 5596 ss
1304 5560 1534 5599 ΓΙοηω...
1596 5568 1720 5599 im...
1786 5585 1839 5599 ..ν
1891 5582 1918 5599 η
1961 5567 2030 5599 an:

325 5565 551 5636 enauder.
586 5566 626 5636 Ιἶ
656 5562 755 5636 t;_I
773 5562 900 5636 Cor.
940 5579 1008 5618 xv
1028 5605 1042 5629 ,
1073 5564 1162 5619 '55.
1232 5565 1276 5596 "'
1304 5560 1568 5624 Clement.
1596 5568 1744 5626 hom.
1786 5585 1861 5636 ιν,
1891 5582 1941 5623 c.
1961 5567 2050 5628 25.

2075 5496 2178 5600 μη.
2193 5495 2292 5600 ετξ.
2338 5494 2417 5577 ,⁸⁸
2437 5493 2509 5580 al.
2546 5492 2792 5600 and‘ﬁ:
2842 5492 2890 5532 ⁸⁸
2928 5492 3001 5580 al.
3037 5488 3396 5600 ἠλλοιοῦτο-θῇ.

2158 5567 2178 5599 ⁸
2216 5567 2287 5622 al.
2326 5561 3161 5637 ἁνεχώρουν.³1.’ύπανεχώρουν.
3238 5561 3286 5592 ⁷⁸
3323 5562 3396 5621 al.
