3834 6220
387 213 483 269 511

1241 214 1299 271 S.
1342 213 1728 272 CLEMENTIS
1762 213 1783 269 I
1821 212 1984 269 ROM.
2023 213 2224 271 PONT.
2262 212 2490 270 OPERA
2525 212 2751 270 DUBIA.

3545 209 3656 266 512

382 346 635 407 gustare,
689 339 760 395 ab
804 341 955 395 omni
1002 340 1420 411 inquinamento
1468 340 1851 394 innuaculatos
1904 354 1963 394 se

2064 340 2189 395 νίων
2245 339 2581 410 ἀπέχεσθαι,
2634 336 2708 407 μὴ
2755 332 2950 405 ψαύειν
3007 331 3265 404 αἵματος,
3319 330 3388 384 ὲκ
3440 326 3657 390 παντὸς

381 444 741 499 conservare;
797 433 850 487 in
897 434 1082 488 multis
1111 433 1433 502 corporibus
1479 447 1587 486 una
1625 440 1805 486 mente
1836 446 1958 500 gra-

380 522 619 591 dientes,
667 527 811 594 quod
851 526 1233 595 unusquisque
1265 524 1369 578 sibi
1398 524 1535 589 vult,
1562 523 1613 577 id
1644 532 1699 577 et
1721 523 1787 577 de
1827 538 1946 591 pro-

384 616 537 671 ximo
562 619 805 688 cogitare
836 633 901 671 ac
923 632 1140 687 cupere.
1187 617 1276 670 Ait
1308 616 1453 670 enim
1486 634 1500 669 :
1535 616 1582 647 ⁷³
1608 613 1726 670 Non
1756 615 1841 669 vis
1876 614 1959 667 in-

385 709 594 776 terflci,
625 710 857 763 alterum
898 725 1008 762 non
1057 708 1353 762 interficias
1392 723 1404 759 :
1439 722 1550 761 non
1598 706 1681 761 vis
1730 720 1954 761 uxorem

383 809 532 855 tuam
560 802 629 857 ab
659 801 767 855 alio
791 800 1135 868 constuprari
1156 839 1171 863 ,
1204 798 1433 852 alterius
1463 807 1690 865 nuptam
1728 811 1796 851 ne
1826 810 1959 851 con-

384 904 568 966 stupra
607 912 621 949 :
665 909 773 949 non
820 894 902 948 vis
941 892 1221 961 quidpiam
1266 890 1494 946 omnino
1526 906 1705 945 rerum
1739 899 1956 945 tuarum

382 984 533 1041 furto
572 986 816 1051 auferri,
851 984 990 1039 nihil
1036 984 1261 1039 alterius
1293 982 1496 1038 furare.
1543 982 1721 1052 Atque
1768 983 1842 1037 ita
1890 996 1958 1035 ex

382 1079 538 1133 vobis
570 1080 703 1148 ipsis
734 1077 881 1147 quod
917 1076 1115 1131 rationi
1155 1085 1587 1131 consentaneum
1618 1083 1702 1129 est
1752 1075 1957 1129 intelli-

381 1177 588 1236 gentes,
617 1182 683 1221 ac
707 1165 1030 1231 consectati,
1064 1164 1174 1219 Deo
1206 1164 1359 1219 chari
1384 1160 1559 1229 eritis,
1592 1172 1645 1218 et
1669 1162 1956 1218 sanitatem

382 1256 777 1325 assequemini.

454 1347 565 1402 LV.
594 1349 641 1379 "'
663 1346 788 1402 Haec
823 1362 852 1400 a
881 1345 1043 1400 Petro
1086 1344 1278 1415 paucis
1301 1344 1495 1399 diebus
1519 1343 1695 1398 edocti
1717 1386 1733 1409 ,
1764 1341 1959 1398 deinde

380 1442 434 1488 et
455 1436 795 1489 curationem
828 1435 1029 1504 adepti,
1055 1434 1122 1487 ad
1171 1448 1388 1488 sacrum
1416 1433 1750 1502 baptismum
1780 1448 1961 1488 acces-

381 1535 593 1579 serunt.
623 1524 755 1591 Qute
782 1540 906 1579 cum
943 1523 1157 1579 Sidonii
1191 1525 1520 1591 audiissent,
1553 1524 1958 1593 supplicaturos

2063 434 2367 504 μιάσματος
2407 431 2667 493 ἀσπίλους
2704 430 2929 492 ἑαυτοὺς
2972 430 3257 498 συντηρεῖν
3281 465 3296 489 ,
3330 426 3389 479 έν
3420 423 3656 485 πολλὼ

2059 523 2269 594 σώμασι
2299 525 2397 594 μιᾷ
2424 520 2616 594 γνώμῃ
2643 518 3006 590 στοιχοῦντας,
3032 519 3169 589 ὅπερ
3196 517 3425 579 ἕκαστος
3462 511 3657 583 ἑαυτῷ

2059 615 2230 681 θέλει,
2270 616 2428 669 τοῦτο
2458 615 2552 668 καὶ
2588 613 2715 685 περὶ
2756 611 2850 665 τοῦ
2897 610 3120 681 πλησίον
3163 611 3396 680 φρονεῖν.
3425 608 3478 639 ⁷⁸
3498 608 3653 675 Φησὶ

2057 708 2195 781 γάρ·
2231 709 2305 762 Οὐ
2347 707 2520 770 θέλεις
2572 704 2931 775 φονευθῆναι,
2973 703 3159 773 ἕτερον
3212 700 3285 772 μὴ
3335 697 3653 770 φονεύσῃς·

2058 799 2119 851 ού
2149 797 2323 861 θέλεις
2360 798 2458 867 τὴν
2494 798 2592 867 σὴν
2628 796 2719 865 ὑφ’
2745 795 2934 866 ἑτέρου
2983 791 3327 864 μοιχευθῆναι
3355 791 3610 858 γυναῖκα
3633 827 3653 851 ,

2057 892 2156 961 τὴν
2205 889 2391 960 ἑτέρου
2444 889 2517 959 μὴ
2560 886 2777 959 μοίχευε
2829 886 3102 956 γαμετήν·
3135 884 3197 935 οὺ
3231 880 3403 944 θέλεις
3432 897 3493 933 τι
3525 878 3657 932 τῶν

2061 982 2168 1036 σῶν
2196 982 2333 1044 ὅλως
2359 980 2626 1052 κλαπῆναι
2649 1019 2665 1044 ,
2714 977 2900 1048 ἐτέρου
2944 976 3018 1046 μὴ
3065 973 3260 1027 κλέπτε
3303 970 3491 1043 μηδέν.
3527 968 3657 1023 Καὶ

2058 1073 2233 1137 οὕτως
2276 1072 2369 1141 ἀφ’
2408 1070 2561 1142 ὑμῶν
2606 1068 2783 1123 αὐτῶν
2817 1068 2878 1120 τὸ
2922 1064 3139 1134 εῦλογον
3184 1059 3535 1122 συννοοῦντές
3577 1075 3655 1112 τε

2059 1165 2154 1218 καὶ
2178 1164 2469 1235 μετιόντες,
2493 1162 2612 1234 Θεῷ
2632 1160 2947 1234 προσφιλεῖς
2965 1159 3172 1222 ἔσεσθε,
3194 1158 3285 1211 καὶ
3306 1157 3406 1228 τῆς
3433 1154 3656 1217 ἰάσεως

2058 1256 2421 1323 ὲπιτεύξεσθε.

2130 1345 2239 1401 LV.
2283 1346 2516 1401 Τοιαῦτα
2543 1344 2648 1400 ὑπὸ
2676 1343 2770 1399 τοῦ
2807 1344 3016 1417 Πέτρου
3058 1342 3117 1395 ὲν
3152 1340 3358 1409 ὀλίγαις
3394 1336 3656 1409 ἡμέραις

2057 1438 2491 1508 κατηχηθέντες,
2531 1433 2648 1491 εἶτα
2691 1436 2785 1490 καὶ
2815 1435 3111 1507 θεραπείας
3146 1431 3470 1498 ἀξιωθέντες
3494 1469 3511 1493 ,
3556 1427 3653 1499 τῷ

2062 1530 2193 1600 ίερῴ
2221 1528 2521 1601 προσῆλθον
2552 1528 2905 1599 βαπτίσματι.
2940 1524 3125 1579 Ταῦτα
3146 1525 3237 1577 καὶ
3255 1522 3497 1577 Σιδώνιοι
3533 1536 3655 1590 μα-

379 1615 449 1671 ad
482 1615 700 1670 Petrum
726 1617 1013 1681 miserunt,
1047 1625 1101 1671 et
1122 1616 1443 1671 acciverunt
1471 1631 1596 1671 eum
1622 1616 1689 1670 ad
1714 1631 1804 1682 se;
1827 1615 1955 1686 quia

2064 1624 2262 1688 θόντες,
2301 1621 2485 1684 ἱκέτας
2509 1621 2643 1691 πρὸς
2672 1619 2763 1672 τὸν
2788 1618 2993 1689 Πέτρον
3018 1613 3339 1677 ἔστελλονη,
3370 1609 3653 1683 μετάκλη-

383 1722 583 1776 netnpe
615 1707 715 1775 ipsi
744 1716 963 1775 propter
988 1709 1210 1762 morbos
1234 1707 1302 1761 ad
1333 1708 1484 1761 illum
1510 1707 1698 1762 venire
1728 1683 1957 1778 non‘poo

2064 1732 2149 1768 τον
2185 1683 2477 1775 ποιοῦντες
2500 1683 2636 1780 πρὸς
2667 1710 2867 1771 αὐτοὺς
2888 1683 2913 1772 ,⁷
2938 1707 3034 1761 ἆτε
3065 1705 3130 1777 δὴ
3169 1702 3259 1757 διά
3294 1700 3393 1764 τάς
3440 1701 3652 1762 νόσους

379 1805 577 1853 terant.
626 1800 794 1868 Igitur
839 1800 1032 1853 Petrus
1077 1810 1369 1869 postquam
1414 1814 1620 1870 paucos
1672 1800 1789 1855 dies
1824 1800 1953 1872 Tyri

378 1899 752 1944 commoratus
800 1900 964 1955 esset,
999 1890 1317 1959 morbisque
1366 1890 1674 1960 omnigenis
1698 1905 1791 1945 eos
1819 1890 1957 1945 libe-

378 1980 629 2043 ravisset,
657 1989 712 2035 et
744 1980 1074 2035 instituisset
1104 1978 1425 2046 Ecclesiam,
1449 1988 1613 2050 atque
1638 1997 1703 2035 ex
1729 1982 1955 2052 presby-

378 2073 514 2127 teris
540 2073 633 2142 qui
666 2088 790 2126 eum
821 2074 1193 2143 sequebantur
1233 2072 1548 2142 episcopum
1579 2073 1713 2143 ipsis
1742 2074 1953 2130 consti~

378 2167 595 2230 tuisset,
632 2162 890 2219 Sidonem
930 2165 1208 2234 profectus
1248 2173 1351 2219 est.
1387 2163 1710 2236 Rursusque
1762 2166 1952 2223 Simon

381 2257 595 2327 Magus,
640 2266 921 2326 comperto
942 2257 1054 2327 jam
1082 2258 1378 2312 adventare
1412 2258 1651 2324 Petrum,
1686 2260 1828 2317 ultro
1855 2276 1954 2314 au-

375 2349 533 2419 fugit,
560 2357 614 2403 et
637 2350 702 2403 ad
736 2347 991 2420 Berytum
1022 2365 1147 2405 cum
1177 2350 1424 2419 Appione
1451 2350 1681 2421 ejusque
1705 2352 1871 2407 sociis
1894 2368 1953 2408 se

374 2446 621 2501 contulit.

446 2534 581 2591 LVI.
612 2536 883 2593 Caeterum
914 2539 1006 2594 ubi
1031 2537 1228 2595 Petrus
1255 2538 1517 2594 Sidonem
1545 2538 1825 2610 ingressus
1846 2549 1949 2608 est,

374 2630 580 2685 multos
614 2630 668 2684 in
696 2631 853 2686 lectis
886 2640 1277 2701 portaverunt,
1308 2647 1373 2686 ac
1398 2632 1452 2685 in
1494 2642 1787 2702 conspectu
1830 2633 1951 2703 ejus

373 2729 692 2790 posuerunt.
723 2721 792 2774 At
826 2720 1025 2777 Petrus
1065 2724 1133 2777 ad
1178 2738 1273 2779 eos
1320 2740 1335 2777 :
1384 2722 1460 2779 Ne
1488 2725 1837 2790 existimetis,
1868 2726 1951 2779 in-

374 2811 512 2878 quit,
547 2825 632 2863 me
657 2809 864 2879 aliquid
888 2826 1050 2880 posse
1077 2812 1145 2865 ad
1175 2813 1515 2867 curationem
1542 2823 1779 2869 vestram
1805 2854 1819 2879 ,
1852 2815 1948 2885 qui

376 2916 501 2955 sum
526 2900 645 2971 ipse
675 2916 897 2971 quoque
942 2902 1108 2957 homo
1134 2904 1402 2970 mortalis,
1426 2920 1491 2959 ac
1524 2905 1709 2960 multis
1736 2922 1954 2976 perpes-

2055 1805 2331 1867 ἀδυνάτως
2360 1802 2513 1856 αὐτοὶ
2546 1801 2759 1871 ἔχοντες
2792 1798 2927 1867 πρὸς
2968 1798 3171 1849 ἐκεῖνον
3202 1795 3411 1863 φοιτᾷν.
3443 1792 3506 1845 Ὀ
3542 1792 3626 1843 Πέ

2052 1913 2180 1967 τρος
2206 1894 2384 1947 τοίνυν
2414 1892 2625 1964 ἡμέρας
2652 1891 2837 1959 ὀλίγας
2860 1887 3204 1959 ὲνδιατρίψας
3230 1888 3298 1956 τῇ
3330 1883 3519 1955 Τύρῳ,
3542 1884 3650 1936 καὶ

2055 1982 2409 2037 παντοδαπῶν
2452 1982 2652 2043 αὐτοὺς
2694 1977 3007 2042 ἀπαλλάξας
3049 1975 3269 2040 παθῶν,
3309 1973 3648 2043 Ἐκκλησίαν

2051 2093 2113 2130 τε
2139 2074 2563 2145 συστησάμενος,
2585 2073 2678 2126 καὶ
2709 2070 2815 2124 ἀπὸ
2839 2069 2945 2123 τῶν
2977 2068 3259 2139 ἑπομένων
3304 2065 3452 2135 αύτῷ
3499 2081 3645 2133 πρε-

2056 2163 2330 2234 σϐυτέρων
2354 2162 2649 2215 ἐπίσκοπον
2666 2161 2848 2223 αὐτοῖς
2871 2159 3243 2229 καταστήσας,
3268 2156 3532 2227 ὥρμησεν
3560 2155 3645 2218 είς

2054 2255 2283 2309 Σιδῶναο
2308 2254 2487 2325 Σίμων
2518 2253 2575 2306 δὲ
2605 2251 2766 2307 πάλιν
2786 2254 2813 2306 ὁ
2841 2250 3029 2318 Μάγος
3062 2250 3263 2320 ἥκοντα
3288 2247 3389 2319 ήδη
3410 2246 3505 2299 τὸν
3534 2246 3646 2299 Πέ-

2051 2364 2178 2418 τρον
2206 2343 2561 2418 μεμαθηκὼς,
2598 2343 2818 2413 φεύγειν
2842 2340 3052 2411 ἠγάπα,
3086 2340 3178 2392 καὶ
3223 2338 3361 2409 πρὸς
3390 2336 3643 2407 Βηρυτὸν

2052 2434 2248 2508 ἐχώρει
2277 2434 2415 2507 μετὰ
2457 2432 2761 2497 Ἀππίωνος
2795 2431 2891 2486 καὶ
2920 2430 3031 2485 τῶν
3064 2429 3295 2501 ἑταίρων
3322 2426 3511 2481 αὑτοῦ.

2123 2549 2253 2605 LVI.
2314 2548 2420 2603 Τοῦ
2468 2548 2525 2602 δὲ
2572 2547 2782 2616 Πέτρου
2818 2544 3077 2608 εἰσιόντος
3124 2544 3205 2607 είς
3248 2541 3347 2613 τὴν
3384 2539 3640 2605 Σιδῶνα,

2050 2644 2277 2707 πολλοὺς
2303 2644 2395 2695 ἐπὶ
2418 2640 2614 2695 κλινῶν
2643 2640 2909 2712 φέροντες
2947 2639 3026 2702 εἰς
3052 2638 3173 2708 ὄψιν
3196 2634 3460 2689 ἐτίθεσαν.
3490 2635 3553 2687 ’0
3581 2634 3641 2686 δὲ

2053 2736 2256 2807 Πέτρος
2285 2734 2418 2807 πρὸς
2447 2732 2677 2797 αὐτούς·
2717 2733 2808 2804 Μή
2843 2749 2910 2803 με
2931 2731 3209 2803 νομίσητε,
3228 2728 3352 2799 ἔφη,
3372 2726 3642 2781 δύνασθαί

2049 2844 2103 2880 τι
2137 2827 2272 2899 πρὸς
2298 2825 2567 2897 ὑμετέραν
2607 2824 2750 2878 ἴασιν
2771 2862 2786 2887 ,
2825 2822 3111 2895 ἄνθρωπον
3151 2820 3279 2874 ὄντα
3314 2818 3507 2889 θνητὸν
3540 2818 3642 2871 καὶ

2052 2919 2246 2983 αὐτὸν,
2289 2918 2383 2971 καὶ
2439 2917 2653 2979 πολλοῖς
2710 2914 2941 2969 πάθεσιν
2995 2912 3373 2983 ὑποκείμενον·
3421 2910 3643 2981 ὑφηγή-

375 2990 626 3047 sionibus
657 2992 970 3048 obnoxius:
997 2994 1195 3049 docere
1238 3003 1421 3049 autem
1457 3011 1555 3050 vos
1592 2998 1813 3051 modum
1841 3013 1951 3068 quo

2064 3009 2247 3062 σασθαι
2284 3008 2339 3061 δὲ
2369 3008 2498 3079 ὑμῖν
2542 3007 2631 3059 τὸν
2681 3005 2882 3077 τρόπον
2929 3002 2999 3056 δι’
3038 2996 3099 3058 οῦ
3146 3002 3382 3074 σωθῆναι
3416 3000 3642 3054 δυνατοὶ

374 3083 512 3141 salvi
539 3098 661 3140 esse
686 3084 958 3154 poteritis,
988 3100 1100 3141 non
1130 3088 1436 3156 gravabor;
1467 3096 1652 3158 utpote
1688 3089 1783 3159 qui
1833 3089 1950 3161 ipse

375 3189 597 3244 quoque
625 3190 654 3229 a
685 3174 908 3231 Christo
932 3176 1159 3231 edoctus
1189 3177 1291 3231 sim
1314 3218 1328 3244 ,
1378 3186 1431 3232 et
1470 3178 1775 3248 discipulus
1814 3170 1952 3234 Boni

377 3264 523 3319 illius
548 3265 929 3322 exstiterim."
968 3266 1095 3323 Haec
1117 3277 1172 3323 et
1201 3268 1255 3322 in
1283 3268 1484 3324 Sidone
1506 3268 1668 3325 Petro
1690 3272 1953 3328 suadente

377 3353 445 3408 iis
469 3354 560 3423 qui
594 3367 1000 3423 convenerant,
1051 3372 1173 3412 cum
1210 3360 1399 3427 paucis
1442 3359 1633 3416 diebus
1670 3362 1826 3417 multi
1876 3361 1953 3417 ibi

377 3460 598 3527 quoque
632 3446 956 3516 paenitentia
979 3448 1128 3504 ducti
1171 3447 1425 3517 fuissent,
1474 3466 1540 3506 ac
1570 3453 1950 3521 credidissent,

377 3537 500 3592 dein
525 3547 578 3592 et
601 3539 833 3594 sanitate
876 3540 1066 3595 donati
1111 3550 1319 3608 essent,
1350 3539 1651 3598 Ecclesiam
1686 3544 1950 3614 instituit;

377 3636 433 3684 et
484 3638 778 3699 postquam
806 3631 1046 3702 aliquem
1078 3647 1144 3687 ex
1171 3633 1506 3704 presbyteris
1536 3635 1630 3705 qui
1664 3650 1789 3692 eum
1819 3653 1954 3705 con—

377 3721 729 3776 sectabantur
756 3723 1135 3780 constituisset
1181 3725 1498 3798 episcopum
1517 3769 1534 3795 ,
1566 3728 1770 3784 Sidone
1799 3744 1954 3802 egre-

378 3810 545 3864 ditur.

450 3900 606 3956 LVII.
641 3902 838 3958 Statim
868 3915 1047 3962 autem
1090 3922 1154 3963 ac
1185 3905 1440 3979 Berytum
1466 3910 1750 3980 pervenit,
1790 3921 1949 3971 terra:

378 4004 564 4050 motus
594 3992 774 4052 factus
800 4005 884 4052 est
910 4014 923 4052 :
947 4006 1113 4069 atque
1138 3999 1291 4068 plebs
1322 4002 1589 4057 accedens
1615 4003 1681 4057 ad
1710 4002 1951 4071 Petrum,

378 4095 440 4141 ut
467 4085 633 4142 ferret
660 4102 821 4157 opem
853 4090 1098 4161 rogabat.
1130 4089 1439 4148 Timuimus
1467 4093 1634 4161 enim,
1676 4094 1950 4163 dicebant,

379 4191 449 4231 ne
479 4175 725 4233 funditus
770 4178 1095 4247 periremus.
1150 4179 1305 4242 Tunc
1355 4190 1411 4237 et
1462 4183 1675 4252 Simon,
1725 4185 1953 4241 audacia

380 4281 630 4340 sumpta,
678 4280 733 4327 et
769 4283 1085 4329 commento
1123 4289 1233 4329 una
1274 4290 1399 4331 cum
1449 4274 1729 4346 Appione,
1771 4277 1955 4334 Annu-

2054 3101 2245 3155 ἔσεσθε
2266 3142 2282 3167 ,
2325 3100 2385 3153 ού
2414 3098 2592 3168 φθονῶ
2608 3099 2677 3165 ⁷⁷,
2708 3098 2784 3162 ὡς
2827 3097 2894 3151 ἂν
2932 3097 3026 3150 καὶ
3068 3095 3231 3158 αὐτὸς
3260 3094 3365 3147 ὑπὸ
3391 3090 3639 3164 Χριστοῦ

2052 3192 2322 3263 διδαχθεὶς
2345 3233 2360 3257 ,
2396 3192 2490 3245 καὶ
2521 3189 2769 3262 μαθητὴς
2794 3188 3005 3242 ἐκείνου
3038 3186 3130 3240 τοῦ
3160 3184 3365 3255 ἀγαθοῦ
3405 3173 3642 3255 γενόμε-

2053 3297 2161 3343 νος.
2192 3277 2425 3332 Τοιαῦτα
2451 3278 2544 3331 καὶ
2570 3279 2628 3331 έν
2662 3274 2853 3330 Σιδῶνι
2874 3276 2969 3330 τοῦ
3000 3276 3209 3347 Πέτρου
3240 3272 3642 3346 παραινοῦντος

2052 3372 2165 3433 τοῖς
2211 3367 2519 3433 συνιοῦσιν,
2572 3370 2631 3421 ὲν
2672 3366 2881 3436 ὀλίγαις
2931 3367 3163 3438 ἡμέραις
3206 3364 3419 3418 πολλῶν
3471 3365 3643 3417 κάκεῖ

2057 3460 2312 3533 μετανοίᾳ
2348 3459 2708 3531 χρησαμένων
2750 3459 2841 3512 καὶ
2884 3457 3322 3521 πιστευσάντων,
3373 3450 3493 3508 εἶτα
3537 3456 3638 3509 καὶ

2054 3552 2345 3624 θεραπείας
2375 3550 2746 3629 ἀξιωθέντων,
2809 3548 3133 3619 Ἐκκλησίαν
3179 3547 3503 3617 συνέστησε,
3537 3548 3640 3601 καὶ

2051 3646 2161 3698 τῶν
2218 3642 2594 3714 συνεπομένων
2648 3640 2797 3712 αὐτῷ
2849 3639 3234 3713 πρεσϐυτέρων
3292 3639 3415 3693 τινὰ
3460 3655 3639 3693 κατα-

2056 3735 2321 3793 στήσας⁷⁹
2349 3734 2669 3798 ἐπίσκοπον,
2697 3732 2863 3800 ἔξεισι
2890 3733 2989 3803 τῆς
3012 3730 3259 3793 Σιδῶνος.

2124 3911 2279 3968 LVII.
2334 3913 2419 3976 Ὧς
2459 3912 2517 3965 δὲ
2556 3910 2715 3976 εὐθὺς
2764 3909 2936 3981 ὲπέόη
2964 3910 3063 3980 τῆς
3090 3909 3374 3983 Βηρυτοῦ,
3406 3911 3638 3981 σεισμὸς

2053 4004 2268 4073 ἐγένετο
2285 4020 2298 4033 ·
2331 4004 2423 4056 καὶ
2448 4003 2499 4055 οἱ
2530 4001 2678 4072 δχλοι
2719 4000 3039 4072 προσιόντες
3064 3998 3142 4070 τῷ
3166 4000 3357 4071 Πέτρῳ
3374 4040 3389 4065 ,
3414 3996 3637 4071 βοηθεῖν

2054 4096 2275 4150 ἐδέοντο.
2308 4092 2675 4165 Πεφοὸήμεθα
2701 4091 2809 4163 γάρ
2829 4131 2844 4155 ,
2875 4090 3082 4159 ελεγον,
3109 4091 3184 4162 μὴ
3216 4092 3309 4145 καὶ
3348 4091 3639 4157 παντελῶς

2053 4186 2395 4258 ἀπολώμεθα.
2434 4184 2568 4239 Τότε
2608 4185 2701 4238 καὶ
2740 4186 2769 4237 ὁ
2808 4182 2990 4255 Σίμων
3038 4183 3314 4255 τολμήσας
3361 4182 3636 4239 Ἀππίωνι

2055 4280 2169 4349 ἅμα
2196 4279 2289 4332 καὶ
2321 4275 2657 4330 Ἀννουὸίωνι
2676 4274 2819 4338 ³⁰-⁸¹,
2862 4272 3211 4345 Ἀθηνοδώρῳ
3244 4291 3339 4341 τε,
3374 4275 3471 4328 καὶ
3510 4275 3637 4328 ὅσοι

377 4359 561 4429 bione,
584 4361 956 4431 Athenodoro,
998 4366 1318 4437 ceterisque
1363 4368 1623 4425 omnibus
1673 4370 1956 4427 sodalibus

2064 4370 2232 4442 ἕτεροι
2269 4365 2410 4441 ἦσαν
2456 4366 2602 4437 αὐτῷ
2648 4364 3194 4437 προσηταιρισμένοι,
3236 4365 3472 4437 δημοσίᾳ
3516 4370 3639 4431 τοῖς

377 4454 719 4523 excogitato,
748 4456 961 4525 publice
999 4457 1337 4515 multitudini
1366 4460 1668 4528 clamabat,
1725 4460 1949 4517 Petrum

377 4544 709 4602 ostendens:
739 4545 931 4617 Fugite
972 4548 1119 4602 hunc
1147 4589 1163 4615 ,
1206 4563 1241 4603 ο
1283 4549 1418 4616 viri,
1469 4551 1619 4604 omni
1656 4551 1840 4607 studio
1885 4568 1952 4608 ac

379 4633 762 4703 festinatione,
814 4638 1013 4710 fugite,
1038 4639 1261 4709 dicens,
1295 4639 1486 4713 uagus
1515 4650 1635 4705 est,
1671 4644 1803 4700 mihi
1840 4660 1956 4702 cre-

378 4726 520 4791 dite;
547 4736 603 4782 et
632 4737 788 4784 terrae
814 4738 1028 4786 motum
1066 4731 1115 4787 is
1145 4733 1263 4803 ipse
1290 4733 1435 4803 apud
1464 4749 1565 4789 vos
1594 4733 1723 4790 fecit
1743 4775 1758 4801 ,
1803 4751 1952 4791 mor—

380 4817 589 4887 hosque
613 4822 890 4889 excitavit,
938 4833 998 4877 ut
1026 4839 1127 4880 vos
1167 4832 1488 4894 perterreat,
1525 4824 1779 4897 Deusque
1806 4827 1953 4897 apud

382 4924 484 4965 vos
510 4912 689 4980 palam
723 4914 1009 4972 habeatur.
1062 4916 1313 4988 Cumque
1353 4919 1591 4989 populus
1619 4933 1679 4973 se
1705 4919 1845 4975 intra
1876 4921 1954 4975 si-

381 5000 612 5056 lentium
664 5006 965 5075 tenuisset,
997 5006 1194 5064 Petrus
1217 5010 1527 5073 subridens,
1557 5010 1789 5080 plurima
1828 5027 1953 5066 cum

384 5091 639 5147 libertate
680 5094 853 5163 :Viri,
891 5098 1099 5170 inquit,
1131 5115 1253 5170 quae
1282 5101 1352 5155 ab
1399 5099 1524 5156 istis
1552 5101 1830 5169 dicuntur,
1869 5118 1957 5158 me

388 5198 573 5253 posse,
607 5183 718 5241 Deo
740 5190 975 5259 volente,
1005 5193 1238 5263 edicere,
1264 5194 1470 5253 fateor:
1500 5196 1569 5253 ad
1598 5196 1712 5251 haec
1734 5204 1956 5265 paratus

2057 4462 2234 4533 δχλοις
2271 4461 2431 4525 ὲὸόα,
2472 4460 2675 4530 Πέτρον
2703 4457 3055 4521 ὑποδεικνύς’
3078 4456 3309 4526 Φεύγετε
3343 4457 3554 4525 τοῦτον,
3588 4454 3638 4514 ὦ

2057 4555 2247 4626 ἄνδρες
2267 4594 2283 4621 ,
2313 4553 2463 4625 πάσῃ
2492 4550 2693 4621 σπουδῇ
2713 4589 2727 4615 ,
2759 4548 3019 4619 φεύγετε·
3055 4550 3228 4620 μάγος
3253 4552 3393 4615 toﬁ,
3428 4550 3633 4620 λέγων,

2059 4644 2413 4699 πιστεύσατε·
2460 4642 2556 4695 καὶ
2596 4641 2687 4694 τὸν
2732 4638 2953 4709 σεισμὸν
2998 4640 3159 4705 αὐτὸς
3193 4635 3349 4705 οὗτος
3393 4643 3452 4696 ἐν
3500 4643 3637 4714 ὑμῖν

2060 4737 2352 4807 εἰργάσατο
2372 4774 2387 4799 ,
2421 4733 2633 4796 καὶτὰς
2661 4733 2847 4798 νόσους
2874 4733 3144 4804 ἐκίνησεν,
3175 4734 3262 4787 ἵνα
3289 4734 3434 4805 ὑμᾶς
3460 4751 3620 4790 κατα.

2061 4829 2261 4903 πλήξῃ,
2290 4829 2383 4882 καὶ
2417 4826 2536 4889 θεὸς
2570 4826 2825 4897 ἄντικρυς
2853 4824 2982 4897 παρ’
3007 4826 3135 4895 ὑμῖν
3164 4825 3410 4896 νομισθῇ.
3463 4826 3638 4881 Ἡσυ-

2061 4923 2182 4993 χίαν
2212 4921 2270 4973 δὲ
2303 4918 2397 4973 τοῦ
2418 4917 2547 4972 λαοῦ
2584 4916 2971 4989 παρασχόντος,
3001 4918 3030 4969 ὁ
3054 4916 3257 4986 Πέτρος
3293 4912 3467 4987 βραχῦ
3492 4918 3639 4972 ὑπο.

2067 5011 2345 5083 μειδιάσας
2367 5050 2381 5073 ,
2416 5008 2551 5080 μετά
2579 5008 2775 5078 πολλῆς
2808 5006 2950 5079 μάλα
2994 5007 3093 5077 τῆς
3138 5008 3473 5077 παρρησίας·
3503 5010 3639 5062 Ἀν-

2062 5100 2204 5171 δρες,
2228 5100 2331 5169 ἔφη
2351 5141 2365 5164 ,
2393 5101 2535 5170 άπερ
2557 5093 2699 5155 οὗτοι
2725 5098 2958 5167 λέγουσι,
2989 5096 3125 5150 Θεοῦ
3155 5097 3415 5163 θέλοντος,
3456 5104 3637 5158 ποιεῖν

2064 5194 2285 5258 δυνατὸς
2311 5188 2449 5246 εἶναι
2469 5192 2738 5263 ὁμολογῶ’
2778 5191 2915 5263 πρὸς
2937 5191 2994 5245 δὲ
3032 5190 3239 5255 τούτοις
3268 5192 3484 5264 ἕτοιμός
3513 5197 3634 5268 εἰμι

1656 5350 1889 5407 VARl/E
1928 5350 2326 5408 LECTIONES.
3634 5339 3655 5423 1

482 5465 529 5548 ξ’
560 5465 750 5548 lilatth.
779 5483 876 5548 VII,
901 5468 1026 5548 _12.,
1050 5468 1086 5523 l.
1116 5468 1383 5548 _Recogn;
1403 5471 1439 5526 l.
1460 5487 1598 5548 vnn,
1626 5486 1677 5527 c.
1712 5470 1825 5548 56._
1878 5470 1970 5548 "_§

2065 5472 2224 5548 deest
2258 5472 2423 5548 in_al.
2477 5472 2524 5507 ⁷⁵
2555 5468 2947 5548 (Ῑίεηιηήὴοηι.
2973 5483 3069 5548 vr_r_,
3100 5482 3152 5548 c._
3186 5466 3248 5547 5_.
3276 5475 3383 5524 etc.
3452 5469 3503 5548 ’(⁸
3535 5471 3609 5548 a_l.
3640 5448 3645 5451 Ἴ

390 5534 738 5599 ἀπέστελλον,
778 5538 849 5591 al.
889 5538 1234 5594 ἀπέστειλαν.

1338 5545 1384 5578 ⁷⁷
1424 5536 1600 5613 alat-:5
1654 5540 1855 5613 φρονῶ.
1932 5541 1970 5575 ⁷¹

2064 5542 2270 5613 lentem.
2326 5541 2472 5595 hom.
2513 5556 2586 5613 vn
2612 5580 2629 5604 ,
2670 5554 2720 5613 ο.
2760 5538 2940 5613 8,_etc.
3000 5538 3062 5613 _"
3104 5538 3387 5613 alainser.
3416 5535 3627 5613 αὐτοῖς.

391 5605 438 5636 ⁸⁰
459 5606 502 5637 ἰ
533 5606 603 5660 al.
646 5607 975 5683 ’ᾼνουϐίωνμ
1006 5611 1220 5683 melius.
1256 5611 1392 5668 Tres
1422 5612 1608 5683 scripti
1643 5605 1857 5683 codices
1900 5613 1970 5683 ’ᾼπ

2064 5612 2206 5682 )6ίῳ,
2240 5627 2337 5681 pro
2379 5610 2655 5681 Ἀνουόἱῳ.
2691 5609 2907 5683 Anubio
2929 5608 3153 5683 enimet
3176 5606 3430 5683 Anubius
3488 5609 3631 5665 idem

394 5690 614 5745 nomen,
648 5678 716 5733 ab
756 5680 930 5742 Ληιώή
988 5678 1366 5753 [EgyptiOrunt
1421 5678 1550 5740 deo'
1585 5682 1894 5739 deductum.
1930 5682 2043 5739 Sub
2074 5678 2466 5752 tinem—capitis
2497 5678 2637 5739 unus
2667 5680 2921 5750 scriptus,
2952 5678 3213 5748 πεισθῆτέ
3236 5694 3346 5749 μοι.
3379 5678 3518 5734 Cor.
