3834 6220
157 354 256 413 515
971 350 1429 408 CLEMENTINA.
1461 381 1530 393 —
1568 348 1864 405 EPITOME
1898 350 1986 405 DE
2016 347 2261 407 GESTIS
2300 350 2358 405 S.
2400 347 2627 404 PETRI.
3304 346 3408 405 5H

159 474 427 545 (πείθεσθὲ
440 477 486 510 ⁸⁸
522 496 609 549 μοι
632 480 759 551 περὶ
788 474 862 533 ῶν
883 478 1045 548 λέγω)
1068 477 1165 550 τὴν
1180 479 1344 531 πᾶσιν
1370 474 1524 549 ὐμῶν
1553 475 1617 530 ὲκ
1642 474 1672 547 β

1893 488 1960 528 ιω
1984 473 2166 545 (ﬁdem
2195 473 2330 529 mihi
2358 472 2552 551 habete
2575 473 2629 528 in
2657 472 2744 529 liis
2775 488 2899 543 quae
2942 474 3160 546 loquor)
3191 475 3407 533 univer.

159 567 298 641 Θρων
322 569 500 623 αὐτῶν
525 550 858 639 ἀναστρέψαι
889 570 1061 624 πόλιν.

1894 580 1944 618 m
1998 574 2237 620 vestram
2293 565 2363 621 ab
2419 550 2555 636 ipsis
2611 564 2988 623 fundamentis
3039 576 3283 624 evertere
3329 570 3408 625 ci-

1827 655 2073 710 vitatem.

222 747 399 804 LVIII.
442 747 565 803 Τῶν
590 748 645 803 δὶ
673 748 846 819 ὄχλων
883 748 1307 819 ὐποπληξάντων
1324 764 1338 778 ⁸
1372 742 1492 801 εἶτα
1510 746 1558 779 ⁸⁸
1587 763 1723 818 προ-

1896 745 2076 801 LVIII.
2119 744 2257 801 Tum
2287 746 2449 801 turba
2472 754 2824 801 consternata
2855 755 2939 801 est
2965 765 2979 801 :
3007 746 3131 803 dein
3157 760 3407 820 prompto

156 840 333 912 Θύμως
379 840 867 913 ἐπαγγελλομένων
914 840 984 895 τὰ
1040 842 1130 894 ὐπ’
1175 839 1340 895 αὐτοῦ
1393 839 1670 912 κελευόμεη

1900 838 2009 893 imo
2060 838 2327 909 promittit
2362 854 2420 894 se
2450 839 2519 893 ab
2544 838 2665 908 ipso
2708 838 2973 908 imperata
3002 837 3312 908 facturam;
3354 852 3408 897 et

154 932 421 1003 πράττειν,
470 934 500 985 ὁ
528 932 751 1004 Πέτροςο
786 932 992 1003 Μηδεὶς
1018 932 1192 1004 ὐμῶν,
1218 933 1343 1003 ἔφη,
1365 932 1425 986 τὸ
1450 931 1576 1003 ἑξῆς
1604 932 1668 1002 ὀμ

1893 937 2021 984 τινος
2047 949 2059 983 :
2086 927 2259 985 Nemo
2287 940 2557 998 vestrum,
2585 929 2780 1000 inquit,
2815 932 3049 999 posthac
3079 947 3205 987 cum
3231 934 3407 1004 magis

152 1025 300 1078 λείτω
320 1024 367 1057 ⁸⁸⁵
394 1025 625 1095 μάγοις,
653 1026 775 1096 μηδ’
795 1026 842 1058 ⁸⁸
871 1026 1008 1090 ὅλως
1032 1027 1112 1090 είς
1147 1025 1339 1095 λόγους
1370 1025 1637 1097 ἐρχέσθω.
1660 1035 1666 1071 4

1898 1021 2219 1076 mmercium
2252 1022 2469 1088 habeat,
2523 1038 2700 1092 neque
2730 1037 2963 1093 usquam
2991 1023 3045 1077 in
3070 1023 3406 1093 colloquium

150 1116 203 1170 δὲ
227 1115 367 1186 ὄχλοι
396 1117 524 1169 ἐπεὶ
552 1116 725 1171 ταῦτα
751 1118 1022 1189 ἥκουσαν,
1048 1120 1162 1182 τοῖς
1202 1119 1331 1190 περὶ
1369 1118 1461 1171 τὸν
1505 1118 1664 1188 Σίμωε

1895 1115 2025 1169 niat.
2052 1114 2259 1187 Vulgus
2284 1128 2465 1171 autem
2507 1125 2796 1185 postquam
2826 1117 2941 1170 haac
2993 1116 3237 1183 audivit,
3275 1133 3408 1173 con-

152 1205 303 1272 εὐθὺς
326 1207 639 1263 ἐπετίθεντο
661 1251 675 1275 ,
704 1210 801 1263 καὶ
847 1210 1053 1273 πάντας
1104 1212 1160 1264 ὲν
1190 1210 1358 1281 ὀλίγῳ
1383 1209 1666 1281 τραυματύ

1892 1206 2008 1261 stim
2040 1206 2323 1261 Simonem
2362 1207 2655 1277 sociosque
2681 1207 2804 1277 ejus
2856 1208 3035 1262 adorti
3062 1218 3227 1275 sunt;
3272 1225 3406 1264 cun-

151 1301 488 1371 ποιήσαντες,
512 1302 613 1355 οὐκ
636 1302 842 1372 ἀνῆκαν
868 1303 1065 1366 αὐτοὺς
1093 1303 1363 1366 παίοντες,
1396 1302 1501 1365 ἓως
1528 1318 1665 1354 παντ

1894 1300 2039 1369 isque
2068 1299 2217 1353 brevi
2250 1299 2553 1353 vulneratis
2572 1340 2588 1365 ,
2618 1312 2717 1353 eos
2758 1299 3052 1354 verberare
3081 1315 3193 1354 non
3240 1300 3408 1356 desti-

150 1390 248 1455 λῶς
277 1391 377 1461 τῆς
405 1392 618 1457 πόλεως
644 1392 949 1458 ὲξεδίωξαν.
983 1396 1214 1448 Ἔπειτα
1253 1393 1570 1466 προσιόντες
1608 1392 1664 1445 ὄσ

1892 1399 2044 1457 runt,
2093 1390 2270 1444 donec
2301 1390 2519 1459 penitus
2562 1391 2700 1445 urbe
2752 1389 3180 1461 expulissent."
3210 1390 3406 1447 Postea

150 1483 313 1547 νόσοις
348 1482 533 1537 αὐτῶν
580 1485 675 1538 καὶ¹
711 1485 927 1556 δαίμοσι
976 1486 1379 1556 προσεπάλαιον
1402 1525 1417 1550 ,
1470 1485 1577 1557 πρὸ
1615 1486 1664 1538 τί

1892 1482 2148 1536 cedentes
2178 1482 2499 1551 quicunque
2523 1498 2590 1536 ex
2625 1483 2694 1537 iis
2725 1498 2851 1537 cum
2879 1484 3089 1538 morbis
3114 1499 3177 1538 ac
3202 1484 3406 1539 deamo-

149 1573 303 1628 αὐτοῦ
326 1574 504 1629 ποδῶν
528 1575 757 1630 ἔκειντο.
793 1578 849 1631 '0
875 1577 933 1631 δὲ
954 1578 1034 1642 είς
1058 1577 1291 1649 οὐρανὸν
1319 1577 1458 1649 ἄρας
1480 1577 1579 1640 τὰς
1613 1593 1663 1648 χε

1889 1572 1988 1627 bus
2026 1572 2498 1639 colluctahantur,
2540 1582 2669 1627 ante
2720 1574 2886 1643 pedes
2938 1574 3088 1628 illius
3128 1574 3403 1643 iacebant.

151 1683 243 1737 ρας
260 1706 274 1731 ,
304 1667 400 1721 καὶ
429 1668 509 1739 τῷ
550 1669 670 1740 Θεῷ
708 1671 1181 1742 προσευξάμενος,
1221 1670 1407 1724 ἰάσατο
1428 1670 1633 1733 πάντας
1660 1672 1665 1720 i

1894 1679 1920 1718 e
1957 1678 2113 1731 vero,
2158 1663 2391 1720 sublatis
2435 1664 2489 1719 in
2534 1664 2734 1720 caalum
2791 1665 3080 1731 manibus,
3130 1664 3408 1735 Deumque

151 1760 307 1833 μόνης
325 1762 510 1833 εὐχῆς.
538 1765 653 1817 Οὐκ
680 1764 867 1834 ὀλίγας
886 1765 944 1818 δέ
967 1782 1119 1829 τινας
1145 1765 1359 1837 ἡμέρας
1382 1763 1665 1836 παραμείν‹

1896 1764 2230 1824 rnprecatus,
2263 1767 2497 1809 cunctos
2525 1754 2837 1825 precatione
2875 1755 2991 1810 sola
3016 1754 3248 1810 curavit.
3290 1754 3407 1808 bon

146 1817 249 1914 τοῖς
264 1817 556 1923 Βηρυτίοις
577 1891 590 1915 ,
616 1853 711 1907 καὶ
741 1817 1071 1925 πιολλοὺςήτῆ
1097 1817 1429 1926 ἒξέιιὶιξτὲρᾲ
1458 1817 1551 1907 ξιαὶ
1593 1854 1659 1907 Υἱ

1897 1817 2027 1901 neos
2047 1817 2229 1899 autem
2261 1846 2379 1901 dies
2411 1817 2556 1917 apud
2587 1845 2835 1917 Berytios
2866 1855 3262 1913 commoratus,
3280 1860 3407 1901 cum

148 1941 233 1994 καὶ
255 1943 407 2011 ἅγιον
421 1943 658 2015 Πνεῦμα
681 1944 863 1998 πίστει
886 1945 1221 2017 καταρτίσας
1233 1963 1294 1998 τε
1318 1946 1411 1998 καὶ
1433 1944 1662 2015 βαπτίσα

1892 1938 2025 1992 ultos
2053 1938 2156 1992 fide
2183 1939 2236 1992 in
2267 1937 2507 2006 Patrem,
2538 1939 2760 2006 Filium,
2785 1947 2836 1993 et
2865 1937 3129 2009 Spiritum
3159 1949 3406 1994 sanctum

148 2031 247 2086 ἀπὸ
269 2031 375 2087 τῶν
404 2034 691 2105 ἑπομένων
716 2036 867 2107 αὐτῷ
888 2036 1275 2109 πρεσϐυτέρων
1302 2037 1399 2092 ἕνα
1427 2037 1662 2091 ὲπίσκοπ

1894 2038 2290 2091 nsummasset,
2324 2047 2536 2086 necnon
2569 2031 2933 2102 baptizasset;
2956 2047 3067 2086 uno
3092 2046 3158 2086 ex
3184 2032 3408 2103 presby-

147 2123 316 2189 αὐτοῖς
336 2128 713 2199 καταστήσας,
745 2130 826 2193 είς
850 2127 949 2201 τὴν
981 2128 1183 2183 Βύϐλον
1202 2129 1248 2162 ⁸⁷
1273 2128 1437 2201 ἐξῄει.

1897 2120 1956 2175 -is
1992 2120 2084 2190 qui
2112 2137 2237 2175 eum
2272 2124 2643 2191 sequebantur
2668 2123 2802 2193 ipsis
2836 2122 2889 2177 in
2924 2124 3242 2192 episcopum
3274 2139 3411 2179 cou-

1823 2218 2035 2268 stituto.
2080 2212 2132 2265 in
2163 2210 2390 2282 Ilyblum
2422 2213 2576 2267 abiit.

210 2300 339 2357 LIX.
382 2303 498 2358 Kal.
522 2304 814 2376 γενόμενος
842 2305 976 2371 ἐκεῖ,
1000 2307 1092 2360 καὶ
1121 2306 1311 2378 μαθὼν
1338 2307 1419 2362 ὅτι
1443 2308 1624 2379 Σίμων
1642 2310 1723 2374 είς

1892 2305 2030 2361 LIX.
2094 2306 2140 2337 ⁸⁸
2170 2307 2291 2373 Quo
2346 2316 2639 2378 postquam
2701 2309 3076 2379 pervenisset,
3124 2317 3406 2378 comperto

150 2390 389 2465 Τρίπολιν
415 2394 710 2467 ὥρμησεν,
750 2396 911 2460 αὐτὸς
942 2396 1115 2468 βραχὺ
1144 2399 1489 2471 παραμείνας
1516 2400 1664 2453 αὐτοῖ

1901 2396 1969 2450 od
2006 2393 2193 2451 Simon
2221 2397 2275 2451 in
2306 2396 2574 2468 Tripolim
2602 2410 2877 2466 evaserat,
2910 2402 3029 2471 ipse
3068 2402 3235 2457 breve
3266 2411 3410 2456 tem-

150 2487 232 2539 xa't
268 2486 616 2559 θεραπεύσας
665 2488 773 2542 τῶν
812 2491 869 2542 ὲν
898 2490 1087 2562 Βύϐλῳ
1104 2492 1150 2523 ⁸⁸
1193 2491 1450 2558 πολλοὺς,
1498 2494 1590 2545 καὶ
1623 2495 1664 2545 τέ

1900 2504 1927 2543 s
1954 2490 2097 2559 apud
2126 2505 2223 2545 eos
2252 2501 2655 2555 commoratus,
2681 2494 2999 2564 curatisque
3031 2495 3219 2548 multis
3251 2493 3406 2565 Bybli

151 2576 413 2632 εὐσέϐειαν
450 2578 653 2641 αὐτοὺς
672 2578 717 2609 ⁸⁸
747 2579 1031 2646 ὲκδιδάξας
1051 2620 1065 2645 ,
1097 2582 1218 2634 κατ’
1246 2581 1389 2651 ἴχνος
1418 2580 1513 2634 τοῦ
1544 2580 1665 2652 Σίμι

1891 2581 2039 2642 colis,
2072 2596 2138 2636 ac
2160 2581 2409 2637 doctrina
2440 2583 2658 2653 pietatis
2686 2585 2767 2640 eis
2796 2586 3019 2651 tradita,
3044 2586 3112 2641 ad
3136 2584 3405 2656 Tripolim

151 2685 230 2731 νος
254 2670 332 2733 είς
361 2667 629 2739 Τρίπολιν
661 2669 955 2741 ἐπορεύετο
974 2711 988 2735 ,
1021 2670 1373 2741 μεταδιώκειν
1395 2671 1558 2725 αὐτὸν
1588 2673 1664 2742 μᾶ

1894 2689 1919 2726 r
1948 2673 2177 2744 vestigia
2204 2673 2446 2730 Simonis
2472 2676 2770 2744 processit;
2800 2686 2985 2732 certus
3010 2693 3135 2732 eum
3163 2678 3403 2747 insequi,

151 2756 247 2823 λον,
273 2759 369 2829 οὐχ
392 2757 732 2828 ὑποφεύγειν
762 2761 1162 2833 προῃρημένος.
1194 2762 1288 2825 Εἰς
1313 2762 1371 2815 δὲ
1398 2762 1498 2834 τὴν
1524 2761 1665 2833 Τρίπ

1897 2781 1931 2818 n
1980 2764 2381 2836 subterfugere.
2426 2765 2599 2821 Porro
2641 2783 2764 2822 cum
2797 2767 2993 2823 Petrus
3021 2768 3285 2838 Tripolim
3325 2769 3408 2823 in-

150 2847 223 2901 λιν
250 2849 466 2903 εἰσιόντι
503 2849 585 2920 τῷ
628 2846 840 2921 Πέτρῳ,
876 2851 984 2905 τῶν
1020 2852 1497 2925 φιλομαθεστέρων
1541 2854 1664 2907 πολλ

1894 2854 2158 2920 ederetur,
2212 2856 2372 2910 multi
2418 2871 2610 2910 eorum
2663 2857 2759 2925 qui
2807 2857 3053 2911 discendi
3097 2857 3408 2927 cupidiores

155 2939 391 3010 συνῆλθον
414 2940 480 2995 ἐκ
505 2959 571 2995 τε
595 2943 693 3013 τῆς
725 2941 925 3015 Τύρου,
950 2945 1041 2996 καὶ
1065 2930 1315 3008 Σιδῶνος,
1334 2945 1429 2997 καὶ
1455 2946 1666 3016 Βηρυτο

1895 2953 1999 3008 ant,
2030 2960 2097 2999 ex
2124 2944 2289 3016 Tyro,
2342 2944 2569 3012 Sidone,
2614 2946 2831 3018 Beryto,
2864 2963 2929 3003 ac
2956 2946 3126 3020 Byblo
3175 2966 3409 3016 concur-

153 3031 236 3084 καὶ
261 3032 460 3088 Βύϐλου
477 3034 521 3066 "
543 3051 557 3064 ·
586 3035 685 3105 οὐχ
710 3035 912 3105 ἥκιστα
940 3034 995 3087 δὲ
1033 3035 1128 3088 καὶ
1156 3034 1267 3089 τῶν
1293 3036 1389 3089 ἀπ’
1416 3038 1586 3108 αὐτῆς
1625 3038 1667 3091 τῆ

1895 3045 2015 3090 runt
2060 3052 2172 3092 :ex
2227 3038 2343 3107 ipsa
2395 3038 2559 3093 etiam
2616 3040 2853 3094 maxime
2894 3041 3116 3096 civitate
3165 3043 3409 3113 plerique

153 3122 340 3187 πόλεως
375 3124 554 3196 ὄχλων
589 3126 809 3191 πλείους
843 3126 1133 3199 συνέρρεον
1154 3169 1167 3193 ,
1204 3128 1489 3199 ἱστορῆσαι
1521 3130 1667 3202 Πέτρ

1896 3143 2017 3183 mes
2048 3128 2362 3184 conﬂuxere
2386 3171 2400 3194 ,
2439 3130 2715 3186 desiderio
2740 3131 2959 3187 videndi
2990 3131 3234 3190 Petrum.
3274 3135 3410 3203 Qui-

157 3212 465 3286 βουλόμενοι.
493 3219 670 3271 Ἔνιοι
693 3218 748 3271 δὲ
768 3219 879 3272 τῶν
907 3218 1151 3287 άδελιρῶν
1178 3258 1193 3282 ,
1241 3219 1291 3272 οἳ
1334 3221 1425 3273 καὶ
1451 3216 1590 3291 ἦσαν
1629 3222 1671 3274 ὐε

1892 3237 1952 3274 im
1985 3232 2169 3276 autem
2198 3222 2453 3289 fratrum,
2481 3223 2577 3292 qui
2608 3235 2661 3278 et
2686 3223 2755 3277 ab
2781 3239 2849 3278 eo
2872 3226 3141 3293 praemissi
3166 3226 3406 3294 fuerant,

156 3303 344 3358 ἐκείνου
365 3310 913 3381 προεκπεμφθέντες,
936 3309 1221 3381 διηγοῦντο
1252 3313 1384 3383 ἡμῖν
1411 3313 1481 3366 τά
1504 3330 1562 3365 τε
1584 3330 1670 3367 κατ

1896 3314 2157 3368 arraliant
2194 3315 2353 3369 nobis
2390 3326 2669 3380 accurate,
2700 3324 2815 3369 tum
2852 3325 3054 3371 statum
3089 3319 3265 3384 urbis,
3292 3329 3404 3373 tum

155 3395 240 3466 τὴν
264 3398 409 3454 πόλιν
430 3443 444 3457 .
477 3402 578 3455 καὶ
619 3402 689 3455 τά
728 3403 1079 3476 πραττόμενα
1117 3404 1271 3476 παρὰ
1301 3405 1541 3476 Σίμωνος
1566 3409 1669 3477 άκρ

1892 3404 2067 3458 monis
2092 3414 2283 3474 gesta:
2317 3413 2371 3460 et
2398 3406 2737 3476 excipientes
2768 3423 2869 3463 nos
2889 3448 2905 3475 ,
2953 3408 3006 3463 in
3036 3409 3260 3465 domum
3293 3412 3405 3467 Ma-

158 3486 283 3552 εῶς’
310 3491 703 3564 ἀποδεξάμενοι
733 3512 792 3548 τε
828 3497 974 3568 ἡμᾶς
997 3535 1013 3562 ,
1051 3497 1143 3549 ἐπὶ
1181 3496 1278 3567 τὴν
1313 3496 1609 3568 Μαροώνου
1646 3502 1672 3570 (ε

828 3497 974 3568 ἡμᾶς
997 3535 1013 3562 ,
1051 3497 1143 3549 ἐπὶ
1181 3496 1278 3567 τὴν
1313 3496 1609 3568 Μαροώνου
1646 3500 1722 3572 (9)
1824 3495 2013 3549 roonis
2032 3495 2323 3553 duxerunt.

157 3572 274 3649 ἦγον
300 3583 487 3639 οίκίαν.

218 3670 320 3729 LX.
369 3676 425 3730 '0
445 3677 504 3731 δὲ
532 3679 739 3751 Πέτρος
766 3681 853 3733 ἐπ’
877 3679 1027 3751 αὐτῷ
1052 3680 1151 3752 ἤδη
1170 3680 1250 3752 τῷ
1276 3683 1375 3753 τῆς
1405 3682 1585 3747 ξενίας
1616 3701 1722 3737 πυ-

1896 3670 2009 3728 LX.
2050 3671 2245 3728 Petrus
2271 3690 2400 3730 vero
2438 3675 2551 3746 jam
2584 3674 2731 3733 fores
2760 3676 2984 3748 hospitii
3010 3686 3205 3734 tenens
3225 3719 3240 3745 ,
3270 3698 3404 3736 con-

159 3762 270 3819 λῶνι
286 3769 541 3838 γεγονὼς,
569 3772 950 3843 ἐπιστραφεὶς,
972 3775 1086 3835 τοῖς
1113 3772 1292 3842 ὄχλοις
1331 3774 1598 3846 ὑπέσχετο
1622 3774 1673 3827 aI

1892 3778 2035 3829 rsus,
2067 3764 2323 3833 promisit
2354 3766 2734 3831 multitudini,
2766 3783 2892 3823 cras
2936 3785 2995 3825 se
3021 3771 3088 3824 de
3118 3770 3213 3826 Dei
3256 3774 3405 3829 cultu

162 3867 395 3937 ριονπερὶ
410 3866 725 3930 θεοσεϐείας
745 3868 1111 3939 διαλεχθῆναι,
1132 3868 1354 3923 mam;
1372 3871 1464 3923 κατι
1484 3871 1721 3941 εισῆλθε,
1822 3858 1989 3912 verba
2023 3856 2318 3914 facturum.
2370 3861 2452 3914 Ac
2482 3870 2771 3931 postquam
2810 3862 3061 3930 introiit,
3097 3881 3206 3920 non
3248 3868 3405 3936 prius

165 3954 227 4024 μὴ
252 3958 566 4049 μεταλαϐεῖν
606 3944 871 4049 πρότερον
916 3959 1019 4031 ἔφη
1044 3962 1253 4032 τροφῆς
1277 4003 1293 4028 ,
1339 3962 1469 4049 πρὶν
1520 3962 1553 4033 ἦ
1595 3965 1679 4018 τοὶ

1931 3950 2234 4020 quidquam
2290 3949 2397 4005 cibi
2455 3968 2576 4007 esse
2641 3963 3028 4022 percepturum
3095 3954 3402 4020 afﬁrmavit,

165 4046 565 4116 συνεληλυθότας
582 4047 942 4103 διαναπαύσει
962 4066 976 4079 ·
1002 4051 1150 4103 άποκ
1158 4041 1456 4122 ριναμέκῖὧν
1470 4052 1527 4105 δὲ
1544 4053 1679 4124 ἡμῶε

1889 4056 1989 4094 Iam
2021 4056 2116 4096 eos
2145 4041 2238 4112 qui
2266 4052 2641 4098 convenerant
2672 4043 2955 4100 refecisset
2987 4062 3000 4097 :
3034 4047 3199 4103 nobis
3222 4059 3403 4103 autem

163 4137 234 4190 ὄτι
252 4140 440 4213 σπουδῇ
469 4142 681 4206 πάντας
702 4142 900 4205 αὐτοὺς
914 4142 1356 4216 διαναπαύσομεν
1372 4145 1439 4209 ⁸⁸,
1465 4147 1492 4198 ὁ
1517 4146 1677 4218 Πέτρε

1891 4133 2301 4202 spondentibus,
2333 4134 2481 4203 quod
2509 4150 2605 4189 eos
2634 4150 2829 4190 omnes
2873 4136 3120 4192 studiose
3150 4152 3405 4195 essemus

166 4229 377 4297 datatim;
410 4236 502 4289 καὶ
526 4234 826 4305 εὐλογήσας
844 4236 1013 4305 ἡμᾶς,
1042 4235 1253 4306 ἐξῆλθε,
1280 4237 1373 4290 καὶ
1390 4237 1680 4309 λουσάμενι

1890 4225 2101 4290 lecturi,
2138 4225 2330 4281 Petrus
2361 4226 2545 4280 audita
2580 4242 2657 4290 re,
2688 4236 2744 4281 et
2794 4226 3036 4281 laudatis
3080 4242 3145 4282 ac
3182 4230 3404 4287 bum-di-

168 4322 216 4374 ὲν
244 4327 303 4395 τῇ
328 4326 599 4401 Θαλάσσῃ,
626 4329 721 4381 καὶ
759 4326 1037 4389 εἰσελθὼν,
1070 4323 1189 4381 εἶτα
1217 4330 1313 4383 καὶ
1340 4332 1523 4385 σιτίων
1559 4350 1682 4403 μετα

1891 4332 1925 4372 ιε
1958 4316 2138 4382 nobis,
2186 4315 2388 4381 exivit;
2424 4331 2659 4386 cumque
2684 4316 2906 4371 lavisset
2944 4318 2999 4371 in
3028 4318 3198 4385 mari,
3226 4336 3291 4375 ac
3320 4323 3405 4376 in-

168 4410 343 4481 λαϐὼν,
364 4419 603 4492 ἑσπέρας
632 4417 1041 4490 καταλαϐούσης
1068 4418 1333 4475 ὕπνωσεν.

1889 4424 2045 4465 essus
2071 4418 2257 4477 esset,
2301 4419 2599 4480 posteaque
2628 4411 2813 4466 cibum
2846 4411 3204 4481 sumpsisset,
3244 4428 3403 4473 nocte

1755 4494 1800 4549 Ι)
1828 4499 2168 4565 adveniente,
2204 4516 2398 4557 somno
2431 4517 2490 4556 se
2520 4502 2688 4557 dedit.

230 4588 350 4646 LXI.
392 4595 550 4668 Ἀρτι
581 4594 639 4648 δὲ
666 4594 793 4665 περὶ
814 4593 915 4657 τὰς
944 4595 1263 4666 δευτεραίας
1297 4594 1409 4649 τῶν
1437 4596 1725 4668 ἀλεκτρυό-

1894 4591 2031 4646 LXI.
2072 4589 2191 4646 Jam
2228 4608 2359 4647 vero
2403 4594 2470 4647 ad
2502 4593 2801 4648 secundum
2851 4594 3117 4664 gallorum
3169 4604 3330 4650 cantu
3346 4612 3395 4649 m

171 4697 258 4735 νων
278 4684 408 4755 ᾠδὰς
427 4686 687 4750 ἀναστὰς,
705 4687 798 4739 καὶ
820 4685 993 4758 εὑρὼν
1023 4688 1169 4757 ἡμᾶς
1200 4686 1299 4758 ἤδη
1326 4688 1685 4760 ἐγρηγορότας

1894 4699 2075 4755 rgens,
2124 4684 2519 4755 inveniensque
2567 4701 2667 4741 nos
2713 4685 2824 4755 jam
2868 4687 3187 4757 vigilantes;
3222 4688 3315 4758 qui
3349 4696 3406 4742 et

172 4773 212 4826 οἳ
238 4776 320 4829 καὶ
344 4774 478 4849 ἦμεν
510 4780 608 4833 σὺν
635 4778 784 4849 αὐτῷ
815 4779 1015 4841 πάντες
1039 4778 1352 4843 ἑκκαίδεκα,
1378 4780 1543 4844 αὐτός
1577 4800 1686 4854 φημ

1887 4792 2044 4831 amus
2073 4792 2198 4831 cum
2228 4790 2295 4830 eo
2327 4792 2518 4831 omnes
2550 4778 2788 4831 sedecim
2814 4794 2828 4842 ;
2858 4778 2996 4846 ipse,
3022 4779 3274 4849 inquam,
3298 4779 3401 4835 Pe-

175 4862 371 4939 Πέτρος,
391 4870 547 4939 κάγὼ
567 4870 817 4941 Κλήμης,
848 4870 1094 4940 Νικήτης
1116 4886 1177 4921 τε
1202 4868 1296 4922 καὶ
1338 4870 1567 4935 Ἀκύλας
1586 4913 1600 4936 ,
1630 4891 1689 4926 κο

1889 4884 1965 4935 us,
1993 4877 2048 4922 et
2075 4883 2176 4938 ego
2200 4866 2477 4934 Clemens,
2505 4866 2722 4922 Nicetas
2746 4876 2801 4921 et
2831 4869 3050 4934 Aquila,
3077 4877 3242 4939 atque
3264 4871 3403 4925 duo-

175 4956 218 5007 ol
245 4960 653 5029 προοδεύσαντες
694 4958 905 5013 δώδεκα
930 5000 943 5023 ,
998 4958 1137 5029 μετὰ
1181 4958 1243 5012 τὸ
1286 4962 1689 5034 προσαγορεῦσο

1888 4962 2002 5017 :cim
2029 4962 2121 5031 qui
2152 4959 2438 5031 praegressi
2488 4959 2741 5026 fuerant;
2778 4969 3068 5029 postquam
3110 4962 3402 5016 salutavis-

179 5044 388 5115 πάντας,
416 5051 585 5123 εἰσῄει
626 5067 711 5115 τις
739 5049 849 5103 τῶν
880 5048 1123 5120 συνήθων
1159 5049 1522 5119 ἀπαγγέλλων
1549 5052 1693 5125 αὐτῷ

1885 5064 1916 5109 :t
1944 5068 2167 5121 omnes;
2216 5054 2496 5124 ingressus
2555 5062 2640 5108 cst
2662 5052 2883 5122 quidam
2913 5068 2978 5108 ex
3011 5051 3399 5118 familiaiibus,

1420 5168 1651 5225 VARUE
1691 5168 2092 5227 LECTIONES.

239 5253 282 5287 ⁸¹
317 5257 381 5311 δι·
405 5273 641 5331 PIT-I300.
693 5256 793 5331 ὲάἕ
841 5257 1049 5331 μή-μηὲς
1094 5253 1381 5331 πείθηετθέι
1487 5260 1533 5291 ⁸³
1560 5262 1630 5314 al.
1667 5261 2039 5331 pracpouacal.
2117 5259 2164 5300 ⁸⁵
2191 5259 2262 5331 aI.
2298 5257 2557 5331 όμιλήτω-
2604 5256 2683 5331 ⁸⁸⁸
2722 5255 2806 5331 aI._
2839 5254 2986 5324 μηθ’.
3026 5253 3111 5331 ..⁸⁸
3150 5245 3399 5331 C_lemem.

239 5272 282 5287 "
317 5272 641 5329 al-lll'a’lmn-
693 5272 789 5310 εαν
841 5272 935 5327 μη.
979 5272 1049 5309 al.
1094 5272 1377 5356 πειυησυε.
1487 5272 1533 5291 σο
1560 5272 1630 5314 al.
1667 5272 2039 5331 praapouacat.
2117 5272 2164 5300 οδ
2193 5272 2262 5313 al.
2298 5272 2557 5329 ομιλητω-
2638 5272 2683 5288 ο-
2722 5272 2792 5309 aI.
2839 5272 2986 5324 μηυ.
3064 5272 3111 5288 υ·
3150 5272 3396 5309 ωεηιεηι.

189 5322 319 5401 βοτη·
347 5344 517 5401 “HC-
550 5328 793 5401 121m"
836 5329 885 5381 al
928 5327 1168 5401 Bi5?~OV-_
1242 5324 1283 5401 -θ
1317 5320 1777 5401 (κατεπαηὴθιη.
1824 5348 1922 5394 vn,
1988 5345 2111 5399 cap.
2150 5330 2273 5401 ult.,
2317 5338 2373 5382 et
2402 5329 2547 5401 hom_.
2600 5326 2653 5401 8,
2701 5342 2749 5381 c.
2788 5326 2837 5391 I,
2879 5334 2980 5378 etc.
3003 5321 3141 5401 [ζέε.
3173 5324 3210 5378 I.
3239 5339 3313 5401 tv.
3347 5340 3396 5378 c.

192 5393 356 5469 I__.elc.
428 5389 498 5431 ’⁸⁸
537 5399 607 5453 al.
650 5397 843 5468 Βίϐλῳ.
923 5398 969 5469 ¹Ῐ⁰
1002 5397 1070 5449 al.
1108 5396 1312 5469 αὐτοῖς·
1412 5401 1454 5430 ⁸³
1496 5389 1811 5454 οΙξΒίϐλου.
1912 5389 1960 5433 δ’
1997 5389 2461 5469 Διαναπαύσομεν.
2518 5395 2643 5466 Legi
2696 5389 2860 5465 queat
2907 5408 2973 5449 ex
2996 5389 3398 5451 Clementimsct

197 5461 615 5539 Ilecognitiouibus
642 5508 657 5534 ,
684 5461 1141 5537 διανέπαύσαμεν.
1171 5466 1307 5520 Cor.

1424 5578 1785 5634 VARIORUM
1815 5578 2043 5633 NOTAE.

255 5676 323 5759 l9)
356 5684 685 5752 Μαροώνου.
712 5681 928 5759 _Nomen
955 5692 1038 5738 est
1068 5681 1351 5759 Syriacum
1380 5687 1478 5759 sat_
1505 5689 1719 5759 notum,
1838 5678 2269 5759 Batricides_,_qui
2298 5677 2709 5759 ll-louotlielitam
2744 5676 2914 5759 fuisse
2941 5678 3074 5745 vult,
3103 5693 3131 5733 a
3164 5692 3277 5749 quo
3310 5693 3400 5733 ro—

197 5748 266 5799 vel
291 5746 491 5820 propter
515 5754 841 5811 monachum
874 5756 1024 5808 illum
1046 5793 1062 5813 .
1094 5746 1208 5807 sive
1238 5752 1399 5813 male,
1428 5750 1551 5820 sive
1577 5758 1723 5820 recte
1828 5760 2096 5805 ceuttores
2126 5746 2401 5805 Maronitae
2427 5749 2775 5804 dissentiunt.
2814 5749 2981 5804 Cana.

197 5815 506 5893 sentientem,
538 5842 565 5880 a
595 5842 703 5896 quo
733 5822 860 5879 dicti
896 5824 1196 5878 Maronilw.
1244 5820 1321 5876 De
1344 5836 1410 5875 eo
1427 5815 1723 5886 Eutycltius
