3834 6220
374 302 485 358 515

1203 299 1263 356 8.
1298 297 1686 355 CLEMENTIS
1731 297 1753 353 I
1788 294 1953 352 ROM.
1995 295 2195 352 PONT.
2230 297 2463 354 OPERA
2495 299 2725 357 DUBIA.

3544 299 3667 355 518

375 429 525 484 hunc
551 432 804 483 nuntium
850 427 900 483 ei
946 426 1180 483 afercns
1208 445 1223 481 :
1255 424 1447 481 Simon
1490 427 1707 495 Magus,
1739 424 1832 480 ubi
1864 424 1949 480 di-

2073 425 2134 477 ἱτι
2161 426 2345 498 Σίμων
2381 430 2409 482 ὁ
2429 428 2612 498 Μάγος
2656 428 2837 500 μαθών
2875 443 2934 480 σε
2963 427 3028 497 τῇ
3071 422 3329 496 Τριπόλει
3353 421 3667 491 ἐπιδημήο

373 520 509 577 dicit
548 530 603 575 te
628 520 835 591 Tripoli
863 534 1008 585 esse,
1054 520 1107 573 in
1163 517 1378 591 Syriam
1418 519 1534 589 ipse
1564 519 1700 573 abiit
1726 537 1739 572 :
1765 517 1943 572 multi-

377 613 512 666 tudo
542 621 722 666 autem
751 625 917 665 unam
948 610 1091 663 hanc
1114 618 1329 663 noctem
1361 623 1483 663 esse
1522 607 1651 661 anni
1683 607 1950 662 ambitum

376 703 641 759 arbitrata
663 742 678 767 ,
707 717 808 757 nec
844 701 1031 755 valens
1062 701 1422 770 praestitutum
1453 715 1483 753 a
1513 708 1566 754 te
1612 706 1828 769 tempus
1851 714 1951 753 ex-

378 804 645 865 spectare,
679 810 779 864 pro
810 792 1022 847 foribus
1047 800 1190 854 stat,
1227 806 1323 860 per
1344 799 1520 845 coetus
1548 802 1601 845 et
1626 790 1863 845 circulos
1884 789 1952 844 de

380 884 624 940 Simonis
667 883 1013 954 improbitate
1059 890 1253 936 mutuo
1288 882 1642 950 colloquens;
1684 880 1777 950 qui
1823 894 1948 934 cum

378 994 476 1033 eos
504 979 557 1033 in
590 993 739 1047 spem
770 976 1111 1039 adduxisset,
1141 984 1307 1045 atque
1328 974 1605 1045 pollicitus
1638 982 1783 1029 esset
1805 974 1951 1043 quod

378 1080 432 1125 te
461 1081 783 1139 praesentem
815 1071 1002 1127 multis
1033 1073 1100 1127 de
1121 1072 1450 1127 criminibus
1479 1081 1628 1127 esset
1662 1071 1949 1125 convictu-

379 1179 498 1229 rus,
533 1164 754 1234 cognito
788 1164 1023 1219 adventu
1060 1174 1156 1219 tuo
1181 1180 1240 1220 se
1270 1165 1338 1220 de
1369 1173 1529 1219 nocte
1558 1165 1610 1217 in
1642 1161 1824 1234 fugam
1858 1163 1952 1219 de-

376 1253 519 1307 derit
544 1270 556 1306 :
595 1253 690 1308 sed
716 1253 983 1308 eteadem
1012 1256 1163 1325 plebs
1192 1265 1245 1309 te
1268 1256 1456 1309 audire
1482 1254 1773 1309 desiderat.

449 1343 608 1398 LXII.
645 1344 711 1399 Et
740 1345 953 1412 Petrus,
1007 1347 1313 1402 admiratus
1360 1347 1505 1417 vulgi
1558 1348 1825 1409 studium,
1865 1361 1953 1400 re-

377 1437 598 1504 spondit
627 1453 643 1491 :
676 1435 909 1501 Videtis,
940 1437 1158 1503 fratres,
1201 1454 1313 1508 quo
1342 1450 1502 1509 pacto
1534 1439 1748 1495 Domini
1780 1441 1951 1495 nostri

375 1528 544 1581 verba
596 1528 882 1584 manifeste
921 1530 1321 1600 compleantur.
1354 1530 1574 1586 Memini
1628 1532 1774 1586 enim
1823 1548 1950 1587 eum

376 1618 559 1673 dicere
591 1632 604 1669 :
642 1618 802 1673 Multi
853 1621 1059 1674 venient
1101 1620 1164 1675 ab
1201 1622 1435 1689 Oriente,
1462 1634 1510 1676 et
1557 1621 1868 1690 Occidente,
1902 1634 1951 1678 et

375 1710 653 1779 Aquilone,
688 1720 739 1765 et
798 1714 968 1776 mari,
1003 1730 1065 1766 ac
1128 1714 1423 1768 recumbent
1471 1732 1589 1769 cum
1626 1716 1948 1779 Abrahamo,

378 1796 571 1852 Isaaco
612 1808 664 1853 et
715 1797 1008 1855 Iacobo”.
1047 1801 1153 1856 Sed
1182 1813 1237 1858 et
1282 1803 1464 1872 Multi,
1515 1806 1711 1876 inquit,
1743 1809 1949 1873 vocati;

375 1894 533 1961 pauci
573 1910 692 1947 vero
748 1894 993 1949 electi".
1026 1896 1209 1968 Itaque
1257 1898 1403 1968 quod
1456 1901 1699 1965 veniant,
1734 1916 1839 1955 non
1870 1911 1953 1956 est

376 2002 564 2042 eorum
598 1990 903 2060 proprium,
941 1992 1035 2047 sed
1082 2003 1165 2049 est
1199 1992 1292 2049 Dei
1325 1995 1418 2065 qni
1448 1996 1665 2050 vocavit
1698 2014 1711 2049 :
1744 1995 1787 2050 si
1823 2007 1952 2048 vero

376 2088 501 2148 post
544 2082 881 2137 vocationem
936 2083 1076 2138 bona
1125 2100 1289 2155 opera
1336 2085 1586 2150 fecerint,
1629 2086 1731 2139 hoc
1758 2099 1948 2138 eorum

375 2172 481 2227 erit
508 2175 814 2243 proprium,
838 2186 891 2231 et
913 2177 1326 2231 convenientem
1357 2183 1720 2246 assequentur
1746 2190 1952 2230 merce-

373 2265 460 2321 dis
488 2268 925 2323 retributionem.
952 2267 995 2297 "
1024 2265 1151 2323 Haec
1188 2269 1327 2323 dixit
1358 2286 1372 2323 :
1406 2284 1641 2337 cumque
1680 2268 1952 2339 ingentem

374 2356 594 2411 turbam
633 2357 864 2424 videret,
915 2358 1111 2413 leniter
1173 2359 1323 2411 velut
1371 2357 1645 2429 placidum
1686 2356 1951 2411 fluentum

372 2451 554 2506 amnis
576 2450 817 2516 afﬂuere,
853 2448 1097 2506 Marooni
1134 2450 1213 2505 ait
1244 2468 1258 2505 :
1288 2448 1388 2504 Ubi
1422 2450 1512 2504 bic
1537 2450 1634 2503 tibi
1662 2449 1816 2504 locus
1845 2458 1950 2516 est,

372 2542 469 2612 qui
502 2542 645 2596 hanc
688 2541 1093 2597 multitudinem
1125 2556 1321 2611 capere
1370 2540 1577 2610 possit?
1598 2539 1664 2595 Et
1693 2540 1954 2597 Marcone

371 2633 604 2687 ducente
655 2646 782 2687 eum
815 2632 871 2685 in
911 2632 1089 2687 locum
1120 2632 1282 2686 horto
1316 2632 1594 2685 excultum
1629 2646 1693 2686 ac
1720 2630 1945 2687 subdia-

372 2720 501 2787 Iem,
529 2732 730 2775 secutae
760 2730 887 2776 sunt
917 2731 972 2777 et
995 2722 1188 2776 turbae.

446 2811 627 2866 LXIII.
679 2810 872 2866 Petrus
920 2821 1127 2876 autem,
1166 2827 1329 2881 super
1366 2813 1541 2866 basim
1592 2820 1787 2867 statum
1839 2826 1949 2867 non

374 2903 673 2958 admodum
713 2904 984 2963 excelsam
1031 2913 1215 2969 stans;
1248 2903 1413 2958 simul
1465 2914 1632 2974 atque
1686 2903 1949 2974 populum

375 3010 529 3049 more
572 2995 826 3063 religioso
864 2995 1191 3061 salutasset;
1238 3010 1466 3049 cernens
1515 2995 1714 3051 multos
1763 2988 1950 3050 astati-

2055 535 2241 583 σαντα,
2274 522 2373 592 τὴν
2396 522 2488 575 ἐπὶ
2510 522 2580 574 Συ
2591 522 2709 593 ρίαν
2728 520 2890 583 αὐτὸς
2919 518 3109 590 ᾤχετο·
3129 516 3197 570 τὰ
3216 516 3274 569 δέ
3325 514 3524 587 πλήθη
3549 514 3665 585 τὴν

2056 612 2184 683 μίαν
2226 612 2428 685 ταύτην
2462 612 2632 666 νύκτα
2674 610 2924 665 ἐνιαυτοῦ
2977 609 3224 681 περίοδον
3252 607 3613 679 ἡγησάμενοι
3640 646 3663 670 ,

2052 704 2151 775 τὴν
2179 704 2423 758 δοθεῖσαν
2451 704 2557 758 ὑπὸ
2594 703 2689 757 σοῦ
2734 702 3073 775 προθεσμίαν
3100 701 3163 753 οὐ
3188 699 3489 770 δυνάμενοι
3516 698 3667 750 ἁνα-

2054 797 2257 867 μένειν,
2286 797 2391 866 πρὸ
2409 798 2517 850 τῶν
2538 795 2718 868 θυρῶν
2747 796 3028 865 ἑστήκασι,
3049 792 3189 845 κατὰ
3223 791 3528 853 συστάσεις
3558 792 3667 843 καὶ

2055 891 2363 959 συλλόγους,
2396 887 2645 959 ἀλλήλοις
2664 888 2792 958 περὶ
2820 886 2917 957 τῆς
2938 882 3032 937 τοῦ
3060 883 3300 954 Σίμωνος
3330 882 3669 953 μοχθηρίας

2050 980 2416 1052 διομιλοῦντες
2435 1021 2449 1045 ,
2477 974 2556 1049 διὸ
2573 978 2619 1011 ’³
2657 977 2992 1048 μετεωρίσας
3034 974 3247 1039 αὐτοὺς,
3270 974 3367 1026 καὶ
3394 971 3668 1041 ὑποσχό-

2056 1091 2216 1145 μενος
2240 1074 2331 1125 ἐπὶ
2361 1071 2574 1133 πολλοῖς
2611 1086 2670 1123 σε
2712 1071 2900 1132 κακοῖς
2938 1067 3160 1121 ἐλθόντα
3189 1063 3436 1133 ἐλέγξειν
3458 1103 3474 1127 ,
3523 1064 3669 1116 ἐπι-

2052 1166 2368 1237 δημήσαντα
2391 1163 2579 1232 γνοὺς,
2609 1162 2825 1232 νύκτωρ
2871 1161 3128 1229 διέφυγε·
3159 1157 3299 1240 πλὴν
3337 1155 3673 1227 ἐπιθυμοῦ-

2055 1268 2138 1307 σιν
2168 1254 2327 1307 αὐτοὶ
2352 1252 2581 1306 ἀκοῦσαί
2614 1268 2727 1304 σου.

2123 1347 2281 1403 LXII.
2327 1348 2435 1400 Καὶ
2482 1348 2511 1398 ό
2566 1345 2769 1415 Πέτρος
2816 1341 3101 1410 θαυμάσας
3155 1338 3265 1391 τῶν
3305 1338 3491 1408 ὄχλων
3547 1338 3666 1407 τὴν

2056 1441 2309 1511 σπουδὴν,
2346 1436 2697 1509 ἀπεκρίνατο⁸
2759 1436 2971 1506 Ὁρᾶτε,
3011 1432 3264 1501 ἀδελφοὶ,
3298 1430 3424 1494 πῶς
3466 1431 3521 1483 οἱ
3550 1429 3662 1482 τοῦ

2054 1530 2258 1603 Κυρίου
2303 1528 2459 1600 ἡμῶν
2491 1528 2635 1597 λόγοι
2660 1526 2915 1598 ἐμφανῶς
2944 1523 3292 1578 τελειοῦνται.
3330 1522 3663 1593 Μέμνημα.

2052 1625 2161 1696 γὰρ
2199 1623 2360 1677 αὐτοῦ
2386 1620 2686 1693 εἰρηκότος,
2723 1621 2823 1672 ὅτιο
2848 1615 3076 1672 Πολλοὶ
3116 1616 3480 1669 ἐλεύσονται
3528 1615 3662 1668 ἀπὸ

2052 1715 2381 1778 ἀνατολῶν,
2435 1714 2534 1767 καὶ
2577 1712 2842 1781 δυσμῶν,
2886 1710 2986 1764 καὶ
3026 1709 3221 1779 βορῤἆ
3273 1707 3376 1763 καὶ
3403 1707 3658 1762 θαλάσ-

2053 1826 2171 1875 σης
2196 1809 2267 1839 ’δ’
2332 1806 2430 1859 καὶ
2474 1804 2981 1870 ἀνακλιθήσονται
3033 1803 3181 1874 μετά
3232 1799 3505 1869 Ἀϐραὰμ
3553 1797 3660 1853 asa!

2067 1900 2271 1955 Ἰσαὰκ
2312 1899 2409 1953 καὶ
2456 1897 2674 1953 Ἰακὼϐ.
2718 1896 2877 1950 Ἀλλὰ
2901 1896 2996 1950 καὶ
3036 1893 3275 1956 πολλοὶ,
3307 1894 3475 1964 φησι,
3501 1895 3656 1959 κληά

2053 1994 2163 2057 τοὶ,
2183 1994 2371 2061 ὀλίγοι
2410 1991 2477 2045 δὲ
2503 1990 2792 2045 ἐκλεκτοί.
2824 1989 2897 2043 Τὸ
2939 1989 3037 2060 μὲν
3070 1983 3161 2041 οῦν
3186 1986 3367 2039 ἐλθεῖν
3391 1984 3504 2037 οὐκ
3552 1984 3650 2036 αύ-

2053 2085 2161 2139 τῶν
2208 2086 2352 2137 ἐστιν
2386 2083 2536 2146 ἴδιον,
2583 2082 2717 2135 ἀλλὰ
2757 2080 2850 2134 τοῦ
2898 2078 3227 2149 κεκληκότος
3267 2077 3430 2131 Θεοῦ·
3463 2077 3565 2129 ἐὰν
3596 2076 3651 2128 δὲ

2057 2174 2193 2248 μετὰ
2221 2176 2281 2228 τὸ
2321 2175 2580 2245 κληθῆναι
2607 2172 2674 2225 τὰ
2717 2172 2896 2242 ἀγαθὰ
2942 2170 3206 2243 πράξωσι,
3258 2168 3421 2221 τοῦτο
3467 2168 3648 2221 αὐτῶν

2053 2267 2201 2331 ἴδιον,
2225 2268 2316 2320 καὶ
2340 2268 2437 2337 τῆς
2463 2264 2845 2337 προσηκούσης
2873 2260 3154 2327 τεύξονται
3187 2259 3643 2332 μισθαποδοσίας.

2052 2361 2238 2415 Ταῦτα
2261 2356 2404 2421 εἶπε,
2425 2360 2519 2411 καὶ
2537 2358 2628 2411 τὸν
2654 2359 2819 2411 πολὺν
2838 2356 2993 2426 όχλον
3019 2355 3142 2409 ίδὼν
3164 2356 3356 2425 πράως
3388 2354 3647 2425 καθάπερ

2051 2455 2250 2526 ἥσυχόν
2276 2470 2326 2505 τι
2363 2451 2538 2524 ῥεῦμα
2572 2450 2816 2520 ποταμοῦ
2844 2446 3187 2520 ἐπιρρέοντα,
3212 2448 3315 2516 ἔφη
3347 2444 3428 2515 τῷ
3458 2446 3650 2515 Mope-

2052 2545 2184 2617 ώνῃ·
2206 2542 2315 2596 Ποῦ
2339 2560 2417 2595 σοι
2444 2542 2603 2604 τόπος
2624 2540 2771 2593 ἐστὶν
2808 2539 3058 2603 ἐνταῦθα,
3078 2538 3203 2600 τοὺς
3227 2536 3424 2607 δχλους
3446 2537 3648 2608 χωρ.ῖν

2050 2636 2380 2705 δυνάμενος;
2404 2632 2509 2685 Τοῦ
2532 2633 2589 2685 δὲ
2611 2630 2906 2703 Μαροώνου
2932 2631 3012 2694 είς
3042 2628 3463 2699 κεκηπευμένον
3482 2628 3649 2681 τόπον

2053 2725 2147 2777 καὶ
2175 2723 2440 2793 ὕπαιθρον
2468 2722 2629 2775 αὑτὸν
2644 2722 2887 2791 ἄγοντος,
2916 2720 3126 2772 εἵποντο
3158 2719 3253 2771 καὶ
3283 2720 3332 2771 οἱ
3361 2718 3539 2789 ὖχλοι.

2124 2813 2305 2868 LXIII.
2351 2815 2457 2867 Καὶ
2489 2817 2517 2867 ό
2556 2814 2762 2885 Πέτρος
2794 2813 2888 2865 ἐπί
2915 2827 3062 2876 τινος
3086 2812 3296 2882 βάσεως
3320 2812 3652 2883 ἀνδριάντος

2053 2907 2113 2959 οὐ
2150 2906 2290 2959 πάνυ
2336 2906 2609 2976 μετεώρου
2657 2904 2805 2967 στὰς,
2842 2904 2957 2974 ἅμα
2980 2904 3058 2974 τῷ
3083 2902 3175 2956 τὸν
3205 2903 3364 2973 ὄχλον
3400 2902 3655 2957 θεοσεϐεῖ

2053 2997 2163 3051 έθει
2208 2994 2661 3067 προσαγορεῦσαι,
2691 2995 2812 3049 ίδὼν
2864 2996 3088 3059 πολλοὺς
3120 2994 3228 3048 τῶν
3274 2994 3654 3066 παρεστώτων

376 3087 535 3148 tium,
564 3101 594 3139 a
624 3085 1097 3156 dzemonibusjam
1126 3086 1216 3140 diu
1246 3087 1595 3153 molestatos;
1626 3102 1691 3142 ac
1712 3087 1943 3142 stridere

2073 3087 2150 3144 ›πδ
2165 3089 2428 3160 δαιμόνων
2447 3105 2507 3142 τε
2534 3090 2628 3142 καὶ
2652 3089 2861 3142 πολλῶν
2885 3089 2931 3121 ’⁸
2956 3089 3161 3161 χρόνων
3196 3088 3651 3159 ἐνοχλουμένους,

375 3195 500 3235 cum
553 3179 787 3245 ululatu,
815 3188 868 3233 et
915 3179 1197 3248 procidere
1240 3194 1364 3233 cum
1400 3181 1830 3249 supplicatione;
1870 3181 1955 3235 in-

377 3271 725 3341 crepitis'iis,
760 3271 1153 3340 silentiumque
1203 3281 1389 3327 tenere
1433 3272 1639 3341 jussis,
1680 3273 1953 3342 pollicitus

375 3364 715 3419 curationem
770 3372 894 3433 post
946 3363 1192 3418 habitum
1254 3379 1598 3432 sermonem,
1667 3365 1743 3420 ita
1800 3364 1951 3435 loqui

374 3455 542 3523 cmpit
569 3473 581 3509 :

446 3549 633 3604 LXIV.
686 3549 851 3617 Deus,
910 3550 1001 3620 qui
1055 3550 1207 3604 solus
1261 3548 1441 3605 bonus
1490 3558 1595 3613 est,
1645 3557 1955 3619 cunctaque

376 3641 637 3712 praeclare
690 3638 840 3704 fecit,
903 3647 1129 3711 propter
1185 3640 1418 3695 salutem
1465 3640 1677 3711 generis
1702 3640 1950 3707 humani,

376 3732 528 3788 misit
562 3733 901 3803 unigenitum
931 3731 1128 3786 Filium
1180 3746 1342 3786 suum
1373 3731 1665 3787 Dominum
1699 3740 1950 3786 nostrum

373 3821 561 3878 Iesum
605 3821 908 3885 Christum,
943 3822 1036 3891 qui
1067 3821 1116 3875 ei
1148 3820 1346 3891 placita
1371 3822 1638 3893 vulgaret,
1670 3822 1954 3893 legemque

375 3914 529 3968 daret
553 3924 845 3980 mternam;
874 3922 933 3967 ut
963 3913 1111 3967 illam
1160 3921 1426 3981 perpetuo
1480 3914 1877 3979 custodientes,
1899 3921 1955 3968 et

376 4007 637 4076 baptizati
692 4007 745 4059 in
792 4008 1170 4062 remissionem
1215 4018 1586 4079 peccatorum,
1611 4008 1721 4063 vita
1753 4009 1954 4078 sempi—

377 4107 529 4152 terna
549 4099 832 4152 donemur.
859 4097 1203 4153 "Enitimini
1241 4109 1422 4154 autem
1448 4099 1646 4168 primo,
1681 4108 1741 4153 ut
1771 4100 1953 4154 sordi-

376 4192 505 4245 dum
542 4190 922 4244 lndumentum
969 4199 1238 4257 vestrum,
1301 4192 1529 4255 scilicet,
1598 4190 1983 4257 inlldelitatls,.

377 4282 623 4347 exnatis;
655 4281 802 4350 quod
858 4294 968 4334 non
1027 4280 1132 4334 alia
1176 4281 1389 4336 ratione
1419 4281 1646 4351 potestis
1663 4282 1950 4351 deponere,

379 4372 480 4426 nisi
516 4371 669 4441 prius
721 4371 773 4425 in
820 4371 980 4426 bouis
1020 4372 1329 4427 actionibus
1352 4373 1700 4441 baptizemini
1739 4392 1753 4428 :
1789 4381 1953 4443 atque

381 4464 480 4527 ita,
513 4440 637 4533 puri
666 4477 896 4533 corpore
930 4478 995 4518 ac
1026 4464 1209 4519 anima
1244 4440 1447 4527 effecti,
1481 4464 1668 4520 futuro
1694 4440 1952 4536 perpetuo
1985 4440 2030 4499 θ

379 4571 546 4625 regno
560 4554 839 4611 fruemini.
859 4554 1045 4625 Itaque
1069 4570 1170 4611 nec
1192 4555 1352 4612 idolis
1380 4557 1600 4624 credite,
1624 4573 1723 4613 nec
1752 4574 1954 4615 mensae

378 4663 568 4701 eorum
596 4646 887 4718 participes
913 4655 1121 4715 estote;
1156 4662 1263 4701 non
1298 4647 1557 4715 occidite;
1588 4662 1696 4701 non
1744 4649 1953 4704 adulte-

380 4747 525 4800 rate,
554 4754 661 4792 non
691 4738 915 4809 flagrate
948 4740 1076 4795 odio
1105 4748 1333 4805 mutuo;
1366 4754 1466 4793 nec
1508 4737 1711 4794 furtum
1754 4741 1949 4810 facite;

380 4846 558 4899 neque
588 4831 816 4884 omnino
853 4830 1213 4901 aggredimini
1246 4831 1355 4885 ulla
1383 4846 1548 4900 prava
1580 4829 1842 4888 facinora.

452 4920 615 4974 LXV.
670 4920 795 4977 Haec
851 4937 977 4977 eum
1029 4922 1277 4987 dixisset,
1335 4932 1497 4993 atque
1534 4938 1601 4977 ex
1654 4922 1950 4993 Scripturis

382 5011 689 5066 monuisset
727 5013 922 5075 multa,
946 5027 1137 5068 omnes
1172 5022 1624 5083 permanserunt;
1649 5014 1738 5067 alii
1770 5024 1828 5069 ut
1857 5030 1954 5069 cu-

385 5112 660 5169 rarentur,
690 5104 783 5159 alii
816 5118 874 5159 ut
897 5105 1147 5159 viderent
1172 5120 1268 5159 eos
1300 5104 1392 5174 qui
1424 5106 1711 5160 sanitatem
1744 5107 1951 5177 recipe-

386 5206 525 5252 rent.
550 5195 744 5251 Petrus
782 5205 961 5250 antcm
992 5196 1262 5251 duntaxat
1285 5198 1574 5266 imponens
1605 5198 1713 5253 illis
1736 5213 1951 5263 manus,

387 5300 439 5345 et
468 5298 866 5360 comprecatus,
903 5289 1200 5359 unicuique
1254 5290 1655 5344 immunitatem
1701 5304 1730 5343 a
1763 5291 1954 5344 morbo

2059 3187 2353 3259 βρύχοντάς
2383 3202 2441 3239 τε
2476 3186 2592 3255 μετ’
2613 3186 2859 3255 οἰμωγῆς
2893 3186 2986 3239 καὶ
3030 3180 3327 3247 πίπτοντας
3360 3184 3506 3255 μετὰ
3541 3185 3657 3237 ἱκε-

2058 3277 2197 3340 σίας,
2233 3277 2562 3346 ὲπιτιμήσας
2592 3276 2776 3338 αὐτοῖς
2802 3275 2898 3327 καὶ
2930 3274 3157 3345 ἡσυχίαν
3181 3274 3323 3343 ἔχειν
3352 3275 3653 3341 ἐπιτάξας,

2056 3370 2149 3423 καὶ
2180 3369 2277 3438 τὴν
2308 3368 2450 3420 ίασιν
2481 3366 2621 3437 μετὰ
2647 3368 2707 3420 τὸ
2739 3365 3085 3437 διαλεχθῆναι
3132 3365 3650 3436 καθυποσχόμενος,

2053 3460 2146 3513 τοῦ
2173 3460 2352 3527 λέγειν
2383 3458 2584 3530 ἦρξατο
2629 3455 2821 3522 οὕτως·

2125 3552 2307 3607 LXIV.
2326 3553 2383 3605 '0
2420 3552 2577 3623 μόνος
2615 3549 2817 3619 ἀγαθὸς
2844 3550 2995 3614 Θεὸς,
3028 3549 3101 3602 τὰ
3132 3550 3310 3603 πάντα
3340 3550 3532 3615 καλῶς
3558 3570 3657 3604 πε-

2055 3644 2297 3715 ποιηκὼς
2340 3646 2430 3697 ἐπὶ
2480 3644 2723 3715 σωτηρίᾳ
2769 3641 2861 3695 τοῦ
2909 3642 3098 3711 γένους
3149 3642 3256 3693 τῶν
3309 3642 3652 3712 ἀνθρώπιον,

2054 3737 2398 3805 ἐξαπέστειλε
2450 3736 2540 3789 τὸν
2596 3736 2857 3807 μονογενῆ
2918 3734 3082 3788 αὐτοῦ
3137 3735 3262 3789 Υἱὸν
3295 3734 3654 3807 τδννΚύριον

2055 3828 2211 3901 ἡμῶν
2251 3826 2455 3903 ’ῐωῦν
2485 3824 2738 3897 Χριστὸν,
2772 3826 2841 3878 τὰ
2865 3827 3056 3897 ἐκείνῳ
3079 3825 3337 3879 δοκοῦντα
3380 3829 3650 3895 ἐκφάναι,

2055 3920 2147 3973 καὶ
2178 3917 2338 3989 νόμον
2364 3916 2577 3970 αἰώνιον
2609 3914 2811 3979 δοῦναι,
2845 3916 2929 3967 ἵνα
2967 3916 3329 3983 φυλάσσοντες
3353 3917 3521 3968 αὐτὸν
3553 3916 3656 3970 διὰ

2055 4011 2270 4073 παντὸς,
2306 4010 2397 4063 καὶ
2430 4006 2815 4078 βαπτισθέντες
2856 4008 2935 4068 εἰς
2970 4007 3161 4073 ἄφεσιν
3194 4006 3503 4077 ἁμαρτιῶν,
3540 4008 3654 4076 τῆς

2054 4103 2270 4157 αἰωνίου
2288 4102 2433 4170 ζωῆς
2462 4098 2903 4166 καταξιωθῶμεν.
2925 4099 3264 4151 Σπουδάσατε
3288 4098 3343 4150 δὲ
3369 4098 3651 4169 πρότερον

2054 4191 2379 4246 ἐκδύσασθαι
2424 4190 2485 4242 τὸ
2523 4188 2761 4260 ῥυπαρὸν
2795 4186 2947 4257 ὑμῶν
2996 4188 3199 4257 ἔνδυμα
3223 4188 3321 4257 τῆς
3350 4187 3643 4252 ἀπιστίας,

2053 4287 2189 4357 ὅπερ
2214 4284 2313 4336 ούκ
2329 4282 2501 4344 ἄλλως
2530 4279 2898 4333 ἀποδύσασθαι
2918 4278 3166 4341 δύνασθε,
3188 4280 3237 4331 εἰ
3265 4280 3338 4349 μὴ
3366 4280 3649 4351 πρότερον

2055 4380 2145 4430 ἐπὶ
2190 4376 2382 4436 καλαῖς
2431 4372 2661 4443 πράξεσι
2713 4370 3059 4439 βαπτισθῆτε·
3092 4371 3186 4421 καὶ
3225 4368 3367 4421 οῦτω
3401 4370 3647 4441 καθαροὶ

2057 4466 2267 4537 σώματι
2300 4464 2393 4518 καὶ
2418 4464 2560 4533 ψυχῇ
2596 4462 2896 4531 γενόμενοι,
2930 4462 3027 4532 τῆς
3047 4461 3309 4532 ἐσομένης
3342 4461 3512 4513 ἀῖδίου
3542 4462 3646 4532 βα-

2057 4557 2257 4618 σιλείας
2305 4553 2656 4607 ἀπολαύσετε.
2705 4552 2854 4621 Μήτε
2899 4546 2994 4603 οῦν
3049 4549 3287 4612 είδώλοις
3322 4550 3639 4613 πιστεύετε,

2058 4650 2192 4719 μήτε
2236 4644 2515 4717 τραπέζης
2557 4642 2734 4695 αὐτῶν
2782 4644 3086 4695 κοινωνεῖτε
3113 4642 3202 4673 ³⁵⁸·
3238 4642 3311 4712 μὴ
3352 4641 3639 4710 φονεύετε,

2058 4742 2131 4811 μὴ
2163 4738 2460 4810 μοιχεύετε,
2508 4735 2579 4805 μὴ
2617 4739 2820 4805 μισεῖτε
2854 4734 3132 4805 ἀλλήλους,
3172 4734 3306 4804 μηδὲ
3344 4732 3637 4799 κλέπτετε,

2060 4833 2192 4903 μηδὲ
2216 4832 2410 4892 κακαῖς
2441 4845 2548 4881 τισι
2580 4827 2837 4896 πράξεσιν
2870 4826 3006 4889 ὅλως
3029 4821 3378 4897 ἐπιχειρεῖτε.

2128 4919 2287 4974 LXV.
2316 4917 2501 4972 Ταῦτα
2522 4917 2764 4978 εἰπόντος
2792 4914 2981 4976 αὑτοῦ,
3012 4914 3106 4967 καὶ
3139 4913 3244 4966 ἀπὸ
3265 4914 3373 4966 τῶν
3397 4913 3641 4983 Γραφῶν

2056 5011 2226 5067 πολλὰ
2271 5007 2711 5079 παραινέσαντος,
2737 5007 2786 5058 οἱ
2820 5006 3019 5069 πάντες
3073 5005 3429 5077 παρέμειναν,
3452 5006 3500 5056 οἱ
3534 5006 3640 5075 μὲν

2054 5101 2147 5155 τοῦ
2172 5098 2566 5171 θεραπευθῆναι
2593 5097 2771 5167 χάριν,
2794 5096 2841 5147 οἱ
2867 5096 2923 5147 δὲ
2954 5094 3049 5147 τοῦ
3081 5095 3362 5165 ἱστορῆσαι
3384 5097 3511 5157 τοὺς
3531 5096 3642 5165 τῆς

2058 5193 2349 5263 θεραπείας
2375 5187 2746 5257 ἐπιτυχόντας.
2792 5187 2847 5238 ’0
2872 5186 2928 5238 δὲ
2953 5187 3159 5257 Πέτρος
3178 5186 3276 5249 τὰς
3312 5190 3500 5257 χεῖρας
3532 5188 3641 5239 αὑ-

2057 5283 2168 5347 τοῖς
2204 5282 2410 5345 ἐπιθεὶς
2467 5280 2643 5351 μόνον,
2672 5279 2763 5330 καὶ
2808 5276 3266 5348 προσευξάμενος,
3311 5278 3409 5348 τὴν
3452 5278 3646 5333 ἁπαλ-

1654 5409 1884 5465 VARUS
1922 5403 2325 5465 LECTIONES.

458 5573 505 5605 ”
534 5574 602 5626 al.
642 5573 743 5628 ὅτι.
819 5575 865 5609 ³⁵
894 5572 1004 5627 Καὶ
1054 5570 1383 5637 θαηῖἀσσης,

392 5651 489 5697 tes.
525 5644 657 5698 (lor.
734 5644 780 5677 ”
799 5643 984 5697 Matth.
1027 5660 1141 5705 vni,
1178 5642 1273 5706 II;
1315 5639 1443 5693 Luc.
1480 5657 1596 5700 xm.
1633 5640 1720 5694 29.
1798 5643 1842 5674 ⁸⁸
1874 5643 2059 5699 Matth.
2094 5660 2183 5705 xx,
2225 5644 2306 5695 16.

1862 5715 1905 5745 ’9
1950 5704 2230 5778 ClemenL,
2256 5712 2401 5765 IlOlll.
2436 5724 2554 5771 vni,
2587 5724 2704 5774 cap.
2737 5707 2824 5758 ‘25.
2910 5705 2974 5736 ¹⁰⁰
2998 5705 3068 5759 al.
3107 5704 3275 5759 ins-:r.
3313 5706 3541 5774 μιαρᾶς.

396 5728 532 5775 ",0.
564 5713 614 5777 7,
633 5723 735 5769 etc.
813 5715 856 5747 ’⁸
887 5715 957 5768 al.
984 5713 1191 5766 πολλῶν
1233 5711 1499 5765 παθῶνὲκ
1528 5710 1746 5764 πολλῶν.

1432 5585 1531 5639 pro
1578 5572 1670 5623 καὶ
1711 5570 1882 5623 νότου.
1919 5572 2050 5629 an.
2086 5590 2184 5627 xm
2211 5611 2224 5635 ,
2256 5572 2325 5625 29
2347 5612 2360 5636 ,
2396 5584 2457 5622 ex
2514 5567 2709 5639 psalm.
2742 5578 2850 5639 cvi,
2884 5567 2937 5629 5,
2990 5563 3079 5616 ubi
3110 5562 3329 5639 videndi
3360 5563 3642 5639 Interpre-

2406 5640 2450 5671 ⁹⁷
2497 5626 2768 5695 Clement.,
2791 5626 2933 5687 IIOIII.
2964 5650 3080 5696 vm,
3103 5649 3152 5685 c.
3180 5634 3235 5694 8,
3267 5645 3372 5687 etc.
3408 5626 3559 5697 Red,
3598 5637 3638 5690 I.
