3834 6220
158 342 265 398 517

973 343 1433 401 CLEMENTINA.
1470 375 1543 384 —
1576 343 1875 402 ΕΡῘΤΟΜΕ
1914 346 2002 401 DE
2034 344 2277 402 GESTIS
2316 346 2375 401 S.
2415 344 2636 400 PETRI.

3312 343 3413 399 5l8

153 455 331 529 λαγὴν
375 459 589 531 ἑκάστῳ
622 461 717 514 τοῦ
764 461 967 527 πάθους
1005 463 1323 535 παρέσχετο·
1357 464 1435 529 ὡς
1471 465 1600 529 τοὺς
1640 464 1734 536 μὲν

1844 464 2073 535 pmbuit
2106 482 2119 519 :
2152 464 2291 519 adeo
2337 474 2399 519 ut
2440 463 2535 534 qui
2580 462 2763 518 subito
2796 461 2971 517 curati
3000 459 3236 527 fuerant,
3265 477 3418 515 sum-

152 550 503 622 παραχρῆμα
560 551 997 624 θεραπευθέντας
1032 551 1048 586 ί
1088 554 1509 626 ὑπερθαυμάσαι
1544 573 1605 609 τε
1645 556 1739 609 καὶ

150 635 315 702 δόξαν
338 637 479 710 ὑπὲρ
490 638 680 694 τούτου
697 645 1086 713 προσενεγκεῖν
1108 642 1187 714 τῷ
1215 643 1352 714 Θεῷ.
1382 644 1625 709 Βεϐαίως
1645 640 1739 699 οὖν

151 727 548 794 πιστεύσαντες
571 730 687 802 ἅμα
704 734 816 796 τοῖς
837 731 1273 805 θεραπευθεῖσιν,
1294 733 1391 790 ἐπὶ
1409 735 1479 789 τὰ
1496 736 1702 790 ἑαυτῶν
1717 738 1737 768 ³

148 818 408 889 ἀπῄεσαν
441 820 598 875 τοῦτο
650 821 906 889 λαὸόντες
945 825 1184 898 ἐντολὴν,
1216 824 1359 880 ὥστε
1380 827 1739 900 πρωῖαίτερον

153 911 456 967 συνελθεῖν.
1266 916 1303 924 ⁴“

227 1001 418 1057 LXVI.
452 1004 531 1076 Τῇ
551 999 645 1059 οὖν
666 1005 895 1079 ἐπιούσῃ
921 1008 950 1060 6
971 1007 1175 1080 Πέτρος
1204 1008 1321 1080 ἅμα
1350 1012 1463 1074 τοίς
1494 1010 1740 1065 συνοῦσιν

149 1093 395 1164 ἑταίροις
444 1094 622 1163 ἐξιὼν,
668 1099 762 1152 καὶ
803 1098 896 1151 ἐπὶ
926 1097 1015 1152 τὸν
1039 1100 1205 1155 τόπον
1238 1101 1399 1156 πάλιν
1441 1098 1630 1155 ἐλθών·
1682 1103 1739 1157 '0

148 1184 307 1249 Θεὸς,
360 1185 513 1256 ἔλεγε
568 1188 703 1260 πρὸς
745 1189 962 1253 αὐτοὺς,
1014 1192 1192 1245 πάντα
1219 1191 1461 1247 δύναται.
1506 1194 1741 1259 Ἐκεῖνος

148 1277 261 1347 γάρ
299 1280 449 1332 ἐστιν
476 1280 678 1349 ἀγαθὸς
719 1282 812 1336 καὶ
838 1282 1065 1347 δίκαιος,
1102 1286 1198 1339 καὶ
1228 1282 1323 1339 νῦν
1355 1285 1447 1339 ἐπὶ
1482 1289 1613 1340 πᾶσι
1639 1305 1741 1358 μα-

147 1368 467 1440 κροθυμῶν,
497 1372 582 1425 ἵνα
613 1374 661 1426 οἱ
693 1373 1002 1444 βουλόμενοι
1032 1377 1118 1445 ἐφ’
1150 1373 1233 1440 οἷς
1263 1377 1505 1445 ἔπραξαν
1552 1381 1742 1442 κακοῖς

150 1462 651 1533 μεταμεληθέντες,
673 1467 766 1519 καὶ
788 1467 1001 1522 κατὰτὸ
1018 1466 1248 1539 ἀρέσκον
1260 1468 1410 1539 αὐτῴ
1428 1467 1738 1539 βιῶσαντες,

144 1551 409 1624 ὲνήμέρᾳ
433 1549 736 1628 ᾖτάπάντα
758 1558 999 1628 κρίνεται
1014 1558 1126 1630 [ἵσ.
1149 1558 1460 1631 κρινεῖταιῙ,
1486 1560 1594 1613 τῶν
1617 1561 1740 1614 κατ’

143 1642 311 1707 ἀξίαν
345 1644 578 1710 ἕκαστος
618 1647 918 1722 ἀπολαύσῃ.
950 1650 1042 1722 Διὸ
1081 1650 1175 1703 νῦν
1220 1649 1455 1722 ἀρξασθε
1491 1649 1742 1720 γνώσεως

142 1734 384 1807 ἀγαθῆς,
428 1736 547 1809 Θεῷ
585 1720 915 1811 πειθόμενοι,
961 1720 1274 1810 ἀντιλέγειν
1316 1744 1440 1805 ταῖς
1480 1742 1688 1796 ἐαυτῶν
1716 1743 1739 1774 ⁸

140 1805 376 1892 ἀτόποις
424 1805 768 1901 ἐπιθυμίαις,
836 1830 924 1885 ἵνα
982 1805 1247 1903 δυνηθήτε
1304 1831 1738 1885 ἀνακαλέσασθαι
1770 1805 1812 1861 Β

140 1917 248 1989 τὴν
301 1917 527 1989 πρώτην
696 1920 1070 1993 ἀνθρωπότητι
1148 1921 1472 1991 νεμηθεῖσαν
1552 1922 1733 1992 χάριν.

145 2004 314 2059 υῦτω
370 2006 481 2078 γὰρ
504 2004 643 2080 ύμῖν
675 2010 905 2083 ἐξαυτῆς
933 2010 1179 2065 ἀνατελεῖ
1205 2011 1274 2065 τά
1305 2010 1502 2081 ἀγαθά·
1530 2011 1624 2065 καὶ⁷
1655 2010 1735 2082 τῷ

142 2097 449 2152 δεδωκότι⁸
480 2100 937 2174 ειῖδχαρισσιῖήσετε⁷
984 2104 1064 2167 εἰς
1113 2103 1201 2157 ἀεὶ
1251 2103 1360 2157 τῶν
1409 2102 1735 2175 ἀπορρήτων

141 2189 517 2255 ἀπολαύοντες
571 2190 825 2262 ἀγαθῶν.
874 2193 1305 2267 άπολουσάμενοι
1359 2197 1425 2267 τῇ
1490 2195 1735 2267 μακαρίᾳ

140 2281 248 2353 τῆς
282 2282 514 2354 Τριάδος
545 2282 828 2356 ἐπικλήσει
862 2285 1145 2358 πρότερον,
1177 2285 1231 2340 εῖ
1263 2302 1347 2350 τις
1371 2286 1545 2356 κηλὶς,
1575 2285 1631 2339 εί
1649 2303 1735 2350 τις

144 2372 343 2437 σπῖλος
375 2375 496 2437 ταῖς
523 2371 815 2446 ὑμετέραις
834 2373 1153 2440 ἐπιπολάζει
1190 2375 1412 2447 ψυχαῖς.
1445 2374 1600 2430 Οὕτω
1624 2376 1731 2447 γάρ

140 2464 210 2517 οὐ
242 2463 405 2534 μόνον
446 2463 516 2517 τά
560 2464 996 2536 ἐνδομυχοῦντα⁸
1029 2466 1317 2538 πνεύματα
1345 2466 1474 2539 ύμῖν
1502 2466 1735 2520 ἀποδιῶ-

141 2557 237 2623 ξαι
272 2556 588 2628 δυνήσεσθε,
633 2557 769 2611 ἀλλά
806 2559 900 2612 καὶ
925 2558 996 2614 τά
1027 2559 1235 2633 ἑτέροις
1257 2558 1577 2630 ἐνοχλοῦντα
1613 2560 1731 2615 δαι-

146 2644 335 2721 μόνια,
383 2652 480 2706 σὺν
530 2650 644 2716 τοῖς
689 2652 869 2717 ἀλλοις
897 2653 1125 2709 πάθεσιν
1178 2653 1498 2709 ἀπελάσετε.
1546 2652 1730 2710 Ταῦτα

142 2739 345 2806 εἰπὼν,
371 2744 483 2805 τοῖς
506 2741 611 2796 ὑπό
637 2760 799 2798 τινων
843 2743 1030 2797 παθῶν
1074 2742 1423 2815 όχλουμένοις
1447 2742 1731 2798 ἐκέλευσεν

143 2829 306 2901 αὑτῷ
348 2836 651 2905 προσιέναις
694 2835 786 2888 καὶ
835 2836 1023 2906 χεῖρας
1073 2836 1255 2898 αὐτοῖς
1280 2833 1510 2899 ἐπιθεὶς,
1533 2834 1627 2888 κα)⁸
1652 2834 1732 2900 ἐξ

143 2924 323 2995 ἀυτῆς
370 2925 677 2996 ἰασάμενος,
724 2924 1085 2980 ἐνετείλατο¹⁶
1123 2925 1497 2997 ὀρθριαίτερον
1556 2926 1735 2979 συνελ-

146 3016 286 3070 θεῖν.

219 3107 433 3163 LXVII.
465 3110 617 3182 Τῇδέ
644 3110 801 3184 τρίτῃ
840 3111 1039 3187 ἡμέρᾳ⁴
1060 3110 1187 3182 περὶ
1215 3110 1411 3183 ὄρθρον
1437 3110 1673 3175 ἀναστὰς
1704 3113 1732 3164 6

142 3201 377 3273 Πέτρος,
406 3203 502 3256 καὶ
528 3202 986 3275 προσευξάμενος,
1003 3200 1294 3274 ἐκαθέσθη·
1323 3203 1469 3273 ἡμᾶς
1497 3201 1555 3256 δὲ
1585 3218 1732 3275 περι-

142 3293 568 3365 καθεζομένους,
628 3295 722 3349 καὶ
780 3295 862 3358 είς
914 3294 1075 3348 αὐτὸν
1131 3293 1491 3359 ἀτενίζοντας,
1547 3292 1738 3366 ὥσπερ

142 3386 384 3441 ἀκοῦσαί
433 3405 486 3440 τι
540 3385 914 3458 βουλομένους,
956 3386 1155 3451 συνεὶς,
1180 3386 1302 3457 ἔφη·
1349 3386 1462 3458 Πρὸ
1498 3388 1734 3451 πάντων,

145 3474 194 3533 ὦ
224 3479 395 3549 φίλοι,
425 3482 453 3533 6
477 3479 608 3534 Θεὸν
628 3479 804 3533 σέϐειν
826 3477 1167 3551 αἱρούμενος,
1185 3478 1379 3533 εἰδέναι
1410 3479 1630 3548 ὀφείλει,
1654 3480 1736 3532 ὅτι

147 3573 207 3625 ἐν
258 3572 439 3643 τρισὶν
481 3571 844 3626 ύποστάσεσιν
890 3565 1108 3635 οὖτοςίί
1150 3572 1491 3642 γνωρίζεται·
1524 3571 1637 3623 ἐστι
1679 3569 1737 3625 δὲ

149 3664 283 3719 ῐδιον
338 3663 504 3717 αὐτοῦ
549 3662 644 3716 καὶ
698 3660 992 3735 ἐξαίρετον,
1049 3661 1111 3715 τὸ
1162 3663 1381 3717 πάντων
1424 3664 1736 3735 κτισμάτων

146 3759 288 3812 εἶναι
327 3753 660 3828 δημιουργὸς
684 3755 748 3820 ¹³,
790 3753 968 3808 πάντα
1008 3752 1298 3827 περιέχων,
1328 3753 1505 3808 πάντα
1550 3771 1608 3809 τε
1637 3773 1735 3809 πε-

148 3848 435 3923 ριορίζων,
455 3847 530 3911 ὡς
552 3846 695 3923 ὑπὲρ
740 3847 917 3901 πάντα
943 3845 1038 3909 ῶν,
1069 3847 1163 3899 καὶ
1191 3846 1367 3899 πάντα
1398 3846 1735 3919 δημιουργή-

149 3917 267 4004 σας..
288 3939 472 3993 Ταῦτα
494 3917 683 4002 εἱπιῗν,
704 3940 795 3992 καὶ
822 3936 991 3991 πολλά
1018 3938 1146 4009 περὶ
1172 3937 1478 4003 θεοσεϐείας
1497 3917 1732 4006 διδάξας,

147 4032 406 4087 ἐκέλευσε
435 4034 560 4095 τοὺς
585 4031 973 4101 δαιμονῶντας,
992 4029 1087 4083 καὶ
1110 4029 1285 4093 νόσοις
1308 4031 1417 4083 τισὶ
1440 4031 1734 4101 κατειλημ-

151 4125 353 4196 μένους
405 4124 554 4194 αὺτῷ
609 4121 1033 4195 προσφέρεσθαι·
1080 4121 1482 4193 προσενεχθεῖσι
1535 4122 1590 4175 δὲ
1636 4122 1735 4186 τάς

149 4218 343 4289 χεῖρας
384 4215 615 4281 ἐπιθεὶς,
642 4217 735 4269 καὶ
764 4212 1221 4287 προσευξάμενος,
1263 4213 1530 4267 ἀπέλυσεν
1558 4214 1735 4284 ὑγιαί-

149 4324 363 4371 νοντας.

224 4398 461 4457 LXVIII.
486 4400 565 4471 Τῇ
592 4396 647 4452 δέ
672 4396 902 4470 ἐπιούσῃ
925 4396 1083 4450 πάλιν
1102 4396 1285 4469 ἡμέρᾳ
1308 4396 1614 4459 διαναστάς,
1639 4398 1732 4452 καὶ

1838 571 2062 626 mopere
2109 556 2463 621 mirarentur,
2496 554 2770 624 simulque
2799 553 3027 623 gloriam
3066 552 3177 608 Deo
3210 568 3309 622 pro
3351 569 3416 608 ea

1840 664 1898 703 re
1928 648 2203 703 oﬂerrent.
2235 648 2374 701 Cum
2430 659 2561 716 ergo
2615 644 2844 700 ﬁrmiter
2893 643 3271 706 credidissent,
3306 658 3418 698 una

1838 755 1963 796 cum
2016 739 2082 795 iis
2128 739 2222 809 qui
2285 738 2462 793 sanati
2506 736 2760 803 fuerant,
2795 736 2863 791 ad
2891 751 2990 791 sua
3020 736 3307 798 abierunt,
3356 734 3415 789 in

1840 831 2114 887 mandatis
2142 831 2491 901 accipientes,
2523 838 2584 883 ut
2611 828 2885 882 maturius
2917 826 3295 882 convenirent.

1912 1011 2095 1067 LXVI.
2132 1010 2391 1083 Sequenti
2415 1027 2548 1082 ergo
2575 1011 2666 1066 die
2691 1007 2885 1066 Petrus
2914 1026 3022 1064 una
3047 1024 3171 1065 cum
3211 1009 3416 1064 sodali-

1838 1104 1944 1159 bus
1980 1104 2226 1174 quicum
2259 1118 2325 1158 eo
2361 1114 2519 1158 erant.
2544 1116 2820 1172 egressus,
2862 1115 3163 1169 rursusque
3190 1098 3256 1153 ad
3285 1114 3412 1153 eum

1840 1195 2021 1249 locum
2059 1194 2303 1258 veniens,
2336 1193 2475 1246 dixit
2503 1194 2568 1247 ad
2608 1208 2743 1249 eos:
2777 1194 2919 1248 Deus
2960 1192 3144 1248 omnia
3179 1190 3411 1260 potest’.

1839 1285 1890 1341 ls
1941 1285 2087 1340 enim
2132 1295 2215 1338 est
2243 1284 2419 1338 bonus
2458 1299 2523 1338 ac
2566 1283 2768 1352 justus,
2802 1296 3056 1351 nuncque
3090 1281 3144 1333 in
3185 1285 3413 1334 cunctos

1840 1378 2081 1449 patiens:
2115 1386 2177 1431 ut
2204 1378 2296 1447 qui
2327 1376 2626 1439 voluerint,
2665 1374 2987 1444 paenitentia
3011 1374 3077 1427 de
3111 1371 3271 1427 malis
3297 1386 3327 1425 a
3354 1385 3415 1426 se

1838 1469 2153 1526 commissis
2186 1478 2328 1531 acta,
2356 1477 2410 1522 et
2450 1468 2560 1522 vita
2588 1467 2890 1522 secundum
2922 1466 2974 1520 id
2996 1464 3141 1534 quod
3165 1464 3213 1518 ei
3239 1464 3416 1532 placet

1840 1575 2137 1630 transacta,
2178 1563 2380 1634 singuli
2425 1565 2481 1617 itt
2531 1563 2620 1617 die
2658 1575 2769 1632 quo
2800 1560 3055 1615 universa
3083 1558 3416 1628 judicabuna

1839 1672 1949 1727 tur,
1974 1675 2074 1730 pro
2107 1659 2302 1714 merito
2327 1656 2650 1728 percipiant.
2681 1656 2703 1688 ⁸
2730 1655 3075 1724 Quapropter
3098 1666 3245 1706 nunc
3268 1650 3376 1704 inci
3399 1677 3414 1691 -

1842 1756 1969 1824 pite,
2004 1754 2145 1807 bona
2172 1750 2506 1821 cognitione,
2537 1765 2566 1803 a
2593 1748 2703 1802 Deo
2744 1746 3016 1819 persuasi,
3049 1743 3245 1799 vestris
3278 1742 3416 1797 resi-

1840 1854 1983 1901 stere
2024 1844 2280 1899 absurdis
2304 1840 2731 1911 cupiditatibus;
2757 1853 2867 1908 quo
2892 1837 3116 1907 possitis
3158 1834 3414 1905 primam,

1836 1953 1960 2008 quae
1990 1938 2233 1992 humano
2262 1934 2449 2006 generi
2483 1933 2689 1988 tributa
2719 1932 2841 1997 fuit,
2875 1930 3104 2000 gratiam
3126 1938 3412 1982 revocare.

1838 2029 1930 2086 Sic
1962 2030 2109 2084 enim
2162 2028 2316 2084 vobis
2361 2027 2626 2082 continuo
2674 2024 2920 2079 orientur
2952 2024 3124 2088 bona;
3156 2027 3209 2075 et
3238 2021 3288 2075 ei
3320 2019 3415 2089 qtti

1835 2122 1985 2178 dedit
2021 2121 2192 2192 agetis
2224 2120 2426 2192 gratias
2453 2127 2734 2189 perpetuo,
2764 2114 3059 2170 ineli'abilia
3100 2113 3244 2167 bona
3281 2126 3416 2181 pos-

1834 2216 2100 2281 sidentes;
2138 2214 2307 2269 abluti
2354 2213 2508 2283 prius
2554 2213 2609 2265 in
2647 2211 2803 2265 beata
2854 2206 3140 2261 Trinitatis
3193 2206 3415 2259 invoca-

1836 2310 2002 2375 tione,
2037 2307 2080 2364 si
2109 2307 2234 2378 quis
2264 2321 2472 2371 nsevus,
2510 2304 2554 2358 si
2603 2318 2724 2373 quae
2765 2301 2981 2357 macula
3040 2300 3093 2353 in
3124 2297 3414 2353 animabus

1833 2400 2030 2455 vestris
2073 2408 2268 2453 exstet.
2318 2396 2395 2451 lla
2444 2409 2702 2464 namque,
2737 2408 2846 2447 non
2901 2391 3082 2446 solum
3132 2379 3415 2442 latitantes

1834 2494 1888 2548 in
1934 2494 2091 2549 vobis
2130 2491 2364 2562 Spiritus
2394 2488 2666 2558 expellere
2703 2487 2970 2557 poteritis,
3002 2484 3092 2539 sed
3138 2492 3191 2537 et
3211 2483 3415 2537 daemoa

1834 2587 1925 2641 nia
1948 2586 2086 2641 alios
2112 2582 2427 2639 infestantia
2455 2581 2946 2651 perpessionesque
2970 2578 3107 2632 alias
3128 2573 3411 2646 abigetis’.

1833 2680 1964 2746 Quae
1994 2684 2283 2749 postquam
2316 2673 2546 2730 dixisset
2573 2716 2588 2740 ,
2620 2688 2715 2728 eos
2747 2673 2842 2742 qui
2890 2670 3167 2740 aliquibus
3194 2665 3416 2735 aegritu‘

1833 2769 2059 2823 diuibus
2088 2766 2432 2821 vexabantur
2461 2764 2527 2818 ad
2557 2778 2616 2818 se
2637 2761 2807 2831 jussit
2843 2760 3104 2814 accedere
3136 2775 3150 2810 :
3186 2752 3416 2822 imposi-

1833 2860 2013 2928 tisque
2065 2857 2322 2911 manibus
2371 2869 2538 2922 super
2602 2867 2721 2911 eos,
2765 2865 2889 2905 cum
2956 2849 3080 2903 illos
3126 2844 3416 2901 confestim

1833 2957 2101 3011 sanasset,
2131 2947 2386 3017 prmeepit
2408 2955 2466 3001 ut
2488 2943 2682 3015 majori
2714 2956 2872 2996 mane
2901 2939 3276 2997 convenirent.

1912 3105 2119 3161 LXVII.
2173 3104 2359 3160 Tertio
2413 3111 2593 3158 autem
2646 3101 2755 3169 die,
2787 3099 2982 3155 Petrus
3004 3098 3248 3154 diluculo
3293 3113 3417 3153 sura

1844 3202 2006 3263 rexit,
2039 3199 2291 3268 factaque
2331 3212 2493 3267 prece
2538 3193 2680 3250 sedit
2711 3211 2724 3247 :
2762 3200 2819 3247 et
2848 3191 3291 3246 auimadvertens
3316 3204 3418 3243 nos

1838 3293 2261 3355 circumsedere,
2283 3287 2566 3357 oculisque
2585 3284 2809 3339 intentis
2832 3297 2954 3336 eum
2982 3281 3418 3351 aspicere,quasi

1838 3384 2043 3454 aliquid
2097 3382 2287 3437 audire
2332 3378 2637 3448 cupientes,
2676 3375 2910 3429 dixit“:
2945 3373 3086 3428 Ante
3133 3373 3339 3439 omnia,
3381 3386 3416 3426 0

1838 3473 2023 3537 amici,
2058 3472 2105 3529 is
2156 3470 2251 3541 qui
2304 3468 2473 3523 Deum
2508 3466 2689 3521 colere
2718 3465 2856 3529 vult,
2890 3462 3031 3518 scire
3054 3462 3235 3526 debet,
3267 3458 3416 3530 quod

1838 3565 1928 3618 ille
1970 3564 2023 3617 in
2070 3561 2247 3616 tribus
2292 3558 2545 3629 personis
2572 3555 2960 3625 cognoscitur;
2994 3552 3277 3621 proprium
3312 3565 3415 3604 aue

1838 3666 1945 3711 tem
1972 3655 2121 3709 illius
2147 3668 2211 3707 ac
2246 3650 2581 3722 praecipuum
2614 3655 2718 3710 est,
2753 3645 2999 3701 omnium
3036 3652 3415 3698 creaturarum

1837 3762 1958 3803 esse
2007 3744 2280 3815 opificem,
2309 3741 2495 3796 omnia
2539 3739 2839 3804 continere,
2879 3735 3175 3805 omniaque
3226 3734 3416 3788 termi—

1836 3849 1989 3895 nare,
2018 3842 2079 3887 ut
2121 3831 2215 3902 qui
2272 3845 2437 3900 super
2465 3828 2647 3883 omnia
2693 3827 2785 3888 sit,
2819 3834 3128 3895 cunctaque
3152 3824 3411 3879 effecerit.

1836 3925 1934 3981 His
1978 3924 2159 3988 dictis,
2185 3921 2489 3989 multisque
2515 3920 2580 3973 de
2616 3919 2817 3988 pietate
2868 3932 2996 3986 erga
3043 3913 3213 3970 Deum
3249 3929 3417 3985 expo-

1837 4016 2050 4083 sitis“,
2087 4015 2255 4087 jussit
2288 4013 2676 4074 daamoniacos,
2709 4020 2763 4065 et
2798 4010 3005 4064 morbis
3031 4017 3324 4078 occupatos
3347 4009 3414 4062 ad

1835 4126 1893 4167 se
1921 4108 2115 4164 adduci
2164 4126 2177 4161 :
2221 4106 2421 4176 quibus
2477 4104 2715 4164 oblatis,
2753 4116 2950 4156 manus
3004 4100 3316 4170 imponens,
3351 4112 3416 4153 ac

1835 4211 2110 4273 precatus,
2145 4198 2450 4253 incolumes
2480 4193 2709 4249 dimisit.

1906 4377 2141 4436 LXVIII.
2206 4376 2446 4431 Rursum
2505 4383 2685 4430 autem
2755 4373 3005 4442 sequenti
3065 4372 3153 4427 die
3218 4388 3408 4428 exsur-

152 4465 617 4563 προσευξάμενος,
662 4486 781 4543 εἶτα
815 4465 907 4543 καί
936 4493 1031 4545 σὺν
1057 4465 1189 4560 ἡμῖν
1218 4465 1520 4552 καθεσθεὶς,
1554 4486 1730 4558 λέγειν

1842 4490 1988 4546 gens,
2045 4482 2099 4527 et
2145 4478 2547 4540 comprecatus,
2586 4482 2711 4521 cum
2767 4466 2965 4519 deinde
3002 4465 3290 4521 nobiscum
3322 4480 3411 4519 se-

149 4584 357 4656 ήρξατο
398 4582 590 4646 οὕτως·
639 4579 742 4634 Τὸν
776 4580 1038 4651 μέλλοντα
1066 4580 1343 4654 προσιέναι
1371 4580 1448 4650 τῷ
1480 4580 1597 4651 Θεῷ
1625 4583 1730 4653 χρὴ

150 4681 366 4751 νήφειν,
402 4676 509 4746 χρὴ
559 4675 874 4745 σωφρονεῖν,
911 4674 1079 4746 ὀργῆς
1104 4672 1343 4744 κρατεῖν,
1374 4669 1628 4743 ἀλλότρια
1658 4672 1731 4743 μὴ

151 4766 523 4839 νοσφίζεσθαι.
581 4765 801 4829 δικαίως
860 4764 1029 4835 βιοῦν,
1086 4762 1382 4829 ἐπιεικῶς,
1433 4762 1732 4827 εὐσταθῶς,

156 4863 379 4933 πράως·
421 4857 668 4922 κολάζειν
721 4852 976 4909 ἐαυτὸνίε
1025 4854 1084 4907 ἐν
1134 4854 1254 4917 ταῖς
1308 4852 1555 4916 ἐνδείαις,
1589 4850 1621 4924 ἢ
1658 4852 1733 4925 μὴ

152 4954 346 5023 ἔχοντα
379 4949 565 5021 ἐτέρου
598 4946 924 5017 ἀφελόμενον
950 4943 1295 5015 κορεσθῆναι·
1329 4940 1564 5013 καθαρὸν
1596 4937 1735 4994 εἷναι

151 5046 218 5115 τῇ
249 5040 466 5113 καρδίᾳ,
496 5039 590 5093 καὶ
616 5036 778 5106 ἀγνὸν
799 5034 878 5105 τῷ
908 5032 1141 5104 σώματι,
1172 5033 1265 5086 καί
1299 5031 1373 5103 μὴ
1416 5028 1732 5101 ὁμοιοῦσθαι

150 5134 265 5195 τοῖς
289 5127 622 5202 Φαρισαίοις,
650 5124 785 5199 πρὸς
824 5123 919 5187 οὓς
944 5124 972 5177 ὁ
1012 5122 1216 5194 Κύριος
1261 5120 1356 5175 καὶ
1404 5119 1536 5184 Θεὸς
1575 5120 1730 5192 ἡμῶν

166 5220 377 5293 Ἰησοῦς
404 5215 638 5289 Χριστὸς
662 5214 883 5285 ἔφησεν·
906 5208 1050 5266 Οὐαὶ
1082 5208 1246 5280 ὑμῖν,
1268 5205 1621 5278 γραμματεῖς
1634 5206 1735 5261 καὶ

1840 4561 2264 4630 disset,buncin
2284 4557 2508 4612 modum
2541 4556 2708 4626 coepit
2740 4554 2919 4625 loqui:
2947 4550 2990 4580 ”
3016 4553 3119 4621 Qui
3153 4555 3220 4608 ad
3242 4554 3410 4608 Deum

1840 4657 2097 4713 accedere
2149 4654 2444 4714 desiderat,
2479 4648 2696 4704 sobrius
2730 4662 2854 4702 esse
2897 4646 3076 4711 debet,
3109 4644 3271 4700 debet
3307 4646 3412 4700 sibi

1838 4759 2164 4819 temperare,
2186 4746 2324 4799 iram
2354 4751 2561 4802 tenere,
2590 4740 2769 4794 aliena
2792 4753 2900 4791 non
2934 4737 3217 4807 subripere
3237 4738 3414 4807 ;juste

1838 4843 2042 4905 vivere,
2064 4854 2188 4894 cum
2232 4838 2377 4892 bono
2422 4834 2567 4905 jure,
2603 4831 2918 4901 tranquille,
2964 4829 3193 4897 leniter;
3245 4845 3324 4897 se,
3357 4830 3410 4885 in

1839 4929 2135 5000 indigentia
2188 4926 2368 4996 potius
2422 4922 2700 4979 continere
2747 4934 2812 4974 ac
2866 4919 3197 4988 reprimere,
3244 4934 3410 4988 quam

1842 5037 1966 5077 cum
2036 5035 2144 5073 non
2206 5017 2423 5082 habeat,
2457 5014 2683 5069 alterius
2730 5011 2887 5067 bonis
2941 5011 3138 5067 ablatis
3168 5012 3409 5081 expleri;

1843 5113 2008 5168 corde
2034 5109 2272 5165 mundus
2295 5123 2437 5171 esse,
2466 5116 2517 5162 et
2546 5119 2717 5175 purus
2736 5117 2966 5172 corpore
2983 5104 3054 5168 ";
3081 5118 3181 5158 nec
3202 5103 3413 5158 assimi-

1839 5205 1940 5259 lari
2000 5200 2329 5266 Pharisaais,
2383 5199 2449 5254 ad
2479 5213 2619 5268 quos
2646 5194 2910 5251 Dominus
2958 5203 3008 5249 et
3048 5193 3191 5250 Deus
3223 5202 3411 5248 noster

1426 5337 1661 5393 VARUE
1698 5335 2101 5392 LECTIONES.

250 5455 266 5485 ¹
298 5452 372 5506 al.
411 5465 649 5521 pmpou.
681 5452 929 5517 γενέσθαι
980 5466 1034 5500 πε

140 5540 262 5595 cap.
291 5523 382 5578 l9.
446 5522 483 5595 _"
508 5520 654 5595 Περ..
688 5519 886 5595 I'tb._tv,
914 5534 1034 5595 cap.

142 5586 278 5650 Ctit.
356 5594 379 5625 ⁸
410 5593 482 5647 al.
510 5589 926 5660 év6opaxoﬁvya.
986 5586 1023 5621 7’
1056 5587 1330 5660 Cleme_n_r..,
1366 5586 1512 5660 hom.
1542 5603 1616 5660 ix,
1645 5603 1693 5660 ς.
1723 5587 1938 5660 ‘g3,_ctc.

734 5652 787 5715 9.
820 5658 963 5721 Rea,
992 5660 1026 5713 Ι.
1062 5675 1111 5724 v,
1139 5675 1186 5712 c.
1211 5657 1302 5711 2‘2.
1381 5658 1423 5689 ¹²
1464 5659 1525 5710 II.
1559 5658 1587 5710 6
1626 5652 1705 5719 εἷς
1739 5656 1877 5720 θεός.

143 5676 325 5726 ment.,
351 5665 503 5718 hom.
533 5679 587 5721 ι,
612 5677 661 5716 c.

411 5465 649 5521 pmpou.
681 5446 929 5521 γενέσθαι
980 5446 1328 5521 περιχαρεῖς,
1360 5445 1488 5521 τοὺς
1528 5443 1593 5521 δέ,
1634 5443 2047 5521 ἱστορήσαντας.

1089 5466 1103 5499 ι
1145 5464 1328 5518 αρεις,
1360 5464 1488 5509 τους
1528 5464 1585 5499 οε
1634 5464 2047 5516 ιστορησαντας.
2164 5464 2182 5474 ·
2216 5464 2241 5497 a

1226 5516 1247 5548 ³
1274 5514 1433 5571 Deest
1458 5515 1511 5570 iu
1545 5516 1615 5570 al.
1692 5517 1713 5547 ⁸
1740 5515 1809 5570 al.
1850 5515 2241 5586 εὐχαριστεῖτε.

2162 5443 2185 5474 ²
2216 5441 2286 5497 al.
2327 5439 2658 5512 ἐπανῄεσαν.
2774 5440 2796 5474 ³
2824 5440 3100 5506 Clamant,
3146 5439 3290 5497 hom.
3340 5457 3419 5509 ix,

2320 5515 2338 5544 ⁷
2370 5514 2829 5613 Ιξζῦιχαρὶστήισετε.
2862 5513 2934 5566 al.
2965 5513 3415 5613 ειὲχαριστιήσὶητε.

2016 5601 2120 5647 ec.,
2159 5585 2194 5636 Ι.
2222 5600 2275 5649 v,
2312 5599 2359 5639 c.
2394 5581 2482 5637 56.
2523 5581 2532 5583 “
2563 5583 2607 5613 ¹⁰
2641 5581 2711 5636 al.
2757 5582 2923 5637 inser.
2957 5581 3137 5636 πάλιν.
3218 5581 3258 5613 ¹¹
3291 5581 3413 5635 Cle-

1958 5656 2000 5687 ¹³
2029 5656 2099 5709 al.
2141 5655 2491 5726 δημιουργόν.
2571 5652 2914 5726 “Clamant”
2946 5653 3191 5726 ltom._x,
3232 5667 3281 5726 e_.
3321 5651 3418 5707 26.

145 5736 264 5791 Rcc.
308 5721 339 5788 i.
389 5751 441 5796 v,
478 5748 526 5786 c.
562 5732 648 5787 '56.
729 5721 1278 5791 ".Clementq'hom.
1325 5742 1403 5791 xt,
1448 5744 1499 5783 c.
1545 5728 1646 5792 15;
1679 5726 1793 5781 liec.
1844 5728 1875 5780 Ι.
1916 5744 1968 5792 v,
2012 5741 2060 5783 c.
2100 5721 2225 5782 '52."
2270 5727 2311 5757 ¹⁶
2346 5721 2422 5780 al.
2478 5724 2639 5779 inscr.
2692 5723 2908 5794 μᾶλλον.
2989 5724 3033 5765 ¹⁷
3086 5721 3205 5778 Hec.
3255 5723 3292 5777 Ι.
3338 5738 3418 5789 vs,

145 5823 191 5860 ρ.
221 5808 307 5871 i0,
335 5815 440 5861 etc.
471 5801 751 5868 Clement.,
775 5802 923 5855 bum.
964 5817 1036 5865 xI,
1063 5814 1182 5867 cap.
1215 5797 1305 5861 ‘29,
1330 5808 1436 5853 etc.
