3834 6220
417 302 526 362 819

1297 304 1354 360 8.
1395 302 1782 360 CLEMENTIS
1820 303 1985 359 ROM.
2028 303 2229 361 PONT.
2272 306 2501 363 OPERA
2539 308 2766 365 DUBIA.

3585 309 3727 365 520

413 420 574 479 Jesns
611 423 863 479 Christus
888 422 1024 481 dixit
1053 443 1065 479 :
1092 425 1179 479 Va:
1206 430 1372 491 vobis,
1403 426 1604 482 Scriba:
1645 439 1692 482 et
1728 429 1994 483 Pharisai

2095 430 2402 497 Φαρισαῖοι
2455 432 2787 499 ὑποκριταί·
2846 432 2937 486 ὅτι
2993 429 3327 499 καθαρίζετε
3352 428 3476 482 τοῦ
3506 444 3731 494 ιστη-

414 516 735 586 hypocritw;
766 517 889 587 quia
924 520 1193 573 mundatis
1231 520 1414 573 colicis
1442 530 1489 572 et
1525 520 1824 588 parapsidis
1847 519 1986 589 quod

413 609 646 662 exterius
668 617 743 662 est
767 649 782 674 ,
812 610 954 662 intus
974 620 1147 664 autem
1171 627 1233 665 ea
1252 611 1406 680 plena
1427 620 1548 665 sunt
1566 611 1830 665 sordibus.
1857 611 1993 664 Plia-

416 702 570 752 τίπτε
590 699 954 764 οωεε,ηιιιηάα
978 702 1127 769 prius
1152 702 1334 754 colicis
1355 711 1404 755 et
1420 702 1719 771 paropsidis
1742 702 1985 767 interius,

416 798 476 841 ut
513 799 563 843 et
604 789 751 844 illius
787 791 1019 844 exterius
1045 793 1298 845 mundum
1326 792 1500 861 ﬁat“.
1537 791 1671 847 Vere
1700 794 1846 846 enim
1891 792 1987 861 qui

417 881 676 935 interiora
723 881 1057 951 purgaverit,
1086 884 1358 937 exteriora
1384 898 1602 954 quoque
1632 899 1864 955 purgare
1890 899 1989 954 po-

416 982 520 1028 test
549 991 562 1026 :
592 972 686 1043 qui
716 988 845 1027 vero
878 976 1149 1030 exteriora
1192 984 1420 1047 purgat,
1452 974 1519 1029 ad
1553 975 1835 1030 hominum
1868 976 1987 1029 lau-

412 1063 511 1119 des
558 1064 852 1134 aspiciens,
886 1065 939 1120 id
981 1066 1127 1138 agit;
1156 1067 1251 1122 sed
1278 1066 1419 1137 apud
1465 1064 1632 1120 Deum
1675 1067 1981 1123 mercedem

413 1172 522 1213 non
555 1158 737 1213 habet.

482 1246 671 1305 LXIX.
693 1249 735 1289 "
751 1247 847 1304 His
860 1248 1041 1314 dictis,
1065 1258 1119 1303 et
1142 1248 1267 1304 aliis
1280 1249 1528 1319 pluribus
1542 1252 1608 1306 de
1626 1252 1946 1307 castimonia
1968 1268 1984 1317 ;

409 1354 535 1393 eum
563 1338 676 1409 jam
702 1348 812 1393 tres
844 1355 1083 1405 menses,
1108 1341 1312 1409 quibus
1328 1342 1579 1411 jejunare
1601 1359 1688 1398 me
1716 1358 1987 1413 praecepe-

410 1443 517 1500 rat,
549 1434 803 1504 completi
858 1442 1075 1497 essent,
1110 1432 1319 1488 ducens
1368 1450 1453 1489 me
1498 1434 1566 1489 ad
1608 1432 1786 1489 fontes
1814 1433 1985 1487 maris

408 1526 622 1580 vicinos
680 1526 903 1594 perenni
936 1541 1078 1596 aqua
1102 1526 1421 1596 baptizavit,
1450 1526 1504 1580 in
1534 1526 1756 1581 nomine
1781 1524 1980 1593 Patris,

408 1626 464 1671 et
491 1615 634 1683 Filii,
664 1624 720 1671 et
748 1616 989 1685 Spiritus
1036 1617 1210 1672 sancti
1244 1635 1257 1670 :
1293 1632 1529 1686 cumque
1578 1632 1774 1687 panem
1828 1632 1985 1673 acce-

410 1708 600 1776 pisset,
658 1707 1048 1775 benedixisset,
1090 1723 1155 1763 ac
1218 1707 1498 1778 fregisset;
1555 1708 1984 1763 communicavit

2082 521 2221 587 plov
2250 520 2348 574 καί
2371 520 2481 590 τῆς
2507 522 2843 591 παροψίδος
2870 523 2935 576 τὸ
2956 522 3198 587 ἔξωθεν,
3221 521 3465 574 ἔσωθεν
3489 518 3567 572 δὲ
3590 517 3711 586 τέ-

2082 628 2181 680 μει
2226 613 2449 680 ῥύπου.
2496 614 2777 681 Φαρισαῖε
2816 614 3029 683 τυφλέ,
3060 612 3387 679 καθάρισον
3440 609 3727 679 πρῶτον

2087 702 2193 756 τοῦ
2241 706 2528 773 ποτηρίου
2564 705 2663 760 καὶ
2701 705 2812 775 τῆς
2837 705 3173 775 παροψίδος
3199 703 3263 757 τὸ
3293 705 3560 765 ἔσωθεν,
3586 704 3726 755 ἵνα

2086 793 2326 863 γένηται
2353 795 2451 849 καί
2477 796 2545 849 τὸ
2586 796 2702 861 ἔξω
2736 796 2923 851 αὐτοῦ
2967 797 3243 863 καθαρόν.
3297 794 3551 864 Ἀληθῶς
3580 793 3727 866 γὰρ

2085 886 2115 937 ό
2151 883 2395 955 καθάρας
2428 884 2489 939 τὸ
2533 885 2661 950 ἐσω,
2697 887 2790 939 καὶ
2835 886 2898 939 τὺ
2936 885 3042 952 ἔξω
3089 885 3326 956 καθᾶραι
3364 882 3641 937 δύναταιο
3686 884 3728 935 ὁ

2085 974 2143 1028 δὲ
2167 975 2234 1029 τά
2258 976 2363 1042 ἔξω
2383 975 2681 1049 καθαίρων,
2698 977 2834 1050 πρὸς
2857 976 3157 1049 ἀνθρώπων
3182 976 3399 1029 ἔπαινον
3425 976 3721 1047 ἀφορῶν,

2084 1066 2246 1121 τοῦτο
2268 1070 2431 1132 ποιεῖ,
2464 1068 2615 1140 παρά
2640 1069 2697 1122 δέ
2721 1067 2801 1140 τῷ
2830 1067 2952 1139 Θεῷ
2984 1067 3172 1141 μισθὸν
3197 1068 3298 1121 οὐκ
3328 1067 3471 1138 ἔχει.

2160 1244 2347 1299 LXIX.
2375 1244 2556 1299 Ταῦτα
2591 1244 2760 1299 εἰπὼν
2787 1245 2884 1299 καί
2910 1244 3071 1316 ἔτερα
3105 1244 3324 1300 πλείονα
3357 1245 3495 1317 περὶ
3521 1246 3725 1314 ἅγνι-

2094 1336 2252 1407 σμοῦ,
2274 1336 2383 1389 τῶν
2399 1336 2565 1407 τριῶν
2580 1337 2680 1408 ἠδη
2706 1335 2891 1407 μηνῶν
2913 1336 3322 1408 πληρωθέντων,
3341 1328 3417 1389 ὧν
3445 1336 3727 1406 νηστεῦ-

2087 1428 2176 1481 σαί
2213 1446 2280 1499 με
2314 1427 2622 1491 ἐκέλευσεν,
2650 1426 2875 1496 ἀγαγών
2905 1444 2971 1497 με
3001 1428 3081 1490 είς
3106 1426 3203 1490 τὰς
3231 1428 3287 1480 ἐν
3313 1429 3381 1498 τῇ
3423 1426 3719 1499 θαλάσσῃ

2087 1520 2311 1592 πλησίον
2362 1520 2528 1583 οὔσας
2570 1520 2772 1589 πηγὰς,
2825 1518 2901 1582 ὡς
2952 1520 3033 1581 εἰς
3096 1519 3319 1572 ἀένναον
3371 1517 3717 1571 ἐϐάπτισεν

2086 1607 2251 1680 ὕδωρ,
2279 1612 2359 1674 είς
2380 1611 2443 1664 τὸ
2477 1610 2651 1681 ὄνομα
2685 1609 2780 1663 τοῦ
2809 1609 3022 1681 Πατρὸς
3046 1611 3139 1663 καὶ
3163 1608 3257 1663 τοῦ
3288 1609 3419 1662 Υίοῦ
3450 1611 3550 1663 καὶ
3584 1609 3713 1662 τοῦ

2092 1703 2254 1771 ἁγίου
2288 1703 2621 1773 Πνεύματοςο
2652 1701 2747 1755 καὶ
2775 1699 2954 1754 λαὸὼν
2978 1702 3139 1772 ἀρτον
3168 1701 3467 1773 εὐλογήσας
3483 1702 3556 1763 ’⁵,
3588 1702 3714 1754 καὶ

411 1812 513 1852 nos
574 1799 912 1855 intemeratis
950 1815 1015 1855 ac
1064 1800 1324 1854 vitalibus
1371 1801 1752 1855 sacramentis.
1802 1803 1980 1871 Atque

2093 1796 2318 1859 κλάσας,
2353 1795 2654 1865 μετέδωκεν
2679 1796 2811 1865 ἡμῖν
2830 1794 2937 1846 τῶν
2961 1793 3244 1865 ἀχράντων
3269 1794 3364 1846 καὶ
3389 1792 3711 1857 ζωοποιῶν

410 1888 484 1942 ita
514 1887 693 1943 feriati
714 1904 779 1944 ac
804 1890 910 1944 laeti
940 1888 1136 1945 fratres
1166 1890 1338 1945 nostri
1362 1906 1460 1960 pro
1485 1891 1621 1945 mihi
1651 1906 1682 1946 a
1710 1890 1821 1947 Deo
1846 1909 1980 1948 eon-

408 1997 563 2038 cessa
613 1984 851 2038 secunda
904 1983 1225 2048 nativitate,
1288 1983 1518 2053 gloriam
1572 1995 1626 2038 et
1677 1985 1977 2055 gratiarum

407 2072 679 2127 actionem
728 2071 840 2128 Deo
885 2073 1204 2129 detulimus.
1237 2072 1303 2129 Et
1335 2075 1504 2129 multa
1540 2074 1699 2130 turba
1752 2091 1980 2147 congre-

408 2172 564 2235 gata,
614 2162 809 2219 Petrus
871 2165 1115 2234 depulsis
1167 2166 1398 2232 morbis,
1452 2166 1863 2237 afﬂictionibus,
1914 2184 1980 2226 ac

406 2255 783 2326 daemonibus,
835 2273 937 2313 nec
987 2273 1095 2313 non
1135 2258 1422 2329 baptizatis
1457 2260 1852 2329 compluribus,
1885 2261 1977 2316 ubi

406 2346 717 2404 Maroonem
770 2349 1038 2419 hospitem
1092 2365 1276 2416 suum,
1318 2351 1431 2419 jam
1475 2352 1733 2406 omnibus
1780 2366 1976 2406 numa-

406 2440 483 2494 ris
525 2441 860 2508 absolutum,
913 2442 970 2497 in
1029 2442 1347 2513 episcopum
1390 2444 1791 2509 constituisset,
1841 2445 1979 2499 duo—

404 2532 579 2587 decim
624 2534 974 2605 presbyteros
1021 2534 1381 2605 designasset,
1418 2536 1679 2592 diaconos
1722 2536 1975 2603 fecisset;

402 2622 713 2679 collocutus
762 2640 887 2679 cum
942 2625 1206 2696 episc0po
1260 2627 1328 2680 de
1375 2629 1654 2682 communi
1714 2629 1859 2683 bono
1914 2645 1979 2684 ac

404 2713 655 2777 utilitate,
677 2716 852 2784 deque
873 2717 1248 2772 ecclesiastico
1267 2720 1459 2773 ordine
1483 2729 1648 2790 atque
1672 2730 1939 2776 concentu
1958 2761 1976 2789 ,

402 2804 523 2857 vale
565 2805 703 2858 dixit
758 2804 1115 2874 Tripolitanis
1170 2806 1482 2875 thniccs,
1528 2819 1584 2863 et
1640 2811 1742 2865 iter
1786 2827 1977 2868 versus

404 2898 752 2956 Antiochiam
783 2896 954 2968 Syriae
980 2897 1259 2965 ingressus
1293 2908 1397 2953 est.

2083 1887 2411 1958 μυστηρίων.
2440 1888 2550 1940 Καὶ
2571 1885 2744 1949 οὕτως
2770 1885 3140 1957 εὐωχηθέντες
3182 1887 3235 1939 οἱ
3268 1886 3493 1954 ἀδελφοὶ
3540 1889 3704 1956 ἡμῖν

2079 1980 2171 2031 ἐπὶ
2202 1981 2269 2050 τῇ
2309 1978 2625 2049 θεοδωρήτῳ
2654 1995 2757 2048 μου
2791 1978 3165 2047 ἀναγεννήσει,
3183 1975 3339 2043 δόξαν
3377 1977 3477 2031 καὶ
3503 1978 3687 2046 εὐχα-

2082 2071 2290 2144 ριστίαν
2333 2072 2752 2143 ἀποδεδώκαμεν
2772 2072 2815 2103 “
2844 2071 2922 2143 τῷ
2958 2071 3095 2142 Θεῷ.
3143 2070 3343 2125 Πολλοῦ
3402 2090 3465 2125 τε
3506 2072 3693 2143 ὄχλου

2081 2142 2570 2233 συναθροισθέντος,
2639 2142 2848 2227 νόσους,
2896 2142 3082 2234 πάθη,
3154 2162 3415 2233 δαίμονας
3463 2142 3690 2219 ἀπελά-

2081 2270 2179 2317 σας
2212 2257 2241 2308 ό
2282 2254 2515 2326 Πέτρος,
2579 2255 2672 2307 καὶ
2740 2253 3007 2324 βαπτίσας
3062 2253 3307 2318 πολλοὺς,
3363 2254 3687 2326 Μαροώνην

2076 2346 2168 2398 τὸν
2222 2345 2618 2416 ἀποδεξάμενον
2633 2347 2678 2377 ⁸⁸
2724 2346 2907 2409 αὑτὸν,
2964 2344 3064 2417 ἤδη
3130 2344 3310 2398 λοιπὸν
3387 2345 3601 2399 τέλειον
3624 2347 3680 2378 ³³

2078 2439 2206 2492 ὅντα
2240 2479 2254 2503 ,
2333 2439 2631 2492 ἐπίσκοπον
2717 2438 3098 2507 καταστήσας,
3182 2437 3277 2489 καὶ
3356 2436 3681 2508 πρεσϐυτέ-

2082 2548 2209 2603 ρους
2252 2529 2460 2584 δώδεκα
2534 2530 2743 2601 ὁρίσας,
2805 2530 2901 2583 καὶ
2943 2527 3220 2591 διακόνους
3278 2528 3481 2594 δείξας,
3530 2528 3686 2599 ὑπὲρ

2077 2641 2137 2677 τε
2175 2623 2268 2676 τοῦ
2303 2622 2480 2677 κοινοῦ
2513 2623 2605 2674 καὶ
2654 2621 3042 2692 συμφέροντος,
3067 2619 3160 2673 καὶ
3202 2620 3335 2690 περὶ
3372 2619 3477 2689 τῆς
3518 2620 3679 2673 κατὰ

2078 2716 2177 2788 τὴν
2226 2713 2561 2784 Ἐκκλησίαν
2618 2711 2824 2777 τάξεώς
2884 2728 2944 2764 τε
2995 2712 3092 2765 καὶ
3142 2711 3407 2783 ἁρμονίας
3467 2710 3683 2763 συλλα-

2079 2809 2249 2880 λήσας
2297 2806 2378 2878 τῷ
2435 2804 2738 2876 ἐπισκόπῳ,
2771 2806 2883 2867 τοῖς
2908 2804 2965 2856 ἐν
2991 2804 3245 2874 Τριπόλει
3278 2802 3381 2872 τῆς
3408 2803 3685 2873 Φοινίκης

2081 2897 2511 2967 ἀποταξάμενος,
2536 2898 2634 2967 τὴν
2666 2897 2761 2949 ἐπὶ
2804 2895 3140 2966 Ἀντιόχειαν
3176 2895 3277 2966 τῆς
3308 2895 3511 2966 Συρίας
3552 2895 3685 2947 ὁδὸν

2082 2989 2395 3063 ἐπορεύετο.

475 3097 638 3153 LXX.
663 3097 709 3129 "
728 3094 943 3166 Egressi
966 3110 1092 3149 vero
1109 3092 1369 3165 Tripolim
1384 3092 1697 3161 Phaaniciae,
1710 3102 1769 3149 ut
1783 3094 1977 3148 Antio—

2150 3100 2312 3157 LXX.
2331 3099 2618 3164 Ἐκϐάντες
2631 3103 2677 3136 ’⁸
2701 3098 2758 3152 δὲ
2783 3100 2883 3171 τὴν
2898 3099 3158 3171 Τρίπολιν
3181 3100 3281 3171 τῆς
3298 3099 3575 3171 Φοινίκης,
3595 3099 3687 3163 ὡς

403 3191 584 3248 chiam
633 3188 801 3261 Syriae
830 3188 1172 3251 veniremus;
1206 3200 1273 3241 eo
1323 3186 1409 3241 die
1444 3184 1717 3241 Orthosia!
1765 3185 1971 3241 mansi-

403 3300 529 3341 mus
563 3303 577 3339 :
614 3292 671 3338 et
698 3282 830 3353 quia
872 3288 958 3335 est
988 3294 1157 3350 prope
1186 3279 1376 3333 urbem
1412 3294 1444 3333 e
1474 3295 1580 3348 qua
1609 3279 1815 3348 egressi
1852 3278 1971 3333 fue-

403 3391 622 3442 ramus,
649 3388 775 3430 cum
824 3386 1016 3427 omnes
1064 3369 1178 3425 fere
1216 3370 1615 3440 praedicationis
1652 3369 1975 3440 evangelicae

404 3481 714 3524 sermonem
738 3464 893 3536 prius
917 3462 1288 3529 audivissent;
1316 3479 1482 3515 unum
1510 3463 1651 3515 diem
1688 3463 1797 3516 illic
1825 3477 1976 3515 com—

405 3560 624 3621 morati.
675 3557 1014 3612 Antaradum
1068 3556 1326 3610 abiimus.
1387 3555 1522 3608 Cum
1586 3563 1767 3607 autem
1819 3553 1974 3607 multi

403 3660 588 3707 essent
642 3650 925 3703 nobiscum
980 3647 1082 3700 iter
1128 3645 1410 3711 facientes,
1440 3644 1633 3699 Petrus
1660 3642 1902 3697 Nicetam
1925 3651 1979 3696 et

404 3742 659 3813 Aquilam
720 3741 995 3795 allocutus
1053 3747 1157 3801 est,
1203 3737 1391 3791 dicens
1450 3752 1464 3788 :
1530 3733 1976 3802 Quandoquidem

405 3850 603 3905 magna
648 3832 1028 3886 comitantium
1080 3829 1393 3893 multitudo,
1428 3842 1534 3881 non
1567 3840 1788 3895 parvam
1841 3824 1979 3877 invi-

404 3926 550 3981 diam
578 3924 737 3979 nobis
768 3938 862 3992 per
886 3922 1048 3976 urbes
1078 3919 1408 3974 intrantibus
1432 3917 1691 3983 attrahit;
1729 3930 1982 3970 necessa-

406 4020 491 4076 rio
537 4001 839 4073 curandum
871 4031 992 4071 esse
1035 4014 1297 4085 iudicavi,
1330 4021 1392 4065 ut
1428 4028 1603 4081 neque
1638 4010 1739 4079 ipsi
1773 4011 1979 4064 contri-

407 4120 644 4175 stentur,
677 4109 807 4163 dum
863 4106 1221 4177 prohibentur
1272 4119 1394 4159 esse
1446 4103 1771 4167 nobiscum;
1804 4116 1982 4171 neque

407 4218 530 4268 nos,
566 4202 694 4256 dum
751 4215 944 4254 sumus
992 4195 1335 4266 spectabiles,
1368 4194 1493 4249 aliis
1554 4194 1856 4248 eﬂieiamur
1881 4209 1981 4246 auo

409 4303 591 4348 ctores
650 4287 884 4343 invidiae.
954 4285 1224 4350 Quocirca
1279 4283 1405 4336 volo
1449 4292 1500 4337 te
1542 4281 1810 4344 Nicetam,
1877 4296 1983 4335 una

410 4400 536 4441 eum
567 4382 785 4453 Aquila,
819 4388 945 4433 ante
976 4391 1063 4431 me
1094 4376 1196 4430 iter
1222 4374 1440 4439 habere,
1474 4388 1570 4444 per
1598 4373 1738 4429 duos
1773 4372 1981 4443 globos,

410 4474 665 4547 sparsim.

2074 3196 2168 3251 ἐπὶ
2194 3193 2521 3264 Ἀντιόχειαν
2559 3191 2657 3261 τῆς
2679 3190 2879 3261 Συρίας
2906 3190 3105 3253 ἐλθεῖν,
3136 3191 3307 3261 αὐτῆς
3363 3190 3583 3262 ἡμέρας
3614 3192 3687 3243 ἐν

2086 3284 2353 3358 Ὀρθωσίᾳ
2402 3282 2725 3354 ἐμείναμεν⁸
2764 3283 2857 3334 καὶ
2900 3281 2989 3334 διὰ
3031 3281 3094 3333 τὸ
3140 3280 3371 3350 πλησίον
3427 3276 3573 3332 εἶναι
3603 3273 3688 3349 ἧς

2075 3381 2372 3452 ἐξήλθομεν
2414 3378 2639 3439 πόλεως,
2670 3377 2888 3430 πάντων
2920 3377 3105 3448 σχεδὸν
3135 3375 3566 3447 προακηκοὸτων
3602 3373 3686 3426 τὰ

2073 3472 2168 3526 τοῦ
2207 3470 2579 3542 κηρύγματος,
2622 3470 2748 3539 μιᾶς
2775 3468 2987 3538 ἡμέρας
3020 3471 3136 3521 ἐκεῖ
3172 3469 3475 3538 μείναντες,
3524 3467 3686 3536 ἀπή-

2078 3582 2249 3638 ραμεν
2275 3565 2354 3626 εἰς
2388 3562 2723 3632 Ἀντάραδον.
2754 3562 2970 3615 Πολλῶν
2998 3563 3053 3615 δὲ
3076 3563 3188 3614 τῶν
3231 3559 3687 3630 συνοδοιπορούν-

2074 3670 2182 3707 των
2212 3654 2342 3723 ἡμῖν
2377 3651 2566 3713 ὄντων,
2600 3650 2629 3703 ό
2662 3650 2865 3723 Πέτρος
2901 3651 3112 3724 Νικήτῃ
3143 3652 3234 3705 καὶ
3268 3650 3466 3721 Ἀκύλᾳ
3506 3668 3685 3722 προσ-

2077 3744 2269 3816 ωμίλει
2302 3743 2493 3812 λέγων’
2530 3742 2749 3814 Ἐπειδὴ
2776 3745 2804 3796 ὁ
2838 3743 3004 3806 πολὺς
3033 3742 3187 3813 ὄχλος
3221 3742 3329 3795 τῶν
3360 3741 3687 3795 συνοδοιπο-

2081 3836 2314 3907 ρούντων
2340 3836 2407 3888 οὐ
2442 3833 2634 3905 μικρὸν
2665 3834 2855 3904 φθόνον
2896 3833 3123 3887 εἰσιοῦσι
3160 3833 3303 3887 κατά
3337 3834 3491 3885 πόαν
3536 3835 3685 3903 ἡμῖν

2079 3928 2397 3990 ἐπισπᾶται,
2431 3925 2741 3994 ἀναγκαίως
2793 3924 3112 3997 ἐσκεψάμην
3164 3924 3465 3995 φροντίσαι,
3517 3925 3681 3989 ὅπως

2085 4015 2218 4085 μήτε
2240 4007 2386 4067 οὗτοι
2402 4012 2682 4084 λυπηθᾶηι
2714 4013 3051 4077 κωλυθέντες
3078 4016 3313 4067 συνεῖναι
3344 4015 3498 4084 ἡμῖν,
3527 4013 3679 4084 μήτε

2081 4106 2242 4175 ἡμεῖς
2274 4103 2623 4175 περίϐλεπτοι
2652 4103 2953 4175 γενόμενοι,
2986 4104 3179 4173 φθόνου
3209 4107 3319 4167 τοῖς
3359 4103 3543 4166 ἄλλοις
3566 4121 3679 4156 κα-

2081 4195 2364 4265 ταστῶμεν
2396 4195 2575 4248 αἴτιοι.
2627 4196 2830 4249 Τούτου
2873 4196 3033 4275 ἕνεκα
3068 4194 3324 4267 βούλομαί
3356 4212 3415 4248 σε
3436 4196 3529 4248 τὸν
3570 4196 3680 4248 Νι-

2084 4291 2256 4362 κήτην
2286 4290 2400 4360 ἃμα
2438 4290 2656 4362 Ἀκύλᾳ,
2693 4290 3001 4362 προοδεύειν
3034 4307 3136 4361 μου
3172 4290 3311 4344 κατά
3342 4288 3675 4360 συστήματα

2084 4382 2177 4437 δύο
2215 4382 2504 4454 σποράδην.

481 4566 669 4623 LXXI.
692 4563 801 4619 Ista
846 4560 1009 4616 Petro
1049 4558 1286 4625 dicente,
1344 4554 1741 4626 responderunt
1768 4552 1983 4609 Nieetas

2155 4562 2339 4617 LXXI.
2355 4561 2539 4615 Ταῦτα
2560 4561 2651 4614 τοῦ
2674 4562 2879 4632 Πέτρου
2904 4559 3169 4623 εἰπόντος,
3194 4561 3557 4631 ἀπεκρίναντο
3574 4562 3672 4614 Νι-

411 4669 465 4717 et
511 4658 703 4728 Aquila
732 4652 889 4710 :Non
924 4652 1079 4706 valde
1130 4664 1252 4714 nos,
1296 4648 1547 4713 domine,
1592 4646 1877 4701 contristat
1928 4645 1981 4699 id

413 4765 595 4821 agere,
635 4746 895 4816 quoniam
942 4757 972 4795 a
1018 4749 1069 4794 te
1118 4740 1442 4807 imperatum
1474 4746 1577 4791 est.
1638 4735 1820 4791 Primo
1862 4735 1985 4805 qui-

415 4843 559 4906 dem,
582 4839 710 4909 quia
735 4836 826 4890 Dei
855 4832 1194 4905 providentia
1215 4830 1457 4884 delectus
1492 4843 1573 4892 es,
1598 4829 1692 4897 qui
1720 4828 1982 4881 merearis

415 4941 614 4988 cuneta
650 4929 910 4999 praeclare
941 4925 1183 4995 cogitare
1214 4930 1377 4991 atque
1416 4921 1703 4975 consulere
1741 4939 1753 4974 :
1782 4920 1979 4975 deinde

417 5022 703 5092 veroquod
719 5020 1079 5089 utplurimum
1112 5015 1277 5069 biduo
1303 5029 1401 5067 nos
1428 5014 1529 5066 hoc
1553 5011 1732 5067 facere
1762 5027 1984 5067 necesse

418 5117 510 5182 sit,
556 5130 587 5170 a
630 5123 683 5169 te
731 5113 1017 5176 absentes;
1074 5106 1205 5162 illud
1247 5113 1429 5159 autem
1476 5104 1709 5174 spatium
1736 5104 1987 5172 quamvis

420 5208 640 5277 longum
693 5203 783 5268 sit,
829 5203 956 5255 dum
1013 5208 1067 5253 te
1116 5196 1397 5252 dominum
1430 5203 1678 5249 nostrum
1705 5210 1812 5247 non
1839 5194 1988 5247 vide-

420 5315 564 5365 ntus,
593 5304 830 5351 attamen
861 5299 919 5345 ut
954 5290 1133 5359 juhcs,
1163 5286 1289 5356 quia
1323 5284 1455 5339 utile
1490 5293 1593 5345 est,
1623 5298 1729 5337 non
1767 5293 1989 5338 contra-

419 5391 675 5446 dicimus.
704 5384 829 5439 llaec
861 5392 1147 5453 postquam
1188 5377 1464 5440 dixerunt,
1495 5374 1792 5443 antegressi
1836 5384 1981 5427 sunt.

2084 4655 2253 4725 κήτης
2274 4654 2364 4706 καὶ
2380 4653 2624 4715 Ἀκύλας·
2657 4653 2730 4706 Οὐ
2754 4653 2894 4706 πάνυ
2924 4654 3092 4723 ἡμᾶς,
3112 4653 3289 4723 κύριε,
3309 4653 3468 4705 λυπεῖ
3497 4653 3670 4707 τοῦτο

2085 4742 2363 4812 πράττειν,
2380 4741 2468 4794 διὰ
2505 4740 2567 4794 τὸ
2593 4742 2698 4794 ὑπὸ
2721 4742 2813 4794 σοῦ
2842 4741 3257 4811 προστετάχθαι.
3284 4741 3501 4812 Πρῶτον
3537 4742 3664 4811 μὲν,

2082 4834 2163 4885 ὅτι
2196 4833 2368 4884 πάντα
2399 4833 2580 4895 καλῶς
2608 4834 2745 4885 νοεῖν
2773 4850 2832 4884 τε
2861 4832 2953 4884 καὶ
2978 4828 3363 4901 συμὸουλὲύειν
3390 4831 3539 4895 ἄξιος
3562 4832 3664 4894 ὣν,

2086 4924 2191 4975 ὑπὸ
2218 4924 2315 4993 τῆς
2343 4922 2435 4973 τοῦ
2459 4921 2593 4973 Θεοῦ
2624 4920 2877 4992 προνοίας
2910 4919 3184 4990 ὲξελέγης·
3227 4922 3413 4973 ἔπειτα
3456 4921 3535 4981 δὲ,
3579 4923 3665 4975 ὅτι

2084 5015 2159 5077 ὡς
2187 5013 2414 5067 ἐπιπολὺ
2446 5012 2666 5083 ἡμερῶν
2698 5012 2791 5065 δύο
2815 5013 3024 5083 ἀνάγκη
3052 5010 3211 5064 τοῦτο
3237 5012 3492 5081 πράττειν
3510 5013 3665 5083 ἡμᾶς

2085 5103 2625 5174 ἀπολιμπανομένους
2652 5118 2745 5155 σου
2769 5121 2781 5133 ·
2814 5104 2906 5156 καὶ
2949 5100 3105 5157 αὗται
3130 5103 3186 5155 δὲ
3214 5103 3401 5156 πολλαὶ
3424 5103 3562 5173 πρὸς
3600 5105 3663 5157 τὸ

2092 5198 2165 5265 μή
2202 5212 2260 5246 σε
2289 5194 2381 5246 τὸν
2426 5194 2612 5265 κύριον
2639 5194 2793 5265 ἡμῶν
2836 5194 3094 5264 καθορᾷν,
3145 5194 3282 5265 πλὴν
3307 5194 3381 5257 ὡς
3416 5195 3665 5259 κελεύεις

2082 5284 2169 5337 διὰ
2205 5286 2264 5337 τὸ
2295 5285 2569 5356 συμφέρον
2617 5287 2715 5338 οὐκ
2738 5285 3109 5351 ἀντιλέγομεν.
3173 5285 3355 5339 Ταῦτα
3387 5286 3653 5349 εἰπόντες.

2091 5394 2125 5426 π
2135 5377 2343 5446 ροῆγον.

1702 5538 1933 5594 VARUS
1966 5538 2361 5597 l.ECT|Oi\ES.

566 5645 606 5676 ’⁸
637 5643 819 5697 Matth.
863 5657 1018 5703 xxnl,
1049 5637 1140 5689 25.
1219 5638 1260 5667 ¹⁹
1313 5638 1539 5695 Clement
1574 5678 1586 5692 .
1629 5636 1776 5688 hmn.
1839 5651 1893 5700 κ,
1928 5651 1973 5687 r.

2093 5665 2113 5685 ι-
2173 5640 2315 5701 Rea,
2344 5637 2377 5690 l.
2417 5652 2491 5697 vr.
2534 5653 2581 5691 c.
2614 5636 2698 5691 15.

416 5714 805 5790 ἀποδεδώκασι.
863 5715 904 5744 ²²
935 5712 1004 5765 al.
1047 5706 1459 5777 ὑποδεξάμενον.

421 5800 537 5838 ουν.

2812 5638 2859 5669 ’θ
2890 5639 2959 5711 al.
2996 5640 3410 5711 εὐχαριστήσας.
3486 5644 3527 5673 ³⁸
3580 5648 3649 5695 al.

1539 5706 1584 5737 “
1632 5708 1909 5769 Clement.,
1960 5706 2103 5759 hom.
2146 5723 2241 5773 xu,
2282 5724 2331 5761 c.
2364 5708 2419 5776 1,
2460 5715 2564 5762 etc.
2630 5711 2880 5782 Recong
2915 5709 2949 5761 l.
3004 5706 3099 5775 νιι,
3135 5706 3185 5763 c.
3226 5706 3286 5775 l,'
3314 5722 3416 5764 etc.
3499 5713 3545 5745 ’δ
3578 5719 3649 5767 at.
