  <div class='ocr_page' id='page_1' title='image "/cluster/home/n/w/nwhite01/storage/ocr_20150623/2/nnc1.0114695790/306.png"; bbox 0 0 3834 6220; ppageno 0'>
   <div class='ocr_carea' id='block_1_1' title="bbox 124 258 227 315">
    <p class='ocr_par' dir='ltr' id='par_1_1' title="bbox 124 258 227 315">
     <span class='ocr_line' id='line_1_1' title="bbox 124 258 227 315; baseline -0.01 0"><span class='ocrx_word' id='word_1_1' title='bbox 124 258 227 315; x_wconf 66' lang='grc'><strong>531</strong></span> 
     </span>
    </p>
   </div>
   <div class='ocr_carea' id='block_1_2' title="bbox 910 232 2589 307">
    <p class='ocr_par' dir='ltr' id='par_1_2' title="bbox 910 232 2589 307">
     <span class='ocr_line' id='line_1_2' title="bbox 910 232 2589 307; baseline -0.011 -1"><span class='ocrx_word' id='word_1_2' title='bbox 910 246 1374 307; x_wconf 76' lang='lat' dir='ltr'><strong>CLEMENTINA.</strong></span> <span class='ocrx_word' id='word_1_3' title='bbox 1414 276 1485 285; x_wconf 88' lang='lat'><strong><em>—</em></strong></span> <span class='ocrx_word' id='word_1_4' title='bbox 1522 234 1821 299; x_wconf 77' lang='lat' dir='ltr'><strong>EPITOME</strong></span> <span class='ocrx_word' id='word_1_5' title='bbox 1858 235 1945 292; x_wconf 86' lang='lat' dir='ltr'><strong>DE</strong></span> <span class='ocrx_word' id='word_1_6' title='bbox 1981 233 2227 292; x_wconf 75' lang='lat' dir='ltr'><strong>GESTIS</strong></span> <span class='ocrx_word' id='word_1_7' title='bbox 2268 235 2325 290; x_wconf 91' lang='lat' dir='ltr'><strong>S.</strong></span> <span class='ocrx_word' id='word_1_8' title='bbox 2364 232 2589 289; x_wconf 79' lang='lat' dir='ltr'><strong>PETRI.</strong></span> 
     </span>
    </p>
   </div>
   <div class='ocr_carea' id='block_1_3' title="bbox 3273 235 3378 291">
    <p class='ocr_par' dir='ltr' id='par_1_3' title="bbox 3273 235 3378 291">
     <span class='ocr_line' id='line_1_3' title="bbox 3273 235 3378 291; baseline 0.01 -1"><span class='ocrx_word' id='word_1_9' title='bbox 3273 235 3378 291; x_wconf 68' lang='lat'><strong>5‘22</strong></span> 
     </span>
    </p>
   </div>
   <div class='ocr_carea' id='block_1_4' title="bbox 203 348 1719 442">
    <p class='ocr_par' dir='ltr' id='par_1_4' title="bbox 203 361 1708 442">
     <span class='ocr_line' id='line_1_4' title="bbox 203 361 1708 442; baseline -0.004 -16"><span class='ocrx_word' id='word_1_10' title='bbox 203 370 415 426; x_wconf 70' lang='lat' dir='ltr'><strong>LXXII.</strong></span> <span class='ocrx_word' id='word_1_11' title='bbox 456 368 836 442; x_wconf 83' lang='grc' dir='ltr'>Πορευθέντων</span> <span class='ocrx_word' id='word_1_12' title='bbox 888 364 981 422; x_wconf 80' lang='grc' dir='ltr'><strong>οῦν</strong></span> <span class='ocrx_word' id='word_1_13' title='bbox 1030 365 1245 429; x_wconf 78' lang='grc' dir='ltr'>αὐτῶν,</span> <span class='ocrx_word' id='word_1_14' title='bbox 1304 362 1416 432; x_wconf 73' lang='grc' dir='ltr'><strong>ἐγὼ</strong></span> <span class='ocrx_word' id='word_1_15' title='bbox 1477 361 1708 431; x_wconf 78' lang='grc' dir='ltr'><strong>Κλήμης</strong></span> 
     </span>
    </p>
   </div>
   <div class='ocr_carea' id='block_1_5' title="bbox 1823 348 3377 442">
    <p class='ocr_par' dir='ltr' id='par_1_5' title="bbox 1878 348 3377 423">
     <span class='ocr_line' id='line_1_5' title="bbox 1878 348 3377 423; baseline -0.002 -14"><span class='ocrx_word' id='word_1_16' title='bbox 1878 353 2087 409; x_wconf 82' lang='lat' dir='ltr'><strong>LXXII.</strong></span> <span class='ocrx_word' id='word_1_17' title='bbox 2129 353 2224 408; x_wconf 86' lang='lat' dir='ltr'><strong>His</strong></span> <span class='ocrx_word' id='word_1_18' title='bbox 2251 354 2417 423; x_wconf 79' lang='lat' dir='ltr'><strong>igitur</strong></span> <span class='ocrx_word' id='word_1_19' title='bbox 2441 349 2721 422; x_wconf 86' lang='lat' dir='ltr'><strong>profectis,</strong></span> <span class='ocrx_word' id='word_1_20' title='bbox 2751 363 2853 418; x_wconf 87' lang='lat' dir='ltr'><strong>ego</strong></span> <span class='ocrx_word' id='word_1_21' title='bbox 2874 348 3129 404; x_wconf 84' lang='lat' dir='ltr'><strong>Clemens</strong></span> <span class='ocrx_word' id='word_1_22' title='bbox 3155 350 3377 419; x_wconf 76' lang='lat' dir='ltr'><strong>gavisus</strong></span> 
     </span>
    </p>
   </div>
   <div class='ocr_carea' id='block_1_6' title="bbox 121 450 1710 536">
    <p class='ocr_par' dir='ltr' id='par_1_6' title="bbox 121 450 1710 536">
     <span class='ocr_line' id='line_1_6' title="bbox 121 450 1710 536; baseline -0.009 -19"><span class='ocrx_word' id='word_1_23' title='bbox 121 465 373 536; x_wconf 76' lang='grc' dir='ltr'>ἔχαιρον,</span> <span class='ocrx_word' id='word_1_24' title='bbox 409 463 496 516; x_wconf 82' lang='grc' dir='ltr'>ὅτι</span> <span class='ocrx_word' id='word_1_25' title='bbox 534 463 632 516; x_wconf 82' lang='grc' dir='ltr'><strong>σὺν</strong></span> <span class='ocrx_word' id='word_1_26' title='bbox 677 459 827 530; x_wconf 87' lang='grc' dir='ltr'><strong>αύτῷ</strong></span> <span class='ocrx_word' id='word_1_27' title='bbox 867 477 935 531; x_wconf 88' lang='grc' dir='ltr'><strong>με</strong></span> <span class='ocrx_word' id='word_1_28' title='bbox 970 458 1257 512; x_wconf 75' lang='grc' dir='ltr'>ἐκέλευσεν</span> <span class='ocrx_word' id='word_1_29' title='bbox 1288 450 1447 509; x_wconf 75' lang='grc' dir='ltr'>εἶναι.</span> <span class='ocrx_word' id='word_1_30' title='bbox 1496 450 1710 522; x_wconf 78' lang='grc' dir='ltr'><strong>Ἀμέλει</strong></span> 
     </span>
    </p>
   </div>
   <div class='ocr_carea' id='block_1_7' title="bbox 125 543 1711 628">
    <p class='ocr_par' dir='ltr' id='par_1_7' title="bbox 125 543 1711 628">
     <span class='ocr_line' id='line_1_7' title="bbox 125 543 1711 628; baseline -0.009 -18"><span class='ocrx_word' id='word_1_31' title='bbox 125 554 386 628; x_wconf 75' lang='grc' dir='ltr'>καὶπρὸς</span> <span class='ocrx_word' id='word_1_32' title='bbox 409 553 572 609; x_wconf 76' lang='grc' dir='ltr'>αὐτὸν</span> <span class='ocrx_word' id='word_1_33' title='bbox 598 549 767 607; x_wconf 81' lang='grc' dir='ltr'>εἷπον·</span> <span class='ocrx_word' id='word_1_34' title='bbox 793 551 1117 624; x_wconf 85' lang='grc' dir='ltr'>Εὐχαριστῶ</span> <span class='ocrx_word' id='word_1_35' title='bbox 1135 549 1213 622; x_wconf 82' lang='grc' dir='ltr'><strong>τῷ</strong></span> <span class='ocrx_word' id='word_1_36' title='bbox 1240 547 1378 618; x_wconf 85' lang='grc' dir='ltr'>Θεῷ,</span> <span class='ocrx_word' id='word_1_37' title='bbox 1408 548 1492 600; x_wconf 83' lang='grc' dir='ltr'><strong>ότι</strong></span> <span class='ocrx_word' id='word_1_38' title='bbox 1524 562 1589 617; x_wconf 88' lang='grc' dir='ltr'><strong>με</strong></span> <span class='ocrx_word' id='word_1_39' title='bbox 1611 543 1711 596; x_wconf 81' lang='grc' dir='ltr'><strong>οὐκ</strong></span> 
     </span>
    </p>
   </div>
   <div class='ocr_carea' id='block_1_8' title="bbox 124 636 1712 715">
    <p class='ocr_par' dir='ltr' id='par_1_8' title="bbox 124 636 1712 715">
     <span class='ocr_line' id='line_1_8' title="bbox 124 636 1712 715; baseline -0.007 -14"><span class='ocrx_word' id='word_1_40' title='bbox 124 646 523 714; x_wconf 74' lang='grc' dir='ltr'><strong>ἐξαπέστειλας</strong></span> <span class='ocrx_word' id='word_1_41' title='bbox 561 644 639 709; x_wconf 81' lang='grc' dir='ltr'><strong>ὡς</strong></span> <span class='ocrx_word' id='word_1_42' title='bbox 676 645 803 708; x_wconf 75' lang='grc' dir='ltr'>τοὺς</span> <span class='ocrx_word' id='word_1_43' title='bbox 838 640 1084 715; x_wconf 71' lang='grc' dir='ltr'>ἑταίρους</span> <span class='ocrx_word' id='word_1_44' title='bbox 1105 642 1173 705; x_wconf 78' lang='grc'><strong>³⁸,</strong></span> <span class='ocrx_word' id='word_1_45' title='bbox 1211 639 1334 693; x_wconf 70' lang='grc' dir='ltr'>ἐπεὶ</span> <span class='ocrx_word' id='word_1_46' title='bbox 1380 636 1712 706; x_wconf 85' lang='grc' dir='ltr'><strong>ὀδυνώμενος</strong></span> 
     </span>
    </p>
   </div>
   <div class='ocr_carea' id='block_1_9' title="bbox 127 726 1714 809">
    <p class='ocr_par' dir='ltr' id='par_1_9' title="bbox 127 726 1714 809">
     <span class='ocr_line' id='line_1_9' title="bbox 127 726 1714 809; baseline -0.008 -16"><span class='ocrx_word' id='word_1_47' title='bbox 127 738 198 793; x_wconf 71' lang='grc' dir='ltr'>ἂν</span> <span class='ocrx_word' id='word_1_48' title='bbox 236 739 696 809; x_wconf 75' lang='grc' dir='ltr'>διαπεφωνήκειν.</span> <span class='ocrx_word' id='word_1_49' title='bbox 748 737 806 791; x_wconf 87' lang='lat'><strong>&#39;0</strong></span> <span class='ocrx_word' id='word_1_50' title='bbox 834 735 893 789; x_wconf 81' lang='grc' dir='ltr'>δὲ</span> <span class='ocrx_word' id='word_1_51' title='bbox 922 734 1046 807; x_wconf 77' lang='grc' dir='ltr'>ἔφη·</span> <span class='ocrx_word' id='word_1_52' title='bbox 1082 733 1148 787; x_wconf 86' lang='grc' dir='ltr'><strong>Τί</strong></span> <span class='ocrx_word' id='word_1_53' title='bbox 1187 731 1295 787; x_wconf 88' lang='grc' dir='ltr'>δαί·</span> <span class='ocrx_word' id='word_1_54' title='bbox 1331 731 1380 784; x_wconf 74' lang='grc' dir='ltr'>εἰ</span> <span class='ocrx_word' id='word_1_55' title='bbox 1424 729 1519 784; x_wconf 77' lang='grc' dir='ltr'><strong>καὶ</strong></span> <span class='ocrx_word' id='word_1_56' title='bbox 1553 726 1714 799; x_wconf 81' lang='grc' dir='ltr'>χρεία</span> 
     </span>
    </p>
   </div>
   <div class='ocr_carea' id='block_1_10' title="bbox 124 814 1713 902">
    <p class='ocr_par' dir='ltr' id='par_1_10' title="bbox 124 814 1713 902">
     <span class='ocr_line' id='line_1_10' title="bbox 124 814 1713 902; baseline -0.008 -19"><span class='ocrx_word' id='word_1_57' title='bbox 124 844 218 894; x_wconf 83' lang='grc' dir='ltr'><strong>τις</strong></span> <span class='ocrx_word' id='word_1_58' title='bbox 250 830 406 885; x_wconf 72' lang='grc' dir='ltr'>ἔσται</span> <span class='ocrx_word' id='word_1_59' title='bbox 433 822 751 902; x_wconf 81' lang='grc' dir='ltr'>πεμφθῆναί</span> <span class='ocrx_word' id='word_1_60' title='bbox 780 828 842 882; x_wconf 89' lang='grc' dir='ltr'><strong>σέ</strong></span> <span class='ocrx_word' id='word_1_61' title='bbox 874 843 998 890; x_wconf 88' lang='grc' dir='ltr'>που,</span> <span class='ocrx_word' id='word_1_62' title='bbox 1040 827 1104 880; x_wconf 85' lang='grc' dir='ltr'>σὺ</span> <span class='ocrx_word' id='word_1_63' title='bbox 1138 824 1228 879; x_wconf 88' lang='grc' dir='ltr'><strong>διά</strong></span> <span class='ocrx_word' id='word_1_64' title='bbox 1256 823 1319 876; x_wconf 84' lang='grc' dir='ltr'>τὸ</span> <span class='ocrx_word' id='word_1_65' title='bbox 1359 820 1495 894; x_wconf 83' lang='grc' dir='ltr'>πρὸς</span> <span class='ocrx_word' id='word_1_66' title='bbox 1534 814 1713 888; x_wconf 84' lang='grc' dir='ltr'>ὀλίγον</span> 
     </span>
    </p>
   </div>
   <div class='ocr_carea' id='block_1_11' title="bbox 126 910 1709 994">
    <p class='ocr_par' dir='ltr' id='par_1_11' title="bbox 126 910 1709 994">
     <span class='ocr_line' id='line_1_11' title="bbox 126 910 1709 994; baseline -0.007 -17"><span class='ocrx_word' id='word_1_67' title='bbox 126 921 605 993; x_wconf 75' lang='grc' dir='ltr'>ἀπολιμπάνεσθαί</span> <span class='ocrx_word' id='word_1_68' title='bbox 628 939 730 994; x_wconf 87' lang='grc' dir='ltr'><strong>μου</strong></span> <span class='ocrx_word' id='word_1_69' title='bbox 750 919 1155 993; x_wconf 83' lang='grc' dir='ltr'><strong>συμφερόντως,</strong></span> <span class='ocrx_word' id='word_1_70' title='bbox 1172 915 1262 971; x_wconf 86' lang='grc' dir='ltr'><strong>διὰ</strong></span> <span class='ocrx_word' id='word_1_71' title='bbox 1281 914 1439 969; x_wconf 87' lang='grc' dir='ltr'>τοῦτο</span> <span class='ocrx_word' id='word_1_72' title='bbox 1458 910 1709 983; x_wconf 47' lang='grc' dir='ltr'>τεθνήξῃ</span> 
     </span>
    </p>
   </div>
   <div class='ocr_carea' id='block_1_12' title="bbox 122 1003 1715 1085">
    <p class='ocr_par' dir='ltr' id='par_1_12' title="bbox 122 1003 1715 1085">
     <span class='ocr_line' id='line_1_12' title="bbox 122 1003 1715 1085; baseline -0.008 -18"><span class='ocrx_word' id='word_1_73' title='bbox 122 1014 254 1084; x_wconf 78' lang='grc' dir='ltr'>οὐχὶ</span> <span class='ocrx_word' id='word_1_74' title='bbox 274 1014 334 1067; x_wconf 88' lang='grc' dir='ltr'>δὲ</span> <span class='ocrx_word' id='word_1_75' title='bbox 363 1012 769 1085; x_wconf 81' lang='grc' dir='ltr'><strong>προσομιλήσας</strong></span> <span class='ocrx_word' id='word_1_76' title='bbox 804 1008 1035 1080; x_wconf 83' lang='grc' dir='ltr'><strong>σεαυτῷ,</strong></span> <span class='ocrx_word' id='word_1_77' title='bbox 1070 1005 1258 1080; x_wconf 79' lang='grc' dir='ltr'>φέρειν</span> <span class='ocrx_word' id='word_1_78' title='bbox 1284 1004 1355 1059; x_wconf 87' lang='grc' dir='ltr'>τὰ</span> <span class='ocrx_word' id='word_1_79' title='bbox 1380 1005 1468 1059; x_wconf 87' lang='grc' dir='ltr'><strong>διά</strong></span> <span class='ocrx_word' id='word_1_80' title='bbox 1492 1003 1591 1075; x_wconf 84' lang='grc' dir='ltr'>τὴν</span> <span class='ocrx_word' id='word_1_81' title='bbox 1622 1004 1715 1056; x_wconf 89' lang='grc' dir='ltr'>ἀν-</span> 
     </span>
    </p>
   </div>
   <div class='ocr_carea' id='block_1_13' title="bbox 128 1095 1713 1178">
    <p class='ocr_par' dir='ltr' id='par_1_13' title="bbox 128 1095 1713 1178">
     <span class='ocr_line' id='line_1_13' title="bbox 128 1095 1713 1178; baseline -0.007 -19"><span class='ocrx_word' id='word_1_82' title='bbox 128 1104 314 1178; x_wconf 76' lang='grc' dir='ltr'>άγκην</span> <span class='ocrx_word' id='word_1_83' title='bbox 337 1122 421 1158; x_wconf 91' lang='grc' dir='ltr'><strong>σοι</strong></span> <span class='ocrx_word' id='word_1_84' title='bbox 452 1100 922 1174; x_wconf 81' lang='grc' dir='ltr'><strong>προσταττόμενα,</strong></span> <span class='ocrx_word' id='word_1_85' title='bbox 951 1099 1203 1173; x_wconf 80' lang='grc' dir='ltr'><strong>εὐθύμως</strong></span> <span class='ocrx_word' id='word_1_86' title='bbox 1236 1098 1512 1161; x_wconf 83' lang='grc' dir='ltr'>ὑποίσεις;</span> <span class='ocrx_word' id='word_1_87' title='bbox 1546 1096 1580 1167; x_wconf 79' lang='grc' dir='ltr'>ἢ</span> <span class='ocrx_word' id='word_1_88' title='bbox 1611 1095 1713 1148; x_wconf 82' lang='grc' dir='ltr'><strong>οὐκ</strong></span> 
     </span>
    </p>
   </div>
   <div class='ocr_carea' id='block_1_14' title="bbox 128 1186 1716 1263">
    <p class='ocr_par' dir='ltr' id='par_1_14' title="bbox 128 1186 1716 1263">
     <span class='ocr_line' id='line_1_14' title="bbox 128 1186 1716 1263; baseline -0.009 -12"><span class='ocrx_word' id='word_1_89' title='bbox 128 1194 313 1262; x_wconf 75' lang='grc' dir='ltr'>οἶδας,</span> <span class='ocrx_word' id='word_1_90' title='bbox 359 1197 443 1250; x_wconf 85' lang='grc' dir='ltr'>ὅτι</span> <span class='ocrx_word' id='word_1_91' title='bbox 479 1192 714 1249; x_wconf 90' lang='grc' dir='ltr'>σύνεισιν</span> <span class='ocrx_word' id='word_1_92' title='bbox 755 1194 805 1247; x_wconf 81' lang='grc' dir='ltr'>οι</span> <span class='ocrx_word' id='word_1_93' title='bbox 836 1192 979 1263; x_wconf 82' lang='grc' dir='ltr'>φίλοι</span> <span class='ocrx_word' id='word_1_94' title='bbox 1013 1194 1133 1255; x_wconf 78' lang='grc' dir='ltr'>ταῖς</span> <span class='ocrx_word' id='word_1_95' title='bbox 1175 1189 1433 1260; x_wconf 79' lang='grc' dir='ltr'><strong>μνήμαις,</strong></span> <span class='ocrx_word' id='word_1_96' title='bbox 1470 1186 1570 1241; x_wconf 73' lang='grc' dir='ltr'>κᾶν</span> <span class='ocrx_word' id='word_1_97' title='bbox 1602 1187 1716 1248; x_wconf 76' lang='grc' dir='ltr'>τοῖς</span> 
     </span>
    </p>
   </div>
   <div class='ocr_carea' id='block_1_15' title="bbox 128 1278 1715 1358">
    <p class='ocr_par' dir='ltr' id='par_1_15' title="bbox 128 1278 1715 1358">
     <span class='ocr_line' id='line_1_15' title="bbox 128 1278 1715 1358; baseline -0.008 -17"><span class='ocrx_word' id='word_1_98' title='bbox 128 1287 385 1358; x_wconf 81' lang='grc' dir='ltr'>σώμασιν</span> <span class='ocrx_word' id='word_1_99' title='bbox 416 1285 639 1340; x_wconf 69' lang='grc' dir='ltr'>ἐκείνων</span> <span class='ocrx_word' id='word_1_100' title='bbox 660 1283 1166 1355; x_wconf 82' lang='grc' dir='ltr'>ἀπολιμπάνωνται,</span> <span class='ocrx_word' id='word_1_101' title='bbox 1197 1280 1273 1344; x_wconf 83' lang='grc' dir='ltr'>ὡς</span> <span class='ocrx_word' id='word_1_102' title='bbox 1302 1279 1432 1333; x_wconf 74' lang='grc' dir='ltr'>ἔνιοι</span> <span class='ocrx_word' id='word_1_103' title='bbox 1468 1278 1715 1341; x_wconf 85' lang='grc' dir='ltr'>συνόντες</span> 
     </span>
    </p>
   </div>
   <div class='ocr_carea' id='block_1_16' title="bbox 136 1372 1537 1451">
    <p class='ocr_par' dir='ltr' id='par_1_16' title="bbox 136 1372 1537 1451">
     <span class='ocr_line' id='line_1_16' title="bbox 136 1372 1537 1451; baseline -0.006 -19"><span class='ocrx_word' id='word_1_104' title='bbox 136 1381 249 1441; x_wconf 74' lang='grc' dir='ltr'>τοῖς</span> <span class='ocrx_word' id='word_1_105' title='bbox 281 1377 519 1449; x_wconf 83' lang='grc' dir='ltr'>σώμασι,</span> <span class='ocrx_word' id='word_1_106' title='bbox 548 1377 763 1451; x_wconf 81' lang='grc' dir='ltr'>μακρὰν</span> <span class='ocrx_word' id='word_1_107' title='bbox 794 1376 1135 1447; x_wconf 81' lang='grc' dir='ltr'>ἀφεστήκασι</span> <span class='ocrx_word' id='word_1_108' title='bbox 1166 1375 1286 1436; x_wconf 79' lang='grc' dir='ltr'>ταῖς</span> <span class='ocrx_word' id='word_1_109' title='bbox 1304 1372 1537 1441; x_wconf 82' lang='grc' dir='ltr'>ψυχαῖς;</span> 
     </span>
    </p>
   </div>
   <div class='ocr_carea' id='block_1_17' title="bbox 203 1460 1715 1539">
    <p class='ocr_par' dir='ltr' id='par_1_17' title="bbox 203 1460 1715 1539">
     <span class='ocr_line' id='line_1_17' title="bbox 203 1460 1715 1539; baseline -0.006 -18"><span class='ocrx_word' id='word_1_110' title='bbox 203 1466 439 1523; x_wconf 77' lang='lat' dir='ltr'><strong>LXXIII.</strong></span> <span class='ocrx_word' id='word_1_111' title='bbox 480 1467 650 1537; x_wconf 82' lang='grc' dir='ltr'>Κάγὼ</span> <span class='ocrx_word' id='word_1_112' title='bbox 686 1467 1086 1539; x_wconf 81' lang='grc' dir='ltr'><strong>ἀπεκρινάμην·</strong></span> <span class='ocrx_word' id='word_1_113' title='bbox 1135 1461 1291 1518; x_wconf 78' lang='grc' dir='ltr'>Ἀλλά</span> <span class='ocrx_word' id='word_1_114' title='bbox 1336 1463 1409 1534; x_wconf 89' lang='grc' dir='ltr'>μή</span> <span class='ocrx_word' id='word_1_115' title='bbox 1463 1478 1530 1533; x_wconf 89' lang='grc' dir='ltr'><strong>με</strong></span> <span class='ocrx_word' id='word_1_116' title='bbox 1566 1460 1715 1531; x_wconf 90' lang='grc' dir='ltr'>νομί-</span> 
     </span>
    </p>
   </div>
   <div class='ocr_carea' id='block_1_18' title="bbox 127 1554 1712 1633">
    <p class='ocr_par' dir='ltr' id='par_1_18' title="bbox 127 1554 1712 1633">
     <span class='ocr_line' id='line_1_18' title="bbox 127 1554 1712 1633; baseline -0.007 -18"><span class='ocrx_word' id='word_1_117' title='bbox 127 1574 255 1633; x_wconf 77' lang='grc' dir='ltr'>σῃς,</span> <span class='ocrx_word' id='word_1_118' title='bbox 294 1559 472 1631; x_wconf 80' lang='grc' dir='ltr'>κύριε,</span> <span class='ocrx_word' id='word_1_119' title='bbox 518 1560 599 1613; x_wconf 85' lang='grc' dir='ltr'>ὅτι</span> <span class='ocrx_word' id='word_1_120' title='bbox 632 1560 701 1612; x_wconf 89' lang='grc' dir='ltr'><strong>τά</strong></span> <span class='ocrx_word' id='word_1_121' title='bbox 738 1556 914 1631; x_wconf 82' lang='grc' dir='ltr'>λύπης</span> <span class='ocrx_word' id='word_1_122' title='bbox 944 1558 1174 1628; x_wconf 79' lang='grc' dir='ltr'>πάσχειν</span> <span class='ocrx_word' id='word_1_123' title='bbox 1203 1555 1424 1628; x_wconf 79' lang='grc' dir='ltr'>ἔμελλον</span> <span class='ocrx_word' id='word_1_124' title='bbox 1454 1554 1712 1625; x_wconf 82' lang='grc' dir='ltr'>ἀνοήτως,</span> 
     </span>
    </p>
   </div>
   <div class='ocr_carea' id='block_1_19' title="bbox 125 1645 1715 1725">
    <p class='ocr_par' dir='ltr' id='par_1_19' title="bbox 125 1645 1715 1725">
     <span class='ocr_line' id='line_1_19' title="bbox 125 1645 1715 1725; baseline -0.004 -18"><span class='ocrx_word' id='word_1_125' title='bbox 125 1654 272 1707; x_wconf 79' lang='grc' dir='ltr'><strong>ἀλλά</strong></span> <span class='ocrx_word' id='word_1_126' title='bbox 302 1654 396 1707; x_wconf 75' lang='grc' dir='ltr'><strong>καὶ</strong></span> <span class='ocrx_word' id='word_1_127' title='bbox 425 1653 566 1706; x_wconf 89' lang='grc' dir='ltr'>πάνυ</span> <span class='ocrx_word' id='word_1_128' title='bbox 594 1652 770 1725; x_wconf 82' lang='grc' dir='ltr'>ὀρθῶς</span> <span class='ocrx_word' id='word_1_129' title='bbox 797 1652 974 1722; x_wconf 75' lang='grc' dir='ltr'>ἔχοντι</span> <span class='ocrx_word' id='word_1_130' title='bbox 1017 1650 1281 1722; x_wconf 80' lang='grc' dir='ltr'>λογισμῷ.</span> <span class='ocrx_word' id='word_1_131' title='bbox 1320 1645 1474 1703; x_wconf 68' lang='grc' dir='ltr'><strong>Ἐπιιῇ⁵</strong></span> <span class='ocrx_word' id='word_1_132' title='bbox 1513 1647 1621 1719; x_wconf 89' lang='grc' dir='ltr'><strong>γάρ</strong></span> <span class='ocrx_word' id='word_1_133' title='bbox 1655 1662 1715 1699; x_wconf 88' lang='grc' dir='ltr'><strong>σε</strong></span> 
     </span>
    </p>
   </div>
   <div class='ocr_carea' id='block_1_20' title="bbox 1811 439 3376 515">
    <p class='ocr_par' dir='ltr' id='par_1_20' title="bbox 1811 439 3376 515">
     <span class='ocr_line' id='line_1_20' title="bbox 1811 439 3376 515; baseline -0.005 -12"><span class='ocrx_word' id='word_1_134' title='bbox 1811 463 2110 515; x_wconf 77' lang='lat' dir='ltr'><strong>sum,.eum</strong></span> <span class='ocrx_word' id='word_1_135' title='bbox 2144 461 2233 501; x_wconf 90' lang='lat' dir='ltr'><strong>me</strong></span> <span class='ocrx_word' id='word_1_136' title='bbox 2262 461 2447 502; x_wconf 85' lang='lat' dir='ltr'><strong>secum</strong></span> <span class='ocrx_word' id='word_1_137' title='bbox 2482 459 2603 499; x_wconf 88' lang='lat' dir='ltr'><strong>esse</strong></span> <span class='ocrx_word' id='word_1_138' title='bbox 2632 442 2889 497; x_wconf 90' lang='lat' dir='ltr'><strong>voluisse.</strong></span> <span class='ocrx_word' id='word_1_139' title='bbox 2922 439 3107 510; x_wconf 89' lang='lat' dir='ltr'><strong>Itaque</strong></span> <span class='ocrx_word' id='word_1_140' title='bbox 3146 441 3212 495; x_wconf 91' lang='lat' dir='ltr'><strong>ad</strong></span> <span class='ocrx_word' id='word_1_141' title='bbox 3250 457 3376 496; x_wconf 92' lang='lat' dir='ltr'><strong>eum</strong></span> 
     </span>
    </p>
   </div>
   <div class='ocr_carea' id='block_1_21' title="bbox 1811 532 3381 608">
    <p class='ocr_par' dir='ltr' id='par_1_21' title="bbox 1811 532 3381 608">
     <span class='ocr_line' id='line_1_21' title="bbox 1811 532 3381 608; baseline -0.003 -15"><span class='ocrx_word' id='word_1_142' title='bbox 1811 539 1963 594; x_wconf 85' lang='lat' dir='ltr'><strong>dixi:</strong></span> <span class='ocrx_word' id='word_1_143' title='bbox 1994 537 2210 594; x_wconf 89' lang='lat' dir='ltr'><strong>Gratias</strong></span> <span class='ocrx_word' id='word_1_144' title='bbox 2237 552 2339 608; x_wconf 89' lang='lat' dir='ltr'><strong>ago</strong></span> <span class='ocrx_word' id='word_1_145' title='bbox 2379 536 2509 601; x_wconf 90' lang='lat' dir='ltr'><strong>Deo,</strong></span> <span class='ocrx_word' id='word_1_146' title='bbox 2551 535 2696 606; x_wconf 88' lang='lat' dir='ltr'><strong>quod</strong></span> <span class='ocrx_word' id='word_1_147' title='bbox 2744 548 2832 589; x_wconf 89' lang='lat' dir='ltr'><strong>me</strong></span> <span class='ocrx_word' id='word_1_148' title='bbox 2870 548 2976 587; x_wconf 92' lang='lat' dir='ltr'><strong>non</strong></span> <span class='ocrx_word' id='word_1_149' title='bbox 3011 532 3282 600; x_wconf 86' lang='lat' dir='ltr'><strong>emiseris,</strong></span> <span class='ocrx_word' id='word_1_150' title='bbox 3320 543 3381 589; x_wconf 90' lang='lat' dir='ltr'><strong>ut</strong></span> 
     </span>
    </p>
   </div>
   <div class='ocr_carea' id='block_1_22' title="bbox 1813 624 3382 700">
    <p class='ocr_par' dir='ltr' id='par_1_22' title="bbox 1813 624 3382 700">
     <span class='ocr_line' id='line_1_22' title="bbox 1813 624 3382 700; baseline -0.004 -13"><span class='ocrx_word' id='word_1_151' title='bbox 1813 631 2068 697; x_wconf 84' lang='lat' dir='ltr'><strong>sodales;</strong></span> <span class='ocrx_word' id='word_1_152' title='bbox 2109 647 2235 686; x_wconf 90' lang='lat' dir='ltr'><strong>nam</strong></span> <span class='ocrx_word' id='word_1_153' title='bbox 2260 645 2372 700; x_wconf 72' lang='lat' dir='ltr'><strong>prae</strong></span> <span class='ocrx_word' id='word_1_154' title='bbox 2400 630 2589 684; x_wconf 90' lang='lat' dir='ltr'><strong>dolore</strong></span> <span class='ocrx_word' id='word_1_155' title='bbox 2610 635 2835 682; x_wconf 76' lang='lat' dir='ltr'><strong>enectus</strong></span> <span class='ocrx_word' id='word_1_156' title='bbox 2864 624 3110 681; x_wconf 81' lang='lat' dir='ltr'><strong>fuissem.</strong></span> <span class='ocrx_word' id='word_1_157' title='bbox 3156 624 3248 680; x_wconf 88' lang='lat' dir='ltr'><strong>Ille</strong></span> <span class='ocrx_word' id='word_1_158' title='bbox 3287 642 3382 681; x_wconf 73' lang='grc' dir='ltr'>νο·-</span> 
     </span>
    </p>
   </div>
   <div class='ocr_carea' id='block_1_23' title="bbox 1813 717 3382 793">
    <p class='ocr_par' dir='ltr' id='par_1_23' title="bbox 1813 717 3382 793">
     <span class='ocr_line' id='line_1_23' title="bbox 1813 717 3382 793; baseline -0.003 -14"><span class='ocrx_word' id='word_1_159' title='bbox 1813 739 1876 779; x_wconf 88' lang='grc' dir='ltr'><strong>ι·ο</strong></span> <span class='ocrx_word' id='word_1_160' title='bbox 1904 739 1918 775; x_wconf 91' lang='lat'><strong>:</strong></span> <span class='ocrx_word' id='word_1_161' title='bbox 1950 720 2092 790; x_wconf 87' lang='lat' dir='ltr'><strong>Quid</strong></span> <span class='ocrx_word' id='word_1_162' title='bbox 2121 732 2327 790; x_wconf 86' lang='lat' dir='ltr'><strong>autem,</strong></span> <span class='ocrx_word' id='word_1_163' title='bbox 2355 721 2555 793; x_wconf 89' lang='lat' dir='ltr'><strong>inquit,</strong></span> <span class='ocrx_word' id='word_1_164' title='bbox 2581 720 2627 776; x_wconf 89' lang='lat' dir='ltr'><strong>si</strong></span> <span class='ocrx_word' id='word_1_165' title='bbox 2658 733 2780 790; x_wconf 67' lang='lat' dir='ltr'><strong>quae</strong></span> <span class='ocrx_word' id='word_1_166' title='bbox 2821 718 3119 774; x_wconf 88' lang='lat' dir='ltr'><strong>necessitas</strong></span> <span class='ocrx_word' id='word_1_167' title='bbox 3152 717 3382 788; x_wconf 85' lang='lat' dir='ltr'><strong>jusserit</strong></span> 
     </span>
    </p>
   </div>
   <div class='ocr_carea' id='block_1_24' title="bbox 1812 809 3382 885">
    <p class='ocr_par' dir='ltr' id='par_1_24' title="bbox 1812 809 3382 885">
     <span class='ocr_line' id='line_1_24' title="bbox 1812 809 3382 885; baseline -0.005 -14"><span class='ocrx_word' id='word_1_168' title='bbox 1812 823 1873 871; x_wconf 89' lang='lat' dir='ltr'><strong>ut</strong></span> <span class='ocrx_word' id='word_1_169' title='bbox 1893 815 2077 885; x_wconf 84' lang='lat' dir='ltr'><strong>aliquo</strong></span> <span class='ocrx_word' id='word_1_170' title='bbox 2106 813 2374 885; x_wconf 87' lang='lat' dir='ltr'><strong>mittaris;</strong></span> <span class='ocrx_word' id='word_1_171' title='bbox 2402 822 2458 868; x_wconf 90' lang='lat' dir='ltr'><strong>tu</strong></span> <span class='ocrx_word' id='word_1_172' title='bbox 2488 814 2616 883; x_wconf 86' lang='lat' dir='ltr'><strong>quia</strong></span> <span class='ocrx_word' id='word_1_173' title='bbox 2646 810 2963 881; x_wconf 87' lang='lat' dir='ltr'><strong>aliquandiu</strong></span> <span class='ocrx_word' id='word_1_174' title='bbox 2993 825 3023 864; x_wconf 90' lang='lat' dir='ltr'><strong>a</strong></span> <span class='ocrx_word' id='word_1_175' title='bbox 3056 824 3143 865; x_wconf 90' lang='lat' dir='ltr'><strong>me</strong></span> <span class='ocrx_word' id='word_1_176' title='bbox 3174 809 3382 864; x_wconf 84' lang='lat' dir='ltr'><strong>utiliter</strong></span> 
     </span>
    </p>
   </div>
   <div class='ocr_carea' id='block_1_25' title="bbox 1813 894 3378 976">
    <p class='ocr_par' dir='ltr' id='par_1_25' title="bbox 1813 894 3378 976">
     <span class='ocr_line' id='line_1_25' title="bbox 1813 894 3378 976; baseline -0.005 -15"><span class='ocrx_word' id='word_1_177' title='bbox 1813 905 1924 962; x_wconf 89' lang='lat' dir='ltr'><strong>eris</strong></span> <span class='ocrx_word' id='word_1_178' title='bbox 1948 914 2254 976; x_wconf 84' lang='lat' dir='ltr'><strong>separatus,</strong></span> <span class='ocrx_word' id='word_1_179' title='bbox 2282 894 2403 959; x_wconf 90' lang='lat' dir='ltr'><strong>ideo</strong></span> <span class='ocrx_word' id='word_1_180' title='bbox 2438 901 2725 958; x_wconf 77' lang='lat' dir='ltr'><strong>morieris?</strong></span> <span class='ocrx_word' id='word_1_181' title='bbox 2754 899 2943 954; x_wconf 89' lang='lat' dir='ltr'><strong>Nonne</strong></span> <span class='ocrx_word' id='word_1_182' title='bbox 2963 900 3166 970; x_wconf 85' lang='lat' dir='ltr'><strong>potius,</strong></span> <span class='ocrx_word' id='word_1_183' title='bbox 3200 908 3378 954; x_wconf 85' lang='lat' dir='ltr'><strong>tecum</strong></span> 
     </span>
    </p>
   </div>
   <div class='ocr_carea' id='block_1_26' title="bbox 1813 995 3383 1070">
    <p class='ocr_par' dir='ltr' id='par_1_26' title="bbox 1813 995 3383 1070">
     <span class='ocr_line' id='line_1_26' title="bbox 1813 995 3383 1070; baseline -0.004 -15"><span class='ocrx_word' id='word_1_184' title='bbox 1813 1008 2095 1070; x_wconf 86' lang='lat' dir='ltr'><strong>reputans,</strong></span> <span class='ocrx_word' id='word_1_185' title='bbox 2114 998 2332 1055; x_wconf 87' lang='lat' dir='ltr'><strong>ferenda</strong></span> <span class='ocrx_word' id='word_1_186' title='bbox 2353 1014 2475 1054; x_wconf 89' lang='lat' dir='ltr'><strong>esse</strong></span> <span class='ocrx_word' id='word_1_187' title='bbox 2495 1013 2622 1068; x_wconf 65' lang='lat' dir='ltr'><strong>quae</strong></span> <span class='ocrx_word' id='word_1_188' title='bbox 2643 1006 2864 1067; x_wconf 87' lang='lat' dir='ltr'><strong>propter</strong></span> <span class='ocrx_word' id='word_1_189' title='bbox 2891 996 3268 1052; x_wconf 79' lang='lat' dir='ltr'><strong>necessitatem</strong></span> <span class='ocrx_word' id='word_1_190' title='bbox 3290 995 3383 1066; x_wconf 80' lang='lat' dir='ltr'><strong>ju-</strong></span> 
     </span>
    </p>
   </div>
   <div class='ocr_carea' id='block_1_27' title="bbox 1812 1088 3382 1162">
    <p class='ocr_par' dir='ltr' id='par_1_27' title="bbox 1812 1088 3382 1162">
     <span class='ocr_line' id='line_1_27' title="bbox 1812 1088 3382 1162; baseline -0.003 -16"><span class='ocrx_word' id='word_1_191' title='bbox 1812 1092 1977 1157; x_wconf 88' lang='lat' dir='ltr'><strong>beris,</strong></span> <span class='ocrx_word' id='word_1_192' title='bbox 2019 1106 2177 1162; x_wconf 66' lang='lat' dir='ltr'><strong>aequo</strong></span> <span class='ocrx_word' id='word_1_193' title='bbox 2204 1091 2390 1146; x_wconf 89' lang='lat' dir='ltr'><strong>animo</strong></span> <span class='ocrx_word' id='word_1_194' title='bbox 2426 1088 2603 1145; x_wconf 82' lang='lat' dir='ltr'><strong>feres?</strong></span> <span class='ocrx_word' id='word_1_195' title='bbox 2638 1088 2748 1143; x_wconf 82' lang='lat' dir='ltr'><strong>Aut</strong></span> <span class='ocrx_word' id='word_1_196' title='bbox 2785 1088 2966 1143; x_wconf 90' lang='lat' dir='ltr'><strong>nescis</strong></span> <span class='ocrx_word' id='word_1_197' title='bbox 3029 1088 3236 1142; x_wconf 86' lang='lat' dir='ltr'><strong>amicos</strong></span> <span class='ocrx_word' id='word_1_198' title='bbox 3271 1102 3382 1142; x_wconf 87' lang='lat' dir='ltr'><strong>una</strong></span> 
     </span>
    </p>
   </div>
   <div class='ocr_carea' id='block_1_28' title="bbox 1812 1180 3384 1250">
    <p class='ocr_par' dir='ltr' id='par_1_28' title="bbox 1812 1180 3384 1250">
     <span class='ocr_line' id='line_1_28' title="bbox 1812 1180 3384 1250; baseline -0.004 -11"><span class='ocrx_word' id='word_1_199' title='bbox 1812 1198 1935 1239; x_wconf 92' lang='lat' dir='ltr'><strong>esse</strong></span> <span class='ocrx_word' id='word_1_200' title='bbox 1965 1182 2365 1245; x_wconf 87' lang='lat' dir='ltr'><strong>recordatione,</strong></span> <span class='ocrx_word' id='word_1_201' title='bbox 2403 1182 2529 1237; x_wconf 87' lang='lat' dir='ltr'><strong>licet</strong></span> <span class='ocrx_word' id='word_1_202' title='bbox 2557 1180 2882 1250; x_wconf 85' lang='lat' dir='ltr'><strong>corporibus</strong></span> <span class='ocrx_word' id='word_1_203' title='bbox 2918 1180 3061 1234; x_wconf 89' lang='lat' dir='ltr'><strong>inter</strong></span> <span class='ocrx_word' id='word_1_204' title='bbox 3086 1194 3145 1233; x_wconf 89' lang='lat' dir='ltr'><strong>se</strong></span> <span class='ocrx_word' id='word_1_205' title='bbox 3174 1180 3384 1249; x_wconf 73' lang='lat' dir='ltr'><strong>disiun-</strong></span> 
     </span>
    </p>
   </div>
   <div class='ocr_carea' id='block_1_29' title="bbox 1822 1272 3385 1347">
    <p class='ocr_par' dir='ltr' id='par_1_29' title="bbox 1822 1272 3385 1347">
     <span class='ocr_line' id='line_1_29' title="bbox 1822 1272 3385 1347; baseline -0.002 -16"><span class='ocrx_word' id='word_1_206' title='bbox 1822 1284 2055 1347; x_wconf 83' lang='lat' dir='ltr'><strong>gantur;</strong></span> <span class='ocrx_word' id='word_1_207' title='bbox 2085 1274 2224 1331; x_wconf 83' lang='lat' dir='ltr'><strong>sicut</strong></span> <span class='ocrx_word' id='word_1_208' title='bbox 2251 1273 2500 1330; x_wconf 90' lang='lat' dir='ltr'><strong>nonnulli</strong></span> <span class='ocrx_word' id='word_1_209' title='bbox 2518 1273 2838 1344; x_wconf 86' lang='lat' dir='ltr'><strong>corporibus</strong></span> <span class='ocrx_word' id='word_1_210' title='bbox 2853 1279 3171 1342; x_wconf 65' lang='lat' dir='ltr'><strong>praesentes,</strong></span> <span class='ocrx_word' id='word_1_211' title='bbox 3184 1272 3385 1328; x_wconf 88' lang='lat' dir='ltr'><strong>animis</strong></span> 
     </span>
    </p>
   </div>
   <div class='ocr_carea' id='block_1_30' title="bbox 1813 1364 2395 1435">
    <p class='ocr_par' dir='ltr' id='par_1_30' title="bbox 1813 1364 2395 1435">
     <span class='ocr_line' id='line_1_30' title="bbox 1813 1364 2395 1435; baseline -0.003 -14"><span class='ocrx_word' id='word_1_212' title='bbox 1813 1368 2005 1435; x_wconf 81' lang='lat' dir='ltr'><strong>procul</strong></span> <span class='ocrx_word' id='word_1_213' title='bbox 2026 1374 2156 1423; x_wconf 89' lang='lat' dir='ltr'><strong>sunt</strong></span> <span class='ocrx_word' id='word_1_214' title='bbox 2179 1364 2395 1422; x_wconf 79' lang='lat' dir='ltr'><strong>dissiti?</strong></span> 
     </span>
    </p>
   </div>
   <div class='ocr_carea' id='block_1_31' title="bbox 1884 1454 3382 1531">
    <p class='ocr_par' dir='ltr' id='par_1_31' title="bbox 1884 1454 3382 1531">
     <span class='ocr_line' id='line_1_31' title="bbox 1884 1454 3382 1531; baseline -0.003 -16"><span class='ocrx_word' id='word_1_215' title='bbox 1884 1458 2117 1516; x_wconf 85' lang='lat' dir='ltr'><strong>LXXIII.</strong></span> <span class='ocrx_word' id='word_1_216' title='bbox 2154 1459 2222 1514; x_wconf 88' lang='lat' dir='ltr'><strong>Et</strong></span> <span class='ocrx_word' id='word_1_217' title='bbox 2242 1475 2341 1531; x_wconf 87' lang='lat' dir='ltr'><strong>ego</strong></span> <span class='ocrx_word' id='word_1_218' title='bbox 2372 1458 2626 1528; x_wconf 88' lang='lat' dir='ltr'><strong>respondi</strong></span> <span class='ocrx_word' id='word_1_219' title='bbox 2664 1475 2676 1511; x_wconf 92' lang='lat'>:</span> <span class='ocrx_word' id='word_1_220' title='bbox 2709 1454 2909 1511; x_wconf 77' lang='lat' dir='ltr'><strong>Verum</strong></span> <span class='ocrx_word' id='word_1_221' title='bbox 2934 1472 3002 1512; x_wconf 91' lang='lat' dir='ltr'><strong>ne</strong></span> <span class='ocrx_word' id='word_1_222' title='bbox 3025 1456 3092 1512; x_wconf 92' lang='lat' dir='ltr'><strong>de</strong></span> <span class='ocrx_word' id='word_1_223' title='bbox 3121 1472 3208 1512; x_wconf 87' lang='lat' dir='ltr'><strong>me</strong></span> <span class='ocrx_word' id='word_1_224' title='bbox 3232 1457 3382 1513; x_wconf 86' lang='lat' dir='ltr'><strong>arbi-</strong></span> 
     </span>
    </p>
   </div>
   <div class='ocr_carea' id='block_1_32' title="bbox 1816 1547 3388 1620">
    <p class='ocr_par' dir='ltr' id='par_1_32' title="bbox 1816 1547 3388 1620">
     <span class='ocr_line' id='line_1_32' title="bbox 1816 1547 3388 1620; baseline -0.001 -15"><span class='ocrx_word' id='word_1_225' title='bbox 1816 1550 2014 1615; x_wconf 88' lang='lat' dir='ltr'><strong>treris,</strong></span> <span class='ocrx_word' id='word_1_226' title='bbox 2055 1550 2293 1617; x_wconf 89' lang='lat' dir='ltr'><strong>domine,</strong></span> <span class='ocrx_word' id='word_1_227' title='bbox 2331 1547 2476 1620; x_wconf 86' lang='lat' dir='ltr'><strong>quod</strong></span> <span class='ocrx_word' id='word_1_228' title='bbox 2528 1550 2691 1603; x_wconf 82' lang='lat' dir='ltr'><strong>istum</strong></span> <span class='ocrx_word' id='word_1_229' title='bbox 2736 1562 3027 1603; x_wconf 70' lang='lat' dir='ltr'><strong>maerorem</strong></span> <span class='ocrx_word' id='word_1_230' title='bbox 3070 1548 3388 1619; x_wconf 83' lang='lat' dir='ltr'><strong>insipienter</strong></span> 
     </span>
    </p>
   </div>
   <div class='ocr_carea' id='block_1_33' title="bbox 1817 1640 3389 1712">
    <p class='ocr_par' dir='ltr' id='par_1_33' title="bbox 1817 1640 3389 1712">
     <span class='ocr_line' id='line_1_33' title="bbox 1817 1640 3389 1712; baseline -0.001 -16"><span class='ocrx_word' id='word_1_231' title='bbox 1817 1641 1919 1696; x_wconf 87' lang='lat' dir='ltr'><strong>sim</strong></span> <span class='ocrx_word' id='word_1_232' title='bbox 1935 1656 2315 1712; x_wconf 87' lang='lat' dir='ltr'><strong>perpessurus,</strong></span> <span class='ocrx_word' id='word_1_233' title='bbox 2338 1641 2586 1711; x_wconf 90' lang='lat' dir='ltr'><strong>quinimo</strong></span> <span class='ocrx_word' id='word_1_234' title='bbox 2602 1641 2895 1696; x_wconf 86' lang='lat' dir='ltr'><strong>admodum</strong></span> <span class='ocrx_word' id='word_1_235' title='bbox 2916 1648 3061 1697; x_wconf 90' lang='lat' dir='ltr'><strong>recte</strong></span> <span class='ocrx_word' id='word_1_236' title='bbox 3080 1656 3140 1696; x_wconf 89' lang='lat' dir='ltr'><strong>se</strong></span> <span class='ocrx_word' id='word_1_237' title='bbox 3158 1640 3389 1696; x_wconf 87' lang='lat' dir='ltr'><strong>habente</strong></span> 
     </span>
    </p>
   </div>
   <div class='ocr_carea' id='block_1_34' title="bbox 125 1731 1719 1813">
    <p class='ocr_par' dir='ltr' id='par_1_34' title="bbox 125 1736 1717 1813">
     <span class='ocr_line' id='line_1_34' title="bbox 125 1736 1717 1813; baseline -0.006 -16"><span class='ocrx_word' id='word_1_238' title='bbox 125 1745 261 1797; x_wconf 76' lang='grc' dir='ltr'>ἀντὶ</span> <span class='ocrx_word' id='word_1_239' title='bbox 295 1744 513 1799; x_wconf 86' lang='grc' dir='ltr'>πάντων</span> <span class='ocrx_word' id='word_1_240' title='bbox 548 1740 791 1813; x_wconf 70' lang='grc' dir='ltr'>εἱλόμην,</span> <span class='ocrx_word' id='word_1_241' title='bbox 834 1742 1040 1812; x_wconf 78' lang='grc' dir='ltr'>πατρὸς</span> <span class='ocrx_word' id='word_1_242' title='bbox 1074 1736 1169 1795; x_wconf 69' lang='grc' dir='ltr'><strong>καὶ</strong></span> <span class='ocrx_word' id='word_1_243' title='bbox 1212 1738 1435 1811; x_wconf 80' lang='grc' dir='ltr'>μητρὸς,</span> <span class='ocrx_word' id='word_1_244' title='bbox 1474 1736 1717 1806; x_wconf 81' lang='grc' dir='ltr'>ἀδελφῶν</span> 
     </span>
    </p>
   </div>
   <div class='ocr_carea' id='block_1_35' title="bbox 1823 1731 3384 1813">
    <p class='ocr_par' dir='ltr' id='par_1_35' title="bbox 1823 1731 3384 1804">
     <span class='ocr_line' id='line_1_35' title="bbox 1823 1731 3384 1804; baseline 0.003 -20"><span class='ocrx_word' id='word_1_245' title='bbox 1823 1732 2049 1785; x_wconf 83' lang='lat' dir='ltr'><strong>ratione.</strong></span> <span class='ocrx_word' id='word_1_246' title='bbox 2086 1731 2358 1796; x_wconf 85' lang='lat' dir='ltr'><strong>Quoniam</strong></span> <span class='ocrx_word' id='word_1_247' title='bbox 2415 1731 2562 1785; x_wconf 88' lang='lat' dir='ltr'><strong>enim</strong></span> <span class='ocrx_word' id='word_1_248' title='bbox 2604 1739 2656 1787; x_wconf 93' lang='lat' dir='ltr'><strong>te</strong></span> <span class='ocrx_word' id='word_1_249' title='bbox 2697 1746 2795 1801; x_wconf 93' lang='lat' dir='ltr'><strong>pro</strong></span> <span class='ocrx_word' id='word_1_250' title='bbox 2853 1733 3112 1787; x_wconf 89' lang='lat' dir='ltr'><strong>omnibus</strong></span> <span class='ocrx_word' id='word_1_251' title='bbox 3164 1735 3384 1804; x_wconf 90' lang='lat' dir='ltr'><strong>accepi,</strong></span> 
     </span>
    </p>
   </div>
   <div class='ocr_carea' id='block_1_36' title="bbox 126 1830 1721 1907">
    <p class='ocr_par' dir='ltr' id='par_1_36' title="bbox 126 1830 1721 1907">
     <span class='ocr_line' id='line_1_36' title="bbox 126 1830 1721 1907; baseline -0.004 -18"><span class='ocrx_word' id='word_1_252' title='bbox 126 1837 255 1907; x_wconf 75' lang='grc' dir='ltr'>ἅμα</span> <span class='ocrx_word' id='word_1_253' title='bbox 295 1835 391 1890; x_wconf 77' lang='grc' dir='ltr'><strong>καὶ</strong></span> <span class='ocrx_word' id='word_1_254' title='bbox 444 1835 721 1903; x_wconf 84' lang='grc' dir='ltr'>συγγενῶν</span> <span class='ocrx_word' id='word_1_255' title='bbox 742 1874 758 1899; x_wconf 91' lang='grc'><strong>,</strong></span> <span class='ocrx_word' id='word_1_256' title='bbox 811 1834 983 1888; x_wconf 81' lang='grc' dir='ltr'>αῐτιόν</span> <span class='ocrx_word' id='word_1_257' title='bbox 1029 1848 1119 1905; x_wconf 86' lang='grc' dir='ltr'><strong>μοι</strong></span> <span class='ocrx_word' id='word_1_258' title='bbox 1159 1833 1443 1902; x_wconf 87' lang='grc' dir='ltr'>γενόμενον</span> <span class='ocrx_word' id='word_1_259' title='bbox 1490 1830 1577 1884; x_wconf 84' lang='grc' dir='ltr'>διὰ</span> <span class='ocrx_word' id='word_1_260' title='bbox 1631 1830 1721 1883; x_wconf 77' lang='grc' dir='ltr'><strong>τὸν</strong></span> 
     </span>
    </p>
   </div>
   <div class='ocr_carea' id='block_1_37' title="bbox 126 1918 1721 1997">
    <p class='ocr_par' dir='ltr' id='par_1_37' title="bbox 126 1918 1721 1997">
     <span class='ocr_line' id='line_1_37' title="bbox 126 1918 1721 1997; baseline -0.004 -16"><span class='ocrx_word' id='word_1_261' title='bbox 126 1927 268 1981; x_wconf 69' lang='grc' dir='ltr'>Θεὸν</span> <span class='ocrx_word' id='word_1_262' title='bbox 295 1927 397 1997; x_wconf 81' lang='grc' dir='ltr'>τῆς</span> <span class='ocrx_word' id='word_1_263' title='bbox 419 1926 695 1997; x_wconf 74' lang='grc' dir='ltr'>σῳζούσης</span> <span class='ocrx_word' id='word_1_264' title='bbox 719 1920 993 1997; x_wconf 87' lang='grc' dir='ltr'>ἀληθείας·</span> <span class='ocrx_word' id='word_1_265' title='bbox 1027 1923 1168 1978; x_wconf 77' lang='grc' dir='ltr'>οὕτω</span> <span class='ocrx_word' id='word_1_266' title='bbox 1197 1926 1290 1977; x_wconf 72' lang='grc' dir='ltr'><strong>καὶ</strong></span> <span class='ocrx_word' id='word_1_267' title='bbox 1318 1918 1385 1995; x_wconf 84' lang='grc' dir='ltr'>ἦς</span> <span class='ocrx_word' id='word_1_268' title='bbox 1412 1920 1634 1993; x_wconf 79' lang='grc' dir='ltr'>ἔμελλον</span> <span class='ocrx_word' id='word_1_269' title='bbox 1658 1923 1721 1974; x_wconf 82' lang='grc' dir='ltr'>ὲκ</span> 
     </span>
    </p>
   </div>
   <div class='ocr_carea' id='block_1_38' title="bbox 129 2010 1719 2086">
    <p class='ocr_par' dir='ltr' id='par_1_38' title="bbox 129 2010 1719 2086">
     <span class='ocr_line' id='line_1_38' title="bbox 129 2010 1719 2086; baseline -0.005 -15"><span class='ocrx_word' id='word_1_270' title='bbox 129 2017 360 2071; x_wconf 81' lang='grc' dir='ltr'>πάντων</span> <span class='ocrx_word' id='word_1_271' title='bbox 392 2010 685 2069; x_wconf 79' lang='grc' dir='ltr'>ἀπολαύειν</span> <span class='ocrx_word' id='word_1_272' title='bbox 714 2013 1084 2086; x_wconf 84' lang='grc' dir='ltr'>παραμυθίας,</span> <span class='ocrx_word' id='word_1_273' title='bbox 1117 2013 1206 2066; x_wconf 89' lang='grc' dir='ltr'><strong>διά</strong></span> <span class='ocrx_word' id='word_1_274' title='bbox 1242 2011 1338 2065; x_wconf 88' lang='grc' dir='ltr'><strong>σοῦ</strong></span> <span class='ocrx_word' id='word_1_275' title='bbox 1380 2011 1540 2083; x_wconf 87' lang='grc' dir='ltr'>μόνου</span> <span class='ocrx_word' id='word_1_276' title='bbox 1585 2028 1719 2081; x_wconf 70' lang='grc' dir='ltr'>κάρ-ι</span> 
     </span>
    </p>
   </div>
   <div class='ocr_carea' id='block_1_39' title="bbox 131 2099 1721 2178">
    <p class='ocr_par' dir='ltr' id='par_1_39' title="bbox 131 2099 1721 2178">
     <span class='ocr_line' id='line_1_39' title="bbox 131 2099 1721 2178; baseline -0.004 -17"><span class='ocrx_word' id='word_1_277' title='bbox 131 2107 375 2178; x_wconf 83' lang='grc' dir='ltr'>ποῦμαι.</span> <span class='ocrx_word' id='word_1_278' title='bbox 407 2107 630 2161; x_wconf 81' lang='grc' dir='ltr'>Δέδοικα</span> <span class='ocrx_word' id='word_1_279' title='bbox 660 2106 769 2178; x_wconf 83' lang='grc' dir='ltr'>γὰρ</span> <span class='ocrx_word' id='word_1_280' title='bbox 788 2106 922 2169; x_wconf 81' lang='grc' dir='ltr'>ὅλως</span> <span class='ocrx_word' id='word_1_281' title='bbox 953 2099 1343 2176; x_wconf 79' lang='grc' dir='ltr'>ἀπολειφθῆναι</span> <span class='ocrx_word' id='word_1_282' title='bbox 1369 2120 1484 2169; x_wconf 91' lang='grc' dir='ltr'>σου,</span> <span class='ocrx_word' id='word_1_283' title='bbox 1512 2104 1721 2175; x_wconf 83' lang='grc' dir='ltr'>μήποτε</span> 
     </span>
    </p>
   </div>
   <div class='ocr_carea' id='block_1_40' title="bbox 128 2188 1722 2273">
    <p class='ocr_par' dir='ltr' id='par_1_40' title="bbox 128 2188 1722 2273">
     <span class='ocr_line' id='line_1_40' title="bbox 128 2188 1722 2273; baseline -0.005 -17"><span class='ocrx_word' id='word_1_284' title='bbox 128 2202 224 2256; x_wconf 77' lang='grc' dir='ltr'><strong>διά</strong></span> <span class='ocrx_word' id='word_1_285' title='bbox 254 2202 357 2273; x_wconf 80' lang='grc' dir='ltr'>τὴν</span> <span class='ocrx_word' id='word_1_286' title='bbox 387 2202 452 2254; x_wconf 80' lang='grc' dir='ltr'><strong>ὲκ</strong></span> <span class='ocrx_word' id='word_1_287' title='bbox 480 2201 581 2271; x_wconf 83' lang='grc' dir='ltr'>τῆς</span> <span class='ocrx_word' id='word_1_288' title='bbox 608 2199 823 2271; x_wconf 80' lang='grc' dir='ltr'>ἡλικίας</span> <span class='ocrx_word' id='word_1_289' title='bbox 856 2199 1061 2270; x_wconf 80' lang='grc' dir='ltr'>ἀκμὴν,</span> <span class='ocrx_word' id='word_1_290' title='bbox 1093 2198 1268 2271; x_wconf 58' lang='grc' dir='ltr'>ἥττων</span> <span class='ocrx_word' id='word_1_291' title='bbox 1301 2195 1595 2266; x_wconf 69' lang='grc' dir='ltr'>ἐπιθυμίας</span> <span class='ocrx_word' id='word_1_292' title='bbox 1632 2188 1722 2264; x_wconf 82' lang='grc' dir='ltr'>γέ-</span> 
     </span>
    </p>
   </div>
   <div class='ocr_carea' id='block_1_41' title="bbox 129 2286 1722 2363">
    <p class='ocr_par' dir='ltr' id='par_1_41' title="bbox 129 2286 1722 2363">
     <span class='ocr_line' id='line_1_41' title="bbox 129 2286 1722 2363; baseline -0.006 -16"><span class='ocrx_word' id='word_1_293' title='bbox 129 2310 339 2363; x_wconf 88' lang='grc' dir='ltr'>νωμαι.</span> <span class='ocrx_word' id='word_1_294' title='bbox 362 2292 472 2345; x_wconf 78' lang='grc' dir='ltr'><strong>Καὶ</strong></span> <span class='ocrx_word' id='word_1_295' title='bbox 497 2291 588 2346; x_wconf 87' lang='grc' dir='ltr'><strong>διὰ</strong></span> <span class='ocrx_word' id='word_1_296' title='bbox 612 2291 770 2344; x_wconf 83' lang='grc' dir='ltr'>τοῦτο</span> <span class='ocrx_word' id='word_1_297' title='bbox 799 2288 973 2353; x_wconf 76' lang='grc' dir='ltr'>οὕτως</span> <span class='ocrx_word' id='word_1_298' title='bbox 1001 2287 1301 2350; x_wconf 82' lang='grc' dir='ltr'>ὲνστάσεως</span> <span class='ocrx_word' id='word_1_299' title='bbox 1334 2286 1462 2356; x_wconf 80' lang='grc' dir='ltr'>ἔχω,</span> <span class='ocrx_word' id='word_1_300' title='bbox 1493 2286 1569 2349; x_wconf 85' lang='grc' dir='ltr'>ὡς</span> <span class='ocrx_word' id='word_1_301' title='bbox 1596 2286 1722 2338; x_wconf 83' lang='grc' dir='ltr'>ἀπο-</span> 
     </span>
    </p>
   </div>
   <div class='ocr_carea' id='block_1_42' title="bbox 133 2374 1721 2455">
    <p class='ocr_par' dir='ltr' id='par_1_42' title="bbox 133 2374 1721 2455">
     <span class='ocr_line' id='line_1_42' title="bbox 133 2374 1721 2455; baseline -0.006 -18"><span class='ocrx_word' id='word_1_302' title='bbox 133 2384 334 2455; x_wconf 86' lang='grc' dir='ltr'>στῆναί</span> <span class='ocrx_word' id='word_1_303' title='bbox 383 2399 476 2436; x_wconf 84' lang='grc' dir='ltr'><strong>σου</strong></span> <span class='ocrx_word' id='word_1_304' title='bbox 524 2382 783 2436; x_wconf 88' lang='grc' dir='ltr'>ἀδύνατον</span> <span class='ocrx_word' id='word_1_305' title='bbox 828 2377 994 2442; x_wconf 81' lang='grc' dir='ltr'>εἶναι,</span> <span class='ocrx_word' id='word_1_306' title='bbox 1046 2379 1094 2431; x_wconf 85' lang='grc' dir='ltr'><strong>εί</strong></span> <span class='ocrx_word' id='word_1_307' title='bbox 1135 2378 1208 2449; x_wconf 78' lang='grc' dir='ltr'>μὴ</span> <span class='ocrx_word' id='word_1_308' title='bbox 1242 2376 1386 2431; x_wconf 71' lang='grc' dir='ltr'>κατά</span> <span class='ocrx_word' id='word_1_309' title='bbox 1412 2392 1534 2429; x_wconf 91' lang='grc' dir='ltr'>τινα</span> <span class='ocrx_word' id='word_1_310' title='bbox 1568 2374 1721 2445; x_wconf 88' lang='grc' dir='ltr'>χόλον</span> 
     </span>
    </p>
   </div>
   <div class='ocr_carea' id='block_1_43' title="bbox 130 2468 1719 2545">
    <p class='ocr_par' dir='ltr' id='par_1_43' title="bbox 130 2468 1719 2545">
     <span class='ocr_line' id='line_1_43' title="bbox 130 2468 1719 2545; baseline -0.006 -16"><span class='ocrx_word' id='word_1_311' title='bbox 130 2475 277 2529; x_wconf 71' lang='grc' dir='ltr'>θεοῦ</span> <span class='ocrx_word' id='word_1_312' title='bbox 311 2473 469 2528; x_wconf 87' lang='grc' dir='ltr'>τοῦτο</span> <span class='ocrx_word' id='word_1_313' title='bbox 500 2473 743 2545; x_wconf 87' lang='grc' dir='ltr'>γένηται.</span> <span class='ocrx_word' id='word_1_314' title='bbox 773 2470 883 2526; x_wconf 74' lang='grc' dir='ltr'><strong>Καὶ</strong></span> <span class='ocrx_word' id='word_1_315' title='bbox 910 2471 1018 2541; x_wconf 88' lang='grc' dir='ltr'><strong>γάρ</strong></span> <span class='ocrx_word' id='word_1_316' title='bbox 1051 2469 1330 2542; x_wconf 79' lang='grc' dir='ltr'>μέμνημαί</span> <span class='ocrx_word' id='word_1_317' title='bbox 1362 2485 1454 2521; x_wconf 94' lang='grc' dir='ltr'><strong>σου</strong></span> <span class='ocrx_word' id='word_1_318' title='bbox 1491 2469 1548 2520; x_wconf 82' lang='grc' dir='ltr'>ὲν</span> <span class='ocrx_word' id='word_1_319' title='bbox 1580 2468 1719 2521; x_wconf 84' lang='grc' dir='ltr'>Και-</span> 
     </span>
    </p>
   </div>
   <div class='ocr_carea' id='block_1_44' title="bbox 136 2558 1723 2637">
    <p class='ocr_par' dir='ltr' id='par_1_44' title="bbox 136 2558 1723 2637">
     <span class='ocr_line' id='line_1_44' title="bbox 136 2558 1723 2637; baseline -0.004 -19"><span class='ocrx_word' id='word_1_320' title='bbox 136 2565 341 2637; x_wconf 70' lang='grc' dir='ltr'>σαρείᾳ.</span> <span class='ocrx_word' id='word_1_321' title='bbox 369 2565 630 2629; x_wconf 81' lang='grc' dir='ltr'>εἰπόντος·</span> <span class='ocrx_word' id='word_1_322' title='bbox 667 2560 736 2618; x_wconf 71' lang='grc' dir='ltr'><strong>Εἴ</strong></span> <span class='ocrx_word' id='word_1_323' title='bbox 760 2562 844 2627; x_wconf 87' lang='grc' dir='ltr'><strong>τίς</strong></span> <span class='ocrx_word' id='word_1_324' title='bbox 879 2579 970 2633; x_wconf 89' lang='grc' dir='ltr'><strong>μοι</strong></span> <span class='ocrx_word' id='word_1_325' title='bbox 1004 2560 1250 2632; x_wconf 89' lang='grc' dir='ltr'>βούλεται</span> <span class='ocrx_word' id='word_1_326' title='bbox 1277 2559 1612 2623; x_wconf 82' lang='grc' dir='ltr'>συνοδεῦσαι,</span> <span class='ocrx_word' id='word_1_327' title='bbox 1642 2558 1723 2612; x_wconf 81' lang='grc' dir='ltr'><strong>εὑ-</strong></span> 
     </span>
    </p>
   </div>
   <div class='ocr_carea' id='block_1_45' title="bbox 134 2648 1723 2723">
    <p class='ocr_par' dir='ltr' id='par_1_45' title="bbox 134 2648 1723 2723">
     <span class='ocr_line' id='line_1_45' title="bbox 134 2648 1723 2723; baseline -0.004 -13"><span class='ocrx_word' id='word_1_328' title='bbox 134 2656 319 2719; x_wconf 81' lang='grc' dir='ltr'>σεϐῶς</span> <span class='ocrx_word' id='word_1_329' title='bbox 354 2657 450 2711; x_wconf 77' lang='grc' dir='ltr'><strong>καὶ</strong></span> <span class='ocrx_word' id='word_1_330' title='bbox 480 2652 824 2710; x_wconf 86' lang='grc' dir='ltr'>συνοδευέτω.</span> <span class='ocrx_word' id='word_1_331' title='bbox 853 2652 1108 2717; x_wconf 84' lang='grc' dir='ltr'>Εὐσεϐῶς</span> <span class='ocrx_word' id='word_1_332' title='bbox 1135 2652 1193 2707; x_wconf 83' lang='grc' dir='ltr'>δὲ</span> <span class='ocrx_word' id='word_1_333' title='bbox 1224 2652 1378 2723; x_wconf 74' lang='grc' dir='ltr'>ἔφης,</span> <span class='ocrx_word' id='word_1_334' title='bbox 1418 2648 1480 2705; x_wconf 84' lang='grc' dir='ltr'><strong>τδ</strong></span> <span class='ocrx_word' id='word_1_335' title='bbox 1518 2650 1723 2723; x_wconf 84' lang='grc' dir='ltr'>μηδένα</span> 
     </span>
    </p>
   </div>
   <div class='ocr_carea' id='block_1_46' title="bbox 133 2741 1718 2819">
    <p class='ocr_par' dir='ltr' id='par_1_46' title="bbox 133 2741 1718 2819">
     <span class='ocr_line' id='line_1_46' title="bbox 133 2741 1718 2819; baseline -0.003 -18"><span class='ocrx_word' id='word_1_336' title='bbox 133 2748 382 2819; x_wconf 77' lang='grc' dir='ltr'>λυπῆσαι</span> <span class='ocrx_word' id='word_1_337' title='bbox 403 2747 543 2800; x_wconf 84' lang='grc' dir='ltr'><strong>κατά</strong></span> <span class='ocrx_word' id='word_1_338' title='bbox 559 2746 711 2810; x_wconf 83' lang='grc' dir='ltr'>Θεὸν,</span> <span class='ocrx_word' id='word_1_339' title='bbox 738 2741 870 2811; x_wconf 80' lang='grc' dir='ltr'>οἷον,</span> <span class='ocrx_word' id='word_1_340' title='bbox 893 2746 1226 2800; x_wconf 79' lang='grc' dir='ltr'>ἀπολιπόντα</span> <span class='ocrx_word' id='word_1_341' title='bbox 1250 2746 1445 2815; x_wconf 85' lang='grc' dir='ltr'>γονεῖς,</span> <span class='ocrx_word' id='word_1_342' title='bbox 1466 2745 1718 2813; x_wconf 78' lang='grc' dir='ltr'>γυναῖκα,</span> 
     </span>
    </p>
   </div>
   <div class='ocr_carea' id='block_1_47' title="bbox 136 2834 1717 2911">
    <p class='ocr_par' dir='ltr' id='par_1_47' title="bbox 136 2834 1717 2911">
     <span class='ocr_line' id='line_1_47' title="bbox 136 2834 1717 2911; baseline -0.003 -18"><span class='ocrx_word' id='word_1_343' title='bbox 136 2840 284 2911; x_wconf 79' lang='grc' dir='ltr'>πρὸς</span> <span class='ocrx_word' id='word_1_344' title='bbox 312 2839 371 2893; x_wconf 87' lang='grc' dir='ltr'>δὲ</span> <span class='ocrx_word' id='word_1_345' title='bbox 390 2878 406 2904; x_wconf 95' lang='grc'><strong>,</strong></span> <span class='ocrx_word' id='word_1_346' title='bbox 453 2840 547 2894; x_wconf 73' lang='grc' dir='ltr'><strong>καὶ</strong></span> <span class='ocrx_word' id='word_1_347' title='bbox 576 2836 798 2911; x_wconf 79' lang='grc' dir='ltr'>ἐτέρους</span> <span class='ocrx_word' id='word_1_348' title='bbox 838 2838 992 2901; x_wconf 85' lang='grc' dir='ltr'>τινάς</span> <span class='ocrx_word' id='word_1_349' title='bbox 1017 2838 1127 2891; x_wconf 93' lang='grc' dir='ltr'><strong>τῶν</strong></span> <span class='ocrx_word' id='word_1_350' title='bbox 1155 2836 1396 2891; x_wconf 82' lang='grc' dir='ltr'>εὐσεϐεῖν</span> <span class='ocrx_word' id='word_1_351' title='bbox 1432 2834 1717 2907; x_wconf 77' lang='grc' dir='ltr'>ἑλομένων.</span> 
     </span>
    </p>
   </div>
   <div class='ocr_carea' id='block_1_48' title="bbox 139 2927 1720 3001">
    <p class='ocr_par' dir='ltr' id='par_1_48' title="bbox 139 2927 1720 3001">
     <span class='ocr_line' id='line_1_48' title="bbox 139 2927 1720 3001; baseline -0.003 -17"><span class='ocrx_word' id='word_1_352' title='bbox 139 2930 313 2985; x_wconf 85' lang='grc' dir='ltr'>Ὅθεν</span> <span class='ocrx_word' id='word_1_353' title='bbox 349 2930 461 2999; x_wconf 79' lang='grc' dir='ltr'><strong>ἐγὼ</strong></span> <span class='ocrx_word' id='word_1_354' title='bbox 498 2930 641 2985; x_wconf 85' lang='grc' dir='ltr'>κατά</span> <span class='ocrx_word' id='word_1_355' title='bbox 681 2931 860 2985; x_wconf 87' lang='grc' dir='ltr'>πάντα</span> <span class='ocrx_word' id='word_1_356' title='bbox 887 2929 1190 3001; x_wconf 70' lang='grc' dir='ltr'>ἐπιτήδειός</span> <span class='ocrx_word' id='word_1_357' title='bbox 1220 2927 1334 3000; x_wconf 78' lang='grc' dir='ltr'>εἰμί</span> <span class='ocrx_word' id='word_1_358' title='bbox 1368 2943 1451 2982; x_wconf 89' lang='grc' dir='ltr'><strong>σοι</strong></span> <span class='ocrx_word' id='word_1_359' title='bbox 1488 2927 1720 2981; x_wconf 90' lang='grc' dir='ltr'>συνοδοι-</span> 
     </span>
    </p>
   </div>
   <div class='ocr_carea' id='block_1_49' title="bbox 136 3004 1722 3094">
    <p class='ocr_par' dir='ltr' id='par_1_49' title="bbox 136 3004 1722 3094">
     <span class='ocr_line' id='line_1_49' title="bbox 136 3004 1722 3094; baseline -0.001 -19"><span class='ocrx_word' id='word_1_360' title='bbox 136 3004 333 3094; x_wconf 71' lang='grc' dir='ltr'>πόρὂ,</span> <span class='ocrx_word' id='word_1_361' title='bbox 372 3014 417 3090; x_wconf 81' lang='grc' dir='ltr'><strong>ᾧ</strong></span> <span class='ocrx_word' id='word_1_362' title='bbox 442 3022 537 3075; x_wconf 76' lang='grc' dir='ltr'><strong>καὶ</strong></span> <span class='ocrx_word' id='word_1_363' title='bbox 568 3020 637 3075; x_wconf 90' lang='grc' dir='ltr'><strong>τά</strong></span> <span class='ocrx_word' id='word_1_364' title='bbox 679 3021 908 3094; x_wconf 85' lang='grc' dir='ltr'>μέγιστα</span> <span class='ocrx_word' id='word_1_365' title='bbox 938 3020 1157 3093; x_wconf 78' lang='grc' dir='ltr'>χαρίζῃ,</span> <span class='ocrx_word' id='word_1_366' title='bbox 1198 3022 1245 3074; x_wconf 78' lang='grc' dir='ltr'>εἰ</span> <span class='ocrx_word' id='word_1_367' title='bbox 1267 3020 1312 3053; x_wconf 80' lang='grc'><strong>⁸⁸</strong></span> <span class='ocrx_word' id='word_1_368' title='bbox 1338 3019 1438 3084; x_wconf 90' lang='grc' dir='ltr'><strong>τάς</strong></span> <span class='ocrx_word' id='word_1_369' title='bbox 1466 3019 1575 3075; x_wconf 89' lang='grc' dir='ltr'><strong>τῶν</strong></span> <span class='ocrx_word' id='word_1_370' title='bbox 1604 3016 1722 3074; x_wconf 89' lang='grc' dir='ltr'>δού-</span> 
     </span>
    </p>
   </div>
   <div class='ocr_carea' id='block_1_50' title="bbox 136 3112 1136 3187">
    <p class='ocr_par' dir='ltr' id='par_1_50' title="bbox 136 3112 1136 3187">
     <span class='ocr_line' id='line_1_50' title="bbox 136 3112 1136 3187; baseline 0 -20"><span class='ocrx_word' id='word_1_371' title='bbox 136 3112 249 3167; x_wconf 82' lang='grc' dir='ltr'><strong>λων</strong></span> <span class='ocrx_word' id='word_1_372' title='bbox 276 3113 577 3185; x_wconf 76' lang='grc' dir='ltr'>ὑπηρεσίας</span> <span class='ocrx_word' id='word_1_373' title='bbox 608 3112 923 3187; x_wconf 73' lang='grc' dir='ltr'>ἐπιτρέποις</span> <span class='ocrx_word' id='word_1_374' title='bbox 942 3116 1136 3167; x_wconf 84' lang='grc' dir='ltr'>ποιεῖν.</span> 
     </span>
    </p>
   </div>
   <div class='ocr_carea' id='block_1_51' title="bbox 212 3208 1721 3282">
    <p class='ocr_par' dir='ltr' id='par_1_51' title="bbox 212 3208 1721 3282">
     <span class='ocr_line' id='line_1_51' title="bbox 212 3208 1721 3282; baseline -0.001 -19"><span class='ocrx_word' id='word_1_375' title='bbox 212 3209 449 3264; x_wconf 77' lang='lat' dir='ltr'><strong>LXXIV.</strong></span> <span class='ocrx_word' id='word_1_376' title='bbox 491 3209 602 3264; x_wconf 71' lang='grc' dir='ltr'><strong>Καὶ</strong></span> <span class='ocrx_word' id='word_1_377' title='bbox 629 3212 658 3263; x_wconf 84' lang='grc' dir='ltr'><strong>ὁ</strong></span> <span class='ocrx_word' id='word_1_378' title='bbox 690 3210 895 3282; x_wconf 84' lang='grc' dir='ltr'>Πέτρος</span> <span class='ocrx_word' id='word_1_379' title='bbox 938 3210 1204 3274; x_wconf 83' lang='grc' dir='ltr'>ἀκούσας,</span> <span class='ocrx_word' id='word_1_380' title='bbox 1248 3209 1387 3280; x_wconf 88' lang='grc' dir='ltr'><strong>μετά</strong></span> <span class='ocrx_word' id='word_1_381' title='bbox 1415 3208 1559 3273; x_wconf 79' lang='grc' dir='ltr'>τινός</span> <span class='ocrx_word' id='word_1_382' title='bbox 1589 3226 1721 3280; x_wconf 82' lang='grc' dir='ltr'>φησι</span> 
     </span>
    </p>
   </div>
   <div class='ocr_carea' id='block_1_52' title="bbox 141 3296 1723 3373">
    <p class='ocr_par' dir='ltr' id='par_1_52' title="bbox 141 3296 1723 3373">
     <span class='ocr_line' id='line_1_52' title="bbox 141 3296 1723 3373; baseline -0.002 -18"><span class='ocrx_word' id='word_1_383' title='bbox 141 3302 519 3373; x_wconf 80' lang='grc' dir='ltr'>μειδιάματος·</span> <span class='ocrx_word' id='word_1_384' title='bbox 566 3298 631 3355; x_wconf 85' lang='grc' dir='ltr'>Τί</span> <span class='ocrx_word' id='word_1_385' title='bbox 658 3297 749 3355; x_wconf 78' lang='grc' dir='ltr'>οὖν</span> <span class='ocrx_word' id='word_1_386' title='bbox 776 3302 908 3365; x_wconf 74' lang='grc' dir='ltr'>οἴει,</span> <span class='ocrx_word' id='word_1_387' title='bbox 940 3301 1171 3372; x_wconf 83' lang='grc' dir='ltr'>Κλήμη,</span> <span class='ocrx_word' id='word_1_388' title='bbox 1209 3301 1283 3371; x_wconf 80' lang='grc' dir='ltr'>μὴ</span> <span class='ocrx_word' id='word_1_389' title='bbox 1315 3299 1406 3353; x_wconf 87' lang='grc' dir='ltr'><strong>ὑπ’</strong></span> <span class='ocrx_word' id='word_1_390' title='bbox 1435 3296 1603 3371; x_wconf 81' lang='grc' dir='ltr'>αὐτῆς</span> <span class='ocrx_word' id='word_1_391' title='bbox 1631 3299 1723 3353; x_wconf 91' lang='grc' dir='ltr'>ἀν-</span> 
     </span>
    </p>
   </div>
   <div class='ocr_carea' id='block_1_53' title="bbox 140 3388 1724 3465">
    <p class='ocr_par' dir='ltr' id='par_1_53' title="bbox 140 3388 1724 3465">
     <span class='ocr_line' id='line_1_53' title="bbox 140 3388 1724 3465; baseline -0.003 -18"><span class='ocrx_word' id='word_1_392' title='bbox 140 3395 336 3465; x_wconf 78' lang='grc' dir='ltr'>άγκης.</span> <span class='ocrx_word' id='word_1_393' title='bbox 368 3395 450 3458; x_wconf 84' lang='grc' dir='ltr'><strong>είς</strong></span> <span class='ocrx_word' id='word_1_394' title='bbox 485 3392 685 3447; x_wconf 88' lang='grc' dir='ltr'>δούλων</span> <span class='ocrx_word' id='word_1_395' title='bbox 731 3410 791 3446; x_wconf 90' lang='grc' dir='ltr'><strong>σε</strong></span> <span class='ocrx_word' id='word_1_396' title='bbox 832 3393 1064 3463; x_wconf 74' lang='grc' dir='ltr'>ταγῆναι</span> <span class='ocrx_word' id='word_1_397' title='bbox 1100 3393 1299 3456; x_wconf 75' lang='grc' dir='ltr'>τόπονς</span> <span class='ocrx_word' id='word_1_398' title='bbox 1338 3388 1461 3445; x_wconf 73' lang='grc' dir='ltr'>ἐπεὶ</span> <span class='ocrx_word' id='word_1_399' title='bbox 1504 3391 1587 3454; x_wconf 88' lang='grc' dir='ltr'><strong>τίς</strong></span> <span class='ocrx_word' id='word_1_400' title='bbox 1626 3389 1724 3453; x_wconf 80' lang='grc' dir='ltr'><strong>τὰς</strong></span> 
     </span>
    </p>
   </div>
   <div class='ocr_carea' id='block_1_54' title="bbox 140 3473 1723 3555">
    <p class='ocr_par' dir='ltr' id='par_1_54' title="bbox 140 3473 1723 3555">
     <span class='ocr_line' id='line_1_54' title="bbox 140 3473 1723 3555; baseline -0.003 -18"><span class='ocrx_word' id='word_1_401' title='bbox 140 3473 315 3547; x_wconf 66' lang='grc' dir='ltr'>καλάς</span> <span class='ocrx_word' id='word_1_402' title='bbox 365 3501 454 3555; x_wconf 90' lang='grc' dir='ltr'><strong>μοι</strong></span> <span class='ocrx_word' id='word_1_403' title='bbox 497 3484 593 3537; x_wconf 78' lang='grc' dir='ltr'><strong>καὶ</strong></span> <span class='ocrx_word' id='word_1_404' title='bbox 628 3483 827 3545; x_wconf 85' lang='grc' dir='ltr'>πολλὰς</span> <span class='ocrx_word' id='word_1_405' title='bbox 866 3482 1106 3545; x_wconf 83' lang='grc' dir='ltr'>σινδόνας</span> <span class='ocrx_word' id='word_1_406' title='bbox 1141 3481 1278 3552; x_wconf 90' lang='grc' dir='ltr'><strong>μετά</strong></span> <span class='ocrx_word' id='word_1_407' title='bbox 1313 3481 1421 3534; x_wconf 92' lang='grc' dir='ltr'><strong>τῶν</strong></span> <span class='ocrx_word' id='word_1_408' title='bbox 1446 3477 1723 3551; x_wconf 72' lang='grc' dir='ltr'>ἑπομένων</span> 
     </span>
    </p>
   </div>
   <div class='ocr_carea' id='block_1_55' title="bbox 138 3570 1722 3646">
    <p class='ocr_par' dir='ltr' id='par_1_55' title="bbox 138 3570 1722 3646">
     <span class='ocr_line' id='line_1_55' title="bbox 138 3570 1722 3646; baseline -0.004 -16"><span class='ocrx_word' id='word_1_409' title='bbox 138 3575 444 3630; x_wconf 82' lang='grc' dir='ltr'>δακτυλίων</span> <span class='ocrx_word' id='word_1_410' title='bbox 487 3577 582 3629; x_wconf 74' lang='grc' dir='ltr'><strong>καὶ</strong></span> <span class='ocrx_word' id='word_1_411' title='bbox 628 3574 739 3628; x_wconf 88' lang='grc' dir='ltr'><strong>τῶν</strong></span> <span class='ocrx_word' id='word_1_412' title='bbox 777 3573 1139 3646; x_wconf 76' lang='grc' dir='ltr'>ὑποδημάτων</span> <span class='ocrx_word' id='word_1_413' title='bbox 1179 3573 1501 3643; x_wconf 77' lang='grc' dir='ltr'>φυλάξει¹⁷;</span> <span class='ocrx_word' id='word_1_414' title='bbox 1546 3572 1639 3635; x_wconf 90' lang='grc' dir='ltr'>Τίς</span> <span class='ocrx_word' id='word_1_415' title='bbox 1666 3570 1722 3625; x_wconf 78' lang='grc' dir='ltr'>δὲ</span> 
     </span>
    </p>
   </div>
   <div class='ocr_carea' id='block_1_56' title="bbox 143 3662 1725 3737">
    <p class='ocr_par' dir='ltr' id='par_1_56' title="bbox 143 3662 1725 3737">
     <span class='ocr_line' id='line_1_56' title="bbox 143 3662 1725 3737; baseline -0.001 -18"><span class='ocrx_word' id='word_1_416' title='bbox 143 3667 244 3721; x_wconf 76' lang='grc' dir='ltr'><strong>καὶ</strong></span> <span class='ocrx_word' id='word_1_417' title='bbox 272 3667 343 3719; x_wconf 88' lang='grc' dir='ltr'><strong>τά</strong></span> <span class='ocrx_word' id='word_1_418' title='bbox 375 3662 507 3736; x_wconf 62' lang='grc' dir='ltr'><strong>⁴»ἰδέα</strong></span> <span class='ocrx_word' id='word_1_419' title='bbox 538 3666 633 3721; x_wconf 78' lang='grc' dir='ltr'>καὶ</span> <span class='ocrx_word' id='word_1_420' title='bbox 665 3664 927 3736; x_wconf 84' lang='grc' dir='ltr'>πολυτελῆ</span> <span class='ocrx_word' id='word_1_421' title='bbox 957 3665 1064 3735; x_wconf 75' lang='grc' dir='ltr'><strong>ὄψα</strong></span> <span class='ocrx_word' id='word_1_422' title='bbox 1086 3664 1503 3737; x_wconf 82' lang='grc' dir='ltr'>προετοιμάσει;</span> <span class='ocrx_word' id='word_1_423' title='bbox 1537 3663 1573 3717; x_wconf 81' lang='grc' dir='ltr'><strong>δι</strong></span> <span class='ocrx_word' id='word_1_424' title='bbox 1603 3680 1725 3717; x_wconf 86' lang='grc' dir='ltr'>τινα</span> 
     </span>
    </p>
   </div>
   <div class='ocr_carea' id='block_1_57' title="bbox 138 3752 1718 3827">
    <p class='ocr_par' dir='ltr' id='par_1_57' title="bbox 138 3752 1718 3827">
     <span class='ocr_line' id='line_1_57' title="bbox 138 3752 1718 3827; baseline -0.003 -18"><span class='ocrx_word' id='word_1_425' title='bbox 138 3756 367 3810; x_wconf 79' lang='grc' dir='ltr'>ποικίλα</span> <span class='ocrx_word' id='word_1_426' title='bbox 405 3756 533 3809; x_wconf 74' lang='grc' dir='ltr'>ὅντα</span> <span class='ocrx_word' id='word_1_427' title='bbox 578 3754 786 3809; x_wconf 84' lang='grc' dir='ltr'>πολλῶν</span> <span class='ocrx_word' id='word_1_428' title='bbox 812 3754 980 3808; x_wconf 88' lang='grc' dir='ltr'>δεῖται</span> <span class='ocrx_word' id='word_1_429' title='bbox 1011 3753 1107 3809; x_wconf 81' lang='grc' dir='ltr'><strong>καὶ</strong></span> <span class='ocrx_word' id='word_1_430' title='bbox 1131 3752 1394 3827; x_wconf 84' lang='grc' dir='ltr'>τεχνικῶν</span> <span class='ocrx_word' id='word_1_431' title='bbox 1424 3752 1718 3825; x_wconf 87' lang='grc' dir='ltr'>μαγείρων·</span> 
     </span>
    </p>
   </div>
   <div class='ocr_carea' id='block_1_58' title="bbox 139 3841 1724 3918">
    <p class='ocr_par' dir='ltr' id='par_1_58' title="bbox 139 3841 1724 3918">
     <span class='ocr_line' id='line_1_58' title="bbox 139 3841 1724 3918; baseline -0.004 -18"><span class='ocrx_word' id='word_1_432' title='bbox 139 3847 239 3900; x_wconf 76' lang='grc' dir='ltr'><strong>καὶ</strong></span> <span class='ocrx_word' id='word_1_433' title='bbox 274 3846 455 3899; x_wconf 86' lang='grc' dir='ltr'>πάντα</span> <span class='ocrx_word' id='word_1_434' title='bbox 485 3844 687 3910; x_wconf 70' lang='grc' dir='ltr'>ἐκεῖνα,</span> <span class='ocrx_word' id='word_1_435' title='bbox 722 3845 823 3899; x_wconf 80' lang='grc' dir='ltr'>ὅσα</span> <span class='ocrx_word' id='word_1_436' title='bbox 862 3845 939 3908; x_wconf 84' lang='grc' dir='ltr'>ὡς</span> <span class='ocrx_word' id='word_1_437' title='bbox 982 3843 1153 3918; x_wconf 84' lang='grc' dir='ltr'>θηρίῳ</span> <span class='ocrx_word' id='word_1_438' title='bbox 1186 3844 1404 3916; x_wconf 84' lang='grc' dir='ltr'>μεγάλῳ</span> <span class='ocrx_word' id='word_1_439' title='bbox 1438 3845 1505 3915; x_wconf 79' lang='grc' dir='ltr'><strong>τῇ</strong></span> <span class='ocrx_word' id='word_1_440' title='bbox 1538 3841 1724 3896; x_wconf 67' lang='grc' dir='ltr'><strong>ἐπιθυ⁸</strong></span> 
     </span>
    </p>
   </div>
   <div class='ocr_carea' id='block_1_59' title="bbox 143 3933 1724 4009">
    <p class='ocr_par' dir='ltr' id='par_1_59' title="bbox 143 3933 1724 4009">
     <span class='ocr_line' id='line_1_59' title="bbox 143 3933 1724 4009; baseline -0.003 -20"><span class='ocrx_word' id='word_1_441' title='bbox 143 3938 245 4008; x_wconf 73' lang='grc' dir='ltr'><strong>μία</strong></span> <span class='ocrx_word' id='word_1_442' title='bbox 279 3936 787 4009; x_wconf 78' lang='grc' dir='ltr'>προευτρεπίζεται.</span> <span class='ocrx_word' id='word_1_443' title='bbox 822 3936 968 4005; x_wconf 82' lang='grc' dir='ltr'>Πλὴν</span> <span class='ocrx_word' id='word_1_444' title='bbox 1064 3934 1286 4006; x_wconf 87' lang='grc' dir='ltr'>τοιαύτη</span> <span class='ocrx_word' id='word_1_445' title='bbox 1319 3952 1378 3989; x_wconf 89' lang='grc' dir='ltr'><strong>σε</strong></span> <span class='ocrx_word' id='word_1_446' title='bbox 1409 3933 1724 4006; x_wconf 89' lang='grc' dir='ltr'>προαίρεσις</span> 
     </span>
    </p>
   </div>
   <div class='ocr_carea' id='block_1_60' title="bbox 142 4012 1721 4099">
    <p class='ocr_par' dir='ltr' id='par_1_60' title="bbox 142 4012 1721 4099">
     <span class='ocr_line' id='line_1_60' title="bbox 142 4012 1721 4099; baseline -0.001 -18"><span class='ocrx_word' id='word_1_447' title='bbox 142 4022 495 4097; x_wconf 81' lang='grc' dir='ltr'>ύπεισῆλθεν,</span> <span class='ocrx_word' id='word_1_448' title='bbox 547 4026 679 4091; x_wconf 75' lang='grc' dir='ltr'>ἴσως</span> <span class='ocrx_word' id='word_1_449' title='bbox 727 4027 802 4099; x_wconf 81' lang='grc' dir='ltr'>μὴ</span> <span class='ocrx_word' id='word_1_450' title='bbox 850 4012 1120 4090; x_wconf 73' lang='grc' dir='ltr'>σ’ύνιέντα,</span> <span class='ocrx_word' id='word_1_451' title='bbox 1174 4026 1267 4080; x_wconf 81' lang='grc' dir='ltr'><strong>καὶ</strong></span> <span class='ocrx_word' id='word_1_452' title='bbox 1307 4024 1399 4079; x_wconf 84' lang='grc' dir='ltr'>τὸν</span> <span class='ocrx_word' id='word_1_453' title='bbox 1444 4025 1574 4097; x_wconf 67' lang='grc' dir='ltr'>ἐμὸν</span> <span class='ocrx_word' id='word_1_454' title='bbox 1620 4026 1721 4093; x_wconf 82' lang='grc' dir='ltr'>ἀγ-</span> 
     </span>
    </p>
   </div>
   <div class='ocr_carea' id='block_1_61' title="bbox 140 4116 1720 4191">
    <p class='ocr_par' dir='ltr' id='par_1_61' title="bbox 140 4116 1720 4191">
     <span class='ocr_line' id='line_1_61' title="bbox 140 4116 1720 4191; baseline -0.001 -19"><span class='ocrx_word' id='word_1_455' title='bbox 140 4120 371 4173; x_wconf 83' lang='grc' dir='ltr'>νοοῦντα</span> <span class='ocrx_word' id='word_1_456' title='bbox 416 4119 549 4190; x_wconf 82' lang='grc' dir='ltr'>βίον,</span> <span class='ocrx_word' id='word_1_457' title='bbox 595 4119 679 4172; x_wconf 85' lang='grc' dir='ltr'>ὅτι</span> <span class='ocrx_word' id='word_1_458' title='bbox 722 4118 872 4191; x_wconf 82' lang='grc' dir='ltr'>ᾶρτῳ</span> <span class='ocrx_word' id='word_1_459' title='bbox 918 4116 1062 4190; x_wconf 87' lang='grc' dir='ltr'>μόνῳ</span> <span class='ocrx_word' id='word_1_460' title='bbox 1105 4120 1198 4173; x_wconf 79' lang='grc' dir='ltr'>καὶ</span> <span class='ocrx_word' id='word_1_461' title='bbox 1238 4118 1443 4182; x_wconf 74' lang='grc' dir='ltr'>ἐλαίαις</span> <span class='ocrx_word' id='word_1_462' title='bbox 1481 4118 1720 4191; x_wconf 88' lang='grc' dir='ltr'>χρῶμαι,</span> 
     </span>
    </p>
   </div>
   <div class='ocr_carea' id='block_1_62' title="bbox 141 4209 1723 4284">
    <p class='ocr_par' dir='ltr' id='par_1_62' title="bbox 141 4209 1723 4284">
     <span class='ocr_line' id='line_1_62' title="bbox 141 4209 1723 4284; baseline -0.001 -18"><span class='ocrx_word' id='word_1_463' title='bbox 141 4213 241 4266; x_wconf 75' lang='grc' dir='ltr'><strong>καὶ</strong></span> <span class='ocrx_word' id='word_1_464' title='bbox 284 4212 524 4276; x_wconf 87' lang='grc' dir='ltr'>σπανίως</span> <span class='ocrx_word' id='word_1_465' title='bbox 542 4212 588 4243; x_wconf 80' lang='grc'><strong>³⁸</strong></span> <span class='ocrx_word' id='word_1_466' title='bbox 620 4211 890 4283; x_wconf 86' lang='grc' dir='ltr'>λαχάνοις·</span> <span class='ocrx_word' id='word_1_467' title='bbox 955 4213 1049 4266; x_wconf 77' lang='grc' dir='ltr'><strong>καὶ</strong></span> <span class='ocrx_word' id='word_1_468' title='bbox 1097 4214 1179 4266; x_wconf 86' lang='grc' dir='ltr'>ὅτι</span> <span class='ocrx_word' id='word_1_469' title='bbox 1227 4211 1443 4284; x_wconf 81' lang='grc' dir='ltr'>ἱμάτιόν</span> <span class='ocrx_word' id='word_1_470' title='bbox 1494 4228 1583 4283; x_wconf 85' lang='grc' dir='ltr'><strong>μοι</strong></span> <span class='ocrx_word' id='word_1_471' title='bbox 1629 4209 1723 4265; x_wconf 76' lang='grc' dir='ltr'><strong>καὶ</strong></span> 
     </span>
    </p>
   </div>
   <div class='ocr_carea' id='block_1_63' title="bbox 141 4300 1724 4375">
    <p class='ocr_par' dir='ltr' id='par_1_63' title="bbox 141 4300 1724 4375">
     <span class='ocr_line' id='line_1_63' title="bbox 141 4300 1724 4375; baseline 0.001 -21"><span class='ocrx_word' id='word_1_472' title='bbox 141 4300 431 4375; x_wconf 81' lang='grc' dir='ltr'>τριϐώνιον</span> <span class='ocrx_word' id='word_1_473' title='bbox 462 4302 521 4355; x_wconf 73' lang='grc' dir='ltr'>ἓν</span> <span class='ocrx_word' id='word_1_474' title='bbox 553 4303 670 4356; x_wconf 77' lang='grc' dir='ltr'>ἐστι</span> <span class='ocrx_word' id='word_1_475' title='bbox 698 4303 855 4356; x_wconf 89' lang='grc' dir='ltr'>τοῦτο</span> <span class='ocrx_word' id='word_1_476' title='bbox 877 4303 920 4336; x_wconf 70' lang='lat'><strong>&#39;9</strong></span> <span class='ocrx_word' id='word_1_477' title='bbox 954 4300 1104 4366; x_wconf 82' lang='grc' dir='ltr'>αὐτὸ,</span> <span class='ocrx_word' id='word_1_478' title='bbox 1126 4302 1153 4355; x_wconf 84' lang='grc' dir='ltr'><strong>ὃ</strong></span> <span class='ocrx_word' id='word_1_479' title='bbox 1182 4301 1598 4374; x_wconf 87' lang='grc' dir='ltr'>περιϐέϐλημαι,</span> <span class='ocrx_word' id='word_1_480' title='bbox 1629 4302 1724 4355; x_wconf 68' lang='grc' dir='ltr'><strong>κα)⁸</strong></span> 
     </span>
    </p>
   </div>
   <div class='ocr_carea' id='block_1_64' title="bbox 1820 1824 3389 1900">
    <p class='ocr_par' dir='ltr' id='par_1_64' title="bbox 1820 1824 3389 1900">
     <span class='ocr_line' id='line_1_64' title="bbox 1820 1824 3389 1900; baseline 0.003 -21"><span class='ocrx_word' id='word_1_481' title='bbox 1820 1837 1922 1896; x_wconf 89' lang='lat' dir='ltr'><strong>pro</strong></span> <span class='ocrx_word' id='word_1_482' title='bbox 1952 1833 2122 1895; x_wconf 91' lang='lat' dir='ltr'><strong>patre,</strong></span> <span class='ocrx_word' id='word_1_483' title='bbox 2161 1830 2355 1893; x_wconf 87' lang='lat' dir='ltr'><strong>matre,</strong></span> <span class='ocrx_word' id='word_1_484' title='bbox 2394 1824 2676 1891; x_wconf 75' lang='lat' dir='ltr'><strong>fratribus,</strong></span> <span class='ocrx_word' id='word_1_485' title='bbox 2726 1836 2781 1881; x_wconf 91' lang='lat' dir='ltr'><strong>et</strong></span> <span class='ocrx_word' id='word_1_486' title='bbox 2833 1827 3109 1899; x_wconf 75' lang='lat' dir='ltr'><strong>cognatis;</strong></span> <span class='ocrx_word' id='word_1_487' title='bbox 3156 1828 3250 1898; x_wconf 92' lang='lat' dir='ltr'><strong>qui</strong></span> <span class='ocrx_word' id='word_1_488' title='bbox 3292 1843 3389 1900; x_wconf 88' lang='lat' dir='ltr'><strong>per</strong></span> 
     </span>
    </p>
   </div>
   <div class='ocr_carea' id='block_1_65' title="bbox 1824 1916 3387 1989">
    <p class='ocr_par' dir='ltr' id='par_1_65' title="bbox 1824 1916 3387 1989">
     <span class='ocr_line' id='line_1_65' title="bbox 1824 1916 3387 1989; baseline 0.004 -21"><span class='ocrx_word' id='word_1_489' title='bbox 1824 1916 1992 1972; x_wconf 83' lang='lat' dir='ltr'><strong>Deum</strong></span> <span class='ocrx_word' id='word_1_490' title='bbox 2028 1926 2222 1973; x_wconf 87' lang='lat' dir='ltr'><strong>auctor</strong></span> <span class='ocrx_word' id='word_1_491' title='bbox 2248 1917 2382 1973; x_wconf 90' lang='lat' dir='ltr'><strong>mihi</strong></span> <span class='ocrx_word' id='word_1_492' title='bbox 2404 1918 2577 1984; x_wconf 81' lang='lat' dir='ltr'><strong>fuisti,</strong></span> <span class='ocrx_word' id='word_1_493' title='bbox 2612 1927 2672 1973; x_wconf 90' lang='lat' dir='ltr'><strong>ut</strong></span> <span class='ocrx_word' id='word_1_494' title='bbox 2701 1918 3013 1989; x_wconf 86' lang='lat' dir='ltr'><strong>agnoverim</strong></span> <span class='ocrx_word' id='word_1_495' title='bbox 3038 1920 3387 1977; x_wconf 86' lang='lat' dir='ltr'><strong>servatricem</strong></span> 
     </span>
    </p>
   </div>
   <div class='ocr_carea' id='block_1_66' title="bbox 1820 2007 3390 2080">
    <p class='ocr_par' dir='ltr' id='par_1_66' title="bbox 1820 2007 3390 2080">
     <span class='ocr_line' id='line_1_66' title="bbox 1820 2007 3390 2080; baseline 0.002 -17"><span class='ocrx_word' id='word_1_496' title='bbox 1820 2009 2100 2064; x_wconf 81' lang='lat' dir='ltr'><strong>veritatem</strong></span> <span class='ocrx_word' id='word_1_497' title='bbox 2133 2010 2254 2066; x_wconf 86' lang='lat' dir='ltr'><strong>:sic</strong></span> <span class='ocrx_word' id='word_1_498' title='bbox 2292 2018 2346 2064; x_wconf 90' lang='lat' dir='ltr'><strong>et</strong></span> <span class='ocrx_word' id='word_1_499' title='bbox 2381 2007 2775 2075; x_wconf 84' lang='lat' dir='ltr'><strong>consolatione,</strong></span> <span class='ocrx_word' id='word_1_500' title='bbox 2818 2024 2983 2080; x_wconf 87' lang='lat' dir='ltr'><strong>quam</strong></span> <span class='ocrx_word' id='word_1_501' title='bbox 3020 2011 3090 2066; x_wconf 88' lang='lat' dir='ltr'><strong>ab</strong></span> <span class='ocrx_word' id='word_1_502' title='bbox 3133 2011 3390 2067; x_wconf 89' lang='lat' dir='ltr'><strong>omnibus</strong></span> 
     </span>
    </p>
   </div>
   <div class='ocr_carea' id='block_1_67' title="bbox 1822 2098 3391 2172">
    <p class='ocr_par' dir='ltr' id='par_1_67' title="bbox 1822 2098 3391 2172">
     <span class='ocr_line' id='line_1_67' title="bbox 1822 2098 3391 2172; baseline 0.001 -16"><span class='ocrx_word' id='word_1_503' title='bbox 1822 2110 2218 2157; x_wconf 86' lang='lat' dir='ltr'><strong>consecuturus</strong></span> <span class='ocrx_word' id='word_1_504' title='bbox 2249 2100 2497 2165; x_wconf 82' lang='lat' dir='ltr'><strong>fuissem,</strong></span> <span class='ocrx_word' id='word_1_505' title='bbox 2537 2116 2635 2172; x_wconf 91' lang='lat' dir='ltr'><strong>per</strong></span> <span class='ocrx_word' id='word_1_506' title='bbox 2676 2110 2728 2157; x_wconf 88' lang='lat' dir='ltr'><strong>te</strong></span> <span class='ocrx_word' id='word_1_507' title='bbox 2767 2117 2937 2156; x_wconf 93' lang='lat' dir='ltr'><strong>unum</strong></span> <span class='ocrx_word' id='word_1_508' title='bbox 2972 2102 3143 2157; x_wconf 88' lang='lat' dir='ltr'><strong>fruor.</strong></span> <span class='ocrx_word' id='word_1_509' title='bbox 3187 2098 3391 2158; x_wconf 82' lang='lat' dir='ltr'><strong>Vereor</strong></span> 
     </span>
    </p>
   </div>
   <div class='ocr_carea' id='block_1_68' title="bbox 1821 2191 3388 2263">
    <p class='ocr_par' dir='ltr' id='par_1_68' title="bbox 1821 2191 3388 2263">
     <span class='ocr_line' id='line_1_68' title="bbox 1821 2191 3388 2263; baseline 0.002 -18"><span class='ocrx_word' id='word_1_510' title='bbox 1821 2191 2023 2262; x_wconf 90' lang='lat' dir='ltr'><strong>quippe</strong></span> <span class='ocrx_word' id='word_1_511' title='bbox 2064 2192 2290 2248; x_wconf 86' lang='lat' dir='ltr'><strong>omnino</strong></span> <span class='ocrx_word' id='word_1_512' title='bbox 2314 2209 2342 2250; x_wconf 70' lang='grc' dir='ltr'><strong>ο</strong></span> <span class='ocrx_word' id='word_1_513' title='bbox 2367 2200 2420 2249; x_wconf 90' lang='lat' dir='ltr'><strong>te</strong></span> <span class='ocrx_word' id='word_1_514' title='bbox 2443 2193 2635 2248; x_wconf 87' lang='lat' dir='ltr'><strong>abesse</strong></span> <span class='ocrx_word' id='word_1_515' title='bbox 2654 2228 2670 2258; x_wconf 89' lang='lat'><strong>,</strong></span> <span class='ocrx_word' id='word_1_516' title='bbox 2699 2207 2766 2247; x_wconf 87' lang='lat' dir='ltr'><strong>ne</strong></span> <span class='ocrx_word' id='word_1_517' title='bbox 2789 2208 2882 2263; x_wconf 86' lang='lat' dir='ltr'><strong>per</strong></span> <span class='ocrx_word' id='word_1_518' title='bbox 2904 2193 3077 2248; x_wconf 63' lang='lat' dir='ltr'><strong>aetatis</strong></span> <span class='ocrx_word' id='word_1_519' title='bbox 3098 2192 3388 2262; x_wconf 88' lang='lat' dir='ltr'><strong>fervorem,</strong></span> 
     </span>
    </p>
   </div>
   <div class='ocr_carea' id='block_1_69' title="bbox 1824 2283 3392 2353">
    <p class='ocr_par' dir='ltr' id='par_1_69' title="bbox 1824 2283 3392 2353">
     <span class='ocr_line' id='line_1_69' title="bbox 1824 2283 3392 2353; baseline 0 -15"><span class='ocrx_word' id='word_1_520' title='bbox 1824 2298 1854 2338; x_wconf 89' lang='lat' dir='ltr'><strong>a</strong></span> <span class='ocrx_word' id='word_1_521' title='bbox 1871 2285 2166 2353; x_wconf 91' lang='lat' dir='ltr'><strong>cupiditate</strong></span> <span class='ocrx_word' id='word_1_522' title='bbox 2186 2285 2396 2340; x_wconf 88' lang='lat' dir='ltr'><strong>vincar.</strong></span> <span class='ocrx_word' id='word_1_523' title='bbox 2415 2284 2481 2338; x_wconf 88' lang='lat' dir='ltr'><strong>Et</strong></span> <span class='ocrx_word' id='word_1_524' title='bbox 2506 2284 2628 2339; x_wconf 87' lang='lat' dir='ltr'><strong>ideo</strong></span> <span class='ocrx_word' id='word_1_525' title='bbox 2654 2285 2725 2339; x_wconf 88' lang='lat' dir='ltr'><strong>ita</strong></span> <span class='ocrx_word' id='word_1_526' title='bbox 2755 2283 2809 2339; x_wconf 88' lang='lat' dir='ltr'><strong>in</strong></span> <span class='ocrx_word' id='word_1_527' title='bbox 2840 2283 3084 2339; x_wconf 86' lang='lat' dir='ltr'><strong>animum</strong></span> <span class='ocrx_word' id='word_1_528' title='bbox 3103 2285 3311 2351; x_wconf 87' lang='lat' dir='ltr'><strong>induxi,</strong></span> <span class='ocrx_word' id='word_1_529' title='bbox 3331 2293 3392 2339; x_wconf 89' lang='lat' dir='ltr'><strong>ut</strong></span> 
     </span>
    </p>
   </div>
   <div class='ocr_carea' id='block_1_70' title="bbox 1822 2374 3389 2448">
    <p class='ocr_par' dir='ltr' id='par_1_70' title="bbox 1822 2374 3389 2448">
     <span class='ocr_line' id='line_1_70' title="bbox 1822 2374 3389 2448; baseline 0 -18"><span class='ocrx_word' id='word_1_530' title='bbox 1822 2391 1851 2430; x_wconf 87' lang='lat' dir='ltr'><strong>a</strong></span> <span class='ocrx_word' id='word_1_531' title='bbox 1885 2384 1935 2431; x_wconf 83' lang='lat' dir='ltr'><strong>te</strong></span> <span class='ocrx_word' id='word_1_532' title='bbox 1958 2393 2068 2432; x_wconf 90' lang='lat' dir='ltr'><strong>non</strong></span> <span class='ocrx_word' id='word_1_533' title='bbox 2100 2377 2307 2448; x_wconf 91' lang='lat' dir='ltr'><strong>possim</strong></span> <span class='ocrx_word' id='word_1_534' title='bbox 2334 2377 2631 2444; x_wconf 86' lang='lat' dir='ltr'><strong>discedere,</strong></span> <span class='ocrx_word' id='word_1_535' title='bbox 2662 2375 2767 2432; x_wconf 89' lang='lat' dir='ltr'><strong>nisi</strong></span> <span class='ocrx_word' id='word_1_536' title='bbox 2800 2376 2906 2431; x_wconf 88' lang='lat' dir='ltr'><strong>hoc</strong></span> <span class='ocrx_word' id='word_1_537' title='bbox 2944 2375 3127 2432; x_wconf 89' lang='lat' dir='ltr'><strong>divina</strong></span> <span class='ocrx_word' id='word_1_538' title='bbox 3152 2374 3389 2446; x_wconf 79' lang='lat' dir='ltr'><strong>quadam</strong></span> 
     </span>
    </p>
   </div>
   <div class='ocr_carea' id='block_1_71' title="bbox 1822 2466 3390 2527">
    <p class='ocr_par' dir='ltr' id='par_1_71' title="bbox 1822 2466 3390 2527">
     <span class='ocr_line' id='line_1_71' title="bbox 1822 2466 3390 2527; baseline -0.001 -3"><span class='ocrx_word' id='word_1_539' title='bbox 1822 2470 1904 2525; x_wconf 91' lang='lat' dir='ltr'><strong>ira</strong></span> <span class='ocrx_word' id='word_1_540' title='bbox 1932 2472 2170 2527; x_wconf 89' lang='lat' dir='ltr'><strong>eveniat.</strong></span> <span class='ocrx_word' id='word_1_541' title='bbox 2203 2470 2413 2526; x_wconf 87' lang='lat' dir='ltr'><strong>Etenim</strong></span> <span class='ocrx_word' id='word_1_542' title='bbox 2439 2470 2661 2526; x_wconf 91' lang='lat' dir='ltr'><strong>memini</strong></span> <span class='ocrx_word' id='word_1_543' title='bbox 2689 2478 2740 2525; x_wconf 91' lang='lat' dir='ltr'><strong>te</strong></span> <span class='ocrx_word' id='word_1_544' title='bbox 2763 2468 3026 2525; x_wconf 68' lang='lat' dir='ltr'><strong>Caesarea:</strong></span> <span class='ocrx_word' id='word_1_545' title='bbox 3056 2469 3237 2525; x_wconf 86' lang='lat' dir='ltr'><strong>dicere</strong></span> <span class='ocrx_word' id='word_1_546' title='bbox 3277 2481 3291 2521; x_wconf 90' lang='lat'><strong>:</strong></span> <span class='ocrx_word' id='word_1_547' title='bbox 3330 2466 3390 2523; x_wconf 85' lang='lat' dir='ltr'><strong>Si</strong></span> 
     </span>
    </p>
   </div>
   <div class='ocr_carea' id='block_1_72' title="bbox 1822 2560 3392 2633">
    <p class='ocr_par' dir='ltr' id='par_1_72' title="bbox 1822 2560 3392 2633">
     <span class='ocr_line' id='line_1_72' title="bbox 1822 2560 3392 2633; baseline -0.001 -16"><span class='ocrx_word' id='word_1_548' title='bbox 1822 2563 1947 2633; x_wconf 92' lang='lat' dir='ltr'><strong>quis</strong></span> <span class='ocrx_word' id='word_1_549' title='bbox 1980 2564 2095 2617; x_wconf 83' lang='lat' dir='ltr'><strong>vult</strong></span> <span class='ocrx_word' id='word_1_550' title='bbox 2123 2578 2335 2618; x_wconf 83' lang='lat' dir='ltr'><strong>mecum</strong></span> <span class='ocrx_word' id='word_1_551' title='bbox 2373 2563 2476 2616; x_wconf 87' lang='lat' dir='ltr'><strong>iter</strong></span> <span class='ocrx_word' id='word_1_552' title='bbox 2509 2560 2710 2630; x_wconf 87' lang='lat' dir='ltr'><strong>facere,</strong></span> <span class='ocrx_word' id='word_1_553' title='bbox 2757 2563 2843 2632; x_wconf 90' lang='lat' dir='ltr'><strong>pie</strong></span> <span class='ocrx_word' id='word_1_554' title='bbox 2880 2576 3101 2632; x_wconf 88' lang='lat' dir='ltr'><strong>quoque</strong></span> <span class='ocrx_word' id='word_1_555' title='bbox 3136 2577 3245 2616; x_wconf 91' lang='lat' dir='ltr'><strong>una</strong></span> <span class='ocrx_word' id='word_1_556' title='bbox 3287 2560 3392 2616; x_wconf 77' lang='lat' dir='ltr'><strong>iter</strong></span> 
     </span>
    </p>
   </div>
   <div class='ocr_carea' id='block_1_73' title="bbox 1822 2653 3391 2725">
    <p class='ocr_par' dir='ltr' id='par_1_73' title="bbox 1822 2653 3391 2725">
     <span class='ocr_line' id='line_1_73' title="bbox 1822 2653 3391 2725; baseline 0 -16"><span class='ocrx_word' id='word_1_557' title='bbox 1822 2654 2020 2709; x_wconf 89' lang='lat' dir='ltr'><strong>habeat</strong></span> <span class='ocrx_word' id='word_1_558' title='bbox 2051 2668 2065 2708; x_wconf 84' lang='lat'><strong>:</strong></span> <span class='ocrx_word' id='word_1_559' title='bbox 2092 2654 2180 2725; x_wconf 92' lang='lat' dir='ltr'><strong>pie</strong></span> <span class='ocrx_word' id='word_1_560' title='bbox 2220 2664 2400 2709; x_wconf 85' lang='lat' dir='ltr'><strong>autem</strong></span> <span class='ocrx_word' id='word_1_561' title='bbox 2425 2653 2645 2709; x_wconf 89' lang='lat' dir='ltr'><strong>dicebas</strong></span> <span class='ocrx_word' id='word_1_562' title='bbox 2678 2668 2820 2721; x_wconf 90' lang='lat' dir='ltr'><strong>esse,</strong></span> <span class='ocrx_word' id='word_1_563' title='bbox 2861 2653 3134 2708; x_wconf 90' lang='lat' dir='ltr'><strong>neminem</strong></span> <span class='ocrx_word' id='word_1_564' title='bbox 3171 2653 3391 2709; x_wconf 87' lang='lat' dir='ltr'><strong>tristitia</strong></span> 
     </span>
    </p>
   </div>
   <div class='ocr_carea' id='block_1_74' title="bbox 1821 2744 3393 2817">
    <p class='ocr_par' dir='ltr' id='par_1_74' title="bbox 1821 2744 3393 2817">
     <span class='ocr_line' id='line_1_74' title="bbox 1821 2744 3393 2817; baseline -0.003 -14"><span class='ocrx_word' id='word_1_565' title='bbox 1821 2747 2118 2803; x_wconf 84' lang='lat' dir='ltr'><strong>secundum</strong></span> <span class='ocrx_word' id='word_1_566' title='bbox 2148 2744 2319 2801; x_wconf 88' lang='lat' dir='ltr'><strong>Deum</strong></span> <span class='ocrx_word' id='word_1_567' title='bbox 2349 2745 2580 2813; x_wconf 77' lang='lat' dir='ltr'><strong>allicere,</strong></span> <span class='ocrx_word' id='word_1_568' title='bbox 2612 2746 2777 2800; x_wconf 90' lang='lat' dir='ltr'><strong>veluti</strong></span> <span class='ocrx_word' id='word_1_569' title='bbox 2814 2744 3175 2815; x_wconf 90' lang='lat' dir='ltr'><strong>relinquendo</strong></span> <span class='ocrx_word' id='word_1_570' title='bbox 3202 2760 3393 2817; x_wconf 81' lang='lat' dir='ltr'><strong>paren-</strong></span> 
     </span>
    </p>
   </div>
   <div class='ocr_carea' id='block_1_75' title="bbox 1820 2837 3392 2908">
    <p class='ocr_par' dir='ltr' id='par_1_75' title="bbox 1820 2837 3392 2908">
     <span class='ocr_line' id='line_1_75' title="bbox 1820 2837 3392 2908; baseline -0.001 -14"><span class='ocrx_word' id='word_1_571' title='bbox 1820 2850 1923 2907; x_wconf 88' lang='lat' dir='ltr'><strong>tes,</strong></span> <span class='ocrx_word' id='word_1_572' title='bbox 1964 2854 2213 2906; x_wconf 87' lang='lat' dir='ltr'><strong>uxorem,</strong></span> <span class='ocrx_word' id='word_1_573' title='bbox 2248 2853 2351 2894; x_wconf 91' lang='lat' dir='ltr'><strong>nec</strong></span> <span class='ocrx_word' id='word_1_574' title='bbox 2378 2854 2487 2893; x_wconf 90' lang='lat' dir='ltr'><strong>non</strong></span> <span class='ocrx_word' id='word_1_575' title='bbox 2518 2838 2655 2894; x_wconf 88' lang='lat' dir='ltr'><strong>alios</strong></span> <span class='ocrx_word' id='word_1_576' title='bbox 2682 2838 2826 2908; x_wconf 90' lang='lat' dir='ltr'><strong>piam</strong></span> <span class='ocrx_word' id='word_1_577' title='bbox 2860 2837 3030 2892; x_wconf 90' lang='lat' dir='ltr'><strong>vitam</strong></span> <span class='ocrx_word' id='word_1_578' title='bbox 3066 2848 3392 2895; x_wconf 81' lang='lat' dir='ltr'><strong>consectan-</strong></span> 
     </span>
    </p>
   </div>
   <div class='ocr_carea' id='block_1_76' title="bbox 1822 2926 3389 3002">
    <p class='ocr_par' dir='ltr' id='par_1_76' title="bbox 1822 2926 3389 3002">
     <span class='ocr_line' id='line_1_76' title="bbox 1822 2926 3389 3002; baseline 0 -15"><span class='ocrx_word' id='word_1_579' title='bbox 1822 2940 1923 2987; x_wconf 87' lang='lat' dir='ltr'><strong>tes.</strong></span> <span class='ocrx_word' id='word_1_580' title='bbox 1954 2926 2109 2986; x_wconf 89' lang='lat' dir='ltr'><strong>Unde</strong></span> <span class='ocrx_word' id='word_1_581' title='bbox 2132 2946 2233 3002; x_wconf 91' lang='lat' dir='ltr'><strong>ego</strong></span> <span class='ocrx_word' id='word_1_582' title='bbox 2254 2946 2481 3002; x_wconf 86' lang='lat' dir='ltr'><strong>prorsus</strong></span> <span class='ocrx_word' id='word_1_583' title='bbox 2502 2931 2598 2988; x_wconf 88' lang='lat' dir='ltr'><strong>tibi</strong></span> <span class='ocrx_word' id='word_1_584' title='bbox 2622 2946 2745 2988; x_wconf 89' lang='lat' dir='ltr'><strong>sum</strong></span> <span class='ocrx_word' id='word_1_585' title='bbox 2761 2938 2922 3001; x_wconf 88' lang='lat' dir='ltr'><strong>aptus</strong></span> <span class='ocrx_word' id='word_1_586' title='bbox 2950 2930 3165 2988; x_wconf 89' lang='lat' dir='ltr'><strong>itineris</strong></span> <span class='ocrx_word' id='word_1_587' title='bbox 3182 2945 3389 2998; x_wconf 85' lang='lat' dir='ltr'><strong>comes,</strong></span> 
     </span>
    </p>
   </div>
   <div class='ocr_carea' id='block_1_77' title="bbox 1823 3021 3392 3094">
    <p class='ocr_par' dir='ltr' id='par_1_77' title="bbox 1823 3021 3392 3094">
     <span class='ocr_line' id='line_1_77' title="bbox 1823 3021 3392 3094; baseline 0.001 -16"><span class='ocrx_word' id='word_1_588' title='bbox 1823 3039 1854 3078; x_wconf 89' lang='lat' dir='ltr'><strong>a</strong></span> <span class='ocrx_word' id='word_1_589' title='bbox 1881 3038 1991 3094; x_wconf 88' lang='lat' dir='ltr'><strong>quo</strong></span> <span class='ocrx_word' id='word_1_590' title='bbox 2022 3031 2077 3077; x_wconf 86' lang='lat' dir='ltr'><strong>et</strong></span> <span class='ocrx_word' id='word_1_591' title='bbox 2107 3023 2400 3078; x_wconf 82' lang='lat' dir='ltr'><strong>maximam</strong></span> <span class='ocrx_word' id='word_1_592' title='bbox 2423 3021 2587 3079; x_wconf 91' lang='lat' dir='ltr'><strong>inibis</strong></span> <span class='ocrx_word' id='word_1_593' title='bbox 2615 3022 2868 3094; x_wconf 75' lang='lat' dir='ltr'><strong>gratiam,</strong></span> <span class='ocrx_word' id='word_1_594' title='bbox 2890 3023 2937 3080; x_wconf 93' lang='lat' dir='ltr'><strong>si</strong></span> <span class='ocrx_word' id='word_1_595' title='bbox 2954 3022 3255 3079; x_wconf 84' lang='lat' dir='ltr'><strong>ministeria</strong></span> <span class='ocrx_word' id='word_1_596' title='bbox 3273 3039 3392 3080; x_wconf 82' lang='lat' dir='ltr'><strong>ser-</strong></span> 
     </span>
    </p>
   </div>
   <div class='ocr_carea' id='block_1_78' title="bbox 1746 3091 2547 3184">
    <p class='ocr_par' dir='ltr' id='par_1_78' title="bbox 1746 3091 2547 3184">
     <span class='ocr_line' id='line_1_78' title="bbox 1746 3091 2547 3184; baseline 0 -14"><span class='ocrx_word' id='word_1_597' title='bbox 1746 3091 1790 3150; x_wconf 65' lang='grc' dir='ltr'>δ</span> <span class='ocrx_word' id='word_1_598' title='bbox 1821 3129 2014 3170; x_wconf 88' lang='lat' dir='ltr'><strong>vorum</strong></span> <span class='ocrx_word' id='word_1_599' title='bbox 2047 3114 2197 3170; x_wconf 91' lang='lat' dir='ltr'><strong>obire</strong></span> <span class='ocrx_word' id='word_1_600' title='bbox 2217 3115 2547 3184; x_wconf 85' lang='lat' dir='ltr'><strong>permiseris.</strong></span> 
     </span>
    </p>
   </div>
   <div class='ocr_carea' id='block_1_79' title="bbox 1894 3202 3390 3273">
    <p class='ocr_par' dir='ltr' id='par_1_79' title="bbox 1894 3202 3390 3273">
     <span class='ocr_line' id='line_1_79' title="bbox 1894 3202 3390 3273; baseline 0.001 -14"><span class='ocrx_word' id='word_1_601' title='bbox 1894 3202 2131 3259; x_wconf 83' lang='lat' dir='ltr'><strong>LXXIV.</strong></span> <span class='ocrx_word' id='word_1_602' title='bbox 2172 3202 2288 3260; x_wconf 87' lang='lat' dir='ltr'><strong>Hoc</strong></span> <span class='ocrx_word' id='word_1_603' title='bbox 2310 3205 2520 3273; x_wconf 89' lang='lat' dir='ltr'><strong>audito,</strong></span> <span class='ocrx_word' id='word_1_604' title='bbox 2544 3204 2761 3273; x_wconf 89' lang='lat' dir='ltr'><strong>Petrus,</strong></span> <span class='ocrx_word' id='word_1_605' title='bbox 2789 3221 2914 3263; x_wconf 92' lang='lat' dir='ltr'><strong>cum</strong></span> <span class='ocrx_word' id='word_1_606' title='bbox 2944 3206 3052 3261; x_wconf 83' lang='lat' dir='ltr'><strong>leni</strong></span> <span class='ocrx_word' id='word_1_607' title='bbox 3075 3206 3190 3263; x_wconf 87' lang='lat' dir='ltr'><strong>risu</strong></span> <span class='ocrx_word' id='word_1_608' title='bbox 3216 3206 3390 3263; x_wconf 80' lang='lat' dir='ltr'><strong>dixit:</strong></span> 
     </span>
    </p>
   </div>
   <div class='ocr_carea' id='block_1_80' title="bbox 1822 3295 3395 3369">
    <p class='ocr_par' dir='ltr' id='par_1_80' title="bbox 1822 3295 3395 3369">
     <span class='ocr_line' id='line_1_80' title="bbox 1822 3295 3395 3369; baseline 0.003 -19"><span class='ocrx_word' id='word_1_609' title='bbox 1822 3296 1964 3363; x_wconf 86' lang='lat' dir='ltr'><strong>Quid</strong></span> <span class='ocrx_word' id='word_1_610' title='bbox 1985 3312 2116 3368; x_wconf 88' lang='lat' dir='ltr'><strong>ergo</strong></span> <span class='ocrx_word' id='word_1_611' title='bbox 2145 3304 2327 3368; x_wconf 90' lang='lat' dir='ltr'><strong>putas,</strong></span> <span class='ocrx_word' id='word_1_612' title='bbox 2358 3295 2632 3365; x_wconf 81' lang='lat' dir='ltr'><strong>Clemens,</strong></span> <span class='ocrx_word' id='word_1_613' title='bbox 2664 3298 2811 3368; x_wconf 90' lang='lat' dir='ltr'><strong>quod</strong></span> <span class='ocrx_word' id='word_1_614' title='bbox 2838 3313 2948 3352; x_wconf 90' lang='lat' dir='ltr'><strong>non</strong></span> <span class='ocrx_word' id='word_1_615' title='bbox 2971 3305 3026 3355; x_wconf 91' lang='lat' dir='ltr'><strong>te</strong></span> <span class='ocrx_word' id='word_1_616' title='bbox 3050 3297 3167 3369; x_wconf 90' lang='lat' dir='ltr'><strong>ipsa</strong></span> <span class='ocrx_word' id='word_1_617' title='bbox 3198 3313 3395 3354; x_wconf 79' lang='lat' dir='ltr'><strong>neces-</strong></span> 
     </span>
    </p>
   </div>
   <div class='ocr_carea' id='block_1_81' title="bbox 1823 3385 3391 3467">
    <p class='ocr_par' dir='ltr' id='par_1_81' title="bbox 1823 3385 3391 3467">
     <span class='ocr_line' id='line_1_81' title="bbox 1823 3385 3391 3467; baseline 0 -23"><span class='ocrx_word' id='word_1_618' title='bbox 1823 3388 1959 3445; x_wconf 84' lang='lat' dir='ltr'><strong>sitas</strong></span> <span class='ocrx_word' id='word_1_619' title='bbox 1988 3388 2042 3442; x_wconf 90' lang='lat' dir='ltr'><strong>in</strong></span> <span class='ocrx_word' id='word_1_620' title='bbox 2064 3403 2349 3445; x_wconf 88' lang='lat' dir='ltr'><strong>servorum</strong></span> <span class='ocrx_word' id='word_1_621' title='bbox 2382 3389 2629 3445; x_wconf 89' lang='lat' dir='ltr'><strong>ordinem</strong></span> <span class='ocrx_word' id='word_1_622' title='bbox 2668 3385 3076 3467; x_wconf 30' lang='lat' dir='ltr'><strong>redigetlﬁNam</strong></span> <span class='ocrx_word' id='word_1_623' title='bbox 3098 3388 3223 3460; x_wconf 87' lang='lat' dir='ltr'><strong>quis</strong></span> <span class='ocrx_word' id='word_1_624' title='bbox 3256 3390 3391 3445; x_wconf 89' lang='lat' dir='ltr'><strong>mihi</strong></span> 
     </span>
    </p>
   </div>
   <div class='ocr_carea' id='block_1_82' title="bbox 1821 3480 3389 3549">
    <p class='ocr_par' dir='ltr' id='par_1_82' title="bbox 1821 3480 3389 3549">
     <span class='ocr_line' id='line_1_82' title="bbox 1821 3480 3389 3549; baseline 0.002 -13"><span class='ocrx_word' id='word_1_625' title='bbox 1821 3481 2094 3549; x_wconf 75' lang='lat' dir='ltr'><strong>elegantes</strong></span> <span class='ocrx_word' id='word_1_626' title='bbox 2114 3494 2181 3535; x_wconf 80' lang='lat' dir='ltr'><strong>ac</strong></span> <span class='ocrx_word' id='word_1_627' title='bbox 2203 3480 2404 3537; x_wconf 88' lang='lat' dir='ltr'><strong>multas</strong></span> <span class='ocrx_word' id='word_1_628' title='bbox 2429 3480 2687 3537; x_wconf 86' lang='lat' dir='ltr'><strong>sindones</strong></span> <span class='ocrx_word' id='word_1_629' title='bbox 2710 3496 2805 3538; x_wconf 85' lang='lat' dir='ltr'><strong>seu</strong></span> <span class='ocrx_word' id='word_1_630' title='bbox 2828 3490 3007 3538; x_wconf 90' lang='lat' dir='ltr'><strong>vestes</strong></span> <span class='ocrx_word' id='word_1_631' title='bbox 3030 3481 3247 3546; x_wconf 89' lang='lat' dir='ltr'><strong>linteas,</strong></span> <span class='ocrx_word' id='word_1_632' title='bbox 3262 3497 3389 3539; x_wconf 90' lang='lat' dir='ltr'><strong>cum</strong></span> 
     </span>
    </p>
   </div>
   <div class='ocr_carea' id='block_1_83' title="bbox 1823 3572 3396 3643">
    <p class='ocr_par' dir='ltr' id='par_1_83' title="bbox 1823 3572 3396 3643">
     <span class='ocr_line' id='line_1_83' title="bbox 1823 3572 3396 3643; baseline 0.001 -14"><span class='ocrx_word' id='word_1_633' title='bbox 1823 3572 2094 3643; x_wconf 89' lang='lat' dir='ltr'><strong>adjunctis</strong></span> <span class='ocrx_word' id='word_1_634' title='bbox 2122 3572 2339 3629; x_wconf 90' lang='lat' dir='ltr'><strong>annulis</strong></span> <span class='ocrx_word' id='word_1_635' title='bbox 2367 3581 2421 3628; x_wconf 92' lang='lat' dir='ltr'><strong>et</strong></span> <span class='ocrx_word' id='word_1_636' title='bbox 2442 3572 2639 3630; x_wconf 90' lang='lat' dir='ltr'><strong>calceis</strong></span> <span class='ocrx_word' id='word_1_637' title='bbox 2660 3573 2972 3630; x_wconf 77' lang='lat' dir='ltr'><strong>custodiet?</strong></span> <span class='ocrx_word' id='word_1_638' title='bbox 3005 3572 3142 3640; x_wconf 85' lang='lat' dir='ltr'><strong>Quis</strong></span> <span class='ocrx_word' id='word_1_639' title='bbox 3177 3589 3310 3630; x_wconf 91' lang='lat' dir='ltr'><strong>vero</strong></span> <span class='ocrx_word' id='word_1_640' title='bbox 3335 3583 3396 3630; x_wconf 87' lang='lat' dir='ltr'><strong>et</strong></span> 
     </span>
    </p>
   </div>
   <div class='ocr_carea' id='block_1_84' title="bbox 1824 3665 3390 3736">
    <p class='ocr_par' dir='ltr' id='par_1_84' title="bbox 1824 3665 3390 3736">
     <span class='ocr_line' id='line_1_84' title="bbox 1824 3665 3390 3736; baseline 0 -14"><span class='ocrx_word' id='word_1_641' title='bbox 1824 3666 2013 3722; x_wconf 85' lang='lat' dir='ltr'><strong>suavia</strong></span> <span class='ocrx_word' id='word_1_642' title='bbox 2050 3665 2432 3735; x_wconf 82' lang='lat' dir='ltr'><strong>exquisitaque</strong></span> <span class='ocrx_word' id='word_1_643' title='bbox 2466 3665 2697 3721; x_wconf 91' lang='lat' dir='ltr'><strong>obsonia</strong></span> <span class='ocrx_word' id='word_1_644' title='bbox 2722 3666 3083 3736; x_wconf 76' lang='lat' dir='ltr'><strong>praeparabit?</strong></span> <span class='ocrx_word' id='word_1_645' title='bbox 3110 3681 3233 3736; x_wconf 72' lang='lat' dir='ltr'><strong>qua:</strong></span> <span class='ocrx_word' id='word_1_646' title='bbox 3263 3680 3390 3722; x_wconf 91' lang='lat' dir='ltr'><strong>cum</strong></span> 
     </span>
    </p>
   </div>
   <div class='ocr_carea' id='block_1_85' title="bbox 1823 3757 3392 3829">
    <p class='ocr_par' dir='ltr' id='par_1_85' title="bbox 1823 3757 3392 3829">
     <span class='ocr_line' id='line_1_85' title="bbox 1823 3757 3392 3829; baseline 0.002 -17"><span class='ocrx_word' id='word_1_647' title='bbox 1823 3759 1974 3813; x_wconf 86' lang='lat' dir='ltr'><strong>varia</strong></span> <span class='ocrx_word' id='word_1_648' title='bbox 1996 3758 2128 3824; x_wconf 90' lang='lat' dir='ltr'><strong>siut,</strong></span> <span class='ocrx_word' id='word_1_649' title='bbox 2157 3758 2359 3813; x_wconf 90' lang='lat' dir='ltr'><strong>multos</strong></span> <span class='ocrx_word' id='word_1_650' title='bbox 2396 3772 2461 3812; x_wconf 87' lang='lat' dir='ltr'><strong>ac</strong></span> <span class='ocrx_word' id='word_1_651' title='bbox 2489 3757 2719 3815; x_wconf 89' lang='lat' dir='ltr'><strong>solertes</strong></span> <span class='ocrx_word' id='word_1_652' title='bbox 2746 3773 2957 3829; x_wconf 87' lang='lat' dir='ltr'><strong>coquos</strong></span> <span class='ocrx_word' id='word_1_653' title='bbox 2994 3760 3312 3829; x_wconf 89' lang='lat' dir='ltr'><strong>postulant:</strong></span> <span class='ocrx_word' id='word_1_654' title='bbox 3336 3768 3392 3815; x_wconf 88' lang='lat' dir='ltr'><strong>et</strong></span> 
     </span>
    </p>
   </div>
   <div class='ocr_carea' id='block_1_86' title="bbox 1824 3847 3391 3921">
    <p class='ocr_par' dir='ltr' id='par_1_86' title="bbox 1824 3847 3391 3921">
     <span class='ocr_line' id='line_1_86' title="bbox 1824 3847 3391 3921; baseline 0.001 -19"><span class='ocrx_word' id='word_1_655' title='bbox 1824 3848 2006 3902; x_wconf 89' lang='lat' dir='ltr'><strong>omnia</strong></span> <span class='ocrx_word' id='word_1_656' title='bbox 2030 3847 2141 3915; x_wconf 90' lang='lat' dir='ltr'><strong>illa,</strong></span> <span class='ocrx_word' id='word_1_657' title='bbox 2172 3863 2295 3918; x_wconf 67' lang='lat' dir='ltr'><strong>quas</strong></span> <span class='ocrx_word' id='word_1_658' title='bbox 2317 3856 2579 3919; x_wconf 89' lang='lat' dir='ltr'><strong>tanquam</strong></span> <span class='ocrx_word' id='word_1_659' title='bbox 2612 3849 2838 3903; x_wconf 87' lang='lat' dir='ltr'><strong>immani</strong></span> <span class='ocrx_word' id='word_1_660' title='bbox 2867 3848 3078 3914; x_wconf 71' lang='lat' dir='ltr'><strong>bestiae,</strong></span> <span class='ocrx_word' id='word_1_661' title='bbox 3105 3849 3391 3921; x_wconf 88' lang='lat' dir='ltr'><strong>cupiditati</strong></span> 
     </span>
    </p>
   </div>
   <div class='ocr_carea' id='block_1_87' title="bbox 1825 3933 3390 4004">
    <p class='ocr_par' dir='ltr' id='par_1_87' title="bbox 1825 3933 3390 4004">
     <span class='ocr_line' id='line_1_87' title="bbox 1825 3933 3390 4004; baseline 0.004 -17"><span class='ocrx_word' id='word_1_662' title='bbox 1825 3941 2176 4004; x_wconf 83' lang='lat' dir='ltr'><strong>apparantur.</strong></span> <span class='ocrx_word' id='word_1_663' title='bbox 2230 3933 2337 3991; x_wconf 90' lang='lat' dir='ltr'><strong>Sed</strong></span> <span class='ocrx_word' id='word_1_664' title='bbox 2384 3934 2573 3991; x_wconf 83' lang='lat' dir='ltr'><strong>forsan</strong></span> <span class='ocrx_word' id='word_1_665' title='bbox 2622 3936 2739 3991; x_wconf 67' lang='lat' dir='ltr'><strong>hmo</strong></span> <span class='ocrx_word' id='word_1_666' title='bbox 2792 3944 2843 3992; x_wconf 88' lang='lat' dir='ltr'><strong>te</strong></span> <span class='ocrx_word' id='word_1_667' title='bbox 2889 3936 3058 3993; x_wconf 88' lang='lat' dir='ltr'><strong>subiit</strong></span> <span class='ocrx_word' id='word_1_668' title='bbox 3099 3939 3390 4004; x_wconf 85' lang='lat' dir='ltr'><strong>sententia,</strong></span> 
     </span>
    </p>
   </div>
   <div class='ocr_carea' id='block_1_88' title="bbox 1823 4027 3392 4100">
    <p class='ocr_par' dir='ltr' id='par_1_88' title="bbox 1823 4027 3392 4100">
     <span class='ocr_line' id='line_1_88' title="bbox 1823 4027 3392 4100; baseline 0.003 -20"><span class='ocrx_word' id='word_1_669' title='bbox 1823 4027 1970 4096; x_wconf 91' lang='lat' dir='ltr'><strong>quod</strong></span> <span class='ocrx_word' id='word_1_670' title='bbox 2017 4042 2128 4083; x_wconf 89' lang='lat' dir='ltr'><strong>non</strong></span> <span class='ocrx_word' id='word_1_671' title='bbox 2170 4027 2523 4095; x_wconf 82' lang='lat' dir='ltr'><strong>intellexeris,</strong></span> <span class='ocrx_word' id='word_1_672' title='bbox 2555 4029 2810 4099; x_wconf 86' lang='lat' dir='ltr'><strong>quodque</strong></span> <span class='ocrx_word' id='word_1_673' title='bbox 2854 4030 3071 4100; x_wconf 82' lang='lat' dir='ltr'><strong>ignores</strong></span> <span class='ocrx_word' id='word_1_674' title='bbox 3104 4031 3230 4087; x_wconf 57' lang='lat' dir='ltr'><strong>vitae</strong></span> <span class='ocrx_word' id='word_1_675' title='bbox 3258 4046 3392 4086; x_wconf 71' lang='lat' dir='ltr'><strong>mea:</strong></span> 
     </span>
    </p>
   </div>
   <div class='ocr_carea' id='block_1_89' title="bbox 1823 4119 3395 4193">
    <p class='ocr_par' dir='ltr' id='par_1_89' title="bbox 1823 4119 3395 4193">
     <span class='ocr_line' id='line_1_89' title="bbox 1823 4119 3395 4193; baseline 0.004 -21"><span class='ocrx_word' id='word_1_676' title='bbox 1823 4119 2090 4174; x_wconf 89' lang='lat' dir='ltr'><strong>rationem</strong></span> <span class='ocrx_word' id='word_1_677' title='bbox 2115 4136 2129 4186; x_wconf 88' lang='lat'><strong>;</strong></span> <span class='ocrx_word' id='word_1_678' title='bbox 2152 4119 2246 4189; x_wconf 91' lang='lat' dir='ltr'><strong>qui</strong></span> <span class='ocrx_word' id='word_1_679' title='bbox 2269 4120 2386 4175; x_wconf 90' lang='lat' dir='ltr'><strong>solo</strong></span> <span class='ocrx_word' id='word_1_680' title='bbox 2420 4135 2560 4190; x_wconf 92' lang='lat' dir='ltr'><strong>pane</strong></span> <span class='ocrx_word' id='word_1_681' title='bbox 2588 4129 2642 4175; x_wconf 91' lang='lat' dir='ltr'><strong>et</strong></span> <span class='ocrx_word' id='word_1_682' title='bbox 2669 4120 2828 4176; x_wconf 89' lang='lat' dir='ltr'><strong>olivis</strong></span> <span class='ocrx_word' id='word_1_683' title='bbox 2854 4129 2998 4189; x_wconf 91' lang='lat' dir='ltr'><strong>utor,</strong></span> <span class='ocrx_word' id='word_1_684' title='bbox 3024 4136 3260 4193; x_wconf 88' lang='lat' dir='ltr'><strong>raroque</strong></span> <span class='ocrx_word' id='word_1_685' title='bbox 3285 4124 3395 4178; x_wconf 57' lang='lat' dir='ltr'><strong>ole</strong></span> 
     </span>
    </p>
   </div>
   <div class='ocr_carea' id='block_1_90' title="bbox 1823 4211 3394 4284">
    <p class='ocr_par' dir='ltr' id='par_1_90' title="bbox 1823 4211 3394 4284">
     <span class='ocr_line' id='line_1_90' title="bbox 1823 4211 3394 4284; baseline 0.003 -20"><span class='ocrx_word' id='word_1_686' title='bbox 1823 4211 2005 4279; x_wconf 87' lang='lat' dir='ltr'><strong>ribus;</strong></span> <span class='ocrx_word' id='word_1_687' title='bbox 2044 4213 2249 4282; x_wconf 89' lang='lat' dir='ltr'><strong>quique</strong></span> <span class='ocrx_word' id='word_1_688' title='bbox 2283 4227 2453 4268; x_wconf 88' lang='lat' dir='ltr'><strong>unum</strong></span> <span class='ocrx_word' id='word_1_689' title='bbox 2494 4212 2668 4268; x_wconf 86' lang='lat' dir='ltr'><strong>habeo</strong></span> <span class='ocrx_word' id='word_1_690' title='bbox 2704 4214 3111 4279; x_wconf 89' lang='lat' dir='ltr'><strong>vestimentum,</strong></span> <span class='ocrx_word' id='word_1_691' title='bbox 3170 4229 3237 4271; x_wconf 86' lang='lat' dir='ltr'><strong>ac</strong></span> <span class='ocrx_word' id='word_1_692' title='bbox 3279 4215 3394 4284; x_wconf 39' lang='lat' dir='ltr'><strong>pali</strong></span> 
     </span>
    </p>
   </div>
   <div class='ocr_carea' id='block_1_91' title="bbox 1824 4301 3391 4377">
    <p class='ocr_par' dir='ltr' id='par_1_91' title="bbox 1824 4301 3391 4377">
     <span class='ocr_line' id='line_1_91' title="bbox 1824 4301 3391 4377; baseline 0.004 -22"><span class='ocrx_word' id='word_1_693' title='bbox 1824 4301 1978 4369; x_wconf 91' lang='lat' dir='ltr'><strong>lium,</strong></span> <span class='ocrx_word' id='word_1_694' title='bbox 2010 4302 2116 4358; x_wconf 92' lang='lat' dir='ltr'><strong>hoc</strong></span> <span class='ocrx_word' id='word_1_695' title='bbox 2133 4302 2311 4372; x_wconf 90' lang='lat' dir='ltr'><strong>ipsum</strong></span> <span class='ocrx_word' id='word_1_696' title='bbox 2341 4318 2451 4373; x_wconf 90' lang='lat' dir='ltr'><strong>quo</strong></span> <span class='ocrx_word' id='word_1_697' title='bbox 2474 4304 2708 4362; x_wconf 89' lang='lat' dir='ltr'><strong>amictus</strong></span> <span class='ocrx_word' id='word_1_698' title='bbox 2741 4320 2886 4370; x_wconf 90' lang='lat' dir='ltr'><strong>sum,</strong></span> <span class='ocrx_word' id='word_1_699' title='bbox 2919 4313 2974 4361; x_wconf 92' lang='lat' dir='ltr'><strong>et</strong></span> <span class='ocrx_word' id='word_1_700' title='bbox 2993 4307 3101 4362; x_wconf 91' lang='lat' dir='ltr'><strong>alio</strong></span> <span class='ocrx_word' id='word_1_701' title='bbox 3121 4321 3260 4377; x_wconf 89' lang='lat' dir='ltr'><strong>opus</strong></span> <span class='ocrx_word' id='word_1_702' title='bbox 3282 4322 3391 4362; x_wconf 88' lang='lat' dir='ltr'><strong>non</strong></span> 
     </span>
    </p>
   </div>
   <div class='ocr_carea' id='block_1_92' title="bbox 143 4390 1719 4480">
    <p class='ocr_par' dir='ltr' id='par_1_92' title="bbox 143 4390 1719 4467">
     <span class='ocr_line' id='line_1_92' title="bbox 143 4390 1719 4467; baseline -0.001 -20"><span class='ocrx_word' id='word_1_703' title='bbox 143 4390 336 4467; x_wconf 73' lang='grc' dir='ltr'>ἑτέρου</span> <span class='ocrx_word' id='word_1_704' title='bbox 391 4393 579 4465; x_wconf 88' lang='grc' dir='ltr'>χρείαν</span> <span class='ocrx_word' id='word_1_705' title='bbox 613 4395 715 4447; x_wconf 85' lang='grc' dir='ltr'><strong>οὐκ</strong></span> <span class='ocrx_word' id='word_1_706' title='bbox 751 4393 879 4463; x_wconf 78' lang='grc' dir='ltr'>ἔχω,</span> <span class='ocrx_word' id='word_1_707' title='bbox 920 4394 1038 4447; x_wconf 78' lang='grc' dir='ltr'>οὐδὲ</span> <span class='ocrx_word' id='word_1_708' title='bbox 1065 4392 1240 4448; x_wconf 82' lang='grc' dir='ltr'>ἄλλων</span> <span class='ocrx_word' id='word_1_709' title='bbox 1274 4395 1455 4448; x_wconf 88' lang='grc' dir='ltr'>τινῶν·</span> <span class='ocrx_word' id='word_1_710' title='bbox 1501 4394 1589 4447; x_wconf 90' lang='grc' dir='ltr'>Ἑν</span> <span class='ocrx_word' id='word_1_711' title='bbox 1615 4393 1719 4465; x_wconf 86' lang='grc' dir='ltr'>γὰρ</span> 
     </span>
    </p>
   </div>
   <div class='ocr_carea' id='block_1_93' title="bbox 1823 4390 3393 4480">
    <p class='ocr_par' dir='ltr' id='par_1_93' title="bbox 1826 4394 3393 4466">
     <span class='ocr_line' id='line_1_93' title="bbox 1826 4394 3393 4466; baseline 0.004 -17"><span class='ocrx_word' id='word_1_712' title='bbox 1826 4394 2032 4462; x_wconf 83' lang='lat' dir='ltr'><strong>habeo,</strong></span> <span class='ocrx_word' id='word_1_713' title='bbox 2076 4410 2253 4466; x_wconf 86' lang='lat' dir='ltr'><strong>neque</strong></span> <span class='ocrx_word' id='word_1_714' title='bbox 2285 4395 2395 4450; x_wconf 90' lang='lat' dir='ltr'><strong>ulla</strong></span> <span class='ocrx_word' id='word_1_715' title='bbox 2435 4411 2514 4452; x_wconf 91' lang='lat' dir='ltr'><strong>re.</strong></span> <span class='ocrx_word' id='word_1_716' title='bbox 2553 4394 2690 4452; x_wconf 88' lang='lat' dir='ltr'><strong>Nam</strong></span> <span class='ocrx_word' id='word_1_717' title='bbox 2735 4398 2798 4453; x_wconf 85' lang='lat' dir='ltr'><strong>in</strong></span> <span class='ocrx_word' id='word_1_718' title='bbox 2838 4397 2924 4455; x_wconf 88' lang='lat' dir='ltr'><strong>his</strong></span> <span class='ocrx_word' id='word_1_719' title='bbox 2966 4398 3129 4454; x_wconf 88' lang='lat' dir='ltr'><strong>etiam</strong></span> <span class='ocrx_word' id='word_1_720' title='bbox 3177 4399 3393 4456; x_wconf 87' lang='lat' dir='ltr'><strong>abunde</strong></span> 
     </span>
    </p>
   </div>
   <div class='ocr_carea' id='block_1_94' title="bbox 142 4484 1724 4558">
    <p class='ocr_par' dir='ltr' id='par_1_94' title="bbox 142 4484 1724 4558">
     <span class='ocr_line' id='line_1_94' title="bbox 142 4484 1724 4558; baseline 0.001 -22"><span class='ocrx_word' id='word_1_721' title='bbox 142 4484 363 4546; x_wconf 86' lang='grc' dir='ltr'>τούτοις</span> <span class='ocrx_word' id='word_1_722' title='bbox 391 4484 486 4539; x_wconf 72' lang='grc' dir='ltr'><strong>καὶ</strong></span> <span class='ocrx_word' id='word_1_723' title='bbox 517 4484 931 4557; x_wconf 87' lang='grc' dir='ltr'>περισσεύομαι.</span> <span class='ocrx_word' id='word_1_724' title='bbox 985 4486 1043 4539; x_wconf 85' lang='lat'><strong>&#39;0</strong></span> <span class='ocrx_word' id='word_1_725' title='bbox 1069 4485 1194 4549; x_wconf 87' lang='grc' dir='ltr'>νοῦς</span> <span class='ocrx_word' id='word_1_726' title='bbox 1225 4485 1334 4558; x_wconf 84' lang='grc' dir='ltr'><strong>γάρ</strong></span> <span class='ocrx_word' id='word_1_727' title='bbox 1377 4502 1476 4556; x_wconf 90' lang='grc' dir='ltr'><strong>μου</strong></span> <span class='ocrx_word' id='word_1_728' title='bbox 1504 4484 1571 4538; x_wconf 82' lang='grc' dir='ltr'>τὰ</span> <span class='ocrx_word' id='word_1_729' title='bbox 1607 4486 1724 4538; x_wconf 78' lang='grc' dir='ltr'>ἐκεῖ</span> 
     </span>
    </p>
   </div>
   <div class='ocr_carea' id='block_1_95' title="bbox 146 4572 1723 4646">
    <p class='ocr_par' dir='ltr' id='par_1_95' title="bbox 146 4572 1723 4646">
     <span class='ocr_line' id='line_1_95' title="bbox 146 4572 1723 4646; baseline 0.001 -18"><span class='ocrx_word' id='word_1_730' title='bbox 146 4574 329 4629; x_wconf 76' lang='grc' dir='ltr'>πάντα</span> <span class='ocrx_word' id='word_1_731' title='bbox 353 4574 495 4646; x_wconf 86' lang='grc' dir='ltr'>ὁρῶν</span> <span class='ocrx_word' id='word_1_732' title='bbox 520 4572 716 4629; x_wconf 77' lang='grc' dir='ltr'>αἰώνια</span> <span class='ocrx_word' id='word_1_733' title='bbox 742 4575 940 4644; x_wconf 85' lang='grc' dir='ltr'>ἀγαθὰ,</span> <span class='ocrx_word' id='word_1_734' title='bbox 970 4576 1078 4629; x_wconf 90' lang='grc' dir='ltr'><strong>τῶν</strong></span> <span class='ocrx_word' id='word_1_735' title='bbox 1104 4574 1340 4631; x_wconf 75' lang='grc' dir='ltr'>ἐνταῦθα</span> <span class='ocrx_word' id='word_1_736' title='bbox 1365 4574 1575 4637; x_wconf 81' lang='grc' dir='ltr'>οὐδενὸς</span> <span class='ocrx_word' id='word_1_737' title='bbox 1602 4578 1723 4629; x_wconf 74' lang='grc' dir='ltr'>ἑπι-</span> 
     </span>
    </p>
   </div>
   <div class='ocr_carea' id='block_1_96' title="bbox 149 4663 1725 4740">
    <p class='ocr_par' dir='ltr' id='par_1_96' title="bbox 149 4663 1725 4740">
     <span class='ocr_line' id='line_1_96' title="bbox 149 4663 1725 4740; baseline 0.003 -23"><span class='ocrx_word' id='word_1_738' title='bbox 149 4665 464 4737; x_wconf 82' lang='grc' dir='ltr'>στρέφεται.</span> <span class='ocrx_word' id='word_1_739' title='bbox 500 4667 689 4737; x_wconf 87' lang='grc' dir='ltr'>Ὅμως</span> <span class='ocrx_word' id='word_1_740' title='bbox 733 4666 827 4720; x_wconf 86' lang='grc' dir='ltr'><strong>σοῦ</strong></span> <span class='ocrx_word' id='word_1_741' title='bbox 877 4666 976 4737; x_wconf 84' lang='grc' dir='ltr'>μὲν</span> <span class='ocrx_word' id='word_1_742' title='bbox 1016 4666 1117 4738; x_wconf 80' lang='grc' dir='ltr'>τὴν</span> <span class='ocrx_word' id='word_1_743' title='bbox 1156 4667 1365 4738; x_wconf 76' lang='grc' dir='ltr'>ἀγαθὴν</span> <span class='ocrx_word' id='word_1_744' title='bbox 1408 4663 1725 4740; x_wconf 89' lang='grc' dir='ltr'>προαίρεσιν</span> 
     </span>
    </p>
   </div>
   <div class='ocr_carea' id='block_1_97' title="bbox 146 4754 1726 4830">
    <p class='ocr_par' dir='ltr' id='par_1_97' title="bbox 146 4754 1726 4830">
     <span class='ocr_line' id='line_1_97' title="bbox 146 4754 1726 4830; baseline 0.001 -21"><span class='ocrx_word' id='word_1_745' title='bbox 146 4756 502 4826; x_wconf 82' lang='grc' dir='ltr'>ἀποδέχομαι,</span> <span class='ocrx_word' id='word_1_746' title='bbox 521 4757 615 4809; x_wconf 81' lang='grc' dir='ltr'><strong>καὶ</strong></span> <span class='ocrx_word' id='word_1_747' title='bbox 637 4754 930 4827; x_wconf 78' lang='grc' dir='ltr'>θαυμάζων</span> <span class='ocrx_word' id='word_1_748' title='bbox 960 4756 1186 4820; x_wconf 78' lang='grc' dir='ltr'>ἐπαινῶ,</span> <span class='ocrx_word' id='word_1_749' title='bbox 1217 4756 1334 4821; x_wconf 90' lang='grc' dir='ltr'><strong>πῶς</strong></span> <span class='ocrx_word' id='word_1_750' title='bbox 1365 4758 1504 4830; x_wconf 84' lang='grc' dir='ltr'>ἀνὴρ</span> <span class='ocrx_word' id='word_1_751' title='bbox 1534 4761 1598 4811; x_wconf 84' lang='grc' dir='ltr'>ὲκ</span> <span class='ocrx_word' id='word_1_752' title='bbox 1631 4776 1726 4811; x_wconf 90' lang='grc' dir='ltr'>πο-</span> 
     </span>
    </p>
   </div>
   <div class='ocr_carea' id='block_1_98' title="bbox 145 4842 1727 4918">
    <p class='ocr_par' dir='ltr' id='par_1_98' title="bbox 145 4842 1727 4918">
     <span class='ocr_line' id='line_1_98' title="bbox 145 4842 1727 4918; baseline 0.002 -19"><span class='ocrx_word' id='word_1_753' title='bbox 145 4846 385 4900; x_wconf 82' lang='grc' dir='ltr'>λυτελῶν</span> <span class='ocrx_word' id='word_1_754' title='bbox 412 4844 550 4898; x_wconf 82' lang='grc' dir='ltr'>ὲθῶν</span> <span class='ocrx_word' id='word_1_755' title='bbox 579 4843 859 4917; x_wconf 79' lang='grc' dir='ltr'>ὑπάρχων,</span> <span class='ocrx_word' id='word_1_756' title='bbox 896 4842 1092 4918; x_wconf 68' lang='grc' dir='ltr'>ῥᾳδίως</span> <span class='ocrx_word' id='word_1_757' title='bbox 1121 4850 1234 4910; x_wconf 89' lang='grc' dir='ltr'>τοῖς</span> <span class='ocrx_word' id='word_1_758' title='bbox 1276 4844 1590 4916; x_wconf 87' lang='grc' dir='ltr'>ἀναγκαίοις</span> <span class='ocrx_word' id='word_1_759' title='bbox 1633 4848 1727 4903; x_wconf 78' lang='grc' dir='ltr'>τὸν</span> 
     </span>
    </p>
   </div>
   <div class='ocr_carea' id='block_1_99' title="bbox 151 4935 1723 5008">
    <p class='ocr_par' dir='ltr' id='par_1_99' title="bbox 151 4935 1723 5008">
     <span class='ocr_line' id='line_1_99' title="bbox 151 4935 1723 5008; baseline 0.003 -18"><span class='ocrx_word' id='word_1_760' title='bbox 151 4935 381 4990; x_wconf 75' lang='grc' dir='ltr'>σεαυτοῦ</span> <span class='ocrx_word' id='word_1_761' title='bbox 428 4936 741 5007; x_wconf 81' lang='grc' dir='ltr'>ύπήλλαξας</span> <span class='ocrx_word' id='word_1_762' title='bbox 790 4935 925 5008; x_wconf 90' lang='grc' dir='ltr'>βίον.</span> <span class='ocrx_word' id='word_1_763' title='bbox 979 4937 1170 5007; x_wconf 83' lang='grc' dir='ltr'>Ἡμεῖς</span> <span class='ocrx_word' id='word_1_764' title='bbox 1227 4936 1335 5007; x_wconf 90' lang='grc' dir='ltr'><strong>γάρ</strong></span> <span class='ocrx_word' id='word_1_765' title='bbox 1388 4939 1454 4992; x_wconf 83' lang='grc' dir='ltr'><strong>ὲκ</strong></span> <span class='ocrx_word' id='word_1_766' title='bbox 1497 4939 1723 5007; x_wconf 89' lang='grc' dir='ltr'>παίδων,</span> 
     </span>
    </p>
   </div>
   <div class='ocr_carea' id='block_1_100' title="bbox 146 5024 1725 5103">
    <p class='ocr_par' dir='ltr' id='par_1_100' title="bbox 146 5024 1725 5103">
     <span class='ocr_line' id='line_1_100' title="bbox 146 5024 1725 5103; baseline 0.001 -21"><span class='ocrx_word' id='word_1_767' title='bbox 146 5024 259 5097; x_wconf 73' lang='grc' dir='ltr'>ἐγώ</span> <span class='ocrx_word' id='word_1_768' title='bbox 276 5046 335 5082; x_wconf 83' lang='grc' dir='ltr'><strong>τε</strong></span> <span class='ocrx_word' id='word_1_769' title='bbox 370 5026 465 5083; x_wconf 75' lang='grc' dir='ltr'><strong>καὶ</strong></span> <span class='ocrx_word' id='word_1_770' title='bbox 505 5029 757 5101; x_wconf 82' lang='grc' dir='ltr'>Ἀνδρέας</span> <span class='ocrx_word' id='word_1_771' title='bbox 784 5030 813 5082; x_wconf 88' lang='grc' dir='ltr'><strong>ό</strong></span> <span class='ocrx_word' id='word_1_772' title='bbox 840 5027 1115 5099; x_wconf 88' lang='grc' dir='ltr'>σύναιμος,</span> <span class='ocrx_word' id='word_1_773' title='bbox 1140 5028 1202 5081; x_wconf 83' lang='grc' dir='ltr'>οὐ</span> <span class='ocrx_word' id='word_1_774' title='bbox 1232 5027 1390 5100; x_wconf 88' lang='grc' dir='ltr'>μόνον</span> <span class='ocrx_word' id='word_1_775' title='bbox 1415 5032 1473 5083; x_wconf 81' lang='grc' dir='ltr'>ὲν</span> <span class='ocrx_word' id='word_1_776' title='bbox 1492 5029 1725 5103; x_wconf 75' lang='grc' dir='ltr'>ὀρφανία</span> 
     </span>
    </p>
   </div>
   <div class='ocr_carea' id='block_1_101' title="bbox 146 5117 1723 5191">
    <p class='ocr_par' dir='ltr' id='par_1_101' title="bbox 146 5117 1723 5191">
     <span class='ocr_line' id='line_1_101' title="bbox 146 5117 1723 5191; baseline 0.002 -19"><span class='ocrx_word' id='word_1_777' title='bbox 146 5118 468 5191; x_wconf 70' lang='grc' dir='ltr'>τραφέντες,</span> <span class='ocrx_word' id='word_1_778' title='bbox 502 5120 637 5175; x_wconf 87' lang='grc' dir='ltr'><strong>ἀλλά</strong></span> <span class='ocrx_word' id='word_1_779' title='bbox 683 5117 778 5174; x_wconf 69' lang='grc' dir='ltr'><strong>καὶ</strong></span> <span class='ocrx_word' id='word_1_780' title='bbox 820 5118 925 5174; x_wconf 78' lang='grc' dir='ltr'><strong>ὑπὸ</strong></span> <span class='ocrx_word' id='word_1_781' title='bbox 967 5120 1155 5183; x_wconf 84' lang='grc' dir='ltr'>πενίας</span> <span class='ocrx_word' id='word_1_782' title='bbox 1197 5122 1278 5185; x_wconf 85' lang='grc' dir='ltr'><strong>είς</strong></span> <span class='ocrx_word' id='word_1_783' title='bbox 1320 5120 1578 5191; x_wconf 77' lang='grc' dir='ltr'>ἐργασίαν</span> <span class='ocrx_word' id='word_1_784' title='bbox 1611 5122 1723 5175; x_wconf 81' lang='grc' dir='ltr'>ἐθι-</span> 
     </span>
    </p>
   </div>
   <div class='ocr_carea' id='block_1_102' title="bbox 151 5212 1724 5287">
    <p class='ocr_par' dir='ltr' id='par_1_102' title="bbox 151 5212 1724 5287">
     <span class='ocr_line' id='line_1_102' title="bbox 151 5212 1724 5287; baseline 0.001 -21"><span class='ocrx_word' id='word_1_785' title='bbox 151 5212 370 5277; x_wconf 80' lang='grc' dir='ltr'>σθέντες</span> <span class='ocrx_word' id='word_1_786' title='bbox 402 5213 479 5279; x_wconf 82' lang='grc'><strong>³⁸,</strong></span> <span class='ocrx_word' id='word_1_787' title='bbox 529 5214 788 5285; x_wconf 81' lang='grc' dir='ltr'>εὐμαρῶς</span> <span class='ocrx_word' id='word_1_788' title='bbox 833 5214 1071 5287; x_wconf 81' lang='grc' dir='ltr'>φέρομεν</span> <span class='ocrx_word' id='word_1_789' title='bbox 1103 5215 1198 5270; x_wconf 86' lang='grc' dir='ltr'><strong>νῦν</strong></span> <span class='ocrx_word' id='word_1_790' title='bbox 1229 5214 1327 5279; x_wconf 82' lang='grc' dir='ltr'><strong>τὰς</strong></span> <span class='ocrx_word' id='word_1_791' title='bbox 1360 5216 1575 5287; x_wconf 80' lang='grc' dir='ltr'>μακρὰς</span> <span class='ocrx_word' id='word_1_792' title='bbox 1602 5219 1724 5270; x_wconf 88' lang='grc' dir='ltr'>ταύ-</span> 
     </span>
    </p>
   </div>
   <div class='ocr_carea' id='block_1_103' title="bbox 146 5305 1722 5385">
    <p class='ocr_par' dir='ltr' id='par_1_103' title="bbox 146 5305 1722 5385">
     <span class='ocr_line' id='line_1_103' title="bbox 146 5305 1722 5385; baseline 0.004 -29"><span class='ocrx_word' id='word_1_793' title='bbox 146 5321 247 5367; x_wconf 89' lang='grc' dir='ltr'><strong>τας</strong></span> <span class='ocrx_word' id='word_1_794' title='bbox 274 5305 609 5377; x_wconf 82' lang='grc' dir='ltr'>ὁδοιπορίας.</span> <span class='ocrx_word' id='word_1_795' title='bbox 660 5306 821 5385; x_wconf 55' lang='lat' dir='ltr'><strong>&quot;095v</strong></span> <span class='ocrx_word' id='word_1_796' title='bbox 859 5308 908 5360; x_wconf 84' lang='grc' dir='ltr'><strong>εί</strong></span> <span class='ocrx_word' id='word_1_797' title='bbox 945 5306 1162 5362; x_wconf 74' lang='grc' dir='ltr'>ἐπείθου</span> <span class='ocrx_word' id='word_1_798' title='bbox 1195 5324 1307 5379; x_wconf 89' lang='grc' dir='ltr'>μοι,</span> <span class='ocrx_word' id='word_1_799' title='bbox 1347 5309 1469 5381; x_wconf 71' lang='grc' dir='ltr'>ἐμοὶ</span> <span class='ocrx_word' id='word_1_800' title='bbox 1496 5309 1561 5363; x_wconf 82' lang='grc' dir='ltr'>ἂν</span> <span class='ocrx_word' id='word_1_801' title='bbox 1593 5326 1722 5378; x_wconf 83' lang='grc' dir='ltr'>συγ·</span> 
     </span>
    </p>
   </div>
   <div class='ocr_carea' id='block_1_104' title="bbox 150 5399 1323 5474">
    <p class='ocr_par' dir='ltr' id='par_1_104' title="bbox 150 5399 1323 5474">
     <span class='ocr_line' id='line_1_104' title="bbox 150 5399 1323 5474; baseline 0.003 -25"><span class='ocrx_word' id='word_1_802' title='bbox 150 5399 488 5470; x_wconf 82' lang='grc' dir='ltr'>κεχωρήκεις</span> <span class='ocrx_word' id='word_1_803' title='bbox 516 5399 587 5453; x_wconf 84' lang='grc' dir='ltr'>τὰ</span> <span class='ocrx_word' id='word_1_804' title='bbox 616 5399 815 5454; x_wconf 88' lang='grc' dir='ltr'>δούλων</span> <span class='ocrx_word' id='word_1_805' title='bbox 838 5400 1192 5474; x_wconf 84' lang='grc' dir='ltr'>ἀποπληροῦν</span> <span class='ocrx_word' id='word_1_806' title='bbox 1222 5418 1323 5455; x_wconf 91' lang='grc' dir='ltr'>σοι.</span> 
     </span>
    </p>
   </div>
   <div class='ocr_carea' id='block_1_105' title="bbox 1826 4485 3392 4559">
    <p class='ocr_par' dir='ltr' id='par_1_105' title="bbox 1826 4485 3392 4559">
     <span class='ocr_line' id='line_1_105' title="bbox 1826 4485 3392 4559; baseline 0.005 -18"><span class='ocrx_word' id='word_1_807' title='bbox 1826 4486 1960 4541; x_wconf 88' lang='lat' dir='ltr'><strong>mihi</strong></span> <span class='ocrx_word' id='word_1_808' title='bbox 1978 4494 2081 4542; x_wconf 90' lang='lat' dir='ltr'><strong>est.</strong></span> <span class='ocrx_word' id='word_1_809' title='bbox 2109 4485 2225 4543; x_wconf 82' lang='lat' dir='ltr'><strong>Mea</strong></span> <span class='ocrx_word' id='word_1_810' title='bbox 2250 4488 2451 4559; x_wconf 86' lang='lat' dir='ltr'><strong>quippe</strong></span> <span class='ocrx_word' id='word_1_811' title='bbox 2473 4504 2630 4545; x_wconf 88' lang='lat' dir='ltr'><strong>mens</strong></span> <span class='ocrx_word' id='word_1_812' title='bbox 2657 4504 2887 4545; x_wconf 90' lang='lat' dir='ltr'><strong>cernens</strong></span> <span class='ocrx_word' id='word_1_813' title='bbox 2908 4489 3020 4546; x_wconf 89' lang='lat' dir='ltr'><strong>illic</strong></span> <span class='ocrx_word' id='word_1_814' title='bbox 3042 4492 3225 4546; x_wconf 89' lang='lat' dir='ltr'><strong>omnia</strong></span> <span class='ocrx_word' id='word_1_815' title='bbox 3249 4491 3392 4549; x_wconf 87' lang='lat' dir='ltr'><strong>bona</strong></span> 
     </span>
    </p>
   </div>
   <div class='ocr_carea' id='block_1_106' title="bbox 1825 4580 3392 4650">
    <p class='ocr_par' dir='ltr' id='par_1_106' title="bbox 1825 4580 3392 4650">
     <span class='ocr_line' id='line_1_106' title="bbox 1825 4580 3392 4650; baseline 0.002 -17"><span class='ocrx_word' id='word_1_816' title='bbox 1825 4588 2048 4645; x_wconf 53' lang='lat' dir='ltr'><strong>aeterna,</strong></span> <span class='ocrx_word' id='word_1_817' title='bbox 2101 4580 2303 4637; x_wconf 89' lang='lat' dir='ltr'><strong>nullius</strong></span> <span class='ocrx_word' id='word_1_818' title='bbox 2339 4596 2527 4636; x_wconf 90' lang='lat' dir='ltr'><strong>eorum</strong></span> <span class='ocrx_word' id='word_1_819' title='bbox 2560 4595 2682 4650; x_wconf 76' lang='lat' dir='ltr'><strong>qua:</strong></span> <span class='ocrx_word' id='word_1_820' title='bbox 2710 4581 2799 4635; x_wconf 85' lang='lat' dir='ltr'><strong>hic</strong></span> <span class='ocrx_word' id='word_1_821' title='bbox 2830 4589 2961 4635; x_wconf 89' lang='lat' dir='ltr'><strong>sunt</strong></span> <span class='ocrx_word' id='word_1_822' title='bbox 2992 4595 3177 4637; x_wconf 92' lang='lat' dir='ltr'><strong>curam</strong></span> <span class='ocrx_word' id='word_1_823' title='bbox 3208 4583 3392 4638; x_wconf 72' lang='lat' dir='ltr'><strong>susci~</strong></span> 
     </span>
    </p>
   </div>
   <div class='ocr_carea' id='block_1_107' title="bbox 1825 4663 3393 4740">
    <p class='ocr_par' dir='ltr' id='par_1_107' title="bbox 1825 4663 3393 4740">
     <span class='ocr_line' id='line_1_107' title="bbox 1825 4663 3393 4740; baseline 0.002 -17"><span class='ocrx_word' id='word_1_824' title='bbox 1825 4672 1923 4739; x_wconf 92' lang='lat' dir='ltr'><strong>pit.</strong></span> <span class='ocrx_word' id='word_1_825' title='bbox 1951 4663 2127 4723; x_wconf 91' lang='lat' dir='ltr'><strong>Tuum</strong></span> <span class='ocrx_word' id='word_1_826' title='bbox 2153 4680 2331 4724; x_wconf 89' lang='lat' dir='ltr'><strong>tamen</strong></span> <span class='ocrx_word' id='word_1_827' title='bbox 2347 4669 2621 4740; x_wconf 86' lang='lat' dir='ltr'><strong>egregium</strong></span> <span class='ocrx_word' id='word_1_828' title='bbox 2650 4669 2960 4725; x_wconf 86' lang='lat' dir='ltr'><strong>institutum</strong></span> <span class='ocrx_word' id='word_1_829' title='bbox 2987 4670 3260 4739; x_wconf 88' lang='lat' dir='ltr'><strong>approbo;</strong></span> <span class='ocrx_word' id='word_1_830' title='bbox 3290 4671 3393 4727; x_wconf 89' lang='lat' dir='ltr'><strong>mi-</strong></span> 
     </span>
    </p>
   </div>
   <div class='ocr_carea' id='block_1_108' title="bbox 1826 4761 3392 4833">
    <p class='ocr_par' dir='ltr' id='par_1_108' title="bbox 1826 4761 3392 4833">
     <span class='ocr_line' id='line_1_108' title="bbox 1826 4761 3392 4833; baseline 0.002 -18"><span class='ocrx_word' id='word_1_831' title='bbox 1826 4776 2024 4831; x_wconf 89' lang='lat' dir='ltr'><strong>rorque</strong></span> <span class='ocrx_word' id='word_1_832' title='bbox 2062 4776 2127 4816; x_wconf 86' lang='lat' dir='ltr'><strong>ac</strong></span> <span class='ocrx_word' id='word_1_833' title='bbox 2153 4761 2336 4825; x_wconf 83' lang='lat' dir='ltr'><strong>laudo,</strong></span> <span class='ocrx_word' id='word_1_834' title='bbox 2380 4775 2491 4832; x_wconf 91' lang='lat' dir='ltr'><strong>quo</strong></span> <span class='ocrx_word' id='word_1_835' title='bbox 2532 4761 2697 4815; x_wconf 88' lang='lat' dir='ltr'><strong>modo</strong></span> <span class='ocrx_word' id='word_1_836' title='bbox 2738 4761 2821 4815; x_wconf 89' lang='lat' dir='ltr'><strong>vir</strong></span> <span class='ocrx_word' id='word_1_837' title='bbox 2853 4763 2904 4816; x_wconf 89' lang='lat' dir='ltr'><strong>in</strong></span> <span class='ocrx_word' id='word_1_838' title='bbox 2930 4762 3039 4817; x_wconf 85' lang='lat' dir='ltr'><strong>vita</strong></span> <span class='ocrx_word' id='word_1_839' title='bbox 3072 4773 3392 4833; x_wconf 85' lang='lat' dir='ltr'><strong>sumptuosa</strong></span> 
     </span>
    </p>
   </div>
   <div class='ocr_carea' id='block_1_109' title="bbox 1827 4850 3391 4921">
    <p class='ocr_par' dir='ltr' id='par_1_109' title="bbox 1827 4850 3391 4921">
     <span class='ocr_line' id='line_1_109' title="bbox 1827 4850 3391 4921; baseline 0.003 -15"><span class='ocrx_word' id='word_1_840' title='bbox 1827 4850 2110 4917; x_wconf 88' lang='lat' dir='ltr'><strong>educatus,</strong></span> <span class='ocrx_word' id='word_1_841' title='bbox 2143 4850 2302 4907; x_wconf 82' lang='lat' dir='ltr'><strong>facile</strong></span> <span class='ocrx_word' id='word_1_842' title='bbox 2334 4851 2550 4908; x_wconf 90' lang='lat' dir='ltr'><strong>vivendi</strong></span> <span class='ocrx_word' id='word_1_843' title='bbox 2592 4852 2857 4908; x_wconf 90' lang='lat' dir='ltr'><strong>rationem</strong></span> <span class='ocrx_word' id='word_1_844' title='bbox 2896 4852 3295 4921; x_wconf 86' lang='lat' dir='ltr'><strong>immutaveris,</strong></span> <span class='ocrx_word' id='word_1_845' title='bbox 3337 4865 3391 4909; x_wconf 90' lang='lat' dir='ltr'><strong>et</strong></span> 
     </span>
    </p>
   </div>
   <div class='ocr_carea' id='block_1_110' title="bbox 1824 4940 3389 5015">
    <p class='ocr_par' dir='ltr' id='par_1_110' title="bbox 1824 4940 3389 5015">
     <span class='ocr_line' id='line_1_110' title="bbox 1824 4940 3389 5015; baseline 0.001 -18"><span class='ocrx_word' id='word_1_846' title='bbox 1824 4942 1893 4998; x_wconf 87' lang='lat' dir='ltr'><strong>ad</strong></span> <span class='ocrx_word' id='word_1_847' title='bbox 1929 4943 2042 4998; x_wconf 87' lang='lat' dir='ltr'><strong>sola</strong></span> <span class='ocrx_word' id='word_1_848' title='bbox 2074 4942 2384 4999; x_wconf 84' lang='lat' dir='ltr'><strong>necessaria</strong></span> <span class='ocrx_word' id='word_1_849' title='bbox 2414 4943 2741 5000; x_wconf 79' lang='lat' dir='ltr'><strong>traduxeris.</strong></span> <span class='ocrx_word' id='word_1_850' title='bbox 2774 4941 2887 5001; x_wconf 87' lang='lat' dir='ltr'><strong>Nos</strong></span> <span class='ocrx_word' id='word_1_851' title='bbox 2908 4940 3109 5015; x_wconf 89' lang='lat' dir='ltr'><strong>quippe</strong></span> <span class='ocrx_word' id='word_1_852' title='bbox 3137 4959 3167 4999; x_wconf 91' lang='lat' dir='ltr'><strong>a</strong></span> <span class='ocrx_word' id='word_1_853' title='bbox 3199 4960 3389 5015; x_wconf 88' lang='lat' dir='ltr'><strong>puero,</strong></span> 
     </span>
    </p>
   </div>
   <div class='ocr_carea' id='block_1_111' title="bbox 1825 5033 3393 5106">
    <p class='ocr_par' dir='ltr' id='par_1_111' title="bbox 1825 5033 3393 5106">
     <span class='ocr_line' id='line_1_111' title="bbox 1825 5033 3393 5106; baseline 0.002 -19"><span class='ocrx_word' id='word_1_854' title='bbox 1825 5048 1926 5103; x_wconf 80' lang='lat' dir='ltr'><strong>ego</strong></span> <span class='ocrx_word' id='word_1_855' title='bbox 1950 5044 2005 5089; x_wconf 89' lang='lat' dir='ltr'><strong>et</strong></span> <span class='ocrx_word' id='word_1_856' title='bbox 2037 5033 2282 5090; x_wconf 83' lang='lat' dir='ltr'><strong>Andreas</strong></span> <span class='ocrx_word' id='word_1_857' title='bbox 2307 5033 2496 5096; x_wconf 87' lang='lat' dir='ltr'><strong>frater.</strong></span> <span class='ocrx_word' id='word_1_858' title='bbox 2531 5051 2639 5089; x_wconf 89' lang='lat' dir='ltr'><strong>non</strong></span> <span class='ocrx_word' id='word_1_859' title='bbox 2674 5034 2852 5090; x_wconf 91' lang='lat' dir='ltr'><strong>solum</strong></span> <span class='ocrx_word' id='word_1_860' title='bbox 2897 5036 2949 5090; x_wconf 87' lang='lat' dir='ltr'><strong>in</strong></span> <span class='ocrx_word' id='word_1_861' title='bbox 2980 5036 3232 5106; x_wconf 91' lang='lat' dir='ltr'><strong>pupillari</strong></span> <span class='ocrx_word' id='word_1_862' title='bbox 3259 5052 3393 5093; x_wconf 80' lang='lat' dir='ltr'><strong>ceu-</strong></span> 
     </span>
    </p>
   </div>
   <div class='ocr_carea' id='block_1_112' title="bbox 1824 5125 3393 5199">
    <p class='ocr_par' dir='ltr' id='par_1_112' title="bbox 1824 5125 3393 5199">
     <span class='ocr_line' id='line_1_112' title="bbox 1824 5125 3393 5199; baseline 0.001 -20"><span class='ocrx_word' id='word_1_863' title='bbox 1824 5125 2030 5181; x_wconf 89' lang='lat' dir='ltr'><strong>ditione</strong></span> <span class='ocrx_word' id='word_1_864' title='bbox 2044 5126 2482 5191; x_wconf 85' lang='lat' dir='ltr'><strong>educati,verum</strong></span> <span class='ocrx_word' id='word_1_865' title='bbox 2512 5126 2674 5181; x_wconf 88' lang='lat' dir='ltr'><strong>etiam</strong></span> <span class='ocrx_word' id='word_1_866' title='bbox 2698 5136 2916 5196; x_wconf 89' lang='lat' dir='ltr'><strong>propter</strong></span> <span class='ocrx_word' id='word_1_867' title='bbox 2950 5127 3197 5199; x_wconf 82' lang='lat' dir='ltr'><strong>inopiam</strong></span> <span class='ocrx_word' id='word_1_868' title='bbox 3225 5128 3293 5183; x_wconf 81' lang='lat' dir='ltr'><strong>ad</strong></span> <span class='ocrx_word' id='word_1_869' title='bbox 3313 5129 3393 5182; x_wconf 94' lang='lat' dir='ltr'><strong>la-</strong></span> 
     </span>
    </p>
   </div>
   <div class='ocr_carea' id='block_1_113' title="bbox 1825 5216 3393 5291">
    <p class='ocr_par' dir='ltr' id='par_1_113' title="bbox 1825 5216 3393 5291">
     <span class='ocr_line' id='line_1_113' title="bbox 1825 5216 3393 5291; baseline 0.002 -20"><span class='ocrx_word' id='word_1_870' title='bbox 1825 5217 2011 5271; x_wconf 87' lang='lat' dir='ltr'><strong>borem</strong></span> <span class='ocrx_word' id='word_1_871' title='bbox 2046 5216 2358 5283; x_wconf 81' lang='lat' dir='ltr'><strong>assuefacti,</strong></span> <span class='ocrx_word' id='word_1_872' title='bbox 2385 5217 2634 5287; x_wconf 81' lang='lat' dir='ltr'><strong>expedite</strong></span> <span class='ocrx_word' id='word_1_873' title='bbox 2658 5232 2804 5273; x_wconf 92' lang='lat' dir='ltr'><strong>nunc</strong></span> <span class='ocrx_word' id='word_1_874' title='bbox 2830 5218 2931 5274; x_wconf 87' lang='lat' dir='ltr'><strong>bas</strong></span> <span class='ocrx_word' id='word_1_875' title='bbox 2956 5219 3145 5291; x_wconf 86' lang='lat' dir='ltr'><strong>longas</strong></span> <span class='ocrx_word' id='word_1_876' title='bbox 3167 5219 3393 5274; x_wconf 87' lang='lat' dir='ltr'><strong>ferimus</strong></span> 
     </span>
    </p>
   </div>
   <div class='ocr_carea' id='block_1_114' title="bbox 1825 5306 3390 5377">
    <p class='ocr_par' dir='ltr' id='par_1_114' title="bbox 1825 5306 3390 5377">
     <span class='ocr_line' id='line_1_114' title="bbox 1825 5306 3390 5377; baseline 0.002 -17"><span class='ocrx_word' id='word_1_877' title='bbox 1825 5307 2307 5377; x_wconf 80' lang='lat' dir='ltr'><strong>peregrinationes.</strong></span> <span class='ocrx_word' id='word_1_878' title='bbox 2339 5306 2542 5374; x_wconf 85' lang='lat' dir='ltr'><strong>Quare,</strong></span> <span class='ocrx_word' id='word_1_879' title='bbox 2574 5308 2620 5362; x_wconf 92' lang='lat' dir='ltr'><strong>si</strong></span> <span class='ocrx_word' id='word_1_880' title='bbox 2642 5307 2894 5363; x_wconf 87' lang='lat' dir='ltr'><strong>crederes</strong></span> <span class='ocrx_word' id='word_1_881' title='bbox 2923 5310 3078 5375; x_wconf 90' lang='lat' dir='ltr'><strong>mihi,</strong></span> <span class='ocrx_word' id='word_1_882' title='bbox 3106 5324 3390 5364; x_wconf 84' lang='lat' dir='ltr'><strong>servorum</strong></span> 
     </span>
    </p>
   </div>
   <div class='ocr_carea' id='block_1_115' title="bbox 1828 5398 2929 5472">
    <p class='ocr_par' dir='ltr' id='par_1_115' title="bbox 1828 5398 2929 5472">
     <span class='ocr_line' id='line_1_115' title="bbox 1828 5398 2929 5472; baseline -0.001 -18"><span class='ocrx_word' id='word_1_883' title='bbox 1828 5398 2002 5454; x_wconf 81' lang='lat' dir='ltr'><strong>cilicia</strong></span> <span class='ocrx_word' id='word_1_884' title='bbox 2026 5414 2111 5455; x_wconf 91' lang='lat' dir='ltr'><strong>me</strong></span> <span class='ocrx_word' id='word_1_885' title='bbox 2135 5399 2234 5456; x_wconf 90' lang='lat' dir='ltr'><strong>tibi</strong></span> <span class='ocrx_word' id='word_1_886' title='bbox 2254 5398 2566 5472; x_wconf 88' lang='lat' dir='ltr'><strong>impendere</strong></span> <span class='ocrx_word' id='word_1_887' title='bbox 2586 5399 2929 5458; x_wconf 84' lang='lat' dir='ltr'><strong>concederes.</strong></span> 
     </span>
    </p>
   </div>
   <div class='ocr_carea' id='block_1_116' title="bbox 1440 5536 2110 5599">
    <p class='ocr_par' dir='ltr' id='par_1_116' title="bbox 1440 5536 2110 5599">
     <span class='ocr_line' id='line_1_116' title="bbox 1440 5536 2110 5599; baseline 0.004 -4"><span class='ocrx_word' id='word_1_888' title='bbox 1440 5536 1669 5595; x_wconf 69' lang='lat' dir='ltr'><strong>VARL&#39;E</strong></span> <span class='ocrx_word' id='word_1_889' title='bbox 1710 5536 2110 5599; x_wconf 82' lang='lat' dir='ltr'><strong>LEC&#39;I‘IONES.</strong></span> 
     </span>
    </p>
   </div>
   <div class='ocr_carea' id='block_1_117' title="bbox 224 5618 1729 5709">
    <p class='ocr_par' dir='ltr' id='par_1_117' title="bbox 224 5618 1729 5709">
     <span class='ocr_line' id='line_1_117' title="bbox 224 5618 1729 5709; baseline 0.01 -35"><span class='ocrx_word' id='word_1_890' title='bbox 224 5618 635 5709; x_wconf 41' lang='lat' dir='ltr'><strong>&quot;-Clementino</strong></span> <span class='ocrx_word' id='word_1_891' title='bbox 693 5644 749 5709; x_wconf 63' lang='lat' dir='ltr'><strong>et</strong></span> <span class='ocrx_word' id='word_1_892' title='bbox 784 5631 1193 5709; x_wconf 67' lang='grc' dir='ltr'><strong>Διίεςοθιιίιίοηιξει</strong></span> <span class='ocrx_word' id='word_1_893' title='bbox 1229 5674 1243 5701; x_wconf 73' lang='grc' dir='ltr'><strong>ς</strong></span> <span class='ocrx_word' id='word_1_894' title='bbox 1307 5636 1542 5709; x_wconf 74' lang='grc' dir='ltr'>ἑτέρους.</span> <span class='ocrx_word' id='word_1_895' title='bbox 1596 5636 1729 5692; x_wconf 71' lang='grc' dir='ltr'>(ἔστ.</span> 
     </span>
    </p>
   </div>
   <div class='ocr_carea' id='block_1_118' title="bbox 155 5697 1051 5771">
    <p class='ocr_par' dir='ltr' id='par_1_118' title="bbox 155 5697 1051 5771">
     <span class='ocr_line' id='line_1_118' title="bbox 155 5697 1051 5771; baseline 0.008 -19"><span class='ocrx_word' id='word_1_896' title='bbox 155 5697 199 5730; x_wconf 80' lang='grc'><strong><em>⁸⁸</em></strong></span> <span class='ocrx_word' id='word_1_897' title='bbox 237 5700 304 5754; x_wconf 85' lang='lat' dir='ltr'><strong>al.</strong></span> <span class='ocrx_word' id='word_1_898' title='bbox 344 5702 423 5755; x_wconf 78' lang='grc' dir='ltr'><strong>τό.</strong></span> <span class='ocrx_word' id='word_1_899' title='bbox 504 5704 547 5734; x_wconf 87' lang='grc'>³⁰</span> <span class='ocrx_word' id='word_1_900' title='bbox 585 5706 657 5758; x_wconf 92' lang='lat' dir='ltr'><strong>al.</strong></span> <span class='ocrx_word' id='word_1_901' title='bbox 690 5697 1051 5771; x_wconf 64' lang='grc' dir='ltr'>ἐνεθισθέντες</span> 
     </span>
    </p>
   </div>
   <div class='ocr_carea' id='block_1_119' title="bbox 480 5802 1055 5864">
    <p class='ocr_par' dir='ltr' id='par_1_119' title="bbox 480 5802 1055 5864">
     <span class='ocr_line' id='line_1_119' title="bbox 480 5802 1055 5864; baseline 0.003 -3"><span class='ocrx_word' id='word_1_902' title='bbox 480 5802 753 5863; x_wconf 63' lang='grc' dir='ltr'>Ριτιιοι..</span> <span class='ocrx_word' id='word_1_903' title='bbox 809 5804 925 5863; x_wconf 77' lang='lat' dir='ltr'><strong>Gn.</strong></span> <span class='ocrx_word' id='word_1_904' title='bbox 982 5807 1055 5864; x_wconf 94' lang='lat' dir='ltr'><strong>Il.</strong></span> 
     </span>
    </p>
   </div>
   <div class='ocr_carea' id='block_1_120' title="bbox 1838 5639 3386 5711">
    <p class='ocr_par' dir='ltr' id='par_1_120' title="bbox 1838 5639 3386 5711">
     <span class='ocr_line' id='line_1_120' title="bbox 1838 5639 3386 5711; baseline 0.002 -17"><span class='ocrx_word' id='word_1_905' title='bbox 1838 5640 1884 5672; x_wconf 85' lang='lat'><strong>&quot;</strong></span> <span class='ocrx_word' id='word_1_906' title='bbox 1910 5639 1979 5694; x_wconf 81' lang='lat' dir='ltr'><strong>al.</strong></span> <span class='ocrx_word' id='word_1_907' title='bbox 2022 5640 2076 5692; x_wconf 78' lang='grc' dir='ltr'>εἴ</span> <span class='ocrx_word' id='word_1_908' title='bbox 2112 5656 2220 5711; x_wconf 91' lang='grc' dir='ltr'>μοι.</span> <span class='ocrx_word' id='word_1_909' title='bbox 2326 5642 2369 5673; x_wconf 87' lang='grc'><strong>²⁷</strong></span> <span class='ocrx_word' id='word_1_910' title='bbox 2400 5642 2469 5697; x_wconf 85' lang='lat' dir='ltr'><strong>al.</strong></span> <span class='ocrx_word' id='word_1_911' title='bbox 2512 5640 2842 5711; x_wconf 74' lang='grc' dir='ltr'>διαφυλάξει.</span> <span class='ocrx_word' id='word_1_912' title='bbox 2924 5642 2969 5675; x_wconf 70' lang='grc'><strong>’⁸</strong></span> <span class='ocrx_word' id='word_1_913' title='bbox 3007 5643 3075 5696; x_wconf 87' lang='lat' dir='ltr'><strong>al.</strong></span> <span class='ocrx_word' id='word_1_914' title='bbox 3120 5642 3386 5704; x_wconf 71' lang='grc' dir='ltr'>σπανίοις.</span> 
     </span>
    </p>
   </div>
   <div class='ocr_carea' id='block_1_121' title="bbox 2995 5809 3068 5869">
    <p class='ocr_par' dir='ltr' id='par_1_121' title="bbox 2995 5809 3068 5869">
     <span class='ocr_line' id='line_1_121' title="bbox 2995 5809 3068 5869; baseline 0.027 -2"><span class='ocrx_word' id='word_1_915' title='bbox 2995 5809 3068 5869; x_wconf 78' lang='grc'>17</span> 
     </span>
    </p>
   </div>
  </div>
