3834 6220
160 274 269 330 5‘25

942 270 1399 330 CLEMENTINA.
1440 300 1508 311 —
1541 263 1839 323 EPITOME
1876 261 1964 317 DE
2000 258 2244 318 GESTIS
2283 257 2340 314 S.
2381 255 2604 313 PETRI.

3307 248 3410 306 526

158 395 269 449 ὑπὸ
285 394 482 464 πολλῆς
510 392 685 466 λύπης
712 394 985 467 έκθαμϐος
1012 396 1320 467 γενόμενος,
1344 396 1441 450 καὶ
1457 395 1558 449 οὐκ
1583 392 1740 453 εἰδὼς

1848 385 2028 440 dolore
2058 380 2485 451 obstupefactus,
2525 376 2884 446 nesciensque
2904 388 3014 446 quo
3039 388 3229 429 eorum
3258 388 3409 446 quaa~

156 487 265 541 ποῦ
296 488 544 559 ὁρμήσας
568 488 709 543 κατά
733 490 961 561 ζήτησιν
987 490 1208 543 ἐκείνων
1245 488 1471 556 ἐξέλθοι,
1499 488 1599 559 ἐμὲ
1630 505 1734 542 πα-

162 577 435 650 ραλαϐὼν,
483 579 578 632 καὶ
632 580 711 643 είς
765 580 963 651 πόρτον
1006 580 1049 612 ³⁷
1091 579 1350 643 καταϐὰς,
1408 576 1740 648 πυκνότερον

159 668 512 735 ἐπυνθάνετο,
541 670 643 723 ποῦ
667 688 752 733 τις
777 670 928 742 ἴδοιῆ
958 671 1240 724 ἀκούσειεν
1272 670 1421 733 ἐντὸς
1458 668 1738 740 τεσσάρων

157 761 425 814 ἐνιαυτῶν
446 763 766 834 ἀπαντῆσαν
790 764 1066 831 ναυάγιον.
1090 762 1198 816 Καὶ
1222 762 1377 825 ἄλλος
1395 761 1596 832 ἀλλαχῆ
1621 761 1738 814 ἕλε-

156 869 278 922 γεν.
319 852 377 906 '0
403 853 459 906 δέ
484 853 645 907 πάλιν
682 855 1131 919 ἀντεπυνθάνετο,
1173 856 1221 907 εί
1264 855 1540 925 ἑωράκασι
1579 852 1740 922 σῶμα

155 944 419 1013 γυναικὸς
443 945 582 1016 μετά
607 946 823 1019 βρεφῶν
849 947 1285 1018 ἐκϐεϐρασμένον
1308 950 1375 1018 τῇ
1403 949 1495 1018 γῇ.
1524 945 1740 999 Πολλῶν

154 1033 256 1091 οὖν
287 1038 457 1092 πολλά
480 1039 743 1107 λεγόντων
764 1038 1067 1110 ἑωρακέναι
1092 1038 1360 1108 πτώματα
1386 1037 1529 1091 κατὰ
1553 1037 1740 1107 διαφό-

158 1147 294 1202 ρους
326 1132 573 1201 καιροὺς,
606 1132 634 1183 ὁ
668 1133 849 1202 πατὴρ
891 1130 1102 1183 ἀκούων
1144 1129 1414 1195 ἐστέναξε.
1454 1130 1600 1200 Πλὴν
1639 1128 1743 1183 ὑπὸ

153 1221 273 1274 τῶν
300 1221 621 1291 σπλάγχνων
651 1223 1002 1295 νενικημένος
1017 1224 1082 1286 ³⁸,
1109 1222 1371 1290 ἀλόγιστα
1391 1222 1738 1284 ἐπυνθάνετο,

152 1314 416 1367 τοσοῦτον
448 1315 722 1385 θαλάσσης
747 1313 904 1384 βυθὸν
936 1312 1272 1385 πειρώμενος
1306 1316 1563 1385 ἐρευνᾷν·
1596 1315 1744 1385 ὅμως

157 1407 510 1474 συγγνωστὸς
542 1403 631 1478 ἦν,
668 1407 749 1459 ὅτι
786 1406 877 1459 διὰ
924 1406 1022 1476 τὴν
1051 1405 1187 1476 πρὸς
1220 1406 1346 1469 τοὺς
1381 1405 1743 1478 ζητουμένους

155 1496 421 1567 στοργὴν,
442 1496 654 1549 ἐλπίσιν
676 1495 1008 1548 ἐϐουκολεῖτο
1038 1497 1237 1558 κεναῖς.
1269 1497 1379 1550 Καὶ
1401 1496 1463 1567 δή
1488 1513 1617 1549 ποτε
1639 1495 1744 1550 ὑπὸ

155 1590 513 1658 φροντισταῖς
553 1586 865 1641 καταλιπών
891 1604 956 1657 με
977 1588 1070 1640 καὶ
1089 1587 1423 1658 ἐπιτρόποις,
1445 1587 1745 1640 δωδέκατον

150 1677 266 1747 ἤδη
314 1677 575 1745 γεγονότα
614 1676 763 1741 ἔτος,
794 1677 957 1741 αὐτὸς
1003 1677 1252 1749 δακρύων
1289 1678 1368 1740 είς
1396 1676 1591 1749 πόρτον
1613 1694 1746 1730 κατ-

1837 476 2129 531 rendorum
2156 488 2321 529 causa
2349 472 2613 535 tenderet,
2644 475 2926 539 assumpto
2955 482 3063 530 me,
3105 482 3169 521 ac
3200 468 3253 521 in
3278 482 3407 537 por-

1836 577 1950 623 tum
2007 567 2377 632 descendens,
2433 562 2773 633 frequentius
2834 560 3252 625 sciscitabatur,
3312 556 3408 612 ubi

1836 658 2110 730 quispiam
2134 658 2360 712 vidisset
2385 656 2468 710 vel
2499 654 2765 709 audiisset
2790 652 2931 706 intra
2966 659 3203 721 quatuor
3236 665 3411 705 annos

1838 749 2184 822 naufragium
2216 748 2529 818 contigisse.
2553 747 2729 815 Atque
2756 744 2891 797 varii
2921 744 3074 798 vario
3098 743 3289 796 inloco
3315 757 3411 795 ac-

1836 840 2043 897 cidisse
2063 839 2389 897 referebant.
2424 839 2514 893 Ille
2549 845 2730 891 autem
2772 836 2967 890 iterum
2998 835 3244 907 rogabat,
3278 850 3409 888 num

1836 934 2106 989 vidissent
2138 947 2338 1005 corpus
2381 931 2627 985 mulieris
2668 944 2790 984 cum
2829 928 3017 998 pueris
3047 928 3101 981 in
3138 938 3344 982 terram
3377 944 3408 982 a

1839 1024 1978 1079 mari
2005 1024 2260 1094 ejectum.
2283 1023 2529 1092 Cumque
2554 1021 2709 1076 multi
2733 1035 2793 1099 se
2820 1021 2989 1075 multa
3016 1020 3249 1076 diversis
3274 1029 3413 1074 tem-

1838 1115 2069 1186 poribus
2098 1115 2363 1170 cadavera
2390 1123 2667 1186 spectasse
2694 1113 2955 1177 dicerent,
2988 1122 3142 1183 pater
3184 1113 3411 1169 audiens

1842 1209 2250 1280 ingemiscebat.
2286 1205 2487 1262 Verum
2509 1205 2741 1260 naturali
2758 1204 2951 1260 affectu
2974 1206 3236 1271 devictus,
3267 1222 3411 1277 pra:-

1841 1311 1925 1357 ter
1950 1303 2218 1358 rationem
2242 1300 2681 1370 percontabatur,
2719 1298 2812 1368 qui
2850 1306 3059 1352 tantum
3090 1298 3254 1353 maris
3284 1314 3412 1369 pro-

1842 1394 2074 1448 fundum
2124 1392 2359 1448 scrutari
2405 1399 2701 1446 conaretur
2748 1407 2763 1443 :
2803 1398 2982 1443 tamen
3019 1391 3175 1444 venia
3214 1390 3410 1459 dignus

1842 1493 1982 1551 erat,
2010 1484 2156 1554 quod
2181 1484 2446 1539 cbaritate
2480 1497 2668 1536 eorum
2706 1482 2845 1553 quos
2882 1482 3176 1550 quaerebat,
3210 1482 3411 1550 spebus

1845 1575 2145 1630 laetabatur
2178 1574 2449 1628 inanibus.
2493 1572 2736 1642 Denique
2779 1587 2866 1629 me
2902 1573 3004 1627 sub
3058 1574 3333 1642 magistris
3358 1581 3414 1628 et

1845 1667 2288 1738 procuratoribus
2317 1666 2647 1736 relinquens,
2672 1666 2784 1735 jam
2814 1665 3098 1721 duodecim
3122 1680 3293 1719 annos
3318 1681 3415 1719 na-

151 1765 322 1836 ἧλθεο
361 1768 457 1821 καὶ
500 1770 579 1831 εἰς
624 1767 803 1821 πλοῖον
835 1767 1025 1840 ἐμϐὰς,
1054 1770 1133 1833 είς
1160 1768 1478 1840 ἐπιζήτησιν
1519 1769 1742 1823 ἐκείνων

1848 1768 1993 1817 tum.
2043 1757 2159 1828 ipse
2208 1758 2263 1811 in
2322 1766 2546 1827 portum
2604 1756 2739 1811 ﬂens
2798 1757 3117 1823 descendit;
3181 1757 3413 1827 navique

151 1856 457 1920 ἐξέπλευσε
480 1875 493 1888 ·
537 1860 631 1912 καὶ⁴
668 1858 726 1926 ἐξ
750 1860 956 1913 ἐκείνου
987 1860 1148 1933 μέχρι
1175 1860 1270 1914 καὶ
1298 1861 1393 1915 νῦν
1412 1860 1534 1915 οὔτε
1562 1862 1742 1934 γράμ-

155 1961 315 2014 ματα
348 1949 477 2017 παρ’
499 1948 663 2001 αὐτοῦ
690 1948 978 2021 ἐδεξάμην,
1018 1949 1140 2003 οὔτε
1175 1951 1220 1982 ³⁹
1263 1952 1323 2004 ἐν
1371 1951 1535 2015 ζῶσιν
1578 1952 1742 2007 αὐτὸν

153 2031 306 2087 εἶναι
343 2036 376 2106 ἢ
416 2037 735 2109 τεθνηκόσιν
769 2040 905 2105 ὅλως
949 2042 1267 2113 ἐπίσταμαι.
1329 2041 1498 2115 Ῥοπὴ
1537 2043 1597 2097 δέ
1650 2062 1741 2116 μοι

154 2125 371 2179 πλείων
407 2129 543 2199 πρὸς
580 2129 740 2184 τοῦτο
768 2132 871 2203 τῆς
905 2132 1161 2197 διανοίας,
1187 2134 1269 2187 ﬁt.
1291 2134 1517 2205 τέθνηκέ
1555 2154 1679 2201 που,
1706 2137 1740 2209 ἥ

152 2216 271 2270 ὑπὸ
304 2218 480 2290 λύπης
515 2221 690 2292 ἥττων
722 2222 1032 2293 γενόμενος,
1054 2224 1088 2295 ἢ
1114 2225 1361 2295 ναυαγίῳ
1390 2225 1700 2296 περιπεσών
1723 2244 1739 2261 ο

150 2308 355 2362 τούτου
384 2309 441 2362 δέ
468 2312 752 2383 τεκμηρίῳ
771 2313 1012 2385 χρῶμαι,
1055 2315 1136 2368 ὅτι
1174 2314 1232 2381 ἐξ
1272 2316 1480 2369 ἐκείνου
1505 2318 1606 2389 ήδη
1628 2317 1745 2370 λοι⁸

153 2397 267 2452 πδν
297 2400 541 2452 εἰκοστὸν
561 2399 678 2464 ἔτος
719 2402 884 2465 ἐστὶν,
920 2401 1014 2471 ἀφ’
1041 2397 1103 2456 οὗ
1134 2401 1276 2471 ίχνος
1304 2402 1456 2455 οὐδὲν
1486 2402 1743 2475 ἀληθείας

153 2491 290 2561 ἐμοὶ
317 2492 445 2562 περὶ
486 2492 650 2545 αὑτοῦ
678 2493 959 2563 ήκουσται.

231 2601 477 2655 LXXIX.
510 2603 691 2657 Ταῦτα
724 2604 937 2658 ἀκούων
965 2607 993 2659 ὁ
1013 2606 1217 2678 Πέτρος
1237 2647 1251 2670 ,
1274 2606 1379 2659 ὖπδ
1404 2605 1745 2677 συμπαθείας

157 2694 398 2763 ἐδάκρυε
444 2694 539 2748 καὶ
571 2696 771 2760 εὐθέως
800 2699 914 2761 τοῖς
947 2697 1163 2751 συνοῦσι
1195 2699 1437 2769 γνησίοις
1474 2697 1648 2752 εἶπεν·
1678 2698 1749 2752 EI

156 2805 249 2850 τις
298 2786 564 2840 πέπονθεν
604 2788 832 2860 εὐσεϐὴς
882 2790 1020 2862 ἀνὴρ
1075 2785 1163 2844 οἷα
1219 2792 1247 2843 ὁ
1293 2790 1485 2844 τούτου
1538 2791 1741 2863 πατὴρ,

158 2877 370 2940 diem;
409 2879 475 2932 ἂν
502 2877 580 2948 τῷ
602 2879 703 2949 τῆς
734 2879 1039 2945 θεοσεϐείας
1068 2879 1209 2953 λόγῳ
1226 2923 1241 2948 ,
1276 2883 1353 2954 τῷ
1376 2884 1598 2956 πονηρῷ
1617 2885 1745 2939 ἐπέ-

158 2986 348 3040 γραφε
374 2970 473 3041 τὴν
499 2971 698 3025 αἰτίαν.
737 2971 895 3025 Οὕτω
928 2974 1023 3026 καὶ
1047 2978 1161 3038 τοῖς
1179 2974 1547 3047 ταλαιπώροις
1566 2976 1744 3030 ἔθνεσι

1842 1862 2170 1915 conscensa,
2220 1846 2288 1902 ad
2347 1848 2566 1902 illorum
2627 1846 3037 1916 inquisitionem
3060 1848 3410 1919 enavigavit:

1842 1947 2007 2010 atque
2033 1954 2099 1995 ex
2122 1954 2187 1994 eo
2226 1948 2469 2010 tempore
2492 1954 2666 2009 usque
2693 1939 2872 1994 adhuc
2890 1955 2992 1995 nec
3022 1940 3229 1995 litteras
3253 1940 3322 1995 ab
3345 1955 3413 1995 eo

1842 2031 2046 2102 accepi,
2069 2046 2171 2088 nec
2194 2031 2335 2087 inter
2360 2032 2537 2097 vivos,
2562 2048 2631 2086 an
2653 2031 2793 2087 inter
2821 2040 3068 2087 mortuos
3088 2035 3160 2088 sit
3186 2048 3413 2102 prorsus

1842 2124 1967 2178 novi
1994 2139 2008 2175 :
2032 2139 2098 2179 eo
2121 2133 2298 2178 tamen
2334 2123 2456 2194 plus
2484 2138 2639 2178 mens
2669 2137 2787 2177 mea
2808 2123 3105 2193 propcndet
3134 2130 3193 2177 ut
3223 2124 3415 2178 existi-

1843 2230 1983 2269 mem
2017 2232 2142 2271 eum
2170 2216 2387 2281 obiisse,
2412 2215 2497 2269 vel
2525 2214 2746 2270 tristitia
2789 2224 3127 2285 superatum,
3167 2215 3251 2270 vel
3280 2231 3415 2269 nau-

1844 2307 2018 2378 fragio
2053 2308 2352 2362 involutum
2382 2325 2395 2360 :
2428 2322 2533 2377 qua
2578 2306 2634 2360 in
2680 2321 2741 2361 re
2776 2306 2883 2361 hoc
2921 2316 3042 2362 utor
3071 2317 3411 2378 argumento,

1842 2402 1986 2469 quod
2006 2400 2117 2468 jam
2140 2399 2208 2453 ab
2229 2413 2295 2452 co
2314 2407 2554 2468 tempore
2578 2398 2870 2467 vigesimus
2891 2414 3069 2454 annus
3092 2400 3185 2466 sit,
3205 2416 3269 2455 ex
3305 2417 3415 2470 quo

1844 2489 2053 2543 nullum
2086 2487 2330 2542 veritatis
2356 2487 2646 2557 vestigium
2684 2488 2752 2542 de
2777 2502 2843 2542 eo
2864 2487 3066 2557 accepi.

1914 2597 2149 2653 LXXIX.
2168 2597 2305 2652 Cum
2327 2598 2445 2654 haec
2462 2598 2724 2655 audiisset
2736 2597 2953 2665 Petrus,
2980 2598 3413 2653 commiseratio-

1847 2686 1933 2740 nis
1959 2686 2155 2740 aIIcctu
2179 2686 2451 2759 Iacrymas
2481 2685 2646 2755 fudit,
2677 2687 2967 2758 statimque
2996 2688 3063 2742 ad
3097 2687 3412 2756 familiares,

1845 2777 1939 2847 qui
1981 2778 2246 2845 aderant,
2291 2778 2429 2833 dixit
2463 2796 2476 2832 :
2512 2776 2569 2832 Si
2602 2778 2726 2848 quis
2765 2778 2869 2848 pia}
2911 2777 3159 2848 religioni
3202 2778 3415 2833 deditus

1846 2868 1950 2934 vir,
1976 2882 2039 2922 ea
2069 2868 2400 2937 pertulisset,
2428 2882 2549 2938 qua:
2576 2867 2741 2937 hujus
2769 2877 2956 2938 pater;
2998 2869 3258 2923 continuo
3286 2869 3415 2923 reli-

1846 2957 1995 3027 gioni
2024 2965 2079 3013 et
2105 2958 2320 3013 diabolo
2349 2959 2695 3029 ascripsisset
2724 2974 2967 3014 causam.
3003 2959 3078 3014 Ita
3119 2961 3282 3014 etiam
3311 2961 3415 3014 mi—

162 3057 456 3128 συμϐαίνει
499 3060 757 3131 πάσχειν,
786 3062 878 3114 καὶ
913 3062 1210 3134 ἀγνοοῦμεν
1231 3066 1280 3117 oi
1315 3046 1599 3130 θεοσεϐεῖς.
1639 3068 1743 3121 Τα-

1848 3046 1985 3103 seris
2025 3047 2319 3118 gentilibus
2362 3048 2473 3117 pati
2516 3048 2807 3119 contingit;
2849 3058 2904 3103 et
2945 3049 3285 3121 ignoramus,
3317 3051 3414 3121 qui

160 3146 546 3218 λαιπώρουςδέ
570 3151 763 3214 αὐτοὺς
786 3151 1021 3220 εὐλόγως
1042 3153 1258 3225 εἴρηκα,
1292 3156 1374 3210 ὅτι
1398 3157 1492 3211 καὶ
1517 3158 1746 3213 ἐνταῦθα

162 3238 498 3304 πλανῶνται,
532 3242 627 3294 καὶ
663 3241 763 3312 τῆς
805 3242 1012 3297 ἐκεῖθεν
1044 3245 1253 3309 ἐλπίδος
1290 3248 1741 3319 ἀποτυγχάνουσιο

158 3333 281 3393 τοῖς
303 3330 414 3402 γάρ
445 3330 503 3383 ἐν
531 3332 807 3405 θεοσεϐείᾳ
837 3333 906 3387 τά
929 3335 1150 3408 λυπηρά
1184 3338 1501 3409 πάσχουσιν,
1540 3341 1745 3407 ἐκτισις

163 3422 312 3477 αὐτὰ
331 3422 541 3493 γίνεται
568 3424 676 3479 τῶν
701 3430 1180 3499 παραπτωμάτων.

242 3593 458 3651 LXXX.
507 3596 693 3663 Οὕτως
739 3600 982 3665 εἰπόντος
1010 3601 1106 3656 τοῦ
1147 3601 1354 3677 Πέτρου
1373 3645 1389 3669 ,
1424 3600 1505 3670 εἷς
1525 3624 1610 3671 τις
1639 3608 1746 3662 τῶν

164 3689 225 3741 ἐν
252 3687 387 3758 ήμῖν
422 3687 700 3760 τολμήσας
736 3691 855 3744 ἀντὶ
896 3693 1112 3747 πάντων
1150 3696 1520 3767 παρεκάλεσεν
1561 3698 1745 3763 αὑτὸν,

164 3778 363 3852 αὔριον
411 3780 786 3853 ὀρθριαίτερον
837 3783 918 3847 είς
960 3783 1188 3856 ’Δραδον
1229 3784 1276 3818 ⁸⁰
1322 3788 1421 3859 τὴν
1461 3789 1746 3842 κατέναντι

165 3871 334 3940 νῆσον
357 3871 675 3936 ἐκπλεῦσαι,
701 3874 995 3944 τριάκοντα
1010 3871 1162 3946 οἶμαι
1187 3877 1310 3930 οὐδὲ
1332 3878 1484 3943 ὅλους
1505 3880 1747 3945 σταδίους

165 3963 502 4033 ἀπέχουσαν,
544 3966 635 4019 ἐπὶ
670 3965 876 4037 ἱστορίᾳ
915 3966 1020 4020 τῶν
1066 3966 1242 4022 ἐκεῖσε
1295 3971 1605 4041 ἀμπελίνων
1656 3973 1748 4026 δύο

168 4054 381 4108 στύλων
416 4056 647 4126 μέγιστα
680 4056 827 4128 πάχη
863 4058 1148 4129 φερόντων.
1208 4061 1265 4114 Ὁ
1305 4061 1435 4130 γοῦν
1477 4063 1749 4135 πειθήνιος

169 4138 382 4214 Πέτρος
424 4144 733 4211 ἐπένευσεν,
772 4145 943 4212 οὕτως
977 4148 1175 4202 εἰπών’
1225 4150 1391 4204 Ἐπάν
1425 4151 1519 4205 τοῦ
1561 4152 1747 4206 πλοίου

170 4233 375 4304 ἐκϐἧτε
397 4274 412 4299 ,
445 4235 517 4306 μὴ
553 4236 670 4307 ἅμα
709 4238 909 4301 πάντες
940 4240 1257 4311 εἰσέρχησθε
1282 4242 1364 4305 εἰς
1387 4243 1487 4314 τὴν
1518 4243 1749 4315 θεωρίαν

169 4322 247 4379 ὧν
280 4325 627 4397 ἐπιθυμεῖτεσ
668 4329 730 4381 οὐ
762 4328 870 4401 γὰρ
909 4330 1166 4403 βούλομαι
1193 4334 1337 4404 ὑμᾶς
1368 4333 1466 4397 τάς
1502 4334 1608 4388 τῶν
1647 4352 1748 4389 πο-

1845 3138 1921 3208 pii
1963 3154 2092 3211 erga
2123 3138 2294 3193 Deum
2338 3155 2549 3194 sumus.
2582 3138 2690 3194 Eos
2727 3148 2907 3195 autem
2938 3142 3169 3197 miseros
3220 3145 3416 3197 merito

1846 3230 2146 3301 appellavi;
2186 3231 2315 3301 quia
2353 3239 2407 3285 et
2442 3230 2531 3285 hic
2570 3232 2625 3283 in
2675 3240 3192 3311 erroreyersantur,
3228 3245 3281 3289 et
3304 3250 3415 3303 spe

1847 3325 2033 3379 futura
2055 3324 2337 3379 excidunt.
2366 3322 2598 3389 Quando
2620 3322 2764 3377 enim
2788 3322 2888 3376 viri
2912 3324 3148 3394 religiosi
3177 3324 3416 3380 alliciun-

1844 3427 1936 3474 tur
1966 3416 2351 3482 incommodis,
2385 3432 2450 3471 ea
2488 3415 2594 3471 illis
2636 3416 2703 3471 ad
2737 3416 3053 3471 delictorum
3087 3419 3413 3486 persolutio-

1846 3528 1969 3568 nem
1998 3513 2217 3567 cedunt.
2510 3573 2512 3576 ,

1916 3603 2130 3659 LXXX.
2170 3602 2327 3657 Hunc
2366 3602 2421 3656 in
2463 3604 2685 3658 modum
2723 3605 2904 3660 locuto
2944 3603 3105 3660 Petro
3136 3650 3149 3673 ,
3182 3623 3323 3663 unus
3345 3625 3412 3663 cx

1847 3698 2070 3760 nostris,
2102 3696 2329 3751 audacia
2356 3705 2591 3764 sumpta,
2617 3711 2716 3765 pro
2748 3696 3003 3753 omnibus
3032 3699 3240 3769 rogavit
3261 3715 3409 3765 eum,

1848 3796 1908 3841 ut
1936 3788 2195 3858 postridie
2224 3786 2462 3842 diluculo
2501 3786 2557 3840 in
2585 3787 2823 3841 Aradum
2848 3790 3147 3858 oppositam
3180 3790 3410 3845 insulam

1850 3881 1993 3949 (qua:
2035 3878 2257 3949 triginta
2282 3918 2298 3945 ,
2340 3878 2558 3947 opinor,
2602 3894 2703 3934 nec
2730 3879 2880 3943 totis,
2926 3882 3115 3936 stadiis
3152 3882 3412 3951 distabat)

1848 3972 2251 4040 navigaremus,
2283 3969 2353 4024 ad
2376 3969 2637 4025 videndas
2664 3971 2738 4025 ibi
2765 3972 2900 4026 duas
2919 3973 3200 4029 columnas
3220 3975 3410 4039 vitcas,

1848 4062 2143 4115 maximam
2175 4061 2375 4115 molem
2408 4063 2767 4117 continentes.
2788 4062 2980 4118 Petrus
3008 4080 3158 4135 ergo,
3176 4066 3268 4135 qui
3296 4075 3415 4120 erat

1850 4153 2175 4223 morigerus,
2206 4154 2421 4221 annuit,
2451 4154 2525 4207 ita
2552 4154 2739 4209 dicens
2770 4173 2783 4209 :
2815 4154 2952 4209 Cum
2978 4171 3042 4209 ex
3067 4158 3189 4211 navi
3206 4158 3413 4229 egressi

1849 4244 2081 4309 fueritis,
2127 4259 2196 4297 ne
2226 4252 2332 4297 una
2361 4259 2553 4299 omnes
2580 4245 2884 4314 proccdatis
2927 4249 2993 4301 ad
3025 4251 3412 4318 spectationem

1849 4349 2038 4390 eorum
2085 4349 2206 4403 quae
2254 4333 2453 4402 cupitis
2489 4352 2501 4387 :
2539 4349 2715 4403 neque
2757 4336 2900 4389 enim
2948 4338 3069 4391 volo
3113 4350 3170 4394 ut
3212 4340 3412 4395 civium

170 4415 334 4469 λιτῶν
386 4416 538 4487 ὄψεις
578 4419 714 4490 πρὸς
753 4422 979 4487 ἑαυτοὺς
1031 4425 1395 4497 ἐπιστρέφειν.
1452 4429 1562 4481 Καὶ
1606 4427 1743 4483 οὕτω

1851 4428 2040 4483 oculos
2091 4427 2146 4480 in
2196 4440 2294 4480 vos
2334 4426 2686 4481 convcrtatis.
2732 4426 2909 4496 Atque
2949 4428 3028 4482 sic
3075 4429 3410 4501 navigantes,

172 4507 540 4574 πλεύσαντες,
578 4513 705 4582 μιᾶς
742 4513 892 4583 ῶρας
932 4516 1278 4588 κατήχθημεν
1323 4519 1404 4581 είς
1433 4519 1531 4589 τὴν
1561 4520 1743 4590 νῆσον.

182 4594 478 4661 Ἐκϐάντες
520 4599 577 4652 δὲ
618 4600 714 4654 τοῦ
752 4604 991 4673 σκάφους
1020 4606 1297 4677 εἰσῄειμεν
1325 4607 1454 4662 ἔνθα
1484 4610 1534 4662 οἱ
1566 4609 1746 4680 ἀμπέ-

169 4687 303 4741 λινοι
345 4687 527 4742 στῦλοι
558 4684 726 4761 ἦσαν’
761 4692 912 4763 ὁμῶς
944 4693 1039 4746 καὶ
1074 4694 1210 4765 μετά
1239 4695 1347 4749 τῶν
1381 4697 1616 4765 στύλων,
1650 4698 1746 4754 άλ-

170 4775 261 4841 is;
295 4777 397 4849 μὲν
427 4778 556 4832 ἄλλο
585 4796 639 4831 τι
671 4779 780 4833 τῶν
811 4780 1016 4834 Φειδίου
1039 4782 1214 4854 ἔργων
1243 4784 1483 4857 ἐθεώρει.

240 4894 479 4949 LXXXI.
518 4896 721 4966 Πέτρος
751 4898 811 4953 δέ
846 4900 1005 4970 μόνος
1044 4904 1144 4956 οὐκ
1177 4904 1471 4975 ἀναγκαῖον
1503 4911 1745 4980 ἡγήσατο

172 4989 264 5041 ἐπὶ
291 4990 393 5060 τὴν
434 4990 674 5060 ἱστορίαν
699 4992 807 5044 τῶν
845 4987 965 5047 ἐκεῖ
995 4996 1267 5063 γενέσθαιο
1300 5002 1516 5067 γυναικὶ
1554 5001 1612 5054 δέ
1641 5020 1746 5057 τινι

172 5079 277 5146 ἐξω
325 5076 435 5146 πρὸ
476 5078 584 5131 τῶν
622 5078 802 5151 θυρῶν
831 5083 1186 5156 καθεζομένῃ,
1225 5088 1319 5140 καὶ
1351 5088 1560 5158 τροφῆς
1589 5092 1748 5162 χάριν

174 5167 507 5240 μεταιτούσῃ
532 5168 612 5234 δί,
647 5170 902 5241 προσχὼν
937 5172 1040 5245 ἔφη
1060 5189 1075 5204 °
1114 5175 1296 5241 Γύναι,
1338 5177 1391 5230 τί
1426 5195 1507 5230 σοι
1530 5178 1639 5233 τῶν
1672 5181 1749 5232 οἰ-

171 5260 337 5315 κείων
369 5260 603 5314 ἐλλείπει
637 5261 846 5333 μελῶν,
889 5265 969 5318 ὅτι
994 5267 1264 5338 τοσαύτην
1297 5266 1452 5340 ὓϐριν
1496 5270 1746 5338 ἀνεδέξω,

172 5350 314 5419 λέγω
344 5349 410 5421 δὴ
441 5350 502 5403 τὸ
527 5354 860 5422 προσαιτεῖν,
891 5355 983 5407 καὶ
1016 5356 1090 5428 μὴ
1127 5355 1326 5427 μᾶλλον
1358 5359 1479 5420 ταῖς
1510 5357 1615 5411 ὑπὸ
1650 5356 1745 5412 τοῦ

1847 4518 1983 4573 hora
2014 4532 2121 4571 una
2152 4518 2203 4571 in
2230 4517 2467 4571 insulam
2492 4517 2653 4572 delati
2681 4533 2892 4574 sumus.
2925 4518 2990 4574 Et
3026 4521 3413 4578 descendentes

1846 4627 1915 4667 ex
1954 4611 2184 4681 scapha,
2219 4625 2284 4665 eo
2318 4610 2593 4681 progressi
2621 4627 2809 4667 sumus
2844 4612 2936 4667 ubi
2966 4613 3233 4669 columna:
3256 4616 3413 4685 vitea;

1847 4711 2003 4759 erant
2036 4721 2049 4756 :
2081 4702 2355 4771 simulque
2378 4716 2502 4757 cum
2526 4702 2818 4771 columnis,
2844 4706 2984 4762 alius
3014 4707 3231 4777 quidem
3265 4710 3410 4766 aliud

1848 4797 2141 4868 quodpiam
2171 4810 2238 4849 ex
2276 4794 2482 4850 Phidiae
2517 4797 2773 4865 operibus
2805 4799 3105 4867 spectabat.

1921 4906 2156 4962 LXXXI.
2188 4906 2344 4962 Unus
2366 4916 2546 4962 autem
2583 4906 2778 4964 Petrus
2801 4924 3024 4966 necesse
3054 4927 3163 4967 non
3203 4916 3410 4982 putavit

1843 5016 1965 5072 quae
1980 5000 2053 5053 ibi
2075 5008 2230 5055 erant
2255 4997 2488 5054 invisere
2514 5018 2527 5054 :
2554 5001 2647 5055 sed
2670 5001 3106 5059 animadvertens
3128 5007 3408 5063 mulierem

1845 5091 2139 5163 quamdam
2183 5099 2338 5146 extra
2380 5106 2481 5161 pro
2529 5089 2740 5147 foribus
2781 5094 3055 5150 sedentem
3083 5134 3098 5160 ,
3142 5106 3198 5152 et
3234 5098 3409 5153 victus

1845 5180 2017 5252 gratia
2046 5179 2443 5237 mendicantem
2477 5202 2488 5236 :
2518 5178 2731 5247 Mulier,
2759 5181 2959 5253 inquit,
2983 5201 3219 5256 quonam
3240 5203 3408 5244 mem~

1846 5271 2067 5325 brorum
2112 5277 2328 5325 tuorum
2373 5285 2547 5334 cares,
2576 5271 2722 5341 qubd
2769 5281 2974 5329 tantam
3020 5280 3407 5335 contumeliam

1846 5361 2154 5433 suscepisti,
2205 5361 2570 5428 mendicandi,
2619 5363 2863 5434 inquam,
2887 5383 2973 5439 .ac
3019 5384 3131 5425 non
3168 5373 3349 5440 potius
3376 5388 3407 5428 a

1472 5488 1703 5545 VARIE
1739 5490 2138 5548 LECTIONES.

248 5577 306 5682 "l
351 5580 445 5682 Et;
465 5577 1285 5682 ederemfomanitm‘neiupc,
1328 5581 1410 5682 ἑὰ
1446 5581 1586 5682 ρειέιι
1634 5581 1866 5668 Tiberis.
1920 5583 2051 5643 Vide
2097 5588 2163 5643 ad
2212 5604 2361 5643 num.
2422 5606 2536 5645 vm.
2569 5590 2748 5663 .CLER.
2827 5596 2871 5629 ³⁸
2920 5598 2990 5651 al.
3032 5599 3405 5672 κεκινημένος.

178 5647 220 5681 ⁸³
258 5650 329 5704 al.
372 5650 495 5704 οὔτ’
526 5647 638 5727 ὡςἸ

700 5649 853 5705 ιοηαι,
910 5649 1249 5724 Ἀντάραδον,
1300 5653 1371 5725 ’δι
1412 5651 1481 5707 aI.
1525 5653 1843 5729 ἐπαιτούσῃ.
