3834 6220
410 289 511 345 59.7
1297 292 1358 349 S.
1391 287 1781 347 LLEMENTIS
1820 288 1840 343 I
1885 289 2053 346 BOI.
2094 287 2295 345 PONT.
2337 286 2569 345 OPERA
2604 287 2834 355 DUBIA.
3570 292 3682 350 538

410 410 523 467 Deo
557 408 653 465 tibi
680 396 979 467 concessis
1007 410 1262 466 manibus
1288 410 1566 475 laborans,
1598 406 1924 479 quotidianu‘

2146 404 2215 459 ;οῦ
2239 422 2320 459 σοι
2346 404 2749 479 δεδωρημιναις
2781 401 2968 476 χερσὶν
3001 398 3366 473 ἐργαζομένη,
3400 397 3513 463 τὰς
3547 401 3660 471 ἐφη

406 502 591 557 cibum
640 502 967 573 comparas?
1020 499 1113 556 Illa
1147 516 1276 556 vero
1320 500 1652 571 profundum
1696 514 1761 554 ac
1805 498 1920 553 vehi

2168 515 2277 561 ›ους
2322 496 2520 572 πορίζῃ
2564 496 2800 570 τροφάς;
2847 497 2911 549 Ἡ
2943 495 3001 549 δὲ
3036 492 3216 565 βύθιόν
3256 511 3309 546 τι
3358 492 3682 558 στενάεασα

407 604 648 651 mentem
683 594 944 666 gemitum
980 594 1224 662 trahens,
1257 592 1574 663 respondit:
1609 590 1826 645 Utinam
1847 605 1919 659 qu

2165 629 2169 641 ,
2200 588 2518 660 περιπαθὲς,
2557 589 2910 661 ἀπεκρίνατο·
2953 586 3065 641 «re:
3101 584 3209 656 γὰρ
3243 581 3385 657 ἦσάν
3420 602 3522 655 μοι
3558 588 3679 654 χεῖ-

408 684 531 741 dem
561 685 690 740 mihi
721 694 905 741 essent
926 700 1143 752 manus,
1170 699 1291 755 quae
1305 691 1449 738 certe
1469 690 1689 752 possent
1719 680 1922 751 operari

2167 699 2172 736 Γ
2220 681 2514 753 ὑπουργεῖν
2560 681 2697 745 δλως
2748 680 3073 751 δυνάμεναι·
3116 678 3211 733 νῦν
3240 677 3298 731 δέ
3339 694 3430 747 μοι
3479 677 3681 746 σχῆμα

408 792 555 832 nunc
584 786 763 833 autem
799 777 933 832 mihi
965 776 1136 832 solam
1166 791 1426 830 manuum
1460 775 1690 846 figuram
1730 790 1922 829 servan

2164 788 2239 825 ρον
2272 772 2471 842 χειρῶν
2498 771 2844 835 ἀποσώζουσι
2864 812 2878 836 ,
2914 769 3107 843 νεκραὶ
3136 770 3229 823 καὶ
3261 763 3421 822 αὗται
3457 768 3678 836 τυγχά-

408 873 650 943 ipsaeque
688 881 951 929 emortua:
1000 880 1148 928 sunt.
1204 870 1283 926 Ac
1332 869 1537 925 Petrus‘
1572 869 1922 939 interrogavit

2173 879 2280 916 σαι.
2315 864 2425 916 Kal
2456 864 2486 916 ὁ
2517 864 2742 935 Πέτρος,
2777 864 2873 927 Τίς
2907 863 2963 915 δέ
2993 865 3027 934 ή
3070 863 3237 924 αἰτία,
3276 863 3465 933 ἤρετο,
3510 861 3682 915 τοῦτὸ

406 964 540 1032 Quae
587 980 717 1020 vero
748 980 912 1020 causa
962 963 1087 1031 fuit,
1126 971 1187 1019 ut
1218 972 1327 1017 tam
1367 976 1530 1032 grave
1567 961 1772 1016 malum
1804 969 1920 1016 sust

2182 954 2243 1008 τὸ
2275 954 2655 1026 χαλεπώτατον
2688 954 3043 1020 πεπονθέναι;
3091 954 3155 1011 ’Β
3188 954 3245 1008 δὲ
3277 955 3415 1026 πρὸς
3459 955 3674 1008 αὐτόν·

406 1056 600 1112 neres?
619 1055 687 1111 At
716 1056 807 1111 illa
830 1057 896 1111 ad
917 1071 1042 1112 eum
1081 1073 1096 1110 :
1125 1053 1309 1108 Animi
1339 1053 1703 1121 imbecillitas,
1731 1054 1920 1124 nihiqu

2168 1050 2269 1120 χῆς
2314 1049 2598 1113 ἀσθένεια,
2634 1050 2728 1102 καὶ
2762 1048 2923 1101 πλέον
2954 1047 3126 1101 οὐδέν.
3168 1049 3232 1101 El
3273 1048 3380 1121 γὰρ
3411 1049 3679 1121 ἀνδρεῖον

404 1146 571 1203 aliud.
617 1146 674 1201 Si
719 1148 864 1201 enim
909 1146 1037 1201 forti
1074 1146 1262 1201 animo
1298 1144 1524 1201 fuissem
1571 1144 1815 1214 praedita,
1858 1160 1918 1200 er

2166 1158 2220 1193 ον
2269 1136 2622 1213 φρόνημνῆν
2654 1139 2917 1212 κρημνὸς,
2952 1139 2985 1211 ἢ
3021 1138 3198 1210 βυθὸς,
3245 1139 3367 1213 δέεν
3413 1140 3680 1211 ἐμαυτὴν

405 1238 785 1310 praecipitium,
836 1247 931 1293 aut
958 1237 1219 1309 pelagus;
1244 1251 1415 1307 quare
1437 1251 1523 1290 me
1550 1234 1836 1303 dejiciens,
1876 1251 1919 1305 ρ‹

2165 1250 2280 1286 vaca
2304 1274 2317 1297 ,
2369 1232 2480 1287 τῶν
2528 1232 2835 1286 ὀδυνῶντων
2894 1248 2961 1303 με
3014 1230 3321 1284 παύσασθαι
3372 1232 3679 1302 ἠδυνάμην

402 1337 573 1381 teram
604 1325 763 1381 malis
800 1324 1044 1381 dolorem
1090 1324 1444 1380 all‘erentibus
1476 1324 1637 1379 finem
1672 1323 1971 1394 imponere.
2078 1325 2285 1380 κακῶν.

477 1435 735 1491 LXXXII.
760 1434 901 1490 Tum
930 1434 1125 1491 Petrus
1156 1434 1274 1489 infit
1310 1453 1322 1488 :
1351 1432 1493 1501 Quid
1519 1432 1700 1488 enim?
1721 1441 1974 1504 putasne,

2174 1436 2431 1493 LXXXII.
2463 1440 2573 1492 Kal
2605 1439 2633 1492 ὁ
2666 1437 2869 1509 Πέτρος
2890 1437 3023 1509 ἔφη*
3061 1437 3125 1490 Τί
3158 1431 3281 1503 οῦν;
3315 1438 3440 1502 οἴει,
3474 1439 3671 1508 γύναι,

404 1529 624 1592 mulier,
672 1542 865 1603 omnes
913 1527 1000 1582 sui
1033 1525 1433 1589 interfectores,
1480 1524 1749 1595 supplicio
1774 1524 1918 1579 liber:

2199 1528 2397 1592 πάντες
2433 1528 2482 1581 οἱ
2518 1527 2863 1599 ἀναιροῦντες
2897 1528 3121 1591 ἐαυτοὺς
3168 1526 3441 1590 κολάσεως
3484 1529 3674 1581 ἀπαλ-

404 1631 519 1676 tum
545 1621 650 1675 iri?
678 1636 747 1675 an
790 1634 898 1674 non
943 1619 1126 1689 potius
1154 1618 1367 1672 animas
1395 1632 1584 1671 eorum
1615 1615 1709 1685 qui
1746 1616 1820 1669 ila
1853 1632 1918 1669 nn

2159 1634 2384 1683 ςσονται,
2417 1618 2516 1689 ἧδ’
2549 1618 2623 1688 μὴ
2654 1619 2722 1688 τῇ
2756 1616 2959 1689 χείρονι
2989 1617 3205 1671 κολάσει
3237 1617 3296 1669 ἐν
3326 1617 3457 1689 ᾅδου
3480 1619 3673 1671 αἰτῶν

402 1708 641 1773 riuntur,
672 1706 866 1777 majori
899 1706 1166 1776 supplicio
1203 1706 1255 1760 in
1294 1703 1483 1760 inferis
1512 1713 1734 1776 propter
1761 1708 1845 1759 sui
1872 1705 1916 1759 In

402 1796 680 1817 _-:,!J!____.
711 1794 1062 1817 AMASAAJ--Q
1102 1796 1153 1817 Δ.
1182 1796 1265 1817 :II-
1305 1814 1317 1817 _
1355 1794 1568 1817 l1.2_-...
1627 1795 1799 1817 1..---2.
1852 1811 1914 1817 ..Α

2157 1725 2249 1771 τως
2292 1707 2630 1779 θνησκόντων
2662 1707 2832 1778 ψυχαὶ
2869 1707 2969 1777 τῆς
2994 1707 3341 1772 αὐτοκτονίας
3374 1709 3542 1780 χάριν
3576 1727 3671 1763 κο-

402 1796 685 1852 micidium
708 1794 1062 1853 alliciendas?
1090 1796 1158 1851 At
1182 1796 1271 1850 illa
1305 1814 1318 1850 :
1355 1794 1595 1862 Utinam,
1625 1795 1825 1866 inquit,
1852 1811 1916 1865 pe

2156 1800 2360 1865 ξονταις
2403 1800 2467 1853 Ἦ
2502 1799 2594 1864 δέ,
2632 1799 2757 1852 Εῐθε
2797 1798 3158 1871 ἐπεπείσμην,
3205 1800 3330 1872 ἔφη,
3366 1803 3449 1855 ὅτι
3492 1802 3670 1866 ὅντως

400 1903 623 1943 suasum
654 1887 788 1942 mihi
826 1896 1006 1953 esset,
1044 1901 1232 1942 revera
1261 1886 1315 1941 in
1352 1884 1541 1941 inferis
1567 1886 1780 1941 animas
1822 1886 1914 1938 νῦν

2166 1890 2293 1962 ᾅδου
2326 1889 2371 1922 ⁸⁸
2399 1890 2569 1962 ψυχαὶ
2592 1890 2935 1963 εὑρίσκονται
2975 1891 3179 1956 ζῶσαι·
3210 1893 3303 1946 καὶ
3330 1894 3575 1963 ἠγάπων
3602 1896 3667 1948 ἂν

401 1977 663 2047 reperiri;
693 1977 884 2048 utique
935 1975 1090 2029 nihili
1116 1983 1376 2045 reputans
1397 1988 1622 2044 pmnas,
1654 1973 1793 2027 mori
1814 1971 1915 2043 elig

2154 1982 2203 2063 ρ’
2233 1982 2383 2035 οὐδὲν
2416 1979 2465 2013 ⁸³
2497 1982 2697 2053 θεμένη
2726 1982 2824 2053 τὴν
2848 1982 3139 2053 τιμωρίαν,
3166 1983 3483 2049 ἀποθανεῖν,
3519 1985 3665 2063 ὦέτε

399 2082 538 2133 rem,
575 2082 685 2137 quo
712 2066 794 2121 vel
836 2065 1034 2135 exiguo
1064 2074 1308 2135 tempore
1351 2062 1595 2119 intuerer
1624 2062 1759 2117 mihi
1798 2077 1913 2131 exe]

2150 2058 2198 2134 ἶς
2225 2072 2348 2143 ἐμοὶ
2372 2072 2768 2145 περιποθήτους
2796 2072 3091 2127 θεάσασθαι
3117 2072 3219 2126 κᾶν
3262 2073 3460 2145 βραχύ.
3501 2058 3615 2129 κῖιῐι
3637 2080 3664 2130 ὁ

399 2157 719 2214 tatissimos.
753 2158 834 2213 Ad
873 2158 989 2214 haec
1017 2156 1215 2214 Petrus
1253 2175 1267 2211 :
1310 2154 1376 2211 Et
1414 2155 1677 2227 quidnam
1713 2164 1797 2210 est
1823 2170 1913 2225 qut

2146 2180 2278 2234 ιτρος
2325 2163 2461 2234 πρὸς
2492 2164 2685 2217 ταῦτα·
2722 2165 2831 2217 Kal
2860 2164 2913 2217 τί
2939 2166 3047 2237 ἀρα
3082 2166 3196 2217 ἐστὶ
3225 2166 3287 2218 τὸ
3317 2165 3527 2220 λυποῦν
3566 2186 3660 2234 σε;

395 2258 447 2305 te
471 2250 783 2306 excruciat?
812 2248 965 2306 Scire
993 2250 1139 2305 enim
1180 2247 1336 2303 valde
1361 2262 1514 2302 aveo.
1547 2246 1627 2305 Ac
1654 2261 1739 2301 me
1776 2246 1824 2301 si
1846 2261 1907 2301 ce

2145 2254 2220 2325 θῶ
2253 2253 2360 2326 γὰρ
2393 2255 2438 2286 ⁸⁸
2473 2255 2682 2326 μαθεῖν.
2724 2257 2834 2309 Kal
2865 2255 2921 2309 εί
2946 2274 3013 2327 με
3049 2256 3300 2322 διδάξεις,
3329 2259 3548 2324 πίστεις
3579 2278 3659 2314 σοι

395 2340 590 2395 tiorcm
615 2338 835 2407 feceris,
876 2339 972 2395 tibi
1012 2339 1170 2394 firma
1204 2337 1416 2393 tradam
1446 2337 1794 2403 documenta,
1822 2352 1909 2406 qui

2146 2344 2294 2419 ρέξω
2341 2345 2586 2416 βεϐαίας,
2631 2347 2714 2401 ὅτι
2749 2349 2806 2400 ἐν
2846 2348 2975 2419 ᾅδου
3009 2348 3172 2415 ζῶσιν
3214 2351 3271 2403 αί
3313 2350 3509 2420 ψυχαὶ,
3567 2353 3660 2403 καὶ

394 2433 595 2489 animae
627 2432 682 2488 in
714 2432 904 2487 inferis
928 2433 1143 2499 vivant;
1173 2442 1228 2487 et
1256 2448 1354 2502 pro
1388 2430 1691 2502 praecipitio
1720 2430 1805 2486 vel
1835 2446 1908 2501 pri

2144 2438 2189 2491 τὶ
2227 2437 2472 2509 κρημνοῦ
2515 2437 2547 2509 ἢ
2586 2437 2768 2508 βυθοῦ,
2813 2438 2986 2511 ὀρέξω
3020 2458 3101 2494 σοι
3139 2440 3458 2513 φάρμακον,
3500 2444 3572 2496 δι’
3600 2439 3658 2498 οὗ

393 2523 588 2593 fundo,
629 2524 725 2580 tibi
756 2524 897 2579 dabo
926 2525 1289 2591 medicamen,
1334 2540 1431 2593 per
1454 2524 1602 2595 quod
1632 2538 1663 2578 a
1694 2522 1804 2578 vita
1848 2523 1907 2579 εἰς

1477 2524 1602 2595 ιιιοά
1632 2538 1663 2578 a
1694 2522 1804 2578 vita
1848 2523 1969 2579 siue
2066 2530 2160 2585 τοῦ
2182 2530 2281 2603 ζῇν
2297 2529 2579 2593 ἀνωδύνως
2609 2530 2991 2605 ἀπαλλαγήσῃ.

392 2618 578 2674 dolore
606 2617 855 2672 decedas.

466 2705 751 2763 LXXXIII.
783 2704 847 2761 Et
886 2706 1103 2772 mulier,
1140 2721 1262 2778 quas
1290 2720 1597 2761 sermonem
1629 2721 1737 2761 non
1769 2706 1966 2760 intelli-

2146 2704 2422 2761 LXXXIII.
2460 2707 2567 2761 Kal
2600 2708 2632 2778 ἠ
2664 2708 2800 2779 γυνὴ
2827 2708 2888 2761 τὸ
2915 2707 3079 2780 ῥηθὲν
3110 2708 3172 2761 ού
3206 2709 3451 2771 συνεῖσα,

393 2810 565 2871 geret,
616 2816 852 2871 eumque
900 2801 1166 2857 duntaxat
1215 2810 1375 2871 prout
1420 2802 1645 2870 optabat
1677 2801 1907 2871 arripere

2159 2801 2315 2872 μόνον
2353 2800 2644 2871 ἁρπάσασα
2672 2802 2732 2853 τὸ
2764 2801 2973 2871 λεχθὲν,
3007 2801 3184 2870 λέγειν
3209 2800 3415 2871 ἠρξατο
3447 2802 3624 2863 οὕτως
3643 2816 3656 2831 ο

394 2894 469 2948 ita
498 2894 766 2949 disserere
789 2894 952 2964 cmpit
973 2913 986 2948 :
1008 2892 1195 2949 Genus
1222 2893 1440 2964 quidem
1460 2902 1512 2947 et
1529 2894 1758 2964 patriam
1790 2894 1834 2949 si
1868 2895 1905 2948 ti

2146 2912 2226 2959 νος
2264 2894 2363 2966 μὲν
2403 2893 2499 2946 καὶ
2537 2894 2771 2964 πατρίδα
2814 2912 2895 2948 σοι
2923 2894 3320 2966 διηγήσασθαι,
3366 2894 3470 2946 οὐκ
3505 2890 3660 2963 οἶμαι

394 2998 746 3051 exponerem,
776 2998 885 3038 non
916 2983 1152 3039 arbitror
1174 2999 1261 3038 me
1292 3000 1532 3055 unquam
1557 3000 1719 3055 posse
1746 3000 1905 3055 persu

2146 3006 2196 3042 τε
2224 2989 2435 3042 πείσειν
2468 2988 2709 3058 ἐμαυτὴν
2740 2987 3053 3059 δυνηθῆναι·
3102 2987 3239 3072 alii»:
3279 2985 3418 3038 ἀλλά
3449 2988 3549 3038 καὶ
3580 2986 3660 3037 σοὶ

394 3074 523 3129 dere
564 3091 578 3129 :
613 3073 706 3129 sed
736 3084 791 3129 et
826 3072 955 3145 quid
978 3074 1119 3129 adte
1144 3074 1332 3130 attinet
1372 3075 1424 3129 id
1454 3076 1820 3147 cognoscere?
1857 3078 1908 3131 ni

2147 3080 2388 3152 διαφέρει
2407 3076 2568 3132 τοῦτο
2602 3077 2789 3147 μαθεῖν
2809 3094 2822 3141 ;
2847 3077 2879 3148 ἢ
2905 3077 3061 3148 μόνον
3076 3078 3175 3150 τὴν
3188 3078 3363 3132 αἰτίαν
3378 3073 3448 3150 ἧς
3472 3080 3661 3131 ἕνεκεν

395 3175 605 3222 tantum
636 3182 881 3235 causam,
912 3167 981 3222 ob
1010 3182 1173 3237 quam
1201 3166 1388 3223 dolore
1430 3167 1644 3234 affecta,
1692 3167 1909 3223 morsib:

2144 3171 2397 3241 Νωμένη,
2454 3170 2699 3241 δήγμασι
2750 3169 2849 3231 τὰς
2909 3169 3047 3240 ἐμάς
3107 3170 3389 3240 ἐνέκρωσα
3445 3160 3658 3242 χεῖρας.

392 3274 590 3319 manus
621 3276 771 3316 meas
800 3268 1045 3316 mortuas
1070 3260 1299 3315 reddidi.
1327 3260 1579 3315 Attamen
1614 3275 1755 3327 mea,
1785 3277 1906 3330 quo:

2145 3274 2257 3328 μως
2292 3258 2360 3311 τὰ
2388 3258 2507 3311 κατ’
2542 3255 2785 3328 ἐμαυτὴν
2818 3255 2895 3319 ὡς
2928 3256 3149 3310 δυνατὸν
3182 3258 3416 3311 ἀκοῦσαί
3449 3277 3509 3311 σε
3540 3261 3659 3330 διη-

264 3360 277 3371 ”
394 3350 583 3406 audire
609 3360 785 3421 potes,
813 3350 1067 3406 referam.
1099 3349 1213 3421 Ego
1237 3350 1599 3407 nobilissimis
1628 3360 1745 3406 orta
1772 3368 1778 3421 ι

2147 3364 2323 3418 σομαι.
2372 3347 2512 3416 Ἐγὼ
2537 3347 2678 3401 πάνυ
2714 3343 2773 3410 ἐξ
2799 3346 3035 3414 εὐγενῶν
3066 3343 3220 3409 οὖσα,
3254 3348 3487 3401 δυνατοῦ
3516 3349 3661 3411 τινὸς

392 3441 572 3504 tibus,
619 3441 855 3511 potentis
904 3441 1190 3511 cujusdam
1224 3442 1476 3511 imperio,
1527 3443 1686 3513 nupsi
1718 3443 1833 3498 viro
1870 3458 1903 3512 q

2148 3441 2377 3509 οσταγῇ,
2416 3438 2573 3510 ἀνδρὶ
2620 3437 2759 3510 πρὸς
2791 3437 2979 3505 γένους
3010 3438 3159 3508 αύτῷ
3196 3440 3521 3508 τυγχάνοντι
3550 3441 3662 3507 ἐγε-

389 3540 507 3587 erat
531 3530 677 3588 illius
710 3532 1051 3602 propinquus
1075 3550 1088 3586 :
1112 3543 1166 3587 et
1187 3533 1325 3587 duos
1350 3532 1596 3604 geminos
1618 3534 1818 3589 liberos
1840 3549 1902 3589 su

2146 3545 2236 3599 ιην
2268 3530 2403 3600 γυνή
2474 3529 2567 3581 xal
2604 3529 2860 3600 διδύμους
2897 3528 3045 3591 υἱοὺς
3076 3527 3305 3598 ἔχουσα,
3342 3532 3439 3582 καὶ
3471 3532 3660 3602 τρίτον

393 3621 1088 3693 tuli,tertiumqueinsuper
1106 3622 1268 3677 edidi.
1294 3622 1468 3678 Porro
1499 3639 1623 3679 cum
1652 3624 1833 3679 mariti
1857 3640 1907 3678 m

2146 3628 2157 3671 ι
2188 3617 2397 3683 τούτοις
2427 3619 2541 3673 υἱὸν
2561 3619 2735 3689 ἔσχον.
2773 3621 2830 3674 '0
2845 3617 2903 3673 δὲ
2924 3618 3017 3671 τοῦ
3040 3618 3174 3688 ἐμοῦ
3203 3620 3397 3690 ἀνδρὸς
3424 3621 3660 3691 άδελᾳὸς

390 3713 557 3769 frater
582 3714 816 3769 formam
853 3731 1028 3770 meam
1052 3715 1341 3785 deperiret,
1375 3725 1428 3770 ct
1450 3732 1637 3771 amore
1664 3732 1785 3771 meo
1812 3732 1904 3771 sun

2148 3711 2348 3780 ιμανείς
2385 3727 2485 3781 μου
2508 3714 2575 3781 τῇ
2598 3711 2737 3781 ὄψει,
2774 3714 2867 3765 καὶ
2884 3712 2963 3783 τῷ
2990 3710 3110 3785 ἐμῷ
3140 3710 3301 3781 ἔρωτι
3335 3713 3462 3765 κατ’
3478 3715 3662 3785 ἄκρας

390 3820 613 3877 mopere
642 3814 835 3877 captus
862 3816 1035 3875 esset,
1067 3816 1231 3877 atque
1254 3807 1453 3862 misera
1476 3822 1574 3878 ego
1602 3817 1752 3863 caste
1780 3809 1904 3863 vive

2145 3801 2244 3865 ιὺς,
2298 3801 2390 3855 καί
2436 3818 2517 3853 τοι
2566 3805 2861 3873 σωφρονεῖν
2908 3804 3113 3876 σφόδρα
3152 3803 3254 3876 τῆς
3297 3802 3659 3876 ταλαιπώρου

390 3895 690 3951 admodum
718 3912 972 3967 cuperem
999 3939 1014 3965 ,
1050 3906 1104 3952 et
1136 3914 1312 3968 neque
1343 3899 1533 3952 vellem
1564 3899 1795 3953 amatori
1822 3915 1904 3956 eo:

2147 3891 2321 3964 ,ούσης
2350 3932 2364 3958 ,
2402 3893 2494 3945 καὶ
2534 3895 2669 3964 μήτε
2700 3894 2988 3948 συνθέσθαι
3029 3895 3108 3965 τῷ
3141 3899 3345 3968 ἐραστῇ
3386 3897 3661 3970 βουλομέ-

390 3985 617 4051 sentire,
644 4001 819 4056 neque
853 3987 1017 4042 etiam
1048 3987 1167 4041 viro
1199 4002 1321 4042 meo
1345 4002 1589 4043 amorem
1623 3988 1809 4043 fratris
1831 4006 1904 4059 er;

2170 4021 2179 4045 ,
2218 3984 2353 4055 μήτε
2390 3982 2446 4035 δὲ
2480 3983 2558 4053 τῷ
2595 3984 2713 4054 ἐμῷ
2742 3985 2896 4054 ἀνδρὶ
2929 3984 3087 4038 πάλιν
3120 3987 3417 4041 ἀναθέσθαι
3449 3991 3551 4042 τὸν
3571 3978 3684 4043 ἐπ”

390 4088 479 4131 me
496 4091 764 4147 exponere
780 4094 799 4141 ;
821 4093 1056 4148 cumque
1070 4092 1285 4133 mecum
1303 4087 1727 4147 reputassem,ut
1742 4094 1840 4134 nec
1856 4079 1904 4132 vi

2140 4074 2184 4126 nl
2214 4073 2305 4126 τοῦ
2338 4074 2568 4144 ἀδελφοῦ
2598 4075 2773 4146 ἔρωτα
2792 4115 2807 4139 ,
2839 4077 3048 4147 πρέπον
3081 4075 3218 4131 εἶναι
3250 4079 3654 4155 λογισαμένης,

392 4172 573 4220 torum
602 4167 930 4222 contumelia
960 4165 1255 4232 aflleerem,
1282 4182 1383 4221 nec
1407 4166 1630 4222 fratrem
1656 4167 1810 4223 fratri
1836 4184 1906 4223 rei

2159 4163 2224 4216 ἂν
2260 4164 2396 4235 μήτε
2429 4164 2529 4235 τὴν
2556 4165 2650 4217 τοῦ
2685 4165 2875 4236 ἀνδρὸς
2912 4166 3102 4238 κοίτην
3137 4167 3361 4241 ὑϐρίσω,
3401 4173 3550 4242 μήτε
3579 4172 3657 4242 τῷ

388 4254 572 4313 derem
600 4258 904 4323 inimicum,
942 4265 995 4312 et
1031 4272 1241 4326 magna:
1263 4256 1481 4311 familia:
1502 4258 1763 4327 probrum
1792 4257 1902 4313 infe

2141 4254 2272 4327 ελφῷ
2316 4255 2407 4309 τὸν
2448 4256 2673 4325 ἀδελφὸν
2731 4256 3126 4328 ἐκπολεμώσω,
3168 4260 3262 4312 κα)⁸
3303 4261 3382 4332 τῷ
3434 4263 3655 4316 ἐκείνου

389 4368 543 4421 rem;
594 4351 784 4418 statui,
808 4350 878 4405 ab
909 4349 1042 4405 urbe
1071 4363 1195 4403 cum
1239 4349 1471 4419 geminis
1511 4350 1646 4404 meis
1676 4350 1859 4419 pueris
1890 4366 1903 4404 ι

2141 4366 2202 4402 ρει
2254 4349 2473 4420 μεγάλῳ
2519 4349 2631 4402 ὄντι
2675 4349 2975 4421 ὀνειδισμὸν
3020 4352 3305 4422 ἐπαγάγω,
3352 4355 3455 4426 τὴν
3492 4357 3655 4409 πόλιν

386 4444 663 4519 quoddam
708 4451 926 4513 tempus
968 4441 1179 4506 abesse,
1214 4441 1387 4495 donec
1420 4441 1669 4510 impurus
1696 4457 1850 4495 amor
1892 4443 1900 4496 i

2142 4442 2387 4511 ιγισάμην
2423 4440 2560 4511 μετὰ
2583 4440 2692 4494 τῶν
2714 4440 2861 4512 ἐμῶν
2889 4441 3123 4512 διδύμων
3148 4443 3354 4496 παίδων
3390 4446 3487 4497 ἐπὶ
3527 4449 3656 4519 χρό-

386 4536 492 4592 Iius
529 4535 623 4607 qui
654 4533 788 4589 mihi
814 4534 882 4588 ad
907 4533 1146 4587 dedecus
1178 4532 1580 4596 assentabatur,
1616 4533 1776 4588 linem
1809 4549 1900 4589 acc

2138 4548 2147 4580 ν
2174 4531 2293 4585 τινὰ
2325 4533 2640 4585 καταλιπεῖν
2664 4572 2677 4596 ,
2712 4532 2816 4595 ἕως
2848 4535 2940 4586 καὶ
2972 4535 3001 4585 ὁ
3040 4534 3235 4604 μιαρὸς
3266 4535 3408 4605 ἔρως
3436 4540 3652 4593 παύσε-

384 4636 540 4698 peret
569 4644 584 4683 :
621 4635 675 4681 at
706 4625 937 4682 alterum
972 4625 1166 4691 lilium,
1213 4633 1271 4679 ut
1301 4625 1442 4694 apud
1469 4634 1677 4695 patrem
1716 4625 1770 4680 in
1798 4627 1898 4683 sol:

2136 4642 2147 4676 ι
2181 4622 2227 4656 ⁵⁸
2256 4623 2349 4676 τοῦ
2384 4623 2520 4694 πρὸς
2554 4622 2706 4695 ὓϐριν
2743 4640 2809 4694 με
2843 4624 3272 4689 κολακεύσαντος
3306 4626 3373 4657 δ”
3409 4628 3507 4681 τὸν
3550 4632 3650 4702 μέν

385 4720 525 4777 tium
545 4727 810 4785 maneret,
833 4717 1250 4788 relinquendum
1278 4718 1486 4772 censui.

2178 4718 2361 4788 ἕτερον
2395 4719 2509 4772 υἱὸν
2559 4719 2709 4790 παρὰ
2748 4720 2826 4792 τῷ
2864 4720 3029 4793 πατρὶ
3059 4724 3236 4792 μεῖναι
3278 4723 3359 4785 εἱς
3388 4740 3655 4798 παραμυ-

2061 4807 2179 4861 θίαν
2210 4808 2379 4877 ἐγνων
2412 4810 2746 4864 καταλιπεῖν.

455 4959 741 5017 LXXXIV.
772 4956 1104 5027 Verum-quo
1129 4957 1244 5011 haec
1279 4958 1353 5010 ita
1380 4955 1593 5022 fierent,
1625 4954 1681 5009 in
1706 4955 1950 5009 animum

2136 4940 2412 4995 LXXXIV.
2440 4942 2585 5031 1111p;
2617 4942 2702 4995 ἴνα
2728 4942 2895 4996 ταῦτα
2926 4942 3069 4998 οὕτω
3092 4944 3338 5015 γένηται,
3360 4947 3650 5019 ἐπενόησα

386 5053 573 5111 induxi
595 5094 611 5118 ,
644 5052 925 5126 somnium
950 5051 1171 5119 lingere,
1203 5048 1361 5118 quasi
1392 5046 1592 5117 aliquis
1621 5046 1752 5101 mihi
1787 5058 1900 5101 noc1

2134 5036 2148 5085 ι
2178 5032 2383 5105 ὄνειρον
2410 5032 2744 5097 πλάσασθαι,
2777 5034 2853 5097 ὡς
2882 5034 2945 5105 δή
2974 5051 3120 5099 τινος
3142 5035 3358 5106 νύκτωρ
3387 5038 3648 5092 ἐπιστάν-

386 5140 668 5205 astitisset,
712 5152 777 5193 ac
802 5123 1030 5193 dixisset
1060 5155 1073 5193 :
1105 5136 1406 5193 Confestim
1438 5151 1546 5189 una
1575 5150 1699 5189 cum
1724 5136 1900 5206 gemin

2131 5142 2143 5187 ;
2185 5142 2273 5196 μοι
2309 5126 2403 5179 καὶ
2445 5126 2705 5191 εἰπόντος·
2777 5123 3036 5197 Ἐξαυτῆς
3070 5128 3189 5197 ἅμα
3227 5130 3343 5191 τοῖς
3392 5127 3645 5202 διδύμοις

384 5234 496 5289 tuis
535 5230 738 5302 pueris,
786 5245 819 5284 0
868 5230 1095 5295 mulier,
1134 5228 1306 5283 Roma
1341 5228 1559 5283 discede
1612 5226 1679 5281 ad
1727 5227 1898 5297 aliqm

2127 5235 2148 5269 δ
2180 5215 2408 5282 τέκνοις,
2457 5212 2502 5270 ὦ
2538 5216 2715 5287 γύναι,
2756 5217 2848 5268 ἐπὶ
2893 5215 3082 5288 χρόνον
3130 5215 3254 5269 τινὰ
3298 5218 3495 5290 μέχρις
3554 5224 3641 5275 ὅτε

387 5330 624 5390 tempus,
669 5319 843 5374 donec
894 5319 991 5373 tibi
1040 5334 1234 5373 rursus
1274 5318 1586 5372 indicavero
1626 5324 1685 5370 ut
1726 5317 1901 5376 redea:

2123 5306 2280 5380 ινύσω
2309 5324 2389 5360 σοι
2414 5306 2573 5360 πάλιν
2604 5306 2932 5370 ἐπανελθεῖν,
2961 5304 3270 5378 ἐκϐηθιτὴν
3310 5307 3637 5378 Ῥωμαίων

384 5412 587 5482 alioqui
632 5426 758 5466 cum
791 5412 909 5465 viro
939 5411 1257 5481 cunctisque
1296 5411 1404 5465 tuis
1435 5410 1623 5465 liberis
1663 5409 1895 5478 derepen

2122 5404 2179 5457 εὶ
2215 5404 2330 5474 ἅμα
2373 5403 2526 5473 ἀνδρὶ⁸
2575 5405 2667 5455 καὶ
2699 5401 2832 5455 πᾶσι
2867 5418 2960 5453 σου
2998 5404 3113 5464 τοῖς
3148 5402 3362 5465 τέκνοις
3385 5442 3401 5467 ,
3438 5403 3507 5457 ἐκ
3542 5405 3636 5459 τοῦ

378 5504 584 5574 peribis
616 5502 775 5559 male.
806 5502 983 5558 Simul
1007 5511 1187 5558 autem
1217 5517 1282 5558 ac
1307 5501 1583 5557 somnium
1621 5501 1882 5556 ementitu

2122 5494 2304 5565 ρνιδίου
2338 5495 2521 5559 κακῶς
2553 5495 2909 5566 τελευτήσεις.
2944 5493 3094 5564 ’Ἅμα
3115 5493 3173 5546 δὲ
3196 5493 3277 5565 τῷ
3299 5494 3391 5548 τὸν
3420 5496 3636 5570 ὄνειρόν

1646 5634 1878 5691 VARUE
1920 5630 2288 5689 LECTIONES
2298 5676 2307 5682 ι

457 5755 499 5791 δ’
530 5754 581 5808 al
632 5754 781 5813 deest
813 5755 866 5810 in
892 5754 964 5810 al.
1040 5754 1085 5786 “
1124 5753 1193 5807 al.
1236 5752 1354 5824 ᾄδῃ.
1435 5754 1481 5793 δι
1520 5748 1750 5812 οὐδενός.
1814 5748 1859 5789 δ’
1899 5747 1968 5802 al.
2000 5746 2113 5800 τοῦ.
2208 5745 2253 5777 ⁸⁸
2291 5744 2363 5799 al.
2404 5741 2685 5813 παύσηται.
2797 5742 2839 5774 ⁸⁷
2881 5742 2953 5798 al.
2995 5743 3404 5805 κολακεύοντος.
