3834 6220
236 300 360 370 ,529

1069 301 1535 359 CLEMENTINA.
1575 333 1644 343 —
1683 299 1984 358 EPITOME
2018 302 2107 360 DE
2144 303 2391 362 GESTIS
2428 304 2486 360 S.
2529 301 2753 358 PETRI.

3386 299 3490 356 ἒ)ὖο

255 434 324 489 με
366 411 669 488 ᾇεύσασίθαι
698 413 745 458 ἶ⁶
789 424 922 497 πρὸς
980 424 1072 478 τὸν
1105 426 1274 498 ἄνδρα
1296 465 1310 490 ,
1346 425 1505 489 αὑτὸς
1532 424 1789 496 περίφοϐο

1895 483 1898 491 _
1924 424 2044 481 viro
2068 428 2283 481 narravi
2312 469 2327 493 ,
2358 428 2553 482 timore
2582 439 2780 496 magno
2800 431 3126 487 commotus,
3155 433 3240 474 me
3269 431 3321 474 et
3349 421 3486 477 duos

248 509 560 581 γενόμενος,
593 515 720 580 τούς
752 533 812 570 τι
853 515 946 570 δύο
979 517 1158 580 υἰοὺς,
1193 515 1408 579 δούλους
1433 533 1492 568 τε
1521 516 1612 569 καὶ
1644 515 1820 569 παιδί-

249 615 406 664 σκας,
443 605 536 657 καί
570 608 822 678 χρήματα
868 606 1036 676 συχνὰ
1076 609 1136 659 ἐν
1181 607 1350 676 πλοίῳ
1391 606 1692 677 ἐνθέμενος,
1741 608 1822 672 εἰς

257 687 490 762 Ἀθήνας
520 695 822 768 ἐξέπεμψεν
845 739 858 762 ,
894 695 1265 768 ἐντειλάμενος
1299 697 1424 760 τοὺς
1452 698 1600 761 υἱοὺς
1629 700 1820 751 ἐκπαι-

241 783 431 837 δεῦσαί
467 803 556 856 με,
581 788 789 860 Μέχρις
827 789 912 854 ἂν,
957 788 1122 860 φησὶ,
1157 788 1236 860 τῷ
1273 788 1667 860 χρηματίσαντι
1693 789 1820 863 δόξῃ

241 878 524 932 ἐπανιέναι
568 897 646 934 σε.
696 883 803 936 Kal.
859 883 923 955 δὴ
959 885 1056 937 σὺν
1102 883 1218 954 ἆμα
1260 883 1469 948 τέκνοις
1509 885 1542 954 ὴ
1594 883 1817 939 τάλαινα

239 972 522 1039 πλέουσα,
571 976 675 1030 ὑπὸ
706 978 921 1049 ἀνέμων
959 976 1184 1043 ἀταξίας
1223 981 1302 1043 εἰς
1328 979 1548 1042 τούτους
1585 979 1815 1050 ἀπορῤι’

237 1067 403 1132 φεῖσα
445 1067 572 1131 τοὺς
611 1068 842 1136 τόπους,
889 1069 1080 1134 νυκτὸς
1127 1072 1224 1142 τῆς
1285 1071 1410 1142 νηὸς
1454 1071 1813 1142 διαλυθείσης,

233 1158 481 1229 ναυαγίῳ
514 1161 925 1231 περιεπέσομεν.
963 1163 1182 1216 Πάντων
1212 1162 1269 1216 δὲ
1298 1162 1562 1215 θανόντων
1581 1202 1596 1226 ,
1623 1163 1655 1234 ἠ
1687 1163 1814 1216 άτυ-

233 1247 338 1317 χὴς
369 1247 481 1317 ἐγὼ
517 1251 648 1321 μόνη
687 1253 791 1305 ὑπὸ
821 1253 1048 1325 σφοδροῦ
1082 1253 1324 1325 κύματος
1358 1254 1686 1327 ριπισθεῖσα,
1722 1254 1813 1307 ἐπὶ

233 1339 446 1410 πέτρας
491 1342 756 1414 ἐρρίφην·
802 1345 886 1412 ἐφ’
931 1338 999 1416 ἦς
1048 1343 1368 1398 καθεσθεῖσα
1413 1345 1583 1397 ἐλπίδι
1616 1343 1710 1397 τοῦ
1743 1343 1812 1398 τὰ

228 1429 403 1483 τέκνα
455 1449 522 1502 με
551 1430 728 1496 ζῶντα
755 1434 956 1505 εὑρεῖν,
1002 1435 1082 1498 εἰς
1119 1435 1210 1488 τὸν
1249 1433 1406 1506 βυθὸν
1438 1434 1686 1506 ἐμαυτὴν
1713 1433 1810 1487 οὑκ

225 1518 434 1591 ἔρριψα
458 1520 600 1588 τότε,
634 1523 722 1576 ὅτε
744 1524 836 1577 καὶ
855 1524 953 1595 τὴν
980 1523 1156 1596 ψυχὴν
1187 1521 1334 1596 εἰχον
1365 1528 1478 1588 τοῖς
1499 1525 1600 1595 τῆς
1633 1524 1810 1596 λύπης

225 1610 470 1681 κύμασιν
491 1613 590 1686 ἤδη
627 1615 1061 1688 μεμεθυσμένην,
1095 1617 1188 1670 καὶ
1220 1616 1422 1688 πρᾶξαι
1451 1615 1610 1670 τοῦτο
1644 1617 1806 1670 εὑπε-

221 1701 338 1765 τῶς
368 1703 669 1775 ἠδυνάμην.

1928 517 2091 584 lilios,
2111 534 2408 589 servosque
2431 531 2483 574 et
2506 518 2752 583 ancillas,
2771 520 2935 586 atque
2956 515 3177 567 multam
3201 512 3484 581 pecuniam

1922 609 1976 664 in
2009 625 2198 663 navem
2236 610 2546 680 imponens,
2601 609 2841 664 Athenas
2893 605 3062 672 misit,
3100 603 3370 674 jussitque
3427 608 3484 655 ut

1921 709 2176 754 natorum
2205 701 2501 756 eruditioni
2543 716 2821 764 vacarem,
2848 697 3059 763 Quoad,
3088 695 3282 766 inquit,
3313 694 3482 747 visio-

1919 794 2006 848 nis
2045 794 2258 848 auctori
2299 793 2562 862 placuerit
2601 794 2777 848 redire
2821 800 2892 846 te.
2924 790 3107 860 Itaque
3133 803 3232 858 ego
3259 788 3480 851 misera,

1917 900 2024 939 una
2049 900 2172 940 cum
2205 886 2384 940 liberis
2415 885 2642 956 navigo,
2683 893 2738 939 et
2765 890 3048 938 ventorum
3070 882 3122 936 vi
3145 879 3400 951 projicior
3427 877 3481 930 in

1917 975 2034 1030 hac
2061 976 2178 1030 loca
2199 1015 2214 1040 ,
2255 976 2490 1046 navique
2521 985 2686 1032 noctu
2719 976 3004 1040 dissoluta,
3036 974 3088 1028 in
3132 972 3478 1042 naufragium

1916 1067 2228 1123 incidimus.
2261 1067 2489 1123 Mortuis
2523 1077 2703 1124 autem
2738 1066 3013 1134 omnibus,
3045 1082 3153 1121 una
3196 1082 3295 1135 ego
3339 1063 3479 1119 infe~

1915 1159 2010 1226 lix,
2043 1160 2471 1230 magnisjactata
2513 1159 2786 1227 fluctibus,
2817 1159 2869 1214 in
2902 1174 3093 1214 saxum
3119 1158 3288 1228 ejecta
3322 1173 3476 1212 sum:

1915 1250 1968 1306 in
2006 1266 2117 1321 quo
2166 1252 2385 1319 sedens,
2427 1252 2555 1321 quia
2609 1267 2696 1306 me
2744 1261 2900 1305 natos
2943 1252 3095 1306 vivos
3138 1259 3477 1320 reperturam

1913 1340 2199 1408 sperabam
2229 1381 2244 1407 ,
2295 1339 2347 1394 in
2394 1342 2616 1411 pelagus
2645 1356 2731 1396 me
2761 1357 2872 1395 non
2902 1342 3069 1411 dejeci
3150 1351 3307 1403 tum,
3344 1353 3471 1396 cum

1910 1437 1965 1484 et
2004 1430 2246 1484 animum
2282 1431 2546 1485 habebam
2577 1431 2780 1486 doloris
2817 1430 3070 1488 fluctibus
3095 1432 3206 1503 jam
3240 1431 3473 1500 ebrium,

1909 1533 1963 1579 et
1992 1525 2097 1581 hoc
2119 1524 2298 1582 facere
2328 1525 2486 1582 facile
2513 1537 2779 1597 poteram.

298 1793 911 1891 LXXXV.H23]V€R£I5+3
926 1798 1118 1871 ὄρθρος
1133 1798 1363 1868 ἐγένετο,
1381 1800 1588 1871 μεγάλα
1604 1799 1802 1872 βοῶσα,
1831 1795 1874 1852 Β
1976 1791 2240 1891 LXXXV.
2268 1791 2501 1891 -Verurn_
2528 1794 2622 1849 ubi
2661 1794 2862 1863 illuxit,
2906 1797 3198 1891 plurimum
3231 1797 3475 1854 clamans

220 1887 320 1939 καὶ
354 1887 540 1957 εγοερὰ
583 1887 870 1943 κωκύουσα
911 1891 1381 1964 περιεόλεπόμην,
1432 1891 1668 1965 ζητοῦσα
1699 1893 1806 1946 τῶν

217 1978 374 2048 ἐμῶν
403 1980 761 2053 ταλαιπώρων
794 1982 1008 2054 βρεφῶν
1036 1983 1104 2037 τὰ
1135 1985 1303 2057 νεκρὰ
1331 1983 1576 2056 σώματα.
1625 1986 1805 2058 Ἐλεή-

218 2087 422 2135 σαντες
465 2069 558 2126 οὖν
607 2092 674 2144 με
733 2076 781 2129 οἱ
832 2075 1134 2148 ἐπιχώριοι,
1188 2077 1282 2130 καὶ
1331 2076 1542 2148 γυμνὴν
1584 2077 1801 2143 ἰδόντες,

213 2163 498 2218 ἐνέδυσαν.
552 2163 683 2221 Εἶτα
726 2169 820 2222 καί
863 2169 952 2222 τὸν
1005 2169 1162 2240 βυθὸν
1209 2169 1539 2242 ἀνηρεύνων,
1584 2170 1652 2222 τὰ
1692 2169 1804 2240 ἐμὰ

210 2256 386 2309 τέκνα
419 2255 720 2328 ζητοῦντες.
767 2260 925 2313 Ἑπεί
957 2260 1014 2313 δὲ
1051 2259 1125 2332 μὴ
1155 2259 1426 2332 εὕρισκον,
1457 2260 1803 2332 παραμυθίας

211 2343 384 2415 χάριν
425 2347 568 2409 τινὲς
601 2347 711 2400 τῶν
757 2348 1047 2418 φιλοξένων
1081 2350 1350 2419 γυναικῶν
1386 2349 1798 2422 προσελθοῦσαι,

206 2436 501 2508 διηγοῦντο
522 2439 725 2512 έκάστη
758 2440 827 2494 τὰ
859 2442 1058 2512 ἑαυτῆς
1079 2441 1246 2506 κακὰ,
1277 2442 1362 2496 ἵνα
1389 2445 1454 2513 τῇ
1471 2442 1578 2495 τῶν
1599 2443 1799 2514 ὁμοίων

211 2531 511 2601 συμφορᾷ,
550 2531 903 2602 παραμυθίας
939 2533 1105 2604 μέρος
1131 2535 1188 2586 ἐν
1220 2536 1333 2598 τοῖς
1364 2534 1516 2605 ἐμοῖς
1547 2533 1796 2606 εῦροιμιο

203 2619 236 2670 ὂ
272 2619 336 2690 δή
375 2638 442 2690 με
476 2623 571 2676 καὶ
605 2622 805 2693 μᾶλλον
827 2623 1038 2689 ἐλύπει,
1070 2623 1163 2677 καί
1190 2624 1287 2697 τὴν
1307 2623 1486 2696 ψυχὴν
1505 2626 1596 2678 ἐπὶ
1617 2625 1797 2678 πλεῖον

205 2714 508 2786 κατήσθιε,
562 2718 833 2786 γυναικῶν
875 2720 969 2772 καὶ
1021 2719 1196 2774 ἄλλων
1236 2719 1539 2773 ἀκούουσαν
1589 2738 1798 2791 συμφο-

207 2806 330 2877 ράς.
371 2807 481 2859 Kal.
510 2809 574 2878 δὴ
611 2810 705 2863 καί
729 2811 810 2874 εἰς
859 2810 1031 2875 ξενίαν
1072 2811 1282 2865 πολλῶν
1323 2830 1387 2884 με
1423 2811 1577 2880 ἄγειν
1617 2813 1797 2880 ἀξιου-

204 2899 340 2961 σῶν,
369 2899 466 2969 μία
490 2917 575 2964 τις
603 2901 710 2955 τῶν
740 2902 969 2956 ἐνταῦθα
999 2901 1250 2974 πενιχρὰ,
1283 2904 1450 2957 πολλὰ
1469 2903 1792 2976 βιασαμένη,

202 2991 289 3053 εἰς
327 2990 390 3044 τὸ
425 2993 625 3063 ἑαυτῆς
662 2994 834 3048 ἐλθεῖν
877 2995 1132 3048 ἀνέπεισε
1165 2995 1530 3064 καταγώγιον,
1569 2996 1791 3067 Θάρσει,

200 3082 470 3150 λέγουσα·
509 3086 602 3138 καὶ
628 3085 735 3157 γάρ
762 3089 790 3139 6
821 3086 952 3157 ἐμὸς
983 3087 1142 3158 ἀνὴρ,
1182 3086 1383 3158 ναύτης
1411 3087 1468 3141 δέ
1507 3080 1658 3150 οὗτος
1698 3083 1789 3159 ἦν,

1905 1891 1961 1939 et
1986 1885 2371 1941 miserabiliter
2395 1885 2632 1955 ejulans,
2665 1889 3196 1958 circumspiciebam,
3225 1906 3474 1961 quaerens

1906 1977 2206 2034 infelicium
2243 1980 2541 2036 liberorum
2580 1998 2825 2041 meorum
2859 1984 3142 2038 cadavera.
3175 1983 3345 2055 Igitur
3368 1985 3474 2038 mi-

1904 2068 2203 2124 sericordia
2233 2069 2381 2124 ducti
2425 2069 2666 2140 regionis
2715 2071 2858 2126 illius
2884 2071 3156 2138 homines,
3191 2080 3245 2126 et
3271 2071 3470 2125 nudam

1904 2159 2105 2226 intuiti,
2165 2160 2479 2216 induerunt.
2533 2161 2611 2216 Ac
2673 2162 2867 2217 deinde
2925 2163 3091 2218 maris
3138 2162 3468 2232 profundum

1903 2251 2129 2305 scrutati
2163 2261 2313 2315 sunt,
2366 2259 2672 2322 quaerentes
2711 2261 2868 2307 natos
2898 2268 3066 2308 meos.
3116 2252 3178 2307 Et
3206 2256 3332 2323 quia
3361 2269 3468 2307 non

1902 2341 2271 2410 inveniebant,
2319 2343 2596 2398 nonnulla:
2647 2344 2946 2412 hospitales
2992 2344 3244 2401 mulieres
3273 2360 3469 2399 conso-

1901 2429 2049 2486 landi
2081 2432 2187 2487 mei
2215 2433 2388 2503 gratia
2427 2442 2778 2489 accesserunt
2805 2477 2820 2502 ,
2851 2444 2904 2489 et
2936 2450 3032 2488 sua
3063 2435 3290 2506 singulae
3325 2436 3465 2490 mala

1900 2523 2269 2590 enarrabant,
2304 2533 2364 2578 ut
2397 2524 2660 2580 similium
2700 2525 3009 2580 calamitate
3030 2535 3238 2596 partem
3271 2542 3466 2582 conso-

1898 2613 2120 2670 lationis
2169 2616 2222 2669 in
2265 2617 2402 2671 meis
2435 2617 2860 2672 adversitatibus
2899 2618 3245 2673 nanciscerer
3277 2637 3289 2672 :
3319 2620 3463 2689 quod

1896 2715 2042 2761 certe
2073 2722 2159 2761 me
2185 2709 2360 2777 magis
2385 2709 2695 2779 torquebat,
2730 2709 3081 2778 animumque
3104 2710 3224 2779 plus
3253 2710 3463 2766 lacera-

1895 2797 2009 2864 bat,
2053 2798 2182 2852 dum
2222 2799 2452 2855 aliarum
2500 2801 2791 2855 mulierum
2831 2800 3167 2856 calamitates
3191 2803 3458 2856 audirem.

1894 2888 2160 2945 Cteterum
2209 2906 2334 2946 cum
2381 2893 2567 2948 multa:
2597 2909 2683 2948 me
2730 2894 2966 2964 hospitio
3013 2897 3252 2965 recipere
3294 2911 3460 2965 cupe-

1894 2989 2036 3047 rent,
2063 2981 2311 3051 quaedam
2338 2983 2458 3053 ejus
2494 2985 2599 3040 loci
2624 2986 2952 3055 paupercula
2979 3027 2993 3053 ,
3033 2987 3203 3041 multa
3229 2987 3278 3040 vi
3305 2987 3460 3042 adhi-

1895 3071 2004 3126 bita
2053 3074 2328 3142 persuasit
2372 3083 2431 3129 ut
2475 3076 2541 3130 ad
2575 3092 2733 3132 suum
2764 3077 3098 3133 domicilium
3138 3094 3454 3150 pergerem:

200 3147 347 3231 κατὰ
392 3147 663 3231 θάλασσαν
695 3147 945 3248 τέθνηκε⁷
965 3147 1104 3232 πάνῦ
1130 3147 1413 3251 ⁷νεώτερος
1448 3180 1524 3234 ὢν
1548 3197 1562 3212 ·
1599 3147 1691 3234 καὶ

1895 3164 2134 3230 Conﬁde,
2153 3166 2360 3233 dicens,
2387 3168 2587 3222 etenim
2611 3169 2696 3222 vir
2717 3183 2872 3224 meus
2893 3177 3010 3224 erat
3060 3166 3176 3238 ipse
3249 3181 3412 3224 nauta
3437 3215 3452 3236 ,

199 3267 416 3320 ἐκείνου
449 3268 657 3322 πολλῶν
704 3288 770 3341 με
797 3270 1089 3336 ἀξιούντων
1119 3272 1200 3335 εἰς
1232 3271 1406 3342 γάμον
1445 3271 1639 3336 ἐλθεῖν,
1674 3271 1784 3341 ἐγὼ

197 3361 460 3435 χηρεύειν
490 3361 731 3431 εἱλόμην,
766 3362 857 3414 τὸν
890 3361 1020 3432 ἐμὸν
1048 3362 1217 3433 ἄνδρα
1244 3361 1512 3416 ποθοῦσαο
1545 3362 1694 3416 ἐσται
1725 3363 1782 3416 δὲ

198 3449 359 3505 κοινὰ
382 3451 532 3521 ἡμῖν,
578 3450 614 3504 ἃ
645 3450 731 3504 διὰ
764 3451 961 3524 χειρῶν
985 3452 1292 3525 ἀμφότεραι
1337 3452 1581 3526 πορίζειν
1619 3453 1780 3507 δυνά-

203 3543 365 3614 μεθα.
395 3543 506 3598 Καὶ
533 3542 705 3600 ταῦτα
748 3543 848 3615 μὲν
886 3543 1088 3616 ἐκείνη.

267 3828 554 3886 LXXXVI.
591 3829 730 3899 Ἐγὼ
741 3830 819 3896 δὲ,
847 3831 932 3884 ἵνα
946 3831 1020 3904 μή
1036 3848 1116 3885 σοι
1130 3831 1356 3903 μηκύνω
1367 3830 1494 3894 τοὺς
1506 3829 1646 3901 ὑπὲρ
1658 3829 1779 3883 τού-

191 3941 284 3977 του
297 3924 507 3993 λόγους,
517 3923 728 3996 συνῴκη
736 3925 980 3995 σαταύτῃ
995 3924 1082 3978 διὰ
1096 3926 1194 3996 τὴν
1215 3922 1541 3994 φιλανδρίαν.
1555 3923 1629 3978 Οὑ
1643 3922 1776 3976 πολὺ

188 4016 253 4068 τὸ
277 4017 337 4068 ἐν
376 4015 548 4086 μέσῳ,
581 4017 674 4069 καὶ
706 4017 804 4087 τῆς
830 4016 1176 4087 ταλαιπώρου
1211 4016 1308 4086 μὲν
1344 4016 1400 4069 al
1436 4017 1616 4087 χεῖρες
1642 4013 1776 4085 ἐμοῦ

189 4107 299 4160 ὑπὸ
334 4106 444 4160 τῶν
475 4108 770 4178 δηγμάτων
806 4109 1160 4180 παρείθησαν,
1199 4108 1292 4162 καὶ
1332 4109 1365 4179 ἡ
1406 4106 1773 4179 ὑποδεξαμένη

192 4215 261 4268 με
287 4197 428 4269 αὕτη
455 4198 592 4270 γυνὴ
628 4199 732 4252 ὑπὸ
754 4199 957 4262 πάθους
987 4197 1133 4261 τινὸς
1159 4197 1252 4269 ὅλη
1285 4195 1616 4261 συνδεθεῖσα,
1649 4214 1773 4266 σχε-

185 4290 277 4342 δὸν
317 4290 570 4362 ἀκίνητος
608 4291 699 4344 ἐπί
738 4291 836 4362 τῆς
877 4290 1053 4352 οἰκίας
1093 4289 1366 4361 ἔρριπται.
1433 4287 1584 4341 Ἐπεὶ
1618 4283 1708 4341 οὖν
1745 4291 1773 4341 6

183 4382 297 4435 τῶν
331 4383 498 4435 πάλαι
532 4381 804 4451 γυναικῶν
843 4382 990 4446 ἔλεος
1020 4382 1122 4452 ἢδη
1161 4383 1545 4453 παρήκμασεν,
1577 4379 1687 4448 ἐγὼ
1711 4379 1768 4432 δὲ

1887 3252 1940 3306 in
1971 3255 2104 3308 mari
2149 3256 2442 3310 admodum
2480 3258 2697 3328 juvenis
2740 3259 2904 3324 obiit,
2940 3269 3101 3329 atque
3128 3261 3196 3314 ab
3224 3277 3288 3316 eo
3322 3270 3456 3315 tem-

1883 3359 2035 3415 pore,
2086 3346 2210 3402 licet
2253 3348 2408 3402 multi
2439 3350 2685 3420 r0garint
2715 3366 2802 3407 me
2833 3352 3136 3420 ut'nuptias
3167 3353 3455 3407 contrahe-

1882 3453 2020 3506 rem,
2045 3455 2145 3509 ego
2175 3440 2277 3495 viri
2307 3442 2414 3496 mei
2449 3442 2748 3509 desiderio,
2782 3457 2938 3514 agere
2969 3443 3022 3498 in
3047 3443 3303 3497 viduitate
3337 3459 3454 3498 ma~

1882 3529 1958 3584 lui
1989 3548 2000 3582 :
2034 3539 2198 3584 erunt
2230 3539 2410 3586 autem
2441 3533 2583 3588 inter
2613 3549 2712 3589 nos
2744 3536 3077 3600 communia,
3114 3551 3452 3606 quzecunqne

1881 3619 2134 3676 manibus
2177 3621 2348 3677 ambae
2390 3623 2696 3692 poterimus
2737 3640 3074 3694 comparare.
3116 3626 3292 3696 Atque
3333 3627 3449 3697 ipsa

1881 3709 2164 3768 hactenus.

1951 3822 2236 3879 LXXXVI.
2268 3824 2380 3896 Ego
2407 3841 2534 3882 vero
2568 3846 2581 3883 :
2607 3826 2684 3883 Ne
2721 3830 2815 3884 tibi
2845 3846 3152 3888 sermonem
3188 3834 3254 3890 de
3280 3835 3366 3890 his
3393 3835 3444 3890 in

1879 3911 2100 3984 longum
2125 3917 2432 3984 protraham
2452 3959 2467 3986 ,
2512 3934 2638 3973 cum
2679 3936 2743 3975 ea
2769 3922 3025 3984 habitavi,
3053 3935 3272 3995 propter
3293 3942 3444 3982 amo-

1877 4017 1992 4057 rem
2038 4020 2148 4074 quo
2196 4007 2454 4063 maritum
2507 4011 2958 4080 prosequebatur.
3041 4013 3150 4069 Nec
3213 4020 3441 4075 multum

1877 4101 2092 4165 tempus
2130 4097 2512 4154 intermedium
2546 4100 2667 4166 fuit,
2713 4105 2934 4172 quando
2959 4114 3015 4160 et
3052 4124 3184 4163 meae
3226 4127 3441 4179 manus,

1877 4185 2110 4242 infelicis
2148 4190 2414 4256 mulieris,
2454 4194 2732 4249 morsibus
2761 4195 3055 4253 debilitatae
3089 4210 3245 4270 sunt,
3295 4213 3350 4258 et
3377 4221 3441 4261 ea

1875 4277 2074 4331 mulier
2095 4293 2217 4347 quae
2247 4296 2336 4335 me
2363 4293 2702 4352 susceperat,
2731 4287 2926 4341 morbo
2946 4291 3184 4358 quodam
3212 4303 3324 4349 tota
3346 4312 3442 4351 oc-

1870 4378 2091 4438 cupata,
2128 4369 2239 4426 fere
2280 4372 2578 4430 immobilis
2607 4375 2755 4430 domi
2787 4377 2980 4446 jacuit.
3015 4380 3282 4447 Quoniam
3311 4402 3441 4458 ergo

185 4475 342 4545 καίὴ
376 4474 497 4528 κατ’
549 4472 717 4538 οἷκον,
753 4474 1058 4544 ἀμφότεραι
1101 4475 1405 4542 συμφοραῖς
1444 4470 1637 4540 ἐπίσης
1672 4488 1766 4524 κε-

1895 4461 2249 4518 nisericordia
2295 4465 2615 4532 mulierum,
2658 4483 2780 4537 quae
2821 4469 2949 4526 olim
2990 4475 3438 4532 commiseresce-

182 4565 458 4637 χρήμεθα,
497 4563 794 4636 καθέζομαι
821 4562 938 4630 νῦν,
975 4563 1049 4626 ὡς
1085 4564 1236 4634 ὁρᾷς,
1271 4560 1505 4615 ἐνταῦθα
1533 4578 1761 4631 προσαι-

181 4657 376 4722 τοῦσα,
409 4657 502 4710 καὶ
537 4650 610 4710 ὧν
631 4656 696 4710 ἂν
730 4657 1037 4727 εὑπορήσω,
1070 4653 1221 4708 κοινὰ
1249 4651 1541 4723 ποιουμένη
1574 4652 1666 4705 καὶ
1693 4655 1759 4724 τῇ

182 4747 632 4822 συν-ταλαιπώρῳ.
672 4750 781 4801 Kal.
802 4749 872 4801 τὰ
906 4746 1004 4818 μὲν
1037 4744 1146 4816 ἐμὰ
1174 4744 1362 4798 τοῦτον
1394 4743 1505 4814 ἔχει
1527 4743 1616 4797 τὸν
1639 4743 1761 4815 τρό-

180 4857 306 4894 πον.
359 4841 559 4894 Λοιπὸν
579 4841 622 4872 δ’
657 4841 720 4893 σὺ
767 4840 842 4910 μὴ
878 4838 1130 4911 κωλύσῃς
1174 4837 1274 4908 τὴν
1307 4835 1596 4906 ὑπόσχεσιν
1624 4835 1760 4908 πλη-

183 4931 357 5003 ρῶσαι
387 4931 482 4984 τοῦ
514 4928 695 4984 δοῦναι
736 4930 798 4982 τὺ
831 4929 1141 4999 φάρμακον,
1191 4927 1340 4990 ὅπως
1383 4927 1476 4981 καὶ
1518 4929 1585 4998 τῇ
1632 4943 1757 4980 συν-

179 5023 320 5094 οίκῳ
351 5022 530 5076 θανεῖν
577 5021 917 5094 ἐπιθυμούσῃ
939 5061 954 5084 ,
1015 5019 1109 5072 τοῦ
1141 5018 1382 5082 δοθέντος
1415 5019 1756 5089 κοινωνήσω,

177 5113 319 5184 αὑτὴ
347 5130 407 5166 τε
443 5111 807 5184 μετασχοῦσα,
840 5113 937 5183 τῆς
968 5109 1116 5180 ζωῆς
1143 5108 1348 5182 ταύτης
1375 5110 1566 5163 θᾶττον
1590 5109 1762 5165 ἁπαλ-

180 5205 351 5274 λαγῶ.

251 5399 560 5457 LXXXVII.
588 5401 770 5455 Ταῦτα
797 5400 898 5471 τῆς
916 5400 1170 5468 γυναικὸς
1188 5403 1465 5474 εἰπούσης,
1493 5405 1521 5457 6
1547 5404 1747 5476 Πέτρος

1869 4552 2020 4617 bant,
2051 4553 2166 4622 jam
2193 4553 2432 4625 vigorem
2463 4557 2666 4621 amisit,
2701 4573 2764 4613 ae
2789 4574 2911 4628 ego,
2941 4570 2994 4616 et
3017 4562 3105 4617 illa
3128 4564 3312 4620 clausa
3336 4567 3436 4622 do-

1869 4644 1964 4708 mi,
1993 4644 2164 4698 ambae
2192 4645 2426 4702 miseriis
2447 4662 2512 4701 ex
2540 4663 2696 4717 aequo
2719 4650 2955 4717 utimur;
2987 4668 3150 4720 nunc,
3178 4665 3238 4710 ut
3263 4658 3432 4725 vides,

1868 4733 1956 4790 hic
1978 4735 2140 4791 sedeo
2161 4737 2354 4807 stipem
2385 4747 2592 4808 petens,
2617 4749 2671 4795 et
2695 4757 2817 4810 quae
2835 4743 2966 4796 mihi
2996 4747 3430 4818 suppeditantur,

1864 4827 2176 4883 communia
2217 4828 2358 4885 facio
2386 4846 2508 4884 cum
2543 4833 2632 4886 illa
2683 4834 2886 4902 pariter
2912 4835 3133 4892 misera.
3177 4839 3256 4894 Ae
3298 4857 3437 4900 meae

1862 4917 2080 4987 quidem
2104 4935 2191 4976 res
2212 4921 2315 4976 hoc
2333 4923 2494 4976 modo
2518 4939 2576 4977 se
2601 4925 2820 4980 habent.
2852 4925 3126 4999 Superest,
3149 4941 3208 4986 ut
3238 4937 3288 4988 te
3319 4949 3428 4989 non

1864 5011 2112 5068 inhibeas
2138 5013 2192 5066 in
2216 5015 2539 5083 complenda
2564 5031 2628 5071 eo
2652 5019 2796 5086 quod
2824 5023 3144 5090 promisisti,
3171 5024 3425 5082 daturum

1863 5110 1914 5156 te
1944 5103 2334 5172 pharmacum;
2373 5121 2482 5176 quo
2516 5116 2570 5162 et
2607 5123 2730 5163 cum
2773 5113 3171 5181 contubernali,
3199 5128 3423 5174 mortem

1863 5206 2106 5265 aptante,
2160 5199 2305 5268 quod
2348 5200 2560 5256 dederis
2609 5205 3030 5275 communicem,
3079 5219 3132 5264 et
3178 5229 3277 5282 ego
3332 5231 3424 5268 su—

1863 5304 2038 5350 mens,
2076 5289 2177 5343 hac
2208 5290 2313 5344 vita
2344 5291 2506 5346 citius
2543 5291 2758 5350 liberer.

1937 5397 2242 5454 LXXXVII.
2287 5399 2409 5456 Ilaec
2440 5401 2650 5460 dicente
2687 5405 2945 5477 muliere,
2981 5408 3173 5472 Petrus
3218 5413 3424 5485 cogita-

1453 5543 1685 5600 VARIIE
1726 5542 2125 5602 LECTIONES.

258 5694 307 5731 “
348 5694 420 5750 al.
444 5695 851 5768 διαψεύσασθαι.
933 5701 977 5735 δ’
1017 5699 1084 5756 aI.
1113 5702 1277 5758 inser.
1313 5697 1424 5757 οῦν.
