3834 6220
354 276 448 330 εδι

1232 279 1292 334 S.
1337 276 1728 333 CLEMENTIS
1765 276 1787 331 ι
1834 275 2001 333 ROM.
2043 277 2245 335 ΡΟΝΓ.
2286 278 2515 334 OPERA
2556 278 2784 336 DUBIA.

3507 276 3627 330 533

350 389 595 447 tionibus
625 398 772 447 stare
807 405 1108 461 suspensus
1151 387 1457 443 videbatur.
1496 386 1608 457 Ego
1647 402 1779 441 vero
1825 402 1958 451 su—i

2057 389 2123 442 πὸ
2133 388 2404 461 λογισμῶν
2417 388 2661 443 ἵστασθαι
2677 389 2942 461 μετέωρος
2953 390 3140 444 ἐδόκει.
3160 386 3367 458 Ἐγὼδὲ
3377 388 3474 441 ἐπι
3481 386 3627 450 στὰς

350 484 697 551 perveniens,
730 492 787 539 et
816 484 1139 554 magistrum
1170 497 1298 536 cum
1346 479 1573 535 muliere
1602 480 1921 550 colloquen-

352 581 464 627 tem
515 574 588 629 ita
636 585 886 631 nactus:
937 572 1302 639 Iamdudum,
1354 572 1608 641 inquam,
1658 572 1923 628 oberrans

353 667 663 734 quazrebam
693 677 773 735 te;
817 676 871 723 et
898 683 1043 723 nunc
1071 666 1199 737 quid
1237 664 1542 719 faciendum
1586 665 1704 720 est?
1731 663 1924 721 Petrus

354 762 536 808 autem
583 755 888 825 imperavit,
931 764 991 810 ut
1039 755 1418 825 praecederem,
1453 771 1517 810 ac
1557 755 1611 809 in
1658 755 1780 809 navi
1825 771 1925 810 ex-

356 852 685 913 spectarem.
715 845 781 901 Et
810 847 937 918 quia
970 862 1077 901 non
1116 846 1313 901 licebat
1343 846 1715 901 contradicere
1748 847 1795 901 ei
1832 847 1927 916 qui

356 935 431 989 ita
460 947 806 1007 praeceperat,
834 939 978 1009 quod
1010 937 1186 994 fuerat
1205 938 1421 1008 jussum
1462 936 1586 993 feci.
1618 938 1688 994 At
1708 938 1925 1009 Petrus,

357 1034 417 1080 ut
467 1027 579 1096 ipse
628 1027 761 1083 mihi
818 1037 1015 1084 cuncta
1062 1039 1249 1099 postea
1291 1031 1577 1101 exposuit,
1616 1032 1930 1101 suspicione

355 1119 550 1189 exigua
581 1120 633 1174 in
662 1130 880 1191 pectore
902 1122 1173 1192 pulsatus,
1204 1122 1574 1193 interrogabat
1621 1125 1927 1189 mulierem,

355 1211 544 1266 dicens
574 1230 587 1266 :
621 1210 785 1268 Refer
815 1213 970 1281 mihi,
1000 1212 1225 1282 femina,
1249 1230 1421 1285 genus
1443 1225 1498 1269 et
1528 1215 1824 1281 civitatem,
1855 1224 1933 1270 at-

356 1319 464 1374 que
506 1305 669 1360 etiam
718 1305 1013 1362 liberorum
1054 1308 1313 1375 nomina,
1355 1308 1649 1377 statimque
1690 1309 1931 1363 medica-

357 1407 600 1451 mentum
635 1400 732 1453 tibi
765 1401 995 1455 tradam.
1026 1399 1121 1455 llla
1170 1418 1323 1467 vero,
1367 1418 1490 1472 qua:
1520 1410 1825 1471 cogeretur,
1869 1417 1934 1457 ac

359 1488 528 1543 nollet
556 1489 775 1559 quidem
797 1490 1002 1558 dicere,
1027 1500 1082 1547 et
1102 1501 1283 1548 tamen
1313 1494 1667 1563 pharmacum
1692 1496 1936 1563 accipere

359 1589 601 1647 cuperet,
630 1581 683 1636 id
725 1594 1032 1640 commenta
1058 1595 1163 1653 est,
1195 1594 1255 1639 ut
1282 1600 1382 1654 pro
1410 1586 1533 1640 aliis
1571 1586 1771 1641 diceret
1805 1586 1933 1651 alia,

362 1666 634 1735 simulque
661 1682 721 1723 se
750 1668 1040 1739 Ephesiam
1070 1688 1191 1728 esse
1215 1675 1604 1742 pronuntiavit,
1638 1676 1815 1730 virum
1850 1675 1937 1731 Si-

2025 482 2119 536 καὶ
2145 481 2235 535 τὸν
2262 482 2579 536 διδάσκαλον
2603 484 2667 552 τῇ
2700 482 2919 550 γυναικὶ
2954 483 3439 551 κοινολογούμενον
3464 477 3630 532 οὕτω

2025 572 2362 637 καταλαϐών,
2392 574 2485 627 Ἐκ
2514 572 2707 626 πολλοῦ
2734 590 2792 626 σε
2823 574 3261 645 περιερχόμενος.
3288 572 3450 642 ἔφην,
3482 570 3635 639 ἑξήρ-

2023 682 2168 719 τουν·
2220 667 2311 719 καὶ⁵
2334 665 2402 719 τὰ
2428 665 2543 732 νῦν,
2575 665 2631 719 τί
2657 667 2943 737 ποιητέον;
2984 666 3041 719 Ὁ
3066 664 3123 718 δὲ
3161 665 3366 736 Πέτρος
3408 662 3635 733 προσέ-

2025 756 2153 821 ταξέ
2196 775 2285 828 μοι
2328 758 2691 829 προαγαγόντι
2740 758 2921 829 μένειν
2963 756 3054 810 ἐπὶ
3097 755 3191 808 τοῦ
3240 754 3456 807 πλοίου.
3501 752 3627 804 Καὶ

2027 849 2214 922 ἐπειδὴ
2250 850 2521 903 ἀντειπεῖν
2555 845 2744 920 οὐκ-ἦν
2784 848 2927 902 οὕτω
2976 847 3311 911 κελεύσαντι,
3345 844 3627 917 τὸνπροσ-

2027 939 2224 1010 ταχθὲν
2279 940 2516 993 ἐποίουν.
2570 941 2627 993 '0
2672 939 2729 993 δὲ
2768 940 2972 1010 Πέτρος
3014 938 3184 1009 μικρᾷ
3226 954 3336 991 τινι
3375 934 3624 1002 ὑποψίᾳ.

2029 1030 2105 1094 ὡς
2135 1030 2299 1095 αὑτός
2328 1049 2417 1101 μοι
2446 1031 2623 1084 πάντα
2656 1030 2880 1102 ὕστερον
2921 1030 3227 1099 διεγήσατο,
3270 1026 3632 1096 παλλόμενος

2028 1126 2127 1196 τὴν
2155 1124 2396 1196 καρδίαν,
2428 1122 2753 1176 ἐπυνθάνετο
2774 1120 2877 1191 τῆς
2911 1120 3167 1190 γυναικὸς
3214 1119 3415 1187 λέγων·
3474 1116 3629 1169 Birt

2035 1233 2150 1287 μοι,
2178 1216 2357 1284 γύναι,
2388 1215 2447 1268 τὸ
2482 1215 2638 1284 γένος
2672 1215 2765 1267 καὶ
2788 1214 2885 1284 τὴν
2929 1212 3101 1277 πόλιν,
3131 1213 3224 1264 καὶ
3260 1211 3369 1263 τῶν
3404 1210 3629 1261 τέκνων

2030 1307 2095 1379 δὴ
2133 1306 2202 1359 τὰ
2242 1307 2500 1377 ὀνόματα,
2531 1307 2625 1361 καὶ
2653 1305 2995 1378 παραχρῆμα
3031 1304 3221 1374 δίδωμί
3264 1319 3347 1356 σοι
3384 1317 3447 1355 (ο
3478 1301 3631 1371 φάρ-

2038 1416 2229 1471 μακον.
2273 1400 2337 1452 Ἦ
2367 1400 2423 1452 δὲ
2460 1398 2753 1469 βιαζομένη
2786 1399 2904 1469 μὲν,
2931 1398 3025 1451 καὶ
3050 1400 3222 1450 εἰπεῖν
3260 1406 3361 1449 ac;
3400 1394 3629 1446 ἐθέλου-

2036 1508 2124 1553 σα,
2154 1492 2214 1543 τδ
2240 1492 2527 1562 φάρμακον
2551 1490 2607 1543 δὲ
2634 1491 2786 1560 ὅμως
2812 1489 3073 1560 ὲφιεμένη
3096 1488 3299 1551 λαϐεῖν,
3327 1486 3628 1554 ἐσοφίσατο

2035 1585 2155 1638 ἀντὶ
2190 1583 2362 1636 ἄλλων
2391 1584 2565 1636 εἰπεῖν
2588 1582 2769 1655 ἕτερα,
2797 1584 2890 1635 καὶ
2926 1583 3079 1651 ὁμῶς
3105 1580 3271 1650 αὐτὴν
3318 1580 3419 1649 μὲν
3461 1579 3628 1645 Ἐερε-

2040 1676 2158 1727 σίαν
2184 1671 2319 1727 εἶναι
2347 1673 2534 1743 ἔφησε,
2571 1674 2663 1727 τὸν
2704 1673 2870 1745 ἄνδρα
2898 1673 2956 1725 δὲ
2996 1671 3211 1724 Σικελὸν
3231 1710 3244 1733 ,
3274 1671 3523 1733 ὁσαύτως
3563 1670 3625 1722 δὲ

362 1755 580 1822 culum;
612 1756 862 1813 similiter
903 1776 1123 1830 quoque
1168 1762 1331 1817 trium
1378 1778 1672 1831 puerorum
1713 1766 1932 1819 nomina

2053 1767 2131 1819 tal.
2159 1766 2265 1818 τῶν
2309 1764 2475 1835 τριῶν
2520 1764 2720 1817 παίδων
2760 1763 2959 1834 ήμειψε
3005 1762 3075 1815 τά
3120 1762 3381 1832 ὀνόματα.
3438 1763 3553 1814 Καὶ
3594 1763 3624 1813 6

363 1848 740 1902 commutavit.
786 1848 923 1903 Tum
974 1849 1190 1914 Petrus,
1238 1853 1535 1907 arbitratus
1582 1870 1701 1908 eam
1746 1871 1932 1909 verum

361 1936 544 1990 dicere
572 1954 587 1992 :
616 1936 754 2007 Heu,
791 1941 1004 2007 mulier,
1036 1941 1235 2011 inquit,
1268 1944 1652 1999 existimabam
1696 1963 1783 2001 me
1820 1963 1937 2001 ma-

363 2042 524 2097 gnam
556 2029 794 2085 laetitiam
817 2032 1080 2088 hodierno
1100 2036 1188 2089 die
1206 2036 1524 2104 allaturum,
1550 2039 1861 2107 suspicatus
1887 2051 1938 2096 te

363 2120 656 2188 quamdam
675 2137 816 2190 esse,
834 2124 993 2193 cujus
1007 2140 1095 2180 res
1115 2126 1320 2193 audivi,
1341 2137 1393 2181 ct
1407 2128 1574 2197 probe
1596 2130 1741 2184 novi.
1759 2132 1827 2185 At
1849 2132 1939 2186 illa

365 2212 635 2281 adjuravit
652 2228 798 2281 eum,
818 2215 1036 2272 dicens:
1058 2216 1167 2273 Oro
1186 2227 1257 2285 te,
1272 2219 1414 2273 refer
1438 2221 1593 2289 mibi,
1615 2237 1725 2291 quo
1743 2224 1936 2292 sciam,

366 2312 549 2357 utrum
579 2305 717 2360 inter
738 2308 994 2363 mulieres
1015 2308 1086 2363 sit
1114 2309 1220 2364 alia
1248 2311 1518 2381 quaepiam
1538 2328 1624 2367 me
1646 2312 1934 2369 infelicior.

440 2393 772 2451 LXXXVIII.
816 2396 882 2453 Et
908 2397 1123 2467 Petrus,
1156 2401 1371 2455 mentiri
1411 2402 1680 2469 nesciens,
1717 2412 1771 2457 et
1804 2404 1941 2459 alio-

367 2487 460 2553 qui
494 2488 867 2543 misericordia
899 2506 1025 2559 erga
1058 2492 1207 2546 illam
1240 2492 1529 2561 adductus,
1561 2495 1707 2564 quod
1747 2511 1939 2552 verum

368 2585 487 2631 crat
516 2578 679 2647 cmpit
709 2579 891 2633 dicere
916 2579 1040 2635 :Est
1077 2582 1208 2635 mihi
1252 2582 1473 2652 quidam
1493 2584 1735 2654 juvenis,
1761 2601 1794 2640 ο
1820 2602 1942 2642 mu-

368 2669 490 2733 lier,
517 2685 829 2725 sermonum
857 2671 924 2725 ad
949 2674 1153 2727 cultum
1180 2671 1272 2727 Dei
1299 2675 1660 2743 spectantium
1684 2677 1937 2747 cupidus,

371 2770 427 2815 et
449 2761 583 2815 civis
626 2760 929 2828 Romanus,
958 2764 1071 2833 ι(ιυὶ
1119 2763 1253 2817 mihi
1312 2764 1555 2818 narravit
1600 2779 1710 2835 quo
1753 2767 1939 2834 modo,

373 2865 497 2902 cum
530 2850 752 2905 haberet
794 2862 1024 2922 patrem,
1057 2868 1122 2907 ac
1146 2852 1287 2909 duos
1327 2853 1524 2909 fratres
1553 2854 1818 2925 geminos,
1846 2871 1943 2912 ne-

376 2944 574 2999 minem
598 2959 787 2999 eorum
815 2945 1040 3001 videret.
1078 2944 1214 3000 Nam
1242 2956 1435 3013 mater,
1464 2948 1941 3018 quemadmodum,

376 3032 574 3101 inquit,
604 3033 738 3088 mihi
777 3037 1239 3091 commemorabat
1280 3047 1454 3107 pater,
1484 3038 1603 3093 viso
1646 3040 1939 3107 insomnio,

2036 1856 2239 1927 Πέτρος
2267 1856 2467 1928 οἰηθεὶς
2492 1855 2657 1926 αὐτὴν
2688 1854 2990 1924 ἀληθεύειν,
3010 1855 3188 1925 Οῐμοι,
3218 1854 3396 1922 γύναι,
3429 1854 3619 1922 φησιν,

2037 1945 2281 2017 ἐνόμιζον
2310 1947 2551 2017 μεγάλην
2570 1946 2693 1999 τινὰ
2708 1945 2880 2017 χαράν
2896 1948 2960 2016 τῇ
2982 1946 3217 2015 σήμερον
3238 1946 3394 2014 ἄγειν
3409 1946 3620 2015 ἡμέρᾳ,

2038 2038 2321 2093 ὑπολαϐών
2362 2039 2422 2093 σέ
2461 2054 2584 2092 τινα
2630 2034 2788 2101 εἶναι,
2816 2031 2883 2107 ἦς
2922 2035 2991 2088 τὰ
3033 2036 3333 2107 πράγματα
3377 2036 3624 2099 ἀκούσας

2038 2131 2281 2204 ἀκριϐῶς
2308 2132 2626 2201 ἐπίσταμαι.
2656 2130 2721 2184 Ἦ
2748 2130 2803 2183 δὲ
2826 2126 3087 2199 ἐξώρκισε
3110 2128 3372 2209 ,λέγουσαι
3418 2128 3623 2197 Δέομαί

2041 2245 2156 2291 σου,
2190 2226 2311 2280 είπέ
2341 2242 2450 2297 μοι,
2497 2225 2583 2279 ἵνα
2620 2224 2745 2279 είδῶ
2772 2228 2821 2279 εὶ
2860 2225 2975 2279 ἔστι
3014 2242 3098 2288 τις
3127 2226 3183 2279 ὲν
3212 2221 3467 2292 γυναιξὶν
3489 2222 3621 2290 ἄλλη

2039 2319 2343 2395 ἀθλιωτέρα
2374 2315 2529 2388 ἐμοῦ.

2113 2410 2442 2466 LXXXVIII.
2474 2411 2583 2463 Kal.
2611 2411 2639 2463 6
2665 2408 2867 2480 Πέτρος
2881 2406 3169 2477 ψεύδεσθαι
3196 2406 3295 2459 οὐκ
3320 2404 3505 2467 εἰδὼς,
3532 2404 3623 2457 καὶ

2041 2503 2215 2565 άλλως
2230 2500 2333 2555 ὑπὸ
2352 2500 2533 2563 ἐλέους
2549 2499 2642 2552 τοῦ
2659 2499 2794 2571 πρὸς
2814 2499 2983 2570 αὐτὴν
3006 2498 3311 2569 ἑλκόμενος,
3338 2497 3401 2550 τὸ
3420 2496 3622 2566 ἀληθὲς

2041 2594 2218 2662 λέγειν
2248 2590 2473 2662 ήρξατο·
2488 2587 2640 2659 Ἐμοί
2658 2605 2741 2651 τις
2770 2587 2887 2639 ἐστὶ
2908 2587 3142 2650 νεανίας,
3164 2578 3209 2638 ὦ
3229 2583 3413 2652 γύναι,
3439 2582 3557 2634 τῶν
3578 2580 3622 2612 ⁸⁸

2041 2686 2140 2756 τῆς
2161 2683 2466 2746 θεοσεϐείας
2486 2680 2808 2754 ὀρεγόμενος
2831 2679 3003 2748 λόγων
3027 2678 3092 2743 ³⁸,
3130 2676 3417 2747 Ῥωμαίων
3446 2674 3626 2745 ὑπάρ-

2043 2796 2152 2849 χων
2165 2776 2404 2845 πολίτης,
2422 2775 2569 2836 ὅστις
2584 2772 2968 2844 μοιδιηγείται,
2988 2770 3102 2834 πῶς
3113 2770 3157 2800 ⁸¹
3171 2768 3382 2839 πατέρα
3400 2783 3462 2818 τε
3486 2767 3624 2835 ἒχων

2044 2871 2137 2924 καὶ
2157 2868 2413 2937 ἀδελφοὺς
2438 2865 2530 2919 δύο
2560 2865 2831 2936 διδύμους,
2855 2863 3044 2917 οὐδένα
3075 2860 3278 2914 τούτων
3322 2860 3447 2931 ὁρᾷ.
3488 2859 3623 2909 Ἤτε

2045 2965 2152 3035 γὰρ
2185 2963 2385 3033 μήτηρ,
2420 2959 2496 3023 ὡς
2525 2958 2554 3010 ὁ
2585 2958 2787 3028 πατὴρ,
2815 2956 2966 3026 φησὶ,
2996 2954 3234 3024 διηγεῖτό
3266 2969 3377 3023 μοι,
3416 2950 3625 3019 ὄνειρον

2050 3055 2251 3119 ἰδοῦσα,
2290 3053 2391 3123 τῆς
2430 3050 2715 3120 Ῥωμαίων
2750 3046 2955 3110 πόλεως
2982 3047 3075 3099 ἐπὶ
3108 3045 3296 3116 χρόνον
3326 3041 3455 3095 τινὰ
3479 3040 3629 3110 ἐξῄει

375 3138 441 3178 ex
474 3125 607 3179 urbe
637 3124 809 3181 Roma
837 3128 902 3182 ad
935 3129 1208 3198 quoddam
1232 3136 1447 3198 tempus
1480 3146 1587 3184 una
1618 3146 1741 3185 cum
1775 3133 1945 3203 gemi-

2053 3144 2188 3219 μετά
2208 3144 2315 3197 τῶν
2342 3141 2577 3212 διδύμων
2604 3139 2775 3209 αὐτῆς
2800 3137 3024 3201 τέκνων,
3049 3136 3135 3187 ἵνα
3164 3132 3238 3205 μὴ
3267 3130 3425 3200 κακῷ
3437 3130 3629 3219 τελευ-

377 3216 463 3271 nis
505 3218 621 3273 suis
648 3220 791 3274 natis
836 3221 1025 3285 exivit,
1060 3237 1129 3277 ne
1161 3222 1360 3276 misera
1405 3232 1580 3277 morte
1630 3223 1942 3293 decederet;

376 3317 541 3379 atque
567 3325 693 3365 cum
725 3311 832 3367 illis
873 3327 1113 3384 egressa,
1157 3329 1303 3368 nunc
1347 3329 1453 3367 non
1488 3314 1762 3370 invenitur
1786 3334 1800 3370 :
1824 3317 1947 3386 ejus

377 3408 561 3455 autem
598 3401 702 3467 vir,
734 3412 889 3472 pater
918 3420 1051 3460 vero
1082 3420 1259 3472 meus,
1290 3405 1336 3459 is
1366 3420 1584 3477 quoque
1610 3409 1677 3462 ad
1704 3425 1948 3479 quaeren-

378 3493 502 3548 dam
533 3510 654 3551 eam
678 3497 979 3567 digressus,
1014 3515 1113 3555 nec
1147 3501 1262 3570 ipse
1288 3500 1520 3555 inveniri
1550 3511 1750 3572 potest.

450 3584 736 3642 LXXXIX.
778 3587 855 3643 Ita
885 3574 1009 3645 cum
1056 3588 1250 3646 Petrus
1302 3590 1554 3658 dixisset,
1586 3594 1801 3659 mulier,
1828 3611 1949 3666 qua:

380 3677 447 3733 ad
478 3693 541 3733 ea
567 3679 810 3735 animum
847 3682 1202 3752 applicuerat,
1234 3692 1458 3754 stupore
1488 3688 1797 3743 exanimata
1841 3697 1948 3744 est.

378 3765 573 3822 Petrus
610 3776 814 3837 autem,
874 3779 932 3825 ut
974 3773 1437 3851 expergisceretur
1472 3776 1643 3846 ipsam
1680 3779 1949 3845 hortatus,

380 3862 642 3930 quidnam
708 3872 852 3919 esset
914 3866 1061 3935 quod
1112 3877 1389 3937 pateretur
1456 3868 1831 3941 interrogavit.
1878 3872 1949 3927 At

380 3955 493 4021 illa,
524 3955 680 4024 quasi
709 3970 776 4011 ex
807 3956 1069 4013 ebrietate
1104 3974 1164 4015 se
1194 3961 1549 4032 recolligens,
1581 3978 1706 4019 cum
1757 3979 1819 4020 os
1847 3964 1951 4021 fri-

379 4044 585 4099 cuisset
610 4062 623 4098 :
648 4043 716 4099 Et
741 4045 835 4101 ubi
859 4056 962 4111 est,
990 4048 1188 4117 inquit,
1216 4049 1308 4103 ubi
1339 4060 1677 4105 memoratus
1702 4050 1953 4123 juvenis?

380 4135 689 4208 Intelligens
728 4147 909 4193 autem
952 4155 1067 4193 rem
1101 4140 1297 4195 Petrus
1327 4157 1340 4194 :
1376 4140 1455 4195 Tu
1486 4141 1619 4195 mibi
1649 4142 1737 4197 tIIC
1776 4143 1949 4212 prius,

381 4228 786 4298 inquitzaliter
830 4230 975 4284 enim
1026 4246 1153 4285 eum
1202 4231 1385 4286 videre
1434 4246 1544 4285 non
1592 4233 1813 4303 poteris.
1859 4233 1954 4288 Illa

380 4337 513 4376 vero
569 4320 858 4390 festinans,
889 4322 1003 4376 ait:
1036 4322 1149 4393 Ego
1197 4338 1317 4378 sum
1363 4323 1723 4379 adolescentis
1755 4334 1951 4389 mater,

380 4423 436 4469 et
482 4428 681 4469 nomen
731 4414 809 4469 illi
866 4422 949 4469 est
977 4415 1250 4470 Clemens.
1280 4413 1399 4480 Quo
1427 4413 1619 4469 Petrus
1646 4415 1834 4471 audito
1861 4434 1874 4470 ί
1901 4415 1951 4472 Is

384 4506 501 4576 ipse
523 4515 630 4571 est,
649 4506 847 4577 inquit,
878 4506 924 4561 is
953 4507 1068 4577 ipse
1091 4516 1201 4573 est;
1227 4514 1389 4576 atque
1428 4506 1475 4562 is
1504 4516 1641 4575 erat,
1669 4509 1764 4577 qui
1790 4509 1952 4579 paulo

387 4609 515 4655 ante
544 4601 797 4667 accessit,
836 4607 891 4655 et
917 4615 1132 4655 mecum
1177 4600 1391 4656 locutus
1436 4609 1536 4663 est,
1569 4616 1843 4671 quemque
1898 4600 1956 4655 in

390 4694 515 4749 navi
545 4701 860 4762 exspectare
878 4692 1037 4762 jussi.
1075 4690 1214 4746 Tum
1246 4692 1337 4747 illa
1361 4692 1427 4747 ad
1448 4691 1591 4746 Petri
1622 4706 1797 4762 genua
1828 4707 1958 4762 pro-

389 4785 597 4848 cidens,
628 4783 852 4852 rogabat
875 4790 935 4837 ut
956 4782 1024 4837 ad
1050 4798 1239 4837 navem
1265 4791 1603 4852 properaret.
1631 4780 1699 4835 Et
1726 4781 1954 4838 Petrus:

390 4876 448 4932 Si
485 4876 650 4944 mibi,
681 4875 887 4945 inquit,
928 4889 1115 4929 servas
1145 4881 1332 4943 pacta,
1372 4873 1477 4928 hoc
1517 4888 1735 4943 quoque
1775 4889 1956 4943 agam.

393 4971 487 5023 Illa
517 4980 699 5024 autem
729 4966 1046 5037 respondit:
1078 4965 1272 5021 Omnia
1315 4965 1546 5033 faciam;
1578 4973 1791 5020 tantum
1820 4966 1955 5021 mibi

390 5062 564 5116 lilium
598 5061 935 5130 unigenitum
969 5058 1193 5113 ostende
1220 5076 1232 5110 :
1264 5072 1361 5127 per
1386 5073 1512 5113 eum
1550 5058 1749 5127 quippe
1773 5058 1957 5113 videre

388 5152 528 5208 mibi
554 5151 779 5205 videbor
806 5160 859 5204 et
886 5148 1026 5204 duos
1051 5162 1203 5201 meos
1230 5146 1323 5216 qui
1351 5147 1441 5201 hic
1462 5146 1662 5200 mortui
1695 5153 1824 5199 sunt
1854 5160 1956 5199 na-

390 5256 496 5302 tos.
514 5242 796 5300 AcPetrus
825 5262 839 5297 :
871 5240 976 5297 Sed
1002 5256 1125 5295 cum
1154 5239 1365 5294 videbis
1388 5254 1537 5304 eum,
1564 5240 1747 5310 quieta
1772 5252 1954 5303 mane,

390 5338 567 5396 donec
600 5351 669 5393 ex
699 5334 877 5391 insula
905 5332 1109 5405 egressi
1140 5330 1423 5388 fuerimus.

2047 3218 2189 3310 τήσῃ
2223 3235 2457 3304 θανάτῳ,
2484 3232 2577 3285 καὶ
2608 3230 2703 3283 σὺν
2728 3227 2911 3290 αὐτοῖς
2940 3224 3146 3279 ἐκϐᾶσα
3170 3221 3266 3275 νῦν
3319 3222 3422 3291 οὐχ
3474 3218 3629 3289 εὑρί-

2050 3345 2257 3384 σκεται·
2304 3329 2332 3381 6
2356 3326 2412 3379 δὲ
2443 3323 2645 3393 ταύτης
2672 3321 2771 3393 μὲν
2799 3319 2957 3390 ἀνὴρ,
3003 3314 3167 3370 αὑτοῦ
3202 3314 3259 3366 δὲ
3299 3313 3505 3382 πατὴρ,
3535 3311 3632 3363 καὶ

2049 3421 2209 3484 αὐτὸς
2237 3421 2316 3482 είς
2348 3417 2666 3486 ἐπιζήτησιν
2708 3411 2879 3481 αὐτῆς
2921 3407 3107 3470 ὲκϐἀς,
3134 3405 3253 3459 οὐδὲ
3281 3400 3434 3466 οὗτος
3461 3403 3512 3434 ⁸³
3536 3404 3631 3454 εὐ-

2052 3513 2317 3583 ρίσκεται.

2120 3597 2408 3655 LXXXIX.
2439 3595 2627 3651 Ταῦτα
2652 3594 2745 3648 τοῦ
2773 3592 2978 3663 Πέτρου
3003 3588 3263 3651 εἰπόντος,
3288 3584 3637 3655 ὲπιστήσασα

2048 3692 2139 3745 τὸν
2160 3690 2285 3745 νοῦν
2300 3690 2481 3753 αὐτοῖς
2496 3688 2563 3752 ⁸⁵,
2588 3685 2695 3740 ὑπὸ
2719 3683 3030 3754 ἐκπλήξεως
3048 3678 3318 3749 ἀπέψυξεν
3340 3678 3375 3747 ἡ
3394 3676 3556 3745 γυνή.
3574 3675 3638 3727 Ὁ

2050 3785 2105 3837 δὲ
2130 3784 2335 3855 Πέτρος
2361 3783 2548 3852 νήφειν
2590 3778 2757 3848 αὐτὴν
2801 3772 3367 3846 παρακελευσάμενος,
3395 3768 3461 3819 Τί
3500 3766 3638 3819 ποτέ

2050 3879 2194 3931 ἐστιν
2215 3876 2243 3929 δ
2272 3875 2518 3944 πάσχεις,
2539 3868 2942 3925 διεπυνθάνετο.
2972 3866 3038 3919 Ἦ
3060 3865 3137 3929 δὲ,
3159 3864 3345 3932 ὥσπερ
3366 3862 3430 3912 ὲκ
3462 3859 3641 3930 μέθης

2052 3966 2434 4036 ἀνενεγκοῦσα,
2482 3965 2576 4018 καὶ
2617 3962 2677 4015 τὸ
2728 3960 3018 4031 πρόσωπον
3066 3956 3323 4028 τρίψασα·
3362 3952 3479 4004 Καὶ
3526 3949 3640 4002 ποῦ

2052 4060 2219 4122 ἐστιν,
2254 4056 2379 4126 ἔφη,
2410 4054 2511 4108 ποῦ
2535 4054 2581 4085 ⁵⁵
2607 4053 2635 4104 ὁ
2658 4049 3049 4122 θρυλλούμενος
3088 4043 3339 4109 νεανίας;
3365 4040 3553 4102 Συνεὶς
3576 4038 3641 4091 δὲ

2052 4154 2081 4204 6
2109 4150 2316 4221 Πέτρος
2346 4147 2408 4199 τὸ
2434 4145 2636 4217 δρᾶμα,
2677 4141 2812 4195 Εἰπέ
2850 4158 2940 4211 μοι
2969 4141 3033 4193 σὺ
3076 4138 3308 4209 πρῶτον,
3368 4133 3502 4203 ἔφη·
3540 4130 3643 4184 άλ-

2053 4246 2159 4306 λως
2184 4240 2293 4313 γὰρ
2324 4239 2449 4292 ἰδεῖν
2495 4234 2683 4289 τοῦτον
2716 4233 2777 4286 οὐ
2801 4232 3045 4285 δύνασαι.
3086 4230 3151 4282 Ἡ
3195 4228 3250 4281 δὲ
3292 4224 3638 4283 σπεύδουσα,

2067 4332 2225 4402 Ἐγὼ,
2254 4332 2437 4402 φησὶν,
2472 4330 2506 4399 ή
2537 4326 2631 4380 τοῦ
2656 4325 2937 4379 νεανίσκου
2972 4324 3154 4393 μήτηρ
3178 4321 3312 4390 εἰμὶ,
3356 4318 3451 4371 καὶ
3480 4320 3641 4390 Κλήσ-

2059 4442 2163 4497 μης
2180 4422 2325 4493 αὖτῷ
2346 4421 2530 4491 δνομα.
2550 4418 2661 4472 Καὶ
2680 4419 2707 4470 6
2725 4415 2928 4486 Πέτρος
2947 4413 3079 4466 ἀκού
3088 4429 3203 4477 σας,
3221 4409 3389 4472 Αὐτός
3405 4411 3552 4461 ἐστιν
3568 4410 3639 4474 ⁵⁸,

2055 4514 2226 4581 εἶπεν,
2256 4514 2416 4576 αὑτός
2446 4514 2588 4564 ἐστι·
2623 4508 2718 4563 καὶ
2741 4502 2895 4569 οὗτος
2918 4501 2987 4577 ἦν
3012 4506 3041 4558 6
3070 4504 3175 4575 πρὸ
3220 4500 3416 4573 μικροῦ
3468 4517 3645 4571 προσ-

2056 4607 2226 4662 ελθὼν
2249 4606 2343 4659 καὶ
2367 4604 2609 4674 λαλήσας
2640 4619 2750 4673 μοι,
2774 4599 2834 4652 ὃν
2858 4598 2953 4652 καὶ
2975 4595 3262 4667 ἀναμένειν
3280 4595 3339 4646 ὲν
3364 4592 3441 4663 τῷ
3465 4591 3643 4662 πλοίῳ

2056 4696 2380 4771 προσέταξα.
2425 4695 2489 4748 Ἦ
2545 4693 2603 4745 δὲ
2650 4688 3035 4764 προσπεσοῦσα
3082 4686 3160 4758 τῷ
3206 4686 3427 4755 Πέτρῳ,
3481 4682 3643 4753 ἠξίου

2060 4790 2307 4845 σπεύδειν
2334 4787 2428 4840 ἐπὶ
2451 4786 2512 4839 τὸ
2535 4784 2739 4840 πλοῖον.
2768 4784 2877 4838 Καὶ
2901 4785 2930 4836 6
2954 4780 3161 4852 Πέτρος
3180 4818 3195 4843 ,
3219 4778 3286 4831 Εἴ
3315 4793 3405 4849 μοι
3425 4778 3641 4846 τηρεῖς,

2058 4882 2184 4952 ἔφη,
2214 4879 2313 4943 τὰς
2344 4876 2636 4948 συνθήκας,
2668 4875 2763 4928 καὶ
2798 4870 2958 4926 τοῦτο
2984 4873 3211 4941 ποιήσω.
3247 4868 3311 4921 Ἠ
3344 4866 3422 4931 δὲ,
3449 4865 3647 4921 Πάντα

2064 4971 2223 5036 ποιῶ,
2239 4971 2390 5042 φησὶ,
2409 4970 2566 5040 μόνον
2586 4984 2674 5039 μοι
2689 4965 2751 5020 τὸ
2769 4966 2958 5019 τέκνον
2967 4963 3028 5017 τὸ
3049 4961 3332 5033 μονογενὲς
3344 4958 3642 5051 γνώρισον,

2064 5061 2203 5129 δόξω
2224 5062 2332 5134 γὰρ
2360 5062 2428 5115 δι’
2463 5058 2630 5113 αὐτοῦ
2656 5059 2751 5112 καὶ
2767 5056 2836 5111 τὰ
2862 5055 2955 5110 δύο
2984 5071 3086 5126 μου
3113 5052 3182 5106 τά
3208 5050 3438 5106 ἐνταῦθα
3455 5048 3647 5120 τεθνη-

2064 5156 2197 5209 κότα
2238 5153 2404 5207 τέκνα
2446 5153 2599 5224 ὁρᾷν.
2649 5149 2761 5203 Καὶ
2802 5150 2832 5202 6
2868 5147 3103 5217 Πέτρος·
3146 5144 3283 5197 Ἀλλ’
3318 5144 3444 5196 ὅταν
3474 5140 3645 5195 αὑτὸν

2065 5244 2531 5320 ἴδῃςηήσύχασον,
2566 5242 2759 5314 μέχρις
2782 5238 2849 5294 ἂν
2876 5237 2977 5310 τῆς
3001 5238 3166 5309 νήσου
3188 5234 3457 5306 ὲκϐὦμεν.

1666 5476 1900 5533 VARUE
1939 5475 2334 5533 LECTIONES.

470 5648 517 5681 ⁸⁸
556 5648 625 5702 al.
658 5646 770 5703 τόν.
846 5644 887 5676 ⁵⁸
917 5643 987 5698 al.
1029 5639 1206 5710 λόγον.
1279 5640 1411 5696 "al.
1444 5639 1538 5705 ὡς.
1615 5638 1864 5714 ’δὴοΰτωᾳ
1940 5637 2068 5692 “al.
2115 5636 2309 5707 ἑαυτῆς
2339 5642 2392 5691 et
2426 5631 2613 5701 αὐτῆς.
2693 5629 2822 5685 "al.
2865 5628 2969 5683 ποῦ
3003 5628 3168 5684 ἐστίν.
3248 5628 3455 5701 “deest
3478 5629 3531 5685 in
3562 5631 3635 5688 ai.
