3834 6220
197 258 324 317 533

1051 257 1515 316 CLEMENTINA.
1556 290 1627 301 -—
1661 258 1965 317 EPITOME
1999 258 2089 315 DE
2125 260 2374 317 CESTIS
2411 262 2473 318 S.
2516 260 2741 318 PETRI.

3376 264 3482 322 554

285 369 409 426 XC.
450 367 898 443 Λαϐόμενοςοῦν
938 372 1040 443 τῆς
1084 373 1266 446 χειρὸς
1307 373 1479 445 αὐτῆς
1521 374 1557 426 όη
1595 371 1807 443 Πέτρος

1994 372 2109 429 XC.
2151 370 2365 428 Tenens
2389 386 2517 442 ergo
2564 370 2713 428 illius
2751 384 2975 428 manum
3021 370 3235 437 Petrus,
3266 387 3384 426 eam
3410 371 3477 426 ad

201 453 363 532 ἦγεν.
386 462 481 514 ἐπὶ
508 461 568 515 τὸ
599 463 798 520 πλοῖον.
843 464 983 533 Ἐγὼ
1008 464 1065 518 δὲ
1086 464 1207 518 ίδὼν
1240 465 1682 537 χειραγωγοῦντα
1706 481 1808 534 γυ-

208 554 410 615 ναῖκα,
448 553 696 621 ἐγέλασα.
745 557 856 609 Καὶ
907 554 1238 627 προσελθὼν,
1284 558 1364 620 είς
1407 556 1576 627 τιμὴν
1620 553 1807 620 αὐτοῦ,

208 643 339 696 ἀντ’
372 644 539 705 αὐτοῢ
578 650 939 719 χειραγωγεῖν
966 647 1136 720 αὐτὴν
1176 644 1508 719 ἐπειρώμην.
1558 647 1667 700 Καὶ
1693 646 1810 719 ἃμα

208 734 297 805 τῷ
325 734 569 805 ἅψασθαί
606 755 673 808 με
706 738 808 808 τῆς
836 739 1018 811 χειρὸς
1043 738 1238 809 αὐτῆς,
1268 736 1565 802 ὀλολύξασα
1594 736 1669 801 ὡς
1709 739 1812 810 μή·

209 841 327 897 τηρ
360 827 526 898 μέγα,
562 830 656 882 καὶ
690 830 1125 901 περιπλακεῖσα,
1169 829 1373 900 σφόδρα
1420 828 1698 899 κατεφίλει
1743 846 1809 901 με

209 920 316 972 τὸν
342 920 517 990 αὐτῆς
544 921 677 975 υίόν.
720 921 859 991 Ἐγὼ
882 922 949 985 δὲ⁵
968 922 1031 975 τὸ
1055 924 1285 994 πρᾶγμα
1316 922 1454 993 ὅπερ
1484 916 1550 992 ἦν
1580 920 1808 990 ἀγνοῶν,

212 1012 296 1076 ὡς
350 1014 681 1087 μαινομένην
723 1016 1080 1087 ἀπεσειόμην.
1130 1014 1453 1087 Αίδούμενος
1487 1014 1544 1067 δὲ
1589 1015 1682 1068 καὶ⁸
1720 1013 1811 1067 τὸν

216 1104 455 1175 Πέτρον,
489 1106 715 1176 πικρίας
744 1105 1114 1178 ἐπληρούμην.

288 1215 431 1270 XCI.
486 1216 545 1272 '0
575 1218 630 1270 δὲ
661 1218 898 1291 Πέτρος,
936 1219 1061 1284 Ἔα,
1088 1217 1332 1290 φησὶν,ῶ
1356 1219 1577 1291 Κλήμη.
1609 1218 1675 1273 Τί
1703 1219 1812 1288 γὰρ

216 1307 318 1363 καὶ
344 1308 538 1371 ποιεῖς,
556 1306 698 1362 οὕτω
726 1310 826 1381 τήν
853 1326 912 1362 σε
934 1309 1197 1363 τεκοῦσαν
1223 1309 1642 1381 ἀποσειόμενοςς
1672 1307 1813 1379 Ἐγὼ

213 1396 276 1450 δὲ
306 1397 468 1451 τοῦτο
488 1399 748 1465 ἀκούσας,
776 1400 1106 1473 περίδακρυς
1158 1401 1467 1473 γενόμενος,
1513 1403 1607 1457 καὶ
1642 1418 1811 1456 κατα-

218 1487 468 1559 πεσούσῃ
509 1492 575 1562 τῇ
625 1493 862 1566 τεκούσῃ
909 1491 1256 1565 προσπεσὼν,
1311 1494 1651 1565 κατεφίλουν.
1699 1495 1812 1547 Καὶ

216 1578 331 1650 γὰρ
352 1580 471 1651 ἅμα
503 1580 582 1651 τῷ
616 1581 847 1654 ῥηθῆναί
877 1601 965 1654 μοι
997 1582 1176 1648 τοῦτο,
1206 1583 1466 1656 ἀμυδρῶς
1498 1603 1620 1649 πως
1652 1584 1714 1638 τὸ
1736 1582 1812 1640 εί-

214 1667 308 1733 δος
349 1671 748 1745 ἀνεκαλούμην.
794 1675 987 1729 Πολλοὶ
1032 1676 1131 1747 μὲν
1159 1672 1253 1731 οὖν
1300 1677 1445 1747 ὄχλοι
1493 1679 1812 1751 συνέτρεχον

219 1761 511 1834 ἱστορῆσαι
537 1765 599 1818 τὸ
642 1764 847 1839 θαῦμα,
877 1768 973 1822 καὶ
1012 1770 1176 1822 πᾶσιν
1217 1769 1402 1833 αὐτοῖς
1428 1769 1517 1824 διὰ
1546 1747 1812 1843 στόματος
1842 1747 1884 1803 Β

214 1846 290 1921 ἦν
315 1892 331 1914 ,
365 1854 515 1919 ὅπως
542 1857 684 1929 ἀνὴρ
712 1857 887 1923 οὕτως
917 1858 1213 1928 ἀξιόλογος,
1254 1861 1355 1933 τὴν
1392 1865 1674 1934 προσαῖτιν
1712 1880 1812 1932 γυ-

214 1946 408 2009 ναῖκα,
443 1947 656 2019 μητέρα
684 1950 876 2005 ἑαυτοῦ
918 1951 1298 2025 ἀνεγνώρισεν.
1340 1954 1692 2026 Βουλομένοις
1716 1952 1812 2011 οὖν

214 2036 354 2106 ήμῖν
403 2038 501 2093 σὺν
538 2044 603 2112 τῇ
652 2045 819 2115 μητρὶ
850 2044 950 2114 τῆς
992 2045 1157 2114 νήσου
1194 2043 1486 2111 ἐκϐαίνειν,
1516 2047 1551 2117 ή
1588 2046 1769 2118 μήτηρ
1792 2085 1809 2112 ,

207 2131 291 2188 Ὠ
318 2136 509 2190 τέκνον
545 2152 645 2207 μου
673 2135 942 2203 ποθεινὸν,
974 2133 1147 2202 εἶπεν,
1188 2136 1411 2206 εὔλογόν
1446 2137 1566 2190 ἐστι
1611 2138 1809 2191 συντά-

216 2228 419 2305 ξασθαι
446 2227 541 2281 καὶ
578 2229 645 2298 τῇ
677 2226 1050 2301 ὑποδεξαμένῃ
1078 2228 1122 2260 ⁵⁷
1164 2228 1402 2297 γυναικὶ,
1427 2227 1548 2298 ἥτις
1578 2227 1810 2299 πενιχρὰ

214 2316 377 2383 οὖσα,
392 2320 487 2373 καὶ
502 2318 598 2390 ὅλη
620 2319 946 2391 παρειμένη,
962 2320 1054 2373 ἐπὶ
1072 2320 1171 2390 τῆς
1197 2320 1373 2384 οἰκίας
1402 2319 1676 2393 ἔρριπται.
1699 2321 1810 2373 Καὶ

213 2417 247 2468 ὁ
273 2412 481 2484 Πέτρος
506 2408 746 2476 ἀκούσας
779 2412 1078 2484 ἐθαύμασε,
1108 2413 1202 2466 καὶ
1224 2413 1291 2445 ³⁸·
1314 2413 1515 2477 πάντες
1540 2413 1591 2466 οἱ
1628 2429 1811 2486 περιε-

218 2506 484 2578 στηκότες
521 2506 567 2538 ⁸⁸
608 2504 758 2575 ὄχλοι
796 2504 857 2558 τὸ
894 2504 998 2575 τῆς
1048 2506 1305 2572 γυναικὸς
1335 2502 1589 2574 φρόνημα
1612 2501 1811 2557 ⁶⁰.Καὶ

218 2596 426 2660 εὐθέως
455 2595 709 2649 ἐκέλευσέ
744 2611 857 2648 τισι
893 2594 1249 2666 πορευθῆναι,
1298 2595 1392 2648 καὶ
1433 2594 1533 2665 τὴν
1575 2596 1811 2663 γυναῖκα

218 2690 314 2743 ἐπὶ
354 2689 544 2758 κλίνης
581 2686 839 2758 κομίσαι,
874 2680 944 2758 ἦς
982 2674 1301 2757 ἐναχθείσης
1326 2685 1393 2751 ⁸⁸,
1442 2684 1664 2755 τεθῆναι
1711 2685 1811 2757 μὲν

217 2781 502 2835 ἐπιτάττει
542 2779 644 2852 τὴν
690 2777 911 2849 κλίνην·
959 2778 1121 2842 αὐτὸς
1179 2777 1237 2831 δὲ
1283 2778 1386 2831 ὑπὸ
1426 2780 1547 2841 ταῖς
1592 2777 1809 2831 πάντων

216 2870 431 2934 ἀκοαῖς,
458 2869 523 2921 Et
562 2866 820 2940 ἀληθείας
853 2866 1032 2939 κῆρυξ
1073 2865 1206 2936 ἐγὼ,
1237 2866 1363 2938 ἔφη,
1392 2866 1676 2939 ἐγερθήτω
1718 2868 1810 2935 ἐξ-

217 2961 395 3031 αυτῆς
422 2960 604 3033 ὑγιὴς,
646 2961 729 3024 εἰς
766 2959 866 3032 τὴν
904 2959 1015 3013 τῶν
1062 2958 1427 3032 παρεστώτων
1470 2959 1675 3024 πίστιν,
1724 2960 1812 3014 ἵνα

217 3054 423 3123 γνῶσιν
449 3055 531 3108 ὃτι
574 3049 656 3118 εἷς
682 3053 796 3108 ἐστι
834 3054 967 3117 Θεὸς
1010 3055 1040 3109 ὸ
1082 3054 1175 3108 τὸν
1218 3054 1420 3125 κόσμον
1458 3054 1710 3125 ποιήσας.
1752 3054 1810 3108 Ὀ

222 3144 325 3216 μὲν
353 3140 446 3198 οὗν
480 3142 655 3198 ταῦτα
682 3141 803 3198 εἶπε
822 3161 838 3176 ⁸
864 3144 960 3198 καὶ
1003 3146 1036 3216 ή
1064 3144 1201 3215 γυνὴ
1229 3143 1392 3208 εὐθὺς
1420 3144 1465 3176 ⁶¹
1494 3144 1654 3215 ὑγιὴς
1679 3144 1813 3199 ἀνα-

222 3236 397 3290 στᾶσα
420 3235 521 3306 τῆς
546 3234 753 3305 κλίνης,
786 3235 865 3307 τῷ
898 3234 1092 3308 Πέτρῳ
1135 3235 1508 3307 προσέπεσεν·
1557 3231 1675 3290 εἶτα
1714 3237 1809 3291 καὶ

217 3324 322 3396 τήν
361 3323 569 3396 συνήθη
595 3326 689 3379 καὶ⁵
714 3325 874 3396 φίλην
901 3324 1343 3397 καταφιλήσασα,
1385 3324 1714 3381 ἐπυνθάνετο
1753 3325 1807 3379 τί

224 3416 313 3487 εἴη
337 3414 518 3471 τοῦτο.
570 3416 637 3470 Ἦ
663 3417 721 3470 δέ
744 3416 864 3471 ὅλον
891 3417 1028 3489 αὐτῇ
1059 3416 1120 3471 τὸ
1163 3418 1397 3490 πρᾶγμα
1433 3416 1529 3472 τοῦ
1561 3420 1805 3489 ἀναγνω-

224 3504 421 3577 ρισμοῦ
449 3504 764 3576 διηγήσατο,
791 3507 887 3560 καὶ
922 3506 972 3559 οἱ
998 3505 1330 3571 ἀκούσαντες
1358 3507 1802 3580 κατεπλάγησαν.

221 3596 359 3650 Τότε
410 3597 444 3667 ή
495 3597 678 3669 μήτηρ
718 3598 821 3661 τὴν
864 3598 1137 3670 ξενοδόχον
1184 3598 1425 3654 ίαθεῖσαν
1488 3599 1807 3672 παραδόξως

226 3688 432 3755 ἰδοῦσα,
480 3691 777 3762 παρεκάλει
822 3691 917 3745 καὶ
970 3691 1109 3764 αὐτὴ
1164 3691 1459 3765 θεραπείας
1500 3695 1705 3763 τυχεῖν.
1748 3693 1806 3746 '0

222 3779 430 3851 Πέτρος
469 3778 528 3833 δὲ
567 3780 668 3853 τήν
711 3782 873 3851 χεῖρα
912 3780 1141 3845 ἐπιθεὶς,
1181 3782 1276 3836 καὶ
1299 3780 1469 3854 αὐτὴν
1506 3780 1808 3853 ἐθεράπευ-

226 3890 336 3927 σεν.

294 3984 457 4041 XCII.
496 3983 611 4041 Εἴθ’
639 3985 814 4051 οὕτως
863 3987 992 4060 περὶ
1029 3987 1311 4052 εὐσεϐείας
1351 3988 1672 4061 διαλεχθεὶς,
1712 3989 1807 4043 ἐπὶ

221 4079 301 4151 τῷ
328 4078 473 4132 τέλει
500 4078 556 4132 δὲ
578 4080 674 4133 καὶ
716 4079 990 4153 προσθείς⁸
1035 4081 1125 4146 Ὠς
1151 4080 1203 4134 ετ
1240 4096 1325 4145 τις
1359 4080 1605 4150 βούλεται
1633 4079 1807 4134 ταῦτα

227 4172 414 4244 μαθεῖν
464 4171 743 4243 ἀκριϐῶς,
793 4174 874 4236 είς
908 4172 1237 4244 Ἀντιόχειαν
1276 4173 1622 4243 ἀφικόμενος,
1668 4172 1805 4226 ὅπου

225 4262 445 4326 πλείους
472 4263 683 4334 ἡμέρας
707 4263 896 4336 ἔκρινα
920 4265 1257 4338 παραμένειν
1280 4264 1347 4331 ⁸⁸,
1376 4267 1494 4318 ἐκεῖ
1515 4263 1689 4319 ταῦτα
1712 4264 1807 4319 καὶ

229 4353 563 4425 μανθανέτω.
608 4357 673 4410 Εί
717 4355 825 4429 γὰρ
868 4356 1137 4429 ἐμπορίας
1183 4356 1370 4433 ἕνεκεν
1413 4356 1447 4428 ἢ
1496 4356 1801 4433 στρατείας,

1909 465 2186 537 navigium
2233 463 2412 518 duxit.
2439 462 2612 530 Quem
2650 479 2752 534 ego
2786 463 2979 519 videns
3019 479 3183 518 manu
3214 463 3480 518 deducere

1909 559 2214 625 mulierem,
2245 556 2341 612 risi
2370 575 2384 610 :
2412 565 2466 612 et
2489 557 2779 626 accedens,
2809 556 2865 611 in
2895 557 3160 611 honorem
3186 556 3353 621 illius,
3381 571 3481 626 pro

1884 651 2029 720 ipso
2053 664 2220 703 manu
2251 648 2452 703 ducere
2479 663 2602 703 eam
2629 647 2802 703 volui.
2834 646 2902 701 Et
2927 647 3091 702 simul
3122 655 3286 717 atque
3327 646 3480 716 tetigi

1910 756 2134 796 manum
2185 739 2396 810 ipsius,
2426 746 2645 810 imagno
2695 747 2958 808 tanquam
3024 748 3197 794 mater
3242 738 3483 795 clamore

1909 835 2096 900 edito,
2152 846 2346 902 meque
2406 831 2723 901 complexa,
2770 831 3121 886 vehementer
3175 844 3262 885 me
3308 830 3482 885 ﬁlium

1910 941 2072 981 suum
2098 924 2411 980 deosculata
2436 932 2539 978 est.
2570 923 2682 993 Ego
2710 931 2914 992 autem,
2945 922 3200 993 ignorans
3221 922 3481 992 quidnam

1911 1018 1990 1072 rei
2016 1024 2183 1081 esset,
2216 1026 2474 1085 tanquam
2504 1016 2867 1070 insanientem
2901 1016 3263 1085 repellebam;
3293 1014 3485 1069 simul-

1911 1123 2018 1179 que
2049 1109 2321 1164 reveritus
2344 1107 2584 1173 Petrutu,
2607 1109 2801 1176 plenus
2831 1124 2979 1163 eram
3006 1107 3389 1163 amaritudine.

1981 1217 2116 1274 XCI.
2161 1217 2299 1272 Tum
2323 1217 2551 1273 Petrus:
2584 1217 2733 1284 Shte,
2765 1218 2961 1288 inquit,
2989 1233 3022 1273 o
3045 1218 3318 1273 Clemens.
3340 1215 3482 1283 Quid

1910 1312 2057 1367 enim
2106 1312 2244 1381 agis,
2292 1311 2366 1371 ita
2414 1312 2682 1380 repellens
2730 1328 2848 1369 eam
2900 1327 3024 1381 quae
3070 1322 3123 1366 te
3154 1311 3393 1381 peperit?
3427 1308 3488 1364 Id

1913 1418 2039 1459 cum
2073 1418 2174 1474 ego
2219 1403 2518 1469 audissem,
2570 1404 2803 1458 multum
2852 1404 3183 1473 lacrymans,
3224 1410 3279 1456 et
3323 1401 3485 1456 matri

1913 1511 2035 1566 qua:
2062 1511 2122 1551 se
2168 1495 2438 1565 dejecerat
2477 1494 2748 1562 accidens,
2781 1496 3092 1549 osculabar.
3121 1492 3258 1548 Nam
3299 1493 3485 1553 statim

1913 1603 1978 1643 ac
2003 1588 2054 1642 id
2080 1588 2210 1641 mihi
2246 1589 2450 1643 dictum
2477 1586 2602 1652 fuit,
2631 1588 2970 1643 subobscure
2993 1587 3228 1642 formam
3257 1586 3488 1657 genitri-

1916 1678 1994 1733 cis
2039 1677 2367 1733 recolebam.
2409 1676 2604 1750 Magna
2665 1693 2795 1745 ergo
2862 1679 3148 1733 hominum
3196 1676 3489 1731 multitudo

1912 1771 2194 1825 concurrit
2217 1771 2284 1825 ad
2314 1770 2609 1825 videndum
2640 1770 3005 1837 miraculum;
3032 1768 3208 1840 iisque
3234 1768 3489 1824 omnibus

1912 1862 1967 1917 in
1994 1878 2088 1918 ore
2115 1870 2253 1930 erat,
2277 1878 2388 1933 quo
2417 1863 2581 1918 modo
2607 1863 2745 1917 adeo
2780 1862 3152 1918 memorabilis
3183 1862 3264 1916 vir
3289 1860 3488 1915 mulie-

1912 1970 2026 2010 rem
2056 1956 2363 2011 mendicam
2389 1970 2547 2011 suam
2577 1963 2809 2009 matrem
2848 1953 3279 2025 recognovisset.
3316 1951 3487 2017 Porro

1910 2046 2254 2115 cupientibus
2285 2046 2445 2101 nobis
2472 2061 2540 2102 ex
2572 2046 2750 2101 insula
2782 2061 2907 2101 cum
2939 2053 3114 2100 matre
3155 2044 3328 2111 exire,
3351 2042 3488 2109 dixit

1911 2146 2085 2193 mater
2120 2156 2133 2192 :
2167 2137 2271 2192 Fili
2313 2138 2389 2193 mi
2431 2138 2805 2209 optatissime,
2836 2153 3052 2208 aequum
3098 2144 3221 2204 est,
3261 2144 3320 2190 ut
3368 2135 3490 2195 vale

1910 2230 2089 2286 dicam
2116 2230 2329 2287 mulieri
2358 2246 2481 2302 quae
2501 2247 2587 2285 me
2628 2230 2887 2300 suscepit,
2917 2244 3148 2299 quaeque
3182 2242 3387 2298 pauper
3433 2240 3488 2282 ct

1910 2330 2028 2377 tota
2054 2323 2389 2394 paralytica,
2408 2323 2558 2379 domi
2595 2323 2763 2392 jacet.
2800 2322 2955 2387 Quod
2993 2321 3220 2374 audiens
3271 2318 3501 2393 Petrus,

1911 2429 2038 2469 cum
2062 2414 2415 2485 ingentiquaa
2449 2413 2636 2470 aderat
2666 2412 3034 2478 multitudine,
3064 2412 3369 2465 admiratus
3405 2418 3489 2464 est

1910 2507 2158 2565 mulieris
2180 2506 2561 2577 prudentiam;
2589 2505 2889 2575 statimque
2908 2504 3188 2558 nonnullis
3210 2501 3485 2572 praecepit,

1910 2608 1973 2656 ut
2004 2599 2169 2664 irent,
2204 2607 2260 2654 et
2282 2598 2568 2653 mulierem
2604 2597 2658 2651 in
2702 2596 2903 2653 lectulo
2937 2604 3239 2665 portarent.
3267 2592 3386 2671 Qua
3411 2591 3486 2644 il-

1910 2693 2051 2759 lata,
2109 2690 2278 2761 jussit
2317 2690 2539 2760 quidem
2567 2688 2695 2759 poni
2725 2688 2963 2754 lectum;
3005 2686 3123 2756 ipse
3163 2699 3293 2740 vero
3345 2698 3486 2737 cun-

1912 2785 2018 2840 ctis
2048 2782 2397 2838 audientibus
2424 2778 2551 2848 :,Si,
2601 2779 2802 2850 inquit,
2837 2776 3085 2833 veritatis
3121 2790 3240 2832 sum
3283 2788 3485 2854 praeco.

1912 2882 2103 2946 surgat
2130 2873 2395 2929 continuo
2425 2886 2593 2937 sana,
2616 2870 2685 2925 ad
2708 2869 2869 2925 ﬁdem
2911 2883 3104 2924 eorum
3139 2866 3234 2947 qui
3264 2874 3495 2933 _asl.ant,

1914 2975 1975 3021 ut
2012 2974 2353 3037 cognoscant
2380 2979 2551 3020 unum
2598 2976 2724 3017 esse
2770 2959 2941 3015 Deum
2980 2960 3231 3031 Opiﬁcem
3271 2957 3486 3023 mundi.

1913 3057 2093 3128 Atque
2122 3059 2238 3113 haec
2262 3056 2485 3128 quidem
2528 3055 2617 3111 ille
2645 3053 2806 3123 dixit,
2849 3051 3250 3133 confestimque
3290 3051 3488 3116 mulier

1911 3163 1978 3203 ex
2006 3150 2148 3204 lecto
2172 3149 2412 3205 surrexit
2439 3163 2595 3215 sana,
2619 3159 2674 3203 et
2718 3145 2959 3217 procidit
3001 3146 3068 3200 ad
3112 3145 3276 3215 pedes
3317 3143 3483 3210 Petri,

1910 3258 1975 3297 ac
2001 3250 2191 3312 postea
2219 3240 2546 3295 familiarem
2573 3248 2629 3295 et
2654 3238 2890 3294 amicam
2918 3237 3258 3303 deosculata,
3295 3237 3486 3292 scisci-

1909 3334 2126 3389 tabatur
2150 3334 2411 3404 quidnam
2440 3334 2543 3389 hoc
2570 3343 2736 3389 esset.
2762 3332 2860 3388 Illa
2887 3346 3018 3387 vero
3045 3339 3218 3385 totum
3248 3329 3298 3384 ei
3325 3345 3487 3400 nego-

1910 3426 2048 3480 tium
2097 3425 2487 3495 recognitionis
2512 3424 2798 3496 exposuit;
2842 3433 2898 3480 et
2930 3424 3115 3479 cuncti
3158 3424 3252 3493 qui
3292 3422 3485 3476 audie-

1909 3526 2039 3571 runt
2069 3514 2432 3587 obstupefacti
2458 3525 2606 3572 sunt.
2633 3515 2791 3571 Tunc
2819 3525 3017 3580 mater,
3054 3514 3324 3584 hospitem
3374 3512 3483 3566 mi.

1908 3609 2154 3664 rabiliter
2176 3618 2425 3665 sanatam
2450 3608 2949 3679 cernens,rogavit,
2981 3607 3097 3677 ipsa
3128 3620 3348 3676 quoque
3372 3620 3487 3659 tne—

1908 3703 2083 3758 delam
2117 3702 2407 3772 acciperet.
2436 3702 2627 3757 Petrus
2664 3710 2869 3767 autem,
2898 3716 3064 3756 manu
3086 3698 3367 3770 imposita,
3403 3698 3485 3768 ip-

1910 3809 2028 3850 sam
2053 3794 2219 3850 etiam
2243 3794 2484 3849 curavit.

1978 3975 2138 4032 XCII.
2178 3974 2246 4030 Et
2285 3983 2477 4045 postea
2525 3974 2595 4029 de
2645 3974 2845 4045 pietate
2893 3971 3174 4040 disseruit,
3220 3981 3385 4043 atque
3428 3971 3484 4026 in

1908 4072 2015 4127 ﬁne
2044 4069 2254 4125 addidit
2287 4086 2301 4122 :
2335 4066 2394 4122 Si
2421 4066 2546 4138 quis
2586 4068 2702 4122 haec
2732 4068 2846 4123 vult
2871 4066 3158 4136 diligenter
3186 4077 3490 4136 cognosce-

1908 4181 1987 4230 re,
2010 4162 2360 4218 Antiochiam
2386 4161 2593 4226 veniat,
2619 4160 2713 4215 ubi
2742 4160 3057 4230 complures
3101 4158 3223 4213 dies
3262 4171 3485 4213 manere

1909 4257 2099 4324 statui,
2128 4264 2185 4312 et
2216 4254 2290 4309 ibi
2313 4253 2491 4309 discat
2533 4268 2618 4309 ea.
2650 4250 2707 4307 Si
2730 4253 2874 4307 enim
2906 4250 3291 4322 negotiationis
3318 4264 3485 4305 causa

1911 4349 1993 4405 vel
2022 4348 2247 4415 militiaa,
2275 4346 2588 4419 relinquere
2612 4344 2810 4399 domos
2854 4333 3066 4410 Soletis,
3088 4353 3141 4398 et
3179 4342 3247 4397 ad
3288 4342 3483 4412 longos

224 4446 400 4514 οἰκίας
416 4445 465 4477 ⁸⁸
480 4446 912 4518 καταλιμπάνειν
936 4446 1132 4511 οἴδατε,
1163 4437 1260 4500 καῖ
1286 4448 1364 4510 είς
1384 4447 1630 4519 μακροὺς
1657 4447 1807 4500 ἀπεῖ-

1913 4443 2125 4498 labores
2152 4438 2563 4511 proﬁcisci,'an
2609 4452 2719 4492 non
2761 4447 2979 4492 aeternae
3021 4437 3145 4491 vitae
3176 4436 3370 4507 gratia,
3403 4434 3487 4488 vel

226 4556 315 4592 ναι
371 4539 569 4603 πόνους
592 4540 658 4603 ⁸⁸,
699 4538 924 4602 αίωνίας
962 4538 1019 4592 δὲ
1064 4538 1225 4611 χάριν
1266 4536 1434 4609 ζωῆς,
1485 4538 1604 4592 οὐδὲ
1644 4538 1811 4610 τριῶν

224 4632 446 4704 ήμερῶν
471 4632 587 4685 ὁδὸν
608 4631 849 4702 οἴχεσθαι
876 4628 1293 4703 προθυμήσεσθε
1319 4630 1385 4697 6";
1413 4628 1599 4693 Οὕτως
1621 4628 1807 4694 εἰπὼν,

224 4725 334 4778 τῶν
361 4724 536 4793 λόγων
569 4723 897 4777 κατέπαυσε.
926 4721 1083 4777 Μετά
1118 4721 1177 4775 δὲ
1219 4719 1392 4773 ταῦτα
1419 4720 1529 4790 ἐγὼ
1554 4722 1619 4792 τῇ
1651 4721 1808 4789 ὑγια-

228 4816 413 4888 σθείσῃ
442 4816 662 4885 γυναικὶ
685 4816 779 4869 ἐπὶ
802 4814 1005 4878 παντὸς
1038 4812 1133 4866 τοῦ
1164 4811 1320 4887 ὄχλου
1348 4813 1525 4884 χιλίας
1562 4810 1809 4884 δραχμὰς

226 4910 305 4971 εἰς
331 4910 537 4979 τροφὰς
563 4907 946 4978 δωρησάμενος
963 4946 978 4969 ,
1009 4902 1127 4959 εἶτα
1169 4905 1263 4958 καὶ
1304 4894 1684 4976 παραθέμενος
1711 4901 1809 4955 αὐ-

225 4999 325 5069 τὴν
349 4998 540 5068 ἀγαθῷ
565 4998 672 5050 τινὶ
704 4997 858 5068 ἀνδρῖ⁹
885 4995 1086 5068 πρώτῳ
1108 4992 1210 5066 τῆς
1238 4994 1446 5058 πόλεως
1482 4995 1617 5061 ὄντι,
1650 4994 1808 5063 φύσει

231 5089 367 5162 μετά
388 5090 562 5163 χαρᾶς
579 5090 737 5143 τοῦτο
753 5090 796 5121 ⁸⁷
822 5090 1082 5161 πράττειν
1109 5087 1480 5159 προῃρημένῳ
1498 5105 1513 5119 ·
1544 5086 1625 5140 ἔτι
1641 5088 1697 5141 δὲ
1716 5089 1811 5141 καὶ

228 5182 412 5246 ἄλλαις
461 5182 682 5246 πολλαῖς
726 5183 965 5254 ἀργύρια
1019 5181 1300 5253 διανείμας
1332 5184 1474 5246 ..ταῖς
1535 5198 1667 5234 ποτε
1710 5180 1810 5252 τὴν

232 5276 441 5349 μητέρα
463 5274 1029 5347 παραμυθησαμέναις
1043 5293 1056 5306 ·
1081 5274 1478 5347 εὐχαριστήσας
1500 5273 1579 5344 τῷ
1599 5270 1808 5344 Κυρίῳ,

1913 4535 2319 4602 ινὶυιηξάἰετυηι
2350 4534 2454 4597 iter
2476 4530 2699 4601 aggredi
2721 4530 2775 4585 in
2806 4530 3053 4583 animum
3083 4529 3384 4584 inducetis?
3407 4527 3485 4582 Ita

1910 4629 2163 4694 locutus,
2205 4626 2447 4683 sermoni
2498 4624 2661 4679 ﬁnem
2713 4621 2995 4694 imposuit.
3043 4620 3248 4676 Deinde
3302 4630 3484 4675 autem

1909 4729 2032 4784 ego,
2078 4726 2365 4785 postquam
2414 4710 2631 4767 mulieri
2655 4728 2780 4782 quae
2823 4720 3010 4766 curata
3058 4710 3253 4776 fuerat,
3300 4724 3483 4765 coram

1908 4807 2058 4861 omni
2081 4796 2301 4877 populo,
2330 4807 2479 4861 mille
2506 4806 2797 4862 drachmas
2825 4805 2892 4859 ad
2913 4804 3117 4859 victum
3139 4803 3296 4870 dedi;
3327 4803 3487 4859 insu-

1908 4914 2112 4970 perque
2152 4900 2297 4954 bono
2346 4898 2563 4954 cuidam
2604 4898 2744 4963 viro,
2777 4896 3019 4952 civitatis
3067 4896 3353 4966 primario,
3387 4895 3483 4966 qui

1908 4999 2101 5073 sponte
2143 4989 2195 5043 id
2240 5005 2367 5045 cum
2414 4988 2612 5059 gaudio
2650 4988 2830 5044 facere
2858 4990 3165 5059 pr0posuit,
3197 5003 3508 5081 commen-f

1907 5083 2031 5139 davi
2056 5098 2176 5138 eam
2206 5101 2221 5137 :
2248 5091 2302 5137 et
2328 5091 2590 5153 praeterea
2622 5082 2746 5137 aliis
2773 5082 2936 5138 etiam
2974 5081 3183 5147 multis,
3216 5099 3337 5153 quae
3367 5098 3484 5136 ma-

1910 5176 1975 5231 tri
2003 5175 2280 5247 quondam
2324 5174 2581 5231 solatium
2626 5174 2991 5246 praebuerant,
3039 5174 3325 5245 pecuniam
3367 5176 3481 5229 dis-

1909 5269 2075 5324 tribui
2108 5286 2121 5323 :
2156 5265 2349 5340 gratiis
2380 5264 2494 5323 Deo
2539 5266 2696 5333 actis,
2726 5264 3086 5330 Antaradum,
3114 5280 3240 5321 cum
3288 5277 3480 5331 matre,
3561 5310 3566 5317 .

1498 5437 1733 5495 VARIA‘I
1761 5434 2161 5492 LECTIONES.

311 5534 354 5565 ’τ
393 5533 476 5616 ει..
516 5534 682 5591 inser.
907 5539 953 5570 ⁸⁸
981 5541 1051 5594 al.
1093 5538 1225 5593 ἀλλά
1250 5541 1363 5593 καί.

234 5604 435 5638 “Amm
464 5622 516 5638 m
546 5607 592 5638 nl
693 5606 713 5637 6
778 5609 825 5638 nl
891 5612 1199 5638 --......'..-...
1301 5611 1347 5638 ει

258 5604 441 5659 ’deest
464 5605 517 5660 in
544 5607 615 5660 al.
693 5606 713 5637 ⁶

236 5673 436 5729 σῖσθαι.
515 5676 559 5708 ⁸⁷
600 5677 670 5732 al.
712 5678 904 5744 τούτῳ.

1460 5539 1504 5570 ⁸9
1523 5538 1569 5570 0'
1636 5535 1995 5570 ηεΛιεκφιτνη-ξρ·

777 5554 803 5588 ιο
907 5539 953 5570 ⁸⁸
981 5541 1051 5594 al.
1093 5538 1225 5593 ἀλλά
1250 5541 1363 5593 καί.
1460 5539 1504 5570 ⁸³
1522 5538 1594 5591 al.
1636 5538 2014 5607 περιεστῶτες.
2126 5538 2171 5563 ⁶⁰
2212 5538 2281 5586 al.
2324 5538 2526 5598 ἀγαθὸν
2560 5538 2831 5599 φρόνημα.
2952 5538 2993 5558 οι
3037 5538 3108 5580 at.
3150 5538 3229 5576 ενε

777 5609 844 5683 al.
890 5612 1222 5683 περιμένειν.
1301 5611 1357 5649 “»
1385 5609 1455 5664 al.
1499 5607 1794 5680 πατρίδας.
1865 5606 1909 5641 ⁸⁵
1950 5606 2018 5661 al.
2061 5605 2276 5666 τόπους.
2344 5602 2388 5680 Ῡθ
2417 5601 2486 5655 al.
2532 5596 3017 5671 προθυμηθήσεσθε
3044 5607 3099 5653 et
3124 5613 3229 5667 προ

2126 5534 2171 5563 ⁶⁰
2212 5533 2281 5586 al.
2324 5529 2526 5598 ἀγαθὸν
2560 5527 2831 5599 φρόνημα.
2952 5528 2993 5558 ⁶¹
3037 5528 3108 5580 al.
3150 5524 3479 5647 ἐνεχθείσης.

2126 5620 2275 5647 παυς-
2344 5602 2388 5635 σθ
2417 5601 2486 5647 al.
2532 5596 3017 5647 προθυμηθήσεσθε
3044 5607 3099 5647 et
3124 5613 3229 5647 ποο
3268 5592 3479 5647 uunﬁﬁ-

3268 5592 3485 5675 υμηθήτ
