3834 6220
162 331 266 386 537

970 333 1429 398 CLEMENTINA.
1465 369 1538 380 —-
1575 338 1874 398 EPITOME
1912 340 1999 397 DE
2034 343 2281 402 GESTIS
2317 343 2373 400 S.
2411 345 2637 402 PETRI.

3295 354 3398 413 558

156 445 520 518 ιλιημοσύνη,
553 443 613 500 τὸ
642 446 700 499 δὲ
727 447 914 520 ἀγάπη
936 451 1083 504 ἐστὶν
1108 454 1140 522 ἡ
1173 453 1307 525 πρὸς
1326 455 1420 508 τὸν
1463 455 1720 528 πλησίον·

1828 457 2086 514 munifice
2118 475 2178 515 se
2209 459 2369 531 gerit.
2405 459 2560 527 Quod
2606 468 2786 516 autem
2847 459 2922 515 ita
2969 459 3188 526 haheat,
3217 464 3395 517 mani-

157 538 389 609 πλησίον
411 538 470 591 δὲ
496 537 766 609 ἀνθρώπῳ
793 541 959 604 ἐστὶν,
989 543 1017 594 6
1047 545 1155 606 πᾶς
1201 545 1504 616 ἄνθρωπος,
1527 551 1624 622 οὐχ
1648 553 1728 607 ὅτι

155 629 241 697 εἷς
271 634 585 705 ἄνθρωπος·
616 633 898 702 ἄνθρωπος
939 633 1048 706 γάρ
1102 638 1214 691 ἐστι
1262 640 1352 691 καὶ
1383 642 1550 707 κακὸς
1575 645 1667 698 καὶ
1700 648 1730 700 6

152 725 384 794 ἀγαθὸς,
405 725 499 779 καὶ
525 725 718 798 ἐχθρὸς
737 730 832 783 καὶ
853 731 1021 801 φίλος.
1049 733 1166 804 Χρὴ
1189 727 1282 786 οὖν
1302 735 1395 789 τὸν
1430 735 1731 808 φιλανθρω-

152 819 290 870 πίαν
319 819 611 886 ἀσκοῦντα,
651 824 891 894 μιμητὴν
919 822 1056 877 εἶναι
1081 825 1237 889 Θεοῦ,
1276 828 1664 898 εὐεργετοῦντα
1681 831 1725 863 ⁷⁷

150 908 212 960 δὲ
239 908 484 974 δικαίους
513 928 575 964 τε
623 912 716 967 καὶ
761 913 999 979 ἀδίκους,
1027 916 1102 981 ὡς
1132 918 1294 983 αὐτὸς
1325 921 1354 972 6
1385 921 1519 986 Θεὸς
1562 924 1620 977 ὲν
1649 923 1729 996 τῷ

151 999 251 1053 νῦν
279 1000 472 1072 κόσμῳ
495 1002 587 1055 τόν
608 1020 667 1056 τε
692 1003 842 1075 ἥλιον
883 1007 980 1059 καὶ
1021 1009 1150 1072 τοὺς
1189 1010 1377 1075 ὐετοὺς
1401 1013 1566 1067 αὐτοῦ
1594 1016 1728 1069 πᾶσι

150 1090 416 1161 παρέχων
443 1093 511 1148 ⁷⁸.
549 1094 614 1147 Ei
661 1094 718 1148 δὲ
777 1095 950 1160 θέλεις
995 1099 1236 1168 ἀγαθοὺς
1266 1102 1366 1172 μὲν
1399 1105 1725 1176 εὐεργετεῖν,

149 1184 360 1247 κακοὺς
385 1183 442 1238 δὲ
475 1183 742 1252 κολάζειν,
770 1189 957 1259 κριτοῦ
1010 1190 1173 1263 ἔργον
1217 1193 1475 1266 πράττειν
1518 1197 1725 1269 ἐπιχει-

147 1276 288 1344 ρείς.

220 1537 571 1610 Χϐν.Κάγὼ
599 1540 763 1614 ἔφην·
779 1541 926 1615 Ἀρά
947 1561 1010 1614 γε
1036 1546 1130 1599 καὶ⁵
1154 1545 1182 1599 6
1208 1545 1339 1612 Θεὸς
1366 1547 1494 1602 πότε
1507 1548 1575 1582 ⁷⁸·
1600 1549 1725 1620 μέλ-

138 1629 256 1683 λων
301 1631 527 1702 κρίνειν,
584 1633 662 1697 ὡς
708 1633 978 1698 διδάσκεις
1025 1637 1194 1706 ἡμᾶς,
1239 1636 1301 1690 οὐ
1348 1636 1724 1709 φιλάνθρωπός

135 1726 264 1776 ἐστι
296 1723 444 1794 (10);
474 1725 583 1778 Καὶ
604 1726 632 1778 6
662 1726 894 1797 Πέτρος·
921 1727 1243 1782 Τούναντίον
1264 1727 1460 1798 λέγεις.
1505 1729 1721 1804 Ἐπειδὴ

133 1814 256 1886 γὰρ
279 1816 478 1886 κρίνει,
503 1796 880 1889 φιλάνθρωπός
921 1817 1066 1871 ἐστι·
1104 1819 1271 1889 φιλῶν
1298 1796 1407 1892 γάρ
1437 1822 1530 1875 καὶ
1557 1796 1722 1878 ἐλεῶν
1753 1796 1794 1852 Β

130 1907 275 1970 τοὺς
322 1908 708 1978 ἠδικημένους,
761 1912 1082 1980 τιμωρεῖται
1149 1912 1280 1976 τοὺς
1337 1911 1718 1984 ἀδικήσαντας.

133 1999 322 2069 Κάγὼ
341 1998 506 2070 ἐφην·
542 1999 771 2064 Οὐκοῦν,
797 2003 845 2054 εί
867 2000 1021 2070 κάγὼ
1042 2003 1282 2071 ἀγαθοὺς
1305 2003 1404 2075 μὲν
1427 2006 1719 2078 εὐεργετῶ,

129 2099 274 2160 τοὺς
303 2097 360 2150 δὲ
390 2096 713 2160 ἀδικοῦντας
741 2097 862 2150 καθ’
893 2097 923 2151 ὃ
964 2097 1285 2168 ἀνθρώπους
1325 2099 1594 2171 ἠδίκησαν
1640 2118 1722 2155 τι-

135 2189 467 2261 μωροῦμαι,
499 2187 878 2261 φιλάνθρωπός
896 2191 1028 2260 είμι.
1056 2191 1164 2244 Καὶ
1197 2191 1226 2243 6
1264 2191 1471 2264 Πέτρος
1495 2192 1722 2264 ἀπεκρί-

131 2299 276 2336 νατο
294 2299 308 2312 ·
341 2283 406 2338 Εί
432 2281 569 2353 μετά
596 2281 692 2335 τοῦ
723 2282 1030 2354 πρόγνωσιν
1059 2283 1221 2354 ἔχειν,
1247 2284 1427 2353 ὲφεῖτό
1455 2301 1534 2338 σοι
1566 2287 1660 2339 καὶ
1683 2287 1717 2356 ἡ

129 2373 236 2428 τοῦ
271 2375 477 2445 κρίνειν
505 2373 742 2443 ἐξουσία,
770 2374 944 2446 ὀρθῶς
964 2375 1029 2428 ἂν
1058 2375 1216 2428 τοῦτο
1239 2375 1461 2439 ἐποίεις·
1500 2376 1587 2430 διά
1618 2376 1718 2448 μὲν

131 2465 234 2519 τοῦ
275 2465 558 2538 εἰληφέναι
585 2467 684 2541 τὴν
721 2467 989 2533 ἐξουσίαν,
1023 2467 1400 2532 καταδικάζων
1422 2467 1516 2532 οὒς
1543 2469 1570 2521 6
1589 2468 1721 2533 Θεὸς

130 2559 576 2630 ἐδημιούργησε·
604 2558 692 2612 διά
717 2559 772 2613 δὲ
795 2560 896 2632 τὴν
921 2560 1223 2630 πρόγνωσιν
1259 2559 1370 2631 (ll)
1409 2560 1721 2625 ἀπταίστως

131 2651 195 2703 ὲν
227 2650 311 2722 τῷ
339 2651 569 2721 κρίνειν,
612 2649 706 2715 οὓς
750 2650 849 2722 μὲν
899 2650 976 2714 ὼς
1005 2651 1246 2714 δικαίους
1273 2651 1518 2715 δικαιῶν,
1545 2651 1639 2716 οὓς
1660 2653 1719 2708 δὲ

131 2745 214 2810 ὡς
246 2744 468 2808 ἀδίκους
499 2745 893 2810 καταδικάζων.
926 2744 1096 2814 Κάγὼ
1142 2744 1308 2816 ἔφην·
1348 2745 1553 2816 Ὀρθῶς
1583 2746 1721 2819 ἔφης

132 2839 238 2891 καὶ
269 2835 508 2907 ἀληθῶς·
538 2837 796 2890 ἀδύνατον
813 2837 921 2909 γάρ
945 2855 1064 2890 τινα
1091 2837 1396 2909 πρόγνωσιν
1413 2838 1514 2891 οὐκ
1530 2837 1720 2908 ἔχοντα

131 2930 356 3002 κρίνειν
383 2928 579 3002 ὀρθῶς.
627 2928 826 2983 Ἐνίοτε
852 2927 960 3000 γάρ
987 2928 1268 2998 φαίνονταί
1321 2946 1467 2990 τινες
1501 2929 1717 2998 ἀγαθοὶ,

132 3023 383 3094 ἀθέμιτα
438 3021 624 3094 κρύφα
684 3021 1166 3094 διαπραττόμενοι·
1216 3021 1348 3074 ἔνιοι
1392 3022 1450 3075 δὲ
1499 3021 1716 3092 ἀγαθοὶ,

1833 548 1974 604 festo
2028 551 2175 605 audi.
2225 551 2356 605 Mihi
2407 552 2611 619 cogita,
2654 551 3054 606 humanitatem
3086 568 3150 607 ex
3184 554 3396 609 duabus

1832 640 2079 709 partibus
2101 651 2354 697 constare
2376 659 2391 701 :
2417 657 2650 712 quarum
2683 656 2790 695 una
2822 641 3063 711 quidem,
3087 641 3398 696 misericor-

1834 734 1922 788 dia
1956 735 2060 800 sit;
2098 735 2269 789 altera
2319 750 2471 802 vero,
2499 735 2720 790 dilectio
2749 734 2803 788 in
2833 735 3142 806 proximum
3168 752 3181 789 :
3205 735 3397 805 proxi-

1831 843 1956 882 mus
1998 837 2177 883 autem
2226 827 2434 883 homini
2457 835 2561 895 est,
2593 827 2855 900 quilibet‘
2895 823 3059 883 l‘omo
3084 872 3100 897 ,
3185 828 3384 884 nedum

1830 935 1974 975 unus
2019 919 2221 988 homo;
2263 921 2424 974 homo
2456 919 2602 975 enim
2627 927 2731 985 est,
2761 918 2928 973 etiam
2975 919 3174 982 malus,
3213 927 3268 974 et
3293 919 3394 971 ho-

1828 1028 1955 1077 nus,
1988 1014 2162 1070 hostis
2205 1013 2409 1084 pariter
2457 1027 2523 1068 ac
2566 1011 2799 1066 amicus.
2838 1008 3062 1080 Oportet
3107 1025 3237 1083 ergo
3268 1026 3394 1065 eum

1827 1106 1923 1177 qui
1973 1104 2371 1160 humanitatem
2403 1102 2554 1168 colit,
2585 1101 2916 1156 imitatorem
2949 1099 3042 1154 Dei
3086 1115 3227 1164 esse,
3250 1108 3304 1154 et
3329 1101 3396 1156 de

1822 1197 1988 1269 justis
2034 1205 2198 1267 atque
2251 1194 2471 1265 injustis
2501 1193 2642 1248 bene
2671 1191 2870 1247 mereri
2901 1209 2916 1258 ;
2951 1191 3091 1247 sicut
3112 1191 3225 1261 ipse
3253 1190 3395 1245 Deus

1827 1289 1881 1344 in
1915 1289 2018 1344 hoc
2043 1288 2248 1342 mundo
2274 1287 2444 1342 solem
2492 1284 2803 1353 imbresque
2833 1297 2966 1337 suos
3010 1283 3223 1345 cunctis
3253 1298 3393 1352 pra:-

1826 1377 2001 1432 bet".
2038 1376 2193 1444 Quod
2231 1377 2277 1432 si
2317 1376 2401 1431 vis
2447 1372 2609 1429 bonis
2657 1371 2875 1442 quidem
2910 1370 3248 1436 benefacere,
3279 1386 3395 1424 ma-

1825 1468 1908 1524 los
1935 1483 2064 1523 vero
2094 1469 2310 1538 punire,
2333 1465 2532 1538 iudicis
2555 1479 2757 1518 munus
2785 1463 3009 1532 implere
3036 1460 3246 1517 niteris.

1901 1553 2064 1610 XCV.
2109 1554 2175 1609 Et
2195 1570 2295 1626 ego
2323 1553 2435 1610 dixi
2462 1569 2476 1608 :
2505 1551 2676 1624 Igitur
2701 1559 2755 1607 et
2784 1550 2948 1617 Deus,
2977 1551 3070 1620 qui
3103 1559 3215 1605 tum
3242 1549 3394 1620 judi-

1824 1654 2047 1700 caturus
2075 1653 2179 1712 est,
2209 1654 2270 1700 ut
2319 1659 2423 1700 nos
2453 1643 2639 1709 doces,
2667 1659 2774 1698 non
2833 1652 2918 1698 est
2971 1643 3286 1698 humanus?
3314 1645 3392 1697 Ac

1823 1738 2053 1794 Petrus:
2081 1737 2382 1810 Pugnantia
2407 1736 2664 1808 loqueris.
2698 1734 2833 1790 Nam
2860 1735 2989 1806 quia
3029 1733 3260 1803 judicat,
3288 1733 3394 1787 hu-

1825 1845 2022 1886 manus
2050 1837 2136 1885 est
2166 1847 2180 1884 :
2206 1828 2440 1899 diligens
2469 1828 2613 1883 enim
2639 1842 2703 1882 ac
2738 1828 3032 1883 miseratus
3077 1825 3276 1896 injuria
3306 1824 3387 1878 af-

1823 1923 2011 1991 fectos,
2038 1923 2296 1994 injuriam
2332 1922 2629 1978 inferentes
2657 1921 2862 1992 plectit.
2904 1919 2968 1974 Et
3012 1935 3135 1990 ego,
3180 1919 3388 1991 Itaque,

1823 2014 2070 2085 inquam,
2103 2016 2150 2070 si
2181 2015 2295 2086 ipse
2325 2013 2486 2068 bonis
2515 2012 2816 2078 benefacio,
2841 2022 2894 2067 et
2925 2012 3225 2081 injuriosos
3257 2012 3389 2082 quia

1823 2105 2007 2177 injurii
2052 2122 2182 2176 erga
2233 2107 2486 2162 homines
2545 2105 2767 2162 fuerunt
2814 2107 3044 2177 castigo,
3105 2107 3382 2161 humanus

1821 2214 1966 2255 sum.
2007 2196 2074 2253 Et
2110 2197 2302 2254 Petrus
2331 2197 2614 2266 respondit
2649 2216 2660 2251 :
2695 2196 2752 2252 Si
2787 2213 2894 2252 una
2931 2213 3054 2252 cum
3093 2198 3389 2270 praenotio-

1822 2303 1890 2342 ne
1917 2287 2308 2344 concederetur
2337 2288 2434 2343 tibi
2474 2296 2527 2342 et
2547 2287 2829 2358 judicandi
2860 2296 3122 2357 potestas,
3157 2297 3302 2343 recte
3334 2289 3388 2344 id

1821 2378 2188 2451 facereszper
2236 2388 2514 2450 acceptam
2561 2379 2779 2449 quidem
2837 2387 3158 2449 potestatem
3189 2420 3204 2446 ,
3257 2395 3391 2434 con-

1820 2473 2087 2527 demnans
2124 2485 2220 2526 eos
2258 2486 2395 2542 quos
2418 2469 2563 2526 Deus
2597 2469 2838 2535 creavit;
2867 2485 2963 2539 per
2993 2471 3388 2538 praenotionem

1818 2576 1952 2616 vero
1981 2561 2256 2632 inculpate
2305 2561 2359 2616 in
2414 2561 2730 2632 iudicando,
2756 2570 2870 2615 tum
2932 2561 3073 2616 alios
3129 2570 3387 2630 tanquam

1815 2653 1995 2725 justos
2023 2653 2332 2718 absolvens,
2363 2661 2478 2707 tum
2505 2652 2642 2707 alios
2669 2661 2928 2723 tanquam
2967 2652 3201 2723 injustos
3229 2653 3386 2707 dam-

1821 2761 1979 2799 nans.
2021 2743 2087 2798 Et
2112 2759 2212 2814 ego
2237 2743 2352 2797 dixi
2381 2758 2395 2795 :
2428 2741 2594 2798 Recte
2623 2742 2839 2798 locutus
2865 2757 2923 2797 es
2966 2757 3031 2796 ac
3060 2758 3185 2797 vere
3215 2760 3229 2798 :
3263 2743 3380 2796 fieri

1819 2835 1965 2891 cnim
1999 2836 2204 2905 nequit,
2234 2842 2296 2889 ut
2316 2834 2410 2904 qui
2436 2833 2776 2904 praenotione
2799 2840 2969 2896 caret,
2985 2831 3190 2902 iudicet
3219 2842 3386 2888 recte.

1820 2925 2093 2981 Interdum
2124 2926 2330 2996 quippe
2353 2924 2600 2980 nonnulli
2629 2923 2880 2978 videntur
2906 2923 3058 2990 boni,
3084 2923 3176 2994 qui
3203 2923 3386 2977 illicita

1819 3013 1960 3068 clam
1991 3021 2306 3082 perpetrant
2346 3012 2634 3068 :nonnulli
2666 3027 2795 3067 vero
2837 3012 2988 3079 boni,
3021 3011 3261 3067 hostium
3296 3029 3380 3068 ca-

134 3115 249 3169 ὐτυὺ
290 3114 548 3184 διαϐολῆς
587 3114 798 3187 ἐχθρῶν
823 3115 981 3168 κακοὶ
1014 3113 1536 3186 ὐπολαμὸανόμενοι.
1579 3115 1717 3169 Ἀλλ’

1825 3105 2031 3159 Iumnia
2075 3105 2206 3159 mali
2249 3119 2372 3161 esse
2420 3103 2738 3160 creduntur.
2784 3101 2889 3158 Sed
2928 3104 3056 3160 etsi
3085 3105 3209 3174 quis
3237 3113 3388 3174 pote-

131 3211 181 3262 εἰ
204 3207 305 3261 καί
329 3205 424 3260 τοῦ
453 3206 756 3277 βασανίζειν
777 3207 870 3260 καὶ
884 3206 1194 3277 ἀνακρίνειν
1214 3205 1458 3271 ἐξουσίαν
1479 3224 1563 3270 τις
1581 3206 1719 3278 ἔχων

130 3299 376 3363 δικάζει,
407 3298 526 3352 οὐδὲ
550 3298 721 3361 οὕτως
743 3297 852 3363 ἕξει
880 3298 1096 3361 πάντως
1119 3298 1180 3352 τὸ
1199 3299 1422 3363 δικαίως
1443 3299 1684 3365 δικάζειν
1700 3319 1713 3331 ·

130 3393 272 3446 ἔνιοι
325 3389 434 3461 γάρ
482 3392 662 3460 φονεῖς
711 3390 880 3453 ὄντες,
915 3387 1033 3443 εἶτα
1059 3389 1157 3453 τάς
1188 3389 1454 3460 βασάνους
1491 3393 1718 3462 ὑπενεγ-

129 3485 330 3547 κόντες
354 3523 369 3546 ,
412 3482 711 3552 ἀφείθησαν
746 3482 820 3543 ὡς
842 3480 1026 3536 ἀθῶοι·
1066 3481 1242 3552 ἕτεροι
1280 3482 1335 3534 δὲ
1364 3482 1525 3536 πάλιν
1549 3484 1716 3539 ἀθῶοι

130 3573 524 3644 τυγχάνοντες,
558 3571 659 3636 τάς
707 3571 976 3643 βασάνους
1030 3573 1127 3642 οὐχ
1169 3574 1578 3644 ὑπομείναντες,
1625 3577 1717 3630 καὶ

129 3667 225 3720 διὰ
257 3663 426 3736 ,ιςρῦτο
469 3663 944 3735 καταψευσάμενοι
970 3663 1200 3728 ἑαυτῶν,
1228 3664 1303 3729 ὼς
1331 3666 1492 3722 αἴτιοι
1529 3667 1718 3722 ἐκολά-

133 3760 370 3830 σθησαν.

203 3848 396 3906 Χςνι.
439 3850 548 3903 Καὶ
579 3849 607 3901 6
637 3847 866 3919 Πέτρος,
901 3848 1054 3917 Ἔχει
1104 3847 1338 3920 μετρίως
1386 3850 1480 3903 καὶ
1520 3849 1713 3914 ταῦτα,

130 3945 271 4016 ἔφη·
307 3944 372 3998 τὸ
410 3943 467 3997 δὲ
500 3943 686 4014 μεῖζον
710 3943 957 3997 ἄκουσον.
993 3941 1180 3995 Ἑνίων
1207 3940 1506 4012 ἀνθρώπων
1544 3945 1719 4015 ἀμαρ-

128 4035 412 4090 τανόντων
461 4035 495 4105 ἢ
542 4028 602 4088 εὖ
658 4032 1007 4104 πραττόντων
1029 4071 1044 4097 ,
1092 4032 1128 4087 ὃ.
1178 4033 1278 4104 μὲν
1331 4026 1406 4087 ῶν
1469 4034 1715 4091 ποιοῦσιν

131 4129 250 4185 ῐδιά
298 4129 449 4180 ἐστιν
488 4125 692 4190 αὐτῶν,
740 4125 777 4180 ἃ
830 4125 886 4179 δὲ
933 4126 1027 4180 καὶ
1065 4124 1347 4197 ἀλλότρια·
1399 4127 1608 4181 δίκαιον
1656 4128 1715 4183 δὲ

129 4226 374 4278 ἕκαστον
412 4221 504 4272 ἐπὶ
546 4222 661 4282 τοῖς
700 4219 854 4281 ἰδίοις
883 4217 1242 4289 ἁμαρτήμασι
1271 4220 1651 4290 τιμωρεῖσθαι,
1680 4220 1714 4292 ἢ

130 4316 233 4370 ἐπὶ
266 4316 380 4377 τοῖς
439 4311 860 4384 κατορθώμασιν
910 4310 1143 4381 ἀμοιϐῆς
1184 4310 1482 4377 ἀξιοῦσθαι·
1520 4311 1714 4366 ἀδύνα-

129 4428 227 4465 τον
254 4410 312 4465 δέ
332 4425 437 4460 τινι
461 4407 598 4480 πλὴν
618 4406 870 4476 προφήτῃ
897 4404 1042 4476 μόνῳ
1070 4403 1373 4475 πρόγνωσιν
1397 4404 1507 4474 (12)
1538 4405 1712 4475 ἔχοντι

1819 3206 1960 3255 state
1991 3198 2280 3268 torquendi
2332 3209 2386 3252 et
2429 3198 2786 3268 quaestionem
2835 3197 3070 3252 habendi
3127 3195 3388 3266 praeditus

1814 3289 2040 3359 jndicet,
2077 3303 2256 3358 neque
2297 3289 2380 3343 sic
2406 3289 2606 3358 poterit
2633 3288 2857 3341 omnino
2899 3287 3048 3357 juste
3094 3286 3382 3356 judicare:

1818 3381 2041 3450 quidam
2071 3380 2242 3444 enim,
2277 3395 2402 3435 cum
2444 3378 2736 3434 homicidae
2765 3387 2967 3444 essent,
3009 3388 3193 3446 postea
3233 3395 3385 3448 quaa-

1818 3471 2015 3526 stionis
2061 3479 2332 3525 tormenta
2388 3470 2745 3536 sustinentes,
2789 3471 3004 3524 dimissi
3053 3480 3202 3536 sunt,
3240 3471 3388 3525 velut

1818 3559 2057 3627 innoxii;
2088 3569 2143 3615 et
2181 3560 2272 3614 alii
2323 3576 2538 3625 rursus,
2563 3561 2658 3629 qui
2693 3560 3011 3615 innocentes
3051 3569 3228 3626 erant,
3259 3577 3384 3616 cum

1818 3659 2088 3706 tormenta
2122 3650 2265 3706 ferre
2310 3666 2420 3705 non
2462 3652 2792 3721 potuissent,
2833 3651 3062 3721 ideoque
3094 3665 3281 3706 contra
3327 3668 3387 3708 se

1817 3745 2028 3799 mentiti
2053 3744 2309 3810 fuissent,
2342 3753 2600 3814 tanquam
2628 3743 2704 3798 rei
2736 3744 2909 3798 affecti
2938 3754 3067 3798 sunt
3096 3745 3384 3814 supplicio.

1888 3853 2076 3910 XCVI.
2119 3853 2257 3908 Tum
2287 3853 2484 3910 Petrus
2511 3873 2524 3908 :
2548 3855 2725 3924 Atque
2755 3855 2890 3920 hate,
2925 3855 3122 3927 inquit,
3171 3856 3385 3912 modica

1822 3956 1988 4014 sunt;
2025 3947 2152 4002 audi
2203 3961 2333 4001 vero
2381 3947 2563 4017 majus
2605 3947 2906 4018 quidpiam.
2938 3948 3166 4015 Quando
3216 3949 3385 4018 aliqui

1818 4041 2072 4095 homines
2117 4051 2366 4109 peccant,
2425 4039 2510 4094 vel
2565 4039 2704 4094 bene
2764 4048 2970 4109 agunt;
3024 4056 3216 4096 eorum
3264 4057 3386 4111 qua:

1817 4142 2137 4204 operantur,
2183 4134 2291 4186 alia
2344 4133 2588 4203 ipsorum
2641 4132 2859 4201 pr0pria
2904 4142 3054 4201 sunt,
3086 4135 3190 4188 alia
3219 4136 3381 4190 etiam

1815 4225 1992 4281 aliena
2021 4243 2033 4280 :
2059 4240 2274 4295 aequum
2300 4240 2432 4279 vero
2462 4232 2546 4278 est
2577 4239 3024 4295 unumquemque
3051 4242 3151 4296 pro
3173 4227 3384 4283 delictis

1816 4317 2055 4386 propriis
2097 4316 2229 4370 dare
2276 4331 2488 4387 poenas,
2527 4324 2621 4370 aut
2655 4331 2753 4385 pro
2798 4325 2945 4371 recte
2974 4317 3133 4374 factis
3161 4322 3384 4388 praemio

1817 4407 2031 4463 donari.
2057 4405 2202 4462 Fieri
2239 4417 2422 4462 autem
2459 4423 2569 4462 non
2617 4417 2817 4477 potest,
2848 4421 2907 4464 ut
2938 4412 3232 4481 quispiam,
3278 4414 3380 4467 nisi

134 4502 246 4556 ὑπό
271 4517 421 4563 τινος
464 4497 730 4568 γενόμενα
776 4495 973 4549 εἰδέναι
1024 4497 1230 4566 σαφῶς,
1258 4499 1384 4548 ποῖα
1421 4499 1517 4567 μὲν
1548 4496 1710 4552 αὐτοῦ

1825 4501 1967 4555 solus
2019 4499 2420 4573 prepheta,qui
2462 4499 2855 4570 prmnotionem
2892 4502 3074 4572 habet,
3102 4503 3170 4558 ab
3198 4504 3382 4574 aliquo

1405 4608 1638 4667 VARIIE
1678 4609 2080 4668 LECTIONES.

205 4714 250 4743 '”
265 4712 420 4766 deest
452 4709 504 4763 in
521 4708 591 4762 al.
654 4707 699 4739 ⁷⁸
713 4705 783 4761 al.
823 4704 1070 4779 παρέχει.
1141 4706 1209 4737 ⁷⁸⁶
1226 4704 1416 4777 8ἰο.ΙΙ·“.
1439 4707 1539 4777 leg.
1561 4707 1840 4774 me,Lat.
1856 4726 1987 4767 vero
2009 4713 2296 4783 aliquando
2313 4713 2432 4769 loco
2447 4723 2578 4768 tum.
2600 4713 2697 4769 Eo.
2717 4709 2888 4766 Pun.
2956 4711 3000 4742 τ’
3016 4707 3206 4764 Matth.
3223 4725 3276 4775 v,
3291 4711 3380 4765 45.

1443 4826 1806 4887 VARIORUM
1841 4829 2068 4889 NOTAE.

1443 4828 1531 4882 VA
1587 4828 1806 4885 IORUM
1841 4829 1978 4885 NOT
2055 4871 2068 4889 .

203 4929 336 5008 (l0)_
365 4927 458 5008 Οὺ.
478 4923 894 4995 φιλάνθρωπός
919 4923 1073 5008 ἐστιἒ
1103 4921 1296 4976 Melius
1321 4828 1586 5008 vertisse}:
1604 4938 1707 5008 no-
1745 4925 1780 4981 ὁ
1813 4940 1967 5007 cesse
1980 4831 2199 4992 Ehabet,
2253 4927 2379 5008 sed__
2406 4935 2616 5008 tantum
2667 4925 2809 5008 scire
2843 4920 3380 5008 praeteritaglneque

131 4991 244 5056 ste}
275 4991 588 5052 {hominum
621 4991 829 5060 anians,
854 5009 1018 5064 quam
1054 4991 1334 5064 humanus,
1377 4993 1704 5064 ambiguita-

128 5072 202 5125 tis
224 5067 462 5123 vitanda:
493 5081 680 5120 causa.
710 5064 812 5119 Sed
863 5062 1067 5132 ubique
1110 5062 1274 5116 verba
1302 5062 1488 5117 lectori
1530 5063 1705 5132 adnu-

129 5149 334 5199 merat,
367 5151 473 5191 non
519 5135 796 5204 appendit.
825 5132 922 5188 Vir
943 5131 1159 5204 doctus,
1195 5132 1290 5202 qui
1313 5147 1381 5187 ex
1409 5147 1505 5204 ore
1534 5131 1698 5204 Henr.

141 5209 345 5263 Valesii
372 5202 913 5274 excepi—[versionem
948 5202 1342 5258 Historicornm
1368 5202 1702 5274 ecclesiasti-

131 5295 350 5342 corum,
384 5271 844 5330 animadverterat
890 5275 1066 5328 virum
1108 5288 1383 5328 summum
1425 5271 1699 5342 interdum

130 5341 369 5404 nimium
407 5362 437 5399 a
475 5345 656 5398 verbis
694 5344 1006 5407 abscedere,
1037 5343 1131 5398 sed
1182 5343 1298 5411 ipse
1326 5341 1489 5396 nimis
1519 5342 1700 5394 adhin-

132 5434 262 5474 rens
291 5425 556 5487 perpetuo
593 5413 933 5538 βαὲϐαρίζει,
964 5428 1063 5468 nec
1093 5427 1305 5493 semper
1343 5411 1572 5491 feliciter
1599 5427 1698 5480 po-

132 5498 384 5538 testatem
431 5500 626 5538 vocum
702 5499 966 5538 mearum
995 5483 1270 5538 exprimit.
1302 5479 1419 5535 Hoc
1447 5482 1621 5535 obiter
1643 5489 1698 5534 et

129 5498 384 5543 testatem
431 5500 626 5539 vocum

1806 5145 1890 5190 est
1938 5137 2042 5208 hoc
2068 5133 2222 5193 'loco
2254 5133 2363 5190 τῶν
2383 5133 2656 5208 ’πρότερον
2674 5133 2986 5208 ’γεγονότων

1809 4996 1952 5068 enim
1996 5012 2187 5068 pmnas
2217 4997 2388 5068 sumit
2431 4998 2498 5052 de
2538 4997 2738 5051 futuris
2767 4991 3008 5068 ﬂagitiis,
3037 4993 3140 5068 sed
3156 4991 3223 5045 de
3253 5006 3362 5059 pra:

1809 5061 2210 5148 teritisflgitur
2261 5067 2591 5148 πρόγνωσις,
2638 5067 2781 5135 apud
2841 5061 2988 5148 hunc
3037 5061 3376 5148 scriptorem,
3445 5106 3450 5109 _

3024 5142 3245 5200 γνῶσις,
3282 5145 3376 5183 seu

1808 5206 2049 5274 cognitio
2073 5222 2263 5261 eorum
2290 5223 2412 5275 quae
2436 5200 2589 5275 prius
2619 5200 2916 5260 fac'ta'sunt
2941 5202 3222 5275 ab_i_is,_de
3249 5200 3375 5268 qui-

1808 5271 1910 5329 bus
1935 5277 2199 5330 sententia
2232 5271 2538 5330 fer-turfAn
2568 5292 2696 5330 vero
2719 5288 2949 5344 usquam
2973 5272 3100 5325 alibi
3133 5271 3246 5344 hinc
3272 5285 3373 5323 vox

1808 5344 1910 5398 hoc
1935 5346 2244 5416 significatu
2269 5355 2546 5416 occurrat,
2573 5345 2746 5399 fateor
2775 5343 2861 5416 me
2888 5344 3155 5416 ignorare.
3188 5343 3264 5416 In:

1875 5409 2386 5497 (12)”Πρόγνῳσιν.
2423 5409 2765 5497 ψοιιυοίιυθ
2795 5409 3071 5497 haclvoce
3097 5409 3372 5497 significa-

702 5479 966 5564 rmearum
995 5479 1270 5564 exprimit.
1302 5479 1419 5564 Hoc
1447 5479 1621 5564 obiter
1643 5489 1698 5534 et
1803 5479 1892 5564 tur
1914 5479 2022 5539 τῶν
2039 5479 2345 5564 γενομένων
2361 5479 2580 5554 γνῶσις,
2608 5479 2984 5564 ut'sequentia
3000 5481 3166 5535 verba
3190 5488 3374 5564 osten—

129 5558 324 5638 semel,
343 5555 488 5638 quod
516 5554 824 5610 sexcenties
851 5553 960 5609 dici
990 5548 1187 5622 potuit,
1210 5552 1299 5606 hic
1323 5551 1693 5606 adnotandum
1800 5556 1968 5638 dunt_;
2006 5548 2182 5636 neque
2216 5548 2384 5636 enim'
2416 5570 2539 5638 cum
2569 5548 2911 5634 pueris—ioue
2931 5631 2943 5638 Δ
2961 5550 3269 5638 futurorum
3297 5548 3369 5638 .in

131 5628 344 5682 censui.
360 5625 550 5680 'Cuzn.

1806 5618 2400 5694 prophetis-conjuncta
2422 5623 2527 5678 fuit
2547 5618 2787 5695 cognitio
2818 5621 3210 5695 praeteritorum
3233 5635 3248 5686 ;
3296 5618 3368 5671 ita

202 5697 316 5766 (Η)
355 5696 474 5762 Τὴν
500 5696 859 5764 πρόγνωσιν.
892 5691 991 5748 Hic
1013 5709 1116 5747 VOX
1149 5691 1450 5766 πρῷγνωσις
1475 5701 1588 5766 non
1617 5699 1700 5744 est
1804 5691 1864 5750 ut
1903 5691 2168 5766 posterior
2193 5691 2229 5751 ὁ
2262 5696 2443 5766 priore
2473 5691 2814 5766 sequeretur.
2842 5694 3008 5748 (item.

133 5762 390 5830 mnam
409 5762 632 5839 ,‘judex'
658 5766 802 5822 etaim
831 5780 1106 5836 praenosse
1132 5764 1328 5830 delicta
1357 5762 1577 5819 minime
1605 5777 1696 5818 uc-
