3834 6220
459 338 563 394 539
1292 333 1352 391 S.
1391 330 1782 389 CLEMENTIS
1820 330 1842 385 Ι
1878 328 2044 387 ROM.
2086 326 2288 384 PONT.
2331 325 2566 382 OPERA
2602 320 2833 382 DUBIA.
3621 312 3741 367 5-ιο

454 458 605 519 gesta
659 458 811 505 certo
859 447 1031 515 sciat;
1085 464 1338 520 quaenam
1386 448 1605 519 quidem
1647 447 1768 517 ejus
1804 461 1968 516 propr

2230 458 2272 494 ιν
2299 440 2427 503 ἴδια,
2452 441 2578 492 ποῖα
2601 438 2659 492 δὲ
2686 438 2787 491 οὐκ
2815 436 2949 490 εστι.
2972 436 3144 506 Κάγὼ
3164 433 3327 506 ἔφην’
3369 429 3744 499 Ἐϐουλόμην

457 543 588 608 sint,
616 557 872 613 quaenam
920 558 1050 598 vero
1092 558 1202 598 non
1235 542 1364 598 sint.
1418 540 1485 595 Et
1512 557 1634 611 ego,
1678 539 1902 607 Vellem,
1940 539 1971 592 il

2226 533 2319 585 leiv
2350 530 2466 595 πῶς
2492 531 2601 584 τῶν
2637 530 2985 602 ἀδικημάτων
3020 531 3086 595 ⁸⁸,
3115 530 3186 583 τὰ
3227 528 3330 600 μὲν
3382 525 3529 586 [δια.
3564 524 3644 577 τὰ
3678 524 3740 575 δε

456 652 645 707 quam,
682 636 894 703 audire,
946 651 1058 705 quo
1115 634 1276 689 modo
1308 649 1371 688 ex
1398 633 1721 688 criminibus
1756 631 1860 684 alia
1898 646 1967 700 qu

2226 626 2399 696 ότρια.
2431 624 2592 677 Καὶό
2622 623 2827 695 Πέτρος
2872 641 2961 695 μοι
3006 622 3374 694 ἀπεκρίνατο·
3410 620 3473 673 '0
3509 617 3740 689 Κύριος

455 729 578 784 dem
620 728 729 783 sint
757 728 996 797 propria,
1030 726 1136 781 alia
1166 742 1296 781 vero
1326 726 1524 781 aliena.
1574 723 1641 779 Et
1668 723 1861 778 Petrus
1890 722 1962 777 mi

2228 717 2285 771 ὒν
2348 715 2557 799 Ἰησρῦς
2622 716 2856 788 Χριστὸς
2896 718 2926 769 ὁ
2975 716 3101 780 Υίδς
3147 714 3244 771 τοῦ
3272 713 3411 769 Θεοῦ
3448 713 3597 783 ἔφη’
3658 712 3742 764 Τὰ

456 820 736 890 respondit
768 836 780 871 :
818 818 1084 872 Dominus
1134 826 1321 873 noster
1364 815 1525 872 Iesus
1572 816 1826 871 Christus
1854 813 1970 869 Fllll

2228 810 2316 865 ιθὰ
2343 809 2542 864 ἐλθεῖν
2570 808 2678 864 δεῖ.
2707 808 3008 878 Μακάριος
3046 809 3135 872 δὲ,
3165 810 3318 879 φησὶ,
3347 808 3430 862 δι’
3450 806 3531 861 οὗ
3553 806 3742 874 ἔρχε-

458 910 551 966 Dei
587 910 767 964 dixit:
806 906 1021 977 Oportet
1061 917 1120 961 ut
1148 908 1357 962 veniant
1400 906 1554 960 bona.
1585 905 1782 959 Beatus
1827 913 1972 959 autem

2234 905 2365 976 (15).
2384 905 2626 974 Ὀμοιως
2650 902 2880 972 ἀνάγκη
2914 902 3011 956 καὶ
3038 902 3109 956 τὰ
3135 902 3287 955 κακὰ
3310 898 3525 955 ἐλθεῖν
3543 916 3563 931 ⁶
3590 897 3742 952 οὐαί

456 1003 656 1072 inquit,
696 1018 789 1071 per
835 1017 989 1072 quem
1040 1002 1274 1054 veniunt.
1321 998 1584 1053 Similiter
1619 1013 1820 1052 necesse
1844 1006 1970 1059 est,

2227 996 2296 1050 δι’
2316 995 2385 1049 οὗ
2417 996 2669 1064 ἔρχεται.
2692 994 2755 1047 Ei
2785 993 2843 1047 δὲ
2870 993 2957 1046 διὰ
2984 991 3168 1045 κακῶν
3205 991 3426 1062 ἔρχεται
3456 989 3533 1043 τὰ
3552 988 3741 1049 κακὰ,

453 1095 617 1151 etiam
661 1094 873 1150 veniant
930 1096 1218 1146 mutuum:
1271 1100 1449 1145 autem
1496 1088 1579 1143 illi
1611 1105 1705 1159 per
1747 1104 1899 1160 quem
1944 1104 1967 1141 υ

2238 1089 2325 1143 διὰ
2339 1089 2558 1158 ἀγαθῶν
2572 1086 2750 1156 ἀγαθὰ
2762 1087 3009 1157 φέρεται,
3023 1088 3297 1157 προσεῖναι
3313 1084 3393 1136 δεῖ
3410 1082 3653 1151 ἑκάστῳ
3668 1082 3742 1141 ⁸³,

455 1185 693 1238 nium".
725 1183 897 1239 Porro
929 1185 975 1239 si
1027 1200 1123 1253 per
1173 1183 1350 1238 malos
1379 1183 1605 1237 veniunt
1656 1181 1821 1247 mala,
1853 1191 1906 1235 et
1933 1195 1968 1249 p

2232 1202 2237 1232 ι
2270 1180 2475 1249 ἀγαθὸν
2515 1177 2769 1252 ἔπραξεν,
2796 1179 2904 1231 εἴτε
2935 1176 3154 1247 φαῦλον,
3193 1178 3280 1230 ἴνα
3309 1176 3407 1229 καὶ
3452 1175 3518 1227 τὺ
3574 1176 3746 1244 εἰρη-

455 1276 629 1330 bonos
673 1275 812 1329 bona
853 1276 1193 1341 inferuntur;
1227 1275 1407 1329 inesse
1450 1273 1745 1344 unicuique
1791 1282 1969 1344 nporlt

2232 1291 2291 1327 ον
2320 1273 2424 1327 ὑπὸ
2476 1271 2571 1325 τοῦ
2620 1272 2969 1341 Πνεύματοςο
3003 1272 3108 1335 Ὃς
3145 1268 3447 1323 ἀποδώσει
3475 1267 3746 1328 ἑκάστῳ

456 1367 570 1422 sive
604 1367 806 1421 bonum
845 1368 959 1423 sive
984 1369 1186 1422 malum
1213 1366 1468 1435 gesserit,
1500 1374 1562 1421 ut
1589 1374 1645 1421 et
1672 1367 1817 1437 quod
1847 1382 1877 1420 a
1899 1366 1970 1436 Sp

2235 1367 2279 1421 ’ὰ
2306 1366 2377 1419 τὰ
2412 1365 2557 1435 ἔργα
2606 1364 2812 1429 αὑτοῦ,
2842 1363 3038 1433 ἀληθὲς
3128 1361 3343 1425 πάντως
3393 1362 3497 1414 καὶ
3546 1361 3749 1428 ἀναμ-

457 1460 565 1513 ritu
614 1460 816 1514 dictum
866 1459 1003 1514 fuit:
1034 1460 1141 1525 Qui
1192 1459 1372 1514 reddet
1414 1458 1695 1529 unicuique
1742 1458 1971 1511 secunda

2229 1474 2367 1526 ογον.
2403 1456 2552 1534 Πλέῂν
2576 1454 2709 1509 ἀλλὰ
2739 1454 2831 1508 τὸν
2862 1454 3063 1525 ἀρετῆς
3087 1454 3220 1517 ὅλως
3241 1451 3743 1521 ἀντιποιούμενον,

456 1563 614 1616 opera
643 1547 757 1616 ejus
781 1548 827 1579 ⁸³
848 1591 861 1615 ,
886 1564 1073 1602 verum
1101 1549 1172 1603 sit
1193 1564 1420 1619 prorsus
1446 1564 1510 1603 ac
1528 1548 1832 1603 indubium.
1858 1548 1904 1582 ⁸⁸
1923 1547 1970 1602 Si

2232 1549 2419 1603 ιὲστὶν
2448 1548 2525 1611 ὡς
2563 1551 2591 1603 ὁ
2619 1547 2856 1619 Χριστὸς
2893 1548 3103 1617 εἴρηκε,
3157 1547 3251 1599 καὶ
3303 1547 3437 1608 τοὺς
3485 1545 3746 1615 ἐχθροὺς

456 1647 640 1692 tamen
676 1639 769 1707 qui
800 1639 1054 1693 virtutem
1086 1641 1312 1695 omnino
1358 1641 1594 1704 allectat,
1625 1641 1805 1706 debet,
1838 1656 1970 1710 quem

2227 1642 2367 1713 ιπᾷνο
2406 1640 2484 1694 ἐτι
2516 1641 2621 1711 μὴν
2647 1640 2740 1693 καὶ
2772 1640 2911 1711 ὑπὲρ
2940 1638 3119 1693 αὐτῶν
3155 1636 3434 1707 εὔχεσθαι,
3473 1637 3573 1694 καὶ
3598 1637 3741 1699 τοὺς

460 1732 755 1783 admodum
783 1730 920 1784 dixit
940 1731 1214 1797 Christus,
1242 1734 1497 1789 inimicos
1521 1748 1741 1804 quoque
1768 1733 1974 1803 diligen

2228 1732 2499 1803 ῑορΟὖντας
2522 1733 2782 1800 εὐλογεῖν,
2812 1731 2908 1784 καὶ
2936 1733 3048 1794 τοῖς
3082 1730 3469 1801 ὲπηρεάξουσι,
3502 1746 3742 1799 συγχω-

461 1830 517 1873 et
545 1830 803 1888 praeterea
829 1837 929 1890 pro
965 1823 1072 1877 illis
1099 1839 1279 1889 orare,
1310 1833 1367 1878 et
1396 1824 1835 1879 conviciantibus
1866 1824 1975 1879 bent

2220 1842 2267 1879 ν.
2306 1824 2463 1880 Οὕτω
2504 1825 2613 1897 γὰρ
2636 1823 2870 1895 ἀκριϐὴς
2912 1822 3064 1876 ἔσται
3101 1822 3271 1891 φύλαξ
3300 1821 3413 1873 τῶν
3460 1821 3734 1883 ἐντολῶν,

457 1912 659 1979 dicere,
690 1921 744 1968 et
788 1916 1251 1974 calumniantibus
1305 1919 1621 1974 condonare
1640 1919 1709 1974 ⁸⁸.
1742 1918 1836 1975 Sic
1879 1919 1967 1974 eui

2221 1937 2228 1971 ι
2273 1916 2344 1970 τὰ
2394 1918 2765 1989 ἁμαρτήματα
2798 1916 2976 1969 πάντα
3016 1916 3103 1969 διὰ
3129 1915 3231 1985 τῆς
3260 1917 3341 1978 είς
3366 1913 3463 1966 τὸν
3492 1914 3735 1985 πλησίον

456 2008 688 2077 diligens
740 2011 843 2064 erit
904 2012 1289 2067 mandatorum
1362 2023 1595 2081 custos;
1638 2024 1803 2083 atque
1868 2028 1970 2068 ven

1676 2024 1803 2083 tque
1868 2013 2028 2069 venia
2136 2008 2357 2081 ἀγάπης
2390 2008 2785 2081 συγχωρηθεὶς,
2816 2008 3190 2062 ἀπελεύσεται.

455 2102 701 2155 omnium
752 2113 1097 2172 peccatorum
1148 2107 1219 2161 ob
1283 2107 1607 2165 charitatem
1662 2124 1794 2179 erga
1840 2108 2029 2181 proxi-

459 2206 605 2244 mum
646 2202 889 2261 accepta,
920 2210 950 2248 e
972 2195 1080 2250 vita
1110 2196 1374 2254 discedet.

529 2282 738 2340 XCVI].
780 2284 938 2341 "His
968 2302 1067 2359 ego
1094 2290 1294 2347 auditis
1321 2311 1335 2346 :
1369 2292 1559 2361 Multa,
1588 2296 2029 2367 inquam,facere

2214 2284 2412 2340 XCVII.
2438 2285 2653 2339 Τούτων
2673 2285 2912 2351 ἀκούσας
2933 2287 3114 2352 αὐτὸς,
3147 2286 3325 2339 Πολλὰ
3343 2286 3390 2319 ’τ
3414 2287 3524 2358 μὲν
3552 2288 3728 2358 πράτ-

455 2393 784 2447 possumus:
812 2392 866 2436 at
891 2383 1131 2439 inimicis
1151 2383 1491 2453 benefacere,
1509 2403 1699 2443 omnes
1722 2405 1912 2446 eorum
1940 2394 1969 2447 ii

2211 2395 2246 2429 .v
2265 2378 2311 2410 ⁸⁸
2344 2378 2581 2443 δυνατὸν,
2602 2378 2758 2450 ἔφην·
2786 2378 3015 2451 ἐχθροὺς
3049 2378 3106 2433 δὲ
3143 2380 3484 2450 εὐεργετεῖν,
3546 2382 3725 2433 πᾶσαν

450 2473 626 2542 jurias
662 2476 982 2543 tolerando,
1033 2486 1093 2531 ut
1137 2478 1269 2532 insit
1308 2478 1362 2531 in
1406 2479 1648 2535 humana
1675 2491 1891 2549 natura,
1924 2484 1963 2538 ir

2212 2470 2310 2525 τῶν
2350 2472 2689 2543 ὑποφέροντα
2718 2472 2819 2541 τὴν
2850 2472 3143 2542 ἐπήρειαν,
3175 2472 3276 2524 οὐκ
3304 2466 3467 2542 οἶμαι
3498 2472 3726 2524 δυνατὸν

455 2566 719 2634 possibile
745 2578 897 2636 puto.
935 2568 1071 2622 Tum
1108 2567 1303 2625 Petrus
1329 2572 1646 2640 respondit:
1680 2570 1847 2629 Recte
1870 2575 1969 2629 loci

2212 2563 2445 2636 θρωπείᾳ
2484 2567 2765 2636 προσεῖναι
2810 2563 2988 2634 φύσει.
3039 2565 3149 2617 Καὶ
3186 2562 3215 2613 ὀ
3249 2563 3481 2634 Πέτρος,
3522 2564 3726 2636 Ὀρθῶς

456 2662 546 2709 tus
570 2670 648 2709 es.
685 2654 822 2709 Cum
852 2659 999 2711 enim
1039 2659 1355 2716 humanitas
1385 2676 1553 2716 causa
1589 2664 1660 2717 sit
1706 2664 1970 2719 immortal

2212 2673 2288 2725 ης,
2319 2655 2670 2727 ἀπεκρίνατο.
2714 2655 3037 2719 Ἀθανασίας
3081 2655 3190 2727 γὰρ
3215 2657 3366 2708 αἰτία
3395 2652 3543 2709 οὖσα
3572 2658 3604 2726 ἡ
3636 2674 3726 2723 φι-

459 2747 608 2811 latis,
638 2748 809 2801 multo
831 2758 1065 2803 constat.
1098 2748 1233 2804 Nam
1267 2751 1312 2806 si
1339 2752 1463 2821 quis
1486 2763 1636 2808 certo
1666 2754 1767 2809 sibi
1796 2771 1973 2825 persu:

2210 2746 2467 2819 νΘρωπία,
2514 2746 2707 2800 πολλοῦ
2764 2748 2985 2801 δίδοται.
3029 2747 3153 2800 Ἐὰν
3183 2747 3291 2819 γὰρ
3320 2747 3724 2820 πληροφορηθῇ

456 2841 599 2904 deat,
628 2840 900 2906 inimicos,
947 2841 1077 2894 dum
1118 2857 1258 2911 quos
1305 2844 1539 2899 oderunt
1565 2854 1766 2901 vexant
1797 2848 1864 2901 ad
1894 2857 1970 2903 ten

2213 2856 2240 2901 ξ,
2262 2838 2344 2892 ὅτι
2366 2839 2415 2891 ot
2444 2838 2628 2911 ἐχθροὶ
2656 2838 2795 2911 πρὸς
2824 2840 3016 2911 καιρὸν
3054 2838 3456 2910 κακουχοίΝτες
3496 2840 3597 2903 οὓς
3640 2860 3727 2911 μι-

460 2945 583 2999 pus,
608 2929 946 2985 liberationis
989 2931 1059 2986 ab
1108 2942 1315 2987 aeterno
1338 2935 1609 3004 supplicio
1641 2937 1748 2992 illis
1778 2948 1974 2994 auctori

2212 2929 2341 2994 30w,
2376 2931 2596 2984 αίωνίου
2624 2931 2897 2994 κολάσεως
2936 2930 3255 3001 ἀπαλλαγῆς
3283 2933 3475 2994 αὐτοῖς
3491 2933 3541 2964 ⁸⁸
3569 2935 3726 2986 αἴτιοι

458 3036 605 3085 esse,
637 3035 731 3075 eos
773 3029 1033 3091 tanquam
1077 3022 1351 3080 beneﬁcos
1389 3041 1575 3081 amore
1613 3030 1972 3099 complectetu

2213 3040 2398 3088 νονται,
2424 3022 2501 3087 ὡς
2531 3024 2824 3095 εὐεργέτας
2864 3025 3062 3088 αὐτοὺς
3084 3024 3487 3094 ἀγαπήσουσιν.
3520 3026 3727 3088 ’Ἄλλως

459 3111 634 3166 Aliter
660 3122 840 3167 autem
871 3128 1032 3168 nemo
1060 3124 1241 3185 potest
1269 3117 1371 3172 hoc
1395 3119 1711 3174 mandatum
1751 3122 1973 3191 perlicer

2230 3114 2490 3169 ἀδύνατόν
2526 3133 2647 3170 τινα
2676 3116 2776 3186 τὴν
2812 3115 3068 3189 τοιαύτην
3096 3117 3317 3187 ἐντολὴν
3349 3118 3726 3189 κατορθῶσαι,

460 3204 567 3260 ιιίεί
608 3205 766 3259 valde
800 3204 972 3260 Deum
999 3207 1212 3279 diligat,
1244 3217 1297 3264 et
1328 3209 1384 3264 in
1429 3210 1576 3267 illius
1608 3213 1805 3269 timore
1845 3214 1916 3269 sit
1940 3215 1974 3269 il

2221 3207 2295 3279 μὴ
2330 3207 2536 3277 σφόδρα
2562 3208 2653 3261 τὸν
2679 3209 2811 3262 Θεὸν
2840 3208 3068 3279 ἀγαπῶν
3102 3210 3209 3281 εἴη,
3231 3209 3310 3281 τῷ
3343 3210 3548 3263 τούτου
3587 3212 3729 3282 φόϐῳ

460 3298 703 3352 stitutus.
738 3298 826 3352 Ait
850 3299 994 3353 enim
1026 3318 1038 3353 :
1065 3298 1291 3355 Initium
1317 3303 1615 3372 sapientior,
1648 3306 1809 3359 timor
1836 3305 1933 3361 Dei
1958 3309 1974 3339 "

2215 3299 2673 3370 ιιδαγωγούμενος.
2706 3303 2843 3373 Φησὶ
2887 3302 3023 3374 γάρ’
3059 3302 3241 3371 Ἀρχὴ
3275 3305 3509 3372 σοφίας
3547 3307 3729 3374 φόϐος

460 3389 565 3456 Qui
618 3404 799 3446 autem
833 3392 1032 3447 timore
1061 3391 1156 3448 Dei
1195 3393 1438 3451 imbutus
1468 3396 1654 3467 fuerit,
1680 3399 1749 3454 ad
1792 3400 1974 3455 charit

2215 3392 2377 3446 r013“.
2416 3392 2508 3464 Τῷ
2533 3394 2741 3447 ἐκείνου
2789 3393 2845 3448 δὲ
2896 3393 3046 3465 φόϐῳ
3089 3394 3459 3465 στοιχειωθείς
3511 3413 3623 3459 τις,
3656 3398 3729 3457 εἰς

462 3492 567 3536 tem
623 3484 851 3539 omnino
894 3487 1212 3555 perveniet,
1275 3490 1579 3560 eodemque
1625 3491 1747 3546 loco
1814 3492 1976 3547 liabel

2218 3483 2361 3556 ἀπην
2388 3484 2505 3556 ἡξει
2533 3486 2770 3549 πάντως.
2801 3487 2897 3540 καὶ
2922 3485 3096 3549 οὕτως
3122 3485 3234 3553 ἕξει
3263 3486 3356 3540 καὶ¹
3374 3486 3472 3540 τὸν
3502 3488 3730 3558 πλησίον

460 3573 791 3642 proximum,
814 3590 924 3645 quo
945 3575 1207 3646 seipsum.
1227 3574 1331 3632 Ista
1358 3587 1645 3648 postquam
1662 3578 1856 3634 Petrus
1875 3578 1967 3633 dix

2214 3576 2446 3632 *éaurdv.
2479 3577 2666 3633 Ταῦτα
2683 3577 2782 3631 τοῦ
2812 3579 3019 3650 Πέτρου
3050 3578 3316 3642 εἰπόντος,
3339 3579 3595 3652 ἑσπέρας
3619 3584 3728 3633 ἐπε-

461 3680 684 3734 vespera
707 3668 1051 3733 succedente,
1082 3668 1152 3723 ad
1179 3684 1434 3724 somnum
1455 3686 1576 3733 nos
1605 3672 1958 3727 contulimus.

1739 3672 1958 3727 ulimus.
2139 3670 2571 3742 καταλαϐούσης,
2611 3672 2692 3734 εἰς
2713 3670 2879 3724 ὕπνον
2910 3672 3247 3743 ἐτράπημεν.

531 3757 764 3813 XCVIII.
808 3758 1075 3814 "Exorto
1118 3769 1299 3816 autem
1357 3778 1539 3827 mane,
1595 3762 1877 3832 ingressus
1934 3763 2036 3818 Pe-

2218 3760 2442 3817 XCVIII.
2487 3762 2724 3834 Ὀρθρου
2754 3763 2809 3817 δὲ
2836 3765 3126 3835 γενομένου
3146 3764 3214 3827 ⁸³,
3238 3763 3425 3817 εἰσιὼν
3454 3765 3485 3816 ὁ
3528 3766 3732 3837 Πέτρος

462 3858 606 3915 trus,
659 3849 736 3905 alt
767 3869 781 3905 :
811 3850 1065 3908 Clemens
1112 3869 1237 3909 cum
1292 3861 1469 3908 matre
1512 3869 1612 3908 sua
1659 3854 1941 3909 Matthidia

2216 3871 2275 3926 η’
2321 3854 2379 3907 Ὅ
2409 3854 2508 3925 μὲν
2534 3854 2764 3924 Κλήμης
2798 3855 2935 3925 μετὰ
2964 3856 3065 3927 τῆς
3108 3854 3299 3909 ἑαυτοῦ
3332 3858 3551 3928 μητρὸς
3580 3861 3730 3914 Ματ-

464 3956 585 3994 mea
616 3955 788 3996 uxore
842 3942 1081 3997 simulin
1107 3959 1271 3999 curru
1302 3944 1643 3999 consideant.
1676 3944 1978 4015 Pergentibl

2213 3946 2336 4010 Βίας,
2362 3946 2577 4015 καὶτῆς
2610 3946 2750 4017 ἐμῆς
2784 3948 3061 4015 γυναικὸς,
3106 3948 3223 4019 ἅμα
3255 3950 3347 4001 ἐπὶ
3382 3950 3480 4002 τοῦ
3530 3951 3634 4022 ὁχή
3647 3970 3727 4021 μαι

463 4043 645 4089 autem
673 4036 828 4090 nobis
850 4051 946 4105 per
968 4036 1110 4091 viam
1143 4052 1265 4107 quae
1287 4036 1568 4093 Balanaaas
1591 4036 1765 4105 ducit,
1798 4039 1977 4093 interr.

2204 4055 2231 4102 ς
2259 4037 2693 4103 καθεξέσθωσαν.
2735 4038 3059 4110 Ὀρμὼντων
3085 4040 3141 4094 δὲ
3169 4040 3327 4112 ἡμῶν
3374 4042 3476 4113 τὴν
3515 4044 3614 4096 ἐπὶ
3646 4045 3717 4096 Ba

464 4130 609 4198 gavit
634 4142 721 4182 me
746 4139 941 4195 mater,
979 4143 1091 4198 quo
1122 4129 1281 4183 modo
1311 4138 1466 4198 pater
1506 4138 1712 4200 ageret.
1744 4129 1869 4185 Dixi
1894 4147 1978 4203 egi

2218 4130 2366 4193 ναίας
2384 4129 2433 4161 ’⁸
2455 4129 2593 4195 ὁδὸν,
2618 4130 2849 4184 δπύθετό
2876 4149 2976 4202 μου
3009 4134 3042 4204 ἡ
3087 4134 3289 4205 μήτηρ,
3327 4135 3448 4198 πῶς
3480 4137 3513 4188 ὁ
3554 4137 3732 4206 πατὴρ

462 4220 543 4275 Ad
578 4221 979 4291 indagationem
1012 4219 1090 4273 tui
1121 4227 1175 4273 et
1202 4221 1542 4290 geminorum
1565 4220 1863 4276 liberorum
1895 4222 1970 4277 Fa

2218 4239 2329 4292 ιγει.
2356 4222 2528 4291 Κάγὼ
2555 4222 2718 4294 ἔφην’
2758 4224 2881 4277 Ἐπὶ
2910 4225 3135 4295 ζήτησίν
3177 4242 3269 4277 σου
3302 4226 3398 4280 καὶ
3435 4228 3555 4281 τῶν
3604 4229 3732 4281 διδύ-

464 4312 591 4367 stini
620 4320 674 4367 et
707 4311 1048 4367 Faustiniani
1093 4327 1370 4396 egressus,
1406 4311 1780 4382 incompertus
1813 4332 1970 4371 mane

2214 4330 2259 4367 ›ν
2290 4313 2441 4377 υίῶν,
2471 4315 2767 4368 Φαυπίνου
2814 4333 2874 4368 τε
2922 4317 3015 4369 καὶ
3052 4319 3437 4372 Φαυστινιανοῦ
3471 4322 3728 4387 ἐξελθὼν.

464 4413 595 4474 puto
617 4413 797 4458 autem
821 4418 947 4457 eum
978 4418 1104 4457 mox
1129 4401 1369 4469 obiisse;
1396 4402 1481 4457 vel
1514 4403 1657 4457 enim
1684 4404 1943 4462 incidisse

2215 4405 2428 4478 εύρετος
2456 4406 2623 4477 μένει⁸
2669 4403 2820 4478 οἶμαι
2840 4408 2893 4460 δὲ
2918 4409 3059 4478 τάχα
3081 4411 3175 4462 καὶ
3197 4411 3521 4482 τελευτῆσαι
3550 4416 3729 4477 αὑτὸν,

466 4495 837 4567 naufragium,
864 4494 1017 4549 velin
1047 4494 1133 4549 via
1168 4494 1432 4549 cecidisse
1463 4495 1546 4549 vel
1571 4496 1759 4552 dolore
1775 4498 1980 4552 exeden

2212 4499 2439 4569 ναυαγίᾳ
2484 4500 2865 4569 περιπεσόντα,
2896 4499 2928 4569 ἢ
2960 4501 3018 4553 ὲν
3040 4500 3144 4571 ὁδῷ
3173 4501 3443 4570 σφαλέντα
3466 4504 3539 4567 ’⁵,
3576 4506 3610 4576 ἧ
3646 4525 3726 4575 τη-

465 4588 642 4643 tabem
678 4602 801 4643 esse
839 4602 1084 4656 passum.
1130 4583 1221 4639 Illa
1253 4599 1385 4639 vero
1413 4584 1664 4653 audiens,
1696 4597 1751 4642 et
1775 4587 1828 4641 in
1865 4588 1976 4643 lacr

2211 4591 2323 4644 δὸνι
2352 4590 2529 4662 λύπης
2556 4592 2843 4663 μαρασμὸν
2890 4593 3258 4663 ὑπομείναντα
3280 4594 3344 4646 ⁸⁸.
3388 4595 3454 4647 Ἦ
3473 4596 3536 4649 δὲ
3572 4598 3724 4651 ἀκού-

467 4697 588 4735 mas
618 4679 811 4745 effusa,
844 4679 1109 4749 ingemuit
1152 4677 1394 4748 quidem,
1425 4694 1489 4733 ac
1515 4694 1657 4749 aegre
1683 4679 1873 4735 habuit
1900 4696 1913 4732 :
1942 4697 1981 4734 νε

2212 4701 2287 4737 σα
2313 4685 2406 4737 καὶ
2432 4684 2725 4754 ὲπίδακρυς
2748 4684 3035 4755 γενομένη,
3059 4686 3309 4751 ἐστέναξε
3353 4688 3453 4758 μὲν
3497 4691 3599 4743 καὶ
3651 4692 3726 4744 λυ-

467 4787 589 4827 rum
617 4771 765 4841 quod
815 4786 902 4826 me
939 4768 1257 4837 invenisset,
1297 4771 1528 4825 multum
1574 4770 1642 4826 de
1686 4786 1923 4829 mmrore
1950 4774 1981 4827 d

2211 4776 2336 4846 ιρῶς
2363 4776 2596 4847 εἶχεοτῇ
2623 4775 2664 4828 δ’
2702 4777 2807 4847 ἐμῇ
2840 4775 3061 4847 εὑρέσει
3100 4778 3161 4832 τὸ
3214 4779 3348 4834 πολὺ
3394 4781 3499 4853 τῆς
3554 4783 3725 4852 λύπης

1728 4918 1964 4974 νΑῐιιΑς
2000 4916 2383 4975 LECTIONES

554 5062 602 5093 ⁸ο
642 5062 712 5139 al.
759 5062 882 5117 add.
914 5062 945 5133 ἢ
979 5059 1442 5139 κατορρωμὸιίιτωνζ
1533 5059 1581 5139 ξί
1614 5059 1783 5139 Matth
1839 5077 2006 5128 xvm;
2037 5059 2328 5139 Lucuitvn.
2407 5060 2451 5091 ⁸²
2477 5059 2549 5139 a_l.
2592 5058 2718 5113 add.
2747 5056 2808 5110 τὸ
2838 5056 3001 5139 ἴδιονζ
3049 5052 3095 5083 ⁸³
3124 5052 3285 5139 ﬁeri].
3324 5050 3468 5139 ιι,ξέ
3529 5051 3717 5139 ⁸⁸.ἶ1οῖ

467 5141 637 5186 ment.
671 5133 819 5186 hom.
869 5121 1247 5201 x1i,cap."52.'
1312 5132 1357 5163 ⁸⁵
1396 5131 1586 5185 Matth.
1620 5147 1683 5194 v;
1717 5131 1849 5187 Luc.
1896 5121 2004 5185 vi.'
2068 5132 2115 5167 ⁸⁸
2164 5132 2451 5192 Clement.,
2495 5131 2639 5183 hom.
2686 5144 2800 5193 xxi,
2831 5143 2881 5181 c.
2934 5128 3023 5181 55.
3123 5125 3168 5154 ⁸⁷
3200 5122 3269 5175 al.
3302 5122 3353 5173 τ’
3381 5121 3543 5175 ἄλλα.
3589 5126 3639 5156 ⁸⁸
3662 5125 3721 5175 al.

468 5218 712 5252 nraanon.
757 5198 912 5252 εἶναι.
990 5202 1034 5235 ³ο
1074 5202 1144 5252 al.
1186 5201 1376 5252 αὐτῆς.
1454 5202 1500 5233 ⁸ο
1537 5199 1698 5252 Prov.
1740 5218 1794 5252 ι.
1845 5202 1895 5252 7.
1973 5204 2017 5235 θί
2051 5201 2124 5252 al.
2165 5202 2369 5252 κυρίου.
2446 5201 2492 5233 ⁹¹
2522 5200 2785 5252 Clement.
2818 5198 2966 5251 hom.
2998 5210 3116 5249 xm.
3144 5208 3173 5247 c
3227 5193 3277 5252 l.
3308 5202 3443 5252 etc.,
3480 5192 3715 5252 Reman,

468 5218 712 5273 praepon.
757 5198 912 5255 εἶναι.
990 5202 1034 5235 ³⁸
1060 5198 1144 5256 ἐι.
1186 5201 1376 5271 αὐτῆς.
1454 5202 1500 5233 ⁹⁰
1537 5199 1698 5256 Prov.
1740 5218 1794 5263 ι,
1845 5202 1895 5256 7.
1973 5204 2017 5235 ⁹¹
2051 5201 2124 5256 al.
2165 5202 2369 5272 κυρίου.
2446 5201 2492 5233 θ’
2522 5200 2785 5253 Clement.
2818 5198 2966 5251 hom.
2998 5210 3116 5249 xm.
3144 5208 3173 5247 c
3227 5198 3277 5257 ‘I,
3308 5202 3443 5257 etc.,
3480 5198 3670 5265 lieno;

469 5275 507 5331 l.
536 5289 632 5339 vn,
661 5287 708 5327 c.
742 5272 831 5341 25,
854 5282 958 5328 etc.
1037 5273 1081 5305 ⁹³
1100 5273 1499 5342 διαγενομένου.
1577 5272 1624 5303 9⁸
1656 5274 1726 5327 al.
1762 5273 2050 5337 Βαλανέας.
2128 5273 2173 5304 ³⁸
2207 5272 2347 5339 Quid
2370 5271 2416 5326 si
2448 5269 2738 5340 σφαγέντα.
2818 5268 2863 5300 ⁸⁸
2902 5268 2974 5322 al.
3007 5266 3315 5335 ὑπομεῖναι.

1739 5385 2105 5443 VARIORUM
2142 5385 2375 5442 NOTAE.

542 5527 654 5616 οὓ
690 5528 765 5616 te
810 5526 1248 5616 meyer
1273 5527 1409 5616 δεῖς.
1429 5525 2047 5616 ρὲεεᾴρεεςέένεηςτιρ
2158 5544 2293 5616 "em.
2316 5521 3147 5616 FF".9'}‘.“’FE-_‘1P_“.§‘_E'E‘Eefﬁii.
3168 5517 3719 5616 95-93:“..‘31'5‘31'1?

470 5592 663 5675 δι’ξοῦ-
688 5592 961 5675 emam.
990 5606 1095 5675 etc.
1126 5597 1223 5675 _Vix
1252 5592 1703 5675 _crediderirn,_in
1739 5592 2039 5675 eaemplari
2145 5608 2391 5668 oportere
2417 5612 2537 5675 esse
2562 5592 2856 5675 scandala:
2879 5592 2959 5675 sic
2987 5592 3150 5646 etiam
3174 5599 3385 5675 oportet
3411 5605 3539 5645 esse
3559 5592 3715 5675 bona:

474 5660 1072 5740 Eliionitico'Diattlizei,
1125 5670 1196 5723 ita
1252 5670 1472 5724 lectum.
1515 5660 1879 5740 Verisimilius
1903 5660 2037 5740 inihi
2145 5660 2681 5740 etquemadmodum
2705 5664 2842 5719 dixit
2868 5660 3007 5740 :_Vae
3035 5660 3421 5740 scandalorum
3452 5662 3711 5740 auctori,

475 5738 688 5793 videtur
710 5738 865 5794 citari
913 5739 1000 5793 hic
1038 5728 1242 5795 textum
1276 5740 1401 5807 loci,
1429 5748 1522 5796 aut
1549 5738 1731 5810 potius
1759 5739 2034 5795 collectio-
2147 5741 2217 5795 ita
2240 5728 2301 5795 let
2330 5752 2466 5807 euge
2502 5737 2645 5799 dicet
2680 5751 2862 5793 rerum
2888 5736 3159 5792 bonarum
3193 5730 3428 5787 auctori.
3457 5728 3537 5785 lo.
