3834 6220
112 397 217 452 5H

942 394 1404 452 CLEMENTINA.
1438 422 1511 433 —
1540 390 1839 449 ΕΡΙΤΟΜΕ
1866 392 1956 447 DE
1989 392 2232 450 GESTIS
2271 394 2328 449 S.
2363 395 2590 452 PETRI.

3256 396 3364 451 δια

112 513 510 584 παρεμυθεῖτο.
534 514 965 585 Κατηντήσαμεν
980 510 1071 568 οὖν
1084 516 1164 578 εἰς
1186 510 1490 575 Βαλαναίας
1500 511 1545 543 "'
1561 509 1695 582 (M),

1811 509 2075 564 trahebat.
2116 508 2473 567 Pervenimus
2522 528 2653 583 ergo
2682 515 2961 573 Balanazas
2987 532 3002 570 :
3031 524 3085 573 et
3117 517 3363 587 Sequenti

111 604 215 659 καὶ
245 607 311 675 τῇ
342 604 567 676 ἐπιούσῃ
606 606 687 668 είς
726 606 933 660 Πάλτον
950 606 997 638 ⁸⁸
1028 605 1282 677 ήλθομεν,
1327 602 1583 657 κάκεῖθεν
1619 603 1699 665 είς

110 696 360 749 Γάϐαλα.
393 697 470 767 Τῇ
498 696 555 749 δὲ
591 698 753 769 ἑτέρᾳ
801 699 1219 770 κατηντήσαμεν
1244 697 1325 759 είς
1361 693 1694 749 Λαοδίκειαν.

110 788 232 841 Καὶ
287 788 397 843 ἰδοὺ
434 788 542 859 πρὸ
596 787 706 841 τῶν
750 788 931 860 θυρῶν
978 789 1224 860 Νικήτης
1251 804 1313 840 τε
1343 786 1438 839 καὶ
1472 784 1701 847 Ἀκύλας

109 880 376 950 ἀπήντων
426 880 582 950 ἡμῖν,
639 880 732 933 καὶ
783 880 1244 951 καταφιλήσαντες
1286 872 1420 948 ἦγον
1463 876 1556 929 ἐπὶ
1600 875 1699 948 τὴν

110 973 296 1038 ξενίαν
316 974 383 1026 ⁹⁹.
402 972 459 1029 '0
474 972 531 1026 δὲ
551 971 754 1044 Πέτρος
770 972 940 1043 καλὴν
961 972 1055 1025 καὶ
1078 969 1318 1043 μεγάλην
1341 967 1493 1021 πόλιν
1553 966 1696 1032 ίδὼν,

114 1064 326 1129 Ἀξιον,
377 1063 518 1135 ἔφη,
591 1064 827 1117 ἐνταῦθα
882 1063 1095 1136 ἡμέρας
1140 1064 1290 1134 ἡμᾶς
1351 1064 1695 1134 προσμεῖναι.

106 1155 352 1208 Δυνατὺν
375 1155 485 1226 γὰρ
514 1157 573 1210 ἐν
616 1153 696 1225 τῷ
743 1155 961 1227 πλήθει,
1004 1154 1097 1209 καί
1131 1172 1285 1218 τινας
1311 1153 1571 1226 εὑρέσθαι
1601 1153 1702 1224 τῆς

105 1246 210 1299 τοῦ
242 1247 481 1323 ξριστοῦ
513 1247 730 1319 μερίδος
755 1246 959 1312 ἀξίους.
1011 1247 1069 1302 Ὀ
1095 1246 1197 1318 μὲν
1218 1242 1312 1300 οὖν
1334 1247 1583 1317 Νικήτης
1606 1245 1701 1299 καὶ

124 1337 368 1402 Ἀκύλας
411 1338 770 1392 ἐπυνθάνοντο
818 1356 943 1410 μου,
990 1337 1075 1402 τίς
1117 1336 1186 1392 ἂν
1234 1338 1373 1410 είηή
1406 1337 1532 1408 ξένη
1559 1335 1699 1407 αὕτη

103 1429 274 1501 γυνή.
307 1428 481 1498 Κάγὼ
522 1429 683 1501 ἔφην·
728 1428 865 1502 Ἑμή
898 1430 1099 1501 μήτηρ,
1134 1429 1202 1498 ήν
1224 1427 1523 1497 ἐπιγνῶναι
1552 1444 1641 1499 μοι
1670 1427 1700 1479 ύ

101 1519 252 1581 Θεὸς
284 1519 375 1572 διὰ
402 1518 610 1588 Πέτρου
634 1517 728 1573 τοῦ
758 1518 965 1587 Κυρίου
1008 1535 1108 1589 μου
1138 1517 1469 1589 ἐδωρήσατο.

180 1608 375 1663 XCIX.
407 1608 592 1663 Ταῦτά
631 1627 730 1681 μου
779 1608 1042 1674 είπύντος,
1089 1610 1118 1663 ὁ
1175 1609 1380 1681 Πέτρος
1429 1608 1612 1672 αὐτοῖς
1642 1609 1700 1662 ὲν

99 1700 400 1771 κεφαλαίῳ
434 1700 610 1754 πάντα
653 1699 886 1765 ἐξέθετο,
913 1701 1013 1754 ὅσα
1047 1716 1107 1753 τε
1156 1698 1308 1769 παρὰ
1346 1699 1446 1771 τῆς
1498 1698 1703 1771 μητρὸς

97 1792 392 1856 ἀκούσειε,
423 1792 519 1844 καὶ
554 1792 653 1844 ὅσα
696 1790 961 1863 πρότερον
999 1790 1130 1862 παρ’
1164 1788 1300 1861 ἐμοῦ
1348 1789 1528 1860 μάθοι,
1571 1790 1699 1860 περί

1800 600 1889 655 die
1928 599 2143 657 Paltum
2200 602 2421 670 ivimus,
2471 612 2527 660 et
2574 607 2699 661 inde
2748 606 2982 676 Gabala;
3012 609 3225 679 aliaque
3275 609 3366 665 die

1802 691 2126 747 Laodiceam
2170 694 2510 750 devenimus.
2564 696 2701 752 Cum
2749 714 2877 753 ecce
2904 709 3028 754 ante
3058 708 3243 769 portas
3271 716 3365 755 oc-

1800 792 2033 839 currunt
2085 784 2243 840 nobis
2298 783 2515 843 Nicetas
2538 796 2593 842 et
2621 788 2851 859 Aquila;
2900 799 2954 846 et
2983 792 3235 858 osculati,
3265 792 3361 847 dn-

1800 886 1935 930 cunt
1963 876 2031 931 ad
2061 876 2383 946 hospitium.
2411 876 2607 935 Petrus
2638 890 2820 937 autem
2856 882 3143 953 pulchram
3173 893 3225 939 et
3250 900 3367 938 ma-

1801 982 1963 1038 gnam
2012 967 2287 1023 civitatem
2340 969 2532 1026 videns
2562 987 2576 1023 :
2606 971 2847 1043 Equum
2886 983 2988 1040 est,
3040 975 3235 1044 inquit,
3265 991 3368 1030 nos

1801 1058 1892 1113 hic
1937 1058 2150 1129 aliquot
2202 1060 2320 1116 dies
2346 1064 2673 1118 commorari
2710 1082 2723 1118 :
2759 1064 2875 1119 lieri
2906 1065 3051 1119 enim
3082 1074 3281 1135 potest,
3308 1074 3366 1120 ut

1801 1149 2029 1219 intanta
2044 1151 2391 1208 multitudine
2407 1153 2629 1223 quidam
2647 1156 2985 1224 reperiantur
3005 1156 3206 1212 Christi
3223 1171 3367 1219 sorte

1802 1258 1868 1299 ac
1913 1243 2164 1313 partibus
2191 1244 2363 1315 digni.
2392 1242 2660 1299 Caeterum
2688 1243 2905 1302 Nicetas
2928 1256 2982 1301 et
3022 1248 3219 1317 Aquila
3247 1263 3369 1317 per-

1802 1336 2173 1392 contabantur
2218 1350 2326 1402 me,
2370 1350 2621 1405 quasnam
2651 1346 2797 1392 esset
2821 1338 2913 1392 illa
2937 1339 3133 1392 mulier
3162 1347 3365 1393 extera.

1801 1425 1871 1482 Et
1920 1441 2023 1498 ego
2061 1425 2175 1482 dixi
2204 1444 2217 1479 :
2242 1424 2415 1481 Mater
2443 1442 2565 1481 mea
2593 1436 2697 1494 est,
2725 1445 2887 1499 quam
2915 1441 2975 1487 ut
2996 1444 3366 1502 agnoscerem,

1802 1518 1948 1575 Deus
1969 1518 2105 1572 mihi
2128 1532 2226 1587 per
2250 1517 2533 1573 dominum
2558 1534 2738 1574 meum
2764 1518 2983 1574 Petrum
3010 1520 3297 1575 concessit.

1870 1608 2060 1665 XCIX.
2090 1607 2217 1663 Haec
2264 1616 2551 1679 postquam
2605 1609 2750 1676 dixi;
2796 1608 2991 1664 Petrus
3031 1608 3137 1663 illis
3177 1616 3370 1662 cuncta

1806 1700 2125 1758 summatim
2152 1700 2436 1769 exposuit;
2469 1708 2582 1754 tum
2615 1716 2737 1771 qua:
2757 1716 2823 1755 ex
2852 1708 3025 1755 matre
3053 1699 3370 1762 audivisset,

1803 1801 1919 1848 tum
1956 1806 2077 1862 qua:
2112 1802 2270 1847 antea
2312 1805 2379 1844 ex
2421 1805 2509 1843 me
2534 1792 2928 1862 comperisset;
2980 1791 3263 1855 nimirum,
3308 1790 3376 1845 de

93 1899 165 1935 τε
189 1880 290 1934 τοῦ
323 1881 705 1952 πεπλασμένου
728 1880 939 1953 ὀνείρου
969 1880 1098 1953 περί
1122 1898 1182 1934 τε
1210 1881 1311 1951 τῆς
1338 1882 1396 1934 ὲν
1422 1880 1500 1952 τῷ
1531 1881 1699 1951 πλοίῳ

1811 1882 2019 1940 somnio
2040 1880 2295 1945 conﬁcto,
2320 1880 2387 1937 de
2412 1880 2702 1953 naufragio
2720 1897 2830 1937 una
2848 1897 2972 1937 cum
2998 1881 3186 1936 liberis
3210 1880 3374 1943 facto,

100 1972 255 2043 μετὰ
272 1973 367 2026 καὶ
392 1971 500 2025 τῶν
536 1972 668 2025 υἱῶν
687 1972 971 2042 ναυαγίας,
1000 1973 1095 2025 καὶ
1122 1972 1268 2034 ὅπως
1293 1970 1519 2043 ὕστερον
1539 1974 1569 2025 ὀ
1596 1989 1700 2025 πα-

94 2063 212 2132 τὴρ
248 2063 331 2125 είς
378 2061 711 2134 ἀναζήτησιν
740 2065 840 2135 τῆς
883 2064 1139 2134 γυναικὸς
1167 2063 1262 2116 καὶ
1301 2062 1413 2117 τῶν
1467 2063 1700 2135 διδύμων

94 2155 284 2224 αὐτῆς
305 2154 511 2207 παίδων
545 2153 731 2220 ἐκϐὰς,
762 2154 891 2226 ἄχρι
916 2155 1015 2226 τῆς
1048 2153 1208 2225 δεῦρο
1235 2152 1499 2225 διέμεινεν
1528 2153 1702 2223 ἄγνω-

98 2261 260 2309 στος,
319 2244 551 2316 κινδύνῳ
590 2245 750 2316 τυχὸν
793 2246 891 2299 καὶ
934 2245 1096 2308 αὐτὸς
1152 2242 1421 2314 θαλαττίῳ
1470 2260 1701 2321 περιπε-

98 2354 240 2390 σων.

172 2432 245 2487 C.
290 2431 509 2487 Τούτων
540 2430 682 2488 οὕτω
723 2431 1113 2502 κεφαλαιωδῶς
1157 2430 1428 2504 ῥηθέντων
1467 2428 1572 2483 ὑπὸ
1605 2427 1702 2482 τοῦ

95 2524 343 2596 Πέτρου,
373 2526 401 2577 ὁ
429 2524 671 2596 Νικήτης
690 2525 784 2579 καὶ
822 2524 1051 2587 Ἀκύλας
1073 2522 1526 2591 καταπλαγέντες·
1554 2516 1704 2593 Ἀρά

96 2633 189 2685 γε,
229 2616 483 2669 Δέσποτα
524 2616 618 2669 καὶ
642 2615 814 2688 Κύριε
843 2615 951 2669 τῶν
992 2614 1266 2678 ἁπάντων,
1297 2609 1469 2677 εἷπον,
1482 2611 1701 2684 ἀληθὲς,

96 2708 133 2778 ἦ
168 2707 389 2778 ὄνειρός
428 2709 547 2760 ἐστι
568 2698 796 2772 ”ταῦτα;
828 2706 939 2760 Καὶ
970 2706 999 2758 ϐ
1034 2706 1257 2778 Πέτρος,
1288 2704 1352 2756 El
1386 2702 1459 2775 μὴ
1492 2699 1703 2772 κοιμώ-

102 2796 277 2867 μεθα,
312 2796 440 2868 ἔφη,
473 2796 671 2869 ἀληθὲς
702 2796 975 2867 τυγχάνει.
1016 2797 1076 2850 Οί
1114 2796 1169 2849 δὲ
1201 2794 1371 2866 βραχὺ
1405 2794 1701 2865 μείναντες,

98 2888 200 2941 καὶ
227 2886 422 2959 ὥσπερ
441 2888 533 2940 ἐπὶ
554 2887 796 2951 συννοίας
823 2887 1123 2958 γενόμενοι,
1162 2885 1224 2939 Ἦ
1233 2888 1351 2956 μείς
1373 2886 1538 2955 ἐσμεν
1561 2885 1703 2937 Φαυσ-

102 2979 291 3039 στῖνος
323 2977 420 3029 καὶ
446 2976 848 3043 Φαυστινιανὸς,
892 2976 1118 3045 ἔφασαν·
1163 2976 1257 3031 καὶ
1293 2975 1568 3047 ἀπαρχῆς,
1602 2972 1699 3028 σοῦ

101 3066 520 3138 διαλεγομένου,
551 3066 800 3138 ἀλλήλοις
842 3066 1224 3140 ἐμϐλέποντες,
1251 3066 1421 3122 πολλὰ
1448 3067 1574 3138 περὶ
1607 3066 1705 3120 αὐ-

100 3159 217 3213 τῶν
258 3159 788 3230 κατεστοχαζόμεθα,
823 3160 898 3233 μὴ
931 3160 1036 3232 ἄρα
1067 3160 1165 3231 οὐχ
1199 3162 1336 3231 ήμῖν
1376 3159 1609 3232 διαφέρῃ
1636 3158 1705 3214 τὰ

102 3248 410 3321 λεγόμενα,
454 3248 792 3322 λογιζόμενοι
839 3251 919 3306 ὅτι
954 3252 1126 3306 πολλὰ
1173 3250 1450 3323 παρόμοια
1498 3251 1706 3320 γίνεται

102 3343 162 3394 ὲν
194 3341 281 3412 τῷ
313 3340 437 3412 βίῳ’
476 3341 558 3405 διὸ
584 3342 677 3395 καὶ
713 3340 1034 3414 ἐσιωπῶμεν
1076 3342 1402 3414 παλλόμενοι
1427 3342 1527 3406 τὰς
1570 3358 1705 3413 καρ-

104 3431 253 3494 δίας.
291 3431 441 3502 Πρὸς
478 3431 537 3484 δὲ
576 3432 638 3485 τὸ
679 3432 833 3497 τέλος
860 3431 955 3487 νῦν
994 3431 1105 3487 τῶν
1141 3432 1450 3504 λεγομένων
1489 3432 1704 3503 ίδόντες,

106 3524 204 3575 καὶ
232 3521 460 3590 γνόντες
488 3522 751 3593 ἀκριϐῶς,
784 3524 865 3576 ὅτι
894 3541 1001 3595 περ
1030 3524 1161 3595 ήμῖν
1194 3523 1441 3596 διαφέρει
1468 3523 1539 3579 τὰ
1566 3524 1709 3595 εἰρη-

112 3614 277 3685 μένα,
300 3613 424 3666 τύτε
448 3613 675 3677 ἑαυτοὺς
695 3614 1211 3687 ἀνωμολογήσαμεν.
1232 3616 1341 3670 Καὶ
1360 3614 1517 3669 τοῦτο
1538 3617 1712 3672 είπύνι-

108 3724 221 3770 τες,
263 3705 406 3778 μετὰ
439 3705 691 3776 δακρύων
720 3706 1037 3777 ἐπεισῆλθον
1061 3708 1127 3778 τῇ
1162 3707 1347 3779 μητρὶ,
1380 3708 1472 3761 καὶ
1503 3725 1706 3777 κοιμω-

114 3799 289 3869 μένην
322 3797 593 3869 εύρόντες,
624 3796 1047 3869 περιπλέκεσθαι
1082 3798 1183 3870 ήδη
1220 3796 1516 3853 ἐϐούλοντο.
1561 3800 1618 3854 '0
1649 3799 1707 3853 δὲ

112 3891 326 3960 Πέτρος
355 3888 627 3942 ἐκώλυσεν
664 3890 881 3954 αὐτοὺς,
913 3888 1100 3942 είπώνσ
1151 3889 1378 3943 Ἐάσατέ
1433 3907 1519 3961 με,
1548 3890 1710 3955 αὐτὸς

111 3984 263 4053 ὑμᾶς
289 3982 359 4051 τῇ
397 3981 564 4052 μητρὶ
605 3980 958 4051 προσαγάγω,
996 3979 1193 4051 μήπως
1236 3979 1340 4033 ὑπὸ
1367 3980 1464 4049 τῆς
1508 3980 1710 4051 πολλῆς

112 4072 390 4143 αἰφνιδίου
417 4071 609 4143 χαρᾶς,
653 4071 745 4124 καὶ
775 4071 854 4133 είς
881 4069 1137 4123 ἔκστασιν
1171 4069 1312 4124 ἔλθοι
1344 4068 1578 4142 φρενῶν,
1614 4071 1709 4125 ἆτε

111 4165 176 4234 δή
226 4163 324 4215 καὶ
377 4161 717 4232 κοιμωμένη,
761 4159 946 4213 καὶτὸ
999 4158 1217 4231 πνεῦμα
1246 4160 1352 4214 ὑπὸ
1396 4160 1490 4214 τοῦ
1538 4160 1708 4216 ὕπνου

111 4256 230 4325 ἀπη
241 4253 408 4324 σχολη
418 4254 575 4323 μένον
603 4252 726 4322 έχου
734 4268 818 4305 σα.

183 4345 278 4401 CI.
316 4347 507 4415 Ὅμως
538 4345 658 4397 ἐπεὶ
688 4344 847 4413 κόρον
873 4342 999 4412 ἔσχε
1024 4341 1119 4397 τοῦ
1153 4342 1342 4409 ὕπνου,
1373 4343 1712 4417 διεγερθείσῃ

113 4441 178 4509 τῇ
217 4437 413 4508 μητρὶ,
445 4438 473 4488 ὁ
508 4436 715 4506 Πέτρος
746 4436 872 4506 περὶ
910 4434 1218 4499 θεοσεϐείας
1255 4436 1390 4506 αὐτῇ
1417 4435 1711 4505 διαλεχθεὶς

1798 1984 1855 2031 et
1879 1973 2335 2045 quemadmodum
2380 1983 2569 2044 postea
2604 1984 2759 2044 pater
2796 1973 2865 2028 ad
2910 1973 3374 2044 investigationem

1799 2066 1992 2122 uxoris
2038 2072 2201 2134 atque
2233 2066 2575 2134 geminorum
2622 2066 2744 2133 ejus
2781 2073 3035 2119 natorum
3078 2063 3374 2134 profectus,

1801 2173 1976 2229 usque
2007 2158 2186 2213 adhuc
2223 2156 2491 2211 manserit
2532 2156 2771 2226 ignotus,
2816 2155 3067 2211 fortassis
3092 2155 3206 2225 ipse
3234 2168 3376 2225 quo-

1800 2263 1907 2321 que
1932 2249 1988 2303 in
2017 2248 2187 2304 maris
2206 2248 2499 2303 discrimen
2522 2248 2796 2317 delapsus.

1871 2430 1934 2492 ϐ.
1968 2427 2065 2486 His
2087 2429 2163 2484 ita
2189 2427 2527 2499 capitulatim
2579 2442 2611 2482 a
2652 2425 2813 2481 Petro
2843 2425 3052 2493 relatis,
3083 2423 3299 2480 Nicetas
3324 2433 3381 2481 et

1802 2522 1999 2593 Aquila
2024 2531 2245 2592 stupore
2270 2521 2513 2591 percussi
2542 2520 2831 2575 dixerunt:
2871 2515 3011 2573 Here
3054 2532 3119 2572 ac
3152 2516 3380 2570 Domine

1804 2616 2076 2682 omnium,
2106 2629 2369 2669 verumne
2398 2620 2483 2667 est
2511 2612 2657 2683 quod
2686 2620 2959 2678 narratur,
2984 2625 3053 2666 an
3073 2609 3380 2664 somnium?

1803 2708 1871 2764 Et
1898 2709 2113 2776 Petrus,
2140 2705 2257 2762 Nisi
2281 2705 2611 2769 dormimus,
2643 2702 2841 2772 inquit,
2865 2717 2955 2757 res
2981 2702 3055 2757 ita
3086 2701 3266 2755 habet.
3311 2701 3381 2756 At

1804 2802 1881 2857 illi
1930 2802 2210 2872 paululum
2259 2798 2479 2864 morati,
2526 2812 2591 2852 ac
2639 2795 2787 2851 velut
2828 2793 3177 2865 cogitabundi
3207 2811 3219 2847 :
3246 2790 3379 2858 Nos,

1804 2892 2141 2962 inquierunt,
2160 2904 2353 2945 sumus
2372 2889 2668 2945 Faustinus
2690 2894 2745 2943 et
2763 2885 3152 2940 Faustinianus
3176 2901 3189 2938 :
3220 2893 3382 2951 atque

1804 2982 1874 3037 ab
1897 2982 2051 3036 initio
2079 2990 2185 3036 tua:
2208 2980 2563 3047 narrationis,
2588 2979 2723 3033 alter
2751 2978 2981 3033 alterum
3008 2975 3378 3045 inspicientes,

1802 3074 2098 3147 plurimum
2120 3073 2264 3129 circa
2286 3086 2388 3127 nos
2412 3068 2898 3127 considerabamus
2943 3083 3074 3122 num
3092 3081 3213 3136 quae
3234 3066 3382 3119 dice-

1731 3189 1774 3248 c
1805 3168 2007 3225 bantur
2028 3166 2095 3221 ad
2118 3179 2219 3220 nos
2246 3165 2610 3235 pertinerent;
2642 3169 2973 3232 reputantes,
2996 3159 3162 3213 multa
3182 3156 3381 3212 similia

1808 3260 1863 3314 in
1888 3258 2001 3315 vita
2032 3257 2348 3328 contingere
2378 3274 2391 3309 :
2430 3253 2686 3325 quocirca
2712 3262 2768 3306 et
2808 3250 3083 3314 siluimus,
3119 3263 3243 3302 cum
3287 3261 3385 3300 cor

1808 3358 2054 3406 nostrum
2085 3348 2392 3419 palpitaret.
2425 3343 2582 3400 Nunc
2610 3358 2741 3399 vero
2772 3342 2825 3395 in
2851 3340 2957 3395 [ine
2985 3338 3273 3399 sermonis,
3297 3336 3383 3389 vi-

1807 3441 1997 3497 dentes
2027 3454 2090 3495 ac
2134 3439 2304 3509 probe
2345 3438 2599 3503 scientes,
2639 3449 2763 3505 quae
2803 3448 2833 3487 a
2866 3441 2919 3486 te
2948 3432 3089 3485 dicta
3135 3438 3282 3493 sunt,
3316 3428 3383 3483 ad

1808 3549 1910 3590 nos
1938 3533 2229 3604 pertinere,
2279 3540 2411 3586 tunc
2449 3546 2552 3585 nos
2594 3527 3013 3585 declaravimus.
3057 3524 3235 3593 Atque
3282 3524 3385 3576 hoc

1808 3626 1975 3693 dicto,
2002 3640 2125 3681 cum
2160 3624 2413 3695 lacrymis
2437 3621 2803 3693 properabant
2839 3620 2904 3673 ad
2936 3628 3162 3673 matrem
3186 3658 3201 3682 ,
3233 3631 3384 3670 eam-

1809 3731 1915 3787 que
1940 3716 2298 3771 dormientem
2327 3714 2495 3778 nacti,
2519 3712 2770 3783 protinus
2793 3709 3075 3779 complecti
3111 3708 3383 3762 volebant.

1810 3807 1917 3864 Sed
1944 3806 2138 3862 Petrus
2166 3805 2465 3876 prohibuit,
2510 3804 2739 3858 dicens:
2775 3800 2946 3855 Sinite
2986 3815 3102 3865 me;
3136 3799 3250 3867 ipse
3288 3812 3384 3851 vos

1810 3899 1877 3955 ad
1907 3905 2136 3952 matrem
2164 3896 2461 3961 adducam;
2488 3909 2554 3949 ne
2581 3893 2721 3948 forte
2744 3893 2914 3947 multo
2946 3890 3145 3962 gaudio
3168 3897 3387 3957 repente

1811 3986 2151 4051 adveniente,
2177 3984 2232 4038 in
2267 3984 2435 4037 animi
2463 3992 2740 4051 stuporem
2781 3980 3021 4045 incidat;
3052 3988 3236 4048 utpote
3266 3993 3386 4045 quas

1810 4080 1975 4137 etiam
2002 4077 2258 4141 dormiat,
2286 4077 2650 4146 spiritumque
2688 4089 2882 4129 somno
2915 4074 3109 4127 habeat
3148 4086 3385 4138 occupa-

1810 4181 1949 4231 ωω.

1881 4326 1969 4382 CI.
2007 4328 2273 4383 Caeterum
2319 4335 2609 4397 postquam
2662 4340 2914 4381 somnum
2960 4323 3026 4377 ad
3076 4323 3383 4376 satietatem

1814 4426 1977 4497 cepit,
2006 4440 2071 4480 ac
2095 4433 2409 4493 experrecta
2433 4431 2518 4477 est
2540 4431 2732 4487 mater,
2754 4419 2947 4474 Petrus
2973 4419 3038 4473 ad
3065 4419 3209 4471 illam
3235 4418 3387 4486 prius

116 4508 392 4602 πρότερον
423 4530 515 4581 καὶ
554 4527 745 4580 εἰπών·
777 4524 1073 4579 Γινώσκειν
1118 4544 1177 4579 σε
1224 4526 1381 4591 θέλω,
1413 4526 1593 4595 γύναι,
1618 4527 1701 4597 τῆς

1818 4531 2121 4574 sermonem
2157 4515 2347 4570 habuit
2368 4515 2435 4569 de
2476 4515 2624 4567 cultu
2656 4512 2775 4578 Dei,
2809 4526 2873 4566 ac
2917 4512 3095 4565 dixit:
3147 4508 3298 4563 Scire
3337 4517 3388 4561 te

114 4616 400 4688 ἡμετέρας
428 4616 663 4678 πίστεως
688 4614 787 4687 τὴν
811 4614 1115 4686 ἀκρίϐειαν.
1156 4616 1291 4668 Ἕνα
1333 4615 1444 4687 γὰρ
1470 4615 1602 4669 Θεὸν
1636 4615 1718 4671 σέ-

118 4710 292 4780 ϐομεν
327 4709 419 4761 τὸν
458 4707 795 4777 πεποιηκότα
837 4707 1063 4780 οὐρανόν
1109 4724 1169 4759 τε
1208 4706 1301 4759 καὶ
1350 4707 1473 4777 γῆν,
1517 4709 1610 4760 καὶ
1655 4705 1716 4760 ὃν

118 4800 255 4870 ὁρᾷς
291 4797 515 4868 κόσμον·
556 4797 653 4852 καὶ
678 4796 867 4851 τούτου
908 4795 1252 4866 φυλάσσομεν
1278 4794 1372 4851 τὸν
1400 4795 1584 4865 νόμον,
1615 4813 1714 4848 πε-

124 4891 380 4961 ριέχοντα
408 4891 465 4941 ἐν
493 4886 732 4959 πρώτοις
777 4886 939 4947 αὐτὸν
977 4886 1153 4941 σέϐειν
1189 4887 1369 4957 μόνον,
1402 4886 1497 4939 καὶ
1522 4886 1585 4938 τὸ
1615 4886 1714 4941 αὑ-

118 4980 215 5033 τοῦ
249 4979 499 5047 ἁγιάζειν
544 4978 734 5049 ινομα,
764 4979 928 5049 τιμᾷν
959 4972 1020 5030 τε
1066 4979 1243 5047 γονεῖς
1271 4977 1364 5034 καὶ
1401 4978 1714 5047 σωφρονεῖν,

123 5070 379 5140 βιοῦντας
399 5069 796 5140 ἀνεπιλήπτως,
811 5068 905 5121 καὶ
934 5067 1212 5140 τραπέζης
1233 5066 1450 5138 ὲθνικῆς
1484 5067 1557 5138 μή
1586 5083 1717 5137 μετ-

123 5162 293 5232 έχειν,
338 5159 426 5214 διὰ
456 5160 517 5212 τὸ
555 5158 875 5230 ἁκαθάρτως
907 5159 1101 5221 αὐτοὺς
1130 5155 1519 5211 πολιτεύεσθαι.
1553 5157 1717 5208 Ὅταν

122 5255 177 5307 δὲ
208 5254 492 5324 πείσωμεν
520 5254 719 5316 αὐτοὺς
751 5250 822 5304 τὰ
860 5252 959 5321 τῆς
990 5250 1244 5321 ἀληθείας
1272 5251 1489 5321 φρονεῖν
1524 5264 1583 5300 τε
1624 5246 1718 5299 καὶ

1817 4607 2194 4673 volo,mulicr,
2212 4605 2544 4661 nostratidei
2572 4600 3016 4671 disciplinarum.
3034 4598 3211 4653 Unum
3242 4598 3386 4650 enim

1822 4700 1993 4755 Deum
2027 4698 2279 4761 colimus,
2323 4695 2630 4751 effectorem
2663 4694 2784 4759 eieil
2823 4702 2877 4747 et
2923 4701 3099 4758 terrm,
3137 4702 3190 4745 et
3226 4690 3388 4758 hujus

1820 4807 1981 4861 quem
2014 4790 2165 4845 vides
2202 4788 2422 4855 mundi;
2463 4786 2690 4857 ejusque
2727 4786 2898 4855 legem
2938 4798 3239 4846 servamus,
3269 4796 3390 4852 quae

1820 4882 1875 4936 in
1903 4880 2095 4952 primis
2142 4878 2403 4943 continet,
2453 4878 2631 4946 ipsum
2678 4877 2855 4931 solum
2911 4874 3194 4929 colendum
3245 4888 3385 4937 esse,

1824 4970 2277 5029 sanctiﬁcandum
2307 4983 2504 5023 nomen
2554 4967 2693 5038 ejus,
2719 4966 3069 5021 honorandos
3114 4973 3385 5034 parentes,

1823 5071 2187 5133 temperanter
2236 5061 2524 5115 vivendum
2564 5068 2615 5113 et
2648 5059 2958 5128 inculpate;
2999 5073 3099 5112 nec
3145 5072 3385 5111 mensam

1824 5168 1947 5208 cum
1979 5153 2267 5223 gentilibus
2298 5164 2642 5205 communem
2677 5150 3000 5214 habendam,
3031 5147 3175 5218 quod
3214 5148 3389 5215 impu-

1820 5259 1941 5300 ram
1966 5244 2133 5299 vitam
2185 5243 2403 5313 degant.
2434 5240 2573 5295 Cum
2617 5248 2795 5295 autem
2826 5240 2906 5295 eis
2958 5239 3387 5306 persuascriinus

1414 5381 1649 5439 VARIIE
1686 5381 2088 5438 LECTIONES.

201 5534 249 5567 ⁸⁷
290 5530 365 5586 al.
405 5526 700 5590 Βαλανέας.
777 5526 823 5558 ⁸⁸
859 5525 931 5580 al.
988 5522 1219 5579 Πάλταν.
1297 5525 1341 5557 θ’
1381 5523 1451 5578 al.
1493 5522 1688 5575 οἰκίαν.
1768 5522 1837 5555 ¹⁰⁰
1876 5522 1913 5576 l.
1946 5520 2076 5579 Rec.
2101 5522 2217 5589 1.x,
2241 5536 2292 5577 c.
2322 5520 2409 5576 47.

1404 5629 1773 5687 VARIORUM
1809 5629 2037 5687 NOTE.

205 5734 843 5807 (14)Ba.1aralac,_ctc_.
876 5729 952 5785 De
997 5729 1103 5788 situ
1163 5731 1358 5786 horum
1417 5727 1591 5800 Syria
1625 5730 1868 5784 locorum
1937 5730 2057 5786 vide
2110 5744 2231 5799 quas
2270 5725 2480 5797 collegit
2532 5724 2843 5795 Christoph.
2878 5720 3160 5778 Gellarius.
3194 5716 3377 5787 Ceoqr.

139 5801 263 5865 Αηί.
295 5808 390 5862 lib.
421 5822 506 5871 ιιι,
530 5820 650 5873 cap.
680 5802 769 5857 2i.
794 5801 959 5856 CLss.
