3834 6220
497 333 598 389 545

1369 333 1426 390 S.
1464 333 1853 389 CLEMENTIS
1889 335 1907 389 I
1952 333 2114 389 ROM.
2157 327 2358 384 PONT.
2398 327 2624 382 OI’ERA
2661 326 2885 384 DUBIA.
3673 320 3760 375 5H

491 450 695 506 sentire
740 463 806 504 ac
849 447 1030 506 facere
1079 464 1143 505 ea
1189 462 1310 519 quzc
1355 446 1422 499 ad
1474 447 1752 500 veritatem
1805 454 2044 513 spectant

2198 441 2370 500 τοιεῖν,
2413 437 2506 490 τοῦ
2548 436 2692 509 ἱεροῦ
2743 435 3109 507 βαπτίσματος
3140 431 3476 498 ἀξιώσαντες
3521 429 3593 480 ὲν
3626 445 3745 496 τρια

491 558 650 598 sacro
673 543 946 612 baptismo
970 542 1024 596 in
1057 551 1138 596 ter
1175 541 1327 595 beata
1366 539 1601 610 quadam
1639 537 1872 591 nominis
1905 537 2060 590 invo-

487 634 705 689 catione
729 635 808 689 eis
837 633 1063 697 donato,
1098 642 1211 688 tum
1236 639 1454 684 demum
1486 646 1590 683 una
1621 647 1743 685 cum
1771 629 1874 683 illis
1898 629 2059 682 etiam

488 727 783 781 vescimur.
830 724 1050 795 Alioqui
1076 739 1175 778 nec
1207 725 1250 778 si
1303 732 1453 792 pater
1487 722 1582 786 sit,
1628 731 1721 774 aut
1750 730 1939 783 mater,
1967 728 2061 772 aut

488 833 650 880 uxor,
677 826 772 870 aut
804 817 1006 886 proles,
1041 824 1138 869 aut
1187 815 1372 878 frater,
1396 823 1490 867 aut
1532 812 1712 882 quivis
1735 811 1873 865 alius
1899 818 2060 863 natu-

486 907 585 960 rali
610 923 797 962 amore
825 908 1047 972 charus,
1073 922 1198 961 cum
1231 906 1348 974 ipso
1392 905 1572 959 cibum
1608 918 1820 959 sumere
1852 902 2058 956 licitum

483 1008 566 1052 est
598 997 776 1052 nobis.
820 996 934 1052 Hoc
962 998 1162 1068 quippe
1192 997 1490 1068 praesertim
1519 995 1588 1050 ob
1629 995 1786 1049 fidem
1824 995 2057 1065 agimus.

484 1087 561 1144 Ne
590 1091 754 1160 igitur
785 1091 1172 1146 contumeliam
1205 1091 1506 1156 existimes,
1537 1089 1682 1160 quod
1713 1106 1856 1145 nunc
1878 1099 2056 1145 tecum

483 1184 628 1240 filius
651 1186 831 1240 cibum
862 1202 967 1241 non
991 1187 1193 1257 capiat,
1224 1201 1507 1257 usquequo
1545 1194 1602 1240 tu
1643 1185 1830 1240 eadem
1873 1185 2058 1241 nobis-

483 1292 608 1331 cum
646 1278 854 1333 sentias
883 1287 935 1332 et
970 1293 1120 1346 agas.

550 1385 659 1441 Cll.
689 1385 784 1442 llis
813 1388 903 1442 illa
932 1386 1155 1452 auditis,
1188 1386 1304 1441 ait:
1343 1385 1484 1452 Quid
1526 1402 1656 1456 ergo
1690 1385 1911 1458 impedit
1955 1386 2072 1442 ho—‘

478 1479 567 1533 die
595 1494 682 1533 me
711 1478 1014 1548 baptizari?
1047 1493 1168 1547 qua:
1182 1486 1236 1533 et
1251 1488 1377 1532 ante
1401 1494 1567 1551 quam
1595 1478 1834 1533 viderem
1863 1489 1934 1546 te,
1960 1495 2056 1535 eos

479 1569 571 1638 qui
597 1570 855 1624 dicuntur
881 1584 1002 1623 esse
1040 1569 1112 1623 dii
1143 1577 1392 1624 aversata
1429 1583 1572 1633 sum,
1596 1583 1692 1638 per
1714 1568 1854 1624 hanc
1885 1570 2054 1624 ratio-

479 1659 833 1724 cinationem,
863 1659 1007 1728 quod
1039 1674 1165 1713 cum
1195 1659 1362 1713 multa
1390 1658 1498 1714 fere
1516 1659 1756 1729 quotidie
1787 1660 1918 1730 ipsis
1947 1661 2052 1716 im-

480 1753 766 1817 molarem,
793 1754 925 1806 mihi
957 1752 1009 1805 in
1028 1753 1273 1807 adversis
1311 1753 1474 1808 rebus
1507 1769 1612 1806 non
1651 1753 1942 1810 adfuerint.
1977 1753 2052 1810 De

479 1852 670 1913 stupro
696 1855 876 1898 autem
909 1845 1037 1914 quid
1084 1854 1300 1914 oportet
1331 1860 1417 1899 me
1443 1845 1662 1899 dicere?
1701 1846 2048 1917 quandoqui-

477 1937 599 1991 dem
629 1953 728 1993 ncc
757 1937 977 1992 divitem
1008 1937 1215 1992 delicia:
1242 1953 1327 1991 me
1350 1938 1416 1991 ad
1444 1939 1547 1991 hoc
1578 1938 1894 2006 pellexerint
1915 1957 1930 2005 ;
1953 1955 2053 1994 nec

477 2029 768 2083 subsecuta
813 2039 1106 2099 paupertas
1149 2044 1216 2084 eo
1245 2031 1430 2084 venire
1479 2046 1563 2083 me
1589 2031 1944 2100 compulerit;
1993 2042 2052 2086 ut

474 2137 596 2189 qua:
640 2122 956 2189 pudicitiam
1007 2122 1153 2176 velut
1201 2122 1502 2176 maximum
1546 2121 1749 2176 bonum
1799 2138 2050 2192 capesse-

473 2226 586 2263 rem
611 2229 624 2277 ;
657 2214 813 2280 cujus
840 2212 1012 2280 gratia
1037 2220 1092 2266 et
1115 2212 1167 2265 in
1193 2220 1397 2266 tantam
1435 2212 1799 2267 calamitatem
1833 2213 2044 2269 deveni.

475 2302 577 2356 Sed
610 2319 708 2358 nec
744 2312 796 2357 te
841 2304 1098 2369 arbitror,
1150 2303 1373 2360 domine
1422 2303 1494 2357 mi
1539 2301 1723 2367 Petre,
1771 2303 2045 2371 ignorare,

471 2391 734 2459 majorem
779 2393 1130 2461 cupiditatem
1173 2410 1240 2448 ex
1284 2395 1404 2449 la-ta
1439 2393 1654 2448 fortuna
1687 2394 1858 2449 oriri:
1907 2394 2049 2449 unde

468 2497 570 2550 ego
595 2499 717 2551 quae
759 2483 812 2536 in
843 2486 1097 2540 secundis
1133 2485 1300 2540 rebus
1329 2494 1626 2554 temperate
1661 2485 1792 2550 vixi,
1837 2486 1891 2540 in
1921 2485 2049 2540 ami-

469 2573 648 2628 ctione
678 2590 764 2629 me
801 2576 1173 2645 voluptatibus
1204 2593 1310 2630 non
1346 2575 1505 2631 dedo.
1540 2575 1725 2646 Neque
1750 2593 1877 2632 vero
1903 2593 2048 2633 nunc

469 2664 713 2716 animum
753 2681 932 2718 meum
969 2665 1250 2720 existimes
1276 2666 1595 2736 aegritudine
1632 2682 1752 2721 esse
1793 2666 2044 2731 liberum,

469 2754 564 2824 qui
598 2755 941 2824 aliquantum
987 2755 1380 2811 consolationis
1427 2766 1620 2811 nactus
1667 2767 1750 2811 est
1802 2773 1896 2828 per
1926 2756 2044 2812 Cle-

468 2851 669 2904 mentis
717 2851 1164 2921 recognitionem.
1199 2849 1510 2907 Succedens
1550 2868 1788 2922 namque
1827 2853 2045 2906 tristitia

467 2962 534 3000 ex
562 2947 776 3002 duobus
803 2948 990 3003 liberis
1032 2947 1167 3001 meis
1199 2958 1346 3014 nata,
1383 2946 1483 3000 hoc
1506 2943 1883 3014 qualecunque
1909 2959 2045 3013 gau-

467 3034 620 3088 dium
653 3035 930 3090 obscurat.
961 3033 1080 3089 Non
1115 3035 1259 3091 enim
1290 3036 1426 3089 adeo
1470 3048 1571 3088 nos
1613 3033 1920 3099 contristat,
1951 3047 2046 3087 eos

468 3127 521 3180 in
555 3128 691 3181 mari
719 3128 857 3182 male
876 3128 1126 3198 periisse,
1149 3144 1314 3198 quam
1341 3127 1460 3182 sine
1483 3126 1681 3196 pietate
1700 3140 1826 3195 erga
1851 3123 2042 3190 Deum,
2071 3148 2116 3205 ο

466 3235 575 3272 una
608 3235 730 3273 cum
782 3220 979 3274 animis
1024 3219 1297 3276 interiisse
1345 3234 1536 3273 eorum
1585 3231 1837 3286 corpora.
1886 3214 2047 3271 Pater

464 3320 647 3366 autem
667 3329 882 3376 eorum,
909 3329 1171 3383 meusque
1197 3312 1446 3378 maritus,
1468 3310 1926 3381 quemadmodum
1953 3323 2046 3378 per

463 3401 796 3457 Clementem
838 3405 1097 3473 comperi,
1132 3403 1198 3458 ad
1236 3403 1587 3474 quaerendum
1617 3417 1702 3455 me
1733 3416 1797 3454 ac
1844 3399 2044 3452 liberos

465 3511 814 3566 progressus,
848 3505 925 3550 tot
951 3498 1111 3552 annis
1156 3513 1264 3552 non
1297 3505 1575 3565 comparet
1603 3512 1615 3549 :
1648 3509 1873 3564 prorsus
1913 3508 2044 3547 vero

465 3597 516 3641 et
547 3588 662 3656 ipse
691 3589 845 3642 obiit.
880 3587 1093 3642 Etenim
1124 3589 1310 3652 miser,
1339 3589 1409 3642 ob
1430 3585 1820 3643 continentiam
1849 3585 2043 3656 dilige-

462 3681 554 3737 bat
587 3698 672 3737 me
694 3691 749 3737 et
771 3693 888 3737 erat
915 3698 1108 3738 amans
1135 3682 1428 3736 liberorum
1459 3699 1472 3736 :
1499 3697 1669 3751 quare
1697 3680 1912 3736 cunctis
1947 3694 2044 3734 no-

463 3773 570 3837 bis,
597 3789 626 3827 a
660 3789 718 3827 se
747 3789 910 3842 super
935 3775 1119 3828 omnia
1158 3773 1391 3840 dilectis,
1429 3773 1654 3828 orbatus
1700 3787 1887 3838 senex,
1932 3787 2042 3842 pra:

461 3865 708 3917 maximo
729 3864 917 3918 dolore
941 3865 1220 3920 occubuit.

531 4051 663 4108 Clll.
695 4053 918 4108 Matrem
951 4069 1082 4109 vero
1112 4054 1229 4110 haec
1272 4054 1512 4110 locutam
1547 4054 1829 4112 audientes
1858 4057 2036 4125 liberi,

459 4161 570 4200 non
629 4147 885 4216 amplius,
940 4147 1240 4201 secundum
1289 4146 1436 4202 Petri
1481 4148 1930 4215 admonitionem,
1976 4165 2038 4208 se

457 4238 739 4303 cqntinere
783 4247 1121 4308 potuerunt:
1177 4237 1273 4292 sed
1312 4249 1686 4308 exsurgentes,
1733 4249 1848 4293 tum
1882 4255 2036 4293 com-

457 4329 837 4399 plectebantur
863 4343 1007 4393 eam,
1036 4337 1090 4382 et
1119 4344 1244 4382 cum
1277 4329 1532 4399 lacrymis
1557 4330 2032 4384 deosculabantur.

456 4420 540 4476 0b
566 4420 711 4489 quod
754 4429 928 4474 mater
973 4421 1201 4475 attonita
1221 4462 1235 4486 ,
1264 4422 1394 4491 quid
1439 4421 1540 4475 hoc
1571 4421 1673 4475 sibi
1719 4422 1900 4487 vellet,
1927 4439 2036 4492 pra:

459 4521 682 4581 stupore
703 4511 860 4580 juxta
905 4521 1067 4581 atque
1102 4513 1444 4582 ignoratione
1483 4528 1688 4579 rerum,
1735 4513 2036 4584 interroga-

457 4602 570 4657 bat.
625 4600 933 4670 Statimque
973 4600 1170 4655 Petrus
1213 4601 1352 4655 dixit
1391 4618 1405 4654 :
1456 4601 1696 4666 Advoca,
1733 4617 1766 4655 o
1814 4602 2034 4669 mulier,

458 4690 672 4745 fortiter
699 4700 933 4744 mentem
961 4699 1133 4756 tuam,
1165 4699 1225 4743 ut
1250 4691 1391 4746 natis
1417 4691 1524 4746 tuis
1553 4689 1751 4745 fruaris
1771 4691 2032 4760 jucunde.

458 4780 524 4836 Ili
553 4786 697 4836 enim
728 4792 857 4837 sunt
887 4783 1184 4838 Faustinus
1219 4791 1273 4837 et
1313 4781 1719 4850 Faustinianus,
1753 4801 1891 4854 quos
1922 4787 2036 4841 aie-

457 4875 558 4930 bas
603 4877 657 4928 in
705 4878 896 4947 pelago
924 4877 1149 4942 obiisse,
1194 4893 1443 4948 quosque
1488 4879 1616 4932 dum
1669 4878 1839 4949 luges,
1865 4879 2032 4934 vitam

457 4976 607 5020 tuam
650 4967 697 5022 is
728 4968 909 5023 luctus
945 4985 1054 5024 non
1089 4969 1304 5024 vitalem
1349 4969 1630 5025 efficiebat.
1663 4969 1766 5038 Qui
1803 4987 1928 5025 vero
1955 4972 2036 5027 al-

457 5068 540 5112 ter
573 5073 760 5112 eorum
786 5057 1022 5117 Nicetas.
1057 5060 1193 5114 alter
1219 5060 1414 5130 Aquila
1445 5070 1688 5129 vocetur,
1717 5062 1819 5132 ipsi
1849 5062 2034 5133 auspi-

455 5153 581 5198 cato
611 5143 796 5200 dicant
823 5156 878 5200 et
926 5149 1176 5203 doceant.
1210 5147 1336 5204 Ilaec
1363 5149 1523 5204 Petro
1553 5151 1789 5214 dicente,
1831 5161 2027 5219 mater,

457 5236 656 5306 gaudio
691 5239 986 5294 immodico
1039 5241 1266 5310 repleta,
1309 5243 1698 5312 propemodum
1737 5252 1791 5298 et
1837 5243 2028 5314 spiritu

455 5329 653 5385 defecit
680 5355 692 5388 ;
720 5341 956 5387 attamen
980 5336 1304 5407 recolligens
1328 5353 1407 5404 se,
1437 5351 1502 5392 ac
1521 5338 1668 5391 velut
1695 5337 1780 5393 sui
1805 5354 2028 5410 compos

457 5423 599 5480 facta
626 5444 639 5480 :
677 5425 798 5480 Filii
831 5427 937 5482 mei
967 5430 1316 5498 optatissimi,
1352 5430 1549 5502 inquit,
1579 5431 1671 5488 ﬁlii
1698 5431 2021 5497 dulcissimi,

2166 529 2410 601 μακαρία
2454 530 2560 580 τινὶ
2621 528 2974 597 ὲπονομασίᾳ,
3013 527 3135 578 τότε
3172 525 3235 594 δὴ
3280 524 3477 584 αὐτοῖς
3507 521 3619 573 καὶ
3655 537 3763 572 συν-

2163 620 2486 690 αυλιζόμεθα
2512 620 2547 672 ¹.
2591 619 2741 671 Ἐπεὶ
2763 619 2870 671 οὐδ’
2910 617 2976 670 ἂν
3010 615 3243 686 πατὴρῆ
3273 616 3470 684 μήτηρ
3489 613 3761 681 τυγχάνῃ,

2161 711 2194 783 ἢ
2227 712 2382 783 γυνη,
2421 713 2454 783 ἢ
2483 712 2690 774 τέκνον,
2719 711 2752 781 ἢ
2785 709 3027 779 ἀδελφὸς,
3063 708 3096 778 ἦ
3126 707 3280 769 ἀλλος
3310 723 3397 768 τις
3441 707 3510 757 ὲκ
3547 705 3764 772 φύσεως

2159 804 2258 878 τὴν
2287 806 2520 876 στοργὴν
2552 804 2708 875 ἔχων,
2748 800 3122 856 συνεστιᾶσθαι
3151 798 3297 869 αὺτῷ
3335 797 3579 867 θεμιτὸν
3616 798 3759 865 ἡμῖν.

2161 897 2348 949 Πίστει
2373 896 2480 968 γὰρ
2496 896 2852 967 διαφερόντως
2865 893 3023 946 τοῦτο
3048 891 3325 961 ποιοῦμεν·
3352 889 3454 959 Μὴ
3479 884 3586 940 οὖν
3613 886 3762 957 ὓϐριν

2160 990 2361 1059 ἡγήσῃ,
2394 987 2454 1041 τδ
2503 988 2578 1059 μὴ
2605 986 2701 1039 νῦν
2739 984 3109 1040 συνεστιᾶσθαι
3154 1000 3233 1035 σοι
3271 981 3364 1034 τὸν
3420 980 3577 1045 υῑὸν,
3611 979 3764 1050 ἄχρις

2162 1080 2228 1133 ἂν
2261 1083 2282 1112 ’
2311 1080 2378 1134 τά
2409 1080 2546 1134 αὐτὰ
2574 1082 2706 1152 ἡμῖν
2739 1081 2942 1151 φρονῇς
2971 1077 3066 1131 καὶ
3097 1077 3294 1146 natm“

2226 1387 2334 1445 CII.
2383 1390 2446 1443 ’Π
2480 1388 2536 1444 δὲ
2575 1387 2873 1453 ἀκούσασα,
2911 1388 3035 1459 ἔφη·
3079 1388 3143 1440 Τί
3183 1383 3273 1442 οῦν
3315 1384 3533 1438 κωλύει
3569 1400 3643 1452 με
3676 1385 3765 1453 σή-

2159 1497 2326 1552 μερον
2359 1479 2746 1551 βαπτισθῆναις
2776 1463 2934 1542 Ἰιτις
2963 1479 3056 1532 καὶ
3084 1477 3188 1549 πρὸ
3213 1477 3308 1531 τοῦ
3344 1476 3480 1529 ἰδεῖν
3516 1492 3605 1540 σε,
3636 1477 3760 1534 τοὺς

2156 1573 2479 1643 λεγομένους
2509 1573 2660 1636 θεοὺς
2705 1571 3060 1644 ἀπεστράφην
3088 1569 3330 1641 λογισμῷ
3371 1568 3644 1639 τοιούτῳ,
3679 1568 3758 1619 ὅτι

2156 1665 2326 1720 πολλά
2373 1666 2556 1735 σχεδὸν
2606 1666 2726 1720 καθ’
2769 1665 2980 1737 ἡμέραν
3030 1664 3233 1738 θυούσῃ
3275 1681 3368 1734 μοι
3422 1661 3674 1725 τούτοις,
3708 1665 3760 1713 ἐν

2154 1759 2274 1821 ταῖς
2311 1757 2577 1826 ἀνάγκαις
2611 1757 2673 1810 οὐ
2723 1756 3140 1828 παρεστάθησάν
3189 1773 3294 1826 μοι.
3333 1754 3482 1824 Περὶ
3530 1754 3592 1806 δὲ
3638 1772 3757 1825 μοι·

2152 1847 2302 1916 χείας
2329 1847 2380 1900 τί
2408 1847 2487 1902 δεῖ
2542 1863 2610 1918 με
2649 1848 2741 1900 καὶ
2771 1845 2976 1914 λέγειν;
3030 1845 3176 1898 ὁπότ’
3214 1845 3277 1898 ἂν
3317 1844 3447 1897 οὐδὲ
3485 1842 3756 1896 πλουτοῦ-

2153 1955 2252 1990 σαν
2280 1940 2456 2010 τρυφή
2503 1956 2570 2009 με
2611 1938 2746 2009 πρὸς
2801 1936 2958 1990 τοῦτο
2998 1937 3295 2007 ἠπάτησεν·
3353 1935 3485 1987 οὐδὲ
3533 1937 3570 2006 ἡ
3619 1935 3755 2004 μετὰ

2149 2027 2322 2082 ταῦτα
2352 2028 2510 2082 πενία
2552 2029 2642 2081 ἐπὶ
2678 2027 2833 2080 τοῦτο
2861 2045 2924 2096 γε
2966 2027 3138 2079 ἐλθεῖν
3175 2025 3636 2095 κατηνάγκασεν,
3662 2026 3752 2078 ita

2150 2119 2215 2192 δὴ
2236 2121 2333 2191 τῆς
2371 2120 2720 2191 σωφροσύνης
2748 2118 2824 2184 ὡς
2865 2119 3117 2189 μεγίστου
3153 2116 3322 2170 καλοῦ
3356 2116 3751 2185 ἀντιποιουμέ-

2149 2229 2246 2282 νης
2278 2229 2397 2284 μου·
2430 2207 2497 2283 ἦς
2527 2211 2710 2284 ἕνεκα,
2742 2210 2837 2264 καὶ
2878 2211 2958 2274 είς
2986 2210 3251 2280 τοσαύτην
3277 2204 3450 2279 ἦλθον
3491 2209 3748 2278 περίστα-

2152 2320 2253 2357 σιν.
2283 2283 2445 2356 ν’Λλλ’
2477 2283 2686 2357 οὐδέ-’σε
2735 2301 2908 2375 οἶμαι,
2940 2303 3095 2376 κύριέ
3131 2320 3229 2373 μου
3268 2303 3477 2372 Πέτρε,
3511 2302 3743 2368 ἀγνοεῖν.

2147 2393 2228 2447 ὅτι
2289 2395 2323 2465 ἡ
2371 2393 2568 2447 πλείων
2621 2393 2882 2465 ἐπιθυμία
2931 2393 2989 2460 ἐξ
3031 2392 3303 2462 εὐθυμιῶν
3344 2393 3589 2460 γίνεται·
3633 2391 3747 2442 ὅθεν

2147 2484 2259 2554 ἐγὼ
2308 2486 2366 2538 ὲν
2413 2485 2648 2557 εὐθυμία
2700 2487 3114 2557 σωφρονήσασα,
3162 2486 3219 2537 ὲν
3272 2483 3566 2554 δυσθυμία
3616 2483 3747 2552 πρὸς

2147 2575 2340 2646 ἡδονὰς
2368 2578 2566 2650 ἑαυτὴν
2594 2580 2693 2631 οὐκ
2729 2578 3003 2650 ἐκδίδωμι.
3054 2577 3213 2630 Ἀλλά
3243 2577 3382 2648 μηδὲ
3404 2576 3514 2629 νῦν
3548 2592 3744 2628 κακου-

2147 2669 2269 2738 χίας
2298 2670 2639 2741 ἀπηλλάχθαι
2677 2671 2905 2743 νομίσῃς
2933 2689 3032 2742 μου
3069 2671 3168 2740 τὴν
3195 2669 3397 2740 ψυχὴν,
3430 2670 3543 2739 τὴν
3574 2667 3746 2729 ποσῶς

2148 2759 2500 2830 παραμυθίας
2531 2760 2814 2830 τυχοῦσαν,
2844 2760 2932 2814 διὰ
2955 2761 3051 2832 τὴν
3082 2759 3398 2829 Κλήμεντος
3433 2758 3746 2828 ἀναγνώρι-

2150 2867 2244 2903 σιν.
2290 2850 2766 2922 Ἀντεισερχομένη
2794 2851 2964 2922 γάρή
3009 2852 3072 2902 ὲκ
3101 2848 3209 2902 τῶν
3251 2846 3346 2900 δύο
3379 2865 3493 2917 μου
3545 2848 3744 2899 τέκνων

2147 2939 2352 3011 ἀθυμία
2377 2940 2417 3005 ³,
2448 2942 2541 2994 καὶ
2569 2941 2666 3012 τὴν
2707 2941 2888 3006 ποσῶς
2921 2943 3158 3014 ἀμαυροῖ
3199 2938 3396 3010 χαράν.
3431 2939 3623 2990 Λυπεί
3642 2937 3746 3008 γάρ

2147 3033 2292 3103 ἡμᾶς
2316 3032 2376 3086 οὐ
2406 3033 2660 3086 τοσοῦτον
2686 3033 2746 3086 τὸ
2775 3035 2832 3087 έν
2859 3036 2924 3104 τῇ
2948 3031 3192 3103 θαλάσσῃ
3227 3029 3462 3092 τούτους
3496 3047 3746 3101 παραπο-

2146 3121 2350 3188 λέσθαι,
2381 3123 2504 3176 ὅσον
2533 3123 2626 3177 καὶ
2651 3124 2672 3154 ⁸
2702 3124 2870 3208 χωρὶς
2898 3121 2996 3192 τῆς
3035 3122 3114 3184 εἰς
3140 3121 3273 3173 Θεὸν
3302 3119 3605 3182 εὐσεϐείας
3637 3120 3746 3170 δια-

2150 3211 2414 3284 φθαρῆναι
2447 3214 2582 3284 μετά
2611 3231 2672 3282 γε
2701 3214 2807 3266 τῶν
2837 3211 3023 3283 ψυχῶν
3053 3211 3234 3273 αὐτοῖς
3264 3211 3362 3264 καὶ
3388 3209 3468 3264 τὰ
3495 3211 3742 3281 σώματα.

2160 3303 2215 3355 Ὀ
2245 3303 2303 3356 δὲ
2351 3302 2558 3356 τούτων
2610 3303 2813 3374 πατὴρ,
2849 3302 2978 3372 έμὸς
3023 3300 3080 3354 δὲ
3127 3299 3402 3362 σύνευνος,
3454 3299 3540 3359 ὠς
3601 3299 3747 3370 παρά

2147 3395 2459 3467 Κλήμεντος
2502 3394 2719 3466 ἔμαθον,
2755 3395 2844 3448 ὲπί
2891 3411 2950 3448 τε
2999 3393 3099 3462 τὴν
3128 3392 3264 3462 ἐμὴν
3302 3392 3402 3444 καὶ
3447 3391 3569 3444 τῶν
3621 3392 3747 3445 υἱῶν

2145 3485 2368 3558 ζήτησιν
2413 3484 2601 3548 ἒκδάς,
2651 3484 2924 3548 τοσούτοις
2957 3485 3131 3538 ἔτεσιν
3160 3485 3375 3554 ἀφανής
3415 3485 3568 3537 ἐστι·
3620 3488 3749 3539 πάν,

2144 3595 2250 3640 τως
2277 3577 2333 3631 δὲ
2368 3577 2460 3630 καὶ
2488 3576 2647 3640 αὐτὸς
2683 3576 3019 3647 ἐτελεύτησε.
3051 3576 3160 3628 Καὶ
3192 3574 3297 3646 γὰρ
3327 3576 3356 3627 ὁ
3385 3575 3749 3647 ταλαίπωρος

2145 3667 2251 3721 ὑπὸ
2299 3667 2647 3739 σωφροσύνης
2699 3684 2765 3737 με
2818 3666 3066 3736 ἀγαπῶν,
3105 3667 3422 3735 φιλότεκνος
3479 3663 3578 3738 ἦν’
3634 3671 3749 3722 ὅθεν

2143 3760 2356 3813 πάντων
2388 3759 2542 3830 ἡμῶν
2586 3758 2696 3814 τῶν
2745 3759 2888 3833 ὑπὲρ
2931 3758 3108 3812 πάντα
3163 3759 3557 3828 ἠγαπημένων
3605 3761 3752 3830 αύτῴ

2142 3851 2420 3922 στερηθεὶς
2448 3851 2476 3904 ὁ
2516 3849 2714 3922 γέρων,
2755 3849 2860 3905 ὑπὸ
2899 3850 3158 3922 μεγίστης
3187 3849 3427 3922 ἀθυμίας
3461 3853 3751 3924 sum,”

2140 3958 2290 4015 νηκε.

2208 4051 2340 4108 CIII.
2377 4052 2490 4123 Τῆς
2518 4052 2575 4105 δὲ
2619 4052 2824 4124 μητρὸς
2851 4051 3024 4108 ταῦτα
3068 4051 3336 4124 λεγούσης
3363 4053 3686 4118 ἀκούοντες
3707 4059 3750 4110 οί

2139 4145 2346 4209 παῖδες,
2375 4145 2560 4198 οὐκέτι
2584 4145 2724 4198 κατὰ
2752 4145 2853 4216 τὴν
2883 4144 2977 4197 τοῦ
3009 4145 3217 4216 Πέτρου
3253 4147 3602 4216 παραίνεσιν
3631 4151 3752 4219 ἠδύ-

2137 4254 2297 4290 ναντο
2349 4237 2582 4305 στέγειν·
2639 4236 2752 4290 ἀλλ’
2785 4237 3114 4300 ἀναστάντες
3153 4237 3598 4308 περιεπλέκοντο
3631 4245 3748 4295 τότε

2138 4329 2296 4401 αὐτῇ,
2328 4328 2422 4381 καὶ
2445 4328 2673 4400 δάκρυσι
2701 4331 2724 4364 ⁸
2760 4329 3097 4397 κατεφίλουν.
3144 4327 3260 4397 Ἐφ’
3286 4322 3332 4395 ᾧ
3351 4329 3418 4400 δὴ
3444 4333 3548 4384 καὶ
3580 4336 3622 4405 ἡ
3653 4337 3749 4404 μή-

2139 4437 2245 4494 τηρ
2273 4419 2706 4488 καταπλαγεῖσα,
2735 4420 2789 4473 τί
2819 4419 2961 4472 θέλοι
3002 4419 3161 4473 τοῦτο
3188 4415 3354 4484 εἶναι,
3390 4422 3505 4474 ὑπὸ
3545 4425 3749 4479 ἐκστά-

2143 4528 2285 4574 σεως
2314 4511 2502 4583 ὥσπερ
2531 4511 2624 4564 καὶ
2647 4511 2867 4579 ἀγνοίας
2895 4511 3002 4565 τῶν
3022 4511 3342 4582 γινομένων,
3375 4512 3605 4582 ἠρώτα.
3644 4517 3748 4567 Καὶ

2139 4605 2168 4655 ὁ
2198 4603 2400 4674 Πέτρος
2440 4602 2619 4668 εὐθύς,
2643 4602 3016 4674 Παράστησον,
3048 4597 3092 4656 ὧ
3131 4602 3310 4670 γύναι,
3360 4604 3592 4675 εἴρηκε,
3623 4625 3745 4675 γεν-

2140 4695 2304 4758 ναίως
2331 4695 2422 4748 τὸν
2449 4694 2575 4748 νοῦν
2605 4711 2719 4758 σου,
2751 4693 2892 4774 ὥστε
2929 4694 3039 4748 τῶν
3079 4694 3186 4748 σῶν
3213 4694 3385 4766 ἡδέως
3423 4696 3747 4752 ἀπολαῦσαι

2137 4789 2361 4842 τέκνων.
2392 4783 2550 4842 Οῦτοι
2587 4788 2696 4860 γάρ
2736 4789 2840 4840 εἰσι
2863 4789 3152 4850 Φαυστίνος
3187 4789 3280 4841 καὶ⁵
3314 4790 3741 4856 Φαυστινιανὸς,

2138 4880 2232 4944 οὓς
2258 4880 2441 4949 ἔλεγες
2464 4883 2519 4934 ὲν
2552 4881 2695 4952 βυθῷ
2721 4881 2989 4943 τεθνάναι,
3019 4883 3112 4934 καὶ
3136 4873 3212 4934 ῶν
3236 4881 3298 4933 τὸ
3325 4881 3536 4946 πένθος
3578 4885 3745 4938 ἀϐίω-

2139 4990 2230 5030 τον
2259 4973 2425 5026 ἐτίθει
2458 4991 2549 5026 σου
2573 4974 2592 5005 ⁸
2619 4975 2716 5044 τὴν
2741 4972 2903 5044 ζωήν.
2936 4973 3060 5035 Πῶς
3083 4974 3141 5026 δὲ
3173 4973 3338 5028 αὑτοῦ
3361 4977 3391 5028 ὁ
3424 4977 3531 5045 μὲν
3563 4979 3740 5048 Νικὴ-

2135 5081 2255 5136 της,
2280 5067 2308 5118 ὁ
2336 5065 2394 5118 δὲ
2437 5065 2666 5128 ’Δκύλας
2696 5065 2957 5127 καλεῖται,
2989 5064 3144 5117 αὐτοὶ
3188 5066 3370 5128 καλῶς
3413 5067 3738 5136 λεγέτωσαν

2133 5175 2193 5211 τε
2223 5158 2316 5211 καὶ
2346 5158 2758 5210 διδασκέτωσαν.
2791 5155 2974 5208 Ταῦτα
3012 5156 3110 5209 τοῦ
3157 5158 3365 5228 Πέτρου
3411 5160 3676 5226 εἰπόντος
3706 5164 3735 5232 ή

2138 5249 2321 5320 μήτηρ
2351 5249 2590 5320 ἀμέτρου
2624 5246 2920 5317 πλησθεῖσα
2949 5250 3142 5318 χαρᾶς,
3181 5249 3382 5318 μικροῦ
3421 5249 3498 5303 ἂν
3530 5255 3732 5307 ἀπολε-

2134 5339 2311 5393 λοίπει
2363 5340 2455 5394 καὶ
2489 5339 2587 5409 τὴν
2636 5339 2824 5409 πνοήν*
2878 5338 3245 5407 ἀνενεγκοῦσα
3271 5340 3328 5392 δὲ
3384 5341 3572 5411 ὅμως,
3643 5347 3733 5398 καὶ

2130 5432 2318 5502 ὥσπερ
2355 5431 2551 5502 ἑαυτῆς
2581 5433 2600 5463 ⁷
2630 5429 2912 5502 γενομένη,
2950 5431 3127 5483 Τέκνα
3155 5449 3256 5501 μου
3308 5432 3573 5500 ποθεινὰ,
3603 5439 3727 5506 ἔφη,

1712 5594 1946 5650 νΑΠΙΛΕ
1983 5593 2382 5650 LECTIONES.

538 5685 651 5772 ιιίιιζ
697 5685 1125 5772 συγαλιζόμεθα..
1183 5688 1608 5772 ’.τι1.-ι)ιίιξροιι.
1656 5687 1748 5758 μή.
1831 5687 1850 5718 ³
1891 5686 1959 5739 al.
2005 5685 2332 5759 βαρυθυμία.
2413 5689 2432 5719 ⁸
2473 5687 2541 5741 al.
2586 5687 2661 5772 τά.

451 5753 484 5824 ,⁷
524 5754 592 5810 al.
635 5756 720 5823 ἐφ’
748 5753 966 5828 ἑαυτῆςζ
998 5759 1068 5812 al.
1110 5757 1165 5811 ὲν
1200 5753 1389 5830 ἑαυτῇζ

2767 5687 2787 5718 ⁵
2828 5688 2898 5741 al.
2944 5689 3042 5742 σὺν
3069 5689 3325 5763 δάκρυσι.
3440 5691 3464 5725 ⁸
3509 5697 3588 5751 al.
3619 5713 3712 5753 σοι
