3834 6220
126 305 240 372 545

945 307 1406 366 CLEMENTINA.
1444 339 1513 349 -—-
1551 305 1847 363 ΕΡΙΤΟΜΕ
1882 304 1968 361 DE
2002 306 2252 364 GESTIS
2289 307 2348 363 S.
2389 304 2616 363 PETRl.

3292 299 3400 358 546

123 428 296 482 τέκνα
326 428 656 497 γλυκυτατα,
682 426 848 479 τέκνα
878 428 1103 500 καρδίας
1125 428 1405 492 καύσωνες
1431 427 1530 499 τῆς
1556 426 1714 496 ἐμῆς,

1827 425 1914 479 lilii
1943 426 2164 480 ardores
2208 425 2390 480 cordis
2420 398 2547 491 mei,
2591 422 2754 479 dicite
2785 421 2920 478 mihi
2946 435 3200 493 quaenam
3233 435 3300 475 vo
3315 419 3366 476 bi

126 517 323 572 εἴπατέ
355 535 464 589 μοι,
497 517 618 570 τίνα
647 517 712 589 δη
755 516 826 572 τά
863 517 1005 572 κατὰ
1032 519 1056 550 ⁸
1081 520 1182 586 τὴν
1227 519 1471 591 χαλεπὴν
1504 519 1720 589 ἐκείνην

125 608 302 664 νύκτα
333 606 616 678 συμϐάντα
653 608 800 678 ὑμῖν.

196 696 337 753 CIV.
369 698 480 749 Kal.
517 697 546 749 6
569 695 815 767 Νικήτης
856 695 1051 751 αὐτίκα
1079 697 1172 752 τὸν
1213 697 1369 767 λόγον
1417 697 1721 764 ἀναλαϐὼν,

125 793 302 855 οὕτως
341 789 466 860 ἔφη·
513 784 775 866 Ἦμῖνκῶ
832 793 1026 864 μῆτερ,
1063 793 1139 857 ὡς
1181 777 1358 858 οἶσθα,
1401 794 1496 848 τοῦ
1533 795 1720 850 πλοίου

126 887 269 940 κατά
307 887 410 959 τὴν
457 885 628 941 νύκτα
655 888 677 919 ⁹
704 887 1110 960 διαρραγέντος,
1141 889 1335 962 ἄνδρες
1378 891 1521 954 τινὲς
1565 893 1622 944 ἐν
1644 890 1722 963 τῷ

128 979 278 1050 βυθῷ
305 978 591 1050 λῃστεύειν
621 978 682 1032 οὐ
715 979 1034 1045 δεδοικότες,
1065 982 1214 1052 ἡμᾶς
1255 979 1590 1052 ἀνελόμενοι,
1628 983 1722 1036 καί

125 1087 233 1122 τινι
268 1069 549 1139 ἐνθέμενοι
591 1070 810 1140 σκάφει,
853 1070 1044 1124 ἔπειτα
1072 1071 1130 1125 δὲ
1177 1071 1390 1136 κώπαις
1429 1073 1719 1145 χρώμενοι,

127 1162 208 1224 είς
236 1160 340 1232 τὴν
371 1160 685 1231 Στράτωνος
729 1156 863 1232 ἦγον
908 1161 1265 1235 Καισάρειανο
1313 1165 1476 1219 κάκεῖ
1518 1166 1722 1238 σφόδρα

130 1253 525 1324 συνεχομένους
563 1255 712 1326 ἡμᾶς
764 1253 844 1325 τῷ
871 1253 1036 1326 λιμῷ,
1068 1254 1205 1326 πρὸς
1225 1255 1281 1309 δὲ
1312 1256 1407 1310 καὶ
1453 1259 1722 1330 περιδεεῖς

126 1343 311 1406 ὄντας,
347 1344 420 1414 μή
443 1361 494 1396 τι
526 1345 620 1397 καὶ
650 1344 920 1416 προπετὲς
949 1342 1174 1396 καὶτῶν
1199 1344 1382 1408 αὐτοῖς
1412 1344 1474 1397 οὐ
1505 1344 1724 1399 δοκούν-

126 1452 238 1488 των
285 1434 668 1505 φθεγξώμεθα,
702 1437 898 1488 ἐκεῖνοι
933 1434 1000 1490 τὰ
1045 1434 1284 1506 ὀνόματα
1318 1434 1476 1507 ήμῶν
1507 1435 1720 1508 διαμεί-

124 1526 356 1596 ψαντες,
389 1527 470 1590 είς
514 1526 755 1580 δουλείαν
805 1526 1005 1590 ἀθλίως
1033 1527 1311 1581 ἀπέδοντο.
1349 1527 1491 1599 Γυνὴ
1533 1528 1591 1582 δέ
1639 1547 1723 1595 τις

125 1618 280 1689 ἡμᾶς
327 1618 602 1682 Ἰουδαίοις
649 1620 985 1693 προσήλυτος
1035 1619 1310 1688 ἀξιόλογος
1341 1622 1504 1686 πάνυ,
1553 1621 1724 1694 δνομα

139 1711 356 1766 Ἰουστα
400 1713 751 1786 ὠνησαμένη,
783 1715 841 1767 ἐν
877 1712 1085 1767 τέκνων
1122 1713 1385 1783 ἐφύλαττε
1419 1716 1604 1788 μοίρᾳ,
1629 1723 1722 1769 καὶ

1824 515 1877 572 in
1910 518 1997 572 illa
2026 533 2168 574 saeva
2190 528 2347 574 nocte
2376 517 2728 587 contigerint.

1891 688 2032 752 CIV.
2063 694 2202 752 Tum
2227 694 2464 761 Nicetas,
2493 693 2780 751 confestim
2815 703 3093 762 resumpto
3121 703 3377 746 sermone

1822 787 1897 842 ita
1946 788 2064 842 inlit
2090 805 2103 842 :
2134 785 2362 854 Quando
2413 787 2591 854 nobis,
2630 801 2664 842 o
2704 795 2900 852 mater,
2937 782 3398 854 quemadmodum

1823 881 1952 948 scis,
1991 881 2267 951 navigium
2313 889 2477 934 noctu
2505 879 2814 948 disruptum
2853 885 2958 944 est,
2993 875 3242 931 homines
3277 874 3398 945 qui-

1822 971 1947 1026 dam
1978 972 2072 1044 qui
2108 972 2159 1025 in
2193 972 2329 1026 mari
2359 971 2570 1042 praedas
2598 984 2762 1040 agere
2793 985 2902 1024 non
2933 975 3211 1034 verentur,
3243 982 3402 1036 cepe-

1821 1075 1953 1122 runt
1974 1082 2095 1133 nos,
2122 1075 2176 1121 et
2204 1066 2420 1136 scaphae
2461 1074 2866 1135 imposuerunt;
2902 1071 3199 1134 posteaque
3233 1063 3402 1118 remis

1823 1160 1932 1228 usi,
1955 1159 2229 1215 duxerunt
2270 1157 2574 1212 Caesaream
2606 1157 2876 1212 Stratonis
2909 1175 2922 1211 :
2951 1166 3114 1226 atque
3145 1156 3217 1210 ibi
3238 1156 3402 1210 vehe-

1823 1261 2034 1308 menter
2057 1251 2200 1306 l'ame
2229 1265 2597 1320 compressos,
2639 1260 2697 1304 ut
2732 1259 2876 1305 metu
2909 1249 3083 1304 aﬂ'ecti
3112 1249 3245 1304 nihil
3265 1264 3402 1319 pra:-

1823 1359 1971 1415 ceps,
2001 1345 2256 1415 quodque
2294 1341 2362 1398 iis
2390 1343 2699 1413 displiceret
2747 1342 3127 1412 loqueremur;
3162 1341 3260 1407 illi,
3304 1357 3404 1394 no-

1823 1435 2064 1491 minibus
2089 1434 2290 1490 nostris
2323 1435 2566 1501 mutatis,
2603 1434 2656 1488 in
2703 1436 3018 1490 servitutem
3050 1435 3248 1491 misere
3286 1444 3401 1490 tra-

1821 1528 2099 1584 diderunt.
2139 1526 2310 1582 Porro
2341 1527 2538 1581 mulier
2564 1526 2811 1598 quaedam
2857 1528 2999 1596 apud
3030 1525 3249 1581 Judaaos
3276 1541 3404 1597 pro-

1823 1622 2016 1693 selyta,
2067 1619 2224 1675 valde
2274 1619 2584 1686 laudabilis,
2636 1617 2857 1673 nomine
2905 1617 3083 1686 Justa,
3127 1633 3252 1673 cum
3303 1634 3402 1673 nos

1823 1715 2067 1779 emisset,
2100 1713 2292 1768 habuit
2335 1714 2455 1767 loco
2488 1712 2747 1778 ﬁliorum,
2782 1711 3150 1779 omnibusque
3196 1709 3402 1765 Graecis

126 1803 284 1875 πάσῃ
328 1805 581 1877 ἐλληνικῇ
617 1804 833 1876 παιδεία
882 1803 1020 1875 μετὰ
1058 1803 1294 1875 σπουδῆς
1327 1803 1716 1870 ἐξεπαίδευσεν.

1827 1806 2126 1876 disciplinis
2163 1805 2408 1860 studiose
2448 1806 2703 1861 erudivit.
2737 1802 2849 1859 Nos
2895 1820 3023 1859 vero
3049 1819 3143 1874 per
3186 1811 3402 1858 aetatem

137 1895 337 1966 Ἡμεῖς
376 1896 432 1950 δὲ
469 1897 748 1968 γινόμενοι
798 1895 1117 1966 ἐφ’ήλικίας
1160 1896 1448 1968 ἔμφρονες,
1489 1897 1583 1950 καὶ
1622 1898 1722 1971 τὴν

123 1984 434 2057 θρησκείαν
449 1989 832 2058 ἠγαπήσαμεν,
847 1987 939 2039 καὶ
950 1986 1017 2039 τὰ
1032 1987 1130 2058 τῆς
1144 1986 1388 2050 παιδείας
1399 1987 1720 2060 ἐφιλοπονή-

125 2095 329 2148 σαμεν,
364 2080 512 2143 ὅπως
542 2079 678 2151 πρὸς
701 2078 768 2132 τὰ
789 2078 951 2132 λοιπά
980 2078 1107 2149 ἔθνη
1147 2078 1536 2151 διαλεγόμενοι,
1568 2079 1710 2150 ἐλέγ-

123 2186 248 2239 χειν
275 2170 416 2223 αὐτά
437 2172 565 2244 περὶ
595 2171 801 2244 πλάνης
814 2170 1052 2234 δυνατῶς
1077 2171 1309 2242 ἔχωμεν,
1335 2171 1720 2244 ηκριδώσαμεν

121 2261 183 2313 δέ
215 2262 314 2316 καὶ
344 2261 414 2315 τὰ
460 2262 783 2333 φιλοσόφων,
812 2263 1103 2333 ἐξαιρέτως
1138 2262 1207 2315 τὰ
1235 2261 1534 2316 ἀθεώτατα.
1563 2264 1720 2332 Λέγω

121 2354 191 2426 δὴ
247 2354 318 2407 τὰ
362 2355 683 2428 Ἐπικούρου
732 2356 825 2409 καὶ
877 2355 1190 2428 Πύρῤωνος,
1237 2358 1324 2411 ἵνα
1375 2358 1467 2411 καὶ¹
1520 2357 1719 2429 μᾶλλον

122 2449 527 2513 ἀνασκευάζειν
552 2448 858 2520 δυνώμεθα.

195 2560 315 2617 CV.
339 2562 542 2632 Σίμωνι
570 2562 625 2614 δέ
649 2579 753 2616 τινι
779 2562 954 2633 Μάγῳ
977 2561 1158 2633 σχεδὸν
1192 2561 1470 2632 γενόμενοι
1495 2558 1718 2634 σύντρο-

123 2671 256 2723 φοι,
309 2653 493 2723 φιλίας
555 2655 658 2725 eaq.
713 2655 1056 2726 ἀπατηθῆναι
1129 2653 1226 2726 ήδη
1289 2652 1714 2724 ἐκινδυνεύομεν.

126 2746 327 2815 Ὅμως
364 2745 557 2809 ταῦτα,
595 2745 791 2817 μῆτερ,
832 2747 923 2798 ἐπὶ
971 2744 1162 2817 καιροῦ
1201 2763 1282 2798 σοι
1332 2745 1718 2816 ἀκριϐέστερον

124 2836 503 2906 ἐκτεθήσεται.
533 2837 679 2908 Πλὴν
705 2837 986 2908 μέλλουσιν
1009 2839 1138 2908 ήμῖν
1159 2837 1468 2891 ἀπατᾶσθαι
1495 2836 1598 2890 ὑπὸ
1623 2835 1716 2890 τοῦ

125 2930 398 2998 Σίμωνος,
429 2930 641 3001 ἑταῖρός
674 2947 758 2992 τις
800 2928 894 2982 τοῦ
928 2930 1118 3001 κυρίου
1150 2929 1304 3000 ἡμῶν
1339 2928 1546 3000 Πέτρου
1576 2931 1717 2982 Ζακ-

125 3026 285 3092 χαῖος
317 3021 625 3091 λεγόμενος,
651 3022 1063 3094 προσηκάμενος
1088 3021 1405 3092 ἐνουθέτησε
1434 3021 1507 3094 μὴ
1534 3021 1720 3074 συνθέ-

127 3113 367 3184 σθαιτῷ
403 3114 582 3184 μάγῳο
621 3115 897 3168 ἐπελθόντι
937 3113 994 3168 δὲ
1020 3114 1098 3186 τῷ
1121 3115 1312 3185 Πέτρῳ
1352 3116 1717 3186 προσήγαγεν,
1747 3142 1788 3199 C

123 3207 283 3269 ὅπως
309 3207 459 3276 ἡμᾶς
494 3205 914 3278 πληροφορήσας
949 3207 1114 3280 πείσῃ
1142 3208 1269 3277 περὶ
1301 3207 1410 3259 τῶν
1436 3209 1502 3277 τῇ
1536 3206 1718 3260 θεοσε-

126 3298 256 3368 ϐείᾳ.
291 3297 672 3369 διαφερόντων.
714 3298 805 3378 4,2.
845 3299 939 3351 καὶ
986 3298 1067 3362 σέ,
1101 3299 1294 3370 μῆτερ,
1336 3299 1622 3370 εὐχόμεθα,
1645 3298 1720 3365 ὡς

127 3391 294 3460 ἡμεῖς
326 3389 740 3462 κατηξιώθημεν
779 3391 1017 3459 ἀγαθῶν,
1043 3391 1248 3444 τούτων
1287 3393 1380 3445 καὶ
1417 3392 1588 3464 αὐτὴν
1621 3410 1715 3463 με·

126 3484 377 3552 τασχεῖν,
408 3483 556 3545 ὅπως
588 3483 780 3536 κοινῶν
805 3484 947 3538 ἀλῶν
974 3483 1067 3537 καὶ
1099 3483 1378 3556 τραπέζης
1405 3484 1719 3556 δυνηθῶμεν

131 3573 480 3644 μεταλαϐεῖν.
513 3573 660 3645 Αὕτη
692 3570 785 3628 οὖν
833 3575 977 3628 ἐστιν
1009 3576 1042 3646 ή
1072 3575 1241 3642 αἰτία,
1266 3574 1332 3629 δι’
1365 3577 1434 3648 ἢν
1474 3576 1721 3649 ἐνόμιζες

129 3667 282 3736 ἡμᾶς
306 3667 366 3718 ἐν
389 3668 455 3736 τῇ
483 3665 726 3738 θαλάσσῃ
757 3665 1010 3720 τεθνάναι
1053 3666 1114 3721 “.

201 3780 344 3836 CVI.
386 3781 570 3834 Ταῦτα
627 3780 722 3834 τοῦ
788 3780 1083 3833 Φαυστίνου
1142 3778 1421 3843 εἰπόντος,
1461 3781 1494 3850 ή
1539 3780 1719 3851 μήτηρ

127 3875 295 3947 ήμῶν
340 3875 643 3946 προσέπεσε
681 3873 759 3944 τῷ
799 3873 1008 3943 Πέτρῳ,
1066 3872 1292 3944 δεομένη
1342 3871 1434 3925 καὶ
1472 3871 1717 3938 ἀξιοῦσα,

129 3967 288 4028 ὅπως
318 3965 487 4036 αὐτήν
523 3981 582 4016 τε
608 3963 702 4016 καὶ
731 3964 828 4035 τὴν
865 3960 1135 4033 ξενοδόχον
1160 3962 1329 4033 αὐτῆς
1360 3963 1718 4033 μεταπεμψά-

133 4074 302 4129 μενος
317 4055 552 4126 βαπτίσῃ
575 4072 587 4085 ’
612 4056 747 4118 Ἵνα,
765 4055 917 4125 φησὶ,
955 4055 1193 4125 μηδεμία
1221 4071 1303 4116 τις
1331 4054 1555 4125 ἄμοιρος
1586 4053 1721 4124 ἠμέ-

135 4165 208 4219 ρα
253 4147 516 4218 γένηται,
576 4145 672 4216 ἀφ’
709 4140 777 4216 ἧς
817 4143 886 4198 τά
923 4144 1168 4215 ἐμαυτῆς
1218 4142 1490 4197 ἀπέλαϐον
1531 4145 1715 4208 τέκνα,

132 4239 263 4295 καθ’
299 4240 368 4310 ἢν
403 4239 472 4293 ἂν
505 4239 566 4291 οὐ
614 4238 1018 4308 συνεστιαθείην
1047 4237 1231 4302 αὐτοῖς
1257 4237 1316 4287 ⁸⁸.
1340 4236 1451 4290 Καὶ
1475 4238 1634 4307 ἡμῶν
1661 4237 1719 4290 δὲ

129 4333 208 4386 τὰ
249 4332 498 4402 ὃμοιατῇ
534 4329 700 4401 μητρὶ
746 4329 1217 4393 συνικετευόντων,
1260 4329 1289 4382 ό
1331 4328 1536 4400 Πέτρος
1576 4329 1714 4399 ἔφη·

132 4424 204 4478 Τί
227 4423 427 4488 οἴεσθε,
459 4423 616 4492 μόνος
645 4421 754 4490 ἐγὼ
771 4421 1115 4492 ἀσπλαγχνός
1145 4422 1281 4491 είμι,
1311 4420 1392 4473 ὅτι
1416 4420 1490 4492 μὴ
1535 4419 1719 4491 βούλο-

136 4534 241 4588 μαι
281 4489 695 4584 συνεστιαθῆναι
731 4513 874 4585 ὑμᾶς
909 4489 1212 4583 τῇνμητρὶ,
1241 4489 1488 4583 σήμερον-
1525 4489 1720 4582 βαπτί-
1751 4489 1794 4544 D
1825 4494 1992 4559 "650i.

135 4624 243 4670 σας
285 4607 457 4677 αὐτήν
487 4606 572 4671 ";
609 4605 682 4659 Οὐ
718 4605 817 4675 μὲν
844 4598 956 4658 οὖν.
1004 4602 1163 4656 Ἀλλά
1204 4601 1306 4655 κᾶν
1352 4602 1480 4672 μίαν
1502 4601 1716 4673 ἡμέραν

136 4699 248 4770 πρὸ
292 4697 389 4751 τοῦ
441 4697 796 4768 βαπτισθῆναι
848 4694 1140 4766 νηστεῦσαι
1198 4694 1364 4766 αὐτὴν
1390 4695 1490 4747 δεῖ”
1532 4696 1716 4748 snsi.“

134 4789 234 4845 καί
259 4807 381 4843 τινα
405 4789 547 4860 ὑπὲρ
581 4789 779 4860 ἑαυτῆς
818 4788 1115 4858 ἐφθέγξατο
1137 4789 1170 4856 ὴ
1198 4788 1397 4857 μήτηρ·
1445 4787 1586 4857 τάχα
1606 4787 1715 4859 γὰρ

131 4881 185 4934 εί
246 4879 323 4951 μὴ
368 4877 561 4944 τοῦτο,
621 4877 831 4931 πολλῶν
879 4876 1105 4950 ἡμερῶν
1171 4875 1337 4948 αὐτὴν
1395 4876 1713 4948 ἀγνισθῆναι

132 4973 248 5028 ἔδει
278 4972 343 5025 ¹⁵.

207 5063 366 5119 CVII.
420 5063 693 5136 Ἐρομένῳ
720 5059 831 5117 οὖν
881 5081 990 5133 μοι,
1022 5063 1076 5115 τί
1100 5062 1207 5134 ἄρα
1241 5062 1334 5116 καὶ
1363 5062 1706 5136 φθεγξαμένη

1823 1899 1949 1954 facti
1974 1898 2288 1970 prudentes,
2319 1906 2372 1953 et
2407 1898 2723 1968 religionem
2760 1896 3090 1961 amavimus,
3119 1905 3174 1948 et
3209 1894 3404 1949 litteris

1822 1992 2066 2062 gnaviter
2089 2006 2311 2060 operam
2336 1990 2624 2056 dedimus;
2655 1997 2712 2043 ut
2743 2003 2868 2043 cum
2901 1986 3127 2056 reliquis
3149 1984 3403 2056 gentibus

1823 2083 2184 2154 disputantes,
2234 2097 2328 2137 eas
2378 2095 2666 2152 possemus
2708 2080 2775 2134 de
2821 2093 3010 2136 errore
3060 2091 3290 2147 arguere
3335 2076 3400 2130 ".

1822 2172 2218 2228 Perdidicimus
2240 2173 2403 2227 etiam
2431 2171 2882 2241 philosophorum
2902 2170 3138 2232 decreta,
3165 2168 3404 2221 maxime

1823 2280 1944 2334 quae
1976 2280 2006 2317 a
2037 2265 2233 2334 pietate
2274 2264 2326 2317 in
2369 2262 2540 2317 Deum
2580 2262 2914 2317 alienissima
2950 2272 3122 2316 sunt:
3160 2259 3402 2328 Epicuri,

1824 2355 2070 2424 inquam,
2094 2365 2146 2408 et
2175 2353 2506 2424 Pyrrhonis;
2546 2367 2657 2421 quo
2680 2361 2734 2404 et
2756 2351 2932 2420 magis
2961 2365 3249 2420 possemus
3277 2366 3404 2403 con-

1823 2447 2022 2502 futate.

1889 2561 2001 2619 CV.
2042 2561 2310 2617 Caeterum
2357 2576 2464 2614 una
2504 2576 2628 2615 cum
2684 2561 2909 2615 Simone
2959 2561 3202 2630 quodam
3243 2559 3401 2633 Mago

1819 2656 2064 2721 educati,
2097 2656 2304 2709 ratione
2344 2654 2618 2718 anneitias,
2652 2654 2708 2708 in
2755 2652 3000 2708 fraudem
3033 2655 3147 2709 fere
3198 2655 3402 2710 inducti

1821 2749 2046 2803 fuimus.
2081 2746 2282 2800 Verum
2309 2747 2411 2800 ista
2436 2746 2779 2822 tibi,.mater,
2813 2747 2865 2800 in
2900 2757 3141 2817 tempore
3173 2748 3403 2819 diligen-

1822 2841 1930 2894 tius
1960 2848 2322 2909 exponentur.
2355 2835 2460 2892 Sed
2507 2853 2632 2891 cum
2682 2838 2985 2907 decipiendi
3031 2855 3280 2893 essemus
3309 2856 3402 2908 per

1823 2932 2124 2997 Simonem,
2168 2930 2455 2985 familiaris
2501 2931 2725 3001 quidam
2765 2930 2972 2984 domini
3030 2932 3204 2985 nostri
3233 2930 3398 2998 Petri,

1822 3022 2115 3077 Zaccbaaus
2142 3022 2342 3088 dictus,
2377 3023 2641 3076 accedens
2688 3023 2903 3076 monuit
2927 3038 2992 3076 ne
3022 3039 3181 3094 mago
3214 3041 3402 3078 assert-

1824 3117 2082 3182 tiremur,
2117 3114 2388 3185 Petroque
2422 3116 2730 3170 advenienti
2780 3116 2996 3182 obtulit,
3025 3127 3086 3172 ut
3121 3133 3221 3172 nos
3247 3119 3402 3187 plene

1823 3219 1985 3277 atque
2014 3217 2164 3263 certo
2206 3223 2328 3278 quae
2371 3218 2618 3277 spectant
2653 3208 2720 3262 ad
2763 3209 2969 3264 cultum
3019 3208 3113 3263 Dei
3160 3211 3397 3266 doceret.

1822 3301 2005 3368 Quare
2035 3301 2198 3356 etiam
2229 3310 2281 3356 te
2311 3316 2554 3366 oramus,
2584 3311 2774 3363 mater,
2807 3310 2867 3354 ut
2906 3318 3028 3371 quae
3064 3318 3164 3356 nos
3201 3319 3399 3358 conse-

1819 3393 1934 3448 cuti
1962 3408 2153 3447 sumus
2176 3393 2346 3460 bona,
2380 3391 2468 3446 illa
2493 3403 2545 3447 et
2570 3403 2624 3446 tu
2659 3394 2956 3462 percipias;
2988 3409 3098 3463 quo
3120 3395 3399 3450 communi

1821 3487 2035 3546 συιδας
2067 3500 2256 3539 mensa
2310 3484 2386 3537 ttti
2417 3483 2712 3553 possimus.
2771 3483 2843 3536 Ea
2890 3483 3054 3552 igitur
3092 3500 3256 3538 causa
3293 3495 3398 3553 est,

1821 3587 2042 3649 propter
2074 3592 2238 3647 qualn
2271 3591 2370 3630 nos
2399 3577 2452 3629 in
2482 3577 2618 3630 mari
2653 3576 2879 3646 periisse
2909 3576 3254 3630 existimasti.

1890 3753 2026 3810 CVI.
2068 3751 2193 3808 Haec
2243 3767 2368 3807 cum
2445 3751 2741 3807 Faustinus
2798 3751 3118 3820 prolocutus
3179 3750 3395 3816 luisset,

1821 3856 1996 3903 mater
2025 3855 2214 3903 nostra
2246 3843 2478 3915 procidit
2498 3859 2683 3898 coram
2715 3842 2898 3910 Petro,
2931 3859 3131 3914 r0gans
3157 3853 3211 3897 et
3239 3844 3399 3897 obse-

1820 3956 2006 4005 crans,
2058 3939 2133 3993 ut-i
2194 3953 2251 3992 se
2300 3952 2568 4006 suamque
2607 3936 2880 4005 hospitem
2931 3936 3274 4000 accersitam,
3303 3937 3399 3988 ba-

1819 4033 2045 4104 ptizaret
2085 4050 2097 4084 :
2135 4029 2222 4095 Ut,
2263 4029 2460 4098 inquit,
2507 4043 2569 4082 ex
2627 4043 2738 4097 quo
2789 4039 2945 4081 natos
2994 4043 3143 4082 meos
3195 4030 3394 4097 recepi,

1820 4125 2003 4180 nullus
2021 4124 2136 4178 dies
2149 4123 2486 4187 excludatur,
2508 4121 2560 4173 in
2577 4135 2687 4190 quo
2704 4137 2767 4174 cu
2778 4136 2826 4172 nt
2848 4121 2914 4172 iis
2937 4136 3042 4172 non
3067 4121 3394 4189 sumpserim

1821 4217 2024 4272 cibum.
2072 4215 2321 4282 Cumque
2353 4228 2453 4266 nos
2481 4213 2668 4266 eadem
2723 4227 2845 4280 qua:
2877 4221 3047 4265 mater
3075 4227 3397 4281 compreca-

1820 4325 2024 4372 remur,
2078 4307 2271 4362 Petrus
2301 4307 2375 4360 ait
2412 4323 2424 4358 :
2460 4305 2598 4370 Quid
2629 4305 2830 4374 putatis
2865 4346 2880 4369 ,
2912 4319 3056 4358 unus
3092 4320 3191 4373 ego
3216 4305 3396 4358 immi-

1820 4402 2055 4457 sericors
2109 4415 2253 4465 sum,
2306 4398 2452 4467 quod
2513 4396 2680 4449 nolint
2708 4410 2809 4474 ξος
2850 4411 2973 4449 cum
3013 4405 3184 4448 matre
3211 4408 3391 4448 veszra

2051 4493 2212 4546 hodie
2265 4506 2385 4545 eam
2457 4486 3028 4558 baptizanleinime
3081 4502 3231 4542 vero.
3287 4485 3393 4542 Sed

1820 4596 2053 4656 oportet,
2084 4594 2145 4639 ut
2171 4585 2308 4654 ipsa,
2332 4592 2459 4636 ante
2504 4597 2668 4650 quam
2697 4580 3022 4650 baptizctur,
3051 4581 3242 4634 saltem
3282 4596 3392 4634 uno

1818 4679 1906 4735 die
1931 4678 2141 4748 jejunct
2174 4694 2187 4731 :
2221 4674 2664 4746 quandoquidem
2696 4681 2751 4727 et
2776 4673 3039 4726 nonnulla
3086 4687 3186 4742 pro
3224 4689 3282 4727 se
3313 4674 3394 4726 lo-

1820 4780 1944 4826 cuta
1975 4779 2059 4824 est
2088 4779 2262 4823 tnatcr
2298 4768 2484 4837 :quoil
2527 4766 2572 4820 si
2610 4779 2718 4818 non
2765 4773 2931 4832 esset,
2975 4765 3162 4820 multis
3200 4765 3390 4822 diebus

1819 4879 1939 4920 eam
1980 4863 2203 4916 necesse
2232 4859 2423 4914 fuisset
2453 4855 2682 4927 expiari.

1888 5059 2048 5115 CVII.
2090 5057 2448 5138 [interroganti
2495 5070 2625 5126 ergo
2669 5054 2826 5120 mihi,
2861 5053 3121 5124 quidnam
3147 5071 3207 5108 ea
3235 5055 3387 5108 locu-

132 5160 234 5231 τὴν
259 5158 442 5211 πίστιν
471 5156 638 5227 αὐτῆς
666 5157 924 5226 ἐξέφηνεν
954 5155 1016 5218 ¹⁶,
1041 5157 1068 5209 ὁ
1096 5155 1303 5225 Πέτρος
1321 5155 1424 5226 ἔφη
1445 5156 1509 5186 ³⁷·
1563 5156 1713 5208 Ἀπό-

1827 5166 1892 5218 La,
1918 5152 2075 5206 tidem
2102 5165 2254 5205 suam
2288 5149 2601 5213 indicasset,
2646 5144 2840 5200 Petrus
2864 5145 3141 5214 respondit
3175 5163 3186 5198 :
3224 5147 3384 5200 S.:tli«

134 5269 246 5325 χρη
287 5253 382 5306 καὶ
427 5250 584 5322 μόνον
629 5250 799 5321 αὐτῆς
826 5252 858 5321 ή
886 5248 1109 5314 ἀξίωσις
1154 5248 1247 5301 τοῦ
1298 5247 1711 5319 συμδαπτισθῆ-

1818 5246 1892 5303 cit
1916 5249 2182 5299 duntaxat
2213 5241 2357 5296 illius
2383 5237 2676 5311 postulatio
2701 5237 2768 5292 de
2802 5238 3013 5307 hospita
3039 5248 3092 5292 et
3122 5237 3381 5306 beneliea,

1392 5386 1625 5441 VARUE
1665 5384 2070 5441 LECTIONES.

208 5486 231 5517 ⁸
274 5485 429 5554 μετά.
522 5485 558 5554 γ’
599 5484 669 5538 al.
703 5483 866 5537 inser.
918 5481 1138 5554 ἐκείνην
1197 5480 1282 5534 vel
1350 5479 1571 5554 ταυτην.

133 5622 230 5708 sv
567 5627 633 5693 τῇ

139 5700 183 5730 ’⁸
223 5697 296 5750 al.
341 5696 543 5757 ἁπλῶς.

135 5765 441 5837 ἐφθέγξατο
467 5764 718 5832 λόγον,δς
745 5765 862 5834 τήν.
945 5764 987 5795 ¹⁷
1025 5761 1183 5818 Deest
1207 5759 1368 5815 iual.

1691 5479 1732 5511 ιο
1791 5479 2026 5518 “nr-nan,
2093 5479 2128 5518 1-
2193 5493 2223 5518 \'

208 5486 231 5517 ⁸
274 5485 429 5554 μετά.
538 5485 558 5516 ⁹
599 5484 669 5538 al.
703 5483 866 5537 inser.
918 5481 1129 5552 ἐκείνην
1197 5480 1282 5534 vel
1350 5479 1571 5550 ταύτην.
1691 5479 1732 5511 ¹⁰
1791 5479 2029 5547 Recogn.
2093 5477 2130 5529 Ι.
2193 5490 2337 5535 vttt,
2388 5489 2436 5527 c.
2494 5472 2544 5524 7.

135 5557 412 5636 ἐκείνῃτῇ
447 5553 821 5636 χαλεπωτάτῃ⁸
854 5554 1005 5605 νυκτὶ
1051 5553 1154 5604 ὑπὸ
1203 5549 1483 5636 πειρατῶν
1525 5549 1756 5636 ἀχθῆγαι
1799 5552 1861 5633 ἐν
1895 5547 2352 5636 πελάγει.

668 5621 832 5694 μητρὶ
867 5621 1491 5701 συμπαρακαλεσάντων,
1543 5621 1572 5670 ὁ
1609 5621 1810 5690 Πέτρος
1840 5621 1962 5688 ἔφη’
1997 5621 2339 5702 τίνομίξετε

641 5695 682 5725 ¹⁵
725 5696 790 5748 al.
836 5694 956 5747 ἐπεὶ
998 5692 1203 5745 πολλῶν
1243 5693 1464 5760 ἡμερων
1510 5689 1677 5759 αὐτὴν
1726 5689 2179 5758 ἀρελληνισθηναι
2233 5687 2358 5739 εδει.

2663 5471 2807 5523 “al.
2870 5468 2994 5522 adu.
3072 5467 3241 5528 τότε,
3321 5467 3379 5518 ἐν

2431 5542 2474 5614 ὴ,
2495 5540 2925 5614 συνεστιαθεῖσαι
2959 5539 3172 5614 αὐτοῖς·
3207 5535 3380 5614 ταῦτα

2419 5608 2520 5681 γὼ,
2558 5615 2771 5683 μόνος.-
2850 5609 2894 5640 ¹³
2923 5609 2992 5683 al.
3035 5609 3184 5683 deest
3217 5608 3267 5658 in
3296 5609 3378 5683 al.

1909 5635 1962 5688 η’
1997 5619 2048 5670 τί
2093 5615 2339 5688 νομίζετε

2443 5687 2484 5721 ¹⁶
2525 5676 2694 5750 Κάγὼ
2722 5676 2892 5734 εἷπον·
2941 5679 3059 5731 εἰπὲ
3087 5679 3239 5749 ἡμῖν,
3258 5676 3382 5729 τίνα
