3834 6220
458 276 561 333 547

1307 278 1364 334 8.
1400 278 1785 335 CLEMENTIS
1822 280 1842 334 I
1875 278 2039 335 ROM.
2078 280 2279 337 ΡΟΝΤ.
2319 281 2549 337 OPERA
2585 281 2805 338 DUBIA.

3612 282 3718 336 5&8

460 402 522 448 ut
553 407 740 449 secum
786 394 1177 464 baptizaretur.
1224 391 1410 466 Neque
1433 395 1577 450 enim
1603 396 1655 450 Id
1684 396 1895 453 dilectae
1922 412 2033 453 suae

2136 414 2223 451 vat
2247 398 2383 471 αὐτῇ
2428 400 2525 472 τὴν
2578 400 2851 473 ξενοδόχον
2879 402 2973 456 καὶ
2999 402 3274 474 εὐεργέτιν
3301 404 3361 459 ’⁸.
3395 405 3519 458 Ούκ
3562 403 3631 457 ἂν
3659 403 3715 454 ἴε

458 482 602 537 tradi
648 484 997 553 postulasset,
1022 486 1128 540 nisi
1177 486 1330 555 prius
1378 502 1507 557 erga
1550 487 1882 557 baptismum
1907 497 2029 543 tan-

460 589 626 644 quam
659 591 785 644 erga
821 592 1077 646 magnum
1103 577 1307 631 donum
1350 575 1550 632 fuisset
1589 577 1799 634 aﬂ‘ecta.
1849 577 2031 646 Quare

461 679 563 734 ego
624 667 823 723 multos
876 668 1134 724 damnare
1166 684 1272 723 non
1312 670 1503 724 dubito
1535 688 1549 736 ;
1581 670 1723 740 quod
1761 686 1885 726 cum
1926 672 2029 742 ipsi

462 755 715 826 baptizati
761 757 985 824 fuerint,
1037 769 1091 815 et
1118 760 1472 829 proﬁteantur
1505 776 1565 816 se
1595 761 1836 830 credere,
1889 764 2026 818 nihil

448 846 665 903 .faciant
686 849 908 919 dignum
941 851 1067 917 Iide,
1109 865 1287 920 neque
1322 866 1416 906 eos
1444 868 1586 922 quos
1604 853 1838 926 diligunt
1860 855 2025 924 (uxo—

458 954 569 1003 res,
599 941 841 1011 inquam,
874 951 928 996 et
957 942 1117 1008 ﬁlios,
1148 950 1312 1013 atque
1334 944 1564 1015 amicos)
1593 944 1661 999 ad
1698 947 1801 1000 hoc
1830 947 2026 1001 exhor-

458 1035 658 1083 tentur.
710 1028 845 1084 Nam
874 1031 920 1085 si
948 1032 1253 1099 crederent,
1284 1033 1450 1086 vitam
1486 1042 1744 1089 aeternam
1774 1050 1897 1091 cum
1928 1036 2025 1091 bo-

457 1118 544 1174 nis
570 1120 827 1189 operibus
862 1121 917 1175 in
950 1122 1219 1191 baptismo
1243 1137 1274 1176 a
1307 1121 1416 1178 Deo
1458 1125 1649 1179 donari
1682 1166 1697 1192 ,
1730 1126 1890 1195 plane
1928 1141 2023 1183 eos

455 1226 594 1280 quos
621 1212 927 1282 diligerent,
951 1213 1018 1269 ad
1039 1215 1191 1269 illum
1223 1216 1628 1286 suscipiendum
1654 1217 2019 1275 hortarentur.

456 1300 684 1367 Quando
706 1305 940 1375 denique
960 1320 1057 1362 eos
1087 1306 1271 1362 vident
1300 1318 1585 1377 azgrotare,
1616 1318 1710 1363 aut
1734 1310 1787 1363 in
1832 1310 2023 1367 mortis

453 1395 597 1449 viam
644 1396 863 1463 abduci,
911 1407 1006 1453 aut
1026 1399 1132 1453 alia
1175 1398 1403 1456 molesta
1442 1403 1732 1467 sustinere,
1777 1410 2018 1472 gemunt,

452 1500 518 1540 ac
561 1486 835 1542 ducuntur
900 1489 1399 1546 commiseratione.
1450 1490 1528 1545 Ita
1598 1491 1645 1547 si
1711 1492 2014 1557 crederent,

455 1576 634 1641 ignem
680 1586 999 1649 perpetuum
1055 1594 1275 1634 manere
1303 1595 1397 1636 eos
1426 1581 1521 1650 qui
1553 1580 1722 1635 Deum
1767 1596 1875 1635 non
1921 1596 2017 1636 co-

454 1669 592 1735 lunt,
650 1684 757 1723 non
791 1680 1072 1725 cessarent
1102 1687 1344 1739 monere,
1371 1674 1455 1727 vel
1478 1688 1643 1742 super
1672 1673 1781 1727 illis
1802 1673 2019 1743 plorare

2126 488 2284 543 τοῦτο
2319 493 2385 560 τῇ
2423 490 2528 543 ὑπὸ
2556 490 2726 560 αὐτῆς
2768 490 3076 564 ποθουμένη
3124 494 3343 565 δοθῆναι
3382 494 3429 532 ⁸⁸
3455 495 3651 565 ἡξίω,
3678 496 3724 544 εἰ

2131 579 2205 651 μὴ
2254 580 2514 651 πρότερον
2549 581 2685 653 αύτὴ
2722 582 2928 654 διετέθη
2974 584 3049 647 ὼς
3091 585 3185 637 ὲπὶ
3233 585 3447 657 μεγάλῃ
3491 588 3571 656 τῇ
3629 584 3725 637 τοῦ

2128 671 2504 744 βαπτίσματος
2538 675 2716 745 δωρεᾷ
2740 676 2806 729 ⁸⁸.
2835 675 2995 749 "009:
3023 676 3134 745 ἐγὼ
3160 678 3369 731 πολλῶν
3394 678 3513 749 ἔχω
3539 694 3725 731 κατα-

2126 740 2412 834 γινώσκειν
2434 767 2500 831 ¹¹,
2536 740 2702 821 ὀπύτ(
2738 766 2804 821 ἀν
2847 740 3000 821 αυτοὶ
3052 740 3586 838 βαπτισθέντεςῄκαὶ
3636 786 3727 820 πιρ

2126 854 2336 909 στεύειν
2356 856 2738 926 ὁμολογοῦντες
2760 857 2826 923 ¹¹,
2861 857 3025 928 μηδὲν
3048 858 3193 924 ἀξιον
3217 859 3455 922 πίστεως
3490 859 3724 919 ποιῶσι,

2128 946 2261 1017 μηδὲ
2310 946 2401 1011 οῦς
2441 947 2712 1016 ἀγαπῶσι,
2752 947 2893 1017 λέγω
2942 949 3006 1021 δὴ
3043 953 3302 1019 γυναῖκας
3342 950 3569 1003 ἑαυτῶν
3633 953 3729 1003 καὶ

2124 1039 2273 1101 υἱοὺς
2288 1040 2404 1110 ἅμα
2434 1040 2527 1093 καὶ⁵
2554 1041 2759 1109 φίλους,
2778 1042 2857 1104 εἰς
2879 1040 3038 1093 τοῦτο
3056 1042 3477 1113 προτρέπονται.
3518 1043 3592 1096 Et
3616 1043 3727 1114 γὰρ

2123 1130 2517 1184 πεπιστεύκασι
2546 1129 2691 1202 ζωὴν
2718 1130 2931 1185 αἰώνιον
2967 1132 3063 1186 σὺν
3100 1132 3278 1205 ἔργοις
3299 1132 3490 1196 καλοῖς
3513 1133 3725 1203 δωρεῖ-

2123 1218 2245 1272 σθαι
2275 1218 2366 1273 τὸν
2402 1220 2533 1273 Θεὸν
2560 1220 2606 1251 ’⁸
2645 1221 2737 1273 ἐπὶ
2762 1222 2839 1292 τῷ
2882 1221 3238 1293 βαπτίσματι,
3272 1222 3495 1285 πάντως
3528 1222 3603 1275 ἂν
3629 1227 3727 1277 καὶ

2120 1308 2213 1373 οὓς
2240 1309 2287 1341 ’⁸
2307 1311 2534 1379 ἠγάπων
2585 1312 2982 1384 προετρέποντο
3039 1312 3422 1382 βαπτισθῆναι.
3483 1313 3723 1365 Ἐπεξν

2120 1412 2177 1448 τι
2235 1396 2430 1469 δὴποτε
2489 1400 2775 1464 νοσοῦντας
2824 1402 3076 1472 ὁρῶντες,
3105 1402 3137 1473 ἢ
3168 1402 3561 1472 ἀπαγομένους
3618 1404 3722 1473 τὴν

2120 1488 2212 1541 ἐπὶ
2242 1488 2466 1544 θάνατον
2492 1492 2560 1556 ³⁸,
2585 1491 2619 1562 ἢ
2649 1492 2781 1546 ἀλλα
2821 1492 2946 1545 τινὰ
2970 1493 3182 1562 χαλεπά
3215 1493 3555 1563 πάσχοντας,
3594 1495 3721 1547 ὀδύ-

2125 1593 2304 1647 ρονται
2341 1580 2435 1634 καὶ
2454 1581 2499 1611 ’⁷
2544 1580 2912 1635 κατελεοῦσιν.
2982 1582 3168 1644 Οῦτως
3215 1583 3261 1634 εί
3287 1584 3332 1615 ⁸⁸
3374 1585 3719 1637 ὲπεπιστεύο

2120 1684 2306 1721 κεισαν
2347 1668 2560 1723 αἰώνιον
2587 1670 2698 1741 πῦρ
2718 1670 3027 1743 περιμένειν
3069 1672 3194 1734 τοὺς
3212 1671 3301 1723 τὸν
3346 1672 3481 1724 Θεὸν
3505 1672 3590 1743 μὴ
3620 1674 3713 1725 σέ-

452 1770 508 1815 et
528 1761 763 1831 graviter
808 1761 1012 1826 dolere,
1044 1762 1172 1817 dum
1211 1779 1306 1819 eos
1331 1736 1567 1820 cernunt
1588 1781 1694 1821 non
1727 1736 1927 1821 habere
1952 1766 2017 1819 ti-

2120 1758 2445 1823 6οντας,οὐκ
2476 1759 2541 1814 ἂν
2573 1761 2878 1814 ἐπαύσαντο
2926 1761 3318 1827 νουθετοῦντες,
3355 1763 3390 1833 ἦ
3421 1765 3517 1816 καὶ
3555 1764 3714 1816 ἀπει-

452 1852 595 1905 dem.
628 1853 804 1922 Atque
838 1869 985 1909 nunc
1016 1855 1284 1925 hospitam
1316 1865 1596 1911 evocatam
1649 1858 2016 1927 interrogabo,

453 1958 583 1996 num
618 1942 786 2013 legem
837 1954 1082 2000 nostram
1132 1947 1259 2001 velit
1288 1947 1541 2017 amplecti
1571 1966 1584 2001 :
1610 1956 1665 2002 et
1703 1946 1778 2002 ita
1820 1962 2019 2004 conse-

451 2041 681 2102 quenter
707 2049 828 2103 qua:
855 2045 1069 2105 oportet
1094 2036 1377 2093 faciemus.
1416 2037 1586 2093 Mater
1608 2050 1786 2093 autem
1810 2049 2015 2106 vestra,

450 2125 709 2193 quoniam
744 2137 907 2195 prout
956 2128 1110 2184 decet
1144 2128 1379 2195 ﬁdelem,
1406 2129 1461 2183 in
1501 2130 1765 2200 baptisma
1806 2130 2017 2186 anima-

448 2220 502 2266 ta
537 2222 639 2280 est,
674 2222 797 2269 ante
818 2215 1147 2285 baptismum
1173 2217 1385 2288 jejunet
1419 2235 1529 2275 uno
1553 2220 1661 2276 die.

517 2387 701 2446 CVIII.
743 2391 813 2445 At
859 2392 949 2447 illa
1010 2392 1249 2463 jurabat,
1283 2408 1342 2449 se
1384 2394 1597 2451 duobus
1642 2395 2014 2465 superioribus

444 2481 657 2546 diebus,
688 2482 815 2539 dum
841 2492 1027 2538 narrat
1051 2484 1265 2539 mulieri
1320 2486 1709 2555 recognitionis
1736 2496 2011 2553 eventum,

445 2585 556 2638 prae
596 2572 767 2626 multo
797 2573 998 2644 gaudio
1024 2573 1205 2628 cibum
1262 2589 1370 2628 non
1421 2576 1668 2645 cepisse;
1704 2577 1811 2632 nisi
1839 2577 2015 2646 pridie

446 2662 709 2716 duntaxat
734 2664 955 2731 paulum
987 2680 1160 2734 aquae.
1188 2664 1288 2719 Cui
1310 2665 1623 2735 juramento
1663 2675 1716 2722 et
1746 2682 1885 2721 uxor
1910 2665 2013 2722 Pe-

446 2752 515 2805 tri
555 2753 928 2806 testimonium
970 2755 1221 2823 praebuit,
1273 2755 1483 2822 dicens,
1537 2770 1664 2811 vere
1710 2772 1831 2812 eam
1878 2758 2013 2812 nihil

446 2852 715 2909 gustasse.
746 2840 811 2895 Et
836 2842 1027 2911 Aquila
1061 2844 1137 2896 ait
1170 2861 1183 2897 :
1218 2842 1365 2897 Nihil
1405 2860 1535 2914 ergo
1583 2846 1826 2915 impedit,
1868 2862 2010 2914 eam,

444 2931 664 2985 domine
692 2932 787 2997 mi,
836 2933 1099 2987 hodierno
1144 2934 1229 2987 die
1272 2934 1553 3004 baptizari.
1592 2935 1730 2990 Tum
1765 2936 1959 2990 Petrus
1994 2955 2008 2990 :

447 3025 516 3079 At
540 3026 663 3091 hoc,
693 3040 797 3079 non
830 3034 912 3079 est
939 3025 1188 3094 baptismi
1217 3025 1483 3097 jejunium
1518 3045 1534 3095 ;
1570 3028 2009 3098 quandoquidem
2038 3067 2079 3125 ϐ

447 3132 548 3171 nec
594 3129 877 3187 propterea
932 3117 1132 3173 factum
1185 3129 1287 3173 est.
1338 3118 1404 3172 Et
1446 3118 1871 3175 Faustinianus:
1904 3120 2008 3177 Sed

446 3207 675 3264 fortasse
700 3208 842 3263 Deus
872 3209 1059 3263 volens
1092 3217 1320 3262 matrem
1367 3217 1609 3263 nostram
1656 3224 1722 3264 ne
1753 3226 1864 3264 uno
1888 3211 2012 3280 qui-

443 3302 563 3354 dem
598 3308 718 3369 post
764 3300 1189 3368 recognitionem
1222 3300 1308 3353 die
1342 3315 1371 3353 a
1403 3309 1586 3354 nostra
1633 3317 1819 3357 mensa
1848 3318 2011 3372 sepao

442 3394 571 3455 rari,
608 3394 707 3447 hoc
731 3392 997 3462 jejunium
1033 3392 1363 3462 praestruxit.
1398 3390 1550 3445 Sicut
1590 3392 1736 3445 enim
1770 3393 1821 3445 in
1849 3393 2006 3463 igno-

440 3485 651 3538 ratione
685 3484 920 3539 servavit
964 3482 1300 3552 pudicitiam,
1335 3481 1386 3535 id
1420 3482 1565 3552 quod
1595 3483 1879 3537 veritatem
1909 3484 2000 3538 de-

441 3587 527 3630 cct
556 3575 761 3629 faciens
795 3614 810 3639 ,
844 3576 916 3629 ita
948 3583 1002 3628 ct
1029 3590 1176 3627 nunc
1211 3572 1352 3628 Deus
1397 3572 1534 3628 forte
1582 3574 1837 3643 providit,
1885 3590 2006 3630 eam

440 3678 565 3721 ante
610 3684 775 3721 unum
821 3666 985 3732 diem,
1018 3666 1070 3719 in
1110 3665 1414 3737 ignorantia
1456 3665 1725 3735 jejunare,
1754 3681 1851 3736 pro
1876 3682 2004 3721 vero

440 3755 710 3825 baptismo
737 3774 751 3822 ;
788 3764 847 3809 ut
874 3771 903 3809 a
932 3756 1107 3825 primo
1150 3754 1237 3809 die
1285 3771 1395 3825 quo
1427 3769 1526 3809 nos
1556 3756 1793 3825 agnovit,
1821 3755 2007 3811 nobis-

440 3865 563 3902 cum
590 3857 770 3918 posset
793 3848 956 3903 etiam
985 3849 1153 3902 salem
1177 3863 1269 3903 seu
1299 3848 1479 3901 cibum
1515 3848 1811 3917 percipere.

507 4027 643 4083 CIX.
686 4028 823 4083 Tum
847 4029 1041 4083 Petrus
1075 4043 1090 4081 :
1121 4024 1199 4081 Ne
1226 4042 1347 4091 nos,
1379 4026 1574 4096 inquit,
1617 4028 1798 4081 vincat
1846 4028 2004 4082 mali-

438 4122 535 4188 tia,
570 4132 886 4192 pt'aztextum
922 4131 1082 4175 nacta
1124 4118 1525 4173 Providentiam
1559 4126 1611 4173 ct
1638 4118 1827 4172 matris
1853 4134 1999 4171 amo-

440 4231 553 4268 rem
581 4230 595 4280 ;
622 4212 714 4266 sed
751 4212 933 4281 potius
987 4227 1104 4275 vos,
1154 4216 1207 4263 et
1242 4223 1341 4277 ego
1379 4208 1680 4274 vobiscum,
1732 4208 1891 4263 hodie
1949 4211 2003 4264 in

434 4306 641 4376 jejunio
674 4318 1110 4374 permaneamus,
1132 4308 1186 4352 et
1214 4314 1336 4353 cras
1356 4297 1737 4366 baptizabitur.
1767 4297 1920 4352 Iluuc
1950 4298 2001 4352 in

2120 1850 2343 1915 θοῦντας
2393 1852 2645 1923 ὁρῶντες,
2670 1852 2993 1925 δακρύοντες
3019 1855 3104 1906 ἐπ’
3129 1854 3307 1916 αὐτοῖς
3330 1854 3426 1906 καὶ
3446 1854 3714 1924 χαλεπῶς

2116 1940 2457 2012 ὀδυνώμενοι.
2508 1944 2615 1996 Kal.
2653 1942 2723 1996 τὰ
2753 1944 2797 1975 ’⁸
2828 1943 2923 1997 νῦν
2981 1943 3081 2015 τὴν
3143 1943 3418 2014 ξενοδόχον
3476 1944 3712 2016 πέμψας

2115 2036 2388 2106 ἀνακρινῶ
2423 2037 2471 2088 εί
2502 2035 2594 2089 τὸν
2638 2036 2800 2107 νόμον
2826 2036 2987 2107 ἡμῶν
3025 2037 3242 2107 ἀγαπᾷν
3291 2037 3572 2107 αἱρεῖταιο
3612 2040 3709 2089 καὶ

2114 2123 2285 2188 οὕτως
2327 2124 2631 2189 ἀκολούθως
2660 2124 2695 2179 ἀ
2726 2125 2806 2178 δεῖ
2837 2124 3132 2197 πράξομεν.
3170 2126 3234 2177 Ἡ
3255 2126 3312 2178 δὲ
3333 2127 3521 2197 μήτηρ
3548 2127 3705 2197 ὑμῶν

2114 2214 2301 2285 ἐπειδὴ
2332 2213 2536 2278 πιστῶς
2570 2214 2835 2269 διάκειται
2887 2215 3016 2285 περὶ
3052 2213 3145 2267 τοῦ
3176 2213 3577 2284 βαπτίσματος,
3610 2234 3704 2284 νη-

2117 2304 2392 2357 πευσάτω
2416 2304 2629 2376 ἡμέραν
2658 2305 2702 2336 ³⁸
2735 2304 2840 2375 πρὸ
2857 2304 2952 2357 τοῦ
2981 2303 3369 2373 βαπτίσματος.

2182 2392 2360 2447 CVIII.
2415 2394 2479 2445 Ἠ
2528 2391 2585 2445 δὲ
2623 2378 2805 2463 ὤμνυε
2833 2391 2927 2445 δύο
2955 2392 3061 2445 τῶν
3117 2390 3439 2444 διελθουσῶν
3464 2393 3694 2463 ἡμερῶν

2111 2485 2177 2553 τῇ
2221 2483 2438 2551 γυναικὶ
2468 2481 2511 2513 ⁸¹
2559 2480 2885 2551 διηγουμένη
2931 2477 3000 2530 τά
3054 2476 3195 2531 κατά
3246 2477 3336 2529 τὸν
3383 2478 3701 2548 ἀναγνωρι-

2116 2574 2271 2644 σμὸν,
2317 2572 2422 2626 ὑπὸ
2472 2572 2669 2643 πολλῆς
2699 2572 2891 2642 χαρᾶς,
2922 2568 3127 2639 τροφῆς
3165 2568 3239 2640 μὴ
3269 2569 3602 2639 μεταλαϐεῖν
3634 2570 3697 2629 η,

2114 2666 2314 2736 ἦχθὲς
2351 2665 2507 2736 μόνον
2546 2663 2775 2736 βραχέος
2813 2661 3021 2725 ὓδατος.
3071 2662 3427 2731 Μαρτυρήσει
3451 2661 3496 2691 ³³
3533 2677 3597 2711 τε
3623 2660 3701 2729 τῷ

2112 2754 2259 2825 ὅρκῳ
2290 2754 2385 2807 καὶ
2424 2756 2457 2822 ἡ
2505 2752 2642 2823 γυνὴ
2681 2752 2887 2823 Πέτρου
2934 2750 3186 2818 λέγουσα,
3223 2750 3298 2813 ὡς
3341 2749 3565 2819 ἀληθῶς
3597 2752 3702 2802 οὐκ

2114 2840 2396 2910 ἐγεύσατο.
2426 2843 2535 2895 Καὶ
2561 2843 2590 2895 6
2638 2840 2867 2903 Ἀκύλας
2891 2839 2993 2909 ἔφη
3015 2855 3029 2869 ⁸
3061 2838 3268 2892 Οὐκοῦν
3302 2840 3461 2891 οὐδὲν
3498 2839 3701 2891 κωλύει

2113 2936 2279 3006 αὐτὴν
2308 2935 2373 2998 ⁸⁵,
2402 2928 2446 2988 ὦ
2478 2934 2635 3006 κύριέ
2669 2951 2791 3005 μου,
2829 2932 2929 3003 τὴν
2960 2933 3004 2964 ³⁵
3028 2934 3265 3004 σήμερον
3305 2932 3697 3002 βαπτισθῆναι.

2114 3028 2222 3081 Καὶ
2249 3028 2277 3079 6
2298 3028 2530 3099 Πέτρος·
2586 3026 2721 3079 Ἀλλ’
2750 3026 2849 3079 ούκ
2893 3024 3007 3077 ἔστι
3044 3024 3200 3077 τοῦτο
3243 3024 3470 3094 νηστεία
3494 3024 3699 3094 βαπτί-

2116 3136 2321 3191 σματος
2351 3119 2416 3181 ³⁸,
2452 3119 2572 3171 ἐπεὶ
2604 3118 2740 3189 μηδὲ
2785 3116 2851 3170 δι’
2880 3116 3008 3170 αὐτὸ
3039 3116 3081 3147 ³⁷
3108 3116 3266 3169 τοῦτο
3311 3115 3528 3183 γέγονε.
3589 3118 3701 3169 Καὶ

2109 3214 2137 3264 6
2172 3212 2215 3243 ³⁸
2251 3210 2628 3273 Φαυστινιανός
2666 3210 2731 3241 ³³·
2774 3210 2935 3272 Ἴσως
2982 3202 3073 3261 οὖν
3113 3210 3143 3261 6
3186 3207 3317 3270 Θεὸς
3366 3207 3701 3277 βουλόμενος

2107 3300 2263 3371 ἡμῶν
2309 3299 2407 3371 τὴν
2453 3300 2681 3370 μητέρα,
2734 3298 3003 3369 μηδεμίαν
3050 3296 3184 3367 μετά
3230 3296 3321 3348 τὸν
3379 3296 3699 3366 ἀναγνωρι-

2112 3390 2244 3462 σμδν
2271 3392 2483 3462 ἡμέραν
2510 3391 2611 3459 τῆς
2655 3390 2928 3461 ἡμετέρας
2947 3390 2991 3420 ⁵ο
3020 3389 3251 3458 χωρίσαι
3301 3385 3593 3457 τραπέζης
3627 3388 3694 3448 δ’,

2110 3482 2532 3553 προῳκονὸμησε
2567 3480 2665 3551 τὴν
2718 3480 2988 3551 νηστείαν.
3042 3480 3129 3541 Ὧς
3156 3477 3264 3548 γὰρ
3304 3478 3698 3549 ἐσωφρόνησεν

2109 3574 2165 3626 ὲν
2188 3572 2397 3643 ἀγνοίᾳ,
2428 3572 2487 3625 τὸ
2513 3572 2721 3643 πρέπον
2751 3574 2817 3641 τῇ
2852 3569 3078 3639 ἀληθείᾳ
3109 3568 3153 3599 δ’
3192 3569 3469 3637 ποιήσασα
3489 3583 3503 3596 ·
3548 3568 3698 3619 οῦτω

2108 3666 2201 3719 καὶ
2236 3663 2330 3717 νῦν
2355 3662 2383 3718 6
2416 3664 2548 3727 Θεὸς
2595 3663 2725 3726 ἴσως
2765 3662 3113 3733 ᾠκονόμησεν
3144 3659 3309 3729 αὐτὴν
3340 3659 3447 3728 πρὸ
3477 3662 3612 3728 μιᾶς
3639 3660 3695 3710 ἐν

2107 3758 2299 3828 ἀγνοίᾳ
2344 3755 2657 3828 νηστεῦσαι,
2711 3754 2848 3825 ὑπὲρ
2876 3753 2971 3806 τοῦ
3000 3750 3233 3821 ἀληθοῦς
3282 3751 3693 3820 βαπτίσματος,

2106 3848 2172 3901 ἵν’
2200 3846 2306 3900 ἀπὸ
2335 3845 2555 3916 πρώτης
2583 3843 2795 3914 ἡμέρας
2830 3841 2925 3893 τοῦ
2950 3841 3213 3911 γνωρίσαι
3249 3840 3418 3909 ἡμᾶς,
3455 3838 3697 3910 μεταλα-

2107 3938 2220 3991 ϐεῖν
2241 3937 2335 3989 σὺν
2363 3938 2497 4007 ἡμῖν
2524 3936 2615 3987 καὶ
2643 3934 2783 3987 ἁλῶν
2806 3932 3075 4003 δυνηθείη.

2176 4027 2305 4081 CIX.
2352 4028 2462 4080 Καὶ
2498 4028 2526 4079 ὁ
2566 4025 2801 4096 Πέτρος·
2836 4022 2927 4093 Μὴ
2973 4023 3120 4092 ἡμᾶς
3144 4022 3207 4081 ⁸³,
3241 4021 3365 4089 ἔφη,
3414 4020 3688 4092 νικάτωὴ

2107 4119 2273 4173 κακία
2301 4118 2567 4189 πρόφασιν
2594 4114 2827 4185 εὑροῦσα
2852 4114 2949 4184 τὴν
2980 4113 3237 4185 πρόνοιαν
3264 4113 3358 4165 καὶ
3386 4111 3489 4182 τὴν
3512 4114 3557 4143 ⁵⁸
3589 4112 3692 4181 τῆς

2104 4209 2365 4278 τεκούσης
2391 4208 2619 4279 στοργήν
2642 4207 2686 4237 ⁸⁸
2710 4222 2722 4235 ·
2753 4206 2887 4259 ἀλλὰ
2913 4205 3111 4277 μᾶλλον
3153 4205 3327 4273 ὑμεῖς,
3381 4203 3545 4271 κάγὼ
3593 4205 3691 4257 σὺν

2106 4300 2231 4370 ὑμῖν
2252 4298 2608 4368 διαμείνωμεν
2648 4295 2744 4366 τὴν
2779 4296 3014 4365 σήμερον
3039 4295 3094 4344 ὲν
3134 4292 3355 4362 νηστεία
3376 4292 3444 4356 ⁸⁸,
3472 4292 3571 4345 καὶ
3594 4292 3693 4344 αῦ-

438 4398 656 4452 modum
721 4396 936 4450 locutus
993 4400 1077 4446 est
1145 4389 1359 4455 Petrus,
1412 4389 1702 4457 cunctique
1766 4388 1998 4442 orationi

2116 4408 2219 4461 ριον
2259 4388 2699 4459 βαπτισθήσεται.
2733 4385 2917 4447 Οῦτως
2962 4384 3065 4455 ἔφη
3093 4384 3315 4452 Πέτρος,
3341 4384 3436 4435 καὶ
3462 4385 3513 4435 οἱ
3547 4385 3689 4437 πάν-

435 4488 646 4544 assensi
704 4502 895 4542 sumus
924 4485 990 4538 ⁵⁸.
1042 4482 1210 4536 Multo
1260 4490 1438 4534 autem
1510 4480 1780 4534 maturius
1832 4496 1996 4550 quam

2116 4498 2191 4544 τες
2236 4480 2313 4551 τῷ
2366 4478 2508 4550 λόγῳ
2556 4477 3025 4547 συνευδοκὴσαμεν
3068 4475 3132 4527 ⁸⁷.
3201 4472 3601 4560 Ὀρθριὼτὲρον
3632 4474 3687 4527 δὲ

435 4580 677 4651 quotidie
734 4577 961 4639 solebat,
1017 4573 1209 4628 Petrus
1264 4577 1633 4640 experrectus,
1680 4570 1746 4624 ad
1778 4586 1874 4625 nos
1908 4572 1994 4626 in-

434 4689 653 4743 gressus
700 4678 805 4737 est,
848 4682 988 4739 quos
1022 4678 1218 4721 somno
1246 4662 1522 4727 excitavit,
1554 4676 1619 4716 ac
1648 4660 1785 4715 dixit
1814 4678 1827 4715 :
1852 4660 1996 4715 Fau-

2103 4573 2281 4641 πολλῷ
2324 4571 2416 4624 τοῦ
2456 4570 2575 4624 καθ’
2612 4570 2823 4640 ἡμέραν
2862 4570 2890 4621 6
2933 4567 3137 4637 Πέτρος
3185 4566 3543 4631 διῦπνισθεὶς,
3570 4570 3686 4620 εἱσ-

2102 4664 2187 4736 ῄει
2226 4663 2360 4735 πρὸς
2394 4664 2561 4732 ἡμᾶς,
2591 4662 2683 4715 καὶ
2712 4660 3093 4729 διαναστήσας,
3119 4659 3437 4720 Φαυστῖνος,
3469 4653 3592 4710 εἷπε
3614 4659 3684 4722 ⁸⁸,

1695 4840 1928 4895 ὙΑΗΙΑΞ
1966 4838 2364 4896 LECTIONES.

509 4991 550 5021 ⁸⁸
589 4989 665 5042 al.
702 4988 870 5058 αὐτὴν
896 4990 963 5058 τῇ
994 4985 1250 5055 ξενοδόχῳ
1284 4983 1376 5058 κα).
1397 4973 1737 5058 εὐεργέτιδιε-
1781 4981 1835 5058 1’
1849 4980 1919 5034 al.
1940 4977 2255 5058 παρεκάλει,
2306 4976 2459 5058 _'°al.
2499 4972 2637 5058 αύτὴ
2658 4976 2722 5043 τῇ
2757 4972 2850 5057 τοῦ
2880 4970 3255 5058 βαπτίσματῇ
3276 4970 3684 5058 προσῆὶλθεφδω-

437 5060 549 5132 ρεᾷτ

657 5039 697 5089 “
722 5039 1127 5125 καταγινωσκω.
1172 5039 1235 5086 Ἥ
1256 5054 1326 5107 al.
1352 5039 1615 5125 λέγοντες.
1693 5039 2050 5125 ’ξοςεει
2066 5048 2135 5100 al.
2182 5047 2342 5125 i’ﬁal.
2374 5039 2749 5125 ἀνυπερθέτως
2778 5039 2891 5125 οῦςζ
2924 5112 2936 5125 1
2966 5043 3010 5125 ’ς
3040 5044 3108 5125 al'.
3143 5039 3568 5125 διίάέ⁷ἁὶζλ’“ὲρεέ
3596 5059 3680 5107 τις

607 5146 621 5160 ·
651 5107 937 5194 ἀγάὲέῶἀιν
1172 5126 1265 5177 καὶ
1300 5107 1672 5194 φρούτίζουσνν
1706 5119 1903 5173 αὐτῶν.
1946 5117 2117 5208 ’ξρῦτο
2150 5115 2342 5187 εῦηθές
2373 5107 2560 5208 ἔστιν]
2580 5113 2761 5203 :Erzzi;
2831 5112 2959 5208 "lal.
2978 5109 3387 5208 Oavatm.‘::al.
3408 5107 3675 5208 ἐλεοῦσιν.

435 5198 483 5233 ’⁸
519 5204 587 5253 al.
631 5198 1097 5251 πεπιστεύκεισαν.

432 5341 601 5409 τύρει.
683 5340 727 5372 ³⁵
762 5337 833 5392 aI.
859 5336 1037 5413 aiatjhv
1067 5332 1445 5413 βαπτισθῇναι.
1545 5332 1589 5362 ³³
1634 5332 1703 5383 al.
1738 5333 1831 5411 τῇ.

432 5400 778 5480 ἀπεκρίνατο.
856 5400 1006 5486 ιοιθιῖ
1028 5400 1425 5486 limpida}an
1456 5417 1589 5486 IIl-SS:
1621 5400 2054 5486 χωρῇσαικίὶοτ.

1212 5196 1255 5225 ²⁹
1280 5187 1353 5246 al.
1391 5192 1466 5255 ὡς
1494 5192 1622 5261 περὶ
1670 5192 1911 5261 ἀπίστων
1951 5187 2119 5240 ὀδυνὼ

434 5272 543 5323 Καὶ
568 5270 654 5324 τά.
734 5270 776 5299 ³⁰
817 5269 886 5321 al.
918 5269 1081 5321 inser.
1114 5264 1215 5319 κᾶν
1248 5264 1391 5333 μίαν.
1472 5263 1513 5294 ³⁸
1548 5255 1616 5314 al.
1640 5261 1804 5315 inser.
1829 5260 2033 5329 Πέτρου
2064 5255 2145 5309 vel
2175 5274 2225 5326 τ⁸
2260 5255 2531 5324 ξενοδόχῳ.

434 5341 601 5409 τύρει.
683 5340 727 5372 ³⁵
762 5337 833 5392 aI.
869 5336 1037 5406 αὐτὴν
1067 5334 1445 5448 βαπτισθῖὸναι.
1545 5332 1589 5362 ³³
1634 5332 1703 5383 al.
1738 5333 1831 5411 τῇ.
1929 5330 1973 5413 ³,θ
2011 5327 2081 5381 al.
2122 5326 2150 5378 6
2177 5259 2271 5448 93‘.
2378 5325 2419 5355 ³⁷
2463 5324 2531 5376 De

434 5411 759 5448 ὴ-πνηιυηηη
856 5409 900 5439 ιο
940 5408 986 5448 αι
1032 5406 1279 5448 νωηίσαι-
1356 5418 1425 5448 no
1456 5417 1589 5448 mss.
1621 5416 1887 5448 vmanaat.
1922 5400 2054 5448 (.01‘.
2120 5400 2159 5432 δ’
2205 5414 2232 5448 a
2264 5438 2275 5448 .
2322 5395 2531 5448 ἡμέραν

2192 5178 2301 5239 νὸι·
2345 5185 2442 5255 τὴν
2476 5184 2594 5236 κατ’
2626 5182 2803 5233 αὐτῶν
2834 5181 3051 5233 κόλασιν
3097 5178 3417 5249 πεπληροφο
3456 5197 3494 5249 η
3545 5183 3675 5236 ἐνοι.

2192 5259 2239 5302 τῆ
2260 5255 2531 5302 ἓενοδόνω.
2611 5254 2655 5281 ³¹
2689 5253 2760 5302 al.
2788 5249 2911 5302 add.
2931 5250 3223 5302 ἠδυνήθην.
3304 5249 3351 5278 ³³
3392 5197 3463 5302 af.
3501 5199 3675 5302 guno—

2378 5249 3351 5383 ῗῗκῧέεεῖέἕὲῑ,παίεὴῗέἷζᾝζεφ³³
3390 5249 3678 5378 ibim

2120 5389 2275 5450 “'al.
2322 5395 2533 5467 ἡμέραν
2572 5394 2668 5463 τῆς
2708 5390 2865 5462 ἡμῶν
2896 5389 3242 5457 ἐπιγνώσεως
3289 5390 3529 5487 χωρίσαι
3574 5392 3677 5515 τῇς

2120 5506 2132 5515 .
2210 5468 2255 5501 ⁸⁵
2287 5468 2355 5515 al.
2399 5464 2620 5515 στοργή.
2696 5468 2741 5501 ιο
2783 5463 2851 5514 al.
2892 5459 3261 5515 νηστεύοντες.
3341 5461 3363 5488 ⁵
3433 5462 3506 5511 al.
3542 5463 3611 5514 ad
3658 5504 3670 5515 .

808 5482 851 5513 ’δ’
883 5459 965 5530 al.
993 5459 1091 5545 τῆς
1115 5459 1390 5546 ἀληθείας.
1422 5543 1431 5546 _
1475 5472 1522 5509 ⁸⁸
1540 5459 1815 5546 ιιιξύμᾷς.
1893 5468 2048 5546 ιιι-ιιι.
2068 5469 2150 5546 εὴ,
2174 5538 2184 5546 _
2210 5468 2255 5501 “
2287 5459 2375 5519 all'
2399 5459 2636 5546 στοργῇ
2696 5459 2851 5545 “ul.
2892 5459 3261 5546 νηστεύοντεςζ

432 5529 756 5621 ﬁliae.
784 5529 896 5618 τῆς
913 5529 1147 5617 σήμερον
1178 5529 1390 5615 ἡμέρας
1418 5529 1891 5633 ἐπιτήδειόςιὲστιν
1928 5540 2006 5633 είς
2034 5529 2109 5633 τὸ¹’
2126 5538 2433 5633 βάπτισμαὸ
2446 5529 2557 5633 κει)
2584 5529 3515 5633 ἱξμωςίοῦιτωιγενέισθαιδρὶηὶπςξκέτεξ

435 5599 941 5690 έρἑὸέῆάὲιλένῗιε
967 5599 1232 5671 ἓὶυίηεηίῖ
1288 5599 1434 5668 item.
1472 5599 1595 5677 xu",
1628 5627 1678 5666 c.
1701 5599 1776 5675 VI,
1801 5620 1902 5663 etc.
1934 5607 2061 5663 Itec.
2089 5599 2136 5662 ι.“
2158 5623 2253 5673 vtt,
2288 5599 2342 5661 c.
2369 5606 2467 5669 58,
2494 5615 2547 5658 et
2598 5599 2631 5657 I.
2662 5617 2780 5667 vm,
2814 5618 2865 5656 c.
2902 5603 2923 5653 ί
2953 5642 2968 5668 ,
3003 5610 3107 5655 etc.
3189 5600 3234 5637 δ’
3261 5599 3332 5651 al.
3366 5600 3670 5667 ὲξυπνὶσας

436 5690 560 5757 ἔφη.
