3834 6220
145 278 260 339 549

970 278 1434 338 CLEMENTINA.
1475 313 1546 325 —
1579 282 1883 341 EPITOME
1921 285 2009 340 DE
2045 285 2292 345 GESTIS
2329 289 2388 345 S.
2430 290 2661 349 PETRI.

3309 296 3415 352 550

142 394 244 449 καὶ
275 392 667 457 Φαυστινιανὺς
698 394 817 466 ἅμα
863 394 1141 468 Κλήμεντι
1190 396 1328 469 μετά
1356 397 1468 451 τῶν
1514 398 1711 452 οίκείωε

1832 401 2011 456 stinus
2032 412 2086 456 et
2113 400 2528 471 Faustinianus,
2559 422 2781 478 unaque
2826 408 3101 479 Clemens,
3135 427 3258 467 cum
3296 417 3414 471 suis

140 484 677 557 ἀκολουθησάτωσάν
722 503 836 557 μοι,
879 486 1029 551 ὅπως
1054 489 1114 541 ἐν
1161 489 1434 561 σκεπεινῷ
1483 490 1585 560 τῆς
1627 489 1726 543 θα-

139 577 355 648 λάσσης
388 577 539 648 τόπῳ
582 576 862 649 γενόμενοι
885 579 1039 644 ⁵ο,τά
1080 578 1175 633 τοῦ
1201 580 1576 653 βαπτίσματος
1604 598 1729 653 σχε-

138 666 439 737 διάσωμεν.

211 757 330 813 CX.
385 758 509 812 Ἐπὶ
528 759 621 813 τὸν
644 761 887 831 αἰγιαλὸν
913 755 1006 817 οὖν
1031 764 1335 836 γενομένων
1357 764 1516 837 ἡμῶν
1538 765 1607 831 ⁸³,
1632 766 1728 820 καὶ

140 851 350 923 μεταξὺ
399 851 615 923 πετρῶν
665 854 826 908 τινῶν
872 853 1107 928 γαληνοῦ
1155 858 1250 911 καὶ
1292 856 1535 927 καθαροῦ
1558 858 1725 912 τόπου

137 942 604 1014 εὐπορησάντων,
654 943 946 1000 ἐϐάπτισεν
993 946 1162 1020 αὐτὴν
1212 948 1367 1012 είςτὸ
1411 948 1584 1020 ὄνομα
1627 947 1724 1002 τοῦ

138 1034 361 1106 Πατρὸς
401 1034 498 1089 καὶ
554 1033 651 1090 τοῦ
698 1037 830 1091 Υίοῦ
897 1039 990 1092 καὶ
1033 1038 1129 1093 τοῦ
1177 1040 1337 1110 ἁγίου
1386 1040 1720 1111 Πνεύματος.

148 1127 349 1198 Ἡμεῖς
371 1129 427 1182 δὲ
450 1129 495 1161 ⁸¹
521 1130 616 1183 καὶ
642 1130 740 1184 σὺν
767 1133 900 1204 ἡμῖν
942 1132 1056 1185 ὅσοι
1093 1135 1369 1205 παρῆσαν,
1399 1134 1509 1187 τῶν
1532 1152 1722 1204 γυναι-

137 1220 251 1274 κῶν
278 1220 443 1292 χάριν
472 1223 927 1295 ὑπεχωρήσαμεν.
959 1225 1189 1278 Ἔπειτα
1214 1228 1242 1279 ὁ
1266 1226 1472 1298 Πέτρος
1497 1226 1596 1290 τάς
1624 1244 1724 1295 γυ-

137 1313 338 1374 ναῖκας
383 1310 472 1365 διὰ
506 1311 598 1365 τὸν
646 1311 801 1382 ὄχλον
825 1313 1146 1385 προέπεμψε
1168 1314 1237 1369 δι’
1264 1314 1431 1387 ἄλλης
1480 1316 1600 1369 ὁδοῦ
1628 1318 1722 1371 ἐπὶ

134 1402 238 1473 τὴν
265 1403 446 1469 ξενίαν
484 1404 659 1458 ἐλθεῖν
682 1405 749 1470 ⁵³,
778 1406 959 1476 μόνοις
982 1407 1045 1461 ἐκ
1070 1406 1178 1461 τῶν
1200 1408 1409 1479 ἀνδρῶν
1431 1410 1566 1480 ἡμῖν
1592 1427 1721 1464 συν-

133 1499 277 1550 εῖναι
326 1499 393 1567 τῇ
448 1496 616 1569 μητρὶ
661 1498 756 1551 καὶ
798 1499 1025 1564 ταύταις
1072 1500 1553 1572 ἐγκελευσάμενος.
1597 1502 1719 1556 Ἐλ-

134 1584 326 1650 θόντες
370 1582 463 1641 οὖν
490 1588 539 1621 ⁸⁸
567 1590 661 1643 ἐπὶ
695 1590 795 1663 τὴν
836 1590 1035 1657 ξενίαν,
1081 1594 1177 1647 καὶ
1216 1594 1572 1664 ἀναμένοντες
1617 1597 1717 1650 αὑ-

129 1678 227 1732 τδν
254 1680 303 1711 ⁸⁸
328 1681 643 1749 ἀφικέσθαι,
669 1683 919 1755 ἀλλήλοις
945 1685 1296 1758 διελεγόμεθα
1321 1688 1385 1741 ³⁸.
1415 1688 1568 1742 Μετὰ
1596 1690 1717 1760 lla-

1830 506 1920 546 me
1950 501 2272 562 sequantur,
2305 502 2363 548 ut
2390 495 2674 553 venientes
2703 496 2770 554 ad
2792 499 3072 557 obtectum
3122 502 3293 556 maris
3330 502 3412 558 ιο·-

1829 598 1978 652 cum,
2007 585 2263 656 baptismi
2292 589 2433 644 ritus
2464 603 2811 662 peragamus.

1898 761 2014 818 CX.
2054 762 2194 819 Cum
2252 764 2418 836 igitur
2471 764 2679 824 fuimus
2730 769 2787 824 in
2825 770 3028 839 littore,
3082 772 3226 828 inter
3270 790 3404 832 saxa

1827 854 2096 923 quaedam,
2129 871 2252 925 quae
2295 859 2651 929 tranquillum
2687 871 2742 916 et
2764 864 3228 920 mundumlocum
3258 882 3404 937 pra:-

1827 943 2048 1010 bebant,
2078 946 2373 1017 baptizavit
2418 965 2538 1005 eam
2584 952 2641 1007 in
2678 954 2901 1008 nomine
2953 954 3153 1021 Patris,
3179 967 3232 1011 et
3253 957 3400 1024 Filii,

1824 1046 1879 1094 et
1908 1037 2145 1108 Spiritus
2196 1044 2389 1098 sancti.
2427 1042 2538 1100 Nos
2569 1054 2772 1113 autem,
2797 1055 2852 1101 et
2896 1057 3165 1119 quotquot
3208 1051 3400 1105 nobis-

1824 1146 1950 1186 cum
1976 1131 2224 1200 aderant,
2262 1135 2552 1191 mulierum
2586 1138 2757 1208 gratia
2798 1140 3151 1196 secessimus.
3202 1140 3400 1198 Postea

1824 1223 2018 1281 Petrus
2061 1226 2342 1294 mulieres,
2402 1228 2475 1283 ob
2525 1230 2952 1299 multitudinem,
3002 1233 3286 1301 praemisit,
3338 1244 3400 1289 ut

1820 1331 1917 1387 per
1943 1316 2167 1371 alteram
2191 1319 2336 1373 viam
2360 1320 2501 1373 irent
2533 1323 2599 1374 ad
2626 1320 2920 1390 hospitium
2956 1340 2971 1389 ;
2993 1323 3267 1392 jussitque
3294 1341 3399 1382 nos

1822 1406 1970 1462 solos
1994 1422 2062 1462 ex
2110 1409 2245 1465 viris
2284 1421 2517 1465 matrem
2560 1426 2764 1482 easque
2793 1414 3065 1470 comitari.
3101 1415 3397 1472 Venientes

1818 1514 1950 1572 ergo
2000 1502 2067 1557 ad
2118 1502 2503 1572 diversorium,
2550 1513 2605 1559 et
2649 1508 3028 1575 praestolantes
3102 1510 3395 1567 adventum

1818 1592 1990 1660 illius,
2039 1594 2493 1666 colloquebamur
2549 1597 2806 1653 invicem.
2867 1600 2998 1656 Post
3050 1611 3138 1657 sat
3196 1604 3396 1661 multas

1818 1698 1948 1739 vero
1972 1686 2135 1741 horas
2164 1685 2358 1743 Petrus
2388 1703 2691 1757 regressus,
2721 1692 2930 1761 accepit
2950 1708 3167 1762 panem,
3193 1697 3396 1765 gratias

128 1771 233 1834 νὰς
261 1771 321 1825 δέ
346 1771 493 1844 ὧρας
514 1776 543 1828 ὁ
571 1775 777 1847 Πέτρος
813 1776 1003 1842 ἐλθὼν,
1055 1778 1149 1832 καὶ
1197 1780 1360 1851 ἄρτον
1394 1779 1592 1846 λαϐὼν,
1623 1784 1711 1837 εὑ-

1821 1776 1950 1846 egit,
1973 1777 2266 1842 benedixit,
2291 1785 2651 1851 consecravit,
2678 1784 2858 1867 fregit,
2885 1794 2939 1840 et
2967 1786 3127 1840 matri
3157 1789 3395 1857 primum

126 1864 491 1936 χαριστήσας,
535 1864 852 1939 εὐλογήσας,
902 1869 1155 1938 ἁγιάσας,
1197 1871 1423 1938 κλάσας,
1454 1875 1519 1945 τῇ
1549 1875 1719 1948 μητρὶ⁹

125 1952 357 2024 πρῶτον
398 1956 643 2011 ἐπέδωκε
683 1958 753 2022 ⁵⁷,
808 1961 903 2014 καὶ
958 1962 1097 2033 μετά
1141 1963 1366 2035 ταύτην,
1420 1967 1555 2037 ἡμῖν
1603 1969 1717 2032 τοῖς

123 2044 272 2107 υἱοῖς
297 2044 363 2099 ⁸⁸.
401 2047 512 2102 Καὶ
537 2048 711 2115 οὕτως
744 2054 881 2123 αὐτῇ
937 2055 1390 2129 συνειστιάθημεν
1417 2057 1485 2124 ⁸³,
1504 2059 1599 2113 καὶ
1624 2060 1716 2114 τὸν

122 2136 343 2191 διδόντα
370 2140 578 2213 τροφὴν
602 2141 736 2198 Θεὸν
763 2144 1158 2219 εὐλογήσαμεν.

198 2228 343 2283 CXI.
382 2209 743 2289 Τότε-λοιπὸν
771 2238 801 2289 ὁ
828 2209 1053 2309 Πέτρος,
1100 2240 1193 2293 τὸν
1236 2239 1391 2312 ὄχλον
1439 2209 1743 2315 είσεληλῦῖ

122 2318 260 2373 θὸτα
290 2319 433 2387 ίδὼν,
478 2323 711 2389 καθίσας
752 2325 933 2391 αὐτὸς,
977 2328 1070 2382 καὶ
1092 2329 1137 2362 ⁶⁰
1166 2334 1313 2403 ἡμᾶς
1341 2333 1396 2387 δὲ
1425 2337 1713 2407 παρακαθ-

120 2410 359 2481 εσθῆναι
416 2413 699 2480 κελεύσας,
745 2417 1006 2491 ὑφηγεῖτο
1033 2421 1143 2475 τίνι
1185 2421 1328 2497 λόγῳ
1380 2428 1713 2500 προπέμψας

117 2506 276 2574 ἡμᾶς
300 2504 410 2559 ἀπὸ
430 2506 525 2559 τοῦ
551 2507 945 2580 βαπτίσματος,
973 2512 1135 2577 αὐτὸς
1175 2514 1442 2587 βραδύνας
1486 2520 1708 2592 ἐπῆλθε.

119 2597 239 2670 Τὴν
274 2597 333 2651 δὲ
381 2600 559 2655 αίτίαν
601 2601 788 2671 ἔλεγεν
811 2603 855 2634 ⁸⁸
899 2600 1037 2659 εἶναι
1088 2608 1367 2682 τοιαύτην·
1437 2612 1589 2684 ’Ἅμα
1633 2613 1712 2685 τῷ

120 2691 293 2762 ὑμᾶς,
339 2693 523 2763 φησὶν,
566 2694 869 2767 ἀποστῆναί
892 2695 940 2728 ⁶¹
969 2713 1093 2768 μου,
1131 2699 1310 2772 γέρων
1336 2720 1420 2768 τις
1451 2703 1634 2775 συνῄει
1664 2705 1711 2737 ⁸³

118 2785 456 2856 περίεργος,
530 2787 783 2842 κλέπτων
859 2790 1050 2844 ἑαυτὸν
1099 2786 1167 2858 ⁸⁸,
1233 2794 1328 2847 καὶ
1390 2795 1712 2867 βουλόμενος

117 2876 259 2946 ὀρᾷν
286 2877 354 2939 ⁸⁵,
386 2878 547 2943 αὐτὸς
594 2878 667 2951 μὴ
714 2880 979 2953 ὁρᾶσθαι·
1029 2884 1124 2938 καὶ⁹
1174 2890 1711 2960 προκατασκοπήσας

117 2971 152 3038 ἡ
163 2969 296 3038 μᾶς,
327 2968 401 3032 ὡς
424 2970 587 3034 αὐτὸς
615 2970 843 3044 ὕστερον
869 2973 1208 3048 ὡμολόγησε,
1258 2978 1396 3049 πρὸς
1417 2980 1478 3032 τὸ
1506 2981 1633 3034 ἰδεῖν
1656 2980 1708 3035 τί

117 3060 188 3115 ἂν
219 3062 315 3114 καὶ
344 3061 673 3135 πράττοιμεν
707 3066 787 3127 εἰς
832 3065 923 3118 τὸν
953 3068 1238 3121 σκεπεινδν
1278 3070 1440 3123 τόπον
1481 3073 1707 3144 γενόμε-

114 3170 223 3217 νοι,
254 3151 429 3225 λάθρα
477 3154 666 3220 ἐκϐὰς,
716 3156 1103 3230 ἠκολούθησεν.
1146 3156 1278 3212 Εἶτα
1308 3160 1353 3191 ⁸³
1378 3162 1436 3214 ὲν
1462 3163 1704 3235 εὐκαίρῳ

113 3246 273 3317 τόπῳ
298 3246 343 3277 δ’
371 3263 462 3317 μοι
486 3246 797 3318 προσελθὼν
823 3250 917 3303 καὶ
962 3251 1409 3322 προσαγορεύσας
1435 3252 1539 3325 ἔφη
1558 3270 1571 3284 ·
1610 3255 1705 3308 Ἐκ

114 3336 321 3391 πολλοῦ
353 3355 435 3391 σοι
472 3339 781 3394 ἀκολουθῶν
808 3343 903 3396 καὶ
932 3347 1211 3415 συντυχεῖν
1239 3344 1437 3399 ἐθέλων
1461 3347 1528 3407 ⁸⁸,
1558 3347 1707 3417 ᾐδού-

116 3447 254 3501 μην,
286 3430 485 3502 μήπως
508 3432 584 3496 ὡς
613 3434 891 3507 περιέργῳ
937 3454 1027 3508 μοι
1057 3437 1403 3510 χαλεπήνῃςο
1436 3438 1531 3492 νῦν
1553 3438 1703 3493 δὲ.τά

109 3526 381 3581 δοκοῦντα
434 3526 556 3596 ἐμοὶ
599 3526 797 3599 ἀληθῆ,
849 3529 1012 3599 λέγω,
1055 3530 1105 3583 εί
1135 3530 1333 3601 βούλει.
1365 3532 1536 3602 Κάγὼ
1559 3535 1699 3588 ἀπε-

110 3618 427 3691 κρινάμην·
476 3617 618 3686 Λέγε
655 3621 788 3691 ἡμῖν
834 3621 970 3693 ὅπερ
1022 3638 1103 3676 σοι
1148 3622 1295 3676 δοκεῖ
1338 3624 1502 3678 καλὸν
1540 3623 1698 3691 εἶναι,

109 3712 210 3766 καὶ
237 3709 610 3781 ἀποδεξόμεθα
634 3728 713 3776 σε,
744 3711 848 3767 κᾶν
887 3712 967 3784 τῷ
991 3713 1100 3767 ὄντι
1131 3713 1205 3787 μὴ
1230 3715 1390 3769 καλὸν
1470 3718 1531 3771 τὸ
1558 3718 1702 3787 λεγό-

111 3820 299 3873 μενον,
327 3802 451 3854 ἐπεί
477 3820 583 3874 περ
611 3804 789 3875 ἀγαθῇ
832 3807 1147 3878 προαιρέσει
1170 3807 1231 3861 τὸ
1268 3807 1459 3863 δοκοῦν
1490 3827 1572 3863 σοι
1600 3829 1699 3864 κα-

106 3892 200 3945 λὸν
226 3892 403 3944 εἰπεῖν
434 3891 599 3964 ἡθέλη
607 3909 723 3956 σας.

184 3981 350 4036 (LXII.
393 3984 504 4036 Καὶ
529 3985 557 4037 ὁ
580 3984 759 4056 γέρων
786 3985 881 4039 τοῦ
910 3986 1087 4056 λέγειν
1132 3987 1335 4058 ἧρξατο
1357 3989 1527 4052 οὕτως
1548 4007 1560 4020 ο
1588 3991 1695 4043 Θα-

104 4075 287 4147 λάσσῃ
341 4074 487 4147 ὑμᾶς
527 4075 882 4147 λελουμένους
906 4081 985 4142 είς
1028 4079 1119 4133 τὸν
1169 4081 1487 4153 ἀπόκρυφον
1532 4083 1695 4137 τόπον

106 4168 581 4239 ὐποχωρήσαντας
637 4168 781 4233 ἰδὼν,
824 4170 1155 4241 προσελθὼν,
1203 4173 1377 4245 λάθρα
1428 4177 1693 4229 κατεσκό-

102 4278 248 4313 πουν
270 4258 334 4311 τὸ
360 4258 411 4311 τί
448 4258 512 4312 ἂν
540 4261 596 4313 ἐν
632 4263 816 4332 κρυφῇ
843 4262 886 4293 ⁸⁸
913 4263 1224 4335 πράττοιτε.
1260 4266 1369 4318 Καὶ
1396 4266 1579 4338 ἐπειδὴ
1605 4268 1694 4321 εύ-

100 4350 376 4422 χομένους
448 4349 604 4415 εἶδον,
681 4352 1032 4426 ὑπεχώρησα,
1089 4355 1185 4409 καὶ
1236 4356 1459 4428 ἐλεήσας
1476 4360 1519 4390 ⁷⁰
1549 4360 1693 4429 ὑμᾶς

1820 1865 1987 1933 dedit,
2015 1883 2080 1923 ac
2108 1878 2229 1937 post
2253 1885 2373 1925 eam
2406 1874 2564 1929 nobis
2601 1876 2719 1945 ejus
2762 1865 2910 1931 ﬁliis.
2945 1877 3122 1947 Atque
3171 1879 3244 1931 ita
3268 1895 3393 1934 cum

1817 1974 1879 2014 ea
1908 1962 2269 2027 comedimus,
2305 1964 2584 2037 Deumque
2629 1969 2735 2024 cibi
2779 1971 3097 2040 largitorem
3137 1972 3393 2030 laudibus

1816 2054 2090 2121 prosecuti
2122 2070 2336 2110 sumus.

1887 2230 2022 2285 CXI.
2066 2231 2206 2286 Tum
2247 2234 2503 2305 deinceps
2532 2235 2748 2303 Petrus,
2783 2239 3089 2309 ingressum
3126 2244 3390 2313 populum

1815 2322 2027 2391 videns,
2056 2340 2182 2379 cum
2218 2327 2332 2396 ipse
2360 2331 2719 2397 consedisset,
2754 2349 2965 2404 nosque
3012 2337 3270 2406 jussisset
3299 2356 3391 2395 as-

1814 2416 2013 2482 sidere,
2050 2416 2282 2475 docebat
2311 2437 2419 2492 qua
2462 2423 2673 2479 ratione
2715 2426 2874 2481 nobis
2905 2438 3026 2497 post
3053 2429 3388 2500 baptismum

1812 2510 2135 2579 praamissis,
2168 2510 2285 2582 ipse
2334 2514 2484 2569 tarde
2513 2515 2786 2573 rediisset.
2828 2518 3065 2576 Causam
3096 2538 3226 2578 vero
3249 2508 3389 2579 hanc

1812 2618 1933 2660 esse
1960 2603 2196 2659 dicebat.
2255 2604 2431 2661 Simul
2481 2618 2645 2679 atque
2689 2627 2809 2680 vos,
2854 2613 3053 2684 inquit,
3088 2632 3119 2670 a
3148 2633 3235 2671 mc
3272 2618 3387 2674 dis-

1811 2698 2080 2768 cessistis,
2126 2714 2290 2755 senex
2326 2701 2548 2770 quidam
2601 2703 2853 2760 curiosus
2882 2708 3049 2773 venit,
3102 2710 3387 2767 occultans

1810 2803 1893 2855 se,
1924 2798 2087 2859 atque
2114 2790 2302 2845 volens
2358 2806 2581 2846 cernere
2618 2809 2718 2847 nec
2760 2794 2875 2865 ipse
2930 2799 3080 2852 cerni
3108 2817 3121 2853 :
3152 2816 3387 2872 cumque

1809 2896 1911 2935 nos
1961 2881 2113 2951 prius
2162 2882 2506 2938 observasset
2536 2926 2551 2951 ,
2601 2884 2742 2939 sicut
2811 2887 2923 2956 ipse
2968 2898 3156 2957 postea
3205 2890 3385 2948 fassus

1809 2979 1916 3036 est,
1974 2979 2036 3025 ut
2059 2971 2266 3025 videret
2296 2973 2555 3041 quidnam
2590 2973 2643 3027 in
2679 2977 2893 3029 obtecto
2918 2976 3038 3032 loco
3070 2980 3229 3048 positi
3260 2998 3386 3054 age-

1809 3079 2015 3130 remus,
2046 3064 2187 3118 clam
2225 3066 2378 3131 exiit,
2409 3074 2462 3120 et
2498 3078 2719 3122 secutus
2742 3079 2843 3123 est.
2869 3069 3063 3125 Postea
3103 3073 3156 3126 in
3185 3089 3386 3145 oppor-

1809 3165 1943 3209 tuno
1975 3155 2096 3210 loco
2122 3172 2208 3209 me
2237 3157 2592 3222 conveniens,
2632 3173 2696 3213 ac
2723 3160 2991 3228 salutans,
3018 3163 3156 3218 dixit
3189 3183 3202 3218 :
3234 3165 3385 3220 1am--

1807 3245 1900 3300 diu
1940 3254 1990 3301 te
2015 3262 2271 3317 sequens,
2309 3257 2364 3303 et
2412 3250 2613 3318 alloqui
2662 3254 2909 3321 cupiens,
2944 3258 3169 3311 verebar
3199 3275 3263 3313 nc
3299 3276 3386 3315 mc

1806 3345 2071 3407 tanquam
2100 3341 2381 3395 curiosum
2426 3357 2569 3412 aegre
2615 3342 2788 3399 ferres
2821 3363 2834 3398 :
2863 3362 3010 3402 nunc
3049 3359 3228 3403 autem
3261 3369 3384 3420 qua:

1805 3428 1943 3482 mihi
1979 3444 2107 3484 vera
2138 3429 2410 3497 videntur,
2453 3432 2498 3485 si
2527 3433 2631 3500 vis,
2668 3436 2906 3504 profero.
2934 3436 2999 3491 Et
3022 3454 3120 3510 ego
3156 3456 3382 3511 respon-

1804 3517 1859 3572 di
1889 3538 1903 3573 :
1940 3517 2210 3590 Eloquere
2242 3523 2401 3576 nobis
2428 3525 2575 3593 quod
2604 3525 2699 3579 tibi
2732 3526 2946 3582 videtur
2975 3544 3096 3584 esse
3132 3530 3333 3587 bonum
3362 3552 3377 3600 ;

1802 3620 1858 3666 ct
1886 3613 2236 3669 laudabimus
2277 3625 2347 3679 te,
2382 3615 2506 3671 licet
2532 3632 2719 3673 revera
2750 3622 2897 3690 quod
2920 3622 3143 3691 dixeris,
3173 3626 3375 3680 bonum

1801 3722 1912 3761 non
1944 3706 2144 3775 fuerit;
2177 3710 2435 3778 quoniam
2483 3712 2738 3780 prudenti
2795 3716 3065 3782 consilio,
3094 3734 3206 3772 rem
3255 3737 3379 3789 quae

1798 3799 1898 3854 tibi
1927 3801 2042 3855 visa
2072 3810 2155 3856 est
2184 3801 2349 3867 bona,
2380 3803 2619 3859 volueris
2650 3807 2924 3877 proloqui,

1867 3979 2027 4035 CXII.
2072 3981 2221 4039 Tum.
2264 3998 2428 4037 senex
2483 3984 2556 4038 ita
2621 3985 2774 4041 ell‘ari
2842 3991 3006 4059 cmpit
3040 4010 3054 4045 :
3091 3990 3210 4047 Vidi
3254 4011 3373 4062 vos,

1797 4083 2086 4143 postquam
2118 4075 2170 4128 in
2200 4075 2337 4129 mari
2366 4076 2657 4144 lavissctis,
2684 4081 2752 4133 ad
2784 4083 3056 4137 occultum
3082 4084 3258 4141 locum
3286 4106 3374 4142 se-

1798 4167 2033 4221 cessisse
2065 4168 2237 4233 ;adii,
2282 4167 2423 4222 clam
2474 4170 2789 4238 speculatus
2848 4189 2970 4228 sum
3018 4176 3277 4246 quidnam
3320 4182 3373 4234 in

1798 4257 1982 4311 abdito
2010 4257 2242 4328 ageretis
2269 4274 2288 4311 :
2322 4275 2559 4319 cumque
2603 4277 2701 4317 vos
2741 4278 2963 4321 orantes
3016 4270 3371 4338 aspexissent,

1797 4350 2000 4406 secessi
2032 4368 2046 4417 ;
2076 4361 2131 4405 et
2162 4353 2328 4407 vestri
2380 4356 2660 4423 misertus,
2706 4363 3039 4429 exspectavi,
3068 4372 3128 4417 ut
3151 4380 3373 4433 persua-

100 4441 391 4509 ἀνέμεινα,
440 4441 587 4503 ὅπως
613 4441 657 4472 ⁷¹
684 4443 859 4496 πείσω
914 4444 987 4515 μὴ
1039 4445 1387 4499 ἀπατᾶσθαι·
1415 4447 1537 4500 οὔτε
1584 4448 1691 4521 γάρ

1814 4442 1982 4498 lerem
2028 4459 2097 4498 ne
2145 4441 2432 4500 fallamini.
2466 4446 2653 4518 Neque
2698 4451 2850 4505 enim
2896 4452 3040 4509 Deus
3063 4464 3165 4523 est,
3196 4472 3372 4525 neque

98 4537 241 4593 Θεος
291 4530 460 4594 ἔστιν,
502 4530 624 4585 οὔτε
671 4533 927 4605 πρόνοια·
957 4536 1090 4589 ἀλλὰ
1142 4538 1353 4605 γενέσει
1398 4538 1467 4592 τὰ
1514 4540 1692 4595 πάντα

1814 4534 2146 4592 Providentia
2180 4555 2194 4592 :
2229 4539 2322 4593 sed
2352 4540 2533 4609 genesi
2566 4551 2765 4597 cuncta
2810 4545 3095 4615 subjacent
3134 4566 3148 4613 ;
3176 4565 3370 4617 quem-

99 4622 413 4686 ὑπόκειται,
443 4623 518 4687 ὡς
545 4623 654 4693 ἐγὼ
681 4625 765 4694 ἐφ’
792 4619 873 4689 οἷς
901 4628 1143 4681 πέπονθα
1172 4629 1560 4704 πεπληροφόρη
1571 4651 1688 4704 μαι,

98 4714 351 4785 ἀκριϐῶν
370 4716 435 4767 ἐκ
462 4715 659 4769 πολλοῦ
701 4717 761 4770 τὸ
801 4718 1046 4789 μάθημα.
1088 4721 1177 4793 Μὴ
1205 4717 1297 4775 οῦν
1320 4723 1513 4777 ἀπατῶ
1533 4743 1544 4753 ·
1577 4725 1689 4779 εἴτε

96 4806 213 4875 γὰρ
236 4804 395 4879 εὔχῃ,
422 4807 533 4860 εἴτε
563 4808 610 4839 ⁷¹
635 4809 730 4862 καὶ
751 4810 847 4882 μὴ,
898 4811 967 4864 τά
994 4813 1059 4865 ἐκ
1084 4814 1180 4885 τῆς
1201 4815 1468 4882 γενέσεως
1494 4817 1686 4872 παθεῖν

94 4894 164 4948 ἂν
222 4895 367 4965 ἔχοις
391 4896 456 4949 ⁷³.
486 4896 554 4949 Αἰ
593 4898 703 4970 γὰρ
750 4901 907 4970 εὐχαὶ
958 4901 1007 4953 εί
1051 4903 1299 4958 ἐδύναντό
1349 4923 1423 4971 τι,
1464 4905 1496 4977 ἢ
1535 4906 1597 4961 τὸ
1623 4904 1683 4963 εὖ

94 4989 298 5052 ποιεῖν,
354 4987 513 5053 αὐτὸς
563 4988 632 5044 ἂν
671 4991 731 5045 ἐν
777 4994 890 5056 τοῖς
919 4994 1223 5065 κρείττοσιν
1257 4998 1424 5069 ἤμην.
1451 4996 1559 5052 Καὶ
1589 4999 1685 5053 νῦν

93 5078 143 5130 εί
177 5077 257 5149 μὴ
290 5076 353 5131 σὲ
380 5079 565 5150 ἀπατᾷ
589 5081 623 5152 ή
649 5082 882 5153 πενιχρά
927 5100 1030 5155 μου
1058 5083 1196 5157 αῦτη
1221 5085 1403 5159 ἐσθὴς,
1430 5088 1529 5140 οὐκ
1556 5088 1685 5141 άπι-

1797 4627 2092 4684 admodum
2129 4646 2194 4686 ex
2221 4631 2288 4687 iis
2313 4649 2435 4703 qua:
2482 4635 2615 4689 mihi
2660 4638 2997 4707 acciderunt,
3040 4642 3197 4711 plene
3243 4661 3371 4714 per-

1796 4733 1996 4775 suasus
2032 4735 2151 4775 sum
2180 4764 2195 4787 ,
2226 4722 2549 4793 jampridem
2588 4728 2878 4784 mathesim
2918 4731 3207 4802 diligenter
3237 4735 3367 4789 edo-

1793 4817 1940 4867 ctus.
1962 4810 2040 4865 Ne
2063 4828 2193 4883 ergo
2217 4813 2423 4871 fallaris
2453 4840 2464 4872 :
2496 4817 2611 4873 sive
2630 4820 2775 4875 enim
2798 4824 3058 4892 preceris,
3088 4825 3203 4881 sive
3234 4842 3365 4893 non,

1791 4918 1853 4959 ea
1883 4919 2005 4974 quae
2051 4914 2206 4959 ortus
2264 4910 2560 4976 portendit,
2612 4914 2923 4970 necessario
2964 4916 3215 4973 accident
3245 4919 3362 4973 tibi.

1790 4991 1926 5048 Nam
1982 4994 2027 5049 si
2057 5009 2247 5065 preces
2288 5009 2512 5068 possent
2557 5001 2782 5073 aliquid,
2833 5015 2928 5061 aut
2977 5008 3120 5063 bona
3173 5024 3359 5079 opera,

1789 5088 1907 5159 ipse
1930 5089 2070 5144 inter
2114 5091 2384 5161 primores
2410 5108 2608 5151 essem.
2636 5096 2715 5152 Ac
2740 5114 2906 5169 nunc,
2947 5102 3052 5159 nisi
3088 5112 3137 5159 te
3163 5104 3364 5174 decipit

1372 5228 1608 5283 VARUE
1646 5228 2048 5286 LECTIONES.

507 5379 763 5475 βῇτξτξῖξιξ
796 5383 964 5475 αὐτην
985 5385 1331 5475 δυνηθῶμεν,
1349 5388 1507 5475 μλὴν
1531 5391 1623 5475 ἐπὶ
1651 5396 1759 5475 τῶν
1786 5399 2053 5475 αἰγιαλῶν
2084 5405 2415 5475 γενομένων.
2493 5408 2535 5439 εί
2570 5407 2719 5462 deest
2754 5408 2807 5463 in
2830 5410 2903 5465 al.
2974 5411 3101 5465 "al.
3129 5414 3179 5465 οί
3202 5414 3355 5467 ἀδελ-

91 5448 184 5513 φοὶ
200 5445 315 5498 τῶν
341 5462 396 5513 γ.
432 5467 483 5519 χ,
507 5445 613 5504 καὶ
640 5452 786 5506 ἄλλοι
820 5445 962 5517 τινές
996 5445 1151 5526 ὑπεῇί.

107 5515 257 5567 Ἐλθ.
319 5516 365 5546 ⁵³
403 5522 475 5567 al.
505 5523 605 5567 εἰς-
665 5524 709 5554 ω
739 5525 1012 5567 stigmam-
1107 5529 1151 5558 ιε

107 5517 257 5570 Ἐλθ.
319 5517 365 5546 ⁵⁵
403 5517 475 5573 al.
505 5523 605 5585 είς.
665 5524 709 5554 ⁵⁵
739 5525 1013 5579 διελθεῖν.

92 5586 136 5617 ⁸⁸
168 5589 247 5639 al.
292 5587 577 5655 καθεσθεὶς
601 5593 713 5647 καί.
813 5596 855 5626 ⁶¹
904 5598 1013 5650 dee:

90 5656 133 5686 “
157 5657 234 5710 al.
279 5655 599 5710 βουλόμενος
628 5665 790 5710 ὁοῶν-
868 5667 912 5699 ⁸⁸
953 5669 999 5710 nl

813 5596 855 5626 ⁶¹
904 5598 1055 5652 deest
1081 5599 1132 5651 in
1164 5599 1238 5653 al.

1230 5459 1274 5489 ω
1296 5459 1392 5551 Qa];
1424 5459 1686 5551 κελεύξας
1713 5459 1921 5551 ἀνδρῶν
1949 5487 2008 5551 τε
2045 5459 2231 5551 μᾷνοιέ
2238 5477 2369 5546 ἡμῖν
2393 5494 2519 5551 σητ.
2556 5495 2612 5551 μ.
2625 5480 2721 5551 καὶ
2733 5484 2849 5545 ταῖς
2876 5484 3068 5545 αὐταῖς
3087 5487 3350 5551 γυναιξίν.

1107 5529 1154 5558 ⁸⁵
1178 5528 1250 5582 al.
1292 5528 1678 5602 διελεγόμεθα(
1734 5528 1949 5593 "deest
1974 5528 2123 5596 in'al.
2189 5528 2319 5602 “al.
2353 5528 2714 5618 θάίίξναῦτῆξξ
2746 5528 2941 5606 irini“?

1107 5615 1132 5651 η
1164 5599 1238 5653 al.
1339 5600 1383 5632 ⁸³
1411 5603 1563 5656 (10981.
1602 5607 1653 5660 in
1686 5610 1758 5662 al.
1840 5611 1970 5665 ⁸³31.
2016 5615 2283 5665 συνεισήει
2320 5617 2577 5665 hominum-
2660 5622 2707 5655 “
2747 5621 2817 5665 nl-
2876 5625 3080 5665 ἑαυτὸν
3114 5642 3343 5665 «rint-1’,

1466 5620 1563 5656 :eSL
1602 5622 1653 5660 In
1686 5620 1758 5662 al.
1840 5620 1970 5666 “al.
2016 5628 2160 5666 συνει

2165 5615 2292 5694 σξῄει-
2320 5617 2577 5694 ἐργάτης.
2632 5615 2818 5694 ἐι.
2876 5625 3083 5684 ἑαυτὸν,
3114 5642 3350 5694 προκκτ.

1522 5655 1556 5656 η
1602 5655 1653 5660 ___
1687 5655 1758 5662 ν.--
1899 5655 1970 5666 ν..
2019 5655 2283 5667 --νου-ι...
2320 5655 2345 5668 ι-
2425 5655 2510 5670 νυνι
2564 5660 2577 5673 .
2747 5655 2818 5674 ιιι-
2876 5655 3062 5676 ιιιυυυν
3114 5655 3154 5676 Ἧι
3225 5655 3349 5680 ἧκ’-ο

90 5656 133 5731 ξ’
157 5657 234 5710 διο
278 5655 599 5728 βουλόμενος
628 5665 791 5736 695w-
868 5667 912 5699 “
952 5669 1022 5720 al-
1062 5668 1411 5734 εἰσελθόντες·
1448 5669 1587 5727 εἶτα.
1666 5678 1709 5714 ιτ
1740 5679 1903 5783 ἀθεεὶ,
1928 5682 1980 5733 in
2011 5684 2081 5735 al.
2162 5655 2313 5741 ⁸⁸⁸⁵³1.
2353 5655 2555 5743 ’ὀὲλωῦἶ
2628 5690 2671 5720 εει
2695 5691 2763 5743 al.
2791 5695 3043 5762 κρυφαίῳ
3069 5655 3349 5760 ἒξσῖἷξιτες.

95 5728 135 5757 ⁸.
177 5726 254 5783 al.
294 5727 523 5783 ἐλεήσας
554 5732 633 5783 δέ-
711 5737 752 5767 ⁷³
794 5736 865 5783 al-
898 5736 1061 5783 inger-
1096 5739 1296 5783 ἐξιοῦσι
1329 5744 1742 5783 πηηιτηηνὶιῆρνηρ
1842 5751 1860 5781 7
1916 5751 2062 5783 Ληηαι
2115 5753 2167 5783 ς..
2201 5756 2247 5783 ..ι
2350 5758 2396 5783 ἠ
2436 5759 2483 5783 ..ι
2554 5758 2790 5783 :...1.-.----_.
2824 5747 2921 5783 ναί·
3015 5750 3024 5765 ⁸

95 5726 135 5757 ³⁸
177 5726 254 5785 al,
294 5726 523 5795 ἐλεήσας
554 5732 633 5790 δέ.
664 5726 675 5736 ’
711 5737 752 5767 ⁷³
794 5736 865 5791 al.
898 5736 1062 5794 inscr.
1096 5739 1296 5806 ἐξιοῦσι
1329 5726 1860 5816 προσομιλήσαςῑῃδ

1916 5751 2067 5808 decst
2113 5753 2167 5807 in
2201 5756 2271 5811 al.
2350 5758 2396 5789 ⁷³
2436 5759 2505 5812 al.
2549 5758 2791 5827 ἀνάγκην
2822 5751 2985 5832 ἔχεις.
