3834 6220
166 258 278 316 553

992 256 1455 315 CLEMENTlNA.
1490 284 1557 296 -—-
1596 252 1897 311 ΕΙῚΤΟΜΕ
1934 252 2022 307 DE
2060 252 2307 309 GESTIS
2345 253 2402 308 S.
2443 253 2671 311 PETRI.

3336 260 3438 314 551l-

169 383 298 452 μεῖν
321 379 435 452 γάρ
456 379 594 445 ἐστι,
612 378 674 433 τὸ
697 378 878 449 λέγειν
894 380 1107 449 γενέσει
1131 380 1449 436 ὑποκεῖσθαι
1472 380 1539 433 τὰ
1562 381 1750 441 πάντα,

1868 376 2062 432 ledicta
2084 386 2140 433 et
2163 376 2531 447 blaspltemias
2548 378 2890 449 conjiciunt?
2909 377 3213 450 Respondit
3236 395 3399 435 senex
3419 398 3434 435 :

167 471 336 540 κάγὼ
358 473 377 503 ¹
410 471 552 544 πρὸς
590 473 778 527 αὐτόν’
827 473 940 526 Καὶ
973 473 1140 527 πάνυ.
1176 474 1239 525 El
1263 472 1375 544 7&9
1397 474 1420 505 ³
1450 473 1548 527 καὶ
1586 471 1759 524 πᾶσαι

165 568 225 620 αἱ
252 566 371 620 τῶν
397 564 703 637 ἀνθρώπων
742 565 1012 638 ἁμαρτίαι
1043 566 1139 620 καὶ
1171 565 1417 620 ἀσέϐειαι
1458 568 1555 619 καὶ
1598 565 1758 620 ἀσέλ-

164 675 321 727 γειαι
367 658 426 724 ἐξ
472 658 753 729 ἀστέρων,
781 657 859 721 ὡς
883 659 948 711 σὺ
983 658 1119 730 φὴς,
1144 658 1414 726 γίνονται·
1449 659 1511 713 τὸ
1538 659 1595 712 δέ
1634 658 1762 722 τοὺς

164 751 417 822 ἀστέρας
438 750 613 805 ταῦτα
631 750 654 782 ³
678 752 853 804 ποιεῖν
881 750 987 804 ὑπὸ
1009 751 1145 805 Θεοῦ
1166 752 1425 806 τέτακται
1441 751 1485 815 ⁸,
1511 752 1600 805 ἵνα
1623 750 1761 804 πάν-

164 860 283 895 των
324 843 578 914 χαλεπῶν
618 840 1029 897 ἀποτελεστικοὶ
1068 846 1370 913 γένωνται,
1430 840 1488 897 ai
1544 842 1761 897 πάντων

168 926 487 1005 ἀμαρτίαι⁸
532 934 751 998 πάντως
787 934 895 1006 ἄρα
935 934 1033 988 καὶ
1072 936 1152 999 είς
1195 935 1355 989 αὑτὸν
1398 934 1762 1005 ἀναφέρονται

169 1031 267 1085 τὸν
294 1030 397 1103 τὴν
422 1031 637 1102 γένεσιν
661 1030 883 1084 ἐνθέντα
904 1032 925 1063 ⁸
948 1032 1062 1095 τοϊς
1088 1031 1327 1103 ἄστροις.

246 1204 413 1259 CXV.
443 1207 553 1259 Kal
579 1208 607 1260 6
634 1206 813 1279 γέρων
848 1209 901 1241 ⁸·
934 1208 1209 1280 Ἀληθῶς⁹
1252 1208 1417 1279 ἔφης-⁸
1451 1207 1590 1263 ἀλλά
1610 1207 1760 1282 πάσῃ

172 1315 275 1352 σου
311 1301 379 1369 τῇ
409 1298 783 1371 ἀπαραϐλήτῳ
808 1299 1141 1373 ἀποδείξειή
1173 1301 1280 1373 ἐμὴ
1316 1300 1599 1373 ἐμποδίζει
1635 1317 1760 1355 συν⁹

170 1388 406 1459 είδησις.
465 1386 605 1456 Ἐγὼ
631 1387 741 1461 γάρ
766 1389 1092 1462 ἀστρολόγος
1118 1388 1214 1455 ὣν,
1244 1389 1340 1443 καὶ
1374 1390 1594 1464 Ῥώμην
1618 1392 1762 1463 πρῶ-

167 1496 269 1535 τον
290 1483 519 1554 οἰκήσας
544 1483 608 1546 ⁸⁸,
649 1478 769 1537 εἶτα
805 1483 1082 1552 φιλιωθείς
1107 1501 1213 1537 τινι
1240 1482 1380 1556 πρὸς
1411 1484 1604 1554 γένους
1645 1484 1760 1541 ϐντι

169 1571 481 1643 Καίσαρος,
534 1570 698 1626 αὐτοῦ
725 1588 784 1625 τε
811 1573 907 1627 καὶ
930 1574 1030 1645 τῆς
1068 1574 1303 1648 συμϐίου
1347 1574 1448 1647 τὴν
1475 1574 1692 1643 γένεσιν
1716 1576 1756 1607 ³⁸

170 1658 426 1733 ἀκριϐῶς
464 1662 803 1735 ἠπιστάμην,
850 1664 947 1718 καὶ
989 1664 1283 1737 ἱστορήσας
1324 1664 1633 1728 ἀκολούθως
1660 1663 1761 1729 τάς

1867 468 2109 534 Scilicet,
2140 468 2194 523 id
2223 478 2310 525 est
2332 470 2620 526 maledicta
2650 470 2925 539 conferre,
2960 472 3142 527 dicere
3172 473 3439 542 geniturae

1862 561 2058 632 subjici
2105 562 2397 617 universa?
2425 560 2563 618 Tum
2595 577 2699 634 ego
2740 564 2807 619 ad
2854 578 2981 619 eum
3012 580 3027 617 :
3054 560 3289 619 Omnino
3331 572 3437 619 est.

1860 650 1998 707 Nam
2044 653 2093 709 si
2137 668 2334 709 omnes
2363 653 2648 710 hominum
2679 669 2920 720 errores,
2950 664 3004 709 et
3034 655 3362 724 impietates,
3386 663 3442 710 et

1863 743 2237 814 impudicitiae,
2258 761 2324 799 ex
2350 745 3024 815 stellis,quemadmodum
3053 755 3108 801 tu
3127 745 3231 811 ais,
3254 744 3463 801 oriun-.

1864 843 1984 904 tur;
2019 845 2079 892 ut
2106 848 2291 894 autem
2320 852 2384 893 ea
2415 838 2620 893 faciant
2648 838 2836 906 stellae,
2869 854 2899 893 a
2934 838 3045 894 Deo
3073 838 3438 895 constitutum

1863 928 1988 993 fuit,
2019 944 2130 999 quo
2179 938 2509 986 cunctorum
2560 929 2894 1002 ﬂagitiorum
2944 931 3246 988 effectrices
3290 931 3433 998 sint;

1862 1022 2113 1077 omnium
2142 1030 2292 1078 certe
2328 1020 2527 1077 delicta
2557 1022 2625 1079 ad
2657 1038 2783 1079 eum
2828 1023 3055 1079 omnino
3098 1023 3435 1089 referuntur,

1861 1116 1956 1186 qui
1984 1115 2039 1169 in
2067 1115 2232 1171 astris
2255 1114 2503 1185 posuerit
2536 1116 2800 1185 genesim.

1930 1204 2094 1263 CXV.
2136 1208 2158 1239 "
2186 1206 2252 1263 Et
2286 1222 2454 1263 senex
2485 1226 2501 1263 :
2540 1206 2740 1263 Verum
2771 1209 2886 1275 ais;
2913 1208 3005 1265 sed
3036 1208 3185 1265 omni
3218 1217 3324 1265 tua:
3348 1208 3438 1265 in-

1861 1297 2223 1369 comparabili
2267 1297 2730 1357 demonstrationi
2768 1315 2889 1356 mea
2929 1300 3111 1357 obstat
3149 1300 3435 1359 conscien-

1861 1390 1959 1445 tia.
1985 1389 2101 1461 Ego
2129 1389 2300 1456 enim,
2347 1390 2445 1460 qui
2491 1391 2801 1463 astrologus
2846 1407 2990 1455 sum,
3022 1400 3077 1446 et
3111 1390 3297 1447 Romae
3326 1390 3440 1461 pri-

1863 1499 2014 1539 mum
2058 1482 2324 1549 habitavi,
2365 1492 2555 1553 postea
2582 1482 2795 1538 amicus
2823 1482 3003 1539 factus
3024 1482 3309 1553 cujusdam
3340 1482 3434 1552 qui

1859 1583 1980 1630 erat
2023 1590 2090 1630 ex
2135 1588 2335 1645 genere
2363 1574 2623 1642 Caesaris,
2657 1574 2763 1629 viri
2796 1574 2945 1631 illius
2983 1576 3285 1647 uxorisque
3312 1575 3437 1647 ejus

1861 1667 2169 1737 genituram
2200 1667 2373 1738 probe
2391 1666 2595 1735 callui;
2624 1682 2863 1738 cumque
2882 1667 3132 1737 viderim,
3164 1684 3254 1725 res
3276 1679 3440 1739 prout

169 1753 412 1827 πράξεις
450 1753 905 1819 ἀποτελεσθείσας
925 1755 970 1786 ⁸⁸
1002 1754 1183 1809 αὐτῶν
1204 1758 1272 1827 τῇ
1300 1754 1534 1823 γενέσει,
1578 1754 1750 1823 λόγοις

1860 1757 2071 1814 ferebat
2102 1774 2297 1814 eorum
2328 1760 2567 1830 genesis,
2618 1760 2905 1825 evenisse,
2950 1761 3083 1816 solis
3111 1761 3291 1816 verbis
3320 1776 3351 1816 a
3384 1769 3439 1818 te

170 1846 365 1917 μόνοις
384 1846 429 1877 ¹³
454 1846 555 1899 οὐκ
593 1845 702 1917 ἔχω
743 1862 826 1899 σοι
872 1846 1177 1901 πείθεσθαι.
1208 1842 1318 1900 Ἦν
1343 1844 1453 1919 γάρ
1477 1846 1579 1916 τῆς
1604 1845 1757 1914 γενέ-

167 1956 318 2003 σεως
364 1938 549 2003 αὐτοῖς
573 1938 619 1970 ⁸⁸
653 1938 715 1993 τὸ
755 1936 1009 2010 διάθεμα,
1053 1938 1242 1993 ποιοῦν
1275 1937 1537 2011 μοιχάδας
1557 1977 1572 2003 ,
1610 1936 1757 1991 ίδίων

164 2031 378 2086 δούλων
404 2029 637 2103 ἐρώσας,
669 2031 765 2086 καὶ
804 2031 895 2084 ἐπὶ
934 2028 1092 2101 ξένης
1115 2032 1173 2085 ἐν
1199 2028 1357 2083 ὕδατι
1384 2028 1721 2101 θνησκούσας
1737 2044 1752 2060 ο

163 2122 197 2175 ὃ
248 2124 345 2175 καὶ
368 2122 413 2155 ⁸⁸
458 2121 602 2176 οὕτω
645 2123 887 2193 γέγονεν.
946 2120 1271 2193 Ἐρασθεϊσα
1311 2120 1423 2193 γὰρ
1468 2120 1563 2174 τοῦ
1624 2120 1755 2175 ίδίου

164 2214 391 2279 δούλου,
419 2216 516 2269 καὶ
550 2216 644 2270 τὸν
675 2215 844 2286 ψόγον
867 2217 1055 2290 φέρειν
1078 2217 1140 2271 οὐ
1162 2216 1432 2288 δυναμένη
1452 2255 1466 2280 ,
1507 2214 1757 2285 φυγοῦσα

162 2307 229 2361 ἐν
253 2308 303 2340 ¹⁶
328 2308 625 2380 ἀλλοδαπῇ,
658 2310 751 2363 καὶ
775 2311 963 2381 κοίτης
993 2309 1144 2382 αὑτῷ
1172 2310 1547 2381 κοινωνήσασα
1566 2348 1582 2373 ,
1612 2306 1756 2363 κατά

163 2397 454 2456 θάλασσαν
478 2400 744 2473 διεφθάρη
772 2402 832 2455 ³⁸⁷.

242 2515 431 2571 CXVI.
462 2516 634 2587 Κάγὼ
663 2518 1048 2591 ἀπεκρινάμην
1070 2518 1113 2551 ⁸⁸
1136 2534 1149 2548 ·
1180 2517 1292 2574 Kal
1327 2516 1445 2581 πῶς
1465 2517 1508 2550 ¹⁹
1538 2517 1645 2590 ἀρα
1670 2534 1756 2587 γι-

164 2604 408 2670 νώσκεις
432 2607 515 2661 ὅτι
537 2610 570 2678 ή
601 2609 850 2678 φυγοῦσα
873 2648 888 2672 ,
918 2607 1006 2663 ἐπ’
1032 2605 1339 2678 ἀλλοδαπῆς
1359 2606 1627 2680 γενομένη
1661 2608 1756 2664 τὸν

153 2693 362 2750 δοῦλον
381 2696 578 2769 ἔγημε,
604 2699 699 2752 καὶ
721 2700 950 2771 γήμασι
975 2698 1292 2769 ἐτελεύτησε
1314 2715 1329 2765 ;
1358 2700 1519 2754 Καὶὸ
1541 2700 1720 2773 γέρων
1735 2719 1749 2733 ο

179 2785 471 2857 ’Δσφαλῶς
508 2786 626 2844 οἴδα
669 2789 900 2862 τάληθῆ,
930 2791 1029 2862 οὐχ
1064 2791 1145 2846 ὅτι
1185 2792 1413 2863 ἔγημεν,
1441 2791 1602 2846 ὁπότε
1630 2792 1753 2847 οὐδὲ

162 2879 255 2931 ὅτι
280 2879 391 2951 ἦρα
415 2878 711 2948 ἐγίνωσκον
730 2896 743 2910 ·
770 2879 907 2934 ἀλλά
949 2881 1087 2952 μετά
1127 2882 1229 2954 τὴν
1270 2882 1488 2955 ἐκείνης
1506 2884 1553 2915 ¹⁶
1578 2881 1754 2936 ἀπαλ-

162 2970 349 3043 λαγὴν
381 2972 411 3024 ὁ
450 2972 680 3042 ἀδελφὸς
727 2972 823 3027 τοῦ
864 2972 1059 3046 ἀνδρὸς
1097 2974 1290 3047 αὐτῆς,
1335 2974 1512 3030 πάντα
1553 2992 1643 3047 μοι
1682 2974 1754 3029 τά

1857 1864 2073 1921 nequeo
2117 1851 2457 1921 persuaderi.
2489 1850 2622 1906 Erat
2654 1851 2801 1907 enim
2832 1860 2987 1907 ortus
3013 1852 3261 1909 mulieris
3288 1854 3438 1923 posi-

1857 1950 2008 2009 tura,
2057 1957 2181 2014 quae
2240 1942 2476 2002 ediceret
2512 1944 2822 2011 adulteras,
2902 1959 3090 2000 amore
3149 1960 3435 2001 servorum

1855 2048 2085 2090 suorum
2115 2045 2329 2105 captas,
2357 2046 2414 2091 et
2443 2050 2671 2108 peregre
2692 2036 2747 2091 in
2771 2052 2913 2107 aqua
2933 2046 3224 2107 pereuntes
3250 2052 3264 2091 :
3286 2038 3433 2107 quod

1854 2126 2013 2181 et'ita
2048 2128 2299 2199 contigit.
2328 2125 2467 2183 Nam
2496 2143 2620 2199 quae
2648 2142 2870 2184 servum
2922 2142 3083 2184 suum
3134 2128 3431 2198 deperiret,

1856 2233 1957 2275 nec
1989 2218 2133 2275 ferre
2178 2230 2367 2291 posset
2413 2220 2769 2291 opprobrium
2788 2262 2805 2288 ,
2836 2220 3014 2277 solum
3038 2220 3166 2293 fuga
3194 2231 3430 2289 vertens,

1853 2318 1910 2365 et
1938 2326 2063 2367 cum
2090 2325 2156 2367 eo
2186 2312 2593 2377 concumbens,
2625 2311 2682 2367 in
2714 2312 2854 2369 mari
2886 2312 3070 2384 periit.

1923 2504 2111 2563 CXVI.
2153 2504 2267 2578 Ego
2317 2505 2579 2577 respondi
2620 2523 2634 2561 :
2689 2503 2759 2560 Et
2802 2519 3046 2576 quonam
3088 2505 3254 2561 modo
3287 2505 3427 2574 scis,

1853 2598 2002 2654 lllam
2046 2598 2382 2669 fugientem,
2411 2607 2467 2654 et
2493 2598 2548 2653 in
2585 2597 2766 2652 alieno
2810 2597 2930 2653 solo
2977 2597 3211 2667 positam
3268 2614 3431 2655 servo

1853 2691 2129 2762 nupsisse.
2161 2706 2227 2746 ac
2254 2690 2530 2747 interiisse
2560 2699 2683 2761 post
2714 2690 2972 2760 nuptias?
3005 2691 3185 2761 Atque
3219 2707 3424 2748 senex:

1851 2785 2016 2842 Certo
2068 2787 2226 2851 novi,
2277 2801 2467 2842 revera
2517 2803 2627 2842 non
2680 2785 2826 2854 quod
2874 2787 3293 2857 nupserit.cum
3327 2805 3431 2845 nec

1851 2888 2040 2931 amore
2087 2884 2304 2947 captam
2353 2891 2477 2931 esse
2524 2876 2722 2933 scirem
2754 2894 2768 2932 ;
2796 2892 2985 2931 verum
3018 2888 3305 2957 postquam
3338 2882 3429 2938 illa

1850 2969 2125 3034 discessit,
2162 2969 2330 3025 frater
2363 2971 2467 3026 viri
2500 2972 2620 3042 ejus
2648 2987 2866 3029 omnem
2914 2974 3049 3028 mihi
3094 2974 3243 3031 illius
3268 2991 3427 3031 amo-

160 3062 315 3118 κατά
340 3062 432 3117 τὸν
455 3064 628 3134 αὐτῆς
650 3064 828 3137 ἔρωτα
854 3065 1173 3138 διηγήσατο,
1205 3066 1301 3121 καὶ
1326 3066 1403 3131 ὡς
1430 3066 1625 3139 σεμνὸς
1651 3066 1748 3132 ὢν,

1858 3076 1971 3116 rem
2004 3062 2315 3130 enarravit;
2342 3063 2486 3134 quod
2518 3061 2656 3134 ipse,
2690 3064 2786 3134 qui
2812 3075 3037 3121 sanctus
3067 3075 3121 3121 et
3162 3067 3428 3124 honestus

160 3158 268 3212 ἅτε
291 3157 357 3229 δὴ
384 3160 479 3213 καὶ
502 3159 748 3229 ἀδελφὸς,
778 3159 878 3213 οὐκ
900 3160 1166 3233 ἐϐουλήθη
1196 3162 1383 3232 μιᾶναι
1416 3159 1516 3233 τὴν
1539 3162 1744 3232 κοίτην.

158 3250 281 3304 Καὶ
306 3250 428 3313 πῶς
455 3249 753 3323 βουλομένη
772 3291 790 3317 ,
819 3251 914 3306 καὶ
936 3251 1227 3324 αίδουμένη
1248 3251 1293 3283 ⁸⁸
1320 3250 1481 3306 πάλιν
1506 3251 1667 3306 αὐτόν
1689 3269 1750 3306 τε

158 3341 266 3395 καὶ
289 3340 384 3395 τὸν
403 3341 573 3413 ψόγον
594 3344 630 3415 ἠ
653 3344 881 3398 τάλαινα
896 3360 911 3374 ⁸
941 3343 1043 3397 οὐκ
1071 3342 1187 3397 ἔστι
1215 3342 1326 3416 γάρ
1344 3342 1513 3415 αὐτὴν
1540 3343 1752 3416 μέμψα-

165 3429 340 3494 σθαι,
390 3431 475 3485 ὅτι
513 3433 579 3486 ἐκ
629 3431 896 3501 γενέσεως
946 3430 1122 3486 ταῦτα
1167 3433 1264 3488 καὶ
1312 3432 1542 3507 πάσχειν
1563 3434 1607 3464 ¹¹
1658 3428 1751 3488 καὶ

161 3523 349 3577 mh
393 3522 765 3593 ἠναγκάζετοο
804 3523 1013 3595 ὄνειρον
1048 3523 1158 3577 εἴτε
1203 3523 1413 3595 ἀληθῆ,
1444 3522 1556 3577 εἴτε
1577 3524 1749 3599 ψευδῆ

159 3613 445 3669 ἐπλάσατο
457 3616 557 3669 οὐκ
572 3614 682 3685 ἐχω
700 3614 899 3683 λέγειν.
925 3615 1118 3684 Ἔλεγε
1135 3614 1243 3686 γὰρ
1258 3614 1425 3687 αὐτὴν
1450 3616 1747 3687 εἰρηκέναι,

155 3709 253 3762 ὅτι
297 3707 437 3779 ὄναρ
471 3708 609 3779 αὐτῇ
648 3723 735 3770 τις
772 3705 1001 3771 ἐπιστὰς
1023 3706 1069 3738 ’³
1120 3705 1405 3761 ἐκέλευσεν
1424 3707 1472 3740 ’⁸
1520 3707 1751 3777 ἐξαυτῆς

159 3803 289 3873 ἅμα
309 3800 522 3864 τέκνοις
541 3800 647 3870 τῆς
661 3800 707 3831 ⁸⁵
748 3798 1033 3870 Ῥωμαίων
1056 3798 1282 3871 ἐκϐῆναι
1308 3800 1515 3863 πόλεως
1537 3801 1583 3831 ³⁸
1599 3817 1612 3830 ·
1638 3803 1665 3854 ὁ
1692 3801 1750 3855 δὲ

54 3904 61 3911 ’
156 3894 312 3966 ἀνὴρ
342 3892 607 3958 σώζεσθαι
627 3892 832 3962 ταύτην
850 3891 894 3922 ³⁷
927 3892 1024 3945 σὺν
1048 3894 1163 3955 τοῖς
1197 3892 1333 3955 υἱοῖς
1356 3892 1621 3959 σπεύδων,
1648 3895 1749 3947 αὑ-

157 3989 299 4041 τίκα
327 3985 859 4057 παιδευθησομένους
899 3986 1098 4049 αὐτοὺς
1138 3986 1220 4049 είς
1244 3986 1343 4049 τάς
1383 3986 1610 4058 Ἀθήνας
1638 3988 1752 4055 ἐξέ-

157 4079 356 4153 πεμψε
394 4079 493 4133 σὺν
536 4079 704 4151 μητρὶ
742 4080 838 4132 καί
878 4078 1121 4143 δούλοιςο
1152 4080 1338 4151 τρίτον
1378 4081 1437 4136 δέ
1472 4082 1587 4135 υἱὸν
1610 4081 1749 4153 ἔχων

159 4177 300 4249 παρ’
330 4175 508 4247 ἑαυτῷ
521 4173 588 4237 ’⁸,
615 4174 692 4237 ὠς
716 4173 781 4245 δὴ
804 4172 898 4227 τοῦ
927 4174 1366 4246 χρηματίσαντος
1393 4176 1452 4229 ἐν
1489 4176 1684 4248 ὀνείρῳ
1704 4178 1749 4209 ³ο

160 4271 410 4323 συνεῖναι
453 4265 667 4336 abab”
712 4264 1126 4336 ἐπιτρέψαντος.
1180 4265 1384 4320 Πολλοῦ
1437 4267 1749 4339 παρεληλυ-

157 4362 323 4424 adeo;
348 4360 543 4431 χρόνον
565 4358 630 4421 ³⁸,
656 4357 733 4423 ὡς
754 4358 856 4410 οὐκ
883 4356 1041 4411 ἔλαϐε
1068 4357 1373 4429 γράμματα
1397 4361 1529 4431 παρ’
1554 4360 1743 4431 αὐτῆς,

156 4453 337 4510 αὑτοῦ
382 4451 642 4513 πολλάκις
680 4449 995 4520 πέμψαντος
1031 4451 1113 4513 εἰς
1162 4449 1410 4521 Ἀθήνας,
1440 4451 1540 4522 ἐμὲ
1570 4469 1745 4523 παρα-

156 4544 347 4602 λαϐὼν
369 4544 445 4606 ὡς
470 4542 685 4596 πάντων
710 4539 859 4610 αὐτῷ
890 4537 1261 4609 γνησιιῖθτατον
1305 4538 1464 4605 ὄντα,
1505 4540 1600 4593 ἐπὶ
1646 4542 1745 4613 τὴν

161 4634 401 4707 ζήτησιν
441 4633 609 4703 αὐτῆς
658 4630 951 4703 ἐπορεύθη.
984 4630 1164 4683 Πολλά
1201 4630 1299 4701 μὲν
1340 4622 1435 4684 οὖν
1476 4632 1625 4703 αὐτῷ
1652 4635 1747 4687 καὶ

160 4727 312 4782 κατά
363 4726 463 4797 τὴν
502 4722 809 4794 ἀποδημίαν
852 4721 1187 4793 συνέκαμνον
1208 4722 1253 4753 ³⁹
1293 4723 1617 4795 προθύμως,
1650 4742 1748 4796 με-

166 4838 276 4891 ιινη
287 4818 449 4889 μένος
479 4818 561 4869 ὅτι
583 4815 684 4885 τῆς
712 4814 878 4867 πάλαι
908 4813 1072 4866 αὐτοῦ
1110 4814 1456 4885 εὐδαιμονίας
1493 4816 1748 4869 κοινωνόν

164 4930 236 4982 με
286 4912 509 4965 πάντων
528 4906 573 4940 ⁸³
614 4903 790 4977 εἶχεν,
839 4904 983 4975 ὑπὲρ
1032 4905 1243 4969 πάντας
1285 4905 1452 4959 αὑτοῦ
1510 4922 1578 4976 με
1621 4908 1748 4969 τοὺς

894 5014 949 5031 *ζ

221 5213 242 5243 ί
300 5207 374 5262 al.
423 5203 825 5325 ἀπεκρινάἵην.

221 5296 267 5325 ε.
325 5282 348 5315 ο
386 5276 456 5325 al.
498 5273 659 5325 θέντα
720 5292 767 5325 ν.
810 5272 825 5303 “¹

162 5279 267 5342 είς.
325 5282 348 5315 ⁸
386 5276 456 5330 al.
498 5273 659 5327 θέντα
690 5273 767 5327 ἐν.

163 5350 186 5382 ⁸
225 5350 302 5403 al.
353 5347 524 5401 inscr.
582 5344 743 5415 μέγα.

902 5198 1011 5266 _’_al.
1042 5196 1193 5251 deest
1231 5212 1283 5249 ιη
1317 5196 1387 5249 al.
1442 5198 1490 5233 "
1523 5201 1750 5265 γίνονται

1858 5195 1942 5266 Las
1966 5194 2196 5266 ἀστέρες
2216 5194 2409 5248 ταῦτα.
2450 5198 2471 5231 ⁸
2509 5195 2581 5248 al.
2612 5196 2780 5265 ἐτάγη

810 5272 832 5303 ἰ
872 5259 1157 5355 gemant?
1185 5267 1330 5355 hom.
1353 5282 1485 5355 xlvi,
1520 5259 1570 5321 ὁ.
1597 5269 1665 5348 θ,
1696 5276 1750 5355 et

1858 5259 2179 5355 ίξςεςὶρηέίί.
2193 5282 2251 5355 ix
2275 5307 2302 5355 ι
2321 5283 2391 5355 c.
2412 5265 2697 5355 32:,etcih
2721 5259 2742 5297 ⁸
2765 5259 3018 5355 ἐιιηλοιιιμ.
3062 5259 3415 5355 ἀπεκρίνατο.

849 5342 894 5374 η
932 5340 1086 5394 deest
1118 5338 1170 5390 in
1203 5336 1273 5390 al.
1353 5337 1391 5368 “
1434 5338 1586 5392 deest
1610 5338 1661 5391 in
1692 5337 1765 5394 al.

1851 3159 1990 3216 erat,
2018 3160 2205 3223 utpote
2233 3153 2401 3208 etiam
2436 3152 2627 3219 frater,
2654 3155 2891 3211 noluerit
2914 3165 3092 3213 torum
3120 3159 3423 3227 maculare;

1851 3253 1909 3299 ct
1935 3260 2045 3315 quo
2091 3246 2253 3301 modo
2286 3246 2497 3311 volens,
2530 3263 2597 3303 ac
2640 3264 2835 3304 rursus
2865 3249 3045 3319 ipsum
3074 3262 3237 3322 atque
3263 3252 3428 3308 dede-

1852 3351 1951 3393 cus
1977 3338 2170 3405 verita,
2203 3337 2294 3393 illa
2325 3335 2516 3397 infelix
2548 3338 2682 3409 (non
2711 3340 2857 3395 enim
2894 3339 3103 3395 licitum
3153 3349 3237 3397 est
3270 3345 3425 3413 queri

1852 3427 1921 3484 de
1960 3445 2058 3494 ea,
2090 3430 2352 3501 quoniam
2403 3446 2470 3486 ex
2517 3432 2687 3485 natali
2743 3433 2859 3489 haec
2905 3446 3030 3489 cum
3084 3434 3264 3492 facere
3312 3445 3426 3492 tum

1851 3523 2061 3593 perpeti
2089 3522 2440 3593 cogebatur),
2471 3524 2748 3578 somnium
2781 3524 2998 3580 finxerit
3024 3543 3040 3593 ;
3067 3542 3329 3583 verumne
3356 3546 3426 3583 an

1854 3613 2076 3681 falsum,
2119 3631 2227 3670 non
2262 3614 2434 3671 habeo
2464 3615 2664 3671 dicere.
2713 3615 2903 3673 Aiebat
2933 3619 3201 3688 siquidem
3253 3621 3425 3690 ipsam

1852 3707 2062 3762 dixisse
2101 3705 2248 3777 quod
2296 3706 2351 3763 in
2396 3707 2605 3762 somnis
2668 3707 2890 3777 quidam
2932 3710 3033 3763 sibi
3080 3711 3282 3779 astitit,
3333 3714 3429 3784 qui

1851 3813 1971 3851 eam
1998 3796 2167 3866 jussit
2200 3813 2323 3853 cum
2363 3797 2551 3853 liberis
2577 3798 2723 3853 illico
2752 3799 2887 3854 urbe
2914 3799 3085 3855 Roma
3117 3804 3379 3859 excedere
3410 3823 3425 3859 :

1853 3898 1910 3943 at
1940 3888 2024 3942 vir
2052 3889 2200 3943 illam
2229 3905 2353 3945 cum
2381 3890 2509 3945 [iliis
2529 3889 2859 3944 incolumem
2886 3892 3119 3947 evadere
3149 3904 3427 3965 satagens,

1852 3980 2143 4035 confestim
2192 3996 2286 4036 eos
2327 3982 2657 4038 erudiendos
2706 3984 2945 4039 Athenas
2974 3986 3123 4039 misit
3161 4002 3285 4041 cum
3313 4004 3430 4042 ma—

1854 4081 1935 4126 tre
1961 4083 2015 4126 et
2043 4072 2252 4136 servis;
2307 4072 2529 4127 tertium
2560 4088 2691 4127 vero
2719 4074 2889 4129 lilium
2922 4075 3147 4130 retinuit
3178 4079 3319 4147 apud
3346 4094 3425 4140 se,

1852 4166 1982 4237 quia
2014 4165 2108 4236 qui
2137 4181 2234 4237 per
2263 4166 2541 4221 somnium
2576 4166 2823 4223 ediderat
2853 4169 3160 4235 oraculum,
3193 4187 3318 4228 cum
3360 4188 3429 4228 eo

1855 4274 2077 4312 manere
2120 4258 2468 4329 permiserat.
2502 4257 2673 4314 Multo
2705 4270 2885 4315 autem
2928 4263 3115 4332 elapso
3162 4272 3426 4334 tempore,

1852 4359 1915 4406 ut
1938 4351 2007 4406 ab
2031 4366 2095 4406 ea
2138 4350 2348 4406 litteras
2394 4365 2505 4405 non
2534 4353 2767 4423 accepit,
2800 4368 3037 4423 cumque
3076 4370 3219 4424 sape
3261 4355 3427 4410 Athe-

1851 4460 1954 4501 nas
1988 4444 2268 4511 misisset;
2300 4456 2587 4516 assumpto
2614 4461 2721 4511 me,
2754 4444 2846 4516 qui
2876 4446 2925 4500 ei
2957 4447 3203 4501 omnium
3247 4464 3423 4503 essem

1852 4537 2345 4607 conjunctissimns
2375 4553 2438 4593 ac
2462 4538 2782 4606 fidissimus,
2812 4538 2878 4593 ad
2900 4541 3246 4608 quaerendam
3278 4542 3423 4597 illam

1853 4629 2132 4701 profectus
2167 4638 2273 4685 est.
2308 4628 2508 4685 Multos
2553 4628 2807 4701 equidem
2842 4646 2965 4684 cum
3007 4630 3125 4701 ipso
3170 4632 3224 4687 in
3273 4649 3428 4703 pere-

1855 4721 2168 4793 grinatione
2203 4723 2417 4777 labores
2458 4722 2712 4777 alacriter
2758 4722 2880 4787 tuli,
2924 4737 3132 4777 memor
3178 4725 3325 4793 quod
3370 4725 3424 4779 in

1854 4814 2035 4883 prisca
2064 4829 2162 4868 sua
2202 4813 2459 4868 felicitate
2488 4829 2575 4868 me
2604 4813 2847 4866 omnium
2881 4813 3161 4868 habuisset
3188 4817 3424 4885 socium,

1856 4921 1923 4962 ac
1960 4921 2124 4976 supra
2162 4921 2355 4962 omnes
2403 4907 2615 4961 amicos
2661 4906 2964 4963 dilexisset.
3018 4904 3205 4976 Itaque
3249 4905 3422 4963 Rouia

1456 5080 1688 5137 νΑῐΠίΕ
1729 5079 2128 5135 LECTIUNES.

2787 5214 2903 5270 σαν.
2945 5268 2957 5270 _
2982 5199 3003 5231 ⁸
3044 5199 3115 5252 al.
3150 5200 3414 5270 ἀμαρείαι

1878 5337 1920 5367 ¹²
1954 5335 2026 5418 ai.
2069 5336 2234 5391 inser.
2278 5335 2447 5418 ἔργῳ,
2477 5336 2560 5418 σοὶ
2591 5335 2735 5418 λόγω
2765 5337 3058 5418 πείθεσθαι.
3080 5340 3141 5418 ού
3160 5335 3417 5418 δύναμαι.

167 5420 212 5451 ’³
247 5419 320 5472 aI.
366 5416 543 5489 μόνον·
583 5406 634 5451 ίδ
664 5406 736 5489 ἐιιε
778 5406 1329 5489 οεῦτῇί·.¹⁸³¹·.ι¹οεέε
1366 5407 1420 5461 in
1454 5408 1526 5489 3.1.-
1592 5409 1637 5489 τ’
1676 5409 1747 5489 ςιι-
1796 5407 1869 5489 μὴ
1906 5406 2441 5489 φέρουεαν.φυγδῦσσε
2473 5409 2570 5489 ab?
2597 5408 2777 5489 αιὶῖῷν.
2802 5409 2897 5489 έν-.
2944 5411 2985 5489 1"
3012 5406 3417 5489 διερριξήσὲισαο

163 5490 263 5542 καὶ
285 5476 658 5543 κοι’νιι›ν⁴ί“σασα
680 5482 847 5552 αὐτῷ,
874 5476 1116 5550 θαλάσσῃ
1146 5476 1434 5549 διεφθάρη.
1474 5478 1520 5510 ¹⁸
1557 5478 1630 5535 al.
1658 5476 1811 5530 deest
1838 5479 1889 5529 in
1921 5476 1991 5529 al.

166 5559 225 5601 in
253 5560 331 5601 al.
382 5559 428 5589 ι’
462 5528 532 5601 πί.
578 5558 747 5601 ποιεῖν
782 5553 875 5601 καὶ
906 5551 1156 5601 πάσνειν.
1236 5547 1281 5579 ’³
1335 5549 1404 5601 al.
1441 5548 1515 5601 ὼε
1546 5548 1627 5601 ὅτι
1666 5549 1724 5599 ἐν
1754 5547 1989 5601 ὁράματι

1391 5582 1512 5610 οιυξ

166 5528 448 5612 nisi";
462 5528 534 5611 al.
578 5558 747 5609 ποιεῖν
782 5528 875 5606 ,ξᾶι
906 5528 1156 5620 πάσχεῗν.

165 5630 217 5661 ⁸⁵
240 5629 312 5682 al.
355 5626 530 5679 πόλιν.

165 5699 362 5770 χρόνον
395 5695 712 5757 διελθόντος.

138 5828 209 5879 ,ν
412 5790 681 5849 PnnOL.
718 5786 836 5846 Gn.
875 5787 924 5846 ll

603 5626 646 5657 ’⁷
674 5626 745 5678 al.
783 5622 971 5691 αὑτήν.
1023 5618 1094 5691 η
1129 5619 1201 5673 al.
1244 5618 1467 5691 E315}:

1469 5618 1556 5687 αρ’
1591 5616 1760 5687 αὐτῷ.

790 5635 971 5691 αῡτην.
1052 5635 1094 5652 -υ
1129 5635 1201 5673 aI.
1244 5635 1368 5687 εσχε
1414 5635 1553 5743 ,παρ
1591 5635 1760 5687 αυτῳ.

790 5693 832 5725 ³¹
862 5692 936 5746 al.
974 5690 1297 5745 συνέκαμον.
1380 5688 1501 5747 ".a
1527 5727 1542 5743 .
1594 5688 1834 5751 πάντως.

2074 5478 2115 5508 ιθ
2134 5462 2220 5549 είιζ
2248 5462 2398 5532 ἁέιιει
2428 5478 2481 5531 in
2512 5478 2584 5549 al.
2650 5479 2695 5510 ιο
2719 5462 2798 5532 ‘a’l.
2838 5462 3116 5549 αὑτῆςζυ
3140 5462 3249 5533 '51.‘
3267 5462 3421 5535 deest

1789 5547 1989 5647 ράματι
2022 5546 2249 5609 ἐπιστάς
2274 5564 2378 5611 τις.
2454 5550 2499 5583 ’⁸ο
2523 5548 2595 5601 al.
2638 5564 2878 5618 prrepon.
2933 5546 3045 5619 μοί.
3114 5551 3160 5581 ³⁵
3188 5549 3259 5603 al.
3294 5551 3416 5622 τήν.

1841 5621 1860 5648 2
1926 5618 1971 5648 ..1
2050 5617 2170 5648 un-‘
2219 5618 2351 5648 luna
2472 5618 2516 5648 30
2552 5619 2597 5648 nl
2701 5620 2859 5648 αι’.-λη
2895 5620 3039 5648 ...ἱ-3.
3168 5622 3206 5648 II
3246 5619 3295 5648 n‘
3359 5618 3416 5648 ιδ

1925 5618 1994 5671 al.
2050 5617 2373 5688 κατ’.ὅναρ.
2472 5618 2516 5649 ³⁸
2549 5617 2651 5673 δι(
2699 5620 2860 5673 αὑτὸν
2893 5617 3062 5690 αὐτῷ.
3168 5622 3206 5651 ⁸⁸
3245 5619 3317 5678 al.
3349 5617 3418 5674 ’δὲ

3028 5783 3101 5843 13
