3834 6220
444 260 552 327 555

1282 258 1346 318 'S.
1385 252 1773 318 CLEMENTIS
1811 262 1828 314 I
1872 258 2034 316 ROM.
2076 256 2278 314 PONT.
2320 259 2548 313 OPERA
2603 260 2836 316 DUBIA.

3596 258 3707 314 $6

440 387 702 443 continuo
730 382 1020 447 solvimus,
1056 382 1244 451 sicque
1281 377 1334 430 in
1366 376 1465 429 bas
1496 373 1668 444 Syriae
1694 384 1874 442 partes
1898 372 1999 425 de-

2102 370 2287 439 φίλους
2315 371 2562 439 ἀγαπῶν.
2582 371 2692 424 Καὶ
2714 372 2778 443 δὴ
2801 372 3221 445 ἀπεπλεύσαμεν
3241 375 3412 446 αὐτῆς
3443 373 3701 445 Ῥώμης.

439 480 710 536 Venimus.
759 475 867 530 Nec
916 476 1118 529 multos
1162 480 1285 541 post
1325 467 1462 531 dies,
1511 465 1601 518 ille
1645 464 1863 533 quidem
1894 477 2005 531 pra:

2104 462 2197 514 καὶ
2239 461 2410 523 οὕτως
2457 464 2537 525 είς
2584 467 2652 515 τα
2700 462 2935 517 ἐνταῦοα
2988 466 3087 536 τῆς
3129 466 3329 536 Συρίας
3385 464 3707 535 ἐγενόμεθα

440 574 607 627 animi
634 570 821 625 dolore
842 566 1098 637 migravit
1119 579 1150 617 θ
1174 562 1282 615 vita
1306 578 1320 625 ;
1348 574 1449 627 ego
1477 571 1605 610 vero
1631 556 1737 609 huc
1755 554 2001 616 veniens,

440 661 733 716 victum'ab
760 674 825 714 eo
848 670 1090 726 tempore
1115 654 1183 709 ad
1209 653 1355 706 hunc
1384 663 1556 717 usque
1578 646 1722 701 diem
1747 645 2001 700 manibus

437 766 718 822 comparo.

505 925 711 982 CXVII.
748 923 844 979 His
872 936 903 980 a
935 938 1063 979 sene
1090 922 1251 977 dictis
1271 961 1286 983 ,
1318 920 1623 988 intelligens
1652 932 1714 971 ex
1753 918 2000 969 oratione

434 1019 576 1090 ejus,
610 1032 794 1072 senem
824 1030 985 1085 quem
1017 1017 1253 1079 dixerat,
1291 1014 1471 1077 ipsum
1503 1024 1626 1065 esse
1668 1018 1876 1079 patrem
1914 1022 1999 1061 ve-

436 1121 631 1172 strum,
665 1108 813 1161 nolui
858 1122 982 1161 cum
1024 1121 1091 1160 co
1118 1104 1369 1159 conferre
1406 1116 1713 1157 sermonem
1737 1115 1799 1153 ea
1828 1100 1894 1153 de
1916 1114 1995 1164 rc,

433 1202 609 1255 donec
637 1196 1129 1252 ccmmunicassem
1162 1194 1449 1248 vobiscum
1483 1211 1495 1245 :
1530 1192 1633 1246 nisi
1681 1190 1829 1260 quod
1870 1206 1995 1244 cum

434 1289 733 1359 hospitium
767 1287 886 1357 ejus
928 1286 1266 1350 didicissem,
1302 1298 1595 1352 meumque
1648 1282 1995 1347 indicassem,

424 1380 751 1451 explorandi
784 1396 981 1446 causa,
1035 1379 1142 1433 boc
1184 1385 1397 1431 tantum
1449 1384 1801 1445 percontatus
1850 1389 1992 1437 sum,

431 1474 577 1542 quod
626 1483 771 1527 esset
820 1473 937 1527 seni
986 1485 1208 1525 nomen.
1242 1468 1334 1523 Ille
1365 1476 1545 1523 autem
1575 1486 1589 1522 :
1618 1466 1874 1530 Faustus,
1907 1467 1994 1519 in-

430 1565 580 1636 quit;
628 1564 758 1619 item
803 1562 946 1632 quod
993 1576 1191 1615 nomen
1241 1559 1478 1629 geminis
1526 1558 1683 1624 ﬁliis;
1733 1558 1823 1612 ille
1866 1572 1995 1611 vero

430 1654 757 1726 respondit‘:
788 1653 1084 1708 Faustinus
1098 1660 1152 1706 et
1182 1650 1607 1716 Faustinianus;
1640 1658 1695 1703 et
1718 1647 1991 1717 quodnam

2107 551 2266 622 μέρη.
2313 553 2421 605 Καὶ
2459 553 2521 605 οὐ
2567 552 2704 622 μετά
2741 552 2942 616 πολλὰς
2984 555 3199 626 ἡμέρας
3220 557 3293 620 ³⁸,
3335 557 3558 618 ἐκεῖνος
3597 554 3705 625 μὲν

2102 641 2327 711 ἀθυμῶν
2372 642 2749 712 ἐτελεύτησενο
2790 641 2902 710 ἐγὼ
2944 642 3002 696 δὲ
3042 645 3276 698 ἐνταῦθα
3327 644 3550 709 ὲλθὼν,
3594 644 3707 708 τὰς

2100 735 2190 788 διὰ
2224 734 2332 787 τῶν
2359 734 2557 805 χειρῶν
2594 733 2799 804 τροφὰς
2834 732 3021 787 ἔκτοτε
3062 736 3157 789 καὶ
3195 738 3275 800 είς
3309 737 3481 809 δεῦρο
3506 739 3557 769 ³³
3594 755 3705 791 πο-

2105 823 2343 895 ρίξομαι.

2170 915 2375 971 CXVII.
2418 914 2604 970 Ταῦτα
2630 915 2724 969 τοῦ
2751 913 3005 987 γέροντος
3028 916 3276 980 εἰπόντος
3297 958 3311 981 ,
3342 917 3587 971 συνιδὼν
3614 919 3705 971 ὅτι

2099 1006 2158 1060 ὃν
2192 1007 2343 1075 ἔλεγε
2372 1007 2604 1079 γέροντα
2625 1008 2689 1073 ³⁸,
2715 1002 2868 1071 οὗτος
2893 1004 2981 1079 ἦν,
3014 1008 3073 1074 ἐξ
3097 1001 3171 1061 ὧν
3200 1008 3407 1075 ἔλεγεν,
3434 1009 3466 1059 6
3506 1010 3708 1080 πατὴρ

2098 1099 2128 1149 6
2169 1097 2463 1169 ὑμέτερος,
2508 1098 2607 1150 οὐκ
2655 1096 2951 1167 ἐϐουλήθην
2992 1096 3139 1167 αὐτῷ
3156 1097 3199 1127 ³⁷
3247 1097 3700 1161 συναντιϐαλεῖν,

2103 1188 2293 1258 μέχρις
2335 1188 2401 1241 ἂν
2447 1188 2575 1257 ὑμῖν
2620 1187 3066 1258 προσανάθωμαι.
3119 1187 3263 1258 Πλὴν
3300 1188 3371 1241 τὰ
3408 1189 3565 1241 κατὰ
3590 1191 3701 1259 τὴν

2100 1279 2278 1343 ξενίαν
2306 1278 2471 1332 αὑτοῦ
2502 1278 2836 1349 καταμαθὼν
2855 1319 2870 1342 ,
2914 1280 3008 1331 καὶ
3050 1279 3149 1349 τὴν
3179 1279 3315 1349 ἐμὴν
3334 1280 3381 1310 ³⁸
3406 1278 3466 1333 δὲ
3517 1281 3706 1350 μηνύ-

2101 1388 2218 1435 σας,
2249 1369 2539 1441 ἀκριὸείας
2577 1371 2758 1447 ἕνεκα,
2782 1369 2942 1423 τοῦτο
2991 1370 3148 1441 μόνον
3187 1369 3490 1441 ἐπυθόμην,
3530 1372 3585 1423 τί
3612 1371 3704 1441 τῷ

2098 1463 2308 1533 γέροντι
2336 1462 2505 1532 ὄνομα
2524 1479 2537 1491 ·
2563 1463 2591 1513 6
2618 1462 2674 1514 δὲ
2700 1461 2824 1532 ἔφη·
2849 1461 3087 1524 Φαῦστος
3104 1479 3117 1491 ·
3150 1462 3201 1513 τί
3222 1461 3279 1514 δὲ
3301 1465 3414 1525 τοῖς
3434 1462 3703 1531 διδύμοις

2100 1554 2232 1615 υἱοῖς
2252 1570 2265 1583 ·
2297 1556 2325 1606 6
2347 1553 2404 1605 δὲ
2432 1555 2784 1625 ἀπεκρίνατο·
2820 1555 3109 1617 Φαυστῖνος
3136 1556 3230 1608 καὶ
3253 1556 3659 1619 Φαυστινιανός
3676 1574 3693 1585 ·

2099 1646 2220 1699 τίδὲ
2242 1645 2319 1716 τῷ
2339 1646 2505 1716 τρίτῳ
2527 1645 2646 1716 υἱῷ·
2678 1648 2706 1699 6
2733 1645 2817 1709 δὲ,
2840 1647 3093 1717 Κλήμης,
3118 1642 3258 1699 εἶπε.
3288 1648 3353 1700 Τί
3381 1648 3439 1700 δὲ
3469 1650 3698 1701 τούτων

429 1747 594 1801 tertio
643 1746 789 1811 Illic;
829 1754 886 1800 at
917 1745 1036 1809 ille,
1064 1743 1347 1805 Clemens,
1393 1740 1561 1808 dixit;
1604 1741 1840 1810 denique
1885 1754 1995 1809 quo

2099 1739 2265 1810 μητρὶ
2307 1738 2511 1808 ὄνομα·
2542 1737 2897 1801 Ματθιδία³⁹ν
2925 1738 3107 1807 φησίν·
3149 1738 3283 1792 Ύπδ
3327 1740 3697 1811 “Vaga”

432 1839 651 1893 nomine
683 1845 974 1893 vocaretur
998 1850 1191 1891 eorum
1227 1842 1431 1900 mater;
1461 1841 1516 1887 et
1554 1834 1651 1899 ait,
1688 1832 1991 1887 Matthidia.

432 1928 546 1999 Ego
574 1929 740 2000 igitur
785 1943 851 1984 ex
896 1928 1251 1983 miseratione
1298 1927 1730 1998 collacrymans,
1769 1926 1995 1980 dimissa

430 2025 612 2089 turba,
646 2022 768 2076 veni
804 2020 870 2075 ad
903 2036 1031 2084 vos,
1058 2029 1117 2074 ut
1168 2030 1292 2090 post
1334 2020 1440 2075 cibi
1489 2032 1834 2073 communem
1871 2032 1996 2085 per-

429 2111 731 2180 ceptionem
780 2111 897 2165 haec
942 2109 1223 2164 vobiscum
1285 2108 1769 2163 communicarem.
1822 2104 1995 2160 Porro

428 2208 555 2255 ante
597 2201 780 2257 cibum
829 2215 1084 2266 narrare,
1114 2210 1478 2270 opportunum
1512 2214 1620 2252 non
1654 2196 1878 2262 censui;
1926 2211 1995 2251 ne

428 2292 566 2347 forte
590 2292 780 2347 dolore
808 2292 960 2357 victi,
992 2292 1246 2361 baptismi
1271 2291 1414 2347 diem
1444 2290 1497 2345 in
1520 2289 1667 2344 luctu
1697 2288 1990 2355 duceretis,

427 2384 650 2452 quando
676 2385 841 2439 etiam
876 2384 1050 2453 angeli
1093 2381 1615 2437 eﬂerunturlanitia.
1645 2377 1771 2434 Haec
1799 2379 1993 2435 Petrus

423 2490 551 2530 cum
602 2476 847 2536 diceret.
879 2490 1069 2529 omnes
1104 2489 1211 2528 una
1255 2488 1379 2528 cum
1408 2480 1581 2526 matre
1607 2472 1861 2543 lacrymis
1891 2488 1991 2527 nos

422 2564 754 2621 dedidimus.
809 2563 962 2631 Quos
1025 2564 1114 2619 ille
1169 2564 1533 2634 lacrymantcs
1583 2562 1813 2627 videns,
1869 2562 1986 2617 ait:

421 2651 583 2709 Nunc
613 2654 1280 2723 unusquisque-vestrum,
1304 2666 1404 2721 pro
1434 2652 1629 2706 timore
1647 2666 1772 2721 erga
1797 2649 1988 2717 Deum,

418 2744 642 2799 fortiter
670 2758 792 2813 qua:
829 2751 1127 2797 memorata
1168 2751 1295 2796 sunt
1320 2739 1479 2795 ferat.
1513 2738 1696 2809 Neque
1718 2740 1862 2794 enim
1892 2740 1992 2794 ho-

426 2836 516 2891 die
539 2834 698 2889 vobis
726 2833 934 2888 lnteriit
979 2842 1154 2903 pater,
1201 2831 1294 2887 sed
1340 2831 1453 2901 jam
1494 2831 1648 2897 olim,
1692 2832 1835 2888 sicut
1868 2848 1988 2900 vos,

422 2927 740 2994 conjectura
770 2935 916 2979 recte
943 2923 1101 2987 facta,
1134 2923 1369 2979 dixistis.

2094 1826 2186 1884 οὖν
2214 1829 2323 1898 ἐγὼ
2352 1830 2652 1901 σύνδακρυς
2675 1829 2985 1899 γενόμενος,
3015 1829 3291 1893 ἀπολύσας
3312 1832 3440 1893 τοὺς
3462 1832 3690 1901 ὖχλους,

2092 1916 2253 1991 ἦλθον
2284 1922 2427 1992 πρὸς
2463 1923 2637 1992 ὑμᾶς,
2665 1922 2751 1974 ἴνα
2781 1921 2920 1992 μετά
2950 1920 3048 1992 τὴν
3078 1920 3186 1974 τῶν
3214 1921 3387 1975 ἄλλων
3408 1924 3455 1955 ⁸⁸
3481 1942 3691 1977 κοινω-

2094 2014 2211 2065 νίαν
2234 2012 2404 2065 ταῦτα
2428 2010 2854 2083 προσανάθωμαι
2884 2014 3031 2083 ὑμῖν.
3062 2013 3176 2083 Πρὸ
3212 2013 3269 2065 δὲ
3306 2014 3417 2066 τῶν
3459 2014 3615 2067 ἀλῶν
3637 2016 3683 2045 ⁸⁸

2093 2105 2264 2155 εἰπεῖν
2312 2103 2438 2172 ὑμῖν
2486 2103 2549 2155 ού
2573 2104 2616 2133 ’⁵³
2662 2101 2778 2154 δέον
2824 2100 3035 2171 ἔκρινα,
3085 2103 3158 2173 μή
3204 2118 3319 2165 πως
3362 2102 3470 2156 ὑπὸ
3501 2102 3689 2172 λύπης

2092 2194 2421 2265 νικηθέντες,
2452 2193 2509 2246 ὲν
2531 2195 2598 2263 τῇ
2621 2192 2715 2245 τοῦ
2739 2193 3113 2263 βαπτίσματος
3134 2192 3320 2263 ἡμέρα
3344 2192 3687 2257 πενθοῦντες

2090 2286 2455 2355 διατελέσητε,
2486 2284 2645 2338 ὁπότε
2682 2285 2774 2337 καὶ
2799 2284 3019 2354 ἄγγελοι
3046 2284 3319 2355 χαίρουσι.
3367 2285 3562 2337 Ταῦτα
3586 2287 3683 2339 τοῦ

2092 2378 2299 2448 Πέτρου
2340 2375 2609 2443 λέγοντος,
2665 2375 3001 2447 ἐδακρύομεν
3040 2377 3090 2428 οἱ
3142 2374 3341 2438 πάντες
3388 2375 3531 2444 μετὰ
3580 2377 3684 2446 τῆς

2095 2468 2318 2538 μητρός.
2362 2467 2419 2519 '0
2452 2466 2508 2519 δὲ
2535 2465 2867 2537 δακρύοντας
2891 2468 3037 2538 ἡμᾶς
3066 2465 3209 2530 ίδὼν,
3239 2465 3375 2535 ἔφη·
3408 2466 3527 2521 Νῦν
3551 2469 3685 2522 ἕκα-

2093 2576 2215 2622 στος
2244 2558 2395 2628 ὑμῶν
2430 2548 2577 2626 φόὸῳ
2613 2559 2691 2627 τῷ
2726 2551 2861 2627 πρὸς
2887 2556 2977 2609 τὸν
3003 2555 3136 2609 Θεὸν
3160 2557 3424 2625 γενναίως
3461 2559 3682 2629 φερέτω

2089 2648 2158 2702 τὰ
2181 2646 2442 2719 εἰρημένα
2459 2646 2523 2699 ⁸⁸.
2554 2646 2629 2699 Ού
2654 2646 2761 2717 γὰρ
2793 2646 2856 2717 δὴ
2886 2647 3121 2717 σήμερον
3161 2647 3289 2716 ὑμῖν
3324 2646 3681 2718 ἐτελεύτησεν

2088 2742 2118 2793 6
2166 2738 2365 2809 πατὴρ,
2401 2735 2535 2789 ἀλλὰ
2564 2736 2657 2789 καὶ
2680 2736 2933 2802 ἔκπαλαι,
2968 2736 3041 2800 ὠς
3065 2737 3222 2808 ὑμεῖς
3257 2736 3520 2809 εἰρήκατε
3556 2756 3680 2791 στο-

2091 2827 2379 2899 χαζόμενοι
2400 2825 2466 2878 ⁸⁸.

492 3015 724 3071 CXVIII.
766 3014 870 3071 Ista
916 3014 1076 3069 Petro
1125 3016 1411 3085 loquente,
1462 3024 1635 3069 mater
1678 3015 1819 3071 ferre
1870 3033 1983 3073 non

2158 2999 2387 3059 CXVIII.
2430 3000 2610 3053 Ταῦτα
2650 2998 2743 3052 τοῦ
2772 2999 2977 3070 Πέτρου
3022 3000 3287 3065 εἰπόντος,
3318 3001 3351 3072 ἡ
3385 3009 3573 3073 μήτηρ
3602 3004 3679 3073 μὴ

424 3110 634 3171 valens,
686 3121 883 3177 magno
932 3107 1171 3161 clamore
1223 3106 1369 3162 edito
1409 3124 1427 3161 :
1461 3105 1559 3162 Hei
1603 3108 1769 3171 mihi,
1800 3123 1834 3162 ο
1874 3111 1981 3180 vir;

423 3210 692 3272 quantum
739 3215 840 3254 nos
870 3199 1122 3270 diligens,
1156 3200 1270 3270 ipse
1310 3200 1529 3271 quidem
1562 3201 1700 3254 mori
1736 3201 1983 3273 voluisti;

422 3307 529 3346 nos
573 3306 703 3347 vero
742 3290 1000 3357 vivimus,
1030 3300 1084 3345 et
1125 3291 1299 3347 lucem
1349 3292 1668 3362 aspicimus,
1711 3301 1767 3347 et
1805 3294 1988 3351 adhuc

422 3382 671 3453 capimus
713 3382 923 3439 cibum.
966 3382 1216 3438 Nondum
1263 3384 1367 3438 hoc
1404 3397 1515 3437 uno
1556 3383 1760 3452 ejulalu
1809 3385 1983 3451 ﬁnito,

418 3486 552 3527 ecce
595 3486 759 3526 senex
813 3472 1157 3542 ingreditur;
1209 3480 1263 3526 et
1308 3472 1473 3527 simul
1519 3483 1682 3543 atque
1729 3476 1987 3531 clamoris

422 3577 647 3617 causam
670 3561 940 3617 sciscitari
965 3562 1144 3626 vellet,
1162 3562 1458 3633 respiciens
1482 3563 1549 3618 ad
1578 3578 1801 3618 uxorem
1824 3582 1835 3617 :
1857 3563 1982 3619 Hei!

420 3653 630 3723 inquit;
662 3653 922 3723 quidnam
969 3653 1074 3708 hoc
1112 3654 1233 3708 est?
1275 3650 1450 3719 Quam
1479 3654 1671 3709 video?
1711 3655 1989 3711 Accedens

418 3753 552 3799 vero
588 3752 643 3799 et
677 3744 992 3814 diligentius
1034 3746 1328 3814 aspiciens,
1355 3761 1420 3801 ac
1463 3746 1635 3814 visus,
1672 3749 1988 3819 complexus

418 3846 524 3893 est.
563 3836 739 3891 Ambo
789 3846 971 3891 autem
1021 3852 1131 3906 pra:
1184 3837 1383 3907 gaudio
1440 3839 1722 3907 repentino
1772 3838 1986 3892 defece-

420 3938 549 3984 runt
581 3928 888 3983 exclamare
926 3927 1064 3981 nisi.
1109 3936 1165 3982 et
1208 3928 1344 3983 alter
1391 3928 1546 3983 alteri
1584 3928 1731 3997 loqui
1761 3931 1986 3998 cupiem-

419 4032 526 4089 tes,
578 4036 767 4077 vocem
812 4020 1062 4075 emittere
1109 4036 1218 4075 non
1268 4029 1590 4091 potuerunt,
1640 4035 1741 4074 nec
1784 4022 1855 4076 ob
1902 4022 1986 4075 in-

417 4117 687 4185 expletam
758 4113 997 4168 laztitiam
1068 4114 1362 4182 reprimere
1407 4128 1483 4167 se.
1536 4109 1812 4180 Multoque
1868 4120 1990 4183 post

419 4215 592 4262 mater
618 4206 685 4261 ad
715 4221 838 4261 eum
867 4224 880 4259 :
916 4203 1095 4259 Habeo
1124 4214 1195 4270 te,
1236 4203 1453 4269 Fauste,
1480 4206 1628 4260 omni
1672 4206 1831 4260 modo
1859 4220 1987 4259 sua-

416 4300 726 4356 vissimum.
778 4297 843 4352 Et
878 4314 984 4367 qua
1034 4297 1243 4351 ratione
1272 4297 1431 4363 vivis,
1473 4298 1540 4352 de
1602 4298 1760 4368 cujus
1808 4307 1984 4354 morte

415 4392 577 4462 paulo
602 4400 727 4445 ante
750 4363 1094 4444 audivimus?
1130 4387 1401 4442 Caeterum
1440 4389 1495 4442 lii
1526 4363 1808 4456 sunt'ﬁlii,
1839 4384 1983 4443 Fau-
2012 4372 2057 4426 D
2078 4367 2203 4462 ξῇςν
2240 4363 2416 4462 δννὼξ

416 4484 594 4538 stinus
620 4490 674 4537 et
705 4480 1115 4545 Faustinianus,
1144 4494 1208 4533 ac
1235 4486 1525 4548 exoptatus
1555 4478 1825 4534 Clemens.
1858 4478 1991 4545 Quae

2099 4458 2225 4536 ρεὴν
2275 4448 2419 4508 οὗτοι
2458 4454 2593 4505 εἰσιν
2634 4451 2680 4483 ⁸⁸
2712 4451 2762 4502 οἱ
2794 4449 2922 4511 υἱοὶ,
2958 4449 3249 4509 Φαυστῖνος

2078 4547 2273 4609 νιανδς,
2304 4544 2399 4598 καὶ
2417 4544 2463 4575 ⁵*
2491 4545 2520 4596 6
2563 4541 2806 4603 ποθεινὸς
2852 4539 3102 4609 Κλήμης.
3146 4538 3335 4591 Ταῦτα
3377 4539 3673 4609 είπούσης,

416 4590 541 4629 cum
602 4574 864 4634 dixisset,
916 4586 1013 4625 nos
1075 4578 1183 4623 tres
1231 4570 1285 4623 in
1342 4569 1520 4638 ipsum
1583 4569 1990 4636 incumbentes,

416 4681 653 4733 etnnque
692 4662 1025 4725 deosculati,
1074 4660 1306 4714 formam
1353 4660 1499 4715 illius
1545 4661 1778 4717 obscure
1810 4676 1981 4733 agno-

416 4762 617 4813 vimus.

489 4912 677 4967 CXIX.
721 4910 843 4965 ll.ec
876 4925 997 4963 cum
1034 4910 1241 4963 videret
1270 4908 1497 4964 Petrus:
1530 4908 1610 4963 Tu
1641 4924 1701 4964 es
1727 4908 1982 4975 Faustus,

418 5005 625 5072 inquit,
667 5002 829 5071 hujus
882 5003 984 5065 vir,
1030 4999 1260 5070 ejusque
1312 5000 1607 5056 liberorum
1656 4999 1850 5070 pater?
1891 4999 1983 5055 Ille

2088 3096 2344 3169 φέρουσα,
2376 3092 2513 3165 μέγα
2542 3092 2840 3162 ἀνέκραγεν
2863 3092 2907 3124 ⁸⁸
2925 3107 2937 3121 ·
2967 3092 3151 3163 Οίμοι,
3183 3093 3335 3164 ἄνερ,
3362 3093 3409 3124 ⁸⁸
3432 3095 3508 3156 ὼς
3538 3096 3680 3162 ἀγα..

2088 3187 2203 3241 πῶν
2234 3187 2397 3257 ἡμᾶς,
2448 3183 2626 3255 κρίσει
2650 3184 2692 3215 ⁸⁷
2734 3182 2833 3253 μὲν
2886 3183 3052 3247 αὐτὸς
3085 3184 3465 3254 ὲτελεύτησας,
3510 3186 3679 3255 ἡμεῖς

2086 3278 2143 3332 δὲ
2173 3278 2373 3342 ζῶντες
2409 3274 2471 3328 τὸ
2496 3273 2611 3343 φῶς
2652 3274 2885 3346 ὁρῶμεν,
2919 3275 3011 3329 καὶ
3045 3274 3251 3345 τροφῆς
3272 3274 3318 3306 ⁸⁸
3350 3276 3473 3346 ἄρτι
3509 3293 3679 3345 μετα-

2086 3369 2451 3440 λαμϐάνομεν.
2477 3365 2640 3420 Οὔπω
2668 3366 2712 3397 δ’
2734 3366 2835 3435 τῆς
2866 3367 2993 3437 μιᾶς
3014 3365 3215 3435 ταύτης
3250 3365 3516 3435 ὀλολυγῆς
3544 3384 3682 3419 παυ-

2090 3460 2347 3531 σαμένης,
2396 3457 2501 3509 ίδοὺ
2534 3454 2625 3507 καὶ
2648 3456 2677 3508 6
2704 3454 2881 3524 γέρων
2908 3452 3105 3523 είσῄει·
3141 3453 3235 3506 καὶ
3267 3453 3385 3523 ἃμα
3419 3453 3502 3524 τῷ
3554 3453 3679 3522 βού-

2087 3549 2273 3603 λεσθαι
2303 3548 2462 3602 αὑτὸν
2495 3546 2596 3615 τῆς
2640 3545 2889 3615 κραυγῆς
2928 3545 3028 3615 τὴν
3057 3545 3243 3597 αίτίαν
3280 3542 3675 3606 πυνθάνεσθαι,

2087 3645 2167 3705 είς
2202 3642 2299 3712 τὴν
2342 3641 2571 3709 γυναῖκα
2620 3635 2896 3706 ἐμϐλέψας
2947 3636 3082 3706 ἔφη·
3118 3636 3307 3705 Οίμοι,
3350 3634 3404 3686 τί
3452 3633 3605 3687 θέλει
3630 3636 3677 3666 ⁵³

2086 3732 2244 3785 τοῦτο
2272 3728 2439 3795 εῖναι;
2476 3729 2610 3781 Τίνα
2638 3726 2781 3799 ὀρῶ;
2812 3726 3132 3797 Προσελθὼν
3157 3725 3213 3776 δὲ
3240 3725 3336 3778 καὶ
3361 3725 3681 3796 ἀκριϐέστε-

2090 3838 2180 3893 ρον
2214 3818 2398 3873 ἐνιδὼν
2420 3818 2487 3880 ⁸¹,
2516 3816 2610 3869 καὶ
2642 3815 2857 3886 ὀραθεὶς
2906 3813 3314 3885 περιεπλέκετο.
3349 3815 3415 3867 Οἱ
3461 3814 3519 3867 δὲ
3564 3816 3675 3868 ὑπὸ

2088 3913 2259 3984 χαρᾶς
2283 3909 2546 3979 αἰφνιδίου
2580 3904 2871 3974 διεφώνουν
2896 3904 3214 3976 ἀμφότεροι,
3247 3904 3343 3957 καὶ
3370 3904 3560 3959 λαλεῖν
3592 3908 3682 3959 ἀλ-

2087 4006 2266 4077 λήλοις
2296 4001 2626 4073 βουλόμενοι,
2655 3997 2863 4067 ἀφασία
2890 3994 3243 4065 συσχεθέντες
3270 3997 3335 4048 ἐκ
3356 3997 3459 4066 τῆς
3488 3997 3679 4069 ἀτελῆ..

2090 4113 2215 4150 στου
2252 4095 2427 4165 χαρᾶς
2474 4092 2692 4162 ἐπέχειν
2714 4090 2758 4121 ⁸¹
2805 4089 3032 4150 ἑαυτοὺς
3081 4087 3181 4140 ούκ
3227 4086 3508 4155 ἠδύναντο.
3565 4090 3681 4142 Καὶ

2092 4185 2228 4257 μετὰ
2247 4186 2293 4217 ⁵³
2322 4183 2457 4236 πολὺ
2479 4184 2525 4216 ⁵⁸
2565 4179 2702 4252 πρὸς
2756 4177 2919 4231 αὐτὸν
2966 4179 2999 4246 ἡ
3046 4177 3227 4247 μήτηρ
3267 4176 3337 4207 δ”
3380 4177 3533 4245 Ἔχω
3584 4195 3677 4241 σε,

2087 4276 2325 4337 Φαῦστε,
2352 4272 2445 4325 τὸν
2496 4270 2639 4324 κατά
2679 4268 2857 4321 πάντα
2902 4266 2952 4297 ⁵⁸
2985 4265 3339 4333 γλυκύτατον.
3389 4266 3517 4330 Πῶς
3566 4269 3680 4340 ἄρα

2444 4360 2712 4415 τεθνεῶτα
2765 4357 2944 4429 μικρῷ
2973 4358 3019 4389 ⁸⁷
3055 4356 3287 4428 πρόσθεν
3319 4357 3675 4428 ἠκούσαμενς

2565 4468 2593 4504 ν
2634 4451 2680 4483 ⁸⁸
2712 4451 2762 4502 οἱ
2794 4449 2922 4511 υἱοὶ,
2958 4449 3249 4509 Φαυστῖνος
3299 4447 3397 4499 καὶ
3440 4449 3677 4501 Φαυστι-

2086 4638 2245 4707 ἡμεῖς
2276 4636 2325 4688 οἱ
2364 4636 2514 4705 τρεῖς
2544 4630 2944 4703 προσπεσόντες
2973 4628 3143 4698 αύτῷ,
3181 4628 3275 4681 καὶ
3306 4629 3679 4697 καταφιλοῦν-

2086 4744 2198 4791 τες,
2222 4726 2322 4797 τὴν
2358 4725 2565 4779 ἐκείνου
2601 4722 2813 4795 μορφὴν
2856 4719 3114 4790 ἀμυδρῶς
3155 4735 3273 4782 πως
3314 4722 3683 4791 καταμανθά.

2221 4832 2250 4870 ν
2272 4818 2338 4869 ⁴⁰.

2088 4835 2344 4963 votam.
2400 4909 2466 4959 Ἃ
2514 4906 2609 4960 κα)⁸
2663 4904 2871 4974 βλέπων
2902 4902 2931 4953 6
2975 4900 3207 4971 Πέτρος·
3244 4901 3317 4954 Σὺ
3359 4902 3401 4933 ⁵⁸
3440 4898 3496 4955 εἴ
3529 4903 3681 4957 Φαῦ-

2092 5020 2237 5068 στος,
2263 5005 2307 5034 ⁶²
2340 4998 2513 5064 εἶπεν,
2538 5003 2567 5054 6
2590 5001 2792 5070 ταύτης
2823 4998 2961 5069 ἀνὴρ
2993 4998 3087 5051 καὶ
3112 4998 3217 5051 τῶν
3251 4998 3425 5068 αὐτῆς
3460 5001 3680 5054 παίδων

1691 5172 1922 5228 VARIzE
1961 5172 2368 5229 LECTIONES.

486 5296 533 5335 ³⁸
568 5290 718 5348 deest
751 5311 805 5348 in
828 5294 899 5348 al.
979 5292 1023 5323 ³⁵
1063 5291 1134 5345 al.
1174 5290 1333 5360 μέχρι
1361 5287 1453 5360 τοῦ
1487 5288 1663 5360 δεῦρο.
1726 5288 1890 5360 ξσριε
1908 5289 2249 5360 συνᾷδονῂμὲ

1978 5373 1991 5385 ·
2019 5356 2196 5434 Ματθ.
2274 5358 2433 5434 “ei;
2464 5357 2640 5434 ἀλῶν..
2700 5359 2744 5392 ⁸⁸
2771 5360 2842 5413 al.
2882 5356 2977 5434 τοῦ
3002 5356 3110 5434 τῶν
3130 5363 3272 5416 ἀλῶν
3309 5362 3670 5434 μεταλαϐεῖν.

416 5438 461 5471 ⁸³
495 5435 565 5491 al.
604 5435 705 5488 οὐκ
729 5426 1065 5504 ἠϐουλήθην..
1129 5431 1175 5504 δέ
1198 5431 1269 5504 al.
1305 5427 1580 5504 λεχθέντες.1
1652 5428 1698 5504 ξι
1725 5427 1806 5504 λιι.
1849 5426 2250 5504 σχολαζόμενρι.

415 5365 471 5418 δὲ
504 5365 572 5417 τά
594 5364 713 5417 καθ’
739 5365 879 5431 ὑμᾶς
913 5360 1078 5431 αὐτῷ.
1158 5356 1201 5392 ³⁸
1226 5356 1377 5431 deest
1407 5359 1459 5431 in
1485 5356 1593 5411 ιιι(
1636 5357 1687 5431 ³-³-
1718 5359 1746 5409 6
1772 5356 1833 5431 δὲ
1866 5356 1969 5431 ἔφη

1425 5497 1446 5512 ᾗ

416 5507 490 5559 al.
529 5482 621 5537 ἠδ
648 5482 797 5558 deest
824 5503 877 5557 in
908 5482 1099 5554 ςῖἰένέπ
1128 5482 1397 5554 aLinser’.‘
1420 5497 1496 5551 δέ.
1538 5498 1582 5529 ιο
1622 5494 1691 5549 al.
1722 5482 1967 5568 θέλριίξυι
1999 5482 2253 5568 εἰξιδῴν.
2330 5496 2375 5529 ιι
2408 5482 2760 5568 Ξιιηκρατὲῖὶ).
2836 5482 2974 5556 "si.

416 5579 487 5647 al.
540 5575 586 5647 ξ’
618 5573 863 5647 al._add.
894 5573 1015 5647 Egon;
1099 5572 1247 5647 “iul:
1296 5584 1534 5647 praeponn.
1581 5584 1688 5647 poi.

2252 5307 2285 5363 v_
2301 5287 2641 5363 61:619575
2673 5288 2922 5363 τεθνάναι
2954 5293 3185 5363 γέροντα
3230 5293 3418 5356 αὐτός.
3505 5294 3551 5324 ³⁷
3596 5294 3670 5348 al.

3344 5433 3389 5466 "
3429 5433 3591 5487 deest
3617 5435 3670 5486 in

3017 5502 3132 5572 μετ’
3165 5503 3281 5572 οὐχ
3327 5503 3377 5537 ⁸⁵
3418 5502 3582 5557 deest
3616 5505 3672 5555 ἐτι

2329 5429 2373 5461 ⁸⁵
2410 5426 2586 5496 βοῶσα
2617 5426 2740 5496 ἔφη.
2819 5437 2840 5468 δ
2903 5432 3060 5486 deest
3096 5433 3149 5485 in
3194 5434 3267 5485 al.

1786 5566 1829 5595 ⁵⁷
1864 5564 2273 5646 31..τεθνηκότα
2339 5566 2520 5689 μικρῷ
2558 5564 2754 5637 ’τάχιον
2794 5569 2887 5638 ἡκ.
2973 5564 3029 5605 ⁸¹’
3056 5572 3129 5629 al.
3164 5570 3350 5642 ἡμῶν.
3426 5572 3481 5605 ³⁸
3514 5573 3674 5628 deest

1786 5654 1828 5689 m
1851 5652 1862 5663 '
1901 5636 1994 5688 Συ.
2073 5636 2117 5667 ⁸³
2152 5637 2373 5689 drcstin
2400 5654 2428 5689 a
2458 5675 2472 5689 .

416 5638 467 5696 In
510 5645 581 5697 al.
672 5644 717 5677 “
749 5634 1043 5714 κατεμανο.
1124 5641 1162 5670 ⁶¹
1201 5640 1269 5693 al.
1295 5634 1466 5692 ταῦτα
1583 5634 1611 5689 6
1637 5637 1704 5688 Π·
1729 5634 1829 5707 ἔφη
1851 5652 1862 5663 ·
1901 5634 1994 5688 Σύ.
2073 5634 2373 5691 ’τάυρειὶὶι
2400 5654 2428 5691 a
