3834 6220
187 298 282 352 561

997 296 1461 353 ειειιΕΝτιΝΑ.
1485 292 1877 363 -ΕΡΙΤΟΜΕ
1910 294 2001 348 DE
2032 292 2282 350 GESTIS
2318 293 2379 350 S.
2416 290 2666 346 PETRI.‘

3352 290 3455 344 56?.

187 415 277 468 τὸν
308 414 411 486 τῆς
438 414 725 479 εὐσεϐείας
760 416 919 485 λόγον
957 416 1222 482 ἐδέξαντο,
1247 414 1348 468 οὐκ
1380 414 1449 469 ἂν
1477 412 1773 481 ἐπιγνῶναι

1880 412 2168 482 hucusque
2213 410 2584 473 mansissent,
2636 422 2745 461 non
2802 404 3174 473 suscepissent
3229 403 3454 456 verbum

186 507 286 577 τὴν
313 504 578 577 ἀλήθειαν
610 506 973 578 ἠδυνήθησαν.
1002 506 1103 561 Διὰ
1129 506 1287 560 τοῦτο
1326 505 1467 577 μετὰ
1507 505 1609 575 τῆς
1643 506 1776 557 ἁπο-

186 597 403 668 δημίας,
438 598 538 652 καὶ
570 597 830 667 ναυάγιον
856 596 1202 669 ᾠκονομήθη,
1233 598 1328 649 καὶ
1376 594 1575 667 πικροῦ
1607 594 1775 648 θανά-

185 705 278 741 του
308 688 575 742 ὑπόνοια·
622 689 847 761 προσέτι
884 690 946 744 δὲ
995 691 1091 744 καὶ
1135 690 1169 759 ἡ
1217 689 1345 759 περὶ
1384 686 1453 741 τά
1494 685 1779 758 Ἑλληνικὰ

184 775 387 829 τούτων
425 774 686 848 ἄσκησις,
722 778 787 831 ἵν’
811 778 887 842 ὡς
908 778 1169 849 πρότερον
1204 776 1345 830 αὐτὰ
1374 776 1774 841 παιδευθέντες,

185 861 300 919 εἶτα
338 865 745 937 μεταϐαλόντες
780 867 918 939 πρὸς
946 867 1045 939 τὴν
1073 866 1374 930 εὐσέϐειαν,
1404 866 1620 921 δυνατοὶ
1646 859 1776 919 ὦσιν

184 959 416 1030 ἑτοίμως
467 958 614 1013 αὐτὰ
673 959 768 1014 καὶ
818 958 957 1031 μετὰ
1004 958 1207 1030 πολλῆς
1252 957 1642 1023 ἀνασκευάζειν
1676 957 1778 1029 τῆς

187 1049 441 1114 εὐκολίας
465 1066 481 1081 ·
530 1050 626 1104 καὶ
664 1049 704 1106 ἃ
734 1049 921 1114 κακῶς
969 1048 1273 1121 τηνικαῦτα
1305 1049 1448 1103 κατὰ
1486 1048 1589 1119 τῆς
1625 1048 1779 1101 εὐσε-

186 1140 336 1206 ϐείας
373 1142 807 1215 προύϐάλλοντο,
833 1142 1046 1208 τούτοις
1076 1143 1258 1206 καλῶς
1290 1144 1431 1216 ὑπὲρ
1468 1142 1640 1213 αὐτῆς
1683 1142 1778 1196 καὶ

184 1235 241 1287 ὲν
277 1233 459 1307 καιρῷ
505 1234 590 1306 τῷ
635 1237 966 1307 προσήκοντι
1022 1236 1339 1308 χρήσαιντο.
1390 1234 1528 1307 Εἴσῃ
1575 1235 1633 1288 δὲ
1683 1235 1777 1288 καὶ

185 1325 341 1391 αὐτὸς
375 1326 574 1395 σαφῶς
602 1327 710 1381 άπό
752 1344 815 1396 γε
863 1328 958 1381 τοῦ
1005 1326 1218 1399 μακροῦ
1243 1327 1435 1381 τούτου
1471 1329 1777 1400 ἀναγνωρι-

187 1414 361 1484 σμοῢ,
406 1416 507 1469 καὶ
554 1408 630 1469 ὧν
685 1416 886 1487 μεταξὺ
926 1416 1111 1486 σαφῶς
1134 1417 1175 1448 ’⁷
1217 1417 1251 1488 ἡ
1296 1416 1527 1488 Πρόνοια
1554 1418 1680 1488 περὶ
1710 1415 1770 1470 σὲ

184 1507 558 1579 ᾠκονόμησεν,
588 1509 664 1572 ὡς
691 1508 801 1581 ἄρα
841 1509 995 1562 οὐδὲν
1036 1508 1146 1561 τῶν
1190 1508 1490 1581 γινομένων
1532 1508 1775 1580 αὐτομά-

184 1617 288 1664 τως
320 1598 499 1664 οὕτως
523 1600 619 1654 καὶ
653 1599 778 1671 εἰκῆ
810 1599 1052 1669 γίνεται·
1081 1599 1193 1653 ἀλλ’
1219 1600 1401 1671 ἐκείνη
1431 1600 1577 1652 ἐστὶν
1601 1600 1634 1670 ἡ
1656 1601 1778 1668 ἐφε-

187 1690 366 1744 στῶσα
412 1691 510 1743 καὶ
554 1690 674 1743 τόδε
700 1688 760 1742 τὸ
798 1691 906 1744 πᾶν
957 1688 1339 1762 συγκρατοῦσα
1371 1689 1632 1759 διηνεκῶς
1683 1689 1777 1743 καὶ

1876 505 2116 576 pietatis.
2156 503 2442 557 veritatem
2474 517 2581 555 non
2622 498 2931 570 potuissent
2976 510 3291 564 agnoscere.
3325 494 3459 548 Pro-

1876 607 1994 666 pter
2040 597 2163 661 hoc,
2205 610 2330 649 cum
2364 590 2804 663 peregrinatione
2849 586 3195 657 naufragium
3241 600 3462 656 qunque

1875 689 2158 760 provisum
2192 696 2308 751 est,
2352 702 2417 740 ac
2450 682 2646 739 mortis
2677 681 2888 737 acerbae
2919 679 3201 748 suspicio:
3235 686 3461 746 praeter-

1873 795 2048 848 eaque
2086 794 2281 833 eorum
2326 777 2382 832 in
2415 776 2620 832 Graecis
2666 773 2972 843 disciplinis
3005 768 3367 834 exercitatio;
3400 777 3461 821 ut

1875 873 1968 943 qui
2010 872 2131 926 illas
2166 870 2320 941 prius
2362 868 2566 933 edocti,
2605 874 2660 923 et
2692 875 2878 937 postea
2920 864 2985 918 ad
3019 878 3203 917 veram
3235 860 3459 926 religio-

1875 979 2002 1019 nem
2047 962 2298 1019 conversi
2353 961 2621 1024 l'uissent,
2668 957 2920 1029 expedite
2980 968 3287 1026 magnaque
3332 968 3459 1009 cum

1874 1054 2138 1111 facilitate
2183 1060 2411 1125 possent
2449 1052 2677 1108 easdem
2723 1048 3044 1113 confutare;
3078 1055 3133 1099 et
3172 1060 3312 1115 quas
3359 1042 3461 1097 ali-

1868 1146 2099 1217 quando
2150 1145 2294 1199 male
2344 1152 2537 1199 contra
2585 1140 2909 1213 religionem
2973 1138 3322 1208 obiecerant,
3369 1134 3459 1189 his

1874 1240 2012 1295 bene
2054 1249 2110 1293 et
2144 1248 2388 1308 tempore
2418 1234 2765 1292 convenicnli
2804 1248 2904 1303 pro
2944 1232 3208 1302 religione
3242 1238 3460 1284 uteren-

1875 1340 1986 1387 tur.
2014 1330 2097 1385 Tu
2125 1346 2345 1400 quoque
2369 1345 2435 1384 ex
2474 1328 2578 1383 hac
2618 1337 2741 1398 post
2782 1324 3005 1395 longum
3052 1332 3267 1392 tempus
3310 1334 3459 1375 reco-

1869 1422 2153 1495 gnitione,
2202 1433 2257 1476 et
2309 1421 2376 1476 iis
2418 1435 2541 1490 quae
2594 1417 2814 1472 interim
2868 1424 3052 1486 aperte
3109 1411 3457 1467 Providentia

1877 1516 2022 1569 circa
2072 1523 2122 1569 te
2165 1513 2488 1578 constituit,
2523 1509 2814 1566 manifesto
2864 1507 3152 1577 intelliges,
3185 1504 3321 1557 nihil
3364 1517 3461 1556 eo-

1877 1623 1999 1663 rum
2027 1621 2149 1676 qua:
2179 1604 2337 1671 ﬁunt,
2362 1619 2492 1659 casu
2532 1603 2607 1658 ita
2639 1611 2694 1657 et
2725 1609 2932 1655 temere
2966 1598 3104 1659 ﬁeri,
3136 1595 3229 1649 sed
3268 1593 3458 1648 Provi-

1878 1699 2120 1755 dentiam
2168 1712 2425 1767 praeesse,
2464 1711 2529 1751 ac
2560 1709 2775 1767 semper
2803 1691 3090 1746 continere
3124 1697 3299 1757 atque
3326 1701 3461 1740 con-

189 1783 509 1853 συνέχουσα,
541 1783 590 1836 εί
620 1782 713 1836 καὶ
753 1781 823 1836 τὰ
857 1782 1028 1836 πολλὰ
1052 1782 1152 1855 τὴν
1179 1783 1417 1837 διάνοιαν
1462 1781 1773 1854 ὑπερϐαίνει

1881 1804 2102 1845 servare
2143 1788 2286 1842 hanc
2335 1786 2767 1853 universitatem,
2820 1783 2945 1838 licet
2988 1780 3159 1835 multa
3202 1784 3462 1849 superent

185 1877 278 1948 τὴν
304 1876 609 1947 ἡμετέραν.

252 1967 467 2022 CXXV.
513 1968 668 2021 Ἐπεὶ
693 1967 898 2021 τούτων
926 1967 1159 2038 ἤκουσεν
1185 1967 1215 2020 6
1251 1965 1452 2037 πατὴρ,
1494 1966 1585 2019 τὸν
1614 1965 1773 2035 λόγον

186 2057 470 2113 ἀναλαϐὼν
490 2096 507 2121 ,
530 2057 623 2130 Μὴ
651 2058 837 2129 νόμιζε
856 2099 871 2121 ,
900 2059 1113 2130 εἴρηκε,
1150 2055 1216 2110 κύ
1227 2056 1312 2128 ριέ
1336 2074 1438 2129 μου
1466 2057 1664 2129 Πέτρε,
1698 2056 1775 2119 ὡς

190 2149 360 2222 πάντη
392 2166 500 2221 μου
552 2149 887 2218 διαπέφευγε
904 2148 997 2201 τὸν
1025 2145 1173 2212 νοῦν,
1206 2150 1239 2220 ἡ
1272 2146 1519 2218 περὶτοῦ
1548 2146 1653 2200 ὑπὸ
1680 2144 1774 2199 σοῦ

189 2240 600 2313 κηρυττομένου
630 2240 789 2310 λόγου
819 2238 1050 2311 δύναμις
1074 2255 1087 2267 ·
1134 2237 1272 2293 ἀλλὰ
1311 2237 1407 2292 καὶ
1441 2237 1535 2291 τοῦ
1585 2235 1776 2298 παιδὸς

189 2331 502 2404 Κλήμεντος
556 2331 729 2386 πολλὰ
755 2333 822 2387 δι’
851 2333 977 2405 ὅλης
1009 2332 1204 2395 νυκτὸς
1247 2328 1564 2402 ὁμιλοῦντος
1593 2346 1680 2401 μοι
1706 2328 1773 2390 ³⁸.

190 2424 324 2497 ὥστε
355 2422 649 2478 συνθέσθαι
675 2427 786 2488 τοῖς
816 2423 923 2477 ὑπὸ
966 2422 1059 2477 σοῦ
1089 2422 1427 2495 λεγομένοις,
1470 2423 1566 2477 καὶ
1596 2420 1775 2475 πάντα

189 2516 378 2586 τρόπον
409 2517 494 2579 είς
520 2514 682 2568 τοῦτο
718 2514 1024 2585 ἐνάγοντος·
1052 2514 1119 2567 Τί
1154 2514 1261 2579 δαὶ,
1294 2513 1429 2584 πρὸς
1445 2512 1607 2566 αὑτὸν
1638 2510 1774 2581 ἔφην

193 2606 315 2676 ἐγὼ,
340 2607 571 2662 δύναταί
589 2624 675 2671 τις
719 2604 1137 2660 ὲντέλλεσθαίτι
1181 2603 1519 2673 καινότερον,
1571 2602 1702 2682 παρ’
1745 2597 1811 2652 δι

195 2692 453 2763 πρότερον
475 2693 528 2745 οἱ
586 2692 805 2763 ἀρχαῖοι
852 2692 1210 2764 παρῄνεσανς
1269 2689 1536 2751 Κάκεῖνος
1591 2686 1776 2758 ἠρέμα

196 2784 441 2853 γελάσας·
475 2782 660 2857 Πολλὴ
684 2783 934 2855 διαφορὰ,
978 2782 1173 2854 πάτερ,
1224 2776 1363 2848 εἷπε,
1415 2778 1618 2853 μεταξὺ
1666 2778 1775 2832 τῶν

192 2877 284 2947 τῆς
324 2876 642 2940 θεοσεϐείας
688 2875 861 2945 λόγων
902 2876 996 2929 καὶ
1034 2875 1134 2946 τῆς
1168 2872 1503 2944 φιλοσοφίας.
1554 2870 1615 2925 ⁸0
1665 2868 1776 2942 γὰρ

196 2971 285 3041 τῆς
318 2972 579 3043 ἀληθείας
598 2970 755 3039 λόγος
800 2970 900 3041 τὴν
926 2971 993 3023 ἐκ
1021 2968 1361 3041 προφητείας
1406 2966 1519 3038 ἔχει
1550 2965 1773 3038 βεϐαίαν

195 3063 457 3131 ἀπόδειξιν
480 3082 495 3096 ·
532 3067 560 3119 6
591 3064 648 3117 δὲ
667 3065 765 3134 τῆς
795 3062 1112 3134 φιλοσοφίας
1134 3062 1243 3117 ἀπὸ
1272 3061 1575 3125 συνθέσεως
1598 3060 1773 3130 λόγων

198 3155 283 3206 καὶ
310 3155 634 3227 στοχασμῶν
652 3154 800 3208 δοκεῖ
820 3154 1174 3225 παριστάνειν
1192 3152 1289 3217 τὰς
1309 3151 1633 3219 ἀποδείξεις.
1661 3151 1774 3207 Καὶ
1801 3136 1846 3199 C

196 3245 338 3316 ὁμῶς
378 3246 556 3300 ταῦτα
585 3244 776 3309 εἰπὼν,
797 3245 1091 3317 δείγματος
1113 3245 1274 3315 χάριν
1314 3243 1406 3297 τὸν
1434 3243 1562 3314 περὶ
1592 3243 1776 3312 φιλαν-

200 3338 433 3409 θρωπίας
462 3339 622 3409 λόγον
650 3338 884 3406 ἐξέθετο,
900 3337 959 3391 ὅν
986 3338 1047 3392 οὐ
1076 3335 1256 3408 πολλῷ
1278 3336 1540 3409 πρότερον
1556 3335 1705 3408 αὐτῷ
1726 3337 1770 3368 ⁸⁸

202 3431 477 3502 ὐφηγήσω,
510 3433 590 3496 ὼς
616 3430 952 3495 ⁵άδικώτατός
988 3448 1077 3502 μοι
1110 3429 1309 3502 μᾶλλον
1352 3429 1626 3499 ἐφαίνετο,
1679 3429 1776 3482 καὶ

199 3521 256 3575 τὸ
289 3523 423 3589 πῶς,
465 3522 599 3595 ὲρῶ.
650 3522 869 3577 Δίκαιον
923 3520 1163 3591 ἔφασκεν
1209 3516 1369 3585 εἶναι,
1419 3520 1513 3574 καὶ
1560 3519 1639 3590 τῷ
1675 3518 1773 3571 τῦ-

201 3629 375 3668 πτοντι
408 3614 575 3669 αὐτοῦ
629 3613 731 3685 τὴν
759 3613 1005 3682 σιαγόνα,
1042 3610 1404 3685 παρατιθέναι
1430 3612 1527 3666 καὶ
1546 3610 1645 3681 τὴν
1679 3610 1774 3665 ἆλ-

200 3701 290 3772 λην
311 3719 325 3735 ·
360 3704 454 3760 καὶ
506 3703 588 3774 τῷ
619 3702 828 3774 αἷροντι
880 3701 1046 3756 αὑτοῦ
1068 3701 1129 3754 τὸ
1159 3701 1397 3773 ἱμάτιον,
1427 3701 1775 3773 προσδιδόναι

203 3794 288 3847 καὶ
330 3795 419 3850 τὸν
442 3793 651 3867 χιτῶνα
665 3793 733 3858 ’⁸,
754 3792 1118 3865 άγγαρεύοντι
1150 3792 1208 3848 δὲ
1240 3792 1289 3825 ’⁸
1318 3792 1494 3866 μίλιον
1543 3792 1623 3859 ἓν,
1649 3809 1776 3847 συν-

204 3886 529 3962 απὲρχεσθαι
555 3889 651 3943 δύο
670 3906 683 3919 ·
732 3887 831 3943 κα)⁸
855 3889 956 3942 ὅσα
977 3884 1226 3942 τοιαῦτα.

265 4086 494 4143 CXXVI.
524 4087 637 4142 Καὶ
661 4086 690 4140 6
730 4085 939 4157 Πέτρος
978 4082 1348 4155 ἁπεκρίνατο·
1402 4081 1542 4136 Ἀλλ’
1588 4081 1775 4154 ἐνόμι-

210 4195 301 4243 σας
324 4180 542 4235 ἄδικονι
582 4180 764 4235 καίτοι
792 4177 912 4211 ἰδ’
936 4194 1000 4246 γε
1053 4175 1393 4231 δικαιότατον
1423 4178 1558 4230 ἐστι.
1590 4176 1638 4207 ’⁸
1663 4177 1776 4230 Καὶ

208 4269 255 4322 εἴ
288 4288 365 4326 σοι
401 4272 554 4343 φίλον
576 4272 744 4332 ἐστὶν,
771 4269 1025 4324 ἄκουσον.
1056 4268 1168 4320 Καὶ
1192 4266 1253 4330 ὃς
1297 4265 1402 4338 ἔφη
1423 4282 1441 4297 ·
1493 4267 1644 4321 Πάνυ
1684 4284 1775 4338 μοι

208 4359 365 4429 φίλον.
416 4363 529 4416 Καὶ
551 4363 582 4414 6
627 4361 865 4433 Πέτρος·
903 4359 978 4413 Οὐ
1003 4358 1152 4414 δοκεῖ
1180 4375 1284 4423 σοι,
1314 4356 1408 4412 δύο
1439 4357 1652 4429 ἐχθρῶν
1684 4356 1775 4430 βαν-

1875 1891 2109 1936 mentem
2150 1891 2417 1933 nostram.

1940 1970 2160 2027 CXXV.
2187 1970 2484 2040 Postquam
2542 1969 2658 2023 haec
2707 1964 2917 2022 audivit
2941 1972 3114 2036 pater,
3147 1975 3455 2017 sermonem

1872 2080 2191 2121 resumens:
2216 2060 2295 2117 Ne
2327 2061 2628 2124 arbitreris,
2670 2059 2870 2130 inquit,
2906 2057 3125 2113 domine
3169 2056 3244 2110 mi
3274 2054 3457 2118 Petre,

1875 2156 2101 2212 omnino
2128 2170 2195 2209 ex
2223 2163 2404 2209 mente
2434 2169 2554 2209 mea
2582 2155 2690 2208 vim
2716 2152 2981 2207 doctrina:
3005 2166 3036 2206 a
3073 2158 3126 2204 te
3155 2148 3461 2220 praedicata:

1876 2246 2191 2302 excidisse:
2231 2244 2327 2300 sed
2358 2257 2483 2298 cum
2522 2242 2787 2298 Clemens
2813 2239 2957 2295 Illius
2983 2239 3217 2295 multum
3258 2252 3356 2308 per
3376 2245 3463 2291 to-

1884 2347 1998 2393 tam
2050 2344 2268 2391 noctem
2322 2350 2541 2390 mecum
2595 2335 3026 2405 colloqueretur,
3057 2340 3118 2386 ut
3145 2345 3177 2385 a
3220 2339 3273 2384 te
3297 2328 3461 2385 dictis

1877 2426 2199 2484 assentirem
2228 2465 2245 2493 ,
2308 2426 2569 2496 omnique
2634 2425 2799 2479 modo
2862 2423 2929 2478 ad
2992 2421 3047 2477 id
3116 2421 3458 2491 impelleret:

1879 2518 1922 2550 ¹⁹
1947 2516 2089 2584 Quid
2118 2529 2269 2582 vero,
2296 2514 2413 2570 dixi
2459 2529 2560 2585 ego
2584 2513 2678 2568 ‘ad
2721 2511 2924 2583 ipsum,
2953 2519 3204 2583 potestne
3258 2510 3460 2581 aliquis

1878 2609 2175 2681 praecipere
2202 2608 2485 2677 quidpiam
2517 2619 2745 2671 novum,
2774 2612 2972 2673 praeter
3031 2601 3085 2657 id
3110 2602 3258 2673 quod
3297 2612 3461 2658 antea

1875 2707 2089 2755 veteres
2163 2697 2557 2754 monuerunt?
2602 2695 2674 2749 At
2740 2695 2830 2751 ille
2901 2703 3193 2766 postquam
3265 2693 3462 2749 leniter

1879 2789 2001 2843 risit
2041 2806 2056 2843 :
2088 2787 2367 2859 Magnum,
2396 2787 2599 2858 inquit,
2646 2786 2941 2842 discrimen
2973 2794 3078 2853 est,
3112 2794 3288 2856 pater,
3316 2787 3462 2841 inter

1878 2880 2163 2952 religionis
2189 2894 2499 2945 sermones,
2555 2894 2620 2935 ac
2652 2877 3033 2949 philosophiae.
3075 2874 3278 2934 Sermo
3303 2892 3462 2932 nam-

1877 2989 1985 3045 que
2009 2973 2279 3040 veritatis,
2307 2987 2375 3028 ex
2404 2971 2689 3043 prophetia
2741 2970 2957 3025 ﬁrmam
2990 2970 3199 3026 obtinet
3228 2970 3459 3026 demon-

1879 3066 2251 3132 strationem;
2304 3063 2666 3136 philosophia:
2717 3079 2889 3130 vero,
2944 3078 3014 3119 ex
3059 3064 3460 3134 compositione

1878 3157 2171 3214 verborum
2198 3166 2252 3212 et
2281 3155 2728 3227 conjecturarum
2779 3154 2995 3209 videtur
3032 3155 3462 3211 demonstratio~

1877 3264 1977 3305 nes
1998 3248 2211 3305 aﬁ‘erre.
2236 3247 2443 3320 Hisque
2468 3248 2648 3313 dictis,
2668 3248 2899 3318 exempli
2923 3248 3117 3319 gratia,
3149 3247 3458 3304 doctrinam

1876 3342 1944 3397 de
1980 3341 2321 3396 humanitate
2400 3340 2534 3395 mihi
2577 3341 2851 3411 exposuit,
2898 3355 3065 3410 quam
3113 3340 3281 3406 paulo
3330 3352 3458 3397 ante

1877 3434 1928 3489 ei
1978 3448 2340 3490 enarraveras
2368 3433 2415 3465 '°
2441 3450 2456 3500 ;
2490 3448 2612 3503 qua:
2636 3432 2771 3486 mihi
2817 3431 3063 3502 profecto
3087 3431 3325 3487 maxime
3354 3432 3460 3487 ini-

1877 3539 1985 3594 qua
2033 3523 2341 3579 videbatur.
2416 3521 2484 3578 Et
2533 3538 2644 3594 quo
2711 3524 2912 3588 modo,
2951 3522 3153 3578 dicam.
3213 3522 3459 3596 Equum

1877 3615 2056 3671 aiebat
2102 3629 2225 3671 esse
2300 3622 2356 3670 et
2407 3614 2459 3670 ei
2520 3615 2612 3685 qui
2676 3614 2953 3670 maxillam
3000 3623 3150 3670 tuam
3198 3618 3457 3687 percutit,

1879 3707 2108 3763 alteram
2149 3720 2371 3778 quoque
2439 3720 2749 3777 opponere;
2807 3717 2862 3763 et
2909 3707 2959 3763 ei
2983 3706 3077 3779 qui
3101 3708 3280 3764 aufert
3303 3717 3460 3765 tuum

1881 3796 2129 3867 pallium,
2166 3795 2385 3851 tradere
2433 3796 2596 3852 etiam
2649 3797 2891 3851 tunicam
2926 3814 2941 3864 ;
2989 3805 3045 3852 et
3084 3813 3209 3854 cum
3247 3813 3314 3854 eo
3364 3800 3459 3870 qui

1868 3887 1945 3944 ad
1967 3885 2202 3942 milliare
2223 3901 2393 3942 unum
2413 3884 2602 3958 adigit,
2624 3900 2722 3957 per
2742 3886 2852 3942 duo
2875 3887 3129 3943 milliaria
3153 3889 3458 3961 proﬁcisci,

1876 3989 1931 4037 et
1958 3980 2064 4034 alia
2094 3977 2291 4036 similia
2324 3991 2375 4035 ι.

1946 4068 2182 4127 CXXVI.
2240 4069 2543 4141 Respondit
2596 4068 2792 4127 Petrus
2830 4089 2844 4126 :
2892 4072 3058 4142 Atqui
3112 4071 3220 4129 hoc
3270 4074 3459 4131 existi--

1876 4163 2041 4219 masti
2065 4162 2360 4235 iniquum:
2402 4178 2717 4234 quanquam
2786 4165 3166 4235 azquissimum
3215 4177 3319 4222 est.
3373 4166 3453 4223 Ac

1876 4254 1923 4309 si
1981 4254 2151 4321 lubet,
2231 4255 2380 4309 audi.
2434 4255 2529 4310 Ille
2571 4255 2710 4311 dixit
2741 4273 2756 4310 :
2787 4254 3024 4312 Prorsus
3079 4256 3246 4312 lubet.
3316 4256 3458 4314 Tum

1875 4344 2116 4400 Petrus:
2166 4342 2309 4400 Num
2358 4344 2453 4399 tibi
2495 4344 2727 4411 videtur,
2781 4360 2905 4403 cum
2929 4346 3043 4401 duo
3092 4361 3246 4418 reges
3272 4347 3459 4405 hostes

212 4450 385 4506 σιλέων
411 4452 581 4507 ὄντων
599 4452 693 4505 καὶ
719 4449 1056 4525 διῃρημένας
1081 4447 1181 4512 τὰς
1206 4447 1387 4521 χώρας
1411 4448 1665 4520 ἐχόντων,
1723 4450 1773 4503 εἰ

1879 4435 2139 4501 existant,
2164 4445 2218 4491 et
2262 4434 2467 4491 divisas
2507 4436 2761 4507 regiones
2810 4446 3055 4503 teneant,
3104 4436 3152 4492 si
3175 4438 3454 4509 quispiam

209 4558 285 4605 τις
310 4546 370 4597 ὲκ
394 4542 502 4598 τῶν
525 4542 622 4596 τοῦ
646 4543 761 4606 ἑνὸς
790 4540 1047 4613 ὑπηκόων
1099 4539 1159 4593 ὲν
1180 4542 1251 4611 τῇ
1276 4538 1371 4592 τοῦ
1416 4539 1602 4611 ἐτέρου
1618 4538 1773 4614 χώρᾳ

1879 4544 1945 4583 ex
2001 4527 2069 4584 iis
2092 4527 2187 4598 qui
2221 4527 2378 4583 alteri
2410 4527 2644 4597 subjecti
2665 4538 2815 4596 sunt,
2870 4529 2927 4583 in
2973 4529 3197 4586 alterius
3236 4530 3459 4602 regione

212 4633 490 4706 φωραθείη,
519 4634 615 4689 καὶ
645 4631 733 4686 διὰ
782 4630 942 4685 τοῦτο
964 4630 1192 4685 θάνατον
1221 4629 1425 4700 ὀφείλοι
1449 4631 1517 4695 ’⁷,
1546 4629 1640 4684 ἐὰν
1671 4633 1758 4703 ραι

212 4723 428 4796 πίσματι
450 4726 546 4781 καὶ
596 4724 671 4797 μὴ
715 4722 932 4792 θανάτῳ
958 4720 1061 4791 τῆς
1109 4720 1381 4793 τιμωρίας
1407 4720 1673 4792 ἀπολυθῇ,
1706 4720 1769 4775 οὐ

210 4816 443 4883 φαίνεται
464 4821 492 4872 6
514 4815 794 4878 ἀπολύσας
821 4812 1205 4884 φιλάνθρωπος
1242 4807 1381 4865 εἶναι
1410 4828 1424 4878 ;
1470 4813 1583 4865 Kal.
1608 4814 1637 4866 6
1662 4829 1769 4866 πα-

208 4907 304 4978 τὴρ
346 4908 477 4982 ἔφη·
535 4908 645 4963 Καὶ
684 4906 847 4960 πάνυ.
894 4905 1005 4958 Καὶ
1029 4906 1057 4958 6
1083 4905 1327 4974 Πέτρος·
1360 4903 1426 4956 Τί
1472 4903 1563 4957 δαὶ
1585 4904 1666 4969 ’³,
1719 4906 1769 4958 εἰ

214 4997 297 5047 καὶ
316 4997 437 5051 ἴδιόν
459 5014 510 5053 τι
539 4998 682 5061 τινὸς
706 4997 867 5059 αὐτὸς
899 4989 1052 5057 οὗτος
1098 4993 1364 5064 ἀφέληται
1415 4992 1447 5064 ἢ
1472 4992 1772 5065 ἀλλότριον..

211 5087 300 5139 καὶ
318 5088 361 5118 ¹¹
383 5090 472 5143 ἐπὶ
497 5087 675 5159 τούτῳ
703 5086 749 5119 ³ο
787 5082 1110 5154 συλληφθεὶς
1133 5083 1190 5136 ἓν
1227 5084 1269 5115 ³¹
1302 5082 1336 5154 ἢ
1381 5082 1662 5138 διπλάσιον
1695 5084 1771 5156 δῷ

215 5178 585 5247 τετραπλάσιον
616 5178 729 5249 (15)
750 5175 1001 5246 ὀφείλων,
1029 5174 1125 5228 καὶ
1149 5173 1212 5227 τὸ
1251 5172 1430 5227 θανεῖν
1475 5175 1554 5238 ὡς
1577 5176 1635 5228 ὲν
1660 5179 1775 5240 τοῖς

282 5295 305 5323 ι
338 5284 462 5344 Luc.
495 5305 573 5357 v1,
605 5290 712 5357 29;
740 5290 931 5349 Matth.
953 5305 1007 5356 v,
1039 5290 1127 5345 59.

1878 4618 1951 4674 sit
1997 4617 2406 4689 deprehensus,
2455 4617 2693 4689 ideoque
2763 4625 2998 4674 mortem
3049 4629 3355 4688 mereatur;
3403 4633 3460 4679 at

1878 4709 2134 4779 colapho,
2186 4724 2297 4764 non
2328 4717 2512 4763 autem
2543 4710 2721 4779 capite
2777 4710 3001 4777 punitus
3060 4727 3278 4783 poenam
3332 4729 3460 4770 eva-

1878 4800 2005 4863 dat;
2042 4814 2174 4854 num
2222 4798 2436 4855 videtur
2484 4799 2761 4855 humanus
2805 4816 2927 4857 esse
2971 4803 3067 4873 qui
3119 4807 3335 4861 veniam
3368 4808 3461 4863 de:

1880 4897 2006 4951 dit?
2050 4895 2118 4950 Et
2163 4904 2314 4968 pater
2361 4896 2481 4950 ait:
2527 4895 2860 4951 Admodum.
2909 4898 2991 4951 Ad
3051 4902 3166 4955 hzec
3214 4898 3456 4958 Petrus:

1881 4989 2023 5056 Quid
2070 5004 2219 5053 vero,
2272 4989 2318 5045 si
2345 4989 2393 5044 is
2424 4989 2539 5059 ipse
2590 4990 2753 5045 etiam
2790 4990 2999 5060 aliquid
3029 4993 3313 5062 proprium
3341 4997 3462 5050 cui-

1883 5083 2027 5152 piam
2063 5083 2148 5139 vel
2194 5083 2432 5138 alienum
2463 5080 2721 5149 auferat;
2769 5091 2823 5138 et
2867 5083 2921 5137 in
2974 5099 3042 5139 eo
3092 5087 3454 5157 comprehen-

1883 5190 2022 5243 sus,
2069 5173 2326 5245 simplum
2399 5180 2496 5228 aut
2540 5172 2766 5244 duplum
2808 5173 2921 5238 det,
2974 5188 3100 5230 cum
3161 5177 3453 5249 quadrupli

1477 5385 1717 5443 VARIJE
1756 5386 2165 5445 LECTIONES.

282 5434 317 5548 ξ’
349 5469 415 5548 al.
455 5473 655 5548 σοφῶς.
734 5476 777 5508 ¹⁸
810 5476 888 5548 al.
925 5494 1049 5548 μου.
1128 5481 1172 5514 τ’
1220 5478 1238 5532 1
1306 5476 1431 5533 Rea.

1727 5482 1774 5555 ?°
1814 5481 1851 5537 l.
1891 5499 2048 5555 num.
2075 5485 2174 5549 95,
2207 5492 2323 5555 etc.
2354 5486 2398 5516 ¹¹
2426 5483 2504 5555 al.
2548 5484 2720 5555 ὅνπερ
2743 5483 2914 5555 αὐτῷ.
2954 5486 2999 5555 ²ἕ
3044 5484 3114 5555 al.
3142 5483 3453 5555 ποοδιδὸναι

219 5534 406 5625 gat-ne
445 5534 778 5625 ᾠμοᾳόριονι
848 5547 899 5625 ff
925 5534 1114 5604 ὶιι.τε.
1190 5550 1308 5619 "es
1334 5551 1404 5604 al.
1442 5534 1669 5605 δτὶ.’“ισ
1701 5534 1852 5609 deest
1888 5534 2047 5609 insi;
2080 5534 2174 5588 ’ἴτ’
2194 5534 2570 5624 aliaalia;
2589 5534 2912 5625 animi
2937 5553 2988 5608 τί
3007 5534 3451 5615 afﬁnitas}.

996 5737 1002 5742 .
1470 5690 1836 5749 VARIORUM
1868 5691 2075 5748 NOTAE
2088 5729 2101 5743 .

281 5767 890 5847 (15)Tarpa.1.td0'tor.
959 5780 1128 5839 Paula
1173 5783 1465 5857 quadrupli
1512 5786 1568 5843 in
1620 5783 1766 5841 {uno
1800 5786 2047 5843 sancitur
2082 5786 2292 5858 legibus
2320 5786 2598 5858 plurimis.
2656 5786 2789 5844 Cor.

221 5602 263 5634 ⁸³
298 5608 363 5663 al.
393 5602 589 5667 τοῦτοί
638 5602 687 5648 ’³³
730 5618 802 5672 al.
844 5602 960 5673 ἐάν.
996 5602 1009 5677 ξ
