3834 6220
409 331 513 389 τω
1261 344 1321 396 S.
1358 340 1747 399 CLEMENTIS
1778 343 1796 398 Ι
1829 344 1993 401 ΠΟΜ.
2036 348 2238 403 PONT.
2284 350 2516 405 OPERA
2554 347 2783 405 DUBIA.
3590 346 3717 401 564

410 454 483 510 sit
504 457 753 526 debitor;
790 462 1128 532 insuperque
1190 467 1409 533 mortis,
1462 467 1557 537 qui
1588 485 1782 541 nempe
1810 470 1863 523 in
1896 470 1981 525 ad-

2108 471 2181 524 τοῦ
2216 472 2459 525 ἐναντίου
2489 471 2653 534 ἁλοὺς
2699 471 2851 541 ὅροις
2870 484 2884 498 ·
2915 468 2978 521 ού
3007 467 3158 521 δοκεῖ
3196 482 3277 518 σοι
3304 464 3387 519 ὅτι
3410 466 3443 519 6
3502 463 3715 519 λαϐὼν

410 550 637 603 versarii
692 552 889 609 linibus
932 565 1127 623 captus
1196 557 1309 625 sit;
1362 574 1546 615 nonne
1602 562 1700 616 tibi
1751 564 1981 631 videtur,

2108 564 2151 619 τὸ
2175 564 2455 618 διπλάσιον
2478 565 2572 617 καὶ
2601 563 2831 616 θανάτου
2856 560 3018 615 αὐτὸν
3047 558 3345 621 ἀπολύσας,
3374 556 3717 629 φιλάνθρω-

412 639 713 697 humanum
755 660 875 701 esse
919 663 1043 700 cum
1069 651 1160 719 qui
1219 652 1442 721 duplum
1476 656 1707 723 accepit,
1738 664 1792 709 et
1837 671 1981 709 mor-

2108 674 2191 721 τος
2218 656 2492 725 τυγχάνει.
2540 656 2649 709 Καὶ
2686 657 2714 707 6
2744 654 2925 725 πατὴρ
2955 654 2999 685 ³⁸
3038 652 3406 723 ἀπεκρίνατο·
3448 651 3578 704 Νῦν
3632 669 3714 721 με

412 741 521 787 tem
551 737 804 791 remisit?
840 738 905 793 Et
930 752 1082 809 pater
1111 745 1430 812 rspondit:
1467 747 1512 777 ³³
1567 746 1723 802 Nunc
1751 764 1981 816 persua-

2108 750 2360 813 τέπεικας
2391 750 2473 803 ὅτι
2512 750 2560 801 οἱ
2590 748 2900 811 ἀδικοῦντες
2938 748 3091 800 αὐτοὶ
3136 746 3485 800 ἀδικοῦνται·
3538 748 3592 798 οἱ
3644 746 3713 798 δὲ

412 825 532 881 sisti
581 829 754 895 mihi,
814 846 909 886 eos
954 833 1048 903 qui
1108 835 1368 903 injuriam
1420 837 1667 907 faciunt,
1722 839 1981 909 iniuriam

2108 841 2457 912 ὶδικούμενοι,
2504 842 2704 913 μᾶλλον
2750 830 3167 893 πλεονεκτοῦσι.
3224 839 3333 892 Καὶ
3383 838 3713 917 διάἐτοῦτιο

411 920 563 989 pati;
616 938 711 976 eos
767 933 947 979 autem
996 926 1087 995 qui
1140 926 1342 995 injuria
1412 929 1742 997 adiciuntur,
1802 932 1981 1001 potius

2108 934 2181 986 ιπὶ
2204 934 2362 986 πλέον
2388 934 2716 988 ἀδικώτατόν
2748 951 2838 1005 μοι
2867 933 3115 1002 φαίνεται
3161 932 3473 1003 γινόμενον·
3516 933 3607 984 ὅτι
3660 933 3715 962 ³⁵

411 1011 667 1081 injuriam
713 1013 914 1071 facere.
968 1016 1236 1084 Quocirca
1271 1021 1530 1090 amplius,
1567 1022 1701 1076 mihi
1752 1022 1983 1094 iniquis—

406 1103 608 1158 simum
657 1118 881 1176 apparet
943 1109 997 1163 id
1056 1110 1234 1180 ipsum
1280 1114 1427 1183 quod
1477 1114 1575 1169 Iit:
1629 1116 1889 1184 quoniam
1944 1112 1980 1169 ii

403 1195 624 1264 quidem
652 1199 743 1268 qui
803 1201 1056 1255 videntur
1098 1204 1351 1259 conferre
1383 1205 1663 1275 injuriam,
1712 1205 1813 1259 sibi
1848 1206 1983 1275 ipsis

404 1288 587 1356 potius
633 1302 957 1357 nocuerunt,
990 1304 1041 1347 et
1096 1295 1321 1350 multam
1349 1296 1419 1352 iis
1464 1297 1557 1367 qui
1612 1296 1813 1366 injuria
1847 1297 1978 1351 aﬂ'e-

401 1380 478 1435 cti
535 1393 664 1437 suut
716 1397 981 1454 pararunt
1029 1389 1321 1443 utilitatem
1360 1410 1373 1445 :
1407 1391 1501 1459 qui
1553 1406 1683 1445 vero
1726 1390 1980 1445 videntur

401 1468 662 1538 injuriam
733 1475 1027 1540 sustinere,
1085 1478 1187 1547 ipsi
1259 1493 1379 1533 eam
1457 1480 1642 1548 potius
1682 1480 1978 1542 inferunt;

398 1562 533 1630 quia
578 1564 705 1619 licet
758 1567 1055 1635 plurimum
1113 1570 1182 1623 ab
1228 1570 1337 1626 illis
1394 1571 1669 1627 commodi
1728 1573 1975 1639 tulerint,

2086 1026 2139 1078 οἱ
2193 1026 2290 1097 μὲν
2318 1026 2602 1091 δοκοῦντες
2640 1027 2867 1090 ἀδικεῖν,
2899 1027 3127 1088 ἑαυτοὺς
3174 1024 3413 1093 ἔϐλαψαν
3448 1023 3710 1094 μᾶλλον,

2092 1118 2292 1189 πολλὴν
2316 1119 2371 1172 δὲ
2399 1123 2511 1184 τοῖς
2533 1119 2866 1191 ἀδικηθεῖσιν
2893 1118 3216 1188 ἐπορίσαντο
3241 1118 3341 1188 τὴν
3363 1116 3665 1185 ὠφέλειαν
3694 1134 3709 1145 ·

2086 1210 2137 1264 οἱ
2163 1210 2208 1241 ³⁸
2237 1210 2293 1264 δὲ
2322 1210 2602 1274 δοκοῦντες
2633 1210 2955 1274 ἀδικεῖσθαι,
2984 1210 3136 1262 αὐτοὶ
3163 1209 3207 1239 ³⁸
3238 1207 3438 1279 μᾶλλον
3464 1207 3684 1260 ἀδικοῦ

2088 1319 2171 1355 σιν
2194 1319 2207 1332 ’
2257 1303 2339 1356 δτι
2378 1304 2556 1357 καίτοι
2603 1302 2832 1356 πλεῖστα
2861 1304 2989 1373 παρ’
3023 1302 3246 1355 ἐκείνων
3277 1299 3709 1370 ὠφεληθέντες.

2084 1397 2197 1457 τοῖς
2234 1395 2442 1465 ὁμοίοις
2482 1396 2677 1458 αὐτοὺς
2700 1395 2799 1449 οὐκ
2830 1394 3171 1464 ἀμείϐονται.
3224 1393 3333 1445 Kal
3370 1394 3400 1444 6
3436 1391 3681 1462 Πέτρος

2101 1484 2237 1539 Ἀλλ’
2259 1486 2319 1540 οὐ
2345 1488 2495 1569 παρά
2523 1488 2622 1559 τὴν
2642 1487 2751 1541 τῶν
2779 1487 3210 1559 ἐπηρεαζόντων,
3240 1483 3377 1537 ἀλλά
3398 1483 3564 1554 παρά
3590 1484 3710 1552 τὴν

2086 1578 2191 1631 τῶν
2221 1576 2523 1651 δεχομένων
2550 1580 2719 1632 ταῦτα
2742 1578 2953 1648 γίνεται
2974 1577 3215 1648 γνώμην.

398 1671 499 1711 eos
531 1658 646 1727 pari
672 1661 841 1729 gratia
863 1677 967 1715 non
997 1674 1367 1720 remunerant.
1402 1664 1469 1721 Et
1492 1664 1725 1721 Petrus:
1771 1665 1969 1723 Verum
2006 1671 2119 1729 haec
2180 1691 2289 1729 non
2320 1685 2512 1729 contra
2548 1673 2947 1738 infestantium,
3016 1676 3109 1731 sed
3171 1685 3359 1728 contra
3391 1670 3707 1726 infestato-

400 1764 528 1804 rum
551 1750 885 1807 voluntatem
919 1754 1265 1825 contingunt.

474 1862 734 1919 CXXVII.
768 1864 923 1921 Tunc
966 1877 1117 1936 pater
1148 1868 1367 1923 laudata
1400 1884 1463 1924 ea
1496 1870 1768 1937 oratione,
1797 1872 1874 1926 ait
1918 1872 1987 1928 ad

2166 1864 2430 1924 CXXVII.
2469 1868 2579 1921 Kal
2630 1869 2658 1920 6
2698 1868 2881 1939 πατὴρ
2938 1865 3233 1929 ἐπαινέσας
3271 1865 3337 1918 τά
3389 1865 3699 1936 εἰρημένα,

398 1953 624 2009 Petrum
664 1975 679 2011 :
719 1955 846 2023 Sed,
902 1957 1123 2014 domine
1180 1959 1277 2026 mi,
1332 1960 1479 2015 hunc
1525 1978 1747 2033 quoque
1782 1978 1981 2018 sermo-

2108 1962 2233 2033 πρὸς
2274 1960 2365 2015 τὸν
2398 1960 2606 2031 Πέτρον
2649 1960 2812 2032 φησίν
2838 1976 2851 1989 ·
2910 1958 3071 2020 Ἀλλ’,
3105 1952 3150 2013 ὦ
3202 1957 3359 2026 κύριέ
3415 1976 3547 2028 μου,
3592 1959 3702 2011 καὶ

404 2063 527 2102 nem
582 2049 714 2104 mihi
746 2050 987 2105 declara.
1035 2049 1257 2106 Memini
1286 2052 1431 2108 enim
1482 2052 1816 2110 Clementem
1850 2056 1985 2110 mihi

396 2142 602 2208 dicere,
636 2157 737 2198 nos
762 2143 993 2213 injurias
1014 2154 1068 2199 et
1109 2146 1459 2211 aﬂIictiones,
1512 2148 1580 2202 ad
1636 2159 1985 2219 peccatorum

398 2235 782 2291 remissionem
838 2237 969 2307 pati.
1001 2236 1067 2292 Et
1119 2237 1313 2294 Petrus
1347 2257 1360 2292 :
1398 2239 1558 2295 Recte
1605 2239 1787 2307 habet,
1824 2248 1987 2312 atque

396 2323 472 2377 ita
534 2331 637 2379 est.
694 2322 827 2390 Quae
879 2326 1025 2379 enim
1076 2324 1329 2381 homines
1392 2326 1767 2396 possidemus,
1827 2326 1985 2396 plura

399 2424 755 2486 appetentes:
800 2418 916 2473 sive
964 2428 1163 2484 vestes,
1206 2417 1457 2488 inquam,
1496 2418 1611 2473 sive
1643 2434 1835 2485 escas,
1868 2419 1985 2474 sive

394 2510 670 2578 potiones,
709 2510 824 2566 sive
874 2510 980 2565 alia
1029 2510 1339 2581 quaepiam:
1393 2526 1501 2564 non
1550 2520 1698 2565 recte
1758 2511 1986 2566 omnino

394 2601 683 2667 I‘aeientes,
710 2601 1094 2671 possidemus;
1150 2601 1280 2671 quia
1300 2600 1435 2654 nihil
1470 2600 1671 2656 habere
1694 2601 1981 2666 debemus,

397 2690 482 2744 uti
535 2691 700 2761 paulo
768 2699 896 2745 ante
956 2691 1117 2746 vobis
1156 2690 1295 2758 dixi.
1347 2688 1483 2745 Nam
1536 2691 1581 2746 si
1636 2692 1687 2745 in
1724 2692 1984 2747 omnibus

395 2783 780 2852 possessiones
803 2784 981 2839 solent
1013 2783 1082 2838 iis
1134 2783 1229 2854 qui
1260 2784 1542 2853 possident
1571 2784 1866 2839 conciliare
1890 2784 1983 2839 de-

394 2875 567 2941 licta;
612 2889 802 2930 earum
847 2890 1176 2945 quocunque
1218 2874 1382 2929 modo
1431 2875 1683 2944 privatio.
1711 2875 1985 2947 ademptio

392 2976 485 3021 est
529 2966 874 3022 delictorum.
936 2964 1079 3021 Dixit
1118 2976 1271 3037 pater
1311 2983 1325 3020 :
1360 2966 1527 3023 Recte
1574 2967 1756 3023 habet.
1789 2966 1984 3025 Petrus

399 3074 533 3115 sero
580 3075 595 3113 :
650 3057 982 3116 Justissime.
1062 3058 1515 3129 Quandoquidem
1586 3059 1733 3116 enim
1793 3074 1982 3114 eorum

393 3152 494 3223 qui
540 3154 823 3207 salvantur
870 3160 995 3216 est,
1028 3161 1089 3205 ut
1140 3151 1275 3218 dixi,
1317 3150 1454 3205 nihil
1503 3150 1740 3218 habere;
1796 3150 1984 3207 multis

394 3253 584 3301 autem
643 3244 829 3299 multm
878 3251 1175 3314 suppetunt
1232 3242 1652 3313 possessiones;
1712 3258 1776 3297 ea
1815 3257 1982 3298 causa

396 3352 499 3405 per
544 3334 803 3390 eximiam
828 3334 922 3390 Dei
954 3334 1350 3390 humanitatem
1379 3334 1772 3405 castigationes
1819 3334 1982 3389 indu—
2009 3334 2056 3367 ¹⁴

396 3439 602 3484 cuntur
632 3428 721 3493 iis,
769 3427 862 3498 qui
908 3428 1210 3482 secundum
1255 3427 1347 3481 Dei
1377 3427 1714 3481 voluntatem
1742 3440 1850 3479 non
1905 3426 1986 3479 vi-

397 3531 565 3587 vunt;
591 3529 651 3573 ut
674 3529 896 3589 propter
925 3520 1261 3590 aliquantam
1293 3535 1418 3589 erga
1443 3517 1611 3572 Deum
1642 3518 1983 3584 charitatem,

397 3611 735 3681 temporaria
788 3611 1054 3681 supplicia
1117 3611 1472 3680 perferentes,
1526 3610 1747 3666 aeternis
1806 3610 1985 3678 pmnis

395 3703 733 3758 eximantur.
794 3700 933 3756 Tum
969 3711 1122 3771 pater
1156 3718 1171 3756 :
1209 3700 1350 3768 Quid
1386 3702 1569 3767 enim;
1626 3716 1807 3755 nonne
1842 3701 1985 3755 mul-

397 3804 489 3850 tos
538 3796 736 3865 impios
782 3793 1032 3849 videmus
1091 3793 1521 3863 pauperes?An
1581 3803 1867 3863 propterea
1930 3801 1985 3848 et

397 3889 526 3944 illos
567 3886 817 3943 dicemus
880 3886 934 3940 in
985 3894 1141 3956 parte
1192 3901 1381 3941 eorum
1430 3901 1552 3941 esse
1602 3885 1697 3956 qui
1749 3885 1980 3941 salutem

396 3979 862 4051 consequuntur?
908 3977 975 4032 Et
1020 3977 1215 4033 Petrus
1264 3997 1276 4032 :
1328 3976 1682 4049 Nequaquam
1730 3978 1977 4033 omnino.

394 4066 518 4123 Non
548 4067 693 4123 enim
727 4066 1003 4135 probanda
1020 4075 1105 4120 est
1134 4066 1340 4136 inopia,
1371 4082 1494 4135 qua:
1526 4068 1731 4137 appetit
1764 4083 1830 4123 ea
1853 4082 1979 4137 qua:

396 4174 510 4212 non
532 4158 687 4212 decet
712 4175 726 4211 :
769 4156 897 4226 quia
922 4164 976 4211 et
1005 4155 1274 4212 Dominus
1298 4165 1487 4211 noster
1510 4155 1670 4213 Jesus
1698 4157 1976 4225 Christus,

391 4248 573 4305 Filius
609 4248 703 4302 Dei
728 4248 857 4314 vivi,
898 4248 1090 4305 beatos
1123 4248 1430 4317 praedicans
1465 4264 1762 4319 pauperes,
1795 4248 1976 4317 Beati,

396 4341 623 4413 inquit,
678 4357 934 4411 pauperes
991 4341 1185 4409 spiritu
1230 4355 1249 4394 :
1293 4342 1547 4410 quoniam
1602 4342 1836 4411 ipsorum
1899 4350 1979 4395 est

392 4450 620 4505 regnum
653 4433 902 4487 caelorum
943 4444 991 4488 ι.
1024 4431 1162 4486 Tum
1201 4441 1398 4501 pater:
1437 4431 1573 4488 Vere
1613 4448 1841 4503 prorsus
1887 4448 1979 4489 se-

391 4526 638 4581 «Indum
685 4525 1024 4596 propositam
1057 4524 1417 4594 quaestionem
1463 4539 1553 4579 res
1585 4524 1803 4579 videtur
1830 4534 1978 4581 recte

2088 2051 2276 2105 τοῦτόν
2304 2067 2393 2121 μοι
2422 2050 2512 2103 τὸν
2539 2049 2695 2119 λόγον
2725 2051 3039 2121 σαφηνισον.
3065 2048 3498 2119 Μέμνημαιγάρ
3528 2049 3698 2119 εἰρη-

2088 2144 2245 2207 κότος
2276 2159 2365 2213 μοι
2391 2140 2727 2213 Κλήμεντος,
2758 2141 2842 2194 ὅτι
2865 2140 2935 2194 τὰ
2972 2141 3285 2213 ἀδικήματα
3308 2141 3406 2193 καὶ
3434 2140 3505 2193 τὰ

2090 2237 2223 2309 πρὸς
2242 2235 2435 2305 ἄφεσιν
2463 2234 2745 2307 ἁμαρτιῶν
2769 2234 3068 2305 πάσχομεν.
3100 2235 3208 2287 Kal
3230 2237 3257 2288 6
3274 2234 3481 2305 Πέτρος
3504 2252 3519 2263 ·
3564 2235 3696 2305 Ὀρ-

2088 2328 2196 2393 θῶς
2232 2329 2367 2400 ἔχει,
2423 2329 2517 2382 καὶ
2552 2326 2725 2390 οὕτως
2754 2326 2921 2379 ἐστίν.
2964 2328 3029 2377 "A
3067 2325 3175 2397 γὰρ
3225 2324 3508 2393 ἄνθρωποι
3538 2323 3689 2377 κτώ-

2090 2422 2263 2494 μεθα,
2299 2420 2394 2475 τοῦ
2446 2420 2697 2484 πλείονος
2747 2420 3048 2490 ἐφιέμενοι,
3095 2418 3204 2471 εἴτε
3236 2420 3452 2490 ἱμάτια,
3512 2420 3686 2489 φημὶ,

2087 2513 2198 2567 εἴτε
2231 2512 2520 2586 βρώματα,
2552 2512 2659 2565 είτε
2708 2511 2867 2574 ποτά,
2916 2510 3027 2563 είτε
3065 2508 3199 2564 ἄλλα
3230 2510 3372 2573 τινὰ,
3400 2510 3461 2561 ού
3496 2510 3689 2573 ralia;

2088 2605 2303 2668 πάντως
2350 2601 2630 2667 ποιοῦντες
2663 2601 2942 2673 κτώμεθα,
2973 2600 3063 2656 διά
3087 2602 3147 2654 τὸ
3174 2602 3281 2655 δεῖν
3310 2602 3475 2673 μηδὲν
3509 2602 3683 2671 ἔχειν,

2085 2695 2162 2760 ὡς
2202 2695 2383 2767 μικρῷ
2439 2694 2673 2767 πρόσθεν
2729 2695 2858 2766 ὑμῖν
2917 2694 3133 2766 εἴρηκα.
3188 2695 3249 2747 El
3291 2693 3401 2763 γάρ
3443 2695 3502 2746 ἐν
3546 2696 3687 2747 πᾶσι

2085 2788 2155 2843 τά
2170 2788 2427 2860 κτήματα
2454 2786 2735 2860 προξενεῖν
2760 2782 2901 2855 οἶδεν
2931 2786 3146 2857 ἔχουσιν
3190 2788 3598 2858 ἁμαρτήματα,
3647 2788 3685 2856 ἡ

2085 2880 2289 2935 τούτων
2318 2880 2359 2911 ³⁷
2388 2880 2536 2944 ὅπως
2562 2879 2692 2933 ποτέ
2722 2879 2979 2951 στέρησις
3013 2879 3296 2950 ἁμαρτιῶν
3323 2880 3471 2931 ἐστιν
3505 2877 3685 2947 ἀφαί-

2089 2989 2259 3045 ρεσις.
2314 2972 2425 3026 Kal
2484 2974 2512 3026 6
2541 2972 2724 3043 πατὴρ
2771 2970 2877 3041 ἔφη
2905 2988 2918 3001 ο
2978 2970 3313 3035 Ἀκολούθως
3357 2972 3493 3042 ἔχει.
3570 2972 3686 3023 Καὶ

2085 3061 2115 3113 6
2152 3059 2394 3132 Πέτροςο
2431 3061 2541 3114 Kal
2586 3059 2920 3112 δικαιότατα.
2984 3059 3141 3112 Ἐπεὶ
3192 3058 3301 3131 γὰρ
3338 3057 3449 3110 τῶν
3500 3058 3685 3121 σωζο-

2088 3150 2266 3223 μένων
2295 3151 2463 3217 ἐστὶν,
2512 3151 2589 3214 ὡς
2641 3149 2798 3221 ἔφην,
2840 3150 2902 3202 τὸ
2956 3149 3123 3221 μηδὲν
3158 3148 3303 3219 ἔχειν
3330 3148 3397 3213 ⁸⁸,
3430 3148 3684 3217 ὑπάρχει

2086 3245 2143 3300 δέ
2168 3244 2381 3307 πολλοῖς
2419 3246 2692 3316 κτήματα,
2715 3242 2903 3296 τούτου
2936 3243 3096 3314 χάριν
3142 3243 3203 3309 ἐξ
3226 3241 3685 3312 ὑπερϐαλλούσης

2088 3337 2224 3391 Θεοῦ
2268 3337 2679 3408 φιλανθρωπίας
2720 3336 3016 3405 ἐπάγονται
3068 3336 3306 3389 παιδεῖαι
3351 3339 3465 3398 τοῖς
3520 3334 3600 3405 μὴ
3634 3337 3683 3365 ³’

2089 3430 2232 3488 κατά
2251 3430 2313 3484 τὸ
2334 3430 2525 3485 δοκοῦν
2562 3429 2680 3500 Θεῷ
2700 3428 3157 3500 πολιτευομένοις,
3184 3428 3270 3481 ἵνα
3298 3428 3386 3481 διὰ
3407 3428 3468 3479 τὺ
3490 3427 3685 3489 ποσῶς

2088 3518 2332 3587 φιλόθεον
2356 3520 2723 3592 προσκαίρους
2750 3518 3112 3589 ὑπομένοντες
3134 3519 3403 3590 τιμωρίας
3436 3518 3503 3580 ⁵⁸,
3549 3520 3682 3571 αἰω-

2087 3613 2214 3665 νίων
2243 3611 2597 3681 ἀπαλλαγῶσι
2621 3610 2916 3665 κολάσεων.
2944 3610 3054 3663 Καὶ
3080 3612 3109 3663 6
3132 3611 3342 3681 πατήρ·
3374 3608 3439 3661 Τί
3469 3609 3512 3639 δ’
3549 3609 3638 3662 δαί
3656 3614 3673 3627 ⁹

2085 3706 2147 3759 ού
2176 3706 2221 3736 δ’
2270 3704 2495 3769 πολλοὺς
2536 3703 2752 3767 ἀσεϐεῖς
2777 3705 2995 3776 ὁρῶμεν
3023 3702 3262 3773 πένητας
3289 3719 3305 3764 ;
3358 3699 3494 3755 Εἶτα
3524 3701 3684 3773 παρέξ

2084 3796 2244 3853 τοῦτο
2278 3796 2372 3849 καὶ
2395 3796 2592 3860 αὐτοὺς
2618 3796 2716 3866 τῆς
2741 3795 2851 3848 τών
2881 3795 3205 3865 σωζομένων
3258 3788 3397 3845 εἶναι
3457 3791 3686 3863 μερίδος

2086 3892 2362 3962 φήσομενς
2392 3890 2485 3941 καὶ
2511 3890 2538 3943 ό
2564 3888 2611 3919 ⁸³
2655 3888 2876 3959 Πέτροςο
2907 3887 2982 3940 Οὐ
3010 3886 3252 3949 πάντως.
3300 3884 3375 3937 Οὐ
3398 3882 3509 3954 γὰρ
3542 3885 3685 3936 ἀπο-

2083 3980 2304 4053 δεκτὴὴ
2334 3980 2515 4045 πενία,
2549 3974 2624 4034 ὧν
2681 3979 2756 4051 μὴ
2812 3978 3092 4050 προσ-’ἧκεν
3142 3976 3445 4047 όρεγομένη
3483 3993 3497 4005 ·
3552 3974 3684 4029 ἐπεὶ

2083 4068 2129 4102 “
2152 4072 2247 4125 καὶ
2272 4073 2301 4125 6
2321 4072 2521 4144 Κύριος
2541 4069 2697 4141 ἡμῶν
2726 4069 2933 4144 Ἰησόνζς
2952 4068 3184 4140 Χριστὸς
3207 4068 3235 4120 6
3259 4068 3385 4130 Υἱὸς
3408 4066 3504 4120 τοῦ
3536 4066 3681 4132 ζῶνην

2081 4179 2173 4225 τος
2196 4162 2351 4226 Θεοῦ,
2385 4163 2702 4234 μακαρίζων
2726 4162 2771 4194 ⁸⁸
2798 4136 2925 4225 τοὺς
2978 4160 3257 4231 πτωχούς·
3294 4158 3593 4227 Μακάριοι
3623 4162 3683 4215 οι

2082 4252 2323 4321 πτωχοὶ,
2360 4252 2486 4325 ἔφη,
2548 4252 2627 4319 τῷ
2675 4254 3005 4321 πνεύματι·
3042 4251 3130 4305 ὅτι
3157 4250 3357 4305 αὐτῶν
3408 4250 3591 4303 ἐστιν
3639 4252 3680 4319 ἡ

2075 4342 2363 4405 ,Βασιλεία
2405 4342 2525 4395 τῶν
2572 4340 2863 4409 οὐρανῶν.
2922 4341 3033 4393 Kal
3079 4340 3107 4392 ό
3156 4341 3371 4411 πατήρ·
3430 4339 3681 4407 Ἀληθῶς

2081 4434 2222 4487 πάνυ
2256 4433 2396 4489 κατά
2437 4434 2535 4505 τὴν
2566 4432 2821 4487 ὑπόθεσιν
2849 4432 3027 4504 ὀρθῶς
3077 4432 3221 4502 ἔχειν
3255 4432 3324 4485 τὰ
3367 4432 3680 4503 πράγματα

2081 4527 2347 4597 φαίνεται⁸
2372 4527 2452 4609 διὸ
2478 4528 2571 4579 καὶ
2600 4526 2971 4597 προαιρέσεως
3000 4524 3117 4557 ⁸⁸⁸⁸⁷
3147 4524 3256 4596 ἔχω
3272 4528 3340 4597 τῇ
3359 4524 3516 4589 τάξει
3536 4543 3678 4581 πανο

394 4618 601 4673 habere
635 4626 1009 4688 :quapropter
1030 4616 1083 4670 in
1114 4616 1302 4671 animo
1332 4616 1510 4671 habeo
1562 4624 1730 4671 totam
1781 4616 1976 4672 ordine

2110 4618 2170 4683 δς
2194 4619 2498 4675 ἐπακούσαι
2526 4618 2620 4673 τοῦ
2665 4618 2847 4687 λόγου.

389 4710 589 4767 audire
618 4712 949 4765 doctrinam.

468 4822 757 4880 CXXVIII.
795 4821 861 4876 Et
904 4820 1101 4876 Petrus
1131 4840 1143 4875 :
1178 4822 1371 4891 Itaque
1419 4820 1676 4890 deinceps
1735 4819 1977 4876 studenti

392 4917 498 4973 libi
532 4916 743 4971 discere
765 4930 889 4984 quae
922 4914 986 4968 ad
1025 4922 1268 4969 nostram
1307 4913 1465 4969 (idem
1504 4913 1796 4981 pertinent,
1836 4913 1977 4968 hanc

392 5009 711 5064 doctrinam
747 5007 1069 5077 esplicabo;
1104 5006 1173 5061 ab
1232 5006 1352 5076 ipso
1405 5006 1645 5075 primum
1707 5004 1977 5073 incipiens

395 5100 551 5166 Deo;
596 5108 651 5154 et
716 5098 1012 5153 ostendens
1037 5137 1051 5159 ,
1089 5099 1267 5167 ipsum
1324 5095 1499 5152 solum
1532 5095 1823 5150 dicendum
1858 5109 1978 5149 esse

395 5190 593 5255 Deum,
634 5188 773 5243 alios
797 5202 927 5242 vero
961 5204 1064 5244 nec
1095 5188 1379 5254 dicendos,
1415 5202 1515 5243 nec
1546 5187 1977 5253 existimandos;

473 5319 499 5346 ι
533 5305 725 5361 Matth.
750 5320 805 5371 ν,
837 5304 890 5359 5.

2138 4818 2225 4875 CX
2235 4818 2276 4873 Χ
2288 4819 2424 4873 VIII.
2440 4821 2550 4874 Kal
2564 4822 2591 4874 6
2609 4819 2831 4891 Πέτρος·
2852 4819 3060 4873 Οὐκοῦν
3073 4819 3166 4874 τοῦ
3179 4820 3367 4875 λοιποῦ
3387 4822 3677 4877 σπεύδοντί

2087 4929 2167 4965 σοι
2191 4912 2259 4965 τά
2283 4910 2423 4966 κατά
2444 4913 2543 4982 τὴν
2567 4912 2842 4983 ἡμετέραν
2869 4912 3052 4965 πίστιν
3081 4912 3273 4983 μαθεῖν
3289 4913 3355 4979 ⁸⁸,
3372 4914 3588 4985 προῖὼν
3615 4934 3673 4969 τε

2084 5004 2176 5058 τὸν
2204 5004 2359 5073 λόγον
2398 5004 2698 5075 ἐκθήσομαι
2734 5006 2828 5058 ἀπ’
2858 5005 3081 5058 αὑτοῦ“
3116 5004 3330 5076 πρῶτον
3367 5007 3676 5077 ἀρχόμενος

2084 5096 2178 5150 τοῦ
2199 5096 2331 5150 Θεοῦ
2350 5115 2365 5128 ·
2396 5097 2713 5159 καὶδεικνὺς
2728 5096 2894 5150 αὐτὸν
2920 5097 3079 5167 μόνον
3101 5097 3209 5149 δεῖν
3229 5098 3274 5130 ⁸⁸
3300 5098 3481 5166 λέγειν
3512 5099 3671 5162 Θεὸν,

2087 5186 2308 5258 ἐτέρους
2351 5186 2407 5243 δὲ
2449 5188 2585 5259 μήτε
2640 5187 2820 5256 λέγειν
2867 5187 3004 5258 μήτε
3054 5189 3317 5259 νομίζειν,
3368 5191 3463 5243 καὶ
3511 5192 3659 5245 ὃτια

1676 5391 1910 5449 VARUE
1951 5390 2353 5446 LECTIONES.

474 5494 518 5526 ³⁸
543 5493 615 5548 al.
653 5493 820 5548 inser.
855 5492 993 5564 πρός
1017 5492 1204 5549 ταῦτα.
1257 5494 1319 5564 λ³δ
1362 5484 1644 5564 Clementq
1672 5492 1819 5546 hom.
1849 5507 1938 5553 xv,
1962 5506 2024 5564 c._
2039 5490 2092 5555 8,
2115 5498 2219 5564 etc.
2262 5490 2316 5564 {ﬂ
2339 5488 2426 5564 al_._
2452 5486 2530 5564 ἐτι

2566 5486 2763 5557 μᾶλλον
2790 5484 3121 5541 ἀδικώτατον
3141 5486 3277 5557 ὅλων
3302 5502 3391 5555 μοι
3420 5485 3668 5554 φαίνεται

398 5564 465 5620 το
489 5566 754 5659 ἒρᾶγμα·
792 5556 911 5616 ὅτι.’
936 5563 1082 5659 ³³131.
1108 5562 1282 5659 ἰπολλά
1306 5566 1418 5627 τοῖς
1444 5560 2137 5659 ἐλομέὶιριςισυγχωροῦριν·
2168 5561 2217 5614 οἱ
2262 5559 2338 5613 δέ.
2383 5558 2780 5659 “.deesthint‘al.
2825 5558 2869 5659 '7.
2886 5558 2955 5639 al.
2994 5556 3262 5659 inperlfé.
3286 5556 3446 5659 1³⁸κῖ1.
3482 5557 3668 5659 μηδενὶ

405 5652 478 5659 μ..
547 5652 574 5659 ..
614 5635 689 5659 3.-
734 5650 879 5659 Α---.-.
1076 5651 1099 5659 Α
1194 5633 1506 5659 -1ὶ...-....”⁸.-
1692 5650 1717 5659 ιι
1812 5649 2021 5659 --.ιι-...-
2060 5649 2101 5659 ιι,
2121 5649 2163 5659 ιι.
2208 5646 2487 5659 -..ηελλ-..ιιι
2712 5643 2845 5659 Λοιιιὶ
2926 5643 2979 5659 In
3012 5644 3038 5659 η
3251 5642 3277 5659 Λ
3598 5645 3624 5659 ι

400 5625 574 5714 μηδξν
614 5625 900 5714 ὗπάρχειν.
982 5634 1034 5714 ⁸⁸.
1074 5637 1149 5714 al:
1190 5625 1550 5714 εἰλικρινῶς-ε’
1603 5632 1649 5714 ξ’
1691 5625 1763 5688 al.
1808 5625 2163 5714 προσκαίρων
2208 5627 2508 5714 τιμωριών.
2584 5627 2882 5714 “udesunt
2926 5626 3084 5714 inlal.
3109 5628 3225 5714 ηεξ,
3250 5626 3321 5714 δι’.
3354 5625 3432 5714 δέ.
3485 5625 3563 5714 'f’
3596 5630 3643 5681 al

401 5700 558 5775 ams
600 5700 902 5759 τοῦτο”οὖν
952 5706 1069 5775 καὶί
1093 5700 1367 5775 οὗτοιτῷν
1419 5703 1741 5774 σωζομένων
1774 5700 1939 5775 εἱσ’ίνν;
1971 5700 2140 5775 καϊᾷό.

2219 5696 2368 5771 δῖοί(
2395 5698 2553 5761 πλήν.
2597 5698 2847 5771 _“decst
2862 5696 2923 5771 _in
2956 5698 3027 5771 al.
3090 5696 3225 5771 _“""
3258 5697 3331 5752 al.
3374 5697 3662 5771 ἐγενόμην.

399 5765 855 5847 δ’ἀὲιόφείλοντι,
884 5778 949 5849 τῇ
985 5774 1154 5842 τάξει.
1233 5776 1278 5818 δ’
1305 5774 1459 5831 deest
1499 5765 1656 5835 i'u'al.
1737 5775 1782 5805 ⁵⁰
1805 5775 1878 5829 al.
1911 5774 1991 5827 ὅτι
2028 5772 2189 5828 αὐτὸν
2223 5788 2285 5844 μ.
2314 5770 2409 5826 δεῖ.
2474 5770 2516 5801 ⁵³
2559 5768 2630 5825 al.
2673 5769 2765 5821 καὶ
2794 5765 2953 5822 τοῦτο
2976 5765 3163 5821 εἰπών.
