3834 6220
176 355 277 412 585

960 340 1412 401 CLEMENTINA.
1463 367 1527 377 —
1560 335 1864 392 EPITOME
1898 333 1985 388 DE
2020 329 2262 389 GESTIS
2292 332 2350 387 S.
2386 328 2625 394 PETRIJ

3287 321 3388 375 566

173 469 313 543 παρὰ
335 469 490 523 τοῦτο
517 466 704 533 ποιῶν,
744 465 935 521 αἰώνια
963 466 1374 538 κολασθήσεται,
1403 462 1479 525 ὼς
1504 464 1583 523 εἰς
1623 460 1718 513 αὑ-

1846 457 2212 526 Iomiuemque
2256 453 2349 524 qui
2415 452 2570 507 aliter
2627 444 2849 511 fecerit,
2885 451 3088 497 aeterno
3122 437 3387 508 supplicio

171 561 256 614 τὸν
281 561 384 613 τῶν
413 559 549 613 ὅλων
576 556 849 629 ἀσεϐήσας
876 557 1028 610 Θεόν.
1080 557 1190 609 Καὶ
1231 553 1388 607 τοῦτο
1414 549 1603 611 εἰπὼν,
1636 548 1729 602 καὶ

169 654 273 715 τοῖς
316 650 420 704 ὑπὸ
469 648 658 704 παθῶν
684 648 1050 719 ὀχλουμένοις,
1082 647 1176 700 καὶ
1202 643 1436 709 νοσοῦσι,
1484 642 1577 696 καὶ
1624 640 1730 692 δαι-

175 744 361 816 μονῶσι
386 741 486 807 τὰς
534 744 720 814 χεῖρας
742 740 972 802 ἐπιθεὶς,
1012 741 1104 793 καὶ
1130 738 1350 800 τούτους
1384 737 1516 806 εὑχῇ
1565 732 1726 802 θερα-

173 834 384 897 πεύσας,
430 834 531 903 τὴν
570 831 863 902 ἐκκλησίαν
913 829 1172 883 διέλυσεν.
1227 822 1341 879 Εἶθ’
1398 823 1569 885 οὑτως
1618 822 1730 873 εἰσ-

172 926 327 980 ελθὼν
342 926 436 979 καὶ
454 926 563 979 τῶν
603 924 844 996 συνήθων
879 923 924 955 ⁸²
968 922 1110 977 ἁλῶν
1147 916 1465 992 μεταλαϐὼν
1493 955 1507 980 ,
1550 911 1730 964 ὑπνω-

173 1035 274 1071 σεν.

234 1108 463 1163 CXXIX.
507 1108 742 1180 Ὀρθρου
758 1107 814 1160 δέ
841 1107 890 1139 ⁵⁸
920 1105 1082 1160 πάλιν
1107 1106 1134 1157 ὁ
1183 1102 1385 1173 Πέτρος
1426 1095 1603 1165 ἐξιὼν,
1636 1093 1730 1146 καὶ

171 1199 255 1251 ἐπὶ
277 1198 319 1230 ⁸³
334 1199 423 1252 τὸν
470 1198 675 1269 συνήθη
699 1196 1041 1265 διαλέγεσθαι
1063 1194 1226 1247 τόπον
1252 1193 1299 1224 ⁵⁸
1325 1189 1474 1251 στὰς,
1507 1187 1600 1240 ἆτε
1637 1182 1730 1236 καὶ

172 1290 366 1344 πολλῶν
399 1288 910 1360 συνδεδραμηκότων
951 1285 1142 1357 ὄχλων,
1170 1285 1287 1354 ἃμα
1314 1281 1358 1312 ⁸⁷
1390 1277 1469 1348 τῷ
1520 1273 1730 1347 μέλλειν

171 1380 498 1449 διαλέγεσθαι
530 1380 714 1443 αὑτὸν,
756 1378 928 1450 εἰσῄει
956 1394 1040 1440 τις
1089 1373 1198 1428 τῶν
1249 1369 1413 1427 αὑτοῦ
1467 1363 1730 1419 διακόνων

172 1471 333 1540 λέγων
359 1488 371 1501 ·
410 1472 594 1542 Σίμων
621 1470 729 1524 ἀπὸ
785 1465 1106 1538 Ἀντιοχείας
1138 1457 1494 1532 εἰσεληλυθώς
1517 1456 1609 1509 ἀπ’
1630 1454 1730 1506 αὑ·-

174 1563 265 1632 τῆς
292 1560 550 1631 ἑσπέραις,
583 1558 766 1630 μαθὼν
796 1554 1165 1627 ὑποσχόμενόν
1187 1569 1246 1605 σε
1271 1551 1361 1604 τὸν
1390 1546 1517 1616 περὶ
1543 1558 1732 1614 μοναρ-

173 1653 285 1723 χίας
305 1650 575 1704 ποιεῖσθαι
599 1648 774 1717 λόγον,
804 1646 1020 1717 ἕτοιμός
1057 1647 1169 1697 ἐστι
1197 1640 1333 1712 μετά
1362 1655 1426 1707 γε
1443 1634 1535 1689 τοῦ
1576 1634 1730 1685 Ἐπι-

172 1761 260 1796 κου
268 1743 405 1814 ρείοο
435 1739 799 1812 Ἀθηνοδώρου
814 1736 1175 1807 διαλεγομένῳ
1194 1751 1272 1787 σοι
1289 1729 1551 1791 ἐπελθεῖν,
1570 1727 1643 1788 ὡς
1665 1723 1729 1777 ἂν

173 1797 294 1888 πᾶσι
310 1834 354 1866 ⁸⁸
382 1837 495 1897 τοῖς
519 1797 626 1886 ὑέτδ
643 1797 734 1885 σοῦ
765 1832 892 1902 περί
917 1797 1209 1901 μοναρχίας
1237 1818 1729 1895 ὑπαγορευομένοις
1755 1797 1800 1853 Β

170 1925 390 1997 δημοσίᾳ
415 1923 607 1996 παρὼν
625 1922 784 1986 αὐτὸς
807 1920 1073 1989 ἀντιλέγοι
1106 1918 1173 1970 ⁵³.

234 2100 440 2155 CXXX.
484 2096 673 2151 Ταῦτα
713 2094 806 2148 τοῦ
840 2092 1090 2147 διακόνου
1136 2089 1408 2157 λέγοντος,
1441 2084 1549 2138 ἰδοὺ
1580 2082 1670 2135 καί
1704 2082 1733 2134 ὁ

172 2190 341 2259 Σίμων
394 2190 492 2241 σὺν
541 2183 888 2257 Ἀθηνοδώρῳ
929 2182 1020 2235 καί
1077 2197 1224 2233 τισιν
1272 2177 1450 2239 ἄλλοις
1498 2172 1734 2243 ἑταίροις

173 2280 362 2351 εἰσῄει·
393 2280 489 2333 καὶ
515 2278 622 2349 πρὸ
649 2275 742 2329 τοῦ
771 2293 825 2328 τι
842 2274 933 2327 τὸν
962 2272 1165 2341 Πέτρον
1192 2269 1327 2331 ὅλως
1353 2267 1547 2326 εἰπεῖν,
1575 2263 1735 2324 αὑτὸς

174 2350 476 2441 πρὸλαὸών·
514 2366 779 2438 Ἔμαθον,
843 2364 1026 2433 φησὶν,
1060 2362 1141 2414 ὅτι
1194 2358 1322 2430 χθὲς
1371 2355 1607 2424 ὑπέσχου
1656 2350 1735 2421 τῷ

171 2462 382 2532 Φαύστῳ
408 2459 551 2515 κατά
575 2459 671 2531 τὴν
702 2461 938 2528 σήμερον
964 2453 1131 2519 δεῖξαι
1154 2456 1219 2523 τῇ
1256 2449 1406 2514 τάξει
1440 2448 1531 2501 τὸν
1579 2445 1734 2514 λόγον

175 2553 508 2623 ποιούμενος·
541 2551 638 2604 καὶ
683 2551 776 2603 ἀπ’
816 2546 979 2601 αὑτοῦ
1023 2544 1238 2616 πρῶτον
1291 2540 1591 2613 ἀρχόμενος
1639 2535 1735 2589 τοῦ

175 2642 271 2695 τῶν
294 2642 426 2696 ὅλων
445 2640 719 2696 Δεσπότου
739 2656 752 2669 σ
807 2639 889 2691 ὅτι
912 2635 1075 2690 αὑτὸν
1095 2635 1177 2688 δεῖ
1204 2632 1363 2703 μόνον
1377 2630 1555 2698 λέγειν
1582 2626 1734 2691 Θεὸν,

175 2732 350 2796 ἀλλους
374 2734 419 2765 ⁸⁸
450 2732 507 2785 δέ
554 2733 689 2802 μήτε
739 2729 940 2799 λέγειν,
988 2728 1124 2798 μήτε
1173 2722 1413 2794 νομίζειν
1438 2737 1453 2752 ·
1509 2720 1604 2773 καὶ
1658 2721 1738 2773 ὅτι

176 2823 202 2875 ὁ
227 2823 367 2899 πα)ρά
400 2822 563 2876 τοῦτο
593 2821 780 2887 ποιῶν,
832 2820 1054 2874 αἰωνίαν
1101 2816 1285 2885 ὑφέξει
1316 2814 1415 2884 τὴν
1440 2810 1734 2882 τιμωρίανο

179 2898 522 2983 πρὸίπάντων
572 2906 663 2964 οῦν
717 2908 931 2982 ἀληθῶς
988 2902 1449 2974 καταπέπληγμαί
1500 2918 1594 2953 σου
1643 2898 1739 2970 τὴν

180 3002 435 3067 ὑπόνοιαν,
466 3003 551 3055 ὅτι
580 3001 814 3073 ἤλπισας
845 3000 1165 3071 μεταπεῖσαι
1188 2995 1355 3067 ἄνδρα
1382 2992 1543 3063 σοφὸν
1572 2990 1738 3054 οὑτω,

1829 548 2185 621 puniendum,
2222 555 2282 601 ut
2310 544 2402 616 qui
2439 544 2495 597 in
2543 542 2719 611 ipsum
2781 535 3162 591 universorum
3215 528 3385 582 Deum

1830 620 2030 711 impius
2079 637 2361 694 exstiterit.
2393 637 2568 704 Atque
2594 632 2697 685 hoc
2730 628 2902 691 dicto,
2934 636 3169 692 cumque
3205 620 3389 689 aliqua

1828 731 2176 803 perpessione
2206 727 2493 792 infestatis,
2514 721 2924 796 aegrotantibus,
2956 725 3013 771 et
3039 711 3390 770 daamoniacis

1829 823 2174 892 imposuisset
2208 833 2422 882 manus,
2450 832 2514 871 ac
2543 829 2638 870 eos
2669 818 2916 867 curasset
2938 821 3119 879 prece,
3168 803 3392 859 concio-

1829 930 1951 969 nem
1984 913 2207 968 dimisit.
2258 910 2461 965 Deinde
2512 908 2586 961 ita
2626 908 2928 975 ingressus,
2963 908 3018 955 et
3057 897 3219 953 solito
3264 894 3390 950 cibo

1827 1016 2103 1079 percepto,
2137 1021 2195 1060 se
2219 1019 2413 1059 somno
2445 1002 2613 1057 dedit.

1900 1096 2139 1155 CXXIX.
2176 1096 2222 1127 ⁵³
2248 1093 2405 1148 Mane
2458 1107 2587 1147 vero
2641 1090 2838 1145 iterum
2875 1098 3128 1157 egressus
3158 1082 3389 1143 Petrus;

1828 1206 1955 1246 cum
2001 1188 2242 1244 stetisset
2274 1186 2329 1240 in
2356 1185 2480 1239 loco
2513 1183 2569 1236 in
2601 1197 2711 1251 quo
2742 1180 3012 1234 disserere
3046 1175 3283 1233 solebat.
3314 1172 3395 1227 in-

1829 1296 2070 1354 gensque
2102 1278 2386 1333 hominum
2438 1274 2729 1329 multitudo
2785 1268 3192 1332 concurrisset;
3226 1262 3392 1321 simul

1830 1387 1893 1426 ac
1922 1370 2039 1441 ipse
2086 1375 2231 1423 esset
2266 1367 2572 1427 locuturus,
2614 1361 2861 1416 introivit
2894 1356 3116 1427 quidam
3154 1369 3220 1409 ex
3273 1352 3395 1422 ejus

1829 1460 2097 1526 diaconis,
2137 1459 2325 1513 dicens
2351 1470 2364 1507 :
2392 1452 2579 1509 Simon
2604 1453 2672 1507 ab
2703 1450 2996 1509 Antiochia
3025 1448 3143 1518 ipso
3169 1458 3395 1513 vespere

1832 1551 2130 1621 ingressus,
2156 1546 2385 1604 audiens
2407 1556 2457 1600 te
2482 1542 2807 1615 promisisse
2835 1541 2902 1595 de
2930 1536 3271 1602 monareliia,
3296 1549 3393 1589 seu

1830 1640 2137 1711 principatu
2182 1635 2385 1700 unius,
2432 1631 2598 1686 verba
2644 1644 2765 1685 esse
2813 1627 3121 1687 facturum,
3172 1631 3397 1691 paratus

1831 1709 1916 1785 est
1960 1743 2069 1783 una
2119 1740 2245 1781 cum
2301 1719 2650 1777 Athenodoro
2701 1717 3012 1787 Epicureo,
3057 1712 3155 1766 tibi
3218 1709 3395 1763 disse-

1830 1820 1973 1875 renti
2020 1814 2395 1879 intervenire;
2461 1818 2522 1865 ut
2557 1816 2750 1864 cuncta
2797 1821 2921 1875 quze
2980 1818 3008 1858 a
3057 1811 3109 1856 te
3168 1799 3235 1854 de
3279 1812 3400 1851 mo-

1829 1910 2051 1964 narchia
2098 1904 2581 1967 denuntiabunlur,
2618 1899 2837 1970 publice
2871 1899 2991 1966 ipse
3019 1906 3260 1964 praesens
3295 1888 3400 1943 im-

1831 2012 2049 2074 pugnet.

1904 2088 2114 2142 CXXX.
2142 2085 2266 2140 llaec
2288 2086 2503 2139 dicente
2531 2082 2788 2141 diacono,
2828 2090 2953 2131 ecce
2977 2084 3031 2129 et
3062 2072 3251 2128 Simon
3272 2084 3399 2126 cum

1832 2180 2183 2240 Athenodoro
2231 2178 2465 2247 aliisque
2524 2172 2799 2231 nonnullis
2838 2166 3125 2225 sodalibus
3159 2162 3401 2233 ingredi-

1834 2283 1923 2327 tur
1958 2288 1974 2327 :
2010 2280 2062 2326 et
2098 2278 2223 2324 ante
2256 2284 2419 2338 quam
2452 2267 2645 2321 Petrus
2687 2260 2895 2332 aliquid
2945 2258 3173 2315 omnino
3203 2256 3402 2327 loque-

1836 2370 2018 2427 retur,
2054 2361 2170 2430 ipse
2221 2359 2523 2428 anticipans
2564 2374 2577 2408 :
2628 2352 2903 2423 Comperi,
2936 2349 3133 2418 inquit,
3179 2356 3232 2401 te
3284 2341 3401 2398 beri

1836 2453 2135 2524 pollicitum
2161 2466 2283 2506 esse
2305 2449 2531 2515 Fausto,
2564 2446 2711 2517 quod
2741 2444 2901 2499 hodie
2923 2442 3108 2496 habito
3127 2450 3400 2500 sermone,

1837 2545 2027 2600 ordine
2065 2558 2217 2598 esses
2249 2550 2595 2601 ostensurus,
2624 2537 2973 2607 primumque
3006 2527 3309 2601 incipiendo
3334 2525 3403 2580 ab

1838 2637 1957 2707 ipso
2011 2634 2390 2688 universorum
2424 2629 2689 2693 Domino;
2718 2641 2841 2680 eum
2879 2623 3058 2680 solum
3108 2618 3402 2691 dicendum

1802 2772 1805 2775 γ
1837 2744 1961 2784 esse
2012 2725 2205 2789 Deum,
2232 2723 2368 2797 alios
2388 2737 2518 2776 vero
2543 2734 2722 2789 neque
2749 2715 3009 2771 dicendos
3059 2724 3235 2781 neque
3281 2708 3403 2762 exi-

1838 2819 2176 2882 stimandos;
2226 2815 2430 2886 quique
2479 2821 2668 2867 contra
2693 2808 2910 2873 fecerit,
2946 2813 3179 2860 aeternas
3201 2814 3393 2871 pinnas

1839 2912 2117 2967 daturum.
2166 2907 2305 2961 Ante
2356 2905 2539 2961 omnia
2573 2917 2702 2972 ergo
2755 2913 2881 2953 vere
2927 2895 3197 2952 insaniam
3255 2902 3402 2946 tuam

1840 3004 2141 3061 demiratus
2196 3014 2341 3065 sum,
2398 2996 2545 3068 quod
2584 2992 2814 3064 sperasti
2850 3000 2901 3046 te
2932 3003 3094 3061 posse
3134 2988 3189 3042 in
3240 2985 3404 3039 aliam

179 3093 447 3148 καὶταῦτα
504 3072 839 3165 πρεσϐύτην.
886 3089 1021 3143 Ἀλλ’
1046 3089 1146 3143 οὑκ
1185 3084 1442 3158 ἐπιτεύξῃ
1459 3082 1566 3137 τῶν
1591 3082 1740 3136 ἐλπί-

1846 3093 2166 3150 ententiam
2206 3090 2474 3144 adducere
2528 3085 2704 3138 virum
2756 3081 2891 3137 adeo
2939 3078 3277 3149 sapientem,
3337 3072 3407 3126 ad

1849 3184 1858 3187 ⁸
2239 3177 2287 3187 Ἀ
2657 3173 2670 3187 ⁸
2759 3180 2769 3187 -
2816 3179 2914 3187 -κκρ
2958 3182 3059 3187 μ---
3105 3162 3399 3187 -ι..ε..,ι.ζ,.,

180 3184 272 3239 δων
291 3186 380 3240 καὶ
404 3185 498 3240 τοῦ
525 3185 653 3255 θελή
663 3162 847 3256 ματος,
870 3184 964 3239 ἅτε
992 3182 1257 3253 παρόντος
1294 3178 1449 3249 ἐμοῦ,
1488 3177 1585 3233 καί
1613 3176 1739 3236 τοὺς

1846 3184 1959 3238 haec
1984 3195 2189 3236 senem.
2225 3177 2294 3231 At
2324 3191 2447 3247 spes
2479 3189 2544 3230 ac
2585 3173 2921 3229 voluntatem
2958 3182 3065 3223 non
3099 3162 3402 3228 obtinebis;

180 3275 379 3345 ψευδεῖς
405 3294 499 3330 σου
526 3275 893 3345 διελέγχοντος
928 3273 1136 3342 λόγους.
1163 3272 1321 3333 Ἴσως
1372 3267 1481 3338 γὰρ
1531 3265 1599 3319 ἂν
1647 3264 1740 3319 καὶ

185 3368 422 3440 ὴπάτητο
452 3368 527 3439 μὴ
586 3367 851 3438 παρόντος
892 3362 1047 3435 ἐμοῦ,
1089 3361 1302 3431 ἰδιώτης
1337 3359 1413 3411 ὢν
1460 3356 1567 3409 τῶν
1591 3353 1744 3425 παρὰ

196 3459 454 3524 Ἰουδαίοις
498 3459 733 3530 δημοσίᾳ
782 3453 1208 3526 πεπιστωμένων
1265 3450 1480 3522 βίϐλων.
1528 3446 1611 3502 Τὰ
1647 3446 1742 3500 νῦν

185 3548 235 3603 δέ
260 3552 377 3615 τοὺς
404 3551 635 3613 πολλοὺς
658 3548 1039 3621 ὑπερθήσομαι
1069 3546 1278 3614 λόγους,
1305 3544 1393 3596 ἴνα
1424 3540 1615 3595 θᾶττόν
1646 3554 1740 3591 σου

186 3640 273 3710 τὴν
295 3641 583 3712 ὑπόσχεσιν
613 3639 855 3703 ἀσθενῶς
876 3639 1103 3714 ἔχουσαν
1130 3634 1409 3703 διελέγξω.
1468 3632 1606 3701 Λέγε
1641 3647 1742 3684 τοι-

187 3730 372 3801 γαροῦν
397 3732 425 3785 ὃ
449 3731 713 3801 ὑπέσχου.
746 3731 888 3783 Εἰδέ
913 3730 1004 3783 τὸν
1044 3728 1264 3798 ἔλεγχον
1298 3724 1630 3794 αἰδούμενος,
1658 3724 1743 3792 ἐφ’

187 3821 329 3891 ἡμῶν
354 3822 532 3875 αὐτῶν
553 3823 651 3893 τὴν
689 3820 977 3890 ὑπόσχεσιν
997 3819 1199 3881 ἐθέλοις
1224 3815 1575 3886 παραλιπεῖν,
1615 3813 1747 3867 αὑτ-

190 3913 348 3985 ἁρκης
394 3917 488 3969 καὶ
555 3913 728 3978 οὕτως
756 3912 1024 3977 ἀπόδειξις
1074 3912 1156 3964 ὅτι
1185 3909 1354 3981 ψευδῆ
1399 3906 1465 3960 τὰ
1508 3906 1747 3977 ὑπεσχη-

196 4004 337 4074 μένα,
366 4006 486 4059 καθ’
520 4006 606 4059 ὅτι
630 4003 853 4057 ἐπὶτῶν
899 4002 999 4066 τὰς
1047 3999 1270 4071 Γραφάς
1321 3997 1536 4051 εἰδότων
1575 3997 1749 4050 εἰπεῖν

191 4096 281 4150 οὑκ
303 4098 627 4171 ἐτόλμησας.
674 4097 785 4150 Καὶ
824 4096 919 4151 νῦν
962 4095 1019 4148 δὲ
1049 4095 1103 4148 τί
1132 4092 1412 4164 περιμένω
1458 4108 1518 4144 σε
1549 4090 1745 4158 λέγειν,

196 4186 433 4255 μέγιστον
480 4188 623 4259 έχων
666 4187 916 4258 μάρτυρα
936 4186 1036 4255 τῆς
1091 4180 1433 4251 ὑποσχέσεώς
1487 4196 1601 4246 σου,
1657 4177 1752 4231 τὸν

193 4276 404 4348 γέροντα
428 4277 637 4331 τουτονί
664 4293 678 4341 ;
705 4275 888 4329 Ταῦτα
936 4273 1126 4336 εἰπὼν,
1164 4272 1260 4326 καὶ
1287 4270 1366 4340 τῷ
1391 4271 1558 4341 πατρί
1593 4285 1755 4339 προσ-

196 4365 399 4436 ϐλέψας,
425 4369 625 4440 φησιν’
664 4367 803 4420 Εἰπέ
848 4382 936 4436 μοι
981 4362 1193 4434 ἀνδρῶν
1242 4362 1496 4416 ἁπάντων
1524 4361 1551 4412 ό
1601 4374 1752 4427 τιμι-

1839 3280 2030 3342 utpote
2062 3276 2325 3340 praesente
2355 3282 2446 3322 me
2472 3305 2489 3330 ,
2542 3272 2775 3333 tuosque
2808 3260 2980 3315 falsos
3009 3270 3292 3313 sermones
3320 3268 3408 3307 re-

1842 3364 2158 3432 darguente.
2196 3357 2406 3413 Etenim
2440 3356 2578 3410 forte
2613 3371 2699 3408 me
2731 3354 2953 3407 absente
2979 3349 3237 3415 deceptus
3270 3343 3407 3397 fuis-

1844 3462 1945 3521 set,
1973 3468 2095 3509 cum
2131 3449 2415 3521 imperitus
2466 3448 2539 3503 sit
2564 3447 2829 3501 librorum
2866 3441 2960 3513 qui
2992 3439 3195 3494 Judazis
3220 3435 3400 3506 palam

1844 3555 1971 3602 sunt
2013 3542 2220 3599 traditi.
2270 3537 2428 3594 Nunc
2480 3546 2663 3593 autem
2697 3534 2866 3589 multa
2899 3530 3063 3586 verba
3095 3525 3404 3598 praeteribo,

1845 3648 1907 3694 ut
1928 3637 2087 3693 citius
2110 3632 2528 3703 promissionem
2562 3637 2711 3683 tuam
2747 3625 3018 3680 infirmam
3048 3634 3167 3675 esse
3181 3616 3413 3674 convin-

1845 3745 1986 3787 cam.
2013 3727 2108 3781 Dic
2126 3726 2289 3794 igitur
2312 3721 2459 3794 quod
2482 3719 2754 3791 pollicitus
2783 3731 2868 3771 es.
2897 3714 2991 3769 Sin
3010 3719 3189 3767 autem
3223 3722 3411 3777 repre-

1846 3823 2171 3880 hensionem
2196 3818 2431 3882 veritus,
2480 3826 2666 3869 coram
2703 3808 2863 3864 nobis
2888 3806 3024 3861 velis
3074 3802 3408 3874 promissum

1847 3916 2136 3979 omittere;
2173 3910 2336 3966 etiam
2398 3906 2479 3962 sic
2512 3902 2784 3959 sufﬁciens
2817 3899 2920 3955 erit
2947 3896 3220 3967 probatio,
3261 3893 3400 3947 falsa

1846 4022 1970 4063 esse
2020 4019 2141 4075 quae
2188 3996 2510 4071 promisisti,
2545 3991 2985 4065 quandoquidem
3013 4002 3195 4042 coram
3225 3984 3404 4039 homi-

1849 4100 2012 4153 nibus
2039 4095 2346 4164 Scripturas
2378 4086 2700 4144 callentibus
2728 4099 2835 4137 non
2883 4095 3050 4135 ausus
3082 4077 3158 4132 sis
3205 4075 3407 4131 dicere.

1850 4189 1918 4244 Lt
1964 4202 2091 4242 vero
2124 4186 2236 4256 jam
2305 4196 2405 4235 cur
2463 4184 2717 4247 exspecto
2762 4182 2823 4229 ut
2871 4172 3064 4233 dicas,
3110 4167 3204 4239 qui
3243 4164 3418 4221 maxi-

1852 4297 1999 4339 mum
2021 4280 2193 4333 habeo
2209 4272 2616 4346 pollicitationis
2639 4282 2745 4323 tua:
2777 4274 2990 4330 testem,
3023 4263 3168 4316 hunc
3202 4257 3414 4328 senegn?

1854 4377 1985 4431 Post
2017 4374 2131 4427 hazc
2161 4369 2343 4429 verba,
2379 4379 2503 4421 cum
2537 4371 2747 4433 patrem
2791 4356 3112 4427 aspexisset.
3173 4351 3284 4405 ait:
3324 4347 3419 4405 Dic

197 4454 409 4522 ώτατος,
439 4439 563 4529 οὑχὶ
610 4452 762 4519 οὗτος
824 4454 1095 4524 ὑπέσχετὸ
1147 4469 1229 4506 σοι
1275 4451 1445 4517 δεῖξαι
1495 4454 1740 4519 σήμερον

1858 4465 2017 4527 mihi,
2066 4462 2307 4515 virorum
2372 4450 2874 4526 praestantissime,
2931 4459 3111 4499 nonne
3160 4444 3263 4496 iste
3321 4439 3415 4495 tibi

198 4547 374 4614 61tng
417 4552 532 4604 ἐστὶ
583 4548 733 4611 Θεὸς,
764 4546 860 4600 καὶ
903 4546 964 4598 οὑ
1011 4546 1117 4616 χρὴ
1168 4543 1355 4614 ἐτερόν
1394 4557 1518 4594 τινα
1576 4539 1754 4608 λέγειν

199 4636 231 4707 ἢ
279 4640 506 4710 νομίζειν
530 4640 684 4703 Θεὸν,
715 4639 744 4690 ό
787 4638 844 4690 δὲ
895 4636 1047 4707 παρὰ
1083 4635 1254 4689 ταῦτα
1291 4633 1458 4687 ποιῶν
1487 4632 1751 4687 ἀθάνατον

201 4729 645 4802 εἰσπραχθήσεται
671 4728 938 4800 τιμωρίαν

268 4921 495 4978 CXXXI.
525 4924 635 4977 Kal.
661 4924 690 4975 ὁ
714 4922 894 4993 πατὴρ
923 4921 1053 4993 ἔφη’
1096 4920 1290 4985 Καλῶς
1312 4921 1378 4976 ἂν
1413 4924 1511 4995 τὴν
1543 4943 1754 4998 μαρτυ-

215 5012 322 5079 ρίαν
335 5016 459 5085 παρ’
476 5014 610 5085 ἐμοῦ
626 5015 871 5084 ἀπῄτεις,
896 5007 940 5066 ὧ
965 5014 1166 5083 Σίμων,
1193 5014 1241 5067 εἰ
1259 5014 1521 5087 πρότερον
1546 5019 1760 5089 ἠρνεῖτο

217 5101 434 5175 Πέτρος·
464 5105 561 5159 νῦν
597 5104 654 5157 δὲ
698 5107 798 5158 οὐκ
835 5104 1222 5175 αἰδεσθήσομαι
1251 5105 1448 5174 λέγειν,
1486 5106 1523 5162 ἃ
1563 5108 1643 5161 δεῖ
1675 5109 1762 5162 λέ-

211 5208 344 5259 γειν’
368 5191 517 5267 οἶμαί
562 5212 620 5248 σε
658 5195 824 5267 ὀργῆς
854 5195 1230 5265 πεπλησμένον
1269 5196 1608 5268 διαλεχθῆναι
1640 5199 1762 5269 βού-

212 5279 404 5340 λεσθαι.
428 5286 599 5339 Τοῦτο
628 5285 687 5339 δέ
717 5284 839 5337 οὒτε
863 5301 945 5338 σοι
972 5288 1237 5357 προσήκει
1268 5289 1458 5351 ποιεῖν,
1488 5286 1601 5342 οὗθ’
1632 5291 1765 5360 ἡμῖν

215 5371 371 5439 οὕτως
396 5376 583 5446 ἔχοντα
609 5374 922 5439 ὑπακούειν,
950 5376 1030 5428 ὃτι
1065 5377 1242 5447 μάχην
1280 5377 1424 5431 ἔστιν
1455 5379 1759 5450 ἱστορῆσαι,

1859 4554 2135 4627 pollicitus
2186 4558 2269 4603 est
2312 4556 2663 4601 ostensurum
2716 4556 2774 4595 se
2828 4537 3010 4611 hodie,
3045 4549 3213 4589 unum
3250 4531 3417 4585 Deum

1854 4661 1997 4709 esse,
2052 4656 2151 4696 nec
2182 4639 2349 4694 alium
2396 4632 2683 4688 dicendum
2732 4638 2826 4683 aut
2859 4624 3170 4681 habendum
3207 4622 3419 4687 Deum;

1863 4739 1933 4793 ab
1967 4752 2033 4791 eo
2059 4740 2239 4788 autem
2283 4726 2377 4797 qui
2410 4726 2565 4779 aliter
2614 4719 2824 4786 fecerit,
2859 4713 3167 4771 immortale
3218 4713 3426 4784 suppli-

1866 4830 2011 4885 cium
2052 4832 2305 4878 exactum
2337 4818 2403 4872 iri
2425 4817 2448 4870 ἲ

1929 4913 2167 4974 CXXXI.
2206 4908 2505 4979 Respondit
2548 4914 2697 4974 pater
2733 4920 2746 4957 :
2782 4901 2949 4956 Recte
2998 4914 3028 4957 a
3059 4912 3147 4953 me
3176 4897 3427 4954 testimo~

1866 5011 2016 5066 nium
2045 5004 2373 5076 postulares,
2402 5015 2435 5053 o
2464 4997 2675 5061 Simon,
2699 4994 2745 5048 si
2774 5002 2932 5047 antea
2962 4990 3155 5051 Petrus
3181 4989 3431 5058 negavis-

1867 5108 1987 5165 set;
2036 5110 2182 5150 nunc
2211 5101 2392 5147 autem
2433 5103 2543 5147 non
2574 5086 2798 5140 verebor
2825 5083 3006 5138 dicere
3043 5095 3165 5159 quae
3200 5079 3429 5143 dicenda

1865 5156 2030 5246 sunt:
2059 5184 2296 5239 arbitror
2322 5189 2393 5245 te
2415 5178 2494 5233 ira
2529 5176 2796 5245 repletum
2839 5172 2974 5226 velle
3003 5156 3427 5239 diSputationem

1865 5279 2162 5347 suscipere.
2195 5272 2309 5327 Hoc
2334 5283 2497 5340 porro
2530 5281 2705 5335 neque
2750 5274 2800 5318 te
2829 5262 3007 5317 facere
3039 5260 3228 5318 decet.
3256 5270 3435 5325 neque

1866 5345 2079 5439 oportet
2107 5373 2166 5421 ω
2192 5377 2297 5424 nos
2331 5360 2410 5421 sic
2437 5357 2688 5419 affectum
2732 5354 3056 5419 audiamus;
3088 5350 3349 5421 quoniam
3379 5345 3432 5401 id

1455 5511 1695 5567 VARUS
1719 5502 2121 5566 LECTIONES.

280 5609 322 5642 ³¹
367 5611 436 5665 al.
470 5612 564 5666 καὶ
594 5609 907 5681 εὐξάμενος,
942 5606 1035 5660 καὶ
1060 5606 1379 5681 ἰασάμενος,
1411 5603 1644 5681 ἀπέλυσε
1668 5602 1793 5664 τοὺς
1815 5600 2003 5669 ὄχλους
2033 5596 2128 5656 κστ)-
2161 5586 2277 5681 εἷεξιή
2295 5588 2467 5681 οξότως
2497 5585 2680 5639 εἰσιὼν
2707 5624 2753 5681 an
2774 5582 2916 5681 1?va
2931 5577 3193 5681 σξνήθωῖί
3235 5573 3281 5606 ⁸³
3311 5570 3432 5626 Cl“
3468 5596 3474 5605 ’

1598 5673 1639 5681 --
1710 5673 1720 5681 .
1859 5671 1869 5681 .
1910 5670 1920 5681 .
2080 5664 2097 5681 ι
2314 5680 2317 5681 ,
2348 5666 2453 5681 ,Ληι
2488 5658 2540 5681 :..
2562 5665 2607 5681 ..ι
2777 5670 2801 5681 ,ι
2919 5670 2950 5681 υ
2984 5666 3041 5681 ιιι.
3090 5663 3160 5681 nrt.
3194 5645 3256 5681 im
3283 5658 3432 5681 nunc-

232 5691 404 5742 mem.,
439 5683 585 5736 hom.
619 5664 810 5743 ιῦιξο.
845 5664 904 5739 ιζ’
925 5684 1009 5731 etc
1108 5676 1154 5706 ⁸⁸
1191 5664 1343 5727 deest
1369 5675 1420 5725 in
1446 5673 1515 5726 al.
1596 5673 1640 5703 "
1673 5673 1743 5725 al.
1780 5664 1881 5743 ⁸κσίῖ
1907 5664 2153 5743 ἐπιστάς.

220 5723 519 5809 σῖωταέἷδε
548 5752 640 5809 καὶ
672 5723 805 5823 ἅμα.
877 5723 925 5780 ἱθ
942 5746 1011 5803 al.
1053 5723 1284 5817 δημοσίᾷ
1311 5723 1569 5797 τὲάἇιζ“⁷εο
1605 5723 1841 5811 οιίὺπέρ
1869 5723 2164 5809 μοναρχίας
2178 5728 2489 5801 λεγομένοις
2518 5725 2713 5793 λόγοις·
2759 5723 2945 5776 ταῦτα.

2231 5661 2277 5692 ⁸⁸
2309 5645 2463 5719 deest
2488 5658 2541 5709 in
2561 5665 2630 5708 at.
2711 5656 2753 5685 ⁸⁷
2775 5655 2854 5716 al.
2888 5645 3061 5720 ὄχλονί
3090 5645 3264 5720 πολὺνῇ
3283 5658 3432 5704 συνε-

3024 5719 3071 5749 υθ
3090 5717 3159 5777 al.
3188 5714 3361 5775 ᾅλλον,
