3834 6220
170 306 271 363 569

966 303 1517 361 CLEMENTINA.—
1553 302 1852 359 EPITOME
1888 302 1977 359 DE
2014 301 2258 360 CESTIS
2293 304 2353 360 S.
2392 301 2617 359 PETRI.

3320 302 3427 359 570

170 417 613 493 προσαγορεύσας
642 418 862 485 αὐτοὺς,
898 419 1188 492 ἐκαθέσθη.
1207 419 1266 472 '0
1298 418 1354 473 δὲ
1384 417 1564 489 Σίμων
1590 417 1734 471 ἀκού·

1854 432 1919 471 ac
1947 416 2219 482 salutatis,
2246 417 2511 473 consedit.
2532 414 2724 472 Simon
2750 433 2881 475 vero
2900 415 3130 475 audiens
3158 420 3430 484 quosdam

170 532 266 578 σας
286 513 645 586 ἐπιδημήσειν
669 512 822 576 τινὰς
851 515 915 566 ἐκ
945 512 1264 585 προσταγῆς
1308 509 1590 582 βασιλικῆς
1629 512 1751 565 ἐπι-

169 604 459 677 ζητοῦντας
504 604 701 669 αὒτδν,
745 605 841 659 καὶ
884 606 1191 676 φάσκοντας
1231 603 1353 657 καθ’
1399 603 1482 655 ὅτι
1536 604 1753 673 Καῖσαρ

166 696 390 760 πολλοὺς
426 696 638 767 μάγους
679 696 903 761 ἀνελὼν,
953 692 1073 749 εἶτα
1113 696 1208 749 καὶ
1249 694 1319 748 τὰ
1365 693 1507 748 κατὰ
1533 693 1752 765 Σίμωνα

168 788 464 860 πυθόμενος
490 790 560 853 τ’,
590 791 672 853 είς
703 788 1026 861 ἐπιζήτησιν
1067 784 1235 841 αὐτοῦ
1274 785 1563 857 πέμψειεν,
1601 786 1751 847 ὅπως

166 882 255 933 καὶ
293 881 456 934 αὑτὸν
477 881 527 913 ’ί
555 881 759 952 ὁμοίως
795 880 1022 953 κολάσῃ,
1070 878 1209 950 πρὸς
1260 876 1617 933 Ἀννουδίωνα
1653 875 1750 929 καὶ

179 968 451 1021 ’Δππίωνα
496 968 630 1041 ἔφη’
657 968 901 1022 Φαῦστον
931 953 1069 1040 ﬁt):
1120 968 1269 1038 ἡμᾶς
1310 966 1551 1026 ἐλθόντα.
1585 983 1752 1038 μετα-

166 1063 307 1130 σχεῖν
336 1059 481 1113 ἀλῶν
512 1063 779 1134 ποιήσατε
810 1063 907 1116 σὺν
932 1063 1067 1134 ἡμῖν
1086 1079 1100 1094 ⁸
1139 1061 1250 1132 ἐγὼ
1272 1061 1329 1115 δέ
1363 1060 1535 1131 μύρον
1571 1076 1626 1111 τι
1650 1077 1749 1114 κα-

160 1154 478 1208 τασκευάσω
500 1156 568 1219 ⁷⁸,
603 1156 689 1213 ίνα
724 1157 1019 1227 δειπνήσας
1041 1157 1141 1211 καὶ
1164 1156 1210 1189 ⁷³
1238 1153 1619 1225 ἀλειψάμενος,
1647 1153 1747 1225 τὴν

164 1245 295 1316 ἐμὴν
318 1246 452 1298 πᾶσι
472 1244 603 1320 δόξῃ
630 1245 775 1317 ἔχειν
800 1246 1038 1317 μορφήν.

226 1421 485 1479 CXXXV.
531 1424 645 1477 Kal
672 1422 768 1477 τοῦ
813 1423 1059 1496 Σίμωνος
1104 1422 1279 1479 ταῦτα
1312 1424 1574 1489 εἰπόντος,
1617 1423 1746 1476 Ἀπ-

163 1513 292 1567 πίων
320 1516 415 1569 καὶ
456 1515 780 1570 ’Δννουὸίων
822 1516 955 1586 φασὶ
991 1516 1129 1589 πρὸς
1168 1516 1364 1571 αὐτόν·
1394 1516 1505 1571 Kal
1545 1516 1598 1570 τί
1636 1516 1745 1588 ἄρα

164 1624 239 1660 σοι
265 1608 452 1679 κέρδος
475 1607 587 1662 ἀπὸ
604 1608 705 1680 τῆς
739 1608 986 1679 μηχανῆς
1023 1608 1176 1662 ἔσται
1199 1608 1435 1680 ταύτης
1466 1610 1575 1662 Kal
1601 1611 1629 1663 6
1652 1609 1743 1662 Σί-

164 1716 270 1767 μων
297 1699 401 1771 ἐφη
420 1717 434 1731 ο
467 1700 697 1771 Πρῶτον
728 1700 825 1771 μὲν
851 1700 1206 1764 συλλαϐόντες
1238 1701 1401 1755 αὐτὸν
1429 1702 1477 1754 oi
1510 1701 1611 1772 ἐμὲ
1647 1699 1743 1771 ζη-

1845 506 2004 577 jussu
2061 509 2210 579 regio
2255 509 2668 575 adventaturos,
2719 509 2814 581 qui
2872 509 3053 580 ipsum
3099 518 3429 580 quaererent,

1850 601 2054 671 quique
2108 601 2370 666 dicerent,
2428 598 2699 656 Caesarem
2746 601 2934 656 multis
2983 602 3158 671 magis
3204 600 3427 656 iuterl‘e-

1851 693 1973 757 ctis,
2007 693 2199 747 deinde
2231 702 2283 747 et
2314 693 2380 747 de
2419 690 2642 747 Simone
2672 695 2960 748 certiorem
2997 693 3224 759 factum,
3251 695 3316 747 ad
3347 694 3431 748 in-

1848 785 2265 855 vestigationem
2301 784 2448 840 illius
2481 785 2720 849 misisse,
2743 781 2873 835 utin
2903 782 3055 837 illum
3084 785 3245 837 etiam
3260 784 3431 837 anitu-

1852 873 2151 943 advertat;
2244 877 2312 931 ad
2374 876 2756 933 Annubionem
2811 886 2866 933 et
2918 878 3216 947 Appionem
3269 876 3425 930 iniit':

1848 966 2135 1032 Faustum,
2160 968 2253 1037 qui
2284 967 2350 1023 ad
2382 983 2483 1023 nos
2516 971 2681 1034 venit,
2734 969 2897 1025 tacite
2930 970 3111 1025 cibum
3139 969 3426 1024 nobiscum

1848 1074 2099 1129 sumere;
2143 1076 2246 1131 ego
2310 1071 2494 1118 autem
2550 1073 2884 1131 unguentum
2932 1063 3206 1133 quoddam
3259 1061 3431 1117 conﬁ-

1846 1153 2013 1217 ciam,
2041 1162 2099 1208 ut
2132 1164 2381 1210 coartatus
2412 1164 2467 1209 et
2500 1169 2810 1226 perungeus
2852 1171 2935 1223 se,
2984 1156 3199 1212 cunctis
3227 1156 3428 1211 habere

1848 1243 2078 1300 formam
2123 1260 2301 1301 meam
2350 1247 2615 1302 videatur.

1914 1421 2176 1478 CXXXV.
2208 1424 2461 1497 Cumque
2510 1427 2628 1483 haec
2682 1429 2873 1484 Simon
2926 1430 3175 1496 dixisset,
3209 1429 3423 1501 Appion

1844 1526 1900 1573 et
1931 1517 2224 1573 Annubion
2258 1519 2413 1573 aiunt
2445 1520 2511 1575 ad
2541 1520 2692 1576 illum
2737 1539 2752 1576 :
2784 1520 2849 1576 Et
2884 1522 3156 1592 quodnam
3220 1523 3315 1578 tibi
3341 1523 3426 1577 lu-

1843 1624 1997 1665 crum
2029 1624 2096 1665 ex
2124 1611 2226 1666 bac
2255 1612 2658 1667 machinatione
2700 1613 3011 1667 adveniet’?
3031 1612 3428 1683 ResponditSi-

1842 1716 2017 1756 mon:
2064 1700 2250 1757 Primo
2283 1704 2525 1774 quidem,
2582 1705 2983 1774 comprehenso
3040 1705 3155 1769 illo,
3198 1704 3294 1775 qui
3339 1721 3428 1761 me

106 1826 107 1829 η
158 1792 385 1857 τηῦντες,
428 1792 734 1847 παύσονται
782 1793 882 1863 τῆς
931 1793 1050 1846 κατ’
1099 1792 1232 1864 ἐμοῦ
1262 1792 1561 1864 ζητήσεως.
1595 1795 1657 1847 Εἰ
1686 1793 1734 1847 δὲ

1844 1802 2099 1863 (ιυαξτυηι
2142 1795 2406 1850 desistent
2462 1797 2531 1851 ab
2566 1796 2912 1867 indagatione
2957 1806 3144 1853 contra
3175 1812 3262 1852 me
3294 1813 3425 1853 suso-

158 1886 247 1939 xal
271 1886 373 1939 ὑπὸ
402 1885 693 1957 βασιλικῆς
719 1886 905 1958 χειρὸς
934 1885 1267 1957 ἀναιρεθείη,
1314 1885 1567 1957 μέγιστον
1610 1886 1738 1939 πέν-

160 1976 242 2043 θος
264 1977 471 2044 ἕξουσιν
499 1980 551 2032 οἱ
575 1979 767 2032 τούτου
793 1979 1001 2043 παῖδες,
1030 1978 1245 2041 οἵτινες
1282 1978 1382 2049 ἐμὲ
1409 1977 1736 2031 καταλιπόν-

157 2088 259 2136 τες,
310 2072 507 2144 Πέτρῳ
552 2072 1093 2145 προσπεφοιτήκασιν
1137 2070 1204 2127 ⁷⁸.
1244 2070 1485 2127 Ἀππίων
1545 2070 1601 2124 δὲ
1643 2071 1737 2125 καὶ

167 2163 478 2219 ’Ᾱννουϐίων
509 2165 634 2219 κατ’
666 2164 802 2239 ίδίαν
833 2164 1011 2219 πάντα
1031 2163 1113 2233 τῷ
1139 2162 1367 2233 Φαύστῳ
1392 2161 1734 2232 διασαφοῦσι,

156 2258 243 2310 καὶ
262 2257 358 2326 τὴν
382 2257 681 2329 mea.th
710 2255 998 2329 φράζουσι.
1034 2256 1144 2310 Καὶ
1170 2258 1198 2308 6
1219 2255 1460 2319 Φαῦστος
1484 2256 1585 2309 οὐκ
1609 2254 1739 2326 ἀλη-

157 2346 260 2411 θεῖς
300 2344 435 2402 εἶναι
480 2350 610 2413 τοὺς
634 2348 826 2418 λόγους
848 2350 1097 2422 νομίσας,
1126 2349 1514 2420 συνδειπνήσας
1541 2348 1618 2419 τῷ
1648 2346 1739 2401 Σί-

163 2456 303 2507 μωνι-
312 2440 451 2509 μετά
472 2457 538 2509 γε
555 2440 667 2494 τῶν
692 2440 925 2513 ἑταίρων
989 2440 1294 2504 ’Δππίωνός
1322 2457 1381 2493 τε
1407 2441 1502 2494 καὶ
1527 2440 1739 2493 Ἀννου-

155 2526 355 2592 δίωνος,
388 2531 455 2582 ἐκ
499 2529 684 2601 χειρὸς
718 2528 815 2582 τοῦ
850 2530 1095 2602 Σίμωνος
1128 2530 1394 2601 λαμϐάνει
1432 2530 1495 2583 τὸ
1541 2528 1733 2602 μύρον,

154 2620 244 2673 καὶ
268 2621 333 2673 τὸ
354 2620 487 2675 ἴδιον
528 2621 894 2693 ἀλειψάμενος
931 2623 1242 2694 πρόσωπον,
1286 2623 1385 2693 τὴν
1418 2621 1511 2675 τοῦ
1556 2623 1739 2695 Σίμωο

158 2728 239 2775 νος
255 2713 300 2743 ’⁸
329 2712 492 2776 εὐθὺς
516 2713 687 2766 ὑπέδυ
712 2716 948 2786 μορφήν.
1150 2714 1210 2765 ἐν
1242 2713 1381 2787 μέσῃ
1400 2732 1463 2783 γε
1481 2717 1547 2785 τῇ
1578 2716 1738 2769 νυκτὶ

157 2802 432 2868 διαναστὰς
481 2808 512 2859 6
563 2784 920 2876 ,εἶμι-τὴν
968 2784 1208 2874 ἐπῖιήτῆς
1244 2784 1529 2869 Ἰουδαίας
1557 2806 1738 2878 φυγὴν

159 2895 397 2950 ἐποιεῖτο.

220 2986 498 3041 CXXXV'.
540 2989 733 3059 Ἡμεῖς
764 2987 821 3041 δέ
850 3005 911 3057 γε
940 2989 992 3041 οἱ
1030 2988 1109 3058 τῷ
1133 2988 1325 3059 Πέτρῳ
1365 2988 1637 3053 συνόντες,
1667 2976 1739 3044 δι’

160 3076 273 3149 ὅλης
298 3078 489 3143 νυκτὸς
536 3078 787 3150 ἀλληλοις
809 3080 856 3111 ⁷⁸
881 3077 1268 3151 διομιλοῦντες,
1299 3080 1404 3133 ὑπό
1438 3098 1499 3133 τε
1544 3081 1738 3154 ἡδονῆς

158 3167 243 3219 καὶ
278 3169 451 3239 χαρᾶς
476 3168 589 3221 τῶν
622 3167 952 3238 λεγομένων,
994 3168 1255 3239 νήφοντες
1292 3168 1734 3241 διενυκτερεύσα-
1762 3154 1803 3213 C

162 3273 266 3325 μεν.
298 3256 433 3329 Ἤδη
460 3258 520 3311 δέ
562 3274 681 3320 πως
697 3258 799 3328 τῆς
824 3256 1019 3321 νυκτὸς
1051 3258 1527 3331 ὐπαυγαζομένης,
1554 3261 1599 3315 όί
1623 3261 1730 3315 Πέ-

157 3364 271 3418 τρος
291 3348 569 3420 ἐμῦλέψας
596 3348 720 3420 ἐμοὶ
752 3349 850 3402 καὶ
874 3352 992 3412 τοῖς
1008 3349 1283 3421 ἀδελφοῖς,
1308 3351 1413 3423 ἐφη
1434 3369 1450 3383 ·
1476 3353 1731 3425 Διαπορῶ

157 3440 205 3490 τί
225 3440 326 3511 ἀρα
350 3458 413 3509 γε
437 3436 518 3511 τῷ
543 3439 795 3512 ὑμετέρῳ
822 3441 990 3513 πατρὶ
1029 3441 1221 3511 γέγονε
1246 3441 1312 3496 ⁷⁷.
1340 3444 1449 3497 Kal
1481 3443 1732 3512 λέγοντος

158 3529 333 3597 ταῦτα,
366 3533 478 3588 ίδοὺ
525 3534 623 3587 καὶ
664 3533 694 3586 6
720 3533 907 3605 πατὴρ
928 3528 1052 3607 ἦκε,
1079 3533 1174 3588 τὸν
1212 3534 1417 3607 Πέτρον
1442 3536 1573 3607 ⁴ἡμῖν
1600 3536 1730 3607 περὶ

161 3622 311 3676 αὐτοῦ
350 3625 733 3696 διαλεγόμενον
778 3625 883 3696 ήδη
931 3623 1288 3680 καταλαϐών·
1312 3626 1630 3698 ἀθυμοῦντά
1666 3645 1729 3681 τε

160 3714 291 3779 ίδὼν,
322 3718 415 3771 καὶ
439 3716 906 3791 προσαγορεύσας,
938 3717 1318 3788 ἀπελογήσατο
1342 3719 1409 3772 δι’
1451 3720 1533 3793 ἢν
1546 3720 1728 3773 αἰτίαν

160 3803 253 3868 ἔξω
278 3807 619 3878 κεκοίμηται.
649 3807 841 3877 Ἡμεῖς
867 3806 926 3860 δὲ
952 3805 1318 3876 ἐμϐλέποντες
1340 3807 1490 3877 αὐτῷ
1517 3807 1729 3880 seem,-

158 3912 349 3968 κειμεν,
372 3899 434 3951 τὸ
455 3895 598 3962 εἶδος
624 3898 869 3968 Σίμωνος
898 3896 1152 3968 ὁρῶντες,
1194 3898 1378 3968 φωνῆς
1416 3897 1473 3951 δὲ
1500 3897 1593 3950 τοῦ
1619 3915 1728 3951 πα-

159 3988 271 4059 τρὸς
305 3990 456 4061 ἡμῶν
497 3990 792 4052 ἀκούοντες
837 3988 1101 4042 Φαύστου.
1147 3988 1261 4043 Kal
1302 3988 1366 4060 δὴ
1414 3988 1725 4058 φευγόντων

158 4081 297 4150 ἡμῶν
320 4083 500 4149 αὑτὸν,
528 4084 559 4136 6
596 4082 779 4154 πατὴρ
801 4080 1177 4153 ἐξεπέπληκτο
1214 4080 1283 4135 ⁷⁸.
1312 4080 1490 4143 Μόνος
1520 4080 1579 4133 δὲ
1618 4080 1725 4134 Πέ-

158 4187 270 4243 τρος
307 4176 401 4247 την
449 4175 598 4230 κατὰ
648 4174 810 4245 φύσιν
854 4172 1022 4227 αὐτοῦ
1080 4172 1294 4245 μορφὴν
1329 4171 1551 4242 ἐνορῶν,
1586 4172 1726 4244 πρὸς

159 4265 290 4333 ἡμᾶς
315 4267 414 4339 ἔφη
435 4286 449 4299 ·
483 4267 644 4328 Τίνος
663 4268 850 4345 ῑχξκεν
877 4266 968 4320 τὸν
997 4266 1261 4337 ὑμέτερον
1284 4263 1595 4318 ἀπωθεῖσθε
1618 4282 1725 4318 πα-

158 4356 279 4427 τέρα
319 4361 413 4413 καὶ
448 4358 897 4431 ἀποστρέφεσθε;
943 4358 1133 4429 Ἡμεῖς
1170 4357 1227 4411 δέ
1263 4357 1401 4428 πρὸς
1431 4354 1594 4409 αὑτὸν
1629 4356 1723 4409 καὶ

159 4447 416 4520 ἠμὴτηρο
454 4451 578 4502 ’Ότι
622 4448 805 4519 Σίμων
847 4448 980 4518 ἡμῖν
1023 4441 1180 4510 οὗτος
1221 4446 1490 4515 φαίνεται,
1538 4444 1722 4515 φωνὴν

162 4536 283 4605 ἔχων
303 4539 393 4592 ¹ι-οῦ
421 4538 691 4611 ἡμετέρου
715 4539 936 4611 πατρός.
961 4538 1069 4592 Kal
1085 4540 1114 4591 6
1142 4538 1365 4609 Πέτροςο
1395 4535 1493 4600 οὔ,
1518 4535 1683 4608 φησίν
1700 4550 1719 4566 ⁶

162 4627 273 4697 ὑμῖν
321 4632 416 4701 μὲν
457 4634 491 4702 ἡ
520 4630 830 4702 ἀμάγευτος
878 4628 1044 4683 αὐτοῦ
1089 4629 1240 4700 φωνὴ
1279 4627 1555 4711 γνώριμός
1606 4630 1722 4681 ἐστι

164 4718 314 4790 μόνη·
361 4723 493 4793 ἐμοῦ
532 4723 591 4776 δέ
622 4726 735 4786 τοῖς
786 4720 1117 4792 ἀμαγεύτοις
1157 4719 1476 4793 ὀφθαλμοῖς,
1522 4723 1617 4775 καὶ
1657 4723 1722 4776 τὸ

162 4803 283 4873 εἶδος
311 4813 487 4867 ὁποῖόν
528 4814 644 4865 ἐστι
680 4812 1012 4883 καθορᾶταισ
1061 4810 1185 4863 ἐπεὶ
1229 4810 1303 4883 μὴ
1349 4810 1533 4881 Σίμων
1572 4812 1720 4865 ἐστἰν

162 4893 312 4963 οὗτος,
340 4901 473 4955 ἀλλά
494 4900 737 4964 ⁸ιιαῦσσιτος
780 4902 811 4952 6
849 4899 1115 4971 ὑμέτερος
1155 4896 1325 4960 ὅντως
1364 4898 1563 4968 πατήρ.
1588 4898 1722 4951 Τότε

163 4984 217 5046 δὴ
244 4991 648 5063 προσεμϐλέψας
686 4990 785 5043 καὶ
834 4987 914 5058 τῷ
959 4987 1130 5058 πατρὶ
1169 4986 1347 5055 λέγει’
1389 4985 1462 5038 Τὸ
1500 4988 1722 5058 γνήσιόν

168 5094 247 5133 σου
273 5078 400 5147 εἶδος
424 5085 606 5147 αὐτοῖς
628 5083 691 5136 οὐ
720 5082 986 5151 φαίνεται,
1010 5078 1147 5133 ἀλλά
1179 5078 1423 5150 Σίμωνος
1453 5078 1551 5133 τοῦ
1588 5080 1721 5134 ἀσε-

166 5167 399 5226 Εεστάτου
438 5176 531 5228 καὶ
553 5176 684 5246 ἡμῖν
706 5172 974 5244 ἐχθίστου.

228 5318 514 5381 CXXXVII.
529 5323 711 5379 Ταῦτα
726 5324 819 5378 τοῦ
834 5324 1039 5398 Πέτρου
1065 5320 1719 5398 διαλεγομένου,ἐπεισῄει

1836 1897 2011 1955 cepta.
2058 1887 2213 1954 Quod
2253 1890 2299 1944 si
2351 1890 2516 1945 etiam
2548 1906 2579 1945 a
2617 1908 2781 1947 manu
2816 1893 2961 1960 regia
2988 1892 3204 1948 occisus
3238 1890 3421 1955 fuerit,

1837 1977 2138 2033 maximum
2182 1979 2390 2033 luctum
2427 1980 2704 2035 habebunt
2732 1981 2856 2050 ejus
2880 1982 3056 2047 liberi,
3087 1982 3181 2051 qui
3207 1996 3294 2036 me
3325 1982 3423 2035 de-

1836 2067 2025 2123 relicto
2065 2067 2133 2123 ad
2180 2067 2401 2123 Petrum
2436 2086 2495 2126 se
2520 2071 2888 2126 contulerunt.
2933 2072 3145 2142 Appion
3206 2086 3334 2125 vero
3365 2079 3423 2126 et

1835 2156 2129 2214 Anunbion
2160 2161 2412 2231 privatim
2436 2164 2619 2218 omnia
2643 2163 2845 2217 Fausto
2871 2165 3143 2233 aperiunt,
3161 2165 3421 2221 insidias-

1837 2266 1944 2320 que
1996 2264 2451 2310 commemorant.
2496 2254 2563 2310 Et
2599 2255 2835 2311 Faustus
2880 2272 3008 2311 vera
3060 2271 3167 2311 non
3200 2271 3322 2311 esse
3352 2271 3419 2312 ea

1839 2344 2003 2398 verba
2036 2345 2356 2412 arbitratus,
2387 2357 2636 2402 uenatus
2663 2363 2786 2401 cum
2824 2346 3048 2405 Simone
3084 2356 3287 2402 etcum
3322 2363 3415 2403 so-

1839 2435 2053 2491 dalibus
2101 2436 2349 2507 Appione
2393 2447 2450 2493 et
2492 2438 2837 2505 Aunubione,
2879 2448 3215 2509 unguentum
3249 2439 3421 2493 sumit

1838 2539 1902 2580 ex
1943 2523 2184 2581 Simonis
2211 2544 2410 2595 manu;
2446 2544 2511 2583 ac
2546 2545 2795 2600 unguens
2822 2530 3015 2584 faciem
3043 2544 3221 2594 suam,
3272 2529 3421 2584 illico

1839 2615 2018 2671 induit
2041 2616 2274 2673 formam
2313 2618 2574 2677 Simonis.
2610 2621 2680 2675 At
2713 2622 2891 2676 media
2925 2631 3083 2678 nocte
3116 2637 3419 2694 exsurgens

1841 2704 2053 2774 Simon,
2081 2711 2134 2766 in
2156 2710 2401 2769 Iudaeam
2434 2714 2561 2786 fuga
2589 2732 2648 2773 se
2672 2716 2933 2787 abripuit.

1910 3020 2197 3077 CXXXVI.
2246 3023 2419 3081 Porro
2472 3043 2605 3095 nos,
2650 3029 2743 3099 qui
2792 3045 2916 3085 cum
2965 3028 3124 3087 Petro
3174 3046 3416 3099 eramus,

1840 3128 1938 3184 per
1970 3123 2136 3170 totam
2185 3128 2401 3173 noctem
2440 3128 2630 3175 mutuo
2677 3122 3071 3192 colloquentes,
3115 3141 3227 3195 pra:
3262 3126 3418 3182 volu-

1837 3215 1983 3277 ptate
2016 3222 2080 3262 ac
2112 3208 2298 3264 laetitia
2334 3227 2401 3266 ex
2446 3213 2514 3267 its
2548 3229 2670 3284 quae
2701 3214 3021 3270 dicebantur
3050 3230 3189 3285 orta,
3226 3219 3414 3291 vigiles

1832 3300 2296 3369 pernoctavimus.
2329 3300 2449 3357 Jam
2474 3320 2605 3358 vero
2645 3306 2737 3359 ubi
2771 3307 3056 3361 sublucere
3086 3309 3275 3379 cmpit,
3315 3309 3416 3366 Pe-

1834 3400 1952 3447 trus
1997 3408 2084 3447 me
2124 3403 2178 3448 et
2224 3392 2422 3451 fratres
2454 3396 2694 3463 intuens,
2732 3397 2807 3451 ait
2848 3416 2861 3452 :
2909 3396 3102 3454 Nescio
3149 3399 3415 3469 quidnam

1831 3483 1974 3553 patri
2005 3482 2193 3539 vestro‘
2223 3485 2530 3556 contigerit.
2586 3487 2835 3559 Dumque
2872 3490 2987 3544 haec
3029 3490 3253 3558 diceret,
3286 3507 3415 3549 ecce

1832 3586 1985 3647 pater
2013 3579 2249 3646 advenit,
2278 3578 2497 3635 Petrum
2530 3582 2685 3637 nobis
2717 3583 2781 3635 de
2816 3583 2933 3651 ipso
2959 3583 3073 3652 jam
3099 3584 3413 3654 loquentem

1832 3679 2026 3725 nactus
2052 3686 2248 3743 :quem
2275 3689 2398 3727 cum
2427 3673 2633 3729 videret
2654 3675 2876 3729 anxium
2912 3685 3073 3746 atque
3099 3678 3411 3746 salutasset,

1830 3760 2095 3816 rationem
2125 3770 2176 3817 et
2207 3778 2432 3818 causam
2458 3763 2690 3819 reddidit
2718 3780 2816 3819 cur
2838 3774 3210 3835 peruoctasset
3239 3766 3408 3826 foras.

1828 3850 1939 3909 Nos
1970 3864 2149 3909 autem
2179 3856 2531 3925 respicientes
2562 3872 2714 3923 eum,
2756 3856 3160 3927 obstupnimus,
3196 3860 3287 3929 qui
3320 3858 3411 3914 Si-

1829 3946 2009 4001 monis
2050 3947 2285 4016 speciem
2322 3947 2654 4010 videremus,
2686 3957 2741 4001 at
2778 3963 2967 4003 vocem
3018 3950 3188 4019 patris
3236 3951 3408 4008 nostri

1827 4037 2015 4098 Fausti
2056 4038 2394 4094 audiremus.
2423 4038 2675 4110 Cumque
2722 4038 3038 4110 fugeremus
3071 4058 3219 4109 eum,
3255 4056 3411 4113 pater

1825 4132 2013 4187 animo
2041 4132 2326 4202 perculsus
2345 4140 2448 4187 est.
2480 4130 2751 4186 Cancrum
2774 4131 2991 4199 Petrus,
3012 4133 3106 4203 qui
3136 4150 3279 4189 unus
3310 4151 3409 4190 na-

1818 4222 2057 4276 turalem
2092 4222 2212 4291 ejus
2242 4219 2474 4275 formam
2504 4222 2785 4288 cernebat,
2816 4221 2893 4277 ait
2942 4222 3011 4277 ad
3052 4238 3190 4278 nos:
3225 4222 3409 4289 Quare

1824 4325 2032 4386 patrem
2065 4324 2304 4369 vestrum
2346 4313 2606 4383 repellitis
2634 4322 2686 4369 et
2722 4314 3088 4371 aversamini?
3120 4314 3230 4372 Nos
3273 4333 3408 4372 vero

1821 4417 1877 4463 et
1908 4418 2077 4461 mater
2100 4406 2169 4461 ad
2201 4421 2324 4460 cum
2353 4423 2365 4459 :
2398 4404 2668 4472 Quoniam
2696 4406 2787 4459 ille
2838 4406 2998 4462 nobis
3037 4407 3250 4461 videtur
3283 4425 3409 4463 esse

1754 4513 1796 4567 υ
1826 4496 2040 4560 Simon,
2071 4513 2260 4552 vocem
2300 4497 2507 4552 habens
2541 4497 2711 4567 patris
2754 4498 2947 4553 nostri.
2987 4496 3126 4551 Tum
3166 4496 3401 4559 Petrus:

1822 4588 2200 4658 Nequaquam,
2246 4587 2423 4658 inquit
2456 4606 2468 4642 :
2503 4588 2659 4643 vobis
2691 4588 2913 4658 quidem
2948 4604 3053 4642 vox
3086 4590 3251 4653 illius,
3277 4606 3401 4660 quas

1823 4680 2017 4749 magia:
2043 4680 2151 4733 vim
2180 4695 2287 4735 non
2320 4680 2516 4744 sensit,
2553 4688 2680 4733 nota
2723 4689 2807 4734 est
2844 4681 2994 4748 sola;
3042 4682 3180 4735 meis
3216 4693 3397 4739 autem

1819 4788 1929 4828 non
1962 4772 2244 4829 fascinatis
2282 4772 2458 4827 oculis
2500 4774 2661 4827 etiam
2696 4771 2917 4844 efﬁgies,
2957 4774 3171 4843 qualem
3218 4775 3402 4842 habet,

1822 4866 2205 4933 conspicitur:
2244 4864 2687 4936 quandoquidem
2745 4865 2851 4920 iste
2891 4882 3001 4920 non
3052 4875 3136 4923 est
3185 4866 3400 4936 Simon,

1822 4957 1917 5011 sed
1948 4955 2204 5021 Faustus,
2230 4972 2356 5011 vere
2385 4966 2538 5027 pater
2566 4965 2760 5011 vester.
2804 4955 3067 5027 Tuncque
3095 4958 3160 5012 ad
3192 4968 3397 5029 patrem

1822 5046 2144 5116 respiciens,
2176 5047 2292 5101 ait:
2322 5046 2595 5102 Germana
2642 5048 2851 5116 species
2892 5057 2981 5102 tua
3012 5048 3145 5119 ipsis
3172 5066 3278 5104 non
3304 5066 3401 5120 ap-

1822 5148 1995 5208 paret,
2022 5155 2210 5193 verum
2245 5137 2485 5194 Simonis
2529 5139 2839 5210 impiissimi
2890 5156 2959 5195 ac
3002 5140 3161 5197 nobis
3209 5141 3399 5197 inimi-

1818 5230 2051 5285 cissimi.

1889 5320 2200 5377 CXXXVII.
2232 5322 2309 5377 Ita
2332 5322 2493 5380 Petro
2522 5323 2798 5395 loquente,
2828 5326 3108 5398 ingressus
3147 5335 3232 5383 est
3272 5328 3403 5398 qui-

1419 5483 1659 5541 VARUE
1699 5485 2101 5541 LECTLONES.

230 5594 271 5626 ⁷⁸
301 5599 370 5673 al.
405 5600 607 5671 μαθών.
662 5601 726 5673 Ῐί
762 5601 847 5673 al.
887 5600 963 5663 ὡς
991 5599 1256 5673 καὶτοὺς
1302 5600 1417 5673 προ
1436 5598 1604 5673 αὐτοῦ

1665 5599 1893 5670 μάγους.
1935 5657 1943 5669 ,
1979 5601 2023 5633 ⁷³
2057 5600 2130 5655 al.
2157 5597 2428 5654 σκευάσω.

2535 5599 2582 5680 ξ³
2614 5598 2687 5680 al.
2714 5595 2999 5680 ἀναλαδῲν
3030 5595 3092 5649 τὸ
3119 5595 3246 5680 ἴδιον
3272 5596 3396 5680 χρι-

175 5679 258 5727 σας
280 5667 599 5770 πρρσωπρέ.ε
659 5671 706 5704 ⁷⁸
722 5671 799 5770 ξι.
839 5667 1361 5770 qtpoquuzéqtsqxrip'
1374 5671 1565 5741 Πέτρῳ
1590 5667 1976 5770 mmora“
2022 5670 2249 5770 ":deest
2278 5672 2331 5724 in
2362 5672 2431 5723 al.
2511 5670 2558 5770 λθ
2600 5671 2672 5724 al.
2715 5667 3031 5739 ἐπαλλήλως
3057 5667 3394 5740 πυνθανόμε-

175 5748 235 5770 um
384 5758 409 5770 οι
545 5760 565 5770 ι.
604 5758 627 5770 ρ
806 5757 833 5770 η
909 5757 953 5770 ιιι,
980 5760 991 5770 .
1095 5758 1135 5770 .-
1203 5757 1233 5770 .-
1301 5740 1472 5770 Ατ¹.-.-..
1501 5739 1724 5770 λη’-ηπ...
1756 5757 1822 5770 υ..
1913 5757 1945 5770 υ
1986 5758 2060 5770 Α...
2095 5740 2168 5770 ,ῗιι
2199 5740 2342 5770 ...Σ-,τι
2370 5740 2512 5770 “of...
2558 5764 2578 5770 -

172 5748 255 5789 νυι.
317 5738 357 5770 ⁷⁷
382 5742 449 5795 ai.
488 5742 650 5807 ἔδοξε.
722 5741 767 5774 ⁷⁸
805 5738 1031 5797 δίζω.ίὼ
1065 5738 1156 5794 ἐπὶ
1203 5742 1265 5794 τὸ
1300 5738 1729 5810 οὕτως’ἀηνῶς
1752 5741 1850 5794 καὶ
1882 5738 2168 5813 ἐχθρωδῶς
2197 5740 2344 5814 αὐτῷ
2366 5740 2583 5813 vaso:
2611 5780 2632 5796 .
