3834 6220
3600 251 3720 304 ετξ

398 294 502 351 tm
1222 266 1310 341 ‘s.
1346 280 1781 343 CLEMENTISI
1821 279 1985 334 non.
2024 276 2222 332 mm.
2250 274 2485 330 οιιειιΑ
2521 272 2744 329 oram.

405 412 531 467 dam
560 409 711 465 exiis
724 409 814 478 qui
834 415 1239 478 praecesserant,
1254 404 1539 459 Antiochia
1556 404 1799 468 veniens,
1812 401 1978 456 dixit-

2142 416 2162 462 ;
2178 398 2285 452 τῶν
2312 397 2554 469 προόδων
2568 395 2675 449 ἀπὸ
2693 394 2790 463 τῆς
2801 384 3131 457 Ἀντιοχείας
3148 375 3463 452 ἐληλυθὼς,
3483 374 3713 478 λέγωνέ

403 519 554 572 que:
590 499 715 555 Haec
748 502 889 556 scire
933 510 983 552 te
1024 500 1171 564 volo,
1214 497 1435 552 domine
1463 496 1536 549 mi
1575 495 1747 549 Petre.
1790 492 1979 547 Simon

2145 494 2288 546 δέναι
2313 510 2369 545 σε
2407 492 2563 555 θέλω,
2596 489 2749 561 κύριέ
2781 503 2883 557 μου
2936 485 3131 553 Πέτρε,
3174 476 3484 572 attigit-10V
3636 470 3715 537 τῇ

404 562 536 648 eum
569 601 712 647 esset
743 590 1065 654 Antiochiae,
1106 562 1321 659 publice
1350 587 1520 642 multa
1558 592 1871 655 portentosa
1903 582 1985 635 Ia-

2142 585 2390 655 ιντιοχείᾳ
2439 584 2525 636 ὅτε
2579 582 2822 651 ὑπῆρχε,
2878 573 3117 659 δημοσία
3174 566 3367 659 πολλὰ-
3412 562 3721 659 τεράστια

411 684 584 746 oicns,
606 683 745 737 nihil
768 682 913 736 aliud
941 648 1161 749 operam
1197 681 1383 743 dabat,
1424 648 1590 748 quam
1633 685 1694 730 ut
1736 684 1789 728 te
1833 674 1986 727 odio-

2142 648 2302 736 κῶν
2336 648 2486 725 οῦδὲν
2537 648 3038 749 ἀλλο-σπουδάζων
3088 656 3191 749 ἦν,
3255 657 3289 726 ἢ
3322 655 3381 707 σὲ
3422 648 3721 749 ⁸μιεικητὲιίδ

408 792 533 830 sum
566 775 672 828 illis
702 774 969 835 redderet,
991 787 1152 841 quem
1183 786 1403 841 magum
1430 768 1749 823 nominabat
1772 775 1824 819 et
1849 779 1988 835 prae-

2142 768 2266 828 ντοίς
2308 740 2679 833 καταστῆσαί
2695 760 2863 830 μάγον
2903 772 2963 807 τε
2996 748 3299 822 ὀνομάζων,
3347 745 3453 799 xui
3491 742 3720 810 γόητα,

410 864 772 931 stigiatorem,
805 871 854 917 et
893 832 1040 915 caule
1070 862 1242 915 multa
1272 832 1536 929 poﬂutum
1558 876 1577 911 τ
1603 865 1819 927 propter
1842 832 1988 924 quod

2142 857 2180 909 ti
2222 855 2528 926 μιαιφόνον·
2575 853 2658 922 ἐφ’
2696 845 2741 919 ᾧ
2783 850 2878 902 xui
2916 843 3170 898 τοσοῦτον
3212 839 3416 899 αὐτοὺς
3459 832 3725 931 ἠρέθισε

408 954 549 1006 adeo
581 952 701 1007 illos
732 952 995 1007 adversus
1030 960 1079 1005 te
1112 951 1366 1015 irritavit,
1400 958 1459 1003 ut
1491 962 1681 1003 omnes
1710 932 1857 1000 illius
1887 944 1989 1000 loci

2142 949 2227 1002 ιτά
2254 947 2369 1011 σοῦ,
2392 947 2467 1009 ὡς
2487 944 2765 1015 γλίχεσθαι
2789 942 2915 1003 τοὺς
2940 939 3054 991 ἐκεῖ
3073 934 3299 994 πάντας,
3318 928 3432 981 τῶν
3462 922 3726 996 σαρκῶν

407 1054 611 1099 aveant
637 1045 784 1113 ipsas
817 1059 1013 1099 carnes
1058 1053 1178 1097 tuas
1209 1014 1386 1095 ferino
1417 1056 1569 1095 more
1603 1040 1890 1109 deglutire.
1924 1038 1993 1092 At

2142 1041 2268 1094 ’rtd'w
2291 1029 3000 1110 θηριωδῶςάπογεύσασθαί
3048 1043 3161 1078 σου.
3202 1023 3395 1091 Ἡμεῖς
3441 1014 3726 1113 δεᾷπολὺ

418 1151 543 1202 nos,
572 1137 802 1190 multum
850 1148 1041 1190 contra
1096 1144 1149 1190 te
1194 1134 1426 1189 fremere
1466 1134 1738 1189 civitatem
1787 1131 1991 1197 intuiti,

2142 1133 2230 1185 ιτά
2268 1108 2373 1184 σοῦ.
2411 1128 2713 1200 βρύχουσαν
2764 1125 2862 1194 τὴν
2892 1121 3042 1174 πόλιν
3085 1113 3413 1188 ἑωρακότες,
3445 1108 3731 1181 ἤλθομεν

411 1230 667 1284 venimus
696 1238 756 1283 ut
789 1229 1170 1282 nuntiaremus
1207 1226 1325 1281 tibi.
1358 1225 1463 1280 Sed
1498 1235 1552 1279 et
1578 1224 1800 1295 quidam
1830 1224 1993 1277 homo

2142 1218 2419 1287 παγγεῐλαί
2474 1234 2574 1270 σοι.
2617 1215 2775 1268 Ἀλλὰ
2816 1214 2908 1267 xui
2954 1212 3058 1265 ὑπὸ
3088 1210 3365 1279 Καίσαρος
3402 1202 3729 1274 πεμφθείς

419 1321 601 1390 regius
640 1335 670 1374 a
700 1320 915 1374 Cmsare
953 1319 1231 1388 quaerendi
1285 1316 1527 1371 Simonis
1569 1317 1740 1386 gratia
1770 1315 1833 1368 ad
1872 1330 1996 1383 pro-

2142 1330 2176 1375 ,q
2206 1309 2478 1380 βασιλικὸς
2501 1307 2637 1377 πρὸς
2662 1306 2753 1360 τὸν
2798 1306 2896 1375 τῆς
2934 1301 3201 1373 ἐπαρχίας
3238 1297 3588 1368 ἡγούμενον,
3629 1296 3729 1356 εἰς

412 1411 613 1464 vincia:
642 1410 925 1479 prmsidem
974 1410 1199 1473 missus,
1254 1408 1483 1462 audiens
1529 1407 1678 1461 illum
1724 1408 1847 1475 fuga
1895 1403 1994 1457 Ju-

2142 1401 2427 1472 ναζήτησιν
2478 1398 2750 1468 Σίμωνος,
2805 1392 2991 1465 μαθὼν
3043 1393 3126 1444 ὅτι
3172 1388 3350 1459 φυγὰς
3405 1388 3498 1449 είς
3563 1386 3727 1444 Ἰουι

412 1502 593 1557 tiaram
627 1476 903 1571 petivisse,
949 1503 1064 1571 ipse
1109 1514 1327 1570 quoque
1378 1500 1445 1552 ad
1488 1514 1612 1552 eum
1643 1496 1995 1567 quarrendum

2142 1493 2247 1545 ιίαν
2282 1491 2471 1561 ᾤχετο,
2527 1489 2620 1541 xui
2658 1487 2817 1549 αὐτὸς
2861 1483 3001 1537 κατά
3043 1480 3267 1553 ζήτησιν
3303 1477 3481 1531 αὑτοῦ
3512 1476 3730 1545 ἀπῆλ-

2097 1581 2207 1643 θεν,
2239 1582 2324 1632 ἵνα
2362 1578 2504 1631 κατά
2537 1577 2636 1648 τὴν
2665 1573 2957 1646 πρόσταξιν
2994 1570 3268 1641 Καίσαρος
3293 1568 3727 1638 τιμωρήσηται

2098 1672 2278 1725 αὐτόν.
3506 1674 3511 1679 ’

495 1764 830 1821 CXXXVIII.
870 1762 1081 1830 Quibus
1117 1763 1353 1829 auditis,
1402 1761 1597 1816 Petrus
1633 1760 1701 1815 ad
1734 1759 1997 1815 Faustum

2168 1759 2499 1817 CXXXVIII.
2539 1757 2722 1811 Ταῦτα
2756 1756 2991 1818 ἀκούσας
3015 1754 3147 1823 φησὶ
3183 1751 3320 1821 πρὸς
3344 1748 3441 1802 τὸν
3477 1748 3726 1818 πατέρα

423 1868 637 1929 patrem
665 1858 767 1911 ait:
796 1857 914 1927 Ipse
950 1857 1179 1913 auribus
1206 1856 1316 1911 tuis
1354 1854 1553 1909 audisti
1578 1868 1645 1907 ex
1674 1853 1739 1907 iis
1756 1853 1848 1922 qui
1873 1868 1997 1905 cum

2142 1851 2336 1905 αῦστον
2365 1851 2393 1903 6
2419 1848 2651 1917 Πέτρος·
2678 1844 2847 1907 Δύτδς
2874 1842 3025 1902 ίδίοις
3046 1840 3091 1871 ⁷⁸
3122 1839 3258 1891 ὠσὶν
3286 1837 3548 1905 ἀκήκοας
3588 1835 3725 1886 τῶν

424 1926 839 2019 praecessisscnt
874 1957 1142 2005 venerunt
1171 1947 1493 2012 Antiochia,
1539 1944 1997 2015 quemadmodum

2148 1942 2340 2014 ροόδων
2392 1939 2501 1993 ἀπὸ
2536 1935 2865 2006 Ἀντιοχείας
2906 1928 3328 2001 εἰσεληλυθότων
3348 1927 3415 1992 ⁸⁸,
3455 1926 3539 1989 ὡς
3580 1928 3725 1979 ἐκεῖ

424 1590 580 1657 abiit,
608 1600 666 1645 ut
687 1607 753 1646 ex
780 1591 1010 1645 Caesaris
1052 1599 1319 1659 praecepto
1346 1603 1534 1657 pugnas
1562 1589 1628 1642 de
1654 1602 1720 1642 eo
1758 1587 1955 1655 capiat.

420 2042 619 2096 Simon
656 2041 766 2097 illic
794 2041 1003 2110 positus
1043 2040 1445 2094 multitudinem
1476 2037 1745 2091 adversus
1783 2052 1869 2090 me
1904 2051 1999 2089 ve-

423 2135 711 2188 hementer
736 2132 1058 2195 concitarit;
1091 2132 1334 2200 planum,
1366 2138 1421 2184 et
1441 2128 1589 2183 caede
1614 2128 1899 2198 pollutum,
1934 2126 1999 2180 ad

422 2227 547 2280 haec
576 2239 794 2294 magum
820 2238 884 2278 ac
924 2223 1398 2293 prmstigiatorem,
1434 2221 1656 2289 aliaque
1686 2218 1999 2287 hujusmodi

428 2330 774 2387 nnncnpans.
826 2314 993 2389 Igitur
1022 2329 1169 2372 nunc
1221 2311 1387 2371 tacito
1435 2311 1656 2378 statim,
1708 2310 1853 2385 quod
1902 2327 2002 2384 ego

424 2410 685 2479 «praecipio
726 2410 863 2464 tibi:
897 2418 972 2474 et,
1023 2409 1211 2463 relicto
1239 2409 1519 2461 Clemente
1564 2406 1704 2475 apud
1745 2420 1861 2469 me,
1888 2405 2002 2473 ipse

424 2498 675 2569 praecede
706 2498 771 2551 ad
808 2498 1202 2552 Antiochenam
1255 2498 1468 2562 urbem,
1500 2510 1606 2549 una
1655 2510 1777 2548 cum
1834 2509 2003 2547 uxore

2099 2033 2339 2104 γεγονὼς
2388 2033 2416 2085 6
2455 2030 2664 2100 Σίμων,
2697 2026 2929 2097 ἰσχυρῶς
2980 2023 3107 2085 τοὺς
3147 2021 3339 2091 ὄχλους
3397 2016 3717 2089 παρώξυνε

2099 2126 2219 2180 κατ’
2244 2123 2400 2195 ἐμοῦ,
2429 2121 2631 2174 πλάνον
2652 2137 2710 2172 τε
2738 2118 2833 2171 xui
2868 2115 3170 2187 μιαιφόνον,
3200 2111 3337 2183 πρὸς
3364 2110 3421 2162 δὲ
3458 2111 3558 2162 καὶ
3586 2109 3713 2179 μάν

2099 2234 2193 2286 γον
2224 2216 2318 2268 καὶ
2350 2214 2552 2283 γόητα,
2578 2212 2673 2266 xui
2708 2209 2776 2263 τὰ
2820 2206 3046 2260 τοιαῦτα
3072 2202 3271 2258 καλῶν.
3307 2201 3427 2257 Νῦν
3473 2197 3571 2253 οὖν
3615 2201 3717 2267 ἐξ-

2101 2311 2268 2385 πτῆς
2308 2307 2532 2384 ποίησον
2560 2306 2588 2364 ὃ
2618 2302 2728 2378 ἐγώ
2760 2298 3208 2373 σοι-ἐντέλλομαυ
3247 2293 3712 2353 κα“ι,κ.αταλιπων

2101 2404 2395 2474 Κλήμεντα
2422 2401 2551 2473 παρ’
2575 2400 2717 2471 ἐμοὶ,
2743 2394 3026 2469 προλαϐὼν
3048 2394 3209 2457 αὐτὸς
3241 2395 3320 2454 εἰς
3346 2393 3447 2462 τὴν
3487 2386 3710 2441 Ἄντιο-

2101 2496 2238 2565 χέων
2288 2494 2486 2547 κατὰ⁸¹
2532 2493 2630 2561 τῆς
2676 2488 2934 2558 γυναικὸς
2966 2484 3294 2546 Ματθιδίας,
3334 2481 3416 2534 ἔτι
3461 2482 3519 2533 δὲ
3552 2482 3712 2532 Φαυ-

2103 2586 2278 2637 στὶνου
2308 2585 2403 2637 xui
2428 2577 2814 2635 Φαυστινιανοῦ
2845 2576 2952 2629 τῶν
2984 2574 3149 2628 υἱῶν·
3180 2574 3496 2627 συνέσονται
3528 2572 3585 2624 δέ
3620 2589 3714 2623 σοι

2101 2678 2195 2730 xui
2218 2675 2365 2729 ἄλλοι
2402 2674 2568 2736 τινὲς,
2592 2673 2646 2723 οἵ
2675 2688 2816 2734 τινες
2869 2668 3083 2723 δυνατοὶ
3111 2666 3320 2718 ἔσονται
3350 2663 3716 2734 ὑπουργῆσαί

2105 2783 2206 2837 μου
2233 2766 2279 2796 θ’
2319 2764 2396 2835 τῷ
2445 2763 2775 2834 βουλήματι·
2828 2760 2964 2831 μετὰ
3016 2757 3220 2811 τούτων
3262 2758 3317 2808 ὲν
3373 2757 3441 2825 τῇ
3499 2756 3689 2812 Ἀντιο

2102 2857 2223 2928 χείᾳ
2247 2856 2293 2888 ⁸³
2341 2855 2656 2924 γενόμενος,
2704 2854 2759 2904 ὲν
2788 2852 2899 2920 ὅσῳ
2948 2848 3045 2920 τὴν
3081 2847 3295 2919 μορφὴν
3340 2845 3421 2899 ἔτι
3452 2845 3718 2915 Σίμωνος

2103 2950 2459 3020 περιφέρεις,
2507 2945 2743 3015 δημοσίᾳ
2789 2940 3025 3014 κήρυξον
3065 2941 3165 3010 τὴν
3234 2937 3465 2992 σεαυτοῦ
3532 2938 3715 3008 μετά-

2106 3058 2257 3095 νοιαν
2264 3078 2280 3093 ο

2180 3127 2469 3186 CXXXIX.
2504 3125 2688 3180 Ταῦτα
2718 3124 2812 3178 τοῦ
2836 3123 3043 3194 Πέτρου
3064 3122 3332 3183 εἰπόντος,
3358 3119 3488 3185 ὀξὺς
3516 3119 3595 3170 ῶν
3630 3121 3722 3181 εἰς

2104 3220 2165 3275 τὸ
2193 3222 2385 3293 νοῆσαι
2414 3218 2672 3282 Φαῦστος·
2700 3213 2855 3280 Οἶδα,
2886 3215 3011 3284 ἔφη,
3039 3214 3195 3284 κύριέ
3228 3212 3421 3283 μου,τί
3444 3211 3723 3280 βούλεται

2104 3313 2175 3367 τά
2209 3315 2428 3383 ῥήματα
2465 3309 2653 3363 ταῦτα.
2703 3307 2796 3383 Διὲ
2839 3307 2914 3377 μὴ
2948 3306 3151 3375 κάμνε·
3203 3303 3426 3374 μελήσει
3460 3302 3578 3372 γάρ
3620 3319 3724 3371 μοι

2105 3406 2286 3457 ἐκεῖσε
2313 3401 2588 3471 γενομένῳ
2606 3400 2651 3431 ⁸⁵
2671 3398 2976 3453 διατελέσαι
2995 3396 3056 3449 τὸ
3078 3395 3577 3467 προσταττόμενον.
3597 3395 3725 3446 Καὶ

2104 3495 2169 3565 δὴ
2196 3494 2261 3547 τὰ
2288 3494 2333 3524 ⁸⁸
2368 3492 2474 3545 ὑπὸ
2502 3491 2671 3544 νύκτα
2698 3491 2728 3542 6
2754 3488 2937 3559 πατὴρ
2962 3486 3080 3558 μεθ’
3109 3480 3185 3539 ὧν
3210 3485 3464 3538 ἐκέλευσε
3497 3486 3728 3555 Πέτρος

2105 3586 2204 3656 τῆς
2238 3584 2447 3645 πόλεως
2475 3580 2807 3651 ἐξορμήσας,
2838 3578 2933 3631 ἐπὶ
2964 3576 3064 3647 τὴν
3094 3576 3323 3647 πλησίον
3368 3575 3728 3644 ’Δντιοχείαν

2105 3671 2260 3746 ἦλθε.
2291 3672 2400 3726 Καὶ
2438 3672 2567 3733 στάς
2609 3673 2666 3722 ὲν
2693 3670 2843 3740 μέσῳ
2863 3668 2960 3739 τῆς
2990 3668 3225 3738 ἀγορᾶς,
3254 3667 3443 3737 εἴρηκε
3479 3665 3626 3736 πρὸς
3661 3666 3731 3717 τὸ

2108 3765 2345 3836 πλῆθος·
2386 3762 2526 3830 Ἐγὼ
2552 3762 2751 3833 Σίμων,
2784 3759 2894 3829 εγὼ
2926 3760 3097 3813 ταῦτα
3127 3760 3255 3828 ὑμῖν
3284 3756 3588 3828 κηρύσσω,
3614 3758 3730 3810 καὶ

2106 3856 2358 3928 ὁμολογῶ
2404 3854 2605 3917 ἀδίκως
2659 3852 3103 3922 καταψεύσασθαι
3154 3852 3386 3921 Πέτρου.
3432 3851 3556 3903 υῦκ
3590 3850 3728 3905 ἐστι

2109 3949 2335 4012 πλάνος,
2363 3950 2425 4002 ού
2462 3946 2763 4017 μιαιφόνος,
2797 3945 2858 3996 ού
2886 3944 3039 4013 γόης,
3067 3941 3187 3995 οὐδὲ
3215 3943 3318 3995 ὅσα
3360 3942 3493 3993 ποτὲ
3526 3940 3729 4009 φαῦλα

2109 4041 2242 4112 περὶ
2287 4038 2450 4094 αὐτοῦ
2489 4037 2692 4105 ἔλεγον.
2727 4035 2930 4105 Δέομαι
2969 4033 3122 4103 ὑμῶν
3166 4031 3276 4100 ἐγὼ
3309 4031 3497 4093 αὐτὸς,
3549 4032 3578 4083 6
3613 4032 3727 4086 τοῦ

2109 4132 2251 4202 πρὸς
2278 4132 2421 4201 ὑμᾶς
2452 4130 2643 4200 μίσους
2680 4126 2851 4189 αἴτιος
2878 4124 3025 4194 αὐτῷ
3055 4122 3313 4192 γεγονὼς,
3347 4122 3646 4176 παύσασθε
3673 4125 3727 4155 ⁸⁸

439 4223 533 4293 (ιυὶ
569 4237 736 4275 causa
783 4220 893 4274 odii
943 4234 1072 4288 erga
1126 4219 1278 4272 illum
1310 4217 1479 4271 vestri
1527 4216 1731 4282 exstiti,
1779 4217 2006 4271 desinite

2142 4223 2403 4285 ιισοῦντες
2447 4221 2628 4274 αὐτόν.
2676 4216 2784 4269 Τοῦ
2824 4216 2933 4286 γὰρ
2982 4214 3120 4286 πρὸς
3173 4213 3447 4283 σωτηρίαν
3498 4214 3725 4283 κόσμου

432 4314 566 4371 odio
621 4315 770 4367 illum
823 4311 1100 4382 prosequi.
1156 4309 1289 4364 Nam
1342 4308 1437 4362 Dei
1485 4307 1606 4362 Filii
1650 4309 1744 4378 qui
1793 4319 2006 4377 propter

2142 4311 2469 4381 πιφανέντος
2492 4306 2620 4361 Υἱοῦ
2643 4305 2735 4359 τοῦ
2765 4305 2901 4358 Θεοῦ
2945 4303 3182 4375 ἀψευδής
3208 4304 3354 4355 ἐστιν
3382 4299 3544 4366 οὗτος
3574 4304 3726 4357 ἀπόκ-

442 4405 628 4460 mundi
656 4404 886 4458 salutem
915 4402 1085 4462 venit,
1113 4400 1214 4455 iste
1234 4408 1316 4455 cst
1346 4415 1506 4454 verus
1530 4401 1831 4469 apostolus.
1857 4400 2006 4467 Quo-

2142 4401 2321 4464 πολος.
2448 4398 2543 4452 xui
2571 4397 2732 4459 αὐτὸς
2753 4394 2863 4464 ἐγὼ
2889 4394 2951 4447 σύ
2961 4393 3189 4465 μὸουλος
3211 4394 3342 4462 ὑμῖν
3374 4392 3444 4445 τά
3470 4388 3547 4460 γε
3574 4396 3726 4463 πρὸς

440 4500 587 4555 circa
636 4507 691 4552 et
736 4496 852 4566 ipse
887 4510 989 4564 ego
1018 4494 1173 4547 vobis
1206 4492 1554 4546 consiliarius
1586 4493 1638 4545 in
1681 4507 1737 4546 re
1783 4508 1903 4561 qua:
1941 4493 2006 4547 ad

2142 4492 2388 4562 :wtqpiuv
2431 4489 2529 4560 τὴν
2578 4488 2848 4558 ὑμετέραν
2901 4484 3255 4554 καθίσταμαι.
3286 4484 3397 4535 Καὶ
3449 4486 3726 4553 παραινῶ

431 4591 672 4645 salutem
721 4593 958 4639 vestram
1001 4582 1236 4652 pertinet
1266 4582 1490 4646 ellicior,
1526 4596 1829 4650 moneoque
1874 4592 1930 4636 ut
1960 4582 2006 4636 ei

2142 4582 2402 4636 πείθεσθαι
2428 4580 2622 4650 τούτῳ,
2653 4579 2746 4631 xui
2778 4576 3052 4631 πιστεύειν
3076 4576 3153 4646 τῷ
3186 4576 3278 4628 ὑπ’
3298 4574 3464 4627 αὑτοῦ
3496 4593 3725 4647 κηρυσ-

433 4682 600 4736 ﬁdem
638 4678 912 4740 habeatis,
949 4674 1166 4742 Dcoque
1209 4688 1368 4742 quem
1413 4672 1703 4725 annuntiat
1734 4674 2006 4727 credatisr

2142 4674 2332 4745 ῖομένῳ
2371 4672 2523 4742 Θεῷ·
2558 4670 2679 4722 ἐπεὶ
2712 4670 2862 4723 πᾶσα
2895 4667 3050 4738 ὑμῶν
3088 4667 3303 4738 ἡπόλις
3344 4666 3522 4737 ἄρδην
3570 4669 3723 4721 ἀπο-

433 2588 716 2643 Mattlndia
742 2628 755 2651 ,
790 2598 954 2657 atque
1000 2588 1263 2642 Faustino
1298 2598 1352 2641 et
1393 2586 1748 2641 Faustiniano
1772 2585 1956 2638 liberis
1985 2603 1998 2638 :

432 2690 593 2734 erunt
620 2681 783 2732 etiam
822 2688 998 2733 tecum
1042 2679 1133 2733 alii
1164 2679 1408 2749 quidam,
1453 2677 1546 2746 qui
1580 2691 1759 2729 meam
1809 2675 2005 2729 volun-

434 2779 595 2823 tatem
624 2778 877 2839 poterunt
917 2770 1141 2838 exsequi
1170 2787 1182 2822 :
1217 2784 1341 2822 cum
1383 2769 1467 2823 his
1526 2768 1830 2821 Antiochia:
1866 2781 2001 2821 con-

434 2858 665 2921 sistens,
716 2858 845 2911 dum
910 2859 1143 2913 formam
1202 2859 1443 2913 Simonis
1486 2858 1597 2928 jam
1639 2856 2001 2919 circumfers,

434 2948 610 3017 palam
642 2950 871 3017 prmdica
904 2959 1050 3004 tuam
1081 2950 1476 3020 penitentiam.

505 3125 792 3181 CXXXIX.
833 3124 937 3181 Ista
967 3142 1091 3180 cum
1120 3125 1312 3180 Petrus
1345 3124 1602 3186 dixisset,
1631 3122 1868 3178 Faustus
1907 3122 2002 3193 qui
2035 3090 2077 3147 Ο

436 3218 637 3273 mentis
664 3218 914 3272 acumine
932 3217 1202 3286 pollebat:
1232 3214 1390 3279 Novi,
1454 3215 1650 3284 inquit,
1670 3214 1888 3269 domine
1905 3214 2003 3279 mi,

436 3310 564 3379 quid
604 3310 717 3363 lucc
753 3308 857 3364 sibi
881 3308 1051 3362 velint
1072 3308 1233 3361 verba
1259 3325 1272 3372 ;
1298 3321 1471 3377 quare
1505 3321 1572 3359 ne
1609 3306 1835 3359 labora:
1871 3303 2006 3357 mihi

436 3402 583 3455 enim
611 3416 757 3454 cura:
785 3400 917 3466 erit,
948 3398 1168 3469 quando
1199 3399 1310 3452 illic
1356 3397 1510 3451 luero
1547 3397 1807 3465 imperata
1845 3395 2007 3464 perli-

430 3508 579 3547 cere.
613 3491 798 3561 Itaque
835 3500 996 3546 noctu
1035 3505 1158 3546 cum
1186 3491 1280 3554 iis,
1315 3505 1453 3559 quos
1504 3486 1697 3541 Petrus
1731 3486 2005 3557 jusserat,

438 3586 716 3655 digressus
747 3585 815 3638 ab
845 3584 979 3637 urbe
1021 3591 1192 3653 pater,
1237 3581 1605 3641 Antiochiam,
1650 3579 2005 3648 propinquam

434 3677 737 3741 civitatem,
767 3677 934 3730 venit.
967 3673 1239 3744 Stansque
1269 3674 1320 3727 in
1368 3674 1547 3726 medio
1587 3671 1727 3734 foro,
1760 3670 1901 3723 dixit
1938 3668 2004 3722 ad

432 3767 839 3820 multitudinem
868 3784 881 3821 :
924 3764 1035 3835 Ego
1056 3765 1269 3830 Simon,
1304 3780 1404 3834 ego
1434 3766 1548 3818 haec
1576 3765 1730 3818 vobis
1759 3778 2006 3832 pronun—

436 3859 517 3909 tio
544 3895 559 3920 ,
604 3866 658 3909 et
703 3854 877 3909 fateor
908 3872 995 3909 me
1031 3855 1214 3924 inique
1248 3856 1532 3909 mentitum
1573 3870 1694 3908 esse
1747 3853 2009 3907 adversus

442 3949 685 4004 Petrum.
729 3946 845 4000 Non
878 3957 962 4003 est
993 3948 1280 4017 impostor,
1306 3962 1411 4000 non
1449 3945 1857 4016 sanguinarius,
1898 3959 2006 4000 non

434 4039 821 4109 praestigiator,
849 4051 1023 4105 neque
1047 4036 1223 4090 allinis
1250 4034 1344 4088 ulli
1376 4050 1566 4088 eorum
1599 4034 1864 4088 scelerum
1889 4048 2010 4101 quae

432 4131 737 4200 aliquando
763 4129 828 4182 de
862 4143 927 4182 eo
957 4128 1264 4197 praedicavi.
1302 4126 1572 4196 Deprecor
1606 4141 1702 4180 vos
1742 4140 1842 4196 ego
1871 4125 2007 4195 ipse,

2118 4764 2308 4827 λεῖται,
2339 4762 2435 4817 xui
2485 4762 2642 4832 ὑμεῖς
2674 4761 2769 4812 σὺν
2818 4758 2978 4829 αὐτῇ.
3006 4758 3169 4809 Ὀτου
3201 4756 3255 4809 δὲ
3304 4756 3466 4827 χάριν
3507 4758 3722 4831 εἴρηκα.

2117 4854 2311 4916 ταῦτα,
2349 4853 2442 4907 xui
2480 4851 2637 4905 τοῦτο
2657 4852 2800 4921 ὑμᾶς
2829 4849 3026 4902 εἰδέναι
3058 4848 3341 4919 βούλομαι.
3369 4848 3569 4921 Ταύτῃ
3603 4851 3722 4922 γὰρ

2115 4948 2182 5015 τῇ
2228 4946 2383 4997 νυκτὶ
2430 4942 2649 5011 ἄγγελοί
2692 4958 2757 5013 με
2780 4941 2823 4971 ⁸⁷
2854 4939 2989 4992 Θεοῦ
3021 4939 3114 4993 τὸν
3143 4938 3347 5010 ἀσεϐῆ,
3386 4938 3463 5001 ὼς
3512 4940 3721 5010 ἐχθρὸν

2116 5040 2245 5093 ὅντα
2285 5038 2363 5108 τῷ
2390 5038 2488 5108 τῆς
2538 5037 2792 5106 ἀληθείας
2848 5034 3078 5104 κήρυκι,
3115 5030 3301 5095 δεινῶς
3345 5033 3717 5102 ἐμαστίγουν.

2121 5128 2431 5200 Παρακαλῶ
2458 5123 2548 5181 οὖν
2576 5127 2694 5197 μηδ’
2719 5127 2784 5179 ἂν
2814 5125 2976 5189 αὐτὸς
3001 5122 3113 5192 ἐγὼ
3146 5122 3331 5176 ἄλλοτε
3360 5121 3540 5175 ἐλθὼν
3570 5126 3717 5183 κατὰ

443 4769 648 4839 alioqui
684 4778 793 4823 tota
826 4777 1004 4821 vestra
1047 4765 1241 4820 civitas
1291 4763 1536 4817 funditus
1569 4763 1796 4832 peribit,
1824 4779 1884 4818 ac
1914 4781 2016 4820 vos

437 4878 567 4917 cum
609 4861 721 4915 illa.
755 4860 929 4929 Cujus
962 4864 1142 4910 autem
1176 4854 1348 4925 gratia
1395 4855 1508 4907 haec
1550 4854 1806 4918 dixerim,
1844 4854 2014 4907 etiam

444 4956 495 5008 id
527 4969 623 5008 vos
667 4952 807 5007 scire
835 4951 978 5004 volo.
1024 4946 1137 5002 Hoc
1184 4946 1332 5000 enim
1383 4952 1542 4998 nocte
1587 4943 1764 5013 angeli
1798 4943 1893 4996 Dei
1930 4958 2017 4995 me

370 5084 375 5087 -
438 5047 669 5119 impium
696 5045 940 5113 graviter
970 5040 1312 5110 ﬂagellarunt
1333 5038 1478 5108 quod
1506 5035 1750 5089 veritatis
1777 5051 1825 5105 pi
1840 5034 2015 5089 προιιὶ

438 5154 621 5194 essem
653 5137 926 5191 inimicus.
956 5133 1159 5187 liortor
1187 5131 1391 5199 itaque,
1424 5143 1489 5181 ne
1519 5128 1731 5181 etiamsi
1762 5127 1878 5196 ipse
1908 5127 2013 5179 alio

441 5241 688 5301 tempore
721 5228 943 5281 veniens
995 5234 1274 5279 tentavero
1318 5230 1505 5274 contra
1555 5219 1774 5273 Petrum
1826 5219 2006 5287 loqui,

2142 5219 2325 5287 Ιέτρου
2368 5215 2627 5287 ἐπιχειρῶ
2665 5215 2869 5282 λέγειν,
2912 5212 3248 5281 ἁποδέξησθέ
3284 5229 3369 5281 με.
3422 5211 3717 5283 Ἐξομολο-

440 5319 724 5391 recipiatis
757 5333 844 5372 me
888 5332 951 5372 ac
995 5312 1250 5369 audiatis.
1287 5309 1453 5366 Vobis
1484 5310 1682 5379 quippe
1711 5310 2006 5378 conﬁteor,

2142 5308 2325 5379 τοῦμαι
2360 5308 2467 5380 γὰρ
2501 5309 2662 5378 ὑμῖν,
2685 5306 2761 5369 ὡς
2798 5302 2909 5373 ἐγὼ
2952 5303 3155 5375 μάγος,
3198 5301 3309 5371 ἐγὼ
3338 5301 3575 5369 πλάνος,
3602 5305 3715 5374 ἐγὼ

1712 5486 1757 5541 γ
1783 5485 1952 5540 \RI/E
1978 5485 2380 5541 LECTIONES.

521 5611 567 5642 "’
607 5610 677 5663 al.
706 5602 941 5665 οἰκείοις.
968 5608 1014 5639 ⁸ο
1050 5607 1122 5661 al.
1154 5604 1507 5676 ἐληλυθότων,
1564 5606 1651 5676 al.
1671 5603 2139 5676 συνεληλυθότων.
2173 5674 2182 5676 _
2212 5606 2252 5635 ⁸³
2295 5606 2397 5673 leg.
2444 5603 2689 5676 μετάται.
2721 5603 2887 5676 inser.
2937 5603 3052 5660 καί.

521 5611 567 5642 ⁸¹⁹
607 5610 677 5663 al.
706 5605 941 5665 οἰκείοις.
968 5608 1014 5639 ⁸ο
1050 5607 1122 5661 al.
1154 5605 1507 5676 ἐληλυθότων.
1564 5606 1635 5659 al.
1686 5605 2139 5673 συνεληλυθότων.
2212 5606 2252 5635 θ’
2295 5606 2397 5673 leg.
2444 5605 2689 5675 μετά.²1.
2721 5605 2887 5658 inser.
2937 5605 3052 5660 καί.
3156 5605 3202 5637 ⁸³
3242 5605 3315 5659 al.
3357 5624 3455 5679 μοι
3561 5608 3607 5640 ⁸³
3634 5609 3708 5667 al.

474 5681 795 5750 incolam».
871 5680 916 5711 “
952 5678 1026 5736 al.
1067 5678 1376 5749 γενόμενον.
1456 5676 1595 5731 "al.
1635 5675 1793 5747 δῆτα.
1871 5675 1916 5705 ⁸⁸
1945 5674 2270 5732 παύσασθαι.
2352 5676 2396 5706 ⁸⁷
2429 5685 2577 5735 deest
2605 5674 2658 5727 in
2691 5675 2766 5735 al.
