3834 6220
147 320 249 374 573

964 311 1423 368 CLEMENTINA.
1455 342 1524 353 ——
1549 311 1853 367 EPITOME
1890 311 1977 367 DE
2017 309 2264 368 GESTIS
2300 311 2359 367 S.
2402 309 2630 364 PETRI.

3293 307 3401 364 δτι

147 439 293 510 γόης·
319 437 458 492 ἀλλὰ
485 434 747 507 μετανοῶ,
769 432 945 501 ἔξεστι
978 435 1087 505 γὰρ
1108 434 1237 497 ῐσως
1269 433 1523 505 μετανοίᾳ
1543 451 1633 505 μοι
1663 432 1726 486 τὰ

1832 451 1931 507 ego
1970 453 2091 491 sum
2125 454 2353 509 magus,
2391 451 2493 507 ego
2529 434 2827 503 impostor,
2859 444 2959 499 ego
2997 427 3394 499 pnestigiator;

148 530 331 593 καλῶς
356 526 725 599 πεπραγμένα
744 527 813 558 ⁸⁷⁹
840 543 929 596 μοι
962 524 1407 596 συγχωρηθῆναι.

211 707 369 764 CXL.
398 706 585 760 Ταῦτα
617 705 784 759 εἰπὼν
807 706 835 758 6
862 704 1045 775 πατὴρ
1068 704 1300 774 δημόσια
1321 703 1353 774 ἦ
1378 703 1453 767 ὡς
1474 705 1538 756 ἐκ
1562 720 1728 774 προσ-

145 798 290 852 ώπου
311 798 404 851 τοῦ
425 798 691 868 Σίμωνος,
730 796 825 851 καὶ
856 797 1062 867 Πέτρον
1086 794 1405 864 εὐλογήσας,
1428 794 1524 865 τὴν
1550 796 1729 847 πᾶσαν

159 890 471 960 Ἀντιοχέων
496 889 649 942 πόλιν
670 891 750 952 είς
777 888 869 940 τὸν
896 886 1107 940 ἐκείνου
1132 885 1296 938 πόθον
1322 884 1609 955 μετέθηκε,
1635 885 1730 937 καί

148 975 338 1038 πάντες
375 974 670 1045 ἐπιθυμεῖν
713 973 879 1029 αὐτοῦ
908 973 1095 1037 δεινῶς
1125 973 1339 1041 ἔλεγον·
1373 973 1502 1025 ένιοι
1534 973 1590 1026 δὲ
1636 974 1731 1027 καὶ

147 1066 557 1135 χαλεπαίνοντες
575 1066 724 1137 αὐτῷ
748 1063 889 1137 ἦσαν
915 1064 1095 1136 δῆθεν,
1119 1059 1207 1117 οἷά
1242 1082 1346 1135 περ
1368 1064 1518 1135 αὐτῷ
1539 1064 1731 1135 ἐκείνῳ

148 1158 342 1226 Σίμωνι
370 1157 511 1222 ὅντι,
536 1156 626 1209 διὰ
659 1156 719 1208 τὸ
749 1153 1085 1226 ὑπερϐάλλον
1119 1153 1219 1223 τῆς
1250 1153 1379 1223 περὶ
1402 1153 1495 1206 τὸν
1526 1153 1731 1223 Πέτρον

149 1248 398 1319 στοργῆς·
446 1248 542 1299 καὶ
590 1250 781 1317 χεῖρας
817 1244 1097 1298 ἐπιϐαλεῖν
1148 1243 1487 1315 ἐπεχείρουν.
1532 1244 1643 1297 Καὶ
1673 1243 1731 1305 ὃς

152 1334 219 1403 μὴ
252 1333 381 1405 παρ’
419 1333 603 1388 αὐτῶν
652 1333 910 1404 ἀναιρεθῇ
968 1331 1252 1395 δεδοικὼς,
1285 1330 1514 1403 ἐξαυτῆς
1558 1331 1732 1385 ἐλθεῖν

147 1422 359 1495 πέμψας
386 1424 544 1495 ἠξίου
584 1424 677 1478 τὸν
716 1425 941 1495 Πέτρον,
985 1425 1133 1486 ὅπως
1162 1424 1327 1478 αὐτὸν
1357 1422 1734 1495 ἐπικαταλάϐῃ

148 1514 336 1577 ζῶντα,
359 1516 457 1568 καὶ
490 1514 819 1587 ἀκμαζούσῃ
840 1515 917 1585 τῷ
947 1514 1084 1584 πρὸς
1115 1514 1277 1568 αὐτὸν
1312 1513 1462 1584 πόθῳ
1483 1516 1549 1584 τῇ
1580 1513 1732 1565 πόλει

147 1604 407 1677 εὐκαίρως
445 1608 709 1677 ἐπιφανῇ.
749 1606 955 1675 Πέτρος
988 1605 1047 1659 δὲ
1086 1606 1291 1658 τούτων
1317 1603 1556 1666 ἀκούσας
1597 1603 1734 1675 πρὸς

144 1694 201 1746 τὸ
230 1694 613 1767 ἐκκλησιάζειν
660 1696 945 1759 πλείστους
985 1695 1210 1764 ἀγαγὼν
1231 1696 1299 1759 ⁸⁸,
1334 1695 1630 1748 ἐπίσκοπόν
1670 1713 1732 1748 τε

1829 533 1921 587 sed
1967 533 2192 600 poenitet
2234 546 2350 593 me,
2381 538 2436 583 et
2474 528 2724 583 fortassis
2773 542 2868 596 per
2913 521 3286 592 pteuiteutiam
3333 534 3399 574 ea

1827 640 1948 693 quae
1981 621 2226 690 improbe
2253 620 2417 691 gessi,
2452 619 2583 671 mihi
2624 625 2853 687 possunt
2885 612 3205 669 coudouari.

1898 712 2058 769 CXL.
2101 711 2226 767 lla'c
2260 727 2384 766 eum
2419 719 2572 781 pater
2611 709 2845 778 publice,
2877 704 3032 774 quasi
3073 719 3138 757 ex
3172 715 3401 771 persona

1832 806 2073 861 Simonis
2103 804 2355 866 dixisset,
2383 813 2439 856 et
2482 801 2703 856 Petrum
2749 799 2838 851 lau
2865 800 3047 858 'asset,
3091 793 3401 847 universam

1829 898 2302 955 Antiochieusium
2334 897 2606 950 civitatem
2639 894 2706 948 ad
2742 893 2886 945 illius
2924 887 3254 943 desiderium
3289 894 3401 939 tra-

1830 990 2009 1053 duxit,
2036 990 2325 1057 cunctique
2351 1002 2409 1040 se
2432 1001 2558 1039 eum
2591 984 2938 1037 vehementer
2965 988 3225 1048 exoptare
3254 991 3406 1031 asse-

1834 1082 2065 1136 rebant:
2104 1078 2352 1133 nonnulli
2388 1093 2513 1132 vero
2545 1076 2707 1131 etiam
2740 1075 3181 1144 patri,tanquam
3214 1068 3261 1122 is
3291 1068 3408 1136 ipse

1831 1182 1978 1228 esset
2021 1171 2248 1237 Simon,
2300 1168 2724 1230 succensehaut,
2788 1174 3007 1235 propter
3068 1162 3403 1215 nimietatem

1833 1262 2037 1317 amoris
2064 1278 2191 1333 erga
2221 1260 2461 1323 Petrum,
2492 1266 2546 1313 et
2570 1272 2766 1311 manus
2793 1255 3014 1323 injicere
3043 1251 3401 1306 conabantur.

1832 1355 1905 1408 At
1928 1355 2018 1409 ille
2056 1356 2266 1408 veritus
2296 1368 2363 1407 ne
2403 1352 2473 1406 ab
2496 1350 2631 1419 ipsis
2668 1349 3086 1411 inter-liceretur,
3124 1360 3220 1413 per
3261 1343 3406 1411 lega-

1832 1458 1946 1502 tum
1973 1446 2269 1517 postulavit
2301 1460 2331 1499 a
2358 1443 2545 1507 Petro,
2576 1442 2838 1497 ccutinuo
2866 1447 2925 1492 ut
2953 1438 3179 1498 veniret,
3205 1450 3315 1505 quo
3345 1448 3407 1489 se

1835 1538 2247 1592 nancisceretur
2281 1535 2498 1598 vivum,
2532 1545 2587 1588 et
2622 1532 2676 1586 in
2726 1531 2914 1586 urbem
2957 1528 3227 1583 desiderio
3259 1526 3406 1580 illius

1833 1628 2149 1699 ﬂagrantem
2197 1636 2503 1698 opportune
2548 1623 2881 1695 adventaret.
2928 1619 3140 1686 Quibus
3167 1618 3404 1681 audltis,

1834 1721 2027 1776 Petrus
2067 1721 2335 1791 plurimos
2367 1719 2435 1773 ad
2481 1717 2750 1788 agendum
2796 1724 3123 1771 conventum
3158 1711 3404 1776 adduxit,

141 1788 523 1858 καταστήσας,
572 1788 669 1840 καὶ
721 1788 1013 1858 ἰασάμενος
1050 1787 1279 1851 πολλοὺς
1311 1788 1405 1840 καὶ
1441 1786 1726 1857 βαπτίσας,

1832 1823 1884 1869 et
1909 1786 2225 1883 episcopum
2254 1786 2559 1876 constituit,
2595 1810 2797 1863 multos
2842 1805 3055 1860 curavit
3086 1814 3247 1873 atque
3274 1804 3407 1871 bap-

141 1879 347 1950 ήμέρας
375 1882 667 1950 ἐπιμείνας
685 1884 835 1951 τρεῖς
870 1884 936 1951 τῇ
977 1880 1286 1952 Λαοδικείᾳ,
1330 1880 1421 1932 ἐπὶ
1445 1880 1542 1949 τὴν
1586 1879 1725 1950 πλη-

146 1971 250 2024 σίον
282 1974 553 2044 ὁρμήσειν
595 1973 924 2043 Ἀντιόχειαν
955 1972 1211 2025 ἔσπευσε.

208 2109 385 2164 CXLI.
424 2110 540 2163 Καὶ
580 2110 646 2181 δὴ
677 2110 776 2180 τὴν
813 2108 967 2162 πόλιν
994 2107 1388 2171 καταλαϐόντα,
1422 2108 1484 2162 τὸ
1525 2107 1728 2178 πλῆθος

149 2202 445 2279 συνδραμὸν
473 2203 623 2257 ἅπαν
654 2201 793 2272 μετὰ
821 2202 994 2272 χαρᾶς
1021 2199 1335 2266 ὑπεδέξατο,
1366 2200 1442 2263 ὼς
1469 2200 1569 2269 τῆς
1598 2198 1729 2270 ἀλη-

145 2295 286 2359 θείας
317 2297 540 2367 κήρυκα
581 2296 675 2347 καὶ
703 2294 1020 2347 ἀπόστολον.
1059 2293 1509 2365 Προσευξάμενος
1535 2293 1592 2346 δὲ
1634 2292 1728 2347 καὶ

142 2388 317 2457 χεῖρας
346 2385 534 2448 αὐτοῖς
570 2384 811 2448 ἐπιθεὶς,
856 2386 1063 2448 πάντας
1104 2384 1231 2447 τοὺς
1273 2382 1461 2446 κακῶς
1508 2383 1729 2454 ἔχοντας

144 2476 523 2548 ἐθεράπευσεν,
554 2476 651 2529 ἕνα
678 2494 737 2529 τε
772 2477 905 2529 Θεὸν
947 2478 1004 2529 ἐν
1037 2477 1217 2547 τρισὶν
1240 2476 1605 2529 ὑποστάσεσιν
1635 2474 1726 2527 εὐ-

146 2568 601 2639 αγγελισάμενος,
636 2570 729 2621 καὶ
776 2567 945 2621 πολλὰ
977 2567 1193 2632 διδάξας
1231 2567 1430 2631 αὐτοὺς
1471 2566 1600 2639 περὶ
1630 2584 1727 2639 μο-

143 2660 377 2733 ναρχίας.
406 2656 543 2713 Εἶτα
573 2662 710 2731 πρδς
754 2660 853 2731 τὴν
888 2660 1067 2727 ξενίαν
1100 2660 1390 2731 ἀπῄειμεν.
1424 2660 1588 2722 Γνοὺς
1611 2660 1669 2712 δὲ
1700 2660 1729 2711 6

146 2750 309 2821 γέρων
341 2753 424 2806 ὅτι
449 2753 663 2824 Πέτρος
697 2753 903 2824 παρῆν,
935 2751 1325 2825 προσδραμὼν,
1360 2753 1551 2806 ἐαυτόν
1573 2770 1631 2805 τε
1660 2754 1726 2824 τῇ

146 2843 208 2911 τῇ
238 2842 739 2913 προσκαταϐαλὼν,
788 2842 859 2896 τὰ
902 2844 1111 2897 ἐκείνου
1163 2843 1544 2913 κατησπάζετο
1582 2844 1726 2914 ἴχνη,

148 2930 300 2997 ἀξιῶν
338 2933 418 3005 τῷ
465 2934 596 3003 θείῳ
650 2934 1005 3005 τελειωθῆναι
1050 2934 1428 3005 βαπτίσματι,
1477 2933 1617 2987 ὥστε
1666 2934 1728 2987 τὸ

149 3026 356 3095 ἀρχαῖόν
404 3044 464 3079 τε
510 3026 613 3098 τῆς
652 3026 831 3097 ψυχῆς
872 3026 1068 3089 κάλλος
1095 3028 1187 3079 καὶ
1235 3026 1332 3098 τὴν
1374 3009 1588 3098 μορξῖὴν
1630 3025 1726 3079 τοῦ

151 3114 382 3187 σώματος
406 3116 703 3171 ἀπολαϐεῖν
730 3116 819 3171 διὰ
850 3117 945 3170 τοῦ
987 3118 1379 3189 βαπτίσματος,
1416 3119 1508 3170 καὶ
1536 3134 1726 3170 κοινω-
1752 3148 1794 3205 C

149 3204 231 3268 νὸς
251 3206 355 3259 τῶν
388 3205 680 3278 ἀχράντων
711 3206 965 3275 γενέσθαι
992 3207 1085 3260 τοῦ
1100 3207 1355 3293 ἔριστοῦ
1394 3207 1723 3279 μυστηρίων.

147 3297 247 3349 Καὶ
275 3300 303 3353 6
349 3299 559 3370 Πέτρος
604 3299 920 3369 κατηχήσας
966 3297 1159 3363 αὐτὸν,
1190 3297 1427 3369 εἰρηκώς
1465 3316 1522 3351 τε
1559 3297 1731 3351 πολλὰ

148 3389 268 3460 περὶ
292 3390 571 3463 σωτηρίας
593 3429 607 3454 ,
652 3390 745 3442 ἐπὶ
776 3388 919 3442 τέλει
960 3390 1014 3443 δὲ
1061 3390 1154 3443 καὶ
1198 3389 1355 3443 τοῦτο
1380 3388 1569 3452 εἰπὼν,
1604 3390 1678 3453 ὡς
1701 3391 1730 3442 6

150 3480 337 3552 Κύριος
377 3482 536 3554 ἡμῶν
582 3480 793 3554 Ἰησοῦς
813 3482 1047 3553 Χριστὸς
1090 3484 1118 3535 6
1154 3482 1283 3546 Υἱὸς
1326 3480 1421 3535 τοῦ
1448 3481 1581 3535 Θεοῦ
1617 3485 1729 3545 τοῖς

152 3550 410 3643 μαθηταῖς
420 3550 430 3553 ﬁ
451 3550 830 3644 ἐντελλόμενᾶ
850 3550 878 3602 ⁸-
910 3568 974 3625 ’0
1020 3573 1441 3637 manticae",
1472 3573 1598 3643 ἔφη,
1630 3572 1727 3625 καὶ

147 3662 516 3731 βαπτισθεὶς,
551 3662 923 3729 σωθήσεταιο
971 3664 1092 3716 καί·
1146 3666 1310 3718 Κατὰ
1359 3665 1473 3733 τὴν
1521 3666 1728 3717 πίστιν

150 3769 256 3807 σου
292 3756 598 3825 γενηθήτω
646 3772 745 3809 σοι
796 3756 878 3822 ὠς
915 3755 1128 3820 θέλεις.
1178 3757 1441 3828 Ἐπείπερ
1480 3759 1508 3810 6
1540 3756 1727 3826 καιρὸς

154 3842 275 3913 πρὸς
299 3845 535 3917 ἐσπέραν
574 3841 663 3915 ἦν,
692 3846 897 3917 τροφῆς
932 3846 1334 3916 μεταλαϐόντας
1379 3848 1503 3879 ⁹⁰·⁹³
1529 3887 1543 3912 ,
1582 3847 1721 3919 μετὰ

150 3936 239 4007 τὴν
266 3938 465 4012 συνήθη
493 3939 681 4010 εὐχὴν,
714 3940 742 3993 6
772 3938 937 4003 ὕπνος
958 3939 1007 3971 ’δ
1034 3939 1324 4011 ἐλάμϐανε.

215 4109 409 4167 CXLII.
447 4114 528 4185 Τῇ
557 4113 612 4166 δὲ
643 4112 874 4187 ἐπιούσῃ
900 4112 1273 4185 όρθριαίτερον
1300 4113 1461 4166 πάλιν
1479 4112 1721 4177 ἀναστὰς

153 4202 177 4253 6
201 4203 409 4275 Πέτρος,
438 4208 535 4259 καὶ
563 4204 1030 4277 προσευξάμενος,
1064 4207 1449 4276 μετακαλεῖται
1476 4207 1571 4258 σὺν
1592 4207 1721 4275 ἡμῖν

152 4288 231 4343 τὸν
258 4295 490 4366 πατέρα,
516 4295 629 4349 καὶ·
664 4296 932 4365 Σήμερον,
963 4288 1007 4346 ὦ
1035 4294 1273 4363 ἀδελφοὶ,
1306 4294 1473 4363 λέγει,
1512 4292 1719 4364 μεγάλη

150 4382 281 4452 χαρὰ
317 4383 522 4451 γίνεται
547 4386 605 4436 ἐν
637 4382 717 4454 τῷ
746 4381 979 4453 οὐρανῷ,
1007 4383 1099 4434 ἐπὶ
1144 4385 1209 4453 τῇ
1242 4382 1559 4453 θεοδωρήτῳ
1584 4382 1717 4434 ἀνα-

1828 1906 2035 1970 tizavit,
2071 1906 2361 1974 triduoque
2398 1902 2681 1957 Laodiceae
2720 1908 2979 1969 praeterea
3012 1903 3405 1957 commoratus,

1826 1999 2175 2053 Antiochiam
2204 1996 2567 2067 propinquam
2618 1992 2891 2050 civitatem
2921 1992 3071 2046 adire
3108 1989 3404 2046 festinavit.

1899 2088 2082 2145 CXLI.
2126 2088 2192 2143 Et
2244 2089 2465 2158 quidem
2515 2102 2640 2143 cum
2688 2088 2753 2141 ad
2792 2087 2982 2140 urbem
3030 2085 3404 2153 pervenisset,

1831 2184 2123 2237 universus
2174 2182 2410 2251 populus
2444 2194 2771 2245 accurrcus,
2819 2194 2942 2233 cum
2980 2178 3180 2248 gaudio
3225 2177 3405 2246 ipsum

1827 2274 2058 2344 excepit,
2086 2281 2343 2341 tanquam
2375 2270 2622 2325 veritatis
2644 2283 2952 2340 praeconem
2982 2277 3035 2321 et
3062 2266 3396 2335 apostolum.

1829 2371 2090 2426 Precibus
2127 2378 2308 2423 autem
2347 2366 2509 2426 fusis.
2541 2374 2594 2419 et
2637 2364 2892 2418 manibus
2927 2378 3091 2444 super
3130 2375 3228 2415 eos
3254 2360 3406 2429 posi-

1829 2464 1917 2529 tis,
1958 2462 2231 2516 uuiversis
2282 2459 2426 2514 male
2455 2458 2785 2512 habentibus
2819 2455 3002 2510 attulit
3030 2454 3359 2509 medicinam
3388 2469 3403 2506 :

1831 2556 1957 2610 item
2007 2569 2177 2607 uuum
2227 2552 2397 2607 Deum
2442 2552 2495 2605 in
2546 2551 2721 2605 tribus
2757 2547 3007 2617 personis
3041 2546 3405 2608 annuntiavit.

1829 2650 2193 2721 pluribusque
2228 2662 2326 2701 eos
2377 2646 2443 2698 de
2474 2644 2639 2697 unius
2686 2643 2929 2695 numinis
2970 2638 3277 2711 principatu
3310 2638 3410 2691 do-

1830 2742 1961 2796 cuit.
2004 2739 2207 2794 Deinde
2238 2738 2303 2791 ad
2334 2736 2632 2805 hospitium
2679 2750 2780 2788 nos
2827 2734 3154 2802 reCepimus.
3204 2730 3409 2784 Intelli-

1829 2849 1962 2904 gens
2008 2841 2187 2887 autem
2229 2845 2394 2883 senex
2434 2827 2651 2883 Petrum
2679 2827 2891 2891 adesse,
2934 2825 3199 2889 accurrit,
3242 2838 3411 2894 seque

1829 2924 2092 2993 dejiciens
2123 2923 2177 2976 in
2211 2929 2412 2975 terram
2440 2960 2455 2983 ,
2507 2918 2653 2972 illius
2702 2917 2867 2985 pedes
2921 2916 3406 2984 complectebatur,

1829 3032 2030 3087 rogans
2065 3023 2123 3069 ut
2171 3014 2358 3069 divino
2389 3011 2719 3081 baptismate
2751 3017 3263 3073 cousummaretur;
3298 3022 3409 3075 quo

1829 3108 2107 3176 antiquam
2136 3105 2333 3159 animm
2365 3101 2843 3172 pulchritudinem,
2871 3108 2925 3153 et
2965 3098 3193 3152 formam
3217 3113 3411 3167 corpo-

1834 3197 1910 3251 ris
1952 3195 2219 3265 reciperet
2270 3209 2367 3263 per
2414 3191 2779 3261 baptismum,
2834 3190 3094 3259 fieretque
3138 3191 3411 3259 particeps

1829 3290 2277 3345 intemeratorum
2298 3285 2502 3340 Christi
2532 3283 2939 3355 mysteriorum.
2972 3281 3035 3335 Et
3059 3280 3272 3346 Petrus,
3296 3291 3409 3334 tra-

1830 3381 1941 3435 dita
1966 3380 2014 3434 ei
2039 3378 2367 3433 Christianae
2401 3376 2685 3446 religionis
2711 3375 2983 3437 doctrina,
3018 3374 3314 3442 multisque
3342 3376 3410 3429 de

1830 3472 2004 3525 salute
2043 3469 2287 3539 prolatis,
2330 3470 2546 3523 tandem
2598 3469 2702 3521 hoc
2732 3466 2939 3520 addidit
2973 3464 3266 3519 Dominum
3311 3482 3410 3520 no-

1829 3574 2000 3620 strum
2038 3562 2223 3618 Jesum
2254 3562 2534 3617 Christum
2576 3562 2773 3614 Filium
2806 3560 2919 3620 Dei.
2948 3560 3001 3613 in
3035 3559 3307 3615 mandatis
3340 3560 3408 3614 ad

1828 3654 2129 3722 discipulos
2180 3653 2426 3707 dixisse:
2487 3652 2592 3717 Qui
2632 3652 2954 3715 crediderit,
3004 3661 3053 3704 et
3106 3651 3407 3720 baptizatus

1829 3744 2010 3813 fuerit,
2038 3743 2214 3797 salvus
2242 3745 2341 3795 erit
2365 3743 2442 3808 ’°;
2471 3753 2523 3796 et
2553 3760 2567 3795 :
2601 3742 2904 3797 Secundum
2935 3742 3095 3810 [idem
3136 3751 3281 3795 tuam
3310 3742 3409 3811 ﬁat

1829 3836 1925 3889 tibi
1954 3837 2090 3889 sicut
2121 3837 2192 3888 ris
2219 3836 2284 3887 ¹⁹¹.
2309 3834 2569 3904 Cumque
2598 3844 2811 3903 tempus
2835 3835 2900 3887 ad
2933 3849 3213 3903 vesperam
3247 3834 3400 3889 iucli-

1825 3935 2001 3990 uarct,
2033 3927 2217 3981 eihqu
2272 3926 2647 3995 sumpsimus;
2701 3935 2753 3979 ct
2798 3935 2919 3995 post
2964 3926 3178 3979 solitam
3220 3940 3407 3994 preca-

1826 4021 2054 4085 tionem,
2082 4034 2310 4073 somnus
2335 4035 2435 4072 ηοε
2461 4018 2768 4087 occupavit.

1893 4108 2099 4164 CXLII.
2146 4109 2404 4179 Sequenti
2432 4126 2562 4163 vero
2586 4109 2672 4162 die
2698 4107 2892 4162 Petrus
2915 4108 3111 4163 iterum
3138 4110 3405 4165 maturius

1824 4216 2091 4270 surgens,
2149 4209 2440 4269 postquam
2489 4209 2687 4261 oravit,
2729 4208 2937 4268 patrem
2976 4207 3029 4252 et
3076 4214 3176 4252 nos
3221 4214 3407 4253 accer-

1823 4296 1984 4361 sivit;
2015 4303 2105 4349 et:
2134 4293 2327 4357 Hodie,
2371 4293 2567 4363 inquit,
2604 4293 2819 4357 fratres,
2842 4307 3097 4362 maguum
3147 4292 3402 4361 gaudium

1822 4388 2026 4440 orietur
2055 4386 2108 4440 iu
2129 4386 2269 4441 emlo
2283 4386 2349 4450 ",
2371 4393 2589 4455 prOpter
2612 4385 2853 4436 divinum
2881 4399 3082 4438 muuus
3116 4398 3407 4438 renascen-

150 4474 379 4545 γεννήσει
413 4473 507 4527 τοῦ
538 4474 705 4527 καλοῦ
744 4474 1001 4545 γέροντος
1026 4473 1289 4526 Φαύστου.
1320 4474 1431 4526 Καὶ
1470 4474 1718 4544 παραλα-

1832 4481 1908 4534 ria:
1956 4478 2083 4533 houi
2121 4478 2268 4533 senis
2308 4475 2537 4530 Fausti.
2578 4474 2829 4544 Cumque
2899 4491 2998 4529 nos
3073 4475 3405 4545 assumpsis-

155 4562 251 4618 ϐὼν
269 4568 408 4638 ἡμᾶς
430 4569 683 4640 ἐξῄειμεν
710 4566 849 4621 κατὰ
873 4565 1137 4629 ἀνατολὰς
1156 4566 1256 4637 τῆς
1278 4566 1507 4630 πόλεως,
1530 4565 1657 4619 ἔνθα
1671 4566 1717 4597 9³

152 4649 212 4724 ἦν
231 4655 389 4713 ὕδατα
418 4659 590 4712 πολλά
610 4676 670 4712 τε
700 4659 794 4712 καὶ
821 4657 1056 4729 καθαρὰ,
1081 4658 1173 4710 καὶ
1205 4656 1365 4727 μόνον
1393 4657 1484 4710 τὸν
1504 4658 1718 4729 πατέρα

150 4744 311 4802 λαϐὼν
349 4750 473 4822 ἰδίᾳ,
508 4755 827 4822 κατηχήσας
866 4768 927 4803 τε
958 4749 1128 4803 πολλὰ
1171 4749 1267 4803 καὶ
1298 4748 1517 4815 διδάξας
1558 4750 1719 4803 αὐτὸν

154 4836 214 4888 τὰ
242 4840 361 4910 περὶ
391 4840 528 4894 Θεοῦ
571 4842 664 4895 καὶ
708 4842 811 4912 τῆς
837 4840 926 4895 διὰ
974 4841 1175 4912 σαρκὸς
1201 4839 1363 4893 αὐτοῦ
1407 4840 1544 4912 πρὸς
1573 4842 1719 4911 ἡμᾶς

156 4928 441 5001 ἐπιδημίας,
459 4932 751 4987 ἐϐάπτισεν
780 4932 941 4985 αὐτὸν
964 4934 1045 4995 είς
1069 4932 1131 4984 τὸ
1161 4930 1331 5002 ὄνομα
1362 4931 1458 4985 τοῦ
1484 4931 1715 5003 Πατρός,

156 5022 236 5074 καὶ.
270 5024 355 5077 τοῦ
386 5026 541 5089 Υίού,
576 5028 669 5081 καὶ
715 5026 809 5080 τοῦ
839 5026 996 5095 ἁγίου
1043 5026 1391 5097 Πνεύματος·
1424 5025 1519 5078 καὶ
1556 5025 1717 5095 ἄρτον

1820 4579 1926 4633 set,
1961 4567 2171 4641 egressi
2204 4582 2397 4622 sumus
2433 4566 2499 4619 ad
2532 4565 2648 4619 loca
2690 4563 2981 4617 orieutalia
3017 4563 3275 4627 civitatis,
3309 4564 3402 4618 ubi

1824 4661 2013 4715 multa:
2066 4668 2224 4715 erant
2281 4672 2437 4727 aquae
2489 4671 2555 4711 ac
2612 4670 2795 4724 purae:
2852 4654 3138 4724 solumque
3192 4664 3400 4725 patrem

1826 4765 2073 4806 seorsum
2108 4764 2352 4813 sumens,
2385 4747 2685 4815 multisque
2719 4746 3032 4809 instituens,
3073 4747 3401 4817 tradensque

1826 4841 1900 4895 illi
1927 4841 2231 4894 doctrinam
2272 4838 2339 4893 de
2372 4838 2482 4891 Deo
2507 4837 2737 4907 ejusque
2769 4837 2821 4889 in
2857 4852 3021 4891 caruc
3064 4838 3130 4891 ad
3177 4854 3276 4891 nos
3305 4839 3400 4892 ad-

1826 4941 2010 4996 ventu,
2048 4931 2344 5001 baptizavit
2375 4945 2498 4985 eum
2534 4930 2586 4982 in
2616 4928 2834 4983 nomine
2858 4927 3052 4992 Patris,
3086 4938 3138 4983 et
3170 4928 3312 4993 Filii,
3346 4940 3401 4985 et

1824 5023 2065 5094 Spiritus
2098 5022 2273 5077 sancti
2302 5041 2314 5076 :
2342 5036 2581 5091 cumque
2620 5036 2814 5089 panem
2840 5022 3163 5089 accepisset,
3195 5023 3399 5091 gratias

155 5108 345 5180 λαϐὼν,
378 5118 775 5189 εὐχαριστήσας
805 5135 865 5170 τε
898 5118 994 5171 καὶ
1039 5116 1376 5188 εὐλογήσας,
1421 5116 1529 5169 τῶν
1548 5116 1716 5188 ἱερῶν

1832 5114 2014 5184 :gissct
2032 5129 2095 5167 ac
2119 5110 2663 5175 benedixisset,sacra
2684 5109 2783 5179 ipsi
2802 5110 3053 5181 mysteria
3080 5110 3394 5180 impertivit.

156 5202 287 5275 αὐτῷ
339 5211 584 5261 κοινωνεῖ
634 5208 968 5281 μυστηρίων.
997 5208 1108 5262 Καὶ
1154 5203 1299 5279 ἦμεν
1332 5206 1466 5278 όμοΰ
1513 5208 1714 5272 πάντες

1832 5206 1888 5260 Et
1920 5221 2139 5259 eramus
2176 5205 2379 5273 pariter
2407 5203 2591 5258 cuncti
2624 5203 2676 5255 in
2722 5201 2953 5256 Domino
2996 5212 3159 5257 noctu
3207 5218 3271 5258 ac
3314 5204 3398 5257 in-

157 5293 527 5369 ἀγαλλιώμενοι
565 5300 623 5353 ἐν
661 5300 849 5371 Κυρίῳ
900 5299 1063 5353 νύκτα
1094 5317 1155 5353 τε
1194 5300 1287 5353 καὶ
1322 5297 1438 5371 μεθ’
1478 5299 1710 5371 ἡμέραν,

1832 5295 1996 5349 .erdiu
2027 5295 2386 5357 exsultantes,
2414 5303 2527 5347 tum
2560 5292 2627 5346 de
2654 5292 2824 5361 patris
2854 5307 2952 5360 per
2982 5292 3224 5346 divinum
3270 5291 3394 5361 Spi-

156 5384 237 5437 ἒπί
261 5405 314 5441 τε
334 5393 397 5465 τῇ
423 5390 518 5446 τοῦ
544 5392 751 5465 πατρὸς
774 5391 862 5445 διὰ
878 5392 925 5424 ⁸⁸
950 5391 1045 5445 τοῦ
1076 5392 1223 5445 θείου
1254 5390 1563 5463 πνεύματος
1585 5392 1714 5446 ἀνα-

218 5507 243 5536 ι
268 5495 423 5557 Mare.
472 5518 585 5569 xvr,
615 5501 704 5558 16.
781 5501 810 5542 ι’
849 5500 1040 5557 Matth.
1070 5517 1148 5568 Ix,
1181 5501 1270 5557 29.
1346 5512 1369 5541 ο
1412 5500 1547 5557 Luc.
1584 5518 1674 5567 xv,
1705 5500 1755 5553 7.

1818 5385 1982 5439 ritum
2022 5384 2323 5439 instaurata
2352 5382 2654 5444 nativitate,
2690 5391 2802 5435 tum
2846 5383 2914 5436 de
2946 5381 3227 5436 auditione
3264 5396 3393 5435 ora-

1399 5590 1638 5648 VARLE
1675 5588 2075 5646 LECTIONES.

219 5677 455 5755 "ﬂdccst
484 5686 535 5741 in
561 5689 632 5741 al.
710 5687 755 5723 ⁸⁸
793 5686 843 5742 al
907 5684 1245 5755 συναγαγών.
1322 5686 1367 5719 ⁸⁹
1387 5685 1536 5741 deest
1563 5684 1617 5740 iu
1643 5684 1719 5740 al.
1797 5682 1987 5738 "'"al
2026 5681 2440 5755 μεταλαϐόντες.
2500 5679 2545 5715 ³⁵
2584 5680 2655 5735 al.
2705 5679 2869 5735 inscr.
2932 5679 3097 5749 ἡμᾶς.
3158 5678 3204 5712 ’⁸
3238 5677 3388 5735 deri

162 5749 206 5800 in
228 5753 295 5803 al.
366 5755 410 5787 “
436 5758 508 5811 al.
550 5759 656 5813 ἐπί.
