3834 6220
480 244 549 298 79

1279 244 1335 299 S.
1377 244 1764 302 CLEMENTIS
1804 247 1823 300 I
1865 247 2028 304 ROM.
2074 249 2275 306 ΡΟΝΤ.
2318 251 2546 309 OPERA
2588 254 2819 311 DUBIA.

3644 259 3751 315 580

444 359 547 416 lica
575 359 666 414 Dei
726 358 989 417 Ecclesia.
1048 361 1153 428 Qui
1202 366 1414 435 negotia
1472 365 1721 436 quaedam
1782 367 1925 420 inter
1958 381 2018 421 se

2179 366 2253 420 ευῦ
2283 367 2432 421 ἔσται
2480 369 2741 441 καθολικὴ
2787 371 3100 441 Ἐκκλησία.
3148 371 3212 425 Oi
3252 371 3589 446 πράγματά
3621 390 3747 427 τινα

444 450 675 517 habent,
708 454 849 523 apud
896 451 1150 510 Ecclesiae
1188 456 1532 528 presbyteros
1579 456 1927 525 judicentur;
1962 467 2016 512 et

440 544 588 612 quod
621 545 821 600 bonum
852 556 936 601 est
968 550 1349 619 contemplati,
1384 551 1803 605 reconcilientur
1830 565 1844 603 :
1879 566 2013 607 neve

440 635 508 690 ad
546 636 835 692 tribunalia
870 638 1065 695 fratres
1120 642 1412 706 trahitote;
1458 642 1696 711 iudicari
1744 644 1893 698 enim
1945 645 2016 699 ab

440 729 716 784 extraneis
756 745 818 786 ac
843 731 1097 797 ethnicis,
1126 733 1176 785 id
1205 748 1334 787 vero
1371 734 1667 788 infidelium
1693 747 1804 800 CSI;
1839 752 2016 805 quan-

440 818 732 889 doquidem
760 832 834 888 et,
866 821 1091 893 Angelos
1105 824 1471 893 judicabimus
1504 839 1531 866 ι
1557 868 1572 891 ,
1610 827 1871 896 scriptum
1906 838 2008 881 est.

442 911 617 982 Super
646 914 850 980 omnia,
898 925 953 969 et
1003 926 1130 971 ante
1183 920 1366 972 omnia
1416 931 1688 986 pastorem
1724 921 1796 975 ita
1831 921 2013 975 intue-

438 1002 595 1067 mini,
622 1012 680 1057 ut
710 1020 795 1058 me
828 1004 1048 1060 Petrum
1076 1046 1091 1073 ,
1132 1007 1224 1077 qui
1265 1023 1295 1062 a
1346 1006 1456 1063 Deo
1499 1010 1705 1065 electus
1749 1021 1833 1066 est
1856 1012 2009 1065 vobis

435 1094 490 1148 in
522 1096 865 1165 magistrum.

504 1188 757 1242 CXLVII.
804 1188 879 1244 Ita
907 1206 1033 1245 cum
1080 1203 1410 1260 perorasset.
1445 1202 1499 1248 et
1534 1209 1718 1248 coram
1753 1194 2013 1250 omnibus

434 1298 631 1338 manus
675 1284 809 1337 mihi
853 1285 1228 1353 imposuisset,
1283 1286 1336 1340 in
1394 1302 1494 1340 sua
1528 1287 1787 1341 cathedra
1822 1288 2012 1343 sedere

433 1373 561 1429 fecit
597 1392 609 1428 :
645 1390 883 1445 cumque
928 1377 1215 1441 sedissem,
1260 1376 1365 1430 hoc
1412 1377 1546 1430 mihi
1596 1378 1777 1432 statim
1826 1378 2009 1433 dixit:

430 1464 542 1521 Oro
578 1476 629 1521 te
655 1482 839 1520 coram
873 1468 1127 1523 omnibus
1175 1468 1271 1537 qui
1301 1468 1521 1531 adsunt,
1558 1470 1695 1523 meis
1725 1468 2009 1537 fratribus,

430 1565 493 1610 ut
519 1557 737 1626 quando
774 1573 839 1610 ex
874 1557 975 1611 hac
998 1557 1113 1611 .vita
1164 1558 1495 1628 migrat-ero,
1546 1561 2009 1627 quemadmodum

431 1646 525 1701 Dei
555 1647 770 1701 censuit
801 1647 1139 1717 providentia
1165 1687 1179 1711 ,
1204 1650 1388 1702 omnia
1417 1648 1638 1703 domino
1667 1647 1871 1705 Iacobo
1900 1650 2012 1704 fra-

430 1738 498 1791 tri
540 1737 751 1791 Domini
785 1738 891 1791 mei
930 1738 1342 1807 compendiario
1390 1739 1670 1794 describas
1713 1749 1767 1795 et
1801 1743 2008 1807 mittas,

428 1830 593 1884 etiam
633 1846 805 1900 usque
840 1830 906 1883 ad
957 1828 1201 1899 pueritia!
1228 1840 1333 1886 tua:
1354 1832 1608 1897 consilia,
1655 1841 1711 1886 et
1744 1836 2009 1903 quemad-

429 1920 652 1974 modum
707 1920 775 1974 ab
808 1920 963 1974 initio
992 1920 1057 1974 ad
1087 1921 1189 1975 hoc
1224 1936 1396 1990 usque
1420 1931 1634 1991 tempus
1658 1938 1872 1978 mecum
1906 1925 2011 1979 iter

426 2012 643 2079 feceris,
694 2014 923 2067 audiens
965 2028 1250 2067 sermones
1281 2021 1335 2067 et
1380 2022 1536 2067 actus
1566 2028 1596 2067 a
1627 2029 1715 2068 me
1742 2016 2007 2084 μηδίσας

430 2114 514 2159 tus
544 2124 558 2159 :
590 2105 783 2160 deinde
812 2107 865 2159 in
903 2105 1028 2170 line,
1061 2116 1115 2160 et
1144 2105 1338 2160 mortis
1360 2121 1495 2160 meae
1519 2121 1765 2173 causam,
1796 2117 1855 2161 ut
1882 2118 2009 2163 ante

426 2198 561 2262 dixi,
592 2198 834 2252 indicare
868 2213 934 2252 ne
967 2197 1212 2251 omittas.
1257 2194 1378 2250 Non
1428 2198 1575 2251 enim
1618 2198 1721 2251 hoc
1758 2198 1805 2252 ei
1840 2199 2009 2253 mole-

427 2291 587 2344 stiam
616 2290 857 2356 creabit;
892 2298 949 2343 ut
979 2290 1072 2359 qui
1104 2298 1257 2343 certo
1293 2288 1451 2354 sciat,
1485 2305 1571 2343 me
1600 2288 1748 2359 quod
1783 2286 2007 2344 omn'ino

425 2382 536 2449 pati
565 2382 856 2445 debebam,
892 2382 978 2450 pie
1014 2380 1341 2435 reddidisse.
1377 2377 1673 2434 Maximum
1707 2388 1888 2435 autem
1919 2396 2009 2436 so-

424 2474 613 2530 latium
643 2472 882 2536 habebit,
909 2473 1129 2542 quando
1157 2472 1350 2537 discet,
1380 2483 1505 2541 post
1533 2489 1639 2539 me,
1668 2488 1774 2526 non
1799 2473 2007 2529 homini

424 2565 677 2634 imperito
702 2580 768 2618 ac
799 2564 1043 2617 ritalium
1070 2562 1359 2617 verborum
1394 2563 1605 2632 ignaro,
1627 2564 1721 2619 sed
1753 2561 2010 2620 Ecclesia:

424 2672 689 2712 cauonem
713 2655 958 2710 omnium
990 2656 1225 2710 maxime
1272 2655 1504 2721 scienti,
1543 2655 1857 2710 cathedram
1910 2656 2009 2711 do-

424 2750 595 2804 ctoris
652 2748 911 2802 creditam
974 2746 1163 2802 fuisse.
1198 2746 1467 2814 Quocirca
1497 2762 1619 2817 ego,
1668 2748 1887 2803 domine
1932 2749 2006 2804 mi

423 2840 647 2905 Jacobe,
665 2856 791 2895 cum
824 2840 1081 2910 magister
1111 2839 1305 2895 Petrus
1338 2841 1452 2895 haec
1491 2841 1626 2895 mihi
1656 2842 2005 2911 praeceperit;

425 2933 572 3001 quod
620 2933 830 3002 justum
879 2940 983 2995 est,
1027 2930 1303 3000 complere
1351 2946 1457 2986 non
1508 2931 1712 2986 veritus
1760 2948 1904 2998 sum,
1952 2942 2010 2987 et

424 3024 587 3093 quasi
634 3024 689 3077 in
737 3021 1066 3091 compendio
1111 3004 1209 3075 tibi
1245 3031 1444 3076 cuncta
1496 3031 1624 3076 nota
1680 3020 1885 3084 facere.
1934 3024 2008 3078 ita

427 3119 690 3189 inscripto
712 3118 893 3187 operis
923 3126 1284 3186 argumento:
1318 3115 1609 3171 Clementis
1633 3156 1648 3182 ,
1683 3115 1842 3172 Petri
1860 3133 2007 3188 pere-

423 3211 781 3280 grinationum
805 3218 855 3262 et
879 3210 1321 3278 praedicationum
1350 3208 1617 3276 Epitome.

494 3299 773 3356 CXLVIII.
811 3299 935 3355 llaec
977 3300 1161 3371 itaque
1205 3310 1290 3355 est
1328 3302 1487 3370 plena
1525 3300 1767 3356 caelestis
1796 3300 2005 3371 gratim,

424 3391 569 3446 Petri
604 3392 979 3463 apostolorum
1011 3392 1277 3461 principis
1318 3392 1825 3462 peregrinationum
1882 3408 2012 3447 nar-

423 3486 585 3547 ratio,
614 3501 735 3553 qua:
766 3485 932 3540 simul
960 3494 1015 3539 et
1054 3484 1515 3553 compendiariam
1543 3485 1662 3555 ejus
1700 3484 2007 3540 doctrinam

423 3578 703 3643 continet;
733 3587 785 3631 et
815 3576 999 3647 magni
1028 3576 1447 3647 admirandique
1483 3576 1782 3633 Clementis
1814 3578 2005 3645 vitam,

424 3668 570 3720 νιιιιιι
610 3668 664 3720 in
719 3667 901 3721 tabula
942 3666 1188 3721 oratione
1222 3667 1508 3736 exprimit;
1546 3668 2005 3737 quemadmodum

2042 1876 2083 1930 Β

2035 3229 2079 3287 C

427 3760 539 3828 ipse
574 3759 641 3813 ad
677 3758 941 3813 Iacobum
985 3759 1209 3813 fratrem
1255 3758 1472 3813 Domini
1514 3761 1763 3816 scribens
1794 3761 2004 3817 indica-

423 3866 446 3901 ι
463 3855 520 3904 it.
555 3848 725 3903 Porro
763 3849 1041 3904 ardentem
1064 3849 1362 3905 Clementis
1387 3864 1515 3920 erga
1541 3848 1712 3904 Deum
1739 3865 2003 3916 amorem,

422 3953 478 3997 et
514 3956 772 4011 magnum
800 3941 949 3994 illum
977 3956 1076 4009 pro
1116 3939 1317 4009 pietate
1348 3940 1548 4004 zelum,
1580 3941 1860 3995 declarare
1882 3957 2007 4011 pos-

424 4041 549 4087 sun'
582 4048 646 4088 ea
683 4047 805 4101 quze
832 4031 976 4087 dicta
1002 4040 1162 4095 sunt,
1205 4032 1510 4101 praesertim
1542 4041 1723 4087 autem
1774 4034 2005 4089 manife-

423 4125 855 4182 stabitomnium
882 4124 1230 4195 apertissime
1251 4124 1368 4194 ipse
1394 4139 1491 4195 per
1521 4125 1846 4196 martyrium
1878 4126 2003 4183 linis

421 4222 566 4277 vitat.

492 4309 727 4367 CXLIX.
770 4307 988 4364 Tertius
1026 4308 1172 4363 enim
1225 4315 1348 4377 post
1390 4322 1648 4378 magnum
1687 4307 1909 4363 Petrum
1947 4311 2000 4365 in

420 4407 639 4461 excelso
667 4401 928 4457 Romana:
951 4400 1205 4455 Ecclesize
1237 4400 1434 4453 throno
1462 4400 1680 4465 sedens,
1712 4400 2003 4472 ipsumque

420 4498 638 4552 virtutis
663 4504 938 4550 certamen
975 4491 1313 4561 suscipiens,
1360 4490 1608 4560 magistri
1642 4492 1885 4561 vestigiis
1915 4494 1999 4547 in-

2126 460 2247 529 μετ*
2276 459 2517 531 άλλήλων
2550 461 2763 531 ἔχοντες
2783 500 2798 524 ,
2824 462 2917 515 ἐπὶ
2956 463 3065 515 τῶν
3091 462 3190 532 τῆς
3217 464 3577 536 Ἐκκλησίας
3608 482 3749 535 πρε-

2122 544 2398 617 σϐυτέρων
2420 547 2811 618 κρινέσθωσαν,
2845 549 2938 603 καὶ
2963 551 3023 603 τὸ
3044 551 3206 604 καλὸν
3234 552 3504 617 νοοῦντες
3537 554 3750 624 συμϐι-

2118 632 2504 698 ϐαζέσθωσαν·
2560 639 2656 692 καὶ
2704 640 2779 711 μὴ
2831 640 3018 693 ἕλκετε
3076 643 3154 703 εἰς
3208 642 3561 715 δικαστήρια
3613 647 3748 707 τοὺς

2117 724 2394 795 ἀδελφούς.
2441 729 2708 783 Ἀπίστων
2752 730 2862 803 γάρ
2894 732 3071 795 τοῦτο,
3120 736 3233 796 τοῖς
3270 734 3377 800 ἐξω
3400 735 3747 805 κρίνεσθαι.

2133 820 2283 872 Ἐπεὶ
2322 821 2447 879 καὶ,
2488 821 2807 891 Ἀγγέλους
2839 824 3179 892 κρινοῦμεν,
3208 825 3557 905 γέγραπται.
3615 825 3748 877 Ἐπὶ

2116 916 2250 967 πᾶσι
2298 915 2392 968 καὶ
2438 915 2545 987 πρὸ
2581 916 2818 978 πάντων,
2847 916 3019 979 οὕτως
3042 917 3162 971 ἐστὲ
3205 917 3295 970 τὸν
3322 919 3585 988 ποιμένα
3619 918 3743 951 ¹⁶⁴¹⁷

2114 1004 2368 1074 δρῶντες,
2384 1005 2460 1068 ὡς
2487 1004 2585 1077 ἐμὲ
2610 1006 2835 1078 Πέτρον,
2857 1006 2947 1060 τὸν
2969 1007 3072 1061 ὑπὸ
3092 1007 3226 1061 Θεοῦ
3251 1009 3748 1080 προχειρισθέντα

2115 1092 2243 1162 ὑμῖν
2274 1094 2353 1156 είς
2376 1092 2712 1148 διδάσκαλον.

2184 1184 2439 1239 CXLVII.
2470 1186 2656 1239 Ταῦτα
2700 1186 2891 1247 εἰπὼν.
2933 1188 3025 1240 καὶ
3068 1188 3161 1241 ἐπὶ
3211 1188 3439 1242 πάντων
3496 1206 3601 1259 μοι
3636 1189 3748 1253 τὰς

2113 1279 2303 1347 χεῖρας
2356 1276 2587 1340 ἐπιθεὶς,
2619 1278 2699 1339 είς
2720 1278 2821 1348 τὴν
2852 1278 3019 1331 αὐτοῦ
3051 1296 3117 1349 με
3146 1279 3410 1350 καθέδραν
3438 1280 3747 1351 καθεσθῆ-

2112 1385 2199 1421 ναι
2236 1369 2502 1439 πεποίηκε
2521 1385 2533 1399 ·
2571 1369 2891 1423 καθεσθέντι
2918 1370 2995 1433 δὲ,
3022 1370 3179 1424 τοῦτό
3209 1389 3297 1442 μοι
3331 1372 3547 1435 εὐθέως
3578 1373 3703 1443 ἔφη
3725 1390 3741 1403 ·

2126 1460 2286 1527 Ἀξιῶ
2314 1478 2372 1514 σε
2394 1462 2484 1513 ἐπὶ
2517 1462 2733 1515 πάντων
2759 1480 2861 1533 μου
2883 1462 2991 1515 τῶν
3016 1464 3407 1535 συμπαρόντων
3438 1465 3743 1533 ἀδελφῶν,

2110 1554 2347 1623 ὁπηνίκα
2389 1553 2484 1607 τοῦ
2512 1553 2747 1607 ἐνταῦθα
2793 1555 3046 1625 μεταστῶ
3094 1555 3231 1627 βίου,
3273 1557 3350 1620 ὡς
3378 1558 3539 1628 ἢτοῦ
3578 1558 3743 1611 Geo?»

2112 1643 2338 1715 κέκρικε
2356 1644 2603 1716 πρόνοια,
2624 1646 2801 1698 πάντα
2822 1646 2900 1717 τῷ
2917 1647 3105 1718 Κυρίῳ
3134 1647 3373 1718 Ἰακὼὁῳ
3391 1648 3473 1720 τῷ
3495 1650 3737 1720 ἀδελφῷ

2109 1735 2204 1790 τοῦ
2235 1738 2441 1807 Κυρίου
2474 1755 2597 1808 μου,
2628 1741 2684 1791 ἐν
2715 1740 2946 1809 ἐπιτομῇ
2978 1740 3430 1812 ἀναγραψάμενον
3474 1741 3738 1813 διαπέμ-

2110 1828 2244 1899 ψαι,
2292 1829 2455 1901 μέχρι
2504 1830 2597 1883 καὶ
2652 1830 2759 1883 τῶν
2812 1831 2876 1883 ἐκ
2912 1830 3099 1894 παιδός
3140 1848 3235 1885 σου
3278 1831 3589 1901 λογισμῶν,
3626 1832 3734 1884 καὶ

2110 1921 2186 1984 ὡς
2211 1922 2307 1974 ἀπ’
2334 1921 2509 1992 ἀρχῆς
2546 1923 2706 1993 μέχρι
2746 1920 2841 1974 νῦν
2874 1938 2963 1991 μοι
3007 1920 3365 1985 συνώδευσας,
3412 1922 3733 1976 ἐπακούων

2106 2013 2219 2066 τῶν
2245 2013 2385 2067 κατά
2421 2014 2577 2066 πόλιν
2609 2014 2700 2065 ὑπ’
2726 2012 2862 2083 ἐμοῦ
2895 2013 3277 2084 κηρυχθέντων
3303 2013 3484 2081 λόγων
3518 2031 3579 2067 τε
3622 2020 3729 2067 καὶ

2109 2105 2383 2177 πράξεωνο
2411 2104 2601 2157 ἔπειτα
2631 2104 2767 2175 πρὸς
2782 2103 2858 2172 τῷ
2885 2104 3025 2156 τέλει
3050 2104 3144 2155 καὶ
3159 2104 3257 2175 τὴν
3278 2103 3376 2156 τοῦ
3403 2103 3652 2157 θανάτου
3675 2104 3731 2134 ⁸³

2112 2212 2212 2265 μου
2250 2196 2544 2264 πρόφασιν,
2578 2193 2655 2257 ὼς
2684 2196 2967 2265 προεῖπον,
2987 2193 3223 2264 δηλῶσαι
3251 2194 3325 2264 μὴ
3357 2194 3719 2266 παραλίπῃς.

2108 2286 2182 2339 Οὐ
2226 2285 2335 2357 γάρ
2384 2284 2545 2339 αὑτὸν
2591 2285 2825 2357 λυπήσει
2862 2285 3051 2349 τοῦτο,
3098 2286 3273 2338 εἰδότα
3322 2285 3517 2353 σαφῶς
3561 2287 3651 2338 ὅτι
3689 2286 3724 2338 δ

2109 2374 2325 2437 πάντως
2350 2374 2551 2445 ἔδειμε
2595 2373 2809 2438 παθεῖν,
2842 2375 3081 2438 εὐσεϐῶς
3131 2374 3473 2427 ἀποδέδωκα.
3525 2376 3715 2443 Μεγί-

2110 2484 2241 2538 στης
2284 2466 2341 2519 δὲ
2374 2466 2727 2537 παραμυθίας
2771 2467 3015 2534 τεύξεται
3052 2465 3267 2537 μαθὼν,
3322 2470 3405 2520 ὅτι
3443 2470 3565 2537 μετ’
3604 2468 3716 2538 ἐμὲ

2106 2558 2207 2611 οὐκ
2235 2557 2452 2628 ἀμαθὴς
2475 2558 2615 2628 ἀνὴρ
2640 2559 2733 2610 καὶ
2756 2560 3053 2622 ζωοποιοὺς
3077 2558 3285 2626 άγνοῶν
3318 2557 3535 2626 λόγους,
3577 2559 3715 2611 Ἐκ-

2109 2649 2337 2720 κλησίας
2370 2647 2428 2701 δὲ
2455 2650 2653 2703 κανόνα
2682 2648 2837 2713 εἰδὼς
2867 2650 3122 2721 μάλιστα,
3153 2650 3252 2718 τὴν
3293 2649 3389 2702 τοῦ
3415 2650 3717 2702 διδάσκον-

2108 2757 2200 2803 τος
2251 2740 2547 2811 ἐπιστεύθη
2598 2740 2885 2810 καθέδραν.
2961 2740 3122 2811 Ὅθεν
3178 2738 3326 2807 ἐγὼ,
3387 2739 3549 2810 κύριέ
3601 2758 3719 2811 μου

2122 2829 2369 2894 Ἰάκωϐε,
2399 2829 2495 2883 τοῦ
2535 2808 2859 2885 διδασκάλου
2898 2808 3109 2903 Πέτρῖυ
3136 2830 3305 2884 ταῦτά
3339 2848 3427 2901 μοι
3467 2808 3714 2899 ἐπισκή-

2108 2919 2328 2990 ψαντος,
2358 2922 2459 2974 οὐκ
2486 2919 2708 2991 ὤκνησα
2745 2922 2806 2974 τὸ
2852 2920 3141 2973 κελευσθὲν
3183 2919 3562 2990 ἐκπληρῶσαι,
3612 2919 3718 2971 καὶ

2109 3013 2245 3078 dic"
2270 3015 2503 3083 ἐπιτομῇ
2531 3030 2611 3067 σοι
2653 3014 2829 3067 πάντα
2879 3011 3132 3084 γνώριμα
3172 3011 3536 3080 καταστῆσαι,
3585 3012 3718 3063 ἐπι-

2110 3103 2323 3176 γράψας
2344 3103 2441 3174 τὴν
2472 3103 2726 3155 ὑπόθεσιν
2751 3100 2894 3156 οὕτω
2914 3120 2925 3132 ·
2954 3102 3301 3171 Κλήμεντος
3320 3099 3438 3153 τῶν
3468 3100 3717 3168 Πέτρου

2110 3194 2436 3263 ἐπιδημιὼν
2463 3194 2507 3223 ³⁸
2543 3193 2639 3247 καὶ
2669 3192 3063 3262 κηρυγμάτων
3106 3193 3411 3260 Ἐπιτομὴ.

2180 3284 2456 3339 CXLVIII.
2474 3284 2617 3355 Αὕτη
2649 3285 2747 3355 μὲν
2774 3280 2924 3337 οὖν¹¹
2947 3288 2981 3355 η
3015 3285 3226 3356 πλήρης
3248 3285 3345 3353 τῆς
3371 3284 3581 3337 ἄνωθεν
3608 3286 3721 3355 χά-

2113 3394 2279 3448 ριτος,
2306 3376 2401 3429 τοῦ
2429 3375 2730 3447 κορυφαίου
2763 3375 2873 3428 τῶν
2919 3375 3234 3429 ἀποστόλων
3276 3375 3487 3445 Πέτρου
3517 3375 3725 3447 ἐπιδη-

2111 3465 2249 3537 μιῶν
2285 3465 2556 3535 διήγησις,
2599 3463 2861 3534 ἐπίτομόν
2903 3480 2961 3516 τε
2990 3463 3125 3534 ὁμοῖα
3153 3463 3505 3517 διδασκαλίαν
3536 3464 3723 3518 αὑτοῦ

2107 3558 2327 3628 ἔχουσα,
2356 3557 2450 3609 καὶ
2474 3556 2565 3608 τὸν
2596 3554 2689 3607 τοῦ
2721 3554 2957 3625 μεγάλου
2998 3555 3090 3607 καὶ
3118 3554 3423 3625 θαυμασίου
3447 3554 3724 3626 Κλήμεν-

2106 3669 2197 3714 τος
2224 3650 2357 3720 βίον,
2384 3648 2639 3719 καθάπερ
2663 3649 2720 3700 ἐν
2750 3646 2939 3701 πίνακι
2966 3647 3045 3717 τῷ
3068 3647 3210 3716 λόγῳ
3237 3645 3598 3709 διατιυποῦσα,
3636 3648 3724 3712 ὼς

2107 3745 2269 3807 αὐτὸς
2299 3738 2453 3806 οὗτος
2494 3740 2735 3812 Ἰακώϐῳ
2778 3740 2856 3811 τῷ
2890 3740 3196 3811 ἀδελφοθέῳ
3237 3740 3491 3809 γράφων,
3536 3740 3722 3809 ἐγνώ-

2110 3854 2247 3909 ρισε.
2277 3837 2380 3889 Τὸν
2429 3835 2526 3908 μέν
2558 3852 2641 3886 τοι
2668 3834 2933 3904 διάπυρον
2973 3832 3139 3886 αὑτοῦ
3171 3832 3308 3903 πρὸς
3332 3832 3465 3885 θεὸν
3497 3833 3717 3904 ἔρωτα,

2106 3930 2201 3983 καὶ
2223 3928 2313 3981 τὸν
2334 3914 2499 3979 πολὺν
2527 3928 2731 3979 ἐκεῖνον
2749 3925 2890 3995 ὑπὲρ
2912 3924 3009 3994 τῆς
3026 3923 3307 3986 εὐσεϐείας
3328 3922 3515 4009 ζῆλον,
3544 3925 3726 3978 ἱκανὰ

2110 4025 2208 4095 μὲν
2258 4026 2302 4054 ¹’
2355 4023 2425 4075 τά
2474 4020 2709 4092 ρηθέντα
2758 4017 3021 4090 δηλῶσαι,
3075 4015 3303 4085 δηλώσει
3347 4017 3405 4069 δὲ
3458 4014 3723 4087 [adhc—11

2105 4116 2323 4169 πάντων
2355 4112 2666 4183 σαφέστατα
2697 4111 2791 4164 καὶ
2821 4108 2953 4162 αὐτὸ
2979 4107 3040 4161 τὸ
3072 4108 3161 4162 διὰ
3190 4108 3491 4179 μαρτυρίου
3528 4110 3719 4174 τέλος.

2174 4315 2382 4370 CXLIX
2418 4316 2612 4387 Τρίτος
2645 4314 2692 4347 ⁸³
2728 4313 2841 4383 (18)
2865 4312 2976 4382 γάρ
3008 4311 3143 4382 μετὰ
3172 4312 3377 4383 Πέτρον
3403 4312 3500 4365 τὸν
3529 4314 3717 4384 μέγαν

2102 4410 2193 4463 τὸν
2218 4409 2419 4481 ὑψηλὸν
2458 4410 2555 4479 τῆς
2608 4407 2895 4478 Ῥωμαίων
2946 4406 3273 4475 Ἐκκλησίας
3314 4405 3510 4475 θρόνον
3546 4409 3717 4461 καθί-

2108 4518 2226 4563 σας,
2262 4502 2356 4553 καὶ
2394 4501 2596 4572 ἀρετῆς
2622 4497 2781 4553 ἆθλον
2823 4497 2987 4551 αὑτὸν
3021 4497 3334 4567 δεξάμενος,
3370 4498 3565 4551 εἵπετο
3589 4501 3717 4552 κατ’

416 4590 683 4653 sistebat,
732 4585 1199 4656 apostolicamque
1246 4581 1553 4637 doctrinam
1605 4583 1720 4653 ipse
1778 4600 2000 4656 quoque

2179 4608 2256 4655 νος
2301 4592 2379 4663 τῷ
2424 4591 2748 4661 διδασκάλῳ,
2787 4589 2882 4642 καὶ
2931 4588 3296 4657 άποστολικὴν
3345 4588 3715 4644 διδασκαλίαν

464 4694 490 4721 α
547 4679 567 4734 I
612 4680 779 4746 Con,
834 4694 910 4739 vr,
943 4676 998 4733 5.

1702 4782 1941 4839 VARI/Ii
1980 4786 2385 4843 LECTIUNES.

496 4882 606 4915 “'"
637 4882 703 4935 al.
750 4882 918 4936 inscr.
957 4879 1130 4951 ὑμῶν.
1205 4877 1246 4907 ¹⁸
1272 4875 1421 4951 deest
1445 4875 1496 4928 in
1532 4875 1603 4951 al.
1684 4878 1726 4951 "_
1767 4877 1838 4931 al.
1879 4879 2046 4951 inser.
2081 4882 2164 4933 ὲν.
2244 4882 2291 4951 2⁸
2324 4882 2477 4933 deest
2505 4880 2558 4933 in
2580 4895 2729 4951 imss.
2798 4881 2840 4911 ²¹
2869 4878 3016 4951 Αὕτη
3049 4879 3146 4950 μὲν
3177 4874 3285 4951 οὖν-
3319 4877 3375 4932 1η
3409 4896 3530 4935 uno
3556 4894 3716 4936 rete-

422 4969 543 5007 rum
591 4954 840 5025 codicum
888 4946 1221 5020 praeponitur
1275 4947 1504 5009 titulus,
1538 4946 1853 5018 Μαρτύριον
1872 4950 1963 5001 τοῦ
1998 4952 2166 5019 ἁγίου
2190 4950 2524 5022 Κλήμεντος.
2565 4950 2705 5003 ϐυτ.
2782 4952 2828 4981 ’⁸
2864 4950 2945 5002 al.
2980 4946 3149 5005 inscr.
3193 4947 3305 5002 καί.
3343 4952 3391 4981 ⁸³
3432 4952 3510 5004 al.
3559 4956 3713 5025 πρῶ-

421 5040 531 5086 τος.
555 5022 627 5077 al.
656 5022 926 5093 δεύτερος.

1698 5132 2061 5188 VARIOIIUM

497 5229 613 5307 (111)Δ
639 5229 853 5307 Τρίτος.
882 5227 1021 5307 Infra
1056 5228 1244 5284 Latine
1273 5230 1441 5307 habes
1464 5228 1663 5307 editam
1692 5226 2008 5307 Passioaem

424 5298 519 5355 seu
557 5298 732 5353 Vitam
758 5298 1076 5364 Clementis,
1103 5310 1226 5369 post
1266 5300 1732 5369 pseudo-Abdiam
1763 5310 1819 5353 et
1836 5301 2009 5369 ψαρυά

424 5370 816 5425 Μοιιιιιιιιιυιιι.
854 5367 1188 5423 Memoratur
1229 5381 1410 5424 autem
1450 5386 1480 5424 a
1519 5368 1783 5438 Gregorio
1833 5367 2012 5421 Turo-

426 5443 606 5505 neusi,
636 5438 1021 5493 Miracutorum
1065 5442 1157 5494 lib.
1222 5458 1258 5495 ι.
1294 5457 1414 5509 cap.
1449 5441 1540 5504 55,
1596 5449 1650 5492 et
1695 5441 2009 5507 excerpitur

425 5527 521 5580 per
544 5511 875 5580 Freculfum,
906 5520 1036 5564 tom.
1073 5510 1243 5575 ll,lib.
1279 5528 1337 5577 II,
1369 5526 1489 5579 cap.
1526 5509 1615 5574 10,
1644 5526 1707 5564 ac
1738 5526 1831 5580 per
1858 5526 2008 5564 mar-

426 5579 722 5652 tyrologos.
752 5579 1016 5634 Joannem
1055 5598 1274 5651 quoque
1296 5583 1599 5652 diaconum
1619 5582 1820 5652 saeculo
1848 5596 2006 5652 nono

426 5647 716 5719 scripsisse
765 5662 913 5721 gesta
964 5647 1263 5706 (llei'uen’tis
1320 5668 1470 5721 papa:
1502 5651 1735 5721 legimus
1764 5650 1815 5703 iu
1844 5647 2001 5719 Sige-

428 5722 600 5792 bcrto,
628 5721 701 5775 De
714 5720 1054 5791 scriptoribus
1079 5724 1445 5778 ecclesiasticis
1471 5738 1588 5792 cap.
1623 5720 1741 5787 107,
1768 5734 2003 5789 cumque

2101 5132 2332 5190 ΝΟΤᾹΞ.

2120 5232 2318 5286 librum
2349 5230 2504 5285 aiunt
2524 5238 2741 5284 exstare
2786 5228 2840 5282 in
2871 5228 3160 5285 Casinensi
3213 5227 3583 5286 Bibliotheca.
3636 5230 3711 5285 De

2117 5301 2308 5357 Graeco
2355 5301 2632 5370 Martyrio,
2668 5300 2883 5353 venisse
2920 5301 2973 5353 in
3015 5315 3210 5354 manus
3248 5298 3551 5370 Nicephori
3582 5300 3710 5355 Cal-

2118 5372 2227 5453 listi
2252 5368 2615 5453 colligerc_e_st
2642 5386 2713 5453 εκ
2741 5370 2887 5453 illius
2914 5371 3010 5453 lib.
3046 5386 3127 5450 ιιι,
3155 5384 3279 5453 cap.
3311 5368 3400 5423 18.
3426 5369 3706 5453 ςεξιιετιιιιι

2118 5443 2227 5513 ΙιὶεεΔ
2264 5439 2463 5513 notari
2493 5440 2652 5513 debet
2702 5440 2893 5509 triplex
2948 5440 3108 5513 lectio
3154 5439 3373 5513 τρίτος,
3421 5439 3703 5513 δεύτερος,

2115 5511 2363 5584 πρῶτος,
2388 5512 2652 5580 originem
2686 5513 2971 5584 ducens__a
3020 5511 3254 5584 diversis
3291 5511 3703 5584 exscriptorum

2113 5578 2429 5708 δόιιιρῗὲὶἰδὸ
2449 5578 2589 5650 quas
2614 5580 2771 5637 retuli
2798 5581 2865 5635 ad
2887 5578 3177 5636 Constitut.
3215 5578 3448 5649 upostol.
3475 5578 3575 5637 lib.
3605 5597 3702 5648 m,

2113 5668 2232 5708 can.
2346 5694 2357 5708 .
2433 5667 2526 5708 οτ.

2110 5668 2232 5725 cap.
2269 5667 2357 5708 eo.
2388 5667 2526 5708 LOT.
