3834 6220
126 276 213 332 581

924 276 1381 336 CLEMENTINA.
1420 308 1492 319 —-
1528 273 1829 332 ΕΡΙΤΟΜΕ
1865 278 1950 334 DE
1986 272 2230 335 GESTIS
2266 281 2323 336 S.
2356 274 2580 337 PETRI.

3262 285 3370 342 58'}

125 402 213 455 xui.
256 399 415 464 αὐτὸς
451 397 825 466 ἐπεδείκνυτο,
864 401 960 454 καὶ
1012 400 1125 465 τοῖς
1172 398 1380 473 ὁμοίοις
1426 395 1683 472 διέλαμπε

1792 400 2145 470 praeferebat,
2195 412 2251 457 et
2304 403 2578 457 similibus
2602 402 2861 474 {moribus
2888 402 3177 475 eﬂulgebat
3211 422 3225 454 :
3256 422 3362 460 non

121 496 364 567 τρόποις,
420 496 483 548 οὐ
523 496 864 565 Χριπιανοῖς
905 488 1064 565 μόνον
1111 493 1439 566 εὐαρεστῶν,
1470 492 1605 546 ἀλλά
1627 492 1690 564 δὴ

123 586 211 637 καὶ
252 584 528 647 Ἰουδαίοις
575 585 669 637 καὶ
710 584 893 647 αὐτοῖς
926 585 1170 653 Ἕλλησι,
1208 584 1303 637 καὶ
1331 586 1463 637 πᾶσι
1514 583 1691 636 πάντα

123 675 415 745 γινόμενος,
434 675 523 729 ῐνα
544 675 669 738 τοῦς
687 674 891 738 πάντας
910 677 999 728 καὶ
1020 674 1162 728 οὓτω
1187 676 1304 707 ’Μ’
1322 676 1574 749 κερδάνῃ,
1598 674 1693 727 καὶ⁵

120 767 193 837 τῷ
222 766 441 840 Χρεστῷ
474 768 821 840 παραστήσῃ,
878 766 971 820 καὶ
1020 768 1257 839 συνδήσῃ
1303 770 1371 839 τῇ
1419 766 1687 838 εὐσεϐείᾳ.

125 832 301 918 ’ὁπως
316 832 387 908 ’δὲ
411 832 423 837 ’
444 855 520 926 μὴ
556 832 685 925 ipsi;
716 832 888 925 ’μξνον
934 832 1202 927 ὑπόληψις
1231 832 1391 909 "sivi.
1437 857 1568 927 δοκῇ
1622 832 1692 909 τά

122 947 368 1016 παρόντα,
404 947 500 999 καὶ
537 945 637 1009 τάς
682 945 860 1010 αίτίας
899 946 1150 1017 ἐροῦμεν.
1193 947 1417 1019 Ἕλλησι
1459 947 1557 1017 μὲν
1581 946 1691 1017 γάρ

121 1035 199 1089 διά
229 1035 382 1088 τοῦτο
404 1033 714 1106 τιμώμενος
738 1031 827 1106 ἦν,
864 1034 958 1088 καὶ
995 1035 1168 1107 ἡδέως
1212 1035 1361 1107 αὐτῷ
1402 1038 1689 1107 προσεῖχον

122 1128 323 1189 ἐκεῖνοι,
358 1126 441 1178 ὅτι
485 1127 559 1197 μὴ
589 1126 992 1199 λοιδορούμενος
1023 1127 1224 1191 αὐτοῖς,
1268 1126 1401 1198 μηδὲ
1428 1128 1692 1197 ἀποστρε-

122 1220 358 1291 φόμενος,
392 1219 511 1272 ἀλλ’
545 1219 732 1291 ῶσπερ
759 1218 1212 1290 ἀπολογούμενος,
1255 1220 1346 1272 καὶ
1385 1218 1689 1290 μαρτυρίας

122 1309 371 1363 πάντοθεν
401 1309 667 1380 παράγων
696 1310 803 1363 ἀπὸ
827 1310 936 1363 τῶν
969 1312 1099 1380 παρ’
1147 1310 1331 1373 αὐτοῖς
1383 1308 1603 1379 βιϐλίων
1630 1326 1690 1363 τε

123 1402 205 1454 καὶ
227 1400 475 1471 γραφῶν,
512 1400 719 1453 ἐδείκνυ
772 1399 977 1469 σαφῶς,
1024 1399 1144 1469 ὅθεν
1188 1416 1247 1451 τε
1285 1400 1335 1451 οί
1379 1398 1471 1450 ὑπ’
1512 1397 1688 1449 αὐτῶν

122 1494 448 1563 νομιζόμενοι
478 1492 591 1545 θεοὶ
625 1491 928 1562 ῶρμηντσι,
959 1491 1053 1544 καὶ
1077 1491 1209 1543 ὅπου
1253 1490 1625 1560 γεγέννηνται,
1653 1488 1689 1542 ἀ

119 1601 171 1636 τε
208 1584 489 1654 πράξειαν,
534 1584 628 1637 καὶ⁸
672 1585 751 1646 εἰς
799 1579 910 1635 οῖον
952 1582 1153 1635 ἔλθοιεν
1185 1581 1355 1645 τέλος,
1409 1581 1504 1634 καὶ
1538 1582 1688 1644 ὅπως

119 1676 199 1727 τὸν
232 1675 340 1744 βίον
373 1674 576 1737 ἀθλίως
610 1674 1003 1745 κατέστρεψαν.
1038 1669 1171 1725 Εἶτα
1203 1674 1296 1725 καὶ
1321 1673 1397 1735 ὡς
1430 1672 1528 1725 οὐκ
1550 1673 1685 1725 ἀπο-

120 1738 411 1820 κέκλεισται
458 1768 644 1829 αὐτοῖς
680 1738 829 1837 παρά
876 1738 968 1818 τοῦ
1010 1764 1145 1818 Θεοῦ
1192 1766 1225 1835 ἡ
1271 1765 1373 1834 τῆς
1399 1764 1684 1835 μετανοίας
1714 1738 1758 1797 Β

118 1858 253 1920 ὁδὸς,
286 1856 405 1910 οὐδὲ
433 1857 752 1909 παντάπασι
777 1856 877 1927 τῆς
915 1856 1188 1926 σωτηρίας
1229 1854 1484 1919 ἐξέπεσον
1507 1870 1519 1883 ·
1568 1853 1683 1906 ἀλλ’

118 1952 159 2001 εί
185 1950 272 2002 καὶ
321 1950 483 2020 μόνον
526 1947 958 2019 ἐπιστρέψαντας
990 1947 1108 2009 ἴδοι,
1154 1946 1248 1998 καὶ
1287 1946 1385 2016 τῆς
1416 1945 1685 2017 προτέρας

118 2040 392 2103 ἀπωλείας,
420 2039 515 2093 καὶ
561 2039 660 2109 τῆς
697 2037 912 2106 ἀπάτης
953 2036 1380 2105 ἀποσχομένους,
1416 2035 1509 2087 καὶ
1550 2051 1683 2103 συγ-

118 2130 367 2198 γνώσεται
406 2131 592 2193 αὐτοῖς
633 2126 1024 2199 φιλανθρώπως
1048 2166 1062 2190 ,
1111 2126 1203 2179 καὶ
1236 2124 1521 2197 προσηνῶς
1551 2127 1683 2179 ὑπο-

119 2222 328 2287 δέξεται,
360 2223 457 2277 καὶ
499 2220 777 2292 βασιλείαν
824 2218 1067 2290 οὐρανῶν
1092 2218 1385 2288 ἑτοιμάσει,
1422 2218 1512 2269 καὶ
1544 2217 1682 2285 ἀγα-

120 2313 215 2366 θῶν
244 2313 460 2381 ἀξιώσει
488 2314 600 2366 τῶν
626 2313 974 2384 ἀπορρήτων.

167 2406 264 2462 CL.
280 2406 556 2468 Ἰουδαίοις
566 2405 621 2458 δὲ
635 2404 795 2459 πάλιν
808 2401 1053 2456 ἐντεῦθεν
1064 2400 1235 2454 ἐδόκει
1247 2398 1584 2471 χαρίζεσθαι,
1602 2399 1683 2452 ὅτι

120 2514 169 2551 τε
198 2500 374 2568 φίλους
397 2499 492 2554 τοῦ
520 2498 655 2551 Θεοῦ
680 2498 806 2560 τοὺς
829 2495 1048 2549 ἐκείνων
1070 2495 1310 2566 πατέρας
1332 2493 1595 2563 ὑπέφαινε
1612 2493 1680 2555 ’⁸,

122 2592 202 2644 καὶ
235 2593 311 2645 ὅτι
336 2592 425 2644 τὸν
466 2590 599 2660 παρ’
620 2590 803 2651 αὐτοῖς
834 2588 998 2657 νόμον
1040 2585 1182 2657 ἱερόν
1224 2602 1283 2638 τε
1319 2584 1554 2657 παρίστη
1589 2582 1683 2636 καὶ

123 2680 265 2745 θεῖον,
288 2682 381 2734 καὶ
400 2679 525 2733 οὔτε
544 2680 704 2733 αὑτὸν
722 2677 1116 2748 παυθήσεσθαι,
1135 2676 1259 2729 οὔτε
1280 2676 1380 2747 τὴν
1404 2675 1682 2728 πολιτείαν

128 2772 589 2844 μετατεθήσεσθαι,
647 2768 783 2822 ἀλλά
829 2768 1027 2839 κλῆρον
1074 2768 1257 2831 αὐτοῖς
1311 2766 1527 2821 ἔσεσθαι
1582 2765 1681 2836 τὴν

124 2861 461 2935 Παλαιστίνην
481 2862 729 2937 διηνεκῆ,
758 2860 811 2912 εἴ
841 2876 907 2927 γε
938 2858 1031 2912 τὸν
1057 2862 1103 2898 ’τ
1123 2860 1362 2913 τοιοῦτον
1401 2860 1494 2913 καὶ
1526 2858 1681 2912 αὐτοὶ

124 2955 267 3026 νόμον
291 2958 618 3027 τηρήσουσιν
635 2970 651 2986 ο
680 2952 818 3027 ὥστε
844 2949 1091 3018 γενέσθαι
1124 2949 1284 3003 αὑτὸν
1324 2949 1535 3021 πατέρα
1556 2966 1681 3001 τοσ-

1792 490 2119 547 Christianis
2165 492 2428 547 duntaxat
2474 494 2715 564 placens,
2746 508 2935 547 verum
2967 494 3129 548 etiam
3160 492 3366 551 Judaeis

1794 597 1857 635 ac
1885 583 2018 652 ipsis
2057 584 2370 654 gentilibus,
2413 594 2467 639 et
2492 584 2749 640 omnibus
2781 584 2963 638 omnia
2998 584 3196 649 factus,
3224 596 3281 639 ut
3312 596 3367 639 et

1793 671 1874 726 sic
1902 689 2091 729 omnes
2148 673 2491 729 lucrifaceret
2521 687 2579 741 ι,
2628 674 2959 743 Christoque
3004 684 3361 744 prasentaret

1791 777 1856 815 ac
1908 778 2047 817 vera:
2096 762 2344 833 religioni
2388 771 2755 818 connecteret.
2790 761 2861 817 Ut
2905 773 3085 818 autem
3121 764 3221 818 ista
3254 780 3363 817 non

1790 853 2083 906 videantur
2112 868 2231 908 esse
2261 855 2405 908 nuda
2440 863 2648 908 tantum
2675 854 2934 924 suspicio,
2974 855 3137 909 etiam
3164 870 3363 908 causas

1789 942 2053 997 dicemus.
2088 942 2335 999 Ethnicis
2375 946 2520 999 enim
2570 946 2693 999 ideo
2739 947 3073 1001 venerationi
3110 955 3250 1010 erat,
3297 961 3362 1000 ac

1790 1032 1845 1086 in
1871 1048 1997 1086 eum
2029 1043 2262 1089 mentem
2315 1035 2544 1089 libenter
2580 1035 2656 1088 illi
2687 1035 3037 1090 intendebant
3062 1054 3075 1103 ;
3102 1038 3359 1106 quoniam

1790 1139 1899 1179 non
1938 1140 2034 1179 eos
2076 1126 2338 1180 conviciis
2388 1128 2699 1194 insectans,
2746 1142 2845 1181 nec
2891 1136 3210 1192 aversatus;
3265 1127 3361 1182 sed

1790 1215 1948 1286 quasi
1983 1217 2251 1271 rationem
2297 1217 2551 1284 reddens,
2599 1228 2653 1273 et
2686 1219 2923 1287 undique
2952 1220 3261 1273 testimonia
3290 1235 3361 1275 ex

1788 1320 1977 1359 eorum
2007 1306 2161 1360 libris
2191 1321 2255 1361 ac
2273 1307 2492 1376 scriptis
2518 1307 2815 1372 adducens,
2840 1308 2985 1363 clare
3010 1308 3354 1373 ostendebat,

1789 1399 1932 1452 unde
1947 1404 2010 1452 'et
2032 1399 2363 1468 prodiissent
2396 1400 2489 1470 qui
2533 1399 2602 1453 ab
2631 1400 2738 1455 illis
2767 1409 3026 1469 putantur
3052 1399 3147 1463 dii,
3175 1408 3229 1454 et
3258 1400 3350 1454 ubi

1787 1490 1900 1544 nati
1922 1487 2172 1557 fuissent,
2201 1506 2322 1560 qua:
2346 1492 2661 1561 gessissent,
2684 1507 2847 1561 quem
2889 1493 3207 1546 habuissent
3234 1492 3357 1546 exi-

1787 1589 1924 1647 tum,
1960 1590 2127 1651 utque
2156 1584 2359 1637 misere
2390 1585 2554 1637 vitam
2610 1584 2945 1638 amisissent.
3004 1584 3205 1637 Deinde
3248 1599 3357 1639 non

1786 1673 1863 1727 eis
1894 1688 1923 1726 a
1968 1672 2080 1727 Deo
2128 1674 2475 1729 interclusam
2520 1691 2639 1729 esse
2666 1675 2997 1744 poenitentiae
3040 1675 3213 1736 viam;
3260 1690 3359 1728 nec

1786 1759 2117 1814 omnimodis
2142 1761 2317 1816 salute
2346 1763 2652 1829 excidisse;
2692 1763 2785 1818 sed
2812 1762 2857 1818 si
2892 1763 2972 1816 vel
3011 1763 3186 1817 solum
3235 1763 3358 1818 illos

1786 1848 1995 1904 videret
2030 1850 2230 1916 redire,
2260 1860 2315 1905 et
2356 1867 2387 1905 a
2436 1853 2664 1921 pristina
2709 1854 3009 1923 perditione
3055 1870 3119 1908 ac
3168 1854 3359 1908 fraude

1786 1940 2072 2007 recedere,
2120 1942 2333 1995 veniam
2358 1942 2491 2011 ipsis
2515 1943 2767 1999 daturum
2814 1945 3157 2010 humaniter,
3184 1954 3238 1998 et
3262 1946 3359 2000 be-

1786 2030 1949 2100 nigne
1981 2040 2396 2100 suscepturum,
2442 2048 2505 2086 ac
2554 2044 2870 2103 paraturum
2913 2050 3140 2104 regnum
3189 2037 3360 2090 ecclo-

1785 2137 1931 2191 rum,
1951 2123 2217 2194 bonisque
2236 2125 2565 2179 donaturum
2592 2125 2979 2183 ineﬂ‘abilibus.

1853 2400 1961 2455 CL.
1999 2399 2204 2455 Iudaeis
2236 2417 2456 2457 rursum
2493 2401 2617 2456 inde
2653 2412 2865 2473 gratum
2898 2402 3076 2459 facere
3133 2404 3356 2461 videba-

1784 2499 1893 2557 tur,
1924 2492 2070 2561 quod
2102 2504 2289 2561 patres
2308 2507 2498 2547 eorum
2528 2492 2622 2547 Dei
2650 2496 2856 2549 amicos
2884 2493 3053 2550 fuisse
3095 2497 3352 2552 ostende-

1785 2592 1885 2648 ret,
1917 2584 2172 2653 quodque
2198 2584 2372 2653 legem
2402 2599 2593 2638 eorum
2619 2600 2833 2639 sacrant
2868 2601 2989 2641 esse
3021 2587 3241 2642 doceret
3284 2604 3355 2644 ac

1782 2675 2061 2742 divinam;
2101 2690 2201 2729 nec
2222 2690 2343 2729 eam
2367 2675 2688 2742 desituram,
2722 2692 2823 2731 nec
2855 2693 3052 2732 eorum
3088 2681 3353 2749 populum

1787 2768 2112 2822 translatum
2142 2767 2231 2832 iri,
2262 2767 2355 2821 sed
2393 2766 2740 2823 Palaestinam
2767 2768 2882 2823 fore
2906 2771 3012 2825 illis
3037 2782 3355 2842 perpetuam

1783 2858 2175 2923 hereditatem,
2210 2859 2256 2913 si
2289 2858 2449 2913 talem
2478 2860 2653 2930 legem
2680 2871 2965 2917 servarent
2991 2880 3009 2914 ι
3031 2880 3150 2917 esse
3181 2866 3353 2918 Abra-

1782 2948 2005 3003 bamum
2042 2960 2250 3019 patrem
2295 2960 2377 3006 tot
2416 2962 2779 3020 posterorum,
2815 2964 2875 3007 ut
2924 2970 3113 3009 eorum
3164 2958 3353 3010 multi-

126 3049 275 3101 οὖτων
315 3048 587 3117 ἐκγόνων,
626 3045 700 3108 ὡς
742 3041 1104 3114 παρισοῦσθαι
1136 3042 1195 3094 τὸ
1240 3041 1446 3111 πλῆθος
1496 3040 1678 3093 αὐτῶν

1789 3041 1919 3095 ludo
1941 3042 2218 3097 stellarum
2251 3044 2659 3099 multitudinem
2689 3046 2975 3115 aquuet;
3029 3056 3083 3101 et
3128 3046 3180 3101 in
3231 3048 3356 3118 ejus

125 3142 191 3213 τῷ
229 3139 414 3211 πλήθει
444 3137 558 3192 τῶν
596 3135 811 3207 ἄστρων
838 3172 853 3195 ,
880 3131 974 3186 καὶ
1000 3133 1058 3185 ἐν
1097 3130 1176 3201 τῷ
1219 3130 1491 3201 σπέρματι
1517 3129 1680 3183 αὐτοῦ

1789 3133 1993 3187 semine
2016 3147 2208 3189 omnes
2231 3144 2419 3205 gentes
2444 3136 2811 3191 hatreditatcm
2857 3138 3103 3206 accipere
3127 3139 3156 3178 ιι
3184 3156 3206 3205 °,
3233 3156 3355 3193 rur-

128 3228 547 3300 κληροδοτείσθαι
574 3228 751 3281 πάντα
769 3224 837 3277 τὰ
867 3224 995 3294 ἔθνη
1015 3241 1026 3253 ·
1062 3222 1155 3276 καὶ
1177 3220 1205 3274 ὃ
1237 3220 1374 3293 πρὸς
1400 3219 1492 3273 τὸν
1515 3220 1683 3276 Δαόὶδ

128 3314 258 3372 εἶπεν
284 3315 435 3382 αὖθις
454 3335 467 3349 ’
519 3318 615 3370 Ἐκ
638 3314 869 3383 καρποῦ
892 3312 1000 3381 τῆς
1021 3312 1254 3375 κοιλίας
1273 3325 1390 3362 σου
1425 3308 1682 3379 θήσομαι

128 3409 210 3461 ἐπὶ
235 3410 331 3464 τοῦ
358 3413 575 3478 θρόνου
597 3421 712 3460 σου
729 3423 743 3435 ο
769 3404 863 3458 καὶ
888 3402 978 3457 διά
1012 3400 1238 3455 Ἡσαΐου
1265 3400 1445 3462 πάλιν,
1464 3400 1548 3452 ὅτι
1570 3416 1584 3429 ·
1616 3400 1689 3453 Ἦ

128 3500 399 3568 Παρθένος
438 3500 508 3553 ὲν
549 3496 759 3568 γαστρί
803 3493 1083 3563 λήψεται,
1123 3490 1223 3545 καί
1261 3488 1491 3555 τέξεται
1523 3489 1679 3553 υἱὸν,

130 3591 213 3643 καί
256 3591 584 3645 καλέσουσι
632 3588 693 3641 τὸ
741 3586 926 3654 ὄνομα
952 3582 1138 3638 αὐτοῦ
1190 3577 1583 3649 Ἐμμανουήλ.
1618 3581 1680 3632 Ei

128 3683 285 3736 τοίνυν
304 3684 375 3755 μὴ
390 3682 693 3743 ἀθετοῦσιν,
717 3677 850 3732 ἀλλά
874 3677 1050 3730 πίστει
1070 3672 1469 3745 παραδέχονται
1484 3672 1677 3737 ταῦτα,

130 3775 214 3845 τῆς
242 3775 501 3846 προτέρας
524 3773 721 3833 αὐτοὺς
740 3768 833 3822 τοῦ
865 3768 999 3820 Θεοῦ
1018 3766 1276 3838 προνοίας
1301 3765 1374 3835 μὴ
1404 3766 1677 3827 ἐκπεσεῖν,

132 3866 230 3918 ἀλλ’
246 3866 599 3937 ἀναψαίρετον
627 3863 806 3933 μένειν
831 3860 961 3931 παρ’
987 3859 1171 3922 αὺτοῖς
1195 3856 1291 3928 τὴν
1314 3856 1679 3925 Παλαιστίνην

134 3957 436 4010 διεϐεόαίουί
470 3954 739 4023 Ἕλληνας
768 3948 870 4023 μὲν
902 3951 1019 3984 ²⁶ο⁸¹
1042 3949 1184 4003 οῦτω
1230 3948 1325 4001 καὶ
1394 3946 1679 4010 Ἰουδαίους

134 4047 294 4113 δεξιῶς
315 4048 448 4116 ἀγαν
479 4046 576 4099 καὶ
606 4041 820 4104 οίκείως
845 4041 1120 4110 ὑπήρχετο
1156 4038 1289 4108 (l9),
1325 4036 1680 4107 χαριζόμενός

134 4153 184 4188 τε
199 4139 363 4201 αὐτοῖς
386 4134 546 4208 ὁμοῦ,
568 4134 662 4188 καὶ
684 4130 784 4204 ηρέ
793 4147 867 4202 μα
894 4129 1030 4201 πρὸς
1058 4128 1155 4199 τὴν
1182 4125 1461 4179 εὐσέϐειαν
1484 4124 1680 4193 ἐπαγό-

338 4315 651 4390 Χριστιανοὶ
679 4312 737 4365 δὲ
769 4308 938 4364 πολλά
962 4309 1005 4340 ³¹
1038 4306 1131 4362 καὶ
1162 4306 1293 4361 ἀλλα
1329 4305 1429 4375 τῆς
1465 4303 1558 4357 τοῦ
1584 4304 1677 4356 ἀν-

1784 3239 1989 3294 susque
2018 3225 2164 3295 quod
2189 3226 2254 3280 ad
2285 3224 2541 3281 Davidem
2560 3227 2763 3282 dictum
2787 3239 2903 3283 est:
2936 3228 3010 3283 De
3031 3230 3209 3299 fructu
3242 3248 3357 3285 ven-

1792 3317 1892 3370 tris
1931 3317 2008 3369 tui
2031 3332 2223 3385 ponam
2252 3334 2409 3387 super
2432 3320 2603 3372 sedem
2622 3328 2767 3373 tuam
2797 3331 2819 3359 ε
2850 3339 2864 3374 :
2894 3330 2946 3374 et
2982 3323 3176 3376 iterum
3202 3325 3352 3392 quod

1782 3422 1878 3475 per
1925 3405 2115 3462 Isaiam
2148 3424 2160 3459 :
2214 3406 2370 3478 Virgo
2408 3409 2464 3462 in
2496 3420 2644 3463 utero
2692 3412 2968 3481 concipiet,
2997 3424 3045 3466 et
3073 3414 3242 3482 pariet
3277 3415 3349 3484 ﬁ-

1781 3496 1936 3561 lium,
1968 3509 2016 3551 et
2044 3499 2299 3552 vocabunt
2324 3516 2508 3552 nomen
2526 3500 2663 3569 eius,
2691 3500 3003 3555 Emmanuel
3026 3503 3073 3558 ά.
3106 3504 3162 3557 Si
3217 3521 3351 3574 ergo

1783 3589 1899 3644 haec
1929 3605 2036 3643 non
2083 3591 2392 3658 rejicerent,
2437 3592 2529 3646 sed
2586 3592 2690 3648 lide
2740 3596 3200 3664 comprobarent,
3240 3616 3347 3652 non

1781 3696 1872 3735 eos
1901 3682 2130 3749 pristina
2165 3680 2255 3734 Dei
2312 3683 2648 3750 providentia
2680 3688 2949 3743 carituros
2977 3703 2991 3752 ;
3024 3704 3207 3741 verum
3243 3688 3350 3743 Pa-

1780 3774 2046 3827 lzestinam
2074 3775 2215 3843 apud
2251 3775 2373 3829 illos
2395 3776 2643 3829 stabilem
2673 3794 2987 3833 mansuram
3019 3780 3349 3836 aﬂirmnbat.

1779 3864 1998 3920 Graecos
2026 3867 2245 3935 quidem
2281 3868 2381 3921 hoc
2407 3867 2588 3933 modo,
2620 3878 2674 3922 et
2695 3867 2913 3925 Judazos
2940 3872 3095 3926 valde
3123 3873 3351 3928 δοίετιε*

1778 3964 1831 4011 et
1851 3957 2260 4010 accommodate
2283 3957 2636 4025 subjiciebat;
2661 3973 2757 4012 eos
2784 3959 2945 4014 simul
2967 3971 3021 4015 et
3040 3962 3351 4030 demerens,

1778 4058 1834 4103 et
1874 4048 2075 4103 sensim
2105 4048 2172 4103 ad
2199 4063 2379 4102 veram
2406 4049 2721 4109 religionem
2746 4050 3043 4106 adducens.

1846 4285 1976 4342 CLI.
2010 4281 2309 4343 Christiani
2336 4293 2467 4341 vero
2501 4287 2669 4342 multa
2694 4298 2746 4343 et
2769 4289 2873 4342 alia
2896 4305 3040 4344 cura:
3070 4290 3169 4344 viri
3202 4291 3349 4348 illius

137 4407 241 4478 δρὸς
265 4377 600 4480 περὶιαὺτοὺς
616 4402 937 4474 κηδεμονίας
957 4399 1220 4469 δείγματα
1242 4393 1404 4467 εἶχον.
1429 4396 1677 4451 Μάλιστα

1789 4394 1909 4449 erga
1932 4379 2080 4447 ipsos
2117 4377 2445 4431 documenta
2483 4379 2770 4431 habebant.
2802 4377 3106 4433 Prasertim
3136 4396 3263 4435 vero
3293 4382 3349 4436 in

139 4499 188 4551 δὲ
212 4502 300 4571 τὴν
332 4499 575 4554 εὐποιίαν
605 4491 714 4559 οἷος
741 4496 963 4557 ἐκεῖνος,
992 4491 1187 4560 πένησι
1217 4486 1559 4559 θησαυρίζων
1590 4486 1679 4539 ἀεὶ

140 4592 242 4653 ταῖς
272 4591 555 4658 ἀσφαλέσιν
582 4585 905 4657 ἀποθήκαις,
946 4581 1042 4635 καὶ
1079 4580 1188 4634 τῶν
1225 4577 1678 4633 ἐπιϐουλευόντων

146 4676 517 4775 ἱσχυροτέραιςῑ
547 4677 685 4739 Τούς
712 4693 772 4728 τε
804 4672 913 4744 γάρ
940 4674 996 4725 ἐν
1026 4671 1240 4739 ἑκάστῳ
1278 4668 1432 4775 μέρει
1456 4668 1556 4773 τῆς
1584 4665 1681 4770 πό-

143 4766 258 4833 λεως
288 4755 476 4835 Exiget;
507 4765 981 4839 ἀπογραψάμενος,
1004 4761 1111 4815 τῶν
1155 4757 1466 4828 ἀναγκαίων
1498 4755 1681 4817 αὐτοῖς

144 4863 247 4916 καθ’
262 4866 485 4935 ἑκάστην
505 4862 718 4934 ἡμέραν
744 4858 979 4911 ἐποιεῖτο
1001 4854 1099 4924 τὴν
1119 4849 1380 4922 χορηγίαν
1399 4865 1413 4879 ·
1450 4847 1545 4901 καὶ
1565 4846 1679 4899 ὅσοι

146 4960 255 5027 παρ’
278 4957 413 5028 αὐτῷ
434 4956 593 5009 πάλιν
614 4951 707 5006 τοῦ
730 4949 874 5002 θείου
906 4944 1256 5015 κατηξιοῦντο
1282 4939 1676 5011 βαπτίσματος,

147 5046 384 5119 δημοσίων
399 5047 592 5108 αὐτοὺς
608 5043 809 5098 ἀπέλυε
827 5038 1025 5109 φόρων,
1052 5036 1145 5089 κοιλ⁹
1167 5031 1401 5101 παντελῆ
1414 5031 1678 5101 παρεῖχεν

1786 4469 2139 4525 beneﬁcentia
2170 4476 2408 4537 quantus
2438 4468 2529 4522 ille
2562 4467 2692 4522 fuit!
2718 4468 2820 4534 Qui
2849 4471 3180 4540 pauperibus
3204 4488 3351 4527 sem-

1784 4577 1881 4632 per
1912 4562 2195 4616 thesauros
2226 4568 2539 4614 asservaret
2569 4560 2619 4611 in
2656 4561 2788 4615 tutis
2836 4562 3174 4631 repositoriis
3196 4580 3349 4633 quae-

1785 4676 1890 4732 que
1919 4669 2074 4715 erant
2102 4659 2515 4714 insidiatoribus
2541 4657 2789 4714 fortiora.
2820 4658 3029 4729 Egenos
3056 4663 3201 4717 enim
3233 4664 3346 4717 sin-

1786 4753 2034 4825 gularum
2080 4752 2233 4806 urbis
2272 4751 2508 4821 partium
2536 4751 2588 4803 in
2619 4751 2834 4806 tabulas
2871 4751 3134 4820 referens,
3164 4756 3348 4824 quoti-

1785 4842 1872 4896 die
1901 4843 2007 4897 illis
2030 4840 2544 4911 suppeditabatquze
2562 4850 2717 4894 erant
2738 4843 3047 4898 necessaria
3077 4860 3090 4895 :
3125 4845 3349 4899 iterum-

1786 4947 1891 5002 que
1922 4920 2191 5001 quotquot
2220 4930 2289 4985 ab
2320 4945 2386 4984 eo
2438 4929 2653 4985 fuerant
2679 4931 2863 4986 divino
2904 4933 3227 5003 baptismate
3249 4937 3319 4989 do

1787 5025 1920 5089 nati,
1952 5040 2046 5079 eos
2072 5040 2101 5078 a
2132 5024 2366 5093 publicis
2396 5023 2662 5079 liberabat
2704 5024 2945 5091 tributis,
2992 5035 3048 5082 et
3077 5028 3344 5101 integram

211 5161 269 5215 ιι
293 5162 413 5217 Cor.
444 5178 518 5215 lx.
554 5153 584 5194 δ
605 5151 1091 5215 Cen.xxtl,l7,l8.
1114 5163 1133 5190 ε
1158 5148 1301 5204 Psal.
1332 5161 1519 5209 cxxxl,
1547 5144 1632 5197 ll.
1673 5141 1699 5181 ά
1719 5140 1823 5196 lsa.
1850 5156 1947 5203 vn,
1977 5140 2064 5194 14.

1404 5240 1493 5293 VA
1505 5238 1639 5292 RM!)
1680 5235 2083 5291 LECTIONES.

210 5348 314 5385 “'"
338 5354 403 5409 al.
442 5348 612 5413 οὗτος.

726 5348 771 5382 ’⁸
802 5342 871 5399 al.
910 5340 1194 5409 ἀπέφαινε.
1269 5338 1312 5369 ’⁷
1338 5337 1409 5392 al.
1452 5335 1586 5405 πρὸς
1623 5332 1887 5403 ’Λϐραάμ.

1965 5332 2077 5362 ’³ου
2112 5332 2181 5387 al.
2222 5331 2383 5385 inscr.
2425 5325 2541 5385 οὖν.
2595 5328 2639 5361 ⁸³
2670 5329 2740 5384 al.
2768 5328 2913 5383 inscr
2966 5328 3082 5380 μέν.

1416 5455 1782 5512 VARIORUM
1819 5454 2047 5510 NOTAE.

147 5621 154 5629 ,
186 5562 315 5634 ’(19)
351 5564 687 5634 ’Υπήρχετα
740 5560 1019 5634 Significat
1057 5552 1385 5625 ὑπέρχεσθαί
1434 5568 1574 5613 τινα,
1624 5550 1676 5603 in
1700 5549 1951 5617 alicujus
1984 5559 2216 5604 mentem
2246 5547 2450 5613 subire,
2496 5558 2730 5612 eumque
2770 5539 3034 5610 obsequio
3067 5551 3259 5606 capere
3283 5549 3347 5589 ac

161 5629 249 5683 sibi
270 5629 564 5691 devincire:
580 5637 719 5689 Cor.
