3834 6220
455 242 559 302 5&3
1342 239 1400 297 S.
1440 239 1835 297 CLEMENTIS
1872 238 1892 295 Ι
1922 238 2089 293 ΒΟΜ.
2124 234 2328 292 ΡΟΝΤ.
2356 234 2587 291 OPERA
2627 233 2860 291 DUBIA.
3648 240 3752 293 5M

454 365 730 439 prabebat
760 363 1187 421 immunitatem.
1234 360 1341 417 Sed
1372 370 1426 415 et
1462 376 1557 416 eos
1585 360 1678 431 qui
1719 375 1968 429 semper:

2234 352 2417 407 λειανι
2454 350 2696 423 Παρῄνει
2736 351 2795 403 δὲ
2821 351 2914 404 καὶ
2950 353 3059 412 τοῖς
3102 350 3358 403 ἑκάστοτε
3393 350 3499 405 διὰ
3543 353 3609 404 τὸ
3652 356 3748 422 κή-

454 460 609 515 illum
635 466 856 530 propter
878 455 1322 527 praedicationem
1349 463 1519 524 atque
1543 453 1853 507 doctrinam
1901 466 1968 505 co

2240 460 2324 514 μα
2350 445 2445 497 καί
2468 444 2569 514 τὴν
2592 441 2943 496 διδασκαλίαν
2978 441 3114 513 πρὸς
3150 443 3308 496 αὑτὸν
3333 442 3629 507 συνιοῦσι,
3661 447 3754 496 καὶ

455 551 766 616 veniebant,
813 549 1163 619 maximeque
1191 561 1333 617 quos
1372 545 1582 601 sciebat
1620 543 1830 598 divitiis
1858 543 1965 597 abu

2240 552 2373 589 .ta'm
2397 536 2557 598 ὅσους
2580 536 2869 606 περιττοὺς
2895 535 3015 607 ᾔδει
3039 535 3118 606 τῷ
3146 534 3363 605 πλούτῳ
3384 534 3491 588 καὶ
3517 535 3678 606 πρὸς
3699 536 3754 586 τὸ

451 642 606 705 dare,
647 649 702 695 et
730 640 921 710 largiri
953 653 1139 708 posse,
1183 636 1510 692 hortabatur
1541 648 1609 689 ne
1648 632 1817 688 semel
1841 648 1965 687 sam

2239 643 2332 679 ιναι
2375 625 2619 690 δυνατῶς
2663 626 2906 696 ἔχοντας,
2938 626 3013 698 μὴ
3054 627 3184 690 τοὺς
3219 625 3368 693 ἅπαξ
3409 626 3502 697 τῷ
3543 625 3753 697 βαπτί-

452 733 726 802 baptismo
756 737 1017 800 purgatos
1057 729 1302 784 sinerent
1357 725 1575 796 publice
1624 738 1655 779 a
1683 722 1890 777 Iudaeis
1919 722 1966 775 in

2240 736 2302 772 ιτι
2327 718 2406 789 τῷ
2432 718 2571 789 ἀγίῳ
2601 717 2996 790 καθαρθέντας,
3026 720 3286 791 περιορᾷν
3308 718 3569 791 δημοσία
3595 722 3754 789 παρὰ

454 827 557 896 pie
602 838 772 880 causa
821 823 1044 887 nutriri,
1099 820 1551 891 splendidamque
1601 818 1791 889 gratia:
1825 825 1968 870 veste

2238 831 2241 851 ν
2303 811 2570 865 Ἰουδαίων
2617 812 2986 883 τρεφομένους
3028 812 3097 865 δι’
3147 811 3415 882 ἀπορίαν,
3484 812 3594 864 καὶ
3658 812 3752 881 τὴν

453 918 667 988 impura
698 918 788 972 illa
814 915 1205 972 communione
1230 913 1502 984 polluere.
1534 909 1637 965 Per
1657 924 1782 980 quae
1814 908 1934 963 illos
1965 928 1967 960 :

2238 904 2390 978 ,πράν
2426 905 2617 977 στολὴν
2666 904 2760 959 τοῦ
2785 905 3141 977 χαρίσματος,
3198 904 3289 957 διά
3334 904 3439 974 τῆς
3502 903 3752 972 ἐναγοῦς

450 1010 775 1080 explendam
804 1008 1255 1063 calamitosorum
1286 1003 1671 1060 necessitatem
1727 1002 1865 1055 adeo
1912 1001 1960 1054 al

2236 997 2348 1069 ίνης
2372 997 2656 1061 κοινωνίας
2691 997 3033 1069 μολύνοντας.
3086 991 3293 1068 Ἀφ’ὧν
3325 997 3480 1051 οὕτω
3525 998 3750 1069 προθύ-

449 1117 568 1158 cres
601 1102 883 1165 reddebat.
909 1112 967 1156 ut
990 1101 1042 1155 id
1064 1102 1334 1156 duntaxat
1352 1098 1567 1152 lucrum
1589 1103 1963 1166 putarent,qui

2238 1089 2471 1154 ῖαὺτοὺς
2499 1088 2675 1142 ἐποίει
2717 1091 2832 1153 τοῖς
2868 1088 3313 1161 βασανιζομένοις
3346 1089 3419 1144 τὰ
3450 1090 3611 1161 πρὸς
3648 1093 3752 1159 τὴν

448 1196 504 1251 in
533 1212 630 1252 eos
654 1194 1069 1266 impendisscnt.
2130 1181 2320 1266 χρείαν
2344 1181 2675 1246 ἀποδιδόναι,
2694 1182 2771 1246 ὡς
2792 1180 2954 1235 τοῦτό
2968 1200 3029 1252 γε
3050 1183 3211 1254 μόνον
3235 1182 3425 1255 κέρδος
3453 1182 3747 1254 νομίζειν,

2133 1264 2165 1321 ὃ
2214 1271 2282 1327 ἂν
2314 1274 2395 1337 είς
2428 1273 2626 1337 αὐτοὺς
2649 1272 3005 1327 ἀναλώσειαν.

516 1371 670 1428 CLII.
702 1371 839 1427 Cum
871 1387 1004 1443 ergo
1033 1372 1107 1426 ita
1154 1377 1341 1442 ageret
1383 1378 1611 1426 sanctus
1639 1367 1920 1431 Clemens,
1973 1375 2029 1420 et

2233 1364 2355 1418 iLIl.
2383 1364 2539 1420 Οὕτω
2564 1366 2662 1437 μὲν
2680 1363 2774 1419 οὖν
2792 1368 2821 1419 ὁ
2839 1348 2982 1439 ἱερὸς
2996 1366 3224 1438 Κλήμης
3247 1365 3405 1436 ἔχων,
3430 1366 3541 1419 καὶ
3555 1365 3747 1427 οὕτως

445 1464 520 1520 ita
556 1467 610 1519 iu
635 1465 881 1519 omnium
906 1464 1107 1519 animis
1136 1475 1287 1519 esset
1317 1464 1867 1531 constitutus;atque
1891 1459 1955 1514 ad

2231 1461 2331 1521 ταῖς
2356 1459 2613 1512 ἀπάντων
2638 1458 2839 1529 ψυχαῖς
2862 1460 3133 1530 κείμενος,
3164 1459 3257 1512 καὶ
3270 1460 3331 1511 ού
3350 1457 3745 1529 Χριστιανοὺς

446 1568 554 1607 non
575 1561 785 1606 tantum
813 1550 1181 1617 Christianos,
1208 1549 1301 1605 sed
1325 1550 1489 1604 etiam
1526 1549 1675 1619 ipsos
1705 1546 1935 1617 gentiles

2232 1568 2312 1615 ov,
2347 1549 2600 1605 ἀλλὰκαὶ
2623 1552 2823 1617 αὐτοὺς
2859 1552 3125 1623 ’Έλληνας
3150 1553 3242 1606 καὶ
3292 1552 3594 1615 Ἰουδαίους
3631 1553 3746 1622 τῆς

441 1641 665 1699 Iudaeos
694 1659 724 1698 a
770 1659 869 1699 sua
901 1643 1086 1698 anima
1114 1652 1168 1698 et
1201 1642 1390 1713 lingua
1429 1640 1731 1713 pendentes
1762 1639 1955 1694 habere

2228 1645 2336 1709 είας
2373 1646 2468 1699 καὶ
2501 1645 2681 1717 ψυχῆς
2715 1645 2877 1699 πάλιν
2910 1645 3117 1709 ἐκεῖνος
3149 1645 3243 1700 καὶ
3265 1644 3522 1714 γλώττης
3549 1647 3665 1716 ἀνη
3678 1663 3742 1716 ρ-

443 1752 542 1808 per
574 1736 878 1791 Sisinnium
926 1736 1079 1790 illum
1111 1737 1250 1805 (erat
1277 1744 1459 1789 autem
1509 1733 1558 1789 is
1590 1731 1804 1787 amicus
1831 1729 1957 1786 Neri

2227 1738 2379 1802 ιένος,
2407 1737 2485 1809 τῷ
2511 1736 2760 1808 Σισιννίῳ
2785 1737 2979 1809 ἐκείνῳ
3005 1738 3178 1809 (φίλος
3201 1738 3260 1791 δὲ
3290 1732 3445 1800 οὗτος
3493 1738 3577 1809 τῷ
3631 1739 3741 1807 βα-

443 1838 499 1884 et
528 1845 672 1885 unus
714 1844 781 1884 ex
818 1827 1204 1897 familiaribus)
1241 1828 1446 1883 odioet
1473 1825 1768 1883 calumniis
1797 1824 1953 1894 peteb

2225 1834 2265 1885 εἰ
2296 1832 2514 1904 Nepoth
2549 1833 2645 1886 καὶ
2674 1832 2787 1887 τῶν
2818 1831 3165 1903 ἐπιτηδείων)
3198 1833 3440 1902 ἐμισεῖτο
3485 1834 3586 1885 καὶ
3612 1834 3739 1885 διε-

444 1927 570 1987 tur;
614 1919 835 1990 quando
862 1919 1150 1990 covijugem
1173 1917 1519 1973 Theodoram
1546 1915 1825 1971 Sisinnius
1853 1930 1958 1969 sen:

2225 1925 2371 1988 λετο,
2421 1924 2610 1996 ἐπειδὴ
2654 1924 2754 1995 τὴν
2802 1923 3034 1993 σύζυγον
3069 1922 3349 1996 Θωδώραν
3381 1923 3413 1976 ὁ
3453 1925 3739 1987 Σισίννιος

440 2012 741 2069 Clementis
768 2013 1035 2069 doctrina:
1066 2026 1255 2068 amore
1284 2020 1502 2082 captam
1531 2025 1673 2074 esse,
1719 2019 1774 2063 et
1796 2010 1954 2064 domu

2221 2016 2464 2088 pilévs'co
2483 2016 2647 2088 ἔρωτι
2676 2015 2779 2087 τῆς
2800 2016 3011 2069 ἐκείνου
3037 2016 3388 2080 διδασκαλίας
3420 2018 3735 2087 ἁλισκομέ-

440 2108 685 2181 quidem,
739 2106 941 2162 liberos
973 2122 1038 2161 ac
1082 2107 1263 2161 virum
1314 2104 1614 2175 negligere,
1665 2110 1838 2157 totam
1892 2116 1954 2155 re

2216 2127 2251 2149 ν·
2280 2110 2373 2163 καὶ
2388 2108 2538 2163 οἴκου
2563 2109 2665 2182 μὲν
2685 2109 2780 2163 καὶ
2804 2108 3013 2162 παίδων
3038 2110 3131 2162 καὶ
3155 2108 3348 2180 ἀνδρὸς
3374 2108 3730 2180 ἀμελοῦσι-αν,

439 2198 712 2255 Clementi
758 2200 1061 2265 adhaerere,
1112 2198 1181 2253 ad
1231 2213 1359 2253 eum
1412 2195 1640 2251 assiduo
1687 2195 1953 2250 adventar

2212 2218 2248 2269 Lv
2270 2200 2327 2253 δὲ
2358 2200 2436 2272 τῷ
2458 2200 2739 2272 Κλήμεντι
2771 2200 3195 2273 προσκειμένην,
3231 2201 3324 2253 καὶ
3364 2201 3519 2272 αὐτῷ
3560 2218 3726 2255 συνε-

438 2292 687 2364 adeoque
730 2292 786 2346 in
834 2290 1021 2346 animo
1058 2305 1160 2346 suo
1200 2304 1418 2360 semper
1458 2289 1612 2343 illum
1658 2285 1952 2357 spiritualil

2212 2311 2230 2357 ;
2276 2292 2570 2362 φοιτῶσαν,
2618 2294 2713 2347 καὶ
2756 2292 2948 2347 τοῦτον
2982 2295 3027 2327 ³⁸
3059 2294 3221 2348 πάλιν
3247 2294 3343 2347 ἐπὶ
3380 2295 3485 2364 τῆς
3507 2295 3726 2359 οἰκείας

437 2385 602 2441 ferre.
637 2386 706 2440 At
729 2385 1020 2439 Theodora
1052 2398 1175 2454 qua:
1198 2382 1472 2438 suavitate
1500 2381 1704 2452 linguae
1730 2393 1796 2434 ac
1817 2378 1950 2432 verb

2208 2385 2297 2455 [ἧς
2330 2386 2418 2439 ἀεὶ
2451 2385 2836 2457 πνευματικῶς
2880 2385 3305 2458 περιφέρουσαν.
3356 2386 3503 2438 Ἀλλ’
3544 2387 3578 2457 ἡ
3617 2388 3722 2457 μὲν

436 2493 561 2533 rum
605 2476 904 2534 Clementis
953 2477 1132 2532 illecta
1174 2484 1314 2541 erat,
1347 2474 1683 2543 Christoque
1715 2488 1812 2543 per
1860 2470 1950 2525 illu

2196 2475 2372 2549 οδώρα
2394 2480 2462 2549 τῇ
2492 2478 2703 2550 σειρῆνι
2734 2477 2834 2549 τῆς
2860 2476 2955 2531 τοῦ
2988 2477 3306 2549 Κλήμεντος
3329 2476 3587 2547 γλώττης
3609 2496 3710 2531 κα-

436 2570 765 2635 crediderat,
816 2569 1101 2624 ardentius
1131 2566 1390 2638 pietatem
1420 2565 1763 2635 capessebat,
1813 2563 1950 2634 psall

2204 2569 2498 2641 ὶελχθεῖσα,
2535 2571 2633 2624 καὶ
2653 2568 2732 2641 τῷ
2760 2569 2985 2641 ξριστῷ
3009 2569 3078 2623 δι’
3104 2568 3316 2623 ἐκείνου
3342 2571 3718 2633 πιστεύσασα,

437 2663 532 2717 bat
571 2662 858 2727 continue,
895 2674 998 2715 nec
1038 2660 1107 2714 ab
1134 2636 1249 2712 ulla
1296 2658 1488 2729 synaxi
1520 2672 1618 2713 seu
1667 2654 1948 2710 Christian

2204 2636 2449 2732 ιμότερον
2472 2636 3280 2731 ἀντεποιεῖτΐτῆς-εὐσεσείας,
3314 2662 3413 2714 καὶ
3442 2661 3718 2731 διηνεκῶς

436 2768 560 2810 rum
584 2753 1010 2824 congregatione
1038 2751 1249 2807 aberat.

2118 2738 2334 2825 ἔψαλλῖ,
2371 2753 2468 2806 καὶ
2489 2753 2590 2807 οὐκ
2615 2752 3025 2825 ἀπελιμπάνετο
3048 2753 3149 2825 τῆς
3176 2752 3468 2818 συνάξεως.

505 2844 686 2901 CLIII.
767 2843 1047 2901 Sisinnius
1117 2856 1251 2897 vero
1321 2841 1508 2911 iniqua
1571 2840 1838 2911 zelotypia
1918 2840 2017 2896 24’.-

2202 2842 2368 2899 [ΖΠΗ.
2409 2843 2466 2898 ’0
2498 2842 2839 2907 Σισίννιοςδὲ
2873 2843 2980 2897 ὑπὸ
3010 2844 3109 2915 τῆς
3144 2843 3333 2898 ἀδίκου
3374 2844 3716 2914 ζηλοτυπίας

435 2941 698 3005 mulatus,
745 2936 976 2994 insidias
1027 2936 1294 2992 adversus
1337 2948 1564 2988 uxorem
1621 2932 1949 2987 meditabatu

2196 2936 2495 3008 ηούμενος,
2526 2934 2820 3008 ἐπιϐουλὴν
2846 2934 2988 2989 κατὰ
3024 2935 3127 3005 τῆς
3160 2934 3422 3004 γυναικὸς
3446 2936 3710 3007 ἐμελέτα,

435 3033 781 3105 singulisque
804 3030 998 3086 diebus
1030 3028 1351 3085 armabatur
1380 3026 1450 3081 ab
1480 3040 1547 3081 eo
1572 3026 1793 3080 all'ectu.
1845 3024 1946 3080 Cm

2200 3040 2211 3084 ι
2244 3029 2349 3083 ὑπὸ
2372 3028 2467 3083 τοῦ
2494 3028 2702 3092 πάθους
2723 3027 2845 3082 καθ’
2865 3029 3101 3099 ἑκάστην
3123 3028 3393 3093 ὡπλίζετο
3433 3030 3539 3101 τὴν
3567 3031 3714 3101 ὴμέ-

431 3141 541 3196 que
568 3140 687 3179 eam
720 3122 1017 3193 aliquando
1066 3121 1354 3175 abeuntem
1401 3117 1469 3173 ad
1521 3118 1773 3189 synaxim
1814 3117 1945 3171 obse

2198 3140 2237 3177 ν.
2274 3123 2386 3175 Καὶ
2419 3122 2482 3195 δή
2520 3139 2673 3187 ποτε,
2710 3122 2958 3193 τηρήσας
2981 3122 3151 3192 αὐτὴν
3178 3123 3314 3193 πρὸς
3344 3122 3447 3194 τὴν
3483 3123 3712 3191 σύναξιν

431 3223 638 3275 vasset.
663 3214 804 3269 clam
836 3227 961 3267 cum
995 3210 1219 3266 famulis
1260 3210 1377 3280 ipse
1406 3223 1626 3279 quoque
1659 3208 1715 3262 in
1750 3208 1945 3279 templa

2201 3212 2403 3279 ιοῦσαν,
2438 3213 2613 3287 λάθρα
2642 3213 2779 3285 μετά
2799 3213 2908 3267 τῶν
2932 3214 3161 3268 οἰκετῶν
3194 3217 3288 3268 καὶ
3320 3217 3485 3279 αὐτὸς
3512 3219 3598 3281 εἰς
3617 3221 3712 3271 τὸν

432 3310 715 3379 ingressus
745 3314 850 3369 est,
886 3312 947 3359 ut
980 3304 1198 3359 curiose
1230 3302 1557 3373 inquireret,
1596 3299 1946 3356 etanimadvr

2201 3324 2242 3360 δν
2274 3305 2663 3377 παρεισῆλθεν,
2714 3304 2856 3376 ὥστε
2899 3306 3367 3379 περιεργάσασθαι
3407 3310 3504 3360 καὶ
3538 3326 3715 3362 κατα-

437 3410 576 3456 teret
622 3409 820 3454 cuncta
882 3412 1005 3468 quze
1054 3398 1107 3451 in
1140 3411 1207 3451 eo
1246 3403 1585 3466 gererentur,
1637 3406 1887 3463 quasque
1940 3407 1951 3443 ι

2199 3398 2311 3453 θεῖν
2334 3399 2403 3452 τά
2427 3400 2485 3451 ὲν
2508 3398 2656 3469 αὐτῷ
2682 3397 2861 3452 πάντα
2894 3399 3212 3471 τελούμενα,
3242 3400 3337 3452 καὶ
3375 3393 3451 3453 ὧν
3478 3400 3649 3473 χάριν
3676 3404 3712 3473 ἡ

428 3507 629 3547 causas
652 3489 943 3544 Theodora
976 3504 1043 3543 eo
1071 3488 1294 3543 assidue
1332 3486 1797 3557 proﬁcisceretur.
1832 3484 1942 3540 Czet

2196 3490 2366 3563 οδὼρα
2404 3490 2645 3561 συνεχῶς
2670 3492 2786 3544 ἐκεῖ
2810 3492 3138 3560 ἀφικνεῖται.
3177 3491 3285 3544 Τοῦ
3302 3490 3620 3561 θαυμασίου
3649 3492 3710 3546 δὲ

431 3601 553 3640 rum
584 3583 893 3638 admirabili
921 3581 1202 3636 Clemente
1233 3579 1452 3634 solitam
1483 3576 1774 3632 confestim
1821 3592 1942 3631 sacr

2199 3582 2431 3653 ἡμεντος
2452 3582 2549 3653 τὴν
2577 3580 2782 3651 συνήθη
2810 3582 3152 3653 παραχρῆμα
3183 3581 3292 3633 τῶν
3321 3581 3484 3653 ἱερῶν
3514 3582 3712 3653 ὓμνων

426 3693 550 3733 rum
587 3677 918 3748 hymnorum
944 3674 1249 3728 orationem
1296 3669 1548 3741 praefato,
1595 3667 1875 3724 Sisinnius
1903 3683 1940 3722 α

2196 3672 2276 3743 [ὴν
2304 3670 2677 3742 προειπόντος,
2712 3669 2911 3737 τυφλὸς
2942 3669 3105 3732 εὐθὺς
3124 3670 3153 3721 ὁ
3178 3670 3441 3732 Σισίννιος
3482 3672 3710 3738 ἐγένετο

426 3782 527 3823 cus
557 3782 621 3820 ac
664 3764 868 3819 surdus
910 3763 1056 3817 illico
1095 3761 1320 3815 ell‘ectus
1349 3770 1456 3823 est,
1485 3758 1557 3812 ita
1589 3768 1649 3811 ut
1680 3772 1779 3811 nec
1817 3756 1940 3811 audi

2196 3782 2203 3813 ι
2230 3760 2430 3832 κωφὸς,
2456 3761 2532 3823 ὡς
2562 3761 2699 3832 μήτε
2726 3760 2945 3813 ἀκούειν
2965 3762 3101 3831 μήτε
3125 3761 3256 3831 ὁρᾷν
3283 3759 3569 3817 δύνασθαι.
3589 3766 3710 3819 Καὶ

425 3875 529 3916 nec
560 3858 743 3912 videre
765 3864 969 3927 posset.
993 3854 1417 3923 Conversusque
1446 3850 1515 3905 ad
1551 3848 1791 3905 famulos
1819 3867 1833 3903 :
1866 3847 1935 3901 Pr

2196 3854 2247 3919 ὃς
2270 3855 2397 3917 τοὺς
2420 3853 2640 3915 οἰκέτας
2676 3851 3050 3923 ἐπιστραφείς·
3081 3851 3287 3904 Λάϐετε
3316 3869 3407 3922 με,
3444 3853 3576 3927 ἔφη,
3606 3858 3710 3911 καὶ

424 3952 649 4008 hendite
681 3966 789 4015 me,
817 3949 1015 4019 inquit,
1044 3956 1100 4003 et
1130 3946 1197 4001 ad
1224 3948 1450 4001 domum
1502 3959 1665 3998 manu
1700 3941 1938 3996 deducitt

2196 3948 2246 4011 ὃς
2266 3946 2365 4018 τὴν
2382 3945 2560 3999 οἰκίαν
2585 3945 3036 4015 χειραγωγήσατε
3056 3960 3070 3973 ο
3096 3943 3292 4014 ἀθρόον
3314 3944 3428 4017 γάρ
3454 3929 3510 3998 τι
3536 3965 3710 4001 κατα-

422 4040 768 4112 repentinum
802 4039 1003 4109 quippe
1036 4037 1242 4091 malum
1281 4033 1503 4105 aliquod
1536 4034 1590 4087 in
1624 4048 1711 4087 me
1743 4032 1927 4086 irruen

2194 4038 2325 4109 ἧψαν
2362 4039 2442 4100 είς
2480 4036 2582 4108 ἐμὲ
2630 4035 2801 4089 κακὸν
2843 4034 2968 4088 οὔτε
3008 4034 3245 4100 ἀκούειν,
3290 4035 3417 4089 οὔτε
3469 4036 3708 4104 βλέπειν

421 4147 601 4202 neque.
626 4131 817 4185 audire
846 4144 1025 4199 neque
1054 4142 1280 4183 cernere
1308 4126 1593 4197 permittit.
2104 4130 2306 4202 ἀνίησι.

489 4219 670 4277 CLIV.
711 4219 899 4290 Itaque
927 4218 1177 4288 protinus
1230 4232 1454 4271 manum
1496 4216 1545 4271 ei
1588 4214 1877 4286 porrigunt
1920 4210 2000 4266 fa-

2193 4220 2351 4277 ]LIV.
2408 4222 2583 4293 Χεῖρα
2629 4220 2728 4293 μὲν
2781 4217 2875 4275 οὖν
2923 4220 3086 4285 εὐθὺς
3124 4220 3409 4290 ὀρέγουσιν
3454 4222 3612 4295 αὐτῷ
3647 4225 3707 4278 οἱ

420 4315 577 4381 muli,
608 4322 663 4369 et
710 4313 992 4367 abducunt
1036 4310 1103 4364 ad
1152 4309 1400 4364 domum.
1432 4306 1601 4362 Exire
1657 4316 1843 4361 autem
1888 4321 1934 4359 ηε

2195 4314 2333 4379 ἑται,
2360 4314 2454 4367 καὶ
2486 4312 2779 4384 ἀπαίρουσι
2812 4311 2973 4384 δῆθεν
2998 4312 3134 4383 πρὸς
3157 4312 3256 4384 τὴν
3279 4313 3482 4368 οίκίαν.
3518 4315 3705 4383 Ἐξελ-

418 4413 694 4478 poterant,
720 4404 846 4459 licet
874 4412 986 4457 tota
1026 4401 1211 4471 templi
1239 4401 1409 4470 janua
1435 4408 1633 4471 aperta
1666 4407 1848 4454 esset:
1903 4413 1930 4453 s

2187 4411 2217 4459 ’ν
2258 4406 2314 4460 δὲ
2353 4406 2454 4459 οὐκ
2493 4400 2660 4476 εἶχον,
2699 4404 2878 4459 καίτοι
2914 4420 2977 4473 γε
3012 4403 3193 4474 πάσης
3229 4402 3324 4457 τοῦ
3348 4405 3483 4458 ναοῦ
3515 4408 3701 4480 πύλης

416 4509 541 4548 eum
574 4508 670 4563 per
703 4501 872 4547 totam
900 4490 1188 4545 ecclesiam
1222 4489 1530 4556 ducebant,
1560 4489 1703 4544 inter
1750 4487 1930 4542 multit

2187 4497 2479 4568 εῳγμένης,
2518 4495 2655 4549 ἀλλά
2691 4494 2781 4549 διὰ
2820 4494 3003 4565 πάσης
3029 4494 3191 4547 αὐτόν
3214 4510 3274 4547 τε
3297 4495 3570 4567 περιῆγον
3592 4500 3701 4570 τῆς

416 4589 601 4643 dinem
632 4585 969 4642 canentium.
1012 4582 1371 4638 Pra'clus‘erat
1391 4581 1537 4637 enim
1566 4581 1648 4637 eis
1679 4581 1930 4636 exitum!

2184 4588 2419 4660 ιλησίας,
2455 4587 2558 4640 ἀνά
2600 4586 2661 4639 τὺ
2700 4585 2810 4639 τῶν
2852 4585 3086 4657 ᾀδόντων
3119 4585 3343 4656 πλῆθος.
3402 4589 3698 4644 Ἀπέκλειε

414 4681 623 4745 divina,
653 4676 1061 4750 prudentiorem
1089 4676 1317 4731 reddere
1342 4674 1531 4729 volens
1562 4674 1788 4729 stultum
1815 4674 1928 4729 illul

2186 4698 2210 4752 ρ
2239 4680 2340 4751 τὴν
2367 4678 2545 4745 ἔξοδον
2564 4677 2749 4741 αὐτοῖς
2763 4675 2990 4747 δύναμις
3014 4674 3284 4748 θειοτέρα,
3321 4682 3700 4751 σωφρονέστε-

412 4769 822 4827 Circumeuudo
864 4777 1049 4822 autem
1101 4767 1307 4835 ubique
1356 4781 1452 4836 per
1496 4766 1784 4836 templum,
1829 4781 1926 4821 ιη(

2182 4788 2197 4822 ι
2245 4770 2337 4823 τὸν
2393 4769 2619 4842 ἀνόητον
2673 4769 2887 4821 ἐκεῖνον
2940 4768 3299 4839 ἐργαζομένη.
3367 4771 3696 4842 Περιῖάντες

411 4864 534 4934 ejus
572 4860 816 4932 precanti
853 4868 1177 4915 occurrunt.
1226 4856 1292 4913 Et
1324 4858 1416 4913 illa
1447 4857 1625 4912 virum
1662 4873 1787 4912 cum
1819 4872 1925 4912 seri

2178 4864 2277 4915 Ϊνυν
2293 4859 2567 4930 πανταχοῦ
2583 4859 2677 4913 τοῦ
2692 4858 2844 4924 ναοῦ,
2859 4860 3241 4931 ἐντυγχάνουσι
3264 4864 3692 4937 προσευχομένη

412 4956 631 5018 intuita,
665 4951 843 5022 primo
884 4950 1106 5020 quidem
1152 4950 1345 5004 oculos
1374 4949 1617 5016 deﬂexit,
1640 4949 1814 5003 verita
1842 4964 1910 5003 ne

2194 4954 2359 5007 αὑτοῦ
2387 4952 2625 5025 συζύγῳ.
2668 4954 2913 5026 Κάκείνη
2936 4955 3028 5008 τὸν
3062 4955 3234 5028 ἄνδρα
3268 4956 3366 5008 σὺν
3398 4958 3517 5018 τοῖς
3544 4958 3692 5010 οἰκέ-

411 5049 529 5117 ipse
569 5061 691 5099 eam
722 5045 971 5097 videret:
1007 5044 1143 5098 nihil
1175 5044 1375 5113 quippe
1419 5042 1601 5097 adhuc
1639 5057 1832 5097 eorum
1870 5058 1925 5112 (ιι

2178 5064 2215 5110 ,ς
2259 5045 2463 5109 ἰδοῦσα,
2491 5044 2686 5117 πρῶτα
2712 5048 2809 5118 μὲν
2836 5046 3075 5100 ἐκκλίνει
3100 5046 3197 5117 τὴν
3220 5045 3370 5109 θέαν,
3406 5046 3692 5101 δεδοικυῖα

411 5147 561 5207 gesta
596 5142 754 5190 erant
777 5134 984 5188 sciebat
1012 5131 1333 5188 Tbeodora:
1362 5142 1548 5205 postea
1577 5142 1758 5187 autem
1791 5147 1905 5187 uno

2199 5140 2291 5192 καὶ
2309 5135 2463 5202 οὗτος
2477 5139 2647 5210 αὐτὴν
2673 5139 2791 5193 ῖδοιο
2822 5139 2974 5193 οὐδὲν
2992 5138 3102 5211 γάρ
3118 5139 3255 5203 τέως
3274 5138 3383 5191 τῶν
3407 5139 3688 5209 πραχθέν-

409 5229 631 5285 l‘amulis
652 5224 941 5291 accersito,
965 5240 1191 5281 causam
1211 5227 1457 5296 rogabat,
1487 5234 1706 5295 propter
1728 5240 1892 5295 quam
1918 5225 1923 5278 i

2172 5248 2200 5281 ν
2225 5232 2257 5301 ἡ
2288 5230 2538 5303 Θεοδώρα
2571 5231 2688 5302 ᾔδει
2708 5249 2721 5260 ·
2758 5230 2951 5285 ἔπειτα
2974 5230 3031 5283 δὲ
3062 5232 3173 5285 τῶν
3192 5230 3424 5283 οἰκετῶν
3449 5230 3555 5285 ἕνα
3585 5249 3686 5303 με-

406 5340 532 5380 cum
562 5324 668 5378 illis
694 5323 925 5377 maritus
961 5338 1057 5392 per
1082 5322 1344 5392 templum
1375 5321 1677 5375 oberraret.
1709 5318 1788 5374 Ac
1820 5319 1910 5373 ille

2173 5322 2525 5395 ιιαλεσαμένη,
2578 5322 2678 5393 τὴν
2709 5322 2889 5377 αἰτίαν
2927 5320 3136 5393 ἠρώτα,
3181 5323 3250 5377 δι’
3290 5323 3358 5394 ἢν
3406 5322 3559 5377 οὕτω
3585 5324 3687 5376 σὺν

402 5417 592 5473 onmia
616 5414 1170 5486 enarratdiligeuter;
1194 5422 1308 5470 tum
1336 5412 1799 5484 quemadmodum
1831 5426 1916 5481 po:

2171 5414 2274 5476 τοῖς
2316 5414 2344 5465 ὁ
2386 5413 2521 5485 ἀνὴρ
2561 5412 2664 5467 ἀνά
2702 5411 2795 5467 τὸν
2837 5411 2965 5466 ναὸν
2999 5410 3361 5486 περιέρχοιτο.
3408 5412 3685 5474 Κάκεῖνος

1716 5584 1955 5644 ἾΑΗΙᾹΞ
1993 5587 2397 5647 LECTIONES.

480 5694 526 5729 ⁸⁸
542 5697 693 5754 deest
726 5695 778 5750 in
803 5695 876 5750 al.
