3834 6220
916 326 1466 384 CLEMENTINA.—
1495 326 1796 384 EPITOME
1835 325 1921 380 DE
1957 324 2202 381 GESTIS
2242 326 2301 379 S.
2343 323 2565 379 PETRI.

3278 326 3382 382 586

147 446 277 517 αὐτῇ
322 447 495 501 πάντα
536 446 827 515 καταλέγει
872 449 967 502 σὺν
990 449 1269 522 ἀκριϐείᾳ·
1306 450 1453 514 ὅπως
1480 468 1539 503 τε
1578 448 1714 520 μετά

1830 463 1980 516 ruam
2014 447 2104 502 illa
2133 447 2298 503 domo
2328 445 2574 509 exiisset,
2606 443 2745 499 clam
2776 441 2940 498 etiam
2974 443 3076 511 ipsi
3104 441 3169 495 ad
3210 441 3385 496 eccle-

154 540 336 609 τὴν.ὲκ
367 538 462 591 τοῦ
488 538 640 593 οἴκου
685 541 856 613 αὐτῆς
890 540 1263 613 ὑποχώρησιν,
1299 540 1474 613 λάθρα
1498 540 1593 612 τὴν
1621 542 1713 593 ὲκ-

149 628 368 697 ιιλησίαν
395 630 489 683 καὶ
514 630 667 683 αὐτοὶ
692 630 1069 686 καταλάϐοιεν*
1120 633 1215 686 καὶ
1242 633 1408 695 ὅπως,
1434 630 1531 702 τὴν
1554 631 1716 701 εὐχὴν

145 716 233 769 τοῦ
261 718 602 788 πατριάρχου
622 718 1052 785 διατελέσαντος,
1072 722 1269 791 τυφλὸς
1289 721 1450 785 εὐθὺς
1471 722 1499 773 6
1530 721 1721 791 γύριος

148 807 317 861 αὐτῶν
363 809 575 877 γένοιτο
624 811 719 863 καὶ
769 810 971 879 κωφός.
1002 812 1112 866 Καὶ
1142 812 1218 875 ὼς
1250 806 1572 883 προστάξειε
1620 810 1717 880 μὲν

147 900 323 962 αὐτοῖς
347 900 759 971 χειραγωγῆσαι
788 900 949 955 αὐτὸν
976 902 1069 955 ἐπὶ
1110 901 1209 973 τὴν
1246 903 1444 966 οἰκίαν,
1493 901 1717 971 οὐδεμία

145 991 199 1045 δὲ
221 992 404 1055 αὐτοῖς
423 991 624 1058 ἔξοδος,
653 993 831 1046 καίτοι
857 991 1033 1045 πολλά
1056 992 1292 1065 καμοῢσι
1324 994 1419 1048 καὶ
1445 991 1717 1062 πανταχοῦ

145 1086 238 1155 τῆς
259 1084 555 1154 ἐκκλησίας
582 1082 979 1156 περιελθοῦσιν,
1018 1085 1343 1155 εὑρίσκεται.

212 1174 364 1231 CLV.
396 1175 614 1229 Τούτων
656 1175 838 1245 ἐκείνη
876 1174 1180 1237 ἀκούσασα,
1228 1175 1458 1245 συνῆκεν
1497 1174 1716 1238 εὐθέως,

147 1268 259 1337 ὅθεν
296 1270 330 1339 ἡ
374 1268 486 1321 τῶν
518 1267 669 1321 ῶτων
699 1266 849 1337 αὐτῷ
896 1267 991 1320 καὶ
1019 1266 1127 1320 τῶν
1148 1265 1442 1337 ὀφθαλμῶν
1471 1267 1717 1338 πήρωσις

145 1356 207 1431 ἦν
221 1381 232 1390 ·
257 1360 350 1414 καὶ
368 1360 564 1432 βοηθὸς
585 1360 630 1390 ³⁸
645 1358 858 1430 ἀληθῶς
883 1357 1031 1429 αὐτῷ
1057 1358 1285 1427 γίνεται.
1315 1359 1596 1430 Τραπεῖσα
1613 1356 1720 1428 γὰρ

150 1453 221 1514 εἰς
245 1451 408 1521 εὐχὴν
432 1450 657 1514 αὐτίκα,
702 1449 798 1503 καὶ
822 1449 1032 1520 δάκρυα
1059 1448 1196 1519 μετὰ
1226 1449 1327 1518 τῆς
1351 1447 1517 1518 εὐχῆς
1545 1447 1721 1519 θερμά

149 1543 332 1613 χέουσα
364 1543 432 1606 ³⁵,
466 1542 637 1595 ἐδεῖτο
678 1540 771 1594 τοῦ
798 1539 953 1605 Θεοῦ,
980 1540 1121 1627 ὦδστε
1155 1541 1254 1612 τὴν
1280 1539 1454 1606 ἔξοδον
1495 1540 1719 1610 ἐπιτρα-

150 1641 305 1711 πῆναι
336 1638 414 1710 τῷ
447 1638 717 1708 Σισιννίῳ,
746 1638 840 1691 καὶ
880 1624 1061 1690 οἴκαδε
1095 1634 1431 1707 ὑποστρέψαι
1465 1634 1510 1665 ³⁸
1537 1632 1716 1687 αὐτόν.

150 1732 250 1784 Καὶ
280 1730 415 1801 πρὸς
448 1728 576 1791 τοὺς
619 1726 836 1790 οἰκέτας
877 1727 1301 1798 ὲπιστραφεῖσα·
1332 1722 1469 1794 (ᾔδει
1501 1722 1609 1794 γάρ
1645 1723 1721 1786 ὡς

149 1820 259 1874 οὐδὲ
290 1821 380 1874 τὸν
414 1820 586 1892 ἄνδρα
619 1818 940 1891 περιόψεται
981 1817 1197 1880 πάντως
1218 1819 1246 1870 6
1278 1816 1499 1886 ἐκείνης
1526 1815 1661 1878 Θεός

156 1911 370 1979 Ἄγετε,
419 1908 578 1980 φησὶ,
624 1908 715 1961 τὸν
754 1906 941 1979 κύριον
986 1907 1138 1978 ὐμῶν
1174 1906 1309 1978 πρὸς
1352 1906 1391 1937 ³⁷
1437 1903 1528 1959 τδν
1574 1903 1720 1958 οἷκον

151 2003 615 2075 χειραγωγήσατε·
646 1998 1049 2070 καταλαμϐάνω
1073 1998 1130 2050 δὲ
1166 1996 1305 2068 μετὰ
1346 1994 1518 2068 βραχὺ
1560 1997 1716 2068 αὐτή.

152 2092 326 2148 Ταῦτα
366 2093 494 2163 ἔφη,
532 2092 627 2146 καὶ
661 2090 820 2163 ῥᾳδία
854 2091 888 2160 ὴ
922 2089 1097 2155 ἔξοδος
1130 2088 1290 2151 εὐθὺς
1332 2090 1445 2151 τοῖς
1485 2086 1721 2149 οἰκέταις

154 2184 374 2253 ἐγένετο.
403 2182 517 2237 Καὶ
542 2184 570 2235 6
602 2181 863 2244 Σισίννιος
894 2179 1203 2250 ὀφθαλμοὺς
1228 2177 1308 2231 ἔτι
1341 2179 1432 2232 καὶ
1469 2171 1583 2231 ὦτα
1627 2194 1723 2229 πε-

153 2274 486 2345 πηρωμένος,
513 2274 934 2343 ὲχειραγωγεῖτο
961 2270 1100 2341 πρὸς
1124 2268 1222 2341 τὴν
1248 2271 1446 2324 οἰκίαν.
1484 2270 1547 2323 υἱ
1574 2268 1719 2321 οίκέ-

152 2382 233 2417 ται
273 2364 451 2419 τοίνυν
512 2365 755 2427 ἐλθόντες
791 2362 946 2435 παρὰ
967 2363 1065 2435 τὴν
1099 2360 1400 2435 Θεοδώραν,
1442 2362 1537 2414 καὶ
1568 2356 1723 2423 αὖθις

155 2456 225 2509 ἔτι
248 2458 425 2528 κωφὸν
448 2453 591 2511 εἶναι
615 2457 709 2510 καὶ
730 2442 927 2525 mdia»;
951 2454 1041 2509 τὸν
1065 2451 1271 2507 ἑαυτῶν
1291 2452 1722 2523 ἀπαγγέλλουσιν

155 2546 343 2619 κύριον.
394 2546 510 2601 Καὶ
537 2546 679 2617 αὐτὴ
706 2545 1077 2617 συντονωτέρᾳ.
1122 2544 1281 2598 πάλιν
1309 2541 1448 2615 πρὸς
1478 2543 1570 2598 τὸν
1591 2544 1724 2599 Θεὸν

154 2643 214 2712 τῇ
246 2641 423 2713 δεήσει
457 2641 555 2693 καὶ
587 2638 937 2710 θερμοτέροις
986 2637 1155 2690 ἐδεῖτο
1203 2636 1249 2667 ³⁸
1288 2640 1400 2700 τοῖς
1443 2636 1723 2709 δάκρυσιν,

157 2731 284 2805 ὥστε
306 2733 395 2786 τὸν
428 2731 603 2802 ἀνδρα
627 2729 722 2783 τοῦ
757 2728 964 2792 πάθους
988 2726 1397 2798 ἀπαλλαγῆναι·
1422 2727 1523 2799 ἤδη
1547 2726 1603 2780 δὲ
1633 2726 1727 2781 καὶ

160 2824 244 2878 τοῦ
294 2823 638 2895 πατριάρχου
687 2821 786 2892 τὴν
848 2819 999 2892 ίεράν
1056 2818 1439 2881 ὲκτελέοαντος
1484 2818 1726 2890 λειτουρ-

158 2914 268 2983 γίαν
289 2915 418 2986 (20),
452 2914 643 2967 πίπτει
661 2912 794 2983 πρὸς
814 2911 940 2974 τοὺς
962 2908 1125 2963 αὐτοῦ
1141 2909 1302 2972 πόδας
1316 2911 1350 2981 ἡ
1362 2907 1729 2980 Θεοδώρα,καὶ

158 3007 245 3077 τὴν
259 3006 496 3078 πήρωσιν
508 3003 602 3058 τοῦ
623 3002 812 3074 ἀνδρὸς
837 3001 1164 3070 ἀπαγγέλλει
1197 3001 1290 3054 καὶ
1305 3001 1472 3054 δεῖται
1496 3000 1590 3053 καί
1621 2999 1731 3053 ίκε-

160 3095 308 3160 τεύει,
331 3094 645 3166 καίδάκρυα
658 3092 766 3147 τῶν
793 3090 966 3144 ποδῶν
989 3091 1267 3162 καταχέει,
1299 3089 1629 3163 θεραπεῦσαι
1648 3088 1727 3161 τῷ
1753 3124 1799 3186 C

160 3184 299 3256 ἀνδρὶ
316 3191 374 3239 τὸ
396 3184 590 3249 πάθος,
624 3186 717 3239 καὶ
744 3183 817 3255 μὴ
844 3183 984 3237 οὕτω
1010 3183 1271 3256 περιιδεῖν
1295 3182 1480 3245 κακῶς
1512 3181 1723 3253 ἔχοντα.

225 3277 392 3333 CLVI.
423 3277 645 3332 Τούτων
676 3278 705 3330 6
748 3276 1017 3350 μακάριος
1057 3274 1291 3348 Κλήμης
1337 3273 1597 3339 ἀκούσας,
1634 3272 1729 3327 καὶ

164 3370 331 3425 παθὼν
357 3373 449 3426 ἐπὶ
474 3373 543 3442 τῇ
569 3370 671 3440 τῆς
698 3370 954 3439 γυναικὸς
996 3369 1252 3439 συμφορᾷ
1280 3366 1377 3437 τὴν
1404 3366 1609 3438 ψυχὴν,
1648 3365 1729 3428 είς

165 3463 353 3535 δάκρυα
375 3465 468 3519 καὶ
508 3462 671 3525 αὐτὸς
700 3460 911 3532 φανερὰ
939 3459 1260 3528 κατάγεται,
1304 3457 1398 3512 καὶ
1427 3456 1731 3529 προτρέπε-

165 3574 242 3609 ται
278 3556 398 3620 τοὺς
440 3554 719 3626 παρόντας
758 3555 913 3624 κοινῇ
950 3551 1044 3605 τοῦ
1083 3549 1219 3604 Θεοῦ
1266 3546 1546 3620 δεηθῆναι,
1590 3548 1728 3623 ὥστε

168 3641 369 3718 λυθῆναι
396 3645 473 3716 τῷ
497 3644 751 3715 Σισιννίῳ
778 3644 879 3715 τὴν
902 3644 1170 3714 πήρωσιν.
1194 3641 1398 3695 Τούτου
1419 3640 1477 3695 δὲ
1498 3639 1729 3711 γενομέ-

169 3754 269 3803 νου,
298 3739 644 3812 θαῤῥούντως
681 3736 869 3791 ἄπεισι
913 3734 1051 3807 μετά
1077 3735 1175 3806 τῆς
1218 3732 1476 3803 γυναικὸς
1510 3733 1602 3785 ἐπὶ
1640 3730 1730 3785 τὸν

169 3822 299 3879 οἷκον
321 3832 347 3883 6
375 3828 752 3901 πατριάρχης,
785 3828 879 3881 καὶ
925 3825 1305 3897 ἀνεῳγμένους
1348 3824 1449 3895 μὲν
1486 3823 1730 3895 εὑρίσκει

170 3915 239 3987 τῷ
264 3918 409 3991 ἀνδρὶ
427 3920 558 3981 τοὺς
577 3916 908 3989 ὀφθαλμοὺς,
942 3917 1022 3979 είς
1043 3915 1101 3968 δὲ
1122 3916 1184 3969 τὸ
1206 3914 1423 3985 βλέπειν
1452 3916 1603 3968 οὐδὲν
1621 3912 1730 3967 τῶν

174 4011 570 4081 πεπηρωμένων
608 4010 832 4087 ἄμεινον
867 4008 1105 4078 ἔχοντας.
1150 4006 1462 4076 Κεκὼφωτο
1494 4007 1537 4037 ³⁹
1579 4005 1634 4059 δὲ
1663 4005 1731 4058 τὰ

173 4091 290 4163 ὦτα,
320 4102 409 4154 καὶ
431 4100 713 4173 βαρυτάτῃ
739 4100 998 4171 συμφορᾷ
1020 4099 1147 4169 περὶ
1172 4098 1234 4150 τὸ
1258 4097 1417 4168 σῶμα
1446 4097 1726 4166 ἐκέχρητο.

186 4188 421 4263 Ὀδυρμδς
440 4188 533 4247 οὖν
550 4194 614 4246 ὲκ
634 4190 743 4245 τῶν
775 4190 1057 4261 παρόντων
1084 4190 1319 4260 ἐγένετο,
1345 4189 1437 4242 καὶ
1468 4187 1730 4258 κατέσχεν

174 4280 365 4355 οἰμωγὴ
398 4284 487 4337 τὸν
508 4278 679 4337 οἶκον.
719 4283 857 4335 Ἀλλ’
878 4284 906 4335 6
931 4282 1028 4353 μὲν
1056 4281 1319 4344 Σισίννιος
1345 4281 1445 4333 οὐκ
1470 4278 1732 4352 ᾐσθάνετο

175 4371 269 4425 τῶν
293 4374 688 4447 γεγενημένων.
719 4372 845 4437 Πῶς
880 4374 946 4438 ⁸ο,
974 4375 1031 4437 ὃς
1058 4391 1123 4442 γε
1153 4374 1255 4427 οὐκ
1281 4373 1323 4405 ⁸¹
1350 4372 1571 4425 ἀκούειν
1605 4371 1729 4424 οὐτε

176 4460 291 4532 ὁρᾷν
319 4460 455 4535 εἶχεν
478 4506 493 4519 .

238 4555 422 4610 CLVII.
440 4557 852 4628 ’Υπεραλγήσας
867 4558 923 4611 δὲ
944 4560 971 4611 6
1004 4556 1145 4620 θεῖος
1165 4557 1396 4627 Κλήμης
1426 4555 1527 4625 τῆς
1553 4571 1739 4623 γυναι-

180 4649 261 4712 κδς
287 4653 373 4705 καὶ
384 4651 474 4706 τοῦ
486 4649 851 4721 οἴκου,ίκέτης
862 4651 1068 4719 γίνεται
1082 4648 1176 4702 τοῦ
1202 4647 1357 4711 Θεοῦ,
1376 4647 1469 4700 καὶ
1494 4645 1632 4716 μετά
1646 4644 1738 4698 δα-

180 4737 340 4808 κρύων
360 4742 545 4807 ἐδεῖτο,
559 4743 654 4797 καὶ
675 4738 994 4812 περιπαθεῖς
1012 4738 1242 4801 ἐξέτεινε
1258 4736 1355 4798 τὰς
1383 4734 1612 4805 δεήσειςο
1628 4734 1740 4786 Κύ-

185 4844 253 4915 Pl?
268 4828 433 4915 Ἰησοξ
438 4834 482 4885 Χ
492 4833 660 4904 ριστὲ,
676 4831 867 4898 λέγων,
885 4830 913 4881 6
927 4827 1024 4890 τάς
1038 4825 1146 4879 τῶν
1161 4822 1400 4895 οὐρανῶν
1421 4822 1565 4883 κλεῖς
1581 4821 1741 4874 δεδω-

183 4914 359 4992 κὼςτῷ
374 4911 648 4992 ἀποστόλῳ
663 4937 754 4973 σου
770 4919 980 4989 Πέτρῳ,
997 4916 1090 4970 καὶ
1106 4916 1280 4986 Ἃπερ
1306 4912 1538 4980 ἀνοίξεις
1574 4911 1741 4981 ἀνέῳ-

185 5024 323 5077 κται,
346 5012 529 5079 εἰπὼν,
571 5014 666 5067 καὶ
687 5013 832 5084 άπερ
859 5012 925 5066 ἂν
950 5008 1168 5081 κλείσῃς
1198 5007 1534 5068 κέκλεισται,
1570 5003 1730 5065 αὐτὸς

185 5103 266 5155 καὶ
286 5105 401 5169 τούς
421 5104 850 5178 πεπηρωμένους
884 5100 1190 5171 ὀφθαλμοὺς
1215 5096 1309 5152 τοῦ
1342 5096 1532 5165 ἀνδρὸς
1556 5093 1729 5157 τοῦδε,

1666 1780 1793 1887 )ῙΒ

1820 540 1957 595 siam
2012 539 2330 603 venissent,
2383 547 2498 592 tum
2559 552 2669 606 quo
2715 543 2876 606 pacto
2904 550 3029 589 cum
3076 534 3385 604 patriarcha

1818 629 2120 683 orationem
2139 626 2456 697 peregisset,
2495 626 2751 681 dominus
2780 640 2967 680 eorum
3000 624 3181 679 statim
3208 639 3388 680 caecus

1818 728 1872 775 et
1900 720 2101 774 surdus
2149 718 2327 773 lactus
2356 726 2538 785 esset;
2572 727 2686 771 tum
2720 732 2831 787 quo
2858 716 3022 771 modo
3073 714 3183 770 illis
3215 715 3389 784 impe—

1819 819 1997 866 rasset
2024 811 2245 881 quidem
2296 822 2357 864 ut
2383 825 2509 864 eum
2556 825 2720 864 manu
2757 809 2980 863 domum
3031 808 3383 875 deducerent,

1820 905 2003 961 nullus
2052 914 2234 960 autem
2265 904 2334 959 ab
2362 902 2497 973 ipsis
2528 903 2706 957 exitus
2736 900 3087 971 reperiretur,
3134 900 3387 971 quamvis

1819 996 2051 1050 multum
2080 996 2425 1051 laborassent
2453 1011 2518 1052 ac
2539 994 2741 1066 ubique
2769 1009 2864 1063 per
2884 993 3173 1049 ecclesiam
3199 992 3387 1047 ohum-

1820 1087 2119 1143 bulassent.

1890 1178 2050 1236 CLV.
2083 1179 2179 1236 His
2208 1180 2299 1234 illa
2329 1179 2553 1249 auditis,
2597 1179 2862 1234 intellexit
2900 1178 3105 1244 statim,
3137 1176 3280 1231 unde
3309 1175 3387 1230 illi

1821 1272 2037 1326 aurium
2064 1281 2119 1327 et
2148 1273 2435 1327 oculorum
2474 1270 2719 1327 defectus
2735 1270 3054 1332 accidisset;
3083 1269 3243 1338 eique
3263 1284 3389 1323 vere

1820 1362 2134 1418 auxiliatrix
2164 1362 2415 1417 ellicitur.
2457 1358 2609 1416 lllico
2648 1374 2888 1430 namque
2919 1358 3206 1415 conferens
3235 1371 3293 1411 se
3320 1355 3389 1410 ad

1820 1468 2030 1523 preces,
2055 1455 2433 1525 lacrymasquc
2464 1468 2589 1508 cum
2614 1452 2924 1522 precatione
2949 1464 3105 1506 acres
3126 1448 3385 1513 fundens,

1821 1546 2011 1600 orabat
2027 1545 2219 1610 Deum,
2248 1556 2308 1600 ut
2333 1544 2577 1600 Sisinnio
2596 1544 2775 1599 exitus
2799 1541 3211 1607 concederetur,
3233 1540 3390 1608 isque

1820 1638 2045 1692 domum
2095 1638 2315 1693 rediret.
2346 1635 2413 1692 Et
2459 1637 2526 1691 ad
2570 1636 2808 1691 famulus
2838 1650 3107 1691 conversa
3140 1636 3391 1703 (noverat

1821 1729 1967 1783 enim
2017 1730 2163 1800 quod
2212 1744 2313 1783 nec
2361 1728 2541 1782 virum
2582 1728 2939 1796 despecturus
2974 1732 3121 1780 esset
3162 1722 3388 1778 omnino

1822 1821 1986 1885 Deus,
2014 1837 2177 1893 quem
2212 1822 2329 1892 ipsa
2364 1822 2622 1892 colebat),
2644 1819 2824 1891 Agite,
2860 1819 3071 1889 inquit;
3102 1818 3388 1873 dominum

1821 1923 2061 1970 vestrum
2112 1914 2180 1969 ad
2208 1915 2431 1969 domum
2466 1931 2630 1970 manu
2666 1914 2847 1969 ducite
2874 1932 2888 1980 ;
2920 1914 3035 1983 ipsa
3063 1928 3194 1968 vero
3226 1911 3391 1982 paulo

1820 2017 1943 2077 post
1970 2008 2223 2063 advenio.
2250 2006 2374 2063 Haec
2402 2009 2560 2073 dixit,
2588 2008 2988 2077 confestimque
3012 2006 3186 2061 facilis
3207 2005 3391 2059 exitus

1821 2099 2029 2155 exstitit
2058 2099 2297 2155 famulis.
2326 2098 2391 2154 Et
2428 2100 2705 2155 Sisinnius
2735 2099 2909 2154 oculis
2945 2099 3123 2153 adhuc
3145 2106 3199 2151 et
3240 2095 3391 2150 auri-

1823 2191 1926 2247 bus
1954 2202 2147 2263 captus
2178 2192 2402 2246 domum
2431 2208 2593 2247 manu
2619 2191 2941 2246 ducebatur.
2972 2186 3183 2244 Famuli
3206 2196 3389 2242 autem

1821 2284 2103 2340 venientes
2117 2285 2183 2339 ad
2197 2282 2564 2350 Theodoram,
2598 2284 2795 2339 iterum
2828 2282 3084 2336 nuntiant
3107 2280 3388 2333 dominum

1823 2392 1985 2433 suum
2027 2376 2207 2431 adhuc
2245 2374 2472 2431 surdum
2516 2392 2638 2431 esse
2687 2391 2753 2431 ac
2792 2390 3018 2430 caecum.
3064 2372 3390 2441 Rursusque

1824 2469 1941 2541 ipsa
1968 2469 2397 2524 contentioribus
2425 2469 2490 2523 ad
2519 2466 2689 2521 Deum
2723 2466 2995 2536 precibus,
3026 2464 3393 2535 lacrymisque

1824 2562 2321 2618 vehementioribus
2350 2561 2561 2627 orabat,
2592 2569 2651 2615 ut
2677 2560 2759 2613 vir
2781 2575 2811 2612 a
2834 2559 3024 2612 morbo
3044 2555 3391 2615 liberaretur.

1825 2651 2074 2725 Cumque
2110 2654 2223 2725 jam
2255 2651 2568 2724 patriarcha
2627 2666 2838 2706 sacram
2892 2648 3208 2719 perfecisset
3234 2648 3394 2701 litur—

1828 2750 1993 2819 giam,
2038 2746 2274 2818 procidit
2311 2747 2378 2802 ad
2423 2747 2543 2816 ejus
2589 2745 2751 2815 pedes
2776 2741 3089 2808 Theodora,
3118 2749 3173 2796 et
3204 2739 3389 2794 mariti

1828 2837 2160 2893 debilitatem
2188 2836 2525 2907 pronuntiat,
2558 2833 2908 2904 profusisque
2937 2833 3003 2886 ad
3028 2830 3193 2900 pedes
3219 2830 3396 2899 lacry-

1830 2926 1934 2981 mis
1964 2935 2218 2996 precatur
2240 2940 2305 2981 ac
2329 2926 2578 2981 obsecrat
2605 2932 2664 2979 ut
2692 2924 2795 2977 viri
2822 2923 3070 2978 morbum
3096 2930 3270 2987 curet,
3298 2933 3399 2975 nec

1832 3018 1905 3072 ita
1933 3033 2057 3073 eum
2096 3019 2236 3073 male
2260 3017 2546 3074 habentem
2577 3016 2856 3087 despiciat.

1900 3282 2077 3339 CLVI.
2112 3284 2245 3352 Quae
2270 3300 2393 3342 cum
2428 3284 2695 3341 audiisset
2722 3284 2914 3340 beatus
2943 3282 3216 3347 Clemens,
3249 3294 3313 3337 ac
3329 3296 3395 3335 ex

1832 3378 2016 3432 animo
2055 3379 2303 3435 mulieris
2343 3379 2708 3433 calamitatem
2734 3375 2970 3439 doleret;
3022 3375 3078 3428 in
3121 3374 3395 3445 lacrymas

1830 3464 1945 3534 ipse
1995 3466 2159 3521 etiam
2209 3466 2528 3523 manifestas
2561 3466 2886 3537 prorumpit,
2921 3476 3125 3534 eosque
3163 3462 3257 3533 qui
3302 3463 3398 3518 ad-

1828 3568 1985 3613 erant
2006 3558 2257 3613 hortatur
2291 3557 2460 3613 Deum
2492 3558 2545 3611 ln
2571 3557 2848 3612 communi
2879 3569 3054 3620 orare,
3072 3563 3132 3609 ut
3153 3570 3183 3609 a
3218 3552 3394 3609 Sisin-

1830 3650 1924 3704 nio
1949 3650 2175 3705 morbus
2205 3650 2524 3720 depellatur.
2554 3649 2673 3715 Quo
2706 3649 2872 3715 facto,
2903 3647 3219 3717 patriarcha
3263 3662 3399 3701 con-

1831 3741 2061 3797 ﬁdenter
2089 3742 2313 3797 domum
2340 3756 2467 3796 cum
2495 3740 2727 3795 muliere
2765 3740 2877 3794 abit
2904 3754 2918 3792 :
2950 3747 3004 3793 et
3027 3747 3244 3808 apertos
3272 3738 3397 3807 qui-

1830 3835 1953 3891 dem
1984 3834 2324 3890 nanciscitur
2354 3833 2457 3887 viri
2482 3833 2693 3896 oculos,
2714 3831 2782 3886 ad
2808 3831 3100 3886 videndum
3130 3846 3258 3885 vero
3286 3845 3394 3884 non

1830 3929 2029 3985 melius
2077 3942 2241 3997 quam
2284 3940 2551 3981 caecorum
2586 3923 2903 3993 dispositos.
2941 3923 3047 3979 Sed
3089 3931 3141 3978 et
3170 3924 3397 3977 auribus

1830 4021 2216 4082 obsurduerat,
2250 4026 2415 4089 atque
2465 4016 2704 4088 pessime
2736 4029 2968 4087 corpore
2992 4023 3113 4069 erat
3143 4014 3392 4069 affectus.

1830 4114 1913 4171 Ab
1943 4114 2010 4168 iis
2038 4126 2168 4183 ergo
2191 4109 2285 4182 qui
2314 4118 2610 4181 praesentes
2641 4116 2800 4163 erant
2822 4108 3142 4162 lamentatio
3159 4118 3277 4162 orta
3292 4118 3396 4171 est,

1830 4208 2165 4274 domumque
2189 4203 2426 4273 ejulatus
2453 4202 2764 4272 occupavit.
2796 4200 3182 4257 Verumtamen
3223 4202 3398 4257 Sisin-

1831 4299 1956 4353 nius
1984 4310 2107 4366 qua).
2144 4293 2287 4349 facta
2314 4290 2533 4346 fuerant
2559 4305 2667 4344 non
2699 4290 3053 4362 intelligebat,
3080 4288 3290 4344 scilicet
3325 4298 3387 4343 ut

1833 4391 1928 4463 qui
1956 4390 2078 4445 visu
2109 4397 2164 4445 et
2190 4387 2377 4442 auditu
2404 4385 2648 4454 privatus
2670 4392 2834 4438 esset.

1904 4545 2108 4604 CLVII.
2140 4543 2365 4597 Divinus
2400 4549 2579 4593 autem
2615 4535 2871 4591 Clemens
2892 4574 2907 4597 ,
2952 4550 3076 4590 cum
3106 4535 3397 4591 admodum

1834 4636 2079 4696 mulieris
2109 4649 2174 4688 ac
2199 4632 2395 4686 domus
2418 4628 2588 4682 vicem
2622 4626 2869 4689 doleret,
2907 4624 3018 4680 Deo
3060 4627 3282 4695 supplex
3317 4629 3396 4691 tit,

1833 4741 1888 4788 et
1911 4745 2034 4786 cum
2056 4724 2312 4797 lacrymis
2340 4720 2683 4792 precabatur,
2707 4718 3039 4787 aﬂ’ectusque
3068 4720 3255 4788 plenas
3276 4735 3401 4774 ora-

1834 4826 2012 4879 tiones
2028 4820 2187 4884 l'udit,
2214 4818 2430 4871 dicens:
2450 4811 2678 4867 Domine
2698 4810 2823 4865 Jesu
2847 4811 3083 4877 Christe,
3102 4813 3193 4881 qui
3219 4813 3401 4869 claves

1837 4914 2099 4970 caelorum
2130 4908 2326 4965 dedisti
2356 4904 2602 4976 apostolo
2627 4915 2720 4958 tuo
2744 4902 2925 4967 Petro,
2950 4912 3004 4957 et
3027 4903 3243 4959 dixisti:
3268 4902 3402 4970 Quae

1838 5003 2147 5075 aperueris,
2183 5008 2367 5071 aperta
2391 5005 2589 5063 erunt,
2631 5006 2685 5051 et
2726 5012 2847 5065 quae
2878 4996 3175 5062 clauseris,
3213 4997 3399 5054 clausa

1838 5102 1999 5151 erunt
2018 5092 2100 5157 “;
2136 5089 2253 5159 ipse
2279 5096 2336 5142 et
2361 5087 2509 5157 aperi
2558 5100 2731 5141 caecos
2773 5085 2877 5139 viri
2924 5085 3088 5155 hujus
3117 5087 3306 5142 oculos
3335 5100 3401 5141 ac

1463 5232 1696 5291 VARUS
1733 5230 2130 5289 LECTlONES.

251 5327 817 5405 ﬁal.inser.tbc."al.
853 5334 1045 5405 χέασα.
1119 5332 1169 5405 _“
1203 5331 1275 5384 al.
1315 5326 1669 5405 ἀναστρέψαι.
1746 5327 1788 5358 ³⁷
1812 5327 1883 5381 al.
1925 5326 2020 5379 καὶ
2048 5324 2201 5394 πρός.

192 5403 428 5479 πῶςγάρ.
500 5410 543 5445 ιι
570 5408 638 5461 al.
679 5404 825 5459 οὐτε.
856 5400 946 5437 ”⁵²
983 5402 1174 5458 Matth.
1203 5418 1316 5467 xvi,
1360 5400 1445 5453 l9.

2283 5321 2327 5353 ³⁸
2351 5321 2422 5375 al.
2464 5317 2683 5390 ἐχρῆτο.
2739 5316 2781 5348 ³⁹
2796 5316 2876 5372 al.
2894 5313 3199 5383 κεκώφητο.
3254 5312 3300 5351 δ’
3325 5309 3398 5363 al.

1458 5530 1825 5588 VARIORUM
1865 5525 2094 5583 ΝΟΤΑΞ.

216 5698 227 5708 ο
256 5629 354 5708 (Ξθ)
385 5634 495 5703 Τὴν
522 5636 684 5708 ἱερὰν
709 5631 1141 5708 ζκτελέραντος
1172 5627 1579 5708 ..λειτουργίαι
1608 5624 1724 5708 Ἰεθ-

197 5697 293 5754 tina
316 5697 494 5759 Vcrsio
519 5697 683 5768 edita,
718 5702 847 5757 Post
876 5701 1130 5768 Mysteria
1164 5699 1331 5766 facta;
1361 5698 1560 5768 scripta
1589 5697 1727 5768 duo-

197 5719 293 5754 una
321 5719 494 5759 YCI‘StO
519 5719 683 5768 edita,
718 5719 847 5757 Ροει
876 5719 922 5755 Μ
968 5719 1130 5755 sterta
1164 5719 1331 5766 laeta;
1361 5719 1560 5764 scrlpta
1589 5719 1723 5749 uuu-

197 5783 300 5825 rum
331 5776 588 5839 codicum,
612 5774 809 5829 .loliani
838 5783 892 5826 et
924 5719 1312 5837 glerovalliani,
1342 5767 1496 5837 factis
1518 5774 1567 5820 et
1590 5763 1723 5821 cele-

488 5867 756 5928 PATROL.
814 5864 934 5927 Gn.
986 5864 1067 5924 ll.

1826 5622 1992 5676 brutis
2010 5619 2208 5672 missis.
2234 5615 2289 5687 In
2310 5614 2787 5687 Paraphrasivero
2820 5611 3127 5687 librijegii
3155 5611 3280 5687 εοι,
3305 5609 3400 5687 καὶ

1828 5692 1894 5761 δὴ
1937 5690 2039 5760 τῆς
2102 5685 2417 5748 ἀπολύσεως
2452 5680 2781 5755 γενομένης.
2819 5686 2899 5739 Ex
2947 5682 3266 5752 Martyrion.
3291 5723 3307 5749 ,
3344 5680 3399 5737 7.

1833 5760 1968 5816 cor.

3005 5844 3079 5904 19
