3834 6220
283 341 389 396 589

1099 342 1635 401 CLEMENTINA.—
1682 345 1979 403 EPITOME
2018 348 2105 404 DE
2142 351 2385 410 GESTIS
2422 356 2477 412 S.
2513 355 2733 413 PETRI.

3422 366 3530 423 390

278 449 414 507 Εἶτα
456 458 760 527 κατήγορος
801 458 962 522 αὐτὸς
1000 458 1192 511 ἐαυτοῦ
1246 460 1493 527 γίνεται,
1544 461 1636 513 καὶ
1690 460 1834 513 πάντη

1969 473 2122 518 stret.
2154 464 2349 522 Postea
2377 470 2493 539 ipse
2541 474 2625 526 sui
2675 485 2963 530 accusator
2997 475 3259 545 eﬂicitur,
3300 494 3530 539 cuneta-

278 549 505 619 ποιῆσαι
531 548 596 600 δι’
627 549 797 620 αὐτὴν
822 551 915 603 καὶ
940 549 1129 603 παθεῖν
1150 550 1500 618 ἀπαγγέλλει.

348 722 529 778 CLXI.
584 724 724 793 Ἐγὼ
749 725 858 798 γὰρ
885 725 1267 796 ἐζηλοτύπουν,
1294 703 1596 798 φησὶνίέπὶ
1622 728 1723 789 σοὶ,
1750 728 1852 791 ὅτι,

268 815 365 868 τὸν
402 815 631 884 σύζυγον
660 816 759 887 ἐμὲ
798 816 1144 888 περιορῶσα,
1174 816 1325 896 παρὰ
1363 818 1454 871 τὸν
1496 817 1643 882 ξένον
1668 818 1855 871 τοῦτον

269 908 514 977 ἐφοίτας,
550 908 610 960 τὸ
634 907 728 960 τοῦ
754 908 1090 979 πατριάρχου
1112 907 1365 979 προσθεὶς
1379 908 1547 979 ϐνομα
1564 926 1576 937 ·
1616 910 1855 973 καὶτοὺς

265 999 372 1068 τῆς
397 998 609 1068 φύσεως
636 997 898 1070 θορύϐους
917 1040 931 1063 ,
958 1000 1053 1051 καὶ
1084 1000 1184 1062 τὰς
1210 1000 1273 1051 ἐκ
1296 1000 1395 1070 τῆς
1434 998 1600 1069 ζάλης
1613 1000 1659 1031 ⁵ο
1684 1016 1855 1072 ταρα-

265 1090 374 1161 χάς
421 1092 481 1143 οὐ
528 1091 707 1163 φέρων
734 1132 749 1156 ,
803 1090 1153 1161 ἠναγκάσθην
1201 1091 1337 1162 πρὸς
1397 1075 1852 1162 τὴν“ἐκκλησίαν

264 1182 534 1236 ἀπιοῦσαν
563 1183 885 1252 ἐπιφυλάξαι
914 1201 995 1247 σε,
1020 1184 1112 1236 καὶ
1141 1183 1267 1236 ἰδεῖν
1290 1183 1357 1236 τὰ
1380 1183 1695 1255 τελούμενα.
1722 1184 1851 1236 Είσ-

264 1262 438 1329 ελθὼν
491 1276 670 1329 τοίνυν
703 1276 798 1329 καὶ
844 1276 1007 1338 αὐτὸς
1046 1276 1275 1329 κατόπιν
1311 1278 1391 1339 είς
1429 1276 1522 1329 τὸν
1564 1276 1688 1330 ναὸν
1710 1318 1725 1341 ,
1756 1277 1850 1330 καὶ

186 1377 199 1388 ⁸
263 1369 581 1441 περιέργοις
599 1346 894 1438 ὀφθαλμοῖς
912 1368 980 1420 τά
1001 1369 1104 1421 ὐπὸ
1126 1368 1219 1421 τοῦ
1238 1369 1573 1439 πατριάρχου
1592 1368 1849 1439 γινόμενα

261 1459 525 1530 θεωρῶν,
582 1459 709 1528 ὅλην
755 1476 814 1511 τε
854 1458 1003 1529 αὐτῷ
1045 1460 1144 1530 τὴν
1183 1460 1351 1531 ἀκοὴν
1390 1459 1707 1525 διανιστῶν,
1756 1462 1849 1514 καὶ

260 1551 539 1621 ἀκροατὴς
567 1547 703 1604 εἶναι
725 1551 835 1603 τῶν
861 1550 1167 1622 λεγομένων
1204 1548 1399 1605 ἐθέλων
1418 1594 1433 1617 ,
1468 1553 1565 1615 τάς
1582 1553 1758 1622 ’ὄψεις
1788 1569 1847 1605 τε

260 1642 399 1711 ὁμοῦ
424 1641 599 1696 καὶτὰ
611 1636 723 1696 ὦτα
750 1641 1050 1715 πηροῦμαι.
1083 1645 1144 1695 Εἰ
1174 1645 1267 1696 καὶ
1298 1644 1458 1697 πάλιν
1492 1645 1716 1707 ἐκεῖνος,
1751 1645 1847 1697 ἆτε

257 1734 399 1788 Θεοῦ
433 1736 676 1807 μιμητὴς
702 1736 800 1802 ὣν,
830 1737 1127 1806 ἀναϐλέψαι
1150 1754 1209 1789 τε
1242 1737 1335 1789 καὶ
1358 1736 1588 1790 ἀκοῦσαι
1614 1737 1843 1807 πεποίη-

1961 571 2068 623 que
2097 573 2156 611 se
2184 569 2407 629 propter
2438 562 2586 617 illam
2633 564 2829 621 fecisse
2880 584 2943 622 ac
2972 571 3261 639 pertulisse
3290 589 3531 632 commo-

1961 655 2159 701 morat.

2030 738 2212 795 CLXI.
2255 740 2367 813 Ego
2413 744 2602 810 enim,
2662 747 2861 818 inquit,
2910 752 3171 824 zelotypia
3216 757 3294 811 tui
3330 759 3530 817 ductus

1960 844 2105 897 sum,
2139 834 2286 901 quod
2319 850 2406 889 me
2433 836 2667 906 conjuge
2690 842 2953 910 neglecto,
2990 844 3056 899 ad
3090 848 3356 917 hospitem
3382 850 3529 906 hunc

1958 921 2300 989 adventares,
2336 938 2390 982 et
2421 930 2629 984 addidit
2664 948 2860 987 nomen
2901 938 3254 1007 patriarchae;
3292 952 3529 997 naturae-

1958 1030 2066 1085 que
2101 1021 2538 1085 perturbationes
2568 1038 2633 1076 ac
2671 1039 2735 1077 ex
2762 1023 3114 1084 ﬂuctuatione
3144 1042 3295 1087 ortos
3323 1036 3528 1089 tumul-

1959 1114 2045 1160 tus
2077 1121 2183 1159 non
2214 1105 2392 1163 ferens
2412 1150 2425 1173 ,
2455 1121 2677 1169 coactus
2705 1129 2826 1169 sum
2869 1126 2920 1170 te
2962 1132 3085 1171 cum
3118 1121 3185 1174 ad
3236 1123 3525 1180 ecclesiam

1954 1197 2062 1252 ires
2090 1201 2403 1265 observare,
2431 1212 2593 1273 atque
2616 1206 2799 1262 videre
2820 1224 2942 1278 quas
2964 1213 3281 1280 agebantur.
3317 1214 3528 1287 Ingres-

1953 1303 2048 1342 sus
2076 1303 2206 1359 ergo
2228 1298 2281 1343 et
2312 1290 2427 1359 ipse
2456 1304 2579 1361 post
2614 1304 2665 1350 te
2701 1297 2753 1350 in
2793 1301 3083 1369 templum,
3106 1305 3393 1375 oculisque
3427 1324 3525 1363 cu-

1952 1377 2117 1434 riosis
2145 1394 2313 1448 quaea
2339 1384 2645 1451 patriarcha
2674 1390 3001 1457 gerebantur
3044 1396 3337 1465 aspiciens,
3362 1399 3524 1469 eique

1951 1476 2094 1525 totas
2134 1487 2295 1528 aures
2322 1477 2595 1545 arrigens,
2625 1493 2689 1533 ac
2717 1495 2905 1535 eorum
2931 1499 3052 1552 quae
3076 1486 3397 1543 dicebantur
3428 1506 3525 1546 cu-

1951 1560 2108 1629 piens
2141 1579 2263 1618 esse
2308 1566 2567 1635 auditor,
2614 1571 2789 1627 oculis
2834 1575 3035 1642 pariter
3080 1586 3243 1647 atque
3295 1582 3523 1638 auribus

1951 1665 2143 1723 captus
2174 1671 2317 1711 sum.
2349 1657 2415 1712 Et
2438 1660 2562 1715 licet
2596 1663 2685 1716 ille
2709 1664 2902 1718 iterum
2927 1707 2943 1733 ,
3003 1677 3187 1738 utpote
3216 1669 3311 1726 Dei
3342 1672 3523 1728 imita-

1953 1753 2059 1810 tor,
2095 1762 2182 1800 me
2213 1763 2437 1805 cernere
2464 1768 2527 1805 ac
2555 1754 2745 1809 audire
2770 1754 2989 1825 fecerit;
3029 1774 3130 1829 ego
3163 1770 3341 1816 tamen
3384 1766 3523 1821 tanti

258 1845 327 1880 κε
346 1845 360 1857 ·
391 1826 503 1895 ἐγὼ
528 1826 585 1880 δὲ
615 1827 821 1896 ἀγαθοῦ
859 1828 1111 1881 τοσούτου
1144 1830 1567 1901 ἀμνημονήσας,
1599 1830 1659 1882 οὐ
1690 1831 1834 1899 μόνοι

1954 1837 2200 1893 beneficii
2231 1841 2551 1908 immemor,
2582 1860 2691 1899 non
2721 1848 2898 1902 solum
2929 1860 3110 1920 grates
3131 1852 3233 1921 ipsi
3258 1855 3328 1908 ob
3354 1855 3522 1911 bene-

255 1921 360 1975 οὐκ
414 1921 672 1975 ἀπέδωκα
688 1922 734 1953 ⁸¹
760 1922 988 1994 χάριτας
1013 1922 1161 1993 αὐτῷ
1187 1922 1287 1993 τῆς
1320 1922 1638 1994 εὐεργεσίας
1655 1964 1669 1987 ,
1715 1921 1849 1976 ἀλλὰ

255 2016 353 2069 καὶ
366 2032 424 2067 τε
434 2014 646 2086 ρατείαν
670 2017 699 2068 ὁ
718 2016 941 2085 μάταιος
952 2016 1011 2068 τὸ
1030 2014 1215 2087 θαῦμα
1231 2015 1421 2081 εἰπὼν,
1434 2016 1847 2089 τιμωρήσασθαί

253 2122 316 2157 τε
337 2105 499 2157 αὐτὸν
524 2106 859 2177 ἐπεχείρουν,
877 2107 976 2176 ὅση
1010 2124 1099 2176 μοι
1131 2106 1380 2176 δύναμις,
1409 2108 1501 2159 καὶ¹
1526 2111 1842 2178 κατασχεῖν,

252 2197 420 2268 οἴμοι,
447 2198 541 2250 καὶ
566 2197 784 2269 δεσμοῖς
816 2216 881 2251 πε
892 2198 1128 2268 ριϐαλεῖν
1165 2198 1415 2252 ἐκέλευον
1441 2202 1554 2262 τοῖς
1570 2201 1811 2263 οἰκέταις
1828 2229 1843 2243 ο

251 2287 485 2350 ἐκείνοις
500 2287 575 2350 δὲ,
595 2288 843 2358 κατέχειν
870 2305 928 2340 τε
951 2288 1111 2340 αὐτὸν
1140 2289 1419 2359 νομίζουσι
1448 2290 1542 2343 καὶ
1563 2292 1642 2352 εἰς
1669 2288 1845 2361 δεσμά

250 2378 442 2450 φέρειν
465 2421 479 2445 ,
524 2379 655 2444 ξύλα
693 2375 760 2450 ἦν
799 2382 856 2432 ἐν
890 2381 1044 2451 χερσὶ
1083 2381 1241 2451 μόνον
1270 2380 1364 2433 καὶ
1398 2380 1563 2434 λίθοι.
1591 2381 1761 2435 Τοῦτο
1788 2382 1843 2435 δὲ

250 2470 350 2522 καὶ
373 2470 519 2540 αὐτῷ
547 2489 636 2541 μοι
676 2471 871 2538 ἐδόκει,
914 2472 1007 2525 καὶ
1032 2467 1119 2525 οἷα
1148 2474 1239 2526 ὑπ’
1267 2472 1446 2526 αὐτῶν
1475 2475 1841 2546 κατεχομένου

248 2562 347 2614 τοῦ
384 2564 721 2635 πατριάρχου
743 2607 756 2629 ,
784 2564 1013 2628 ἀπειλὰς
1044 2565 1155 2632 ἐγὼ
1181 2564 1567 2636 χαλεπωτέρας
1614 2567 1838 2639 ἐπῆγον.

248 2652 536 2715 Διὰροῦτο
561 2654 749 2725 δέομαι
771 2656 799 2707 ὁ
829 2655 919 2718 σὸς
941 2654 1110 2727 ἀνὴρ,
1140 2657 1234 2709 καὶ
1255 2655 1457 2727 ταύτην
1483 2658 1633 2729 παρὰ
1655 2675 1842 2726 γυναι-

249 2744 350 2808 κὸς
382 2744 523 2816 ἐμῆς
550 2745 687 2799 αἰτῶ
706 2747 865 2818 χάριν
888 2748 954 2811 ⁸¹,
985 2746 1126 2819 ὥστε
1151 2748 1344 2818 πρῶτα
1386 2748 1485 2818 μὲν
1514 2749 1719 2819 εὐμενῆ
1744 2766 1839 2818 γε-

247 2814 438 2892 νέσθαι
457 2814 506 2869 ⁸³
529 2839 621 2893 τὸν
649 2814 813 2903 eam,
845 2814 1112 2893 Emwa‘ﬁé
1141 2881 1154 2906 ,
1184 2814 1278 2894 καὶ
1301 2814 1460 2895 αὐτὸν
1490 2814 1844 2914 διαλλαγῆναι

244 2926 342 2981 τὸν
372 2929 733 3001 πατριάρχην.

322 3019 527 3073 CLXII.
569 3020 788 3076 Τούτων
815 3023 1096 3077 ἀκούσασα
1120 3024 1389 3097 Θεοδώρα,
1416 3027 1553 3097 πρὸς
1579 3027 1670 3080 τὸν
1691 3028 1837 3082 ὅσιον

244 3108 410 3172 εὐθὺς
449 3111 789 3179 ἀφικνεῖται,
816 3114 910 3166 καὶ
949 3114 1047 3166 ὅσα
1073 3130 1132 3166 τε
1160 3114 1257 3167 ἴδοι
1278 3155 1292 3177 ,
1332 3117 1426 3168 καὶ
1444 3117 1543 3169 ὅσα
1571 3116 1722 3188 παρὰ
1740 3116 1834 3170 τοῦ

241 3201 439 3272 ἀνδρὸς
476 3202 727 3256 ἀκούσειε
752 3245 766 3269 ,
815 3205 977 3259 πάλιν
1029 3206 1358 3275 ἀπαγγέλλει
1399 3207 1575 3261 πάντα
1609 3209 1689 3279 τῷ
1728 3227 1832 3263 πα-

238 3294 500 3366 τριάρχῃ.
540 3294 598 3347 Ὁ
620 3296 676 3348 δὲ
704 3297 777 3367 μὴ
805 3296 1074 3369 μελλήσας
1096 3298 1282 3369 μηδὲν,
1305 3299 1501 3352 αὐτίκα
1528 3300 1669 3370 μάλα
1694 3301 1831 3373 πρὸς

238 3383 338 3436 τὸν
366 3385 626 3439 Σισίννιον
676 3388 1069 3458 παραγίνεται·
1102 3391 1195 3443 καὶ
1235 3391 1333 3460 οὐχ
1374 3391 1450 3454 ὡς
1484 3392 1545 3444 τὸ
1570 3393 1831 3465 πρότερον

240 3474 395 3545 αὐτῷ
418 3476 757 3546 ἐντυγχάνει,
782 3477 917 3530 ἀλλὰ
940 3478 1058 3549 μεθ’
1075 3480 1208 3549 ὅσης
1236 3481 1443 3543 ἐκεῖνος
1469 3481 1548 3551 τῷ
1570 3481 1831 3552 πατριάρ-

240 3580 319 3638 χῃ
359 3568 660 3638 προσέϐαλε
702 3568 824 3621 τότε
869 3569 973 3639 τῆς
1017 3570 1356 3641 ἀγριότητος,
1407 3570 1545 3641 μετὰ
1588 3571 1830 3635 πλείονος

241 3660 409 3712 αὐτὸν
432 3662 526 3713 νῦν
549 3662 648 3731 τῆς
676 3662 839 3732 τιμῆς
859 3662 1197 3732 ὑποδέχεται.
1231 3657 1462 3734 Ἀθρόαν
1485 3663 1661 3716 τοίνυν
1687 3664 1830 3717 οὕτω

240 3752 341 3805 καὶ
369 3752 566 3823 πολλὴν
606 3752 704 3823 τὴν
746 3753 1045 3825 μεταϐολὴν
1086 3756 1114 3807 ὁ
1154 3755 1326 3826 μέγας
1361 3755 1518 3819 ἰδὼν,
1547 3757 1736 3825 λόγους
1766 3774 1827 3809 τε

240 3842 373 3913 περὶ
395 3843 496 3913 τῆς
522 3842 803 3906 εὐσεϐείας
845 3844 1032 3910 δεξιῶς
1059 3845 1199 3914 ἄγαν
1232 3845 1381 3916 αὐτῷ
1405 3846 1707 3911 ὑποτείνει,
1732 3848 1827 3901 καὶ

238 3933 362 3986 ὅλον
385 3934 728 3987 ὑποποιεῖται
746 3936 838 3987 τὸν
862 3935 1049 4006 ἄνδρα.
1073 3938 1183 3990 Καὶ
1206 3939 1501 4002 πιστεύσας
1522 3940 1629 3992 ἀπὸ
1647 3939 1826 4010 ψυχῆς

238 4028 269 4079 ὁ
312 4026 574 4089 Σισίννιος
612 4026 693 4097 τῷ
726 4027 845 4097 Θεῷ
869 4069 883 4090 ,
940 4029 1113 4098 ἥψατο
1154 4029 1262 4082 τῶν
1295 4031 1577 4101 μακαρίων
1603 4033 1825 4087 ἐκείνων

237 4119 336 4172 τοῦ
372 4121 708 4193 πατριάρχου
747 4120 923 4174 ποδῶν
947 4162 961 4185 ,
1004 4124 1097 4176 καὶ
1139 4122 1362 4176 τοιαῦτα
1404 4125 1540 4194 μετὰ
1574 4126 1824 4197 δακρύων

240 4213 542 4283 ἐφθέγγετο
561 4230 576 4245 ⁸

313 4305 540 4361 CLXIII.
576 4306 894 4377 Εὐχαριστῶ
908 4323 986 4359 σοι
1013 4305 1090 4377 τῷ
1107 4306 1403 4378 ἀληθεῖκαὶ
1425 4309 1569 4381 μόνῳ
1588 4310 1727 4380 Θεῷ,
1744 4309 1823 4382 τῷ

237 4398 330 4452 διὰ
348 4398 507 4485 Ξοῦτό
532 4414 622 4468 μοι
642 4399 768 4459 τούς
803 4396 1113 4466 ὀφθαλμοὺς
1141 4415 1285 4469 πεπη
1296 4399 1491 4469 ρωκότι
1512 4398 1605 4452 τοῦ
1635 4399 1820 4470 σώμα-

1950 1929 2225 1985 ticentiam
2254 1948 2361 1986 non
2392 1935 2661 2003 persolvi,
2693 1938 2786 1991 sed
2817 1948 2871 1993 et
2898 1941 3129 1997 stolidus
3154 1984 3169 2010 ,
3196 1959 3322 1999 cum
3351 1948 3521 2001 mira-

1950 2020 2134 2075 culum
2168 2022 2406 2078 dicerem
2436 2040 2558 2080 esse
2585 2029 2908 2100 praestigias,
2953 2048 3078 2087 eum
3113 2036 3380 2105 supplicio
3408 2039 3524 2093 alii-

1950 2126 2102 2178 cere,
2130 2124 2391 2182 quantum
2429 2119 2611 2186 potui,
2639 2130 2870 2175 conatus
2891 2138 3010 2177 sum
3030 2165 3045 2189 ,
3070 2124 3321 2196 iussique
3345 2128 3523 2184 famu-

1950 2202 2048 2268 lis,
2095 2204 2181 2259 bei
2223 2207 2390 2261 mihi!
2432 2218 2491 2262 ut
2537 2211 2788 2265 eumdem
2835 2213 3130 2271 retinerent
3175 2232 3239 2273 ac
3287 2221 3520 2278 vinculis

1949 2305 2269 2364 onerarent;
2304 2298 2410 2354 illis
2448 2315 2577 2355 vero
2607 2303 2700 2371 qui
2731 2311 2915 2358 tenere
2953 2306 3104 2360 illum
3136 2318 3188 2363 et
3221 2310 3276 2364 in
3306 2312 3519 2368 vincula

1949 2387 2149 2444 ducere
2177 2390 2480 2459 putabant,
2510 2392 2654 2463 ligna
2679 2394 2943 2452 duntaxat
2965 2406 3019 2452 et
3049 2400 3257 2469 lapides
3281 2416 3437 2460 erant
3461 2407 3516 2460 in

1948 2478 2206 2533 manibus
2234 2497 2249 2533 :
2280 2479 2333 2534 id
2361 2481 2508 2550 quod
2541 2484 2674 2537 mihi
2707 2484 2871 2539 etiam
2905 2486 3223 2557 videbatur;
3270 2501 3325 2547 et
3357 2496 3516 2564 quasi

1948 2570 2017 2623 ab
2052 2571 2132 2624 eis
2167 2571 2476 2640 patriarcha
2528 2575 2899 2643 detineretur,
2944 2580 3121 2636 minas
3164 2582 3517 2652 gravissimas

1944 2675 2046 2730 ego
2071 2662 2371 2731 jactabam.
2397 2663 2665 2730 Quocirca
2698 2682 2928 2736 precor,
2960 2670 3045 2724 vir
3078 2679 3228 2735 tuus,
3266 2673 3518 2745 hancque

1944 2753 2013 2806 ab
2045 2768 2216 2808 uxore
2239 2770 2358 2809 mea
2394 2757 2624 2826 gratiam
2656 2767 2781 2826 peto
2804 2768 2863 2812 ut
2896 2760 3072 2829 primo
3096 2763 3313 2832 quidem
3345 2764 3514 2821 Deum

1942 2843 2077 2898 mihi
2111 2846 2410 2915 propitium
2439 2847 2662 2914 ellicias,
2686 2850 2883 2906 deinde
2907 2868 3037 2908 vero
3060 2864 3114 2909 et
3140 2871 3228 2910 me
3256 2859 3517 2914 concilies

1942 2936 2289 3006 patriarchae.

2012 3026 2216 3082 CLXII.
2243 3028 2337 3085 His
2359 3032 2582 3101 auditis,
2610 3034 2897 3091 Theodora
2924 3038 2989 3091 ad
3021 3048 3268 3093 sanctum
3298 3039 3515 3095 confes-

1942 3118 2035 3171 tim
2064 3121 2244 3187 venit,
2275 3132 2581 3192 cunctaque
2623 3141 2745 3195 quaa
2795 3127 3049 3190 vidisset,
3083 3136 3136 3182 et
3184 3144 3305 3197 quae
3332 3145 3360 3182 a
3394 3130 3513 3183 viro

1936 3211 2217 3279 audiisset,
2238 3231 2456 3269 rursum
2485 3218 2809 3286 patriarcha:
2831 3220 3066 3275 nuntiat.
3094 3220 3188 3274 llle
3214 3222 3348 3275 nihil
3376 3238 3514 3277 cun-

1934 3311 2134 3371 ctatus,
2168 3306 2432 3362 citissime
2463 3310 2530 3362 ad
2558 3307 2861 3364 Sisinnium
2888 3312 3254 3380 proficiscitur
3281 3331 3294 3368 :
3329 3323 3511 3369 etnon

1935 3407 1992 3451 ut
2026 3408 2185 3452 antea
2217 3414 2341 3453 eum
2380 3400 2629 3468 invenit,
2665 3402 2757 3455 sed
2782 3418 2905 3457 cum
2940 3413 3144 3473 quanta
3178 3405 3267 3458 ille
3310 3406 3510 3461 feroci-

1932 3497 2042 3544 tate
2073 3492 2440 3559 patriarcham
2471 3502 2599 3547 tunc
2643 3496 2872 3549 adortus
2912 3494 3118 3563 fuerat,
3148 3513 3273 3552 cum
3302 3498 3510 3568 majore

1932 3585 2138 3638 honore
2187 3601 2333 3640 nunc
2382 3602 2505 3641 eum
2533 3589 2753 3658 excipit.
2792 3589 2943 3644 Adeo
2974 3591 3139 3661 igitur
3178 3594 3415 3647 subitam
3454 3602 3509 3647 et

1931 3690 2183 3745 magnam
2217 3679 2577 3734 mutationem
2624 3681 2709 3734 vir
2749 3697 2982 3752 magnus
3005 3699 3257 3753 cernens,
3292 3701 3506 3741 sermo-

1929 3782 2027 3821 nes
2051 3768 2118 3822 de
2142 3768 2340 3837 pietate
2371 3771 2663 3826 admodum
2692 3774 2826 3828 scite
2854 3776 2905 3829 ei
2933 3778 3195 3847 suggerit,
3224 3788 3508 3849 totumque

1930 3858 2034 3915 sibi
2065 3871 2348 3930 comparat
2381 3862 2682 3920 hominem.
2722 3865 2971 3936 Cumque
3010 3883 3077 3923 ex
3112 3871 3299 3924 animo
3330 3870 3507 3925 Sisin-

1929 3952 2053 4008 nius
2084 3953 2192 4006 Deo
2219 3954 2576 4020 credidisset,
2617 3957 2791 4025 tetigit
2812 3959 3002 4014 beatos
3032 3960 3154 4015 illos
3178 3962 3505 4031 patriarcha:

1928 4040 2112 4111 pedes,
2141 4044 2364 4113 hagcque
2398 4060 2521 4099 eum
2563 4046 2817 4118 lacrymis
2846 4050 3160 4118 prolocutus
3183 4063 3299 4106 est:

1995 4310 2222 4367 CLXIII.
2274 4312 2488 4368 Gratia’s
2552 4328 2653 4381 ago
2698 4314 2795 4367 tibi
2832 4330 2960 4369 vero
2995 4330 3059 4370 ac
3090 4316 3191 4370 soli
3223 4314 3366 4378 Deo,
3404 4316 3499 4387 qui

1926 4401 2049 4457 ideo
2071 4403 2206 4457 mihi
2237 4404 2427 4458 oculos
2454 4405 2700 4473 corporis
2726 4406 3036 4469 excazcasti,
3065 4414 3125 4460 ut
3156 4421 3249 4461 eos
3272 4407 3366 4476 qui
3389 4407 3504 4460 aniq

235 4480 357 4555 τος,
385 4492 532 4554 ὅπως
570 4491 698 4553 τοὺς
717 4490 819 4560 τῆς
838 4491 1017 4561 ψυχῆς
1034 4491 1321 4563 διανοίξῃς,
1340 4493 1433 4544 καὶ
1446 4491 1724 4561 διαϐλέψαι
1756 4509 1822 4562 με

1945 4509 2033 4549 nae
2065 4504 2192 4549 sunt
2219 4494 2493 4564 aperires,
2524 4509 2720 4563 meque
2747 4493 2956 4549 faceres
2986 4496 3230 4564 aspicere
3261 4496 3330 4550 ad
3358 4497 3500 4551 veri-

236 4582 671 4655 παρασκευάσῃς
716 4581 852 4653 πρὸς
896 4583 997 4653 τὴν
1034 4582 1307 4653 ἀλήθειανι
1345 4583 1625 4655 διάμτοῦτο
1648 4585 1703 4637 δὲ
1732 4585 1837 4639 καὶ⁴

235 4650 351 4726 τῶν
380 4671 533 4729 ὤτων
699 4650 979 4743 ἐνέργειαν
1002 4650 1386 4735 ἀποσϐέσαντι,
1416 4650 1561 4737 ὅπως
1583 4674 1824 4748 νηφούσῃ

234 4763 450 4834 διανοίᾳ
468 4802 483 4822 ,
511 4764 604 4816 καὶ
650 4763 873 4833 μηδενὸς
900 4762 1007 4814 τῶν
1035 4762 1232 4828 ἔξωθεν
1268 4762 1403 4826 ὅλως
1440 4764 1823 4839 αἰσθανομένη,

236 4854 303 4908 τὸ
328 4856 429 4925 τῆς
452 4855 732 4918 εὐσεϐείας
762 4854 1105 4925 ὐποδέξωμαι
1131 4857 1412 4926 κήρυγμα.
1439 4856 1550 4910 Νῦν
1573 4857 1629 4910 δὲ
1653 4859 1824 4930 αὐτὴν

236 4948 339 5019 τὴν
360 4947 612 5018 ἀλήθειαν
633 4947 875 5019 ἐμυήθην
894 4988 909 5012 ,
938 4949 1032 5001 καὶ
1064 4948 1305 5020 ἀκριϐῶς
1332 4948 1399 5002 τὰ
1420 4949 1527 5002 τῶν
1563 4949 1826 5021 Ἑλλήνων

236 5039 486 5107 διέγνων,
504 5039 719 5109 ἀπάτην
750 5040 878 5092 ὄντα
922 5040 1079 5111 μόνον
1105 5041 1198 5093 καὶ
1224 5041 1507 5111 τερατείαν
1542 5041 1819 5095 ἀπίθανον.

252 5127 379 5180 Ἐπὶ
421 5127 631 5192 τούτοις
655 5130 946 5202 φαιδρότης
987 5131 1111 5200 ἔσχε
1158 5132 1252 5183 καὶ
1300 5131 1461 5202 ἡδονὴ
1502 5132 1592 5185 τὸν
1632 5128 1779 5187 οἷκον
1806 5174 1820 5196 ,

238 5218 338 5271 καὶ
371 5218 449 5287 τῷ
492 5218 713 5292 Χριστῷ
757 5219 957 5281 πάντες
999 5221 1342 5274 ἐπίστευσαν.
1390 5221 1495 5274 Τοῦ
1540 5222 1725 5292 πάσχα
1764 5222 1821 5275 δέ

239 5310 343 5380 ἤδη
387 5290 773 5380 ἐνισῖῖαμένου,
821 5310 1182 5364 ἐϐαπτίσαντο
1220 5311 1358 5382 μετὰ
1407 5312 1502 5365 τοῦ
1552 5290 1817 5367 Σισίννίου

240 5405 443 5467 πάντες
476 5404 867 5475 πατέρεςὸμοῦ
898 5406 992 5459 καὶ
1023 5406 1255 5476 μητέρες
1281 5407 1374 5459 καὶ
1394 5406 1599 5469 παῖδες,
1634 5409 1714 5471 είς
1741 5406 1819 5459 εί-

240 5512 365 5549 κοσι
390 5496 482 5548 καὶ
506 5499 653 5567 τρεῖς
669 5496 758 5549 ἐπὶ
781 5499 893 5558 τοῖς
915 5496 1284 5567 τετρακοσίοις
1303 5496 1469 5560 ὄντες.
1497 5496 1665 5550 Τοῦτο
1693 5496 1819 5550 πολ-

1929 4594 2127 4653 tatem;
2167 4586 2395 4655 ideoque
2419 4587 2582 4640 etiam
2621 4587 2837 4641 aurium
2874 4586 2976 4640 vim
3007 4588 3409 4657 compressisti,
3441 4596 3500 4641 ut

1927 4687 2110 4732 mente
2138 4678 2285 4748 vigili
2316 4678 2560 4748 nihilque
2588 4678 2804 4747 penitus
2831 4694 3019 4732 eorum
3052 4693 3172 4748 qua:
3195 4690 3344 4734 extra
3370 4690 3501 4734 sunt

1928 4770 2196 4824 sentiente
2221 4810 2235 4835 ,
2279 4784 2419 4824 verae
2457 4770 2741 4841 religionis
2773 4771 3106 4839 susciperem
3153 4770 3497 4839 praedicatio-

1928 4877 2074 4915 nem.
2119 4859 2275 4916 Nunc
2306 4877 2436 4916 vero
2472 4864 2747 4934 mysteriis
2775 4863 3017 4918 veritatis
3064 4864 3307 4919 initiatus
3349 4881 3493 4926 sum,

1929 4962 2193 5022 certoque
2221 4952 2416 5025 agnovi
2447 4954 2731 5023 gentilium
2773 4970 2930 5009 sacra
2980 4954 3226 5009 fraudem
3282 4964 3495 5011 tantum

1927 5059 2049 5098 esse
2079 5060 2144 5099 ac
2177 5045 2550 5099 incredibilem
2584 5046 2901 5100 vanitatem.
2943 5044 3168 5116 Propter
3201 5046 3305 5101 ista
3355 5048 3494 5101 hila-

1925 5135 2061 5189 ritas
2089 5145 2144 5189 et
2174 5136 2357 5189 laetitia
2380 5135 2606 5191 domum
2640 5137 2945 5207 occupavit,
2962 5153 3262 5208 omnesque
3276 5138 3495 5193 Christo

1925 5226 2292 5279 crediderunt.
2324 5224 2588 5303 Raschate
2615 5244 2742 5283 vero
2782 5228 2896 5298 jam
2936 5229 3189 5295 ineunte,
3234 5229 3493 5297 baptizati

1925 5325 2052 5371 sunt
2078 5333 2202 5372 cum
2233 5317 2476 5372 Sisinnio
2504 5334 2714 5385 omnes,
2747 5329 2929 5389 patres
2956 5320 3191 5375 simulet
3214 5331 3415 5375 matres
3441 5330 3495 5375 et

1927 5408 2106 5473 liberi,
2160 5409 2227 5463 ad
2255 5418 2364 5464 tres
2402 5418 2456 5463 et
2482 5409 2673 5475 viginti
2705 5426 2867 5480 supra
2892 5412 3337 5483 quadringentos.
3380 5411 3492 5467 Hoc

1926 5499 2147 5553 attraxit
2181 5499 2382 5554 multos
2412 5515 2477 5554 ex
2508 5500 2899 5556 illustrioribus
2922 5543 2936 5567 ,
2964 5502 3057 5571 qui
3083 5502 3296 5572 magnis
3317 5502 3495 5556 hono-

1548 5674 1781 5729 VARle
1820 5672 2219 5731 LECTIONES.

314 5782 360 5813 ⁸⁸
402 5783 473 5839 al.
513 5783 606 5838 τοῦ
645 5784 827 5858 ζήλου.
903 5786 946 5821 ’ί
981 5788 1053 5844 al.
1081 5788 1411 5844 ἀποδέδωκα.
1490 5791 1534 5823 ⁸³
1569 5791 1639 5847 al.
1676 5792 1799 5847 add.
1831 5792 1929 5865 τὴν
1962 5795 2198 5866 ἐμαυτοῦ
2227 5796 2519 5869 σωτηρίαν.
2601 5798 2645 5831 ⁵³
2680 5800 2750 5854 al.
2794 5800 2958 5856 inser.
3018 5819 3130 5873 μοι.
