3834 6220
316 340 422 395 593

1125 334 1588 393 CLEMENTINA.
1626 361 1700 377 -
1736 328 2034 386 EPITOME
2062 328 2150 383 DE
2187 325 2433 383 CESTIS
2471 325 2528 381 S.
2569 326 2797 383 PETRI.

3442 319 3545 376 594

307 470 409 541 τὴν
446 466 696 537 γενναίαν
745 465 887 520 οὕτω
923 464 1099 536 ψυχὴν
1150 461 1401 515 κλέπτειν
1441 460 1733 531 ἐπεχείρει,
1779 450 1880 516 Ἐξ

2002 464 2100 502 tum
2133 448 2372 502 animum
2405 454 2635 501 conatur
2664 444 2851 500 fallere
2877 457 2940 497 ac
2966 439 3283 502 abducere,
3314 432 3501 491 dicens
3526 450 3540 485 :

307 560 583 629 εὐγενοῦς,
629 560 823 629 λέγων,
870 558 1239 631 προελήλυθας
1283 557 1457 628 ῥίζης·
1509 555 1666 609 τοῦτο
1715 557 1877 619 πᾶς-’ό

306 655 416 708 τῶν
452 654 738 726 Ῥωμαίων
776 671 857 707 σοι
887 657 1149 726 μαρτυρεῖ
1165 654 1354 725 δῆμος,
1383 654 1497 707 ἀλλ’
1536 655 1880 727 ἀνθρωπίνην

307 747 403 798 καὶ
429 746 589 808 αὐτὸς
618 746 822 817 πλάνην
847 745 1103 817 ὑπέστης,
1134 748 1225 800 καὶ
1246 747 1341 833 διά
1342 747 1508 837 1Ξοῦτο
1526 749 1645 802 οὐδὲ
1672 753 1881 822 σιωπᾷν

307 837 341 906 ή
367 836 520 899 πόλις
546 836 815 906 ἀνέχεται.
860 837 995 889 Φασὶ
1032 836 1139 908 γὰρ
1184 838 1243 891 σὲ
1287 828 1605 910 καῖνοτέραν
1642 842 1881 909 εἰσάγειν

306 928 625 1000 θρησκείαν,
643 928 733 983 καί
745 946 866 982 τινα
883 928 1029 1012 παρὰ
1046 930 1172 993 τοὺς
1189 930 1473 1002 πατρῴους
1500 931 1654 996 θεοὺς
1688 951 1755 1004 κη
1766 932 1883 1003 ρύσ-

309 1037 426 1074 σειν
454 1022 702 1105 Χριστόν.
750 1020 908 1105 Ὅθεν
938 1021 1234 1075 ἀποθέσθαι
1261 1040 1319 1074 σε
1354 1022 1459 1094 χρὴ
1495 1024 1593 1095 τὴν
1625 1025 1882 1096 περιττὴν

305 1112 515 1184 ταύτην
534 1094 971 1186 δεισιδαιμονίαν,
995 1116 1087 1169 καὶ
1114 1115 1304 1185 μόνους
1321 1094 1583 1169 αἰδεῖσθαι
1603 1094 1882 1190 καὶήτιμᾷν

306 1205 436 1267 τοὺς
455 1204 700 1268 συνήθεις
713 1207 779 1275 τῇ
798 1205 948 1258 πόλει
965 1204 1140 1268 θεούς.
1166 1207 1314 1259 Καὶό
1340 1207 1701 1278 πατριάρχης
1722 1207 1884 1279 Εῦχο-

312 1308 413 1360 μαι
444 1290 542 1363 τὴν
565 1292 664 1362 σὴν
691 1293 1051 1364 στερρότητα,
1086 1293 1209 1365 ἔφη,
1239 1295 1557 1366 μεταδοῦναί
1588 1314 1678 1368 μοι
1702 1298 1879 1366 λόγου,

309 1383 407 1435 καὶ
424 1387 678 1454 προσχεῖν
696 1402 796 1454 μου
812 1387 932 1449 ταῖς
948 1386 1319 1457 ἀποκρίσεσιν,
1334 1387 1468 1441 ἀλλά
1487 1388 1559 1459 μὴ
1582 1387 1754 1453 οὕτως
1770 1390 1885 1443 ἀλό-

308 1491 392 1543 γῳ
408 1475 592 1529 στάσει
610 1476 703 1528 καὶ
728 1476 975 1546 ματαίοις
992 1476 1219 1531 ἐπεσθαι
1238 1477 1502 1549 θορύϐοις.
1538 1479 1672 1533 Οὐδὲ
1689 1478 1795 1551 γὰρ
1808 1480 1888 1533 δεῖ

311 1566 557 1629 στάσεως
575 1567 695 1619 οὐδέ
713 1566 978 1639 θορύϐων,
997 1568 1131 1621 ὅπου
1151 1570 1422 1640 σκοπῆσαί
1436 1587 1493 1622 τε
1513 1570 1751 1640 περὶτῆς
1769 1572 1887 1624 ἐαυ-

307 1650 405 1703 τοῦ
431 1652 703 1721 σωτηρίας
723 1653 849 1717 τινὶ,
880 1653 1121 1725 καὶπερὶ
1148 1653 1282 1706 Θεοῦ
1302 1654 1644 1725 διαλεχθῆναι
1678 1656 1889 1725 πρόκει-

307 1760 421 1797 ται.
451 1743 508 1796 '0
523 1742 758 1816 ἔπαρχος
770 1744 947 1799 τοίνυν
974 1746 1036 1799 τὸ
1059 1744 1152 1798 τοῦ
1169 1745 1358 1817 ἀνδρὸς
1382 1749 1624 1815 γενναῖον
1647 1746 1739 1800 καὶ
1762 1748 1888 1801 στά-

313 1853 365 1888 σι
374 1852 473 1905 μον
496 1836 554 1903 ἐξ
578 1836 756 1891 αὐτῶν
790 1836 951 1900 εὐθὺς
964 1836 1071 1890 τῶν
1095 1838 1396 1910 προοιμίων
1417 1836 1764 1909 καταμαθὼν,
1794 1838 1890 1892 καὶ

311 1928 488 1980 εἰπεῖν
510 1944 570 1979 τε
595 1927 757 1990 αὐτὸς
779 1928 874 1982 καὶ
895 1928 1125 1983 ἀκοῦσαι
1146 1932 1276 1999 παρ’
1309 1930 1516 1983 ἐκείνου
1545 1930 1706 1985 πάλιν
1737 1932 1892 2003 ὀκνή-

1981 540 2059 594 Ex
2073 540 2253 609 lnobili
2283 540 2447 608 stirpe
2472 547 2625 592 ortus
2648 552 2706 592 es
2746 554 2760 590 :
2820 535 2927 589 hoc
2950 534 3016 588 de
3043 541 3095 587 te
3120 528 3368 601 perhibet
3388 526 3545 579 testi-

1984 633 2228 688 monium
2274 631 2453 686 omnis
2501 630 2731 699 populus
2762 627 3040 681 Romanus
3065 664 3081 690 ,
3138 620 3232 677 sed
3259 627 3313 673 et
3346 619 3461 686 ipse
3490 617 3545 669 in

1986 726 2286 778 humanum
2326 738 2566 778 errorem
2629 719 2939 784 incuri-isti,
2999 727 3163 787 atque
3208 713 3329 768 ideo
3372 725 3547 779 neque

1982 814 2126 870 Urbs
2160 824 2339 870 tacere
2373 821 2571 884 potest.
2606 812 2774 866 Aiunt
2804 810 2947 864 enim
2980 816 3032 863 te
3062 820 3261 861 novam
3291 802 3549 857 inducere

1982 908 2319 978 religionem,
2351 913 2405 959 et
2431 913 2620 959 contra
2645 904 2777 958 deos
2803 901 3007 972 patrios
3033 898 3330 969 praedicare
3358 906 3551 962 quem-

1981 999 2105 1053 dam
2128 997 2427 1052 Christum.
2448 996 2629 1062 Quare
2652 1002 2862 1064 oportet
2884 1001 2937 1047 te
2957 991 3194 1060 abjicere
3219 982 3549 1056 superﬂuam

1983 1091 2127 1145 hanc
2170 1089 2608 1159 superstitionem
2638 1130 2652 1154 ,
2685 1088 2925 1155 deosque
2974 1091 3185 1138 tantum
3232 1075 3469 1134 revereri
3496 1082 3552 1129 et

1984 1180 2161 1234 colere
2188 1195 2325 1248 quos
2350 1179 2541 1232 civitas
2569 1177 2722 1232 solet.
2764 1176 2840 1230 Ad
2890 1175 3005 1228 haec
3041 1170 3351 1241 patriarcha
3377 1187 3391 1222 :
3416 1164 3549 1231 Oro,

1982 1271 2198 1340 inquit,
2236 1279 2382 1324 tuam
2416 1268 2731 1339 gravitatem
2781 1275 2835 1321 et
2866 1265 3265 1328 constantiam,
3310 1270 3368 1315 ut
3413 1258 3549 1313 mihi

1992 1362 2263 1417 concedas
2289 1361 2453 1415 verba
2491 1359 2702 1421 facere,
2734 1374 2798 1413 ac
2830 1356 2966 1411 meis
2991 1352 3439 1424 responsionibus
3470 1358 3553 1403 at-

1986 1452 2202 1516 tendas;
2236 1464 2343 1504 non
2376 1457 2555 1503 autem
2589 1448 2723 1503 adeo
2750 1447 2962 1501 ratione
2985 1444 3299 1499 destitutam
3327 1440 3553 1496 seditio-

1985 1557 2109 1598 nem
2137 1585 2152 1607 ,
2184 1544 2559 1613 tumultusque
2595 1558 2767 1597 vanos
2796 1538 3149 1596 eonsecteris.
3189 1535 3375 1604 Neque
3404 1532 3554 1588 enim

1991 1650 2131 1705 opus
2152 1644 2236 1689 est
2265 1635 2530 1690 seditione
2557 1648 2622 1689 ac
2654 1631 3001 1694 tumultibus,
3035 1628 3130 1683 ubi
3156 1626 3394 1696 cuipiam
3424 1636 3553 1693 pro—

1991 1728 2228 1797 positum
2260 1734 2344 1781 est
2368 1727 2435 1781 de
2460 1726 2637 1781 salute
2673 1741 2771 1780 sua
2800 1723 3145 1779 considerare
3171 1727 3336 1789 atque
3356 1717 3423 1772 de
3445 1714 3556 1769 Deo

1988 1819 2271 1874 disserere.
2316 1818 2484 1889 Igitur
2511 1817 2797 1888 praefectus
2818 1858 2834 1882 ,
2890 1820 3169 1884 comperta
3196 1828 3263 1867 ex
3297 1811 3418 1881 ipso
3445 1816 3558 1863 sta-

1989 1911 2086 1964 tim
2116 1909 2344 1965 exordio
2372 1910 2680 1965 constantia
2714 1909 2815 1962 viri
2846 1916 2901 1962 et
2930 1905 3275 1970 fortitudine,
3321 1901 3558 1957 veritus-

314 2036 434 2081 σας,
472 2018 566 2072 καὶ
602 2018 1031 2090 ἀναϐαλλόμενος
1065 2021 1164 2092 τὴν
1196 1997 1448 2086 διάλεξιν,
1476 2022 1728 2094 Τραϊανῷ
1760 2041 1825 2076 πε
1837 1997 1890 2095 pl.

2002 2016 2098 2073 que
2126 2010 2240 2056 tum
2273 2002 2391 2072 ipse
2427 2002 2631 2066 dicere,
2678 2009 2794 2055 tum
2827 2009 2883 2055 et
2920 1999 2988 2054 ab
3028 2014 3095 2054 eo
3122 1997 3311 2052 audire
3336 2035 3353 2061 ,
3398 2002 3561 2062 atque

312 2107 477 2160 αὐτοῦ
503 2107 581 2178 τῷ
606 2108 965 2180 αὐτοκράτορι
981 2109 1260 2180 ἀναφέρει.
1288 2109 1395 2162 Καὶ
1420 2109 1449 2161 ό
1470 2109 1721 2179 βασιλεὺς
1741 2110 1890 2181 αὑτῷ

312 2198 487 2262 οὕτως
513 2198 724 2252 ἐπιλύει
764 2198 836 2252 τὰ
864 2200 1246 2270 γεγραμμένα,
1283 2200 1361 2264 ὡς
1386 2199 1419 2271 ἢ
1447 2199 1606 2253 θῦσαι
1629 2200 1721 2253 τὸν
1743 2201 1892 2271 Κλή-

318 2308 487 2362 μεντα
522 2295 633 2355 τοῖς
673 2290 947 2363 πατρῴοις
970 2291 1130 2357 θεοῖς,
1176 2292 1210 2363 ἢ
1254 2292 1428 2365 πέραν
1457 2291 1551 2346 τοῦ
1583 2293 1786 2346 Πόντου
1815 2293 1894 2355 είς

314 2385 519 2455 ἔρημόν
565 2402 685 2439 τινα
720 2386 872 2438 πόλιν
920 2384 1029 2439 τῶν
1065 2387 1133 2456 τῇ
1173 2385 1421 2457 Χερσῶνι
1458 2383 1892 2456 παρακειμένων,

314 2475 425 2529 ἀπὸ
446 2477 545 2547 τῆς
579 2475 795 2548 Ῥώμης
820 2476 973 2547 ἀϊδίῳ
999 2479 1142 2548 φυγῇ
1163 2476 1438 2547 ἐλαθῆναι.

388 2660 639 2717 CLXVII.
658 2661 772 2731 Τῆς
792 2660 1118 2731 ἀποφάσεως
1128 2654 1220 2714 οὖν
1240 2659 1445 2726 ταύτης
1468 2659 1897 2731 καταλαϐούσης,
1946 2644 1949 2645 ν

318 2757 610 2809 ἐσκέπτετο
632 2756 1009 2826 Μαρμεντῖνος
1039 2754 1185 2817 ὅπως
1213 2752 1279 2807 ἂν
1311 2754 1384 2825 μὴ
1407 2756 1436 2806 ό
1460 2754 1691 2826 Κλήμης
1712 2753 1901 2825 ἐληται

315 2848 414 2919 τὴν
430 2843 862 2919 ὑπερορίαν,ἀλλ’
877 2845 1023 2916 αὐτῷ
1041 2845 1237 2916 μᾶλλον
1250 2847 1340 2899 καὶ
1350 2845 1428 2915 τῷ
1442 2844 1900 2919 βασιλεῖπεισθείη

318 2939 414 2991 καὶ
445 2937 676 2991 θύσειεν.
712 2937 847 2992 Οὐδὲ
878 2936 1169 3006 γὰρ”ἐφερε
1190 2937 1523 3007 τηλικαύτην
1552 2937 1744 3008 ἀνδρὸς
1769 2938 1901 3008 ἀρε-

316 3030 419 3099 τὴν
454 3028 835 3099 ζημιούμενος.
873 3027 964 3098 Τῷ
1000 3029 1057 3081 δέ
1087 3027 1338 3081 τοσοῦτον
1385 3028 1648 3099 ἐμέλησεν
1683 3030 1727 3060 ⁵⁷
1755 3027 1901 3083 ἐκεί·-

317 3138 431 3184 νοις
462 3119 770 3190 πεισθῆναι,
805 3119 838 3191 ἢ
864 3118 911 3151 ⁵⁸
934 3120 1256 3191 δυσχερᾶναι
1282 3120 1419 3191 πρὸς
1450 3121 1549 3189 τὴν
1573 3119 1889 3192 ὑπερορίαν,

318 3216 430 3285 ὅσῳ
481 3214 577 3268 καὶ
621 3213 781 3267 αὐτὸν
822 3212 1120 3277 ἐσπούδαζε
1174 3213 1309 3283 πρὸς
1346 3214 1443 3285 τὴν
1487 3213 1773 3269 εὐσέϐειαν
1809 3213 1902 3267 τὸν

319 3305 560 3376 ἔπαρχον
593 3302 1017 3357 ἐπισπάσασθαι.
1052 3304 1299 3376 Τοσαύτη
1333 3306 1442 3376 γάρ
1465 3322 1549 3368 τις
1574 3304 1781 3359 ἀνωθεν
1808 3304 1901 3358 τὸν

1993 2095 2414 2151 collocutionem
2444 2095 2755 2149 detrectans
2775 2132 2791 2157 ,
2840 2093 2907 2147 ad
2938 2091 3235 2161 Trajanum
3266 2090 3562 2158 imperato-

1994 2200 2108 2241 rem
2140 2185 2208 2239 de
2256 2184 2353 2239 illo
2381 2184 2565 2239 refert.
2597 2183 2662 2237 Et
2692 2186 2988 2253 imperator
3029 2181 3096 2236 ad
3129 2180 3293 2236 istum
3336 2177 3562 2233 modum

1993 2289 2061 2331 ea
2090 2291 2212 2344 quae
2241 2275 2443 2344 scripta
2473 2283 2630 2329 erant
2666 2273 2904 2327 dirimit:
2942 2280 3003 2327 ut
3055 2270 3308 2325 Clemens
3332 2274 3428 2323 aut
3456 2267 3563 2322 diis

1995 2367 2187 2437 patriis
2227 2366 2499 2421 sacrificet
2523 2407 2538 2432 ,
2592 2374 2685 2420 aut
2723 2374 2875 2419 trans
2917 2363 3147 2418 Pontum
3183 2363 3238 2416 in
3284 2361 3564 2417 desertum

1996 2459 2217 2528 aliquod
2245 2458 2502 2528 Oppidum
2553 2471 2743 2511 eorum
2791 2470 2914 2525 quae
2958 2452 3223 2509 Chersoni
3274 2452 3562 2522 adjacent,

1998 2550 2171 2605 Roma
2202 2559 2465 2620 perpetuo
2485 2549 2679 2605 exsilio
2701 2549 3000 2618 ablegetur.

2070 2665 2331 2722 CLXVII.
2368 2665 2479 2720 Hac
2521 2666 2705 2735 itaque
2734 2664 2999 2719 sententia
3027 2670 3269 2731 accepta,
3297 2659 3569 2729 cogitabat

2000 2757 2356 2816 Mamertinus
2399 2774 2509 2829 quo
2541 2759 2703 2812 modo
2750 2757 3002 2811 Clemens
3022 2770 3132 2809 non
3173 2753 3393 2822 eligeret
3422 2750 3570 2805 exsi-

2001 2850 2134 2906 lium
2157 2894 2172 2918 ,
2205 2852 2298 2907 sed
2326 2853 2510 2921 potius
2535 2859 2748 2922 pareret
2784 2849 2886 2918 ipsi
2916 2864 2981 2903 ac
3018 2845 3371 2916 imperatori,
3405 2854 3571 2914 atque

2003 2941 2333 2997 immolaret.
2367 2940 2485 2996 Non
2538 2941 2683 2996 enim
2719 2939 3025 2995 sustinebat
3053 2936 3255 3007 privari
3290 2944 3440 2990 tanta
3465 2933 3568 2987 viri

2002 3035 2225 3091 virtute.
2248 3033 2422 3088 Porro
2453 3032 2717 3088 Clementi
2742 3031 2878 3085 adeo
2907 3044 3051 3085 curae
3077 3027 3181 3083 fuit
3197 3027 3572 3096 obtemperare

2006 3125 2115 3180 illis
2158 3137 2253 3180 aut
2300 3124 2525 3178 moleste
2575 3121 2715 3177 terre
2743 3120 3130 3191 relegationem
3155 3158 3170 3183 ,
3222 3124 3283 3172 ut
3309 3117 3471 3171 etiam
3501 3116 3570 3171 ad

2004 3218 2260 3287 pietatem
2326 3214 2642 3286 praefectum
2704 3212 2977 3266 attrahere
3042 3210 3325 3264 niteretur.
3398 3207 3573 3261 Tanta

2006 3310 2205 3380 quippe
2256 3308 2516 3363 divinitus
2571 3306 2900 3361 Clementem
2958 3302 3131 3372 gratia
3177 3300 3571 3365 circumdabat,

320 3396 616 3467 Κλήμεντά
649 3394 976 3467 περιίπτατο
1022 3395 1201 3466 χάρις,
1252 3397 1347 3449 καὶ
1388 3395 1562 3459 οὕτως
1608 3398 1641 3468 ἡ
1689 3396 1898 3449 ἐκείνου

2008 3404 2197 3474 sicque
2222 3402 2368 3456 illius
2398 3400 2583 3471 lingua
2605 3397 2753 3452 omni
2779 3395 2902 3450 favo
2930 3408 2995 3448 ac
3023 3394 3183 3448 melle
3213 3391 3427 3447 dulcius
3456 3391 3574 3445 stil-

320 3489 534 3558 γλῶττα
562 3487 756 3559 κηρίου
800 3486 998 3551 παντὸς
1039 3488 1132 3540 καὶ
1156 3487 1368 3558 μέλιτος
1389 3488 1719 3567 γλυκύτερον
1744 3489 1903 3543 ἐστα-

323 3579 435 3645 ζεν,
468 3581 545 3644 ὡς
570 3580 664 3633 καὶ
695 3578 855 3632 αὑτὸν
883 3577 1042 3648 ἔρωτι
1067 3577 1256 3649 θερμῷ
1278 3579 1373 3632 τοῦ
1410 3580 1603 3652 ἀνδρὸς
1629 3580 1903 3651 ληφθέντα

320 3672 413 3725 τὸν
444 3672 839 3743 Μαρμεντῐνον,
863 3671 1033 3725 πολλά
1058 3688 1118 3723 τε
1144 3674 1209 3741 τῇ
1233 3670 1510 3742 ἀποδημίᾳ
1535 3672 1901 3738 ἐπιστενάξαι,

323 3762 419 3817 καὶ
436 3763 643 3834 δάκρυα
665 3763 743 3833 τῷ
763 3762 1074 3835 πατριάρχῃ
1093 3760 1388 3826 ἐπιϐαλεῖν,
1407 3762 1463 3816 '0
1482 3762 1633 3827 Θεὸς,
1660 3764 1902 3828 εἰπόντα,

321 3850 369 3924 ᾧ
406 3858 470 3909 σὺ
504 3855 809 3927 εἰλικρινῶς
839 3855 1136 3927 λατρεύεις,
1167 3854 1328 3917 αὐτός
1368 3872 1450 3907 σοι
1489 3854 1681 3925 βοηθὸς
1709 3856 1802 3909 ἐπὶ
1836 3859 1905 3927 τῇ

326 3946 584 4017 συμφορᾷ
623 3946 956 4016 παρασταίη·
1001 3944 1096 3998 κα)⁹
1129 3943 1326 3998 αὐτίκα
1351 3944 1531 3998 πλοῖον
1569 3944 1904 4016 εὐτρεπίσαι,

322 4038 520 4109 διαρκῆ
554 4055 612 4091 τε
645 4035 793 4106 αὐτῷ
822 4036 891 4090 τὰ
925 4036 1059 4106 πρὸς
1079 4036 1177 4107 τὴν
1199 4034 1386 4107 χρείαν
1412 4035 1681 4102 ἐνθέσθαι,
1706 4038 1799 4091 καὶ
1830 4037 1910 4091 δε-

326 4129 622 4196 ξιώσασθαι
649 4130 830 4193 αὐτὸν,
864 4129 958 4182 καὶ
986 4127 1316 4199 περιϐαλεῖν,
1338 4128 1433 4181 καὶ
1464 4128 1605 4182 οὕτω
1636 4128 1775 4199 μετὰ
1800 4129 1907 4182 τῶν

327 4221 710 4291 προσηκόντων
760 4219 1061 4290 ἀσπασμῶν
1101 4218 1385 4272 ἀπολῦσαι.
1426 4218 1616 4271 Πολλοὶ
1657 4219 1714 4272 δέ
1762 4218 1908 4291 αὑτῷ

327 4312 424 4364 κα)⁹
454 4310 563 4363 τῶν
594 4308 833 4364 εὐλαϐῶν
860 4306 1249 4378 ἠκολούθησαν·
1270 4307 1364 4360 καὶ
1384 4307 1463 4369 εἰς
1480 4307 1580 4376 τὴν
1613 4306 1908 4377 ὑπερορίαν

328 4404 631 4475 γενόμενοι,
680 4401 1184 4472 καταλαμϐάνουσιν
1222 4401 1280 4453 ἐν
1331 4401 1399 4471 τῇ
1449 4398 1557 4452 τῶν
1606 4399 1910 4469 μαρμάρων

327 4495 563 4567 λατομίᾳ
605 4494 987 4566 Χριστιανοὺς,
1027 4492 1154 4562 περί
1179 4508 1282 4544 που
1308 4492 1433 4553 τοὺς
1457 4489 1660 4561 χιλίους
1674 4490 1720 4521 ⁸⁸
1747 4489 1779 4561 ἢ
1815 4489 1911 4543 καί¹

330 4588 604 4651 πλείονας,
640 4587 807 4640 πολὺν
839 4585 927 4638 διὰ
960 4585 1057 4656 τὴν
1083 4583 1362 4637 εὐσέϐειαν
1383 4583 1500 4635 ἐκεῖ
1524 4580 1714 4653 χρόνον
1747 4599 1909 4635 κατε-

330 4679 613 4751 χομένους.
674 4678 737 4732 Οἳ
780 4677 873 4729 καὶ
934 4675 1062 4746 περὶ
1115 4674 1208 4727 τοῦ
1262 4673 1601 4744 πατριάρχου
1647 4672 1907 4744 πρότερον

329 4774 691 4835 ἀκούσαντες,
723 4769 817 4823 καὶ
858 4770 939 4822 ὅτι
979 4769 1077 4838 τῆς
1122 4766 1329 4829 πόλεως
1369 4766 1687 4830 ἀπελαθεις,
1734 4767 1902 4836 ὑπερ-

330 4863 499 4933 όριος,
528 4859 662 4931 πρὰς
692 4858 931 4922 ἐκείνους
967 4858 1062 4911 καὶ
1100 4858 1261 4920 αὐτὸς
1289 4856 1501 4925 ἄγεται,
1549 4856 1904 4928 παραμυθίαν

334 4956 491 5025 ἔσχον
519 4954 581 5005 οὐ
609 4950 707 5023 τὴν
728 4949 996 5020 τυχοῦσαν
1025 4948 1124 5020 τὴν
1149 4949 1356 5001 ἐκείνου
1385 4947 1694 5018 ἐπιδημίαν.

407 5043 820 5100 CLXVIII."O¢£
843 5041 970 5111 γοῦν
990 5041 1123 5112 πρὸς
1151 5040 1348 5102 αὐτοὺς
1369 5038 1768 5110 κατελάμϐανε,
1800 5037 1896 5092 τοῦ

335 5137 446 5190 τῶν
476 5135 673 5208 χειρῶν
704 5133 866 5205 ἔργου
898 5132 1160 5201 ἀφέμενοι
1190 5132 1284 5184 καὶ
1310 5130 1482 5199 τούτῳ
1521 5129 1906 5199 προσελθόντες

342 5226 482 5300 μετά
492 5223 762 5296 δακρύων,
779 5223 872 5277 καὶ
886 5221 993 5274 τῶν
1008 5219 1177 5288 ἁγίων
1198 5219 1402 5272 ἐκείνου
1421 5218 1597 5272 ποδῶν
1619 5217 1910 5288 ἁψάμενοι,

337 5320 435 5375 καὶ
465 5317 564 5381 τὰς
600 5314 845 5386 καθαρὰς
878 5310 1336 5383 περιπτυξάμενοι
1373 5312 1582 5381 χεῖρας,
1606 5310 1706 5374 τὰς
1740 5327 1911 5364 κατα-

338 5410 606 5473 λαϐούσας
637 5407 832 5468 αὐτοὺς
855 5402 1200 5458 ἀνεκλαίοντο
1232 5401 1534 5473 συμφορὰς,
1567 5402 1665 5473 τὴν
1685 5401 1786 5471 τῆς
1811 5418 1915 5453 πα-

340 5506 520 5577 τρίδος
571 5503 862 5565 ἔκπτωσιν,
906 5498 1006 5568 τὴν
1044 5496 1234 5565 ἄφιλον
1273 5496 1367 5548 ἐπὶ
1410 5494 1567 5565 ξένης
1617 5494 1912 5565 διαγωγὴν,

2006 3496 2186 3561 labat,
2219 3504 2276 3548 ut
2318 3494 2433 3563 ipse
2474 3505 2692 3562 quoque
2726 3490 2829 3544 viri
2880 3488 3089 3543 fervido
3140 3500 3326 3540 amore
3379 3493 3573 3554 captus

2008 3586 2381 3652 Mamertinus,
2405 3584 2700 3654 plurimum
2724 3597 2789 3635 ex
2813 3581 2933 3650 ejus
2950 3580 3195 3635 discessu
3222 3576 3569 3648 ingemuerit,

2007 3678 2387 3747 lacrymasque
2440 3673 2650 3729 dederit
2694 3670 3051 3741 patriarchae,
3107 3668 3297 3723 dicens
3344 3685 3358 3720 :
3405 3666 3570 3732 Deus,

2008 3783 2169 3837 quem
2198 3776 2252 3821 tu
2285 3766 2497 3820 sincere
2534 3763 2670 3818 colis
2693 3802 2709 3829 ,
2751 3762 2869 3831 ipse
2898 3760 2995 3815 tibi
3028 3758 3318 3813 auxiliator
3340 3757 3395 3812 in
3423 3758 3573 3812 cala-

2009 3860 2199 3913 mitate
2239 3858 2490 3922 assistat;
2525 3856 2816 3925 statimque
2842 3853 3116 3923 navigium
3143 3850 3437 3922 paraverit,
3471 3849 3577 3903 im-

2009 3949 2204 4020 positis
2233 3949 2283 4003 ei
2305 3962 2428 4017 quae
2458 3947 2522 4001 ad
2548 3961 2708 4000 usum
2753 3944 3125 4009 sufﬁciebant;
3157 3942 3421 4011 illumque
3449 3939 3577 3993 dex-

2010 4048 2124 4094 tera
2142 4038 2513 4108 prehenderit,
2546 4037 2672 4091 item
2697 4036 3014 4105 complexus
3041 4036 3134 4100 sit,
3166 4043 3327 4103 atque
3355 4033 3426 4085 ita
3450 4045 3576 4085 cum

2009 4129 2428 4185 salutationibus
2474 4128 2731 4200 congruis
2779 4127 3065 4181 dimiserit.
3094 4124 3247 4179 Multi
3294 4133 3474 4177 autem
3506 4137 3576 4176 ex

2010 4223 2116 4293 piis
2137 4222 2306 4278 secuti
2332 4230 2459 4276 sunt
2482 4236 2605 4276 eum
2631 4238 2643 4274 :
2679 4228 2733 4273 et
2762 4218 3138 4290 pervenientes
3168 4216 3235 4271 ad
3270 4216 3450 4270 locum
3480 4228 3575 4267 ex-

2011 4316 2138 4378 silii,
2165 4315 2443 4383 reperiunt
2472 4313 2527 4366 in
2578 4310 2866 4366 marmoris
2893 4309 3202 4379 lapidicinis
3230 4306 3577 4361 Christianos

2010 4406 2228 4462 circiter
2255 4404 2400 4458 mille
2425 4444 2440 4470 ,
2466 4403 2551 4458 vel
2581 4412 2637 4458 et
2679 4402 2894 4471 plures;
2927 4402 3020 4471 qui
3043 4399 3157 4468 jam
3186 4399 3276 4453 diu
3309 4398 3417 4451 illic
3445 4413 3575 4467 pro-

2011 4510 2130 4569 pter
2160 4512 2346 4553 verum
2379 4496 2583 4551 cultum
2603 4494 3003 4549 detinebantur.
3030 4490 3096 4543 Hi
3115 4506 3237 4545 cum
3262 4491 3329 4543 de
3355 4490 3581 4559 patriar-

2010 4592 2113 4646 cha
2150 4589 2303 4659 prius
2338 4587 2642 4641 audiissent
2664 4626 2678 4650 ,
2713 4585 2857 4654 quod
2889 4593 2943 4639 et
2965 4584 3079 4652 ipse
3108 4583 3175 4636 ab
3219 4579 3362 4635 Urbe
3387 4581 3577 4650 pulsus

2012 4684 2166 4738 exsul
2201 4681 2269 4736 ad
2292 4696 2385 4735 eos
2416 4679 2728 4745 duceretur,
2761 4677 3015 4733 solatium
3039 4691 3146 4730 non
3175 4675 3397 4745 vulgare
3425 4690 3578 4744 cepe-

2011 4785 2139 4829 runt
2160 4792 2227 4830 ex
2263 4773 2384 4843 ejus
2411 4773 2665 4827 adventu.

2080 5038 2360 5096 CLXVIII.
2405 5038 2593 5108 Itaque
2644 5053 2769 5092 cum
2809 5036 2878 5091 ad
2929 5036 3056 5091 illos
3101 5036 3284 5102 venit,
3316 5036 3383 5089 ab
3414 5049 3578 5103 opere

2013 5148 2272 5187 manuum
2296 5139 2604 5196 cessarunt,
2623 5138 2677 5187 et
2703 5129 2770 5184 ad
2796 5144 2919 5184 eum
2943 5144 3069 5183 cum
3102 5128 3360 5199 lacrymis
3391 5144 3577 5187 acces-

2012 5232 2227 5290 serunt;
2260 5224 2530 5293 tactisque
2581 5225 2785 5277 sanctis
2835 5222 2956 5291 ejus
2997 5221 3260 5291 pedibus,
3312 5237 3372 5274 er
3412 5234 3578 5288 puras

2015 5332 2212 5371 manus
2240 5314 2540 5371 deosculati
2596 5314 2934 5369 calamitates
2965 5313 3118 5381 ipsos
3147 5312 3458 5380 complexae
3483 5310 3578 5363 de-

2019 5409 2238 5474 ﬂerunt,
2267 5409 2455 5477 patria:
2482 5406 2854 5470 amissionem,
2874 5406 3152 5460 insuavem
3182 5404 3234 5457 in
3262 5403 3440 5457 alieno
3462 5402 3580 5456 solo

2022 5501 2185 5553 vitam
2205 5540 2221 5564 ,
2264 5512 2445 5553 rerum
2499 5496 2932 5553 necessariarum
2965 5494 3247 5566 penuriam
3280 5510 3293 5559 ;
3324 5491 3581 5563 quodque

1648 5679 1885 5737 VARIAS
1924 5675 2320 5734 LECTIONES.

414 5806 459 5836 ⁵τ
496 5805 568 5862 al.
608 5805 922 5877 ἐμέλλησεν.
1000 5806 1044 5839 ⁸⁸
1072 5805 1141 5860 al.
1182 5804 1215 5876 ἢ
1248 5802 1362 5857 καί.
1440 5800 1495 5837 ³⁸⁸
1524 5798 1595 5853 81-
1622 5795 1930 5869 δισχιλίους.
