3834 6220
322 271 425 327 595
1180 269 1239 323 S.
1285 265 1672 323 CLEMENTIS
1709 269 1727 321 Ι
1767 266 1931 321 ROM.
1971 263 2173 319 PONT.
2212 263 2441 319 OPERA
2476 260 2703 320 DUBIA.
3474 254 3599 310 596

313 399 560 440 omnium
614 390 732 438 erat
785 376 1168 453 gravissimum
1198 421 1213 447 ,
1252 396 1407 451 aquae
1432 382 1604 450 ipsius
1635 380 1849 447 indigeu

1988 373 2095 425 τῶν
2124 374 2432 441 ἀναγκαίων
2461 373 2560 443 τὴν
2592 371 2845 441 ἀπορίαν,
2884 370 2993 433 καὶ,
3022 368 3050 421 ὃ
3084 367 3299 421 πάντων
3330 366 3598 436 βαρύτα-

311 478 466 532 dam.
498 475 555 530 Si
586 477 710 545 quis
740 476 910 537 enim,
941 476 1190 540 aiebant,
1224 491 1317 544 per
1349 484 1521 529 totqu
1554 476 1697 529 diem
1722 490 1848 543 oper

1986 486 2078 521 τον
2104 462 2190 539 ἦν,
2219 471 2317 541 τὴν
2340 470 2502 522 αὑτοῦ
2527 468 2619 521 τοῦ
2646 467 2834 529 ὓδατος
2862 465 3084 517 ἔνδειαν.
3114 464 3176 515 Ei
3196 462 3306 535 γάρ
3338 479 3427 524 τις
3444 462 3592 529 ὃλην

2026 554 2037 568 .
2115 558 2125 568 .
2202 556 2211 567 .
2386 559 2410 568 ..
2485 556 2509 568 ..
2714 554 2737 566 -
2822 556 2834 568 .
2999 553 3009 568 .
3177 552 3190 568 .
3266 551 3291 562 -.
3472 549 3526 568 ,νγ

311 584 576 623 manuum
620 577 673 622 et
707 567 893 622 labore
939 577 1245 622 maceratus
1274 609 1289 635 ,
1326 583 1481 637 aquae
1526 577 1733 637 guttam
1764 568 1849 622 exi

1986 554 2083 624 τὴν
2104 556 2319 626 ἡμέραν
2350 559 2414 627 τῇ
2442 556 2551 609 τῶν
2582 554 2779 626 χειρῶν
2819 553 3068 625 ἐργασίᾳ,
3107 552 3200 605 καὶ
3223 551 3301 621 τῷ
3331 549 3591 619 καμάτῳ

309 673 472 727 gnam
505 673 721 713 sumere
752 658 1004 723 voluerit,
1030 674 1139 727 quo
1166 660 1442 713 miseriam
1472 675 1538 712 ex
1569 658 1853 729 fatigationi

1987 647 2398 718 προστετηκὼς,
2430 648 2631 717 ἔλεγον,
2660 646 2850 709 ὓδατος
2886 644 3142 716 βραχεῖάν
3171 660 3292 696 τινα
3327 642 3583 709 σταγόνα

1982 736 2165 759 \..£-!-_
2202 736 2504 759 xn_\1--__-.
2557 737 2584 759 ,⁸
2609 754 2689 759 __-
2725 737 2819 759 -3.-.
2868 736 2928 759 ὲ--
2957 735 3047 759 --ΓΙ
3082 736 3251 759 --ι-..-η
3291 732 3572 759 3.-.-.Ι..ἷζ...

308 759 484 803 ortam
516 751 787 817 sublevet;
821 752 867 805 is
896 766 1005 804 non
1037 751 1219 805 minus
1254 767 1419 821 quam
1454 767 1626 821 usque
1661 752 1727 805 ad
1762 762 1846 806 sta

1982 736 2165 789 λαϐεῖν
2199 736 2525 808 ἐθελήσειεν,
2553 737 2691 821 ὥστε
2723 737 2820 807 τὴν
2867 736 2930 789 ἐκ
2955 735 3049 788 τοῦ
3082 736 3251 787 κόπου
3288 732 3579 802 ἀναψῦξαι

305 839 394 894 dia
424 842 665 910 quinque
706 852 759 895 et
789 842 1146 911 quadraginta
1181 842 1458 911 profectus
1481 884 1495 908 ,
1527 859 1723 913 aquam
1754 859 1853 913 por

305 934 495 963 Inlvnn:l
552 930 632 963 nt.
675 934 788 963 Im...
822 934 1125 963 κοινεηηηι...
1160 937 1423 963 “mnam...
1449 951 1635 963 ,ιλ-η...
1672 936 1853 963 ,ιρκιιηάΔ

1978 828 2372 900 ταλαιπωρίαν,
2389 830 2487 881 οὑκ
2508 828 2722 882 ἔλαττον
2743 829 2771 879 6
2794 827 3031 890 τοιοῦτος
3055 826 3086 895 ἢ
3119 826 3366 887 σταδίους
3398 824 3575 876 πέντε

1978 918 2073 963 καὶ
2131 919 2537 963 τεσσαράκοντα
2585 898 2861 963 πῗοελθὼν
2902 914 2987 963 ἂν-
3048 913 3191 963 ὖδωο
3242 913 3564 963 κομίσαιτο.

305 934 518 987 taverit.
552 930 633 986 0b
675 934 789 987 haec
822 934 1127 1003 patriarcha
1159 937 1426 1004 particeps
1448 951 1637 990 eorum
1670 936 1853 989 dolori:

305 1039 367 1053 nn
392 1025 749 1053 Ιηη-η--νιη-...ηι
778 1025 950 1053 humu"
1009 1028 1129 1053 ,Ιηζυι
1181 1036 1228 1053 ,ιι
1284 1027 1388 1053 n....
1416 1028 1601 1053 .__na::..
1634 1029 1766 1053 ..Α-2,.
1822 1042 1848 1053 Λ

1978 918 2073 970 καὶ
2131 919 2537 989 τεσσαράκοντα
2585 913 2861 987 προελθὼν
2902 914 2987 977 ἂν,
3048 913 3191 984 ὓδωρ
3242 913 3564 982 κομίσαιτο.

1977 1012 2119 1053 nn}..-
2144 1011 2313 1053 ταῦτα
2359 1010 2591 1053 συναλνὴ
2603 1026 2699 1053 σας
2726 1025 2784 1053 τε
2824 1008 3004 1053 αὐτοῖς
3039 1008 3067 1053 ὁ
3094 1005 3441 1053 πατοιάογηε
3467 1003 3571 1053 καὶ

303 1039 368 1079 ac
392 1025 750 1094 lacrymarum
777 1025 974 1089 factus,
1006 1028 1129 1081 dein
1179 1036 1232 1081 et
1280 1027 1391 1082 Deo
1413 1028 1603 1097 gratiis
1633 1029 1789 1094 actis,
1820 1042 1850 1081 e

303 1115 628 1145 unumn:.\n.n-
672 1118 881 1145 nn:--lnn
923 1118 1135 1145 ζΙΙΑ-...υ
1192 1119 1499 1145 Anu-nonin...”
1536 1138 1547 1145 .
1595 1120 1707 1145 ΜΛ--
1761 1122 1828 1145 ζ...

1976 1012 2119 1082 Πρὸς
2144 1011 2313 1064 ταῦτα
2359 1010 2699 1080 συναλγήσας
2726 1025 2784 1060 τε
2824 1008 3004 1069 αὐτοῖς
3039 1008 3067 1058 ὁ
3094 1005 3441 1075 πατριάρχης
3467 1020 3540 1055 κα

1976 1102 2363 1145 rrauﬁavmirmn
2386 1097 2501 1145 εἶτα
2529 1101 2620 1145 καὶ
2644 1098 2721 1145 τῶ
2742 1098 2858 1145 est?)
2885 1098 3301 1145 εὑναοιοτὴσαε.
3322 1096 3421 1145 καὶ
3447 1096 3540 1145 ἱκα

301 1115 628 1173 sullicienter
670 1118 885 1172 animos
921 1118 1137 1173 illorum
1189 1119 1547 1173 consolatus:
1591 1120 1709 1174 Non
1760 1122 1832 1179 ita

1976 1102 2366 1173 συνδακρύσας,
2386 1097 2502 1154 εἶτα
2529 1101 2620 1153 καὶ
2644 1098 2721 1169 τῷ
2742 1098 2858 1169 Θεῷ
2885 1098 3301 1168 εὐχαριστήσας,
3322 1096 3421 1148 καὶ
3447 1096 3573 1199 ἷκε.-

301 1204 511 1275 iuquit,
544 1215 746 1261 temere
774 1216 829 1261 et
855 1207 973 1261 sine
1001 1223 1167 1263 causa
1196 1208 1300 1261 huc
1331 1225 1417 1263 me
1456 1208 1595 1264 Deus
1624 1213 1853 1279 permisi.

1972 1195 2078 1259 νῶς
2098 1195 2195 1259 τὰς
2216 1196 2437 1248 ἐκείνων
2457 1193 2633 1263 ψυχὰς
2661 1191 3216 1263 παραμυθησάμενος,
3230 1189 3343 1258 υὺχ
3366 1187 3568 1249 ἁπλῶς

298 1296 528 1365 expelli;
560 1298 653 1353 sed
681 1309 737 1353 ut
765 1309 818 1353 et
840 1300 1024 1355 socius
1075 1301 1175 1354 sim
1230 1309 1533 1354 vestrarum
1562 1303 1853 1372 perpessio.

1970 1290 2112 1343 οὑτω
2156 1289 2248 1341 καὶ
2280 1287 2508 1354 ἀλόγως,
2551 1282 2735 1348 εἶπεν,
2773 1282 3006 1336 ἐνταῦθά
3048 1298 3113 1352 με
3151 1283 3179 1333 ὁ
3210 1280 3344 1343 Θεὸς
3395 1296 3564 1331 συνε-

1969 1382 2216 1453 χώρησεν
2264 1378 2617 1450 ἐκϐληθῆναι,
2671 1377 2786 1431 ἀλλ’
2819 1376 2958 1456 ὥστε
3000 1376 3093 1426 καὶ
3133 1372 3386 1425 κοινωνὸν
3427 1373 3565 1442 ὑμῖν

1967 1469 2217 1539 γενέσθαι
2244 1468 2351 1520 τῶν
2383 1466 2741 1536 παθημάτων,
2771 1464 2865 1516 καὶ
2895 1462 3174 1534 ὑπομονῆς
3194 1461 3433 1531 μάλιστα
3458 1460 3561 1512 καὶ

1969 1556 2260 1628 καρτερίας
2287 1554 2558 1607 ὑπόθεσιν.

367 1659 597 1714 CLXIX.
641 1660 837 1718 Postea
886 1681 1012 1721 vero
1047 1666 1112 1720 ad
1161 1682 1347 1735 preces
1392 1670 1755 1734 convertitur,
1807 1682 1853 1725 et

2035 1646 2265 1703 CLXIX.
2294 1648 2520 1700 Ἔπειτα
2541 1646 2720 1716 μέντοι
2738 1644 2830 1697 καὶ
2859 1646 2938 1707 είς
2966 1644 3129 1714 εὐχὴν
3149 1643 3437 1713 τρέπεται,
3456 1640 3558 1694 καὶ

294 1767 416 1806 cum
445 1754 525 1808 eis
553 1763 673 1807 orat
703 1754 873 1811 Deum
904 1799 918 1817 ,
952 1767 1009 1812 ut
1058 1759 1174 1812 suis
1220 1761 1628 1816 coul'essoribus
1654 1761 1853 1816 fontem

1962 1742 2126 1795 δεῖται
2146 1742 2239 1793 σὺν
2255 1740 2435 1801 αὑτοῖς
2449 1736 2542 1790 τοῦ
2558 1735 2715 1799 Θεοῦ,
2731 1736 2869 1817 ὥστε
2885 1738 2995 1799 τοῖς
3010 1734 3173 1789 αὐτοῦ
3189 1737 3216 1787 6
3223 1733 3558 1804 μολογηταῖς

904 1799 918 1821 ,
953 1799 1009 1812 ...
1058 1799 1174 1812 νυ...
1221 1799 1628 1816 suumsuum...
1654 1799 1855 1816 .υ........
2417 1799 2425 1801 ε
2789 1799 2809 1817 η
3223 1799 3235 1804 -
3368 1799 3377 1801 ε
3415 1799 3426 1803 -

904 1862 966 1901 ue
990 1850 1260 1904 percussit
1283 1860 1491 1904 petram
1520 1852 1572 1904 in
1605 1852 1821 1904 deserto
1844 1896 1859 1904 -
1967 1833 2148 1904 πηγὴν
2165 1831 2352 1894 ὓδατος
2377 1828 2657 1895 διανοῖξαι’
2687 1829 2780 1881 καὶ
2799 1829 2827 1879 ὁ
2857 1826 3100 1893 πατάξας
3118 1826 3322 1897 πέτραν
3347 1826 3404 1877 έν
3431 1827 3558 1896 ἐρή-

1968 1941 2071 1994 μῳ,
2106 1924 2200 1975 καὶ
2232 1920 2507 1993 ἐρρύησαν
2539 1920 2727 1983 ὕδατα,
2762 1918 2925 1982 αὐτὸς
2964 1917 3193 1987 ἄφθονον
3232 1918 3329 1970 καὶ
3366 1918 3556 1981 αὑτοῖς

1959 2013 2053 2066 τοῦ
2083 2012 2274 2075 ὓδατος
2308 2011 2533 2082 παρέχει
2559 2010 2657 2082 τὴν
2688 2009 2965 2081 χορηγίαν.
3006 2008 3143 2080 Ἤδη
3179 2006 3288 2079 γὰρ
3326 2008 3553 2061 πάντων

1959 2108 2026 2175 τῇ
2059 2107 2191 2175 εὑχῇ
2233 2103 2663 2174 προσκειμένων,
2703 2101 2731 2152 6
2769 2102 3112 2171 πατριάρχης
3148 2100 3276 2171 τῇδε
3312 2101 3547 2152 κάκεῖσε

1959 2194 2441 2265 περιϐλεψάμενος,
2466 2192 2635 2264 ἀμνόν
2660 2209 2780 2245 τινα
2807 2194 2910 2263 ὁρᾷ
2931 2192 2997 2255 ⁸³,
3023 2191 3113 2243 τὸν
3138 2190 3311 2256 δεξιὸν
3342 2206 3551 2260 μετεω-

1961 2282 2173 2355 ρίζοντα
2188 2283 2340 2347 πόδα,
2370 2284 2464 2337 καὶ
2494 2282 2682 2354 ὥσπερ
2702 2282 2893 2352 ἐκείνῳ
2917 2279 3304 2333 ὑποδεικνύντα
3328 2278 3390 2331 τὸ
3404 2280 3548 2332 ὑπο-

1956 2377 2204 2446 κείμενον
2250 2376 2459 2445 ἔδαφος·
2503 2374 2676 2427 οὐδενὶ
2713 2374 2821 2446 γὰρ
2847 2376 2875 2427 6
2906 2372 3075 2444 ἀμνὸς
3100 2372 3207 2424 τῶν
3242 2370 3417 2425 ἄλλων
3451 2389 3548 2425 τε-

1954 2464 2129 2516 θέατο.
2158 2465 2267 2516 Καὶ
2292 2463 2580 2534 συμϐαλὼν
2608 2463 2707 2534 τὴν
2728 2463 2847 2531 ϐψιν
2864 2464 2889 2514 6
2910 2462 3274 2533 πατριάρχης,
3302 2461 3385 2531 τῷ
3407 2462 3549 2514 ὑπο-

1951 2556 2212 2626 δειχθέντι
2246 2556 2394 2626 τόπῳ
2434 2555 2569 2627 μετὰ
2604 2554 2714 2607 τῶν
2764 2555 3043 2626 παρόντων
3090 2553 3395 2620 ἐφίσταται,
3446 2553 3546 2607 καί

1953 2666 2133 2718 φησιν’
2155 2649 2242 2701 Ἐν
2263 2648 2483 2718 ὀνόματι
2520 2646 2615 2700 τοῦ
2639 2646 2845 2716 Κυρίου
2871 2644 3028 2715 ἡμῶν
3066 2642 3240 2733 lucro?»
3275 2642 3545 2713 Χριστοῦ,

1950 2740 2183 2793 ἐνταῦθά
2217 2757 2326 2811 μοι,
2353 2740 2536 2802 τέκνα,
2564 2738 2808 2810 ὀρύξατε.
2836 2738 2945 2790 Καὶ
2982 2735 3169 2806 ἐπειδὴ
3207 2734 3370 2787 αὑτόν
3394 2751 3459 2787 τε
3493 2735 3546 2768 ⁸³

1949 2835 2039 2887 τὸν
2063 2834 2247 2897 τόπον,
2286 2836 2365 2896 εἰς
2405 2833 2462 2886 ὃν
2490 2836 2518 2887 6
2551 2834 2718 2903 ἀμνὸς
2764 2833 2967 2895 ἵστατο,
2996 2831 3087 2884 καὶ
3120 2830 3181 2883 τὸ
3206 2829 3392 2898 κύκλῳ
3428 2829 3547 2881 πᾶν

278 2954 453 3064 agnus
477 2944 816 3064 qstendebat,
835 2952 935 3003 levi
956 2962 1007 3005 et
1040 2953 1106 3007 ad
1135 2958 1474 3025 superﬁciem
1500 2961 1608 3016 ictu
1631 2924 1842 3033 pu‘lsat;

278 3045 379 3064 mn
409 3042 485 3064 ο...
517 3050 677 3064 mm...
727 3046 865 3064 ,μη
924 3044 1114 3064 me...
1168 3046 1199 3064 ..
1304 3049 1351 3064 ..
1827 3058 1840 3064 -

1962 2926 2342 2998 περιέσκαψαν,
2390 2924 2567 2978 λαϐὼν
2610 2926 2865 2992 σκαφεῖον
2906 2925 2935 2975 6
2964 2924 3321 2992 πατριάρχης,
3350 2924 3547 2990 κρούει

1962 3018 2039 3064 τὸν
2078 3019 2241 3064 τόπον
2276 3017 2402 3064 ἔνθα
2430 3021 2458 3064 ὁ
2507 3017 2675 3064 ἀμνὸς
2722 3016 3032 3064 ὑπεδείκνυ.
3079 3014 3266 3064 κούιοω
3294 3013 3402 3064 τινὶ
3440 3012 3548 3064 καὶ

276 3029 678 3108 confestimque
727 3046 870 3094 terra
919 3044 1118 3098 emittit
1168 3016 1444 3117 limpidam
1477 3016 1673 3122 aquam

1962 3018 2039 3071 τὸν
2078 3019 2241 3072 τόπον
2276 3017 2402 3070 ἔνθα
2430 3021 2458 3070 6
2507 3017 2675 3087 ἀμνὸς
2722 3016 3032 3077 ὑπεδείκνυ,
3079 3016 3266 3083 κούφῳ
3294 3016 3402 3065 τινὶ
3440 3016 3521 3063 κα

274 3095 853 3196 bibendum-suavem,
882 3095 1133 3204 altlueea
1876 3095 1917 3155 c
1955 3110 2211 3181 μετεώρῳ
2242 3109 2321 3180 τῷ
2346 3109 2634 3180 κρωματν
2676 3108 2770 3161 καὶ
2802 3106 3147 3178 παραχρῆμα
3174 3104 3365 3166 διειδὲς
3390 3102 3546 3173 ὕδωρ

277 3231 401 3271 men
427 3222 769 3272 reoentinum
796 3224 978 3272 ρίῐίυίι-
1009 3227 1289 3272 "nium-cie
1316 3250 1448 3272 nran
1496 3254 1650 3272 ..αηηο
1682 3256 1844 3272 ηοω...
1948 3204 1981 3272 ἡ
2016 3202 2086 3272 γῆ
2125 3203 2217 3255 καὶ
2255 3201 2353 3272 ἡδὺ
2392 3203 2534 3253 πιεῖν
2568 3198 2871 3251 ἀναδίδωσι·
2905 3199 3000 3249 καὶ
3042 3195 3220 3260 τοῦτον
3263 3196 3359 3247 σὺν
3388 3196 3546 3263 ὁρμῇ

1950 3292 2196 3363 ἐκχυθὲν,
2228 3291 2469 3362 ποταμὸν
2501 3290 2694 3360 ἀθρόον
2736 3292 2897 3343 ποιεῖ.
2934 3288 3157 3341 Πάντων
3189 3282 3282 3338 οὖν
3310 3284 3546 3354 χαιρόν-

1948 3402 2055 3437 των
2084 3386 2175 3436 ἐπὶ
2201 3384 2279 3453 τῷ
2311 3383 2495 3447 ὕδατι,
2541 3384 2569 3435 6
2617 3381 2979 3453 πατριάρχης,
3022 3378 3132 3432 Τοῦ
3162 3375 3431 3445 ποταμοῦ
3464 3376 3547 3427 τὰ

1948 3475 2254 3543 ὀρμήματα
2314 3473 2706 3541 εὐφραίνουσι
2768 3470 2880 3537 τὴν
2934 3469 3115 3521 πόλιν
3178 3465 3286 3520 τοῦ
3347 3464 3543 3526 Θεοῦ,

297 1404 466 1455 num,
498 1399 551 1444 et
582 1392 855 1460 patientiae
904 1392 1137 1445 maxime
1192 1407 1255 1445 ac
1307 1393 1643 1448 tolerationis
1694 1394 1868 1449 docu~

296 1489 562 1535 mentum.

292 1855 450 1909 aqua:
476 1844 685 1911 aperiat
718 1863 730 1898 :
763 1848 966 1917 quique
989 1850 1260 1917 percussit
1283 1860 1491 1919 petram
1520 1852 1572 1905 in
1605 1852 1821 1907 deserto
1844 1896 1859 1919 ,

290 1940 345 1985 et
395 1931 670 1989 ﬂuxerunt
737 1939 996 2005 aquae“,
1070 1940 1185 2009 ipse
1238 1942 1401 1997 etiam
1443 1944 1522 1999 eis
1581 1946 1857 2015 c0piosam

288 2037 488 2092 aquam
515 2027 841 2096 suppeditat.
859 2028 975 2083 Jam
995 2032 1140 2085 enim
1173 2035 1428 2089 omnibus
1450 2039 1748 2105 precationi
1771 2039 1857 2093 in-

287 2116 643 2185 sistentibus,
689 2121 996 2189 patriarcha
1046 2124 1151 2179 huc
1188 2137 1353 2195 atque
1382 2127 1511 2184 illuc
1538 2131 1854 2201 respiciens,

286 2221 487 2276 agnum
518 2209 663 2265 videt
709 2213 801 2281 qui
832 2214 1081 2269 dextrum
1117 2217 1304 2286 pedem
1336 2222 1633 2287 attollebat,
1682 2240 1857 2296 eoque

284 2300 444 2368 quasi
492 2302 816 2358 ostendebat
865 2306 1168 2375 subjectum
1210 2311 1386 2365 solum
1422 2331 1434 2366 :
1468 2328 1497 2368 a
1526 2315 1675 2369 nullo
1706 2318 1852 2371 enim

283 2390 394 2445 alio
417 2406 593 2463 agnus
618 2394 769 2451 visus
793 2406 896 2453 est.
925 2397 1062 2455 Tum
1092 2403 1400 2470 patriarcha
1438 2406 1698 2475 conjectis
1729 2424 1855 2465 ocu-

282 2481 371 2545 lis,
404 2483 472 2537 ad
502 2484 682 2539 locum
717 2498 1079 2545 monstratum
1127 2509 1251 2548 cum
1285 2496 1351 2549 iis
1381 2498 1474 2567 qui
1501 2503 1726 2556 aderant
1756 2519 1850 2558 ac-

281 2574 445 2637 cedit,
470 2584 525 2629 et
547 2576 624 2629 ait
650 2596 662 2632 :
686 2576 742 2631 In
796 2582 1017 2635 nomine
1034 2583 1250 2640 Domini
1276 2592 1447 2644 nostri
1477 2591 1605 2648 Jesu
1620 2596 1848 2663 Christi,

280 2665 371 2719 hic
401 2667 554 2733 mihi,
582 2668 696 2736 lilii,
743 2669 927 2727 fodite.
966 2673 1212 2745 Cumque
1236 2687 1347 2734 tum
1377 2683 1552 2752 ipsum
1583 2686 1761 2741 locum
1795 2689 1847 2742 in

280 2772 391 2829 quo
428 2774 602 2830 agnus
630 2762 831 2831 stabat,
861 2774 972 2819 tum
1005 2770 1268 2841 quidquid
1296 2774 1502 2830 circum
1528 2788 1645 2834 erat
1673 2779 1849 2835 lodis-

277 3231 401 3271 men
427 3222 769 3288 repentinum
796 3224 979 3281 eﬂicit.
1009 3227 1290 3288 Universis
1316 3250 1469 3305 ergo,
1495 3254 1650 3306 aquze
1682 3256 1847 3295 causa

275 3309 671 3402 gaudentibus,
707 3319 1016 3386 patriarcha
1073 3323 1211 3378 dixit
1252 3344 1265 3381 :
1323 3326 1592 3385 Fluminis
1620 3330 1846 3402 impetus

274 3398 515 3471 lwliﬁcat
544 3407 809 3464 civitatem
835 3411 934 3466 Dei
954 3415 1097 3469 ⁸³-⁶⁸.

756 3642 864 3692 tota
916 3636 982 3691 ad
1018 3653 1141 3694 eum
1184 3643 1492 3701 conﬂuebat
1521 3648 1711 3705 civitas
1739 3692 1753 3715 ,
1791 3660 1846 3706 et

1962 3568 2030 3621 ἕλε
2074 3585 2148 3621 εν.

2016 3585 2148 3713 CYLX
2160 3658 2223 3712 Χ.
2244 3657 2565 3729 Ἐντεῦθενὴ
2583 3658 2734 3721 πόλις
2746 3674 2813 3709 πε
2822 3656 2872 3727 ρὶ
2887 3655 3047 3708 αὑτὸν
3060 3655 3207 3706 πᾶσα
3220 3652 3543 3723 συνέρρεον,

270 3718 538 3787 spiritalis
561 3724 709 3780 illius
740 3726 1008 3785 doctrinae
1050 3732 1339 3791 dulcedine
1367 3738 1433 3792 ad
1458 3755 1641 3795 veram
1681 3743 1841 3797 Iidem

1962 3751 2040 3806 ιαί
2054 3754 2119 3821 τῇ
2135 3750 2232 3820 τῆς
2246 3718 2618 3819 πνευματικξτκ
2630 3718 2843 3817 ἐκείνης
2866 3743 3207 3806 διδασκαλίας
3233 3718 3544 3811 γλυκύτητι

269 3823 500 3870 cunctos
530 3817 872 3889 impellebat;
928 3834 986 3879 ut
1016 3834 1071 3881 et
1116 3830 1270 3883 multi
1318 3833 1562 3900 quctidie
1596 3835 1843 3905 baptiza-

1962 3817 2209 3913 πρὸς-τὴν
2236 3817 2410 3910 άληθῆ
2444 3840 2625 3892 πίστιν
2660 3838 2867 3900 πάντας
2890 3838 3146 3907 ἐπήγετο,
3165 3836 3240 3898 ὡς
3267 3835 3363 3887 καὶ
3395 3833 3541 3885 πολ-

270 3916 461 3962 rentur
507 3925 876 3983 numerusque
930 3918 998 3971 ad
1047 3919 1374 3989 quingentos
1418 3928 1747 3993 pervenerit,
1779 3944 1843 3984 ac

1962 3935 2069 3997 ιοὺς
2090 3934 2211 3986 ὅσαι
2231 3932 2437 4003 ἡμέραι
2456 3929 2831 4001 βαπτίζεσθαι,
2850 3931 2930 3992 εἰς
2946 3928 3336 3988 πεντακοσίους
3355 3943 3413 3977 τε
3438 3925 3544 3979 τὸν

267 4015 398 4054 vera
430 4002 619 4072 religio
646 4003 699 4057 in
729 4005 845 4061 dies
888 4020 1105 4077 caperet
1135 4012 1551 4070 incrementum.
1589 4017 1840 4074 Nondum

1962 4024 2176 4093 ἰριθμὸν
2223 4002 2509 4091 ἀναϐῆναι,
2560 4022 2653 4075 καὶ
2677 4020 2774 4090 τὴν
2816 4018 3096 4071 εὐσέϐειαν
3137 4016 3259 4070 καθ’
3291 4017 3542 4086 ἑκάστην

269 4092 517 4162 profecto
548 4111 725 4151 annus
766 4099 819 4151 in
867 4102 1061 4156 exsilio
1087 4114 1204 4158 erat
1230 4121 1489 4162 emensus
1512 4125 1576 4164 ac
1599 4114 1841 4179 praeteri-

1962 4092 2253 4168 ιπιδιδόναι.
2280 4112 2445 4166 Οῠπω
2469 4114 2649 4166 τοίνυν
2676 4111 2922 4173 ἐνιαυτὸς
2942 4110 3039 4180 τὴν
3071 4108 3371 4178 ὑπερορίαν
3401 4107 3547 4175 ἐμέ-

268 4194 379 4251 tus,
411 4196 466 4240 et
487 4187 823 4244 aediﬁcantur
853 4194 1072 4261 quidem
1095 4236 1109 4260 ,
1140 4196 1207 4248 ab
1236 4197 1303 4251 iis
1350 4199 1440 4267 qui
1472 4200 1838 4268 crediderant,

1962 4223 2082 4276 τρει,
2118 4206 2213 4258 καὶ
2264 4204 2669 4275 οἰκοδομοῦν-ται
2724 4202 2822 4272 μὲν
2866 4202 2970 4254 ὑπὸ
2992 4201 3099 4252 τῶν
3122 4200 3542 4252 πιστευσάντων

264 4274 524 4332 Ecclesiae
550 4294 780 4334 numero
809 4282 1051 4351 quinque
1078 4294 1132 4338 et
1157 4289 1519 4357 septuaginta,
1547 4290 1842 4346 idolorum—

1962 4274 2225 4367 ;κκλησίαι
2244 4296 2334 4350 τὸν
2358 4274 2587 4368 ἀριθμὸν
2613 4294 2773 4348 πέντε
2804 4294 2898 4346 καὶ
2920 4292 3303 4362 ἐϐδομήκοντα,
3324 4290 3539 4361 τεμένη

265 4386 374 4439 que
399 4370 524 4426 fana
548 4381 604 4427 et
628 4374 825 4443 templa
850 4386 1203 4444 evertuntur;
1234 4380 1408 4450 iisque
1430 4383 1638 4437 adsitos
1660 4384 1833 4451 lucos,

1962 4407 1998 4443 τε
2031 4388 2264 4442 εἰδώλων
2299 4390 2393 4441 καὶ
2430 4386 2554 4440 ναοὶ
2586 4384 2995 4456 καθαιροῦνται,
3038 4380 3133 4435 καῖ
3168 4381 3237 4435 τὰ
3272 4398 3543 4452 παραπε-

264 4462 497 4516 multum
529 4473 684 4519 terra:
704 4477 1055 4537 occupantes,
1085 4470 1225 4540 ignis
1247 4472 1507 4542 depascit,
1538 4488 1700 4546 atque
1726 4481 1841 4535 uni-

1962 4480 2154 4549 ρυκότα
2178 4479 2388 4542 τούτοις
2417 4477 2575 4546 ἄλο-η,
2622 4477 2715 4529 ἐπί
2754 4474 2887 4527 πολὺ
2930 4474 3033 4545 γῆς
3070 4472 3437 4542 διικνούμενα,
3471 4471 3545 4525 τὸ

262 4568 422 4608 versa
450 4559 819 4624 prosternitur
841 4561 1151 4616 daemonum
1187 4564 1423 4621 insania.

1962 4572 2061 4642 πῦρ
2088 4570 2479 4640 κατανέμεται,
2514 4570 2607 4622 καὶ
2632 4570 2781 4621 πᾶσα
2811 4566 2920 4619 τῶν
2951 4566 3219 4636 δαιμόνων
3252 4563 3541 4617 καταϐάλ-

2129 4664 2149 4715 ἣ
2187 4663 2368 4715 μανία.

339 4725 573 4823 CLXXI.
611 4730 767 4789 Tunc
807 4750 939 4806 ergo
970 4737 1274 4795 invidiosus
1315 4749 1370 4794 et
1417 4744 1598 4813 gravis
1647 4762 1835 4801 rumor

1962 4681 2088 4717 ,εται
2118 4664 2150 4734 ἡ
2187 4663 2368 4732 μανία.

2005 4752 2236 4808 CLXXI.
2252 4750 2564 4823 Τηνικαῦτα
2580 4746 2673 4805 οῦν
2689 4749 2973 4820 ἐπίφθονός
2986 4766 3045 4801 τε
3060 4748 3155 4802 καὶ
3168 4747 3357 4819 βαρεῖα
3370 4749 3541 4818 φήμη

264 4816 332 4870 ad
362 4818 707 4889 imperatoris
731 4841 894 4881 aures
927 4832 1194 4899 pervenit,
1229 4830 1471 4889 referens
1502 4836 1835 4894 Christiano-

1962 4843 2042 4908 τάς
2065 4844 2158 4897 τοῦ
2184 4816 2447 4914 βασιλέως
2473 4842 2639 4906 ἀκοάς
2662 4816 2969 4913 ὑποτρέχει,
3003 4816 3277 4893 ἐπιδοῦναι
3303 4838 3372 4891 τά

262 4926 385 4965 rum
418 4921 622 4968 sectam
651 4933 706 4971 ιη
738 4921 1001 4988 majorem
1035 4924 1441 4981 multitudinem
1473 4942 1717 4984 crescere
1738 4973 1752 4997 ,
1782 4940 1836 4985 et

1962 4934 2174 4988 πιανῶν
2194 4937 2273 4997 εἰς
2289 4934 2488 5005 πλῆθος
2505 4933 2737 5005 ἀριθμοῦ
2770 4937 3032 5005 κρεῖττον,
3052 4932 3147 4985 καὶ
3161 4931 3277 4985 καθ’
3291 4932 3545 5000 ἑκάστην

265 5003 499 5072 singulis
527 5006 720 5063 diebus
750 5014 957 5079 augeri.
985 5012 1160 5080 Quam
1189 5017 1260 5071 ob
1288 5034 1511 5073 causam
1539 5022 1627 5075 ille
1650 5024 1833 5078 statim

1962 5026 2202 5093 ιύξεσθαι
2230 5027 2328 5096 τὴν
2350 5003 2562 5096 ἡμέραν
2577 5003 2921 5080 διδάσκούσὶἷ.
2944 5018 3114 5093 Ἐφ’ᾧ
3142 5024 3209 5095 δὴ
3238 5024 3332 5077 καὶ
3355 5024 3541 5091 Αὐφι-

260 5096 610 5154 Auﬁdianum
660 5104 944 5171 praesidem
994 5108 1199 5175 mittit,
1245 5112 1339 5180 qui
1370 5128 1476 5167 non
1513 5115 1689 5168 solum
1723 5132 1832 5169 non

1962 5117 2123 5169 itavbv
2139 5117 2334 5169 αὐτίκα
2357 5117 2446 5168 τὸν
2470 5117 2712 5186 ἡγεμόνα
2733 5118 2937 5179 ἐκεῖνος
2965 5116 3263 5187 ἐκπέμπει,
3287 5114 3430 5197 ὦσξε
3453 5117 3537 5188 μὴ

260 5188 494 5247 ulterius
525 5196 780 5264 progredi
806 5206 1010 5251 sectam
1040 5200 1244 5256 sineret
1264 5242 1279 5267 ,
1311 5220 1499 5259 verum
1526 5215 1580 5260 et
1598 5208 1709 5276 jam
1740 5224 1833 5262 ca-

1962 5209 2104 5261 tdvov
2134 5209 2267 5279 μηδέ
2310 5208 2618 5278 περαιτέρω
2646 5207 2929 5277 προελθεῖν
2958 5207 3097 5260 αὑτά
3147 5188 3535 5277 concepti-ﬂeat,

259 5291 383 5351 ptos
434 5284 750 5353 reduceret,
793 5299 1158 5361 avocarctque
1186 5310 1215 5347 a
1264 5296 1481 5364 pietate.
1517 5297 1613 5352 llic
1645 5299 1831 5369 itaque

1962 5298 2074 5352 ιλλά
2098 5302 2192 5353 καὶ
2219 5301 2343 5362 τοὺς
2365 5299 2463 5370 ήδη
2490 5299 2847 5370 χειρωθέντας
2866 5301 3252 5367 ἐπαναγαγεῖν,
3274 5300 3367 5352 καὶ
3390 5301 3539 5353 ἀπθ-

255 5383 547 5444 postquam
589 5373 924 5432 Chersouem
966 5381 1149 5446 venit,
1199 5383 1648 5455 Christianosque
1670 5404 1817 5442 com-

1962 5389 2125 5459 τῆσαι
2152 5390 2253 5452 τῑης
2278 5389 2577 5452 εὐσεϐείας.
2601 5384 2770 5452 Οὗτος
2797 5389 2994 5453 τοίνυν,
3019 5389 3117 5459 τὴν
3137 5390 3212 5442 Χε
3224 5389 3401 5460 ρσῶνα
3432 5408 3532 5442 κα·

1559 5542 1794 5597 VARL/E
1832 5543 2227 5600 LECTIONES.

329 5672 373 5711 θ’
397 5670 559 5731 Num.
593 5692 683 5743 xx,
719 5678 772 5735 6.
799 5678 943 5737 Psal.
989 5696 1193 5750 Lxxvu,
1237 5683 1324 5739 20.
1405 5683 1446 5714 ⁶¹
1478 5684 1547 5738 al.
1596 5682 1762 5739 inscr.
1817 5681 2047 5738 ἑστῶτα.
2139 5681 2352 5738 "deest
2393 5683 2444 5738 in
2496 5684 2567 5737 al.
2650 5684 2774 5728 ⁶³-(ι
2808 5682 2953 5740 Psal.
2987 5700 3109 5749 xxv,
3137 5686 3190 5742 5.
