3834 6220
100 291 208 347 601

824 299 1296 371 ιοιΕΜΕΝΤιΝΑ.
1327 303 1738 367 -ἝΡΙΤΟΜΕ
1776 312 1865 368 DE
1903 314 2148 370 GESTIS
2186 315 2240 370 S.
2281 315 2506 374 PETRI.

3259 328 3363 383 609

98 408 201 458 καὶ
230 407 408 461 πολλά
438 409 529 463 ἐπὶ
560 409 639 481 τῷ
668 411 829 466 πάθει
856 418 951 470 καὶ
972 418 1124 472 αὐτοὶ
1147 421 1439 491 ἐκχέαντες
1462 423 1662 495 δάκρυα

1794 427 1905 497 jam
1948 428 2263 497 confectos,
2306 418 2627 504 multasque
2668 444 2891 505 propter
2914 451 3119 513 _casum
3165 448 3220 495 et
3260 441 3361 510 ipsi

98 500 575 571 παρεμυθήσαντό
614 521 674 556 τε
716 506 943 573 αὑτοὺς,
987 511 1080 563 καὶ
1112 513 1321 580 ὑφεῖναι
1348 510 1448 585 τῆς
1478 519 1695 588 μακρᾶς

94 587 292 660 λύπης
317 590 595 660 ἐποίησαν.
615 592 772 646 Ἀλλά
805 595 942 667 πρὸς
963 598 1061 668 τὴν
1084 598 1258 653 οἰκίαν
1284 600 1502 654 ἐκείνων
1532 604 1695 655 ἐπαν-

97 678 409 743 ελθόντων,
458 683 642 753 μεῖζον
675 686 769 738 καὶ
825 686 985 741 πάλιν
1020 689 1079 742 τὸ
1112 690 1282 754 πάθος
1313 693 1554 760 ἐγίνετο,
1598 693 1692 746 καὶ

98 770 329 840 ἱμάτιον
351 771 513 841 όφθὲν
538 773 633 826 τοῦ
659 776 866 841 παιδὸς,
896 778 1006 832 εἴτε
1028 780 1149 833 τινὰ
1174 780 1284 833 τῶν
1313 782 1505 852 ἐκείνῳ
1530 784 1691 854 συνή-

97 862 215 914 θων
240 865 326 925 εἰς
353 865 571 938 μνήμην
592 870 707 931 τοῖς
737 870 1008 941 πατράσιν
1038 870 1277 939 ἐλθόντα,
1307 874 1689 945 χαλεπωτέραν

92 954 294 1019 αὑτοῖς
322 957 498 1010 ὲποίει
520 957 620 1030 τὴν
648 963 951 1034 συμφοράν.

166 1133 487 1189 CLXXVII.
499 1136 604 1190 Τοῦ
620 1139 866 1192 ἐνιαυτοῦ
881 1140 938 1193 δὲ
954 1140 1053 1212 ἥδη
1071 1142 1462 1213 περιελθόντος,
1480 1146 1687 1219 καὶτῆς

91 1224 366 1298 λαμπρᾶς
379 1228 570 1299 ἑορτῆς
580 1231 671 1283 ὲκε
679 1230 793 1303 ίνης
801 1231 1029 1301 ἄγεσθαι
1040 1233 1201 1287 πάλιν
1216 1234 1529 1308 μελλούσης,
1542 1238 1687 1292 ἐκέν-

87 1334 177 1371 τει
210 1335 278 1371 τε
309 1320 506 1384 αὐτοὺς
532 1323 626 1374 ἐπὶ
660 1323 818 1377 πλέον
849 1324 911 1378 τὸ
951 1325 1153 1391 πάθος,
1204 1328 1297 1380 καί
1329 1329 1683 1402 σφοδρότερον

1800 521 2065 590 lacrymas
2102 521 2525 590 profundentes,
2553 530 2817 583 consolati
2844 538 2972 585 sunt
2996 546 3125 593 eos,
3165 531 3361 587 cffecc-

1794 621 2029 681 runtque
2059 623 2116 667 ut
2138 614 2203 668 de
2228 631 2425 686 magno
2458 618 2828 691 diuturnoque
2858 638 3092 677 maerore
3121 625 3361 679 remitte“

1792 713 1936 759 rent.
1988 704 2187 760 Verum
2239 720 2526 779 postquam
2581 711 2659 766 illi
2711 714 2935 769 domum
2994 725 3358 784 revencrunt,

1793 794 1990 849 iterum
2026 807 2079 851 et
2106 798 2283 868 major
2309 802 2575 870 aegritudo
2603 812 2722 857 orta
2750 816 2872 873 est;
2903 816 3064 876 atque
3094 808 3211 862 visa
3246 809 3356 863 nati

1791 887 1993 946 vestis.
2039 889 2153 943 sive
2200 891 2446 959 qutedam
2492 909 2614 961 quae
2654 894 2728 947 illi
2779 895 3068 950 familiaria
3112 907 3268 951 erant
3302 899 3354 951 in

1788 987 2074 1045 parentum
2103 984 2419 1036 memoriam
2448 988 2802 1051 recurrentia,
2831 988 3196 1043 molestiorem
3224 990 3355 1059 ipsis

1787 1067 2083 1122 reddebant
2104 1070 2394 1137 jacturam.

1855 1157 2159 1216 CLXXVII.
2207 1162 2475 1219 Creterum
2531 1180 2675 1221 anno
2724 1167 2835 1235 jam
2891 1167 3171 1232 confecto,
3226 1185 3351 1223 cum

1786 1245 2128 1315 splendidum
2164 1251 2293 1305 illud
2334 1251 2528 1307 festum
2582 1254 2776 1309 iterum
2823 1257 3133 1326 agitandum
3170 1270 3349 1324 esset,

1786 1336 1936 1406 ipsos
1978 1340 2151 1394 multo
2191 1344 2365 1412 magis
2406 1346 2679 1414 pungebat
2706 1357 2759 1400 et
2783 1349 3131 1403 excruciabat
3159 1349 3348 1416 dolor,

90 1408 266 1462 πάλιν
292 1410 387 1463 τοῦ
418 1411 603 1475 παιδὸς
630 1414 1023 1487 ἀνεμίμνησκε.
1053 1419 1162 1471 Καὶ
1184 1420 1319 1491 δῆτα
1353 1422 1491 1492 πρὸς
1516 1423 1662 1495 ἀλλή-

1783 1430 2268 1502 vehementiusque
2326 1450 2545 1489 rursum
2602 1437 2755 1506 pueri
2816 1440 3133 1493 memoriam
3190 1455 3350 1495 revo-

87 1498 256 1566 λους,
293 1504 520 1575 Ἴωμεν,
563 1507 728 1575 φασὶ,
768 1509 903 1579 πρὸς
930 1509 1023 1562 τὸν
1062 1510 1263 1580 τάφον·
1303 1512 1499 1584 ἴδωμεν
1537 1516 1591 1568 εί
1626 1533 1657 1569 τ

1783 1521 1959 1575 cabat.
1983 1498 2338 1592 Itaque—inter
2369 1542 2427 1581 se
2459 1498 2649 1582 aiunt:
2690 1528 2891 1585 Eamus
2912 1530 2978 1583 ad
3003 1533 3347 1599 sepulcrum:

85 1591 186 1644 τοῦ
228 1593 418 1657 παιδὸς
456 1596 831 1652 ὑπολέλειπται
875 1599 1143 1671 λείψανον,
1177 1602 1232 1656 εί
1263 1621 1379 1667 πως
1419 1604 1521 1658 κᾶν
1548 1607 1662 1660 αὑτὲ

1780 1610 2063 1667 videamus
2102 1630 2232 1667 num
2267 1616 2463 1684 aliqua:
2517 1616 2611 1671 lilii
2662 1619 2904 1688 reliquia:
2956 1622 3263 1689 supersint,
3302 1622 3347 1676 si

87 1684 462 1754 κομιούμεθα.
508 1687 691 1741 Ταῦτα
736 1690 829 1743 καὶ
871 1692 971 1744 ὅσα
1013 1693 1107 1747 τοῦ
1148 1694 1354 1758 πάθους
1386 1696 1520 1767 πρὸς
1546 1697 1662 1749 ἐαυ-

1782 1718 1892 1772 qtto
1915 1713 2075 1773 pacto
2103 1716 2157 1760 et
2190 1707 2310 1763 illas
2344 1719 2704 1778 asportemus.
2762 1684 2886 1767 llaec
2920 1723 2972 1767 ct
3012 1684 3349 1783 quaecunque

83 1772 219 1834 τοὺς
249 1775 777 1849 κοινολογησάμενοι,
806 1783 1159 1855 προέρχονται
1186 1785 1287 1855 τῆς
1341 1764 1519 1849 οίκίας
1547 1804 1662 1840 πεν-

1799 1764 1814 1772 -
1915 1764 1932 1773 -
2411 1764 2422 1778 ,
2662 1764 2699 1766 φ
2928 1764 2970 1767 η
3017 1764 3346 1783 τηηήη

1777 1800 2032 1855 maestitia
2066 1805 2390 1872 suggerebat
2425 1805 2567 1859 inter
2593 1822 2651 1861 se
2679 1808 2968 1875 collocuti,
3014 1810 3178 1863 domo
3218 1824 3347 1877 pro-

87 1864 268 1930 θικῶς
310 1869 734 1942 ἐσκευασμένοι,
778 1875 874 1927 καὶ
915 1875 1015 1938 τὰς
1055 1876 1277 1948 ὁράσεις
1305 1878 1410 1932 ὑπὸ
1441 1880 1551 1932 τῶν
1578 1880 1673 1933 δα-

86 1960 283 2030 κρύων
331 1963 717 2035 ὲκτετηκὸτες,
769 1968 864 2021 καὶ
910 1968 1065 2050 παρά
1110 1969 1203 2022 τὸν
1256 1972 1501 2039 αἰγιαλὸν
1550 1973 1676 2041 ἀφι-

84 2053 369 2109 κνοῦνται.
403 2057 511 2110 Καὶ
541 2058 814 2130 ὑποχωρεῖ
841 2061 939 2131 μὲν
963 2061 1165 2126 εὐθέως
1193 2065 1226 2135 ἡ
1266 2062 1508 2119 θάλασσα
1526 2107 1540 2131 ,
1573 2067 1675 2137 τῆς

84 2142 435 2213 προθεσμίας
485 2146 912 2218 καταλαϐούσης.
976 2148 1349 2203 Ἀκολουθοῦσι
1406 2150 1464 2203 δὲ
1521 2152 1674 2205 αὐτοὶ

82 2236 321 2306 πρῶτοι,
352 2237 446 2289 καὶ
490 2237 626 2307 μετά
665 2239 832 2303 πόδας
877 2240 1055 2311 ἕτεροι
1099 2241 1280 2305 πάλιν,
1322 2245 1388 2313 τῇ
1427 2242 1672 2317 θαλάσσῃ

81 2324 345 2397 καθάπερ
378 2326 554 2397 ὁδηγῷ
591 2327 880 2400 χρώμενοι.
916 2331 1027 2383 Kal.
1056 2331 1147 2385 τὸν
1178 2333 1496 2403 αὐτομάτως
1529 2336 1672 2388 οἰκο-

79 2417 392 2488 δομηθέντα
430 2420 557 2473 ναὸν
595 2422 839 2486 ἐκεῖνον,
888 2422 1085 2494 μᾶλλον
1133 2424 1191 2478 δὲ
1239 2425 1342 2478 ὑπὸ
1385 2426 1483 2496 τῆς
1530 2426 1667 2496 σῆς,

78 2509 356 2573 Δέσποτα,
389 2510 580 2579 σοφίας
602 2510 663 2582 δη
673 2528 793 2582 μιου
804 2513 1070 2584 ργηθέντα
1092 2514 1505 2578 καταλαϐόντες,
1533 2516 1671 2587 ὀρῶ-

80 2614 139 2649 σι
198 2598 263 2650 τὸ
323 2599 556 2663 παιδίον,
602 2601 648 2654 ὢ
676 2601 770 2655 τοῦ
810 2603 1114 2675 θαύματοςί
1158 2604 1265 2670 ζῶν
1306 2608 1399 2659 καὶ
1443 2606 1705 2678 ἀλλόμε-³

79 2706 176 2740 νον
208 2688 323 2760 (26)
368 2690 520 2761 παρὰ
544 2691 622 2763 τῷ
646 2692 908 2764 meum
927 2695 1141 2767 πρῶτον
1162 2696 1208 2728 ’⁸
1228 2696 1326 2768 μὲν
1354 2697 1668 2767 ἀμφιϐόλως

79 2775 231 2848 εἶχον
265 2781 401 2851 πρὸς
431 2779 501 2834 τά
531 2782 816 2853 ὁρώμενα,
860 2783 1195 2857 λογιζόμενοι
1232 2788 1306 2858 μὴ
1332 2789 1432 2859 οὑχ
1471 2790 1498 2842 ὁ
1536 2791 1667 2853 παῖς

78 2870 112 2947 ᾗ
142 2875 205 2927 τὸ
230 2876 575 2947 φαινόμενον.
620 2878 771 2931 Ἐπεὶ
808 2878 864 2931 δὲ
905 2881 1001 2933 καὶ
1037 2884 1149 2944 τοῖς
1185 2884 1530 2955 γνωρίσμασι
1573 2886 1665 2939 καὶ

78 2970 196 3029 τοῖς
227 2969 468 3039 σχήμασι
509 2970 771 3024 πάντοθεν
802 2972 883 3035 είς
912 2973 1092 3025 πίστιν
1112 2975 1310 3038 αὐτοὺς
1346 2976 1408 3028 τὸ
1452 2976 1662 3030 παιδίον

79 3060 241 3129 ἐνῆγε
264 3099 279 3122 ,
317 3062 411 3113 καὶ
436 3060 625 3115 τοῦτον
650 3063 854 3116 ἐκεῖνον
881 3059 1019 3117 εἶναι
1043 3065 1134 3117 τὸν
1161 3067 1275 3119 υἱὸν
1302 3067 1658 3133 ἐπίστευσαν,

78 3148 468 3219 περιχυθέντες
494 3152 696 3216 εὐθέως
723 3152 892 3224 αὐτῷ,
925 3156 1015 3208 καὶ
1044 3154 1354 3227 ὀφθαλμοὺς
1385 3159 1478 3211 καὶ
1505 3159 1655 3231 χείλη

78 3240 441 3310 προσφύντες,
478 3243 689 3297 ἔκλαιόν
720 3262 779 3300 τε
809 3245 967 3317 μέχρι
998 3248 1191 3301 πολλοῦ
1211 3288 1226 3311 ,
1254 3248 1322 3302 τὰ
1354 3250 1557 3318 γλυκέα
1592 3252 1656 3325 δὴ

75 3334 253 3387 ταῦτα
281 3335 371 3403 ὑφ’
398 3336 589 3406 ἡδονῆς
614 3338 932 3409 προχέοντες
951 3340 996 3370 ⁷⁸
1023 3339 1231 3412 δάκρυα
1256 3381 1271 3405 ,
1316 3343 1409 3395 καὶ
1442 3341 1658 3414 θερμῶς

79 3426 241 3479 αὑτὸν
272 3426 466 3499 ὥσπερ
492 3432 670 3501 γυμνῇ
702 3434 766 3501 τῇ
794 3430 938 3502 ψυχῇ
973 3433 1315 3501 κατεφίλουν.

150 3517 283 3572 CLX
296 3518 334 3570 Χ
345 3517 453 3571 Vlll
465 3561 477 3573 .
499 3522 728 3574 Ἔπειτα
748 3523 941 3594 μικρὸν
956 3526 1183 3587 ἑαυτοὺς
1199 3525 1576 3590 ἀναλαϐόντες,
1593 3528 1657 3598 ὴ-

83 3609 269 3681 ρὼτων
288 3609 530 3679 ἀκριϐῶς
546 3611 750 3666 ἕκαστα
769 3614 830 3666 τὸ
851 3616 1077 3680 παιδίον,
1096 3618 1243 3680 ὅπως
1260 3616 1402 3671 οὑτω
1417 3619 1655 3689 παραδό-

80 3703 183 3769 ξως
193 3704 271 3756 διε
278 3704 527 3775 σώθη⁷⁶,τ
536 3705 642 3769 ίνος
655 3725 689 3775 φ
698 3705 1031 3771 υλάττοντος,
1044 3709 1187 3772 τίνος
1196 3709 1501 3780 τρέφοντος,
1514 3711 1658 3777 τίνος

79 3792 406 3857 θάλποντος,
448 3795 592 3859 τίνος
629 3795 1036 3864 ζωογονοῦντος.
1074 3797 1147 3849 Τὸ
1182 3798 1267 3870 δὴ,
1295 3800 1361 3869 τῇ
1404 3800 1501 3869 μὲν
1531 3800 1658 3871 λαιᾷ

77 3884 220 3954 χειρὶ
246 3884 347 3955 τὴν
376 3886 532 3956 σορὸν
556 3887 805 3957 κατέχον,
848 3887 1052 3959 θατέρᾳ
1078 3887 1134 3941 δὲ
1163 3890 1255 3943 τὸν
1281 3891 1337 3943 ὲν
1364 3891 1502 3961 αὐτῇ
1541 3891 1654 3945 κεί-

82 3994 241 4047 μενον
266 3976 636 4041 ὑποδεικνύον,
667 3974 834 4042 Οὗτός
862 3995 951 4050 μοι
981 3980 1075 4032 καὶ
1099 3979 1199 4050 τῆς
1223 3980 1368 4052 ζωῆς
1395 3982 1653 4053 πάροχος,

78 4070 230 4138 ἔλεγε
250 4109 265 4133 ,
293 4070 389 4123 καὶ
413 4070 646 4140 τροφεὺς
665 4109 679 4133 ,
708 4071 801 4122 καὶ
825 4069 1031 4139 φύλαξ,
1059 4072 1189 4142 παρ’
1212 4072 1391 4143 ἑαυτῷ
1418 4076 1656 4143 γνησίως

77 4164 161 4216 ἀεί
186 4178 254 4233 με
280 4160 466 4231 τηρῶν
496 4162 590 4215 καὶ
614 4161 793 4224 καλῶς
828 4162 1227 4234 τιθηνούμενος.
1271 4163 1520 4234 Θαύματι
1558 4162 1653 4220 οὖν

76 4256 124 4306 οἱ
166 4252 420 4314 τεκόντες
461 4252 756 4323 ἀπορρήτῳ
804 4252 900 4305 σὺν
947 4252 1106 4323 ἡδονῇ
1153 4250 1481 4321 ληφθέντες,
1528 4257 1655 4319 τοὺς

77 4344 376 4418 προτέρους
423 4342 652 4415 θρήνους
697 4344 792 4396 καὶ
835 4343 904 4396 τὰ
954 4343 1252 4415 σκυθρωπά
1306 4346 1401 4398 τοῦ
1449 4348 1654 4413 πάθους

1776 1891 1979 1957 deunt,
2018 1894 2233 1965 lugubri
2279 1907 2510 1960 ornatu,
2549 1899 2831 1969 oculisque
2880 1900 3244 1969 lacrymarum
3291 1900 3346 1955 vi

1775 1983 2147 2053 liquentibus;
2188 1996 2351 2057 atque
2382 1989 2446 2042 ad
2479 1989 2630 2043 littus
2659 1995 2997 2060 perveniunt.
3031 1992 3097 2046 Et
3126 1994 3343 2063 quidem

1774 2076 1959 2130 statim
1988 2077 2194 2133 recedit
2222 2095 2394 2146 mare,
2424 2082 2760 2149 praestitutus
2787 2083 2904 2138 dies
2936 2099 3058 2137 cum
3092 2084 3331 2138 advenis

1773 2174 1875 2222 set.
1917 2166 2233 2238 Sequuntur
2263 2180 2443 2225 autem
2480 2173 2557 2225 illi
2602 2173 2802 2242 primi,
2844 2182 3005 2244 atque.
3042 2189 3072 2228 e
3116 2174 3344 2244 vestigio

1771 2260 1861 2313 alii
1890 2261 2094 2326 denuo,
2124 2263 2263 2316 mari
2294 2271 2552 2332 tanquam
2588 2265 2798 2319 itineris
2829 2266 2968 2320 duce
2999 2275 3235 2320 utentes.
3264 2267 3344 2321 Ac

1770 2354 2031 2422 templum
2058 2354 2191 2408 illud
2217 2371 2314 2409 sua
2339 2367 2532 2425 sponte
2559 2358 2883 2413 aedificatum
2908 2397 2924 2422 ,
2969 2359 3080 2412 imo
3131 2374 3161 2412 a
3215 2366 3303 2411 tua
3322 2400 3338 2424 ,

1770 2442 2032 2512 Domine,
2076 2446 2338 2515 sapientia
2370 2448 2649 2501 conditum
2697 2449 3058 2517 attingentes,
3106 2455 3341 2502 cernunt

1767 2549 1996 2602 puerum
2024 2575 2038 2599 ,
2071 2552 2105 2590 ο
2133 2538 2490 2592 miraculum!
2519 2539 2702 2593 vivum
2729 2547 2783 2593 et
2810 2540 3089 2594 salientem
3120 2538 3172 2591 in
3201 2548 3340 2592 tem-

1767 2626 1875 2694 plo.
1913 2624 1980 2680 Et
2009 2627 2187 2696 primo
2216 2630 2433 2698 quidem
2460 2631 2527 2684 de
2557 2630 2624 2685 iis
2659 2646 2782 2700 quae
2820 2631 3182 2684 cernebantur
3220 2645 3339 2683 am-

1765 2714 2043 2784 bigebant,
2076 2726 2392 2786 reputantes
2421 2735 2547 2773 num
2578 2721 2720 2774 tilius
2746 2729 2889 2775 esset
2921 2721 2969 2774 id
2994 2722 3138 2789 quod
3170 2735 3343 2789 appa-

1764 2812 1928 2859 reret.
1987 2804 2284 2876 Postquam
2335 2825 2465 2864 vero
2520 2810 2738 2865 indiciis
2794 2821 2847 2865 et
2903 2812 3145 2881 gestibus
3202 2825 3341 2880 puer

1764 2897 1992 2951 omnino
2020 2898 2102 2953 eis
2129 2899 2288 2953 fidem
2328 2900 2472 2967 fecit,
2500 2902 2756 2973 buncque
2786 2903 2964 2972 ipsum
3005 2918 3125 2957 esse
3162 2904 3334 2956 tilium

1762 2987 2147 3054 crediderunt,
2177 2988 2466 3043 confestim
2501 2991 2737 3060 amplexi
2767 3006 2891 3045 eum
2914 3032 2928 3056 ,
2967 2998 3021 3045 et
3064 2990 3240 3044 oculis
3271 3004 3336 3044 ac

1763 3078 1933 3133 labris
1968 3079 2308 3134 adhaerentes
2333 3122 2347 3147 ,
2377 3080 2643 3136 fleverunt
2687 3076 2779 3136 diu
2805 3124 2820 3148 ,
2855 3083 2940 3137 Itis
2973 3083 3223 3137 dulcibus
3254 3083 3335 3136 la-

1761 3168 1965 3238 crymis
2012 3184 2123 3239 pra:
2175 3170 2375 3239 gaudio
2421 3170 2646 3237 effusis,
2698 3188 2935 3242 eumque
2984 3173 3335 3228 vehementer

1760 3262 1917 3331 quasi
1944 3264 2093 3318 nudo
2124 3264 2310 3318 animo
2333 3265 2634 3321 deosculati
2661 3274 2807 3321 sunt.

1830 3528 2160 3588 CLXXVIII.
2195 3528 2398 3583 Deinde
2436 3544 2558 3583 cum
2593 3529 2816 3598 paulum
2850 3528 3201 3599 collegissent
3233 3543 3326 3596 se,

1756 3621 1970 3689 singula
2010 3622 2295 3691 diligenter
2326 3628 2587 3690 rogarunt
2616 3635 2843 3689 puerum
2864 3663 2879 3687 ,
2911 3635 3020 3689 quo
3047 3619 3212 3673 modo
3252 3619 3327 3673 ita

1757 3712 2080 3767 mirabiliter
2108 3718 2357 3766 servatus
2392 3708 2619 3774 fuisset,
2664 3724 2774 3778 quo
2805 3709 3143 3763 custodiente
3164 3749 3179 3775 ,
3216 3723 3328 3778 quo

1757 3802 2068 3865 nutriente,
2116 3815 2225 3870 quo
2270 3798 2520 3866 fovente,
2559 3813 2670 3867 quo
2708 3799 2873 3852 vitam
2913 3808 3221 3868 praestante.
3258 3798 3328 3852 At

1757 3894 1847 3948 ille
1871 3894 2003 3947 lzeva
2032 3892 2252 3961 quidem
2286 3905 2447 3943 manu
2477 3889 2714 3944 loculum
2750 3897 2962 3955 tenens,
2991 3889 3159 3944 altera
3195 3905 3326 3944 vero

1758 3986 1815 4037 in
1841 4000 1906 4039 eo
1931 3984 2202 4053 jacentem
2233 3983 2550 4036 ostendens:
2579 3981 2677 4036 Hic
2705 3982 2858 4047 mihi,
2893 3981 3088 4050 inquit,
3121 3989 3174 4035 et
3203 3982 3327 4036 vita:

1756 4076 2001 4147 largitor,
2029 4084 2082 4129 et
2113 4074 2293 4137 aliter,
2324 4081 2377 4128 et
2400 4080 2586 4127 custos
2619 4072 2757 4138 fuit,
2794 4072 2934 4141 apud
2966 4088 3024 4126 se
3052 4087 3178 4126 vere
3201 4087 3326 4141 per-

1755 4176 1919 4239 petuo
1946 4183 2032 4221 me
2067 4182 2403 4222 conservans
2432 4182 2495 4221 ac
2522 4167 2782 4236 prteclare
2820 4165 3119 4220 enutricns.
3161 4163 3328 4218 Mira-

1757 4261 1882 4316 culo
1940 4260 2105 4330 igitur
2156 4259 2508 4314 inenarrabili
2558 4268 2811 4327 parentes
2867 4274 2991 4312 cum
3047 4256 3325 4325 voluptate

1756 4355 1932 4423 capti,
1956 4354 2193 4407 lamenta
2231 4353 2434 4422 priora,
2467 4360 2521 4406 et
2552 4352 2725 4405 tristia
2763 4351 2854 4404 illa
2884 4349 3090 4403 doloris
3119 4349 3282 4403 verba
3303 4388 3321 4415 ,

78 4439 258 4489 ἐκεῖνα
286 4438 527 4507 ῥήματα,
552 4437 632 4497 είς
656 4434 983 4506 φαιδρότητα
1007 4436 1100 4489 καὶ
1124 4436 1469 4508 εὐχαριστίαν
1494 4440 1652 4510 μετέ-

1778 4462 1810 4498 η
1841 4445 2173 4499 hilaritatem
2205 4453 2259 4499 et
2288 4444 2585 4516 gratiarum
2628 4444 2898 4497 actionem
2937 4448 3320 4504 mutaverunt,

78 4529 256 4591 ϐαλον,
274 4527 648 4597 Θαυμαστὸς,
682 4528 951 4596 λέγοντες,
982 4531 1014 4581 ό
1041 4529 1185 4594 Θεὸς
1215 4529 1284 4581 ὲν
1308 4530 1431 4596 τοῖς
1459 4532 1650 4600 ἁγίοις

1774 4538 2031 4594 licentes:
2077 4536 2343 4590 Mirabilis
2375 4536 2515 4589 Deus
2548 4536 2602 4589 in
2632 4536 2828 4589 sanctis
2867 4534 2977 4587 suis
3000 4534 3043 4564 ⁷⁷
3056 4548 3076 4596 ;
3112 4542 3165 4586 et
3192 4548 3322 4585 con-

76 4621 278 4685 adtoﬁ,
303 4621 399 4674 καὶ
412 4621 513 4674 ὅσα
529 4618 653 4690 ἑξῆς
668 4618 1067 4690 προστιθέντες.
1100 4620 1518 4692 Ἐπανέρχονται
1540 4623 1651 4677 τοί-

1774 4629 2037 4698 sequentia
2094 4627 2375 4680 addentes.
2430 4624 2618 4694 itaque
2668 4625 2811 4679 beati
2858 4638 2923 4677 ac
2974 4622 3322 4677 aemulatione

78 4732 165 4766 νυν
210 4713 471 4785 μακάριοι
507 4713 602 4765 καὶ
644 4711 875 4781 ζηλωτοὶ
921 4711 1057 4783 πρὸς
1098 4711 1195 4782 τὴν
1234 4714 1441 4766 οίκίαν’
1486 4713 1544 4767 ὃν
1573 4715 1649 4779 ὡς

1774 4719 1901 4789 ligni
1926 4718 2152 4771 redeunt
2184 4717 2407 4771 domum
2434 4733 2447 4770 :
2477 4730 2637 4784 quem
2663 4724 2721 4768 ut
2742 4723 3015 4768 mortuum
3041 4713 3317 4782 lugebant,

77 4805 263 4878 νεκρὸν
291 4803 570 4867 ἐπένθουν,
597 4804 690 4856 καὶ
716 4802 888 4870 τάφον
925 4802 1073 4873 αὑτῷ
1098 4802 1379 4857 θαλαττίου
1407 4806 1647 4877 γαστέρα

1774 4817 1806 4861 :t
1832 4807 1920 4861 cui
1953 4807 2262 4876 sepulcrum
2292 4821 2414 4859 esse
2441 4814 2682 4858 ventrem
2716 4804 2906 4858 bellua!
2934 4803 3159 4857 marina:
3179 4816 3319 4871 prte-

1376 4942 1612 4997 VARIZE
1653 4942 2049 4999 LECTIONES.

1271 5035 1316 5065 "
1353 5035 1427 5087 al.
1493 5035 1823 5107 περιεσώθη.
1900 5037 1945 5069 ’⁷
1977 5037 2123 5091 Psal.
2162 5037 2442 5101 van,56.

1402 5175 1765 5234 VARIORUM
1811 5178 2038 5234 NOTAE.

141 5263 253 5331 (26)
298 5264 704 5345 λᾋλλόμεγρν.
741 5264 816 5319 Ex
849 5266 1151 5345 Εξριιῐιιῐξηειοζ
1171 5268 1253 5345 At
1279 5268 1639 5345 Niceplrorus,
1747 5276 1926 5339 t'isset,
1958 5276 2246 5327 excitatum
2276 5273 2539 5345 velociter,
2574 5273 2927 5340 spectantibus
2960 5276 3185 5345 populis,
3225 5276 3309 5329 in-

78 5333 529 5413 παρακαθῆμενον
572 5334 822 5413 λάρνακι.
872 5333 935 5413 In
976 5353 1078 5391 ms.
1108 5338 1252 5413 2421
1283 5380 1303 5413 ,_
1341 5333 1500 5413 ὲν-τῇ
1541 5333 1636 5392 τοῦ
1744 5333 2001 5398 columem
2048 5346 2232 5398 levavit
2265 5346 2319 5396 in
2349 5343 2489 5396 ulnis
2512 5333 2537 5405 ,⁷
2568 5333 2897 5413 interrogans
2928 5333 3065 5398 inter
3093 5333 3303 5408 oscula,

85 5374 525 5405 ..ύμαηυυνιγννννν
572 5374 822 5405 ιιωγνυυηη
872 5374 928 5389 ιιι
976 5374 1078 5391 IIICI.
1124 5374 1252 5391 6⁵181
1283 5380 1297 5403 φ
1341 5374 1396 5391 ὗν
1446 5374 1500 5408 5”
1552 5374 1636 5392 νυν
1744 5374 2001 5398 ιυιιυιιϋυι
2048 5374 2232 5398 ισυιιιίι
2266 5374 2319 5396 ιιι
2351 5374 2525 5405 αιιιιο,
2569 5374 2897 5413 ιηιειιυθιιηο
2929 5374 3054 5398 υητι
3093 5374 3303 5408 υδιαια,

77 5374 574 5484 ἁγίου.καθῄμενον
608 5406 856 5484 λάρνακι.
896 5405 1225 5484 Gregorius,
1269 5409 1631 5484 dormientem.
1742 5416 1831 5467 ubi
1867 5431 1959 5483 per
1987 5418 2113 5468 anni
2146 5416 2333 5484 [uisset
2361 5414 2556 5481 spatia.
2594 5413 2813 5466 Nescire
2842 5431 2895 5467 se
2925 5417 3021 5479 ait,
3052 5416 3099 5467 si
3136 5432 3303 5467 annus

80 5474 275 5543 Aspicit
306 5476 479 5555 [illum
508 5474 654 5555 inneo
682 5474 799 5528 loco
819 5517 833 5539 ,
863 5476 953 5529 ubi
980 5474 1098 5555 eum
1129 5478 1472 5555 dg‘rntientem
1504 5479 1623 5531 reli-
1739 5474 1941 5554 integer
1974 5474 2320 5555 prwteriisset
2340 5499 2358 5536 :
2388 5474 2610 5555 'tantum
2642 5485 2906 5555 dormiisse
2937 5474 3085 5536 suavi
3122 5500 3302 5552 sopore

78 5552 276 5613 qmrat,
300 5546 354 5596 in
378 5546 493 5624 ipso
517 5546 690 5598 adhuc
714 5548 1108 5624 sopore-teneri.
1135 5547 1434 5624 AEstimans
1457 5558 1632 5624 autem
1736 5558 1789 5607 in
1819 5546 1984 5611 unius
2008 5558 2175 5610 noctis
2206 5555 2377 5624 spatio
2422 5554 2741 5609 a'ttimabat.
2795 5553 2885 5608 Sic
2924 5562 3077 5609 vetus
3112 5570 3136 5608 ς
3162 5546 3298 5607 illex.

79 5632 189 5667 eum
220 5630 329 5686 esse
357 5613 683 5682 defunctum,
714 5618 931 5669 accessit
973 5618 1230 5679 cominus,
1262 5620 1414 5686 quasi
1443 5618 1632 5670 collec-
1733 5627 1871 5680 (ιοτ,

82 5696 195 5738 tura
220 5684 443 5738 cadaver
465 5687 703 5740 exanime
722 5704 740 5741 :
768 5688 856 5741 sed
888 5703 1004 5742 cum
1033 5703 1151 5740 eum
1182 5684 1411 5742 dormire
1438 5704 1628 5759 cogno-

176 5034 223 5067 ⁷⁸
244 5035 317 5089 al.
359 5033 571 5107 πρῶτα.
664 5034 709 5064 ⁷⁵
755 5032 826 5086 al.
892 5032 1196 5101 ἐκχέοντες.
