3834 6220
29 299 119 352 ιο5
1483 311 1883 367 LITURGICA.
3179 319 3280 370 606

595 483 1178 575 LITUBGIA
1265 487 1359 576 S.
1445 487 2122 579 CLEMENTIS
2205 488 2714 582 ROMANI.

386 678 627 735 Primum
664 681 853 737 Oratio
882 693 1002 736 ante
1032 683 1248 738 Pacem.
1639 687 1685 743 A
1716 700 1845 738 num
1893 695 2230 740 nostrarum.
2264 684 2433 738 Indue
2476 700 2578 737 nos
2617 684 2754 737 stola
2804 698 2946 735 nova
2990 693 3275 740 intertexta

89 770 243 826 Deus
269 772 362 841 qui
387 789 445 827 es
475 788 625 827 mare
658 773 928 827 ineffabile
956 775 1259 840 charitatis,
1285 784 1339 830 et
1366 776 1600 847 abyssus
1704 785 1903 831 ornatu
1937 795 2149 832 morum
2186 779 2538 831 honestorum
2570 785 2661 829 :et
2694 791 2788 844 per
2825 774 3087 843 Spiritum
3122 785 3273 831 tuum

37 864 524 931 mperscrutahilis
553 864 726 932 pacis,
760 863 882 917 fons
932 865 1226 931 bonorum,
1273 876 1325 921 et
1373 868 1601 937 largitor
1704 878 1952 923 sanctum
1984 871 2349 939 perﬁcientem
2381 869 2586 933 omnia,
2614 869 2704 938 qui
2739 868 2790 920 in
2818 868 3075 921 omnibus
3123 884 3277 922 men-

30 954 353 1019 lileetionis,
383 956 477 1024 qui
500 955 670 1010 mittis
695 972 880 1025 pacem
907 956 975 1010 ad
1003 958 1126 1013 illos
1156 960 1250 1028 qui
1274 974 1396 1012 eam
1420 960 1601 1013 suscin
1702 962 1850 1016 tibus
1878 963 2028 1031 puris
2066 963 2299 1028 habitat,
2334 974 2384 1016 et
2426 963 2479 1015 in
2519 962 2808 1015 animabus
2845 961 3063 1014 mundis
3090 961 3274 1014 sedem

30 1045 378 1113 >iunt:aperi
411 1045 569 1101 nobis
597 1047 701 1101 hoc
725 1054 967 1115 tempore
995 1064 1145 1103 mare
1175 1050 1463 1103 charitatis
1495 1058 1601 1105 tuae
1702 1053 1891 1119 habet,
1922 1054 2205 1109 sanctiﬁca
2250 1070 2351 1107 nos
2381 1068 2478 1122 per
2526 1053 2779 1122 gratiam,
2812 1052 3270 1112 misericordiam,

30 1148 65 1191 ξι
98 1137 272 1207 irriga
297 1153 398 1192 nos
419 1137 638 1192 ﬂuentis
666 1138 976 1207 ditissimis,
1014 1157 1080 1195 ex
1114 1141 1361 1196 ubertate
1412 1143 1601 1211 gratiae
1701 1155 1754 1199 et
1787 1160 2026 1199 amorem
2078 1161 2205 1215 erga
2249 1145 2500 1199 homines
2539 1144 2801 1213 unigeniti
2848 1143 2970 1197 Filii
3016 1144 3094 1198 tui
3129 1161 3141 1197 :
3178 1160 3275 1213 per

29 1245 149 1295 .uae,
205 1240 261 1284 et
310 1244 375 1282 ex
422 1228 667 1285 fontibus
703 1232 1048 1287 suavissimis
1079 1233 1434 1303 benignitatis
1470 1243 1595 1289 tuae.
1700 1250 1861 1305 quem
1890 1246 1940 1289 et
1964 1251 2086 1290 cum
2111 1251 2221 1304 quo
2245 1245 2293 1289 te
2314 1235 2676 1306 decetgloria,
2706 1244 2811 1290 etc.

30 1318 127 1374 F‘ac
172 1335 277 1374 nos
306 1320 448 1375 ﬁlios
480 1323 892 1392 tranquillitatis
932 1334 986 1379 et
1018 1326 1261 1381 haaredes
1303 1329 1473 1396 pacis,
1508 1344 1599 1383 ac—
1771 1325 2027 1394 Populus.
2066 1326 2260 1380 Amen.

29 1410 190 1464 made
219 1411 274 1463 in
333 1411 491 1466 nobis
520 1412 697 1482 ignem
748 1414 1037 1469 charitatis
1083 1425 1210 1481 tuae,
1247 1426 1301 1470 et
1328 1416 1596 1471 fervorem
1770 1417 2063 1471 Diaconus.
2094 1418 2313 1472 Stemus
2342 1418 2614 1472 decenter.

29 1502 225 1555 umoris
257 1501 356 1556 tui.
382 1502 511 1557 Sere
542 1506 594 1556 in
614 1505 771 1559 nobis
794 1506 1044 1560 timorem
1071 1508 1597 1573 tuum,etconl‘trma
1774 1510 2026 1578 Populus.
2059 1510 2464 1566 Misericordize.

31 1591 396 1645 nlirmitatem
439 1603 680 1647 nostram
718 1594 945 1649 veritate
976 1602 1089 1649 tua.
1123 1596 1455 1669 Constringe
1495 1614 1597 1653 nos
1772 1600 2056 1657 Sacerdos.
2082 1601 2358 1656 Charitas.

30 1697 221 1747 ecum,
270 1692 323 1737 et
367 1684 650 1739 nobiscum
695 1686 953 1752 invicem,
999 1703 1130 1755 una,
1178 1690 1449 1760 ﬁrmaque
1498 1706 1596 1746 nec
1769 1692 2029 1762 Populus.
2060 1692 2276 1747 Etcum
2303 1691 2496 1761 spiritu
2531 1700 2646 1746 tuo.

29 1776 329 1832 lissolubili
364 1778 678 1832 concordia.
707 1776 913 1833 Praesta
941 1781 1109 1835 etiam
1154 1790 1215 1836 ut
1237 1783 1395 1837 vacui
1442 1783 1592 1849 dolo,
1769 1784 2046 1841 Sacerdos.
2081 1784 2311 1839 Sursum
2336 1785 2522 1839 corda.

29 1880 59 1924 et
88 1871 218 1938 puri
243 1870 312 1925 ab
335 1872 484 1925 omni
515 1871 705 1937 livore,
732 1873 1036 1928 salutemus
1064 1874 1295 1929 invicem
1324 1876 1379 1928 in
1407 1878 1596 1932 osculo
1768 1875 2025 1942 Populus.
2060 1874 2338 1929 Habemus
2370 1875 2438 1928 ad
2469 1873 2781 1928 Dominum.

29 1972 57 2015 et
72 1962 333 2031 amplexu
353 1964 500 2032 pacis
520 1972 575 2017 et
594 1963 877 2019 charitatis
897 1979 1005 2018 non
1030 1964 1261 2031 [ictam
1285 1983 1411 2022 cum
1430 1970 1594 2024 corde
1626 2021 1670 2034 _
1769 1966 2049 2019 Sacerdos.
2075 1962 2289 2019 Gratias
2317 1980 2544 2034 agamus
2576 1963 2827 2017 Domino.

29 2068 149 2105 iuro
170 2021 233 2105 .et
266 2021 446 2107 ani-ma
469 2054 697 2120 munda,
726 2054 815 2109 hic
834 2056 1053 2125 quidem
1082 2058 1444 2113 arrhabonem
1471 2060 1593 2115 vita:
1622 2021 1672 2080 Β
1765 2052 2027 2123 Populus.
2056 2053 2287 2123 Dignum
2314 2063 2368 2108 et
2393 2054 2603 2123 justum
2635 2066 2739 2108 85t-

29 2144 277 2200 nembris
308 2145 514 2199 nostris
552 2146 904 2213 misceamus,
946 2157 1001 2201 et
1031 2148 1143 2203 illic
1172 2150 1227 2202 in
1256 2149 1447 2205 futuro
1490 2168 1585 2207 sae-
1767 2144 2047 2201 Sacerdos.
2090 2145 2167 2201 Te
2217 2147 2363 2201 enim
2406 2147 2562 2201 decet
2592 2147 2765 2217 gloria
2805 2154 2859 2201 el
2901 2146 2995 2201 libi
3045 2147 3274 2201 deltelm‘

29 2236 132 2289 :ulo
161 2237 375 2291 invitati
413 2237 586 2293 simus
611 2238 678 2291 ad
712 2236 911 2293 festum
942 2240 1074 2293 illud
1124 2251 1449 2310 perpetuum
1489 2245 1591 2299 de-
1693 2238 1937 2293 laudatio
1968 2254 1980 2289 :
2013 2248 2065 2293 te
2094 2240 2250 2293 decet
2278 2240 2515 2309 hymnus
2544 2250 2597 2294 et
2628 2240 2889 2293 exaltatio
2923 2254 3271 2310 quocumque

30 2326 263 2395 iciisque
290 2325 871 2380 abundantissimum:
919 2335 977 2380 et
1004 2328 1409 2397 triumphaliter
1442 2331 1590 2385 celev-
1692 2337 1958 2398 tempore,
2005 2328 2243 2395 Patrem,
2296 2329 2517 2395 Filium,
2568 2340 2623 2385 et
2676 2330 2939 2400 Spiritum
2994 2340 3269 2397 sanctum,

30 2431 231 2470 tremus
261 2425 332 2482 te,
366 2430 399 2469 ο
426 2416 602 2482 beate,
640 2417 695 2470 in
730 2432 897 2485 regno
921 2424 1036 2483 tuo,
1067 2419 1215 2486 quod
1240 2418 1294 2471 in
1324 2430 1589 2475 aeternum
1692 2418 1863 2474 Deum
1887 2435 2099 2486 verum,
2125 2421 2291 2475 unius
2315 2431 2525 2475 natura:
2547 2422 2796 2486 excelsae,
2828 2422 2991 2475 unius
3015 2422 3271 2475 substan-

30 2519 312 2569 termanet,
345 2516 398 2562 et
423 2508 765 2579 unigenitum
798 2507 997 2563 Filium
1037 2518 1215 2571 tuum.
1238 2522 1292 2566 et
1323 2510 1587 2582 Spiritum
1707 2514 1815 2581 tiaa,
1848 2514 1942 2583 qui
1970 2514 2024 2567 in
2068 2510 2324 2567 rersonis
2364 2509 2540 2565 tribus
2567 2507 2812 2563 adoraris
2842 2516 2895 2563 et
2940 2508 3179 2567 laudaris
3209 2513 3278 2569 ab

34 2616 161 2653 num
202 2610 482 2654 sanctum.
1704 2606 1981 2669 omnibus,
2008 2619 2130 2673 quae
2156 2618 2253 2674 per
2283 2601 2599 2672 sapientiam
2634 2600 2828 2658 creasti
2856 2608 2909 2653 et
2936 2601 3222 2657 ordinasti.

74 2689 339 2759 Populus.
371 2690 567 2745 Amen.
1761 2692 2020 2747 Sacerdos
2036 2694 2242 2748 elevans
2268 2711 2463 2748 vocem.
2498 2693 2883 2749 Benedicimus
2921 2703 2971 2747 te
3006 2692 3270 2747 factorem

72 2781 361 2836 Sacerdos.
387 2781 519 2837 Pax.
1691 2788 2015 2841 saeculorum
2037 2796 2090 2841 et
2117 2799 2419 2842 creatorem
2445 2796 2791 2853 naturarum,
2814 2786 3128 2856 largitorem
3149 2785 3272 2838 vita:

71 2873 338 2942 Populus.
373 2874 438 2928 Et
464 2891 588 2931 cum
615 2878 807 2946 Spiritu
840 2888 954 2936 tuo.
1689 2886 1743 2929 et
1774 2876 2067 2930 Dominum
2088 2886 2470 2932 creaturarum
2503 2878 2798 2931 visibilium
2818 2887 2870 2932 et
2894 2877 3268 2931 invisibilium.

71 2966 368 3021 Diaconus.
403 2966 502 3023 Det
534 2972 914 3042 unusquisque
947 2988 1157 3042 pacem.
1688 2968 1823 3024 ϐαξιί
1855 2971 2140 3035 ccelorum,
2180 2981 2233 3025 et
2268 2987 2608 3042 quaecunque
2662 2972 2717 3026 in
2766 2973 2877 3026 illis
2931 2981 3081 3038 sunt,
3140 2988 3267 3027 cum

73 3058 334 3128 Populus.
368 3058 591 3117 Omnes.
1688 3061 1903 3115 naturis
1942 3062 2118 3131 igneis
2149 3071 2203 3116 et
2236 3064 2617 3132 spiritualibus
2656 3074 2707 3118 te
2739 3064 3068 3135 glorilicant.
3100 3063 3271 3119 Solet

70 3149 370 3205 Diaconus.
405 3150 557 3218 Post,
588 3162 693 3208 etc.
1689 3150 1818 3205 luna
1849 3152 2110 3207 cursibus
2141 3155 2259 3207 suis
2298 3163 2348 3208 te
2373 3165 2707 3210 venerantur
2739 3173 2752 3208 :
2779 3157 2950 3210 stellae
2978 3156 3271 3225 splendore

70 3239 336 3309 Populus.
367 3241 566 3297 Coram
582 3254 635 3299 te
659 3244 908 3303 Domine,
1689 3258 1793 3297 suo
1825 3253 1875 3299 te
1904 3247 2207 3313 praedicant
2238 3265 2250 3298 :
2290 3246 2537 3301 tonitrua
2570 3247 2721 3302 sonis
2752 3248 2868 3301 suis
2913 3255 3143 3310 terrent,
3195 3248 3265 3301 ad

70 3330 333 3385 Sacerdos
382 3332 589 3388 elevans
633 3352 828 3390 vocem.
880 3337 1026 3392 Deus
1058 3337 1373 3403 invisibilis,
1406 3344 1459 3391 et
1500 3337 1583 3389 in-
1610 3360 1656 3422 ο
1692 3335 2007 3389 mandatum
2055 3346 2210 3390 tuum
2241 3355 2253 3390 :
2282 3348 2465 3392 motus
2514 3338 2568 3390 in
2618 3352 2744 3391 aere
2797 3338 3053 3391 virtutem
3112 3347 3263 3391 tuam

29 3424 539 3492 tomprehensibilis,
575 3428 867 3484 ineﬂabilis
890 3440 942 3483 et
969 3432 1201 3496 inlinite,
1236 3429 1331 3498 qui
1359 3430 1411 3482 in
1443 3429 1584 3482 San-
1687 3425 1999 3495 signiﬁcant
2028 3445 2040 3479 :
2075 3442 2232 3495 aqum
2278 3428 2331 3480 in
2365 3428 2603 3482 nubibus
2649 3438 2787 3481 nutu
2820 3438 2912 3482 tuo
2938 3438 3212 3499 coguntur
3246 3444 3260 3479 :

30 3516 105 3569 :tis
132 3526 457 3572 sanctorum
484 3520 719 3575 excelsis
748 3521 991 3586 habitas,
1024 3522 1077 3575 in
1130 3531 1342 3575 secreto
1371 3520 1584 3573 habita-
1684 3527 1830 3573 terra
1858 3527 1911 3573 et
1940 3535 2280 3590 quaecunque
2335 3536 2499 3589 super
2525 3536 2643 3573 eam
2676 3530 2824 3587 sunt,
2859 3537 2889 3575 a
2926 3528 2979 3575 te
3008 3522 3262 3590 pendent,

30 3608 149 3673 :ulo,
194 3610 343 3679 quod
384 3612 638 3667 manibus
671 3611 876 3667 factum
907 3628 1014 3667 non
1047 3621 1149 3678 est,
1189 3627 1354 3681 supra
1408 3612 1581 3666 caelos
1686 3618 1848 3680 atque
1879 3626 1909 3664 a
1943 3620 1993 3665 te
2024 3620 2407 3665 sustentantur
2446 3629 2459 3664 :
2499 3620 2710 3665 natura:
2746 3612 3063 3677 rationales,
3096 3623 3149 3667 et
3177 3629 3266 3666 ra-

29 3700 293 3767 mlorum,
319 3710 375 3757 et
406 3718 572 3773 supra
596 3704 863 3773 quidquid
891 3706 1146 3775 superius
1176 3705 1286 3760 illis
1335 3712 1452 3772 est;
1487 3705 1582 3775 qui
1685 3705 1833 3759 tione
1864 3712 2134 3768 carentes,
2168 3703 2274 3756 illa:
2300 3718 2422 3771 quae
2450 3703 2827 3773 intelligentia,
2884 3714 2939 3758 et
2977 3719 3098 3774 quae
3141 3704 3263 3759 solo

29 3790 241 3847 lestruis
269 3808 490 3848 omnem
540 3796 884 3850 altitudinem
939 3798 1259 3866 passionum
1315 3797 1584 3853 extollen-
1685 3809 1850 3848 sensu
1878 3792 2118 3861 praedita;
2144 3800 2294 3857 sunt,
2320 3806 2414 3859 per
2436 3799 2487 3845 te
2509 3791 2719 3859 vivunt,
2744 3800 2798 3847 et
2829 3794 3083 3863 potestati
3108 3794 3263 3864 regni

30 3896 107 3935 em
134 3899 194 3938 se
237 3884 503 3941 adversus
535 3887 823 3941 scientiam
856 3898 1028 3953 tuam,
1062 3900 1116 3944 et
1146 3890 1393 3959 captivas
1462 3905 1583 3945 om-
1686 3885 1764 3939 tui
1794 3884 2077 3938 obediunt.
2128 3882 2328 3950 Habes,
2359 3882 2611 3949 Domine,
2644 3885 2699 3937 in
2733 3886 2872 3940 caelo
2915 3886 3010 3940 illo
3041 3886 3262 3940 excelso

29 3990 124 4028 tem
158 3976 548 4046 cogitationem
581 3980 650 4033 ad
682 3979 919 4034 formam
953 3982 1283 4036 humilitatis
1324 3991 1378 4036 et
1425 3983 1583 4037 adni-
1683 3977 1832 4046 quod
1854 3986 1935 4032 est
1959 3977 2258 4031 scabellum
2290 3977 2394 4031 sub
2424 3975 2659 4046 pedibus
2682 3976 2813 4043 tuis,
2845 3977 3127 4033 ministros
3173 3977 3263 4031 in-

29 4067 285 4123 tilationis
339 4080 465 4127 tusc.
519 4069 600 4125 Tu
655 4072 999 4138 beatissime,
1041 4082 1096 4127 et
1123 4073 1276 4127 dives
1308 4074 1579 4128 donorum
1684 4072 2077 4138 numerabiles,
2108 4081 2161 4126 et
2189 4071 2462 4125 inﬁnitum
2501 4086 2790 4124 numerum
2818 4071 3157 4125 laudantium
3186 4080 3258 4139 te,

29 4160 345 4226 ublimium,
377 4164 562 4232 aspice
600 4180 702 4219 nos
731 4180 761 4219 e
807 4165 962 4219 caelis
1012 4166 1120 4220 tuis
1160 4166 1492 4219 sublimibus
1528 4173 1583 4219 et
1683 4164 1776 4233 qui
1810 4164 1863 4216 in
1894 4162 2212 4232 regionibus
2242 4165 2488 4218 materia:
2514 4162 2851 4232 expertibus,
2906 4162 3053 4215 laudi
3086 4160 3260 4230 maje-

30 4250 324 4319 iplendidis,
355 4262 409 4307 et
429 4269 497 4307 ex
532 4254 871 4310 habitatione
902 4257 1052 4325 regni
1087 4258 1165 4311 tui
1203 4256 1411 4311 aeterni.
1431 4256 1582 4311 Mitte
1683 4256 1840 4308 statis
1875 4263 2004 4321 tum,
2035 4265 2089 4309 et
2120 4255 2430 4309 ministerio
2462 4264 2556 4310 tuo
2584 4255 2678 4310 toti
2710 4253 2913 4308 addicti
2955 4262 3104 4319 sunt,
3135 4268 3260 4323 per-

29 4347 160 4401 tobis
188 4347 333 4401 dona
366 4348 558 4418 gratia:
583 4358 689 4405 tua:
716 4351 937 4419 divinae,
964 4352 1422 4408 inhabitationem
1452 4352 1580 4421 Spi--
1683 4362 1850 4402 sonas
1877 4348 2105 4414 scilicet,
2133 4363 2255 4417 qua:
2283 4362 2349 4402 ex
2380 4349 2504 4419 igne
2532 4357 2587 4402 et
2628 4346 2824 4416 spiritu
2853 4355 3049 4401 creatas
3080 4354 3208 4400 sunt
3241 4364 3256 4401 :

30 4439 136 4495 itus
171 4440 250 4494 tui
277 4442 454 4496 sancti
482 4457 494 4492 :
539 4443 668 4512 quia
700 4453 757 4497 tu
801 4444 954 4498 dives
994 4445 1498 4500 misericordiarum
1527 4457 1581 4500 et
1683 4454 1806 4508 Quae
1845 4439 2075 4493 canticis
2090 4439 2336 4493 omnium
2368 4436 2594 4492 musica:
2611 4453 2893 4508 generum,
2921 4436 3109 4490 laudes
3134 4444 3259 4489 tuas

30 4533 328 4603 nagnilicus
359 4534 413 4586 in
443 4534 624 4599 donis,
650 4544 702 4589 ct
732 4536 1085 4604 amplissima:
1105 4538 1424 4603 clementiae,
1449 4538 1579 4591 tibi-
1682 4547 1808 4585 cum
1836 4531 2077 4585 clamore
2105 4531 2409 4596 celebrant,
2442 4530 2651 4583 milleni
2700 4538 2755 4584 et
2796 4529 2979 4583 decies
3019 4527 3255 4593 milleni,

30 4637 104 4690 |tte
141 4623 376 4693 gloriam
431 4633 486 4678 et
528 4625 826 4695 gratiarum
878 4627 1149 4681 actionem
1184 4627 1493 4691 oll‘erimus,
1525 4635 1580 4681 et
1682 4624 1776 4692 qui
1829 4624 1899 4677 ab
1944 4632 2148 4678 aeterno
2201 4622 2415 4679 fructus
2461 4620 2796 4677 laudationis
2839 4622 2939 4675 tibi
2982 4621 3254 4685 deferunt,

29 4714 281 4782 unigenito
305 4712 449 4768 Filio
487 4722 601 4780 tuo,
641 4724 744 4769 etc.
1608 4708 1653 4762 D
1684 4715 1902 4782 agmina
1937 4724 1990 4769 et
2022 4716 2247 4770 ordines
2271 4714 2639 4784 spiritualium
2676 4713 2730 4766 in
2762 4728 2894 4767 suos
2924 4713 3144 4767 ordines
3175 4712 3259 4766 di-

63 4803 328 4873 Poputus.
358 4804 554 4859 Amen.
1683 4807 2071 4873 stributorum,
2104 4808 2198 4876 qui
2228 4808 2462 4877 hymnos
2507 4806 2784 4875 jucundos
2830 4805 2927 4859 tibi
2978 4804 3212 4858 offerunt
3239 4821 3251 4855 :

66 4896 352 4953 Sacerdos.
378 4896 610 4952 Domine
642 4896 785 4954 Deus
812 4907 1029 4968 potens,
1054 4901 1147 4969 qui
1171 4901 1322 4956 vides
1345 4904 1581 4957 abscon-
1682 4908 1858 4955 cmtus
1906 4899 2249 4969 angelorum,
2282 4898 2617 4967 ordinesque
2645 4896 3126 4966 archangelorum,
3160 4897 3255 4964 qui

29 4985 131 5049 lita,
163 4998 219 5041 et
272 4986 460 5064 futura
491 4989 655 5041 etiam
687 4998 969 5058 penetras,
1015 4989 1139 5045 fons
1186 4992 1311 5045 vitae
1345 5003 1400 5046 et
1425 4995 1579 5064 origo
1680 4991 1777 5043 tibi
1804 4990 1898 5044 uni
1927 4989 2038 5044 Deo
2083 4989 2300 5042 laudem
2331 5004 2527 5041 novam
2572 4996 2626 5042 et
2669 4987 3070 5042 indesinentem
3115 4984 3255 5039 refe-

30 5090 155 5134 ωειλ
182 5062 611 5135 beatitudiniset
637 5082 926 5147 bonitatis;
959 5082 1183 5153 largitor
1217 5084 1495 5153 puritatis,
1520 5062 1579 5139 et
1680 5088 1808 5133 runt
1835 5098 1849 5133 :
1882 5078 2087 5132 Throni
2122 5090 2177 5131 et
2202 5077 2619 5131 Dominationes
2649 5078 2703 5129 in
2726 5076 3041 5130 ﬁrmissima
3060 5083 3113 5129 et
3143 5090 3252 5127 non

29 5190 35 5222 t
69 5188 181 5243 quo
229 5172 499 5227 sanctitas
531 5173 695 5227 habet
725 5175 1026 5243 originem;
1068 5176 1360 5231 thesaurus
1389 5191 1574 5230 rerum
1679 5170 2035 5240 perturbahili
2062 5168 2355 5223 securitate
2371 5168 2679 5232 constituti,
2705 5167 2801 5235 qui
2819 5166 3032 5221 cantica
3058 5166 3256 5219 trium-

29 5267 404 5332 prctiosarum,
433 5274 487 5319 et
512 5264 639 5320 fons
669 5267 983 5335 sapientia}:
1004 5277 1157 5336 pater
1174 5268 1312 5322 lucis
1336 5278 1573 5336 aeternae,
1679 5264 1861 5333 phalia
1890 5263 2189 5317 concinunt
2212 5262 2694 5329 tibi,summopere
2717 5259 2980 5313 timendo.
3003 5258 3219 5311 Archan
3238 5284 3253 5293 —

29 5366 116 5419 pne
147 5364 237 5408 est
288 5364 415 5408 ante
470 5357 658 5408 omnia
717 5356 916 5410 saecula
970 5357 1023 5409 in
1080 5366 1128 5412 te
1183 5360 1572 5427 essentialiter,
1679 5355 1781 5426 geli
1808 5363 1862 5408 et
1890 5355 2140 5417 virtutes,
2177 5352 2630 5421 Potestatumque
2660 5348 3248 5419 principes,quigloria

29 5446 223 5516 aqualis
263 5446 507 5515 potentia
531 5455 586 5501 et
609 5447 801 5514 gloria.
841 5446 918 5501 Te
946 5448 1307 5517 deprecamur
1336 5451 1572 5505 sanctis-
1678 5447 2025 5501 Thronorum
2056 5452 2415 5509 exornantur,
2446 5443 2745 5511 laudesque
2774 5450 2830 5495 et
2856 5440 3099 5495 encomia
3130 5438 3253 5507 dig-

29 5536 134 5593 time
184 5538 418 5593 Domine
446 5580 461 5605 ,
510 5539 791 5594 sanctiﬁca
842 5549 1055 5595 mentes
1108 5549 1163 5596 et
1213 5542 1574 5611 cogitationes
1682 5538 1912 5592 nissima
1943 5544 2102 5606 prout
2124 5537 2279 5589 decet
2308 5535 2554 5606 dirigunt
2574 5534 2641 5587 ad
2667 5534 2885 5586 intimos
2904 5532 3105 5602 gradus
3128 5528 3249 5583 solii

30 5630 245 5684 minium
278 5640 551 5698 nostrum,
589 5631 794 5685 munda
832 5632 1048 5687 animas
1081 5644 1136 5688 et
1177 5649 1410 5704 corpora
1456 5649 1575 5687 om-
1685 5629 1785 5683 tui.
1816 5627 2163 5695 Principatus
2181 5625 2494 5695 spirituales
2510 5624 2603 5693 qui
2628 5639 2813 5677 coram
2833 5631 2883 5677 te
2905 5636 3028 5675 eum
3055 5620 3248 5673 timore

29 5722 151 5778 tium
187 5734 463 5794 nostrum,
515 5723 725 5780 refrena
773 5723 1236 5780 inortlinationem
1288 5722 1574 5795 cogitatio-
1683 5721 2017 5793 consistunt,
2072 5718 2443 5774 indesinenter
2484 5716 2831 5772 sanctilicant
2884 5714 3090 5769 tonitru
3121 5725 3249 5766 sau-
