3834 6220
451 208 520 263 ’ῑθ
1250 210 1306 265 S.
1348 210 1735 268 CLEIIENTIS
1775 213 1793 266 I
1836 213 1999 270 ROM.
2044 215 2246 272 ΡΟΝΤ.
2289 218 2517 275 OPERA
2559 222 2791 278 DUBIA.
3573 228 3679 285 580

415 324 519 380 lica
546 324 637 379 Dei
697 324 960 382 Ecclesia.
1019 326 1123 395 Qui
1172 332 1385 401 negotia
1442 331 1692 401 quoniam
1752 333 1896 387 inter
1929 347 1975 387 se

2111 333 2224 386 δευῦ
2254 333 2403 388 ἔσται
2450 336 2712 408 καθολικὴ
2758 337 3070 408 Ἐκκλησία.
3119 339 3183 393 OI
3224 338 3528 414 πράγματά
3554 359 3677 396 τινα

415 415 645 482 habent,
680 420 820 489 apud
866 416 1120 476 Ecclesia:
1159 422 1503 494 presbyteros
1550 422 1898 491 judicentur;
1933 433 1975 479 el

2111 426 2218 477 ιη’
2247 426 2488 498 ἀλλήλων
2520 427 2733 497 ἔχοντες
2754 467 2768 492 ,
2795 429 2887 482 ἐπὶ
2927 430 3035 483 τῶν
3061 429 3161 501 τῆς
3189 431 3515 505 Ἐκκλησίας
3545 450 3679 504 πρε-

411 509 559 577 quod
591 510 791 565 bonum
822 522 907 566 est
938 515 1319 584 contemplati,
1355 517 1774 570 reconcilientur
1801 532 1815 569 :
1849 532 1975 573 neve

2111 510 2368 583 ιϐυτέρων
2391 514 2781 585 κρινέσθωσαν,
2815 516 2908 569 καὶ
2933 518 2993 571 τὸ
3014 518 3177 571 καλὸν
3206 520 3452 585 νοοῦντες
3479 522 3680 593 συμϐι-

410 600 479 654 ad
516 601 806 657 tribunalia
841 603 1036 659 fratres
1090 606 1382 671 trahitote;
1429 607 1667 675 judicari
1715 609 1863 663 enim
1916 610 1975 665 ah

2111 598 2475 664 ῑαζέσθωσανο
2531 606 2627 658 καὶ
2675 606 2750 677 μὴ
2802 607 2988 661 ἕλκετε
3046 610 3125 671 είς
3179 610 3501 683 δικαστήρια
3550 614 3679 677 τοὺς

410 694 687 749 extraneis
726 711 789 751 ac
814 696 1068 762 ethnicis,
1096 697 1146 751 id
1174 713 1305 752 vero
1340 699 1637 753 infidelium
1664 712 1775 766 CSI;
1809 717 1986 771 quan-

410 782 702 854 doquidem
731 796 804 853 et,
836 786 1061 858 Angelos
1076 789 1441 858 judicabimus
1474 804 1500 831 ε
1528 833 1543 857 ,
1580 792 1842 861 scriptum
1876 804 1978 847 est.

412 875 587 947 Super
616 879 821 945 omnia,
868 890 924 934 et
974 890 1101 936 ante
1153 884 1336 937 omnia
1386 896 1658 952 pastorem
1695 886 1766 940 ita
1801 886 1983 940 intue-

408 967 564 1032 mini,
592 977 650 1022 ut
680 985 765 1023 me
798 968 1019 1025 Petrum
1046 1011 1061 1038 ,
1102 972 1195 1042 qui
1235 988 1266 1027 a
1316 972 1426 1028 Deo
1468 975 1675 1031 electus
1719 986 1803 1031 est
1826 976 1980 1030 vobis

406 1059 460 1113 in
492 1060 835 1130 magistrum.

474 1152 727 1207 CXLVII.
775 1153 849 1209 Ita
877 1170 1003 1210 cum
1050 1168 1379 1225 perorasset,
1415 1168 1469 1213 et
1504 1174 1688 1214 coram
1723 1159 1983 1215 omnibus

404 1263 601 1302 manus
645 1249 779 1302 mihi
823 1249 1198 1318 imposuisset,
1252 1251 1306 1305 in
1364 1267 1463 1306 sua
1497 1252 1757 1306 cathedra
1791 1254 1982 1308 sedere

403 1338 531 1394 fecit
566 1357 579 1393 :
615 1355 852 1410 cumque
898 1342 1185 1407 sedissem,
1230 1341 1334 1395 hoc
1381 1342 1515 1395 mihi
1565 1343 1746 1397 statim
1796 1344 1978 1399 dixit:

400 1428 512 1485 Oro
547 1440 599 1485 te
624 1447 809 1485 coram
842 1433 1096 1488 omnibus
1145 1433 1239 1502 qui
1270 1433 1490 1497 adsunt,
1527 1435 1665 1488 meis
1694 1434 1979 1502 fratribus,

399 1530 462 1574 ut
489 1522 706 1590 quando
744 1537 809 1575 ex
843 1522 1082 1576 hac.vita
1133 1523 1463 1594 migravero,
1514 1526 1978 1593 quemadmodum

400 1610 494 1665 Dei
524 1612 739 1666 censuit
770 1612 1108 1682 providentia
1133 1652 1148 1676 ,
1174 1616 1357 1667 omnia
1386 1614 1607 1668 domino
1636 1613 1840 1670 Iacobo
1870 1615 1981 1670 fra-

399 1703 468 1756 tri
508 1702 720 1756 Domini
755 1704 861 1756 mei
899 1704 1310 1772 compendiario
1358 1704 1639 1759 describas
1682 1715 1737 1760 et
1770 1709 1977 1773 mittas,

397 1794 561 1849 etiam
601 1811 775 1865 usque
809 1795 875 1849 ad
926 1794 1170 1864 pueritia
1197 1806 1302 1851 tua:
1323 1798 1576 1863 consilia,
1624 1807 1679 1852 et
1714 1802 1978 1868 quemad.

398 1884 621 1939 modum
676 1885 744 1939 ab
776 1885 932 1939 initio
960 1886 1026 1939 ad
1056 1886 1158 1940 hoc
1193 1902 1365 1956 usque
1389 1896 1602 1956 tempus
1626 1904 1841 1944 mecum
1874 1890 1979 1945 iter

396 1976 611 2045 feceris,
663 1979 892 2032 audiens
934 1993 1219 2032 sermones
1249 1987 1303 2032 et
1348 1988 1504 2033 actus
1534 1994 1564 2033 a
1596 1995 1684 2034 me
1710 1982 1976 2049 praedica-

399 2079 483 2124 los
513 2088 526 2124 :
558 2070 752 2125 deinde
780 2072 833 2124 in
872 2070 997 2135 ﬁne,
1030 2080 1084 2125 et
1113 2070 1306 2125 mortis
1329 2086 1464 2125 meas
1487 2086 1733 2139 causam,
1765 2083 1823 2127 ut
1851 2084 1977 2129 ante

394 2163 531 2226 dixi,
561 2162 803 2217 indicare
836 2178 903 2216 ne
936 2162 1181 2216 omittas.
1226 2159 1347 2215 Non
1396 2163 1543 2217 enim
1586 2163 1690 2217 hoc
1726 2164 1774 2218 ei
1808 2165 1978 2219 mole-

396 2255 556 2308 stiam
585 2254 825 2320 creabit;
861 2263 919 2308 ut
948 2255 1041 2323 qui
1072 2263 1225 2308 certo
1261 2253 1419 2319 sciat,
1453 2270 1539 2308 me
1568 2254 1716 2325 quod
1751 2252 1976 2310 omn'ino

393 2346 504 2413 pati
534 2346 825 2409 debebam,
860 2346 947 2415 pie
982 2344 1309 2400 reddidisse.
1344 2343 1641 2399 Maximum
1675 2354 1857 2401 autem
1887 2363 1977 2403 so-

392 2439 582 2494 latium
611 2437 851 2501 habebit,
878 2438 1097 2507 quaudo
1126 2437 1318 2503 discet,
1348 2448 1473 2507 post
1501 2454 1607 2505 me,
1636 2454 1743 2493 non
1767 2440 1975 2495 homini

392 2529 646 2599 imperito
670 2544 737 2583 ac
767 2529 1011 2582 ritalium
1039 2527 1327 2582 verborum
1362 2528 1572 2597 ignaro,
1596 2529 1689 2585 sed
1721 2527 1978 2586 Ecclesia:

391 2636 657 2677 canonem
681 2620 927 2675 omnium
958 2621 1193 2675 maxime
1239 2621 1471 2687 scienti,
1511 2620 1824 2676 cathedram
1877 2621 1977 2677 do-

392 2714 562 2769 ctoris
619 2714 879 2767 creditam
942 2711 1130 2767 fuisse.
1166 2712 1435 2779 Quocirca
1464 2727 1587 2783 ego,
1636 2714 1855 2769 domine
1899 2715 1974 2769 mi

390 2804 613 2871 Jacobe,
633 2821 758 2860 cum
792 2805 1049 2875 magister
1079 2804 1273 2861 Petrus
1305 2806 1421 2861 hac
1458 2806 1594 2860 mihi
1623 2808 1972 2877 prteceperit;

392 2898 539 2966 quod
587 2898 797 2967 justum
847 2905 950 2961 est,
995 2895 1270 2965 complere
1318 2912 1424 2951 non
1476 2896 1679 2952 veritus
1726 2914 1871 2964 sum,
1919 2908 1977 2952 et

392 2989 554 3059 quasi
601 2989 657 3042 in
704 2986 1033 3055 compendio
1079 2970 1177 3041 tibi
1213 2996 1411 3042 cuncta
1464 2997 1591 3042 nota
1647 2986 1852 3050 facere.
1900 2989 1975 3044 ita

394 3083 657 3152 inscripto
679 3083 861 3151 operis
891 3091 1252 3151 argumento:
1286 3080 1576 3137 Clementis
1600 3121 1615 3147 ,
1650 3081 1974 3153 Petripere-

391 3176 749 3245 grinationum
772 3183 822 3227 et
846 3174 1289 3243 praedicationum
1317 3173 1585 3241 Epitome.

461 3264 741 3321 CXLVIII.
779 3263 903 3321 llaec
944 3265 1129 3335 itaque
1173 3275 1258 3321 est
1294 3266 1454 3335 plena
1492 3265 1734 3322 caelestis
1762 3265 1972 3337 gratiae,

391 3355 537 3411 Petri
571 3357 947 3427 apostolorum
979 3357 1244 3427 principis
1285 3357 1792 3427 peregrinationum
1849 3374 1979 3413 nar-

391 3450 553 3513 ratio,
581 3466 703 3518 qua:
734 3450 900 3505 simul
927 3458 983 3504 et
1022 3448 1482 3518 compendiariam
1510 3449 1630 3519 ejus
1667 3449 1974 3505 doctrinam

390 3543 671 3608 continet;
701 3552 753 3596 et
783 3542 967 3611 magni
996 3541 1415 3611 admirandique
1450 3540 1749 3598 Clementis
1781 3543 1972 3611 vitam,

390 3632 537 3686 vi-lut
578 3632 632 3686 in
686 3632 869 3686 tabula
909 3631 1155 3686 oratione
1189 3631 1475 3701 exprimit;
1513 3633 1971 3702 quemadmodum

394 3724 506 3793 ipse
540 3724 608 3778 ad
645 3723 910 3779 Jacohum
952 3723 1177 3779 fratrem
1222 3722 1439 3778 Domini
1480 3725 1730 3781 scribens
1760 3726 1971 3782 indica-

389 3831 413 3865 κ
430 3820 487 3869 ιι.
522 3813 692 3868 Porro
730 3814 1008 3869 ardentem
1032 3813 1328 3870 Clementis
1354 3829 1481 3884 erga
1507 3813 1678 3869 Deum
1706 3831 1969 3883 amorem,

388 3918 445 3962 et
481 3922 739 3975 magnum
767 3905 915 3959 illum
944 3920 1043 3975 pro
1082 3903 1283 3974 pietate
1315 3905 1515 3969 zelum,
1547 3905 1826 3961 declarare
1848 3923 1974 3976 pos-

391 4006 519 4052 sunt
549 4013 613 4053 ea
650 4012 772 4066 qua:
800 3996 943 4051 dicta
968 4004 1129 4061 sunt,
1172 3997 1476 4066 praesertim
1508 4005 1690 4053 autem
1740 3999 1971 4055 manife-

390 4090 559 4146 stabit
575 4091 822 4145 omnium
849 4088 1197 4160 apertissime
1218 4088 1335 4159 ipse
1360 4104 1458 4160 per
1487 4090 1812 4161 martyrium
1845 4092 1969 4149 ﬁnis

388 4187 533 4242 vitae.

460 4274 693 4331 CXLIX.
736 4272 954 4329 Tertius
993 4273 1139 4328 enim
1191 4280 1314 4343 post
1356 4288 1614 4344 magnum
1653 4272 1876 4329 Petrum
1913 4276 1967 4331 in

387 4372 606 4425 excelso
635 4367 895 4421 Romana:
917 4365 1172 4421 Ecclesia:
1202 4365 1400 4419 throno
1428 4365 1646 4430 sedens,
1678 4366 1969 4438 ipsumque

388 4462 605 4516 virtutis
630 4468 905 4515 certamen
941 4457 1279 4526 suscipiens,
1326 4456 1574 4527 magistri
1608 4458 1851 4527 vestigiis
1881 4460 1966 4513 in-

2087 690 2364 761 άδελφούς.
2412 695 2678 749 Ἀπίστων
2722 697 2832 770 γὰρ
2864 699 3042 763 τοῦτο,
3090 703 3204 764 τοῖς
3242 701 3347 767 ἔξω
3370 703 3677 773 κρίνεσθαι.

2103 786 2253 838 Ἐπεὶ
2293 786 2417 846 καὶ,
2458 787 2777 857 Ἀγγέλους
2809 791 3149 859 κρινοῦμεν,
3179 792 3504 873 γέγραπται.
3554 792 3681 846 Ἐπὶ

2086 881 2220 933 πᾶσι
2267 881 2362 934 καὶ
2408 881 2515 953 πρὸ
2550 882 2788 945 πάντων,
2817 882 2989 946 οὕτως
3012 884 3132 939 ἐστέ
3176 884 3268 937 τὸν
3294 886 3531 955 ποιμένα
3557 885 3677 918 ⁸⁸⁸⁸⁷

2084 970 2338 1040 ὁρῶντες,
2354 971 2429 1034 ὡς
2457 970 2555 1043 ἐμὲ
2580 973 2805 1044 Πέτρον,
2827 974 2916 1026 τὸν
2938 974 3042 1027 ὑπὸ
3063 973 3197 1028 Θεοῦ
3222 976 3682 1047 προχειρισθέντα

2084 1058 2213 1127 ὑμῖν
2244 1060 2323 1122 είς
2346 1058 2682 1114 διδάσκαλον.

2154 1150 2408 1205 CXLVII.
2440 1152 2625 1206 Ταῦτα
2669 1152 2861 1215 εἰπὼν,
2902 1154 2995 1207 καὶ
3037 1155 3130 1208 ἐπὶ
3182 1155 3405 1210 πάντων
3454 1173 3547 1227 μοι
3576 1156 3683 1221 τὰς

2082 1244 2273 1312 χεῖρας
2325 1242 2557 1306 ἐπιθεὶς.
2588 1245 2668 1306 εἰς
2690 1245 2790 1314 τὴν
2822 1244 2988 1298 αὑτοῦ
3021 1263 3087 1317 με
3116 1246 3381 1318 καθέδραν
3404 1246 3684 1319 καθεσθῆ-

2081 1350 2169 1386 ναι
2205 1335 2471 1406 πεποίηκε
2491 1352 2503 1365 ·
2541 1336 2861 1390 καθεσθέντι
2888 1337 2965 1400 δὲ,
2992 1337 3149 1391 τοῦτό
3180 1356 3269 1409 μοι
3303 1338 3503 1402 εὐθέως
3531 1340 3640 1411 ἔφη
3661 1356 3677 1371 ·

2095 1426 2255 1493 Ἀξιῶ
2283 1444 2342 1480 σε
2363 1428 2454 1480 ἐπὶ
2486 1428 2702 1481 πάντων
2729 1446 2830 1500 μου
2853 1429 2959 1482 τῶν
2986 1430 3377 1503 συμπαρόντων
3404 1431 3681 1501 ἀδελφῶν,

2079 1520 2316 1589 ὁπηνίκα
2358 1519 2453 1573 τοῦ
2482 1519 2717 1573 ἐνταῦθα
2762 1522 3015 1592 μεταστῶ
3063 1522 3202 1593 βίου,
3244 1523 3320 1587 ὡς
3347 1525 3495 1595 ήτοῦ
3534 1525 3683 1579 Θεοῦ

2080 1609 2308 1681 κέκρικε
2325 1611 2572 1682 πρόνοια,
2592 1612 2771 1665 πάντα
2791 1612 2868 1683 τῷ
2885 1613 3075 1685 Κυρίῳ
3104 1613 3342 1686 Ἰακώϐῳ
3360 1615 3435 1687 τῷ
3455 1616 3677 1688 ἀδελφῷ

2078 1701 2173 1755 τοῦ
2203 1704 2410 1773 Κυρίου
2443 1721 2566 1774 μου,
2597 1706 2653 1757 ἐν
2684 1706 2914 1775 ἐπιτομῇ
2947 1706 3399 1778 ἀναγραψάμενον
3437 1707 3680 1779 διαπέμ-

2079 1794 2214 1865 ψαι,
2262 1795 2423 1867 μέχρι
2472 1796 2566 1848 καὶ
2620 1796 2728 1849 τῶν
2781 1797 2845 1850 ἐκ
2881 1796 3069 1861 παιδός
3110 1815 3205 1851 σου
3248 1798 3547 1869 λογισμῶν,
3578 1799 3680 1851 καὶ

2078 1887 2155 1950 ὡς
2180 1888 2275 1940 ἀπ’
2302 1887 2478 1958 ἀρχῆς
2514 1889 2675 1959 μέχρι
2714 1886 2809 1940 νῦν
2842 1905 2931 1958 μοι
2975 1887 3334 1953 συνώδευσας,
3380 1888 3680 1943 ἐπακούων

2075 1979 2187 2033 τῶν
2214 1979 2353 2033 κατὰ
2390 1980 2546 2033 πόλιν
2578 1980 2669 2032 ὑπ’
2694 1979 2830 2049 ἐμοῦ
2864 1979 3247 2051 κηρυχθέντων
3273 1980 3447 2048 λόγων
3479 1998 3541 2034 τε
3577 1986 3678 2034 καἸ⁵

2077 2071 2352 2143 πράξεων·
2380 2070 2570 2124 ἔπειτα
2599 2070 2827 2141 πρὸςτῷ
2853 2069 2993 2122 τέλει
3018 2071 3112 2123 καὶ
3127 2071 3225 2142 τὴν
3247 2070 3343 2123 τοῦ
3371 2070 3605 2124 θανάτου
3625 2070 3680 2102 ’⁵

2080 2178 2180 2231 μου
2217 2162 2513 2231 πρόφασιν,
2546 2159 2623 2222 ὡς
2653 2162 2934 2231 προεῖπον,
2955 2159 3193 2230 δηλῶσαι
3221 2162 3294 2232 μὴ
3324 2161 3670 2234 παραλίπῃς.

2076 2252 2150 2305 Οὐ
2193 2251 2302 2323 γὰρ
2352 2251 2513 2305 αὐτὸν
2559 2252 2793 2323 λυπήσει
2830 2252 3019 2316 τοῦτο,
3066 2253 3243 2305 εἰδότα
3292 2252 3477 2319 σαφῶς
3522 2254 3607 2306 ὅτι
3641 2253 3678 2306 ὅ

2077 2341 2293 2403 πάντως
2317 2340 2425 2393 ἔδει
2454 2358 2520 2411 με
2563 2340 2777 2405 παθεῖν,
2810 2341 3049 2405 εὐσεϐῶς
3099 2341 3436 2395 ἀποδέδωκα.
3487 2343 3671 2411 Μεγί-

2078 2450 2210 2504 στης
2252 2432 2309 2486 δὲ
2342 2433 2695 2503 παραμυθίας
2739 2433 2983 2501 τεύξεται
3019 2433 3236 2505 μαθὼν,
3292 2436 3372 2488 ὅτι
3409 2437 3526 2505 μετ’
3568 2435 3675 2505 ἐμὲ

2074 2525 2175 2577 οὐκ
2203 2523 2420 2594 ἀμαθὴς
2442 2524 2583 2595 ἀνὴρ
2607 2525 2700 2577 καὶ
2724 2526 3021 2589 ζωοποιοὺς
3045 2525 3254 2594 ἀγνοῶν
3287 2524 3497 2594 λόγους,
3539 2526 3673 2579 Ἐκ⁹

2076 2615 2304 2686 κλησίας
2337 2613 2396 2667 δὲ
2423 2616 2621 2669 κανόνα
2650 2615 2806 2680 εἰδὼς
2835 2617 3091 2688 μάλιστα,
3120 2617 3220 2687 τὴν
3261 2616 3355 2670 τοῦ
3382 2617 3673 2670 διδάσκον-

2075 2723 2167 2769 τος
2218 2706 2515 2778 ἐπιστεύθη
2565 2706 2852 2777 καθέδραν.
2929 2706 3090 2779 Ὅθεν
3146 2707 3294 2775 ἐγὼ,
3353 2707 3511 2778 κύριέ
3565 2725 3676 2779 μου

2089 2795 2336 2860 Ἰάκωϐε,
2366 2796 2462 2850 τοῦ
2502 2776 2826 2852 διδασκάλου
2864 2776 3077 2871 Πέτρῖυ
3104 2798 3274 2852 ταῦτά
3306 2816 3395 2869 μοι
3432 2776 3671 2868 ἐπισκή-

2074 2885 2294 2956 ψαντος,
2326 2888 2426 2940 οὐκ
2453 2886 2675 2959 ὤκνησα
2712 2888 2773 2941 τὸ
2820 2887 3108 2941 κελευσθὲν
3150 2886 3523 2959 ἐκπληρῶσαι,
3574 2886 3673 2939 καὶ

2076 2979 2212 3043 ὼς¹⁹
2237 2982 2470 3050 ἐπιτομῇ
2498 2996 2579 3033 σοι
2620 2981 2797 3034 πάντα
2847 2978 3099 3052 γνώριμα
3139 2978 3498 3048 καταστῆσαι,
3549 2980 3675 3031 ἐπι-

2076 3068 2290 3142 γράψας
2311 3069 2408 3141 τὴν
2439 3070 2693 3122 ὑπόθεσιν
2718 3068 2862 3123 οὕτω
2881 3087 2893 3100 ’
2921 3069 3269 3138 Κλήμεντος
3289 3066 3406 3122 τῶν
3433 3068 3675 3136 Πέτρου

2076 3160 2403 3228 ἐπιδημῶν
2429 3160 2475 3190 ¹⁰
2509 3159 2607 3213 καὶ
2636 3159 3029 3229 κηρυγμάτων
3073 3160 3377 3229 Ἐπιτομή.

2146 3250 2584 3323 ΟΧΙΝΙΙΙ.Αῦτη
2616 3252 2714 3322 μὲν
2741 3247 2891 3305 οῦν¹¹
2915 3254 2949 3323 ἡ
2983 3252 3195 3323 πλήρης
3216 3253 3312 3322 τῆς
3337 3252 3542 3306 ἄνωθεν
3570 3254 3676 3323 χά-

2080 3360 2246 3414 ριτος,
2272 3342 2367 3396 τοῦ
2396 3342 2698 3414 κορυφαίου
2730 3342 2840 3395 τῶν
2886 3343 3202 3396 ἀποστόλων
3243 3343 3451 3414 Πέτρου
3479 3343 3678 3415 ἐπιδη-

2078 3431 2215 3503 μιῶν
2251 3431 2524 3503 διήγησις,
2566 3430 2829 3501 ἐπίτομόν
2870 3448 2928 3483 τε
2958 3430 3093 3501 ὁμοῦ
3120 3431 3469 3485 διδασκαλίαν
3498 3431 3677 3485 αὑτοῦ

2074 3523 2293 3594 ἔχουσα,
2323 3524 2418 3575 καὶ
2441 3522 2532 3575 τὸν
2563 3521 2657 3574 τοῦ
2688 3522 2924 3592 μεγάλου
2965 3522 3057 3575 καὶ
3085 3522 3390 3592 θαυμασίου
3415 3522 3677 3594 Κλήμενη

2072 3635 2164 3681 τος
2191 3616 2324 3686 βίον,
2351 3614 2605 3686 καθάπερ
2631 3616 2687 3667 ἐν
2717 3614 2906 3668 πίνακι
2934 3614 3013 3685 τῷ
3035 3613 3177 3685 λόγῳ
3205 3613 3557 3678 διατυποῦσα,
3590 3615 3678 3679 ὡς

2074 3710 2236 3773 αὐτὸς
2267 3704 2420 3773 οὗτος
2460 3707 2701 3779 Ἰακώϐῳ
2745 3707 2823 3778 τῷ
2857 3707 3163 3779 ἀδελφοθέῳ
3204 3708 3454 3777 γράφων,
3496 3706 3676 3777 ἐγνώ-

2077 3820 2214 3875 ρισε.
2244 3803 2347 3855 Τὸν
2396 3801 2493 3874 μέν
2524 3819 2608 3853 τοι
2634 3801 2900 3871 διάπυρον
2941 3799 3106 3853 αὑτοῦ
3138 3800 3276 3870 πρὸς
3300 3800 3431 3853 Θεὸν
3459 3800 3669 3871 ἔρωτα,

2073 3896 2168 3949 καὶ
2190 3894 2280 3947 τὸν
2301 3879 2466 3946 πολῖιν
2494 3894 2697 3944 ἐκεῖνον
2716 3892 2856 3962 ὑπὲρ
2878 3891 2975 3961 τῆς
2993 3890 3274 3954 εὐσεϐείας
3297 3890 3476 3962 ζῆλον,
3502 3892 3681 3946 ἱκανὰ

2076 3991 2174 4061 μὲν
2225 3991 2269 4020 η
2321 3989 2392 4040 τὰ
2441 3986 2676 4058 ρηθέντα
2726 3959 2988 4057 δηλῶσσὶι,
3041 3983 3271 4053 δηλώσει
3316 3959 3373 4037 δὲ
3404 3959 3675 4055 “paxth

2072 4082 2289 4135 πάντων
2322 4078 2633 4149 σαφέστατα
2664 4078 2758 4132 καὶ
2788 4076 2920 4129 αὐτὸ
2946 4075 3007 4128 τὸ
3039 4075 3128 4129 διὰ
3157 4076 3454 4147 μαρτυρίου
3487 4077 3673 4140 τέλος.

2141 4281 2351 4337 CXLIX
2384 4282 2579 4354 Τρίτος
2612 4281 2659 4314 ⁸³
2695 4281 2808 4350 (I8)
2832 4280 2942 4350 γὰρ
2975 4278 3111 4350 μετὰ
3139 4280 3344 4351 Πέτρον
3369 4280 3461 4333 τὸν
3487 4280 3673 4351 μέγαν

2068 4376 2160 4429 τδν
2184 4376 2385 4448 ὑψηλὸν
2424 4377 2522 4446 τῆς
2574 4375 2862 4445 Ῥωμαίων
2914 4374 3241 4443 Ἐκκλησίας
3282 4373 3469 4445 θρόνον
3502 4374 3673 4428 καθί-

2074 4484 2192 4530 σας,
2228 4468 2321 4519 καὶ
2359 4467 2562 4539 ἀρετῆς
2588 4464 2748 4519 ἆθλον
2790 4465 2954 4519 αὑτὸν
2987 4465 3303 4535 δεξάμενος,
3337 4466 3518 4517 εἵπετο
3542 4468 3673 4519 κατ’

383 4554 650 4617 sistebat,
698 4550 1165 4620 apostolicamque
1212 4547 1518 4603 doctrinam
1571 4548 1686 4619 ipse
1744 4566 1966 4622 qtioque

2111 4575 2223 4627 (νος
2267 4558 2345 4630 τῷ
2390 4558 2714 4628 διδασκάλῳ,
2754 4558 2850 4610 καὶ⁵
2897 4556 3263 4626 ἀποστολικὴν
3314 4556 3672 4611 διδασκαλίαν

431 4658 457 4686 υ
514 4644 534 4698 I
578 4645 702 4698 Cor.
731 4685 745 4710 ,
801 4658 876 4705 VI,
909 4640 964 4698 3.

1668 4749 1906 4805 VARIAS
1945 4753 2351 4810 LECTIONES.

462 4847 573 4880 ""7
602 4847 671 4919 al.
716 4847 884 4901 inser.
922 4845 1096 4919 ὑμῶν..
1171 4842 1212 4873 ¹⁸
1237 4842 1386 4919 deest
1411 4842 1462 4895 in
1497 4841 1568 4919 al.
1650 4844 1692 4919 ‘9_
1732 4844 1803 4898 al.
1845 4846 2012 4919 inser.
2047 4849 2130 4900 ἐν.
2208 4848 2257 4919 _‘9
2290 4848 2443 4901 deest
2471 4847 2524 4901 in
2546 4863 2695 4919 _mss.
2764 4849 2807 4878 “
2835 4846 2981 4917 Αὕτη
3014 4846 3112 4919 μὲν
3144 4842 3252 4919 οὖν
3286 4846 3341 4900 In
3372 4863 3484 4902 uno
3508 4858 3673 4903 rete-

388 4935 510 4973 rum
557 4918 806 4991 codicum
854 4912 1187 4985 praeponitur
1240 4913 1469 4975 titulus,
1503 4912 1819 4985 Μπιρτύριον
1837 4916 1928 4968 τοῦ
1964 4919 2132 4987 ἁγίου
2155 4916 2490 4988 Κλήμεντος.
2531 4917 2671 4971 Co'r.
2749 4920 2794 4949 "
2831 4919 2911 4971 al.
2946 4912 3115 4973 inser.
3159 4916 3272 4971 καί.
3309 4920 3355 4950 ⁸³
3395 4920 3467 4972 aI.
3510 4921 3672 4991 πρῶ-

386 5006 497 5053 τος.
521 4988 593 5042 al.
621 4987 892 5059 δεύτερος.

1663 5098 2027 5155 γΑιι;οιιυιι
2066 5100 2297 5157 NOTAE.

463 5194 579 5272 (18)
604 5195 819 5272 Τρίτος.
847 5193 986 5272 Infra
1020 5194 1209 5250 Latine
1238 5196 1405 5272 habes
1430 5194 1628 5272 editam
1657 5193 1973 5272 Passiouem
2086 5200 2283 5272 librum
2314 5198 2470 5272 aiunt
2490 5206 2706 5272 esstare
2742 5196 2806 5272 _in
2837 5196 3125 5272 Casinensi
3178 5196 3575 5272 Bibliotheca._
3590 5195 3671 5272 De

390 5264 485 5339 seu
523 5264 697 5319 Vitam
723 5264 1041 5339 Clementis,
1069 5276 1192 5334 post
1232 5266 1706 5339 pseudo-Abdiam
1728 5276 1783 5319 et
1799 5268 1975 5339 _apud
2082 5268 2273 5323 (ἔτιορο
2320 5269 2598 5339 Martyrio,
2634 5268 2849 5339 venisse
2886 5269 2938 5321 in
2980 5284 3175 5322 manus
3214 5266 3505 5339 Nicephori
3533 5266 3670 5320 Cal-

389 5336 781 5390 Mombritium.
819 5335 1153 5389 Memoratur
1194 5347 1375 5389 autem
1415 5351 1445 5389 a
1483 5334 1748 5405 Gregorio
1798 5334 1976 5388 Turo-

2083 5339 2193 5424 listi
2216 5336 2680 5424 colliget-enelst‘ex‘
2706 5338 2853 5424 illius
2880 5338 3092 5424 Ii.b._i_u,
3121 5352 3244 5424 cap.
3276 5338 3362 5391 l8.
3388 5336 3665 5424 Caeterum

391 5407 572 5480 nensi,
602 5405 986 5480 Miraculorum
1030 5408 1223 5480 I_I_I)._dl.
1259 5422 1379 5474 cap.
1414 5406 1510 5480 '55,
1532 5414 1615 5480 ‘et
1660 5408 1975 5474 excerpitur
2083 5410 2191 5480 hic
2228 5405 2404 5463 nota'ri
2458 5408 2618 5462 debet
2668 5408 2859 5477 triplex
2913 5408 3071 5480 lectio
3120 5405 3337 5480 τρίτος,
3383 5406 3664 5480 δεύτερος,

391 5492 486 5546 per
510 5477 840 5546 Freeulfiuu,
871 5486 1001 5531 tom.
1037 5476 1207 5541 II,Iib.
1243 5493 1302 5541 ιι,
1334 5492 1454 5545 cap.
1492 5474 1580 5540 10,
1609 5492 1671 5531 ac
1702 5492 1796 5545 per
1823 5492 1972 5530 mar-

392 5545 688 5617 tyrologos.
718 5545 981 5600 Joannem
1020 5564 1239 5616 quoque
1262 5548 1553 5601 diaconum
1583 5548 1785 5617 saecqu
1816 5562 1971 5617 _nono

391 5614 681 5687 scripsisse
730 5627 878 5685 gesta
929 5614 1228 5687 Clementis
1285 5633 1435 5686 papa:
1467 5616 1699 5687 legimus
1729 5616 1780 5669 iu
1809 5614 1965 5686 Sige-

394 5688 565 5756 bcrto,
592 5686 666 5740 De
679 5686 1019 5756 scriptoribus
1045 5688 1410 5743 ecclesiasticis
1435 5704 1552 5758 cap.
1587 5687 1705 5755 l07,
1732 5701 1967 5757 cumque

2079 5478 2327 5551 πρῶτος,
2352 5480 2618 5548 originem
2651 5481 2936 5551 ducensJa
2984 5478 3219 5551 diversis
3255 5478 3666 5551 exscriptorum

2079 5545 2393 5676 διὲιιιρῗέἰὶδέ
2414 5545 2555 5618 quas
2579 5548 2737 5604 retuli
2763 5549 2830 5603 ad
2852 5546 3141 5604 Constitut.
3180 5545 3407 5617 upostol.
3433 5545 3527 5603 lib.
3559 5563 3666 5615 vn,

2075 5635 2197 5677 can.
2310 5661 2322 5675 .
2399 5636 2492 5677 or.

2142 5636 2197 5693 p.
2234 5636 2322 5676 ιιο.
2353 5636 2492 5677 μοι’.
