3834 6220
445 228 549 288 583

1332 227 1389 285 8.
1429 227 1824 285 CLEMENTIS
1861 226 1881 283 ι
1912 226 2078 282 ROM.
2113 222 2317 280 PONT.
2345 222 2576 279 OPERA
2616 222 2849 280 DUBM.

3601 230 3700 283 584

444 351 721 424 praebebat
751 350 1176 407 immunitatem.
1224 346 1330 403 Sed
1361 356 1415 402 et
1451 363 1547 403 eos
1575 348 1667 418 qui
1708 362 1924 417 semper
1950 346 2018 399 ad

2123 340 2406 395 ἀτέλειανι
2444 339 2685 411 Παρῄνει
2725 339 2783 392 δὲ
2810 340 2902 393 καὶ
2938 341 3047 401 τοῖς
3090 338 3346 393 ἑκάστοτε
3380 339 3469 393 διὰ
3507 343 3567 394 τδ
3604 346 3699 414 κή-

444 446 599 500 illum
625 452 846 516 propter
868 442 1311 514 prredicatiunem
1338 450 1508 511 atque
1532 440 1842 494 doctrinam
1890 453 2023 492 con-

444 537 756 603 veniebant,
804 536 1152 605 maximeque
1181 548 1322 604 quos
1361 532 1571 587 sciebat
1609 530 1819 585 divitiis
1847 530 2026 584 abun-

441 629 596 692 dare,
637 636 692 682 et
720 626 911 697 largiri
942 639 1128 694 posse,
1173 623 1499 678 hortabatur
1530 636 1598 676 ne
1638 619 1806 675 semel
1830 628 2025 674 sancto

441 719 716 788 baptismo
747 724 1007 787 purgatos
1046 716 1292 770 sinerent
1346 712 1563 782 publice
1612 726 1643 766 a
1672 709 1878 765 Iudaeis
1908 709 2025 763 ino-

443 813 546 883 pia;
593 825 762 866 causa
811 809 1034 873 nutriri,
1088 806 1540 877 splendidamque
1590 805 1779 875 gratiae
1814 812 2020 857 vestem

443 905 656 974 impura
688 904 778 959 illa
803 902 1194 958 communione
1220 899 1491 970 polluere.
1523 896 1626 952 Per
1646 911 1770 967 quae
1803 896 1922 950 illos
1953 895 2020 949 ad

439 995 765 1066 explendam
794 994 1244 1049 calamitosorum
1275 989 1659 1046 necessitatem
1716 988 1853 1042 adeo
1901 988 2018 1041 ala-

438 1104 558 1144 cres
590 1088 872 1151 reddebat.
898 1098 956 1142 ut
978 1087 1031 1141 id
1053 1087 1323 1141 duntaxat
1341 1084 1555 1138 lucrum
1578 1080 2020 1153 putarent,un

437 1182 492 1237 in
522 1197 620 1238 eos
643 1180 1058 1252 impendissent.

504 1357 659 1414 (λιιι.
691 1357 828 1413 Cum
860 1373 993 1429 ergo
1022 1357 1097 1413 ita
1142 1365 1329 1428 ageret
1371 1364 1599 1413 sanctus
1627 1354 1908 1417 Clemens,
1960 1362 2017 1407 et

434 1451 508 1506 ita
544 1453 599 1505 in
623 1452 870 1505 omnium
894 1450 1095 1506 animis
1124 1461 1275 1505 esset
1305 1450 1855 1518 constitutus;atque
1879 1446 2015 1501 adeo

435 1554 542 1593 non
563 1547 773 1593 tantum
802 1536 1169 1603 Christianos,
1196 1536 1289 1591 sed
1312 1536 1478 1592 etiam
1513 1536 1663 1606 ipsos
1693 1533 1923 1605 gentiles
1950 1546 2014 1587 ae

430 1627 653 1685 Iudaeos
683 1645 712 1685 a
758 1646 857 1686 sua
889 1630 1074 1685 anima
1102 1638 1157 1685 et
1189 1628 1377 1700 lingua
1417 1628 1719 1700 pendentes
1750 1626 2009 1693 haberet;

2127 447 2312 504 ρυγμα
2339 433 2434 485 καί
2456 432 2557 503 τὴν
2581 429 2931 484 διδασκαλίαν
2966 430 3101 501 πρὸς
3138 431 3299 484 αὑτὸν
3322 431 3585 498 συνιοῦσι,
3613 435 3704 486 καὶ

2124 524 2361 595 μάλιστα
2386 523 2545 586 ὅσους
2569 524 2858 595 περιττοὺς
2883 523 3003 595 ᾔδει
3027 523 3106 595 τῷ
3134 522 3351 595 πλούτῳ
3371 523 3466 577 καὶ
3488 524 3629 596 πρὸς
3648 524 3705 576 τὸ

2120 612 2321 668 διδόναι
2364 613 2608 678 δυνατῶς
2652 613 2895 684 ἔχοντας,
2926 614 3001 686 μὴ
3043 614 3172 678 τοὺς
3208 613 3356 681 ἅπαξ
3397 614 3475 687 τῷ
3512 613 3704 685 βαπτί-

2124 722 2291 777 σματι
2316 705 2395 776 τῷ
2420 706 2560 777 ἀγίῳ
2590 704 2985 777 καθαρθέντας,
3014 708 3275 779 περιορᾷν
3298 707 3537 779 δημοσία
3559 710 3706 779 παρά

2120 798 2229 852 τῶν
2292 798 2559 853 Ἰουδαίων
2606 800 2974 871 τρεφομένους
3016 800 3086 853 δι’
3135 799 3405 870 ἀπορίαν,
3461 800 3559 853 καὶ
3613 800 3706 872 τὴν

2121 892 2379 965 λαμπρὰν
2414 892 2605 964 στολὴν
2654 891 2749 947 τοῦ
2774 892 3130 965 χαρίσματος,
3188 892 3278 945 διὰ
3325 892 3426 962 τῆς
3478 892 3707 960 ἐναγοῦς

2121 984 2337 1056 ἐκείνης
2360 984 2644 1048 κοινωνίας
2680 985 3022 1056 μολύνοντας.
3074 979 3283 1056 Ἀφ’ὧν
3316 986 3459 1041 οὕτω
3499 986 3707 1059 προθύ-

2122 1094 2239 1147 μως
2262 1076 2459 1141 αὐτοὺς
2487 1075 2663 1129 ἐποίει
2706 1078 2821 1141 τοῖς
2856 1077 3305 1150 βασανιζομένοις
3337 1078 3410 1132 τὰ
3436 1078 3577 1150 πρὸς
3608 1080 3709 1148 τὴν

2118 1168 2308 1240 χρείαν
2332 1168 2664 1233 ἀποδιδόναι,
2682 1170 2759 1234 ὡς
2781 1168 2943 1223 τοῦτό
2956 1188 3018 1241 γε
3038 1171 3199 1243 μόνον
3225 1171 3417 1244 κέρδος
3440 1170 3703 1243 νομίζειν,

2121 1251 2153 1307 δ
2202 1258 2270 1314 ἂν
2302 1262 2383 1324 εἰς
2416 1260 2615 1325 αὐτοὺς
2637 1260 2993 1315 ἀναλώσειαν.

2188 1351 2343 1406 CLII.
2371 1352 2528 1407 Οὕτω
2553 1354 2650 1425 μὲν
2668 1351 2763 1408 οὖν
2780 1356 2809 1407 ὁ
2984 1354 3099 1426 Κλή
3109 1371 3214 1426 μης
3236 1353 3395 1425 ἔχων,
3421 1354 3517 1408 καὶ
3531 1353 3705 1416 οὕτως

2116 1446 2175 1498 ὲν
2200 1448 2319 1509 ταῖς
2344 1446 2601 1499 ἀπάντων
2627 1446 2827 1518 ψυχαῖς
2851 1448 3121 1519 κείμενος,
3153 1448 3246 1500 καὶ
3260 1449 3321 1500 ού
3341 1446 3704 1518 Χριστιανοὺς

2119 1538 2300 1609 μόνον,
2335 1537 2472 1593 ἀλλά
2493 1538 2589 1593 καὶ
2611 1540 2812 1605 αὐτοὺς
2848 1541 3112 1611 ’Έλληνας
3137 1542 3231 1595 xal.
3282 1541 3571 1604 Ἰουδαίους
3602 1541 3706 1611 τῆς

2114 1633 2324 1697 οἰκείας
2362 1634 2456 1687 καί
2489 1633 2669 1705 ψυχῆς
2703 1634 2866 1688 πάλιν
2898 1634 3106 1698 ἐκεῖνος
3137 1634 3232 1689 καί
3254 1632 3502 1703 γλώττης
3528 1635 3705 1705 ἀνηρ-

431 1739 531 1795 per
562 1722 866 1777 Sisinninm
914 1722 1067 1777 illum
1100 1723 1239 1792 (erat
1265 1732 1447 1777 autem
1496 1720 1545 1777 is
1578 1718 1792 1774 amicus
1819 1716 2011 1773 Nerva:

2123 1726 2367 1797 τημένος,
2394 1726 2473 1797 τῷ
2499 1725 2748 1797 Σισιννίφ
2774 1726 2967 1798 ἐκείνῳ
2993 1726 3167 1797 (φίλος
3190 1727 3248 1781 δὲ
3279 1720 3434 1789 οὗτος
3475 1727 3557 1797 τῷ
3605 1726 3704 1796 βα-

431 1825 487 1871 et
515 1831 660 1871 unus
702 1832 769 1871 ex
806 1814 1192 1883 familiaribus)
1230 1815 1434 1871 odioet
1461 1812 1757 1870 calumniis
1785 1811 2009 1881 peteba-

431 1914 557 1975 tur;
602 1906 824 1977 quando
850 1906 1139 1977 eonjugem
1161 1904 1506 1961 Theodoram
1534 1903 1813 1959 Sisinnius
1841 1900 2013 1957 sensit

428 1999 729 2056 Clementis
756 2000 1023 2056 doctrinae
1054 2014 1243 2055 amore
1273 2006 1490 2070 captam
1518 2012 1661 2061 esse,
1706 2006 1761 2051 et
1783 1997 2008 2051 domum

427 2096 672 2167 quidem,
726 2094 929 2150 liberos
960 2110 1026 2148 ac
1071 2094 1251 2149 virum
1302 2092 1601 2163 negligere,
1653 2098 1825 2145 totam
1878 2103 2010 2143 vero

426 2185 700 2242 Clementi
745 2186 1049 2253 adhzercre,
1100 2185 1169 2241 ad
1219 2200 1347 2240 eum
1400 2182 1628 2239 assiduo
1675 2182 2004 2243 adventare,

425 2280 675 2350 adeoque
718 2280 773 2333 in
822 2278 1009 2333 animo
1046 2292 1148 2333 suo
1188 2292 1406 2347 semper
1446 2276 1600 2331 illum
1646 2273 2010 2344 spiritualiter

425 2371 590 2428 ferre.
625 2373 693 2427 At
716 2371 1008 2426 Theodora
1040 2386 1162 2441 quat
1186 2370 1460 2425 suavitate
1488 2368 1691 2439 lingua:
1717 2381 1783 2421 ac
1804 2364 2004 2420 verbo-

423 2481 549 2521 rum
593 2464 892 2521 Clementis
940 2464 1120 2519 illecta
1161 2472 1302 2528 erat,
1335 2462 1670 2531 Christoque
1702 2475 1799 2530 per
1848 2458 2004 2512 illum

422 2557 752 2622 crediderat,
803 2556 1088 2611 ardentius
1118 2554 1378 2625 pietatem
1407 2553 1751 2623 capessebat,
1800 2550 2005 2621 psalle-

424 2650 519 2704 bat
558 2649 845 2714 continue,
882 2662 985 2702 nec
1026 2647 1095 2701 ab
1129 2646 1237 2700 ulla
1283 2646 1475 2717 synaxi
1507 2659 1605 2700 seu
1654 2642 2005 2698 Christiano-

422 2755 547 2797 rum
572 2739 997 2811 congregatione
1026 2738 1237 2794 aberat.

492 2830 673 2887 CLlll.
754 2830 1034 2888 Sisinnius
1105 2844 1238 2885 vero
1308 2828 1495 2899 iniqua
1558 2827 1825 2898 zelotypia
1905 2828 2004 2883 st}-

421 2928 685 2993 mulatus,
732 2923 963 2981 insidias
1014 2922 1281 2979 adversus
1325 2935 1551 2975 uxorem
1608 2919 1999 2986 meditabatur,

421 3020 772 3112 singulisque
790 3017 985 3073 diebus
1017 3015 1338 3112 armabatur
1367 3014 1454 3112 ab-
1467 3027 1534 3068 eo
1558 3012 1779 3068 affectu.
1831 3011 1997 3067 Cum-
2027 3054 2069 3112 C

417 3127 527 3183 quc
554 3127 674 3166 eam
707 3109 1004 3180 aliquando
1052 3107 1341 3162 abeuntem
1389 3104 1457 3160 ad
1508 3105 1760 3176 synaxim
1801 3105 1996 3158 obser-

417 3209 624 3263 vasset,
649 3200 791 3255 clam
822 3214 948 3253 cum
982 3197 1206 3253 famulis
1247 3197 1364 3267 ipse
1393 3210 1613 3266 quoque
1646 3196 1701 3249 in
1737 3195 1998 3266 templum

417 3296 701 3365 ingressus
731 3300 837 3356 est,
873 3298 933 3346 ut
967 3291 1185 3345 curiose
1217 3289 1544 3359 inquireret,
1583 3286 2001 3343 ctanimadver—

422 3396 562 3443 teret
608 3395 807 3441 cuncta
868 3399 992 3455 qua:
1041 3384 1094 3437 in
1127 3398 1193 3439 eo
1233 3390 1572 3453 gererentur,
1623 3393 1874 3450 quasque
1927 3378 2000 3433 ob

414 3494 615 3533 causas
638 3476 929 3531 'f‘heodora
963 3490 1030 3530 eo
1058 3475 1281 3530 assidue
1319 3473 1783 3543 proficisceretur.
1818 3471 1997 3527 Ctete-

417 3588 538 3627 rum
570 3569 880 3625 admirabili
907 3568 1188 3622 Clemente
1220 3566 1439 3621 solitam
1470 3563 1760 3619 confestim
1807 3579 1995 3620 sacro-

412 3679 537 3719 rum
573 3664 904 3735 hymnorum
931 3660 1236 3715 orationem
1283 3656 1535 3728 praefato,
1582 3655 1861 3711 Sisinnius
1889 3670 1995 3709 ca:-

412 3768 513 3810 ωε
543 3768 607 3807 ac
650 3752 854 3806 surdus
896 3750 1042 3803 illico
1081 3747 1306 3802 effectus
1335 3756 1443 3809 est,
1471 3745 1544 3799 ita
1575 3755 1635 3798 ut
1666 3759 1765 3799 nec
1803 3743 1995 3797 audire

412 3862 515 3902 nec
546 3845 728 3899 videre
751 3850 955 3914 posset.
979 3841 1404 3910 Conversusque
1433 3838 1501 3893 ad
1536 3836 1777 3891 farnulos
1806 3854 1819 3890 :
1852 3834 1990 3889 Pre-

410 3938 635 3995 hendite
667 3952 775 4002 me,
803 3936 1000 4005 inquit,
1030 3942 1085 3989 et
1116 3933 1184 3988 ad
1210 3934 1436 3988 domum
1488 3946 1651 3985 manu
1687 3928 1939 3983 deducite
1971 3943 1986 3978 :

407 4027 753 4098 repentinum
788 4026 989 4096 quippe
1022 4024 1228 4077 malum
1268 4020 1490 4093 aliquod
1522 4021 1576 4074 in
1610 4035 1697 4074 me
1730 4018 1948 4073 irruens
1970 4060 1986 4083 ,

407 4134 586 4189 neque
611 4118 803 4172 audire
832 4131 1011 4186 neque
1040 4129 1267 4170 cernere
1293 4112 1579 4184 permittit.

474 4206 656 4264 CLIV.
696 4206 884 4277 Itaque
912 4206 1163 4275 protinus
1217 4219 1441 4259 manum
1483 4202 1531 4257 ei
1575 4200 1863 4272 porrigunt
1905 4197 1987 4253 fa-

405 4302 562 4367 muli,
594 4309 649 4355 et
696 4300 978 4354 abducunt
1021 4296 1089 4351 ad
1137 4296 1386 4350 domum.
1419 4293 1587 4349 Exire
1643 4302 1829 4348 autem
1874 4307 1982 4345 non

2114 1820 2253 1873 σιλεῖ
2284 1820 2502 1893 Νερούα
2537 1821 2633 1874 καὶ
2662 1820 2775 1875 τῶν
2806 1820 3152 1891 ἐπιτηδείων)
3187 1822 3430 1892 ἐμισεῖτο
3468 1822 3567 1875 καὶ
3590 1822 3704 1874 διε-

2110 1911 2359 1976 ϐάλλετο,
2409 1913 2598 1985 ἐπειδὴ
2642 1913 2742 1984 τὴν
2790 1912 3022 1981 σύζυγον
3057 1911 3338 1985 Θεοδώραν
3369 1912 3403 1965 ὁ
3441 1912 3705 1975 Σισίννιος

2111 2004 2452 2078 ὐπῃσθάνετο
2470 2004 2635 2075 ἔρωτι
2664 2004 2767 2075 τῆς
2787 2005 2998 2058 ἐκείνου
3025 2005 3375 2069 διδασκαλίας
3409 2005 3705 2076 ἀλισκςμέ-

2109 2114 2209 2167 νην
2227 2114 2239 2127 ·
2268 2098 2361 2151 καὶ
2376 2096 2526 2151 οἴκου
2551 2097 2653 2170 μὲν
2673 2098 2768 2151 καί
2793 2097 3001 2150 παίδων
3026 2098 3119 2150 καὶ
3143 2097 3336 2169 ἀνδρὸς
3361 2097 3702 2168 ἀμελοῦσαν,

2108 2188 2237 2258 ὅλην
2258 2187 2316 2241 δδ
2345 2187 2424 2260 τῷ
2446 2188 2726 2259 Κλήμεντι
2759 2188 3183 2260 προσκειμένην,
3220 2190 3315 2242 καὶ
3351 2188 3503 2260 αύτῷ
3544 2206 3699 2243 συνε-

2108 2280 2219 2352 χῶς
2263 2280 2558 2351 φοιτῶσαν,
2606 2282 2701 2335 καὶ
2743 2280 2935 2335 τοῦτον
2970 2282 3015 2316 ³⁸
3047 2282 3209 2336 πάλιν
3236 2283 3331 2336 ἐπὶ
3368 2283 3469 2352 τῆς
3490 2282 3702 2347 οἰκείας

2106 2372 2284 2443 ψυχῆς
2318 2373 2405 2426 ἀεὶ
2438 2372 2823 2444 πνευματικῶς
2868 2373 3293 2445 περιφέρουσαν.
3344 2374 3486 2426 Ἀλλ’
3528 2375 3562 2445 ἡ
3601 2374 3699 2445 μὲν

2106 2462 2359 2536 Θεοδώρα
2382 2467 2449 2537 τῇ
2479 2465 2690 2537 σειρῆνι
2722 2465 2821 2536 τῆς
2847 2464 2941 2518 τοῦ
2977 2465 3294 2537 Κλήμεντος
3318 2464 3571 2535 γλώττης
3594 2484 3689 2519 κα-

2104 2556 2485 2629 ταθελχθεῖσα,
2522 2556 2718 2628 καὶτῷ
2747 2556 2972 2637 ξξριστῷ
2996 2557 3066 2610 δι’
3092 2557 3304 2611 ἐκείνου
3330 2558 3699 2621 πιστεύσασα,

2106 2647 2436 2720 θερμότερον
2460 2649 2797 2703 ἀντεποιεῖτο
2828 2647 2931 2719 τῆς
2963 2647 3266 2712 εὐσεϐείας,
3302 2650 3399 2701 καὶ
3429 2648 3698 2719 διηνεκῶς

2105 2724 2322 2813 ἔψαλλε,
2358 2740 2455 2794 καὶ
2476 2740 2576 2794 οὐκ
2602 2739 3011 2811 ἁπελιμπάνετο
3034 2741 3137 2812 τῆς
3163 2739 3457 2806 συνάξεως.

2175 2830 2355 2887 CLill.
2395 2831 2453 2885 '0
2484 2831 2748 2894 Σισίννιος
2769 2830 2825 2884 δὲ
2860 2830 2966 2884 ὑπὸ
2996 2831 3097 2903 τῆς
3132 2830 3321 2886 ἀδίκου
3360 2831 3699 2902 ζηλοτυπίας

2103 2923 2482 2996 κεντούμενος,
2513 2922 2806 2995 ἐπιϐουλὴν
2832 2922 2975 2977 κατὰ
3010 2922 3114 2993 τῆς
3146 2922 3409 2991 γυναικὸς
3434 2924 3693 2994 ἐμελέτα,

2103 3018 2197 3073 καὶ
2230 3016 2335 3071 ὑπὸ
2358 3016 2453 3070 τοῦ
2480 3015 2688 3080 πάθους
2709 3014 2831 3069 καθ’
2851 3016 3087 3086 ἑκάστην
3110 3016 3379 3081 ὡπλίζετο
3420 3018 3522 3088 τὴν
3551 3018 3697 3089 ἡμέ-

2108 3127 2223 3185 ραν.
2262 3110 2373 3163 Καὶ
2406 3109 2468 3183 δή
2506 3127 2658 3174 ποτε,
2696 3110 2944 3180 τηρήσας
2967 3109 3137 3179 αὐτὴν
3165 3110 3302 3181 πρὸς
3332 3109 3435 3181 τὴν
3468 3110 3696 3179 σύναξιν

2104 3199 2390 3267 ἀπιοῦσαν,
2424 3200 2599 3274 λάθρα
2627 3201 2765 3273 μετὰ
2785 3201 2893 3254 τῶν
2918 3202 3147 3255 οἰκετῶν
3180 3205 3275 3256 καὶ
3307 3204 3471 3267 αὐτὸς
3496 3206 3582 3267 εἰς
3602 3208 3695 3259 τὸν

2102 3293 2228 3347 ναὸν
2261 3292 2648 3365 παρεισῆλθεν,
2700 3292 2840 3363 ὥστε
2884 3294 3354 3366 περιεργάσασθαι
3392 3297 3489 3349 καὶ
3523 3314 3697 3351 κατα-

2105 3385 2297 3457 μαθεῖν
2320 3386 2388 3439 τά
2413 3388 2470 3438 ὲν
2494 3386 2641 3457 αὐτῷ
2668 3385 2845 3439 πάντα
2879 3387 3198 3459 τελούμενα,
3229 3388 3326 3441 καὶ
3362 3381 3438 3441 ὧν
3465 3389 3633 3461 χάριν
3658 3391 3694 3463 η

2100 3478 2352 3551 Θεοδὼρα
2389 3478 2630 3549 συνεχῶς
2655 3480 2771 3531 ἐκεῖ
2795 3479 3124 3549 ἀφικνεῖται.
3164 3479 3270 3533 Τοῦ
3288 3478 3605 3550 θαυμασίου
3632 3481 3691 3534 δὲ

2100 3568 2417 3640 Κλήμεντος
2438 3569 2535 3639 τὴν
2563 3566 2767 3639 συνήθη
2794 3571 3139 3641 παραχρῆμα
3170 3569 3279 3621 τῶν
3308 3570 3469 3641 ἱερῶν
3499 3571 3692 3642 ὓμνων

2096 3660 2263 3731 εὐχὴν
2290 3658 2662 3729 προειπόντος,
2697 3656 2896 3725 τυφλὸς
2928 3658 3090 3721 εὐθὺς
3109 3658 3139 3709 ό
3164 3658 3428 3721 Σισίννιος
3467 3660 3691 3728 ἐγένετο

2096 3750 2190 3803 καὶ
2217 3748 2416 3819 κωφὸς,
2442 3748 2517 3811 ὡς
2548 3748 2684 3819 μήτε
2711 3747 2930 3801 ἀκούειν
2951 3750 3086 3819 μήτε
3111 3750 3243 3819 ὀρᾷν
3269 3748 3552 3805 δύνασθαι.
3573 3754 3691 3807 Καὶ

2096 3841 2233 3914 πρὸς
2255 3842 2383 3905 τοὺς
2406 3839 2625 3902 οἰκέτας
2661 3839 3035 3911 ἐπιστραφείς
3066 3839 3274 3893 Λάὁετέ
3304 3858 3392 3912 με,
3430 3842 3560 3915 ἔφη,
3589 3845 3691 3900 καὶ

2094 3934 2231 4007 πρὸς
2252 3933 2351 4005 τὴν
2369 3932 2546 3986 οἰκίαν
2571 3932 3021 4003 χειραγωγήσατε
3041 3948 3055 3961 ο
3082 3931 3279 4003 ἀθρόον
3301 3933 3414 4006 γάρ
3440 3951 3494 3987 τι
3520 3954 3691 3989 κατα-

2094 4025 2311 4096 σκῆψαν
2348 4026 2429 4087 εἰς
2466 4023 2568 4095 ἐμὲ
2616 4023 2786 4077 κακὸν
2829 4022 2953 4076 οὔτε
2993 4022 3234 4089 ἀκούειν,
3276 4024 3404 4078 οὔτε
3456 4025 3687 4094 βλέπειν

2090 4116 2293 4189 ἀνίησι.

2157 4207 2337 4263 CLIV.
2394 4208 2569 4280 Χεῖρα
2614 4208 2713 4279 μὲν
2767 4205 2861 4263 οῦν
2908 4207 3072 4272 εὐθὺς
3111 4209 3395 4279 όρέγουσιν
3440 4211 3594 4284 αὐτῷ
3631 4214 3687 4266 οἰ

2088 4301 2319 4366 οἰκέται,
2346 4301 2440 4354 καὶ
2471 4299 2764 4371 ἀπαίρουσι
2797 4299 2958 4371 δῆθεν
2983 4300 3120 4371 πρὸς
3144 4301 3243 4373 τὴν
3267 4302 3467 4357 οἰκίαν.
3501 4303 3685 4372 Ἐξελ-

403 4400 680 4464 poterant,
706 4391 831 4445 licet
859 4398 972 4444 tota
1011 4387 1196 4457 templi
1225 4387 1396 4457 janua
1421 4395 1619 4457 aperta
1653 4394 1833 4441 esset:
1889 4385 1983 4440 scd
2018 4392 2020 4400 ‘

2125 4396 2203 4447 εῖν
2243 4393 2300 4446 δὲ
2339 4393 2440 4445 ούκ
2479 4387 2645 4463 εἶχον,
2684 4392 2864 4445 καίτοι
2899 4408 2962 4461 γε
2997 4391 3180 4463 πάσης
3216 4391 3312 4446 τοῦ
3336 4394 3468 4447 ναοῦ
3499 4397 3684 4468 πύλης

401 4495 526 4535 eum
560 4495 655 4550 per
689 4487 858 4533 totam
885 4477 1174 4532 ecclesiam
1208 4476 1516 4543 ducebant,
1545 4475 1689 4531 inter
1736 4474 1984 4529 multitu-

2090 4484 2465 4555 ἀνεῳγμένης,
2503 4482 2641 4536 ἀλλὰ
2676 4480 2767 4536 διά
2806 4481 2989 4552 πάσης
3013 4482 3177 4536 αὐτόν
3200 4498 3261 4536 τε
3284 4484 3551 4556 περιῆγον
3574 4488 3684 4559 τῆς

401 4576 586 4629 dinem
617 4572 953 4629 canentium.
998 4569 1357 4625 Praecluserat
1377 4567 1524 4624 enim
1552 4568 1633 4624 eis
1665 4568 1875 4623 exitum
1900 4568 1981 4623 vis

2123 4575 2404 4647 κκλησίας,
2440 4573 2543 4627 ἀνὰ
2586 4574 2646 4626 τὸ
2685 4572 2795 4626 τῶν
2838 4572 3071 4645 ᾀδόντων
3105 4574 3331 4644 πλῆθος.
3387 4576 3681 4632 Ἀπὲκλειε

399 4668 608 4732 divina,
638 4663 1047 4737 prudentiorem
1076 4662 1303 4717 reddere
1329 4660 1518 4715 volens
1548 4661 1775 4715 stultum
1800 4660 1976 4715 illum.

2127 4667 2195 4739 ἀρ
2225 4667 2326 4739 τὴν
2352 4665 2530 4732 ἔξοδον
2550 4664 2734 4727 αὐτοῖς
2748 4662 2976 4734 δύναμις
2999 4662 3271 4737 θειοτέρα,
3308 4669 3683 4739 σωφρονέστε-

397 4756 807 4814 Circumeundo
849 4764 1035 4809 autem
1087 4754 1292 4822 ubique
1341 4768 1439 4823 per
1482 4752 1770 4823 templum,
1815 4751 1977 4808 uxori

2125 4774 2183 4811 ον
2230 4757 2322 4810 τὸν
2379 4756 2604 4828 ἀνόητον
2659 4756 2871 4807 ἐκεῖνον
2924 4754 3285 4827 ἐργαζομένη.
3354 4759 3679 4831 Περιῖόντες

396 4851 517 4921 ejus
557 4847 801 4920 precanti
838 4855 1162 4902 occurrunt.
1211 4843 1278 4900 Et
1310 4845 1401 4899 illa
1432 4844 1611 4899 virum
1648 4860 1772 4899 cum
1804 4843 1980 4899 servis

2123 4848 2262 4901 οίνυν
2278 4846 2552 4917 πανταχοῦ
2568 4845 2663 4900 τοῦ
2678 4846 2829 4911 ναοῦ,
2844 4847 3227 4918 ἐντυγχάνουσι
3250 4852 3676 4925 προσευχομένη

397 4943 615 5007 iutuita,
649 4939 828 5010 primo
869 4938 1091 5008 quidem
1138 4936 1332 4991 oculos
1360 4936 1602 5003 deﬂexit,
1626 4935 1800 4990 verita
1829 4950 1896 4990 ne
1926 4943 1982 4989 et

2123 4943 2146 5011 ᾗ
2180 4940 2344 4994 αὑτοῦ
2372 4939 2610 5011 συζύγῳ.
2652 4941 2898 5013 Κάκείνη
2922 4942 3013 4995 τὸν
3047 4943 3219 5015 ἄνδρα
3253 4943 3354 4995 σὺν
3384 4946 3500 5007 τοῖς
3526 4945 3675 4998 οίκὲο

396 5036 514 5104 ipse
553 5049 674 5087 eam
706 5034 955 5087 videret:
991 5031 1128 5086 nihil
1160 5031 1361 5101 quippe
1404 5029 1586 5084 adhuc
1625 5044 1818 5083 eorum
1856 5044 1979 5099 quae

397 5135 546 5194 gesta
580 5131 737 5178 erant
761 5122 969 5178 sciebat
997 5120 1319 5176 Theodora:
1347 5129 1533 5191 postea
1562 5128 1744 5173 autem
1777 5133 1890 5173 uno
1912 5135 1975 5173 ex

394 5217 614 5272 famulis
636 5214 925 5281 accersito,
948 5229 1176 5270 causam
1197 5213 1442 5283 rogabat,
1473 5219 1691 5282 propter
1713 5226 1877 5281 quam
1904 5211 1977 5265 ita

392 5328 517 5366 cum
547 5313 652 5367 illis
677 5313 909 5367 maritus
944 5328 1041 5382 per
1066 5309 1329 5379 templum
1361 5307 1662 5361 oberraret.
1694 5304 1773 5360 Ac
1805 5305 1895 5359 ille
1917 5307 1966 5360 ei

388 5404 576 5459 oninia
599 5404 1154 5475 enarratdiligenter;
1178 5410 1293 5458 tum
1320 5398 1785 5471 quemadmodum
1816 5408 1972 5467 post-

2077 5050 2200 5096 ταις
2245 5031 2447 5096 ἰδοῦσα,
2476 5031 2670 5103 πρῶτα
2696 5035 2794 5104 μὲν
2821 5032 3059 5087 ἐκκλίνει
3085 5033 3181 5105 τὴν
3205 5033 3357 5099 θέαν,
3391 5034 3676 5089 δεδοικυῖα

2084 5125 2157 5196 μὴ
2185 5126 2277 5178 καί
2295 5121 2447 5189 οὗτος
2462 5126 2631 5196 αὐτὴν
2658 5125 2776 5179 ἴδοιο
2808 5126 2959 5180 οὐδὲν
2978 5124 3087 5198 γὰρ
3103 5126 3241 5190 τέως
3259 5125 3370 5178 τῶν
3392 5126 3673 5197 πραχθέν-

2075 5234 2185 5270 των
2210 5218 2241 5287 ὴ
2273 5216 2523 5289 Θεοδώρα
2556 5218 2673 5289 ᾔδει
2692 5235 2705 5247 ·
2742 5217 2935 5272 ἔπειτα
2959 5217 3015 5270 δὲ
3047 5218 3159 5272 τῶν
3178 5217 3408 5271 οἰκετῶν
3434 5218 3537 5273 ἕνα
3567 5236 3671 5290 με-

2074 5308 2510 5381 τακαλεσαμένη,
2563 5308 2662 5379 τὴν
2694 5309 2874 5363 αἰτίαν
2912 5307 3122 5381 ἠρώτα,
3167 5310 3235 5363 δι’
3274 5309 3344 5381 ἢν
3390 5310 3542 5364 οὕτω
3567 5310 3672 5363 σὺν

2076 5398 2259 5462 αὐτοῖς
2300 5400 2329 5451 ὁ
2370 5399 2507 5471 ἀνὴρ
2546 5398 2649 5453 ἀνά
2686 5398 2778 5453 τὸν
2821 5399 2950 5453 ναὸν
2984 5398 3347 5473 περιέρχοιτο.
3392 5400 3670 5461 Κάκεῖνος

1701 5571 1940 5631 ἾΑΒΙᾹΞ
1978 5573 2381 5633 LECTIONES.

465 5678 511 5713 ⁸⁸
527 5682 677 5739 deest
710 5681 762 5736 in
788 5682 860 5737 al.
