3834 6220
175 322 283 376 585

958 324 1505 382 CLEMENTINA.—
1535 325 1836 382 ΕΡΙΤΟΜΕ
1875 325 1962 380 DE
1997 324 2242 380 GESTIS
2283 327 2342 379 S.
2384 323 2604 379 PETRI.

3319 328 3422 384 586

172 441 313 514 αὐτῇ
362 444 535 498 πάντα
578 444 868 513 καταλέγει
913 446 1007 499 σὺν
1031 448 1309 520 ἀκριϐείαδ
1345 449 1492 512 ὅπως
1519 467 1578 502 τε
1617 448 1754 519 μετά

1866 463 2020 516 quam
2054 446 2144 502 illa
2173 447 2338 503 domo
2368 446 2614 510 exiisset,
2647 445 2786 500 clam
2816 443 2980 499 etiam
3015 444 3117 513 ipsi
3144 443 3209 497 ad
3250 443 3425 499 eccle-

180 534 273 605 τὴν
293 537 378 588 .ὲκ
409 535 503 588 τοῦ
529 536 681 591 οἴκου
726 538 897 610 αὐτῆς
931 538 1303 612 ὑποχώρησιν,
1338 539 1513 612 λάθρα
1537 539 1633 611 τὴν
1660 541 1753 592 ἐκ-

175 624 410 693 κλησίαν
436 628 530 680 καὶ
555 628 709 680 αὐτοὶ
733 628 1109 684 καταλάϐοιενο
1160 632 1255 684 καὶ
1281 632 1448 695 ὅπως,
1473 629 1570 701 τὴν
1593 630 1755 701 εὐχὴν

171 711 266 764 τοῦ
297 715 642 786 πατριάρχου
663 715 1091 782 διατελέσαντος,
1111 720 1308 789 τυφλὸς
1328 719 1489 784 εὐθὺς
1510 722 1538 772 ὁ
1569 720 1759 790 γύριος

172 803 357 856 αὐτῶν
405 805 615 874 γένοιτο
665 808 760 860 καὶ
810 808 1011 877 κωφός.
1040 809 1151 864 Καὶ
1182 810 1257 873 ὡς
1289 803 1611 881 προστάξειε
1658 810 1755 880 μὲν

172 895 363 959 αὐτοῖς
390 897 800 968 χειραγωγῆσαι
827 898 989 952 αὐτὸν
1015 899 1108 953 ἐπὶ
1149 899 1247 972 τὴν
1285 901 1483 964 οἰκίαν,
1532 900 1755 970 οὐδεμία

170 987 228 1040 δὲ
252 988 445 1052 αὐτοῖς
464 988 663 1055 ἔξοδος,
692 990 870 1043 καίτοι
897 989 1072 1043 πολλὰ
1094 991 1330 1062 καμοῦσι
1363 993 1458 1046 καὶ
1484 990 1755 1061 πανταχοῦ

170 1081 272 1151 τῆς
295 1080 595 1151 ἐκκλησίας
622 1080 1018 1153 περιελθοῦσιν,
1057 1083 1381 1154 εὑρίσκεται.

242 1171 406 1227 CLV.
438 1172 653 1225 Τούτων
695 1172 877 1242 ἐκείνη
916 1171 1219 1236 ἀκούσασα,
1267 1173 1497 1243 συνῆκεν
1535 1173 1755 1239 εὐθέως,

172 1264 294 1333 ὅθεν
334 1268 370 1335 ἡ
415 1264 525 1317 τῶν
558 1263 709 1319 ῶτων
738 1263 888 1334 αὐτῷ
935 1264 1029 1317 καὶ
1058 1264 1165 1317 τῶν
1187 1263 1480 1335 ὀφθαλμῶν
1509 1266 1755 1337 πήρωσις

169 1352 237 1427 ἦν
252 1378 265 1387 -
292 1357 391 1411 καὶ
410 1356 603 1429 βοηθὸς
624 1357 668 1387 ³⁸
684 1356 897 1427 άληθῶς
922 1355 1070 1427 αὐτῷ
1096 1356 1323 1425 γίνεται.
1354 1357 1634 1428 Τραπεῖσα
1651 1356 1757 1428 γὰρ

173 1448 252 1510 εἰς
278 1447 449 1518 εὐχὴν
473 1447 696 1511 αὐτίκα,
742 1446 836 1501 καὶ
860 1447 1071 1518 δάκρυα
1097 1446 1234 1517 μετά
1264 1447 1364 1517 τῆς
1389 1446 1555 1517 εὐχῆς
1582 1446 1760 1518 θερμά

173 1539 373 1609 χέουσα
406 1539 474 1603 ⁸⁵,
505 1538 675 1592 ἐδεῖτο
717 1538 809 1591 τοῦ
836 1538 991 1601 Θεοῦ,
1019 1538 1159 1625 ῶκστε
1193 1539 1291 1611 τὴν
1318 1538 1492 1604 ἔξοδον
1533 1539 1757 1609 ἐπιτρα-

174 1636 343 1707 πῆναι
376 1635 456 1707 τῷ
487 1635 755 1705 Σισιννίῳ,
784 1636 877 1688 καὶ
917 1634 1099 1688 οἴκαδε
1133 1633 1469 1705 ὑποστρέψαι
1503 1633 1548 1665 ³⁸
1575 1631 1754 1687 αὐτόν.

173 1728 282 1781 Καὶ
315 1726 457 1797 πρὸς
488 1725 614 1787 τοὺς
658 1724 874 1787 οἰκέτας
916 1725 1338 1795 ἐπιπραφεῖσα·
1369 1721 1506 1793 (ᾔδει
1539 1722 1647 1793 γὰρ
1682 1722 1758 1786 ὡς

172 1816 293 1871 οῦδέ
325 1817 421 1870 τὸν
455 1816 625 1888 ἄνδρα
658 1815 978 1887 περιόψεται
1018 1815 1234 1878 πάντως
1255 1818 1284 1868 ὁ
1316 1815 1537 1885 ἐκείνης
1564 1814 1750 1886 Θεός)·

179 1908 411 1975 ¹Ἄγετε,
460 1905 617 1976 φησὶ,
662 1904 753 1959 τὸν
792 1904 979 1976 κύριον
1023 1905 1176 1976 ὑμῶν
1212 1904 1347 1976 πρὸς
1389 1904 1429 1936 ³⁷
1474 1902 1565 1959 τὸν
1612 1903 1757 1957 οἷκον

172 1999 653 2071 χειραγωγήσατε·
685 1996 1086 2067 καταλαμϐάνω
1110 1995 1167 2048 δὲ
1204 1995 1342 2067 μετά
1383 1993 1556 2067 βραχὺ
1597 1995 1754 2067 αὐτή.

173 2089 363 2144 Ταῦτα
406 2090 533 2160 ἔφη,
570 2088 664 2143 καὶ
699 2088 857 2160 ῥᾳδία
892 2088 925 2158 ἡ
958 2086 1134 2153 ἔξοδος
1167 2086 1327 2150 εὐθὺς
1369 2089 1481 2150 τοῖς
1522 2086 1758 2148 οἰκέταις

174 2180 413 2249 ἐγένετο.
443 2179 554 2233 Καὶ
579 2181 607 2231 ὁ
639 2178 900 2242 Σισίννιος
931 2177 1239 2249 ὀφθαλμοὺς
1265 2176 1344 2229 ἔτι
1377 2178 1469 2231 καὶ
1506 2170 1619 2230 ὦτα
1664 2193 1759 2228 πε-

174 2271 525 2342 πηρωμένος,
550 2271 971 2341 ἐχειραγωγεῖτο
997 2268 1137 2339 πρὸς
1161 2267 1258 2339 τὴν
1284 2270 1483 2323 οἰκίαν.
1520 2270 1583 2321 υἱ
1610 2267 1757 2321 οἰκέ-

173 2379 262 2414 ται
305 2361 491 2415 τοίνυν
550 2362 792 2425 ἐλθόντες
828 2359 982 2433 παρὰ
1004 2361 1101 2433 τὴν
1136 2360 1436 2433 Θεοδὼραν,
1479 2361 1573 2413 καὶ
1605 2355 1758 2423 αὖθις

176 2452 252 2506 ἔτι
278 2455 465 2524 κωφὸν
488 2450 628 2507 εἶναι
651 2454 745 2507 καὶ
766 2440 964 2523 τυιίῖλὸν
988 2452 1078 2507 τὸν
1101 2451 1307 2505 ἑαυτῶν
1327 2451 1759 2522 ἀπαγγέλλουσιν

176 2543 380 2615 κύριον.
435 2543 548 2598 Καὶ
573 2542 715 2614 αὐτὴ
742 2543 1113 2614 συντονωτέρᾳ
1158 2542 1317 2596 πάλιν
1346 2540 1484 2614 πρὸς
1513 2542 1606 2597 τὸν
1627 2544 1760 2598 Θεὸν

175 2639 240 2709 τῇ
275 2638 464 2709 δεήσει
497 2638 591 2691 καὶ
623 2636 973 2707 θερμοτέροις
1022 2635 1191 2687 ἐδεῖτο
1239 2635 1284 2666 ³⁸
1324 2639 1436 2699 τοῖς
1479 2635 1758 2709 δάκρυσιν,

177 2728 315 2801 ῶσξε
339 2730 435 2783 τὸν
468 2727 638 2799 ἄνδρα
662 2726 757 2780 τοῦ
792 2726 1000 2790 πάθους
1024 2724 1432 2797 ἀπαλλαγῆναι·
1459 2726 1559 2798 ἥδη
1583 2725 1639 2780 δὲ
1669 2726 1762 2780 καὶ

180 2820 272 2876 τοῦ
326 2819 673 2892 πατριάρχου
722 2819 821 2889 τὴν
884 2817 1035 2889 ἱερὰν
1092 2817 1474 2880 ἐκτελέσαντος
1519 2817 1761 2890 λειτουρ-

177 2912 298 2981 γίαν
320 2911 459 2983 (20),
492 2910 678 2964 πίπτει
696 2909 828 2981 πρὸς
850 2909 975 2971 τοὺς
998 2907 1160 2961 αὐτοῦ
1176 2906 1765 2979 πῶαςὴΘεοδώρα,καὶ

178 3004 273 3075 τὴν
288 3004 535 3075 πήρωσιν
545 3000 637 3054 τοῦ
658 2999 847 3072 ἀνδρὸς
872 2999 1199 3069 ἀπαγγέλλει
1232 2999 1326 3053 καὶ
1341 3000 1507 3052 δεῖται
1532 2999 1625 3052 καί
1656 2998 1766 3052 ίκε-

179 3092 340 3158 τεύει,
364 3090 680 3162 καίδάκρυα
693 3089 801 3143 τῶν
827 3088 1002 3142 ποδῶν
1024 3089 1302 3160 καταχέει,
1334 3087 1763 3161 θεραπεῦσαιτῷ
1788 3124 1834 3186 c

180 3182 329 3253 ἀνδρὶ
347 3188 411 3235 τὸ
436 3181 625 3248 πάθος,
660 3183 751 3235 καὶ
778 3181 852 3253 μὴ
878 3181 1019 3234 οὕτω
1045 3181 1305 3253 περιιδεῖν
1330 3181 1514 3244 κακῶς
1547 3180 1758 3253 έχοντα.

249 3274 431 3330 CLVI.
463 3274 679 3328 Τούτων
711 3275 739 3327 ό
783 3274 1051 3347 μακάριος
1090 3272 1325 3347 Κλήμης
1371 3273 1632 3337 ἀκούσας,
1669 3272 1764 3326 καὶ¹

184 3368 363 3422 παθὼν
391 3369 487 3421 ἐπὶ
512 3369 578 3438 τῇ
604 3366 705 3437 τῆς
732 3368 989 3436 γυναικὸς
1031 3368 1286 3438 συμφορᾷ
1314 3365 1412 3436 τὴν
1439 3365 1643 3437 ψυχὴν,
1682 3365 1763 3427 εἰς

184 3461 385 3532 δάκρυα
409 3461 507 3515 καὶ
546 3458 706 3522 αὐτὸς
734 3457 945 3529 φανερά
973 3457 1295 3526 κατάγεται,
1338 3457 1433 3511 καὶ
1462 3455 1765 3528 προτρέπε-

183 3571 267 3607 ται
306 3554 435 3617 τοὺς
478 3551 752 3623 παρόντας
792 3552 947 3622 κοινῇ
984 3549 1078 3603 τοῦ
1118 3547 1254 3602 Θεοῦ
1301 3545 1581 3619 δεηθῆναι,
1624 3547 1762 3623 ὥστε

187 3637 403 3716 λυθῆναι
432 3642 511 3713 τῷ
533 3642 785 3712 Σισιννίῳ
812 3641 912 3712 τὴν
937 3642 1205 3711 πήρωσιν.
1229 3640 1432 3693 Τούτου
1454 3640 1510 3693 δὲ
1532 3638 1762 3710 γενομέ-

188 3751 296 3801 νου,
327 3735 678 3809 θαρῤούντως
714 3734 902 3788 ἄπεισι
946 3732 1085 3803 μετά
1111 3734 1211 3803 τῆς
1254 3730 1511 3801 γυναικὸς
1544 3731 1635 3783 ἐπὶ
1674 3730 1763 3784 τὸν

188 3820 327 3878 οἷκον
351 3829 379 3880 ὁ
409 3825 786 3897 πατριάρχης,
819 3825 912 3879 καὶ
958 3823 1339 3895 ἀνεῳγμένους
1382 3823 1482 3892 μέν
1520 3822 1764 3894 εὑρίσκει

189 3912 263 3984 τῷ
289 3914 446 3988 ἀνδρὶ
464 3916 592 3978 τοὺς
611 3913 941 3985 ὀφθαλμοὺς,
975 3915 1056 3977 είς
1077 3913 1135 3966 δέ
1156 3914 1219 3967 τὸ
1240 3912 1456 3983 βλέπειν
1485 3914 1636 3967 οὐδὲν
1655 3912 1763 3966 τῶν

192 4006 604 4079 πεπηρωμένων
642 4007 866 4085 ἄμεινον
900 4006 1139 4076 ἔχοντας.
1184 4004 1495 4075 Κεκώφωτο
1526 4006 1569 4036 ³⁸
1612 4004 1667 4057 δέ
1696 4004 1764 4057 τά

190 4089 317 4162 ὦτα,
348 4099 444 4152 καὶ
467 4096 746 4169 βαρυτάτῃ
773 4114 838 4150 συ
847 4098 1031 4168 μφορᾷ
1054 4098 1181 4168 περὶ
1206 4096 1268 4149 τὸ
1292 4095 1449 4166 σῶμα
1478 4095 1760 4165 ἐκέχρητο.

204 4186 456 4261 Ὀδυρμδς
474 4184 567 4243 οῦν
583 4190 647 4243 ἐκ
668 4187 777 4242 τῶν
808 4188 1090 4259 παρόντων
1118 4189 1352 4258 ἐγένετο,
1378 4187 1469 4241 καὶ
1501 4186 1763 4256 κατέσχεν

191 4279 396 4353 οίμωγὴ
431 4281 522 4333 τὸν
543 4276 712 4334 οἷκον.
752 4280 890 4333 Ἀλλ’
911 4282 939 4332 ὁ
963 4280 1061 4351 μὲν
1090 4280 1352 4342 Σισίννιος
1378 4279 1477 4332 οὐκ
1502 4277 1764 4350 ᾐσθάνετο

192 4369 293 4425 τῶν
318 4371 721 4443 γεγενημένων.
752 4370 878 4435 Πῶς
914 4371 980 4436 ⁵ο,
1006 4372 1065 4435 ὃς
1091 4389 1157 4440 γε
1186 4372 1287 4425 οὐκ
1314 4371 1355 4402 ⁸¹
1382 4370 1602 4424 ἀκούειν
1638 4369 1762 4423 οὔτε

192 4459 316 4531 ὁρᾷν
346 4458 489 4533 εἶχεν
513 4502 528 4515 .

259 4553 454 4609 CLVII.
473 4554 885 4625 ’Υπεραλγήσας
900 4555 956 4609 δὲ
976 4558 1004 4609 ὁ
1037 4554 1177 4618 θεῖος
1198 4555 1428 4625 Κλήμης
1458 4553 1559 4624 τῆς
1585 4568 1772 4622 γυναι-

196 4648 283 4712 κδς
310 4651 402 4704 καὶ
413 4648 507 4703 τοῦ
520 4646 883 4719 οἴκου,ίκέτης
894 4649 1100 4717 γίνεται
1115 4646 1208 4699 τοῦ
1234 4645 1389 4708 Θεοῦ,
1408 4645 1501 4698 καὶ
1526 4644 1664 4715 μετά
1678 4643 1770 4697 δα-

196 4737 366 4808 κρύων
386 4739 577 4804 ἐδεῖτο,
591 4740 686 4793 καὶ
708 4736 1027 4810 περιπαθεῖς
1044 4736 1274 4800 ἐξέτεινε
1290 4734 1387 4796 τὰς
1415 4732 1645 4803 δεήσεις·
1660 4733 1773 4785 Κύ-

1859 540 1997 594 siam
2052 539 2370 604 venissem,
2424 548 2538 592 tum
2599 553 2709 607 quo
2755 544 2916 607 pacto
2944 551 3069 591 cum
3116 536 3425 606 patriarcha

1857 629 2160 682 orationem
2179 626 2496 697 peregisset,
2534 627 2790 682 dominus
2820 642 3007 682 eorum
3040 627 3221 681 statim
3248 641 3427 683 caecus

1857 728 1911 774 et
1939 720 2140 774 surdus
2187 718 2367 774 factus
2397 728 2578 786 esset;
2612 728 2726 773 tum
2760 733 2871 788 quo
2898 718 3062 773 modo
3113 716 3222 773 illis
3254 717 3429 786 impe-

1858 819 2037 866 rasset
2063 811 2285 881 quidem
2335 821 2396 865 ut
2423 826 2548 864 eum
2595 826 2759 864 manu
2796 810 3019 865 domum
3070 810 3423 878 deducerent,

1858 905 2042 961 nullus
2091 915 2274 960 autem
2304 905 2373 959 ab
2402 903 2536 974 ipsis
2567 903 2746 958 exitus
2776 902 3126 972 reperiretur,
3173 901 3426 973 quamvis

1858 996 2089 1050 multum
2119 996 2464 1052 laborassent
2492 1012 2557 1053 ac
2579 995 2781 1067 ubique
2808 1010 2903 1065 per
2923 995 3211 1051 ecclesiam
3238 995 3427 1050 obam-

1858 1087 2157 1143 bulassent.

1928 1179 2088 1236 CLV.
2122 1179 2218 1237 His
2246 1181 2337 1235 illa
2368 1180 2592 1249 auditis,
2636 1181 2901 1236 intellexit
2939 1180 3144 1246 statim,
3176 1179 3319 1234 unde
3347 1178 3425 1233 illi

1859 1273 2075 1327 aurium
2102 1282 2157 1327 et
2186 1274 2473 1327 oculorum
2512 1272 2758 1328 defectus
2773 1272 3093 1334 accidisset;
3122 1271 3281 1341 eique
3302 1286 3427 1325 vere

1859 1362 2171 1418 auxiliatrix
2203 1362 2453 1418 efﬁcitur.
2496 1360 2647 1417 lllico
2686 1377 2925 1431 namque
2957 1360 3245 1417 conferens
3274 1374 3331 1414 se
3358 1358 3427 1413 ad

1858 1468 2068 1523 preces,
2093 1455 2471 1526 lacrymasque
2503 1469 2627 1509 cum
2652 1453 2963 1523 precatione
2987 1467 3143 1507 acres
3164 1450 3423 1516 fundens,

1858 1545 2257 1611 orabatDeum,
2285 1557 2346 1601 ut
2371 1546 2615 1601 Sisinnio
2633 1546 2812 1601 exitus
2837 1543 3249 1610 concederetur,
3271 1543 3427 1612 isque

1857 1638 2082 1693 domum
2132 1639 2353 1694 rediret.
2384 1637 2451 1693 Et
2496 1638 2563 1693 ad
2608 1638 2846 1692 famulus
2876 1652 3145 1692 conversa
3177 1637 3428 1706 (noverat

1858 1729 2004 1782 enim
2054 1730 2201 1800 quod
2249 1745 2350 1784 nec
2399 1729 2578 1783 virum
2620 1729 2977 1798 dcspecturus
3012 1736 3158 1783 esset
3200 1726 3425 1781 omnino

1860 1821 2023 1885 Deus,
2052 1838 2214 1892 quem
2249 1823 2366 1893 ipsa
2402 1823 2659 1894 colebat),
2682 1820 2860 1893 Agite,
2897 1821 3109 1892 inquit;
3139 1820 3425 1875 dominum

1858 1922 2097 1969 vestrum
2149 1915 2218 1968 ad
2245 1915 2468 1969 domum
2503 1932 2668 1971 manu
2702 1916 2885 1970 ducite
2911 1934 2924 1983 ;
2956 1915 3072 1985 ipsa
3100 1930 3232 1971 vero
3263 1915 3428 1985 paulo

1857 2017 1980 2077 post
2007 2008 2259 2062 advenio.
2286 2006 2411 2064 Haec
2439 2010 2597 2074 dixit,
2626 2010 3025 2079 confestimque
3048 2009 3223 2064 facilis
3244 2007 3427 2063 exitus

1857 2099 2065 2154 exstitit
2094 2099 2334 2155 famulis.
2363 2098 2427 2155 Et
2465 2101 2742 2157 Sisinnius
2772 2101 2946 2156 oculis
2982 2100 3160 2155 adhuc
3182 2109 3236 2154 et
3278 2098 3428 2153 auri-

1859 2191 1962 2247 bus
1991 2201 2184 2263 captus
2214 2193 2439 2247 domum
2468 2210 2630 2248 manu
2656 2193 2978 2248 ducebatur.
3008 2188 3220 2246 Famuli
3242 2199 3426 2245 autem

1858 2284 2139 2340 venientes
2154 2285 2219 2340 ad
2234 2282 2601 2352 Theodoram,
2635 2286 2831 2340 iterum
2864 2284 3121 2338 nuntiant
3143 2283 3425 2336 dominum

1860 2392 2022 2433 suum
2064 2377 2243 2432 adhuc
2282 2376 2509 2432 surdum
2553 2393 2675 2432 esse
2723 2392 2789 2432 ac
2828 2392 3055 2432 caecum.
3101 2374 3426 2444 Rursusque

1860 2468 1977 2541 ipsa
2004 2470 2433 2526 contentioribus
2461 2470 2527 2524 ad
2556 2468 2725 2522 Deum
2759 2468 3031 2537 precibus,
3063 2467 3428 2537 lacrymisque

1860 2562 2357 2618 vehementioribus
2385 2562 2598 2628 orabat,
2628 2570 2688 2617 ut
2712 2561 2795 2615 vir
2816 2577 2847 2614 a
2870 2561 3060 2614 morbo
3080 2558 3427 2618 liberaretur.

1861 2651 2109 2726 Cumque
2146 2654 2259 2725 jam
2291 2652 2604 2725 patriarcha
2663 2667 2874 2707 sacram
2927 2650 3244 2721 perfecisset
3271 2650 3429 2704 litur—

1864 2749 2029 2819 giam,
2073 2746 2309 2818 procidit
2346 2748 2413 2802 ad
2458 2748 2579 2817 ejus
2624 2747 2787 2817 pedes
2812 2743 3125 2811 Theodora,
3154 2752 3209 2798 et
3239 2742 3425 2797 mariti

1863 2837 2196 2892 debilitatem
2224 2837 2560 2907 pronuntiat,
2593 2833 2943 2906 profusisque
2973 2834 3039 2888 ad
3064 2832 3229 2903 pedes
3254 2832 3432 2902 ιπη-

1865 2926 1970 2981 mis
2000 2936 2253 2997 precatur
2276 2942 2340 2982 ac
2363 2927 2613 2982 obsecrat
2640 2933 2699 2980 ut
2727 2926 2830 2979 viri
2857 2925 3106 2980 morbum
3132 2932 3305 2989 curet,
3333 2936 3433 2977 nec

1867 3018 1940 3072 ita
1968 3034 2093 3073 eum
2131 3020 2271 3074 male
2295 3018 2581 3075 habentem
2612 3017 2892 3088 despiciat.

1934 3282 2112 3339 CLVI.
2147 3285 2279 3353 Quae
2304 3301 2428 3343 cum
2463 3286 2729 3342 audiisset
2757 3286 2949 3342 beatus
2978 3284 3251 3350 Clemens,
3284 3296 3348 3339 ac
3364 3298 3430 3338 ex

1866 3378 2050 3432 animo
2090 3380 2337 3435 mulieris
2377 3379 2742 3434 calamitatem
2769 3377 3005 3441 doleret;
3057 3377 3113 3430 in
3156 3376 3431 3447 lacrymas

1865 3463 1980 3534 ipse
2029 3467 2194 3521 etiam
2243 3466 2562 3523 manifestas
2595 3468 2921 3538 prorumpit,
2956 3479 3160 3536 eosque
3198 3464 3292 3535 qui
3337 3466 3433 3520 ad-

1862 3568 2019 3613 erant
2040 3557 2291 3613 hortatur
2324 3557 2493 3613 Deum
2527 3560 2579 3612 ln
2605 3559 2883 3614 communi
2914 3571 3089 3622 orare,
3107 3566 3166 3611 ut
3188 3573 3217 3611 a
3253 3555 3429 3611 Sisin-

1865 3649 1958 3703 nio
1983 3649 2208 3704 morbus
2238 3650 2558 3720 depellatur.
2588 3649 2707 3717 Quo
2740 3651 2906 3716 facto,
2937 3650 3252 3720 patriarcha
3297 3663 3434 3704 con-

1864 3740 2094 3797 fidenter
2123 3742 2347 3797 domum
2374 3756 2501 3797 cum
2529 3742 2762 3796 muliere
2799 3741 2911 3796 abit
2938 3757 2952 3793 :
2984 3750 3038 3795 et
3061 3750 3277 3810 apertos
3307 3741 3431 3810 qui-

1864 3835 1987 3890 dem
2017 3834 2357 3890 nanciscitur
2388 3834 2491 3888 viri
2516 3834 2727 3897 oculos,
2748 3833 2816 3887 ad
2842 3833 3134 3888 videndum
3163 3848 3293 3888 vero
3320 3848 3429 3887 non

1863 3928 2062 3984 melius
2110 3942 2274 3997 quam
2318 3942 2585 3981 caecorum
2621 3924 2937 3994 dispositos.
2975 3925 3081 3981 Sed
3123 3934 3175 3980 et
3204 3927 3431 3980 auribus

1864 4021 2250 4082 obsurduerat,
2283 4027 2448 4089 atque
2499 4018 2737 4089 pessime
2770 4031 3001 4088 corpore
3026 4025 3146 4071 erat
3177 4016 3425 4072 aﬂ‘ectus.

1863 4114 1946 4170 Ab
1976 4113 2044 4168 iis
2072 4126 2201 4183 ergo
2225 4110 2319 4182 qui
2348 4119 2643 4182 praesentes
2675 4117 2833 4163 erant
2856 4109 3175 4164 lamentatio
3192 4120 3429 4173 ortaest,

1863 4208 2199 4275 domumque
2222 4203 2460 4274 ejulatus
2487 4204 2797 4273 occupavit.
2828 4201 3216 4258 Verumtamen
3256 4204 3431 4259 Sisin—

1864 4298 1990 4352 nius
2017 4311 2139 4365 qua:
2178 4294 2320 4349 facta
2347 4290 2567 4346 fuerant
2592 4306 2700 4345 non
2732 4291 3086 4363 intelligebat,
3113 4290 3323 4346 scilicet
3358 4300 3421 4345 ut

1866 4391 1961 4463 qui
1990 4389 2111 4445 visu
2142 4397 2197 4445 et
2223 4387 2410 4442 auditu
2436 4386 2681 4455 privatus
2703 4393 2866 4439 esset.

1937 4545 2141 4604 CLVII.
2172 4543 2397 4596 Divinus
2432 4550 2612 4593 autem
2648 4536 2904 4592 Clemens
2925 4576 2940 4599 ,
2985 4552 3108 4591 cum
3138 4537 3430 4593 admodum

1866 4636 2112 4695 mulieris
2142 4649 2206 4688 ac
2231 4633 2428 4687 domus
2450 4629 2621 4684 vicem
2655 4627 2901 4690 doleret,
2940 4625 3051 4681 Deo
3093 4629 3315 4697 supplex
3350 4631 3428 4693 tit,

1866 4741 1920 4788 et
1944 4744 2066 4786 cum
2089 4724 2345 4797 lacrymis
2372 4721 2715 4793 precabatur,
2740 4718 3071 4789 affectusque
3100 4722 3287 4789 plenas
3309 4737 3434 4777 ora-

200 4844 274 4897 ριε
290 4827 692 4913 ΊησοξΧριστέ,
709 4828 899 4896 λέγων,
917 4828 945 4879 ὁ
959 4825 1056 4888 τὰς
1070 4824 1177 4877 τῶν
1192 4821 1432 4894 οὐρανῶν
1452 4821 1597 4882 κλεῖς
1613 4819 1760 4873 δεδω·

1866 4825 2044 4878 tiones
2061 4819 2219 4884 fudit,
2247 4817 2463 4871 dicens:
2482 4812 2710 4868 Domine
2730 4811 2855 4867 Jesu
2879 4813 3116 4878 Christe,
3134 4815 3225 4883 qui
3251 4815 3432 4871 claves

198 4914 300 4980 κὼς
310 4919 385 4991 τῷ
401 4910 680 4989 ἀποστόλῳ
694 4934 786 4970 σου
802 4916 1012 4986 Πέτρῳ,
1029 4914 1121 4967 κοιλ⁹
1137 4914 1311 4985 Ἃπερ
1338 4911 1570 4979 ἀνοίξεις
1606 4910 1773 4981 ἀνέῳ-

200 5024 346 5076 κται,
370 5011 559 5076 εἰπὼν,
603 5011 698 5064 καὶ
719 5011 863 5082 άπερ
891 5009 957 5063 ἂν
982 5006 1200 5079 κλείσῃς
1229 5005 1566 5067 κέκλεισται,
1601 5002 1761 5064 αὐτὸς

199 5102 286 5155 καλ⁸
306 5106 429 5168 τοὺς
450 5101 882 5175 πεπηρωμένους
915 5098 1221 5169 ὀφθαλμοὺς
1246 5094 1341 5150 τοῦ
1374 5094 1564 5164 ἀνδρὸς
1587 5092 1761 5156 τοῦδε,

1869 4914 2131 4969 caelorum
2162 4909 2358 4965 dedisti
2389 4905 2634 4977 apostolo
2659 4915 2752 4959 luo
2776 4903 2956 4967 Petro,
2982 4914 3036 4958 et
3060 4905 3275 4960 dixisti:
3300 4904 3434 4972 Quae

1869 5003 2178 5075 aperueris,
2214 5009 2399 5071 aperta
2423 5006 2621 5063 erunt,
2662 5007 2717 5051 et
2757 5013 2879 5066 qua:
2910 4998 3207 5064 clauseris,
3245 4999 3431 5055 clausa

1869 5092 2131 5157 erunt“;
2167 5090 2285 5160 ipse
2311 5098 2367 5143 et
2393 5087 2540 5158 aperi
2589 5101 2762 5142 caseos
2804 5086 2909 5141 viri
2955 5086 3120 5157 hujus
3148 5089 3337 5143 oculos
3367 5103 3433 5143 ac

1494 5232 1727 5289 VARIA’S
1764 5230 2161 5289 LECTIONES.

270 5326 391 5381 νυοὶ.
408 5328 741 5392 insembc."
775 5333 847 5387 al.

207 5403 454 5478 πῶςγάρ.
529 5408 573 5442 ιι
600 5406 670 5459 al.
709 5402 855 5457 οὕτε.
886 5398 976 5435 ’⁷⁸³
1013 5401 1204 5456 Matth.
1234 5416 1347 5464 XVI,
1390 5398 1476 5451 l9.

884 5331 1075 5403 χέασα.
1150 5330 1200 5403 _“
1234 5329 1306 5382 al.
1346 5325 1700 5403 ἀναστρέψαι.
1778 5327 1819 5356 ³⁷
1843 5326 1914 5380 al.
1957 5326 2052 5379 καὶ
2079 5324 2232 5393 πρός.

2315 5322 2358 5353 ³⁸
2382 5321 2453 5375 al.
2495 5318 2714 5390 ἐχρῆτο.
2770 5317 2813 5348 ³⁹
2827 5317 2909 5373 al..
2925 5315 3230 5385 κεκώφητο.
3286 5313 3331 5353 δ’
3356 5312 3430 5366 al.

1488 5529 1857 5586 VARIORUM
1896 5525 2124 5582 ΝΟΤᾸΞ.

272 5629 374 5703 (ἳθ)
406 5634 523 5703 Τὴν
550 5633 713 5703 ἱερὰν
739 5629 1171 5703 exsugam»th
1204 5625 1609 5703 ’λειτουργίαι
1638 5622 1755 5703 _La—

209 5696 310 5754 tina
335 5696 520 5759 Versio
546 5696 712 5765 edita,
748 5700 876 5755 Post
905 5700 1159 5822 Mﬁsteria
1194 5697 1362 5765 facta;
1391 5697 1591 5762 scripta
1619 5696 1757 5747 dno-

209 5784 316 5822 rum
350 5776 616 5822 codicum.
641 5772 838 5822 Juliani
867 5780 922 5822 et
1002 5767 1341 5822 erovalliani.
1374 5765 1527 5822 factis
1549 5773 1597 5819 et
1621 5761 1753 5820 cele-

209 5784 317 5826 rum
350 5776 617 5836 codicum,
641 5761 838 5827 Joliani
867 5780 922 5825 et
954 5761 1341 5836 Herovalliani,
1371 5761 1527 5835 factis
1549 5773 1597 5819 et
1621 5761 1753 5820 cele-

513 5865 786 5927 ΡΑτιιοι..
844 5862 963 5924 Gn.
1016 5862 1097 5922 Il.

1857 5621 2023 5674 brutis
2040 5618 2238 5671 missis.
2265 5615 2319 5687 l_n
2341 5615 2817 5687 Paraphrasivero
2857 5613 3158 5687 libriltegii
3186 5613 3311 5687 804,
3336 5612 3430 5687 καὶ

1859 5690 1924 5760 δὴ
1968 5689 2069 5759 τῆς
2132 5685 2448 5749 ἀπολύσεως
2482 5681 2811 5756 γενομένης.
2850 5686 2929 5740 Ex
2977 5684 3296 5754 Martyrion.
3321 5725 3338 5750 ,
3375 5681 3430 5738 7.

1863 5759 1998 5815 ςοτ.

3036 5845 3110 5905 19
