3834 6220
390 227 486 285 587

1256 230 1312 286 S.
1349 228 1734 286 CLEMENTIS
1771 232 1787 286 I
1826 232 1990 288 ROM.
2031 232 2232 290 PONT.
2270 234 2498 293 OPERA
2538 240 2770 298 DUBIA.

3542 250 3649 304 588

388 355 549 397 aures
572 340 806 407 surdas;
844 340 972 411 quia
1022 341 1125 396 hoc
1176 340 1340 393 etiam
1388 340 1593 395 dictum
1642 350 1795 394 tuum
1842 352 1952 409 est,

2067 346 2160 399 xui
2190 347 2259 399 τὰ
2291 341 2403 401 ὦτα
2430 350 2713 417 διάνοιξον,
2734 355 2815 407 ὅτι
2844 355 2932 409 σὸν
2960 357 3051 410 xui
3084 358 3239 411 τοῦτο
3268 358 3327 412 τὸ
3357 361 3525 432 ῥῆμα,
3551 366 3642 419 τό·

387 433 719 503 Quamtnque
771 435 1027 502 petieritis
1048 476 1061 500 ,
1120 432 1383 487 credentes
1405 472 1419 496 ,
1474 434 1745 501 accipietis
1777 432 1823 465 “
1860 453 1871 487 :
1904 444 1959 489 et

384 525 500 579 hac
530 532 624 579 tua
648 525 942 593 promissio
961 534 1245 596 permanet
1263 526 1317 577 in
1335 533 1623 579 internum.
1651 524 1758 580 Ista
1797 536 1955 595 post-

383 632 550 686 quam
593 619 770 672 oravit
811 620 1122 688 patriarcha
1142 660 1159 685 ,
1194 628 1248 672 et
1276 618 1368 688 qui
1400 618 1627 682 aderant
1659 620 1956 689 responde-

381 717 557 763 runt:
598 708 770 764 Amen
797 750 815 777 ,
882 710 1028 764 illico
1056 711 1345 765 oculorum
1395 710 1722 779 auriumque
1765 712 1955 765 vitium

380 800 692 856 discussum
712 810 815 856 est.
841 802 920 856 Ac
944 800 1219 857 Sisinnius
1251 802 1410 871 quasi
1439 816 1505 855 ex
1538 816 1733 856 somno
1762 818 1957 872 exper-

379 891 624 962 gefactus
644 934 659 959 ,
691 893 1020 964 beatumque
1070 892 1405 949 Clementem
1433 909 1557 948 cum
1604 908 1774 948 uxore
1805 902 1955 948 stan-

377 991 487 1037 tem
517 998 767 1049 cernens,
796 982 995 1038 malam
1026 983 1225 1038 stultus
1249 991 1437 1038 sancto
1461 983 1953 1038 remunerationem

374 1075 544 1142 dedit,
575 1075 939 1145 praecepitque
968 1074 1189 1131 famulis
1240 1083 1300 1129 ut
1351 1075 1535 1130 statim
1584 1075 1952 1144 patriarcham

374 1168 921 1237 comprehenderent,
955 1183 1065 1237 quo
1088 1182 1279 1237 ptenas
1312 1166 1553 1222 Iasionis
1582 1167 1753 1222 daret.
1788 1167 1951 1221 Arbi-

373 1261 621 1317 trabatur
643 1262 791 1315 enim
819 1260 1125 1333 praestigias
1170 1261 1436 1330 quasdam
1470 1275 1622 1324 esse;
1649 1260 1795 1330 quod
1824 1276 1950 1315 eum

372 1353 525 1422 prius
557 1350 844 1408 oculorum
882 1353 1215 1421 auriumque
1243 1366 1347 1406 usu
1392 1351 1627 1421 privari,
1652 1358 1952 1422 posteaque

371 1445 616 1513 aspicere
641 1453 696 1500 et
716 1444 908 1501 audire
934 1444 1177 1501 fecisset.

442 1536 671 1593 CLVIII.
716 1538 882 1609 Igitur
913 1539 1057 1595 servi
1083 1537 1329 1592 studiose
1356 1536 1579 1606 exsequi
1606 1536 1673 1592 de
1704 1538 1798 1591 illo
1828 1553 1950 1608 qua:

372 1631 636 1701 imperata
668 1630 883 1685 fuerant
911 1631 1225 1685 nitebantur
1260 1648 1271 1683 :
1304 1645 1409 1684 non
1447 1629 1949 1687 animadvertebant

2066 436 2252 506 Ἀπερ
2270 439 2314 469 ⁸³
2344 438 2420 493 ἂν
2445 441 2730 510 αἰτήσητε
2764 449 3172 514 πιστεύοντες,
3204 451 3477 519 λήψεσθε
3497 473 3509 485 ·
3549 460 3647 511 καὶ

2060 528 2196 600 αὐτή
2226 534 2377 603 σουή
2409 533 2707 603 ἐπαγγελία
2738 536 2982 608 διαμένει
3012 542 3091 604 είς
3114 541 3207 594 τὸν
3231 544 3422 599 αίῶνα.
3456 548 3646 603 Ταῦτα

2058 621 2153 674 τοῦ
2181 624 2516 695 πατριάρχου
2547 627 3006 699 προσευξαμένου,
3058 633 3153 685 xui
3197 634 3304 687 τῶν
3363 639 3646 708 παρόντων

2057 711 2293 780 τὸάμὴν
2317 714 2685 782 ἐπειπόντων,
2726 718 2927 783 εὐθέως
2984 724 3017 791 ή
3064 723 3172 776 τῶν
3209 725 3497 798 ὀφθαλμῶν
3547 733 3646 786 καὶ

2056 803 2164 856 τῶν
2196 803 2349 857 ὢτων
2374 808 2623 876 πήρωσις
2657 809 2926 865 διελέλυτο
2945 813 3011 867 ⁸⁸.
3060 817 3171 869 Καὶ
3189 821 3216 870 ὁ
3245 820 3504 884 Σισίννιος
3536 841 3642 877 κα-

2057 893 2233 966 θάπερ
2265 896 2325 961 ἐξ
2374 898 2543 951 ὕπνου
2580 900 2902 968 διαναστὰς,
2934 907 3028 959 καὶ
3067 908 3161 962 τὸν
3195 912 3458 982 μακάριον
3486 915 3640 986 Κλή-

2061 1003 2227 1056 μεντα
2254 988 2393 1058 μετὰ
2415 989 2515 1060 τῆς
2534 993 2796 1059 γυναικὸς
2818 996 3028 1051 ἑστῶτα
3054 999 3198 1066 ίδὼν,
3220 1003 3395 1067 κακάς
3423 1008 3452 1059 ὁ
3476 1008 3643 1078 ἀνόη-

2055 1097 2145 1143 τος
2163 1080 2241 1151 τῷ
2267 1083 2408 1154 ἀγίῳ
2433 1084 2664 1156 χάριτας
2684 1087 2954 1144 ἀπεδίδου.
2984 1092 3092 1145 Καὶ
3123 1100 3413 1166 κατασχεῖν
3437 1099 3645 1164 εὐθέως

2053 1169 2145 1222 τὸν
2170 1172 2510 1243 πατριάρχην
2538 1179 2649 1239 τοῖς
2671 1176 2913 1242 οἰκέταις
2930 1182 3341 1250 παρεκελεύετο,
3362 1186 3456 1239 τοῦ
3481 1187 3641 1252 δίκας

2054 1264 2309 1333 ὑποσχεῖν
2337 1256 2497 1318 αὑτὸ’ν
2527 1267 2627 1338 τῆς
2659 1268 2981 1339 πηρώσεως.
3016 1273 3174 1343 ᾯετο
3206 1276 3313 1347 γάρ
3346 1295 3469 1331 τινα
3502 1296 3641 1351 γοη-

2050 1356 2201 1408 τείαν
2229 1352 2387 1421 εἶναι,
2423 1358 2504 1411 ὅτι
2531 1360 2623 1412 καὶ
2666 1362 2988 1432 πηρωθῆναι
3029 1366 3295 1437 πρότερον
3322 1370 3507 1432 αὐτὸν,
3543 1374 3640 1424 καὶ

2051 1448 2368 1518 ἀναϐλέψαι,
2401 1451 2492 1503 xui
2515 1452 2743 1506 ἀκοῦσαι
2779 1455 2940 1508 πάλιν
2971 1457 3246 1527 ἐποίησεν.

2118 1536 2342 1592 CLVIII.
2383 1542 2447 1593 Οἱ
2486 1542 2588 1611 μὲν
2617 1538 2709 1596 οὖν
2735 1545 2942 1598 οἰκέται
2972 1547 3273 1612 σπουδαίως
3298 1548 3367 1603 τά
3406 1569 3641 1622 προστε-

2049 1632 2293 1700 ταγμένα
2356 1635 2530 1685 ποιεῖν
2586 1634 2632 1665 ⁸⁵
2659 1636 2821 1690 αὑτὸν
2865 1639 3195 1710 ἐπειρῶντο·
3248 1642 3533 1697 ἐλάνθανον
3578 1646 3637 1699 δὲ

372 1732 553 1777 autem
581 1724 726 1793 quod
757 1723 1062 1793 adiacentia
1099 1738 1229 1777 saxa
1272 1730 1325 1776 et
1352 1720 1496 1791 ligna
1521 1730 1822 1792 tangerent,
1853 1739 1945 1778 ea-

2044 1721 2152 1791 ἀρα
2179 1722 2287 1775 τῶν
2326 1726 2745 1795 παρακειμένων
2788 1708 3000 1793 λίθωνξ
3024 1733 3117 1784 καὶ
3172 1730 3341 1795 ξύλων
3388 1735 3636 1806 ἀπτόμε-

370 1834 479 1889 que
511 1820 791 1874 traherent
824 1834 889 1873 ac
941 1818 1195 1889 ligarem,
1227 1830 1391 1888 atque
1434 1818 1541 1874 huc
1583 1819 1820 1889 illucque
1863 1820 1946 1874 in-

370 1927 503 1967 sane
533 1912 1027 1968 circumducerent.
1070 1910 1244 1965 Porro
1282 1911 1335 1965 id
1377 1910 1540 1965 etiam
1592 1909 1833 1967 Sisinnio
1860 1913 1944 1966 vi-

367 2005 619 2072 debatur,
645 2021 709 2061 ac
734 2006 850 2075 ipse
878 2020 1100 2075 quoque
1128 2004 1475 2060 existimabat
1505 2004 1872 2074 patriarcham
1913 2021 1943 2061 a

366 2097 590 2154 famulis
628 2099 871 2152 vinctum
921 2099 1112 2152 teneri.
1158 2096 1207 2152 Is
1254 2108 1432 2151 tamen
1462 2097 1599 2151 nihil
1628 2098 1697 2152 ab
1738 2098 1944 2167 iniquis

364 2191 475 2246 illis
506 2190 758 2245 manibus
785 2190 1122 2260 patiebatur,
1172 2205 1271 2244 nec
1298 2188 1468 2243 levem
1500 2188 1789 2244 tactionem
1818 2204 1942 2258 per—

364 2281 548 2335 ferens
568 2321 581 2344 ,
612 2295 712 2334 uec
737 2278 933 2334 mediis
980 2280 1034 2333 in
1071 2279 1231 2334 malis
1255 2279 1510 2349 agitatus.
1536 2277 1841 2350 Posteaque
1874 2280 1942 2335 ad

365 2373 518 2427 illum
554 2373 863 2427 dementem
894 2371 1192 2441 respiciens
1220 2388 1234 2425 :
1265 2369 1464 2437 Corde,
1496 2370 1692 2440 inquit,
1726 2372 1944 2427 indura-

362 2475 453 2520 tus
481 2480 562 2528 es,
610 2464 689 2519 sic
725 2479 855 2519 saxa
884 2473 938 2518 et
963 2463 1109 2534 ligna
1139 2454 1362 2518 movens
1389 2504 1404 2529 ,
1447 2472 1723 2533 tutamque
1777 2465 1831 2518 in
1878 2481 1940 2520 ea

362 2558 501 2612 iram
534 2558 832 2613 immittens
853 2599 867 2623 ,
901 2572 1024 2627 qua:
1065 2556 1229 2625 paqu
1261 2563 1386 2609 ante
1417 2554 1762 2624 honorabas,
1794 2566 1849 2611 et
1882 2567 1941 2613 ut

361 2651 493 2706 deos
527 2651 764 2706 colebas.
813 2649 905 2704 Ille
956 2664 1122 2704 vero:
1159 2646 1263 2702 Sed
1292 2662 1392 2718 ego
1420 2657 1507 2712 te,
1550 2648 1769 2718 inquit,
1798 2652 1941 2707 male

363 2742 583 2811 perdam
612 2760 626 2807 ;
663 2742 799 2795 adeo
830 2751 889 2795 ut
920 2740 1077 2794 multi
1122 2739 1544 2810 praestigiatores
1576 2740 1704 2795 hinc
1732 2750 1941 2798 mutent

361 2841 600 2887 mentem
629 2846 692 2886 ac
721 2832 1065 2901 resipiscam,
1094 2830 1367 2900 iidemque
1394 2830 1689 2899 plurimum
1717 2831 1937 2887 lucren-

362 2932 449 2976 tur
476 2936 575 2992 per
601 2936 723 2993 quae
754 2931 811 2976 tu
840 2921 1061 2993 patieris
1096 2920 1441 2991 gravissima.
1854 2910 1859 2914 ’

2048 1831 2148 1881 νοι,
2181 1818 2273 1870 xui
2304 1817 2557 1889 σύροντες
2580 1818 2717 1871 αὐτά
2736 1860 2750 1885 ,
2774 1821 2865 1873 xui.
2895 1821 3238 1892 δεσμοῦντες,
3265 1828 3359 1878 καὶ
3381 1827 3504 1897 τῇδε
3528 1830 3634 1881 κά-

2048 1911 2196 1961 κεῖσε
2223 1910 2465 1980 μανικῶς
2491 1913 2865 1982 περιάγοντες.
2885 1914 3055 1967 Τοῦτο
3080 1915 3135 1968 δὲ
3165 1917 3258 1969 καὶ
3280 1917 3358 1987 τῷ
3380 1920 3633 1991 Σισιννίῳ

2047 1997 2248 2063 ἐδόκει,
2287 2000 2381 2053 xui
2426 2000 2712 2072 δεσμώτην
2750 2003 2855 2054 ὑπὸ
2889 2002 2998 2055 τῶν
3037 2006 3263 2059 οἰκετῶν
3301 2009 3633 2080 γεγενῆσθαι

2046 2090 2139 2143 τὸν
2169 2092 2513 2163 πατριάρχην
2542 2095 2634 2146 xui
2667 2095 2828 2158 αὐτὸς
2856 2094 3011 2165 ᾧετο.
3059 2097 3291 2162 Ἐκεῖνος
3316 2098 3373 2150 δὲ
3410 2099 3631 2171 ἀπαθὴς

2045 2182 2151 2235 ἀπὸ
2176 2182 2284 2236 τῶν
2312 2183 2511 2237 ἀδίκων
2530 2185 2755 2238 ἐκείνων
2773 2188 3019 2258 ἐτηρεῖτο
3042 2189 3261 2260 χειρῶν,
3286 2190 3405 2243 οὐδὲ
3423 2192 3633 2264 μικρὰν
3668 2261 3673 2266 .

2044 2275 2185 2345 ἁφὴν
2235 2277 2556 2347 ὑπομένων,
2610 2278 2729 2331 οὐδὲ
2780 2280 2838 2331 ἐν
2886 2280 3070 2351 μέσοις
3106 2284 3217 2345 τοῖς
3251 2281 3442 2346 δεινοῖς
3470 2283 3631 2357 θορυ-

2044 2364 2303 2435 ϐούμενος
2326 2408 2340 2430 ,
2372 2364 2490 2421 εἶτα
2536 2370 2627 2422 xui
2662 2369 2797 2439 πρὸς
2822 2369 2915 2423 τὸν
2958 2370 3183 2441 ἀνόητον
3224 2374 3430 2426 ἐκεῖνον
3469 2374 3590 2428 ἰδών
3611 2392 3626 2406 ·

2045 2456 2389 2529 Πεπώρωσαι
2428 2460 2528 2530 τὴν
2556 2460 2782 2531 καρδίαν
2802 2502 2816 2525 ,
2846 2462 2972 2532 ἔφη,
3003 2462 3184 2525 λίθους
3209 2464 3351 2517 οὕτω
3381 2468 3475 2518 xui
3496 2466 3631 2530 ξύλα

2043 2550 2242 2615 κινῶν,
2297 2552 2393 2604 xui
2431 2551 2558 2622 ὅλην
2594 2553 2713 2606 κατ’
2756 2553 2937 2605 αὐτῶν
2982 2556 3164 2624 ἀφιεὶς
3211 2557 3309 2627 τὴν
3352 2557 3523 2628 ὀργὴν
3546 2599 3561 2621 ,
3592 2558 3631 2611 ἃ

2046 2639 2227 2710 μικρῷ
2252 2640 2487 2712 πρόσθεν
2512 2642 2704 2713 ἐτίμας
2722 2684 2737 2707 ,
2766 2644 2859 2697 xui
2884 2645 2960 2709 ὼς
2988 2645 3141 2709 θεοὺς
3167 2646 3517 2718 ἐθεράπευες.
3568 2651 3627 2702 Ὀ

2040 2730 2097 2783 δέ
2124 2748 2135 2759 ·
2178 2731 2314 2783 Ἀλλ’
2344 2731 2455 2800 ἐγώ
2488 2750 2547 2786 σε
2585 2733 2771 2797 κακῶς
2804 2736 2992 2788 ἀπολῶ
3013 2776 3026 2800 ,
3052 2738 3215 2808 φησὶν
3235 2778 3250 2801 ,
3282 2739 3359 2801 ὡς
3400 2740 3495 2792 xui
3528 2758 3599 2810 με

2039 2822 2288 2876 ταὸαλεῖν
2326 2824 2550 2887 πολλοὺς
2571 2826 2680 2877 τῶν
2705 2828 2913 2896 γοήτων
2945 2828 3191 2882 ἐντεῦθεν
3215 2830 3307 2883 xui.
3339 2832 3629 2903 σωφρονῆ-

2043 2930 2152 2977 σαι,
2192 2914 2286 2983 ἀφ’
2310 2907 2386 2969 ὧν
2416 2916 2575 2980 αὐτὸς
2602 2917 2671 2970 τὰ
2703 2912 2904 2988 ἔσχατα
2927 2922 3112 2995 πείσῃ,
3142 2921 3212 2974 τά
3243 2922 3455 2993 μεγάλα
3475 2924 3627 2977 ἐκεί-

2040 3021 2164 3068 νους
2192 3023 2251 3059 κε
2262 3006 2575 3077 ρδάναντας.

428 3097 609 3154 CLIX.
642 3097 766 3153 Haec
812 3097 903 3153 ille
950 3096 1203 3167 quidem,
1236 3096 1455 3151 inﬂatus
1477 3138 1491 3160 ,
1541 3097 1684 3165 apud
1717 3110 1811 3151 eos
1838 3097 1933 3167 qui

2114 3076 2297 3152 CLIX.
2341 3098 2525 3153 Ταῦτα
2550 3100 2708 3169 ὁμὲν
2740 3100 3057 3173 φυσώμενος
3086 3104 3189 3157 ὑπὸ
3208 3104 3314 3156 τῶν
3336 3106 3627 3177 παρόντων

358 3190 589 3245 aderant
621 3230 635 3256 ,
674 3187 1007 3258 proferebat,
1039 3195 1094 3242 et
1128 3186 1369 3257 glorians
1414 3186 1776 3255 patriarcham
1806 3186 1931 3240 vin-

357 3283 497 3339 culis
527 3282 849 3352 subjecisse.
876 3278 945 3334 At
971 3280 1072 3334 iste
1097 3294 1195 3333 nec
1220 3279 1300 3333 sic
1348 3293 1473 3332 eum
1502 3286 1786 3332 aversatus
1808 3285 1928 3344 est;

357 3377 451 3431 sed
488 3374 768 3430 benedicta
797 3373 1029 3442 conjuge
1056 3371 1222 3435 illius,
1250 3380 1304 3425 et
1334 3370 1386 3423 iu
1418 3369 1591 3424 bonas
1624 3368 1743 3423 illas
1773 3368 1931 3423 obse-

355 3479 692 3539 quentesque
717 3482 879 3523 aures
907 3475 1164 3535 tanquam
1196 3465 1250 3517 in
1283 3478 1473 3534 agrum
1501 3462 1792 3532 quemdam
1817 3472 1929 3517 ter-

356 3576 430 3615 ra:
452 3559 734 3629 profundae
763 3574 827 3613 ac
856 3558 1110 3627 pinguem
1140 3555 1392 3609 demissis
1430 3554 1687 3609 uberibus
1714 3553 1930 3623 pietatis

357 3649 682 3715 seminibus,
706 3647 992 3709 abscessit,
1017 3646 1065 3699 ei
1099 3644 1419 3714 praecipiens
1440 3652 1599 3698 antea
1625 3660 1690 3697 ne
1716 3644 1927 3713 precari

354 3740 665 3804 desisteret,
716 3738 894 3809 quoad
944 3737 1121 3790 virum
1166 3736 1233 3789 ad
1288 3736 1532 3790 veritatis
1561 3735 1926 3805 cognitionem

353 3830 689 3886 adduxisset.
724 3828 860 3884 Cum
905 3843 1033 3897 ergo
1071 3826 1369 3881 ferventius
1401 3826 1471 3881 ad
1502 3826 1804 3880 orationem
1838 3824 1925 3877 in-

355 3924 634 3978 cumberet
672 3921 978 3985 Theodora,
1013 3927 1238 3990 apparet
1279 3917 1355 3971 illi
1391 3918 1459 3972 ad
1490 3931 1775 3986 vesperam
1805 3916 1927 3985 qui-

351 4016 477 4069 dam
524 4017 607 4069 vir
657 4014 1024 4080 venerabilis,
1059 4021 1112 4065 et
1160 4010 1370 4079 capillis
1418 4009 1600 4076 canis;
1642 4008 1927 4063 videbatur

352 4114 535 4159 autem
566 4120 687 4160 esse
723 4104 934 4173 primus
957 4100 1354 4171 discipulorum
1407 4099 1638 4163 Petrus,
1685 4099 1923 4170 Magistri

353 4197 564 4252 calidus
585 4206 797 4250 amator
818 4214 831 4261 ;
856 4204 910 4249 et
934 4194 1011 4247 ait
1032 4193 1098 4247 ad
1116 4207 1233 4245 eam
1254 4211 1267 4245 :
1294 4189 1518 4260 Propter
1545 4200 1616 4256 te,
1642 4206 1676 4244 o
1707 4190 1923 4255 mulier,

353 4306 520 4345 sanus
570 4290 673 4343 erit
701 4287 1006 4352 Sisinnius;
1042 4294 1101 4338 ut
1125 4293 1178 4338 et
1208 4285 1291 4337 vir
1314 4323 1329 4348 ,
1366 4284 1666 4363 secundum
1698 4282 1923 4337 fratrem

352 4397 537 4437 meum
566 4380 798 4435 Paulum
821 4423 835 4442 ,
867 4386 1091 4434 sanctus
1121 4373 1385 4429 efﬁciatur
1412 4390 1505 4444 per
1541 4374 1824 4429 mulierem
1855 4373 1920 4426 ⁸⁸.

354 4474 563 4541 Quibus
587 4475 806 4544 quidem
839 4473 998 4527 dictis
1018 4516 1031 4537 ,
1057 4472 1148 4525 ille
1172 4469 1323 4524 abiit.

418 4651 578 4707 CLX.
623 4652 901 4706 Sisinnius
928 4666 1057 4705 vero
1088 4649 1268 4703 statim
1309 4656 1363 4701 et
1408 4647 1567 4716 quasi
1600 4661 1664 4699 ex
1700 4660 1921 4714 compa-

347 4754 437 4801 cto
459 4744 750 4800 Theodora
783 4743 1081 4806 arcessita;
1108 4748 1227 4795 erat
1252 4748 1433 4793 autem
1460 4738 1647 4807 utique
1672 4738 1761 4792 hic
1791 4736 1917 4790 finis

352 4838 584 4891 visionis
646 4851 766 4905 quae
823 4835 925 4904 ipsi
986 4839 1345 4903 apparuerat;
1399 4830 1541 4899 apud
1594 4844 1713 4883 eam
1758 4843 1913 4881 amo-

2033 3184 2184 3254 ἔλεγε
2207 3227 2222 3250 ,
2256 3188 2351 3240 xui.
2395 3189 2597 3258 αὐχῶν,
2638 3190 2718 3242 ὅτι
2753 3192 2846 3243 xui.
2885 3191 3101 3261 δεσμοῖς
3130 3192 3502 3264 ὑποϐέϐληκεν
3528 3198 3626 3250 τὸν

2034 3278 2397 3349 πατριάρχην.
2441 3281 2498 3333 Ὁ
2536 3280 2594 3332 δὲ
2613 3321 2627 3344 ,
2657 3281 2778 3334 οὐδὲ
2806 3280 2978 3345 οὔτως
3014 3283 3175 3335 αὐτὸν
3209 3284 3621 3356 ἀπεστρέφετο,

2033 3369 2169 3422 ἀλλά
2198 3370 2296 3440 τὴν
2328 3371 2538 3424 ἐκείνου
2570 3371 2800 3440 σύζυγον
2828 3372 3125 3444 εὐλογήσας
3143 3414 3157 3439 ,
3188 3376 3281 3428 καὶ
3301 3377 3382 3440 είς
3406 3377 3508 3441 τάς
3529 3380 3625 3430 εὑ-

2030 3460 2316 3531 γνώμονας
2375 3462 2591 3527 ἐκείνας
2656 3464 2749 3517 xui
2812 3466 3162 3530 καταπειθεῖς
3207 3468 3396 3531 ἀκοὰς,
3424 3470 3623 3541 ῶσπερ

2030 3552 2109 3615 είς
2172 3551 2455 3621 βαθύγειόν
2520 3571 2641 3607 τινα
2689 3558 2781 3608 xui.
2836 3556 3069 3627 λιπαρὰν
3116 3560 3352 3631 ἄρουραν
3414 3560 3620 3633 δαψιλῆ

2032 3642 2320 3713 σπέρματα
2368 3644 2469 3714 τῆς
2516 3644 2802 3709 εὐσεϐείας
2851 3646 3174 3700 καταϐαλὼν
3199 3650 3265 3712 ⁸⁷,
3297 3647 3469 3718 ᾤχετο
3489 3689 3503 3713 ,
3536 3652 3619 3722 μὴ

2030 3732 2232 3785 ἀνεῖναι
2281 3734 2723 3804 προσευχομένην
2770 3736 3030 3807 πρότερον
3071 3737 3479 3808 ἐντειλάμενος,
3509 3740 3622 3804 ἕως

2029 3824 2123 3876 καὶ
2163 3823 2254 3876 τὸν
2282 3824 2453 3895 ἄνδρα
2498 3826 2578 3888 εἰς
2615 3825 2907 3893 ἐπίγνωσιν
2936 3826 3036 3895 τῆς
3064 3826 3320 3898 ἀληθείας
3346 3846 3620 3898 χειραγω-

2027 3917 2232 3986 γήσειε.
2265 3916 2344 3985 Τῇ
2374 3917 2506 3986 εὐχῇ
2560 3915 2737 3968 τοίνυν
2776 3915 3102 3988 θερμότερον
3148 3920 3518 3993 προσκειμένῃ
3539 3924 3616 3992 τῇ

2026 4005 2277 4078 Θεοδώρᾳ
2300 4047 2313 4069 ,
2344 4007 2688 4075 ἐπιφαίνεταί
2711 4026 2794 4071 τις
2818 4009 2955 4079 αὐτῇ
2982 4008 3119 4080 πρὸς
3140 4011 3379 4080 ἑσπέραν
3404 4011 3610 4064 αἰδέσι-

2030 4114 2129 4167 μος
2156 4098 2295 4169 ἀνὴρ
2321 4098 2413 4151 xui
2441 4097 2624 4160 πολιὸς
2662 4099 2761 4168 τὴν
2783 4101 2965 4169 τρῖχα·
3006 4098 3169 4169 ἐῴκει
3191 4101 3248 4153 δὲ
3274 4103 3380 4172 ἄρα
3404 4103 3433 4154 ὁ
3458 4102 3619 4173 πρῶ-

2025 4205 2116 4252 τος
2139 4188 2247 4242 τῶν
2279 4189 2533 4260 μαθητῶν
2557 4185 2695 4242 εἷναι
2722 4190 2945 4260 Πέτρος,
2967 4191 2995 4241 ὁ
3013 4191 3108 4243 τοῦ
3129 4192 3459 4246 Διδασκάλου
3480 4193 3537 4245 θε
3546 4212 3613 4264 ρ-

2030 4281 2127 4351 μὸς
2155 4283 2422 4353 ἐραστής·
2454 4282 2545 4334 καί
2568 4298 2697 4350 φησι
2727 4283 2861 4353 πρὸς
2886 4284 3055 4353 αὑτήν
3076 4301 3089 4313 ο
3126 4284 3225 4337 Διά
3252 4285 3330 4347 σὲ,
3356 4278 3401 4337 ὦ
3423 4285 3612 4353 γύναι,

2028 4375 2185 4445 ὑγιὴς
2212 4375 2361 4427 ἐσται
2389 4375 2651 4438 Σισίννιος
2675 4413 2689 4437 ,
2734 4376 2881 4437 ὅπως
2928 4376 2994 4429 ἂν
3023 4378 3116 4429 xui
3144 4378 3283 4448 ἀνὴρ
3305 4416 3319 4440 ,
3349 4378 3492 4430 κατά
3513 4379 3613 4431 τὸν

1954 4454 1998 4507 Ῑ)
2026 4466 2251 4535 ἀδελφόν
2304 4485 2403 4537 μου
2448 4466 2688 4531 Παῦλον,
2718 4467 2950 4538 ἁγιασθῇ
2981 4468 3067 4521 διὰ
3103 4470 3201 4540 τὴν
3244 4474 3494 4537 γυναῖκα.
3548 4473 3613 4523 Ὁ

2033 4558 2130 4627 μὲν
2154 4554 2266 4623 οὖν,
2293 4558 2462 4611 ταῦτα
2489 4557 2677 4622 εἰπὼν,
2708 4558 2966 4627 ἀπῆλθεν.

2096 4648 2255 4703 CLX.
2311 4651 2369 4702 '0
2396 4651 2658 4712 Σισίννιος
2680 4650 2738 4703 δὲ
2763 4650 2959 4704 αὐτίκα
2983 4651 3075 4703 xui
3102 4651 3288 4721 ῶσπερ
3314 4654 3379 4704 ἐκ
3408 4653 3609 4723 συνθή-

2028 4755 2194 4808 ματος
2215 4739 2313 4809 τὴν
2333 4738 2612 4811 Θεοδὼραν
2637 4740 2870 4802 καλέσας
2889 4758 2901 4769 ·
2926 4736 3008 4810 (ἦν
3033 4740 3087 4792 δὲ
3111 4741 3219 4811 ἄρα
3246 4741 3403 4795 τοῦτο
3427 4744 3610 4814 πέρας

2021 4830 2123 4899 τῆς
2150 4830 2409 4902 φανείσης
2434 4831 2570 4901 αὐτῇ
2593 4832 2637 4862 ⁸⁵
2660 4832 2834 4900 ὅψεως
2921 4833 3013 4885 τοῦ
3040 4833 3205 4886 πόθου
3228 4850 3287 4885 τε
3313 4835 3481 4904 αὐτὴν
3506 4837 3608 4888 xui.

354 4930 465 4996 ris,
500 4930 608 4985 cibi
639 4927 948 4983 communis
975 4967 988 4989 ,
1030 4924 1344 4986 convictus,
1380 4936 1443 4976 ac
1468 4921 1693 4991 reliquae
1731 4921 1913 4974 omnis

2044 4920 2128 4975 τῶν
2155 4921 2347 4974 κοινῶν
2388 4922 2564 4985 ἀλῶν,
2603 4923 2696 4974 xui
2735 4923 2831 4992 τῆς
2877 4923 3089 4986 ἑστίας,
3139 4925 3231 4976 καὶ
3266 4925 3365 4994 τῆς
3406 4925 3608 4995 λοιπῆς

353 5021 757 5078 communionis
808 5019 940 5075 facit
986 5017 1318 5072 mentionem
1343 5042 1376 5082 ,-
1448 5028 1749 5083 eorumque
1798 5030 1917 5067 om-

348 5118 498 5170 nium
565 5126 727 5166 unam
799 5109 1028 5181 gratiam
1088 5107 1299 5176 poscit,
1359 5105 1758 5174 conjugemque
1816 5119 1910 5157 ro-

346 5219 436 5283 gat
493 5216 541 5261 et
587 5206 889 5260 obtestatur
939 5209 1001 5255 ut
1054 5200 1222 5253 Deum
1277 5206 1435 5265 oret,
1488 5212 1598 5266 quo
1657 5196 1758 5266 ipsi
1828 5196 1911 5249 di-

345 5301 629 5355 mittantur
664 5310 787 5366 qute
828 5292 1103 5364 peccavit,
1152 5290 1451 5359 salutisque
1500 5290 1647 5341 viam
1688 5286 1916 5342 demon-

2018 5014 2236 5084 ἁπάσης
2264 5014 2546 5076 κοινωνίας
2575 5016 2998 5085 ἀναμιμνήσκει,
3028 5017 3123 5068 xui.
3163 5016 3381 5069 πάντων
3415 5018 3604 5071 αὐτῶν

2024 5105 2151 5174 μίαν
2176 5106 2397 5159 ἀπαιτεῖ
2442 5106 2632 5176 χάριν,
2664 5107 2759 5157 xui
2806 5104 3025 5178 λιπαρεῖ
3074 5108 3172 5177 τὴν
3218 5111 3453 5175 γυναῖκα
3504 5110 3606 5162 xui

2024 5197 2274 5263 ἱκετεύει,
2296 5196 2433 5267 ὥστε
2455 5196 2710 5266 δεηθῆναι
2730 5197 2823 5249 τοῦ
2848 5197 2982 5249 Θεοῦ
3010 5199 3221 5267 ἀφεῖναί
3239 5217 3298 5252 τε
3319 5200 3388 5253 τὰ
3413 5203 3603 5271 ἡμαρ-

2022 5288 2230 5356 τημένα
2250 5327 2263 5349 ,
2291 5289 2382 5339 xui
2412 5288 2510 5358 τὴν
2535 5286 2657 5339 ὁδὸν
2683 5287 2830 5357 αὐτῷ
2863 5289 3135 5356 ὑποδεῖξαι
3146 5292 3248 5362 τῆς
3272 5293 3547 5365 σωτηρίας
3578 5330 3593 5346 .

1648 5450 1881 5505 VARL’E
1922 5449 2323 5508 LECTIONES.

408 5561 455 5596 δι
492 5560 571 5615 al.‘
606 5561 717 5644 κςιί.
795 5526 1092 5644 εις-δίεμαι,
1130 5580 1250 5643 3m,
1292 5565 1381 5620 es.
1460 5566 1507 5605 δ’
1567 5564 1637 5620 al.
1679 5565 1975 5644 διαλέλυτο.

338 5631 467 5687 Cor.
504 5647 598 5696 vu,
632 5632 722 5686 14.
827 5632 872 5665 δ’
912 5632 985 5688 al.
1026 5633 1216 5705 αὐτῆς.

2106 5564 2151 5598 ’⁸⁸
2191 5568 2261 5623 al.
2288 5567 2456 5625 inser.
2498 5569 2597 5631 είς.
2693 5569 2736 5599 ⁸⁷
2779 5568 2851 5622 al.
2894 5582 3137 5639 praeponi.
3178 5565 3383 5624 ἀπιών.
3490 5568 3536 5606 ι’
3571 5566 3591 5620 1
