3834 6220
260 350 365 405 589

1076 348 1611 407 CLEMENTINA.-—
1658 349 1955 408 EPITOME
1993 352 2081 408 DE
2118 355 2361 414 GESTIS
2398 361 2453 415 S.
2488 359 2709 417 PETRI.

3398 367 3506 424 390

258 458 391 516 Εἶτα
436 466 736 536 κατήγορος
778 464 938 529 αὐτὸς
977 465 1168 517 ἐαυτοῦ
1223 466 1469 534 γίνεται,
1520 466 1613 518 καὶ
1665 466 1816 517 πάντε

1945 477 2098 522 stret.
2130 468 2325 525 Postea
2353 473 2469 542 ipse
2517 478 2601 529 sui
2651 488 2939 532 accusator
2973 477 3234 546 efficitur,
3276 495 3506 540 cuncta-

257 558 482 627 ποιῆσαι
508 556 573 608 δι’
603 557 774 628 αὐτὴν
798 558 892 610 καὶ
918 556 1106 610 παθεῖν
1128 556 1477 625 ἀπαγγέλλει.

324 731 506 787 CLXI.
562 731 701 801 Ἐγὼ
726 732 835 805 γὰρ
863 732 1243 802 ἐζηλοτύπουν,
1271 709 1573 803 φησὶνίὲπὶ
1599 734 1699 795 σοὶ,
1726 733 1829 795 ὅτι,

248 823 340 876 τὸν
378 824 609 892 σύζυγον
637 824 736 893 ἐμὲ
775 823 1121 895 περιορῶσα,
1152 822 1302 901 παρὰ
1340 824 1431 876 τὸν
1473 823 1620 887 ξένον
1645 822 1832 876 τοῦτον

249 916 491 985 ἐφοίτας,
528 916 587 968 τὸ
611 914 705 967 τοῦ
731 915 1068 987 πατριάρχου
1089 913 1342 985 προσθεὶς
1356 913 1524 983 ὄνομα
1541 931 1553 943 ·
1593 914 1833 977 καὶτοὺς

245 1007 347 1076 τῆς
372 1006 587 1075 φύσεως
614 1005 876 1077 θορύϐους
894 1046 909 1071 ,
936 1007 1031 1057 καὶ
1062 1006 1161 1068 τὰς
1188 1006 1251 1057 ἐκ
1274 1006 1373 1075 τῆς
1411 1004 1578 1074 ζάλης
1591 1005 1636 1035 ⁸ο
1661 1021 1831 1076 ταρα-

245 1098 349 1168 χάς
397 1099 458 1151 οὐ
505 1098 685 1170 φέρων
711 1139 727 1163 ,
782 1096 1131 1168 ἠναγκάσθην
1179 1096 1314 1167 πρὸς
1375 1080 1829 1167 τὴν“έκκλησίαν

244 1190 513 1244 ἀπιοῦσαν
542 1190 863 1259 ἐπιφυλάξαι
893 1207 973 1253 σε,
998 1190 1091 1243 καὶ
1119 1189 1245 1242 ἰδεῖν
1268 1188 1335 1242 τὰ
1358 1188 1673 1260 τελούμενα.
1700 1189 1828 1241 Εἰσ-

244 1268 414 1337 ελθὼν
469 1283 777 1362 τοίνυνκαὶ
824 1283 986 1344 αὐτὸς
1024 1282 1252 1335 κατόπιν
1289 1283 1370 1345 εἰς
1407 1282 1500 1335 τὸν
1542 1281 1666 1334 ναὸν
1689 1322 1703 1346 ,
1734 1282 1828 1334 καὶ

174 1386 185 1397 ⁶
244 1377 559 1449 περιέργοις
578 1375 873 1445 ὀφθαλμοῖς
891 1374 959 1427 τὰ
980 1375 1083 1427 ὐπὸ
1105 1373 1198 1427 τοῦ
1217 1374 1551 1445 πατριάρχου
1569 1373 1826 1443 γινόμενα

242 1466 503 1538 θεωρῶν,
561 1466 688 1536 ὅλην
734 1483 794 1518 τε
833 1464 982 1536 αὐτῷ
1024 1465 1123 1536 τὴν
1162 1466 1329 1537 ἀκοὴν
1369 1465 1685 1529 διανιστῶν,
1734 1466 1827 1518 καὶ

241 1559 519 1629 ἀκροατὴς
546 1554 814 1611 εἶναιτῶν
840 1557 1146 1628 λεγομένων
1183 1555 1378 1610 ἐθέλων
1397 1599 1411 1623 ,
1446 1557 1736 1627 τὰςοὸψεις
1767 1574 1825 1610 τε

239 1649 373 1720 ὁμοῦ
399 1648 578 1703 καὶτὰ
591 1644 702 1705 ὦτα
730 1648 1030 1722 πηροῦμαι.
1062 1650 1124 1701 Εἰ
1154 1651 1246 1702 καὶ
1277 1649 1436 1703 πάλιν
1471 1650 1695 1713 ἐκεῖνος,
1730 1649 1825 1702 ἆτε

238 1742 375 1796 θεοῦ
408 1743 655 1814 μιμητὴς
682 1743 780 1810 ὣν,
810 1743 1107 1812 ἀναϐλέψαι
1130 1760 1189 1795 τε
1221 1742 1314 1795 καὶ
1338 1742 1567 1796 ἀκοῦσαι
1592 1741 1822 1812 πεποίη-

1938 576 2044 627 que
2073 577 2132 615 se
2160 572 2383 633 propter
2414 566 2562 627 illam
2609 567 2805 623 fecisse
2855 586 2919 625 ac
2947 573 3236 641 pertulisse
3266 590 3508 633 commo-

1937 660 2136 705 morat.

2006 742 2189 799 CLXI.
2232 744 2344 817 Ego
2390 747 2579 813 enim,
2638 750 2837 820 inquit,
2887 754 3148 826 zelotypia
3192 758 3271 812 tui
3306 760 3507 818 ductus

1937 848 2082 901 sum,
2116 837 2262 905 quod
2296 853 2383 892 me
2410 839 2644 909 conjuge
2666 844 2930 913 neglecto,
2966 846 3033 900 ad
3066 849 3333 918 hospitem
3360 848 3506 907 hunc

1936 925 2277 993 adventares,
2313 941 2367 985 et
2398 933 2606 987 addidit
2641 950 2836 989 nomen
2878 940 3231 1007 patriarchae;
3269 952 3506 998 natura»

1936 1034 2043 1088 que
2078 1024 2516 1089 perturbationes
2546 1040 2610 1079 ac
2649 1041 2713 1079 ex
2739 1026 3091 1085 ﬂuctuatione
3121 1043 3272 1088 ortos
3301 1037 3506 1090 tumul-

1937 1118 2022 1163 tus
2054 1125 2160 1163 non
2191 1110 2403 1176 ferens,
2432 1123 2654 1171 coactus
2682 1132 2803 1171 sum
2846 1128 2897 1172 te
2940 1134 3063 1173 cum
3096 1123 3163 1175 ad
3213 1124 3503 1181 ecclesiam

1931 1201 2040 1256 ires
2067 1205 2380 1269 observare,
2410 1215 2570 1277 atque
2594 1209 2777 1264 videre
2798 1226 2920 1280 qua:
2942 1214 3259 1282 agebantur.
3295 1215 3506 1288 Ingres-

1931 1306 2027 1346 sus
2054 1307 2183 1362 ergo
2206 1302 2259 1347 et
2289 1292 2404 1363 ipse
2434 1306 2556 1365 post
2592 1306 2643 1352 te
2679 1299 2731 1353 in
2771 1302 3061 1371 templum,
3085 1306 3371 1377 oculisque
3406 1325 3503 1364 cu-

1930 1381 2095 1437 riosis
2123 1398 2292 1452 quzea
2318 1387 2624 1455 patriarcha
2652 1392 2979 1459 gerebantur
3023 1397 3315 1466 aspiciens,
3341 1401 3502 1470 eique

1929 1480 2073 1528 totas
2112 1490 2274 1532 aures
2300 1479 2573 1548 arrigens,
2603 1496 2668 1535 ac
2695 1497 2883 1537 eorum
2909 1501 3030 1555 quae
3055 1487 3376 1544 dicebantur
3406 1507 3503 1547 cu-

1930 1564 2087 1633 piens
2120 1582 2241 1622 esse
2286 1570 2545 1637 auditor,
2593 1574 2768 1629 oculis
2812 1577 3014 1645 pariter
3059 1588 3222 1649 atque
3274 1583 3502 1639 auribus

1930 1668 2122 1727 captus
2153 1674 2295 1714 sum.
2328 1660 2394 1715 Et
2416 1663 2541 1717 licet
2574 1665 2663 1719 ille
2687 1666 2880 1720 iterum
2906 1709 2922 1734 ,
2982 1678 3166 1739 utpote
3195 1670 3290 1727 Dei
3320 1674 3502 1729 imita-

1932 1757 2038 1814 tor,
2074 1765 2161 1804 me
2191 1767 2416 1808 eernere
2443 1770 2507 1808 ac
2534 1757 2723 1811 audire
2749 1757 2968 1827 fecerit;
3008 1776 3109 1831 ego
3142 1772 3320 1817 tamen
3363 1767 3503 1821 tanti

239 1852 300 1888 κε
320 1853 334 1865 ·
366 1834 481 1903 ἐγὼ
507 1833 565 1887 δὲ
595 1834 801 1903 ἀγαθοῦ
839 1834 1091 1887 τοσούτου
1124 1836 1546 1906 ἀμνημονήσας,
1579 1834 1638 1887 οὐ
1670 1835 1816 1905 μόνοε.

1932 1841 2180 1897 beneficii
2210 1844 2530 1910 immemor,
2561 1863 2670 1903 non
2701 1850 2877 1904 solum
2908 1862 3089 1922 grates
3111 1854 3213 1923 ipsi
3237 1856 3307 1910 ob
3334 1856 3501 1912 bene-

236 1930 335 1983 οὐκ
389 1929 652 1983 ἀπέδωκα
669 1929 715 1960 ’ί
740 1928 968 2000 χάριτας
994 1928 1142 1999 αὐτῷ
1168 1928 1267 1999 τῆς
1299 1928 1617 1999 εὐεργεσίας
1634 1968 1648 1991 ,
1695 1925 1828 1980 ἀλλά

236 2024 327 2077 καὶ
340 2022 627 2093 τερατείαν
651 2024 679 2075 ὁ
699 2023 922 2092 μάταιος
932 2023 991 2074 τὸ
1010 2021 1195 2092 θαῦμα
1212 2021 1400 2086 εἰπὼν,
1414 2021 1826 2093 τιμωρήσασθαί

234 2130 291 2165 τε
312 2113 477 2165 αὐτὸν
503 2112 840 2184 ἐπεχείρουν,
858 2113 957 2182 ὅση
991 2130 1080 2183 μοι
1111 2112 1360 2182 δύναμις,
1389 2113 1481 2165 καὶ
1506 2115 1823 2183 κατασχεῖν,

233 2205 397 2276 οἶμοι,
424 2205 521 2257 καὶ
546 2204 765 2275 δεσμοῖς
797 2204 1108 2275 περιϐαλεῖν
1146 2204 1395 2257 ἐκέλευον
1421 2208 1535 2267 τοῖς
1550 2205 1791 2268 οἰκέταις
1808 2233 1823 2247 -

232 2295 463 2359 ἐκείνοις
478 2294 557 2357 δὲ,
576 2294 824 2365 κατέχειν
851 2312 909 2346 τε
932 2294 1092 2347 αὐτὸν
1121 2294 1399 2365 νομίζουσι
1429 2295 1523 2348 καὶ
1543 2296 1623 2357 εἰς
1649 2294 1826 2366 δεσμά

232 2386 419 2459 φέρειν
443 2429 457 2452 ,
504 2387 636 2452 ξύλα
674 2382 741 2457 ἦν
780 2389 837 2439 ἐν
871 2387 1025 2457 χερσί
1065 2386 1222 2457 μόνον
1251 2386 1345 2439 καὶ
1379 2386 1543 2439 λίθοι.
1572 2385 1742 2440 Τοῦτο
1768 2387 1823 2439 δὲ

232 2478 325 2530 καὶ
348 2478 500 2549 αὐτῷ
528 2496 618 2548 μοι
658 2478 853 2545 ἐδόκει,
895 2478 988 2531 καὶ
1014 2473 1101 2531 οἷα
1129 2480 1220 2532 ὐπ’
1248 2477 1426 2531 αὐτῶν
1457 2479 1822 2550 κατεχομένου

230 2570 322 2622 τοῦ
359 2572 702 2642 πατριάρχου
724 2614 737 2636 ,
766 2570 994 2634 ἀπειλὰς
1025 2571 1136 2638 ἐγὼ
1163 2569 1548 2642 χαλεπωτέρας
1595 2572 1819 2643 ἐπῆγον.

232 2660 516 2724 Διάροῦτο
542 2661 731 2732 δέομαι
752 2664 781 2714 ό
810 2662 901 2725 σὸς
923 2661 1063 2733 ἀνὴρ
1078 2704 1092 2728 ,
1122 2663 1215 2715 καὶ
1237 2660 1438 2733 ταύτην
1464 2662 1615 2734 παρὰ
1636 2680 1824 2731 γυναι-

232 2753 326 2816 κὸς
358 2753 503 2824 ἐμῆς
533 2753 669 2806 αἰτῶ
688 2754 848 2825 χάριν
871 2754 936 2818 δ’,
968 2753 1109 2825 ὥστε
1133 2753 1326 2824 πρῶτα
1368 2754 1467 2823 μὲν
1495 2754 1700 2824 εὐμενῆ
1726 2771 1820 2823 γε-

231 2820 417 2900 νέσθαῂι
435 2820 486 2877 ’ἐ
510 2846 603 2899 τὸν
632 2820 796 2909 Θεδνϋ,
827 2820 1093 2900 ἓπειταχδὲ
1122 2887 1137 2912 ,
1166 2820 1259 2899 καὶ
1282 2820 1442 2900 αὐτὸν
1472 2820 1825 2918 διαλλαγῆναι

230 2934 319 2987 τὸν
349 2937 716 3009 πατριάρχην.

298 3027 509 3081 CLXII.
552 3028 770 3082 Τούτων
798 3030 1079 3083 ἀκούσασα
1103 3029 1372 3102 Θεοδώρα,
1399 3032 1535 3103 πρὸς
1561 3031 1652 3085 τὸν
1673 3032 1819 3086 ὅσιον

231 3116 388 3180 εὐθὺς
428 3119 771 3187 ἀφικνεῖται,
799 3121 892 3173 καὶ
931 3120 1030 3173 ὅσα
1056 3137 1115 3172 τε
1142 3120 1239 3173 ἴδοι
1260 3161 1274 3183 ,
1315 3122 1408 3173 καὶ
1426 3122 1526 3173 ὅσα
1553 3120 1705 3193 παρὰ
1722 3120 1817 3174 τοῦ

229 3209 418 3280 ἀνδρὸς
456 3209 711 3264 ἀκούσειε
734 3252 749 3275 ,
798 3212 960 3265 πάλιν
1012 3212 1341 3281 ἀπαγγέλλει
1381 3212 1557 3266 πάντα
1592 3213 1671 3284 τῷ
1711 3231 1815 3267 πα-

227 3302 479 3374 τριάρχῃ.
522 3302 581 3355 Ὁ
604 3303 659 3355 δὲ
687 3304 760 3374 μὴ
788 3303 1057 3375 μελλήσας
1080 3303 1265 3375 μηδὲν,
1288 3304 1484 3357 αὐτίκα
1510 3305 1652 3374 μάλα
1676 3305 1814 3377 πρὸς

228 3391 317 3445 τὸν
345 3393 609 3447 Σισίννιον
659 3395 1051 3465 παραγίνεται’
1086 3397 1178 3449 καὶ
1219 3396 1316 3465 οὐχ
1357 3396 1433 3459 ὡς
1468 3396 1529 3449 τὸ
1553 3397 1813 3469 πρότερον

230 3482 373 3553 αὐτῷ
396 3485 740 3553 ἐντυγχάνει,
765 3484 901 3537 ἀλλὰ
924 3484 1042 3556 μεθ’
1058 3486 1191 3555 ὅσης
1220 3487 1426 3548 ἐκεῖνος
1452 3486 1531 3556 τῷ
1553 3486 1814 3557 πατριάρ-

231 3588 301 3646 χῃ
340 3575 644 3647 προσέϐαλε
685 3576 807 3629 τότε
852 3575 957 3645 τῆς
1001 3576 1340 3647 ἀγριότητος,
1391 3576 1529 3647 μετὰ
1571 3576 1813 3640 πλείονος

233 3667 388 3721 αὐτὸν
412 3670 509 3722 νῦν
533 3670 632 3739 τῆς
659 3669 823 3739 τιμῆς
843 3668 1181 3738 ὑποδέχεται.
1215 3662 1446 3739 Ἀθρόαν
1468 3668 1645 3721 τοίνυν
1671 3668 1813 3722 ούτω

233 3759 323 3812 καὶ
350 3760 551 3829 πολλὴν
590 3760 688 3831 τὴν
730 3759 1029 3832 μεταϐολὴν
1070 3762 1098 3813 ὁ
1138 3761 1310 3832 μέγας
1345 3759 1468 3814 ἰδὼν
1488 3801 1502 3824 ,
1530 3761 1719 3829 λόγους
1751 3778 1811 3814 τε

234 3850 355 3920 περὶ
375 3850 477 3921 τῆς
506 3849 788 3913 εὐσεϐείας
830 3850 1017 3917 δεξιῶς
1043 3852 1183 3920 ἄγαν
1216 3851 1365 3921 αὐτῷ
1389 3852 1657 3905 ὑποτείνει
1677 3892 1690 3916 ,
1716 3852 1811 3905 καὶ

233 3939 345 3993 ὅλον
367 3943 713 3995 ὐποποιεῖται
731 3942 822 3995 τὸν
848 3942 1033 4012 ἄνδρα.
1056 3944 1167 3996 Kal.
1191 3944 1485 4007 πιστεύσας
1505 3944 1614 3997 ἀπὸ
1631 3944 1811 4015 ψυχῆς

233 4034 260 4085 ό
297 4035 560 4096 Σισίννιος
598 4034 677 4105 τῷ
710 4034 830 4103 Θεῷ
855 4075 868 4096 ,
925 4036 1097 4104 ἥψατο
1138 4035 1247 4088 τῶν
1280 4036 1561 4107 μακαρίων
1588 4038 1809 4091 ἐκείνων

232 4126 321 4180 τοῦ
355 4129 693 4200 πατριάρχου
732 4126 908 4181 ποδῶν
932 4169 946 4191 ,
989 4130 1082 4181 καὶ
1124 4128 1347 4182 τοιαῦτα.
1388 4130 1525 4199 μετά
1559 4131 1809 4202 δακρύων

236 4220 528 4289 ἐφθέγγετο
547 4237 562 4251 ·

300 4313 527 4367 CLXIII.
562 4313 880 4384 Εὐχαριστῶ
894 4330 972 4365 σοι
999 4312 1075 4382 τῷ
1092 4311 1388 4384 ἀληθεῖκαὶ
1411 4314 1554 4386 μόνῳ
1573 4314 1712 4385 Θεῷ,
1730 4314 1809 4386 τῷ

234 4406 317 4459 διὰ
334 4406 492 4460 τοῦτό
519 4422 609 4476 μοι
628 4407 754 4465 τοὺς
789 4403 1098 4473 ὀφθαλμοὺς
1126 4404 1477 4475 πεπηρωκὰτι
1497 4403 1590 4457 τοῦ
1621 4404 1807 4474 σώμα-

234 4476 379 4562 tog:
369 4500 518 4562 ὅπως
557 4498 684 4561 τοὺς
704 4498 805 4567 τῆς
824 4497 1003 4567 ψυχῆς
1021 4496 1307 4569 διανοίξῃς,
1326 4498 1419 4550 καὶ
1432 4496 1711 4566 διαϐλέψαι
1742 4514 1807 4567 με

236 4589 656 4662 παρασκευάσῃς
703 4588 839 4660 πρὸς
882 4589 983 4659 τὴν
1021 4588 1293 4659 ἀλήθειαν·
1332 4588 1611 4662 διάμτοῦτο
1634 4590 1689 4642 δὲ
1718 4589 1824 4642 καὶι

235 4656 339 4732 τῶν
365 4679 519 4735 ὢτων
685 4656 965 4750 ἐνέργειαν
988 4656 1373 4743 ἀποσϐέσαντι,
1402 4656 1548 4743 ὅπως
1568 4679 1810 4752 νηφούσῃ

237 4768 435 4841 διανοίᾳ
454 4811 468 4831 ,
497 4772 591 4824 καὶ
636 4770 859 4841 μηδενὸς
886 4769 993 4821 τῶν
1022 4768 1218 4834 ἔξωθεν
1254 4768 1389 4831 ὅλως
1426 4769 1808 4843 αἰσθανομένῃ,

238 4859 295 4912 τὸ
319 4862 414 4932 τῆς
438 4862 720 4925 εὐσεϐείας
749 4861 1091 4932 ὐποδέξωμαι
1118 4862 1185 4930 κή
1197 4878 1398 4932 ρυγμα,
1425 4862 1536 4915 Νῦν
1560 4862 1615 4915 δὲ
1639 4864 1811 4935 αὐτὴν

239 4953 330 5024 τὴν
348 4955 599 5026 ἀλήθειαν
621 4954 863 5025 ἐμυήθην
882 4995 896 5019 ,
926 4954 1019 5007 καὶ
1052 4953 1292 5026 ἀκριϐῶς
1318 4954 1386 5008 τά
1406 4954 1514 5007 τῶν
1550 4954 1812 5026 Ἑλλήνων

240 5044 472 5113 διέγνων,
491 5046 707 5116 ἀπάτην
738 5047 865 5099 ὄντα
909 5047 1067 5117 μόνον
1092 5047 1185 5099 καὶ
1211 5047 1493 5116 τερατείαν
1529 5046 1805 5099 ἀπίθανον.

253 5130 368 5186 Ἐπὶ
408 5135 619 5199 τούτοις
643 5136 934 5208 φαιδρότης
975 5137 1098 5205 ἔσχε
1146 5137 1240 5189 καὶ
1287 5136 1448 5208 ἡδονὴ
1490 5137 1580 5190 τὸν
1619 5133 1766 5192 οἷκον
1793 5179 1807 5202 ,

243 5223 330 5274 καί¹
361 5225 437 5295 τῷ
480 5225 701 5296 Χριστῷ
745 5226 945 5288 πάντες
987 5227 1329 5280 ἐπίστευσαν.
1378 5226 1483 5279 Τοῦ
1527 5227 1712 5297 πάσχα
1752 5228 1809 5280 δέ

245 5313 336 5386 ήδη
377 5298 761 5388 ἐνισταμένου,
809 5316 1169 5370 ἐϐαπτίσαντο
1209 5317 1346 5388 μετά
1394 5317 1491 5371 τοῦ
1540 5320 1804 5372 Σισιννίου

246 5408 433 5473 πάντες
465 5412 695 5483 πατέρες
720 5410 855 5481 ὁμοῦ
886 5412 980 5465 καὶ
1012 5412 1243 5482 μητέρες
1268 5413 1361 5465 καὶ
1382 5412 1587 5475 παῖδες,
1622 5414 1701 5476 εἰς
1729 5411 1807 5463 εῖ-

247 5513 358 5553 κοσι
382 5503 471 5554 καὶ
495 5506 641 5574 τρεῖς
657 5503 746 5556 ἐ.πί
770 5506 882 5565 τοῖς
904 5502 1273 5573 τετρακοσίοις
1290 5502 1458 5566 ὅντες.
1486 5502 1654 5555 Τοῦτο
1681 5501 1807 5555 πολ-

1930 1933 2204 1988 licentiam
2234 1952 2341 1988 non
2371 1938 2640 2005 persolvi,
2673 1940 2765 1994 sed
2797 1950 2850 1995 et
2877 1943 3108 1999 stolidus
3133 1986 3149 2011 ,
3175 1960 3302 2001 cum
3330 1948 3500 2002 mira-

1930 2024 2114 2079 culum
2148 2026 2385 2081 dicerem
2416 2043 2537 2083 esse
2565 2032 2887 2102 praestigias,
2933 2050 3057 2089 eum
3092 2037 3360 2107 supplicio
3388 2040 3504 2094 alli-

1929 2129 2081 2183 cere,
2110 2127 2371 2185 quantum
2409 2122 2591 2189 potui,
2619 2132 2850 2178 conatus
2871 2140 2990 2178 sum
3010 2167 3025 2191 ,
3050 2126 3301 2198 jussique
3325 2129 3503 2185 famu-

1929 2207 2028 2271 lis,
2075 2208 2161 2262 hei
2202 2209 2371 2264 mihi!
2412 2221 2472 2265 ut
2518 2214 2768 2268 eumdem
2814 2216 3110 2273 retinerent
3155 2234 3218 2275 ac
3266 2223 3501 2279 vinculis

1929 2308 2250 2367 onerarent;
2284 2301 2391 2357 illis
2429 2318 2558 2357 vero
2588 2305 2680 2373 qui
2711 2314 2895 2360 tenere
2933 2308 3084 2362 illum
3116 2320 3168 2364 et
3201 2311 3257 2365 in
3286 2314 3498 2369 vincula

1929 2391 2130 2448 ducere
2157 2393 2460 2463 putabant,
2491 2395 2635 2465 ligna
2660 2396 2923 2454 duntaxat
2946 2408 3000 2454 et
3030 2402 3238 2471 lapides
3262 2417 3417 2461 erant
3440 2408 3497 2461 in

1928 2482 2186 2537 manibus
2215 2500 2230 2536 :
2260 2482 2313 2537 id
2343 2484 2489 2553 quod
2522 2487 2655 2539 mihi
2688 2487 2852 2541 etiam
2886 2489 3203 2559 videbatur;
3251 2503 3305 2548 et
3338 2497 3497 2565 quasi

1928 2574 1998 2627 ab
2032 2574 2113 2629 eis
2148 2575 2457 2643 patriarcha
2508 2577 2880 2645 detineretur,
2925 2582 3103 2637 minas
3145 2584 3498 2653 gravissimas

1926 2680 2027 2734 ego
2053 2666 2352 2734 jactabam.
2378 2666 2647 2733 Quocirca
2680 2685 2909 2738 precor,
2942 2672 3026 2725 vir
3060 2681 3209 2736 tuus,
3247 2674 3499 2747 hancque

1925 2757 1995 2810 ab
2026 2772 2197 2812 uxore
2221 2774 2339 2812 mea
2375 2760 2606 2829 gratiam
2638 2768 2762 2829 peto
2786 2770 2845 2815 ut
2878 2762 3054 2831 primo
3077 2764 3294 2834 quidem
3326 2765 3495 2822 Deum

1924 2848 2059 2902 mihi
2093 2849 2392 2918 propitium
2421 2850 2644 2917 eflieias,
2668 2852 2865 2909 deinde
2888 2870 3018 2910 vero
3041 2866 3095 2911 et
3122 2873 3209 2911 me
3238 2860 3499 2916 concilies

1924 2939 2271 3010 patriarchas.

1995 3030 2199 3085 CLXII.
2225 3031 2319 3089 His
2341 3035 2564 3104 auditis,
2592 3036 2879 3093 Theodora
2907 3040 2972 3093 ad
3003 3048 3250 3094 sanctum
3280 3039 3497 3096 confes-

1924 3123 2018 3175 tim
2046 3124 2225 3191 venit,
2258 3134 2565 3195 cunctaque
2605 3143 2727 3197 quae
2777 3129 3031 3192 vidisset,
3065 3138 3118 3183 et
3167 3145 3287 3198 qut?
3314 3146 3342 3182 a
3377 3130 3494 3184 viro

1918 3216 2200 3283 audiisset,
2220 3234 2439 3273 rursum
2466 3221 2791 3289 patriarcha:
2814 3222 3049 3276 nuntiat.
3076 3221 3170 3276 Ille
3196 3223 3330 3276 nihil
3359 3239 3496 3278 cun-

1917 3315 2117 3375 ctatus,
2151 3309 2416 3365 citissime
2446 3312 2513 3365 ad
2541 3310 2844 3366 Sisinnium
2870 3313 3236 3382 proﬁciscitur
3264 3333 3277 3369 :
3311 3324 3366 3369 et
3385 3332 3493 3370 non

1918 3410 1975 3455 ut
2010 3411 2169 3455 antea
2200 3416 2324 3456 eum
2363 3402 2612 3470 invenit,
2648 3404 2739 3457 sed
2765 3420 2889 3458 cum
2924 3414 3127 3474 quanta
3162 3406 3250 3460 ille
3293 3407 3493 3462 feroci-

1915 3502 2025 3548 tate
2056 3496 2423 3564 patriarcham
2454 3504 2582 3551 tunc
2626 3498 2855 3551 adortus
2895 3496 3101 3565 fuerat,
3131 3514 3256 3553 cum
3284 3499 3493 3569 majore

1915 3589 2122 3643 honore
2170 3604 2317 3643 nunc
2365 3605 2489 3643 eum
2517 3591 2737 3660 excipit.
2775 3591 2926 3646 Adeo
2957 3592 3122 3663 igitur
3162 3595 3398 3648 subitam
3437 3603 3491 3648 ct

1914 3694 2166 3748 magnam
2200 3682 2560 3736 mutationem
2608 3683 2693 3736 vir
2734 3699 2966 3753 magnus
2989 3700 3241 3754 cernens,
3275 3702 3489 3741 sermo-

1912 3786 2011 3825 nes
2035 3772 2102 3825 de
2126 3772 2323 3840 pietate
2355 3774 2647 3828 admodum
2676 3777 2811 3830 scite
2839 3778 2889 3831 ei
2917 3780 3179 3849 suggerit,
3207 3790 3493 3850 totumque

1914 3862 2019 3919 sibi
2049 3874 2332 3933 comparat
2365 3866 2667 3923 hominem.
2707 3867 2955 3937 Cumque
2994 3884 3060 3924 ex
3097 3872 3282 3925 animo
3314 3872 3492 3926 Sisino

1913 3957 2038 4012 nius
2068 3957 2176 4009 Deo
2204 3957 2561 4023 credidisset,
2601 3959 2776 4028 tetigit
2798 3961 2986 4016 beatos
3016 3961 3139 4017 illos
3162 3963 3489 4032 patriarcha:

1911 4044 2096 4116 pedes,
2126 4048 2349 4117 haecque
2383 4063 2506 4102 cum
2547 4049 2801 4120 lacrymis
2831 4051 3145 4120 prolocutus
3168 4064 3283 4107 eSt:

1980 4314 2207 4371 CLXIII.
2259 4315 2473 4371 Gratia’s
2538 4331 2639 4383 ago
2684 4316 2781 4369 tibi
2818 4331 2946 4371 vero
2981 4331 3045 4371 ac
3075 4318 3177 4371 soli
3208 4316 3351 4379 Deo,
3390 4317 3483 4388 qui

1912 4405 2034 4461 ideo
2057 4407 2192 4461 mihi
2222 4407 2413 4462 oculos
2439 4408 2686 4475 corporis
2712 4407 3022 4470 excazcasti,
3051 4416 3112 4461 ut
3141 4422 3235 4461 eos
3257 4407 3351 4477 qui
3374 4408 3490 4461 ani-v

1842 4508 1885 4562 Ι)
1916 4513 2018 4553 mae
2050 4508 2178 4553 sunt
2204 4498 2479 4567 aperires,
2510 4512 2707 4566 meque
2733 4495 2942 4551 faceres
2972 4498 3215 4566 aspicere
3248 4497 3316 4551 ad
3343 4498 3486 4551 veri—

1915 4597 2114 4656 tatem;
2153 4589 2382 4658 ideoque
2405 4590 2568 4643 etiam
2607 4590 2823 4643 aurium
2860 4589 2962 4642 vim
2993 4589 3395 4658 compressisti,
3427 4596 3486 4642 ut

1914 4690 2096 4737 mente
2124 4682 2271 4752 vigili
2302 4682 2547 4751 nihilque
2574 4680 2790 4750 penitus
2817 4696 3004 4734 eorum
3038 4695 3159 4750 qua:
3181 4691 3331 4735 extra
3357 4690 3487 4735 sunt

1914 4773 2183 4827 sentiente
2207 4814 2221 4839 ,
2266 4788 2405 4827 veras
2442 4773 2728 4844 religionis
2759 4773 3093 4841 susciperem
3140 4771 3483 4841 praedicatio-

1914 4881 2061 4920 nem.
2106 4863 2262 4919 Nune
2293 4880 2423 4919 vero
2460 4866 2734 4936 mysteriis
2762 4865 3004 4920 veritatis
3050 4866 3293 4920 initiatus
3336 4882 3480 4927 sum,

1916 4966 2179 5026 certoque
2208 4955 2403 5028 agnovi
2434 4957 2718 5026 gentilium
2760 4972 2917 5012 sacra
2967 4955 3213 5010 fraudem
3269 4965 3482 5011 tantum

1914 5063 2036 5103 esse
2066 5064 2131 5103 ac
2164 5048 2537 5102 incredibilem
2571 5049 2888 5103 vanitatem.
2930 5047 3155 5117 Propter
3188 5049 3293 5102 ista
3342 5049 3481 5101 hila-

1912 5138 2047 5193 ritas
2077 5148 2131 5193 et
2160 5139 2345 5193 laatitia
2368 5138 2593 5194 domum
2627 5140 2932 5209 occupavit.
2950 5155 3249 5209 omnesque
3263 5139 3483 5193 Christo

1913 5229 2279 5283 crediderunt.
2312 5228 2576 5305 Paschate
2602 5246 2730 5285 vero
2769 5231 2884 5300 jam
2924 5231 3177 5296 ineunte,
3221 5230 3480 5299 baptizati

1912 5330 2039 5375 sunt
2065 5337 2190 5376 cum
2221 5321 2464 5375 Sisinnio
2492 5337 2702 5387 omnes,
2735 5332 2917 5391 patres
2943 5323 3107 5377 simul
3124 5331 3179 5377 et
3202 5332 3403 5377 matres
3428 5332 3483 5376 et

1915 5413 2094 5479 liberi,
2148 5414 2215 5467 ad
2243 5421 2353 5468 tres
2390 5421 2445 5467 et
2472 5413 2661 5478 viginti
2693 5429 2855 5483 supra
2880 5414 3326 5485 quadringentos.
3368 5413 3480 5468 Hoc

1914 5503 2135 5557 attraxit
2169 5503 2371 5557 multus
2401 5518 2466 5557 ex
2497 5504 2886 5559 illustrioribus
2910 5546 2924 5571 ,
2952 5505 3045 5574 qui
3072 5504 3284 5574 magnis
3305 5504 3483 5557 bono-

1537 5679 1770 5734 VARIZE
1810 5677 2207 5734 LECTIONES.

314 5785 357 5817 '°
396 5789 464 5844 al.
504 5790 595 5845 τοῦ
634 5791 817 5865 ζήλου.
892 5793 936 5827 ⁸¹
971 5794 1042 5851 al.
1070 5794 1401 5849 ἀποδέδωκα.
1480 5796 1523 5828 ⁵³
1558 5796 1629 5851 aI.
1665 5796 1788 5852 add.
1820 5797 1918 5869 τὴν
1952 5799 2187 5870 ἐμαυτοῦ
2216 5800 2508 5872 σωτηρίαν.
2590 5801 2634 5835 ³³
2669 5803 2739 5857 al.
2783 5804 2947 5858 inser.
3006 5821 3119 5877 μοι.
