3834 6220
330 323 425 381 5M

1175 322 1231 377 S.
1273 319 1659 376 CLEMENTIS
1700 322 1717 375 I
1760 320 1923 375 ROM.
1958 319 2155 374 ΡΟΝΤ.
2194 321 2422 377 OPERA
2460 320 2686 379 DUBIA.

335 443 486 496 ribus
537 437 964 509 prapollebant,
1011 438 1321 509 quibusque
1379 439 1673 505 imperator
1728 434 1899 490 Nerva

2005 416 2129 498 λούς
2156 438 2507 491 ἐπεσπάσατο
2532 438 2638 491 τῶν
2670 434 3128 506 ὲπιφανεστέρων,
3155 432 3268 485 δσοι
3303 448 3363 483 τε
3392 432 3579 501 μακρᾲ

334 532 529 585 amicis
556 530 797 583 maxime
844 536 899 582 et
944 527 1274 583 consiliariis
1300 524 1584 589 utebatur;
1610 534 1774 594 atque
1811 524 1901 594 pio

331 620 503 676 cultui
534 635 729 675 omnes
755 618 965 675 assensi
992 627 1137 673 sunt.

400 794 631 851 CLXIV.
673 793 806 861 Quae
852 809 975 848 cum
1035 793 1241 847 videret
1288 793 1563 861 pessimus
1619 807 1716 861 per
1770 790 1901 846 illud

333 894 548 956 tempus
579 899 765 940 comes
794 883 1095 938 ofﬁciorum
1124 881 1351 937 Publius
1377 881 1767 952 Tarquitianus
1786 898 1902 936 mo—

324 977 467 1034 Ieste
499 978 655 1043 tulit,
700 985 753 1030 et
790 975 976 1046 gravia
1025 974 1392 1038 existimavit,
1437 974 1901 1044 consideransque

330 1086 443 1141 quo
474 1071 633 1125 modo
664 1069 918 1138 pietatem
946 1067 1177 1122 ulterius
1200 1066 1632 1136 progredientem
1664 1065 1902 1135 compri—

330 1171 543 1227 meret,
579 1161 757 1231 ipsum
803 1160 983 1229 primo
1030 1159 1365 1213 Clementem
1401 1166 1663 1226 tanquam
1709 1172 1897 1211 eorum

329 1268 452 1324 quae
478 1252 681 1308 fiebant
710 1252 945 1305 maxime
983 1258 1264 1303 auctorem
1290 1247 1481 1302 statuit
1511 1262 1541 1301 e
1573 1246 1752 1301 medio
1796 1248 1897 1302 ιοιι

328 1351 443 1405 lere
472 1368 485 1403 :
513 1357 566 1404 et
594 1348 934 1418 singularum
958 1344 1123 1400 Urbis
1149 1344 1433 1414 regionum
1464 1342 1739 1413 praefectis
1767 1358 1899 1397 con-

326 1441 558 1507 vocatis,
584 1440 760 1507 iisque
786 1438 1012 1507 pecunia
1040 1435 1334 1504 corruptis,
1360 1434 1679 1489 seditionem
1707 1433 1898 1487 adver-

327 1548 423 1588 sus
465 1530 800 1586 Clementem
831 1529 910 1583 uti
947 1534 1229 1582 moverent
1274 1526 1354 1581 eis
1386 1525 1704 1596 proposuit,
1730 1533 1897 1593 utque

321 1622 475 1679 illius
510 1620 972 1677 existimationem
1006 1620 1326 1688 impeterent
1357 1618 1609 1671 hortatus
1651 1624 1761 1681 est,
1795 1630 1895 1669 cu-

326 1714 482 1782 piens
508 1726 749 1768 amorem
787 1709 953 1765 Urbis
981 1724 1108 1779 erga
1135 1724 1259 1762 eum
1303 1724 1399 1777 per
1427 1708 1533 1761 hoc
1567 1707 1893 1771 dissolvere,

2002 529 2068 597 τῇ
2096 527 2224 602 δόξῃ
2249 528 2561 602 διέπρεπον,
2586 532 2679 584 καὶ
2697 524 2778 593 οἷς
2801 532 2830 583 ὸ
2856 528 3106 599 βασιλεὺς
3135 525 3378 597 Νερούας
3407 523 3583 593 φίλοις

2006 620 2239 690 μάλιστα
2291 624 2385 676 κα)⁵
2432 622 2752 693 συμϐούλοις
2802 621 3031 692 ἐχρῆτο’
3076 619 3171 673 καὶ
3216 620 3282 689 τῇ
3328 614 3585 691 εὐσεϐείᾳ

2004 712 2207 775 πάντες
2236 714 2535 767 συνέθεντο.

2071 801 2297 857 CLXIV.
2338 805 2522 858 Ταῦτα
2574 806 2715 879 όρῶν
2755 805 2784 858 ὁ
2825 805 3191 874 πονηρότατος
3240 800 3360 852 κατ’
3402 799 3584 849 ἐκεῖνο

2002 894 2194 963 καιροῦ
2221 894 2329 948 τῶν
2360 896 2625 965 ὀφφικίων
2654 897 2829 968 κόμης
2852 894 2963 965 (21)
2998 891 3263 954 Πούπλιος
3302 890 3581 961 Τουρκου-

2000 986 2180 1049 τιανὸς
2204 985 2337 1058 (2‘2),
2363 986 2729 1059 ἐδυσχέραινε,
2753 987 2849 1040 κα)⁵
2861 984 3007 1039 δεινὰ
3022 982 3193 1037 ἐποίει
3210 999 3224 1012 ο
3247 983 3341 1035 καὶ
3361 980 3583 1034 σκοπῶν

2000 1078 2148 1142 ὅπως
2192 1078 2258 1132 ἂν
2304 1080 2502 1151 ἐπίσχῃ
2545 1081 2855 1151 περαιτέρω
2883 1078 3278 1152 προϐαίνουσαν
3300 1074 3397 1145 τὴν
3426 1071 3583 1124 εὐσέ-

2001 1168 2153 1222 ϐειαν
2176 1209 2190 1232 ,
2223 1170 2381 1223 αὐτὸν
2422 1171 2562 1239 ἔγνω
2602 1172 2817 1245 πρῶτον
2858 1174 2923 1225 ἐκ
2950 1170 3124 1223 ποδῶν
3168 1167 3387 1237 ποιῆσαι
3416 1164 3461 1195 ⁵⁵
3485 1162 3582 1215 τὸν

2001 1260 2290 1331 Κλήμεντα
2313 1300 2328 1323 ,
2370 1256 2456 1314 οἷα
2497 1262 2604 1315 τῶν
2644 1264 2927 1335 παρόντων
2974 1259 3293 1315 αἰτιώτατον
3337 1258 3382 1289 ⁸⁸
3415 1253 3580 1308 αὐτὸν

1999 1350 2125 1405 ὄντα
2143 1370 2154 1381 ’
2188 1354 2285 1406 καὶ
2307 1356 2435 1417 τοὺς
2466 1355 2699 1409 ἑκάστου
2729 1356 2927 1425 μέρους
2952 1354 3053 1424 τῆς
3072 1353 3277 1415 πόλεως
3304 1349 3582 1422 προεστῶ-

1997 1460 2097 1505 τας
2131 1444 2605 1515 συγκαλεσάμενος
2624 1485 2640 1507 ,
2670 1446 2763 1498 καὶ
2803 1449 3074 1517 χρήμασιν
3110 1444 3304 1506 αὐτοὺς
3332 1440 3577 1509 διαφθεί-

2002 1551 2099 1604 ρας
2118 1574 2133 1597 ,
2166 1536 2355 1588 στάσιν
2382 1535 2503 1589 τινὰ
2527 1538 2745 1607 κινῆσαι
2773 1537 2914 1589 κατὰ
2939 1536 3033 1589 τοῦ
3058 1536 3368 1607 Κλήμεντος
3391 1534 3576 1595 αὐτοῖς

1998 1624 2260 1691 ὑπετίθει,
2290 1627 2383 1680 καὶ
2416 1628 2687 1681 διαϐαλεῖν
2715 1627 2877 1681 αὐτοῦ
2900 1628 2996 1698 τὴν
3022 1626 3284 1696 ὑπόληψιν
3314 1623 3578 1695 προετρέ-

1998 1734 2128 1770 πετο
2146 1735 2159 1747 °
2186 1718 2359 1793 ταύτῃ
2380 1719 2679 1773 καταλῦσαι
2693 1720 2754 1773 τὸ
2769 1720 2903 1790 πρὸς
2923 1719 3082 1772 αὐτὸν
3104 1719 3204 1788 τῆς
3223 1718 3428 1779 πόλεως
3453 1714 3577 1784 φίλ-

326 1804 718 1873 Itomincmque
750 1801 975 1856 reddere
1015 1800 1229 1855 insidiis
1262 1798 1473 1853 facilem
1506 1806 1667 1868 atque
1693 1812 1894 1867 oppor-

2001 1828 2122 1882 τρον
2148 1788 2469 1883 βουλόμενος
2487 1854 2502 1877 ,
2534 1813 2629 1867 καὶ
2660 1788 3110 1885 πῴςῗέπιϐουλὴν
3141 1810 3459 1879 εὐχείρωτον
3484 1809 3578 1862 τὸν

328 1907 544 1953 tunum.

397 1986 603 2043 CLXV.
645 1986 1035 2055 Conspirantes
1076 1999 1207 2054 ergo
1241 1984 1505 2039 adversus
1536 1998 1662 2039 eum
1694 1984 1897 2053 impro-

325 2080 538 2136 bissimi
570 2079 645 2133 illi
671 2079 840 2141 cives,
869 2077 1013 2130 mala
1040 2090 1103 2130 ac
1129 2072 1293 2141 fmda,
1326 2084 1385 2129 ut
1423 2074 1525 2144 ipsi
1550 2075 1895 2129 arbitraban-

326 2179 435 2234 tur,
463 2169 529 2223 de
560 2169 652 2222 illo
674 2166 1004 2230 diﬂundunt,
1032 2164 1311 2233 multaque
1340 2164 1605 2233 objiciunt
1628 2164 1893 2227 crimina;

324 2263 632 2335 praestigias
661 2261 711 2315 ei
742 2259 1078 2321 attribuunt,
1110 2266 1165 2311 et
1194 2256 1473 2326 religionis
1502 2271 1694 2310 eorum
1738 2270 1895 2309 ever-

323 2360 558 2424 sionem,
579 2356 791 2425 aIiaque
818 2354 1084 2424 plurima;
1114 2361 1278 2421 atque
1300 2352 1490 2405 dicunt
1515 2350 1584 2404 ab
1614 2353 1733 2421 ipso
1757 2350 1893 2405 allici

324 2450 671 2506 contumeliis
696 2457 750 2502 et
783 2445 1009 2501 lacerari
1043 2444 1250 2514 patrios
1276 2442 1409 2497 deos
1440 2460 1453 2497 :
1501 2450 1562 2497 ut
1588 2442 1681 2510 qui
1707 2440 1894 2496 Jovem

318 2543 570 2597 omnium
620 2541 846 2595 deorum
898 2538 1231 2600 maximum,
1266 2549 1442 2603 neque
1469 2533 1630 2588 deum
1670 2549 1894 2603 prorsus

324 2635 669 2696 nominaret;
709 2628 995 2684 Herculem
1049 2641 1180 2681 vero
1213 2625 1488 2680 Alcmena:
1513 2624 1681 2678 filium
1708 2628 1891 2693 (quem

322 2728 403 2782 illi
432 2740 595 2783 suum
618 2729 1056 2779 conservatorem
1090 2718 1264 2787 aiunt)
1294 2718 1569 2787 impurum
1601 2718 1890 2786 quemdam

322 2820 626 2876 daemonem
670 2825 723 2868 et
767 2813 1054 2867 scelestum
1104 2821 1357 2870 vocaret;
1411 2809 1789 2863 charissimam
1840 2819 1894 2862 et

326 2910 719 2970 suavissimam
764 2904 1028 2959 Venerem
1051 2945 1066 2969 ,
1102 2903 1444 2957 meretricem
1472 2902 1779 2965 induceret;
1810 2911 1891 2954 at-

323 3022 430 3078 que
458 3004 719 3074 optimam
748 2995 1124 3069 jaculatricem
1158 2992 1404 3054 Dianam,
1430 2991 1727 3060 sapientem
1753 2989 1893 3043 Mer-

323 3099 539 3155 curium
564 3093 725 3148 deum
756 3087 1050 3152 sermonis,
1080 3085 1398 3139 bellicosum
1426 3081 1675 3147 Martem,
1706 3081 1894 3137 Satur-

1996 1901 2163 1973 ἄνδρα
2185 1903 2623 1973 παρασκευάσαι.

2066 1992 2272 2048 CLXV.
2331 1994 2634 2057 Συστάντες
2673 1990 2765 2048 οῦν
2788 1993 2873 2047 ἐπ’
2912 1992 3073 2047 αὐτὸν
3121 1992 3171 2044 oi.
3220 1990 3577 2062 πονηρότατοι

1995 2084 2103 2137 τῶν
2131 2082 2360 2137 πολιτῶν
2384 2085 2599 2147 ἐκεῖνοι,
2622 2084 2823 2154 ψόγους
2850 2100 2930 2148 τε,
2955 2083 3031 2145 ὡς
3062 2082 3218 2135 αὐτοὶ
3249 2078 3435 2151 ᾤοντο,
3471 2098 3578 2133 κα-

1995 2174 2276 2245 ταχέουσιν
2306 2175 2471 2230 αὐτοῦ
2512 2176 2780 2246 πονηροὺς
2801 2217 2814 2241 ,
2840 2176 2934 2228 καὶ
2959 2174 3156 2237 πολλὰς
3183 2173 3449 2243 ἐπάγουσι
3475 2172 3578 2235 τάς

1996 2268 2195 2333 αίτίας,
2224 2269 2475 2339 γοητείαν
2496 2268 2642 2339 αὐτῷ
2670 2268 3077 2339 περιάπτοντες,
3106 2266 3321 2335 καὶτῆς
3349 2265 3578 2318 ἐκείνων

1996 2357 2289 2428 θρησκείας
2337 2360 2678 2431 ἀνατροπὴν,
2727 2358 2861 2414 ἄλλα
2912 2375 2970 2411 τε
3022 2357 3222 2423 πολλὰ,
3270 2357 3576 2427 ἐξυϐρίζειν

1996 2450 2156 2503 αὐτὸν
2198 2451 2444 2519 λέγοντες
2477 2452 2571 2505 κα)⁵
2602 2451 2728 2513 τούς
2768 2448 3052 2521 πατρῴους
3077 2450 3351 2519 διασύρειν
3380 2448 3573 2510 θεούς*

1994 2543 2086 2597 τὸν
2145 2545 2242 2614 μὲν
2286 2544 2540 2597 ἁπάντων
2591 2543 2729 2598 θεῶν
2762 2544 2808 2575 ⁸⁸
2841 2543 3093 2613 μέγιστον
3132 2542 3249 2607 Δία,
3284 2541 3417 2613 μηδὲ
3450 2540 3575 2594 θεὸν

1993 2634 2181 2698 ἁπλῶς
2207 2634 2537 2707 ὀνομάζοντα
2558 2652 2571 2664 ·
2615 2634 2885 2705 Ἠρακλέα
2913 2634 2969 2686 δέ
2998 2634 3089 2687 τὸν
3134 2633 3455 2705 Ἀλκμήνης,
3513 2633 3575 2685 ὃν

1994 2728 2217 2780 ἐκείνων
2248 2730 2379 2796 φασὶ
2432 2727 2653 2798 σωτῆρα
2677 2726 2793 2797 (25)
2812 2766 2825 2787 ,
2876 2727 3044 2797 ἐναγῆ
3069 2743 3192 2779 τινα
3222 2727 3449 2797 δαίμονα
3477 2728 3576 2780 καὶ

1998 2817 2188 2887 μιαρὸν
2202 2816 2580 2872 ἀποκαλοῦντα
2603 2835 2614 2847 ·
2650 2817 2855 2887 πόρνην
2879 2834 2939 2869 τε
2962 2818 3060 2888 τὴν
3079 2815 3235 2886 φίλην
3253 2816 3575 2887 Ἀφροδίτην

1994 2910 2317 2976 είσάγοντα-,
2358 2909 2451 2962 καὶ
2467 2909 2565 2980 τὴν
2584 2909 2838 2980 ἐκηϐόλον
2860 2911 3143 2979 ⁸Ἄρτεμιν,
3181 2909 3381 2962 καὶτὸν
3408 2910 3575 2974 σοφὸν

2006 2998 2211 3069 Ἑρμῆν
2237 2999 2328 3051 τὸν
2355 2998 2449 3053 τοῦ
2482 2998 2640 3067 λόγου
2681 2998 2822 3063 θεὸν,
2858 2999 2949 3052 τὸν
2973 2999 3263 3070 πολεμικόν
3282 3016 3341 3052 τε
3374 3000 3570 3070 Ἄρεα,

1993 3090 2194 3146 καὶτὸν
2230 3091 2435 3162 Κρόνον
2462 3091 2620 3145 αὐτὸν
2639 3130 2653 3155 ,
2679 3092 2874 3161 ἐπίσης
2913 3091 3329 3162 βλασφημοῦντα
3360 3092 3573 3155 πάντας

322 3202 565 3257 numque
597 3186 813 3255 ipsum,
842 3197 907 3236 ex
957 3194 1114 3247 aequo
1158 3190 1350 3231 omnes
1393 3172 1685 3229 infamaret
1727 3182 1892 3242 atque

2001 3184 2085 3237 κα)⁸
2109 3182 2457 3237 διαϐάλλοντα
2477 3224 2491 3244 ,
2528 3184 2622 3237 καὶ
2647 3184 2716 3237 τά
2737 3184 2941 3254 τεμέύη
2963 3183 3167 3238 τούτων
3192 3185 3285 3237 καὶ
3306 3186 3433 3248 τοὺς
3460 3184 3572 3255 βω-

322 3279 713 3337 criminaretur
750 3289 848 3328 nec
877 3286 985 3326 non
1017 3270 1213 3324 horum
1255 3267 1379 3320 fana
1415 3274 1469 3320 et
1518 3280 1643 3319 aras
1685 3274 1891 3319 everte-

323 3383 422 3429 ret.
458 3371 539 3425 Ad
568 3381 864 3431 summam,
894 3363 1144 3418 aiebant:
1181 3358 1280 3414 Vel
1310 3359 1415 3413 diis
1450 3358 1739 3415 sacriﬁcet.
1794 3366 1889 3412 aut

323 3466 429 3519 vita
456 3462 640 3519 statim
675 3462 940 3530 privetur.
978 3455 1155 3523 Atque
1191 3451 1267 3505 illi
1304 3451 1522 3520 quidem
1554 3492 1567 3514 ,
1598 3449 1723 3502 talia
1772 3464 1891 3502 mo-

321 3566 541 3621 ventes,
578 3553 834 3622 petebant
867 3559 925 3603 ut
952 3547 1055 3601 sibi
1101 3545 1167 3599 ad
1202 3552 1430 3598 mortem
1460 3542 1764 3596 traderetur
1791 3557 1888 3612 pa-

322 3649 584 3704 triarcha.
612 3644 694 3700 Ob
716 3658 839 3712 qua:
860 3636 1284 3710 indignabantur
1312 3635 1627 3705 quicunque
1657 3634 1888 3703 pecunia

322 3739 567 3795 venalem
598 3732 989 3791 conscientiam
1019 3744 1127 3783 non
1164 3727 1561 3789 exhibuerant,
1590 3726 1891 3795 loqueban-

323 3844 517 3901 turque
538 3828 605 3884 ad
636 3826 895 3897 p0pulum
924 3822 1092 3876 libere
1116 3860 1132 3884 ,
1160 3820 1402 3875 dicentes
1428 3836 1442 3873 :
1482 3816 1623 3884 Quid
1682 3817 1807 3871 mali
1858 3832 1889 3870 a

320 3922 630 3995 patriarcha
662 3928 870 3989 gestum
904 3913 1029 3969 est?
1064 3912 1173 3967 imo
1197 3924 1327 3965 vero
1356 3924 1479 3973 quae
1504 3908 1762 3963 beneﬁcia
1794 3922 1889 3977 per

321 4032 453 4074 eum
509 4014 703 4070 civitas
748 4024 856 4063 non
906 4014 988 4060 est
1035 4003 1367 4059 consecuta?
1418 4001 1727 4071 Deindeque
1777 4002 1889 4055 sin-

321 4110 445 4181 gula
474 4121 597 4177 quas
634 4100 951 4157 mirabiliter
996 4096 1065 4150 ab
1102 4110 1167 4149 eo
1196 4093 1335 4149 facta
1378 4092 1596 4147 fuerant
1636 4106 1889 4147 recense-

322 4202 472 4263 bant,
502 4207 556 4251 et
583 4208 772 4249 eorum
799 4205 921 4260 quae
947 4185 1327 4242 memorabant
1354 4186 1504 4255 ipsos
1537 4183 1891 4239 assumebant

323 4302 505 4347 testes.

389 4399 620 4457 CLXVI.
662 4396 1020 4452 Mamertinus
1051 4402 1231 4447 autem
1259 4389 1390 4445 Urbi
1417 4388 1725 4459 praefectus,
1754 4389 1888 4443 adeo

1996 3278 2129 3346 μούς
2156 3276 2616 3345 καταστρέφοντα.
2657 3274 2963 3343 Κεφάλαιον
2989 3275 3080 3328 τοῦ
3107 3267 3373 3343 λόγου,“Η
3404 3276 3572 3329 θυσά-

1990 3384 2069 3419 τω
2093 3369 2205 3429 τοῖς
2237 3366 2376 3429 θεοῖς
2394 3407 2408 3430 ,
2434 3366 2615 3434 ἔλεγον
2638 3406 2653 3429 ,
2686 3365 2719 3436 ἢ
2746 3366 2848 3435 τῆς
2876 3365 3021 3436 ζωῆς
3046 3367 3108 3420 τὸ
3135 3368 3297 3437 τάχος
3323 3366 3567 3421 ἀπαλλα-

1992 3458 2158 3529 γήτω.
2190 3459 2251 3511 ΟΞ
2282 3459 2379 3528 μὲν
2400 3454 2512 3523 οῦν,
2548 3456 2773 3511 τοιαῦτα
2796 3457 3069 3521 κινοῦντες
3088 3501 3102 3525 ,
3133 3458 3346 3512 ἔκδοτον
3381 3460 3572 3529 ⁴Ιὶξίουν

1990 3549 2082 3602 τὸν
2134 3550 2473 3620 πατριάρχην
2513 3550 2605 3603 ἐπὶ
2642 3549 2854 3621 θανάτῳ
2874 3549 3078 3604 λαϐεῖν.
3113 3550 3227 3619 Ἐφ’
3249 3548 3330 3613 οἷς
3356 3552 3570 3619 ἠγανά-

1991 3658 2150 3694 κτουν
2177 3641 2371 3704 πάντες
2402 3641 2515 3694 ὅσοι
2538 3641 2611 3712 μὴ
2637 3641 2932 3712 χρημάτων
2958 3640 3113 3695 ὢνιον
3135 3642 3232 3713 τὴν
3268 3643 3570 3712 συνείδησιν

1991 3731 2365 3802 προετίθεσαν,
2394 3733 2486 3784 καὶ
2536 3731 2725 3799 λόγους
2768 3730 2903 3803 πρὸς
2929 3730 3019 3784 τὸν
3058 3731 3226 3802 δῆμον
3254 3732 3569 3803 ἐλευθέρους

1991 3823 2291 3876 ἐποιοῦντοτ
2306 3824 2369 3876 Τί
2385 3823 2461 3893 τῷ
2478 3823 2788 3894 πατριάρχη
2804 3822 2967 3876 κακὸν
2980 3822 3281 3893 εἴργασται,
3299 3822 3569 3891 λέγοντεςο

1995 3916 2189 3987 μᾶλλον
2208 3916 2263 3969 δὲ
2294 3916 2460 3969 ποίων
2488 3916 2637 3985 οὐχή
2664 3915 2815 3979 πόλις
2842 3918 2971 3987 παρ’
3005 3915 3153 3986 αὐτῷ
3179 3916 3414 3987 χαρίτων
3434 3915 3569 3968 ἀπέ-

1991 4002 2219 4067 λαυσεν;
2247 3998 2378 4056 Εἶτα
2412 4004 2504 4055 καὶ
2541 4002 2679 4055 αὐτὰ
2698 4004 2901 4058 ἐκαστα
2926 4003 3034 4057 τῶν
3070 4006 3160 4058 ὑπ’
3184 4004 3347 4057 αὐτοῦ
3390 4022 3567 4075 παραυ

1990 4094 2153 4160 δόξως
2196 4096 2574 4166 γεγενημένων
2622 4097 3065 4167 ἀπηριθμοῦντο,
3133 4100 3225 4153 καὶ
3284 4099 3565 4171 μάρτυρας

1992 4184 2185 4249 αὐτοὺς
2218 4184 2496 4239 ἐποιοῦντο
2529 4186 2636 4239 τῶν
2665 4186 2989 4258 λεγομένων.

2060 4384 2289 4440 CLXVI.
2330 4386 2705 4457 Μαρμεντῖνος
2727 4388 2746 4408 ⁶
2764 4386 2820 4438 δὲ
2845 4388 2873 4439 ὁ
2920 4386 3020 4455 τῆς
3065 4386 3273 4451 πόλεως
3297 4387 3563 4459 ἔπαρχος,

321 4497 585 4553 seditione
610 4493 867 4562 agitatam
902 4487 1173 4543 civitatem
1204 4484 1388 4538 videre
1437 4496 1545 4535 non
1575 4481 1878 4545 sustinens,

2001 4477 2063 4547 κὴ
2081 4476 2258 4547 φέρων
2278 4478 2368 4530 ἐπὶ
2392 4477 2523 4529 πολύ
2550 4476 2938 4540 στασιάζουσαν
2962 4476 3102 4530 οὕτω
3120 4480 3219 4549 τὴν
3240 4479 3390 4533 πόλιν
3410 4482 3563 4550 όρᾷν,

320 4590 389 4645 ad
411 4590 525 4642 haac
555 4600 695 4640 vera:
740 4581 1020 4652 religionis
1048 4578 1383 4632 incremento
1414 4573 1659 4628 lnvidens
1684 4614 1697 4638 ,
1728 4573 1795 4626 ad
1828 4588 1886 4627 se

321 4680 553 4737 arcessit
586 4676 804 4733 beatum
836 4672 1195 4733 Clementem,
1224 4666 1509 4735 verbisque
1536 4673 1643 4719 tam
1669 4678 1886 4733 genero-

1994 4569 2168 4632 ἄλλως
2195 4586 2255 4621 τε
2297 4570 2388 4622 καὶ
2423 4571 2491 4639 τῇ
2528 4568 2626 4637 τῆς
2649 4568 2925 4630 εὐσεϐείας
2958 4569 3191 4623 ἐπιδόσει
3234 4570 3559 4640 βασκαίνων,

1994 4660 2114 4729 άγει
2140 4662 2231 4714 τὸν
2256 4659 2521 4733 μακάριον
2546 4660 2835 4731 Κλήμεντα
2868 4660 3002 4731 πρὸς
3026 4661 3232 4726 ἑαυτὸν,
3261 4661 3355 4716 καὶ
3385 4662 3561 4731 λόγοις

1620 4822 1853 4877 VARUE
1889 4820 2288 4877 LECTIONES.

388 4971 434 5003 “
468 4971 537 5024 al.
568 4969 718 5023 deest
757 4969 810 5021 in
855 4967 926 5020 al.
968 4964 1012 4996 "
1053 4964 1123 5018 al.
1169 4961 1320 5015 deest
1343 4962 1395 5013 in
1422 4960 1492 5013 al.
1557 4959 1603 4989 “
1650 4959 1721 5012 al.
1760 4958 1915 5013 Θεόν.

1656 5088 2016 5146 VARIORUM
2053 5090 2289 5147 ΝΟΤᾹΣ.

393 5235 507 5302 (2|)
536 5232 655 5287 Τῶν
688 5232 974 5301 ὀφςρικίων
1006 5233 1213 5302 κόμης.
1238 5226 1475 5283 Historia
1517 5224 1730 5302 Latina,
1780 5225 1882 5302 Co-

322 5295 428 5361 mes
472 5295 982 5369 s'acrarunifnempe
1006 5295 1518 5369 largitionum,qua‘:
1540 5308 1625 5350 est
1657 5295 1762 5351 alia
1795 5296 1881 5369 di-

358 5378 518 5431 nitas.
572 5374 663 5429 Sic
702 5364 761 5426 in
800 5364 1033 5426 concilio
1086 5364 1357 5439 Ephesiae
1404 5364 1740 5439 memoratur
1790 5364 1882 5420 ,Ιοο

358 5396 518 5431 mtas.
572 5396 663 5429 DIC
702 5396 758 5426 Ill
800 5396 1033 5426 cuuculu
1086 5396 1357 5439 npucauw
1406 5396 1731 5421 IIICIIIUlal-lu
1790 5396 1882 5420 συο

321 5396 527 5500 ﬁannes
555 5444 729 5515 ³εάμτις
757 5441 865 5494 τῶν
897 5440 1133 5515 saxeae:
1162 5438 1352 5515 Κεὲμης
1376 5433 1883 5515 τσ>κ.θείων.λσξργιτ

318 5514 540 5569 τιώνων.
569 5502 880 5568 ιέίέιιῐεω
904 5511 938 5564 5
976 5502 1038 5565 C.
1072 5508 1175 5563 Th.
1210 5502 1276 5563 de.
1307 5502 1656 5570 inetallis,est
1678 5502 1879 5559 Juliani

319 5586 547 5656 Augusti
580 5585 646 5637 ad
677 5582 933 5656 [latinum
964 5580 1223 5656 comitem
1249 5576 1591 5656 Oftlciorum.
1742 5582 1883 5656 tem-

321 5644 449 5725 pore
472 5654 655 5707 Nerva}
690 5653 1039 5723 Imperatoris
1082 5650 1214 5705 nulli
1244 5655 1401 5704 erant
1432 5645 1660 5701 comites
1687 5644 1882 5714 hujus-

323 5728 486 5781 modi.
517 5726 629 5779 Cor
651 5767 665 5782 .

2079 5230 2392 5313 ἓῼλΑΙίις-ι·
2425 5228 2908 5313 Τορκουτιανόςηει
2942 5228 3343 5313 Τουρκιτιανός.
3370 5226 3563 5313 L‘atine

1988 5301 2048 5380 i_n_
2066 5296 2318 5380 Editi'one
2336 5296 2654 5380 Tarquini}:
2680 5316 2781 5368 pro
2806 5296 3133 5380 Tarquitius;
3171 5299 3358 5380 inmms.
3397 5296 3557 5380 V.‘.C.

1991 5370 2178 5427 Vionis
2204 5367 2528 5425 Herovallii:
2569 5367 2899 5440 Torquatus;
2924 5367 2991 5425 ut
3021 5370 3092 5423 sit
3122 5368 3207 5423 vel
3235 5367 3567 5437 Torquatia-

1990 5456 2116 5503 nus,
2152 5442 2232 5494 vel
2266 5439 2691 5509 Tarquitianus.
2720 5439 2798 5494 Io.

2058 5510 2169 5581 (‘23)
2195 5505 2453 5579 Σωτῆρα.
2507 5508 2769 5581 Similiter
2802 5510 2943 5581 apud
2978 5505 3563 5581 Tlieodoritum,_Se_n-

1987 5577 2235 5635 mo'ne'de
2260 5577 2583 5650 martyribus
2612 5595 2654 5653 :_
2679 5577 2952 5653 Ἠρακλέα
2988 5581 3206 5651 σωτῆρα
3267 5579 3362 5632 καὶ
3390 5577 3567 5645 ἀλεξί-

1990 5668 2155 5706 κακον
2186 5669 2224 5704 π
2232 5649 2604 5725 ροσηγόρευον.
2637 5649 2711 5703 In.
