3834 6220
342 347 446 402 593

1149 341 1611 400 CLEMENTINA.
1650 367 1724 384 ε·-
1759 334 2058 392 ΕΡΠΟΜΕ
2085 334 2173 390 DE
2210 332 2456 389 CESTIS
2495 332 2551 387 S.
2592 332 2820 389 PETRI‘.

3466 324 3569 381 594

332 478 433 549 τὴν
470 474 719 545 γενναίαν
769 473 911 527 οὕτω
947 471 1123 543 ψυχὴν
1174 468 1425 523 κλέπτειν
1465 467 1756 537 ἐπεχείρει,
1803 457 1904 522 Ἐξ

2028 470 2124 509 .um
2157 454 2396 508 animum
2429 461 2659 508 conatur
2687 450 2874 505 fallere
2901 462 2964 503 ac
2990 446 3260 500 abducere
3276 444 3306 507 ,’
3338 436 3525 497 dicens
3551 456 3564 489 :

333 567 607 637 εὐγενοῦς,
652 567 847 636 λέγων,
896 566 1264 638 προελήλυθας
1307 564 1481 635 ῥίζης
1532 562 1689 617 τοῦτο
1739 564 1901 626 trag-‘6

332 663 440 716 τῶν
477 662 763 733 Ῥωμαίων
800 679 881 715 σοι
911 664 1174 733 μαρτυρεῖ
1189 661 1378 732 δῆμος,
1407 661 1521 715 ἀλλ’
1560 661 1903 733 ἀνθρωπίνην

332 755 428 806 καὶ
454 753 612 816 αὐτὸς
642 754 846 824 πλάνην
871 752 1128 824 ὑπέστης,
1158 755 1249 807 καὶ
1270 754 1356 807 διὰ
1366 754 1531 843 ξοῦτο
1550 756 1669 808 οὐδὲ
1696 759 1905 828 σιωπᾷν

333 845 367 914 ἡ
392 844 544 907 πόλις
570 843 839 913 ἀνέχεται.
884 844 1019 897 Φασὶ
1056 844 1163 915 γὰρ
1208 846 1267 898 σέ
1311 836 1629 918 καῖνοτέραν
1666 849 1904 916 εἰσάγειν

333 936 649 1008 θρησκείαν,
667 935 757 990 καί
770 953 891 990 τινα
908 936 1054 1019 παορὰ
1071 937 1196 1000 τοὺς
1214 937 1497 1009 πατρῴους
1525 938 1678 1002 θεοὺς
1712 957 1780 1011 κη
1790 938 1907 1009 ρύσ-

335 1045 451 1081 σειν
478 1028 727 1112 Χριιστόν.
773 1027 933 1112 Ὅθεν
964 1028 1259 1082 ἀποθέσθαι
1285 1046 1343 1081 σε
1378 1029 1483 1101 χρὴ
1520 1031 1617 1102 τὴν
1649 1033 1906 1103 περιττὴν

332 1120 539 1191 ταύτην
559 1101 995 1193 δεισιδαιμονίαν,
1019 1123 1111 1176 καὶ
1139 1122 1328 1192 μόνους
1346 1101 1607 1177 αἰδεῖσθαι
1628 1101 1906 1196 καὶήτιμᾷν

333 1212 461 1275 τοὺς
480 1211 724 1275 συνήθεις
737 1214 803 1283 τῇ
822 1212 973 1265 πόλει
990 1211 1165 1275 θεούς.
1190 1213 1298 1266 Καὶ
1311 1214 1339 1265 ό
1365 1214 1726 1284 πατριάρχης·
1746 1214 1908 1285 Εύχο-

339 1315 438 1368 μαι
469 1298 567 1370 τὴν
590 1300 689 1370 σὴν
716 1300 1076 1371 στερρότητα,
1111 1300 1234 1371 ἔφη,
1263 1302 1582 1373 μεταδοῦναί
1613 1321 1702 1375 μοι
1726 1304 1904 1373 λόγου,

336 1390 432 1443 καὶ
449 1395 703 1461 προσχεῖν
722 1410 821 1462 μου
837 1395 956 1456 ταῖς
973 1393 1344 1464 ἀποκρίσεσιν,
1360 1394 1493 1447 ἀλλὰ
1512 1395 1584 1466 μὴ
1606 1393 1778 1459 οὕτως
1794 1396 1909 1449 ἀλόο

335 1499 418 1551 γῳ
434 1483 617 1536 στάσει
635 1483 729 1536 καὶ
753 1483 1000 1553 ματαίοις
1017 1484 1244 1538 ἕπεσθαι
1262 1484 1527 1556 θορύϐοις.
1563 1485 1696 1539 Οὐδὲ
1712 1486 1819 1557 γὰρ
1832 1486 1912 1539 δεῖ

339 1574 582 1636 στάσεως
600 1574 720 1627 οὐδὲ
739 1574 1003 1646 θορύϐων,
1023 1576 1156 1628 ὅπου
1176 1576 1447 1647 σκοπῆσαί
1461 1592 1518 1629 τε
1538 1579 1663 1646 περὶ
1676 1578 1775 1647 τῆς
1794 1578 1912 1630 ἐαυ-

335 1658 431 1711 τοῦ
457 1660 729 1729 σωτηρίας
748 1660 873 1723 τινὶ,
905 1661 997 1713 καὶ
1017 1661 1146 1732 περί
1173 1660 1307 1713 Θεοῦ
1327 1661 1670 1731 διαλεχθῆναι
1703 1663 1913 1732 πρόκει-

336 1767 447 1805 ται.
477 1751 533 1804 '0
547 1750 783 1823 ἔπαρχος
795 1752 973 1806 τοίνυν
1000 1753 1061 1806 τὸ
1084 1750 1177 1805 τοῦ
1194 1752 1383 1824 ἀνδρὸς
1408 1756 1648 1821 γενναῖον
1672 1753 1764 1807 καί¹
1787 1754 1913 1807 στά-

340 1860 393 1895 σι
402 1861 498 1912 μον
521 1843 579 1910 ἐξ
602 1844 782 1898 αὐτῶν
814 1843 975 1907 εὐθὺς
989 1844 1097 1897 τῶν
1121 1845 1421 1916 προοιμίων
1441 1843 1789 1915 καταμαθὼν,
1818 1844 1915 1898 καὶ

338 1936 513 1987 εἰπεῖν
536 1951 595 1987 τε
619 1934 782 1998 αὐτὸς
804 1935 899 1989 καί
919 1935 1150 1990 ἀκοῦσαι
1172 1939 1301 2006 παρ’
1334 1937 1541 1990 ἐκείνου
1570 1937 1731 1991 πάλιν
1762 1938 1917 2009 ὀκνή-

2006 547 2083 601 Ex
2097 546 2277 615 [nobili
2307 546 2471 614 stirpe
2496 553 2649 598 ortus
2671 558 2731 598 es
2769 559 2784 596 :
2844 540 2951 594 hoc
2974 539 3040 593 de
3066 547 3119 592 te
3145 533 3392 606 perhibet
3412 530 3568 584 testi-

2008 640 2251 694 monium
2298 637 2477 692 omnis
2525 636 2756 705 populus
2786 632 3065 687 Romanus
3089 670 3105 695 ,
3162 625 3256 681 sed
3283 633 3337 679 et
3369 624 3485 691 ipse
3514 622 3569 674 in

2010 732 2309 785 humanum
2350 744 2591 783 errorem
2653 724 2963 789 incurristi,
3023 731 3187 792 atque
3232 719 3353 773 ideo
3396 730 3572 784 neque

2005 820 2150 876 Urbs
2184 830 2363 877 tacere
2397 828 2595 890 potest.
2630 818 2798 871 Aiunt
2828 815 2972 870 enim
3004 822 3056 868 te
3086 825 3285 867 novam
3315 807 3573 862 inducere

2006 914 2344 984 religionem,
2375 920 2429 966 et
2455 919 2644 965 contra
2670 910 2801 964 deos
2828 907 3031 977 patrios
3058 904 3353 974 prmdicare
3381 912 3575 967 quem-

2005 1004 2129 1059 dam
2152 1004 2451 1058 Christum.
2472 1001 2653 1068 Quare
2677 1008 2886 1070 oportet
2908 1007 2961 1052 te
2982 997 3218 1065 abjicere
3243 988 3573 1061 superﬂuam

2007 1097 2152 1152 hanc
2195 1096 2632 1165 supersﬁtionem
2662 1136 2676 1159 ,
2710 1093 2949 1160 deosque
2998 1097 3209 1143 tantum
3256 1081 3494 1139 revereri
3521 1088 3577 1133 et

2008 1186 2185 1240 colere
2212 1201 2349 1254 quos
2374 1185 2565 1239 civitas
2593 1183 2747 1237 solet.
2788 1181 2865 1235 Ad
2914 1180 3029 1234 haec
3066 1175 3375 1246 patriarcha
3402 1191 3416 1227 :
3440 1169 3574 1236 Oro,

2007 1277 2223 1346 inquit,
2260 1285 2407 1331 tuam
2440 1275 2756 1345 gravitatem
2805 1281 2859 1327 et
2891 1270 3252 1327 constantiam
3275 1308 3290 1333 ,
3334 1275 3393 1320 ut
3438 1263 3574 1318 mihi

2017 1368 2288 1423 concedas
2313 1367 2477 1420 verba
2516 1365 2727 1427 facere,
2759 1380 2822 1418 ac
2855 1362 2991 1417 meis
3016 1357 3464 1430 respnnsionibus
3494 1363 3578 1408 at-

2010 1458 2227 1523 tendas;
2261 1470 2368 1510 non
2400 1464 2579 1509 autem
2614 1454 2748 1508 adeo
2774 1453 2987 1507 ratione
3009 1450 3324 1505 destitutam
3352 1445 3578 1501 seditio-

2010 1562 2133 1604 nem
2162 1591 2176 1614 ,
2209 1550 2584 1619 tumultusque
2619 1563 2791 1603 vanos
2820 1544 3174 1601 eonsecteris.
3214 1541 3399 1609 Neque
3428 1537 3579 1593 enim

2016 1656 2156 1711 opus
2177 1650 2260 1695 est
2290 1641 2555 1695 seditione
2582 1654 2646 1694 ac
2678 1637 3025 1699 tumultibus,
3059 1634 3154 1689 ubi
3181 1632 3419 1701 cuipiam
3449 1642 3579 1698 pro-

2016 1734 2253 1803 positum
2284 1740 2369 1787 est
2393 1732 2459 1787 de
2486 1732 2661 1787 salute
2697 1747 2795 1786 sua
2825 1728 3170 1785 considerare
3196 1733 3361 1794 atque
3381 1722 3448 1777 de
3470 1720 3581 1775 Deo

2012 1825 2296 1880 disserere.
2341 1824 2509 1895 [gitur
2536 1823 2822 1893 prmfectus
2843 1864 2859 1888 ,
2915 1826 3193 1889 comperta
3220 1833 3288 1871 ex
3322 1816 3443 1886 ipso
3470 1821 3583 1868 sta-

2014 1917 2111 1970 tim
2141 1915 2369 1971 exordio
2397 1916 2705 1970 constantia
2738 1915 2839 1968 viri
2871 1922 2926 1968 et
2954 1911 3300 1975 fortitudine,
3346 1906 3583 1963 veritus-

341 2043 459 2088 σας,
497 2026 591 2079 καὶ
628 2026 1056 2098 ἀναϐαλλόμενος
1090 2028 1189 2099 τὴν
1221 2002 1473 2094 διάλεξιν,
1501 2028 1753 2101 Τραϊανῷ
1785 2002 1915 2101 περὶ

2028 2022 2123 2079 que
2152 2017 2265 2062 tum
2298 2008 2416 2078 ipse
2452 2008 2656 2071 dicere,
2704 2015 2818 2061 tum
2851 2015 2907 2060 et
2945 2005 3013 2060 ab
3053 2020 3119 2059 eo
3147 2002 3337 2057 audire
3361 2040 3377 2067 ,
3423 2007 3586 2068 atque

339 2114 503 2168 αὐτοῦ
529 2114 607 2185 τῷ
632 2114 990 2187 αὐτοκράτορι
1006 2116 1286 2187 ἀναφέρει.
1313 2116 1421 2169 Καὶ
1445 2116 1474 2169 ὁ
1495 2116 1746 2186 βασιλεὺς
1766 2116 1915 2187 αὐτῷ

339 2205 513 2269 οὕτως
539 2205 749 2259 ἐπιλύει
790 2206 862 2260 τὰ
890 2207 1272 2277 γεγραμμένα,
1309 2207 1387 2271 ὡς
1411 2206 1444 2278 ἢ
1472 2206 1631 2259 θῦσαι
1654 2206 1746 2260 τὸν
1768 2207 1917 2277 Κλή-

345 2316 512 2369 μεντα
548 2302 659 2362 τοῖς
698 2298 972 2370 πατρῴοις
996 2299 1156 2364 θεοῖς,
1202 2298 1236 2370 ἢ
1279 2299 1453 2371 πέραν
1482 2297 1577 2352 τοῦ
1608 2300 1811 2352 Πόντου
1841 2300 1919 2361 εἰς

342 2393 545 2463 ἔρημόν
592 2410 712 2446 τινα
745 2393 897 2446 πόλιν
944 2392 1055 2446 τῶν
1090 2394 1158 2463 τῇ
1198 2391 1447 2464 Χερσῶνι
1483 2389 1918 2463 παρακειμένων,

341 2484 450 2537 άπὸ
472 2484 570 2555 τῆς
604 2483 821 2556 Ῥώμης
846 2483 998 2554 ἀϊδίῳ
1024 2486 1167 2555 φυγῇ
1188 2482 1463 2554 ἐλαθῆναι.

414 2668 665 2725 CLXVII.
684 2669 798 2739 Τῆς
817 2667 1143 2738 ἀποφάσεως
1154 2660 1245 2721 οῦν
1266 2666 1470 2733 ταύτης
1493 2665 1923 2737 καταλαϐούσης,

345 2765 637 2817 ἐσκέπτετο
657 2763 1035 2833 Μαρμεντῖνος
1065 2761 1210 2823 ὅπως
1238 2759 1305 2814 ἂν
1336 2760 1410 2831 μὴ
1432 2762 1461 2813 ό
1486 2760 1716 2832 Κλήμης
1737 2759 1926 2831 ῑληται

342 2856 440 2927 τὴν
457 2851 887 2927 ὑπερορίαν,άλλ’
903 2852 1049 2924 αὐτῷ
1067 2852 1263 2923 μᾶλλον
1275 2854 1365 2906 καὶ
1375 2851 1454 2922 τῷ
1468 2851 1927 2925 βασιλεῖπεισθείη

345 2947 440 2999 καὶ
472 2945 702 2999 θύσειεν.
738 2945 873 2999 Οὐδέ
904 2943 1194 3013 γὰρ”έφερε
1216 2944 1549 3013 τηλικαύτην
1578 2943 1769 3015 ἀνδρὸς
1795 2944 1927 3014 ἀρε-

344 3038 445 3107 τὴν
480 3035 860 3107 ζημιούμενος.
898 3034 990 3105 Τῷ
1026 3035 1083 3089 δέ
1113 3034 1364 3088 τοσοῦτον
1411 3035 1674 3106 ἐμέλησεν
1709 3035 1752 3067 ⁸⁷
1781 3033 1927 3089 ἐκεί-

346 3146 458 3191 νοις
490 3126 796 3198 πεισθῆναι,
831 3126 864 3198 ἦ
890 3126 937 3158 ⁵⁸
959 3126 1281 3198 δυσχερᾶναι
1309 3126 1445 3197 πρὸς
1476 3127 1575 3196 τὴν
1600 3125 1915 3198 ὑπερορίαν,

347 3224 457 3293 ὅσῳ
508 3222 602 3275 καὶ
648 3220 807 3275 αὐτὸν
848 3219 1146 3284 ἐσπούδαζε
1200 3220 1335 3291 πρὸς
1372 3220 1469 3291 τὴν
1512 3220 1799 3275 εὐσέϐειαν
1835 3219 1929 3273 τὸν

347 3313 587 3384 ἔπαρχον
619 3310 1043 3365 ἐπισπάσασθαι.
1078 3311 1325 3383 Τοσαύτη
1359 3312 1468 3383 γάρ
1491 3329 1575 3375 τις
1600 3310 1807 3365 ἄνωθεν
1834 3310 1927 3364 τὸν

2018 2100 2439 2157 collocationem
2469 2101 2816 2163 detrectans,
2865 2098 2932 2152 ad
2964 2096 3260 2166 Trajanum
3292 2094 3587 2163 imperato-

2019 2206 2133 2247 rem
2165 2191 2233 2245 de
2282 2190 2378 2245 illo
2406 2189 2590 2245 refert.
2623 2188 2687 2242 Et
2718 2191 3013 2259 imperator
3054 2187 3121 2241 ad
3154 2186 3318 2242 istum
3361 2182 3586 2239 modum

2018 2295 2086 2336 ea
2115 2296 2237 2351 qua!
2267 2280 2468 2350 scripta
2499 2289 2655 2334 erant
2692 2279 2930 2333 dirimit:
2967 2286 3029 2332 ut
3080 2276 3334 2331 Clemens
3357 2280 3453 2328 aut
3481 2272 3589 2327 diis

2020 2373 2212 2442 patriis
2252 2372 2565 2437 sacrificet,
2617 2380 2711 2425 aut
2748 2379 2900 2424 trans
2942 2368 3172 2423 Pontum
3208 2368 3263 2422 in
3309 2367 3589 2422 desertum

2022 2465 2243 2534 aliquod
2270 2464 2527 2534 oppidum
2579 2477 2769 2517 eorum
2817 2476 2939 2530 qua;
2984 2458 3249 2515 Chersoni
3300 2457 3587 2527 adjacent,

2024 2555 2197 2611 Roma
2228 2564 2490 2626 perpetuo
2510 2555 2705 2610 exsilio
2727 2555 3026 2624 ablegetur.

2096 2671 2356 2729 CLXVII.
2394 2671 2505 2726 Hac
2546 2672 2730 2740 itaque
2760 2670 3024 2724 sententia
3053 2674 3295 2737 accepta,
3322 2664 3595 2734 cogitabat

2026 2763 2381 2821 Mamertinus
2424 2780 2535 2835 quo
2567 2764 2729 2818 modo
2776 2762 3027 2817 Clemens
3048 2775 3157 2814 non
3199 2758 3419 2827 eligeret
3448 2756 3595 2810 exsi-

2027 2856 2160 2912 lium
2183 2899 2197 2924 ,
2232 2858 2323 2913 sed
2352 2858 2536 2927 potius
2560 2864 2773 2927 pareret
2810 2855 2912 2924 ipsi
2942 2869 3007 2908 ac
3044 2850 3396 2921 imperatori,
3430 2859 3595 2919 atque

2029 2947 2359 3002 immolaret.
2394 2946 2511 3002 Non
2564 2946 2709 3001 enim
2745 2944 3050 3000 sustinebat
3078 2942 3280 3013 privari
3317 2949 3465 2995 tanta
3491 2938 3594 2992 viri

2028 3041 2251 3097 virtute.
2275 3038 2448 3094 Porro
2479 3038 2743 3094 Clementi
2768 3036 2904 3091 adeo
2932 3050 3077 3090 curre
3103 3032 3206 3088 fuit
3222 3032 3597 3101 obtemperare

2031 3131 2140 3186 illis
2184 3142 2279 3186 aut
2325 3130 2552 3184 moleste
2602 3127 2741 3183 ferre
2769 3126 3156 3197 relegationem
3181 3164 3196 3189 ,
3248 3130 3309 3178 ut
3335 3122 3497 3177 etiam
3528 3121 3596 3176 ad

2030 3224 2285 3293 pietatem
2352 3220 2668 3291 praefectum
2731 3217 3003 3272 attrahere
3069 3216 3351 3269 niteretur.
3424 3212 3599 3267 Tanta

2032 3316 2231 3386 quippe
2282 3313 2543 3369 divinitus
2597 3312 2927 3367 Clementem
2984 3307 3156 3378 gratia
3203 3306 3597 3370 circumdabat,

348 3404 642 3475 Κλήμεντα
675 3402 1001 3475 περιίπτατο
1047 3402 1227 3474 χάρις,
1278 3404 1373 3456 καὶ
1414 3402 1588 3466 οῦτως
1634 3405 1667 3474 ἡ
1715 3402 1922 3456 ἐκείνου

2034 3410 2223 3480 sicque
2248 3408 2395 3462 illius
2424 3405 2609 3477 lingua
2632 3402 2779 3458 omni
2806 3401 2929 3455 favo
2957 3414 3021 3454 ac
3050 3399 3210 3453 melle
3239 3397 3453 3453 dulcius
3482 3397 3600 3451 stil-

348 3497 560 3565 γλῶττα
590 3495 783 3567 κηρίου
828 3494 1025 3559 παντὸς
1065 3496 1158 3547 καὶ
1182 3494 1394 3565 μέλιτος
1416 3495 1745 3574 γλυκύτερον
1770 3495 1929 3549 ἐστα-

352 3588 462 3653 ζεν,
494 3588 571 3651 ὡς
597 3588 691 3641 καὶ
722 3586 881 3640 αὐτὸν
909 3585 1068 3655 ἔρωτι
1093 3585 1282 3657 θερμῷ
1304 3586 1399 3639 τοῦ
1436 3587 1629 3659 ἀνδρὸς
1655 3586 1929 3658 ληφθέντα

348 3680 440 3733 τὸν
472 3680 866 3751 Μαρμεντῐνον,
890 3679 1059 3733 πολλά
1084 3695 1143 3731 τε
1169 3681 1235 3749 τῇ
1259 3677 1536 3749 ἀποδημίᾳ
1561 3678 1928 3744 ἐπιστενάξαι,

352 3770 445 3824 καὶ
463 3771 670 3842 δάκρυα
692 3771 770 3841 τῷ
790 3770 1101 3843 πατριάρχῃ
1119 3768 1414 3833 ἐπιϐαλεῖν,
1433 3769 1490 3823 Ὀ
1508 3769 1660 3834 Θεὸς,
1686 3770 1928 3834 εἰπόντα,

350 3858 397 3932 ᾦ
434 3866 497 3917 σὺ
530 3863 835 3935 εἰλικρινῶς
865 3863 1163 3934 λατρεύεις,
1194 3862 1354 3925 αὐτός
1394 3880 1476 3915 σοι
1515 3861 1708 3933 βοηθὸς
1736 3862 1829 3916 ἐπὶ
1863 3865 1931 3934 τῇ

355 3954 611 4024 συμφορᾷ
650 3953 983 4023 παρασταίη·
1028 3951 1123 4005 καὶ
1156 3951 1352 4005 αὐτίκα
1378 3951 1557 4005 πλοῖον
1596 3951 1931 4023 εὐτρεπίσαι,

351 4046 549 4117 διαρκῆ
582 4062 639 4098 τε
672 4043 820 4114 αὐτῷ
849 4044 918 4097 τά
952 4044 1087 4114 πρὸς
1106 4044 1204 4115 τὴν
1226 4041 1413 4114 χρείαν
1438 4042 1708 4108 ἐνθέσθαι,
1732 4044 1826 4098 καὶ
1856 4043 1937 4098 δε-

355 4136 650 4203 ξιώσασθαι
676 4138 857 4201 αὐτὸν,
892 4136 986 4189 καὶ
1013 4135 1343 4207 περιϐαλεῖν,
1364 4136 1459 4188 καὶ
1490 4135 1632 4189 οὕτω
1662 4135 1801 4206 μετὰ
1827 4135 1935 4189 τῶν

356 4229 737 4299 προσηκόντων
787 4226 1087 4297 ἀσπασμῶν
1128 4225 1412 4279 ἀπολῦσαι.
1453 4225 1643 4279 Πολλοὶ
1683 4226 1741 4278 δέ
1788 4225 1935 4297 αὐτῷ

356 4320 451 4372 καὶ
482 4317 591 4371 τῶν
622 4316 861 4370 εὐλαϐῶν
888 4313 1276 4385 ἠκολούθησαν·
1297 4315 1390 4368 καὶ
1411 4315 1489 4377 εἰς
1506 4314 1607 4383 τὴν
1640 4312 1935 4384 ὑπερορίαν

357 4412 659 4483 γενόμενοι,
708 4408 1211 4479 καταλαμϐάνουσιν
1250 4409 1307 4460 ἐν
1358 4409 1425 4479 τῇ
1475 4406 1584 4459 τῶν
1632 4406 1936 4477 μαρμάρων

357 4503 591 4575 λατομίᾳ
634 4501 1015 4574 Χριστιανοὺς,
1056 4499 1181 4569 περί
1206 4516 1309 4551 που
1335 4500 1459 4560 τοὺς
1482 4496 1686 4567 χιλίους
1701 4497 1747 4528 ⁸⁸
1773 4496 1806 4567 ἢ
1842 4496 1938 4550 καὶ

360 4596 632 4659 πλείονας,
669 4594 835 4647 πολὺν
867 4592 955 4645 διὰ
988 4592 1085 4663 τὴν
1111 4590 1390 4644 εὐσέϐειαν
1410 4590 1526 4642 ἐκεῖ
1550 4587 1741 4660 χρόνον
1774 4606 1935 4642 κατε-

359 4687 641 4759 χομένους.
702 4686 765 4739 Οἳ
809 4684 902 4736 καὶ
963 4683 1090 4753 περὶ
1143 4680 1236 4733 τοῦ
1290 4680 1627 4749 πατριάρχου
1673 4679 1934 4750 πρότερον

358 4781 719 4843 ἀκούσαντες,
752 4777 845 4831 καὶ
887 4777 967 4829 ὅτι
1008 4776 1105 4845 τῆς
1151 4773 1357 4835 πόλεως
1397 4772 1713 4837 ἀπελαθεις,
1761 4774 1929 4842 ὑπερ-

360 4871 525 4941 όριος,
556 4867 691 4939 πρὸς
722 4866 958 4929 ἐκείνους
995 4864 1090 4918 καί¹
1128 4864 1289 4927 αὐτὸς
1318 4862 1528 4932 ἄγεται,
1576 4862 1931 4935 παραμυθίαν

364 4963 519 5032 ἔσχον
547 4961 609 5012 οὐ
637 4958 736 5030 τὴν
757 4956 1024 5027 τυχοῦσαν
1054 4955 1152 5026 τὴν
1177 4955 1384 5008 ἐκείνου
1413 4954 1720 5024 ἐπιδημίαν.

435 5050 848 5107 (ἏΑΧἫΙΙΚΌτε
871 5048 999 5118 γοῦν
1018 5047 1151 5119 πρὸς
1179 5047 1376 5109 αὐτοὺς
1398 5045 1795 5116 κατελάμϐανε,
1826 5044 1924 5099 τοῦ

364 5145 474 5198 τῶν
503 5142 701 5215 χειρῶν
732 5140 894 5213 ἔργου
926 5139 1188 5208 ἀφέμενοι
1218 5139 1312 5191 καὶ
1338 5136 1510 5205 τούτῳ
1549 5136 1933 5205 προσελθόντες

371 5234 509 5308 μετὰ
519 5230 790 5304 δακρύων,
808 5228 1022 5283 καὶτῶν
1037 5226 1205 5295 άγίων
1226 5225 1430 5277 ἐκείνου
1450 5224 1625 5278 ποδῶν
1647 5224 1937 5295 ἁψάμενοι,

367 5328 463 5382 καί⁵
493 5325 592 5389 τὰς
628 5321 873 5393 καθαράς
907 5316 1365 5389 περιπτυξάμενοι
1402 5318 1610 5388 χεῖρας,
1635 5316 1733 5381 τὰς
1768 5334 1939 5370 κατα..

368 5418 634 5480 λαϐούσας
664 5414 861 5475 αὐτοὺς
883 5409 1228 5466 ἀνεκλαίοντο
1260 5407 1562 5479 συμφορὰς,
1595 5409 1693 5480 τὴν
1713 5408 1814 5477 τῆς
1839 5424 1943 5459 πα,-

370 5514 547 5584 τρίδος
599 5511 890 5572 ἔκπτωσιν,
935 5505 1035 5575 τὴν
1073 5502 1262 5572 άφιλον
1302 5502 1396 5555 ἐπὶ
1438 5502 1594 5571 ξένης
1645 5501 1939 5572 διαγωγὴν,

2032 3502 2212 3567 labat,
2246 3510 2302 3554 ut
2344 3499 2459 3568 ipse
2500 3511 2719 3567 quoque
2752 3496 2856 3549 viri
2907 3494 3116 3549 fervido
3166 3505 3353 3545 amore
3406 3499 3599 3559 captus

2034 3592 2408 3657 Mamertinus,
2431 3590 2727 3660 plurimum
2750 3602 2815 3641 ex
2840 3586 2960 3656 ejus
2977 3585 3222 3640 discessu
3250 3582 3595 3653 ingemuerit,

2033 3684 2413 3753 lacrymasque
2467 3678 2677 3735 dederit
2720 3675 3077 3746 patriarchae,
3133 3673 3323 3728 dicens
3370 3690 3385 3726 :
3431 3671 3596 3737 Deus,

2034 3789 2196 3843 quem
2223 3783 2279 3827 tu
2312 3772 2523 3826 sincere
2561 3769 2697 3825 colis
2720 3808 2736 3835 ,
2779 3768 2896 3837 ipse
2923 3765 3022 3821 tibi
3055 3764 3345 3819 auxiliator
3368 3763 3422 3817 in
3450 3763 3599 3817 cala-

2035 3866 2226 3920 mitate
2266 3864 2517 3929 assistat;
2552 3861 2844 3931 statimque
2868 3858 3143 3929 navigium
3170 3855 3463 3927 paraverit,
3498 3855 3604 3908 im-

2036 3955 2231 4026 positis
2260 3954 2309 4009 ei
2333 3968 2455 4023 quae
2484 3953 2550 4007 ad
2575 3967 2735 4007 usum
2780 3950 3151 4015 suﬁiciebant;
3184 3947 3447 4016 illumque
3476 3945 3604 3999 dex-

2036 4054 2151 4100 tera
2170 4045 2540 4115 prehenderit,
2573 4043 2699 4097 item
2724 4042 3041 4110 complexus
3067 4042 3161 4105 sit,
3193 4048 3354 4108 atque
3382 4038 3453 4091 ita
3477 4050 3603 4091 cum

2036 4136 2455 4191 salutationibus
2501 4134 2758 4206 congruis
2807 4132 3092 4187 dimiserit.
3121 4129 3273 4184 Multi
3321 4138 3501 4183 autem
3534 4142 3603 4181 ex

2037 4230 2143 4300 piis
2164 4229 2333 4285 secuti
2359 4236 2486 4282 sunt
2510 4242 2632 4282 eum
2658 4245 2671 4279 :
2706 4234 2760 4279 et
2789 4223 3165 4295 pervenientes
3196 4222 3262 4276 ad
3298 4222 3477 4275 locum
3508 4234 3602 4272 ex-

2038 4322 2165 4384 silii,
2192 4321 2470 4389 reperiunt
2500 4319 2554 4372 in
2605 4316 2893 4371 marmoris
2921 4315 3229 4385 lapidicinis
3257 4311 3604 4367 Christianos

2038 4413 2255 4468 circiter
2282 4411 2427 4465 mille
2452 4450 2467 4476 ,
2492 4410 2577 4464 vel
2609 4418 2664 4463 et
2705 4409 2921 4477 plures;
2954 4407 3047 4477 qui
3071 4405 3184 4473 jam
3214 4404 3303 4458 diu
3336 4404 3444 4457 illic
3473 4418 3603 4472 pro-

2038 4517 2157 4575 pter
2187 4518 2374 4559 verum
2406 4503 2610 4557 cultum
2630 4499 3030 4555 detinebantur.
3058 4496 3123 4549 Hi
3143 4512 3264 4550 cum
3289 4496 3356 4549 de
3382 4495 3608 4564 patriar-

2038 4598 2140 4652 cha
2178 4595 2330 4665 prius
2365 4593 2669 4647 audiissent
2692 4632 2706 4656 ,
2740 4591 2885 4660 quod
2916 4599 2970 4644 et
2992 4590 3106 4658 ipse
3135 4589 3203 4641 ab
3247 4585 3390 4640 Urbe
3414 4586 3604 4655 puLsus

2039 4690 2193 4745 exsul
2229 4687 2296 4741 ad
2319 4670 2413 4741 θος
2444 4686 2755 4750 duceretur,
2788 4682 3042 4738 solatium
3067 4697 3173 4736 non
3202 4681 3424 4751 vulgare
3452 4695 3605 4749 cepe.

2038 4792 2166 4835 runt
2188 4797 2255 4837 ex
2291 4780 2412 4850 ejus
2438 4779 2693 4833 adventu.

2108 5045 2388 5102 CLXVIII.
2432 5044 2621 5114 Itaque
2672 5059 2797 5098 cum
2837 5042 2905 5096 ad
2958 5042 3083 5097 illos
3129 5042 3312 5106 venit,
3342 5041 3411 5095 ab
3442 5055 3606 5109 opere

2040 5155 2300 5194 manuum
2323 5145 2631 5202 cessarunt,
2650 5144 2705 5192 et
2731 5135 2798 5190 ad
2824 5150 2947 5190 eum
2971 5150 3097 5189 cum
3130 5134 3387 5204 lacrymis
3419 5149 3605 5192 acces-

2039 5238 2255 5296 serunt;
2289 5230 2558 5299 tactisque
2609 5230 2814 5283 sanctis
2863 5227 2984 5296 ejus
3024 5227 3288 5296 pedibus,
3340 5242 3400 5279 et
3440 5239 3607 5294 puras

2042 5338 2239 5377 manus
2268 5321 2568 5376 deosculati
2624 5320 2961 5373 calamitates
2993 5318 3146 5387 ipsos
3175 5317 3487 5386 complexas
3511 5316 3606 5369 de-

2046 5414 2265 5480 ﬂerunt,
2294 5414 2482 5482 patriae
2509 5412 2882 5476 amissionem,
2902 5412 3181 5466 insuavem
3210 5409 3263 5462 in
3290 5409 3469 5463 alieno
3490 5408 3609 5462 solo

2048 5506 2212 5559 vitam
2233 5545 2249 5569 ,
2292 5517 2473 5558 rerum
2528 5502 2959 5559 necessariarum
2993 5500 3276 5571 penuriam
3308 5515 3322 5564 ;
3353 5497 3609 5569 quodque

1676 5685 1912 5743 VARIE
1952 5680 2348 5740 LECTIONES.

444 5813 487 5843 ,τ
524 5812 595 5869 al.
637 5813 951 5885 δμέλλησεν.
1028 5813 1073 5846 ιο
1101 5812 1170 5867 ει,
1212 5810 1244 5883 ἢ
1278 5808 1391 5863 καί.
1469 5807 1523 5843 ’θσ
1554 5804 1624 5860 al.
1652 5801 1958 5874 δισχιλίους.
