3834 6220
313 283 416 339 595
1170 281 1228 335 S.
1275 278 1663 336 CLEMENTIS
1700 282 1716 333 l
1758 279 1921 334 ROM.
1960 277 2162 332 PONT.
2202 277 2431 333 OPERA
2467 273 2693 334 DUBIA.
3451 270 3564 326 596

304 411 551 452 omnium
605 402 723 449 erat
776 388 1158 465 gravissimum
1188 433 1203 458 ,
1242 409 1396 464 aquae
1422 394 1595 463 ipsius
1625 393 1839 459 indigeu

1942 434 1947 450 λ
1977 386 2084 438 τῶν
2114 387 2422 455 ἀναγκαίων
2451 386 2549 457 τὴν
2582 384 2835 455 ἀπορίαν,
2873 384 2982 447 καὶ,
3012 383 3040 435 6
3074 381 3289 435 πάντων
3319 380 3564 451 βαρύτα-

302 489 458 543 tiam.
488 486 545 541 Si
577 488 701 557 quis
730 487 901 549 enim.
932 487 1180 552 aiebant,
1214 503 1307 556 per
1339 496 1511 542 totum
1544 488 1686 541 diem
1712 503 1837 555 oper

1975 499 2067 533 τον
2093 478 2179 552 ἦν,
2208 484 2307 554 τὴν
2330 483 2491 536 αὐτοῦ
2516 482 2608 535 τοῦ
2636 481 2824 543 ὓδατος
2852 478 3074 532 ἔνδειαν.
3103 479 3166 530 El
3186 477 3295 549 γάρ
3326 494 3410 539 τις
3424 476 3559 546 ὃλην

302 595 567 634 manuum
611 588 664 633 et
697 579 883 634 labore
930 589 1236 633 maceratus
1264 621 1279 646 ,
1315 595 1470 648 aqua:
1515 588 1723 649 guttam
1754 580 1839 635 exi

1974 567 2071 637 τὴν
2094 569 2309 640 ἡμέραν
2340 572 2403 641 τῇ
2432 570 2540 623 τῶν
2571 568 2770 641 χειρῶν
2809 567 3057 639 ἐργασίᾳ,
3096 565 3290 636 καὶτῷ
3319 566 3561 636 καμάτῳ

300 684 463 738 guam
495 684 712 723 sumere
742 670 995 735 voluerit,
1020 686 1129 739 quo
1157 672 1431 725 miseriam
1461 688 1527 725 ex
1558 671 1835 741 fatigation

1975 660 2387 732 προστετηκὼς,
2420 662 2620 730 ἔλεγον,
2650 661 2839 724 ὓδατος
2875 658 3131 730 βραχεῖάν
3161 676 3281 711 τινα
3315 658 3554 725 σταγόνα

299 770 475 815 ortam
506 762 777 828 sublevet;
812 763 858 817 is
887 778 995 815 non
1028 763 1209 817 minus
1244 779 1408 832 quam
1443 779 1615 833 usque
1650 765 1716 817 ad
1751 773 1835 819 sta

1971 749 2154 803 λαϐεῖν
2188 750 2514 822 ἐθελήσειεν,
2541 751 2681 833 ὥστε
2712 751 2809 821 τὴν
2856 751 2919 803 ἐκ
2944 750 3038 802 τοῦ
3072 750 3242 802 κόπου
3277 748 3552 818 ἀναψύξαι

296 851 385 905 dia
415 852 655 921 quinque
696 863 749 907 et
779 853 1137 923 quadraginta
1171 854 1447 923 profectus
1470 896 1484 920 ,
1516 871 1712 925 aquam
1742 871 1839 925 por

1967 841 2361 913 ταλαιπωρίαν,
2378 843 2476 895 οὐκ
2496 842 2711 929 Elatia»)
2733 843 2759 893 6
2784 842 3020 905 τοιοῦτος
3043 841 3075 911 ἦ
3108 841 3354 904 σταδίους
3384 841 3549 893 πέντε

294 945 508 999 taverit.
543 942 623 998 Ob
666 945 778 999 huic
812 946 1117 1014 patriarcha
1149 949 1414 1016 particeps
1436 963 1625 1001 eorum
1658 948 1830 1002 dolori

1966 930 2062 982 καὶ
2120 932 2525 1002 τεσσαράκοντα
2574 928 2849 1001 προελθὼν
2890 928 2975 993 ἂν,
3036 928 3180 1000 ὕδωρ
3231 929 3540 998 κομίσαιτο.

293 1050 358 1090 ac
382 1036 739 1105 lacrymarum
766 1036 964 1101 factus,
997 1038 1119 1092 dein
1169 1047 1222 1092 et
1269 1038 1380 1093 Deo
1402 1039 1591 1109 gratiis
1621 1041 1777 1106 actis,
1809 1055 1838 1094 e

1966 1025 2108 1094 Πρὸς
2133 1024 2303 1076 ταῦτα
2348 1024 2687 1093 συναλγήσας
2714 1039 2773 1074 τε
2813 1023 2992 1084 αὐτοῖς
3027 1023 3055 1073 6
3083 1021 3423 1091 πατριάρχης
3448 1020 3547 1072 καὶ

290 1126 618 1184 sufﬁcienter
660 1130 874 1183 animos
911 1129 1127 1184 illorum
1178 1130 1491 1185 consolatus
1525 1151 1536 1183 :
1580 1131 1698 1186 Non
1748 1134 1820 1189 ita

1965 1115 2355 1185 συνδακρύσας,
2375 1111 2491 1167 εἶτα
2518 1115 2609 1166 καὶ
2633 1112 2710 1183 τῷ
2730 1113 2847 1184 Θεῷ
2873 1114 3289 1183 εὐχαριστήσας,
3310 1112 3403 1165 καὶ
3428 1113 3547 1196 ἱκα-

291 1215 501 1286 inquit,
534 1226 735 1272 temere
763 1227 817 1272 et
844 1218 962 1273 sine
990 1234 1157 1274 causa
1186 1219 1290 1273 huc
1320 1236 1406 1274 me
1445 1219 1584 1276 Deus
1612 1224 1833 1291 permisi

1961 1207 2067 1271 νῶς
2086 1208 2185 1272 τὰς
2205 1208 2425 1261 ἐκείνων
2446 1207 2622 1277 ψυχάς
2649 1205 3205 1277 παραμυθησάμενος,
3220 1205 3329 1273 Οὐχ
3353 1188 3543 1266 ἁπὶῶς

288 1307 517 1376 expelli;
549 1309 643 1364 sed
669 1320 726 1365 ut
754 1320 807 1365 et
830 1312 1014 1365 socius
1064 1312 1164 1365 sim
1220 1320 1521 1365 vestrarum
1550 1315 1839 1384 perpessio-

1958 1302 2101 1355 οὑτω
2144 1301 2237 1353 καὶ
2269 1300 2497 1367 ἀλόγως,
2540 1296 2723 1363 εἶπεν,
2762 1296 2995 1350 ἐνταῦθά
3036 1313 3102 1368 με
3141 1298 3169 1350 ὀ
3199 1296 3330 1360 Θεὸς
3380 1312 3539 1348 σύνει

287 1415 455 1466 ηυιη,
487 1410 541 1455 et
572 1404 844 1471 patientia:
892 1404 1125 1457 maxime
1180 1418 1245 1457 ac
1296 1404 1631 1459 toleratiouis
1682 1406 1839 1461 docu-

1957 1394 2206 1466 χώρησεν
2254 1392 2606 1463 ἐκϐληθῆναι,
2660 1392 2774 1445 ἀλλ’
2807 1391 2947 1471 ὥστε
2989 1390 3083 1441 καὶ
3122 1389 3372 1442 κοινωνὸν
3409 1389 3539 1488 ὑμῖν

286 1500 551 1546 mentum.
1956 1481 2206 1551 γενέσθαι
2234 1481 2341 1533 τῶν
2372 1479 2729 1550 παθημάτων,
2760 1479 2853 1530 καὶ
2884 1477 3163 1549 ὑπομονῆς
3183 1477 3416 1547 μάλιστα
3439 1476 3538 1529 καὶ

1956 1569 2249 1641 καρτερίας
2277 1567 2547 1621 ὑπόθεσιν.

356 1670 585 1726 CLXIX.
630 1672 825 1729 Postea
874 1692 1000 1733 vero
1035 1678 1101 1732 ad
1150 1694 1335 1747 preces
1380 1682 1743 1747 convertitur,
1795 1695 1839 1738 et

2024 1660 2254 1717 CLXIX.
2283 1662 2509 1714 Ἔπειτα
2530 1660 2709 1730 μέντοι
2727 1659 2819 1711 καὶ
2847 1661 2927 1722 είς
2955 1659 3118 1730 εὐχὴν
3138 1658 3419 1729 τρέπεται,
3437 1656 3536 1711 καὶ

283 1778 405 1817 eum
434 1766 513 1820 eis
540 1775 660 1819 orat
690 1766 861 1823 Deum
892 1811 906 1833 ,
939 1779 997 1824 ut
1046 1771 1162 1824 suis
1208 1773 1617 1828 coul'essoribus
1642 1774 1839 1829 fontem

1948 1755 2115 1808 δεῖται
2134 1755 2228 1807 σὺν
2244 1754 2425 1814 αὐτοῖς
2438 1750 2530 1804 τοῦ
2547 1749 2703 1812 Θεοῦ,
2719 1750 2858 1833 ὥστε
2873 1753 2984 1814 τοῖς
2998 1750 3162 1805 αὐτοῦ
3178 1749 3536 1821 ὁμολογηταῖς

1955 1847 2136 1918 πηγὴν
2154 1845 2341 1908 ὓδατος
2365 1842 2645 1909 διανοῖξαι·
2675 1844 2769 1896 καὶ
2787 1844 2815 1894 ὁ
2845 1841 3089 1908 πατάξας
3107 1842 3309 1913 πέτραν
3331 1842 3389 1894 ἐν
3414 1843 3537 1913 ἐρή-

1955 1955 2058 2009 μῳ,
2094 1937 2188 1990 καὶ
2221 1934 2495 2006 ἐρρύησαν
2528 1934 2715 1997 ὕδατα,
2751 1932 2913 1997 αὐτὸς
2952 1933 3182 2002 ἄφθονον
3220 1933 3316 1986 καὶ
3350 1934 3534 1997 αὐτοῖς

1946 2027 2041 2081 τοῦ
2071 2026 2262 2090 ὓδατος
2296 2025 2521 2096 παρέχει
2547 2026 2645 2097 τὴν
2676 2024 2953 2095 χορηγίαν.
2993 2024 3131 2095 Ἤδη
3168 2022 3276 2095 γὰρ
3312 2024 3532 2077 πάντων

1946 2123 2014 2191 τῇ
2047 2121 2179 2190 εὐχῇ
2222 2118 2651 2189 προσκειμένων,
2690 2116 2719 2167 6
2757 2116 3099 2187 πατριάρχης
3137 2116 3264 2187 τῇδε
3300 2117 3528 2169 κάκεῖσε

1946 2209 2428 2280 περιϐλεψάμενος,
2454 2207 2623 2279 ἀμνόν
2647 2225 2768 2260 τινα
2795 2209 2898 2278 ὁρᾷ
2918 2206 2985 2270 ⁸⁸,
3010 2206 3101 2259 τὸν
3126 2205 3298 2273 δεξιὸν
3327 2223 3533 2277 μετεω-

1947 2296 2161 2370 ρίζοντα
2176 2298 2327 2361 πόδα,
2358 2299 2451 2351 καὶ
2482 2297 2669 2369 ὥσπερ
2689 2298 2880 2367 ἐκείνῳ
2905 2295 3292 2349 ὑποδεικνύντα
3314 2294 3375 2347 τὸ
3390 2296 3529 2348 ὑπο-

1943 2391 2191 2461 κείμενον
2236 2391 2447 2459 ἔδαφος·
2490 2389 2663 2443 οὐδενὶ
2700 2390 2809 2462 γὰρ
2834 2391 2862 2443 6
2893 2388 3063 2460 άμνὸς
3088 2388 3195 2440 τῶν
3229 2387 3403 2441 ἄλλων
3434 2405 3529 2441 τε·-

1940 2478 2115 2530 θέατο.
2146 2479 2254 2531 Καὶ
2279 2478 2567 2550 συμϐαλὼν
2595 2479 2694 2549 τὴν
2715 2479 2834 2547 ὄψιν
2851 2480 2877 2531 6
2898 2477 3262 2549 πατριάρχης,
3290 2477 3370 2548 τῷ
3392 2478 3531 2531 ὑπο-

1937 2570 2199 2640 δειχθέντι
2233 2571 2381 2641 τόπῳ
2420 2571 2556 2642 μετὰ
2592 2570 2701 2623 τῶν
2751 2572 3030 2642 παρόντων
3076 2570 3380 2637 ἐφίσταται,
3429 2570 3528 2623 καί

1939 2680 2119 2733 φησιν·
2142 2664 2229 2716 Ἐν
2249 2663 2471 2733 ὀνόματι
2507 2662 2602 2716 τοῦ
2626 2663 2831 2732 Κυρίου
2857 2661 3015 2732 ἡμῶν
3052 2659 3226 2731 Ἰησοῦ
3262 2658 3526 2730 Χριστοῦ,

1937 2753 2169 2807 ἐνταῦθά
2204 2772 2313 2825 μοι,
2340 2755 2523 2817 τέκνα,
2551 2754 2794 2826 όρύξατε.
2822 2755 2931 2807 Καὶ
2968 2741 3155 2823 ἐπεῖδὴ
3193 2752 3353 2805 αὐτόν
3378 2768 3441 2804 τε
3472 2752 3524 2784 ⁸³

266 2868 420 2924 sent,
452 2864 761 2931 patriarcha
789 2908 804 2932 ,
860 2847 1079 2940 sumpto
1134 2847 1354 2931 sarculo
1381 2918 1397 2944 ,
1450 2881 1628 2937 locum
1669 2901 1831 2956 quem

1942 2849 2025 2901 τὸν
2049 2849 2233 2912 τόπον,
2273 2850 2352 2912 εἰς
2392 2849 2449 2902 ὃν
2477 2852 2505 2902 6
2538 2850 2705 2919 ἀμνὸς
2751 2850 2952 2913 ἵστατο,
2982 2849 3073 2901 καὶ
3106 2848 3166 2900 τὸ
3192 2847 3375 2915 κύκλῳ
3414 2847 3525 2899 πᾶν

265 2965 441 3081 θειιρε
464 2956 803 3025 ostendebat,
821 2964 923 3015 levi
943 2975 994 3018 et
1028 2966 1094 3019 ad
1122 2970 1461 3037 superficiem
1487 2974 1595 3029 ictu
1618 2939 1829 3046 pulsat;

265 3056 367 3081 nnn
396 3044 664 3081 nclimnnn
713 3058 854 3081 θην-..ι
908 3056 1102 3081 ,ιη-ειυς.
1154 3059 1387 3081 ιε..--ε›γν
1414 3080 1423 3081 ,
1474 3080 1479 3081 ,
1724 3078 1731 3081 .
1813 3071 1827 3081 .

1942 2940 2328 3012 περιέσκαψαν,
2377 2940 2555 2993 λαϐὼν
2598 2943 2851 3007 σκαφεῖον
2892 2942 2920 2991 6
2950 2939 3307 3009 πατριάρχης,
3334 2939 3523 3008 κρούει

1942 3033 2025 3081 τὸν
2064 3032 2227 3081 τόπον
2263 3032 2389 3081 ἔνθα
2417 3036 2445 3081 6
2494 3033 2661 3081 ἀμνὸς
2708 3032 3018 3081 ὑπεδείκνυ.
3065 3031 3251 3081 κούωω
3279 3031 3384 3081 τινὶ
3423 3029 3522 3081 καὶ

264 3041 664 3119 confestimque
713 3058 856 3106 terra
906 3056 1106 3110 emittit
1154 3031 1431 3129 limpidam
1464 3031 1660 3135 aquam
1686 3031 1831 3126 et

1942 3033 2025 3085 τὸν
2064 3032 2227 3086 τόπον
2263 3032 2389 3085 ἔνθα
2417 3036 2445 3086 6
2494 3033 2661 3102 ἀμνὸς
2708 3032 3018 3095 ὑπεδείκνυ,
3065 3031 3251 3101 κούφῳ
3279 3031 3384 3083 τινὶ
3423 3047 3495 3082 κα

575 3109 590 3119 _
1093 3109 1100 3110 κ
1155 3109 1431 3129 -___-,--_...
1464 3109 1660 3135 ...,.......
1687 3109 1739 3123 υ.
1762 3109 1831 3126 ι...

262 3134 559 3191 bibendum
593 3156 840 3208 suavem,
868 3155 1032 3216 atque
1059 3165 1120 3205 ea
1150 3166 1271 3206 cum
1303 3154 1506 3224 impetu
1536 3158 1705 3215 eﬂ‘usa
1734 3162 1835 3216 llu-

1942 3124 2197 3195 μετεώρῳ
2229 3124 2307 3195 τῷ
2333 3125 2621 3195 κρούματι·
2664 3123 2757 3177 καὶ
2788 3123 3132 3194 παραχρῆμα
3158 3122 3346 3185 διειδές
3371 3120 3521 3191 ὕδωρ

1934 3217 1967 3286 ἡ
2002 3216 2072 3286 γῆ
2112 3218 2204 3269 καὶ
2241 3216 2339 3286 ήδὺ
2378 3218 2521 3268 πιεῖν
2554 3214 2856 3267 ἀναδίδωσι·
2891 3216 2986 3266 καὶ
3028 3214 3205 3277 τοῦτο,
3246 3214 3340 3265 σὺν
3369 3214 3519 3282 ὁρμῇ

1936 3306 2182 3377 ἐκχυθὲν,
2214 3306 2456 3377 ποταμὸν
2488 3304 2681 3375 ἀθρόον
2723 3308 2882 3358 ποιεῖ,
2920 3305 3142 3357 Πάντων
3174 3299 3266 3355 οὖν
3295 3302 3518 3373 χαιρόν-

1934 3417 2042 3451 των
2070 3401 2160 3451 ἐπὶ
2187 3398 2265 3468 τῷ
2297 3397 2447 3451 ῦδατι
2468 3439 2482 3461 ,
2527 3400 2555 3450 ό
2602 3397 2965 3468 πατριάρχης,
3008 3395 3117 3448 Τοῦ
3148 3392 3414 3462 ποταμοῦ
3444 3392 3517 3445 τὰ

1934 3489 2240 3557 ὀρμήματα
2300 3488 2694 3556 εὐφραίνουσι
2754 3485 2866 3553 τὴν
2920 3485 3102 3537 πόλιν
3164 3482 3269 3536 τοῦ
3330 3481 3513 3544 Θεοῦ,

281 1867 439 1920 aqua:
464 1855 673 1923 aperiat
706 1875 719 1910 :
751 1859 954 1929 quique
976 1863 1248 1929 percussit
1271 1873 1479 1931 petram
1508 1865 1561 1918 in
1593 1866 1809 1921 deserto
1831 1909 1846 1933 ,

278 1952 334 1996 et
384 1942 658 2001 ﬂuxerunt
726 1964 879 2018 aqua:
909 1950 984 2017 °°,
1058 1953 1174 2022 ipse
1226 1955 1390 2010 etiam
1431 1956 1510 2012 eis
1569 1960 1845 2029 copiosam

276 2048 477 2103 aquam
503 2039 829 2107 suppeditat.
846 2040 963 2096 Jam
982 2044 1129 2098 enim
1160 2048 1416 2103 omnibus
1438 2053 1735 2118 precationi
1758 2054 1845 2107 in-

276 2127 596 2185 sistentibus
617 2171 631 2197 ,
677 2134 984 2201 patriarcha
1033 2137 1139 2193 huc
1175 2150 1341 2209 atque
1370 2140 1499 2198 illuc
1526 2146 1841 2215 respiciens,

274 2232 475 2287 agnum
506 2220 652 2277 videt
697 2225 790 2293 qui
820 2226 1068 2281 dextrum
1105 2231 1292 2299 pedem
1324 2236 1621 2301 attollebat,
1669 2254 1844 2311 eoque

272 2311 433 2379 quasi
480 2314 804 2370 ostendebat
853 2319 1156 2388 subjectum
1198 2325 1373 2379 solum
1410 2346 1422 2380 :
1456 2342 1485 2382 a
1514 2329 1663 2384 nullo
1693 2333 1838 2386 enim

272 2401 382 2456 alio
406 2418 582 2475 agnus
606 2406 758 2463 visus
781 2418 883 2465 est.
913 2410 1050 2467 Tum
1081 2416 1388 2483 patriarcha
1427 2420 1685 2488 conjectis
1716 2439 1842 2479 ocu-

270 2492 359 2556 lis,
392 2494 459 2549 ad
490 2495 670 2551 locum
705 2510 1068 2557 monstratum
1115 2522 1239 2561 cum
1274 2509 1339 2562 iis
1369 2512 1462 2579 qui
1488 2516 1713 2569 aderant
1742 2533 1837 2572 ac-

269 2586 433 2649 cedit,
458 2595 513 2641 et
535 2589 612 2641 ait
637 2608 650 2643 :
674 2588 729 2643 In
784 2594 1005 2648 nomine
1022 2595 1238 2653 Domini
1264 2605 1434 2657 nostri
1464 2604 1592 2661 Jesu
1607 2609 1834 2677 Christi,

268 2676 359 2731 hic
388 2678 542 2744 mihi,
570 2680 684 2748 lilii,
731 2681 914 2739 fodite.
954 2686 1200 2757 Cumque
1223 2700 1334 2747 tum
1365 2696 1539 2765 ipsum
1571 2699 1748 2754 locum
1782 2676 1834 2756 in

268 2783 379 2842 quo
416 2786 589 2842 agnus
618 2775 818 2843 stabat,
848 2786 960 2831 tum
993 2782 1256 2853 quidquid
1284 2787 1489 2843 circum
1516 2801 1632 2847 erat
1660 2792 1835 2848 lodis-

264 3242 387 3283 men
414 3234 756 3300 repentinum
783 3236 965 3293 ellicit.
996 3239 1277 3301 Uuiversis
1304 3263 1456 3317 ergo,
1482 3266 1637 3319 aqua:
1668 3268 1833 3308 causa

263 3320 657 3415 gaudentibus,
693 3331 1002 3397 patriarcha
1060 3336 1198 3390 dixit
1239 3356 1252 3393 :
1309 3337 1579 3398 Fluminis
1608 3344 1833 3415 impetus

261 3410 501 3481 lmliﬁcat
530 3418 796 3475 civitatem
821 3423 921 3479 Dei
941 3427 1084 3481 °'-“.

572 3640 710 3699 Hinc
741 3654 850 3703 t0ta
901 3648 967 3703 ad
1004 3666 1128 3706 enim
1170 3655 1478 3713 conﬂuebat
1508 3660 1697 3718 civitas
1725 3706 1739 3729 ,
1777 3674 1832 3719 et

1942 3582 2017 3634 ἕλε
2059 3599 2134 3636 εν.

2001 3598 2134 3727 gLX
2147 3672 2209 3726 Χ.
2230 3672 2506 3726 Ἐντεῦθεν
2519 3676 2551 3744 ή
2570 3674 2720 3737 πόλις
2732 3672 2858 3743 περὶ
2873 3671 3033 3724 αὑτὸν
3045 3671 3192 3723 πᾶσα
3204 3669 3512 3741 συνέρρεον,

257 3729 524 3797 spiritalis
547 3735 695 3791 illius
726 3738 994 3797 doctrina:
1036 3744 1325 3803 dulcedine
1353 3751 1419 3805 ad
1445 3768 1628 3808 veram
1667 3757 1827 3811 [idem

1942 3766 2025 3820 ιιαὶ
2040 3768 2105 3835 τῇ
2120 3765 2218 3834 τῆς
2231 3781 2361 3817 πνευ
2369 3729 2604 3835 ματικῙῆς
2616 3729 2829 3833 ἐκείνης
2851 3759 3192 3823 διδασκαλίας
3218 3729 3511 3828 γλυκύτητι

255 3834 487 3881 cunctos
516 3828 858 3901 impellebat;
915 3846 972 3891 ut
1002 3846 1056 3893 et
1101 3842 1257 3896 multi
1304 3846 1548 3913 quotidie
1583 3848 1828 3919 baptiza-

1942 3828 2195 3927 πρὸς-τὴν
2222 3828 2396 3925 άληθῆ
2429 3828 2611 3908 πίστιν
2646 3828 2853 3916 πάντας
2875 3854 3131 3923 ἐπήγετο,
3149 3852 3225 3914 ὡς
3251 3852 3345 3904 καὶ
3376 3850 3509 3903 πολ-

256 3927 447 3972 rentur
493 3936 862 3994 numerusque
916 3929 983 3983 ad
1033 3931 1359 4001 quingentos
1404 3942 1733 4006 pervenerit,
1765 3958 1828 3998 ac

1942 3949 2055 4012 iob;
2076 3949 2196 4001 ὅσαι
2217 3947 2422 4018 ἡμέραι
2442 3946 2816 4017 βαπτίζεσθαι,
2836 3947 2915 4008 εἰς
2932 3945 3319 4005 πεντακοσίους
3337 3960 3395 3994 τε
3420 3942 3512 3994 τὸν

254 4025 384 4065 vera
416 4013 605 4083 religio
632 4014 684 4068 in
715 4016 831 4072 dies
873 4032 1091 4088 caperet
1120 4023 1537 4082 incrementum.
1575 4030 1825 4088 Nondum

1942 4037 2161 4108 Ξιριθμὸν
2209 4013 2495 4107 ἀναϐῆναι,
2546 4038 2638 4091 καὶ
2663 4036 2759 4106 τὴν
2802 4035 3081 4088 εὐσέϐειαν
3122 4033 3243 4087 καθ’
3274 4034 3509 4103 ἑκάστην

256 4102 503 4172 profecto
533 4121 710 4162 annus
752 4111 805 4163 in
853 4113 1047 4167 exsilio
1072 4125 1190 4170 erat
1216 4134 1474 4175 emensus
1498 4138 1561 4177 ac
1584 4127 1827 4192 przeteri—

1942 4102 2238 4182 ἐπιδίδόναι.
2266 4102 2431 4182 υῦπω
2455 4129 2634 4182 τοίνυν
2661 4102 2907 4190 ἐνιαυτὸς
2927 4126 3023 4197 τὴν
3056 4125 3352 4195 ὑπερορίαν
3382 4124 3514 4193 ἐμέ-

253 4204 365 4261 tus,
398 4207 453 4251 et
473 4198 809 4255 aedificantur
838 4205 1057 4272 quidem
1080 4247 1095 4271 ,
1125 4208 1192 4261 ab
1222 4209 1289 4264 iis
1336 4212 1425 4280 qui
1458 4213 1823 4283 crediderant,

1942 4238 2068 4291 τρει,
2104 4220 2198 4273 καὶ
2250 4220 2655 4291 οἰκοδομοῦνται
2709 4219 2809 4289 μὲν
2852 4219 2955 4271 ὑπὸ
2976 4217 3083 4269 τῶν
3106 4216 3508 4269 πιστευσάντων

250 4284 509 4342 Ecclesia;
535 4304 765 4345 numero
794 4294 1036 4363 quinque
1063 4305 1117 4350 et
1143 4302 1504 4371 septuaginta,
1532 4304 1827 4360 idolorum-

1942 4284 2209 4383 ικκλησίαι
2229 4312 2320 4366 τὸν
2343 4284 2572 4384 ἀριθμὸν
2599 4284 2758 4364 πέντε
2790 4311 2883 4363 καὶ
2904 4308 3287 4379 ἐϐδομήκοντα,
3307 4307 3507 4377 τεμένη

251 4396 361 4449 que
385 4381 509 4436 fana
534 4392 589 4438 et
612 4386 811 4454 templa
835 4397 1188 4457 evertuntur;
1219 4393 1393 4463 iisque
1416 4396 1623 4451 adsitos
1645 4398 1819 4465 lucos,

1942 4421 1983 4458 τε
2016 4403 2249 4457 εἰδώλων
2284 4406 2379 4457 καὶ
2417 4402 2539 4456 ναοὶ⁸
2571 4401 2979 4473 καθαιροῦνται,
3021 4397 3117 4452 καῖ
3152 4398 3220 4451 τά
3256 4416 3509 4469 παραπε-

249 4472 483 4527 multum
514 4483 669 4530 terra:
690 4488 1041 4548 occupantes,
1070 4482 1211 4552 ignis
1232 4485 1492 4554 depascit,
1522 4501 1685 4559 atque
1711 4494 1826 4550 uni-

1942 4494 2139 4563 Ῥυκότα
2164 4494 2374 4557 τούτοις
2402 4493 2560 4563 ἄλση,
2607 4493 2699 4545 ἐπί
2739 4472 2872 4545 πολὺ
2915 4491 3017 4562 γῆς
3053 4490 3417 4559 διικνούμενα,
3450 4487 3511 4540 τὸ

248 4578 407 4619 versa
436 4570 804 4635 prosternitur
826 4572 1136 4628 daemonum
1172 4577 1408 4634 insania.

1942 4586 2046 4658 πῦρ
2073 4586 2465 4656 κατανέμεται,
2499 4586 2593 4638 καὶ
2616 4586 2765 4637 πᾶσα
2796 4583 2905 4636 τῶν
2935 4582 3203 4653 δαιμόνων
3235 4580 3507 4634 καταϐάλ-

324 4735 559 4838 CLXXI.
596 4741 752 4800 Tunc
792 4761 924 4817 ergo
954 4749 1259 4808 invidiosus
1299 4763 1355 4807 et
1402 4757 1583 4826 gravis
1632 4775 1820 4816 rumor

1942 4694 2072 4731 ιεται
2103 4680 2135 4749 ή
2171 4678 2353 4749 μανία.

1990 4767 2221 4824 CLXXI.
2237 4767 2549 4838 Τηνικαῦτα
2564 4763 2657 4821 οῦν
2673 4766 2958 4837 ἐπίφθονός
2970 4783 3029 4818 τε
3043 4766 3137 4819 καὶ
3151 4765 3340 4836 βαρεῖα
3351 4766 3422 4835 φη
3432 4780 3507 4835 μη

250 4826 317 4881 ad
348 4829 693 4900 imperatoris
716 4852 879 4894 aures
912 4843 1179 4910 pervenit,
1214 4843 1456 4903 referens
1487 4848 1819 4909 Christiano-

1942 4859 2027 4923 βὰς
2050 4860 2142 4913 τοῦ
2169 4826 2431 4929 βασιλέως
2458 4859 2624 4923 ἀκοάς
2647 4826 2954 4931 ὑποτρέχει,
2987 4826 3259 4910 ἐπιδοῦναι
3284 4826 3508 4928 “tax-pi:

246 4937 369 4977 rum
403 4933 607 4981 sectam
636 4945 691 4982 in
722 4932 985 5000 majorem
1020 4936 1426 4994 multitudinem
1457 4956 1703 4999 crescere
1722 4987 1737 5012 ,
1766 4956 1821 5001 et

1942 4950 2158 5003 ςτιανῶν
2178 4952 2258 5014 είς
2274 4950 2473 5021 πλῆθος
2490 4950 2721 5022 ἀριθμοῦ
2755 4954 3015 5022 κρεῖττον,
3035 4950 3128 5002 καὶ
3143 4949 3259 5002 καθ’
3273 4950 3511 5017 ἑκάστην

250 5015 483 5084 singulis
511 5017 705 5075 diebus
734 5025 942 5091 augeri.
969 5025 1144 5092 Quam
1174 5029 1244 5083 ob
1273 5046 1496 5087 causam
1522 5035 1612 5089 ille
1634 5039 1818 5093 statim

1942 5042 2186 5109 ιῦξεσθαι
2215 5043 2313 5113 τὴν
2334 5015 2547 5114 ἡμέραν
2561 5015 2905 5097 διδάσκούσῖ.
2927 5036 3096 5111 Ἐφ’ᾧ
3124 5042 3190 5113 δὴ
3219 5042 3312 5095 καὶ
3337 5015 3508 5109 Αὐφι-

245 5108 594 5166 Aulidianum
644 5116 929 5184 praesidem
978 5120 1183 5187 mittit,
1230 5125 1323 5193 qui
1354 5142 1460 5180 non
1497 5130 1674 5183 solum
1708 5147 1817 5186 non

1942 5133 2108 5186 itavbv
2124 5133 2318 5186 αὐτίκα
2341 5134 2431 5186 τὸν
2454 5134 2696 5204 ἡγεμόνα
2717 5136 2921 5197 ἐκεῖνος
2949 5134 3244 5205 ἐκπέμπει,
3268 5132 3407 5215 (lnge
3430 5134 3505 5204 μὴ

245 5201 479 5259 ulterius
509 5208 763 5278 progredi
791 5219 994 5264 sectam
1024 5212 1228 5269 sineret
1248 5254 1263 5281 ,
1295 5233 1483 5273 verum
1510 5230 1564 5275 et
1582 5222 1693 5291 jam
1725 5240 1817 5278 ca-

1942 5225 2088 5277 16vov
2119 5226 2253 5296 μηδὲ
2295 5201 2602 5295 περαιτέρω
2630 5224 2913 5295 προελθεῖν
2941 5201 3102 5278 αὐτὰ⁷
3129 5201 3502 5295 συγχωρῖσαι,

243 5304 367 5363 plos
418 5297 734 5365 reduceret,
777 5312 1143 5374 avocaretque
1171 5322 1201 5360 a
1248 5309 1465 5378 pietate.
1501 5312 1597 5368 llic
1630 5315 1815 5384 itaque

1942 5314 2058 5368 ίλλά
2082 5318 2176 5370 καὶ
2203 5318 2327 5379 τοὺς
2350 5317 2447 5388 ήδη
2475 5317 2832 5389 χειρωθέντας
2850 5320 3232 5387 ἐπαναγαγεῖν,
3255 5317 3348 5370 καὶ
3369 5318 3506 5370 ἀπο-

238 5396 531 5457 postquam
573 5387 908 5445 Chersonem
951 5393 1133 5460 venit,
1184 5397 1632 5471 Christianosque
1654 5419 1801 5458 COIII-

1942 5406 2109 5476 ’τῆσαι
2136 5406 2237 5469 τῖπς
2263 5406 2561 5470 εὐσεϐείας.
2585 5402 2753 5471 Οὗτος
2780 5408 2976 5472 τοίνυν,
3001 5407 3099 5477 τὴν
3119 5407 3379 5478 Χερσῶνα
3408 5425 3500 5460 κα-

1543 5558 1778 5613 νΑΒιίΕ
1817 5560 2211 5617 LECTIONES.

311 5688 355 5727 ‘4‘
378 5684 541 5747 Num.
576 5708 667 5758 xx,
702 5692 756 5749 6.
783 5692 927 5751 Psal.
972 5711 1178 5764 Lxxvu,
1222 5697 1309 5754 20.
1389 5698 1430 5730 ⁶¹
1462 5699 1531 5754 al.
1580 5698 1745 5755 inser.
1801 5698 2031 5754 ἑστῶτα.
2122 5700 2165 5729 θ’
2187 5699 2336 5755 deest
2377 5701 2429 5755 in
2480 5702 2552 5756 al.
2634 5703 2757 5761 θρα
2791 5701 2935 5759 Psal.
2969 5718 3090 5767 xu,
3118 5704 3171 5760 5.
