3834 6220
1304 258 1361 314 S.
1401 258 1791 319 CLEMENTIS
1835 262 1853 317 I
1892 264 2055 321 ROM.
2097 264 2299 325 PONT.
2339 271 2567 334 OPERA
2602 278 2831 340 DUBIA.

3589 302 3704 359 600

413 370 468 415 et
516 364 831 429 aspersione
873 382 1012 439 opus
1042 370 1145 429 fuit
1192 374 1261 431 ad
1295 379 1467 433 morbi
1515 396 1639 435 eum
1680 388 1954 455 occupant]

413 454 785 489 .lnnnlcinnnm

2030 393 2068 445 Α
2097 386 2190 439 τοῦ
2215 391 2511 465 ῥαντισμοῦ
2537 397 2697 485 πλέον
2720 401 2928 476 ἐδέησε,
2958 405 3094 480 πρὸς
3116 408 3215 482 τὴν
3238 411 3332 467 τοῦ
3359 415 3697 489 κατέχοντος

413 454 809 521 depulsionem.

482 544 763 604 CLXXIV.
806 552 909 609 Sed
944 556 1057 612 haec
1091 559 1312 629 quidem
1346 564 1473 618 talia
1504 576 1666 634 sunt,
1695 580 1748 624 et
1776 568 1849 624 ita
1883 570 1985 625 ba-

410 633 573 692 bent:
606 639 735 697 illud
768 660 895 701 vero
928 648 1087 720 longe
1115 652 1311 721 majus,
1344 655 1729 730 sulIiciensque
1761 660 1828 715 ad
1853 678 1985 718 con-

409 727 675 789 ﬁrmanda
712 740 1093 807 praecedentia.
1131 741 1265 799 Nam
1298 762 1446 814 cum,
1479 760 1537 805 ut
1566 754 1819 823 superior
1852 771 1981 811 ora-

406 823 486 878 tio
513 825 837 896 declaravit,
873 833 1181 905 iii-pelagus
1217 848 1427 912 martyr
1464 841 1747 900 immissus
1776 855 1889 914 est,
1926 860 1980 905 et

403 912 459 969 in
499 916 653 974 sinus
695 936 960 990 aquarum
1008 927 1320 997 projectus,
1366 939 1530 1001 atque
1565 949 1717 991 mare
1759 937 1976 1009 longius

398 1006 701 1077 abscessit,
730 1014 859 1069 dum
887 1019 1043 1087 quasi
1074 1021 1178 1075 sub
1206 1023 1396 1092 pedem
1426 1026 1519 1081 dat
1546 1027 1726 1085 locum
1747 1070 1763 1094 ,
1801 1040 1856 1087 et
1886 1034 1974 1088 in-

397 1101 501 1157 dex
543 1107 791 1175 corporis
834 1110 1159 1169 mirabiliter
1190 1114 1456 1186 edicitur,
1501 1135 1566 1175 ac
1608 1124 1810 1180 volenti
1841 1125 1974 1183 facit

394 1202 721 1261 potestatem
756 1201 1035 1269 gradiendi
1071 1222 1166 1275 per
1196 1210 1565 1281 profundum;
1599 1216 1793 1288 ingens
1823 1229 1970 1276 certe

390 1283 831 1347 Christianorum
866 1296 1158 1354 multitudo
1194 1309 1326 1358 tunc
1353 1303 1421 1357 ad
1466 1283 1716 1377 corporis
1753 1322 1969 1382 specta-

389 1379 574 1437 culum
621 1387 968 1454 properabat.
1018 1388 1211 1447 Postea
1260 1410 1389 1450 vero
1430 1406 1484 1451 et
1528 1401 1805 1459 maximus
1847 1405 1965 1462 dies

386 1470 562 1529 festus
595 1477 922 1535 miraculum
955 1482 1208 1551 induxit;
1247 1496 1342 1541 aut
1372 1491 1555 1557 potius
1586 1493 1690 1549 hoc
1719 1497 1962 1554 miracu-

384 1561 496 1615 lum
530 1563 674 1619 diem
710 1566 906 1622 festum
937 1570 1148 1640 ell‘ecit;
1187 1577 1333 1645 quod
1365 1595 1495 1644 non,
1517 1586 1683 1640 semel
1716 1587 1921 1645 editum
1942 1634 1957 1659 ,

380 1656 577 1711 deinde
609 1658 791 1725 desiit,
830 1663 923 1717 sed
957 1680 1051 1734 per
1087 1671 1517 1742 unumquodque
1548 1678 1675 1731 anni
1711 1683 1958 1738 curricu-

380 1747 493 1803 lum
548 1752 934 1820 perﬁciebatur
977 1759 1167 1814 eodem
1222 1764 1416 1831 modo,
1466 1766 1694 1839 piasque
1740 1775 1954 1832 animas
1987 1749 2028 1806 Β

376 1842 712 1903 convocabat
754 1846 823 1900 ad
864 1849 1107 1917 epulum.
1153 1849 1289 1906 Cum
1320 1856 1572 1925 equidem
1606 1861 1720 1917 base
1756 1864 1829 1919 ita
1865 1883 1954 1922 es-

375 1942 516 2000 sent,
548 1944 601 1990 et
626 1951 816 1995 omnes
841 1942 985 1997 circa
1016 1942 1349 2002 Cbersonem
1379 1948 1678 2009 Christiani
1707 1959 1772 2013 ad
1797 1961 1951 2017 mira:

374 2025 451 2078 rei
495 2027 792 2085 solemnem
837 2033 980 2088 diem
1037 2042 1334 2107 quotannis
1401 2062 1821 2119 concurrerent;
1870 2055 1945 2109 ibi

369 2119 533 2174 etiam
565 2119 710 2178 Deus
740 2125 1064 2185 miraculum
1085 2174 1099 2197 ,
1140 2138 1512 2198 anterioribus
1555 2144 1733 2216 magis
1768 2146 1947 2217 inopi-

366 2226 500 2265 num
533 2222 587 2268 et
614 2216 956 2290 admirabile,
989 2237 1267 2295 operatur.

432 2302 689 2363 CLXXV.
731 2308 869 2367 Nam
920 2315 1003 2370 vir
1046 2320 1270 2388 quidam
1316 2325 1642 2397 religiosus,
1675 2346 1783 2386 una
1813 2347 1940 2389 cum

359 2492 618 2562 martyris
638 2509 858 2567 corpus,
883 2500 986 2570 ipsi
1008 2519 1228 2576 quoque
1250 2523 1376 2565 cum
1404 2514 1607 2582 populo
1628 2516 1937 2575 conﬂuente

357 2580 586 2649 profecti
630 2596 776 2641 sunt.
826 2588 997 2658 Igitur
1035 2610 1225 2666 atquor
1257 2616 1289 2655 e
1334 2580 1567 2674 vestigio
1615 2608 1931 2678 trajiciunt,

356 2672 729 2744 templumque
751 2677 805 2731 in
835 2680 957 2734 sinu
992 2682 1113 2752 ejus
1145 2689 1383 2757 positum
1410 2672 1713 2767 attingunt,
1735 2716 1935 2770 paren-

354 2770 436 2816 tes
484 2780 649 2819 manu
702 2783 934 2837 puerum
982 2774 1278 2837 ducentes:
1327 2799 1565 2857 cumque
1605 2790 1748 2846 intra
1796 2803 1931 2849 tem-

352 2852 502 2921 plum
534 2855 787 2925 fuerunt,
818 2872 872 2917 et
905 2878 1155 2924 sanctum
1206 2873 1357 2930 illum
1406 2880 1679 2937 tumulum
1721 2886 1929 2943 ambie-

334 3696 605 3753 ponente,
637 3700 694 3745 ut
728 3697 903 3766 magis
943 3698 1235 3759 honoraret
1280 3723 1405 3764 eum
1450 3714 1545 3782 qui
1582 3719 1823 3775 animam
1857 3733 1912 3778 et

334 3790 537 3847 corpus
564 3796 662 3850 pro
690 3784 809 3853 ipso
840 3788 1066 3846 libenter
1095 3794 1339 3855 dederat.
1383 3801 1451 3857 Et
1498 3821 1637 3877 aqua
1685 3813 1906 3881 quidem

332 3867 400 3919 ad
431 3872 647 3939 propria
674 3890 945 3943 remeans,
973 3884 1305 3951 profundum
1334 3867 1563 3965 obtexit,
1595 3867 1907 3976 iterumque

329 3959 584 4016 eﬂ‘ectum
614 3976 699 4020 est
726 3970 971 4040 pelagus.

397 4052 677 4111 CLXXVI.
714 4061 782 4114 At
808 4076 1059 4132 parentes
1094 4074 1315 4140 paulum
1340 4093 1369 4132 a
1392 4095 1620 4153 corpore
1645 4087 1900 4161 digressi,

326 4153 385 4197 ut
412 4146 527 4216 jam
561 4149 731 4206 filium
764 4171 949 4213 secum
982 4177 1091 4218 non
1122 4166 1397 4237 viderunt,
1424 4146 1900 4254 ad-investilgatio-

324 4251 449 4292 nem
480 4239 599 4309 ejus
624 4254 844 4301 vertunt
874 4264 966 4304 se:
1014 4268 1079 4309 ac
1121 4264 1267 4313 retro
1304 4268 1552 4323 conversi
1592 4281 1651 4327 ut
1688 4274 1899 4333 inveni-

320 4336 444 4382 rent
466 4345 718 4400 puerum,
757 4350 989 4395 cernunt
1025 4360 1176 4401 mare
1216 4365 1409 4409 I'UI‘SIIS
1447 4373 1568 4415 esse
1594 4378 1715 4419 eam
1747 4369 1891 4427 viam

317 4432 441 4488 quae
474 4423 539 4475 ad
572 4439 769 4494 corpus
798 4430 1057 4505 deinceps
1096 4438 1352 4499 duceret:
1395 4451 1691 4523 statimque
1925 4446 1968 4501 Ῑ)

318 4518 622 4583 ternantur,
651 4520 961 4592 turbantur,
990 4543 1430 4606 commoventur,
1461 4545 1646 4601 acrius
1676 4548 1742 4603 ad
1778 4556 1891 4611 uati
1993 4582 2155 4620 τοντα

318 4600 366 4620 3-
385 4601 431 4620 λ-
459 4619 462 4620 ν
520 4606 553 4620 .-

313 4694 540 4751 relictus
564 4697 759 4773 fuerat.
794 4702 1041 4778 Cumque
1070 4724 1195 4782 post
1216 4720 1445 4778 multum
1475 4726 1715 4788 laborem
1748 4752 1885 4805 pue-

306 4801 433 4840 rum
479 4803 587 4843 non
631 4808 984 4866 repererunt,
1019 4806 1114 4860 sed
1146 4808 1199 4862 in
1229 4816 1397 4870 maris
1427 4816 1598 4878 fundo
1630 4825 1884 4887 desertus

310 4877 483 4935 fuisse
524 4882 658 4953 ipsis
697 4887 846 4946 visus
873 4902 986 4959 est,
1014 4899 1093 4952 uti
1136 4917 1324 4961 revera
1356 4920 1510 4976 erat,
1558 4916 1781 4988 longum
1817 4939 1883 4981 ae

306 4969 564 5028 ﬂebiliter
589 4977 1049 5055 vociferabantur,
1084 4990 1253 5048 ﬁlium
1304 4969 1883 5084 appellantes:

308 5072 461 5119 ctora
498 5065 1725 5157 feriebant,atquedeplorabant—calamitamm
1755 5065 1878 5175 quae

305 5170 403 5212 eos
427 5160 789 5229 opprimebat.
826 5167 1075 5241 Tumque
1107 5177 1174 5231 ad
1221 5191 1470 5241 sanctum
1509 5204 1571 5244 ea
1600 5160 1873 5265 dicebant,

302 5263 426 5317 quae
455 5251 673 5310 animus
702 5258 888 5315 dolore
920 5262 1125 5321 fractus
1153 5278 1606 5349 pronuntiaverit,
1637 5297 1869 5346 mortem

302 5342 408 5397 sibi
438 5357 538 5412 pro
574 5349 738 5405 rebus
763 5356 1124 5419 praesentibus
1155 5372 1443 5430 optantes:
1480 5342 1653 5432 donec
1685 5342 1871 5448 prosi:

300 5449 517 5495 morum
550 5444 833 5513 nonnulli,
854 5446 1155 5508 incidentes

2092 481 2253 535 αὐτὸν
2286 484 2493 551 πάθους
2520 481 2861 567 ἀπαλλαγήν.

2144 570 2421 632 CLXXIV.
2451 579 2609 636 Ἀλλὰ
2621 584 2791 640 ταῦτα
2810 588 2908 659 μὲν
2920 590 2983 664 δὴ
2997 594 3221 649 τοιαῦτα
3239 598 3330 651 καὶ
3344 599 3516 665 οὕτως
3534 602 3691 673 ἔχον.

2085 679 2153 716 τα
2166 680 2179 693 ’
2198 665 2375 721 ἐκεῖνο
2388 669 2443 722 δὲ
2462 673 2555 726 καὶ
2570 674 2689 731 λίαν
2706 680 2885 753 πολλῷ
2903 686 3086 754 μεῖζον
3105 728 3119 753 ,
3138 690 3233 742 καὶ
3251 692 3432 765 ἱκαχὺν
3448 695 3517 749 τὰ

2082 754 2316 812 λαϐόντα
2346 763 2741 825 πιστώσασθαι.
2779 774 2992 849 Ἐπειδὴ
3021 779 3131 853 γὰρ
3149 822 3163 846 ,
3189 783 3265 849 ὡς
3290 754 3500 857 όλόγος
3527 754 3680 859 φθά-

2083 864 2181 913 σας
2227 851 2527 925 ἐδήλωσεν,
2581 865 2662 929 είς
2708 868 2943 940 πέλαγος
2978 876 3007 928 ὁ
3042 851 3257 951 μάρτυρ
3302 851 3484 952 ἐφίεντο
3505 924 3519 951 ,
3541 851 3555 859 '
3576 890 3680 941 καὶ

2078 1036 2445 1111 πορρωτέρω,
2490 1046 2739 1122 καθάπερ
2769 1054 2873 1108 ὑπὸ
2905 1036 3041 1112 πόδα
3075 1064 3328 1134 χωροῦσα
3348 1106 3364 1130 ,
3416 1072 3674 1143 μηνυτὴς

2073 1127 2168 1181 τοῦ
2190 1128 2442 1201 λειψάνου
2464 1141 2780 1211 παραδόξως
2798 1127 3200 1225 γινομένῃ-*καὶ
3226 1127 3384 1227 βυθὸν

2070 1220 2150 1291 τῷ
2178 1221 2485 1301 βουλομένῳ
2522 1237 2866 1306 παρέχουσα·
2898 1220 3249 1318 πολὺ-μέντοί
3278 1220 3667 1329 πλῆθοςῖτηνι-

2071 1311 2247 1367 καῦτα
2272 1317 2610 1388 Χριστιανῶν
2641 1327 2776 1398 πρὸς
2801 1331 2900 1403 τὴν
2930 1335 3025 1388 τοῦ
3055 1311 3309 1410 λειψάνου
3338 1311 3663 1416 θέαν-ἠπεί-

2068 1419 2244 1471 γοντο.
2270 1409 2424 1465 Μετὰ
2439 1413 2483 1445 ”
2511 1414 2566 1467 δὲ
2588 1418 2760 1474 ταῦτα
2782 1425 2923 1498 καὶὴ
2954 1409 3185 1503 μεγίστη
3207 1434 3367 1508 ἑορτὴ
3387 1439 3448 1491 τὸ
3469 1409 3663 1513 θαῦμα

2065 1494 2255 1565 ἧγετο·
2289 1501 2467 1556 ἐκεῖνο
2497 1504 2554 1558 δὲ
2587 1509 2787 1579 μᾶλλον
2819 1494 2990 1572 ἐποίει
3019 1494 3118 1593 τὴν
3146 1494 3367 1598 ἑορτὴν..
3392 1529 3453 1581 0‘5
3492 1494 3660 1600 τεθο-

2065 1585 2153 1650 νὸς
2176 1588 2341 1658 ἆπαξ,
2368 1590 2484 1649 εἶτα
2512 1599 2877 1674 παυσάμενον,
2904 1608 3039 1665 ἀλλὰ
3063 1585 3181 1667 καθ’
3201 1585 3434 1691 έκέστην
3464 1585 3657 1677 ἐνιαυ-

2060 1677 2154 1731 τοῦ
2186 1684 2435 1750 περίοδον
2468 1689 2669 1759 ὁμοίως
2700 1696 3023 1781 τελούμενον
3043 1744 3057 1769 ,
3100 1709 3194 1761 καὶ
3225 1710 3325 1775 τὰς
3360 1677 3581 1780 ἀισεϐεῖς
3606 1718 3656 1748 ⁷⁰

2055 1768 2233 1840 ψυχὰς
2292 1780 2597 1845 συγκαλοῦν
2644 1787 2725 1850 είς
2764 1791 3023 1849 ἐπίασιν.
3071 1798 3224 1855 Ἐπεὶ
3270 1804 3449 1856 τοίνυν
3501 1807 3654 1862 οὕτω

2053 1859 2246 1925 ταῦτα,
2276 1869 2368 1919 καὶ
2395 1871 2442 1921 οί
2472 1874 2613 1927 κατὰ
2637 1876 2899 1949 Χερσῶνα
2921 1885 3123 1951 πάντες
3151 1891 3465 1961 Χριστιανοὶ
3507 1897 3652 1967 πρὸς

2050 1951 2151 2022 τὴν
2201 1956 2295 2009 τοῦ
2336 1959 2613 2033 θαύματος
2657 1974 2965 2047 πανήγυριν
3008 1951 3245 2051 ἐτησίως
3284 1951 3645 2058 συνέτρεχον,

2051 2038 2455 2121 θαυματουργεῖ
2489 2072 2539 2109 τι
2574 2038 2847 2117 κάνταῦθα
2879 2038 3031 2134 θεὸς,
3090 2038 3200 2125 τῶν
3224 2038 3646 2145 ’προγεγονότων

2049 2136 2499 2215 παραδοξότερον.

3454 2254 3501 2275 κ

2114 2356 2368 2417 CLXXV.
2399 2366 2561 2442 Ἀνὴρ
2572 2374 2680 2446 γάρ
2693 2392 2777 2442 τις
2793 2377 3049 2456 θεοσεϐὴς
3065 2387 3179 2457 ἅμα
3195 2392 3414 2458 γυναικλ⁵
3431 2396 3528 2449 καὶ
3540 2396 3640 2469 ἄῤ-

2041 2446 2154 2515 ῥενι
2166 2449 2359 2523 τέκνῳ,
2379 2457 2472 2510 τοῦ
2489 2459 2766 2533 θαύματος
2781 2469 2881 2541 ἤδη
2898 2446 3242 2546 τελοῦμένού,
3262 2482 3398 2552 πρὸς
3412 2446 3637 2559 τδιλσῖξξ-

2036 2542 2257 2611 τυρικὸν
2299 2546 2477 2602 έκεῖνο
2505 2554 2599 2606 καὶ
2626 2558 2780 2612 αὐτοὶ
2811 2562 2970 2633 σῶμα
3000 2542 3140 2637 μετὰ
3168 2542 3261 2625 τοῦ
3301 2542 3635 2647 συρρέοντος

2035 2635 2273 2708 πλήθους
2294 2642 2554 2718 ἐχώρουν.
2580 2650 2653 2703 Te
2678 2652 2911 2724 πέλαγος
2934 2635 3026 2713 οὖν
3051 2662 3115 2717 ἐκ
3140 2666 3298 2731 ποδὸς
3318 2635 3629 2737 suam“;

2033 2728 2128 2780 καὶ
2152 2731 2241 2785 τὸν
2274 2735 2331 2787 ὲν
2364 2738 2521 2810 μυχῷ
2549 2742 2739 2799 τούτου
2769 2750 3166 2820 καταλαϐόντες
3193 2728 3339 2824 ναδν,
3377 2764 3478 2834 τῆς
3506 2728 3629 2834 χειζ

2033 2814 2127 2888 ρὸς
2150 2817 2437 2892 λαϐόμενοι
2463 2828 2557 2883 τοῦ
2588 2834 2777 2899 παιδὸς
2801 2838 2851 2889 οἱ
2878 2841 3113 2913 πατέρες
3132 2814 3162 2910 ,⁷
3189 2814 3626 2908 ἐπεὶ’τού.ν,αοῦ

2029 2906 2175 2961 ἔνδον
2202 2911 2468 2981 ἐγένοντο,
2497 2920 2590 2974 καὶ
2608 2922 2704 2995 τὴν
2723 2928 2884 2995 ἁγίαν
2899 2906 3113 3003 ἐκείνην
3133 2906 3502 3009 ⁷περιστάντες

2033 2999 2145 3070 ρὸν,
2170 3004 2241 3058 τά
2262 3023 2321 3059 τε
2348 3008 2484 3064 ἄλλα
2512 3012 2722 3071 ἐδέοντο
2747 3020 2840 3074 τοῦ
2867 3024 3046 3091 ἁγίου,
3070 2999 3167 3082 καὶ
3196 2999 3340 3104 ύπὲρ
3361 3036 3456 3087 τοῦ
3482 2999 3621 3091 παι-

2019 3459 2255 3531 πλήθους
2278 3466 2537 3540 ἐχώρουν.
2569 3476 2641 3528 Τὸ
2671 3459 2877 3534 παιδίον
2901 3483 2957 3535 δὲ
2981 3487 3111 3551 τοὺς
3135 3459 3391 3557 τεκόντας
3420 3459 3606 3564 λαθδν,

1896 3558 1912 3607 ἱ
2014 3554 2115 3609 οὐκ
2153 3553 2249 3611 οἷδ’
2288 3562 2468 3630 ὅπως,
2502 3569 2660 3637 μόνον
2706 3576 2855 3647 παρὰ
2901 3581 2967 3650 τῇ
3010 3583 3154 3655 σορῷ
3197 3589 3604 3659 κατελέλειπτο,

2502 3631 2514 3637 -
2788 3631 2800 3647 ,
2940 3631 2967 3650 ,,
3020 3631 3027 3632 κ
3050 3631 3149 3655 TT
3199 3631 3604 3659 .....-..-..........,

1837 3631 1913 3686 ἰδ’
2015 3646 2231 3713 πάντως
2256 3653 2354 3724 τῆς
2380 3656 2763 3733 ἀκαταλήπτου
2791 3670 3047 3740 προνοίας
3075 3675 3169 3728 τοῦ
3196 3677 3331 3733 Θεοῦ
3360 3682 3453 3736 καὶ
3478 3684 3605 3738 τοῦ-

2010 3750 2072 3788 το
2099 3750 2625 3822 οικονομησαμένης,
2656 3755 2741 3808 ἵνα
2769 3761 2980 3835 τιμήσῃ
3004 3763 3166 3819 πλέον
3188 3768 3277 3822 τὸν
3302 3772 3397 3824 καὶ
3420 3773 3600 3847 ψυχὴν

2009 3830 2104 3883 καὶ
2146 3832 2304 3906 σῶμα
2346 3838 2412 3891 δι’
2453 3844 2615 3897 αὑτὸν
2645 3846 2815 3917 ἡδέως
2858 3830 3216 3927 προθέμενον.
3261 3863 3369 3916 Καὶ
3408 3830 3470 3918 τιὸ

2008 3920 2172 3995 ὕδωρ,
2192 3928 2599 4005 ὲπαναστρέφον
2620 3939 2700 4002 είς
2715 3940 2782 3994 τὰ
2796 3920 2989 4011 οἰκεῖα,
3011 3920 3283 4007 ἐκάλυπτε
3300 3956 3389 4009 τὸν
3411 3920 3593 4027 βυθὸν,

2006 4016 2100 4069 καὶ
2125 4018 2358 4090 πέλαγος
2384 4025 2609 4095 ἐγίνετο.

2054 4107 2334 4168 CLXXVI.
2352 4118 2413 4172 Οἱ
2428 4120 2663 4192 πατέρες
2677 4123 2733 4177 δὲ
2752 4128 2947 4201 μικρὸν
2962 4133 3070 4187 ἀπὸ
3083 4134 3177 4189 τοῦ
3195 4136 3447 4208 λειψάνου
3464 4159 3593 4216 προ-

2000 4196 2267 4266 ελθόντες,
2290 4204 2365 4268 ὡς
2381 4207 2481 4280 ἤδη
2497 4210 2589 4267 τὸν
2606 4196 2770 4269 παῖδα
2787 4196 2915 4291 παρ’
2932 4222 3114 4288 αὐτοῖς
3139 4227 3238 4298 οὐχ
3261 4196 3447 4302 έίῦρων
3465 4272 3481 4297 ,

1999 4286 2223 4358 ἔρευναν
2246 4294 2410 4350 αὑτοῦ
2427 4301 2718 4371 τρέπονται
2737 4324 2751 4336 ·
2775 4312 2869 4365 καὶ
2883 4314 3058 4369 ὀπίσω
3075 4322 3424 4391 στραφέντες,
3443 4324 3585 4407 dig-4:;

1999 4378 2344 4407 -L__.§I-___c
2421 4394 2443 4407 υ
2563 4394 2595 4407 ρ.
2768 4401 2779 4407 -
2835 4402 2860 4407 _

1996 4378 2057 4433 τὸ
2068 4383 2277 4438 παιδίον
2292 4389 2493 4461 εὑρεῖν,
2510 4394 2744 4467 πέλαγος
2758 4401 2926 4473 ὁρῶσι
2938 4406 3101 4462 πάλιν
3116 4378 3213 4482 τῖὴν
3226 4378 3322 4466 επὶ
3336 4378 3401 4468 τδ
3407 4378 3463 4468 λε
3471 4378 3587 4487 ίιῐκαζ

1996 4487 2087 4526 νον
2114 4475 2243 4547 ἑξῆς
2272 4480 2541 4552 φέρουσαν
2560 4503 2573 4515 ·
2606 4491 2699 4543 καὶ
2728 4494 2929 4549 αὐτίκα
2960 4475 3339 4571 θορυϐοῦνται,
3377 4475 3584 4579 ταράτ-

2161 4586 2197 4633 ι,
2230 4572 2565 4645 κλονοῦνται,
2597 4581 2925 4659 θερμότερον
2952 4592 3165 4662 ὁρμῶσι
3193 4598 3331 4669 πρὸς
3355 4572 3465 4671 τὴν·
3483 4603 3579 4656 τοῦ

2096 4658 2183 4724 δὺς
2220 4662 2444 4736 ζήτησιν
2463 4686 2476 4698 ο
2518 4671 2578 4724 τὸ
2614 4672 2670 4726 δὲ
2699 4675 2806 4748 ἄρα
2835 4658 2903 4751 ἦν
2937 4658 2995 4733 ὲν
3022 4658 3100 4756 *τῇ
3344 4658 3577 4748 καιταλε-

1990 4747 2299 4822 λειμμένον.
2351 4758 2502 4814 Ἐπεὶ
2530 4763 2587 4816 δὲ
2616 4747 2786 4822 πολλὰ
2815 4747 3113 4843 καμόντες,
3149 4747 3451 4838 τὸιπαιδίον
3477 4789 3577 4860 οὐχ

1990 4835 2169 4913 εὖρον,
2213 4846 2327 4901 ἀλλ’
2361 4852 2419 4905 ἐν
2452 4853 2531 4925 τῷ
2574 4856 2720 4929 βυθῷ
2766 4835 3183 4937 καταλελεῖξςθαι
3233 4835 3415 4939 αὐτοῖς
3453 4835 3573 4932 ὲνοἲ

1991 4932 2178 5008 μίσθη,
2207 4937 2398 5014 ὥσπερ
2424 4944 2531 5018 ἄρα
2556 4952 2648 5004 καὶ
2670 4947 2757 5023 ἦν,
2795 4959 3003 5029 μακρόν
3031 4932 3090 5013 τε
3121 4966 3215 5017 καὶ
3240 4932 3432 5038 γοερδν
3457 4972 3575 5026 ἁνε-

1985 5025 2125 5082 ϐόων
2157 5032 2582 5110 ἀνακαλούμενοι
2612 5044 2703 5099 τὸν
2737 5025 2879 5116 υξδν,
2912 5025 3004 5107 καὶ
3030 5056 3098 5109 τὰ
3127 5025 3297 5132 στήθη
3339 5025 3565 5132 έπαιον,

1983 5119 2077 5173 καὶ
2102 5121 2202 5194 τὴν
2235 5132 2614 5201 κατασχοῦσαν
2656 5139 2854 5205 αὐτοὺς
2896 5119 3305 5220 ἀνωλοφύροντο
3350 5119 3566 5226 συμφο-ζ

1985 5212 2105 5282 ράν.
2137 5213 2271 5271 Εἷτα
2298 5223 2390 5274 καὶ
2415 5224 2549 5296 πρὸς
2571 5228 2663 5281 τὸν
2694 5230 2868 5300 ἅγιον,
2899 5230 2988 5289 οἷά
3018 5212 3125 5311 περ
3153 5212 3223 5295 διν
3250 5212 3564 5325 ὀδυνωμένη

1979 5303 2123 5376 ψυχὴ
2150 5307 2440 5378 φθέγξαιτο
2460 5316 2525 5381 ⁷¹,
2558 5317 2759 5388 ἔλεγον,
2797 5324 3025 5382 θάνατον
3058 5303 3273 5397 ἑαυτοῖς
3298 5303 3561 5396 ἀντὶιτῶν

1978 5395 2259 5465 παρόντων
2305 5402 2617 5475 εὐχόμενοι·
2670 5410 2775 5475 ἕως
2814 5415 2924 5468 τῶν
2967 5419 3194 5492 πλησίον
3223 5395 3368 5493 τινὲς
3399 5449 3559 5506 περι-

1190 5455 1243 5508 in
1266 5472 1360 5515 eos
1386 5461 1869 5532 lamentationibus

1600 5580 1678 5600 ιτ.
1697 5583 1765 5600 η.
1791 5586 1833 5600 -η
1878 5590 1898 5600 -
1920 5593 1954 5600 -

2060 5455 2070 5465 ,
2369 5455 2583 5475 κιρ-ην
2671 5455 2772 5475 ww.
2825 5455 2923 5468 ww
2974 5455 3059 5473 um
3082 5455 3193 5475 υιυν
3223 5455 3367 5493 uva;
3399 5455 3467 5485 πε
3512 5455 3555 5489 ι-

2018 5488 2234 5551 εαόιιεες
2249 5492 2293 5522 ⁷³
2315 5494 2517 5563 αὐτοῖς,
2545 5501 2922 5575 ἐκλελυμένοις
2941 5511 3045 5565 ὑπὸ
3062 5455 3175 5568 ἐτῶν
3197 5517 3409 5592 θρήνων
3430 5455 3555 5600 ﬁgi},

1600 5580 1834 5643 VARUE
1875 5590 2270 5657 LECTIIYNES.

243 5682 254 5700 ._
329 5718 354 5736 Α
375 5645 532 5736 1⁵2³1.
573 5647 799 5736 πολλοῦς
817 5653 913 5736 Ita-:1
941 5652 1067 5708 θέαν
1095 5658 1348 5736 ἐπήγετο.
1374 5669 1528 5736 μετὰ.

230 5710 235 5716 ’
290 5715 595 5785 ςθὲγξοιτο.
710 5720 754 5752 ⁷³
780 5710 851 5777 al.
886 5710 1280 5799 περιτυχόντες.

1609 5674 1652 5705 ⁷ο
1679 5678 1749 5732 al.
1793 5681 1954 5739 εύσεϐ

2018 5706 2053 5753 ;,
2086 5701 2143 5747 ut
2172 5692 2299 5767 legit
2333 5696 2618 5773 interpres.
2701 5710 2741 5741 "
2776 5711 2848 5768 al.
2893 5714 3306 5789 συνδραμόντος.
3397 5729 3443 5760 7'
3474 5744 3547 5787 al.
