3834 6220
122 293 235 349 601

846 300 1318 371 ιοιΕΜΕΝΤιΝΑ.
1349 302 1760 365 -ἿΞΡΙΤΟΜΕ
1798 310 1887 365 DE
1925 310 2171 367 GESTIS
2208 312 2263 367 S.
2303 313 2529 370 PETRI.

3282 322 3385 377 609

122 410 227 461 καὶ
258 408 429 463 πολλὰ
460 411 551 464 ἐπὶ
582 410 661 482 τῷ
690 412 850 467 πάθει
878 418 973 470 καὶ
994 418 1146 471 αὐτοὶ
1170 420 1461 490 ἐκχέαντες
1484 422 1692 493 δάκρυα

1816 424 1928 495 jam
1970 425 2285 493 confectos,
2328 416 2649 500 multasque
2691 439 2914 501 propter
2936 446 3141 508 .casum
3187 442 3242 489 et
3282 435 3384 504 ipsi

121 501 597 573 παρεμυθήσαντό
635 522 696 557 τε
738 507 965 574 αὑτοὺς,
1009 511 1103 563 καὶ
1134 512 1344 579 ὑφεῖναι
1371 508 1471 584 τῆς
1501 517 1717 586 μακρᾶς

118 589 315 661 λύπης
339 591 618 661 ἐποίησαν.
637 593 795 647 Ἀλλὰ
827 596 964 666 πρὸς
985 597 1084 668 τὴν
1108 597 1280 652 οἰκίαν
1306 599 1525 652 ἐκείνων
1555 603 1717 653 ἐπαν-

122 680 431 745 ελθόντων,
481 685 664 754 μεῖζον
697 686 792 738 καὶ
847 686 1008 741 πάλιν
1042 688 1102 741 τὸ
1135 689 1305 753 πάθος
1336 691 1577 758 ἐγίνετο,
1620 692 1715 744 καὶ

123 772 352 841 ἱμάτιον
374 772 537 843 όφθέν
561 774 655 827 τοῦ
682 776 889 841 παιδὸς,
919 778 1029 831 εἴτε
1051 780 1171 832 τινὰ
1197 779 1307 832 τῶν
1336 780 1528 850 ἐκείνῳ
1554 782 1714 852 συνή-

123 864 242 916 θων
266 866 349 927 εἰς
376 867 594 939 μνήμην
615 871 731 932 τοῖς
760 870 1030 941 πατράσιν
1061 870 1300 937 ἐλθόντα,
1331 873 1712 943 χαλεπωτέραν

118 956 317 1020 αὐτοῖς
345 958 520 1011 ἐποίει
544 958 644 1031 τὴν
672 964 975 1034 συμφοράν.

195 1134 511 1190 CLXXVII.
523 1137 627 1191 Τοῦ
644 1138 890 1192 ἐνιαυτοῦ
905 1140 962 1193 δὲ
978 1140 1077 1212 ἤδη
1095 1141 1487 1213 περιελθόντος,
1504 1144 1710 1217 καὶτῆς

118 1226 193 1281 λα
199 1230 390 1299 μπρᾶς
403 1228 594 1300 ἑορτῆς
604 1230 1053 1302 ἐκείνηςάγεσθαι
1064 1232 1225 1285 πάλιν
1240 1232 1553 1305 μελλούσης,
1566 1236 1711 1290 ἐκέν-

115 1335 207 1373 τει
239 1336 303 1373 τε
335 1321 530 1385 αὐτοὺς
557 1323 650 1375 ἐπὶ
684 1323 843 1376 πλέον
874 1324 935 1378 τὸ
976 1324 1177 1389 πάθος,
1229 1327 1321 1379 καὶ
1354 1328 1707 1401 σφοδρότερον

118 1410 294 1463 πάλιν
318 1411 412 1464 τοῦ
443 1412 628 1476 παιδὸς
654 1415 1048 1487 ἀνεμίμνησκε.
1079 1418 1187 1470 Καὶ
1208 1418 1343 1490 δῆτα
1378 1419 1515 1490 πρὸς
1541 1420 1706 1492 ἀλλή-

116 1500 286 1567 λους,
319 1505 545 1575 Ἴωμεν,
587 1507 753 1575 φασὶ,
793 1508 928 1579 πρὸς
955 1509 1048 1561 τὸν
1086 1509 1288 1579 τάφον·
1328 1510 1525 1582 ἴδωμεν
1562 1514 1616 1566 εί
1651 1531 1705 1566 τι

114 1592 219 1645 τοῦ
257 1594 442 1658 παιδὸς
482 1597 856 1651 ὑπολέλειπται
900 1598 1168 1670 λείψανον,
1203 1601 1257 1655 εί
1288 1620 1403 1666 πως
1444 1602 1545 1656 κᾶν
1574 1605 1705 1658 αὐτὸ

116 1685 488 1755 κομιούμεθα.
533 1688 717 1741 Ταῦτα
761 1690 855 1743 καὶ
896 1691 996 1744 ὅσα
1039 1692 1132 1745 τοῦ
1174 1693 1379 1757 πάθους
1412 1694 1546 1766 πρὸς
1571 1696 1702 1748 ἐαυ-

1821 519 2088 587 lacrymas
2125 518 2547 587 profundentes,
2575 525 2840 579 consolati
2867 533 2995 579 sunt
3019 541 3148 588 eos.
3188 525 3384 581 ctl‘ece-

1816 618 2052 679 runtque
2082 620 2139 664 ut
2161 611 2226 665 de
2251 628 2448 682 magno
2481 614 2851 686 diuturnoque
2882 633 3115 671 maerore
3144 618 3385 673 remitte-

1816 710 1959 756 rent.
2012 701 2210 757 Verum
2262 716 2549 775 postquam
2605 708 2683 762 illi
2734 709 2959 763 domum
3018 719 3381 778 revenerunt,

1816 792 2013 846 iterum
2049 804 2103 848 et
2130 795 2307 865 major
2333 798 2598 866 aegritudo
2626 807 2745 853 orta
2773 810 2895 867 est;
2925 810 3087 871 atque
3118 802 3234 856 visa
3270 803 3379 857 uati

1814 885 2017 942 vestis.
2063 886 2176 939 sive
2223 887 2469 955 qumdam
2516 905 2637 957 quae
2678 890 2752 943 illi
2803 890 3091 945 familiaria
3136 902 3291 945 erant
3327 893 3378 945 iu

1812 984 2098 1043 parentum
2126 980 2443 1032 memoriam
2472 983 2826 1046 recurrentia,
2855 983 3220 1037 molestiorem
3248 984 3379 1053 ipsis

1810 1065 2106 1119 reddebant
2128 1068 2419 1134 jacturam.

1879 1155 2183 1213 CLXXVII.
2231 1158 2500 1214 Caeterum
2556 1176 2700 1215 anno
2748 1162 2859 1231 jam
2915 1162 3195 1227 confecto,
3251 1179 3376 1217 cum

1810 1243 2152 1312 splendidum
2188 1247 2318 1301 illud
2358 1248 2553 1302 festum
2606 1250 2801 1304 iterum
2847 1252 3158 1321 agitandum
3194 1264 3374 1318 esset,

1809 1333 1960 1403 ipsos
2002 1337 2175 1391 multo
2215 1340 2389 1409 magis
2430 1342 2703 1410 pungebat
2731 1352 2783 1395 et
2808 1343 3157 1397 excruciabat
3183 1343 3373 1410 dolor,

1808 1428 2293 1499 vehementiusque
2350 1446 2569 1485 rursum
2626 1432 2780 1501 pueri
2841 1435 3158 1487 memoriam
3216 1449 3375 1489 revo-

1808 1519 1985 1573 cabat.
2008 1517 2193 1588 Itaque
2222 1520 2363 1575 inter
2394 1538 2452 1577 se
2483 1523 2637 1577 aiuut
2662 1542 2673 1577 :
2715 1523 2916 1579 Eamus
2938 1525 3003 1579 ad
3028 1527 3372 1594 sepulcrum:

1805 1608 2089 1664 videamus
2128 1626 2257 1664 num
2292 1612 2489 1680 aliqua;
2542 1613 2636 1667 lilii
2687 1615 2929 1684 reliquias
2982 1616 3288 1684 supersint,
3327 1617 3372 1670 si

1807 1715 1917 1770 quo
1941 1710 2100 1771 pacto
2128 1712 2183 1757 et
2216 1704 2335 1759 illas
2371 1716 2729 1775 asportemus.
2787 1706 2912 1762 Haec
2945 1718 2998 1762 ct
3038 1724 3375 1777 quaecunque

113 1774 251 1836 τοὺς
280 1776 803 1849 κοινολογησάμενοι,
832 1783 1185 1854 προέρχονται
1212 1784 1313 1854 τῆς
1366 1762 1545 1848 οἰκίας
1573 1801 1692 1838 πεν-

1803 1798 2058 1852 ῐηωειίιίο
2092 1800 2415 1869 suggerebat
2451 1801 2592 1855 inter
2618 1818 2677 1857 se
2706 1803 2993 1869 collocuti,
3040 1804 3204 1857 domo
3244 1818 3373 1871 pro-

116 1866 297 1931 θικῶς
338 1871 759 1943 ἐσκευασμένοι,
804 1874 900 1927 καὶ⁵
941 1874 1040 1938 τὰς
1081 1875 1302 1947 ὁράσεις
1330 1876 1435 1930 ὑπὸ
1467 1877 1578 1930 τῶν
1604 1878 1700 1931 δα-

115 1961 311 2031 κρύων
358 1964 743 2036 ἐκτετηκὸτες,
794 1968 890 2020 καὶ
936 1967 1090 2049 παρὰ
1136 1969 1228 2021 τὸν
1282 1970 1527 2037 αἰγιαλὸν
1576 1971 1703 2039 ὰφι-

113 2054 395 2109 κνοῦνται.
429 2058 538 2111 Καὶ
567 2059 840 2130 ὑποχωρεῖ
867 2060 965 2130 μὲν
990 2060 1191 2125 εὑθέως
1219 2064 1251 2133 ἡ
1293 2061 1534 2117 θάλασσα
1552 2105 1566 2129 ,
1599 2065 1701 2135 τῆς

113 2143 461 2215 προθεσμίας
511 2146 939 2217 καταλαϐούσης.
1003 2147 1376 2202 ’Δκολουθοῦσι
1433 2149 1491 2201 δὲ
1548 2150 1701 2203 αὑτοὶ

113 2237 349 2308 πρῶτοι,
379 2238 473 2290 καὶ
517 2238 654 2308 μετὰ
692 2239 859 2303 πόδας
904 2240 1081 2311 ἕτεροι
1125 2240 1306 2305 πάλιν,
1349 2243 1415 2311 τῇ
1453 2240 1699 2315 θαλάσσῃ

111 2325 373 2398 καθάπερ
404 2327 581 2398 ὁδηγῷ
618 2328 908 2400 χρώμενοι.
943 2331 1054 2383 Καὶ
1083 2330 1174 2383 τὸν
1205 2332 1524 2401 αὐτομάτως
1556 2334 1699 2385 οίκο-

108 2418 418 2489 δομηθέντα
457 2421 584 2473 ναὸν
622 2423 866 2486 ἐκεῖνον,
916 2422 1113 2493 μᾶλλον
1161 2423 1218 2476 δὲ
1266 2424 1370 2477 ὑπὸ
1412 2425 1510 2495 τῆς
1558 2424 1694 2494 σῆς,

108 2510 384 2573 Δέσποτα,
416 2511 607 2581 σοφίας
629 2511 1097 2584 δημιουργηθέντα
1120 2512 1533 2575 καταλαϐόντες,
1560 2514 1698 2585 ὁρῶ-

110 2617 169 2652 σι
229 2599 294 2652 τὸ
352 2601 584 2665 παιδίον,
630 2601 675 2655 ὣ
704 2602 798 2655 τοῦ
837 2603 1141 2675 θαύματοςῑ
1186 2604 1292 2669 ζῶν
1334 2606 1427 2657 καὶ
1471 2604 1732 2676 ἁλλόμεο⁸

109 2708 206 2743 νον
238 2689 351 2761 (26)
396 2691 548 2763 παρὰ
572 2692 650 2763 τῷ
674 2693 936 2764 ναῷ.,Καὶ
956 2695 1169 2766 πρῶτον
1190 2695 1236 2727 ⁷⁵
1255 2695 1353 2767 μὲν
1382 2694 1696 2765 ἀμφιϐόλως

109 2778 261 2851 εἶχον
295 2782 429 2852 πρὸς
459 2781 530 2835 τά
560 2782 844 2854 ὁρώμενα,
888 2783 1223 2856 λογιζόμενοι
1260 2786 1334 2857 μὴ
1360 2787 1460 2857 οὑχ
1498 2789 1526 2840 ό
1564 2789 1696 2851 παῖς

108 2872 142 2950 ᾖ
174 2877 235 2929 τὸ
261 2877 603 2949 φαινόμενον.
648 2879 799 2932 Ἐπεὶ
836 2878 892 2931 δὲ
932 2880 1029 2933 καὶ
1065 2884 1178 2945 τοῖς
1212 2882 1558 2954 γνωρίσμασι
1601 2884 1694 2937 καὶ

108 2972 227 3031 τοῖς
257 2971 497 3041 σχήμασι
538 2972 799 3025 πάντοθεν
830 2973 911 3035 είς
941 2972 1120 3025 πίστιν
1140 2974 1338 3037 αὐτοὺς
1375 2974 1437 3027 τὸ
1480 2974 1690 3028 παιδίον

109 3062 273 3131 ἐνῆγε
295 3101 309 3125 ,
347 3064 441 3115 καὶ
467 3062 654 3116 τοῦτον
679 3064 883 3117 ἐκεῖνον
910 3059 1047 3118 εἶναι
1072 3064 1162 3117 τὸν
1189 3066 1303 3118 υἱὸν
1331 3066 1657 3120 ἐπίστευσαν
1673 3106 1687 3131 ,

110 3150 497 3221 περιχυθέντες
524 3153 725 3216 εὑθέως
752 3153 921 3224 αὐτῷ,
954 3155 1044 3207 καί¹
1073 3154 1383 3226 ὀφθαλμοὺς
1414 3157 1507 3209 καὶ
1534 3157 1684 3229 χείλη

109 3242 472 3313 προσφύντες,
507 3244 719 3297 ἔκλαιόν
749 3263 808 3300 τε
838 3246 996 3318 μέχρι
1027 3247 1219 3300 πολλοῦ
1240 3287 1254 3310 ,
1284 3247 1351 3301 τά
1383 3248 1586 3317 γλυκέα
1621 3250 1686 3323 δὴ

106 3336 284 3388 ταῦτα
312 3336 400 3404 ὑφ’
429 3337 619 3407 ἡδονῆς
644 3338 961 3409 προχέοντες
980 3340 1025 3370 ⁷⁸
1052 3340 1261 3411 δάκρυα
1286 3380 1300 3403 ,
1345 3342 1438 3394 καὶ
1471 3340 1687 3412 θερμῶς

109 3428 273 3481 αὑτὸν
303 3428 495 3500 ὥσπερ
521 3434 699 3501 γυμνῇ
731 3434 796 3501 τῇ
823 3431 967 3502 ψυχῇ
1003 3433 1344 3501 κατεφίλουν.

181 3518 316 3573 CLX
328 3519 507 3574 XVIII.
528 3523 758 3575 Ἔπειτα
778 3524 971 3595 μικρὸν
986 3526 1212 3587 ἑαυτοὺς
1228 3524 1605 3589 ἀναλαϐόντες,
1624 3526 1687 3595 ἠ-

113 3611 302 3683 ρώτων
321 3611 561 3681 ἀκριϐῶς
576 3613 780 3667 ἕκαστα
799 3614 860 3667 τὸ
881 3616 1107 3681 παιδίον,
1126 3617 1272 3680 ὅπως
1290 3616 1432 3670 οὓτω
1448 3617 1686 3688 παραδό-

109 3707 218 3772 ξως
228 3705 303 3757 διε
311 3704 673 3777 σώθη⁷⁶,τίνος
685 3706 1061 3776 φυλάττοντος,
1074 3709 1217 3772 τίνος
1225 3708 1531 3780 τρέφοντος,
1544 3709 1688 3775 τίνος

109 3795 437 3858 θάλποντος,
480 3796 622 3860 τίνος
660 3795 1067 3864 ζωογονοῦντος.
1104 3797 1176 3849 Τὸ
1212 3798 1297 3869 δὴ,
1326 3800 1392 3868 τῇ
1434 3798 1531 3868 μὲν
1560 3798 1688 3869 λαιᾷ

106 3885 256 3957 χειρὶ
281 3886 380 3957 τὴν
408 3887 563 3957 σορὸν
588 3888 836 3957 κατέχον,
879 3887 1083 3959 θατέρᾳ
1108 3887 1164 3941 δὲ
1193 3888 1285 3941 τὸν
1311 3890 1368 3942 ἐν
1395 3890 1533 3960 αὑτῇ
1571 3888 1685 3943 κεί-

112 3996 275 4050 μενον
300 3978 667 4042 ὑποδεικνύον,
698 3975 865 4042 Οὗτός
894 3995 983 4049 μοι
1012 3979 1106 4031 καὶ
1130 3979 1230 4049 τῆς
1253 3979 1399 4051 ζωῆς
1426 3980 1684 4052 πάροχος,

107 4073 265 4139 ἔλεγε
285 4110 300 4135 ,
327 4072 421 4124 καὶ
446 4071 677 4142 τροφεὺς
696 4109 711 4133 ,
739 4070 832 4123 καὶ
857 4069 1063 4139 φύλαξ,
1091 4072 1219 4141 παρ’
1244 4070 1422 4141 ἑαυτῷ
1450 4074 1687 4143 γνησίως

106 4166 198 4219 ἀεί
222 4180 289 4234 με
314 4162 497 4233 τηρῶν
528 4163 621 4216 καὶ
646 4161 824 4224 καλῶς
859 4162 1257 4233 τιθηνούμενος.
1302 4162 1551 4233 Θαύματι
1590 4160 1684 4218 οὖν

105 4257 161 4309 οἱ
204 4253 452 4315 τεκόντες
492 4254 787 4324 ἀπορρήτῳ
836 4253 932 4305 σὺν
979 4251 1137 4323 ἡδονῇ
1184 4250 1513 4321 ληφθέντες,
1560 4255 1687 4318 τοὺς

107 4345 409 4420 προτέρους
456 4344 684 4417 θρήνους
729 4344 823 4397 καὶ
867 4342 936 4396 τά
986 4343 1284 4415 σκυθρωπά
1338 4345 1433 4397 τοῦ
1481 4347 1687 4411 πάθους

106 4441 292 4492 ἐκεῖνα
320 4438 559 4509 ῥήματα,
584 4436 663 4499 είς
688 4434 1016 4506 φαιδρότητα
1040 4435 1133 4489 καὶ
1157 4436 1501 4507 εὐχαριστίαν
1526 4438 1685 4508 μετέ-
1714 4471 1758 4525 D

105 4532 290 4593 ϐαλον,
308 4528 680 4599 Θαυμαστὸς,
715 4529 984 4597 λέγοντες,
1014 4531 1047 4581 ό
1074 4528 1217 4594 Θεὸς
1247 4528 1316 4581 ἐν
1340 4528 1463 4595 τοῖς
1492 4531 1683 4598 ἁγίοις

103 4622 312 4687 αὐτοῦ,
338 4622 432 4674 καὶ
445 4622 545 4674 ὅσα
562 4619 687 4691 ἑξῆς
702 4619 1099 4690 προστιθέντες.
1132 4620 1551 4691 Ἐπανέρχονται
1574 4622 1683 4675 τοί-

104 4734 201 4769 νυν
247 4715 504 4785 μακάριοι
540 4713 636 4765 καὶ
677 4712 908 4782 ζηλωτοὶ
954 4711 1089 4783 πρὸς
1130 4710 1228 4782 τὴν
1266 4713 1474 4765 οίκίαν·
1520 4712 1577 4765 δν
1606 4713 1682 4777 ὡς

104 4806 299 4878 νεκρὸν
326 4804 604 4869 ἐπένθουν,
630 4806 725 4857 καὶ
750 4803 921 4871 τάφον
958 4803 1106 4873 αὑτῷ
1130 4802 1412 4855 θαλαττίου
1440 4805 1681 4875 γαστέρα

1801 1889 2005 1953 dcunt,
2044 1891 2258 1962 lugubri
2305 1903 2536 1955 ornatu,
2575 1894 2855 1965 oculisque
2906 1896 3270 1964 lacrymarum
3316 1894 3371 1948 vi

1801 1981 2173 2050 liquentibus;
2214 1992 2377 2053 atque
2408 1984 2473 2038 ad
2505 1986 2656 2039 littus
2686 1990 3022 2055 perveniunt.
3058 1987 3123 2041 Et
3152 1988 3369 2057 quidem

1800 2073 1985 2127 statim
2014 2073 2220 2130 recedit
2249 2091 2421 2141 mare,
2451 2078 2787 2145 praestitutus
2814 2078 2930 2132 dies
2962 2093 3085 2132 cum
3119 2078 3357 2132 advenis-

1800 2172 1901 2219 set.
1943 2163 2260 2235 Sequuntur
2290 2176 2469 2221 autem
2507 2168 2583 2221 illi
2629 2169 2829 2237 primi,
2870 2177 3031 2238 atque
3069 2184 3099 2222 e
3142 2168 3370 2238 vestigio

1798 2258 1888 2311 alii
1917 2257 2121 2323 denuo,
2151 2259 2290 2312 mari
2322 2267 2579 2329 tanquam
2615 2260 2825 2314 itineris
2856 2260 2994 2314 duce
3026 2269 3261 2314 utentes.
3291 2260 3371 2315 Ac

1797 2351 2058 2419 templum
2086 2351 2218 2405 illud
2245 2367 2342 2405 sua
2366 2362 2559 2421 sponte
2586 2353 2910 2407 aediﬁcatum
2935 2391 2951 2416 ,
2996 2353 3107 2406 imo
3158 2368 3188 2406 a
3240 2361 3329 2405 tua
3350 2393 3365 2418 ,

1797 2439 2060 2508 Domine,
2103 2442 2366 2512 sapientia
2398 2444 2676 2497 conditum
2724 2443 3086 2511 attingentes,
3133 2449 3369 2495 cernunt

1795 2546 2023 2600 puerum
2052 2572 2066 2596 ,
2098 2548 2133 2587 ο
2160 2534 2518 2588 miraculum!
2547 2535 2729 2587 vivum
2757 2542 2810 2588 et
2838 2535 3117 2589 salientem
3148 2532 3200 2585 in
3229 2542 3368 2586 tem-

1794 2624 1903 2692 plo.
1941 2622 2007 2677 Et
2037 2624 2215 2693 primo
2244 2626 2461 2694 quidem
2488 2626 2555 2679 de
2585 2626 2652 2679 iis
2687 2640 2810 2695 qua:
2847 2625 3211 2678 cernebantur
3249 2638 3367 2677 am-

1793 2711 2071 2781 bigebant,
2104 2723 2420 2783 reputantes
2449 2730 2576 2769 num
2605 2716 2748 2769 illius
2774 2724 2917 2770 esset
2948 2716 2997 2768 id
3022 2716 3167 2784 quod
3199 2730 3371 2783 appa-

1792 2810 1957 2856 reret.
2015 2801 2312 2873 Postquam
2363 2821 2493 2859 vero
2549 2806 2766 2860 indiciis
2822 2815 2875 2860 et
2931 2806 3174 2875 gestibus
3231 2818 3369 2875 puer

1793 2894 2021 2949 omnino
2048 2895 2130 2950 eis
2158 2896 2316 2950 fidem
2356 2896 2500 2963 fecit,
2528 2898 2784 2968 ltuncque
2813 2898 2992 2967 ipsum
3033 2913 3153 2952 esse
3191 2897 3362 2950 lilium

1790 2984 2175 3052 crediderunt,
2205 2984 2495 3039 confestim
2530 2986 2765 3055 amplexi
2796 3001 2919 3039 eum
2942 3027 2957 3051 ,
2996 2993 3049 3039 et
3093 2984 3269 3038 oculis
3300 2998 3364 3038 ac

1792 3075 1961 3130 labris
1997 3076 2337 3131 adhaerentes
2362 3118 2376 3143 ,
2405 3076 2672 3131 fleverunt
2716 3072 2807 3132 diu
2834 3119 2848 3142 ,
2884 3077 2968 3132 his
3002 3077 3253 3131 dulcibus
3284 3077 3364 3130 la-

1790 3166 1994 3235 crymis
2040 3181 2152 3235 pra:
2204 3166 2404 3235 gaudio
2449 3166 2676 3232 ell‘usis,
2727 3182 2964 3237 eumque
3013 3168 3365 3223 vehementer

1789 3259 1946 3329 quasi
1974 3261 2122 3316 nudo
2153 3260 2339 3315 animo
2362 3260 2663 3316 deosculati
2690 3270 2837 3316 sunt.

1860 3525 2189 3585 CLXXVIII.
2225 3524 2428 3580 Deinde
2466 3540 2587 3579 cum
2622 3525 2846 3594 paulum
2880 3523 3231 3594 collegissent
3263 3538 3357 3590 se,

1787 3619 2001 3687 singula
2040 3619 2326 3687 diligenter
2356 3624 2617 3686 rogarunt
2646 3630 2873 3685 puerum
2894 3658 2909 3681 ,
2942 3630 3050 3684 quo
3077 3614 3242 3669 modo
3282 3614 3358 3667 ita

1788 3710 2110 3764 mirabiliter
2138 3715 2388 3763 servatus
2423 3705 2650 3771 fuisset,
2694 3720 2805 3774 quo
2835 3704 3173 3759 custodiente
3194 3745 3209 3769 ,
3247 3717 3358 3772 quo

1788 3800 2099 3862 nutriente,
2146 3812 2256 3867 quo
2300 3795 2551 3862 fovente,
2590 3810 2700 3864 quo
2738 3794 2904 3848 vitam
2944 3803 3251 3863 praestante.
3289 3792 3359 3847 At

1788 3891 1879 3946 ille
1902 3891 2033 3944 laeva
2063 3889 2283 3958 quidem
2316 3902 2478 3940 manu
2508 3886 2744 3940 loculum
2780 3893 2993 3950 tenens,
3022 3884 3190 3939 altera
3226 3899 3357 3939 vero

1789 3983 1847 4035 in
1872 3997 1938 4036 eo
1963 3981 2235 4050 jacentem
2265 3979 2581 4032 ostendens:
2610 3977 2707 4032 Hic
2735 3977 2889 4043 mihi,
2924 3977 3120 4045 inquit,
3152 3984 3206 4030 et
3234 3976 3358 4030 vitae

1787 4073 2033 4144 largitor,
2061 4082 2114 4126 et
2144 4070 2325 4133 alitor,
2356 4077 2408 4125 et
2431 4077 2617 4124 custos
2650 4067 2788 4132 fuit,
2825 4067 2965 4137 apud
2998 4082 3055 4121 se
3084 4081 3210 4121 vere
3232 4082 3357 4135 per-

1787 4174 1951 4236 petuo
1979 4180 2064 4218 me
2099 4178 2435 4219 conservans
2463 4178 2527 4217 ac
2554 4162 2814 4232 praeclare
2852 4159 3151 4215 enutricus.
3192 4157 3359 4212 M-ira-

1788 4259 1914 4313 culo
1973 4257 2137 4327 igitur
2189 4255 2539 4311 inenarrabili
2589 4263 2843 4324 parentes
2899 4268 3023 4307 cum
3079 4251 3357 4318 voluptate

1788 4353 1964 4421 capti,
1990 4352 2227 4405 lamenta
2264 4350 2465 4419 priora,
2498 4355 2553 4402 et
2584 4347 2756 4401 tristia
2795 4346 2886 4399 illa
2916 4344 3123 4399 doloris
3151 4343 3314 4397 verba
3336 4382 3353 4409 ,

1789 4443 1842 4497 in
1873 4443 2205 4497 hilaritatem
2238 4449 2291 4495 et
2320 4441 2617 4511 gratiarum
2660 4439 2929 4492 actionem
2970 4443 3353 4497 mutaverunt,

1787 4536 2063 4592 dicentes:
2110 4533 2376 4587 Mirabilis
2408 4532 2547 4585 Deus
2580 4532 2634 4584 in
2663 4531 2861 4584 sanctis
2899 4530 3010 4583 suis
3032 4529 3109 4591 ’7;
3144 4537 3197 4580 et
3224 4542 3355 4580 con-

1789 4626 2070 4695 sequentia
2127 4624 2407 4677 addentes.
2463 4620 2650 4690 Itaque
2701 4620 2844 4674 beati
2891 4632 2956 4672 ac
3007 4617 3355 4672 aemulatione

1786 4716 1933 4786 digni
1960 4716 2185 4768 redeunt
2217 4713 2440 4767 domum
2467 4730 2480 4766 :
2510 4726 2669 4780 quem
2695 4720 2753 4764 ut
2776 4718 3049 4764 mortuum
3075 4708 3351 4777 lugebant,

1785 4814 1839 4859 ct
1865 4804 1953 4858 cui
1985 4804 2296 4873 sepulcrum
2325 4818 2447 4856 esse
2474 4810 2715 4855 ventrem
2749 4800 2939 4854 bellua).
2968 4798 3192 4852 marinae
3212 4811 3353 4867 prte-

1410 4940 1646 4995 VARUE
1686 4941 2083 4996 LECTIONES.

212 5035 260 5068 ’⁸
280 5036 353 5090 al.
393 5035 605 5108 πρῶτα.
699 5034 743 5065 ⁷⁵
789 5034 860 5087 al.
925 5032 1229 5102 ἐκχέοντες.
1304 5033 1351 5065 ’⁸
1386 5033 1461 5086 al.
1527 5033 1858 5105 περιεσώθη.
1934 5036 1979 5067 ⁷⁷
2011 5034 2157 5088 Psal.
2196 5034 2475 5098 van,56.

1436 5174 1799 5232 VARIORUM
1846 5176 2073 5232 ΝΟΤΑΞ.

177 5264 290 5331 (26)
340 5265 739 5336 ᾖΑλλόμενον.
776 5265 851 5319 Ex
884 5266 1185 5334 Ephrzcmo.
1220 5267 1286 5321 At
1314 5267 1674 5336 Niccpliorus,

104 5334 565 5407 παρακαθήμενον
608 5336 857 5407 λάρνακι.
907 5338 962 5407 In
1010 5354 1112 5391 ms.
1154 5338 1331 5403 2421,
1376 5334 1535 5407 ἐν’τῇ
1576 5340 1671 5391 τοῦ

111 5372 563 5406 ...ιρηαωμωνν
609 5372 857 5407 “ww...
907 5372 962 5391 ...
1010 5372 1112 5391 μισ.
1158 5372 1285 5391 κη..
1317 5380 1331 5403 ,
1376 5372 1431 5391 ιν
1481 5372 1535 5407 ιη
1586 5372 1667 5391 ωυ

102 5372 610 5477 άγίουᾼκαθήμενον
644 5407 891 5477 λάρνακι.
931 5405 1259 5477 Gregorius,
1302 5408 1667 5462 dormientem.

106 5474 313 5545 Aspicit
343 5474 514 5542 [ilium
545 5476 596 5528 in
630 5494 689 5529 eo
716 5474 834 5529 loco
854 5518 869 5540 ,
898 5477 987 5530 ubi
1015 5474 1132 5529 eum
1163 5478 1506 5532 dormientem
1539 5479 1659 5530 reli-

1782 5274 1961 5337 visset,
1993 5274 2281 5325 excitatum
2311 5270 2574 5334 velociter,
2609 5270 2962 5338 spectantibus
2994 5272 3221 5340 populis,
3260 5272 3344 5324 in-

1780 5345 2035 5396 columem
2083 5343 2267 5396 levavit
2300 5343 2353 5393 in
2384 5340 2523 5393 ulnis
2546 5380 2560 5403 ,
2602 5343 2931 5410 interrogans
2962 5343 3100 5394 inter
3128 5340 3338 5402 oscula,

1778 5415 1866 5466 ubi
1902 5430 1994 5481 per
2023 5416 2147 5465 anni
2181 5414 2367 5481 fuisset
2395 5411 2590 5479 spatia.
2630 5410 2847 5463 Nescire
2876 5427 2929 5463 se
2960 5413 3056 5476 ait,
3086 5412 3133 5463 si
3170 5427 3339 5462 annus

1775 5485 1976 5552 integer
2010 5482 2393 5552 prwteriisset:
2443 5490 2645 5552 tantum
2677 5481 2941 5552 dormisse
2971 5482 3119 5533 suavi
3157 5495 3338 5548 sopore

104 5554 314 5617 qttural,
339 5546 391 5597 in
416 5547 529 5620 ipso
555 5546 726 5599 adhuc
749 5563 930 5614 sopore
956 5549 1142 5620 teneri.
1170 5547 1469 5620 zEstimans
1492 5558 1667 5620 autem
1772 5556 1823 5606 in
1855 5546 2019 5609 unius
2043 5555 2210 5608 noctis
2241 5552 2412 5620 spatio
2456 5550 2776 5605 a'rtimabat.
2830 5550 2921 5605 Sic
2959 5560 3111 5606 vetus
3147 5567 3172 5605 ς
3197 5546 3334 5604 κίεις

105 5614 225 5671 eum
258 5631 366 5686 esse
395 5614 719 5683 defunctum,
749 5619 966 5670 accessit
1008 5618 1265 5678 cominus,
1296 5619 1449 5686 quasi
1478 5617 1667 5669 collec-

108 5700 231 5742 mra
258 5685 481 5739 cadaver
502 5688 776 5742 exanime:
804 5688 892 5741 sed
923 5703 1039 5742 cum
1068 5703 1186 5741 eum
1217 5685 1446 5741 dormire
1474 5704 1664 5758 cogno-

1769 5626 1907 5679 (lor.
