3834 6220
0 5868 3 5879 y
14 5812 25 5857 l

1527 305 1926 361 LITURGICA.

3223 313 3323 363 506

638 477 1222 569 LITUBGIA
1308 482 1403 570 S.
1489 482 2165 573 CLEMENTIS
2248 482 2757 575 ROMANI.

428 673 669 729 Primum
706 676 895 731 Oratio
926 687 1046 730 ante
1076 678 1292 733 Pacem.

138 765 287 821 Deus
313 767 404 836 qui
429 783 486 821 es
517 783 667 821 mare
701 767 972 821 ineffabile
999 769 1303 835 eharilatis,
1329 778 1382 824 et
1409 771 1644 842 abyssus

62 857 567 926 imperscrutahilis
596 858 769 927 pacis,
803 857 926 912 fons
975 859 1270 925 bonorum,
1317 870 1370 915 et
1417 862 1644 931 largitor

60 949 396 1013 dilectionis,
426 950 519 1019 qui
542 950 712 1004 mittis
737 965 923 1019 pacem
951 950 1018 1004 ad
1048 952 1170 1007 illos
1200 954 1294 1023 qui
1318 969 1440 1007 eam
1463 955 1644 1007 susci-

60 1040 420 1109 piuntzaperi
453 1040 612 1095 nobis
640 1041 744 1095 hoc
768 1049 1010 1109 tempore
1040 1058 1189 1097 mare
1218 1044 1506 1098 charitatis
1538 1052 1645 1099 tua:

58 1142 114 1186 et
144 1131 314 1202 irriga
340 1148 440 1187 nos
461 1131 681 1187 ﬂuentis
710 1133 1021 1201 ditissimis,
1059 1151 1125 1189 ex
1158 1136 1405 1190 ubertate
1456 1137 1644 1205 gratiae

60 1236 191 1290 tuae,
249 1234 304 1278 et
353 1239 417 1277 ex
464 1222 710 1279 fontibus
747 1227 1092 1281 suavissimis
1123 1227 1477 1296 benignitatis
1514 1237 1638 1284 tuae.

59 1313 170 1369 Fac
215 1329 319 1369 nos
349 1315 490 1370 ﬁlios
522 1317 937 1386 tranquillitatis
977 1328 1031 1373 et
1062 1321 1305 1375 haeredes
1347 1323 1517 1390 pacis,
1552 1338 1643 1377 ac-

60 1404 232 1459 cende
261 1406 316 1458 in
376 1406 534 1460 nobis
563 1406 741 1476 ignem
792 1408 1081 1463 charitatis
1128 1419 1254 1476 tute,
1291 1420 1345 1464 et
1372 1410 1639 1466 fervorem

56 1496 268 1550 amoris
298 1496 399 1551 tui.
425 1497 554 1551 Sere
586 1500 637 1551 in
659 1500 815 1554 nobis
839 1501 1088 1555 timorem
1115 1503 1640 1568 tuum,etconﬁrma

58 1584 438 1640 infirmitatem
481 1598 724 1641 nostram
762 1590 989 1643 veritate
1021 1597 1134 1643 tua.
1166 1590 1498 1663 Constringe
1538 1607 1641 1647 nos

55 1684 263 1742 tecum,
311 1686 366 1732 et
409 1679 694 1733 nobiscum
740 1680 997 1745 invicem,
1044 1697 1174 1749 una,
1223 1684 1492 1754 ﬁrmaque
1541 1700 1640 1740 nec

53 1771 371 1827 dissolubili
406 1772 723 1827 concordia.
752 1771 958 1828 Praesta
985 1775 1153 1829 etiam
1198 1783 1259 1830 ut
1281 1777 1438 1831 vacui
1486 1777 1636 1843 dolo,

53 1874 105 1919 et
134 1866 261 1933 puri
285 1864 355 1919 ab
378 1866 528 1919 omni
559 1865 750 1932 livore,
777 1867 1081 1921 salutemus
1109 1867 1340 1923 invicem
1368 1870 1422 1922 in
1450 1872 1639 1926 osculo

52 1966 105 2009 et
119 1957 376 2026 amplexu
395 1958 544 2027 pacis
565 1966 620 2011 et
639 1958 922 2013 charitatis
942 1973 1050 2012 non
1074 1958 1230 2025 ﬁctte,
1245 1969 1305 2015 ut
1329 1977 1454 2016 cum
1473 1964 1638 2018 corde

51 2061 190 2116 puro
221 2054 275 2100 et
308 2049 491 2101 anima
513 2048 742 2115 munda,
771 2048 859 2103 hic
880 2050 1098 2119 quidem
1126 2052 1488 2107 arrhabonem
1514 2054 1637 2109 vita:

50 2138 320 2194 membris
352 2140 559 2194 nostris
596 2140 950 2208 misceamus,
991 2151 1045 2195 et
1075 2142 1187 2197 illic
1217 2144 1271 2197 in
1301 2143 1490 2199 futuro
1535 2162 1629 2201 saa-

50 2230 175 2284 culo
202 2231 420 2285 invitati
458 2232 630 2287 simus
656 2232 722 2286 ad
755 2230 956 2287 festum
988 2234 1118 2287 illud
1168 2245 1493 2304 perpetuum
1533 2239 1634 2292 de-

48 2320 307 2390 liciisque
335 2319 873 2374 abundantissimum
904 2337 915 2371 :
964 2329 1021 2374 et
1049 2322 1453 2391 triumphaliter
1487 2325 1634 2379 celea-

48 2410 276 2465 bremus
305 2421 377 2477 te,
411 2424 443 2463 0
471 2411 647 2477 beate,
685 2412 740 2465 in
774 2426 942 2479 regno
965 2418 1081 2477 tuo,
1112 2413 1259 2480 quod
1284 2413 1338 2465 in
1367 2424 1633 2469 teternum

50 2514 358 2571 permanet.
389 2512 443 2557 et
469 2502 809 2573 unigenitum
842 2501 1042 2556 Filium
1082 2512 1259 2566 tuum,
1282 2516 1336 2560 et
1368 2504 1631 2575 Spiritum

50 2601 205 2648 tuum
249 2604 527 2649 sanctum.

118 2684 385 2754 Populus.
416 2685 612 2740 Amen.

119 2775 406 2831 Sacerdos.
432 2776 563 2831 Pax.

120 2867 383 2937 Populus.
418 2869 483 2924 Et
510 2886 633 2925 cum
660 2872 852 2941 spiritu
884 2882 998 2930 tuo.

118 2961 413 3016 Diaconus.
448 2960 547 3018 Det
578 2967 960 3037 unusquisque
992 2982 1203 3036 pacem.

121 3052 380 3123 Populus.
414 3053 636 3111 Omnes.

118 3143 416 3200 Diaconus.
450 3145 601 3212 Post,
633 3157 738 3202 etc.

119 3233 382 3305 Populus.
413 3236 612 3292 Coram
628 3248 680 3293 te
704 3239 952 3297 Domine.

1683 682 1728 737 Α
1759 693 1888 732 num
1936 689 2273 733 nostrarum.
2307 678 2476 733 Indue
2510 672 2621 732 nos
2660 677 2797 731 stola
2848 692 2989 729 nova
3033 686 3319 734 Intertexta

1747 779 1947 825 ornatu
1981 788 2193 826 morum
2230 773 2582 825 honestorum
2612 788 2625 823 :
2652 779 2704 823 et
2737 785 2831 837 per
2868 767 3130 837 Spiritum
3166 778 3317 825 tuum

1747 872 1995 917 sanetum
2028 865 2393 932 perﬁcientem
2424 863 2629 927 omnia,
2657 863 2748 931 qui
2783 861 2834 914 in
2861 861 3119 915 omnibus
3168 878 3321 915 men-

1745 956 1894 1010 tibus
1922 957 2071 1025 puris
2108 957 2343 1021 habitat,
2378 968 2427 1010 et
2469 957 2521 1009 in
2562 955 2851 1008 animabus
2889 955 3107 1008 mundis
3134 955 3317 1008 sedem

1746 1048 1934 1113 habet,
1966 1048 2248 1103 sanctiﬁca
2292 1064 2394 1101 nos
2426 1062 2521 1116 per
2569 1047 2823 1116 gratiam,
2856 1046 3315 1106 misericordiam,

1744 1148 1798 1194 et
1830 1155 2070 1193 amorem
2122 1155 2249 1209 erga
2292 1140 2543 1193 homines
2582 1138 2845 1207 unigeniti
2892 1137 3014 1191 Filii
3060 1138 3137 1192 tui
3172 1155 3185 1191 :
3223 1154 3319 1207 per

1743 1244 1905 1300 quem
1933 1241 1983 1283 et
2006 1245 2129 1284 cum
2155 1245 2264 1298 quo
2288 1238 2336 1283 te
2356 1229 2720 1299 decetgloria,
2749 1237 2855 1283 etc.

1814 1320 2070 1389 Populus.
2110 1320 2303 1375 Amen.

1815 1411 2107 1465 Diaconus.
2137 1412 2356 1467 Stemus
2385 1412 2658 1466 decenter.

1817 1505 2069 1573 Populus.
2102 1504 2507 1560 Misericordiae.

1815 1594 2099 1651 Sacerdos.
2126 1595 2401 1650 Charitas.

1812 1686 2072 1757 Populus.
2104 1685 2319 1741 Etcum
2347 1685 2539 1755 spiritu
2575 1695 2689 1739 tuo.

1813 1778 2090 1834 Sacerdos.
2124 1778 2355 1833 Sursum
2380 1779 2565 1833 corda.

1812 1868 2069 1937 Populus.
2102 1868 2381 1923 Habemus
2414 1869 2481 1922 ad
2512 1867 2825 1922 Dominum.

1813 1960 2093 2013 Sacerdos.
2119 1956 2333 2013 Gratias
2361 1973 2588 2028 agamus
2620 1956 2870 2011 Domino.

1666 2015 1715 2074 Β
1809 2045 2070 2116 Populus.
2099 2047 2331 2117 Dignum
2358 2015 2646 2117 ctjustum
2679 2060 2783 2102 est.

1812 2138 2091 2194 Sacerdos.
2134 2139 2211 2195 Te
2260 2141 2407 2195 enim
2449 2140 2606 2194 decet
2636 2141 2809 2211 gloria
2849 2148 2903 2195 et
2944 2140 3039 2195 tibi
3089 2141 3319 2195 debetur

1737 2231 1981 2287 laudatio
2011 2248 2024 2284 :
2057 2240 2109 2287 te
2137 2233 2293 2287 decet
2322 2233 2558 2303 hymnus
2588 2243 2641 2288 et
2672 2233 2933 2287 exaltatio
2968 2249 3316 2303 quocumque

1737 2330 2002 2392 tempore,
2049 2322 2287 2389 Patrem,
2339 2323 2561 2388 Filium,
2612 2334 2666 2379 et
2720 2324 2984 2394 Spiritum
3038 2334 3314 2390 sanctum,

1735 2412 1907 2467 Deum
1930 2429 2143 2479 verum,
2169 2414 2335 2469 unius
2358 2424 2568 2469 natura:
2591 2416 2840 2480 excelsae,
2872 2416 3035 2468 unius
3060 2416 3316 2469 substan-

1751 2508 1858 2575 tiae,
1892 2508 1986 2577 qui
2014 2507 2068 2561 in
2111 2504 2368 2560 x'ersonis
2408 2503 2584 2558 tribus
2610 2500 2857 2557 adoraris
2886 2510 2940 2557 et
2984 2502 3223 2561 laudaris
3253 2507 3323 2562 ab

1748 2600 2025 2663 omnibus,
2051 2613 2173 2666 quae
2200 2611 2296 2667 per
2326 2595 2643 2665 sapientiam
2678 2593 2873 2651 creasti
2900 2602 2953 2647 et
2981 2594 3266 2651 ordinasti.

1805 2686 2063 2740 Sacerdos
2080 2687 2286 2741 elevans
2313 2704 2506 2742 vocem.
2542 2687 2926 2742 Benedicimus
2965 2696 3015 2741 te
3050 2686 3314 2741 factorem

1735 2780 2060 2834 saeculorum
2081 2789 2134 2834 et
2160 2792 2463 2835 creatorem
2490 2789 2835 2846 naturarum,
2858 2780 3173 2849 largitorem
3193 2779 3316 2832 vita:

1733 2879 1788 2923 et
1818 2869 2110 2924 Dominum
2132 2880 2513 2926 creaturarum
2547 2872 2841 2925 visibilium
2862 2880 2914 2925 et
2939 2870 3313 2925 invisibilium.

1731 2962 1867 3018 Caeli
1899 2965 2184 3029 caelorum,
2224 2975 2277 3019 et
2311 2981 2653 3035 quaecunque
2705 2965 2761 3020 in
2811 2966 2921 3020 illis
2975 2974 3125 3032 sunt,
3184 2981 3312 3020 cum

1733 3055 1948 3109 naturis
1986 3055 2161 3125 igneis
2193 3065 2247 3110 et
2280 3058 2661 3125 spiritualibus
2700 3067 2751 3112 te
2783 3059 3112 3129 glorilicant.
3145 3056 3238 3111 Sol
3260 3066 3316 3113 et

1733 3144 1862 3198 luna
1892 3146 2154 3200 cursibus
2185 3149 2303 3201 suis
2342 3156 2392 3202 te
2418 3159 2752 3203 venerantur
2784 3167 2796 3202 :
2824 3150 2994 3204 stellae
3023 3150 3315 3219 splendore

1733 3251 1838 3290 suo
1869 3247 1919 3292 te
1948 3240 2250 3307 praedicant
2282 3258 2294 3292 :
2334 3240 2581 3294 tonitrua
2614 3242 2765 3295 sonis
2796 3241 2912 3295 suis
2958 3249 3187 3304 terrent,
3240 3242 3309 3295 ad

117 3324 379 3380 Sacerdos
427 3327 634 3382 elevans
678 3346 872 3385 uocem.
925 3332 1071 3387 Deus
1103 3330 1417 3396 invisibilis,
1451 3338 1503 3384 et
1544 3331 1627 3382 in-
1654 3353 1700 3415 ε
1736 3328 2051 3382 mandatum
2100 3339 2254 3383 tuum
2285 3349 2297 3384 :
2326 3341 2509 3386 motus
2558 3332 2612 3384 in
2663 3347 2788 3386 aere
2842 3332 3097 3385 virtutem
3155 3341 3307 3385 tuam

48 3420 584 3487 comprehensibilis,
621 3423 911 3479 ineﬂabilis
934 3434 987 3477 et
1014 3426 1245 3489 inﬁnite,
1280 3424 1374 3492 qui
1403 3424 1455 3476 in
1487 3422 1627 3476 San-

48 3510 153 3565 ctis
178 3520 501 3566 sanctorum
529 3515 764 3569 excelsis
792 3516 1036 3581 habitas,
1067 3516 1122 3568 in
1175 3525 1385 3569 secreto
1415 3514 1628 3567 habita-

46 3602 195 3669 culo,
243 3604 390 3673 quod
429 3606 683 3661 manibus
716 3606 920 3661 factum
952 3623 1059 3661 non
1091 3615 1193 3672 est,
1233 3622 1398 3676 supra
1453 3606 1625 3660 etelos

45 3694 341 3761 caelorum,
366 3705 420 3751 et
452 3713 617 3768 supra
642 3699 908 3768 quidquid
936 3700 1190 3769 superius
1221 3699 1330 3753 illis
1379 3707 1496 3766 est;
1531 3699 1626 3769 qui

44 3786 289 3843 destruis
316 3803 535 3843 omnem
585 3791 929 3845 altitudinem
984 3792 1303 3860 passionum
1359 3791 1628 3847 extollen-

45 3886 155 3931 tem
180 3894 243 3933 se
285 3879 549 3936 adversus
581 3882 868 3936 scientiam
901 3892 1073 3947 tuam,
1107 3893 1161 3938 et
1191 3884 1437 3953 captivas
1506 3898 1628 3939 0m-

43 3985 171 4023 nem
205 3970 593 4041 cogitationem
627 3975 695 4028 ad
728 3974 965 4029 formam
998 3976 1328 4030 humilitatis
1368 3985 1423 4030 et
1469 3976 1627 4030 adni-

44 4062 332 4117 hilationis
386 4075 511 4121 tute.
564 4064 645 4119 Tu
700 4067 1044 4132 beatissime,
1087 4076 1140 4122 et
1168 4068 1321 4121 dives
1353 4068 1624 4121 donorum

45 4155 391 4221 sublimium,
422 4158 608 4226 aspice
645 4174 747 4213 nos
777 4174 807 4213 e
853 4160 1008 4214 coelis
1057 4160 1164 4214 tuis
1204 4160 1537 4213 sublimibus
1572 4167 1627 4213 et

43 4245 370 4316 splendidis,
401 4258 455 4303 et
476 4264 542 4302 ex
578 4248 916 4304 habitatione
946 4252 1098 4319 regni
1132 4252 1210 4305 tui
1248 4250 1456 4305 aeterni.
1476 4250 1627 4305 Mitte

42 4341 209 4396 nobis
237 4342 380 4395 dona
413 4343 603 4413 gratia:
630 4352 735 4399 tua:
762 4345 982 4412 divinae,
1010 4346 1467 4401 inhabitationem
1497 4345 1625 4415 Spi--

41 4435 184 4489 ritus
219 4434 297 4489 tui
324 4436 540 4490 sancti:
585 4437 714 4506 quia
746 4446 802 4491 tu
847 4438 1000 4492 dives
1040 4438 1543 4493 misericordiarum
1573 4452 1627 4493 et

44 4527 375 4598 magniﬁcus
405 4528 459 4581 in
489 4529 669 4594 donis,
695 4539 748 4583 et
777 4530 1129 4599 amplissima:
1150 4531 1470 4596 clementiae,
1496 4531 1623 4584 tibi-

43 4634 153 4687 que
188 4618 421 4687 gloriam
476 4628 530 4673 et
573 4620 872 4689 gratiarum
923 4621 1194 4675 actionem
1229 4620 1538 4685 olferimus,
1571 4627 1625 4674 et

40 4708 329 4777 unigenito
353 4706 494 4763 Filio
531 4717 647 4774 tuo,
686 4718 789 4764 etc.

110 4798 376 4868 Populus.
405 4799 599 4854 Amen.

113 4890 399 4947 Sacerdos.
424 4891 656 4946 Domine
688 4891 832 4948 Deus
858 4901 1074 4962 potens,
1099 4895 1193 4964 qui
1217 4896 1368 4951 vides
1391 4898 1627 4952 abscon-

38 4982 180 5043 dita,
213 4992 269 5035 et
319 4981 505 5059 futura
536 4984 700 5036 etiam
734 4992 1014 5052 penetras,
1060 4983 1185 5040 fons
1230 4986 1357 5039 vita:
1391 4998 1445 5041 et
1470 4989 1623 5059 origo

40 5076 204 5130 beata
234 5056 657 5130 beatitudiniset
682 5076 971 5141 bonitatis;
1004 5077 1229 5146 largitor
1264 5079 1539 5147 puritatis,
1564 5056 1623 5134 et

39 5184 70 5221 a
116 5181 232 5237 quo
279 5167 544 5222 sanctitas
576 5167 742 5221 habet
772 5168 1071 5237 originem;
1112 5169 1407 5224 thesaurus
1436 5185 1619 5224 rerum

52 5261 451 5331 pretiosarum,
480 5269 533 5314 et
559 5258 685 5314 fons
715 5261 1359 5330 sapientiampaterlucis
1382 5272 1618 5330 πίει-ηερ,

38 5358 286 5417 quaeest
335 5358 462 5402 ante
517 5352 703 5403 omnia
763 5350 963 5404 saecula
1016 5351 1069 5403 in
1126 5360 1175 5406 te
1230 5354 1617 5421 essentialiter,

38 5440 273 5511 aequalis
311 5440 553 5509 potentia
577 5449 632 5495 et
655 5441 847 5508 gloria.
887 5440 963 5496 Te
991 5442 1353 5511 deprecamur
1383 5445 1617 5498 sanctis-

38 5533 186 5589 sime
234 5531 507 5600 Domine,
557 5533 837 5589 sanctilica
888 5543 1100 5589 mentes
1154 5543 1209 5589 et
1260 5535 1619 5605 cogitationes

42 5623 294 5679 omnium
325 5635 597 5691 nostrum,
637 5626 840 5680 mumla
879 5626 1094 5681 animas
1128 5637 1183 5682 ct
1224 5642 1456 5697 corpora
1502 5643 1622 5680 om-

44 5719 201 5773 nium
236 5727 510 5787 nostrum,
562 5717 772 5775 refrena
820 5718 1282 5774 inordinationcm
1334 5716 1620 5789 cogitatio-

1732 3419 2043 3488 signiﬁcant
2072 3438 2084 3473 :
2119 3436 2276 3489 aqum
2322 3422 2375 3474 in
2408 3422 2648 3477 nubibus
2694 3432 2832 3476 nutu
2865 3432 2957 3476 tuo
2983 3432 3256 3493 coguntur
3291 3438 3304 3473 :

1729 3521 1874 3566 terra
1902 3520 1955 3567 et
1984 3528 2325 3584 quaecunque
2379 3530 2543 3583 super
2569 3530 2687 3567 eam
2721 3524 2868 3581 sunt,
2904 3531 2934 3569 a
2971 3524 3023 3569 te
3054 3516 3306 3584 pendent,

1729 3611 1892 3673 atque
1924 3620 1953 3657 a
1988 3614 2037 3658 te
2069 3614 2450 3659 sustentantur
2490 3624 2503 3658 :
2543 3614 2754 3659 natura:
2790 3607 3107 3671 rationales,
3141 3617 3194 3660 et
3221 3623 3310 3661 ra-

1729 3699 1877 3752 tione
1908 3706 2179 3762 carentes,
2212 3697 2319 3750 illa:
2344 3712 2466 3766 qua:
2494 3697 2871 3767 intelligentia,
2929 3708 2983 3752 et
3022 3714 3143 3769 quae
3185 3698 3307 3754 solo

1729 3803 1895 3842 sensu
1923 3786 2162 3855 praedita:
2189 3794 2338 3851 sunt,
2364 3800 2458 3853 per
2480 3793 2531 3839 te
2554 3785 2763 3853 vivunt,
2788 3794 2843 3840 et
2873 3788 3127 3856 potestati
3153 3788 3306 3858 regni

1729 3878 1808 3933 tui
1838 3878 2122 3932 obediunt.
2173 3876 2373 3943 Habes,
2402 3876 2655 3943 Domine,
2688 3879 2744 3931 in
2778 3879 2917 3934 coalo
2960 3880 3054 3933 illo
3085 3880 3306 3934 excelso

1728 3971 1877 4040 quod
1898 3980 1980 4026 est
2003 3971 2303 4025 scabellum
2334 3971 2438 4025 sub
2468 3969 2702 4040 pedibus
2726 3970 2857 4037 tuis,
2890 3971 3172 4026 ministros
3218 3971 3306 4025 in-

1728 4067 2121 4132 numerabiles,
2154 4075 2206 4120 et
2233 4065 2507 4119 inﬁnitum
2544 4079 2835 4117 numerum
2862 4064 3201 4118 laudantium
3230 4074 3302 4132 te,

1727 4158 1820 4228 qui
1854 4157 1907 4210 in
1939 4157 2256 4226 regionibus
2287 4158 2532 4212 materiae
2558 4156 2895 4225 expertibus,
2950 4155 3097 4208 laudi
3131 4153 3306 4223 maje-

1728 4250 1884 4303 statis
1920 4257 2048 4314 tuae,
2080 4258 2134 4303 et
2164 4248 2473 4304 ministerio
2507 4258 2600 4303 tuo
2627 4248 2723 4303 toti
2754 4247 2958 4301 addicti
3000 4255 3148 4312 sunt,
3180 4261 3305 4316 per-

1728 4356 1895 4396 sonas
1921 4343 2149 4408 scilicet,
2177 4357 2300 4411 quae
2327 4356 2393 4396 ex
2424 4343 2548 4413 igne
2577 4350 2631 4397 et
2673 4340 2868 4410 spiritu
2898 4349 3094 4394 creatae
3125 4347 3253 4393 sunt
3286 4358 3301 4395 :

1728 4448 1850 4502 quae
1889 4433 2120 4488 canticis
2135 4433 2381 4487 omnium
2412 4430 2639 4487 musicae
2656 4446 2937 4502 generum,
2966 4430 3154 4484 laudes
3180 4438 3304 4483 tuas

1726 4541 1853 4578 cum
1880 4525 2121 4579 clamore
2150 4525 2453 4591 celebrant,
2486 4524 2695 4577 milleni
2744 4532 2799 4577 et
2841 4522 3024 4576 decies
3063 4520 3300 4587 milleni,

1727 4618 1821 4685 qui
1874 4617 1943 4671 ab
1988 4626 2193 4672 aeterno
2246 4617 2460 4673 fructus
2506 4615 2840 4671 laudationis
2884 4616 2984 4669 tibi
3026 4614 3299 4679 deferunt,

1654 4701 1699 4755 D
1729 4708 1946 4777 agmina
1982 4718 2035 4763 et
2067 4710 2292 4764 ordines
2316 4709 2684 4778 spiritualium
2720 4707 2775 4760 in
2806 4722 2939 4761 suos
2969 4707 3189 4761 ordines
3220 4705 3304 4759 di-

1729 4801 2115 4867 stributorum,
2149 4802 2243 4870 qui
2273 4802 2506 4871 hymnos
2552 4800 2828 4869 jucundos
2876 4799 2972 4853 tibi
3023 4798 3297 4852 oﬁ‘erunt:

1728 4902 1903 4949 cretus
1952 4894 2295 4963 angelorum,
2327 4892 2662 4962 ordinesque
2689 4890 3171 4961 archangelorum,
3206 4891 3300 4959 qui

1726 4985 1822 5037 tibi
1849 4984 1943 5038 uni
1972 4983 2083 5038 Deo
2128 4984 2345 5036 laudem
2376 4998 2571 5036 novam
2617 4990 2671 5036 et
2714 4982 3115 5036 indesinentem
3158 4978 3300 5033 refe-

1725 5083 1853 5128 runt
1880 5092 1893 5127 :
1927 5072 2131 5126 Throni
2167 5085 2222 5125 et
2247 5071 2665 5125 Dominationes
2695 5072 2748 5123 in
2771 5070 3087 5124 ﬁrmissima
3104 5077 3159 5123 et
3188 5084 3297 5122 non

1724 5164 2081 5235 perturbabili
2107 5162 2399 5217 securitate
2416 5162 2724 5226 constituti,
2751 5161 2845 5229 qui
2864 5161 3077 5215 cantica
3103 5160 3301 5213 trium-

1724 5258 1905 5327 phalia
1935 5256 2234 5311 concinunt
2256 5255 2377 5321 tibi,
2393 5270 2740 5323 summopere
2763 5253 3025 5307 timendo.
3049 5252 3264 5305 Archan
3285 5279 3299 5287 -

1724 5349 1826 5419 geli
1853 5358 1908 5402 et
1934 5349 2185 5411 virtutes,
2222 5346 2675 5415 Potestatumque
2704 5343 3108 5413 principes,qui
3126 5343 3294 5412 gloria

1724 5441 2071 5495 Thronorum
2102 5446 2460 5504 exornantur,
2491 5437 2791 5505 laudesque
2819 5445 2875 5490 et
2902 5434 3145 5491 encomia
3176 5433 3299 5502 dig-

1728 5532 1957 5586 nissima
1987 5540 2147 5600 prout
2169 5531 2324 5584 decet
2353 5530 2599 5600 dirigunt
2619 5528 2685 5581 ad
2711 5528 2929 5581 inﬁmos
2950 5527 3151 5597 gradus
3174 5524 3296 5579 solii

1731 5624 1830 5677 tui.
1862 5621 2209 5689 Principatus
2226 5620 2539 5689 spirituales
2554 5618 2649 5688 qui
2673 5634 2859 5673 coram
2878 5627 2928 5672 te
2951 5632 3075 5671 cum
3102 5615 3294 5668 timore

1729 5716 2063 5781 consistunt,
2118 5713 2488 5769 indesinenter
2529 5710 2877 5767 sanctilicaut
2930 5709 3137 5764 tonitru
3168 5721 3296 5762 sau-
