3834 6220
521 314 622 371 6υ7

1336 316 1394 373 S.
1435 318 1821 375 CLEMENTIS
1859 317 1880 371 Ι
1920 319 2083 373 BUM.
2121 317 2316 374 PONT.
2361 319 2586 374 OPEBA
2625 320 2851 378 DUBIA.

3675 318 3777 370 603

524 434 731 489 ctitatis
760 445 888 492 tum.
922 438 1130 495 Currus
1175 442 1367 512 igneus
1396 444 1715 498 animalium
1751 444 2093 514 quadruplici
2124 449 2170 504 Α
2270 444 2527 513 Populus.
2554 446 2747 499 Amen.

526 523 664 579 facie
694 528 1102 597 distinctorum,
1137 534 1697 605 situilitudiuibusquc
1733 537 1967 591 diversis
1996 538 2095 591 d0—

524 630 721 671 norum
760 621 946 690 gloriae
985 624 1348 692 diversorum,
1384 627 1640 683 decorem
1680 629 1829 697 regni
1879 630 1955 682 tui
1985 630 2095 683 cla-

525 719 678 764 mant
709 726 723 761 :
759 713 973 780 agmina
1006 713 1300 771 Cherubim
1331 718 1703 773 multisoculis
1720 720 2091 788 praeditorum,

526 799 579 853 in
621 801 890 856 circulum
922 821 1082 861 voces
1110 807 1507 863 benedictionis
1546 811 1599 864 in
1635 811 1911 880 regionem
1943 821 2092 864 tuam

525 890 898 947 absconditam
932 898 1205 951 extollunt
1237 914 1249 949 :
1280 897 1566 968 Seraphim
1625 899 1809 954 multis
1860 899 1961 953 alis
2005 899 2094 951 in-

525 984 737 1049 structi,
768 986 859 1054 qui
892 986 1057 1042 facies
1091 1004 1219 1043 suas
1250 990 1439 1043 iisdem
1469 991 1570 1044 alis
1600 992 1716 1045 suis
1744 1001 2031 1061 protegunt
2062 1006 2091 1044 a

524 1076 812 1144 Splendore
859 1089 971 1145 tuo,
1022 1090 1075 1135 et
1116 1082 1275 1151 pedes
1307 1098 1438 1137 suos
1474 1084 1667 1151 pennis
1696 1098 1918 1153 quoque
1972 1084 2088 1139 suis

524 1176 729 1239 tegunt,
761 1180 822 1225 ut
860 1189 966 1225 non
1003 1173 1304 1228 adurantur
1340 1175 1410 1228 ab
1431 1175 1627 1228 ardore
1657 1174 1798 1243 ignis
1823 1175 1901 1228 tui
1934 1175 2090 1228 inac-

523 1262 818 1328 cessibilis,
864 1273 915 1317 ct
957 1263 1203 1319 volantes
1253 1265 1617 1335 undequaque
1662 1264 1909 1331 laudant,
1944 1274 1998 1319 et
2023 1266 2090 1319 ad

523 1351 844 1406 alterutrum
896 1354 999 1408 alis
1044 1355 1365 1424 plaudentes
1422 1355 1793 1422 benedicunt,
1847 1367 1902 1411 et
1956 1358 2094 1411 alter

522 1442 674 1496 alteri
705 1444 1027 1499 conformati
1052 1446 1356 1516 gloriﬁcant
1378 1466 1389 1501 :
1412 1457 1465 1501 et
1485 1464 1628 1502 unus
1655 1448 1724 1503 ab
1748 1449 1919 1503 altero
1945 1450 2097 1519 hym-

521 1546 651 1585 num
697 1534 1080 1603 suscipientes,
1127 1537 1317 1591 oribus
1364 1538 1557 1608 igneis,
1590 1538 1900 1609 linguisque
1945 1538 2093 1594 ﬂam-

522 1624 681 1689 meis,
722 1639 830 1678 una
879 1642 1008 1679 voce
1042 1627 1326 1696 triplicata:
1363 1628 1815 1685 sanctificationis
1847 1631 2090 1696 laudant,

522 1714 779 1781 clamant,
804 1716 1193 1783 vociferantur,
1220 1730 1273 1773 et
1296 1720 1510 1775 dicunt.

594 1804 849 1875 Populus.
892 1807 1144 1874 Sanctus,
1176 1820 1421 1874 sanctus,
1459 1824 1704 1869 sanctus.

592 1892 847 1949 Sacerdos
872 1898 1174 1952 inclinatus.
1210 1900 1444 1957 Sanctus
1484 1919 1543 1959 es
1568 1903 1712 1958 Deus
1742 1902 1923 1969 Pater,
1962 1918 2094 1958 san-

523 1994 642 2041 ctus
673 2002 732 2041 es
769 1986 913 2043 Deus
944 1989 1068 2055 Fili,
1106 2002 1332 2046 sanctus
1362 2008 1422 2048 es
1456 1993 1695 2064 Spiritus
1728 2005 1935 2058 sancte,
1973 1993 2093 2047 Tri-

522 2077 665 2130 nitas
703 2087 893 2132 sancta
923 2090 976 2132 et
1010 2080 1265 2143 indivisa,
1306 2099 1447 2137 unus
1488 2084 1631 2140 Deus
1664 2086 1817 2140 solus
1867 2094 1921 2139 et
1967 2101 2094 2138 san-

521 2179 642 2224 ctus
672 2187 753 2234 es,
787 2171 839 2224 in
866 2182 1060 2226 natura
1092 2190 1105 2226 :
1141 2174 1235 2242 qui
1262 2174 1313 2227 in
1348 2174 1802 2231 Personistribus
1821 2178 2091 2243 adoraris,

520 2274 572 2317 et
602 2264 655 2317 in
691 2266 895 2320 unitate
923 2268 1245 2323 substantiae
1284 2270 1625 2339 glorificaris.
1664 2269 1719 2323 In
1756 2271 2095 2340 quibuscun-

520 2371 625 2425 que
654 2356 790 2411 iocis
820 2367 872 2411 et
895 2359 1084 2412 mundi
1136 2361 1405 2430 partibus,
1441 2378 1551 2415 non
1585 2361 1861 2417 sufﬁciunt
1895 2363 1960 2414 ad
1995 2378 2091 2415 ex-

521 2450 812 2503 tollendam
846 2451 1096 2504 virtutem
1148 2453 1449 2521 majestatis
1501 2462 1626 2507 tute.
1664 2452 1768 2519 Qui
1810 2453 2091 2522 plasmasti

521 2541 795 2595 hominem
832 2542 898 2597 ad
932 2544 1223 2614 imaginem
1275 2545 1581 2614 tuajestatis
1626 2556 1755 2611 tuae,
1794 2547 2094 2600 rationem~

519 2646 626 2699 que
662 2630 765 2699 ipsi
781 2631 1045 2696 indidisti,
1069 2634 1558 2704 praescripsistique
1580 2643 1839 2703 tanquam
1861 2635 2091 2687 limitem

519 2737 549 2774 a
583 2719 812 2776 Domino
836 2724 1217 2785 constitutum.
1253 2742 1318 2779 ne
1358 2734 1687 2794 praeceptum
1724 2736 1876 2778 tuum
1912 2735 2093 2777 trans-

522 2813 839 2879 grederetur
867 2833 879 2869 :
915 2818 1151 2886 quicum
1184 2827 1441 2883 errasset,
1467 2818 1999 2887 contempsissetquc
2018 2818 2093 2870 le-

520 2917 639 2970 gem
666 2909 836 2967 tuam,
854 2905 1178 2959 sententiam
1203 2908 1395 2961 mortis
1416 2908 1664 2973 incurrit,
1681 2918 1733 2961 et
1755 2911 1805 2961 in
1837 2908 2091 2961 exsilium

519 2992 849 3049 infirmitatis
883 2995 1143 3064 depulsus
1170 3007 1272 3051 est.
1312 2996 1393 3051 Tu
1420 3014 1548 3053 vero
1584 3010 1797 3053 creator
1821 2999 1962 3069 ejus,
1991 3000 2090 3053 bo-

518 3100 624 3139 nus
651 3097 703 3139 et
732 3087 1065 3152 misericors,
1097 3105 1203 3143 non
1235 3091 1481 3159 abjecisti
1521 3108 1708 3145 curam
1740 3092 1880 3160 ejus,
1923 3107 2088 3160 quam
2120 3129 2163 3189 c

521 3176 779 3245 habebas,
807 3179 901 3233 sed
934 3182 1116 3234 omnia
1151 3183 1216 3236 ad
1266 3184 1495 3237 salutem
1525 3184 1645 3253 ejus
1680 3183 1987 3245 instituisti,
2025 3198 2090 3237 eo

517 3286 691 3339 usque
718 3270 982 3326 utFilium
1010 3284 1161 3327 tuum
1193 3284 1456 3328 aeternum
1484 3285 1537 3329 ct
1566 3276 1903 3345 unigenitum
1938 3284 2091 3329 tuum

518 3361 735 3415 miseris
766 3362 821 3415 in
854 3364 1141 3429 mundum,
1179 3364 1271 3434 qui
1307 3364 1771 3433 dispensationem
1814 3379 1969 3419 suam
2006 3378 2091 3418 sa-

516 3452 745 3505 lutarem
780 3463 1001 3522 propter
1028 3471 1151 3508 eum
1169 3455 1420 3524 explevit.

589 3540 814 3595 Elevans
844 3558 1035 3597 vocem.
1073 3545 1210 3598 Cum
1235 3561 1365 3615 ergo
1398 3555 1619 3613 paratus
1673 3554 1837 3610 esset,
1894 3559 2095 3599 secun-

517 3632 645 3685 dum
674 3633 1011 3688 voluntatem
1047 3652 1203 3689 suam
1240 3637 1305 3689 ad
1346 3638 1643 3703 gustandas
1685 3637 1991 3705 passiones,
2023 3636 2091 3688 ad

518 3724 925 3779 ascendendum
962 3726 1017 3780 in
1050 3742 1269 3781 crucem
1308 3737 1362 3781 et
1384 3729 1711 3798 patibulum,
1748 3738 2092 3796 mortemque

519 3817 857 3872 subeundam
903 3834 1004 3887 pro
1028 3818 1138 3871 vita
1173 3819 1342 3871 totius
1374 3819 1584 3883 mundi,
1619 3835 1681 3873 ea
1720 3834 1948 3887 vespera
1982 3833 2089 3887 qua

518 3908 1044 3962 consummationem
1078 3908 1491 3979 mysteriorum,
1525 3908 1933 3962 etmirahilium
1968 3923 2092 3977 pcr-

519 4000 663 4066 fecit,
680 4016 874 4070 panem
900 4002 1174 4070 accepitin
1208 4017 1403 4055 manus
1422 4018 1550 4056 suas
1581 4018 1745 4071 puras
1766 4012 1821 4055 et
1847 4011 2089 4066 sanctas,

518 4100 571 4144 et
600 4092 801 4160 gratias
832 4108 999 4161 agens
1032 4092 1091 4163 1-,
1125 4093 1421 4154 benedixit,
1447 4092 1486 4163 1-
1510 4094 1893 4150 sanctificavit.
1917 4093 1957 4165 1-
1984 4092 2093 4146 fre-

520 4183 617 4253 git,
650 4184 905 4254 deditque
934 4186 1165 4239 initiatis
1199 4186 1303 4240 hoc
1334 4186 1454 4255 ejus
1488 4187 1775 4257 mysterio,
1827 4186 2092 4255 apostolis

520 4274 727 4328 sanctis
757 4274 946 4328 dicens
978 4291 990 4326 :
1030 4275 1294 4344 Accipite,
1330 4285 1383 4329 et
1404 4277 1730 4330 manducate
1760 4292 1823 4330 ex
1853 4292 1941 4339 eo,
1964 4275 2091 4344 quia

519 4361 636 4418 Hoc
662 4373 749 4418 est
782 4380 981 4433 corpus
1021 4380 1224 4429 meum,
1252 4366 1398 4434 quod
1424 4380 1523 4434 pro
1552 4367 1710 4420 vobis
1745 4366 2017 4436 frangitur
2039 4375 2093 4423 et

2271 530 2551 585 Sacerdos.
2576 531 2808 598 Quando
2840 540 3023 586 autem
3064 531 3193 586 huic
3226 530 3351 601 pani
3400 528 3779 584 communica—

2196 622 2345 685 bitis,
2378 632 2430 676 et
2460 623 2687 677 calicem
2722 622 2868 676 hunc
2885 622 3009 676 vita:
3044 621 3402 691 usurpabitis,
3435 634 3776 673 commemo-

2198 716 2463 767 rationem
2490 715 2683 769 mortis
2715 730 2848 769 mea:
2866 712 3099 779 facietis,
3124 712 3554 780 memoriamque
3584 726 3776 765 resur-

2196 802 2455 857 rectionis
2495 818 2629 856 mea:
2653 803 2941 872 perlicietis
2977 802 3151 857 donec
3178 802 3413 857 veniam.

2268 894 2528 965 Populus.
2577 894 2767 950 Mortis
2822 904 2948 960 tuae,
2989 893 3240 959 Domine,
3278 892 3596 948 memoriam
3651 891 3776 959 agi-

2195 1004 2337 1042 mus.

2268 1077 2523 1133 Sacerdos
2543 1078 2747 1133 elevans
2773 1095 2969 1133 vocem.
2995 1076 3169 1133 Oculo
3197 1075 3555 1133 intellectuali
3582 1073 3779 1129 cordis

2194 1171 2557 1227 describimus
2580 1173 2863 1243 periodum
2889 1170 3316 1241 dispensationis
3346 1178 3453 1222 tua:
3480 1168 3785 1236 sapientis-

2195 1263 2367 1327 simae,
2394 1264 2609 1319 Christe
2632 1264 2859 1319 Domine
2886 1273 3093 1328 noster,
3120 1271 3174 1315 et
3194 1277 3255 1315 ea
3272 1261 3453 1314 omnia
3485 1275 3605 1329 qua:
3636 1274 3783 1325 ope.-

2195 1363 2346 1409 ratus
2395 1372 2455 1410 es
2503 1372 2599 1425 per
2640 1356 3070 1409 incarnationem
3130 1363 3275 1407 tuam
3331 1352 3624 1407 salutarem
3674 1365 3784 1420 pro

2194 1446 2369 1500 salute
2397 1454 2602 1511 nostra,
2625 1460 3122 1500 commemoramus
3148 1461 3160 1495 :
3187 1444 3587 1515 generationem
3616 1451 3783 1495 tuam

2193 1552 2258 1589 ex
2303 1534 2461 1590 Patre
2502 1536 2824 1593 abscondito
2854 1557 2866 1590 :
2892 1536 3232 1589 nativitatem
3272 1543 3421 1587 tuam
3453 1549 3517 1587 ex
3551 1532 3785 1602 Virgine

2195 1626 2627 1696 inexplicabilem
2657 1647 2669 1681 :
2700 1638 2877 1681 ortum
2936 1636 3091 1680 tuum
3135 1626 3396 1680 eximium
3447 1634 3502 1678 et
3540 1625 3782 1693 praecla-

2196 1733 2315 1770 rum
2350 1718 2745 1771 :elevationem
2772 1727 2917 1771 luant
2960 1718 3011 1770 in
3047 1732 3213 1771 cruce
3254 1716 3545 1769 salutarem
3576 1724 3630 1768 et
3672 1714 3782 1767 ad-

2197 1808 2499 1862 mirandam
2528 1828 2541 1863 :
2577 1810 2868 1862 adventum
2904 1817 3054 1862 tuum
3082 1806 3288 1862 mundo
3316 1807 3479 1859 vitam
3504 1816 3786 1875 praestan-

2194 1909 2327 1963 tem,
2354 1899 2740 1952 excitationem
2772 1908 2916 1952 tuam
2943 1899 3154 1967 plenam
3185 1896 3449 1950 miraculo
3480 1915 3493 1950 :
3527 1911 3785 1949 resurre-

2194 1991 2431 2043 ctionem
2463 2000 2609 2043 tuam
2637 1990 2953 2059 gloriosam,
2988 1990 3315 2058 plenamque
3350 1988 3499 2042 omni
3532 1987 3777 2056 gaudio:

2193 2082 2548 2135 elevationem
2601 2090 2749 2135 tuam
2800 2081 2852 2133 in
2907 2081 3161 2135 sublimia
3210 2096 3224 2132 :
3281 2078 3782 2146 excellentiamque

2194 2172 2460 2226 sessionis
2488 2180 2591 2226 tua:
2617 2172 2683 2225 ad
2714 2172 2993 2226 dexteram
3039 2172 3300 2241 genitoris
3344 2170 3452 2236 tui;
3511 2178 3780 2239 praetcrea

2192 2266 2357 2319 etiam
2408 2265 2793 2319 revelationem
2840 2266 2992 2333 regni
3025 2266 3102 2319 tui
3144 2264 3387 2334 gloriosi,
3420 2278 3542 2332 qua:
3586 2260 3777 2316 futura

2192 2365 2277 2410 est
2309 2357 2360 2409 in
2386 2357 2620 2411 adventu
2648 2365 2742 2410 tuo
2766 2357 3009 2411 secundo
3044 2375 3057 2409 ε
3084 2356 3307 2426 quando
3348 2366 3401 2407 tu
3435 2370 3560 2407 eum
3594 2352 3778 2423 gloria

2194 2450 2452 2505 ineffabili
2479 2452 2754 2515 exoriens,
2783 2461 2835 2505 et
2858 2452 2911 2504 in
2939 2450 3115 2504 turbis
3152 2450 3324 2518 igneis
3348 2448 3778 2518 legionibusque

2193 2544 2459 2597 tlammeis
2482 2545 2957 2614 circumgestatus,
2978 2552 3236 2613 tanquam
3263 2542 3443 2613 fulgur
3463 2540 3780 2594 timendum

2192 2643 2245 2689 et
2266 2634 2531 2699 validum,
2559 2650 2624 2689 ex
2650 2636 2869 2689 sublimi
2901 2637 3087 2706 gloria:
3115 2646 3219 2689 tua:
3240 2634 3481 2704 prodibis
3506 2650 3518 2684 :
3549 2632 3782 2702 quando

2195 2735 2461 2780 statuetur
2492 2728 2690 2781 solium
2722 2729 2961 2782 terribile
2986 2728 3310 2796 majestatis,
3339 2734 3394 2780 et
3414 2727 3570 2781 sedes
3585 2725 3783 2779 electis

2196 2818 2302 2871 tuis
2333 2818 2749 2873 collocabuntur
2782 2836 2793 2870 :
2826 2820 3047 2888 quando
3071 2820 3256 2889 populi
3286 2829 3338 2873 et
3364 2819 3612 2872 nationes
3640 2832 3782 2871 con-

2193 2908 2578 2976 gregabuntur,
2605 2918 2658 2963 et
2678 2911 2743 2963 ad
2774 2910 2952 2965 locum
2974 2910 3167 2979 judicii
3190 2912 3473 2975 sistentur,
3505 2919 3567 2963 ut
3597 2908 3784 2963 susci-

2194 2998 2307 3065 piat
2341 3001 2721 3069 unusquisque
2750 3002 3051 3056 secundum
3078 3018 3216 3071 opus
3245 3017 3405 3056 suum
3430 3020 3441 3054 :
3471 3011 3639 3069 atque
3682 3015 3779 3052 re-

2196 3090 2463 3144 tribuetur
2481 3092 2777 3162 unicuique
2795 3094 3095 3148 secundum
3122 3092 3364 3147 actiones
3380 3108 3527 3153 suas,
3551 3091 3784 3159 quando

2194 3178 2320 3233 libri
2356 3180 2694 3249 aperientur,
2726 3191 2780 3236 et
2801 3198 2989 3251 opera,
3017 3182 3203 3247 verba,
3230 3193 3284 3236 et
3314 3184 3560 3236 actiones
3592 3181 3786 3234 discu-

2195 3272 2399 3326 tientur
2431 3288 2444 3324 :
2475 3273 2695 3342 quando
2719 3275 3096 3328 recitabuntur
3123 3273 3374 3339 crimina,
3412 3282 3467 3326 et
3508 3282 3782 3341 tanquam

2196 3364 2277 3419 sol
2299 3365 2636 3434 splendidus,
2663 3366 2840 3435 palam
2867 3366 2999 3421 ﬁent
3030 3363 3371 3429 abscondita,
3416 3362 3734 3416 clarissime
3762 3378 3777 3410 :

2195 3454 2415 3523 quando
2450 3470 2601 3509 mare
2624 3456 2763 3526 ignis
2796 3454 3100 3509 exundabit
3121 3494 3136 3520 ,
3169 3451 3529 3521 zestuabitque
3586 3450 3784 3506 fumus

2195 3547 2566 3613 flammarum,
2590 3548 2990 3616 descendetque
3013 3546 3211 3601 fluvius
3240 3544 3379 3615 ignis
3398 3544 3667 3609 ardentis,
3708 3544 3782 3597 ad

2194 3638 2594 3706 probationem,
2626 3648 2681 3693 et
2706 3655 2933 3693 examen
2973 3639 3155 3693 omnis
3183 3637 3402 3703 carnis;
3427 3635 3649 3705 quando
3681 3650 3781 3688 an-

2195 3730 2756 3799 gustiaeamarissimaz
2780 3738 2941 3783 erunt
2958 3729 3191 3798 iniquis:
3221 3735 3275 3781 et
3295 3734 3596 3795 praaparata
3610 3734 3781 3778 erunt

2195 3818 2337 3873 bona
2352 3832 2403 3873 et
2415 3819 2794 3887 delicizejustis
2812 3835 2824 3871 :
2843 3818 3061 3887 quando
3080 3815 3455 3870 misericordia
3471 3812 3778 3880 auferetur,

2194 3920 2249 3965 et
2265 3912 2415 3981 impii
2440 3911 2724 3966 tradentur
2740 3912 3021 3982 gehennae,
3039 3923 3201 3979 atque
3219 3909 3290 3978 pii
3306 3908 3472 3961 vitam
3491 3922 3693 3960 novam
3717 3907 3778 3960 in

2195 4011 2457 4056 aeternum
2492 4002 2909 4056 haereditabunt.
2937 4000 3167 4067 Quando
3193 4015 3296 4053 vox
3320 3997 3494 4051 valida
3517 3995 3780 4049 audietur

2193 4111 2316 4165 quae
2343 4104 2546 4164 partem
2577 4110 2737 4148 unam
2770 4094 2838 4147 ab
2865 4094 3031 4147 altera
3054 4090 3347 4160 separabit,
3373 4086 3778 4155 transferetque

2195 4200 2366 4257 agnos
2395 4186 2461 4239 ad
2491 4186 2789 4251 dexteram,
2818 4195 2871 4239 et
2902 4185 3088 4239 haedos
3126 4184 3194 4237 ad
3233 4182 3535 4237 sinistram.
3572 4176 3652 4233 Te
3681 4179 3777 4232 de-

2194 4293 2481 4346 precamur
2524 4278 2743 4347 plenum
2792 4276 3194 4340 misericordia,
3246 4274 3494 4336 Domine,
3528 4272 3583 4325 in
3633 4272 3774 4325 hora

2195 4370 2286 4423 illa
2332 4371 2657 4435 decretoria,
2712 4370 3016 4439 multiplica
3060 4369 3405 4423 clementiam
3460 4375 3608 4418 tuam
3642 4379 3773 4434 erga

518 4455 702 4518 datur,
743 4454 810 4508 ad
854 4455 1067 4508 veniam
1125 4455 1372 4509 omnium
1427 4456 1668 4511 fidelium
1727 4459 2086 4527 plurimorum
2121 4478 2165 4532 ι)
2194 4464 2511 4516 adoratores
2537 4472 2679 4525 tuos,
2713 4462 2767 4515 in
2790 4470 3031 4530 tempore
3056 4462 3147 4515 illo
3176 4459 3423 4522 terribili,
3444 4468 3498 4512 et
3526 4458 3769 4511 tristitia:

519 4555 620 4609 pro
640 4541 839 4609 quibus
870 4541 1210 4607 immolatur,
1245 4551 1300 4596 et
1332 4544 1615 4609 dividitur,
1655 4548 1720 4601 ad
1755 4552 2093 4619 propitiatio-

520 4648 642 4686 nem
671 4632 1022 4698 delictorum,
1052 4635 1433 4691 remissionem
1461 4649 1811 4707 peccatorum
1847 4652 1900 4697 et
1924 4645 2093 4698 vitam

517 4734 797 4779 atternam.

594 4814 845 4884 Populus.
877 4818 1069 4871 Amen.

590 4907 870 4962 Sacerdos.
905 4908 1037 4963 Post
1065 4925 1277 4965 eienam
1313 4911 1461 4968 illam
1502 4917 1811 4986 mysticam,
1868 4919 2091 4973 miscuit

520 5001 744 5055 calicem
777 5003 901 5057 vita:
921 5018 987 5056 ex
1010 5004 1135 5058 vino
1152 5014 1207 5058 et
1240 5022 1379 5075 aqua
1414 5023 1426 5058 :
1465 5016 1518 5061 et
1540 5010 1605 5063 ad
1632 5017 1706 5076 te,
1736 5010 1879 5066 Deus
1905 5011 2091 5077 Pater,

520 5094 711 5148 oculos
746 5096 982 5158 elevans,
1017 5098 1220 5167 gratias
1257 5100 1387 5169 egit,
1422 5100 1463 5170 1-
1486 5102 1782 5165 bcnedixit.
1815 5104 1855 5175 1-
1885 5107 2093 5159 sancti-

520 5187 723 5252 licavit,
747 5187 787 5259 1-
823 5197 877 5243 ct
900 5190 1046 5243 dedit
1081 5192 1251 5246 turbae
1290 5193 1683 5263 discipulorum
1718 5213 1942 5251 suorum
1978 5198 2090 5252 cle—

520 5287 755 5346 etorum,
787 5282 1269 5353 apostolorumque
1301 5295 1618 5341 sanctorum
1650 5299 1706 5341 et
1727 5288 1865 5342 dixit
1895 5305 1907 5340 :
1940 5290 2094 5345 Acci-

520 5368 651 5437 pite,
683 5368 852 5424 bibite
868 5387 934 5425 ex
963 5387 1028 5425 eo
1057 5387 1153 5426 vos
1172 5388 1363 5428 omnes
1391 5393 1402 5427 :
1436 5373 1533 5428 Hic
1558 5387 1641 5431 est
1667 5378 1893 5448 sanguis
1915 5395 2088 5448 meus,

520 5461 612 5529 qui
659 5462 948 5516 confirmat
983 5472 1367 5518 testamentum
1418 5469 1612 5523 mortis
1649 5486 1783 5523 mea:
1819 5489 1831 5524 :
1863 5472 1956 5541 qui
1991 5488 2092 5541 pro

522 5551 676 5605 vobis
701 5551 997 5607 effunditur
1025 5562 1079 5607 et
1106 5570 1205 5623 pro
1262 5558 1451 5612 multis
1497 5557 1679 5623 datur,
1724 5569 1778 5614 et
1831 5562 2093 5616 dividitur

524 5641 591 5695 ad
628 5644 1071 5712 propitiationem
1104 5646 1451 5718 delictorum,
1481 5652 1859 5707 remissionem
1897 5668 2093 5722 pecca-

528 5745 729 5806 torum,
747 5748 799 5793 et
829 5739 992 5794 vitam
1017 5753 1294 5797 mtcrnam.

2194 4550 2373 4617 pleno.
2426 4550 2700 4619 Propitius
2743 4560 2861 4606 esto
2909 4566 3036 4621 erga
3075 4551 3287 4604 animas
3318 4563 3603 4604 servorum
3651 4556 3773 4600 tuo-

2195 4658 2353 4709 rum;
2398 4644 2451 4697 in
2505 4644 2637 4697 hora
2667 4643 2756 4697 illa
2800 4644 3048 4706 terroris,
3085 4642 3304 4696 effunde
3331 4638 3769 4695 miscricordiam

2195 4745 2342 4789 tuam
2370 4752 2533 4805 super
2561 4751 2677 4800 eos,
2715 4737 2807 4805 qui
2847 4752 2942 4804 per
2972 4750 3189 4789 crucem
3222 4745 3367 4789 tuam
3401 4734 3592 4789 salvati
3618 4744 3764 4787 sunt.

2195 4827 2251 4881 In
2277 4837 2519 4897 tempore
2541 4828 2633 4882 illo
2669 4828 2903 4893 timoris,
2931 4828 3191 4882 miserere
3215 4827 3431 4881 illorum
3456 4826 3551 4895 qui
3593 4826 3764 4881 conti-

2196 4930 2379 4976 tentur
2406 4922 2691 4992 passiones
2728 4931 2850 4977 tuas
2882 4938 2894 4973 :
2925 4931 3110 4993 tangat
3153 4931 3204 4976 te
3244 4937 3374 4976 cura
3407 4921 3647 4986 illorum,
3673 4922 3763 4991 qui

2194 5014 2447 5067 fiduciam
2475 5014 2857 5082 habentsuper
2886 5028 3126 5067 amorem
3161 5020 3316 5065 tuum
3342 5026 3470 5080 erga
3490 5010 3763 5075 homines,

2193 5115 2246 5160 et
2276 5121 2437 5175 parce
2465 5107 2701 5175 peccatis
2732 5120 2958 5169 eorum;
2997 5114 3413 5159 commoveatur
3456 5102 3765 5172 benignitas

2195 5208 2307 5262 tua,
2331 5213 2459 5267 erga
2486 5197 2606 5250 illos
2630 5198 2721 5266 qui
2752 5197 3009 5250 invocant
3037 5209 3234 5248 nomen
3259 5204 3410 5249 tuum
3437 5201 3686 5247 sanctum
3716 5206 3767 5247 et

2193 5288 2407 5341 remitte
2436 5287 2629 5341 delicta
2659 5288 2897 5341 illorum.
2930 5285 3008 5341 Ne
3040 5287 3359 5342 auferantur
3384 5288 3763 5342 miserationes

2194 5394 2301 5439 tum
2326 5400 2422 5454 per
2449 5388 2587 5439 iram
2621 5394 2791 5450 tuam,
2817 5402 2993 5457 neque
3022 5389 3238 5444 deficiat
3262 5389 3420 5443 nobis
3445 5391 3620 5459 gratia
3658 5401 3763 5455 tua,

2192 5489 2416 5549 propter
2453 5480 2857 5535 multitudinem
2897 5482 3120 5537 malitiae
3164 5492 3384 5539 nostrae.
3410 5482 3488 5539 Ne
3511 5485 3762 5540 excludas

2193 5574 2536 5627 clementiam
2569 5582 2739 5638 tuam,
2770 5584 2993 5645 prepter
3015 5575 3357 5646 iniquitatem
3382 5586 3625 5631 nostram
3653 5596 3666 5630 :
3700 5594 3760 5633 ne

2191 5676 2440 5721 mutetur
2463 5676 2654 5721 natura
2681 5677 2795 5731 tua,
2818 5677 3037 5738 propter
3059 5670 3488 5739 magnitudinem
3516 5670 3758 5741 insipien-

2192 5760 2389 5813 tiarum
2416 5769 2750 5815 nostrarum.
2778 5759 2892 5816 Non
2918 5761 3116 5832 eligant
3139 5777 3239 5817 nos
3262 5762 3438 5833 angeli
3466 5761 3540 5817 tui
3571 5764 3754 5827 sancti,
