3834 6220
484 300 579 353 6H

1304 290 1360 345 S.
1400 288 1788 345 CLEMENTIS
1827 288 1846 341 l
1885 286 2051 342 ROM.
2094 283 2292 339 PONT.
2331 284 2558 339 OPERA
2596 284 2821 340 DUBIA.

3652 286 3761 342 612

557 409 816 464 Sacerdos
842 407 1047 461 elevans
1087 418 1278 457 vocem.
1309 399 1376 451 Et
1408 397 1706 451 Eeclesiam
1745 404 1917 459 tuam,
1949 392 2056 447 Do-
2094 392 2139 448 Α
2165 392 2417 461 disperge
2446 405 2499 445 et
2528 392 2733 461 dissipa
2762 410 2774 445 :
2813 408 2974 461 regna
3006 392 3256 461 profana,
3286 403 3340 449 et
3369 396 3610 453 harescs
3653 417 3761 453 im-
3822 362 3834 449 l

486 503 654 567 mine,
686 516 849 571 quam
892 496 1182 567 possedisti
1218 494 1284 547 ab
1327 492 1503 555 initio,
1546 500 1599 543 et
1641 487 1920 543 redemisti
1968 501 2065 555 per

490 594 810 663 sanguinem
844 589 1107 659 unigeniti
1141 586 1260 638 Filii
1294 584 1369 638 lui
1408 581 1661 644 benedic,
1685 588 1739 634 et
1764 579 1973 648 depelle
1997 578 2066 631 ab

491 698 553 737 ea
587 682 1020 737 conflictationes
1054 680 1332 731 hareseon
1366 673 1825 742 perniciosarum,
1871 686 1994 740 qua
2034 685 2065 724 a

494 775 779 844 spiritibus
811 771 1017 841 peccati
1044 769 1401 831 suscitantur,
1429 778 1481 817 et
1507 766 1571 819 ad
1607 780 1726 818 eam
1751 764 2068 833 demergen-

493 864 617 917 dam
652 864 704 915 in
730 864 986 932 abyssum
1018 859 1335 928 impietatis,
1363 854 1977 923 excitantur.Propulsa
1999 853 2068 907 ab

496 954 608 1017 illa,
639 952 889 1011 Domine,
918 950 1198 1012 scandala,
1223 956 1278 1002 et
1308 949 1477 1011 rixas,
1502 956 1557 1000 et
1595 960 1863 1015 praserva
1885 958 2003 997 eam
2036 957 2065 995 a

492 1048 680 1117 virgis,
705 1044 1040 1114 ﬂagellisque
1064 1044 1195 1107 tuis,
1236 1050 1400 1110 atque
1431 1056 1460 1093 a
1496 1037 1915 1099 tentationibus,
1940 1035 2067 1104 qui-

492 1140 594 1193 bus
618 1154 712 1208 per
743 1126 1111 1190 infirmitatem
1139 1134 1479 1189 succumbat.
1505 1131 1699 1185 Libera
1727 1146 1846 1185 eam
1870 1146 1899 1183 a
1926 1128 2068 1183 fame

492 1248 699 1295 amara,
731 1247 759 1284 a
792 1230 1130 1300 captivitate,
1176 1238 1231 1281 et
1255 1227 1610 1279 mortalitate.
1663 1224 1737 1276 Da
1769 1223 1932 1276 etiam
1987 1222 2067 1276 illi

492 1337 735 1395 tempora
795 1323 1113 1392 tranquilla,
1158 1330 1211 1375 et
1240 1319 1597 1383 abundantia,
1639 1316 2068 1386 praeclaramque

491 1419 635 1473 aeris
659 1418 995 1485 temperiem,
1030 1424 1274 1483 segetum
1304 1411 1692 1479 fructuumque
1716 1416 2065 1477 proventum,

489 1524 615 1564 cum
660 1505 1100 1561 accumulatione
1144 1504 1390 1557 omnium
1461 1499 1766 1566 bonorum;
1825 1499 1955 1568 quia
2011 1510 2067 1551 tu

490 1600 669 1654 bonus
699 1614 780 1663 es,
812 1607 865 1651 et
895 1611 1058 1666 super
1081 1610 1271 1647 omnes
1291 1592 1511 1661 largiter
1525 1591 1809 1645 effundens
1839 1604 2067 1643 munera

490 1702 605 1756 tua,
639 1690 978 1761 gratiamque
1019 1697 1168 1739 tuam
1201 1685 1553 1752 dispensans,
1596 1682 1805 1752 tibique
1836 1682 2063 1751 gloriam

490 1798 545 1841 et
575 1787 873 1856 gratiarum
910 1780 1179 1834 actionem
1211 1777 1514 1831 oﬂ'erimus.

562 1875 820 1944 Populus.
848 1872 1042 1925 Amen.

561 1967 817 2023 Sacerdos
876 1964 1185 2018 inclinatus.
1239 1958 1533 2025 Memento,
1574 1957 1825 2021 Domine,
1872 1972 2064 2011 eorum

489 2061 655 2131 quiin
698 2057 1006 2127 virginitate
1046 2069 1180 2123 pure
1202 2054 1413 2117 vivunt,
1442 2050 1859 2119 conjugatorum
1886 2057 2070 2102 casto-

491 2166 635 2216 rum,
660 2150 1027 2218 orphanorum
1054 2155 1105 2198 et
1124 2144 1435 2207 viduarum,
1460 2157 1759 2210 pauperum
1784 2148 1838 2194 ot
1864 2155 2068 2209 egeno-

491 2258 635 2306 rum,
668 2249 722 2293 et
759 2253 949 2293 eorum
983 2236 1074 2305 qui
1104 2235 1365 2304 adjuvant
1396 2232 1694 2287 Ecclesiam
1736 2242 1905 2285 luam.
1940 2231 2068 2284 Illo-

489 2350 610 2389 rum
643 2332 806 2387 etiam
839 2329 931 2399 qui
982 2327 1181 2381 addicti
1226 2334 1353 2379 sunt
1388 2325 1693 2378 ministerio
1726 2332 2067 2388 sanctorum,

489 2432 545 2480 et
595 2425 854 2493 adjuvant
896 2420 1274 2473 necessitatem
1324 2419 1639 2485 patientes:
1687 2417 1779 2485 qui
1834 2416 2070 2469 offerunt

489 2520 816 2581 oblationes,
844 2525 896 2568 et
928 2513 1187 2583 praclare
1210 2519 1525 2579 operantur.

562 2610 821 2679 Papulas.
854 2606 1018 2676 Kyrie
1040 2605 1270 2658 eleison.

563 2704 821 2758 Sacerdos
851 2700 1057 2753 elevans
1102 2714 1296 2751 vocem.
1324 2696 1389 2751 Et
1429 2695 1626 2765 adjuva
1660 2711 1754 2764 per
1785 2694 2066 2749 dexteram

494 2806 643 2850 tuam
672 2802 968 2862 potentem,
996 2789 1368 2856 confirmaqne
1398 2787 1622 2839 brachio
1647 2796 1739 2839 tuo
1770 2784 1919 2851 forti,
1947 2801 2068 2838 om-

492 2902 591 2940 nes
628 2885 721 2953 qui
756 2884 809 2936 in
849 2881 1091 2935 Ecclesia
1147 2890 1239 2933 tua
1290 2888 1477 2933 sancta
1510 2878 1773 2931 catholica
1807 2888 2069 2946 perpetuo

492 2978 798 3032 oblationes
823 2975 1081 3027 offerunt.
1105 2982 1159 3025 et
1185 2972 1463 3024 memoria
1498 2979 1813 3023 sanctorum
1848 2979 2065 3023 tuorum

2169 484 2286 553 pias
2316 484 2613 552 comprime
2640 484 2859 538 dextera
2886 495 2977 538 tua
3006 487 3245 553 potenti:
3282 487 3475 542 beheta
3501 490 3759 559 gladium
3828 489 3834 497 ’

2169 584 2417 640 acutum,
2472 589 2539 626 ne
2575 574 2859 627 immineat
2888 576 3192 631 cervicibus
3222 579 3401 647 gregis
3438 581 3516 634 tui
3545 598 3560 633 :
3592 597 3761 637 com-
3832 562 3834 625 ‘

2168 679 2327 732 pesce
2354 665 2719 733 captivitates,
2749 665 2942 730 cades,
2984 676 3038 720 et
3079 667 3217 722 bella
3252 685 3281 723 a
3311 672 3527 740 populis
3557 681 3614 726 et
3639 674 3762 727 ha-

2170 752 2399 805 reditate
2429 761 2519 807 tua
2556 769 2569 804 :
2603 769 2779 821 neque
2801 754 3037 823 aspicias
3071 757 3406 826 iniquitatem
3434 776 3627 815 eorum
3659 770 3759 831 qui

2169 846 2506 914 unigenitum
2540 845 2737 899 Filium
2772 856 2925 899 tuum
2956 848 3207 902 dividunt
3236 866 3249 901 :
3286 852 3377 905 sed
3406 853 3761 923 reliquorum

2170 946 2463 1003 memento,
2488 939 2582 1007 qui
2621 939 2857 992 retinent
2880 939 3035 993 fidem
3060 942 3443 1009 orthodoxam,
3470 956 3522 1000 et
3554 947 3621 1000 da
3644 948 3763 1000 illis

2169 1038 2331 1098 atque
2356 1030 2512 1084 nobis
2540 1031 2795 1085 virtutem
2824 1034 3337 1101 insuperabilem,et
3362 1037 3516 1091 nobis
3535 1049 3592 1092 et
3614 1040 3765 1108 ipsis

2169 1121 2407 1175 concede
2438 1131 2681 1191 tempora
2711 1123 2931 1192 quietis,
2972 1134 3025 1179 et
3046 1127 3496 1196 tranquillitatem
3524 1131 3762 1194 salutis,

2168 1227 2264 1281 per
2293 1213 2520 1281 gratiam
2545 1221 2597 1265 et
2622 1214 3052 1270 misericordiam
3087 1226 3138 1271 et
3159 1234 3398 1273 amorem
3417 1234 3542 1291 erga
3573 1222 3767 1275 horni-

2169 1321 2267 1359 nes
2299 1307 2559 1375 unigeniti
2588 1307 2709 1361 Filii
2743 1309 2953 1378 tui,per
2968 1325 3127 1380 quem
3150 1320 3203 1366 et
3222 1328 3343 1366 cum
3372 1328 3483 1383 quo
3516 1322 3569 1368 te
3595 1314 3770 1369 decet

2169 1398 2340 1468 gloria
2368 1408 2422 1451 et
2448 1399 2644 1464 honor,
2674 1409 2779 1454 etc.

2241 1490 2502 1561 Populus.
2534 1493 2729 1547 Amen.

2243 1583 2503 1637 Sacerdos
2555 1584 2866 1639 inclinatus.
2910 1584 3111 1639 Eorum
3156 1586 3318 1640 etiam
3376 1587 3624 1642 omnium
3656 1590 3763 1659 qui

2172 1674 2439 1744 agonibus
2468 1675 2582 1743 suis
2611 1676 2704 1728 tibi
2732 1676 3073 1744 placuerunt,
3108 1684 3160 1730 et
3202 1693 3473 1731 summam
3500 1680 3765 1736 moribus

2173 1767 2288 1821 suis
2306 1767 2535 1835 gloriam
2561 1768 2841 1822 consecuti
2877 1767 3129 1829 sunt.fae
3160 1769 3359 1823 bonam
3392 1773 3760 1837 memoriam,

2173 1857 2424 1924 Domine,
2452 1859 2557 1913 hoc
2578 1868 2821 1928 tempore
2854 1879 2865 1913 :
2901 1871 3115 1929 patrum
3140 1861 3603 1931 patriarcharum,
3625 1880 3767 1934 pro-

2170 1952 2479 2021 phetarum,
2506 1952 2899 2020 apostolorum,
2923 1952 3363 2020 pradicatorum,
3400 1956 3764 2010 annuntiato—
3832 1990 3834 1997 ι

2172 2060 2315 2107 rum,
2378 2043 2861 2112 evangelistarum,
2899 2042 3124 2098 Joannis
3152 2043 3427 2114 Baptista,
3482 2046 3759 2116 Stephani

2171 2137 2407 2200 diaconi,
2463 2148 2516 2191 et
2558 2136 2850 2191 Genitrieis
2908 2134 3004 2191 Dei
3051 2135 3256 2204 Maria,
3314 2152 3437 2192 eum
3488 2138 3758 2194 omnibus

2172 2228 2399 2282 sanctis.

2245 2319 2467 2373 Elevans
2484 2336 2675 2373 vocem.
2702 2318 2901 2373 Eorum
2928 2318 3019 2389 qui
3045 2320 3342 2373 certamine
3364 2319 3624 2373 athletico
3649 2334 3753 2373 suo

2171 2409 2418 2480 perfecti,
2473 2420 2526 2464 et
2558 2426 2731 2478 agone
2756 2410 2983 2478 justitia
3019 2411 3387 2464 consummati
3433 2410 3585 2465 sunt.
3634 2410 3752 2465 Me-

2172 2509 2356 2555 mento
2382 2501 2569 2568 etiam,
2603 2500 3081 2566 Domine,eorum,
3111 2502 3202 2570 qui
3233 2502 3285 2554 in
3312 2502 3541 2572 singulis
3563 2501 3757 2571 regio-

2172 2594 2336 2647 nibus
2367 2603 2421 2647 et
2445 2593 2760 2647 civitatibus
2790 2593 3114 2662 placuerunt
3139 2592 3364 2662 tibi,qui
3390 2593 3596 2646 exitum
3626 2594 3757 2645 vita

2172 2686 2507 2755 inculpatum
2544 2687 2806 2740 habentes
2836 2701 2901 2739 ex
2935 2685 3038 2739 hoc
3070 2685 3277 2739 mundo
3314 2683 3567 2754 profecti,
3596 2683 3669 2738 ad
3702 2694 3758 2739 te

2170 2789 2558 2848 pervenerunt,
2576 2787 2629 2831 et
2649 2778 2715 2832 ad
2741 2778 2991 2832 calestes
3023 2777 3219 2831 domos
3235 2776 3429 2831 elevati
3452 2786 3583 2831 sunt
3613 2798 3625 2830 :
3648 2774 3759 2829 Pa-

2172 2882 2315 2926 trum
2342 2872 2693 2940 antiquorum
2728 2880 2781 2925 et
2829 2870 3287 2939 patriarcharum,
3327 2869 3639 2939 principum
3674 2868 3759 2922 fa-

2170 2964 2473 3028 miliarum,
2504 2964 2600 3033 qui
2624 2963 2880 3033 mysteria
2913 2962 3171 3015 viderunt
3199 2971 3252 3015 et
3278 2961 3638 3015 revelationes
3661 2976 3752 3030 pe-

492 3070 930 3132 communicant;
965 3066 1056 3135 qui
1080 3066 1549 3135 eleemosynarum
1579 3063 1846 3119 fructibus
1870 3079 2069 3133 egenos
2097 3086 2140 3144 C
2174 3064 2549 3117 nelravel‘unt.
2575 3070 2987 3109 alconomorum
3015 3053 3404 3124 spiritualium,
3424 3053 3759 3121 pradicato-

495 3160 837 3214 abundanter
867 3166 1197 3223 sustentant,
1230 3166 1284 3209 et
1316 3155 1669 3224 indigentiam
1692 3157 1910 3224 explent
1934 3170 2069 3223 pau-

492 3266 707 3322 perum.
748 3249 824 3303 Da
863 3249 968 3302 illis
997 3247 1386 3302 abundantiam
1416 3248 1707 3311 bonorum,
1754 3262 1851 3315 pro
1882 3247 2071 3315 dispo-

494 3345 691 3401 sitione
715 3343 962 3397 cordium
986 3357 1174 3395 eorum
1204 3358 1217 3393 :
1249 3348 1301 3393 et
1334 3354 1432 3409 pro
1454 3339 1614 3392 donis
1649 3340 2066 3407 temporalibus,

495 3436 563 3490 da
588 3435 693 3489 illis
719 3432 1049 3487 affluentiam
1095 3431 1538 3485 benedictionum
1578 3430 1975 3485 ditissimarnm
2015 3440 2069 3485 et

496 3524 943 3580 inamissibilium
972 3539 987 3577 :
1022 3530 1076 3576 et
1118 3537 1217 3591 pro
1241 3521 1690 3590 possessionibus
1715 3536 1823 3575 non
1855 3536 2071 3589 perma-

496 3617 773 3681 nentibus,
801 3614 1045 3684 prapara
1078 3614 1184 3667 illis
1216 3613 1440 3667 delicias
1462 3614 1668 3678 beatas,
1693 3615 2068 3668 ctmcrcedem

497 3707 1061 3776 inconsumptibilem,
1086 3714 1140 3759 et
1170 3721 1395 3759 munera
1422 3705 1626 3760 amoris
1666 3720 1794 3775 erga
1823 3706 2070 3761 homines

497 3800 601 3864 tui,
642 3800 893 3868 bonaque
925 3797 1201 3851 uberrima
1242 3796 1573 3850 hareditatis
1623 3804 1729 3849 tua
1774 3815 1785 3851 :
1839 3798 1968 3865 quia
2012 3808 2068 3851 tu

495 3892 673 3948 bonus
689 3907 770 3957 es,
788 3901 840 3944 et
865 3891 1016 3944 dives
1034 3890 1086 3943 in
1105 3889 1444 3951 muneribus,
1477 3889 1773 3958 largusque
1795 3889 2068 3944 donorum

497 3992 717 4037 tuorum
754 4002 766 4037 :
798 3992 853 4037 et
891 3982 985 4037 tibi
1012 3981 1240 4052 gloriam
1266 3989 1319 4035 et
1341 3982 1639 4052 gratiarum
1669 3980 1935 4035 actionem
1986 3982 2073 4035 of-

496 4074 746 4129 ferimus.

570 4167 829 4237 Populus.
858 4164 1051 4218 Amen.

568 4258 827 4314 Sacerdos
865 4257 1175 4309 inclinatus.
1226 4256 1518 4322 Memento,
1570 4256 1835 4323 Domine,
1880 4274 2067 4327 regum

500 4350 935 4405 orthodoxorum
968 4347 1107 4418 (28),
1155 4346 1223 4400 da
1267 4347 1373 4401 illis
1396 4348 1681 4400 victoriam
1712 4349 1780 4403 de
1832 4349 2070 4403 inimicis

2174 3164 2296 3202 rum
2334 3147 2723 3218 gloriosorum,
2757 3156 2811 3202 et
2840 3147 3164 3201 dilectorum
3198 3146 3297 3199 tibi
3333 3146 3756 3216 deprecantium

2175 3248 2244 3306 te,
2305 3241 2512 3308 tibique
2560 3248 2906 3308 acceptorum
2960 3247 3015 3293 et
3060 3238 3502 3307 dispensatorum
3547 3236 3759 3292 domus

2173 3343 2299 3388 tua.
2326 3332 2603 3402 Propitius
2645 3341 2783 3395 esto,
2828 3330 3079 3395 Domine,
3118 3331 3496 3400 iniquitatibus
3522 3331 3760 3393 nostris,

2171 3440 2269 3496 per
2298 3425 2576 3479 orationes
2610 3440 2824 3478 eorum.
2861 3423 2938 3477 Da
2970 3426 3130 3480 nobis
3170 3434 3231 3479 ut
3259 3438 3383 3479 cum
3429 3420 3535 3474 fide
3567 3419 3765 3473 ortho-

2173 3516 2335 3583 doxa,
2365 3517 2662 3571 secundum
2695 3525 2943 3570 exactam
2963 3517 3268 3571 doctrinam
3309 3529 3524 3577 eorum,
3552 3526 3768 3580 sequa-

2172 3626 2297 3663 mur
2325 3610 2542 3663 illorum
2568 3611 2819 3682 vestigia,
2852 3612 3134 3678 simusque
3156 3608 3397 3662 haredes
3428 3604 3762 3675 promissio-

2173 3718 2304 3755 num
2335 3718 2457 3771 qua
2482 3701 2548 3755 ad
2573 3718 2668 3757 eos
2700 3702 2856 3756 facta
2877 3712 3023 3763 sunt,
3050 3700 3454 3769 participesque
3480 3695 3764 3750 mercedis

2172 3808 2392 3859 eorum;
2431 3802 2628 3847 etcum
2658 3794 2737 3849 eis
2769 3794 3036 3858 latemur,
3071 3790 3253 3861 adepti
3300 3803 3535 3844 coronas
3575 3789 3766 3840 victo-

2172 3884 2287 3950 ria,
2320 3894 2485 3955 atque
2502 3885 2641 3939 inter
2661 3886 2877 3955 agmina
2894 3900 3083 3938 eorum
3101 3898 3364 3939 canamus
3394 3882 3492 3937 tibi
3518 3880 3766 3951 gloriam

2171 3985 2225 4031 et
2262 3978 2477 4031 laudem
2501 3986 2555 4031 et
2586 3977 2865 4047 unigenito
2888 3976 3025 4030 Filio
3045 3985 3161 4031 tuo.

2243 4069 2500 4139 Populus.
2530 4071 2724 4125 Amen.

2247 4163 2504 4218 Sacerdos
2550 4163 2863 4216 inclinatus.
2899 4161 3412 4219 Commemoramus
3451 4179 3646 4219 coram
3700 4174 3759 4219 te

2175 4255 2279 4309 hoc
2336 4265 2601 4325 tempore,
2653 4253 2903 4317 Domine,
2944 4266 3193 4323 pastores
3224 4270 3383 4309 veros
3413 4267 3467 4309 et
3494 4256 3761 4311 doetores

2177 4349 2424 4401 sincer-os
2455 4388 2469 4410 ,
2524 4361 2716 4400 omnes
2755 4344 2945 4400 Patres
2972 4345 3176 4399 electos
3199 4355 3253 4400 et
3270 4347 3481 4411 beatos,
3510 4348 3760 4402 maxime

498 4444 634 4508 suis,
661 4452 715 4496 et
740 4442 938 4495 virtute
955 4440 1315 4509 omnipotenti
1342 4451 1431 4493 tua
1454 4441 1649 4493 robora
1677 4439 1815 4501 illus.
1840 4450 1894 4494 et
1919 4458 2069 4496 arma
2104 4437 2150 4494 D
2176 4454 2307 4494 vero
2329 4436 2973 4508 lgnatium,Dionysium,
2993 4453 3115 4492 cum
3132 4437 3360 4507 reliquis
3374 4438 3589 4492 dilectis
3615 4440 3755 4493 tuis.

496 4533 641 4587 illos.

568 4622 794 4676 Elevans
826 4638 1019 4674 vocem.
1046 4620 1274 4676 Ordines
1300 4620 1464 4674 etiam
1493 4620 1719 4685 militia,
1752 4622 1936 4691 copias
1961 4624 2068 4677 bel-

495 4714 651 4779 licas,
686 4714 937 4781 viresque
970 4728 1286 4781 regnorum,
1321 4728 1441 4781 qua
1482 4712 1736 4783 subjugo
1790 4716 2071 4770 servitutis

496 4805 678 4859 crucis
708 4813 812 4857 tua
839 4803 1084 4857 victricis
1116 4804 1465 4870 inclinantur,
1491 4813 1543 4857 et
1566 4805 1782 4874 signum
1806 4806 2070 4877 unigeniti

494 4895 619 4949 Filii
664 4898 738 4950 tui
779 4905 983 4961 tenent,
1017 4906 1274 4964 tanquam
1322 4912 1471 4949 arma
1521 4897 1736 4960 salutis,
1787 4899 1983 4968 adjuva
2014 4912 2068 4955 et

496 4984 669 5044 salva,
696 4982 942 5037 Domine.
968 4982 1390 5052 Conjurationes
1421 4985 1662 5054 gentium
1716 4987 2064 5045 inimicarum

568 5098 679 5167 (28)
721 5098 1003 5165 Memento,
1047 5099 1283 5170 Domine,
1337 5118 1512 5170 regum
1539 5103 1970 5162 orthodoxorum.
2003 5108 2060 5164 In

497 5169 618 5223 aliis
642 5170 803 5239 hujus
837 5171 1049 5238 generis
1081 5169 1354 5236 formulis,
1395 5169 1589 5240 quales
1624 5187 1924 5229 occurrunt
1954 5194 2063 5232 non

497 5254 714 5313 pauca,
733 5241 997 5313 quasdam
1028 5250 1233 5294 tractas
1258 5257 1325 5294 ex
1357 5244 1523 5313 veteri
1566 5243 1856 5313 disrziplina
1890 5246 2063 5303 fuisse

497 5309 752 5387 credibile
792 5320 914 5387 est_:
948 5311 1108 5363 istam
1143 5327 1249 5387 non
1283 5312 1429 5365 item.
1452 5311 1585 5387 Nam
1616 5309 1831 5387 planam
1856 5326 1909 5369 et
1941 5335 2064 5387 per-

496 5379 739 5457 spicuam
755 5381 1056 5457 orationem
1079 5383 1320 5457 continet
1343 5398 1439 5451 pro
1453 5379 1782 5457 Qltristianis
1799 5379 2060 5457 principi~

494 5448 619 5512 bus,
648 5450 963 5523 utinimicis
990 5450 1111 5523 fidei
1130 5448 1450 5523 superiores
1470 5454 1602 5506 fiant
1623 5448 1813 5508 divino
1830 5448 2056 5523 auxilio,

494 5528 552 5591 et
581 5534 691 5591 pro
720 5519 1017 5573 infidelium
1059 5522 1439 5585 debellatione,
1492 5524 1639 5591 quod
1686 5540 1792 5591 qna
1846 5519 2060 5583 ratione

494 5540 548 5571 Cl.
582 5540 677 5586 pro
721 5540 1017 5573 Ittlluetlum
1059 5540 1439 5585 uenettaumm,
1492 5540 1639 5591 quoa
1727 5541 1792 5578 na
1846 5540 2059 5583 ratione

493 5586 821 5660 Christianis
869 5592 1135 5652 moribus,
1170 5592 1377 5660 legibus
1416 5540 2059 5660 ipsorum$rientalium

494 5658 903 5737 ecclesiasticis,
945 5670 999 5714 et
1024 5658 1286 5737 exemplis
1321 5658 1614 5717 convenire
1644 5666 1839 5737 possit,
1887 5671 2061 5737 expli-

495 5742 621 5783 care
647 5728 803 5786 facile
828 5746 936 5784 non
967 5741 1067 5786 est.
1104 5728 1238 5785 Nam
1284 5747 1443 5787 orare
1470 5748 1569 5803 pro
1596 5728 1938 5806 principibus
1960 5728 2057 5793 ’ἰη-

2246 4535 2470 4590 Elevans
2504 4551 2696 4589 vocem.
2728 4532 2835 4588 Eos
2876 4534 2968 4602 qui
3008 4549 3174 4603 super
3202 4543 3409 4603 petram
3453 4535 3761 4590 inconcus-

2174 4643 2289 4683 sam
2328 4625 2689 4680 confessionis
2721 4625 3056 4693 apostolica,
3089 4625 3516 4690 aditicaverunt,
3550 4634 3605 4679 et
3641 4636 3763 4680 sta-

2174 4721 2468 4775 biliverunt
2521 4718 2706 4783 fidem,
2752 4716 3228 4785 extenderuntque
3278 4724 3332 4770 et
3379 4716 3759 4772 dilataverunt

2177 4811 2474 4867 tentorium
2517 4808 2775 4864 Ecclesia
2822 4818 2949 4875 tua,
2990 4824 3021 4861 a
3062 4809 3261 4862 finibus
3289 4824 3465 4877 usque
3494 4808 3562 4861 ad
3614 4809 3759 4863 ﬁnes

2178 4912 2374 4957 terra:
2414 4904 2507 4972 qui
2544 4902 2951 4957 adificaverunt
2980 4902 3123 4956 ovile
3207 4913 3361 4957 tuum
3396 4904 3448 4956 in
3488 4902 3755 4959 universa

2179 5005 2323 5049 terra
2376 4993 2665 5047 habitabili
2711 5010 2724 5045 :
2779 4994 2871 5061 qui
2912 4994 2967 5047 in
3021 4993 3193 5062 pratis
3235 4993 3641 5063 spiritualibus,
3699 5005 3761 5050 et

2172 5108 2421 5165 fidelibus
2472 5105 2628 5175 jubet
2675 5106 2985 5159 Christiana
3039 5105 3274 5173 religio,
3325 5113 3379 5158 et
3434 5107 3755 5163 testimonia

2171 5180 2343 5233 multa
2369 5187 2638 5241 veterum,
2666 5187 2724 5230 ut
2748 5177 3131 5229 Alexandrina
3164 5175 3413 5229 Historia
3455 5178 3635 5244 palam
3670 5178 3755 5231 fa-

2172 5250 2325 5304 ciunt
2353 5288 2367 5312 ,
2401 5256 2455 5300 et
2486 5246 2818 5317 Aﬁgyptiaca
2850 5262 3068 5317 quoque
3092 5246 3369 5315 Liturgia,
3398 5249 3463 5300 ad
3501 5264 3643 5315 quas
3674 5252 3756 5301 vi-

2172 5320 2348 5373 denda
2381 5333 2501 5387 qua
2529 5316 2858 5387 notavimus.
2896 5316 3079 5385 Neque
3110 5317 3203 5368 ulli
3239 5333 3434 5387 exiquo
3466 5316 3755 5373 Muhame—

2173 5390 2300 5443 dani
2347 5385 2531 5441 rerum
2574 5388 2627 5440 in
2666 5385 2887 5441 Oriente
2920 5387 3075 5455 politi
3105 5398 3253 5448 sunt,
3299 5386 3586 5451 Jacobita,
3616 5391 3753 5444 tales

2160 5460 2435 5527 principes
2464 5459 2793 5521 habuerunt,
2825 5459 3017 5526 quales
3045 5458 3147 5511 hac
3177 5458 3427 5511 oratione
3453 5460 3752 5527 designan-

2163 5540 2272 5593 tur,
2315 5530 2459 5597 qnod
2490 5529 2774 5581 notavitin
2817 5528 3231 5582 Commentario
3258 5528 3322 5581 ad
3364 5529 3516 5583 hunc
3564 5531 3748 5584 locum

2160 5599 2451 5659 Barsalibi,
2484 5601 2579 5667 qui
2622 5601 2786 5669 etiam
2837 5599 3148 5652 abbreviari
3200 5599 3483 5669 diptycha,
3537 5603 3645 5654 hac
3678 5603 3745 5653 de

2160 5685 2327 5742 causa
2356 5678 2605 5742 testatur.
2634 5667 2761 5742 llaec
2781 5670 2947 5739 igitur
2980 5669 3218 5742 formula
3244 5667 3387 5723 inter
3428 5671 3749 5742 singulares

2158 5749 2212 5793 et
2238 5740 2527 5795 inusitatas
2558 5740 2775 5795 videtur
2801 5738 3135 5809 reponenda.
