3834 6220
410 297 515 354 615
977 288 1033 343 S.
1070 282 1499 343 CLEMENTISI
1539 278 1704 334 ROM.
1745 274 1945 331 PONT.
1986 273 2215 331 OPEBA
2253 274 2478 332 DUBIA.
2516 306 2579 314 —
2604 266 2999 327 LITURGICA.
3562 265 3677 319 616

410 412 668 477 tradidit,
695 409 750 464 in
781 422 891 477 qua
912 404 1229 474 consignata
1256 407 1384 454 sunt
1404 402 1672 466 praecepta
1711 401 1765 444 et
1797 404 1985 443 norma
2016 393 2062 449 Α
2090 399 2145 445 et
2180 387 2463 459 sanguinis
2508 384 2682 441 sancti
2737 398 2859 451 quae
2896 384 2950 436 in
3003 384 3083 435 eis
3108 392 3236 436 sunt
3258 423 3274 448 ,
3326 374 3678 435 mererem".-

410 503 709 575 dirigenda:
740 501 866 555 vitae.
905 506 1143 557 nostrae;
1181 502 1235 548 et
1274 505 1399 546 cum
1440 487 1658 551 fiducia,
1688 482 1868 554 qualis
1902 482 1988 535 di—

412 600 583 654 lectos
605 595 748 649 filios
778 593 953 655 decet,
983 590 1302 643 invocemus
1332 591 1383 637 te
1410 580 1579 633 Deum
1620 576 1836 630 Patrem
1876 588 1990 628 cre-

412 692 627 757 lestem,
651 701 876 743 oremus
905 694 960 738 et
980 682 1229 737 dicamus
1262 695 1275 730 :
1308 674 1472 729 Pater
1492 669 1804 739 noster,qui
1834 682 1894 722 es
1935 666 1991 719 in

414 786 591 841 ccelis.

489 896 748 969 Populus.
779 890 1182 952 Sanctiticetur,
1213 892 1318 939 etc.

490 990 747 1047 Sacerdos
772 986 976 1040 elevans
1000 995 1194 1035 vocem.
1226 975 1389 1030 Pater
1419 971 1630 1044 gratiae.
1663 983 1694 1021 a
1725 980 1834 1036 quo
1867 977 1993 1033 pro-

420 1085 565 1141 cedit
595 1093 649 1137 et
695 1080 871 1134 oritur
919 1074 1182 1130 sanctitas
1214 1067 1443 1131 sanctis,
1476 1060 1730 1117 adveniat
1767 1070 1994 1127 regnum

418 1188 597 1238 tuum,
626 1173 773 1244 quod
815 1174 1039 1238 superat
1079 1162 1265 1219 omnia
1303 1172 1493 1228 regna,
1538 1153 1605 1207 ad
1637 1148 1995 1206 salvationem

419 1278 666 1326 nostram
707 1282 720 1317 :
754 1274 809 1319 et
834 1278 902 1317 ne
933 1260 1159 1315 inducas
1186 1269 1286 1309 nos
1316 1252 1369 1305 in
1399 1246 1776 1308 tentationem,
1816 1247 1912 1295 aut
1941 1237 1996 1291 in

421 1361 800 1419 confusionem
849 1363 905 1409 et
945 1350 1289 1407 atllictionem
1327 1359 1340 1395 :
1370 1341 1461 1397 sed
1506 1339 1673 1393 libera
1703 1348 1805 1388 nos
1828 1347 1858 1385 a
1884 1329 2002 1383 vio-

421 1453 589 1509 lentia
614 1447 815 1504 diaholi
840 1454 895 1500 et
933 1441 1227 1512 spirituum
1269 1432 1658 1501 malignorum,
1681 1432 1735 1479 et
1762 1418 2000 1492 potentia

423 1542 731 1611 deceptoris
764 1556 777 1590 :
812 1535 939 1605 quia
967 1541 1123 1585 tuum
1152 1536 1238 1581 est
1263 1520 1577 1591 imperium,
1603 1514 1780 1587 gloria
1807 1520 1863 1567 et
1895 1525 1997 1579 po-

425 1601 691 1695 testa-set
715 1601 979 1697 unigeniti
1008 1619 1133 1675 Filii
1168 1616 1271 1682 tui,
1300 1625 1354 1669 et
1379 1610 1621 1682 Spiritus
1655 1606 1733 1660 tui
1767 1601 1965 1659 sancti.

497 1723 756 1794 Populus.
789 1720 983 1772 Amen.

501 1813 781 1870 Sacerdos.
812 1808 945 1861 Pax.

500 1904 757 1975 Populus.
780 1900 845 1953 Et
881 1912 1005 1951 cum
1024 1892 1221 1963 spiritu
1254 1899 1367 1943 tuo.

506 1998 793 2052 Diaconus.
832 1990 993 2055 Ante,
1032 1994 1137 2040 etc.

502 2089 762 2161 Populus.
790 2085 989 2140 Curam
1017 2089 1089 2140 te,
1118 2074 1366 2130 Domine.

506 2182 785 2241 Sacerdos.
810 2177 932 2232 Tibi
968 2176 1068 2231 soli
1101 2172 1439 2227 inclinantur
1487 2162 1625 2218 colla
1658 2158 1904 2214 omnium
1949 2153 2005 2209 in

431 2276 633 2349 quibus
664 2273 847 2327 anima
877 2268 1003 2322 vita:
1033 2273 1137 2329 est,
1170 2271 1224 2316 et
1254 2275 1284 2314 a
1330 2267 1383 2311 te
1411 2253 1690 2326 postulant
1717 2244 2005 2303 remissio-

434 2384 561 2426 nem
591 2364 836 2421 omnium
884 2353 1422 2432 praevaricationum,
1456 2360 1579 2417 qua:
1607 2359 1701 2413 per
1728 2340 2006 2411 negligen-

434 2468 565 2518 tiam
610 2456 921 2514 commissa:
966 2459 1114 2507 sunt.
1159 2446 1243 2501 Tu
1291 2452 1472 2498 autem
1518 2452 1613 2508 per
1661 2438 2005 2490 constantem

434 2550 869 2611 misericordiam
902 2556 1050 2601 tuam
1074 2542 1193 2597 dele
1216 2547 1269 2594 et
1296 2534 1449 2591 aufer
1478 2545 1669 2586 omnes
1695 2524 2011 2596 iniquitates

440 2656 683 2707 nostras,
706 2651 761 2697 et
791 2654 955 2711 parce
982 2635 1141 2691 nobis
1170 2647 1266 2702 per
1293 2639 1537 2683 amorem
1564 2632 1717 2676 tuum
1752 2631 1878 2687 erga
1910 2614 2006 2668 ho-

440 2740 636 2794 mines.
670 2733 847 2787 Etiam
874 2735 1073 2800 praasta
1106 2723 1285 2788 nobis,
1337 2728 1396 2773 ut
1444 2730 1569 2771 cum
1620 2713 1817 2766 anima:
1851 2712 2011 2761 cauta

439 2828 860 2902 praeparatione,
882 2831 938 2878 et
967 2819 1150 2877 cordis
1181 2812 1469 2873 munditie,
1503 2805 1710 2863 sanctis
1731 2802 1843 2857 tuis
1869 2812 2015 2855 cont-

443 2921 807 2982 municemus,
845 2923 899 2970 et
927 2914 1037 2969 sint
1079 2908 1241 2965 nobis
1286 2908 1339 2960 in
1381 2903 1580 2973 pignus
1613 2893 1909 2965 voluptatis
1958 2891 2014 2944 in

443 3026 708 3072 :eternum
743 3019 1141 3081 permansurae,
1198 3015 1295 3069 per
1332 2995 1563 3067 gratiam
1610 2998 1664 3044 et
1702 2984 2018 3042 misericor-

2091 482 2367 550 acciperc,
2412 488 2575 549 atque
2618 478 3026 533 communicare
3082 474 3262 543 ipsis:
3301 472 3587 543 fecistique
3610 482 3681 526 ut

2090 589 2337 629 essemus
2381 572 2621 626 haeredes
2661 578 2973 625 sanctorum
3004 577 3244 632 tuorum,
3272 580 3514 631 oramus,
3565 566 3678 618 Oil-

2091 684 2373 725 secramus
2394 676 2449 722 et
2472 666 2830 736 deprecamur
2872 676 2943 732 te,
2990 679 3024 718 o
3049 664 3313 726 clemens,
3346 670 3405 716 ut
3431 676 3539 715 non
3572 675 3681 714 ex-

2091 760 2279 830 quiras
2306 776 2336 813 a
2363 758 2519 813 nobis
2535 766 2780 812 exactam
2807 757 2953 810 illam
2977 754 3410 810 observationem
3429 763 3482 808 et
3501 753 3682 807 casti-

2094 851 2355 918 moniam,
2381 851 2527 905 circa
2557 851 2648 904 illa
2684 848 2963 919 mysteria,
2997 862 3065 900 ne
3090 845 3518 900 condemnemur
3538 858 3676 897 cum

2094 948 2162 1004 iis
2177 948 2269 1017 qui
2290 958 2340 1003 te
2366 963 2475 1003 non
2503 956 2793 1010 n0verunt,
2827 944 2893 998 ad
2927 943 3204 998 cruciatus
3229 941 3369 1010 ignis
3400 939 3680 994 inexstin-

2095 1040 2315 1110 guihilis
2347 1059 2359 1094 :
2398 1040 2491 1095 sed
2523 1054 2619 1109 per
2655 1038 2884 1106 gratiam
2918 1044 3092 1097 tuam,
3125 1049 3247 1087 cum
3281 1032 3405 1085 liliis
3448 1031 3680 1099 nuptia-

2096 1149 2218 1188 rum
2251 1140 2466 1186 tuarum
2491 1131 2771 1201 quiescere
2801 1143 2902 1183 nos
2923 1127 3073 1197 jube,
3099 1134 3153 1180 et
3180 1139 3303 1179 cum
3332 1123 3484 1191 agnis
3508 1137 3683 1175 mun-

2098 1226 2184 1281 dis
2209 1225 2263 1278 in
2290 1223 2544 1294 paradiso
2588 1221 2673 1276 fac
2706 1236 2807 1275 nos
2833 1217 3201 1279 discumbere,
3232 1224 3293 1268 ut
3318 1228 3440 1268 cum
3478 1212 3589 1266 illis
3618 1217 3683 1265 et

2102 1321 2244 1376 inter
2271 1334 2368 1375 eos
2394 1319 2689 1373 offeramus
2717 1315 2812 1370 tibi
2841 1314 3068 1384 gloriam
3094 1318 3148 1365 et
3170 1310 3468 1381 gratiarum
3497 1306 3686 1362 actio—

2102 1428 2247 1468 nem.

2177 1524 2433 1595 Populus.
2464 1524 2661 1577 Amen.

2177 1615 2454 1670 Sacerdos.
2486 1614 2619 1669 Pax.

2180 1708 2437 1780 Populus.
2470 1706 2681 1763 Etcum
2710 1704 2901 1775 spiritu
2930 1713 3043 1758 tuo.

2177 1802 2467 1857 Diaconus.
2502 1799 2649 1854 Post.

2180 1893 2437 1963 Populus.
2467 1890 2665 1945 Coram
2697 1900 2766 1954 te,
2803 1888 3048 1944 Domine.

2181 2009 2461 2064 Sacerdos.
2498 2007 2697 2061 Coram
2727 2012 2800 2069 te,
2825 2002 3053 2057 Domine
3086 1998 3230 2055 Deus
3259 2008 3467 2065 noster,
3516 1995 3685 2052 incli-

2111 2119 2308 2159 namus
2323 2102 2458 2157 colla
2479 2098 2788 2154 animarum
2802 2104 2855 2151 et
2874 2109 3164 2164 corporum
3184 2101 3524 2153 nostrorum,
3548 2089 3686 2159 quia

2113 2212 2221 2251 non
2274 2209 2468 2250 sumus
2500 2190 2849 2255 sufﬁcientes,
2894 2187 2960 2241 ad
3002 2184 3342 2240 referendam
3378 2181 3683 2253 gratiarum

2113 2292 2385 2345 actionem
2420 2286 2689 2357 majestati
2726 2292 2850 2350 tute,
2907 2281 3097 2352 quales
3147 2279 3469 2335 deberemus
3516 2273 3671 2329 retri-

2108 2384 2277 2439 buere
2309 2382 2376 2437 ad
2408 2390 2588 2453 grates
2610 2378 2849 2450 agendas
2885 2375 3006 2441 tibi,
3037 2373 3129 2429 sed
3155 2373 3254 2427 has
3277 2366 3685 2428 tantummodo,
3760 2381 3767 2391 '

2110 2478 2237 2547 quia
2267 2476 2450 2531 omnia
2474 2474 2613 2529 dona
2646 2484 2987 2543 quascunque
3016 2466 3303 2530 habemus,
3336 2478 3403 2517 ex
3447 2472 3502 2515 te.
3530 2466 3686 2514 sunt.

2113 2569 2189 2624 Da
2226 2568 2404 2633 nobis,
2437 2566 2686 2631 Domine,
2736 2578 2897 2619 voces
2943 2558 3215 2617 sermonis
3262 2555 3524 2625 dignitate
3558 2551 3690 2606 ani-

2112 2671 2308 2723 matas,
2344 2668 2404 2713 ut
2429 2655 2697 2712 sulliciant
2726 2653 2792 2708 ad
2815 2652 3138 2721 condignam
3164 2645 3693 2711 convenientemque

2117 2752 2194 2806 tui
2226 2750 2615 2805 laudationem.
2665 2743 2711 2800 Ο
2742 2745 2983 2799 clemens
3013 2741 3107 2811 qui
3138 2740 3298 2794 nobis
3340 2737 3467 2791 licet
3519 2735 3692 2789 etiam

2117 2855 2259 2899 terra
2292 2841 2499 2912 indigni
2545 2840 2741 2904 simus,
2778 2837 2960 2891 claves
3005 2834 3247 2887 thesauri
3300 2832 3377 2884 tui
3408 2841 3697 2884 commen-

2116 2936 2278 3001 dasti,
2324 2943 2379 2989 et
2423 2948 2588 3002 super
2615 2944 2840 3001 regnum
2872 2938 3025 2982 tuum
3058 2941 3159 2980 nos
3200 2939 3323 2978 cum
3366 2920 3698 2975 auctoritate

2120 3024 2489 3099 praeposuisti,
2536 3030 2735 3092 praesta
2767 3019 2927 3073 nobis
2977 3026 3039 3070 ut
3068 3017 3121 3069 in
3148 3021 3262 3068 toto
3294 3011 3528 3065 decursu
3570 3008 3700 3059 vitae

444 3110 590 3164 diam
614 3114 669 3160 et
717 3115 959 3157 amorem
988 3110 1117 3166 erga
1153 3089 1403 3147 homines
1441 3081 1713 3155 unigeniti
1754 3078 1877 3133 Filii
1915 3074 2015 3142 tui,
2045 3090 2088 3149 ρ
2122 3074 2508 3143 ’Ἥρη-πῖ,
3008 3126 3017 3136 .
3194 3121 3206 3131 ἢ
3565 3099 3577 3109 ⁹

2124 3126 2343 3181 ηοειηθ,
2389 3127 2727 3185 pun-coram
2764 3118 2816 3163 te
2848 3121 3230 3177 appateamus,
3277 3110 3330 3156 et
3379 3117 3407 3155 a
3454 3106 3702 3153 vanitate

445 3216 540 3273 per
562 3212 745 3269 quem,
777 3206 882 3248 etc.

519 3289 781 3360 Populus.
808 3286 1009 3337 Amen.

522 3383 805 3438 Sacerdos.
832 3376 965 3430 Pax.

524 3473 784 3545 Populus.
819 3469 1029 3523 Etcum
1061 3466 1256 3536 spiritu
1283 3470 1399 3517 tuo.

525 3565 805 3623 Sacerdos.
842 3563 944 3616 Sit.

526 3660 816 3714 Diaconus.
839 3654 976 3709 Cum
1007 3654 1225 3715 timore,
1256 3655 1362 3702 etc.

527 3749 799 3808 Sacerdos.
840 3746 1039 3801 Sancta
1068 3740 1293 3797 sanctis.

527 3842 784 3913 Populus.
816 3837 970 3894 Unus
1001 3836 1159 3889 Pater
1185 3840 1428 3887 sanctus.

528 3934 819 3989 Diaconus.
849 3928 1067 3983 Stemus
1098 3926 1375 3980 decenter.

531 4025 791 4097 Populus.
820 4021 1036 4077 Gratias
1054 4018 1291 4088 agimus.

531 4096 809 4175 Sacerdos.
842 4112 1019 4175 Nunc,
1046 4110 1296 4173 Domine,
1328 4104 1550 4177 quando
1581 4101 1806 4172 quidem
1832 4096 2029 4152 invita-

464 4221 550 4267 tos
571 4210 639 4265 ad
679 4221 904 4279 regnum
929 4212 1082 4258 tuum
1124 4198 1303 4253 fecisti
1331 4210 1458 4258 nos,
1495 4208 1593 4263 per
1627 4188 2029 4259 susceptionem

465 4313 930 4360 sacramentorum
951 4305 1170 4350 tuorum
1198 4296 1513 4347 sanctorum
1537 4293 1591 4340 et
1610 4280 2027 4343 viviticantium,

465 4396 665 4468 quibus
689 4394 883 4464 dignos
907 4384 1205 4461 praestitisti
1222 4396 1345 4451 nos,
1371 4380 1445 4434 ita
1468 4388 1528 4433 ut
1551 4384 1757 4447 partem
1784 4372 2031 4443 corporis

2123 3208 2422 3272 mundana,
2452 3221 2482 3260 a
2505 3200 2926 3273 cogitationibus
2958 3195 3209 3261 terrenis,
3236 3209 3266 3247 a
3297 3191 3538 3245 motibus
3565 3202 3702 3256 pas-

2122 3303 2362 3367 sionum,
2387 3308 2440 3353 et
2465 3296 2713 3352 remissis
2759 3288 3198 3363 cogitationibus,
3232 3299 3428 3340 sensus
3473 3291 3705 3334 nostros

2124 3393 2369 3448 occultos
2388 3397 2443 3445 et
2476 3386 2801 3442 manifestos
2829 3394 3048 3437 remove
3074 3397 3088 3432 :
3113 3386 3275 3447 atque
3299 3389 3395 3444 per
3420 3369 3706 3426 fortitudi-

2123 3501 2249 3540 nem
2280 3483 2533 3554 potentiae
2552 3488 2658 3535 tua:
2681 3476 2909 3533 extende
2934 3487 3097 3541 super
3122 3484 3222 3525 nos
3242 3468 3522 3524 dexteram
3547 3472 3701 3516 tuam

2124 3578 2307 3633 omnia
2330 3574 2799 3645 complectentem,
2835 3566 3176 3634 benedicque
3210 3561 3381 3617 servis
3416 3567 3472 3615 et
3504 3557 3708 3611 adora-

2127 3671 2338 3725 toribus
2377 3670 2509 3733 tuis,
2538 3665 2632 3735 qui
2682 3662 2915 3719 salutem
2972 3657 3151 3726 adepti
3192 3663 3321 3710 sunt
3364 3667 3459 3721 per
3499 3663 3705 3703 nomen

2127 3771 2280 3817 tuum
2320 3770 2596 3823 sanctum,
2641 3764 2695 3810 et
2719 3754 2805 3808 fac
2830 3768 2931 3807 nos
2954 3748 3152 3817 templa
3188 3742 3545 3800 habitationis
3569 3748 3705 3804 tua,

2127 3863 2181 3908 et
2202 3854 2381 3907 locum
2403 3847 2753 3904 habitationis
2778 3843 2961 3915 gloria:
2985 3854 3092 3895 tua:
3125 3857 3139 3892 :
3172 3846 3231 3891 ut
3258 3836 3311 3889 in
3332 3835 3419 3888 die
3442 3832 3536 3886 illo
3557 3844 3711 3884 novo

2132 3954 2188 4001 et
2225 3954 2462 4008 aeterno,
2506 3941 2561 3994 in
2609 3951 2779 4008 regno
2810 3944 2904 3989 tuo
2938 3934 3206 3992 lmtemur,
3235 3937 3290 3981 et
3316 3940 3409 3995 per
3439 3932 3489 3977 te
3521 3922 3708 3976 salve-

2130 4054 2274 4104 mur,
2301 4046 2357 4091 et
2386 4034 2688 4090 referamus
2723 4029 2821 4085 tibi
2851 4027 3076 4097 gloriam
3099 4033 3153 4079 et
3186 4022 3486 4093 gratiarum
3524 4014 3709 4070 actio-

2131 4146 2279 4194 nem,
2303 4137 2359 4183 et
2386 4126 2534 4182 Patri
2560 4134 2656 4179 tuo
2685 4131 2741 4178 et
2759 4119 2986 4191 Spiritui
3015 4124 3232 4182 sancto,
3256 4126 3422 4176 nunc,
3446 4116 3557 4164 etc.

2204 4244 2464 4315 Populus.
2504 4242 2699 4296 Amen.

2206 4359 2496 4413 Diaconus.
2525 4352 2783 4418 Benedic,
2814 4346 3065 4411 Domine,
3093 4353 3197 4399 etc.

3828 378 3834 445 4
