3834 6220
412 257 514 314 619

1512 237 1845 295 APPENDIX
1886 237 1977 291 AD
2019 236 2073 289 S.
2114 228 2550 289 CLEMENTEM.

3542 215 3658 272 6‘20

410 403 556 478 quod
583 401 648 457 ad
680 396 933 454 Davidcm
953 395 1090 451 dixit
1111 437 1123 447 .
1152 392 1227 447 De
1251 392 1427 461 fructu
1458 388 1651 441 ventris
1679 386 1755 439 tui
1788 401 1978 455 ponam

2116 384 2197 433 Ελι
2226 376 2459 445 καρποῦ
2509 372 2618 441 τῆς
2675 369 2915 432 κοιλίας
2947 382 3063 421 σου
3111 361 3365 433 θήσομαι
3410 360 3509 415 ἐπὶ
3547 360 3661 413 τοῦ

2172 470 2182 478 .
2489 464 2530 478 Ir
2572 465 2585 478 ι
2663 457 2723 478 TA
2810 460 2833 478 θ
2868 458 2890 478 ἱ.
2936 456 3157 478 οτι-μθ-..
3193 453 3283 478 --π
3331 454 3616 478 ---.-.ζ-Α..
3642 469 3657 478 .

410 514 565 569 super
601 494 773 549 sedem
800 501 944 544 tuam
972 502 1021 543 ιι.
1049 487 1359 553 iterumque
1398 497 1493 552 per
1512 479 1710 535 Isaiam
1742 477 1975 547 prophe-

413 603 544 657 tam,
577 587 723 659 quod
761 583 922 653 Virgo
947 582 999 634 in
1019 590 1167 633 utero
1185 577 1461 644 concipiet,
1503 583 1551 627 et
1583 572 1751 643 pariet
1779 570 1974 640 ﬁlium,

410 692 460 738 et
491 678 763 736 vocabitur
787 688 974 729 nomen
1002 670 1115 740 ejus
1144 665 1459 721 Emmanuel
1485 665 1535 720 δ.

487 773 574 826 ΙΙΙ.
606 770 651 822 Α
680 764 1008 822 Christianis
1030 776 1161 815 vero
1192 760 1313 813 ideo
1342 766 1396 812 et
1427 755 1600 826 magis
1629 753 1977 824 diligebatur,

415 867 544 938 quia
605 859 945 929 singularum
1003 852 1290 922 regionum
1339 862 1606 919 pauperes
1654 843 1979 899 nominatim

415 934 655 1016 habebat
684 951 950 1020 scriptos;
977 953 1031 999 ct
1063 959 1155 999 eos
1177 957 1318 1013 quos
1371 937 1719 1009 baptismatis
1775 934 1980 991 sancti-

416 1048 599 1105 monia
627 1045 1014 1101 illustraverat,
1048 1050 1157 1090 non
1197 1030 1411 1087 sinebat
1457 1028 1732 1099 publicam
1775 1023 1985 1080 mendi-

417 1135 893 1198 sitatem'subire.
962 1128 1293 1196 Quotidiano
1352 1135 1532 1178 autem
1599 1118 1987 1191 praedicatione

417 1234 721 1289 mediocres
745 1242 809 1282 ac
836 1224 1031 1280 divites
1075 1218 1405 1274 admonebat
1431 1230 1498 1269 ne
1545 1219 1859 1283 paterentur
1890 1209 1987 1263 ba-

417 1319 974 1397 ptismoilluminatos
1004 1326 1292 1384 pauperes,
1324 1324 1355 1363 a
1401 1306 1603 1361 ludatis
1645 1310 1741 1358 aut
1770 1300 1987 1371 gentili-

419 1420 523 1473 bus
567 1412 815 1486 publicos
859 1408 1012 1463 cibos
1042 1403 1317 1472 accipere,
1348 1408 1402 1455 et
1429 1399 1595 1453 vitam
1647 1397 1987 1467 baptismatis

419 1503 833 1565 consecratione
886 1496 1237 1557 mundatam,
1282 1490 1442 1545 donis
1479 1488 1763 1561 gentilium
1802 1486 1987 1557 inqui-

421 1616 582 1745 nailli.
639 1686 757 1752 His,
806 1692 1105 1748 eorumque
1150 1675 1399 1746 pluribus
1448 1672 1709 1727 virtutum
1765 1669 1991 1725 ﬂoribus

2079 470 2296 538 θρόνου
2318 484 2456 521 σου.
2489 464 2595 518 Kal.
2627 457 2780 524 αὖθις
2806 458 2893 512 διὰ
2936 456 3159 510 Ἦσαῖου
3191 453 3285 507 τοῦ
3330 454 3619 525 προφήτου
3642 469 3657 481 ·

2080 562 2203 613 Ὅτι
2235 559 2274 626 ἡ
2322 552 2702 623 παρθένοςὲν
2742 547 2954 620 γαστρί
2989 546 3269 614 λήψεται,
3298 542 3395 597 καὶ
3425 542 3662 606 τέξεται

2076 652 2239 716 υἱὸν,
2263 647 2360 701 καὶ
2376 643 2739 713 κληθήσεται
2760 640 2823 694 τὸ
2843 640 3029 708 ὄνομα
3047 635 3235 691 αὐτοῦ
3259 633 3658 704 Ἐμμανουήλ.

2148 742 2242 794 lli.
2273 737 2431 810 Παρά
2459 735 2515 788 δὲ
2550 732 2907 815 ,Χριστιανοῖς
2929 768 2944 792 ,
2976 728 3065 781 διὰ
3062 726 3262 806 ..τοῦτο
3310 725 3405 778 καὶ
3458 722 3666 794 μᾶλλον

2077 831 2347 904 ἠγαπᾶτο,
2373 826 2560 896 ἐπειδὴ
2584 826 2710 887 τοὺς
2743 821 2863 876 καθ’
2876 820 3112 890 έκάστην
3150 815 3527 888 1⁵’-⁸⁴’ῥεγείἰι›να
3564 815 3668 868 πέ-

2082 943 2247 997 νητας
2278 924 2397 977 κατ’
2424 923 2594 992 ὄνομα
2628 916 2739 990 εἶχε
2764 914 3182 989 γεγραμμένους
3199 930 3213 944 ο
3235 911 3330 965 καλ⁸
3348 908 3440 972 οὓς
3461 907 3538 978 τῷ
3564 906 3667 960 τοῦ

2085 1015 2457 1087 βαπτίσματος
2489 1010 2744 1081 ἁγιασμῷ
2768 1008 3049 1079 ἐφώτιζεν,
3081 1006 3143 1058 οὐ
3171 1000 3460 1072 συνεχώρει
3486 1000 3669 1069 δημο-

2085 1107 2202 1160 σίαν
2227 1105 2519 1175 ἀπαίτησιν
2546 1102 2816 1157 ὑπελθεῖν.
2850 1099 2940 1171 Τῷ
2966 1098 3023 1151 δὲ
3056 1096 3176 1151 καθ’
3199 1095 3412 1166 ἡμέραν
3448 1088 3669 1161 κηρύγ-

2088 1215 2216 1270 ματι
2240 1196 2367 1260 τούς
2412 1213 2472 1248 τε
2521 1192 2774 1266 μετρίους
2824 1192 2919 1245 καὶ
2940 1187 3228 1250 πλουσίους
3271 1183 3535 1239 ἐνουθέτει
3567 1180 3670 1233 τοῦ

2089 1292 2162 1362 μὴ
2181 1289 2466 1360 ἀνέχεσθαι
2486 1287 2614 1350 τοὺς
2635 1283 3079 1355 πεφωτισμένους
3100 1281 3333 1351 πένητας
3354 1276 3506 1348 παρά
3534 1276 3673 1327 Ἰου-

2085 1380 2245 1434 δαίων
2276 1380 2308 1451 ῆ
2363 1378 2625 1449 Ἐλλήνων
2670 1374 2905 1448 δημόσια
2930 1374 3036 1443 ὄψα
3068 1370 3384 1443 λαμϐάνειν,
3425 1369 3518 1422 καὶ
3550 1366 3674 1437 βίον

2085 1474 2153 1543 τῇ
2206 1470 2301 1524 τοῦ
2358 1470 2729 1541 βαπτίσματος
2775 1462 3104 1538 καθιερώσει
3149 1460 3555 1531 κεκαθαρμένον
3598 1457 3670 1521 ⁸⁸,

2087 1564 2421 1637 χαρίσμασιν
2467 1562 2733 1632 Ἐλλήνων
2766 1556 3105 1631 χραίνεσθαι.

2166 1676 2255 1733 IV.
2295 1677 2538 1739 Τούτοις,
2572 1673 2891 1728 καὶτούτων
2910 1670 3149 1751 πλείοσιν
3179 1665 3543 1739 ἀνδραγαθίας
3570 1665 3671 1719 ἀν-

425 1799 550 1840 cum
582 1780 714 1846 Deo,
757 1785 873 1830 tum
914 1769 1127 1827 cunctis
1173 1774 1353 1822 mente
1394 1764 1635 1835 praeditis
1676 1763 1992 1818 hominibus

2116 1776 2209 1820 lEO't
2237 1766 2315 1837 τῷ
2347 1783 2407 1818 τε
2436 1763 2555 1834 Θεῷ
2581 1764 2673 1817 καὶ
2712 1764 2876 1816 πᾶσιν
2921 1759 3227 1832 ἀνθρώποις
3260 1758 3545 1828 ὲχέφροσιν
3581 1756 3676 1807 εύ-

424 1876 673 1949 placebat
708 1891 721 1925 :
753 1884 879 1925 nam
911 1872 1092 1921 mente
1114 1861 1424 1917 carentibus
1452 1859 1662 1928 placere
1685 1873 1792 1912 non
1820 1864 1995 1926 potest

2116 1860 2333 1932 γρέστει.
2367 1859 2491 1920 Τοῖς
2512 1855 2620 1926 γάρ
2642 1854 2943 1923 ἀλογίστοις
2961 1853 3214 1924 ἀρέσκειν
3238 1848 3515 1911 ἀδύνατον,
3532 1848 3678 1915 ὅπερ

427 1932 480 2024 id
510 1966 654 2038 quod
687 1964 797 2017 Deo
827 1959 1038 2029 placere
1061 1954 1341 2024 probatur.
1365 1952 1541 2021 Atque
1569 1950 1689 2005 idco
1714 1949 1994 2003 hominum

2116 1949 2173 2019 τῷ
2218 1947 2336 2017 Θεῷ
2376 1945 2666 2016 εὐάρεστον
2704 1942 3104 1996 ἀποδείκνυται.
3136 1936 3337 1990 Τούτου
3369 1932 3461 1989 οὖν
3486 1935 3679 2007 ἕνεκεν

511 2008 654 2038 qm...
687 2008 794 2017 η-
829 2008 997 2029 τη---
1018 2008 1032 2010 _
1063 2008 1083 2024 τ
1456 2008 1468 2021 _

429 2057 656 2114 rationis
698 2051 1003 2123 expertium
1052 2044 1413 2102 contumelias
1449 2040 1604 2097 veriti
1635 2056 1745 2095 non
1779 2046 1906 2093 sunt
1933 2037 1995 2102 ii,

2116 2008 2193 2091 ιύκ
2224 2008 2493 2108 ἐφόϐησαν
2519 2035 2564 2067 ³⁸
2592 2034 2690 2096 τὰς
2743 2031 2928 2104 ὕϐρεις
2971 2029 3078 2083 τῶν
3124 2026 3419 2097 ἀλογίστων
3464 2008 3681 2095 ἀνθρώ-

428 2151 631 2221 quibus
680 2147 865 2202 animo
908 2144 1069 2207 sedit,
1116 2151 1457 2209 nequaquam
1497 2135 1689 2188 timere
1738 2132 1860 2185 illos
1903 2129 1996 2200 qui

2116 2147 2214 2183 των
2244 2130 2459 2191 ἐκεῖνοι,
2504 2119 2586 2189 οἷς
2621 2126 2653 2194 ἡ
2679 2122 2869 2194 γνώμη
2891 2121 3154 2191 ἐτύγχανε
3180 2118 3308 2181 τοὺς
3331 2116 3679 2188 ἀπαρέσκον-

430 2207 704 2312 plerisque
737 2238 1045 2306 displicent.
1078 2207 1424 2299 Quo'l‘actum
1458 2236 1559 2287 est,
1605 2233 1664 2277 ut
1697 2222 1995 2277 Sisinnium

2116 2239 2196 2285 τας
2234 2221 2277 2255 ⁸⁷
2320 2218 2589 2279 πλείστοις
2608 2216 2655 2247 ⁸⁸
2695 2215 2767 2286 μὴ
2808 2213 3028 2284 δειλιᾷν.
3060 2212 3221 2263 Ὅτου
3273 2209 3432 2279 χάριν
3480 2207 3680 2277 περιῆν

432 2332 777 2404 imperatoris
795 2328 984 2383 Nerva:
1002 2327 1237 2381 amicum
1264 2338 1372 2377 non
1390 2318 1631 2374 timuerit
1654 2315 2000 2371 beatissimus

2116 2309 2176 2381 ςῷ
2206 2305 2612 2380 μακαριωτάτῳ
2633 2303 2914 2374 Κλήμεντι
2940 2300 3018 2371 τῷ
3045 2299 3137 2353 τοῦ
3162 2299 3348 2371 θρόνου
3392 2296 3682 2366 Ῥωμαίων

431 2427 684 2482 Clemens
705 2422 851 2479 sedis
881 2420 1140 2475 Romana:
1155 2417 1463 2486 episcopus.

505 2598 571 2652 V.
613 2596 797 2665 Itaque
820 2608 943 2648 cum
978 2606 1070 2662 per
1106 2588 1279 2658 ipsius
1306 2584 1608 2641 doctrinam
1643 2594 1903 2638 conversa
1936 2580 2002 2634 ad

436 2692 608 2745 Deum
641 2703 782 2743 uxor
815 2683 1042 2739 Sisinnii
1069 2680 1383 2744 Theodora,
1425 2676 1675 2732 sedulum
1712 2673 1825 2727 Deo
1849 2672 2005 2726 exhi-

436 2786 587 2839 beret
616 2778 1000 2839 ministerium,
1025 2789 1143 2830 eam
1175 2770 1437 2842 zelotypia
1460 2769 1657 2823 ductus
1680 2765 1906 2820 maritus
1929 2764 2006 2818 la-

436 2875 593 2945 queis
608 2872 881 2926 invulvere
898 2868 1193 2930 nitebatur,
1209 2871 1585 2935 preperantem
1608 2860 1674 2915 ad
1694 2857 1977 2913 ecclesiam
1989 2897 2001 2909 .

2100 2398 2383 2468 ὲπισκόπῳ
2437 2396 2530 2449 τὸν
2573 2394 2724 2464 φίλον
2766 2392 2861 2446 τοῦ
2902 2390 3162 2463 βασιλέως
3201 2387 3416 2460 Νερούα
3471 2387 3550 2458 μὴ
3588 2403 3688 2456 φο-

2103 2489 2337 2544 ϐεῖσθαι.

2178 2580 2240 2635 ν.
2290 2578 2509 2649 Ἐπειδὴ
2528 2577 2706 2631 τοίνυν
2727 2578 2793 2651 τῇ
2822 2575 2987 2631 αὐτοῦ
3016 2575 3333 2648 διδασκαλία
3363 2576 3397 2646 ἡ
3421 2574 3560 2645 γυνὴ
3591 2572 3690 2626 τοῦ

2104 2668 2365 2723 Σισιννίου
2387 2666 2659 2739 Θεοδώρα,
2683 2667 3083 2739 ὲπιστραφεῖσα
3101 2665 3146 2696 θ’
3177 2664 3313 2733 πρὸς
3335 2664 3487 2725 Θεὸν,
3522 2679 3695 2715 σπου-

2103 2764 2259 2817 δαίαν
2292 2761 2463 2815 ἐτέλει
2500 2761 2600 2832 τὴν
2637 2759 3005 2831 λειτουργίαν,
3054 2756 3255 2827 ταύτην
3285 2757 3314 2807 ὁ
3350 2756 3492 2825 ἀνὴρ
3533 2754 3696 2824 ζηλο-

2104 2855 2372 2925 τυπήσας,
2396 2851 2721 2920 παγιδεῦσαι
2751 2849 3173 2921 κατηγωνίζετο,
3201 2848 3336 2919 πρὸς
3360 2848 3458 2918 τὴν
3488 2848 3694 2918 ἐκκλησ-

439 2939 506 3020 Et
533 2964 751 3035 quidem
781 2962 870 3015 illa
896 2958 1248 3030 ingrediente,
1279 2956 1391 3025 ipse
1420 2970 1513 3024 per
1535 2953 1701 3007 alium
1725 2950 2005 3005 introitum

2116 2945 2228 2999 σίαν
2258 2943 2591 2997 σπεύδουσαν
2615 2943 2681 2994 ⁸⁸.
2724 2942 2834 2995 Ka‘t
2867 2941 2932 3011 δὴ
2974 2940 3362 3011 εἰσερχομένης
3380 2939 3447 3002 ¹¹,
3484 2939 3697 3001 ἐκεῖνος

440 3056 754 3118 adveniens,
796 3052 961 3122 coepit
1006 3050 1220 3105 curiose
1265 3046 1533 3116 inspicere
1583 3062 1595 3099 :
1639 3052 1694 3098 et
1713 3041 1930 3113 quando
1976 3055 2005 3093 a

2116 3036 2176 3089 δι’
2202 3033 2393 3105 ἑτέρας
2420 3032 2624 3085 εἰσόδου
2662 3030 3036 3100 καταφθάσας,
3071 3029 3271 3101 ἦρξατο
3299 3029 3698 3101 πολυπραγμο-

441 3156 627 3204 saneto
650 3118 928 3200 Clemente
959 3140 1099 3196 facta
1125 3139 1225 3194 fuit
1246 3138 1441 3203 oratio,
1470 3135 1715 3204 dixitque
1742 3132 2005 3203 populus:

2116 3127 2220 3179 νεῖν
2242 3141 2254 3153 ·
2297 3124 2391 3176 καὶ
2417 3122 2580 3193 ἡνίκα
2618 3122 2772 3194 παρά
2794 3120 3065 3193 τοῦάγίου
3096 3118 3409 3190 Κλήμεντος
3436 3119 3572 3189 εύχὶι
3599 3119 3697 3188 γέ-

440 3244 643 3305 Amen;
668 3254 733 3293 eo
754 3247 993 3306 tempore
1016 3232 1288 3288 Sisinnius
1303 3244 1477 3285 caecus
1494 3237 1547 3283 et
1566 3226 1765 3283 surdus
1789 3225 2005 3281 eﬂ'ectus

2116 3233 2259 3286 γονε,
2292 3214 2388 3267 τοῦ
2422 3213 2552 3266 λαοῦ
2594 3212 2875 3285 εἰρηκότος
2914 3211 2976 3263 τὸ
3029 3211 3219 3281 Ἀμήν,
3261 3211 3290 3263 ὁ
3328 3209 3593 3272 Σισίννιος
3638 3210 3699 3261 ὲν

441 3341 544 3396 est,
578 3339 639 3385 ut
658 3343 833 3397 neque
840 3299 1031 3397 videre
1061 3337 1235 3392 neque
1259 3319 1449 3375 audire
1464 3325 1677 3388 posset.
1710 3315 1864 3371 Tunc
1885 3330 2005 3385 ergo

2116 3306 2288 3377 τούτῳ
2329 3304 2525 3374 τυφλός
2558 3320 2620 3356 τε
2662 3305 2757 3357 καί
2793 3302 2974 3373 κωφὸς
3007 3301 3363 3371 ἀπετελέσθη,
3408 3299 3507 3353 τοῦ
3558 3301 3699 3371 μήτε

443 3420 578 3475 dixit
602 3418 773 3474 servis
796 3392 951 3471 sdis:
984 3410 1307 3467 Prchendite
1345 3423 1428 3461 me
1465 3407 1519 3460 in
1562 3420 1756 3459 manus
1783 3414 2012 3467 vestras,

443 3523 498 3569 ct
518 3522 669 3568 extra
697 3509 928 3573 educite,
952 3504 1214 3576 quoniam
1252 3500 1395 3557 oculi
1420 3499 1525 3553 mei
1557 3497 1685 3553 caeci
1708 3496 1837 3551 facti
1864 3504 2012 3560 sunt,

444 3613 500 3658 et
528 3617 691 3656 aures
714 3614 848 3655 mea:
878 3599 932 3652 in
970 3605 1179 3653 tantum
1204 3594 1630 3655 obsurduerunt,
1668 3597 1729 3643 ut
1752 3587 1886 3643 nihil
1923 3600 2017 3657 pe-

446 3695 594 3749 nitus
614 3692 802 3747 audire
832 3689 1061 3743 valeam.

521 3852 607 3908 Vl.
645 3848 798 3906 Tunc
818 3847 961 3906 servi
990 3848 1108 3919 ejus
1134 3845 1436 3901 circuibant
1465 3858 1588 3899 cum
1617 3841 1709 3896 illo
1731 3855 1825 3911 per
1854 3847 2017 3895 totam

447 3944 755 4009 ecclesiam,
782 3943 836 3997 in
866 3940 1043 3996 medio
1076 3938 1281 3994 orantis
1316 3935 1521 4008 p0puli,
1553 3934 1793 3989 virorum
1822 3932 2022 4002 pariter

449 4046 504 4092 et
527 4035 839 4099 mulierum,
863 4047 964 4086 nec
993 4038 1179 4099 portas
1205 4043 1344 4099 quas
1366 4026 1595 4097 ingressi
1628 4024 1842 4079 fuerant
1869 4032 2022 4092 pote-

450 4135 575 4184 rant
595 4126 929 4196 contingere.
954 4118 1114 4177 Unde
1138 4121 1265 4175 dum
1282 4116 1391 4189 ipsi
1423 4116 1726 4188 vagabundi
1744 4116 2021 4180 oberrant,

450 4220 759 4287 iterumque
805 4229 966 4286 gyros
1014 4219 1199 4283 agunt,
1252 4210 1319 4263 ad
1360 4208 1702 4263 Theodoram
1744 4206 2022 4261 dominam

453 4327 632 4374 suam,
664 4309 757 4364 ubi
794 4307 904 4361 Deo
950 4318 1137 4375 preces
1184 4300 1461 4365 fundebat,
1500 4306 1861 4369 pervenerunt
1897 4311 2022 4351 cum

2116 3398 2270 3469 ὀρᾷν,
2324 3398 2460 3467 μήτε
2502 3395 2721 3448 ἀκούειν
2767 3392 3046 3447 δύνασθαι.
3102 3392 3236 3444 Τότε
3282 3386 3372 3444 οὖν
3409 3389 3560 3457 λέγει
3584 3390 3701 3450 τοίς

2115 3490 2323 3553 δούλοις
2350 3488 2535 3543 αὑτοῦ·
2569 3486 2776 3541 Λάϐετέ
2816 3504 2881 3557 με
2912 3487 2989 3549 εἰς
3011 3483 3111 3547 τάς
3138 3486 3325 3555 χεῖρας
3368 3482 3525 3553 ὑμῶν
3548 3521 3563 3546 ,
3602 3481 3701 3533 καὶ

2117 3580 2412 3649 ὲξαγάγετε
2438 3578 2563 3645 ἔξω,
2588 3578 2669 3630 ὅτι
2694 3578 2743 3629 οἱ
2776 3575 3043 3646 ὀφθαλμοί
3067 3591 3169 3645 μου
3198 3572 3387 3642 τυφλοὶ
3416 3572 3699 3641 γεγόνασι,

2117 3672 2211 3725 καί⁸
2240 3671 2295 3723 αἱ
2316 3669 2476 3722 ἀκοαί
2501 3686 2603 3739 μου
2630 3670 2709 3732 εἰς
2738 3666 2989 3721 τοσοῦτον
3017 3663 3410 3734 έκωφώθησαν,
3439 3664 3523 3716 ὅτι
3543 3662 3702 3716 οὐδὲν

2117 3763 2180 3817 τὺ
2214 3761 2429 3815 σύνολον
2451 3760 2669 3814 ἀκούειν
2688 3760 2941 3830 δύναμαι.

2192 3853 2283 3909 Vl.
2324 3854 2459 3906 Τότε
2484 3854 2533 3906 οἱ
2552 3853 2739 3917 παῖδες
2760 3851 2927 3905 αὐτοῦ
2957 3850 3220 3921 περιῆγον
3244 3847 3359 3919 μετ’
3375 3847 3541 3902 αὐτοῦ
3570 3848 3639 3901 δι’
3656 3848 3703 3879 "

2119 3945 2245 4017 ὅλης
2271 3946 2370 4017 τῆς
2399 3945 2695 4017 ἐκκλησίας
2716 3946 2772 3998 ὲν
2805 3944 2956 4014 μέσῳ
2972 3942 3066 3996 τοῦ
3097 3941 3389 4013 εὐχομένου
3416 3940 3568 4003 λαοῦ,
3607 3940 3703 3992 ἀν-

2121 4035 2263 4107 δρῶν
2298 4053 2357 4089 τε
2386 4035 2799 4104 καὶγυναικῶν,
2824 4033 3041 4097 καὶτὰς
3065 4034 3236 4105 θύρας
3264 4032 3385 4108 ρθεν
3410 4031 3703 4102 εἰσέϐησαν

2123 4124 2447 4180 καταλαϐεῖν
2469 4125 2515 4157 ⁸³
2539 4126 2639 4178 οὐκ
2666 4124 2935 4178 ἐδύναντο.
2956 4121 3117 4187 Ὅθεν
3139 4124 3196 4176 ὲν
3216 4121 3294 4192 τῷ
3321 4119 3705 4193 περιέρχεσθαι

2121 4219 2323 4281 Δαὐτοὺς
2367 4217 2758 4289 πλανηθέντας,
2800 4215 2895 4270 καὶ
2939 4215 3099 4269 πάλιν
3147 4214 3431 4267 κυκλεύειν
3456 4216 3524 4277 ³⁸,
3568 4213 3707 4283 πρὸς

2125 4308 2408 4380 Θεοδώραν
2450 4308 2549 4379 τὴν
2588 4307 2782 4378 κυρίαν
2812 4306 3011 4370 αὐτῶν,
3044 4306 3170 4360 ἔνθα
3193 4306 3272 4376 τῷ
3300 4305 3419 4377 Θεῷ
3458 4305 3706 4377 προσηύ-

452 4402 675 4459 domino
705 4412 827 4454 suo.
852 4397 983 4463 Quae
1007 4409 1129 4449 cum
1154 4392 1377 4447 vidisset
1405 4405 1590 4445 servos
1611 4404 1742 4445 suos
1764 4404 1871 4442 una
1898 4403 2005 4443 cun

2128 4418 2273 4471 χετο,
2315 4401 2412 4454 σὺν
2435 4399 2515 4470 τῷ
2543 4399 2777 4472 δεσπότῃ
2806 4399 2981 4453 αὐτῶν
3006 4399 3382 4470 παρεγένοντο.
3423 4398 3585 4460 Ἥτις
3604 4399 3708 4450 ἑω-

454 4492 679 4547 domino
711 4502 900 4542 eorum
931 4491 1200 4540 excazcato
1226 4482 1674 4550 circumagentes,
1707 4480 1883 4549 primo
1904 4479 2026 4548 qui-

452 4588 577 4641 dem
611 4581 901 4638 declinavit
930 4585 1207 4647 aspectum
1229 4589 1442 4640 eorum,
1472 4581 1667 4642 putans
1695 4571 1839 4641 quod
1869 4584 2023 4639 aper-

457 4677 527 4732 tis
552 4673 727 4731 oculis
749 4672 923 4741 ipsam
946 4671 1231 4739 aspiceret.
1264 4664 1396 4719 Dein
1427 4663 1576 4719 misit
1601 4678 1771 4718 unum
1800 4678 1830 4718 e
1855 4662 2026 4718 servis

458 4767 594 4831 suis,
621 4774 679 4820 ut
696 4764 859 4819 sciret
880 4760 1011 4832 quid
1037 4759 1141 4814 sibi
1164 4758 1381 4822 vellent,
1403 4770 1526 4811 cum
1546 4754 1768 4809 domino
1791 4753 2028 4809 circum-

458 4864 671 4910 euntes.
705 4852 784 4906 llli
810 4850 1067 4905 dixerunt
1090 4862 1105 4899 :
1140 4845 1403 4902 Dominus
1427 4852 1629 4908 noster,
1655 4843 1783 4898 dum
1808 4842 1922 4897 vult
1941 4843 2026 4896 vi-

459 4946 589 5001 dere
611 4944 756 5015 quod
786 4943 836 4998 ei
862 4942 1069 4997 licitum
1095 4953 1204 4993 non
1235 4946 1335 5001 est,
1363 4945 1416 4990 et
1451 4935 1685 4990 alienum
1710 4935 2028 5007 mysterium

462 5038 670 5103 audire,
693 5043 998 5094 excaecatus
1021 5040 1124 5095 est,
1147 5036 1201 5085 et
1227 5028 1425 5084 surdus
1456 5026 1712 5091 eﬂ'ectus;
1741 5027 1899 5082 nobis
1931 5042 2030 5082 au-

464 5140 571 5184 tem
602 5125 906 5197 imperavit,
937 5132 998 5179 ut
1032 5122 1181 5176 illum
1207 5119 1332 5173 hinc
1369 5118 1860 5188 quomodocunque
1899 5119 2031 5173 edu-

535 5252 559 5279 ει
584 5238 731 5293 Psal.
758 5253 943 5299 cxxxt,
976 5236 1061 5289 H.
1123 5237 1151 5275 ι)
1186 5237 1288 5291 Isa.
1317 5251 1413 5300 vn,
1450 5236 1535 5288 H.

2130 4497 2329 4567 ρακυία
2378 4496 2505 4558 τοὺς
2543 4494 2746 4563 ἑαυτῆς
2786 4492 2981 4554 παῖδας
3022 4489 3157 4561 μετά
3182 4489 3276 4542 τοῦ
3306 4487 3493 4559 κυρίου
3526 4487 3708 4541 αὐτῶν

2126 4585 2495 4656 τυφλωθέντος
2524 4586 2574 4617 νδ
2618 4584 3000 4655 περιάγοντας,
3052 4580 3267 4651 πρῶτον
3316 4580 3416 4651 μὲν
3466 4578 3707 4646 ἐξέκλινε

2125 4678 2224 4748 τὴν
2250 4677 2378 4731 θέαν
2407 4675 2586 4730 αὐτῶν
2614 4677 2681 4741 ’⁸,
2732 4674 3026 4745 νομίζουσα
3070 4674 3153 4726 ὅτι
3196 4688 3302 4743 περ
3341 4671 3709 4741 ὴνεῳγμένοις

2125 4770 2368 4840 ὄμμασιν
2416 4768 2674 4839 θεάσηται
2719 4768 2906 4837 αὐτήν.
2946 4765 3057 4817 Καὶ
3098 4763 3388 4834 πεμψάσης
3410 4762 3454 4795 ⁸⁷
3484 4762 3581 4814 ἕνα
3599 4760 3709 4813 τῶν

2130 4860 2334 4914 παίδων
2361 4860 2530 4930 αὐτῆς
2552 4858 2689 4930 πρὸς
2706 4857 2768 4910 τὸ
2795 4856 2995 4925 γνῶναι
3024 4855 3075 4909 τί
3096 4855 3205 4928 ἀρα
3231 4853 3432 4907 θέλοιεν
3452 4851 3591 4924 μετά
3612 4849 3708 4904 τοῦ

2138 4950 2328 5020 κυρίου
2370 4949 2547 5019 αὐτῶν
2601 4948 3033 5019 περιερχόμενοι,
3074 4942 3225 4998 εἷπον
3265 4943 3341 4975 ’⁸ο
3405 4944 3463 4997 '0
3518 4941 3710 5013 κύριος

2135 5036 2309 5108 ἡμῶν,
2326 5036 2494 5090 θέλων
2517 5036 2645 5107 ὀρᾷν
2666 5036 2802 5106 ὅπερ
2821 5033 2983 5088 αὐτὸν
3010 5033 3108 5086 οὐκ
3132 5030 3257 5101 ἐξῆν
3279 5030 3347 5093 ”,
3377 5027 3471 5082 καὶ
3487 5027 3709 5080 ἀκούειν

2136 5127 2414 5198 ἀλλοτρίου
2478 5126 2797 5198 μυστηρίου,
2858 5122 3325 5192 ἀποτετύφλωται,
3382 5118 3478 5173 καὶ
3526 5117 3708 5189 κωφὸς

1769 5303 2004 5358 VARUE
2043 5304 2448 5362 LECTIONES.

538 5399 659 5439 ’δ’-⁸⁸
696 5399 767 5451 al.
836 5398 955 5452 καθ’
1010 5396 1256 5449 ἕκαστον.

464 5466 641 5532 ὂντας.

741 5400 767 5451 Ι.
836 5398 982 5478 καθ’.
1010 5396 1272 5478 ἕκαστον..
1322 5467 1334 5478 _
1361 5396 1408 5429 ⁸⁸
1470 5395 1541 5449 al.
1584 5394 2026 5465 κεκαθαρμένων.
2091 5396 2137 5428 ⁸⁸
2176 5397 2246 5450 al.
2288 5395 2647 5468 ἐφοϐήθησαν.
2723 5394 2768 5425 ⁸⁷
2807 5395 2878 5448 al.
2920 5394 3399 5467 ἀπαρεσκομένους
3421 5392 3707 5456 πλείστους

741 5469 787 5500 88
818 5468 1149 5500 l‘nnnunnunn
1204 5467 1334 5500 mal“
1396 5466 1608 5500 villain-
1656 5466 1814 5500 Innlin
1864 5464 2113 5500 dnnrnm‘
2142 5482 2253 5500 mea
2312 5467 2451 5500 Τηὲιμ
2483 5464 2960 5500 ὴηηηεκνηηέυηιιρ
3017 5466 3303 5500 plebe-nn»-
3329 5465 3489 5500 κυεην·
3586 5463 3707 5500 illa:

818 5468 1149 5522 Concinnior
1204 5467 1337 5520 mihi
1396 5466 1608 5520 videtur
1655 5464 2113 5535 lcctiobduorum‘.
2142 5482 2277 5522 mss.
2312 5464 2453 5526 Τοὺς
2482 5464 2834 5535 ἀπαρεσκομέ

2838 5480 2960 5526 νους
3017 5463 3303 5528 πλείστους
3329 5465 3489 5526 ὖντας
3514 5500 3529 5524 ,
3586 5463 3708 5515 illo:

466 5540 556 5608 qui
621 5555 754 5608 agre
780 5538 1024 5608 ferunt,
1060 5545 1282 5608 suntque
1313 5552 1550 5608 “numero
1600 5535 1796 5608 plures.
1841 5534 2012 5608 C_0'_r_._
2051 5536 2095 5567 ⁸³
2130 5539 2202 5590 al.
2248 5530 2611 5588 πιστεύσασα.
2642 5534 2686 5566 ⁹⁰
2711 5530 2782 5587 ιιἰῇ
2823 5532 3106 5588 ἀπιοῦσαν.
3149 5538 3191 5568 ’ί
3228 5536 3297 5588 al.
3339 5530 3688 5602 εἰσελθούσης

470 5610 516 5639 ⁹²
567 5610 636 5662 al.

709 5605 928 5669 αϐὁντες
971 5606 1130 5659 αὑτὸν
1181 5606 1442 5677 περιῆγον
1472 5605 1556 5658 δι’.
1586 5675 1597 5677 Α
1629 5605 1675 5637 9³
1714 5605 1783 5657 al.
1838 5605 2082 5677 εἰσῆλθον
2130 5608 2326 5677 εὑρεῖν.

2423 5606 2469 5639 9⁵
2518 5605 2589 5658 al.
2634 5603 3015 5672 πλανωμένους
3068 5605 3162 5657 καὶ
3197 5602 3500 5657 κυκλεύειν.
3577 5602 3709 5656 "al.

472 5678 815 5749 τυφλωθέντα
842 5677 1019 5733 αὐτόν.
1097 5677 1225 5734 “ai.
1254 5671 1446 5733 ἀὺτοῦ.
1489 5678 1530 5710 9⁷
1550 5675 1621 5731 al.
1642 5671 2131 5749 μεταπεμψαμένη.
2172 5671 2217 5711 9⁸
2250 5676 2321 5733 al.
2365 5671 2534 5731 εἶπεν.
2577 5676 2621 5709 ⁹⁹
2661 5675 2731 5730 al.
2772 5671 2913 5745 ειπερ
2937 5675 3084 5747 αύτῴ
3106 5676 3203 5728 οὐκ
3230 5674 3423 5740 ἔξεστι.
