3834 6220
229 247 339 303 631

1414 248 1830 307 MARTYRIUM
1873 249 1930 304 S.
1957 250 2362 308 CLEMENTIS.

3389 256 3496 312 622

225 363 599 436 ἀπειργάσθη·
633 364 764 436 ἡμῖν
777 381 837 417 τε
861 361 1163 428 ἐκέλευσεν,
1183 363 1472 418 ἵνατοῦτον
1488 365 1736 419 ἐντεῦθεν
1755 365 1791 396 ¹⁰

1925 382 2205 434 ceremns;
2253 369 2345 424 sed
2392 385 2498 424 non
2521 369 2674 427 l~icuit
2706 372 2861 430 nobis
2882 388 3004 430 eum
3033 377 3159 434 hinc
3197 379 3309 435 ullo
3336 393 3497 455 pacto

224 457 478 512 ὁπωσοῦν
503 455 862 528 ἐξαγάγωμεν
882 473 896 487 ο
927 457 1021 510 καὶ
1041 458 1102 510 οὐ
1137 455 1551 530 συγκεχώρηται
1572 460 1702 530 ἡμῖν
1723 459 1819 511 αὑ-

224 547 324 601 τὸν
353 547 606 600 ἐντεῦθεν
633 547 883 600 ὁπωσοῦν
923 547 1179 620 ἐκφέρειν
1215 551 1252 601 ⁸.

305 638 416 693 VII.
469 639 662 694 Ἦνίκα
689 641 746 693 δὲ
766 639 924 692 τοῦτο
954 641 974 670 ³
997 641 1058 694 τὸ
1089 641 1332 714 διήγημα
1366 645 1399 714 ή
1424 643 1677 715 Θεοδώρα
1698 644 1821 696 ὑπε-

225 730 421 795 δέξατο
440 731 461 762 ³
486 731 641 802 παρά
666 730 760 784 τοῦ
797 731 1011 794 παιδὸς,
1045 732 1426 805 κατέστρωσεν
1460 734 1478 764 ⁸
1517 734 1716 804 ἑαυτὴν
1741 734 1821 796 εἰς

1925 461 2190 516 emittere.

1995 647 2106 703 VII.
2172 649 2468 723 Postquam
2499 665 2680 736 autem
2723 662 2864 718 hanc
2906 669 3275 724 narrationem
3324 667 3498 725 Theo-

1922 739 2055 795 clora
2093 756 2125 796 a
2164 759 2334 812 puero
2370 752 2629 819 suscepit,
2659 758 2952 822 prostravit
2987 775 3045 814 se
3079 761 3133 815 in
3170 763 3493 828 orationem,

224 824 415 894 εὐχὴν,
445 825 541 877 καὶ
586 822 725 895 μετά
749 823 1000 895 δακρύων
1033 825 1054 856 ⁸
1109 825 1264 898 παρά
1312 826 1409 879 τοῦ
1456 826 1590 880 Θεοῦ
1643 827 1787 880 ἐδέετ

1922 841 2122 888 etcum
2156 835 2410 908 laerymis
2453 857 2484 895 a
2527 841 2639 900 Deo
2685 849 2934 918 rogabat,
2972 859 3033 906 ut
3068 853 3193 908 inde
3243 855 3328 909 vir
3375 855 3494 926 ejus

224 917 318 970 ἵνα
351 917 382 968 6
405 916 546 988 ἀνὴρ
578 917 747 987 αὐτῆς
774 915 979 969 ἐκεῖθεν
1010 917 1210 990 δυνηθῇ
1245 919 1498 985 ἐξελθεῖν.
1523 921 1634 973 Καὶ
1656 937 1818 990 στρα-

223 1010 391 1076 φεῖσα
431 1007 569 1078 πρὸς
599 1007 727 1070 τοὺς
753 1009 952 1071 παῖδας
979 1009 1106 1072 τοὺς
1146 1011 1402 1075 συνόντας
1435 1011 1605 1082 αὐτῷ,
1637 1007 1812 1064 εἶπεν·

235 1098 551 1163 Ἀπέλθετε,
592 1099 686 1152 καὶ
733 1101 1246 1172 χειραγωγήσαντες
1281 1101 1371 1155 τὸν
1410 1101 1599 1173 κύριον
1641 1102 1813 1173 ὑμῶν,

218 1189 543 1258 ἀπαγάγετε
575 1190 656 1254 εἰς
676 1189 769 1243 τὸν
797 1185 974 1244 οἷκον’
1002 1190 1112 1259 ἐγὼ
1140 1193 1248 1266 γὰρ
1281 1194 1381 1265 τὴν
1408 1194 1594 1265 εὐχὴν,
1628 1196 1693 1265 ἣν
1714 1196 1814 1266 ήρ-

219 1281 426 1353 ξάμην,
446 1281 506 1334 οὐ
539 1282 612 1353 μὴ
643 1283 979 1347 καταλείπω,
1010 1283 1145 1337 ἀλλά
1175 1285 1470 1358 προσφέρω
1499 1286 1596 1358 τὴν
1624 1286 1814 1343 θυσίαν

220 1393 328 1445 μου
348 1373 428 1444 τῷ
456 1374 666 1446 Κυρίῳ,
685 1376 778 1429 καὶ
805 1375 1196 1448 πληρουμένων
1224 1377 1331 1430 τῶν
1362 1379 1693 1450 μυστηρίων,
1712 1396 1813 1432 κα-

215 1466 484 1536 ταφθάνω
503 1468 668 1538 ὑμᾶς.
698 1468 833 1521 Τότε
862 1469 1042 1522 τοίνυν
1058 1469 1298 1541 ἀπῆλθον
1321 1471 1369 1523 οἱ
1406 1470 1596 1534 παῖδες
1623 1489 1812 1542 χειρα-

216 1560 530 1627 γωγοῦντες
576 1562 741 1616 αὐτὸν
776 1562 817 1629 ⁸,
861 1563 955 1616 καὶ
991 1563 1358 1637 ἐξερχόμενοι,
1401 1565 1688 1635 ἀπήγαγον
1734 1567 1814 1629 εἰς

213 1650 311 1702 τὸν
342 1648 492 1706 οἷκον
513 1671 526 1680 ·
571 1655 667 1709 καὶ
702 1656 1142 1727 ὑποστρέψαντες
1183 1656 1321 1730 πρὸς
1345 1658 1445 1728 τὴν
1471 1657 1669 1728 κυρίαν
1708 1657 1809 1710 αὑ·-

213 1739 346 1805 τών,
373 1743 571 1814 τυφλὸν
604 1747 948 1819 ἀπήγγειλαν
976 1747 1070 1802 καὶ
1101 1748 1284 1818 κωφὸν
1312 1749 1473 1802 αὑτὸν
1496 1749 1664 1801 εἰσέτι
1690 1749 1808 1802 δια-

215 1837 403 1904 μεῖναι
433 1836 474 1889 ⁷.
521 1838 586 1890 Ἡ
613 1838 671 1890 δὲ
698 1838 951 1910 Θεοδώρα
988 1841 1080 1893 ἐπὶ
1121 1841 1304 1893 πλεῖον
1348 1839 1424 1911 τῷ
1454 1840 1574 1912 Θεῷ
1597 1841 1810 1912 δεήσεις

212 1926 311 1979 καὶ
333 1925 547 2000 δάκρυα
570 1930 802 2000 ἐξέχεεν,
832 1932 980 1996 ὅπως
1010 1931 1104 1985 τοῦ
1134 1933 1326 2004 ἀνδρὸς
1356 1935 1525 2005 αὐτῆς
1554 1934 1616 1987 τὸ
1643 1934 1806 1998 αὑτοῦ

211 2017 363 2082 ἔλεος
398 2020 778 2094 ἀντιλήψηται.
805 2024 916 2077 Καὶ
954 2023 1018 2094 δὴ
1050 2025 1150 2095 τῆς
1182 2024 1497 2089 ἀπολύσεως
1524 2027 1809 2095 γεγονυίας

214 2112 524 2182 προσέπεσε
553 2113 631 2185 τῷ
673 2115 924 2187 μακαρίῳ
948 2116 1224 2187 Κλήμεντι
1255 2118 1288 2188 ή
1314 2115 1585 2188 Θεοδώρα,
1618 2117 1805 2186 λέγου-

213 2219 284 2254 σα
312 2204 333 2234 ⁸
355 2242 371 2267 ,
399 2203 492 2256 τὸν
519 2205 691 2276 ἄνδρα
717 2207 887 2276 αὐτῆς
909 2224 1063 2278 περιε
1075 2207 1405 2278 ργαζόμενον
1435 2207 1503 2262 τά
1517 2209 1808 2281 ἀπόρρητα

207 2294 321 2347 τῶν
352 2297 666 2368 μυστηρίων
690 2297 784 2350 τοῦ
809 2299 1078 2351 Δεσπότου
1116 2300 1288 2372 Ἰησοῦ
1321 2301 1580 2373 Χριστοῦ,
1603 2301 1808 2370 τυφλώ-

212 2405 300 2440 σει
333 2393 654 2460 περιπεσεῖν
703 2390 812 2444 τῶν
860 2375 1541 2463 ἀμφοτέρωτόφθαλμῶν,
1592 2393 1700 2447 τῶν
1744 2410 1803 2445 τε

208 2483 493 2554 ἑκατέρων
523 2483 676 2537 ὅντων
706 2484 769 2537 τὸ
796 2485 1118 2538 ἀκουστικὸν
1143 2487 1398 2557 παραυτά
1413 2486 1695 2540 ἀπολέσαι.

284 2576 422 2632 VIII.
461 2577 775 2648 Τηνικαῦτα
809 2573 903 2631 οὖν
932 2578 962 2630 6
999 2578 1267 2650 μακάριος
1292 2579 1544 2652 Κλήμης,
1566 2582 1804 2654 προχέαις

207 2668 444 2738 δάκρυα,
476 2669 806 2741 προτρέπειν
832 2668 1036 2742 ἦρξατο
1063 2671 1085 2702 ⁹
1110 2672 1243 2734 τοὺς
1273 2673 1680 2743 συμπαρόντας,
1717 2674 1804 2728 ἵνα

207 2761 553 2838 ὁμοθυμαδὸν
599 2763 753 2834 παρά
792 2762 888 2815 τοῦ
918 2763 1124 2836 Κυρίου
1159 2765 1510 2835 αἰτήσωνται,
1541 2766 1689 2831 ὅπως
1724 2766 1803 2838 τῷ

207 2835 565 2926 ἀώρῖαὺτῆς
589 2855 692 2926 τήν
717 2872 778 2908 τε
808 2856 976 2928 ἀκοὴν
1000 2835 1292 2928 χαρίσηται
1323 2858 1415 2910 καὶ
1443 2857 1541 2929 τὴν
1575 2860 1762 2930 ὅρασιν
1774 2835 1799 2892 ⁷·

209 2944 525 3017 θαρσαλέως
557 2945 739 2999 τοίνυν
775 2947 805 3000 6
836 2946 1106 3019 μακάριος
1139 2946 1370 3020 Κλήμης
1409 2948 1546 3019 μετά
1578 2951 1678 3022 τὴν
1705 2952 1799 3005 εὐ-

1919 934 2103 992 posset
2131 927 2299 983 exire.
2332 929 2716 1005 Conversaque
2763 939 2832 994 ad
2884 955 3095 1011 servos,
3147 946 3241 1015 qui
3283 961 3406 1001 cum
3431 963 3498 1001 eo

1918 1027 2073 1071 erant
2101 1036 2114 1071 :
2142 1019 2320 1087 Abite,
2355 1023 2551 1094 inquit,
2592 1043 2755 1085 manu
2800 1032 3062 1090 ducentes
3091 1037 3373 1092 dominum
3403 1053 3495 1094 ve-

1919 1118 2113 1175 strum,
2143 1113 2364 1168 domum
2404 1118 2644 1174 reducite
2677 1140 2690 1175 :
2719 1137 2819 1193 ego
2848 1125 2992 1181 enim
3028 1143 3218 1196 preces
3249 1146 3388 1200 quas
3410 1131 3487 1185 in.

1916 1201 2108 1257 choavi
2132 1221 2239 1260 non
2266 1208 2592 1278 relinquam,
2634 1213 2726 1268 sed
2757 1215 2982 1272 oﬂeram
3020 1218 3250 1276 Domino
3285 1223 3496 1278 sacriﬁ-

1916 1295 2060 1348 cium
2084 1310 2288 1364 meum,
2317 1300 2599 1370 completis
2620 1318 2749 1359 vero
2773 1309 3069 1377 mysteriis,
3087 1326 3184 1366 vos
3206 1327 3489 1383 assequar.

1916 1383 2070 1441 Tunc
2107 1387 2272 1458 igitur
2309 1389 2681 1449 discesserunt
2730 1395 2921 1453 famuli
2966 1415 3133 1456 manu
3161 1402 3494 1461 deducentes

1914 1492 2060 1544 eum,
2087 1488 2140 1534 et
2164 1483 2368 1552 egressi
2391 1485 2725 1541 reduxerunt
2749 1489 2973 1546 domum
3023 1511 3036 1546 :
3079 1496 3391 1567 reversique
3423 1501 3493 1553 ad

1913 1571 2190 1627 dominam
2221 1590 2400 1642 suam,
2447 1577 2599 1633 illum
2625 1581 3014 1639 nuntiaverunt
3037 1602 3238 1643 caecum
3274 1597 3329 1644 et
3371 1607 3494 1646 sur-

1913 1663 2041 1718 dum
2073 1665 2253 1720 adhuc
2277 1671 2668 1736 permansisse.
2695 1674 2764 1728 At
2785 1673 3070 1734 Theodora
3099 1682 3272 1752 magis
3290 1683 3492 1754 magis-

1911 1771 2018 1825 que
2055 1755 2166 1812 Deo
2195 1759 2604 1829 deprecationes
2643 1773 2698 1818 et
2725 1766 2993 1838 Iacrymas
3033 1770 3244 1837 elludit,
3277 1783 3339 1828 ut
3389 1791 3492 1830 suo

1911 1849 2029 1902 viro
2045 1851 2421 1909 misericordia
2441 1855 2561 1925 ejus
2585 1857 2916 1916 subveniret.
2944 1862 3119 1931 Atque
3141 1863 3280 1920 facta
3302 1867 3498 1930 dimisg

1911 1940 2086 2008 sione,
2139 1944 2338 1999 accidit
2391 1946 2551 2002 beato
2601 1948 2868 2006 Clementi
2923 1953 3230 2021 Theodora,
3278 1958 3488 2024 dicens,

1909 2033 2168 2088 maritum
2187 2051 2347 2091 suum
2370 2038 2499 2093 dum
2522 2041 2842 2098 abscondita
2869 2047 3252 2117 mysteriorum
3271 2049 3488 2107 Domini

1907 2122 2034 2179 Jesu
2063 2124 2267 2182 Christi
2292 2141 2686 2199 perscrutatur,
2705 2133 2965 2190 incidisse
2988 2136 3040 2191 in
3060 2139 3345 2196 orbitatem
3369 2157 3488 2196 am-

1907 2217 2104 2272 borum
2136 2221 2447 2287 oculorum,
2502 2225 2797 2296 statimque
2844 2229 3132 2301 utriusque
3175 2233 3326 2290 auris
3374 2235 3483 2290 vitr-

1907 2311 2162 2366 audiendi
2187 2314 2457 2370 amisisse.

1979 2601 2111 2658 Vlll.
2153 2603 2306 2660 Tunc
2328 2605 2493 2676 igitur
2512 2605 2705 2662 beatus
2728 2606 2976 2664 Clemens
2997 2609 3186 2666 ell‘usis
3203 2613 3482 2686 lacrymis,

1905 2692 2110 2751 hortari
2137 2696 2304 2766 cmpit
2331 2711 2426 2750 eos
2456 2697 2548 2768 qui
2573 2697 2824 2765 aderant,
2851 2709 2910 2753 ut
2949 2715 2981 2754 a
3019 2699 3250 2759 Domino
3285 2707 3484 2761 unani-

1904 2786 2067 2841 miter
2093 2788 2453 2857 postularent,
2480 2789 2598 2843 viro
2623 2790 2742 2859 ejus
2768 2791 3010 2847 auditum
3037 2793 3288 2851 redderet
3315 2812 3379 2851 ac
3401 2799 3482 2852 vi-

1904 2894 2048 2934 sum.
2081 2880 2357 2937 Audacter
2402 2883 2583 2953 itaque
2632 2883 2695 2937 B.
2727 2885 2979 2940 Clemens
3023 2895 3144 2956 post
3174 2890 3478 2947 orationem

1903 2973 2141 3041 perrexit
2175 2989 2298 3027 cum
2317 2974 2542 3029 muliere
2565 2975 2632 3029 ad
2656 2977 2832 3031 virum
2865 2979 3019 3048 ejus;
3047 2989 3102 3034 et
3129 2979 3333 3036 invenit
3353 2998 3479 3038 eum

207 3039 312 3110 χὴν
333 3038 702 3111 συνεπορεύθη
735 3043 802 3112 τῇ
835 3042 1056 3110 γυναικί
1085 3041 1222 3113 πρὸς
1247 3041 1338 3094 τὸν
1368 3043 1581 3114 ἐκείνης
1606 3045 1791 3116 ἄνδρα,

1910 3063 2104 3132 apertis
2133 3066 2308 3120 oculis
2340 3066 2476 3120 nihil
2511 3067 2714 3135 videre,
2757 3085 2934 3139 neque
2970 3072 3134 3126 etiam
3167 3088 3476 3129 sermonem

207 3135 306 3186 καὶ
331 3129 490 3205 εὗρεν
518 3133 680 3186 αὐτὸν
701 3173 716 3196 ,
758 3135 1120 3206 ἀνεῳγμένων
1153 3135 1262 3188 τῶν
1294 3135 1338 3166 ¹⁰
1373 3135 1636 3208 ὀμμάτων
1657 3177 1672 3200 ,
1708 3140 1800 3191 οὑ-

205 3226 302 3280 δὲν
333 3227 372 3258 ¹¹
395 3225 630 3297 ὁρῶντα,
659 3224 784 3279 οὔτε
809 3226 906 3297 μὲν
927 3217 1087 3297 λόγου
1110 3227 1172 3280 τὸ
1196 3229 1480 3299 παράπαν,
1512 3227 1634 3282 οὔτε
1653 3231 1798 3294 τινὸς

207 3317 346 3387 ἤχου
405 3317 693 3371 ἀκούονταο
750 3316 881 3372 ἔνθα
927 3319 1023 3372 καὶ
1066 3322 1364 3390 συμμιγεῖς
1410 3318 1734 3392 ὀλοφυρμῶν
1757 3324 1799 3353 η

207 3409 450 3474 ἅπαντες
478 3411 800 3483 περιήχουν,
829 3409 891 3464 οὔ
917 3428 1063 3476 τινος
1094 3413 1122 3465 6
1152 3411 1415 3475 Σισίννιος
1454 3411 1797 3466 παντάπασιν

204 3500 308 3554 οὐκ
331 3502 591 3573 ἠκροᾶτο.

279 3589 370 3645 IX.
412 3591 548 3644 Τότε
573 3586 687 3657 οὖν,
720 3593 908 3657 κλίνας
956 3593 1030 3647 τὰ
1077 3595 1280 3663 γόνατα
1320 3595 1457 3667 πρὸς
1500 3595 1590 3649 τὸν
1642 3596 1794 3661 Θεὸν,

204 3682 311 3752 ἐφη
342 3684 373 3735 6
407 3682 676 3756 μακάριος
697 3685 960 3757 Κλήμηςο
988 3685 1163 3757 Κύριε
1193 3686 1374 3762 Ἰησοῦ
1394 3688 1616 3760 Χριστέ,
1638 3690 1666 3740 6
1697 3688 1796 3754 τὰς

205 3775 355 3839 κλεῖς
380 3777 482 3848 τῆς
515 3775 794 3847 βασιλείας
819 3778 929 3832 τῶν
965 3778 1211 3851 οὐρανῶν
1253 3780 1500 3845 δεδωκὼς
1548 3781 1627 3853 τῷ
1658 3784 1795 3838 ἀπο-

204 3867 380 3938 στόλῳ
418 3885 534 3933 σου,
576 3869 883 3941 διδασκάλῳ
931 3872 989 3926 δὲ
1030 3871 1150 3944 ἐμῷ
1194 3873 1408 3947 Πέτρῳ,
1455 3876 1551 3930 καὶ
1602 3875 1792 3930 εἰπών·

208 3961 402 4029 Ἀπερ
421 3959 500 4015 ἂν
517 3962 788 4032 ἀνοίξῃς,
805 3962 1120 4032 ὴνέῳκται,
1139 3965 1239 4019 καὶ
1253 3965 1404 4035 ἅπερ
1420 3968 1795 4037 “elongate-

201 4059 502 4120 κνιεισται,
528 4057 592 4109 σὺ
613 4056 920 4128 πρόσταξον
947 4058 1035 4113 ἵνα
1051 4059 1396 4131 διανοιχθῶσι
1415 4060 1494 4132 τῷ
1523 4061 1792 4134 ἀνθρώπῳ

201 4148 499 4218 τούτῳ¹³ιι¹δ
513 4151 568 4202 αἱ
581 4151 862 4214 ἀκοαί,καί
873 4152 921 4203 oi
936 4151 1224 4224 ὀφθαλμοὶ,
1242 4154 1323 4207 ὅτι
1343 4154 1406 4206 σὺ
1421 4150 1599 4218 εἴπας·
1611 4154 1792 4222 ’Ἃπερ

203 4242 286 4295 ἂν
297 4241 586 4310 αἰτήσητε
606 4245 1016 4310 πιστεύοντες,
1034 4245 1330 4314 λήψεσθε.
1353 4246 1465 4302 Καὶ
1487 4246 1624 4318 αὕτη
1649 4265 1740 4300 σου
1758 4250 1790 4320 ἡ

203 4332 508 4402 ἐπαγγελία
530 4334 776 4405 διαμένει
795 4336 876 4397 εἰς
903 4334 1074 4388 αἰῶνα
1101 4335 1310 4390 αἰώνων
1330 4338 1393 4377 "-
1410 4339 1599 4392 “.Ka‘t
1629 4339 1789 4409 ἡνίκα

200 4424 412 4489 πάντες
463 4426 818 4499 ἀπεκρίνοντο
865 4427 929 4490 ³⁷,
987 4427 1190 4499 Ἀμήν,
1240 4428 1617 4502 διηνοίχθησαν
1661 4431 1703 4462 ⁸³
1740 4433 1791 4484 οἱ

202 4517 479 4591 ὀφθαλμοὶ
505 4521 770 4573 Σισιννίου
802 4522 896 4574 καὶ
925 4524 981 4576 αἰ
1013 4523 1194 4576 ἀκοαί.
1230 4525 1338 4576 Καὶ
1364 4521 1486 4576 ἰδὼν
1520 4524 1610 4576 τὸν
1639 4523 1794 4592 ἅγιον

202 4613 500 4683 Κλήμεντα
547 4614 644 4666 σὺν
681 4615 748 4684 τῇ
785 4614 978 4667 ἐαυτοῦ
1007 4615 1293 4686 ἱστάμενον
1321 4616 1562 4683 γυναικὶ,
1601 4615 1791 4687 ἐξέστη

201 4708 271 4776 τῇ
301 4704 532 4776 διανοίᾳ,
579 4704 925 4777 λογιζόμενος
972 4708 1026 4760 τί
1070 4709 1179 4778 ἄρα
1219 4708 1306 4779 εἴη
1335 4708 1514 4772 τοῦτο,
1546 4710 1636 4762 καὶ
1657 4711 1792 4763 ὑπο-

202 4797 343 4850 νοῶν
370 4797 530 4850 τοῦτο
555 4797 688 4850 αὐτὸ
717 4802 999 4870 γοητικαῖς
1027 4801 1244 4870 τέχναις
1267 4801 1658 4872 ἐμπεπαῖχθαι,
1690 4804 1791 4875 ήρ-

201 4890 336 4957 ξατο
391 4889 620 4962 κράζειν
662 4891 705 4924 "
749 4895 862 4956 τοῖς
893 4892 1102 4957 δούλοις
1142 4895 1306 4948 αὐτοῦ
1337 4897 1412 4927 ⁸ο·
1464 4899 1791 4970 Κρατήσατε

201 4978 504 5049 Κλήμεντα
561 4980 653 5034 τὸν
707 4981 1031 5037 ἐπίσκοπον·
1091 4983 1179 5038 διὰ
1226 4985 1334 5057 γὰρ
1384 4987 1477 5041 τοῦ
1531 4990 1792 5044 εἰσελθεῖν

202 5072 346 5142 πρὸς
380 5073 479 5145 τὴν
508 5075 746 5142 γυναῖκά
778 5095 900 5148 μου,
930 5079 997 5150 τῇ
1047 5082 1258 5151 μαγικῇ
1307 5081 1472 5135 αὐτοῦ
1499 5084 1664 5156 τέχνῃ
1691 5086 1790 5157 τὴν

201 5163 456 5235 πήρωσίν
493 5183 584 5236 μοι
609 5167 914 5238 ἐπήγαγεν.

278 5290 305 5320 ε
329 5279 523 5337 Matth.
557 5296 670 5346 xvn,
701 5281 790 5338 I9.
869 5283 898 5323 ι)
921 5281 1088 5339 Marc.
1120 5298 1239 5349 xxr,
1265 5283 1355 5338 22.

1902 3156 2196 3222 ullatenus,
2222 3166 2315 3212 aut
2349 3159 2517 3212 ullum
2548 3175 2744 3214 sonum
2780 3162 2970 3217 audire
2995 3180 3008 3214 :
3036 3165 3128 3218 ubi
3157 3173 3212 3220 et
3234 3169 3478 3235 permisti

1901 3263 2094 3304 omnes
2121 3249 2412 3317 ejulatibus
2443 3252 2888 3322 perstrepebant;
2933 3270 3034 3310 nec
3062 3254 3338 3314 Sisinnius
3365 3259 3479 3316 ullo

1900 3341 2065 3396 modo
2085 3341 2360 3396 audiebat.
3001 3408 3026 3435 ο

1970 3611 2062 3665 1X.
2099 3611 2255 3666 Tune
2304 3609 2468 3680 igitur
2520 3610 2750 3682 genibus
2803 3610 2959 3668 ﬂexis
2997 3615 3062 3668 ad
3097 3614 3289 3686 Deum,
3339 3621 3478 3677 dixit

1899 3705 2089 3760 beatus
2118 3704 2370 3760 Clemens
2402 3725 2414 3759 :
2449 3705 2677 3759 Domine
2706 3703 2834 3760 Jesu
2875 3706 3109 3774 Christe,
3163 3710 3256 3780 qui
3296 3711 3476 3767 claves

1898 3796 2050 3866 regni
2087 3797 2350 3852 caelorum
2374 3798 2569 3854 dedisti
2600 3801 2844 3870 apostolo
2869 3808 2983 3868 tuo,
3009 3803 3270 3873 magistro
3294 3815 3473 3860 autem

1897 3902 2020 3942 meo
2051 3886 2230 3955 Petro,
2259 3897 2314 3944 et
2341 3889 2526 3946 dixisti
2553 3911 2565 3946 :
2592 3893 2930 3964 Quwcunquc
2951 3896 3220 3962 aperueris
3240 3936 3254 3960 ,
3292 3910 3477 3967 aperta

1895 3991 2052 4045 sunt,
2109 3989 2159 4035 et
2224 3998 2546 4054 qua’cunque
2589 3984 2844 4040 clauseris
2897 3987 3083 4042 clausa
3135 3998 3346 4057 simtu;
3417 4000 3474 4047 tu

1895 4073 2128 4145 praecipe
2184 4083 2245 4126 ut
2297 4074 2613 4143 aperiantur
2666 4076 2791 4132 huic
2843 4078 3053 4133 homini
3098 4095 3258 4135 aures
3310 4090 3476 4152 atque

1895 4165 2073 4232 oculi;
2103 4165 2362 4234 quoniam
2390 4177 2446 4220 tu
2470 4165 2655 4221 dixisti
2691 4185 2704 4220 :
2730 4165 3069 4239 Quwcunque
3087 4171 3339 4239 petieritis
3365 4187 3477 4225 cre-

1895 4257 2094 4323 dentes,
2119 4256 2389 4325 accipietis
2415 4256 2465 4310 b.
2504 4256 2569 4312 Et
2591 4257 2708 4310 hate
2739 4264 2829 4309 tua
2855 4258 3148 4327 promissio
3192 4268 3475 4329 permanet

1895 4350 1951 4404 in
1985 4350 2243 4405 sacculum
2285 4349 2490 4404 saeculi.
2534 4348 2782 4417 Cumque
2811 4364 3004 4405 omnes
3041 4353 3471 4420 responderunt:

1895 4441 2091 4505 Amen,
2135 4440 2307 4510 aperti
2341 4447 2471 4495 sunt
2505 4440 2650 4495 oculi
2695 4439 2945 4504 Sisinnii,
3001 4441 3241 4512 itemque
3285 4431 3470 4502 aures.

1895 4533 1961 4588 Et
1986 4534 2174 4589 videns
2205 4543 2453 4588 sanctum
2480 4533 2812 4589 Clementem
2839 4544 3072 4590 stantem
3097 4552 3222 4591 cum
3241 4539 3476 4610 conjuge

1896 4641 2015 4692 sua,
2047 4635 2227 4680 mente
2249 4625 2468 4691 excidit,
2499 4634 2759 4694 reputans
2785 4627 3047 4696 quidnam
3074 4628 3178 4684 hoc
3207 4637 3382 4696 esset;
3409 4647 3475 4687 ac

1894 4717 2214 4772 existimans
2255 4715 2307 4769 id
2342 4715 2518 4784 ipsum
2559 4716 2914 4784 prmsligiosis
2938 4717 3152 4773 artibus
3179 4727 3233 4774 et
3262 4720 3474 4776 illusio-

1893 4808 2054 4862 nibus
2097 4807 2348 4862 effectum
2391 4805 2580 4871 fuisse,
2625 4809 2787 4876 ccepit
2829 4809 3067 4864 clamare
3107 4810 3278 4865 servis
3309 4812 3468 4870 suis:

1895 4900 2096 4954 Tcnetc
2117 4899 2451 4954 Clementem
2471 4900 2786 4970 episcopum
2817 4917 2830 4952 ε
2861 4918 2983 4954 nam
3010 4911 3068 4955 ut
3097 4901 3472 4972 ingrederetur

1893 4994 1961 5049 ad
1989 5010 2216 5050 uxorem
2247 5011 2447 5063 meam,
2489 4995 2697 5066 magica
2725 5011 2822 5052 sua
2852 5003 2967 5052 arte
3004 4999 3138 5054 mihi
3169 5001 3468 5060 emcitatem

1894 5087 2126 5142 induxit.

1513 5353 1751 5410 VARIzE
1791 5354 2192 5410 LECTIONES.

282 5468 352 5501 '°°
391 5469 545 5526 deest
600 5472 655 5527 in
706 5473 779 5529 al.

202 5541 224 5571 ⁶
280 5540 452 5617 deest‘
490 5542 552 5595 in
623 5544 697 5597 al.
781 5545 937 5617 i"_al_.
997 5547 1293 5617 διαμένειν.

885 5475 902 5506 ¹
947 5476 1019 5530 al.
1063 5476 1333 5530 ἐκϐαλεῖν.
1415 5479 1436 5508 ¹
1475 5476 1627 5532 deest
1670 5478 1725 5532 in
1779 5477 1847 5531 al.

1393 5547 1414 5579 ⁸
1454 5548 1524 5600 al.
1593 5547 1825 5615 λέγουσα
1883 5550 2058 5603 πάντα
2124 5567 2153 5601 τ

1958 5477 1980 5508 ³
2019 5479 2088 5532 al.
2150 5479 2401 5550 ἤκουσεν.
2512 5481 2534 5512 ⁸
2573 5481 2645 5535 al.
2717 5480 2964 5550 ἔστησεν.
3043 5481 3064 5511 ⁸
3102 5479 3248 5534 deest
3291 5479 3346 5532 in
3387 5478 3461 5535 aI.

3220 5551 3312 5601 καὶ
3381 5551 3464 5602 ὅτι

2188 5497 2282 5532 κου
2291 5497 2347 5532 σε
2356 5499 2401 5534 ν.

2246 5551 2530 5621 συμϐάντα
2597 5552 2676 5622 τῷ
2740 5552 2896 5622 ἀνδρὶ
2950 5551 3123 5622 αὐτῆς
3145 5589 3159 5612 ,

200 5611 404 5696 τυφλός
602 5615 1068 5700 τοίςῃόφθαλμοίς
1092 5604 1204 5672 ’καὶ
1255 5618 1591 5700 κωὶοὸςλτοῖς
1623 5604 1741 5700 ω’σί.
1775 5618 1961 5700 Ταῦτα.
1991 5620 2229 5700 ἀκούσας
2253 5622 2291 5700 ὁ⁸
2317 5604 2617 5700 μακάριος..
2648 5607 2658 5622 ⁸
2689 5625 2709 5656 θ
2749 5604 3255 5700 ειίξπρῳτρέῇατο.
3311 5619 3363 5700 "_°

199 5680 374 5760 αρτῷ.
438 5683 483 5760 ξί
520 5683 593 5760 a‘I:
637 5680 857 5760 μηδένα.
937 5680 1090 5760 εδει.
1130 5680 1380 5760 συμμιγῆ
1415 5680 1740 5760 ὀλοφυρμόν.
1823 5687 1934 5721 ‘3”
1972 5692 2041 5744 al.
2082 5691 2177 5744 τοῦ
2199 5680 2490 5760 ἀνθρώποιὶ
2529 5680 2740 5750 totitoti.
2786 5680 3230 5755 ¹⁸-¹⁶’ί11.οἱίὥνος.
3311 5689 3353 5721 ³⁷
3389 5689 3462 5742 aI.

199 5747 359 5807 εἷπον
389 5752 470 5806 τό.
551 5754 595 5785 ¹⁸
635 5747 710 5812 an."
738 5755 902 5813 inser.
928 5757 1151 5823 e60éwg.
1180 5747 1276 5792 ”¹’⁹
1313 5747 1382 5816 ξιιῖ
1428 5747 1686 5815 κελεύέἰν.
1765 5760 1908 5837 ’°_al.
1947 5761 2144 5830 αὑτοῦ,
2176 5762 2268 5817 καί
2301 5747 2496 5838 λέγειν.
