3834 6220
390 224 496 281 625

1474 226 1810 282 APPENDIX
1847 229 1937 282 AD
1979 228 2037 284 S.
2078 226 2519 283 CLEMENTEM.

3521 234 3638 291 62.5

462 340 530 394 Χ.
570 338 647 393 Illi
678 353 827 404 vero,
871 354 1011 409 quos
1039 339 1277 408 jusserat
1310 338 1641 394 Clementem
1680 341 1951 395 constrin-

2122 337 2191 393 Χ.
2246 339 2472 391 Ἐκεῖνοι
2499 338 2578 402 δὲ,
2628 331 2709 401 οἷς
2743 338 2997 395 ἐκέλευσε
3025 341 3116 396 τόν
3144 343 3433 416 Κλήμεντά
3459 365 3646 402 κατα-

394 449 517 503 gcre
549 447 612 486 ac
638 433 870 496 trahere,
922 431 1023 499 ipsi
1064 432 1347 486 columnas
1377 431 1685 501 adjacentes
1717 434 1956 501 Iigabant

392 536 446 580 et
473 524 792 587 trahebant;
825 524 1116 592 aliquando
1156 524 1372 593 quidem
1403 540 1470 578 ex
1506 524 1856 580 interioribus
1887 526 1953 580 ad

392 616 684 679 exteriora,
726 614 1018 684 aliquando
1039 629 1164 669 vero
1200 615 1269 668 ab
1309 617 1671 671 exterioribus
1712 618 1777 671 ad
1818 617 1955 671 inte—

394 709 586 761 riora:
630 707 733 761 hoc
782 715 961 761 autem
1006 707 1106 775 ipsi
1153 708 1313 761 etiam
1360 706 1601 764 Sisinnio
1648 709 1952 775 videbatur,

393 797 539 869 quod
564 805 811 851 sanctum
840 795 1168 852 Clementem
1192 798 1411 870 ligatum
1434 808 1677 854 tenerent
1698 816 1761 854 ac
1783 802 1959 856 trahe-

394 898 533 942 rent.
566 888 644 941 Ad
674 902 833 959 quem
863 886 921 941 S.
944 888 1195 943 Clemens
1224 892 1360 947 dixit
1391 910 1403 945 :
1433 892 1636 946 Duritia
1669 892 1848 947 cordis
1876 891 1954 945 tui

395 983 449 1037 in
490 981 695 1051 lapides
728 996 993 1037 conversa
1024 991 1107 1037 est
1140 1001 1155 1039 :
1187 984 1313 1052 quia
1364 986 1507 1037 enim
1553 984 1755 1053 lapides
1797 992 1956 1053 putas

394 1090 513 1128 esse
539 1074 691 1140 deos,
715 1074 920 1143 lapides
954 1075 1168 1129 trahere
1195 1075 1419 1130 sortitus
1453 1090 1534 1130 es.

466 1166 556 1220 XI.
597 1166 689 1221 Ille
710 1184 840 1223 vero
866 1169 1022 1238 quasi
1045 1169 1228 1223 vincto
1253 1170 1541 1234 insultans,
1565 1169 1815 1224 dicebat:
1845 1168 1955 1239 Ego

396 1271 447 1317 te
475 1256 677 1315 faciam
703 1258 759 1315 in
786 1259 1092 1332 exemplum
1132 1258 1374 1313 onmium
1403 1260 1955 1330 prmstigiatorumin-

392 1356 590 1409 terimi.
612 1354 763 1410 Tunc
789 1364 1010 1409 sanctus
1024 1354 1295 1420 Clemens,
1338 1366 1459 1408 cum
1489 1351 1725 1406 dedisset
1753 1354 1953 1407 oratio-

394 1459 541 1510 nem,
572 1453 627 1499 et
660 1444 816 1498 uxori
846 1444 966 1513 ejus
1014 1444 1403 1508 benedixisset,
1434 1440 1601 1509 abi-it;
1647 1441 1750 1495 hoc
1778 1443 1952 1499 eidem

393 1536 678 1601 mandans,
712 1550 780 1590 ne
802 1535 869 1590 ab
896 1536 1142 1589 oratione
1174 1536 1283 1589 ullo
1306 1534 1467 1589 modo
1491 1544 1748 1597 cessaret,
1784 1535 1957 1589 donec

394 1627 757 1681 visitationem
785 1642 938 1682 suam
970 1626 1230 1682 Dominus
1262 1628 1315 1682 in
1343 1629 1520 1683 virum
1560 1630 1677 1698 ejus
1704 1631 1955 1701 dignare-

395 1726 484 1772 tur
512 1719 814 1772 ostendere.
846 1717 1019 1772 Flenti
1059 1719 1221 1789 igitur
1254 1728 1307 1774 et
1336 1720 1511 1775 oranti
1536 1720 1954 1786 Theodoraad

352 1824 674 1889 ‘vesperam
700 1810 950 1878 apparuit
983 1812 1204 1880 quidam
1243 1812 1326 1865 vir
1370 1814 1568 1868 canitie
1588 1815 1952 1878 venerandus,

396 1900 641 1968 dixitque
673 1918 685 1953 :
720 1898 949 1969 Propter
999 1910 1050 1955 te
1103 1915 1269 1955 sanus
1297 1903 1398 1957 erit
1435 1902 1738 1973 Sisinniusg
1769 1914 1827 1957 ut
1854 1905 1957 1958 im-

393 1993 605 2061 pleatur
641 1994 782 2062 quod
817 1993 955 2049 dixit
1000 1994 1167 2049 frater
1207 2012 1359 2050 meus
1400 1995 1599 2052 Paulus
1632 2000 1952 2067 apostolus:

396 2081 831 2152 Sancti/imbitur
865 2085 943 2138 vir
980 2086 1210 2153 inﬁdelis
1248 2104 1340 2155 per
1374 2089 1641 2141 mulierem
1664 2088 1866 2156 ﬁdelem
1905 2102 1951 2145 ι.

394 2174 600 2246 Hisque
629 2177 789 2231 dictis
824 2178 1077 2233 discessit
1105 2179 1174 2233 ab
1200 2180 1318 2247 ejus
1337 2190 1580 2249 aspectu.
1614 2179 1766 2236 Unde
1798 2181 1957 2236 indu-

396 2267 545 2321 bium
570 2276 624 2322 et
649 2268 995 2337 perspicuum
1026 2278 1129 2335 est,
1156 2270 1373 2325 beatum
1405 2270 1623 2326 Petrum
1649 2274 1953 2343 apostolum

395 2358 505 2415 illic
531 2359 867 2430 apparuisse.

464 2622 577 2679 XII.
619 2623 687 2679 Et
706 2640 833 2681 vero
862 2626 1046 2680 statim
1074 2624 1349 2681 Sisinnius
1372 2623 1583 2681 vocavit
1613 2623 1677 2679 ad
1706 2639 1765 2681 se
1786 2622 1959 2677 Theo-

393 2716 602 2781 doram,
625 2716 807 2785 aitque
834 2716 908 2769 illi
941 2734 953 2770 :
984 2715 1220 2771 Obsecro
1244 2727 1292 2771 te
1317 2727 1375 2772 ut
1397 2732 1552 2787 roges
1582 2716 1750 2771 Deum
1776 2730 1951 2783 tuum,

394 2821 463 2861 ne
489 2806 757 2860 irascatur
779 2807 933 2861 mihi.
966 2807 1242 2877 Zelotypia
1275 2810 1417 2863 enim
1445 2811 1527 2862 tui
1544 2809 1738 2863 ductus
1763 2809 1953 2863 adveni

393 2903 447 2948 et
475 2895 753 2964 ingressus
787 2911 907 2950 sum
936 2904 1127 2965 postte
1155 2898 1209 2950 in
1234 2898 1550 2964 ecclesiam;
1576 2908 1629 2953 et
1654 2898 1783 2967 quia
1806 2898 1952 2953 volui

392 2986 577 3040 videre
608 3001 730 3055 quae
758 2986 1189 3054 celebrabantur,
1236 2989 1557 3058 auditorque
1594 3004 1715 3043 esse
1764 3004 1950 3043 eorum

393 3093 515 3147 qua:
556 3077 894 3144 dicebantur,
928 3079 1105 3132 visum
1156 3080 1357 3149 pariter
1402 3088 1455 3133 et
1498 3080 1741 3134 auditum
1773 3080 1950 3133 amisi.

402 3167 560 3223 Nunc
582 3183 708 3223 vero
749 3170 1186 3238 quandoquidem
1217 3170 1330 3225 haec
1360 3185 1446 3225 me
1478 3186 1797 3240 recuperare
1831 3170 1957 3225 fecit

393 3258 689 3315 Clementis
720 3260 1004 3326 adventus,
1024 3275 1119 3314 ora
1134 3276 1257 3314 eum
1278 3262 1525 3316 utveniat
1542 3262 1607 3317 ad
1639 3277 1745 3325 me,
1765 3278 1957 3332 meque

393 3350 556 3405 faciat
595 3352 873 3405 veritatem
912 3366 1222 3421 agnoscere.
1271 3350 1481 3405 Etenim
1514 3352 1647 3405 mihi
1677 3353 1957 3422 servisque

392 3440 529 3496 meis
551 3456 650 3511 pro
671 3454 819 3496 certo
840 3441 1152 3510 putabatur,
1177 3443 1318 3511 quod
1343 3442 1674 3498 Clementem
1698 3458 1820 3499 cum
1840 3444 1956 3511 ejus

392 3534 607 3590 clericis
628 3534 881 3603 Iigarent,
903 3548 1139 3603 eumque
1163 3535 1528 3590 distraherent
1556 3551 1569 3585 :
1603 3536 1696 3590 sed
1720 3536 1799 3589 illi
1822 3536 1956 3605 lapi-

390 3624 488 3679 des
511 3633 566 3677 et
588 3624 869 3679 columnas
895 3624 1113 3695 ligasse,
1132 3636 1186 3682 et
1210 3628 1318 3682 huc
1340 3626 1575 3698 illucque
1593 3627 1826 3682 traxisse
1854 3643 1955 3681 no-

392 3723 643 3771 sentitur.

461 3970 599 4026 XIII.
630 3970 785 4027 Tunc
828 3972 1114 4029 Thcodora
1160 3974 1426 4044 profecta,
1472 3975 1713 4029 narravit
1765 3986 1957 4031 sancto

391 4064 653 4118 Clementi
680 4065 866 4119 omnia
894 4081 1016 4134 quae
1043 4066 1272 4133 viderat,
1298 4076 1352 4122 et
1397 4083 1517 4137 qua:
1543 4084 1572 4121 a
1607 4069 1805 4123 marito
1853 4084 1954 4123 suo

389 4157 531 4210 dicta
560 4156 794 4212 fuerant.
816 4157 1050 4213 Veniens
1074 4158 1259 4228 itaque
1289 4169 1515 4215 sanctus
1545 4161 1612 4213 ad
1629 4161 1952 4228 Sisinnium,

390 4265 514 4304 eum
545 4250 752 4305 honore
779 4261 1066 4322 susceptus
1100 4262 1202 4307 est.
1227 4254 1272 4306 A
1303 4269 1413 4323 quo
1442 4254 1653 4308 audivit
1695 4270 1954 4323 quaecun-

2057 429 2308 498 σφίγγειν
2336 432 2379 461 ³⁸
2419 446 2479 481 τε
2506 430 2598 481 καὶ
2629 429 2834 501 σύρειν,
2867 434 3019 486 αὑτοὶ
3042 436 3168 498 τοὺς
3197 437 3481 506 κειμένους
3506 442 3647 495 στύ-

2054 517 2179 582 λους
2198 519 2520 589 δεσμοῦντες
2545 512 2722 572 εἷλκον
2746 536 2759 549 ·
2786 521 2915 573 ποτὲ
2948 521 3045 592 μὲν
3070 522 3279 577 ἔνδοθεν
3302 529 3381 589 είς
3400 528 3470 580 τὰ
3491 529 3599 595 ἔξω
3620 570 3641 591 ,

2055 608 2187 661 ποτὲ
2212 609 2269 662 δὲ
2308 610 2372 661 ἐκ
2398 608 2506 661 τῶν
2532 608 2635 675 ἔξω
2664 611 2745 673 είς
2771 610 2840 663 τὰ
2865 611 2999 663 έσω·
3046 613 3204 666 τοῦτο
3247 615 3304 668 δὲ
3354 619 3446 670 καὶ
3482 621 3646 691 αὐτῷ

2056 702 2134 771 τῷ
2159 702 2407 771 Σισιννίῳ
2436 701 2632 764 ἐδόκει,
2657 702 2737 754 ὅτι
2769 719 2875 773 περ
2900 703 2989 757 τὸν
3010 703 3163 771 ἆγιον
3187 706 3299 777 Κλή
3311 725 3474 777 μεντα
3495 710 3647 763 δεδε-

2059 793 2217 863 μένον
2255 786 2430 845 εἷλκόν
2456 809 2515 844 τε
2540 792 2631 845 καὶ
2656 795 2902 863 κατεῖχον
2931 796 2995 847 ’³.
3020 796 3163 866 Πρὸς
3182 797 3240 850 ὃν
3259 798 3287 847 6
3310 798 3463 868 ἅγιος
3489 801 3648 872 Κλή-

2060 902 2168 954 μης
2195 884 2240 915 ²³
2278 884 2378 954 ἔφη
2396 901 2408 914 ⁸
2445 885 2509 936 Ἦ
2534 884 2835 955 σκληρότης
2866 886 2962 956 τῆς
2986 888 3208 958 καρδίας
3237 905 3328 941 σου
3350 893 3431 953 είς
3447 891 3644 956 λίθους

2064 976 2312 1046 ἐτράπη·
2368 975 2555 1046 ἐπειδὴ
2618 976 2727 1046 γὰρ
2774 977 2899 1039 τοὺς
2952 978 3132 1041 λίθους
3182 978 3423 1046 δοξάζεις
3488 982 3643 1039 εἶναι

2059 1064 2239 1129 θεοὺς,
2268 1065 2449 1129 λίθους
2476 1064 2659 1137 σύρειν
2685 1065 3049 1137 κεκλήρωσαι.

2126 1154 2217 1209 XI.
2261 1156 2494 1219 Ἐκεῖνος
2522 1156 2609 1218 δὲ,
2646 1155 2720 1219 ὡς
2755 1155 2916 1226 δῆθεν
2952 1157 3235 1228 δεδεμένου
3276 1161 3647 1233 κατακαυχὼο

2061 1266 2221 1319 μενος
2251 1249 2318 1313 ³⁸,
2350 1248 2560 1316 ἔλεγεν·
2609 1247 2749 1317 Ἑγὼ
2787 1266 2845 1301 σε
2872 1249 3009 1301 ποιῶ
3041 1253 3121 1315 εἰς
3150 1253 3448 1325 ὑπόδειγμα
3486 1236 3647 1310 πάνέ

2054 1356 2158 1390 των
2180 1337 2288 1390 τῶν
2314 1339 2523 1409 γοήτων
2540 1336 2908 1409 ἀναιρεθῆναι.
2938 1339 3242 1409 Τηνικαῦτα
3260 1344 3287 1394 6
3315 1342 3467 1411 ἅγιος
3488 1346 3640 1419 KH}.

2060 1448 2185 1501 μης,
2206 1428 2452 1493 δεδωκὼς
2481 1428 2664 1500 εὐχὴν,
2705 1430 2799 1483 καί
2830 1430 3125 1509 εὐλογήσας
3145 1436 3244 1506 τὴν
3268 1437 3475 1491 ἐκείνου
3498 1440 3638 1509 σύμ.

2058 1521 2195 1585 ὄιον,
2226 1520 2478 1591 ἀπῴχετο
2503 1522 2569 1584 ’⁸,
2599 1520 2756 1573 τοῦτο
2796 1521 3167 1593 ἐντειλάμενος
3192 1527 3347 1597 αὑτῇ,
3388 1530 3461 1599 μὴ
3490 1530 3638 1583 παύ-

2058 1612 2253 1666 σασθαι
2297 1614 2359 1666 τὸ
2405 1615 2666 1684 παράπαν
2695 1615 2794 1685 τῆς
2822 1617 3146 1686 προσευχῆς,
3193 1620 3383 1691 μέχρις
3423 1620 3489 1673 ἂν
3530 1623 3641 1691 τὴν

2057 1709 2184 1781 παρ’
2215 1707 2376 1762 αὑτοῦ
2408 1708 2695 1779 ἐπίσκεψιν
2723 1710 2751 1760 6
2781 1708 2983 1779 Κύριος
3020 1714 3098 1773 είς
3134 1711 3225 1763 τὸν
3256 1712 3420 1783 ἄνδρα
3457 1715 3639 1784 αὐτῆς

2055 1799 2365 1873 καταξιώσῃ
2384 1800 2679 1867 ἀναδεῖξαι.
2714 1801 2993 1875 Κλαιούσῃ
3025 1804 3203 1855 τοίνυν
3245 1805 3335 1856 καὶ
3363 1805 3637 1878 εὑχομένῃ

2054 1892 2119 1960 τῇ
2146 1890 2415 1961 Θεοδώρα,
2446 1891 2581 1961 πρὸς
2629 1891 2866 1962 ἑσπέραν
2894 1894 3064 1962 ἐφάνη
3094 1909 3176 1955 τις
3200 1891 3336 1964 ἀνὴρ
3369 1896 3433 1963 τῇ
3470 1893 3637 1967 πολιᾷ

2054 1980 2349 2050 αἰδέσιμος,
2409 1980 2506 2032 καὶ
2553 1976 2702 2033 εἷπε·
2736 1982 2835 2034 Διά
2896 1982 2953 2033 σὲ
2984 1982 3142 2053 ὑγιὴς
3169 1982 3348 2037 ἔσεται
3385 1987 3413 2036 6
3449 1986 3635 2037 Σισίν-

2065 2087 2216 2133 νιος’
2275 2072 2422 2133 ὅπως
2486 2070 2747 2142 πληρωθῇ
2812 2072 2946 2143 ὅπερ
2998 2073 3099 2143 ἔφη
3154 2075 3182 2125 6
3238 2074 3461 2144 ἀδελφός
3528 2094 3635 2145 μου

2054 2159 2265 2223 Παῦλος
2290 2163 2317 2213 6
2348 2160 2670 2223 ἀπόστολος·
2718 2160 3167 2230 Ἀγιασθήσεται
3198 2166 3230 2215 ό
3257 2162 3409 2229 ἀνὴρ
3442 2168 3474 2217 ό
3497 2165 3636 2217 ἀπι-

2052 2268 2199 2316 στος
2240 2251 2337 2305 διὰ
2379 2250 2491 2318 τὴν
2523 2250 2777 2321 γυναῖκα
2815 2252 2929 2320 τὴν
2954 2253 3197 2319 πιστήν.
3223 2255 3331 2307 Καὶ
3354 2255 3523 2308 ταῦτα
3548 2259 3631 2307 εί-

2055 2342 2195 2407 πὼν,
2227 2345 2291 2396 ἐκ
2319 2344 2416 2414 τῆς
2439 2343 2611 2413 ὅψεως
2631 2344 2796 2416 αὑτῆς
2822 2343 3183 2416 ἀνεχώρησεν.
3213 2345 3373 2421 Ὅθεν
3394 2348 3636 2417 ἀναμφί-

2054 2434 2206 2487 6ολον
2246 2436 2478 2506 ὑπάρχει
2524 2436 2619 2488 καὶ
2664 2436 2960 2505 κατάδηλον
3006 2436 3098 2489 τὸν
3145 2438 3408 2508 μακάριον
3450 2440 3635 2490 ἐκεῖσε

2055 2525 2258 2595 Πέτρον
2282 2526 2376 2577 τὸν
2402 2526 2694 2579 ἀπόστολον
2722 2528 2970 2597 φανῆναι.

2124 2614 2238 2671 XII.
2281 2616 2390 2667 Καὶ
2411 2616 2474 2686 δὴ
2504 2615 2735 2687 ἐξαυτῆς
2766 2617 2987 2670 ἐκάλεσε
3026 2620 3160 2690 πρὸς
3184 2619 3369 2671 ἑαυτὸν
3399 2618 3427 2669 6
3452 2619 3639 2672 Σισίν-

2054 2721 2165 2771 νιος
2186 2704 2285 2779 τὴν
2314 2705 2614 2780 Θεοδώραν,
2661 2706 2753 2758 καὶ
2793 2706 2937 2774 λέγει
2979 2710 3134 2779 αὐτῇ·
3175 2710 3371 2779 Δέομαί
3415 2727 3507 2761 σου
3546 2710 3639 2762 ἴνα

2057 2798 2337 2874 ίκετεύσῃς
2376 2800 2469 2853 τὸν
2510 2800 2641 2854 Θεόν
2673 2818 2786 2865 σου,
2814 2797 2907 2854 τοῦ
2944 2798 3017 2874 μὴ
3047 2799 3362 2874 ὀργισθῆναί
3400 2818 3510 2874 μοι.
3561 2802 3638 2856 Σὲ

2052 2890 2160 2962 γάρ
2189 2890 2581 2961 ζηλοτυπήσας,
2614 2891 2988 2962 παρεγενόμην
3035 2894 3127 2945 καὶ
3159 2894 3485 2965 παρεισέϐην
3514 2896 3634 2937 '6.”

2055 2982 2280 3035 κατόπιν
2306 2999 2397 3034 σου
2430 2984 2508 3045 είς
2534 2984 2633 3053 τὴν
2660 2983 2969 3054 ἐκκλησίαν.
3003 2985 3110 3037 Καὶ
3150 2985 3237 3037 διὰ
3269 2985 3329 3037 τὸ
3360 2985 3533 3039 θέλειν
3562 3004 3636 3057 με

2057 3075 2189 3145 ὁρᾷν
2224 3073 2293 3127 τὰ
2319 3073 2615 3144 τελούμενα
2648 3074 2713 3139 ³⁸,
2746 3075 2837 3127 καὶ
2873 3074 3142 3146 ἀκροατήν
3172 3072 3307 3130 εἶναι
3334 3077 3439 3129 τῶν
3473 3075 3633 3144 λεγο-

2061 3166 2256 3235 μένων,
2280 3167 2380 3237 τήν
2399 3184 2458 3219 τε
2484 3166 2649 3237 ἀκοὴν
2678 3166 2792 3237 ἃμα
2820 3167 2914 3219 καὶ
2943 3167 3041 3237 τὴν
3068 3167 3253 3239 ὅρασιν
3282 3168 3325 3198 ’³
3350 3167 3632 3222 ἀπώλεσα.

2056 3258 2191 3310 Νυνὶ
2211 3258 2288 3322 δέ,
2316 3258 2504 3330 ἐπειδὴ
2529 3259 2574 3289 ³³
2600 3258 2693 3311 τοῦ
2728 3258 2901 3311 ταῦτά
2928 3276 2993 3329 με
3025 3259 3425 3331 ἀνακτήσασθαι
3459 3262 3491 3330 ή
3532 3259 3635 3313 τοῦ

2056 3350 2374 3422 Κλήμεντος
2434 3352 2808 3423 ἀπειργάσατο
2846 3352 3137 3424 παρουσία,
3184 3352 3401 3424 δεήθητι
3463 3352 3632 3406 αὑτοῦ

2056 3439 2202 3501 ὅπως
2230 3438 2358 3511 ἔλθῃ
2384 3439 2521 3510 πρός
2547 3457 2634 3509 με,
2664 3442 2755 3493 καὶ
2785 3443 2985 3514 ποιήσῃ
3014 3458 3080 3511 με
3104 3440 3200 3513 τὴν
3215 3442 3467 3513 ἀλήθειαν
3496 3446 3637 3511 γνῶ-

2056 3547 2142 3582 ναι
2171 3529 2236 3582 ³³.
2278 3530 2431 3582 Ἐπεὶ
2465 3532 2557 3583 καί
2599 3532 2721 3602 ἐμοὶ
2752 3534 2988 3595 καὶτοῖς
3026 3534 3181 3586 παισί
3224 3551 3322 3604 μου
3371 3535 3633 3603 ἀσφαλῶς

2056 3619 2329 3690 ἐνομίζετο
2355 3621 2443 3675 τὸν
2469 3622 2584 3693 Κλή
2595 3640 2757 3693 μεντα
2776 3622 3054 3693 δεσμεύειν
3080 3626 3173 3677 σὺν
3188 3628 3297 3688 τοῖς
3317 3626 3481 3679 αὑτοῦ
3503 3627 3633 3698 κλη-

2059 3715 2253 3783 ρικοῖς,
2298 3712 2393 3765 καὶ
2435 3713 2625 3766 τοῦτον
2662 3714 3007 3786 περισύρειν·
3038 3715 3150 3768 ἀλλ’
3182 3701 3323 3769 οὗτοι
3357 3717 3536 3781 λίθους
3566 3736 3631 3771 τε

2056 3805 2148 3856 καὶ
2184 3802 2441 3874 στυλάρια
2461 3804 2506 3834 ³³
2534 3804 2884 3875 δεσμῶντες,
2898 3804 3076 3860 ἕλκειν
3114 3823 3174 3859 τε
3216 3808 3308 3861 καὶ
3346 3808 3631 3863 ἀνθέλκειν

2055 3894 2477 3961 καταφαίνονται
2506 3893 2571 3946 ³³.

2124 3985 2261 4039 XIII.
2320 3985 2986 4060 ΤηνικαῦταήΘεοδὼρα,
3039 3989 3378 4061 πορευθεῖσα,
3431 3992 3628 4066 διηγή-

2057 4094 2185 4129 σατο
2222 4078 2399 4131 πάντα
2458 4076 2603 4149 άπερ
2646 4074 2771 4143 εἶδε,
2818 4080 2912 4132 καλ⁵
2956 4079 3099 4152 ἆπερ
3158 4081 3262 4135 ὑπδ
3312 4083 3406 4136 τοῦ
3451 4084 3636 4156 αὐτῆς.

2057 4168 2288 4239 συμὸίου
2332 4167 2565 4240 ἐλαλήθη
2591 4170 2655 4236 ³³,
2712 4170 2791 4241 τῷ
2821 4171 2961 4242 ἁγίῳ
3016 4172 3315 4244 Κλήμεντι.
3366 4177 3627 4248 Παραγε-

2052 4260 2273 4329 νόμενος
2301 4255 2393 4313 οὖν
2420 4261 2449 4312 6
2477 4261 2629 4329 ἆγιος
2654 4263 2788 4333 πρὸς
2806 4262 2894 4314 τὸν
2918 4263 3196 4330 Σισίννιον,
3235 4265 3371 4336 μετά
3395 4268 3563 4339 τιμῆς
3581 4271 3630 4302 ³⁸

389 4357 493 4411 que
518 4342 584 4397 ad
610 4343 1022 4399 aediﬁcationem
1056 4345 1251 4399 anima:
1294 4345 1668 4414 pertinebant:
1696 4354 1749 4399 et
1777 4348 1953 4400 credi~

2062 4348 2349 4420 ὑπεδέχθη.
2409 4351 2546 4421 Παρ’
2584 4345 2644 4405 οὗ
2691 4351 2942 4421 ἀκηκοὼς
2986 4353 3193 4425 ὅσαπερ
3230 4356 3364 4426 πρὸς
3420 4358 3634 4411 οίκοδο-

388 4434 466 4486 dit
492 4432 618 4501 Deo,
672 4436 1171 4505 co'rroboratusque
1215 4444 1343 4491 est:
1392 4446 1447 4491 et
1467 4437 1631 4506 coepit
1673 4438 1738 4491 ad
1777 4453 1952 4509 genua

2062 4441 2165 4512 μὴν
2208 4442 2307 4512 τῆς
2353 4440 2533 4511 ψυχῆς
2584 4442 2628 4473 ³⁸
2677 4444 2999 4508 συνέτεινεν,
3032 4445 3315 4499 ἐπίστευσε
3355 4448 3432 4520 τῷ
3478 4449 3623 4520 Θεῷ,

387 4522 685 4581 Clementis
716 4527 952 4593 advolvi,
977 4537 1033 4581 et
1073 4528 1311 4583 clamare
1344 4546 1365 4583 ι

456 4699 596 4756 XIV.
622 4699 839 4757 Gratias
868 4717 970 4773 ago
997 4719 1127 4759 vero
1160 4704 1270 4759 Deo
1334 4713 1388 4760 et
1419 4706 1803 4774 omnipotenti,
1856 4706 1949 4774 qui

385 4807 475 4846 me
526 4792 649 4848 ideo
707 4795 998 4849 excaacavit
1044 4805 1107 4850 ut
1159 4796 1397 4861 videam,
1445 4806 1499 4851 et
1549 4797 1669 4851 ideo
1708 4795 1950 4850 auditum

382 4884 615 4939 abstulit
650 4894 710 4939 ut
739 4888 967 4941 auribus
998 4889 1293 4959 percipiam
1323 4889 1624 4953 veritatem,
1650 4906 1811 4959 quam
1844 4890 1946 4942 ali-

385 4976 606 5045 quando
634 4978 946 5032 deridebam
977 4996 1073 5050 per
1099 4980 1487 5049 ignorantiam,
1520 4990 1575 5037 et
1597 4982 1698 5037 huc
1727 4981 1945 5051 quidem

456 5104 482 5131 ι
514 5090 535 5145 I
581 5092 705 5147 Cor.
732 5108 837 5157 vn,
874 5094 955 5148 I4.

2054 4531 2148 4583 καὶ
2175 4531 2216 4562 ³⁷
2249 4530 2590 4602 ἐστερεώθη·
2636 4532 2731 4584 καὶ
2793 4531 2993 4602 ἤρξατο
3034 4537 3146 4597 τοῖς
3194 4536 3385 4604 γόνασι
3434 4538 3478 4569 ³⁸
3522 4542 3630 4594 τοῦ

2053 4620 2366 4692 Κλήμεντος
2399 4622 2920 4693 προσκυλινδεῖσθαι,
2948 4626 3041 4677 καὶ
3082 4625 3229 4696 βοᾷν·

2123 4711 2261 4765 XIV.
2293 4712 2612 4783 Εὑχαριστῶ
2640 4712 2719 4782 τῷ
2772 4712 3008 4783 ἀληθινῷ
3040 4714 3157 4785 Θεῷ
3194 4716 3237 4747 ³³
3283 4718 3375 4769 καὶ
3425 4736 3627 4773 παντο-

2053 4802 2299 4875 κράτορι,
2320 4802 2378 4865 ὃς
2407 4799 2673 4874 διάλοῦτό
2704 4817 2769 4870 με
2791 4800 3150 4868 τετύφλωκεν,
3207 4802 3291 4855 ἵνα
3319 4802 3531 4873 δψωμαι
3554 4807 3635 4871 ιο,

2054 4894 2146 4946 καὶ
2198 4890 2488 4966 διάβτοῦτο
2555 4890 2653 4961 τὴν
2715 4890 2880 4960 ἀκοὴν
2921 4890 3187 4958 ἀφείλετο,
3240 4892 3308 4945 ἵν’
3351 4894 3625 4948 ἐνωτίσω-

2055 5002 2152 5054 μαι
2175 4984 2272 5054 τὴν
2307 4981 2578 5053 ἀλήθειαν,
2619 4974 2687 5051 ἧς
2717 4996 2845 5032 ποτε
2871 4979 2943 5032 δι’
2971 4980 3189 5050 ἄγνοιαν
3220 4983 3520 5051 κατεγέλων
3538 4984 3582 5016 ⁸⁸
3604 5003 3624 5016 ν

1677 5160 1917 5216 VARIAE
1951 5159 2350 5217 LECTIONES.

452 5255 495 5285 “
536 5254 612 5307 al.
677 5257 982 5309 κατασχεῖν.

1088 5258 1132 5287 ³³
1172 5256 1243 5309 al.
1284 5255 1567 5325 κατέχουσι
1630 5255 1723 5307 καὶ
1781 5255 2014 5325 ἕλκουσι.

2129 5253 2480 5330 f'_al._inser.
2530 5249 2671 5304 ίδών.
2768 5250 3067 5330 ’ξ’-ει...τοῦ
3127 5258 3619 5330 ᾴγίου-καυχώμε-

569 5326 614 5357 ²³
638 5322 1123 5400 Exemplar-2126,
1148 5327 1227 5388 είς
1256 5325 1333 5400 τδᾼ
1351 5322 1513 5400 αὑτού
1541 5326 1886 5400 ἐπισκοπεῖον
1918 5324 2539 5400 ἀπίεικᾼά-ερὶδεᾳρὶιιζη
2565 5322 2897 5400 διειιηιμὺξὶι.
2928 5322 3065 5400 Cor.
3126 5322 3238 5400 ¹⁶ἐ¹ῖ
3254 5328 3321 5382 al.
3339 5322 3617 5400 εἰσῆλθον.

384 5397 431 5427 ³⁸
462 5394 532 5449 al.
576 5395 729 5448 τελού
779 5412 871 5447 ’να
923 5398 1213 5467 μυστήρια.

384 5466 551 5518 βίους.
638 5465 682 5495 ⁸³
715 5413 804 5518 οἵ*
824 5465 1207 5518 κατεφαίνοντο

382 5466 551 5537 ρίους.
715 5482 741 5519 a

381 5533 564 5606 αὐτοῦ.
615 5533 697 5606 7³⁷7
724 5537 794 5589 al.
836 5535 895 5601 ἐξ
926 5533 1053 5606 ὅλης
1084 5535 1277 5606 ψυχῆς.
1355 5536 1398 5567 ³⁸
1452 5537 1526 5589 al.
1570 5533 1714 5588 ποσί.

1294 5397 1339 5468 ³-³
1371 5396 1440 5468 al.
1483 5395 1807 5468 ὅρασινλκαὶΔ
1827 5395 2017 5468 ἀκοήνζ

2095 5394 2140 5425 ³⁸
2187 5395 2338 5447 deest
2367 5393 2421 5445 in
2457 5392 2529 5446 al.
2607 5392 2649 5422 ³³
2688 5392 2758 5454 al.
2811 5393 3129 5460 ἐπιγνῶναι.
3220 5398 3264 5429 ³³
3305 5398 3375 5451 al.
3421 5392 3619 5455 στυλα-

824 5462 1227 5546 κατεςραίνὶξντο;
1306 5466 1463 5546 “Hal.
1492 5462 1739 5546 ’ἐδηλώθη
1787 5464 1891 5546 ὑπὸ
1922 5462 2243 5546 τοῦἠάνδρξς
2278 5462 2491 5546 αὐτῆς..
2542 5462 2703 5546 "Hal.
2744 5462 2951 5546 πολλῇς
2979 5468 3162 5546 τιμῆς..
3211 5468 3286 5546 ,³⁸
3321 5470 3396 5546 at.
3432 5470 3619 5546 ψυχῆς

1810 5535 1959 5615 ’°_al_.
1993 5534 2118 5615 θεῷ
2148 5531 2226 5604 τῷ
2260 5531 2523 5615 ἀληθινῷ.
2598 5531 2645 5615 ⁸³
2710 5534 2783 5613 al;
2844 5531 3060 5608 δψωμαὶ
3093 5531 3278 5593 αὐτόν.
3357 5541 3420 5615 ⁸³,
3441 5531 3616 5594 ὸ1.”εν

383 5599 419 5677 ᾖ
450 5604 546 5675 τὴν
578 5605 829 5677 ἀλήθειάν
859 5599 987 5659 ποτε
1010 5599 1345 5674 ’δι”άγνοιανι
1359 5607 1690 5674 κατεγέλων,
1733 5607 1789 5660 ἐν
1822 5606 1957 5677 αὐτῇ
1983 5599 2218 5668 ἀκούσας
2256 5599 2490 5673 δέξωμαὶ
2511 5620 2523 5634 ·
2561 5605 2652 5657 καὶ
2690 5603 2871 5658 τοῦτο.
