  <div class='ocr_page' id='page_1' title='image "/cluster/home/n/w/nwhite01/storage/ocr_20150623/2/nnc1.0114695790/372.png"; bbox 0 0 3834 6220; ppageno 0'>
   <div class='ocr_carea' id='block_1_1' title="bbox 195 391 303 446">
    <p class='ocr_par' dir='ltr' id='par_1_1' title="bbox 195 391 303 446">
     <span class='ocr_line' id='line_1_1' title="bbox 195 391 303 446; baseline 0.028 -3"><span class='ocrx_word' id='word_1_1' title='bbox 195 391 303 446; x_wconf 68' lang='lat'><strong>6‘23</strong></span> 
     </span>
    </p>
   </div>
   <div class='ocr_carea' id='block_1_2' title="bbox 1323 393 2267 451">
    <p class='ocr_par' dir='ltr' id='par_1_2' title="bbox 1323 393 2267 451">
     <span class='ocr_line' id='line_1_2' title="bbox 1323 393 2267 451; baseline 0 0"><span class='ocrx_word' id='word_1_2' title='bbox 1323 393 1733 451; x_wconf 73' lang='lat' dir='ltr'><strong>MAR&#39;I&#39;YRIUM</strong></span> <span class='ocrx_word' id='word_1_3' title='bbox 1770 396 1826 449; x_wconf 88' lang='lat' dir='ltr'><strong>S.</strong></span> <span class='ocrx_word' id='word_1_4' title='bbox 1863 394 2182 449; x_wconf 79' lang='lat' dir='ltr'><strong>CLEMEN&#39;I‘</strong></span> <span class='ocrx_word' id='word_1_5' title='bbox 2187 397 2267 451; x_wconf 90' lang='lat' dir='ltr'><strong>IS.</strong></span> 
     </span>
    </p>
   </div>
   <div class='ocr_carea' id='block_1_3' title="bbox 3315 395 3417 449">
    <p class='ocr_par' dir='ltr' id='par_1_3' title="bbox 3315 395 3417 449">
     <span class='ocr_line' id='line_1_3' title="bbox 3315 395 3417 449; baseline -0.01 0"><span class='ocrx_word' id='word_1_6' title='bbox 3315 395 3417 449; x_wconf 70' lang='lat'><strong>69.6</strong></span> 
     </span>
    </p>
   </div>
   <div class='ocr_carea' id='block_1_4' title="bbox 193 502 1754 580">
    <p class='ocr_par' dir='ltr' id='par_1_4' title="bbox 193 502 1754 579">
     <span class='ocr_line' id='line_1_4' title="bbox 193 502 1754 579; baseline 0.001 -23"><span class='ocrx_word' id='word_1_7' title='bbox 193 505 291 557; x_wconf 71' lang='lat' dir='ltr'><strong>mi</strong></span> <span class='ocrx_word' id='word_1_8' title='bbox 321 505 481 559; x_wconf 86' lang='grc' dir='ltr'>τοῦτο</span> <span class='ocrx_word' id='word_1_9' title='bbox 510 507 606 576; x_wconf 83' lang='grc' dir='ltr'><strong>μὲν</strong></span> <span class='ocrx_word' id='word_1_10' title='bbox 655 506 908 579; x_wconf 72' lang='grc' dir='ltr'>ἐνόμιζον</span> <span class='ocrx_word' id='word_1_11' title='bbox 945 508 1140 578; x_wconf 68' lang='grc' dir='ltr'>ψευδὲς</span> <span class='ocrx_word' id='word_1_12' title='bbox 1180 509 1467 578; x_wconf 81' lang='grc' dir='ltr'><strong>ὑπάρχειν,</strong></span> <span class='ocrx_word' id='word_1_13' title='bbox 1528 508 1661 576; x_wconf 83' lang='grc' dir='ltr'>ὅπερ</span> <span class='ocrx_word' id='word_1_14' title='bbox 1691 502 1754 576; x_wconf 75' lang='grc' dir='ltr'>ἦν</span> 
     </span>
    </p>
   </div>
   <div class='ocr_carea' id='block_1_5' title="bbox 1861 502 3421 580">
    <p class='ocr_par' dir='ltr' id='par_1_5' title="bbox 1861 505 3421 580">
     <span class='ocr_line' id='line_1_5' title="bbox 1861 505 3421 580; baseline 0.007 -22"><span class='ocrx_word' id='word_1_15' title='bbox 1861 507 2112 574; x_wconf 87' lang='lat' dir='ltr'><strong>putabam</strong></span> <span class='ocrx_word' id='word_1_16' title='bbox 2139 505 2332 563; x_wconf 74' lang='lat' dir='ltr'><strong>falsum</strong></span> <span class='ocrx_word' id='word_1_17' title='bbox 2359 525 2498 576; x_wconf 87' lang='lat' dir='ltr'><strong>esse,</strong></span> <span class='ocrx_word' id='word_1_18' title='bbox 2545 513 2688 580; x_wconf 85' lang='lat' dir='ltr'><strong>quod</strong></span> <span class='ocrx_word' id='word_1_19' title='bbox 2736 529 2924 568; x_wconf 84' lang='lat' dir='ltr'><strong>verum</strong></span> <span class='ocrx_word' id='word_1_20' title='bbox 2971 522 3116 580; x_wconf 87' lang='lat' dir='ltr'><strong>erat;</strong></span> <span class='ocrx_word' id='word_1_21' title='bbox 3144 513 3421 570; x_wconf 80' lang='lat' dir='ltr'><strong>existima-</strong></span> 
     </span>
    </p>
   </div>
   <div class='ocr_carea' id='block_1_6' title="bbox 187 601 1763 675">
    <p class='ocr_par' dir='ltr' id='par_1_6' title="bbox 187 601 1763 675">
     <span class='ocr_line' id='line_1_6' title="bbox 187 601 1763 675; baseline -0.002 -21"><span class='ocrx_word' id='word_1_22' title='bbox 187 601 408 671; x_wconf 81' lang='grc' dir='ltr'>ἀληθὲς,</span> <span class='ocrx_word' id='word_1_23' title='bbox 460 601 675 655; x_wconf 83' lang='grc' dir='ltr'><strong>ἐδόκουν</strong></span> <span class='ocrx_word' id='word_1_24' title='bbox 713 603 769 654; x_wconf 84' lang='grc' dir='ltr'>δὲ</span> <span class='ocrx_word' id='word_1_25' title='bbox 823 604 884 655; x_wconf 87' lang='grc' dir='ltr'>τὸ</span> <span class='ocrx_word' id='word_1_26' title='bbox 933 603 1169 675; x_wconf 81' lang='grc' dir='ltr'>ἔμπαλιν</span> <span class='ocrx_word' id='word_1_27' title='bbox 1220 605 1437 674; x_wconf 85' lang='grc' dir='ltr'>ἀληθὲς,</span> <span class='ocrx_word' id='word_1_28' title='bbox 1493 603 1522 655; x_wconf 86' lang='grc' dir='ltr'><strong>ὃ</strong></span> <span class='ocrx_word' id='word_1_29' title='bbox 1570 601 1763 670; x_wconf 70' lang='grc' dir='ltr'>ψευδὲς</span> 
     </span>
    </p>
   </div>
   <div class='ocr_carea' id='block_1_7' title="bbox 189 691 1762 766">
    <p class='ocr_par' dir='ltr' id='par_1_7' title="bbox 189 691 1762 766">
     <span class='ocr_line' id='line_1_7' title="bbox 189 691 1762 766; baseline -0.001 -20"><span class='ocrx_word' id='word_1_30' title='bbox 189 693 488 764; x_wconf 74' lang='grc' dir='ltr'>ἑτύγχανε’</span> <span class='ocrx_word' id='word_1_31' title='bbox 557 693 618 745; x_wconf 84' lang='grc' dir='ltr'><strong>τὸ</strong></span> <span class='ocrx_word' id='word_1_32' title='bbox 675 694 865 758; x_wconf 79' lang='grc' dir='ltr'>σκότος</span> <span class='ocrx_word' id='word_1_33' title='bbox 920 696 1166 766; x_wconf 77' lang='grc' dir='ltr'>ἐνόμιζον</span> <span class='ocrx_word' id='word_1_34' title='bbox 1211 697 1345 765; x_wconf 87' lang='grc' dir='ltr'>φῶς,</span> <span class='ocrx_word' id='word_1_35' title='bbox 1402 695 1496 747; x_wconf 85' lang='grc' dir='ltr'><strong>καί</strong></span> <span class='ocrx_word' id='word_1_36' title='bbox 1539 693 1599 746; x_wconf 85' lang='grc' dir='ltr'><strong>τὸ</strong></span> <span class='ocrx_word' id='word_1_37' title='bbox 1647 691 1762 762; x_wconf 88' lang='grc' dir='ltr'><strong>φῶς</strong></span> 
     </span>
    </p>
   </div>
   <div class='ocr_carea' id='block_1_8' title="bbox 191 785 1760 856">
    <p class='ocr_par' dir='ltr' id='par_1_8' title="bbox 191 785 1760 856">
     <span class='ocr_line' id='line_1_8' title="bbox 191 785 1760 856; baseline -0.002 -18"><span class='ocrx_word' id='word_1_38' title='bbox 191 786 384 848; x_wconf 81' lang='grc' dir='ltr'><strong>σκότος</strong></span> <span class='ocrx_word' id='word_1_39' title='bbox 412 785 812 854; x_wconf 79' lang='grc' dir='ltr'>ὑπελάμϐανον.</span> <span class='ocrx_word' id='word_1_40' title='bbox 879 787 1020 839; x_wconf 81' lang='grc' dir='ltr'>Ἀλλ’</span> <span class='ocrx_word' id='word_1_41' title='bbox 1057 787 1388 856; x_wconf 75' lang='grc' dir='ltr'>ἐκαθαρίσθη</span> <span class='ocrx_word' id='word_1_42' title='bbox 1435 788 1462 838; x_wconf 84' lang='grc' dir='ltr'><strong>ὁ</strong></span> <span class='ocrx_word' id='word_1_43' title='bbox 1502 785 1624 847; x_wconf 94' lang='grc' dir='ltr'>νοῦς</span> <span class='ocrx_word' id='word_1_44' title='bbox 1661 800 1760 854; x_wconf 87' lang='grc' dir='ltr'><strong>μου</strong></span> 
     </span>
    </p>
   </div>
   <div class='ocr_carea' id='block_1_9' title="bbox 187 874 1762 949">
    <p class='ocr_par' dir='ltr' id='par_1_9' title="bbox 187 874 1762 949">
     <span class='ocr_line' id='line_1_9' title="bbox 187 874 1762 949; baseline -0.001 -20"><span class='ocrx_word' id='word_1_45' title='bbox 187 878 254 929; x_wconf 84' lang='grc' dir='ltr'><strong>ἐκ</strong></span> <span class='ocrx_word' id='word_1_46' title='bbox 295 875 390 928; x_wconf 84' lang='grc' dir='ltr'><strong>τοῦ</strong></span> <span class='ocrx_word' id='word_1_47' title='bbox 432 876 704 946; x_wconf 77' lang='grc' dir='ltr'>μολυσμοῦ</span> <span class='ocrx_word' id='word_1_48' title='bbox 761 878 862 948; x_wconf 81' lang='grc' dir='ltr'>τῆς</span> <span class='ocrx_word' id='word_1_49' title='bbox 902 878 1306 949; x_wconf 81' lang='grc' dir='ltr'>εἰδωλομανίας.</span> <span class='ocrx_word' id='word_1_50' title='bbox 1374 876 1610 948; x_wconf 80' lang='grc' dir='ltr'><strong>Ἀληθῶς</strong></span> <span class='ocrx_word' id='word_1_51' title='bbox 1653 874 1762 946; x_wconf 85' lang='grc' dir='ltr'><strong>γὰρ</strong></span> 
     </span>
    </p>
   </div>
   <div class='ocr_carea' id='block_1_10' title="bbox 187 966 1760 1041">
    <p class='ocr_par' dir='ltr' id='par_1_10' title="bbox 187 966 1760 1041">
     <span class='ocr_line' id='line_1_10' title="bbox 187 966 1760 1041; baseline 0.001 -23"><span class='ocrx_word' id='word_1_52' title='bbox 187 966 362 1034; x_wconf 77' lang='grc' dir='ltr'>ἔγνων</span> <span class='ocrx_word' id='word_1_53' title='bbox 408 970 452 998; x_wconf 73' lang='grc'>⁸³</span> <span class='ocrx_word' id='word_1_54' title='bbox 510 969 638 1032; x_wconf 80' lang='grc' dir='ltr'>τοὺς</span> <span class='ocrx_word' id='word_1_55' title='bbox 692 969 950 1040; x_wconf 88' lang='grc' dir='ltr'>δαίμονας</span> <span class='ocrx_word' id='word_1_56' title='bbox 1027 969 1475 1041; x_wconf 79' lang='grc' dir='ltr'>ἐξαπατήσαντας</span> <span class='ocrx_word' id='word_1_57' title='bbox 1529 968 1574 998; x_wconf 73' lang='grc'>⁸³</span> <span class='ocrx_word' id='word_1_58' title='bbox 1635 969 1760 1030; x_wconf 80' lang='grc' dir='ltr'>τοὺς</span> 
     </span>
    </p>
   </div>
   <div class='ocr_carea' id='block_1_11' title="bbox 185 1056 1761 1133">
    <p class='ocr_par' dir='ltr' id='par_1_11' title="bbox 185 1056 1761 1133">
     <span class='ocr_line' id='line_1_11' title="bbox 185 1056 1761 1133; baseline -0.001 -24"><span class='ocrx_word' id='word_1_59' title='bbox 185 1056 509 1126; x_wconf 83' lang='grc' dir='ltr'>ἀνθρώπους</span> <span class='ocrx_word' id='word_1_60' title='bbox 529 1075 542 1088; x_wconf 84' lang='grc'><em>’</em></span> <span class='ocrx_word' id='word_1_61' title='bbox 583 1059 732 1122; x_wconf 83' lang='grc' dir='ltr'>ὅπως</span> <span class='ocrx_word' id='word_1_62' title='bbox 769 1059 876 1112; x_wconf 88' lang='grc' dir='ltr'><strong>τῶν</strong></span> <span class='ocrx_word' id='word_1_63' title='bbox 907 1059 980 1130; x_wconf 85' lang='grc' dir='ltr'>μὴ</span> <span class='ocrx_word' id='word_1_64' title='bbox 1028 1061 1387 1112; x_wconf 83' lang='grc' dir='ltr'>πιστευόντων</span> <span class='ocrx_word' id='word_1_65' title='bbox 1410 1056 1761 1133; x_wconf 39' lang='grc' dir='ltr'>τὸνκξίριστὸν</span> 
     </span>
    </p>
   </div>
   <div class='ocr_carea' id='block_1_12' title="bbox 183 1146 1760 1222">
    <p class='ocr_par' dir='ltr' id='par_1_12' title="bbox 183 1146 1760 1222">
     <span class='ocr_line' id='line_1_12' title="bbox 183 1146 1760 1222; baseline 0 -22"><span class='ocrx_word' id='word_1_66' title='bbox 183 1146 327 1201; x_wconf 78' lang='grc' dir='ltr'>εἶναι</span> <span class='ocrx_word' id='word_1_67' title='bbox 365 1150 497 1202; x_wconf 81' lang='grc' dir='ltr'>Θεὸν</span> <span class='ocrx_word' id='word_1_68' title='bbox 532 1151 867 1222; x_wconf 85' lang='grc' dir='ltr'>κυριεύσωσι</span> <span class='ocrx_word' id='word_1_69' title='bbox 897 1151 1092 1222; x_wconf 84' lang='grc' dir='ltr'>πέτραι</span> <span class='ocrx_word' id='word_1_70' title='bbox 1129 1151 1226 1204; x_wconf 73' lang='grc' dir='ltr'>καὶ</span> <span class='ocrx_word' id='word_1_71' title='bbox 1271 1151 1430 1214; x_wconf 86' lang='grc' dir='ltr'>λίθοι,</span> <span class='ocrx_word' id='word_1_72' title='bbox 1450 1151 1621 1219; x_wconf 81' lang='grc' dir='ltr'>κωφοὶ</span> <span class='ocrx_word' id='word_1_73' title='bbox 1665 1147 1760 1202; x_wconf 74' lang='grc' dir='ltr'>καὶ</span> 
     </span>
    </p>
   </div>
   <div class='ocr_carea' id='block_1_13' title="bbox 184 1237 1756 1313">
    <p class='ocr_par' dir='ltr' id='par_1_13' title="bbox 184 1237 1756 1313">
     <span class='ocr_line' id='line_1_13' title="bbox 184 1237 1756 1313; baseline -0.001 -21"><span class='ocrx_word' id='word_1_74' title='bbox 184 1239 395 1303; x_wconf 85' lang='grc' dir='ltr'>ἄλαλοι,</span> <span class='ocrx_word' id='word_1_75' title='bbox 436 1239 622 1311; x_wconf 87' lang='grc' dir='ltr'>ῶσπερ</span> <span class='ocrx_word' id='word_1_76' title='bbox 648 1241 826 1309; x_wconf 83' lang='grc' dir='ltr'>κάμοῦ</span> <span class='ocrx_word' id='word_1_77' title='bbox 851 1243 1229 1313; x_wconf 78' lang='grc' dir='ltr'>ἐπεκράτησαν</span> <span class='ocrx_word' id='word_1_78' title='bbox 1282 1240 1441 1311; x_wconf 87' lang='grc' dir='ltr'>μέχρι</span> <span class='ocrx_word' id='word_1_79' title='bbox 1466 1239 1563 1308; x_wconf 85' lang='grc' dir='ltr'><strong>τῆς</strong></span> <span class='ocrx_word' id='word_1_80' title='bbox 1580 1237 1756 1308; x_wconf 85' lang='grc' dir='ltr'>δεῦρο.</span> 
     </span>
    </p>
   </div>
   <div class='ocr_carea' id='block_1_14' title="bbox 181 1329 1761 1403">
    <p class='ocr_par' dir='ltr' id='par_1_14' title="bbox 181 1329 1761 1403">
     <span class='ocr_line' id='line_1_14' title="bbox 181 1329 1761 1403; baseline -0.002 -21"><span class='ocrx_word' id='word_1_81' title='bbox 181 1331 372 1384; x_wconf 86' lang='grc' dir='ltr'>Ταῦτα</span> <span class='ocrx_word' id='word_1_82' title='bbox 404 1332 497 1383; x_wconf 82' lang='grc' dir='ltr'><strong>καὶ</strong></span> <span class='ocrx_word' id='word_1_83' title='bbox 543 1331 614 1383; x_wconf 78' lang='grc' dir='ltr'><strong>τὰ</strong></span> <span class='ocrx_word' id='word_1_84' title='bbox 653 1331 1008 1403; x_wconf 83' lang='grc' dir='ltr'>παραπλήσια</span> <span class='ocrx_word' id='word_1_85' title='bbox 1037 1331 1084 1364; x_wconf 57' lang='grc' dir='ltr'><strong>ιδ</strong></span> <span class='ocrx_word' id='word_1_86' title='bbox 1116 1331 1210 1384; x_wconf 88' lang='grc' dir='ltr'><strong>τοῦ</strong></span> <span class='ocrx_word' id='word_1_87' title='bbox 1241 1329 1501 1383; x_wconf 91' lang='grc' dir='ltr'>Σισιννίου</span> <span class='ocrx_word' id='word_1_88' title='bbox 1529 1329 1761 1397; x_wconf 83' lang='grc' dir='ltr'>φάσκον-</span> 
     </span>
    </p>
   </div>
   <div class='ocr_carea' id='block_1_15' title="bbox 179 1417 1758 1491">
    <p class='ocr_par' dir='ltr' id='par_1_15' title="bbox 179 1417 1758 1491">
     <span class='ocr_line' id='line_1_15' title="bbox 179 1417 1758 1491; baseline -0.009 -8"><span class='ocrx_word' id='word_1_89' title='bbox 179 1437 296 1484; x_wconf 77' lang='grc' dir='ltr'>τος,</span> <span class='ocrx_word' id='word_1_90' title='bbox 361 1420 502 1491; x_wconf 86' lang='grc' dir='ltr'>χαρά</span> <span class='ocrx_word' id='word_1_91' title='bbox 552 1422 761 1491; x_wconf 79' lang='grc' dir='ltr'>μεγάλη</span> <span class='ocrx_word' id='word_1_92' title='bbox 812 1423 1053 1490; x_wconf 82' lang='grc' dir='ltr'>γέγονεν.</span> <span class='ocrx_word' id='word_1_93' title='bbox 1137 1422 1450 1474; x_wconf 86' lang='grc' dir='ltr'>Ἐπίστευσε</span> <span class='ocrx_word' id='word_1_94' title='bbox 1504 1418 1612 1490; x_wconf 84' lang='grc' dir='ltr'>γὰρ</span> <span class='ocrx_word' id='word_1_95' title='bbox 1663 1417 1758 1470; x_wconf 83' lang='grc' dir='ltr'><strong>σὺν</strong></span> 
     </span>
    </p>
   </div>
   <div class='ocr_carea' id='block_1_16' title="bbox 183 1509 1758 1583">
    <p class='ocr_par' dir='ltr' id='par_1_16' title="bbox 183 1509 1758 1583">
     <span class='ocr_line' id='line_1_16' title="bbox 183 1509 1758 1583; baseline -0.003 -19"><span class='ocrx_word' id='word_1_96' title='bbox 183 1513 337 1582; x_wconf 81' lang='grc' dir='ltr'>πάσῃ</span> <span class='ocrx_word' id='word_1_97' title='bbox 370 1514 435 1582; x_wconf 83' lang='grc' dir='ltr'>τῇ</span> <span class='ocrx_word' id='word_1_98' title='bbox 476 1511 640 1564; x_wconf 80' lang='grc' dir='ltr'>αὐτοῦ</span> <span class='ocrx_word' id='word_1_99' title='bbox 713 1511 892 1583; x_wconf 77' lang='grc' dir='ltr'>οἰκίᾳ·</span> <span class='ocrx_word' id='word_1_100' title='bbox 945 1513 1039 1566; x_wconf 74' lang='grc' dir='ltr'><strong>καὶ</strong></span> <span class='ocrx_word' id='word_1_101' title='bbox 1087 1509 1426 1573; x_wconf 74' lang='grc' dir='ltr'>ἐπιδεδωκὼς</span> <span class='ocrx_word' id='word_1_102' title='bbox 1457 1509 1516 1562; x_wconf 83' lang='grc' dir='ltr'><strong>τὸ</strong></span> <span class='ocrx_word' id='word_1_103' title='bbox 1562 1509 1758 1561; x_wconf 76' lang='grc' dir='ltr'>οἰκεῖον</span> 
     </span>
    </p>
   </div>
   <div class='ocr_carea' id='block_1_17' title="bbox 177 1601 1754 1674">
    <p class='ocr_par' dir='ltr' id='par_1_17' title="bbox 177 1601 1754 1674">
     <span class='ocr_line' id='line_1_17' title="bbox 177 1601 1754 1674; baseline 0 -20"><span class='ocrx_word' id='word_1_104' title='bbox 177 1602 376 1672; x_wconf 79' lang='grc' dir='ltr'>ὄνομα,</span> <span class='ocrx_word' id='word_1_105' title='bbox 411 1602 861 1674; x_wconf 79' lang='grc' dir='ltr'>προσεγγίζοντος</span> <span class='ocrx_word' id='word_1_106' title='bbox 889 1604 935 1636; x_wconf 73' lang='grc'><strong>⁸⁵</strong></span> <span class='ocrx_word' id='word_1_107' title='bbox 962 1604 1056 1657; x_wconf 90' lang='grc' dir='ltr'><strong>τοῦ</strong></span> <span class='ocrx_word' id='word_1_108' title='bbox 1106 1605 1317 1674; x_wconf 86' lang='grc' dir='ltr'>Πάσχα,</span> <span class='ocrx_word' id='word_1_109' title='bbox 1348 1601 1644 1672; x_wconf 80' lang='grc' dir='ltr'>ἐϐαπτίσθη</span> <span class='ocrx_word' id='word_1_110' title='bbox 1677 1601 1721 1632; x_wconf 76' lang='grc'><strong>’⁵⁸</strong></span> <span class='ocrx_word' id='word_1_111' title='bbox 1740 1616 1754 1630; x_wconf 90' lang='grc'><strong>·</strong></span> 
     </span>
    </p>
   </div>
   <div class='ocr_carea' id='block_1_18' title="bbox 177 1691 1756 1766">
    <p class='ocr_par' dir='ltr' id='par_1_18' title="bbox 177 1691 1756 1766">
     <span class='ocr_line' id='line_1_18' title="bbox 177 1691 1756 1766; baseline -0.002 -19"><span class='ocrx_word' id='word_1_112' title='bbox 177 1693 564 1766; x_wconf 67' lang='grc' dir='ltr'>ἠριθμήθησαν</span> <span class='ocrx_word' id='word_1_113' title='bbox 612 1695 667 1747; x_wconf 87' lang='grc' dir='ltr'>δὲ</span> <span class='ocrx_word' id='word_1_114' title='bbox 709 1696 756 1748; x_wconf 87' lang='grc' dir='ltr'>οἱ</span> <span class='ocrx_word' id='word_1_115' title='bbox 784 1695 1171 1765; x_wconf 78' lang='grc' dir='ltr'>βαπτισθέντες</span> <span class='ocrx_word' id='word_1_116' title='bbox 1200 1697 1264 1749; x_wconf 87' lang='grc' dir='ltr'><strong>ἐκ</strong></span> <span class='ocrx_word' id='word_1_117' title='bbox 1289 1694 1383 1748; x_wconf 89' lang='grc' dir='ltr'><strong>τοῦ</strong></span> <span class='ocrx_word' id='word_1_118' title='bbox 1417 1696 1565 1748; x_wconf 81' lang='grc' dir='ltr'>οἴκου</span> <span class='ocrx_word' id='word_1_119' title='bbox 1594 1691 1756 1746; x_wconf 75' lang='grc' dir='ltr'>αὐτοῦ</span> 
     </span>
    </p>
   </div>
   <div class='ocr_carea' id='block_1_19' title="bbox 180 1786 1757 1858">
    <p class='ocr_par' dir='ltr' id='par_1_19' title="bbox 180 1786 1757 1858">
     <span class='ocr_line' id='line_1_19' title="bbox 180 1786 1757 1858; baseline -0.001 -18"><span class='ocrx_word' id='word_1_120' title='bbox 180 1788 302 1858; x_wconf 77' lang='grc' dir='ltr'><strong>ἅμα</strong></span> <span class='ocrx_word' id='word_1_121' title='bbox 334 1788 534 1850; x_wconf 85' lang='grc' dir='ltr'>πάντες</span> <span class='ocrx_word' id='word_1_122' title='bbox 569 1786 759 1856; x_wconf 80' lang='grc' dir='ltr'>ἄνδρες</span> <span class='ocrx_word' id='word_1_123' title='bbox 779 1805 838 1840; x_wconf 88' lang='grc' dir='ltr'><strong>τε</strong></span> <span class='ocrx_word' id='word_1_124' title='bbox 868 1789 961 1841; x_wconf 73' lang='grc' dir='ltr'><strong>καὶ</strong></span> <span class='ocrx_word' id='word_1_125' title='bbox 995 1791 1250 1857; x_wconf 87' lang='grc' dir='ltr'>γυναῖκες</span> <span class='ocrx_word' id='word_1_126' title='bbox 1280 1789 1375 1840; x_wconf 84' lang='grc' dir='ltr'><strong>σὺν</strong></span> <span class='ocrx_word' id='word_1_127' title='bbox 1401 1791 1514 1849; x_wconf 84' lang='grc' dir='ltr'>τοῖς</span> <span class='ocrx_word' id='word_1_128' title='bbox 1545 1786 1757 1856; x_wconf 78' lang='grc' dir='ltr'>νηπίοις</span> 
     </span>
    </p>
   </div>
   <div class='ocr_carea' id='block_1_20' title="bbox 1863 597 3418 674">
    <p class='ocr_par' dir='ltr' id='par_1_20' title="bbox 1863 597 3418 674">
     <span class='ocr_line' id='line_1_20' title="bbox 1863 597 3418 674; baseline 0.006 -24"><span class='ocrx_word' id='word_1_129' title='bbox 1863 597 1986 651; x_wconf 89' lang='lat' dir='ltr'><strong>bam</strong></span> <span class='ocrx_word' id='word_1_130' title='bbox 2037 608 2216 652; x_wconf 90' lang='lat' dir='ltr'><strong>autem</strong></span> <span class='ocrx_word' id='word_1_131' title='bbox 2249 616 2439 656; x_wconf 88' lang='lat' dir='ltr'><strong>rursus</strong></span> <span class='ocrx_word' id='word_1_132' title='bbox 2481 617 2692 670; x_wconf 89' lang='lat' dir='ltr'><strong>verum,</strong></span> <span class='ocrx_word' id='word_1_133' title='bbox 2727 607 2873 674; x_wconf 93' lang='lat' dir='ltr'><strong>quod</strong></span> <span class='ocrx_word' id='word_1_134' title='bbox 2931 605 3126 660; x_wconf 89' lang='lat' dir='ltr'><strong>falsum</strong></span> <span class='ocrx_word' id='word_1_135' title='bbox 3158 615 3306 660; x_wconf 87' lang='lat' dir='ltr'><strong>erat:</strong></span> <span class='ocrx_word' id='word_1_136' title='bbox 3337 615 3418 660; x_wconf 54' lang='lat' dir='ltr'><strong>te.</strong></span> 
     </span>
    </p>
   </div>
   <div class='ocr_carea' id='block_1_21' title="bbox 1862 689 3422 766">
    <p class='ocr_par' dir='ltr' id='par_1_21' title="bbox 1862 689 3422 766">
     <span class='ocr_line' id='line_1_21' title="bbox 1862 689 3422 766; baseline 0.006 -25"><span class='ocrx_word' id='word_1_137' title='bbox 1862 689 2060 744; x_wconf 83' lang='lat' dir='ltr'><strong>nebras</strong></span> <span class='ocrx_word' id='word_1_138' title='bbox 2084 691 2338 757; x_wconf 91' lang='lat' dir='ltr'><strong>putabam</strong></span> <span class='ocrx_word' id='word_1_139' title='bbox 2369 693 2568 758; x_wconf 89' lang='lat' dir='ltr'><strong>lucem,</strong></span> <span class='ocrx_word' id='word_1_140' title='bbox 2598 704 2651 748; x_wconf 90' lang='lat' dir='ltr'><strong>et</strong></span> <span class='ocrx_word' id='word_1_141' title='bbox 2691 696 2868 750; x_wconf 90' lang='lat' dir='ltr'><strong>lucem</strong></span> <span class='ocrx_word' id='word_1_142' title='bbox 2919 700 3168 766; x_wconf 82' lang='lat' dir='ltr'><strong>tenebras</strong></span> <span class='ocrx_word' id='word_1_143' title='bbox 3195 699 3422 751; x_wconf 82' lang='lat' dir='ltr'><strong>arbitra-</strong></span> 
     </span>
    </p>
   </div>
   <div class='ocr_carea' id='block_1_22' title="bbox 1861 783 3423 856">
    <p class='ocr_par' dir='ltr' id='par_1_22' title="bbox 1861 783 3423 856">
     <span class='ocr_line' id='line_1_22' title="bbox 1861 783 3423 856; baseline 0.004 -19"><span class='ocrx_word' id='word_1_144' title='bbox 1861 783 1977 838; x_wconf 80' lang='lat' dir='ltr'><strong>bar.</strong></span> <span class='ocrx_word' id='word_1_145' title='bbox 2013 784 2118 838; x_wconf 86' lang='lat' dir='ltr'><strong>Sed</strong></span> <span class='ocrx_word' id='word_1_146' title='bbox 2145 796 2406 856; x_wconf 77' lang='lat' dir='ltr'><strong>purgatus</strong></span> <span class='ocrx_word' id='word_1_147' title='bbox 2437 797 2518 842; x_wconf 86' lang='lat' dir='ltr'><strong>est</strong></span> <span class='ocrx_word' id='word_1_148' title='bbox 2547 790 2761 845; x_wconf 88' lang='lat' dir='ltr'><strong>animus</strong></span> <span class='ocrx_word' id='word_1_149' title='bbox 2791 807 2944 848; x_wconf 86' lang='lat' dir='ltr'><strong>meus</strong></span> <span class='ocrx_word' id='word_1_150' title='bbox 2973 809 3003 847; x_wconf 94' lang='lat' dir='ltr'><strong>a</strong></span> <span class='ocrx_word' id='word_1_151' title='bbox 3057 794 3310 848; x_wconf 84' lang='lat' dir='ltr'><strong>sordibus</strong></span> <span class='ocrx_word' id='word_1_152' title='bbox 3338 793 3423 845; x_wconf 92' lang='lat' dir='ltr'><strong>in-</strong></span> 
     </span>
    </p>
   </div>
   <div class='ocr_carea' id='block_1_23' title="bbox 1862 877 3420 954">
    <p class='ocr_par' dir='ltr' id='par_1_23' title="bbox 1862 877 3420 954">
     <span class='ocr_line' id='line_1_23' title="bbox 1862 877 3420 954; baseline 0.004 -23"><span class='ocrx_word' id='word_1_153' title='bbox 1862 877 1982 931; x_wconf 85' lang='lat' dir='ltr'><strong>sani</strong></span> <span class='ocrx_word' id='word_1_154' title='bbox 2007 877 2272 931; x_wconf 84' lang='lat' dir='ltr'><strong>idolorum</strong></span> <span class='ocrx_word' id='word_1_155' title='bbox 2308 879 2505 934; x_wconf 88' lang='lat' dir='ltr'><strong>cultus.</strong></span> <span class='ocrx_word' id='word_1_156' title='bbox 2537 881 2672 936; x_wconf 92' lang='lat' dir='ltr'><strong>Vere</strong></span> <span class='ocrx_word' id='word_1_157' title='bbox 2701 883 2968 952; x_wconf 87' lang='lat' dir='ltr'><strong>siquidem</strong></span> <span class='ocrx_word' id='word_1_158' title='bbox 3019 884 3214 954; x_wconf 80' lang='lat' dir='ltr'><strong>agnovi</strong></span> <span class='ocrx_word' id='word_1_159' title='bbox 3245 884 3420 954; x_wconf 86' lang='lat' dir='ltr'><strong>decipi</strong></span> 
     </span>
    </p>
   </div>
   <div class='ocr_carea' id='block_1_24' title="bbox 1860 967 3422 1045">
    <p class='ocr_par' dir='ltr' id='par_1_24' title="bbox 1860 967 3422 1045">
     <span class='ocr_line' id='line_1_24' title="bbox 1860 967 3422 1045; baseline 0.006 -25"><span class='ocrx_word' id='word_1_160' title='bbox 1860 982 1890 1020; x_wconf 88' lang='lat' dir='ltr'><strong>a</strong></span> <span class='ocrx_word' id='word_1_161' title='bbox 1917 967 2259 1023; x_wconf 65' lang='lat' dir='ltr'><strong>daemonibus</strong></span> <span class='ocrx_word' id='word_1_162' title='bbox 2287 970 2569 1039; x_wconf 87' lang='lat' dir='ltr'><strong>homines;</strong></span> <span class='ocrx_word' id='word_1_163' title='bbox 2603 980 2661 1026; x_wconf 93' lang='lat' dir='ltr'><strong>ut</strong></span> <span class='ocrx_word' id='word_1_164' title='bbox 2691 975 2742 1027; x_wconf 91' lang='lat' dir='ltr'><strong>in</strong></span> <span class='ocrx_word' id='word_1_165' title='bbox 2771 991 2864 1029; x_wconf 92' lang='lat' dir='ltr'><strong>eos</strong></span> <span class='ocrx_word' id='word_1_166' title='bbox 2913 976 3006 1045; x_wconf 91' lang='lat' dir='ltr'><strong>qui</strong></span> <span class='ocrx_word' id='word_1_167' title='bbox 3053 991 3160 1030; x_wconf 91' lang='lat' dir='ltr'><strong>non</strong></span> <span class='ocrx_word' id='word_1_168' title='bbox 3194 977 3422 1030; x_wconf 86' lang='lat' dir='ltr'><strong>credun:</strong></span> 
     </span>
    </p>
   </div>
   <div class='ocr_carea' id='block_1_25' title="bbox 1863 1059 3422 1137">
    <p class='ocr_par' dir='ltr' id='par_1_25' title="bbox 1863 1059 3422 1137">
     <span class='ocr_line' id='line_1_25' title="bbox 1863 1059 3422 1137; baseline 0.006 -24"><span class='ocrx_word' id='word_1_169' title='bbox 1863 1059 2143 1113; x_wconf 78' lang='lat' dir='ltr'><strong>Christum</strong></span> <span class='ocrx_word' id='word_1_170' title='bbox 2175 1076 2296 1115; x_wconf 90' lang='lat' dir='ltr'><strong>esse</strong></span> <span class='ocrx_word' id='word_1_171' title='bbox 2327 1060 2517 1128; x_wconf 90' lang='lat' dir='ltr'><strong>Deum,</strong></span> <span class='ocrx_word' id='word_1_172' title='bbox 2545 1065 2897 1121; x_wconf 75' lang='lat' dir='ltr'><strong>dominentur</strong></span> <span class='ocrx_word' id='word_1_173' title='bbox 2920 1075 3084 1136; x_wconf 72' lang='lat' dir='ltr'><strong>petra:</strong></span> <span class='ocrx_word' id='word_1_174' title='bbox 3126 1083 3189 1122; x_wconf 90' lang='lat' dir='ltr'><strong>ac</strong></span> <span class='ocrx_word' id='word_1_175' title='bbox 3215 1068 3422 1137; x_wconf 82' lang='lat' dir='ltr'><strong>lapides</strong></span> 
     </span>
    </p>
   </div>
   <div class='ocr_carea' id='block_1_26' title="bbox 1860 1149 3420 1223">
    <p class='ocr_par' dir='ltr' id='par_1_26' title="bbox 1860 1149 3420 1223">
     <span class='ocr_line' id='line_1_26' title="bbox 1860 1149 3420 1223; baseline 0.006 -21"><span class='ocrx_word' id='word_1_176' title='bbox 1860 1149 2048 1202; x_wconf 91' lang='lat' dir='ltr'><strong>auditu</strong></span> <span class='ocrx_word' id='word_1_177' title='bbox 2081 1159 2329 1204; x_wconf 77' lang='lat' dir='ltr'><strong>carentes</strong></span> <span class='ocrx_word' id='word_1_178' title='bbox 2380 1160 2433 1205; x_wconf 93' lang='lat' dir='ltr'><strong>et</strong></span> <span class='ocrx_word' id='word_1_179' title='bbox 2486 1168 2638 1218; x_wconf 88' lang='lat' dir='ltr'><strong>voce,</strong></span> <span class='ocrx_word' id='word_1_180' title='bbox 2665 1155 3121 1223; x_wconf 89' lang='lat' dir='ltr'><strong>quemadmodum</strong></span> <span class='ocrx_word' id='word_1_181' title='bbox 3183 1167 3236 1211; x_wconf 90' lang='lat' dir='ltr'><strong>et</strong></span> <span class='ocrx_word' id='word_1_182' title='bbox 3285 1157 3420 1211; x_wconf 86' lang='lat' dir='ltr'><strong>mihi</strong></span> 
     </span>
    </p>
   </div>
   <div class='ocr_carea' id='block_1_27' title="bbox 1859 1240 3422 1320">
    <p class='ocr_par' dir='ltr' id='par_1_27' title="bbox 1859 1240 3422 1320">
     <span class='ocr_line' id='line_1_27' title="bbox 1859 1240 3422 1320; baseline 0.008 -27"><span class='ocrx_word' id='word_1_183' title='bbox 1859 1240 2200 1308; x_wconf 89' lang='lat' dir='ltr'><strong>imperarunt</strong></span> <span class='ocrx_word' id='word_1_184' title='bbox 2256 1257 2431 1310; x_wconf 92' lang='lat' dir='ltr'><strong>usque</strong></span> <span class='ocrx_word' id='word_1_185' title='bbox 2483 1242 2538 1296; x_wconf 91' lang='lat' dir='ltr'><strong>in</strong></span> <span class='ocrx_word' id='word_1_186' title='bbox 2589 1245 2735 1299; x_wconf 86' lang='lat' dir='ltr'><strong>hunc</strong></span> <span class='ocrx_word' id='word_1_187' title='bbox 2780 1246 2942 1301; x_wconf 87' lang='lat' dir='ltr'><strong>diem.</strong></span> <span class='ocrx_word' id='word_1_188' title='bbox 2981 1246 3086 1302; x_wconf 86' lang='lat' dir='ltr'><strong>Ista</strong></span> <span class='ocrx_word' id='word_1_189' title='bbox 3113 1249 3422 1320; x_wconf 80' lang='lat' dir='ltr'><strong>similiaque</strong></span> 
     </span>
    </p>
   </div>
   <div class='ocr_carea' id='block_1_28' title="bbox 1861 1331 3418 1409">
    <p class='ocr_par' dir='ltr' id='par_1_28' title="bbox 1861 1331 3418 1409">
     <span class='ocr_line' id='line_1_28' title="bbox 1861 1331 3418 1409; baseline 0.009 -26"><span class='ocrx_word' id='word_1_190' title='bbox 1861 1331 2103 1386; x_wconf 85' lang='lat' dir='ltr'><strong>Sisinnio</strong></span> <span class='ocrx_word' id='word_1_191' title='bbox 2137 1333 2465 1400; x_wconf 78' lang='lat' dir='ltr'><strong>proferente,</strong></span> <span class='ocrx_word' id='word_1_192' title='bbox 2515 1335 2773 1406; x_wconf 76' lang='lat' dir='ltr'><strong>gaudium</strong></span> <span class='ocrx_word' id='word_1_193' title='bbox 2815 1353 3072 1409; x_wconf 84' lang='lat' dir='ltr'><strong>magnum</strong></span> <span class='ocrx_word' id='word_1_194' title='bbox 3109 1349 3284 1395; x_wconf 92' lang='lat' dir='ltr'><strong>ortum</strong></span> <span class='ocrx_word' id='word_1_195' title='bbox 3316 1350 3418 1397; x_wconf 88' lang='lat' dir='ltr'><strong>est.</strong></span> 
     </span>
    </p>
   </div>
   <div class='ocr_carea' id='block_1_29' title="bbox 1860 1422 3420 1501">
    <p class='ocr_par' dir='ltr' id='par_1_29' title="bbox 1860 1422 3420 1501">
     <span class='ocr_line' id='line_1_29' title="bbox 1860 1422 3420 1501; baseline 0.007 -25"><span class='ocrx_word' id='word_1_196' title='bbox 1860 1422 2103 1477; x_wconf 87' lang='lat' dir='ltr'><strong>Credidit</strong></span> <span class='ocrx_word' id='word_1_197' title='bbox 2123 1424 2266 1477; x_wconf 91' lang='lat' dir='ltr'><strong>enim</strong></span> <span class='ocrx_word' id='word_1_198' title='bbox 2293 1439 2417 1479; x_wconf 93' lang='lat' dir='ltr'><strong>cum</strong></span> <span class='ocrx_word' id='word_1_199' title='bbox 2444 1427 2592 1479; x_wconf 89' lang='lat' dir='ltr'><strong>omni</strong></span> <span class='ocrx_word' id='word_1_200' title='bbox 2617 1427 2779 1482; x_wconf 91' lang='lat' dir='ltr'><strong>domo</strong></span> <span class='ocrx_word' id='word_1_201' title='bbox 2808 1443 2940 1496; x_wconf 91' lang='lat' dir='ltr'><strong>sua;</strong></span> <span class='ocrx_word' id='word_1_202' title='bbox 2994 1432 3298 1501; x_wconf 90' lang='lat' dir='ltr'><strong>traditoque</strong></span> <span class='ocrx_word' id='word_1_203' title='bbox 3319 1448 3420 1488; x_wconf 90' lang='lat' dir='ltr'><strong>suo</strong></span> 
     </span>
    </p>
   </div>
   <div class='ocr_carea' id='block_1_30' title="bbox 1859 1515 3418 1590">
    <p class='ocr_par' dir='ltr' id='par_1_30' title="bbox 1859 1515 3418 1590">
     <span class='ocr_line' id='line_1_30' title="bbox 1859 1515 3418 1590; baseline 0.008 -25"><span class='ocrx_word' id='word_1_204' title='bbox 1859 1515 2104 1579; x_wconf 89' lang='lat' dir='ltr'><strong>nomine,</strong></span> <span class='ocrx_word' id='word_1_205' title='bbox 2142 1516 2608 1587; x_wconf 86' lang='lat' dir='ltr'><strong>appropinquante</strong></span> <span class='ocrx_word' id='word_1_206' title='bbox 2657 1517 2919 1575; x_wconf 84' lang='lat' dir='ltr'><strong>Pasehate</strong></span> <span class='ocrx_word' id='word_1_207' title='bbox 2971 1522 3272 1590; x_wconf 86' lang='lat' dir='ltr'><strong>baptizatus</strong></span> <span class='ocrx_word' id='word_1_208' title='bbox 3316 1533 3418 1578; x_wconf 89' lang='lat' dir='ltr'><strong>est.</strong></span> 
     </span>
    </p>
   </div>
   <div class='ocr_carea' id='block_1_31' title="bbox 1857 1601 3422 1678">
    <p class='ocr_par' dir='ltr' id='par_1_31' title="bbox 1857 1601 3422 1678">
     <span class='ocr_line' id='line_1_31' title="bbox 1857 1601 3422 1678; baseline 0.01 -23"><span class='ocrx_word' id='word_1_209' title='bbox 1857 1601 2140 1659; x_wconf 84' lang='lat' dir='ltr'><strong>Numerati</strong></span> <span class='ocrx_word' id='word_1_210' title='bbox 2168 1615 2349 1659; x_wconf 89' lang='lat' dir='ltr'><strong>autem</strong></span> <span class='ocrx_word' id='word_1_211' title='bbox 2382 1616 2507 1660; x_wconf 91' lang='lat' dir='ltr'><strong>sunt</strong></span> <span class='ocrx_word' id='word_1_212' title='bbox 2533 1609 2625 1677; x_wconf 92' lang='lat' dir='ltr'><strong>qui</strong></span> <span class='ocrx_word' id='word_1_213' title='bbox 2647 1609 2902 1678; x_wconf 90' lang='lat' dir='ltr'><strong>baptizali</strong></span> <span class='ocrx_word' id='word_1_214' title='bbox 2928 1611 3146 1667; x_wconf 89' lang='lat' dir='ltr'><strong>fuerunt</strong></span> <span class='ocrx_word' id='word_1_215' title='bbox 3167 1615 3233 1669; x_wconf 91' lang='lat' dir='ltr'><strong>de</strong></span> <span class='ocrx_word' id='word_1_216' title='bbox 3258 1615 3422 1670; x_wconf 84' lang='lat' dir='ltr'><strong>domo</strong></span> 
     </span>
    </p>
   </div>
   <div class='ocr_carea' id='block_1_32' title="bbox 1858 1697 3417 1774">
    <p class='ocr_par' dir='ltr' id='par_1_32' title="bbox 1858 1697 3417 1774">
     <span class='ocr_line' id='line_1_32' title="bbox 1858 1697 3417 1774; baseline 0.008 -23"><span class='ocrx_word' id='word_1_217' title='bbox 1858 1697 1998 1767; x_wconf 79' lang='lat' dir='ltr'><strong>ejus,</strong></span> <span class='ocrx_word' id='word_1_218' title='bbox 2031 1714 2220 1754; x_wconf 88' lang='lat' dir='ltr'><strong>omnes</strong></span> <span class='ocrx_word' id='word_1_219' title='bbox 2250 1701 2410 1754; x_wconf 91' lang='lat' dir='ltr'><strong>simul</strong></span> <span class='ocrx_word' id='word_1_220' title='bbox 2439 1701 2538 1754; x_wconf 78' lang='lat' dir='ltr'><strong>viri</strong></span> <span class='ocrx_word' id='word_1_221' title='bbox 2565 1712 2618 1756; x_wconf 90' lang='lat' dir='ltr'><strong>et</strong></span> <span class='ocrx_word' id='word_1_222' title='bbox 2649 1703 2904 1759; x_wconf 87' lang='lat' dir='ltr'><strong>mulieres</strong></span> <span class='ocrx_word' id='word_1_223' title='bbox 2930 1721 3054 1759; x_wconf 92' lang='lat' dir='ltr'><strong>eum</strong></span> <span class='ocrx_word' id='word_1_224' title='bbox 3096 1707 3417 1774; x_wconf 82' lang='lat' dir='ltr'><strong>infantibus,</strong></span> 
     </span>
    </p>
   </div>
   <div class='ocr_carea' id='block_1_33' title="bbox 1861 1793 3422 1870">
    <p class='ocr_par' dir='ltr' id='par_1_33' title="bbox 1861 1793 3422 1870">
     <span class='ocr_line' id='line_1_33' title="bbox 1861 1793 3422 1870; baseline 0.006 -23"><span class='ocrx_word' id='word_1_225' title='bbox 1861 1793 2245 1863; x_wconf 80' lang='lat' dir='ltr'><strong>quadringenti</strong></span> <span class='ocrx_word' id='word_1_226' title='bbox 2273 1795 2462 1862; x_wconf 69' lang='lat' dir='ltr'><strong>viginti</strong></span> <span class='ocrx_word' id='word_1_227' title='bbox 2501 1805 2630 1852; x_wconf 88' lang='lat' dir='ltr'><strong>tres.</strong></span> <span class='ocrx_word' id='word_1_228' title='bbox 2675 1799 2943 1854; x_wconf 62' lang='lat' dir='ltr'><strong>Ca‘terum</strong></span> <span class='ocrx_word' id='word_1_229' title='bbox 3001 1811 3218 1870; x_wconf 84' lang='lat' dir='ltr'><strong>propter</strong></span> <span class='ocrx_word' id='word_1_230' title='bbox 3276 1803 3422 1858; x_wconf 91' lang='lat' dir='ltr'><strong>hunc</strong></span> 
     </span>
    </p>
   </div>
   <div class='ocr_carea' id='block_1_34' title="bbox 177 1870 1754 1951">
    <p class='ocr_par' dir='ltr' id='par_1_34' title="bbox 177 1878 1754 1951">
     <span class='ocr_line' id='line_1_34' title="bbox 177 1878 1754 1951; baseline 0.001 -20"><span class='ocrx_word' id='word_1_231' title='bbox 177 1879 528 1950; x_wconf 77' lang='grc' dir='ltr'>τετρακόσιοι</span> <span class='ocrx_word' id='word_1_232' title='bbox 572 1879 744 1932; x_wconf 80' lang='grc' dir='ltr'>εἴκοσι</span> <span class='ocrx_word' id='word_1_233' title='bbox 772 1883 939 1951; x_wconf 83' lang='grc' dir='ltr'>τρεῖς.</span> <span class='ocrx_word' id='word_1_234' title='bbox 965 1880 1063 1934; x_wconf 84' lang='grc' dir='ltr'><strong>Διὰ</strong></span> <span class='ocrx_word' id='word_1_235' title='bbox 1085 1879 1271 1950; x_wconf 62' lang='grc' dir='ltr'>τοῦτον</span> <span class='ocrx_word' id='word_1_236' title='bbox 1302 1879 1359 1931; x_wconf 90' lang='grc' dir='ltr'><strong>δέ</strong></span> <span class='ocrx_word' id='word_1_237' title='bbox 1386 1879 1477 1932; x_wconf 75' lang='grc' dir='ltr'><strong>τὸν</strong></span> <span class='ocrx_word' id='word_1_238' title='bbox 1499 1878 1754 1932; x_wconf 86' lang='grc' dir='ltr'>Σισίννιον</span> 
     </span>
    </p>
   </div>
   <div class='ocr_carea' id='block_1_35' title="bbox 1861 1870 3422 1951">
    <p class='ocr_par' dir='ltr' id='par_1_35' title="bbox 1863 1881 3422 1948">
     <span class='ocr_line' id='line_1_35' title="bbox 1863 1881 3422 1948; baseline 0.006 -12"><span class='ocrx_word' id='word_1_239' title='bbox 1863 1881 2164 1937; x_wconf 90' lang='lat' dir='ltr'><strong>Sisinnium</strong></span> <span class='ocrx_word' id='word_1_240' title='bbox 2217 1885 2370 1938; x_wconf 91' lang='lat' dir='ltr'><strong>multi</strong></span> <span class='ocrx_word' id='word_1_241' title='bbox 2431 1887 2749 1948; x_wconf 88' lang='lat' dir='ltr'><strong>illustrium,</strong></span> <span class='ocrx_word' id='word_1_242' title='bbox 2797 1896 2849 1942; x_wconf 91' lang='lat' dir='ltr'><strong>et</strong></span> <span class='ocrx_word' id='word_1_243' title='bbox 2898 1891 3204 1945; x_wconf 88' lang='lat' dir='ltr'><strong>amicorum</strong></span> <span class='ocrx_word' id='word_1_244' title='bbox 3234 1890 3422 1946; x_wconf 63' lang='lat' dir='ltr'><strong>Nerva:</strong></span> 
     </span>
    </p>
   </div>
   <div class='ocr_carea' id='block_1_36' title="bbox 180 1970 1754 2045">
    <p class='ocr_par' dir='ltr' id='par_1_36' title="bbox 180 1970 1754 2045">
     <span class='ocr_line' id='line_1_36' title="bbox 180 1970 1754 2045; baseline -0.002 -19"><span class='ocrx_word' id='word_1_245' title='bbox 180 1972 368 2026; x_wconf 75' lang='grc' dir='ltr'>πολλοὶ</span> <span class='ocrx_word' id='word_1_246' title='bbox 400 1971 509 2025; x_wconf 91' lang='grc' dir='ltr'><strong>τῶν</strong></span> <span class='ocrx_word' id='word_1_247' title='bbox 549 1973 866 2045; x_wconf 80' lang='grc' dir='ltr'>περιφανῶν</span> <span class='ocrx_word' id='word_1_248' title='bbox 914 1975 1008 2027; x_wconf 71' lang='grc' dir='ltr'><strong>καὶ</strong></span> <span class='ocrx_word' id='word_1_249' title='bbox 1054 1973 1223 2043; x_wconf 86' lang='grc' dir='ltr'>φίλων</span> <span class='ocrx_word' id='word_1_250' title='bbox 1275 1970 1490 2042; x_wconf 88' lang='grc' dir='ltr'>Νερούα</span> <span class='ocrx_word' id='word_1_251' title='bbox 1537 1971 1630 2024; x_wconf 86' lang='grc' dir='ltr'><strong>τοῦ</strong></span> <span class='ocrx_word' id='word_1_252' title='bbox 1658 1970 1754 2041; x_wconf 85' lang='grc' dir='ltr'><strong>βα-</strong></span> 
     </span>
    </p>
   </div>
   <div class='ocr_carea' id='block_1_37' title="bbox 179 2062 1371 2134">
    <p class='ocr_par' dir='ltr' id='par_1_37' title="bbox 179 2062 1371 2134">
     <span class='ocr_line' id='line_1_37' title="bbox 179 2062 1371 2134; baseline 0.002 -18"><span class='ocrx_word' id='word_1_253' title='bbox 179 2062 378 2126; x_wconf 85' lang='grc' dir='ltr'>σιλέως</span> <span class='ocrx_word' id='word_1_254' title='bbox 409 2063 546 2134; x_wconf 87' lang='grc' dir='ltr'>πρὸς</span> <span class='ocrx_word' id='word_1_255' title='bbox 580 2064 622 2096; x_wconf 71' lang='grc'>⁸⁷</span> <span class='ocrx_word' id='word_1_256' title='bbox 660 2065 748 2118; x_wconf 87' lang='grc' dir='ltr'>τὸν</span> <span class='ocrx_word' id='word_1_257' title='bbox 776 2065 906 2118; x_wconf 84' lang='grc' dir='ltr'>Θεὸν</span> <span class='ocrx_word' id='word_1_258' title='bbox 930 2064 1371 2134; x_wconf 89' lang='grc' dir='ltr'>ἐπεστράφησαν.</span> 
     </span>
    </p>
   </div>
   <div class='ocr_carea' id='block_1_38' title="bbox 249 2152 1755 2226">
    <p class='ocr_par' dir='ltr' id='par_1_38' title="bbox 249 2152 1755 2226">
     <span class='ocr_line' id='line_1_38' title="bbox 249 2152 1755 2226; baseline 0 -19"><span class='ocrx_word' id='word_1_259' title='bbox 249 2153 368 2207; x_wconf 73' lang='lat' dir='ltr'><strong>XV.</strong></span> <span class='ocrx_word' id='word_1_260' title='bbox 410 2155 546 2208; x_wconf 85' lang='grc' dir='ltr'>Κατ’</span> <span class='ocrx_word' id='word_1_261' title='bbox 572 2155 781 2209; x_wconf 79' lang='grc' dir='ltr'>ἐκείνου</span> <span class='ocrx_word' id='word_1_262' title='bbox 811 2155 868 2208; x_wconf 86' lang='grc' dir='ltr'>δὲ</span> <span class='ocrx_word' id='word_1_263' title='bbox 907 2156 1000 2209; x_wconf 89' lang='grc' dir='ltr'><strong>τοῦ</strong></span> <span class='ocrx_word' id='word_1_264' title='bbox 1027 2153 1220 2226; x_wconf 89' lang='grc' dir='ltr'>καιροῦ</span> <span class='ocrx_word' id='word_1_265' title='bbox 1249 2153 1293 2184; x_wconf 74' lang='grc'>⁸⁸</span> <span class='ocrx_word' id='word_1_266' title='bbox 1323 2155 1352 2206; x_wconf 88' lang='grc' dir='ltr'><strong>ό</strong></span> <span class='ocrx_word' id='word_1_267' title='bbox 1383 2154 1558 2224; x_wconf 87' lang='grc' dir='ltr'>κόμης</span> <span class='ocrx_word' id='word_1_268' title='bbox 1588 2152 1693 2207; x_wconf 90' lang='grc' dir='ltr'><strong>τῶν</strong></span> <span class='ocrx_word' id='word_1_269' title='bbox 1712 2154 1755 2185; x_wconf 59' lang='grc' dir='ltr'><strong>δ’</strong></span> 
     </span>
    </p>
   </div>
   <div class='ocr_carea' id='block_1_39' title="bbox 177 2241 1757 2315">
    <p class='ocr_par' dir='ltr' id='par_1_39' title="bbox 177 2241 1757 2315">
     <span class='ocr_line' id='line_1_39' title="bbox 177 2241 1757 2315; baseline -0.001 -19"><span class='ocrx_word' id='word_1_270' title='bbox 177 2243 341 2298; x_wconf 88' lang='grc' dir='ltr'>θείων</span> <span class='ocrx_word' id='word_1_271' title='bbox 388 2244 654 2313; x_wconf 86' lang='grc' dir='ltr'>ὀφφικίων</span> <span class='ocrx_word' id='word_1_272' title='bbox 695 2245 954 2309; x_wconf 77' lang='grc' dir='ltr'>Πούὸλιος</span> <span class='ocrx_word' id='word_1_273' title='bbox 1011 2243 1445 2315; x_wconf 82' lang='grc' dir='ltr'>Ταρκουτιανὸς,</span> <span class='ocrx_word' id='word_1_274' title='bbox 1499 2241 1757 2314; x_wconf 81' lang='grc' dir='ltr'>ἑωρακὼς</span> 
     </span>
    </p>
   </div>
   <div class='ocr_carea' id='block_1_40' title="bbox 177 2334 1753 2407">
    <p class='ocr_par' dir='ltr' id='par_1_40' title="bbox 177 2334 1753 2407">
     <span class='ocr_line' id='line_1_40' title="bbox 177 2334 1753 2407; baseline -0.003 -16"><span class='ocrx_word' id='word_1_275' title='bbox 177 2336 553 2407; x_wconf 80' lang='grc' dir='ltr'>ἀναρίθμητον</span> <span class='ocrx_word' id='word_1_276' title='bbox 623 2335 831 2407; x_wconf 74' lang='grc' dir='ltr'>πληθὺν</span> <span class='ocrx_word' id='word_1_277' title='bbox 897 2335 975 2407; x_wconf 84' lang='grc' dir='ltr'><strong>τῷ</strong></span> <span class='ocrx_word' id='word_1_278' title='bbox 1042 2335 1262 2406; x_wconf 80' lang='grc' dir='ltr'>Χριστῷ</span> <span class='ocrx_word' id='word_1_279' title='bbox 1348 2334 1753 2397; x_wconf 84' lang='grc' dir='ltr'>πιστεύσασαν,</span> 
     </span>
    </p>
   </div>
   <div class='ocr_carea' id='block_1_41' title="bbox 176 2409 1758 2500">
    <p class='ocr_par' dir='ltr' id='par_1_41' title="bbox 176 2414 1758 2500">
     <span class='ocr_line' id='line_1_41' title="bbox 176 2414 1758 2500; baseline -0.003 -19"><span class='ocrx_word' id='word_1_280' title='bbox 176 2428 619 2500; x_wconf 82' lang='grc' dir='ltr'>προσεκαλέσατο</span> <span class='ocrx_word' id='word_1_281' title='bbox 643 2429 768 2490; x_wconf 77' lang='grc' dir='ltr'>τοὺς</span> <span class='ocrx_word' id='word_1_282' title='bbox 799 2414 1107 2498; x_wconf 78' lang='grc' dir='ltr'>προστάτᾶς</span> <span class='ocrx_word' id='word_1_283' title='bbox 1160 2423 1267 2480; x_wconf 90' lang='grc' dir='ltr'><strong>τῶν</strong></span> <span class='ocrx_word' id='word_1_284' title='bbox 1315 2425 1609 2498; x_wconf 81' lang='grc' dir='ltr'>ρεγεώνων,</span> <span class='ocrx_word' id='word_1_285' title='bbox 1640 2427 1758 2478; x_wconf 87' lang='grc' dir='ltr'>ἐπι-</span> 
     </span>
    </p>
   </div>
   <div class='ocr_carea' id='block_1_42' title="bbox 175 2514 1757 2589">
    <p class='ocr_par' dir='ltr' id='par_1_42' title="bbox 175 2514 1757 2589">
     <span class='ocr_line' id='line_1_42' title="bbox 175 2514 1757 2589; baseline -0.003 -17"><span class='ocrx_word' id='word_1_286' title='bbox 175 2517 428 2582; x_wconf 82' lang='grc' dir='ltr'>δεδωκὼς</span> <span class='ocrx_word' id='word_1_287' title='bbox 478 2519 523 2549; x_wconf 71' lang='grc' dir='ltr'><strong>⁸ο</strong></span> <span class='ocrx_word' id='word_1_288' title='bbox 549 2519 733 2580; x_wconf 81' lang='grc' dir='ltr'>αὐτοῖς</span> <span class='ocrx_word' id='word_1_289' title='bbox 771 2519 1047 2589; x_wconf 82' lang='grc' dir='ltr'>χρήματα,</span> <span class='ocrx_word' id='word_1_290' title='bbox 1111 2516 1433 2588; x_wconf 87' lang='grc' dir='ltr'>παρέσεισεν</span> <span class='ocrx_word' id='word_1_291' title='bbox 1459 2516 1503 2547; x_wconf 83' lang='grc'><strong>¹¹</strong></span> <span class='ocrx_word' id='word_1_292' title='bbox 1563 2514 1757 2578; x_wconf 81' lang='grc' dir='ltr'>αὐτοὺς</span> 
     </span>
    </p>
   </div>
   <div class='ocr_carea' id='block_1_43' title="bbox 179 2607 1752 2681">
    <p class='ocr_par' dir='ltr' id='par_1_43' title="bbox 179 2607 1752 2681">
     <span class='ocr_line' id='line_1_43' title="bbox 179 2607 1752 2681; baseline -0.003 -18"><span class='ocrx_word' id='word_1_293' title='bbox 179 2611 269 2663; x_wconf 76' lang='grc' dir='ltr'>ἵνα</span> <span class='ocrx_word' id='word_1_294' title='bbox 332 2611 592 2680; x_wconf 79' lang='grc' dir='ltr'>κινήσωσι</span> <span class='ocrx_word' id='word_1_295' title='bbox 651 2609 888 2680; x_wconf 87' lang='grc' dir='ltr'>τάραχον</span> <span class='ocrx_word' id='word_1_296' title='bbox 947 2608 1026 2680; x_wconf 82' lang='grc' dir='ltr'>τῷ</span> <span class='ocrx_word' id='word_1_297' title='bbox 1077 2608 1453 2681; x_wconf 70' lang='grc' dir='ltr'>Χριστιανῷ¹η</span> <span class='ocrx_word' id='word_1_298' title='bbox 1510 2607 1752 2676; x_wconf 75' lang='grc' dir='ltr'>ὀνόματι.</span> 
     </span>
    </p>
   </div>
   <div class='ocr_carea' id='block_1_44' title="bbox 251 2694 1755 2771">
    <p class='ocr_par' dir='ltr' id='par_1_44' title="bbox 251 2694 1755 2771">
     <span class='ocr_line' id='line_1_44' title="bbox 251 2694 1755 2771; baseline -0.003 -19"><span class='ocrx_word' id='word_1_299' title='bbox 251 2699 391 2752; x_wconf 80' lang='lat' dir='ltr'><strong>XVI.</strong></span> <span class='ocrx_word' id='word_1_300' title='bbox 427 2697 764 2762; x_wconf 86' lang='grc' dir='ltr'>Διοικοῦντος</span> <span class='ocrx_word' id='word_1_301' title='bbox 785 2698 961 2752; x_wconf 80' lang='grc' dir='ltr'>τοίνυν</span> <span class='ocrx_word' id='word_1_302' title='bbox 1005 2700 1356 2771; x_wconf 86' lang='grc' dir='ltr'>Μαμερτίνου</span> <span class='ocrx_word' id='word_1_303' title='bbox 1386 2694 1479 2750; x_wconf 80' lang='grc' dir='ltr'><strong>τοῦ</strong></span> <span class='ocrx_word' id='word_1_304' title='bbox 1517 2697 1755 2768; x_wconf 77' lang='grc' dir='ltr'>ἐπάρχου</span> 
     </span>
    </p>
   </div>
   <div class='ocr_carea' id='block_1_45' title="bbox 175 2785 1757 2859">
    <p class='ocr_par' dir='ltr' id='par_1_45' title="bbox 175 2785 1757 2859">
     <span class='ocr_line' id='line_1_45' title="bbox 175 2785 1757 2859; baseline -0.001 -19"><span class='ocrx_word' id='word_1_305' title='bbox 175 2787 274 2840; x_wconf 87' lang='grc' dir='ltr'><strong>τοῦ</strong></span> <span class='ocrx_word' id='word_1_306' title='bbox 302 2787 580 2840; x_wconf 89' lang='grc' dir='ltr'>πολιτικοῦ</span> <span class='ocrx_word' id='word_1_307' title='bbox 625 2787 813 2859; x_wconf 88' lang='grc' dir='ltr'>θρόνου</span> <span class='ocrx_word' id='word_1_308' title='bbox 866 2788 944 2851; x_wconf 76' lang='grc'>⁸⁸,</span> <span class='ocrx_word' id='word_1_309' title='bbox 996 2787 1182 2851; x_wconf 86' lang='grc' dir='ltr'>στάσις</span> <span class='ocrx_word' id='word_1_310' title='bbox 1228 2787 1416 2856; x_wconf 85' lang='grc' dir='ltr'>γέγονε</span> <span class='ocrx_word' id='word_1_311' title='bbox 1462 2785 1556 2839; x_wconf 93' lang='grc' dir='ltr'><strong>τοῦ</strong></span> <span class='ocrx_word' id='word_1_312' title='bbox 1627 2787 1757 2838; x_wconf 82' lang='grc' dir='ltr'><strong>Ῥω-</strong></span> 
     </span>
    </p>
   </div>
   <div class='ocr_carea' id='block_1_46' title="bbox 183 2875 1756 2952">
    <p class='ocr_par' dir='ltr' id='par_1_46' title="bbox 183 2875 1756 2952">
     <span class='ocr_line' id='line_1_46' title="bbox 183 2875 1756 2952; baseline -0.003 -20"><span class='ocrx_word' id='word_1_313' title='bbox 183 2879 359 2951; x_wconf 87' lang='grc' dir='ltr'>μαίων</span> <span class='ocrx_word' id='word_1_314' title='bbox 398 2879 568 2952; x_wconf 81' lang='grc' dir='ltr'>δήμου</span> <span class='ocrx_word' id='word_1_315' title='bbox 621 2881 706 2932; x_wconf 80' lang='grc' dir='ltr'>ἐπ’</span> <span class='ocrx_word' id='word_1_316' title='bbox 735 2881 954 2951; x_wconf 84' lang='grc' dir='ltr'>ὀνόματι</span> <span class='ocrx_word' id='word_1_317' title='bbox 995 2879 1089 2932; x_wconf 88' lang='grc' dir='ltr'><strong>τοῦ</strong></span> <span class='ocrx_word' id='word_1_318' title='bbox 1123 2880 1469 2950; x_wconf 78' lang='grc' dir='ltr'>Κλήμεντος’</span> <span class='ocrx_word' id='word_1_319' title='bbox 1503 2875 1756 2949; x_wconf 71' lang='grc' dir='ltr'>καὶπρὸς</span> 
     </span>
    </p>
   </div>
   <div class='ocr_carea' id='block_1_47' title="bbox 179 2967 1755 3043">
    <p class='ocr_par' dir='ltr' id='par_1_47' title="bbox 179 2967 1755 3043">
     <span class='ocr_line' id='line_1_47' title="bbox 179 2967 1755 3043; baseline -0.004 -17"><span class='ocrx_word' id='word_1_320' title='bbox 179 2973 444 3043; x_wconf 79' lang='grc' dir='ltr'>ἀλλήλους</span> <span class='ocrx_word' id='word_1_321' title='bbox 476 2972 853 3042; x_wconf 86' lang='grc' dir='ltr'>συγχυθέντες,</span> <span class='ocrx_word' id='word_1_322' title='bbox 891 2972 1040 3026; x_wconf 84' lang='grc' dir='ltr'>ἄλλοι</span> <span class='ocrx_word' id='word_1_323' title='bbox 1081 2972 1128 3004; x_wconf 69' lang='grc'><strong><em>³⁵</em></strong></span> <span class='ocrx_word' id='word_1_324' title='bbox 1174 2973 1270 3042; x_wconf 80' lang='grc' dir='ltr'><strong>μὲν</strong></span> <span class='ocrx_word' id='word_1_325' title='bbox 1305 2970 1518 3038; x_wconf 76' lang='grc' dir='ltr'>ἔλεγον·</span> <span class='ocrx_word' id='word_1_326' title='bbox 1553 2969 1616 3020; x_wconf 90' lang='grc' dir='ltr'>Τί</span> <span class='ocrx_word' id='word_1_327' title='bbox 1648 2967 1755 3039; x_wconf 87' lang='grc' dir='ltr'>γὰρ</span> 
     </span>
    </p>
   </div>
   <div class='ocr_carea' id='block_1_48' title="bbox 177 3058 1751 3134">
    <p class='ocr_par' dir='ltr' id='par_1_48' title="bbox 177 3058 1751 3134">
     <span class='ocr_line' id='line_1_48' title="bbox 177 3058 1751 3134; baseline -0.005 -18"><span class='ocrx_word' id='word_1_328' title='bbox 177 3065 350 3118; x_wconf 83' lang='grc' dir='ltr'>κακὸν</span> <span class='ocrx_word' id='word_1_329' title='bbox 379 3063 632 3134; x_wconf 80' lang='grc' dir='ltr'>ἔπραξεν,</span> <span class='ocrx_word' id='word_1_330' title='bbox 686 3063 717 3133; x_wconf 86' lang='grc' dir='ltr'>ἢ</span> <span class='ocrx_word' id='word_1_331' title='bbox 779 3064 831 3116; x_wconf 86' lang='grc' dir='ltr'><strong>τί</strong></span> <span class='ocrx_word' id='word_1_332' title='bbox 879 3063 987 3116; x_wconf 91' lang='grc' dir='ltr'><strong>τῶν</strong></span> <span class='ocrx_word' id='word_1_333' title='bbox 1032 3061 1211 3115; x_wconf 87' lang='grc' dir='ltr'>καλῶν</span> <span class='ocrx_word' id='word_1_334' title='bbox 1253 3062 1313 3113; x_wconf 79' lang='grc' dir='ltr'><strong>οὐ</strong></span> <span class='ocrx_word' id='word_1_335' title='bbox 1360 3058 1751 3128; x_wconf 83' lang='grc' dir='ltr'>κατώρθωσεν;</span> 
     </span>
    </p>
   </div>
   <div class='ocr_carea' id='block_1_49' title="bbox 177 3152 1755 3228">
    <p class='ocr_par' dir='ltr' id='par_1_49' title="bbox 177 3152 1755 3228">
     <span class='ocr_line' id='line_1_49' title="bbox 177 3152 1755 3228; baseline -0.006 -17"><span class='ocrx_word' id='word_1_336' title='bbox 177 3159 330 3220; x_wconf 81' lang='grc' dir='ltr'>ὅστις</span> <span class='ocrx_word' id='word_1_337' title='bbox 380 3155 488 3226; x_wconf 84' lang='grc' dir='ltr'>γὰρ</span> <span class='ocrx_word' id='word_1_338' title='bbox 539 3154 820 3226; x_wconf 75' lang='grc' dir='ltr'>ἄρρωστος</span> <span class='ocrx_word' id='word_1_339' title='bbox 853 3158 982 3228; x_wconf 82' lang='grc' dir='ltr'>παρ’</span> <span class='ocrx_word' id='word_1_340' title='bbox 1006 3155 1169 3208; x_wconf 86' lang='grc' dir='ltr'>αὐτοῦ</span> <span class='ocrx_word' id='word_1_341' title='bbox 1199 3152 1529 3224; x_wconf 78' lang='grc' dir='ltr'>ἐπεσκέφθη,</span> <span class='ocrx_word' id='word_1_342' title='bbox 1563 3154 1755 3214; x_wconf 85' lang='grc' dir='ltr'>ἰάσεως</span> 
     </span>
    </p>
   </div>
   <div class='ocr_carea' id='block_1_50' title="bbox 177 3217 1822 3323">
    <p class='ocr_par' dir='ltr' id='par_1_50' title="bbox 177 3217 1822 3323">
     <span class='ocr_line' id='line_1_50' title="bbox 177 3217 1822 3323; baseline -0.006 -19"><span class='ocrx_word' id='word_1_343' title='bbox 177 3217 406 3323; x_wconf 65' lang='grc' dir='ltr'><strong>ἔτυχενἰ</strong></span> <span class='ocrx_word' id='word_1_344' title='bbox 457 3217 773 3320; x_wconf 36' lang='lat' dir='ltr'><strong>Eam-{7:95;</strong></span> <span class='ocrx_word' id='word_1_345' title='bbox 802 3217 979 3302; x_wconf 68' lang='grc' dir='ltr'>αὐτόν</span> <span class='ocrx_word' id='word_1_346' title='bbox 1014 3247 1383 3317; x_wconf 76' lang='grc' dir='ltr'>λελυπημένος</span> <span class='ocrx_word' id='word_1_347' title='bbox 1413 3217 1748 3313; x_wconf 42' lang='grc' dir='ltr'><strong>Ἰ’δἰἐιπ-ἰξλθε,</strong></span> <span class='ocrx_word' id='word_1_348' title='bbox 1780 3217 1822 3273; x_wconf 77' lang='lat' dir='ltr'><strong><em>C</em></strong></span> 
     </span>
    </p>
   </div>
   <div class='ocr_carea' id='block_1_51' title="bbox 177 3335 1753 3416">
    <p class='ocr_par' dir='ltr' id='par_1_51' title="bbox 177 3335 1753 3416">
     <span class='ocr_line' id='line_1_51' title="bbox 177 3335 1753 3416; baseline -0.004 -22"><span class='ocrx_word' id='word_1_349' title='bbox 177 3344 387 3414; x_wconf 85' lang='grc' dir='ltr'>χαίρων</span> <span class='ocrx_word' id='word_1_350' title='bbox 435 3343 812 3416; x_wconf 85' lang='grc' dir='ltr'>ἀνεχώρησεν·</span> <span class='ocrx_word' id='word_1_351' title='bbox 867 3339 1057 3392; x_wconf 70' lang='grc' dir='ltr'>οὐδένα</span> <span class='ocrx_word' id='word_1_352' title='bbox 1098 3339 1226 3390; x_wconf 84' lang='grc' dir='ltr'>ποτὲ</span> <span class='ocrx_word' id='word_1_353' title='bbox 1276 3337 1494 3406; x_wconf 66' lang='grc' dir='ltr'>ἔϐλαψε,</span> <span class='ocrx_word' id='word_1_354' title='bbox 1547 3335 1753 3398; x_wconf 85' lang='grc' dir='ltr'>πάντας</span> 
     </span>
    </p>
   </div>
   <div class='ocr_carea' id='block_1_52' title="bbox 177 3427 1755 3505">
    <p class='ocr_par' dir='ltr' id='par_1_52' title="bbox 177 3427 1755 3505">
     <span class='ocr_line' id='line_1_52' title="bbox 177 3427 1755 3505; baseline -0.005 -19"><span class='ocrx_word' id='word_1_355' title='bbox 177 3435 235 3486; x_wconf 83' lang='grc' dir='ltr'><strong>δὲ</strong></span> <span class='ocrx_word' id='word_1_356' title='bbox 281 3434 578 3505; x_wconf 85' lang='grc' dir='ltr'>ὠφέλησεν.</span> <span class='ocrx_word' id='word_1_357' title='bbox 616 3435 798 3488; x_wconf 75' lang='grc' dir='ltr'>’Ἄλλοι</span> <span class='ocrx_word' id='word_1_358' title='bbox 851 3431 906 3484; x_wconf 87' lang='grc' dir='ltr'>δὲ</span> <span class='ocrx_word' id='word_1_359' title='bbox 927 3429 1193 3499; x_wconf 87' lang='grc' dir='ltr'>πνεύματι</span> <span class='ocrx_word' id='word_1_360' title='bbox 1224 3427 1512 3497; x_wconf 70' lang='grc' dir='ltr'>διαϐολικῴ</span> <span class='ocrx_word' id='word_1_361' title='bbox 1563 3429 1755 3479; x_wconf 80' lang='grc' dir='ltr'>ἐκκαυ-</span> 
     </span>
    </p>
   </div>
   <div class='ocr_carea' id='block_1_53' title="bbox 177 3515 1749 3594">
    <p class='ocr_par' dir='ltr' id='par_1_53' title="bbox 177 3515 1749 3594">
     <span class='ocr_line' id='line_1_53' title="bbox 177 3515 1749 3594; baseline -0.006 -17"><span class='ocrx_word' id='word_1_362' title='bbox 177 3523 398 3588; x_wconf 80' lang='grc' dir='ltr'>θέντες,</span> <span class='ocrx_word' id='word_1_363' title='bbox 433 3524 692 3594; x_wconf 61' lang='grc' dir='ltr'>ἔκραξαν</span> <span class='ocrx_word' id='word_1_364' title='bbox 732 3523 1022 3592; x_wconf 85' lang='grc' dir='ltr'>Γοητικαίς</span> <span class='ocrx_word' id='word_1_365' title='bbox 1064 3519 1280 3589; x_wconf 84' lang='grc' dir='ltr'>τέχναις</span> <span class='ocrx_word' id='word_1_366' title='bbox 1336 3518 1509 3571; x_wconf 87' lang='grc' dir='ltr'>ταῦτα</span> <span class='ocrx_word' id='word_1_367' title='bbox 1562 3515 1749 3577; x_wconf 85' lang='grc' dir='ltr'>ποιῶν,</span> 
     </span>
    </p>
   </div>
   <div class='ocr_carea' id='block_1_54' title="bbox 176 3606 1754 3686">
    <p class='ocr_par' dir='ltr' id='par_1_54' title="bbox 176 3606 1754 3686">
     <span class='ocr_line' id='line_1_54' title="bbox 176 3606 1754 3686; baseline -0.006 -18"><span class='ocrx_word' id='word_1_368' title='bbox 176 3615 290 3668; x_wconf 90' lang='grc' dir='ltr'><strong>τῶν</strong></span> <span class='ocrx_word' id='word_1_369' title='bbox 320 3614 459 3667; x_wconf 87' lang='grc' dir='ltr'>θεῶν</span> <span class='ocrx_word' id='word_1_370' title='bbox 489 3614 645 3686; x_wconf 79' lang='grc' dir='ltr'>ἡμῶν</span> <span class='ocrx_word' id='word_1_371' title='bbox 694 3611 799 3682; x_wconf 81' lang='grc' dir='ltr'>τήν</span> <span class='ocrx_word' id='word_1_372' title='bbox 863 3612 1116 3682; x_wconf 83' lang='grc' dir='ltr'>λατρείαν</span> <span class='ocrx_word' id='word_1_373' title='bbox 1159 3608 1481 3680; x_wconf 73' lang='grc' dir='ltr'>ἀνατρέπειο</span> <span class='ocrx_word' id='word_1_374' title='bbox 1531 3608 1621 3660; x_wconf 86' lang='grc' dir='ltr'><strong>τὸν</strong></span> <span class='ocrx_word' id='word_1_375' title='bbox 1657 3606 1754 3659; x_wconf 88' lang='grc' dir='ltr'>Δία</span> 
     </span>
    </p>
   </div>
   <div class='ocr_carea' id='block_1_55' title="bbox 177 3698 1753 3776">
    <p class='ocr_par' dir='ltr' id='par_1_55' title="bbox 177 3698 1753 3776">
     <span class='ocr_line' id='line_1_55' title="bbox 177 3698 1753 3776; baseline -0.006 -17"><span class='ocrx_word' id='word_1_376' title='bbox 177 3706 330 3774; x_wconf 82' lang='grc' dir='ltr'>λέγει</span> <span class='ocrx_word' id='word_1_377' title='bbox 391 3698 513 3759; x_wconf 81' lang='grc' dir='ltr'><strong>θὲδν</strong></span> <span class='ocrx_word' id='word_1_378' title='bbox 571 3705 643 3776; x_wconf 84' lang='grc' dir='ltr'>μὴ</span> <span class='ocrx_word' id='word_1_379' title='bbox 690 3700 851 3758; x_wconf 80' lang='grc' dir='ltr'>εἶναι.</span> <span class='ocrx_word' id='word_1_380' title='bbox 916 3700 1187 3774; x_wconf 82' lang='grc' dir='ltr'>Ἡρακλέα</span> <span class='ocrx_word' id='word_1_381' title='bbox 1230 3699 1285 3752; x_wconf 84' lang='grc' dir='ltr'><strong>δέ</strong></span> <span class='ocrx_word' id='word_1_382' title='bbox 1343 3699 1434 3753; x_wconf 87' lang='grc' dir='ltr'><strong>τὸν</strong></span> <span class='ocrx_word' id='word_1_383' title='bbox 1487 3698 1753 3770; x_wconf 81' lang='grc' dir='ltr'>ἡμέτερον</span> 
     </span>
    </p>
   </div>
   <div class='ocr_carea' id='block_1_56' title="bbox 179 3790 1752 3868">
    <p class='ocr_par' dir='ltr' id='par_1_56' title="bbox 179 3790 1752 3868">
     <span class='ocr_line' id='line_1_56' title="bbox 179 3790 1752 3868; baseline -0.006 -17"><span class='ocrx_word' id='word_1_384' title='bbox 179 3798 418 3868; x_wconf 84' lang='grc' dir='ltr'>φύλακα,</span> <span class='ocrx_word' id='word_1_385' title='bbox 459 3796 762 3868; x_wconf 88' lang='grc' dir='ltr'>ἀκάθαρτον</span> <span class='ocrx_word' id='word_1_386' title='bbox 783 3791 921 3847; x_wconf 75' lang='grc' dir='ltr'>εἶναι</span> <span class='ocrx_word' id='word_1_387' title='bbox 969 3793 1116 3860; x_wconf 80' lang='grc' dir='ltr'>λέγει</span> <span class='ocrx_word' id='word_1_388' title='bbox 1145 3790 1390 3860; x_wconf 85' lang='grc' dir='ltr'>πνεῦμα·</span> <span class='ocrx_word' id='word_1_389' title='bbox 1436 3791 1752 3861; x_wconf 83' lang='grc' dir='ltr'>Ἀφροδίτην</span> 
     </span>
    </p>
   </div>
   <div class='ocr_carea' id='block_1_57' title="bbox 178 3883 1749 3961">
    <p class='ocr_par' dir='ltr' id='par_1_57' title="bbox 178 3883 1749 3961">
     <span class='ocr_line' id='line_1_57' title="bbox 178 3883 1749 3961; baseline -0.006 -17"><span class='ocrx_word' id='word_1_390' title='bbox 178 3892 279 3961; x_wconf 81' lang='grc' dir='ltr'><strong>τὴν</strong></span> <span class='ocrx_word' id='word_1_391' title='bbox 326 3891 480 3943; x_wconf 83' lang='grc' dir='ltr'>ὁσίαν</span> <span class='ocrx_word' id='word_1_392' title='bbox 525 3889 572 3921; x_wconf 80' lang='grc'>⁸⁸</span> <span class='ocrx_word' id='word_1_393' title='bbox 613 3889 762 3954; x_wconf 74' lang='grc' dir='ltr'>θεὰν,</span> <span class='ocrx_word' id='word_1_394' title='bbox 817 3888 1019 3957; x_wconf 77' lang='grc' dir='ltr'>πόρνην</span> <span class='ocrx_word' id='word_1_395' title='bbox 1075 3885 1353 3955; x_wconf 84' lang='grc' dir='ltr'>γεγονέναι</span> <span class='ocrx_word' id='word_1_396' title='bbox 1405 3883 1749 3936; x_wconf 84' lang='grc' dir='ltr'>ὑποτίθεται·</span> 
     </span>
    </p>
   </div>
   <div class='ocr_carea' id='block_1_58' title="bbox 192 3971 1753 4050">
    <p class='ocr_par' dir='ltr' id='par_1_58' title="bbox 192 3971 1753 4050">
     <span class='ocr_line' id='line_1_58' title="bbox 192 3971 1753 4050; baseline -0.006 -16"><span class='ocrx_word' id='word_1_397' title='bbox 192 3981 412 4034; x_wconf 82' lang='grc' dir='ltr'>Ἑστίαν</span> <span class='ocrx_word' id='word_1_398' title='bbox 439 3980 496 4034; x_wconf 80' lang='grc' dir='ltr'>δὲ</span> <span class='ocrx_word' id='word_1_399' title='bbox 533 3979 632 4050; x_wconf 82' lang='grc' dir='ltr'>τὴν</span> <span class='ocrx_word' id='word_1_400' title='bbox 668 3977 909 4049; x_wconf 86' lang='grc' dir='ltr'>μεγάλην</span> <span class='ocrx_word' id='word_1_401' title='bbox 960 3975 1088 4029; x_wconf 81' lang='grc' dir='ltr'>θεὰν</span> <span class='ocrx_word' id='word_1_402' title='bbox 1146 3975 1277 4044; x_wconf 75' lang='grc' dir='ltr'>πυρὶ</span> <span class='ocrx_word' id='word_1_403' title='bbox 1342 3971 1753 4042; x_wconf 83' lang='grc' dir='ltr'>κατηναλῶσθαι</span> 
     </span>
    </p>
   </div>
   <div class='ocr_carea' id='block_1_59' title="bbox 184 4063 1751 4144">
    <p class='ocr_par' dir='ltr' id='par_1_59' title="bbox 184 4063 1751 4144">
     <span class='ocr_line' id='line_1_59' title="bbox 184 4063 1751 4144; baseline -0.008 -19"><span class='ocrx_word' id='word_1_404' title='bbox 184 4073 516 4144; x_wconf 82' lang='grc' dir='ltr'>βλασφημεῖ.</span> <span class='ocrx_word' id='word_1_405' title='bbox 579 4069 850 4132; x_wconf 83' lang='grc' dir='ltr'>Ὡσαύτως</span> <span class='ocrx_word' id='word_1_406' title='bbox 901 4069 956 4128; x_wconf 74' lang='grc' dir='ltr'>δὲ</span> <span class='ocrx_word' id='word_1_407' title='bbox 984 4069 1075 4122; x_wconf 78' lang='grc' dir='ltr'><strong>καὶ</strong></span> <span class='ocrx_word' id='word_1_408' title='bbox 1135 4067 1233 4137; x_wconf 85' lang='grc' dir='ltr'>τὴν</span> <span class='ocrx_word' id='word_1_409' title='bbox 1294 4063 1660 4133; x_wconf 82' lang='grc' dir='ltr'>εὐαγεστάτην</span> <span class='ocrx_word' id='word_1_410' title='bbox 1706 4064 1751 4093; x_wconf 83' lang='grc'><strong>⁸⁷</strong></span> 
     </span>
    </p>
   </div>
   <div class='ocr_carea' id='block_1_60' title="bbox 182 4158 1754 4234">
    <p class='ocr_par' dir='ltr' id='par_1_60' title="bbox 182 4158 1754 4234">
     <span class='ocr_line' id='line_1_60' title="bbox 182 4158 1754 4234; baseline -0.004 -17"><span class='ocrx_word' id='word_1_411' title='bbox 182 4165 312 4218; x_wconf 80' lang='grc' dir='ltr'>θεὰν</span> <span class='ocrx_word' id='word_1_412' title='bbox 356 4163 606 4233; x_wconf 82' lang='grc' dir='ltr'>Ἀθηνᾶν,</span> <span class='ocrx_word' id='word_1_413' title='bbox 638 4162 902 4234; x_wconf 75' lang='grc' dir='ltr'>’Ἄρτεμίν</span> <span class='ocrx_word' id='word_1_414' title='bbox 954 4178 1013 4214; x_wconf 92' lang='grc' dir='ltr'><strong>τε</strong></span> <span class='ocrx_word' id='word_1_415' title='bbox 1042 4161 1135 4213; x_wconf 74' lang='grc' dir='ltr'>καὶ</span> <span class='ocrx_word' id='word_1_416' title='bbox 1172 4159 1395 4230; x_wconf 80' lang='grc' dir='ltr'>Ἑρμῆν,</span> <span class='ocrx_word' id='word_1_417' title='bbox 1437 4158 1554 4228; x_wconf 82' lang='grc' dir='ltr'><strong>ἅμα</strong></span> <span class='ocrx_word' id='word_1_418' title='bbox 1581 4175 1640 4209; x_wconf 90' lang='grc' dir='ltr'><strong>τε</strong></span> <span class='ocrx_word' id='word_1_419' title='bbox 1662 4159 1754 4210; x_wconf 77' lang='grc' dir='ltr'><strong>καὶ</strong></span> 
     </span>
    </p>
   </div>
   <div class='ocr_carea' id='block_1_61' title="bbox 180 4251 1752 4328">
    <p class='ocr_par' dir='ltr' id='par_1_61' title="bbox 180 4251 1752 4328">
     <span class='ocr_line' id='line_1_61' title="bbox 180 4251 1752 4328; baseline -0.004 -18"><span class='ocrx_word' id='word_1_420' title='bbox 180 4258 272 4310; x_wconf 78' lang='grc' dir='ltr'>τὸν</span> <span class='ocrx_word' id='word_1_421' title='bbox 321 4256 548 4328; x_wconf 81' lang='grc' dir='ltr'>Κρόνον,</span> <span class='ocrx_word' id='word_1_422' title='bbox 589 4256 682 4308; x_wconf 68' lang='grc' dir='ltr'><strong>καὶ</strong></span> <span class='ocrx_word' id='word_1_423' title='bbox 744 4253 834 4307; x_wconf 72' lang='grc' dir='ltr'>τὸν</span> <span class='ocrx_word' id='word_1_424' title='bbox 879 4254 1047 4323; x_wconf 81' lang='grc' dir='ltr'>Ἀρεα</span> <span class='ocrx_word' id='word_1_425' title='bbox 1109 4251 1402 4306; x_wconf 82' lang='grc' dir='ltr'>διαϐάλλει.</span> <span class='ocrx_word' id='word_1_426' title='bbox 1474 4251 1657 4304; x_wconf 88' lang='grc' dir='ltr'>Πάντα</span> <span class='ocrx_word' id='word_1_427' title='bbox 1693 4268 1752 4303; x_wconf 90' lang='grc' dir='ltr'><strong>τε</strong></span> 
     </span>
    </p>
   </div>
   <div class='ocr_carea' id='block_1_62' title="bbox 181 4343 1754 4418">
    <p class='ocr_par' dir='ltr' id='par_1_62' title="bbox 181 4343 1754 4418">
     <span class='ocr_line' id='line_1_62' title="bbox 181 4343 1754 4418; baseline -0.003 -17"><span class='ocrx_word' id='word_1_428' title='bbox 181 4349 252 4401; x_wconf 81' lang='grc' dir='ltr'>τὰ</span> <span class='ocrx_word' id='word_1_429' title='bbox 295 4348 537 4418; x_wconf 87' lang='grc' dir='ltr'>ὀνόματα</span> <span class='ocrx_word' id='word_1_430' title='bbox 592 4346 701 4400; x_wconf 92' lang='grc' dir='ltr'><strong>τῶν</strong></span> <span class='ocrx_word' id='word_1_431' title='bbox 754 4345 1034 4417; x_wconf 79' lang='grc' dir='ltr'>ἡμετέρων</span> <span class='ocrx_word' id='word_1_432' title='bbox 1094 4343 1250 4408; x_wconf 88' lang='grc' dir='ltr'>θεῶν,</span> <span class='ocrx_word' id='word_1_433' title='bbox 1300 4344 1394 4397; x_wconf 79' lang='grc' dir='ltr'><strong>καὶ</strong></span> <span class='ocrx_word' id='word_1_434' title='bbox 1431 4345 1555 4406; x_wconf 81' lang='grc' dir='ltr'>τοὺς</span> <span class='ocrx_word' id='word_1_435' title='bbox 1595 4345 1754 4408; x_wconf 76' lang='grc' dir='ltr'>ναοὺς</span> 
     </span>
    </p>
   </div>
   <div class='ocr_carea' id='block_1_63' title="bbox 181 4435 1753 4511">
    <p class='ocr_par' dir='ltr' id='par_1_63' title="bbox 181 4435 1753 4511">
     <span class='ocr_line' id='line_1_63' title="bbox 181 4435 1753 4511; baseline -0.003 -18"><span class='ocrx_word' id='word_1_436' title='bbox 181 4438 524 4511; x_wconf 75' lang='grc' dir='ltr'>καθυϐρίζει.</span> <span class='ocrx_word' id='word_1_437' title='bbox 595 4440 665 4492; x_wconf 89' lang='grc' dir='ltr'><strong>Ἢ</strong></span> <span class='ocrx_word' id='word_1_438' title='bbox 713 4438 862 4491; x_wconf 86' lang='grc' dir='ltr'>θύσει</span> <span class='ocrx_word' id='word_1_439' title='bbox 899 4441 1013 4501; x_wconf 87' lang='grc' dir='ltr'>τοῖς</span> <span class='ocrx_word' id='word_1_440' title='bbox 1071 4436 1212 4500; x_wconf 87' lang='grc' dir='ltr'>θεοῖς</span> <span class='ocrx_word' id='word_1_441' title='bbox 1271 4435 1448 4507; x_wconf 83' lang='grc' dir='ltr'>ἡμῶν,</span> <span class='ocrx_word' id='word_1_442' title='bbox 1501 4435 1535 4506; x_wconf 78' lang='grc' dir='ltr'><strong>ἢ</strong></span> <span class='ocrx_word' id='word_1_443' title='bbox 1592 4436 1753 4500; x_wconf 78' lang='grc' dir='ltr'>αὐτὸς</span> 
     </span>
    </p>
   </div>
   <div class='ocr_carea' id='block_1_64' title="bbox 181 4531 546 4603">
    <p class='ocr_par' dir='ltr' id='par_1_64' title="bbox 181 4531 546 4603">
     <span class='ocr_line' id='line_1_64' title="bbox 181 4531 546 4603; baseline -0.005 -19"><span class='ocrx_word' id='word_1_444' title='bbox 181 4531 546 4603; x_wconf 76' lang='grc' dir='ltr'>ἐξαλειφθείη.</span> 
     </span>
    </p>
   </div>
   <div class='ocr_carea' id='block_1_65' title="bbox 251 4619 1749 4695">
    <p class='ocr_par' dir='ltr' id='par_1_65' title="bbox 251 4619 1749 4695">
     <span class='ocr_line' id='line_1_65' title="bbox 251 4619 1749 4695; baseline -0.005 -17"><span class='ocrx_word' id='word_1_445' title='bbox 251 4623 417 4678; x_wconf 82' lang='lat' dir='ltr'><strong>XVII.</strong></span> <span class='ocrx_word' id='word_1_446' title='bbox 474 4624 609 4677; x_wconf 82' lang='grc' dir='ltr'>Τότε</span> <span class='ocrx_word' id='word_1_447' title='bbox 634 4625 979 4695; x_wconf 83' lang='grc' dir='ltr'>Μαμερτῖνος</span> <span class='ocrx_word' id='word_1_448' title='bbox 1023 4624 1051 4676; x_wconf 90' lang='grc' dir='ltr'>ὁ</span> <span class='ocrx_word' id='word_1_449' title='bbox 1097 4620 1197 4691; x_wconf 80' lang='grc' dir='ltr'>τῆς</span> <span class='ocrx_word' id='word_1_450' title='bbox 1242 4620 1447 4684; x_wconf 88' lang='grc' dir='ltr'>πόλεως</span> <span class='ocrx_word' id='word_1_451' title='bbox 1494 4619 1749 4691; x_wconf 79' lang='grc' dir='ltr'>ἔπαρχος,</span> 
     </span>
    </p>
   </div>
   <div class='ocr_carea' id='block_1_66' title="bbox 182 4710 1752 4789">
    <p class='ocr_par' dir='ltr' id='par_1_66' title="bbox 182 4710 1752 4789">
     <span class='ocr_line' id='line_1_66' title="bbox 182 4710 1752 4789; baseline -0.003 -20"><span class='ocrx_word' id='word_1_452' title='bbox 182 4718 259 4789; x_wconf 68' lang='grc' dir='ltr'>μὴ</span> <span class='ocrx_word' id='word_1_453' title='bbox 310 4717 492 4788; x_wconf 81' lang='grc' dir='ltr'>φέρων</span> <span class='ocrx_word' id='word_1_454' title='bbox 534 4715 629 4769; x_wconf 87' lang='grc' dir='ltr'><strong>τοῦ</strong></span> <span class='ocrx_word' id='word_1_455' title='bbox 668 4716 838 4788; x_wconf 88' lang='grc' dir='ltr'>δήμου</span> <span class='ocrx_word' id='word_1_456' title='bbox 889 4711 986 4786; x_wconf 74' lang='grc' dir='ltr'><strong>τὴν</strong></span> <span class='ocrx_word' id='word_1_457' title='bbox 1048 4715 1256 4775; x_wconf 88' lang='grc' dir='ltr'>στάσιν,</span> <span class='ocrx_word' id='word_1_458' title='bbox 1309 4711 1559 4766; x_wconf 85' lang='grc' dir='ltr'>ἐκέλευσε</span> <span class='ocrx_word' id='word_1_459' title='bbox 1616 4710 1752 4782; x_wconf 78' lang='grc' dir='ltr'>πρὸς</span> 
     </span>
    </p>
   </div>
   <div class='ocr_carea' id='block_1_67' title="bbox 180 4802 1748 4878">
    <p class='ocr_par' dir='ltr' id='par_1_67' title="bbox 180 4802 1748 4878">
     <span class='ocr_line' id='line_1_67' title="bbox 180 4802 1748 4878; baseline -0.006 -16"><span class='ocrx_word' id='word_1_460' title='bbox 180 4807 376 4862; x_wconf 81' lang='grc' dir='ltr'>ἑαυτὸν</span> <span class='ocrx_word' id='word_1_461' title='bbox 421 4807 720 4878; x_wconf 83' lang='grc' dir='ltr'>ἀναχθῆναι</span> <span class='ocrx_word' id='word_1_462' title='bbox 746 4807 792 4839; x_wconf 80' lang='grc'><strong>⁵⁸</strong></span> <span class='ocrx_word' id='word_1_463' title='bbox 850 4807 939 4860; x_wconf 65' lang='grc' dir='ltr'>τὸν.</span> <span class='ocrx_word' id='word_1_464' title='bbox 984 4802 1396 4878; x_wconf 71' lang='grc' dir='ltr'>μακαριώτατον</span> <span class='ocrx_word' id='word_1_465' title='bbox 1424 4802 1748 4874; x_wconf 73' lang='grc' dir='ltr'>Κλήμεντασ</span> 
     </span>
    </p>
   </div>
   <div class='ocr_carea' id='block_1_68' title="bbox 178 4892 1751 4971">
    <p class='ocr_par' dir='ltr' id='par_1_68' title="bbox 178 4892 1751 4971">
     <span class='ocr_line' id='line_1_68' title="bbox 178 4892 1751 4971; baseline -0.004 -18"><span class='ocrx_word' id='word_1_466' title='bbox 178 4901 354 4971; x_wconf 78' lang='grc' dir='ltr'>ὅνπερ</span> <span class='ocrx_word' id='word_1_467' title='bbox 393 4898 744 4970; x_wconf 87' lang='grc' dir='ltr'>θεασάμενος,</span> <span class='ocrx_word' id='word_1_468' title='bbox 811 4896 1011 4969; x_wconf 70' lang='grc' dir='ltr'>ἧρξατο</span> <span class='ocrx_word' id='word_1_469' title='bbox 1079 4895 1256 4964; x_wconf 83' lang='grc' dir='ltr'>λέγειν</span> <span class='ocrx_word' id='word_1_470' title='bbox 1273 4899 1293 4924; x_wconf 59' lang='grc' dir='ltr'><strong>ί·</strong></span> <span class='ocrx_word' id='word_1_471' title='bbox 1371 4894 1459 4959; x_wconf 78' lang='grc' dir='ltr'><strong>Ἐξ</strong></span> <span class='ocrx_word' id='word_1_472' title='bbox 1499 4892 1751 4963; x_wconf 87' lang='grc' dir='ltr'>εὐγενοῦς</span> 
     </span>
    </p>
   </div>
   <div class='ocr_carea' id='block_1_69' title="bbox 184 4986 1749 5065">
    <p class='ocr_par' dir='ltr' id='par_1_69' title="bbox 184 4986 1749 5065">
     <span class='ocr_line' id='line_1_69' title="bbox 184 4986 1749 5065; baseline -0.006 -19"><span class='ocrx_word' id='word_1_473' title='bbox 184 4994 286 5064; x_wconf 84' lang='grc' dir='ltr'>μὲν</span> <span class='ocrx_word' id='word_1_474' title='bbox 311 4992 467 5065; x_wconf 78' lang='grc' dir='ltr'>ῥίζης</span> <span class='ocrx_word' id='word_1_475' title='bbox 501 4990 871 5065; x_wconf 78' lang='grc' dir='ltr'>προελήλυθας</span> <span class='ocrx_word' id='word_1_476' title='bbox 891 5006 904 5019; x_wconf 75' lang='grc' dir='ltr'><strong>ο</strong></span> <span class='ocrx_word' id='word_1_477' title='bbox 937 4990 1073 5058; x_wconf 79' lang='grc' dir='ltr'>ὅπερ</span> <span class='ocrx_word' id='word_1_478' title='bbox 1105 4989 1234 5057; x_wconf 77' lang='grc' dir='ltr'>ἡμῖν</span> <span class='ocrx_word' id='word_1_479' title='bbox 1265 4989 1299 5058; x_wconf 83' lang='grc' dir='ltr'>ἠ</span> <span class='ocrx_word' id='word_1_480' title='bbox 1327 4986 1435 5038; x_wconf 88' lang='grc' dir='ltr'><strong>τῶν</strong></span> <span class='ocrx_word' id='word_1_481' title='bbox 1469 4986 1749 5056; x_wconf 85' lang='grc' dir='ltr'>Ῥωμαίων</span> 
     </span>
    </p>
   </div>
   <div class='ocr_carea' id='block_1_70' title="bbox 181 5075 1749 5155">
    <p class='ocr_par' dir='ltr' id='par_1_70' title="bbox 181 5075 1749 5155">
     <span class='ocr_line' id='line_1_70' title="bbox 181 5075 1749 5155; baseline -0.006 -18"><span class='ocrx_word' id='word_1_482' title='bbox 181 5084 395 5155; x_wconf 74' lang='grc' dir='ltr'>πληθὺς</span> <span class='ocrx_word' id='word_1_483' title='bbox 441 5083 852 5154; x_wconf 89' lang='grc' dir='ltr'>προσμαρτυρεῖ</span> <span class='ocrx_word' id='word_1_484' title='bbox 897 5081 976 5111; x_wconf 72' lang='grc'><strong>⁸³⁸</strong></span> <span class='ocrx_word' id='word_1_485' title='bbox 1040 5079 1174 5132; x_wconf 84' lang='grc' dir='ltr'>ἀλλὰ</span> <span class='ocrx_word' id='word_1_486' title='bbox 1225 5077 1432 5147; x_wconf 87' lang='grc' dir='ltr'>πλάνην</span> <span class='ocrx_word' id='word_1_487' title='bbox 1479 5075 1749 5144; x_wconf 84' lang='grc' dir='ltr'>ὑπέστης·</span> 
     </span>
    </p>
   </div>
   <div class='ocr_carea' id='block_1_71' title="bbox 179 5164 1752 5244">
    <p class='ocr_par' dir='ltr' id='par_1_71' title="bbox 179 5164 1752 5244">
     <span class='ocr_line' id='line_1_71' title="bbox 179 5164 1752 5244; baseline -0.006 -15"><span class='ocrx_word' id='word_1_488' title='bbox 179 5177 277 5230; x_wconf 76' lang='grc' dir='ltr'><strong>καὶ</strong></span> <span class='ocrx_word' id='word_1_489' title='bbox 322 5177 412 5230; x_wconf 75' lang='grc' dir='ltr'>διὰ</span> <span class='ocrx_word' id='word_1_490' title='bbox 452 5175 611 5229; x_wconf 87' lang='grc' dir='ltr'>τοῦτο</span> <span class='ocrx_word' id='word_1_491' title='bbox 667 5176 728 5228; x_wconf 89' lang='grc' dir='ltr'><strong>ού</strong></span> <span class='ocrx_word' id='word_1_492' title='bbox 786 5173 1043 5244; x_wconf 85' lang='grc' dir='ltr'>φέρουσιν</span> <span class='ocrx_word' id='word_1_493' title='bbox 1093 5172 1170 5201; x_wconf 68' lang='grc' dir='ltr'><strong>δ”</strong></span> <span class='ocrx_word' id='word_1_494' title='bbox 1233 5169 1420 5239; x_wconf 83' lang='grc' dir='ltr'>ἐπειδὴ</span> <span class='ocrx_word' id='word_1_495' title='bbox 1487 5169 1588 5222; x_wconf 76' lang='grc' dir='ltr'><strong>οὐκ</strong></span> <span class='ocrx_word' id='word_1_496' title='bbox 1634 5164 1752 5221; x_wconf 76' lang='grc' dir='ltr'>οἶδα</span> 
     </span>
    </p>
   </div>
   <div class='ocr_carea' id='block_1_72' title="bbox 180 5255 1748 5341">
    <p class='ocr_par' dir='ltr' id='par_1_72' title="bbox 180 5255 1748 5341">
     <span class='ocr_line' id='line_1_72' title="bbox 180 5255 1748 5341; baseline -0.005 -21"><span class='ocrx_word' id='word_1_497' title='bbox 180 5269 305 5323; x_wconf 86' lang='grc' dir='ltr'>τίνα</span> <span class='ocrx_word' id='word_1_498' title='bbox 331 5255 564 5341; x_wconf 72' lang='grc' dir='ltr'>Χρῖστδν</span> <span class='ocrx_word' id='word_1_499' title='bbox 595 5267 747 5341; x_wconf 76' lang='grc' dir='ltr'>σέϐη,</span> <span class='ocrx_word' id='word_1_500' title='bbox 777 5267 870 5320; x_wconf 68' lang='grc' dir='ltr'><strong>καὶ</strong></span> <span class='ocrx_word' id='word_1_501' title='bbox 917 5264 1131 5317; x_wconf 85' lang='grc' dir='ltr'>ἐναντία</span> <span class='ocrx_word' id='word_1_502' title='bbox 1173 5261 1281 5316; x_wconf 86' lang='grc' dir='ltr'><strong>τῶν</strong></span> <span class='ocrx_word' id='word_1_503' title='bbox 1303 5262 1350 5322; x_wconf 18' lang='grc' dir='ltr'><strong>,θί</strong></span> <span class='ocrx_word' id='word_1_504' title='bbox 1376 5263 1434 5315; x_wconf 88' lang='grc' dir='ltr'><strong>ἐν</strong></span> <span class='ocrx_word' id='word_1_505' title='bbox 1470 5264 1578 5324; x_wconf 85' lang='grc' dir='ltr'>τοῖς</span> <span class='ocrx_word' id='word_1_506' title='bbox 1603 5263 1748 5323; x_wconf 88' lang='grc' dir='ltr'>ναοῖς</span> 
     </span>
    </p>
   </div>
   <div class='ocr_carea' id='block_1_73' title="bbox 1859 1975 2942 2045">
    <p class='ocr_par' dir='ltr' id='par_1_73' title="bbox 1859 1975 2942 2045">
     <span class='ocr_line' id='line_1_73' title="bbox 1859 1975 2942 2045; baseline 0.007 -17"><span class='ocrx_word' id='word_1_507' title='bbox 1859 1975 2201 2045; x_wconf 87' lang='lat' dir='ltr'><strong>imperatoris</strong></span> <span class='ocrx_word' id='word_1_508' title='bbox 2231 1979 2297 2032; x_wconf 91' lang='lat' dir='ltr'><strong>ad</strong></span> <span class='ocrx_word' id='word_1_509' title='bbox 2324 1977 2494 2034; x_wconf 91' lang='lat' dir='ltr'><strong>Deum</strong></span> <span class='ocrx_word' id='word_1_510' title='bbox 2523 1982 2771 2036; x_wconf 88' lang='lat' dir='ltr'><strong>conversi</strong></span> <span class='ocrx_word' id='word_1_511' title='bbox 2796 1991 2942 2038; x_wconf 88' lang='lat' dir='ltr'><strong>sunt.</strong></span> 
     </span>
    </p>
   </div>
   <div class='ocr_carea' id='block_1_74' title="bbox 1928 2133 3424 2206">
    <p class='ocr_par' dir='ltr' id='par_1_74' title="bbox 1928 2133 3424 2206">
     <span class='ocr_line' id='line_1_74' title="bbox 1928 2133 3424 2206; baseline 0.009 -19"><span class='ocrx_word' id='word_1_512' title='bbox 1928 2133 2045 2188; x_wconf 82' lang='lat' dir='ltr'><strong>XV.</strong></span> <span class='ocrx_word' id='word_1_513' title='bbox 2075 2133 2132 2189; x_wconf 91' lang='lat' dir='ltr'><strong>In</strong></span> <span class='ocrx_word' id='word_1_514' title='bbox 2164 2135 2257 2190; x_wconf 91' lang='lat' dir='ltr'><strong>illo</strong></span> <span class='ocrx_word' id='word_1_515' title='bbox 2280 2145 2459 2191; x_wconf 87' lang='lat' dir='ltr'><strong>autem</strong></span> <span class='ocrx_word' id='word_1_516' title='bbox 2485 2147 2729 2206; x_wconf 90' lang='lat' dir='ltr'><strong>tempore</strong></span> <span class='ocrx_word' id='word_1_517' title='bbox 2762 2152 2946 2194; x_wconf 88' lang='lat' dir='ltr'><strong>comes</strong></span> <span class='ocrx_word' id='word_1_518' title='bbox 2999 2157 3276 2199; x_wconf 87' lang='lat' dir='ltr'><strong>sacrorum</strong></span> <span class='ocrx_word' id='word_1_519' title='bbox 3305 2145 3424 2200; x_wconf 84' lang='lat' dir='ltr'><strong>olli-</strong></span> 
     </span>
    </p>
   </div>
   <div class='ocr_carea' id='block_1_75' title="bbox 1857 2223 3424 2295">
    <p class='ocr_par' dir='ltr' id='par_1_75' title="bbox 1857 2223 3424 2295">
     <span class='ocr_line' id='line_1_75' title="bbox 1857 2223 3424 2295; baseline 0.005 -17"><span class='ocrx_word' id='word_1_520' title='bbox 1857 2225 2066 2278; x_wconf 89' lang='lat' dir='ltr'><strong>ciorum</strong></span> <span class='ocrx_word' id='word_1_521' title='bbox 2089 2223 2314 2279; x_wconf 87' lang='lat' dir='ltr'><strong>Publius</strong></span> <span class='ocrx_word' id='word_1_522' title='bbox 2358 2224 2744 2295; x_wconf 88' lang='lat' dir='ltr'><strong>Tarquitianus</strong></span> <span class='ocrx_word' id='word_1_523' title='bbox 2773 2241 2894 2280; x_wconf 90' lang='lat' dir='ltr'><strong>cum</strong></span> <span class='ocrx_word' id='word_1_524' title='bbox 2921 2228 3263 2285; x_wconf 88' lang='lat' dir='ltr'><strong>innumeram</strong></span> <span class='ocrx_word' id='word_1_525' title='bbox 3281 2233 3424 2290; x_wconf 76' lang='lat' dir='ltr'><strong>mul-</strong></span> 
     </span>
    </p>
   </div>
   <div class='ocr_carea' id='block_1_76' title="bbox 1857 2315 3422 2392">
    <p class='ocr_par' dir='ltr' id='par_1_76' title="bbox 1857 2315 3422 2392">
     <span class='ocr_line' id='line_1_76' title="bbox 1857 2315 3422 2392; baseline 0.007 -24"><span class='ocrx_word' id='word_1_526' title='bbox 1857 2315 2142 2371; x_wconf 88' lang='lat' dir='ltr'><strong>titudinem</strong></span> <span class='ocrx_word' id='word_1_527' title='bbox 2174 2317 2396 2371; x_wconf 86' lang='lat' dir='ltr'><strong>Christo</strong></span> <span class='ocrx_word' id='word_1_528' title='bbox 2421 2317 2628 2372; x_wconf 84' lang='lat' dir='ltr'><strong>videret</strong></span> <span class='ocrx_word' id='word_1_529' title='bbox 2653 2318 2968 2382; x_wconf 89' lang='lat' dir='ltr'><strong>credidisse,</strong></span> <span class='ocrx_word' id='word_1_530' title='bbox 2989 2322 3422 2392; x_wconf 67' lang='lat' dir='ltr'><strong>arcessivitprae-</strong></span> 
     </span>
    </p>
   </div>
   <div class='ocr_carea' id='block_1_77' title="bbox 1857 2405 3423 2479">
    <p class='ocr_par' dir='ltr' id='par_1_77' title="bbox 1857 2405 3423 2479">
     <span class='ocr_line' id='line_1_77' title="bbox 1857 2405 3423 2479; baseline 0.006 -19"><span class='ocrx_word' id='word_1_531' title='bbox 1857 2405 2027 2460; x_wconf 85' lang='lat' dir='ltr'><strong>feetos</strong></span> <span class='ocrx_word' id='word_1_532' title='bbox 2052 2407 2356 2476; x_wconf 82' lang='lat' dir='ltr'><strong>regionum,</strong></span> <span class='ocrx_word' id='word_1_533' title='bbox 2382 2415 2434 2462; x_wconf 82' lang='lat' dir='ltr'><strong>et</strong></span> <span class='ocrx_word' id='word_1_534' title='bbox 2483 2407 2607 2462; x_wconf 89' lang='lat' dir='ltr'><strong>data</strong></span> <span class='ocrx_word' id='word_1_535' title='bbox 2654 2407 2734 2464; x_wconf 90' lang='lat' dir='ltr'><strong>eis</strong></span> <span class='ocrx_word' id='word_1_536' title='bbox 2769 2411 3000 2478; x_wconf 90' lang='lat' dir='ltr'><strong>pecunia</strong></span> <span class='ocrx_word' id='word_1_537' title='bbox 3061 2415 3330 2479; x_wconf 84' lang='lat' dir='ltr'><strong>persuasit</strong></span> <span class='ocrx_word' id='word_1_538' title='bbox 3360 2425 3423 2469; x_wconf 91' lang='lat' dir='ltr'><strong>ut</strong></span> 
     </span>
    </p>
   </div>
   <div class='ocr_carea' id='block_1_78' title="bbox 1859 2497 3424 2560">
    <p class='ocr_par' dir='ltr' id='par_1_78' title="bbox 1859 2497 3424 2560">
     <span class='ocr_line' id='line_1_78' title="bbox 1859 2497 3424 2560; baseline 0.006 -11"><span class='ocrx_word' id='word_1_539' title='bbox 1859 2497 2151 2550; x_wconf 86' lang='lat' dir='ltr'><strong>tumultum</strong></span> <span class='ocrx_word' id='word_1_540' title='bbox 2202 2505 2608 2553; x_wconf 85' lang='lat' dir='ltr'><strong>commoverent</strong></span> <span class='ocrx_word' id='word_1_541' title='bbox 2671 2499 2933 2556; x_wconf 84' lang='lat' dir='ltr'><strong>adversus</strong></span> <span class='ocrx_word' id='word_1_542' title='bbox 2999 2518 3196 2558; x_wconf 84' lang='lat' dir='ltr'><strong>nomen</strong></span> <span class='ocrx_word' id='word_1_543' title='bbox 3264 2503 3424 2560; x_wconf 84' lang='lat' dir='ltr'><strong>Chri-</strong></span> 
     </span>
    </p>
   </div>
   <div class='ocr_carea' id='block_1_79' title="bbox 1857 2588 2117 2642">
    <p class='ocr_par' dir='ltr' id='par_1_79' title="bbox 1857 2588 2117 2642">
     <span class='ocr_line' id='line_1_79' title="bbox 1857 2588 2117 2642; baseline 0 0"><span class='ocrx_word' id='word_1_544' title='bbox 1857 2588 2117 2642; x_wconf 90' lang='lat' dir='ltr'><strong>stianum.</strong></span> 
     </span>
    </p>
   </div>
   <div class='ocr_carea' id='block_1_80' title="bbox 1927 2678 3422 2752">
    <p class='ocr_par' dir='ltr' id='par_1_80' title="bbox 1927 2678 3422 2752">
     <span class='ocr_line' id='line_1_80' title="bbox 1927 2678 3422 2752; baseline 0.006 -21"><span class='ocrx_word' id='word_1_545' title='bbox 1927 2678 2068 2734; x_wconf 78' lang='lat' dir='ltr'><strong>XVI.</strong></span> <span class='ocrx_word' id='word_1_546' title='bbox 2123 2679 2555 2734; x_wconf 86' lang='lat' dir='ltr'><strong>Administrante</strong></span> <span class='ocrx_word' id='word_1_547' title='bbox 2614 2679 2777 2749; x_wconf 79' lang='lat' dir='ltr'><strong>igitur</strong></span> <span class='ocrx_word' id='word_1_548' title='bbox 2830 2678 2993 2736; x_wconf 87' lang='lat' dir='ltr'><strong>Urbis</strong></span> <span class='ocrx_word' id='word_1_549' title='bbox 3044 2682 3422 2752; x_wconf 67' lang='lat' dir='ltr'><strong>praefecturam</strong></span> 
     </span>
    </p>
   </div>
   <div class='ocr_carea' id='block_1_81' title="bbox 1856 2769 3421 2841">
    <p class='ocr_par' dir='ltr' id='par_1_81' title="bbox 1856 2769 3421 2841">
     <span class='ocr_line' id='line_1_81' title="bbox 1856 2769 3421 2841; baseline 0.006 -19"><span class='ocrx_word' id='word_1_550' title='bbox 1856 2769 2202 2838; x_wconf 85' lang='lat' dir='ltr'><strong>Mamertino,</strong></span> <span class='ocrx_word' id='word_1_551' title='bbox 2230 2772 2424 2824; x_wconf 84' lang='lat' dir='ltr'><strong>seditio</strong></span> <span class='ocrx_word' id='word_1_552' title='bbox 2451 2769 2595 2824; x_wconf 89' lang='lat' dir='ltr'><strong>facta</strong></span> <span class='ocrx_word' id='word_1_553' title='bbox 2635 2779 2719 2824; x_wconf 91' lang='lat' dir='ltr'><strong>est</strong></span> <span class='ocrx_word' id='word_1_554' title='bbox 2749 2773 2935 2841; x_wconf 91' lang='lat' dir='ltr'><strong>populi</strong></span> <span class='ocrx_word' id='word_1_555' title='bbox 2969 2772 3201 2829; x_wconf 86' lang='lat' dir='ltr'><strong>Romani</strong></span> <span class='ocrx_word' id='word_1_556' title='bbox 3224 2776 3291 2830; x_wconf 92' lang='lat' dir='ltr'><strong>de</strong></span> <span class='ocrx_word' id='word_1_557' title='bbox 3320 2791 3421 2831; x_wconf 87' lang='lat' dir='ltr'><strong>no-</strong></span> 
     </span>
    </p>
   </div>
   <div class='ocr_carea' id='block_1_82' title="bbox 1856 2869 3418 2943">
    <p class='ocr_par' dir='ltr' id='par_1_82' title="bbox 1856 2869 3418 2943">
     <span class='ocr_line' id='line_1_82' title="bbox 1856 2869 3418 2943; baseline 0.003 -19"><span class='ocrx_word' id='word_1_558' title='bbox 1856 2871 2003 2924; x_wconf 90' lang='lat' dir='ltr'><strong>mine</strong></span> <span class='ocrx_word' id='word_1_559' title='bbox 2027 2869 2355 2936; x_wconf 89' lang='lat' dir='ltr'><strong>Clementis;</strong></span> <span class='ocrx_word' id='word_1_560' title='bbox 2380 2875 2542 2939; x_wconf 92' lang='lat' dir='ltr'><strong>atque</strong></span> <span class='ocrx_word' id='word_1_561' title='bbox 2570 2869 2711 2923; x_wconf 90' lang='lat' dir='ltr'><strong>inter</strong></span> <span class='ocrx_word' id='word_1_562' title='bbox 2733 2884 2792 2923; x_wconf 89' lang='lat' dir='ltr'><strong>se</strong></span> <span class='ocrx_word' id='word_1_563' title='bbox 2817 2869 3053 2938; x_wconf 89' lang='lat' dir='ltr'><strong>confusi,</strong></span> <span class='ocrx_word' id='word_1_564' title='bbox 3087 2873 3176 2928; x_wconf 89' lang='lat' dir='ltr'><strong>alii</strong></span> <span class='ocrx_word' id='word_1_565' title='bbox 3202 2876 3418 2943; x_wconf 85' lang='lat' dir='ltr'><strong>quidem</strong></span> 
     </span>
    </p>
   </div>
   <div class='ocr_carea' id='block_1_83' title="bbox 1855 2958 3423 3032">
    <p class='ocr_par' dir='ltr' id='par_1_83' title="bbox 1855 2958 3423 3032">
     <span class='ocr_line' id='line_1_83' title="bbox 1855 2958 3423 3032; baseline 0.003 -16"><span class='ocrx_word' id='word_1_566' title='bbox 1855 2961 2110 3016; x_wconf 89' lang='lat' dir='ltr'><strong>dicebant</strong></span> <span class='ocrx_word' id='word_1_567' title='bbox 2135 2979 2149 3014; x_wconf 87' lang='lat'><strong>:</strong></span> <span class='ocrx_word' id='word_1_568' title='bbox 2178 2961 2317 3025; x_wconf 88' lang='lat' dir='ltr'><strong>Quid</strong></span> <span class='ocrx_word' id='word_1_569' title='bbox 2354 2960 2500 3015; x_wconf 90' lang='lat' dir='ltr'><strong>enim</strong></span> <span class='ocrx_word' id='word_1_570' title='bbox 2531 2958 2659 3012; x_wconf 89' lang='lat' dir='ltr'><strong>mali</strong></span> <span class='ocrx_word' id='word_1_571' title='bbox 2684 2958 2832 3024; x_wconf 87' lang='lat' dir='ltr'><strong>fecit,</strong></span> <span class='ocrx_word' id='word_1_572' title='bbox 2861 2970 2954 3015; x_wconf 91' lang='lat' dir='ltr'><strong>aut</strong></span> <span class='ocrx_word' id='word_1_573' title='bbox 2977 2963 3106 3032; x_wconf 93' lang='lat' dir='ltr'><strong>quid</strong></span> <span class='ocrx_word' id='word_1_574' title='bbox 3132 2979 3240 3017; x_wconf 91' lang='lat' dir='ltr'><strong>non</strong></span> <span class='ocrx_word' id='word_1_575' title='bbox 3267 2966 3423 3020; x_wconf 69' lang='lat' dir='ltr'><strong>bona:</strong></span> 
     </span>
    </p>
   </div>
   <div class='ocr_carea' id='block_1_84' title="bbox 1856 3051 3419 3121">
    <p class='ocr_par' dir='ltr' id='par_1_84' title="bbox 1856 3051 3419 3121">
     <span class='ocr_line' id='line_1_84' title="bbox 1856 3051 3419 3121; baseline 0.003 -15"><span class='ocrx_word' id='word_1_576' title='bbox 1856 3052 1933 3106; x_wconf 89' lang='lat' dir='ltr'><strong>rei</strong></span> <span class='ocrx_word' id='word_1_577' title='bbox 1965 3052 2172 3120; x_wconf 81' lang='lat' dir='ltr'><strong>gessit?</strong></span> <span class='ocrx_word' id='word_1_578' title='bbox 2195 3051 2519 3121; x_wconf 85' lang='lat' dir='ltr'><strong>Quicunque</strong></span> <span class='ocrx_word' id='word_1_579' title='bbox 2557 3051 2702 3104; x_wconf 91' lang='lat' dir='ltr'><strong>enim</strong></span> <span class='ocrx_word' id='word_1_580' title='bbox 2759 3063 2996 3121; x_wconf 66' lang='lat' dir='ltr'><strong>aegrotus</strong></span> <span class='ocrx_word' id='word_1_581' title='bbox 3039 3057 3109 3109; x_wconf 89' lang='lat' dir='ltr'><strong>ab</strong></span> <span class='ocrx_word' id='word_1_582' title='bbox 3139 3072 3204 3110; x_wconf 91' lang='lat' dir='ltr'><strong>eo</strong></span> <span class='ocrx_word' id='word_1_583' title='bbox 3229 3057 3419 3111; x_wconf 87' lang='lat' dir='ltr'><strong>visita-</strong></span> 
     </span>
    </p>
   </div>
   <div class='ocr_carea' id='block_1_85' title="bbox 1856 3145 3421 3217">
    <p class='ocr_par' dir='ltr' id='par_1_85' title="bbox 1856 3145 3421 3217">
     <span class='ocr_line' id='line_1_85' title="bbox 1856 3145 3421 3217; baseline 0.004 -23"><span class='ocrx_word' id='word_1_584' title='bbox 1856 3149 1945 3198; x_wconf 90' lang='lat' dir='ltr'><strong>tus</strong></span> <span class='ocrx_word' id='word_1_585' title='bbox 1970 3152 2072 3209; x_wconf 91' lang='lat' dir='ltr'><strong>est,</strong></span> <span class='ocrx_word' id='word_1_586' title='bbox 2099 3145 2387 3197; x_wconf 88' lang='lat' dir='ltr'><strong>sanitatem</strong></span> <span class='ocrx_word' id='word_1_587' title='bbox 2424 3150 2508 3196; x_wconf 89' lang='lat' dir='ltr'><strong>est</strong></span> <span class='ocrx_word' id='word_1_588' title='bbox 2566 3153 2936 3197; x_wconf 85' lang='lat' dir='ltr'><strong>consecutus:</strong></span> <span class='ocrx_word' id='word_1_589' title='bbox 2990 3147 3302 3217; x_wconf 85' lang='lat' dir='ltr'><strong>quicunque</strong></span> <span class='ocrx_word' id='word_1_590' title='bbox 3353 3147 3421 3201; x_wconf 88' lang='lat' dir='ltr'><strong>ad</strong></span> 
     </span>
    </p>
   </div>
   <div class='ocr_carea' id='block_1_86' title="bbox 1855 3232 3417 3306">
    <p class='ocr_par' dir='ltr' id='par_1_86' title="bbox 1855 3232 3417 3306">
     <span class='ocr_line' id='line_1_86' title="bbox 1855 3232 3417 3306; baseline 0.003 -21"><span class='ocrx_word' id='word_1_591' title='bbox 1855 3247 1980 3285; x_wconf 90' lang='lat' dir='ltr'><strong>eum</strong></span> <span class='ocrx_word' id='word_1_592' title='bbox 2009 3232 2229 3286; x_wconf 86' lang='lat' dir='ltr'><strong>tristitia</strong></span> <span class='ocrx_word' id='word_1_593' title='bbox 2258 3233 2480 3288; x_wconf 74' lang='lat' dir='ltr'><strong>affectus</strong></span> <span class='ocrx_word' id='word_1_594' title='bbox 2516 3233 2668 3296; x_wconf 88' lang='lat' dir='ltr'><strong>abiit,</strong></span> <span class='ocrx_word' id='word_1_595' title='bbox 2713 3236 2954 3306; x_wconf 82' lang='lat' dir='ltr'><strong>gaudens</strong></span> <span class='ocrx_word' id='word_1_596' title='bbox 3006 3250 3254 3289; x_wconf 85' lang='lat' dir='ltr'><strong>reversus</strong></span> <span class='ocrx_word' id='word_1_597' title='bbox 3299 3245 3417 3290; x_wconf 91' lang='lat' dir='ltr'><strong>est:</strong></span> 
     </span>
    </p>
   </div>
   <div class='ocr_carea' id='block_1_87' title="bbox 1854 3324 3418 3396">
    <p class='ocr_par' dir='ltr' id='par_1_87' title="bbox 1854 3324 3418 3396">
     <span class='ocr_line' id='line_1_87' title="bbox 1854 3324 3418 3396; baseline 0.003 -20"><span class='ocrx_word' id='word_1_598' title='bbox 1854 3324 2064 3377; x_wconf 79' lang='lat' dir='ltr'><strong>nullum</strong></span> <span class='ocrx_word' id='word_1_599' title='bbox 2096 3339 2335 3393; x_wconf 89' lang='lat' dir='ltr'><strong>unquam</strong></span> <span class='ocrx_word' id='word_1_600' title='bbox 2389 3326 2563 3392; x_wconf 62' lang='lat' dir='ltr'><strong>laesit;</strong></span> <span class='ocrx_word' id='word_1_601' title='bbox 2598 3327 2708 3381; x_wconf 92' lang='lat' dir='ltr'><strong>imo</strong></span> <span class='ocrx_word' id='word_1_602' title='bbox 2762 3326 2966 3396; x_wconf 84' lang='lat' dir='ltr'><strong>profuit</strong></span> <span class='ocrx_word' id='word_1_603' title='bbox 2992 3326 3262 3380; x_wconf 88' lang='lat' dir='ltr'><strong>omnibus.</strong></span> <span class='ocrx_word' id='word_1_604' title='bbox 3311 3327 3418 3381; x_wconf 78' lang='lat' dir='ltr'><strong>Alii</strong></span> 
     </span>
    </p>
   </div>
   <div class='ocr_carea' id='block_1_88' title="bbox 1853 3415 3420 3487">
    <p class='ocr_par' dir='ltr' id='par_1_88' title="bbox 1853 3415 3420 3487">
     <span class='ocr_line' id='line_1_88' title="bbox 1853 3415 3420 3487; baseline 0.002 -19"><span class='ocrx_word' id='word_1_605' title='bbox 1853 3425 2032 3469; x_wconf 91' lang='lat' dir='ltr'><strong>autem</strong></span> <span class='ocrx_word' id='word_1_606' title='bbox 2056 3415 2324 3470; x_wconf 87' lang='lat' dir='ltr'><strong>diabolico</strong></span> <span class='ocrx_word' id='word_1_607' title='bbox 2348 3419 2559 3472; x_wconf 88' lang='lat' dir='ltr'><strong>accensi</strong></span> <span class='ocrx_word' id='word_1_608' title='bbox 2581 3419 2796 3486; x_wconf 76' lang='lat' dir='ltr'><strong>spiritu,</strong></span> <span class='ocrx_word' id='word_1_609' title='bbox 2825 3417 3167 3472; x_wconf 73' lang='lat' dir='ltr'><strong>clamabant:</strong></span> <span class='ocrx_word' id='word_1_610' title='bbox 3197 3419 3420 3487; x_wconf 75' lang='lat' dir='ltr'><strong>Magicis</strong></span> 
     </span>
    </p>
   </div>
   <div class='ocr_carea' id='block_1_89' title="bbox 1855 3504 3414 3573">
    <p class='ocr_par' dir='ltr' id='par_1_89' title="bbox 1855 3504 3414 3573">
     <span class='ocr_line' id='line_1_89' title="bbox 1855 3504 3414 3573; baseline 0.001 -15"><span class='ocrx_word' id='word_1_611' title='bbox 1855 3504 2064 3560; x_wconf 85' lang='lat' dir='ltr'><strong>artibus</strong></span> <span class='ocrx_word' id='word_1_612' title='bbox 2112 3507 2216 3560; x_wconf 89' lang='lat' dir='ltr'><strong>ista</strong></span> <span class='ocrx_word' id='word_1_613' title='bbox 2266 3504 2509 3573; x_wconf 86' lang='lat' dir='ltr'><strong>faciens,</strong></span> <span class='ocrx_word' id='word_1_614' title='bbox 2580 3509 2808 3562; x_wconf 88' lang='lat' dir='ltr'><strong>deorum</strong></span> <span class='ocrx_word' id='word_1_615' title='bbox 2852 3518 3160 3563; x_wconf 83' lang='lat' dir='ltr'><strong>nostrorum</strong></span> <span class='ocrx_word' id='word_1_616' title='bbox 3211 3507 3414 3562; x_wconf 91' lang='lat' dir='ltr'><strong>cultum</strong></span> 
     </span>
    </p>
   </div>
   <div class='ocr_carea' id='block_1_90' title="bbox 1853 3596 3420 3666">
    <p class='ocr_par' dir='ltr' id='par_1_90' title="bbox 1853 3596 3420 3666">
     <span class='ocr_line' id='line_1_90' title="bbox 1853 3596 3420 3666; baseline 0 -14"><span class='ocrx_word' id='word_1_617' title='bbox 1853 3599 2076 3664; x_wconf 87' lang='lat' dir='ltr'><strong>evertit;</strong></span> <span class='ocrx_word' id='word_1_618' title='bbox 2110 3596 2296 3652; x_wconf 80' lang='lat' dir='ltr'><strong>Jovem</strong></span> <span class='ocrx_word' id='word_1_619' title='bbox 2326 3607 2485 3666; x_wconf 82' lang='lat' dir='ltr'><strong>negat</strong></span> <span class='ocrx_word' id='word_1_620' title='bbox 2507 3615 2626 3654; x_wconf 89' lang='lat' dir='ltr'><strong>esse</strong></span> <span class='ocrx_word' id='word_1_621' title='bbox 2673 3599 2834 3655; x_wconf 90' lang='lat' dir='ltr'><strong>deum</strong></span> <span class='ocrx_word' id='word_1_622' title='bbox 2885 3617 2900 3656; x_wconf 92' lang='lat'>:</span> <span class='ocrx_word' id='word_1_623' title='bbox 2948 3599 3234 3654; x_wconf 82' lang='lat' dir='ltr'><strong>Herculem</strong></span> <span class='ocrx_word' id='word_1_624' title='bbox 3289 3615 3420 3653; x_wconf 87' lang='lat' dir='ltr'><strong>vero</strong></span> 
     </span>
    </p>
   </div>
   <div class='ocr_carea' id='block_1_91' title="bbox 1853 3692 3421 3763">
    <p class='ocr_par' dir='ltr' id='par_1_91' title="bbox 1853 3692 3421 3763">
     <span class='ocr_line' id='line_1_91' title="bbox 1853 3692 3421 3763; baseline 0.003 -21"><span class='ocrx_word' id='word_1_625' title='bbox 1853 3692 2132 3744; x_wconf 91' lang='lat' dir='ltr'><strong>custodem</strong></span> <span class='ocrx_word' id='word_1_626' title='bbox 2175 3700 2462 3758; x_wconf 85' lang='lat' dir='ltr'><strong>nostrum,</strong></span> <span class='ocrx_word' id='word_1_627' title='bbox 2512 3694 2645 3748; x_wconf 85' lang='lat' dir='ltr'><strong>dicit</strong></span> <span class='ocrx_word' id='word_1_628' title='bbox 2685 3709 2806 3748; x_wconf 90' lang='lat' dir='ltr'><strong>esse</strong></span> <span class='ocrx_word' id='word_1_629' title='bbox 2871 3693 3208 3747; x_wconf 91' lang='lat' dir='ltr'><strong>immundum</strong></span> <span class='ocrx_word' id='word_1_630' title='bbox 3259 3693 3421 3763; x_wconf 87' lang='lat' dir='ltr'><strong>spiri—</strong></span> 
     </span>
    </p>
   </div>
   <div class='ocr_carea' id='block_1_92' title="bbox 1856 3782 3420 3850">
    <p class='ocr_par' dir='ltr' id='par_1_92' title="bbox 1856 3782 3420 3850">
     <span class='ocr_line' id='line_1_92' title="bbox 1856 3782 3420 3850; baseline 0.001 -16"><span class='ocrx_word' id='word_1_631' title='bbox 1856 3791 2010 3835; x_wconf 91' lang='lat' dir='ltr'><strong>tum:</strong></span> <span class='ocrx_word' id='word_1_632' title='bbox 2048 3782 2313 3836; x_wconf 82' lang='lat' dir='ltr'><strong>Venerem</strong></span> <span class='ocrx_word' id='word_1_633' title='bbox 2343 3784 2498 3838; x_wconf 91' lang='lat' dir='ltr'><strong>deam</strong></span> <span class='ocrx_word' id='word_1_634' title='bbox 2547 3794 2812 3850; x_wconf 85' lang='lat' dir='ltr'><strong>sanctam,</strong></span> <span class='ocrx_word' id='word_1_635' title='bbox 2865 3786 3198 3839; x_wconf 88' lang='lat' dir='ltr'><strong>meretricem</strong></span> <span class='ocrx_word' id='word_1_636' title='bbox 3249 3783 3420 3838; x_wconf 88' lang='lat' dir='ltr'><strong>fuisse</strong></span> 
     </span>
    </p>
   </div>
   <div class='ocr_carea' id='block_1_93' title="bbox 1853 3871 3418 3944">
    <p class='ocr_par' dir='ltr' id='par_1_93' title="bbox 1853 3871 3418 3944">
     <span class='ocr_line' id='line_1_93' title="bbox 1853 3871 3418 3944; baseline 0.001 -20"><span class='ocrx_word' id='word_1_637' title='bbox 1853 3872 2011 3925; x_wconf 65' lang='lat' dir='ltr'><strong>dueet</strong></span> <span class='ocrx_word' id='word_1_638' title='bbox 2039 3889 2053 3925; x_wconf 93' lang='lat'><strong>:</strong></span> <span class='ocrx_word' id='word_1_639' title='bbox 2084 3872 2300 3926; x_wconf 85' lang='lat' dir='ltr'><strong>Vestam</strong></span> <span class='ocrx_word' id='word_1_640' title='bbox 2330 3885 2509 3926; x_wconf 85' lang='lat' dir='ltr'><strong>autem</strong></span> <span class='ocrx_word' id='word_1_641' title='bbox 2559 3890 2811 3944; x_wconf 85' lang='lat' dir='ltr'><strong>magnam</strong></span> <span class='ocrx_word' id='word_1_642' title='bbox 2837 3875 3016 3939; x_wconf 87' lang='lat' dir='ltr'><strong>deam,</strong></span> <span class='ocrx_word' id='word_1_643' title='bbox 3073 3873 3194 3943; x_wconf 78' lang='lat' dir='ltr'><strong>igne</strong></span> <span class='ocrx_word' id='word_1_644' title='bbox 3247 3871 3418 3928; x_wconf 88' lang='lat' dir='ltr'><strong>fuisse</strong></span> 
     </span>
    </p>
   </div>
   <div class='ocr_carea' id='block_1_94' title="bbox 1854 3963 3420 4033">
    <p class='ocr_par' dir='ltr' id='par_1_94' title="bbox 1854 3963 3420 4033">
     <span class='ocr_line' id='line_1_94' title="bbox 1854 3963 3420 4033; baseline 0.002 -18"><span class='ocrx_word' id='word_1_645' title='bbox 1854 3970 2232 4030; x_wconf 89' lang='lat' dir='ltr'><strong>consumptam</strong></span> <span class='ocrx_word' id='word_1_646' title='bbox 2301 3963 2682 4018; x_wconf 84' lang='lat' dir='ltr'><strong>calumniatur.</strong></span> <span class='ocrx_word' id='word_1_647' title='bbox 2739 3963 2913 4017; x_wconf 91' lang='lat' dir='ltr'><strong>Simili</strong></span> <span class='ocrx_word' id='word_1_648' title='bbox 2970 3979 3187 4033; x_wconf 92' lang='lat' dir='ltr'><strong>quoque</strong></span> <span class='ocrx_word' id='word_1_649' title='bbox 3255 3965 3420 4018; x_wconf 88' lang='lat' dir='ltr'><strong>modo</strong></span> 
     </span>
    </p>
   </div>
   <div class='ocr_carea' id='block_1_95' title="bbox 1854 4054 3421 4121">
    <p class='ocr_par' dir='ltr' id='par_1_95' title="bbox 1854 4054 3421 4121">
     <span class='ocr_line' id='line_1_95' title="bbox 1854 4054 3421 4121; baseline 0.002 -15"><span class='ocrx_word' id='word_1_650' title='bbox 1854 4054 2254 4108; x_wconf 89' lang='lat' dir='ltr'><strong>sanctissimam</strong></span> <span class='ocrx_word' id='word_1_651' title='bbox 2296 4055 2450 4108; x_wconf 89' lang='lat' dir='ltr'><strong>deam</strong></span> <span class='ocrx_word' id='word_1_652' title='bbox 2478 4055 2802 4120; x_wconf 83' lang='lat' dir='ltr'><strong>Minervam,</strong></span> <span class='ocrx_word' id='word_1_653' title='bbox 2829 4057 2955 4110; x_wconf 93' lang='lat' dir='ltr'><strong>item</strong></span> <span class='ocrx_word' id='word_1_654' title='bbox 3005 4055 3252 4121; x_wconf 89' lang='lat' dir='ltr'><strong>Dianam,</strong></span> <span class='ocrx_word' id='word_1_655' title='bbox 3279 4054 3421 4109; x_wconf 86' lang='lat' dir='ltr'><strong>Mer-</strong></span> 
     </span>
    </p>
   </div>
   <div class='ocr_carea' id='block_1_96' title="bbox 1853 4145 3415 4216">
    <p class='ocr_par' dir='ltr' id='par_1_96' title="bbox 1853 4145 3415 4216">
     <span class='ocr_line' id='line_1_96' title="bbox 1853 4145 3415 4216; baseline 0.001 -18"><span class='ocrx_word' id='word_1_656' title='bbox 1853 4145 2100 4209; x_wconf 92' lang='lat' dir='ltr'><strong>curium,</strong></span> <span class='ocrx_word' id='word_1_657' title='bbox 2132 4147 2402 4216; x_wconf 88' lang='lat' dir='ltr'><strong>simulque</strong></span> <span class='ocrx_word' id='word_1_658' title='bbox 2451 4145 2745 4200; x_wconf 89' lang='lat' dir='ltr'><strong>Saturnum</strong></span> <span class='ocrx_word' id='word_1_659' title='bbox 2798 4157 2853 4202; x_wconf 87' lang='lat' dir='ltr'><strong>et</strong></span> <span class='ocrx_word' id='word_1_660' title='bbox 2902 4146 3125 4201; x_wconf 86' lang='lat' dir='ltr'><strong>Martem</strong></span> <span class='ocrx_word' id='word_1_661' title='bbox 3169 4146 3415 4201; x_wconf 87' lang='lat' dir='ltr'><strong>infamat.</strong></span> 
     </span>
    </p>
   </div>
   <div class='ocr_carea' id='block_1_97' title="bbox 1853 4238 3417 4308">
    <p class='ocr_par' dir='ltr' id='par_1_97' title="bbox 1853 4238 3417 4308">
     <span class='ocr_line' id='line_1_97' title="bbox 1853 4238 3417 4308; baseline 0.003 -18"><span class='ocrx_word' id='word_1_662' title='bbox 1853 4238 2028 4307; x_wconf 89' lang='lat' dir='ltr'><strong>Atque</strong></span> <span class='ocrx_word' id='word_1_663' title='bbox 2056 4239 2240 4292; x_wconf 86' lang='lat' dir='ltr'><strong>omnia</strong></span> <span class='ocrx_word' id='word_1_664' title='bbox 2269 4239 2493 4292; x_wconf 89' lang='lat' dir='ltr'><strong>deorum</strong></span> <span class='ocrx_word' id='word_1_665' title='bbox 2519 4247 2830 4293; x_wconf 91' lang='lat' dir='ltr'><strong>nostrorum</strong></span> <span class='ocrx_word' id='word_1_666' title='bbox 2868 4241 3112 4305; x_wconf 91' lang='lat' dir='ltr'><strong>nomina,</strong></span> <span class='ocrx_word' id='word_1_667' title='bbox 3141 4248 3195 4294; x_wconf 88' lang='lat' dir='ltr'><strong>et</strong></span> <span class='ocrx_word' id='word_1_668' title='bbox 3219 4241 3417 4308; x_wconf 84' lang='lat' dir='ltr'><strong>templa</strong></span> 
     </span>
    </p>
   </div>
   <div class='ocr_carea' id='block_1_98' title="bbox 1854 4329 3412 4398">
    <p class='ocr_par' dir='ltr' id='par_1_98' title="bbox 1854 4329 3412 4398">
     <span class='ocr_line' id='line_1_98' title="bbox 1854 4329 3412 4398; baseline 0.003 -16"><span class='ocrx_word' id='word_1_669' title='bbox 1854 4331 2200 4383; x_wconf 89' lang='lat' dir='ltr'><strong>contumeliis</strong></span> <span class='ocrx_word' id='word_1_670' title='bbox 2244 4329 2423 4383; x_wconf 78' lang='lat' dir='ltr'><strong>allicit.</strong></span> <span class='ocrx_word' id='word_1_671' title='bbox 2481 4331 2588 4384; x_wconf 83' lang='lat' dir='ltr'><strong>Aut</strong></span> <span class='ocrx_word' id='word_1_672' title='bbox 2641 4331 2970 4386; x_wconf 85' lang='lat' dir='ltr'><strong>sacrilieabit</strong></span> <span class='ocrx_word' id='word_1_673' title='bbox 3028 4331 3134 4386; x_wconf 90' lang='lat' dir='ltr'><strong>diis</strong></span> <span class='ocrx_word' id='word_1_674' title='bbox 3177 4331 3412 4398; x_wconf 87' lang='lat' dir='ltr'><strong>nostris,</strong></span> 
     </span>
    </p>
   </div>
   <div class='ocr_carea' id='block_1_99' title="bbox 1855 4422 2377 4491">
    <p class='ocr_par' dir='ltr' id='par_1_99' title="bbox 1855 4422 2377 4491">
     <span class='ocr_line' id='line_1_99' title="bbox 1855 4422 2377 4491; baseline 0 -15"><span class='ocrx_word' id='word_1_675' title='bbox 1855 4432 1948 4477; x_wconf 92' lang='lat' dir='ltr'><strong>aut</strong></span> <span class='ocrx_word' id='word_1_676' title='bbox 1977 4423 2088 4491; x_wconf 87' lang='lat' dir='ltr'><strong>ipse</strong></span> <span class='ocrx_word' id='word_1_677' title='bbox 2116 4422 2377 4476; x_wconf 87' lang='lat' dir='ltr'><strong>deleatur.</strong></span> 
     </span>
    </p>
   </div>
   <div class='ocr_carea' id='block_1_100' title="bbox 1927 4605 3415 4678">
    <p class='ocr_par' dir='ltr' id='par_1_100' title="bbox 1927 4605 3415 4678">
     <span class='ocr_line' id='line_1_100' title="bbox 1927 4605 3415 4678; baseline -0.003 -14"><span class='ocrx_word' id='word_1_678' title='bbox 1927 4606 2090 4665; x_wconf 83' lang='lat' dir='ltr'><strong>XVII.</strong></span> <span class='ocrx_word' id='word_1_679' title='bbox 2137 4610 2291 4663; x_wconf 90' lang='lat' dir='ltr'><strong>Tune</strong></span> <span class='ocrx_word' id='word_1_680' title='bbox 2338 4608 2690 4663; x_wconf 86' lang='lat' dir='ltr'><strong>Mamertinus</strong></span> <span class='ocrx_word' id='word_1_681' title='bbox 2737 4607 2901 4662; x_wconf 88' lang='lat' dir='ltr'><strong>Urbis</strong></span> <span class='ocrx_word' id='word_1_682' title='bbox 2951 4605 3261 4678; x_wconf 67' lang='lat' dir='ltr'><strong>prazfectus,</strong></span> <span class='ocrx_word' id='word_1_683' title='bbox 3306 4621 3415 4659; x_wconf 86' lang='lat' dir='ltr'><strong>non</strong></span> 
     </span>
    </p>
   </div>
   <div class='ocr_carea' id='block_1_101' title="bbox 1859 4700 3416 4773">
    <p class='ocr_par' dir='ltr' id='par_1_101' title="bbox 1859 4700 3416 4773">
     <span class='ocr_line' id='line_1_101' title="bbox 1859 4700 3416 4773; baseline -0.001 -17"><span class='ocrx_word' id='word_1_684' title='bbox 1859 4704 2040 4758; x_wconf 92' lang='lat' dir='ltr'><strong>ferens</strong></span> <span class='ocrx_word' id='word_1_685' title='bbox 2076 4705 2256 4773; x_wconf 87' lang='lat' dir='ltr'><strong>populi</strong></span> <span class='ocrx_word' id='word_1_686' title='bbox 2287 4703 2630 4767; x_wconf 90' lang='lat' dir='ltr'><strong>seditionem,</strong></span> <span class='ocrx_word' id='word_1_687' title='bbox 2655 4702 2824 4771; x_wconf 90' lang='lat' dir='ltr'><strong>jussit</strong></span> <span class='ocrx_word' id='word_1_688' title='bbox 2849 4701 2916 4755; x_wconf 91' lang='lat' dir='ltr'><strong>ad</strong></span> <span class='ocrx_word' id='word_1_689' title='bbox 2950 4716 3010 4755; x_wconf 90' lang='lat' dir='ltr'><strong>se</strong></span> <span class='ocrx_word' id='word_1_690' title='bbox 3060 4700 3256 4754; x_wconf 87' lang='lat' dir='ltr'><strong>adduci</strong></span> <span class='ocrx_word' id='word_1_691' title='bbox 3283 4703 3416 4754; x_wconf 84' lang='lat' dir='ltr'><strong>bea-</strong></span> 
     </span>
    </p>
   </div>
   <div class='ocr_carea' id='block_1_102' title="bbox 1857 4789 3414 4860">
    <p class='ocr_par' dir='ltr' id='par_1_102' title="bbox 1857 4789 3414 4860">
     <span class='ocr_line' id='line_1_102' title="bbox 1857 4789 3414 4860; baseline -0.003 -12"><span class='ocrx_word' id='word_1_692' title='bbox 1857 4795 2129 4849; x_wconf 88' lang='lat' dir='ltr'><strong>tissimum</strong></span> <span class='ocrx_word' id='word_1_693' title='bbox 2157 4795 2488 4846; x_wconf 86' lang='lat' dir='ltr'><strong>Clementem</strong></span> <span class='ocrx_word' id='word_1_694' title='bbox 2512 4809 2524 4842; x_wconf 89' lang='lat'><strong>:</strong></span> <span class='ocrx_word' id='word_1_695' title='bbox 2550 4807 2711 4860; x_wconf 91' lang='lat' dir='ltr'><strong>quem</strong></span> <span class='ocrx_word' id='word_1_696' title='bbox 2739 4791 2989 4857; x_wconf 91' lang='lat' dir='ltr'><strong>intuitus,</strong></span> <span class='ocrx_word' id='word_1_697' title='bbox 3017 4789 3376 4860; x_wconf 72' lang='lat' dir='ltr'><strong>cmpitdicere</strong></span> <span class='ocrx_word' id='word_1_698' title='bbox 3399 4807 3414 4843; x_wconf 89' lang='lat'><strong>:</strong></span> 
     </span>
    </p>
   </div>
   <div class='ocr_carea' id='block_1_103' title="bbox 1858 4880 3419 4954">
    <p class='ocr_par' dir='ltr' id='par_1_103' title="bbox 1858 4880 3419 4954">
     <span class='ocr_line' id='line_1_103' title="bbox 1858 4880 3419 4954; baseline -0.003 -16"><span class='ocrx_word' id='word_1_699' title='bbox 1858 4885 1900 4938; x_wconf 87' lang='lat' dir='ltr'><strong>E</strong></span> <span class='ocrx_word' id='word_1_700' title='bbox 1924 4886 2091 4939; x_wconf 91' lang='lat' dir='ltr'><strong>nobili</strong></span> <span class='ocrx_word' id='word_1_701' title='bbox 2123 4885 2340 4954; x_wconf 85' lang='lat' dir='ltr'><strong>quidem</strong></span> <span class='ocrx_word' id='word_1_702' title='bbox 2373 4882 2555 4936; x_wconf 91' lang='lat' dir='ltr'><strong>radice</strong></span> <span class='ocrx_word' id='word_1_703' title='bbox 2602 4881 2888 4950; x_wconf 87' lang='lat' dir='ltr'><strong>prodiisti;</strong></span> <span class='ocrx_word' id='word_1_704' title='bbox 2922 4881 3067 4951; x_wconf 90' lang='lat' dir='ltr'><strong>quod</strong></span> <span class='ocrx_word' id='word_1_705' title='bbox 3098 4882 3256 4936; x_wconf 90' lang='lat' dir='ltr'><strong>nobis</strong></span> <span class='ocrx_word' id='word_1_706' title='bbox 3308 4880 3419 4934; x_wconf 85' lang='lat' dir='ltr'><strong>Ro-</strong></span> 
     </span>
    </p>
   </div>
   <div class='ocr_carea' id='block_1_104' title="bbox 1861 4971 3419 5044">
    <p class='ocr_par' dir='ltr' id='par_1_104' title="bbox 1861 4971 3419 5044">
     <span class='ocr_line' id='line_1_104' title="bbox 1861 4971 3419 5044; baseline -0.003 -14"><span class='ocrx_word' id='word_1_707' title='bbox 1861 4992 2022 5031; x_wconf 86' lang='lat' dir='ltr'><strong>mana</strong></span> <span class='ocrx_word' id='word_1_708' title='bbox 2051 4976 2203 5044; x_wconf 89' lang='lat' dir='ltr'><strong>plebs</strong></span> <span class='ocrx_word' id='word_1_709' title='bbox 2251 4980 2586 5026; x_wconf 89' lang='lat' dir='ltr'><strong>attestatur:</strong></span> <span class='ocrx_word' id='word_1_710' title='bbox 2641 4971 2735 5025; x_wconf 90' lang='lat' dir='ltr'><strong>sed</strong></span> <span class='ocrx_word' id='word_1_711' title='bbox 2786 4986 3024 5024; x_wconf 87' lang='lat' dir='ltr'><strong>errorem</strong></span> <span class='ocrx_word' id='word_1_712' title='bbox 3075 4971 3324 5025; x_wconf 89' lang='lat' dir='ltr'><strong>subiisti:</strong></span> <span class='ocrx_word' id='word_1_713' title='bbox 3364 4981 3419 5026; x_wconf 86' lang='lat' dir='ltr'><strong>et</strong></span> 
     </span>
    </p>
   </div>
   <div class='ocr_carea' id='block_1_105' title="bbox 1855 5062 3413 5133">
    <p class='ocr_par' dir='ltr' id='par_1_105' title="bbox 1855 5062 3413 5133">
     <span class='ocr_line' id='line_1_105' title="bbox 1855 5062 3413 5133; baseline -0.004 -9"><span class='ocrx_word' id='word_1_714' title='bbox 1855 5071 1978 5124; x_wconf 91' lang='lat' dir='ltr'><strong>ideo</strong></span> <span class='ocrx_word' id='word_1_715' title='bbox 2007 5083 2113 5120; x_wconf 92' lang='lat' dir='ltr'><strong>non</strong></span> <span class='ocrx_word' id='word_1_716' title='bbox 2145 5065 2329 5119; x_wconf 86' lang='lat' dir='ltr'><strong>ferunt</strong></span> <span class='ocrx_word' id='word_1_717' title='bbox 2355 5082 2370 5130; x_wconf 88' lang='lat'><strong>;</strong></span> <span class='ocrx_word' id='word_1_718' title='bbox 2398 5065 2527 5133; x_wconf 89' lang='lat' dir='ltr'><strong>quia</strong></span> <span class='ocrx_word' id='word_1_719' title='bbox 2554 5063 2738 5117; x_wconf 86' lang='lat' dir='ltr'><strong>nescio</strong></span> <span class='ocrx_word' id='word_1_720' title='bbox 2763 5077 2922 5130; x_wconf 91' lang='lat' dir='ltr'><strong>quem</strong></span> <span class='ocrx_word' id='word_1_721' title='bbox 2951 5062 3228 5118; x_wconf 89' lang='lat' dir='ltr'><strong>Christum</strong></span> <span class='ocrx_word' id='word_1_722' title='bbox 3257 5064 3413 5130; x_wconf 90' lang='lat' dir='ltr'><strong>colis,</strong></span> 
     </span>
    </p>
   </div>
   <div class='ocr_carea' id='block_1_106' title="bbox 1856 5154 3411 5226">
    <p class='ocr_par' dir='ltr' id='par_1_106' title="bbox 1856 5154 3411 5226">
     <span class='ocr_line' id='line_1_106' title="bbox 1856 5154 3411 5226; baseline -0.003 -11"><span class='ocrx_word' id='word_1_723' title='bbox 1856 5170 2048 5215; x_wconf 88' lang='lat' dir='ltr'><strong>contra</strong></span> <span class='ocrx_word' id='word_1_724' title='bbox 2077 5160 2208 5212; x_wconf 90' lang='lat' dir='ltr'><strong>deos</strong></span> <span class='ocrx_word' id='word_1_725' title='bbox 2252 5156 2346 5226; x_wconf 91' lang='lat' dir='ltr'><strong>qui</strong></span> <span class='ocrx_word' id='word_1_726' title='bbox 2395 5156 2450 5210; x_wconf 91' lang='lat' dir='ltr'><strong>in</strong></span> <span class='ocrx_word' id='word_1_727' title='bbox 2497 5154 2714 5222; x_wconf 89' lang='lat' dir='ltr'><strong>templis</strong></span> <span class='ocrx_word' id='word_1_728' title='bbox 2758 5154 3098 5208; x_wconf 84' lang='lat' dir='ltr'><strong>honorantur</strong></span> <span class='ocrx_word' id='word_1_729' title='bbox 3159 5156 3411 5225; x_wconf 87' lang='lat' dir='ltr'><strong>suscipis.</strong></span> 
     </span>
    </p>
   </div>
   <div class='ocr_carea' id='block_1_107' title="bbox 1855 5246 3411 5321">
    <p class='ocr_par' dir='ltr' id='par_1_107' title="bbox 1855 5246 3411 5321">
     <span class='ocr_line' id='line_1_107' title="bbox 1855 5246 3411 5321; baseline -0.004 -13"><span class='ocrx_word' id='word_1_730' title='bbox 1855 5253 2124 5321; x_wconf 79' lang='lat' dir='ltr'><strong>Quocirca</strong></span> <span class='ocrx_word' id='word_1_731' title='bbox 2148 5257 2365 5320; x_wconf 88' lang='lat' dir='ltr'><strong>oportet</strong></span> <span class='ocrx_word' id='word_1_732' title='bbox 2413 5256 2474 5302; x_wconf 89' lang='lat' dir='ltr'><strong>ut</strong></span> <span class='ocrx_word' id='word_1_733' title='bbox 2527 5247 2766 5316; x_wconf 90' lang='lat' dir='ltr'><strong>deponas</strong></span> <span class='ocrx_word' id='word_1_734' title='bbox 2815 5259 3032 5300; x_wconf 90' lang='lat' dir='ltr'><strong>omnem</strong></span> <span class='ocrx_word' id='word_1_735' title='bbox 3085 5246 3411 5317; x_wconf 82' lang='lat' dir='ltr'><strong>superﬂuam</strong></span> 
     </span>
    </p>
   </div>
   <div class='ocr_carea' id='block_1_108' title="bbox 1487 5392 2152 5457">
    <p class='ocr_par' dir='ltr' id='par_1_108' title="bbox 1487 5392 2152 5457">
     <span class='ocr_line' id='line_1_108' title="bbox 1487 5392 2152 5457; baseline -0.017 0"><span class='ocrx_word' id='word_1_736' title='bbox 1487 5401 1568 5457; x_wconf 85' lang='lat' dir='ltr'><strong>VA</strong></span> <span class='ocrx_word' id='word_1_737' title='bbox 1580 5399 1716 5454; x_wconf 70' lang='lat' dir='ltr'><strong>[{le</strong></span> <span class='ocrx_word' id='word_1_738' title='bbox 1754 5392 2152 5453; x_wconf 87' lang='lat' dir='ltr'><strong>LECTIONES.</strong></span> 
     </span>
    </p>
   </div>
   <div class='ocr_carea' id='block_1_109' title="bbox 258 5499 1389 5568">
    <p class='ocr_par' dir='ltr' id='par_1_109' title="bbox 258 5499 1389 5568">
     <span class='ocr_line' id='line_1_109' title="bbox 258 5499 1389 5568; baseline 0.001 -17"><span class='ocrx_word' id='word_1_739' title='bbox 258 5499 302 5530; x_wconf 65' lang='grc' dir='ltr'><strong>δ’</strong></span> <span class='ocrx_word' id='word_1_740' title='bbox 343 5500 414 5552; x_wconf 89' lang='lat' dir='ltr'><strong>al.</strong></span> <span class='ocrx_word' id='word_1_741' title='bbox 458 5500 718 5568; x_wconf 84' lang='grc' dir='ltr'>ἐπέγνων.</span> <span class='ocrx_word' id='word_1_742' title='bbox 807 5501 854 5534; x_wconf 75' lang='grc'>⁸³</span> <span class='ocrx_word' id='word_1_743' title='bbox 880 5503 952 5555; x_wconf 93' lang='lat' dir='ltr'><strong>al.</strong></span> <span class='ocrx_word' id='word_1_744' title='bbox 992 5500 1389 5567; x_wconf 79' lang='grc' dir='ltr'>ἐξαπατῶντας.</span> 
     </span>
    </p>
   </div>
   <div class='ocr_carea' id='block_1_110' title="bbox 185 5626 1700 5717">
    <p class='ocr_par' dir='ltr' id='par_1_110' title="bbox 185 5626 1700 5717">
     <span class='ocr_line' id='line_1_110' title="bbox 185 5626 1700 5717; baseline -0.003 -25"><span class='ocrx_word' id='word_1_745' title='bbox 185 5626 357 5717; x_wconf 68' lang='grc' dir='ltr'>δέτοῦ</span> <span class='ocrx_word' id='word_1_746' title='bbox 379 5626 626 5717; x_wconf 32' lang='grc' dir='ltr'>ῌκαιροῦί</span> <span class='ocrx_word' id='word_1_747' title='bbox 655 5626 790 5717; x_wconf 85' lang='lat' dir='ltr'><strong>l_linc</strong></span> <span class='ocrx_word' id='word_1_748' title='bbox 812 5626 1068 5717; x_wconf 74' lang='lat' dir='ltr'><strong>incipitur</strong></span> <span class='ocrx_word' id='word_1_749' title='bbox 1098 5626 1505 5717; x_wconf 56' lang='lat' dir='ltr'><strong>apndSu&#39;rium,</strong></span> <span class='ocrx_word' id='word_1_750' title='bbox 1545 5626 1700 5717; x_wconf 63' lang='lat' dir='ltr'><strong>Neve</strong></span> 
     </span>
    </p>
   </div>
   <div class='ocr_carea' id='block_1_111' title="bbox 188 5709 1731 5806">
    <p class='ocr_par' dir='ltr' id='par_1_111' title="bbox 188 5709 1731 5806">
     <span class='ocr_line' id='line_1_111' title="bbox 188 5709 1729 5806; baseline -0.004 -44"><span class='ocrx_word' id='word_1_751' title='bbox 188 5709 230 5738; x_wconf 84' lang='lat'><strong>&quot;</strong></span> <span class='ocrx_word' id='word_1_752' title='bbox 269 5710 339 5762; x_wconf 85' lang='lat' dir='ltr'><strong>al.</strong></span> <span class='ocrx_word' id='word_1_753' title='bbox 377 5709 624 5762; x_wconf 58' lang='grc' dir='ltr'>ἔπεισεν</span> <span class='ocrx_word' id='word_1_754' title='bbox 663 5713 701 5764; x_wconf 87' lang='lat' dir='ltr'><strong>f.</strong></span> <span class='ocrx_word' id='word_1_755' title='bbox 738 5711 1090 5782; x_wconf 87' lang='grc' dir='ltr'>παρέπεισεν.</span> <span class='ocrx_word' id='word_1_756' title='bbox 1138 5709 1208 5742; x_wconf 27' lang='grc' dir='ltr'><strong>ί⁸²</strong></span> <span class='ocrx_word' id='word_1_757' title='bbox 1245 5710 1314 5762; x_wconf 87' lang='lat' dir='ltr'><strong>al.</strong></span> <span class='ocrx_word' id='word_1_758' title='bbox 1343 5709 1729 5806; x_wconf 53' lang='grc' dir='ltr'>Χριστιανικιξ.</span> 
     </span>
     <span class='ocr_line' id='line_1_112' title="bbox 188 5776 1731 5806; baseline 0 0"><span class='ocrx_word' id='word_1_759' title='bbox 188 5781 306 5806; x_wconf 63' lang='grc' dir='ltr'><strong>...ι-⁸</strong></span> <span class='ocrx_word' id='word_1_760' title='bbox 345 5780 505 5806; x_wconf 65' lang='grc' dir='ltr'><strong>-).--π</strong></span> <span class='ocrx_word' id='word_1_761' title='bbox 541 5780 743 5806; x_wconf 60' lang='grc' dir='ltr'><strong>ΧἹ--.-..-</strong></span> <span class='ocrx_word' id='word_1_762' title='bbox 770 5781 910 5806; x_wconf 65' lang='grc' dir='ltr'><strong>--ηλ-</strong></span> <span class='ocrx_word' id='word_1_763' title='bbox 934 5781 985 5806; x_wconf 61' lang='grc' dir='ltr'>ἒλ</span> <span class='ocrx_word' id='word_1_764' title='bbox 1025 5779 1302 5806; x_wconf 66' lang='lat'><strong>2..._1\--.-..</strong></span> <span class='ocrx_word' id='word_1_765' title='bbox 1324 5795 1336 5806; x_wconf 80' lang='grc' dir='ltr'>ι</span> <span class='ocrx_word' id='word_1_766' title='bbox 1434 5777 1448 5806; x_wconf 67' lang='grc' dir='ltr'><strong><em>ξ</em></strong></span> <span class='ocrx_word' id='word_1_767' title='bbox 1479 5778 1586 5806; x_wconf 67' lang='grc' dir='ltr'>..Ι-Α</span> <span class='ocrx_word' id='word_1_768' title='bbox 1709 5776 1731 5806; x_wconf 70' lang='grc' dir='ltr'><strong>δ</strong></span> 
     </span>
    </p>
   </div>
   <div class='ocr_carea' id='block_1_112' title="bbox 188 5777 1606 5848">
    <p class='ocr_par' dir='ltr' id='par_1_112' title="bbox 188 5777 1606 5848">
     <span class='ocr_line' id='line_1_113' title="bbox 188 5777 1606 5848; baseline 0.005 -20"><span class='ocrx_word' id='word_1_769' title='bbox 188 5781 306 5830; x_wconf 82' lang='grc' dir='ltr'>κατ’</span> <span class='ocrx_word' id='word_1_770' title='bbox 341 5780 506 5833; x_wconf 78' lang='grc' dir='ltr'>αὐτοῦ</span> <span class='ocrx_word' id='word_1_771' title='bbox 541 5780 743 5848; x_wconf 72' lang='grc' dir='ltr'>ἔλεγονο</span> <span class='ocrx_word' id='word_1_772' title='bbox 769 5777 910 5844; x_wconf 80' lang='grc' dir='ltr'>τινὲς</span> <span class='ocrx_word' id='word_1_773' title='bbox 931 5781 987 5833; x_wconf 84' lang='grc' dir='ltr'>δὲ</span> <span class='ocrx_word' id='word_1_774' title='bbox 1020 5779 1303 5847; x_wconf 83' lang='grc' dir='ltr'>ἀντέλεγον</span> <span class='ocrx_word' id='word_1_775' title='bbox 1324 5795 1336 5807; x_wconf 91' lang='grc'><strong>·</strong></span> <span class='ocrx_word' id='word_1_776' title='bbox 1385 5777 1448 5829; x_wconf 89' lang='grc' dir='ltr'>Τί</span> <span class='ocrx_word' id='word_1_777' title='bbox 1479 5778 1606 5847; x_wconf 81' lang='grc' dir='ltr'>γάρ.</span> 
     </span>
    </p>
   </div>
   <div class='ocr_carea' id='block_1_113' title="bbox 1495 5475 3412 5557">
    <p class='ocr_par' dir='ltr' id='par_1_113' title="bbox 1495 5475 3412 5557">
     <span class='ocr_line' id='line_1_114' title="bbox 1495 5475 3412 5557; baseline -0.014 -5"><span class='ocrx_word' id='word_1_778' title='bbox 1495 5498 1622 5551; x_wconf 70' lang='lat' dir='ltr'><strong>“al.</strong></span> <span class='ocrx_word' id='word_1_779' title='bbox 1639 5499 1804 5550; x_wconf 88' lang='lat' dir='ltr'><strong>inscr.</strong></span> <span class='ocrx_word' id='word_1_780' title='bbox 1828 5491 2057 5554; x_wconf 88' lang='grc' dir='ltr'>τούτοις.</span> <span class='ocrx_word' id='word_1_781' title='bbox 2136 5489 2264 5543; x_wconf 66' lang='lat' dir='ltr'><strong>“al.</strong></span> <span class='ocrx_word' id='word_1_782' title='bbox 2284 5486 2759 5557; x_wconf 82' lang='grc' dir='ltr'>προσεγγίσαντος.</span> <span class='ocrx_word' id='word_1_783' title='bbox 2814 5480 2877 5557; x_wconf 74' lang='lat'><strong>_&quot;°</strong></span> <span class='ocrx_word' id='word_1_784' title='bbox 2909 5475 3412 5557; x_wconf 43' lang='lat' dir='ltr'><strong>al._é§_atrrriq0q‘at3-</strong></span> 
     </span>
    </p>
   </div>
   <div class='ocr_carea' id='block_1_114' title="bbox 184 5564 3406 5690">
    <p class='ocr_par' dir='ltr' id='par_1_114' title="bbox 184 5564 3406 5690">
     <span class='ocr_line' id='line_1_115' title="bbox 184 5564 3406 5690; baseline -0.002 -70"><span class='ocrx_word' id='word_1_785' title='bbox 184 5569 275 5632; x_wconf 81' lang='grc' dir='ltr'><strong>τὸς</strong></span> <span class='ocrx_word' id='word_1_786' title='bbox 302 5570 395 5622; x_wconf 80' lang='grc' dir='ltr'>καὶ</span> <span class='ocrx_word' id='word_1_787' title='bbox 428 5564 628 5634; x_wconf 78' lang='grc' dir='ltr'>πάντες</span> <span class='ocrx_word' id='word_1_788' title='bbox 650 5572 697 5623; x_wconf 93' lang='grc' dir='ltr'>οἱ</span> <span class='ocrx_word' id='word_1_789' title='bbox 731 5571 884 5629; x_wconf 84' lang='grc' dir='ltr'>ἐντῶ</span> <span class='ocrx_word' id='word_1_790' title='bbox 914 5564 1047 5642; x_wconf 72' lang='grc' dir='ltr'>οῖκῴ</span> <span class='ocrx_word' id='word_1_791' title='bbox 1078 5571 1261 5631; x_wconf 79' lang='grc' dir='ltr'>αὑτοῦ,</span> <span class='ocrx_word' id='word_1_792' title='bbox 1289 5571 1380 5640; x_wconf 72' lang='grc' dir='ltr'><strong>ηρ.</strong></span> <span class='ocrx_word' id='word_1_793' title='bbox 1405 5567 1451 5620; x_wconf 91' lang='grc' dir='ltr'><strong>δ.</strong></span> <span class='ocrx_word' id='word_1_794' title='bbox 1487 5567 1731 5690; x_wconf 95' lang='grc' dir='ltr'><strong>ο.</strong></span> <span class='ocrx_word' id='word_1_795' title='bbox 1756 5564 1962 5634; x_wconf 78' lang='grc' dir='ltr'>ἄνδρες.</span> <span class='ocrx_word' id='word_1_796' title='bbox 2039 5564 2085 5592; x_wconf 73' lang='grc'><strong>⁸⁷</strong></span> <span class='ocrx_word' id='word_1_797' title='bbox 2119 5564 2188 5612; x_wconf 90' lang='lat' dir='ltr'><strong>al.</strong></span> <span class='ocrx_word' id='word_1_798' title='bbox 2228 5564 2547 5610; x_wconf 75' lang='grc' dir='ltr'>ἐπίστευσαν</span> <span class='ocrx_word' id='word_1_799' title='bbox 2572 5564 2684 5637; x_wconf 45' lang='grc' dir='ltr'>,καὶ</span> <span class='ocrx_word' id='word_1_800' title='bbox 2723 5564 2875 5622; x_wconf 73' lang='grc' dir='ltr'>προς.</span> <span class='ocrx_word' id='word_1_801' title='bbox 2952 5564 2996 5582; x_wconf 72' lang='grc'><strong>’³</strong></span> <span class='ocrx_word' id='word_1_802' title='bbox 3034 5564 3163 5601; x_wconf 64' lang='grc' dir='ltr'><strong>Μιτ</strong></span> <span class='ocrx_word' id='word_1_803' title='bbox 3202 5564 3406 5628; x_wconf 71' lang='grc' dir='ltr'>εκειγου</span> 
     </span>
     <span class='ocr_line' id='line_1_116' title="bbox 185 5615 3406 5690; baseline -0.005 0"><span class='ocrx_word' id='word_1_804' title='bbox 185 5637 357 5690; x_wconf 77' lang='grc' dir='ltr'>δὲτοῦ</span> <span class='ocrx_word' id='word_1_805' title='bbox 394 5640 611 5690; x_wconf 83' lang='grc' dir='ltr'>καιοοῦ.</span> <span class='ocrx_word' id='word_1_806' title='bbox 655 5626 1068 5690; x_wconf 70' lang='lat' dir='ltr'><strong>llincincinitur</strong></span> <span class='ocrx_word' id='word_1_807' title='bbox 1098 5642 1236 5690; x_wconf 88' lang='lat' dir='ltr'><strong>anml</strong></span> <span class='ocrx_word' id='word_1_808' title='bbox 1264 5637 1505 5690; x_wconf 88' lang='lat' dir='ltr'><strong>Surium.</strong></span> <span class='ocrx_word' id='word_1_809' title='bbox 1595 5635 1867 5689; x_wconf 79' lang='lat' dir='ltr'><strong>nvembris</strong></span> <span class='ocrx_word' id='word_1_810' title='bbox 1898 5647 2055 5685; x_wconf 84' lang='lat' dir='ltr'><strong>xxm.</strong></span> <span class='ocrx_word' id='word_1_811' title='bbox 2085 5628 2219 5684; x_wconf 76' lang='lat' dir='ltr'><strong>Cor.</strong></span> <span class='ocrx_word' id='word_1_812' title='bbox 2299 5626 2342 5657; x_wconf 73' lang='grc'><strong>⁸⁸</strong></span> <span class='ocrx_word' id='word_1_813' title='bbox 2382 5629 2532 5680; x_wconf 85' lang='lat' dir='ltr'><strong>deest</strong></span> <span class='ocrx_word' id='word_1_814' title='bbox 2573 5642 2624 5678; x_wconf 86' lang='lat' dir='ltr'><strong>tn</strong></span> <span class='ocrx_word' id='word_1_815' title='bbox 2657 5627 2729 5678; x_wconf 87' lang='lat' dir='ltr'><strong>al.</strong></span> <span class='ocrx_word' id='word_1_816' title='bbox 2807 5623 2852 5654; x_wconf 72' lang='grc'><strong><em>⁵⁵</em></strong></span> <span class='ocrx_word' id='word_1_817' title='bbox 2891 5622 2962 5675; x_wconf 88' lang='lat' dir='ltr'><strong>al.</strong></span> <span class='ocrx_word' id='word_1_818' title='bbox 3003 5615 3406 5690; x_wconf 65' lang='lat' dir='ltr'><strong>xat__8_£8w3§¢_0§-</strong></span> 
     </span>
    </p>
   </div>
   <div class='ocr_carea' id='block_1_115' title="bbox 1809 5682 3408 5772">
    <p class='ocr_par' dir='ltr' id='par_1_115' title="bbox 1809 5682 3408 5772">
     <span class='ocr_line' id='line_1_117' title="bbox 1809 5682 3408 5772; baseline -0.013 -17"><span class='ocrx_word' id='word_1_819' title='bbox 1809 5682 1865 5736; x_wconf 19' lang='lat'><strong>&#39;3’</strong></span> <span class='ocrx_word' id='word_1_820' title='bbox 2177 5698 2268 5751; x_wconf 86' lang='grc' dir='ltr'><strong>τὸν</strong></span> <span class='ocrx_word' id='word_1_821' title='bbox 2301 5695 2572 5772; x_wconf 74' lang='grc' dir='ltr'>πολιτικὸν</span> <span class='ocrx_word' id='word_1_822' title='bbox 2612 5694 2833 5772; x_wconf 44' lang='grc' dir='ltr'>θρόνον...</span> <span class='ocrx_word' id='word_1_823' title='bbox 2876 5692 2941 5772; x_wconf 38' lang='grc'><strong>’⁸⁸</strong></span> <span class='ocrx_word' id='word_1_824' title='bbox 2990 5690 3060 5772; x_wconf 74' lang='lat' dir='ltr'><strong>al.</strong></span> <span class='ocrx_word' id='word_1_825' title='bbox 3095 5682 3408 5772; x_wconf 47' lang='grc' dir='ltr'>άλλοςιάλλο</span> 
     </span>
    </p>
   </div>
   <div class='ocr_carea' id='block_1_116' title="bbox 1771 5753 3400 5841">
    <p class='ocr_par' dir='ltr' id='par_1_116' title="bbox 1771 5753 3400 5841">
     <span class='ocr_line' id='line_1_118' title="bbox 1771 5753 3400 5841; baseline -0.014 -14"><span class='ocrx_word' id='word_1_826' title='bbox 1771 5775 1839 5828; x_wconf 88' lang='lat' dir='ltr'><strong>al.</strong></span> <span class='ocrx_word' id='word_1_827' title='bbox 1872 5753 2248 5841; x_wconf 38' lang='grc' dir='ltr'>λυπούμενοςκ</span> <span class='ocrx_word' id='word_1_828' title='bbox 2299 5768 2343 5800; x_wconf 72' lang='grc'><strong>⁸⁸</strong></span> <span class='ocrx_word' id='word_1_829' title='bbox 2364 5767 2515 5822; x_wconf 88' lang='lat' dir='ltr'><strong>deest</strong></span> <span class='ocrx_word' id='word_1_830' title='bbox 2546 5766 2606 5820; x_wconf 90' lang='lat' dir='ltr'><strong>in</strong></span> <span class='ocrx_word' id='word_1_831' title='bbox 2643 5753 2714 5818; x_wconf 71' lang='lat' dir='ltr'><strong>al.</strong></span> <span class='ocrx_word' id='word_1_832' title='bbox 2790 5763 2833 5794; x_wconf 86' lang='grc'><strong>³⁷</strong></span> <span class='ocrx_word' id='word_1_833' title='bbox 2858 5761 3007 5816; x_wconf 90' lang='lat' dir='ltr'><strong>deest</strong></span> <span class='ocrx_word' id='word_1_834' title='bbox 3035 5761 3087 5814; x_wconf 92' lang='lat' dir='ltr'><strong>in</strong></span> <span class='ocrx_word' id='word_1_835' title='bbox 3111 5756 3181 5810; x_wconf 89' lang='lat' dir='ltr'><strong>al.</strong></span> <span class='ocrx_word' id='word_1_836' title='bbox 3257 5754 3302 5786; x_wconf 81' lang='grc'><strong><em>⁸⁸</em></strong></span> <span class='ocrx_word' id='word_1_837' title='bbox 3328 5753 3400 5806; x_wconf 86' lang='lat' dir='ltr'><strong>al.</strong></span> 
     </span>
    </p>
   </div>
   <div class='ocr_carea' id='block_1_117' title="bbox 2039 5545 3409 5622">
    <p class='ocr_par' dir='ltr' id='par_1_117' title="bbox 2039 5545 3409 5622">
     <span class='ocr_line' id='line_1_119' title="bbox 2039 5545 3409 5622; baseline -0.012 -10"><span class='ocrx_word' id='word_1_838' title='bbox 2039 5561 2085 5592; x_wconf 78' lang='grc'><strong>’⁸⁷</strong></span> <span class='ocrx_word' id='word_1_839' title='bbox 2119 5559 2188 5612; x_wconf 92' lang='lat' dir='ltr'><strong>al.</strong></span> <span class='ocrx_word' id='word_1_840' title='bbox 2228 5545 2547 5610; x_wconf 72' lang='grc' dir='ltr'>ἐπίστευσάν</span> <span class='ocrx_word' id='word_1_841' title='bbox 2593 5556 2684 5608; x_wconf 81' lang='grc' dir='ltr'>καὶ</span> <span class='ocrx_word' id='word_1_842' title='bbox 2723 5553 2875 5622; x_wconf 89' lang='grc' dir='ltr'>πρός.</span> <span class='ocrx_word' id='word_1_843' title='bbox 2952 5551 2996 5582; x_wconf 64' lang='grc'><strong>⁸⁸</strong></span> <span class='ocrx_word' id='word_1_844' title='bbox 3034 5549 3165 5622; x_wconf 55' lang='grc' dir='ltr'>Κατ]</span> <span class='ocrx_word' id='word_1_845' title='bbox 3202 5545 3409 5622; x_wconf 73' lang='grc' dir='ltr'>ἐκείνου</span> 
     </span>
    </p>
   </div>
   <div class='ocr_carea' id='block_1_118' title="bbox 190 5838 2273 5923">
    <p class='ocr_par' dir='ltr' id='par_1_118' title="bbox 190 5838 2273 5923">
     <span class='ocr_line' id='line_1_120' title="bbox 190 5838 2273 5923; baseline -0.004 -23"><span class='ocrx_word' id='word_1_846' title='bbox 190 5849 438 5920; x_wconf 77' lang='grc' dir='ltr'>ἀχθῆναι.</span> <span class='ocrx_word' id='word_1_847' title='bbox 517 5851 563 5884; x_wconf 68' lang='grc'><strong>⁵⁸</strong></span> <span class='ocrx_word' id='word_1_848' title='bbox 598 5838 668 5904; x_wconf 85' lang='lat' dir='ltr'><strong>al.</strong></span> <span class='ocrx_word' id='word_1_849' title='bbox 702 5838 992 5923; x_wconf 75' lang='grc' dir='ltr'>μαρτυρεῖ,</span> <span class='ocrx_word' id='word_1_850' title='bbox 1052 5852 1096 5884; x_wconf 67' lang='grc' dir='ltr'><strong>⁸ο</strong></span> <span class='ocrx_word' id='word_1_851' title='bbox 1135 5838 1741 5920; x_wconf 70' lang='grc' dir='ltr'>ιιι.’φέρουσιν’σξωπᾷν.</span> <span class='ocrx_word' id='word_1_852' title='bbox 1818 5845 1860 5877; x_wconf 77' lang='grc'>⁶¹</span> <span class='ocrx_word' id='word_1_853' title='bbox 1895 5838 2090 5898; x_wconf 83' lang='lat' dir='ltr'><strong>desunt</strong></span> <span class='ocrx_word' id='word_1_854' title='bbox 2121 5841 2174 5894; x_wconf 89' lang='lat' dir='ltr'><strong>in</strong></span> <span class='ocrx_word' id='word_1_855' title='bbox 2200 5838 2273 5893; x_wconf 90' lang='lat' dir='ltr'><strong>al.</strong></span> 
     </span>
    </p>
   </div>
  </div>
