3818 6216
400 384 500 439 627

1493 385 1830 441 APPENDIX
1870 388 1958 441 AD
1999 390 2053 444 S.
2096 388 2532 445 CLEMENTEM.

3529 395 3641 450 628

297 538 301 542 ι
395 508 857 578 superstitionem,
877 510 1130 578 colasquc
1158 506 1289 561 deos
1313 506 1563 560 eximios.
1588 505 1741 561 Tunc
1770 507 1925 561 beatu

2061 508 2167 561 τῶν
2215 508 2353 561 θεῶν
2387 508 2645 580 ἀποδέχῃ.
2684 508 2773 559 Διὸ
2800 504 3094 560 ἀποθέσθαι
3120 520 3178 558 σε
3206 504 3285 557 δεῖ
3326 506 3501 559 πᾶσαν
3531 507 3637 576 τὴν

390 602 644 658 Clemens
674 618 687 653 :
716 600 995 671 Optarent,
1039 602 1233 670 inquit,
1291 608 1397 652 tute
1436 599 1770 653 excellentiae
1822 615 1951 668 pru-

388 695 627 749 dentiam
658 694 723 748 ad
758 709 931 748 meam
977 693 1349 747 defensionem
1404 692 1707 756 attendere,
1757 698 1949 745 etnon

387 792 608 853 propter
637 784 1011 853 imperitorum
1039 783 1382 845 seditionem,
1413 782 1505 835 sed
1530 790 1749 851 promer
1770 796 1946 834 meam

385 875 689 929 doctrinam
722 890 1013 931 accusasse
1057 889 1164 927 me.
1216 872 1349 926 Nam
1381 874 1426 928 si
1457 888 1620 927 canes
1653 872 1806 925 multi
1862 872 1947 925 al-

381 954 703 1021 Iatraverint
752 983 853 1021 nos
882 982 946 1022 ac
976 966 1315 1031 disciderint,
1362 981 1470 1020 non
1526 972 1755 1033 possunt
1778 963 1941 1017 etiam

382 1058 599 1113 auferre
627 1060 771 1127 quod
803 1059 1053 1113 homines
1100 1058 1396 1111 rationales
1456 1071 1682 1116 sumus;
1734 1054 1947 1124 ipsique

380 1161 665 1204 remanent
694 1165 860 1205 canes
914 1150 1033 1204 sine
1082 1149 1290 1203 ratione
1328 1149 1681 1202 oblatrantes.
1732 1145 1942 1199 Etenim

378 1244 574 1299 seditio
634 1258 849 1312 semper
881 1242 949 1296 ab
995 1242 1263 1311 imperitis
1302 1240 1574 1311 prolicisci
1616 1238 1944 1300 ostenditur,

375 1335 512 1390 adeo
546 1344 605 1391 ut
662 1336 796 1391 nihil
826 1335 1022 1389 habeat
1065 1343 1265 1399 tutum,
1293 1348 1395 1387 nec
1420 1332 1581 1386 etiam
1617 1345 1805 1383 verum
1858 1343 1946 1381 re-

372 1437 653 1497 ctumque.
691 1427 1056 1493 Quamobrem
1086 1433 1364 1495 quaeratur
1389 1422 1591 1478 silentii
1622 1420 1861 1484 occasio,
1887 1419 1941 1473 in

370 1535 481 1590 quo
503 1535 600 1589 pro
625 1520 799 1574 salute
827 1533 925 1573 sua
948 1518 1112 1572 homo
1138 1516 1366 1571 rationis
1398 1514 1665 1585 particeps
1698 1510 1839 1580 apud
1883 1525 1941 1564 se

371 1613 686 1667 consultare
726 1627 790 1666 ac
812 1612 1082 1666 disserere
1123 1609 1368 1678 incipiat,
1419 1622 1527 1675 quo
1553 1620 1740 1658 verum
1769 1601 1935 1656 Deum

370 1705 631 1769 inveniat,
678 1705 765 1758 cui
796 1704 953 1757 Iidem
987 1716 1140 1756 suam
1166 1701 1325 1769 digne
1350 1696 1711 1754 commendet.
1960 1684 1967 1693 ’

2059 600 2317 669 περιττὴν
2379 588 2820 669 δεισιδαιμονίαν,
2872 598 2967 651 καὶ
3010 600 3122 659 τοῖς
3185 596 3441 662 ἐξαισίοις
3486 597 3635 661 θεοῖς

2057 689 2335 761 λατρεύειν
2369 693 2432 744 ⁸⁷.
2486 692 2619 744 Τότε
2665 694 2693 745 6
2732 692 2997 761 μακάριος
3040 689 3267 760 Κλήμης
3322 694 3457 759 ἔφη’
3511 691 3631 743 Ηύ-

2054 783 2227 853 χόμην
2271 783 2369 854 τὴν
2404 784 2505 853 τῆς
2536 784 2637 853 σῆς
2682 783 2955 855 ὑπεροχῆς
2976 782 3235 853 φρόνησιν
3272 782 3633 853 προσανέχειν

2058 891 2160 943 μου
2188 877 2255 944 τῇ
2304 875 2590 948 ἀπολογίᾳ,
2639 876 2733 928 καὶ
2773 875 2848 946 μὴ
2875 874 2963 927 διά
3001 875 3188 927 στάσιν
3222 873 3333 926 τῶν
3368 874 3631 927 ἀπαιδεύ-

2051 982 2178 1026 των,
2227 966 2361 1019 ἀλλά
2386 966 2475 1019 διὰ
2516 968 2607 1019 τὸν
2639 968 2770 1038 ὲμὸν
2793 968 2949 1035 λόγον
2976 964 3288 1037 γράψασθαί
3318 982 3404 1034 με.
3447 965 3627 1027 Ἐπεὶ,

2043 1055 2137 1108 ἐὰν
2162 1056 2319 1121 κύνες
2341 1061 2489 1129 ἡμᾶς
2515 1058 2697 1111 πολλοὶ
2725 1058 3092 1129 περιυλάξωσι
3114 1058 3207 1109 καὶ
3230 1056 3627 1127 κατασχίσωσι,

2043 1145 2117 1215 μὴ
2146 1147 2397 1201 δύνανται
2426 1149 2720 1217 ἀφελέσθαι
2756 1151 2850 1203 καὶ
2895 1150 2957 1201 τὸ
2988 1144 3126 1201 εἶναι
3174 1150 3321 1218 ἡμᾶς
3353 1147 3452 1217 μὲν
3479 1148 3629 1217 λογι-

2041 1238 2172 1300 κούς
2210 1238 2567 1309 ἀνθρώπους,
2626 1241 2870 1304 ἐκείνους
2918 1241 2975 1295 δὲ
3024 1240 3192 1303 κύνας
3240 1240 3286 1271 ⁸³
3321 1239 3627 1307 ἀλογίστως

2042 1328 2539 1395 καθυλακτοῦντας.
2577 1334 2688 1386 Καὶ
2714 1333 2820 1404 γὰρ
2855 1334 2888 1404 ὴ
2921 1333 3110 1396 στάσις
3156 1332 3246 1386 ἀεὶ
3277 1332 3427 1402 παρά
3454 1333 3624 1385 ἀπαι-

2041 1419 2243 1473 δεύτων
2314 1424 2691 1494 προερχομένη
2764 1423 3167 1488 διαδείκνυται,
3232 1422 3374 1485 ὥστε
3450 1422 3624 1493 μηδὲν

2042 1512 2283 1580 ἀσφαλὲς
2333 1514 2378 1544 ⁵⁸
2424 1514 2587 1585 ἔχειν,
2644 1516 2782 1586 μήτε
2845 1516 2951 1586 μὴν
2983 1515 3199 1585 ἀληθές.
3254 1513 3414 1593 "Operi
3456 1512 3622 1582 σιγῆς

2040 1602 2309 1671 ζητείσθω
2350 1606 2645 1677 πρόφασις,
2701 1608 2758 1660 ὲν
2881 1607 3022 1676 ὑπὲρ
3053 1606 3156 1677 τῆς
3211 1605 3402 1659 ἑαυτοῦ
3442 1622 3621 1674 σωτη-

2042 1695 2160 1763 ρίας
2186 1698 2214 1749 ὁ
2242 1696 2456 1765 λογικὸς
2479 1698 2782 1769 ἄνθρωπος,
2811 1699 2901 1752 καὶ
2918 1699 3040 1753 καθ’
3062 1698 3252 1752 ἑαυτὸν
3269 1696 3618 1769 βουλεύεσθαι

370 1798 463 1850 καὶ
544 1793 883 1863 διαλέγεσθαι
943 1792 1292 1863 ἀπάρξηται,
1344 1791 1431 1843 ἵνα
1496 1790 1584 1842 τὸν
1634 1785 1806 1857 ἀληθῆ
1856 1783 1988 1836 Θεὸν
2048 1784 2233 1857 εὖροι,
2283 1782 2327 1857 ᾧ
2394 1790 2495 1860 τὴν
2545 1790 2735 1843 ἑαυτοῦ
2804 1790 2985 1844 πίστιν
3054 1790 3443 1862 σεμνοπρεπῶς
3508 1805 3620 1841 πα·

370 1890 543 1961 ράθοι.

366 2093 514 2147 tione
556 2093 622 2147 ad
647 2091 942 2161 Traianum
982 2091 1388 2159 imperatorem,
1418 2089 1487 2144 de
1538 2089 1759 2143 nomine
1789 2087 1931 2141 beati

363 2186 658 2241 Clementis
683 2186 896 2250 detulit,
942 2185 1129 2239 dicens
1164 2204 1176 2238 :
1223 2182 1381 2239 Hunc
1430 2184 1763 2238 Clementem
1797 2184 1933 2237 sedi-

365 2282 520 2337 tiosis
549 2279 887 2335 clamoribus
913 2277 1147 2347 populus
1193 2293 1302 2332 non
1340 2285 1520 2331 cessat
1568 2291 1846 2346 quazrere;
1879 2286 1933 2331 et

365 2376 471 2430 ﬁde
499 2373 663 2443 digna
702 2371 954 2442 probatio
1002 2370 1266 2425 adversus
1315 2369 1464 2424 illius
1509 2378 1657 2439 gesta
1698 2367 1930 2423 inveniri

363 2485 470 2523 non
498 2476 694 2538 potest.
747 2464 903 2520 Tunc
960 2453 1233 2534 Traianus
1294 2464 1587 2533 imperator
1626 2464 1927 2532 rescripsit,

361 2571 612 2632 oportere
645 2574 768 2613 eum
796 2558 879 2613 vel
906 2558 1217 2612 consentire
1243 2555 1628 2625 sacriﬁcando,
1657 2566 1753 2615 aut
1786 2557 1928 2615 ultra

360 2670 511 2710 mare
559 2664 615 2711 ct
660 2653 895 2709 Pontum
939 2654 993 2707 in
1039 2654 1311 2709 desertum
1369 2653 1633 2709 Chersoni
1672 2655 1927 2725 adjaccns

358 2748 616 2819 oppidum
644 2747 892 2819 relegari.

428 2904 571 2959 XIX.
625 2905 873 2975 Cumque
909 2919 972 2958 ex
1025 2904 1246 2974 Trajani
1285 2906 1443 2975 jussu
1483 2920 1570 2959 res
1604 2906 1923 2958 conﬁrmata

361 2999 484 3063 fuit,
515 2998 787 3068 cogitabat
827 2997 970 3067 apud
998 3012 1055 3051 se
1082 2996 1463 3063 Mamertinus,
1492 3011 1728 3065 quonam
1761 2997 1924 3051 modo

354 3091 609 3145 Clemens
637 3089 1006 3144 voluntarium
1035 3104 1145 3142 non
1176 3097 1381 3157 peteret
1404 3089 1679 3155 exsilium,
1708 3090 1801 3144 sed
1828 3105 1924 3157 po-

356 3184 464 3239 tius
492 3182 597 3238 diis
654 3179 913 3234 libamina
962 3179 1260 3234 exhiberet.
1318 3179 1519 3235 Verum
1573 3180 1765 3234 beatus
1800 3179 1923 3233 Cle-

356 3294 509 3332 mens
533 3275 891 3332 contendebat
920 3283 978 3328 ut
1022 3274 1194 3343 ipsius
1223 3288 1443 3343 quoque
1463 3273 1657 3343 iudicis
1674 3274 1915 3327 animum
1944 3284 1990 3347 ρ

352 3368 419 3423 ad
449 3366 607 3421 ﬁdem
631 3364 833 3419 Christi
878 3364 1188 3425 adduceret.
1243 3364 1467 3433 ipseque
1494 3364 1827 3430 ostenderet,
1859 3380 1917 3420 sc

352 3460 553 3531 eligere
588 3458 839 3514 exsilium
868 3459 1063 3527 magis,
1091 3472 1256 3527 quam
1312 3456 1523 3511 timere.
1553 3455 1783 3510 Tantam
1816 3456 1916 3509 ita-

350 3568 457 3624 que
485 3552 715 3622 gratiam
767 3550 1031 3604 Dominus
1078 3549 1344 3604 Clementi
1399 3549 1650 3619 pr:ebuit,
1700 3558 1759 3603 ut
1804 3548 1916 3603 Ma-

352 3645 621 3700 mertinus
645 3640 934 3712 praefectus
962 3641 1190 3711 lugeret,
1212 3658 1276 3697 ac
1316 3642 1521 3696 diceret
1551 3660 1564 3694 :
1593 3640 1736 3695 Deus
1753 3656 1912 3709 quem

350 3746 405 3790 tu
436 3735 648 3791 sincere
672 3735 828 3799 colis,
876 3732 990 3801 ipse
1029 3733 1125 3786 tibi
1154 3748 1309 3802 opem
1344 3732 1481 3786 feret
1509 3732 1562 3784 in
1586 3732 1689 3786 hoc
1732 3732 1911 3785 exsilii

344 3829 554 3899 judicio
583 3848 595 3882 :
620 3836 673 3882 et
690 3826 976 3882 constituit
998 3841 1211 3893 navem,
1236 3826 1560 3896 cunctisque
1586 3825 1914 3880 necessariis

349 3922 637 3992 impositis,
662 3920 887 3976 dimisit.
936 3917 1168 3972 Onerata
1206 3928 1385 3973 autem
1418 3928 1501 3974 est
1543 3920 1716 3973 navis.
1743 3917 1913 3985 Quin-

347 4019 511 4071 etiam
542 4032 572 4071 c
611 4016 814 4085 populo
872 4014 1124 4069 homines
1164 4012 1404 4084 religiosi
1426 4022 1480 4067 et
1504 4013 1723 4081 quidem
1756 4011 1910 4066 multi

345 4108 517 4163 secuti
546 4115 675 4163 sunt
702 4122 847 4161 eum.

414 4345 534 4400 XX.
567 4344 668 4399 Ubi
694 4352 873 4399 autem
906 4355 1262 4415 pervenerunt
1295 4348 1361 4401 ad
1413 4347 1587 4401 exsilii
1613 4348 1817 4410 locum,
1854 4348 1906 4401 in

343 4456 506 4511 opere
549 4440 790 4495 caedendi
838 4440 1153 4505 marmoris,
1205 4441 1348 4495 ultra
1408 4442 1518 4497 duo
1548 4442 1715 4497 millia
1747 4442 1906 4497 Chri-

343 4534 646 4588 stianorum
680 4532 791 4586 illic
849 4532 1222 4602 invenit,jam
1258 4532 1352 4586 ditt
1394 4533 1585 4603 judicil
1640 4535 1904 4589 sententia

438 2000 622 2055 XVIII.
656 1999 811 2053 Tunc
851 1998 1080 2054 Publius
1133 1996 1545 2068 Tarquitianus,
1591 1996 1757 2051 missa
1793 1994 1925 2049 rela-

2104 1983 2289 2040 XVIII.
2321 1986 2472 2055 ὶΤότε
2528 1985 2789 2049 Ποὺδλιος
2836 1987 2865 2038 6
2911 1985 3309 2056 Ταρκουτιανὸς
3360 1984 3427 2048 ⁸⁸,
3470 1984 3615 2036 ἀπο-

2037 2073 2248 2137 στείλας
2294 2076 2573 2148 ἀναφορὰν
2617 2075 2869 2147 Τραϊανῷ
2913 2074 2992 2145 τῷ
3042 2075 3419 2145 αὐτοκράτορι,
3471 2075 3610 2143 ἀνή-

2033 2180 2169 2232 γαγε
2200 2166 2326 2237 περὶ
2353 2167 2447 2220 τοῦ
2491 2167 2755 2238 ὀνόματος
2797 2167 2891 2220 τοῦ
2942 2166 3213 2242 μακαρίου
3265 2166 3608 2241 Κλήμεντος.

2034 2258 2287 2326 φάσκων·
2338 2256 2541 2311 Τοῦτον
2589 2259 2681 2312 τὸν
2731 2258 3024 2334 Κλήμεντα
3074 2261 3390 2316 στασιώδεσι
3432 2280 3612 2334 κραυ-

2031 2350 2154 2415 γαῖς
2204 2347 2381 2419 ζητῶν
2436 2349 2471 2405 ό
2504 2349 2687 2424 δῆμος
2732 2354 2793 2406 οὐ
2840 2353 3102 2407 παύεται·
3155 2355 3248 2407 καὶ
3295 2353 3613 2419 ἀξιόπιστος

2030 2439 2304 2507 ἀπόδειξις
2332 2441 2412 2507 εἰς
2458 2444 2527 2498 τά
2574 2446 2694 2498 κατ’
2742 2444 2903 2498 αὑτὸν
2944 2445 3233 2516 εὑρεθῆναι
3272 2447 3333 2499 οὐ
3362 2446 3608 2499 δύναται.

2029 2531 2072 2581 Τ
2076 2533 2339 2604 ηνικαῦτα
2370 2535 2639 2606 Τραϊανὸς
2680 2537 2709 2587 ό
2736 2536 3087 2606 αὐτοκράτωρ
3136 2536 3461 2608 ἀντέγραψε,
3488 2538 3611 2591 δέον

2032 2624 2193 2677 αὐτὸν
2239 2624 2271 2695 ἢ
2317 2629 2585 2679 συναινεῖν
2640 2625 2853 2691 θύοντα,
2909 2626 2941 2697 ἢ
2996 2626 3169 2696 πέραν
3192 2627 3290 2697 τῆς
3327 2628 3610 2699 θαλάσσης

2029 2717 2120 2767 καὶ
2147 2716 2241 2769 τοῦ
2290 2717 2492 2770 Πόντου
2522 2718 2579 2769 ἐν
2604 2717 2797 2789 ὲρήμῳ
2842 2719 3223 2790 παρακειμένῃ
3263 2721 3329 2789 τῇ
3352 2720 3606 2790 Χερσῶνι

2028 2808 2072 2837 ⁸³
2098 2808 2249 2860 πόλει
2278 2807 2622 2879 ἐξορισθῆναι
2647 2810 2712 2863 ⁸⁷.

2094 2897 2236 2951 XIX.
2291 2899 2400 2951 Καὶ
2454 2900 2615 2952 ὁπότε
2665 2900 2744 2971 τῷ
2799 2899 2893 2953 τοῦ
2939 2900 3208 2972 Τραϊανοῦ
3274 2901 3605 2971 κελεύσματι

2026 2989 2370 3061 ὲπεκυρώθη,
2407 2991 2802 3045 συνεσκέπτετο
2853 2993 2882 3044 ό
2924 2993 3270 3063 Μαμερτῖνος
3292 2993 3358 3055 ⁸⁸,
3384 2994 3537 3056 ὅπως
3572 2998 3603 3048 ό

2026 3081 2256 3152 Κλήμης
2310 3082 2559 3137 ἑκούσιον
2607 3082 2905 3153 ὑπερορίαν
2951 3085 3024 3155 μὴ
3083 3086 3405 3156 αἰτήσηται,
3464 3084 3606 3139 ἀλλά

2026 3171 2224 3241 μᾶλλον
2251 3176 2363 3237 τοῖς
2386 3173 2527 3238 θεοῖς
2554 3176 2786 3239 σπονδὰς
2829 3175 3115 3249 ὲμπαρέξῃ
3156 3177 3220 3229 ⁸⁸.
3272 3177 3413 3229 Ἀλλ’
3439 3179 3468 3230 ό
3497 3188 3615 3247 μα-’

2024 3262 2214 3334 κάριος
2261 3263 2493 3335 Κλήμης
2534 3265 2831 3335 ἠγωνίζετο
2876 3266 2970 3319 καὶ
3019 3265 3183 3319 αὐτοῦ
3219 3266 3313 3319 τοῦ
3340 3267 3601 3321 δικαστοῦ

2018 3353 2108 3406 τὸν
2132 3354 2388 3425 λογισμὸν
2440 3357 2521 3419 είς
2559 3358 2656 3429 τὴν
2692 3357 2872 3411 πίστιν
2933 3357 3027 3410 τοῦ
3066 3356 3301 3431 Χριστοῦ
3354 3368 3617 3427 μεταγα-’

2017 3448 2153 3513 γεῖν,
2182 3447 2273 3499 καὶ
2300 3446 2489 3499 ἑαυτὸν
2514 3428 2792 3512 ἀποδεῖξαι
2837 3428 3215 3520 προαιρεῖσθαι
3245 3448 3447 3519 μᾶλλον
3492 3452 3600 3520 τὴν

2019 3534 2336 3604 ὑπερορίαν,
2369 3535 2402 3606 ἢ
2451 3534 2802 3590 δεδίττεσθαι.
2830 3537 3111 3607 Τοσαύτην
3135 3537 3310 3590 τοίνυν
3337 3539 3365 3589 ό
3388 3538 3600 3607 Κύριος

2018 3625 2276 3696 χάριντῷ
2316 3625 2592 3696 Κλήμεντι
2640 3628 2964 3699 παρέσχετο,
3012 3628 3153 3701 ὥστε
3202 3628 3597 3698 κατοδύρεσθαι

2017 3718 2360 3787 Μαμερτῖνον
2385 3718 2476 3770 τὸν
2522 3717 2760 3789 ἔπαρχον
2808 3720 2876 3783 ⁷⁰,
2929 3719 3024 3772 καὶ
3064 3718 3272 3787 λέγειν·
3312 3719 3370 3772 'U
3392 3720 3526 3784 Θεὸς
3549 3715 3597 3789 ᾧ

2019 3808 2081 3859 σύ
2139 3808 2447 3879 εἰλικρινῶς
2500 3809 2802 3878 λατρεύεις,
2855 3810 3017 3874 αὐτός
3080 3828 3162 3864 σοι
3224 3811 3476 3883 βοηθήσει
3535 3814 3598 3865 ἐν

2018 3896 2185 3968 ταύτῃ
2210 3900 2392 3968 γραφῇ
2432 3898 2529 3968 τῆς
2587 3899 2909 3969 ὑπερορίας·
2964 3900 3057 3952 καὶ
3108 3899 3385 3971 ήφὼρισεν
3429 3900 3588 3966 ναῦν,

2016 3991 2109 4042 καὶ
2135 3989 2312 4043 πάντα
2353 3989 2422 4041 τά
2463 3991 2733 4057 ἀναγκαῖα
2782 3992 2825 4022 ⁷³
2867 3990 3161 4055 ἐπιϐαλὼν,
3221 3992 3488 4045 ἀπέλυσεν
3518 3996 3588 4048 ⁷⁸.

2028 4079 2337 4151 Ἐφορτώοη
2386 4080 2511 4151 δὲή
2559 4082 2709 4145 ναῦς.
2763 4083 2837 4135 Οὐ
2888 4083 2993 4153 μὴν
3045 4083 3182 4136 ἀλλά
3229 4083 3325 4138 καὶ
3380 4085 3444 4137 ὲκ
3488 4086 3592 4139 τοῦ

2014 4173 2143 4226 λαοῦ
2194 4172 2439 4236 εὐλαϐεῖς
2479 4173 2668 4243 ἀνδρες
2717 4174 2783 4238 ⁷³,
2837 4176 2930 4228 καὶ
2973 4175 3154 4228 πολλοὶ
3216 4175 3603 4247 ἠκολούθησαν

2012 4283 2177 4319 αυτ-ω.

2079 4356 2199 4411 XX.
2245 4356 2434 4410 Ἦνίκά
2460 4356 2517 4409 δὲ
2541 4356 2840 4411 κατέλαϐον
2864 4358 2911 4389 ⁷⁸
2956 4358 3047 4411 τὸν
3077 4358 3240 4412 τόπον
3265 4360 3364 4431 τῆς
3383 4361 3483 4413 ὑπε
3492 4378 3586 4432 ρο-

2013 4449 2152 4519 ρίας,
2179 4448 2236 4502 ὲν
2262 4451 2328 4519 τῇ
2374 4448 2607 4519 ἐργασίᾳ
2644 4448 2747 4518 τῆς
2793 4448 2901 4501 τῶν
2952 4450 3257 4521 μαρμάρων
3298 4450 3584 4522 λατομίας,

2011 4545 2324 4616 περαιτέρω
2345 4545 2437 4598 δύο
2468 4545 2718 4615 χιλιάδων
2753 4545 3111 4615 Χριστιανοὺς
3162 4544 3347 4598 αὐτόθι
3382 4546 3429 4576 ⁷⁸
3457 4561 3586 4597 κατ⁴

342 4623 851 4679 condemnatorum.
882 4623 986 4689 Qui
1021 4634 1269 4679 sanctum
1302 4633 1356 4679 et
1399 4625 1668 4680 celebrem
1692 4626 1903 4695 episco-

2033 4636 2202 4699 λάϐε,
2278 4634 2656 4707 μακροχρονίῳ
2707 4637 2889 4705 γραφῇ
2964 4634 3453 4698 καταδικασθέντας
3509 4637 3580 4689 ⁷⁸.

340 4732 468 4787 pum
515 4716 846 4770 Clementem
901 4716 1103 4783 intuiti,
1145 4733 1337 4771 onmes
1376 4720 1722 4773 concorditer
1752 4734 1900 4773 .cum

339 4802 541 4871 gemitu
566 4818 630 4856 ac
655 4802 779 4857 ﬁetu
807 4804 1150 4870 accedentes,
1202 4805 1460 4862 dixerunt
1487 4827 1499 4861 :
1532 4808 1640 4864 Ora
1678 4826 1778 4880 pro
1803 4826 1897 4867 no-

338 4896 444 4961 bis,
476 4905 663 4951 sancte
697 4897 938 4965 pontifex
961 4940 977 4966 ,
1009 4908 1069 4953 ut
1118 4899 1264 4969 digni
1316 4891 1613 4957 efﬁciamur
1661 4909 1898 4975 promis—

2004 4729 2232 4790 υἴτινες,
2284 4728 2588 4797 ἑωρακότες
2610 4726 2701 4779 τὸν
2726 4727 2879 4795 ἅγιον
2905 4726 2998 4778 καὶ
3023 4725 3260 4797 ἀοίδιμον
3286 4726 3587 4797 Κλήμεντά,

2004 4821 2047 4851 ⁷⁷
2075 4820 2391 4882 ἐπίσκοπον,
2422 4819 2660 4881 ἅπαντες
2682 4818 3021 4889 ὁμοθυμαδὸν
3048 4819 3128 4881 εἰς
3163 4820 3462 4891 στεναγμὸν
3484 4823 3585 4875 καὶ

2004 4908 2237 4978 όδυρμὸν
2261 4907 2308 4939 ⁷⁸
2333 4908 2722 4979 προσελθόντες
2761 4908 2942 4976 ἔλεγον
2965 4926 2977 4939 ’
3016 4903 3183 4973 Εὗξαι
3234 4908 3373 4979 ὑπὲρ
3398 4909 3579 4979 ἡμῶν,

1630 5045 1863 5102 VARle
1902 5050 2301 5106 LECTIONES.

404 5160 447 5189 ⁸⁷
498 5160 568 5211 al.
620 5158 678 5226 ἐξ
699 5159 852 5222 ἔθους
889 5162 1039 5231 ἡμῖν.
1076 5230 1081 5231 γ
1144 5162 1189 5192 ⁸³
1222 5163 1370 5214 deest
1423 5162 1475 5214 in
1508 5164 1579 5216 al.

334 5228 591 5310 ἔπαρχος.
632 5300 645 5310 Δ
699 5231 743 5309 δέ’
777 5228 1007 5310 dcestdn
1038 5230 1111 5283 al.

1678 5163 1723 5193 ⁶¹⁶
1765 5165 1817 5215 ’Λ
1828 5167 2043 5228 σίραλές.

2101 5184 2205 5221 ms.
2242 5167 2400 5241 2421
2461 5167 2676 5241 ἀφελές.
2717 5166 2855 5223 Cor.
2959 5172 3002 5202 ⁸⁸
3036 5170 3107 5225 aI.
3170 5171 3517 5241 Μαμερτῖνος
3549 5175 3579 5224 6

1202 5233 1243 5311 εἶς’
1286 5233 1505 5311 ibidem,
1539 5234 1829 5311 συνελθεῖν,
1868 5233 2081 5311 θύοντα,
2108 5240 2428 5311 ριοηὲρῄμῳ
2462 5233 2613 5290 πόλει
2648 5241 3026 5311 παρακειμένῃ
3049 5244 3116 5311 τῇ
3152 5233 3418 5311 Χερσιῖίνι.
3464 5233 3575 5295 Ita-

334 5298 457 5367 que
502 5298 553 5353 in
618 5299 769 5377 @‘ctis
810 5298 1037 5377 _I:atinis
1096 5299 1425 5377 praeferenda
1477 5312 1561 5377 est
1600 5304 1780 5365 lrctio,
1837 5308 1982 5377 ultra
2022 5324 2164 5359 mare
2194 5320 2241 5360 et
2272 5298 2534 5371 'P'ou'tum,
2561 5298 2944 5374 comm'uniori,
2975 5298 3120 5363 τίίιγῆ
3148 5298 3289 5363 mare
3316 5310 3574 5377 Pontum,

334 5384 433 5437 pro

331 5438 584 5516 abestab
620 5440 793 5516 altero
818 5454 920 5516 ms.
957 5438 1121 5516 εξιῑ)
1147 5440 1384 5516 jungunt
1426 5458 1549 5496 cum
1581 5458 1712 5497 voce
1736 5438 2149 5516 iépﬁptzncliallt
2200 5445 2609 5515 Melaphrastes,
2661 5446 3014 5516 Nicephorius,
3057 5460 3111 5504 et
3140 5449 3337 5504 Mena-:1
3380 5468 3393 5503 ε

330 5524 463 5580 yoce
527 5508 774 5580 Χερσῷνι
823 5510 961 5580 Acta,
1007 5507 1219 5571 Latina,
1252 5507 1454 5579 quique
1496 5530 1558 5566 ea
1602 5507 1921 5580 sequuntur"
1959 5514 2119 5579 Beda,
2152 5517 2290 5575 Ado,
2332 5507 2635 5571 Freenll'uS.
2669 5507 2799 5571 Imu.

330 5578 600 5654 Τραϊανοῦ
614 5578 901 5654 κέλευσμά
914 5651 934 5654 Η
950 5578 1294 5654 ἐπεκυρὼθη,
1336 5582 1646 5654 ἐσκέπτετο
1675 5578 1833 5653 Maps
1844 5588 2035 5654 ρτῖνος.

1177 5645 1373 5704 deSunl
1403 5654 1453 5703 in
1481 5653 1552 5704 aI.
1630 5653 1674 5683 ⁷³
1699 5645 1854 5706 άρὶξδί
1877 5655 1927 5705 in
1963 5645 2031 5707 al.
2110 5655 2153 5686 ⁷³
2192 5656 2261 5708 aI.
2304 5645 2583 5710 κατέλαϐὲῖ

328 5648 429 5716 τὴν
476 5648 662 5717 χρείαν
702 5650 987 5714 ἀναγκαῖα.
1066 5651 1107 5679 ⁷⁸

481 5385 591 5449 quo
633 5368 938 5449 Erecull‘us,
959 5378 1167 5449 “trans.
1190 5388 1333 5424 mare
1366 5371 1645 5425 Ponticum
1672 5414 1687 5437 ,
1716 5376 1968 5449 quamvis
2018 5377 2172 5449 aliter
2199 5377 2445 5449 yidcatur
2494 5368 2751 5449 Baron‘io.
2782 5368 2980 5433 Vocem
3014 5390 3193 5433 autem
3248 5379 3401 5433 πόλει
3425 5368 3576 5449 (qua;

3442 5468 3573 5505 (ῚΙΙΙΙ

2909 5521 2952 5550 ⁸⁸
2986 5521 3056 5573 al.
3098 5519 3157 5572 τὸ
3182 5518 3275 5572 τοῦ
3307 5519 3576 5588 βασιλέως

2140 5587 2182 5659 F9
2223 5587 2294 5659 al.
2351 5588 2613 5659 :p_ood§n.
2691 5588 2735 5659 ⁷ο
2777 5589 2847 5641 aI.
2891 5588 3152 5659 ὑπάρχον.
3231 5591 3272 5621 ⁷⁸
3309 5587 3387 5643 ξιΙ.
3430 5590 3575 5659 πρὸς

2525 5656 2592 5710 Se.
2688 5658 2732 5687 ⁷⁵
2766 5659 2835 5710 al.
2869 5656 3259 5728 εὑρεναύτόθι.
3365 5661 3409 5690 ⁷⁸
3448 5656 3557 5712 Μα-

332 5718 634 5801 κροχριίκίὶῳ
674 5721 855 5788 γραφῇ
904 5719 1423 5801 καταδικασθέντας,
1461 5722 2019 5801 ἓιίέι-μακροχρόνιοι-
2048 5723 2288 5801 σχῷντας
2311 5727 2433 5795 (sic)
2458 5728 2771 5801 ὑπερορίαν,
2800 5739 2854 5801 et
2885 5718 3045 5801 paulo
3071 5741 3210 5799 post,
3266 5730 3555 5801 παραγενὲ.

334 5788 457 5840 σθαι
480 5788 709 5853 ἠξίωσεν
765 5805 863 5859 pro
916 5790 1373 5863 ἀπεκατέστησεν.
1408 5790 1568 5867 Ian),
1610 5788 1653 5824 ⁷⁷
1702 5788 1856 5850 θουὲῖ
1893 5794 1948 5849 in
1972 5795 2043 5853 21.
2082 5788 2131 5828 ⁷⁸
2168 5788 2649 5868 μετᾶστέναγμῶν
2681 5788 2772 5852 καὶ
2809 5788 3073 5871 ὀδυρμῶν.
