3818 6216
204 304 319 362 829

1314 348 1317 351 η
1348 294 1761 352 MARTYRIUM
1801 294 1856 348 S.
1883 292 2281 348 CLEMENTIS.

3341 290 3443 343 (550

166 458 170 467 ι
202 418 324 475 δσιε
353 419 600 489 ἱερὰρχα,
642 419 729 472 ῖνα
754 420 893 487 ἄξιοι
937 419 1344 490 ἀποδειχθῶμεν
1380 419 1482 488 τῆς
1514 415 1670 489 παρὰ
1684 432 1744 468 το

1888 416 2044 470 sione
2065 414 2288 470 Christi.
2314 412 2461 479 Quos
2499 427 2622 467 cum
2684 411 3030 478 cognovisset
3083 408 3141 464 S.
3192 410 3444 467 Clemens

186 511 456 595 :tha‘t-oﬁ
483 512 834 581 ἐπαγγελίας.
892 512 1001 577 Οὓς
1032 513 1286 582 ἐγνωκὼς
1309 513 1354 544 ⁷⁸
1397 514 1426 565 6
1458 512 1611 579 ἅγιος
1637 510 1781 581 κλή-

203 596 329 678 μης
358 605 448 659 διὰ
511 604 607 658 τοῦ
653 604 789 658 Θεοῦ
855 604 902 636 ⁸ο
949 602 1424 675 ύπερορισθέντας,
1474 601 1613 672 ἔφη·
1667 600 1781 654 Οὐκ

181 680 568 772 ξάπροσφόρως
613 699 643 751 6
691 695 897 768 Κύριός
926 713 994 768 με
1033 695 1268 750 ἐνταῦθα
1314 691 1776 763 ἁπεκατέστησεν,

199 788 293 841 ῖνα
322 788 368 820 ⁸¹
400 787 743 859 συμμέτοχος
787 787 1077 857 γενόμενος
1101 784 1211 839 τῶν
1234 782 1572 855 παθημάτων
1601 783 1775 854 ὑμῶν,

194 877 284 930 ἔτι
343 877 685 950 παρηγορίας
735 876 1083 931 ὑποτύπωσιν
1133 876 1226 930 καὶ
1262 873 1539 946 ὑπομονῆς
1565 875 1777 945 ἐμπαρ-

195 969 329 1034 ἐξω.

268 1059 416 1113 XXI.
450 1060 662 1132 Ἐμαθε
696 1061 755 1114 δὲ
796 1061 926 1133 παρ’
953 1059 1160 1125 αὐτῶν,
1207 1060 1290 1113 ὅτι
1340 1058 1449 1113 ἀπὸ
1496 1057 1554 1125 ἐξ
1586 1057 1774 1128 μιλίων

1890 516 2110 577 propter
2140 505 2309 559 Deum
2346 504 2517 559 fuisse
2572 505 2908 574 deportatos,
2961 502 3075 557 ait:
3112 500 3228 556 Non
3257 503 3353 557 abs
3384 519 3443 558 re

1882 597 2146 653 Dominus
2176 613 2261 651 me
2284 597 2390 651 huc
2418 596 2704 665 perduxit;
2737 604 2795 650 ut
2824 594 3101 664 particeps
3128 592 3305 648 factus
3328 608 3444 663 per-

1880 690 2198 761 pessionum
2249 698 2577 750 vestrarum,
2632 688 2795 742 etiam
2831 685 3226 742 consolationis
3261 694 3315 740 et
3347 701 3443 755 pa-

1880 782 2081 837 tientiae
2109 780 2420 850 exemplum
2455 779 2773 850 praeberem.

1945 1041 2086 1098 XXI.
2113 1042 2310 1098 Didicit
2332 1052 2511 1098 autem
2538 1044 2605 1097 ab
2627 1043 2727 1111 eis,
2748 1044 2891 1114 quod
2915 1043 2981 1099 de
3005 1052 3158 1099 sexto
3183 1042 3439 1098 milliario

186 1148 257 1201 τὸ
285 1149 429 1221 ὕδωρ
453 1151 547 1203 ἐπὶ
579 1150 689 1204 τῶν
730 1150 875 1204 ἰδίων
910 1149 1075 1221 ῶμων
1113 1149 1387 1220 ἐκόμιζον.
1423 1149 1631 1203 Αὐτίκα
1681 1144 1740 1202 οὗ

1875 1151 2074 1205 aquam
2108 1136 2224 1191 suis
2256 1136 2497 1190 humeris
2533 1136 2903 1204 deportarent.
2963 1135 3267 1190 Confestim
3308 1150 3439 1205 ergo

187 1242 220 1293 6
261 1241 419 1309 ἅγιος
472 1242 705 1313 Κλήμης
732 1241 1104 1313 προετρέψατο
1123 1241 1337 1305 αὐτοὺς,
1360 1240 1533 1308 λέγων
1551 1256 1565 1269 ·
1594 1238 1745 1302 Εὐξώ

1872 1232 2095 1276 sanctus
2126 1222 2376 1277 Clemens
2408 1223 2726 1278 cohortatus
2750 1232 2834 1278 est
2862 1225 3004 1290 illos,
3040 1224 3227 1279 dicens
3253 1243 3266 1277 :
3297 1222 3438 1278 Orc-

191 1329 337 1399 μεθα
359 1331 453 1383 τὸν
476 1331 521 1362 ⁸³
563 1311 970 1401 Κύριονίήμῶν
1009 1329 1215 1402 Ἰησοῦν
1254 1329 1506 1402 Χριστὸν,
1536 1330 1623 1383 ἵνα
1661 1332 1744 1382 τοῖ

1872 1328 1998 1367 mus
2020 1311 2311 1368 Dominum
2348 1323 2596 1368 nostrum
2651 1313 2836 1369 Jesum
2895 1314 3196 1381 Christum,
3222 1324 3286 1369 ut
3313 1316 3437 1371 ﬁdei

184 1418 552 1489 όμολογηταῖς
619 1421 720 1491 τῆς
788 1419 953 1473 αὐτοῦ
1020 1404 1258 1482 πίστεως
1338 1419 1508 1490 νομὴν
1584 1418 1742 1471 ὓδατο

1872 1420 1986 1459 sua:
2022 1403 2434 1460 confessorihus
2481 1421 2675 1460 venam
2725 1422 2883 1476 aquae
2930 1408 3172 1477 aperiat;
3230 1416 3285 1462 et
3341 1408 3434 1475 qui

184 1510 453 1583 διανοίξῃ·
481 1514 575 1566 καὶ
605 1515 634 1566 6
659 1513 904 1578 πατάξας
924 1512 1021 1584 τὴν
1044 1512 1248 1583 πέτραν
1285 1510 1343 1565 ἐν
1381 1514 1452 1581 τῇ
1495 1508 1542 1541 ⁸³
1581 1511 1745 1580 ὲρήμρ

1868 1498 2138 1567 percussit
2168 1508 2377 1567 petram
2408 1498 2463 1551 in
2487 1499 2700 1554 deserto
2726 1498 2889 1566 Sinze,
2913 1508 2967 1553 et
2985 1498 3257 1557 ﬂuxerunt
3281 1515 3438 1569 aqua:

182 1599 284 1651 τοῦ
328 1601 480 1667 Σινᾶ,
519 1604 615 1655 καὶ
657 1602 932 1675 ἐρρύησαν
980 1601 1146 1656 ὕδατα
1188 1602 1268 1665 είς
1309 1598 1640 1672 πλησμονὴν,
1671 1599 1745 1651 αύι

1867 1589 1924 1643 in
1983 1589 2368 1645 abundantiam
2404 1603 2453 1658 α,
2500 1590 2617 1661 ipse
2675 1590 2832 1645 nobis
2884 1591 3167 1659 copiosum
3219 1591 3435 1645 laticem

182 1690 280 1754 τὸς
307 1693 441 1763 ἡμῖν
466 1693 527 1747 τὸ
573 1694 803 1763 ἄφθονον
850 1697 998 1765 νᾶμα
1020 1694 1314 1765 παράσχοι,
1341 1693 1488 1755 ὅπως
1514 1693 1580 1761 τῇ
1603 1688 1745 1743 αὐτοὶ

1865 1679 2142 1748 praebeat,
2193 1697 2304 1750 quo
2344 1682 2518 1751 ipsius
2568 1682 3004 1752 suppeditatione
3046 1683 3312 1737 laetemur.
3368 1682 3436 1740 Et

181 1784 423 1854 χορηγίᾳ
461 1784 869 1857 εὐφρανθῶμεν.
926 1786 1036 1841 Καὶ
1062 1785 1126 1856 δὴ
1168 1784 1267 1855 τῆς
1316 1782 1524 1847 ἱκεσίας
1548 1782 1745 1853 πληρω

1862 1787 1990 1827 vero
2039 1774 2301 1842 completa
2351 1775 2765 1845 supplicatione,
2812 1774 2941 1829 hinc
2995 1774 3254 1844 illincque
3314 1776 3428 1830 cir-

180 1873 394 1943 θείσ-ης,
434 1874 585 1928 ἐνθεν
630 1876 884 1931 κάκεῖθεν
922 1874 1343 1948 περιεϐλέψατοο
1409 1873 1503 1927 καὶ
1555 1869 1693 1927 εἶδεν
1716 1874 1745 1906 ⁸¹

1867 1864 2204 1934 cumspexit;
2239 1874 2293 1920 ct
2314 1866 2445 1921 vidit
2468 1882 2668 1937 agnum
2722 1875 2982 1931 stantem,
3012 1866 3107 1935 qui
3148 1866 3431 1921 dexterum

177 1966 355 2035 ἀμνὸν
386 1966 675 2038 ἱστάμενον
715 1968 784 2032 ⁸⁵,
828 1968 888 2032 ὃς
930 1968 1023 2021 τὸν
1057 1965 1229 2034 δεξιὸν
1261 1966 1399 2020 πόδα
1450 1965 1745 2035 ἐκούφισεν.

1866 1956 2058 2026 pedem
2106 1957 2323 2025 levavit,
2379 1968 2641 2029 tanquam
2678 1966 2869 2013 sancto
2930 1956 3197 2012 Clementi
3252 1959 3431 2013 locum

177 2053 269 2111 οἶα
290 2057 385 2111 τὸν
411 2059 576 2113 τόπον
603 2059 680 2131 τῷ
720 2060 861 2132 ἁγίῳ
903 2060 1178 2131 Κλήμεντι
1214 2058 1549 2122 ὑποδεικνύς.
1577 2058 1709 2111 Τότε
1732 2062 1745 2112 t'

1865 2048 2177 2103 ostendens.
2216 2048 2371 2105 Tunc
2418 2049 2476 2104 S.
2533 2050 2788 2105 Clemens
2834 2058 3095 2119 reputans
3136 2048 3429 2104 Dominum

176 2147 338 2214 ἅγιος
371 2147 623 2220 Κλήμης,
677 2149 970 2220 συννοήσας
1020 2148 1066 2180 ⁸⁸
1104 2148 1195 2202 τὸν
1243 2147 1449 2219 Κύριον
1479 2142 1653 2212 εἶναι,
1698 2147 1745 2201 ὂη

1862 2156 1982 2196 osse
2002 2181 2017 2205 ,
2049 2158 2211 2213 quem
2242 2144 2395 2199 solus
2418 2145 2535 2214 ipse
2560 2144 2867 2212 conspexit,
2895 2151 2950 2198 et
2980 2142 3166 2197 nullus
3198 2143 3429 2197 omnino

178 2239 345 2309 μόνος
372 2240 535 2303 αὐτὸς
567 2240 790 2293 τεθέατο
822 2241 867 2273 ⁸⁷
916 2241 1011 2295 καὶ
1045 2240 1231 2312 ἕτερος
1260 2239 1536 2303 παντελῶς
1561 2240 1745 2304 οὐδεὶς,

1860 2233 2034 2301 alius;
2088 2235 2153 2289 ad
2184 2236 2365 2290 locum
2393 2235 2671 2306 profectus
2697 2244 2799 2303 est,
2830 2251 2896 2291 ac
2925 2235 3093 2290 dixit:
3128 2235 3183 2290 In
3207 2238 3429 2293 nomine

175 2329 454 2400 ἐπορεύθη
504 2330 642 2401 πρὸς
690 2330 783 2385 τὸν
820 2330 1006 2395 τόπον,
1049 2331 1144 2383 καὶ
1171 2325 1357 2383 εἶπεν
1424 2329 1512 2382 Ἐν
1536 2328 1745 2399 ὀνόματι

1858 2322 2036 2380 Patris
2058 2335 2113 2381 et
2155 2325 2279 2380 Filii
2308 2336 2362 2381 et
2410 2327 2649 2396 Spiritus
2694 2328 2891 2394 sancti,
2946 2329 3163 2397 pulsate
3216 2322 3271 2383 in
3322 2330 3430 2384 hoc

171 2420 271 2474 τοῦ
296 2419 511 2492 Πατρὸς
550 2421 647 2476 καὶ
681 2420 777 2476 τοῦ
816 2420 944 2476 Υἱοῡ
970 2421 1062 2476 καῖ
1104 2416 1198 2475 τοῦ
1243 2417 1407 2490 ἁγίου
1438 2416 1745 2491 liminares

1857 2414 1999 2474 loco.
2031 2417 2281 2491 Cumque
2308 2434 2498 2476 omnes
2523 2420 2796 2490 ligonibus
2831 2419 2886 2473 in
2917 2421 3105 2475 orbem
3140 2420 3427 2487 fodissent,

173 2512 450 2584 κρούσατε
503 2515 559 2567 ἐν
582 2513 660 2584 τῷ
683 2514 833 2585 τόπῳ
873 2513 1067 2585 τούτῳ.
1097 2513 1209 2567 Καὶ
1253 2510 1440 2582 ἐπειδὴ
1470 2511 1670 2573 πάντες
1697 2511 1745 2562 ἐκ

1857 2526 1968 2566 non
2022 2520 2205 2568 autem
2257 2514 2439 2569 locum
2491 2512 2670 2585 ipsum
2704 2512 2759 2567 in
2801 2528 2910 2582 quo
2949 2527 3122 2583 agnus
3171 2521 3424 2580 steterat;

173 2604 364 2675 κύκλῳ
386 2606 499 2667 τοῖς
538 2605 852 2668 σκαπανίοις
880 2604 1143 2674 ἕσκαψαν,
1194 2603 1289 2656 καὶ
1333 2603 1434 2656 οὐκ
1479 2602 1638 2655 αὐτὸν
1664 2601 1745 2656 τὸν

1856 2613 2079 2662 sanctus
2131 2617 2357 2678 accepto
2387 2623 2555 2677 parvo
2581 2606 2822 2675 sarculo,
2853 2606 3039 2662 locum
3057 2606 3151 2677 qui
3177 2616 3293 2662 erat
3321 2608 3425 2663 sub

170 2698 340 2749 τόπον
368 2698 426 2751 ἐν
454 2690 497 2764 ᾧ
523 2698 552 2749 6
586 2697 758 2767 ἀμνὸς
805 2696 956 2768 ἔστη,
1011 2694 1191 2749 λαϐὼν
1244 2694 1437 2766 μικρὸν
1487 2694 1745 2748 σκαλίδιον

1856 2698 1992 2764 pede
2020 2699 2147 2769 agni
2186 2700 2459 2769 percussit
2496 2700 2602 2754 levi
2640 2685 2788 2754 ictu:
2840 2699 2984 2753 unde
3034 2707 3256 2768 repente
3299 2697 3426 2753 fons

169 2792 200 2845 6
226 2791 401 2857 ἅγιος,
453 2788 674 2860 ἐλαφρῷ
714 2788 1022 2860 κρούσματι
1043 2788 1091 2821 ⁸⁸
1114 2788 1207 2842 τὸν
1234 2787 1397 2840 τόπον
1424 2786 1514 2841 τὸν
1538 2787 1641 2840 ὑπὸ
1663 2786 1745 2841 τὸν

1856 2787 2007 2847 venis
2028 2789 2461 2843 redundantibus
2478 2789 2878 2858 pulcherrimus
2896 2787 3119 2843 emersit
3140 2805 3154 2853 ;
3180 2786 3275 2858 qui
3298 2803 3423 2842 cum

172 2880 312 2933 πόδα
344 2880 438 2934 τοῦ
469 2880 662 2951 ἀμνοῦ,
714 2880 904 2951 ἔτυψεν
934 2881 983 2913 ⁸9
1004 2898 1018 2910 ’
1070 2880 1191 2934 ὅθεν
1219 2878 1561 2951 παραχρῆμα
1600 2880 1745 2951 πηγὴ

1856 2881 2057 2950 impetu
2088 2881 2292 2935 effusus
2321 2880 2503 2935 effecit
2531 2879 2777 2933 ﬂuvium.
2807 2878 2960 2934 Tunc
3002 2886 3230 2933 sanctus
3287 2894 3424 2933 cun-

169 2966 603 3038 ύπερϐλυούσαις
621 2970 666 3002 ⁹⁰
684 2971 802 3032 ταῖς
829 2969 1019 3043 φλεψὶν
1044 2952 1459 3040 εύῖξρεπεστάτη
1488 2968 1748 3038 ἀνεφάνη·

1853 2971 1956 3027 ctis
1987 2972 2410 3036 exsultantibus,
2483 2970 2901 3038 responsorium
2945 2970 3121 3025 dixit:
3153 2968 3422 3023 Fluminis

169 3063 315 3131 ἥτις,
380 3064 480 3117 σὺν
549 3066 693 3135 ὁρμῇ
745 3064 1069 3135 ἐκχυθεῖσα,
1138 3064 1379 3135 ποταμὸν
1427 3063 1739 3117 ἀπετέλεσε.

1856 3065 2070 3133 impetus
2093 3064 2369 3133 lwtiﬁcant
2396 3063 2666 3121 civitatem
2689 3061 2785 3114 Dei
2812 3062 2864 3112 ι).

167 3156 488 3225 Τηνικαῢτα
556 3158 585 3211 ό
635 3157 789 3236 ἅγιος
841 3157 1058 3213 πάντων
1108 3158 1547 3228 ἀγαλλιωμένων,
1612 3159 1658 3190 ³⁸
1708 3158 2105 3213 ὑπακουστικὺν
2151 3155 2304 3212 εἴπεο
2360 3158 2468 3212 Τοῦ
2525 3154 2791 3224 ποταμοῦ
2834 3153 2906 3208 τὰ
2968 3152 3273 3224 ὀρμῆματα
3322 3157 3423 3210 εὐ-

165 3248 493 3316 φραίνουσι
514 3247 628 3317 τὴν
653 3250 834 3304 πόλιν
872 3249 975 3303 τοῦ
1002 3251 1169 3306 Θεοῦ.

239 3362 408 3418 XXII.
484 3363 585 3418 Διά
626 3364 829 3436 ταύτην
868 3360 960 3419 οὖν
1000 3366 1101 3436 τὴν
1141 3366 1328 3437 φήμην
1351 3406 1365 3430 ,
1400 3367 1745 3439 προσέδραμε

170 3452 322 3504 πᾶσα
366 3453 399 3522 ή
442 3452 710 3524 ἐπαρχίαν
748 3454 844 3507 καὶ
881 3455 930 3506 οἱ
969 3453 1289 3524 ἐληλυθότες
1321 3454 1560 3519 ἅπαντες
1608 3455 1746 3527 πρὸς

165 3539 511 3612 τὴνῐδιδαχήν
549 3540 644 3594 τοῦ
664 3541 821 3609 ἁγίου
852 3542 1165 3613 Κλήμεντος
1196 3544 1614 3616 ἐπιστρέφοντες
1628 3545 1744 3585 ⁹²-⁹³

167 3628 306 3699 πρὸς
338 3629 427 3682 τὸν
448 3629 650 3702 Κύριον
670 3648 684 3661 ·
711 3630 852 3711 (ἕστε
881 3631 1003 3686 καθ’
1037 3632 1250 3704 ἡμέραν
1278 3636 1622 3688 πεντακόσιοι
1650 3636 1744 3689 καὶ

167 3721 476 3793 περαιτέρω
510 3722 893 3794 βαπτιζόμενοι
926 3724 1253 3797 ἀνεχώρουν.
1294 3727 1475 3791 Ἐντὸς
1520 3728 1579 3781 δὲ
1624 3729 1743 3793 ἐνὸς

167 3811 342 3876 ἔτους,
365 3812 648 3881 γεγόνασιν
674 3814 852 3868 ἐκεῖσε
879 3817 1029 3885 παρὰ
1055 3816 1163 3871 τῶν
1192 3818 1399 3871 πιστῶν
1424 3819 1746 3891 ἑϐδομηκον-

164 3903 395 3956 ταπέντε
440 3904 757 3975 ἐκκλησίαι,
793 3909 889 3960 καὶ
924 3909 1099 3962 πάντα
1132 3908 1202 3961 τὰ
1246 3908 1440 3963 εἴδωλα
1474 3910 1740 3983 κατεθρύ-

166 3992 340 4062 ϐησαν
362 4034 376 4057 ,
405 3993 607 4058 πάντες
638 3997 687 4049 οἱ
711 3998 828 4050 ναοὶ
854 3998 955 4068 τῆς
1004 3997 1311 4071 περιχώρου
1339 4000 1738 4074 καθῃρέθησαν,

166 4084 345 4138 πάντα
368 4083 440 4137 τὰ
467 4085 605 4156 ἄλση
639 4087 734 4139 ἐπὶ¹
764 4089 1051 4159 τριακόσια
1080 4090 1234 4161 μίλια
1265 4091 1440 4145 διόλου
1465 4094 1522 4147 ἐν
1558 4092 1740 4165 κύκλῳ

165 4174 553 4245 κατεκόπησαν
577 4177 671 4230 καὶ
697 4179 1176 4251 κατεστρώθησαν.

233 4285 425 4340 XXIII.
467 4288 783 4358 Τηνικαῦτα
803 4290 851 4322 ³⁸
882 4291 1172 4363 ἐπίφθονον
1213 4294 1452 4367 διήγημα
1485 4297 1739 4369 διέδραμε

164 4378 299 4449 πρὸς
320 4378 409 4431 τὸν
436 4378 656 4448 βασιλέα
674 4382 956 4451 Τραϊανὸν,
981 4383 1057 4447 ὡς
1072 4384 1258 4438 αὐτόθι
1282 4388 1417 4458 πρὸς
1437 4388 1739 4461 ἀναρίθμη-

163 4486 252 4520 τον
293 4468 498 4539 πλῆθος
534 4471 563 4521 6
595 4470 702 4522 τῶν
742 4472 1078 4541 Χριστιανῶν
1113 4474 1394 4546 ἐπηυξήθη
1438 4476 1597 4539 λαόςο
1641 4480 1734 4532 καὶ

1920 3360 2085 3416 XXII.
2146 3360 2230 3417 Ob
2298 3361 2440 3417 hanc
2488 3357 2657 3431 igitur
2700 3355 2934 3425 famam,
2978 3360 3258 3414 concurrit
3304 3368 3418 3414 tota

1846 3455 2153 3523 provincia;
2203 3458 2407 3525 quique
2436 3452 2731 3509 veniebant
2772 3452 2839 3506 ad
2888 3452 2945 3506 S.
2989 3452 3282 3508 Clementis
3318 3454 3417 3508 do-

1844 3543 2076 3597 ctrinam
2103 3559 2295 3600 omnes
2323 3543 2783 3600 convertebantur
2805 3543 2871 3596 ad
2903 3541 3192 3596 Dominum
3220 3560 3235 3609 ;
3278 3543 3416 3597 adeo

1846 3646 1903 3691 ut
1941 3637 2186 3705 quotidie
2215 3638 2493 3708 quingenti
2534 3649 2588 3693 et
2622 3635 2858 3703 amplius
2889 3634 3203 3688 recederent
3231 3633 3416 3703 bapti-

1844 3729 1971 3782 zati.
2006 3730 2153 3784 Intra
2195 3746 2363 3784 unum
2395 3738 2575 3785 autem
2606 3742 2813 3785 annum
2839 3767 2854 3787 .
2894 3724 3050 3781 facta:
3088 3734 3218 3781 sunt
3244 3726 3353 3779 illic
3382 3741 3414 3779 a

1843 3818 2093 3875 ﬁdelibus
2121 3820 2461 3890 septuaginta
2509 3822 2755 3891 quinque
2803 3816 3045 3871 ecclesia:
3071 3858 3086 3882 ,
3129 3825 3182 3871 et
3227 3817 3411 3870 omnia

1844 3910 1985 3964 idola
2013 3909 2291 3966 confracta
2322 3920 2489 3978 sunt,
2529 3913 2712 3966 omnia
2743 3908 2941 3965 temola
2971 3907 3413 3978 circumjacentis

1842 4000 2081 4071 regionis
2105 4001 2283 4055 diruta
2312 4011 2462 4069 sunt,
2498 4018 2689 4060 omnes
2722 3998 2830 4062 luci
2875 4015 3047 4067 usque
3076 3999 3140 4052 ad
3168 4008 3411 4059 trecenta

1840 4092 2095 4146 milliaria
2118 4092 2173 4147 in
2213 4092 2444 4149 circuitu
2473 4094 2677 4150 concisi
2709 4104 2836 4151 sunt
2862 4099 2919 4151 et
2942 4090 3057 4150 5010
3082 4092 3301 4161 aequali.

1907 4289 2099 4346 XXIII.
2142 4290 2297 4349 Tunc
2346 4292 2612 4352 invidiosa
2652 4296 2892 4351 narratio
2930 4296 3177 4367 pervenit
3203 4290 3272 4351 ad
3300 4290 3414 4355 im-

1838 4391 2143 4453 peratorem
2174 4382 2470 4454 Trajanum
2496 4424 2512 4451 ,
2549 4386 2697 4454 quod
2720 4386 2830 4442 illic
2855 4387 2922 4441 ad
2950 4388 3405 4444 innumerabilem

1838 4474 2241 4529 multitudinem
2289 4476 2558 4531 adauctus
2600 4486 2745 4533 esset
2782 4479 3016 4548 populus
3062 4480 3405 4534 Christiano-

165 4560 441 4631 ἀπεστάλη
458 4560 503 4591 ”
524 4561 851 4630 Αὐφιδιανὺς
881 4565 908 4616 6
945 4562 1166 4634 ἡγεμών
1186 4580 1200 4595 ο
1228 4545 1410 4631 ὅστις,
1446 4567 1734 4634 πλείστους

1856 4582 1981 4620 ὐιη.
2009 4566 2077 4621 Ει
2113 4567 2319 4622 missus
2347 4576 2431 4622 est
2460 4545 3007 4638 Auﬁdianusprzeses
3033 4586 3046 4621 :
3077 4570 3171 4639 qui
3201 4571 3403 4625 multos

162 4652 268 4706 τῶν
304 4652 643 4722 Χριστιανῶν
677 4652 952 4724 διαφόροις
991 4653 1246 4723 βασάνοις
1275 4656 1480 4711 ἀνελὼν
1506 4659 1572 4725 ⁸⁸,
1591 4660 1731 4732 ὁρῶν

162 4758 219 4794 τε
235 4742 280 4773 ’⁷
316 4742 441 4804 τοὺς
465 4743 672 4805 πάντας
696 4742 774 4814 τῷ
810 4744 1093 4817 μαρτυρίῳ
1130 4747 1267 4817 μετὰ
1298 4751 1471 4821 χαρᾶς
1496 4767 1732 4823 προσερ-

163 4831 422 4902 χομένους
443 4872 457 4895 ,
484 4832 875 4905 παρεχώρησεν
897 4835 975 4907 τῷ
999 4835 1189 4907 πλήθει
1211 4878 1226 4903 ,
1266 4840 1425 4909 μόνον
1460 4840 1551 4895 τὸν
1576 4843 1732 4911 ἆγιον

162 4926 455 4995 Κλήμεντα
495 4927 587 4979 ἐπὶ
623 4926 685 4978 τὸ
725 4925 872 4981 θύειν
894 4930 939 4961 ⁹⁸
976 4930 1314 5003 βιαζόμενος.
1365 4935 1476 4988 Καὶ
1515 4935 1731 5006 βλέπων

162 5014 330 5077 οὕτως
357 5014 636 5085 ἱδρυμένον
672 5017 729 5069 ἐν
759 5018 947 5090 Κυρίῳ
966 5061 981 5085 ,
1010 5025 1103 5076 καὶ
1122 5024 1168 5056 ’9
1204 5024 1265 5077 τὸ
1306 5025 1533 5080 καθόλου
1570 5046 1735 5099 μετα-

162 5106 377 5174 τεθῆναι
403 5106 506 5179 ούχ
524 5105 634 5161 οἷόν
656 5125 717 5161 τε
731 5109 819 5173 ¹⁰⁰,
841 5111 988 5179 λέγει
1011 5114 1028 5144 ¹
1049 5118 1161 5179 τοῖς
1188 5118 1339 5182 ἰδίοις
1358 5136 1374 5149 ·
1406 5119 1735 5193 Ἀπαχθήτω

228 5232 257 5262 ι
281 5219 454 5275 Exod.
484 5236 620 5275 xvn.
696 5221 725 5261 δ
756 5220 902 5278 Psal.
924 5241 1048 5291 ην,
1112 5228 1168 5284 5.

1836 4658 2183 4714 Christianos
2209 4659 2440 4717 diversis
2474 4661 2753 4730 suppliciis
2783 4676 2907 4716 cum
2952 4662 3280 4729 occidisset,
3315 4662 3401 4715 vi-

1833 4749 2094 4821 deretque
2136 4767 2328 4807 omnes
2367 4752 2434 4806 ad
2479 4752 2800 4822 martyrium
2850 4768 2973 4807 cum
3018 4754 3216 4823 gaudio
3244 4768 3402 4808 acce-

1833 4842 1961 4899 dere
1984 4884 1998 4908 ,
2039 4843 2205 4898 cessit
2242 4841 2614 4908 multitudini,
2648 4843 2822 4897 solum
2861 4853 3113 4903 sanctum
3145 4843 3400 4900 Clemcnu

1833 4947 1941 4992 tem
2000 4951 2201 5007 cogens
2254 4935 2322 4990 ad
2381 4934 2822 4991 sacriﬁcandum.
2888 4934 2955 4989 Et
3010 4936 3200 4992 videns
3262 4937 3398 4994 adeo

1832 5028 2081 5085 stabilem
2121 5029 2174 5083 in
2210 5028 2462 5093 Domino,
2492 5043 2594 5082 nec
2624 5028 2850 5081 omnino
2879 5044 3041 5097 posse
3069 5044 3100 5083 a
3128 5032 3396 5086 sententia

1830 5120 2135 5188 dimoveri,
2165 5120 2305 5175 dixit
2346 5120 2413 5175 ad
2460 5134 2590 5175 suos
2630 5134 2643 5169 :
2684 5117 3003 5179 Abducatur
3052 5121 3109 5174 in
3159 5121 3396 5177 medium

1463 5337 1697 5393 VARIIE
1728 5336 2127 5394 LECTIONES.

240 5469 286 5503 ⁷⁹
327 5468 400 5524 al.
462 5470 742 5543 ἑωρακώς.
818 5474 863 5505 ⁸⁰
904 5474 977 5530 al.
1012 5474 1104 5527 τὸν
1141 5474 1291 5527 Θεὸν.
1358 5473 1401 5505 ⁸¹
1439 5473 1510 5527 al.
1565 5472 1677 5525 ἁλλ’
1739 5472 1843 5524 ἵνα.
1946 5472 1990 5503 ⁸³
2020 5472 2089 5524 al.
2158 5472 2294 5543 πρὸς
2368 5472 2477 5524 τόν.

243 5540 586 5611 διχὲστῶτα.
695 5544 741 5575 ⁸⁸
775 5543 846 5597 al.
886 5546 1159 5611 ἐννοήσας.
1256 5544 1300 5575 ⁸⁷
1340 5544 1410 5596 al.
1453 5543 1730 5595 ἐθεάσατο.
1802 5543 1847 5573 ⁸⁸
1887 5542 2047 5603 idem,
2086 5545 2372 5611 κρούματι.
2413 5544 2490 5596 Co

1887 5559 2047 5603 luem,
2086 5559 2372 5609 κρουματι.
2413 5559 2550 5597 υοτ.

159 5538 202 5614 ξ’
243 5538 586 5614 οΙᾏὲσμτῶτα.
695 5544 741 5575 ⁸⁸
775 5543 846 5597 al.
886 5546 1159 5614 ἐννοήσας.
1256 5544 1300 5575 ⁸⁷
1340 5544 1410 5596 al.
1453 5543 1730 5595 ἐθεάσατο.

158 5608 664 5682 ὕπερδλυξούίσαις..
719 5614 762 5645 ⁹¹
798 5615 951 5669 deest
979 5608 1037 5668 iri
1063 5617 1131 5667 al.
1173 5616 1219 5646 θ’
1246 5614 1291 5646 ⁹³
1320 5614 1391 5668 al.
1433 5614 1784 5682 ἐπέστρεφον.

158 5681 381 5735 ἀνεῖλεν.
459 5681 505 5716 ⁹⁷
544 5682 615 5738 al.
649 5681 725 5737 δέ.
802 5684 848 5717 ³⁸
885 5685 955 5740 al.
997 5684 1253 5739 ἐπιθύειν.
1335 5686 1378 5717 99
1421 5686 1570 5740 dccst
1607 5681 1660 5738 in
1689 5684 1757 5740 al.

2586 5474 2750 5547 “al.
2822 5478 2914 5547 γῇ.
3044 5477 3089 5508 ει
3127 5477 3199 5530 al.
3264 5476 3387 5547 ῖδεν.

2646 5546 2689 5577 ⁸⁸
2729 5548 2798 5601 al.
2840 5546 3123 5616 ἔκρουσεν.
3231 5546 3277 5577 ⁹⁰
3315 5547 3385 5597 al.

1863 5614 1909 5687 ‘3‘
2046 5609 2210 5687 inser.
2254 5609 2364 5687 οὖν.
2441 5615 2485 5645 ’³⁵
2521 5615 2591 5668 al.
2625 5616 2786 5669 inser.
2817 5609 2942 5687 παρ’
2967 5615 3148 5668 αὐτοῦ.
3223 5617 3268 5647 ⁸⁸
3314 5617 3385 5667 al.

1843 5683 1909 5715 ¹⁰⁰
1950 5683 2018 5737 al.
2067 5683 2139 5753 μὴ
2171 5682 2507 5753 βουλόμενον.
2592 5687 2605 5716 ι
2648 5684 2774 5742 Vide
2809 5705 2863 5742 ιι.
2899 5682 2953 5755 3,
2978 5687 3219 5757 proxime
3268 5700 3383 5752 seq.

1946 5472 1990 5503 ⁸³
2020 5472 2089 5524 al.
2158 5472 2294 5543 πρὸς
2368 5472 2477 5524 τόν.
