3818 6216
414 352 524 411 6⁸55
1516 350 1861 407 APPENDIX
1895 351 1959 407 Al

2140 351 2584 411 CLEMENTEM.
3580 361 3694 419 656

410 473 541 528 sede
581 485 877 528 successor
900 471 1113 529 ﬁdelis:
1147 470 1446 528 Clementis
1470 470 1621 528 illius
1652 472 1813 542 cujus
1852 471 1959 526 huc

2114 472 2471 546 τωτηριώδεις
2496 472 2721 545 διδαχάς
2748 474 2844 528 καὶ
2873 474 3083 545 σιγῶσα
3115 476 3215 549 βοᾷ
3248 477 3510 547 γεγονότα
3539 481 3685 521 ‘3."-

411 579 586 635 usque
642 563 934 619 universus
974 563 1127 618 orbis
1169 562 1439 618 salutares
1483 560 1659 618 fuisse
1703 560 1955 617 doctrina

2114 561 2411 632 (λήμεντος
2462 564 2557 617 τοῦ
2620 564 2855 636 ἀληθοῦς
2922 566 3195 638 κλήματος
3262 568 3362 639 τῆς
3430 569 3691 640 ἀμπέλου

405 656 492 711 vel
516 664 704 711 tacens
726 655 928 711 clamat
954 674 967 710 :
992 655 1308 720 Clementis,
1331 654 1427 725 qui
1452 654 1578 710 vitis
1598 653 1803 709 Christi
1826 669 1956 710 veru

2114 654 2351 725 ἱριστοῦ,
2384 654 2453 708 δι’
2486 650 2550 710 οὑ
2574 657 2711 727 ἡμῖν
2741 659 2770 711 ό
2797 656 2897 729 τῆς
2935 656 3288 722 διδασκαλίας
3314 658 3512 730 βότρυς
3542 677 3687 732 περ·

404 749 615 804 exstitit
646 749 873 819 palmes,
913 764 1009 818 per
1035 763 1198 819 quem
1228 748 1389 803 nobis
1418 747 1686 804 doctrinae
1721 764 1830 803 uva
1863 764 1985 803 ma-

408 852 727 908 turescens,
773 842 994 912 pietatis
1050 852 1106 896 et
1157 841 1353 897 salutis
1406 851 1651 896 mustum
1705 841 1981 897 stillavit:

401 934 723 1001 Clementis,
760 951 903 989 vera:
927 935 1112 1002 scalm,
1145 950 1269 1007 qua:
1296 950 1403 989 non
1444 934 1513 989 ad
1560 934 1716 989 collis
1744 933 1984 1004 alicujus

402 1026 746 1083 altitudinem
773 1043 873 1083 nos
896 1027 1099 1093 evehit,
1124 1029 1218 1083 sed
1240 1028 1506 1082 virtutum
1537 1027 1979 1093 ascensionibus,

402 1125 664 1190 tanquam
714 1118 973 1189 gradibus
1021 1118 1386 1189 quibusdam,
1425 1119 1491 1173 ad
1525 1118 1725 1174 caelum
1773 1128 1828 1173 et
1870 1134 1983 1174 em—

400 1209 557 1263 lestia
602 1224 704 1264 nos
734 1208 978 1264 traducit
1010 1226 1023 1262 :
1055 1210 1238 1277 scalae,
1273 1224 1396 1280 qua:
1438 1209 1528 1262 illa
1557 1224 1587 1263 a
1627 1206 1835 1263 Iacobo
1865 1208 1981 1264 visa

400 1315 748 1371 nequaquam
779 1299 1008 1355 inferior
1049 1310 1135 1356 est
1166 1312 1230 1368 ις
1275 1316 1375 1356 nec
1403 1300 1645 1355 ostendit
1676 1300 1836 1355 nobis
1875 1315 1978 1354 an-

397 1392 548 1462 gelos
572 1408 666 1463 per
688 1408 808 1447 eam
836 1393 1197 1449 ascendentes
1214 1409 1280 1449 ac
1300 1393 1697 1449 descendentes
1714 1435 1729 1459 ,
1757 1392 1852 1447 sed
1880 1392 1979 1447 ho-

398 1484 605 1537 minum
627 1485 841 1539 animas
860 1483 1061 1538 divinis
1082 1484 1319 1537 maxime
1332 1480 1978 1546 admonitionibus,velut

392 1592 424 1630 e
454 1577 713 1645 gradibus
748 1576 801 1630 in
827 1576 1029 1647 gradus
1052 1590 1150 1646 per
1180 1577 1413 1629 virtutes
1444 1574 1512 1629 ad
1544 1572 1715 1627 Deum
1741 1572 1970 1627 inducit.

465 1664 551 1721 ΙΙΙ.
593 1666 765 1736 Cujus
795 1666 1017 1737 quidem
1050 1666 1383 1720 miraculum
1416 1682 1545 1720 cum
1576 1680 1686 1719 non
1717 1665 1975 1719 didiceri-

2088 744 2283 811 κάσας,
2313 746 2545 815 γλεῦκος
2587 749 2869 813 εὑσεὸείας
2894 749 2991 804 καὶ
3033 750 3309 823 σωτηρίας
3345 750 3685 819 ἐστάλαξεν·

2087 838 2424 909 Κλήμεντος,
2454 840 2557 910 τῆς
2578 840 2814 912 ἀληθοῦς
2842 840 3131 913 κλίμακος,
3158 842 3258 914 τῆς
3284 842 3346 895 οὑ
3372 844 3513 917 πρὸς
3539 842 3687 913 γεώ-

2085 929 2249 1000 λοφόν
2287 947 2341 983 τι
2371 929 2504 999 ὑψος
2549 931 3006 1003 έπαναγαγούσης
3050 933 3216 1003 ἡμᾶς,
3247 931 3384 987 ἀλλά
3419 936 3542 997 ταῖς
3567 934 3686 988 τῶν

2084 1022 2296 1093 ἀρετῶν
2327 1021 2680 1089 ἀναϐάσεσιν,
2713 1022 2902 1096 ῶσπερ
2930 1024 3040 1078 τισὶ
3066 1023 3311 1095 βαθμῖσι,
3343 1025 3480 1097 πρὸς
3508 1026 3685 1098 οὑρα-

2083 1115 2172 1169 νόν
2193 1131 2252 1167 τε
2274 1116 2368 1169 καὶ
2388 1114 2459 1167 τά
2481 1117 2711 1187 οὐράνια
2730 1118 2877 1187 ἡμᾶς
2900 1116 3322 1188 διαόιὸαζούσης
3340 1133 3355 1147 ο
3381 1116 3681 1189 κλίμακος,

2086 1206 2182 1259 καὶ
2226 1207 2326 1278 τῆς
2382 1207 2579 1261 Ἰακὼϐ
2624 1208 2917 1281 ὁραθείσης
2967 1207 3124 1260 οὑδὲν
3167 1206 3524 1278 ἀποδεοὺσης,
3574 1209 3683 1261 οὑκ

2080 1297 2347 1367 ἀγγέλους
2377 1297 2443 1351 δι’
2466 1298 2639 1369 αὑτῆς
2669 1299 2920 1361 ἀνιόντας
2949 1299 3044 1352 καὶ
3073 1298 3360 1362 κατιόντας
3395 1301 3530 1369 ἡμῖν
3566 1298 3685 1351 δει-

2080 1389 2374 1460 κνυούσης,
2425 1388 2563 1443 ἀλλά
2613 1388 2920 1461 ἀνθρώπων
2965 1388 3145 1460 ψυχὰς
3191 1392 3314 1453 ταῖς
3362 1388 3681 1455 θειοτάταις

2080 1479 2489 1549 παραινέσεσιν,
2521 1479 2598 1543 ὡς
2628 1481 2693 1533 ὲκ
2723 1478 2948 1551 βαθμῶν
2981 1480 3062 1543 είς
3086 1478 3330 1552 βαθμοὺς
3356 1480 3424 1534 δι’
3452 1480 3681 1552 ἀρετῶν

2074 1570 2154 1641 τῷ
2184 1571 2305 1642 Θεῷ
2331 1571 2810 1643 συνεισφερούσης.

2148 1665 2239 1718 lli.
2266 1663 2489 1727 υὺτινος
2510 1664 2576 1735 δὴ
2604 1664 2664 1716 τὸ
2687 1663 2875 1735 θαῦμα
2901 1662 2978 1736 μὴ
3005 1662 3285 1735 μαθόντες,
3312 1656 3357 1716 ὦ
3378 1663 3676 1718 κάλλιπον

394 1755 484 1820 tis,
515 1771 549 1809 ο
593 1756 966 1825 pulcherrime
1012 1766 1066 1811 et
1110 1755 1429 1812 ﬁdelissime
1457 1764 1657 1822 coetus,
1704 1754 1867 1826 quale
1902 1755 1959 1811 sil

2114 1756 2171 1809 al.
2217 1755 2538 1809 πιστότατον
2589 1754 2894 1827 ἄθροισμα,
2939 1755 3038 1809 καὶ
3081 1750 3191 1808 οἶόν
3238 1756 3357 1807 ἐστι
3399 1757 3495 1809 καὶ
3543 1755 3676 1809 ὅσον

391 1856 446 1901 et
471 1857 738 1918 quantum
762 1848 975 1915 audire,
1004 1856 1267 1919 tanquam
1298 1848 1514 1919 pietatis
1541 1856 1810 1915 amantes,
1835 1863 1959 1903 con-

2114 1846 2392 1918 κηκοέναι,
2414 1847 2491 1910 ὡς
2513 1846 2871 1917 φιλευσεὸεῖς,
2897 1845 3252 1916 ἀγωνίζεσθε,
3277 1846 3373 1900 καὶ
3396 1862 3675 1917 προσκιρ-

391 1942 617 2010 tendite,
648 1950 703 1997 et
744 1942 811 1997 ad
844 1957 1151 1997 sermonem
1192 1942 1482 2007 exsultate,
1513 1957 1578 1997 ac
1613 1957 1777 1997 aures
1814 1941 1973 1996 incli-

389 2042 539 2099 nate,
569 2042 732 2103 atque
767 2042 1009 2089 nostram
1060 2044 1319 2089 accusate
1359 2033 1670 2089 tarditatem
1710 2052 1725 2089 :
1767 2034 1970 2090 etenim

387 2127 456 2183 de
498 2127 603 2182 hoc
648 2126 860 2199 gaudeo
912 2141 925 2176 :
980 2135 1216 2192 tantum,
1268 2140 1444 2195 usque
1490 2125 1558 2179 ad
1599 2124 1760 2179 ﬁnem
1809 2125 1968 2193 mihi,

387 2230 597 2285 quasso,
649 2216 731 2271 sic
771 2224 1041 2270 attentum
1084 2224 1299 2270 servate
1346 2216 1616 2281 animum,
1648 2231 1749 2270 nec
1774 2216 1969 2272 sinatis

386 2310 635 2379 aliquam‘
694 2309 860 2379 hujus
923 2308 1048 2363 vita:
1096 2324 1283 2363 rerum
1338 2308 1730 2380 cegitationem
1782 2309 1969 2364 subire

385 2411 624 2456 mentem
669 2410 930 2469 vestram,
974 2411 1028 2457 et
1064 2400 1401 2455 alacritatem
1448 2400 1695 2455 emollire
1726 2415 1742 2453 :
1772 2416 1963 2456 verum

384 2492 630 2563 vigilanti
664 2490 939 2547 intellectu
971 2507 1035 2547 ac
1067 2506 1233 2547 sensu
1264 2506 1379 2545 rem
1413 2492 1646 2547 ﬁdeliter
1680 2491 1962 2562 suscipite.

382 2582 460 2639 lta
483 2594 664 2639 autem
690 2584 872 2639 habet.

454 2675 545 2731 IV.
581 2676 881 2746 Postquam
916 2678 1213 2746 praeclarus
1249 2687 1303 2734 et
1326 2680 1681 2736 beatissimus
1708 2678 1962 2738 Clemens

381 2769 649 2825 doctrina:
676 2780 841 2840 atque
871 2771 1215 2839 apostolatus
1251 2788 1476 2829 cursum
1514 2774 1854 2845 perfecisset,
1897 2791 1963 2832 ac

381 2881 413 2921 e
439 2865 604 2920 rebus
626 2863 883 2918 humanis
910 2880 1005 2933 per
1030 2866 1279 2937 martyrii
1302 2867 1839 2923 consummationem
1864 2885 1962 2924 ex—

380 2956 675 3021 cessisset;
700 2955 842 3010 sicut
869 2965 924 3009 et
956 2955 1093 3009 liber
1119 2957 1341 3026 gloriosi
1366 2959 1486 3028 ejus
1512 2961 1760 3033 martyrii
1779 2962 1961 3018 deela-

380 3051 486 3109 rat,
518 3057 682 3112 quem
712 3057 744 3097 a
769 3041 928 3096 vobis
966 3058 1076 3098 non
1110 3043 1351 3114 ignorari
1380 3062 1707 3116 persuasum
1739 3050 1915 3107 habeo
1941 3071 1955 3121 ;

2072 1942 2201 1993 τᾶτε
2236 1938 2331 1993 τοῦ
2367 1939 2548 2009 λόγου,
2580 1942 2676 1993 καὶ
2704 1940 2805 2012 τὴν
2851 1939 3023 2010 ἀκοὴν
3052 1939 3393 2004 ὑποκλίνετε,
3441 1939 3541 1993 καὶ
3570 1938 3673 2009 τῆς

2075 2032 2405 2105 βραδυτῆτος
2435 2034 2591 2105 ήμῶν
2619 2031 3078 2105 καταμέμφεσθε’
3110 2033 3289 2104 χαίρω
3330 2032 3376 2085 δ’
3418 2026 3516 2085 οῦν
3542 2031 3672 2086 τού-

2070 2136 2165 2173 του
2213 2119 2407 2204 ἕνεκα·
2464 2121 2643 2192 μόνον,
2695 2121 2858 2193 μέχρι
2906 2121 3095 2185 τέλους
3147 2138 3277 2193 μοι,
3328 2121 3667 2194 παρακαλῶ,

2069 2212 2243 2277 οὑτως
2276 2213 2680 2285 συντεταμένην
2710 2216 2989 2285 τηρήσατε
3022 2214 3123 2285 τὴν
3153 2214 3416 2279 διάνοιαν,
3448 2214 3547 2268 καὶ
3586 2214 3664 2286 μή

2067 2321 2190 2357 τινα
2243 2304 2495 2375 βιωτικδν
2528 2305 2788 2377 λογισμὸν
2832 2305 2911 2377 τῷ
2954 2306 3031 2377 νῷ
3086 2306 3243 2378 ὑμῶν
3290 2305 3662 2371 ὑπεισελθεῖν,

2068 2398 2165 2452 καὶ
2204 2399 2265 2451 τὸ
2292 2398 2570 2471 πρόθυμον
2600 2398 2877 2470 χαυνῶσαι
2908 2400 3141 2471 ἐάσητε’
3176 2397 3292 2452 ἀλλ’
3330 2397 3664 2469 ἐγρηγορότι

2066 2490 2312 2563 λογισμῴ
2358 2491 2455 2544 καὶ
2500 2492 2807 2562 φρονήματι
2840 2490 3001 2544 τοῦτο
3042 2491 3252 2554 πιστῶς
3296 2489 3657 2557 ὑποδέξασθε.

2068 2588 2255 2641 Ἔστιν
2292 2586 2349 2639 δὲ
2378 2585 2569 2649 οὕτως.

2133 2679 2224 2734 ιν.
2274 2678 2382 2733 Τοῦ
2426 2679 2672 2751 ἀοιδίμου
2722 2678 2815 2732 καὶ
2862 2677 3282 2749 μακαριωτάτου
3332 2675 3660 2747 Κλήμεντος

2061 2774 2152 2829 τὸν
2174 2775 2272 2846 τῆς
2294 2774 2639 2836 διδασκαλίας
2665 2774 2759 2827 καὶ⁵
2789 2771 3091 2842 ἀποστολῆς
3115 2771 3311 2842 δρόμον
3334 2770 3659 2824 ἐκτελέσαν-

2061 2885 2171 2931 τος,
2199 2867 2293 2921 καὶ
2318 2868 2427 2920 τῶν
2452 2867 2579 2937 τῇδε
2605 2864 2693 2919 διά
2715 2865 2814 2935 τῆς
2851 2863 2948 2917 τοῦ
2992 2864 3293 2936 μαρτυρίου
3318 2862 3657 2928 τελειώσεως

2066 2959 2608 3033 μετακεχωρηκότος’
2651 2958 2727 3021 ὡς
2750 2957 2844 3010 καὶ¹
2868 2958 2901 3027 ή
2930 2955 3025 3009 τοῦ
3070 2956 3283 3021 ἐνδόξου
3311 2954 3479 3008 αὑτοῦ
3512 2973 3661 3027 μαρ-

2060 3056 2247 3127 τυρίου
2290 3053 2469 3124 βίϐλος
2516 3052 2838 3123 δεδήλωκεν,
2886 3050 2953 3119 ἢν
2986 3049 3061 3121 μὴ
3099 3050 3312 3118 ἀγνοεῖν
3360 3049 3510 3119 ὑμᾶς
3555 3049 3660 3103 πέ-

378 3150 728 3205 nequaquam
779 3134 999 3205 justum
1032 3151 1155 3191 esse
1194 3138 1458 3207 judicavit
1511 3142 1811 3210 Dominus,
1863 3145 1955 3216 qui

2114 3164 2291 3219 εισμαι
2306 3163 2319 3175 ·
2346 3146 2407 3199 οὑ
2428 3144 2638 3197 δίκαιον
2663 3142 2924 3214 κέκρικεν
2948 3144 2976 3195 ὁ
3000 3140 3238 3206 δοξάζων
3259 3140 3385 3203 τοὺς
3407 3139 3660 3205 δοξάζον-

379 3226 748 3297 gloriﬁcantes
774 3226 953 3296 ipsum
982 3227 1251 3297 gloriﬁeat
1278 3229 1329 3296 δ,
1378 3232 1765 3290 non-vicissim
1795 3236 1960 3305 glori-

378 3316 543 3371 ticare
568 3316 721 3370 illum
746 3356 761 3380 ,
792 3316 888 3386 qui
918 3333 1019 3387 pro
1052 3334 1239 3373 amore
1285 3335 1415 3392 erga
1450 3339 1576 3378 eum
1604 3324 1685 3380 sic
1711 3326 1959 3381 decerta-

374 3418 565 3474 verat;
599 3408 709 3461 imo
742 3408 1035 3462 admodum
1064 3409 1369 3479 gloriﬁcare
1390 3422 1444 3467 et
1468 3429 1725 3484 magnum
1757 3415 1956 3485 facere,

373 3511 613 3565 eumque
656 3506 716 3551 ut
763 3496 815 3550 in
858 3496 999 3552 cwlo
1029 3500 1261 3569 angelis,
1302 3501 1375 3555 ita
1404 3502 1494 3558 hic
1525 3520 1746 3576 quoque
1777 3508 1958 3562 homi-

376 3587 541 3643 nibus
586 3588 956 3644 clarissimum
996 3592 1245 3661 reddere,
1283 3610 1380 3665 per
1417 3596 1810 3655 miraculorum
1856 3602 1956 3657 de-

375 3681 865 3748 monstrationem,
919 3691 973 3737 et
1010 3685 1249 3741 maxime
1279 3690 1645 3745 venerandum
1675 3693 1953 3749 :miracu-

374 3769 577 3836 lorum,
607 3786 842 3840 quorum
887 3772 1109 3842 quidem
1142 3790 1299 3831 mens
1338 3779 1776 3848 magnitudinem
1801 3797 1954 3837 com-

373 3862 711 3934 prehendere
766 3880 875 3917 non
924 3865 1105 3931 valet,
1154 3882 1258 3921 nec
1312 3871 1493 3924 oratio
1540 3871 1950 3930 multitudinem

371 3956 575 4023 dicere,
618 3972 718 4012 nec
746 3974 945 4013 manus
971 3975 1200 4015 exarare
1231 3960 1582 4019 inlinitatem.
1619 3963 1689 4019 Ut
1721 3981 1853 4034 ergo
1882 3982 1949 4022 ex

372 4049 585 4104 ﬁmbria
612 4067 873 4120 pannum,
898 4051 1057 4119 juxta
1085 4055 1456 4122 proverbium,
1488 4056 1628 4111 intra
1658 4074 1755 4113 vos
1785 4076 1947 4129 repu-

371 4149 517 4216 tctis,
549 4148 600 4202 id
627 4148 771 4219 quod
796 4149 1022 4218 promisi
1050 4149 1307 4203 narrabo.

442 4242 507 4296 ν.
535 4241 674 4297 Cum
696 4241 1044 4296 veneratione
1080 4242 1463 4313 dignissimum
1489 4259 1690 4313 corpus
1711 4244 1947 4300 sanctis-

369 4334 493 4390 simi
530 4333 788 4406 martyris
832 4332 1130 4388 Clcmentis
1182 4334 1236 4387 in
1285 4334 1621 4404 profundum
1666 4338 1839 4391 maris
1874 4337 1945 4392 ab

367 4428 551 4497 impiis
595 4427 702 4482 illis
744 4425 1054 4481 idololatris
1082 4425 1386 4495 projectum
1430 4426 1647 4496 fuisset,
1691 4430 1939 4502 illudque

2058 3258 2155 3304 τας
2178 3236 2339 3292 αὑτὸν
2367 3236 2591 3308 Κύριος,
2644 3234 2718 3306 μὴ
2767 3231 3115 3299 ἀντιδοξάσαι
3158 3233 3249 3287 τὸν
3290 3232 3466 3296 οὕτως
3508 3233 3659 3305 ὑπὲρ

2057 3334 2157 3404 τῆς
2181 3333 2261 3395 είς
2288 3330 2449 3384 αὑτὸν
2478 3330 2699 3399 ἀγάπης
2724 3326 3133 3398 ἀγωνισάμενον
3152 3343 3164 3355 ·
3200 3324 3336 3379 ἀλλά
3359 3324 3456 3379 καὶ
3480 3325 3657 3397 ὑπερ-

2057 3424 2276 3490 δοξάσαι
2303 3423 2397 3476 καὶ
2432 3420 2753 3492 μεγαλῦναι,
2790 3422 2882 3474 καὶ
2909 3420 2987 3483 ὡς
3010 3420 3069 3472 ἐν
3093 3417 3308 3489 οὐρανῷ
3334 3419 3449 3480 τοῖς
3476 3418 3655 3485 ἀγγέ-

2056 3517 2188 3581 λοις,
2232 3515 2375 3568 οῦτω
2422 3514 2702 3567 κάνταῦθα
2740 3517 2854 3577 τοῖς
2902 3510 3216 3585 ἀνθρώποις
3262 3508 3654 3581 λαμπρότατον

2056 3610 2217 3666 αὑτὸν
2242 3608 2601 3680 καταστῆσαι,
2632 3607 2721 3662 διά
2752 3608 2852 3679 τῆς
2879 3606 2991 3659 τῶν
3036 3603 3491 3676 θαυματουργιῶν
3520 3604 3651 3655 ὲπι-

2053 3703 2307 3771 δείξεως,
2358 3702 2454 3757 καλ¹
2502 3698 2966 3771 αίδεσιμώτατον·
3022 3694 3520 3768 θαυματουργιῶν,
3571 3687 3652 3746 ὧν

2053 3796 2177 3859 νοῦς
2208 3796 2307 3867 μὲν
2346 3794 2407 3847 τὸ
2452 3792 2685 3866 μέγεθος
2730 3790 2981 3861 ἐννοῆσαι
3024 3789 3226 3851 ἀτονεῖ,
3276 3786 3437 3855 λόγος
3478 3785 3537 3838 δὲ
3586 3784 3653 3838 τὸ

2053 3888 2254 3960 πλῆθος
2278 3888 2471 3951 εἰπεῖν,
2518 3886 2613 3939 καὶ
2649 3884 2772 3956 χεὶρ
2796 3880 3124 3953 διαχαράξαι
3153 3879 3219 3933 τὸ
3258 3878 3486 3950 ἄπειρον
3506 3893 3523 3907 ο
3554 3878 3651 3931 ἵνα

2050 3976 2143 4035 οῦν
2175 3981 2238 4033 ὲκ
2262 3977 2357 4032 τοῦ
2386 3976 2696 4050 κρασπέδου
2724 3973 2786 4028 τὸ
2811 3972 3038 4043 ῦφασμα
3075 3972 3122 4003 ’⁸
3155 3968 3293 4042 μετά
3316 3968 3417 4041 τὴν
3446 3984 3652 4039 παροι-

2053 4072 2183 4144 μίαν
2214 4068 2431 4141 γνοίητε
2460 4071 2518 4123 ὲν
2545 4068 2699 4137 ὑμῖν,
2729 4064 2758 4118 δ
2788 4064 2881 4119 καὶ
2907 4063 3225 4135 ὑπεσχόμην
3252 4060 3606 4133 διηγήσομαι.

2124 4249 2186 4304 V.
2212 4247 2319 4302 Τοῦ
2347 4244 2658 4301 πανσέπτου
2680 4240 2934 4311 λειψάνου
2961 4218 3057 4292 τοῦ
3089 4236 3345 4291 πανοσίου
3376 4236 3645 4309 ίερομάρ-

2046 4365 2209 4419 τυρος
2235 4345 2553 4415 Κλήμεντος
2594 4343 2651 4394 έν
2679 4338 2758 4409 τῷ
2781 4337 2881 4408 τῆς
2921 4335 3195 4404 θαλάσσης
3235 4332 3649 4405 ἀπορριφέντος

2050 4440 2195 4513 βυθῷ
2220 4438 2369 4511 παρά
2391 4436 2499 4489 τῶν
2524 4435 2698 4489 ἀθέων
2721 4431 2944 4485 ἐκείνων
2967 4427 3391 4499 είδωλολατρῶν,
3420 4427 3515 4481 καὶ⁵
3537 4426 3643 4480 τοῦ

361 4520 669 4590 excepisset
705 4519 966 4589 templum
993 4517 1047 4571 in
1075 4516 1347 4587 profundo
1380 4535 1409 4574 a
1446 4518 1554 4575 Deo
1584 4522 1937 4592 aediﬁcatum,

2133 4530 2280 4604 βυθῷ
2309 4528 2604 4600 θεοδμήτου
2648 4523 2778 4579 ναοῦ
2824 4522 2982 4575 τοῦτο
3030 4519 3454 4592 ὑποδεξαμένου,
3499 4518 3644 4573 θαυ-

364 4612 455 4667 hic
476 4626 695 4682 quoque
735 4611 1035 4664 maximum
1066 4609 1177 4664 edit
1213 4610 1543 4665 miraculum
1585 4611 1727 4668 Deus
1764 4615 1942 4669 admi-

360 4704 640 4758 rabilium.
681 4701 796 4757 lloc
825 4702 970 4758 enim
1005 4700 1172 4769 facto,
1204 4717 1330 4756 cum
1381 4702 1635 4774 discipuli
1680 4707 1800 4775 ejus
1833 4723 1941 4763 una

359 4812 487 4852 cum
522 4794 772 4851 ﬁdelibus
809 4794 904 4864 qui
937 4794 1049 4850 illic
1089 4802 1250 4848 erant
1291 4794 1748 4865 lamentarentur,
1781 4808 1836 4853 et
1881 4809 1942 4856 ut

357 4890 737 4947 sanctissimas
764 4887 1148 4960 gloriosissimi
1199 4887 1498 4944 Clementis
1545 4889 1810 4960 reliquias
1858 4893 1939 4949 eis

357 4982 696 5046 ostenderet,
745 4981 891 5050 quod
935 4989 991 5036 et
1036 4979 1240 5035 factum
1286 4990 1400 5045 est,
1440 4980 1609 5036 Deum
1658 4985 1932 5054 supplices

356 5081 648 5144 rogarent:
696 5070 947 5142 protinus
990 5072 1321 5127 immensum
1355 5073 1489 5129 illud
1523 5075 1752 5147 pelagus
1785 5077 1933 5132 desi-

2048 4627 2347 4700 ματουργεῖ
2377 4641 2430 4676 τι
2464 4621 2718 4694 μέγιστον
2763 4614 3041 4670 κάνταῦθα
3086 4614 3114 4665 ὁ
3158 4613 3268 4667 τῶν
3314 4613 3643 4684 θαυμασίων

2043 4721 2195 4784 Θεός.
2225 4717 2425 4772 Τούτου
2454 4714 2563 4786 γάρ
2593 4709 2896 4781 γεγονότος,
2924 4708 3019 4761 καὶ
3043 4707 3152 4761 τῶν
3182 4706 3440 4778 μαθητῶν
3462 4705 3639 4759 αὑτοῦ

2045 4815 2141 4869 σῦν
2168 4812 2275 4866 τῶν
2303 4812 2482 4863 ἐκεῖσε
2510 4804 2715 4859 πιστῶν
2743 4803 2787 4833 ἰ
2822 4800 3187 4872 ὀδυρομένων,
3226 4797 3395 4863 δεῖξαί
3420 4815 3479 4851 τε
3501 4798 3640 4851 τού-

2041 4922 2153 4967 τοις
2175 4902 2235 4956 τὸ
2264 4900 2517 4969 πανίερον
2541 4894 2789 4965 λείψανον
2815 4888 2908 4943 τοῦ
2940 4887 3264 4953 πανενδόξου
3288 4886 3635 4957 Κλήμεντος,

2041 4992 2070 5046 ὅ
2094 5009 2146 5045 τι
2176 4990 2268 5044 καὶ
2294 4988 2506 5057 γέγονε,
2538 4983 2675 5055 πρὸς
2717 4979 2853 5034 Θεὸν
2886 4977 3261 5040 ἱκετευόντων,
3293 4974 3543 5047 παρευθὺ
3571 4976 3640 5029 τὸ

2040 5082 2266 5153 ἄπειρον
2290 5080 2466 5131 ὲκεῖνο
2494 5076 2728 5143 πέλαγος
2766 5068 3117 5139 ὑπολοφῆσαν
3151 5069 3247 5122 καὶ
3275 5069 3356 5132 είς
3380 5068 3639 5122 τούπίσω

354 5176 507 5221 stens
530 5180 595 5220 ac
622 5166 990 5230 retrocedens,
1020 5165 1199 5221 eﬂ‘ecit
1226 5174 1286 5219 ut
1312 5166 1488 5235 ipsum
1515 5168 1678 5223 etiam
1706 5172 1935 5240 profun-

2114 5174 2387 5233 ιποδίσαν,
2431 5167 2697 5239 είσιτητὸν
2733 5164 2829 5219 καὶ
2877 5162 3039 5217 αὐτὸν
3077 5161 3168 5214 τὸν
3198 5161 3361 5233 βυθὸν
3387 5164 3499 5225 τοῖς
3539 5163 3638 5215 εὑι-

352 5258 485 5313 dum
525 5274 559 5313 a
594 5258 702 5328 piis
742 5259 883 5314 adiri
925 5267 1109 5329 posset
1150 5273 1327 5327 usque
1368 5259 1434 5313 ad
1477 5260 1584 5315 tria
1644 5262 1927 5322 milliaria.

353 5349 542 5421 Itaque
572 5351 826 5422 ingressi,
870 5351 1198 5406 invenerunt
1223 5351 1450 5406 domum
1493 5352 1547 5407 in
1578 5356 1750 5426 ﬁgura
1783 5367 1923 5413 tem—

424 5472 453 5503 ⁸
476 5461 611 5518 Gen.
643 5478 837 5531 xxvni,
868 5462 954 5517 l2.
1011 5462 1082 5518 ιἰ
1109 5461 1244 5532 Reg.
1270 5476 1333 5527 ll,
1358 5460 1448 5517 50.

2038 5269 2221 5322 σεϐέσι
2247 5264 2563 5335 πεποίηκεν,
2592 5261 2719 5333 ἀχρι
2753 5257 2944 5330 μιλίων
2969 5255 3156 5328 τριῶν.
3184 5256 3297 5309 Καὶ
3342 5253 3407 5326 δὴ
3445 5254 3634 5307 εἰσελ-

2038 5360 2221 5422 θόντες
2262 5352 2418 5428 εὖρον
2449 5357 2504 5409 ὲν
2549 5354 2787 5425 σχήματι
2834 5345 2965 5400 ναοῦ
2997 5344 3346 5417 μαρμαρίνου
3392 5345 3631 5417 οἴκημα,

1634 5536 1870 5592 VARle
1911 5537 2319 5595 LECTIONES.

425 5624 551 5665 ¹³ι¹⁹
583 5625 627 5699 ί.
662 5628 940 5699 γεγονέναι
968 5627 1052 5681 vel
1077 5626 1377 5696 γεγονυίας.
1421 5627 1465 5658 ¹⁰
1498 5626 1764 5699 Oratione
1806 5633 1873 5685 de
1908 5632 2169 5698 Gregorio
2203 5631 2613 5699 Tliaumaturgo
2646 5628 2944 5695 Gregorius
2984 5627 3290 5699 dNyssenus
3323 5623 3473 5681 circa
3506 5641 3631 5681 me-

346 5695 502 5777 diutn
531 5713 543 5747 :
581 5697 667 5759 Ὡς
701 5695 786 5777 ἀν,
818 5698 957 5753 κατὰ
990 5699 1088 5769 τὴν
1122 5698 1438 5777 παροιμίαν,
1466 5698 1583 5753 ὅλον
1613 5701 1743 5773 ἡμῖν
1771 5704 1992 5776 γένηται
2019 5695 2419 5775 καταφανὲςὲκ
2442 5701 2534 5758 τοῦ
2550 5695 2868 5773 ’κρασπέδου
2884 5700 2944 5753 τὸ
2978 5695 3223 5771 ὕφασμα.
3251 5695 3388 5753 (Ζοτ.
3434 5700 3477 5730 ³¹
3506 5700 3630 5766 τοῖς

352 5766 528 5818 ἐκεῖσε
558 5772 780 5831 πιστοῖς.
