3818 6216
125 340 225 396 657

663 342 970 400 EPIIRAIM
1008 342 1400 403 CHERSONIS
1436 345 1764 401 ARCHIEP.
1806 346 1891 402 DF
1918 345 2290 407 'MIRACULO
2317 350 2376 406 S.
2416 350 2821 410 CLEMENTIS.

3274 360 3379 416 638

112 464 220 517 καὶ
259 462 450 518 αὐτόθι
483 464 549 543 έν
573 464 720 537 σορῷ
744 464 921 541 λιθίνῃ
956 467 1016 520 τὸ
1058 468 1325 537 πανάγιον
1368 468 1462 523 καὶ
1489 466 1700 535 ἔνδοξον

1825 470 1879 524 ιιί
1913 471 2242 538 marmorei,
2286 479 2341 527 et
2367 470 2485 527 illic
2527 472 2583 526 in
2614 486 2781 543 capsa
2816 468 3031 541 lapidea
3074 470 3375 540 repositum

126 538 552 625 ἀποτεθειμένον
577 554 671 608 τοῦ
702 538 976 629 μάρτυρος
1005 556 1276 627 λείψανονέ
1304 551 1399 621 Οἷς
1426 554 1555 628 ἆραι
1583 557 1705 627 βου-

129 646 373 714 λομένοις
395 646 459 699 τὺ
488 647 756 715 πανάγιον
782 650 845 701 ὲκ
867 647 961 701 τοῦ
986 648 1152 719 βυθοῦ
1188 648 1455 719 λείψανον,
1492 648 1707 721 νύκτωρ

129 737 355 801 ἐπιστάς
381 738 597 803 τούτοις
617 740 646 791 6
674 740 846 809 ἅγιος,
886 740 1085 793 οὑτωσὶ
1106 739 1443 812 διηγόρευσε·
1488 740 1563 793 Τὸ
1610 740 1708 810 μὲν

131 829 379 899 λείψανον
418 826 551 903 ἆραι
579 833 652 904 μὴ
675 832 861 904 δόξητε
888 848 903 862 ⁸
928 833 1223 905 χαρίζομαι
1247 834 1305 887 δὲ
1347 834 1478 905 ὑμῖν
1504 833 1709 904 ταύτην

131 924 225 994 τὴν
248 924 430 994 χάριν,
458 926 524 978 ἶν’
551 926 762 997 ἑκάστῳ
780 926 955 998 χρόνῳ
978 929 1034 980 ἐν
1055 930 1121 998 τῇ
1147 928 1246 998 τῆς
1269 926 1408 997 ὲμῆς
1429 925 1709 997 ἀθλήσεως

133 1015 311 1087 ἡμέρᾳ
336 1004 431 1069 ἐπὶ
454 1017 597 1069 ἑπτὰ
618 1018 830 1089 ἡμέρας
853 1018 1151 1089 ὑποχωρῶν
1174 1019 1202 1070 6
1230 1018 1408 1088 βυθὸς,
1428 1017 1517 1071 διὰ
1538 1017 1710 1089 ξηρᾶς

136 1108 420 1174 πεζεύειν,
478 1110 672 1182 μέχρις
721 1104 825 1164 ὧδε
876 1109 1483 1182 παρασκευασθήσεται.
1514 1110 1624 1163 Kal.
1680 1111 1710 1164 6

136 1199 284 1269 λόγος
307 1201 471 1273 ἔργον
497 1204 729 1272 ἐγένετο.
765 1204 990 1256 Ἔκτοτε
1018 1201 1128 1272 γὰρ
1156 1202 1316 1273 μέχρι
1340 1202 1439 1272 τῆς
1472 1203 1710 1272 σήμερον

135 1294 343 1363 ἑκάστῳ
367 1294 554 1365 χρόνῳ
600 1292 661 1346 τὸ
700 1292 1010 1365 θαυμαστὸν
1046 1292 1204 1347 τοῦτο
1242 1293 1477 1345 τελεῖται
1520 1290 1712 1363 θεουρ-

134 1385 298 1454 τικῶς
329 1385 783 1458 μεγαλούργημα·

182 1474 290 1557 ῪΙ.
329 1475 395 1527 Τί
424 1474 587 1528 τοῦτο
626 1474 724 1528 τοῦ
753 1473 998 1539 Μωσέως
1043 1473 1319 1546 θαύματος
1346 1474 1707 1565 ἀτίμότεροη

134 1554 195 1617 Τί
217 1566 271 1619 δὲ
290 1565 387 1619 τοῦ
426 1566 731 1619 Ἐλισσαίου
755 1565 1068 1636 ἀδοξότερόν
1091 1583 1149 1619 τε
1174 1566 1267 1618 καὶ
1288 1554 1670 1637 ταπεῖνότερον
1692 1580 1708 1630 ;

134 1655 262 1707 πολύ
294 1656 393 1725 μὲν
418 1652 513 1709 οῦν
557 1674 622 1725 γε
652 1656 985 1727 ἐνδοξότερόν
1020 1673 1081 1709 τε
1126 1658 1220 1709 καὶ
1260 1655 1609 1727 ὑψηλότερον.
1653 1656 1711 1710 '0

137 1751 230 1822 μὲν
255 1749 364 1820 γὰρ
391 1749 577 1820 ῥάϐδῳ
604 1748 699 1802 καὶ
724 1748 831 1812 ζῶν
860 1750 952 1801 καὶ
975 1745 1120 1812 ἅπαξ
1145 1747 1244 1819 τὴν
1280 1747 1553 1801 θάλασσαν
1589 1747 1709 1801 δια-

1810 561 2069 633 martyris
2094 577 2294 633 corpus
2332 561 2748 619 sanctissimum
2778 570 2834 617 et
2862 560 3186 632 gloriosum.
3222 560 3378 627 Quod

1809 668 1936 707 cum
1962 669 1993 707 e
2018 653 2289 723 profundo
2312 656 2512 710 vellent
2535 654 2743 721 tollere,
2770 662 2936 709 noctu
2960 653 3073 707 illic
3096 668 3155 708 se
3176 653 3382 709 sistens

1811 755 2067 812 sanctus,
2098 746 2172 801 ita
2209 747 2407 803 edixit:
2442 749 2659 818 Corpus
2688 747 2910 816 quidem
2943 747 3115 803 nolite
3143 747 3331 802 tollere
3362 766 3375 801 :

1809 835 1953 891 hanc
1999 843 2180 890 autem
2226 836 2384 890 vobis
2424 836 2666 892 concedo
2717 833 2987 905 gratiam,
3038 842 3100 887 ut
3148 831 3379 902 singulis

1812 926 1971 981 annis
2009 927 2097 981 die
2124 926 2445 981 certaminis
2475 926 2579 981 mei
2611 941 2707 995 per
2735 933 2943 995 septem
2974 924 3092 980 dies
3120 923 3380 978 recedens

1809 1033 1983 1084 mare,
2013 1017 2265 1088 pedestre
2294 1016 2396 1072 iter
2441 1032 2538 1088 per
2562 1016 2773 1071 aridam
2806 1017 2873 1071 ad
2906 1016 3055 1070 hunc
3090 1030 3264 1084 usque
3294 1013 3381 1067 io-

1809 1125 1936 1167 cum
1974 1116 2261 1179 prazparet.
2294 1108 2362 1164 Et
2400 1123 2580 1164 sermo
2607 1122 2770 1177 opere
2797 1107 3097 1176 completus
3131 1106 3254 1159 t'uit.
3299 1104 3383 1159 Ab

1808 1218 1877 1259 eo
1914 1202 2186 1271 siquidem
2226 1210 2493 1272 tempore,
2542 1215 2718 1269 usque
2746 1200 2801 1253 in
2848 1199 3174 1254 hodiernum
3210 1197 3379 1263 diem,

1810 1293 2042 1364 singulis
2078 1292 2240 1348 annis
2283 1306 2543 1362 magnum
2583 1291 2689 1345 hoc
2732 1289 3057 1344 miraculum
3099 1288 3210 1344 Deo
3252 1303 3382 1359 ope-

1810 1398 1967 1440 rante
1990 1384 2291 1455 perﬁcitur.

1880 1473 1970 1530 Vl.
2028 1476 2172 1543 Quid
2238 1476 2385 1531 istud
2439 1476 2708 1531 miraculo
2766 1473 2935 1531 Mosis
2997 1473 3383 1529 inbonoratius

1810 1568 1926 1623 est?
1951 1566 2095 1634 Quid
2135 1583 2265 1624 vero
2290 1566 2455 1622 Elisei
2486 1566 2787 1637 ignobilius
2813 1577 2868 1623 et
2893 1565 3193 1621 humilius?
3222 1563 3385 1633 quin-

1812 1660 1924 1715 imo
1952 1659 2195 1716 nobilius
2216 1668 2271 1715 et
2302 1658 2490 1715 altius.
2518 1659 2611 1714 ille
2638 1659 2907 1730 siquidem
2926 1659 3101 1729 virga“,
3127 1666 3180 1712 et
3203 1657 3383 1720 vivus,

1812 1760 1867 1805 et
1890 1750 2078 1815 semel,
2110 1749 2249 1804 mari
2275 1751 2471 1816 scisso,
2502 1751 2769 1821 gurgitem
2798 1750 2902 1805 iter
2927 1749 3107 1805 eﬂ‘ecit
3129 1760 3154 1789 ει
3184 1767 3199 1801 :
3248 1748 3385 1801 alter

137 1843 337 1913 σχίσας,
365 1841 556 1912 τρίϐον
582 1842 673 1894 τὸν
703 1841 861 1911 βυθὸν
889 1842 1263 1911 ἀπειργάσατο
1283 1856 1297 1870 ·
1319 1843 1347 1894 6
1366 1841 1422 1893 δὲ
1450 1839 1712 1903 ὡσαύτως

1825 1858 1943 1898 vero
1968 1842 2222 1898 similiter
2248 1842 2450 1899 melote
2474 1841 2771 1898 Iordanem
2803 1858 3019 1906 secans,
3050 1841 3219 1896 semel
3250 1856 3388 1911 quo-

131 1936 193 2003 τῇ
241 1933 464 2004 μηλωτῇ
511 1932 602 1985 τὸν
655 1931 924 2003 Ἰορδάνην
972 1929 1176 2002 τεμὼν,
1224 1930 1371 1995 ἆπαξ
1417 1931 1512 1984 καὶ
1557 1924 1711 1993 οὗτος

132 2024 281 2077 τοῦτο
322 2022 915 2094 τεθαυματούργηκενο
946 2022 1027 2085 είς
1068 2020 1166 2092 τὴν
1212 2021 1487 2094 προτέραν
1529 2022 1709 2092 ἀμφο-

132 2115 296 2186 τέρων
335 2114 444 2169 τῶν
488 2115 717 2179 ὑδάτων,
756 2113 895 2186 μετὰ
919 2113 1015 2185 τὴν
1037 2112 1305 2177 διάϐασιν,
1336 2115 1497 2183 φύσιν
1541 2132 1710 2168 κατα-

140 2207 386 2270 στάντων,
418 2207 515 2260 κα¹ι
543 2206 739 2277 μηκέτι
767 2204 923 2258 τοῦτο
948 2204 1304 2276 πεπραχότων
1323 2221 1335 2234 '
1360 2199 1513 2267 οὗτος
1534 2203 1590 2257 δὲ
1614 2204 1666 2257 τί
1693 2221 1708 2270 ;

141 2299 269 2369 μετὰ
297 2299 549 2364 θάνατον,
576 2300 671 2352 καὶ
711 2300 809 2368 οὐχ
846 2296 1014 2362 ἅπαξ,
1044 2298 1160 2351 ἀλλ’
1192 2297 1379 2351 ἔκτοτε
1408 2296 1570 2368 μέχρι
1611 2296 1710 2366 σή-

143 2407 314 2460 μερον.
344 2392 409 2443 Ὤ
433 2390 531 2442 τοῦ
558 2388 832 2459 θαύματος
855 2387 951 2441 καὶ
975 2387 1073 2458 τῆς
1097 2386 1253 2455 δόξης
1278 2384 1372 2439 τοῦ
1400 2385 1707 2456 μάρτυροςῐ
1735 2373 1797 2409 ν’

139 2482 246 2543 οἵας
289 2481 507 2553 εἴληχεν
550 2482 764 2550 ἑκάστῳ
790 2479 964 2551 χρόνῳ
1002 2480 1060 2532 ὲν
1086 2480 1152 2549 τῇ
1183 2478 1282 2548 τῆς
1309 2474 1521 2540 ἐνδόξου
1546 2476 1710 2530 αὐτοῦ

144 2570 409 2642 ἀθλήσεως
454 2571 677 2643 ἡμέραι
734 2553 858 2623 Ἐτὲι
901 2567 1041 2622 ἑπτὰ
1077 2575 1206 2640 γὰρ,
1247 2567 1323 2631 ὡς
1358 2567 1710 2638 προέφημεν,

144 2666 366 2735 ἡμέραις
405 2662 728 2737 ὑποχωροῦν
758 2664 820 2717 τὸ
856 2663 1083 2734 ἄπειρον
1128 2664 1302 2715 έκεῖνο
1330 2661 1582 2728 πέλαγος,
1613 2677 1711 2713 πο-

151 2757 286 2827 ρείαν
310 2756 633 2810 εὐεπίϐατον
659 2758 775 2819 τοῖς
800 2753 1044 2808 εὐσεϐέσι
1072 2751 1392 2824 παρέχεται.

212 2848 318 2903 VII.
344 2849 551 2902 Τούτου
593 2842 687 2902 οῦν
723 2846 898 2909 οὕτως
936 2845 1245 2916 γινομένου,
1294 2844 1493 2907 πάντες
1520 2841 1628 2897 τῶν
1656 2845 1714 2897 ὲν

148 2940 268 3010 ἡμῖν
293 2938 628 3010 φιλευσεϐὦν
653 2936 934 3009 ἐγχωρίων
969 2936 1065 2990 καὶ
1094 2934 1327 2989 πολιτῶν
1361 2935 1461 3005 τῆς
1487 2934 1711 3006 Χερσῶ-

148 3050 248 3096 νος,
272 3032 428 3087 τοῦτο
469 3031 789 3111 ἀκηκοότες,
818 3029 958 3101 πρὸς
987 3029 1087 3099 τὴν
1126 3027 1221 3082 τοῦ
1265 3028 1543 3099 θαύματος
1585 3027 1715 3081 θέαν

1810 1950 1917 2005 que
1936 1934 2051 2004 ipse
2065 1936 2167 1990 hoc
2189 1934 2316 1991 fecit
2339 1936 2666 1990 miraculum
2691 1936 2755 1987 ιιι
2799 1935 3065 1990 ambabus
3082 1934 3240 2004 aquis
3264 1942 3387 2003 post

1810 2025 2104 2081 transitum
2151 2025 2383 2081 redactis
2414 2026 2481 2081 ad
2512 2041 2667 2081 suam
2697 2037 2947 2081 naturam
2973 2067 2989 2093 ,
3035 2042 3136 2082 nec
3192 2035 3384 2096 postea

1811 2118 1951 2173 idem
2006 2118 2264 2187 operatis.
2332 2116 2434 2173 llic
2487 2127 2668 2173 autem
2719 2118 2887 2188 quid?
2935 2116 3069 2172 Post
3118 2128 3383 2184 mortem;

1810 2218 1865 2264 et
1908 2224 2015 2263 non
2060 2210 2269 2274 semel,
2303 2210 2398 2266 sed
2441 2209 2510 2263 ab
2555 2224 2622 2264 eo
2657 2219 2901 2278 tempore
2944 2224 3118 2278 usque
3146 2208 3201 2261 in
3238 2208 3387 2263 hunc

1810 2301 1973 2357 diem.
2007 2300 2051 2356 Ο
2084 2302 2410 2357 miraculum
2441 2309 2495 2355 et
2518 2302 2748 2372 gloriam
2786 2301 3078 2371 martyris!
3113 2299 3384 2366 Quantam

1811 2405 2141 2451 consecutus
2166 2404 2250 2451 est
2278 2396 2512 2466 singulis
2534 2395 2693 2449 annis
2719 2394 2807 2449 die
2829 2394 3053 2464 gloriosi
3088 2394 3172 2447 sui
3204 2401 3385 2447 certa-

1812 2489 2011 2545 minis!
2064 2488 2281 2557 Septem
2332 2490 2480 2542 enim
2527 2487 2667 2553 dies,
2721 2487 2866 2542 sicut
2915 2495 3076 2541 antea
3124 2486 3383 2550 diximus,

1813 2582 2071 2637 secedens
2103 2582 2376 2638 inﬁnitum
2406 2580 2542 2636 illud
2580 2581 2805 2653 pelagus
2835 2622 2850 2648 ,
2889 2580 2994 2650 piis
3038 2580 3242 2650 praebet
3284 2579 3385 2633 iter

1811 2675 2045 2729 transitu
2073 2672 2251 2730 facile.

1885 2845 1998 2901 Yll.
2035 2843 2150 2902 Hoc
2193 2846 2359 2917 igitur
2389 2847 2464 2902 ita
2495 2846 2665 2916 facta,
2696 2846 2880 2902 cuncti
2923 2844 3066 2917 apud
3112 2862 3211 2901 nos
3255 2846 3386 2901 reli-

1814 2938 1951 3010 giosi
1987 2940 2179 2995 incola:
2211 2941 2452 3011 regionis
2482 2949 2536 2996 et
2565 2942 2715 2997 cives
2739 2940 3061 3004 Cliersonis,
3089 2938 3273 2993 audita
3305 2954 3385 3005 re,

1816 3029 1884 3085 ad
1917 3029 2209 3084 videndum
2244 3030 2570 3085 miraculum
2601 3030 2985 3099 properarunt.
3017 3026 3155 3081 Cum
3184 3026 3388 3095 quibus

151 3125 444 3194 ἠπείγοντο.
476 3125 616 3179 Μεθ’
640 3117 714 3177 ὧν
739 3122 831 3177 καί
864 3140 946 3187 τις
971 3122 1111 3193 ἀνὴρ
1134 3120 1360 3192 εὐσεϐὴς
1385 3122 1480 3174 σὺν
1504 3120 1717 3174 εὐσεϐεῖ

1825 3122 2040 3192 quidam
2086 3136 2306 3191 quoque
2349 3121 2436 3175 vir
2474 3120 2598 3190 pius
2649 3135 2757 3173 una
2806 3134 2933 3173 cum
2983 3117 3072 3187 pia
3118 3131 3287 3170 uxore
3334 3126 3391 3170 et

148 3216 354 3281 γυναικὶ
398 3217 493 3269 καὶ
538 3214 714 3285 τέκνῳ
755 3212 945 3286 ἄρρενι
984 3212 1083 3284 τὴν
1112 3211 1206 3265 ἐπὶ
1242 3212 1332 3264 τὸν
1361 3211 1522 3280 ἁγίου
1569 3212 1715 3283 lepo-

158 3304 417 3378 μάρτυρος
471 3305 603 3359 ναὸν
654 3305 866 3375 διήνυον
908 3302 1025 3365 ὁδὸν
1068 3299 1474 3373 προθυμότατα.
1516 3301 1627 3353 Καὶ
1653 3298 1719 3372 δὴ

154 3397 236 3449 τὸν
256 3398 414 3451 τόπον
451 3396 872 3460 καταλαϐόντες,
902 3395 994 3448 καὶ
1034 3393 1095 3447 τὺ
1134 3391 1318 3463 θαῦμα
1343 3391 1509 3445 εἰσέτι
1535 3390 1719 3444 τελού-

161 3502 302 3555 μενον
328 3488 677 3558 θεασάμενοι,
705 3489 771 3557 τῇ
800 3485 945 3556 χειρὶ¹
985 3483 1076 3536 τὸν
1104 3482 1270 3537 παῖδα
1295 3480 1605 3551 λαϐόμενοι,
1637 3479 1721 3541 είς

152 3579 238 3632 τὸν
268 3580 321 3632 ἐν
359 3580 437 3652 τῷ
486 3578 634 3651 βυθῷ
680 3578 970 3649 θεόδμητον
1011 3577 1215 3629 ἐκεῖνον
1241 3572 1368 3626 ναὸν
1423 3572 1676 3643 εἰσῄεσαν
1699 3586 1716 3604 ⁸

160 3673 243 3725 καὶ
266 3676 328 3745 τῇ
370 3672 513 3744 σορῷ
559 3670 959 3744 παραστάντες,
1002 3666 1263 3731 ἱκετικῶς
1288 3664 1379 3719 τδν
1427 3665 1580 3734 ἅγιον
1610 3665 1720 3718 ὲλι-

158 3763 381 3830 τάνευον,
418 3762 836 3836 ἁμαρτημάτων
866 3759 1210 3832 συγχώρησιν
1234 3757 1299 3811 δι’
1336 3754 1500 3810 αὐτοῦ
1534 3754 1719 3809 λαϐεῖν

159 3854 531 3928 ἐξαιτούμενοι,
578 3855 674 3910 καλ⁵
714 3854 796 3925 τῷ
821 3852 972 3906 παιδὶ
1019 3851 1239 3921 δοθῆναι
1286 3848 1528 3919 δεόμενοι
1574 3846 1720 3918 ζωὴν

164 3948 360 4019 μακρὰν
387 3950 481 4003 καὶ
495 3949 773 4020 ἀπήμονα,
796 3946 907 4017 βίου
931 3962 991 3999 τε
1014 3944 1329 4015 εὐμάρειαν,
1356 3942 1449 3996 καὶ
1471 3936 1555 3995 οἷα
1576 3940 1722 4005 εἰκὸς

162 4042 322 4105 γονεῖς
348 4041 440 4093 ἐπὶ
465 4040 643 4111 τέκνῳ
672 4037 939 4092 αἰτεῖσθαι
967 4036 1260 4109 μονογενεῖ.

160 4218 165 4223 ’
222 4216 352 4273 Ἦῐῐ.
393 4220 481 4282 Ὡς
520 4211 617 4271 οῦν
666 4216 767 4286 τὴν
809 4212 976 4284 εὐχὴν
1018 4210 1361 4273 τετελέκασι,
1402 4208 1498 4262 καὶ
1540 4208 1601 4262 τὸ
1626 4204 1721 4261 τοῦ

166 4304 305 4372 ἁγίου
358 4305 783 4379 κατησπάσαντο
836 4302 1107 4371 λείψανον,
1161 4301 1241 4363 εἰς
1270 4298 1514 4352 τούπίσω
1562 4297 1724 4351 πάλιν

165 4394 390 4466 ἐξῄεσαν.
416 4395 518 4452 ’Ὧν
550 4396 889 4465 ἐξελθόντων,
916 4394 978 4448 τδ
1010 4392 1152 4464 ὕδωρ
1177 4391 1339 4445 πάλιν
1366 4392 1445 4454 εἰς
1457 4391 1555 4460 τὴν
1590 4389 1725 4442 ίδίαν

1822 3215 1976 3286 prole
2018 3213 2285 3280 mascula,
2316 3211 2459 3265 viam
2489 3210 2557 3265 ad
2588 3208 2925 3264 sacrosancti
2958 3205 3215 3276 martyris
3248 3213 3388 3258 tem--
3445 3241 3449 3246 .

1820 3307 1969 3376 plum
2004 3305 2293 3359 ducentem
2345 3316 2560 3357 summa
2609 3299 2892 3354 alacritate
2931 3303 3278 3367 peregerunt.
3323 3292 3389 3348 Et

1819 3415 1949 3454 vero
1994 3399 2175 3453 locum
2226 3393 2489 3458 assecuti,
2537 3399 2591 3447 et
2639 3390 2965 3445 miraculum
3019 3386 3165 3457 quod
3208 3378 3390 3439 adhuc

1819 3489 2002 3555 ﬁebat,
2054 3486 2274 3552 intuiti,
2327 3500 2557 3555 puerum
2607 3497 2775 3537 manu
2826 3478 3246 3550 prehendentes,
3300 3476 3389 3535 iu:-

1820 3579 1993 3650 gressi
2024 3586 2150 3633 sunt
2193 3574 2327 3631 illud
2360 3574 2413 3628 in
2453 3570 2731 3643 profundo
2772 3569 3035 3623 divinitus
3063 3565 3389 3622 aediﬁcatum

1822 3672 2081 3741 templum
2111 3688 2123 3723 :
2154 3676 2317 3739 atque
2341 3666 2409 3720 ad
2438 3664 2680 3720 loculum
2708 3661 3045 3723 accedentes,
3075 3658 3392 3727 suppliciter

1821 3775 2071 3820 sanctum
2102 3762 2405 3831 rogabant,
2435 3764 2681 3829 petentes
2705 3754 3025 3809 delictorum
3050 3750 3264 3804 veniam
3295 3764 3392 3817 per

1824 3858 2003 3927 ipsum
2040 3855 2307 3924 accipere,
2356 3850 2592 3919 darique
2633 3848 2976 3919 postulantes
3022 3859 3194 3914 puero
3224 3843 3390 3895 vitam

1822 3949 2041 4019 iungant
2069 3955 2123 4001 et
2163 3945 2414 4007 illaesam,
2447 3956 2574 3996 cum
2615 3938 2762 3993 (acili
2804 3951 2988 3991 rerum
3022 3942 3309 4003 apparatu,
3338 3939 3394 3985 et

1823 4057 1946 4112 quae
1997 4047 2427 4095 consentaneum
2476 4041 2560 4090 est
2605 4041 2789 4104 pctcrc
2834 4038 3090 4102 parentes
3138 4041 3237 4097 pro
3282 4025 3394 4079 lilio

1826 4134 2011 4188 unico.

1902 4225 2038 4279 VIII.
2066 4221 2137 4278 Ut
2173 4236 2303 4292 ergo
2323 4235 2511 4292 preces
2542 4218 2822 4282 ﬁnierunt,
2848 4221 2902 4269 et
2920 4210 3096 4268 sancti
3132 4209 3395 4278 reliquias

1826 4314 2134 4374 exosculati
2174 4321 2323 4378 sunt,
2349 4320 2652 4366 retrorsum
2682 4314 2872 4377 postea
2912 4297 3221 4357 redierunt?
3264 4299 3397 4363 Qui-

1827 4408 1931 4462 bus
1958 4405 2216 4476 egressis,
2259 4418 2401 4473 aqua
2426 4403 2623 4455 iterum
2652 4398 2720 4451 ad
2750 4410 2911 4451 suum
2934 4393 3113 4446 locum
3139 4389 3394 4444 recurrit.

167 4483 330 4556 χώραν
362 4487 686 4560 ἐπέδραμεν.
718 4486 781 4539 OE
812 4485 868 4537 δὲ
905 4481 1373 4555 μεταστραφέντες
1392 4521 1406 4545 ,
1440 4482 1533 4533 καὶ
1560 4480 1717 4533 πέλα-

1831 4501 1910 4556 [lli
1946 4509 2125 4553 autem
2160 4495 2431 4560 conversi,
2463 4502 2519 4549 et
2542 4499 2826 4547 cernentes
2858 4488 3080 4559 pelagus
3104 4481 3394 4553 essequod

169 4593 253 4644 γος
281 4578 375 4651 τὴν
404 4581 532 4652 πρὶν
563 4578 886 4649 θεασάμενοι
905 4574 1109 4647 τρίϐον,
1139 4572 1265 4645 τῇδε
1298 4574 1522 4627 κάκεῖσε
1563 4588 1729 4642 περιυ

173 4670 497 4737 σκοποῦντες,
531 4672 633 4744 τὴν
655 4670 750 4723 τοῦ
768 4670 959 4723 τέκνου
993 4666 1220 4739 ζήτησιν
1257 4661 1598 4736 ὲπεχείριζον
1621 4680 1633 4693 ·
1664 4663 1728 4716 τὸ

171 4758 222 4812 δὲ
231 4756 291 4833 ἧν
311 4764 364 4816 ὲν
384 4767 452 4836 τῇ
475 4763 570 4816 τοῦ
591 4762 746 4832 ἁγίου
766 4761 996 4833 λάρνακι
1023 4756 1381 4826 καταλειφθέν
1394 4773 1407 4785 ·
1461 4754 1730 4808 καὶτοῦτο

173 4852 227 4903 οὐ
252 4855 316 4924 τῇ
339 4855 443 4908 τῶν
474 4853 679 4923 γονέων
718 4853 879 4925 λήθῃ,
912 4850 1048 4905 ἀλλὰ
1080 4853 1149 4921 τῇ
1198 4846 1293 4901 τοῦ
1344 4847 1479 4901 Θεοῦ
1515 4847 1732 4919 εὐδοκία

176 4944 414 5015 ἐγεγόνει,
441 4950 529 5003 ἵνα
560 4947 657 5001 καὶ
688 4944 921 4999 ἐνταῦθα
952 4941 1214 5015 μειζόνως
1247 4941 1618 5015 θαυμαστώσῃ
1640 4942 1733 4996 τὸν

180 5034 428 5109 μάρτυρα.

237 5126 320 5181 IX.
360 5131 443 5195 Ὠς
475 5130 520 5183 δ’
548 5122 643 5183 οῦν
673 5127 722 5182 oi
751 5127 929 5196 γονεῖς
960 5125 1023 5178 τὸ
1059 5125 1247 5178 τέκνον
1289 5125 1387 5196 οὐχ
1435 5125 1731 5197 ηὕρισκον,

182 5218 263 5271 καὶ
290 5220 365 5273 ὄτι
390 5222 447 5276 ἐν
473 5222 552 5292 τῷ
574 5217 721 5291 βυθῷ
750 5217 961 5281 τούτοις
995 5216 1267 5288 ὲπελήσθη
1295 5218 1324 5270 6
1353 5220 1482 5281 παῖς
1523 5218 1735 5289 ἐνενόη-

185 5322 291 5373 σαν,
319 5311 368 5364 τί
393 5312 470 5365 δεῖ
498 5308 593 5366 καὶ
624 5310 825 5379 λέγειν,
857 5305 984 5370 τούς
1009 5323 1069 5360 τε
1099 5307 1195 5359 τοῦ
1240 5309 1453 5378 πατρὸς
1482 5308 1731 5380 θρήνους,

184 5401 268 5455 καὶ
294 5404 383 5467 τὰς
408 5406 502 5477 τῆς
529 5405 735 5477 μητρὸς
764 5400 1010 5473 οἰμωγάς
1034 5417 1048 5467 ;
1083 5402 1269 5455 Πᾶσαν
1317 5401 1425 5472 γὰρ
1468 5402 1567 5473 τὴν
1587 5404 1736 5471 λαμ-

187 5490 315 5559 πρὰν
342 5495 544 5569 ἐκείνην
568 5495 762 5567 ἑορτὴν
782 5495 863 5556 είς
891 5493 1088 5565 θρῆνον
1125 5493 1507 5563 μετεποίησαν.
1540 5493 1604 5545 Τί
1627 5492 1736 5563 γὰρ

187 5582 275 5636 οὐκ
302 5584 504 5657 ἐλέγου
537 5588 590 5641 τί
616 5586 674 5640 δὲ
705 5587 806 5640 οὐκ
836 5584 1138 5655 έπραττον;
1179 5584 1292 5639 τῶν
1320 5586 1418 5639 ὅσα
1472 5585 1617 5649 εἰκὸς
1666 5581 1735 5656 ἦν

284 5738 306 5764 ι
345 5727 507 5786 Exod.
548 5747 658 5787 ιιιγ.
738 5729 765 5768 b
794 5726 859 5781 ιι·
896 5725 1026 5798 Rt'g.
1070 5741 1128 5780 ιι.

1823 4593 1977 4664 prius
2012 4590 2113 4644 iter
2143 4595 2281 4654 erat,
2316 4586 2423 4640 huc
2443 4592 2497 4639 et
2539 4583 2669 4639 illuc
2718 4575 3245 4647 circumspiciendo,
3301 4570 3397 4625 lilii

1828 4682 2234 4753 inquisitionem
2268 4676 2746 4749 aggrediebantur:
2775 4680 2832 4725 at
2871 4671 2961 4724 ille
2987 4669 3040 4721 in
3067 4682 3194 4721 arca
3224 4664 3400 4720 sancti

1830 4776 2054 4831 relictus
2080 4773 2295 4827 fuerat:
2341 4770 2504 4840 idque
2525 4784 2635 4823 non
2668 4764 2943 4821 oblivione
2970 4769 3281 4831 parentum,
3306 4758 3401 4811 sed

1835 4868 1927 4923 Dei
1958 4867 2235 4920 voluntate
2283 4860 2486 4917 factum
2518 4867 2620 4920 cst,
2644 4866 2704 4912 ut
2734 4856 2824 4911 hic
2853 4869 3073 4926 quoque
3108 4862 3403 4922 martyrem

1834 4960 2008 5030 magis
2028 4958 2278 5013 redderet
2299 4950 2697 5010 admirabilem.

1899 5119 1994 5175 1x.
2027 5118 2164 5174 Cum
2201 5131 2333 5187 ergo
2359 5120 2615 5185 parentes
2629 5119 2818 5166 natum
2843 5123 2952 5162 non
2992 5103 3320 5167 invenirent,
3354 5108 3407 5155 et

1837 5213 2222 5283 cogitassenta
2260 5224 2319 5264 se
2345 5207 2517 5262 fuisse
2567 5219 2797 5275 puerum
2826 5202 2881 5256 in
2921 5199 3088 5254 maris
3133 5193 3408 5265 profundo

1839 5305 2115 5361 oblivione
2137 5301 2482 5359 mandatum,
2514 5297 2647 5368 quid
2682 5309 2820 5365 Opus
2846 5303 2929 5347 est
2950 5292 3133 5346 dicere
3165 5299 3220 5344 ct
3242 5287 3409 5356 patris

1841 5394 2279 5456 lamentationes,
2309 5400 2359 5446 et
2386 5389 2581 5444 matris
2610 5386 2891 5444 ululatus?
2920 5384 3095 5439 Omne
3136 5380 3415 5450 siquidem

1842 5489 1974 5545 illud
1997 5485 2342 5556 splendidum
2393 5481 2592 5538 festum
2624 5484 3012 5536 converterunt
3057 5476 3109 5529 in
3144 5473 3410 5526 lamenta-

1843 5580 2066 5636 tionem.
2111 5575 2252 5644 Quid
2306 5573 2452 5632 enim
2498 5588 2604 5629 non
2630 5568 2918 5629 dicebant?
2958 5565 3089 5639 quid
3126 5576 3256 5620 vero
3300 5575 3410 5614 non
