3818 6216
468 326 571 381 659

1581 325 1917 381 APPENDIX
1953 328 2044 381 AD
2085 327 2144 383 S.
2185 326 2622 382 CLEMENTEM.

3613 313 3718 363 (540

461 439 773 497 faciebant?
803 456 870 493 οι
900 439 969 495 iis
1006 455 1129 509 quae
1182 456 1280 510 par
1308 440 1439 495 crat‘
1458 443 1539 496 vel
1571 444 1751 514 ipsum
1799 447 2000 514 lapider

2137 451 2229 503 καὶ
2260 450 2403 503 λίθον
2442 449 2600 502 αὑτὸν
2635 448 2850 517 κινῆσαι
2885 446 3019 518 πρὸς
3052 444 3303 518 δάκρυον.
3370 447 3435 500 Ἡ
3478 447 3593 517 γὰρ
3621 464 3712 499 τε-

465 547 683 587 movere
705 533 770 586 ad
794 533 1090 603 lacrymas.
1119 532 1365 587 Genitrix
1398 535 1541 588 enim
1570 538 1749 592 oculis
1779 539 1845 591 ad
1879 555 2027 591 mare

462 626 711 693 intensis,
737 636 790 681 et
814 629 1065 682 manibus
1096 629 1149 681 in
1187 629 1355 682 altum
1399 632 1661 699 sublatis,
1711 634 2024 703 liujusmodi

461 731 622 771 voces
644 727 835 772 sancto
872 719 1093 772 emisit:
1126 718 1217 773 lla:
1264 729 1427 786 sunt,
1456 737 1491 775 0
1526 733 1748 790 sancte,
1797 734 1902 780 tua:
1943 743 2027 780 re-

458 811 908 864 munerationcs?
931 810 1089 866 Tales
1114 820 1219 866 tua:
1247 815 1638 870 retributiones
1667 834 1791 888 erga
1816 836 1909 875 cos
1932 825 2025 890 qui

454 903 525 955 ad
550 910 598 955 te
614 903 857 956 studiose
890 906 1222 957 accurrunt?
1249 906 1341 959 Sic
1371 907 1612 962 laborem
1639 927 1668 963 a
1703 926 1790 965 me
1830 927 1894 966 ex
1918 930 2025 981 quo

453 993 659 1047 accessi
688 1002 967 1061 sumptum
998 996 1303 1062 remetitus,
1334 1000 1639 1055 mercedem
1674 1003 1807 1055 mibi
1843 1006 2023 1057 reddi-

452 1084 618 1137 disti?
650 1083 882 1141 Ubinam
914 1095 999 1141 est
1026 1088 1169 1141 ﬁlius
1200 1092 1396 1144 meus?
1429 1092 1689 1156 Quanam
1716 1098 1883 1151 maris
1911 1098 2023 1151 bel-

450 1174 540 1226 lua
574 1174 781 1227 \iscera
802 1172 911 1229 nati
938 1177 1043 1231 mei
1076 1178 1376 1233 laceravit?
1408 1179 1543 1245 Quis
1578 1200 1706 1237 vero
1730 1187 2021 1243 vehemens

451 1263 978 1336 ﬁnctusinsurgens,
1003 1283 1127 1321 eum
1158 1272 1363 1334 vivum,
1395 1283 1653 1342 tanquam
1685 1278 2018 1345 sepulcrum,

450 1357 701 1423 operuit?
726 1357 895 1423 Quem
930 1360 1042 1427 jam
1082 1364 1256 1416 oculis
1291 1365 1589 1432 aspiciam?
1626 1366 1734 1421 Pro
1782 1385 1891 1438 quo
1920 1387 2020 1424 au—

449 1452 559 1497 tem
581 1445 787 1499 orabo?
817 1447 952 1512 Quis
979 1465 1106 1503 vero
1132 1455 1433 1508 senectutis
1462 1472 1594 1510 mea:
1626 1457 1897 1513 efﬁcietur
1919 1461 2015 1514 ba-

448 1540 643 1594 culus?
667 1542 778 1595 (ἰηι-
809 1558 894 1597 me
921 1585 936 1607 ,
968 1554 1175 1609 sancte,
1212 1563 1318 1599 non
1356 1546 1529 1603 fecisti
1568 1552 1775 1605 sociam
1811 1570 1933 1607 esse
1963 1555 2013 1607 in

449 1644 624 1685 morte
672 1634 767 1685 ﬁlii
800 1634 938 1699 mei;
996 1645 1056 1688 ut
1098 1639 1559 1705 quemadmodum
1602 1642 1668 1696 ad
1714 1652 1766 1698 te
1807 1647 2013 1701 accessi

448 1737 614 1777 manu
649 1724 800 1777 illum
836 1735 1048 1792 tenens,
1082 1728 1150 1780 ita
1183 1738 1236 1781 et
1258 1730 1401 1784 ulnis
1432 1732 1682 1786 eumdem
1716 1734 1896 1790 ferens
1946 1738 2010 1789 ad

2130 539 2458 602 κοῦσα,τοὺς
2488 538 2794 607 ὀφθαλμοὺς
2813 538 2889 607 τῷ
2904 538 3125 606 πελάγει
3140 538 3417 590 ἐντείνασα
3441 537 3589 599 ²¹-²⁸,
3619 535 3713 587 καὶ

2126 628 2225 690 τὰς
2256 632 2441 699 χεῖρας
2472 628 2607 698 πρὸς
2640 626 2769 696 ὒψος
2787 626 3037 697 διάρασα,
3067 626 3278 679 τοιάσδε
3292 626 3371 695 τῷ
3388 623 3532 693 ἁγίῳ
3552 625 3713 693 ἠφίει

2129 719 2337 788 φωνάς·
2372 714 2540 773 Αῦταί
2577 735 2692 783 σου,
2733 719 2876 785 ᾶγιε,
2910 719 2964 771 αἱ
3012 718 3265 789 άμοιϐαίς
3298 715 3544 769 τοιαῦτα(
3615 732 3712 767 σου

2125 813 2234 864 τῶν
2278 812 2428 883 πόθῳ
2467 813 2603 883 πρὸς
2652 812 2711 864 σέ
2749 812 3188 883 προστρεχόντων
3218 814 3273 865 αί
3307 810 3708 881 ἀνταμείψεις;

2125 903 2280 956 Οῦτω
2310 903 2402 955 τὸν
2445 905 2611 955 κόπον
2658 904 3055 973 ἁντιμετρήσας
3082 903 3146 955 ὂν
3176 903 3267 970 ἀφ’
3297 897 3364 971 ἦς
3395 901 3707 972 παρεγενό-

2127 1011 2233 1066 μην
2276 994 2579 1064 ὑπέμεινα,
2621 994 2718 1065 τὴν
2764 994 3105 1063 ἀντιμισθίαν
3138 1012 3226 1065 μοι
3256 994 3532 1056 δέδωκαςς
3589 994 3705 1045 Ποῦ

2127 1102 2226 1153 μου
2262 1083 2290 1134 ὁ
2334 1087 2491 1147 παῖς;
2537 1084 2694 1136 Ποῖον
2734 1084 2827 1136 τοῦ
2876 1084 3007 1153 ἐμοῦ
3058 1084 3249 1136 τέκνου
3294 1083 3362 1136 τά
3410 1084 3707 1153 σπλάγχνα

2122 1174 2311 1245 θηρίον
2344 1175 2610 1245 Θαλάττης
2648 1175 2991 1245 ἐσπάραξενς
3025 1178 3182 1228 Ποῖον
3230 1176 3286 1228 δὲ
3322 1175 3499 1245 ῥόθιον
3545 1177 3704 1245 κῦμα

2120 1268 2555 1330 κατεπαναστὰν,
2583 1268 2658 1330 ῶς
2685 1269 2871 1335 τάφος,
2907 1268 3082 1331 ζῶντα
3119 1268 3276 1320 τοῦτο
3310 1269 3355 1299 ’⁸
3382 1268 3701 1336 ἐκάλυψενς

2119 1357 2249 1410 Τίνα
2280 1361 2390 1421 τοῖς
2422 1358 2717 1427 ὀφθαλμοῖς
2745 1360 2870 1430 ἄρτι
2902 1359 3195 1429 θεάσομαι;
3251 1360 3424 1431 ’Υπὲρ
3453 1359 3513 1411 δέ
3554 1358 3704 1420 τίνος

2118 1448 2528 1519 προσεύξομαίς
2577 1450 2671 1511 Τίς
2714 1449 2770 1501 δέ
2810 1466 2910 1519 μου
2950 1447 3043 1501 τοῦ
3084 1450 3265 1519 γήρως
3297 1450 3390 1501 καὶ
3420 1448 3702 1519 βακτηρία

2115 1542 2435 1610 γενήσεται;
2468 1541 2580 1593 Ἵνα
2610 1542 2662 1593 τί
2700 1558 2786 1611 με,
2812 1535 2856 1593 ὦ
2886 1542 3026 1609 am,
3053 1541 3125 1610 μὴ
3152 1540 3229 1611 τῷ
3257 1539 3349 1592 τοῦ
3377 1540 3575 1592 τέκνου
3598 1540 3700 1593 θα-

2115 1632 2257 1701 νάτῳ
2289 1633 2611 1702 κοινωνῆσαι
2654 1632 2979 1701 πεποίηκας,
3011 1632 3087 1693 ὡς
3116 1632 3181 1684 ἂν
3226 1630 3414 1701 ῶσπερ
3456 1632 3603 1701 πρὸς
3640 1630 3699 1681 σέ

2113 1722 2271 1775 τοῦτο
2304 1726 2371 1793 τῇ
2408 1723 2551 1793 χειρὶ
2580 1724 2881 1793 κατέχουσα
2911 1723 3293 1793 παραγέγονά,
3339 1724 3541 1775 οὑτωσὶ
3592 1723 3698 1775 κᾶν

450 1812 655 1867 inferos
684 1815 869 1869 infelix
890 1818 1313 1873 descenderem?
1335 1820 1379 1874 Ο
1398 1838 1546 1877 mare
1583 1834 1635 1878 et
1658 1825 2000 1894 profundum.

2116 1812 2194 1883 τῷ
2224 1812 2325 1887 ᾅδῃ
2360 1813 2816 1884 άγκαληφοροῦσα
2864 1812 3039 1881 τούτῳ
3078 1814 3109 1881 ή
3150 1811 3405 1879 δύστηνος
3454 1811 3695 1863 καταδέ-

445 1919 685 1971 quonam
712 1906 791 1959 tui
828 1906 950 1961 sinu
979 1925 1158 1963 meum
1201 1912 1469 1966 detinebis
1494 1916 1699 1969 lilium?
1730 1917 2012 1981 Quomodo

443 2004 626 2048 autem
657 2006 709 2050 et
739 2013 861 2050 eum
893 2000 1047 2054 ales?
1101 2001 1195 2055 llei
1226 2005 1378 2070 mibi,
1427 2006 1499 2058 ﬁli
1544 2008 1849 2061 miserande
1874 2050 1889 2073 ,
1938 2010 2009 2062 ﬁli

445 2094 569 2138 ante
598 2094 810 2155 tempus
852 2099 1036 2157 rapte:
1072 2090 1176 2156 ﬁli,
1226 2109 1330 2163 qua
1364 2098 1574 2150 ratione
1612 2114 1641 2151 a
1670 2103 1806 2152 meis
1836 2101 2010 2153 oculis

444 2177 758 2231 recessisti?
784 2179 996 2244 Quibus
1013 2183 1243 2249 pedibus
1273 2188 1550 2240 revertar?
1582 2186 1884 2253 Quemnam
1911 2208 2010 2245 au-

443 2271 551 2317 tem
581 2263 756 2321 instar
780 2267 909 2336 .agni
936 2269 1277 2324 exsilientem
1307 2274 1760 2343 contemplabor?

512 2436 578 2492 Χ.
607 2438 768 2494 Pater
794 2458 922 2496 vero
952 2459 1148 2498 rursus
1172 2446 1425 2500 manibus
1452 2463 1515 2502 os
1548 2451 1878 2517 percutiens,
1922 2453 2003 2506 Ia-

438 2532 782 2586 mentabatur
806 2535 890 2588 bis
920 2537 1135 2591 verbis:
1165 2536 1362 2603 Quare,
1388 2556 1420 2593 ο
1456 2554 1659 2608 sancte,
1693 2546 1886 2598 orbum
1920 2562 2004 2599 me

437 2622 625 2676 liberis
653 2635 874 2692 repente
898 2626 1163 2681 eﬂ‘ecisti?
1192 2627 1304 2682 Cur
1328 2631 1407 2682 sic
1433 2632 1600 2685 ﬁlium
1626 2650 1804 2687 meum
1830 2647 2002 2689 morte

436 2714 748 2770 miserrima
783 2720 917 2771 mori
950 2722 1242 2789 permisisti
1269 2723 1290 2774 ?
1332 2722 1451 2788 Qua
1484 2726 1549 2779 dc
1582 2742 1744 2780 causa
1788 2730 1852 2783 iis
1880 2745 2001 2798 quae

436 2821 783 2874 speraveram
818 2812 1089 2864 contraria
1136 2813 1269 2865 mibi
1321 2816 1669 2884 obtigerunt?
1716 2819 1851 2873 Cum
1898 2822 2000 2877 hac

436 2914 531 2966 spe
556 2900 621 2952 ad
656 2910 706 2952 te
730 2902 1097 2956 accessimus?
1141 2902 1363 2960 Taliane
1417 2917 1545 2960 sunt
1585 2910 1725 2963 dona
1779 2911 1830 2964 in
1876 2930 1994 2979 eos,

435 2988 529 3056 qui
564 2990 628 3042 ad
662 3000 930 3061 martyres
958 3009 1081 3047 cum
1117 2995 1388 3052 desiderio
1420 3000 1751 3055 adveniunt?
1786 3002 1997 3060 Revera

435 3095 540 3133 non
572 3090 648 3144 tu,
683 3083 775 3136 sed
805 3095 1148 3152 peccatorum
1198 3104 1441 3142 meorum
1481 3094 1731 3158 procellm
1761 3110 1991 3163 puerum

2114 1904 2277 1974 6ηκα.
2312 1900 2380 1956 Ὦ
2407 1904 2648 1957 θάλασσα
2669 1906 2760 1957 καὶ
2782 1903 2928 1973 βυθέ,
2959 1903 3095 1973 ποίῳ
3118 1919 3212 1955 σου
3244 1892 3428 1972 κόλπῳ
3446 1902 3540 1955 τὸν
3561 1903 3693 1971 ἐμὸν

2113 1993 2359 2059 καθέξεις
2409 1994 2551 2057 υίόν;
2618 1993 2741 2055 Πῶς
2773 1993 2829 2045 δὲ
2875 1994 2969 2045 καὶ¹
3025 1990 3243 2064 θρέψεις
3291 1993 3482 2055 αὐτόν;
3545 1994 3691 2064 οἶμοι

2109 2083 2295 2136 τέκνον
2311 2085 2560 2147 ἐλεεινὸν,
2582 2085 2769 2137 τέκνον
2791 2084 2897 2154 πρὸ
2914 2084 3059 2155 ὥρας
3078 2084 3423 2156 άναρπασθέν
3436 2101 3450 2114 ο
3474 2086 3685 2149 τέκνον,

2110 2174 2229 2238 πῶς
2252 2176 2372 2239 ἐδυς
2395 2176 2503 2228 τῶν
2546 2176 2693 2246 ἐμῶν
2738 2176 3066 2246 ὀφθαλμῶν,
3128 2176 3301 2238 ποίοις
3347 2178 3508 2229 ποσὶν
3560 2179 3681 2230 ὑπο-

2109 2268 2325 2338 στρέφω
2358 2268 2437 2334 “;
2483 2269 2614 2323 Τίνα
2663 2269 2720 2322 δὲ
2764 2269 2841 2331 ὠς
2876 2269 3015 2340 ἄρνα
3048 2268 3450 2339 ἐπισκιρτῶντα
3498 2268 3687 2322 θεάσο-

2111 2372 2249 2425 μαις

2173 2446 2239 2501 Χ.
2287 2448 2342 2500 '0
2373 2446 2428 2500 δέ
2461 2464 2523 2515 γε
2562 2447 2741 2518 πατὴρ
2784 2447 3010 2502 τοιαῦτα
3059 2447 3243 2512 πάλιν,
3310 2448 3387 2518 τῷ
3417 2449 3568 2519 χειρὶ
3588 2450 3684 2519 τὴν

2103 2537 2223 2606 δψιν
2266 2540 2438 2590 παίων
2466 2579 2479 2601 ,
2526 2539 2791 2609 ὠδύρετο·
2834 2540 2948 2591 Ἵνα
2992 2539 3073 2604 τί,
3123 2533 3167 2591 ὦ
3208 2540 3325 2608 ᾶγιε
3351 2578 3365 2601 ,
3422 2540 3683 2609 ἐξαίφνης

2103 2630 2303 2683 ἄπαιδά
2338 2648 2403 2700 με
2439 2631 2813 2701 κατέστησαςς
2853 2631 2967 2683 Ἵνα
2998 2632 3053 2683 τί
3080 2631 3252 2694 οὕτως
3289 2632 3552 2701 οἰκτίστῳ
3591 2632 3683 2685 θα-

2102 2722 2245 2792 νάτῳ
2270 2722 2329 2773 τὸ
2363 2723 2495 2791 ἐμὸν
2522 2723 2712 2775 τέκνον
2737 2723 2917 2776 θανεῖν
2936 2722 3363 2794 παρεχώρησας;
3392 2726 3513 2778 "Iv:
3545 2725 3600 2776 τί
3617 2726 3681 2777 τὰ

2100 2813 2313 2866 ἐναντία
2346 2806 2421 2865 ὧν
2453 2813 2655 2882 ἦλπισα
2714 2816 2802 2884 μοὶ
2853 2817 3218 2885 συνήντησεν;
3260 2816 3351 2867 ἐπὶ
3399 2817 3681 2879 τοιαύταις

2100 2903 2233 2975 πρὸς
2272 2903 2329 2955 σὲ
2378 2903 2856 2973 παραγεγόναμεν;
2891 2904 3147 2957 Τοιαῦται
3189 2904 3295 2957 τῶν
3328 2905 3478 2975 πόθῳ
3514 2924 3682 2977 προσ-

2097 2994 2401 3065 ερχομένων
2462 2998 2573 3057 τοῖς
2597 2996 2858 3065 μάρτυσιν
2886 2998 2940 3049 αἱ
2973 2996 3200 3067 δωρεαί;
3246 2999 3453 3061 Ὄντως
3483 3000 3547 3050 ού
3595 3000 3679 3061 σὺ,

2097 3086 2211 3138 ἀλλ’
2245 3088 2299 3138 αί
2337 3087 2444 3139 τῶν
2490 3087 2635 3157 ἐμῶν
2676 3089 3089 3158 ἁμαρτημάτων
3131 3088 3344 3142 θύελλαι
3378 3091 3471 3141 τὸν
3508 3091 3681 3143 παῖδα

435 3170 570 3224 mari
606 3173 961 3229 tradiderunt.
992 3175 1035 3229 Ο
1067 3177 1140 3230 ﬁli
1173 3180 1265 3242 mi,
1300 3181 1422 3249 quis
1450 3183 1526 3235 tui
1553 3186 1747 3238 mortui
1778 3190 1994 3245 claudet

2107 3180 2159 3246 τῇ
2195 3176 2435 3245 θαλάσσῃ
2470 3176 2928 3247 παραδεδώκασιν.
2971 3175 3040 3230 Ὠ
3076 3180 3260 3232 τέκνον
3307 3180 3565 3249 ἐμὸν,τίς
3592 3200 3681 3236 σου

434 3264 664 3317 oculos?
694 3264 827 3331 Quis
854 3284 982 3321 vero
1014 3280 1064 3322 te
1084 3272 1341 3338 sepeliet?
1363 3272 1624 3338 Quisnam
1649 3276 1861 3334 loculus
1888 3282 1997 3337 ele-

431 3355 835 3422 gantissimum,
858 3357 1428 3432 jucundissimumque
1454 3372 1608 3418 tuum
1643 3374 1779 3436 teget
1812 3371 1994 3424 taber-

433 3448 728 3502 naculum?
766 3446 849 3501 Ab
876 3450 887 3501 !
918 3466 1143 3518 prorsus
1175 3454 1369 3508 clausit
1402 3456 1619 3524 quidem
1649 3465 1771 3512 tuos
1807 3462 1994 3515 oculos

431 3552 616 3597 mare;
649 3540 861 3607 sepeliit
901 3557 1028 3595 vero
1060 3552 1109 3597 te
1138 3560 1364 3614 gurges;
1418 3556 1471 3600 et
1518 3558 1703 3603 venter
1760 3552 1991 3620 piscium

431 3630 526 3684 tibi
553 3632 914 3685 conditorium
941 3632 1061 3687 fuit.

497 3719 589 3774 X1.
615 3720 730 3775 Hoc
750 3722 931 3792 itaque
958 3724 1197 3780 lamento
1223 3744 1345 3782 cum
1377 3742 1629 3799 parentes
1656 3734 1987 3803 plangerent,

428 3812 647 3880 quidam
682 3829 745 3867 ex
774 3814 839 3868 iis
869 3816 962 3884 qui
1016 3816 1145 3871 illuc
1193 3834 1582 3888 convenerant,
1634 3824 1721 3878 vix
1772 3826 1987 3879 tandem

428 3916 816 3969 persuaserunt
840 3906 947 3961 illis
966 3916 1025 3961 ut
1045 3908 1369 3965 desisterent
1386 3914 1791 3976 lamentatione.
1815 3918 1991 3994 Atque

428 3992 497 4043 ab
528 3994 730 4061 ejnlatu
764 4012 1056 4073 parumper
1096 4010 1398 4074 cessantes,
1453 4010 1676 4066 domum
1717 3992 1985 4071 abierunt.

429 4083 695 4159 Tempore
719 4110 849 4163 ergo
880 4098 1226 4164 procedente,
1260 4109 1313 4153 et
1348 4102 1759 4160 advenientibus
1800 4108 1988 4163 diebus

427 4180 627 4246 quibus
654 4185 828 4238 sancti
858 4188 1123 4241 memoria
1152 4190 1482 4254 celebratur,
1510 4193 1623 4246 haec
1646 4194 1787 4247 inter
1815 4212 1872 4250 se
1903 4198 1988 4250 di—

425 4270 638 4336 cebant,
662 4275 1011 4331 recordantes
1038 4278 1132 4331 ﬁlii
1161 4280 1244 4333 sui
1271 4298 1284 4333 :
1313 4280 1555 4348 Agedum
1576 4285 1987 4351 proﬁciscamur

424 4361 492 4421 ad
521 4373 769 4419 sanctum
795 4406 811 4431 ,
842 4376 901 4421 ut
928 4368 973 4422 si
1006 4370 1210 4439 aliquid
1265 4373 1619 4441 reliquiarum
1648 4376 1742 4431 ﬁlii
1788 4381 1980 4445 nostri,

424 4453 567 4522 quod
593 4456 707 4509 ﬁeri
740 4471 847 4511 non
872 4466 1067 4526 potest,
1098 4464 1440 4526 remanserit,
1475 4464 1746 4531 tollamus,
1779 4478 1979 4524 etcum

2097 3270 2222 3330 τοὺς
2266 3268 2578 3337 ὀφθαλμοὺς
2631 3269 2857 3321 θανόντα
2881 3271 2923 3299 ’⁷
2968 3270 3228 3340 καλύψει;
3271 3273 3366 3335 Τίς
3415 3274 3473 3326 δὲ
3516 3275 3676 3327 ἐντα-

2098 3359 2316 3426 φιάσει;
2352 3360 2487 3412 Ποῖα
2514 3360 2568 3412 δὲ
2602 3361 2757 3431 σορὸς
2782 3361 2841 3413 τὸ
2880 3363 3202 3433 περικαλλὲς
3246 3364 3337 3415 καὶ
3374 3366 3678 3435 τερπνότα-

2094 3466 2183 3502 τον
2212 3451 2554 3525 κατακρύψει
2584 3469 2680 3507 σου
2722 3455 3015 3525 σκήνωμα;
3056 3455 3126 3507 Ἦ
3170 3455 3385 3519 ⁸πάντως
3433 3457 3673 3526 ἐκάλυψε

2098 3541 2194 3611 μέν
2254 3559 2347 3597 σου
2400 3548 2524 3609 τοὺς
2573 3547 2880 3616 ὀφθαλμοὺς
2914 3547 3185 3601 θάλασσα’
3248 3548 3576 3615 ἐνεταφίασε
3617 3546 3673 3600 δὲ

2094 3633 2278 3702 βυθός·
2318 3638 2411 3690 καὶ
2431 3637 2641 3708 γαστὴρ
2678 3638 2871 3707 ἰχθύων
2902 3639 3055 3709 σορός
3078 3655 3160 3691 σοι
3197 3640 3432 3706 ἐγένετο.

2161 3722 2259 3785 XI
2292 3730 2447 3783 Οῦτω
2466 3726 2606 3783 δὀὖν
2638 3730 2985 3799 κοπτομένων
3004 3730 3111 3783 τῶν
3130 3732 3391 3783 τεκόντων
3424 3730 3516 3783 τὸν
3537 3732 3675 3803 θρῆη

2090 3830 2199 3880 νον,
2246 3817 2352 3870 τῶν
2397 3820 2572 3871 ἐκεῖσε
2607 3818 2962 3871 συνελθόντων
3001 3820 3143 3882 τινές
3167 3860 3181 3882 ,
3220 3821 3372 3889 μόλις
3409 3820 3543 3873 ποτέ
3570 3821 3669 3873 τοῦ

2092 3909 2287 3981 θρήνου
2318 3911 2521 3963 ἀνεῖναι
2552 3911 2776 3974 τούτους
2808 3910 3120 3963 πεπείκασι.
3144 3913 3251 3964 Καὶ
3283 3912 3345 3983 δὴ
3365 3914 3463 3982 τῆς
3489 3914 3669 3982 οίμω-

2089 4001 2193 4069 γῆς
2218 4000 2319 4053 κᾶν
2355 4002 2489 4073 πρὸς
2519 4002 2694 4070 ὀλίγον
2729 4002 3082 4071 παυσάμενοι,
3104 4002 3281 4055 οἴκαδε
3304 4002 3526 4073 ᾤχοντο.
3553 4004 3667 4056 Τοῦ

2088 4086 2178 4142 οὖν
2223 4090 2413 4160 χρόνου
2462 4092 2909 4162 προοδεύσαντος,
2946 4094 3038 4144 καὶ
3095 4092 3203 4145 τῶν
3230 4094 3327 4163 τῆς
3372 4093 3465 4145 τοῦ
3502 4094 3668 4161 ἁγίου

2091 4184 2306 4253 μνήμης
2327 4183 2545 4253 ἡμερῶν
2568 4184 3006 4249 καταλαϐουσῶν,
3027 4185 3199 4239 τοιάδε
3230 4185 3364 4256 πρὸς
3394 4186 3667 4255 ἀλλήλους

2088 4273 2305 4341 ἔλεγον,
2357 4276 2435 4337 είς
2462 4275 2763 4345 ἀνάμνησιν
2804 4276 2897 4329 τοῦ
2937 4278 3064 4329 ἰδίου
3111 4277 3299 4329 τέκνου
3346 4277 3661 4347 γενόμενον

2086 4362 2254 4434 Δεῦρο
2286 4364 2349 4435 δὴ
2383 4366 2475 4417 καὶ
2502 4365 2853 4436 πορευθῶμεν
2876 4366 3010 4438 πρὸς
3040 4367 3130 4419 τὸν
3162 4367 3345 4433 ἆγιον,
3390 4367 3465 4429 ὡς
3509 4368 3577 4421 ἂν
3609 4372 3672 4424 ετ

2086 4456 2187 4508 πού
2212 4474 2263 4508 τι
2284 4456 2549 4525 λείψανον,
2566 4458 2703 4527 ὅπερ
2725 4458 2999 4521 ἀδύνατον,
3026 4458 3322 4527 ὑπελείφθη
3342 4459 3437 4511 τοῦ
3463 4459 3664 4513 τέκνου

421 4551 615 4598 sancto
638 4547 1032 4603 contendamus
1058 4550 1263 4618 judicio
1286 4568 1299 4615 ;
1323 4552 1406 4605 vel
1441 4563 1494 4607 et
1517 4554 1654 4609 forte
1686 4530 1984 4615 moriamur

2107 4545 2242 4617 πμῶν
2274 4545 2580 4616 λαϐώμεθα,
2615 4547 2823 4600 καὶτὸν
2856 4548 3009 4614 ἆγιον
3038 4546 3413 4617 δικασώμεθα,
3447 4548 3499 4599 el.’
3537 4564 3665 4611 πως

424 4635 557 4698 illic.
590 4638 783 4693 mortis
815 4640 968 4709 pueri
1001 4644 1315 4713 participes.
1351 4643 1475 4699 Haec
1505 4647 1688 4716 itaque
1717 4650 1979 4719 dicentes,

424 4726 663 4780 nondum
689 4728 843 4785 ﬁnito
866 4746 1118 4786 sermone
1140 4771 1155 4795 ,
1193 4732 1581 4802 profectionem
1629 4739 1975 4798 inclioarunt.

418 4817 668 4888 Cumque
718 4823 1117 4889 accessissent,
1170 4836 1222 4879 ct
1264 4828 1329 4881 ad
1366 4827 1541 4881 locum
1584 4834 1976 4898 pervenissent,

421 4918 584 4978 atque
615 4915 1015 4969 retrocessisset
1042 4932 1225 4982 mare;
1259 4918 1366 4972 Deo
1396 4920 1475 4975 sic
1492 4924 1654 4977 etiam
1679 4924 1980 4983 honorante

422 5008 712 5071 martyrem
736 5045 752 5069 ,
783 5006 939 5073 primi
980 5006 1032 5059 in
1064 5008 1393 5076 profundum
1420 5012 1746 5079 insilierunt,
1778 5017 1978 5073 stimu-

420 5092 565 5147 lante
590 5094 683 5147 lilii
706 5096 1011 5152 desiderio:
1042 5114 1246 5168 eosque
1270 5116 1505 5171 sequens
1534 5105 1824 5160 multitudo
1856 5123 1979 5177 per-

416 5184 593 5254 gebat.

483 5342 596 5400 XII.
638 5344 706 5400 Et
752 5362 876 5403 cum
932 5347 1003 5403 ad
1051 5348 1199 5403 omni
1245 5351 1393 5406 cultu
1443 5352 1664 5421 dignum
1723 5356 1976 5426 martyris

2084 4638 2177 4691 καὶ
2208 4636 2474 4707 θανοῦμεν
2496 4638 2693 4699 ἐκεῖσε,
2730 4638 2806 4707 τῷ
2846 4638 3062 4707 θανάτῳ
3096 4637 3191 4690 τοῦ
3230 4637 3416 4703 παιδὸς
3459 4656 3661 4691 κοινω-

2082 4733 2359 4802 νήσαντες.
2398 4730 2558 4783 Ταῦτ’
2590 4727 2682 4783 οῦν
2712 4731 2975 4794 εἰπόντες,
2998 4729 3149 4783 οὔπω
3179 4731 3330 4793 τέλος
3360 4730 3663 4811 τοῖςλεγο-

2084 4821 2265 4891 μένοις
2294 4820 2589 4885 τεθείκασι,
2638 4821 2730 4874 καὶ
2762 4822 2861 4890 τὴν
2910 4822 3134 4891 πορείαν
3167 4821 3499 4894 ἀπήρξαντρ.
3541 4823 3663 4875 Καὶ⁵

2077 4910 2141 4982 δὴ
2175 4912 2625 4983 παραγεγονότες,
2662 4913 2751 4965 καὶ
2782 4912 2872 4965 τὸν
2908 4914 3072 4965 τόπον
3114 4912 3522 4977 καταλαὸὀντες,
3558 4914 3663 4967 καὶ¹

2076 5002 2178 5070 τῆς
2232 5002 2502 5073 θαλάσσης
2564 5004 3029 5074 ὑποχωρήσάσης,
3072 5003 3337 5074 τιμῶντος
3376 5004 3467 5056 τοῦ
3511 5003 3662 5059 Θεοῦ

2080 5091 2357 5145 κάνταῦθα
2384 5092 2474 5143 τὸν
2510 5091 2780 5163 μάρτυρα,
2810 5092 2888 5161 τῷ
2911 5092 3004 5144 τοῦ
3034 5094 3227 5146 τέκνου
3271 5093 3419 5163 πόθῳ
3461 5092 3663 5146 δακνό-

2081 5198 2249 5250 μενοι,
2282 5182 2484 5253 πρῶτοι
2511 5182 2588 5252 τῷ
2622 5181 2767 5252 βυθῷ
2800 5184 3194 5255 εἰσεπήδησανο
3230 5183 3564 5255 ἐφεπόμενόν
3588 5203 3657 5240 τε

2075 5272 2282 5336 τούτοις
2312 5273 2373 5325 τὸ
2401 5272 2602 5344 πλῆθος
2621 5274 2908 5344 ἐπήρχετο.

2145 5364 2258 5419 ΧΙΙ.
2284 5367 2393 5419 Καὶ
2423 5366 2486 5436 δὴ
2520 5366 2611 5418 τὸν
2649 5365 2955 5419 πάνσεπτον
2984 5366 3105 5419 ναὸν
3140 5367 3529 5433 καταλαϐόντες
3551 5371 3654 5425 τοῦ

796 5540 803 5547 ς
1671 5474 1903 5530 VARUE
1944 5478 2343 5537 LECTIONES.

482 5546 707 5643 ξξζδδίρ
726 5549 1033 5643 Ῑθξθηάμω,
1051 5570 1159 5643 11913
1188 5556 1490 5643 ἐκτείνασα,
1512 5571 1568 5614 ut
1588 5562 1831 5643 ediderat
1852 5568 2171 5637 Cotelerius,
2195 5574 2287 5643 qui
2303 5583 2534 5628 verterat
2557 5573 2804 5634 extensis,
2820 5587 2998 5643 neque
3013 5572 3155 5625 enim
3176 5572 3357 5643 Graece
3378 5574 3656 5631 ἐκτείνειν

408 5612 719 5684 ὸφθελμούς

801 5621 985 5697 _i_x_cris,
1019 5624 1108 5678 sed
1135 5626 1386 5680 ἐντείνειν
1406 5670 1420 5692 ,
1451 5621 1714 5685 intendere
1742 5673 1755 5695 ,
1797 5653 1901 5689 non
1937 5621 2448 5697 leas—trnfde're—o-culos.
2480 5644 2643 5697 Cum.

2722 5643 2768 5675 ’⁵
2801 5644 2873 5695 al.
2908 5641 3115 5696 τοῦτον.
3193 5644 3237 5674 ’⁸
3271 5642 3452 5707 Ποίοις
3486 5650 3657 5700 ποσὶν

1015 5683 1595 5783 commode‘conversa
1620 5683 1754 5783 sunt,
1778 5707 1889 5783 hiec
1924 5711 2065 5783 apud
2374 5683 2607 5769 scdvnos
2638 5728 2744 5767 non
2768 5712 3075 5769 solemusin
3099 5683 3654 5783 ﬁdem'lnterpretum

410 5765 684 5821 Inquircre
711 5774 724 5810 :
750 5765 1005 5817 enitimur
1029 5765 1219 5819 melius
1246 5766 1602 5838 interpretari.
1634 5775 1765 5829 Cor.
1811 5778 1851 5808 ’τ
1888 5765 2251 5847 θὶίθανόντος.
