3818 6216
106 263 198 318 διι

606 254 912 309 EPHRAIM
951 252 1339 309 CHERSONIS
1377 248 1694 304 ARCHIEP.
1736 248 1823 303 DE
1862 250 2220 305 MlRACULO
2261 252 2324 305 S.
2366 247 2771 307 CLEMENTIS.

3222 250 3328 304 (in

109 373 410 444 μάρτυρος,
440 361 483 422 ὦ
510 368 603 422 τοῦ
638 367 941 439 θαύματοςὲ
990 368 1155 439 ὁρῶσι
1189 370 1249 418 τδ
1298 365 1426 419 ἴδιον
1475 363 1664 416 τέκνον

1791 365 2026 433 emplum
2058 367 2436 434 pervenissent
2456 408 2471 429 ,
2500 384 2534 422 ο
2558 368 2917 422 miraculum!
2947 368 3131 422 vident
3158 368 3327 423 illium

106 464 209 526 ζῶν
238 463 331 515 καὶ
372 458 592 531 φαιδρὸν
622 459 716 512 καὶ
758 459 1067 530 ἁλλόμενον.
1111 458 1196 520 Ὡς
1228 457 1284 509 δὲ
1325 457 1383 508 ἐν
1428 454 1667 523 θαύμασι

107 552 284 624 θαῦμα
304 550 704 623 περιτυχόντες,
740 548 1105 617 ἐκπλαγέντες
1130 564 1189 600 τε
1218 545 1296 617 τῷ
1318 543 1538 614 ἐξαισίῳ
1567 560 1666 614 με-

108 644 533 715 γαλουργήματι,
559 641 753 712 πρῶτα
773 640 870 711 μὲν
891 640 952 693 τὸ
978 638 1119 692 θεῖον
1134 637 1414 707 ἐγέραιρον
1428 651 1442 665 ο
1479 634 1669 687 ἔπειτα

107 735 159 787 δέ
183 734 272 787 τὸν
306 735 560 805 μάρτυρα
590 730 1017 804 εὐχαριστηρίοις
1037 731 1238 798 φωναῖς
1260 722 1628 794 ἐπευφήμιζον
1654 736 1669 752 ⁸

110 821 222 879 εἶτα
252 824 328 896 τῷ
360 824 467 895 νέῳ
487 822 766 885 ἐπύθοντο,
792 821 909 883 πῶς
952 820 1251 883 σέσωσται,
1285 816 1431 878 τίνος
1470 814 1671 882 ζωογο-

108 914 328 980 νοῦντος,
352 914 497 977 τίνος
535 913 927 986 φυλάσσοντος,
966 912 1060 964 καὶ
1085 909 1227 972 τίνος
1257 908 1565 979 τρέφοντος.
1612 903 1669 956 '0

109 1004 163 1059 δέ
182 1024 242 1075 γε
271 1008 421 1071 παῖς,
456 1008 523 1077 τῇ
551 1006 647 1076 μὲν
679 1007 777 1076 μιᾷ
801 1004 942 1075 χειρὶ
986 1001 1229 1071 κατέχων
1273 1001 1373 1070 τὴν
1401 998 1667 1071 λάρνακα,

109 1099 169 1166 τῇ
196 1096 251 1147 δέ
288 1094 455 1165 ἐτέρᾳ
497 1092 950 1147 δακτυλοδεικτῶν
989 1090 1081 1143 τὸν
1126 1089 1335 1143 ἔνδοθεν
1384 1088 1669 1158 κείμενον,

111 1187 213 1246 τοῖς
239 1183 515 1255 ἐρωτῶσιν
547 1182 984 1254 άνταπεκρίνετο·
1017 1175 1183 1243 Οὖτός
1220 1196 1319 1249 μου
1359 1177 1495 1251 μετὰ
1539 1177 1671 1230 Θεὸν

112 1279 197 1331 καὶ
226 1277 337 1349 ζωὴ
366 1278 464 1331 καὶ
482 1278 677 1349 τροφὴ,
724 1278 816 1329 καὶ
847 1276 956 1328 τῶν
991 1277 1047 1328 ἐν
1084 1276 1151 1344 τῇ
1193 1273 1434 1345 Θαλάσσῃ
1468 1271 1671 1341 θηρίων

113 1372 429 1441 ἀμυντήριον
466 1370 738 1439 ἐγεγόνει·
776 1364 929 1432 οὖτός
947 1385 1014 1439 με
1064 1366 1185 1421 καθ’
1217 1366 1450 1435 ἑκάστην
1487 1361 1671 1431 ἐτιθησ-

114 1465 242 1516 νεῖτο
283 1462 661 1533 λαμπρότατα.

1768 470 1928 508 suum
1969 456 2235 509 viventem
2289 472 2354 511 ac
2412 458 2593 512 laetum
2634 468 2797 528 atque
2847 459 3208 515 exsilienteni.
3260 458 3333 514 Ut

1768 563 1897 601 vero
1927 548 1982 600 in
2008 548 2292 604 miraculis
2323 550 2651 604 miraculum
2682 550 3048 618 oll‘enderunt,
3079 551 3337 621 obstupe-

1768 646 1981 690 scentes
2030 652 2195 706 super
2253 654 2452 707 magno
2491 640 2803 711 eximioque
2852 656 3043 710 opere,
3095 642 3335 711 primum

1769 725 1987 793 quidem
2019 724 2130 780 Deo
2156 725 2419 781 honorem
2442 727 2742 795 dederunt;
2778 731 2975 785 deinde
3012 745 3141 785 vero
3181 746 3331 785 mar-

1770 823 1942 885 tyrem
1972 817 2456 873 acclamationibus
2487 828 2541 873 et
2562 820 2857 889 gratiarum
2875 821 3182 876 actionibus
3203 835 3334 890 pro-

1771 910 1944 963 secuti
1994 922 2141 967 sunt.
2196 909 2392 966 Postea
2448 913 2847 969 adolescentem
2910 915 3334 985 interrogarunt,

1770 1015 1880 1071 quo
1908 1010 2067 1071 pacto
2112 1012 2361 1058 servatus
2411 1005 2628 1072 fuisset,
2660 1022 2901 1076 quonam
2938 1006 3107 1062 vitam
3151 1006 3337 1069 dante,

1773 1108 2015 1161 quonam
2070 1094 2435 1161 custodiente,
2479 1106 2534 1151 et
2566 1113 2807 1167 quonam
2845 1098 3137 1155 nutriente.
3198 1100 3342 1154 Puer

1773 1193 1977 1249 autem,
2010 1199 2115 1237 una
2151 1185 2372 1253 quidem
2409 1200 2574 1240 manu
2611 1195 2802 1241 tenens
2837 1202 3046 1254 arcam,
3073 1190 3179 1245 alia
3209 1206 3343 1245 vero

1774 1273 2025 1329 indicans
2046 1274 2216 1345 digito
2256 1291 2384 1329 eum
2411 1276 2505 1346 qui
2553 1276 2703 1332 intus
2727 1278 2965 1346 jacebat,
2997 1281 3343 1351 interrogan-

1774 1366 1922 1422 tibus
1950 1366 2195 1421 vicissim
2250 1368 2567 1436 respondit:
2612 1367 2710 1422 Hic
2761 1369 2893 1422 mihi
2926 1380 3048 1438 post
3092 1370 3261 1425 Deum
3290 1383 3345 1427 et

1774 1458 1906 1525 vita,
1939 1468 1993 1513 et
2028 1443 2370 1524 alimentum,
2416 1467 2470 1511 et
2522 1458 2787 1513 adversus
2838 1459 3082 1513 marinas
3136 1461 3344 1517 belluas

1774 1550 2247 1620 propugnaculum
2295 1550 2532 1604 exstitit:
2562 1550 2652 1604 hic
2687 1564 2774 1602 me
2819 1549 3064 1619 quotidie
3099 1553 3343 1622 splendi-

1778 1642 2002 1697 dissime
2031 1642 2361 1696 nutricabat.

172 1745 305 1800 XIII.
339 1748 403 1800 0i
438 1744 594 1803 δὀὖν
628 1747 901 1811 τεκόντες,
939 1746 1135 1817 θάμϐει
1173 1747 1267 1801 καὶ
1292 1748 1436 1817 χαρᾷ
1473 1761 1671 1816 συσχε-

1842 1735 1982 1792 Xlll.
2013 1734 2275 1791 Parentes
2302 1744 2508 1799 autem,
2533 1738 2895 1794 admiratione
2933 1756 2996 1795 ac
3026 1740 3212 1796 laetitia
3243 1741 3342 1795 de.-

114 1838 301 1903 θέντες,
331 1843 400 1911 τῇ
427 1856 489 1892 τε
516 1838 694 1892 πίστει
733 1838 893 1892 πλέον
924 1837 1307 1908 βεϐαιωθέντες
1332 1837 1426 1890 τοῦ
1463 1838 1675 1907 μάρτυ-

115 1947 215 2001 ρος,
240 1931 305 1985 δι’
320 1926 382 1985 οὖ
414 1932 507 1984 τὸν
522 1932 711 2003 νεκρὸν
736 1930 1054 2001 νομισθέντα
1089 1928 1202 1983 υίὸν
1236 1927 1410 1994 ζῶντα
1450 1929 1675 1999 ἀπείλη-

114 2037 228 2087 φαν,
265 2021 394 2082 τοὺς
430 2020 730 2091 προτέρους
765 2018 991 2091 θρήνους
1028 2018 1109 2081 εἰς
1138 2016 1486 2087 εὐχαριστίαν
1524 2014 1677 2086 ἐτρέ-

111 2109 288 2177 ψαντο,
318 2109 499 2162 τοιάδε
530 2110 608 2180 τῷ
637 2108 775 2179 ἁγίῳ
790 2106 1172 2177 ἐπιϐοώμενοι·
1217 2107 1303 2168 Ὠς
1330 2105 1544 2176 ἀληθῶς
1571 2106 1677 2176 ἄρα

115 2201 444 2269 θαυμαστὸς
468 2204 509 2254 ό⁸
525 2201 668 2266 Θεὸς
686 2201 756 2254 ἐν
771 2200 895 2265 τοῖς
912 2199 1101 2267 ἁγίοις
1119 2196 1322 2262 αὐτοῦ,
1340 2198 1432 2249 καὶ
1452 2195 1680 2264 θέλημα

114 2290 221 2344 τῶν
250 2291 639 2361 φοᾶουμένων
665 2290 850 2345 αὐτὸν
892 2288 1096 2355 ποιῶν,
1142 2287 1240 2341 καὶ
1280 2286 1390 2355 τῆς
1418 2285 1681 2352 δεήσεως

114 2377 297 2432 αὐτῶν
326 2380 683 2433 είσακούων.
721 2380 970 2441 Ἐσωσας
1001 2377 1188 2449 ήμῶν,
1225 2377 1399 2445 Ἀγιε,
1420 2376 1511 2429 τὸν
1543 2376 1677 2441 υἱὸν,

116 2467 389 2531 ἀπέδωκας
413 2470 549 2538 ἡμῖν
597 2467 693 2521 τὸν
727 2468 827 2520 οὐκ
846 2466 1217 2536 ἐλπιζόμενον.
1246 2462 1317 2519 Ὦ
1353 2465 1547 2537 οὐρανέ
1588 2466 1682 2518 καὶ

116 2557 198 2629 γῆ,
214 2560 304 2612 καὶ
323 2561 388 2613 σὺ
413 2557 566 2628 βυθέ,
590 2560 617 2611 ὁ
634 2558 762 2627 πρὶν
779 2558 866 2627 ὑφ’
884 2557 1039 2628 ἡμῶν
1062 2556 1435 2630 ἐπαρώμενος,
1460 2556 1681 2626 έκστηθι

116 2649 185 2719 τῷ
219 2649 356 2727 ὑπὲρ
386 2649 553 2719 φύσιν
576 2648 751 2720 τούτῳ
779 2648 1272 2721 μεγαλουργήματι.
1301 2650 1483 2712 ’Ἱλεως
1510 2649 1565 2701 δὲ
1590 2647 1684 2701 καὶ

121 2740 268 2805 αὐτὸς
298 2740 463 2809 γενοῦ
484 2781 499 2806 ,
531 2740 685 2808 ἅγιε,
722 2735 797 2793 ὧν
832 2741 968 2812 πρὸς
1014 2740 1072 2793 σὲ
1102 2744 1169 2811 τῇ
1208 2740 1377 2809 θλίψει
1412 2738 1684 2811 τρυχόμεο

119 2850 193 2885 νοι
222 2832 543 2903 ἐπράξαμέν
570 2849 630 2884 τε
657 2832 751 2884 καὶ
767 2833 990 2903 εἴπομεν
1009 2849 1021 2860 ’
1052 2832 1125 2902 μὴ
1143 2830 1539 2893 άνταποδώσεις
1555 2832 1687 2900 ἡμῖν

119 2923 207 2999 τὴν
231 2924 335 2979 τῶν
366 2924 730 2995 βλασφημιῶν
771 2924 1144 2978 ἀνταπόδοσιν.
1183 2923 1447 2976 Τὸν-υίὸν
1484 2922 1692 2976 ἀπελά-

123 3012 294 3085 6ομεν,
326 3017 418 3069 τὸν
450 3016 645 3086 νεκρὸν
678 3015 764 3067 διὰ
794 3014 886 3067 σοῦ
916 3014 1011 3067 νῦν
1036 3014 1345 3077 ἀναστάντα
1370 3011 1687 3083 ἐδεξάμεθα,

1776 1826 1933 1890 tenti,
1968 1837 2021 1880 et
2051 1826 2107 1879 in
2164 1826 2267 1881 ﬁde
2319 1829 2578 1898 martyris
2630 1833 2806 1901 magis
2859 1833 3166 1887 conﬁrmati
3198 1874 3211 1897 ,
3251 1850 3347 1903 per

1775 1931 1935 1985 quem
1984 1916 2154 1971 ﬁlium
2192 1933 2353 1987 quem
2382 1930 2709 1987 putaverant
2748 1933 3047 1989 mortuum,
3072 1925 3345 1981 viventem

1778 2014 2116 2072 receperant,
2157 2006 2370 2074 priores
2410 2007 2591 2062 luctus
2636 2009 2690 2062 in
2743 2012 3043 2079 gratiarum
3079 2013 3351 2069 actionem

1778 2104 2188 2161 converterunt,
2232 2097 2472 2166 taliaque
2501 2098 2876 2155 acclamarunt
2908 2113 3097 2159 sancto
3120 2122 3137 2157 :
3172 2104 3346 2170 Quam

1780 2200 1905 2239 vere
1929 2186 2116 2256 utique
2145 2188 2407 2242 mirabilis
2436 2189 2579 2244 Deus
2604 2192 2655 2243 iu
2687 2195 2884 2247 sanczis
2924 2198 3033 2247 suis
3073 2208 3121 2259 ι,
3158 2207 3211 2251 et
3255 2212 3347 2250 va-

1781 2275 2037 2329 luntatem
2073 2280 2368 2332 timentium
2399 2297 2454 2334 se
2480 2282 2699 2348 faciens,
2728 2284 3241 2357 deprecationemque
3262 2305 3349 2341 e0-

1783 2385 1897 2420 rum
1928 2372 2214 2423 exaudiens
2236 2372 2285 2425 δ.
2333 2371 2592 2439 Servasti,
2623 2385 2829 2441 sancte,
2860 2378 3028 2430 lilium
3061 2389 3307 2433 nostrum
3335 2398 3352 2445 ;

1782 2460 2065 2515 reddidisti
2113 2463 2269 2517 nobis
2301 2479 2462 2533 quem
2496 2480 2605 2518 non
2650 2467 3027 2535 sperabamus.
3079 2466 3129 2523 Ο
3157 2470 3355 2525 caelum

1782 2563 1836 2606 et
1859 2563 2022 2618 terra,
2057 2565 2223 2624 tuque
2249 2572 2448 2627 gurges
2480 2558 2632 2627 prius
2664 2575 2695 2613 a
2728 2561 2887 2614 nobis
2932 2572 3231 2629 exsecratc,
3258 2564 3358 2619 ob-

1785 2654 2034 2716 stupesce
2052 2664 2215 2717 super
2243 2650 2345 2704 hoc
2368 2660 2617 2706 naturam
2641 2654 2933 2707 excedente
2952 2669 3147 2723 magno
3170 2671 3355 2724 opere.

1788 2738 1921 2794 Esto
1945 2749 2122 2793 autem
2158 2749 2214 2794 tu
2263 2758 2504 2812 quoque,
2559 2760 2593 2799 0
2641 2754 2847 2809 sancte,
2882 2747 3167 2815 propitius,
3204 2747 3257 2801 in
3291 2747 3359 2801 iis

1788 2845 1909 2898 quae
1933 2840 2121 2884 contra
2151 2840 2200 2885 tc
2234 2832 2525 2887 alilictione
2553 2837 2771 2889 contriti
2805 2852 2929 2889 cum
2965 2835 3211 2900 fecimus,
3245 2849 3358 2891 tum

1790 2924 2064 2977 diximus:
2112 2940 2179 2977 ne.
2210 2925 2483 2981 retribuas
2529 2928 2690 2981 nobis
2737 2928 3109 2983 conviciorum
3134 2931 3360 2984 retribu-

1796 3014 2018 3067 tionem.
2048 3012 2248 3066 Filium
2277 3017 2740 3084 recuperavimus,
2781 3029 3054 3072 mortuum
3092 3035 3238 3073 nunc
3267 3035 3362 3088 per

120 3107 209 3177 τὴν
234 3107 324 3159 τοῦ
353 3108 545 3179 γήρως
577 3106 873 3177 βακτηρίαν
912 3109 977 3177 σῇ
1013 3105 1232 3177 βοηθείᾳ
1268 3105 1430 3158 πάλιν
1467 3105 1683 3175 ἔχομεν.

1792 3116 1842 3159 te
1872 3106 2194 3159 suscitatum
2238 3109 2569 3176 accepimus,
2628 3110 2881 3163 baculum
2937 3114 3231 3166 senectutis
3264 3122 3358 3166 tuo

124 3197 181 3249 τί
206 3198 267 3251 τὰ
313 3198 490 3251 πολλὰ
524 3197 791 3268 λέγομεν;
822 3197 912 3249 τὸν
952 3198 1012 3249 οὐ
1038 3198 1333 3268 τριήμερω
1364 3197 1478 3249 ἀλλ’
1508 3195 1688 3248 ἐνιαύ-

127 3304 226 3341 σιον
251 3289 462 3361 νεκρὸν,
511 3289 606 3341 καὶ
642 3289 704 3341 οὐ
744 3288 875 3358 λίθῳ
922 3288 1036 3341 ἀλλ’
1068 3288 1220 3341 ὕδατι
1262 3288 1685 3359 καλυπτόμενον,

126 3380 211 3433 καὶ
238 3381 333 3451 οὐχ
359 3380 469 3434 ὑπὸ
502 3379 815 3450 σκωλήκων,
849 3378 885 3431 ἃ
915 3380 1013 3450 τῆς
1035 3379 1128 3432 τοῦ
1161 3378 1407 3450 σώματός
1445 3381 1559 3432 ἐστι
1586 3379 1689 3449 φύ-

129 3488 254 3535 σεως
286 3472 392 3525 ιδια
415 3512 430 3538 ,
462 3470 842 3542 δαπανηθέντα
862 3510 876 3535 ,
928 3470 1065 3524 ἀλλὰ
1101 3470 1191 3525 τὸν
1238 3472 1343 3525 ὑπὸ
1387 3472 1584 3542 ἰχθύων
1615 3474 1692 3536 ὡς

128 3564 438 3637 ἐνομίσαμεν
496 3564 935 3637 καταϐρωθέντα,
990 3565 1124 3618 σῶον
1174 3566 1261 3619 διὰ
1301 3566 1393 3619 σοῦ
1426 3567 1693 3620 ἀπελάϐο-

132 3672 239 3725 μεν.
268 3654 408 3725 Εὖγε
430 3657 534 3727 τῆς
555 3657 795 3727 χάριτος,
825 3653 951 3725 εὖγε
986 3658 1084 3729 τῆς
1104 3657 1278 3729 δόξης,
1316 3654 1444 3728 εὖγε
1475 3660 1575 3731 τῆς
1600 3660 1692 3714 δυ-

129 3748 333 3819 νάμεως
369 3751 585 3821 καὶτῆς
617 3750 935 3822 εὐεργεσίας
984 3767 1098 3814 σου,
1131 3750 1274 3818 ἆγιε.
1316 3751 1469 3805 Οὕτω
1514 3752 1694 3806 τοίνυν

130 3841 211 3895 τὸν
240 3843 385 3912 ᾶγιον
418 3842 560 3914 μετὰ
587 3842 834 3915 δακρύων
867 3844 1375 3913 ἐπευφημήσαντες,
1412 3844 1504 3898 τὸν
1533 3846 1697 3899 παῖδα

132 3933 400 4005 ἀράμενοι,
419 3934 603 3989 οἴκαδε
635 3934 1019 4006 παρεγένοντο,
1040 3935 1172 3986 πᾶσι
1208 3933 1269 3987 τὸ
1303 3933 1486 4007 θαῦμα
1516 3937 1697 4010 ἐκδιη-

133 4022 222 4087 γού
230 4040 392 4093 μενοι.

196 4113 327 4169 XIV.
358 4115 425 4169 Τί
458 4110 553 4169 οὖν
587 4115 738 4187 ’πρὸς
776 4116 949 4168 ταῦτα
992 4117 1085 4169 καὶ
1134 4117 1577 4189 παρισώσαιμεν;
1606 4121 1697 4175 τὸν

150 4206 320 4260 Ἠλίαν
343 4208 475 4276 φασί
508 4224 638 4260 ποτε
656 4209 748 4261 τὸν
779 4208 969 4278 νεκρὸν
999 4208 1176 4272 ζῶντα
1209 4210 1323 4262 υἱὸν
1346 4213 1412 4281 τῇ
1450 4210 1553 4282 ἰδία
1567 4212 1700 4265 ἀπο-

137 4296 306 4353 δοῦναι
332 4300 529 4371 μητρί·
560 4300 588 4352 ὃ
643 4301 784 4371 μέγα
822 4318 883 4353 τε
926 4300 1159 4373 ὑπάρχει
1207 4302 1303 4354 καὶ
1347 4302 1701 4373 ὑπερθαύμα-

1788 3197 1994 3250 auxilio
2058 3197 2251 3250 iterum
2329 3199 2615 3254 habemus.
2663 3199 2803 3268 Quid
2864 3202 3096 3257 dicimus
3159 3204 3365 3259 multa?

1791 3304 1897 3340 non
1940 3288 2253 3342 triduanum
2287 3290 2379 3344 sed
2413 3306 2654 3345 annuum
2686 3301 2989 3359 mortuum,
3044 3309 3143 3349 nec
3187 3295 3363 3364 lapide

1791 3379 1885 3432 sed
1913 3394 2053 3446 aqua
2088 3380 2389 3445 obtectum,
2425 3398 2525 3436 nec
2558 3398 2588 3436 a
2617 3384 2893 3437 vermibus
2925 3384 3083 3452 juxta
3116 3386 3363 3453 corporis

1792 3476 2045 3521 naturam
2077 3479 2486 3539 consumptum,
2525 3470 2618 3525 sed
2651 3488 2680 3525 a
2715 3472 2957 3541 piscibus
3008 3480 3068 3525 ut
3113 3474 3361 3527 arbitrati

1793 3574 1984 3613 sumus
2020 3559 2361 3624 devoratum,
2401 3560 2608 3615 salvum
2641 3576 2735 3630 per
2767 3570 2817 3614 te
2844 3562 3172 3631 recepimus.
3214 3564 3364 3632 Euge

1794 3650 2062 3719 gratiam;
2096 3665 2231 3720 euge
2256 3651 2519 3721 gloriam;
2554 3666 2692 3722 euge
2730 3655 3030 3722 potentiam
3070 3662 3123 3708 et
3162 3654 3365 3709 beneﬁ—

1794 3744 1939 3797 cium
1971 3752 2122 3798 tuum
2152 3785 2167 3809 ,
2205 3758 2239 3798 o
2281 3752 2487 3799 sancte.
2535 3743 2649 3799 Hoc
2696 3745 2861 3816 igitur
2911 3746 3071 3801 modo
3113 3758 3361 3803 sanctum

1795 3848 1919 3887 cum
1948 3833 2206 3905 lacrymis
2228 3840 2282 3888 et
2310 3835 2799 3891 acclamationibus
2817 3838 3113 3906 prosecuti,
3132 3854 3363 3908 puerum

1796 3923 2067 3989 tollentes,
2128 3940 2385 3981 revenere
2444 3926 2708 3994 domum,
2760 3929 2976 3984 cunctis
3035 3930 3363 3986 miraculum

1796 4024 2136 4084 enarranles.

1865 4105 2007 4160 XIV.
2069 4107 2210 4173 Quid
2264 4122 2395 4179 ergo
2444 4122 2568 4162 cum
2618 4109 2707 4164 his
2754 4109 3139 4168 conferemus?
3189 4113 3363 4170 Eliam

1798 4198 1952 4253 aiunt
1973 4200 2101 4255 olim
2132 4200 2300 4254 ﬁlium
2330 4211 2604 4257 mortuum
2639 4203 2800 4257 matri
2838 4205 3071 4273 pr0pria:
3096 4206 3366 4261 viventem

1800 4290 2100 4345 reddidisse
2126 4302 2189 4358 c;
2235 4293 2377 4361 quod
2410 4302 2464 4347 et
2486 4309 2743 4361 magnum
2781 4301 2865 4347 est
2901 4304 2955 4348 et
2990 4296 3145 4350 valde
3193 4297 3371 4351 admi-

142 4405 268 4443 στον.
329 4390 489 4444 Ἀλλὰ
538 4392 631 4443 καὶ
662 4391 738 4463 τῷ
781 4392 1082 4445 Ἐλισσαίου
1115 4392 1266 4454 ποτέ,
1303 4394 1378 4455 ὡς
1404 4393 1685 4465 ἱστοροῦσι,

1802 4380 1993 4434 rabile.
2035 4379 2139 4435 Sed
2176 4390 2229 4435 et
2269 4381 2537 4449 referunt,
2562 4383 2627 4437 ad
2653 4382 2819 4438 Elisei
2850 4385 3144 4454 aliquando
3186 4388 3366 4456 sepul-

146 4482 388 4552 μνήματι,
415 4482 520 4535 ὑπό
547 4498 709 4536 τινων
730 4482 1066 4553 ἀνδροφόνων
1092 4482 1414 4551 φονευθέντα
1442 4484 1582 4547 τινὰ,
1602 4484 1695 4536 καὶ

142 4570 195 4623 ἐν
220 4572 360 4643 αὐτῷ
395 4572 638 4644 ῥιφέντα,
674 4572 836 4635 εὐθὺς
875 4572 1232 4643 ἀνεγερθῆναί
1263 4591 1323 4625 τε
1356 4576 1450 4627 καὶ
1498 4575 1691 4643 ζῆσαιο

143 4660 169 4712 δ
194 4662 365 4732 μεῖζον
391 4664 486 4717 τοῦ
515 4663 783 4735 προτέρου
817 4664 911 4717 καὶ
932 4662 1326 4736 ἐξαισιώτερον.
1353 4665 1463 4718 Καὶ
1492 4666 1697 4736 Πέτρος

144 4753 194 4805 δὲ
222 4757 275 4809 ἐν
290 4738 429 4820 *τοῖς
468 4756 591 4809 καθ’
624 4757 771 4826 ἡμᾶς
793 4794 808 4819 ,
861 4759 895 4828 ή
942 4757 1050 4810 τῶν
1098 4758 1408 4811 ἀποστόλων
1445 4758 1692 4829 κορωνὶς,

144 4843 233 4912 τὴν
273 4846 650 4917 πτωχοτρόφον
687 4846 898 4917 ἐκείνην
943 4847 1116 4918 χήραν
1163 4846 1399 4900 Ταϐιθὰν
1433 4847 1697 4901 θανοῦσαν

146 4931 377 5006 αὐθωρον
408 4940 684 5009 προσευχῇ
714 4936 1085 5007 ὲξανέστησεν.
1117 4937 1299 4990 Ταῦτα
1330 4937 1427 5009 μέν
1448 4934 1541 4991 οὖν
1569 4937 1699 4991 θαυ-

152 5026 315 5092 μαστά
345 5029 441 5082 καὶ
475 5029 870 5100 ὑπέρλαμπραο
904 5028 965 5081 τὸ
994 5029 1050 5081 δὲ
1100 5029 1271 5100 παρὸν
1316 5029 1533 5099 θαῦμα,
1574 5030 1697 5083 ὅσον

148 5112 337 5169 τούτων
363 5118 797 5190 ὑπερανέστηκεν
818 5120 830 5172 ι

211 5203 320 5260 XV.
350 5210 459 5263 Καὶ
484 5211 584 5282 ὅρα
610 5228 698 5281 μοι
727 5210 1005 5282 προσέχων
1046 5211 1105 5264 τὸ
1142 5211 1407 5284 ὑπέροχον
1432 5212 1526 5266 τοῦ
1572 5213 1701 5267 θαύ-

155 5308 329 5364 ματος.
383 5299 439 5352 Ὀ
471 5299 571 5369 μὲν
616 5299 817 5365 Ἠλίας,
850 5301 925 5364 ὡς
953 5301 1290 5373 προέφημεν,
1321 5303 1443 5374 ἄρτι
1478 5303 1703 5358 θανόντα

151 5384 235 5439 τὸν
254 5388 408 5443 παῖδα
435 5392 528 5443 καί
553 5389 707 5444 οὔπω
739 5392 1137 5463 καταψυχέντα,
1162 5393 1277 5446 ἀλλ’
1309 5394 1475 5447 εἰσέτι
1505 5394 1567 5447 τὸ
1591 5395 1706 5466 θερ-

158 5475 247 5547 μὸν
272 5480 365 5550 τῆς
385 5480 596 5549 φύσεως
622 5482 970 5548 διασώζοντα,
1017 5468 1390 5557 ἐξανέστησεν.
1440 5485 1503 5539 Ἦ
1522 5486 1579 5538 δέ
1610 5484 1703 5540 τοῦ

1802 4490 1954 4527 crum
1983 4474 2272 4543 quemdam
2293 4476 2361 4529 ab
2378 4474 2652 4544 aliquibus
2693 4476 2984 4532 bomicidis
3021 4478 3365 4533 interfectum

1801 4579 1865 4618 ac
1887 4564 1939 4616 in
1964 4580 2029 4619 eo
2046 4565 2369 4634 projectum,
2389 4568 2573 4621 statim
2597 4568 2967 4623 resurrexisse
2991 4585 3055 4624 ac
3077 4570 3277 4626 vixisse
3305 4573 3368 4625 δε

1801 4654 1947 4724 quod
1976 4657 2158 4725 priore
2198 4657 2376 4727 majus
2425 4667 2509 4712 est
2538 4668 2703 4727 atque
2749 4661 3078 4715 mirabilius.
3132 4661 3197 4717 Et
3238 4679 3373 4718 vero

1804 4746 1945 4800 inter
1976 4763 2070 4802 eos
2099 4747 2192 4817 qui
2223 4748 2287 4801 ad
2316 4763 2416 4803 nos
2442 4749 2733 4817 pertinent,
2761 4749 2954 4806 Petrus
2993 4753 3371 4822 apostolorum

1800 4849 2007 4903 vertex,
2035 4840 2182 4893 illam
2215 4856 2516 4910 pauperum
2548 4843 2792 4898 altricem
2824 4846 3045 4900 viduam
3078 4846 3370 4904 Tabitham

1801 4938 2097 4995 mortuam,
2128 4931 2315 4985 eadem
2345 4931 2479 4984 hora
2503 4933 2755 5000 precibus
2778 4934 3062 4989 suscitavit
3089 4937 3155 4990 ad
3180 4938 3366 4995 vitam.

1803 5020 1932 5079 llaec
1966 5026 2216 5092 equidem
2249 5024 2523 5080 mirabilia
2554 5036 2681 5081 sunt
2728 5036 2784 5081 et
2833 5029 2992 5099 longe
3037 5029 3368 5086 clarissima.

1804 5114 1873 5168 At
1902 5130 2140 5183 praesens
2181 5115 2506 5169 miraculum
2533 5126 2800 5186 quantum
2838 5132 2900 5173 ea
2939 5123 3259 5189 exsuperat!

1878 5204 1995 5259 XV.
2026 5206 2092 5259 Et
2115 5208 2235 5261 vide
2259 5208 2392 5260 mihi
2416 5217 2579 5278 atque
2610 5210 2899 5266 considera
2924 5213 3172 5268 miraculi
3199 5214 3372 5269 excel-

1803 5298 2045 5351 lentiam.
2098 5296 2245 5353 Elias
2295 5299 2557 5368 quidem,
2594 5314 2658 5356 ut
2710 5313 2834 5356 ante
2885 5303 3148 5370 diximus,
3205 5305 3373 5358 modo

1804 5399 2078 5444 mortuum
2110 5406 2360 5459 puerum,
2389 5394 2593 5462 quique
2628 5395 2867 5449 nondum
2906 5396 3226 5461 refrixerat,
3273 5398 3371 5451 sed

1806 5483 1984 5538 adhuc
2022 5492 2233 5538 natura:
2256 5485 2491 5540 calorem
2516 5488 2891 5554 conservabat,
2921 5474 3222 5545 suscitavit.
3261 5487 3368 5541 Eli-

223 5629 248 5658 ι
283 5616 423 5676 Psal.
455 5635 621 5689 um,
653 5622 738 5679 56.
817 5624 845 5664 ι)
885 5621 1026 5678 Psal.
1061 5617 1353 5688 0113,19.
1389 5632 1411 5663 ε
1434 5623 1503 5680 lii
1537 5626 1666 5699 Reg.
1714 5644 1845 5683 xvn.
1925 5627 1949 5667 ἀ
1984 5625 2047 5677 lV
2091 5625 2220 5697 Reg.
2262 5642 2378 5679 xui.
