3818 6216
481 260 588 315 διδ

1560 254 1905 309 APPENDIX
1944 253 2036 307 AD
2074 252 2131 307 S.
2172 253 2612 311 CLEMENTEM.

3647 258 3743 313 6M

478 376 573 431 s:ei
609 383 789 430 autem
813 374 992 431 virtus
1039 375 1256 432 duabus
1280 368 1347 425 dc
1372 364 1560 422 causis
1580 364 1908 419 miraculum
1928 378 2039 433 prr-

2164 363 2470 418 Ἐλισσαίου
2514 366 2745 438 δύναμις
2793 367 2941 421 δυοῖν
2984 370 3172 426 εἵνεκα
3216 372 3403 426 αἰτιῶν
3438 372 3503 426 τὸ
3547 372 3744 445 θαῦμα

480 469 645 536 fecit;
690 485 797 524 una
828 470 1071 540 quidem,
1097 465 1392 525 ostendens
1418 462 1737 535 prophetam
1775 458 1867 529 qui
1895 458 2049 526 igno-

480 562 739 629 rabatur;
788 564 895 617 alia
952 578 1102 629 vero,
1157 577 1265 616 non
1315 556 1620 613 concedens
1642 552 1844 608 caedem
1882 552 2045 605 etiam

479 664 604 724 post
638 663 889 709 mortem.
925 654 1119 709 Petrus
1143 661 1325 707 autem
1348 666 1447 706 sua
1472 649 1694 711 virtute,
1724 655 1777 699 et
1796 643 2047 713 precibus

478 764 667 803 eorum
701 748 792 818 qui
822 764 853 802 a
875 748 1037 801 vidua
1068 745 1333 801 beneﬁcio
1356 744 1575 798 fuerant
1605 738 1782 794 allecti
1815 737 2047 807 sumptis

480 842 533 896 in
569 841 854 906 auxilium,
884 840 999 910 ipse
1025 853 1243 909 quoque
1272 852 1393 892 eam
1430 834 1593 890 modo
1623 833 1936 889 defunctam
1961 845 2048 885 re-

478 933 780 987 suscitavit.
810 932 879 985 At
903 941 1124 986 sanctus
1154 940 1360 1000 martyr
1405 929 1688 992 Clemens;
1728 942 1761 981 ο
1805 924 2047 979 miracu-

476 1024 589 1078 lum
619 1027 630 1077 !
686 1039 793 1078 non
825 1032 1103 1078 mortuum
1130 1032 1424 1087 recentem,
1456 1020 1551 1075 sed
1581 1033 1848 1084 annuum,
1874 1016 1958 1070 vel
1987 1022 2047 1069 ut

476 1115 670 1169 melius
693 1108 893 1178 dicam,
912 1129 1035 1169 eum
1058 1113 1152 1183 qui
1174 1113 1229 1167 in
1257 1126 1585 1182 unoquoque
1607 1119 1883 1165 momento
1897 1109 2046 1179 ejus-

472 1222 582 1275 que
615 1206 935 1260 tenuissima
960 1215 1113 1275 parte
1138 1204 1511 1268 moriebatur,
1545 1218 1775 1271 puerum
1820 1216 2046 1255 conser-

474 1298 639 1351 vavit.
694 1296 757 1351 Et
803 1298 955 1352 scitis
986 1312 1178 1351 omnes
1212 1296 1305 1364 qui
1348 1294 1426 1348 rei
1474 1293 1774 1364 periculum
1815 1292 2042 1358 fecistis,

471 1395 680 1454 quanto
702 1396 947 1455 tempore
962 1386 1256 1441 verisimile
1276 1396 1394 1439 erat
1427 1400 1657 1455 puerum
1686 1386 1741 1439 in
1770 1384 2044 1455 profundo

474 1486 583 1532 tam
608 1488 763 1533 vasto
788 1480 1125 1534 conservari.

544 1569 683 1625 XVI.
731 1571 930 1625 Verum
987 1571 1118 1625 mihi
1152 1572 1437 1643 diligenter
1482 1571 1880 1638 consideranti,
1932 1587 2043 1627 non

472 1679 643 1717 unum
688 1676 962 1717 mortuum
1009 1681 1023 1716 :
1068 1666 1161 1717 sed
1194 1674 1401 1734 quanto
1426 1665 1689 1733 temporis
1712 1665 1889 1734 spatio
1932 1666 2043 1720 sci-

473 1772 595 1811 mus
618 1772 849 1826 puerum
882 1757 935 1809 in
978 1773 1117 1828 aqua
1151 1756 1429 1822 sull'ocari,
1463 1758 1518 1811 id
1547 1766 1761 1827 tempus
1786 1766 2043 1826 rcpetcn-
2074 1733 2117 1786 Β

473 1858 554 1901 tes
604 1862 778 1917 eaque
814 1848 1099 1903 intervalla
1151 1849 1522 1913 remetientes,
1577 1848 1917 1904 inveniemus
1966 1856 2046 1903 tot

474 1951 720 1995 mortuos
752 1954 782 1993 a
834 1950 1030 1996 sancto
1085 1939 1265 1995 fuisse
1314 1941 1629 1996 suscitatos.
1670 1939 1932 2010 Quodque
1962 1948 2045 1995 est

470 2032 873 2099 admirabilius,
920 2046 1026 2088 non
1079 2032 1147 2087 ab
1180 2047 1447 2102 aquarum
1498 2032 1765 2088 duntaxat
1809 2032 2046 2089 suffoca-

471 2127 638 2191 tione,
667 2126 762 2179 sed
811 2133 867 2180 et
908 2141 937 2179 a
968 2124 1269 2179 bestiarum
1310 2126 1533 2181 lassione
1569 2140 1797 2196 puerum
1835 2135 2043 2182 tutatus

469 2230 573 2275 est.
604 2220 648 2275 Ο
676 2221 939 2290 gratiam!
974 2234 1007 2275 ο
1034 2222 1290 2275 virtutem
1340 2235 1462 2290 qua:
1493 2230 1727 2290 utraque
1767 2220 2040 2289 ostendit;

468 2322 525 2367 et
566 2328 721 2383 aqua:
751 2312 1063 2383 compedes,
1094 2320 1150 2367 et
1197 2312 1499 2366 belluarum
1549 2311 2038 2381 propulsationem.

466 2402 549 2455 Ad
584 2402 697 2457 lucc
718 2402 848 2472 quid
903 2401 1120 2457 dicitis?
1162 2399 1355 2456 Nonne
1405 2401 1511 2455 hoc
1557 2401 1885 2484 miraculum
1934 2401 2042 2455 alia

467 2495 728 2563 supcrat?
757 2492 872 2548 Nisi
896 2494 1022 2564 quis
1051 2508 1152 2549 nos
1180 2493 1321 2547 male
1348 2501 1591 2559 accuset,
1623 2502 1684 2547 ut
1721 2492 1852 2547 illud
1877 2508 2041 2564 super

468 2586 735 2639 miracula
766 2585 1085 2659 prophetica
1123 2584 1467 2639 extollentes.
1494 2582 1651 2638 Nulla
1673 2599 1794 2638 eam
1831 2584 1903 2638 ob
1924 2599 2039 2639 rem

469 2692 571 2731 nos
602 2677 811 2731 macula
845 2678 1093 2745 attinget.
1134 2674 1347 2730 Etenim
1391 2685 1577 2745 aperte
1620 2676 1775 2731 scitis
1819 2691 2038 2731 sacrum

471 2780 761 2835 martyrem
796 2769 851 2823 in
880 2769 1066 2824 eadem
1102 2768 1272 2838 gloria
1303 2776 1358 2822 et
1388 2768 1441 2821 in
1476 2768 1667 2824 iisdem
1710 2770 2039 2824 tabernacu-

467 2862 537 2915 lis
565 2877 686 2915 esse
722 2876 846 2915 eum
878 2862 1083 2917 sanctis
1105 2864 1458 2933 martyribus,
1480 2862 1763 2933 apostolis,
1804 2862 2040 2933 prophe-

466 2952 560 3015 tis,
595 2949 838 3018 ipsisque
865 2950 1096 3021 angelis.

2152 457 2431 511 τετέλεκεν
2444 475 2458 487 ·
2480 460 2560 511 ἑνὶ
2578 460 2696 530 μὲν,
2716 461 2912 529 ἀγνοού
2919 458 3101 534 μενοῖ
3095 466 3377 537 προφήτην
3390 466 3742 529 δεικνύουσα,

2154 548 2324 620 ἑτέρῳ
2355 550 2432 615 δὲ,
2470 552 2543 623 μὴ
2581 554 2936 625 συγχωροῦσα
2967 556 3125 625 φόνον
3158 558 3250 609 καὶ
3297 559 3434 628 μετά
3482 558 3739 612 θάνατον.

2166 637 2223 691 '0
2251 639 2309 691 δέ
2331 657 2394 708 γε
2420 642 2625 713 Πέτρος
2651 646 2719 713 τῇ
2746 644 2851 715 ἰδίᾳ
2868 645 3116 715 δυνάμει,
3142 647 3235 699 καὶ
3255 647 3353 716 τὴν
3381 647 3491 699 τῶν
3521 647 3741 717 εὐεργε-

2151 732 2427 801 τουμένων
2460 734 2613 805 παρά
2644 737 2742 806 τῆς
2767 739 2941 821 χηρας
2981 739 3148 810 εὐχὴν
3194 740 3458 811 συνεργὸν
3492 740 3739 809 λαθόμε-

2152 839 2261 885 νος,
2296 824 2419 895 ἀρτι
2454 826 2548 878 καὶ
2568 824 2728 889 αὐτὸς
2759 827 2959 898 ταύτην
3004 828 3270 882 θανοῦσαν
3310 830 3572 900 ἐξανεστή
3585 847 3737 882 σατο.

2164 914 2222 967 '0
2255 914 2312 968 δέ
2351 932 2413 983 γε
2442 917 2770 989 ίερομάρτυς
2811 918 3061 990 Κλήμης,
3095 914 3142 975 ὦ
3170 921 3263 974 τοῦ
3291 921 3573 991 θαύματος
3598 923 3612 974 !
3641 923 3739 973 οὑκ

2152 1004 2453 1077 ἀρτιθανῆ,
2496 1009 2612 1061 ἀλλ’
2645 1012 2995 1077 ἐνιαυσιαῖον,
3047 1012 3080 1081 ἢ
3118 1014 3315 1084 μᾶλλον
3368 1015 3545 1065 εἰπεῖν
3615 996 3738 1065 καθ’

2152 1098 2390 1170 ἑκάστην
2433 1103 2668 1173 στιγμὴν
2715 1105 2809 1157 καὶ
2864 1104 3067 1175 ταύτης
3108 1106 3187 1176 τῷ
3238 1106 3552 1176 λεπτοτάτῳ
3602 1108 3739 1159 ἀπο-

2153 1189 2456 1261 θνήσκοντα
2479 1194 2644 1247 παῖδα
2670 1195 2946 1260 διέσωζεν.
2967 1199 3073 1250 Καὶ
3098 1198 3210 1250 ἴστε
3229 1199 3425 1260 πάντες
3450 1200 3503 1250 οἱ
3539 1216 3737 1251 πεπει-

2156 1285 2375 1355 ραμένοι
2403 1285 2498 1338 τοῦ
2514 1286 2853 1357 πράγματος,
2882 1288 3045 1340 πόσον
3064 1289 3211 1352 εἰκὸς
3240 1284 3307 1359 ἧν
3332 1290 3497 1342 παῖδα
3512 1292 3571 1343 ὲν
3592 1291 3738 1343 οὕτω

2152 1374 2371 1447 ἀπλέτῳ
2398 1375 2545 1449 βυθῷ
2571 1376 2929 1442 διασώζεσθαι
2952 1380 3161 1451 χρόνον.

2223 1574 2365 1629 Χνι.
2396 1577 2554 1630 Ἀλλά
2577 1595 2665 1648 μοι
2683 1576 2925 1649 ἀκριϐῶς
2948 1578 3253 1641 σκοποῦντι,
3280 1579 3377 1648 οὐχ
3391 1579 3488 1631 ἕνα
3513 1581 3730 1651 νεκρὸν,

2152 1664 2266 1717 ἀλλ’
2294 1666 2425 1735 ὅσην
2467 1666 2616 1736 ὥραν
2643 1667 2799 1736 ἴσμεν
2825 1667 2883 1718 ὲν
2916 1666 3067 1719 ὕδατι
3096 1667 3254 1720 παῖδα
3302 1668 3614 1736 πνίγεσθαι,
3640 1671 3731 1721 τὸν

2146 1757 2336 1828 χρόνον
2392 1757 2823 1822 ἀναποδίζοντες,
2879 1758 2974 1811 καὶ
3021 1759 3223 1822 ταύτας
3268 1760 3726 1831 ἀναμετροῦντες,

2144 1848 2430 1913 τοσούτους
2455 1850 2682 1920 νεκροὺς
2703 1852 2996 1903 ἀνεστᾶναι
3023 1851 3116 1903 τὸν
3145 1852 3296 1919 ἅγιον
3326 1854 3723 1925 ἐφευρήσομεν.

2144 1940 2253 1993 Καὶ
2279 1938 2341 1992 τὸ
2371 1940 2437 2011 δὴ
2495 1938 2953 2011 θαυμαστότερον,
2993 1942 3075 1994 ὅτι
3106 1942 3167 1994 οὐ
3212 1943 3313 2012 τῆς
3355 1944 3466 1995 τῶν
3520 1946 3725 1998 ὑδάτων

2147 2030 2306 2102 μόνον
2334 2030 2658 2101 πνιγμονῆς,
2685 2030 2821 2085 ἀλλὰ
2871 2033 2965 2085 καὶ
3007 2033 3111 2103 τῆς
3142 2033 3344 2105 θηρίων
3379 2035 3588 2105 βλάϐης
3635 2039 3724 2089 τὸν

2144 2123 2311 2175 παῖδα
2354 2122 2631 2187 διέσωζεν.
2676 2124 2741 2175 Ὢ
2781 2124 3020 2196 χάριτος,
3064 2124 3109 2177 ὣ
3134 2126 3415 2198 δυνάμεως
3439 2130 3720 2199 ἀμφότερα

2142 2210 2520 2283 δεικνυμένης,
2552 2213 2647 2265 καὶ
2678 2213 2756 2285 τῷ
2786 2214 2938 2267 ὕδατι
2982 2214 3207 2287 πέδησις
3231 2217 3297 2280 ³⁸,
3338 2219 3433 2270 καὶ
3464 2217 3578 2270 τῶν
3626 2218 3716 2288 θη-

2149 2303 2280 2377 ρίων
2306 2305 2659 2375 ἀμυντήριον.
2714 2305 2859 2376 Πρὸς
2891 2306 3065 2359 ταῦτα
3089 2307 3143 2360 τί
3192 2323 3362 2376 φατε;
3403 2309 3520 2378 Οὐχ
3554 2310 3717 2379 ύπέρί

2144 2410 2319 2447 κειται
2343 2395 2405 2447 τὸ
2434 2394 2617 2466 θαῦμα
2645 2394 2751 2448 τῶν
2779 2396 2953 2449 ἀλλων
2978 2414 2992 2463 ;
3019 2399 3083 2450 Εἰ
3109 2400 3183 2469 μή
3215 2416 3297 2461 τις
3347 2400 3498 2469 ἡμᾶς
3543 2400 3719 2463 κακῶς

2145 2485 2578 2558 καταμέμψοιτο,
2627 2488 2703 2549 ὼς
2733 2489 3089 2559 προφητικῶν
3118 2488 3275 2542 τοῦτο
3306 2489 3607 2560 θαυμάτων
3635 2494 3720 2544 ύπ-

2141 2575 2455 2648 εξαίροντας
2482 2579 2547 2631 ³⁸.
2577 2578 2765 2642 Ούδεὶς
2793 2579 2947 2650 ἡμῶν
2974 2580 3163 2651 μῶμος
3193 2582 3382 2635 τούτου
3401 2584 3567 2654 χάριν
3598 2584 3719 2637 καθ-

2142 2667 2357 2737 άψεται.
2405 2668 2517 2720 Καὶ
2580 2668 2759 2721 οἴδατε
2806 2668 2914 2739 γὰρ
2955 2671 3143 2740 σαφῶς
3188 2672 3277 2724 τὸν
3327 2674 3717 2745 ἱερομάρτυρα,

2141 2759 2237 2811 καὶ
2266 2758 2447 2822 ὁσίων,
2475 2758 2571 2811 καί
2620 2758 2930 2830 μαρτύρων,
2967 2763 3061 2815 καὶ
3088 2763 3424 2828 ἀποστόλων,
3455 2766 3556 2817 καὶ
3592 2782 3719 2837 προ-

2141 2849 2347 2921 φητῶν,
2375 2851 2470 2903 καὶ
2492 2851 2740 2920 ἀγγέλων
2769 2853 2968 2920 αὐτῶν,
2994 2856 3245 2926 ὁμόδοξον
3267 2858 3542 2927 ὑπάρχειν
3566 2857 3723 2911 αὐτὸν

2141 2943 2235 2995 καὶ
2263 2942 2551 3013 σύσκηνον.

538 3059 701 3114 XVII.
741 3060 869 3127 Sed,
914 3077 948 3116 ο
978 3070 1279 3135 martyrum
1322 3064 1601 3136 Splendor,
1641 3074 1696 3121 et
1723 3076 2038 3123 sanctorum

2213 3079 2378 3137 XVII.
2400 3081 2557 3147 Ἀλλ’,
2586 3076 2631 3136 ὧ
2658 3083 2945 3156 μαρτύρων
2966 3085 3260 3156 ἀγλάϊσμα,
3277 3086 3441 3139 ὁσίων
3454 3104 3508 3139 τι
3527 3088 3719 3156 ἐγκαλ-

467 3152 655 3219 decus,
685 3154 940 3223 primitiae
975 3155 1427 3222 bierarcharum;
1458 3156 1582 3211 vide
1612 3158 1757 3213 hunc
1792 3168 1848 3214 et
1889 3175 2038 3216 nunc

465 3255 785 3317 prmsentem
834 3255 1058 3315 cretum,
1115 3249 1266 3318 pium
1307 3256 1360 3303 et
1390 3247 1482 3303 Dei
1529 3258 1825 3317 amantem,
1871 3251 1964 3321 qui
2006 3266 2037 3306 a

464 3340 589 3393 vitae
618 3338 871 3394 fluctibus
898 3339 1144 3409 quotidie
1196 3338 1592 3410 submergitur;
1626 3341 1735 3397 tuis
1783 3344 2038 3413 precibus

466 3432 695 3486 illaesum
729 3430 945 3486 custodi
974 3438 1029 3485 et
1075 3445 1231 3485 serva
1258 3431 1624 3500 incolumem;
1658 3449 1724 3489 ac
1760 3435 2038 3490 daemones

465 3523 559 3593 qui
602 3524 775 3577 instar
797 3521 1039 3577 ferarum
1071 3524 1395 3579 immanium
1425 3524 1694 3594 insiliunt,
1729 3528 2036 3600 animaeque

466 3613 803 3668 nobilitatem
828 3613 1189 3668 devoraturos
1218 3630 1277 3669 se
1302 3629 1424 3669 esse
1445 3616 1745 3681 minantur,
1777 3617 2038 3675 interces-

466 3705 689 3759 sionum
739 3712 958 3758 tuarum
994 3702 1181 3773 jaculo
1210 3705 1471 3775 expellas.
1506 3722 1540 3760 ο
1568 3707 1935 3765 sanctissime.
1968 3711 2038 3765 At

464 3805 614 3852 certe
642 3806 697 3852 et
728 3812 848 3863 vos,
874 3806 929 3852 et
975 3796 1291 3852 fidelissima
1341 3799 1715 3869 congregatio,
1756 3801 1863 3856 huc
1893 3802 2036 3872 agite

466 3891 623 3957 mihi,
652 3890 879 3947 obsecro
917 3908 932 3945 :
964 3907 1059 3961 per
1086 3891 1230 3945 bona
1262 3889 1483 3963 Deoque
1528 3900 1683 3963 grata
1722 3907 1886 3962 opera
1936 3910 2037 3949 nos

466 3984 661 4055 dignos
700 3983 874 4038 sancti
907 3983 1118 4055 gratiis,
1144 3999 1208 4038 ac
1238 3982 1397 4038 donis
1421 3983 1739 4045 ciliciamus.
1766 3983 1832 4039 Et
1860 3986 2035 4056 primo

465 4077 687 4148 quidem
717 4077 1039 4131 cbaritatem
1088 4092 1218 4147 erga
1252 4074 1419 4130 Deum
1472 4085 1529 4131 et
1568 4077 1708 4131 inter
1747 4093 1847 4132 nos
1887 4078 2037 4147 ipsos

463 4171 740 4226 sinceram
785 4185 851 4225 ac
889 4168 1338 4239 imperturbatam
1382 4184 1695 4234 servemus;
1722 4169 1915 4225 deinde
1966 4170 2037 4225 ab

464 4265 615 4319 omni
674 4262 985 4325 maledicto,
1019 4259 1170 4315 omni
1215 4259 1523 4327 mendacio,
1566 4260 1716 4315 omni
1768 4260 2033 4330 perjurio,

466 4372 567 4411 nos
590 4367 966 4425 repurgcmus.

534 4492 720 4549 XVIII.
754 4491 894 4547 Ante
939 4490 1055 4545 haec
1080 4504 1208 4544 vero
1235 4498 1288 4543 et
1317 4498 1437 4559 post
1477 4489 1592 4545 lucc
1627 4491 2032 4563 elccmosynam

465 4586 754 4647 faciamus,
779 4599 901 4653 qua!
931 4591 989 4638 et
1018 4583 1193 4651 magis
1215 4581 1318 4635 scit
1348 4580 1517 4635 Deum
1550 4582 1786 4650 placare,
1816 4598 1878 4637 ac
1908 4599 2035 4652 pro-

464 4680 655 4750 pitium
697 4676 923 4731 reddere
968 4674 1208 4745 peccatis
1255 4673 1481 4728 nostris.
1537 4673 1672 4739 Quis
1718 4674 1865 4729 enim
1915 4676 2036 4745 ejus

464 4769 689 4835 oblitus,
713 4783 940 4838 regnum
967 4766 1058 4821 Dei
1082 4765 1421 4837 possederit?
1443 4760 1612 4819 Nemo
1632 4775 1879 4821 nostrum
1907 4784 2039 4837 pra:-

466 4868 617 4915 texat
657 4864 1055 4929 paupertatem,
1097 4871 1257 4911 nemo
1301 4857 1646 4918 viduitatem,
1680 4871 1782 4910 nec
1829 4857 2032 4912 libero-

465 4966 591 5009 rum
641 4951 1049 5015 educationem;
1079 4948 1303 5019 frigidas
1333 4949 1432 5003 bas
1459 4946 1906 5019 perniciosasque
1934 4964 2034 5003 ea-

467 5044 800 5099 cusationes.
827 5041 998 5097 Nemo
1020 5051 1261 5097 vestrum
1290 5041 1451 5095 vidua
1492 5041 1582 5095 illa
1614 5041 1907 5110 pauperior
1928 5050 2032 5105 est,

468 5148 589 5204 qua:
602 5131 732 5185 nihil
748 5132 892 5185 aliud
907 5140 1102 5201 praeter
1122 5131 1386 5201 pugillum
1408 5130 1597 5186 farinae
1614 5132 1949 5200 possidebat,
1965 5132 2033 5187 ad

468 5226 585 5282 hac
599 5223 774 5278 alebat
787 5223 1134 5293 liberos,qu:e
1148 5233 1330 5277 tamen
1347 5239 1503 5278 suam
1526 5232 1619 5277 aut
1635 5222 1726 5276 lilii
1742 5224 1906 5277 vitam
1925 5240 2029 5278 non

467 5316 704 5389 prattulit
746 5314 1197 5369 misericordiam.
1217 5311 1295 5366 Ne
1326 5328 1629 5368 excusemus
1666 5314 2030 5368 excusationes

465 5414 519 5469 iu
534 5410 757 5482 peeeau's
770 5408 957 5473 LDeus
980 5426 1079 5463 non
1096 5409 1351 5462 irridetur
1363 5407 1753 5476 e.Aspiciamus
1769 5416 1945 5461 monte
1962 5406 2031 5460 ad

547 5540 573 5569 ι
601 5525 665 5579 Ill
702 5523 834 5595 Reg.
869 5538 1000 5578 xvu.
1075 5523 1105 5563 ιι
1136 5519 1421 5589 Psal.cxr.,
1465 5522 1501 5576 4
1542 5531 1564 5558 ο
1597 5519 1885 5584 Gal.vt,7.

2137 3174 2413 3246 λὼπισμα,
2439 3176 2706 3247 ἰεραρχῶν
2722 3177 3049 3249 ἀκροθίνιον,
3079 3178 3154 3230 ἴδε
3169 3177 3329 3229 τοῦτο
3352 3178 3449 3231 καὶ
3468 3179 3541 3231 τά
3563 3181 3655 3233 νῦν
3666 3182 3721 3232 τὸ

2138 3264 2310 3336 παρὸν
2330 3264 2633 3336 σύνταγμα,
2649 3265 2710 3319 τὸ
2725 3266 2944 3330 εὐσεϐὲς
2959 3267 3053 3319 καὶ
3069 3266 3329 3336 φιλόθεον,
3348 3269 3441 3320 καὶ
3459 3272 3586 3322 καθ’
3610 3272 3725 3324 ἐκά-

2139 3377 2270 3431 στην
2290 3361 2394 3414 ὑπὸ
2412 3361 2519 3415 τῶν
2534 3360 2628 3415 τοῦ
2640 3362 2756 3432 βίου
2773 3362 3157 3434 κλυδωνισμῶν
3172 3367 3538 3430 καταποντιζό
3542 3385 3715 3437 μενον·

2136 3453 2255 3514 ταῖς
2284 3454 2404 3515 σαῖς
2452 3452 2624 3515 λιταῖς
2657 3453 2893 3518 ἀϐλαϐὲς
2918 3454 3144 3525 φρούρει
3181 3473 3241 3507 τε
3274 3456 3370 3508 καὶ
3419 3458 3716 3527 «spis-mg?

2138 3544 2234 3597 καὶ
2272 3546 2401 3608 τοὺς
2427 3545 2559 3598 ὡσεὶ
2592 3545 2763 3621 θῆρας
2789 3546 3015 3617 ἀγρίους
3045 3548 3426 3619 ὲπιπηδῶντας
3465 3550 3721 3621 δαίμονας

2138 3638 2231 3689 καὶ
2253 3641 2587 3707 καταφαγεῖν
2613 3639 2674 3691 τὸ
2700 3620 2801 3708 τῆς
2823 3638 3001 3710 ψυχῆς
3028 3640 3243 3709 εὐγενὲς
3267 3620 3719 3708 ὲπαπειλοῦντας,

2135 3728 2214 3800 τῷ
2238 3729 2348 3781 τῶν
2378 3730 2484 3783 σῶν
2509 3729 2815 3801 πρεσϐειῶν
2830 3731 3063 3802 ἀκοντίῳ
3085 3731 3429 3797 ἀποδιώκοις,
3469 3737 3717 3788 πανόσιε.

2151 3819 2289 3872 Ἀλλ’
2310 3816 2403 3874 οὖν
2448 3822 2543 3874 καὶ
2585 3821 2762 3892 ὑμεῖς,
2794 3816 2838 3874 ὧ
2877 3822 3197 3876 πιστότατον
3229 3822 3527 3895 ἄθροισμα,
3569 3826 3721 3878 δεῦτέ

2140 3912 2564 3984 μοιπαρακαλῶ·
2585 3914 2652 3966 δι’
2686 3914 2904 3982 ἀγαθῶν
2932 3913 3107 3985 ἔργων
3132 3917 3222 3968 καὶ
3246 3914 3509 3985 θεοφιλῶν
3539 3918 3723 3984 ἀξίους

2135 4003 2363 4068 ἑαυτοὺς
2393 4005 2501 4059 τῶν
2524 4005 2618 4058 τοῦ
2664 4004 2822 4075 ἁγίου
2850 4007 3087 4078 χαρίτων
3116 4010 3209 4061 καὶ
3230 4008 3446 4079 δωρεῶν
3467 4010 3720 4081 ἐργασώ-

2137 4094 2297 4166 μεθα.
2341 4098 2450 4149 Καὶ
2483 4098 2673 4168 πρῶτα
2720 4098 2817 4168 μὲν
2842 4099 2942 4168 τὴν
2983 4098 3118 4169 πρὸς
3164 4098 3295 4152 Θεὸν
3325 4100 3418 4152 καὶ
3456 4101 3723 4173 ἀλλήλους

2136 4190 2379 4262 ἀγάπην,
2403 4190 2669 4261 εἰλικρινῆ
2702 4191 2795 4243 καὶ
2815 4189 3082 4244 ἀθόλωτον
3109 4188 3491 4263 φυλαξώμεθαο
3525 4194 3723 4249 ἔπειτα

2137 4281 2319 4352 πάσης
2369 4280 2650 4352 λοιδορίας,
2702 4282 2795 4334 καὶ
2838 4283 3039 4346 παντὸς
3089 4282 3338 4352 ψεύδους,
3376 4286 3473 4337 καὶ
3534 4287 3721 4358 πάσης

2137 4372 2443 4445 ἐπιορκίας,
2474 4375 2699 4436 ἑαυτοὺς
2724 4374 3137 4445 ἐκκαθάρωμεν.

2207 4486 2515 4559 ΧἫΙΙἨρὸ
2529 4487 2586 4540 δὲ
2601 4486 2804 4540 τούτων
2821 4488 2914 4540 καλ⁵
2934 4487 3072 4558 μετά
3096 4486 3288 4550 ταῦτα,
3304 4488 3403 4559 τὴν
3426 4489 3552 4561 ἐλεη
3562 4492 3724 4561 μοσύ-

2134 4598 2233 4652 νην
2259 4578 2745 4650 κατεργασώμεθα,
2768 4578 2801 4649 ἥ
2822 4581 2915 4631 καλ⁵
2933 4579 3133 4650 μᾶλλον
3150 4576 3256 4631 οἶδε
3272 4582 3363 4633 τὸν
3388 4581 3526 4635 Θεὸν
3552 4585 3715 4656 θερα-

2136 4670 2346 4733 πεύειν,
2382 4669 2626 4723 ῖλεὼν-τε
2676 4674 2852 4723 ποιεῖν
2892 4674 3011 4735 ταῖς
3055 4672 3349 4744 ἁμαρτίαις
3399 4675 3583 4744 ἡμῶν.
3624 4676 3719 4735 Τίς

2136 4762 2472 4835 γάριταύτης
2505 4762 2911 4834 ἐπιλαθόμενος,
2944 4764 3218 4834 βασιλείαν
3263 4764 3399 4817 Θεοῦ
3456 4766 3717 4838 κληρονο-

2140 4857 2362 4928 μήσειεν
2391 4873 2405 4921 ;
2434 4857 2640 4928 Μηδεὶς
2673 4857 2828 4927 ἡμῶν
2875 4856 3228 4929 προϐαλέσθω
3278 4858 3493 4921 πενίαν,
3528 4860 3717 4929 μηδεὶς

2136 4949 2380 5021 χηρείαν,
2409 4951 2544 5021 μήτε
2569 4950 2977 5020 παιδοτροφίαν,
3000 4948 3096 5013 τὰς
3118 4948 3332 5019 ψυχρὰς
3357 4948 3565 5012 ταύτας
3586 4968 3717 5022 προ-

2138 5044 2329 5112 φάσεις
2362 5044 2454 5096 καί
2485 5041 2780 5114 ὀλεθρίους.
2803 5042 2989 5105 υύδεὶς
3006 5042 3161 5111 ὑμῶν
3179 5042 3279 5110 τῆς
3307 5043 3374 5112 χή
3383 5058 3483 5110 ρας
3500 5043 3715 5113 ἐκείνης

2136 5136 2477 5208 πενέρξερος,
2502 5135 2604 5205 τῆς
2624 5136 2788 5206 μηδὲν
2811 5136 2996 5211 ἕτερον
3012 5137 3059 5187 εί
3089 5135 3161 5206 μὴ
3177 5134 3349 5204 δράκα
3368 5137 3717 5205 κεκτημένης

2137 5225 2389 5298 ἀλεύρου,
2415 5229 2507 5281 καὶ
2537 5226 2709 5280 ταῦτα
2737 5226 3222 5299 παιδοτροφούσης,
3254 5225 3348 5278 καὶ
3394 5225 3469 5296 μὴ
3524 5244 3702 5298 προτι-

2140 5319 2392 5391 μησάσης
2429 5321 2529 5391 τὴν
2567 5319 2704 5373 ἰδίαν
2732 5317 2897 5389 ζωὴν,
2949 5319 2981 5389 ἢ
3024 5321 3091 5390 τῇ
3120 5319 3168 5350 ³⁸
3192 5317 3285 5370 τοῦ
3326 5317 3547 5381 τέκνου,
3579 5320 3713 5399 ὑπὲρ

2135 5406 2227 5461 τὸν
2256 5408 2421 5463 ἔλεον.
2449 5409 2545 5479 Μὴ
2579 5407 3063 5480 προφωιζὼμεθα
3088 5406 3422 5478 προφάσεις
3439 5407 3511 5461 ἐν
3535 5409 3691 5478 ἁμαρ

1749 5634 1982 5691 VARI/l3
2026 5633 2433 5694 LECTIONES.

538 5738 640 5793 ιη.
689 5738 929 5811 πέδησιν.
1032 5736 1080 5769 ¹⁹
1122 5734 1159 5790 f.
1190 5734 1607 5808 ὑπεραίροντας.
1685 5733 1729 5767 ³⁸
1763 5734 1800 5789 l.
1836 5733 1952 5807 τήν.
