3818 6216
125 268 222 322 649

932 270 994 323 S.
1031 265 1400 322 BARNABAS
1438 263 1863 320 APOSTOLUS.
1899 294 1969 305 -ο
1993 260 2519 317 PROLEGOMENA.

3243 266 3359 319 6570'

552 541 844 612 ORIGENES,
874 548 966 602 lib.
995 565 1034 612 I,
1061 557 1252 604 contra
1275 547 1516 614 Celsum,
1550 564 1695 601 num.
1731 547 1821 611 65,
1844 555 1969 600 tom.
1995 546 2035 612 l,
2060 560 2181 615 pag.
2205 542 2333 610 578,
2360 542 2488 595 edit.
2516 537 2695 594 Paris.
2720 536 2877 591 1735.

189 688 495 759 Γέγραπται
518 687 583 758 δὴ
614 688 670 737 ὲν
708 690 772 758 τῇ
812 687 1066 759 Βαρνάϐα
1099 688 1356 757 καΟολικῇ
1398 686 1682 756 Ἐπιστολῇ

126 777 308 829 ὅτι
340 774 617 841 ἐξελέξατο
661 776 785 838 τοὺς
838 777 1000 839 ἰδίους
1056 776 1383 840 ἀποστόλους
1445 776 1683 846 Ἰησοῦς,

123 867 270 929 ὂντας
294 866 433 937 ὑπὲρ
459 868 637 919 πᾶσαν
667 867 895 938 ἀνομίαν
924 868 1322 940 ἀνομωτέρους.
1352 870 1682 933 Philocaliw,

125 973 234 1026 cap.
268 956 354 1012 l7.

1862 684 2135 755 Scriptum
2173 698 2337 753 porro
2371 690 2453 737 est
2493 681 2547 734 in
2582 674 2853 731 Barnabas
2885 666 3158 724 catholica
3208 665 3340 736 Epi-

1790 780 1928 835 stola
1957 794 1973 830 :
2090 776 2381 846 Apostolos
2409 790 2436 827 a
2468 772 2594 826 Jcsu
2642 768 2813 822 fuisse
2841 765 3065 830 electos,
3103 762 3197 831 qui
3239 761 3343 814 im-

1786 870 1938 941 probi
1966 876 2124 924 erant
2154 874 2215 921 ut
2241 867 2372 920 nulli
2400 864 2593 933 magis.
2620 861 2755 928 Cap.
2793 857 2845 911 5.

824 1094 974 1161 luent,
1011 1094 1147 1165 Περὶ
1176 1093 1380 1164 ἀρχῶν,
1411 1094 1504 1146 lib.
1537 1107 1619 1158 III,
1648 1107 1765 1159 cap.
1794 1090 1839 1155 21

1838 1106 2019 1155 ,num.
2049 1089 2105 1153 4,
2136 1097 2263 1141 tom.
2290 1084 2333 1150 1,
2356 1102 2477 1155 pag.
2510 1086 2630 1141 140.

190 1231 379 1287 Eadem
412 1248 629 1302 quoque
658 1232 933 1289 Barnabas
963 1232 1017 1285 in
1046 1231 1291 1301 Epistola
1324 1246 1420 1286 sua
1449 1230 1713 1293 declarat,
1741 1242 1863 1281 cum
1902 1225 2037 1280 duas
2065 1223 2183 1277 vias
2211 1235 2331 1276 esse
2362 1219 2509 1284 dicit,
2537 1235 2700 1274 unam
2750 1219 2912 1284 lucis,
2943 1218 3165 1272 alteram
3195 1222 3342 1268 tene-

124 1324 351 1388 brarum.
400 1326 602 1395 quibus
643 1336 698 1381 et
740 1343 972 1395 praeesse
1017 1339 1198 1382 certos
1233 1342 1485 1397 quosque
1524 1326 1744 1397 angelos
1786 1323 1961 1378 dicit:
1995 1322 2093 1375 viae
2122 1317 2341 1388 quidem
2385 1317 2540 1383 lucis,
2564 1316 2782 1386 angelos
2832 1314 2954 1381 Dei;
2996 1311 3338 1369 tenebrarum

120 1428 287 1473 autem
312 1417 430 1482 vias,
467 1418 691 1489 angelos
721 1417 958 1473 Satanae.
988 1419 1127 1489 Cap.

1173 1418 1255 1471 18.

690 1577 824 1649 Lege
856 1584 929 1636 sis
960 1582 1193 1651 ejusdem
1232 1581 1475 1652 Origenis
1502 1581 1597 1634 lib.
1646 1596 1662 1632 I
1696 1578 1981 1648 Explanat.
2008 1575 2064 1628 in
2094 1572 2263 1644 Epist.
2300 1572 2364 1626 ad
2406 1570 2563 1625 Rom.
2589 1586 2625 1635 I,
2660 1568 2749 1624 24.

349 2029 549 2085 Ruﬁno
585 2033 886 2103 interprete.

176 2142 298 2199 Post
324 2145 441 2199 haec
458 2147 574 2217 jam
601 2149 867 2218 scriptura
888 2158 988 2213 est,
1019 2165 1139 2218 quae

116 2235 300 2290 dicitur
337 2237 511 2292 Actus
553 2238 744 2307 Pauli;
777 2241 870 2295 sed
901 2250 955 2294 et
983 2242 1140 2295 libel-

119 2329 193 2381 lus
215 2329 303 2396 qui
330 2330 638 2400 appellatur
652 2331 896 2388 Pastoris
917 2352 931 2399 ;
961 2344 1015 2389 et
1034 2334 1139 2389 Re—

119 2422 298 2478 velatio
345 2422 540 2492 Petri,
592 2426 659 2480 de
709 2427 911 2495 quibus
973 2444 1136 2497 quam

118 2515 335 2569 maxime
382 2517 686 2571 dubitatur.
734 2517 929 2573 Fertur
975 2520 1137 2574 etiam

118 2604 360 2662 Bamabte
388 2609 644 2679 epistola.

346 2909 549 2965 Ruﬁno
584 2912 885 2982 interprete.

178 3019 232 3074 ιιι
293 3021 447 3077 libris
517 3021 1013 3088 lniormationum,
1081 3032 1139 3076 ut

120 3112 332 3168 breviter
360 3116 542 3170 dicam
570 3157 586 3180 ,
641 3116 950 3169 universam
992 3115 1135 3183 pari-

120 3212 192 3257 ter
220 3205 558 3277 Scripturam
589 3207 829 3260 divinam
878 3222 1136 3275 compen—

121 3296 272 3353 diosis
294 3300 774 3356 dissertationibus
795 3298 1132 3367 explanavit:

124 3392 171 3444 in
203 3396 397 3463 quibus
427 3396 497 3449 ne
529 3410 592 3449 ea
624 3395 843 3465 quidem
868 3408 991 3463 quae
1014 3407 1139 3462 apo-

122 3486 303 3553 crypha
324 3502 352 3540 a
370 3488 700 3566 quibusdam
723 3486 991 3540 habentur
1011 3499 1142 3555 pra:-

120 3575 285 3644 teriit;
321 3586 380 3633 ut
407 3588 493 3634 est
520 3578 666 3631 Petri
699 3575 976 3631 Revelatio

1681 1738 1767 1792 ll'l.

1169 1885 1454 1952 Eusumus,
1481 1882 1617 1939 Hist.
1647 1880 1805 1946 ecel.,
1834 1878 1926 1931 lib.
1956 1892 2035 1941 III,
2061 1890 2177 1942 cap.
2200 1872 2293 1926 25.

1298 2140 1383 2191 Ἐν
1408 2139 1520 2197 τοῖς
1548 2133 1722 2194 νόθοις
1744 2126 2128 2196 κατατετάχθω
2153 2126 2246 2178 καὶ

1212 2232 1319 2284 τῶν
1364 2228 1580 2282 Παύλου
1610 2223 1869 2295 Πράξεων
1906 2221 1938 2290 ἡ
1983 2218 2244 2291 γραφὴ;ὄ

1209 2341 1269 2377 τε
1313 2323 1602 2392 λεγόμενος
1652 2318 1895 2387 Ποιμὴν,
1930 2312 2245 2382 καὶὴἈπο-

1213 2415 1443 2484 κάλυψις
1482 2412 1709 2481 Πέτρου,
1748 2408 1843 2461 καὶ
1874 2406 2009 2478 πρὸς
2037 2401 2246 2464 τούτοις

1212 2514 1245 2583 ἡ
1305 2507 1577 2581 φερομένη
1645 2499 1899 2574 Βαρνάϐα
1966 2496 2243 2568 ἐπιστολή.

1213 2608 1353 2674 Lege
1380 2596 1769 2666 Nicephorum,
1794 2590 1887 2645 lib.
1920 2605 1981 2653 ιι,
2006 2605 2127 2658 cap.
2153 2586 2243 2641 b6.

1308 2762 1465 2825 lnEI,
1500 2757 1661 2821 ibid.,
1686 2753 1780 2807 lib.
1806 2767 1885 2819 vr,
1908 2766 2027 2819 cap.
2062 2749 2148 2803 14.

1293 2905 1380 2957 Ἐν
1404 2903 1461 2956 δὲ
1488 2894 2059 2962 ταῖςὙποτυπὼσεσι,
2097 2892 2250 2959 ξυνε-

1209 2998 1368 3051 λόντα
1396 2996 1589 3058 εἰπεῖν,
1614 2991 1791 3059 πάσης
1816 2988 1913 3059 τῆς
1937 2983 2248 3055 ἐνδιαθήκου

1212 3085 1435 3159 Γραφῆς
1482 3078 1920 3150 ὲπιτετμημὲνας
1960 3074 2250 3143 πεποίηται

1209 3176 1486 3247 διηγήσεις
1506 3188 1517 3197 ·
1550 3170 1623 3240 μὴ
1647 3167 1703 3220 δὲ
1728 3166 1825 3229 τὰς
1850 3161 2251 3231 ἀναλεγομένας

1213 3263 1521 3339 παρελθών·
1558 3261 1657 3333 τὴν
1708 3257 1910 3321 Ἰούδα,
1953 3254 2116 3322 λέγω,
2158 3253 2252 3305 καὶ

1211 3363 1309 3425 τάς
1354 3356 1548 3419 λοιπὰς
1600 3350 1893 3413 καθολικὰς
1933 3346 2247 3410 ἐπιστολάς·

1214 3456 1312 3525 τήν
1356 3468 1415 3503 τε
1461 3446 1716 3519 Βαρνάϐα
1757 3445 1850 3496 καὶ
1894 3442 1992 3513 τὴν
2043 3439 2251 3510 Πέτρου

1214 3541 1512 3613 λεγομένην
1554 3534 1914 3605 ἀποκάλυψιν.
1959 3532 2101 3601 Lego
2147 3529 2249 3583 Ni-

1215 3636 1518 3706 cephorum,
1549 3629 1644 3684 lib.
1682 3644 1755 3692 Iv,
1794 3641 1914 3695 cap.
1950 3625 2038 3679 53.

2561 2006 2778 2064 Valesio
2805 2005 3106 2074 interprete.

2386 2127 2494 2182 Pro
2524 2125 2725 2196 spuriis
2754 2121 2985 2177 habendi
3025 2128 3153 2175 sunt
3178 2118 3341 2174 etiam

2317 2219 2485 2272 Actus
2518 2215 2708 2279 Pauli,
2740 2222 2795 2268 et
2822 2212 2963 2266 liber
3000 2211 3247 2266 Pastoris
3275 2212 3347 2265 ti-

2316 2311 2435 2365 tulo
2452 2309 2504 2361 in
2522 2305 2837 2375 scriptus,et
2852 2301 3131 2358 Revelatio
3158 2302 3303 2358 Petri
3327 2321 3342 2368 ;

2319 2401 2579 2454 Barnabae
2609 2396 2736 2450 item
2764 2395 3008 2466 epistola.

2394 2889 2538 2945 Idem
2579 2885 2873 2958 (Clemens)
2906 2883 2959 2938 in
3001 2883 3155 2938 libris
3190 2884 3353 2936 Ὑπο-

2321 2983 2636 3047 τυπὼσεων,
2663 2980 2929 3046 omnium,
2960 2987 3021 3034 ut
3050 2994 3159 3033 uno
3186 2980 3353 3034 verbo

2322 3074 2521 3137 dicam,
2546 3071 2833 3139 utriusque
2854 3067 3185 3123 Testamenti
3213 3065 3356 3123 Scri-

2323 3174 2608 3235 pturarum
2636 3161 3078 3231 compendiosam
3114 3159 3355 3214 instituit

2325 3255 2771 3318 enarrationem;
2828 3266 2897 3306 ne
2957 3251 3064 3305 illis
3134 3251 3355 3321 quidem

2324 3342 2705 3417 praetermissis
2753 3339 3073 3409 Scripturis,
3115 3340 3180 3393 de
3225 3338 3352 3408 qui-

2323 3439 2425 3494 bus
2450 3440 2591 3491 inter
2617 3434 2817 3489 multos
2843 3431 3135 3500 ambigitur
3163 3444 3176 3481 :
3199 3428 3354 3483 Judae

2323 3525 2612 3599 epistolam
2662 3531 2715 3578 et
2764 3520 3063 3586 Barnabas,
3109 3536 3174 3575 ac
3222 3522 3350 3577 reli-

2323 3636 2460 3691 quas
2486 3616 2786 3674 catholicas
2806 3614 3065 3684 epistolas
3090 3613 3349 3685 intelligo,

2324 3722 2378 3768 et
2406 3710 2808 3766 Revelationem
2831 3722 2952 3777 quae
2966 3705 3163 3761 dicitur
3184 3705 3350 3762 Petri.

207 3890 385 3943 'Alium
421 3894 597 3948 locum
622 3892 839 3947 Eusunu
871 3908 934 3945 ea:
961 3891 1100 3947 Hist.
1134 3890 1305 3957 Eccl.,
1330 3889 1422 3944 lib.
1449 3906 1523 3953 vr,
1553 3906 1670 3957 cap.
1710 3889 1809 3952 l5,
1841 3887 2080 3956 superius
2108 3882 2385 3937 retulimus
2416 3881 2555 3933 inter
2592 3883 2823 3930 veterum
2858 3873 3157 3928 testimonia
3184 3872 3246 3927 de

1421 3960 1677 4029 Epistolis
1706 3958 2035 4012 CLEHENTIS.

1691 4116 1780 4171 IV.

596 4266 964 4327 timueramus,
1000 4262 1097 4315 lib.
1124 4260 1199 4315 De
1224 4260 1357 4314 viris
1381 4258 1708 4324 illustribus,
1733 4273 1853 4327 cap.
1891 4256 1946 4323 6,
1986 4271 2104 4312 cum
2132 4262 2298 4307 vetere
2330 4250 2510 4305 erco
2534 4251 2839 4323 interprete.

194 4405 461 4477 Βαρνάϐας
502 4404 782 4475 Κύπριος,
828 4405 855 4455 ὁ
899 4402 993 4455 καὶ
1031 4400 1230 4469 Ἰωσὴφ
1258 4396 1511 4467 Λευίτης,
1543 4394 1681 4467 μετά

1862 4394 2141 4449 Barnabas
2179 4390 2436 4462 Cyprius,
2466 4392 2561 4460 qui
2602 4400 2657 4447 et
2699 4390 2901 4461 Ioseph
2946 4389 3178 4454 Levites,
3225 4404 3348 4443 cum

131 4500 323 4555 Παύλου
344 4501 448 4554 τῶν
470 4500 641 4553 ἐθνῶν
669 4496 959 4557 ἀπόστολος
983 4493 1362 4557 κατασταθεὶς,
1392 4491 1519 4563 μίαν
1545 4490 1682 4560 πρὸς
1784 4485 1839 4540 P:

1838 4487 1956 4541 aulo
1980 4485 2223 4555 gentium
2250 4484 2532 4552 apostolus
2561 4483 2865 4548 ordinatus,
2893 4496 3057 4535 unam
3087 4480 3154 4534 ad
3183 4480 3358 4562 aztliti—l

131 4594 393 4665 οἰκοδομὴν
417 4593 517 4663 τῆς
558 4590 880 4660 Ἐκκλησίας
905 4585 1187 4656 ἐπιστολὴν
1222 4583 1526 4649 συνέταξεν,
1558 4582 1681 4651 ἥτις
1783 4593 1839 4632 ca

1838 4576 2057 4631 itionem
2102 4574 2361 4628 Ecclesiae
2396 4573 2756 4642 pertinentem
2787 4571 3084 4642 Epistolam
3128 4586 3348 4640 compo-

133 4685 202 4748 εἰς
226 4685 317 4748 τὰς
342 4684 692 4756 ἀποκρύφους
722 4680 938 4753 γραφὰς
962 4677 1412 4747 ἀναγινώσκεται.

1785 4672 1919 4733 suit,
1949 4684 2071 4738 quae
2101 4667 2242 4720 inter
2274 4665 2613 4734 apocryphas
2643 4664 2953 4733 scripturas
2969 4662 3185 4732 legitur.

189 4841 310 4912 Lege
343 4844 579 4897 Adonem
617 4840 979 4901 Viennensem,
1010 4838 1066 4890 in
1090 4836 1226 4890 libro
1257 4834 1333 4889 De
1364 4830 1767 4893 festivitatibus,
1797 4825 1885 4878 ad.
1914 4838 1973 4877 ιιι
2008 4820 2139 4876 Idus
2170 4817 2328 4881 Jun.;
2364 4814 2674 4881 Notkerum,
2701 4814 3027 4885 Freculfum,
3054 4812 3347 4867 Honorium

133 4908 405 4983 Augustod.

996 5043 1146 5106 lusu,
1191 5041 1289 5095 lib.
1325 5056 1422 5095 χιιι
1452 5037 1758 5094 Comment.
1803 5033 1860 5088 in
1895 5027 2164 5086 Ezechiel.
2192 5040 2347 5089 XLIII,
2381 5023 2469 5077 19.

199 5208 428 5265 Vitulum
461 5222 639 5266 autem
667 5211 761 5280 qui
798 5225 899 5281 pro
928 5208 1088 5264 nobis
1116 5206 1432 5281 immolatus
1464 5213 1569 5266 est,
1604 5210 1660 5281 et
1683 5200 1854 5281 multa
1880 5196 2291 5281 Scr‘ipturarum
2336 5188 2478 5254 loca,
2520 5197 2575 5245 et
2624 5186 2897 5258 praecipue
2930 5183 3197 5238 Barnaba:
3220 5181 3349 5251 Epi-

135 5281 257 5334 stola
280 5297 397 5350 quae
423 5283 653 5336 habetur
676 5267 730 5336 i'n
767 5267 1072 5351 scripturas
1099 5277 1461 5348 apocryphas,
1494 5272 1760 5327 nominat.
1792 5268 1928 5338 Cap.
1958 5267 2012 5321 8.

199 5392 337 5447 Idem
369 5394 746 5457 Ηιιειιοιιιιιιυε,
780 5393 1041 5447 adversus
1086 5390 1428 5459 Pelagianos,
1471 5385 1579 5459 lib._
1600 5400 1686 5448 ιιι,
1714 5400 1830 5459 cap.
1865 5382 1921 5459 1,
1952 5379 2214 5459 l_ocum__S.
2260 5378 2525 5434 Barnaba:
2566 5377 2628 5431 de
2667 5372 2939 5444 apostolis,
2967 5370 3247 5423 laudatum
3282 5365 3347 5417 ab

76 5510 84 5528 ι
138 5463 361 5534 Origene,
395 5466 489 5519 lib.
524 5480 539 5518 ι
566 5451 743 5521 contr.
772 5462 1013 5528 Celsum,
1044 5451 1311 5532 perperam
1342 5459 1473 5512 citat
1498 5456 1590 5510 sub
1622 5455 1828 5507 nomine
1858 5452 1922 5504 Β.
1952 5451 2172 5521 lgnatii.

199 5580 523 5637 NICEPRORCS
550 5581 661 5637 ΟΡ.
697 5582 753 5635 in
788 5582 889 5650 [ine
918 5577 1381 5650 Chronographiae
1403 5590 1514 5650 sua;
1544 5569 1839 5650 {Epistolam
1872 5567 2134 5650 Barnaba:
2165 5574 2413 5639 posuerat
2443 5566 2580 5620 inter
2612 5560 2777 5617 libros
2818 5556 2956 5611 Novi
3006 5547 3343 5614 Testamenti,

138 5652 303 5714 quibus
335 5653 719 5723 mutradictum
754 5639 876 5721 fuit,
904 5659 961 5704 ut
986 5660 1128 5719 patet
1144 5639 1221 5704 “ea:
1237 5639 1514 5702 Anastasii
1535 5639 1936 5698 Bibliothecarii
1961 5641 2213 5693 versione.

438 5744 707 5806 PATBOL.
751 5744 873 5805 Gn.
930 5743 987 5803 ll

3029 5713 3104 5773 21
