  <div class='ocr_page' id='page_1' title='image "/cluster/home/n/w/nwhite01/storage/ocr_20150623/2/nnc1.0114695790/385.png"; bbox 0 0 3818 6216; ppageno 0'>
   <div class='ocr_carea' id='block_1_1' title="bbox 461 273 2485 340">
    <p class='ocr_par' dir='ltr' id='par_1_1' title="bbox 461 273 2485 340">
     <span class='ocr_line' id='line_1_1' title="bbox 461 273 2485 340; baseline 0.004 -11"><span class='ocrx_word' id='word_1_1' title='bbox 461 273 554 331; x_wconf 76' lang='grc'><strong>631</strong></span> <span class='ocrx_word' id='word_1_2' title='bbox 1570 277 1626 336; x_wconf 83' lang='lat' dir='ltr'><strong>S.</strong></span> <span class='ocrx_word' id='word_1_3' title='bbox 1663 278 2028 336; x_wconf 83' lang='lat' dir='ltr'><strong>BARNABAS</strong></span> <span class='ocrx_word' id='word_1_4' title='bbox 2066 282 2420 340; x_wconf 86' lang='lat' dir='ltr'><strong>APOSTOLU</strong></span> <span class='ocrx_word' id='word_1_5' title='bbox 2430 284 2485 338; x_wconf 83' lang='lat' dir='ltr'><strong>S.</strong></span> 
     </span>
    </p>
   </div>
   <div class='ocr_carea' id='block_1_2' title="bbox 3586 283 3691 337">
    <p class='ocr_par' dir='ltr' id='par_1_2' title="bbox 3586 283 3691 337">
     <span class='ocr_line' id='line_1_2' title="bbox 3586 283 3691 337; baseline 0 0"><span class='ocrx_word' id='word_1_6' title='bbox 3586 283 3691 337; x_wconf 69' lang='lat'><strong>652</strong></span> 
     </span>
    </p>
   </div>
   <div class='ocr_carea' id='block_1_3' title="bbox 462 402 3675 431">
    <p class='ocr_par' dir='ltr' id='par_1_3' title="bbox 462 402 3675 431">
     <span class='ocr_line' id='line_1_3' title="bbox 462 402 3675 431; baseline -0.002 -4"><span class='ocrx_word' id='word_1_7' title='bbox 462 402 3675 431; x_wconf 67' lang='lat'><strong>-—————————_——_.——___—______</strong></span> 
     </span>
    </p>
   </div>
   <div class='ocr_carea' id='block_1_4' title="bbox 949 522 3182 685">
    <p class='ocr_par' dir='ltr' id='par_1_4' title="bbox 949 522 3182 685">
     <span class='ocr_line' id='line_1_4' title="bbox 949 522 3182 685; baseline 0.002 -8"><span class='ocrx_word' id='word_1_8' title='bbox 949 524 2307 684; x_wconf 81' lang='lat' dir='ltr'><strong>RECENTIORUM</strong></span> <span class='ocrx_word' id='word_1_9' title='bbox 2444 529 3182 685; x_wconf 84' lang='lat' dir='ltr'><strong>JUDICIA</strong></span> 
     </span>
    </p>
   </div>
   <div class='ocr_carea' id='block_1_5' title="bbox 738 806 3390 908">
    <p class='ocr_par' dir='ltr' id='par_1_5' title="bbox 738 806 3390 908">
     <span class='ocr_line' id='line_1_5' title="bbox 738 806 3390 908; baseline 0.004 -15"><span class='ocrx_word' id='word_1_10' title='bbox 738 806 884 894; x_wconf 94' lang='lat' dir='ltr'><strong>DE</strong></span> <span class='ocrx_word' id='word_1_11' title='bbox 954 806 1539 900; x_wconf 88' lang='lat' dir='ltr'><strong>EPISTOLA</strong></span> <span class='ocrx_word' id='word_1_12' title='bbox 1588 809 2005 900; x_wconf 88' lang='lat' dir='ltr'><strong>SANCTI</strong></span> <span class='ocrx_word' id='word_1_13' title='bbox 2087 810 2670 900; x_wconf 70' lang='lat' dir='ltr'><strong>BARNABIE</strong></span> <span class='ocrx_word' id='word_1_14' title='bbox 2762 812 3390 908; x_wconf 86' lang='lat' dir='ltr'><strong>APOSTOLI.</strong></span> 
     </span>
    </p>
   </div>
   <div class='ocr_carea' id='block_1_6' title="bbox 690 1322 3457 1407">
    <p class='ocr_par' dir='ltr' id='par_1_6' title="bbox 690 1322 3457 1407">
     <span class='ocr_line' id='line_1_6' title="bbox 690 1322 3457 1407; baseline 0.001 -23"><span class='ocrx_word' id='word_1_15' title='bbox 690 1326 707 1402; x_wconf 88' lang='lat'><strong>(</strong></span> <span class='ocrx_word' id='word_1_16' title='bbox 747 1326 802 1387; x_wconf 79' lang='lat' dir='ltr'><strong>J.</strong></span> <span class='ocrx_word' id='word_1_17' title='bbox 837 1326 906 1386; x_wconf 90' lang='lat' dir='ltr'><strong>B.</strong></span> <span class='ocrx_word' id='word_1_18' title='bbox 963 1322 1484 1399; x_wconf 80' lang='lat' dir='ltr'><strong>COTELERIUS,</strong></span> <span class='ocrx_word' id='word_1_19' title='bbox 1546 1325 1765 1387; x_wconf 81' lang='lat' dir='ltr'><strong>Patres</strong></span> <span class='ocrx_word' id='word_1_20' title='bbox 1820 1323 2193 1404; x_wconf 78' lang='lat' dir='ltr'><strong>Apostolici,</strong></span> <span class='ocrx_word' id='word_1_21' title='bbox 2233 1330 2273 1385; x_wconf 86' lang='grc' dir='ltr'><strong>ι.</strong></span> <span class='ocrx_word' id='word_1_22' title='bbox 2310 1325 2364 1398; x_wconf 84' lang='grc' dir='ltr'><strong>Ι,</strong></span> <span class='ocrx_word' id='word_1_23' title='bbox 2401 1343 2461 1404; x_wconf 87' lang='lat' dir='ltr'><strong>p.</strong></span> <span class='ocrx_word' id='word_1_24' title='bbox 2515 1328 2572 1400; x_wconf 84' lang='lat'><strong>5,</strong></span> <span class='ocrx_word' id='word_1_25' title='bbox 2631 1325 2733 1387; x_wconf 90' lang='lat' dir='ltr'><strong>ed.</strong></span> <span class='ocrx_word' id='word_1_26' title='bbox 2769 1326 3221 1389; x_wconf 75' lang='lat' dir='ltr'><strong>Amstelodami</strong></span> <span class='ocrx_word' id='word_1_27' title='bbox 3255 1328 3457 1407; x_wconf 61' lang='lat'><strong>1725.)</strong></span> 
     </span>
    </p>
   </div>
   <div class='ocr_carea' id='block_1_7' title="bbox 530 1637 3698 1715">
    <p class='ocr_par' dir='ltr' id='par_1_7' title="bbox 530 1637 3698 1715">
     <span class='ocr_line' id='line_1_7' title="bbox 530 1637 3698 1715; baseline 0.003 -24"><span class='ocrx_word' id='word_1_28' title='bbox 530 1637 601 1691; x_wconf 88' lang='lat' dir='ltr'><strong>De</strong></span> <span class='ocrx_word' id='word_1_29' title='bbox 629 1638 737 1692; x_wconf 77' lang='lat' dir='ltr'><strong>vita</strong></span> <span class='ocrx_word' id='word_1_30' title='bbox 765 1648 813 1691; x_wconf 90' lang='lat' dir='ltr'><strong>et</strong></span> <span class='ocrx_word' id='word_1_31' title='bbox 842 1639 1048 1691; x_wconf 79' lang='lat' dir='ltr'><strong>nomine</strong></span> <span class='ocrx_word' id='word_1_32' title='bbox 1082 1637 1363 1693; x_wconf 79' lang='lat' dir='ltr'><strong>Barnabte.</strong></span> <span class='ocrx_word' id='word_1_33' title='bbox 1415 1638 1671 1695; x_wconf 80' lang='lat' dir='ltr'><strong>Refertur</strong></span> <span class='ocrx_word' id='word_1_34' title='bbox 1710 1657 1739 1695; x_wconf 87' lang='lat' dir='ltr'><strong>a</strong></span> <span class='ocrx_word' id='word_1_35' title='bbox 1773 1640 1831 1696; x_wconf 87' lang='grc' dir='ltr'><strong>Β.</strong></span> <span class='ocrx_word' id='word_1_36' title='bbox 1867 1640 2011 1697; x_wconf 85' lang='lat' dir='ltr'><strong>Luca</strong></span> <span class='ocrx_word' id='word_1_37' title='bbox 2040 1652 2085 1705; x_wconf 77' lang='grc' dir='ltr'>Α</span> <span class='ocrx_word' id='word_1_38' title='bbox 2118 1644 2363 1701; x_wconf 83' lang='lat' dir='ltr'><strong>scribens</strong></span> <span class='ocrx_word' id='word_1_39' title='bbox 2389 1661 2405 1699; x_wconf 88' lang='lat'><strong>:</strong></span> <span class='ocrx_word' id='word_1_40' title='bbox 2437 1646 2512 1698; x_wconf 83' lang='lat' dir='ltr'><strong>Ab</strong></span> <span class='ocrx_word' id='word_1_41' title='bbox 2543 1644 2793 1715; x_wconf 78' lang='lat' dir='ltr'><strong>apostolis</strong></span> <span class='ocrx_word' id='word_1_42' title='bbox 2822 1643 3098 1699; x_wconf 77' lang='lat' dir='ltr'><strong>Barnabas</strong></span> <span class='ocrx_word' id='word_1_43' title='bbox 3128 1644 3206 1699; x_wconf 82' lang='lat' dir='ltr'><strong>vel</strong></span> <span class='ocrx_word' id='word_1_44' title='bbox 3234 1664 3254 1697; x_wconf 75' lang='grc' dir='ltr'>ι</span> <span class='ocrx_word' id='word_1_45' title='bbox 3273 1645 3416 1714; x_wconf 78' lang='lat' dir='ltr'><strong>ﬁlius</strong></span> <span class='ocrx_word' id='word_1_46' title='bbox 3439 1652 3698 1701; x_wconf 80' lang='lat' dir='ltr'><strong>consola-</strong></span> 
     </span>
    </p>
   </div>
   <div class='ocr_carea' id='block_1_8' title="bbox 450 1728 2013 1804">
    <p class='ocr_par' dir='ltr' id='par_1_8' title="bbox 450 1728 2013 1804">
     <span class='ocr_line' id='line_1_8' title="bbox 450 1728 2013 1804; baseline 0.004 -21"><span class='ocrx_word' id='word_1_47' title='bbox 450 1728 630 1785; x_wconf 82' lang='lat' dir='ltr'><strong>Josem</strong></span> <span class='ocrx_word' id='word_1_48' title='bbox 663 1745 759 1784; x_wconf 87' lang='lat' dir='ltr'><strong>seu</strong></span> <span class='ocrx_word' id='word_1_49' title='bbox 801 1728 1095 1799; x_wconf 87' lang='lat' dir='ltr'><strong>Josephum</strong></span> <span class='ocrx_word' id='word_1_50' title='bbox 1122 1772 1137 1797; x_wconf 92' lang='lat'><strong>,</strong></span> <span class='ocrx_word' id='word_1_51' title='bbox 1192 1730 1428 1786; x_wconf 88' lang='lat' dir='ltr'><strong>Levitam</strong></span> <span class='ocrx_word' id='word_1_52' title='bbox 1454 1774 1468 1799; x_wconf 91' lang='lat'><strong>,</strong></span> <span class='ocrx_word' id='word_1_53' title='bbox 1512 1747 1710 1803; x_wconf 89' lang='lat' dir='ltr'><strong>genere</strong></span> <span class='ocrx_word' id='word_1_54' title='bbox 1755 1733 2013 1804; x_wconf 82' lang='lat' dir='ltr'><strong>Cyprium</strong></span> 
     </span>
    </p>
   </div>
   <div class='ocr_carea' id='block_1_9' title="bbox 451 1820 2017 1895">
    <p class='ocr_par' dir='ltr' id='par_1_9' title="bbox 451 1820 2017 1895">
     <span class='ocr_line' id='line_1_9' title="bbox 451 1820 2017 1895; baseline 0.003 -18"><span class='ocrx_word' id='word_1_55' title='bbox 451 1822 746 1877; x_wconf 83' lang='lat' dir='ltr'><strong>exstitisse.</strong></span> <span class='ocrx_word' id='word_1_56' title='bbox 787 1820 1005 1877; x_wconf 92' lang='lat' dir='ltr'><strong>Scilicet</strong></span> <span class='ocrx_word' id='word_1_57' title='bbox 1050 1838 1112 1878; x_wconf 89' lang='lat' dir='ltr'><strong>ea</strong></span> <span class='ocrx_word' id='word_1_58' title='bbox 1158 1823 1212 1876; x_wconf 93' lang='lat' dir='ltr'><strong>in</strong></span> <span class='ocrx_word' id='word_1_59' title='bbox 1262 1823 1437 1879; x_wconf 87' lang='lat' dir='ltr'><strong>insula</strong></span> <span class='ocrx_word' id='word_1_60' title='bbox 1482 1825 1702 1895; x_wconf 88' lang='lat' dir='ltr'><strong>plurimi</strong></span> <span class='ocrx_word' id='word_1_61' title='bbox 1752 1826 2017 1895; x_wconf 79' lang='lat' dir='ltr'><strong>degebant</strong></span> 
     </span>
    </p>
   </div>
   <div class='ocr_carea' id='block_1_10' title="bbox 450 1914 2015 1987">
    <p class='ocr_par' dir='ltr' id='par_1_10' title="bbox 450 1914 2015 1987">
     <span class='ocr_line' id='line_1_10' title="bbox 450 1914 2015 1987; baseline 0.001 -18"><span class='ocrx_word' id='word_1_62' title='bbox 450 1914 621 1969; x_wconf 65' lang='lat' dir='ltr'><strong>Judaei</strong></span> <span class='ocrx_word' id='word_1_63' title='bbox 655 1933 668 1968; x_wconf 92' lang='lat'><strong>:</strong></span> <span class='ocrx_word' id='word_1_64' title='bbox 701 1930 731 1969; x_wconf 88' lang='lat' dir='ltr'><strong>a</strong></span> <span class='ocrx_word' id='word_1_65' title='bbox 766 1914 966 1984; x_wconf 89' lang='lat' dir='ltr'><strong>quibus</strong></span> <span class='ocrx_word' id='word_1_66' title='bbox 1012 1924 1198 1985; x_wconf 84' lang='lat' dir='ltr'><strong>postea</strong></span> <span class='ocrx_word' id='word_1_67' title='bbox 1220 1957 1234 1982; x_wconf 92' lang='lat'><strong>,</strong></span> <span class='ocrx_word' id='word_1_68' title='bbox 1278 1916 1585 1985; x_wconf 87' lang='lat' dir='ltr'><strong>imperante</strong></span> <span class='ocrx_word' id='word_1_69' title='bbox 1630 1915 1902 1987; x_wconf 88' lang='lat' dir='ltr'><strong>Trajano,</strong></span> <span class='ocrx_word' id='word_1_70' title='bbox 1935 1918 2015 1972; x_wconf 88' lang='lat' dir='ltr'><strong>uti</strong></span> 
     </span>
    </p>
   </div>
   <div class='ocr_carea' id='block_1_11' title="bbox 450 2004 2015 2075">
    <p class='ocr_par' dir='ltr' id='par_1_11' title="bbox 450 2004 2015 2075">
     <span class='ocr_line' id='line_1_11' title="bbox 450 2004 2015 2075; baseline 0.001 -15"><span class='ocrx_word' id='word_1_71' title='bbox 450 2006 715 2061; x_wconf 89' lang='lat' dir='ltr'><strong>discimus</strong></span> <span class='ocrx_word' id='word_1_72' title='bbox 742 2020 837 2075; x_wconf 89' lang='lat' dir='ltr'><strong>per</strong></span> <span class='ocrx_word' id='word_1_73' title='bbox 864 2005 1091 2060; x_wconf 86' lang='lat' dir='ltr'><strong>Dionem</strong></span> <span class='ocrx_word' id='word_1_74' title='bbox 1112 2006 1364 2061; x_wconf 84' lang='lat' dir='ltr'><strong>Cassium</strong></span> <span class='ocrx_word' id='word_1_75' title='bbox 1398 2006 1452 2059; x_wconf 93' lang='lat' dir='ltr'><strong>in</strong></span> <span class='ocrx_word' id='word_1_76' title='bbox 1477 2004 1714 2061; x_wconf 84' lang='lat' dir='ltr'><strong>Historia</strong></span> <span class='ocrx_word' id='word_1_77' title='bbox 1736 2007 1883 2062; x_wconf 91' lang='lat' dir='ltr'><strong>illius</strong></span> <span class='ocrx_word' id='word_1_78' title='bbox 1912 2008 2015 2061; x_wconf 92' lang='lat' dir='ltr'><strong>im-</strong></span> 
     </span>
    </p>
   </div>
   <div class='ocr_carea' id='block_1_12' title="bbox 449 2094 2012 2167">
    <p class='ocr_par' dir='ltr' id='par_1_12' title="bbox 449 2094 2012 2167">
     <span class='ocr_line' id='line_1_12' title="bbox 449 2094 2012 2167; baseline 0.001 -18"><span class='ocrx_word' id='word_1_79' title='bbox 449 2096 741 2165; x_wconf 83' lang='lat' dir='ltr'><strong>peratoris,</strong></span> <span class='ocrx_word' id='word_1_80' title='bbox 769 2094 1061 2150; x_wconf 87' lang='lat' dir='ltr'><strong>Eusebium</strong></span> <span class='ocrx_word' id='word_1_81' title='bbox 1084 2095 1138 2149; x_wconf 93' lang='lat' dir='ltr'><strong>in</strong></span> <span class='ocrx_word' id='word_1_82' title='bbox 1178 2096 1462 2162; x_wconf 86' lang='lat' dir='ltr'><strong>Chronico,</strong></span> <span class='ocrx_word' id='word_1_83' title='bbox 1483 2096 1760 2162; x_wconf 83' lang='lat' dir='ltr'><strong>Orosium,</strong></span> <span class='ocrx_word' id='word_1_84' title='bbox 1794 2098 1887 2153; x_wconf 91' lang='lat' dir='ltr'><strong>lib.</strong></span> <span class='ocrx_word' id='word_1_85' title='bbox 1916 2115 2012 2167; x_wconf 87' lang='lat' dir='ltr'><strong>vu,</strong></span> 
     </span>
    </p>
   </div>
   <div class='ocr_carea' id='block_1_13' title="bbox 448 2186 2011 2260">
    <p class='ocr_par' dir='ltr' id='par_1_13' title="bbox 448 2186 2011 2260">
     <span class='ocr_line' id='line_1_13' title="bbox 448 2186 2011 2260; baseline 0.003 -20"><span class='ocrx_word' id='word_1_86' title='bbox 448 2202 569 2256; x_wconf 85' lang='lat' dir='ltr'><strong>cap.</strong></span> <span class='ocrx_word' id='word_1_87' title='bbox 588 2188 674 2252; x_wconf 73' lang='grc'><strong>12,</strong></span> <span class='ocrx_word' id='word_1_88' title='bbox 698 2196 860 2256; x_wconf 85' lang='lat' dir='ltr'><strong>atque</strong></span> <span class='ocrx_word' id='word_1_89' title='bbox 878 2187 1043 2257; x_wconf 87' lang='lat' dir='ltr'><strong>hujus</strong></span> <span class='ocrx_word' id='word_1_90' title='bbox 1054 2187 1345 2255; x_wconf 82' lang='lat' dir='ltr'><strong>asseclam,</strong></span> <span class='ocrx_word' id='word_1_91' title='bbox 1366 2186 2011 2260; x_wconf 85' lang='lat' dir='ltr'><strong>pseudo-Hieronymum,</strong></span> 
     </span>
    </p>
   </div>
   <div class='ocr_carea' id='block_1_14' title="bbox 447 2280 2015 2350">
    <p class='ocr_par' dir='ltr' id='par_1_14' title="bbox 447 2280 2015 2350">
     <span class='ocr_line' id='line_1_14' title="bbox 447 2280 2015 2350; baseline 0.004 -17"><span class='ocrx_word' id='word_1_92' title='bbox 447 2288 680 2334; x_wconf 85' lang='lat' dir='ltr'><strong>tractatu</strong></span> <span class='ocrx_word' id='word_1_93' title='bbox 710 2280 776 2334; x_wconf 90' lang='lat' dir='ltr'><strong>de</strong></span> <span class='ocrx_word' id='word_1_94' title='bbox 803 2280 939 2335; x_wconf 91' lang='lat' dir='ltr'><strong>locis</strong></span> <span class='ocrx_word' id='word_1_95' title='bbox 962 2294 1029 2334; x_wconf 78' lang='lat' dir='ltr'><strong>ex</strong></span> <span class='ocrx_word' id='word_1_96' title='bbox 1053 2280 1204 2335; x_wconf 80' lang='lat' dir='ltr'><strong>Actis</strong></span> <span class='ocrx_word' id='word_1_97' title='bbox 1232 2281 1603 2350; x_wconf 86' lang='lat' dir='ltr'><strong>apostolorum</strong></span> <span class='ocrx_word' id='word_1_98' title='bbox 1624 2324 1639 2349; x_wconf 93' lang='lat'><strong>,</strong></span> <span class='ocrx_word' id='word_1_99' title='bbox 1672 2284 1882 2339; x_wconf 81' lang='lat' dir='ltr'><strong>inﬁnita</strong></span> <span class='ocrx_word' id='word_1_100' title='bbox 1916 2285 2015 2339; x_wconf 83' lang='lat' dir='ltr'><strong>ho-</strong></span> 
     </span>
    </p>
   </div>
   <div class='ocr_carea' id='block_1_15' title="bbox 448 2370 2012 2443">
    <p class='ocr_par' dir='ltr' id='par_1_15' title="bbox 448 2370 2012 2443">
     <span class='ocr_line' id='line_1_15' title="bbox 448 2370 2012 2443; baseline 0.003 -18"><span class='ocrx_word' id='word_1_101' title='bbox 448 2373 657 2425; x_wconf 90' lang='lat' dir='ltr'><strong>minnm</strong></span> <span class='ocrx_word' id='word_1_102' title='bbox 694 2372 988 2427; x_wconf 87' lang='lat' dir='ltr'><strong>multitudo</strong></span> <span class='ocrx_word' id='word_1_103' title='bbox 1008 2370 1255 2442; x_wconf 76' lang='lat' dir='ltr'><strong>iugulata</strong></span> <span class='ocrx_word' id='word_1_104' title='bbox 1295 2370 1433 2438; x_wconf 81' lang='lat' dir='ltr'><strong>fuit,</strong></span> <span class='ocrx_word' id='word_1_105' title='bbox 1487 2372 1727 2443; x_wconf 87' lang='lat' dir='ltr'><strong>urbsque</strong></span> <span class='ocrx_word' id='word_1_106' title='bbox 1757 2373 2012 2439; x_wconf 87' lang='lat' dir='ltr'><strong>Salamis,</strong></span> 
     </span>
    </p>
   </div>
   <div class='ocr_carea' id='block_1_16' title="bbox 447 2463 2016 2533">
    <p class='ocr_par' dir='ltr' id='par_1_16' title="bbox 447 2463 2016 2533">
     <span class='ocr_line' id='line_1_16' title="bbox 447 2463 2016 2533; baseline 0.003 -17"><span class='ocrx_word' id='word_1_107' title='bbox 447 2463 746 2533; x_wconf 86' lang='lat' dir='ltr'><strong>peremptis</strong></span> <span class='ocrx_word' id='word_1_108' title='bbox 775 2464 1032 2519; x_wconf 90' lang='lat' dir='ltr'><strong>omnibus</strong></span> <span class='ocrx_word' id='word_1_109' title='bbox 1062 2464 1261 2520; x_wconf 87' lang='lat' dir='ltr'><strong>incolis</strong></span> <span class='ocrx_word' id='word_1_110' title='bbox 1283 2504 1300 2529; x_wconf 86' lang='lat'><strong>,</strong></span> <span class='ocrx_word' id='word_1_111' title='bbox 1350 2463 1598 2521; x_wconf 80' lang='lat' dir='ltr'><strong>funditus</strong></span> <span class='ocrx_word' id='word_1_112' title='bbox 1626 2479 1836 2520; x_wconf 88' lang='lat' dir='ltr'><strong>eversa.</strong></span> <span class='ocrx_word' id='word_1_113' title='bbox 1876 2464 2016 2521; x_wconf 90' lang='lat' dir='ltr'><strong>Dicit</strong></span> 
     </span>
    </p>
   </div>
   <div class='ocr_carea' id='block_1_17' title="bbox 444 2555 2015 2627">
    <p class='ocr_par' dir='ltr' id='par_1_17' title="bbox 444 2555 2015 2627">
     <span class='ocr_line' id='line_1_17' title="bbox 444 2555 2015 2627; baseline 0.001 -16"><span class='ocrx_word' id='word_1_114' title='bbox 444 2557 607 2611; x_wconf 88' lang='lat' dir='ltr'><strong>etiam</strong></span> <span class='ocrx_word' id='word_1_115' title='bbox 642 2555 817 2611; x_wconf 89' lang='lat' dir='ltr'><strong>Lucas</strong></span> <span class='ocrx_word' id='word_1_116' title='bbox 842 2556 1024 2612; x_wconf 83' lang='lat' dir='ltr'><strong>Josem</strong></span> <span class='ocrx_word' id='word_1_117' title='bbox 1048 2570 1349 2627; x_wconf 81' lang='lat' dir='ltr'><strong>cognomen</strong></span> <span class='ocrx_word' id='word_1_118' title='bbox 1373 2556 1636 2611; x_wconf 77' lang='lat' dir='ltr'><strong>Barnaha:</strong></span> <span class='ocrx_word' id='word_1_119' title='bbox 1660 2558 1728 2612; x_wconf 90' lang='lat' dir='ltr'><strong>ab</strong></span> <span class='ocrx_word' id='word_1_120' title='bbox 1753 2558 2015 2627; x_wconf 90' lang='lat' dir='ltr'><strong>apostolis</strong></span> 
     </span>
    </p>
   </div>
   <div class='ocr_carea' id='block_1_18' title="bbox 447 2648 2012 2719">
    <p class='ocr_par' dir='ltr' id='par_1_18' title="bbox 447 2648 2012 2719">
     <span class='ocr_line' id='line_1_18' title="bbox 447 2648 2012 2719; baseline 0.001 -17"><span class='ocrx_word' id='word_1_121' title='bbox 447 2648 641 2703; x_wconf 88' lang='lat' dir='ltr'><strong>tulisse</strong></span> <span class='ocrx_word' id='word_1_122' title='bbox 673 2649 805 2718; x_wconf 90' lang='lat' dir='ltr'><strong>(quo</strong></span> <span class='ocrx_word' id='word_1_123' title='bbox 832 2648 1169 2718; x_wconf 78' lang='lat' dir='ltr'><strong>signiﬁcetur</strong></span> <span class='ocrx_word' id='word_1_124' title='bbox 1195 2648 1312 2711; x_wconf 77' lang='grc' dir='ltr'><strong>υἱὸς</strong></span> <span class='ocrx_word' id='word_1_125' title='bbox 1340 2648 1735 2719; x_wconf 84' lang='grc' dir='ltr'>παρακλήσεως</span> <span class='ocrx_word' id='word_1_126' title='bbox 1754 2687 1768 2710; x_wconf 90' lang='grc'>,</span> <span class='ocrx_word' id='word_1_127' title='bbox 1818 2648 1871 2702; x_wconf 90' lang='lat' dir='ltr'><strong>id</strong></span> <span class='ocrx_word' id='word_1_128' title='bbox 1900 2659 2012 2715; x_wconf 89' lang='lat' dir='ltr'><strong>est,</strong></span> 
     </span>
    </p>
   </div>
   <div class='ocr_carea' id='block_1_19' title="bbox 446 2738 2012 2810">
    <p class='ocr_par' dir='ltr' id='par_1_19' title="bbox 446 2738 2012 2810">
     <span class='ocr_line' id='line_1_19' title="bbox 446 2738 2012 2810; baseline 0.001 -17"><span class='ocrx_word' id='word_1_129' title='bbox 446 2741 592 2810; x_wconf 74' lang='lat' dir='ltr'><strong>filius</strong></span> <span class='ocrx_word' id='word_1_130' title='bbox 617 2741 996 2795; x_wconf 86' lang='lat' dir='ltr'><strong>consolationis</strong></span> <span class='ocrx_word' id='word_1_131' title='bbox 1022 2748 1074 2793; x_wconf 89' lang='lat' dir='ltr'><strong>et</strong></span> <span class='ocrx_word' id='word_1_132' title='bbox 1098 2740 1505 2793; x_wconf 72' lang='lat' dir='ltr'><strong>exhortationis.</strong></span> <span class='ocrx_word' id='word_1_133' title='bbox 1533 2738 1838 2809; x_wconf 87' lang='lat' dir='ltr'><strong>Utrumque</strong></span> <span class='ocrx_word' id='word_1_134' title='bbox 1868 2742 2012 2795; x_wconf 90' lang='lat' dir='ltr'><strong>enim</strong></span> 
     </span>
    </p>
   </div>
   <div class='ocr_carea' id='block_1_20' title="bbox 445 2828 2013 2903">
    <p class='ocr_par' dir='ltr' id='par_1_20' title="bbox 445 2828 2013 2903">
     <span class='ocr_line' id='line_1_20' title="bbox 445 2828 2013 2903; baseline 0.001 -18"><span class='ocrx_word' id='word_1_135' title='bbox 445 2833 842 2903; x_wconf 84' lang='grc' dir='ltr'>παρακλήσεως</span> <span class='ocrx_word' id='word_1_136' title='bbox 875 2832 1137 2897; x_wconf 87' lang='lat' dir='ltr'><strong>denotat;</strong></span> <span class='ocrx_word' id='word_1_137' title='bbox 1183 2832 1438 2900; x_wconf 81' lang='lat' dir='ltr'><strong>quamvis</strong></span> <span class='ocrx_word' id='word_1_138' title='bbox 1479 2829 1540 2883; x_wconf 88' lang='grc' dir='ltr'><strong>Β.</strong></span> <span class='ocrx_word' id='word_1_139' title='bbox 1586 2828 1917 2901; x_wconf 80' lang='lat' dir='ltr'><strong>Hieronymo</strong></span> <span class='ocrx_word' id='word_1_140' title='bbox 1948 2832 2013 2886; x_wconf 88' lang='lat' dir='ltr'><strong>ad</strong></span> 
     </span>
    </p>
   </div>
   <div class='ocr_carea' id='block_1_21' title="bbox 446 2922 2011 2993">
    <p class='ocr_par' dir='ltr' id='par_1_21' title="bbox 446 2922 2011 2993">
     <span class='ocr_line' id='line_1_21' title="bbox 446 2922 2011 2993; baseline -0.001 -15"><span class='ocrx_word' id='word_1_141' title='bbox 446 2925 554 2979; x_wconf 90' lang='lat' dir='ltr'><strong>Titi</strong></span> <span class='ocrx_word' id='word_1_142' title='bbox 587 2940 647 2990; x_wconf 88' lang='grc' dir='ltr'><strong>ιι,</strong></span> <span class='ocrx_word' id='word_1_143' title='bbox 680 2924 781 2989; x_wconf 80' lang='grc'><strong>15,</strong></span> <span class='ocrx_word' id='word_1_144' title='bbox 816 2922 987 2993; x_wconf 87' lang='lat' dir='ltr'><strong>magis</strong></span> <span class='ocrx_word' id='word_1_145' title='bbox 1016 2922 1449 2977; x_wconf 86' lang='lat' dir='ltr'><strong>consolationem</strong></span> <span class='ocrx_word' id='word_1_146' title='bbox 1480 2936 1642 2990; x_wconf 89' lang='lat' dir='ltr'><strong>quam</strong></span> <span class='ocrx_word' id='word_1_147' title='bbox 1675 2922 2011 2976; x_wconf 81' lang='lat' dir='ltr'><strong>exhortatio—</strong></span> 
     </span>
    </p>
   </div>
   <div class='ocr_carea' id='block_1_22' title="bbox 2119 1737 3696 1808">
    <p class='ocr_par' dir='ltr' id='par_1_22' title="bbox 2119 1737 3696 1808">
     <span class='ocr_line' id='line_1_22' title="bbox 2119 1737 3696 1808; baseline 0 -17"><span class='ocrx_word' id='word_1_148' title='bbox 2119 1739 2278 1791; x_wconf 88' lang='lat' dir='ltr'><strong>tionis</strong></span> <span class='ocrx_word' id='word_1_149' title='bbox 2307 1756 2325 1789; x_wconf 75' lang='grc' dir='ltr'>ι</span> <span class='ocrx_word' id='word_1_150' title='bbox 2352 1747 2427 1791; x_wconf 87' lang='lat' dir='ltr'><strong>est</strong></span> <span class='ocrx_word' id='word_1_151' title='bbox 2451 1747 2688 1805; x_wconf 75' lang='lat' dir='ltr'><strong>vocatus,</strong></span> <span class='ocrx_word' id='word_1_152' title='bbox 2720 1752 2813 1806; x_wconf 92' lang='lat' dir='ltr'><strong>pro</strong></span> <span class='ocrx_word' id='word_1_153' title='bbox 2841 1753 2901 1791; x_wconf 88' lang='lat' dir='ltr'><strong>eo</strong></span> <span class='ocrx_word' id='word_1_154' title='bbox 2916 1737 3052 1806; x_wconf 88' lang='lat' dir='ltr'><strong>quod</strong></span> <span class='ocrx_word' id='word_1_155' title='bbox 3077 1753 3197 1790; x_wconf 87' lang='lat' dir='ltr'><strong>cum</strong></span> <span class='ocrx_word' id='word_1_156' title='bbox 3215 1737 3453 1790; x_wconf 77' lang='lat' dir='ltr'><strong>habuerit</strong></span> <span class='ocrx_word' id='word_1_157' title='bbox 3478 1754 3696 1808; x_wconf 86' lang='lat' dir='ltr'><strong>agrum,</strong></span> 
     </span>
    </p>
   </div>
   <div class='ocr_carea' id='block_1_23' title="bbox 2114 1824 3696 1895">
    <p class='ocr_par' dir='ltr' id='par_1_23' title="bbox 2114 1824 3696 1895">
     <span class='ocr_line' id='line_1_23' title="bbox 2114 1824 3696 1895; baseline 0.003 -20"><span class='ocrx_word' id='word_1_158' title='bbox 2114 1839 2331 1893; x_wconf 85' lang='lat' dir='ltr'><strong>eumque</strong></span> <span class='ocrx_word' id='word_1_159' title='bbox 2360 1825 2652 1878; x_wconf 75' lang='lat' dir='ltr'><strong>vendiderit</strong></span> <span class='ocrx_word' id='word_1_160' title='bbox 2672 1866 2687 1890; x_wconf 92' lang='lat'><strong>,</strong></span> <span class='ocrx_word' id='word_1_161' title='bbox 2736 1827 2963 1895; x_wconf 77' lang='lat' dir='ltr'><strong>pretium</strong></span> <span class='ocrx_word' id='word_1_162' title='bbox 2992 1824 3106 1893; x_wconf 87' lang='lat' dir='ltr'><strong>ejus</strong></span> <span class='ocrx_word' id='word_1_163' title='bbox 3138 1834 3261 1878; x_wconf 83' lang='lat' dir='ltr'><strong>ante</strong></span> <span class='ocrx_word' id='word_1_164' title='bbox 3286 1825 3439 1894; x_wconf 84' lang='lat' dir='ltr'><strong>pedes</strong></span> <span class='ocrx_word' id='word_1_165' title='bbox 3469 1837 3696 1895; x_wconf 88' lang='lat' dir='ltr'><strong>aposto-</strong></span> 
     </span>
    </p>
   </div>
   <div class='ocr_carea' id='block_1_24' title="bbox 2115 1916 3696 1987">
    <p class='ocr_par' dir='ltr' id='par_1_24' title="bbox 2115 1916 3696 1987">
     <span class='ocr_line' id='line_1_24' title="bbox 2115 1916 3696 1987; baseline 0.003 -18"><span class='ocrx_word' id='word_1_166' title='bbox 2115 1916 2310 1979; x_wconf 83' lang='lat' dir='ltr'><strong>lorum,</strong></span> <span class='ocrx_word' id='word_1_167' title='bbox 2358 1918 2427 1970; x_wconf 88' lang='lat' dir='ltr'><strong>ad</strong></span> <span class='ocrx_word' id='word_1_168' title='bbox 2473 1916 2881 1971; x_wconf 83' lang='lat' dir='ltr'><strong>consolationem</strong></span> <span class='ocrx_word' id='word_1_169' title='bbox 2910 1933 3230 1987; x_wconf 80' lang='lat' dir='ltr'><strong>pauperum,</strong></span> <span class='ocrx_word' id='word_1_170' title='bbox 3278 1919 3550 1986; x_wconf 84' lang='lat' dir='ltr'><strong>posuerit;</strong></span> <span class='ocrx_word' id='word_1_171' title='bbox 3597 1934 3696 1973; x_wconf 87' lang='lat' dir='ltr'><strong>nec</strong></span> 
     </span>
    </p>
   </div>
   <div class='ocr_carea' id='block_1_25' title="bbox 2116 2006 3694 2079">
    <p class='ocr_par' dir='ltr' id='par_1_25' title="bbox 2116 2006 3694 2079">
     <span class='ocr_line' id='line_1_25' title="bbox 2116 2006 3694 2079; baseline -0.001 -16"><span class='ocrx_word' id='word_1_172' title='bbox 2116 2024 2223 2063; x_wconf 92' lang='lat' dir='ltr'><strong>non</strong></span> <span class='ocrx_word' id='word_1_173' title='bbox 2286 2009 2360 2062; x_wconf 89' lang='lat' dir='ltr'><strong>illi</strong></span> <span class='ocrx_word' id='word_1_174' title='bbox 2420 2008 2513 2078; x_wconf 88' lang='lat' dir='ltr'><strong>qui</strong></span> <span class='ocrx_word' id='word_1_175' title='bbox 2570 2008 2624 2062; x_wconf 93' lang='lat' dir='ltr'><strong>in</strong></span> <span class='ocrx_word' id='word_1_176' title='bbox 2674 2006 3039 2079; x_wconf 85' lang='lat' dir='ltr'><strong>Hieronymo,</strong></span> <span class='ocrx_word' id='word_1_177' title='bbox 3086 2008 3228 2062; x_wconf 91' lang='lat' dir='ltr'><strong>libro</strong></span> <span class='ocrx_word' id='word_1_178' title='bbox 3269 2006 3347 2061; x_wconf 89' lang='lat' dir='ltr'><strong>De</strong></span> <span class='ocrx_word' id='word_1_179' title='bbox 3389 2007 3694 2061; x_wconf 72' lang='lat' dir='ltr'><strong>nominibus</strong></span> 
     </span>
    </p>
   </div>
   <div class='ocr_carea' id='block_1_26' title="bbox 2119 2098 3695 2169">
    <p class='ocr_par' dir='ltr' id='par_1_26' title="bbox 2119 2098 3695 2169">
     <span class='ocr_line' id='line_1_26' title="bbox 2119 2098 3695 2169; baseline -0.001 -15"><span class='ocrx_word' id='word_1_180' title='bbox 2119 2099 2417 2168; x_wconf 83' lang='lat' dir='ltr'><strong>Hebraicis,</strong></span> <span class='ocrx_word' id='word_1_181' title='bbox 2452 2108 2671 2154; x_wconf 85' lang='lat' dir='ltr'><strong>vertunt</strong></span> <span class='ocrx_word' id='word_1_182' title='bbox 2706 2100 2849 2169; x_wconf 74' lang='lat' dir='ltr'><strong>ﬁlius</strong></span> <span class='ocrx_word' id='word_1_183' title='bbox 2877 2098 3276 2153; x_wconf 79' lang='lat' dir='ltr'><strong>consolationis.</strong></span> <span class='ocrx_word' id='word_1_184' title='bbox 3307 2098 3387 2153; x_wconf 83' lang='lat' dir='ltr'><strong>Ad</strong></span> <span class='ocrx_word' id='word_1_185' title='bbox 3420 2098 3695 2169; x_wconf 85' lang='lat' dir='ltr'><strong>posterio-</strong></span> 
     </span>
    </p>
   </div>
   <div class='ocr_carea' id='block_1_27' title="bbox 2115 2190 3692 2262">
    <p class='ocr_par' dir='ltr' id='par_1_27' title="bbox 2115 2190 3692 2262">
     <span class='ocr_line' id='line_1_27' title="bbox 2115 2190 3692 2262; baseline -0.001 -16"><span class='ocrx_word' id='word_1_186' title='bbox 2115 2207 2231 2246; x_wconf 89' lang='lat' dir='ltr'><strong>rem</strong></span> <span class='ocrx_word' id='word_1_187' title='bbox 2266 2206 2394 2246; x_wconf 89' lang='lat' dir='ltr'><strong>vero</strong></span> <span class='ocrx_word' id='word_1_188' title='bbox 2437 2190 2603 2246; x_wconf 87' lang='lat' dir='ltr'><strong>etiam</strong></span> <span class='ocrx_word' id='word_1_189' title='bbox 2648 2190 3104 2262; x_wconf 82' lang='lat' dir='ltr'><strong>signiﬁcationem</strong></span> <span class='ocrx_word' id='word_1_190' title='bbox 3154 2190 3348 2245; x_wconf 87' lang='lat' dir='ltr'><strong>adduci</strong></span> <span class='ocrx_word' id='word_1_191' title='bbox 3379 2198 3566 2260; x_wconf 82' lang='lat' dir='ltr'><strong>potest</strong></span> <span class='ocrx_word' id='word_1_192' title='bbox 3594 2205 3692 2245; x_wconf 83' lang='lat' dir='ltr'><strong>es-</strong></span> 
     </span>
    </p>
   </div>
   <div class='ocr_carea' id='block_1_28' title="bbox 2116 2280 3689 2354">
    <p class='ocr_par' dir='ltr' id='par_1_28' title="bbox 2116 2280 3689 2354">
     <span class='ocr_line' id='line_1_28' title="bbox 2116 2280 3689 2354; baseline -0.003 -16"><span class='ocrx_word' id='word_1_193' title='bbox 2116 2284 2316 2354; x_wconf 91' lang='lat' dir='ltr'><strong>positio</strong></span> <span class='ocrx_word' id='word_1_194' title='bbox 2371 2284 2545 2338; x_wconf 79' lang='lat' dir='ltr'><strong>sancti</strong></span> <span class='ocrx_word' id='word_1_195' title='bbox 2596 2280 2973 2353; x_wconf 87' lang='lat' dir='ltr'><strong>Chrysostomi</strong></span> <span class='ocrx_word' id='word_1_196' title='bbox 3000 2321 3017 2345; x_wconf 87' lang='lat'><strong>,</strong></span> <span class='ocrx_word' id='word_1_197' title='bbox 3066 2281 3288 2336; x_wconf 89' lang='lat' dir='ltr'><strong>bomilia</strong></span> <span class='ocrx_word' id='word_1_198' title='bbox 3321 2281 3383 2334; x_wconf 76' lang='lat' dir='ltr'><strong>ii</strong></span> <span class='ocrx_word' id='word_1_199' title='bbox 3422 2280 3481 2335; x_wconf 92' lang='lat' dir='ltr'><strong>in</strong></span> <span class='ocrx_word' id='word_1_200' title='bbox 3509 2281 3689 2335; x_wconf 82' lang='lat' dir='ltr'><strong>Acta:</strong></span> 
     </span>
    </p>
   </div>
   <div class='ocr_carea' id='block_1_29' title="bbox 2120 2372 3692 2447">
    <p class='ocr_par' dir='ltr' id='par_1_29' title="bbox 2120 2372 3692 2447">
     <span class='ocr_line' id='line_1_29' title="bbox 2120 2372 3692 2447; baseline -0.003 -18"><span class='ocrx_word' id='word_1_201' title='bbox 2120 2374 2420 2447; x_wconf 77' lang='grc' dir='ltr'>Βαρνάϐας,</span> <span class='ocrx_word' id='word_1_202' title='bbox 2472 2375 2500 2427; x_wconf 84' lang='grc' dir='ltr'>ὅ</span> <span class='ocrx_word' id='word_1_203' title='bbox 2555 2376 2700 2427; x_wconf 77' lang='grc' dir='ltr'>ἐστιν</span> <span class='ocrx_word' id='word_1_204' title='bbox 2752 2374 2881 2439; x_wconf 74' lang='grc' dir='ltr'><strong>υἱὸς</strong></span> <span class='ocrx_word' id='word_1_205' title='bbox 2917 2372 3371 2443; x_wconf 71' lang='grc' dir='ltr'><strong>παρακλήσεως,</strong></span> <span class='ocrx_word' id='word_1_206' title='bbox 3425 2374 3537 2426; x_wconf 76' lang='grc' dir='ltr'>ὑπὸ</span> <span class='ocrx_word' id='word_1_207' title='bbox 3586 2372 3692 2425; x_wconf 80' lang='grc' dir='ltr'><strong>τῶν</strong></span> 
     </span>
    </p>
   </div>
   <div class='ocr_carea' id='block_1_30' title="bbox 2116 2462 3694 2535">
    <p class='ocr_par' dir='ltr' id='par_1_30' title="bbox 2116 2462 3694 2535">
     <span class='ocr_line' id='line_1_30' title="bbox 2116 2462 3694 2535; baseline -0.003 -15"><span class='ocrx_word' id='word_1_208' title='bbox 2116 2464 2424 2520; x_wconf 82' lang='grc' dir='ltr'><strong>ἀποστόλων</strong></span> <span class='ocrx_word' id='word_1_209' title='bbox 2447 2463 2838 2535; x_wconf 72' lang='grc' dir='ltr'>ἐπωνομάσθησ</span> <span class='ocrx_word' id='word_1_210' title='bbox 2870 2466 2964 2517; x_wconf 82' lang='grc' dir='ltr'>καὶ</span> <span class='ocrx_word' id='word_1_211' title='bbox 2989 2464 3135 2517; x_wconf 85' lang='grc' dir='ltr'>δοκεῖ</span> <span class='ocrx_word' id='word_1_212' title='bbox 3170 2480 3258 2533; x_wconf 86' lang='grc' dir='ltr'>μοι</span> <span class='ocrx_word' id='word_1_213' title='bbox 3289 2462 3402 2515; x_wconf 80' lang='grc' dir='ltr'>ἀπὸ</span> <span class='ocrx_word' id='word_1_214' title='bbox 3427 2463 3532 2533; x_wconf 76' lang='grc' dir='ltr'><strong>τῆς</strong></span> <span class='ocrx_word' id='word_1_215' title='bbox 3564 2464 3694 2534; x_wconf 81' lang='grc' dir='ltr'>ἀρε-</span> 
     </span>
    </p>
   </div>
   <div class='ocr_carea' id='block_1_31' title="bbox 2114 2550 3694 2621">
    <p class='ocr_par' dir='ltr' id='par_1_31' title="bbox 2114 2550 3694 2621">
     <span class='ocr_line' id='line_1_31' title="bbox 2114 2550 3694 2621; baseline 0.001 -17"><span class='ocrx_word' id='word_1_216' title='bbox 2114 2551 2213 2621; x_wconf 83' lang='grc' dir='ltr'><strong>τῆς</strong></span> <span class='ocrx_word' id='word_1_217' title='bbox 2239 2550 2516 2621; x_wconf 79' lang='grc' dir='ltr'><strong>εἰληφέναι</strong></span> <span class='ocrx_word' id='word_1_218' title='bbox 2541 2550 2602 2604; x_wconf 87' lang='grc' dir='ltr'><strong>τὸ</strong></span> <span class='ocrx_word' id='word_1_219' title='bbox 2626 2552 2817 2621; x_wconf 75' lang='grc' dir='ltr'>ὄνομα,</span> <span class='ocrx_word' id='word_1_220' title='bbox 2842 2551 2917 2614; x_wconf 81' lang='grc' dir='ltr'><strong>ὡς</strong></span> <span class='ocrx_word' id='word_1_221' title='bbox 2944 2551 3080 2621; x_wconf 84' lang='grc' dir='ltr'>πρὸς</span> <span class='ocrx_word' id='word_1_222' title='bbox 3106 2550 3264 2604; x_wconf 81' lang='grc' dir='ltr'>τοῦτο</span> <span class='ocrx_word' id='word_1_223' title='bbox 3287 2551 3472 2615; x_wconf 76' lang='grc' dir='ltr'>ἱκανὸς</span> <span class='ocrx_word' id='word_1_224' title='bbox 3501 2550 3580 2604; x_wconf 84' lang='grc' dir='ltr'>ὢν</span> <span class='ocrx_word' id='word_1_225' title='bbox 3603 2553 3694 2605; x_wconf 73' lang='grc' dir='ltr'><strong>καὶ</strong></span> 
     </span>
    </p>
   </div>
   <div class='ocr_carea' id='block_1_32' title="bbox 2116 2640 3693 2712">
    <p class='ocr_par' dir='ltr' id='par_1_32' title="bbox 2116 2640 3693 2712">
     <span class='ocr_line' id='line_1_32' title="bbox 2116 2640 3693 2712; baseline 0.002 -19"><span class='ocrx_word' id='word_1_226' title='bbox 2116 2640 2437 2712; x_wconf 72' lang='grc' dir='ltr'>ἐπιτήδειος.</span> <span class='ocrx_word' id='word_1_227' title='bbox 2475 2640 2783 2706; x_wconf 88' lang='lat' dir='ltr'><strong>Barnabas,</strong></span> <span class='ocrx_word' id='word_1_228' title='bbox 2836 2647 2931 2698; x_wconf 89' lang='lat' dir='ltr'><strong>hoc</strong></span> <span class='ocrx_word' id='word_1_229' title='bbox 2957 2652 3033 2698; x_wconf 91' lang='lat' dir='ltr'><strong>est</strong></span> <span class='ocrx_word' id='word_1_230' title='bbox 3077 2665 3099 2699; x_wconf 74' lang='grc' dir='ltr'><strong><em>ο</em></strong></span> <span class='ocrx_word' id='word_1_231' title='bbox 3142 2640 3285 2709; x_wconf 80' lang='lat' dir='ltr'><strong>ﬁlius</strong></span> <span class='ocrx_word' id='word_1_232' title='bbox 3311 2642 3693 2697; x_wconf 83' lang='lat' dir='ltr'><strong>consolationis</strong></span> 
     </span>
    </p>
   </div>
   <div class='ocr_carea' id='block_1_33' title="bbox 2114 2729 3694 2801">
    <p class='ocr_par' dir='ltr' id='par_1_33' title="bbox 2114 2729 3694 2801">
     <span class='ocr_line' id='line_1_33' title="bbox 2114 2729 3694 2801; baseline 0 -18"><span class='ocrx_word' id='word_1_233' title='bbox 2114 2740 2164 2783; x_wconf 78' lang='lat' dir='ltr'><strong>et</strong></span> <span class='ocrx_word' id='word_1_234' title='bbox 2197 2730 2603 2793; x_wconf 71' lang='lat' dir='ltr'><strong>exhortationis,</strong></span> <span class='ocrx_word' id='word_1_235' title='bbox 2629 2750 2647 2781; x_wconf 77' lang='grc' dir='ltr'>ι</span> <span class='ocrx_word' id='word_1_236' title='bbox 2685 2729 2747 2782; x_wconf 91' lang='lat' dir='ltr'><strong>ab</strong></span> <span class='ocrx_word' id='word_1_237' title='bbox 2780 2730 3036 2800; x_wconf 90' lang='lat' dir='ltr'><strong>apostolis</strong></span> <span class='ocrx_word' id='word_1_238' title='bbox 3064 2730 3465 2801; x_wconf 86' lang='lat' dir='ltr'><strong>cognominatus</strong></span> <span class='ocrx_word' id='word_1_239' title='bbox 3498 2742 3601 2786; x_wconf 86' lang='lat' dir='ltr'><strong>est.</strong></span> <span class='ocrx_word' id='word_1_240' title='bbox 3631 2731 3694 2784; x_wconf 86' lang='lat' dir='ltr'><strong>Et</strong></span> 
     </span>
    </p>
   </div>
   <div class='ocr_carea' id='block_1_34' title="bbox 2116 2820 3695 2892">
    <p class='ocr_par' dir='ltr' id='par_1_34' title="bbox 2116 2820 3695 2892">
     <span class='ocr_line' id='line_1_34' title="bbox 2116 2820 3695 2892; baseline 0.001 -19"><span class='ocrx_word' id='word_1_241' title='bbox 2116 2821 2245 2873; x_wconf 87' lang='lat' dir='ltr'><strong>mihi</strong></span> <span class='ocrx_word' id='word_1_242' title='bbox 2278 2820 2505 2885; x_wconf 79' lang='lat' dir='ltr'><strong>videtur,</strong></span> <span class='ocrx_word' id='word_1_243' title='bbox 2538 2837 2572 2873; x_wconf 93' lang='lat' dir='ltr'><strong>a</strong></span> <span class='ocrx_word' id='word_1_244' title='bbox 2600 2821 2790 2874; x_wconf 84' lang='lat' dir='ltr'><strong>virtute</strong></span> <span class='ocrx_word' id='word_1_245' title='bbox 2816 2836 3004 2875; x_wconf 85' lang='lat' dir='ltr'><strong>nomen</strong></span> <span class='ocrx_word' id='word_1_246' title='bbox 3034 2821 3413 2889; x_wconf 85' lang='lat' dir='ltr'><strong>assumpsisse,</strong></span> <span class='ocrx_word' id='word_1_247' title='bbox 3462 2823 3609 2892; x_wconf 89' lang='lat' dir='ltr'><strong>quod</strong></span> <span class='ocrx_word' id='word_1_248' title='bbox 3630 2822 3695 2875; x_wconf 86' lang='lat' dir='ltr'><strong>ad</strong></span> 
     </span>
    </p>
   </div>
   <div class='ocr_carea' id='block_1_35' title="bbox 2116 2911 3694 2983">
    <p class='ocr_par' dir='ltr' id='par_1_35' title="bbox 2116 2911 3694 2983">
     <span class='ocr_line' id='line_1_35' title="bbox 2116 2911 3694 2983; baseline 0.002 -19"><span class='ocrx_word' id='word_1_249' title='bbox 2116 2911 2251 2965; x_wconf 89' lang='lat' dir='ltr'><strong>illud</strong></span> <span class='ocrx_word' id='word_1_250' title='bbox 2274 2921 2429 2981; x_wconf 83' lang='lat' dir='ltr'><strong>aptas</strong></span> <span class='ocrx_word' id='word_1_251' title='bbox 2452 2921 2584 2965; x_wconf 81' lang='lat' dir='ltr'><strong>esset</strong></span> <span class='ocrx_word' id='word_1_252' title='bbox 2606 2928 2667 2965; x_wconf 90' lang='lat' dir='ltr'><strong>ac</strong></span> <span class='ocrx_word' id='word_1_253' title='bbox 2690 2912 2927 2975; x_wconf 86' lang='lat' dir='ltr'><strong>idoneus,</strong></span> <span class='ocrx_word' id='word_1_254' title='bbox 2953 2912 3021 2967; x_wconf 88' lang='lat' dir='ltr'><strong>ad</strong></span> <span class='ocrx_word' id='word_1_255' title='bbox 3040 2913 3456 2980; x_wconf 87' lang='lat' dir='ltr'><strong>consolandum,</strong></span> <span class='ocrx_word' id='word_1_256' title='bbox 3476 2927 3694 2983; x_wconf 86' lang='lat' dir='ltr'><strong>nempe,</strong></span> 
     </span>
    </p>
   </div>
   <div class='ocr_carea' id='block_1_36' title="bbox 444 2996 3697 3084">
    <p class='ocr_par' dir='ltr' id='par_1_36' title="bbox 444 2996 3697 3084">
     <span class='ocr_line' id='line_1_36' title="bbox 444 2996 3697 3084; baseline -0.004 -13"><span class='ocrx_word' id='word_1_257' title='bbox 444 3032 569 3071; x_wconf 90' lang='lat' dir='ltr'><strong>nem</strong></span> <span class='ocrx_word' id='word_1_258' title='bbox 594 3024 770 3071; x_wconf 89' lang='lat' dir='ltr'><strong>sonet.</strong></span> <span class='ocrx_word' id='word_1_259' title='bbox 796 3013 986 3070; x_wconf 84' lang='lat' dir='ltr'><strong>Tradit</strong></span> <span class='ocrx_word' id='word_1_260' title='bbox 1014 3014 1214 3084; x_wconf 90' lang='lat' dir='ltr'><strong>quippe</strong></span> <span class='ocrx_word' id='word_1_261' title='bbox 1240 3022 1463 3068; x_wconf 87' lang='lat' dir='ltr'><strong>sanctus</strong></span> <span class='ocrx_word' id='word_1_262' title='bbox 1488 3012 1847 3083; x_wconf 85' lang='lat' dir='ltr'><strong>Augustinus,</strong></span> <span class='ocrx_word' id='word_1_263' title='bbox 1877 3012 2014 3069; x_wconf 86' lang='lat' dir='ltr'><strong>alios</strong></span> <span class='ocrx_word' id='word_1_264' title='bbox 2044 2996 2088 3050; x_wconf 79' lang='grc' dir='ltr'><strong>Β</strong></span> <span class='ocrx_word' id='word_1_265' title='bbox 2117 3020 2183 3060; x_wconf 87' lang='lat' dir='ltr'><strong>ac</strong></span> <span class='ocrx_word' id='word_1_266' title='bbox 2212 3004 2638 3060; x_wconf 80' lang='lat' dir='ltr'><strong>exhortandum.</strong></span> <span class='ocrx_word' id='word_1_267' title='bbox 2674 3005 2898 3060; x_wconf 85' lang='lat' dir='ltr'><strong>Accedit</strong></span> <span class='ocrx_word' id='word_1_268' title='bbox 2928 3006 3035 3061; x_wconf 87' lang='lat' dir='ltr'><strong>huc</strong></span> <span class='ocrx_word' id='word_1_269' title='bbox 3080 3005 3445 3075; x_wconf 79' lang='lat' dir='ltr'><strong>veriloquium</strong></span> <span class='ocrx_word' id='word_1_270' title='bbox 3498 3004 3697 3061; x_wconf 49' lang='lat' dir='ltr'><strong>Hiero.</strong></span> 
     </span>
    </p>
   </div>
   <div class='ocr_carea' id='block_1_37' title="bbox 443 3102 2015 3178">
    <p class='ocr_par' dir='ltr' id='par_1_37' title="bbox 443 3102 2015 3178">
     <span class='ocr_line' id='line_1_37' title="bbox 443 3102 2015 3178; baseline -0.004 -16"><span class='ocrx_word' id='word_1_271' title='bbox 443 3107 670 3162; x_wconf 86' lang='lat' dir='ltr'><strong>verbum</strong></span> <span class='ocrx_word' id='word_1_272' title='bbox 694 3104 1062 3178; x_wconf 81' lang='grc' dir='ltr'><strong>παρεκλήθην,</strong></span> <span class='ocrx_word' id='word_1_273' title='bbox 1081 3105 1217 3173; x_wconf 89' lang='lat' dir='ltr'><strong>psal.</strong></span> <span class='ocrx_word' id='word_1_274' title='bbox 1244 3118 1435 3167; x_wconf 81' lang='lat' dir='ltr'><strong>cxvm,</strong></span> <span class='ocrx_word' id='word_1_275' title='bbox 1466 3104 1555 3168; x_wconf 65' lang='lat'><strong>52,</strong></span> <span class='ocrx_word' id='word_1_276' title='bbox 1581 3102 1806 3157; x_wconf 84' lang='lat' dir='ltr'><strong>vertisse</strong></span> <span class='ocrx_word' id='word_1_277' title='bbox 1831 3119 2015 3157; x_wconf 83' lang='lat' dir='ltr'><strong>conso-</strong></span> 
     </span>
    </p>
   </div>
   <div class='ocr_carea' id='block_1_38' title="bbox 444 3194 2016 3265">
    <p class='ocr_par' dir='ltr' id='par_1_38' title="bbox 444 3194 2016 3265">
     <span class='ocr_line' id='line_1_38' title="bbox 444 3194 2016 3265; baseline -0.003 -10"><span class='ocrx_word' id='word_1_278' title='bbox 444 3202 585 3255; x_wconf 85' lang='lat' dir='ltr'><strong>latus</strong></span> <span class='ocrx_word' id='word_1_279' title='bbox 613 3215 759 3265; x_wconf 86' lang='lat' dir='ltr'><strong>sum,</strong></span> <span class='ocrx_word' id='word_1_280' title='bbox 790 3198 928 3252; x_wconf 88' lang='lat' dir='ltr'><strong>alios</strong></span> <span class='ocrx_word' id='word_1_281' title='bbox 960 3196 1281 3251; x_wconf 72' lang='lat' dir='ltr'><strong>exhortatus</strong></span> <span class='ocrx_word' id='word_1_282' title='bbox 1296 3212 1433 3250; x_wconf 84' lang='lat' dir='ltr'><strong>sum.</strong></span> <span class='ocrx_word' id='word_1_283' title='bbox 1464 3194 1539 3248; x_wconf 88' lang='grc' dir='ltr'>Ἐι</span> <span class='ocrx_word' id='word_1_284' title='bbox 1566 3204 1799 3265; x_wconf 89' lang='lat' dir='ltr'><strong>utraque</strong></span> <span class='ocrx_word' id='word_1_285' title='bbox 1834 3196 2016 3251; x_wconf 90' lang='lat' dir='ltr'><strong>versio</strong></span> 
     </span>
    </p>
   </div>
   <div class='ocr_carea' id='block_1_39' title="bbox 444 3284 2014 3356">
    <p class='ocr_par' dir='ltr' id='par_1_39' title="bbox 444 3284 2014 3356">
     <span class='ocr_line' id='line_1_39' title="bbox 444 3284 2014 3356; baseline -0.003 -13"><span class='ocrx_word' id='word_1_286' title='bbox 444 3288 685 3343; x_wconf 87' lang='lat' dir='ltr'><strong>cernitur</strong></span> <span class='ocrx_word' id='word_1_287' title='bbox 718 3288 772 3340; x_wconf 89' lang='lat' dir='ltr'><strong>in</strong></span> <span class='ocrx_word' id='word_1_288' title='bbox 807 3285 865 3341; x_wconf 88' lang='lat' dir='ltr'><strong>S.</strong></span> <span class='ocrx_word' id='word_1_289' title='bbox 897 3284 1138 3352; x_wconf 85' lang='lat' dir='ltr'><strong>Hilario;</strong></span> <span class='ocrx_word' id='word_1_290' title='bbox 1168 3285 1263 3356; x_wconf 89' lang='lat' dir='ltr'><strong>qui</strong></span> <span class='ocrx_word' id='word_1_291' title='bbox 1293 3284 1361 3340; x_wconf 89' lang='lat' dir='ltr'><strong>ad</strong></span> <span class='ocrx_word' id='word_1_292' title='bbox 1389 3284 1631 3355; x_wconf 86' lang='lat' dir='ltr'><strong>ejusdem</strong></span> <span class='ocrx_word' id='word_1_293' title='bbox 1665 3285 1860 3355; x_wconf 87' lang='lat' dir='ltr'><strong>psalmi</strong></span> <span class='ocrx_word' id='word_1_294' title='bbox 1891 3301 2014 3341; x_wconf 86' lang='lat' dir='ltr'><strong>ver—</strong></span> 
     </span>
    </p>
   </div>
   <div class='ocr_carea' id='block_1_40' title="bbox 444 3376 2013 3450">
    <p class='ocr_par' dir='ltr' id='par_1_40' title="bbox 444 3376 2013 3450">
     <span class='ocr_line' id='line_1_40' title="bbox 444 3376 2013 3450; baseline -0.004 -14"><span class='ocrx_word' id='word_1_295' title='bbox 444 3380 678 3436; x_wconf 84' lang='lat' dir='ltr'><strong>siculum</strong></span> <span class='ocrx_word' id='word_1_296' title='bbox 710 3378 797 3443; x_wconf 87' lang='grc'><strong>76,</strong></span> <span class='ocrx_word' id='word_1_297' title='bbox 836 3377 931 3431; x_wconf 82' lang='grc' dir='ltr'>τοῦ</span> <span class='ocrx_word' id='word_1_298' title='bbox 962 3377 1342 3450; x_wconf 72' lang='grc' dir='ltr'>παρακαλέσαι</span> <span class='ocrx_word' id='word_1_299' title='bbox 1385 3376 1564 3432; x_wconf 88' lang='lat' dir='ltr'><strong>reddit</strong></span> <span class='ocrx_word' id='word_1_300' title='bbox 1593 3386 1651 3429; x_wconf 90' lang='lat' dir='ltr'><strong>ut</strong></span> <span class='ocrx_word' id='word_1_301' title='bbox 1678 3378 2013 3442; x_wconf 78' lang='lat' dir='ltr'><strong>exhortemr;</strong></span> 
     </span>
    </p>
   </div>
   <div class='ocr_carea' id='block_1_41' title="bbox 443 3467 2014 3542">
    <p class='ocr_par' dir='ltr' id='par_1_41' title="bbox 443 3467 2014 3542">
     <span class='ocr_line' id='line_1_41' title="bbox 443 3467 2014 3542; baseline -0.003 -14"><span class='ocrx_word' id='word_1_302' title='bbox 443 3474 736 3542; x_wconf 88' lang='lat' dir='ltr'><strong>locumque</strong></span> <span class='ocrx_word' id='word_1_303' title='bbox 762 3470 1009 3540; x_wconf 86' lang='lat' dir='ltr'><strong>Apostoli</strong></span> <span class='ocrx_word' id='word_1_304' title='bbox 1039 3468 1081 3523; x_wconf 86' lang='grc' dir='ltr'>ιι</span> <span class='ocrx_word' id='word_1_305' title='bbox 1124 3467 1253 3524; x_wconf 88' lang='lat' dir='ltr'><strong>Cor.</strong></span> <span class='ocrx_word' id='word_1_306' title='bbox 1290 3484 1342 3535; x_wconf 92' lang='grc' dir='ltr'><strong>ι,</strong></span> <span class='ocrx_word' id='word_1_307' title='bbox 1381 3468 1448 3534; x_wconf 76' lang='lat'><strong>3,</strong></span> <span class='ocrx_word' id='word_1_308' title='bbox 1509 3469 1582 3523; x_wconf 89' lang='lat' dir='ltr'><strong>ita</strong></span> <span class='ocrx_word' id='word_1_309' title='bbox 1612 3467 1767 3523; x_wconf 75' lang='lat' dir='ltr'><strong>effert</strong></span> <span class='ocrx_word' id='word_1_310' title='bbox 1800 3486 1814 3523; x_wconf 87' lang='lat'><strong>:</strong></span> <span class='ocrx_word' id='word_1_311' title='bbox 1845 3468 2014 3523; x_wconf 88' lang='lat' dir='ltr'><strong>Bene—</strong></span> 
     </span>
    </p>
   </div>
   <div class='ocr_carea' id='block_1_42' title="bbox 442 3558 2017 3627">
    <p class='ocr_par' dir='ltr' id='par_1_42' title="bbox 442 3558 2017 3627">
     <span class='ocr_line' id='line_1_42' title="bbox 442 3558 2017 3627; baseline -0.004 -8"><span class='ocrx_word' id='word_1_312' title='bbox 442 3567 616 3620; x_wconf 86' lang='lat' dir='ltr'><strong>dictus</strong></span> <span class='ocrx_word' id='word_1_313' title='bbox 641 3564 780 3618; x_wconf 89' lang='lat' dir='ltr'><strong>Deus</strong></span> <span class='ocrx_word' id='word_1_314' title='bbox 803 3571 851 3617; x_wconf 85' lang='lat' dir='ltr'><strong>et</strong></span> <span class='ocrx_word' id='word_1_315' title='bbox 864 3560 1030 3615; x_wconf 91' lang='lat' dir='ltr'><strong>Pater</strong></span> <span class='ocrx_word' id='word_1_316' title='bbox 1049 3560 1265 3615; x_wconf 86' lang='lat' dir='ltr'><strong>Domini</strong></span> <span class='ocrx_word' id='word_1_317' title='bbox 1285 3561 1450 3614; x_wconf 87' lang='lat' dir='ltr'><strong>nostri</strong></span> <span class='ocrx_word' id='word_1_318' title='bbox 1472 3558 1600 3614; x_wconf 81' lang='lat' dir='ltr'><strong>Jesu</strong></span> <span class='ocrx_word' id='word_1_319' title='bbox 1615 3559 1833 3627; x_wconf 84' lang='lat' dir='ltr'><strong>Christi,</strong></span> <span class='ocrx_word' id='word_1_320' title='bbox 1854 3559 2017 3615; x_wconf 78' lang='lat' dir='ltr'><strong>Pater</strong></span> 
     </span>
    </p>
   </div>
   <div class='ocr_carea' id='block_1_43' title="bbox 444 3651 2017 3723">
    <p class='ocr_par' dir='ltr' id='par_1_43' title="bbox 444 3651 2017 3723">
     <span class='ocr_line' id='line_1_43' title="bbox 444 3651 2017 3723; baseline -0.004 -12"><span class='ocrx_word' id='word_1_321' title='bbox 444 3657 861 3723; x_wconf 85' lang='lat' dir='ltr'><strong>miserationum,</strong></span> <span class='ocrx_word' id='word_1_322' title='bbox 904 3662 956 3708; x_wconf 84' lang='lat' dir='ltr'><strong>et</strong></span> <span class='ocrx_word' id='word_1_323' title='bbox 1000 3651 1142 3706; x_wconf 88' lang='lat' dir='ltr'><strong>Deus</strong></span> <span class='ocrx_word' id='word_1_324' title='bbox 1167 3653 1335 3705; x_wconf 89' lang='lat' dir='ltr'><strong>omnis</strong></span> <span class='ocrx_word' id='word_1_325' title='bbox 1366 3652 1769 3720; x_wconf 78' lang='lat' dir='ltr'><strong>exhortationis,</strong></span> <span class='ocrx_word' id='word_1_326' title='bbox 1800 3652 1891 3721; x_wconf 85' lang='lat' dir='ltr'><strong>qui</strong></span> <span class='ocrx_word' id='word_1_327' title='bbox 1924 3666 2017 3706; x_wconf 80' lang='lat' dir='ltr'><strong>ea:-</strong></span> 
     </span>
    </p>
   </div>
   <div class='ocr_carea' id='block_1_44' title="bbox 444 3739 2012 3811">
    <p class='ocr_par' dir='ltr' id='par_1_44' title="bbox 444 3739 2012 3811">
     <span class='ocr_line' id='line_1_44' title="bbox 444 3739 2012 3811; baseline -0.004 -9"><span class='ocrx_word' id='word_1_328' title='bbox 444 3751 688 3803; x_wconf 90' lang='lat' dir='ltr'><strong>hortatur</strong></span> <span class='ocrx_word' id='word_1_329' title='bbox 734 3762 826 3801; x_wconf 91' lang='lat' dir='ltr'><strong>nos</strong></span> <span class='ocrx_word' id='word_1_330' title='bbox 872 3747 930 3800; x_wconf 92' lang='lat' dir='ltr'><strong>in</strong></span> <span class='ocrx_word' id='word_1_331' title='bbox 977 3743 1121 3799; x_wconf 89' lang='lat' dir='ltr'><strong>omni</strong></span> <span class='ocrx_word' id='word_1_332' title='bbox 1177 3741 1537 3796; x_wconf 90' lang='lat' dir='ltr'><strong>tribulatione.</strong></span> <span class='ocrx_word' id='word_1_333' title='bbox 1590 3740 1693 3797; x_wconf 87' lang='lat' dir='ltr'><strong>Ubi</strong></span> <span class='ocrx_word' id='word_1_334' title='bbox 1743 3739 2012 3811; x_wconf 81' lang='lat' dir='ltr'><strong>Vulgata:</strong></span> 
     </span>
    </p>
   </div>
   <div class='ocr_carea' id='block_1_45' title="bbox 444 3831 2016 3904">
    <p class='ocr_par' dir='ltr' id='par_1_45' title="bbox 444 3831 2016 3904">
     <span class='ocr_line' id='line_1_45' title="bbox 444 3831 2016 3904; baseline -0.007 -10"><span class='ocrx_word' id='word_1_335' title='bbox 444 3840 584 3893; x_wconf 86' lang='lat' dir='ltr'><strong>Deus</strong></span> <span class='ocrx_word' id='word_1_336' title='bbox 650 3838 811 3891; x_wconf 90' lang='lat' dir='ltr'><strong>totius</strong></span> <span class='ocrx_word' id='word_1_337' title='bbox 864 3834 1278 3901; x_wconf 84' lang='lat' dir='ltr'><strong>consolationis,</strong></span> <span class='ocrx_word' id='word_1_338' title='bbox 1316 3833 1410 3904; x_wconf 88' lang='lat' dir='ltr'><strong>qui</strong></span> <span class='ocrx_word' id='word_1_339' title='bbox 1453 3831 1758 3887; x_wconf 86' lang='lat' dir='ltr'><strong>consolatur</strong></span> <span class='ocrx_word' id='word_1_340' title='bbox 1804 3847 1897 3885; x_wconf 87' lang='lat' dir='ltr'><strong>nos</strong></span> <span class='ocrx_word' id='word_1_341' title='bbox 1959 3831 2016 3883; x_wconf 89' lang='lat' dir='ltr'><strong>in</strong></span> 
     </span>
    </p>
   </div>
   <div class='ocr_carea' id='block_1_46' title="bbox 444 3923 2013 3995">
    <p class='ocr_par' dir='ltr' id='par_1_46' title="bbox 444 3923 2013 3995">
     <span class='ocr_line' id='line_1_46' title="bbox 444 3923 2013 3995; baseline -0.005 -11"><span class='ocrx_word' id='word_1_342' title='bbox 444 3930 588 3984; x_wconf 92' lang='lat' dir='ltr'><strong>omni</strong></span> <span class='ocrx_word' id='word_1_343' title='bbox 618 3927 957 3982; x_wconf 87' lang='lat' dir='ltr'><strong>tribulatione</strong></span> <span class='ocrx_word' id='word_1_344' title='bbox 986 3935 1191 3991; x_wconf 87' lang='lat' dir='ltr'><strong>nostra,</strong></span> <span class='ocrx_word' id='word_1_345' title='bbox 1225 3936 1283 3979; x_wconf 92' lang='lat' dir='ltr'><strong>ut</strong></span> <span class='ocrx_word' id='word_1_346' title='bbox 1314 3926 1578 3995; x_wconf 86' lang='lat' dir='ltr'><strong>possimus</strong></span> <span class='ocrx_word' id='word_1_347' title='bbox 1608 3937 1657 3979; x_wconf 91' lang='lat' dir='ltr'><strong>et</strong></span> <span class='ocrx_word' id='word_1_348' title='bbox 1693 3923 1796 3993; x_wconf 86' lang='lat' dir='ltr'><strong>ipsi</strong></span> <span class='ocrx_word' id='word_1_349' title='bbox 1826 3938 2013 3977; x_wconf 85' lang='lat' dir='ltr'><strong>conso-</strong></span> 
     </span>
    </p>
   </div>
   <div class='ocr_carea' id='block_1_47' title="bbox 442 4017 2016 4092">
    <p class='ocr_par' dir='ltr' id='par_1_47' title="bbox 442 4017 2016 4092">
     <span class='ocr_line' id='line_1_47' title="bbox 442 4017 2016 4092; baseline -0.004 -17"><span class='ocrx_word' id='word_1_350' title='bbox 442 4022 548 4076; x_wconf 90' lang='lat' dir='ltr'><strong>lari</strong></span> <span class='ocrx_word' id='word_1_351' title='bbox 569 4037 655 4075; x_wconf 85' lang='lat' dir='ltr'><strong>eos</strong></span> <span class='ocrx_word' id='word_1_352' title='bbox 683 4022 773 4092; x_wconf 86' lang='lat' dir='ltr'><strong>qui</strong></span> <span class='ocrx_word' id='word_1_353' title='bbox 800 4022 857 4074; x_wconf 91' lang='lat' dir='ltr'><strong>in</strong></span> <span class='ocrx_word' id='word_1_354' title='bbox 880 4019 1022 4073; x_wconf 90' lang='lat' dir='ltr'><strong>omni</strong></span> <span class='ocrx_word' id='word_1_355' title='bbox 1048 4034 1296 4089; x_wconf 88' lang='lat' dir='ltr'><strong>pressura</strong></span> <span class='ocrx_word' id='word_1_356' title='bbox 1322 4027 1466 4086; x_wconf 88' lang='lat' dir='ltr'><strong>sunt,</strong></span> <span class='ocrx_word' id='word_1_357' title='bbox 1488 4034 1579 4087; x_wconf 88' lang='lat' dir='ltr'><strong>per</strong></span> <span class='ocrx_word' id='word_1_358' title='bbox 1599 4017 2016 4071; x_wconf 71' lang='lat' dir='ltr'><strong>exhortationem</strong></span> 
     </span>
    </p>
   </div>
   <div class='ocr_carea' id='block_1_48' title="bbox 442 4108 2016 4183">
    <p class='ocr_par' dir='ltr' id='par_1_48' title="bbox 442 4108 2016 4183">
     <span class='ocr_line' id='line_1_48' title="bbox 442 4108 2016 4183; baseline -0.003 -17"><span class='ocrx_word' id='word_1_359' title='bbox 442 4129 549 4183; x_wconf 90' lang='lat' dir='ltr'><strong>qua</strong></span> <span class='ocrx_word' id='word_1_360' title='bbox 575 4112 915 4166; x_wconf 71' lang='lat' dir='ltr'><strong>exhortamur</strong></span> <span class='ocrx_word' id='word_1_361' title='bbox 950 4120 1001 4166; x_wconf 89' lang='lat' dir='ltr'><strong>et</strong></span> <span class='ocrx_word' id='word_1_362' title='bbox 1034 4112 1137 4181; x_wconf 91' lang='lat' dir='ltr'><strong>ipsi</strong></span> <span class='ocrx_word' id='word_1_363' title='bbox 1170 4127 1202 4163; x_wconf 93' lang='lat' dir='ltr'><strong>a</strong></span> <span class='ocrx_word' id='word_1_364' title='bbox 1232 4109 1363 4176; x_wconf 85' lang='lat' dir='ltr'><strong>Deo,</strong></span> <span class='ocrx_word' id='word_1_365' title='bbox 1412 4118 1517 4163; x_wconf 89' lang='lat' dir='ltr'><strong>etc.</strong></span> <span class='ocrx_word' id='word_1_366' title='bbox 1555 4108 1645 4163; x_wconf 90' lang='lat' dir='ltr'><strong>Sic</strong></span> <span class='ocrx_word' id='word_1_367' title='bbox 1681 4109 1845 4163; x_wconf 89' lang='lat' dir='ltr'><strong>etiam</strong></span> <span class='ocrx_word' id='word_1_368' title='bbox 1872 4108 2016 4178; x_wconf 85' lang='lat' dir='ltr'><strong>apud</strong></span> 
     </span>
    </p>
   </div>
   <div class='ocr_carea' id='block_1_49' title="bbox 442 4200 2012 4270">
    <p class='ocr_par' dir='ltr' id='par_1_49' title="bbox 442 4200 2012 4270">
     <span class='ocr_line' id='line_1_49' title="bbox 442 4200 2012 4270; baseline -0.004 -11"><span class='ocrx_word' id='word_1_369' title='bbox 442 4202 775 4270; x_wconf 83' lang='lat' dir='ltr'><strong>Luciferum,</strong></span> <span class='ocrx_word' id='word_1_370' title='bbox 808 4204 948 4258; x_wconf 89' lang='lat' dir='ltr'><strong>libro</strong></span> <span class='ocrx_word' id='word_1_371' title='bbox 976 4202 1053 4256; x_wconf 91' lang='lat' dir='ltr'><strong>De</strong></span> <span class='ocrx_word' id='word_1_372' title='bbox 1084 4219 1185 4256; x_wconf 88' lang='lat' dir='ltr'><strong>non</strong></span> <span class='ocrx_word' id='word_1_373' title='bbox 1213 4202 1558 4256; x_wconf 84' lang='lat' dir='ltr'><strong>conveniendo</strong></span> <span class='ocrx_word' id='word_1_374' title='bbox 1584 4216 1699 4253; x_wconf 90' lang='lat' dir='ltr'><strong>cum</strong></span> <span class='ocrx_word' id='word_1_375' title='bbox 1731 4200 2012 4265; x_wconf 67' lang='lat' dir='ltr'><strong>haereticis,</strong></span> 
     </span>
    </p>
   </div>
   <div class='ocr_carea' id='block_1_50' title="bbox 442 4291 2014 4364">
    <p class='ocr_par' dir='ltr' id='par_1_50' title="bbox 442 4291 2014 4364">
     <span class='ocr_line' id='line_1_50' title="bbox 442 4291 2014 4364; baseline -0.005 -11"><span class='ocrx_word' id='word_1_376' title='bbox 442 4298 550 4353; x_wconf 87' lang='lat' dir='ltr'><strong>hoc</strong></span> <span class='ocrx_word' id='word_1_377' title='bbox 575 4296 738 4351; x_wconf 92' lang='lat' dir='ltr'><strong>modo</strong></span> <span class='ocrx_word' id='word_1_378' title='bbox 762 4296 960 4351; x_wconf 91' lang='lat' dir='ltr'><strong>citatur</strong></span> <span class='ocrx_word' id='word_1_379' title='bbox 984 4294 1300 4364; x_wconf 82' lang='lat' dir='ltr'><strong>Apostolus,</strong></span> <span class='ocrx_word' id='word_1_380' title='bbox 1330 4292 1495 4348; x_wconf 88' lang='lat' dir='ltr'><strong>Hebr.</strong></span> <span class='ocrx_word' id='word_1_381' title='bbox 1528 4309 1608 4357; x_wconf 86' lang='grc' dir='ltr'><strong>ιιι,</strong></span> <span class='ocrx_word' id='word_1_382' title='bbox 1640 4294 1736 4346; x_wconf 78' lang='lat' dir='ltr'><strong>l3:</strong></span> <span class='ocrx_word' id='word_1_383' title='bbox 1762 4291 1863 4347; x_wconf 88' lang='lat' dir='ltr'><strong>Sed</strong></span> <span class='ocrx_word' id='word_1_384' title='bbox 1894 4309 2014 4346; x_wconf 81' lang='lat' dir='ltr'><strong>con—</strong></span> 
     </span>
    </p>
   </div>
   <div class='ocr_carea' id='block_1_51' title="bbox 2119 3097 3699 3167">
    <p class='ocr_par' dir='ltr' id='par_1_51' title="bbox 2119 3097 3699 3167">
     <span class='ocr_line' id='line_1_51' title="bbox 2119 3097 3699 3167; baseline 0 -16"><span class='ocrx_word' id='word_1_385' title='bbox 2119 3098 2436 3167; x_wconf 85' lang='lat' dir='ltr'><strong>nymianum</strong></span> <span class='ocrx_word' id='word_1_386' title='bbox 2471 3120 2481 3152; x_wconf 88' lang='lat'><strong>:</strong></span> <span class='ocrx_word' id='word_1_387' title='bbox 2518 3097 2815 3162; x_wconf 86' lang='lat' dir='ltr'><strong>Barnabas,</strong></span> <span class='ocrx_word' id='word_1_388' title='bbox 2844 3098 2990 3165; x_wconf 81' lang='lat' dir='ltr'><strong>[ilius</strong></span> <span class='ocrx_word' id='word_1_389' title='bbox 3019 3097 3315 3165; x_wconf 67' lang='lat' dir='ltr'><strong>prophetas,</strong></span> <span class='ocrx_word' id='word_1_390' title='bbox 3344 3106 3440 3151; x_wconf 87' lang='lat' dir='ltr'><strong>aut</strong></span> <span class='ocrx_word' id='word_1_391' title='bbox 3465 3099 3699 3167; x_wconf 77' lang='lat' dir='ltr'><strong>prophe-</strong></span> 
     </span>
    </p>
   </div>
   <div class='ocr_carea' id='block_1_52' title="bbox 2122 3187 3702 3260">
    <p class='ocr_par' dir='ltr' id='par_1_52' title="bbox 2122 3187 3702 3260">
     <span class='ocr_line' id='line_1_52' title="bbox 2122 3187 3702 3260; baseline 0.001 -19"><span class='ocrx_word' id='word_1_392' title='bbox 2122 3189 2229 3253; x_wconf 66' lang='lat' dir='ltr'><strong>tia,</strong></span> <span class='ocrx_word' id='word_1_393' title='bbox 2265 3190 2369 3244; x_wconf 86' lang='lat' dir='ltr'><strong>hoc</strong></span> <span class='ocrx_word' id='word_1_394' title='bbox 2412 3200 2498 3245; x_wconf 88' lang='lat' dir='ltr'><strong>est</strong></span> <span class='ocrx_word' id='word_1_395' title='bbox 2547 3190 2827 3260; x_wconf 86' lang='lat' dir='ltr'><strong>propheta.</strong></span> <span class='ocrx_word' id='word_1_396' title='bbox 2888 3187 3281 3258; x_wconf 86' lang='lat' dir='ltr'><strong>Prophetarum</strong></span> <span class='ocrx_word' id='word_1_397' title='bbox 3326 3188 3545 3243; x_wconf 87' lang='lat' dir='ltr'><strong>scilicet</strong></span> <span class='ocrx_word' id='word_1_398' title='bbox 3586 3189 3702 3245; x_wconf 82' lang='lat' dir='ltr'><strong>sive</strong></span> 
     </span>
    </p>
   </div>
   <div class='ocr_carea' id='block_1_53' title="bbox 2118 3280 3697 3352">
    <p class='ocr_par' dir='ltr' id='par_1_53' title="bbox 2118 3280 3697 3352">
     <span class='ocr_line' id='line_1_53' title="bbox 2118 3280 3697 3352; baseline -0.004 -11"><span class='ocrx_word' id='word_1_399' title='bbox 2118 3286 2405 3342; x_wconf 86' lang='lat' dir='ltr'><strong>doctorum</strong></span> <span class='ocrx_word' id='word_1_400' title='bbox 2436 3295 2539 3349; x_wconf 89' lang='lat' dir='ltr'><strong>est,</strong></span> <span class='ocrx_word' id='word_1_401' title='bbox 2579 3284 2859 3339; x_wconf 84' lang='lat' dir='ltr'><strong>adhortari</strong></span> <span class='ocrx_word' id='word_1_402' title='bbox 2902 3292 2957 3338; x_wconf 91' lang='lat' dir='ltr'><strong>et</strong></span> <span class='ocrx_word' id='word_1_403' title='bbox 2998 3282 3271 3338; x_wconf 89' lang='lat' dir='ltr'><strong>consolari</strong></span> <span class='ocrx_word' id='word_1_404' title='bbox 3316 3280 3413 3337; x_wconf 88' lang='lat' dir='ltr'><strong>Dei</strong></span> <span class='ocrx_word' id='word_1_405' title='bbox 3455 3281 3697 3352; x_wconf 87' lang='lat' dir='ltr'><strong>plebem.</strong></span> 
     </span>
    </p>
   </div>
   <div class='ocr_carea' id='block_1_54' title="bbox 2118 3371 3700 3444">
    <p class='ocr_par' dir='ltr' id='par_1_54' title="bbox 2118 3371 3700 3444">
     <span class='ocr_line' id='line_1_54' title="bbox 2118 3371 3700 3444; baseline -0.005 -12"><span class='ocrx_word' id='word_1_406' title='bbox 2118 3376 2409 3444; x_wconf 85' lang='lat' dir='ltr'><strong>Quocirca,</strong></span> <span class='ocrx_word' id='word_1_407' title='bbox 2439 3376 2560 3431; x_wconf 91' lang='lat' dir='ltr'><strong>Act.</strong></span> <span class='ocrx_word' id='word_1_408' title='bbox 2602 3392 2692 3440; x_wconf 79' lang='lat' dir='ltr'><strong>xv,</strong></span> <span class='ocrx_word' id='word_1_409' title='bbox 2719 3374 2818 3440; x_wconf 71' lang='lat'><strong>32,</strong></span> <span class='ocrx_word' id='word_1_410' title='bbox 2862 3374 3095 3429; x_wconf 87' lang='lat' dir='ltr'><strong>habetur</strong></span> <span class='ocrx_word' id='word_1_411' title='bbox 3122 3390 3136 3425; x_wconf 90' lang='lat'><strong>:</strong></span> <span class='ocrx_word' id='word_1_412' title='bbox 3173 3371 3370 3436; x_wconf 82' lang='grc' dir='ltr'><strong>Ἰούδας</strong></span> <span class='ocrx_word' id='word_1_413' title='bbox 3396 3371 3454 3424; x_wconf 82' lang='grc' dir='ltr'><strong>δὲ</strong></span> <span class='ocrx_word' id='word_1_414' title='bbox 3486 3373 3586 3425; x_wconf 78' lang='grc' dir='ltr'>καὶ</span> <span class='ocrx_word' id='word_1_415' title='bbox 3611 3371 3700 3424; x_wconf 82' lang='grc' dir='ltr'><strong>Σί-</strong></span> 
     </span>
    </p>
   </div>
   <div class='ocr_carea' id='block_1_55' title="bbox 2116 3466 3705 3542">
    <p class='ocr_par' dir='ltr' id='par_1_55' title="bbox 2116 3466 3705 3542">
     <span class='ocr_line' id='line_1_55' title="bbox 2116 3466 3705 3542; baseline -0.003 -17"><span class='ocrx_word' id='word_1_416' title='bbox 2116 3470 2213 3535; x_wconf 83' lang='grc' dir='ltr'>λας</span> <span class='ocrx_word' id='word_1_417' title='bbox 2243 3472 2338 3525; x_wconf 76' lang='grc' dir='ltr'><strong>καὶ</strong></span> <span class='ocrx_word' id='word_1_418' title='bbox 2366 3470 2519 3524; x_wconf 74' lang='grc' dir='ltr'>αὐτοὶ</span> <span class='ocrx_word' id='word_1_419' title='bbox 2546 3470 2821 3542; x_wconf 83' lang='grc' dir='ltr'>προφῆται</span> <span class='ocrx_word' id='word_1_420' title='bbox 2846 3466 3118 3535; x_wconf 73' lang='grc' dir='ltr'>ὅντες,διὰ</span> <span class='ocrx_word' id='word_1_421' title='bbox 3140 3468 3297 3537; x_wconf 82' lang='grc' dir='ltr'>λόγου</span> <span class='ocrx_word' id='word_1_422' title='bbox 3327 3466 3526 3521; x_wconf 85' lang='grc' dir='ltr'>πολλοῦ</span> <span class='ocrx_word' id='word_1_423' title='bbox 3558 3484 3705 3538; x_wconf 83' lang='grc' dir='ltr'>παρ-</span> 
     </span>
    </p>
   </div>
   <div class='ocr_carea' id='block_1_56' title="bbox 2117 3558 3702 3632">
    <p class='ocr_par' dir='ltr' id='par_1_56' title="bbox 2117 3558 3702 3632">
     <span class='ocr_line' id='line_1_56' title="bbox 2117 3558 3702 3632; baseline -0.001 -18"><span class='ocrx_word' id='word_1_424' title='bbox 2117 3561 2380 3615; x_wconf 81' lang='grc' dir='ltr'>εκάλεσαν</span> <span class='ocrx_word' id='word_1_425' title='bbox 2438 3561 2565 3624; x_wconf 83' lang='grc' dir='ltr'>τοὺς</span> <span class='ocrx_word' id='word_1_426' title='bbox 2612 3560 2914 3629; x_wconf 83' lang='grc' dir='ltr'>ἀδελφοὺς,</span> <span class='ocrx_word' id='word_1_427' title='bbox 2966 3560 3062 3614; x_wconf 61' lang='grc' dir='ltr'><strong>καὶ⁵</strong></span> <span class='ocrx_word' id='word_1_428' title='bbox 3108 3558 3489 3632; x_wconf 75' lang='grc' dir='ltr'>ἐπεστήριξαν.</span> <span class='ocrx_word' id='word_1_429' title='bbox 3536 3558 3702 3613; x_wconf 75' lang='lat' dir='ltr'><strong>Juxta</strong></span> 
     </span>
    </p>
   </div>
   <div class='ocr_carea' id='block_1_57' title="bbox 2118 3650 3702 3722">
    <p class='ocr_par' dir='ltr' id='par_1_57' title="bbox 2118 3650 3702 3722">
     <span class='ocr_line' id='line_1_57' title="bbox 2118 3650 3702 3722; baseline -0.001 -16"><span class='ocrx_word' id='word_1_430' title='bbox 2118 3663 2364 3708; x_wconf 91' lang='lat' dir='ltr'><strong>nostrum</strong></span> <span class='ocrx_word' id='word_1_431' title='bbox 2415 3654 2815 3722; x_wconf 88' lang='lat' dir='ltr'><strong>interpretem:</strong></span> <span class='ocrx_word' id='word_1_432' title='bbox 2874 3651 3048 3706; x_wconf 73' lang='lat' dir='ltr'><strong>Iudas</strong></span> <span class='ocrx_word' id='word_1_433' title='bbox 3098 3663 3277 3707; x_wconf 87' lang='lat' dir='ltr'><strong>autem</strong></span> <span class='ocrx_word' id='word_1_434' title='bbox 3325 3661 3375 3705; x_wconf 89' lang='lat' dir='ltr'><strong>et</strong></span> <span class='ocrx_word' id='word_1_435' title='bbox 3426 3650 3600 3719; x_wconf 79' lang='lat' dir='ltr'><strong>Silus,</strong></span> <span class='ocrx_word' id='word_1_436' title='bbox 3653 3662 3702 3705; x_wconf 85' lang='lat' dir='ltr'><strong>et</strong></span> 
     </span>
    </p>
   </div>
   <div class='ocr_carea' id='block_1_58' title="bbox 2117 3741 3703 3813">
    <p class='ocr_par' dir='ltr' id='par_1_58' title="bbox 2117 3741 3703 3813">
     <span class='ocr_line' id='line_1_58' title="bbox 2117 3741 3703 3813; baseline 0.001 -20"><span class='ocrx_word' id='word_1_437' title='bbox 2117 3741 2219 3811; x_wconf 85' lang='lat' dir='ltr'><strong>ipsi</strong></span> <span class='ocrx_word' id='word_1_438' title='bbox 2265 3758 2383 3795; x_wconf 91' lang='lat' dir='ltr'><strong>cum</strong></span> <span class='ocrx_word' id='word_1_439' title='bbox 2423 3752 2593 3796; x_wconf 89' lang='lat' dir='ltr'><strong>essent</strong></span> <span class='ocrx_word' id='word_1_440' title='bbox 2632 3742 2898 3812; x_wconf 75' lang='lat' dir='ltr'><strong>propheta:</strong></span> <span class='ocrx_word' id='word_1_441' title='bbox 2922 3782 2941 3810; x_wconf 91' lang='lat'><strong>,</strong></span> <span class='ocrx_word' id='word_1_442' title='bbox 2987 3741 3138 3796; x_wconf 85' lang='lat' dir='ltr'><strong>verbo</strong></span> <span class='ocrx_word' id='word_1_443' title='bbox 3168 3742 3397 3813; x_wconf 90' lang='lat' dir='ltr'><strong>plurimo</strong></span> <span class='ocrx_word' id='word_1_444' title='bbox 3433 3744 3703 3797; x_wconf 86' lang='lat' dir='ltr'><strong>consolati</strong></span> 
     </span>
    </p>
   </div>
   <div class='ocr_carea' id='block_1_59' title="bbox 2116 3834 3701 3906">
    <p class='ocr_par' dir='ltr' id='par_1_59' title="bbox 2116 3834 3701 3906">
     <span class='ocr_line' id='line_1_59' title="bbox 2116 3834 3701 3906; baseline 0.001 -18"><span class='ocrx_word' id='word_1_445' title='bbox 2116 3844 2237 3888; x_wconf 89' lang='lat' dir='ltr'><strong>sunt</strong></span> <span class='ocrx_word' id='word_1_446' title='bbox 2289 3835 2505 3905; x_wconf 82' lang='lat' dir='ltr'><strong>fratres,</strong></span> <span class='ocrx_word' id='word_1_447' title='bbox 2541 3845 2591 3889; x_wconf 90' lang='lat' dir='ltr'><strong>et</strong></span> <span class='ocrx_word' id='word_1_448' title='bbox 2632 3837 3092 3906; x_wconf 76' lang='lat' dir='ltr'><strong>conﬁrmaverunt.</strong></span> <span class='ocrx_word' id='word_1_449' title='bbox 3137 3834 3203 3888; x_wconf 80' lang='lat' dir='ltr'><strong>Et</strong></span> <span class='ocrx_word' id='word_1_450' title='bbox 3241 3834 3263 3888; x_wconf 79' lang='grc' dir='ltr'>Ι</span> <span class='ocrx_word' id='word_1_451' title='bbox 3304 3834 3435 3890; x_wconf 90' lang='lat' dir='ltr'><strong>Cor.</strong></span> <span class='ocrx_word' id='word_1_452' title='bbox 3475 3852 3594 3899; x_wconf 80' lang='lat' dir='ltr'><strong>xw,</strong></span> <span class='ocrx_word' id='word_1_453' title='bbox 3622 3836 3701 3891; x_wconf 70' lang='grc' dir='ltr'><strong>ὃς</strong></span> 
     </span>
    </p>
   </div>
   <div class='ocr_carea' id='block_1_60' title="bbox 2129 3927 3705 4000">
    <p class='ocr_par' dir='ltr' id='par_1_60' title="bbox 2129 3927 3705 4000">
     <span class='ocr_line' id='line_1_60' title="bbox 2129 3927 3705 4000; baseline -0.001 -18"><span class='ocrx_word' id='word_1_454' title='bbox 2129 3929 2186 3982; x_wconf 91' lang='lat'><strong>&#39;0</strong></span> <span class='ocrx_word' id='word_1_455' title='bbox 2223 3928 2281 3980; x_wconf 87' lang='grc' dir='ltr'><strong>δὲ</strong></span> <span class='ocrx_word' id='word_1_456' title='bbox 2321 3928 2679 4000; x_wconf 83' lang='grc' dir='ltr'>προφητεύων</span> <span class='ocrx_word' id='word_1_457' title='bbox 2728 3927 3035 3999; x_wconf 82' lang='grc' dir='ltr'>ἀνθρώποις</span> <span class='ocrx_word' id='word_1_458' title='bbox 3074 3928 3226 3982; x_wconf 86' lang='grc' dir='ltr'>λαλεῖ</span> <span class='ocrx_word' id='word_1_459' title='bbox 3275 3928 3569 3998; x_wconf 71' lang='grc' dir='ltr'>οἰκοδομὴν</span> <span class='ocrx_word' id='word_1_460' title='bbox 3606 3930 3705 3983; x_wconf 78' lang='grc' dir='ltr'>καὶ</span> 
     </span>
    </p>
   </div>
   <div class='ocr_carea' id='block_1_61' title="bbox 2116 4017 3703 4091">
    <p class='ocr_par' dir='ltr' id='par_1_61' title="bbox 2116 4017 3703 4091">
     <span class='ocr_line' id='line_1_61' title="bbox 2116 4017 3703 4091; baseline -0.001 -18"><span class='ocrx_word' id='word_1_461' title='bbox 2116 4018 2457 4091; x_wconf 81' lang='grc' dir='ltr'>παράκλησιν</span> <span class='ocrx_word' id='word_1_462' title='bbox 2494 4017 2998 4090; x_wconf 58' lang='grc' dir='ltr'>καιπαραμυθίαν.</span> <span class='ocrx_word' id='word_1_463' title='bbox 3053 4017 3201 4072; x_wconf 83' lang='grc' dir='ltr'>Ναηι</span> <span class='ocrx_word' id='word_1_464' title='bbox 3248 4018 3339 4088; x_wconf 86' lang='lat' dir='ltr'><strong>qui</strong></span> <span class='ocrx_word' id='word_1_465' title='bbox 3390 4019 3703 4087; x_wconf 84' lang='lat' dir='ltr'><strong>prophetat,</strong></span> 
     </span>
    </p>
   </div>
   <div class='ocr_carea' id='block_1_62' title="bbox 2115 4108 3705 4183">
    <p class='ocr_par' dir='ltr' id='par_1_62' title="bbox 2115 4108 3705 4183">
     <span class='ocr_line' id='line_1_62' title="bbox 2115 4108 3705 4183; baseline -0.001 -18"><span class='ocrx_word' id='word_1_466' title='bbox 2115 4112 2413 4166; x_wconf 87' lang='lat' dir='ltr'><strong>hominibus</strong></span> <span class='ocrx_word' id='word_1_467' title='bbox 2442 4112 2678 4183; x_wconf 91' lang='lat' dir='ltr'><strong>loquitur</strong></span> <span class='ocrx_word' id='word_1_468' title='bbox 2706 4112 2775 4165; x_wconf 88' lang='lat' dir='ltr'><strong>ad</strong></span> <span class='ocrx_word' id='word_1_469' title='bbox 2801 4111 3210 4180; x_wconf 69' lang='lat' dir='ltr'><strong>aediﬁcationem</strong></span> <span class='ocrx_word' id='word_1_470' title='bbox 3230 4151 3245 4175; x_wconf 94' lang='lat'><strong>,</strong></span> <span class='ocrx_word' id='word_1_471' title='bbox 3289 4118 3339 4163; x_wconf 90' lang='lat' dir='ltr'><strong>et</strong></span> <span class='ocrx_word' id='word_1_472' title='bbox 3365 4108 3705 4165; x_wconf 64' lang='lat' dir='ltr'><strong>exhortatio—</strong></span> 
     </span>
    </p>
   </div>
   <div class='ocr_carea' id='block_1_63' title="bbox 2114 4201 3705 4273">
    <p class='ocr_par' dir='ltr' id='par_1_63' title="bbox 2114 4201 3705 4273">
     <span class='ocr_line' id='line_1_63' title="bbox 2114 4201 3705 4273; baseline -0.003 -12"><span class='ocrx_word' id='word_1_473' title='bbox 2114 4223 2264 4271; x_wconf 88' lang='lat' dir='ltr'><strong>nem,</strong></span> <span class='ocrx_word' id='word_1_474' title='bbox 2310 4215 2358 4259; x_wconf 87' lang='lat' dir='ltr'><strong>et</strong></span> <span class='ocrx_word' id='word_1_475' title='bbox 2407 4204 2842 4260; x_wconf 86' lang='lat' dir='ltr'><strong>consolationem.</strong></span> <span class='ocrx_word' id='word_1_476' title='bbox 2924 4201 3081 4257; x_wconf 81' lang='lat' dir='ltr'><strong>Vers.</strong></span> <span class='ocrx_word' id='word_1_477' title='bbox 3129 4202 3193 4255; x_wconf 77' lang='lat' dir='ltr'><strong>3i</strong></span> <span class='ocrx_word' id='word_1_478' title='bbox 3234 4220 3247 4255; x_wconf 92' lang='lat'><strong>:</strong></span> <span class='ocrx_word' id='word_1_479' title='bbox 3298 4201 3543 4255; x_wconf 84' lang='grc' dir='ltr'>Δύνασθε</span> <span class='ocrx_word' id='word_1_480' title='bbox 3591 4203 3705 4273; x_wconf 65' lang='grc' dir='ltr'><strong>γὰρ</strong></span> 
     </span>
    </p>
   </div>
   <div class='ocr_carea' id='block_1_64' title="bbox 2115 4292 3702 4367">
    <p class='ocr_par' dir='ltr' id='par_1_64' title="bbox 2115 4292 3702 4367">
     <span class='ocr_line' id='line_1_64' title="bbox 2115 4292 3702 4367; baseline -0.005 -15"><span class='ocrx_word' id='word_1_481' title='bbox 2115 4299 2236 4353; x_wconf 84' lang='grc' dir='ltr'>καθ’</span> <span class='ocrx_word' id='word_1_482' title='bbox 2262 4298 2359 4350; x_wconf 71' lang='grc' dir='ltr'><strong>ἕνα</strong></span> <span class='ocrx_word' id='word_1_483' title='bbox 2385 4297 2585 4359; x_wconf 86' lang='grc' dir='ltr'>πάντες</span> <span class='ocrx_word' id='word_1_484' title='bbox 2607 4295 2989 4367; x_wconf 83' lang='grc' dir='ltr'>προφητεύειν,</span> <span class='ocrx_word' id='word_1_485' title='bbox 3016 4296 3102 4347; x_wconf 82' lang='grc' dir='ltr'>ἵνα</span> <span class='ocrx_word' id='word_1_486' title='bbox 3132 4293 3329 4356; x_wconf 82' lang='grc' dir='ltr'>πάντες</span> <span class='ocrx_word' id='word_1_487' title='bbox 3357 4292 3702 4363; x_wconf 74' lang='grc' dir='ltr'>μανθάνωσι,</span> 
     </span>
    </p>
   </div>
   <div class='ocr_carea' id='block_1_65' title="bbox 441 4375 2013 4460">
    <p class='ocr_par' dir='ltr' id='par_1_65' title="bbox 441 4383 2013 4455">
     <span class='ocr_line' id='line_1_65' title="bbox 441 4383 2013 4455; baseline -0.001 -13"><span class='ocrx_word' id='word_1_488' title='bbox 441 4387 691 4443; x_wconf 88' lang='lat' dir='ltr'><strong>solamini</strong></span> <span class='ocrx_word' id='word_1_489' title='bbox 736 4387 1075 4455; x_wconf 83' lang='lat' dir='ltr'><strong>vosmetipsos</strong></span> <span class='ocrx_word' id='word_1_490' title='bbox 1098 4427 1113 4452; x_wconf 91' lang='lat'><strong>,</strong></span> <span class='ocrx_word' id='word_1_491' title='bbox 1165 4401 1264 4455; x_wconf 86' lang='lat' dir='ltr'><strong>pro</strong></span> <span class='ocrx_word' id='word_1_492' title='bbox 1296 4400 1418 4455; x_wconf 81' lang='lat' dir='ltr'><strong>.quo</strong></span> <span class='ocrx_word' id='word_1_493' title='bbox 1446 4383 1711 4455; x_wconf 75' lang='lat' dir='ltr'><strong>angatus</strong></span> <span class='ocrx_word' id='word_1_494' title='bbox 1746 4386 2013 4455; x_wconf 88' lang='lat' dir='ltr'><strong>interpres</strong></span> 
     </span>
    </p>
   </div>
   <div class='ocr_carea' id='block_1_66' title="bbox 2119 4375 3701 4460">
    <p class='ocr_par' dir='ltr' id='par_1_66' title="bbox 2119 4386 3701 4460">
     <span class='ocr_line' id='line_1_66' title="bbox 2119 4386 3701 4460; baseline -0.003 -16"><span class='ocrx_word' id='word_1_495' title='bbox 2119 4392 2211 4444; x_wconf 71' lang='grc' dir='ltr'><strong>καὶ</strong></span> <span class='ocrx_word' id='word_1_496' title='bbox 2258 4391 2459 4454; x_wconf 82' lang='grc' dir='ltr'>πάντες</span> <span class='ocrx_word' id='word_1_497' title='bbox 2502 4388 2944 4460; x_wconf 81' lang='grc' dir='ltr'>παρακαλῶνται.</span> <span class='ocrx_word' id='word_1_498' title='bbox 2998 4386 3076 4441; x_wconf 75' lang='lat' dir='ltr'><strong>Ex</strong></span> <span class='ocrx_word' id='word_1_499' title='bbox 3128 4387 3321 4441; x_wconf 85' lang='lat' dir='ltr'><strong>eadem</strong></span> <span class='ocrx_word' id='word_1_500' title='bbox 3397 4387 3701 4441; x_wconf 65' lang='lat' dir='ltr'><strong>versione:</strong></span> 
     </span>
    </p>
   </div>
   <div class='ocr_carea' id='block_1_67' title="bbox 444 4476 2012 4548">
    <p class='ocr_par' dir='ltr' id='par_1_67' title="bbox 444 4476 2012 4548">
     <span class='ocr_line' id='line_1_67' title="bbox 444 4476 2012 4548; baseline -0.004 -12"><span class='ocrx_word' id='word_1_501' title='bbox 444 4480 825 4537; x_wconf 88' lang='lat' dir='ltr'><strong>adhortamini.</strong></span> <span class='ocrx_word' id='word_1_502' title='bbox 856 4478 901 4531; x_wconf 88' lang='lat' dir='ltr'><strong>A</strong></span> <span class='ocrx_word' id='word_1_503' title='bbox 919 4477 1182 4548; x_wconf 89' lang='lat' dir='ltr'><strong>Gregorio</strong></span> <span class='ocrx_word' id='word_1_504' title='bbox 1206 4487 1388 4532; x_wconf 87' lang='lat' dir='ltr'><strong>autem</strong></span> <span class='ocrx_word' id='word_1_505' title='bbox 1410 4476 1773 4542; x_wconf 84' lang='lat' dir='ltr'><strong>Nazianzeno,</strong></span> <span class='ocrx_word' id='word_1_506' title='bbox 1802 4477 1857 4530; x_wconf 91' lang='lat' dir='ltr'><strong>in</strong></span> <span class='ocrx_word' id='word_1_507' title='bbox 1887 4492 2012 4531; x_wconf 86' lang='lat' dir='ltr'><strong>ora-</strong></span> 
     </span>
    </p>
   </div>
   <div class='ocr_carea' id='block_1_68' title="bbox 442 4568 2012 4643">
    <p class='ocr_par' dir='ltr' id='par_1_68' title="bbox 442 4568 2012 4643">
     <span class='ocr_line' id='line_1_68' title="bbox 442 4568 2012 4643; baseline -0.003 -16"><span class='ocrx_word' id='word_1_508' title='bbox 442 4574 592 4627; x_wconf 90' lang='lat' dir='ltr'><strong>tione</strong></span> <span class='ocrx_word' id='word_1_509' title='bbox 618 4571 707 4639; x_wconf 80' lang='grc'><strong>56,</strong></span> <span class='ocrx_word' id='word_1_510' title='bbox 741 4570 1091 4643; x_wconf 83' lang='grc' dir='ltr'>παράκλητος</span> <span class='ocrx_word' id='word_1_511' title='bbox 1119 4569 1139 4622; x_wconf 90' lang='grc'><strong>1</strong></span> <span class='ocrx_word' id='word_1_512' title='bbox 1162 4568 1325 4626; x_wconf 82' lang='lat' dir='ltr'><strong>:Ioan.</strong></span> <span class='ocrx_word' id='word_1_513' title='bbox 1351 4586 1423 4635; x_wconf 90' lang='grc' dir='ltr'><strong>ιι,</strong></span> <span class='ocrx_word' id='word_1_514' title='bbox 1452 4570 1483 4623; x_wconf 67' lang='grc' dir='ltr'>ιι</span> <span class='ocrx_word' id='word_1_515' title='bbox 1503 4612 1518 4637; x_wconf 96' lang='grc'>,</span> <span class='ocrx_word' id='word_1_516' title='bbox 1550 4570 1840 4640; x_wconf 78' lang='lat' dir='ltr'><strong>exponitur</strong></span> <span class='ocrx_word' id='word_1_517' title='bbox 1869 4587 2012 4640; x_wconf 85' lang='grc' dir='ltr'>παρ-</span> 
     </span>
    </p>
   </div>
   <div class='ocr_carea' id='block_1_69' title="bbox 441 4661 2015 4734">
    <p class='ocr_par' dir='ltr' id='par_1_69' title="bbox 441 4661 2015 4734">
     <span class='ocr_line' id='line_1_69' title="bbox 441 4661 2015 4734; baseline -0.001 -17"><span class='ocrx_word' id='word_1_518' title='bbox 441 4664 662 4734; x_wconf 81' lang='grc' dir='ltr'>αινέτης</span> <span class='ocrx_word' id='word_1_519' title='bbox 690 4703 704 4728; x_wconf 96' lang='grc'>,</span> <span class='ocrx_word' id='word_1_520' title='bbox 769 4664 1097 4718; x_wconf 73' lang='lat' dir='ltr'><strong>exhortator.</strong></span> <span class='ocrx_word' id='word_1_521' title='bbox 1128 4661 1407 4733; x_wconf 84' lang='lat' dir='ltr'><strong>Multaque</strong></span> <span class='ocrx_word' id='word_1_522' title='bbox 1436 4662 1638 4717; x_wconf 85' lang='lat' dir='ltr'><strong>similia</strong></span> <span class='ocrx_word' id='word_1_523' title='bbox 1673 4662 1879 4732; x_wconf 88' lang='lat' dir='ltr'><strong>passim</strong></span> <span class='ocrx_word' id='word_1_524' title='bbox 1928 4677 2015 4716; x_wconf 83' lang='lat' dir='ltr'><strong>re-</strong></span> 
     </span>
    </p>
   </div>
   <div class='ocr_carea' id='block_1_70' title="bbox 441 4754 2013 4828">
    <p class='ocr_par' dir='ltr' id='par_1_70' title="bbox 441 4754 2013 4828">
     <span class='ocr_line' id='line_1_70' title="bbox 441 4754 2013 4828; baseline -0.002 -16"><span class='ocrx_word' id='word_1_525' title='bbox 441 4757 640 4828; x_wconf 89' lang='lat' dir='ltr'><strong>peries.</strong></span> <span class='ocrx_word' id='word_1_526' title='bbox 683 4755 929 4825; x_wconf 89' lang='lat' dir='ltr'><strong>Denique</strong></span> <span class='ocrx_word' id='word_1_527' title='bbox 976 4763 1199 4811; x_wconf 88' lang='lat' dir='ltr'><strong>sanctus</strong></span> <span class='ocrx_word' id='word_1_528' title='bbox 1235 4754 1562 4809; x_wconf 87' lang='lat' dir='ltr'><strong>Ambrosius</strong></span> <span class='ocrx_word' id='word_1_529' title='bbox 1604 4754 1661 4808; x_wconf 90' lang='lat' dir='ltr'><strong>in</strong></span> <span class='ocrx_word' id='word_1_530' title='bbox 1706 4754 1837 4808; x_wconf 91' lang='lat' dir='ltr'><strong>illud</strong></span> <span class='ocrx_word' id='word_1_531' title='bbox 1870 4755 2013 4824; x_wconf 69' lang='lat' dir='ltr'><strong>psal.</strong></span> 
     </span>
    </p>
   </div>
   <div class='ocr_carea' id='block_1_71' title="bbox 441 4844 2016 4915">
    <p class='ocr_par' dir='ltr' id='par_1_71' title="bbox 441 4844 2016 4915">
     <span class='ocr_line' id='line_1_71' title="bbox 441 4844 2016 4915; baseline -0.003 -13"><span class='ocrx_word' id='word_1_532' title='bbox 441 4863 633 4914; x_wconf 86' lang='lat' dir='ltr'><strong>cxvm,</strong></span> <span class='ocrx_word' id='word_1_533' title='bbox 666 4846 764 4901; x_wconf 88' lang='lat'><strong>76:</strong></span> <span class='ocrx_word' id='word_1_534' title='bbox 785 4846 855 4901; x_wconf 89' lang='lat' dir='ltr'><strong>Ut</strong></span> <span class='ocrx_word' id='word_1_535' title='bbox 882 4847 1187 4901; x_wconf 73' lang='lat' dir='ltr'><strong>exhortetur</strong></span> <span class='ocrx_word' id='word_1_536' title='bbox 1215 4863 1320 4911; x_wconf 90' lang='lat' dir='ltr'><strong>me,</strong></span> <span class='ocrx_word' id='word_1_537' title='bbox 1344 4847 1448 4900; x_wconf 86' lang='lat' dir='ltr'><strong>ait:</strong></span> <span class='ocrx_word' id='word_1_538' title='bbox 1478 4846 1655 4915; x_wconf 84' lang='lat' dir='ltr'><strong>Aliqui</strong></span> <span class='ocrx_word' id='word_1_539' title='bbox 1684 4846 1884 4899; x_wconf 87' lang='lat' dir='ltr'><strong>codices</strong></span> <span class='ocrx_word' id='word_1_540' title='bbox 1916 4844 2016 4898; x_wconf 83' lang='lat' dir='ltr'><strong>ha-</strong></span> 
     </span>
    </p>
   </div>
   <div class='ocr_carea' id='block_1_72' title="bbox 444 4936 2014 5007">
    <p class='ocr_par' dir='ltr' id='par_1_72' title="bbox 444 4936 2014 5007">
     <span class='ocr_line' id='line_1_72' title="bbox 444 4936 2014 5007; baseline -0.001 -15"><span class='ocrx_word' id='word_1_541' title='bbox 444 4940 563 4992; x_wconf 90' lang='lat' dir='ltr'><strong>bent</strong></span> <span class='ocrx_word' id='word_1_542' title='bbox 594 4940 652 4993; x_wconf 89' lang='lat' dir='ltr'><strong>in</strong></span> <span class='ocrx_word' id='word_1_543' title='bbox 694 4940 790 4992; x_wconf 91' lang='lat' dir='ltr'><strong>hoc</strong></span> <span class='ocrx_word' id='word_1_544' title='bbox 834 4938 972 5007; x_wconf 93' lang='lat' dir='ltr'><strong>loco,</strong></span> <span class='ocrx_word' id='word_1_545' title='bbox 1019 4948 1081 4994; x_wconf 91' lang='lat' dir='ltr'><strong>nt</strong></span> <span class='ocrx_word' id='word_1_546' title='bbox 1119 4938 1433 4994; x_wconf 88' lang='lat' dir='ltr'><strong>consoletur</strong></span> <span class='ocrx_word' id='word_1_547' title='bbox 1477 4953 1583 4992; x_wconf 91' lang='lat' dir='ltr'><strong>me.</strong></span> <span class='ocrx_word' id='word_1_548' title='bbox 1628 4936 1730 4991; x_wconf 89' lang='lat' dir='ltr'><strong>Sed</strong></span> <span class='ocrx_word' id='word_1_549' title='bbox 1758 4939 1920 4992; x_wconf 87' lang='lat' dir='ltr'><strong>etiam</strong></span> <span class='ocrx_word' id='word_1_550' title='bbox 1958 4938 2014 4991; x_wconf 92' lang='lat' dir='ltr'><strong>in</strong></span> 
     </span>
    </p>
   </div>
   <div class='ocr_carea' id='block_1_73' title="bbox 445 5028 2014 5099">
    <p class='ocr_par' dir='ltr' id='par_1_73' title="bbox 445 5028 2014 5099">
     <span class='ocr_line' id='line_1_73' title="bbox 445 5028 2014 5099; baseline -0.001 -15"><span class='ocrx_word' id='word_1_551' title='bbox 445 5028 696 5098; x_wconf 83' lang='lat' dir='ltr'><strong>Apostolo</strong></span> <span class='ocrx_word' id='word_1_552' title='bbox 750 5030 969 5099; x_wconf 89' lang='lat' dir='ltr'><strong>legimus</strong></span> <span class='ocrx_word' id='word_1_553' title='bbox 1024 5029 1445 5083; x_wconf 69' lang='lat' dir='ltr'><strong>exhortationem</strong></span> <span class='ocrx_word' id='word_1_554' title='bbox 1503 5045 1598 5097; x_wconf 91' lang='lat' dir='ltr'><strong>pro</strong></span> <span class='ocrx_word' id='word_1_555' title='bbox 1658 5029 2014 5083; x_wconf 88' lang='lat' dir='ltr'><strong>consolatione</strong></span> 
     </span>
    </p>
   </div>
   <div class='ocr_carea' id='block_1_74' title="bbox 444 5119 2014 5190">
    <p class='ocr_par' dir='ltr' id='par_1_74' title="bbox 444 5119 2014 5190">
     <span class='ocr_line' id='line_1_74' title="bbox 444 5119 2014 5190; baseline 0.002 -18"><span class='ocrx_word' id='word_1_556' title='bbox 444 5119 664 5187; x_wconf 90' lang='lat' dir='ltr'><strong>dictam,</strong></span> <span class='ocrx_word' id='word_1_557' title='bbox 693 5126 743 5173; x_wconf 89' lang='lat' dir='ltr'><strong>et</strong></span> <span class='ocrx_word' id='word_1_558' title='bbox 773 5119 1185 5173; x_wconf 86' lang='lat' dir='ltr'><strong>consolationem</strong></span> <span class='ocrx_word' id='word_1_559' title='bbox 1234 5137 1329 5190; x_wconf 89' lang='lat' dir='ltr'><strong>pro</strong></span> <span class='ocrx_word' id='word_1_560' title='bbox 1366 5120 1756 5175; x_wconf 70' lang='lat' dir='ltr'><strong>exhortatione.</strong></span> <span class='ocrx_word' id='word_1_561' title='bbox 1798 5120 1878 5175; x_wconf 83' lang='lat' dir='ltr'><strong>Ex</strong></span> <span class='ocrx_word' id='word_1_562' title='bbox 1929 5120 2014 5175; x_wconf 87' lang='lat' dir='ltr'><strong>bis</strong></span> 
     </span>
    </p>
   </div>
   <div class='ocr_carea' id='block_1_75' title="bbox 375 5210 2014 5289">
    <p class='ocr_par' dir='ltr' id='par_1_75' title="bbox 375 5210 2014 5289">
     <span class='ocr_line' id='line_1_75' title="bbox 375 5210 2014 5289; baseline 0.001 -23"><span class='ocrx_word' id='word_1_563' title='bbox 375 5250 398 5289; x_wconf 46' lang='grc' dir='ltr'>λ,</span> <span class='ocrx_word' id='word_1_564' title='bbox 443 5210 658 5267; x_wconf 88' lang='lat' dir='ltr'><strong>duabus</strong></span> <span class='ocrx_word' id='word_1_565' title='bbox 687 5211 1174 5281; x_wconf 84' lang='lat' dir='ltr'><strong>signiﬁcationibus</strong></span> <span class='ocrx_word' id='word_1_566' title='bbox 1201 5212 1628 5284; x_wconf 86' lang='grc' dir='ltr'>παρακλήσεως,</span> <span class='ocrx_word' id='word_1_567' title='bbox 1674 5213 1905 5281; x_wconf 89' lang='lat' dir='ltr'><strong>primam</strong></span> <span class='ocrx_word' id='word_1_568' title='bbox 1957 5212 2014 5267; x_wconf 83' lang='lat' dir='ltr'><strong>in</strong></span> 
     </span>
    </p>
   </div>
   <div class='ocr_carea' id='block_1_76' title="bbox 380 5302 2013 5375">
    <p class='ocr_par' dir='ltr' id='par_1_76' title="bbox 380 5302 2013 5375">
     <span class='ocr_line' id='line_1_76' title="bbox 380 5302 2013 5375; baseline 0.002 -18"><span class='ocrx_word' id='word_1_569' title='bbox 380 5369 385 5375; x_wconf 89' lang='lat'><strong><em>_</em></strong></span> <span class='ocrx_word' id='word_1_570' title='bbox 444 5302 765 5371; x_wconf 77' lang='lat' dir='ltr'><strong>explicando</strong></span> <span class='ocrx_word' id='word_1_571' title='bbox 791 5303 1013 5357; x_wconf 90' lang='lat' dir='ltr'><strong>nomine</strong></span> <span class='ocrx_word' id='word_1_572' title='bbox 1041 5303 1302 5358; x_wconf 66' lang='lat' dir='ltr'><strong>Barnabas</strong></span> <span class='ocrx_word' id='word_1_573' title='bbox 1324 5304 1620 5372; x_wconf 87' lang='lat' dir='ltr'><strong>accipiunt,</strong></span> <span class='ocrx_word' id='word_1_574' title='bbox 1647 5302 2013 5361; x_wconf 84' lang='lat' dir='ltr'><strong>OEcumenius</strong></span> 
     </span>
    </p>
   </div>
   <div class='ocr_carea' id='block_1_77' title="bbox 379 5386 2012 5468">
    <p class='ocr_par' dir='ltr' id='par_1_77' title="bbox 379 5386 2012 5468">
     <span class='ocr_line' id='line_1_77' title="bbox 379 5386 2012 5468; baseline 0.001 -21"><span class='ocrx_word' id='word_1_575' title='bbox 379 5386 385 5393; x_wconf 79' lang='grc'><em>’</em></span> <span class='ocrx_word' id='word_1_576' title='bbox 444 5393 515 5447; x_wconf 90' lang='lat' dir='ltr'><strong>ad</strong></span> <span class='ocrx_word' id='word_1_577' title='bbox 541 5394 665 5448; x_wconf 88' lang='lat' dir='ltr'><strong>Act.</strong></span> <span class='ocrx_word' id='word_1_578' title='bbox 696 5409 771 5459; x_wconf 82' lang='lat' dir='ltr'><strong>IV,</strong></span> <span class='ocrx_word' id='word_1_579' title='bbox 803 5394 893 5460; x_wconf 85' lang='lat'><strong>&#39;56,</strong></span> <span class='ocrx_word' id='word_1_580' title='bbox 929 5394 1057 5448; x_wconf 89' lang='lat' dir='ltr'><strong>dum</strong></span> <span class='ocrx_word' id='word_1_581' title='bbox 1081 5395 1133 5449; x_wconf 91' lang='lat' dir='ltr'><strong>id</strong></span> <span class='ocrx_word' id='word_1_582' title='bbox 1163 5396 1403 5450; x_wconf 90' lang='lat' dir='ltr'><strong>nominis</strong></span> <span class='ocrx_word' id='word_1_583' title='bbox 1428 5395 1544 5450; x_wconf 88' lang='lat' dir='ltr'><strong>vult</strong></span> <span class='ocrx_word' id='word_1_584' title='bbox 1571 5412 1691 5451; x_wconf 85' lang='lat' dir='ltr'><strong>esse</strong></span> <span class='ocrx_word' id='word_1_585' title='bbox 1708 5396 2012 5468; x_wconf 65' lang='lat' dir='ltr'><strong>paperipcov</strong></span> 
     </span>
    </p>
   </div>
   <div class='ocr_carea' id='block_1_78' title="bbox 390 5485 2012 5560">
    <p class='ocr_par' dir='ltr' id='par_1_78' title="bbox 390 5485 2012 5560">
     <span class='ocr_line' id='line_1_78' title="bbox 390 5485 2012 5560; baseline 0 -20"><span class='ocrx_word' id='word_1_586' title='bbox 390 5518 399 5526; x_wconf 67' lang='grc' dir='ltr'>-ε</span> <span class='ocrx_word' id='word_1_587' title='bbox 445 5485 649 5557; x_wconf 82' lang='grc' dir='ltr'>ἀρετῆς</span> <span class='ocrx_word' id='word_1_588' title='bbox 680 5486 1133 5557; x_wconf 84' lang='grc' dir='ltr'>φιλοικτίρμονος,</span> <span class='ocrx_word' id='word_1_589' title='bbox 1169 5497 1223 5542; x_wconf 89' lang='lat' dir='ltr'><strong>et</strong></span> <span class='ocrx_word' id='word_1_590' title='bbox 1253 5488 1629 5544; x_wconf 86' lang='lat' dir='ltr'><strong>demonstrare</strong></span> <span class='ocrx_word' id='word_1_591' title='bbox 1659 5488 2012 5560; x_wconf 84' lang='grc' dir='ltr'>παραμυθίαν</span> 
     </span>
    </p>
   </div>
   <div class='ocr_carea' id='block_1_79' title="bbox 445 5574 2013 5651">
    <p class='ocr_par' dir='ltr' id='par_1_79' title="bbox 445 5574 2013 5651">
     <span class='ocr_line' id='line_1_79' title="bbox 445 5574 2013 5651; baseline 0.001 -21"><span class='ocrx_word' id='word_1_592' title='bbox 445 5577 542 5631; x_wconf 79' lang='grc' dir='ltr'><strong>καὶ</strong></span> <span class='ocrx_word' id='word_1_593' title='bbox 593 5575 912 5647; x_wconf 78' lang='grc' dir='ltr'>οἰκτιρμόν;</span> <span class='ocrx_word' id='word_1_594' title='bbox 946 5574 1216 5633; x_wconf 83' lang='lat' dir='ltr'><strong>Notkcrus</strong></span> <span class='ocrx_word' id='word_1_595' title='bbox 1245 5580 1300 5633; x_wconf 88' lang='lat' dir='ltr'><strong>in</strong></span> <span class='ocrx_word' id='word_1_596' title='bbox 1328 5578 1738 5651; x_wconf 78' lang='lat' dir='ltr'><strong>Martyrologio,</strong></span> <span class='ocrx_word' id='word_1_597' title='bbox 1772 5590 1923 5635; x_wconf 83' lang='lat' dir='ltr'><strong>torno</strong></span> <span class='ocrx_word' id='word_1_598' title='bbox 1946 5577 2013 5633; x_wconf 78' lang='lat' dir='ltr'><strong>Vl</strong></span> 
     </span>
    </p>
   </div>
   <div class='ocr_carea' id='block_1_80' title="bbox 447 5667 2005 5741">
    <p class='ocr_par' dir='ltr' id='par_1_80' title="bbox 447 5667 2005 5741">
     <span class='ocr_line' id='line_1_80' title="bbox 447 5667 2005 5741; baseline -0.001 -16"><span class='ocrx_word' id='word_1_599' title='bbox 447 5670 695 5738; x_wconf 69' lang='lat' dir='ltr'><strong>Antiqua:</strong></span> <span class='ocrx_word' id='word_1_600' title='bbox 714 5667 979 5723; x_wconf 83' lang='lat' dir='ltr'><strong>Lectionis</strong></span> <span class='ocrx_word' id='word_1_601' title='bbox 1004 5667 1221 5728; x_wconf 84' lang='lat' dir='ltr'><strong>Heurici</strong></span> <span class='ocrx_word' id='word_1_602' title='bbox 1256 5670 1485 5741; x_wconf 85' lang='lat' dir='ltr'><strong>Canisii,</strong></span> <span class='ocrx_word' id='word_1_603' title='bbox 1509 5672 1576 5728; x_wconf 89' lang='lat' dir='ltr'><strong>ad</strong></span> <span class='ocrx_word' id='word_1_604' title='bbox 1600 5687 1663 5727; x_wconf 92' lang='grc' dir='ltr'>ιιι</span> <span class='ocrx_word' id='word_1_605' title='bbox 1690 5671 1815 5728; x_wconf 86' lang='lat' dir='ltr'><strong>ldus</strong></span> <span class='ocrx_word' id='word_1_606' title='bbox 1835 5671 2005 5738; x_wconf 72' lang='lat' dir='ltr'><strong>Junii,</strong></span> 
     </span>
    </p>
   </div>
   <div class='ocr_carea' id='block_1_81' title="bbox 2114 4475 3706 4548">
    <p class='ocr_par' dir='ltr' id='par_1_81' title="bbox 2114 4475 3706 4548">
     <span class='ocr_line' id='line_1_81' title="bbox 2114 4475 3706 4548; baseline -0.004 -14"><span class='ocrx_word' id='word_1_607' title='bbox 2114 4480 2346 4535; x_wconf 87' lang='lat' dir='ltr'><strong>Potestis</strong></span> <span class='ocrx_word' id='word_1_608' title='bbox 2388 4481 2531 4534; x_wconf 85' lang='lat' dir='ltr'><strong>enim</strong></span> <span class='ocrx_word' id='word_1_609' title='bbox 2576 4494 2753 4534; x_wconf 84' lang='lat' dir='ltr'><strong>omnes</strong></span> <span class='ocrx_word' id='word_1_610' title='bbox 2798 4494 2890 4548; x_wconf 86' lang='lat' dir='ltr'><strong>per</strong></span> <span class='ocrx_word' id='word_1_611' title='bbox 2942 4478 3176 4548; x_wconf 85' lang='lat' dir='ltr'><strong>singulos</strong></span> <span class='ocrx_word' id='word_1_612' title='bbox 3228 4475 3582 4546; x_wconf 81' lang='lat' dir='ltr'><strong>prophetare,</strong></span> <span class='ocrx_word' id='word_1_613' title='bbox 3642 4487 3706 4529; x_wconf 80' lang='lat' dir='ltr'><strong>ut</strong></span> 
     </span>
    </p>
   </div>
   <div class='ocr_carea' id='block_1_82' title="bbox 2116 4570 3231 4638">
    <p class='ocr_par' dir='ltr' id='par_1_82' title="bbox 2116 4570 3231 4638">
     <span class='ocr_line' id='line_1_82' title="bbox 2116 4570 3231 4638; baseline -0.004 -12"><span class='ocrx_word' id='word_1_614' title='bbox 2116 4590 2292 4628; x_wconf 84' lang='lat' dir='ltr'><strong>omnes</strong></span> <span class='ocrx_word' id='word_1_615' title='bbox 2319 4573 2550 4638; x_wconf 87' lang='lat' dir='ltr'><strong>discant,</strong></span> <span class='ocrx_word' id='word_1_616' title='bbox 2578 4581 2628 4626; x_wconf 92' lang='lat' dir='ltr'><strong>et</strong></span> <span class='ocrx_word' id='word_1_617' title='bbox 2662 4587 2837 4625; x_wconf 86' lang='lat' dir='ltr'><strong>omnes</strong></span> <span class='ocrx_word' id='word_1_618' title='bbox 2871 4570 3231 4624; x_wconf 75' lang='lat' dir='ltr'><strong>exhortentur.</strong></span> 
     </span>
    </p>
   </div>
   <div class='ocr_carea' id='block_1_83' title="bbox 2186 4658 3704 4719">
    <p class='ocr_par' dir='ltr' id='par_1_83' title="bbox 2186 4658 3704 4719">
     <span class='ocr_line' id='line_1_83' title="bbox 2186 4658 3704 4719; baseline -0.002 -2"><span class='ocrx_word' id='word_1_619' title='bbox 2186 4663 2342 4719; x_wconf 89' lang='lat' dir='ltr'><strong>Hunc</strong></span> <span class='ocrx_word' id='word_1_620' title='bbox 2370 4663 2678 4717; x_wconf 86' lang='lat' dir='ltr'><strong>Barnabam</strong></span> <span class='ocrx_word' id='word_1_621' title='bbox 2707 4661 2985 4716; x_wconf 79' lang='lat' dir='ltr'><strong>exstitisse</strong></span> <span class='ocrx_word' id='word_1_622' title='bbox 3008 4676 3179 4715; x_wconf 90' lang='lat' dir='ltr'><strong>unum</strong></span> <span class='ocrx_word' id='word_1_623' title='bbox 3209 4675 3277 4714; x_wconf 80' lang='lat' dir='ltr'><strong>ex</strong></span> <span class='ocrx_word' id='word_1_624' title='bbox 3302 4658 3446 4713; x_wconf 75' lang='lat' dir='ltr'><strong>LXX</strong></span> <span class='ocrx_word' id='word_1_625' title='bbox 3476 4658 3704 4714; x_wconf 89' lang='lat' dir='ltr'><strong>Domini</strong></span> 
     </span>
    </p>
   </div>
   <div class='ocr_carea' id='block_1_84' title="bbox 2115 4750 3705 4825">
    <p class='ocr_par' dir='ltr' id='par_1_84' title="bbox 2115 4750 3705 4825">
     <span class='ocr_line' id='line_1_84' title="bbox 2115 4750 3705 4825; baseline -0.003 -15"><span class='ocrx_word' id='word_1_626' title='bbox 2115 4755 2399 4825; x_wconf 89' lang='lat' dir='ltr'><strong>discipulis</strong></span> <span class='ocrx_word' id='word_1_627' title='bbox 2430 4753 2779 4824; x_wconf 89' lang='lat' dir='ltr'><strong>comprobari</strong></span> <span class='ocrx_word' id='word_1_628' title='bbox 2828 4760 3007 4822; x_wconf 90' lang='lat' dir='ltr'><strong>potest</strong></span> <span class='ocrx_word' id='word_1_629' title='bbox 3057 4750 3369 4806; x_wconf 86' lang='lat' dir='ltr'><strong>testimonio</strong></span> <span class='ocrx_word' id='word_1_630' title='bbox 3396 4750 3705 4806; x_wconf 88' lang='lat' dir='ltr'><strong>Clementis</strong></span> 
     </span>
    </p>
   </div>
   <div class='ocr_carea' id='block_1_85' title="bbox 2115 4840 3703 4912">
    <p class='ocr_par' dir='ltr' id='par_1_85' title="bbox 2115 4840 3703 4912">
     <span class='ocr_line' id='line_1_85' title="bbox 2115 4840 3703 4912; baseline -0.002 -13"><span class='ocrx_word' id='word_1_631' title='bbox 2115 4846 2492 4911; x_wconf 85' lang='lat' dir='ltr'><strong>Alexandrini,</strong></span> <span class='ocrx_word' id='word_1_632' title='bbox 2521 4860 2647 4900; x_wconf 91' lang='lat' dir='ltr'><strong>cum</strong></span> <span class='ocrx_word' id='word_1_633' title='bbox 2667 4844 2770 4898; x_wconf 73' lang='grc' dir='ltr'>ιιι).</span> <span class='ocrx_word' id='word_1_634' title='bbox 2798 4859 2839 4897; x_wconf 91' lang='grc' dir='ltr'>ιι</span> <span class='ocrx_word' id='word_1_635' title='bbox 2866 4840 3223 4906; x_wconf 89' lang='lat' dir='ltr'><strong>Stromateon,</strong></span> <span class='ocrx_word' id='word_1_636' title='bbox 3268 4851 3384 4895; x_wconf 88' lang='lat' dir='ltr'><strong>tum</strong></span> <span class='ocrx_word' id='word_1_637' title='bbox 3415 4841 3473 4895; x_wconf 90' lang='lat' dir='ltr'><strong>in</strong></span> <span class='ocrx_word' id='word_1_638' title='bbox 3512 4840 3703 4912; x_wconf 69' lang='lat' dir='ltr'><strong>Hypo-</strong></span> 
     </span>
    </p>
   </div>
   <div class='ocr_carea' id='block_1_86' title="bbox 2118 4934 3703 5012">
    <p class='ocr_par' dir='ltr' id='par_1_86' title="bbox 2118 4934 3703 5012">
     <span class='ocr_line' id='line_1_86' title="bbox 2118 4934 3703 5012; baseline -0.004 -16"><span class='ocrx_word' id='word_1_639' title='bbox 2118 4940 2384 5012; x_wconf 83' lang='lat' dir='ltr'><strong>typosibus</strong></span> <span class='ocrx_word' id='word_1_640' title='bbox 2402 4938 2545 5009; x_wconf 88' lang='lat' dir='ltr'><strong>apud</strong></span> <span class='ocrx_word' id='word_1_641' title='bbox 2569 4937 2886 5001; x_wconf 85' lang='lat' dir='ltr'><strong>Eusebium,</strong></span> <span class='ocrx_word' id='word_1_642' title='bbox 2911 4934 3058 4989; x_wconf 84' lang='lat' dir='ltr'><strong>Hist.</strong></span> <span class='ocrx_word' id='word_1_643' title='bbox 3110 4935 3239 4991; x_wconf 85' lang='lat' dir='ltr'><strong>eccl.</strong></span> <span class='ocrx_word' id='word_1_644' title='bbox 3258 4934 3355 4989; x_wconf 91' lang='lat' dir='ltr'><strong>lib.</strong></span> <span class='ocrx_word' id='word_1_645' title='bbox 3384 4950 3427 5000; x_wconf 87' lang='grc' dir='ltr'>ι,</span> <span class='ocrx_word' id='word_1_646' title='bbox 3450 4950 3580 5005; x_wconf 89' lang='lat' dir='ltr'><strong>cap.</strong></span> <span class='ocrx_word' id='word_1_647' title='bbox 3608 4937 3703 5000; x_wconf 70' lang='grc'><strong>12,</strong></span> 
     </span>
    </p>
   </div>
   <div class='ocr_carea' id='block_1_87' title="bbox 2114 5025 3705 5098">
    <p class='ocr_par' dir='ltr' id='par_1_87' title="bbox 2114 5025 3705 5098">
     <span class='ocr_line' id='line_1_87' title="bbox 2114 5025 3705 5098; baseline -0.003 -12"><span class='ocrx_word' id='word_1_648' title='bbox 2114 5042 2168 5086; x_wconf 89' lang='lat' dir='ltr'><strong>et</strong></span> <span class='ocrx_word' id='word_1_649' title='bbox 2186 5032 2291 5086; x_wconf 83' lang='lat' dir='ltr'><strong>lib.</strong></span> <span class='ocrx_word' id='word_1_650' title='bbox 2323 5046 2406 5096; x_wconf 85' lang='grc' dir='ltr'><strong>ιι,</strong></span> <span class='ocrx_word' id='word_1_651' title='bbox 2442 5044 2562 5098; x_wconf 88' lang='lat' dir='ltr'><strong>cap.</strong></span> <span class='ocrx_word' id='word_1_652' title='bbox 2599 5029 2659 5094; x_wconf 75' lang='lat' dir='ltr'><strong>l;</strong></span> <span class='ocrx_word' id='word_1_653' title='bbox 2697 5042 2930 5097; x_wconf 88' lang='lat' dir='ltr'><strong>eamque</strong></span> <span class='ocrx_word' id='word_1_654' title='bbox 2980 5025 3332 5080; x_wconf 89' lang='lat' dir='ltr'><strong>traditionem</strong></span> <span class='ocrx_word' id='word_1_655' title='bbox 3383 5039 3705 5095; x_wconf 88' lang='lat' dir='ltr'><strong>sequuntur</strong></span> 
     </span>
    </p>
   </div>
   <div class='ocr_carea' id='block_1_88' title="bbox 2116 5115 3701 5189">
    <p class='ocr_par' dir='ltr' id='par_1_88' title="bbox 2116 5115 3701 5189">
     <span class='ocr_line' id='line_1_88' title="bbox 2116 5115 3701 5189; baseline -0.001 -16"><span class='ocrx_word' id='word_1_656' title='bbox 2116 5119 2452 5189; x_wconf 87' lang='lat' dir='ltr'><strong>Epiphanius</strong></span> <span class='ocrx_word' id='word_1_657' title='bbox 2481 5119 2535 5172; x_wconf 89' lang='lat' dir='ltr'><strong>in</strong></span> <span class='ocrx_word' id='word_1_658' title='bbox 2572 5118 2679 5172; x_wconf 83' lang='lat' dir='ltr'><strong>ﬁne</strong></span> <span class='ocrx_word' id='word_1_659' title='bbox 2708 5126 2842 5172; x_wconf 90' lang='lat' dir='ltr'><strong>tom.</strong></span> <span class='ocrx_word' id='word_1_660' title='bbox 2873 5115 2916 5180; x_wconf 86' lang='grc' dir='ltr'>ι,</span> <span class='ocrx_word' id='word_1_661' title='bbox 2951 5116 3049 5170; x_wconf 87' lang='lat' dir='ltr'><strong>lib.</strong></span> <span class='ocrx_word' id='word_1_662' title='bbox 3083 5133 3125 5183; x_wconf 89' lang='grc' dir='ltr'><strong>ι,</strong></span> <span class='ocrx_word' id='word_1_663' title='bbox 3150 5116 3417 5170; x_wconf 81' lang='lat' dir='ltr'><strong>Adversus</strong></span> <span class='ocrx_word' id='word_1_664' title='bbox 3443 5117 3701 5183; x_wconf 77' lang='lat' dir='ltr'><strong>hrereses,</strong></span> 
     </span>
    </p>
   </div>
   <div class='ocr_carea' id='block_1_89' title="bbox 2115 5206 3700 5273">
    <p class='ocr_par' dir='ltr' id='par_1_89' title="bbox 2115 5206 3700 5273">
     <span class='ocr_line' id='line_1_89' title="bbox 2115 5206 3700 5273; baseline -0.002 -6"><span class='ocrx_word' id='word_1_665' title='bbox 2115 5221 2305 5267; x_wconf 88' lang='lat' dir='ltr'><strong>auctor</strong></span> <span class='ocrx_word' id='word_1_666' title='bbox 2360 5212 2609 5269; x_wconf 78' lang='lat' dir='ltr'><strong>Chronici</strong></span> <span class='ocrx_word' id='word_1_667' title='bbox 2651 5208 2783 5264; x_wconf 90' lang='lat' dir='ltr'><strong>dicti</strong></span> <span class='ocrx_word' id='word_1_668' title='bbox 2830 5208 3185 5265; x_wconf 70' lang='lat' dir='ltr'><strong>Alexandrini</strong></span> <span class='ocrx_word' id='word_1_669' title='bbox 3213 5248 3230 5273; x_wconf 97' lang='lat'><strong>,</strong></span> <span class='ocrx_word' id='word_1_670' title='bbox 3278 5206 3598 5265; x_wconf 88' lang='lat' dir='ltr'><strong>Dorotheus</strong></span> <span class='ocrx_word' id='word_1_671' title='bbox 3644 5210 3700 5264; x_wconf 92' lang='lat' dir='ltr'><strong>in</strong></span> 
     </span>
    </p>
   </div>
   <div class='ocr_carea' id='block_1_90' title="bbox 2116 5296 3699 5370">
    <p class='ocr_par' dir='ltr' id='par_1_90' title="bbox 2116 5296 3699 5370">
     <span class='ocr_line' id='line_1_90' title="bbox 2116 5296 3699 5370; baseline 0.001 -16"><span class='ocrx_word' id='word_1_672' title='bbox 2116 5298 2378 5369; x_wconf 84' lang='lat' dir='ltr'><strong>Synopsi,</strong></span> <span class='ocrx_word' id='word_1_673' title='bbox 2420 5306 2473 5351; x_wconf 89' lang='lat' dir='ltr'><strong>et</strong></span> <span class='ocrx_word' id='word_1_674' title='bbox 2500 5298 2537 5351; x_wconf 90' lang='lat' dir='ltr'><strong>ii</strong></span> <span class='ocrx_word' id='word_1_675' title='bbox 2572 5298 2665 5367; x_wconf 89' lang='lat' dir='ltr'><strong>qui</strong></span> <span class='ocrx_word' id='word_1_676' title='bbox 2697 5296 2963 5351; x_wconf 82' lang='lat' dir='ltr'><strong>Barnabae</strong></span> <span class='ocrx_word' id='word_1_677' title='bbox 3005 5313 3093 5353; x_wconf 89' lang='lat' dir='ltr'><strong>res</strong></span> <span class='ocrx_word' id='word_1_678' title='bbox 3122 5308 3304 5368; x_wconf 82' lang='lat' dir='ltr'><strong>gestas</strong></span> <span class='ocrx_word' id='word_1_679' title='bbox 3341 5300 3699 5370; x_wconf 84' lang='lat' dir='ltr'><strong>conscripse-</strong></span> 
     </span>
    </p>
   </div>
   <div class='ocr_carea' id='block_1_91' title="bbox 2115 5389 3699 5461">
    <p class='ocr_par' dir='ltr' id='par_1_91' title="bbox 2115 5389 3699 5461">
     <span class='ocr_line' id='line_1_91' title="bbox 2115 5389 3699 5461; baseline -0.002 -14"><span class='ocrx_word' id='word_1_680' title='bbox 2115 5402 2263 5447; x_wconf 86' lang='lat' dir='ltr'><strong>runt.</strong></span> <span class='ocrx_word' id='word_1_681' title='bbox 2302 5391 2501 5446; x_wconf 78' lang='lat' dir='ltr'><strong>Contra</strong></span> <span class='ocrx_word' id='word_1_682' title='bbox 2532 5390 2724 5459; x_wconf 74' lang='lat' dir='ltr'><strong>objicit</strong></span> <span class='ocrx_word' id='word_1_683' title='bbox 2762 5389 2908 5444; x_wconf 88' lang='lat' dir='ltr'><strong>Beda</strong></span> <span class='ocrx_word' id='word_1_684' title='bbox 2952 5390 3009 5443; x_wconf 90' lang='lat' dir='ltr'><strong>in</strong></span> <span class='ocrx_word' id='word_1_685' title='bbox 3051 5389 3174 5444; x_wconf 87' lang='lat' dir='ltr'><strong>Act.</strong></span> <span class='ocrx_word' id='word_1_686' title='bbox 3226 5406 3280 5443; x_wconf 82' lang='lat' dir='ltr'><strong>iv</strong></span> <span class='ocrx_word' id='word_1_687' title='bbox 3308 5408 3321 5443; x_wconf 92' lang='lat'><strong>:</strong></span> <span class='ocrx_word' id='word_1_688' title='bbox 3354 5389 3565 5444; x_wconf 81' lang='lat' dir='ltr'><strong>Mirum</strong></span> <span class='ocrx_word' id='word_1_689' title='bbox 3593 5408 3699 5461; x_wconf 81' lang='lat' dir='ltr'><strong>quo</strong></span> 
     </span>
    </p>
   </div>
   <div class='ocr_carea' id='block_1_92' title="bbox 2113 5480 3699 5551">
    <p class='ocr_par' dir='ltr' id='par_1_92' title="bbox 2113 5480 3699 5551">
     <span class='ocr_line' id='line_1_92' title="bbox 2113 5480 3699 5551; baseline -0.003 -13"><span class='ocrx_word' id='word_1_690' title='bbox 2113 5485 2266 5539; x_wconf 89' lang='lat' dir='ltr'><strong>modo</strong></span> <span class='ocrx_word' id='word_1_691' title='bbox 2287 5484 2422 5536; x_wconf 87' lang='lat' dir='ltr'><strong>hunc</strong></span> <span class='ocrx_word' id='word_1_692' title='bbox 2451 5481 2777 5547; x_wconf 86' lang='lat' dir='ltr'><strong>Barnabam,</strong></span> <span class='ocrx_word' id='word_1_693' title='bbox 2801 5482 2891 5551; x_wconf 83' lang='lat' dir='ltr'><strong>qui</strong></span> <span class='ocrx_word' id='word_1_694' title='bbox 2917 5490 3097 5549; x_wconf 86' lang='lat' dir='ltr'><strong>postea</strong></span> <span class='ocrx_word' id='word_1_695' title='bbox 3120 5497 3238 5534; x_wconf 88' lang='lat' dir='ltr'><strong>cum</strong></span> <span class='ocrx_word' id='word_1_696' title='bbox 3260 5480 3434 5534; x_wconf 80' lang='lat' dir='ltr'><strong>Paulo</strong></span> <span class='ocrx_word' id='word_1_697' title='bbox 3457 5483 3699 5551; x_wconf 82' lang='lat' dir='ltr'><strong>gentium</strong></span> 
     </span>
    </p>
   </div>
   <div class='ocr_carea' id='block_1_93' title="bbox 2113 5572 3697 5643">
    <p class='ocr_par' dir='ltr' id='par_1_93' title="bbox 2113 5572 3697 5643">
     <span class='ocr_line' id='line_1_93' title="bbox 2113 5572 3697 5643; baseline -0.004 -12"><span class='ocrx_word' id='word_1_698' title='bbox 2113 5586 2190 5631; x_wconf 89' lang='lat' dir='ltr'><strong>est</strong></span> <span class='ocrx_word' id='word_1_699' title='bbox 2224 5575 2500 5631; x_wconf 88' lang='lat' dir='ltr'><strong>ordinatus</strong></span> <span class='ocrx_word' id='word_1_700' title='bbox 2524 5574 2827 5643; x_wconf 87' lang='lat' dir='ltr'><strong>apostolus,</strong></span> <span class='ocrx_word' id='word_1_701' title='bbox 2863 5590 2926 5627; x_wconf 86' lang='lat' dir='ltr'><strong>ac</strong></span> <span class='ocrx_word' id='word_1_702' title='bbox 2968 5582 3084 5641; x_wconf 85' lang='lat' dir='ltr'><strong>post</strong></span> <span class='ocrx_word' id='word_1_703' title='bbox 3115 5572 3329 5643; x_wconf 82' lang='lat' dir='ltr'><strong>longum</strong></span> <span class='ocrx_word' id='word_1_704' title='bbox 3352 5572 3469 5641; x_wconf 87' lang='lat' dir='ltr'><strong>ejus</strong></span> <span class='ocrx_word' id='word_1_705' title='bbox 3502 5582 3697 5626; x_wconf 85' lang='lat' dir='ltr'><strong>contu—</strong></span> 
     </span>
    </p>
   </div>
   <div class='ocr_carea' id='block_1_94' title="bbox 2114 5664 3698 5738">
    <p class='ocr_par' dir='ltr' id='par_1_94' title="bbox 2114 5664 3698 5738">
     <span class='ocr_line' id='line_1_94' title="bbox 2114 5664 3698 5738; baseline -0.003 -15"><span class='ocrx_word' id='word_1_706' title='bbox 2114 5669 2381 5737; x_wconf 90' lang='lat' dir='ltr'><strong>bernium,</strong></span> <span class='ocrx_word' id='word_1_707' title='bbox 2409 5667 2579 5722; x_wconf 89' lang='lat' dir='ltr'><strong>denuo</strong></span> <span class='ocrx_word' id='word_1_708' title='bbox 2610 5664 2873 5738; x_wconf 77' lang='lat' dir='ltr'><strong>Cyprum,</strong></span> <span class='ocrx_word' id='word_1_709' title='bbox 2908 5666 3044 5722; x_wconf 87' lang='lat' dir='ltr'><strong>unde</strong></span> <span class='ocrx_word' id='word_1_710' title='bbox 3073 5674 3221 5720; x_wconf 82' lang='lat' dir='ltr'><strong>ortus</strong></span> <span class='ocrx_word' id='word_1_711' title='bbox 3248 5664 3465 5737; x_wconf 73' lang='lat' dir='ltr'><strong>fuerat,</strong></span> <span class='ocrx_word' id='word_1_712' title='bbox 3494 5664 3698 5736; x_wconf 63' lang='lat' dir='ltr'><strong>pradi-</strong></span> 
     </span>
    </p>
   </div>
  </div>
