3818 6216
170 349 288 404 653

1518 347 2043 404 PBOLEGOMENA.

3294 351 3398 407 οδιι

166 482 392 524 caturus
420 468 609 535 rediit,
642 469 899 525 Eusebius
920 514 933 535 ,
983 475 1041 527 in
1070 472 1305 530 Historia
1347 473 1738 537 ecclesiastica,
1769 476 1815 533 A
1842 474 2143 529 intercedat
2178 474 2785 537 rationer‘auctoritatis,
2815 472 3146 527 Clementem
3180 473 3319 527 inter
3349 483 3403 528 et

164 563 235 615 de
259 579 473 617 numero
495 580 605 617 esse
645 578 749 616 Lxx
800 564 1182 633 discipulorum
1203 565 1415 618 Domini
1442 564 1740 619 Saluatoris

162 654 495 719 arbitratur;
518 671 637 708 cum
652 656 932 724 manifeste
964 657 1158 709 scribat
1185 656 1249 710 B.
1271 655 1597 715 Lucas,eum
1624 665 1739 723 post

161 746 527 799 ascensionem
558 744 803 811 Domini,
838 748 905 799 ad
961 748 1336 816 discipulatum
1385 747 1739 814 apostolorum

164 838 369 889 venisse
386 852 404 888 :
423 837 525 890 nisi
545 838 681 906 forte
693 839 988 907 putandum
1002 849 1077 892 est
1093 855 1208 891 cum
1232 840 1378 907 prius
1404 840 1479 891 ita
1507 840 1741 906 discipu-

162 927 339 979 latum
365 927 565 981 Christi
594 939 849 995 secutum,
891 941 947 983 ut
978 931 1194 983 necdum
1225 930 1601 984 renuntiaverit
1629 947 1740 983 om-

163 1017 324 1071 nibus
359 1035 476 1087 quae
508 1020 809 1088 possidebat
841 1037 859 1073 :
893 1022 1032 1090 quod
1065 1031 1244 1074 utrum
1286 1021 1595 1091 evangelica:
1642 1024 1738 1075 do—

162 1111 357 1163 ctrina:
384 1114 697 1175 convenerit,
722 1114 887 1166 cuivis
908 1112 1162 1181 facillime
1187 1123 1351 1183 patet.
1377 1113 1576 1167 Verum
1607 1130 1737 1185 pace

162 1203 273 1256 viri
319 1205 668 1269 venerabilis,
716 1220 816 1259 nec
861 1204 1037 1259 Lucas
1087 1206 1219 1259 dicit
1266 1205 1567 1260 Barnabam
1613 1217 1739 1276 post

159 1295 545 1349 ascensionem
591 1294 804 1349 Domini
851 1296 1082 1363 coepisse
1109 1295 1351 1360 credere,
1392 1312 1492 1352 nec
1527 1298 1737 1352 videtur

162 1404 395 1444 necesse
424 1398 485 1444 ut
519 1405 707 1445 omnes
737 1390 991 1460 discipuli
1028 1391 1212 1445 omnia
1255 1407 1353 1445 sua
1395 1392 1732 1462 objecerint:

160 1480 317 1550 quod
344 1482 593 1550 quamvis
620 1489 764 1536 esset
789 1522 804 1545 ,
854 1481 1031 1550 potuit
1058 1478 1255 1534 Noster
1283 1495 1474 1535 recens
1505 1481 1735 1536 haeredi-

156 1580 282 1626 tate
324 1572 574 1640 adeptum
613 1587 805 1641 agrum
847 1571 1081 1626 vendere
1106 1612 1120 1635 ,
1171 1585 1282 1640 quo
1326 1571 1612 1641 pecuniam
1666 1572 1734 1627 ad

152 1662 333 1731 pedes
360 1662 727 1731 apostolorum
760 1669 1003 1731 poneret.

236 1735 505 1806 Cancrum
545 1752 612 1807 de
652 1750 898 1806 Barnaba
928 1752 1099 1806 multa
1141 1760 1433 1807 narrantur
1477 1755 1532 1806 in
1583 1751 1734 1806 Novo

156 1841 519 1898 Testamento
556 1862 577 1898 τ
626 1845 767 1898 inter
808 1845 954 1909 alia,
999 1844 1120 1899 Act.
1172 1862 1260 1910 x1,
1292 1844 1392 1910 29,
1447 1844 1537 1909 50,
1586 1846 1731 1915 quod

155 1934 467 1989 Christiani
522 1936 849 1992 Antiocheni
906 1938 1157 1991 miserint
1204 1937 1602 2007 eleemosynam
1666 1937 1731 1991 ad

161 2024 691 2098 Hierosolymitanos
716 2044 811 2099 per
835 2044 1029 2084 manus
1059 2028 1204 2083 illius
1233 2047 1247 2082 :
1296 2045 1365 2083 ex
1386 2042 1497 2099 quo
1523 2028 1728 2083 factum

157 2120 427 2185 arbitror,
474 2127 537 2173 ut
568 2118 747 2175 Graeci
791 2119 846 2174 in
880 2120 1221 2175 ordinatione
1250 2120 1433 2189 magni
1460 2121 1729 2174 oeconomi

157 2209 411 2264 dicerent
431 2249 446 2274 ,
477 2211 659 2280 εὐχαῖς
689 2212 783 2265 καὶ
818 2211 1133 2284 πρεσϐείαις
1162 2211 1257 2264 τοῦ
1284 2211 1439 2280 ἁγίου
1472 2213 1565 2264 καὶ
1592 2228 1728 2265 παν-

153 2303 413 2373 ευφήμου
462 2302 715 2373 Βαρνάϐα
756 2302 847 2356 τοῦ
897 2303 1191 2357 ἀποστόλου
1236 2304 1328 2356 ιὶαὶ
1371 2303 1727 2376 γενναιομάρ-

154 2406 348 2464 τυροζ,
403 2395 640 2463 precibus
680 2404 731 2448 et
785 2395 1240 2449 intercessionibus
1282 2396 1452 2449 sancti
1508 2407 1556 2451 et
1600 2396 1731 2451 cete-‘-

155 2484 457 2538 bratissimi
490 2485 786 2551 Barnabw,
827 2487 1056 2556 apostoli
1081 2498 1130 2542 et
1170 2488 1402 2557 generosi
1442 2490 1727 2559 martyris;

151 2577 621 2647 quemadmodum
648 2579 830 2636 videre
876 2589 960 2636 est
1009 2582 1062 2635 in
1110 2579 1268 2635 Joan.
1316 2580 1512 2635 Morini
1546 2581 1726 2636 Sacris

170 2672 605 2727 ordinationibus
634 2680 793 2742 parte
825 2689 894 2739 11,
936 2689 1059 2744 pag.
1092 2675 1213 2729 115.
1244 2673 1469 2745 Reliqua
1498 2675 1567 2729 ad
1594 2690 1726 2744 apo-

150 2765 363 2820 stolum
397 2766 559 2821 istum
586 2766 938 2836 pertinentia,
983 2781 1134 2831 vera,
1179 2766 1450 2832 fabulosa,
1474 2777 1526 2822 et
1565 2768 1725 2837 vulgo

146 2868 584 2927 cognoscuntur,
624 2868 679 2914 et
702 2858 775 2913 ad
804 2860 1114 2915 institutum
1147 2867 1398 2916 nostrum
1430 2876 1539 2915 non
1568 2859 1727 2914 valde

140 2949 370 3005 faciunt
398 2966 413 3003 :
441 2968 610 3021 quare
639 2966 701 3007 ea
732 2955 898 3007 missa
933 2953 1185 3009 facimus.

229 3042 471 3112 Epistula
497 3043 777 3099 Barnabas.
812 3043 1074 3101 Venimus
1102 3047 1168 3101 ad
1198 3045 1492 3115 Epistulam
1522 3062 1721 3101 nomen

142 3133 304 3189 illius
331 3132 701 3203 praeferentem
724 3176 738 3201 ,
771 3135 1041 3191 veteribus
1072 3136 1343 3191 laudatam
1377 3153 1537 3207 saepe,
1575 3137 1723 3192 desi-

141 3226 399 3281 deratam
430 3226 804 3295 superioribus
832 3227 1079 3292 saeculis,
1117 3236 1307 3282 nostro
1340 3228 1567 3284 feliciter
1604 3230 1721 3284 edi-

140 3321 266 3368 tam
295 3328 326 3367 a
355 3314 489 3369 viris
513 3314 843 3370 doctissimis
874 3315 1101 3387 Hugone
1131 3316 1389 3373 Menardo
1431 3329 1485 3374 et
1534 3319 1721 3375 lsaaco

144 3403 372 3460 Vossio.
410 3404 700 3461 Dubitatur
727 3421 797 3461 an
828 3408 900 3463 sit
925 3409 1195 3478 genuinus
1223 3409 1387 3478 fetus,
1421 3427 1489 3465 an
1517 3427 1720 3481 suppo-

144 3503 314 3557 situs.
349 3500 729 3557 Existimatum
775 3502 993 3573 quidem
1021 3501 1287 3558 Clementi
1330 3505 1718 3571 Alexandrino,

137 3592 372 3664 Origeni
406 3610 468 3649 ac
511 3592 839 3665 Hieronymo
859 3636 873 3661 ,
905 3594 1135 3649 summis
1162 3595 1296 3650 viris
1320 3637 1334 3661 ,
1366 3598 1566 3666 quibus
1594 3612 1720 3667 pro-

142 3699 335 3758 pterea
370 3686 504 3742 fides
556 3686 714 3742 facile
756 3686 1007 3756 abrogari
1052 3702 1161 3742 non
1200 3687 1401 3753 debet,
1442 3687 1578 3741 nihil
1630 3688 1720 3743 hic

140 3778 362 3834 fraudis
385 3778 717 3833 delitescere.
742 3776 812 3830 At
826 3775 1122 3842 Eusebius,
1146 3777 1368 3847 quando
1418 3776 1562 3835 Hist.
1589 3779 1715 3832 sccl.

142 3871 248 3926 lib.
301 3886 407 3937 ιιι,
448 3884 573 3939 cap.
627 3870 734 3935 25,
784 3868 1082 3939 Epistolam
1117 3870 1349 3924 collocat
1378 3870 1516 3924 inter
1547 3869 1717 3924 libros

142 3962 389 4033 spurius,
421 3964 479 4015 ὲν
512 3961 715 4025 νόθοις,
757 3961 943 4017 dolum
980 3961 1191 4015 videtur
1221 3960 1530 4029 suspicatus
1568 3979 1579 4013 :
1612 3960 1717 4014 nisi

142 4055 198 4110 si
243 4054 370 4123 quis
420 4054 647 4109 nothum
692 4054 949 4108 volumen
994 4066 1062 4106 eo
1110 4050 1216 4106 loci
1265 4060 1519 4119 exponat,
1570 4059 1630 4104 ut
1661 4051 1715 4104 in

141 4145 521 4215 Amphilochii
551 4144 794 4215 Epistula
833 4144 1069 4199 iambica
1106 4144 1172 4197 ad
1204 4141 1487 4197 Seleucum
1518 4182 1532 4205 ,
1586 4142 1716 4195 illud

140 4236 301 4308 quod
332 4252 438 4289 non
468 4246 548 4292 est
575 4237 869 4307 genuinum
900 4250 1068 4290 sacra:
1093 4233 1414 4303 Scriptum,
1443 4234 1556 4288 sive
1583 4232 1716 4288 alias

140 4337 433 4385 auctorem
458 4343 648 4383 verum
681 4326 840 4381 titulo
886 4324 1167 4397 praeferat,
1224 4324 1337 4379 sive
1371 4325 1710 4379 ementitum.

140 4422 311 4477 Certe
330 4420 418 4473 vix
443 4419 589 4474 credi
610 4426 810 4489 potest,
836 4418 979 4488 quod
1006 4418 1140 4472 adeo
1155 4418 1391 4472 eximius
1409 4417 1712 4485 apostolus,

1840 566 2142 621 Barnabam
2169 610 2183 633 ,
2230 569 2387 636 cujus
2434 566 2672 635 Epistula
2720 576 2930 620 tantum
2974 564 3135 618 fama:
3179 580 3286 617 non
3320 574 3405 620 est

1838 669 2128 714 consecuta
2158 675 2221 714 ac
2266 662 2351 715 illa
2401 662 2716 718 Clementis.
2771 660 2849 712 Ad
2896 659 3011 712 haec
3060 668 3399 726 argumento,

1838 766 1945 820 quo
1977 752 2149 805 utitur
2190 762 2412 807 sanctus
2447 753 2788 823 Augustinus
2811 792 2825 815 ,
2856 749 2952 802 lib.
2997 764 3013 801 1
3065 743 3263 800 Contra
3299 747 3399 800 atL—

1836 844 2128 896 versarium
2180 845 2309 913 legis
2344 852 2393 897 et
2435 844 2835 912 prophetarum,
2881 854 3001 909 cap.
3030 837 3130 902 20,
3168 846 3227 890 ut
3265 852 3401 906 apo~

1837 936 2035 1004 crypha
2070 935 2169 989 sub
2202 936 2514 989 nominibus
2554 935 2782 988 Andreas
2822 930 3155 999 Joannisque
3198 930 3401 996 scripta

1837 1026 2085 1081 exsibilet
2113 1034 2277 1095 atque
2304 1027 2555 1096 explodat
2585 1023 2692 1093 :ISi
2730 1024 2948 1077 illorum
2976 1031 3165 1085 essent,
3194 1028 3401 1088 recepta

1836 1127 2003 1172 essent
2029 1117 2093 1171 ab
2125 1118 2399 1183 Ecclesia;
2428 1134 2515 1185 eo,
2548 1120 2801 1188 inquam,
2834 1124 3154 1187 argumento
3182 1116 3237 1169 in
3268 1106 3408 1209 sus-ﬂ

1834 1210 2104 1279 picionem
2140 1210 2431 1279 illegitimze
2459 1210 2625 1280 prolis
2655 1210 2799 1264 venit
2829 1209 3089 1278 Epistula,
3129 1222 3250 1262 cum
3281 1206 3395 1277 jam

1836 1300 1928 1353 diu
1962 1300 2162 1369 rejecta
2210 1307 2264 1353 et
2309 1300 2376 1353 ad
2420 1300 2756 1370 apocryphas
2784 1300 3080 1367 scripturas
3107 1298 3396 1351 amandata

1836 1389 2019 1444 fuerit.
2052 1390 2360 1459 Apocrgpha
2384 1432 2398 1455 ,
2426 1390 2600 1459 inquit
2642 1389 3022 1459 Hieronymus,
3054 1388 3212 1455 epist.
3246 1387 3298 1453 7,
3327 1386 3396 1442 ad

1836 1479 2059 1545 Laetam,
2091 1483 2225 1534 sciat
2256 1498 2357 1533 non
2385 1498 2564 1533 eorum
2590 1497 2701 1535 esse
2729 1496 2952 1549 quorum
2984 1478 3153 1532 titulis
3191 1494 3367 1547 μνωηο
3385 1504 3399 1515 ο

1836 1580 2037 1623 tantur.
2071 1569 2410 1639 Quapropter
2437 1569 2725 1639 Origenes,
2755 1568 2847 1637 qui
2878 1565 3085 1636 putavit
3110 1581 3248 1635 opus
3274 1579 3397 1619 esse

1835 1662 2117 1729 Barnabze,
2150 1662 2377 1716 credidit
2404 1662 2569 1715 etiam
2601 1674 2723 1715 esse
2749 1660 3094 1715 canonicum.
3129 1654 3285 1718 Sunt,
3313 1656 3396 1708 in-

1833 1753 1953 1823 quit
2007 1754 2073 1807 ad
2124 1768 2264 1807 vers.
2310 1752 2399 1814 24,
2433 1767 2551 1821 cap.
2602 1768 2619 1804 1
2679 1750 2933 1820 Epistulae
2976 1749 3043 1803 ad
3097 1747 3392 1813 Romanos,

1831 1855 2082 1916 prazterea
2115 1847 2277 1914 (sicut
2310 1846 2363 1899 in
2391 1845 2573 1898 multis
2601 1842 2893 1911 Scriptum
2923 1842 3052 1895 locis
3082 1838 3395 1906 invenimus)

1831 1939 1993 1991 etiam
2022 1939 2294 2007 utriusque
2322 1938 2519 2005 partis,
2546 1937 2622 1990 vel
2664 1937 2934 2006 utriusque
2974 1936 3071 1989 via:
3095 1975 3109 1995 ,
3158 1932 3393 2001 fautores

1829 2030 2045 2097 quidam
2077 2038 2126 2082 et
2157 2029 2423 2096 adjutores
2459 2028 2650 2099 angeli,
2680 2036 2810 2094 etc.,
2843 2027 2935 2082 ubi
2965 2027 3088 2096 quis
3114 2040 3223 2079 non
3248 2024 3395 2079 videt

1832 2122 1995 2177 alludi
2027 2122 2092 2176 ad
2125 2130 2288 2191 caput
2317 2121 2384 2176 18
2412 2130 2611 2177 nostra:
2636 2120 2910 2191 Epistolas,
2939 2119 3006 2174 de
3028 2119 3240 2173 duabus
3266 2116 3405 2181 viis,“

1829 2223 1883 2267 et
1925 2215 1992 2267 de
2042 2213 2248 2283 angelis
2294 2213 2513 2282 utrique
2555 2212 2655 2267 via:
2698 2211 3044 2280 praepositis?
3094 2207 3217 2262 Jam
3262 2221 3391 2261 vero

1829 2306 1923 2359 lib.
1970 2320 1987 2358 1
2034 2315 2221 2358 contra
2269 2303 2478 2359 Celsum
2520 2304 2663 2359 idem
2708 2301 3067 2356 Adamantius
3117 2314 3306 2353 vocem
3358 2314 3390 2351 a

1828 2396 2077 2451 Barnaba
2112 2397 2275 2466 paulo
2310 2395 2503 2450 durius
2541 2394 2595 2447 in
2626 2394 2903 2463 apostolos
2944 2392 3207 2461 prolatam
3229 2430 3245 2454 ,
3290 2384 3403 2465 ηιξ-ξ

1828 2504 2101 2559 quaquam
2152 2488 2368 2558 rejicit,
2413 2489 2525 2541 imo
2571 2486 2840 2542 similibus
2894 2484 3188 2553 Scriptura:
3228 2482 3389 2537 dictis

1828 2583 2006 2636 munit
2053 2596 2117 2636 ac
2166 2581 2380 2657 ﬁrmat,
2439 2580 2771 2649 insuperque
2824 2576 3122 2646 Epistolam
3176 2590 3386 2631 sacram

1825 2692 1947 2731 esse
1997 2677 2213 2740 innuit,
2263 2682 2317 2727 et
2364 2682 2519 2727 vocat
2565 2671 2899 2726 Catholicam
2950 2687 2963 2723 :
3015 2684 3125 2738 quo
3166 2668 3387 2737 quidem

1824 2770 2048 2824 nomine
2078 2769 2241 2822 etiam
2280 2767 2556 2820 indicatur
2588 2779 2709 2819 eam
2754 2764 2945 2818 saltem
2991 2778 3022 2816 a
3068 2762 3254 2815 multis
3283 2760 3389 2816 Ca-

1824 2860 2045 2915 tholicis
2068 2858 2238 2913 fuisse
2267 2857 2583 2920 admissam,
2608 2864 2770 2923 atque
2797 2853 2969 2907 instar
2993 2844 3385 2906 catholicarum

1823 2950 2154 3013 lectitatam;
2208 2962 2319 3001 non
2367 2947 2547 3002 solum
2595 2955 2777 2999 autem
2826 2942 3182 3014 signiﬁcatur,
3238 2939 3386 3011 quod

1824 3042 1978 3096 aiunt
2017 3055 2081 3095 ex
2115 3039 2343 3094 Leontio
2370 3038 2467 3094 lib.
2501 3038 2578 3092 De
2608 3039 2787 3102 sectis,
2822 3037 3034 3091 actione
3066 3036 3132 3101 2,
3169 3049 3200 3088 a
3230 3014 3400 3104 cujus}

1749 3162 1789 3219 Ο
1824 3131 2080 3201 opinione
2110 3131 2418 3184 nullatenus
2441 3127 2693 3183 dissentit
2716 3125 3099 3189 (Ecumenius,
3129 3113 3399 3193 scriptam“

1822 3238 1944 3279 esse
1970 3223 2037 3277 ad
2069 3237 2258 3277 omnes
2284 3220 2632 3293 generaliter,
2669 3233 2778 3272 non
2810 3233 2937 3272 vero
2964 3217 3033 3271 ad
3062 3232 3225 3271 unam
3255 3210 3397 3286 gen?

1817 3326 1951 3371 tem.
1982 3313 2119 3369 Nam
2154 3315 2200 3370 si
2241 3314 2295 3368 id
2326 3323 2535 3367 tantum
2566 3312 2867 3367 declararet
2894 3324 2959 3364 ea
2988 3324 3089 3363 vox
3109 3349 3125 3374 ,
3159 3309 3247 3363 cui
3280 3324 3386 3361 un-

1820 3420 1987 3476 quam
2016 3407 2257 3460 venisset
2288 3405 2342 3459 in
2374 3412 2608 3459 mentem
2636 3443 2651 3467 ,
2696 3400 2924 3456 Joannis
2951 3399 3243 3455 secundam
3268 3440 3284 3465 ,
3314 3399 3385 3454 ad

1822 3514 1986 3553 unam
2014 3499 2278 3563 domum,
2332 3505 2386 3550 et
2440 3496 2693 3561 tertiam,
2744 3494 2811 3548 ad
2865 3508 3036 3547 unum
3105 3491 3380 3546 hominem

1815 3600 2089 3657 exaratas,
2118 3592 2171 3645 in
2199 3590 2592 3645 catholicarum
2620 3602 2844 3642 censum
2876 3585 3115 3641 referre?
3139 3584 3385 3641 Pruden-

1818 3684 1927 3739 tius
1963 3684 2144 3751 itaque
2170 3682 2375 3736 factum
2403 3682 2471 3735 ab
2500 3679 2710 3735 Isidoro
2753 3678 2959 3749 Hispal.
2989 3679 3084 3733 lib.
3114 3694 3168 3732 v1
3199 3678 3383 3744 Origi-

1818 3793 1967 3842 num,
1997 3791 2115 3845 cap.
2146 3775 2180 3828 2
2211 3775 2371 3844 (nam
2408 3771 2679 3828 confutari
2705 3787 2810 3827 non
2843 3780 3083 3826 meretur
3113 3772 3378 3827 sententia

1817 3866 2142 3938 Hebedjesu,
2179 3865 2420 3919 auctoris
2447 3862 2758 3928 Chaldaici,
2788 3863 3104 3919 aﬂirmantis
3131 3864 3184 3917 in
3214 3862 3379 3918 Cata-

1818 3961 1942 4030 logo
1994 3960 2297 4023 librorum,
2350 3956 2650 4010 catholicas
2709 3956 2831 4010 ideo
2877 3956 3064 4010 vocari
3111 3954 3380 4025 Epistolas

1816 4052 2040 4119 Jacobi,
2089 4050 2271 4117 Petri,
2301 4049 2530 4106 Joannis
2565 4060 2617 4104 et
2636 4048 2843 4114 Judae,
2874 4050 3018 4119 quod
3052 4049 3121 4104 ab
3151 4049 3218 4105 iis
3249 4064 3381 4118 apo-

1816 4143 1970 4198 stolis
2024 4143 2173 4197 omni
2236 4142 2549 4196 charactere
2590 4150 2644 4195 et
2689 4141 2872 4210 lingua
2946 4139 3151 4194 fuerint
3196 4141 3379 4194 consi-

1816 4235 2066 4304 gnatae),
2098 4234 2192 4302 qui
2223 4248 2347 4287 cum
2377 4233 2697 4302 praedictum
2735 4231 3058 4286 vocabulum
3087 4230 3379 4299 posteriori

1816 4340 1981 4381 sensu
2028 4334 2355 4394 usurparet,
2425 4324 2723 4378 catholicas
2780 4332 3058 4393 nuncupat
3109 4321 3378 4391 Epistolas

1815 4416 1983 4481 Petri,
2007 4432 2113 4470 non
2138 4417 2265 4470 item
2290 4414 2763 4481 Jacobi,.|oannis,
2781 4423 2836 4468 et
2853 4412 3005 4469 Judaa
3030 4430 3377 4483 :quanquam

140 4516 231 4568 vir
259 4512 443 4581 plenus
491 4510 696 4581 Spiritu
734 4522 916 4564 sancto
954 4519 1005 4563 et
1050 4510 1153 4578 ﬁde
1176 4510 1220 4575 ¹,
1242 4514 1557 4578 segregatus
1605 4521 1713 4560 una
1746 4501 1789 4555 Β
1813 4509 1965 4564 Judae
1989 4518 2045 4564 et
2068 4508 2255 4563 Jacobi
2287 4507 2649 4577 generaliores
2679 4508 2790 4561 sint
2814 4508 2988 4577 prima
3015 4506 3160 4560 Petri
3188 4524 3202 4561 :
3234 4507 3379 4560 unde

140 4620 274 4660 cum
306 4603 475 4657 Paulo
511 4620 543 4658 a
582 4611 775 4658 sancto
811 4602 1014 4671 Spiritu
1048 4602 1101 4654 in
1134 4615 1273 4669 opus
1302 4598 1610 4669 Evangelii,
1659 4605 1713 4651 et

140 4697 358 4766 collega
386 4695 630 4765 ejusdem
662 4693 886 4763 apostoli
931 4693 985 4746 in
1013 4692 1255 4763 gentium
1286 4689 1615 4760 apostolatu,
1646 4704 1711 4743 ea

137 4786 434 4857 scripserit
478 4800 599 4855 quae
642 4788 697 4839 in
737 4784 999 4854 opusculo
1038 4782 1290 4853 praesenti
1324 4781 1708 4836 continentur:

136 4886 371 4935 coactas
400 4876 525 4931 dico
550 4874 867 4945 allegorias,
901 4873 1275 4928 enarrationes
1309 4870 1711 4941 Scripturarum

138 4968 336 5023 minus
364 4966 709 5028 verisimiles,
743 4963 957 5019 fabulas
984 4963 1052 5017 de
1078 4962 1407 5017 animalibus
1432 5001 1446 5026 ,
1501 4961 1713 5030 aliaque

138 5059 217 5117 de
247 5060 448 5131 quibus
477 5067 663 5128 postea
710 5072 953 5127 agemus.
1005 5054 1132 5110 Haec
1161 5064 1340 5109 tamen
1365 5094 1381 5119 ,
1412 5054 1502 5106 vix
1538 5052 1713 5107 credi-

142 5155 319 5221 bilia,
371 5167 480 5206 non
527 5160 798 5205 remorata
849 5158 976 5204 sunt
1019 5148 1305 5218 praedictos
1356 5146 1709 5207 Clementem,

136 5242 479 5313 Origenem,
535 5241 923 5312 Hieronymum
972 5259 986 5294 :
1036 5240 1176 5295 sicut
1222 5238 1381 5309 pauci
1433 5238 1569 5291 naavi
1618 5238 1709 5306 qui

138 5339 435 5393 honestam
462 5332 657 5388 faciem
693 5332 950 5402 Epistula:
977 5347 1007 5385 a
1037 5330 1315 5385 Clemente
1356 5328 1605 5383 Romano
1644 5327 1712 5381 ad

135 5429 465 5488 Corinthios
510 5428 884 5482 Romanorum
930 5424 1150 5479 nomine
1192 5423 1512 5492 conscriptae
1557 5436 1711 5475 com-

139 5523 461 5589 maculant,
510 5536 621 5575 non
668 5519 1031 5590 impedierunt
1070 5519 1201 5588 quin
1243 5517 1382 5571 tanti
1422 5532 1485 5569 ea
1521 5515 1709 5581 ﬁeret;

135 5613 402 5686 quamvis
426 5626 621 5682 magna
644 5652 659 5679 ,
710 5625 833 5666 meo
856 5609 1075 5681 quidem
1115 5608 1358 5681 judicio,
1407 5606 1709 5664 differentia

218 5776 238 5810 ⁸
262 5772 386 5829 Act.
418 5788 495 5840 ιι,
520 5772 623 5837 24;
653 5787 777 5836 x111,
813 5771 869 5825 2.

1812 4609 2059 4656 notatum
2107 4600 2211 4655 fuit
2254 4617 2286 4655 a
2330 4599 2566 4669 quodam
2618 4599 2911 4654 scholiaste
2954 4599 3021 4653 ad
3076 4597 3374 4668 Epistolam

1811 4691 2018 4758 Jacobi,
2042 4707 2144 4747 ms.
2183 4692 2352 4762 Regio
2384 4691 2522 4746 705:
2551 4692 2917 4763 Προτέτακται
2940 4693 2973 4763 ἡ
2999 4692 3093 4745 τοῦ
3122 4692 3376 4747 Ἰακώϐου

1825 4782 2107 4854 Ἐπιστολὴ
2132 4783 2238 4835 τῶν
2264 4783 2468 4847 ἄλλων,
2503 4784 2583 4836 ὅτι
2612 4800 2672 4835 τε
2704 4782 2919 4854 πρῶτος
2956 4783 3251 4847 ἐπίσκοπος
3285 4780 3374 4856 ἦν,

1810 4878 1905 4931 καὶ
1950 4878 2031 4929 ὅτι
2073 4877 2174 4947 τῆς
2221 4878 2428 4948 Πέτρου
2476 4876 2904 4947 καθολικωτέραο
2953 4878 3072 4939 ταῖς
3118 4876 3225 4947 γὰρ
3273 4878 3376 4930 ἀνὰ

1811 4970 1990 5021 πᾶσαν
2029 4968 2127 5040 τὴν
2161 4968 2265 5039 γῆν
2312 4968 2733 5040 διεσπαρμέναις
2771 4967 2984 5039 ἐγράφη
3029 4966 3235 5021 δώδεκα
3276 4985 3376 5037 φυο-

1810 5062 1946 5125 λαῐς-
2022 5061 2133 5117 Hoc
2171 5071 2301 5117 est:
2345 5062 2531 5116 Posita
2575 5072 2650 5116 est
2695 5071 2814 5115 ante
2845 5061 3024 5126 aalias
3075 5062 3375 5116 catholicas

1814 5154 2057 5223 Epistola
2081 5153 2305 5218 Jacobi;
2337 5165 2447 5207 tum
2473 5154 2597 5224 quia
2631 5155 2677 5207 is
2709 5154 2910 5223 primus
2940 5162 3052 5206 erat
3078 5154 3371 5223 episcopus,

1814 5256 1924 5299 tum
1949 5247 2073 5315 quia
2105 5245 2201 5298 illa
2231 5244 2580 5299 universalior
2613 5254 2689 5299 est
2731 5245 2954 5313 epistola
2982 5244 3129 5299 Petri
3162 5246 3370 5315 (prima

1814 5337 2080 5406 scilicet);
2132 5336 2406 5389 duodecim
2454 5336 2640 5405 quippe
2682 5335 2918 5389 tribubus
2952 5352 3044 5404 per
3072 5337 3370 5388 universum

1813 5431 1987 5484 orbem
2032 5430 2281 5498 dispersis
2332 5430 2529 5497 scripta
2580 5437 2654 5481 est
2717 5428 2959 5498 Denique
2999 5426 3061 5482 S.
3108 5425 3368 5495 Hierony-

1814 5536 1970 5586 mus,
2019 5520 2073 5573 in
2127 5520 2265 5574 libro
2295 5534 2456 5587 quem
2507 5518 2582 5570 De
2626 5518 3049 5587 interpretatione
3099 5515 3367 5569 nominum

1818 5612 2232 5679 Hebraicorum,
2290 5610 2534 5666 imitatus
2576 5609 2859 5666 Philonem
2914 5624 2979 5665 ac
3026 5599 3379 5676 Origenem,’
