3818 6216
394 300 399 305 ’
454 328 559 383 655

1552 325 1609 379 S.
1652 322 2017 378 BARNABAS
2064 323 2498 381 APOSTOLUS.

3611 325 3714 379 6‘96

454 446 805 516 composuit,
857 445 997 499 inter
1033 442 1169 499 Novi
1200 440 1534 499 Testamenti
1574 445 1744 498 libros
1778 460 1885 498 non
1919 455 2029 499 sta-
2057 447 2100 504 Α
2129 445 2309 514 ginem
2340 446 2488 501 illius
2520 454 2809 515 repeteret,
2842 462 2872 501 a
2906 446 3247 516 temporibus
3273 444 3547 499 excidium
3584 459 3708 497 mox

454 539 651 594 tuisset
687 537 985 608 Epistolam
1016 535 1279 590 Barnabae
1306 576 1320 600 ,
1364 536 1505 589 sicut
1532 534 1683 602 facit,
1713 552 1877 605 quam
1910 536 2027 605 ipse

454 646 579 684 cum
610 630 937 699 apocryphis
962 626 1265 696 Scripturis
1296 626 1527 695 legebat,
1564 627 1667 681 nisi
1701 626 1926 680 vidisset
1952 626 2026 679 ita

454 722 523 776 ab
552 720 785 793 Origene
812 719 982 773 fuisse
1011 719 1317 773 actitatum.
1362 716 1619 772 Eamdem
1653 734 1875 788 quoque
1899 736 2027 773 sen-

457 816 681 869 tentiam
734 812 1197 883 deprehendimus
1246 811 1300 865 in
1362 809 1585 879 antiqua
1641 809 2026 865 Stichometria

457 906 670 969 Latina,
704 921 825 975 qua:
857 912 1036 959 exstat
1078 904 1132 957 in
1171 902 1388 957 duobus
1436 901 1596 956 libris
1644 917 1803 967 mss.,
1855 903 2027 957 altero

457 1011 565 1050 non
598 996 804 1065 pridem
832 993 1201 1048 Puteanorum
1241 993 1495 1047 Fratrum
1516 1033 1533 1058 ,
1580 1008 1726 1047 nunc
1758 994 2025 1048 Christia-

454 1088 671 1143 nissimi
700 1088 864 1158 regis,
896 1088 1069 1141 altero
1097 1086 1491 1141 monachorum
1530 1084 1716 1139 Sancti
1745 1086 2024 1140 Germani.

454 1180 567 1236 lllic
616 1179 858 1249 Epistola
906 1178 1168 1233 Barnabas
1212 1177 1513 1233 collocatur
1562 1183 1687 1246 post
1727 1174 2025 1245 Epistolam

453 1272 638 1339 Iudae,
673 1280 799 1328 ante
827 1270 1053 1327 Joannis
1088 1268 1492 1325 Revelationem
1520 1276 1575 1322 et
1601 1268 1771 1323 Actus
1807 1277 2027 1338 aposto-

453 1365 654 1419 lorum.

528 1454 727 1509 Verum
761 1454 814 1507 in
845 1452 1030 1506 omnia
1065 1451 1278 1505 diversa
1307 1449 1515 1503 abierat
1556 1455 1857 1517 praeceptor
1900 1445 2024 1501 Ori-

454 1545 639 1615 genis,
691 1543 944 1598 Clemens
988 1540 1423 1605 Alexandrinus,
1468 1539 1668 1609 quippe
1724 1540 1815 1608 qui
1863 1555 2065 1607 opus,’

455 1635 602 1705 quod
654 1634 830 1689 credit
874 1648 996 1688 esse
1041 1631 1326 1695 Barnabas,
1378 1630 1677 1699 impugnat,
1726 1632 1848 1683 licet
1899 1645 2025 1698 sup-

454 1741 682 1797 presso,
740 1723 970 1779 honoris
1030 1736 1235 1785 causa,
1292 1722 1545 1785 nomine;
1599 1719 1882 1789 Pwdagogi
1941 1736 2021 1785 ιι,

2127 538 2631 608 subsequentibus;
2676 539 2745 593 ita
2790 538 2930 593 male
2967 554 3063 608 per
3088 536 3385 592 secundum
3413 534 3711 590 conclude-

2127 641 2279 685 retur
2306 631 2513 685 natales
2543 631 2787 700 ejusdem
2821 632 3118 701 contigisse
3140 672 3155 695 ,
3188 629 3369 683 statim
3407 638 3711 697 antequam

2128 722 2377 776 Clemens
2407 723 2577 777 libros
2606 739 2737 778 suos
2763 731 3136 793 componeret.
3175 721 3257 773 Au
3291 721 3435 773 enim
3480 734 3711 774 necesse

2130 812 2266 879 fuit,
2307 820 2366 866 ut
2393 813 2596 883 ingenii
2630 823 3047 868 monumentum
3087 812 3496 881 apocryphum,
3541 811 3711 865 simul

2128 918 2193 956 ac
2222 918 2251 954 c
2282 903 2537 957 manibus
2568 904 2854 973 scriptoris
2890 904 3120 965 exierat,
3151 904 3297 957 illico
3337 902 3405 957 ad
3448 917 3710 956 commu-

2130 1009 2253 1047 nem
2280 994 2527 1048 notitiam
2546 996 2874 1065 pervenirct,
2898 1005 3061 1065 atque
3083 1011 3111 1048 a
3137 994 3390 1049 Patribus
3410 990 3716 1049 citaretur?

2128 1102 2194 1141 eo
2220 1087 2520 1156 prasertim
2552 1098 2825 1157 tempore,
2865 1104 2977 1157 quo
3012 1097 3065 1141 et
3090 1087 3404 1141 scribebant
3430 1085 3629 1155 pauci,
3660 1092 3717 1139 et

2128 1178 2223 1245 qui
2252 1193 2350 1232 sua
2374 1177 2569 1233 litteris
2595 1177 3031 1241 committebant,
3065 1177 3214 1232 solos
3240 1174 3352 1229 fere
3378 1174 3431 1228 in
3457 1174 3716 1229 testimo-

2130 1269 2282 1322 nium
2324 1269 2661 1323 adhibebant
2686 1284 2875 1323 saeros
2902 1268 3073 1323 libros
3104 1286 3116 1321 :
3145 1278 3206 1321 ut
3231 1281 3338 1320 non
3369 1281 3716 1321 commemo-

2130 1374 2244 1413 rem
2294 1358 2763 1413 luctuosissimam
2814 1359 3157 1412 voluminum
3204 1356 3712 1411 ecclesiasticorum

2128 1449 2406 1519 prioribus
2436 1449 2653 1504 saeculis
2678 1458 3030 1503 exaratorum
3054 1448 3347 1517 jacturam.
3380 1445 3568 1517 Itaque
3594 1462 3715 1501 me-

2128 1542 2216 1596 dia
2252 1543 2337 1595 via
2382 1541 2741 1595 incedendum
2788 1540 3039 1603 videtur;
3084 1548 3138 1594 et
3180 1538 3529 1595 referendum
3566 1553 3714 1608 Opus

2130 1633 2196 1686 ad
2248 1642 2459 1701 tempus
2497 1632 2642 1701 quod
2694 1632 2837 1686 inter
2881 1638 3177 1700 utrumque
3239 1630 3563 1696 intercedit;
3638 1631 3711 1683 ita

2131 1740 2310 1781 tamen
2353 1736 2413 1781 ut
2461 1727 2527 1781 ad
2572 1727 2807 1795 primum
2845 1724 3020 1794 magis
3049 1724 3274 1779 accedat
3319 1742 3332 1777 :
3378 1739 3545 1793 quam
3589 1738 3709 1777 rem

454 1830 574 1885 cap.
608 1814 695 1869 10.
721 1813 777 1869 ld
814 1827 978 1883 porro
999 1825 1341 1881 nequaquam
1360 1808 1745 1873 commisisset,
1772 1810 1817 1863 si
1838 1807 1905 1861 ad
1923 1808 2022 1863 Ca-

2129 1822 2408 1875 character
2432 1818 2669 1882 dicendi,
2717 1817 3074 1887 apostolicam
3113 1816 3494 1886 antiquitatem
3542 1816 3709 1871 redo-

455 1922 653 1960 nonem
677 1906 951 1977 pertinere
975 1904 1166 1958 fuisset
1187 1902 1503 1955 arbitratus.
1523 1902 1599 1956 Ac
1622 1900 1761 1953 forte
1783 1901 2023 1971 suspicio

454 2000 559 2053 erit
580 1998 763 2063 alicui,
788 1997 1030 2051 variasse
1054 1994 1411 2058 Clementem,
1434 2002 1528 2047 aut
1556 2008 1613 2047 se
1635 1993 1699 2045 ad
1728 1994 2021 2046 multorum

453 2090 767 2159 opinionem
798 2086 1276 2149 accommodassc,
1310 2094 1425 2139 tum
1462 2099 1587 2138 cum
1615 2082 2023 2151 Seripturarum

452 2183 639 2235 Cauon
673 2188 853 2234 certos
880 2178 1079 2232 limites
1108 2176 1350 2230 nondum
1380 2184 1683 2245 acceperat.
1715 2172 1770 2227 Si
1803 2173 2022 2242 quidem

455 2274 508 2326 in
556 2273 708 2325 libris
752 2268 1233 2331 Ὑποτυπώσεων,
1279 2266 1551 2321 referente
1594 2264 1827 2320 Eusebio
1874 2263 2019 2317 Hist.

454 2365 547 2417 lib.
585 2379 658 2428 γι,
694 2379 814 2431 cap.
850 2362 952 2427 14,
1001 2375 1106 2414 una
1142 2375 1265 2414 cum
1309 2357 1447 2412 Novi
1491 2356 1825 2411 Testauienti
1871 2354 2025 2409 libris

452 2463 802 2508 enarraverat
852 2451 1147 2521 Epistolam
1202 2449 1512 2515 Barnabaa;
1571 2463 1734 2517 quam
1792 2446 2025 2503 fortasse

454 2544 975 2616 pseudepigrapham
1010 2541 1252 2607 rebatur,
1283 2540 1502 2609 quando
1530 2536 1869 2593 confutabat.
1919 2535 2023 2591 Sed

451 2647 507 2691 et
537 2636 923 2707 Hieronymus,
957 2649 1120 2703 supra
1150 2633 1350 2687 citatus
1376 2631 1444 2686 de
1468 2631 1691 2685 notione
1713 2629 1861 2684 vocis
1892 2630 2025 2698 Λροο

454 2730 708 2800 cryphum
733 2743 832 2797 pro
856 2741 1018 2796 opere
1044 2725 1166 2780 falsi
1195 2724 1366 2791 tituli;
1391 2733 1572 2778 tamen
1600 2722 1655 2775 in
1680 2722 1811 2775 locis
1840 2721 2023 2775 relatis

449 2826 596 2877 inter
622 2834 863 2875 veterum
895 2817 1228 2872 Testimonia
1248 2858 1263 2887 ,
1294 2815 1592 2887 Epistolam
1632 2814 2019 2884 apocrypham,

454 2930 565 2967 non
611 2909 1138 2982 pseudepigrapham
1188 2908 1324 2963 vult.
1371 2906 1680 2973 Quinetiam
1727 2922 1755 2958 a
1805 2904 2022 2960 Gelasio

455 3004 765 3075 apocrypha
814 3017 923 3055 non
958 3015 1058 3069 pro
1106 2998 1591 3070 pseudepigraphis
1624 2998 1888 3051 duntaxat
1931 3012 2022 3050 su-

457 3104 700 3158 muntur,
728 3093 811 3147 vel
856 3106 1092 3162 quorum
1141 3090 1336 3145 secreti
1378 3098 1631 3144 auctores
1660 3098 1825 3157 atque
1871 3088 2023 3142 inco-

456 3189 613 3261 gniti,
634 3201 821 3241 verum
851 3198 947 3254 pro
971 3182 1227 3238 omnibus
1250 3196 1391 3252 quat,
1417 3181 1546 3251 quia
1571 3190 1756 3235 notam
1782 3180 2021 3250 aliquam

457 3279 648 3335 mereri
697 3277 971 3342 videntur,
1001 3274 1117 3330 sive
1159 3274 1587 3345 suppositionis,
1620 3274 1736 3329 sive
1784 3272 2020 3338 erroris,

454 3375 571 3429 sive
619 3369 951 3440 impietatis,
1016 3367 1277 3422 abscondi
1325 3366 1521 3421 debent
1576 3376 1739 3435 atque
1780 3365 2022 3436 ignorari

456 3463 813 3536 (ἀποκρυφῆς
842 3460 1093 3535 μᾶλλονῆ
1121 3458 1476 3529 ἀναγνώσεως
1498 3460 1642 3527 ἀξια,
1670 3460 1803 3514 dicit
1833 3466 2024 3514 auctor

464 3566 756 3636 Synopseos
815 3576 981 3616 sacrw
1036 3556 1325 3624 Scriptura:
1366 3554 1606 3608 creditus
1636 3550 2021 3618 Athanasius),

458 3666 557 3706 nec
603 3651 660 3704 in
704 3647 922 3719 publica
949 3646 1156 3701 versari
1190 3644 1384 3700 notitia
1407 3685 1423 3709 ,
1456 3645 1599 3700 sicut
1627 3644 1749 3698 libri
1775 3642 2022 3699 canonici

457 3740 861 3810 Scripturarum
884 3778 899 3803 ,
926 3746 980 3792 et
1023 3736 1060 3791 ii
1101 3735 1457 3792 ecclesiastici
1486 3734 1729 3796 Patrum,
1760 3735 1855 3804 qui
1880 3732 2024 3788 inof-

456 3832 612 3887 fenso
640 3830 777 3900 pede
802 3829 1019 3885 decurri
1049 3836 1275 3898 queunt.
1309 3826 1490 3893 Quare
1532 3826 1673 3880 inter
1714 3825 2023 3895 apocrypha

457 3930 703 3979 recenset
742 3922 1039 3978 Clementis
1084 3920 1440 3976 Alexandrini
1468 3920 1762 3991 opuscula,
1805 3918 2025 3973 Tertul-

456 4015 590 4071 liani
609 4057 626 4083 ,
654 4014 948 4085 Cypriani,
978 4012 1236 4077 Arnobii,
1277 4011 1577 4080 Lactantii,
1604 4010 1857 4077 Eusebii,
1890 4012 2027 4066 alio-

456 4123 601 4174 rum,
629 4107 881 4177 quamvis
909 4104 1155 4158 indubia.

524 4198 606 4254 Ex
655 4198 857 4269 quibus
907 4194 1166 4250 omnibus
1210 4194 1530 4258 conﬁcitur,
1579 4208 1687 4247 non
1734 4191 2026 4246 admodum

455 4292 664 4348 clarere
695 4299 877 4345 utrum
903 4296 1224 4358 praesentem
1265 4284 1562 4355 Epistolam
1592 4282 1905 4352 adjudicare
1934 4282 2028 4336 de-

457 4388 681 4443 beamus
709 4383 973 4438 Barnabae
998 4380 1271 4452 apostolo,
1297 4396 1363 4433 an
1391 4379 1546 4434 alteri
1570 4376 1779 4432 homini
1808 4385 2027 4445 aposto-

2124 1914 2263 1973 lens,
2297 1926 2403 1964 non
2438 1910 2669 1964 obscure
2700 1910 2989 1978 signiﬁcat.

2197 2006 2421 2069 Quanta:
2447 2004 2800 2057 auctoritatis.
2826 2001 3100 2067 Quantum
3130 2000 3197 2055 ad
3222 2000 3516 2056 secundam
3546 2001 3708 2055 inter-

2128 2097 2461 2166 rogationem
2490 2134 2505 2159 ,
2533 2095 2600 2149 de
2619 2093 2873 2163 praasenti
2907 2103 3149 2163 tempore
3184 2092 3331 2145 nulla
3360 2092 3539 2145 oritur
3568 2092 3706 2147 difﬁ-

2124 2191 2319 2244 cultas.
2345 2188 2576 2244 Constat
2602 2187 2742 2241 inter
2771 2202 2984 2253 omnes,
3034 2184 3334 2255 Epistolam
3386 2185 3442 2238 in
3492 2200 3703 2240 canone

2126 2279 2303 2333 locum
2316 2293 2427 2332 non
2448 2279 2665 2333 habere.
2684 2276 2794 2332 Nec
2814 2277 2998 2331 minus
3014 2285 3267 2331 constare
3282 2275 3461 2339 debet,
3481 2276 3701 2347 dignam

2124 2388 2245 2428 esse
2282 2388 2479 2441 magna
2496 2371 2864 2434 veneratione,
2886 2386 3009 2440 quae
3033 2378 3241 2424 tantum
3261 2368 3399 2423 ferat
3426 2370 3605 2424 aetatis
3624 2380 3704 2423 at-

2125 2480 2229 2535 que
2248 2463 2690 2518 existimationis.
2713 2462 2768 2516 Si
2790 2469 2971 2515 autem
2990 2460 3399 2515 consideremus
3416 2461 3598 2528 prima
3614 2474 3706 2514 sa:-

2125 2555 2270 2619 cula,
2315 2554 2533 2623 quando
2578 2568 2786 2608 canone.
2830 2554 3051 2608 diverso
3093 2552 3385 2608 utebantur
3407 2551 3699 2619 Ecclesiae;

2127 2648 2277 2701 varia
2301 2647 2353 2701 in
2389 2646 2567 2701 studia
2606 2646 2763 2701 scissi
2789 2644 3348 2701 fueruntChristiani.
3374 2644 3433 2700 ld
3458 2656 3521 2700 ut
3548 2647 3704 2701 intel-

2127 2736 2345 2807 ligatur,
2377 2738 2670 2792 observare
2707 2746 2942 2806 oportet,
2992 2736 3425 2807 Seripturarum,
3458 2754 3587 2809 qua:
3616 2746 3705 2792 aut

2126 2843 2297 2882 sacra:
2320 2836 2467 2894 sunt,
2499 2837 2592 2881 aut
2631 2828 2767 2882 tales
2798 2837 2926 2882 sunt
2954 2827 3153 2881 habitae
3186 2842 3217 2880 a
3257 2828 3565 2893 nonnullis,
3598 2844 3703 2881 non

2127 2934 2289 2972 unam
2318 2920 2459 2989 apud
2489 2930 2709 2973 sanctos
2740 2918 2929 2973 Patres
2974 2919 3199 2989 reperiri
3229 2919 3582 2975 divisionem.
3616 2920 3705 2973 ln-

2125 3011 2338 3065 terdum
2367 3011 2563 3080 duplex
2598 3011 2941 3065 solummodo
2978 3011 3035 3065 fit
3068 3010 3377 3081 Scriptura;
3414 3015 3704 3077 canenica,

2125 3101 2284 3170 cujus
2314 3100 2545 3155 dictator
2564 3098 2799 3170 Spiritus
2818 3111 3060 3166 sanctus,
3079 3112 3133 3156 et
3160 3104 3497 3172 apocrypha,
3540 3106 3705 3174 cujus

2125 3202 2316 3247 auctor
2335 3194 2500 3247 homo
2516 3193 2686 3248 solus.
2706 3191 2781 3247 lta
2807 3192 3171 3264 Hieronymus
3194 3197 3245 3248 in
3272 3195 3504 3266 Prologo
3527 3197 3708 3267 galea-

2126 3294 2198 3351 to,
2235 3284 2596 3356 Augustinus,
2643 3286 2680 3338 l.
2715 3302 2751 3339 ιι
2785 3287 2860 3340 De
2886 3287 3130 3340 doctrina
3160 3286 3631 3359 Christiana,cap.
3653 3290 3707 3355 8,

2125 3387 2179 3433 et
2213 3377 2473 3445 Isidorus,
2514 3378 2793 3450 Originum
2826 3379 2922 3434 lib.
2955 3395 3030 3445 VI,
3062 3395 3182 3449 cap.
3206 3379 3259 3433 2.
3291 3378 3383 3436 Sic
3404 3382 3575 3436 etiam
3600 3384 3709 3437 duo

2125 3482 2321 3539 genera
2340 3468 2744 3539 Scripturarum
2765 3480 3041 3539 ponuntur
3058 3471 3111 3525 in
3129 3469 3389 3539 Eusebio,
3408 3472 3559 3528 Hist.
3578 3476 3707 3529 eccl.

2126 3563 2219 3615 lib.
2260 3578 2342 3628 Ill,
2369 3576 2488 3630 cap.
2516 3561 2570 3627 5,
2608 3560 3108 3631 ὁμολογουμένων
3134 3562 3233 3617 καὶ
3259 3564 3709 3633 ἀναντιρῤήτων

2123 3660 2178 3706 et
2206 3650 2323 3704 τῶν
2346 3652 2432 3721 μὴ
2461 3652 2765 3717 τοιούτων,
2800 3652 2855 3705 in
2886 3651 3172 3709 Athanasii
3198 3670 3293 3709 seu
3322 3655 3554 3712 alterius
3569 3656 3710 3728 Syn-

2126 3744 2261 3811 opsi,
2292 3742 2761 3813 κανονιζομένων
2797 3753 2851 3800 et
2874 3745 2961 3814 μὴ
2991 3746 3475 3815 κανονιζομένων,
3510 3750 3564 3802 in
3602 3750 3712 3820 (2y-

2129 3836 2234 3889 rilli
2278 3834 2751 3907 llierosolymitani
2796 3845 2989 3907 quarta
3034 3838 3325 3903 catechesi,
3357 3838 3470 3907 τῆς
3498 3839 3709 3907 διαθή-

2127 3945 2238 3995 κης
2271 3928 2367 3981 καὶ
2403 3928 2562 3996 παρὰ
2608 3929 2797 3983 πᾶσιν
2836 3931 3327 4000 ὁμολογουμένων
3359 3942 3412 3987 et
3439 3934 3712 4003 ἀποκρύ-

2124 4036 2255 4087 sator
2282 4019 2380 4073 καὶ
2409 4020 2963 4090 ἀμφιϐαλλομένων,
2998 4024 3053 4077 in
3091 4023 3337 4093 Gregorii
3372 4022 3709 4082 Nazianzeni

2127 4112 2371 4167 carmine
2405 4112 2493 4177 33,
2528 4112 2702 4165 θείων
2728 4128 2823 4168 seu
2859 4114 3127 4182 γνησίων
3153 4123 3205 4169 et
3240 4119 3713 4185 παρεγγῬάεττων

2128 4218 2222 4258 seu
2266 4203 2352 4272 μὴ
2385 4204 2680 4272 ymo-(war;
2718 4204 2864 4274 apud
2897 4202 3284 4276 Hieronymum
3316 4209 3554 4277 epistola
3578 4212 3709 4275 129,

2126 4302 2181 4348 et
2210 4293 2261 4346 in
2293 4302 2457 4362 caput
2499 4310 2537 4347 ll
2587 4292 2843 4363 Epistolas
2877 4296 2946 4350 ad
2976 4295 3179 4361 Titum,
3212 4307 3264 4353 et
3289 4298 3711 4358 Commentario

2128 4382 2183 4437 in
2205 4381 2471 4449 Psalmos,
2500 4383 2548 4437 si
2578 4391 2759 4438 tamen
2802 4384 2965 4454 hujus
2997 4384 3121 4439 libri
3158 4394 3348 4441 auctor
3375 4390 3713 4446 existiman-

458 4480 592 4545 lico,
645 4477 738 4547 qui
787 4485 883 4530 aut
928 4474 1189 4547 Barnabge
1240 4487 1440 4527 nomen
1485 4469 1875 4540 assumpserit,
1933 4476 2025 4523 aut

2130 4475 2232 4530 dus
2260 4483 2362 4539 est,
2393 4476 2458 4529 ad
2487 4474 2753 4544 psalmum
2777 4491 2960 4543 cxux,
2989 4476 3469 4533 ecclesiasticarum
3498 4490 3556 4536 et
3580 4500 3715 4553 apo—

458 4570 723 4626 Barnabaa
768 4568 932 4622 fuerit
974 4565 1343 4637 cognominis,
1380 4572 1542 4633 prout
1587 4577 1617 4617 a
1655 4562 1847 4632 primis
1873 4561 2029 4616 Chri-

461 4661 657 4717 stianis
695 4660 914 4713 nomina
962 4657 1336 4727 apostolorum
1369 4654 1623 4709 all‘ectata
1670 4652 1839 4709 fuisse
1872 4654 2032 4708 docet

459 4769 563 4809 nos
615 4752 910 4823 Dionysius
965 4749 1368 4804 Alexandrinus
1421 4747 1561 4816 apud
1599 4745 1894 4801 Eusebium
1930 4746 2025 4799 lib.

459 4862 557 4911 vn,
586 4859 706 4914 cap.
740 4844 830 4898 25.
860 4842 939 4897 Eo
966 4842 1141 4913 magis
1174 4842 1398 4904 inclino,
1422 4849 1481 4895 ut
1502 4853 1755 4894 censeam
1781 4854 1887 4893 non
1910 4853 2031 4893 esse

459 4938 716 5008 apostoli.
746 4936 899 5002 Quod
932 4935 978 4990 si
1008 4935 1132 5005 quis
1178 4934 1408 4988 certiora
1455 4930 1736 5001 proferat,
1783 4930 2031 5001 gratissi—

460 5047 607 5087 mam
636 5030 726 5084 ille
751 5045 862 5083 rem
893 5028 1072 5082 faciet.
1101 5026 1215 5094 Ego
1240 5026 1383 5096 quod
1412 5024 1617 5089 nescio,
1646 5024 1788 5079 scire
1813 5037 1897 5076 me
1924 5039 2029 5077 non

459 5138 686 5196 possum
713 5119 974 5191 profiteri.

534 5212 779 5284 Epistola
809 5209 1093 5273 Barnabaa,
1125 5209 1335 5278 quando
1359 5205 1580 5274 scripta.
1608 5204 1766 5259 Dices
1793 5224 1805 5259 :
1838 5202 1895 5259 Si
1922 5220 2030 5259 non

426 5369 432 5378 ,
460 5318 545 5364 est
574 5306 827 5377 apostoli,
858 5304 1077 5374 quando
1109 5301 1311 5370 scripta
1358 5299 1501 5354 fuit?
1538 5310 1755 5367 quantae
1786 5298 2030 5352 habenda

424 5390 431 5437 λ
458 5410 516 5459 et
540 5400 727 5455 habita
754 5396 1133 5453 auctoritatis?
1177 5394 1253 5452 De
1282 5393 1479 5463 primo,
1508 5401 1655 5462 patet
1684 5407 1751 5446 ex
1779 5390 2031 5460 Epistulae

421 5488 435 5527 ‘
463 5507 587 5561 cap.
618 5490 687 5544 16
711 5490 892 5543 datam
925 5485 1097 5540 fuisse
1121 5490 1246 5555 post
1281 5482 1550 5537 excidium
1586 5480 2032 5551 Hierosolymita-

462 5599 616 5639 num.
647 5581 843 5651 Liquet
872 5579 1038 5633 etiam
1065 5592 1137 5633 ex
1162 5577 1437 5631 Clemente
1474 5573 1843 5628 Alexandrino
1864 5614 1879 5638 ,
1911 5572 2032 5626 lau-

463 5678 653 5731 datore
692 5673 949 5743 Epistolaa
974 5713 990 5739 ,
1040 5681 1166 5725 ante
1211 5670 1371 5723 tinem
1425 5665 1651 5722 secundi
1691 5665 1877 5721 saeculi
1905 5679 2032 5734 pro-

464 5769 647 5825 diisse.
683 5765 835 5822 Sicut
858 5776 1035 5820 autem
1063 5778 1158 5834 per
1184 5762 1419 5833 primum
1446 5776 1554 5817 non
1594 5760 1731 5817 bene
1769 5759 1894 5831 quis
1921 5760 2031 5816 ori-

2131 4566 2485 4634 crypharum;
2548 4565 2691 4634 apud
2746 4563 3122 4621 Innocentium
3172 4583 3391 4638 papam,
3434 4573 3604 4641 epist.
3656 4576 3711 4639 3,

2129 4673 2250 4727 cap.
2294 4657 2347 4724 7,
2391 4666 2717 4727 receptarum
2762 4658 2818 4710 in
2859 4675 3058 4713 canone
3109 4675 3173 4715 ac
3224 4661 3711 4730 repudiandarum.

2128 4749 2435 4819 Aliquando
2470 4749 2661 4818 triplex
2688 4747 2967 4818 Scriptura
2997 4751 3353 4820 perhibetur;
3406 4757 3710 4822 canonica,

2128 4842 2352 4896 omnino
2382 4842 2723 4911 recipienda:
2759 4843 3089 4913 apocrypha,
3122 4844 3343 4912 penitus
3371 4847 3709 4917 rejicienda;

2128 4942 2183 4989 et
2210 4934 2395 4999 dubia,
2423 4935 2563 4989 inter
2592 4943 2880 5004 utramque
2908 4934 3120 5004 posita;
3152 4936 3221 4991 ab
3243 4938 3527 5008 aliquibus
3556 4943 3715 4997 vide-

2130 5026 2257 5081 licet
2302 5026 2562 5091 admissa,
2608 5026 2891 5096 repudiata
2937 5028 3005 5083 ab
3037 5028 3187 5096 aliis;
3231 5030 3395 5085 mista
3432 5042 3491 5088 et
3531 5037 3715 5091 media

2132 5119 2274 5173 inter
2304 5119 2593 5188 genuinam
2617 5133 2682 5173 ac
2706 5120 2962 5185 notham;
2995 5137 3137 5177 vera:
3166 5124 3438 5193 proxima,
3464 5130 3563 5183 cui
3588 5146 3717 5185 con-

2130 5210 2416 5264 tradicitur
2450 5209 2691 5279 quidem,
2719 5211 2895 5265 honor
2925 5221 3106 5269 tamen
3138 5215 3370 5269 habetur
3401 5226 3465 5272 ut
3496 5220 3716 5291 legatur

2130 5302 2572 5369 catechumenis;
2606 5318 2772 5373 quam
2819 5303 3042 5360 demum
3088 5306 3216 5361 licet
3258 5324 3370 5362 non
3421 5313 3622 5367 eodem
3660 5316 3713 5366 in

2129 5394 2303 5464 pretio
2332 5394 2568 5449 habeant
2588 5395 2851 5452 Catholici
2879 5412 2944 5453 ac
2968 5398 3312 5467 canonicam,
3349 5412 3411 5456 ut
3441 5418 3515 5457 ex
3544 5421 3608 5459 ea
3649 5408 3713 5460 ﬁ-

2129 5485 2217 5540 dei
2250 5485 2504 5556 dogmata
2536 5486 2883 5553 eonﬁrment,
2918 5504 3028 5544 non
3073 5489 3196 5546 ideo
3238 5494 3712 5561 quemadmodum

2130 5578 2499 5649 apocrypham
2533 5578 2947 5647 abominantur,
2978 5591 3143 5651 atque
3193 5598 3225 5638 e
3270 5585 3494 5654 templis
3529 5587 3713 5642 elimi-

2130 5678 2283 5735 nant,
2312 5669 2560 5739 quinimo
2591 5685 2718 5725 cum
2748 5674 3054 5728 reverentia
3090 5674 3388 5744 excipiunt,
3419 5692 3488 5732 ac
3541 5679 3596 5733 in
3624 5694 3714 5732 ec—

2132 5760 2311 5818 clesiis
2342 5759 2409 5815 ad
2437 5760 2611 5831 plebis
2637 5761 3051 5823 aediﬁcationem
3083 5766 3347 5824 lectitant.
3374 5770 3487 5825 Ista
3516 5771 3713 5827 edoce-
