3818 6216
128 253 223 308 65⁸7

1457 248 1993 316 PROLEGOMENA.

3246 252 3361 307 653

129 377 248 417 mur
274 362 343 417 ab
371 362 601 435 Origene
648 366 712 420 ad
757 364 983 429 Joannis
1019 390 1092 437 iv,
1124 374 1226 440 22;
1252 373 1502 439 Eusebio,
1538 373 1679 426 Hist.
1716 379 1755 431 A
1786 374 1853 425 ab
1884 371 2217 442 Hieronymo
2248 370 2574 440 apocrypha,
2618 384 2713 424 seu
2767 377 2917 424 extra
2960 380 3248 434 canonum,
3280 368 3347 422 ad

128 455 217 508 lib.
254 470 337 518 tu,
370 471 489 525 cap.
527 457 580 521 5,
618 457 709 524 25,
740 461 829 527 51,
865 473 919 518 et
947 467 1075 521 alibi
1101 484 1116 533 ;
1144 467 1441 521 Athanasio
1469 466 1523 519 in
1554 465 1683 534 Ερὶη

129 546 260 600 εςοιε
287 544 511 612 Festali,
542 558 594 601 et
618 548 673 603 in
716 552 940 624 Synopsi
964 556 1153 613 divinw
1190 557 1507 627 Scriptum;
1554 558 1683 610 Am-

128 637 400 705 philochio
431 638 484 691 in
515 637 752 695 lambico
782 644 1023 699 carmine
1048 647 1114 700 ad
1157 648 1462 713 Seleucum,
1496 646 1684 701 Hiero-

129 742 286 799 nymo
329 729 384 782 in
437 729 853 799 prazfationibus
879 735 946 790 ad
970 734 1181 805 Judith,
1211 748 1265 793 et
1294 740 1361 793 ad
1394 739 1495 793 tria
1530 736 1684 792 Salo-

128 819 298 875 monis
328 821 644 889 volumina;
675 823 870 880 Rul‘mo
898 827 953 880 in
988 824 1224 895 Symboli
1263 833 1611 899 expositione,
1632 839 1687 884 et

125 911 420 982 Nicephoro
445 912 1047 987 Constantinopolitano
1091 920 1143 972 in
1176 919 1389 977 Canone
1438 917 1681 985 Scriptu-

127 1020 317 1061 rarum.
367 1003 539 1059 Porro
583 1009 869 1079 utriusque
927 1010 1091 1080 hujus
1125 1010 1408 1065 divisionis
1442 1012 1682 1067 membra

126 1097 555 1154 subdividuntur.
627 1098 683 1153 In
740 1101 961 1170 prima,
1018 1103 1298 1156 canonica:
1349 1100 1682 1170 Scriptum,

122 1189 266 1255 juxta
316 1192 648 1246 sententiam
695 1193 869 1247 sancti
908 1192 1231 1264 Augustini,
1269 1192 1390 1247 loco
1422 1195 1585 1246 citato
1616 1210 1681 1247 ex

123 1279 369 1335 Doctrina
415 1280 744 1346 Christiana,
794 1284 877 1339 vel
927 1285 997 1338 ab
1038 1285 1293 1339 omnibus
1344 1284 1681 1354 accipiuntur

124 1370 370 1430 Ecclesiis
396 1376 705 1441 catholicis,
740 1377 823 1431 vel
870 1391 902 1430 a
940 1377 1187 1446 pluribus
1222 1387 1275 1432 et
1320 1378 1678 1447 gravioribus,

120 1465 194 1517 vel
222 1480 252 1518 a
278 1465 634 1533 paucioribus
665 1466 1003 1535 minorisque
1035 1466 1399 1531 auctoritatis,
1430 1465 1513 1520 vel
1542 1464 1681 1520 forte

120 1570 146 1608 a
179 1555 422 1625 pluribus
469 1566 526 1610 at
569 1572 676 1610 non
711 1558 1076 1629 gravioribus,
1115 1565 1208 1611 aut
1238 1557 1471 1626 denique
1494 1556 1679 1610 forsan

120 1658 145 1694 a
176 1642 517 1709 gravioribus
565 1647 658 1700 sed
706 1660 813 1700 non
853 1646 1131 1716 pluribus;
1166 1647 1356 1715 sicque
1386 1647 1678 1700 automni-

120 1733 299 1797 inodze,
336 1742 433 1787 aut
486 1735 738 1804 majoris,
776 1746 871 1791 aut
923 1737 1149 1806 aequalis
1179 1721 1521 1794 auctoritatis
1549 1754 1677 1793 cen-

119 1824 214 1878 seri
251 1825 472 1881 debent.
508 1826 683 1892 Quam
730 1829 1154 1897 inaequalitatem
1200 1829 1542 1884 auctoritatis
1585 1827 1679 1883 Ju—

117 1917 232 1971 dzeis
257 1933 361 1971 non
396 1918 571 1975 fuisse
588 1921 887 1974 inauditam
917 1921 1114 1992 colligo
1137 1937 1203 1975 ex
1222 1919 1469 1989 Philone,
1490 1924 1583 1978 lib.
1606 1923 1680 1977 De

117 2012 210 2064 rita
230 2012 670 2081 contemplativa;
694 2011 949 2081 Josepho,
968 2013 1108 2068 libro
1131 2030 1147 2068 ι
1172 2024 1355 2069 contra
1370 2014 1676 2085 Appionem,

118 2109 263 2170 atque
278 2100 633 2175 Hieronymo,
654 2104 709 2157 in
732 2104 1143 2174 praefationibus
1173 2107 1237 2160 ad
1264 2105 1457 2177 Reges,
1480 2108 1547 2162 ad
1571 2107 1677 2161 To-

118 2194 266 2261 biam,
292 2195 356 2249 ad
392 2193 696 2261 Juditham,
728 2197 795 2252 ad
824 2195 999 2268 Opera
1032 2196 1344 2255 Salomonis
1391 2208 1445 2255 et
1470 2200 1537 2254 ad
1570 2200 1676 2254 Da-

118 2284 314 2340 nielem.
360 2285 444 2341 Ab
476 2287 669 2341 eodem
719 2289 1051 2359 Augustino,
1073 2291 1166 2355 Lib.
1199 2306 1331 2344 xvm
1364 2290 1437 2344 De
1466 2293 1677 2346 civitate

122 2375 221 2443 Dei,
251 2391 368 2446 cap.
400 2376 494 2443 '56,
530 2378 731 2449 duplex
775 2394 951 2433 canon
1009 2378 1415 2450 Scripturarum
1462 2379 1675 2437 Veteris

119 2466 430 2523 Testamenti
484 2471 650 2525 statui
702 2472 944 2537 videtur;
988 2488 1175 2526 earum
1204 2486 1342 2541 quas
1369 2470 1540 2526 Judaei
1576 2489 1675 2542 pro

119 2563 376 2619 canonicis
404 2565 629 2629 habent,
661 2574 714 2618 et
747 2580 936 2619 earum
965 2581 1103 2635 quas
1143 2565 1386 2622 Ecclesia
1421 2585 1433 2620 :
1460 2582 1577 2635 qua
1607 2568 1675 2623 de

119 2670 168 2708 re
208 2657 552 2711 consulendae
598 2655 793 2711 lsidori
828 2656 1093 2727 Origines,
1137 2659 1232 2712 lib.
1267 2675 1353 2724 vt,
1383 2675 1502 2729 cap.
1538 2661 1588 2714 1.
1616 2658 1673 2713 In

118 2746 286 2802 eadem
311 2748 487 2818 prima
520 2748 790 2803 divisione
819 2749 944 2804 libri
967 2749 1264 2820 apocryphi
1296 2750 1497 2819 gradus
1520 2752 1676 2805 simi-

120 2836 226 2893 liter
263 2841 531 2904 obtinent,
576 2852 738 2910 prout
766 2842 833 2896 ad
864 2841 1148 2897 veritatem
1179 2857 1243 2894 ac
1267 2843 1542 2911 pietatem,
1572 2842 1674 2895 fal-

121 2938 312 2992 sitatem
341 2948 394 2994 et
418 2939 756 3010 impietatem
786 2937 961 3007 magis
994 2946 1088 2992 aut
1119 2938 1302 2991 minus
1336 2945 1584 3008 vergunt.
1614 2936 1670 2990 ln

120 3031 335 3086 secunda
376 3033 585 3102 pariter
630 3032 918 3096 divisione,
964 3030 1144 3085 dubia:
1176 3029 1491 3100 Scripturaa,
1524 3031 1666 3099 apud
1699 3057 1742 3115 ρ

120 3118 390 3177 Eusebium
421 3124 518 3179 lib.
554 3140 614 3189 ll,
645 3139 765 3193 cap.
798 3122 903 3191 25;
938 3122 1031 3177 lib.
1070 3138 1153 3188 Ill,
1183 3137 1304 3191 cap.
1331 3123 1363 3175 5
1394 3131 1446 3175 et
1467 3122 1560 3186 ‘25,
1587 3122 1670 3176 di-

120 3215 408 3271 versitatem
440 3217 718 3286 accipiunt
760 3231 827 3271 ex
857 3215 1208 3286 proximitate
1259 3214 1327 3268 ad
1377 3213 1671 3269 canonicas

121 3306 192 3360 vel
217 3308 278 3362 ad
302 3309 643 3382 apocryphas
667 3327 681 3375 ;
707 3324 831 3364 cum
855 3324 883 3361 a
908 3307 1159 3377 pluribus
1179 3304 1439 3398 Ecclesiis
1457 3305 1670 3374 publice

121 3396 426 3468 lectitantur,
458 3417 586 3457 eum
617 3400 686 3455 ab
710 3399 949 3468 antiquis
976 3397 1294 3452 doctoribus
1320 3396 1669 3466 reperiuntur

122 3487 359 3561 allegataa,
399 3508 641 3563 cumque
693 3491 893 3561 spurite
939 3490 1194 3543 videntur
1240 3504 1303 3543 ac
1357 3489 1423 3544 de
1470 3488 1669 3557 quibus

124 3593 267 3648 quam
289 3583 524 3638 maxime
554 3584 854 3638 dubitatur.

181 3668 267 3728 llis
307 3674 377 3728 ita
418 3674 637 3745 positis,
665 3677 945 3731 evanescit
979 3676 1160 3731 omnis
1195 3673 1503 3729 dillicultas.
1540 3671 1659 3741 Epi-

124 3762 242 3817 stola
270 3763 529 3821 Barnabas
560 3766 629 3821 ab
658 3765 889 3837 Origene
929 3777 987 3836 et
1025 3766 1352 3836 quibusdam
1407 3762 1666 3818 Ecclesiis

123 3856 359 3913 canonica
376 3867 625 3928 reputata
661 3857 794 3925 fuit;
826 3875 857 3913 a
883 3858 1162 3915 Clemente
1187 3858 1556 3913 Alexandrino
1581 3859 1665 3911 in-

124 3948 310 4003 terdum
360 3953 645 4019 canonica,
685 3952 955 4007 interdum
1007 3952 1194 4017 dubia,
1228 3951 1501 4006 interdum
1553 3965 1663 4003 non

123 4040 377 4106 canonica,
406 4058 502 4097 seu
540 4041 845 4111 apocrypha
880 4040 932 4093 in
964 4042 1109 4095 bono
1128 4056 1291 4095 sensu
1318 4040 1506 4109 primae
1526 4037 1666 4092 divi-

122 4125 306 4183 sionis:
340 4132 406 4185 ab
435 4131 672 4187 Eusebio
697 4131 884 4197 dubia,
914 4130 1122 4200 spuria,
1155 4131 1321 4185 citata
1348 4130 1565 4199 quidem
1598 4128 1665 4180 ab

123 4220 358 4290 antiquis,
383 4234 437 4277 at
468 4225 708 4279 melioris
732 4232 873 4278 nota:
903 4224 1229 4294 apocryphis
1263 4222 1619 4292 pr0pinquior
1646 4238 1659 4271 :

1788 464 2041 519 Ecclesia:
2089 463 2498 518 aedificationem
2549 466 2824 534 pertinens
2882 483 2895 517 :
2954 479 2985 517 a
3041 461 3348 531 Nicephoro

1786 556 2386 625 ConstantinOpolitano
2426 570 2534 609 non
2565 556 2843 616 canonica,
2875 569 2982 609 non
3014 552 3346 624 apocrypha,

1787 645 1882 700 sed
1912 646 2001 701 cui
2023 645 2415 700 contradicitur
2440 664 2452 698 :
2480 660 2511 699 a
2542 645 2692 700 nullo
2721 644 3029 715 apocrypha
3060 640 3348 697 deterioris

1788 746 1949 804 notae,
1982 752 2124 792 noxa
2162 738 2388 804 scilicet,
2427 738 2699 804 haeretica,
2724 737 2918 807 impia;
2951 736 3108 806 cujus
3135 734 3349 804 generis

1786 828 2000 883 videtur
2027 827 2198 884 fuisse
2228 828 2579 900 Evangelium
2611 829 2933 897 inscriptum
2962 827 3185 881 nomine
3217 824 3348 879 Bar—

1787 921 1968 989 nabas;
2002 921 2145 991 quod
2174 921 2229 974 in
2257 921 2490 976 concilio
2512 920 2759 975 Romano
2786 934 2947 989 opera
2972 917 3173 973 Gelasii
3193 917 3349 971 dam-

1786 1021 1974 1066 natum
2003 1020 2103 1066 est.
2138 1010 2271 1066 Vide
2302 1026 2465 1081 supra
2498 1011 2654 1065 initio
2696 1020 2948 1065 notarum
2982 1010 3034 1062 in
3074 1007 3338 1064 Constitu-

1792 1103 1955 1157 tiones
1990 1101 2319 1171 iapostolicas
2366 1101 2465 1171 (1),
2494 1100 2798 1159 Indiculum
2856 1097 3285 1168 Scripturarum,
3317 1110 3349 1149 e

1786 1189 2114 1245 bibliotheca
2148 1190 2314 1260 Regia
2347 1192 2747 1262 depromptum.

1859 1282 2065 1337 Titulus
2093 1282 2367 1352 Epistolw.
2396 1283 2582 1339 Restat
2608 1284 2753 1338 aliud
2786 1283 2942 1347 nihil,
2966 1284 3072 1339 nisi
3102 1284 3168 1338 de
3192 1284 3349 1338 titulo

1784 1373 2038 1443 Epistola:
2069 1374 2368 1445 inquirere,
2399 1375 2464 1429 ad
2496 1390 2635 1445 quos
2672 1375 2872 1444 scripta
2903 1374 3086 1429 fuerit.
3110 1373 3218 1430 Res
3238 1390 3346 1429 non

1784 1465 1964 1534 magni
1992 1474 2075 1520 est
2095 1468 2376 1521 momenti.
2395 1465 2467 1521 Ut
2491 1467 2635 1520 enim
2664 1467 2923 1536 praeclare
2941 1464 3342 1520 Tertullianus:

1786 1554 1943 1609 Nihil
1969 1557 2032 1611 de
2072 1557 2242 1610 titulis
2287 1558 2521 1619 interest,
2548 1575 2665 1611 cum
2716 1558 2784 1610 ad
2822 1572 2996 1611 omnes
3044 1557 3349 1626 scripserint

1782 1647 2027 1717 apostoli,
2079 1661 2186 1701 tum
2244 1650 2313 1702 ad
2350 1650 2624 1718 quosdam.
2675 1650 2752 1703 Ac
2799 1648 2937 1704 forte
2982 1649 3348 1720 ἀνεπίγραφος

1784 1753 1996 1807 semper
2021 1740 2263 1802 exstitit;
2304 1740 2518 1807 qualem
2546 1741 2825 1795 cernimus
2860 1739 3089 1795 Joannis
3119 1740 3345 1810 apostoli

1781 1829 2033 1898 primam.
2069 1828 2224 1895 Quod
2257 1831 2302 1884 si
2332 1831 2489 1883 aliter
2510 1847 2566 1885 se
2593 1848 2680 1886 res
2715 1833 2931 1896 habeat,
2962 1831 3249 1902 conjiciam
3279 1846 3347 1886 ex

1782 1929 1893 1974 tota
1923 1920 2187 1975 orationis
2232 1922 2393 1987 serie,
2439 1924 2505 1978 ad
2553 1923 2895 1979 Christianos
2924 1922 3182 1982 Hebraeos
3211 1923 3346 1977 mis-

1780 2029 1921 2081 sam,
1952 2022 2171 2068 tenaces
2208 2013 2437 2068 nimium
2471 2018 2763 2085 antiquata:
2803 2016 2958 2087 legis,
2987 2016 3054 2070 ad
3092 2014 3348 2071 Hebraeos

1780 2101 2099 2173 inscriptam
2130 2102 2319 2159 fuisse.
2351 2102 2595 2175 Hincque
2622 2106 2798 2175 potuit
2849 2106 2967 2160 ﬁeri
3013 2115 3093 2170 ut,
3126 2114 3348 2175 accepto

1778 2212 1999 2251 rumore
2044 2198 2111 2253 de
2154 2197 2396 2268 Epistola
2432 2198 2666 2267 quadam
2710 2197 2970 2252 Barnaba:
2995 2197 3063 2251 ad
3091 2196 3346 2252 Hebraeos

1778 2303 1808 2341 a
1836 2302 1894 2342 se
1919 2303 2029 2341 non
2054 2289 2194 2354 visa,
2229 2289 2601 2343 Tertullianus
2624 2304 2745 2359 cap.
2778 2288 2869 2355 20,
2906 2289 3003 2343 lib.
3034 2288 3112 2342 De
3136 2290 3346 2358 pudici-

1778 2380 1874 2443 tia,
1907 2378 2203 2448 Epistolam
2223 2380 2379 2435 Pauli
2406 2383 2724 2436 canonicam
2760 2382 2826 2435 ad
2854 2379 3129 2447 Hebraeos,
3157 2382 3222 2435 de
3242 2397 3344 2436 cu-

1771 2473 1862 2541 jus
1888 2482 2110 2527 auctore
2135 2489 2199 2528 ac
2230 2477 2555 2530 auctoritate
2584 2475 2981 2545 ambigebatur,
3012 2475 3282 2544 putaverit
3311 2490 3344 2530 a

1775 2563 2022 2618 Barnaba
2056 2564 2223 2620 fuisse
2248 2566 2596 2621 destinatam.
2618 2567 2795 2637 Atque
2823 2567 3089 2621 hactenus
3117 2568 3183 2622 de
3212 2565 3343 2637 Epi-

1779 2658 1943 2711 stola.

1846 2750 2078 2818 Antiqua
2125 2752 2313 2804 versio.
2342 2750 2508 2805 Vetus
2534 2762 2712 2805 autem
2749 2749 3123 2819 interpretatio
3150 2747 3347 2804 barba-

1774 2840 1906 2893 riem
1941 2841 2163 2910 ubique,
2192 2842 2394 2910 ubique
2437 2842 2827 2911 negligentiam.
2870 2841 3130 2905 ostendit,
3156 2849 3344 2910 estque

1776 2932 2090 3002 imperfecta
2122 2943 2175 2987 et
2203 2934 2416 3000 mutila,
2442 2944 2557 2989 tum
2582 2936 2806 3005 passim,
2837 2942 2953 2989 tum
2980 2934 3251 3004 praecipue
3277 2935 3343 2988 ad

1774 3023 1955 3089 linem,
1983 3024 2073 3077 ubi
2112 3026 2425 3093 posteriora
2460 3026 2637 3095 capita
2668 3035 3004 3090 resecantur,
3055 3023 3194 3078 forte
3216 3024 3343 3093 quia

1780 3117 1962 3170 minus
1990 3121 2148 3171 docta
2186 3118 2509 3173 videbantur
2534 3120 2833 3188 interpreti,
2867 3128 3030 3188 atque
3062 3118 3131 3173 ad
3161 3132 3342 3171 mores

1779 3209 1952 3274 magis
1981 3210 2303 3277 pertinentia
2337 3229 2348 3262 :
2380 3212 2546 3280 igitur
2571 3211 2791 3265 omissis
2818 3212 2903 3274 iis,
2930 3212 3230 3279 paucisque
3253 3223 3345 3261 vo-

1776 3299 1932 3353 cibus
1966 3300 2208 3364 insertis,
2239 3301 2597 3369 colophonem
2646 3316 2739 3370 per
2785 3301 3129 3369 doxologiam
3168 3300 3343 3367 impo-

1776 3394 1875 3447 nit.
1911 3392 2081 3448 Suum
2118 3404 2301 3449 tamen
2345 3395 2423 3449 illi
2458 3396 2699 3450 versioni
2748 3395 2979 3464 pretium
3009 3411 3021 3447 :
3055 3392 3143 3447 cui
3188 3390 3345 3446 debe—

1776 3502 1900 3543 mus
1931 3489 2112 3557 priora
2145 3489 2344 3556 capita,
2369 3504 2492 3544 cum
2528 3503 2634 3543 non
2660 3488 2848 3557 paucis
2871 3487 3341 3543 emendationibus

1775 3577 1946 3633 Grteci
1969 3589 2277 3645 contextus,
2310 3589 2367 3635 ut
2398 3580 2531 3633 nihil
2555 3580 2729 3634 dicam
2753 3580 2820 3635 de
2846 3581 3167 3650 antiquitate
3194 3581 3340 3636 illius

1775 3686 1837 3725 ac
1867 3671 2238 3741 simplicitate.

1843 3764 2234 3820 Stichometria.
2273 3765 2537 3821 Caeterum
2564 3766 2821 3821 ineditam
2877 3766 3337 3831 Stichometriam,

1772 3856 1930 3925 cujus
1976 3858 2222 3924 memini,
2249 3858 2454 3927 placuit
2486 3858 2575 3912 hic
2606 3874 2899 3928 apponere,
2927 3860 3140 3916 tametsi
3178 3860 3341 3914 muti-

1773 3947 1878 4000 lam
1925 3958 1977 4002 et
2025 3958 2376 4019 corruptam;
2414 3950 2540 4020 quia
2573 3965 2682 4004 non
2728 3950 3054 4005 mediocrem
3101 3950 3339 4005 fructum

1772 4039 1958 4094 atl‘eret
2004 4042 2326 4112 legentibus,
2350 4052 2514 4113 atque
2544 4040 2949 4097 conferentibus
2977 4057 3099 4097 cum
3130 4042 3221 4096 illa
3245 4040 3340 4095 Ni-

1771 4132 1991 4200 cephori
2020 4133 2633 4204 Constantinopolitani,
2678 4148 2802 4188 cum
2855 4148 2987 4190 mss.
3039 4133 3335 4190 Bibliorum

1772 4224 2074 4290 codicibus,
2105 4241 2339 4295 cumque
2372 4224 2649 4280 laterculis
2682 4224 3107 4293 Scripturarum.

1680 4359 1741 4368 --..

1694 4428 1735 4481 D
1770 4444 2081 4513 Regnorum
2115 4449 2334 4504 Tertius
2361 4451 2512 4505 liber.
2584 4494 2595 4504 .

399 4463 588 4519 Versus
617 4464 1343 4535 Scripturarumsacrarum
1695 4463 2512 4513 vnegnorum'tertmsnber.
2584 4494 2595 4504 .
2677 4493 2688 4505 .
2772 4494 2783 4504 .
2866 4495 2877 4507 .
2992 4471 3155 4509 nunc.

122 4568 371 4632 Genesis.
450 4621 461 4632 .
546 4623 555 4632 .
642 4624 652 4633 .
729 4624 741 4634 .
823 4624 833 4635 .
917 4623 927 4633 .
1006 4581 1209 4636 Versus
1319 4598 1526 4635 nuntio.
1908 4570 1975 4577 ω
2120 4542 2591 4606 Quanusnber"
2672 4586 2683 4595 “
2769 4584 2781 4595 ⁸
2862 4585 2875 4598 ⁸
2992 4562 3205 4600 “CCCC'

125 4662 375 4725 Exodusn
453 4714 464 4725 .
546 4715 557 4725 .
638 4716 647 4725 .
730 4715 741 4725 .
822 4715 832 4725 .
916 4715 926 4726 .
1010 4715 1022 4726 .
1101 4714 1113 4726 .
1192 4716 1203 4727 .
1317 4689 1549 4727 unnncc.

1903 4656 1919 4723 (
1948 4653 2222 4710 Excidisse
2264 4658 2505 4710 videntur
2534 4658 2657 4711 libri
2688 4658 3149 4729 Paralipomenon.
3177 4670 3192 4729 )

124 4752 456 4817 Leviticum..
541 4807 551 4817 .
635 4806 645 4817 .
729 4808 739 4817 .
822 4807 831 4817 .
915 4807 926 4817 .
1008 4807 1019 4818 .
1103 4807 1113 4817 .
1193 4807 1203 4817 .
1318 4782 1542 4820 nunccc.

1785 4766 2313 4822 ’salmiDavidici..
2394 4807 2407 4820 .
2488 4809 2499 4821 .
2582 4811 2593 4822 .
2676 4810 2687 4820 .
2769 4810 2783 4823 .
2863 4811 2875 4823 .
2989 4788 3199 4825 unum.

123 4844 357 4909 Numeri“
435 4899 446 4911 .
530 4897 543 4910 .
625 4900 635 4911 .
716 4898 729 4909 .
812 4902 823 4912 .
906 4899 917 4909 .
1000 4901 1011 4911 .
1095 4899 1105 4911 .
1188 4899 1200 4909 .
1313 4874 1547 4912 MMMDCL.

1785 4861 2073 4914 ’roverbia.
2121 4901 2133 4912 .
2210 4902 2220 4912 .
2303 4902 2313 4913 .
2396 4902 2407 4912 .
2491 4904 2504 4917 .
2584 4901 2596 4913 .
2678 4902 2689 4914 .
2769 4904 2783 4918 .
2863 4903 2875 4914 .
2989 4881 3109 4918 unc.

123 4936 567 5002 Deuteronomium
620 4990 632 5000 .
712 4990 723 5001 .
809 4990 819 5001 .
906 4990 917 5000 .
1002 4991 1011 5000 .
1091 4991 1101 5000 .
1188 4989 1197 4999 .
1313 4963 1543 5002 nunccc.
1766 4951 2141 5006 Ecclesiastes.
2217 4992 2229 5004 .
2313 4993 2321 5004 .
2408 4995 2418 5004 .
2496 4992 2509 5003 .
2589 4992 2600 5003 .
2680 4992 2692 5004 .
2769 4993 2781 5005 .
2862 4994 2873 5005 .
2986 4970 3068 5009 DC.

122 5032 446 5094 JesuNave..
531 5084 541 5093 .
631 5082 640 5095 .
721 5081 734 5094 .
813 5082 825 5093 .
908 5083 918 5093 .
1004 5082 1014 5091 .
1097 5081 1109 5092 .
1192 5081 1201 5091 .
1318 5058 1409 5094 nn.
1764 5040 1989 5097 Cantica
2019 5044 2410 5095 canticorum.
2493 5082 2503 5094 .
2589 5084 2599 5093 .
2678 5085 2687 5094 .
2770 5084 2783 5096 .
2862 5084 2872 5095 .
2986 5062 3096 5097 ccc.

124 5123 1410 5186 Judicum..........an.

1785 5134 2060 5203 Sapientia.
2119 5174 2131 5185 .
2213 5175 2224 5185 .
2305 5174 2316 5185 .
2396 5175 2407 5185 .
2487 5174 2498 5185 .
2580 5175 2591 5185 .
2675 5178 2685 5187 .
2765 5177 2868 5187 ..
2982 5154 3037 5190 κ.

126 5214 1429 5279 Ruth...........cct..

1785 5224 2043 5292 Sapientia
2072 5222 2217 5277 Jesu.
2293 5263 2305 5275 .
2386 5267 2395 5276 .
2480 5265 2489 5275 .
2574 5265 2584 5277 .
2669 5266 2678 5276 .
2764 5267 2775 5277 .
2860 5268 2871 5279 .
2987 5245 3113 5283 nun.

125 5307 421 5381 Regnorum.
449 5316 663 5371 Primus
692 5319 843 5371 liber.
912 5359 923 5370 .
1006 5356 1017 5367 .
1101 5359 1110 5369 .
1192 5358 1201 5367 .
1317 5332 1442 5368 uno.
1768 5316 2060 5371 Duodecim
2088 5314 2389 5384 Propheta).
2476 5356 2489 5369 .
2571 5356 2581 5366 .
2667 5357 2678 5368 .
2758 5358 2770 5370 .
2856 5359 2865 5369 .
2981 5326 3217 5377 nuucx‘.

241 5431 305 5441 -—
442 5406 726 5461 Secundus
758 5407 909 5460 liber.
1000 5447 1011 5458 .
1095 5447 1105 5458 .
1188 5446 1198 5457 .
1314 5421 1406 5457 nu.
1764 5406 1919 5462 Osee.
2022 5446 2036 5458 .
2115 5444 2129 5460 .
2206 5442 2222 5460 .
2298 5445 2311 5459 .
2390 5445 2405 5460 .
2487 5444 2501 5459 .
2580 5445 2595 5459 .
2674 5451 2687 5461 .
2767 5449 2781 5462 .
2859 5451 2873 5464 .
2983 5426 3149 5466 nxu.

184 5540 250 5609 (Ι)
284 5540 511 5613 Hujusce
540 5545 863 5615 Patrologia:
891 5555 930 5600 t.
956 5544 999 5613 l,
1023 5545 1128 5600 col.
1157 5543 1280 5598 467.

188 5653 215 5719 ⁸,
240 5650 493 5713 Numerus
516 5659 783 5730 generalis
809 5676 930 5717 cum
957 5659 1383 5731 particularibus
1403 5672 1511 5713 non
1533 5655 1849 5712 concordat.
