3818 6216
95 300 182 354 661

1437 297 1972 362 PROLEGOMENA.

3199 314 3299 370 662

158 419 302 473 Illius
327 432 467 488 saepe
509 420 759 477 meminit
791 424 1555 499 Alexandrinus,tmultosquc
1579 446 1646 484 ex
1675 445 1721 501 Α
1750 430 1958 485 Christo
1988 434 2084 495 est,
2128 432 2181 484 in
2217 448 2374 501 quam
2411 432 2550 486 beati
2585 447 2759 485 omnes
2788 432 2879 502 qui
2912 432 3197 485 intrarunt.
3223 430 3300 485 Ex

92 527 149 564 ea
188 508 387 579 profert
415 512 581 578 locos,
626 515 1084 581 quemadmodum
1115 526 1169 572 et
1195 518 1472 589 Origenes,
1504 536 1642 590 quos

93 616 270 653 omnes
306 600 361 653 in
385 603 588 656 nostris
611 604 1084 663 observationibus
1112 611 1418 665 notavimus
1453 631 1465 665 :
1495 629 1644 665 eam-

92 706 190 759 que
212 692 339 745 citat
360 702 584 748 sanctus
603 694 896 766 Gregorius
916 696 1290 755 Nazianzenus
1314 702 1366 755 in
1390 701 1639 757 Philoca-

94 784 178 836 lia.
206 781 433 838 Sanctus
463 783 825 857 Hieronymus
862 790 913 842 in
949 791 1086 844 libro
1114 792 1189 845 De
1218 795 1643 863 interpretatione

94 877 345 929 nominum
388 875 798 945 Hebraicorum,
836 890 959 950 post
1003 884 1414 953 explicationem
1451 902 1638 941 eorum

92 982 201 1036 qua:
229 966 639 1035 reperiunturin
665 969 1011 1041 Apocalypsi,
1032 972 1414 1042 interpretatur
1432 990 1494 1029 ea
1522 991 1642 1045 quae

91 1065 289 1112 exstant
338 1057 393 1111 in
442 1060 615 1112 sancti
666 1058 925 1116 Barnaba:
978 1062 1237 1133 Epistola,
1288 1066 1392 1121 hoc
1430 1067 1637 1121 modo:

97 1149 159 1201 De
184 1148 425 1217 Epistola
463 1150 745 1207 Barttabw.
770 1153 1058 1220 Abraham,
1087 1166 1237 1225 pater
1268 1158 1441 1212 videns
1473 1175 1639 1229 popu-

90 1240 206 1302 lum,
230 1249 335 1295 etc.

150 1329 210 1385 Hi
238 1340 364 1387 sunt
387 1343 598 1390 veteres
629 1344 880 1393 auctores
907 1339 997 1405 qui
1030 1338 1095 1394 de
1132 1340 1233 1394 hac
1254 1342 1477 1410 epistola
1506 1342 1639 1396 scri-

89 1431 295 1490 pserunt
337 1432 434 1478 aut
482 1427 865 1481 meminerunt.
915 1428 1045 1494 Quae
1087 1431 1302 1500 quidem
1347 1432 1468 1501 jure
1503 1433 1640 1487 inter

90 1514 365 1583 scripturas
406 1518 746 1588 apocryphas
787 1536 818 1573 a
863 1520 1041 1575 citatis
1071 1522 1388 1578 auctoribus
1435 1539 1640 1579 connu-

90 1614 328 1672 meratur,
353 1620 467 1662 tum
501 1610 653 1678 quia,
705 1626 773 1664 an
806 1609 1070 1665 Barnabas
1102 1613 1171 1667 sit
1216 1614 1479 1668 incertum
1524 1623 1635 1679 est,

90 1706 186 1751 tum
212 1700 335 1769 quia
360 1700 414 1754 in
446 1715 510 1755 ea
540 1703 787 1770 quaedam
811 1703 1153 1773 reperiuntur
1180 1720 1300 1773 qua:
1326 1705 1639 1762 difficultate

1744 538 1853 591 quo
1894 522 2012 575 loco
2067 523 2349 591 legendum
2395 533 2477 577 est
2520 523 2661 592 apud
2691 522 3022 576 Clementem
3064 521 3300 574 Alexan-

1744 611 1960 665 drinum
1991 614 2029 679 ἡ
2054 613 2122 665 ὲν
2156 612 2525 682 δικαιοσύνῃ,
2556 624 2608 668 et
2637 614 3015 683 exponendum
3036 654 3051 677 ,
3085 629 3147 664 ea
3185 628 3302 680 qua:

1743 704 1796 755 in
1836 702 2054 771 justitia
2100 713 2196 755 est.
2252 702 2307 757 Id
2352 704 2513 758 etiam
2564 713 2707 773 patet
2760 720 2825 758 ex
2865 703 2981 771 ipso
3027 700 3302 755 Clemente

1743 793 2130 857 Alexandrino,
2157 794 2249 847 lib.
2278 810 2293 847 1
2319 792 2671 859 Stromatum,
2712 795 2802 848 ubi
2834 795 2974 848 idem
3011 794 3182 858 locus,
3208 791 3301 845 sed

1742 885 1978 954 longior,
2016 886 2217 940 citatur
2243 901 2309 939 ex
2340 887 2526 941 eadem
2554 888 2783 956 epistola
2808 884 2980 940 sancti
3008 882 3303 938 Clementis

1742 975 1806 1028 ad
1838 974 2153 1032 Corinthios
2182 1021 2195 1045 ,
2248 978 2529 1032 nominato
2561 985 2771 1030 tantum
2800 983 2989 1030 sancto
3027 972 3304 1028 Clemente

1742 1067 1885 1120 circa
1916 1066 2076 1122 tinem
2106 1078 2394 1123 contextus
2422 1110 2435 1132 ,
2477 1069 2662 1137 paucis
2691 1067 2870 1121 verbis
2895 1065 3117 1120 mutatis
3142 1082 3157 1129 ;
3197 1064 3301 1118 hoc

1740 1158 1939 1212 modo:
1973 1177 1991 1209 ι
2024 1158 2152 1213 Htec
2207 1171 2280 1213 est
2313 1170 2464 1229 porta
2498 1159 2706 1212 Domini
2730 1199 2744 1222 ,
2762 1158 2899 1226 Justi
2946 1157 3217 1209 intrabunt
3244 1155 3298 1208 in

1739 1263 1886 1301 eam:
1911 1268 1928 1300 ι
1949 1247 2079 1304 Cum
2100 1268 2219 1320 ergo
2245 1251 2425 1305 multte
2453 1262 2648 1319 apertae
2678 1251 2783 1303 sint
2807 1250 3043 1318 portwin
3060 1248 3298 1317 justitia,

1739 1341 1846 1393 haec
1860 1340 1964 1410 fuit
1983 1342 2037 1393 in
2051 1342 2279 1407 Christo,
2296 1344 2348 1395 in
2367 1359 2523 1412 quam
2545 1342 2679 1395 beati
2702 1358 2874 1395 omnes
2899 1342 2987 1411 qui
3009 1342 3299 1403 intrarunt,

1736 1441 1787 1484 et
1815 1434 1913 1485 iter
1934 1448 2085 1485 suum
2120 1434 2421 1487 direxerant
2453 1436 2508 1486 in
2537 1434 2818 1487 sanctitate
2840 1433 3180 1501 cognoscendi
3203 1446 3267 1499 po
3290 1461 3301 1469 -

1740 1532 1922 1577 testate
1950 1525 2192 1593 prtedita.
2223 1525 2422 1578 Αὐτίκα
2449 1528 2476 1577 6
2509 1526 2736 1596 Κλήμης
2768 1526 2823 1576 ὲν
2852 1528 2917 1595 τῇ
2947 1524 3083 1592 πρὸς
3109 1526 3298 1592 Κοριν-

1738 1614 1883 1677 θίους
1926 1616 2177 1687 ἐπιστολῇ
2205 1617 2346 1669 κατὰ
2388 1616 2529 1681 λέξιν
2564 1619 2695 1687 φησὶ
2726 1617 2825 1680 τὰς
2863 1615 3117 1686 διαφορὰς
3154 1617 3299 1667 ἐκτι-

1738 1705 1961 1776 Οὲμενος
1986 1707 2093 1760 τῶν
2131 1708 2271 1760 κατὰ
2296 1709 2392 1779 τὴν
2449 1708 2766 1778 Ἐκκλησίαν
2803 1709 3056 1778 δοκίμων·
3097 1728 3113 1756 ‹
3148 1708 3297 1758 Ἦτω

90 1788 291 1846 minime
323 1800 533 1847 carent.
566 1791 846 1863 Siquidem
895 1795 1167 1849 nonnullae
1199 1805 1327 1852 sunt
1356 1798 1409 1851 in
1443 1813 1506 1852 ea
1537 1813 1627 1853 sa-

1731 1801 1811 1862 τὶς
1852 1802 2067 1868 πιστὸς,
2109 1802 2222 1871 ἡτω
2255 1802 2474 1865 δυνατός
2528 1820 2612 1865 τις
2656 1802 2853 1871 γνῶσιν
2898 1803 3148 1867 ἐξειπεῖν,
3190 1801 3302 1869 ἤτω

90 1879 249 1948 lebraa,
273 1882 338 1937 ad
367 1898 509 1954 quas
539 1884 720 1939 minus
765 1885 909 1939 cauti
941 1885 1212 1942 offendere
1248 1889 1474 1957 possint,
1499 1903 1634 1957 quas

91 1980 247 2028 tamen
295 1991 395 2045 pro
423 1976 647 2032 modulo
682 1978 1003 2048 explanavi;
1036 1994 1146 2034 non
1175 1995 1240 2035 eo
1269 1981 1484 2050 quidem
1516 1984 1635 2034 ani-

94 2081 185 2131 mo,
221 2068 374 2136 quasi
402 2068 565 2122 velim
596 2084 716 2124 eam
741 2070 810 2124 ab
838 2071 986 2127 omni
1012 2087 1162 2128 naevo
1190 2073 1521 2142 pertinacius
1542 2090 1636 2128 ex-

90 2173 294 2225 cusare;
344 2161 807 2231 quemadmodum
839 2163 999 2219 hodie
1022 2165 1179 2221 video
1205 2166 1516 2233 nonnullos,
1542 2167 1633 2237 qui

90 2259 245 2304 vetera
276 2252 524 2321 quaedam
570 2267 919 2311 monumenta
944 2272 974 2311 a
1002 2273 1060 2313 se
1090 2258 1255 2325 edita,
1302 2260 1632 2315 continentia

90 2357 243 2399 meras
288 2346 683 2401 nutricularum
723 2348 946 2413 naenias,
985 2365 1081 2405 seu
1118 2351 1297 2421 potius
1330 2352 1514 2423 aegroti
1539 2368 1634 2407 ve-

90 2434 200 2489 teris
237 2436 470 2501 somnia,
516 2452 639 2507 quae
667 2437 735 2492 ad
762 2439 999 2508 primum
1024 2441 1278 2496 intuitum
1306 2443 1439 2496 viris
1461 2443 1633 2497 doctis

90 2538 319 2580 nauseam
350 2536 609 2583 moveant
634 2569 649 2597 ,
678 2537 828 2584 tanta
855 2531 1023 2585 animi
1051 2534 1395 2589 contentione
1420 2534 1633 2604 (quam-

90 2613 153 2668 vis
199 2618 309 2672 sine
361 2619 603 2692 ratione)
646 2618 935 2676 defendere
961 2633 1248 2688 conantur,
1275 2633 1336 2679 ut
1375 2626 1542 2679 velint
1567 2641 1630 2680 ea

89 2705 384 2775 scriptorum
409 2710 659 2766 omnium
693 2722 932 2770 veterum
961 2730 1025 2770 ac
1054 2717 1416 2771 recentiorum
1445 2727 1631 2771 aucto-

87 2796 212 2850 ritati
253 2798 517 2869 prazl‘erri.
549 2800 661 2859 Nec
707 2804 761 2859 id
804 2821 1025 2861 movere
1071 2822 1399 2877 quemquam
1450 2808 1628 2874 debet,

87 2888 211 2952 quod
264 2887 516 2948 Clemens
568 2893 1008 2963 Alexandrinus,
1053 2905 1108 2951 et
1163 2895 1452 2968 Origenes,
1504 2914 1628 2952 cum

88 2976 207 3033 hanc
242 2980 404 3037 citant
432 2982 744 3053 epistolam,
784 3003 1062 3058 nunquam
1114 3004 1233 3044 eam
1264 2989 1627 3059 apocrypham

86 3082 186 3123 esse
229 3071 480 3130 dixerint.
533 3074 813 3146 Siquidem
856 3080 1125 3150 ejusmodi
1174 3090 1425 3136 auctores
1484 3097 1624 3146 saepe

86 3166 284 3216 utuntur
335 3169 661 3239 apocrypbis
716 3187 730 3224 :
788 3178 848 3224 ut
904 3172 1045 3227 libro
1099 3173 1305 3239 Enoch,
1357 3172 1622 3240 Pastoris,

86 3246 293 3306 Matthiae
314 3252 690 3312 Traditionum
714 3258 871 3325 libro,
894 3258 1037 3315 Petri
1066 3261 1419 3334 Apocalypsi,
1451 3264 1625 3321 Evan-

85 3341 203 3406 gelio
224 3342 626 3417 IEgyptiorum,
653 3358 708 3405 et
737 3352 1028 3409 similibus.
1069 3352 1243 3408 Unum
1284 3364 1464 3411 tamen
1506 3373 1626 3413 cer-

84 3439 179 3486 tum
205 3445 300 3503 est,
338 3438 477 3495 hanc
508 3442 818 3510 epistolam,
866 3459 986 3514 quae
1028 3445 1189 3500 modo
1227 3461 1258 3501 a
1303 3448 1462 3502 nobis
1491 3449 1624 3514 exit,

83 3533 186 3573 eam
228 3538 342 3580 esse
397 3544 565 3598 quam
627 3540 852 3587 sanctus
912 3532 1316 3606 Hieronymus.
1373 3538 1624 3594 Clemens

85 3612 473 3688 Alexandrinus,
516 3631 571 3676 et
600 3621 862 3696 Origenes
914 3627 1041 3682 olim
1075 3643 1184 3697 prae
1228 3630 1481 3685 manibus
1526 3632 1624 3685 ha-

85 3698 327 3774 buerunt;
359 3725 482 3765 cum
525 3726 717 3769 omnes
754 3715 903 3771 locos
947 3716 1016 3771 ab
1042 3717 1148 3774 illis
1192 3734 1258 3773 ex
1298 3734 1361 3774 ea
1405 3721 1621 3787 citatos,

85 3790 133 3845 in
157 3793 248 3852 hac
267 3813 426 3869 quam
450 3802 689 3871 edimus,
712 3805 963 3876 epistola,
988 3810 1225 3878 reperire
1254 3810 1431 3867 liceat.
1456 3811 1522 3865 Et
1554 3825 1621 3865 ex

87 3887 265 3943 nostris
312 3891 786 3952 observationibus
833 3898 1180 3955 manifestum
1212 3902 1314 3956 erit
1345 3922 1358 3957 :
1390 3919 1499 3957 uno
1521 3919 1620 3959 ex-

85 3986 235 4045 cepto,
277 3984 367 4051 qui
410 3985 689 4056 profertur
721 4003 752 4042 a
795 3988 1068 4044 Clemente
1111 3991 1497 4058 Alexandrino,
1521 3994 1615 4049 lib.

86 4080 129 4118 v1
157 4066 490 4145 Stromatum,
536 4093 660 4132 cum
695 4095 975 4149 exponens
1026 4083 1170 4137 hunc
1210 4083 1512 4139 Psalmistte
1540 4086 1620 4140 lo-

85 4172 190 4214 cum
219 4181 231 4215 :
262 4163 384 4220 Htec
414 4180 572 4238 porta
614 4170 853 4237 Domini,
875 4172 1012 4241 justi
1049 4174 1326 4229 intrabunt
1362 4193 1453 4246 per
1480 4194 1616 4243 eam,

85 4251 152 4305 sic
168 4255 264 4309 ait:
295 4258 680 4333 Ἐξηγούμενος
698 4264 759 4316 τὸ
782 4265 941 4335 ῥητὸν
963 4265 1055 4318 τοῦ
1077 4267 1383 4337 Προφήτου,
1411 4269 1620 4339 Βαρνά-

84 4342 166 4409 6ας
181 4348 430 4422 ὲπιφὲρει’
451 4354 668 4408 Πολλῶν
681 4356 863 4411 πυλῶν
886 4357 1214 4428 ἁνεῳγυιῶν,
1234 4361 1265 4432 ὴ
1284 4360 1615 4433 δικαιοσύνη,

1737 1894 1901 1959 σοφὸς
1947 1894 2003 1946 ἐν
2035 1892 2302 1963 διακρίσει
2342 1894 2534 1963 λόγων,
2569 1894 2682 1963 ἤτω
2720 1894 2916 1965 γοργὸς
2944 1895 3000 1946 ὲν
3030 1892 3226 1964 ἔργοις.
3278 1910 3294 1940 ι

1735 1976 1789 2031 Id
1814 1978 2067 2033 estzlam
2106 1978 2340 2035 Clemens
2386 1982 2440 2034 in
2471 1980 2712 2050 Epistola
2763 1982 2833 2034 ad
2884 1980 3183 2035 Corinthios
3218 1979 3298 2033 his

1733 2068 1897 2123 verbis
1962 2071 2159 2141 inquit,
2190 2086 2448 2139 exponens
2469 2071 2823 2139 di/ferentiam
2860 2087 3039 2124 eorum
3066 2071 3154 2141 qui
3174 2080 3300 2123 sunt

1733 2161 1939 2226 probati
1967 2164 2021 2213 in
2039 2160 2274 2215 Ecclesia
2307 2182 2322 2215 :
2347 2182 2364 2214 ι
2388 2162 2471 2217 Sit
2495 2162 2685 2232 aliquis
2716 2163 2909 2231 ﬁdelis,
2940 2164 3009 2216 sit
3037 2171 3215 2232 potens
3244 2163 3299 2214 iu

1732 2253 2046 2321 explicanda
2079 2254 2393 2323 cognitione,
2418 2254 2488 2306 sit
2514 2255 2731 2321 sapiens
2761 2255 2817 2306 in
2844 2254 3156 2307 discretione
3184 2269 3297 2305 ser-

1733 2360 1942 2398 monum
1965 2385 1981 2409 ,
2013 2345 2080 2397 sit
2108 2344 2390 2413 stupendus
2422 2346 2476 2398 in
2502 2345 2763 2414 operibus.
2792 2365 2809 2396 ι
2834 2345 3071 2398 Tandem
3099 2353 3297 2397 notan-

1731 2434 1860 2487 dum
1903 2443 1986 2489 est
2026 2436 2292 2505 quosdam
2332 2437 2676 2492 existimasse
2707 2437 2821 2491 haec
2851 2437 3013 2490 verba
3050 2434 3299 2488 Clemen-

1732 2528 1800 2581 tis
1834 2526 2186 2583 Alexandrini
2224 2528 2317 2582 li'n.
2353 2546 2390 2582 ιι
2423 2526 2781 2592 Stromatum,
2808 2532 2840 2582 ὀ
2876 2528 3056 2596 νόμος
3079 2527 3298 2594 ἀπαγο-

1722 2619 1884 2686 ρεύει
1912 2618 2153 2688 ἀδελφῷ
2188 2618 2493 2685 δανείζειν,
2529 2621 2579 2674 id
2620 2628 2721 2684 est,
2765 2619 2850 2673 lex
2873 2618 3107 2688 prohibet
3138 2616 3297 2686 fratri

1734 2714 1983 2779 fenerari,
2010 2725 2140 2782 etc.,
2170 2716 2327 2771 citari
2349 2731 2416 2770 ex
2444 2714 2685 2785 Epistola
2710 2714 2992 2779 Barnabas,
3021 2712 3166 2782 quod
3186 2725 3296 2765 non

1732 2806 1801 2858 ita
1833 2814 1913 2859 est
1940 2822 1953 2857 :
1988 2806 2082 2861 sed
2116 2806 2277 2876 paulo
2314 2816 2440 2860 ante
2468 2807 2707 2860 citantur
2734 2807 2848 2860 Ι]ωο
2886 2806 3044 2858 verba
3070 2820 3133 2857 ex
3162 2801 3296 2857 Bar-

1731 2899 1871 2951 naba
1897 2939 1911 2963 ,
1960 2914 2083 2968 quae
2117 2899 2171 2952 in
2210 2899 2313 2953 hac
2342 2898 2579 2968 Epistola
2626 2898 2894 2953 habentur
2924 2898 3027 2951 sub
3050 2899 3208 2949 tinem
3235 2896 3295 2948 il-

1730 2986 1853 3053 lius,
1907 2987 2117 3057 Ἀμέλει
2179 2987 2453 3058 μυστικῶς
2493 2990 2520 3039 6
2562 2988 2862 3059 Βαρνάϐας·
2920 2989 2974 3040 '0
3011 2987 3065 3039 δὲ
3100 2988 3229 3050 Θεὸς
3270 2988 3297 3039 6

1728 3076 1821 3130 τοῦ
1868 3079 2071 3141 παντὸς
2106 3078 2309 3151 κόσμου
2337 3079 2628 3149 κυριεύων,
2666 3081 2818 3150 φησὶ,
2874 3079 2983 3150 δῴη
3035 3080 3127 3131 καὶ
3171 3080 3325 3149 ὑμῖω

1730 3168 1948 3237 γνῶσιν,
1999 3178 2101 3225 etc.
2128 3212 2143 3235 ,
2198 3186 2369 3240 usque
2411 3171 2475 3224 ad
2516 3170 2606 3223 illa
2636 3171 2797 3224 verba
2817 3211 2832 3236 ,
2859 3169 3091 3238 ἀγάπης
3119 3169 3297 3221 τέκνα

1731 3261 1829 3315 καὶ
1880 3260 2143 3330 εἰρήνης,
2187 3272 2317 3327 etc.,
2368 3276 2489 3332 quae
2528 3268 2656 3317 sunt
2696 3276 2762 3315 ex
2804 3269 2952 3315 textu
3000 3260 3295 3315 Clementis

1728 3352 2103 3419 Alexandrini,
2131 3354 2225 3423 qui
2258 3354 2475 3409 tandem
2507 3354 2816 3424 subjungit,
2844 3354 3043 3424 sufﬁcit
3077 3353 3173 3405 hoc
3204 3352 3290 3405 di-

1728 3459 1861 3508 cere,
1895 3442 2033 3511 quod
2062 3441 2147 3496 lea:
2181 3442 2417 3511 prohibet
2449 3442 2611 3511 fratri
2637 3442 2886 3512 feuerari.
2924 3454 3046 3510 qua:
3074 3440 3291 3509 quidem

1727 3535 1890 3590 verba
1922 3550 2029 3590 non
2060 3543 2276 3591 exstant
2300 3535 2354 3589 in
2390 3534 2492 3589 hac
2512 3534 2762 3604 epistola,
2794 3548 2917 3603 quae
2944 3542 3132 3589 sancto
3168 3533 3296 3586 Bar-

1728 3624 1885 3679 nabas
1914 3624 2229 3679 ascribitur.
2275 3622 2479 3679 Tenuis
2518 3624 2765 3693 quaedam
2807 3622 3101 3679 difficultas
3128 3630 3295 3677 restat

1727 3716 1868 3770 circa
1902 3714 2123 3769 nomina
2170 3711 2460 3777 Hebraiea,
2506 3728 2629 3783 quae
2675 3720 2897 3771 sanctus
2932 3711 3294 3785 Hieronymus

1724 3806 1930 3878 profert
1956 3821 2023 3860 ex
2056 3804 2295 3875 Epistola
2338 3806 2513 3861 sancti
2548 3804 2811 3861 Barnabaa
2838 3807 2891 3860 in
2922 3806 3061 3861 libro
3095 3806 3170 3860 De
3198 3822 3294 3859 uo-

1726 3898 1957 3953 minibus
1991 3896 2291 3951 Hebraicis.
2337 3893 2622 3967 Siquidem
2658 3911 2828 3951 unum
2855 3910 3069 3959 eorum,
3101 3911 3295 3965 nempe

1734 3991 1972 4057 Nahum,
2017 3991 2071 4043 in
2103 3990 2331 4060 epistola
2360 3990 2699 4044 desideratur
2740 4007 2754 4043 :
2795 3989 2875 4044 sic
2896 3989 3040 4044 enim
3068 3990 3143 4042 ait
3168 4005 3293 4043 san-

1726 4091 1848 4136 ctus
1874 4080 2239 4151 Hieronymus
2266 4120 2281 4145 ,
2314 4079 2610 4145 Manasses,
2643 4076 2858 4144 oblitus,
2902 4078 3139 4141 Nahum,
3178 4096 3293 4149 ger-

1725 4190 1859 4227 men.
1918 4171 2021 4227 Sed
2059 4186 2214 4226 error
2244 4171 2511 4240 obrepsit,
2569 4179 2623 4225 et
2663 4170 2949 4240 legendum
2978 4178 3078 4233 est,
3120 4167 3289 4235 Nave,

1724 4273 1783 4317 ut
1834 4264 2062 4318 habetur
2104 4264 2159 4316 in
2194 4263 2296 4317 hac
2339 4261 2602 4331 Epistola,
2651 4261 2741 4329 qui
2784 4259 2885 4313 fuit
2914 4268 3064 4329 pater
3095 4258 3282 4325 Josuo,

1721 4356 1873 4423 juxta
1908 4353 2295 4423 Septuaginta;
2342 4353 2424 4407 vel
2467 4352 2614 4417 Nan,
2645 4352 2787 4421 quod
2819 4351 2958 4404 idem
2981 4359 3065 4405 est
3092 4365 3290 4405 secun-

85 4434 202 4505 αὕτη
222 4438 358 4493 ἐστὶν
396 4444 429 4513 ἡ
460 4445 521 4496 ὲν
544 4444 781 4515 Χριστῷ,
823 4447 880 4499 ὲν
970 4449 1021 4499 οί
1056 4449 1314 4520 μακάριοι
1342 4450 1540 4515 πάντες
1572 4454 1621 4504 οἱ

1731 4447 1853 4500 dum
1888 4454 2091 4501 textum
2126 4445 2472 4501 Hebraicum.
2520 4444 2584 4498 Ει
2601 4444 2739 4498 ratio
2772 4453 2877 4508 est,
2910 4444 3037 4513 quia
3075 4443 3292 4498 Nahum

86 4530 397 4600 εἰσελθόντες.
440 4538 497 4594 Id
550 4548 675 4595 est:
717 4540 993 4596 Enarrans
1055 4544 1255 4597 dictum
1321 4541 1619 4613 Prophetas,

85 4618 330 4683 Barnabas
348 4632 509 4701 infert
536 4649 554 4685 :
575 4631 710 4687 Cum
735 4634 916 4689 multa:
946 4645 1114 4704 portw
1132 4639 1240 4689 sint
1261 4646 1476 4705 apertae,
1506 4652 1622 4706 gate

84 4725 146 4764 rst
164 4716 378 4785 iustitia,
402 4740 464 4776 ea
494 4732 572 4777 est
592 4725 648 4776 in
679 4723 910 4788 Christo,
934 4726 989 4778 in
1017 4741 1173 4795 quam
1204 4728 1341 4780 beati
1364 4737 1485 4779 sunt
1512 4743 1623 4779 om-

87 4819 178 4871 nes,
212 4812 293 4877 qui
321 4823 443 4866 sunt
490 4818 735 4884 ingressi.
782 4815 885 4871 Sed
920 4826 1085 4886 puto,
1135 4827 1229 4871 aut
1264 4819 1472 4886 lapsum
1500 4833 1621 4873 esse

88 4902 320 4955 inemoria
331 4904 664 4960 Clementem
683 4907 1136 4974 Alexandrinum,
1162 4918 1256 4962 aut
1278 4918 1425 4963 certe
1440 4911 1618 4964 locum

86 4985 429 5059 depravatum,
474 5006 529 5050 et
559 4998 843 5066 legendum
881 5015 1004 5054 esse
1039 4998 1305 5069 Κλήμης,
1337 5016 1445 5054 non
1469 5004 1619 5067 Βαρ-

86 5076 260 5146 νάϐας.
307 5082 441 5140 Nam
483 5088 573 5142 hic
620 5090 772 5143 locus
818 5091 1047 5145 habetur
1079 5092 1129 5143 in
1180 5092 1403 5160 epistola
1447 5091 1618 5146 sancti

86 5166 349 5230 Clementis
379 5179 445 5233 ad
481 5180 817 5247 Corinthios,
853 5183 942 5236 ubi
976 5183 1116 5237 idem
1151 5184 1301 5237 locus
1322 5182 1621 5237 Psalmistae

85 5263 386 5328 ειιδοηὶιωις
422 5289 440 5322 ‹
470 5270 615 5343 Αὕτη
648 5272 845 5343 ἠπύλη
886 5273 978 5325 τοῦ
1024 5273 1247 5344 Κυρίου,
1283 5274 1476 5326 δίκαιοι
1512 5276 1621 5326 εἰσ-

86 5350 359 5413 ελεύσονται
387 5361 443 5414 ὲν
472 5363 627 5433 αὐτῇ.
664 5382 682 5413 ι
717 5363 931 5417 Πολλῶν
954 5361 1046 5417 οὖν
1070 5364 1250 5417 πυλῶν
1290 5366 1617 5435 ἀνεῳγυιῶν,

85 5440 183 5510 ἡὲν
212 5446 513 5525 δικαιοσύνῃ
536 5451 673 5523 αὕτη
711 5455 855 5507 ὲστίλ
882 5456 915 5525 ἡ
944 5457 1000 5507 ὲν
1034 5456 1074 5507 Χ
1085 5456 1251 5526 ριστῷ
1284 5458 1341 5507 ὲν
1445 5457 1621 5525 μακά-

91 5544 176 5595 ριοι
203 5537 386 5604 πάντες
412 5542 463 5594 οἱ
499 5541 844 5605 εἰσελθόντες.
876 5543 933 5597 Id
960 5556 1043 5599 est
1075 5565 1087 5598 :
1126 5565 1143 5595 ‹
1174 5544 1300 5599 Han:
1328 5555 1482 5614 porta
1514 5545 1621 5599 Do-

88 5622 218 5686 mini,
238 5627 365 5695 justi
395 5633 663 5688 intrabunt
690 5635 741 5689 in
755 5651 891 5688 eam.
918 5656 936 5686 ι
960 5635 1091 5691 Cum
1114 5638 1279 5706 igitur
1298 5638 1479 5691 multa:
1501 5655 1621 5706 por—

94 5719 148 5764 τω
183 5729 361 5786 aperta:
398 5726 537 5793 sint,
585 5744 701 5797 qua:
734 5729 784 5779 in
820 5728 1037 5797 justitia
1084 5740 1197 5796 est,
1244 5732 1424 5783 eadem
1468 5740 1517 5783 et
1567 5732 1623 5782 in

1722 4554 1829 4593 non
1866 4538 2137 4609 significat
2184 4553 2426 4609 germen,
2461 4538 2551 4592 sed
2591 4534 2973 4590 consolatorem
3001 4572 3016 4599 ,
3048 4543 3181 4591 teste
3204 4551 3291 4590 eo-

1722 4632 1844 4685 dem
1874 4629 2205 4699 Hieronymo
2226 4673 2240 4696 ,
2277 4630 2401 4684 libri
2438 4629 2586 4684 citati
2614 4629 2791 4698 capite
2818 4628 2885 4682 de
2905 4626 3063 4691 Jona,
3106 4636 3160 4680 et
3184 4626 3290 4680 Na-

1723 4722 1874 4777 hum.
1906 4721 2145 4785 Nahum,
2186 4722 2378 4791 inquit,
2426 4721 2744 4786 consolator,
2780 4734 2810 4773 a
2845 4718 3025 4774 radice
3064 4728 3188 4782 om,
3235 4717 3287 4770 id

1721 4820 1805 4866 est
1830 4812 2115 4869 consolari.
2156 4814 2224 4866 At
2252 4811 2421 4877 Nave,
2466 4828 2561 4869 seu
2606 4811 2728 4866 Nun
2753 4819 2837 4865 est
2861 4825 3102 4880 germen,
3133 4810 3288 4877 juxta

1721 4902 1972 4958 eumdem
2009 4902 2419 4975 Hieronymum,
2443 4905 2689 4974 ejusdem
2719 4902 2815 4957 lib.
2843 4917 2962 4970 cap.
2999 4901 3023 4953 l
3064 4919 3076 4953 :
3120 4899 3285 4965 Nave,

1723 5012 1917 5061 semen,
1947 5011 2174 5065 germen,
2202 4995 2278 5049 vel
2306 4997 2668 5065 pulchritudo,
2693 5011 2724 5049 a
2759 4995 2926 5049 verbo
2953 4992 3290 5063 conjugatio-

1722 5087 1809 5139 nis
1834 5083 2034 5153 Niphal
2055 5091 2165 5171 "ut,
2198 5084 2251 5138 id
2285 5093 2367 5139 est
2393 5084 2739 5153 germinabitg

1792 5178 1929 5233 Cum
1967 5188 2147 5233 autem
2199 5180 2329 5233 haec
2363 5181 2525 5233 unica
2566 5177 2775 5232 feratur
2822 5180 2994 5232 sancti
3032 5177 3292 5231 Barnabze

1723 5270 1993 5339 Epistola,
2029 5270 2326 5324 notandum
2359 5279 2536 5323 tamen
2584 5285 2706 5325 esse
2734 5273 2953 5338 putavi,
2992 5268 3288 5338 Epistulam

1723 5362 1894 5415 sancti
1926 5360 2074 5414 Pauli
2108 5362 2173 5414 ad
2201 5360 2455 5415 Hebratos
2480 5377 2509 5414 a
2537 5360 2893 5425 Tertulliano,
2924 5362 3065 5415 libro
3089 5360 3165 5412 De
3192 5377 3291 5428 pu—

1722 5457 1930 5522 dicitia,
1968 5465 2155 5510 sancto
2196 5455 2457 5510 Barnabae
2486 5456 2735 5522 attribui,
2776 5466 2834 5509 ut
2873 5457 3078 5509 clarum
3116 5464 3195 5507 est
3224 5469 3289 5504 cx

1723 5549 1840 5617 ejus
1872 5548 2051 5601 verbis
2079 5567 2089 5600 :
2126 5546 2316 5600 Exstat
2334 5549 2471 5601 enim
2495 5556 2542 5600 et
2568 5546 2831 5600 Barnabw
2855 5546 3041 5599 titulus
3075 5545 3142 5598 ad
3176 5541 3286 5595 He-

1723 5640 1921 5701 brwos;
1954 5639 2081 5691 adeo
2117 5639 2246 5691 satis
2271 5640 2607 5692 auctoritatis
2634 5638 2767 5701 viro,
2806 5648 2861 5689 ut
2892 5654 3043 5707 quem
3084 5634 3286 5687 Paulus

1718 5731 1871 5797 juxta
1905 5746 1957 5782 se
1993 5730 2320 5783 constituerit
2345 5731 2395 5781 in
2426 5729 2754 5783 abstinentia:
2782 5737 2992 5781 tenore:
3028 5728 3163 5779 (Aut
3194 5741 3286 5794 ego
