3818 6216
488 336 596 395 663

1582 327 1642 384 S.
1680 322 2046 379 BARNABAS
2075 317 2498 373 APOSTOLUS.

3618 312 3717 368 664

486 459 770 526 solus,aut
796 454 1094 521 Barnabas,
1119 467 1220 505 non
1243 450 1491 501 habemus
1513 443 1607 495 hoc
1631 439 1880 510 operandi
1910 446 2054 507 pote-
2083 443 2129 496 Α
2157 436 2324 487 altera
2352 432 2698 501 paraenetica,
2739 430 2798 526 in
2822 446 2928 499 qua
2961 428 3219 501 praeclara
3250 436 3302 483 et
3337 426 3487 482 utilia
3514 426 3718 482 monita

491 547 749 619 statemj(l
767 546 892 603 Cor.
914 547 991 617 ix)
1014 562 1062 598 .·›
1082 554 1129 597 et
1156 544 1334 611 utique
1360 536 1612 604 receptior
1642 534 1779 602 apud
1796 530 2055 583 Ecclesias

491 639 756 692 Barnaba:
787 637 1011 706 epistola
1030 634 1123 687 illo
1140 628 1437 701 apocrypho
1471 625 1692 680 Pastore
1718 622 2050 676 mwchorum.

489 728 706 782 Monens
730 730 906 796 itaque
924 722 1227 791 discipulos,
1255 720 1461 771 omissis
1492 715 1729 769 omnibus
1765 713 1956 773 initiis,
1985 713 2053 763 ad

486 820 855 887 perfectionem
892 816 1056 885 magis
1088 815 1325 873 tendere;
1368 825 1457 861 nec
1496 822 1679 860 rursus
1708 804 2053 873 fundamenta

2161 527 2351 581 salutis
2384 538 2439 579 et
2472 531 2735 593 prmeepta
2768 522 2988 575 dantur.

2228 614 2390 667 Prior
2414 630 2537 682 pars
2567 611 2822 681 epistolaz.
2875 610 3033 666 Prior
3076 626 3203 679 pars
3230 610 3407 679 capita
3432 609 3715 662 duodecim

2155 707 2554 776 complectitur.
2599 704 2657 759 ln
2689 706 2868 774 primo
2892 704 2959 759 de
2990 704 3297 759 cessatione
3322 702 3714 757 sacriﬁciorum

2156 799 2405 852 Mosaicae
2452 798 2581 867 legis
2636 798 2847 868 agitur;
2898 796 2952 849 in
3006 794 3248 850 secundo
3282 793 3348 847 de
3383 793 3713 861 jejuniorum

484 884 799 976 paenitentia:
815 884 1069 975 jacerepb
1096 900 1338 972 operibus
1372 905 1727 950 mortuorum:
1766 892 2053 960 clmpossi-
2152 891 2395 959 ejusdem
2425 890 2556 959 legis
2588 889 2915 955 abolitione;
2951 888 3004 941 in
3036 887 3197 940 tertio
3216 885 3391 956 agitur
3413 885 3482 937 de
3511 884 3717 936 instan-

485 1002 586 1055 bile
623 1002 761 1054 enim
788 1009 886 1061 est,
918 999 1110 1068 inquit,
1147 1013 1233 1049 eos
1273 994 1362 1064 qui
1401 990 1556 1045 semel
1586 989 1874 1042 illuminati
1905 995 2047 1047 sunt,

482 1105 532 1146 et
557 1094 753 1145 donum
782 1092 984 1145 caeleste
1011 1093 1353 1159 gustaverunt
1382 1094 1430 1137 et
1465 1082 1911 1151 participaverunt
1936 1075 2050 1145 Spi-

483 1186 646 1237 ritum
660 1194 921 1247 sanctum,
937 1191 985 1235 et
1002 1186 1209 1234 verbum
1230 1177 1325 1230 Dei
1348 1176 1499 1228 dulce
1516 1179 1876 1243 gustaverunt,
1891 1180 2046 1235 D6lC.,

482 1292 603 1344 quae
644 1276 808 1329 verba
856 1277 1031 1345 legere
1083 1273 1208 1325 licet
1262 1271 1317 1325 in
1364 1267 1600 1338 Epistola
1642 1265 1795 1318 Pauli
1840 1264 1907 1317 ad
1939 1262 2047 1316 He—

477 1366 676 1429 braeos,
697 1381 817 1434 cap.
868 1380 940 1417 γι.
983 1362 1122 1417 lliuc
1157 1360 1451 1429 capiendus
1478 1367 1560 1413 est
1598 1355 1923 1410 Philastrius
1949 1354 2045 1407 lib.

479 1456 557 1511 De
582 1458 885 1519 hwresibus,
913 1471 1033 1524 cap.
1059 1454 1127 1507 60
1157 1474 1169 1509 :
1202 1453 1335 1508 Sunt
1358 1453 1452 1506 alii
1476 1452 1563 1521 qui
1590 1448 1885 1518 Epistolam
1909 1447 2047 1499 beati

480 1548 643 1600 Pauli
676 1550 743 1600 ad
772 1546 1019 1601 Hebraeos
1052 1564 1155 1599 non
1180 1555 1427 1599 asserunt
1448 1559 1592 1605 esse;
1622 1541 1710 1594 sed
1734 1540 2047 1603 dicunt,aut

478 1639 741 1693 Barnabw
784 1655 893 1693 esse
938 1639 1074 1691 beati
1129 1636 1397 1706 apostoli,
1458 1643 1549 1687 aut
1603 1631 1905 1685 Clementis.
1944 1627 2043 1683 Ulli

479 1731 623 1784 haud
674 1731 838 1785 dubie
878 1729 1271 1783 Tertullianum
1319 1726 1585 1795 intelligit.
1619 1722 1722 1777 Sed
1746 1724 1811 1775 de
1844 1721 1929 1774 his
1955 1736 2043 1775 sa-

476 1822 545 1875 tis
576 1839 589 1876 :
623 1837 769 1875 nunc
798 1808 974 1876 restat
1008 1829 1065 1875 ut
1105 1820 1172 1874 de
1215 1819 1359 1873 illius
1390 1825 1729 1887 argumento,
1763 1813 1877 1867 sive
1912 1814 2043 1867 sub-
2073 1785 2115 1838 Β

469 1909 616 1978 jecto
649 1910 885 1964 breviter
912 1926 1091 1981 agam.

548 2001 803 2077 Epistula
843 2013 1228 2073 argumentum,
1278 2001 1487 2054 divisio.
1538 1999 1679 2054 Cum
1712 1998 1884 2053 Judaei
1916 1998 2040 2068 qui-

470 2104 594 2157 dam
636 2104 703 2157 ad
752 2103 911 2158 ﬁdem
958 2097 1159 2157 Christi
1212 2096 1457 2157 conversi
1502 2095 1924 2171 galaticarentur
1961 2096 2042 2161 (ut

470 2211 596 2250 cum
628 2194 961 2250 Tertulliano
988 2194 1224 2264 loquar),
1278 2193 1383 2247 hoc
1411 2202 1514 2257 est,
1548 2192 1717 2260 legem
1745 2184 2037 2241 Mosaicam

472 2300 579 2339 una
608 2299 733 2339 cum
754 2284 1047 2354 Evangelio
1065 2283 1403 2338 retinendam
1431 2297 1553 2337 esse
1576 2290 1849 2350 putarent,
1878 2277 2039 2348 idque

469 2378 655 2432 multis
678 2377 1010 2432 Christianis
1037 2377 1449 2446 persuaderent,
1491 2384 1713 2431 sanctus
1736 2373 2035 2437 Barnabas,

467 2470 581 2522 sive
620 2469 745 2537 quis
776 2469 939 2533 alius,
968 2476 1218 2522 sanctum
1264 2466 1497 2521 Paulum
1529 2465 1801 2530 imitatus,
1842 2479 2033 2518 eorum

464 2560 772 2614 doctrinam
822 2560 925 2613 hac
968 2559 1196 2627 epistola
1233 2558 1535 2612 convellere
1570 2563 1821 2622 conatur,
1852 2556 2036 2609 docet-

465 2665 573 2719 que
616 2650 802 2704 multis
830 2649 1124 2719 Scriptura:
1156 2651 1308 2715 locis,
1342 2665 1407 2704 ac
1434 2648 1644 2719 ﬁguris,
1678 2649 1849 2718 legem
1886 2648 2037 2719 Moy-

465 2738 542 2793 sis
565 2738 677 2806 jam
715 2739 1030 2807 abrogatam
1062 2755 1204 2803 esse,
1239 2740 1399 2809 eique
1436 2738 1787 2808 Evangelium
1818 2754 2035 2792 succes-

465 2828 624 2883 sisse.
654 2827 753 2884 l’lic
782 2841 866 2884 est
897 2830 1061 2898 hujus
1090 2831 1333 2899 epistolae
1360 2845 1595 2899 scopus;
1624 2832 1689 2885 ad
1710 2846 1868 2901 quem
1897 2848 2034 2884 non-

464 2921 611 2973 nulla
650 2920 756 2985 hic,
802 2937 923 2991 qure
952 2936 1059 2974 non
1094 2931 1221 2975 sunt
1252 2922 1683 2992 προηγουμένου,
1724 2939 1818 2978 seu
1844 2924 2032 2991 praeci-

462 3015 556 3083 pui
603 3014 930 3084 argumenti,
966 3015 1060 3068 sed
1090 3015 1256 3068 veluti
1301 3015 1611 3069 secundarii
1643 3023 1930 3079 tractatus,
1974 3025 2034 3068 ut

2154 982 2297 1035 tibus
2319 980 2715 1035 calamitatibus
2742 1022 2756 1046 ,
2801 979 3269 1046 admonenturque
3303 975 3489 1029 ﬁdeles
3514 975 3582 1027 ad
3610 974 3719 1027 vir-

2154 1082 2329 1125 tutum
2377 1072 2617 1126 studium
2646 1112 2661 1136 ,
2694 1071 2837 1139 quod
2868 1069 3039 1124 Judazi
3081 1068 3196 1123 suis
3218 1066 3448 1137 jejuniis
3472 1076 3524 1119 et
3551 1078 3720 1119 caere-

2151 1163 2351 1217 moniis
2429 1163 2861 1231 postponebant;
2939 1161 2992 1214 in
3067 1168 3264 1229 quarto
3330 1166 3595 1212 tractatur
3652 1157 3719 1210 de

2148 1256 2353 1311 Christi
2393 1256 2667 1320 adventu,
2726 1254 2987 1309 missione
3040 1253 3409 1322 apostolorum
3437 1292 3452 1317 ,
3509 1248 3715 1302 Christi

2149 1350 2405 1419 passione
2436 1356 2487 1402 et
2528 1347 2890 1413 exaltatione;
2929 1346 2983 1399 in
3012 1345 3206 1414 quinto
3238 1344 3305 1398 de
3347 1342 3589 1398 hominis
3634 1357 3717 1394 re-

2147 1442 2427 1510 paratione
2476 1440 2823 1509 disputatur;
2860 1439 2914 1493 in
2952 1448 3107 1493 sexto
3151 1451 3344 1491 rursus
3392 1436 3461 1489 de
3512 1431 3715 1487 Christi

2146 1532 2421 1601 passione,
2454 1540 2508 1584 et
2544 1531 2610 1585 de
2635 1529 2958 1599 quibusdam
2990 1530 3135 1585 illius
3164 1525 3627 1589 circumstantiis;
3662 1524 3711 1577 in

2145 1624 2379 1692 septimo
2423 1622 2490 1677 de
2532 1622 2904 1692 antiquatione
2934 1619 3371 1676 circumcisionis
3406 1619 3633 1682 veteris,
3664 1628 3714 1670 et

2144 1715 2211 1769 de
2237 1714 2653 1769 circumcisione
2678 1714 2890 1767 aurium
2916 1722 2970 1766 et
3000 1712 3213 1778 cordis;
3247 1712 3300 1764 in
3323 1720 3521 1765 octavo
3536 1708 3606 1764 de
3627 1725 3710 1762 es-

2143 1808 2223 1862 cis
2252 1807 2542 1877 prohibitis
2574 1807 2629 1860 in
2658 1806 2825 1861 veteri
2853 1806 2989 1875 lege,
3028 1804 3203 1873 deque
3226 1803 3441 1856 illarum
3485 1800 3710 1870 mystica

2145 1899 2620 1969 interpretatione;
2658 1899 2712 1952 in
2764 1913 2908 1952 nono
2932 1896 2999 1951 de
3022 1896 3292 1964 baptismo
3330 1904 3384 1948 et
3425 1908 3596 1948 cruce
3619 1912 3632 1955 ;
3658 1892 3711 1944 in

2142 1990 2355 2045 decimo
2378 1990 2444 2044 de
2476 1990 2851 2060 reprobatione
2874 1990 3055 2058 populi
3087 1986 3321 2052 Judaici,
3352 1995 3407 2040 et
3428 1986 3709 2056 gentilium

2141 2082 2438 2148 electione;
2474 2084 2528 2135 in
2552 2082 2840 2135 undecimo
2865 2082 2932 2135 de
2956 2080 3308 2150 abrOgatione
3345 2076 3574 2131 Sabbati
3618 2076 3710 2130 Ju-

2141 2174 2323 2240 daici;
2364 2174 2419 2227 in
2477 2174 2801 2228 duodecimo
2840 2173 2905 2227 de
2955 2172 3138 2241 templi
3190 2169 3403 2225 Judaici
3453 2171 3708 2239 repudiav-

2143 2269 2289 2323 tione
2328 2283 2392 2322 ac
2437 2267 2806 2333 demolitione,
2840 2275 2894 2319 et
2921 2263 2985 2320 de
3019 2264 3203 2334 templi
3238 2263 3541 2333 spiritualis
3580 2263 3709 2317 tedi-

2140 2360 2413 2415 ﬁcatione.

2211 2450 2455 2505 Secunda
2494 2466 2620 2519 pars
2644 2449 2899 2519 epistolae.
2943 2447 3192 2502 Secunda
3224 2462 3349 2516 pars
3383 2445 3601 2501 duobus
3625 2463 3712 2501 ca-

2138 2544 2343 2613 pitibus
2393 2542 2713 2597 absolvitur.
2766 2540 2824 2593 In
2871 2541 3049 2607 primo
3098 2541 3275 2609 agitur
3323 2541 3392 2595 de
3420 2541 3510 2595 via
3550 2542 3712 2605 lucis,

2138 2638 2245 2690 hoc
2289 2644 2395 2700 est,
2448 2636 2515 2690 de
2566 2635 2633 2688 iis
2680 2650 2803 2703 qua:
2847 2634 3161 2687 Christiano
3198 2635 3405 2703 agenda
3438 2645 3613 2696 sunt;
3661 2636 3710 2687 iu

2136 2724 2306 2778 altero
2351 2724 2417 2776 de
2447 2722 2534 2775 via
2564 2720 2930 2785 tenebrarum,
2959 2720 3059 2774 hoc
3091 2727 3212 2785 est,
3249 2719 3316 2773 de
3346 2720 3414 2772 iis
3444 2736 3570 2788 qua:
3597 2723 3712 2773 ani-

2136 2830 2237 2867 mae
2265 2814 2407 2868 ﬁdeli
2433 2812 2686 2881 fugienda
2709 2827 2775 2865 ac
2800 2810 3021 2865 vitanda
3039 2821 3167 2866 sunt
3195 2829 3207 2864 :
3240 2820 3356 2865 tum
3378 2812 3603 2865 demum
3630 2829 3714 2866 sc-

2135 2904 2322 2974 quitur
2350 2904 2621 2974 epilogus.

2204 3016 2331 3071 Haec
2361 3026 2544 3071 autem
2574 3016 2800 3086 epistola
2832 3016 2901 3070 ab
2921 3014 3174 3086 Origene,
3202 3002 3297 3071 lib.
3328 3033 3344 3071 ι
3371 3028 3560 3071 contra
3593 3018 3713 3073 Cel-

462 3105 530 3160 de
562 3107 795 3160 adventu
817 3090 1333 3174 Christi,passione,
1362 3115 1496 3170 etc.,
1525 3105 1836 3159 referuntur
1866 3126 1877 3159 :
1906 3118 2031 3158 nam
2061 3124 2101 3179 c
2135 3126 2253 3161 sum
2290 3109 2393 3163 sub
2435 3110 2622 3173 tinem,
2668 3107 2972 3175 Catholica,
3024 3109 3077 3162 id
3124 3120 3208 3163 est
3248 3110 3580 3164 universalis
3616 3128 3710 3178 ap-

462 3198 609 3252 illius
640 3198 813 3266 gratia
841 3206 1162 3263 tractantur,
1202 3212 1328 3251 cum
1365 3196 1433 3250 ad
1471 3196 1590 3265 ejus
1614 3195 2030 3264 intelligentiam

459 3301 569 3342 non
607 3303 799 3356 parum
830 3287 1134 3354 conferant,
1167 3289 1325 3357 juxta
1350 3304 1557 3343 morem
1587 3299 1893 3353 oratorum,
1935 3290 2030 3359 qui

459 3379 733 3434 interdum
762 3380 870 3433 alio
910 3380 1311 3449 digrediuntur,
1346 3397 1453 3435 non
1497 3382 1762 3435 inutiliter
1787 3382 2031 3450 quidem,

458 3483 583 3523 cum
623 3469 675 3523 id
699 3470 960 3538 plenioris
982 3470 1362 3525 elucidationis
1392 3472 1566 3541 gratia
1593 3471 1771 3527 facere
1798 3473 2028 3527 soleant.

461 3558 575 3613 Sub
613 3559 774 3613 ﬁnem
825 3561 1069 3629 epistolae
1111 3562 1282 3615 multa
1312 3564 1469 3616 docet
1513 3561 1874 3629 Christianos,
1908 3580 2031 3632 qua:

458 3651 525 3703 ad
561 3651 725 3704 vitam
756 3660 902 3705 recte
943 3651 1337 3705 instituendam
1374 3653 1669 3721 plurimum
1697 3654 2028 3709 conducunt.

460 3739 596 3796 Hinc
628 3741 706 3805 ﬁt,
739 3752 796 3796 ut
838 3741 955 3798 haec
995 3742 1221 3812 epistola
1248 3742 1305 3797 in
1346 3744 1483 3799 duas
1527 3754 1707 3814 partes
1749 3748 2032 3802 commode

459 3832 711 3887 distribui
761 3835 935 3903 possit
976 3854 989 3888 :
1039 3850 1273 3905 quarum
1325 3837 1494 3891 altera
1551 3847 1635 3891 est
1682 3837 2029 3906 didascalica,

459 3939 581 3991 quas
624 3925 808 3980 multis
837 3927 1174 3997 argumentis
1205 3927 1361 3981 docet
1404 3928 1614 3981 nullum
1644 3944 1765 3985 esse
1795 3931 2031 3999 amplius

459 4015 593 4084 legis
620 4015 889 4082 Mosaicae,
915 4028 965 4072 et
990 4016 1340 4073 Judaicarum
1364 4020 1811 4074 caeremoniarum
1832 4037 1989 4075 usum
2015 4040 2026 4075 :

473 4182 862 4201 __-—_

866 4191 2795 4216 ..Ἢ

2134 3200 2366 3267 pellatur
2393 3216 2405 3252 :
2437 3197 2627 3251 Exstat
2658 3214 2783 3251 sane
2812 3199 2866 3249 in
2898 3195 3158 3250 Barnabw
3192 3196 3454 3249 catholica
3484 3198 3708 3265 epistola

2133 3290 2691 3360 scriptum,etc.,quia
2717 3305 2823 3343 non
2850 3289 2915 3342 ad
2942 3304 3103 3342 unam
3132 3297 3331 3343 certam
3357 3296 3597 3358 gentem,
3617 3297 3711 3341 aut

2134 3385 2410 3438 nationem
2453 3383 2653 3451 scripta
2695 3392 2815 3445 est,
2864 3382 2958 3435 sed
2988 3381 3055 3433 ad
3086 3396 3275 3434 omnes
3304 3380 3655 3433 Christianos
3696 3400 3708 3433 :

2132 3471 2205 3523 ita
2246 3471 2389 3525 enim
2426 3471 2760 3525 deﬁniuntur
2787 3469 3066 3523 catholica:
3092 3470 3462 3538 apostolorum
3498 3470 3710 3537 episto-

2130 3564 2225 3628 lae,
2281 3571 2340 3615 ut
2386 3562 2734 3616 manifestum
2777 3572 2861 3615 est
2897 3577 2961 3614 ex
2987 3561 3237 3626 Leontio,
3268 3560 3363 3614 lib.
3403 3558 3482 3612 De
3526 3562 3708 3622 sectis,

2126 3671 2243 3724 cap.
2293 3656 2327 3707 2
2364 3675 2375 3708 :
2414 3655 2711 3709 Καθολικαὶ
2753 3654 2811 3708 δὲ
2861 3654 3197 3725 ἐκλήθησαν,
3248 3653 3433 3723 ἐπειδὴ
3476 3653 3538 3705 οὐ
3572 3654 3711 3723 πρὸς

2131 3747 2188 3799 ἓν
2226 3747 2374 3809 ἔθνος
2415 3748 2762 3818 ἐγράφησαν,
2805 3748 2877 3810 ὠς
2907 3750 2961 3800 αἱ
2989 3747 3082 3800 τοῦ
3112 3746 3341 3811 Παύλου,
3372 3745 3509 3798 ἀλλὰ
3541 3745 3712 3798 καθό-

2130 3837 2222 3890 λου
2257 3839 2394 3908 πρὸς
2443 3839 2638 3904 πάντα,
2690 3839 2743 3892 id
2774 3849 2877 3903 est,
2896 3839 3182 3892 Catholica:
3204 3839 3359 3892 dicta:
3390 3848 3535 3901 sunt,
3568 3837 3711 3907 quod

2133 3932 2327 3983 nonad
2368 3947 2526 3983 unant
2562 3932 2774 3999 scripta:
2811 3940 2934 3983 sunt
2967 3940 3189 4000 gentem,
3215 3941 3269 3983 ut
3300 3928 3459 3982 Pauli
3490 3928 3713 3997 Episto—

2132 4021 2219 4084 lw,
2246 4021 2335 4073 sed
2360 4022 2669 4089 generaliter
2691 4021 2759 4073 ad
2783 4037 2979 4074 omnes.

2005 4332 2197 4419 ΙΙΙ.

450 4485 731 4563 (ἶεδειουε
784 4493 1129 4569 VOSSlUS,
1172 4498 1465 4587 Praifatio
1516 4502 1593 4587 ad
1644 4502 1999 4587 _Epistolam
2064 4506 2123 4587 _S.
2192 4507 2513 4579 Barnabas,
2550 4508 3009 4572 Amstelodami
3057 4526 3227 4569 anno
3262 4508 3413 4569 16M}
3441 4510 3525 4570 ab
3556 4508 3707 4586 ipso

1183 4579 1418 4639 editam
1455 4582 1533 4643 ad
1564 4579 1802 4643 calcem
1837 4584 2267 4661 Epistolarum
2301 4588 2363 4647 S.
2400 4588 2631 4665 lgnatii
2664 4586 3011 4668 martyris.)

520 4752 741 4822 Aliquot
777 4754 889 4822 jam
923 4767 1053 4809 sunt
1094 4757 1221 4810 anni
1252 4761 1395 4825 quod
1423 4757 1561 4809 hanc
1588 4754 1849 4811 Barnabas
1893 4756 2019 4827 Epi-
2053 4760 2094 4815 D
2126 4759 2496 4827 maximopere
2539 4759 2758 4829 gavisus
2810 4775 2952 4825 sum,
2990 4760 3041 4812 in
3076 4758 3194 4811 illas
3226 4772 3419 4810 manus
3452 4755 3705 4809 incidere

452 4846 668 4914 stolam,
714 4864 879 4917 quam
924 4851 994 4904 ab
1038 4850 1452 4919 incomparabili
1494 4848 1763 4905 Salmasio
1799 4866 2021 4921 accepe-

449 4950 587 4999 ram,
619 4938 673 4990 in
704 4939 876 4992 lucem
907 4942 1151 4995 emittere
1183 4941 1547 4994 decreveram.
1584 4940 1686 4995 Sed
1712 4941 1811 4994 iter
1837 4959 2016 4996 meum

449 5029 682 5095 obstitit,
731 5031 1028 5098 quominus
1075 5032 1383 5087 institutum
1428 5032 1562 5087 illud
1597 5042 1709 5087 tum
1757 5037 2017 5103 temporis

449 5117 705 5188 perﬁcere
752 5120 987 5175 licuerit.
1029 5121 1167 5177 Dum
1204 5140 1333 5180 vero
1378 5124 1627 5194 Angliam
1668 5126 1862 5193 lustro,
1910 5128 2013 5180 alia

446 5226 569 5266 sese
595 5211 792 5266 obtulit
823 5216 1039 5269 occasio
1067 5259 1080 5281 ,
1114 5233 1219 5286 qua
1255 5220 1517 5287 scriptum
1550 5219 1703 5284 illud,
1730 5221 1877 5287 quod
1900 5221 2013 5287 jam

443 5301 538 5355 diu
586 5302 762 5357 lucem
810 5307 1138 5374 merebatur,
1190 5310 1404 5363 tandem
1446 5310 1739 5378 aliquando
1764 5312 2012 5380 divulga-

444 5402 613 5446 retur.
659 5394 892 5450 Parabat
924 5406 1036 5452 tum
1075 5416 1275 5455 novam
1319 5403 1509 5472 Ignatii
1538 5404 1827 5457 editionem
1862 5418 2013 5457 reve-

443 5483 805 5539 reudissimus
846 5484 1118 5543 Hibernia:
1155 5491 1381 5558 primas,
1424 5490 1675 5547 Usserius
1722 5492 2014 5547 Armacha-

443 5587 571 5625 nus.
615 5572 695 5626 Illi
737 5575 918 5645 itaque
951 5580 1243 5645 postulanti
1276 5591 1330 5635 et
1371 5581 1615 5637 oﬁ‘crenti
1646 5592 1704 5636 ut
1745 5599 1851 5636 una
1884 5599 2007 5637 cum

442 5659 737 5730 lgnatianis
782 5668 897 5722 haec
936 5685 1155 5739 quoque
1198 5671 1460 5728 Barnabas
1495 5676 1851 5729 excuderetur
1895 5676 2008 5744 epi-

447 5756 605 5821 stola,
655 5774 763 5813 non
814 5769 1022 5816 tantum
1051 5762 1282 5818 libenter
1328 5764 1383 5821 id
1423 5767 1690 5836 concessi,
1727 5769 1817 5822 sed
1843 5768 2004 5821 etiam

2126 4846 2566 4916 antiquissimum
2615 4849 2759 4903 istud
2796 4857 3231 4913 monumentum,
3282 4862 3328 4901 a.
3361 4848 3567 4917 quibus
3598 4849 3704 4899 im-

2126 4955 2371 4993 mensum
2424 4951 2687 5008 quantum
2735 4941 3039 5010 splendoris
3086 4939 3322 4994 mutuari
3350 4940 3453 4994 sibi
3486 4952 3701 5008 posset.

2122 5031 2187 5086 Et
2212 5034 2319 5087 nisi
2352 5035 2543 5103 ingens
2573 5035 2749 5089 isthoc
2770 5035 3101 5098 incendium,
3129 5033 3274 5102 quod
3298 5046 3405 5085 non
3434 5033 3699 5103 exiguam

2122 5137 2330 5195 partem
2383 5128 2534 5182 urbis
2561 5126 2907 5197 ,Oxoniensis
2951 5126 3201 5191 vastavit,
3244 5123 3429 5179 omnia
3466 5141 3702 5195 quoque

2118 5219 2447 5286 exemplaria
2470 5219 2885 5288 absumpsisset,
2911 5218 3329 5288 pulcherrimam
3354 5216 3478 5285 ejus
3500 5226 3698 5270 aucto-

2118 5310 2194 5363 ris
2241 5310 2536 5364 editionem
2580 5310 2788 5380 jamdiu
2842 5311 3242 5380 habuissemus.
3291 5307 3411 5363 Non
3462 5308 3696 5362 defuere

2115 5408 2292 5455 tamen
2337 5401 2392 5454 in
2435 5379 2605 5455 Gallia
2644 5401 2743 5455 viri
2770 5401 2936 5463 docti,
2967 5401 3059 5470 qui
3090 5379 3368 5468 indignum
3396 5400 3691 5468 putabant,

2113 5491 2379 5559 scriptum
2418 5490 2525 5547 hoc
2567 5491 2773 5546 diutius
2823 5491 2879 5544 in
2927 5491 3162 5545 tenebris
3213 5491 3449 5544 latitare.
3489 5489 3688 5558 Itaque

2113 5597 2285 5650 nuper
2335 5582 2490 5653 Hugo
2528 5581 2852 5649 Menardus,
2906 5584 3208 5637 monachus
3252 5582 3464 5635 ordinis
3498 5580 3691 5635 Sancti

2114 5672 2308 5740 Mauri,
2358 5690 2555 5728 novam
2613 5675 2771 5730 nobis
2831 5674 3125 5729 editionem
3181 5674 3489 5728 adornavit.
3541 5674 3689 5741 Quin

2112 5768 2404 5837 plurimum
2433 5768 2536 5825 hoc
2562 5770 2781 5827 nomine
2803 5770 3033 5825 meritus
3061 5767 3130 5825 sit
3152 5768 3217 5824 de
3248 5767 3494 5838 publico,
3524 5782 3689 5823 nemo
