3818 6216
159 350 278 406 665
1545 328 1630 383 PR
1639 323 2080 382 OLEGOMENA.
3217 305 3220 309 ’
3329 299 3438 356 663

156 476 275 530 est,
324 461 417 530 qui
458 458 671 514 inficias
718 455 896 510 iverit.
935 456 1064 510 Plus
1109 463 1292 509 tamen
1334 452 1650 512 meruisset,
1704 449 1750 501 si
1783 455 1824 508 Α
1859 447 1911 498 in
1957 444 2066 500 hoc
2098 439 2502 512 reprehendere
2526 435 2672 506 quod
2697 434 2751 487 in
2791 423 2964 485 altero
3001 433 3288 482 excusant.
3321 423 3436 476 No-

160 556 494 626 contigisset
527 551 603 605 illi
646 550 804 619 plura
833 550 1020 604 videre
1051 544 1406 616 exemplaria.
1439 541 1578 596 Cum
1607 539 1751 593 enim
1852 548 1967 593 tum
2015 546 2096 592 est
2143 536 2386 598 cuilibet,
2419 547 2584 602 quam
2619 528 2851 584 nimium
2871 513 3120 595 "mystice
3158 528 3212 574 et
3248 532 3442 587 super-

161 591 494 626 ιυιηιδιυσυ.
646 591 804 619 μυ...
845 591 1020 604 ..νων
1052 591 1406 616 ν..ν.-.,,.-..--
1449 591 1578 596 ηπ-
1617 591 1629 593 -
1858 591 1868 593 _
2153 591 2166 592 ,
2377 591 2384 598 ,
2436 591 2452 602 _
2952 591 2964 595 _

161 660 287 706 tota
324 649 413 702 illa
445 646 612 700 editio
635 660 700 698 ex
723 659 834 697 uno
858 641 1202 712 promanarit
1228 638 1434 702 codice,
1456 634 1573 689 tieri
1601 632 1755 686 aliter
1853 631 2065 685 stitiose
2113 632 2272 699 (pene
2323 627 2490 680 etiam
2540 623 2744 692 inepte)
2793 618 2958 689 primi
3011 615 3089 669 illi
3137 591 3441 668 Christiani

163 759 286 797 non
342 739 516 810 potuit
563 737 696 806 quin
745 731 1249 788 inemendatissima
1301 728 1562 798 prodiret.
1602 722 1755 788 Mihi,
1857 723 2172 793 Scripturas
2208 735 2398 776 sacras
2445 718 2556 772 sint
2599 710 2963 782 interpretati.
3011 707 3070 761 Si
3099 706 3287 773 itaque
3311 701 3443 755 etin

162 837 303 890 licet
353 849 460 887 non
489 845 665 900 usque
696 827 833 882 adeo
863 826 1082 880 fortuna
1129 793 1345 886 faverit,
1378 827 1438 873 ut
1463 818 1756 888 quisquam

1899 833 1962 872 oc
2009 824 2235 870 auctore
2278 812 2527 882 quaedam
2561 814 2859 861 occurrant
2902 817 3024 872 quae
3052 796 3286 855 eruditis
3329 793 3447 848 dis-

167 927 426 982 invidere
457 924 671 987 debeat,
717 937 781 976 ea
814 929 993 973 tamen
1025 918 1252 986 contigit
1298 913 1549 972 felicitas,
1583 919 1642 964 ut
1671 908 1762 961 tri-
1857 910 2112 980 pliccant,
2156 904 2396 959 dandum
2425 902 2477 956 id
2507 899 2690 969 potius
2728 896 2977 951 moribus
3007 902 3254 947 veterum
3284 886 3446 942 Chri-

165 1025 280 1078 bus
311 1023 364 1076 in
386 1021 493 1074 hoc
521 1016 844 1088 corrigendo
869 1030 1002 1069 usus
1036 1014 1140 1067 sim
1174 1027 1309 1066 mss.
1353 1009 1598 1063 Primum
1628 1005 1761 1058 mihi

171 1112 472 1168 Florentiae
502 1107 874 1178 suppeditavit
907 1104 1233 1160 bibliotheca
1273 1101 1541 1166 Medicea,
1593 1097 1764 1150 altera

175 1210 293 1264 duo
320 1204 647 1260 bibliotheca
686 1199 949 1255 Vaticana
992 1206 1046 1251 et
1073 1194 1493 1257 Theatinorum,
1529 1189 1620 1259 qui
1652 1187 1765 1241 Ro-

176 1319 288 1357 mae
329 1307 517 1370 agunt.
546 1298 766 1350 Illorum
797 1308 956 1348 usum
991 1299 1272 1358 acceptum
1301 1287 1414 1340 fero
1444 1285 1606 1337 Luca:
1637 1280 1768 1334 Hol-

178 1395 381 1458 stenio,
424 1392 539 1445 viro
570 1403 788 1444 summo
832 1395 887 1440 et
928 1398 1209 1453 nunquam
1256 1395 1363 1433 non
1398 1375 1539 1430 infra
1573 1373 1764 1428 merita

181 1503 286 1543 sua
314 1483 607 1539 laudando.
640 1479 781 1546 Quid
813 1482 997 1545 itaque
1029 1489 1132 1543 ope
1181 1474 1411 1528 istorum
1463 1468 1625 1522 trium
1676 1479 1768 1518 co-

184 1578 369 1632 dicum
397 1575 697 1644 priestitum
741 1571 835 1633 sit,
868 1568 1074 1624 videbit
1106 1568 1172 1631 is,
1201 1564 1293 1633 qui
1319 1576 1497 1631 operm
1524 1557 1761 1628 pretium

186 1669 426 1732 duxerit,
476 1665 770 1720 editionem
821 1662 964 1716 hanc
1009 1675 1133 1714 cum
1188 1657 1384 1719 altera,
1431 1665 1596 1721 quam
1635 1647 1770 1711 dixi,

186 1762 552 1817 committere.
1207 1812 1222 1827 .

258 1851 458 1906 Nescio
501 1857 683 1903 autem
709 1863 810 1903 cur
837 1845 1058 1916 quidam
1094 1840 1298 1911 opinati
1332 1839 1446 1893 sint
1475 1837 1618 1890 hanc
1637 1833 1769 1902 Epi-

185 1945 390 2000 stolam
429 1957 541 1996 non
573 1956 697 1996 esse
727 1938 1013 2003 Barnaba,
1044 1949 1166 1989 cum
1194 1944 1373 1986 tamen
1408 1937 1462 1984 et
1495 1927 1769 1988 Clemens,

185 2048 242 2094 et
276 2035 565 2107 Origenes,
595 2040 651 2086 et
681 2032 795 2094 alii,
831 2031 978 2084 illam
1012 2029 1060 2082 ei
1095 2026 1360 2080 tribuant.
1388 2020 1593 2076 Olfensi
1622 2027 1771 2081 sunt,

188 2105 396 2193 credo,
418 2125 519 2179 viri
569 2123 736 2187 docti,
787 2119 932 2190 quod
983 2118 1069 2171 hic
1101 2115 1220 2169 loca
1252 2111 1500 2182 quaedam
1535 2107 1593 2162 S.
1626 2105 1776 2160 Scri-

190 2229 371 2290 ptura:
420 2218 581 2271 aliter
611 2215 975 2284 explicentur,
1002 2224 1167 2278 quam
1196 2203 1458 2274 explicari
1482 2199 1772 2255 debebant.

190 2308 526 2364 Persuaderi
560 2312 862 2377 nequeunt,
897 2302 977 2356 sic
1022 2299 1267 2369 potuisse
1317 2311 1379 2349 ea
1432 2293 1551 2362 capi
1601 2307 1630 2344 a
1661 2289 1778 2342 viro

196 2411 364 2458 tanta:
393 2399 738 2456 auctoritatis
758 2437 774 2464 ,
807 2395 964 2465 cujus
1000 2393 1159 2447 toties
1183 2389 1323 2444 sacri
1365 2387 1485 2440 libri
1513 2383 1778 2438 memine-

197 2499 333 2560 rint,
368 2494 571 2564 quique
621 2504 839 2558 semper
898 2485 1053 2540 Pauli
1109 2480 1343 2553 apostoli
1388 2492 1574 2532 comes
1618 2473 1782 2527 fuerit

201 2587 548 2650 individuus,
585 2592 636 2639 et
666 2584 781 2651 ipse
807 2594 1027 2650 quoque
1060 2592 1204 2630 unus
1231 2590 1261 2628 e
1290 2569 1599 2626 minoribus
1648 2581 1783 2635 apo-

201 2681 380 2738 stolis.
417 2677 521 2734 Sed
555 2677 680 2747 quis
713 2691 742 2729 a
786 2672 983 2743 primis
1037 2670 1144 2724 illis
1173 2663 1505 2720 Christianis
1537 2659 1784 2727 omnige-

202 2789 335 2828 nam
385 2769 671 2826 scientiam
701 2773 755 2820 et
799 2763 1106 2819 doctrinam
1137 2755 1476 2828 expostulet;
1507 2751 1633 2821 quis
1663 2749 1785 2804 illos

202 2881 315 2919 non
341 2877 496 2934 reque
533 2859 903 2913 hallucinatos
942 2852 1243 2912 existimet,
1285 2859 1449 2916 atque
1471 2858 1660 2899 eorum
1700 2856 1788 2893 ne-

202 2966 392 3027 potes;
427 2950 733 3021 praasertim
769 2949 823 3002 in
860 2947 1026 2999 rebus
1060 2941 1196 2997 nihil
1222 2941 1286 2994 ad
1317 2939 1476 2992 ﬁdem
1512 2933 1788 3005 pertinen-

205 3047 401 3103 tibus?
429 3042 687 3112 Nunquid
720 3049 775 3094 et
801 3040 856 3093 in
887 3036 1115 3107 epistola
1143 3031 1464 3092 Clementis,
1497 3041 1659 3096 quam
1689 3040 1787 3076 no-

203 3140 294 3194 bis
341 3137 489 3191 dedit
521 3135 605 3188 vir
635 3130 910 3185 maximus
938 3125 1211 3180 Patricius
1239 3120 1458 3184 Junius,
1502 3115 1796 3170 bibliothe-

206 3218 394 3287 Carius
426 3228 607 3297 regius
652 3225 762 3294 (cui
811 3238 912 3289 ego
954 3228 1166 3274 tantum
1208 3215 1400 3276 debeo,
1451 3223 1507 3263 ut
1539 3209 1693 3278 plura
1740 3205 1790 3258 ei

208 3324 410 3378 debere
477 3336 585 3373 non
646 3317 923 3388 possim),
991 3309 1192 3365 similia
1252 3301 1601 3360 occurrunt?
1657 3297 1792 3378 Quis

209 3415 358 3470 enim
387 3414 531 3467 bono
559 3412 744 3465 animo
773 3419 1130 3475 concoquere,
1145 3400 1317 3472 possit
1345 3397 1596 3452 fabellam
1622 3393 1793 3452 illam,

213 3522 384 3575 quam
436 3505 502 3559 dc
554 3502 808 3574 phoenice
852 3506 1060 3562 narrat,
1109 3495 1285 3563 deque
1344 3489 1594 3560 pluribus
1652 3485 1797 3538 ultra

215 3574 497 3652 Oceanum
530 3594 782 3648 mundis?
814 3589 929 3645 Non
956 3597 1088 3658 puto
1105 3585 1270 3640 etiam
1299 3592 1631 3651 quemquam
1661 3574 1800 3628 velle

217 3686 506 3742 admittere
528 3684 920 3753 expositionem
941 3682 1126 3741 istam,
1151 3684 1209 3729 ut
1233 3675 1458 3727 linteum
1483 3666 1800 3723 coccineum

219 3776 376 3830 Raab
415 3773 742 3839 meretricis,
790 3772 1008 3843 signum
1055 3765 1219 3821 fuerit
1259 3758 1545 3831 sanguinis
1573 3751 1803 3815 Christi,

219 3878 279 3922 et
311 3868 415 3920 alia
449 3866 694 3935 quaniam
737 3864 787 3917 id
840 3842 1034 3932 genus,
1075 3872 1196 3926 quae
1245 3869 1352 3907 non
1389 3857 1474 3904 est
1505 3846 1669 3914 hujus
1700 3842 1805 3894 loci

224 3957 457 4012 referre.
491 3956 652 4024 Atqui
680 3964 860 4008 tamen
893 3953 992 4005 iste
1017 3949 1292 4008 Cleu'icns,
1340 3942 1457 4012 pari
1486 3939 1611 4008 jure
1639 3944 1802 4002 atque

223 4049 536 4113 Barnabas,
582 4049 761 4102 dictus
789 4054 870 4100 est
902 4041 1203 4112 apostolus.
1243 4037 1360 4090 Non
1390 4033 1592 4088 debent
1620 4029 1808 4096 itaque

1861 979 2167 1056 manorum
2196 1013 2362 1067 quam
2393 1004 2452 1047 ut
2496 1000 2717 1063 putetur
2743 989 3007 1058 scriptum
3036 1000 3160 1041 esse
3183 979 3446 1050 supposi-

1861 1093 2072 1147 titium.
2118 1090 2221 1144 Sed
2276 1102 2454 1156 neque
2501 1085 2604 1138 hoc
2647 1095 2984 1152 quemquam
3015 1090 3235 1131 movere
3264 1072 3447 1137 debet,

1864 1183 2011 1255 quod
2046 1181 2318 1235 Eusebius
2351 1188 2405 1232 et
2428 1173 2601 1230 Graeci
2628 1171 2962 1242 posteriores
2991 1170 3133 1223 inter
3155 1164 3449 1232 ἀπόκρυφοι

1864 1273 2209 1343 reposuerint
2253 1270 2551 1340 Epistolam
2588 1265 2872 1320 Barnabas.
2908 1260 3026 1314 Non
3054 1258 3200 1313 enim
3237 1256 3342 1309 hoc
3382 1268 3449 1306 eo

1867 1361 2072 1416 factum
2117 1359 2266 1428 quod
2314 1358 2627 1412 dubitarent
2657 1355 2723 1408 de
2754 1360 3011 1414 auctore,
3045 1348 3137 1403 sed
3166 1345 3311 1415 quod
3341 1359 3448 1397 non

1867 1453 2164 1522 probarent
2187 1448 2450 1519 mysticas
2485 1447 2618 1499 istas
2643 1437 3124 1510 interpretationes
3152 1434 3452 1487 multorum

1871 1544 1929 1597 S.
1965 1543 2266 1612 Scriptura:
2302 1541 2573 1594 locorum.
2607 1534 2811 1588 Eadem
2843 1531 3054 1585 ratione
3079 1538 3132 1582 et
3158 1523 3454 1580 Clementis

1871 1632 2247 1697 Alexandrini,
2304 1640 2357 1685 et
2405 1629 2574 1683 multa
2629 1625 2883 1695 Origenis
2923 1637 3114 1692 Opera,
3152 1620 3294 1672 inter
3324 1631 3456 1686 apo-

1874 1727 2080 1797 crypha
2115 1724 2285 1777 relata
2330 1731 2479 1775 sunt.
2524 1718 2710 1788 Neque
2752 1726 2934 1770 tamen
2965 1725 3208 1781 unquam
3239 1708 3458 1763 dubita-

1876 1831 1991 1875 tum
2022 1818 2125 1871 fuit
2153 1815 2284 1886 quin
2317 1815 2554 1884 genuina
2599 1817 2785 1864 essent
2812 1808 2911 1875 illa
2933 1819 3122 1874 opera.
3171 1800 3239 1854 Et
3273 1810 3454 1854 certe:

1876 1912 1922 1964 si
1979 1909 2165 1963 omnia
2206 1921 2326 1976 qua:
2380 1901 2675 1972 aliquando
2723 1900 2862 1952 inter
2914 1893 3227 1965 apocrypha
3275 1888 3460 1943 habita

1880 2001 1989 2055 sint
2029 1998 2256 2068 rejicere
2316 1994 2570 2058 velimus,
2620 1987 2920 2060 rejicienda
2955 1999 3175 2054 quoque
3213 1989 3358 2035 esset
3396 1978 3458 2033 D.

1877 2093 2033 2148 Pauli
2059 2091 2125 2144 ad
2156 2089 2413 2142 llebrzeos
2438 2083 2704 2153 Epistola,
2736 2082 2862 2134 item
2893 2077 3045 2132 Judae
3076 2073 3305 2144 apostoli
3338 2071 3466 2140 Epi-

1880 2181 2039 2244 stola,
2087 2186 2140 2232 et
2171 2177 2260 2229 illa
2293 2171 2592 2227 Clementis
2630 2171 2696 2223 ad
2729 2167 3066 2222 Corinthios.
3099 2162 3256 2228 Quod
3299 2174 3463 2230 quam

1879 2270 2180 2329 absurdum
2208 2269 2300 2328 sit,
2333 2266 2458 2336 quis
2491 2275 2575 2317 est
2597 2262 2692 2331 qui
2724 2275 2832 2314 non
2873 2259 3074 2311 videat.

1953 2360 2055 2413 Alii
2087 2375 2152 2412 ex
2181 2357 2320 2427 stylo
2345 2363 2398 2409 et
2431 2350 2749 2422 scriptionis
2783 2362 2980 2418 genere
3013 2346 3302 2407 dixerunt,
3347 2355 3469 2395 sese

1883 2449 2289 2521 deprehendere
2310 2445 2594 2516 epistolam
2621 2443 2762 2495 hanc
2785 2454 2907 2493 esse
2931 2437 3194 2506 spuriam.
3221 2433 3294 2487 De
3316 2431 3470 2502 lgna—

1885 2548 1942 2599 tii
1960 2543 2205 2615 epistolis
2235 2541 2374 2594 idem
2394 2530 2883 2592 allirmabant.Sed
2914 2529 3140 2582 nimium
3167 2541 3300 2581 sane
3327 2530 3472 2582 acuti

1885 2634 2304 2700 voluntvideri,
2333 2631 2428 2702 qui
2469 2630 2596 2684 talia
2631 2627 2860 2696 jactant.
2908 2621 3028 2675 Non
3076 2621 3149 2673 ita
3192 2617 3353 2672 facile
3391 2625 3476 2669 est

1889 2731 2074 2802 spuria
2111 2730 2312 2797 scripta
2338 2741 2368 2779 a
2403 2720 2656 2795 genuinis
2679 2718 3016 2785 distinguere
3036 2753 3051 2777 ,
3081 2727 3244 2782 quam
3279 2711 3350 2764 sit
3377 2723 3475 2762 na-

1890 2826 2030 2879 tivas
2060 2834 2304 2890 gemmas
2335 2817 2660 2883 dignoscere
2687 2811 2755 2863 ab
2777 2805 3125 2862 adulterinis.
3156 2802 3295 2856 Cum
3328 2799 3474 2854 enim

1890 2916 2004 2970 veri
2036 2912 2204 2982 lapilli
2231 2925 2354 2962 cum
2386 2904 2594 2960 lietitiis
2620 2901 3042 2956 committuntur
3065 2903 3118 2948 et
3147 2907 3477 2961 comparan-

1893 3019 2002 3070 tur,
2038 3014 2151 3057 tum
2189 3010 2248 3054 ut
2281 2998 2577 3069 plurimum
2621 2993 2781 3046 fucus
2814 2997 3039 3059 apparet
3078 3009 3088 3041 :
3123 2986 3199 3039 ita
3239 2998 3479 3054 purpura

1822 3115 1867 3174 ο
1898 3098 1964 3151 ad
1995 3108 2291 3166 purpuram
2335 3087 2692 3159 dijudicatur,
2739 3083 2813 3135 ita
2851 3089 2906 3134 et
2947 3081 3001 3134 in
3037 3077 3161 3132 aliis
3205 3074 3482 3130 mercibus

1898 3191 1974 3244 ﬁt.
2008 3189 2111 3242 Sed
2151 3185 2278 3255 quid
2311 3193 2428 3245 est,
2468 3179 2609 3255 unde
2642 3176 2768 3240 isti,
2797 3173 2890 3243 qui
2942 3178 3178 3240 negant,
3224 3167 3485 3236 epistolas

1902 3286 2002 3339 has
2024 3295 2145 3336 esse
2184 3275 2475 3336 Barnahat,
2510 3247 2580 3324 et,
2608 3266 2836 3336 lgnatii,
2883 3264 3063 3317 isthoc
3101 3260 3354 3327 colligere
3386 3274 3486 3326 po-

1904 3375 2107 3432 tuerint
2132 3367 2429 3438 ?Nunquid
2464 3364 2570 3417 alia
2597 3374 2788 3415 eorum
2823 3355 3026 3422 scripta
3051 3350 3339 3405 viderunt?
3366 3346 3486 3401 Non

1905 3478 2072 3524 certe.
2098 3462 2254 3518 Unde
2281 3437 2412 3528 ergo
2448 3456 2515 3509 iis
2562 3448 2837 3512 innotuit,
2889 3460 2999 3514 quo
3041 3442 3182 3513 stylo
3238 3439 3325 3494 usi
3376 3437 3491 3492 sint

1907 3558 2186 3612 Barnabas
2247 3560 2299 3606 et
2332 3545 2611 3619 lgnalius?
2664 3541 2733 3594 At
2775 3539 3032 3607 inquiunt
3059 3535 3147 3588 isti
3190 3546 3310 3586 sese
3340 3529 3491 3584 nihi-

1909 3649 2151 3705 lominus
2195 3644 2336 3700 scire
2374 3655 2502 3693 vera
2533 3650 2688 3700 esse,
2728 3647 2851 3700 quae
2877 3628 3134 3684 sentiant.
3169 3624 3226 3678 Si
3260 3625 3332 3677 ita
3374 3629 3488 3684 est,

1901 3744 2018 3813 jam
2048 3739 2275 3793 verbum
2311 3749 2419 3787 non
2467 3729 2685 3783 addam.
2723 3723 3052 3792 Pergamus,
3081 3726 3135 3771 et
3169 3716 3490 3779 videamus,

1908 3803 2105 3903 ecquid
2131 3841 2310 3899 Operae
2334 3823 2566 3894 pretium
2597 3817 2759 3872 fuerit
2790 3817 2854 3870 ad
2889 3815 3031 3867 hanc
3063 3809 3361 3879 Epistolam
3393 3803 3497 3860 ad-

1914 3936 2155 3982 notasse.

221 4147 3473 4222 _______________________._______.____————

1765 4261 1930 4349 IV.

995 4461 1108 4540 (Ex
1143 4455 1518 4537 prail'atione
1558 4441 1881 4511 Editionis
1914 4429 2314 4501 Oxoniensis
2344 4424 2494 4488 anni
2532 4413 2738 4491 1680),

307 4611 440 4665 Cum
464 4611 519 4664 in
544 4611 773 4665 editione
806 4607 1137 4678 Scriptorum
1169 4617 1399 4660 veterum
1429 4598 1816 4656 ecclesiastico-
1849 4596 1892 4649 D
1924 4585 2083 4642 llteal.
2113 4583 2318 4646 doctor,

232 4723 355 4758 rum
383 4721 634 4769 versarer,
674 4703 945 4772 prwterire
974 4718 1077 4754 non
1106 4700 1258 4754 licuit
1294 4696 1352 4751 S.
1391 4691 1656 4748 Barnabas
1687 4688 1818 4758 Epi-

229 4798 462 4863 stolam,
505 4799 768 4866 primwva’
801 4795 1173 4864 antiquitatis,
1213 4790 1511 4861 argumenti
1555 4786 1732 4851 sacri,
1767 4789 1816 4836 et

233 4892 471 4946 auctoris
506 4888 664 4959 (quod
699 4887 936 4958 prtvfert)
978 4888 1186 4940 nomine
1223 4884 1422 4953 pariter
1451 4879 1626 4941 sacri,
1666 4893 1814 4930 cont-

231 4984 712 5038 mendatissimam.
742 4980 872 5034 Haec
907 4989 1187 5049 pOstquam
1224 4993 1314 5045 per
1355 4974 1589 5043 plurima
1619 4967 1816 5023 swcula

234 5075 294 5126 in
327 5071 762 5124 bibliothecarum
799 5067 989 5137 pluteis
1034 5067 1360 5127 delituissct,
1396 5059 1813 5116 revercndissimi

239 5160 476 5223 Usserii,
534 5161 858 5214 Arntachani
898 5159 1178 5227 primatis,
1231 5156 1410 5210 studio
1465 5163 1512 5206 et
1562 5150 1817 5220 auspiciis

234 5253 386 5322 prelo
418 5251 512 5303 hoc
545 5252 600 5303 in
630 5251 744 5303 loco
781 5248 1163 5317 subjiciebatur
1192 5263 1283 5299 an.
1330 5243 1490 5297 1645.
1532 5239 1635 5295 Sed
1671 5240 1814 5293 urbis

240 5341 468 5399 Omnia:
508 5348 655 5410 parte
697 5355 891 5408 magna
918 5337 1064 5407 gravi
1093 5335 1334 5389 incendio
1365 5342 1603 5400 correpta
1623 5372 1636 5395 ,
1669 5342 1818 5400 typo-

238 5432 528 5504 grapheum
547 5474 561 5497 ,
600 5447 717 5484 cum
753 5440 863 5483 tota
892 5426 1245 5497 supellectile,
1277 5425 1482 5478 schedis
1511 5424 1780 5491 impressis
1803 5459 1818 5480 .

239 5540 292 5580 et
330 5525 617 5594 cxenzplari
644 5525 757 5592 ipso
779 5564 792 5586 ,
823 5522 1190 5590 conﬂagravit,
1230 5519 1310 5571 ita
1351 5527 1406 5570 ut
1445 5532 1509 5568 ea:
1535 5513 1684 5567 clade
1720 5513 1824 5564 ista

244 5616 382 5672 nihil
412 5624 734 5683 superesset,
765 5622 956 5681 pra’ter
984 5612 1208 5680 paginas
1248 5606 1562 5668 nonnullas,
1591 5620 1707 5674 qua:
1737 5619 1824 5670 pe-

247 5728 339 5766 nes
370 5719 746 5773 correctorem,
779 5715 1034 5775 quantum
1067 5702 1322 5770 conjicere
1351 5701 1532 5761 datur,
1572 5699 1781 5765 fuerant
1808 5711 1823 5756 ;

251 5817 482 5875 quasque
525 5800 603 5853 vir
640 5798 1028 5852 eruditissimus
1065 5793 1351 5849 Eduard»
1381 5791 1685 5846 Bernartius
1724 5788 1822 5844 SS.

2346 4587 2396 4632 et
2414 4573 2754 4629 astronomia:
2789 4565 3056 4637 professor
3083 4555 3385 4613 Savilianus
3405 4552 3520 4604 red—

1923 4686 2088 4746 emit,
2161 4677 2389 4744 mihique
2422 4671 2636 4739 benigne
2679 4657 3104 4718 communicavit.
3154 4649 3322 4704 Paulo
3353 4656 3468 4718 post
3491 4688 3506 4712 ,

1919 4793 2097 4846 nempe
2122 4789 2259 4828 anno
2288 4769 2460 4830 1645,
2491 4781 2620 4834 opus
2652 4761 2715 4814 ab
2747 4759 2969 4827 Hugone
3001 4749 3256 4805 Menardo
3278 4788 3292 4812 ,
3322 4759 3509 4797 mona-

1927 4833 2470 4934 cho'congregationis
2590 4851 2798 4915 Mauri,
2831 4839 3262 4900 adnotationibus
3285 4833 3512 4889 eruditis

1915 4961 2280 5019 illustratum,
2301 4969 2430 5007 cura
2452 4947 2740 5017 confratris
2765 4941 2921 4995 Lucra
2946 4934 3192 4991 Dachcrii
3213 4976 3227 4999 ,
3257 4926 3512 4988 Menardo

1923 5061 2092 5106 morte
2135 5054 2425 5118 prwrepto,
2482 5043 2537 5094 in
2581 5039 2751 5091 lucem
2798 5031 3028 5086 Parisiis
3070 5025 3290 5097 prodiit.
3342 5018 3512 5072 Porro

1923 5160 2012 5197 an.
2049 5139 2185 5194 1646
2209 5133 2607 5191 illustrissimus
2635 5128 2699 5180 Ι).
2739 5124 2963 5179 Isauras
3001 5119 3214 5172 Vossius
3237 5157 3252 5180 ,
3277 5111 3515 5166 luculen-

1925 5236 2146 5290 tissinue
2184 5232 2296 5301 ejus
2330 5223 2698 5297 Epistolarum
2738 5216 2795 5272 S.
2831 5213 3034 5286 Iguatii
3063 5209 3284 5265 editioni
3317 5205 3516 5274 episton

1925 5329 2034 5381 lam
2061 5328 2195 5378 hanc
2219 5318 2503 5390 adjunxit;
2530 5325 2577 5368 et
2605 5319 2754 5364 notas
2777 5350 2790 5370 ,
2819 5304 2992 5361 breves
3015 5302 3254 5373 quidem,
3279 5297 3368 5352 sed
3394 5310 3516 5348 eru-

1925 5420 2067 5473 ditas
2095 5383 2323 5467 additi-ii.
2345 5409 2564 5462 Demum
2584 5419 2672 5456 an.
2692 5394 3004 5453 -167210an.
3035 5383 3511 5455 Bapt.Cotelerius,

1926 5510 2204 5568 Societatis
2229 5503 2530 5561 Sorbonica:
2555 5497 2824 5565 theologus
2844 5534 2858 5557 ,
2897 5487 3237 5544 Bibliotheca
3266 5495 3375 5534 sua:
3411 5474 3511 5530 SS.

1932 5603 2159 5656 Patrum
2189 5598 2279 5669 qui
2314 5593 2636 5664 temporibus
2670 5584 2979 5658 apostolicis
3012 5581 3306 5650 ﬂoruerunt
3327 5611 3342 5637 ,
3382 5569 3515 5638 Epi-

1932 5696 2124 5750 stolam
2157 5693 2289 5745 hanc
2313 5687 2568 5753 inseruit,
2595 5682 2981 5748 versionemque
3005 5684 3190 5728 noram
3212 5661 3517 5729 adornavit,

1934 5797 2184 5852 notasque
2216 5780 2616 5838 laudatissima:
2641 5773 2902 5845 apposuit.
